4158 6500
207 462 344 528 1129

533 581 613 634 Ζ’.
669 579 1002 649 --“Ιωάν⁴›·ῃ
1039 582 1246 651 τέκνῳ.
1302 583 1504 656 [erant]

1401 472 1936 532 EPISTOLARUM
1975 473 2118 531 LIB.
2159 472 2242 531 Π.

3337 466 3469 529 1130

2367 581 2474 635 VII.
2507 610 2569 620 —
2594 580 2788 634 Jonnni
2815 581 2946 650 lilio.

1552 694 1831 755 Respondet
1863 694 1921 741 ad
1956 691 2179 754 quaesita.

277 801 539 871 Ἦδομαι,
591 799 780 853 τέκνον
823 799 917 851 καὶ
967 798 1184 870 ἀδελφὲ,
1218 802 1275 852 ὲν
1325 801 1442 862 ταῖς
1474 799 1788 856 ἐπιστολαῖς

1966 795 2237 860 Delector,
2272 794 2344 849 fili
2371 807 2434 848 ac
2461 791 2647 858 frater,
2674 792 2870 845 litteris
2921 791 3024 844 tuis
3049 809 3062 844 :
3087 791 3230 861 quod
3254 803 3309 847 et
3346 809 3467 846 con-

197 908 322 945 σουο
352 893 433 945 δτι
468 889 590 943 καθ’
620 890 813 960 είρμδν
849 889 1122 960 ἔρχονται,
1151 892 1252 949 καὶ
1272 890 1363 943 τὸν
1422 889 1519 959 τῆς
1555 887 1780 940 πολυλο-

194 986 333 1051 γίας
361 982 696 1052 ναυτιασμδν
720 981 1134 1036 ἀπαναίνονται.
1179 983 1290 1034 Καὶ
1322 980 1429 1051 γὰρ
1487 978 1781 1048 ἐπιστολῆς

192 1074 398 1144 ἀρετὴ,
430 1074 591 1136 εὐθὺς
616 1076 712 1144 τῆς
742 1073 1112 1143 προκειμένης
1149 1072 1455 1134 ὑποθέσεως
1485 1069 1778 1133 ἅπτεσθαι,

193 1167 298 1218 καὶ
327 1165 570 1218 τοσαῦτα
599 1165 779 1233 λέγειν
820 1165 955 1219 ἅττα
991 1165 1298 1231 ἐπάναγκες
1328 1179 1340 1192 ·
1366 1163 1502 1216 ἀλλὰ
1534 1163 1608 1233 μὴ
1656 1164 1778 1216 ἑπι-

192 1254 425 1307 κυκλεῐν
455 1254 520 1307 τὰ
551 1255 649 1324 οὐχ
677 1253 874 1316 οὕτως.
905 1249 1050 1308 Εἶεν.
1085 1253 1220 1323 Περὶ
1245 1248 1319 1305 ὦν
1348 1251 1642 1322 ἠρώτησας
1669 1294 1681 1316 ,
1716 1253 1776 1305 οὐ

191 1344 296 1396 τοῦ
349 1345 620 1415 παρόντος
652 1343 847 1415 καιροῦ
875 1345 943 1397 τὰ
968 1344 1148 1398 τοιάδε
1185 1344 1570 1412 φιλοπευστεῖν
1604 1361 1618 1376 ο
1652 1344 1777 1397 οῦτε

193 1438 518 1506 πρδςήμών
550 1436 806 1506 μυεῖσθαι
839 1452 919 1500 σε,
952 1429 996 1489 ὦ
1039 1436 1169 1489 καλὲ
1207 1438 1335 1489 παῖ⁹
1393 1436 1582 1507 ἐπειδὴ
1639 1435 1778 1506 μετὰ

192 1527 308 1578 τῶν
341 1525 516 1580 ἀλλων
541 1528 636 1579 καὶ
667 1527 914 1597 ἀμύητος
937 1527 1048 1595 ἐγὼ
1095 1528 1204 1580 τῶν
1257 1528 1616 1595 δυσεφίκτων.
1687 1528 1775 1590 Ὠς

191 1617 240 1669 δ’
299 1617 367 1670 ἀν
400 1619 475 1687 μὴ
536 1617 924 1687 παραλυπῆσαι
979 1620 1045 1689 τῇ
1107 1619 1357 1689 ἀφασίαο
1408 1621 1582 1672 ἐκεῖνο
1632 1618 1775 1686 λέγω

193 1709 330 1777 περὶ
362 1708 457 1761 τοῦ
489 1709 707 1778 πρώτου
725 1725 740 1739 ’
770 1710 850 1762 ὅτι
867 1709 1040 1772 οὐδείς
1057 1727 1143 1762 πω
1165 1709 1274 1762 τῶν
1297 1709 1472 1763 ἄλλων
1497 1710 1773 1780 Θεοφόρων

195 1798 464 1867 Πατέρων
500 1798 756 1853 ἐλεύκανε
795 1800 856 1853 τδ
890 1800 1184 1871 πρόϐλημα
1215 1800 1389 1862 οὕτως
1417 1801 1492 1865 ὡς
1545 1801 1573 1854 ό
1623 1803 1769 1855 Νυσ-

194 1890 328 1951 σεὺς
367 1890 688 1960 Γρηγόριος.
734 1891 1118 1962 Ἀρκεσθῶμεν
1149 1892 1244 1947 οῦν
1271 1896 1336 1964 τῇ
1369 1894 1465 1947 τοῦ
1522 1894 1772 1964 πνεύμα-

191 1996 288 2041 τος
317 1979 524 2051 θεωρία
555 1983 612 2034 ὲν
641 1982 927 2055 ἀνηγμένη
959 1982 1164 2054 Θεωρία
1192 1983 1356 2051 ἄγαν.
1395 1984 1469 2037 Τὸ
1497 1986 1605 2055 γὰρ
1667 1987 1768 2038 ἑπ-

198 2071 394 2124 ικεινα
424 2072 696 2143 Γαδείρων
721 2074 783 2128 οὐ
816 2074 1051 2144 περατόν
1082 2092 1095 2104 ο
1123 2078 1198 2138 ὡς
1230 2076 1259 2128 ό
1313 2076 1490 2144 λόγος.
1552 2079 1686 2147 Περὶ
1711 2077 1767 2131 δὲ

1894 889 2059 940 tinum
2097 886 2467 956 perferuntur,
2506 889 2562 936 et
2608 881 2932 951 multiloquii
2964 881 3240 936 fastidium
3276 884 3470 940 vitant.

1891 977 2014 1032 Hrec
2041 977 2187 1032 enim
2228 976 2472 1047 epistola:
2524 976 2641 1029 laus
2682 975 2898 1043 pr0pria
2947 982 3053 1037 est,
3083 980 3142 1026 ut
3197 975 3381 1029 statim
3442 993 3470 1029 a

1888 1071 2164 1140 proposito
2191 1079 2513 1141 argumento
2541 1070 2754 1123 initium
2788 1068 3005 1123 dicendi
3045 1067 3210 1121 faciat
3235 1107 3250 1129 .
3299 1084 3473 1138 eaque

1886 1160 2028 1215 dicat
2072 1176 2192 1230 quae
2225 1175 2447 1215 necesse
2477 1167 2562 1215 est
2604 1201 2618 1225 ,
2659 1175 2760 1215 nec
2817 1175 2878 1214 ea
2938 1161 3317 1228 revolvatquae
3359 1176 3470 1214 non

1886 1251 2325 1321 suntejusmodi.
2385 1251 2467 1306 Ad
2497 1251 2599 1304 alia
2655 1266 2817 1320 porro
2858 1265 3167 1321 pergamus.
3220 1251 3295 1304 De
3346 1252 3474 1320 qui-

1885 1343 1988 1397 bus
2021 1342 2388 1415 interrogasti,
2437 1358 2615 1412 neque
2685 1352 2769 1397 est.
2817 1342 2979 1411 hujus
3030 1343 3290 1412 temporis
3344 1343 3471 1396 talia

1882 1436 2167 1501 sciscitari,
2212 1451 2314 1491 nec
2350 1443 2659 1491 nostrarum
2705 1435 2904 1490 virium
2949 1435 3180 1489 edocere
3229 1444 3307 1500 te.
3337 1451 3473 1505 puer

1887 1527 2095 1596 Optime
2131 1545 2144 1580 :
2186 1527 2625 1597 quandoquidem
2675 1569 2690 1593 ,
2733 1535 2931 1596 praeter
2961 1526 3085 1591 alia,
3142 1527 3296 1581 rudis
3349 1543 3470 1581 sum

1881 1627 1937 1674 et
1964 1618 2248 1689 imperitus
2305 1619 2359 1673 in
2401 1618 2470 1674 iis
2516 1635 2638 1688 quae
2687 1627 2815 1673 sunt
2867 1627 3027 1686 captu
3066 1617 3325 1674 difficilia.
3389 1619 3471 1673 Ne

1880 1725 2010 1766 vero
2068 1710 2369 1764 molestiam
2428 1717 2611 1764 nostra
2650 1709 2746 1764 tibi
2777 1709 3120 1764 taciturnitas
3151 1710 3363 1774 afferat,
3400 1710 3469 1764 de

1879 1801 2058 1872 priore
2091 1803 2171 1857 sic
2199 1811 2416 1857 statuo:
2450 1818 2478 1856 a
2509 1803 2727 1857 nemine
2766 1811 3090 1856 cancrorum
3153 1803 3467 1857 divinorum

1879 1895 2102 1950 Patrum
2134 1895 2458 1949 illustratam
2501 1894 2643 1948 hanc
2677 1894 3036 1964 quaestionem
3084 1908 3205 1948 esse
3239 1895 3470 1964 perinde

1879 1999 2041 2059 atque
2069 2003 2098 2042 a
2141 1986 2403 2058 Gregorio
2433 1985 2696 2057 Nysseno.
2731 1984 2874 2040 Satis
2902 1985 3067 2056 igitur
3123 1985 3282 2040 nobis
3310 1985 3382 2039 sit
3409 2001 3470 2039 ea

1881 2083 2077 2153 spiritu
2117 2079 2514 2149 contemplari,
2558 2077 2827 2148 patefacta
2882 2075 3082 2146 oppido
3111 2075 3178 2130 ad
3218 2084 3470 2130 contem-

190 2161 289 2214 τοῦ
317 2162 573 2234 δευτέρου
591 2179 604 2193 ο
633 2163 686 2216 '0
707 2164 936 2219 συνιὼν
949 2165 1018 2218 ἐν
1035 2165 1114 2230 τῷ
1132 2165 1314 2235 καιρῷ
1327 2166 1535 2230 ἐκείνῳ
1555 2169 1778 2238 σιωπή·

1883 2151 2142 2243 piandum
2186 2173 2295 2226 via.
2329 2171 2461 2225 Nam
2488 2180 2608 2240 quae
2640 2168 2783 2222 ultra
2812 2167 3015 2229 Gades,
3057 2167 3334 2222 inaccessa
3361 2174 3470 2219 :-ut

191 2267 389 2306 σεται·
415 2252 505 2306 ὅτι
538 2254 740 2323 καιρὸς
775 2257 1036 2324 πονηρός
1073 2257 1246 2310 ἐστιν
1275 2272 1290 2288 ο
1363 2258 1425 2310 οὐ
1477 2258 1626 2312 δοκεῖ
1681 2271 1774 2330 μοι

191 2343 486 2412 καμπύλον
515 2345 609 2397 καὶ
640 2347 854 2398 σκολιὸν
881 2341 1041 2401 εἷναι.
1075 2347 1281 2419 Καιρδς
1314 2350 1422 2420 γὰρ
1450 2350 1547 2403 τοῦ
1595 2351 1777 2406 λαλεῖν

192 2435 346 2504 ἡμᾶς
383 2434 669 2505 διώρισται
701 2436 808 2489 ὑπὸ
843 2437 941 2506 τῆς
970 2437 1332 2492 οεοπνεύστου
1375 2441 1624 2513 Γραφῆς,
1683 2444 1778 2498 καὶ

192 2525 391 2594 καιρὸς
422 2525 653 2594 σιωπῆς,
679 2527 820 2579 κατά
852 2526 952 2598 τὴν
983 2527 1385 2586 ἐπιϐάλλουσαν
1405 2531 1618 2602 χρείαν,
1653 2551 1780 2587 σκο-

195 2616 451 2670 πούντων
478 2618 637 2689 ἡμῶν
665 2621 760 2672 καὶ
786 2621 1216 2691 οἱκονομούντων
1243 2624 1334 2678 τὸν
1348 2626 1506 2693 λόγον
1522 2627 1622 2698 τῆς
1642 2627 1776 2699 ἀληο

193 2708 375 2772 θείας.
435 2711 504 2762 Ἦ
550 2711 659 2782 γὰρ
687 2713 812 2783 οὐχὶ
845 2714 918 2786 μὴ
949 2713 1167 2786 βάλλειν
1196 2719 1310 2780 τοῖς
1338 2720 1466 2772 κυσὶ
1497 2722 1563 2773 τὰ
1623 2721 1777 2790 ἅγια,

198 2799 342 2868 μήτε
379 2799 592 2870 ῥίπτειν
619 2803 744 2865 τοὺς
774 2804 1122 2874 μαργαρίτας
1144 2806 1453 2876 ἔμπροσθεν
1501 2808 1610 2862 τῶν
1666 2809 1778 2879 χοί-

196 2907 312 2960 ρων
345 2893 840 2965 προστετάγμεθας
874 2897 1064 2968 Ἀθρει
1109 2900 1234 2963 τοὺς
1292 2900 1588 2973 θεοφόρους
1616 2919 1631 2934 ο
1685 2906 1782 2957 καὶ

195 2985 328 3046 τοὺς
354 2984 410 3037 δὲ
444 2985 723 3056 εὑρήσεις,
753 2991 829 3060 πῇ
859 2989 957 3059 μὲν
980 2991 1086 3044 ὑπὸ
1117 2993 1208 3045 τὸν
1240 2994 1421 3063 μόδιον
1445 2997 1542 3066 τῆς
1568 2997 1781 3068 σιωπῆς

193 3075 294 3126 τὸν
323 3076 482 3143 λόγον
512 3078 783 3144 τιθέντας.
818 3081 1018 3134 ὁπόταν
1057 3083 1373 3148 ἀλυσιτελὲς
1431 3087 1492 3140 τὸ
1553 3088 1732 3156 λέγειν
1764 3132 1778 3154 ,

199 3167 408 3235 μᾶλλον
429 3167 483 3220 δὲ
515 3170 607 3222 καὶ
634 3171 926 3242 ζημιῶδες.
961 3175 1041 3244 [lii
1075 3176 1152 3236 δὲ,
1184 3176 1276 3228 ἐπὶ
1307 3177 1406 3247 τῆς
1437 3177 1656 3249 λυχνίας
1688 3183 1784 3234 αὑ-

192 3259 290 3314 τὶν
317 3259 565 3324 ἀνιέντας
583 3260 740 3334 [Reg.
763 3265 887 3318 cod.
917 3265 1215 3340 ἀνιόνταςῙ,
1241 3271 1474 3340 ὁπηνίκα
1505 3270 1784 3341 εὖκαςιπος

195 3353 232 3422 ἡ
268 3351 447 3424 σπορά
500 3353 594 3408 καὶ
619 3355 680 3406 οὐ
707 3355 1008 3427 πετρώδης.
1044 3360 1295 3414 Τοσαῦτά
1326 3381 1416 3432 μοι
1447 3365 1785 3437 συνεώρατιι

1877 2277 1962 2321 est
1997 2266 2050 2320 in
2101 2263 2417 2336 proverbio.
2457 2261 2531 2317 De
2571 2261 2748 2315 altero
2788 2275 2923 2313 vero
2945 2259 3124 2328 capite
3156 2275 3169 2310 :
3225 2257 3466 2312 Prudens

1876 2361 1930 2412 in
1968 2369 2196 2427 tempore
2227 2356 2319 2410 illo
2349 2354 2559 2415 tacebit,
2599 2352 2725 2423 quia
2784 2359 2988 2419 tempus
3042 2349 3243 2402 malum
3270 2357 3346 2402 est
3377 2349 3421 2379 "
3448 2365 3464 2412 ;

1877 2468 1986 2506 non
2015 2449 2148 2506 mihi
2173 2448 2390 2502 videtur
2431 2454 2526 2500 aut
2551 2458 2715 2514 prave
2737 2442 2965 2506 dictum,
2987 2451 3082 2495 aut
3105 2448 3462 2511 pmposlere.

1877 2543 2118 2611 Tempus
2142 2537 2288 2594 enim
2329 2533 2582 2606 loquendi
2624 2531 2782 2586 nobis
2808 2547 2838 2586 a
2872 2529 3155 2600 Scriptura
3184 2527 3463 2583 divinitus

1880 2635 2142 2704 inspirata
2208 2629 2492 2686 definitum
2531 2635 2616 2682 est
2665 2625 2731 2689 “,
2771 2631 2828 2679 et
2886 2633 3109 2694 tempus
3138 2620 3374 2685 tacendi,
3409 2629 3468 2675 ut

1880 2724 2054 2797 poscit
2088 2737 2240 2787 usus,
2281 2719 2442 2775 nobis
2474 2715 2905 2788 explorantibus,
2933 2729 2997 2770 ac
3019 2712 3467 2785 dispensantibus

1881 2817 2104 2872 verbum
2150 2811 2414 2869 veritatis.
2446 2809 2644 2863 Annon
2672 2807 2816 2863 enim
2858 2821 2961 2861 nec
2997 2805 3128 2860 dare
3159 2813 3346 2858 sancta
3375 2818 3466 2857 ca-

1880 2911 2064 2972 nibus,
2105 2921 2208 2963 nec
2248 2905 2465 2960 mittere
2519 2900 2841 2972 margaritas
2888 2908 3015 2953 ante
3070 2912 3266 2967 porcos
3299 2895 3465 2966 jube-

1882 3018 2006 3058 mur
2042 2999 2129 3053 ὀἳ
2161 2997 2391 3054 Sanctos
2442 2995 2588 3053 viros
2615 2994 2829 3047 intuere
2855 3012 2868 3044 :
2898 2991 2994 3044 hos
3021 2988 3269 3059 profecto
3301 2987 3466 3043 intel-

1885 3092 2018 3163 liges
2069 3103 2216 3144 nunc
2269 3085 2487 3157 quidem
2542 3083 2643 3139 sub
2677 3081 2875 3137 silentii
2907 3080 3088 3135 modio
3151 3093 3464 3134 sermonem

1885 3197 2109 3256 ponere.
2161 3195 2284 3236 cum
2316 3177 2461 3248 loqui
2499 3189 2900 3246 supervacuum
2933 3181 3036 3237 est,
3090 3170 3202 3226 imo
3224 3179 3280 3224 et
3311 3170 3467 3226 dam-

1887 3290 2118 3330 nosum:
2153 3286 2300 3326 nunc
2360 3284 2499 3323 vero
2547 3282 2712 3336 super
2754 3264 3142 3319 candelabrum
3196 3263 3466 3322 attollere.

1888 3384 2012 3424 cum
2044 3381 2194 3437 spem
2227 3372 2523 3434 proventus
2562 3359 2823 3415 sementis
2854 3357 3038 3422 habet,
3074 3372 3176 3411 nec
3227 3356 3466 3425 lapidosa

195 3446 354 3541 ἑνᾹτῇ
389 3450 674 3518 προτάσει.
712 3449 1074 3523 Ἐξευρίσκων
1104 3455 1160 3508 δὲ
1195 3458 1344 3528 παρὰ
1376 3460 1602 3512 σεαυτοῦ
1629 3462 1660 3529 ἢ
1695 3465 1787 3515 καί

1891 3472 1997 3517 est.
2035 3458 2161 3513 Hazc
2201 3465 2330 3512 sunt
2354 3471 2474 3525 qua:
2506 3455 2560 3508 in
2599 3451 2881 3524 proposita
2913 3449 3214 3520 quaestione
3255 3449 3470 3503 animus

197 3536 292 3604 ὑφ’
320 3537 525 3607 ἑτέρων
540 3540 606 3593 τὰ
620 3540 984 3612 δοκιμώτερα·
1014 3545 1089 3616 μὴ
1107 3547 1432 3617 φθονήσειας
1453 3553 1775 3620 μεταδοῦναι

198 3627 328 3694 ἐμοὶ
357 3629 434 3699 τῷ
464 3629 541 3700 σῷ
559 3630 727 3704 πατρὶ
763 3634 858 3687 καὶ
887 3635 1121 3707 ἀδελφῷ,
1155 3639 1326 3693 ἐνδεεῖ
1353 3643 1462 3696 τῶν
1496 3649 1787 3717 νοημάτων

200 3719 533 3790 ὑπάρχοντι.
577 3723 852 3794 Ἐρῤωσο,
908 3726 1139 3782 πλεῖστά
1201 3748 1294 3801 μοι
1328 3738 1787 3808 προσευχόμενος.

202 3998 287 4053 H'.
314 4031 384 4042 —-
407 4003 704 4073 Θεόδωρος
727 4007 952 4077 πάσαις
1001 4013 1130 4081 ταῖς
1182 4017 1593 4089 ἀδελφότησιν
1647 4025 1778 4091 ἤτοι

273 4091 594 4161 συγοδίαις
646 4097 778 4164 ταῖς
834 4105 1149 4172 πανταχοῦ
1195 4107 1293 4162 διὰ
1351 4113 1608 4180 Χριστὸν
1662 4115 1779 4169 διε·

273 4189 674 4257 σπαρμένοις.
713 4191 834 4244 σὺν
854 4194 978 4261 τοῖς
1001 4197 1071 4249 ὲν
1108 4204 1412 4270 φυλακαῖς
1455 4223 1517 4259 τε
1549 4207 1645 4260 καὶ
1679 4208 1776 4272 ἐξ·

273 4278 465 4346 ορίαις
492 4282 934 4353 κρατουμένοις,
955 4288 1023 4341 ἐν
1043 4293 1238 4360 Κυρίῳ
1252 4296 1502 4365 χαίρειν.
1533 4297 1682 4371 [ρν’.]

1885 3558 2144 3610 intuetur.
2179 3546 2234 3601 Si
2269 3541 2352 3599 vel
2385 3559 2481 3614 per
2514 3542 2728 3612 teipse,
2759 3539 2843 3594 vel
2897 3539 3127 3594 aliorum
3173 3553 3277 3608 ope
3321 3553 3470 3593 com-

1890 3640 2094 3714 pereris
2120 3652 2241 3708 qua:
2267 3633 2438 3704 magis
2469 3630 2787 3699 probentur,
2817 3628 2900 3683 fac
2940 3643 3027 3682 me
3058 3628 3376 3699 participem
3402 3628 3471 3680 li-

1888 3733 2044 3794 bens,
2091 3736 2298 3797 patrem
2355 3719 2627 3783 videlicet,
2660 3719 2992 3787 fratremque
3035 3725 3225 3781 tuum,
3257 3717 3468 3771 consilii

1888 3823 1940 3874 in
1989 3817 2182 3888 primis
2241 3821 2520 3886 egentem.
2568 3809 2720 3875 Vale,
2774 3825 2841 3864 ac
2901 3810 3195 3880 plurimum
3230 3823 3328 3880 pro
3385 3824 3469 3862 me

1888 3924 2140 3980 precare.

1888 4025 2021 4080 V'lll.
2059 4053 2125 4064 —
2159 4022 2450 4076 Theodorus
2477 4018 2714 4073 omnibus
2761 4016 2946 4086 ubique
2967 4025 3179 4084 propter
3207 4013 3468 4071 Christum

1954 4115 2202 4185 dispersis
2217 4112 2492 4185 fratribus,
2511 4121 2560 4165 et
2580 4110 2643 4163 iis
2671 4108 2759 4180 qui
2794 4108 2850 4160 in
2873 4108 3166 4162 carceribus
3190 4118 3238 4162 et
3269 4110 3470 4162 exsiliis

1954 4210 2271 4272 detineretur,
2295 4208 2352 4260 in
2377 4205 2600 4262 Domino
2631 4203 2856 4258 salutem
2887 4201 2954 4254 “.

1123 4404 1410 4468 Dogmatica
1434 4407 1498 4457 de
1521 4410 1705 4460 sanctis
1733 4405 2050 4472 imaginibus.
2080 4404 2280 4460 (Baron.
2304 4414 2386 4451 sn.
2408 4400 2521 4462 8H,
2542 4413 2588 4449 ιι.
2617 4399 2720 4461 ιδ.)

276 4473 451 4545 Χάρις
475 4478 618 4547 ὑμῖν
675 4481 775 4537 καί
840 4485 1070 4554 εἰρήνη,
1125 4489 1501 4556 ἀποστολικώς
1555 4497 1732 4549 εἰπεῖν
1763 4537 1779 4562 ,

197 4563 325 4619 ἀπὸ
353 4567 502 4622 Θεοῦ
537 4572 768 4640 Πατρός
792 4573 962 4644 ἡμῶν
1001 4579 1102 4632 καὶ
1149 4583 1374 4650 Κυρίου
1419 4585 1624 4654 Ἰησοῦ
1645 4590 1779 4656 Χρι-

197 4657 380 4722 στοῦ,
411 4661 510 4729 τῆς
564 4661 778 4728 ἐλπίδος
807 4667 965 4736 ἡμῶν
993 4685 1007 4699 ο
1037 4671 1179 4743 ὑπὲρ
1207 4669 1267 4729 οῦ
1298 4676 1392 4729 καὶ
1421 4677 1487 4729 δι’
1515 4678 1574 4730 δν
1606 4679 1635 4730 ό
1656 4680 1782 4732 διωο

1957 4489 2139 4545 Gratia
2175 4489 2315 4544 vobis
2343 4497 2392 4541 et
2415 4504 2542 4554 pax,
2566 4495 2628 4541 ut
2655 4483 2897 4556 Apostoli
2925 4482 3109 4538 verbis
3134 4490 3279 4547 utar,
3307 4497 3340 4535 α
3365 4481 3473 4533 Deo

1889 4582 2050 4636 Patre
2066 4586 2264 4645 nostra,
2297 4588 2346 4632 et
2385 4576 2607 4631 Domino
2633 4575 2757 4629 Jesu
2779 4573 2987 4628 Christo
3008 4573 3080 4640 εί,
3105 4572 3196 4643 qui
3229 4581 3315 4627 est
3342 4587 3468 4643 spes

1886 4684 2095 4736 nostra,
2132 4687 2231 4742 pro
2257 4685 2367 4742 quo
2395 4678 2450 4724 et
2476 4677 2700 4739 prepter
2729 4682 2892 4738 quem
2925 4665 3255 4736 persecutio.
3285 4666 3469 4720 tribu-

197 4750 368 4866 re:
397 4751 637 4866 sese:
659 4757 815 4866 et
1231 4767 1779 4866 eam

1889 4764 2034 4826 latio,
2059 4763 2328 4834 angustia,
2354 4760 2612 4824 solitudo,
2626 4759 2897 4822 exsilium,
2923 4773 3170 4815 carceres
3194 4765 3248 4812 et
3272 4772 3467 4826 preme,

198 4839 378 4905 αδεία,
411 4841 468 4894 αἱ
497 4844 711 4912 είρκταὶ
731 4849 824 4900 καὶ
844 4853 1026 4905 ποιναὶ
1042 4857 1136 4906 καὶ
1158 4856 1257 4909 ὅσα
1278 4857 1411 4910 ἄλλα
1434 4859 1779 4932 καθεκάστην

199 4934 284 4994 είς
308 4934 683 5007 ταλαιπωρίαν
702 4940 1069 5012 ὑπαντήματα
1084 4948 1177 5000 καὶ
1194 4949 1550 5020 συμϐάματα.
1574 4954 1777 5008 Τούτου

200 5025 388 5093 χάριν,
417 5027 638 5098 ἀδελφοί
675 5048 778 5100 μου
809 5033 1105 5104 ἀγαπητοὶ,
1130 5040 1229 5110 τῆς
1275 5043 1613 5114 ἀπολείψεως
1683 5046 1778 5100 τοῦ

200 5117 464 5170 ταπεινοῦ
523 5120 679 5190 ἡμῶν
711 5123 1003 5195 προσώπου
1059 5132 1417 5200 παραμυθίαν
1478 5136 1601 5189 τινὰ
1656 5137 1780 5189 ἐπι-

201 5205 559 5297 νοησάμενοι,
592 5211 884 5282 στέλλομεν
918 5216 1047 5285 ὑμῖν
1094 5218 1190 5288 τὴν
1219 5222 1510 5293 ἐπιστολὴν
1552 5225 1779 5297 ταύτην,

200 5294 586 5364 γνωρίζοντες,
631 5299 706 5363 ώς
740 5301 1105 5368 ἀδιαλείπτως
1134 5308 1326 5376 μνείαν
1381 5310 1539 5378 ἡμῶν
1597 5294 1782 5367 ποιού-

204 5383 351 5453 μεοα
399 5387 457 5438 ἐν
493 5389 609 5452 ταῖς
643 5395 926 5454 ταπειναῖς
955 5394 1110 5462 ἡμῶν
1143 5401 1498 5467 προσευχαῖς,
1528 5399 1625 5452 ἕνα
1659 5402 1784 5454 Exu-

203 5493 340 5528 στον
400 5479 799 5545 ἀναπολοῦντες
863 5485 958 5538 καὶ
1017 5488 1489 5558 ἀναλογιζόμενοι,
1551 5493 1780 5562 δάκρυσι

202 5567 304 5620 καὶ
330 5574 654 5638 στεναγμοῖς
678 5573 926 5643 αἴροντες
952 5579 1145 5648 χεῖρας
1172 5582 1251 5642 είς
1281 5581 1413 5634 Θεόν
1435 5601 1448 5612 ο
1485 5585 1571 5636 ἵνα
1596 5585 1781 5648 καθὼς

203 5658 603 5729 ὑπεδυσάμεϐα
636 5664 760 5727 τοῦς
795 5665 934 5735 ὑπὲρ
968 5667 1224 5738 ἀληθείας
1259 5671 1500 5741 ἀγῶνας,
1534 5676 1629 5728 καὶ
1684 5677 1771 5741 ἐξ-

283 5813 324 5843 "
357 5812 518 5869 Amos
541 5832 591 5877 v,
627 5817 713 5872 15.

209 5883 257 5913 ⁸³
301 5882 530 5954 Philipp.
569 5903 627 5951 tt,
667 5889 720 5941 2.

539 5979 807 6040 ΡΑτιιοῐ..
858 5983 970 6041 Gn.
1021 5983 1226 6042 XCIX.

829 5821 870 5853 ¹⁸
896 5821 1072 5880 Eccle.
1110 5841 1184 5893 Ill,
1243 5831 1294 5882 7.

1407 5830 1448 5860 "
1489 5829 1677 5885 Matth.
1721 5847 1815 5898 vn,
1854 5833 1905 5883 6.

1880 4867 1932 4913 et
1966 4865 2234 4928 quotquot
2261 4855 2366 4910 alia
2396 4854 2448 4908 in
2473 4853 2589 4908 dies
2617 4851 2684 4906 ad
2712 4852 2993 4907 cumulum
3025 4850 3352 4905 calamitatis
3380 4850 3466 4903 in-

1880 4948 2068 5002 cidunt
2096 4954 2151 5000 et
2180 4952 2501 4999 occurrunt.
2535 4941 2708 5011 Hujus
2755 4941 2832 4996 rei
2862 4941 3032 5012 gratia
3053 4980 3069 5006 ,
3107 4941 3304 4995 fratres
3333 4941 3468 4995 cha-

1881 5038 2084 5099 rissmi,
2119 5035 2379 5090 absentiae
2403 5033 2628 5088 humilis
2657 5032 2815 5088 faciei
2848 5043 3051 5088 nostra:
3079 5033 3332 5087 solatium
3363 5033 3466 5086 ali-

1880 5127 2024 5197 quod
2044 5124 2437 5195 excogitantes,
2468 5123 2611 5177 hane
2631 5122 2697 5176 ad
2730 5137 2825 5176 vos
2848 5121 3139 5191 epistolam
3177 5121 3462 5182 mittimus.

1880 5227 2081 5273 notum
2123 5218 2392 5271 facientes
2426 5215 2573 5285 quod
2625 5215 2744 5270 sine
2796 5214 3209 5269 intermissione
3263 5230 3467 5268 memn—

1885 5313 2016 5365 riam
2040 5309 2204 5364 vestri
2248 5307 2477 5362 facimus
2536 5307 2590 5360 in
2643 5306 2938 5360 humilibus
2989 5305 3334 5360 orationibus
3363 5322 3464 5359 no-

1884 5402 2084 5464 stris",
2149 5412 2599 5467 unumquemque
2648 5399 2834 5451 animo
2872 5397 3179 5452 recolentes
3216 5412 3278 5452 ac
3317 5413 3469 5452 com-

1886 5501 2276 5554 memorantes,
2328 5505 2454 5545 cum
2489 5488 2744 5559 lacrymis
2784 5504 2847 5542 ac
2897 5488 3189 5559 gemitibus
3221 5486 3464 5540 levantes

1887 5600 2081 5638 manus
2119 5584 2186 5638 ad
2222 5583 2434 5636 Deum:
2468 5590 2526 5635 ut
2568 5582 2712 5635 sicut
2750 5589 3030 5634 certamen
3079 5593 3178 5649 pro
3237 5575 3459 5631 veritate

1885 5676 2250 5745 suscepimus,
2289 5684 2344 5729 et
2373 5674 2424 5726 in
2456 5688 2563 5727 uno
2603 5673 2798 5742 spiritu
2838 5681 2893 5726 et
2944 5671 3122 5728 anima
3157 5685 3294 5733 una,
3339 5677 3461 5722 tan-

1983 5832 2025 5861 ¹⁰
2075 5827 2438 5883 Catechctica.
2553 5829 2592 5857 "
2644 5826 2794 5880 Galal
2845 5844 2878 5888 ι,
2911 5828 2962 5879 5.
3039 5825 3084 5855 ¹¹
3140 5822 3293 5878 Rom.
3326 5836 3366 5888 ι,
3405 5819 3465 5879 9.

2989 5989 3066 6046 36
