4158 6486
694 426 829 493 1131

1884 430 1947 493 S.
1976 429 2369 491 THEODORI
2402 428 2752 491 ΒΤΠΒΙΤᾸΞ

3812 427 3977 491 1132

681 554 846 610 quam
874 551 941 591 ex
970 535 1099 591 nido
1138 550 1167 591 a
1196 534 1367 592 sacris
1414 536 1616 593 nostris
1659 540 1941 596 asceteriis
1991 542 2264 611 processi-

2368 542 2711 613 εληλύθαμεν
2740 541 2799 592 ἐν
2832 539 2913 593 ἐνὶ
2936 538 3211 611 πνεύματι
3241 538 3337 594 καὶ
3359 540 3645 611 μιᾷηψυχῇ,
3670 540 3747 605 ὡς
3765 542 3829 594 ὲκ
3858 559 3978 595 κα-

686 649 810 688 mus
837 650 851 698 ;
884 632 957 686 ita
992 646 1164 700 usque
1192 630 1259 684 ad
1295 630 1480 695 ﬁnem,
1506 631 1721 685 Domini
1754 632 1979 697 virtute,
2014 648 2270 702 perseve-

685 740 894 789 remus,
933 724 1186 779 eamdem
1209 723 1635 785 ﬁdem,eamdem
1663 726 1973 777 tharitatem
2002 725 2267 791 habentes,

686 817 963 870 unanimes
987 855 1002 880 ,
1036 815 1267 883 idipsum
1327 815 1607 868 sentientes
1635 816 1680 846 “
1714 822 1770 869 et
1799 816 2043 869 veritatis
2073 814 2269 886 dogma

685 910 1011 973 retinentes,
1035 907 1177 978 quod
1201 907 1581 963 annuntiatum
1598 916 1773 972 est,et
1803 908 2123 977 inscriptum
2147 922 2273 961 ocu-

688 1000 752 1055 lis
781 1010 837 1054 et
864 1000 1090 1054 auribus
1130 999 1185 1053 in
1209 999 1361 1053 omni
1390 1008 1640 1054 creatura
1680 1016 1801 1069 qua:
1833 1000 1935 1055 sub
1968 1000 2106 1055 cmlo
2136 1009 2220 1054 est
2252 1017 2265 1053 :

690 1092 920 1146 adorare
949 1091 1177 1161 quidem
1206 1089 1422 1145 Patrem
1467 1100 1521 1145 et
1551 1089 1746 1145 Filium
1776 1101 1831 1146 et
1853 1091 2115 1162 Spiritum
2144 1107 2270 1147 san-

684 1196 855 1247 ctum,
872 1182 1238 1238 venerandam
1262 1192 1318 1237 et
1343 1183 1555 1237 beatam
1574 1181 1920 1248 Trinitatem,
1946 1183 2088 1238 sicut
2121 1184 2271 1238 theo-

686 1277 841 1347 logia:
862 1277 1001 1330 ratio
1027 1277 1189 1330 docet
1218 1294 1231 1329 :
1251 1273 1504 1329 confiteri
1528 1284 1709 1328 autem
1732 1290 1900 1328 unum
1922 1288 1953 1328 e
1978 1274 2267 1340 Trinitate,

685 1371 882 1425 Filium
900 1386 964 1425 ac
996 1368 1235 1423 Verbum
1268 1367 1386 1431 Dei,
1408 1378 1463 1423 et
1494 1366 1783 1422 Dominum
1809 1376 2053 1422 nostrum
2081 1368 2267 1423 Jesum

684 1460 986 1527 Christum,
1020 1462 1264 1530 seipsum
1300 1459 1611 1516 exinanisse
1638 1459 1705 1525 “,
1742 1460 1995 1529 servique
2026 1458 2261 1514 formam

686 1552 985 1621 accepisse,
1026 1560 1082 1606 et
1114 1551 1170 1605 in
1224 1550 1639 1605 similitudinem
1693 1550 1978 1605 hominum
2030 1549 2263 1616 factum,

684 1641 740 1696 in
773 1641 945 1696 forma
968 1651 1152 1696 nostra
1175 1641 1380 1712 efﬁngi,
1402 1639 1788 1710 eﬂ'ormarique
1804 1641 2053 1710 corporis
2076 1640 2177 1710 ﬁgu
2188 1657 2267 1707 ra,

684 1739 953 1798 quatenus
987 1730 1129 1785 idem
1162 1729 1438 1799 perfectus
1486 1729 1629 1785 Deus
1681 1730 1952 1800 simulque
1997 1740 2053 1786 et
2103 1732 2271 1786 homo

685 1832 812 1875 est:
845 1821 923 1876 sic
976 1821 1119 1875 inter
1170 1820 1745 1891 circumscriptionem
1802 1823 2099 1876 secundum
2145 1836 2268 1888 nos,

2372 630 2493 695 λιᾶς
2528 632 2640 685 ἀπὸ
2674 630 2781 683 τῶν
2818 629 2982 701 ἰερῶν
3020 630 3179 700 ἡμῶν
3213 631 3566 700 ἁσκητηρίων
3591 647 3604 661 ⁸
3636 630 3779 683 οὕτω
3838 632 3976 684 διαο

2373 726 2649 795 μείνωμεν
2686 725 2850 794 μέχρι
2885 723 3095 787 τέλους,
3119 722 3347 793 δυνάμει
3378 723 3607 793 Κυρίου,
3634 723 3732 794 τὴν
3782 724 3976 793 αὐτὴν

2371 817 2553 871 πίστιν
2586 820 2826 886 ἔχοντες,
2869 817 2985 884 τὴν
3034 814 3231 881 αὐτὴν
3295 814 3556 884 ἀγάπην,
3612 814 3974 883 σύμψυχοι,

2368 908 2429 961 τὸ
2459 907 2517 960 ἐν
2553 908 2901 978 φρονοῦντες,
2953 908 3049 961 καὶ
3079 905 3411 977 κρατοῦντες
3438 906 3617 975 δόγμα
3657 906 3756 975 τῆς
3814 907 3975 976 ἁλη-

2370 999 2541 1065 θείας,
2574 1000 2636 1052 τὸ
2665 998 2961 1070 κηρυχθέν,
2988 999 3079 1051 καὶ
3099 998 3375 1067 ἐγγραφὲν
3409 998 3503 1051 καὶ
3530 996 3649 1066 ὄψει
3672 999 3763 1051 καὶ
3789 998 3972 1068 ἀκοῇ,

2370 1088 2429 1140 ἐν
2458 1088 2609 1160 πάσῃ
2629 1091 2693 1158 τῇ
2724 1089 2901 1141 κτίσει
2932 1088 3037 1140 ὑπὸ
3062 1088 3153 1140 τὸν
3176 1087 3408 1157 οὐρανόν
3440 1102 3452 1114 ·
3496 1089 3830 1155 προσκυνεῖν
3862 1088 3977 1157 μὲν

2368 1175 2462 1234 οὖν
2513 1180 2730 1251 Πατέρα
2762 1180 2856 1233 καὶ
2885 1180 3012 1232 risv
3042 1178 3136 1231 καὶ
3164 1177 3389 1247 Πνεῦμα
3420 1178 3480 1230 τὸ
3508 1178 3683 1245 ἅγιον,
3729 1177 3829 1247 τὴν
3864 1194 3979 1230 πο-

2368 1272 2678 1342 λυΰμνητον
2710 1273 2804 1325 καὶ
2823 1271 3101 1342 μακαρίαν
3132 1271 3337 1341 Τριὰδα
3392 1271 3533 1323 κατὰ
3590 1270 3679 1323 τὸν
3710 1268 3813 1339 τῆς
3839 1268 3980 1322 θεο-

2368 1364 2555 1434 λογίας
2589 1365 2744 1432 λόγον
2768 1380 2785 1397 ·
2820 1364 3101 1434 ὁμολογεῖν
3141 1364 3198 1417 δὲ
3250 1364 3341 1416 τὸν
3408 1362 3509 1416 ἕνα
3545 1362 3644 1432 τῆς
3696 1362 3975 1432 Τριάδος,

2367 1456 2460 1509 τὸν
2491 1455 2617 1508 Υίδν
2646 1456 2743 1509 καὶ
2773 1455 2945 1522 Λόγον
2987 1455 3081 1508 τοῦ
3112 1454 3273 1520 Θεοῦ,
3302 1454 3510 1526 Κύριον
3539 1454 3597 1506 δὲ
3624 1454 3784 1523 ἡμῶν
3846 1454 3975 1521 ’1η-

2370 1546 2499 1601 σοῦν
2526 1547 2782 1615 Χριστὸν,
2817 1546 3005 1599 ἑαυτὸν
3029 1546 3418 1610 κεκενωκέναι,
3445 1545 3632 1599 δούλου
3694 1562 3755 1597 τε
3810 1561 3975 1613 μορ-

2370 1637 2478 1709 φὴν
2508 1636 2867 1704 ἀναλαϐόντα,
2904 1637 2960 1689 ὲν
2980 1634 3289 1706 ὁμοιώματί
3318 1653 3378 1689 τε
3429 1636 3734 1707 ἀνθρώπων
3790 1652 3979 1703 γεγο-

2369 1729 2520 1793 νότα,
2556 1729 2614 1781 ἐν
2647 1728 2777 1781 εἴδει
2804 1726 2882 1799 τῷ
2917 1728 3040 1781 καθ’
3071 1729 3218 1797 ἡμᾶς
3248 1725 3630 1793 είκονίζεσθαι,
3668 1744 3974 1798 χαρακτη-

2374 1818 2619 1890 ρίζεσθαι
2650 1818 2961 1889 χαρακτῆρι
2980 1816 3253 1885 σώματος,
3283 1818 3473 1871 καθότι
3502 1819 3529 1870 ό
3554 1817 3713 1880 αὐτὸς
3747 1817 3975 1881 τέλειος

683 1925 917 1979 quorum
944 1909 1173 1965 formam
1206 1911 1529 1980 assumpsit,
1560 1910 1896 1975 consistens,
1915 1910 2264 1980 quemadmo-

2374 1911 2529 1975 Θεὸς,
2562 1909 2697 1981 ὁμοῦ
2725 1926 2786 1963 τε
2814 1911 2906 1963 καὶ
2948 1909 3234 1980 ἄνθρωπος
3295 1908 3663 1979 ἐχρημάτισε·
3696 1906 3974 1961 τοσοῦτον

684 2002 816 2056 dum
844 2002 913 2056 ab
941 2016 1003 2055 ea
1034 2017 1130 2071 per
1157 2002 1354 2056 divinze
1388 2010 1596 2056 naturae
1636 2002 2269 2073 incomprehensibilita-

687 2100 797 2146 tem
837 2102 1079 2147 remotus
1103 2103 1207 2147 est.
1236 2092 1357 2147 Non
1383 2094 1522 2146 enim
1580 2094 1795 2163 utique,
1832 2094 1910 2148 ait
1959 2094 2270 2165 Scriptura,

686 2183 896 2254 angelos
925 2184 1264 2252 apprehendit
1297 2184 1649 2255 (quanquam
1678 2194 1732 2238 et
1782 2185 1889 2239 illis
1928 2184 2105 2257 elIingi
2142 2201 2275 2239 con-

685 2273 855 2337 venit,
884 2285 943 2328 ut
979 2272 1233 2328 viderunt
1280 2274 1479 2343 quibus
1516 2274 1701 2328 videre
1730 2289 1761 2328 a
1793 2274 2005 2344 Spiritu
2047 2290 2275 2331 conces-

686 2378 806 2417 sum
847 2363 977 2431 est),
1032 2363 1122 2416 sed
1164 2379 1338 2417 semen
1362 2363 1585 2416 Abraha:
1626 2365 1969 2433 apprehendit
2000 2367 2067 2421 ".
2116 2366 2273 2420 Unde

684 2456 928 2525 oportuit
950 2470 1074 2510 eum
1108 2472 1205 2525 per
1236 2456 1418 2510 omnia
1449 2456 1711 2512 fratribus
1734 2456 2040 2511 assimilari.
2075 2456 2269 2513 Dicant

684 2562 815 2619 ergo
844 2548 1271 2612 Cbristomachi,
1304 2548 1581 2619 quomodo
1607 2558 1787 2618 potest
1817 2564 2006 2603 semen
2036 2548 2270 2605 Abrahae

700 2655 813 2694 non
844 2639 1025 2711 ellingi
1052 2641 1186 2695 ?aut
1218 2656 1409 2695 rursus
1443 2641 1716 2710 quomodo
1750 2656 1848 2709 per
1866 2641 2049 2695 omnia
2076 2642 2269 2697 similis

686 2732 846 2787 nobis
893 2732 1020 2796 erit,
1075 2747 1306 2801 quorum
1337 2731 1504 2785 frater
1556 2739 1800 2794 vocatur,
1836 2731 1881 2784 si
1925 2730 2271 2786 circumscri-

686 2823 898 2894 ptionis
947 2824 1359 2895 proprietatem,
1396 2832 1558 2893 prout
1586 2823 1640 2875 in
1687 2823 1847 2877 nobis
1881 2832 1983 2889 est,
2014 2822 2103 2893 qui
2149 2823 2268 2893 eius

684 2914 883 2969 fratres
912 2929 1125 2977 sumus,
1164 2929 1275 2968 non
1309 2913 1612 2983 sumpsisse
1660 2912 2113 2967 demonstretur?
2146 2912 2267 2967 Non

688 3006 855 3077 igitur
880 3005 1067 3070 frater,
1094 3021 1197 3061 nec
1245 3006 1436 3059 similis
1463 3004 1618 3059 nobis
1647 3014 1769 3071 est;
1801 3019 1865 3059 ac
1896 3005 2127 3075 proinde
2158 3019 2262 3059 nec

692 3099 881 3153 homo.
912 3098 991 3153 Ita
1026 3098 1369 3153 concluditur
1397 3113 1461 3152 ex
1497 3112 1563 3151 eo
1593 3097 1737 3166 quod
1768 3104 1964 3168 negant
1987 3097 2265 3151 Christum

2374 2004 2725 2073 περιγραφῆς
2770 2003 2900 2055 εἵσω
2931 2002 3223 2071 γενόμενος
3269 2001 3393 2055 καθ’
3426 2002 3594 2071 ἡμᾶς,
3619 1994 3693 2054 ὧν
3725 2002 3822 2052 καὶ
3855 2000 3973 2070 τὴν

2372 2096 2537 2165 φύσιν
2567 2095 2791 2164 εἴληφεν
2813 2111 2829 2127 θ
2858 2096 2983 2149 ὅσον
3016 2095 3219 2166 ταύτης
3270 2094 3350 2161 τῷ
3394 2093 3795 2164 ἁπεριγρὰπτῳ
3855 2093 3974 2162 τῆς

2374 2187 2527 2252 θείας
2560 2187 2774 2257 φύσεως
2808 2186 3129 2257 ἀνῴκισται.
3165 2187 3245 2239 Οὐ
3271 2184 3403 2254 γὰρ,
3455 2185 3627 2255 δήπου
3688 2185 3831 2237 κατὰ
3892 2185 3975 2238 τὰ

2372 2279 2551 2348 λόγια,
2580 2278 2853 2348 ἀγγέλων
2902 2277 3401 2346 ἐπιλαμϐάνεται·
3459 2277 3619 2346 εἴπερ
3677 2277 3975 2340 κάκείνοις

2369 2371 2433 2424 τὸ
2462 2370 2827 2435 εἰκονίζεσθαι
2848 2385 2863 2399 ⁸
2897 2370 2971 2432 ὡς
2988 2363 3167 2423 ὦπται
3192 2372 3306 2432 τοῖς
3339 2368 3624 2438 βλέπουσιν
3650 2369 3755 2422 ὑπὸ
3784 2368 3974 2421 Πνεῦ-

2375 2480 2545 2534 ματος
2570 2480 2584 2495 ·
2618 2461 2782 2516 ἀλλὰ
2808 2460 3154 2529 σπέρματος
3194 2459 3440 2529 Ἀϐραὰμ
3460 2459 3969 2530 ἐπιλαμϐάνεται.

2373 2556 2537 2609 Ὅθεν
2560 2554 2756 2624 ὤφειλε
2786 2555 2930 2607 κατὰ
2956 2554 3135 2607 πάντα
3163 2555 3275 2615 τοῖς
3306 2552 3560 2622 ἀδελφοῖς
3591 2552 3971 2624 ὁμοιωθῆναι.

2371 2645 2698 2701 Είπάτωσαν
2747 2643 2841 2711 οὖν
2891 2646 2940 2697 οί
2992 2643 3386 2715 Χριστομάχοι,
3446 2643 3564 2707 πῶς
3622 2638 3731 2696 οἷόν
3782 2661 3845 2697 τε
3905 2646 3977 2698 τὺ

2381 2734 2742 2804 ’Δδραμιαῖον
2766 2734 2991 2803 σπέρμα
3028 2734 3103 2803 μὴ
3128 2730 3490 2795 εἰκονίζεσθαι
3517 2747 3531 2794 ;
3570 2730 3684 2793 πῶς
3716 2730 3760 2782 δ’
3792 2728 3969 2802 αὐτῷ

2368 2823 2484 2889 ἕξει
2516 2825 2577 2877 τὸ
2600 2823 2742 2876 κατὰ
2767 2806 2951 2876 ζ’πάντα
2978 2823 3165 2891 ὅμοιον
3199 2817 3354 2892 ἡμῖν,
3384 2815 3461 2873 ὧν
3484 2820 3712 2889 ἀδελφὸς
3746 2821 3973 2892 κέκλη-

2368 2934 2495 2970 ται·
2536 2916 2698 2987 εἰπερ
2727 2914 2788 2967 ού
2819 2914 2881 2967 τὸ
2902 2916 3249 2986 περιγραφῆς
3279 2912 3475 2984 ἰδίωμα
3508 2912 3631 2967 καθ’
3650 2914 3796 2985 ἡμᾶς
3822 2916 3977 2978 τοὺς

2369 3010 2639 3080 ἀδελφοὺς
2671 3007 2837 3062 αὐτοῦ
2869 3006 3108 3078 εἰληφὼς
3136 3006 3414 3060 δείκνυται
3437 3022 3452 3071 ;
3478 3006 3690 3060 Οὐκοῦν
3710 3005 3970 3076 ἀδελφὸς

2368 3104 2481 3157 οὐδ’
2509 3103 2570 3156 ού
2596 3102 2704 3173 μὴν
2734 3102 2917 3171 ὅμοιος
2947 3100 3081 3170 ἡμῖν
3100 3112 3117 3129 ⁸
3160 3098 3250 3152 διὰ
3272 3096 3431 3151 τοῦτο
3457 3098 3581 3151 οὐδὲ
3631 3098 3966 3168 ἄνθρωπος.

682 3203 785 3259 per
816 3190 1107 3260 imaginem
1138 3189 1367 3259 exprimi
1403 3203 1555 3242 more
1590 3197 1801 3242 nostro.
1842 3187 1921 3240 Ita
1952 3186 2029 3239 illi
2061 3186 2264 3241 saluta-

2371 3194 2529 3247 Οῦτω
2574 3192 2843 3260 συνῆκται
2872 3192 2937 3244 ἐκ
2970 3189 3063 3243 τοῦ
3094 3190 3170 3260 μὴ
3221 3188 3407 3256 λέγειν
3460 3190 3659 3252 αὐτοὺς
3706 3190 3976 3258 Χριστὸν

687 3296 801 3336 rem
840 3281 1201 3337 oeconomiam
1227 3280 1517 3335 destruunt
1550 3296 1563 3333 :
1600 3279 1824 3350 perinde
1854 3293 1919 3333 ac
1951 3276 2264 3341 Manichrei,

684 3376 1057 3431 Valentiniani
1085 3416 1101 3440 ,
1129 3385 1185 3430 et
1238 3374 1623 3430 Marcionistze.
1654 3373 1895 3441 Quorum
1927 3374 2269 3429 communio-

684 3484 811 3524 nem
840 3468 1643 3541 lugiamus,fratres,tanquam
1678 3468 1951 3538 serpentis
1992 3481 2267 3521 venenum

684 3576 795 3618 non
824 3578 1024 3632 corpus
1054 3561 1353 3623 infuscans,
1389 3570 1445 3617 ut
1481 3560 1718 3630 quodam
1757 3560 1877 3615 loco
1914 3559 1992 3615 ait
2024 3559 2269 3614 Theolo-

684 3670 807 3728 gus,
839 3654 936 3709 sed
958 3654 1154 3709 anima:
1175 3652 1389 3707 intima.

754 3828 865 3884 Nos
886 3830 1198 3899 apostolicae
1225 3838 1279 3884 et
1300 3826 1592 3883 universali
1618 3826 1876 3882 Ecclesia:
1915 3826 2269 3882 consentien-

686 3924 814 3994 tes(
851 3923 969 3977 haec
1002 3922 1148 3976 enim
1200 3921 1496 3993 Byzantina
1553 3930 1893 3991 segmentum
1928 3928 2012 3975 est
2044 3920 2264 3974 hmreti-

684 4030 829 4078 cum,
852 4014 937 4069 cui
961 4015 1203 4069 solemne
1223 4024 1307 4068 est
1329 4023 1383 4067 et
1405 4014 1473 4068 ab
1498 4012 1618 4067 aliis
1637 4012 1951 4083 frequenter
1975 4013 2219 4068 abscindi
2245 4014 2263 4082 )

685 4104 973 4159 Dominum
1003 4114 1249 4159 nostrum
1271 4103 1457 4158 Jesum
1484 4104 1764 4159 Christum
1789 4105 2057 4173 corporali
2089 4104 2261 4175 figura

683 4197 1027 4268 depingimus
1058 4214 1071 4251 :
1110 4196 1248 4252 serie
1278 4211 1491 4252 sursum
1521 4197 1589 4251 ab
1616 4197 1734 4266 ipso
1764 4196 1886 4267 ejus
1918 4196 2151 4252 adventu
2196 4214 2264 4251 ex

683 4291 982 4361 apostolico
1020 4290 1161 4345 facto
1188 4291 1437 4355 deducta,
1459 4290 1746 4361 imaginem
1777 4305 1841 4346 ex
1863 4290 2094 4361 imagine
2121 4290 2266 4345 deri-

684 4393 897 4449 vantes,
936 4384 1392 4454 quemadmodum
1424 4393 1479 4439 et
1512 4383 1738 4439 vivifica:
1776 4383 1995 4439 crucis:
2035 4398 2143 4437 non
2168 4398 2265 4437 au-

688 4483 794 4529 tem
833 4484 894 4530 ut
931 4474 1073 4529 hanc
1104 4474 1325 4545 quidem
1359 4474 1728 4544 exprimamus
1767 4489 1889 4543 qua:
1932 4473 2136 4528 Christi
2168 4489 2261 4527 ar-

2372 3285 2498 3339 καθ⁹
2536 3286 2685 3355 ἡμᾶς
2711 3282 3075 3348 είκονίξεσθαι
3100 3299 3115 3313 ⁸
3147 3282 3244 3334 καὶ
3268 3281 3446 3345 οὕτως
3474 3282 3975 3345 ἀποσκευὰζονται

2370 3377 2472 3449 τὴν
2498 3377 2766 3446 σωτήριον
2792 3375 3107 3444 οἰκονομίαν
3137 3390 3151 3403 ’
3189 3373 3388 3443 ἐπίσης
3443 3373 3553 3425 τῶν
3605 3374 3973 3443 Μανιχαίων,

2369 3468 2739 3523 Οὐαλεντίνων
2765 3484 2825 3519 τε
2884 3467 2982 3519 καὶ
3034 3464 3492 3536 Μαρκιωνιστῶνο
3548 3457 3625 3517 ὧν
3679 3464 3976 3535 φύγοιμεν

2366 3560 2468 3631 τὴν
2502 3558 2808 3622 κοινωνίαν,
2839 3554 3083 3627 ἀδελφοὶ,
3129 3554 3204 3617 ὡς
3234 3555 3311 3607 ίὸν
3348 3554 3549 3621 ὄφεως,
3576 3553 3965 3624 μελαίνουσαν

2368 3652 2431 3705 ού
2469 3650 2649 3721 σῶμα,
2677 3648 2753 3714 ὥς
2782 3647 2886 3703 πού
2945 3664 3112 3719 φησιν
3140 3648 3169 3701 ό
3200 3645 3495 3717 Θεολόγοςο
3526 3644 3662 3699 ἀλλὰ
3706 3646 3774 3699 τὰ
3806 3645 3970 3717 βάθη

2366 3744 2468 3814 τῆς
2490 3743 2689 3813 ψυχῆς.

2438 3836 2517 3906 Τῇ
2540 3833 2876 3904 ἀποστολικῇ
2906 3832 2963 3886 δὲ
2999 3830 3091 3884 καὶ
3121 3830 3215 3885 ὕπ’
3268 3830 3500 3903 οὐρανὸν
3536 3829 3837 3902 Ἐκκλησία
3887 3834 3970 3887 τὰ

2368 3928 2460 3981 ἴσα
2492 3924 2814 3997 φρονοῦντες
2838 3941 2853 3956 ο
2882 3924 3022 3995 αὕτη
3049 3924 3159 3995 γὰρ
3189 3924 3222 3994 ἡ
3254 3922 3583 3987 Βυζαντιαία
3625 3923 3821 3994 τμῆμα
3864 3926 3968 3977 αἰ-

2368 4018 2603 4091 ρετικὺν,
2635 4016 2711 4081 ὡς
2736 4016 2967 4070 εἰθισται
2997 4016 3135 4087 αὐτῇ
3161 4013 3444 4085 πολλαχῶς
3472 4013 3582 4069 τῶν
3609 4015 3787 4069 ἄλλων
3812 4016 3968 4069 ἀπο-

2368 4108 2693 4180 σχίζεσθαι·
2746 4106 3086 4177 εἰκονίζομεν
3114 4106 3205 4160 τὸν
3257 4106 3461 4177 Κύριον
3517 4106 3673 4178 ἡμῶν
3733 4107 3966 4177 Ἰησοῦν

2365 4201 2600 4273 Χριστὸν
2629 4199 2927 4271 σωματικῷ
2964 4199 3299 4271 χαρακτῆρι,
3333 4199 3513 4270 είρμῷ
3558 4199 3636 4269 τῷ
3680 4200 3966 4256 ἀνέκαθεν

2364 4291 2661 4362 ἀπἀὐτῆς
2704 4292 2803 4361 τῆς
2861 4292 3187 4357 ἐπιφανείας
3246 4290 3412 4344 αὐτοῦ
3468 4290 3526 4357 ἐξ
3579 4292 3963 4361 ἀποπολικῆς

2366 4384 2616 4456 πράξεως
2653 4382 3013 4455 παρηγμένῳ,
3046 4383 3104 4449 ἐξ
3150 4381 3358 4445 εἰκόνος
3421 4381 3605 4435 εἰκόνα
3662 4384 3959 4451 μεταγρά-

2367 4492 2583 4545 φοντες,
2611 4475 2864 4545 καθάπερ
2894 4474 2990 4526 καὶ
3049 4471 3143 4526 τοῦ
3188 4472 3461 4537 ζωοποιοῦ
3510 4473 3744 4545 σταυροῦ
3778 4492 3793 4505 ο
3846 4477 3957 4530 καὶ

686 4576 898 4622 matura
925 4576 1011 4622 est
1047 4567 1310 4621 adversus
1357 4566 1633 4622 diabolum
1656 4609 1669 4631 ,
1710 4566 1887 4635 ipsum
1925 4574 2107 4620 autem
2148 4581 2261 4621 non

2368 4568 2445 4640 μὴ
2492 4567 2586 4621 τὸν
2640 4566 2741 4635 μὲν
2810 4564 3147 4629 τυποῦντες,
3203 4566 3261 4628 ὃς
3313 4566 3462 4619 ἐστιν
3490 4564 3652 4619 ὅπλον
3699 4567 3953 4636 Χριστοῦ

685 4661 1053 4732 exprimamus
1071 4660 1163 4731 qui
1192 4660 1425 4731 armiger
1459 4666 1544 4714 est
1572 4668 1627 4713 et
1657 4658 1978 4713 interfector
2016 4658 2252 4713 Satanae.

684 4751 789 4818 Qui
814 4752 961 4807 enim
1008 4751 1223 4821 depingi
1260 4762 1423 4820 queat
1473 4759 1749 4803 armatura
1786 4749 1979 4804 victrix
2015 4765 2077 4804 ac
2108 4764 2258 4813 vera,

685 4860 807 4915 quze
831 4852 1098 4899 armatum
1126 4859 1342 4914 quoque
1371 4844 1546 4913 ipsum
1603 4843 1775 4897 oculis
1805 4858 1913 4896 non
1948 4842 2205 4912 subjiciat
2236 4841 2261 4894 ’ί

682 4934 1195 4991 Adoramusdeinde
1228 4945 1468 4989 sanctam
1500 4934 1619 5004 ejus
1654 4935 1966 5006 imaginem,
1999 4944 2257 5003 tanquam

684 5042 1000 5097 expressum
1040 5026 1094 5082 in
1155 5041 1221 5081 ea
1278 5023 1558 5080 Christum
1596 5025 1905 5079 adorantes.
1956 5025 2260 5094 Expressus

684 5121 832 5174 enim
864 5127 918 5174 et
944 5118 1265 5175 ell'ormatus
1288 5133 1357 5172 ex
1387 5125 1542 5171 utero
1573 5116 1773 5187 prodiit
1805 5116 2042 5186 Deipara:
2065 5117 2258 5172 matris

683 5228 797 5269 sure
827 5229 839 5265 :
869 5212 953 5266 sin
980 5210 1185 5276 minus,
1215 5211 1523 5265 abortivum
1547 5209 1803 5279 quiddam
1834 5217 1889 5262 et
1916 5224 2025 5262 non
2058 5210 2265 5263 fortna-.

683 5312 774 5358 tus
805 5302 969 5357 homo
998 5302 1120 5365 fuit,
1155 5317 1188 5355 ο
1240 5300 1580 5356 theomachi!
1624 5300 1775 5365 Quod
1808 5301 1848 5353 si
1886 5301 2256 5355 conformatus

679 5392 864 5448 infans
889 5392 1089 5463 prodit,
1120 5401 1179 5447 ut
1211 5408 1397 5445 verum
1433 5401 1539 5457 est,
1571 5392 1637 5445 de
1664 5406 1772 5459 quo
1799 5390 1933 5443 dixit
1961 5391 2252 5459 propheta:

681 5482 846 5538 Omne
867 5482 1211 5537 masculinum
1230 5483 1541 5551 adaperiena
1559 5480 1763 5534 vulvam
1786 5489 2025 5533 sanctum
2047 5479 2151 5532 Deo
2170 5496 2256 5532 vo-

681 5576 891 5628 eabitur
917 5576 997 5641 ";
1028 5590 1251 5630 necesse
1282 5590 1504 5644 prorsus
1534 5583 1617 5628 est
1671 5584 1730 5626 ut
1767 5573 1995 5642 exprimi
2059 5583 2252 5626 natura

679 5679 777 5720 sua
804 5665 976 5734 possit
997 5674 1051 5719 et
1080 5664 1279 5735 ellingi.
1310 5663 1493 5728 Sardi,
1528 5665 1738 5728 audite;
1777 5664 1922 5724 cwci,
1944 5663 2159 5729 aspicite
2191 5664 2255 5714 ".

685 5756 804 5814 Una
835 5758 886 5812 in
916 5772 975 5814 re
996 5760 1259 5814 duntaxat
1312 5757 1607 5811 novitatem
1642 5756 1693 5808 in
1751 5753 1972 5809 Christo
2009 5751 2258 5823 agnosci-

753 5888 800 5920 “
830 5886 1026 5959 Philip.
1058 5890 1111 5943 ’1.
1187 5891 1233 5923 ⁸⁸
1274 5888 1441 5944 Hebr.
1495 5906 1554 5952 ll,
1591 5888 1677 5942 16.
1754 5890 1801 5920 ¹⁶
1844 5888 2014 5943 Exod.
2073 5902 2191 5951 xm,
2218 5886 2251 5939 2

2374 5901 2460 5941 uc.
2486 5902 2544 5951 ιι,
2579 5886 2665 5941 15.

2368 4660 2509 4713 κατᾶ
2547 4657 2643 4712 τοῦ
2673 4657 2918 4713 διαϐόλου
2941 4674 2953 4687 ·
2976 4657 3068 4711 τὸν
3091 4657 3148 4710 δὲ
3174 4658 3276 4712 οὐκ
3309 4658 3690 4723 είκονίζοντες,
3718 4658 3953 4721 δςὲστιν

2364 4751 2593 4821 ὁπλίτης
2636 4751 2732 4804 καὶ
2770 4748 3100 4820 καθαιρέτης
3136 4750 3231 4802 τοῦ
3289 4751 3523 4803 Σατανᾶ.
3577 4750 3687 4804 Ποῦ
3714 4752 3823 4822 γὰρ
3878 4752 3951 4804 ἂν

2365 4842 2672 4913 ἐγγραφείη
2696 4840 2857 4894 ὅπλον
2883 4840 3162 4910 νικητικὸν
3189 4840 3281 4892 καὶ
3298 4840 3521 4909 ἀληθὲς,
3557 4842 3633 4911 μὴ
3672 4841 3765 4894 τὸν
3788 4843 3951 4896 ὁπλί-

2364 4951 2469 5004 την
2522 4933 2644 5004 ἐχον
2694 4934 2786 4987 ὑπ’
2816 4934 2942 5003 δψιν
2984 4932 3371 5002 δεικνύμενον;
3406 4928 3535 4985 Εἶτα
3562 4932 3657 4986 καὶ
3698 4951 3949 5004 προσκυη

2363 5026 2562 5096 νοῦμεν
2585 5026 2753 5080 αὐτοῦ
2778 5026 2877 5095 τὴν
2916 5025 3078 5095 ἁγίαν
3108 5026 3317 5089 εἰκόνα,
3343 5025 3420 5088 ὡς
3470 5025 3528 5077 ἐν
3583 5024 3720 5095 αὐτῇ
3766 5042 3945 5097 προσ-

2361 5116 2649 5180 κυνοῦντες
2672 5117 2764 5169 τὸν
2790 5116 3221 5186 ἐξεικονισμένον
3240 5116 3474 5182 Χριστόν
3492 5155 3507 5169 .
3539 5115 3944 5187 Ἐξεικθνισμέ-

2359 5230 2449 5275 νος
2478 5212 2588 5281 γὰρ
2615 5211 2885 5282 προῆλθεν
2917 5212 2981 5263 ἐκ
3012 5210 3218 5273 κοιλίας
3252 5211 3460 5281 μητρὸς
3490 5209 3656 5263 αὑτοῦ
3691 5210 3789 5279 τῆς
3807 5212 3943 5264 Θεο-

2358 5304 2515 5357 τόκου
2543 5320 2555 5333 ·
2588 5306 2636 5357 εἰ
2662 5303 2715 5355 δὲ
2753 5302 2864 5373 μὴ,
2889 5303 3282 5372 ἀμόὶωθρίδιόν
3320 5318 3371 5355 τι
3425 5305 3519 5355 καὶ
3547 5306 3607 5355 ού
3637 5320 3941 5373 μεμορφω-

2366 5394 2526 5461 μένος
2554 5394 2859 5465 ἄνθρωπος,
2890 5386 2935 5445 ὦ
2966 5392 3221 5462 θεομάχοι
3254 5396 3265 5446 !
3299 5395 3359 5445 Εἰ
3420 5393 3477 5445 δὲ
3502 5393 3941 5463 ὲξεικονισμένον

2361 5483 2422 5535 τὸ
2448 5484 2645 5553 βρέφος
2678 5485 2943 5555 πρόεισιν,
2980 5482 3168 5552 ὥσπερ
3192 5482 3387 5553 ἀληθές
3418 5499 3437 5514 ο
3486 5482 3615 5552 περὶ
3654 5476 3714 5535 οῦ
3770 5501 3941 5553 ιρησιν

2364 5571 2392 5622 δ
2424 5570 2711 5639 προφήτης
2746 5585 2758 5599 ’
2794 5568 2921 5622 Πᾶν
2949 5569 3139 5635 ἄρσεν
3169 5568 3472 5637 διανοῖγον
3498 5568 3733 5637 μήτραν
3762 5568 3942 5637 ἅγιον

2364 5659 2446 5723 τῷ
2476 5656 2597 5722 Θεῷ
2628 5656 2999 5724 κληθήσεται
3025 5672 3038 5687 ⁸
3072 5658 3222 5709 πᾶσα
3268 5657 3479 5725 ἀνάγκη
3526 5656 3621 5709 καὶ
3678 5656 3942 5721 ἐξεικονί-

2367 5750 2554 5814 ζεσθαι
2604 5751 2867 5819 πέφυκεν.
2894 5752 2957 5801 ω
2988 5750 3196 5817 κωφοὶ,
3226 5750 3547 5813 ἀκούσατε,
3579 5748 3680 5801 καί
3740 5750 3799 5803 οι
3840 5765 3944 5803 τυ-

2741 5886 2785 5916 ²⁷
2820 5884 2920 5938 lsa.
2974 5900 3103 5948 XLII,
3130 5882 3216 5936 18.
