4158 6514
270 475 418 542 1133

1469 478 2002 536 EPISTOLARUM
2040 478 2185 538 LIB.
2230 478 2311 535 Il.

3395 480 3533 545 113.1

264 586 821 659 φλοί,ἐμϐλέψατε’
854 587 912 663 ἐν
948 586 1030 638 évl.
1080 588 1295 656 μονονὴ
1329 586 1455 639 καθ’
1492 587 1643 656 ἡμᾶς
1669 604 1849 640 καινο-

1954 602 2092 651 mus,
2125 588 2269 656 quod
2310 587 2430 640 sine
2455 586 2665 641 semine
2698 586 2751 640 in
2781 585 3017 657 Virginis
3062 597 3217 643 utcro
3238 602 3535 660 conceptus

262 685 435 753 τομία
461 684 555 734 ἐπὶ
592 678 829 748 Χριστοῦ
859 694 873 708 °
907 678 1133 732 ὂτιᾶνευ
1167 679 1377 748 σπορᾶς
1412 678 1768 748 συνείληπται
1791 678 1850 729 ὲν

270 770 801 843 μήτρᾳῐιαρθένουν
834 770 941 824 καὶ
967 770 1089 839 δίχα
1130 768 1337 839 φθορᾶς
1364 768 1689 839 γεγέννηται
1719 784 1733 798 '
1761 785 1853 821 κα·

266 865 389 918 θότι
420 864 563 917 οὐδὲ
594 864 888 933 ἁμαρτίαν
934 863 1190 928 ἐποίησε
1222 848 1522 930 ’γραφικῶς
1546 878 1558 889 ·
1594 858 1735 915 οὐδὲ
1752 859 1852 912 δό-

264 958 382 1018 λος
419 954 631 1021 εὑρέθη
676 954 746 1007 ἐν
791 949 872 1016 τῷ
929 950 1181 1020 στόματι
1238 949 1446 1004 αὐτοῦ.
1503 948 1586 1001 Τὰ
1629 948 1675 1001 δ’
1717 947 1853 1003 ἄλλα

265 1041 450 1093 πάντα
499 1038 617 1092 καθ’
645 1039 795 1107 ἡμᾶς
827 1054 842 1069 ·
888 1038 1092 1107 ἔφαγεν
1127 1053 1141 1067 ·
1178 1036 1301 1091 ἔπιε
1326 1055 1341 1070 ο
1367 1037 1714 1107 διεπνεύσθψ
1749 1036 1852 1108 ηὕ-

268 1128 439 1200 ξησεν
461 1148 474 1163 ·
505 1131 756 1186 ἑϐάδισεν
779 1147 792 1161 ο
831 1130 1059 1201 ἵδρωσεν
1085 1146 1100 1161 ·
1124 1130 1420 1183 ἐκοπίασεν
1449 1146 1463 1161 ⁸
1493 1129 1814 1202 ἐσταυρώθη
1835 1146 1849 1158 ·

266 1221 549 1275 ἀπέθανε(
579 1221 703 1286 κᾶν,
737 1220 813 1283 ὡς
836 1220 988 1283 Θεὸς,
1031 1221 1333 1292 τριήμερος
1360 1221 1679 1290 ἐγήγερται,
1714 1220 1853 1291 ἔχων

269 1314 374 1367 καὶ
423 1312 561 1383 μετὰ
588 1313 686 1382 τὴν
712 1313 1012 1366 ἀνάστασιν
1042 1314 1143 1383 τὴν
1191 1312 1637 1384 ὲξεικονισμένην
1693 1313 1852 1384 ἡμῶν

276 1405 497 1475 μορφὴν
521 1402 816 1459 θεωθεῖσαν
842 1405 936 1459 καὶ
956 1405 1413 1474 ἀφθαρτισθεῖσαν
1434 1407 1498 1458 ἓν
1515 1404 1662 1475 αὐτῷ
1686 1420 1701 1435 ·
1722 1405 1822 1459 καθ
1839 1406 1853 1427 ‘

272 1498 345 1567 ἢν
380 1498 475 1551 καὶ
497 1497 691 1569 ἐθεάθη
752 1500 864 1564 τοῖς
893 1498 1233 1563 ἀποστόλοις,
1281 1498 1376 1550 καὶ
1434 1497 1709 1566 συνέφαγε
1758 1497 1853 1550 καὶ

270 1592 529 1644 συνέπιεν
569 1591 966 1663 ἐγηγερμένος,
990 1591 1084 1643 καὶ
1128 1589 1454 1661 ὲψηλαφήθη
1484 1590 1590 1643 ὑπὸ
1634 1590 1804 1660 Θωμᾶ
1834 1607 1847 1619 ·

270 1682 454 1750 λέγων
476 1685 590 1745 τοῖς
619 1683 786 1735 πᾶσιν
806 1682 1220 1752 ὑποτοπήσασιν
1247 1681 1408 1736 αὑτὸν
1431 1680 1648 1751 πνεῦμα
1674 1676 1814 1735 εἶναι
1832 1698 1849 1713 ·

278 1772 697 1843 Ψηλαφήσατέ
718 1789 796 1843 με
819 1772 916 1827 καὶ
938 1773 1117 1839 laete,
1139 1772 1227 1828 ὅτι
1255 1772 1492 1843 πνεῦμα
1525 1771 1724 1840 σάρκα
1751 1772 1851 1827 καὶ

271 1863 461 1917 ὀστέα
489 1864 601 1917 οὐκ
624 1862 771 1932 ἔχει,
803 1863 998 1929 καθὼς
1036 1862 1141 1933 ἐμὲ
1170 1863 1435 1932 θεωρεῖτε
1462 1864 1701 1934 ἔχοντα.
1741 1862 1849 1917 Οὔ-

271 1971 356 2008 τω
384 1956 478 2008 καὶ
525 1955 806 2027 ἀνελήφθη
836 1955 895 2009 ὲν
923 1955 1051 2026 δόξῃ
1086 1972 1100 1987 ·
1145 1954 1409 2019 ὡσαύτως
1458 1961 1553 2010 καὶ
1612 1956 1732 2026 ἥξει
1792 1957 1852 2009 ὲν
1886 1947 1926 2002 Β

275 2050 462 2119 μορφῇ
492 2049 559 2119 τῇ
618 2048 757 2118 αὐτῇ
803 2046 899 2101 τοῦ
950 2046 1073 2101 καθ’
1114 2048 1265 2118 ἡμᾶς
1320 2046 1491 2110 είδους
1524 2062 1537 2076 ’
1564 2046 1623 2098 ὃν
1666 2046 1857 2115 ὄψεται

271 2142 428 2194 πᾶσα
470 2138 607 2210 σὰρξ
653 2139 760 2194 ἀπ’
800 2138 1058 2209 οὐρανοῦ
1092 2140 1221 2208 μετ’
1246 2137 1518 2208 ἀγγέλων
1548 2135 1858 2205 δυνάμεως

267 2231 462 2287 αὐτοῦ
490 2232 558 2285 ἐν
580 2231 720 2299 :wpl
746 2229 996 2300 φλογὸς,
1055 2230 1308 2283 διδόντα
1368 2228 1683 2295 ἐκδίκησιν
1732 2227 1857 2294 τοῖς

266 2324 358 2394 μὴ
382 2324 572 2378 ειδόσι
602 2323 771 2387 Θεὸν,
802 2322 900 2377 καί
929 2322 1055 2390 τοῖς
1081 2322 1165 2393 μὴ
1204 2322 1594 2377 ὑπακούσασι
1617 2321 1695 2386 τῷ
1740 2320 1855 2375 Εὺ-

270 2416 532 2485 arrexit,»
582 2414 790 2479 αὐτοῦ,
860 2414 1040 2479 καθὼς
1094 2415 1441 2485 γέγραπται·
1505 2412 1624 2484 μεθ’
1684 2406 1760 2467 ὧν
1803 2415 1853 2467 οἱ

274 2507 690 2578 σταυρώσαντες
718 2508 881 2562 αὑτὸν
917 2507 1161 2561 Ἰουδαῖοι
1188 2507 1465 2577 κόψονται,
1515 2508 1609 2560 καὶ
1666 2507 1718 2559 οί
1776 2506 1852 2575 μὴ

270 2599 592 2669 ἀνεχόμενοι
657 2598 820 2652 αὑτὸν
884 2596 1169 2662 είκονίζειν
1219 2597 1604 2667 Εἰκονομάχοι.
1664 2594 1854 2649 Ταῦτά

272 2691 447 2754 ἐστιν,
481 2689 722 2759 ἀδελφοὶ,
745 2689 813 2743 τὰ
833 2688 1163 2758 εὐαγγελικὰ
1192 2690 1548 2759 κηρύγματα·
1572 2688 1747 2741 ταῦτα
1779 2688 1851 2741 τὰ

274 2782 615 2838 άποστολικὰ
652 2782 977 2852 διδάγματα.
1001 2781 1065 2836 Oi
1103 2781 1161 2835 δὲ
1206 2780 1469 2836 τάναντία
1498 2780 1845 2851 φρονοῦντες,

274 2877 357 2940 είς
388 2875 576 2947 ἕτερον
606 2874 1011 2944 Εὑαγγέλιον,δ
1059 2876 1161 2928 οὐκ
1219 2873 1367 2928 ἔστιν
1415 2874 1563 2940 ἄλλο,
1612 2873 1847 2947 πειρῶν-

272 2983 368 3021 ται
399 2966 771 3037 μεταστρέψαι
817 2964 909 3019 τὸν
960 2964 1089 3019 λαὸν
1132 2963 1228 3018 τοῦ
1275 2964 1435 3029 Θεοῦ,
1483 2965 1849 3037 προφέροντες

274 3056 409 3109 νόθα
458 3056 869 3127 συγγράμματα
892 3069 907 3085 ⁸
935 3056 1000 3109 ὲκ
1020 3053 1231 3118 κοιλίας
1261 3053 1590 3123 φωνοῦντες.
1626 3054 1720 3107 καὶ
1748 3054 1849 3107 οὐκ

274 3148 387 3204 ἀπὸ
412 3147 680 3219 στόματος
720 3147 950 3219 Κυρίου.
983 3146 1157 3201 arma:
1198 3145 1307 3216 γὰρ
1339 3146 1426 3200 ἀεὶ
1480 3145 1556 3216 τῷ
1591 3144 1724 3216 σίτῳ
1776 3144 1847 3198 τὰ

1956 676 2046 741 sit,
2062 686 2115 730 ct
2137 676 2255 730 sine
2284 677 2638 745 corruptione
2660 686 2955 748 prognatus
2978 698 2990 732 :
3011 680 3213 748 quippe
3238 681 3327 748 qui
3350 697 3537 748 pacm-

1956 779 2064 819 tum
2094 783 2195 819 non
2220 768 2360 837 fecit,
2420 784 2511 820 nec
2540 769 2778 836 inventus
2803 779 2876 822 est
2907 770 3056 823 dolus
3088 772 3142 823 in
3173 786 3261 824 ore
3298 772 3417 839 ejus
3465 772 3535 826 ³⁸.

1953 859 2163 914 Caetera
2187 869 2368 914 autem
2390 861 2573 914 omnia
2604 877 2757 916 more.
2786 872 2996 927 nostro,
3016 863 3148 928 edit,
3165 863 3300 917 bibit
3330 905 3344 927 ,
3375 864 3541 933 spiri-

1957 961 2069 1005 tum
2101 952 2294 1018 duxit,
2343 952 2536 1015 erevit,
2596 954 2927 1019 ambulavit,
2982 954 3219 1019 sudavit,
3254 955 3537 1017 laboravit.

1960 1044 2253 1099 cruciﬁxus
2297 1054 2418 1107 est,
2461 1054 2709 1099 mortuus
2754 1056 2837 1099 est
2868 1065 2879 1099 :
2912 1048 3037 1113 etsi,
3072 1057 3131 1101 ut
3168 1048 3346 1111 Deus,
3384 1050 3543 1101 tertio

1955 1133 2043 1188 die
2075 1135 2417 1200 resurrexit,
2452 1135 2661 1190 habens
2691 1136 2853 1189 etiam
2905 1146 3027 1206 post
3082 1139 3540 1193 resurrectionem

1954 1239 2269 1293 expressam
2304 1225 2533 1281 formam
2564 1237 2805 1282 nostram
2858 1228 2970 1297 jam
3009 1229 3310 1284 deificatam
3345 1239 3400 1285 et
3437 1231 3541 1285 im-

1955 1318 2237 1372 mortalem
2266 1319 2321 1372 in
2352 1319 2470 1389 ipso
2498 1319 2693 1375 factam
2731 1322 3062 1375 :secundum
3107 1338 3269 1390 quam
3305 1331 3360 1377 et
3389 1323 3542 1378 visus

1953 1418 2037 1460 est
2067 1407 2136 1461 ab
2166 1407 2442 1477 apostolis,
2470 1418 2525 1463 et
2560 1425 2680 1464 cum
2710 1410 2815 1464 illis
2854 1411 2987 1473 edit,
3019 1411 3155 1465 bibit
3180 1452 3194 1475 ,
3241 1413 3537 1469 redivivus.

1953 1510 2007 1553 et
2039 1515 2069 1554 a
2093 1500 2301 1555 Thema
2327 1511 2698 1557 contrectatus
2720 1513 2803 1557 est
2830 1521 2843 1556 :
2877 1504 3130 1559 omnibus
3157 1506 3247 1574 qui
3268 1521 3391 1559 eum
3418 1520 3543 1561 esse

1954 1595 2201 1662 spiritum
2225 1596 2646 1665 suspicabantur
2661 1636 2674 1661 ,
2694 1598 2911 1652 dicens:
2936 1596 3160 1667 Palpate
3182 1616 3262 1653 me
3284 1610 3331 1653 et
3349 1601 3540 1663 videte,

1954 1684 2077 1752 quia
2098 1685 2315 1754 spiritus
2338 1701 2550 1740 carnem
2570 1696 2618 1741 et
2642 1703 2757 1741 ossa
2778 1705 2879 1741 non
2903 1683 3075 1754 liabet,
3097 1690 3229 1743 sicut
3248 1691 3433 1745 videtis
3454 1707 3536 1745 me

1953 1774 2145 1828 habere
2165 1774 2331 1830 ".Sic
2364 1785 2419 1830 et
2442 1786 2754 1847 assumptus
2773 1787 2856 1833 est
2878 1780 2930 1832 in
2955 1780 3120 1850 gloria
3148 1798 3160 1833 :
3186 1781 3263 1835 sic
3281 1790 3335 1836 et
3353 1783 3532 1837 veniet

1956 1866 2007 1923 in
2038 1867 2213 1923 forma
2231 1871 2421 1925 eadem
2444 1870 2643 1940 speciei
2667 1881 2867 1926 nostra:
2894 1890 2908 1925 ε
2940 1888 3101 1942 quem
3129 1873 3333 1928 videbit
3354 1873 3533 1928 omnis

1955 1975 2085 2017 caro
2108 1962 2173 2014 de
2202 1961 2247 1993 '°
2284 1962 2433 2027 caelo,
2460 1979 2578 2016 cum
2617 1964 2816 2033 angelis
2842 1944 3051 2017 virtutis
3074 1965 3207 2034 ejus,
3237 1968 3292 2018 in
3322 1968 3543 2034 ﬂamma

1956 2050 2112 2120 ignis,
2144 2050 2431 2105 vindictam
2462 2052 2677 2106 dantem
2705 2052 2769 2105 iis
2804 2054 2894 2122 qui
2923 2069 3023 2105 non
3068 2064 3319 2108 noverunt
3349 2054 3542 2120 Deum,

1955 2150 2003 2194 et
2020 2142 2110 2211 qui
2133 2141 2419 2213 Evangelia
2440 2142 2553 2211 ejus
2574 2159 2675 2195 non
2695 2143 2997 2197 obedierunt
3022 2144 3090 2209 ³ο,
3112 2145 3255 2200 sicut
3275 2145 3541 2215 scriptum

1954 2240 2040 2286 est
2063 2248 2075 2284 :
2099 2246 2223 2287 cum
2253 2233 2452 2302 quibus
2477 2233 2732 2305 plangent
2774 2242 2829 2287 et
2862 2234 2955 2303 qui
3003 2234 3390 2290 cruciﬁxeru’nt
3413 2250 3542 2291 eum

1952 2322 2145 2388 Judaei,
2176 2332 2232 2377 et
2257 2324 2351 2393 qui
2370 2325 2491 2393 ejus
2517 2323 2745 2395 elligicm
2767 2323 2879 2379 fieri
2907 2338 3014 2379 non
3040 2324 3223 2380 ferunt
3254 2324 3542 2380 lconoma-

1953 2412 2063 2467 chi.
2102 2411 2229 2468 Haec
2264 2422 2371 2479 est,
2411 2416 2627 2479 fratres,
2673 2414 2984 2485 evangelica
3025 2416 3340 2484 praedicatio
3374 2434 3389 2470 :
3425 2414 3541 2471 hac

1953 2512 2083 2557 sunt
2100 2504 2392 2574 apostolica
2412 2504 2760 2559 documenta.
2782 2504 2883 2571 Qui
2899 2520 3031 2560 vero
3053 2514 3242 2561 contra
3262 2507 3537 2570 sentiunt,

1952 2594 2019 2650 ad
2046 2594 2191 2649 aliud
2220 2593 2573 2666 Evangelium
2592 2595 2659 2661 “,
2683 2596 2827 2666 quod
2859 2596 3080 2667 quidem
3112 2613 3219 2653 non
3252 2598 3401 2654 aliud
3431 2608 3538 2663 est,

1952 2687 2048 2741 Dei
2079 2688 2342 2758 populum
2380 2687 2668 2743 traducere
2687 2698 2976 2756 conantur,
2996 2688 3304 2745 adulterina
3333 2689 3537 2759 scripta

1953 2774 2314 2844 proferentes,
2337 2789 2403 2830 ex
2424 2782 2616 2829 ventre
2639 2775 2948 2844 loquentes,
2976 2787 3032 2831 et
3061 2792 3168 2830 non
3205 2792 3270 2831 ex
3304 2792 3400 2832 ore
3433 2777 3542 2832 Do-

1951 2865 2108 2919 mini.
2146 2866 2336 2922 Solent
2364 2882 2582 2937 semper
2621 2882 2749 2921 cum
2791 2866 2969 2923 tritico
3004 2867 3212 2923 zizania
3258 2870 3537 2942 seminari,

1948 2966 2003 3013 et
2040 2958 2251 3013 veritati
2276 2959 2620 3014 mendacium
2658 2960 2889 3030 aspergi.
2912 2959 3209 3026 Quomodo
3246 2961 3390 3016 enim
3444 2978 3538 3016 ve-

1950 3050 2082 3104 ritas
2106 3050 2395 3114 elucescat,
2442 3050 3012 3119 sicontradictionem
3063 3051 3263 3105 nullam
3304 3052 3542 3107 habeat?

1949 3138 2053 3193 Sed
2082 3139 2199 3193 licet
2227 3154 2339 3205 nos,
2374 3138 2548 3209 inquit
2574 3138 2885 3209 Apostolus,
2915 3148 3008 3193 aut
3051 3140 3271 3211 angelus
3310 3141 3373 3194 de
3412 3142 3539 3195 caelo

274 3240 495 3306 ζιζάνια
521 3239 1018 3312 παρασπείρεσθαι,
1054 3239 1149 3294 καὶ
1174 3241 1239 3311 τῇ
1270 3238 1498 3311 ἀληθείᾳ
1556 3237 1617 3291 τὸ
1650 3236 1845 3307 ψεῦδος

1954 3231 2264 3301 evangelizet
2310 3231 2479 3296 vobis,
2524 3239 2714 3301 praeter
2763 3246 2923 3301 quam
2969 3237 3104 3301 quod
3159 3232 3539 3300 euangelizavi-

274 3330 697 3401 παρατίθεσθαι.
741 3331 892 3384 Ἐπεὶ
922 3330 1040 3395 πῶς
1063 3330 1160 3384 καὶ
1181 3330 1378 3403 φανείη
1397 3328 1626 3401 ἀλήθεια
1654 3330 1730 3400 μὴ
1754 3330 1842 3383 ἀν-

272 3422 518 3490 τιλογίαν
546 3420 783 3493 ἔχουσας
859 3420 1033 3475 Ἀλλὰ
1067 3422 1164 3476 καὶ
1197 3420 1308 3475 ἐὰν
1364 3422 1559 3490 ἡμεῖς,
1622 3420 1787 3489 φησὶν
1819 3421 1849 3472 ό

285 3514 629 3579 Ἀπόστολος,
656 3513 694 3584 ἣ
726 3514 981 3584 ἅγγελος
1004 3513 1075 3579 ἐξ
1107 3514 1371 3583 οὐρανοῦ
1402 3512 1847 3584 εὐαγγελίζηται

1953 3340 2068 3378 mus
2089 3323 2250 3388 vobis,
2291 3324 2577 3377 anathema
2611 3323 2716 3376 sit:
2740 3323 2873 3377 sicut
2902 3322 3275 3392 praediximus,
3310 3332 3359 3376 et
3401 3340 3538 3377 nunc

1952 3418 2142 3472 iterum
2167 3416 2282 3468 dico
2302 3431 2321 3468 :
2350 3413 2407 3469 Si
2428 3416 2543 3485 quis
2564 3412 2704 3468 vobis
2742 3412 3057 3484 evangelizet
3086 3423 3273 3482 prater
3323 3415 3379 3467 id
3400 3415 3538 3484 quod

1956 3507 2254 3576 accepistis,
2282 3508 2566 3560 anathema
2597 3506 2666 3559 sit
2697 3503 2764 3559 ²¹.

274 3605 423 3676 ὑμῖν
449 3606 587 3674 παρ’
610 3605 643 3659 ὃ
675 3604 1187 3676 εὐηγγελισάμεθα
1215 3603 1375 3675 ὑμῖν,
1405 3604 1672 3674 ἀνάθεμα
1696 3605 1852 3658 ἔστω
1874 3617 1889 3634 ο
1926 3602 2009 3667 ὡς
2053 3598 2516 3669 προειρήκαμεν,
2546 3596 2654 3652 καί
2683 3596 2819 3665 ἄρτι
2877 3594 3066 3650 πάλιν
3088 3592 3245 3665 λέγω
3270 3608 3285 3625 ο
3344 3593 3418 3647 El
3447 3609 3537 3657 τις

274 3691 707 3763 εὐαγγελίζεται
758 3691 915 3761 ὑμᾶς
948 3693 1083 3761 παρ’
1109 3692 1142 3747 ὃ
1170 3693 1553 3762 παρελάϐετε.
1596 3690 1863 3760 ἀνάθεμα
1899 3688 2057 3743 ἔστω

352 3785 488 3857 Περὶ
507 3784 566 3838 δὲ
595 3784 694 3855 τῆς
724 3782 1013 3849 Θεοτόκου,
1051 3783 1084 3854 ἦ
1138 3782 1449 3838 οὑτινοσοῦν
1503 3783 1611 3838 τῶν
1651 3783 1851 3852 ἁγίων,

272 3879 360 3931 ὅτι
395 3876 767 3942 είκονίζοπαι,
797 3876 1057 3947 περισσόν
1077 3876 1168 3947 μοί
1192 3877 1310 3931 ἐστι
1346 3876 1409 3930 τὸ
1430 3876 1665 3948 γράφειν
1690 3877 1845 3947 ὑμῖν.

286 3966 526 4021 Ἠλίθιον
557 3968 664 4038 γὰρ
694 3967 975 4021 ὁντιναοῦν
1003 3967 1296 4039 ἄνθρωπον
1325 3968 1494 4038 φαίην
1557 3968 1632 4040 μὴ
1677 3985 1850 4040 χαρα-

273 4058 655 4128 κτηρίζεσθαι.
701 4059 841 4113 Ἀλλ’
872 4061 923 4113 οί
974 4059 1207 4131 Χριστὸν
1229 4060 1649 4132 ἀπαναινόμενοι
1694 4078 1851 4132 περι-

274 4149 607 4219 γράφεσθαι,
658 4150 719 4215 ὅς
780 4152 928 4205 ἑστιν
968 4153 1001 4223 ὴ
1050 4151 1262 4223 κεφαλὴ
1319 4150 1413 4206 τοῦ
1462 4152 1709 4223 σώματος
1750 4153 1850 4223 τῆς

287 4238 640 4309 Ἑκκλησίας,
669 4242 1063 4311 συμπεριελεῖν
1110 4242 1294 4307 ἔδοξαν
1320 4244 1414 4297 καὶ
1440 4242 1509 4296 τὰ
1546 4243 1683 4314 μέλη
1712 4244 1850 4314 Χρι-

277 4328 411 4383 στοῦ
443 4330 520 4401 μὴ
550 4329 909 4395 είκονίζεσθαι
934 4346 949 4363 ’
980 4332 1139 4404 εῐπερ
1166 4332 1339 4403 σῶμα
1367 4332 1628 4403 Χριστοῦ
1678 4333 1851 4403 ἡμεῖς

277 4422 525 4489 πάντες,
545 4422 642 4477 καὶ
661 4422 817 4492 μέλη
846 4422 915 4477 ἐκ
936 4424 1177 4493 μέρους.
1215 4425 1479 4496 Ἔλεγχος
1501 4426 1608 4494 γὰρ
1640 4426 1849 4489 αὐτοῖς,

2024 3780 2100 3837 De
2127 3781 2352 3853 Deipara
2380 3789 2561 3836 autem
2588 3790 2644 3835 et
2670 3793 2994 3850 unoquoque
3020 3786 3331 3833 sanctorum
3356 3817 3370 3841 ,
3388 3773 3536 3847 quod

1950 3887 2140 3928 eorum
2188 3873 2451 3944 imagines
2496 3871 2886 3935 eﬁ‘ormantur,
2939 3869 3427 3940 supervacaneum'
3450 3875 3537 3924 est

1951 3966 2084 4020 mihi
2108 3966 2345 4020 scribere
2372 3965 2545 4020 vobis.
2570 3964 2806 4019 Stultum
2832 3964 3032 4034 quippe
3063 3963 3289 4017 dixerim
3310 4003 3324 4026 ,
3342 3978 3535 4032 quem-

1951 4072 2167 4127 cunque
2234 4058 2511 4112 hominem
2562 4071 2670 4111 non
2725 4055 3062 4126 (igurari.At
3106 4054 3200 4125 qui
3255 4053 3536 4109 Christum

1952 4150 2323 4205 circumscribi
2353 4158 2571 4221 negant,
2618 4150 2711 4220 qui
2742 4155 2827 4204 est
2865 4158 3029 4218 caput
3066 4147 3309 4217 corporis
3351 4146 3539 4201 Eccle-

1952 4243 2081 4306 $133;
2115 4242 2317 4297 inlerre
2357 4256 2465 4296 una
2489 4241 2795 4306 voluerunt,
2831 4240 3073 4294 membra
3101 4238 3287 4293 itidem
3330 4236 3534 4293 Christi

1952 4349 2061 4388 non
2088 4332 2264 4405 eilingi
2292 4351 2306 4387 :
2334 4332 2599 4403 siquidem
2627 4348 2812 4401 corpus
2836 4331 3026 4387 Christi
3052 4348 3144 4385 nos
3197 4348 3378 4386 sumus
3419 4348 3536 4384 om-

1954 4441 2059 4489 nes,
2088 4433 2137 4479 et
2156 4424 2386 4478 membra
2416 4440 2481 4478 ea:
2519 4433 2668 4492 parte
2696 4423 2760 4477 ³⁸.
2792 4422 3036 4493 Ipsorum
3070 4432 3251 4477 autem
3283 4421 3539 4477 confuta-

280 4512 500 4583 μητέρα
557 4512 658 4582 μὲν
702 4511 838 4565 Θεοῦ
872 4513 1234 4577 είκονίξεσθαι
1318 4514 1381 4567 οὒ
1417 4513 1523 4586 μὴν
1550 4514 1643 4567 τὸν
1673 4514 1732 4581 ἐξ
1759 4516 1852 4569 αὖ-

1957 4515 2035 4569 ιίο
2063 4522 2167 4578 est,
2203 4523 2429 4568 matrem
2454 4513 2673 4583 quidem
2699 4512 2794 4567 Dei
2816 4511 3015 4583 eﬂingi.
3060 4528 3161 4566 nec
3201 4522 3379 4567 tamen
3410 4528 3535 4566 eum

276 4604 381 4673 τῆς
402 4603 685 4675 τεχθέντα,
711 4604 804 4657 καὶ
830 4605 968 4675 αὐτῇ
1003 4605 1308 4676 ὑπομάζιον
1335 4606 1591 4675 ὀφθέντα.
1629 4608 1723 4660 καὶ
1752 4606 1853 4661 ὅσα

273 4694 380 4765 τῆς
426 4698 747 4767 σωματικῆς
794 4695 962 4750 αὐτοῦ
1017 4696 1324 4767 παρουσίας
1388 4697 1722 4751 ὑπείκονταο
1814 4698 1849 4770 ἢ

277 4786 444 4839 πάλιν
462 4786 589 4850 τοὺς
604 4786 876 4851 αὐτόπτας
904 4787 1000 4840 καὶ
1024 4787 1301 4859 ὑπηρέτας
1332 4789 1847 4861 στηλογραφεῖσθαι·

275 4878 375 4931 τὸν
407 4877 463 4930 δὲ
482 4878 895 4950 ὑπηρετηθέντα
926 4881 1019 4933 καὶ
1042 4884 1554 4954 συναναπραφέντα
1583 4881 1657 4953 μὴ
1682 4900 1851 4955 χαρα-

278 4967 657 5037 κτηρίζεσθαι.
694 4970 804 5023 Καὶ
845 4970 1115 5024 Ἰουδαίων
1141 4971 1356 5043 χείρους
1386 4973 1725 5027 δείκνυνται¹
1768 4973 1851 5027 ὅτι

276 5056 404 5109 οὐδὲ
433 5056 698 5124 ωωσέως,
745 5058 932 5111 οὐδἐί
978 5076 1123 5124 τινος
1178 5062 1337 5115 ἄλλου
1397 5062 1506 5116 τῶν
1553 5063 1853 5135 προφητῶν

278 5146 467 5200 εἰκόνα
501 5149 853 5219 προσίενται*
889 5151 1264 5221 προσιεμένων
1313 5153 1538 5207 ἐκείνων
1588 5154 1694 5209 τῶν
1747 5154 1854 5225 πρὸ

277 5238 382 5306 τῆς
408 5238 653 5309 χάριτος,
690 5240 767 5303 ὡς
808 5242 1047 5312 νομικῶν
1087 5246 1181 5297 καὶ
1205 5244 1266 5297 οὐ
1292 5246 1653 5316 Χριστιανῶν.
1684 5247 1746 5301 Oi
1795 5247 1853 5301 δὲ

276 5330 535 5386 τοσοῦτον
557 5334 964 5403 ἀνοηταίνουσιν
996 5337 1070 5402 ὡς
1100 5341 1193 5391 καὶ
1218 5340 1432 5403 ἑαυτοῖς
1455 5340 1548 5393 καὶ
1582 5339 1854 5404 Ἰουδαίοις

283 5423 556 5493 μάχεσθαι
585 5440 601 5456 ο
644 5427 739 5479 καὶ
772 5427 913 5497 μήτε
951 5427 1244 5493 Ἰουδαίους
1272 5425 1411 5484 εἶναι
1450 5431 1845 5501 νομοφύλακας

282 5516 425 5585 μήτε
450 5516 829 5587 Χριστιανοὺς,
869 5518 969 5572 οὐκ
1001 5519 1455 5590 είδογραφοῦντας
1480 5523 1571 5575 τὸν
1598 5521 1853 5593 Χριστὸν,

260 5604 343 5685 ,ὃν
366 5609 710 5678 προτήκαντο
735 5608 1024 5683 ἄνθρωπον
1040 5611 1324 5680 γεγονότα.
1342 5612 1497 5684 Φωνὴ
1525 5613 1737 5685 Πέτρου
1761 5610 1856 5666 τοῦ

1958 4607 2049 4676 qui
2075 4621 2141 4661 ex
2167 4621 2231 4661 ea
2260 4615 2424 4661 natus
2454 4613 2540 4660 est
2567 4645 2581 4670 ,
2617 4605 2713 4675 qui
2754 4604 2875 4674 ejus
2916 4603 3178 4658 uberibus
3207 4602 3453 4667 adhzesit,
3478 4608 3536 4656 et

1958 4714 2295 4770 quaecunque
2317 4698 2420 4753 alia
2446 4698 2590 4752 illius
2635 4700 2690 4751 in
2720 4710 2946 4767 corpore
2996 4696 3286 4751 adventum
3347 4704 3535 4750 secuta

1959 4802 2130 4849 sunt:
2171 4800 2265 4847 aut
2322 4804 2538 4847 rursum
2561 4791 2804 4846 oculatos
2848 4796 3013 4844 testes
3060 4804 3123 4843 ac
3156 4786 3385 4842 famulos
3423 4796 3535 4841 sta-

1960 4883 2068 4935 tuis
2105 4882 2335 4953 exprimi
2377 4898 2391 4946 ;
2439 4881 2615 4952 ipsum
2646 4896 2774 4936 vero
2797 4881 2887 4936 cui
2936 4880 3264 4942 serviebant,
3296 4888 3354 4933 et
3400 4894 3534 4947 quo.

1957 4987 2081 5026 cum
2122 4972 2478 5027 versabantur
2508 5013 2522 5036 ,
2589 4986 2697 5026 non
2724 4970 2978 5041 exprimi.
3026 4971 3092 5025 Et
3138 4969 3341 5025 Judaeis
3372 4970 3533 5039 plane

1954 5061 2253 5119 deteriores
2277 5078 2336 5120 se
2368 5062 2701 5118 ostendunt:
2736 5062 2861 5132 quia
2901 5077 3004 5117 nec
3038 5060 3251 5133 Moysis,
3273 5076 3375 5115 nec
3400 5062 3534 5115 alte-

1954 5152 2070 5207 rius
2112 5154 2415 5224 cuiuspiam
2454 5168 2485 5209 e
2518 5152 2799 5223 prophetis
2862 5151 3145 5223 imaginem
3216 5152 3531 5221 recipiunt:

1954 5243 2367 5299 admittentibus
2407 5244 2514 5298 illis
2562 5258 2659 5299 eos
2694 5242 2788 5313 qui
2838 5252 2966 5298 ante
3012 5242 3239 5314 gratiam
3288 5242 3528 5308 fuerant,

1956 5351 2056 5390 ceu
2105 5336 2239 5408 legis
2289 5336 2549 5402 cultores,
2581 5344 2636 5392 et
2684 5350 2795 5390 non
2850 5335 3216 5391 Christianos.
3258 5334 3350 5389 Isti
3404 5350 3534 5389 vero

1959 5444 2026 5483 eo
2069 5430 2329 5484 vecordes
2368 5438 2527 5495 sunt,
2578 5437 2636 5483 ut
2697 5443 2882 5484 secum
2925 5428 3027 5497 ipsi
3061 5436 3116 5483 et
3155 5442 3278 5482 cum
3332 5426 3535 5483 Judaeis

1962 5529 2205 5591 pugnent
2236 5539 2249 5575 :
2282 5530 2342 5575 ut
2373 5535 2549 5591 neque
2569 5520 2741 5575 Judazi
2775 5520 2882 5574 sint
2908 5520 3040 5590 legis
3056 5520 3331 5583 custodes,
3355 5533 3534 5587 neque

1963 5612 2258 5667 Christiani
2281 5613 2403 5683 :qui
2423 5610 2623 5667 Christi
2649 5610 2874 5683 effigiem
2900 5612 3125 5682 exprimi
3146 5612 3345 5677 nolint,
3370 5626 3532 5682 quem

358 5807 444 5884 ΡΙ
482 5812 629 5869 Petr.
663 5815 837 5882 11,22.
914 5818 959 5851 ²⁹
981 5814 1113 5872 Luc.
1148 5832 1294 5882 xxiv,
1349 5815 1440 5872 39.
1532 5816 1577 5849 ”
1602 5814 1794 5872 Thess.
1828 5831 1867 5882 ι,
1903 5815 1953 5869 7.
2033 5814 2074 5846 ³⁸
2110 5812 2286 5870 Galat.
2322 5828 2360 5884 I,
2392 5813 2445 5868 'l.
2523 5813 2567 5846 ι’
2609 5812 2785 5869 Calat.
2828 5827 2947 5881 vm,
2992 5813 3044 5870 9.
3119 5811 3217 5869 ⁸³1
3250 5812 3376 5869 Cor.
3434 5827 3533 5878 xu,

288 5876 385 5934 27.
