4164 6510
694 437 834 502 1135

1874 439 1932 496 S.
1971 435 2359 496 TIIEODORI
2390 435 2734 496 STUDlT/E

3789 436 3931 499 1136

695 544 967 597 hominem
993 541 1192 596 factum
1232 553 1551 613 agnoscunt.
1583 543 1726 597 Petri
1772 543 2000 612 apostoli
2041 558 2142 594 vox
2174 550 2250 594 est

2358 540 2655 592 ἀποστόλου
2701 540 2848 592 ἐστὶν
2901 540 2958 591 ὲν
3018 540 3226 611 ἰατορίᾳ
3288 541 3588 612 μαρτυρίου
3630 542 3723 597 τοῦ
3773 546 3930 612 ἁγίου

693 635 745 687 in
789 635 1010 688 historia
1055 637 1295 706 martyrii
1326 638 1494 690 sancti
1519 636 1782 690 Pancratii
1819 654 1874 688 ει
1909 635 2006 688 Fili
2037 635 2259 704 Ioseph,

691 723 824 776 alier
860 724 1146 794 imaginem
1199 723 1408 777 Domini
1444 726 1611 778 nostri
1647 724 1772 778 Jesu
1824 725 2059 788 Christi,
2089 725 2262 778 etim-

692 815 864 880 prime
897 815 1038 867 illam
1082 817 1134 869 in
1177 816 1450 886 pyrgisco,
1493 825 1552 869 ut
1583 825 1810 871 cernant
1835 817 2019 886 populi
2048 816 2259 886 qualem

692 904 916 958 formam
940 907 1474 976 assumpseritFilius
1499 908 1588 960 Dei
1622 925 1634 960 :
1661 916 1716 961 ut
1742 907 1988 962 videntes
2031 908 2262 976 amplius

691 996 933 1058 credant,
970 995 1154 1051 formae
1204 1007 1383 1066 typum
1428 998 1697 1052 intuentes
1745 1009 1799 1052 et
1847 999 2262 1053 reminiscantur

691 1099 876 1138 eorum
913 1102 1033 1154 quae
1078 1102 1174 1155 per
1204 1103 1304 1140 nos
1340 1088 1418 1141 eis
1470 1090 1785 1141 annuntiata
1837 1089 2045 1142 sunt“.
2079 1109 2096 1140 ι
2148 1090 2259 1142 Vox

691 1173 837 1228 Pauli
870 1185 946 1230 est
990 1177 1078 1235 ρο
1121 1178 1369 1230 insensati
1402 1179 1650 1234 Galam!
1680 1180 1793 1249 quis
1840 1196 1926 1232 vos
1984 1182 2259 1249 fascinavit

689 1280 789 1316 non
820 1267 1024 1320 obedire
1046 1269 1252 1320 veritati
1285 1285 1302 1331 ;
1328 1279 1447 1322 ante
1468 1286 1685 1338 quorum
1703 1269 1876 1321 oculos
1911 1269 2060 1323 Iesus
2103 1270 2256 1324 Chri-

686 1365 795 1409 stus
834 1359 1166 1425 praseriptus
1181 1368 1253 1411 est
1284 1359 1338 1411 in
1357 1361 1492 1411 vobis
1519 1360 1797 1427 eruciﬁxus
1822 1361 1865 1391 ⁸³
1882 1359 1904 1411 ?
1924 1358 2036 1413 Vox
2079 1360 2256 1415 Basilii

687 1449 861 1516 magni
903 1458 1021 1502 est:
1052 1467 1069 1500 ι
1107 1448 1451 1518 Exprimatur
1485 1451 1538 1502 in
1562 1450 1738 1503 tabula
1769 1451 2082 1504 certaminis
2123 1468 2257 1520 pra:-

687 1555 774 1594 ses
822 1540 1071 1595 Christus
1119 1543 1183 1594 ³⁸.
1226 1561 1244 1593 ›
1277 1543 1361 1596 -Εῑ
1401 1542 1595 1596 iterum
1650 1560 1716 1595 ει
1767 1543 1985 1612 lmagini
2041 1543 2256 1596 habitus

687 1628 859 1683 honor
892 1631 956 1683 ad
1003 1631 1276 1700 exemplar
1312 1633 1502 1685 transit
1540 1632 1606 1685 ³⁷.
1638 1650 1656 1682 ›
1692 1631 1794 1685 Τοι
1834 1632 2024 1701 palmis
2073 1633 2253 1702 inclyti

684 1721 966 1774 Athanasii
993 1738 1092 1775 vox
1107 1732 1222 1776 est:
1255 1741 1272 1773 ι
1306 1722 1747 1792 Nos,quiﬁdeles
1767 1724 2253 1793 sumus,imagines

682 1828 790 1865 non
821 1812 1104 1866 adoramus
1139 1823 1393 1881 tanquam
1422 1815 1570 1876 deos,
1605 1815 1746 1882 quod
1786 1813 1959 1868 Graeci
1992 1814 2198 1868 faciunt
2237 1833 2248 1868 :

682 1903 822 1957 absit
853 1921 865 1956 :
899 1903 990 1957 sed
1016 1903 1268 1956 all'ectum
1294 1905 1666 1958 tantummodo
1691 1915 1741 1958 et
1765 1905 2256 1962 cliarilatisnostra:

683 1996 919 2049 studium
951 2011 1076 2066 erga
1107 1996 1330 2065 ﬁguram
1378 2012 1625 2066 personae
1673 2013 1770 2067 per
1814 1999 2103 2068 imaginem
2159 2014 2256 2053 ex-

682 2103 884 2158 pressa:
909 2088 1244 2143 declaramus
1270 2090 1333 2141 ³⁸.
1368 2106 1386 2140 ι
1424 2087 1538 2142 Vox
1563 2088 1931 2158 Chrysostomi
1957 2099 2040 2144 est
2069 2109 2082 2146 :
2106 2109 2123 2141 ι
2145 2089 2256 2158 Ego

683 2198 751 2238 ex
806 2197 927 2236 cera
986 2182 1158 2236 fusam
1211 2183 1383 2236 amavi
1439 2183 1701 2251 picturam
1735 2221 1750 2246 ,
1823 2183 2044 2252 pietatis
2127 2198 2256 2253 ergo

681 2273 877 2329 factam
914 2275 955 2306 ”
1011 2275 1129 2327 Vidi
1192 2275 1335 2329 enim
1388 2275 1634 2344 angelum
1677 2274 1729 2326 in
1781 2274 2012 2343 imagine
2071 2275 2254 2343 c0pias

680 2369 1027 2422 barbarorum
1053 2376 1359 2422 versantem
1388 2368 1438 2419 in
1472 2367 1674 2437 fugam,
1702 2367 1810 2420 vidi
1835 2367 2098 2436 protritas
2136 2367 2255 2420 bar-

679 2459 837 2513 baras
863 2469 1079 2529 gentes,
1131 2469 1184 2512 et
1215 2458 1468 2512 Davidem
1497 2475 1622 2512 vera
1652 2473 1784 2512 voce
1824 2459 2206 2512 concinentem
2235 2473 2248 2507 :

679 2547 918 2612 Domine,
953 2551 1009 2600 in
1038 2550 1249 2602 civitate
1297 2559 1384 2601 tua
1427 2550 1708 2618 imaginem
1753 2549 1986 2616 ipsorum
2013 2550 2082 2602 ad
2113 2550 2252 2601 nihi-

683 2639 790 2691 lum
816 2641 1015 2709 rediges
1040 2639 1104 2692 ⁸⁸.
1136 2659 1153 2690 ι
1186 2639 1337 2704 Quod
1377 2640 1428 2691 in
1463 2640 1736 2694 Christum
1757 2641 1859 2695 hoc
1900 2649 2163 2708 tempore,
2200 2648 2256 2694 et

680 2731 734 2784 in
766 2729 1044 2799 Deiparam
1092 2745 1154 2784 ac
1193 2738 1429 2791 sanctos,
1481 2730 1685 2784 faciunt
1740 2731 2154 2785 lcononomachi
2183 2750 2195 2784 :
2221 2747 2255 2785 ο

679 2839 792 2878 rem
850 2825 1038 2878 auditu
1076 2822 1402 2877 horrendam
1429 2824 1440 2876 l
1471 2833 1688 2877 sanctas
1735 2823 1949 2877 illorum
1990 2823 2254 2892 imagines

678 2914 962 2968 abolendo.
1016 2915 1194 2982 Atque
1237 2923 1298 2967 ut
1347 2923 1572 2967 caeteras
1623 2913 1851 2967 aliorum
1906 2915 2254 2969 auctoritates

680 3005 1086 3075 praetermittam
1129 3021 1143 3069 ;
1193 3004 1377 3058 multa:
1419 3004 1566 3057 enim
1594 3014 1928 3073 suppetunt;
1976 3007 2021 3060 si
2085 3021 2250 3062 unam

679 3095 949 3166 adiecero,
973 3095 1039 3148 ad
1069 3094 1213 3148 aliud
1240 3094 1544 3148 orationem
1565 3103 1898 3152 convertam.

748 3266 864 3320 Vox
897 3276 979 3321 est
1002 3266 1308 3321 divinorum
1338 3263 1560 3320 Patrum
1584 3265 1676 3334 qui
1696 3275 1862 3320 sexta:
1890 3274 2096 3320 sanctae
2122 3281 2248 3336 syn-

679 3359 784 3414 odo
842 3358 1112 3413 affuerunt
1157 3376 1170 3411 :
1230 3377 1248 3410 ι
1303 3357 1360 3411 In
1412 3358 1734 3427 quibusdam
1814 3359 2248 3412 venerandarum

680 3451 974 3520 imaginum
1011 3447 1274 3518 picturis,
1327 3463 1498 3518 agnus
1539 3447 1632 3516 qui
1680 3447 2035 3501 Praecursoris
2079 3448 2249 3519 digito

679 3549 1018 3595 monstratur
1044 3540 1387 3608 exprimitur,
1417 3538 1508 3608 qui
1539 3539 1591 3592 in
1617 3539 1798 3609 gratia:
1823 3547 2004 3609 typum
2036 3553 2248 3593 assum-

679 3642 805 3703 ptus
839 3642 966 3687 est:
1006 3634 1214 3701 Agnum
1246 3646 1434 3684 verum
1481 3629 1634 3685 nobis
1673 3647 1769 3700 per
1809 3630 1980 3700 legem
2021 3631 2246 3684 demon-

681 3732 861 3776 strans
886 3720 1166 3776 Christum
1207 3719 1376 3774 Deum
1408 3730 1676 3774 nostrum.
1709 3719 1816 3775 Nos
1856 3723 2018 3790 igitur
2047 3720 2246 3792 ﬁguras

680 3822 894 3868 veteres
924 3824 1086 3882 atque
1117 3814 1359 3874 umbras,
1401 3821 1655 3880 tanquam
1703 3813 1944 3866 veritatis
1986 3822 2140 3867 notas
2184 3828 2247 3868 ac

680 3906 833 3977 signa
891 3905 1146 3960 Ecclesia:
1191 3904 1384 3957 tradita
1430 3903 1874 3972 complectentes,
1924 3905 2154 3973 gratiam
2193 3915 2248 3960 et

678 3997 963 4052 veritatem
991 3995 1395 4065 anteponimus,
1421 4009 1580 4062 quam
1608 4003 1666 4046 ut
1694 3994 1824 4063 legis
1851 3994 2243 4062 plenitudinem

679 4090 1008 4158 accepimus.
1055 4087 1241 4156 Itaque
1273 4097 1330 4141 ut
1365 4087 1414 4138 id
1459 4085 1602 4154 quod
1649 4085 1949 4154 perfectum
1988 4096 2094 4152 est,
2127 4103 2244 4142 om-

679 4181 830 4234 nium
861 4181 1021 4234 etiam
1070 4179 1243 4233 oculis
1292 4178 1617 4245 subjiciatur
1655 4177 1706 4230 in
1748 4177 2010 4246 picturis;
2051 4180 2242 4232 statui-

680 4284 802 4323 mus
842 4279 900 4324 ut
938 4269 1160 4338 posthac
1199 4269 1395 4319 veteris
1431 4265 1551 4335 agni
1600 4266 1739 4329 loco,
1783 4266 1968 4335 Agnus
2015 4267 2101 4320 ille
2150 4267 2242 4336 qui

2364 631 2736 701 Παγκρατίου.
2778 650 2796 682 ι
2834 633 3035 684 Τέκνον
3078 633 3292 703 Ἰωσὴφ,
3317 634 3565 701 ἐξένεγκε
3598 636 3696 705 τὴν
3745 639 3932 690 εἰκόνα

2362 722 2455 775 τοῦ
2505 724 2707 793 Κυρίου
2739 722 2892 791 ἡμῶν
2933 723 3106 792 Ἰησοῦ
3138 724 3378 792 Χριστοῦ
3411 738 3424 752 °
3473 726 3568 778 καὶ
3610 726 3933 783 ὲντύπωσον

2363 815 2531 882 αὐτὴν
2579 815 2637 866 ὲν
2675 814 2750 882 τῷ
2783 814 3107 884 πυργίσκῳ·
3146 816 3232 867 ἵνα
3277 815 3490 868 εἴδωσιν
3518 817 3565 868 οἰ
3604 817 3724 869 λαοὶ
3769 821 3932 872 ποίαν

2365 905 2577 974 μορφὴν
2609 905 2796 957 ἐλαϐεν
2824 909 2852 959 ὁ
2900 906 3026 969 Υἱὸς
3057 906 3150 959 τοῦ
3205 907 3340 960 Θεοῦ
3371 923 3384 937 ο
3435 907 3521 960 ἵνα
3572 909 3773 972 ἰδόντες
3836 914 3932 964 ἐπὶ

2362 995 2523 1047 πλέον
2552 996 2930 1061 πιστεύσωσιν,
2962 997 3196 1067 ὁρῶντες
3241 998 3332 1050 τὸν
3366 997 3535 1051 τύπον
3559 1000 3657 1068 τῆς
3685 1001 3928 1070 μορφῆς,

2361 1087 2452 1139 καὶ
2492 1087 2803 1157 ὑπόμνησιν
2829 1087 3148 1157 λαμϐάνωσι
3197 1088 3306 1142 τῶν
3349 1089 3480 1160 παρ’
3507 1091 3663 1160 ἡμῶν
3693 1093 3775 1154 εἰς
3828 1094 3927 1143 αὐ-

2357 1177 2483 1240 τοὺς
2511 1170 2909 1247 κηρυχθέντων.
2931 1197 2949 1229 ι
2983 1179 3142 1250 Φωνὴ
3169 1179 3380 1232 Παύλου
3427 1181 3573 1233 ἐστίν
3596 1198 3608 1210 ⁸
3641 1177 3716 1234 Ὠ
3738 1183 3923 1248 ἀνόη-

2358 1285 2448 1321 τοι
2497 1270 2784 1332 Γαλάται,
2837 1271 2930 1335 τίς
2957 1269 3112 1339 ὑμᾶς
3141 1270 3438 1338 ἐϐάσκηνε
3471 1271 3545 1339 τῇ
3561 1273 3811 1339 ἀληθείᾳ
3835 1274 3924 1340 μὴ

2357 1360 2682 1424 πείθεσθαι,
2713 1355 2805 1425 οἷς
2841 1361 2967 1413 κατ’
2992 1361 3337 1430 ὀφθαλμοὺς
3386 1362 3623 1429 Ἰησοῦς
3670 1365 3927 1430 Χριστύς

2357 1449 2696 1520 προεγράφη
2715 1451 2784 1503 ἐν
2799 1451 2940 1519 ὑμῖν
2967 1452 3416 1520 ἐσταυρωμένος
3431 1469 3448 1515 ,'
3465 1455 3618 1524 Φωνὴ
3642 1455 3932 1508 Βασιλείαιι

2354 1540 2449 1593 τοῦ
2503 1542 2739 1610 μεγάλου
2769 1543 2938 1595 ἐστίν·
2982 1561 3001 1593 ι
3043 1544 3434 1612 Ἐγγραφὲσθω
3465 1544 3542 1613 τῷ
3584 1544 3773 1596 πίνακι
3829 1548 3926 1596 καὶ

2354 1635 2382 1685 ό
2413 1633 2520 1685 τῶν
2547 1635 2941 1701 παλαισμάτων
2971 1635 3596 1705 ἀγωνοθέτηςΧριστός.
3637 1653 3658 1686 s
3689 1636 3800 1688 Καὶ
3828 1632 3927 1688 a5-

2356 1722 2458 1786 0t;'
2498 1741 2517 1775 ι
2567 1723 2629 1776 Ἦ
2667 1724 2759 1792 τῆς
2788 1725 2998 1787 εἰκόνος
3027 1725 3161 1795 τιμὴ
3195 1725 3286 1777 ἐπὶ
3309 1727 3371 1778 τὺ
3407 1726 3767 1796 πρωτότυπον
3810 1728 3925 1780 δια-

2355 1811 2552 1867 ϐαίνει.
2593 1833 2612 1866 ›
2640 1816 2794 1884 Φωνὴ
2836 1815 3162 1870 ’Δθανασίου
3214 1815 3308 1869 τοῦ
3363 1816 3666 1870 πολυάθλου
3721 1819 3870 1870 ἐστίν
3903 1835 3922 1849 ο

2292 1887 2330 1941 Β
2364 1925 2382 1957 ι
2417 1907 2526 1974 Οὐχ
2557 1906 2633 1968 ὡς
2678 1906 2832 1968 θεοὺς
2861 1907 2960 1968 τάς
3008 1906 3223 1969 εἰκόνας
3273 1906 3687 1976 προσκυνοῦμεν
3722 1910 3770 1960 οἰ
3826 1927 3922 1960 πι-

2359 1999 2493 2058 στοὶ,
2522 1997 2596 2065 μὴ
2619 1997 2851 2062 γένοιτο,
2883 1995 3070 2067 ὥσπερ
3093 1997 3144 2048 οἰ
3171 1997 3457 2066 Ἕλληνες.
3492 1999 3650 2051 Ἀλλά
3666 1998 3763 2067 τὴν
3791 2000 3922 2068 σχέ-

2357 2103 2442 2139 σιν
2467 2085 2648 2151 μόνον,
2677 2088 2771 2137 καὶ
2803 2085 2894 2137 τὸν
2917 2086 3078 2138 πόθον
3107 2089 3202 2156 τῆς
3233 2087 3390 2156 ἡμῶν
3421 2087 3640 2157 ἀγάπης
3669 2089 3804 2156 πρὸς
3829 2090 3924 2142 τὸν

2354 2176 2678 2247 χαρακτῆρα
2729 2176 2822 2228 τοῦ
2848 2177 3136 2246 προσώπου
3194 2177 3295 2245 τῆς
3344 2179 3549 2242 εἰκόνος
3596 2179 3927 2248 ἐμφανίζον-

2353 2283 2463 2327 τες.
2505 2283 2523 2315 ι
2557 2265 2710 2335 Φωνὴ
2742 2263 2832 2318 τοῦ
2864 2265 3245 2335 Χρυσοστόμου
3281 2266 3453 2319 ἐστίν’
3494 2285 3513 2319 ι
3552 2267 3690 2335 Ἐγὼ
3716 2269 3924 2340 καὶτὴν

2354 2357 2656 2426 κηρόχυτον
2685 2357 2948 2426 ἠγάπησα
3003 2358 3241 2427 γραφὴν,
3264 2357 3546 2422 εὐσεϐείας
3592 2359 3776 2413 ἕνεκεν
3819 2376 3924 2412 πε·-

2353 2449 2739 2519 πληρωμένην.
2773 2444 2924 2502 Εἶδον
2945 2447 3053 2518 γὰρ
3083 2449 3313 2516 ἄγγελον
3331 2451 3390 2504 ὲν
3418 2450 3584 2504 εἰκόνι
3626 2450 3925 2504 ἐλαύνοντα

2355 2540 2646 2610 βαρϐάρων
2680 2540 2840 2609 στίφη
2874 2557 2888 2570 ο
2913 2536 3056 2593 εἰδον
3089 2539 3402 2611 πατούμενα
3443 2541 3729 2612 βαρϐάρων
3751 2540 3921 2609 φῦλα,

2353 2633 2448 2685 καὶ
2479 2633 2570 2686 τόν
2597 2631 2759 2686 Δαυῒδ
2785 2630 3116 2702 ἀληθεύοντα
3137 2648 3150 2661 ·
3168 2634 3365 2700 Κύριε,
3403 2633 3474 2685 ἐν
3501 2630 3572 2699 τῇ
3605 2633 3772 2685 πόλει
3800 2650 3922 2689 σου

2353 2722 2466 2790 τὴν
2493 2725 2696 2776 εἰκόνα
2738 2721 2938 2777 αὐτῶν
2986 2723 3431 2790 ἐξουδενώσεις.
3478 2743 3498 2777 ι
3533 2722 3709 2796 Ὀπερ
3737 2727 3791 2778 οἱ
3837 2729 3922 2790 εἰς

2352 2813 2584 2880 Χριστὸν
2616 2813 2709 2866 νῦν
2742 2814 3235 2886 Εἰκονομαχοῦντες
3252 2817 3329 2879 εῐς
3352 2832 3411 2868 τε
3434 2813 3532 2885 τὴν
3548 2815 3806 2871 Θεοτόκον
3824 2818 3920 2870 καὶ

2352 2906 2475 2969 τοὺς
2505 2906 2693 2974 ἁγίους
2724 2907 3067 2978 ἐργάζονται,
3088 2909 3132 2960 ὣ
3158 2907 3252 2960 τοῦ
3284 2906 3518 2977 φοϐεροῦ
3548 2910 3915 2978 ἀκούσματοςί

2351 2995 2450 3060 τάς
2475 2997 2640 3065 ἁγίας
2671 2999 2846 3051 αὐτῶν
2867 3000 3082 3062 εἰκόνας
3111 2996 3558 3062 εἰξουδενοῦντες.
3583 3000 3690 3052 Καὶ
3713 3001 3801 3054 ἱνα
3821 3002 3922 3063 τὰς

2354 3086 2460 3138 τῶν
2505 3087 2679 3141 ἀλλων
2736 3088 2916 3155 φωνὰς
2968 3087 3328 3158 παραδράμιω⁹
3383 3087 3574 3141 πολλαὶ
3627 3089 3742 3158 γάρ
3783 3090 3914 3142 εισι.

2276 3221 2318 3279 c
2351 3175 2495 3229 Μίαν
2544 3175 2819 3244 προσθεὶς,
2858 3175 2943 3228 ἐπ’
2998 3175 3126 3229 ἄλλο
3152 3176 3406 3246 τρέψοιμι
3431 3177 3526 3230 τὸν
3551 3178 3725 3246 λόγον.

2420 3269 2574 3338 Φωνὴ
2601 3267 2709 3320 τῶν
2737 3268 2834 3338 τῆς
2859 3269 3026 3339 ἕκτης
3054 3269 3216 3336 ἁγίας
3257 3271 3477 3324 συνόδου
3507 3271 3777 3342 θεοφόρων
3805 3273 3922 3324 Πα-

2349 3359 2523 3428 τέρων
2560 3360 2741 3412 ἐστίν’
2789 3378 2807 3410 ι
2843 3361 2939 3413 Ἐν
2968 3377 3078 3414 τισι
3113 3361 3221 3414 τῶν
3253 3363 3464 3415 σεπτῶν
3512 3363 3734 3416 εἰκόνων
3774 3379 3918 3431 γρα-

2351 3451 2478 3518 φαῖς
2507 3449 2673 3518 ἀμνὸς
2704 3449 2950 3522 δακτύλῳ
2975 3450 3068 3504 τοῦ
3105 3451 3416 3523 Προδρόμου
3441 3452 3790 3521 δεικνύμενος
3819 3455 3918 3520 ἑγ-

2348 3540 2676 3609 χαράττεται
2699 3555 2713 3571 ·
2765 3541 2823 3604 ὃς
2875 3543 2952 3603 εἰς
2991 3541 3158 3595 τύπον
3187 3543 3508 3613 παρελήφθη
3539 3543 3638 3611 τῆς
3671 3543 3916 3612 χάριτος,

2347 3633 2438 3685 τὸν
2485 3633 2738 3703 ἀληθινὸν
2785 3636 2916 3704 ἡμῖν
2950 3634 3038 3687 διὰ
3067 3635 3229 3704 νόμου
3266 3636 3688 3705 προῦποφαίνων
3721 3637 3916 3702 ἀμνὸν,

2347 3721 2582 3791 Χριστὸν
2612 3722 2703 3774 τὸν
2743 3723 2875 3775 Θεὸν
2921 3722 3096 3791 ἡμῶν.
3124 3723 3261 3785 Τοὺς
3289 3719 3381 3775 οὖν
3421 3723 3683 3785 παλαιοὺς
3714 3722 3921 3786 τύπους

2348 3814 2443 3864 καὶ
2471 3813 2568 3874 τάς
2600 3813 2778 3873 σκιὰς.
2799 3811 2874 3873 ώς
2900 3812 2999 3880 τῆς
3023 3811 3280 3880 ἀληθείας
3307 3811 3554 3881 σύμὸολά
3583 3829 3640 3864 τε
3664 3813 3759 3866 καὶ
3789 3831 3922 3883 προ-

2347 3903 2676 3972 χαράγματα
2703 3905 2767 3972 τῇ
2805 3901 3102 3971 Ἐκκλησία
3132 3902 3598 3972 παραδεδομένους
3629 3920 3919 3957 κατασπα-

2346 3993 2586 4062 ζόμενοι,
2636 3991 2734 4061 τὴν
2778 3992 2936 4062 χάριν
2967 3992 3323 4061 προτιμῶμεν
3362 3993 3455 4045 καὶ
3503 3993 3603 4063 τὴν
3635 3993 3918 4063 ἀλήθειαν,

2344 4084 2419 4146 ώς
2447 4082 2714 4152 πλήρωμα
2745 4083 2910 4152 νόμου
2933 4081 3133 4151 ταύτην
3165 4081 3572 4151 ὑποδεξάμενοι.
3609 4081 3697 4146 Ὦς
3723 4084 3788 4136 ἂν
3823 4080 3920 4137 οὗν

2341 4173 2402 4226 τὸ
2425 4173 2629 4227 τέλειον
2661 4173 2762 4225 κάν
2785 4174 2902 4235 ταῖς
2932 4172 3404 4244 χρωματουργίαις
3433 4174 3489 4226 ἐν
3515 4175 3632 4237 ταῖς
3661 4175 3922 4228 ἁπάντων

2341 4265 2527 4333 ὕψεσιν
2559 4265 2973 4336 ύπογράφηται·
3004 4266 3095 4318 τὸν
3125 4265 3220 4319 τοῦ
3250 4265 3495 4336 αίροντος
3517 4266 3618 4334 τὴν
3643 4267 3922 4335 ἁμαρτίαν

680 4357 819 4410 tollit
865 4365 1144 4426 peccatum
1193 4354 1413 4417 mundi,
1477 4356 1710 4408 humana
1763 4353 1933 4408 forma
1980 4355 2142 4409 etiam
2187 4357 2240 4410 in

2350 4356 2437 4408 τοῦ
2467 4355 2670 4426 κόσμου
2696 4356 2869 4426 ἀμνοῦ
2899 4355 3133 4427 Χριστοῦ
3161 4355 3253 4410 τοῦ
3288 4355 3422 4409 Θεοῦ
3456 4356 3633 4426 ἡμῶν,
3666 4357 3804 4409 κατά
3824 4356 3918 4407 τὸν

679 4449 1007 4520 imaginibus
1055 4449 1327 4518 erigatur;
1379 4454 1439 4501 ut
1469 4460 1566 4516 per
1608 4446 1806 4516 ipsum.
1859 4446 2238 4502 celsitudinem

2350 4446 2678 4516 ἀνθρώπινον
2703 4447 3027 4516 χαρακτῆρα
3051 4462 3066 4478 ⁶
3105 4447 3199 4500 καὶ
3225 4447 3281 4499 ὲν
3314 4449 3431 4510 ταῖς
3457 4447 3659 4499 εἰκόσιν
3682 4445 3790 4498 ἀπὸ
3819 4444 3917 4498 τοῦ

678 4539 1003 4594 humilitatis
1037 4538 1129 4593 Dei
1165 4536 1324 4592 Verbi
1365 4537 1885 4607 comprehendentes
1924 4539 2126 4603 animo,
2173 4539 2239 4593 ad

2351 4537 2444 4590 νῦν
2487 4538 2608 4591 ἀντὶ
2642 4537 2736 4589 τοῦ
2771 4537 3000 4599 παλαιοῦ
3053 4539 3225 4606 ἀμνοῦ
3268 4535 3697 4604 ἀναστηλοῦσθαι
3735 4536 3920 4604 ὁρίζο-

680 4631 1000 4686 memoriam
1038 4629 1467 4684 conversationis
1507 4629 1667 4683 etiam
1721 4630 1776 4683 in
1819 4644 1982 4683 carne
2020 4638 2074 4682 et
2112 4645 2238 4682 cru-

677 4721 852 4775 ciatus
927 4719 1120 4789 ipsius,
1161 4734 1225 4773 ac
1263 4719 1554 4773 salutiferae
1599 4720 1808 4783 mortis,
1848 4720 1990 4774 unde
2037 4718 2238 4772 mundo

677 4811 815 4866 facta
848 4810 1147 4880 redemptio
1179 4820 1284 4872 est,
1332 4809 1740 4863 deducamur“.
1781 4828 1799 4860 ι
1855 4810 1948 4864 His
1979 4825 2107 4880 ergo
2153 4809 2238 4862 in-

676 4901 867 4955 structi
915 4899 1264 4962 testimoniis,
1311 4898 1636 4961 charissimi,
1670 4915 1790 4952 cum
1828 4899 1911 4952 illa
1946 4909 2150 4964 nostra,
2184 4907 2240 4953 et

676 4994 745 5048 ab
777 4992 892 5062 ipsa
923 4991 1154 5045 veritate
1194 4990 1420 5044 minime
1460 4989 1625 5043 dubia
1655 4989 2140 5051 demonstratione,
2179 4999 2239 5044 ut

675 5100 840 5154 supra
873 5084 1300 5139 demonstratum
1331 5091 1436 5145 est,
1482 5081 1718 5150 Vigilate,
1745 5081 1993 5144 obsecro,
2023 5089 2158 5134 state
2184 5081 2239 5134 in

674 5175 777 5244 ﬁde
816 5192 834 5230 :
880 5176 1100 5229 viriliter
1147 5175 1304 5241 agite,
1351 5181 1399 5225 et
1453 5172 1878 5241 confortamini”
1922 5190 1934 5226 :
1984 5174 2038 5226 in
2095 5173 2238 5225 nullo

677 5266 978 5324 terreamini
1008 5265 1070 5317 ab
1099 5265 1413 5317 adversariis
1439 5262 1504 5326 “,
1537 5278 1711 5332 neque
1741 5279 1770 5316 a
1802 5262 1947 5316 falsis
1980 5263 2238 5317 fratribus

675 5355 766 5423 qui
815 5355 1022 5409 seducti
1063 5353 1304 5416 fuerunt,
1356 5361 1411 5406 et
1453 5352 1505 5405 in
1552 5353 1792 5406 fraudem
1842 5353 2085 5406 inducti:
2120 5369 2235 5421 quia

2346 4645 2462 4697 μεν.
2508 4629 2586 4680 Δι’
2619 4627 2785 4680 αὑτοῦ
2817 4627 2876 4680 τὸ
2920 4628 3018 4696 τῆς
3051 4626 3428 4687 ταπεινώσεως
3472 4625 3601 4694 ὕψος
3643 4625 3737 4677 τοῦ
3774 4625 3911 4677 Θεοῦ

2341 4718 2514 4784 Λόγου
2550 4715 2934 4779 κατανοοῦντες
2955 4733 2968 4747 ο
3004 4717 3098 4769 καὶ
3127 4715 3263 4786 πρὸς
3291 4717 3511 4785 μνήμην
3541 4713 3638 4784 τῆς
3661 4716 3718 4769 ὲν
3743 4717 3913 4784 σαρκὶ

2343 4808 2638 4872 πολιτείας,
2669 4808 2761 4862 τοῦ
2812 4825 2869 4861 τε
2917 4807 3125 4871 πάθους
3169 4805 3358 4871 αὐτοῦ,
3386 4809 3478 4859 καὶ
3509 4806 3601 4858 τοῦ
3639 4807 3912 4875 σωτηρίου

2343 4898 2574 4952 θανάτου
2613 4899 3135 4970 χειραγωγούμενοι,
3163 4898 3258 4952 καὶ
3286 4897 3386 4966 τῆς
3414 4895 3668 4951 ἐντεῦθεν
3691 4899 3913 4966 γινομέ-

2343 5009 2441 5061 νης
2480 4991 2557 5058 τῷ
2592 4992 2782 5062 κόσμῳ
2820 4991 3272 5062 ἀπολυτρώσεως.
3305 4988 3520 5052 Ταύτας
3550 4985 3645 5042 οῦν
3674 4988 3912 5059 ἔχοντες,

2343 5084 2638 5154 ἀγαπητοὶ,
2670 5083 2768 5145 τὰς
2801 5083 3125 5153 μαρτυρίας,
3152 5081 3289 5151 μετά
3309 5082 3409 5150 τῆς
3431 5081 3644 5134 οἰκόθεν
3666 5081 3758 5134 καὶ
3781 5083 3913 5150 παρ’

2341 5172 2507 5240 αὐτῆς
2532 5175 2627 5241 τῆς
2650 5172 2904 5242 ἀληθείας
2929 5172 3329 5241 ἀναμφιλέκτου
3355 5170 3705 5236 ἀποδείξεως.
3728 5169 3912 5232 καθὼς

2341 5264 2845 5332 προαποδέδεικται,
2874 5263 3192 5333 παρακαλῶ,
3220 5273 3245 5316 ι
3265 5261 3572 5330 ρηγορεῖτε
3595 5277 3608 5289 ⁸
3655 5259 3911 5324 στήκετε

2340 5353 2410 5406 ἐν
2437 5352 2509 5419 τῇ
2536 5355 2734 5407 πίστει
2754 5371 2769 5385 ’
2801 5352 3164 5421 ἀνδρίζεσθε,
3189 5351 3601 5419 κραταιοῦσθε,
3629 5351 3714 5419 μὴ
3757 5366 3912 5402 πτυ-

674 5446 784 5501 illis
824 5456 898 5498 est
941 5462 1098 5500 causa
1142 5445 1463 5514 perditionis,
1519 5443 1660 5496 nobis
1709 5453 1882 5496 autem
1927 5445 2154 5497 salutis:
2186 5453 2233 5497 et

2350 5447 2575 5514 σόμενοι
2606 5445 2673 5497 ὲν
2694 5445 2900 5514 μηδενί
2932 5445 3050 5500 ὑπὸ
3081 5443 3200 5498 τῶν
3224 5443 3664 5513 ἀντικειμένων,
3695 5441 3814 5512 μηδ’
3838 5437 3910 5494 αὖ

745 5626 786 5656 ³⁸
827 5623 952 5678 llzec
990 5623 1102 5692 ipsa
1156 5621 1462 5675 testimonia
1504 5621 1689 5692 retulit
1716 5619 1766 5672 in
1800 5619 1984 5692 Refut.
2015 5621 2204 5692 Poem.
2232 5622 2372 5675 Icon.
2416 5639 2598 5691 supra,
2625 5639 2681 5692 p.
2711 5624 2832 5682 154.
2871 5621 2947 5676 Ex
2982 5623 3097 5676 Vita
3140 5622 3196 5677 S.
3231 5619 3732 5692 PancratiiLExstat
3766 5617 3911 5692 apud

671 5688 1026 5749 Bollandum:
1085 5692 1319 5746 “Galat.
1350 5708 1428 5762 tu,
1461 5692 1517 5762 1;
1583 5692 1626 5721 ⁸⁸
1654 5690 1800 5741 hom.
1839 5690 1967 5762 lg8in
1989 5691 2043 5744 8.
2073 5691 2250 5743 Barlm

2381 5693 2421 5724 ³⁷
2451 5688 2523 5745 De
2547 5688 2748 5761 Spiritu
2773 5705 2954 5746 sancto
2999 5709 3046 5746 c.
3081 5695 3163 5757 18,
3191 5709 3245 5762 p.
3280 5692 3397 5746 l89.
3445 5692 3488 5720 ³⁸
3509 5691 3584 5762 Ex
3612 5688 3912 5762 Qua'st._a_d

670 5765 1003 5823 Antiochum,
1031 5773 1220 5831 qumst.
1240 5762 1326 5832 ὅθ.
1352 5831 1370 5832 7
1405 5761 1459 5832 'f
1479 5759 1555 5812 Ex
1585 5775 1746 5832 scr_n_i.
1776 5759 1913 5832 iube
1942 5763 2156 5816 diversis
2186 5766 2454 5832 utriusque
2487 5756 2713 5819 Testam.
2748 5765 2895 5819 locis.
2970 5763 3016 5795 ‘°
3031 5756 3172 5818 Psal.
3193 5756 3366 5830 'Lxxu,
3389 5762 3479 5819 20.
3556 5759 3597 5790 ⁸⁸
3639 5759 3774 5815 ('an.
3814 5756 3910 5809 82·

667 5835 710 5870 δι
755 5835 925 5889 lCur.
963 5829 1070 5898 m',
1106 5833 1192 5886 ιδ.
1269 5831 1311 5863 ιι
1351 5831 1546 5898 Philip.
1582 5848 1620 5896 ι,
1655 5829 1744 5893 es,
1777 5830 1863 5883 δυ.
