4164 6532
268 479 405 542 H37

1497 471 2033 532 EPISTOLARUM
2066 471 2135 531 Ll
2151 472 2213 530 Β.
2250 470 2333 530 II.

3383 473 3518 538 1138

259 594 370 645 ὑπὸ
430 590 539 643 τῶν
605 588 1103 641 ὑποσκελισθέντων
1155 586 1250 642 καὶ
1309 585 1838 658 φρεναπατηθέντων

1964 598 2033 635 ioc
2063 599 2094 634 a
2126 583 2266 645 Deo;
2298 584 2440 638 sicut
2466 583 2730 654 scriptum
2760 593 2844 638 est
2875 599 2889 638 :
2928 584 3066 649 Quia
3098 586 3239 641 vobis
3265 589 3518 643 donatum

253 679 680 749 ψευδαδέλφων·
732 678 902 742 Ἵιτις
955 677 1148 739 ἐστὶν,
1189 674 1394 739 αὐτοῖς
1433 673 1548 744 μὲν
1592 671 1848 737 ἔνδειξις

258 773 590 837 ἀπωλείας,
637 769 782 839 ἡμῖν
841 769 908 822 δὲ
957 768 1287 838 σωτηρίας·
1340 767 1442 821 καὶ
1496 767 1674 821 τοῦτο
1729 765 1848 819 ἀπὸ

265 864 441 927 Θεοῦ,
478 863 623 916 καθα
652 865 997 932 γέγραπται·
1028 860 1152 913 Ὅτι
1180 859 1324 929 ὑμῖν
1353 857 1513 930 [Reg.
1547 859 1670 913 cod.
1692 855 1848 928 ἡμῖν]

261 953 555 1020 ἐχαρίσθη
581 949 700 1005 ἀπὸ
733 948 882 1004 Θεοῦ
912 949 976 1002 τὸ
1007 948 1164 1016 ὑπὲρ
1193 947 1300 1002 τοῦ
1327 948 1608 1016 Χριστοῦ,
1641 948 1713 1001 οὐ
1745 948 1852 1016 μό·

263 1060 380 1096 νον
420 1043 486 1096 τὸ
521 1045 608 1106 εἰς
643 1039 832 1094 αὐτὸν
873 1039 1201 1105 πιστεύειν,
1249 1039 1409 1092 ἀλλὰ
1453 1039 1552 1092 καὶ
1590 1038 1656 1091 τὸ
1699 1037 1851 1105 ὑπὲρ

263 1133 456 1186 αὑτοῦ
494 1130 758 1200 πάσχειν
783 1146 798 1162 ·
838 1130 947 1183 τὸν
973 1127 1161 1183 αὐτὸν
1191 1125 1393 1196 ἀγῶνα
1423 1127 1693 1194 ἔχοντες,
1724 1119 1854 1179 οἷον

265 1224 459 1277 εἴδετε
499 1223 568 1276 ἐν
594 1221 723 1274 ὲιιοι
758 1219 837 1290 τῷ
884 1217 1216 1290 ἁμαρτωλῷ,
1264 1217 1362 1271 καὶ
1426 1218 1542 1271 νῦν
1580 1218 1851 1272 ἀκούετε.

270 1313 791 1382 Συμςρρονοῦντες,
847 1308 1342 1379 συμψυχοῦντες,
1401 1308 1854 1374 συναθλοῦντες

265 1405 346 1473 τῇ
383 1406 581 1459 πίστει
611 1404 716 1458 τοῦ
744 1404 1119 1472 Εὑαγγελίου
1141 1418 1156 1433 ·
1182 1402 1334 1472 μετὰ
1364 1402 1554 1470 φόϐου
1593 1402 1692 1455 καὶ
1721 1402 1854 1468 τρό-

263 1515 390 1566 μου
436 1498 548 1561 τὴν
590 1494 823 1550 ἑαυτῶν
862 1495 1165 1562 σωτηρίαν
1214 1491 1735 1562 κατεργαζόμενοι·
1769 1492 1857 1546 ἶνα

272 1589 490 1642 ἁκούων
519 1589 585 1640 τὰ
612 1589 739 1657 περὶ
774 1586 928 1656 ὑμῶν
957 1586 1131 1656 χαίρω
1169 1588 1198 1640 6
1231 1585 1574 1657 ἁμαρτωλός.
1620 1584 1855 1638 Βλέπετε

271 1681 368 1732 τον
393 1679 639 1732 Σατανᾶν
661 1695 676 1711 ο
713 1677 940 1745 βλέπετε
970 1678 1067 1749 τὴν
1095 1677 1410 1750 παρρησίαν
1431 1695 1446 1710 ·
1479 1680 1640 1749 ὁρᾶτε
1669 1679 1743 1749 μή
1774 1693 1858 1740 τις

274 1773 335 1825 ιν
365 1788 471 1824 τινι
503 1771 910 1841 παραπικράνοι
956 1771 1049 1823 τὸν
1095 1770 1247 1824 Θεόν.
1308 1771 1367 1824 Ὀ
1411 1771 1520 1842 γὰρ
1569 1770 1785 1840 δράκων
1829 1773 1857 1825 6

278 1863 476 1932 μέγας,
514 1861 837 1932 πολύτεχνός
878 1863 997 1914 ἐστι
1029 1861 1121 1914 καὶ
1157 1861 1507 1929 πολύπειρος.
1537 1861 1728 1915 Ἔνθεν
1766 1862 1856 1916 διὰ

1948 685 2023 728 est
2047 693 2078 728 a
2105 673 2214 728 Deo
2242 691 2336 744 pro
2367 674 2597 739 Christo,
2630 693 2732 729 non
2757 675 2925 730 solum
2957 686 3014 729 ut
3043 678 3098 729 in
3124 695 3241 732 eum
3273 680 3518 744 credatis,

1947 764 2038 818 sed
2088 775 2145 818 ut
2199 767 2360 819 etiam
2409 783 2505 834 pro
2550 766 2640 819 illo
2691 767 2973 835 patiamini
3011 783 3029 821 :
3069 767 3203 820 idem
3257 778 3524 822 certamen

1949 854 2212 919 habentes,
2240 854 2394 923 quale
2423 856 2626 908 vidistis
2681 857 2734 907 in
2776 871 2891 914 me.
2924 863 3230 924 peccatore,
3286 865 3336 909 et
3391 873 3526 909 nunc

1950 947 2150 1001 auditis
2194 963 2212 1000 :
2271 947 2406 1000 idem
2450 948 2751 1009 sentientes,
2797 948 3092 1012 unanimes,
3141 947 3525 1002 collaborantes

1949 1037 2073 1105 ﬁdei
2116 1035 2391 1108 Evangelii
2424 1051 2442 1089 :
2483 1054 2602 1090 cum
2649 1047 2788 1090 metu
2823 1048 2870 1091 et
2905 1047 3129 1092 tremore
3173 1039 3399 1093 salutem
3441 1056 3527 1094 ve-

1951 1139 2121 1181 stram
2151 1137 2426 1196 Operantes
2450 1128 2496 1159 “
2525 1146 2538 1182 :
2576 1137 2635 1182 ut
2661 1143 2762 1198 ego
2800 1139 3051 1199 peccator
3086 1129 3370 1199 gaudeam,
3397 1145 3524 1184 cum

1952 1219 2120 1273 audio
2143 1219 2211 1274 de
2240 1219 2418 1274 vobis.
2445 1218 2637 1274 Videte
2665 1219 2920 1274 Satanam
2949 1238 2962 1274 :
2997 1221 3176 1276 videte
3204 1220 3524 1276 audaciam:

1953 1311 2133 1365 videte
2182 1326 2252 1366 ne
2309 1313 2433 1380 quis
2483 1313 2537 1366 in
2568 1313 2679 1366 ullo
2728 1313 2897 1367 Deum
2927 1312 3122 1368 irritet.
3175 1313 3347 1368 Draco
3377 1313 3524 1367 enim

1956 1417 2206 1471 magnus,
2238 1403 2390 1457 vafer
2412 1413 2467 1457 et
2493 1403 2724 1458 callidus
2744 1403 2799 1457 in
2828 1404 3005 1458 varias
3024 1412 3210 1474 partes
3236 1419 3296 1458 se
3323 1411 3524 1459 versat.

1956 1489 2060 1545 Ubi
2085 1506 2182 1559 per
2212 1490 2372 1546 ﬁdem
2407 1491 2680 1560 perimere
2707 1507 2815 1545 non
2845 1500 3044 1561 potest,
3069 1491 3176 1545 illic
3199 1505 3295 1560 per
3319 1490 3528 1557 lapsum

1960 1581 2212 1635 eamdem
2281 1581 2582 1651 perniciem
2621 1581 2782 1635 nobis
2814 1580 2947 1650 ipsis
2978 1579 3176 1634 aﬂ'erre
3219 1579 3400 1636 studet
3430 1592 3529 1649 per

1959 1672 2132 1743 legem
2186 1673 2394 1742 peccati
2445 1681 2843 1743 repugnantem
2902 1672 3003 1742 legi
3053 1672 3253 1727 mentis
3301 1680 3526 1726 nostrae.

1963 1762 2145 1834 Rugit,
2175 1765 2373 1832 quaerit
2406 1765 2548 1818 sicut
2579 1765 2664 1818 leo
2693 1779 2855 1832 quem
2891 1763 3085 1833 rapiat,
3118 1763 3317 1828 titillat,
3351 1763 3529 1834 ignem

1960 1856 2231 1921 accendit,
2279 1854 2617 1911 inﬂammare
2657 1856 2804 1927 cupit
2847 1856 3043 1911 animae
3071 1855 3314 1911 domum.
3351 1855 3531 1910 liabe-

276 1955 514 2016 πίστεως
565 1953 662 2022 οὑχ
713 1953 958 2023 εὑρίσκει
1008 1954 1229 2006 ὀλέσαι·
1274 1954 1482 2007 ἐκεῖθεν
1532 1955 1721 2024 τρέχει
1765 1954 1854 2007 διὰ

1965 1965 2087 2004 mus
2120 1965 2150 2002 a
2187 1947 2297 2003 Deo
2324 1949 2469 2003 unde
2494 1949 2644 2003 illum
2674 1949 3064 2012 disturbemus,
3097 1963 3294 2016 aquam
3317 1947 3529 2017 capitis,

284 2043 726 2113 παραπτώματος
751 2044 812 2097 τὸ
836 2044 970 2097 αὑτδ
999 2043 1170 2099 κακὸν
1194 2044 1610 2116 ἀπεργάσασθαι
1635 2046 1692 2102 ἐν
1719 2047 1752 2115 ἡ
1762 2047 1854 2115 μίν

278 2135 467 2197 αὑτοῖς
511 2133 599 2188 διὰ
640 2133 734 2187 τοῦ
765 2135 1318 2206 ἀντιστρατευομένου
1349 2137 1511 2206 νόμου
1545 2138 1643 2207 τῆς
1673 2139 1857 2208 ἁμαρ.

276 2225 402 2288 τίας
436 2225 512 2296 τῷ
538 2226 684 2296 νόμῳ
715 2226 806 2279 τοῦ
832 2227 952 2289 νοὸς
976 2228 1151 2297 ἡμῶν.
1182 2229 1480 2299 Βρυχᾶται,
1509 2232 1759 2302 ἐπιτηρεῖ
1779 2231 1856 2295 ὡς

279 2317 422 2370 λέων
456 2319 728 2388 ἁρπᾶσαι,
759 2318 1106 2388 γαργαλίζει·
1133 2318 1240 2391 πῦρ
1267 2320 1531 2374 ἀνάπτει·
1568 2322 1857 2394 ὲμπιπρᾷν

272 2408 536 2476 ὀρέγεται
567 2408 657 2461 τὸν
690 2406 836 2462 οἷκον
874 2410 974 2479 τῆς
1005 2409 1201 2480 ψυχῆς.
1239 2410 1477 2482 Ἐχομεν
1524 2414 1588 2468 ὲκ
1614 2413 1748 2467 Θεοῦ
1790 2415 1858 2469 τὰ

280 2497 645 2567 καθαιρετικὰ
689 2498 852 2551 αὑτοῦ
887 2499 1232 2570 ἀμυντήρια·
1264 2499 1407 2571 ὕδωρ
1445 2504 1707 2574 κεφαλῆς,
1747 2521 1858 2575 πη-

281 2589 388 2658 γὴν
445 2588 731 2658 δακρύων·
773 2591 1029 2657 δεήσεις·
1071 2592 1399 2661 προσευχάς.
1445 2594 1569 2647 Ἐπὶ
1612 2596 1775 2650 πᾶσιν
1831 2598 1859 2650 6

284 2678 432 2741 Θείος
467 2679 631 2746 φόϐος
666 2679 901 2750 σιδηρῶν
928 2680 1022 2733 καὶ
1054 2680 1306 2751 καθηλῶν
1332 2682 1432 2744 τὰς
1471 2683 1681 2754 σάρκας
1703 2685 1858 2754 ἡμῶν

285 2767 450 2822 εστω.
481 2767 744 2839 Μηδαμοῦ
774 2767 964 2836 φθόνος
993 2769 1296 2833 αὑλιζέσθω
1318 2787 1333 2802 ·
1369 2771 1492 2843 μηδ’
1519 2769 1583 2826 αὖ
1607 2773 1753 2844 ἔρις·
1784 2778 1858 2846 μὴ

288 2860 398 2929 μὴν
428 2859 699 2923 κενοδοξία
718 2876 733 2890 ·
765 2859 901 2932 μήτε
929 2877 981 2912 τι
1010 2860 1116 2914 τῶν
1141 2861 1320 2932 ἔργων
1342 2861 1436 2915 τοῦ
1463 2864 1686 2928 σκότους
1709 2881 1723 2896 ·
1758 2866 1861 2930 ἓως

286 2950 378 3001 ὅτε
406 2949 694 3019 ἁκροὸολεῖ
735 2949 802 3003 τὰ
837 2950 983 3022 πάθη
1010 2951 1387 3023 ὲκκρουόσθω·
1416 2953 1501 3006 ἵνα
1533 2955 1605 3025 μὴ
1635 2956 1859 3008 εἰσοικι-

290 3039 490 3092 σθέντα
534 3040 628 3093 καὶ⁸
672 3040 1034 3110 φαρμάξαντα
1072 3043 1171 3112 τὴν
1219 3041 1396 3112 ψυχὴν
1439 3043 1861 3098 δυσαπάλλακτα

287 3130 532 3199 γένηται.
593 3129 648 3182 '0
698 3129 1124 3201 ἀγωνιζόμενος
1183 3132 1382 3188 πάντα
1425 3135 1858 3203 ἐγκρατεύεται.

291 3220 494 3286 Οὕτως
522 3221 776 3290 τρέχετε,
801 3222 901 3275 ἶνα
923 3222 1326 3292 καταλάϐητε·
1357 3225 1609 3280 ὑπείκετε
1635 3230 1681 3280 οἱ
1710 3229 1862 3298 ἔσχα-

1967 2040 2328 2110 lacrymarum
2364 2039 2594 2107 fontem,
2631 2041 3079 2110 supplicationes,
3119 2039 3415 2094 orationes.
3449 2037 3534 2093 Sit

1964 2131 2018 2185 in
2053 2131 2309 2187 omnibus
2340 2131 2501 2185 timor
2539 2131 2652 2198 Dei,
2694 2131 2786 2201 qui
2836 2146 3055 2185 carnem
3097 2136 3337 2185 nostram
3369 2127 3533 2183 robo-

1965 2230 2047 2275 ret
2076 2231 2134 2275 et
2164 2220 2419 2293 conligat.
2465 2218 2742 2291 Nusquam
2776 2221 2978 2276 invidia
3006 2220 3233 2284 habitet,
3265 2235 3368 2275 nec
3399 2234 3534 2274 con-

1965 2314 2157 2377 tentio,
2190 2329 2291 2369 nec
2320 2315 2500 2370 inanis
2527 2317 2716 2385 gloria,
2742 2331 2844 2371 nec
2869 2315 3164 2385 quidquam
3188 2314 3255 2370 de
3276 2314 3534 2384 Operibus

1965 2405 2314 2459 tenebrarum
2361 2423 2374 2460 :
2422 2407 2550 2461 dum
2605 2407 2783 2461 adhuc
2831 2417 3117 2477 emergunt
3169 2415 3225 2462 et
3283 2406 3535 2460 oriuntur

1964 2496 2426 2565 perturbationes,
2473 2507 2802 2553 arceantur:
2845 2513 2916 2553 ne
2960 2509 3246 2568 postquam
3283 2496 3534 2552 admissa

1965 2588 2193 2652 fuerint,
2231 2590 2579 2659 animamque
2609 2589 2921 2656 iniecerint,
2950 2590 3223 2647 dillicilius
3254 2589 3535 2660 expellan-

1965 2688 2073 2734 tur.
2101 2678 2204 2743 Qui
2229 2679 2284 2733 in
2306 2696 2472 2750 agone
2490 2680 2774 2743 contendit,
2799 2681 2862 2733 ab
2886 2682 3124 2735 omnibus
3148 2697 3203 2735 se
3225 2681 3450 2734 abstinet
3465 2678 3533 2733 ⁸⁸.

1965 2769 2052 2824 Sic
2082 2771 2294 2833 currite,
2328 2780 2386 2824 ut
2416 2771 2861 2840 camprehendatis
2875 2770 2921 2805 “
2955 2790 2968 2826 :
3005 2772 3181 2826 cedite
3242 2770 3521 2828 novissimi

1968 2863 2180 2930 primis.
2221 2861 2339 2915 Non
2366 2863 2505 2916 enim
2529 2873 2602 2917 est
2628 2864 2962 2918 dissensionis
2991 2862 3151 2928 Deus,
3185 2864 3275 2917 sed
3302 2862 3449 2934 pacis
3464 2862 3530 2918 ⁸⁷.

1971 2953 2204 3025 Diligile,
2237 2955 2378 3008 sicut
2404 2955 2572 3036 Deus,
2603 2956 2877 3036 praepositi
2905 2957 3190 3012 subditos:
3234 2965 3291 3012 et
3319 2972 3426 3012 nou
3467 2972 3537 3013 ex

1967 3049 2312 3116 auctoritate,
2352 3050 2446 3104 sed
2472 3065 2534 3104 ex
2565 3033 2765 3105 virtute
2787 3060 2842 3105 et
2869 3050 3113 3106 bonitate
3139 3050 3535 3120 subjectionem

1968 3140 2194 3212 exigatis
2221 3149 2276 3194 et
2300 3141 2688 3196 obedientiam.
2719 3141 2795 3196 Ne
2824 3143 3153 3212 separamini
3185 3145 3252 3196 ab
3277 3141 3535 3204 invicem,

1970 3234 2083 3286 loca
2140 3232 2310 3287 multa
2367 3241 2666 3297 mutantes,
2723 3243 2778 3288 et
2833 3248 3102 3303 nusquam
3165 3233 3534 3304 proﬁcientes.

287 3327 369 3365 τοι
420 3286 840 3383 τοίς-πρώτοις.
869 3316 952 3368 Οὐ
990 3314 1099 3382 γάρ
1132 3286 1302 3369 ἐστιν
1342 3286 1804 3387 ἀκαταστασίαξ
1830 3323 1860 3374 d

1970 3325 2208 3380 Marcum
2244 3325 2632 3394 evangelistam
2665 3339 2850 3382 secum
2891 3341 3170 3380 assumere
3198 3325 3370 3380 noluit
3398 3324 3537 3380 Pau-

291 3399 459 3465 Θεὸς,
494 3401 917 3470 ἀλλἐίρήνης.
961 3405 1238 3472 ’Δγαπᾶτε
1285 3406 1479 3472 θεῖκῶς
1510 3413 1558 3463 οί
1594 3413 1864 3483 προηγού-

290 3508 445 3560 μενοι
473 3494 598 3556 τοὺς
630 3495 948 3564 ἑπομένους·
969 3498 1064 3549 καὶ
1098 3499 1174 3569 μὴ
1210 3499 1267 3566 ἐξ
1297 3501 1631 3568 αὑθεντείας,
1663 3504 1776 3557 ἀλλ’
1808 3507 1866 3572 ἐξ

290 3582 496 3652 ἀρετῆς
529 3583 622 3636 καὶ
661 3583 1000 3655 ἀγαθότητος
1043 3589 1365 3659 ἀπαιτοίητε
1393 3593 1452 3643 τὸ
1482 3592 1864 3657 ὑποτακτικὸν,

287 3673 386 3726 καὶ
409 3672 665 3744 ὑπήκοον.
690 3674 782 3746 Μὴ
804 3677 1102 3745 χωρίζεσθε
1131 3679 1226 3731 ἀπ’
1256 3681 1520 3753 ἀλλήλων,
1549 3684 1868 3752 ἀμείϐοντες

293 3763 526 3829 πολλοὺς
572 3765 820 3836 πρώτους
852 3765 916 3838 [Γ.
948 3767 1194 3842 τόπους],
1238 3773 1332 3824 καὶ
1382 3773 1618 3844 οὐδαμοῦ
1672 3793 1866 3848 χρησι·

293 3855 578 3923 μεὺοντες.
613 3856 839 3925 Μάρκον
871 3857 964 3910 τὸν
991 3858 1383 3931 εὑαγγελιστὴν
1408 3864 1504 3933 οὑχ
1531 3865 1705 3919 είλετο
1732 3883 1868 3937 συμ-

293 3945 633 4014 παραλαὸεἰν
667 3947 898 4014 Παῦλος,
924 3949 999 4013 ὡς
1025 3950 1352 4021 γέγραπται,
1379 3955 1466 4008 διὰ
1492 3957 1551 4009 τὸ
1582 3959 1655 4027 μὴ
1683 3933 1868 4012 συνὲλ-

292 4035 429 4098 θεῖν,
463 4036 575 4092 ἀλλ’
609 4038 745 4092 οίκοι
780 4040 1114 4113 ἀναστρέψαι
1139 4044 1199 4095 τὸ
1229 4046 1510 4116 πρότερον.
1547 4049 1703 4118 Πόσῳ
1735 4051 1866 4120 μᾶλ-

291 4128 387 4179 λον
417 4131 574 4200 ἡμεῖς
594 4133 878 4200 -ὀφειλέται
903 4134 1072 4206 ἐσμὲν
1097 4137 1375 4206 στέργειν;
1410 4139 1701 4206 Ἕκαστος
1729 4143 1800 4197 ἐν
1821 4137 1869 4210 ᾧ

291 4219 544 4286 ἐκλήθη,
569 4221 840 4290 ἀδελφοί,
876 4225 946 4277 ἐν
975 4227 1158 4291 τούτῳ
1184 4226 1430 4297 μενέτω.
1465 4232 1870 4301 Καθαρίζωμεν

285 4309 567 4377 ἑαυτοὺς,
597 4312 918 4383 ἀγαπητοί,
967 4317 1057 4371 ἀεὶ
1105 4318 1224 4371 ἀπὸ
1269 4321 1498 4387 παντὸς
1543 4325 1868 4392 μολυσμοῦ

287 4401 522 4468 σαρκὸς
548 4405 644 4455 καὶ
673 4405 1012 4472 πνεύματος
1030 4422 1044 4435 ·
1075 4407 1494 4477 ἐπιτελοῦντες
1522 4414 1869 4484 ἁγιωσύνην

287 4493 365 4546 ἐν
393 4496 557 4563 φόϐῳ
584 4497 731 4551 Θεοῦ
793 4499 904 4565 Τὰς
941 4503 1304 4568 παραδόσεις
1340 4505 1623 4571 κρατεῖτε,
1650 4507 1724 4574 ἀς
1751 4509 1867 4563 ἐδι-

291 4581 553 4679 δάχθητε
577 4601 592 4616 ·
627 4591 933 4679 ’κατηχεὴε
967 4591 1260 4662 ἀλλήλους·
1295 4594 1603 4664 ὑπόμνησιν
1648 4598 1861 4669 λαμϐἁο
1897 4623 1943 4679 ι)
1970 4602 2244 4656 Christum

291 4689 413 4726 νετε
445 4675 532 4727 ἀεὶ
555 4677 650 4730 τοῦ
681 4678 933 4733 θανάτου.
966 4680 1204 4752 [εὔχεσθε
1234 4681 1347 4752 οὖν,
1380 4689 1703 4755 παρακαλῶ,
1729 4692 1868 4760 ὑπὲρ

294 4763 532 4819 πάντων.
583 4769 904 4838 Εὐλοτεῐτε
949 4773 1092 4838 τοὺς
1127 4773 1455 4844 διώκοντας
1480 4779 1634 4847 ὑμᾶς
1655 4797 1668 4812 ⁸
1693 4783 1871 4837 εὐλο-

292 4855 472 4923 γεῖτε,
499 4857 598 4910 καὶ
627 4859 714 4928 μὴ
753 4861 1090 4930 καταρᾶσθε
1114 4881 1126 4893 ·
1163 4868 1579 4940 περιερχόμενοι
1610 4873 1674 4925 ἐκ
1703 4874 1869 4928 τόπου

290 4947 377 5010 είς
406 4950 590 5012 τόπον,
626 4952 1030 5023 ὑστερούμενοι,
1061 4955 1388 5027 θλιϐόμενοι,
1419 4965 1869 5034 κακουχούμενοι·

289 5225 379 5278 ὅτι
406 5223 560 5294 ὑμῶν
584 5227 684 5280 οὑκ
707 5228 854 5293 ἄξιος
879 5232 907 5283 6
937 5233 1155 5302 κόσμος.
1191 5237 1506 5306 Ἐνέγκατε,
1526 5242 1716 5295 τεκνία
1743 5261 1865 5313 μου,

289 5315 503 5379 τεκνία,
552 5318 808 5386 ἐνέγκατε
867 5326 1081 5394 μικρὸν,
1122 5328 1218 5381 καὶ
1259 5329 1538 5385 ἐλεύσεται
1593 5334 1797 5405 Κύριος
1840 5338 1870 5388 6

294 5406 708 5477 στεφανοδότης,
766 5412 794 5462 6
844 5411 1277 5484 μισθαποδότης·
1321 5411 1382 5470 οὗ
1435 5421 1868 5493 συγκληρονόμοι

291 5497 624 5566 γεγενῆσθαι
685 5503 1108 5573 ὲπηγγὲλμεθα·
1156 5507 1341 5575 Εἴπερ
1400 5511 1866 5583 συμπάσχομεν,

291 5587 400 5640 ἵνα
441 5589 538 5642 καὶ
565 5592 1077 5666 συνδοξασθῶμεν
1096 5615 1110 5629 ο
1144 5601 1236 5652 ἐπὶ
1267 5602 1402 5654 πᾶσι
1443 5607 1869 5676 προσευχόμενοι

1967 3417 2071 3481 ius;
2117 3417 2262 3472 sicut
2291 3417 2559 3488 scriptum
2594 3415 2762 3483 est",
2809 3432 2875 3473 eo
2919 3417 3064 3488 quod
3107 3433 3217 3472 non
3252 3418 3383 3472 isset
3409 3433 3532 3473 cum

1967 3507 2054 3570 iis,
2088 3509 2183 3562 sed
2214 3509 2360 3563 domi
2398 3510 2548 3580 prius
2577 3510 2950 3566 remansisset.
2981 3509 3196 3576 Quanto
3225 3511 3392 3582 magis
3433 3524 3538 3567 nos

1967 3600 2314 3667 acquiescere
2349 3601 2654 3654 debemus?
2697 3601 3059 3671 Unusquisque
3097 3602 3152 3653 in
3183 3617 3284 3671 quo
3321 3611 3536 3656 vocatus

1967 3699 2065 3752 est,
2107 3692 2320 3760 fratres,
2378 3693 2434 3745 in
2473 3692 2568 3744 hoc
2618 3702 2922 3761 permaneat
2945 3694 3010 3748 δ’.
3059 3682 3368 3748 Mundemus
3420 3711 3534 3756 nos,

1969 3783 2168 3846 dilecti,
2203 3799 2405 3852 semper
2447 3783 2511 3837 ab
2542 3785 2683 3836 omni
2719 3785 3111 3854 inquinamento
3140 3786 3315 3838 carnis
3349 3794 3396 3838 et
3431 3785 3539 3854 spi-

1968 3873 2122 3935 ritus,
2154 3874 2474 3942 per/icientes
2521 3875 2994 3942 sanctiﬁcatione":
3034 3876 3088 3928 in
3134 3877 3317 3928 timore
3357 3875 3513 3929 Dei”

1973 3963 2159 4018 Tenete
2194 3966 2507 4018 traditiones
2542 3982 2673 4034 quas
2711 3967 2965 4019 didicistis
2981 3967 3022 3997 “
3058 3983 3071 4018 :
3105 3966 3356 4020 instruite
3400 3967 3539 4020 invi-

1969 4072 2122 4121 cem,
2177 4065 2411 4110 mortem
2469 4071 2688 4120 semper
2741 4058 3053 4127 recogitate.
3102 4055 3263 4112 Orate
3316 4057 3534 4125 itaque-

1969 4148 2236 4209 obsecro,
2293 4163 2392 4217 pro
2443 4148 2720 4202 omnibus.
2770 4147 3066 4202 Benedicite
3115 4152 3538 4220 persequentibus

1970 4253 2057 4290 vos
2086 4252 2104 4289 .'
2150 4237 2467 4301 benedicite,
2531 4247 2579 4291 et
2639 4237 2797 4291 nolite
2854 4237 3163 4290 maledicere
3183 4240 3225 4269 "
3255 4255 3269 4292 :
3305 4237 3540 4292 circum-

1970 4337 2166 4381 euntes
2209 4327 2276 4382 de
2308 4327 2428 4383 loco
2471 4328 2524 4381 in
2571 4327 2772 4391 locum,
2818 4337 3062 4399 egentes,
3111 4328 3418 4400 angustiati,
3458 4327 3540 4381 al:-

1971 4418 2100 4473 llicti
2125 4419 2191 4482 ⁸³,
2228 4418 2279 4470 in
2312 4417 2544 4473 desertis
2577 4428 2632 4472 et
2659 4418 2935 4472 montibus
2964 4428 3235 4480 errantes,
3260 4418 3440 4473 forsan
3480 4428 3539 4474 et

1970 4523 2236 4565 cavernas
2263 4518 2422 4567 terrae
2451 4510 2742 4563 intrantes.
2784 4509 3104 4564 Gloriamini
3147 4511 3272 4578 quia
3315 4519 3539 4580 propter

2297 4619 2311 4655 :
2361 4599 2487 4670 quia
2542 4600 2698 4655 vobis
2749 4601 2946 4671 dignus
2992 4615 3103 4654 non
3146 4612 3229 4655 est
3275 4603 3536 4656 mundus.

1969 4691 2270 4753 Sustinete,
2303 4691 2457 4745 ﬁlioli
2502 4692 2611 4746 mei
2647 4710 2659 4746 :
2696 4690 2868 4758 tilioli,
2909 4692 3175 4748 sustinete
3217 4693 3533 4748 modicum:

1968 4793 2023 4837 et
2053 4783 2238 4836 veniet
2284 4781 2544 4836 Dominus
2583 4799 2797 4838 coronae
2826 4785 3001 4850 dator,
3046 4793 3101 4838 et
3139 4785 3408 4840 mercedis
3449 4802 3537 4843 re-

1970 4871 2206 4927 tributor
2237 4890 2250 4926 :
2287 4871 2444 4940 cujus
2484 4887 2586 4925 nos
2619 4874 2930 4930 cohaeredes
2959 4875 3074 4929 fore
3105 4876 3262 4931 nobis
3301 4877 3535 4947 promis-

1970 4979 2092 5018 sum
2125 4972 2247 5017 est:
2280 4961 2336 5016 Si
2377 4971 2552 5016 tamen
2599 4968 2966 5032 compatimur,
3010 4977 3064 5020 ut
3102 4978 3151 5021 et
3179 4970 3540 5038 congloriﬁce-

1977 5071 2095 5109 mur
2112 5054 2179 5116 “,
2218 5054 2273 5107 in
2317 5055 2573 5108 omnibus
2596 5065 2839 5120 orantes,
2861 5072 2958 5126 pro
2997 5073 3083 5113 me
3109 5058 3276 5113 etiam
3317 5061 3537 5120 misero.

1978 5157 2038 5201 ut
2067 5145 2423 5200 conﬁrmetur
2459 5162 2553 5200 cor
2583 5164 2764 5203 meum
2804 5151 2872 5205 ad
2911 5154 3234 5221 perferenda
3265 5170 3436 5226 usque
3469 5156 3540 5211 ad

1981 5249 2212 5293 mortem
2241 5254 2305 5292 ea
2335 5255 2454 5307 qua:
2486 5240 2644 5294 nobis
2687 5242 3005 5313 inﬂiguntur
3031 5263 3044 5299 :
3078 5253 3138 5301 ut
3179 5262 3287 5302 non
3317 5248 3537 5317 repellat

1982 5344 2069 5382 me
2095 5327 2343 5382 (Ibristus
2364 5337 2585 5398 propter
2610 5331 2985 5403 indignitatem
3010 5351 3182 5391 meam
3212 5354 3227 5392 ι
3256 5347 3315 5394 ut
3337 5338 3540 5395 liberer

1979 5435 2009 5473 a
2043 5419 2184 5473 malo
2221 5433 2319 5488 per
2355 5419 2537 5474 omnia
2581 5437 2987 5494 usquequaque.
3020 5425 3175 5483 Nunc
3203 5428 3350 5496 vivo,
3402 5431 3540 5486 dile-

1970 5509 2220 5575 ctissimi,
2253 5509 2382 5563 dum
2405 5511 2563 5565 Statis
2596 5511 2651 5566 in
2683 5513 2927 5569 Domino.
2955 5516 3082 5581 Quae
3101 5529 3174 5573 est
3197 5521 3336 5575 enim
3364 5532 3544 5578 nostra

1971 5617 2107 5670 spes,
2141 5609 2235 5653 aut
2271 5600 2546 5669 gaudium,
2582 5611 2674 5655 aut
2705 5619 2892 5658 corona
2929 5607 3210 5677 glorias"?
3239 5609 3427 5665 Nonne
3457 5630 3543 5666 vos

370 5741 430 5830 ’τ’
456 5741 647 5830 ξριίιίρ.
681 5769 742 5814 ιι,
774 5753 864 5830 12.
893 5757 1045 5830 »⁸³]
1075 5758 1198 5814 Cor.
1237 5777 1309 5825 Ix,
1344 5762 1434 5815 25.
1514 5766 1558 5797 ⁸⁸
1597 5766 1729 5821 ibid.
1763 5769 1853 5822 Ἡ.

1964 5771 1976 5800 '
2017 5766 2037 5820 ι
2068 5759 2192 5815 Cor.
2220 5775 2328 5822 xw,
2353 5761 2439 5816 '55.
2519 5757 2563 5792 “
2603 5763 2698 5818 Act
2755 5781 2840 5828 xv,
2881 5769 2967 5822 38.
3048 5768 3130 5824 "l
3160 5769 3284 5825 Cur.
3320 5787 3414 5830 vn,
3449 5771 3543 5830 24.

390 5811 610 5901 Ιξηϐοιιξ
639 5811 737 5887 vn,
770 5825 814 5878 l.
890 5826 934 5858 "
976 5811 1268 5896 Tite—sse”,
1297 5811 1380 5887 l4.
1462 5835 1504 5865 "
1545 5811 1853 5901 ιιέηὲἵχῖἷί

2021 5811 2295 5884 unum;
2317 5811 2512 5896 ὶῖξεῖ.
2592 5811 2840 5890 έῖῖιυῖιῖ
2868 5811 2979 5901 :’.‘.’.‘.
3021 5839 3101 5892 l7.

295 5898 363 5941 ιι,
411 5885 484 5936 l9.

3211 5841 3255 5872 "
3298 5841 3313 5893 Ι
3348 5841 3543 5902 Thess.
