4164 6470
707 391 838 458 H39

1887 404 1946 462 S.
1978 400 2367 462 THEODORI
2401 400 2540 459 S'l‘U
2554 400 2743 459 DlT.E

3795 392 3936 458 1140

696 509 817 562 estis
857 517 968 563 tum
1010 508 1063 562 in
1105 504 1228 573 hoc,
1264 519 1374 563 tum
1406 509 1459 563 in
1493 509 1674 565 futuro
1706 513 1941 566 saeculo?
1972 512 2078 567 Vos
2111 513 2257 566 enim

2368 512 2454 563 καὶ
2485 511 2626 579 ὑπὲρ
2656 510 2787 578 ἐμοῦ
2814 507 2907 561 τοῦ
2937 507 3120 561 ἀθλίου
3146 525 3158 537 ·
3193 507 3280 560 ἶνα
3310 524 3411 577 μου
3442 507 3719 578 στερεωθῇ
3745 510 3779 578 ἡ
3807 527 3935 579 καρ.

695 610 749 655 et
778 600 1034 654 solatium
1066 601 1369 663 charitatis.
1404 612 1457 656 et
1485 604 1782 658 consolatio
1808 620 1926 658 mea
1958 607 2108 660 estis.
2138 604 2260 673 Ipse

2368 602 2449 655 δία
2486 602 2728 668 ἐνεγκεῖν
2757 600 2919 671 μέχρι
2952 598 3185 652 θανάτου
3207 599 3275 651 τὰ
3304 600 3619 669 ὲπαγόμενα
3647 600 3784 669 ἡμῖν
3804 617 3818 628 ·
3853 602 3941 655 ἶνα

694 699 866 741 αιιιεηι
897 687 1037 741 Deus
1064 690 1207 757 pacis
1234 689 1525 757 sanctiﬁcat
1554 707 1639 743 vos
1667 708 1759 759 per
1794 692 2010 744 omnia:
2040 701 2095 742 ut
2125 692 2259 743 inte-

694 796 784 849 ger
812 782 1027 848 spiritus
1067 791 1250 845 vester,
1282 793 1331 834 et
1359 784 1563 847 anima,
1600 793 1648 835 et
1687 799 1869 851 corpus
1909 784 2021 835 sine
2048 783 2258 851 querela

692 873 1013 926 servetur".
1059 872 1257 927 Fidelis
1306 872 1447 928 Deus
1476 884 1683 937 noster,
1717 874 1932 936 fratres,
1964 874 2055 941 qui
2084 882 2141 927 et
2182 873 2261 926 fa-

691 962 818 1015 ciet.
870 962 1113 1018 Salutate
1134 967 1350 1019 invicem
1398 966 1452 1018 in
1474 966 1649 1019 osculo
1697 975 1877 1019 sancto
1895 968 1956 1020 ⁸⁷.
2000 966 2263 1020 Salutatio

693 1065 837 1111 mea,
881 1052 1101 1107 humilis
1132 1054 1404 1109 Theodori
1443 1056 1509 1110 ad
1538 1058 1718 1110 omnia
1758 1058 1998 1111 membra
2034 1072 2153 1111 mea
2193 1074 2255 1112 ex

692 1140 851 1195 labiis
890 1146 1069 1198 cordis
1116 1147 1245 1200 mei.
1298 1146 1548 1201 Salutant
1597 1163 1693 1201 vos
1734 1148 1826 1217 qui
1872 1163 2084 1202 mecum
2132 1158 2259 1203 sunt

696 1232 909 1287 fratres.
944 1236 1127 1290 Gratia
1164 1254 1285 1291 cum
1317 1240 1508 1307 spiritu
1542 1250 1741 1294 vestro.
1775 1241 1965 1293 Amen.

2367 694 2439 763 μή
2479 710 2546 758 με
2573 690 2858 762 ἀπώσηται
2906 691 3139 760 Χριστὸς
3188 690 3275 743 διά
3314 690 3413 760 τὴν
3439 690 3770 761 ἀναξιότητά
3799 708 3937 759 μουο

2364 782 2451 835 ἵνα
2478 780 2657 851 ῥυσθῶ
2680 781 2785 833 ἀπὸ
2813 780 2905 833 τοῦ
2936 778 3173 849 πονηροῦ
3200 781 3289 833 διὰ
3312 778 3511 842 παντὸς
3533 780 3593 831 ἐν
3619 780 3783 831 παντὶ
3813 781 3942 848 τμ-

2364 890 2471 944 πῳ.
2497 874 2609 926 Νῦν
2634 874 2731 936 ζῶ,
2755 875 3050 944 ἀγαπητοὶ,
3076 873 3168 925 ἐὰν
3196 874 3354 938 ὑμεῖς
3384 872 3611 941 στήκετε
3637 872 3696 923 ὲν
3722 872 3938 940 Κυρίῳ.

2370 966 2466 1030 Τίς
2501 965 2609 1032 γὰρ
2642 963 2809 1031 ἡμῶν
2838 963 3029 1025 ἐλπίς,
3069 964 3105 1030 ἦ
3136 962 3352 1032 χαρὰ,ἧ
3386 963 3686 1030 στέφανος
3710 964 3943 1030 καυχή.

2364 1072 2547 1120 σεως;
2581 1056 2715 1109 ἀλλ’
2753 1056 2887 1124 οὐχὶ
2925 1055 3091 1123 ὑμεῖς
3120 1060 3213 1107 καὶ
3241 1056 3299 1106 ἐν
3330 1054 3405 1123 τῷ
3432 1053 3526 1106 νῦν
3546 1055 3726 1118 αἰῶνι,
3758 1055 3857 1107 καὶ
3882 1057 3942 1106 ὲν

2366 1147 2441 1217 τῷ
2474 1148 2745 1217 μέλλοντι;
2776 1151 2886 1211 ναὶ,
2910 1147 3065 1215 ὑμεῖς
3089 1148 3197 1216 γάρ
3215 1146 3308 1198 καὶ
3331 1146 3676 1215 παραμύθιον
3694 1148 3939 1216 ἀγάπης,

2367 1241 2461 1293 καὶ
2489 1238 2835 1308 παράκλησίς
2870 1255 2991 1308 μου.
3020 1239 3212 1301 Αὐτὸς
3242 1237 3359 1291 ὄὲό
3390 1239 3532 1303 Θεὸς
3563 1239 3670 1305 τῆς
3696 1238 3942 1305 εἰρήνης

692 1324 933 1391 ἁγιάσαι
962 1326 1117 1394 ὑμᾶς
1148 1317 1471 1397 ὅλοτελεῖς,
1498 1332 1596 1385 καί
1636 1334 1975 1400 ὀλόκληρον
2017 1331 2184 1402 ὑμῶν
2242 1331 2309 1385 τὸ
2348 1334 2603 1401 πνεῦμα,
2656 1333 2753 1386 καί
2781 1334 2818 1398 ἠ
2878 1334 3069 1401 ψυχὴ,
3140 1333 3234 1386 καὶ
3285 1333 3351 1388 τὸ
3410 1332 3577 1401 σῶμα
3623 1332 3943 1402 ἀμέμπτως

694 1419 990 1484 τηρηθείη.
1022 1421 1216 1485 Πιστὸς
1247 1425 1275 1475 6
1303 1424 1433 1486 Θεὸς
1460 1425 1615 1493 ἡμῶν
1638 1441 1653 1455 ⁸
1689 1426 1747 1489 ὃς
1778 1426 1872 1479 καὶ
1917 1428 2151 1495 ποιήσει,
2191 1426 2427 1496 ἀδελφοί.
2472 1426 2849 1480 Ἀσπάσασθε
2908 1425 3219 1491 ἀλλήλους
3258 1426 3327 1478 ἐν
3352 1426 3637 1493 φιλήματι
3671 1426 3841 1491 ἁγίῳ.
3882 1425 3943 1479 ’0

694 1508 981 1580 ἀσπασμός
1013 1530 1112 1581 μου
1140 1513 1233 1566 τοῦ
1258 1516 1513 1568 ταπεινοῦ
1538 1516 1813 1587 Θεοδώρου
1841 1518 1975 1587 πρὸς
2002 1517 2178 1570 πάντα
2228 1518 2297 1571 τὰ
2361 1519 2499 1588 μέλη
2547 1536 2647 1585 μου
2697 1517 2806 1569 ἀπὸ
2856 1516 3078 1586 χειλέων
3132 1534 3233 1586 μου
3278 1517 3527 1588 καρδίας.
3556 1517 3941 1583 ’Δσπάζονται,

697 1602 841 1672 ὑμᾶς
876 1606 923 1657 οἱ
960 1606 1078 1673 μετ’
1107 1606 1243 1676 ἐμοῦ
1264 1606 1501 1674 ἀδελφοί.
1541 1608 1606 1661 Ἡ
1632 1609 1790 1679 χάρις
1824 1610 1961 1675 μετά
1984 1609 2077 1662 τοῦ
2106 1608 2415 1679 πνεύματος
2448 1609 2621 1676 ὑμῶν.
2661 1609 2854 1677 Ἀμήν.

888 1748 981 1804 IX.
1017 1780 1083 1791 -—
1119 1749 1346 1821 Joscpho
1382 1752 1543 1822 fratri
1570 1763 1617 1806 et
1653 1754 2060 1822 archiepiscopo.

2383 1755 2457 1808 ϐ’.
2493 1784 2559 1795 -
2584 1752 2797 1823 Ἰωσὴφ
2827 1751 3068 1821 ἁδελφῷ
3099 1752 3195 1807 καί
3228 1753 3695 1822 ἀρχιεπισκόπῳ.
3720 1753 3909 1827 [ρνα’.]

1488 1870 1816 1929 Quorumdam
1838 1872 2286 1934 praevaricationem
2308 1874 2477 1922 deflet.
2525 1872 2726 1933 (Baron.
2758 1886 2837 1921 an.
2861 1872 2969 1932 815,
2996 1885 3044 1920 n.
3078 1872 3180 1933 ll.)

771 1973 1000 2043 Semper
1025 1975 1157 2029 mihi
1190 1977 1425 2046 optabile
1469 1978 1709 2033 scribere
1740 1981 2015 2035 sanctitati
2046 1991 2169 2044 tute,
2204 1997 2266 2035 ac
2297 1994 2339 2047 Β

697 2075 849 2119 tanto
898 2067 1088 2137 magis,
1142 2077 1347 2136 quanto
1391 2069 1564 2122 exsilii
1611 2071 1779 2124 nostri
1837 2071 2076 2141 longiora
2136 2083 2264 2127 sunt

697 2158 976 2213 intervalla
1012 2176 1023 2212 :
1060 2159 1185 2213 facit
1216 2160 1359 2213 enim
1391 2170 1449 2215 ut
1478 2162 1699 2231 propius
1750 2163 2151 2232 quodammodo
2176 2180 2266 2218 ve-

694 2251 840 2304 niam
872 2252 924 2303 in
961 2252 1325 2305 venerabilem
1382 2263 1732 2322 conspectum
1784 2265 1957 2318 tuum,
2010 2266 2064 2309 et
2116 2256 2264 2308 leva-

696 2358 820 2396 men
853 2342 1010 2396 all‘ert
1040 2344 1156 2412 ipsa
1190 2344 1265 2397 tui
1294 2343 1621 2398 allocutione
1656 2363 1669 2398 :
1709 2346 1853 2414 quod
1881 2355 1937 2399 et
1965 2362 2107 2399 nunc
2128 2362 2265 2416 quo-

696 2448 802 2501 que
830 2434 1025 2487 accidit
1054 2435 1287 2503 graviter
1319 2435 1567 2488 maerenti
1593 2434 1661 2489 ob
1688 2436 1950 2504 proditam
1980 2452 2010 2491 a
2040 2438 2266 2506 quibus-

694 2522 819 2576 dam
846 2524 1151 2592 praepositis
1181 2526 1486 2580 veritatem.
1520 2525 1589 2579 Ut
1618 2526 1761 2581 enim
1786 2528 1896 2597 jam
1947 2528 2097 2583 novit
2141 2545 2268 2583 san-

696 2615 856 2669 ctitas
904 2628 1015 2680 tua,
1064 2629 1218 2672 vetus
1267 2618 1353 2671 illa
1385 2620 1649 2684 custodia,
1700 2620 1988 2690 Josephus,
2024 2622 2264 2691 inquam,

696 2705 929 2761 adulteri
960 2708 1261 2777 copulator,
1308 2707 1701 2772 Photinodites.
1742 2709 2109 2778 Heracleotes,
2158 2713 2268 2768 Ille-

696 2797 950 2863 diciotes,
991 2798 1273 2869 Mylianus,
1314 2800 1779 2870 Hypolichniotes,
1812 2802 2106 2866 Gulaaates.
2132 2816 2207 2870 et,
2234 2822 2267 2860 ο

696 2900 978 2961 peccatum
1007 2908 1187 2947 meum
1212 2895 1224 2947 !
1247 2894 1407 2947 etiam
1432 2895 1829 2960 Phlubutenus,
1862 2899 2026 2952 stulta
2057 2900 2267 2969 simpli-

696 2984 859 3039 citate
903 2994 1115 3055 captus,
1171 2988 1414 3042 unanimi
1473 3005 1761 3055 consensu,
1808 2991 2274 3061 dispensationem

697 3078 903 3135 SCiIicet
960 3091 1385 3151 propugnantes,
1426 3082 1635 3153 abrepti
1670 3084 1739 3139 ab
1773 3100 1839 3139 eo
1871 3082 1963 3154 qui
2013 3086 2137 3139 talia
2172 3101 2270 3154 pa-

699 3176 842 3223 trare
877 3171 1013 3225 solet
1059 3171 1320 3242 Josepbo,
1348 3184 1468 3242 post
1504 3173 1757 3229 Satanam
1803 3176 2069 3239 abierunt,
2104 3176 2269 3230 semel

696 3271 859 3331 atque
909 3263 1104 3316 iterum
1152 3277 1276 3317 cum
1318 3264 1498 3333 impiis
1521 3267 2005 3320 communicantes.
2054 3267 2168 3332 Qua
2203 3266 2271 3321 de

2449 1981 2603 2049 Ἐμοὶ
2634 1979 2694 2033 τὸ
2734 1979 3071 2032 ἐπιστέλλειν
3123 1982 3188 2050 τῇ
3245 1964 3525 2050 ἁγιωσύνῃ
3567 1996 3661 2033 σου
3708 1980 3943 2033 πάντοτε

2366 2072 2599 2140 ποθητόν
2619 2086 2631 2100 ·
2676 2073 2770 2125 καὶ
2800 2070 3053 2124 τοσοῦτον
3080 2072 3210 2124 ὅσον
3242 2073 3334 2125 καὶ
3361 2071 3421 2124 τὺ
3452 2074 3553 2141 τῆς
3582 2073 3942 2143 περιορίσεως

2364 2164 2639 2232 διάστημα
2680 2164 3016 2233 μακρότερον
3042 2179 3055 2194 ·
3102 2164 3269 2232 ἔγγὺς
3302 2165 3411 2233 γάρ
3446 2181 3514 2233 με
3554 2168 3700 2217 ποιεῖ
3742 2164 3840 2217 τοῦ
3865 2181 3945 2215 τι-

2369 2254 2493 2323 μίου
2521 2254 2815 2322 προσώπου
2860 2271 2952 2307 σου
2979 2271 2992 2285 °
3024 2255 3118 2308 καὶ
3158 2254 3438 2325 ῥαστώνην
3470 2257 3689 2326 εμποιεῖ
3717 2256 3808 2309 δια
3844 2257 3945 2326 τῆς

2366 2349 2808 2416 προσφωνήσεως
2827 2361 2843 2377 ο
2876 2342 2963 2399 οἷα
2995 2349 3087 2400 καὶ
3120 2346 3213 2399 νῦν
3242 2346 3505 2417 λυπηρῶς
3522 2347 3864 2417 διακειμένῳ
3887 2349 3946 2401 ἐν

2365 2441 2431 2508 τῇ
2482 2439 2589 2491 τῶν
2640 2456 2802 2492 τινων
2852 2439 3170 2509 ἡγουμένων
3222 2440 3481 2511 προδοσίᾳ
3528 2440 3624 2509 τῆς
3660 2438 3943 2507 ἀληθείας.

2370 2528 2485 2582 Ἵνα
2512 2530 2621 2599 γὰρ
2645 2524 2751 2581 οἷδέ
2782 2546 2876 2581 σου
2914 2531 2945 2598 ἡ
2974 2528 3208 2599 ὁσιότης,
3237 2530 3320 2583 ὅτι
3350 2532 3383 2599 ἡ
3418 2530 3583 2583 πάλαι
3613 2530 3943 2584 κουστωδίαο

2368 2620 2510 2687 λέγω
2541 2619 2605 2690 δὴ
2642 2620 2840 2690 Ἰωσὴφ
2866 2622 2895 2672 6
2926 2619 3337 2689 μοιχοζεύκτης,
3371 2621 3399 2673 6
3441 2620 3889 2691 Φωτεινουδίτης,
3918 2624 3947 2675 6

2380 2708 2808 2780 Ἥρακλειώτης,
2833 2712 2861 2763 6
2881 2708 3253 2781 Ιιίηδικιώτης,
3288 2712 3317 2762 6
3340 2710 3630 2776 Μυλιανδς,
3662 2715 3691 2765 6
3732 2713 3948 2766 ’Υπολι-

2369 2800 2624 2871 χνιώτης,
2646 2803 2675 2854 6
2696 2801 3045 2871 Γουλαιάτης,
3078 2800 3211 2852 ἀλλά
3245 2798 3346 2868 φεῦ
3379 2800 3477 2869 τῆς
3503 2803 3778 2873 ἁμαρτίας
3808 2802 3941 2872 paul

2369 2894 2451 2946 ὅτι
2499 2893 2595 2946 καὶ
2639 2894 2668 2945 6
2712 2893 3110 2963 Φλουὸουτηνὸς
3147 2890 3302 2965 [Reg.
3345 2893 3467 2948 cod.
3505 2891 3943 2966 Φλ.ουὸουτινδς]ι

2372 2983 2694 3054 συλληφθεὶς
2740 2984 2799 3048 ἐξ
2825 2985 3054 3052 ἄφρονος
3084 2983 3387 3053 ἁπλότητος
3410 3000 3425 3014 ·
3460 2985 3827 3056 ὁμοθυμαδὸν,
3856 3004 3946 3055 μισ

2370 3074 2501 3143 κρὸν
2558 3076 2842 3137 ἑνστάντες
2895 3074 3056 3144 δῆθεν
3118 3076 3461 3147 οἰκονομίας,
3530 3077 3945 3147 ὑφορμηθέντες

2372 3165 2519 3234 παρά
2557 3164 2651 3217 τοῦ
2695 3165 2947 3228 εἰωθότος
2993 3166 3426 3236 κατεργάζεσθαι
3458 3166 3527 3219 τὰ
3554 3166 3778 3220 τοιαῦτα
3830 3168 3945 3223 Ἰω-

2373 3256 2505 3325 σὴφ,
2529 3256 2904 3327 ἐξετράπησαν
2930 3258 3104 3311 ὀπίσω
3128 3257 3222 3311 τοῦ
3258 3260 3491 3322 Σατανᾶ,
3517 3262 3945 3329 κοινωνήσαντες

698 3362 861 3401 causa
897 3347 1160 3402 benevole
1185 3348 1416 3413 dimissi,
1456 3349 1509 3403 in
1540 3364 1779 3404 errorem
1808 3366 1965 3405 suum
1994 3351 2270 3405 instabiles

2372 3346 2519 3410 ἆπαξ
2545 3348 2638 3400 καὶ
2668 3348 2749 3411 δὶς
2781 3351 2893 3412 τοῖς
2918 3348 3193 3402 ἀσεὸἑσιν.
3230 3348 3318 3401 Ἐν
3345 3342 3390 3416 ᾧ
3418 3350 3509 3403 καὶ
3536 3350 3779 3420 εὐμενῶς
3811 3354 3945 3404 ἁποο

702 3437 1003 3507 impellunt.
1064 3438 1392 3505 Quinetiam,
1427 3451 1486 3495 ut
1510 3453 1750 3511 apparet,
1777 3442 2027 3496 Nicaenus
2054 3458 2268 3512 quoque

699 3526 755 3580 in
788 3528 997 3581 ruinam
1021 3528 1231 3597 positus
1260 3538 1342 3583 est
1372 3529 1773 3599 episcoporum.
1803 3530 2081 3586 Bevocant
2121 3532 2267 3585 enim

699 3619 768 3673 ab
800 3620 1027 3685 exsiliis,
1062 3629 1119 3675 ut
1176 3621 1298 3675 talia
1336 3620 1555 3675 faciant.
1611 3622 1678 3675 Et
1731 3622 1836 3677 nisi
1883 3637 1984 3677 nos
2042 3622 2269 3677 fulciens

701 3710 993 3777 praeveniat
1046 3726 1239 3764 manus
1286 3711 1403 3775 Dei,
1436 3712 1674 3781 perimus
1716 3722 1770 3767 et
1799 3728 1897 3766 nos
1924 3713 2014 3781 qui
2067 3713 2267 3768 residui

699 3815 907 3853 sumus.
940 3800 1079 3865 Quid
1110 3817 1238 3869 ergo
1264 3803 1506 3871 estquod
1526 3804 1791 3857 etiteruin
1823 3805 1875 3856 in
1907 3818 2004 3857 nos
2037 3803 2269 3858 humiles

699 3910 822 3948 cum
849 3894 1036 3963 paucis
1054 3895 1176 3948 aliis
1200 3894 1517 3949 incumbere
1544 3893 1720 3947 fabula
1747 3893 2001 3949 videtur?
2027 3894 2267 3965 Exsurge

701 3987 899 4055 itaque.
932 3986 1010 4039 vir
1037 3985 1152 4051 Dei,
1175 3993 1430 4053 tanquam
1479 3985 1720 4054 pontifex
1752 3985 1951 4039 Christi
1983 3987 2093 4039 veri
2119 3987 2269 4055 prin-

699 4080 836 4151 cipis
865 4090 1166 4151 pastorum,
1191 4090 1448 4149 tantoque
1483 4080 1801 4149 impensius,
1838 4089 2039 4149 quanto
2058 4080 2268 4135 caeteris

697 4172 953 4227 omnibus
1030 4173 1403 4243 superemines
1470 4172 1705 4226 culmine
1776 4171 2093 4237 sacerdotii,
2158 4185 2268 4226 uno

698 4265 940 4333 dempto,
966 4264 1056 4334 qui
1084 4265 1137 4317 in
1161 4264 1344 4317 abdito
1376 4263 1648 4317 detinetur
1681 4279 1695 4315 :
1737 4262 1983 4332 Cleri/ica
2019 4265 2183 4318 Deum
2213 4268 2267 4319 in

699 4374 912 4427 corpore
943 4367 1029 4410 tuo
1064 4366 1112 4411 et
1142 4359 1196 4410 in
1217 4357 1408 4425 spiritu
1437 4365 1526 4408 tuo
1552 4356 1618 4408 ".
1668 4354 1783 4409 Non
1834 4358 2048 4425 penitus
2080 4358 2133 4411 in
2181 4358 2267 4411 in-

700 4450 816 4504 sula
876 4450 1203 4519 relinqueris
1238 4467 1252 4503 :
1288 4449 1526 4504 exerceri
1584 4449 1806 4503 forsitan
1846 4457 1901 4504 et
1948 4451 2159 4520 probari
2192 4460 2265 4517 te,

700 4539 842 4593 sicut
873 4550 1047 4602 antea,
1079 4549 1309 4608 Oportet,
1343 4548 1403 4593 ut
1432 4554 1686 4594 coronam
1717 4541 1841 4594 inde
1886 4541 2093 4595 referas
2143 4542 2268 4595 illu-

700 4632 973 4686 striorem.
1003 4631 1114 4684 Heu
1137 4633 1148 4683 ι
1171 4632 1275 4683 heu
1298 4635 1309 4683 !
1330 4632 1514 4693 frater,
1538 4631 1591 4683 in
1607 4646 1725 4699 qute
1743 4640 1983 4700 tempora
2009 4632 2265 4686 reservati

700 4722 1051 4776 sumus?5ed
1081 4722 1249 4792 gratia
1282 4729 1457 4775 tamen
1495 4720 1543 4774 ei
1574 4721 1666 4789 qui
1702 4722 1996 4777 reservavit
2028 4739 2042 4775 :
2078 4722 2144 4776 Et
2174 4723 2269 4775 hoc

700 4830 733 4866 a
763 4812 891 4876 Deo,
942 4812 1018 4866 ait
1067 4811 1380 4881 Apostolus,
1412 4814 1501 4881 qui
1528 4829 1560 4863 a
1593 4813 1736 4865 nobis
1775 4814 2026 4865 donatum
2058 4822 2131 4866 est
2174 4829 2269 4880 pro

698 4902 926 4966 Christo,
953 4917 1055 4954 non
1078 4902 1246 4955 solum
1290 4910 1347 4953 ut
1375 4901 1430 4953 in
1456 4917 1575 4954 eum
1612 4902 1904 4965 credamus,
1964 4902 2053 4955 sed
2108 4903 2268 4955 etiam

699 5002 754 5044 ut
785 5008 878 5058 pro
908 4991 1000 5045 illo
1021 4992 1293 5060 patiamur
1321 4991 1388 5044 ".
1446 4990 1563 5045 Non
1591 4990 1837 5061 despexit
1876 4992 2136 5046 Dominus
2165 4993 2271 5045 hu-

2373 3440 2642 3506 λυθέντες,
2677 3442 2987 3494 ἀλίσκουσιν
3032 3442 3103 3492 ιὲν
3148 3440 3225 3510 τῷ
3270 3440 3454 3512 οἰκείῳ
3510 3446 3767 3511 πτώματι
3818 3444 3945 3504 τοὺς

2374 3531 2756 3600 ἀστηρίκτους.
2792 3530 2932 3583 Ἀλλ’
2956 3530 3032 3583 ὡς
3074 3529 3240 3591 ἔοικε,
3272 3530 3367 3582 καὶ
3410 3531 3438 3582 6
3464 3531 3563 3600 τῆς
3593 3531 3828 3594 Νικαίας
3864 3533 3944 3595 είς

2373 3621 2575 3691 πτῶμα
2624 3625 2799 3674 κεῖται
2844 3619 2952 3673 τῶν
2998 3620 3332 3673 ἐπισκόπων.
3373 3620 3795 3674 Ἀνακαλοῦνται
3834 3623 3942 3694 γὰρ

2375 3714 2500 3774 τοὺς
2526 3714 2581 3764 ὲν
2611 3710 2847 3779 ὲξορίαις
2876 3709 3009 3779 πρὸς
3036 3710 3096 3763 τὸ
3127 3708 3193 3761 τὰ
3217 3710 3378 3779 ὃμοια
3399 3711 3621 3781 πρᾶξαι.
3649 3714 3760 3766 Καὶ
3787 3715 3837 3765 εἰ
3866 3715 3938 3784 μὴ

2375 3802 2677 3869 προφθάσει
2693 3803 2725 3869 ἠ
2746 3801 2868 3870 χεὶρ
2887 3800 2980 3853 τοῦ
2996 3798 3131 3853 θεοῦ
3154 3800 3533 3870 ὐπερείδουσα,
3551 3802 3823 3875 ὀλλύμεθα
3845 3805 3940 3857 καὶ

2372 3893 2423 3944 οί
2456 3875 2891 3960 ὑπολειφθέντες.
2911 3891 2976 3945 Τί
3003 3888 3096 3945 οῦν
3121 3894 3266 3944 ἐστιν
3288 3893 3369 3945 ὅτι
3404 3894 3497 3945 καὶ
3518 3892 3699 3961 πάλιν,
3721 3894 3796 3957 ῶς
3820 3897 3942 3963 φαί-

2374 3998 2544 4048 νεται,
2572 3984 2651 4043 είς
2682 3983 2825 4051 ἡμᾶς
2848 3982 2969 4044 τοὺς
2993 3983 3281 4044 ταπεινοὺς
3307 3982 3649 4051 περιίσταται
3676 3985 3738 4037 τὸ
3759 3985 3941 4055 δρᾶμα

2374 4075 2473 4125 σὺν
2506 4072 2736 4141 ὀλίγοιςς
2776 4073 3008 4126 Ἀνάστα
3028 4067 3141 4135 οῦν,
3170 4066 3215 4125 ῶ
3241 4072 3515 4144 ἄνθρωπε,
3544 4074 3640 4128 τοῦ
3662 4076 3799 4129 Θεοῦ
3818 4093 3834 4109 ο
3865 4076 3939 4140 ὡς

2373 4165 2662 4236 ἀρχιερεὺς
2700 4162 2795 4217 τοῦ
2834 4164 3070 4235 Χριστοῦ
3098 4161 3191 4216 τοῦ
3220 4164 3475 4235 ἀληθινοῦ
3511 4166 3900 4237 ἀρχιποιμένος
3920 4180 3935 4196 ·

2374 4257 2468 4309 καὶ
2501 4255 2754 4309 τοσοῦτον
2781 4257 2902 4309 ὅσον
2942 4255 3050 4307 τῶν
3079 4255 3332 4309 ἁπάντων
3366 4250 3416 4308 εἶ
3446 4257 3726 4326 ὑπερέχων
3750 4260 3819 4327 τῇ
3851 4272 3940 4310 κε-

2375 4348 2558 4417 φαλίδι
2598 4348 2697 4418 τῆς
2738 4348 3062 4419 ἱερωσύνης,
3091 4346 3229 4416 πλὴν
3253 4346 3346 4399 τοῦ
3376 4348 3492 4411 ἑνὸς
3516 4348 3573 4400 ὲν
3604 4348 3938 4419 παραδύστῳ

2374 4441 2653 4509 κειμένου.
2685 4441 2955 4502 Δόεασον
3012 4440 3088 4507 δὴ
3133 4440 3240 4493 τὸν
3284 4440 3432 4494 Θεὸν
3474 4440 3544 4492 ἐν
3586 4438 3666 4503 τῷ
3712 4440 3939 4505 σώματί

2373 4546 2490 4584 σου
2513 4530 2610 4583 καὶ
2642 4530 2710 4582 ἐν
2736 4529 2815 4594 τῷ
2842 4530 3135 4599 πνεύματι
3160 4546 3274 4584 σου
3298 4547 3313 4562 ο
3345 4531 3406 4582 οῦ
3444 4528 3663 4592 πάντως
3688 4530 3936 4602 ἀφεθήσῃ

2373 4626 2430 4675 ὲν
2450 4625 2515 4691 τῇ
2538 4625 2710 4692 νήσῳ·
2735 4624 2896 4692 τυχὸν
2927 4622 3286 4692 πειρασθῆναι
3308 4639 3365 4675 σε
3386 4622 3467 4674 δεῖ
3488 4622 3628 4676 κατὰ
3652 4624 3723 4677 τὰ
3751 4625 3933 4678 πάλαι*

2295 4693 2346 4751 Ῑ)
2374 4713 2459 4765 ἵνα
2486 4713 2580 4767 καὶ
2607 4714 2930 4783 στεφανίτης
2958 4712 3241 4767 κάνταῦθα
3268 4714 3645 4785 λαμπρότερος
3667 4717 3937 4785 χρηματί-

2371 4820 2503 4867 σοις.
2533 4803 2601 4856 Ai
2624 4844 2638 4869 ,
2666 4804 2725 4857 αἱ
2750 4844 2764 4869 ,
2795 4804 3013 4873 ἀδελφὲ,
3044 4806 3123 4867 εἰς
3170 4806 3311 4868 οἴους
3350 4806 3574 4875 καιροὺς
3613 4806 3935 4878 ὲταμιεύθη-

2373 4912 2509 4967 μενς
2562 4896 2723 4949 Ἀλλὰ
2784 4896 2946 4967 χάρις
2987 4898 3136 4965 ὅμως
3190 4895 3268 4965 τῷ
3326 4898 3778 4969 ταμιευσαμένῳ·
3841 4902 3933 4954 καί

2369 4987 2547 5041 τοῦτο
2569 4987 2687 5041 ἀπὸ
2710 4987 2876 5052 Θεοῦ,
2901 4988 3069 5057 φησὶν
3096 4989 3124 5039 6
3151 4986 3488 5051 ’Δπόστολος,
3519 4987 3608 5041 ὅτι
3634 4989 3780 5057 ἡμῖν
3807 4991 3933 5059 ἐχα-

700 5080 978 5133 militatem
1022 5089 1266 5135 nostram
1316 5080 1371 5133 in
1408 5080 1475 5135 iis
1524 5094 1645 5149 qua:
1692 5090 2095 5135 antecesserunt
2130 5099 2142 5133 :
2176 5081 2270 5135 sed

2368 5079 2549 5149 ρίσθη
2576 5080 2725 5147 ὑπὲρ
2753 5081 3031 5147 Χριστοῦ,
3059 5080 3131 5132 οὐ
3163 5079 3357 5148 μόνον
3390 5079 3457 5132 τὸ
3490 5082 3577 5146 εις
3614 5081 3803 5133 αὑτὸν
3844 5097 3935 5133 πι-

700 5188 876 5241 neque
899 5187 1064 5237 nunc,
1088 5187 1267 5241 spero,
1293 5172 1552 5241 despiciet
1580 5174 1933 5227 reverentiam
1967 5183 2145 5227 tuam:
2174 5174 2267 5228 sed

700 5263 844 5317 sicut
877 5270 1028 5325 tunc,
1062 5262 1133 5315 ita
1168 5271 1224 5316 et
1260 5277 1406 5316 nunc
1459 5262 1888 5333 magnitlcabitur
1926 5264 2175 5318 Christus
2214 5264 2267 5317 in

700 5369 925 5423 corpore
957 5362 1070 5418 tuo,
1103 5353 1305 5408 faciens
1344 5368 1507 5423 supra
1563 5353 1781 5408 modum
1846 5353 2266 5408 misericordiam

701 5461 853 5500 suam
883 5445 951 5499 ad
974 5445 1345 5499 ostensionem
1390 5445 1608 5499 virtutis
1650 5452 1775 5499 tum.
1830 5443 2142 5515 Propterea,
2189 5445 2270 5497 \ir

699 5544 908 5601 sancte,
952 5545 1006 5589 et
1036 5536 1167 5589 mihi
1207 5550 1420 5605 quoque
1445 5537 1655 5606 porrige
1683 5552 1899 5590 manum
1921 5537 2268 5592 intercessio-

700 5626 807 5689 nis,
840 5638 899 5680 ut
950 5628 1239 5682 contirmer
1290 5636 1344 5681 ct
1408 5643 1567 5681 eruar
1617 5628 1684 5681 ab
1752 5630 2033 5699 ingruente
2095 5630 2272 5683 bieme

772 5806 817 5839 ³⁸
857 5804 876 5860 ι
918 5803 1107 5859 Thess.
1141 5821 1193 5868 ν,
1234 5802 1323 5858 23.
1400 5805 1443 5836 ⁸⁷
1488 5804 1529 5859 ll
1561 5804 1687 5860 Cor.
1729 5822 1846 5869 .xut,
1893 5805 1975 5859 l2.

2084 5805 2126 5837 ”
2160 5803 2176 5857 l
2209 5803 2333 5859 Cor.
2368 5819 2440 5867 γι,
2468 5804 2556 5856 :20.

2371 5172 2630 5234 στεύειν,
2674 5170 2833 5223 ἀλλὰ
2883 5170 2980 5224 καὶ
3026 5168 3093 5221 τὸ
3140 5168 3290 5238 ὑπὲρ
3318 5168 3507 5224 αὐτοῦ
3550 5170 3829 5239 πάσχειν.
3863 5171 3932 5223 Οὐ

2369 5265 2593 5335 παρεῖδε
2627 5266 2827 5335 Κύριος
2856 5266 2953 5333 την
2983 5264 3311 5318 ταπείνωσιν
3336 5264 3494 5334 ημῶν
3522 5267 3579 5317 ὲν
3599 5268 3710 5327 τοῖς
3736 5264 3931 5335 προλα-

2371 5354 2559 5407 ϐοῦσιν
2583 5371 2595 5384 ·
2631 5354 2744 5407 ἀλλ’
2771 5355 2892 5407 οὐδὲ
2928 5353 3043 5417 νῦν,
3068 5353 3323 5416 πέποιθα,
3354 5354 3685 5424 ὑπερόψεται
3729 5355 3828 5423 τῆς
3858 5374 3931 5407 τι·

2378 5444 2630 5515 μιότητός
2683 5460 2813 5497 σοῦ’
2866 5443 2979 5496 ἀλλ’
3010 5445 3085 5507 ὡς
3114 5444 3414 5515 τηνικαῦτα
3454 5444 3627 5508 οὕτως
3678 5446 3772 5497 καὶ
3815 5446 3929 5514 ἄρτι

2378 5536 2843 5607 μεγαλυνθήσεται
2877 5536 3107 5605 Χριστὸς
3152 5538 3210 5588 ὲν
3249 5534 3325 5605 τῷ
3363 5534 3573 5604 σώματί
3604 5553 3697 5587 σου
3720 5553 3733 5567 ⁸
3772 5537 3933 5590 ποιῶν

2373 5629 2837 5699 ὑπερεκπερισσοῦ
2862 5630 2922 5681 τὸ
2951 5628 3095 5689 ἔλεος
3123 5627 3287 5681 αὐτοῦ
3322 5628 3402 5691 είς
3438 5627 3662 5693 ἔνδειξιν
3688 5628 3789 5699 τῆς
3812 5631 3931 5701 ἀρε-

2668 5803 2711 5834 ⁵⁹
2742 5800 2973 5874 Philipp.
3016 5803 3161 5869 1,28.
