4164 6510
176 26 392 36 -——_._.
421 32 428 35 .
458 34 495 37 _

277 412 410 476 1141
1473 414 1850 474 ΕΡΙ8ΤΟΙιΛῖ

1959 416 2014 474 Μ
2077 415 2224 475 LIB.
2268 414 2352 475 ιῐ.
3406 406 3543 471 1142

263 532 372 598 τῆς
397 545 512 580 σου.
538 527 627 579 Διὸ
648 526 860 596 ὀρέγοις
891 526 1060 598 κάμοὶ
1087 527 1243 598 χεῖρα
1271 529 1694 599 πρεσϐευτικὴν,
1716 531 1850 592 ὃσιε,

1962 545 2164 583 amara.
2222 528 2338 592 Sta,
2383 536 2435 582 et
2478 527 2770 597 propitium
2816 525 2921 591 fac,
2955 533 3016 579 ut
3072 524 3306 594 procella
3356 525 3412 578 in
3439 539 3539 578 an-

268 617 633 688 στηριχθῆναι
663 616 758 669 καὶ
800 616 1040 687 σωθῆναι
1068 618 1176 669 άπὸ
1202 616 1296 669 τοῦ
1331 616 1624 675 ἐνεστῶτος
1652 614 1850 684 χειμῶ-

1960 636 2074 673 ram
2121 619 2357 690 Spiritus
2391 620 2561 673 sancti
2620 628 2970 674 convertatur
3007 635 3019 671 :
3058 619 3300 672 utinam!
3335 613 3538 670 Fratri-

266 727 361 772 νος
410 707 631 778 πικροῦ.
665 709 828 776 Στῆὒι
877 711 970 761 καὶ
1006 709 1245 770 ίλέωσαι,
1275 707 1724 777 μεταστραφῆναι
1753 705 1850 776 τὴν

1960 712 2062 766 bus
2090 713 2317 765 salutem
2342 711 2628 780 plurimam
2656 713 2798 776 dico,
2831 727 2926 766 eos
2951 712 3264 774 obsecrans,
3299 718 3358 763 ut
3380 720 3540 763 orent

265 800 560 867 καταιγίδα
588 801 667 863 είς
693 798 868 869 αὔραν
895 799 988 852 τοῦ
1023 801 1179 864 ἁγίου
1218 799 1529 869 ηνεύματος
1552 816 1566 830 ο
1604 797 1812 865 γένοιτο
1837 799 1848 850 1

1960 817 2059 870 pro
2085 801 2389 856 humilitate
2423 817 2563 856 mea.
2604 800 2708 867 Qui
2754 817 2969 859 mecum
2996 810 3143 869 sunt,
3174 801 3404 873 pedibus
3433 800 3542 856 tuis

264 895 410 956 Τοὺς
433 894 693 962 ἀδελφοὺς
720 893 1098 963 ἀσπαζόμενος
1125 892 1352 944 πλεῖστα
1372 909 1386 922 ·
1420 892 1514 945 καὶ
1543 891 1852 960 παρακαλῶ

264 984 371 1036 ὑπε
384 984 673 1054 ρεύχεσθαί
711 1002 811 1054 μου
832 987 932 1053 τῆς
952 981 1352 1046 ταπεινώσεως.
1378 984 1442 1035 Οί
1467 983 1564 1035 σὺν
1593 981 1718 1051 ἐμοὶ
1741 983 1853 1043 τοῖς

265 1076 393 1127 ποσί
423 1093 517 1128 σου
551 1075 894 1146 προσπίπτον
903 1091 1006 1128 σιν.

514 1214 570 1271 l'.
600 1244 667 1254 —-
687 1213 1040 1282 Ναυκρατίῳ
1067 1212 1283 1276 τέκνῳ.
1321 1207 1483 1280 [ρνβ’.

1958 893 2344 948 advolvuntur.

2413 1204 2479 1259 Χ.
2513 1233 2584 1246 -
2610 1206 2905 1260 Naucratio
2933 1207 3066 1276 ﬁlio.

264 1379 556 1442 Dogmatlca
581 1377 645 1426 de
669 1377 852 1426 sanctis
877 1374 1190 1438 imaginibus.
1231 1373 1308 1424 Ne
1330 1368 2313 1496 quorumdfltgllggsualperépgbznti);flii
2336 1384 2349 1420 :
2379 1372 2547 1432 potius
2578 1383 2640 1421 eo
2666 1373 2772 1434 ipso
2798 1373 3082 1422 excitentur
3104 1372 3162 1420 ad
3186 1370 3530 1422 constantiam.

337 1595 560 1667 Πονηρά
591 1595 624 1664 ἡ
653 1592 883 1661 ἀγγελία
905 1591 1015 1646 τῶν
1037 1590 1386 1662 γραμμάτων
1417 1605 1533 1653 σου,
1561 1582 1606 1640 ὦ
1635 1587 1847 1639 τέκνονο

262 1693 386 1760 ἥτις
443 1687 806 1758 καθαψαμένη
855 1703 959 1756 μου
987 1685 1086 1754 τῆς
1120 1683 1384 1752 ταπεινῆς
1410 1681 1591 1752 ψυχῆς
1620 1679 1698 1749 τῷ
1735 1679 1851 1732 δντι

263 1785 530 1855 ώδύνησε,
551 1784 646 1836 καὶ
667 1780 900 1850 δάκρυον
928 1777 1375 1850 προσεκαλέσατο
1404 1774 1700 1845 καρδιακόν
1724 1789 1737 1803 ·
1759 1789 1848 1842 μι-

2032 1585 2308 1640 Pessimus
2350 1587 2575 1640 nuntius
2607 1587 2909 1642 litterarum
2958 1597 3196 1653 tuarum,
3230 1605 3263 1645 ο
3295 1589 3369 1644 ﬁli
3399 1610 3412 1647 :
3437 1589 3532 1662 qui

1956 1679 2116 1732 simul
2143 1679 2403 1734 humilem
2433 1683 2672 1735 animam
2717 1697 2891 1735 meam
2954 1682 3150 1752 attigit,
3185 1698 3371 1737 revera
3399 1699 3535 1738 con-

1957 1770 2212 1832 tristavit,
2241 1780 2296 1824 et
2325 1772 2506 1826 cordis
2567 1773 2832 1842 lacrymas
2893 1774 3102 1839 elicuit,
3159 1784 3367 1830 tantum
3421 1793 3532 1831 non

264 1875 404 1948 κροῦ
450 1877 583 1940 δεῖν,
611 1871 816 1928 ἀῦπνόν
860 1887 948 1941 μοι
993 1869 1092 1936 τὴν
1129 1867 1299 1920 νύκτα
1331 1865 1453 1918 καθ’
1481 1866 1547 1934 ἢν
1578 1860 1848 1960 ἐδεξάμην

1957 1863 2261 1917 insomnem
2299 1864 2426 1916 mihi
2459 1864 2693 1919 reddens
2726 1874 2942 1921 noctem
2993 1868 3138 1947 illam
3163 1883 3269 1937 qua
3322 1868 3532 1923 litteras

249 1969 361 2032 ,ἐπὶ
411 1968 602 2036 χεῖρας
648 1963 747 2032 τὴν
787 1959 1076 2030 ἐπιστολὴν
1128 1958 1495 2028 ἐμποιήσασα.
1533 1953 1701 2006 Τοῦτο
1747 1954 1844 2022 μὲν

261 2059 359 2110 ἐπὶ
393 2055 612 2108 πάντων
652 2052 763 2106 τῶν
793 2048 1276 2120 συμπεπτωκότων
1297 2061 1310 2075 ⁸
1345 2043 1638 2114 ἐξαιρέτως
1680 2042 1736 2095 δὲ
1767 2043 1847 2103 είς

262 2150 356 2203 τὸν
399 2148 498 2217 τῆς
542 2142 900 2212 Φλουδουτῆς.
926 2141 1050 2193 Ὀτι
1089 2141 1139 2192 ot
1185 2138 1282 2209 μὲν
1324 2139 1436 2200 τοῖς
1481 2134 1847 2206 προλαϐοῦσιν

262 2243 431 2310 ὃμοια
458 2240 552 2292 καὶ
575 2236 741 2292 τανῦν
771 2231 1015 2305 ἔπραξαν
1038 2248 1049 2262 ·
1081 2235 1110 2286 ὁ
1140 2232 1196 2286 δὲ
1229 2231 1333 2285 τῶν
1358 2231 1657 2284 δοκούντων
1685 2227 1846 2281 ἐστά-

262 2353 356 2388 ναι
385 2329 643 2402 ἀσφαλῶς
679 2325 1029 2397 ἐγνωρίζετο.
1073 2322 1413 2391 Ἐθαύμαζον
1444 2316 1555 2383 οῦν,
1581 2319 1662 2372 ἔτι
1687 2319 1846 2389 ἐστη-

262 2425 442 2479 κότων
475 2419 654 2474 αὐτῶν
675 2457 691 2482 ,
718 2419 801 2471 δτι
859 2416 934 2487 μὴ
974 2414 1405 2484 ὁμολογήσαντες
1438 2411 1538 2482 τὴν
1558 2410 1846 2480 προτέραν

263 2517 363 2571 ἐπὶ
422 2511 638 2584 μοιχείᾳ
692 2508 787 2562 καὶ
835 2499 1392 2578 μοιχοξευξίᾳιῆτταν
1458 2501 1660 2567 αὐτῶν,
1721 2501 1847 2552 ἀντ-

261 2605 546 2672 εποιοῦντο
575 2604 664 2655 ἐπὶ
685 2603 750 2672 τῇ
783 2599 1118 2670 προκειμένῃ
1145 2597 1398 2651 ὑποθέσει
1418 2611 1431 2624 °
1465 2597 1560 2649 καὶ
1586 2596 1727 2664 τάχα
1755 2595 1849 2646 ὐπ-

262 2701 453 2754 ενόουν
483 2697 588 2768 ίδίᾳ.
620 2695 716 2748 καὶ
750 2691 869 2746 καθ’
904 2692 1129 2753 ἑαυτοὺς
1155 2689 1254 2759 τὴν
1293 2687 1656 2758 μεταμέλειαν
1687 2687 1848 2754 ἐσχη-

264 2793 459 2846 κέναι·
493 2789 587 2842 καὶ
628 2785 843 2855 ἔχαιρον
888 2785 916 2836 ό
947 2781 1198 2842 ταπεινὸς
1245 2779 1338 2832 ἐπὶ
1383 2781 1448 2849 τῇ
1491 2775 1848 2848 όρθοποδήσει

263 2860 469 2936 αὐτῶν.
510 2877 646 2931 Ἀλλ’
670 2876 744 2938 ώς
772 2876 970 2938 ἔοικεν,
1003 2875 1060 2926 ἐν
1093 2871 1308 2938 σαθροῖς
1337 2871 1435 2938 τὴν
1459 2869 1634 2922 οίκίαν
1667 2867 1847 2920 αὐτῶν

262 2972 745 3041 οἰκοδομήσαντες,
771 2967 849 3039 τῷ
876 2966 1096 3020 λαιλαπι
1123 2964 1223 3034 τῆς
1252 2962 1670 3035 προσπεσούσης
1701 2960 1849 3031 αίρέ-

267 3082 431 3128 σεως,
468 3059 791 3114 πεπτώκασι
844 3055 1051 3111 πτῶσιν
1084 3055 1180 3126 τὴν
1219 3055 1641 3126 χαλεπωτάτηνο
1687 3053 1848 3106 πάλιν

265 3158 583 3228 οἰκονομίαν
627 3156 875 3226 λέγοντες
917 3152 1014 3224 τὴν
1055 3151 1312 3217 ἀθέτησιν
1349 3149 1446 3219 τῆς
1478 3148 1757 3219 ἀληθείας.
1785 3149 1846 3199 Oi

1949 1953 2153 2021 accepi.
2190 1951 2366 2022 Atque
2405 1953 2508 2009 hoc
2542 1953 2760 2023 quidem
2797 1956 3040 2010 omnium
3080 1972 3243 2011 causa
3297 1960 3392 2028 qui
3424 1973 3532 2012 una

1949 2044 2084 2114 lapsi
2124 2053 2282 2114 sunt,
2306 2045 2539 2098 maxime
2597 2055 2780 2099 autem
2814 2047 2883 2102 ob
2921 2046 3206 2104 Phlubutze
3273 2049 3534 2120 praeposi-

1950 2144 2085 2189 tum.
2116 2133 2248 2188 Nam
2280 2138 2420 2204 quod
2444 2136 2510 2190 ad
2539 2137 2674 2192 alios
2723 2139 2937 2203 attinet,
2963 2151 3332 2196 consentanea
3387 2157 3533 2211 pra:-

1950 2226 2126 2281 teritis
2185 2237 2414 2298 egerunt
2447 2245 2460 2281 :
2499 2228 2588 2283 hic
2634 2243 2767 2282 vero
2819 2244 2884 2283 ex
2917 2231 2982 2284 iis
3016 2241 3153 2294 erat,
3185 2233 3276 2302 qui
3334 2250 3530 2289 secure

1947 2326 2094 2373 stare
2150 2319 2491 2374 videbantur.
2549 2319 2781 2375 Mirabar
2808 2322 3008 2392 itaque,
3041 2323 3355 2393 priusquam
3401 2340 3531 2379 rue-

1952 2422 2073 2466 rent
2101 2412 2198 2474 illi,
2229 2413 2374 2482 quod
2410 2413 2691 2483 pristinam
2727 2431 2880 2469 suam
2931 2416 3074 2470 circa
3105 2417 3439 2472 adulterium
3473 2429 3529 2472 et

1948 2505 2176 2560 adulteri
2215 2506 2433 2576 nuptias
2475 2507 2739 2578 ignaviam
2791 2509 3017 2564 minime
3071 2521 3448 2579 agnoscentes,
3475 2510 3530 2564 in

1951 2613 2011 2653 re
2064 2600 2318 2666 praesenti
2365 2600 2566 2669 aliquid
2622 2601 2888 2658 auderent
2919 2621 2932 2657 :
2961 2603 3375 2674 cogitabamque
3409 2603 3530 2659 illos

1949 2689 2199 2758 privatim
2225 2691 2448 2745 forsitan
2473 2692 2688 2761 etnpud
2719 2708 2776 2746 se
2805 2694 3124 2762 pcnuitentia
3140 2703 3309 2748 tactos
3329 2694 3528 2749 fuisse:

1951 2781 2072 2836 ideo
2101 2783 2401 2853 gaudebam
2435 2784 2617 2849 miser,
2651 2785 2807 2854 quasi
2848 2794 2993 2840 recte
3023 2787 3386 2842 ambularent.
3419 2785 3528 2842 Sed

1952 2873 2007 2927 in
2037 2874 2311 2939 marcidis,
2342 2884 2399 2928 ut
2420 2885 2665 2945 apparet,
2704 2877 2924 2930 domum
2956 2893 3112 2931 suam
3142 2878 3470 2933 adificantes
3513 2898 3528 2940 ;

1952 2965 2270 3036 ingruentes
2328 2966 2599 3022 hzereseos
2648 2969 2885 3033 turbine,
2921 2971 3078 3024 ruina
3128 2971 3362 3041 pessima
3408 2987 3531 3026 cor-

1954 3065 2179 3111 ruerunt
2209 3057 2702 3126 :dispensationem
2728 3060 2925 3114 iterum
2962 3062 3321 3131 appellantes,
3353 3063 3527 3132 ipsam

1951 3149 2195 3204 veritatis
2223 3151 2759 3206 condemnationem.
2798 3151 2873 3206 llli
2900 3153 3000 3222 ipsi
3031 3154 3121 3223 qui
3150 3155 3406 3208 Ecclesia:
3433 3153 3530 3209 Dei

265 3252 424 3306 αὐτοὶ
469 3249 566 3303 καὶ
607 3249 870 3320 πρότερον
907 3243 1204 3298 σκάνδαλον
1233 3242 1491 3312 γεγόνασι
1518 3243 1581 3310 τῇ
1623 3239 1849 3308 Ἐκκλην

1957 3243 2214 3297 seandalo
2239 3252 2396 3297 antea
2430 3243 2661 3306 fuerant,
2696 3248 2886 3299 eodem
2920 3262 3065 3300 nunc
3097 3246 3433 3312 relabuntur,
3473 3254 3530 3302 ct

268 3345 363 3414 σία
391 3340 486 3396 τοῦ
515 3340 647 3395 Θεοῦ
666 3357 679 3371 ο
720 3342 814 3393 καὶ
844 3337 937 3391 νῦν
969 3337 1030 3389 τὸ
1063 3336 1194 3389 αὐτὸ
1232 3335 1297 3388 δι’
1326 3328 1400 3388 ὧν
1427 3334 1668 3404 ἔπραξαν
1709 3333 1845 3386 πάν-

266 3452 367 3498 τας
398 3433 866 3504 προσκαλούμενοι
904 3431 983 3492 είς
1009 3428 1308 3483 ἀπώλειαν.
1352 3427 1527 3495 Καίγε
1561 3427 1769 3496 ἐτοιμοι
1798 3425 1844 3477 οἱ

267 3526 516 3578 πλεῖστοι
571 3525 708 3596 πρὸς
761 3522 859 3593 τὴν
909 3521 1002 3574 τοῦ
1056 3521 1228 3574 κακοῦ
1291 3519 1580 3591 μετουσίαν
1627 3521 1685 3572 ἐν
1727 3521 1836 3572 ταῖς

266 3618 537 3685 ἀνάγκαις
563 3614 850 3687 ζητοῦντες
891 3613 1132 3683 ἐξευρεῖν
1165 3631 1287 3666 τινα
1330 3613 1636 3683 πρόφασιν·
1677 3611 1744 3665 δι’
1781 3607 1849 3683 ἦς

267 3709 530 3770 ᾶθλιπτος
564 3708 655 3760 καὶ
697 3703 1074 3772 ἀταλαίπωρος
1106 3705 1290 3765 αὐτοῖς
1333 3705 1361 3755 ό
1396 3703 1536 3772 ὑπὲρ
1566 3703 1850 3765 εὐσεϐείας

268 3801 423 3870 ἁγὼν
463 3799 771 3868 ύπαχθείη·
823 3796 1188 3866 ἐκοινώνησαν
1217 3797 1309 3850 ἐπὶ
1347 3799 1413 3866 τῇ
1453 3797 1680 3866 ἀρνήσει
1712 3797 1849 3865 Χριο

271 3891 424 3954 στοῦ,
462 3890 560 3960 τῆς
588 3887 876 3948 Θεοτόκου,
907 3885 1016 3938 τῶν
1061 3887 1276 3940 πάντων
1308 3887 1499 3954 ἁγίων.
1538 3885 1708 3939 Τοῦτο
1738 3885 1848 3957 γὰρ

270 3986 307 4055 ὴ
335 3984 434 4053 τῆς
461 3983 668 4045 εἰκόνος
712 3977 1019 4032 οὑτινοσοῦν
1058 3980 1306 4050 ἄρνησις.
1350 3978 1455 4031 Φεῦ
1500 3980 1602 4048 τῆς
1643 3996 1851 4048 συμφο-

274 4075 409 4144 ρᾶςί
454 4072 554 4142 φεῦ
583 4071 682 4141 τῆς
707 4069 952 4138 ἀπάτηςί
989 4069 1170 4140 οῖμοιί
1206 4069 1324 4132 πῶς
1351 4069 1707 4138 ἐναρξάμενοι
1737 4085 1850 4120 κα-

269 4166 404 4234 λῶς,
431 4166 782 4236 ἐστράφησαν
808 4161 888 4222 εἰς
922 4161 993 4213 τὰ
1020 4163 1229 4226 ὀπίσω,
1267 4161 1448 4231 οῐμοιι
1485 4163 1669 4222 πόσοις
1698 4159 1849 4211 ἔσον-

269 4275 362 4314 ται
386 4257 737 4328 καταστροφή
761 4269 773 4284 ’
803 4254 1098 4324 ὁμοταγέσι
1129 4253 1222 4306 καὶ
1252 4252 1578 4325 ὑπερέχουσι
1597 4270 1611 4283 ο
1641 4251 1850 4315 λαῖκοῖς

268 4369 332 4406 τε
397 4352 491 4406 καὶ
538 4349 819 4420 κληρικοῖς
874 4347 968 4400 καὶ
1020 4349 1345 4416 μονασταῖς;
1386 4346 1525 4398 Ἀλλ’
1573 4347 1608 4415 ἡ
1645 4346 1850 4416 ἀρχαία

270 4442 476 4514 πληγὴ,
499 4443 560 4494 τὸ
587 4439 871 4509 ἐγκόλπιον
902 4439 1091 4498 κακόν,
1141 4440 1338 4508 Ἰωσὴφ
1367 4441 1394 4490 ὁ
1426 4439 1592 4492 πάλαι
1623 4440 1848 4500 εἰκότως

271 4536 493 4606 κληθεὶς
518 4529 943 4604 Μοιχοζεύκτης,
976 4533 1092 4585 νυνὶ
1123 4531 1178 4584 δὲ
1205 4529 1690 4600 Χριστεμπαίκτης
1712 4545 1726 4558 ·
1752 4529 1848 4581 αύ-

269 4593 376 4689 τὸς¹
407 4593 600 4696 ὁδηγὺς
629 4593 755 4684 ’τοῖς
800 4593 897 4691 τῆς
935 4622 1172 4692 ἀρχαίας
1214 4593 1569 4682 κουστωδίας.
1613 4593 1678 4672 Ἱζί
1709 4620 1846 4685 πρὸς
1873 4593 1926 4651 D

270 4719 486 4784 ταῦτας
518 4714 962 4785 ὲκλυθησόμεθας
999 4713 1500 4783 καταπεσούμεθα,
1533 4713 1850 4782 άποκαμού-

275 4814 418 4886 μιοα
464 4813 600 4882 πρὸς
638 4813 736 4882 τὴν
767 4807 1004 4879 Χριστοῦ
1035 4807 1324 4876 ὁμολογίαν
1371 4805 1506 4874 όμοῦ
1541 4807 1632 4858 καὶ
1659 4805 1849 4858 ἔνστα-

273 4923 389 4971 σιν;
415 4904 699 4975 μηδαμῶς,
732 4895 776 4954 ὦ
797 4900 1037 4968 ἀδελφοὶ,
1073 4898 1354 4967 μηδαμῶς.
1390 4898 1450 4950 Ei
1479 4899 1608 4968 γάρ,
1639 4897 1861 4949 ἀσεϐῶν-

273 4997 750 5058 καταπιπτὸντων,
780 4995 828 5046 οί
863 4993 1062 5045 δίκαιοι
1084 4990 1311 5060 ἔμφοϐοι
1335 4989 1546 5042 ἔσονται
1567 5005 1579 5018 ο
1611 4989 1726 5042 ἀλλ’
1757 4984 1850 5042 οὖν

271 5089 352 5159 τῴ
383 5086 477 5140 τοῦ
511 5085 679 5147 πέλας
711 5082 965 5152 πτώματι
998 5078 1266 5149 ἀσφάλεια
1294 5077 1372 5147 τῷ
1406 5079 1657 5145 ἑστηκότι
1699 5077 1852 5148 μεγί-

277 5197 400 5250 στη.
451 5176 673 5246 Στῶμεν
723 5169 816 5227 οὖν
868 5175 926 5226 ἐν
977 5171 1164 5242 Κυρίῳ
1224 5169 1591 5240 βεϐαιότερον,
1651 5169 1852 5238 μᾶλλον

275 5269 614 5341 παρακαλῶ’
653 5267 730 5338 μὴ
758 5267 1090 5339 πτυρόμενοι
1119 5265 1176 5316 ἐν
1209 5263 1395 5333 μηδενὶ
1431 5263 1534 5316 ὑπὸ
1561 5261 1669 5314 τῶν
1702 5265 1850 5314 ἀντι-

277 5362 567 5432 κειμένων.
622 5359 714 5428 Μὴ
769 5357 878 5428 γὰρ
917 5357 1101 5409 ἕνεκεν
1134 5353 1244 5407 τῶν
1273 5352 1771 5406 ὑποσκελισθέντων
1813 5353 1847 5420 ἠ

275 5451 537 5524 ὁμολογία
559 5451 746 5521 ἡμῶνς
796 5448 830 5518 ἢ
876 5450 942 5517 τῇ
975 5449 1179 5499 τούτων
1227 5444 1414 5496 στάσει
1447 5443 1851 5513 ἐπερειδόμενοι

276 5539 714 5612 ἑστερεούμεθα,
758 5538 844 5590 ῖνα
887 5538 981 5590 καὶ
1009 5539 1074 5606 τῇ
1110 5535 1346 5588 σκελίσει
1380 5533 1558 5586 αὐτῶν
1593 5549 1852 5587 κατασει-

279 5633 529 5702 σθώμεν,
565 5632 640 5701 μὴ
661 5631 908 5698 γένοιτοί
944 5627 1065 5682 οὒτε
1097 5625 1322 5690 τούτων,
1347 5624 1470 5678 οὕτε
1497 5624 1688 5680 ἀλλωνσ
1719 5625 1850 5694 Χρι-

280 5723 402 5785 στὸς
434 5722 591 5793 ἡμῶν
619 5724 646 5774 ὁ
675 5721 940 5790 Θεμέλιος,
971 5723 1027 5770 ἐν
1055 5712 1098 5785 ᾧ
1128 5720 1398 5787 στήκομεν
1424 5732 1438 5747 ο
1471 5718 1528 5767 ἐν
1554 5710 1598 5784 ᾧ
1627 5713 1843 5783 καυχώ-

283 5814 457 5885 μεθα·
497 5814 594 5868 σῦν
625 5811 700 5882 τῷ
735 5811 928 5882 Παύλῳ
962 5809 1238 5878 λέγοντες*
1283 5809 1374 5875 Τίς
1414 5807 1566 5878 ἡμᾶς
1612 5808 1852 5877 χωρίσει

1950 3334 2076 3388 facti
2111 3335 2190 3388 sui
2227 3335 2476 3404 exemplo
2490 3335 2555 3389 ad
2588 3336 2867 3390 interitum
2899 3347 3194 3407 provocant
3221 3337 3524 3394 universos.

1950 3427 2015 3482 Et
2061 3427 2278 3497 quidem
2321 3428 2522 3498 paratis
2549 3429 2768 3498 plurimi
2819 3429 2887 3484 ad
2909 3429 3152 3484 criminis
3185 3429 3523 3494 societatem,

1950 3528 2273 3588 praetextum
2315 3520 2622 3589 quempiam
2654 3521 2709 3575 in
2733 3521 3151 3576 necessitatibus
3172 3521 3415 3590 reperire
3440 3538 3529 3591 ge-

1951 3613 2202 3676 stientes,
2258 3628 2367 3682 quo
2423 3628 2790 3666 aerumnarum
2820 3621 2875 3667 et
2903 3613 3267 3667 calamitatum
3329 3629 3529 3683 expers

1951 3705 2082 3774 ipsis
2110 3705 2324 3773 pietatis
2345 3712 2621 3759 certamen
2645 3705 2900 3759 reddatur
2926 3723 2941 3770 ;
2976 3706 3030 3759 in
3049 3707 3338 3776 negatione
3364 3707 3527 3760 Chri-

1951 3797 2042 3859 sti.
2080 3797 2344 3866 Deiparaa,
2401 3806 2714 3852 sanctorum
2769 3798 3034 3861 omnium,
3084 3799 3525 3854 communionem

1950 3887 2210 3940 inierunt.
2247 3885 2358 3941 Hoc
2381 3887 2647 3955 siquidem
2684 3897 2768 3940 est
2793 3888 3087 3957 cujuslibet
3146 3891 3395 3960 imaginis
3429 3907 3528 3944 ne-

1950 3980 2113 4050 gatio.
2168 3978 2211 4033 0
2243 3980 2582 4050 perniciem!
2629 3996 2663 4035 o
2707 3980 3012 4035 fallaciam!
3054 3981 3138 4036 hei
3175 3984 3346 4038 mibi!
3388 4000 3527 4052 quo-

1951 4072 2132 4134 modo.
2182 4088 2304 4126 cum
2335 4081 2482 4127 recte
2531 4073 2848 4142 coepissent,
2882 4084 3026 4128 retro
3059 4077 3310 4129 conversi
3359 4078 3530 4130 sunt?

1951 4163 2039 4217 hei
2074 4163 2240 4217 mihi!
2273 4179 2434 4231 quam
2463 4163 2646 4216 multis
2686 4163 2862 4217 fraudi
2897 4173 3058 4217 erunt
3081 4175 3136 4218 et
3160 4167 3526 4228 subversioni,

1949 4252 2269 4320 aequalibus,
2291 4261 2346 4306 et
2365 4252 2682 4320 majoribus,
2701 4252 3101 4318 laicis,clericis
3136 4265 3191 4309 et
3211 4258 3530 4312 monachis?

1954 4341 2167 4395 Etenim
2199 4345 2483 4411 antiquum
2533 4342 2750 4408 vulnus,
2776 4343 3091 4398 intestinum
3119 4346 3338 4409 malum,
3371 4345 3528 4402 Jose-

1951 4435 2092 4504 phus
2120 4435 2247 4488 olim
2282 4434 2712 4489 Mmchozeuctes
2741 4436 2932 4490 merito
2958 4436 3164 4498 dictus,
3199 4454 3345 4492 nunc
3373 4439 3531 4494 Chri-

1951 4536 2317 4596 stempzectes,
2350 4526 2465 4596 ipse
2515 4525 2624 4580 dux
2657 4526 2758 4580 fuit
2787 4528 2989 4582 veteris
3023 4529 3284 4584 custodite
3315 4546 3530 4601 praepo-

1953 4621 2109 4676 situs.
2130 4619 2268 4684 Quid
2295 4619 2362 4674 ad
2396 4620 2546 4674 hac?
2575 4620 3010 4692 languidioresne
3031 4623 3276 4676 erimus?
3309 4623 3528 4695 frange-

1953 4709 2110 4763 mur?
2137 4708 2489 4764 concidemus
2523 4709 2721 4764 animis
2777 4709 2845 4763 ad
2885 4711 3308 4784 confessionem,
3341 4713 3530 4767 defen-

1951 4801 2271 4869 sionemque
2315 4799 2792 4856 Cbristi?Minime
2832 4802 3095 4871 gentium,
3145 4804 3364 4868 fratres,
3427 4805 3530 4858 mi-

1951 4891 2120 4945 nime.
2169 4891 2382 4946 Etenim
2414 4892 2482 4955 si,
2533 4893 2918 4948 conuentibus
2949 4897 3148 4963 impiis,
3186 4895 3316 4964 justi
3381 4909 3527 4952 metu

1952 4985 2320 5055 percelluntur
2347 5001 2362 5050 ;
2390 4995 2445 5039 at
2479 4985 2638 5042 vicini
2677 4986 2860 5054 lapsus
2922 4989 3151 5042 maxima
3199 4998 3283 5044 est
3336 4991 3535 5046 stantis

1952 5078 2238 5132 securitas.
2292 5077 2512 5132 Stemus
2557 5077 2721 5148 igitur
2762 5078 2817 5132 in
2850 5079 3080 5141 Domino
3109 5082 3527 5143 constantiores,

1952 5167 2184 5236 amplius
2217 5167 2481 5230 obtestor,
2534 5181 2636 5221 nec
2682 5167 2736 5221 in
2773 5167 2882 5220 ullo
2921 5170 3200 5223 conterriti
3228 5171 3296 5224 ab
3335 5173 3530 5226 adver-

1958 5258 2135 5314 sariis.
2175 5257 2432 5326 Nunquid
2465 5258 2612 5312 enim
2644 5269 2864 5329 propter
2883 5274 2980 5314 eos
3009 5260 3099 5329 qui
3127 5262 3370 5317 subversi
3403 5275 3532 5318 sunt

1957 5347 2228 5402 confessio
2265 5347 2489 5401 nostra?
2523 5347 2852 5403 autillorum
2890 5350 3180 5405 stabilitate
3229 5352 3339 5406 nixi
3396 5369 3531 5407 con-

1958 5439 2308 5504 sistebamus,
2345 5449 2404 5494 ut
2433 5455 2622 5495 eorum
2652 5457 2868 5511 quoque
2901 5443 3052 5512 lapsu
3107 5445 3485 5499 concutiamur
3510 5448 3532 5499 ?

1957 5531 2144 5586 Absit!
2193 5547 2370 5602 neque
2427 5533 2646 5598 horum,
2677 5549 2852 5604 neque
2897 5533 3150 5588 aliorum.
3183 5534 3532 5590 Fundamen-

1962 5631 2077 5676 tum
2128 5632 2374 5680 nostrum
2420 5625 2670 5680 Christus
2696 5635 2798 5690 est,
2836 5627 2890 5681 in
2923 5642 3032 5695 quo
3060 5636 3288 5693 stamus,
3323 5628 3376 5680 in
3423 5643 3532 5696 quo

1950 5717 2262 5787 gloriamur,
2297 5733 2420 5770 cum
2453 5717 2615 5774 Paulo
2645 5719 2889 5772 dicentes
2945 5737 2956 5771 :
2992 5718 3119 5782 Quis
3151 5737 3240 5775 nos
3267 5721 3532 5790 separabit

1963 5827 1992 5864 ιι
2042 5811 2301 5864 charitatc
2334 5809 2482 5865 Dei?
2521 5809 2813 5866 Tribttlatio
2844 5815 2866 5865 ξ)
2909 5830 2976 5866 an
3023 5815 3313 5883 angustia?
3339 5830 3408 5867 an
3447 5815 3531 5879 Ῑῖιο
