4164 6470
643 369 779 433 1143

1832 367 1891 425 8.
1935 362 2327 425 THEODORI
2361 364 2705 425 STUDlTAE

3763 361 3907 426 1144

635 499 742 537 τινα
770 482 793 534 ?
824 497 896 533 an
947 480 1237 549 persecutio
1272 480 1296 533 1’
1348 494 1419 531 an
1450 476 1663 530 nuditas
1691 476 1715 529 .’
1758 491 1828 528 an
1881 475 2169 545 periculum
2198 476 2221 527 ?

2325 473 2439 528 ἀπὸ
2464 472 2574 539 τῆς
2594 472 2833 543 ἀγάπης
2856 472 2962 527 τοῦ
2986 472 3170 536 Θεοῦ;
3194 473 3421 542 θλίψις,
3443 474 3482 542 ἢ
3508 480 3905 545 στενοχωρία,

634 593 705 629 an
752 575 969 645 gladius
1007 576 1032 627 1’
1071 573 1173 628 Sed
1208 574 1346 627 enim
1397 574 1452 627 in
1508 573 1587 625 his
1623 572 1860 625 omnibus
1910 588 2221 641 superamus

634 677 847 735 propter
876 680 993 720 eum
1014 666 1103 735 qui
1135 664 1316 718 dilexit
1341 680 1434 718 nos
1450 663 1591 717 “°“.
1619 663 1802 732 Itaque
1832 663 1924 733 qui
1944 662 2223 716 accinctus

633 775 734 830 pro
771 758 990 814 Christo
1036 772 1148 813 non
1181 756 1499 825 certaverit,
1530 754 1882 811 Christianus
1928 768 2049 809 esse
2112 768 2219 806 non

632 860 835 922 potest.

699 1030 782 1082 An
820 1043 953 1083 vero
988 1027 1261 1082 incassum
1301 1033 1601 1096 martyrum
1632 1039 1858 1095 agones,
1898 1024 2220 1086 certamina,

632 1119 951 1175 tormenta?
984 1134 1052 1173 an
1084 1116 1331 1171 eamdem
1364 1116 1653 1171 nobiscum
1688 1130 1913 1169 carnem
1946 1130 2054 1169 non
2098 1130 2221 1185 ges-

634 1210 870 1265 serunt?
903 1211 987 1263 An
1029 1208 1196 1264 tantis
1230 1208 1515 1279 suppliciis
1549 1208 1786 1277 subjecti
1819 1207 2063 1261 laborem
2097 1205 2223 1259 nul-

635 1301 748 1355 lum
792 1300 1133 1356 senserunt?
1163 1299 1363 1353 Annon
1408 1314 1505 1354 eos
1539 1299 1727 1354 vivere
1757 1298 2012 1362 tedebat,
2055 1306 2113 1352 ut
2147 1297 2226 1353 ait

633 1392 926 1463 Apostolus
948 1392 1039 1444 "‘l
1069 1390 1174 1445 Sed
1209 1390 1534 1460 perennium
1566 1406 1853 1461 poenarum
1894 1399 2065 1457 metu,
2112 1406 2225 1446 caa-

636 1483 969 1551 lestiumqne
1003 1480 1351 1550 praemiorum
1396 1478 1696 1545 desiderio,
1747 1479 1930 1533 carnis
1968 1489 2222 1543 mortem,

636 1584 698 1627 ut
744 1573 1068 1643 prudentes,
1124 1587 1287 1641 quam
1342 1580 1605 1625 aeternam
1656 1571 1843 1626 subire
1890 1571 2221 1626 maluerunt.

634 1665 778 1719 Nihil
813 1664 1273 1733 expavescebant,
1305 1663 1534 1717 minime
1560 1663 1742 1717 animo
1788 1663 2223 1718 consternaban-

637 1767 749 1823 tur,
802 1766 857 1812 et
888 1756 1070 1811 futura
1104 1764 1363 1825 tanquam
1394 1756 1687 1826 praesentia
1723 1744 2073 1821 nieditantes,
2112 1755 2221 1809 lteti

2322 566 2361 635 ἡ
2415 566 2611 634 λιμὸς,
2654 568 2691 633 ἢ
2723 566 2998 635 διωγμὸς,
3026 567 3064 634 ἢ
3093 568 3415 637 γυμνότης,
3439 567 3479 636 ἦ
3513 567 3823 633 κίνδυνος,
3863 570 3905 635 ἧ

2319 658 2619 727 μάχαιρα;
2652 658 2760 713 Kal
2788 660 2896 729 γὰρ
2922 660 2990 712 ἑν
3018 660 3248 725 τούτοις
3273 658 3467 715 πᾶσιν
3490 660 3909 729 ὑπερνικῶμεν

2324 751 2421 805 διὰ
2454 752 2558 806 τοῦ
2582 750 3015 822 ἀγαπήσαντος
3045 748 3227 819 ἡμᾶς.
3261 752 3447 815 Οῦτως
3475 753 3505 804 ὁ
3540 752 3616 822 μὴ
3653 769 3907 823 παρατε-

2323 841 2597 910 ταγμένος
2618 841 2718 894 οὐκ
2741 842 3054 909 ἀγωνιεῖται
3080 841 3221 913 ὑπὲρ
3244 840 3506 911 Χριστοῦ,
3532 842 3654 895 οὐδὲ
3675 842 3911 897 δύναται

2327 933 2650 1003 Χριστιανὸς
2680 928 2844 988 εἶναι.

2396 1025 2509 1078 Οὐκ
2543 1024 2663 1093 είκῆ
2712 1026 2761 1077 οί
2801 1025 3010 1092 ἀγῶνες
3043 1024 3152 1077 τῶν
3190 1023 3507 1097 μαρτύρων,
3537 1024 3607 1078 τὰ
3638 1020 3801 1090 ἆθλα,
3842 1027 3906 1079 αἱ

2325 1113 2581 1182 βάσανοις
2619 1116 2694 1186 μὴ
2718 1117 2828 1187 γὰρ
2852 1117 2947 1186 οὐχ
2975 1116 3273 1186 ὁμόσαρκοι
3308 1116 3497 1186 ὴμῶνς
3523 1116 3597 1187 μὴ
3626 1117 3729 1170 οὐκ
3769 1118 3905 1170 haud.

2326 1223 2449 1259 νουν
2502 1208 2797 1269 τοσαύταις
2839 1208 3132 1278 τιμωρίαις
3176 1207 3629 1276 ὑποσαλλόμενοι;
3688 1210 3764 1278 μὴ
3803 1209 3908 1261 οὐκ

2323 1296 2692 1367 ἑξηποροῦντο
2720 1298 2812 1351 καὶ
2853 1298 2948 1351 τοῦ
2997 1300 3121 1369 ζῇν,
3158 1298 3233 1362 ὥς
3279 1316 3445 1368 φησιν
3478 1302 3507 1353 ό
3544 1299 3906 1363 Ἀπόστοῖοςς

2326 1388 2463 1443 ἀλλά
2493 1390 2570 1460 τῷ
2601 1391 2753 1461 φόόῳ
2775 1390 2886 1443 τῶν
2916 1390 3150 1444 αἰωνίων
3182 1390 3481 1455 κολάσεων,
3514 1392 3609 1444 καὶ
3640 1389 3722 1461 τῷ
3752 1390 3910 1458 πόθῳ

2325 1481 2435 1534 τῶν
2455 1482 2722 1552 οὐρανίων
2747 1482 3013 1552 ἀμοιόὦν,
3030 1482 3233 1535 εἴλοντο
3265 1482 3487 1553 μᾶλλον,
3505 1484 3582 1546 ὡς
3606 1481 3905 1553 ἔμφρονες,

2327 1574 2418 1625 τὸν
2454 1573 2552 1643 τῆς
2585 1576 2784 1645 σαρκὸς
2812 1574 3039 1627 θάνατον
3058 1614 3073 1635 ,
3111 1574 3253 1644 ὑπὲρ
3275 1575 3367 1627 τὸν
3396 1573 3613 1627 αἰώνιον
3640 1575 3905 1644 ἤνεγκαν.

2327 1661 2443 1716 Οὐκ
2469 1662 2841 1733 ἑπτοήθησανο
2859 1664 2921 1716 οὐ
2948 1663 3391 1733 κατεπλάγησαν.
3425 1664 3535 1717 Καὶ
3553 1663 3630 1727 ὡς
3656 1664 3909 1735 παρόντα.

2327 1752 2395 1806 τὰ
2432 1753 2693 1821 μέλλοντα
2724 1755 3156 1825 φανταζόμενοι,
3186 1756 3331 1825 χαρᾷ
3357 1754 3599 1826 ιχώρουν
3636 1755 3776 1826 πρὸς
3804 1755 3909 1818 τὰς

635 1858 693 1902 et
736 1821 947 1902 alacres
994 1846 1060 1901 ad
1108 1821 1747 1917 torliienta—pergebant,
1803 1846 2050 1902 muneris
2101 1846 2222 1901 loco

2331 1842 2632 1913 βασάνους’
2660 1821 2870 1915 δωρεὰς
2909 1821 3139 1915 ἡγοῦντο
3301 1821 3696 1907 ίιτολιιτταθεῖας.⁷
3738 1844 3911 1913 Ἡμῖν

637 1940 912 1993 habebant
974 1937 1206 2008 plurima
1257 1938 1365 2007 pati
1424 1937 1639 1991 :Nobis
1686 1939 1825 1991 enim
1887 1954 1983 2007 pro
2021 1937 2227 1993 Christo

636 2037 897 2082 donatum
930 2037 1003 2081 est
1034 2044 1139 2081 non
1171 2027 1341 2081 solum
1374 2037 1429 2080 ut
1464 2028 1519 2081 in
1548 2044 1666 2081 eum
1701 2028 1975 2081 credamus
2001 2068 2016 2093 ,
2048 2031 2138 2081 sed
2169 2039 2227 2082 ut

637 2122 797 2173 etiam
844 2136 940 2189 pro
989 2119 1082 2172 illo
1134 2120 1407 2189 patiamur
1428 2118 1495 2172 ⁸⁸.
1549 2118 1617 2172 Et
1667 2118 1793 2172 alibi
1860 2133 2077 2172 rursum
2112 2136 2125 2173 :
2160 2117 2227 2171 In

637 2212 803 2265 multo
859 2211 997 2263 enim
1054 2210 1407 2277 experimento
1467 2209 1826 2263 tribulationis
1894 2202 2223 2264 abundantia

636 2304 820 2373 gaudii
846 2305 1081 2372 ipsorum
1104 2303 1204 2374 fuit
1227 2303 1292 2357 “.
1320 2302 1397 2356 lta
1420 2301 1749 2373 gaudebant,
1776 2302 1848 2356 ita
1876 2300 2220 2369 lmtabantur,

634 2411 759 2451 cum
810 2410 909 2465 pro
946 2394 1167 2451 Christo
1213 2404 1537 2466 paterentur
1598 2394 1773 2449 sancti
1819 2409 2034 2449 omnes.
2082 2394 2225 2449 Deli-

640 2488 837 2541 bemus
870 2494 926 2541 et
957 2502 1080 2552 nos,
1115 2486 1481 2547 dilectissimi,
1519 2484 1845 2541 charitatem
1881 2484 2107 2550 Christi,
2141 2486 2225 2539 in-

635 2584 898 2637 cedamus
951 2595 1049 2651 per
1099 2587 1421 2635 sanctorum
1474 2578 1703 2647 vestigia
1751 2597 1765 2633 :
1814 2578 1999 2633 saeculi
2052 2579 2219 2647 hujus

636 2674 871 2728 allectus
904 2686 1100 2725 omnes
1147 2669 1470 2739 abjiciamus
1502 2686 1515 2722 :
1552 2667 1671 2722 Non
1716 2668 1965 2723 habemus
1994 2670 2077 2723 hic
2109 2687 2221 2723 ma-

640 2774 845 2817 uentent
891 2761 1253 2817 civitatem“.
1304 2757 1554 2830 Superna
1602 2757 1904 2815 Jerusalem
1950 2762 2121 2831 patria
2170 2769 2225 2816 et

638 2855 833 2911 civitas
860 2862 1052 2909 nostra
1076 2862 1183 2917 est,
1218 2867 1253 2907 o
1284 2851 1386 2905 viri
1425 2858 1682 2921 potentes
1708 2850 1766 2906 in
1798 2851 2031 2922 Spiritu,
2064 2869 2097 2907 ο
2128 2852 2222 2907 lilii

634 2938 758 3009 Dei,
788 2961 899 3000 non
932 2945 1081 2999 enim
1114 2942 1219 2998 mei
1246 2943 1339 3021 qui
1370 2953 1629 3013 peccator
1660 2958 1780 2997 sum
1808 2946 1821 2998 l
1856 2943 1931 2998 Ne
1963 2959 2222 3014 procum-

639 3040 853 3102 bamus,
896 3036 1143 3107 quamvis
1175 3051 1373 3091 omnes
1414 3036 1829 3100 subvertantur,
1869 3037 2014 3106 quod
2058 3038 2219 3092 absit.

640 3131 747 3202 Ipsi
797 3140 1001 3191 autem,
1050 3140 1111 3183 ut
1147 3128 1300 3192 olim,
1340 3143 1370 3181 a
1407 3127 1519 3181 Deo
1557 3127 1894 3181 corroborati
1931 3145 1945 3181 :
1979 3129 2067 3182 vel
2113 3129 2211 3182 soli
2242 3163 2284 3221 ο

638 3223 940 3279 etiamnum
970 3219 1369 3289 depugnemus.
1410 3215 1530 3271 Stat
1559 3231 1589 3269 a
1624 3216 1784 3270 nobis
1814 3214 1978 3281 Deus,
2009 3219 2215 3270 sancti-

638 3324 747 3379 que
774 3323 967 3363 omnes
996 3308 1088 3378 qui
1118 3323 1356 3377 unquam
1387 3305 1636 3361 fuerunt.
1671 3304 1969 3363 Nobiscum
1999 3305 2217 3375 Oriens,

642 3401 929 3458 nobiscum
972 3400 1239 3455 Occidens
1272 3416 1285 3453 :
1322 3399 1517 3471 exigua
1564 3414 1692 3470 pars
1735 3409 1820 3455 est
1865 3416 1986 3470 quae
2016 3400 2085 3455 ab
2117 3400 2220 3455 Ec-

642 3492 810 3548 clesia
865 3492 1120 3547 universa
1162 3506 1286 3547 sese
1340 3491 1579 3561 abrupit,
1629 3500 1687 3547 et
1729 3493 2001 3562 seiunxit,
2054 3492 2219 3563 idque

644 3591 812 3647 metu,
845 3592 899 3638 et
926 3590 1153 3653 propter
1184 3582 1299 3638 hac
1332 3583 1673 3652 temporalia,
1708 3593 1931 3655 propter
1957 3600 2176 3639 carnem
2202 3601 2217 3639 :

639 3689 805 3744 quam
836 3674 1203 3744 postmodum,
1227 3674 1327 3727 nisi
1364 3674 1650 3729 veritatem
1681 3674 2049 3742 defendimus,
2079 3690 2223 3730 sem-

639 3766 873 3836 piternis
921 3766 1143 3838 ignibus
1189 3781 1297 3820 una
1347 3782 1473 3821 cum
1522 3767 1702 3822 anima
1755 3768 1870 3838 ipsa
1917 3768 2218 3824 trademus.

641 3858 1033 3923 Exerceamur,
1068 3868 1208 3922 esto,
1256 3866 1313 3911 et
1347 3850 1702 3927 ﬂagellemur,
1733 3875 1912 3929 neque
1935 3860 1986 3914 id
2030 3861 2219 3925 semel,

640 3952 735 4003 sed
784 3948 1025 4019 saepius:
1062 3949 1300 4018 denique
1345 3950 1670 4004 moriamur.
1724 3951 1915 4007 Nonne
1947 3961 2069 4023 post
2108 3954 2224 4007 haec

641 4040 896 4111 gaudium
931 4041 1037 4095 erit
1071 4041 1373 4105 ineﬂ'abilc,
1405 4058 1506 4096 nos
1536 4044 1801 4097 caelorum
1829 4059 2058 4115 regnum
2088 4060 2223 4100 con-

640 4134 819 4205 sequi,
865 4144 923 4189 et
965 4134 1197 4205 gloriam
1249 4134 1375 4189 inde
1430 4133 1635 4187 referre
1687 4134 2073 4202 immortalem,
2114 4151 2223 4190 non

639 4238 833 4281 contra
865 4227 931 4281 iis
961 4243 1085 4296 quae
1116 4227 1227 4281 dixi
1260 4227 1466 4290 vitatis,
1508 4236 1803 4297 pr0pterea
1844 4229 2058 4283 irrideri
2097 4244 2227 4298 per-

640 4327 828 4388 petuo,
861 4328 916 4372 et
940 4318 1297 4390 ignominiam
1330 4318 1739 4373 interminatam
1770 4320 2043 4375 sustinere
2065 4321 2087 4374 ῖ
2110 4320 2225 4375 Uti-

637 4426 746 4481 que
788 4427 887 4465 vos
916 4427 1034 4475 oro,
1088 4410 1237 4465 iilioli
1285 4412 1415 4475 mei,
1459 4426 1599 4481 quos
1649 4413 1813 4482 genui
1864 4411 1918 4466 in
1968 4410 2220 4478 Domino,

2330 1936 2439 2005 γὰρ
2466 1934 2760 2005 ἐχαρίσθη
2788 1935 2941 2004 ὑπὲρ
2973 1936 3230 2005 Χριστοῦ
3262 1938 3335 1991 οὐ
3364 1937 3555 2005 μόνον
3585 1938 3653 1990 τὸ
3681 1938 3770 2003 εις
3801 1939 3909 1991 αὑ·

2329 2028 2437 2083 τὸν
2463 2029 2793 2095 πιστεύειν,
2822 2030 2984 2084 ἀλλὰ
3013 2030 3113 2083 καὶ
3134 2030 3199 2083 τὸ
3225 2029 3378 2097 ὑπὲρ
3403 2028 3591 2083 αὑτοῦ
3617 2028 3906 2097 πάσχειν.

2328 2121 2442 2174 Καὶ
2473 2117 2630 2184 αὖθις
2676 2120 2943 2192 ἑτέρωθι’
2981 2121 3078 2175 Ἐν
3105 2121 3216 2191 γὰρ
3263 2120 3469 2189 πολλῇ
3512 2119 3730 2190 δοκιμῇ
3776 2124 3911 2176 θλί-

2327 2216 2486 2281 ψεως
2520 2213 2559 2279 ἡ
2589 2213 2908 2281 περισσεία
2932 2212 3041 2280 τῆς
3075 2210 3265 2282 χαρᾶς
3292 2210 3509 2266 αὐτῶν,
3534 2211 3723 2274 Οὕτως
3755 2212 3910 2281 εχει-

2329 2322 2457 2377 ρον,
2518 2303 2692 2368 οὕτως
2754 2304 3053 2373 ἠγάλλοντο
3113 2304 3253 2375 ὑπὲρ
3306 2303 3541 2374 Χριστοῦ
3604 2304 3912 2371 πάσχοντες

2328 2397 2535 2460 πάντες
2563 2399 2611 2450 οἱ
2651 2397 2819 2465 ἀγιοι.
2858 2396 2897 2448 Γ
2900 2394 3193 2465 ευσὼμεθα
3225 2394 3322 2448 καὶ
3366 2396 3547 2465 ἡμεῖς,
3592 2395 3908 2463 ἀγαπητοὶ,

2325 2488 2423 2557 τῆς
2468 2488 2690 2556 ἀγάπης
2737 2484 3013 2558 Χριστοῦ’
3062 2487 3531 2557 περιπατήσωμεν
3588 2486 3647 2538 ἐν
3699 2485 3909 2555 ἴχνεσιν

2328 2580 2530 2646 ἀγίωκν
2591 2578 2849 2650 ρήξωμεν
2920 2578 3021 2643 τὶς
3101 2578 3480 2649 προσπαθείας
3538 2578 3633 2630 τοῦ
3708 2577 3909 2639 αἰῶνος

2327 2670 2539 2722 τούτου.
2582 2673 2703 2723 Οὐκ
2742 2672 2963 2739 ἔχομεν
2991 2663 3108 2722 ὧδε
3133 2668 3448 2737 μένουσαν
3481 2668 3698 2719 πόλιν·
3728 2668 3763 2737 ὴ
3795 2666 3909 2720 ἀνω

2339 2758 2695 2833 Ἰερουσαλὴμ
2728 2764 2930 2831 πατρὶς
2968 2761 3063 2813 καὶ
3101 2758 3253 2822 πόλις
3285 2757 3479 2827 ἡμῶνο
3516 2751 3561 2811 ὦ
3586 2757 3780 2830 ἄνδρες
3815 2759 3909 2811 δυ-

2324 2853 2477 2909 νατοὶ
2500 2854 2557 2906 ἐν
2588 2852 2889 2919 ιινεῦματι,
2916 2846 2962 2904 ὦ
3000 2850 3169 2905 τέκνα
3211 2850 3347 2903 Θεοῦ
3366 2868 3382 2883 ·
3413 2852 3475 2904 οῦ
3512 2852 3622 2922 γὰρ
3645 2851 3784 2922 ἐμοῦ
3812 2843 3917 2905 τοῦ

2325 2942 2682 3016 ἀμαρτωλοῦῖ
2736 2943 2826 3013 Μὴ
2871 2942 3214 3013 όκλάσωμεν,
3246 2943 3351 2996 κᾶν
3380 2944 3581 3006 πάντες
3606 2946 3870 3013 τραποῖεν

2325 3035 2465 3104 ὅπερ
2498 3033 2573 3103 μὴ
2615 3033 2848 3101 γένοιτο.
2891 3030 3031 3084 Ἀλλ’
3067 3030 3228 3101 ἡμεῖς
3280 3031 3358 3095 ὡς
3405 3032 3573 3085 πάλαι
3623 3033 3729 3085 ὑπὸ
3767 3032 3906 3085 Θεοῦ

2324 3126 2756 3196 ὁυναμωθέντες,
2814 3126 2909 3180 καὶ
2964 3124 3033 3178 τὰ
3086 3124 3182 3178 νῦν
3236 3126 3730 3195 μονομαχήσωμεν.
3768 3126 3905 3179 Μεθ’

2323 3216 2483 3289 ἡμῶν
2537 3218 2565 3268 ό
2618 3216 2784 3275 Θεός·
2815 3216 3017 3279 πάντες
3066 3217 3114 3270 οῖ
3161 3216 3257 3269 ἀπ’
3308 3215 3504 3279 αἰῶνος
3548 3215 3728 3283 ἀγιοι·
3784 3206 3909 3288 μεθ’

2320 3308 2478 3377 ἡμῶν
2518 3305 2779 3376 Ἀνατολὴ
2810 3306 2906 3358 καὶ
2932 3305 3124 3369 Λύσις·
3170 3304 3343 3375 μικρά
3394 3304 3551 3374 μερὶς
3578 3308 3612 3375 ὴ
3661 3306 3912 3377 amp“.

2322 3400 2461 3468 ξασα
2490 3398 2691 3469 ἑαυτὴν
2720 3396 2829 3451 ἀπὸ
2855 3398 2954 3467 τῆς
3000 3396 3093 3450 ὑπ’
3137 3396 3367 3467 οὐρανὸν
3404 3395 3767 3466 Ἐκιιλησίαςο
3808 3398 3909 3451 καὶ

2322 3490 2483 3544 τοῦτο
2506 3490 2595 3543 8ιά
2630 3489 2801 3559 φόϐον
2836 3486 2957 3541 ’διὰ
2986 3487 3056 3541 τὰ
3085 3489 3399 3559 πρόσκαιρα
3417 3502 3432 3517 ·
3458 3487 3546 3541 διά
3575 3489 3673 3559 τὴν
3702 3488 3909 3560 capita:

2322 3584 2391 3656 ἣν
2440 3582 2638 3653 μικρὸν
2684 3580 2913 3653 ὕστερον
2959 3578 3360 3652 παραδιὶισομεν
3392 3580 3473 3651 τῷ
3505 3580 3708 3652 αίωνιῳ
3767 3583 3906 3651 πυρὶ

2326 3677 2425 3729 σῦν
2465 3676 2533 3745 τῇ
2580 3672 2761 3745 ψυχῇ,
2814 3675 2863 3727 εἰ
2905 3674 2979 3744 μὴ
3025 3673 3417 3744 ἀπισχὼμεθα
3466 3673 3567 3743 τῆς
3622 3674 3909 3745 ἀληθείας.

2328 3770 2532 3833 Ἔστω,
2576 3767 2673 3821 καὶ
2722 3765 3146 3839 πειρασθῷμεν*
3208 3768 3304 3821 καὶ
3359 3766 3778 3839 μαστιχθῶμενο
3809 3769 3913 3821 καὶ

2322 3860 2485 3914 τοῦτο
2533 3859 2823 3923 πολλάκις·
2854 3858 3029 3923 τέλος,
3069 3858 3168 3911 καὶ
3210 3860 3592 3931 ἀποθάνωμεν.
3627 3854 3761 3912 Εἶτα
3803 3864 3906 3916 οὐκ

2324 3951 2443 4004 ἐστι
2492 3952 2637 4023 χαρά
2681 3950 3047 4015 ἀνεκλάλητος
3099 3951 3379 4020 ἀπιτυχεῖν
3430 3954 3579 4023 ἡμᾶς
3630 3952 3911 4023 βασιλείας

2327 4044 2570 4114 οὐρανῶν
2590 4060 2607 4085 ε
2639 4042 2937 4097 κάντεῦθεν
2970 4042 3385 4111 ἀπενέγκασθαι
3419 4046 3575 4109 κλέος
3614 4044 3903 4105 ἀθάνατονο

2326 4137 2359 4206 ἢ
2390 4134 2699 4189 τούναντίον
2732 4136 3007 4203 φυγόντας
3054 4135 3125 4190 τά
3163 4137 3561 4207 προειρημένα,
3614 4137 3910 4193 κάντεῦθεν

2328 4226 2733 4297 κωμῳδηθῆναι
2784 4227 2947 4297 μέχρι
2988 4226 3213 4290 τελοῦς’
3254 4226 3349 4280 καὶ
3391 4228 3653 4299 αἰσχύνην
3684 4229 3909 4283 ὁποῖσαι

2326 4318 2722 4387 ἀτελεύτητον;
2755 4318 2884 4385 Ναὶ,
2900 4318 3112 4389 δέομαι,
3142 4318 3331 4372 τεκνία
3364 4335 3488 4389 μου,
3521 4318 3615 4384 οὓς
3640 4322 3910 4391 ἐγέννησα

2329 4416 2387 4467 ιν
2426 4414 2647 4485 Κυρίῳ·
2672 4411 2766 4475 οῦς
2792 4412 2998 4482 ηὔξησε
3027 4414 3261 4484 Χριστος
3287 4414 3346 4467 ἑν
3376 4414 3562 4476 πόνοις
3592 4416 3686 4467 καὶ
3714 4416 3907 4479 κόποις

637 4503 838 4572 quibus
867 4502 1268 4557 incrementum
1307 4502 1457 4557 dedit
1481 4503 1737 4558 Christus
1769 4521 1782 4557 :
1815 4518 1913 4573 per
1944 4518 2221 4559 mrumnas

2327 4505 2389 4558 οὐ
2458 4506 2617 4575 μόνον
2682 4506 3024 4575 ἀσκητικοῖς,
3074 4504 3211 4558 ἀλλά
3259 4506 3368 4575 γὰρ
3421 4506 3517 4559 καὶ
3569 4503 3904 4573 ἀθλητικοῖς.

636 4606 692 4649 et
725 4595 942 4649 labores
972 4610 1086 4649 non
1122 4596 1295 4650 solum
1324 4595 1607 4663 asceticos,
1638 4611 1825 4651 verum
1852 4594 2015 4651 etiam
2047 4596 2219 4650 athle-

638 4688 798 4741 ticos.
857 4686 1080 4757 Implete
1128 4689 1383 4759 gaudium
1437 4705 1631 4752 meum,
1686 4697 1742 4741 ut
1796 4688 1934 4741 idem
1976 4688 2219 4754 sapiatis,

635 4780 877 4834 eumdem
938 4780 1251 4833 charitatem
1304 4780 1578 4842 habentes,
1634 4781 1930 4844 unanimes,
1988 4781 2219 4849 idipsum

638 4873 919 4925 sentientes
944 4886 962 4925 :
991 4872 1118 4926 nihil
1144 4889 1234 4942 per
1264 4873 1668 4936 contentionem,
1701 4888 1863 4941 neque
1893 4887 1983 4938 per
2008 4872 2218 4927 inanem

639 4962 887 5033 gloriam,
921 4964 1011 5017 sed
1040 4964 1358 5029 humilitate,
1404 4966 1693 5033 superiores
1731 4964 1829 5017 sibi
1875 4964 2091 5017 invicem
2128 4981 2220 5017 ar—

639 5057 896 5110 bitrantes
919 5056 985 5112 “.
1022 5057 1334 5126 Apostolica
1360 5057 1477 5111 haec
1501 5061 1707 5111 monita
1735 5074 1747 5109 ε
1782 5056 1910 5112 licet
1942 5071 1972 5111 a
2007 5072 2095 5111 me
2121 5056 2218 5111 mi-

641 5164 766 5202 εει-ο
816 5150 870 5203 in
916 5150 1235 5205 memoriam
1283 5149 1633 5203 reducantur.
1683 5148 1847 5204 Orate
1885 5156 1941 5203 et
1977 5165 2075 5219 pro
2108 5164 2219 5213 me,

640 5243 891 5307 obsecro,
924 5252 984 5297 ut
1010 5243 1170 5297 detur
1202 5241 1337 5296 mihi
1374 5240 1659 5304 fortitudo,
1690 5242 1877 5305 robur,
1912 5256 2094 5296 sermo
2123 5258 2221 5311 per

642 5350 758 5397 vos,
791 5335 1044 5404 quamvis
1068 5334 1251 5389 divina
1289 5334 1460 5403 gratia
1513 5333 1773 5403 indignus
1810 5332 1910 5386 sim
1948 5350 1960 5386 :
1998 5342 2055 5387 ut
2083 5349 2218 5387 una-

644 5426 863 5483 nimiter
901 5427 954 5481 in
983 5442 1092 5481 uno
1127 5425 1323 5495 spiritu
1366 5424 1697 5498 glorificetur
1725 5423 1868 5479 Deus
1900 5424 1953 5477 in
1990 5439 2219 5495 corpore

641 5529 694 5573 et
715 5519 908 5589 spiritu
934 5528 1144 5574 nostro.
1175 5517 1323 5572 Mitte
1347 5518 1411 5574 ad
1436 5516 1911 5586 archiepiscopum
1940 5518 2216 5587 egregium

645 5606 983 5681 Dionysium.
1028 5611 1211 5666 Saluta
1250 5609 1473 5664 Petrum
1511 5609 1781 5673 abbatem,
1825 5608 2091 5680 lgnatium
2124 5613 2219 5663 ab—

2322 4598 2689 4666 Πληρὼσατέ
2732 4616 2847 4668 μου
2899 4596 3013 4666 τὴν
3056 4598 3285 4667 χαράνθ
3323 4600 3423 4652 ἵνα
3468 4598 3533 4652 τὸ
3574 4599 3722 4652 αὐτὸ
3759 4617 3905 4667 sapo-

2322 4689 2470 4759 νῆτε
2487 4704 2503 4721 ⁸
2535 4691 2649 4759 τὴν
2666 4690 2861 4759 αὐτὴν
2884 4690 3127 4759 ἀγάπην
3149 4692 3396 4759 ἔχοντες
3418 4710 3431 4723 ·
3460 4693 3775 4761 σύμψυχοι
3790 4708 3803 4722 ·
3837 4691 3904 4745 τὸ

2322 4784 2393 4836 ἓν
2429 4785 2831 4854 φρονοῦντες·
2861 4783 3058 4854 μηδὲν
3107 4785 3234 4838 κατ’
3281 4785 3539 4852 ἐρίθειαν
3577 4784 3615 4852 ἢ
3659 4786 3905 4838 κενοδο-

2326 4877 2500 4941 Elar'
2584 4878 2746 4931 ἀλλὰ
2808 4876 2881 4944 τῇ
2951 4878 3477 4945 ταπεινοφροσύνῃ
3586 4877 3903 4943 ἀλλήλους

2325 4971 2647 5039 ἡγούμενοι
2677 4968 3082 5037 ὑπερέχοντας
3132 4967 3379 5025 ἑαυτῶν.
3438 4969 3797 5023 Ἀποστολικά
3834 4969 3904 5022 τὰ

2327 5062 2763 5133 παραγγέλματα
2781 5078 2794 5092 ³
2826 5061 2929 5115 κᾶν
2949 5062 3079 5132 παρ’
3110 5061 3245 5132 ἐμοῦ
3274 5061 3367 5116 τοῦ
3393 5062 3739 5133 ταλαιπώρου
3771 5064 3904 5116 ὐπο-

2326 5154 2767 5223 μιμνησκόμενα.
2814 5152 3191 5223 Προσεύχεσθε
3218 5154 3313 5208 καὶ
3354 5154 3481 5224 περὶ
3516 5153 3675 5224 ἐμοῦ,
3715 5171 3899 5223 παρα-

2324 5242 2501 5299 καλῶ·
2529 5244 2617 5297 ῖνα
2638 5261 2726 5314 μοι
2749 5243 2877 5313 δοθῇ
2903 5244 3075 5313 ἰσχῦς,
3098 5245 3315 5316 κράτος.
3337 5244 3492 5311 λόγος
3507 5244 3571 5297 δι’
3592 5245 3739 5315 ὑμᾶς
3758 5261 3774 5276 ·
3795 5246 3900 5299 κᾶν

2325 5332 2437 5403 ἐγὼ
2472 5333 2689 5399 ἀνάξιος
2716 5332 2866 5397 θείας
2903 5333 3125 5404 χάριτος
3148 5352 3161 5365 ·
3201 5334 3347 5397 ὅπως
3372 5332 3716 5403 ὁμοθυμαδὸν
3735 5334 3793 5387 ὲν
3820 5335 3899 5388 ἑνὶ

2327 5424 2599 5494 πνεύματι
2632 5422 2863 5495 δοξασθῇ
2905 5426 2933 5477 ὁ
2968 5425 3099 5487 Θεὸς
3130 5426 3188 5477 ὲν
3229 5422 3309 5493 τῷ
3341 5423 3552 5495 σώματι
3587 5426 3684 5479 καὶ
3725 5428 3785 5480 ὲν
3820 5424 3899 5496 τῷ

2327 5517 2600 5586 πνεύματι
2641 5516 2821 5587 ήμῶν.
2867 5517 3082 5571 Στεῖλον
3107 5520 3185 5581 εἰς
3220 5518 3311 5571 τὸν
3337 5520 3769 5588 ἀρχιεπίσκοπον
3807 5523 3897 5572 τοι

2328 5610 2488 5662 καλὸν
2518 5609 2811 5663 Διονύσιον.
2849 5611 3299 5681 Προσαγόρειισον
3328 5611 3417 5664 τὸν
3455 5611 3631 5666 ἀϐδᾶν
3662 5613 3861 5683 ιῐέτρον
3880 5630 3895 5645 ο

708 5722 839 5805 ’δξέαζ
859 5726 1017 5784 Rom.
1053 5727 1373 5793 vm,55,36.
1430 5727 1471 5759 "
1500 5728 1541 5781 ll
1574 5726 1699 5783 Cor.
1738 5745 1775 5792 ι,
1810 5727 1861 5782 8.
1925 5730 1967 5760 ⁸³
2009 5728 2202 5800 Philip.

2325 5730 2391 5785 £9.
2451 5731 2497 5762 “
2528 5728 2566 5783 ll
2592 5727 2714 5785 Cor.
2745 5728 2933 5795 vm,‘2.
2997 5729 3038 5760 "
3069 5729 3232 5785 llcbr.
3277 5747 3390 5795 xm,
3427 5731 3508 5785 ll.
3589 5732 3632 5764 “
3663 5732 3897 5805 Philipp.

646 5815 702 5865 ιι,
728 5800 781 5865 ε,
812 5800 863 5853 3.
