4164 6528
193 470 333 534 1145

1388 459 1936 523 EPISTOLARUM
1994 464 2143 524 LIB.
2181 464 2264 524 ΙΙ.

3324 469 3464 538 1146

181 583 277 636 τὸν
320 579 502 635 ὰόεᾶν
542 578 837 647 Ἰγνάτιονο
886 575 980 629 καὶ
1025 576 1118 630 τὸν
1168 572 1347 629 ἀσὸᾶν
1396 573 1628 643 maqu
1681 573 1775 625 καὶ

1887 574 2084 637 batem,
2121 583 2176 627 et
2219 572 2455 628 Tithoen
2498 575 2775 642 abbatem,
2810 588 2865 631 et
2904 577 3134 634 ostende
3177 578 3283 636 illis
3324 583 3467 639 hanc

182 675 466 741 ὑπόδειξον
507 673 691 734 αὐτοῖς
741 671 804 725 τὸ
857 670 1116 741 γράμμα.
1154 668 1277 722 Ἔτι
1326 664 1620 737 ἐτοιμὰζου
1671 665 1770 717 σὺν

178 768 294 828 τοῖς
336 765 549 827 λοιποῖς
582 802 597 826 ,
648 763 743 816 καὶ
790 762 1029 831 μάλιστα
1061 762 1176 823 τοῖς
1207 758 1727 830 προγεγραμμένοις
1753 771 1768 788 '

180 858 264 910 ὅτι
326 856 437 910 τῶν
499 854 733 924 ἐγγύθεν
788 854 949 924 ἡμῶν
994 850 1425 921 όλισθησάντων,
1473 850 1574 903 ούκ
1622 848 1774 901 ἔστιν

182 950 335 1019 ἡμᾶς
370 946 544 1021 [ιὶεκ.
577 946 703 1002 cod.
738 943 925 1016 ὑμᾶς]
954 943 1185 1012 ὲαθῆναι
1217 940 1309 995 ὑπ’
1338 940 1520 995 αὐτῶν
1550 940 1775 994 ἐκείνων

184 1040 726 1109 ἑνδιαὸαλλομένους.
757 1037 885 1107 Δοίη
932 1035 992 1089 δὲ
1041 1031 1253 1106 Κύριος
1302 1031 1515 1094 σθένος,
1549 1030 1775 1103 κράτος,

183 1130 331 1195 νοῦν,
381 1129 687 1198 ὀφθαλμὸν,
746 1128 987 1195 σύνεσιν,
1039 1126 1151 1179 πᾶν
1209 1121 1394 1177 ὁτιοῦν
1452 1121 1515 1176 sit
1565 1121 1776 1193 πρᾶξαι

184 1222 334 1290 ὑμᾶς
376 1222 457 1284 εἰς
495 1220 719 1275 ιπαινον
761 1218 857 1273 καὶ
903 1217 1063 1283 δόξαν
1090 1212 1368 1286 Χριστοῦ’
1398 1212 1479 1275 είς
1511 1212 1777 1282 καύχημα

183 1314 322 1384 ἐμόν
343 1329 356 1342 ·
391 1314 474 1377 είς
526 1313 683 1376 κλέος
717 1310 873 1381 ὑμῶν
898 1308 1138 1364 αἰώνιον.
1172 1303 1688 1378 Προσαγορεύουσιν
1726 1303 1778 1356 ot

185 1405 440 1469 συνόντες
494 1421 588 1475 μοι
638 1400 1007 1473 ἀμφοτέρους.
1050 1399 1109 1454 '0
1152 1396 1390 1470 Χριστὸς
1434 1393 1557 1464 μεθ’
1597 1392 1774 1464 ὑμῶν.

196 1493 257 1547 ’Δ
264 1494 403 1565 μήν.

701 1625 809 1679 IA'.
839 1651 913 1663 —
950 1617 1037 1687 Τῷ
1062 1616 1243 1686 αὐτῷ.
1271 1614 1453 1691 [ρνδ’.]

1876 664 2185 734 epistolam.
2231 664 2404 721 Porro
2446 667 2753 739 accingere,
2805 681 2862 723 et
2912 680 3133 741 paratus
3174 680 3295 727 esto
3339 690 3465 729 cum

1877 757 2115 823 caneris,
2156 767 2363 813 etcum
2395 758 2462 814 iis
2493 760 2728 815 maxime
2757 776 2897 830 quos
2926 762 3123 832 scripsi
3150 778 3169 817 :
3199 765 3463 833 quoniam

1877 864 2003 904 cum
2037 849 2174 920 lapsi
2216 850 2329 904 sint
2363 851 2455 920 qui
2500 851 2659 906 nobis
2692 852 2857 907 vicini
2902 864 3083 919 erant,
3116 854 3233 910 ﬁeri
3276 859 3470 928 nequit

1879 951 1942 996 ut
1969 942 2343 1013 relinquamur
2390 944 2459 998 ab
2496 944 2602 999 illis
2628 944 2759 1014 ipsis
2785 944 2972 1000 delati.
3018 943 3120 1001 Det
3146 957 3328 1003 autem
3361 951 3468 1004 lto-

1883 1033 2069 1090 minus
2093 1036 2250 1090 vobis
2271 1037 2436 1099 vires,
2462 1038 2646 1103 robur,
2679 1026 3058 1103 intellectum:
3070 1040 3315 1104 oculum,
3339 1056 3472 1110 pru-

1880 1125 2149 1192 dentiam,
2177 1129 2360 1183 omnia
2391 1138 2542 1184 recte
2568 1144 2729 1200 agere
2760 1129 2815 1183 in
2858 1130 3121 1185 honorem
3150 1140 3205 1185 et
3240 1131 3468 1202 gloriam

1880 1216 2109 1284 Christi,
2150 1218 2219 1273 ad
2254 1220 2470 1275 laudem
2512 1236 2689 1275 meam
2733 1229 2791 1276 et
2818 1221 3200 1292 gloriationem
3230 1232 3469 1278 vestram

1878 1312 2296 1380 sempiternam.
2347 1313 2599 1368 Salutant
2627 1314 2721 1384 qui
2754 1330 2971 1370 mecum
3011 1325 3143 1371 sunt
3183 1325 3469 1387 utrosque.

1877 1399 2137 1457 Christus
2167 1403 2470 1459 vobiscum.
2504 1406 2702 1460 Amen.

2465 1623 2561 1682 XI.
2589 1657 2663 1668 —
2696 1625 2908 1686 Eidem.

850 1741 930 1792 De
954 1736 1269 1803 quibusdam,
1292 1734 1381 1800 qui
1412 1734 1541 1799 lapsi
1571 1736 1737 1796 erant,
1768 1734 2091 1797 recipiendis.
2138 1738 2336 1800 (Baron.
2365 1753 2445 1791 an.
2484 1741 2597 1800 8t6.
2635 1742 2814 1807 n.16.)

258 1853 426 1924 Παρὰ
446 1849 785 1925 προσδοκίαν
820 1842 962 1903 εἶδον
990 1846 1063 1900 τὰ
1094 1844 1403 1917 γράμματά
1436 1860 1557 1909 σου,
1585 1841 1777 1896 τέκνον

1951 1841 2160 1901 Praeter
2193 1849 2683 1919 exspectationem,
2730 1850 2931 1907 dilecte
2973 1851 3070 1918 illi,
3106 1852 3313 1909 litteras
3350 1864 3472 1913 tua:

185 1946 571 2017 ἠγαπημένον,
622 1944 720 1997 καὶ
765 1943 893 2005 τοὺς
946 1937 1242 2008 ἀδελφούς·
1271 1937 1334 1991 ού
1363 1936 1496 2006 γὰρ,
1527 1934 1605 1998 ὡς
1641 1948 1781 2003 προ-

188 2038 447 2109 έγραψα,
484 2037 721 2106 ἐπέσχες
763 2032 927 2104 μέχρι
974 2028 1380 2100 Σεπτεμϐρίου.
1434 2025 1576 2080 Ἀλλ’
1627 2025 1781 2093 ὅμως

188 2131 545 2202 ἁπεδεξάμην
584 2144 677 2181 σου
715 2126 779 2180 τὸ
824 2122 1132 2196 πρόθυμον,
1169 2121 1233 2174 τὸ
1262 2121 1366 2174 οὐκ
1410 2116 1642 2173 ἀνεκτὸν
1681 2116 1782 2185 τῆς

188 2224 450 2291 ἀγάπης,
505 2217 879 2288 τὺδιάπυρον
932 2212 1030 2268 τοῦ
1076 2212 1284 2279 πόθου,
1335 2210 1397 2264 τὸ
1437 2209 1566 2281 περὶ
1603 2208 1784 2262 πάντα

190 2314 475 2385 φιλόθεον·
506 2309 805 2382 προσθείην
832 2305 878 2361 δ’
911 2304 978 2361 ἂν
1020 2305 1116 2359 καὶ
1146 2302 1531 2374 φιλοπάτριον.
1572 2301 1644 2353 Σύ
1678 2315 1780 2367 μου

190 2406 345 2478 χαρά
372 2406 469 2459 καὶ
499 2399 857 2473 παραμύθιον
881 2414 896 2430 ο
952 2396 1019 2451 σύ
1074 2414 1176 2467 μου
1216 2397 1275 2450 ὲν
1326 2394 1515 2466 Κυρίῳ
1552 2395 1610 2447 εν
1646 2392 1782 2445 πᾶσι

190 2503 306 2563 τοῖς
345 2496 611 2558 κινδύνοις
644 2492 742 2547 καὶ
772 2490 1020 2561 θλίψεσιν
1048 2490 1297 2561 ἓδρασμα
1318 2529 1332 2553 ,
1365 2488 1463 2542 καὶ
1509 2485 1781 2555 στέφανος

193 2595 562 2663 καυχήσεως,
595 2587 737 2660 μετά
782 2586 1005 2640 πάντων
1037 2583 1146 2638 τῶν
1190 2581 1475 2637 συνάθλων
1517 2595 1646 2633 σουο
1688 2578 1785 2633 καὶ

192 2688 305 2759 πρὸ
335 2685 553 2739 πάντων
588 2677 841 2749 ἀδελφῶν
869 2677 1030 2749 ἡμῶν
1075 2679 1133 2730 ὲν
1166 2672 1390 2748 Χριστῷ
1434 2670 1610 2743 Ἰησοῦ
1632 2712 1648 2737 ,
1688 2671 1786 2725 καὶ

190 2780 427 2833 τέκνων.
460 2774 555 2828 Διὸ
587 2773 683 2826 καί¹
724 2769 923 2841 χαίρω,
965 2766 1207 2837 εὐλογῶν
1250 2765 1343 2818 τὸν
1376 2763 1511 2817 Θεὸν
1538 2761 1634 2816 τοῦ
1668 2763 1783 2816 Πα-

190 2870 327 2940 τρός
365 2884 467 2938 μου
487 2881 503 2897 σ
546 2865 631 2918 ὅτι
656 2861 861 2933 opus“
891 2860 1039 2931 ψυχῇ
1073 2859 1172 2913 καὶ
1202 2855 1447 2928 σώματι·
1480 2852 1657 2918 οὕτως
1680 2851 1787 2907 ύπδ

192 2958 335 3014 Θεοῦ
363 2951 815 3024 οίκονομηθέντος
845 2946 987 3004 εἷναί
1017 2965 1078 3002 σε
1116 2949 1317 3017 ἄφετον
1341 2947 1407 2999 ὲκ
1428 2943 1669 3015 δεσμῶν·
1695 2943 1784 2996 ίνα

192 3051 328 3113 τοὺς
370 3050 430 3101 εν
463 3046 683 3115 δεσμοῖς
726 3042 959 3114 ἀλείφῃς
983 3080 999 3106 ,
1031 3040 1161 3103 τοὺς
1190 3037 1504 3109 ἀφεμένους
1549 3034 1786 3089 συνδέων

194 3137 599 3212 ὲπιστηρίζοις.
636 3138 701 3190 Ὃ
736 3136 833 3189 καὶ
864 3136 1045 3197 ποιεῖς
1072 3148 1257 3203 χαριτι
1283 3128 1523 3202 Χριστοῦ
1544 3167 1560 3194 ,
1602 3144 1784 3198 παρα-

196 3233 408 3299 καλῶν,
443 3229 735 3293 νουθετῶν,
769 3224 1268 3298 παραμυθούμενος
1300 3222 1396 3276 ἕνα
1425 3221 1680 3275 ἕκαστον.

196 3324 419 3395 ἀληθῶς
443 3321 577 3376 Θεοῦ
616 3322 923 3390 οἰκονόμος.
966 3316 1172 3387 Δέομαι
1220 3313 1317 3368 οὖν
1350 3313 1483 3367 αὐτὸ
1507 3311 1671 3367 τοῦτο
1710 3311 1787 3382 μὴ

197 3418 463 3473 ἐκκακεῖν
509 3412 842 3487 ἐργάζεσθαί
903 3426 962 3463 σε
1021 3411 1101 3475 είς
1157 3408 1317 3474 δόξαν
1372 3404 1650 3478 Χριστοῦ,
1708 3404 1787 3467 είς

198 3510 561 3582 περιποίησιν
611 3508 887 3579 σωτηρίας
929 3521 1062 3571 σου,
1108 3507 1189 3569 εἰς
1238 3501 1504 3573 καύχημα
1549 3499 1674 3570 ἐμοὶ
1708 3497 1789 3569 τῷ

198 3601 539 3674 ἠπορημένῳ
566 3602 623 3655 ὲν
654 3597 915 3653 παντιοῦν
948 3597 1161 3668 ἀγαθῷ.
1209 3596 1379 3667 Πλὴν,
1429 3592 1628 3662 ἀδελφέ
1652 3631 1669 3656 ,
1706 3593 1789 3647 ὅτι

197 3695 303 3749 οὐκ
338 3695 420 3758 είς
449 3693 606 3747 κενὸν
629 3690 941 3762 ιδράμομεν
972 3690 1068 3743 καὶ
1095 3687 1367 3759 τρέχομεν
1399 3686 1567 3739 πάλαι
1603 3701 1665 3738 τε
1692 3686 1790 3738 καὶ

198 3786 334 3841 νῦνο
381 3784 491 3837 οὐδ’
540 3786 621 3846 εἰς
669 3781 828 3834 κενὸν
882 3779 1195 3850 κοπιῶμεν·
1232 3779 1378 3849 ὑπὲρ
1406 3775 1645 3848 Χριστοῦ
1680 3777 1790 3846 γὰρ

200 3879 301 3932 καὶ
334 3876 425 3929 διὰ
464 3872 699 3946 Χριστὸν
729 3870 872 3942 ὑπὲρ
900 3864 962 3923 οὗ
992 3871 1057 3924 τὸ
1096 3870 1355 3939 πάσχειν,
1388 3868 1612 3939 πάσχον
1648 3867 1792 3938 ὑπὲρ

199 3963 264 4022 οῦ
286 3969 350 4023 τὸ
378 3964 692 4028 λυπεῖσθαι,
710 3963 879 4033 χαρά.
895 3961 1080 4031 Εἶπερ
1106 3960 1578 4031 συμπάσχομεν,
1601 3960 1790 4030 φησὶν,

201 4064 307 4117 ἵνα
334 4061 435 4114 καί
465 4053 1001 4123 σύνδοξασθὼμεν.
1030 4052 1341 4124 Λογίζομαι
1386 4055 1499 4120 γὰρ
1545 4052 1635 4105 ὅτι
1679 4051 1791 4104 οὐκ

202 4156 346 4219 ἄξια
400 4152 472 4206 τὰ
518 4148 838 4217 παθήματα
898 4146 1005 4199 τοῦ
1056 4146 1173 4200 νῦν
1219 4141 1429 4213 καιροῦ
1475 4144 1626 4210 πρὸς
1676 4140 1793 4206 τὴν

199 4245 564 4317 μέλλουσαν
629 4238 819 4303 δόξαν
880 4235 1394 4306 ἀποκαλυφθῆναι
1457 4238 1547 4303 εὶς
1611 4233 1790 4305 ἡμᾶς.

203 4338 321 4392 Καὶ
359 4332 609 4395 εἰκότως.
666 4329 733 4383 Ἥ
765 4327 877 4399 γὰρ
908 4328 1145 4382 ἐνταῦθα
1180 4326 1462 4395 σύνθλιψις
1486 4365 1503 4391 ,
1534 4326 1793 4379 ὁποιαοῦν

204 4428 449 4497 σκιώδης
475 4426 571 4480 καὶ
592 4421 887 4493 ὀνειρώδης
912 4437 927 4451 ·
958 4422 992 4491 ἡ
1018 4422 1077 4476 δὲ
1104 4422 1281 4474 ἐκεῖσε
1305 4419 1655 4490 ἀντάμειψις,
1680 4419 1793 4489 ζωὴ

1697 3179 1783 3282 ,ὸς
1811 3179 1855 3241 c

1884 1945 1943 1991 et
1972 1937 2172 1994 fratres
2197 1940 2332 1995 vidi.
2376 1939 2498 1995 Non
2524 1943 2690 2007 enim,
2719 1952 2779 1997 ut
2804 1952 2963 1999 antea
2986 1947 3339 2016 scripseram,
3372 1965 3474 2003 us-

1884 2045 1995 2100 que
2026 2032 2094 2086 ad
2137 2034 2520 2103 Septembrem
2558 2036 2845 2091 distulisti.
2876 2036 3151 2093 Caeterum
3189 2040 3476 2110 amplexus

1884 2137 2007 2178 sum
2050 2124 2388 2181 alacritatem
2437 2136 2604 2192 tuam,
2647 2128 2972 2185 citaritatem
3002 2146 3112 2185 non
3164 2132 3472 2199 remissam,

1883 2216 2085 2270 ardens
2142 2217 2519 2285 desiderium,
2594 2220 2650 2273 in
2704 2220 2965 2276 omnibus
3014 2223 3272 2293 pietatem
3343 2240 3470 2297 erga

1884 2304 2080 2372 Deum,
2121 2308 2430 2364 addiderim
2456 2311 2623 2366 etiam
2662 2326 2788 2384 erga
2824 2323 3060 2384 patrem.
3091 2313 3173 2369 Tu
3204 2316 3388 2372 laetitia
3417 2327 3475 2374 et

1884 2399 2192 2455 consolatio
2221 2416 2341 2455 mea
2375 2420 2387 2456 :
2435 2411 2492 2456 tu
2525 2420 2706 2459 meum
2740 2406 2794 2459 in
2829 2406 3087 2461 omnibus
3120 2409 3382 2477 periculis
3415 2420 3476 2464 et

1885 2489 2336 2548 tribulationibus
2360 2493 2763 2550 firmamentum
2795 2497 2849 2551 in
2875 2496 3107 2552 Domino
3138 2507 3192 2553 et
3229 2502 3474 2554 exsulta—

1885 2580 2053 2639 tionis
2078 2598 2303 2653 corona,
2338 2602 2464 2642 cum
2495 2590 2859 2643 certaminum
2898 2600 3117 2644 tuorum
3151 2592 3319 2646 sociis
3349 2593 3473 2647 uui-

1884 2675 2081 2741 versis,
2118 2692 2233 2746 prae
2272 2677 2533 2733 omnibus
2562 2678 2768 2734 nostris
2800 2680 2854 2733 in
2880 2679 3105 2735 Christo
3129 2680 3260 2736 Jesu
3287 2682 3476 2737 fratri-

1884 2764 1989 2820 bus
2022 2776 2079 2822 et
2127 2768 2271 2823 filiis.
2308 2761 2574 2834 Quocirca
2621 2781 2675 2825 et
2721 2770 2881 2826 laetor
2928 2771 3248 2842 plurimum,
3295 2774 3473 2829 Deum

1886 2856 2063 2915 Patris
2091 2861 2199 2915 mei
2244 2861 2497 2925 laudans,
2543 2862 2688 2931 quod
2733 2864 2921 2918 animo
2968 2872 3024 2919 et
3064 2880 3295 2936 corpore
3326 2877 3475 2923 recte

1885 2951 2083 3006 vales:
2141 2952 2253 3007 Deo
2294 2953 2374 3009 sic
2422 2956 2605 3010 omnia
2677 2955 3023 3026 disponente,
3105 2968 3164 3012 ut
3230 2970 3286 3013 tu
3350 2960 3474 3013 vin-

1887 3041 2028 3097 culis
2086 3044 2300 3099 solutus
2339 3044 2529 3113 fueris,
2564 3062 2672 3117 quo
2694 3047 2815 3103 illos
2834 3048 2926 3118 qui
2952 3049 3007 3105 in
3062 3049 3296 3104 vinculis
3346 3060 3479 3106 sunt

1887 3134 2160 3200 subleves,
2239 3151 2335 3192 eos
2392 3150 2577 3193 autem
2648 3139 2740 3208 qui
2801 3141 2968 3195 soluti
3045 3149 3176 3195 sunt
3239 3142 3475 3211 conjun-

1887 3226 2065 3297 gendo
2110 3228 2424 3285 confirmes.
2479 3228 2637 3296 Quod
2672 3230 2892 3301 quidem
2943 3230 3077 3286 facis
3126 3247 3224 3302 per
3272 3231 3479 3288 Christi

1888 3319 2138 3390 gratiam,
2166 3336 2611 3394 unumquemque
2640 3324 2963 3387 adhortans,
2994 3324 3319 3391 admonens,
3348 3340 3485 3380 con-

1887 3411 2109 3479 solans,
2169 3418 2428 3484 tanquam
2480 3430 2648 3469 verus
2702 3414 2797 3469 Dei
2852 3414 3221 3485 dispensator.
3278 3416 3486 3471 Precor

1890 3498 2055 3571 igitur
2112 3517 2186 3557 ne
2228 3505 2419 3558 animo
2467 3504 2693 3560 delicias
2748 3504 2882 3559 illud
2927 3504 3107 3575 ipsum
3154 3506 3366 3576 agendo
3411 3507 3481 3563 ad

1888 3589 2094 3646 Christi
2143 3592 2408 3664 gloriam,
2459 3594 2526 3648 ad
2576 3594 2769 3650 salutis
2818 3603 2925 3651 tua:
2971 3596 3359 3657 assertionem,
3411 3598 3483 3651 ad

1890 3697 2092 3751 meam,
2123 3685 2215 3752 qui
2247 3686 2625 3757 cujuscunque
2660 3686 2790 3741 boni
2823 3701 2943 3740 sum
2983 3685 3164 3757 inops,
3201 3685 3484 3758 gloriatio-

1890 3789 2040 3830 nem.
2073 3774 2340 3841 Tametsi,
2372 3777 2563 3841 frater,
2595 3794 2706 3834 non
2738 3779 2793 3832 in
2824 3793 3060 3833 vacuum
3087 3778 3217 3833 olim
3248 3794 3484 3835 concur-

1890 3868 2086 3931 rimus,
2118 3885 2297 3940 neque
2324 3871 2376 3925 in
2419 3886 2653 3925 vacuum
2696 3871 3045 3937 laboramus;
3080 3872 3348 3941 siquidem
3381 3888 3484 3942 pro

1890 3961 2113 4017 Christo
2160 3971 2217 4017 et
2263 3978 2361 4033 per
2415 3963 2721 4029 Christum,
2778 3978 2881 4035 pro
2925 3979 3036 4034 quo
3083 3963 3288 4033 aliquid
3344 3964 3482 4033 pati,

1892 4055 2095 4125 pascha
2128 4065 2249 4110 est:
2286 4071 2386 4126 pro
2422 4071 2533 4126 quo
2558 4056 2784 4119 tristari,
2818 4055 3028 4111 laztitia.
3063 4054 3122 4111 Si
3152 4056 3310 4110 modo
3340 4073 3483 4109 com—

1893 4148 2161 4216 patimur,
2214 4147 2421 4218 inquit,
2484 4156 2542 4201 ut
2595 4159 2644 4201 et
2698 4147 3169 4219 congloriﬁcemur.
3222 4147 3484 4203 Existimo

1893 4239 2034 4292 enim
2069 4240 2207 4308 quod
2244 4255 2348 4293 non
2380 4249 2502 4292 sunt
2537 4239 2809 4310 condignae
2854 4240 3122 4308 passiones
3150 4240 3309 4309 Ituqu
3350 4250 3485 4295 tem-

1894 4332 2039 4400 poris
2069 4330 2139 4383 ad
2168 4330 2661 4401 futuramgloriam
2693 4347 2809 4401 quis
2836 4330 3151 4384 revelabitur
3170 4331 3222 4385 in
3251 4332 3395 4385 nobis
3417 4332 3481 4386 ⁸⁷.

1896 4418 1963 4473 Et
1988 4419 2206 4475 merito.
2245 4418 2375 4475 Istic
2399 4420 2546 4474 enim
2576 4419 2799 4475 alllictio
2827 4420 3248 4490 qualiscunque,
3278 4421 3487 4475 umbra:

206 4523 521 4592 ἀπέραντος
558 4517 696 4588 μετὰ
733 4513 893 4583 δόξης
934 4513 1176 4568 αἰωνίου.
1225 4511 1319 4583 Μὴ
1368 4508 1461 4565 οὖν
1496 4514 1785 4580 ἐπαισχυν-

1896 4521 1952 4567 et
1982 4512 2197 4567 somnio
2228 4512 2425 4567 similis
2454 4531 2470 4566 :
2502 4512 2613 4567 illic
2655 4520 2840 4567 autem
2875 4510 3274 4581 compensatio,
3310 4514 3486 4567 inter-

206 4614 420 4684 θῶμεν,
446 4603 732 4675 ὢ,τέκνον,
760 4604 831 4663 τὸ.
855 4604 1030 4673 παρὸν
1063 4602 1364 4675 μαρτύριον
1386 4618 1400 4633 ·
1442 4600 1538 4655 τοῦ
1582 4601 1785 4672 Κυρίου

1891 4604 2102 4660 minata
2135 4602 2248 4659 vita
2288 4620 2412 4661 cum
2449 4604 2619 4677 gloria
2649 4605 3004 4674 sempiterna.
3040 4603 3159 4657 Non
3198 4596 3488 4659 erubesca-

206 4710 323 4779 γάρ
375 4707 517 4759 ἐστι.
553 4700 749 4756 Πολλοὶ⁸
789 4697 1152 4769 ἐπεθύμησαν
1184 4697 1245 4763 ἐξ
1289 4696 1513 4765 ἀγάπης
1553 4693 1792 4765 Χριστοῦ

1894 4712 2013 4751 mus
2028 4712 2175 4769 ergo,
2192 4697 2286 4762 illi,
2300 4712 2542 4768 praesens
2559 4697 2929 4753 testimonium
2948 4714 2961 4751 :
2983 4696 3196 4755 Domini
3215 4694 3360 4749 enim
3380 4702 3485 4750 est.

204 4798 368 4855 τοῦτο
401 4796 560 4849 ἰδεῖν·
592 4792 710 4847 ἀλλ’
748 4790 849 4843 οὐκ
896 4788 1193 4857 ἐπέτυχον⁸
1230 4782 1395 4857 ἡμεῖς
1432 4787 1490 4839 δὲ
1518 4783 1785 4855 κατηξιώε

1891 4787 2043 4843 Multi
2065 4805 2175 4859 pra
2207 4788 2409 4844 Christi
2436 4804 2621 4844 amore
2657 4788 2788 4843 illud
2804 4787 2989 4842 videre
3020 4782 3489 4856 optaverunt,sed

207 4888 376 4960 μεθα.
410 4884 476 4940 Τί
522 4883 709 4947 τοῦτο;
747 4881 888 4951 ὑπὲρ
935 4877 1101 4931 αὑτοῦ
1144 4879 1416 4948 πάσχεινο
1467 4874 1757 4929 διώκεσθαι

206 4977 715 5053 αίχμαλωτίζεσθαι
735 4991 748 5004 ·
772 4969 1167 5041 φυλακίζεσθαι
1190 4987 1202 5000 ·
1231 4971 1297 5023 ἐκ
1326 4967 1494 5022 τόπου
1516 4971 1597 5030 είς
1625 4966 1789 5021 τόπον

207 5069 655 5144 περιορίζεσθαι·
705 5067 739 5139 ἢ
770 5066 912 5137 τάχα
948 5062 1043 5117 καὶ
1075 5061 1374 5117 τύπτεσθαι
1395 5078 1409 5092 ο
1440 5061 1669 5131 θέατρον
1706 5060 1792 5129 γί-

209 5166 403 5222 νεσθαι
432 5165 527 5217 καὶ
548 5160 804 5230 ἀγγέλοις
831 5159 925 5211 καὶ
947 5156 1044 5211 ἀνθ
1053 5154 1279 5226 ρώποις.

284 5260 350 5313 Et
383 5258 442 5311 δὲ
464 5257 549 5310 ὅτι
578 5254 676 5308 καὶ
702 5253 763 5306 τὸ
790 5252 965 5320 ὄνομα
1003 5248 1161 5319 ἡμῶν
1200 5246 1277 5309 ὼς
1327 5246 1566 5317 πονηρὸν
1607 5243 1797 5312 ὲξέσαο

212 5352 329 5413 λον,
344 5343 840 5417 ἀναθεματίζοντες
861 5342 967 5412 ἰδίᾳ
995 5357 1055 5393 τε
1077 5338 1173 5391 καὶ
1210 5338 1448 5409 δημοσίᾳ
1470 5338 1566 5391 σὺν
1588 5336 1792 5405 ἀγίοις’

214 5439 317 5491 οὐκ
353 5436 431 5489 ἔνι
467 5434 648 5505 χαράς
691 5434 793 5486 ούκ
830 5432 910 5484 ἔνι
944 5430 1206 5500 σκιρτᾷνς
1246 5423 1401 5491 Οἶδα,
1448 5426 1664 5489 τέκνον,
1710 5425 1801 5477 τὸν

224 5527 577 5600 μακαρισμὸν
630 5526 859 5599 Κυρίου.
922 5522 1147 5585 Τούτοις
1223 5520 1319 5573 καὶ
1374 5519 1535 5582 αὐτὸς
1593 5517 1799 5589 γήθου·

1893 4880 2037 4937 nacti
2056 4896 2165 4936 non
2185 4888 2349 4936 sunt:
2373 4896 2473 4935 nos
2499 4886 2681 4935 autem
2703 4878 2855 4950 digni
2892 4877 3061 4932 habiti
3089 4892 3302 4930 sumus.
3324 4874 3491 4941 Quid-

1897 4989 2021 5028 nam
2040 4972 2197 5028 iliud?
2214 4988 2312 5044 pro
2329 4974 2448 5044 ipso
2458 4971 3183 5045 pati,vexari,captivitatem
3198 4985 3262 5023 ac
3274 4968 3489 5022 vincula

1898 5064 2454 5127 sustinerenlelocoiu
2472 5064 2649 5119 locum
2667 5063 2814 5141 pelli,
2828 5071 2922 5117 aut
2937 5060 3180 5116 fortassis
3190 5059 3357 5114 etiam
3377 5074 3496 5114 ver-

1901 5159 2102 5220 berari,
2134 5157 2508 5228 spectaculum
2550 5156 2664 5210 ﬁeri
2685 5164 2742 5211 et
2763 5156 2971 5226 angelis
3015 5151 3490 5207 ethominibus".

1979 5250 2135 5316 Quod
2164 5250 2208 5304 si
2234 5259 2287 5304 et
2306 5265 2504 5304 nomen
2522 5256 2770 5303 nostrum
2790 5247 3073 5316 eiecerunt
3087 5257 3343 5313 tanquam
3376 5258 3492 5296 ma-

1898 5339 2033 5407 lum,
2102 5340 2625 5394 anathematizantes
2691 5338 2939 5407 privatim
2991 5345 3045 5391 et
3100 5336 3316 5406 publice
3363 5349 3489 5388 cum

1900 5429 2109 5483 sanctis
2142 5446 2155 5492 ;
2185 5444 2368 5483 nonne
2397 5428 2652 5499 gaudium
2672 5428 2791 5482 est?
2812 5442 2995 5481 nonne
3028 5426 3155 5479 licet
3179 5422 3496 5478 exsultare?

1900 5520 2035 5576 Novi
2066 5536 2189 5591 ego,
2225 5521 2322 5582 iiii,
2355 5520 2751 5575 beatitudinem
2782 5534 2814 5573 a
2848 5518 3079 5573 Domino
3119 5516 3491 5586 prmtlicatam.

220 5623 425 5693 τέρπου
467 5621 566 5674 σὺν
614 5619 756 5681 ὅλοις
796 5617 1025 5679 τέκνοις.
1060 5611 1242 5683 Ὑμεῖς
1280 5611 1389 5681 γάρ
1430 5612 1572 5665 ἐστε
1630 5609 1785 5680 σῶμα

1906 5611 1989 5667 Tu
2026 5628 2244 5682 quoque
2294 5612 2365 5667 ob
2394 5612 2511 5667 haec
2569 5612 2753 5666 latare
2789 5634 2802 5664 ;
2845 5611 3016 5681 gaude
3060 5625 3185 5664 cum
3219 5606 3494 5661 universis

224 5714 515 5785 Χριστοῦ,
552 5713 652 5766 καὶ
678 5711 835 5781 μέλη
874 5709 944 5764 ἐκ
976 5709 1221 5780 μέρους.
1258 5706 1366 5761 Kal
1416 5706 1535 5760 εἶτε
1575 5702 1785 5773 πάσχε’‹

1909 5705 2074 5760 ﬁliis:
2117 5704 2209 5758 Vos
2246 5706 2384 5759 enim
2433 5705 2554 5759 estis
2595 5720 2779 5771 corpus
2824 5702 3016 5757 Christi
3056 5711 3107 5757 ct
3160 5698 3385 5754 ntenibra
3429 5713 3495 5753 ex

287 5894 331 5925 ⁸⁷
363 5890 521 5949 Rom.
554 5907 673 5954 vtu,
714 5889 799 5954 i7,
840 5888 920 5947 l8.
994 5888 1033 5918 "
1063 5887 1193 5943 Luc.
1224 5902 1294 5946 vn,
1316 5886 1403 5939 τε.
