4164 6464
698 379 833 444 1M7

1897 391 1955 450 S.
1988 388 2379 451 THEODORI
2430 391 2778 451 S’I‘UDITE

3809 382 3966 448 1148

691 508 861 562 parte.
892 493 961 547 Et
1005 495 1052 547 si
1096 497 1222 565 quid
1264 498 1467 566 patitur
1506 516 1667 553 unum
1696 501 2008 564 membrum,
2059 519 2270 571 compa~

2383 501 2439 555 ἓν
2462 502 2672 569 μέλος,
2705 497 3055 569 συμπάσχει
3083 496 3279 552 πάντα
3308 499 3379 551 τὰ
3399 497 3553 565 μέλη
3579 512 3593 527 ο
3621 495 3746 549 εἴτε
3774 493 3965 557 605d-

693 588 895 638 tiuntur
930 587 1107 638 omnia
1162 589 1395 641 membra
1424 605 1442 643 :
1473 591 1580 645 sive
1618 592 1877 661 gloriatur
1904 610 2068 646 unum
2106 612 2272 647 mem-

693 677 865 739 brum,
927 679 1256 746 congaudent
1300 683 1473 735 omnia
1528 686 1759 737 membra
1799 688 1865 740 ".
1911 687 2128 752 Quzere,
2174 686 2269 749 ait,

693 784 813 836 quae
845 776 1070 831 restant,
1103 780 1281 836 sputa,
1304 773 1584 841 colaphos,
1609 790 1822 830 crucem
1842 778 2076 847 denique
2107 795 2121 830 :
2152 778 2273 830 dul-

694 870 787 909 ces
844 857 975 910 mihi
1007 858 1191 911 clavos
1228 859 1450 925 Christi,
1484 864 1682 931 quibus
1726 867 1961 936 cruciﬁgi
2003 883 2123 921 cum
2157 868 2274 936 ipso

695 945 882 1011 ecquis
908 948 1012 1000 erit
1030 950 1121 1015 qui
1145 951 1338 1020 dignus
1360 953 1623 1007 habeatur
1650 972 1662 1007 :
1690 971 1882 1010 servus
1898 974 2020 1011 cum
2046 958 2273 1011 Domino

696 1036 882 1091 lancea
911 1040 1150 1105 confodi,
1180 1044 1497 1112 sanguinem
1527 1048 1759 1101 miscens
1782 1049 2063 1119 sanguini:
2090 1050 2270 1112 homo,

699 1127 791 1182 Dei
838 1130 1117 1185 viventis?
1154 1134 1337 1188 Saneti
1390 1137 1493 1192 hoc
1537 1137 1735 1192 allectu
1770 1140 1938 1209 pleni.
1972 1140 2276 1207 gaudebant

698 1235 821 1273 cum
872 1220 1267 1277 dilaniarentur
1298 1245 1310 1279 :
1345 1228 1651 1296 gestiebant
1679 1246 1801 1281 cum
1848 1230 2089 1283 membra
2117 1245 2272 1285 seca-

700 1321 907 1364 rentur.
943 1314 1177 1367 Advenit
1228 1315 1408 1385 itaque
1454 1329 1510 1373 et
1558 1329 1805 1372 nostrum
1854 1321 2151 1390 gaudium:
2208 1336 2273 1376 ex

701 1411 855 1469 parte
891 1407 1081 1459 tentati
1134 1405 1334 1461 fuimus
1363 1427 1375 1463 :
1408 1419 1464 1463 et
1496 1411 1699 1463 utinam
1736 1422 2103 1465 consummata
2131 1423 2275 1467 esset

704 1495 952 1559 tentatio,
1014 1498 1181 1565 gratia
1221 1510 1273 1552 et
1305 1501 1636 1571 benignitate
1663 1502 1792 1556 Jesu
1824 1503 2025 1558 Christi
2063 1505 2271 1559 Domini

699 1585 917 1639 nostri!
985 1602 1083 1655 per
1135 1591 1363 1657 gratiam
1416 1594 1561 1645 enim
1621 1593 1841 1647 victoria
1901 1597 2177 1666 contingat
2216 1597 2273 1650 in

699 1691 1026 1745 quocunque
1052 1696 1066 1731 :
1097 1688 1153 1732 ut
1178 1696 1282 1733 non
1311 1680 1568 1750 glorietur
1589 1685 1871 1755 quisquam
1896 1688 2046 1756 quasi
2074 1688 2272 1757 aliquid

699 1781 767 1819 cx
788 1782 846 1820 se
880 1768 1077 1823 habeat
1110 1773 1249 1824 :‘sed
1288 1775 1348 1825 ut
1387 1772 1478 1825 Dei
1514 1774 1944 1830 misericordiam
1976 1779 2027 1831 in
2054 1777 2273 1833 Christo

2375 592 2525 655 (erat
2557 592 2625 646 ἐν
2651 592 2856 662 μέλος,
2883 592 3197 661 συγχαίρει
3228 589 3426 644 πάντα
3458 590 3527 642 τὰ
3545 589 3722 656 μέλη.
3756 587 3966 655 Ζήτει,

2376 684 2528 752 φησι,
2588 685 2657 736 τὰ
2713 683 3031 751 λειπόμενα,
3087 679 3482 751 ὲμπτύσματα,
3532 675 3963 744 κολαφίσματα,

2373 776 2523 838 τέλος
2546 775 2638 827 τὸν
2670 772 2933 843 σταυρόν·
2968 772 3094 833 τοὺς
3120 770 3343 837 γλυκεῖς
3372 785 3463 836 μοι
3490 767 3727 837 Χριστοῦ
3758 766 3963 836 ἥλους

2373 858 2453 926 οἷς
2477 864 2560 925 τίς
2586 862 2653 915 ἂν
2684 859 3051 928 καταξιωθείη
3097 857 3547 928 συσταυρωθῆναι
3571 871 3584 883 ⁸
3617 854 3969 923 συλλογχευο

2376 952 2533 1021 θῆναι
2559 950 2741 1011 δοῦλος
2772 949 3050 1018 Δεσπότῃσ
3106 947 3259 1017 μίξαι
3298 940 3438 1015 αἷμα
3470 944 3688 1014 αἵματι·
3728 942 3969 1011 ἀνθρω⁴

2376 1059 2496 1105 πος,
2528 1040 2663 1093 Θεοῦ
2696 1039 2791 1093 τοῦ
2838 1039 3073 1104 ζῶντος;
3102 1037 3340 1109 Τοιαύτη
3367 1036 3605 1090 διαθέσει
3638 1033 3971 1105 χωροῦντες

2374 1133 2425 1184 οί
2454 1132 2600 1197 ἆγιοι
2628 1130 2849 1201 ἔχαιρον
2879 1129 3204 1198 κοπτόμενοι
3225 1128 3442 1197 ’ἥδοντο
3465 1122 3967 1196 μελοτομούμενοι.

2380 1220 2626 1289 Ἐφθασε
2651 1219 2941 1291 τοιγαροῦν
2974 1221 3069 1272 καὶ
3096 1221 3128 1288 ή
3162 1219 3409 1288 ἡμετέρα
3440 1216 3582 1287 χαρά
3606 1231 3620 1246 ·
3656 1216 3718 1268 ὲκ
3745 1214 3971 1285 μέρους

2375 1310 2748 1381 ἐπειράθημεν
2766 1327 2778 1340 ο
2828 1311 2942 1378 εῐγε
2969 1310 3063 1362 καὶ
3095 1309 3494 1379 πειραθείημεν
3516 1306 3727 1359 τέλεον⁶
3762 1305 3971 1374 χάριτι

2376 1402 2471 1451 καὶ
2500 1400 2885 1470 φιλανθρωπίᾳ
2923 1398 3096 1468 Ἰησοῦ
3124 1397 3362 1468 Χριστοῦ
3393 1396 3487 1450 τοῦ
3522 1396 3727 1466 Κυρίου
3753 1393 3967 1464 ήμῶν]

2376 1490 2455 1559 Τῇ
2492 1490 2599 1560 γὰρ
2633 1491 2815 1561 χάριτι
2861 1492 2945 1561 εἴη
2981 1490 3045 1543 τὸ
3073 1493 3219 1552 νῖκος
3246 1489 3331 1557 ἐφ’
3358 1487 3562 1559 ὁτῳοῦν
3584 1502 3598 1516 ·
3629 1486 3717 1540 ἴνα
3749 1485 3824 1555 μή
3870 1500 3972 1546 τις

2376 1583 2721 1651 καυχήσηται
2746 1582 2958 1635 οἴκοθέν
2985 1598 3040 1634 τι
3067 1581 3246 1652 ἔχειν’
3265 1580 3406 1633 ὥστε
3428 1579 3658 1649 ἕλκομεν
3679 1576 3771 1629 τὸν
3798 1575 3973 1627 ἔλεον

2375 1670 2511 1723 Θεοῦ
2544 1673 2603 1724 εν
2637 1671 2858 1743 Χριστῷ
2898 1671 3112 1742 Ἰησοῦ,
3167 1670 3257 1725 διὰ
3298 1670 3396 1740 τῆς
3444 1664 3975 1737 ταπεινοφροσύνης

2376 1762 2471 1814 καὶ
2502 1762 2760 1833 ἐνεργοῦς
2791 1763 3191 1833 πεποιθήσεως.
3214 1762 3285 1814 El
3311 1779 3404 1827 τις
3426 1756 3539 1815 οὖν
3567 1758 3975 1827 παράκλησις

702 1854 834 1909 Jesu
887 1871 1286 1925 consequamur
1318 1875 1415 1928 per
1447 1862 1615 1915 animi
1658 1864 2044 1919 demissionem
2075 1875 2130 1920 et
2160 1867 2277 1921 elli-

2383 1853 2447 1905 ὲν
2491 1853 2761 1920 Χριστῷο
2810 1855 2867 1907 et
2916 1870 2971 1908 τι
3016 1853 3393 1922 παραμύθιον
3440 1850 3712 1918 ἀγάπης·
3771 1848 3828 1902 εἰ
3864 1864 3974 1913 τις

702 1959 885 2001 cacem
906 1946 1309 2002 conﬁdentiam.
1329 1949 1385 2004 Si
1402 1969 1504 2020 qua
1525 1969 1645 2023 ergo
1668 1958 1950 2017 consolatio
1973 1958 2027 2010 in
2047 1957 2274 2021 Christo.

702 2038 749 2091 si
776 2039 912 2106 quod
940 2039 1187 2093 solatium
1233 2041 1527 2106 cltaritatis,
1554 2046 1599 2097 si
1628 2064 1731 2115 qua
1776 2051 1995 2102 societas
2038 2050 2179 2117 ﬁdei,
2230 2053 2278 2105 si

703 2145 808 2199 qua
829 2131 1028 2182 uiscera
1043 2144 1089 2184 et
1112 2132 1488 2196 miserationes.
1510 2137 1717 2203 implete
1732 2141 1985 2208 gaudium
2008 2159 2179 2195 meum
2196 2145 2239 2175 "°
2260 2162 2275 2211 ;

708 2224 768 2267 ut
809 2230 910 2285 ego
954 2217 1119 2271 miser
1160 2234 1285 2273 cum
1337 2221 1597 2289 Apostolo
1652 2225 1865 2279 dicam:
1895 2227 2041 2281 Idem
2086 2231 2274 2299 sapite,

705 2308 943 2360 eamdem
1028 2310 1337 2363 eharitatem
1410 2314 1682 2377 habentes,
1791 2320 2091 2385 unanimes,
2174 2322 2277 2373 idi-

704 2412 853 2459 psum
901 2400 1197 2465 sentientes,
1259 2402 1388 2454 nihil
1417 2420 1509 2471 per
1566 2408 1945 2460 contentionem
1999 2426 2161 2478 neque
2188 2428 2279 2479 per

704 2486 916 2540 inanem
957 2488 1182 2563 gloriam
1209 2491 1275 2553 τί,
1327 2492 1562 2547 invicem
1594 2496 1967 2553 adversantes.
2003 2498 2275 2555 Interdum

706 2578 850 2631 enim
886 2578 939 2633 in
970 2579 1034 2633 iis
1080 2581 1246 2635 etiam
1275 2598 1395 2651 quae
1438 2600 1536 2652 pro
1579 2586 1776 2654 pietate
1817 2600 2079 2659 geruntur
2100 2603 2278 2647 certa-

706 2668 947 2722 minibus
975 2670 1264 2737 aucupatio
1296 2670 1591 2739 primarum
1628 2674 1859 2741 partium
1886 2685 1942 2731 et
1977 2678 2277 2746 pervicacia

706 2759 1111 2813 contentionem
1144 2761 1378 2830 obrepit.
1421 2760 1527 2817 Vos
1556 2779 1684 2816 vero
1708 2775 1961 2833 tanquam
2000 2770 2088 2821 Dei
2119 2770 2280 2823 minio

707 2848 846 2914 atri;
882 2865 1006 2903 nam
1042 2851 1093 2905 in
1122 2868 1351 2921 persona
1386 2864 1473 2907 tua
1505 2871 1600 2909 eos
1626 2859 2012 2925 comprehendi
2046 2861 2167 2915 volo
2186 2863 2278 2931 qui

708 2947 967 3005 praesunt,
999 2940 1202 3009 quique
1247 2942 1386 2997 hanc
1426 2945 1710 3013 epistolam
1760 2947 1990 3018 legerint
2022 2968 2035 3004 :
2065 2950 2278 3005 Nemini

707 3028 891 3081 dantes
944 3030 1109 3083 ullam
1150 3034 1499 3101 oﬂ'ensionem,
1555 3046 1611 3090 ut
1660 3039 2011 3093 ministerium
2053 3052 2280 3095 uestrum

709 3131 811 3168 non
833 3117 931 3183 ﬁat
961 3120 1301 3184 vituperabile
1322 3122 1387 3173 ".

778 3207 853 3261 De
884 3209 990 3263 illis
1015 3220 1193 3265 autem
1234 3229 1371 3282 quos
1420 3216 1610 3271 scribis
1642 3219 1771 3272 mihi
1800 3222 2003 3275 erroris
2028 3222 2109 3276 sui
2163 3239 2281 3293 pae-

708 3294 938 3350 nitentia
974 3299 1096 3353 duci
1132 3320 1143 3353 :
1180 3317 1303 3372 erga
1327 3320 1422 3357 eos
1444 3306 1535 3374 qui
1564 3307 1629 3359 de
1654 3322 1881 3378 corpore
1913 3321 2101 3367 nostro
2132 3324 2280 3380 sunt,

708 3390 904 3444 medici
930 3407 1138 3456 sumus.
1164 3396 1412 3463 quamvis
1434 3397 1659 3468 indigni.
1680 3399 1851 3464 Quam
1876 3402 2037 3471 igitur
2067 3420 2281 3472 pinnam

710 3479 913 3545 Oresti,
943 3483 1033 3552 qui
1067 3484 1133 3537 ad
1174 3502 1272 3539 nos
1307 3487 1413 3541 huc
1445 3491 1610 3554 venit,
1646 3506 1741 3561 per
1771 3490 1965 3547 fratres
1992 3491 2285 3552 indiximus

711 3574 937 3642 (neque
978 3574 1123 3628 enim
1156 3579 1452 3633 convenire
1511 3581 1708 3635 multas
1754 3583 1825 3637 ob
1874 3599 2066 3640 causas
2110 3587 2285 3641 visum

712 3674 817 3725 est,
854 3674 911 3717 ut
934 3667 987 3717 In
1016 3678 1371 3736 conspectum
1402 3683 1645 3725 nostrum
1678 3674 2117 3748 admitteretur),
2146 3677 2288 3733 hanc

712 3753 961 3805 eamdem
991 3762 1045 3807 et
1088 3758 1267 3809 caeteri
1295 3758 1592 3827 suscipiant
1622 3778 1636 3814 :
1684 3762 1938 3817 nimirum
1973 3776 2032 3820 ut
2084 3766 2286 3821 sanctis

714 3844 987 3911 mysteriis
1040 3861 1146 3898 non
1179 3849 1503 3917 participent
1540 3869 1553 3916 ;
1594 3867 1700 3906 una
1726 3869 1850 3908 eum
1875 3856 1996 3910 aliis
2023 3858 2285 3912 observa-

715 3934 975 3989 tionibus.
1015 3937 1305 4007 Quousque
1342 3940 1602 3994 tandem?
1638 3959 1812 4012 rogas.
1862 3945 2047 4011 Quoad
2094 3950 2287 4004 ortho-

714 4024 867 4078 doxa:
890 4025 1009 4078 lidei
1039 4029 1401 4095 tranquillitas
1439 4032 1642 4085 redeat.
1668 4018 1727 4085 Si
1746 4050 1891 4089 mors
1920 4038 2242 4095 interveniat
2268 4079 2285 4105 ,

715 4114 912 4183 inquit,
977 4118 1401 4172 communicent.
1462 4119 1769 4176 Remissum
1835 4125 1943 4181 illis
1998 4138 2283 4197 peccatum

715 4205 1061 4259 arbitramur.
1118 4208 1272 4271 Quod
1309 4223 1439 4261 vero
1484 4209 1822 4280 signiﬁcasti,
1866 4230 1961 4270 vos
2003 4216 2069 4271 de
2103 4218 2203 4272 hac
2232 4228 2286 4273 et

716 4294 804 4347 illa
837 4310 894 4348 re
926 4294 1067 4348 inter
1094 4312 1187 4349 vos
1203 4298 1463 4352 dissidere
1486 4318 1497 4353 :
1524 4300 1689 4354 tollite
1706 4306 2033 4371 quaestiones
2054 4318 2282 4374 vestras,

721 4395 775 4439 et
812 4395 1055 4440 mutuam
1100 4402 1285 4455 pacem
1326 4386 1599 4445 habetote.
1640 4392 1755 4446 Non
1796 4393 1936 4449 sicut
1978 4397 2029 4450 hi
2082 4400 2173 4467 qui
2214 4401 2282 4454 ab

2378 1944 2657 1997 κοινωνία
2709 1946 2967 2009 πίστεως
2993 1960 3008 1974 ο
3058 1944 3113 1996 ει
3160 1959 3295 1998 τινα
3342 1939 3668 2008 σπλάγχνα
3721 1936 3820 1990 καὶ
3872 1938 3975 1989 οι-

2377 2032 2629 2101 κτιρμοί,
2689 2032 3048 2100 πληρώσατέ
3101 2049 3222 2102 μου
3267 2029 3383 2098 τὴν
3435 2028 3665 2099 χαράν-⁸
3717 2026 3816 2080 σὺν
3876 2025 3976 2095 τῷ

2392 2125 2699 2194 Ἀποστόλῳ
2727 2127 2755 2178 ὀ
2781 2125 2951 2188 τάλας
2985 2125 3200 2192 λέγειν·
3244 2123 3314 2176 Τὸ
3340 2120 3488 2176 αὐτὸ
3529 2118 3794 2189 φρονεῖν,
3831 2116 3974 2185 τὴν

2378 2216 2573 2283 αὐτὴν
2612 2216 2857 2287 ἀγάπην
2893 2218 3139 2285 ἔχοντες
3162 2231 3178 2246 ο
3212 2214 3530 2283 σύμψυχοι
3553 2226 3567 2239 ·
3616 2210 3681 2263 τὸ
3706 2208 3777 2262 ἐν
3802 2224 3971 2277 φροο

2377 2309 2661 2373 νοῦντες·
2687 2308 2883 2377 μηδὲν
2910 2310 3034 2361 κατ’
3064 2307 3323 2375 ἐρίθειακ
3355 2305 3394 2372 ἢ
3426 2301 3782 2366 κενοδοξίαν
3802 2302 3976 2353 ἀντι-

2379 2399 2708 2468 πράττοντες
2728 2436 2743 2462 ,
2772 2397 2866 2449 καὶ⁵
2892 2395 3401 2465 ἁντικαθιστάμινοι
3428 2393 3699 2462 ἀλλήλοις.
3727 2391 3973 2455 “hunc

2379 2492 2492 2560 γὰρ
2537 2494 2630 2542 καὶ
2662 2490 2750 2541 ἐπ’
2799 2488 2978 2541 αὐτῶν
3006 2486 3116 2539 τῶν
3155 2487 3293 2556 ὑπὲρ
3320 2484 3597 2547 εὺσεσείας
3624 2479 3853 2551 ἀγώνων
3898 2481 3974 2534 τὸ

2381 2581 2721 2649 φιλόπρωτον
2748 2578 2843 2631 καὶ
2876 2577 3178 2646 φιλόνεικον
3210 2575 3581 2647 παρεισδύειν.
3624 2574 3764 2628 Ἀλλ’
3792 2574 3973 2643 ὑμεῖς

2380 2673 2457 2735 ὡς
2484 2670 2618 2723 Θεοῦ
2653 2669 2891 2723 διάκονοι
2938 2667 3496 2738 (συμπαραλαμϐάνω
3539 2666 3649 2735 γὰρ
3675 2665 3753 2735 τῷ
3780 2680 3975 2733 προσ-

2379 2761 2515 2832 ώπῳ
2558 2778 2651 2815 σου
2685 2761 2810 2823 τοὺς
2840 2760 3205 2831 ὑπερέχοντας
3228 2799 3244 2822 ,
3295 2759 3346 2812 οἶ
3396 2760 3491 2812 καὶ
3534 2760 3817 2827 ἀναγνοῖεν
3854 2758 3974 2829 τήν

2381 2851 3042 2922 ἑπιστολὴν),Μηδεμιαν
3077 2851 3149 2904 ἐν
3187 2849 3405 2920 μηδενί
3448 2848 3649 2915 δοίητε
3691 2862 3978 2915 προσκο-

2381 2944 2528 3013 πὴγ,
2561 2945 2661 2998 ἵνα
2680 2943 2766 3012 μὴ
2786 2940 3037 3012 μωμητὴ
3063 2942 3100 3011 η
3129 2926 3407 2995 διακονία
3435 2937 3603 3010 ὑμῶν
3625 2937 3884 3009 γένοιτο.

2462 3207 2597 3276 Περί⁵
2629 3200 2703 3260 ὧν
2729 3205 2975 3276 ἔγραψάς
3018 3222 3109 3273 μοι
3148 3205 3207 3259 ὲν
3239 3203 3499 3283 μετανοίᾳ.
3520 3202 3799 3271 γεγονέναι
3820 3218 3833 3230 ·
3880 3206 3981 3266 εἰς

2385 3298 2509 3359 τοὺς
2543 3297 2637 3349 τοῦ
2684 3296 2933 3365 σώματος
2981 3294 3158 3364 ἡμῶν,
3191 3296 3239 3346 εἰ
3290 3294 3384 3347 καὶ
3426 3293 3661 3360 ἀνάξιοι,
3705 3293 3822 3348 ἀλλ’
3861 3291 3981 3349 οὖν

2385 3393 2546 3461 ἡμεῖς
2612 3388 2806 3459 ἰατροί.
2865 3389 2930 3441 '0
2980 3386 3158 3439 τοίνυν
3224 3385 3506 3456 ἐδώκαμεν
3559 3387 3829 3456 ἐπιτίμιον
3882 3389 3983 3459 τῷ

2398 3484 2627 3553 Ὀρέστῃ
2652 3480 2860 3534 ἐλθόντι
2893 3477 3123 3532 ἐνταῦθα
3144 3517 3160 3541 ,
3207 3477 3295 3530 διὰ
3325 3478 3515 3547 φωνῆς
3557 3478 3663 3530 τῶν
3711 3477 3983 3547 ἀδελφῶν

2386 3574 2530 3644 (οὐδὲ
2574 3575 2683 3644 γὰρ
2712 3571 3050 3641 κεκρίκαμεν
3082 3563 3142 3622 εὖ
3192 3568 3337 3637 ἔχειν
3378 3568 3764 3637 συνοψισθῆναι
3809 3571 3984 3641 αὐτῷ

2385 3665 2472 3718 διὰ
2495 3664 2667 3717 πολλὰ
2692 3664 2886 3733 αῐτια),
2914 3661 3071 3715 τοῦτο
3118 3662 3296 3731 σχοῖεν
3324 3659 3417 3712 καὶ
3442 3660 3492 3712 οἰ
3517 3660 3720 3714 λοιποί·
3753 3663 3984 3731 ἀμετά-

2386 3772 2516 3826 χους
2576 3749 2718 3809 εἶναι
2767 3754 2875 3808 τῶν
2926 3753 3318 3823 ἁγιασμάτων’
3364 3752 3461 3805 καὶ
3514 3753 3573 3805 ιν
3615 3755 3726 3815 τοίς
3774 3753 3983 3821 ἀλλοις

2388 3847 2879 3918 παρατηρήμασιν.
2918 3845 3161 3914 Ἐρωτᾷς
3206 3844 3311 3907 ἕως
3350 3842 3521 3906 wore;
3570 3842 3673 3903 ἕως
3720 3842 3785 3895 ἂν
3821 3842 3983 3897 ἀνα-

2386 3940 2574 4011 idem
2619 3940 2653 4008 ή
2701 3941 2802 4007 τῆς
2850 3936 3157 4010 ὀρθοδοξίας
3204 3935 3414 4007 αἰθρία.
3460 3934 3554 3997 Εἰ,
3587 3935 3754 4019 φησί,
3804 3934 3986 4005 τύχοι

2387 4035 2645 4097 θάνατος
2662 4029 3128 4084 Κοινωνείτωσαν.
3145 4027 3482 4099 Πιστεύομεν
3503 4025 3986 4096 συγκεχωρῆσθαι

2387 4126 2570 4188 αὐτοῖς
2600 4124 2661 4177 τὺ
2703 4122 3029 4194 ἁμάρτημα.
3078 4121 3297 4191 Ἐπειδὴ
3333 4120 3389 4175 δὲ
3436 4122 3761 4191 γέγραφας,
3801 4118 3987 4173 τοῦτο

2387 4216 2607 4269 κάκεῖνο
2628 4213 2964 4268 ἀντιλεκτείν
2994 4212 3137 4281 ὑμᾶς
3168 4212 3305 4281 πρὸς
3340 4211 3608 4281 ἀλλήλους
3634 4227 3647 4240 ·
3674 4207 3984 4265 διαλύεσθε

2387 4306 2494 4359 τῶν
2519 4304 2926 4376 προσλημάτων
2958 4302 3133 4373 ὑμῶν,
3166 4303 3261 4354 καὶ
3286 4302 3601 4373 εἰρηνεύετε
3632 4303 3689 4355 ὲν
3720 4301 3984 4364 ἑαυτοῖς.

2388 4400 2501 4469 Οὐχ
2521 4399 2597 4462 ὡς
2622 4398 2673 4451 οἰ
2698 4396 2757 4462 ὲξ
2786 4396 3052 4466 αἱρέσεως
3086 4393 3527 4465 ἐπιστρέφοντες,
3555 4391 3700 4448 οὗτοι
3726 4392 3979 4446 δεκτέοι·

718 4475 910 4529 haeresi
928 4486 1340 4543 convertuntur,
1373 4480 1664 4549 recipiendi
1692 4493 1818 4537 sunt
1836 4485 1921 4539 isti
1942 4504 1956 4551 ;
1975 4504 2279 4559 quanquam

2390 4492 2547 4561 εἰπερ
2575 4490 2736 4543 κάκεῖ
2770 4488 3155 4557 παρατήρησις
3183 4485 3451 4555 διαφορᾶς
3484 4485 3544 4537 οὐ
3568 4485 3667 4554 τῆς
3690 4482 3987 4555 τυχούσης

716 4577 773 4622 et
812 4567 918 4621 illic
949 4584 1165 4638 quoque
1194 4586 1301 4624 non
1335 4571 1450 4626 leve
1489 4572 1780 4629 discrimen
1811 4587 1892 4632 est
1932 4580 2094 4649 hujus
2122 4583 2187 4636 ad
2221 4584 2277 4636 il-

719 4657 822 4712 lam
854 4674 869 4720 ;
918 4660 1009 4713 sed
1045 4667 1296 4727 tanquam
1335 4666 1426 4731 qui
1463 4679 1658 4718 nomen
1692 4666 1899 4721 Domini
1941 4670 2282 4741 abnegarint,

717 4749 831 4804 sive
863 4750 925 4803 ad
953 4752 1071 4819 ejus
1109 4752 1521 4822 abnegationem
1570 4753 1996 4814 Christomachis
2041 4778 2285 4817 commu-

719 4839 971 4905 nicarint,
1004 4856 1098 4895 seu
1126 4851 1275 4896 metu
1315 4844 1489 4898 adacti
1526 4861 1620 4900 seu
1648 4848 1805 4901 aliam
1838 4850 1907 4903 ob
1936 4867 2174 4906 causam.
2204 4854 2282 4907 Ad

720 4928 883 4997 hujus
899 4931 1041 4984 enim
1073 4932 1484 5003 abnegationem
1510 4938 1796 4993 manifesto
1817 4944 2289 4999 communicarent

722 5031 963 5075 sanctam
1010 5025 1128 5093 ejus
1160 5025 1446 5095 imaginem
1484 5030 1808 5099 negantibus
1846 5050 1859 5085 :
1911 5034 2037 5101 quia
2074 5037 2288 5107 negatio

724 5113 972 5181 imaginis
1026 5115 1092 5169 ad
1146 5125 1486 5188 prototypum
1522 5122 1733 5186 transit,
1783 5132 1842 5177 ut
1892 5124 2134 5180 clamans
2175 5129 2290 5182 cla-

724 5216 837 5259 mat
860 5206 923 5260 ⁷².
961 5206 1065 5260 Nec
1090 5209 1246 5263 aliter
1275 5225 1334 5265 se
1365 5227 1453 5265 res
1482 5212 1662 5277 habet,
1694 5216 1904 5270 tametsi
1936 5218 2283 5288 negationem

724 5296 935 5351 elevare
988 5299 1205 5368 quidam
1266 5302 1453 5355 velint.
1493 5302 1547 5356 Si
1594 5320 1722 5376 ergo
1771 5322 1878 5360 non
1932 5308 2085 5377 prius
2145 5319 2292 5364 recte

721 5389 1043 5452 sentientes,
1066 5406 1168 5445 nec
1194 5393 1476 5447 veritatem
1501 5394 1698 5461 edocti,
1722 5398 1814 5451 sed
1848 5398 2031 5453 divina
2057 5400 2289 5469 quadam

717 5478 1056 5546 providentia
1084 5481 1325 5538 veritatis
1350 5483 1552 5538 lumine
1572 5486 1818 5540 illustrati
1856 5488 1921 5542 ad
1954 5505 2055 5543 nos
2085 5506 2287 5545 convo-

717 5567 923 5621 lassent
956 5589 968 5623 :
1008 5570 1112 5624 alia
1157 5572 1295 5625 ratio
1338 5584 1503 5636 esset,
1542 5591 1643 5630 nec
1688 5584 1891 5632 temere
1943 5594 2038 5633 eos
2077 5582 2283 5636 admitti

721 5670 1010 5729 oporteret,
1050 5661 1151 5715 nisi
1193 5678 1256 5717 ex
1286 5663 1640 5732 plurimorum
1693 5668 2118 5723 orthodoxorum
2156 5686 2285 5723 con-

2391 4580 2554 4650 τῆσδε
2592 4580 2725 4650 πρὸς
2752 4578 2909 4649 τήνδε
2936 4593 2950 4607 '
3001 4577 3119 4630 ἀλλ’
3164 4578 3241 4641 ὡς
3279 4577 3649 4648 ἀρνησάμενοι
3691 4577 3752 4629 τὸ
3789 4578 3988 4648 δνομα

2393 4671 2621 4742 Κυρίου,
2647 4671 2765 4740 ήτοι
2807 4669 2901 4722 ἰπὶ
2944 4673 3010 4739 τῇ
3044 4669 3272 4740 ἀρνήσει
3302 4668 3468 4722 αὑτοῦ
3496 4668 3982 4738 κεκοινωνηκότες

2388 4766 2500 4827 τοῖς
2528 4761 2925 4833 Χριστομάχοις
2953 4759 3040 4812 διὰ
3080 4759 3246 4827 φόόον
3280 4760 3316 4829 ἡ
3358 4776 3482 4813 τινα
3524 4759 3693 4831 ἀλλην
3726 4760 3985 4830 περιπέ-

2391 4870 2563 4906 τειαν.
2600 4848 2725 4904 Ἐπὶ
2748 4851 2856 4921 γὰρ
2890 4852 2955 4919 τῇ
2990 4850 3220 4919 ἀρνήσει
3246 4849 3412 4904 αὑτοῦ
3440 4841 3811 4921 ἐκοινώνησαν
3838 4867 3986 4921 προ-

2392 4944 2569 5013 δήλως
2605 4940 2931 5011 ἠρνημένοις
2961 4940 3061 5009 τὴν
3102 4939 3261 5007 ἁγίαν
3290 4940 3456 4993 αὐτοῦ
3488 4940 3696 4993 εἰκόνα.
3737 4939 3805 4991 Ἡ
3859 4941 3982 5012 γὰρ

2393 5032 2491 5101 τῆς
2521 5031 2726 5093 εἰκόνος
2756 5030 2984 5098 ἄρνησις
3014 5028 3109 5081 ἐπὶ
3153 5028 3216 5082 τὸ
3252 5030 3612 5100 πρωτότυπον
3652 5027 3979 5094 ἀναϐαίνει,

2396 5123 2472 5185 ὡς
2518 5121 2618 5193 βοᾷ
2661 5123 2690 5173 ὁ
2738 5119 2895 5190 βοῶν.
2932 5120 3042 5173 Καὶ
3076 5120 3175 5173 οὐκ
3202 5121 3347 5175 ἐστιν
3380 5121 3638 5184 ἀλλοίωςυ
3682 5120 3783 5174 κάν
3821 5138 3983 5186 τινες

2394 5212 2714 5283 σμικρύνειν
2752 5210 2852 5280 τὴν
2878 5210 3104 5283 ἄρνησιν
3146 5211 3440 5282 βούλοιντο.
3477 5214 3541 5267 Εἰ
3567 5213 3662 5267 οῦν
3693 5212 3768 5284 μὴ
3803 5216 3980 5286 ὀρθο-

2391 5302 2667 5368 δοξοῦντες
2688 5302 2748 5355 τὸ
2779 5301 2945 5373 πρότε
2956 5318 3069 5372 ρον,
3087 5301 3220 5373 μηδὲ
3244 5302 3546 5373 μυηθέντες
3563 5306 3661 5375 τὴν
3680 5304 3978 5375 ἀλήθειαν,

2392 5397 2456 5448 ὲκ
2488 5394 2638 5457 θείας
2669 5393 2929 5465 προνοίας
2948 5394 3313 5463 αὖγασθέντες
3328 5395 3560 5468 τάληθὲς
3580 5399 3979 5471 μετεπήδησαν

2390 5488 2472 5551 είς
2528 5488 2698 5558 ἡμᾶς,
2750 5486 2926 5551 ἄλλως
2973 5482 3124 5557 εἶχε·
3178 5487 3462 5553 κάκείνους
3519 5491 3617 5560 οὐχ
3663 5490 3738 5555 ὡς
3806 5491 3979 5563 ἔτυχε

2392 5576 2772 5645 προσδεκτέον,
2799 5578 2848 5630 εἰ
2881 5577 2956 5646 μὴ
2989 5577 3078 5631 διὰ
3113 5576 3383 5632 πλείστων
3416 5580 3711 5649 ὀρθοδόξων
3736 5598 3979 5652 συμφωο

2393 5670 2599 5738 νήσεως
2624 5686 2638 5698 ’
2672 5669 2745 5732 ὡς
2772 5669 3076 5740 δεδήλωκεν
3120 5673 3147 5723 ὁ
3181 5670 3323 5735 θεῖος
3357 5673 3634 5739 Βασίλειος
3666 5676 3801 5749 πρὸς
3836 5676 3974 5740 τοὺς

784 5776 829 5810 ⁸³
867 5776 887 5830 l
928 5777 1051 5833 Cor.
1086 5796 1182 5845 xu,
1229 5781 1393 5847 2,26.
1471 5785 1513 5815 π’
1555 5784 1785 5854 Philipp.
1826 5801 1880 5851 ιι,
1914 5784 1959 5851 l,
1986 5784 2041 5838 2.
2118 5787 2157 5817 ⁷³
2194 5787 2279 5841 ibi.

2383 5791 2407 5843 ι.
2486 5789 2526 5830 ³³
2562 5787 2607 5842 ll
2630 5788 2755 5844 Cor.
2791 5808 2863 5857 vt,
2890 5793 2941 5847 3.
3019 5793 3061 5824 ⁷³
3096 5789 3151 5847 S.
3212 5792 3460 5849 Basilius.
