4164 6512
257 433 279 498 1
300 433 398 500 149
1442 451 1901 517 EPISTOLARI

1857 458 1979 518 ,ΗΜ
2029 463 2174 523 LIB.
2235 467 2308 526 Π.
3366 466 3501 529 1150

252 552 318 604 ἐν
347 549 748 619 Μεσοποταμίᾳ
772 552 828 617 ἐξ
853 552 1129 620 Αἰγύπτου
1161 560 1626 628 περιωρισμένους
1648 576 1662 589 ⁸
1701 561 1829 613 καθ·
1856 568 1896 623 Α

1856 568 1900 623 Α
1931 579 2092 621 sensu
2131 589 2142 623 :
2179 584 2238 625 ut
2265 571 2483 625 divinus
2510 570 2737 624 Basilius
2764 570 2922 626 docet
2946 571 3014 637 ",
3043 572 3110 627 ad
3131 588 3225 628 eos
3253 575 3497 630 scribens

252 642 567 710 απτόμενος
594 642 773 694 αὐτῶν
803 645 859 696 ὲν
890 643 967 713 τῷ
999 646 1324 714 ἀφυλάκτως
1351 651 1752 720 προσήκασθαι.

1929 659 2020 725 qui
2057 660 2110 713 in
2141 661 2579 731 Mesopotamiam
2623 663 2838 716 fuerant
2878 665 3096 734 relegati
3124 681 3190 719 ex
3222 666 3454 737 ἐξεγριο
3484 687 3496 722 ;

1928 751 2298 822 perstringens
2326 753 2447 805 illos
2477 754 2620 822 quod
2653 763 2852 806 temere
2878 754 3250 808 admitterent.

327 821 398 872 Ἦ
431 819 677 890 ἀγνοεῖτε
703 821 731 873 δ
761 838 925 892 φησιν
950 826 978 877 ὁ
1007 825 1167 889 αὐτὸς
1200 826 1389 897 Πατὴρ
1420 829 1476 880 ἐν
1507 831 1669 901 ἑτέρᾳ
1699 835 1822 886 ἐπι-

1998 839 2078 891 An
2109 819 2328 895 nescitis
2358 819 2649 911 quid—idem
2678 844 2835 897 Pater
2851 845 2997 898 dicat
3027 845 3080 897 in
3110 845 3213 898 alia
3237 846 3499 915 epistola?

250 913 452 982 στολῇ;
487 934 505 964 ‹
537 915 651 966 Οὐκ
694 910 810 969 οἶδα
839 916 1160 981 ἐπίσκοπον,
1197 920 1330 990 μηδὲ
1357 922 1726 994 ἀριθμήσαιμι
1767 927 1824 976 ἐν

1935 950 1952 981 ι
1988 929 2106 984 Non
2155 948 2390 1002 agnosco
2446 934 2788 1002 episcopum.
2843 951 2944 989 nec
3003 937 3144 990 inter
3209 939 3496 1008 episcotios

248 1003 573 1064 ἐπισκόποις
617 1003 707 1056 τὸν
760 1007 850 1057 ἐπὶ
895 1011 1242 1078 καταστροφῇ
1292 1009 1394 1080 τῆς
1441 1011 1676 1076 πίστεως
1718 1015 1823 1067 ὑπὸ

1927 1020 2079 1074 illum
2128 1023 2568 1088 adnumerarim,
2615 1026 2703 1093 qui
2755 1040 2785 1078 a
2834 1026 3075 1094 profanis
3131 1030 3381 1083 manibus
3424 1031 3491 1082 ad

245 1089 359 1185 1th
397 1089 641 1158 βεϐήλων
674 1093 874 1161 χειρῶν
921 1096 1259 1166 προαχθέντα
1306 1100 1385 1162 είς
1432 1102 1724 1173 προεδρίαν
1748 1122 1762 1136 ο
1796 1123 1814 1155 ι

1925 1111 2049 1165 fidei
2095 1113 2518 1169 destructionem
2559 1089 2759 1185 praesul
2789 1089 2996 1171 electus
3025 1130 3106 1172 est
3133 1121 3199 1172 ⁷⁵.
3238 1138 3258 1170 ι
3293 1121 3493 1184 Quales

245 1171 351 1229 οἷοί
381 1180 486 1231 εἰσι
516 1179 703 1245 τανῦν,
735 1183 794 1233 οὺ
825 1183 893 1234 δι’
922 1183 1178 1271 ἄγνοιαν,
1227 1188 1366 1241 ἀλλά
1389 1171 1488 1244 διάγ
1509 1171 1818 1263 φιλαρχίαν,

1925 1218 2071 1257 nunc
2100 1209 2356 1273 suntqui,
2391 1222 2497 1259 non
2534 1222 2630 1275 per
2651 1209 3033 1276 ignorantiam,
3060 1210 3156 1263 sed
3179 1211 3491 1264 dominandi

245 1266 626 1334 ἐπιπηδῶντες
656 1271 768 1332 τοῖς
817 1266 1061 1339 θρόνοιςο
1108 1274 1401 1344 προέμενοι
1445 1279 1715 1343 ἀκουσίως
1756 1280 1820 1353 [1⁸.

1924 1296 2126 1360 studio,
2178 1296 2232 1349 in
2285 1298 2443 1351 sedes
2489 1298 2771 1363 insiliunt,
2821 1300 3106 1352 veritatem
3153 1310 3345 1369 sponte
3395 1317 3492 1355 sua

247 1357 556 1429 ἑκουσίως]
607 1359 706 1430 τὴν
756 1361 1039 1431 ἀλήθειαν·
1067 1366 1160 1416 καὶ
1191 1367 1684 1438 ἀντιλαμϐάνοντες
1721 1374 1822 1443 τὴν

1923 1386 2238 1455 prodentes,
2277 1396 2332 1439 et
2368 1387 2576 1454 praemii
2623 1389 2740 1441 loco
2787 1388 3080 1456 impietatis
3127 1357 3491 1458 principatum

246 1451 348 1518 τῆς
398 1451 651 1514 ἀσεϐείας
697 1453 1010 1522 προεδρίαν.
1046 1457 1114 1507 El
1146 1455 1296 1510 κατὰ
1343 1456 1657 1527 ἄνθρωπον
1684 1462 1821 1528 ἐθη-

1923 1451 2270 1545 accipientes.
2301 1477 2358 1530 Si
2377 1480 2657 1530 secundum
2675 1479 2954 1537 hominem,
2983 1479 3158 1547 inquit
3183 1480 3491 1548 Apostolus.

239 1540 625 1608 ριομάχησα,
664 1539 828 1612 φησιν
879 1546 906 1595 ό
944 1544 1263 1608 ’Λπόστολος
1287 1587 1303 1612 ,
1342 1547 1413 1601 ἐν
1453 1549 1680 1618 Ἐςοέοῳ
1706 1591 1721 1617 ,
1761 1555 1821 1606 τι

1921 1569 1992 1620 ad
2038 1539 2228 1621 bestias
2288 1570 2517 1638 pugnavi
2568 1568 2776 1637 Ephesi,
2828 1571 2952 1639 quid
2985 1539 3111 1623 milii
3163 1539 3368 1639 prodest
3395 1539 3494 1624 ’δέ

241 1647 348 1698 μοι
375 1629 440 1682 τὸ
463 1631 678 1698 ὄφελος
699 1647 719 1694 ;
741 1633 898 1700 Λέγω
922 1635 1078 1702 κάγὼ
1100 1651 1114 1664 ο
1145 1636 1206 1689 Ei
1231 1636 1352 1690 καθ’
1383 1639 1527 1706 ὑμᾶς
1551 1642 1690 1710 μετὰ
1718 1644 1818 1713 τήν

1920 1660 2020 1714 Aio
2046 1669 2102 1714 et
2127 1675 2228 1728 ego
2258 1677 2274 1718 :
2307 1660 2362 1714 Si
2392 1672 2512 1730 post
2558 1662 2901 1732 negationem
2941 1664 3022 1717 vel
3055 1665 3490 1719 communionem

247 1721 480 1790 ἄρνησιν
537 1723 652 1792 ήτοι
699 1727 983 1777 κοινωνίαν
1041 1728 1149 1780 τῶν
1206 1730 1602 1802 Χριστομάχων
1656 1735 1818 1799 εὐθὺς

1920 1767 2045 1808 cum
2071 1752 2521 1818 Christomachis,
2563 1755 2696 1808 tales
2726 1756 2932 1818 statim,
2983 1757 3255 1814 sententia
3288 1769 3490 1821 vestra,

244 1813 455 1866 δεκτέοι
488 1814 582 1866 καὶ
613 1815 994 1886 ἀνεπιτίμητοι
1034 1820 1083 1869 οί
1112 1819 1378 1873 τοιοῦτοι·
1405 1821 1457 1874 τί
1492 1824 1671 1893 μάτην
1704 1841 1819 1877 κιν-

1851 1904 1891 1918 “
1921 1843 2037 1897 sine
2066 1859 2224 1913 poena
2256 1845 2548 1914 recipiendi
2587 1856 2713 1901 sunt
2739 1866 2752 1901 :
2775 1863 2870 1901 cur
2899 1847 3173 1903 incassum
3215 1851 3495 1918 periclitor

245 1905 456 1956 δυνεύω
485 1905 604 1957 καθ’
647 1907 885 1976 ἑκάστην
917 1909 1160 1980 ἡμέραν
1200 1913 1294 1964 καὶ
1339 1913 1412 1984 μὴ
1442 1915 1818 1986 αὐτομολήσας
1847 1904 1889 1963 Β

1851 1904 1893 1963 Β
1922 1936 1980 1990 in
2011 1936 2146 2000 dies,
2189 1950 2252 1989 ac
2281 1951 2389 1990 non
2419 1938 2598 2006 potius
2629 1939 2695 1992 ad
2744 1941 3089 1997 adversarios
3124 1942 3266 1995 ultro
3296 1957 3495 1997 occur-

246 1995 387 2064 πρὸς
428 1996 556 2059 τοὺς
606 1998 980 2064 ὑπεναντίους,
1032 1998 1187 2064 αὖθις
1239 2002 1328 2055 διὰ
1376 2007 1667 2073 μετανοίας
1705 2010 1818 2071 τοῖς

254 2086 268 2102 ι
317 2083 342 2102 Α
385 2085 466 2102 ...ρ
606 2088 617 2102 .
869 2091 880 2102 ,
1243 2092 1264 2102 -
1310 2093 1320 2102 .
1657 2100 1666 2102 μ
1767 2096 1790 2102 _

1920 2041 2066 2090 rens,
2100 2027 2421 2082 orthodoxis
2452 2027 2670 2094 iterum,
2704 2045 2826 2084 mox
2882 2042 2941 2086 ut
2980 2032 3106 2085 facti
3155 2032 3490 2102 pteuituerit,

244 2083 550 2154 όρθοδόξοις
595 2088 1000 2158 ἀνεπιτιμήτως
1034 2092 1419 2162 συνταχθείην;
1460 2094 1556 2163 Μὴ
1587 2096 1819 2150 πλανᾶ-

1918 2118 2035 2173 sine
2062 2133 2222 2187 paena
2253 2119 2358 2172 ulla
2383 2135 2468 2174 me
2499 2135 2726 2192 εδει-ρει)
2750 2122 2772 2174 ?
2797 2121 2972 2176 Nolite
2997 2126 3173 2177 seduci
3203 2141 3219 2178 :
3254 2141 3491 2178 corrum-

243 2180 378 2239 σθε,
397 2180 747 2247 φθείρουσιν
769 2180 883 2247 ἤθη
908 2183 1144 2249 χρηστὰ
1166 2185 1391 2251 ὁμιλίαι
1415 2187 1614 2240 κακαί.
1633 2188 1818 2258 Ἐκνή-

1917 2216 2046 2275 punt
2071 2207 2227 2260 bonos
2258 2223 2423 2262 mores
2443 2207 2698 2277 colloquia
2726 2226 2892 2276 prava
2917 2211 2984 2262 ’7.
3013 2209 3272 2281 Evigilatc
3302 2212 3355 2264 in
3381 2211 3490 2264 Do-

243 2270 382 2340 ψατε
413 2272 472 2323 ἐν
511 2273 716 2340 Κυρίῳ.
752 2272 851 2337 Τίς
880 2274 935 2326 δὲ
962 2277 1242 2328 κοινωνία
1288 2277 1435 2345 φωτί
1476 2278 1628 2346 πρὸς
1675 2281 1819 2334 σκό-

1917 2298 2087 2351 mino.
2126 2296 2253 2360 Quae
2303 2306 2483 2352 autem
2512 2301 2731 2352 societas
2774 2300 2879 2353 luci
2930 2301 2999 2353 ad
3029 2302 3268 2353 tenebras
3299 2303 3344 2333 ⁷⁸
3378 2319 3390 2354 :
3431 2311 3488 2355 ut

242 2378 370 2427 τος·
391 2363 478 2416 ἵνα
493 2365 558 2416 ἐκ
580 2364 926 2435 παραλλήλου
950 2364 1058 2417 τῶν
1073 2367 1116 2417 Χ
1126 2367 1470 2438 ριστομάχων
1487 2372 1552 2424 τὰ
1570 2371 1737 2440 ήμέτε
1748 2390 1815 2443 ρα

1916 2390 2456 2443 Christomachorum
2508 2389 2679 2444 instar
2729 2407 2816 2446 res
2866 2401 3063 2446 nostra:
3121 2394 3426 2462 dirigantur
3469 2396 3491 2447 ?

242 2456 517 2525 τηρῆται;
564 2456 638 2519 ὡς
671 2456 774 2520 ὅτι,
808 2459 991 2527 φησὶν,
1023 2459 1176 2511 αὐτοὶ
1231 2461 1358 2522 τοὺς
1405 2460 1465 2525 ἐξ
1504 2461 1815 2532 ὀρθοδοξίας

1916 2484 2183 2550 Quoniam
2207 2485 2331 2553 ipsi,
2362 2484 2631 2554 inquiunt,
2665 2500 2759 2539 eos
2784 2486 2874 2555 qui
2899 2486 2968 2539 ab
3003 2487 3301 2540 orthodoxa
3334 2496 3487 2556 parte

242 2547 380 2616 πρὸς
398 2547 596 2608 αὐτοὺς
620 2546 934 2616 χωροῦντας
959 2551 1102 2619 χαρᾷ
1125 2550 1535 2621 ἀνεπιτιμήτως
1563 2555 1816 2624 προσίεν-

1914 2578 2117 2632 adillos
2140 2586 2442 2639 transeunt,
2464 2593 2586 2632 cum
2611 2578 2826 2649 gaudio,
2865 2578 3008 2631 nulla
3041 2593 3200 2647 paena
3233 2579 3483 2648 irrogata,

239 2653 354 2690 ται.
381 2638 530 2690 Οὺά·
555 2638 674 2693 δέον
693 2636 787 2693 οὖν
816 2640 912 2692 καὶ
939 2642 1241 2709 στεφανοῦν
1258 2644 1405 2714 ἡμᾶς
1429 2638 1813 2716 τοὺςάρνητάς

1914 2670 2238 2738 suscipiunt.
2266 2671 2356 2724 Vae
2385 2687 2400 2735 ;
2447 2685 2576 2740 ergo
2604 2679 2657 2724 et
2684 2671 2978 2725 coronandi
3023 2678 3151 2723 sunt
3191 2670 3348 2723 nobis
3391 2685 3487 2722 ne-

237 2727 336 2782 τοῦ
389 2729 649 2800 Χριστοῦ,
707 2731 801 2784 καὶ
853 2731 1234 2800 σολυμνιάζειν
1285 2733 1360 2797 ὡς
1406 2735 1603 2788 ἐκεῖνοί
1663 2754 1814 2799 τινας

1913 2770 2125 2831 gatores
2152 2761 2374 2825 Christi,
2418 2771 2474 2815 et
2519 2761 2748 2815 solemni
2783 2763 2988 2815 honore
3017 2761 3305 2820 alliciendi.
3339 2771 3397 2815 ut
3419 2763 3486 2816 ab

238 2819 489 2873 ἐκείνων.
534 2820 822 2888 Ἀδελφοί,
856 2821 1061 2890 δέομαι
1096 2820 1283 2890 ὑμῶν,
1304 2823 1390 2891 μὴ
1418 2825 1628 2880 παιδία
1656 2828 1812 2895 τίνε-

1913 2853 2020 2906 illis
2066 2854 2283 2923 quidam
2327 2870 2518 2908 eorum
2556 2853 2732 2907 allecti
2773 2865 2918 2908 sunt.
2958 2854 3194 2918 Fratres,
3238 2871 3328 2905 oro
3372 2871 3483 2916 vos,

233 2917 351 2967 σθε
383 2912 514 2978 ταῖς
551 2914 770 2981 φρεσίν
790 2929 802 2944 ο
834 2913 969 2966 ἀλλά
999 2913 1306 2967 τελειοῦσθε
1334 2915 1421 2968 διὰ
1454 2918 1551 2986 τῆς
1579 2919 1812 2988 ἀληθοῦς

1914 2946 2072 2999 nolite
2116 2948 2265 3015 pueri
2315 2947 2443 3015 efﬁci
2469 2946 2701 3000 sensibus
2731 2947 2798 3010 ⁷⁸,
2830 2947 2924 3000 sed
2962 2962 3059 3015 per
3091 2962 3274 2999 veram
3304 2945 3484 3000 scien-

234 3007 610 3076 ἐπιγνώσεως.
650 3012 784 3081 Περὶ
822 3011 933 3064 τῶν
971 3011 1078 3075 ἔξω
1105 3012 1205 3083 τῆς
1235 3012 1594 3084 ἀδελφότητος
1630 3017 1808 3086 ήμῶν,

1912 3036 2042 3090 tiam
2096 3038 2437 3106 perticimini.
2471 3037 2546 3091 De
2586 3038 2672 3092 his
2695 3045 2876 3092 autem
2911 3038 3003 3107 qui
3048 3047 3198 3092 extra
3226 3038 3481 3090 fraterni-

231 3100 320 3164 τίς
374 3102 490 3172 είμι
544 3099 726 3155 δοῦναι
751 3101 947 3170 λόγονς
993 3103 1054 3155 El
1101 3103 1157 3154 δὲ
1204 3102 1300 3155 καὶ
1339 3105 1641 3173 ἀναγκάζοι
1689 3107 1804 3169 τίς·

1911 3137 2077 3182 tatem
2110 3139 2352 3183 nostram
2371 3138 2517 3193 sunt,
2543 3129 2667 3198 quis
2688 3145 2787 3199 ego
2818 3144 2937 3182 sum
2967 3138 3025 3182 ut
3052 3130 3213 3183 verba
3245 3129 3434 3180 faciam
3461 3130 3483 3180 ?

231 3191 423 3262 ἐπειδὴ
470 3193 508 3259 ἡ
560 3192 760 3262 ἀγάπη
795 3193 1087 3261 πλήρωμα
1132 3189 1291 3247 οὖσα
1335 3198 1524 3264 νόμου
1559 3197 1672 3267 ἔχει
1714 3198 1806 3250 καὶ
1830 3238 1873 3300 C

1838 3238 1873 3300 ε
1911 3217 1962 3272 Si
1996 3229 2152 3288 cogat
2199 3228 2378 3272 tamen
2407 3189 2674 3287 quispiam
2701 3189 3012 3288 :vquoniam
3059 3235 3177 3284 quae
3211 3220 3482 3286 plenitudo

227 3285 333 3352 τὴν
370 3284 582 3337 πειθώο
612 3283 769 3337 τοῦτό
817 3302 960 3355 φημι
1004 3285 1032 3338 δ
1067 3287 1158 3339 καὶ
1191 3288 1283 3340 ἐπὶ
1327 3288 1435 3341 τῶν
1480 3289 1764 3359 ἡμετέρων
1832 3283 1871 3300 υ

1834 3283 1873 3300 υ
1908 3309 2034 3379 legis
2066 3283 2143 3363 est
2166 3310 2376 3364 dilectio
2403 3283 2470 3375 θλ,
2501 3283 2653 3364 suam
2688 3283 2902 3379 quoque
2938 3283 3219 3365 suadelam
3257 3311 3425 3364 habet
3465 3328 3478 3364 :

225 3374 504 3444 ἡμεδαποὶ
551 3375 662 3447 γάρ
711 3376 974 3430 κάκεῖνοι.
1009 3377 1385 3448 Πρεσϐύτερος
1416 3378 1527 3432 εἴτε
1557 3381 1801 3452 ὑπογρά-

1907 3374 2010 3455 hoc
2052 3400 2228 3466 ipsum
2264 3401 2408 3464 dico,
2444 3374 2586 3469 quod
2609 3401 2676 3455 de
2707 3374 2920 3455 nostris
2955 3419 2967 3454 :
3027 3416 3152 3454 nam
3205 3410 3259 3454 ct
3311 3400 3479 3454 nostri

224 3467 359 3537 ψας,
393 3470 504 3521 εῐτε
532 3471 870 3540 κοινωνήσας
901 3470 1052 3540 φόϐῳ
1086 3471 1160 3542 μὴ
1184 3471 1364 3543 φέρων
1397 3471 1493 3539 τὴν
1533 3471 1798 3536 κάκωσιν,

1903 3502 2030 3549 sunt
2051 3497 2214 3547 etiam
2237 3493 2330 3546 illi.
2357 3467 2640 3561 Presbyter
2658 3507 2754 3546 seu
2780 3492 3185 3560 subscripserit,
3211 3505 3306 3544 seu
3333 3499 3479 3544 metu

225 3560 503 3630 είργέσθω
531 3561 632 3630 τῆς
662 3563 964 3624 κοινωνίας.
999 3563 1156 3616 Κατά
1185 3563 1419 3633 Χριστοῦ
1464 3564 1572 3635 γὰρ
1613 3582 1803 3617 κοινω-

1903 3582 2325 3638 communicarit
2375 3580 2718 3635 afllictionem
2747 3597 2858 3634 non
2898 3582 3079 3635 ferens
3111 3597 3129 3646 ;
3166 3596 3195 3633 a
3230 3596 3477 3634 comnm-

226 3655 419 3724 νήσας.
451 3655 570 3717 πῶς
602 3655 804 3708 δύναιτ’
836 3655 900 3708 ἀν
924 3656 1144 3726 Χριστῷ
1189 3659 1500 3722 κοινωνεῖν;
1542 3658 1653 3721 Τῆς
1691 3655 1802 3727 γὰρ

1903 3675 2066 3729 nione
2097 3683 2364 3727 arceatur.
2398 3673 2501 3738 Qui
2533 3674 2678 3726 enim
2717 3673 2974 3727 adversus
3016 3672 3294 3728 Christum
3327 3686 3478 3726 com-

225 3742 612 3810 ἐγκρατήσεως
663 3742 764 3812 τῆς
821 3744 1132 3812 ἱερουργίας
1174 3743 1325 3814 παρά
1368 3743 1650 3815 συνοδικῆς
1686 3746 1802 3797 ἐπι-

1903 3765 2218 3820 munionem
2253 3765 2391 3829 iniit,
2433 3765 2524 3834 qui
2580 3773 2756 3833 potest
2798 3779 2921 3818 cum
2963 3764 3178 3820 Christo
3231 3755 3474 3820 commu-

225 3833 479 3902 σκέψεως
512 3838 544 3906 ἡ
575 3835 750 3900 λύσις.
793 3836 852 3889 Ὀ
888 3836 1047 3902 δόξας
1081 3838 1222 3907 μετὰ
1248 3838 1347 3908 τὴν
1391 3831 1563 3908 ἧτταν
1589 3839 1802 3892 ἀναπα-

1901 3853 2129 3907 nicare?
2165 3851 2495 3907 Privationis
2544 3853 2690 3907 enim
2741 3853 2993 3907 sacrificii
3027 3855 3288 3908 relaxatio
3317 3869 3478 3923 syno-

221 3927 411 3979 λαϊσαι
431 3944 444 3956 ο
463 3928 823 3998 ἀποχωρείτω
850 3930 945 3982 τοῦ
969 3931 1025 3981 ἐν
1046 3923 1088 3996 ᾧ
1116 3929 1408 3994 ἐκαθέζετο
1437 3931 1566 4001 πρὶν
1589 3930 1754 3984 τόπου
1779 3944 1798 3961 ⁶

1901 3945 2034 4000 dicae
2056 3954 2140 4000 est
2161 3944 2593 3999 consultationis.
2619 3943 2721 4009 Qui
2748 3954 2867 4014 post
2884 3945 3093 4013 lapsum
3112 3945 3177 3997 ad
3201 3955 3475 3998 certamen

222 4018 350 4070 ἐπεὶ
380 4017 496 4080 πῶς
527 4020 906 4089 γνωσθήσεται
951 4021 1100 4092 αὐτῷ
1149 4040 1206 4075 τε
1256 4022 1448 4093 ἐκείνῳ
1487 4024 1520 4092 ἡ
1561 4021 1796 4093 ἄρνησις

1900 4038 2097 4092 iterum
2130 4036 2440 4098 revertitur,
2470 4037 2740 4090 abstineat
2767 4037 2834 4091 ab
2864 4053 2929 4092 eo
2970 4039 3089 4092 loco
3122 4054 3283 4107 quem
3323 4039 3473 4107 prius

219 4111 296 4180 ἣν
323 4111 531 4180 ὑπέστη
553 4150 568 4177 ,
602 4112 697 4166 καὶ
727 4112 906 4177 ἄλλοις
932 4130 948 4180 ;

1898 4131 2134 4186 obtinuit
2165 4149 2179 4185 :
2223 4130 2421 4200 alioqui
2448 4131 2722 4200 quomodo
2759 4133 3067 4187 innotescat
3101 4141 3218 4186 tum
3254 4132 3472 4200 ipsimet

1899 4224 2113 4295 negatio
2149 4239 2311 4292 quam
2345 4238 2540 4292 passus
2570 4232 2674 4288 est,
2701 4235 2814 4278 tum
2843 4225 3015 4280 aliis?

295 4283 374 4342 Οὐ
447 4286 611 4358 χωρῶ
678 4287 967 4357 ἐπιτρέψαι
1011 4304 1025 4321 ο
1063 4289 1150 4342 ἐπ’
1205 4288 1271 4343 ἂν
1322 4291 1356 4361 ἡ
1432 4290 1797 4355 ἀναπάλαισις

1971 4315 2089 4369 Non
2129 4331 2353 4384 possum
2406 4315 2716 4382 permittere
2752 4333 2764 4367 :
2793 4316 3091 4384 praesertim
3125 4316 3346 4386 quando
3377 4315 3477 4370 ile-

220 4377 390 4432 αὑτοῦ
420 4377 652 4448 μάλιστα
669 4380 767 4432 οὐκ
796 4381 1013 4448 ἐγένετο
1047 4384 1103 4434 ἐν
1137 4384 1392 4454 ἐπισήμῳ
1423 4385 1532 4438 τινὶ
1559 4386 1796 4455 δράματι

1898 4417 2014 4464 rata
2050 4407 2218 4475 ipsius
2255 4422 2430 4476 pugna
2478 4407 2674 4476 insigni
2722 4407 2978 4476 quopiam
3021 4421 3186 4477 opere
3220 4425 3325 4462 non
3358 4427 3477 4464 ecr-

217 4468 336 4527 οἷον
373 4475 465 4527 ἐπὶ
503 4474 596 4528 τοῦ
625 4475 966 4539 Λαοδικείας.
997 4478 1131 4530 Οὐδὲ
1165 4478 1273 4548 γὰρ
1325 4479 1517 4550 ἐκείνῳ
1550 4481 1794 4548 συμϐου-

1837 4570 1850 4571 7
1899 4499 2080 4552 nitur:
2107 4497 2565 4567 quemadmodum
2608 4498 2658 4550 in
2685 4500 2940 4568 episc0po
2964 4497 3263 4556 Laodiceae.
3292 4500 3476 4571 Neque

217 4565 480 4637 λεύσαιμι
511 4567 577 4620 ἂν
599 4567 774 4636 ἔγωγε
816 4570 1139 4639 ἱερουργεῖν,
1195 4571 1228 4641 ἢ
1288 4572 1452 4642 μόνον
1512 4575 1794 4626 κοινωνεῖν
1825 4570 1861 4628 Π

1827 4570 1873 4628 ί)
1898 4589 2040 4644 enim
2072 4589 2147 4644 illi
2180 4603 2281 4658 ego
2311 4598 2500 4642 auctor
2532 4589 2726 4643 fuerim
2770 4591 3134 4653 sacrificandi,
3171 4592 3263 4644 sed
3317 4608 3471 4645 com-

216 4658 310 4712 διὰ
337 4657 398 4711 τὸ
423 4658 716 4728 ἐπίσημον.
744 4658 930 4722 υῦτως
955 4660 1047 4711 ἐπὶ
1077 4661 1170 4714 τοῦ
1225 4661 1477 4732 τυχόντος
1531 4664 1794 4733 μονάζον-

1891 4657 2438 4735 municauditautum
2472 4691 2692 4750 propter
2723 4681 3114 4737 celebritatem.
3147 4683 3239 4737 Sic
3272 4682 3324 4735 in
3355 4700 3472 4737 mo-

215 4764 312 4811 τος
337 4764 352 4779 ο
385 4747 560 4812 οὕτως
593 4749 686 4802 ἐπὶ
707 4749 896 4802 λαῖκοῦ
923 4766 937 4781 ⁸
974 4748 1147 4821 εῖρξις
1177 4751 1281 4820 τῆς
1310 4755 1618 4819 κοινωνίας,
1655 4759 1795 4826 μετά

1889 4773 2065 4826 nacho
2131 4787 2482 4842 unoquoque,
2532 4773 2614 4827 sic
2663 4772 2716 4825 in
2768 4773 2955 4827 laico:
2991 4774 3260 4828 arcendus
3308 4783 3390 4829 est
3443 4791 3471 4827 a

215 4837 329 4891 τῶν
361 4838 538 4892 ἄλλων
560 4840 730 4906 ἀξίων
760 4841 991 4911 καρπῶν
1047 4843 1150 4911 τῆς
1192 4845 1483 4912 μετανοίας
1586 4849 1796 4917 ἀναμέ-

1888 4863 2431 4926 communione,cum
2455 4863 2577 4917 aliis
2603 4863 2782 4932 dignis
2815 4863 3080 4918 fructibus
3100 4865 3431 4932 poenitentia:
3457 4882 3469 4917 :

217 4945 334 4982 νειν
360 4946 417 4982 τε
447 4930 538 4982 τὸν
568 4931 760 5001 καιρὸν
789 4933 888 5002 τῆς
913 4932 1246 5004 όρθοθοξίας.
1285 4936 1432 5006 Πλὴν
1457 4939 1645 5010 ἐπειδὴ
1704 4941 1793 4992 ἐν-

1890 4953 2422 5021 exspectaudumque
2443 4963 2655 5022 tempus
2667 4930 2795 5008 lidei
2819 4930 3157 5008 orthodoxae.
3177 4954 3470 5017 Cancrum,

214 5019 457 5088 δέχεται,
491 5020 585 5072 καὶ
624 5020 815 5089 ὕφεσιν
848 5023 944 5074 καὶ
993 5025 1289 5092 πρόσθεσιν
1337 5027 1586 5093 γίνεσθαι
1645 5029 1796 5099 παρὰ

1899 5019 2157 5112 quoniam
2197 5051 2250 5097 et
2275 5019 2472 5097 remitti
2502 5019 2792 5098 etinteudi
2829 5061 3044 5115 plenam
3077 5046 3146 5099 ab
3178 5061 3244 5098 eo
3276 5043 3359 5098 fas
3389 5055 3473 5098 est

214 5108 312 5162 τοῦ
349 5110 717 5179 ἐπιτιμῶντος
787 5114 877 5164 ἐπὶ
903 5113 1001 5182 τῆς
1037 5115 1321 5178 κοινωνίας
1344 5117 1487 5184 λέγω
1509 5134 1524 5149 ο
1556 5120 1796 5173 ἐκτεινο-

1897 5135 1992 5203 qui
2043 5135 2297 5202 imponit;
2331 5135 2397 5190 de
2446 5136 2834 5190 communione
2892 5138 3114 5205 loquor;
3164 5137 3208 5192 si
3243 5137 3472 5191 occultis

217 5199 402 5268 μένων
426 5200 533 5252 τῶν
557 5202 765 5271 χρόνων
793 5205 892 5274 τῆς
925 5206 1192 5274 αἱρέσεως
1227 5209 1368 5260 κατά
1391 5207 1455 5260 τά
1506 5211 1796 5282 ἁθεώρητα

1891 5225 2053 5295 justte
2083 5225 2174 5280 Dei
2209 5227 2300 5280 ira}
2327 5226 2548 5295 judiciis
2581 5229 2866 5282 haereseos.
2893 5237 3136 5296 tempora
3172 5245 3472 5298 prorogen-

213 5292 465 5361 κρίματα
498 5292 598 5360 τῆς
624 5292 838 5357 δικαίας
883 5295 1050 5366 ὀργῆς
1079 5297 1174 5349 τοῦ
1204 5298 1340 5350 Θεοῦ
1366 5316 1380 5330 θ
1419 5301 1534 5354 ἔστι
1561 5303 1656 5355 καὶ
1689 5304 1794 5372 πρὸ

1896 5327 2004 5380 tur,
2028 5317 2383 5372 licebitetiam
2407 5327 2529 5371 aute
2551 5319 2822 5388 synodum
2856 5319 2910 5370 in
2943 5317 3179 5372 Domino
3200 5320 3468 5382 relaxare,

213 5381 441 5434 συνόδου
475 5382 634 5436 λῦσαι
661 5385 721 5436 ἐν
784 5386 1013 5457 Κυρίῳο
1077 5387 1262 5451 καθὼς
1310 5390 1677 5446 ὑποπέπτωκε
1730 5395 1792 5448 τὸ

1900 5418 2059 5478 prout
2086 5424 2318 5478 persona
2354 5409 2574 5478 gravius
2607 5411 2848 5465 leviusve
2876 5412 3023 5478 lapsa
3057 5420 3161 5476 est,
3199 5421 3252 5465 et
3281 5426 3378 5479 pro
3408 5425 3470 5464 ea

211 5474 512 5542 πρόσωπον
541 5474 841 5547 βαρύτερον
874 5478 906 5547 ἢ
941 5477 1307 5548 ἐλαφρότερον
1335 5497 1348 5510 °
1404 5486 1500 5535 καὶ
1547 5485 1670 5538 καθ’
1723 5487 1790 5557 ἢν

1897 5514 2114 5553 rursum
2156 5501 2494 5569 paenitentia,
2523 5518 2686 5570 quam
2737 5518 2847 5571 pra:
2897 5519 2955 5556 se
2999 5503 3100 5555 fert
3142 5520 3155 5555 :
3195 5513 3308 5556 tum
3342 5517 3470 5570 erga

211 5563 377 5616 πάλιν
411 5563 761 5618 ὑποδείκνυσι
797 5569 1087 5637 μετάνοιαν
1118 5584 1130 5596 °
1162 5569 1242 5632 εἷς
1291 5588 1351 5623 τε
1407 5573 1534 5634 τοὺς
1587 5576 1790 5644 ἡμετέο

1899 5601 2139 5654 nostros,
2175 5599 2286 5644 tum
2319 5607 2446 5660 erga
2480 5601 2767 5647 extraneos
2794 5591 3188 5661 prohibendum
3217 5608 3324 5644 non
3352 5603 3469 5653 est;

213 5671 344 5724 ρους
370 5657 464 5710 καὶ
491 5657 617 5721 τοὺς
647 5659 772 5726 ἔξω,
803 5662 1180 5715 συνεστιᾶσθαι
1211 5664 1410 5729 αὐτοὺς
1435 5667 1494 5718 οὐ
1518 5668 1791 5722 κωλυτέον

1899 5675 2030 5745 quin
2060 5692 2166 5730 una
2190 5679 2494 5747 cpulentur,
2525 5696 2630 5734 non
2661 5690 2840 5735 tamen
2891 5691 2949 5734 ut
2987 5680 3313 5734 benedicant
3348 5691 3471 5732 aute

285 5769 550 5860 ’fltipjslt-f
594 5772 718 5860 θεῇς
796 5776 1044 5860 τξλῌρῖει.
1089 5777 1206 5838 192.
1246 5778 1530 5860 ᾕὲρονοιίισ
1560 5784 1799 5856 prcshyt.
1877 5791 1971 5848 "1
2014 5794 2137 5850 Cor.
2169 5811 2256 5860 xv,
2290 5795 2377 5852 59..
2455 5796 2499 5827 ττ
2571 5795 2701 5850 ibid.
2745 5797 2834 5852 55.
2910 5797 2955 5831 τι
3005 5795 3047 5850 ll
3084 5794 3209 5851 Cor.
3249 5812 3320 5858 vn.
3383 5795 3442 5848 t4

220 5841 264 5872 "
297 5837 320 5895 l
348 5837 473 5894 Cur.
503 5858 610 5906 xiv,
645 5844 734 5899 20.
810 5846 855 5878 ⁸ο
888 5837 1045 5901 llum.
1081 5837 1201 5911 xui,
1244 5849 1325 5906 10.
