4164 6466
718 397 854 460 1151

1907 406 1964 464 S.
1996 403 2387 464 'I'HEODORI
2439 401 2789 461 STUDIT£

3844 393 3976 458 1152

721 514 1130 568 relaxationem.
1155 512 1277 568 Haec
1314 522 1440 567 sunt
1466 529 1584 582 qua:
1609 515 1780 568 dehis
1806 516 1978 569 habeo
2010 517 2061 569 in
2091 519 2285 568 timore

2391 515 2486 581 οὐχ
2523 513 2609 564 ἵνα
2642 511 2940 578 εὑλογῶσιν
2971 510 3072 572 ἕως
3102 508 3330 572 λύσεως.
3362 507 3614 564 Τοσαῦτά
3658 527 3748 576 μοι
3791 502 3972 560 ὦπται

720 605 811 658 Dei
843 617 894 657 et
921 606 1165 658 veritate.
1194 605 1248 658 Si
1275 608 1402 673 quid
1442 607 1562 658 novi
1595 609 1675 659 vel
1705 623 1733 660 a
1776 608 1928 662 vobis
1961 609 2039 660 vel
2069 609 2136 662 ab
2165 609 2287 662 aliis

719 694 1048 761 proferatur,
1081 695 1307 750 discam.
1341 695 1534 750 Fateor
1559 698 1702 750 enim
1733 714 1818 752 me
1851 699 1901 750 in
1932 699 2116 752 multis
2168 715 2289 767 pec-

717 802 841 839 care
875 806 886 840 :
919 797 971 840 et
1006 788 1172 840 multa
1211 789 1420 840 nescire
1465 803 1572 842 non
1620 790 1821 843 abnuit.
1879 790 2062 843 Saluta
2093 789 2288 843 fratres

720 889 842 932 tuos
882 888 932 931 et
965 879 1102 932 filios
1137 894 1310 942 meos,
1347 879 1562 933 Petrum
1595 882 1868 944 abbatem,
1892 892 1947 934 et
1995 882 2284 950 lgnatium,

716 979 770 1021 et
802 969 1054 1031 Tithoeu,
1080 969 1416 1024 desideratos
1448 971 1580 1024 mihi
1615 972 1664 1024 in
1692 972 1920 1026 Domino
1940 975 2287 1040 etadjutores

722 1076 894 1112 meos.
922 1061 1104 1113 Saluta
1137 1076 1230 1113 eos
1247 1061 1338 1129 qui
1363 1061 1491 1114 mihi
1515 1062 1663 1115 chari
1693 1073 1904 1116 suntex
1938 1075 2123 1117 sancta
2157 1079 2290 1117 cou-

683 1151 1048 1218 gregalioue.
1094 1149 1279 1204 Saluta
1337 1152 1718 1220 mysteriorum
1772 1153 2046 1218 custodes,
2083 1155 2290 1208 viscera

722 1257 839 1293 mea
895 1241 1240 1295 charissima.
1291 1241 1478 1296 Saluta
1553 1259 1673 1297 eam
1735 1248 1891 1310 cujus
1937 1261 2164 1314 magnus
2208 1255 2293 1301 est

722 1331 872 1382 labor
899 1332 950 1382 in
977 1329 1236 1385 Domino:
1260 1334 1326 1386 de
1357 1349 1461 1399 qua
1489 1334 1689 1402 recipio
1715 1343 1767 1388 et
1796 1337 2012 1389 abundo
2036 1339 2084 1388 in
2113 1337 2288 1390 bonis.

717 1422 904 1474 Saluta
960 1438 1149 1478 omnes
1206 1424 1259 1477 in
1309 1424 1526 1478 Christo
1585 1424 1801 1487 fratres,
1834 1428 1996 1479 etiam
2035 1428 2127 1494 qui
2163 1437 2294 1481 sunt

720 1515 860 1576 laici,
913 1530 975 1569 ex
1025 1517 1225 1584 quibus
1267 1527 1352 1571 est
1399 1517 1620 1585 Sergius
1662 1519 1782 1586 pius
1812 1530 1866 1572 et
1915 1519 2138 1589 Engius.
2187 1521 2291 1587 Qui

720 1619 930 1657 mecum
964 1615 1089 1658 sunt
1120 1606 1316 1660 fratres
1348 1621 1562 1676 semper
1599 1609 1782 1662 dilecti
1817 1617 1868 1663 te
1889 1621 1941 1663 et
1978 1610 2114 1663 alios
2146 1611 2294 1665 salu-

719 1705 852 1748 tant.
883 1695 1212 1750 Mementote
1261 1702 1539 1754 tenuitatis
1587 1716 1738 1755 meze.
1788 1701 2054 1757 Dominus
2107 1713 2296 1758 noster

714 1784 878 1842 Jesus
913 1787 1164 1844 Christus
1198 1789 1500 1852 vobiscum,
1531 1789 1750 1846 fratres.

1059 2101 1172 2157 XII.
1198 2134 1268 2146 —
1295 2103 1549 2159 Paschali
1581 2123 1732 2175 papa
1757 2107 1954 2162 Romae.

2393 603 2757 672 περὶτούτων
2784 605 2840 653 ἐν
2865 601 3016 671 φόϐῳ
3049 600 3188 654 Θεοῦ
3225 601 3319 653 καὶ
3345 600 3596 670 ἀληθείᾳ.
3640 601 3701 653 Ei
3734 601 3793 652 δέ
3827 617 3881 652 τι
3925 601 3979 665 ἐξ

2394 691 2548 758 ὑμῶν
2575 690 2605 758 ἦ
2636 691 2729 742 ἀπ’
2760 690 2937 742 ἄλλων
2962 688 3300 758 καινότερον,
3365 687 3617 756 διδαχθῶ.
3688 689 3746 740 '0
3757 687 3973 754 μολογῶ

2390 782 2498 850 γάρ
2534 779 2608 842 ὡς
2636 779 2804 832 πολλά
2831 780 3163 848 ἁμαρτάνων
3184 817 3199 838 ,
3239 779 3333 830 καὶ
3369 778 3544 831 πολλὰ
3573 779 3794 844 ἀγνοεῖν
3832 777 3982 844 δέχοο

2393 889 2510 942 μαι.
2557 873 2832 922 Ἄσπασαι
2872 871 2996 931 τοὺς
3029 869 3292 936 ἀδελφούς
3324 886 3418 923 σου
3451 871 3546 922 καὶ
3570 870 3638 921 τὰ
3659 869 3829 920 τέκνα
3856 886 3977 936 μου,

2389 963 2478 1014 τὸν
2513 961 2686 1014 άϐϐἄν
2719 961 2944 1030 Πέτρον,
2976 961 3070 1013 καὶ
3113 960 3390 1026 Ὶγνάτιον,
3433 960 3527 1012 καὶ
3557 959 3758 1025 Τιθόην
3805 957 3970 1029 [cod-

2392 1052 2525 1124 Reg.
2559 1051 2811 1122 Τιδόῖον],
2845 1051 2975 1113 τοὺς
2999 1054 3058 1103 ὲν
3107 1052 3294 1120 Κυρίῳ
3321 1051 3690 1120 ὲπιποθήτους
3715 1067 3824 1117 μου
3882 1055 3974 1103 καὶ

2393 1144 2714 1214 συνεργούς.
2757 1146 3038 1196 Ἀσπασαι
3067 1143 3192 1204 τοὺς
3223 1144 3288 1194 ὲκ
3315 1141 3413 1210 τῆς
3435 1141 3595 1209 άγίας
3623 1140 3875 1203 συνοδίας
3892 1159 3977 1208 φιο

2391 1236 2589 1305 λητούς
2622 1252 2746 1304 μου.
2786 1237 3071 1289 Ἄσπασαι
3101 1235 3228 1298 τοὺς
3303 1233 3855 1303 μυστηριοφύλακας,
3912 1233 3976 1284 τά

2394 1329 2504 1397 ἐμά
2551 1325 2891 1395 ὴγαπημὲνα
2917 1324 3222 1394 σπλάγχνα.
3259 1325 3538 1376 Ἄσπασαι
3567 1324 3667 1391 τὴν
3695 1322 3976 1374 κοπιῶσαν

2393 1421 2452 1470 ὲν
2478 1417 2665 1486 Κυρίῳ
2688 1433 2705 1448 ο
2735 1410 2804 1486 ἦς
2837 1415 3166 1484 ἀπέχωκαὶ
3210 1413 3529 1482 περισσεύω
3587 1415 3645 1465 ιν
3703 1413 3936 1478 ἀγαθοῖς

2393 1511 2637 1562 άσπασαι
2663 1509 2872 1570 πάντας
2899 1509 3028 1570 τοϋς
3053 1508 3112 1560 εν
3140 1505 3360 1574 Χριστῷ
3384 1504 3649 1572 ἀδελφοὺς
3670 1544 3688 1570 ,
3729 1504 3840 1557 κᾶν
3856 1503 3970 1555 λαῖο

2395 1602 2506 1663 κοὶ,
2557 1599 2616 1664 ἐξ
2647 1592 2722 1652 ὧν
2757 1599 2984 1668 Σέργιος
3009 1600 3036 1651 ό
3062 1596 3293 1664 εὐσεϐὴς
3332 1596 3428 1649 καὶ
3451 1595 3633 1662 ῐγγιος
3667 1593 3732 1666 [ι.
3771 1591 3970 1662 artos].

2409 1691 2767 1755 Ἀσπάζονται
2797 1691 2854 1742 σὲ
2877 1689 2972 1742 καὶ
3001 1691 3128 1751 τοὺς
3153 1687 3349 1749 ἄλλους
3378 1689 3427 1739 oi.
3459 1686 3558 1740 σῦν
3602 1687 3726 1754 ἐμοὶ
3753 1685 3972 1752 ἀδελφοὶ

2397 1781 2733 1852 άειπόθητοι.
2767 1779 3155 1848 Μνημονεύετέ
3185 1795 3286 1846 μου
3325 1777 3424 1846 τῆς
3447 1775 3859 1836 ταπεινώσεως.
3916 1775 3970 1826 '0

2320 1839 2366 1899 Β
2395 1839 2786 1943 Κύριοςῖημῶν
2849 1839 3056 1940 ’ίησοῦς
3111 1839 3346 1939 Χριστὸς
3379 1839 3526 1937 ’μεθ’
3579 1869 3755 1938 ὑμῶν,
3819 1866 3972 1920 ἀδελ-

2401 1964 2514 2033 φοί.

2683 2102 2788 2157 ID'.
2809 2129 2879 2141 —
2913 2097 3241 2167 Πασχαλίῳ
3262 2096 3434 2166 πάθεα
3477 2097 3730 2168 Ῥώμης.

1202 2220 1406 2269 Romani
1443 2223 1684 2282 pontificis
1715 2237 1859 2284 opem
1882 2226 2116 2274 adversus
2141 2223 2483 2273 loonomachos
2507 2219 2755 2282 exposcit.
2799 2215 3000 2277 (ΒΜ-ου.
3028 2225 3106 2261 an.
3139 2210 3250 2269 817,
3281 2224 3330 2259 ο.
3354 2211 3456 2271 ll.)

720 2323 944 2380 Prorsus
973 2329 1308 2381 sanctissimo
1331 2331 1581 2384 luniinari
1613 2348 1831 2400 magno,
1865 2336 2167 2387 antistitam:
2190 2350 2282 2386 su-

785 2433 982 2482 premo,
1029 2418 1239 2471 domino
1291 2433 1494 2481 nostra,
1531 2424 1743 2475 domino
1789 2427 2076 2491 apostolico
2110 2438 2280 2490 papw,

784 2509 1036 2571 Joannes,
1069 2509 1409 2575 Theodosius,
1438 2513 1781 2578 Athanasius,
1819 2513 2073 2576 Joannes,
2114 2515 2280 2568 Theo-

785 2603 969 2664 dorus,
1009 2605 1209 2656 minimi
1239 2605 1531 2676 presbyteri
1565 2619 1612 2659 et
1643 2611 1914 2677 prwpositi
1971 2625 2152 2662 eorum
2189 2611 2278 2678 qui

786 2698 928 2761 apud
965 2696 1219 2761 Cat/cara,
1274 2698 1585 2763 I’icridium,
1622 2701 2018 2770 Poulopetrium
2043 2741 2060 2766 ,
2107 2701 2277 2756 Euca-

791 2789 946 2852 riam,
978 2801 1024 2843 et
1046 2790 1316 2846 Studium.

785 2967 980 3020 Audita
1034 2967 1146 3036 jam
1211 2977 1342 3022 sunt
1387 2969 1529 3022 haud
1574 2970 1738 3024 dubie
1784 2987 2053 3042 suprema:
2095 2984 2289 3031 vestra

715 3057 1038 3109 beatitudini
1068 3072 1128 3109 ea
1175 3073 1294 3126 quae
1329 3069 1546 3128 pr0pter
1602 3072 1821 3128 peccata
1873 3073 2055 3118 nostra
2092 3065 2144 3118 in
2188 3081 2287 3119 no-

717 3158 884 3202 stram
947 3148 1242 3204 Ecclesium
1303 3152 1568 3207 invasere.
1607 3154 1814 3208 Etenim
1858 3153 1981 3209 facti
2014 3172 2202 3210 sumus
2233 3156 2284 3209 iu

2396 2328 2479 2394 Τῷ
2499 2329 2695 2382 πάντα
2721 2321 3170 2392 παναγεστάτφ.
3190 2317 3461 2388 φωστῆρι
3473 2317 3735 2387 μεγάλῳ,
3759 2317 3970 2384 ἀρχιεο

2453 2420 2553 2488 ps?
2582 2418 2926 2487 πρωτίστῳ,
2967 2413 3149 2480 κυρίῳ
3178 2409 3368 2479 ἡμῶν,
3400 2409 3665 2475 δεσπότῃ
3701 2408 3968 2462 daemo-

2459 2511 2608 2574 ,ιικῴ
2636 2509 2825 2574 aditu,
2876 2504 3182 2571 Ἰωάννης,
3215 2501 3557 2565 Θεοδόσιος,
3591 2498 3967 2564 ’Δθανάσιος,

2470 2602 2776 2668 Ἰωάννης,
2831 2598 3149 2664 Θεόδωρος,
3193 2595 3507 2662 ἐλάχιστοι
3566 2592 3966 2659 πρεσϐύτεροι

2456 2697 2553 2749 καί
2579 2676 2900 2762 ἡγούμενοι
2929 2690 3048 2745 τῶν
3065 2687 3301 2754 Καθαρὰ
3320 2727 3335 2748 ,
3367 2683 3486 2738 τῶν
3511 2683 3845 2752 Πικριδίου,
3864 2683 3967 2737 τοῦ

2459 2785 2928 2852 Παυλοπετρίου,
3000 2779 3109 2848 τῆς
3141 2776 3451 2846 Εὐκαρίας,
3479 2773 3598 2828 τῶν
3649 2774 3962 2828 Στουδίου.

2467 2977 2604 3046 Ἤδη
2637 2993 2737 3028 που
2774 2974 2995 3034 πάντως
3053 2971 3318 3040 ἤκουσται
3366 2969 3433 3036 τῇ
3500 2967 3776 3036 κορυφαίᾳ
3815 2963 3969 3033 ὑμῶν

2397 3068 2760 3139 μακαριότητι
2791 3063 2858 3117 τά
2885 3061 3026 3115 κατὰ
3083 3061 3180 3123 τὰς
3208 3059 3488 3128 ἁμαρτίας
3527 3057 3688 3126 ἡμῶν
3721 3057 3790 3124 τῇ
3835 3055 3954 3108 καθ’

2393 3161 2540 3228 ἡμᾶς
2582 3155 2878 3226 Ἐκκλησία
2909 3151 3218 3206 ἐπελθόντα.
3285 3150 3395 3202 Καὶ
3441 3148 3552 3219 γάρ
3615 3146 3966 3216 γεγενήμεθα

718 3237 1026 3303 parabolam
1078 3249 1132 3292 et
1185 3241 1528 3307 proverbium
1581 3244 1837 3298 omnibus
1887 3246 2173 3313 gentibus,
2230 3257 2285 3298 ut

2390 3253 2470 3313 εἰς
2495 3247 2814 3318 παραϐολὴν
2851 3246 2945 3298 καὶ
2978 3244 3221 3312 διήγημα
3280 3241 3334 3294 ὲν
3393 3239 3660 3301 πᾶσιτοῐς
3733 3237 3918 3291 ἔθνεσι
3946 3278 3962 3303 ,

717 3330 1017 3383 secundum
1072 3329 1404 3399 Scripluram
1455 3333 1702 3402 loquar"
1748 3353 1761 3387 :
1808 3337 2046 3390 nondum
2105 3346 2282 3401 tamen

719 3420 951 3473 fortasse
967 3435 1028 3472 ea
1051 3419 1285 3487 perfecte
1309 3431 1362 3476 et
1384 3438 1479 3491 per
1498 3424 1758 3492 epistolas
1781 3426 2087 3480 renuntiata
2116 3427 2284 3480 fuere.

717 3507 897 3572 Quare
924 3524 1023 3563 nos
1057 3509 1289 3573 minimi,
1330 3511 1430 3565 etsi
1460 3513 1761 3568 membrum
1807 3516 2050 3581 corporis
2088 3516 2286 3571 Christi

718 3600 968 3654 ultimum
1000 3618 1189 3656 sumus
1218 3619 1231 3658 :
1259 3613 1470 3669 tamen,
1495 3620 1615 3659 cum
1650 3607 1696 3661 is
1724 3608 1817 3676 qui
1847 3619 2007 3677 caput
2042 3618 2286 3664 nostrum

717 3701 820 3754 est,
840 3693 1089 3760 captivus
1123 3695 1213 3758 sit,
1254 3706 1415 3763 atque
1441 3697 1474 3748 ii
1497 3697 1590 3765 qui
1619 3698 1756 3750 inter
1793 3697 1988 3754 fratres
2026 3701 2286 3763 eminent,

721 3785 825 3838 huc
867 3794 1029 3852 atque
1065 3785 1192 3838 illuc
1232 3786 1480 3854 dissipati
1523 3805 1534 3840 :
1570 3788 1754 3856 aliquo
1791 3789 1951 3841 modo
1987 3791 2285 3858 potuimus,

717 3890 783 3927 ex
817 3890 881 3928 eo
909 3875 1051 3944 quod
1081 3891 1246 3943 prope
1267 3892 1476 3941 sumus,
1497 3887 1549 3930 et
1572 3894 1634 3930 ex
1664 3891 1849 3932 mutua
1869 3881 2284 3948 significatione,

722 3979 975 4033 tanquam
1007 3982 1110 4020 uno
1133 3968 1323 4036 spiritu
1349 3979 1400 4023 et
1425 3971 1804 4024 communibus
1835 3973 2012 4026 verbis
2039 3973 2287 4041 quamvis

720 4055 1064 4108 temerarium
1114 4057 1208 4120 sit,
1253 4059 1355 4111 ista
1395 4059 1652 4113 scribere.
1707 4060 1869 4123 Audi,
1929 4062 2284 4128 apostolicum

718 4155 898 4213 caput,
941 4162 970 4198 a
1018 4145 1126 4198 Deo
1163 4147 1448 4215 prmposite
1480 4158 1661 4217 pastor
1690 4150 1869 4204 ovium
1900 4150 2120 4214 Christi,
2142 4151 2286 4219 jani—

720 4245 802 4286 tor
822 4237 967 4302 regni
998 4235 1283 4298 caelorum,
1307 4244 1453 4304 petra
1489 4237 1608 4292 fidei
1646 4255 1810 4309 super
1835 4257 1999 4310 quam
2021 4242 2283 4296 :edificata

718 4337 796 4378 est
831 4326 1098 4380 catholica
1133 4325 1392 4382 Ecclesia.
1429 4330 1617 4384 Petrus
1648 4333 1791 4386 enim
1825 4342 1900 4397 tu,
1927 4333 2068 4388 Petri
2102 4335 2282 4389 sedem

719 4430 991 4468 exornans
1029 4425 1083 4468 et
1120 4416 1449 4482 gubernans.
1500 4417 1633 4486 Lupi
1669 4437 1858 4491 graves
1896 4423 2205 4492 irruperunt
2229 4425 2283 4479 in

720 4509 931 4560 caulam
989 4508 1199 4561 Domini
1234 4527 1245 4561 :
1277 4518 1441 4577 portae
1483 4511 1657 4577 inferi,
1684 4523 1740 4568 ut
1765 4515 1914 4579 olim,
1958 4524 2284 4584 ruptae'sunt

2395 3343 2683 3414 Γραφικῶς
2715 3342 2890 3394 εἰπεῖν
2911 3356 2924 3369 ·
2951 3339 3013 3392 οὐ
3040 3337 3146 3408 μὴν
3171 3336 3301 3398 ἴσως
3325 3336 3357 3405 ἡ
3387 3333 3706 3402 ἀπαγγελία
3730 3331 3964 3392 ἐντελῶς

2389 3451 2448 3486 τε
2479 3437 2572 3486 καὶ
2604 3431 2989 3494 ὲπιστολικῶς.
3019 3431 3222 3499 Διόπερ
3257 3429 3420 3497 ἡμεῖς
3477 3426 3526 3478 oi
3567 3424 3871 3493 ιλάχιστοι,
3921 3422 3966 3472 εί

2391 3526 2486 3577 καὶ
2518 3524 2678 3594 μέλος
2726 3539 2830 3576 που
2855 3523 2952 3576 τοῦ
3001 3519 3250 3590 σώματος
3292 3518 3530 3590 Χριστοῦ
3569 3517 3798 3586 ισχατον
3829 3530 3964 3580 τνγο

2390 3617 2643 3686 χάνοντες
2669 3633 2682 3647 ·
2723 3617 2871 3685 ὅμως
2901 3613 3002 3683 τῆς
3024 3611 3266 3681 κεφαλῆς
3297 3609 3455 3680 ημῶν
3484 3608 3835 3678 είργομένης,
3858 3605 3966 3658 τῶν

2389 3725 2448 3761 τε
2510 3711 2569 3760 ὲν
2607 3707 2928 3775 ἀδελφότητι
2987 3706 3328 3776 προεχόντων
3395 3696 3497 3755 ὧδέ
3528 3718 3585 3754 τε
3616 3700 3840 3752 κάκεῖσε
3891 3699 3966 3751 διο

2389 3799 2749 3868 εσπαρμένων
2769 3814 2781 3826 ·
2812 3797 3157 3865 ἠδυνήθημεν
3184 3813 3298 3856 πως
3327 3796 3391 3847 ὲκ
3451 3793 3546 3846 τοῦ
3590 3792 3864 3859 σύνεγγυς
3887 3785 3964 3844 εἷ-

2388 3906 2475 3940 ναι
2505 3890 2594 3940 καὶ
2620 3887 2707 3940 διὰ
2735 3886 2834 3955 τῆς
2867 3888 2946 3948 είς
2998 3884 3257 3953 ἀλλήλους
3284 3880 3710 3951 καταμηνύσεως
3759 3880 3842 3941 εἰς
3899 3878 3957 3930 ἓν

2387 3978 2641 4046 γενέσθαι
2675 3979 2765 4031 καὶ
2796 3975 3014 4045 πνεῦμα
3047 3975 3144 4027 καὶ
3194 3973 3347 4044 ῥῆμα
3371 3989 3384 4002 ·
3426 3972 3737 4042 γράφοντες
3775 3973 3826 4022 εί
3875 3971 3966 4024 καὶ

2385 4069 2674 4139 τολμηρῶς
2722 4068 2869 4121 τάδε.
2899 4068 3120 4130 Ἀκουε,
3154 4065 3487 4131 άποστολικὴ
3519 4063 3685 4134 κάρα,
3737 4063 3965 4132 θεοπρό-

2387 4160 2549 4228 ϐλητε
2578 4160 2781 4229 ποιμὴν
2812 4159 2918 4211 τῶν
2952 4158 3189 4227 Χριστοῦ
3208 4158 3493 4226 προϐάτων
3517 4171 3533 4186 ·
3565 4154 3841 4224 κλειδοῦχε
3868 4155 3962 4220 τῆς

2386 4249 2630 4319 οὐρανῶν
2682 4249 2959 4318 βασιλείας
2997 4262 3010 4276 ·
3072 4248 3249 4317 πέτρα
3304 4248 3403 4315 τὴς
3456 4246 3718 4308 πίστεως»
3784 4245 3875 4312 ἐφ’

2387 4340 2730 4410 ᾠκοδόμηται
2759 4341 2791 4408 ἡ
2816 4339 3084 4409 meum,
3124 4338 3438 4406 Ἐκκλησία.
3476 4339 3682 4407 Πέτρος
3709 4335 3822 4405 γὰρ
3874 4337 3957 4398 σὺ,

2385 4433 2476 4483 τὸν
2529 4431 2737 4500 Πέτρου
2779 4430 2966 4499 θρόνον
2993 4429 3213 4496 κοσμῶν
3242 4429 3336 4478 καὶ
3359 4427 3579 4480 διέπων.
3637 4425 3805 4478 Λύκοι
3868 4423 3962 4493 βα-

2389 4523 2504 4589 ρεῖς
2532 4519 2938 4588 είσεφθάρησαν
2972 4520 3029 4571 ἐν
3056 4520 3123 4586 τῇ
3155 4518 3290 4586 αὐλῇ
3324 4518 3530 4586 Κυρίου
3565 4534 3578 4547 ο
3605 4513 3771 4568 πύλαι
3802 4515 3955 4585 ᾅδου,

724 4600 774 4651 iu
797 4601 990 4667 ipsam.
1016 4600 1156 4664 Quid
1187 4603 1321 4654 hoc?
1345 4602 1780 4660 Persecutioneln
1806 4610 2008 4676 patitur
2033 4611 2280 4665 Christus

2388 4611 2459 4670 ὠς
2493 4612 2659 4663 πάλαι
2687 4649 2702 4672 ,
2755 4610 3214 4679 προσερῤάγησαν
3273 4609 3413 4678 αὐτῇ
3439 4646 3454 4661 .
3500 4608 3566 4661 Τί
3613 4606 3771 4659 τοῦτο
3801 4623 3817 4670 ;
3847 4606 3962 4660 διώ-

720 4707 842 4743 cum
879 4700 1049 4745 matre
1099 4700 1150 4745 et
1214 4693 1517 4748 ministris:
1553 4697 1820 4765 siquidem
1863 4709 2051 4754 contra
2093 4702 2284 4772 imagi-

721 4799 840 4836 nem
892 4783 1163 4849 incursus,
1207 4787 1474 4856 prototypi
1527 4798 1609 4843 est
1660 4794 1985 4858 persecutio.
2021 4793 2158 4849 lfinc
2190 4796 2286 4849 de-

719 4875 890 4928 tentio
929 4877 1308 4943 patriarchalis
1349 4879 1542 4948 capitis
1574 4897 1588 4932 :
1618 4883 1807 4936 exsilia
1843 4894 1894 4938 et
1931 4886 2286 4954 relegationes

720 4967 1250 5035 archiepiscoporum
1304 4980 1358 5022 et
1403 4969 1770 5033 sacerdotum,
1800 4984 1852 5027 et
1895 4977 2282 5030 monachorum

717 5059 1220 5127 mouacharumque
1250 5062 1540 5129 compedes
1591 5071 1644 5117 et
1693 5066 1904 5120 vincula
1940 5066 2131 5134 ferrea,
2172 5078 2282 5122 tor-

718 5157 1007 5217 mentaque
1047 5157 1099 5202 et
1131 5148 1195 5201 ad
1223 5159 1528 5205 extremum
1562 5168 1726 5208 mors.
1760 5155 1803 5208 Ο
1839 5156 2148 5212 horribilem
2184 5175 2282 5212 au-

716 5239 1010 5294 ditionem!
1053 5239 1369 5296 Veueranda
1415 5243 1592 5315 imago
1620 5248 1910 5302 salvatoris
1955 5248 2049 5304 Dei
2090 5253 2282 5312 nostri,

717 5347 880 5398 quam
924 5333 1085 5386 etiam
1141 5333 1410 5388 daemones
1456 5337 1906 5404 perhorrescunt,
1939 5342 2284 5396 contumeliis

714 5419 910 5474 affecta
945 5429 997 5475 et
1032 5421 1266 5476 ludibrio
1303 5423 1484 5478 habita
1532 5435 1634 5486 est,
1664 5443 1770 5482 non
1815 5431 1988 5484 solum
2034 5431 2086 5484 in
2135 5433 2279 5501 regia

717 5513 871 5573 urbe,
894 5523 1080 5565 vermn
1115 5512 1276 5566 etiam
1303 5515 1518 5569 inomni
1548 5518 1766 5586 regione
1789 5529 1842 5573 et
1869 5523 2048 5590 opido.
2077 5522 2279 5576 Allaria

715 5605 887 5656 deleta
911 5613 1057 5667 sunt,
1095 5604 1289 5673 templa
1310 5607 1602 5674 destructa,
1633 5626 1786 5665 sacra
1810 5613 2088 5680 profanata
2111 5613 2275 5677 ,eﬂ‘u-

717 5707 812 5746 sus
868 5700 950 5743 est
1006 5693 1227 5760 sanguis
1256 5705 1308 5746 et
1352 5696 1646 5753 effunditur
1700 5716 1888 5757 eorum
1928 5702 2018 5771 ιιιιί
2054 5703 2285 5758 retinent

778 5804 828 5833 “
863 5804 1003 5858 Psal.
1033 5821 1215 5869 uvm,
1265 5807 1341 5860 l2.

2389 4718 2544 4753 κεται
2598 4699 2832 4771 Χριστὸς
2899 4702 2994 4752 σὺν
3036 4701 3205 4770 μητρὶ
3233 4700 3326 4751 καὶ
3353 4699 3677 4769 θεράπουσιν
3702 4714 3715 4727 ⁸
3737 4699 3898 4768 εἴπερ
3925 4700 3956 4767 ἡ

2386 4792 2483 4859 τῆς
2532 4791 2738 4852 εἰκόνος
2767 4788 3104 4859 καταδρομὴ.
3148 4787 3243 4842 τοῦ
3276 4789 3634 4860 πρωτοτύπου
3684 4788 3946 4857 διωγμός.

2387 4881 2668 4935 Ἐντεῦθεν
2697 4881 2974 4945 κατένεξις
3034 4880 3441 4951 πατριαρχικῆς
3523 4877 3768 4948 κεφαλῆς
3805 4894 3818 4908 ·
3877 4878 3956 4942 ἐξ·

2386 4975 2529 5044 ορίαι
2556 4991 2612 5025 τε
2654 4975 2747 5026 καὶ
2775 4973 3118 5043 περιορισμοὶ
3155 4972 3456 5042 ἀρχιερέων
3491 4987 3550 5023 τε
3606 4971 3699 5024 καὶ
3743 4972 3951 5041 ἱερέων,

2389 5064 2673 5134 μοναστῶν
2700 5081 2760 5116 τε
2804 5065 2897 5117 καὶ
2934 5063 3282 5134 μοναζουσῶν
3311 5078 3325 5092 ’
3357 5062 3575 5133 είρκταί
3605 5079 3667 5116 τε
3725 5063 3824 5116 καὶ
3881 5079 3952 5115 σι-

2384 5157 2651 5228 δηρώσεις
2682 5175 2695 5188 ο
2723 5158 2945 5228 βάσανοί
2980 5174 3039 5209 τε
3070 5157 3166 5210 καὶ
3229 5156 3380 5220 τέλος
3439 5155 3680 5210 θάνατοι.
3743 5157 3807 5207 Ὢ
3859 5153 3950 5208 τοῦ

2385 5249 2617 5319 φοϐεροῦ
2647 5248 3030 5318 άκούσματοςί
3063 5249 3095 5318 ἡ
3128 5247 3301 5317 σεπτὴ
3336 5247 3502 5299 είκὼν
3550 5246 3645 5300 τοῦ
3695 5246 3948 5315 Σωτῆρος

2385 5338 2542 5408 ἡμῶν
2579 5339 2737 5403 Θεοῦ,
2773 5340 2837 5408 ἢν
2877 5339 2972 5390 καὶ
2996 5338 3256 5407 δαίμονες
3311 5338 3627 5406 φρίττουσιν
3653 5352 3669 5368 ο
3731 5336 3948 5404 ἐνύϐρι-

2387 5445 2511 5480 σται
2543 5445 2558 5461 ο
2600 5428 3072 5492 ἐξουδένωταιοού
3125 5427 3286 5498 μόνον
3343 5428 3401 5479 ἐν
3457 5430 3524 5497 τῇ
3591 5425 3947 5496 βασιλευούσῃ

2386 5519 2538 5571 πόλει
2569 5535 2583 5548 ο
2615 5520 2752 5573 ἀλλὰ
2782 5520 2891 5588 γάρ
2931 5519 3026 5572 καὶ⁸
3059 5519 3200 5571 κατά
3268 5520 3448 5572 πᾶσαν
3479 5516 3662 5587 χώραν
3700 5518 3797 5574 καὶ
3854 5534 3947 5570 πο-

2385 5612 2591 5681 λίχνην.
2623 5612 2998 5681 Θυσιαστήρια
3022 5610 3294 5680 ἠφανίσθη
3315 5626 3327 5639 ·
3350 5611 3467 5663 ναοὶ
3493 5609 3902 5681 ἡμαυρώθησαν
3930 5623 3941 5635 ’

2385 5705 2503 5773 ἱερὰ
2529 5702 2812 5774 ὲκοινώθη,
2842 5703 3002 5773 ὲχέθη
3031 5702 3238 5772 αἵματα
3271 5702 3362 5755 καὶ
3408 5701 3596 5772 χὲεται
3646 5701 3759 5756 τῶν
3818 5702 3942 5755 ἀντ-
