4164 6510
229 428 372 498 ὶ153

1427 439 1972 500 EPISTOLARUM
2027 441 2170 500 LIB.
2220 441 2300 502 Il.

3361 441 3500 504 1154

221 549 508 618 εχομένων
549 545 644 599 τοῦ
697 548 1056 617 Εὑαγγελίου.
1095 552 1336 620 Διωγμοὶ
1372 555 1464 605 καὶ
1532 552 1810 621 φυγαδεῖαι

1925 551 2297 622 Evangelium,
2354 555 2764 621 persecutiones
2819 560 2874 607 et
2923 551 3116 608 exsilia
3165 567 3354 606 eorum
3401 556 3494 622 qui

223 641 336 692 τῶν
370 639 451 690 ἔτι
506 637 1008 708 ὑπολελειμμένων.
1078 641 1330 712 Ἐσίγησε
1391 646 1501 697 πᾶν
1551 643 1811 697 εὐσεϐοὖν

226 730 409 797 στόμα
479 729 588 785 θέει
642 731 878 784 θανάτου
911 747 925 762 ·
983 733 1256 804 ἀνέῳκται
1310 736 1343 805 ἡ
1393 737 1670 801 ἁντίθετος
1715 740 1810 792 καὶ

227 823 554 892 βλάσφημος
607 823 834 891 γλῶσσα
861 841 874 854 ·
914 825 1237 880 σεσάλευται
1265 829 1416 881 πᾶσα
1459 830 1598 900 σὰρξ
1628 832 1807 899 ἀμφο-

222 915 543 984 τερίζουσα.
580 918 748 986 οἴμοι
775 957 791 982 ,
823 918 1011 987 φησὶν,
1044 918 1135 972 ὅτι
1170 919 1538 989 ἐγενήθημεν
1556 921 1637 986 ὡς
1660 937 1811 975 συνο

221 1003 391 1072 ἄγων
421 1006 700 1076 καλάμην
721 1007 792 1060 ἐν
819 1009 1044 1078 ἀμητῷ.
1078 1011 1176 1064 καὶ
1209 1011 1290 1077 ὡς
1315 1011 1688 1081 ἐπιφυλλίὸα
1741 1012 1812 1066 ἐν

221 1098 499 1165 τρυγητῷ
518 1113 530 1126 ⁸
565 1103 678 1170 οὐχ
708 1100 1093 1170 ὑπάρχοντος
1111 1103 1398 1172 βότρυος.

311 1190 622 1261 Ἐφ’ήμᾶς,
670 1187 716 1246 ὦ
745 1194 954 1264 μάκαρ,
979 1196 1200 1264 ἐγένετο
1245 1197 1419 1250 ταῦτα
1471 1196 1672 1250 πάντα.
1740 1199 1810 1252 ’Λ

220 1279 309 1344 τίς
341 1281 440 1351 μὲν
466 1283 568 1337 οὐκ
595 1286 1046 1354 ἐπιστυγνάσειεν
1073 1290 1153 1351 είς
1184 1288 1453 1342 ἑαυτδντὰ
1468 1289 1562 1342 τοῦ
1584 1289 1810 1360 πλησίον

223 1373 564 1446 ἀναθεωρῶν
595 1378 742 1447 πάθη
780 1394 794 1441 ;
826 1379 923 1444 Τίς
957 1379 1014 1434 δὲ
1041 1380 1104 1433 οὐ
1161 1379 1444 1451 λογίσοιτο
1489 1383 1809 1452 προεισόδια

223 1461 371 1519 εἶναι
407 1469 506 1537 τῆς
565 1469 660 1522 τοῦ
729 1471 1100 1541 ’Δντιχρίστυυ
1158 1473 1506 1543 παρουσίαςο
1553 1473 1810 1526 τοσοῦτον

221 1557 560 1630 διαφέροντα
589 1562 712 1615 ὅσον
739 1563 905 1616 είκὼν
935 1563 1276 1634 ἀρχετύπου,
1313 1567 1399 1632 ἐφ’
1430 1561 1580 1639 ᾖκαὶ
1627 1565 1810 1636 μαίνε-

220 1666 356 1716 ται;
407 1651 579 1723 Δεῦρο
615 1653 680 1723 δὴ
712 1649 807 1707 οὖν
859 1656 966 1708 ἀπὸ
1000 1655 1231 1725 Δυσμῶν
1257 1659 1286 1711 6
1339 1657 1809 1728 Χριστομίμητος,

238 1744 586 1812 Ἀνάστηθι,
620 1754 719 1800 καὶ
739 1747 826 1816 μὴ
851 1747 1068 1818 ἀπὼσῃ
1094 1752 1180 1816 εἰς
1211 1749 1405 1816 τέλος.
1445 1750 1588 1819 Πρὸς
1618 1751 1677 1802 σὲ
1731 1752 1810 1804 εἴ·

228 1851 368 1905 ρηχε
395 1837 631 1906 Χριστὸς
659 1839 687 1891 6
709 1839 842 1903 Θεὸς
870 1841 1031 1910 ἡμῶν
1062 1857 1075 1872 ·
1107 1843 1320 1909 Καίισὺ
1344 1842 1491 1895 ποτὲ
1523 1842 1803 1912 ἐπιστρέ·

221 1930 351 1994 ψας
370 1929 680 1996 στηρίξεις
709 1931 850 1997 τοὺς
882 1932 1188 2001 ἀδελφούς
1211 1949 1348 1987 σου.
1379 1933 1506 1986 ’Ἴδε
1543 1935 1570 1986 6
1612 1937 1805 2004 χρόνος

222 2019 320 2070 καὶ
351 2018 380 2069 6
407 2019 572 2084 τόπος
597 2037 613 2053 ο
656 2019 929 2092 βοήθησον
955 2025 1089 2094 ἡμῖν
1117 2025 1145 2076 ὁ
1174 2025 1278 2078 ὑπὸ
1303 2025 1400 2077 τοῦ
1435 2026 1572 2080 Θεοῦ
1603 2044 1804 2096 τεταγ-

226 2107 391 2175 μένος
423 2110 504 2173 είς
536 2109 728 2164 τοῦτο·
781 2110 968 2180 ὃρεξον
1005 2116 1164 2184 χεῖρα
1219 2113 1345 2168 καθ’
1403 2116 1527 2168 ὅσον
1588 2110 1699 2169 οἷόν
1747 2116 1807 2169 τέ

223 2199 378 2252 ἐστιν
409 2215 424 2230 °
450 2199 599 2270 ἔχεις
630 2202 690 2254 τὸ
721 2202 928 2272 ἰσχύειν
951 2206 1105 2275 παρὰ
1130 2205 1252 2275 Θεῷ
1305 2208 1370 2260 ὲκ
1435 2206 1531 2260 τοῦ
1586 2209 1807 2260 πάντων

222 2289 531 2359 πρωτεύειν
551 2305 566 2321 ⁸
600 2293 661 2345 ὲν
689 2285 734 2360 ᾦ
763 2293 856 2346 καὶ
884 2294 1100 2365 ἑτέθης.
1121 2296 1658 2366 Πτόησον,δεόμεθα,
1680 2298 1808 2360 τοὺς

220 2381 541 2450 αίρετικοὺς
572 2383 751 2454 θῆρας
778 2384 1001 2456 σύριγγι
1028 2388 1123 2442 τοῦ
1169 2388 1315 2442 θείου
1355 2391 1514 2457 λόγου
1566 2406 1682 2444 σου.
1749 2392 1808 2444 '0

222 2473 432 2543 ποιμὴν
457 2472 487 2524 6
506 2474 692 2543 καλὸς,
724 2477 814 2541 θὲς
836 2477 935 2548 τὴν
961 2477 1143 2549 ψυχὴν
1160 2479 1306 2551 ὑπὲρ
1338 2479 1449 2533 τῶν
1474 2481 1769 2552 προϐάτων
1792 2498 1807 2512 ·

223 2565 564 2637 ίκετεύομεν.
648 2569 966 2622 Ἀκουσάτω
1008 2571 1042 2640 η
1091 2571 1184 2623 ὑπ’
1245 2571 1498 2642 οὐρανὸν,
1565 2574 1648 2626 ὅτι
1715 2573 1806 2642 ὑφ’

221 2655 380 2726 ὑμῶν
410 2657 902 2728 ἀναθεματίζονται
951 2661 1246 2722 συνοδικῶς
1299 2665 1348 2716 οἱ
1388 2663 1565 2718 ταῦτα
1625 2665 1810 2718 τετολ-

224 2751 486 2820 μηκότες,
516 2751 609 2804 καί
641 2769 705 2820 γε
743 2752 1240 2822 ἀναθεματίζοντες
1269 2755 1398 2818 τοὺς
1452 2757 1643 2825 ἁγίους
1694 2759 1806 2810 Πα-

221 2843 388 2912 τέρας
423 2843 602 2914 ἡμῶν.
637 2841 806 2897 Τοῦτο
838 2846 926 2913 εἴη
957 2845 1076 2916 Θεῷ
1118 2846 1446 2916 εὐπρόσιτον
1467 2865 1482 2881 ·
1550 2848 1808 2917 ἀγγέλοις

221 2936 318 2988 καὶ
371 2935 551 3004 ἁγίοις
599 2938 982 3008 χαρμόσυνον·
1044 2939 1427 3010 σαλευομένοις
1484 2943 1802 3012 στήριγμα·

220 3027 635 3099 ὲδραιουμένοις
737 3031 1162 3104 ἑπισφράγισμα
1209 3049 1226 3066 ο
1307 3036 1807 3089 καταπεπτωκόσιν

219 3121 518 3192 ἀνάστημα
542 3139 556 3154 ο
587 3124 737 3196 πάσῃ
777 3124 1076 3197 Ἐκκλησία
1107 3125 1410 3198 ὀρθοδόεων
1438 3129 1762 3200 ἀγαλλίαμα
1788 3144 1803 3159 ’

1834 1891 1881 1949 Β

1913 645 2094 698 adhuc
2141 645 2311 698 relicti
2351 655 2498 700 sunt.
2526 645 2802 700 Conticuit
2832 660 2994 699 omne
3023 660 3086 697 os
3118 644 3264 712 pium
3309 646 3502 698 mortis

1915 748 2060 790 metu
2095 755 2108 790 :
2143 747 2326 806 aperta
2371 745 2453 790 est
2481 737 2798 791 adversaria
2828 746 2881 790 et
2909 738 3223 806 blasphema
3267 737 3450 806 lingua
3484 755 3500 792 :

1913 839 2187 881 commota
2237 839 2321 883 est
2372 830 2554 883 omnis
2585 842 2717 882 caro
2761 829 2812 881 in
2854 829 3210 897 ambiguitate
3250 843 3498 882 versans.

1915 915 2016 970 Hei
2053 919 2180 970 mihi
2199 917 2217 969 .'
2253 919 2450 988 inquit,
2485 919 2610 987 quia
2659 917 2792 986 [acti
2838 934 3022 971 sumus
3073 927 3129 969 ut
3176 919 3266 985 qui
3301 916 3503 984 colligit

1912 1012 2177 1065 calamum
2224 1013 2275 1064 in
2311 1028 2497 1075 messe,
2520 1020 2568 1064 et
2610 1026 2874 1064 racemum
2929 1010 2985 1062 in
3039 1007 3335 1072 vindemia,
3383 1023 3502 1058 eunt

1912 1118 2016 1154 non
2045 1103 2112 1155 sit
2131 1105 2308 1154 botrus
2327 1104 2396 1155 ⁸².

1982 1191 2038 1245 1η
2085 1208 2208 1256 nos,
2269 1208 2303 1246 ο
2365 1193 2538 1258 beate,
2605 1191 2720 1245 haec
2770 1191 2954 1244 omnia
3013 1188 3151 1242 facta
3186 1197 3326 1241 sunt.
3369 1185 3502 1251 Qua:

1911 1290 2036 1360 quis
2094 1305 2201 1342 non
2263 1305 2404 1358 aegre
2439 1287 2640 1352 tulerit,
2695 1288 2748 1341 in
2795 1288 2976 1356 seipso
3019 1285 3252 1354 proximi
3301 1284 3500 1336 damna

1911 1381 2297 1437 considerans?
2336 1380 2470 1445 Quis
2515 1390 2698 1435 autem
2748 1379 3108 1432 ratiocinatus
3153 1391 3262 1429 non
3313 1373 3500 1439 fuerit,

1911 1489 2032 1528 esse
2081 1474 2345 1528 adventus
2403 1473 2721 1526 Antichristi
2763 1472 3060 1540 praeludia,
3103 1478 3313 1523 tantum
3351 1466 3504 1520 dilic-

1915 1565 2088 1620 rentia
2147 1573 2410 1634 quantum
2482 1565 2552 1618 ab
2615 1563 2914 1633 exemplari
2965 1563 3174 1632 imago,
3236 1563 3288 1613 in
3338 1573 3500 1628 quam

1912 1659 2078 1710 etiam
2128 1656 2434 1710 insanitur?
2468 1655 2586 1709 Hoc
2623 1657 2788 1722 igitur
2819 1657 2885 1708 ab
2911 1654 3273 1714 Occidente,o
3296 1651 3502 1705 Clu-isti

1914 1747 2201 1801 imitator:
2243 1745 2480 1816 Exsurge
2519 1756 2566 1798 et
2616 1761 2678 1798 ne
2724 1746 2947 1813 repellas
2997 1747 3052 1796 in
3101 1743 3342 1812 ﬁnem“.
3381 1739 3500 1794 Tibi

1914 1838 2049 1893 dixit
2073 1837 2324 1893 Christus
2384 1837 2527 1891 Dens
2577 1846 2766 1891 noster
2798 1855 2810 1889 :
2849 1836 2918 1889 Et
2951 1847 3006 1889 tu
3041 1836 3332 1905 aliquando
3373 1850 3501 1886 con-

1910 1947 2088 1985 versus
2156 1929 2493 1994 conﬁrmabis
2551 1931 2744 1998 fratres
2797 1930 3000 1982 tuos".
3057 1926 3198 1980 Ecce
3261 1936 3498 1994 tempus,

1909 2040 2038 2080 ecce
2069 2025 2222 2078 locus
2258 2043 2271 2077 :
2305 2024 2576 2092 opitulare
2609 2023 2789 2083 nobis,
2819 2023 2915 2091 qui
2976 2038 3036 2075 es
3090 2037 3118 2074 a
3168 2023 3276 2074 llco
3299 2024 3364 2074 ail
3402 2021 3503 2073 hoc

1910 2117 2198 2170 ordinatus
2236 2134 2250 2170 :
2287 2115 2507 2184 porrige
2542 2129 2760 2167 manum
2796 2123 3060 2183 quantum
3114 2112 3226 2167 fieri
3276 2123 3447 2181 potest
3485 2129 3500 2167 :

1912 2207 2083 2262 babes
2120 2215 2442 2277 potestatem
2477 2222 2506 2259 a
2547 2205 2678 2270 Deo,
2705 2220 2771 2259 eo
2800 2205 2944 2272 quod
2974 2204 3218 2257 omnium
3249 2205 3502 2272 princeps

1908 2314 1970 2354 es
2007 2320 2019 2354 :
2061 2299 2115 2352 ili
2150 2313 2260 2368 quo
2297 2309 2351 2353 et
2394 2301 2606 2367 positus
2653 2312 2734 2350 es.
2791 2294 3058 2361 Terreto,
3105 2295 3502 2363 supplicamus,

1912 2391 2193 2444 lizereticas
2254 2390 2398 2444 feras
2451 2389 2664 2444 calamo
2725 2387 2895 2442 divini
2947 2387 3092 2440 verbi
3154 2385 3253 2439 tui.
3313 2385 3493 2438 Pastor

1910 2481 2070 2543 bone.
2113 2497 2255 2551 pone
2291 2484 2532 2536 animam
2569 2494 2669 2550 pro
2707 2480 2923 2542 ovibus,
2965 2479 3357 2549 supplicamus.
3391 2479 3502 2530 Au-

1909 2576 2020 2629 diat
2048 2574 2291 2630 Ecclesia
2323 2590 2445 2645 qua:
2485 2574 2589 2628 sub
2626 2573 2768 2627 οωιο
2797 2581 2906 2636 est,
2935 2573 3078 2641 quod
3108 2588 3137 2625 a
3169 2572 3323 2625 vobis
3365 2585 3502 2623 ana-

1911 2667 2336 2723 thematizantur
2400 2681 2496 2736 per
2548 2666 2818 2737 synodum
2856 2665 2951 2734 qui
2981 2665 3096 2718 haec
3131 2661 3274 2722 ausi.
3305 2672 3358 2716 et
3386 2661 3500 2730 jam

1909 2774 2129 2817 sanctos
2179 2759 2368 2815 Patres
2421 2769 2644 2815 nostros
2675 2759 3165 2812 anathematizauit.
3196 2755 3310 2810 Hoc
3340 2754 3504 2807 fuerit

1913 2855 2020 2909 Deo
2052 2863 2360 2922 acceptum,
2388 2853 2598 2921 angelis
2632 2859 2687 2905 et
2724 2851 2932 2904 sanctis
2962 2849 3242 2919 gaudium,
3275 2861 3499 2899 concus-

1909 2950 1985 3004 sis
2013 2948 2437 3010 f‘mnamentum,
2463 2945 2706 3000 fundatis
2738 2943 3075 3007 stabilimen,
3117 2939 3282 3008 lapsis
3317 2952 3502 2992 resur-

1911 3041 2100 3105 rectio,
2149 3041 2295 3094 omni
2333 3039 2764 3092 orthodoxorum
2814 3033 3070 3090 Ecclesia!
3100 3031 3412 3092 exsultatio,
3447 3035 3502 3081 et

1912 3146 2016 3190 true
2049 3147 2192 3190 certe
2221 3132 2560 3193 eelsitudini.
2594 3129 2898 3185 secundum
2935 3143 3030 3182 eos
3066 3127 3158 3196 qui
3194 3123 3503 3192 antiquitus

219 3213 318 3266 καί
348 3231 412 3283 γε
441 3217 508 3308 τῇ
548 3218 613 3287 σῇ
639 3219 1037 3290 κορυφαιότητι
1071 3220 1215 3274 κατά
1242 3223 1373 3284 τοὺς
1443 3222 1611 3275 πάλαι
1668 3241 1805 3294 προ-

1916 3235 2331 3301 ρι-αιοεεεοιιιηι,
2354 3236 2618 3279 aeternum
2647 3221 3068 3275 monimentum.
3101 3216 3204 3283 Qui
3227 3213 3502 3270 similibus

217 3307 612 3377 ηγησαμένους
639 3311 983 3380 μνημόσυνον
1015 3309 1253 3366 αἰώνιον.
1273 3315 1336 3366 (ὶῖ
1372 3315 1432 3367 ὲν
1453 3317 1563 3378 τοῖς
1599 3317 1805 3385 ὁμοίοις

221 3401 440 3468 καιροῖς
471 3399 539 3454 τὰ
569 3402 702 3472 παρ’
729 3401 885 3471 ημῶν
919 3403 1027 3456 τῶν
1070 3405 1414 3474 ἁμαρτωλῶν
1453 3408 1549 3460 νῦν
1615 3410 1807 3462 αίτού-

225 3507 365 3560 μενα
381 3489 704 3562 δεδρακότες
729 3510 863 3547 πνευ
873 3497 1251 3565 ματοκινήτως
1273 3514 1288 3528 ο
1307 3499 1404 3552 καὶ
1434 3517 1541 3570 μνη
1551 3503 1808 3569 μονεύον-

220 3596 350 3641 ται.
383 3583 476 3634 καὶ
521 3587 948 3653 μεμακάρινται.
980 3587 1204 3649 Πάντως
1257 3589 1314 3644 δὲ
1351 3591 1686 3662 πιστεύομεν
1733 3595 1814 3658 ὼς

222 3670 364 3742 ἐλέῳ
407 3674 712 3748 οἰκτιρμῶν
745 3680 1135 3749 καμπτόμενος
1165 3681 1299 3752 δέξῃ
1319 3684 1478 3753 ἡμῶν
1501 3685 1560 3737 τὸ
1587 3686 1809 3748 εὐτελὲς

223 3763 498 3835 γράμμα·
549 3769 788 3838 Χριστὸν
843 3771 1222 3844 μιμούμενοςο
1263 3776 1324 3839 ὃς
1384 3777 1519 3840 Θεὸς
1571 3778 1648 3830 ὢν
1702 3779 1812 3835 τῶν

225 3857 506 3924 ἁπάντων,
536 3859 636 3915 οὐκ
667 3863 948 3934 ἀπηξίωσε
979 3866 1078 3936 τὴν
1103 3868 1257 3938 παρά
1289 3869 1546 3942 Αὑγάρου
1589 3874 1810 3926 ἐπιστο-

224 3949 326 4020 λὴν
371 3951 466 4004 καὶ
489 3952 766 4022 δέξασθαι,
801 3958 894 4010 καὶ
926 3959 1062 4030 πρὸς
1087 3960 1257 4032 αὐτὴν
1278 3962 1634 4035 ἀντιγράψαι.

695 4093 797 4149 ll".
825 4122 892 4134 -—
931 4091 1015 4159 Τῷ
1043 4093 1226 4159 αὐτῷ.
1260 4093 1388 4168 [σα’]

1911 3319 2249 3390 temporibus
2308 3330 2431 3370 cum
2486 3313 2716 3368 fecerint
2743 3327 2806 3366 ea
2847 3325 2968 3380 quae
3003 3325 3032 3363 s
3061 3309 3222 3362 nobis
3250 3316 3506 3376 peceato-

1911 3415 2065 3468 ribus
2092 3425 2234 3464 nunc
2269 3418 2560 3480 petuntur,
2598 3405 2804 3475 Spiritu
2834 3412 3022 3458 sancto
3045 3402 3242 3464 afflati;
3271 3408 3323 3452 et
3350 3413 3506 3452 com—

1913 3515 2310 3568 memorantur,
2355 3512 2409 3556 et
2456 3501 2600 3556 beati
2650 3498 2819 3552 habiti
2865 3505 3012 3552 sunt.
3043 3495 3273 3549 Prorsus
3325 3501 3503 3545 autem

1911 3599 2188 3654 credimus
2229 3606 2283 3650 et
2308 3593 2665 3657 confidimus,
2693 3591 2838 3659 quod
2866 3587 3240 3643 misericordia
3273 3585 3506 3637 misera-

1913 3693 2119 3745 tionum
2172 3688 2344 3741 ﬂexus
2397 3696 2639 3740 nostram
2674 3695 2888 3737 tenuem
2922 3681 3212 3751 epistolam
3245 3677 3504 3742 accipies,

1911 3783 2194 3837 Christum
2240 3779 2506 3843 imitatus,
2543 3778 2661 3841 qui,
2695 3775 2836 3829 Deus
2871 3790 2994 3828 cum
3044 3781 3192 3826 esset
3234 3771 3505 3824 omnium,

1915 3890 2025 3929 non
2087 3870 2361 3926 recusavit
2405 3868 2475 3922 ab
2515 3867 2735 3938 Abgaro
2806 3863 3101 3935 epistolam
3149 3860 3420 3928 accipere,
3455 3863 3511 3908 et

1915 3976 2153 4037 accepta:
2185 3963 2508 4020 rescribere.

2478 4093 2616 4149 XIII.
2650 4125 2718 4135 ——
2748 4091 2954 4147 Eidem.

1107 4213 1339 4274 Ejusdem
1361 4229 1418 4266 ac
1438 4217 1669 4280 superior
1694 4219 1993 4284 argumenti.
2022 4219 2332 4281 (Baron.an.
2357 4215 2466 4274 8l8,
2494 4228 2545 4263 ο.
2570 4214 2642 4275 2.)

232 4311 320 4379 Τῷ
378 4313 452 4368 τὰ
504 4314 703 4370 πάντα
758 4319 1193 4389 παναγεστάτῳ
1239 4324 1446 4392 "arpi,
1510 4329 1819 4396 κορυφαίῳ

301 4404 570 4474 φωστῆρι
616 4407 1025 4476 οὶκουμενικῷ,
1065 4411 1249 4479 κυρίῳ
1306 4411 1495 4480 ἡμῶν,
1547 4413 1815 4483 δεσπότῃ

299 4497 686 4564 ἀποστολικῷ
712 4499 902 4568 mina,
939 4501 1244 4570 Ἰωάννης,
1287 4503 1626 4572 Θεοδόσιος,
1664 4507 1818 4562 Ἀθα-

299 4591 539 4658 νάσιος,
567 4593 887 4661 Θεόδωρος.
928 4593 1240 4664 ἐλάχιστοι
1285 4598 1676 4665 πρεσϐύτεροι
1716 4601 1814 4652 καί

302 4685 626 4755 ἡγούμενοι
671 4683 792 4739 τῶν
839 4689 1117 4755 Καθαρὰ,
1155 4687 1276 4741 τῶν
1332 4689 1662 4758 Πικριδίου,
1709 4691 1816 4745 τοῦ

305 4777 778 4845 Παυλοπετρίου,
803 4775 920 4830 τῶν
949 4779 1257 4831 Στουόίου.

317 4868 732 4937 Ἐπεσκέψατο
751 4868 907 4938 ὑμᾶς
956 4868 1249 4937 Ἀνατολὴ
1275 4869 1345 4935 ἐξ
1409 4871 1630 4941 ὕψους.
1687 4872 1816 4943 Χρι-

235 4959 361 5022 στος
391 4963 418 5013 6
448 4961 579 5023 Θεὸς
604 4961 762 5032 ἡμῶν
788 4979 802 4993 ο
835 4964 933 5034 τὴν
963 4962 1059 5033 σὴν
1095 4965 1153 5016 ὲν
1209 4967 1276 5035 τῇ
1323 4964 1490 5018 Δύσει
1541 4965 1816 5037 μακαριό-

234 5069 396 5121 τητα,
427 5052 620 5124 ὥσπερ
650 5055 774 5108 τινὰ
807 5055 1029 5126 λυχνίαν
1059 5056 1288 5127 θεαυγῆ,
1319 5059 1399 5120 είς
1469 5059 1814 5128 περίλαμψιν

237 5145 339 5215 τῆς
366 5145 461 5198 ὑπ’
508 5146 740 5216 οὐρανὸν
782 5147 1131 5218 Ἐκκλησίας,
1188 5151 1282 5203 ὲπί
1313 5148 1406 5202 τὸν
1458 5149 1820 5203 ἀποστολικδν

237 5234 546 5307 πρώτιστον
579 5237 766 5306 θρόνον
801 5239 1050 5309 θέμενος.
1086 5241 1198 5294 Καὶ
1225 5243 1337 5310 γὰρ
1365 5240 1504 5312 ᾔσθη
1515 5259 1613 5311 μεν
1639 5243 1818 5310 φωτὸς

237 5327 430 5398 νοεροῦ
465 5329 516 5381 οἱ
545 5330 604 5382 ὲν
635 5330 817 5382 σκότει
848 5332 939 5384 καὶ
984 5335 1113 5404 σκιᾷ
1171 5332 1404 5387 Θανάτου
1459 5335 1816 5405 ὲνισχημένοι

236 5417 338 5487 τῆς
371 5419 619 5489 πονηρᾶς
653 5419 925 5488 αἱρέσεως
951 5438 964 5453 ·
1009 5423 1104 5476 καὶ
1129 5423 1190 5476 τὸ
1216 5424 1379 5491 νέφος
1426 5427 1525 5494 τῆς
1575 5423 1818 5493 ἀθυμίας

237 5506 562 5578 ἀπεθέμεθα
584 5526 596 5539 ·
635 5509 891 5581 καὶπρὸς
918 5513 1162 5582 χρηστὰς
1191 5514 1411 5576 ἐλπίδας
1445 5515 1819 5585 άνενεύσαμεν

239 5602 623 5672 μεμαθηκότες
680 5603 748 5656 δι’
778 5599 854 5657 ὦν
908 5606 1310 5676 ἀπεστείλαμεν
1359 5607 1606 5676 ἀδελφῶν
1659 5607 1818 5677 ἡμῶν

237 5695 335 5748 καὶ
367 5695 688 5760 συνδούλων,
731 5691 818 5750 οἷα
847 5699 942 5750 καὶ
971 5699 1136 5769 ἡλίκα
1166 5699 1416 5768 πέπραχε
1455 5717 1514 5751 τε
1547 5702 1640 5752 καὶ
1668 5701 1815 5751 λέλε-

239 5803 336 5858 χεν
370 5788 404 5856 ἠ
439 5788 572 5856 ἁγία
604 5790 760 5860 ὑμῶν
798 5791 1168 5862 κορυφαιότης
1197 5793 1352 5855 ’τοὺς
1386 5793 1485 5862 μὲν
1506 5793 1820 5863 αίρετικοὺς

1927 4326 2034 4382 Per
2064 4329 2242 4380 omnia
2284 4323 2682 4395 religiosissima
2728 4319 2904 4383 Patri,
2959 4333 3202 4387 supremo
3249 4315 3514 4368 Iumiuari

1996 4417 2306 4481 universali,
2330 4416 2542 4469 domino
2574 4421 2778 4476 nostro,
2794 4411 3006 4462 domino
3026 4407 3312 4478 apostolico
3333 4422 3508 4476 papw.

1994 4510 2249 4574 Joannes,
2285 4507 2626 4569 Theodosius,
2665 4504 3010 4568 Athanasius,
3041 4501 3365 4563 Theodorus,
3408 4501 3512 4552 mi-

1998 4607 2128 4658 nimi
2151 4601 2435 4672 presbyteri
2463 4608 2511 4653 ει
2546 4597 2825 4667 Pro-positi
2849 4594 3224 4660 Catharorum,
3258 4591 3510 4657 Picridii,

1998 4695 2348 4763 Paulopetrii,
2380 4701 2429 4746 et
2463 4688 2663 4745 Studii.

1993 4874 2239 4945 Respexit
2266 4889 2360 4928 nos
2387 4873 2558 4926 oriens
2585 4889 2649 4926 ex
2667 4872 2846 4936 alio",
2864 4868 3118 4925 Christus
3135 4867 3276 4923 Deus
3303 4875 3510 4930 noster,

1923 4975 2072 5019 tuam
2125 4967 2176 5018 in
2207 4963 2506 5019 Occidente
2553 4962 2983 5026 beatitudinem,
3013 4969 3273 5029 tanquam
3329 4957 3501 5011 facem

1923 5055 2215 5124 quamdam
2252 5053 2518 5108 divinitus
2541 5058 2836 5116 lucentem,
2869 5050 2935 5105 ad
2968 5051 3222 5106 Ecclesia:
3251 5065 3371 5119 quae
3401 5051 3506 5103 sub

1924 5148 2063 5204 cmlo
2104 5157 2188 5202 est
2228 5145 2706 5206 illuminationem,
2737 5145 2788 5197 in
2823 5144 3118 5212 apostolica
3158 5143 3332 5212 prima
3369 5143 3502 5196 seile

1923 5241 2284 5295 constituens.
2323 5239 2536 5293 Etenim
2586 5237 2872 5307 spiritualc
2911 5236 3091 5289 lumen
3140 5235 3504 5304 percepimus,

1925 5335 2016 5404 qui
2043 5333 2096 5387 in
2125 5332 2362 5387 tenebris
2409 5340 2462 5385 et
2500 5333 2551 5384 in
2597 5331 2789 5384 umbra
2819 5329 3008 5384 mortis
3035 5327 3294 5396 improba:
3329 5325 3507 5380 haere-

1926 5441 2050 5482 seos
2086 5427 2446 5481 tenebamur:
2487 5434 2539 5479 et
2565 5424 2796 5479 tristitia:
2833 5422 3083 5476 nebulam
3129 5422 3508 5490 deposuimus,

1925 5529 2089 5588 atque
2120 5517 2172 5572 in
2215 5531 2366 5586 spem
2400 5517 2654 5585 optimam
2695 5514 3017 5569 emersimus
3049 5555 3062 5577 ,
3095 5529 3220 5567 cum
3278 5511 3512 5566 (“dicis-—

1925 5625 2105 5664 scmus
2143 5624 2210 5662 ex
2267 5608 2520 5662 fratribus
2551 5607 2751 5662 noStris
2777 5615 2828 5661 et
2863 5605 3142 5660 conservis
3166 5619 3308 5674 quos
3351 5603 3514 5657 misi-

1933 5717 2074 5766 mus,
2110 5701 2291 5770 qualia
2316 5709 2585 5769 etquanta
2637 5700 2806 5770 egerit
2839 5707 2891 5753 et
2929 5698 3128 5752 dixerit
3159 5704 3345 5750 sancta
3391 5695 3504 5748 cet-

1929 5794 2111 5850 situdo
2137 5803 2315 5848 vestra
2345 5812 2356 5846 :
2380 5793 2600 5863 quando
2622 5792 2905 5848 hzereticos
2929 5791 3172 5862 quidem.
3203 5788 3513 5860 Apocrislao

310 5901 357 5935 "
386 5901 549 5959 Mich.
579 5919 672 5974 γη,
723 5905 773 5961 1.
851 5907 898 5940 ⁸³
923 5905 1068 5966 Psal.
1100 5923 1259 5974 me,
1293 5905 1382 5963 9.5.
1458 5909 1505 5940 "
1538 5905 1669 5963 Luc.
1702 5923 1810 5961 χιιι

1915 5909 1959 5962 2.
2037 5908 2080 5940 "
2117 5907 2248 5965 Luc.
2280 5923 2320 5974 ι,
2358 5906 2424 5961 78
