4164 6500
662 397 803 464 1155

1865 410 1922 466 So
1957 409 2350 470 THEODORI
2380 413 2727 473 STUDIT/E

3792 417 3949 479 1156

657 524 787 587 rios,
818 522 962 576 velut
993 521 1161 586 fures,
1194 538 1259 577 ne
1282 523 1335 577 in
1379 538 1595 578 sacrum
1632 525 1848 594 quidem
1880 538 2229 596 conspectum

2346 533 2788 602 ὶποκρισιαρίους
2817 531 2891 595 ὼς
2915 531 3251 597 λωποδύτας,
3284 532 3419 603 μηδὲ
3450 534 3531 595 είς
3565 534 3719 603 ἱεράν
3762 535 3957 601 αὑτῆς

656 614 900 669 admisit.
937 614 1030 668 sed
1059 630 1183 669 cum
1222 615 1407 684 procul
1456 616 1633 671 adhuc
1662 626 1862 683 essent,
1889 620 2081 673 merito
2107 619 2242 688 reje-

658 707 732 759 cit
762 724 774 759 :
810 707 1012 762 nostris
1038 723 1167 761 vero
1204 709 1607 763 calamitatibus
1636 724 1702 763 ex
1743 710 2044 765 litterarum
2088 713 2245 767 audi-

661 796 808 850 tione
838 808 891 851 et
947 797 1235 852 missorum
1285 798 1541 852 relatione
1595 800 1958 868 compatieus.
2004 801 2244 855 indoluit

660 895 823 956 atque
844 889 1128 956 ingemuit,
1148 889 1236 945 Dei
1252 891 1521 961 exemplo,
1546 900 1803 961 tanquam
1825 894 2058 963 propriis
2082 908 2247 948 mem-

662 982 795 1034 bris.
840 981 917 1033 Ac
949 982 1121 1050 reipsa
1150 998 1247 1036 nos
1307 982 1541 1039 humiles
1586 984 1975 1053 cognovimus,
2014 984 2245 1039 manife-

662 1083 802 1129 stum
838 1072 1225 1138 Apostolorum
1275 1074 1538 1144 principis
1577 1090 1951 1131 successorem
1981 1074 2245 1130 Romamn

663 1167 917 1221 Ecclesire
968 1164 1274 1233 prmsiderc,
1340 1177 1599 1237 certoque
1646 1168 1803 1223 nobis
1848 1168 2244 1239 persuasimus,

660 1258 953 1313 Dominum
990 1256 1290 1313 Ecclesiam
1335 1268 1578 1313 nostram
1633 1262 1859 1315 minime
1913 1260 2246 1325 deseruisse,

660 1350 749 1404 cui
805 1366 972 1405 unum
1030 1353 1318 1418 solumque
1361 1364 1390 1403 a
1435 1351 1589 1405 vobis
1630 1352 1895 1406 auxilium
1957 1352 2244 1416 hactenus,

663 1450 829 1510 atque
870 1442 938 1494 ab
971 1442 1089 1511 ipso
1129 1441 1377 1505 exordio,
1412 1441 1464 1494 in
1510 1444 1923 1499 occurrentibus
1961 1443 2245 1508 molestiis,

663 1530 756 1585 Dei
793 1533 1128 1601 providentia
1162 1550 1483 1590 concessum
1526 1544 1629 1588 est.
1680 1533 1787 1590 Vos
1854 1537 2018 1607 igitur
2061 1536 2248 1591 illimis

661 1641 850 1681 revera
881 1642 943 1682 ac
971 1630 1218 1685 sincerus
1264 1632 1332 1684 ab
1364 1630 1518 1683 initio
1566 1628 1689 1684 fons
1741 1631 2062 1686 orthodoxae
2101 1631 2247 1686 veri-

661 1719 791 1773 tatis
825 1736 837 1771 :
871 1734 970 1774 vos
1014 1722 1276 1777 adversus
1324 1737 1543 1776 omnem
1594 1722 1905 1779 haereticam
1952 1724 2244 1794 procellam

661 1810 990 1879 tranquillus
1044 1815 1316 1882 sepositus
1369 1814 1624 1871 Ecclesia:
1688 1816 1953 1872 universae
2000 1830 2237 1888 portus:

2346 621 2474 676 θέαν
2530 624 2946 694 προσηκαμένη,
2976 624 3248 707 erismae
3300 624 3461 687 ὄντας
3524 626 3750 689 ὲνόἱκως
3802 631 3953 681 ἁπο-

2345 715 2677 785 πεμψαμένη
2711 731 2724 744 °
2754 719 2864 778 τοῖς
2892 716 2948 769 δὲ
2986 717 3275 787 ἡμετέροις
3313 716 3816 787 ταλαιπωρήμασι,
3850 719 3954 770 διὰ

2344 808 2443 876 τῆς
2469 808 2862 877 ὲπακροάσεως
2896 808 3005 861 τῶν
3031 808 3402 884 γραμμάτιον,
3454 808 3560 884 ’καὶ
3618 807 3952 877 διηγήσεως

2344 898 2457 950 τῶν
2528 899 2983 961 ἀποσταλέντων,
3041 880 3494 965 ὲπιᾶτυγνάσασά
3536 915 3596 951 τε
3644 889 3755 951 τισὶ
3816 902 3956 951 ἑπι-

2346 989 2648 1054 στενάξασα
2683 990 3143 1060 θεομιμήτως,ὼς
3175 990 3397 1053 οἰκείοις
3426 990 3637 1061 μέλεσι.
3690 990 3805 1043 Καὶ
3845 991 3952 1042 δν-

2349 1100 2455 1146 τως
2489 1082 2738 1153 ἔγνωμεν
2766 1083 2815 1135 οί
2854 1084 3127 1145 ταπεινοὶ,
3153 1082 3229 1147 ὡς
3256 1083 3492 1153 ἐναργὴς
3535 1083 3785 1153 διάδοχος
3836 1082 3951 1135 τοῦ

2346 1174 2454 1227 τῶν
2502 1174 2817 1227 ἀποστόλων
2846 1175 3146 1244 κορυφαίου
3173 1168 3419 1243 προέστη
3450 1173 3551 1245 τῆς
3614 1173 3952 1243 Ῥωμαῖκῆς

2363 1265 2691 1335 Ἑκκλησίας
2721 1282 2735 1296 °
2772 1264 2991 1335 ἀληθῶς
3021 1264 3370 1336 πεπείσμεθα
3396 1307 3411 1332 ,
3463 1266 3547 1319 ὅτι
3576 1266 3677 1317 οὑκ
3734 1268 3953 1333 ἐγκατ-

2347 1356 2503 1409 έλιπε
2539 1358 2741 1427 Κύριος
2773 1358 2871 1425 τὴν
2904 1358 3025 1415 καθ’
3059 1360 3208 1427 ἡμᾶς
3244 1357 3572 1426 Ἐκκλησίαν
3597 1372 3612 1387 ο
3654 1358 3788 1426 μιᾶς
3839 1356 3951 1409 καὶ

2350 1448 2520 1518 μόνης
2549 1449 2645 1517 τῆς
2673 1448 2804 1516 παρ’
2840 1448 2994 1519 ὑμῶν
3047 1449 3370 1519 ἐπικουρίας
3410 1448 3618 1502 ἄνωθέν
3648 1464 3706 1500 τε
3749 1448 3847 1501 καὶ
3882 1446 3952 1509 ἐξ

2347 1540 2522 1609 ἀρχῆς
2552 1540 2611 1591 ὲν
2649 1540 2771 1599 ταῖς
2826 1538 3262 1605 συμϐαινούσαις
3310 1538 3698 1607 περιστάσεσιν
3763 1539 3952 1606 ὑπαρ-

2348 1632 2547 1701 χούσης
2580 1633 2717 1702 αὑτῇ
2769 1629 2904 1684 Θεοῦ
2932 1632 3265 1704 προμηθείᾳ.
3311 1630 3503 1700 Ὑμεῖς
3526 1626 3621 1683 οῦν
3670 1632 3748 1694 ὡς
3801 1630 3951 1699 ἀλη-

2349 1722 2458 1785 θῶς
2490 1724 2521 1791 ὴ
2557 1720 2831 1784 ἀθόλωτος
2879 1722 2978 1776 καὶ
3029 1722 3414 1793 ἀκαπήλευτος
3466 1722 3618 1792 πηγὴ
3644 1723 3702 1789 ἐξ
3759 1722 3949 1791 ἀρχῆς

2354 1814 2455 1882 τῆς
2481 1811 2831 1884 ὀρθοδοξίας·
2883 1814 3043 1882 ὑμεῖς
3100 1816 3129 1866 ὁ
3184 1814 3367 1882 πάσης
3427 1813 3709 1885 αἱρετικῆς
3767 1810 3950 1883 ζάλης-

660 1916 760 1955 vos
793 1917 822 1956 a
849 1902 958 1957 Deo
982 1905 1151 1959 electa
1180 1907 1369 1961 civitas
1394 1907 1587 1979 refugii
1608 1910 1820 1963 salutis.
1846 1908 1949 1964 Sed
1977 1915 2237 1980 quoniam

2346 1902 2713 1972 ἀνῳκισμένος
2731 1901 2905 1966 εὔδιος
2923 1903 3085 1972 λιμὴν
3102 1903 3200 1971 τῆς
3226 1903 3356 1971 ὅλης
3392 1902 3717 1973 Ἐκκλησίας
3734 1916 3752 1933 ο
3775 1902 3948 1970 ὑμεῖς

662 1995 1015 2049 temerarium
1041 2009 1122 2050 cst
1142 2013 1171 2051 a
1199 2000 1355 2053 nobis
1380 2001 1596 2055 miseris
1628 2016 1694 2055 ac
1736 2003 1971 2073 indignis
1994 2010 2242 2061 encomia

661 2089 883 2156 congeri
928 2088 1113 2143 divino
1150 2092 1357 2145 nomini
1410 2103 1614 2157 vestro,
1645 2094 1789 2165 quod
1854 2097 2053 2151 divinae.
2109 2096 2240 2154 olim

660 2179 860 2250 linguae
887 2183 1104 2236 beatum
1152 2185 1519 2253 praedicarunt
1552 2204 1564 2241 :
1599 2198 1820 2257 prestat
1857 2198 1918 2243 ut
1948 2190 2014 2245 ad
2046 2206 2247 2247 rerum-

660 2286 760 2327 nas
790 2283 1010 2330 nostras
1039 2277 1347 2332 veniamus.

729 2454 884 2527 [mpii
914 2472 1044 2528 ergo
1080 2469 1339 2515 consueta
1371 2461 1472 2515 sibi
1514 2461 1661 2516 omni
1699 2472 1891 2517 conatu
1928 2477 1994 2517 ac
2019 2460 2245 2517 vesania
2309 2499 2315 2505 .

660 2545 836 2602 facere
862 2564 967 2601 non
992 2561 1209 2606 cessant
1238 2570 1250 2606 :
1283 2568 1473 2608 omnes
1498 2592 1513 2615 ,
1546 2554 1639 2622 qui
1685 2555 1875 2609 mortis
1918 2564 2062 2609 metu
2089 2552 2241 2608 fran-

659 2648 885 2711 guntur,
906 2642 960 2695 in
991 2643 1218 2698 hzeresis
1244 2645 1561 2698 barathrum
1591 2646 1872 2701 trahentes
1897 2655 1949 2699 ct
1975 2646 2247 2714 abripien-

658 2738 780 2785 tcs:
812 2730 1079 2800 siquidem
1113 2734 1337 2787 omnino
1381 2748 1604 2788 necesse
1645 2744 1730 2789 est
1760 2750 1883 2787 cum
1918 2736 2013 2803 qui
2054 2735 2247 2789 cedere

659 2824 817 2886 nolit,
873 2825 1162 2880 verberum
1215 2826 1561 2893 aliorumque
1623 2827 2013 2897 suppliciorum
2068 2827 2243 2896 pinnis

658 2916 1003 2986 subjici:ita
1043 2926 1101 2971 ut
1154 2917 1400 2971 (lililuant
1455 2918 1660 2973 sensim
1713 2918 1907 2987 aliqui,
1962 2918 2107 2987 quod
2157 2927 2245 2971 est

658 3006 1057 3069 miserrimum,
1082 3008 1244 3061 etiam
1279 3023 1342 3062 ex
1374 3007 1441 3063 iis
1476 3008 1569 3077 qui
1604 3016 1885 3063 certamen
1928 3017 2087 3061 antea
2120 3022 2247 3061 sus-

656 3097 953 3151 tinuerant.
990 3095 1101 3153 Nos
1140 3112 1269 3152 vero
1310 3099 1527 3163 iterum,
1552 3098 1784 3154 humiles
1813 3111 1866 3155 et
1902 3100 1954 3153 in
1988 3100 2246 3154 membris

661 3188 952 3256 postremi,
988 3198 1094 3242 tam
1129 3203 1226 3257 pro
1257 3205 1416 3245 sacro
1447 3192 1670 3261 proprio
1713 3193 1908 3255 capite,
1945 3207 2109 3259 quam
2147 3207 2244 3260 pro

658 3279 886 3349 reliquis
933 3280 1340 3335 decertantibus
1379 3283 1626 3351 patribus
1653 3293 1705 3337 et
1732 3282 1990 3337 fratribus
2034 3285 2242 3337 auden-

657 3379 744 3425 tes
774 3372 1045 3440 legatione
1076 3372 1390 3440 fungimur,
1421 3380 1475 3426 ct
1506 3372 1860 3426 obsecramus
1891 3382 1950 3425 ut
1995 3374 2244 3427 console-

658 3472 746 3517 tur
770 3478 870 3517 nos
936 3473 1123 3517 sancta
1153 3472 1209 3515 et
1261 3463 1560 3532 apostolica
1617 3465 1799 3517 anima
1837 3473 1949 3519 tua.
1999 3462 2243 3519 Primum

655 3555 899 3625 quidem,
929 3555 1074 3624 quod
1103 3565 1157 3609 et
1183 3554 1361 3609 facere
1394 3554 1541 3608 illam
1568 3555 1865 3621 credimus,
1890 3571 1958 3610 ne
1990 3572 2119 3611 suas
2146 3572 2245 3625 pro

655 3648 953 3703 stabilitate
988 3655 1044 3703 et
1074 3648 1251 3702 salute
1280 3648 1528 3702 omnium
1582 3647 1751 3702 Deum
1788 3648 2063 3703 ﬂectentes
2108 3663 2239 3717 prc-

664 3756 758 3795 ces
782 3742 1129 3796 intermittat.
1150 3741 1225 3796 Ita
1248 3742 1593 3797 obtestamur
1615 3741 1987 3796 sacratissima
2009 3742 2239 3795 viscera.

657 3833 862 3890 Deinde
891 3845 952 3890 ut
977 3852 1098 3906 quae
1129 3836 1366 3905 Spiritus
1392 3837 1563 3892 sancti
1611 3834 1870 3889 instinctu
1913 3849 2011 3903 pro
2063 3834 2246 3889 humi-

658 3927 825 3981 litatis
856 3937 1053 3983 uostraa
1078 3928 1306 3983 utilitate
1331 3944 1394 3983 ac
1412 3937 1669 3998 perpetua
1693 3928 1906 3983 virtutis
1935 3942 2048 3983 suae
2085 3926 2245 3981 laude

655 4021 973 4077 deliberavit
1000 4032 1056 4078 et
1099 4022 1311 4089 statuit,
1347 4022 1415 4078 ad
1478 4020 1685 4077 exitum
1715 4061 1732 4089 ,
1782 4019 1895 4076 Deo
1932 4020 2244 4091 adjuvante,

656 4113 942 4183 perducat.

1044 4299 1187 4355 XIV.
1221 4300 1472 4371 -Ραρω
1517 4302 1881 4360 Alexandriae.

2345 1996 2684 2066 ήθεόλεκτος
2716 1995 2871 2057 πόλις
2904 1993 3000 2048 τοῦ
3033 1993 3468 2064 φυγαδευτηρίου
3496 1996 3595 2064 τῆς
3625 1994 3942 2063 σωτηρίας.

2358 2088 2499 2141 Ἀλλ’
2532 2088 2614 2140 ὅτι
2662 2087 2941 2158 τολμηρὸν
3002 2086 3132 2156 παρ’
3185 2085 3343 2155 ἡμῶν
3400 2085 3508 2139 τῶν
3549 2085 3788 2156 οἰκτρῶν
3837 2085 3945 2138 καὶ

2346 2180 2579 2243 ἀναξίων
2607 2178 2863 2249 ἐγκώμια
2889 2178 3163 2250 συναίρειν
3192 2181 3259 2249 τῇ
3290 2178 3397 2231 ὑπὸ
3452 2178 3613 2231 θείων
3668 2177 3944 2245 γλωσσῶν

2344 2268 2515 2321 πάλαι
2548 2268 3015 2339 μεμακαρισμένῃ
3057 2267 3214 2337 ὑμῶν
3283 2267 3563 2341 θεωνυμίᾳ
3594 2284 3609 2297 ·
3670 2269 3793 2321 δέον
3842 2271 3945 2322 ἐπὶ

2348 2362 2406 2415 τὸ
2437 2364 2620 2413 πονεῖν
2652 2360 2852 2413 ἐλθεῖν.

2417 2454 2484 2505 Οἱ
2514 2454 2615 2522 μὲν
2628 2448 2720 2505 οῦν
2742 2449 3068 2514 ἀσεϐοῦντες
3096 2450 3167 2504 τὰ
3188 2452 3394 2523 συνήθη
3427 2452 3526 2505 σὺν
3546 2451 3696 2523 πάσῃ
3726 2450 3939 2520 σπουδῇ

2348 2548 2443 2599 καὶ
2480 2546 2653 2616 μανίᾳ
2687 2545 2863 2597 ποιεῖν
2893 2544 2995 2597 οὑκ
3017 2544 3283 2598 ἑνδιδόασι
3309 2561 3324 2575 ο
3367 2544 3576 2607 πάντας
3606 2545 3941 2613 ὑφέλκοντες

2348 2642 2439 2691 καὶ
2470 2636 2856 2700 κατασπῶντες
2882 2638 2961 2699 είς
2986 2636 3050 2689 τὸ
3077 2638 3175 2707 τῆς
3202 2637 3475 2706 αἱρέσεως
3526 2636 3801 2707 βάραθρον
3842 2636 3939 2688 δε-

2352 2728 2701 2798 διττομένους
2724 2730 2816 2781 τὸν
2830 2727 3085 2781 θάνατον.
3129 2727 3372 2797 Ἀνάγκη
3403 2729 3476 2797 γὰ
3486 2746 3517 2799 ρ
3547 2731 3720 2793 πᾶσα,
3743 2729 3835 2781 τὸν
3859 2729 3941 2799 μὴ

2347 2821 2562 2873 εἴκοντα
2619 2822 2684 2889 τῇ
2717 2821 2929 2890 πονηρᾷ
2961 2820 3121 2889 φλογὶ
3143 2820 3250 2873 τῶν
3302 2822 3583 2891 μαστίγων
3612 2821 3935 2890 ὑποϐληθῆ-

2347 2927 2437 2963 ναι
2469 2910 2566 2962 σίδν
2602 2912 2715 2972 τοῖς
2740 2909 3077 2972 ἀκολούθοις,
3130 2909 3272 2962 ὥστε
3338 2910 3480 2963 κατά
3522 2908 3717 2980 μικρὸν
3758 2910 3939 2981 ὑπορο

2349 3002 2513 3071 ῥέειν,
2542 3002 2603 3054 τὸ
2636 3001 3051 3072 σχετλιώτατον,
3086 3003 3179 3053 καὶ
3202 3000 3262 3064 ἐξ
3286 3000 3468 3053 αὑτῶν
3518 3000 3629 3053 τῶν
3685 3000 3934 3071 ὴθληκόο

2346 3112 2475 3147 των.
2522 3093 2716 3163 Ἡμεῖς
2750 3093 2806 3145 δὲ
2825 3094 2920 3145 καὶ
2950 3088 3107 3154 αὖθις
3132 3093 3181 3144 οἱ
3211 3091 3462 3144 ταπεινοὶ
3491 3091 3587 3145 καὶ
3610 3090 3832 3162 ἔσχατοι
3876 3093 3941 3145 ἐν

2346 3188 2460 3248 τοῖς
2501 3187 2744 3257 μέλεσιν,
2792 3183 2934 3253 ὑπέρ
2967 3200 3027 3235 τε
3052 3182 3153 3250 τῆς
3189 3182 3401 3246 οἰκείας
3460 3183 3615 3252 ἱεράς
3660 3184 3940 3254 κεφαλῆς,

2347 3280 2444 3332 καὶ
2486 3278 2586 3346 τῆς
2611 3276 2975 3347 ἑνισταμὲνης
3041 3276 3419 3347 ὑπερεχούσης
3473 3277 3819 3347 πατρότητός
3873 3294 3939 3329 τε

2344 3377 2440 3426 καί
2470 3372 2857 3439 άδελφότητος,
2917 3369 3227 3439 τολμῶντες
3283 3368 3671 3440 πρεσϐεύομεν
3728 3387 3788 3424 τε
3839 3371 3939 3423 καὶ

2345 3462 2773 3533 ἐκλιπαροῦμεν,
2849 3461 3276 3532 παρακληθῆναί
3337 3479 3433 3515 σου
3474 3462 3576 3534 τὴν
3630 3464 3795 3532 ἁγίαν
3843 3462 3940 3514 καὶ

2344 3556 2711 3625 ἀποστολικὴν
2737 3554 2941 3626 ψυχήν.
2980 3553 3203 3625 Πρῶτον
3236 3555 3357 3625 μὲν,
3388 3556 3528 3626 ὅπερ
3571 3558 3665 3609 καὶ
3693 3556 3941 3608 πιστεύο-

2348 3664 2449 3718 μεν
2503 3651 2701 3711 ποιεῖν,
2760 3650 2836 3721 μὴ
2863 3650 3169 3717 καταλῆξαι
3197 3648 3301 3719 τῆς
3329 3649 3473 3718 ὑπὲρ
3500 3649 3817 3721 στηριγμοῦ
3840 3648 3941 3702 καὶ

2344 3739 2662 3803 διασώσεως
2722 3730 2981 3795 ἀπάντων
3042 3739 3359 3804 θεοκλινοῦς
3412 3741 3751 3812 προσευχῆς.
3802 3740 3935 3805 Ναὶ,

2344 3831 2577 3900 δεόμεθα
2605 3833 2673 3885 τὰ
2696 3830 2968 3902 ίερώτατα
3000 3831 3307 3900 σπλάγχνα.
3345 3832 3583 3885 Ἔπειτα
3606 3831 3643 3885 ἀ
3683 3848 3936 3901 πνευμα-

2349 3926 2649 3994 τοκινήτως
2675 3926 2809 3995 αὐτῇ
2854 3923 3211 3993 βεϐούλευται
3250 3924 3347 3978 καὶ
3381 3922 3617 3995 ὥρισται
3674 3923 3763 3976 ἐπ’
3796 3923 3941 3993 ὠφε-

2353 4015 2473 4087 λείᾳ
2496 4015 2594 4086 μὲν
2622 4014 2780 4085 ἡμῶν
2807 4015 2918 4067 τῶν
2950 4015 3245 4080 ταπεινῶν,
3282 4014 3488 4085 αίωνίῳ
3513 4015 3570 4067 δὲ
3600 4014 3941 4086 μακαρισμῷ

2354 4108 2455 4177 τῆς
2501 4108 2708 4170 οἰκείας
2735 4106 2939 4178 ἀρετῆς
2960 4148 2974 4174 ,
3002 4109 3083 4173 είς
3105 4107 3283 4179 πέρας
3310 4108 3409 4162 σὺν
3431 4108 3552 4179 Θεῷ
3577 4108 3830 4177 ἀγαγεῖν,

2632 4297 2730 4353 1Δ’.
2756 4329 2829 4341 --
2850 4298 3025 4365 Πάπςι
3053 4295 3534 4365 Ἀλεξανδρείας.
3578 4293 3727 4367 [σδ’.]

1428 4467 1659 4532 Ejusdem
1680 4482 1737 4519 ac
1761 4469 1871 4519 dua
1894 4468 2179 4531 superiores
2202 4464 2501 4532 argumenti.
2534 4465 2737 4529 (Baron.
2762 4478 2842 4514 an.
2863 4465 2975 4525 817,
3001 4478 3048 4513 ιι.
3072 4463 3177 4525 26.)

658 4616 725 4673 In
771 4621 1014 4675 omnibus
1071 4625 1405 4678 sanctissimo
1445 4625 1598 4681 Patri
1673 4626 1929 4691 Patrum,
1979 4627 2235 4680 luminari

725 4712 1094 4779 luminarium,
1123 4715 1345 4769 Domino
1365 4735 1494 4781 meo,
1518 4717 1742 4771 Domino
1762 4719 2066 4771 beatissimo
2083 4732 2235 4786 papa:

730 4805 1092 4867 Alexandriaz,
1119 4805 1418 4861 Theodorus
1445 4808 1695 4862 minimus
1719 4810 1989 4877 presbyter
2016 4817 2065 4861 et
2098 4822 2237 4876 pra:-

726 4898 929 4967 positus
962 4897 1163 4952 Studii.

728 5007 1018 5062 Maximum
1045 5008 1333 5063 humilitati
1365 5022 1499 5063 mea:
1542 5024 1767 5073 munus,
1809 5017 1863 5062 et
1891 5007 2089 5063 summi
2122 5007 2235 5061 voti
2272 5035 2320 5094 ο

656 5117 794 5170 opus
820 5111 959 5167 erat,
999 5112 1060 5157 ut
1090 5103 1286 5169 dignus
1320 5102 1503 5157 fierem
1534 5105 1626 5172 qui
1680 5116 1773 5171 per
1803 5102 2009 5155 litteras
2061 5100 2234 5152 collo-

656 5207 853 5263 querer
892 5208 1017 5247 cum
1063 5193 1364 5265 apostolico
1425 5193 1625 5247 vertice
1660 5203 1776 5255 tuo,
1816 5208 1921 5246 non
1957 5191 2133 5245 solum
2168 5193 2240 5244 ob

658 5286 976 5340 tenuitatem
1036 5286 1320 5355 parvitatis
1368 5300 1519 5345 meae.
1578 5301 1700 5353 qua:
1750 5285 1923 5354 impar
1949 5292 2118 5339 estut
2172 5282 2238 5337 ad

660 5377 901 5448 aequales
926 5378 1150 5443 scribat,
1180 5378 1377 5433 nedum
1400 5378 1464 5432 ad
1491 5386 1597 5432 tam
1629 5393 1888 5449 maguum
1912 5386 1965 5432 et
1992 5376 2236 5430 divinum

655 5478 820 5540 caput
851 5486 867 5537 ;
897 5485 1081 5525 verum
1106 5472 1265 5525 etiam
1289 5471 1359 5524 ob
1382 5469 1651 5525 ditIicilem
1678 5471 1729 5523 iu
1772 5480 1923 5524 tanto
1957 5469 2241 5523 intervallo

656 5576 963 5628 accessum,
992 5577 1152 5631 quem
1183 5561 1400 5616 etliuica
1444 5561 1713 5631 praecipue
1766 5561 1975 5617 inhibet
2022 5562 2240 5617 obstru-

657 5654 785 5708 ctio.
837 5653 1087 5708 Attamen
1124 5651 1215 5706 Dei
1272 5651 1461 5721 optimi
1490 5651 1734 5706 bonitate
1764 5653 1896 5707 mihi
1931 5653 2143 5726 obtigit,
2180 5662 2236 5708 et

658 5762 805 5801 nunc
836 5747 1016 5803 scribo
1042 5746 1257 5800 duabus
1282 5745 1350 5800 de
1372 5745 1555 5801 causis
1590 5764 1603 5799 :
1632 5746 1825 5810 altera,
1860 5754 1919 5800 ut
1951 5763 2063 5817 quo
2090 5747 2233 5817 jam-

656 5839 919 5895 dumdum
961 5848 1150 5896 teneor
1178 5837 1453 5896 desiderio
1481 5879 1497 5906 ,
1539 5837 1592 5892 id
1639 5848 1892 5909 peccator
1938 5839 2226 5910 explicem,

2348 4621 2431 4686 Τῷ
2452 4621 2523 4674 τὰ
2560 4619 2758 4673 πάντα
2802 4618 3100 4688 ἁγιωτάτῳ
3121 4615 3303 4683 [turpi
3333 4613 3632 4682 Πατέρων,
3667 4612 3937 4683 φωστῆρι

2415 4713 2771 4783 φωστήρων,
2808 4712 2990 4778 κυρίῳ
3031 4728 3175 4778 μου,
3203 4710 3474 4776 δεσπότῃ
3506 4712 3930 4777 μακαριωτάτη)

2416 4807 2585 4872 πάπᾳ
2611 4804 3083 4870 Ἀλεξανδρείας,
3110 4802 3413 4869 Θεόδωρος
3432 4799 3765 4869 ἐλάχιστος
3794 4818 3934 4867 πρεσ

2416 4903 2709 4968 σὸὐτερος
2739 4898 2838 4953 καί
2870 4898 3203 4966 ἡγούμενος
3243 4893 3364 4949 τῶν
3394 4894 3715 4948 Στουδίου.

2430 5015 2517 5077 Ὠς
2576 5015 2840 5084 μέγιστον
2897 5014 2963 5082 τῇ
3026 5012 3133 5081 ἐμῇ
3193 5007 3524 5064 ταπεινώσει
3580 5007 3783 5079 δῶρον,
3844 5008 3936 5061 καὶ

2342 5108 2507 5176 εὑχῆς
2556 5107 2655 5177 τῆς
2700 5105 2962 5159 ἀνωτάτω
2988 5103 3172 5175 ἔργον,
3199 5103 3288 5156 διὰ
3311 5102 3642 5174 γράμματος
3689 5099 3931 5169 ἀξιωθῆο

2342 5218 2429 5253 ναι
2471 5200 2550 5262 εἰς
2583 5197 2799 5267 ὁμιλίαν
2824 5196 2998 5249 ἐλθεῖν
3024 5198 3124 5266 τῆς
3153 5194 3520 5259 ἀποστολικῆς
3540 5210 3636 5246 σου
3659 5192 3928 5263 κορυφῆς.

2340 5294 2402 5345 οὑ
2446 5292 2606 5362 μόνον
2662 5290 2752 5344 διὰ
2802 5290 2864 5343 τὸ
2941 5288 3160 5352 εὐτελὲς
3220 5289 3321 5359 τῆς
3379 5286 3751 5358 σμικρότητός
3794 5300 3927 5355 μου·

2340 5379 2408 5453 ἧς
2451 5385 2544 5435 καὶ
2574 5382 2633 5435 τὸ
2682 5381 2825 5453 πρὸς
2875 5381 3027 5444 ῐσους
3082 5381 3317 5451 γράφειν
3377 5379 3581 5442 ἐνδεὲς,
3634 5377 3710 5446 μὴ
3758 5378 3839 5430 ὅτι
3865 5391 3926 5443 γε

2351 5479 2487 5547 προς
2516 5476 2661 5530 οὕτω
2698 5476 2945 5546 μεγάλην
2979 5478 3075 5529 καὶ
3105 5474 3257 5529 θείαν
3288 5471 3537 5541 κεφαλήν
3561 5489 3574 5503 ·
3625 5470 3767 5524 ἀλλά
3818 5471 3922 5540 γὰρ

2347 5570 2443 5622 καὶ
2495 5568 2581 5621 διά
2625 5569 2727 5639 τὴν
2797 5570 2855 5620 ὲν
2914 5565 3154 5637 τοσούτῳ
3183 5563 3496 5635 μακρυσμῷ
3550 5561 3809 5630 πάροδον,
3849 5564 3913 5631 τῇ

2344 5656 2529 5726 ἐθνικῇ
2558 5657 2640 5709 ὅτι
2670 5656 2902 5727 μάλιστα
2941 5653 3269 5725 είργομένην
3322 5649 3677 5719 διατειχίσει.
3732 5648 3917 5714 Ὅμως

2340 5749 2557 5820 εὐδοκία
2602 5748 2696 5802 τοῦ
2740 5746 3098 5818 ὑπεραγάθου
3132 5742 3271 5797 Θεοῦ
3298 5741 3591 5811 ἐξεγένετό·
3620 5758 3713 5813 μοι
3736 5757 3749 5770 ·
3780 5740 3916 5793 δυοῖν

2338 5840 2524 5893 εἵνεκα
2545 5856 2558 5869 ·
2591 5838 2708 5903 ἐνὸς
2744 5838 2867 5909 μὲν,
2894 5837 2968 5902 ὡς
3000 5836 3065 5890 ἂν
3094 5836 3160 5908 ἣν
3188 5834 3355 5890 πάλαι
3408 5828 3559 5904 εἶχον
3620 5829 3913 5900 ἐπιθυμίαν
