4164 6508
218 451 242 518 ι
264 451 362 519 157
1422 457 1816 518 EPISTULA!

1918 458 1958 517 il
1997 460 2140 521 LIB.
2206 460 2289 520 II.
3352 459 3490 527 1158

215 568 251 620 6
280 564 607 637 ἁμαρτωλὸς
636 565 1052 638 άποπληρώσω,
1076 566 1165 621 διὰ
1187 569 1383 638 νοερᾶς
1412 569 1808 640 προσψαύσεως

1918 571 2266 626 intellectuali
2322 579 2575 627 contactu
2639 588 2933 629 sacrorum
3000 574 3196 645 pedum
3255 587 3495 635 tuorum.

213 659 331 713 τῶν
385 658 551 730 ἰερῶν
578 676 671 712 σου
720 659 881 728 ἰχνῶν
904 674 917 688 ·
954 660 1079 712 οὐδὲ
1106 661 1213 731 γὰρ
1254 660 1430 725 άλλως
1483 658 1553 733 ἦν
1582 662 1806 715 δυνατὸν

1918 661 2354 731 quandoquidem
2390 662 2545 716 aliter
2576 672 2762 718 votum
2814 665 3031 734 explere
3082 680 3190 719 non
3224 667 3382 721 licet:
3412 670 3494 721 al-

212 753 281 805 τὸ
305 752 642 823 καταθύμιον
669 752 1027 823 πληρωθῆναι
1045 769 1060 783 ο
1094 753 1281 826 ἑτέρου
1311 754 1392 818 δὲ,
1436 756 1464 808 δ
1492 758 1586 809 καὶ
1609 756 1807 826 μᾶλλον

1918 764 2053 815 tera,
2085 768 2209 822 qua:
2238 755 2410 823 magis
2436 764 2608 823 urget,
2638 765 2697 809 ut
2724 758 2936 811 notiora
2968 759 3103 812 [iant
3144 758 3496 814 divinissimo

218 843 571 910 κατεπεῖγον,
601 839 739 910 πρὸς
785 840 847 892 τὺ
869 840 1278 913 γνωριμώτερα
1325 844 1681 914 παραστῆσαι
1737 845 1808 897 τά

216 930 521 983 sudeam
544 929 696 985 δεινά
728 930 992 1003 ἐνταῦθα,
1020 934 1089 1002 τῇ
1119 931 1375 1006 θειοτάτῃ
1432 951 1527 987 σου
1564 937 1805 1005 κορυφῇ,

218 1021 298 1084 ὡς
329 1020 727 1093 συμπασχούσῃ
762 1024 875 1086 τοῖς
910 1023 1004 1077 τοῦ
1044 1024 1168 1077 ὅλου
1227 1025 1483 1095 σώματος
1518 1026 1620 1097 τῆς
1683 1025 1810 1080 Ἐκ-

218 1115 454 1183 κλησίας
480 1115 720 1184 μέλεσιν.
765 1117 833 1168 Ἀ
874 1101 1227 1186 ὲξήκουσται,
1259 1117 1332 1180 ὡς
1360 1114 1543 1188 οἶμαι,
1576 1120 1673 1173 καὶ
1726 1120 1808 1184 είς

218 1204 294 1257 τά
324 1204 531 1276 ἔσχατα
565 1206 662 1275 τῆς
703 1206 1051 1278 οἰκουμένης,
1084 1208 1173 1263 διά
1202 1210 1263 1261 τὸ
1290 1210 1391 1279 τῆς
1438 1209 1643 1274 κακίας
1703 1228 1805 1265 πε-

224 1300 508 1371 ριϐὁητον.

297 1394 550 1465 Διωγμὸς
592 1393 920 1463 κατείληφεν
953 1392 1122 1462 ἡμᾶς,
1167 1385 1213 1447 ὧ
1265 1391 1675 1463 μακαριώτατε.
1719 1394 1812 1448 καὶ

221 1488 486 1559 διωγμῶν
518 1489 547 1540 6
574 1485 897 1558 βαρύτατος.
929 1485 1105 1538 Πάλαι
1136 1484 1237 1555 μὲν
1269 1484 1364 1540 οὖν
1396 1486 1599 1557 Ἀχαάϐ
1633 1486 1811 1556 ζητῶν

237 1582 429 1635 Ἠλίαν
469 1580 562 1633 τὸν
589 1580 897 1649 προφήτην,
928 1578 1108 1631 πάντα
1136 1578 1303 1631 τόπον
1343 1580 1625 1649 ἐμπρῆσαι
1654 1579 1809 1646 λέγεο

220 1687 316 1723 ται
340 1684 355 1700 ο
388 1668 483 1722 τοῦ
514 1666 850 1740 ἐμπρησμοῦ
881 1669 972 1722 τὸν
994 1669 1166 1739 θυμὸν
1192 1668 1288 1722 τοῦ
1317 1668 1548 1732 ἀσεὸυῦς
1578 1669 1812 1738 ὑποφαί-

222 1778 434 1825 νοντος.
459 1759 598 1815 Νυνί
628 1760 686 1815 δὲ
715 1762 745 1813 6
781 1760 1110 1832 Ἀχααόίτης
1149 1760 1243 1814 καὶ
1273 1762 1371 1831 τὴν
1401 1759 1559 1825 ἀξίαν
1589 1761 1685 1815 καὶ
1711 1761 1812 1831 τὴν

225 1849 485 1920 καρδίαν,
517 1850 580 1904 ού
612 1851 706 1904 τὸν
744 1850 928 1903 Ἦλιοὺ
963 1850 1124 1921 μόνον
1158 1851 1639 1921 ἐγγεγραμμένον·
1677 1851 1812 1905 ἀλλά

226 1944 327 1998 καὶ
349 1943 442 1997 τὸν
465 1942 655 1997 τούτου
676 1942 956 2014 Δεσπότην
990 1941 1195 2014 Ἰησοῦν
1218 1943 1474 2012 Χριστὸν,
1498 1943 1588 1997 τὸν
1608 1945 1814 2014 Κύριον

227 2034 331 2088 καί⁵
350 2034 481 2090 Θεὸν
505 2035 668 2107 ἡμῶν
683 2051 698 2067 ο
730 2034 829 2103 τὴν
850 2034 1112 2088 Θεοτόκον
1136 2036 1231 2088 καὶ
1256 2035 1435 2089 πάντα
1459 2035 1612 2104 ἅγιον
1635 2036 1815 2108 ζητῶν

226 2125 470 2198 ἑκζητεῖ,
504 2126 601 2180 καὶ
626 2124 807 2198 εὑρὼν
833 2124 1147 2194 ὲξαφανίζει
1176 2125 1333 2197 θυμῷ
1366 2127 1588 2199 μεγάλῳ
1618 2130 1683 2182 ἐκ
1712 2133 1816 2184 πά-

229 2234 335 2288 σης
368 2218 580 2284 πόλεως
614 2220 710 2273 καὶ
729 2218 915 2291 χώρας
938 2221 1038 2291 τῆς
1066 2219 1171 2273 ὑπὸ
1196 2222 1375 2292 χεῖρα.
1402 2220 1686 2276 Ἐντεῦθεν
1716 2223 1812 2276 θυ-

228 2314 526 2384 σιαστήρια
561 2310 990 2382 κατεσκαμμένα
1008 2325 1023 2341 ⁸
1054 2313 1172 2366 ναοὶ
1197 2312 1403 2384 Κυρίου
1427 2315 1810 2385 ἠχρειωμένοι,

229 2405 330 2459 καὶ
372 2405 493 2457 κατ’
526 2403 709 2466 οἴκους
741 2402 835 2455 καὶ
865 2401 1169 2466 καθολικῶς
1199 2403 1295 2456 καὶ
1333 2404 1393 2457 ἐν
1423 2403 1684 2475 ἀνδρῶσι,
1720 2406 1816 2459 καὶ

227 2496 290 2548 ὲν
327 2493 691 2566 παρθενῶσιν,
738 2492 788 2546 οί
857 2493 1048 2558 πάλαι,
1099 2493 1147 2546 οἰ
1197 2495 1394 2546 νεωστὶ
1427 2494 1812 2565 ὲγηγερμένοι.

241 2586 508 2641 Ἐλεεινδν
537 2585 717 2655 θέαμα
741 2583 933 2655 ῶσπερ
967 2583 1345 2653 ὲξοψισθέντας
1376 2586 1699 2656 ἀνθρώπους
1724 2588 1817 2641 τέ-

231 2679 378 2751 ρατά
407 2695 529 2731 τινα
549 2694 566 2712 ·
597 2677 773 2741 οὕτως
800 2679 899 2740 τὰς
929 2677 1025 2731 τοῦ
1057 2676 1195 2731 Θεοῦ
1228 2678 1554 2750 Ἐκκλησίας
1593 2679 1816 2749 βλέπειν

229 2771 602 2842 ἀφῃρημένας
652 2770 743 2825 τὸν
782 2771 989 2823 οἰκεῖον
1036 2770 1261 2840 κόσμον,
1302 2769 1397 2822 καὶ
1452 2769 1817 2839 άμορφώτους

229 2862 607 2926 καθεστώσας.
634 2861 732 2927 Τίς
756 2863 956 2933 ἢκουσε
982 2860 1220 2914 τοιοῦτον
1265 2859 1299 2929 ἥ
1323 2858 1568 2930 ἑώρακεν
1606 2863 1663 2913 ὲν
1700 2863 1814 2925 τοῖς

230 2954 406 3009 πάλαι
448 2954 797 3025 ἀσεϐήμασι;
834 2953 989 3023 Τάχα
1025 2954 1053 3005 6
1088 2952 1435 3023 ἐπικείμενος
1470 2954 1599 3023 ὑμῖν
1630 2954 1815 3024 Ἀραψ

230 3048 375 3100 αἰδοῖ
415 3044 701 3115 χρώμενος
737 3043 1211 3114 φιλοχριστότερον
1242 3042 1496 3109 διέξεισιν
1525 3046 1584 3096 ὲν
1616 3042 1814 3114 τούτῳ.

243 3136 387 3189 Ἀλλ’
423 3136 523 3206 οὐχ
565 3136 594 3188 6
634 3135 903 3207 ἡμέτερος
930 3134 1165 3205 Ταϐεήλ·
1203 3135 1431 3198 Φεῖσαι,
1480 3136 1681 3202 Κύριε,
1715 3135 1816 3188 καὶ

225 3228 317 3299 μὴ
340 3226 458 3293 δῷς
490 3228 703 3281 τέλεον
727 3226 842 3296 τὴν
867 3227 1277 3295 κληρονομίαν
1306 3242 1422 3280 σου
1445 3229 1534 3291 εἰς
1559 3226 1813 3293 ὄνειδος.
1843 3245 1885 3302 C

231 3318 347 3373 Καὶ
399 3319 449 3372 εἰ
493 3315 621 3382 τοὺς
666 3318 726 3371 ὲν
758 3318 942 3382 πίναξι
982 3316 1359 3388 χαρακτῆρας,
1385 3318 1513 3383 τοὺς
1555 3321 1612 3372 έν
1650 3320 1815 3390 ἱεροῖς

230 3403 570 3476 ἀναθήμασι,
593 3405 811 3469 δέλτους
839 3408 939 3468 τὰς
967 3406 1527 3477 ύπομνηματιζούσας
1558 3410 1690 3479 περὶ
1719 3410 1817 3461 αύ-

230 3500 366 3563 τῶν,
415 3496 681 3563 σκώπτει,
722 3499 996 3567 κωμῳδεῖ,
1032 3496 1277 3569 διασύρει
1312 3499 1387 3563 ὡς
1427 3500 1810 3570 βδελύγματω

231 3588 310 3655 ὡς
332 3588 620 3661 θεοστυγῆ⁶
665 3588 735 3643 τὰ
771 3587 1017 3657 θεοφιλῆ.
1049 3588 1144 3643 καὶ
1175 3589 1384 3659 κόσμου
1428 3592 1699 3661 σωτήρια·
1733 3590 1811 3645 ib!

228 3682 319 3745 τίς
360 3682 462 3736 οὐκ
495 3680 811 3746 ὲπιστάξειε
845 3680 1114 3751 δάκρυον;
1143 3680 1229 3745 τίς
1252 3682 1352 3735 οὐκ
1378 3683 1581 3753 ἀφήσει
1610 3700 1816 3738 στενα-

230 3775 377 3846 γμὸν
432 3778 499 3829 ὲκ
560 3773 758 3846 βάθους
806 3774 1034 3843 καρδίας
1090 3773 1589 3845 ἀναπεμπόμενονς
1658 3775 1813 3831 Ὀδοὶ

229 3865 392 3921 Σιὼν
418 3865 715 3922 πενθοῦσι
739 3865 899 3933 παρὰ
927 3865 995 3919 τὸ
1016 3863 1103 3936 μὴ
1137 3866 1291 3920 εἷναι
1321 3867 1448 3928 τοὺς
1472 3867 1713 3932 εὐσεϐῶς
1735 3869 1815 3922 δι-

228 3956 536 4020 οδεύοντας.
566 3955 675 4008 Καί
694 3970 759 4023 γε
806 3955 1039 4021 Πάντες
1062 3955 1403 4024 ἐξέκλιναν,
1430 3958 1549 4026 ἅμα
1570 3959 1818 4030 ἠχρειώο

230 4054 457 4119 θησαν.
510 4042 806 4121 Ἰεραρχεῖν
852 4048 1133 4114 δοκοῦντες
1177 4051 1274 4105 καὶ
1316 4052 1501 4122 ἱερεῖς,
1553 4055 1817 4123 μονασταὶ

231 4144 332 4197 καὶ
369 4142 616 4213 μιγάδες,
649 4143 759 4196 πᾶν
786 4141 968 4211 γένος,
997 4142 1092 4195 καὶ
1127 4144 1278 4196 πᾶσα
1327 4144 1515 4215 ἡλικία
1539 4161 1554 4175 ⁸
1611 4147 1660 4198 οἰ
1715 4145 1815 4217 μὲν

203 4231 419 4287 τέλεον
451 4232 860 4303 ναυαγήσαντες
915 4229 1046 4301 περὶ
1073 4229 1172 4302 τὴν
1200 4230 1403 4294 πίστιν,
1435 4232 1485 4284 οἰ
1528 4230 1585 4285 δὲ
1629 4232 1679 4283 εἰ
1722 4231 1817 4284 καί⁵

231 4324 364 4387 τοὺς
391 4321 690 4393 λογισμοὺς
714 4322 775 4375 ού
804 4320 1348 4387 καταποντισθέντες,
1380 4324 1445 4393 τῇ
1480 4322 1537 4375 δὲ
1562 4323 1813 4393 αἰρετικῇ

232 4412 494 4484 κοινωνίᾳ
536 4412 595 4479 ἐξ
629 4412 885 4483 ἡμισείας
910 4413 1018 4467 δέει
1057 4412 1373 4485 σωματικοῦ
1407 4413 1643 4469 θανάτου
1680 4432 1816 4484 συγ-

233 4503 663 4569 κινδυνεύοντες.
701 4504 845 4575 Πλὴν
884 4505 966 4558 ὅτι
993 4505 1131 4559 εἰσὶν
1158 4505 1636 4577 ὑπολελειμμένοι,
1673 4508 1816 4560 οἵτι-

1910 844 2103 899 vertici
2155 856 2249 898 tuo
2269 886 2285 910 ,
2311 862 2433 915 quae
2478 848 2567 902 hic
2587 848 2701 901 dira
2721 849 3037 904 acciderunt
3067 869 3081 904 :
3115 859 3176 905 ut
3204 851 3295 920 qui
3330 852 3499 906 totius

1914 936 2161 1004 corporis
2204 935 2457 992 Ecclesiae
2490 940 2752 993 membris
2778 940 3095 996 condoleat.
3122 942 3255 1007 Quae
3273 943 3496 1012 quidem

1911 1027 1996 1081 vel
2023 1027 2076 1081 in
2112 1027 2318 1082 ultimis
2346 1040 2504 1084 terra:
2538 1029 2739 1087 finibus
2781 1032 2852 1086 ob
2893 1043 3195 1087 extremam
3244 1034 3497 1103 impieta-

1914 1126 2023 1173 tem
2063 1118 2245 1173 audita
2280 1120 2556 1175 existimo.

1982 1384 2189 1440 Invasit
2253 1402 2354 1441 nos
2398 1388 2734 1457 persecutio,
2771 1390 3112 1457 beatissime,
3149 1400 3205 1447 et
3236 1408 3497 1462 persecu-

1912 1476 2123 1531 tionum
2191 1479 2539 1548 gravissima.
2593 1479 2734 1533 Olim
2806 1483 3026 1550 quidem
3084 1484 3273 1538 Achab
3322 1486 3495 1541 Eliam

1911 1583 2165 1636 quaerens
2231 1569 2575 1639 prophetam,
2614 1570 2731 1624 loca
2772 1573 2952 1625 omnia
3021 1574 3337 1631 incendisse
3358 1577 3497 1632 dici-

1911 1667 2021 1722 tur,
2078 1662 2329 1716 incendio
2384 1662 2477 1716 illo
2516 1664 2667 1733 impii
2717 1665 2853 1718 iram
2900 1673 2954 1719 et
3004 1665 3243 1722 furorem
3276 1670 3501 1723 demon-

1912 1759 2121 1806 straute
2142 1749 2210 1805 ⁸⁸.
2247 1750 2406 1807 Nunc
2447 1768 2578 1807 vero
2622 1767 2675 1809 et
2728 1756 2993 1825 dignitate
3045 1767 3096 1812 et
3126 1758 3293 1813 corde
3320 1760 3499 1815 Acha-

1913 1842 2079 1908 bites,
2116 1857 2223 1896 non
2271 1841 2445 1897 Eliam
2477 1844 2654 1898 solum
2689 1843 3118 1913 depictum,sed
3152 1848 3316 1917 hujus
3357 1865 3499 1919 quo-

1916 1949 2023 2003 que
2052 1932 2340 1987 Dominum
2370 1932 2556 1988 Jesum
2581 1932 2887 1995 Christum.
2922 1936 3213 1992 Dominum
3239 1946 3291 1994 et
3324 1940 3497 1995 Deum

1920 2034 2209 2090 nostrum,
2268 2024 2554 2094 Deiparam
2614 2035 2670 2081 et
2729 2037 2982 2082 sanctum
3046 2045 3497 2101 unumquemque

1916 2130 2170 2184 quau-ens
2218 2116 2433 2184 quaerit,
2469 2116 2868 2187 inventumque
2906 2132 3107 2190 magna
3154 2121 3232 2174 ira
3264 2121 3408 2176 delet
3438 2124 3493 2177 in

1916 2203 2066 2258 omni
2098 2204 2320 2258 civitate
2349 2213 2404 2258 et
2434 2204 2654 2275 regione
2690 2206 2919 2263 ditionis
2956 2222 3089 2263 sure.
3134 2206 3274 2265 Hinc
3309 2226 3501 2266 eversa

1916 2292 2132 2358 altaria,
2188 2294 2385 2364 templa
2434 2294 2650 2348 Domini
2693 2305 2929 2361 vastata,
2959 2307 3015 2352 et
3066 2298 3276 2367 privata
3310 2310 3365 2355 et
3395 2317 3501 2371 pu-

1915 2385 2080 2448 blica,
2112 2401 2232 2457 quae
2263 2388 2315 2441 in
2347 2387 2589 2441 virorum
2617 2388 2959 2458 etvirginum
3003 2390 3360 2456 habitaculis,
3392 2402 3503 2448 tam

1916 2487 2097 2532 vetera
2137 2493 2301 2547 quam
2356 2493 2545 2533 recens
2578 2486 2877 2534 exstructa.
2924 2478 3234 2537 Miserabile
3286 2492 3504 2553 specta-

1918 2571 2103 2625 culum
2129 2571 2142 2623 !
2169 2580 2428 2639 tanquam
2450 2567 2591 2624 facie
2606 2569 2942 2628 deformatos
2960 2573 3208 2629 homines
3233 2583 3289 2628 et
3318 2584 3506 2630 osten-

1917 2671 1970 2717 ta
2002 2664 2280 2734 quaedam,
2310 2666 2391 2720 sic
2424 2664 2518 2719 Dei
2549 2664 2825 2721 Ecclesias
2863 2677 3061 2722 ornatu
3086 2682 3189 2722 suo
3211 2667 3504 2723 destitutas

1918 2765 1973 2810 et
1999 2756 2263 2812 informes
2290 2757 2513 2812 relictas
2541 2759 2919 2828 contemplari.
2947 2759 3086 2825 Quis
3123 2760 3256 2815 talia
3288 2759 3503 2816 audivit

1920 2858 2013 2903 aut
2039 2848 2175 2903 vidit
2209 2864 2450 2918 unquam
2481 2850 2533 2905 in
2562 2851 2758 2922 prisca:
2785 2850 3158 2919 improbitatis
3192 2852 3506 2921 exemplis?

1920 2941 2016 2995 Ille
2064 2941 2202 3010 ipse,
2251 2941 2345 3009 qui
2390 2942 2701 2997 cervicibus
2752 2943 2953 2996 vestris
3006 2943 3275 2996 incumbit
3305 2943 3505 3008 Arabs,

1920 3034 2110 3089 mitius
2160 3034 2393 3089 forsitan
2423 3035 2528 3090 hac
2568 3036 2623 3090 in
2666 3044 2821 3106 parte
2851 3050 2978 3106 erga
3011 3036 3291 3091 Christum
3322 3052 3381 3092 se
3411 3052 3506 3107 ge-

1922 3128 2013 3181 rit.
2042 3129 2109 3182 At
2140 3142 2247 3181 non
2276 3130 2358 3183 sic
2389 3127 2591 3183 Tabeel
2638 3138 2829 3185 noster
2856 3146 2870 3183 :
2920 3128 3108 3193 Parce,
3154 3129 3412 3196 Domine,
3446 3147 3509 3185 ne

1919 3222 2006 3273 des
2053 3222 2198 3274 ultra
2237 3222 2600 3276 hereditatem
2631 3232 2776 3276 tuam
2813 3224 2870 3277 in
2904 3224 3239 3293 opprobrium
3268 3224 3336 3279 ⁸⁷.
3368 3224 3507 3279 Cum

1918 3328 2049 3382 ergo
2103 3313 2274 3381 pictas
2331 3314 2383 3367 in
2434 3314 2639 3371 tabulis
2682 3315 2951 3386 imagines
2983 3331 3014 3370 e
3057 3316 3231 3370 sacris
3266 3316 3510 3372 donariis

1916 3405 2181 3470 sublatas,
2216 3414 2269 3460 et
2298 3407 2470 3462 libros
2491 3408 2587 3477 qui
2619 3408 3160 3463 mentionemearum
3198 3410 3502 3473 continent,

1915 3499 2243 3566 proscindit,
2293 3500 2504 3567 irridet,
2539 3501 2847 3557 subsannat
2882 3510 3141 3572 tanquam
3180 3504 3508 3557 abominan-

1916 3587 1982 3641 da
2018 3600 2075 3643 et
2101 3590 2271 3644 invisa
2299 3590 2410 3644 Deo
2458 3592 2700 3661 piacula.
2738 3607 2863 3661 qua:
2907 3591 3016 3646 Deo
3047 3603 3270 3663 accepta
3296 3602 3424 3649 sunt
3453 3602 3509 3647 ct

1917 3679 2123 3733 mundo
2149 3680 2412 3735 salutaria
2449 3698 2463 3735 :
2492 3680 2608 3737 Heu
2631 3683 2645 3734 ἰ
2672 3682 2797 3751 quis
2823 3681 3097 3753 lacrymas
3131 3684 3355 3737 teneat?
3383 3688 3511 3753 quis

1918 3770 2149 3838 gemitus
2178 3787 2244 3825 ex
2271 3772 2381 3825 imo
2418 3781 2639 3843 pectore
2672 3788 2784 3829 non
2818 3775 2988 3830 edat?
3013 3772 3124 3829 Vite
3153 3774 3283 3829 Sion
3303 3776 3506 3845 lugent,

1916 3876 1976 3913 eo
2005 3863 2144 3933 quod
2176 3882 2281 3920 non
2309 3866 2414 3919 sint
2447 3866 2537 3935 qui
2565 3867 2653 3935 pie
2683 3867 2965 3921 ambulent
2994 3868 3047 3921 in
3076 3870 3156 3922 eis
3179 3868 3246 3921 ⁸⁸.
3286 3868 3349 3922 Ει
3372 3883 3503 3923 vero

1920 3962 2112 4017 Omnes
2175 3958 2608 4019 declinaverunt,
2656 3958 2817 4010 simul
2858 3957 3071 4011 inutiles
3122 3958 3255 4027 {acti
3298 3960 3508 4013 sum”.

1915 4051 2019 4116 Qui
2048 4048 2289 4120 episcopi
2326 4047 2651 4101 videbantur
2695 4056 2752 4102 et
2804 4047 3138 4112 sacerdotes,
3169 4048 3425 4104 monachi
3458 4060 3513 4105 et

1917 4142 2227 4205 saeculares,
2259 4139 2442 4194 omnis
2473 4152 2638 4194 sexus
2683 4146 2739 4193 et
2759 4139 2941 4193 omnis
2978 4148 3131 4203 tetas,
3156 4140 3249 4193 alii
3282 4140 3508 4209 quidem

1916 4234 2063 4289 circa
2114 4232 2271 4287 [idem
2313 4230 2565 4284 ultimum
2613 4227 2957 4299 naufragium
2999 4231 3146 4298 passi
3195 4239 3365 4297 sunt,
3396 4230 3514 4284 alii.

1917 4328 1965 4381 si
2011 4325 2196 4380 minus
2234 4332 2417 4379 mente
2459 4331 2512 4377 et
2560 4321 2893 4391 cogitatione
2935 4320 3198 4387 demersi,
3257 4322 3510 4377 haeretica

1915 4419 2110 4473 saltem
2133 4414 2524 4470 communione
2548 4413 2743 4467 mortis
2798 4421 2945 4468 metu
2977 4424 3277 4479 contracta,
3308 4414 3505 4470 eodem

1916 4524 1979 4563 ex
2021 4514 2176 4577 parte
2220 4504 2465 4576 periculo
2512 4504 2767 4559 involuti.
2810 4504 3008 4560 Relicti
3052 4515 3236 4561 tamen
3283 4506 3510 4575 quidam

231 4610 342 4663 νες
384 4597 496 4649 οὐκ
543 4596 826 4665 ἔκαμψαν
874 4598 1021 4666 γόνυ
1070 4596 1146 4666 τῇ
1192 4599 1379 4653 Βάαλ.
1418 4600 1528 4652 Καὶ
1569 4599 1816 4654 τοσοῦτοι

1922 4608 2051 4655 sunt
2096 4598 2187 4667 qui
2234 4613 2339 4651 non
2381 4606 2729 4651 curvaverant
2779 4613 2950 4667 genua
2994 4607 3115 4651 ante
3150 4596 3293 4651 Baal
3317 4600 3362 4630 ⁹⁰
3388 4614 3407 4653 :
3439 4599 3515 4654 si-

232 4686 425 4739 ὁπόσοι
454 4686 546 4739 καὶ
576 4686 909 4756 ἠρίθμηνται
938 4688 1150 4759 Κυρίῳ.
1176 4688 1291 4757 Πρὸ
1318 4690 1534 4741 πάντων
1558 4690 1586 4742 6
1614 4687 1822 4758 πρώτι-

237 4794 367 4843 στος
410 4778 589 4849 ήμῶν,
624 4781 656 4849 ἡ
696 4780 814 4849 ίερά
846 4778 1002 4849 ἡμῶν
1036 4781 1271 4852 κεφαλὴ,
1302 4781 1399 4834 καὶ
1441 4780 1719 4852 ὁμοταγὴς
1751 4784 1818 4852 τῇ

238 4871 540 4941 τελειότητι
573 4888 667 4925 σου
688 4886 703 4901 ο
750 4872 1003 4942 ίεράρχαι
1042 4874 1138 4925 καὶ
1172 4875 1338 4944 ἰερείς
1374 4873 1579 4944 Κυρίου
1601 4890 1616 4905 ο
1649 4890 1822 4943 μονα-

239 4965 367 5018 σταὶ
394 4965 492 5018 καὶ
523 4964 883 5035 μονάζουσαι·
915 4963 1122 5017 τούτων
1150 4966 1201 5018 οί
1238 4965 1337 5036 μὲν
1362 4966 1696 5036 ἐμπαιγμῶν
1726 4967 1822 5020 καὶ

241 5054 527 5125 μαστίγων
554 5057 746 5125 πεῖραν
771 5054 960 5108 ἔλαϐον
980 5070 993 5084 ·
1026 5056 1075 5107 οἱ
1102 5054 1157 5108 δὲ
1176 5056 1394 5126 δεσμῶν
1417 5058 1511 5109 καὶ
1541 5056 1819 5126 φυλακῆς’

240 5144 394 5216 ἄρτῳ
420 5144 625 5217 μετρίῳ
667 5146 761 5200 καὶ
797 5145 951 5202 ὕδατι
983 5148 1331 5216 τρεφόμενοι.
1370 5148 1552 5203 Ἀλλοι
1581 5148 1822 5220 ἐξορίαις

240 5235 724 5306 περιορισθέντεςο
756 5238 933 5309 ἕτεροι
981 5240 1038 5291 ὲν
1081 5240 1341 5309 ἐρημίαις
1386 5242 1481 5293 καὶ
1524 5241 1674 5312 ὄρεσι
1727 5240 1823 5294 καὶ

242 5332 533 5402 σπηλαίοις
591 5332 685 5385 καὶ
733 5334 856 5396 ταῖς
908 5334 1069 5396 ὀπαῖς
1110 5333 1211 5401 τῆς
1239 5320 1346 5404 γῆξ
1376 5334 1820 5404 ἐνδιαιτώμενοι*

242 5426 376 5479 ἔνιοι
419 5426 477 5479 δὲ
522 5428 617 5480 καὶ
652 5428 909 5496 παραυτά
953 5427 1413 5498 μαστιγωθέντες,
1467 5429 1821 5499 μαρτυρικῶς

243 5518 382 5589 πρὸς
416 5517 621 5588 Κύριον
648 5519 1011 5591 ὲξεδήμησαν.
1043 5520 1163 5573 Εἰσί
1192 5519 1249 5573 δὲ
1281 5521 1329 5573 οἳ
1362 5522 1455 5574 καὶ
1494 5521 1821 5574 σακκισθέν-

242 5628 335 5676 τες
356 5610 832 5681 ὲθαλασσεύθησαν
858 5613 1056 5684 ἀωρίᾳ,
1083 5612 1160 5676 ὡς
1184 5612 1353 5682 σαφὲς
1375 5612 1597 5682 γέγονεν
1621 5613 1685 5666 ὲκ
1715 5610 1825 5667 τῶν

242 5702 470 5767 τούτους
498 5704 870 5775 θεασαμένων.

326 5855 469 5914 “Ill
504 5858 636 5930 Reg.
688 5877 846 5930 xvni,
914 5861 1125 5932 lseqq.
1231 5858 1421 5915 ’τίθει
1486 5876 1544 5928 ιι,
1609 5860 1697 5913 17.

249 5931 417 5987 Rom.
451 5947 503 5986 xi
563 5932 618 5985 4.

1828 5860 1874 5894 ⁸³
1912 5859 2117 5915 Thren.
2171 5875 2211 5925 ι,
2238 5857 2292 5913 4.

1926 4688 2147 4761 quidem
2197 4696 2277 4743 tot
2309 4700 2560 4752 numero,
2600 4698 2736 4755 quot
2763 4695 2817 4741 et
2856 4687 3129 4741 numerati
3179 4698 3309 4742 sunt
3346 4703 3376 4742 a
3411 4688 3515 4741 Do-

1928 4784 2100 4838 mino.
2132 4784 2272 4837 Ante
2300 4794 2516 4844 omnes,
2554 4780 2648 4851 qui
2704 4781 2914 4849 primus
2959 4790 3043 4835 est
3092 4781 3236 4836 inter
3277 4796 3399 4845 nos,
3431 4796 3516 4836 sn-

1929 4888 2085 4929 crum
2117 4882 2280 4942 caput
2305 4881 2576 4935 nostrum,
2616 4880 2673 4925 et
2695 4870 2939 4941 ejusdem
2989 4879 3169 4927 tecum
3202 4872 3515 4942 dignitatis;

1929 4965 2171 5037 episc0pi
2212 4974 2266 5019 et
2301 4963 2618 5019 sacerdotes
2645 4962 2897 5029 Domini;
2945 4964 3200 5018 monachi
3233 4975 3286 5018 et
3318 4980 3514 5020 mona-

1923 5062 2087 5115 chae:
2145 5071 2382 5126 quorum
2443 5055 2497 5109 hi
2552 5055 2805 5111 ludibriis
2852 5064 2909 5110 et
2957 5057 3280 5111 verberibus
3318 5056 3515 5111 tentati

1924 5150 2187 5213 fuerunt;
2242 5147 2320 5201 illi
2375 5145 2609 5200 vinculis
2640 5154 2696 5201 et
2725 5146 3067 5211 carceribus,
3114 5162 3255 5216 pane
3285 5148 3511 5201 modico

1922 5252 1978 5299 et
2007 5257 2150 5313 aqua
2182 5242 2343 5296 vitam
2378 5241 2657 5295 trahentes
2684 5258 2698 5306 ;
2728 5240 2818 5294 alii
2868 5240 3090 5295 exsiliis
3127 5241 3351 5310 relegati
3378 5256 3395 5306 ;
3424 5240 3518 5294 alii

1925 5333 1981 5388 in
2032 5332 2270 5387 desertis
2308 5341 2364 5385 et
2405 5329 2705 5391 montibus.
2750 5330 2806 5384 in
2857 5330 3133 5399 speluncis
3166 5338 3222 5384 et
3268 5330 3519 5386 cavernis

1929 5434 2091 5480 terrae
2148 5433 2466 5488 versantes;
2511 5422 2735 5493 quidam
2792 5422 3018 5492 insuper
3078 5416 3315 5491 ﬂagellis
3366 5423 3517 5489 caesi,

1930 5525 2198 5587 martyres
2228 5515 2295 5569 ad
2326 5514 2615 5569 Dominum
2638 5513 3001 5583 emigrarunt.
3044 5512 3186 5567 Sunt
3218 5513 3312 5583 qui
3354 5528 3520 5567 sacco

1934 5610 2135 5665 inclusi
2200 5609 2254 5661 in
2316 5622 2468 5662 mare
2514 5605 2753 5661 demersi
2788 5615 2953 5661 noctu
2988 5604 3234 5672 fuerunt,
3270 5615 3330 5661 ut
3358 5606 3427 5661 ab
3455 5606 3523 5661 iis

1933 5703 2027 5775 qni
2067 5703 2335 5768 viderant,
2372 5701 2606 5755 relatum
2632 5709 2738 5755 est.

2394 5856 2439 5890 "
2467 5855 2610 5913 Psal.
2643 5873 2738 5923 ιιι,
2782 5856 2835 5911 6.
2948 5856 2993 5887 '°
3027 5853 3093 5909 Ill
3126 5851 3257 5922 Reg.
3315 5870 3367 5917 ι,
3409 5852 3472 5908 18
3504 5888 3522 5912 ι
