4164 6486
689 413 831 476 1159

1880 411 1938 468 S.
1981 409 2373 470 THEODORI
2417 409 2763 470 STUDIT/E

3819 410 3958 473 1160

752 520 896 586 Quid
926 518 1165 573 cetera?
1195 517 1553 570 Auathemate
1580 515 1850 570 feriuntur
1876 519 2046 571 saucti
2080 515 2267 571 Patres

2445 518 2510 570 Τί
2551 519 2748 580 sine;
2792 516 3311 587 ’Λναθεματίζονται
3343 519 3392 570 οἱ
3425 520 3572 586 ᾶγιοι
3603 518 3760 589 ἡμῶν
3788 521 3962 574 nm-

685 613 906 665 nostri:
966 610 1334 678 prauiicantur
1383 611 1474 678 qui
1528 611 1677 678 impii
1726 608 1986 669 fuerunt.
2032 610 2276 664 infames

684 704 981 772 impietatis
1006 702 1280 771 dogmata,
1321 703 1518 755 tradito
1546 703 1824 770 magistris
1858 711 2024 765 toruo,
2069 705 2274 756 docen-

685 805 773 848 tur
804 813 818 848 :
855 809 961 848 non
1001 802 1082 848 est
1113 808 1341 862 usquam
1375 794 1564 848 salutis
1607 792 1915 861 perfugium
1949 793 2091 846 inter
2121 807 2275 846 more

685 881 859 934 tales:
906 881 1056 948 pium
1100 881 1325 934 verbum
1372 879 1600 949 proferri
1642 897 1747 936 non
1795 881 1942 945 licet,
1996 896 2164 950 prope
2197 881 2275 934 in-

687 981 834 1026 stant
859 973 1090 1035 insidia.
1125 976 1197 1028 ita
1242 986 1300 1028 ut
1328 974 1412 1027 vir
1442 990 1470 1027 a
1501 974 1732 1044 ceujuge
1764 991 1862 1030 sua
1908 983 2100 1028 caveat
2133 991 2146 1027 :
2185 975 2273 1027 in-

692 1064 847 1118 dices
901 1076 955 1119 et
1013 1067 1358 1134 pittaciorum
1411 1067 1684 1120 oblatores
1742 1067 1945 1121 adhoc
1999 1067 2178 1132 ipsum
2211 1066 2282 1121 ab

690 1153 1021 1224 imperatore
1077 1158 1380 1210 mercedem
1439 1158 1680 1227 capiunt,
1725 1169 1783 1212 ut
1817 1159 2134 1220 observent,
2189 1158 2278 1212 ubi

689 1248 814 1317 quis
844 1249 975 1317 quid
1020 1249 1220 1303 dicata
1252 1250 1470 1303 Cesare
1507 1252 1848 1318 discrepans,
1893 1260 1985 1303 aut
2015 1251 2279 1318 impietati

690 1355 799 1394 non
825 1341 1212 1401 communicet,
1245 1350 1341 1394 aut
1370 1343 1568 1394 librum
1603 1343 1798 1396 habeat
1833 1343 1900 1396 de
1942 1343 2278 1410 imaginibus

691 1440 1015 1485 tractantem
1043 1450 1056 1486 :
1093 1433 1178 1485 vel
1210 1432 1500 1502 imaginem
1532 1435 1728 1503 ipsam,
1770 1442 1866 1487 aut
1910 1435 2153 1489 exsulem
2187 1451 2274 1488 re-

689 1522 876 1589 cipiat,
918 1531 1012 1576 aut
1051 1524 1284 1592 captivis
1330 1539 1428 1592 pro
1480 1523 1714 1579 Domino
1747 1525 2046 1581 ministret.
2086 1527 2191 1592 Qui
2225 1528 2270 1581 si

690 1612 1152 1682 deprehendatur,
1196 1616 1342 1669 illico
1381 1618 1614 1684 rapitur,
1678 1617 1925 1678 caeditur,
1958 1621 2272 1688 relegatur:

694 1702 839 1755 unde
864 1713 916 1755 et
944 1703 1196 1757 dominos
1244 1706 1428 1759 videas
1472 1708 1645 1759 servis
1686 1709 2057 1776 supplicantes
2087 1710 2275 1764 indicii

694 1803 862 1846 metu.
903 1791 1073 1848 Nobis
1105 1795 1238 1849 illud
1272 1797 1456 1851 dicere
1503 1797 1588 1852 fas
1621 1808 1705 1852 est
1737 1818 1749 1852 :
1812 1797 1932 1852 Non
1965 1811 2045 1853 est
2070 1803 2125 1853 iu
2150 1813 2279 1854 tem-

2380 627 2506 679 ρες·
2558 610 3028 680 ἀνακηρύττονται
3079 612 3128 662 οἱ
3176 610 3550 679 ὴσεϐηκότεςο
3580 613 3648 664 τὰ
3688 611 3858 679 νήπια
3906 615 3965 664 ἐν

2377 703 2490 765 τοῖς
2519 701 2617 770 τῆς
2637 701 2892 764 ἀσεϐείας
2915 702 3180 770 δόγμασιν
3209 703 3632 774 ἀνατρέφονται,
3659 705 3738 774 τῷ
3758 706 3964 758 δοθέντι

2378 795 2529 862 τόμῳ
2549 795 2660 855 τοῖς
2682 793 3019 857 διδασκάλοις
3040 811 3054 826 ο
3081 795 3181 846 οὐκ
3213 795 3330 848 ἔστι
3360 812 3465 848 που
3488 799 3964 866 καταφευκτήριον

2381 885 2632 952 σώματος
2661 886 2718 936 ἐν
2747 886 3119 954 οἱκουμένοιςο
3148 886 3248 938 οὐκ
3293 888 3409 939 ἐστι
3444 887 3711 956 προέσθαι
3740 888 3968 949 εὐσεϐές

2379 992 2431 1027 τι
2463 975 2648 1044 ῥῆμα·
2690 976 2784 1028 καὶ
2830 976 2863 1045 ἡ
2894 976 3037 1045 θήρα
3070 976 3328 1044 ἐγγύθενο
3366 977 3441 1041 ὡς
3471 977 3838 1046 φυλάττεσθαι
3875 979 3967 1030 αν.

2383 1065 2599 1136 θρωπον
2625 1066 2720 1120 καὶ
2746 1066 2853 1119 ἀπὸ
2885 1067 2985 1135 τῆς
3016 1068 3309 1135 συγκοίτου
3334 1083 3347 1095 ·
3382 1071 3620 1138 μηνυταὶ
3650 1070 3746 1122 καὶ
3774 1087 3971 1121 πιττα-

2383 1155 2596 1208 κοδόται
2638 1156 2714 1218 είς
2749 1155 2878 1208 αὐτὸ
2915 1155 3072 1208 τοῦτο
3107 1158 3254 1225 παρά
3291 1156 3386 1210 τοῦ
3436 1157 3765 1226 κρατοῦντος
3803 1176 3970 1227 μεμι-

2385 1245 2671 1314 σθωμένοι,
2698 1245 2800 1298 ποῦ
2832 1247 2913 1308 τίς
2940 1264 2992 1298 τι
3022 1247 3167 1315 λέγει
3195 1249 3513 1318 ἀπαρέσκον
3541 1249 3619 1319 τῷ
3644 1250 3908 1316 Καίσαρι,
3934 1251 3966 1318 ἢ

2387 1338 2462 1407 μὴ
2490 1339 2759 1390 κοινωνῶν
2805 1342 2868 1408 τῇ
2906 1340 3154 1410 ἀσεϐείᾳ,
3197 1339 3230 1410 ἦ
3266 1339 3450 1408 βίϐλον
3479 1340 3620 1410 ἔχων
3663 1343 3794 1411 περὶ
3825 1343 3970 1394 εἰκό-

2382 1447 2490 1483 νων
2522 1430 2749 1498 ἔχουσάν
2771 1448 2822 1484 τι
2846 1432 3158 1500 λεγόμενον,
3183 1433 3351 1502 ἤγουν
3373 1433 3543 1502 αὐτὴν
3568 1436 3754 1487 εἰκόνα
3774 1451 3788 1465 ·
3813 1435 3877 1487 ἀν
3907 1452 3969 1486 τε

2384 1511 2820 1590 φυγαδευότιενον
2883 1523 3278 1592 εἰσδεχόμενος,
3341 1523 3374 1593 ἢ
3437 1527 3549 1588 τοῖς
3614 1525 3704 1578 δια
3762 1525 3970 1594 Κύριον

2385 1614 2814 1683 φρουρουμένοις
2846 1613 3132 1668 διακονῶν.
3169 1615 3287 1667 Κᾶν
3316 1616 3603 1686 φωραθείη
3633 1627 3649 1644 ⁸
3680 1617 3844 1678 εὐθὺς
3873 1618 3972 1668 ἀν·

2383 1707 2682 1775 ἀρπαστος,
2707 1705 3028 1775 δαρήσιμος,
3065 1706 3339 1775 ἐξόριστος
3365 1723 3378 1736 ·
3403 1707 3460 1771 ἐξ
3485 1701 3546 1760 οὗ
3582 1707 3673 1759 καὶ
3697 1710 3809 1768 τοῖς
3843 1707 3969 1759 δού-

2384 1797 2496 1857 λοις
2523 1798 2571 1849 οἱ
2604 1797 2862 1848 δεσπόται
2890 1796 3287 1859 ὑποπίπτοντες
3315 1798 3422 1850 δέει
3459 1801 3762 1866 μηνύσεως.
3805 1798 3969 1866 Ἡμῖν

693 1901 816 1952 pore
857 1885 952 1936 hoc
997 1887 1259 1953 princeps.
1291 1897 1339 1940 et
1372 1889 1648 1955 propheta,
1695 1899 1744 1943 et
1775 1890 1906 1953 dux,
1943 1908 2104 1960 neque
2130 1893 2274 1944 locus

2383 1889 2581 1959 πρέπει
2613 1889 2818 1954 λέγειν,
2850 1890 2931 1942 ὅτι
3000 1891 3121 1942 Οὐκ
3159 1889 3331 1942 ἐστιν
3354 1889 3426 1942 ἐν
3455 1888 3535 1953 τῷ
3567 1889 3749 1958 καιρῷ
3775 1892 3970 1955 τούτῳ

693 1977 1052 2041 primitiarum
1103 1993 1278 2031 coram
1332 1979 1577 2042 Domino,
1625 1991 1680 2033 ut
1729 1984 1992 2050 possimus
2045 1984 2275 2037 invenire

693 2069 1185 2124 misericordiam“.
1233 2071 1519 2141 Propterea
1554 2075 1668 2128 haec
1702 2076 1844 2144 apud
1878 2086 2126 2129 sanctam
2159 2078 2276 2130 aui-

694 2174 839 2213 mam
893 2171 1040 2215 tuam
1090 2163 1294 2231 indigni
1343 2165 1728 2230 lamentamur,
1784 2176 2046 2236 tauquam
2082 2184 2146 2222 ex
2182 2185 2276 2223 ure

695 2253 940 2306 omnium
968 2253 1062 2322 qui
1091 2257 1371 2311 veritatem
1403 2256 1720 2321 defendunt,
1759 2260 1880 2327 ejus
1907 2263 2272 2329 patrocinium

693 2351 749 2396 et
781 2345 1187 2400 miseralionem
1235 2348 1607 2417 implorautes.
1660 2349 1878 2406 Scimus
1923 2353 2090 2417 enim,
2121 2355 2277 2423 siju-

695 2448 826 2487 vare
875 2435 1038 2491 aliter
1087 2453 1193 2491 nou
1247 2440 1446 2508 possit,
1502 2457 1724 2510 precum
1784 2444 1975 2498 saltem
2027 2445 2276 2500 subsidio

695 2540 952 2595 magnum
994 2528 1224 2583 nobisin
1257 2532 1488 2585 summis
1505 2532 1795 2600 angustiis,
1818 2549 1943 2586 cum
1978 2535 2272 2603 propitium

697 2617 866 2672 Deum
898 2619 1117 2685 habeat,
1145 2621 1580 2676 emolumentum
1606 2625 1918 2679 allaturam.
1946 2624 2067 2690 Quo
2093 2636 2273 2679 autem

694 2725 759 2764 ex
799 2723 953 2781 parte
994 2722 1309 2782 cognoscat,
1363 2715 1546 2783 qualia
1601 2715 1710 2770 sint
1743 2715 1951 2770 nefaria
1980 2717 2274 2786 impiorum

695 2803 970 2871 dogmata,
1005 2803 1088 2856 his
1115 2819 1177 2859 ea
1205 2805 1402 2860 litteris
1433 2807 1656 2875 adjuuxi
1695 2807 1747 2862 in
1781 2810 2272 2877 quaternionibus:

696 2909 819 2961 qua:
864 2895 1080 2962 piorum
1133 2906 1325 2966 rogatu
1373 2897 1659 2954 refutanda
1717 2900 2004 2969 imperitus
2033 2903 2270 2973 suscepi.

696 2983 809 3039 Oro
845 2995 1028 3040 autem
1079 2987 1319 3042 divinam
1381 2990 1704 3058 sapientiam
1764 3001 1935 3056 tuam,
2001 3002 2060 3047 ut
2089 2996 2273 3048 omnia

699 3078 974 3147 inspiciat.
1000 3089 1055 3132 et
1079 3079 1393 3148 imperfecta
1425 3069 1684 3151 corrigat,
1718 3085 2045 3154 veniamque
2072 3087 2275 3142 tribuat

2380 1980 2598 2050 ἅρχων,
2629 1981 2766 2033 οὔτε
2801 1979 3137 2048 προφήτης,
3181 1981 3319 2033 οὔτε
3353 1981 3687 2049 ἡγούμενος
3709 1997 3725 2014 ο
3761 1984 3834 2035 οὐ
3874 1985 3971 2035 τό⁴

2381 2088 2496 2136 πος
2545 2073 2652 2125 τοῦ
2687 2071 2997 2139 καρπῶσαι
3043 2073 3299 2126 ἐνώπιον
3351 2073 3596 2141 Κυρίου,
3633 2075 3732 2125 καί
3767 2073 3970 2140 εὑρεῖν

2383 2164 2578 2228 ἔλεος.
2612 2163 2711 2215 Διά
2746 2163 2902 2216 τοῦτο
2927 2163 3100 2217 ταῦτα
3133 2165 3551 2234 ἐπεδοησάμεθα
3581 2165 3630 2216 οί
3657 2165 3867 2228 ἀνάξιοι
3895 2168 3965 2234 τῇ

2384 2255 2514 2323 ἁγία
2545 2271 2638 2307 σου
2669 2254 2838 2325 ψυχῇ,
2874 2256 2949 2318 ὡς
2983 2256 3092 2308 ἀπὸ
3125 2257 3392 2326 στόματος
3431 2258 3652 2310 πάντων
3695 2257 3804 2308 τῶν
3840 2257 3969 2311 ἀντ-

2383 2346 2658 2414 εχομένων
2690 2345 2792 2414 τῆς
2825 2346 3107 2415 ἀληθείας,
3150 2348 3232 2410 είς
3284 2347 3568 2416 ἀντίληψιν
3605 2348 3699 2400 καὶ
3743 2348 3967 2417 συμπά-

2383 2438 2533 2489 θειαν
2579 2437 2739 2506 ἡμῶν
2782 2437 3172 2507 ἐκκαλούμενοι
3215 2439 3408 2508 αὑτήν.
3443 2439 3683 2506 Οἴδαμεν
3725 2439 3856 2508 γὰρ,
3884 2440 3970 2491 ὅτι

2382 2529 2486 2580 κᾶν
2518 2528 2595 2598 μὴ
2620 2525 2730 2581 οἷόν
2750 2545 2809 2582 τε
2836 2529 3147 2599 ἐπικουρεῖν
3171 2529 3365 2594 ἄλλωςν
3391 2529 3526 2583 ἀλλά
3550 2546 3611 2598 γε
3643 2533 3710 2599 τῇ
3741 2530 3852 2582 τῶν
3875 2528 3970 2581 εὐ⁶

2381 2618 2497 2687 χῶν
2520 2618 2740 2689 βοηθείᾳ
2775 2620 2919 2688 μέγα
2946 2620 3174 2689 παρέξει
3206 2622 3337 2690 ἡμῖν
3365 2622 3424 2672 ἐν
3459 2623 3568 2682 τοῖς
3597 2622 3970 2686 ἀναγκαιοτά-

2381 2725 2496 2772 τοις
2555 2709 2615 2761 τδ
2667 2709 2879 2776 ὅφελος,
2910 2710 3116 2778 εὐμενῆ
3156 2710 3248 2762 τόν
3295 2711 3427 2764 Θεὸν
3472 2711 3690 2780 ἔχουσα.
3739 2711 3858 2764 Ἰνα
3909 2713 3968 2764 δέ

2381 2800 2538 2869 γνοίη
2568 2801 2633 2852 ἐκ
2669 2801 2887 2870 μέρους,
2925 2794 3012 2852 οἷα
3046 2801 3114 2853 τά
3139 2801 3308 2870 ἀσεϐῆ
3339 2801 3585 2871 δόγματα
3622 2802 3732 2854 τῶν
3763 2804 3966 2866 ἀθέων,

2384 2891 2782 2944 συναπέστειλα
2823 2893 2936 2953 τοῖς
2970 2891 3264 2962 γράμμασι
3315 2894 3408 2944 καὶ
3450 2893 3624 2946 ταῦτα
3665 2894 3723 2945 ἐν
3771 2911 3969 2962 τετρα-

2383 2983 2535 3046 δίοις.
2575 2985 2643 3037 Ἀ
2676 2983 2768 3036 καὶ
2822 2981 2974 3047 ἔδοξα
3018 2986 3047 3036 ό
3075 2983 3294 3054 ἀμαθὴς
3333 2985 3683 3056 ἀνατρέπειν,
3723 3003 3968 3057 προτρα-

2380 3077 2502 3138 πεὶς
2525 3076 2674 3145 παρὰ
2701 3074 2962 3128 εὐσεϐῶν.
2991 3076 3136 3128 Λίτῶ
3161 3076 3219 3128 δέ
3243 3076 3346 3128 ὑπὸ
3366 3077 3464 3146 τῆς
3491 3076 3639 3140 θείας
3667 3095 3758 3130 σου
3797 3095 3970 3145 μεγα-

701 3170 830 3222 mihi
862 3180 1191 3234 erratorum,
1230 3173 1446 3241 meique
1474 3173 1688 3228 inutilis
1711 3175 1805 3228 lilii
1831 3176 1884 3229 in
1920 3177 2036 3231 suis
2062 3176 2275 3232 ﬂecten-

2382 3167 2588 3231 λονοίας
2620 3168 3016 3237 ἐπισκεφθῆναι
3061 3168 3156 3220 καὶ
3197 3168 3256 3220 τὸ
3290 3169 3510 3231 ἐλλιπὲς
3559 3169 3968 3238 ἀνορθωθῆναι,

697 3262 847 3317 tibus
878 3262 1048 3318 Deum
1081 3263 1336 3333 precibus
1369 3265 1707 3321 recordetur.

2386 3258 2482 3310 καὶ
2505 3259 2836 3328 συγγνώμην
2861 3258 2969 3312 τῶν
2994 3260 3405 3330 ἐπωφλημένων
3428 3259 3680 3324 δέξασθαί
3717 3276 3806 3329 με,
3832 3261 3970 3328 λαμ-

2389 3349 2648 3402 6ἀνεσθαί
2691 3367 2749 3402 τε
2793 3353 2872 3412 εἰς
2905 3352 3128 3419 μνήμην
3173 3353 3229 3402 ἐν
3261 3354 3380 3414 ταῖς
3421 3351 3755 3405 θεοκλινέσιν
3799 3353 3970 3421 αὐτῆς

2390 3443 2739 3510 προσευχαῖς,
2767 3441 2841 3504 ὼς
2873 3443 3091 3509 ἀχρεῖον
3119 3443 3330 3496 τέκνον.

703 3517 832 3575 "ac
897 3534 1073 3578 autem
1134 3526 1354 3604 epistola
1413 3528 1574 3604 missa
1629 3539 1706 3604 est
1760 3534 1919 3587 etiam
1956 3536 2024 3591 ad
2053 3539 2282 3604 patriar-

2499 3533 2569 3588 Ἢ
2613 3533 2763 3600 αὑτὴ
2819 3533 2887 3586 δὲ
2942 3533 3237 3600 ἐπιστολὴ
3291 3533 3386 3588 καὶ
3437 3533 3586 3601 πρὸς
3648 3534 3756 3586 τὸν
3778 3533 3888 3599 τῆς

1248 3598 1401 3649 cham
1441 3599 1754 3654 Antiochia‘.

2635 3605 2989 3673 Ἀντιοχείας
3022 3603 3398 3672 πατριάρχην
3415 3602 3757 3670 ἀπεστάλη.

1249 3751 1501 3800 Adversus
1523 3752 1950 3805 iconomachorum
1983 3759 2208 3811 heresim
2235 3770 2288 3814 et
2314 3767 2686 3816 immanitatem.
2722 3767 2923 3828 (Baron.
2963 3779 3045 3814 an.
3082 3765 3190 3825 817,
3231 3779 3281 3814 n.
3308 3765 3414 3826 30.)

704 3899 818 3954 XV.
836 3929 905 3941 —
932 3898 996 3954 In
1023 3900 1263 3953 omnibus
1287 3901 1623 3955 sanctissimo
1653 3902 1807 3958 Patri
1829 3904 2074 3976 Patrum,
2093 3913 2275 3969 lumini

2383 3919 2485 3972 ιε’.
2523 3947 2595 3959 -
2621 3917 2705 3983 Τῷ
2748 3920 2821 3972 τὰ
2852 3918 3051 3972 πάντα
3098 3917 3395 3987 ἁγιωτάτῳ
3441 3915 3623 3983 Harp!
3658 3916 3967 3984 Πατέρωγ,

774 3991 1056 4054 luminum,
1091 3993 1344 4059 magistro
1375 4008 1508 4054 meo,
1539 3993 1753 4047 domino
1781 4000 2104 4064 patriarcha
2149 4008 2275 4060 Ilie-

2451 4008 2717 4078 φωστῆρι
2741 4010 3092 4078 φωστήρων,
3117 4009 3300 4077 κυρίῳ
3313 4025 3454 4076 μου,
3484 4007 3750 4074 δεσπότῃ
3766 4023 3970 4075 πατρι-

772 4085 1177 4153 rosolymorum,
1218 4083 1520 4138 Theodorus
1581 4089 1850 4158 minimus,
1890 4095 2182 4166 presbyter,
2227 4110 2275 4154 et

2450 4106 2606 4176 ἀρχῃ
2631 4105 3090 4172 Ἰεροσολύμων,
3115 4103 3415 4170 Θεόδωρος
3440 4101 3789 4170 ἐλάχιστος,
3832 4116 3968 4167 θερε-

771 4176 1084 4246 ρναροεὶιυε
1123 4176 1487 4235 δικαέιαηυηο
2451 4199 2739 4263 σσύτερος
2772 4196 2870 4248 καί
2897 4196 3232 4265 ἡγούμενος
3257 4195 3377 4247 τῶν
3403 4193 3714 4247 Στουδίου.
3829 4191 3968 4265 [est]

773 4269 906 4333 Quis
951 4272 1287 4324 aununtiabit
1315 4276 1601 4342 Abraham,
1655 4279 1796 4349 quod
1835 4283 2002 4336 lactat
2057 4300 2275 4353 puerum

2458 4290 2552 4352 Τίς
2577 4287 2898 4356 ἀναγγελεῖ
2928 4286 3172 4355 Ἀϐραὰμ
3196 4285 3288 4339 ὅτι
3315 4285 3512 4354 Σὰρῤα
3536 4283 3773 4348 θηλάζει
3802 4301 3819 4347 ;
3843 4283 3972 4354 φησι

704 4362 934 4416 Sara"?
963 4362 1038 4416 ait
1069 4365 1276 4434 uspiam
1303 4381 1484 4421 sermo
1517 4370 1752 4426 diviuus.
1805 4371 1869 4427 Et
1899 4376 2024 4442 quis
2057 4375 2275 4449 indigno

2382 4394 2486 4432 που
2516 4380 2545 4431 ό
2579 4378 2721 4449 ίερδς
2753 4378 2931 4445 λόγος.
2988 4379 3096 4430 Καὶ
3125 4377 3209 4441 τίς
3241 4378 3368 4448 ἐμοὶ
3395 4377 3472 4446 τῷ
3501 4376 3707 4444 ἀναξίῳ
3736 4376 3969 4443 εὐαγγε-

703 4454 834 4507 mihi
892 4453 1108 4509 nuutiet
1154 4455 1416 4512 humilem
1457 4462 1743 4530 epistolam
1797 4480 1969 4520 meam
1996 4468 2061 4521 ad
2093 4484 2275 4526 sacras

2382 4471 2604 4536 λίσοιτο,
2635 4473 2716 4523 ὅτι
2762 4486 2864 4540 μου
2897 4469 2958 4522 τὸ
2989 4471 3245 4522 ταπεινὸν
3273 4471 3509 4539 γράμμα
3559 4469 3639 4530 εἰς
3674 4469 3829 4537 ἱερὰς
3863 4471 3968 4536 χεῖο

701 4547 984 4615 apostolici
1021 4548 1187 4603 vestri
1220 4551 1518 4607 beatissimi
1564 4556 1825 4612 culminis
1864 4575 2059 4614 manus
2085 4577 2275 4630 perve-

2387 4578 2485 4633 ρας
2530 4561 2755 4628 φθασειέ
2801 4562 2900 4630 τῆς
2943 4560 3307 4629 ἀποστολικῆς
3351 4561 3506 4630 ὑμῶν
3546 4561 3973 4629 μακαριωτάτης

703 4639 890 4692 uisse?
944 4641 1196 4695 Attamen
1254 4646 1550 4713 perveniet,
1612 4657 1672 4702 ut
1719 4663 1930 4718 spero:
1995 4669 2103 4707 non
2135 4654 2275 4709 enim

2383 4656 2666 4726 κορυφῆς;
2697 4655 2888 4724 Ὅμως
2923 4652 3187 4716 πιστεύω,
3237 4653 3318 4705 ὅτι
3367 4653 3692 4721 γενήσεταιο
3747 4653 3810 4704 οὗ
3870 4653 3970 4722 γὰρ

702 4745 906 4784 vesana
964 4732 1280 4800 cupiditate,
1317 4734 1412 4789 sed
1461 4742 1770 4793 necessaria
1815 4755 1978 4797 causa
2012 4744 2275 4814 impulsus

2383 4747 2562 4816 ἀλόγῳ
2585 4745 2874 4814 ἐπιθυμία,
2907 4744 3044 4797 ἀλλὰ
3076 4742 3353 4812 ἀναγκαίᾳ
3387 4743 3644 4796 ὑποθέσει
3673 4744 3924 4813 κινηθεὶς
3951 4745 3973 4795 ὁ

702 4834 960 4892 peccator
989 4834 1043 4880 et
1071 4826 1359 4895 epistolam
1411 4830 1631 4886 mittere
1670 4847 1840 4888 ausus
1885 4850 2028 4901 sum,
2061 4847 2115 4891 et
2144 4837 2275 4892 lato-

2386 4839 2712 4908 ἁμαρτωλὸς
2767 4837 3042 4908 ἐτόλμησα
3091 4836 3189 4890 καὶ
3243 4836 3305 4888 τὸ
3345 4836 3582 4906 γράμμα
3631 4837 3970 4896 ἀποστεῖλαι,

702 4931 815 4969 rem
849 4931 956 4970 una
990 4917 1213 4973 fratrem
1227 4919 1612 4976 charissimum
1632 4923 1948 4995 Dionysium
1979 4929 2275 4998 destinare,

2386 4933 2478 4983 atat
2527 4931 2620 4983 τὸν
2667 4931 3095 5000 ἐπιστοληφόρον
3139 4929 3416 4982 Διονύσιον
3461 4927 3552 4981 τόν
3596 4928 3972 4982 ποθεινότατον

701 5009 913 5062 tidelem
975 5024 1224 5079 prorsus.
1284 5021 1338 5066 et
1389 5015 1482 5082 qui
1533 5018 1786 5086 supplere
1832 5033 1927 5088 per
1980 5037 2040 5076 se
2096 5023 2275 5078 omnia

2384 5021 2610 5090 ἀδελφὸν
2659 5020 3170 5090 συνεκπέμψασθαι,
3204 5019 3394 5074 πιστὸν
3435 5020 3587 5080 ὄντα.
3617 5022 3711 5073 καὶ
3751 5020 3970 5073 δυνατὸν

700 5111 868 5168 queat
915 5116 1036 5169 qua:
1073 5103 1315 5171 epistola:
1368 5105 1587 5161 desunt.
1650 5107 1833 5178 itaque
1882 5112 2031 5167 velut
2076 5115 2275 5172 absens

2383 5113 2484 5165 ὅσα
2541 5112 2776 5164 ἐλλείπει
2833 5113 2899 5179 τῇ
2945 5109 3202 5180 ἐπιστολῇ
3247 5109 3339 5178 ἀφ’
3368 5108 3563 5162 ἐαυτοῦ
3614 5108 3965 5178 ἐξηγορῆσαι.

699 5208 954 5263 corpore,
1003 5210 1241 5264 praesens
1279 5206 1459 5252 autem
1497 5200 1714 5269 spiritu,
1770 5204 2010 5271 primum
2056 5208 2275 5276 quidem

2383 5203 2685 5274 Τοιγαροῦν
2717 5203 2791 5266 ὡς
2817 5202 2974 5256 ἀπὼν
3005 5203 3082 5271 τῷ
3114 5203 3351 5272 σώματι,
3384 5201 3577 5270 παρὼν
3609 5201 3664 5252 δὲ
3701 5201 3780 5271 τῷ
3812 5199 3966 5253 πνεύ-

699 5284 821 5353 ejus
873 5286 1035 5354 pedes
1086 5288 1383 5342 secundum
1437 5288 1604 5346 Deum
1664 5294 2008 5351 ambulantes
2062 5297 2275 5354 humilis

2394 5315 2544 5367 ματι,
2582 5297 2799 5366 πρῶτον
2831 5297 2928 5365 μὲν
2960 5297 2988 5348 ὁ
3017 5296 3273 5358 ταπεινὸς
3303 5291 3732 5363 κατασπάζομαι
3768 5294 3835 5346 τὰ
3865 5293 3948 5344 θεο

699 5376 1041 5444 amplector:
1081 5377 1209 5433 hinc
1247 5380 1391 5434 enim
1436 5383 1568 5436 mihi
1612 5384 1915 5440 benedictio
1957 5397 2009 5442 et
2039 5391 2275 5445 sanctiﬁ-

2388 5389 2525 5458 6αδῆ
2579 5389 2747 5458 αὐτῆς
2793 5389 2913 5457 ίχνη
2939 5404 2954 5418 ·
2998 5386 3157 5439 τοῦτο
3197 5387 3308 5456 γὰρ
3353 5385 3476 5454 ἐμοὶ
3519 5385 3741 5452 εὐλογία
3784 5403 3844 5438 τε
3878 5385 3962 5437 καὶ

701 5469 863 5521 ratio.
898 5467 1096 5524 Deiude
1127 5480 1381 5542 tanquam
1428 5473 1498 5527 ab
1525 5476 1797 5545 eajussus
1831 5478 1894 5530 ad
1930 5490 2118 5534 sancta
2163 5481 2275 5535 loca

2387 5481 2676 5549 ἁγεασμός.
2712 5481 2943 5533 Ἔπειτα
2972 5479 3046 5540 ὡς
3075 5479 3208 5548 πρὸς
3236 5477 3404 5546 αὐτῆς
3429 5477 3752 5545 ἐπιτραπεὶς
3776 5477 3960 5543 ἄπειμι

708 5562 1038 5628 proﬁciscor,
1067 5563 1369 5619 adveneror
1407 5582 1626 5621 sacrum
1663 5569 1864 5634 solum,
1901 5572 2047 5643 quod
2088 5573 2273 5627 divina

2383 5575 2442 5625 ἐν
2488 5575 2599 5632 τοῖς
2633 5571 2917 5633 σεσαστοῖς
2963 5570 3180 5632 τόποις·
3217 5567 3678 5638 προσπτύσσομαι
3721 5568 3783 5620 τὸ
3827 5567 3958 5618 θεῖον

700 5653 925 5722 vestigia
951 5657 1254 5721 calcarunt,
1302 5658 1574 5715 viviﬁcum
1611 5673 2044 5731 monumentum,
2085 5665 2137 5719 in
2164 5681 2272 5736 quo

2382 5666 2594 5734 ἔδαφος,
2626 5656 2687 5717 οὗ
2711 5665 2779 5718 τὰ
2803 5662 2920 5716 θεῖα
2951 5663 3069 5734 ῐχνη
3101 5661 3301 5733 βέϐηκε
3323 5678 3338 5694 ·
3367 5663 3428 5715 τὸ
3459 5660 3724 5726 ζωοποιὸν
3753 5660 3953 5728 μνῆμα,

773 5836 818 5868 ³⁸
869 5835 1004 5893 Dau.
1043 5857 1119 5906 Ill,
1163 5843 1249 5897 58.
1326 5846 1372 5876 ”
1401 5848 1535 5902 Gen.
1581 5864 1694 5914 ut,
1737 5850 1786 5902 7.
