4164 6528
218 443 352 508 1161

1407 448 1942 510 EPISTOLARUM
2006 450 2153 513 LIB.
2200 451 2279 512 II.

3322 445 3456 511 1162

213 563 299 628 ἐφ’
333 553 376 626 ᾧ
407 559 468 610 τὸ
496 559 756 624 πανάγιον
783 559 937 626 σῶμα
965 559 1055 610 τοῦ
1084 560 1217 612 θεοῦ
1243 563 1334 615 καὶ
1359 564 1609 632 Σωτῆρος
1635 563 1790 631 ἡμῶν

1906 562 2300 616 sanctissimum
2346 559 2438 614 Dei
2467 568 2521 614 et
2551 558 2847 613 Salvatoris
2894 557 3066 614 nostri
3096 555 3226 614 Jesu
3253 558 3453 614 Christi

225 650 402 720 Ἰησοῦ
435 648 669 718 Χριστοῦ
700 649 980 716 κατετέθη
1017 652 1104 702 τον
1131 652 1305 722 χῶρον
1329 655 1423 706 τοῦ
1457 656 1608 722 ἁγίου
1638 657 1785 725 Κρα-

213 743 350 805 νίου,
386 743 442 793 ἐν
473 733 519 806 ᾧ
549 739 890 809 ἐσταύρωται
925 743 952 796 ὁ
985 742 1182 812 Κύριος
1213 747 1309 814 τῆς
1339 746 1518 816 δόξης.
1552 749 1785 817 Μέτειμι

211 829 454 899 ἀλλαχοῦ
479 847 492 862 ο
526 830 638 899 όρῶ
683 830 780 900 τὴν
828 829 992 899 ἁγίαν
1045 831 1288 903 Βηθλεέμ
1325 835 1400 897 ὡς
1437 835 1535 904 τὴν
1589 836 1782 902 Ἐδέμο

217 923 513 990 προσκυνῶ
552 922 651 990 τὴν
697 923 847 976 θείαν
886 924 1093 992 φάτνην
1124 924 1263 993 ὑπὲρ
1297 926 1394 993 τὴν
1423 927 1657 994 στάμνον
1688 929 1787 996 τὴν

215 1016 449 1082 χρυσῆν,
483 1014 542 1064 ἐν
662 1013 722 1065 οὐ
761 1014 956 1081 μάννα,
997 1013 1112 1065 ἀλλ’
1152 1015 1179 1066 ὁ
1209 1016 1304 1083 τῆς
1332 1014 1476 1082 ζωῆς
1509 1016 1672 1084 ἄρτος
1698 1019 1788 1070 τὲ-

217 1104 418 1154 θειται.
452 1104 561 1155 Καὶ
591 1103 696 1172 μὴν
720 1101 900 1170 βλέπω
943 1103 1001 1154 τὸ
1035 1104 1188 1169 ἆγιον
1213 1103 1357 1172 ὅρος,
1385 1097 1444 1158 οὗ
1477 1106 1506 1173 ἡ
1539 1105 1788 1175 θειοτάτη

219 1191 648 1261 μεταμόριρωσις
673 1207 687 1222 ⁶
727 1192 787 1244 τὸ
820 1191 928 1244 τῶν
958 1191 1150 1244 ἐλαιῶν
1178 1193 1323 1262 ὄρος,
1355 1194 1447 1262 ἀφ’
1478 1189 1539 1245 οὗ
1581 1196 1789 1265 ἀνέπτη

219 1281 360 1348 πρὸς
419 1282 681 1350 οὐρανοὺς
727 1282 754 1333 ὁ
815 1281 922 1333 τῶν
979 1283 1117 1335 ὅλων
1168 1283 1406 1352 Κύριος·
1472 1286 1574 1355 τήν
1628 1287 1792 1354 ἁγίαν

218 1373 570 1441 Γεθσημανῆ,
609 1373 694 1440 ἐφ’
729 1367 812 1444 ﬁs
837 1374 1003 1439 τάφος
1034 1374 1133 1440 τῆς
1165 1375 1538 1428 πανσεϐάστου
1573 1376 1791 1430 δεσποί-

219 1479 320 1530 νης
349 1463 508 1527 ήμῶν
539 1463 800 1514 Θεοτόκου
822 1478 835 1492 ·
867 1463 1024 1515 τοῦτο
1058 1465 1279 1516 κάκεῖνο
1303 1480 1315 1492 ο
1352 1466 1438 1517 ἵνα
1472 1466 1547 1535 μὴ
1582 1467 1792 1536 μακρὸν

221 1552 565 1621 ἀποτείνοιμι
593 1551 767 1618 λόγον.
800 1553 862 1604 Ὢ
889 1552 1004 1615 πῶς
1033 1554 1128 1605 καὶ
1150 1555 1243 1605 ἀπ’
1276 1555 1448 1620 αὐτῆς
1474 1556 1640 1623 μόνης
1669 1557 1792 1607 ἐπι-

225 1643 478 1711 μνήσεως
501 1643 772 1712 ἁγιασμοῦ
805 1645 919 1696 ἐστι
950 1643 1284 1713 μετάληψιςῑ
1323 1645 1387 1695 Ὢ
1416 1646 1661 1713 πηλίκων
1705 1648 1795 1698 καὶ

223 1733 471 1802 φρικτῶν
507 1733 864 1804 σεϐασμάτων
902 1738 933 1804 ή
968 1735 1068 1803 τῆς
1120 1736 1218 1804 σῆς
1261 1739 1655 1805 μακαριότητος
1691 1739 1789 1789 ὑπ-

228 1823 391 1891 άρχει
423 1826 633 1894 κορυφή
661 1826 674 1876 l
710 1824 781 1876 Σὺ
805 1825 1019 1894 πρῶτος
1044 1827 1422 1896 πατριάρχῶν,
1467 1827 1568 1878 κᾶν
1598 1830 1795 1882 πεντά-

1893 667 2092 720 corpus
2145 652 2449 722 depositum
2496 650 2628 712 fuit,
2688 666 2905 708 sacrum
2947 649 3211 704 Calvariae
3235 650 3453 714 locum,

1895 745 1986 798 ubi
2021 746 2279 798 Dominus
2324 743 2506 812 gloriae
2565 743 2882 796 crucifixus.
2933 743 3055 795 Alio
3087 758 3250 816 pergo
3281 759 3296 796 :
3329 758 3454 796 san-

1894 844 2032 888 ctam
2075 834 2344 887 Bethleem
2391 834 2547 902 quasi
2615 833 2782 886 Edem
2843 832 3162 901 conspicio:
3213 832 3456 885 divinum

1895 926 2062 978 adoro
2104 939 2341 992 praesepe
2383 939 2546 991 supra
2604 938 2797 977 urnam
2850 937 3093 987 auream,
3134 923 3186 975 in
3211 935 3320 991 quo
3349 935 3457 974 non

1895 1031 2112 1076 manna,
2145 1014 2238 1068 sed
2291 1015 2444 1082 panis
2473 1014 2596 1066 vitae
2632 1014 2884 1068 conditus
2927 1023 3034 1067 est.
3080 1010 3249 1066 Video
3295 1013 3457 1065 etiam

1896 1115 2142 1160 sanctum
2190 1115 2453 1169 montem,
2487 1103 2539 1156 in
2570 1118 2678 1172 quo
2702 1102 3038 1156 divinissima
3080 1101 3460 1168 Transﬁgura-

1898 1197 2016 1249 tio:
2067 1195 2344 1250 Olivarum
2388 1203 2651 1258 montem,
2682 1192 2824 1247 unde
2865 1192 2934 1246 ad
2980 1192 3148 1246 caelos
3198 1192 3461 1245 Dominus

1897 1287 2140 1339 omnium
2192 1286 2427 1340 evolavit
2457 1301 2470 1337 :
2523 1293 2765 1338 sanctam
2793 1282 3217 1344 Gethsemanen,
3248 1282 3336 1335 ubi
3370 1296 3462 1335 se-

1898 1377 2142 1444 pulcrum
2168 1377 2313 1428 omni
2341 1377 2548 1428 honore
2573 1373 2812 1428 colendre
2839 1372 3080 1426 Dominae
3109 1381 3311 1426 nostra:
3338 1371 3462 1424 Dei--

1898 1481 2063 1534 paras.
2098 1465 2208 1519 lloc
2230 1478 2388 1534 atque
2413 1465 2566 1526 illud,
2600 1480 2668 1519 ne
2701 1466 2917 1532 longam
2945 1474 3117 1518 texam
3137 1464 3462 1517 orationem.

1900 1555 1945 1611 Ο
1976 1566 2178 1626 quanta
2209 1557 2289 1609 vel
2316 1571 2379 1610 ex
2410 1556 2525 1624 ipsa
2578 1556 3098 1609 commemoratione
3125 1564 3310 1608 manat
3337 1570 3461 1608 sau-

1901 1649 2184 1703 ctiﬁcatio!
2209 1663 2240 1700 ο
2269 1659 2398 1715 quot
2427 1657 2480 1701 et
2505 1648 2721 1715 quantis
2777 1634 3007 1700 culturis
3053 1655 3251 1714 praeest
3281 1646 3456 1699 beati-

1903 1741 2104 1794 tudinis
2158 1750 2261 1792 tua:
2320 1738 2532 1792 vertex!
2583 1735 2665 1790 Tu
2723 1736 2930 1804 primus
2990 1737 3463 1804 patriarcharum.

1904 1829 2029 1882 licet
2057 1830 2282 1897 quintus
2331 1826 2656 1880 numereris.
2689 1825 2789 1880 Ubi
2830 1827 2976 1880 enim
3031 1827 3321 1894 episcopus
3349 1827 3468 1877 ani-

225 1912 346 1976 ζοις
399 1913 476 1982 τῷ
516 1914 754 1984 ἀριθμῷ.
798 1910 874 1968 Οῦ
903 1916 1012 1986 γάρ
1044 1917 1073 1967 ὁ
1113 1917 1409 1980 ἐπίσκοπος
1444 1918 1552 1972 τῶν
1589 1919 1797 1990 ψυχῶν,

1906 1935 2113 1974 marum
2164 1933 2228 1971 ac
2270 1916 2510 1986 pontifex
2561 1915 2806 1969 omnium
2871 1926 3031 1970 natus
3063 1925 3173 1979 est,
3204 1925 3259 1969 et
3287 1916 3466 1969 divina

226 2004 327 2056 καὶ
359 2004 464 2056 τῶν
492 2005 628 2057 ὅλων
677 2007 963 2076 ἀρχιερεὺς
1020 2008 1112 2059 καὶ
1163 2008 1448 2077 ἐγεννήθη,
1485 2009 1579 2062 xal
1607 2010 1800 2080 ἔδρασε

225 2095 299 2147 τὰ
324 2094 554 2165 θεουργὰ
583 2098 780 2156 πάντα.
812 2097 906 2148 καὶ
927 2096 1118 2158 ἔπαθε.
1150 2098 1242 2151 καὶ
1269 2099 1550 2164 τέθαπται,
1587 2103 1681 2154 καὶ
1705 2102 1799 2154 ἀν-

228 2186 388 2256 έστη,
424 2186 518 2239 καὶ
563 2186 744 2256 ἔζησε,
781 2188 875 2240 καὶ
925 2189 1204 2258 ἀνελήφθη
1230 2205 1244 2218 °
1295 2193 1410 2242 ἐκεῖ
1451 2191 1690 2260 δηλονότι
1742 2191 1801 2244 τὸ

229 2276 529 2346 ὑπεραῖρον
587 2277 841 2330 ἁπάντων
889 2279 1126 2347 ἀξίωμα.
1182 2279 1340 2332 Ἀλλὰ
1391 2283 1520 2350 περὶ
1550 2282 1648 2350 μὲν
1681 2283 1801 2335 τού-

230 2382 345 2418 των
413 2365 651 2419 τοσαῦτα
721 2365 870 2434 πόθῳ
935 2367 1029 2418 καὶ
1083 2365 1270 2436 τρόμῳ
1336 2367 1660 2438 τετόλμηταί
1712 2387 1801 2439 μοι

231 2457 467 2524 λαλῆσαι
494 2470 508 2483 ⁸
563 2458 656 2508 ἐπὶ
701 2455 756 2507 δὲ
813 2456 873 2508 τὸ
915 2454 1102 2524 ἕτερον
1147 2456 1418 2526 τρέψομαι
1451 2458 1799 2529 ἁπάγγελμα.

305 2543 554 2612 Διωγμδς
605 2545 749 2613 ήμᾶς
796 2543 1141 2612 κατείληφεν,
1183 2539 1228 2597 ὦ
1275 2547 1678 2616 μακαριώτατε,
1711 2548 1804 2600 καὶ

231 2635 492 2704 διωγμῶν
511 2636 538 2686 ὁ
560 2633 1117 2703 Ἐλληνοειδέστατος.
1135 2636 1288 2688 Ἐπεὶ
1309 2639 1416 2706 γὰρ
1437 2637 1630 2706 ᾔσθετο
1650 2641 1676 2690 ὁ
1702 2640 1806 2692 Σα-

232 2727 401 2784 τανᾶς
434 2727 492 2777 ἐν
521 2724 816 2794 προθύροις
861 2721 1001 2778 εἶναι
1043 2726 1143 2796 τὴν
1184 2729 1460 2797 μακαρίαν
1493 2729 1681 2782 ἐλπίδα
1712 2731 1805 2782 καὶ

235 2815 560 2882 ἐπιφάνειαν
584 2814 681 2884 τῆς
702 2813 861 2884 δόξης
889 2815 982 2867 τοῦ
1008 2817 1245 2884 μεγάλου
1269 2817 1405 2870 Θεοῦ
1433 2819 1524 2871 καὶ
1556 2820 1804 2890 Σωτῆρος

236 2905 397 2975 ήμῶν
447 2903 621 2974 Ἰησοῦ
669 2905 928 2976 Χριστοῦ.
962 2906 1200 2970 Μείζους
1246 2908 1355 2961 τῶν
1400 2910 1664 2979 αίρέσεων
1714 2913 1805 2964 ἀν-

236 2999 400 3051 άπτει
430 2995 528 3058 τὰς
558 2997 792 3064 φλόγας,
831 2999 1141 3066 προεισόδια
1179 2998 1277 3067 τῆς
1307 2998 1401 3051 τοῦ
1441 3001 1805 3069 Ἀντιχρίστου

237 3087 560 3156 παρουσίας.
609 3087 674 3139 Τί
725 3086 921 3150 τοῦτο;
954 3087 1052 3158 τὴν
1088 3087 1252 3140 πάλαι
1290 3089 1382 3140 ἐπὶ
1437 3090 1661 3152 Λέοντος
1713 3092 1808 3143 καὶ

238 3180 649 3232 Κωνσταντίνου
695 3179 1066 3249 διεγερθεῖσαν
1109 3181 1384 3245 ἀσέϐειαν,
1419 3182 1509 3233 καὶ
1547 3185 1806 3251 μανείσαν

237 3272 334 3322 ἐπὶ
373 3271 528 3333 πολὺ,
568 3271 660 3324 καὶ
691 3273 950 3342 ραγεῖσαν
979 3271 1098 3340 θείᾳ
1139 3273 1473 3341 ἐπιτιμήσει,
1503 3269 1655 3336 αὖθις
1682 3275 1805 3343 ἄρτι

237 3364 268 3414 ὸ
299 3361 592 3430 ὁμώνυμος
631 3362 723 3414 καὶ
757 3361 1068 3431 συνώνυμος
1099 3365 1161 3432 τῇ
1193 3362 1414 3432 ἀσεϐείᾳ
1459 3364 1677 3432 κρατῶν
1711 3367 1804 3417 ἀν-

238 3451 652 3504 ενεώσατο.Καὶ
683 3451 957 3516 τοσοῦτον,
992 3451 1064 3513 ὡς
1095 3452 1409 3521 ἀποκρύψαι
1452 3453 1550 3523 τὴν
1584 3453 1807 3505 ἐκείνων

239 3542 460 3598 λύτταν.
490 3543 685 3596 Διὼκει
709 3543 798 3595 τὸν
829 3543 1062 3612 Χριστὸν
1089 3545 1537 3612 ἐγγεγραμμένον
1562 3546 1657 3596 σὺν
1691 3546 1807 3612 Μη-

238 3636 331 3706 τρὶ
363 3636 455 3687 καὶ
487 3636 804 3704 θεράπουσιο
836 3635 928 3686 καὶ
967 3628 1028 3687 οὗ
1072 3635 1137 3687 ἂν
1160 3631 1331 3703 εὖροι,
1369 3633 1638 3703 καθαίρει,
1683 3634 1809 3703 φλὲ-

240 3741 352 3790 γει.
416 3722 693 3796 Ἐντεῦθεν
746 3721 1104 3791 θυσιαστήρια
1153 3723 1614 3792 κατεσκαμμένα·
1677 3725 1812 3793 ἱεροὶ

243 3816 365 3867 ναοὶ
393 3813 782 3883 ήμαυρωμένοι
807 3828 819 3842 ⁸
859 3811 1028 3882 σκεύη
1059 3811 1180 3881 ίερὰ
1201 3813 1638 3883 ἐμπεπρησμένα
1661 3831 1674 3844 ·
1713 3813 1812 3866 οὐκ

243 3903 393 3956 ἔστιν
422 3903 501 3953 ὃτι
530 3903 603 3970 μὴ
645 3901 979 3954 ἐλλέλειπται
1018 3903 1182 3970 μέρος
1213 3902 1310 3970 τῆς
1337 3902 1427 3954 ὑπ’
1457 3903 1620 3954 αὑτὸν
1657 3902 1812 3970 βασι-

243 3993 396 4055 λείας
425 3993 578 4045 ἐαθὲν
609 3992 989 4060 ἀκαθαίρετον.
1035 3992 1172 4043 Ἀλλ’
1203 3993 1255 4044 εῖ
1293 4011 1410 4055 πως
1441 3992 1690 4064 εὑρεθείη
1731 4010 1815 4055 τις

244 4082 604 4152 ἐγκεκρυφὼς
635 4083 838 4151 σεπτὴν
865 4083 1071 4146 εἰκόνα,
1110 4085 1141 4155 ἢ
1172 4083 1353 4136 δέλτον
1378 4085 1505 4154 περὶ
1529 4086 1694 4155 αὐτῆς
1724 4085 1814 4137 λε-

245 4176 373 4228 κτόν
407 4192 460 4226 τι
491 4174 749 4244 ἔχουσανο
783 4173 1130 4244 ἁνάρπαστος
1172 4174 1353 4238 εὐθὺς,
1388 4175 1605 4244 μάστιξι
1649 4193 1818 4228 κατα-

247 4267 586 4336 ξαινόμενος,
624 4268 719 4319 καὶ
761 4267 869 4320 πᾶν
903 4265 1030 4320 ἄλλο
1058 4265 1232 4318 δεινὸν
1269 4267 1651 4336 ὑφιστάμενος.
1699 4267 1816 4319 Ἐν-

245 4360 440 4412 τεῦθεν
487 4358 736 4428 δείματα,
791 4358 886 4412 καὶ
937 4357 1149 4427 τρόμοι,
1211 4357 1306 4410 καὶ
1363 4359 1647 4419 ἐκστάσεις
1690 4361 1818 4429 περὶ

1901 2010 2082 2066 omnia
2115 2017 2394 2077 operatus,
2425 2016 2479 2060 et
2513 2021 2728 2075 passus,
2767 2014 2821 2060 et
2851 2007 3116 2075 sepultus,
3147 2006 3242 2060 ubi
3289 2021 3469 2060 resur-

1902 2103 2060 2166 rexit,
2090 2110 2144 2154 et
2173 2100 2307 2153 vixit
2345 2106 2400 2152 et
2426 2106 2742 2165 assumptus
2785 2107 2903 2163 est;
2935 2097 3044 2150 illic
3066 2112 3319 2166 suprema
3351 2113 3470 2152 om-

1902 2194 2054 2246 nium
2098 2189 2286 2260 procul
2326 2188 2492 2242 dubio
2532 2189 2792 2257 dignitas.
2823 2187 2925 2242 Sed
2956 2188 3024 2242 de
3065 2188 3149 2242 his
3185 2187 3469 2250 hactenus.

1901 2282 2172 2338 desiderio
2246 2295 2310 2335 ac
2379 2279 2681 2332 reverentia
2750 2277 3022 2346 impulsus
3078 2276 3224 2345 loqui
3300 2290 3470 2329 ausus

1902 2389 2046 2429 sum.
2126 2370 2280 2424 Nunc
2337 2367 2405 2422 ad
2476 2367 2701 2421 alteram
2763 2365 3131 2419 narrationem
3191 2378 3278 2418 me
3340 2378 3471 2418 con-

1903 2476 2077 2520 verto.

1976 2555 2177 2610 Invasit
2226 2566 2328 2607 nos
2359 2549 2689 2620 persecutio,
2737 2547 3074 2610 beatissime,
3124 2555 3178 2602 et
3210 2559 3470 2615 persecu~

1903 2650 2108 2702 tionum
2140 2644 2381 2699 omnium
2408 2642 2638 2696 ethnica:
2663 2640 2960 2694 simillima.
3003 2639 3296 2707 Postquam
3326 2638 3470 2691 enim

1903 2739 2075 2795 sensit
2109 2736 2340 2790 Satanas
2377 2731 2640 2800 injannis
2690 2743 2811 2785 esse
2840 2730 3054 2783 beatam
3092 2742 3263 2795 spem,
3294 2736 3348 2781 et
3376 2728 3474 2780 ad-

1905 2837 2121 2882 ventum
2155 2825 2338 2894 gloriae
2380 2821 2562 2890 magni
2604 2821 2697 2875 Dei
2728 2831 2783 2874 et
2819 2819 3122 2874 Salvatoris
3146 2819 3316 2872 nostri
3340 2815 3471 2871 Jesu

1902 2918 2125 2981 Christi,
2159 2915 2392 2983 majores
2422 2913 2688 2966 haeresum
2724 2909 2871 2965 faces
2904 2909 3176 2970 accendit,
3215 2907 3476 2977 praeludia

1905 3011 2169 3061 adventus
2227 3002 2569 3058 Antichristi.
2609 3000 2748 3066 Quid
2791 3000 2894 3053 hoc
2927 2999 3004 3052 rei
3054 2997 3178 3054 est?
3221 2996 3476 3050 Exortam

1905 3100 2034 3153 olim
2064 3097 2166 3151 sub
2203 3095 2382 3149 Leone
2413 3102 2468 3151 et
2504 3091 2861 3146 Constantino
2891 3089 3244 3159 impietatem,
3276 3087 3481 3156 diuque

1911 3189 2319 3251 dchacchatam,
2382 3184 2474 3238 sed
2529 3182 2712 3237 divina
2766 3180 3008 3234 vindicta
3065 3192 3477 3247 compressam,

1915 3293 2058 3331 nunc
2088 3279 2280 3328 iterum
2311 3269 2652 3341 cognominis
2678 3276 2731 3322 et
2761 3281 2914 3336 asque
2958 3266 3159 3335 impius
3187 3266 3482 3335 imperator

1912 3367 2210 3428 renovavit,
2265 3365 2427 3433 idque
2476 3369 2629 3415 tanto
2675 3367 2898 3421 conatu,
2932 3368 2991 3412 ut
3020 3357 3237 3412 illorum
3278 3356 3482 3410 rabiem

1911 3461 2185 3515 obscuret.
2213 3455 2540 3524 Expressum
2589 3451 2820 3519 picturis
2869 3449 3148 3504 Christum
3177 3448 3481 3501 insectatur

1912 3565 2035 3604 cum
2069 3547 2234 3600 Matre
2259 3554 2313 3598 et
2344 3542 2612 3597 ministris
2641 3558 2655 3594 :
2689 3539 3002 3606 ubicunque
3028 3545 3222 3591 nactus
3249 3551 3344 3590 eas
3375 3545 3482 3597 est,

1913 3644 2076 3706 delet,
2139 3639 2340 3695 exurit.
2373 3636 2513 3692 Hinc
2542 3646 2730 3688 eversa
2764 3631 2978 3693 altaria,
3010 3629 3154 3684 aedes
3189 3642 3356 3683 sacra:
3389 3628 3484 3681 de-

1911 3734 2175 3798 formata,
2203 3743 2356 3783 sacra
2385 3739 2516 3779 vasa
2550 3731 2920 3784 concremata,
2965 3734 3066 3774 nec
3119 3719 3226 3772 ulla
3283 3731 3407 3785 pars
3431 3718 3484 3770 in

1913 3819 2031 3888 ejus
2061 3831 2226 3887 regno
2257 3822 2340 3869 est
2384 3812 2455 3868 ab
2520 3810 2609 3863 illa
2662 3808 2997 3876 grassatione
3031 3805 3308 3860 immunis.
3343 3803 3484 3870 Quin

1917 3911 1960 3964 si
1994 3917 2237 3976 repertus
2259 3902 2530 3973 quispiam
2582 3897 2742 3952 fuerit
2775 3894 3139 3952 venerandam
3196 3894 3484 3964 imaginem

1917 3998 2240 4058 occultasse,
2272 4002 2365 4046 aut
2397 3991 2589 4044 librum
2622 3988 2716 4058 qui
2747 3987 2814 4042 de
2841 3999 2903 4040 ea
2969 3993 3250 4049 retractet,
3283 3984 3488 4052 rapitur

1917 4106 1947 4145 e
1972 4087 2221 4157 vestigio,
2251 4085 2593 4147 verberatur,
2643 4087 2698 4132 et
2727 4076 2844 4132 dira
2893 4075 3000 4129 alia
3029 4074 3212 4128 omnia
3244 4074 3487 4144 perpeti-

1922 4193 2030 4238 tur.
2067 4181 2205 4236 Hinc
2253 4187 2488 4232 terrores
2533 4187 2596 4226 ac
2645 4168 3066 4239 trepidationes.
3131 4178 3489 4234 stuporesque

1920 4272 2163 4328 omnium
2211 4266 2528 4320 hominum:
2567 4259 2702 4314 adeo
2734 4266 2795 4312 ut
2824 4255 2990 4310 frater
3016 4254 3172 4308 fratri
3197 4253 3487 4316 valedicat,

1921 4373 1974 4419 et
2002 4361 2212 4417 amicus
2265 4355 2499 4411 amicum
2557 4357 2860 4404 aversetur.
2927 4344 3177 4416 Synodus
3207 4345 3350 4398 facta
3382 4353 3488 4406 est,

248 4454 424 4506 πάντα
473 4451 791 4522 ἄνθρωπονθ
852 4451 926 4513 ὡς
971 4451 1066 4504 καὶ
1118 4450 1324 4519 χαίρειν
1374 4449 1554 4516 λέγειν
1605 4451 1802 4522 ἀδελφᾷ

1925 4464 2154 4508 veterem
2189 4449 2334 4502 illam
2372 4442 2596 4512 impiam
2627 4437 2982 4499 conﬁrmans,
3031 4443 3086 4488 et
3130 4433 3488 4487 orthodoxam

248 4543 496 4609 ἀδελφὸν,
526 4541 620 4594 καὶ
662 4539 799 4610 φίλῳ
845 4540 1014 4608 φίλον,
1040 4541 1421 4609 ἐκτρέπεσθαι.
1460 4542 1678 4606 Σύνοδος
1723 4561 1802 4596 κυ-

1916 4550 2261 4609 anathemate
2295 4539 2688 4596 condemnans.
2716 4531 3041 4588 Sacerdotes
3068 4543 3174 4582 non
3207 4527 3488 4581 intellexe-

250 4633 529 4704 ροῦσατὴν
546 4632 710 4686 πάλαι
732 4630 1121 4695 ἁσεὸεστάτην,
1143 4631 1233 4684 καὶ
1248 4631 1745 4702 καταναθεματίζου
1755 4651 1802 4686 σε

1927 4648 2074 4702 runt,
2106 4634 2395 4690 Dominum
2427 4642 2532 4681 non
2580 4623 2950 4692 requisierunt
2978 4621 3106 4674 :sed
3139 4619 3283 4687 quod
3306 4619 3493 4672 Achab

247 4727 348 4793 τὴν
381 4723 677 4795 ὀρθόδοξον.
712 4723 898 4793 Ἰερεῖς
927 4723 1352 4793 ήφρονεύσαντο,
1382 4724 1476 4775 καὶ
1503 4723 1595 4775 τὸν
1618 4723 1802 4792 Κύριοι

1923 4730 2148 4804 placuit,
2193 4721 2664 4791 comprobarunt:
2720 4714 2912 4771 Omnes
2969 4711 3380 4775 declinaverunt,
3419 4711 3492 4764 ai-

248 4816 350 4867 οὺκ
384 4813 714 4882 ἐξεζήτησαν
734 4827 748 4841 ·
779 4813 916 4866 ἀλλὰ
945 4818 1004 4865 τὸ
1033 4813 1109 4882 τῷ
1145 4813 1347 4882 Ἀχαὰό
1376 4813 1531 4876 δόξαν
1562 4814 1802 4883 συνεκρό-

1927 4801 2037 4877 inut
2069 4817 2281 4873 inutiles
2304 4813 2434 4882 [acti
2462 4817 2583 4863 sunt
2606 4808 2673 4871 ⁸³,
2697 4804 2886 4876 paucis
2913 4802 3202 4856 admodum
3231 4801 3490 4869 exceptis.

247 4921 438 4974 τησαν.
502 4902 728 4966 Πάντες
782 4902 1128 4966 ἐξέκλιναν,
1191 4903 1310 4971 ἅμα
1375 4903 1787 4972 ἠχρειώθησαν

1925 4912 2264 4979 Quibusnam
2297 4903 2438 4959 illis?
2470 4896 2752 4967 Episcopis
2775 4904 2827 4948 et
2850 4891 3176 4961 prmpositis,
3210 4890 3494 4944 monachis

251 4995 395 5064 πλὴν
432 4993 628 5061 ὀλίγων
662 4992 880 5062 κομιδῇ.
925 4993 1097 5045 Τίνων
1131 4995 1362 5058 τούτων;
1415 4995 1726 5047 ἐπισκόπων
1760 5013 1802 5047 τε

1924 5015 1978 5058 et
2014 4998 2362 5057 monialibus,
2399 4998 2453 5046 et
2486 4992 2623 5059 ipso,
2653 4985 2748 5041 Dei
2801 4983 2998 5055 gratia,
3029 4996 3288 5051 supremo
3316 4981 3495 5035 archi-

249 5089 345 5142 καὶ
370 5087 683 5156 ἡγουμένων
706 5100 722 5116 ⁸
753 5082 1090 5153 μοναζόντων
1111 5101 1166 5136 τε
1193 5085 1286 5135 καὶ
1311 5085 1658 5151 μοναζουσῶν
1679 5101 1692 5114 ⁶
1727 5086 1802 5136 as

1919 5094 2176 5162 episcopo
2208 5095 2416 5140 nostro.
2460 5080 2703 5146 Quorum
2739 5075 2955 5146 quidem
2985 5073 3073 5126 alii
3110 5071 3331 5141 ﬂagellis
3373 5071 3494 5124 caesi

248 5180 346 5231 τοῦ
393 5194 474 5240 τε,
510 5177 691 5248 χάριτι
725 5173 884 5236 Θεοῦ,
907 5172 1002 5225 τοῦ
1037 5174 1466 5243 κορυφαιοτάτου
1496 5174 1652 5243 ήμῶν
1691 5175 1802 5244 ἀρχη

1922 5191 2069 5242 sunt,
2106 5179 2196 5232 alii
2230 5175 2470 5244 relegati,
2498 5171 2587 5224 alii
2617 5171 2668 5222 in
2704 5181 2981 5223 carcerem
3023 5163 3252 5224 detrusi,
3282 5162 3372 5216 alii
3404 5177 3496 5228 per

253 5272 478 5343 ιερέωςο
509 5265 583 5324 ὧν
603 5272 652 5322 oi
683 5270 779 5339 μὲν
814 5268 1250 5338 ἐμαστίχθησανο
1277 5268 1422 5321 ἄλλοι
1453 5267 1797 5337 ὑπερωρίσθη

1925 5277 2086 5328 hasce
2139 5283 2327 5338 pmnas
2369 5265 2436 5319 ad
2472 5261 2766 5316 Dominum
2808 5258 3136 5329 migrarunt,
3183 5254 3495 5309 athleticam

254 5380 390 5417 oav°
433 5363 611 5431 ἕτεροι
657 5359 1119 5428 ἐφυλακίσθησαν.
1150 5360 1321 5410 Ἔνιοι
1353 5358 1408 5410 δέ
1444 5360 1537 5410 καὶ
1571 5358 1826 5427 παραυτά
1931 5377 2189 5420 coronam
2212 5365 2578 5428 τεροιιιειιιιεε.

252 5455 365 5507 τῶν
392 5453 592 5505 ποινῶν
622 5452 756 5522 πρὸς
786 5452 986 5521 Κύριον
1008 5450 1368 5521 ἐξεδήμησαν,
1396 5449 1685 5519 ἀθλητικὸν
1710 5449 1826 5500 στέ-

257 5560 428 5614 φανον
460 5543 742 5611 ἀράμενοι.

333 5634 399 5687 Τί
433 5607 624 5703 dxi;
655 5632 1042 5703 βλασφημίας;
1077 5631 1435 5703 κωμῳδεῖται
1466 5633 1498 5702 ὴ
1535 5629 1704 5699 σεπτὴ
1729 5632 1802 5682 κα

1998 5625 2137 5692 Quid
2159 5624 2225 5681 de
2248 5621 2583 5692 blasphemia
2627 5617 2863 5690 loquar?
2885 5615 3145 5673 lrridetur
3193 5607 3497 5668 veneranda

336 5813 384 5849 ”
426 5810 572 5869 Psal.
605 5826 698 5873 ιιι,
727 5811 780 5864 ι.

596 5903 868 5964 Parnm.
913 5902 1030 5962 Gn.
1083 5900 1307 5963 XCIX.
3162 5881 3235 5945 37
