4164 6478
720 408 856 475 1163

1910 392 1977 451 S.
2015 384 2406 449 THEODORI
2442 380 2792 443 STUDITE

3852 369 3972 434 1164

715 528 771 574 et
811 513 1088 571 tremenda
1140 511 1321 581 imago
1368 506 1601 573 Christi,
1642 512 1906 573 tanquam
1954 500 2292 555 sbominatio

2414 493 2600 565 ρρικτὴ
2624 492 2788 545 είκὼν
2819 488 3076 561 Χριστοῦ,
3100 486 3175 549 ὡς
3212 484 3492 554 βδέλυγμα
3522 484 3879 555 ἐρημώσεως,
3906 490 3970 546 ὼς

714 605 1097 668 desolationis,
1133 612 1393 671 tanquam
1428 599 1633 654 idolum
1662 595 1873 651 erroris
1909 612 1923 648 :
1955 592 2149 647 eodem
2179 605 2299 643 mo-

716 703 791 756 do
849 699 1109 769 quaslibet
1163 696 1267 750 alia
1323 692 1567 747 Dominae
1610 698 1812 743 nostrae
1854 694 1908 739 et
1960 693 2299 737 sanctorum.

718 789 899 854 Nunc,
961 786 1162 855 inquit,
1212 785 1426 837 sincera
1474 788 1528 833 et
1582 776 1857 845 inculpata
1916 773 2104 827 lides:
2162 785 2303 825 nunc

720 882 986 937 Dominus
1046 880 1261 933 loculus
1301 885 1385 930 est
1416 888 1596 943 pacem
1635 869 1825 939 populo
1872 884 1990 932 suo,
2025 877 2073 921 et
2109 866 2303 919 sanctis

720 976 856 1044 ejus,
914 982 964 1028 ct
1006 972 1073 1025 iis
1122 969 1214 1040 qui
1254 968 1323 1022 ad
1374 966 1525 1020 illum
1554 981 1645 1019 cor
1688 962 2075 1017 convertunt”.
2131 956 2303 1023 Quasi

723 1066 933 1120 sublata
964 1079 1067 1133 pax
1120 1071 1286 1126 esset,
1342 1075 1409 1116 ex
1448 1073 1560 1129 quo
1610 1053 2031 1112 Christusdixit
2062 1071 2075 1107 :
2108 1049 2305 1104 Pacem

725 1157 964 1225 relinquo
1013 1153 1177 1218 vobis,
1224 1167 1407 1222 pacem
1470 1165 1639 1204 meam
1697 1147 1765 1199 do
1804 1144 1947 1199 vobis
1965 1145 2035 1206 ",
2088 1141 2155 1195 ad
2206 1141 2307 1195 hoc

728 1262 900 1316 usque
952 1256 1217 1315 tempus:
1280 1253 1335 1299 et
1397 1244 1518 1314 ejus
1606 1240 1849 1299 Ecclesia
1911 1236 2305 1297 contaminata,

726 1354 889 1408 quam
915 1348 1139 1393 sanctus
1198 1335 1403 1391 Paulus
1440 1350 1543 1387 non
1568 1332 1841 1387 habentem
1876 1328 2143 1383 maculam
2168 1340 2309 1395 prte-

726 1428 891 1490 dicat,
925 1436 1018 1480 aut
1058 1442 1265 1497 rugam,
1316 1433 1411 1477 aut
1464 1424 1669 1492 aliquid
1706 1420 2034 1490 Imjusmodi,
2060 1416 2149 1472 sed
2178 1432 2308 1470 san-

727 1525 867 1569 ctam
908 1524 957 1569 et
1001 1515 1399 1568 immaculatum
1421 1514 1466 1544 "
1548 1511 1613 1565 Et
1647 1511 1738 1564 alii
1785 1508 2008 1579 quidem
2049 1506 2306 1561 ultimum

728 1608 874 1662 circa
910 1606 1069 1661 ﬁdem
1097 1605 1443 1675 naufragium
1483 1604 1775 1667 fecerunt;
1809 1601 1899 1655 alii
1953 1614 2081 1654 vero
2113 1612 2309 1668 quam-

727 1702 813 1756 vis
844 1708 1027 1755 mente
1055 1710 1111 1756 et
1163 1700 1493 1769 wgitatione
1536 1696 1809 1753 submersi
1852 1711 1961 1751 non
2020 1695 2154 1759 sint,
2190 1694 2308 1763 ipsa

730 1802 908 1847 tamen
935 1792 1159 1847 haeresis
1196 1790 1605 1851 communione,
1631 1804 1737 1842 una
1772 1788 2078 1858 perierunt.
2123 1785 2309 1838 Enim-

729 1900 861 1940 vero
901 1886 1066 1940 etiam
1121 1884 1161 1938 ii
1219 1884 1313 1952 qui
1362 1890 1513 1937 recte
1573 1882 1856 1942 sentiunt,
1911 1877 2309 1949 persecutionis

729 1977 1087 2031 diuturnitate
1120 1974 1355 2029 titubant
1390 1973 1538 2028 circa
1577 1971 1864 2026 veritatem
1903 1990 1917 2026 :
1962 1971 2315 2040 quemadmo-

729 2071 861 2126 dum
886 2069 954 2124 iis
994 2067 1262 2137 contingit
1292 2066 1387 2136 qui
1417 2067 1484 2120 ad
1530 2064 1870 2120 decumanos
1912 2062 2081 2119 maris
2116 2062 2317 2117 ﬂuctus

731 2162 1103 2233 navigationis
1179 2160 1344 2215 rudes
1411 2158 1671 2228 caligant.
1751 2156 2061 2212 Miseranda
2158 2155 2317 2211 nobis

731 2253 940 2317 omnia,
985 2252 1244 2319 luctuque
1299 2248 1482 2319 digna.
1545 2246 1959 2302 Snbtrahuntur
2007 2245 2221 2302 cantica
2250 2246 2318 2300 ab

732 2345 975 2417 antiquis
1001 2352 1245 2413 accepta,
1280 2344 1332 2396 in
1376 2340 1577 2411 quibus
1626 2340 1925 2410 imaginum
1974 2339 2034 2394 fit
2068 2340 2273 2395 mentio
2302 2356 2315 2393 :

733 2444 1011 2492 canuntur
1034 2450 1132 2505 pro
1152 2435 1233 2488 eis
1254 2447 1394 2487 nova
1430 2432 1597 2501 impia
1643 2431 1903 2500 dogmata
1941 2431 2120 2499 palam
2146 2445 2317 2500 expo-

733 2528 859 2591 sita,
914 2541 1036 2597 quae
1069 2535 1124 2581 et
1174 2525 1359 2595 pueris
1411 2523 1545 2593 ipsis
1604 2522 1896 2577 traduntur
1949 2536 1979 2575 a
2015 2522 2315 2592 magistris.

734 2619 992 2675 Omnium
1023 2633 1205 2673 rerum
1240 2616 1406 2685 impia
1442 2623 1525 2670 est
1568 2613 1875 2676 conversio,
1922 2612 2068 2668 Facti
2102 2628 2317 2677 sumus,

736 2718 800 2767 ut
844 2710 1063 2780 pr0prie
1115 2708 1329 2777 loquar,
1387 2706 1533 2761 sicut
1592 2705 1831 2759 Sodoma
1899 2714 1953 2759 et
2013 2704 2319 2758 Gomorrba

738 2811 962 2874 prepter
988 2808 1208 2872 peccata
1236 2808 1424 2854 nostra
1442 2800 1487 2831 "'
1521 2816 1533 2853 :
1562 2806 1617 2852 et
1640 2795 1877 2866 procella
1905 2797 2130 2851 hzercsis
2153 2796 2320 2850 altius

738 2896 795 2951 in
849 2895 967 2951 dies
1017 2909 1310 2965 assurgens
1348 2905 1453 2946 nos
1510 2890 1736 2959 Operit:
1780 2904 1880 2944 nec
1941 2888 2196 2943 inventus
2239 2897 2321 2943 est

737 2985 833 3057 qui
876 2984 1156 3041 Christum
1190 2983 1361 3038 Deum
1404 2990 1652 3036 nostrum
1707 2979 2128 3050 expergefaciat,
2164 2991 2219 3035 ut
2247 2980 2321 3033 in-

740 3086 924 3145 crepet
960 3076 1331 3130 turbulentum
1357 3076 1461 3129 hoc
1490 3089 1663 3128 mare.

810 3167 881 3221 At
918 3176 975 3221 tu
1008 3176 1127 3221 esto
1153 3165 1311 3219 nobis
1335 3180 1524 3219 unuse
1555 3162 1840 3217 duodecim
1872 3164 2158 3232 apostolis,
2192 3165 2319 3219 bea-
2346 3177 2389 3235 (ς

739 3260 953 3316 tissime
984 3276 997 3312 :
1024 3258 1201 3313 excita
1230 3270 1262 3311 e
1290 3269 1485 3311 somno
1524 3256 1829 3309 insomnem
1858 3254 2077 3308 oculum
2108 3254 2325 3323 dispen-

738 3352 948 3415 satorie
999 3350 1413 3412 dormitantem,
1476 3348 1605 3416 quia
1658 3346 1901 3416 perimus
1956 3346 2203 3400 omnino.
2266 3345 2324 3399 Si

2406 587 2625 639 εἴδωλον
2649 585 2857 652 πλάνης
2880 598 2895 614 ·
2922 580 3097 643 οὕτως
3128 580 3279 632 πᾶσα
3304 576 3439 649 ἀλλη
3460 576 3799 646 δεσποινικὴ,
3821 578 3973 644 ἁγιω-

2405 679 2553 749 τική.
2595 679 2779 745 Ἄρτι,
2825 672 2984 743 φησὶ,
3034 670 3254 741 καθαρά
3286 669 3382 722 καὶ
3418 668 3722 739 ἀμώμητος
3765 668 3971 731 πίστις·

2407 771 2555 840 ἄρτι,
2589 767 2746 837 φησὶ,
2783 764 2990 834 Κύριος
3014 761 3280 831 ἐλάλησεν
3305 760 3558 829 εἰρήνην
3582 759 3680 813 ἐπί
3711 759 3819 812 τὸν
3840 761 3975 812 λαὸν

2407 858 2617 922 αὑτοῦ,
2654 857 2751 910 καὶ
2784 854 2887 909 ἐπὶ
2920 853 3064 918 τοὺς
3094 853 3308 917 ὁσίους
3349 851 3559 913 αὑτοῦ,
3590 850 3690 903 καὶ
3724 849 3823 903 ἐπὶ
3854 850 3974 912 τοὺς

2407 948 2881 1018 ἐπιστρέφοντας
2907 944 3161 1013 καρδίαν
3182 942 3277 996 ἐπ’
3305 943 3514 996 αὐτόν.
3553 940 3644 1005 Ὠς
3670 941 3772 1011 ήδη
3806 940 3975 1009 ἀρθεί-

2410 1056 2510 1109 σης
2534 1039 2631 1107 τῆς
2664 1037 2909 1108 εἰρήνης,
2940 1037 3033 1105 ἀφ’
3060 1028 3124 1088 οῦ
3154 1033 3390 1103 Χριστὸς
3416 1030 3545 1101 ἔφη’
3587 1030 3851 1099 Εἰρήνην
3875 1030 3974 1098 ἀρ·

2410 1132 2537 1199 ίημι
2566 1130 2710 1196 ὑμῖν
2730 1144 2743 1157 ·
2779 1126 3029 1195 ειρήνην
3051 1124 3168 1192 τὴν
3198 1123 3355 1193 ἐμὴν
3384 1122 3593 1190 διδωμι
3620 1120 3765 1190 ὑμῖν
3784 1139 3799 1152 ο
3832 1122 3977 1191 μέχρι

2409 1221 2504 1275 τοῦ
2538 1220 2702 1291 δεῦρο
2725 1235 2738 1247 ·
2774 1221 2867 1272 καὶ
2895 1216 3297 1290 ὲρρυπωμένης
3328 1212 3495 1284 οὔσης
3524 1213 3626 1283 τῆς
3667 1213 3979 1281 Ἐκκλησίας

2411 1310 2577 1366 αὐτοῦ
2601 1327 2616 1343 ο
2648 1312 2713 1378 ἥν
2739 1312 2767 1363 δ
2803 1309 2946 1379 ἱερὸς
2977 1308 3191 1371 Παῦλος
3231 1307 3331 1377 βοᾷ
3354 1305 3442 1375 μὴ
3480 1306 3646 1373 ἔχειν
3677 1303 3919 1369 σπῖλον,
3946 1302 3978 1368 ἢ

2402 1402 2643 1473 ῥυτίδα,
2674 1401 2713 1470 ἢ
2744 1418 2798 1455 τι
2833 1398 2951 1453 τῶν
2989 1400 3273 1453 τοιούτων
3292 1414 3305 1429 ο
3336 1396 3477 1453 ἀλλ’
3505 1393 3659 1451 εἶναι
3695 1396 3869 1466 ἁγίαν
3894 1395 3980 1449 κοί

2411 1494 2673 1563 ἄμωμον.
2705 1494 2769 1545 Οἱ
2798 1491 2897 1562 μὲν
2919 1491 3103 1544 τέλεον
3133 1490 3262 1560 περὶ
3285 1490 3384 1559 τὴν
3410 1490 3594 1543 πίστιν
3615 1488 3978 1558 ἐναυάγησαν

2411 1587 2460 1638 οἱ
2484 1585 2626 1648 δὲ,εί
2655 1585 2749 1636 καὶ
2777 1584 2889 1645 τοῖς
2909 1580 3187 1651 λογισμοῖς
3211 1581 3272 1633 οὐ
3303 1578 3825 1649 κατεποντίσθησαν,
3849 1580 3984 1648 ὅμως

2414 1680 2481 1747 τῇ
2514 1674 2771 1745 κοινωνίᾳ
2821 1674 2920 1743 τῆς
2954 1674 3219 1744 αἱρέσεως
3270 1671 3643 1725 συνόλλυνται.
3682 1669 3845 1723 ’Δλλά
3887 1668 3985 1739 γὰρ

2413 1768 2508 1820 καὶ
2553 1764 2707 1818 αὐτοὶ
2749 1765 2800 1815 ot
2849 1764 2991 1816 κατὰ
3024 1760 3149 1814 νοῦν
3188 1759 3617 1831 ὸρθοδοξοῦντες,
3658 1761 3725 1829 τῇ
3766 1759 3984 1829 ἐπιμονῇ

2343 1841 2385 1898 Β
2414 1851 2509 1905 τοῦ
2539 1849 2784 1919 διωγμοῦ
2824 1848 3094 1917 ίλιγγιῶσι
3120 1848 3250 1919 περὶ
3277 1849 3379 1919 τὴν
3405 1848 3663 1919 ἀλήθειαν
3681 1863 3697 1879 ο
3728 1846 3912 1917 ὥσπερ
3940 1847 3985 1898 oi

2417 1942 2522 1996 ὑπὸ
2554 1941 2863 2013 τρικυμιῶν
2894 1940 3173 2009 Θαλάσσης
3198 1940 3425 2012 ἀπειρίᾳ
3460 1939 3739 2003 πλεύσεως
3773 1939 3987 1993 σκοτού-

2418 2050 2593 2105 μενοι.
2636 2033 2877 2087 Ἐλεεινά
2927 2034 2994 2086 τά
3027 2034 3205 2086 πάντα
3248 2033 3379 2103 ὑμῖν
3420 2033 3517 2087 καὶ
3560 2032 3809 2105 ὀδυρμῶν
3850 2033 3987 2098 ἀξια.

2416 2126 2889 2198 Παραστέλλονται
2930 2124 3241 2195 ψαλμῳδίαι
3274 2124 3789 2194 ἀρχαιοπαράδοτοι,
3828 2126 3885 2176 ὲν
3912 2120 3991 2187 αἷς

2418 2232 2484 2267 πε
2495 2216 2547 2285 pl.
2574 2215 2800 2268 εἰκόνων
2838 2214 3020 2285 ᾁδεταί
3063 2232 3116 2266 τι
3135 2231 3150 2246 ’
3179 2214 3462 2286 ἀντᾴδεται
3490 2216 3559 2267 τά
3586 2215 3754 2284 ἀσεϐῆ
3784 2214 3879 2268 νέα
3914 2216 3993 2268 δύο

2418 2325 2602 2377 γματα
2644 2309 2723 2371 είς
2752 2302 3029 2377 προῦπτον
3064 2306 3297 2375 κείμενα
3322 2321 3335 2333 ⁸
3370 2305 3508 2361 ἀλλα
3530 2308 3643 2369 τοῖς
3671 2307 3829 2359 παισὶ
3864 2307 3991 2377 πρὸς

2418 2399 2527 2451 τῶν
2555 2397 2895 2450 διδασκάλων
2919 2397 3344 2468 παραδιδόμενα.
3377 2398 3485 2451 Kal.
3518 2399 3989 2467 μεταστοιχείωσις

2418 2489 2527 2542 τῶν
2555 2490 2810 2543 ἁπάντων
2839 2488 3143 2559 ἀθεωτάτη.
3185 2488 3536 2559 Ἐγενόμεθα,
3569 2489 3772 2560 κυρίως
3803 2491 3991 2551 είπείν,

2421 2581 2497 2643 ὡς
2538 2580 2745 2649 Σόδομα
2784 2578 2880 2634 καὶ
2908 2580 3161 2651 Γόμορρα
3196 2580 3340 2634 κο.τά
3371 2582 3471 2643 τὰς
3500 2580 3770 2651 ἁμαρτίας
3807 2580 3993 2650 ἡμῶνο

2422 2672 2519 2723 καὶ
2545 2673 2579 2741 ἡ
2613 2671 2888 2739 καιταιγὶς
2911 2670 3012 2740 τῆς
3041 2670 3307 2740 αἱρέσεως
3335 2672 3715 2741 κορυφουμένη
3742 2670 3995 2741 κορυφοῦ-

2421 2780 2512 2814 ται
2555 2762 2826 2831 ὁσημέραι
2908 2762 3003 2814 καὶ⁵
3031 2761 3060 2813 ὁ
3088 2761 3464 2831 διαναστὴσων
3493 2762 3727 2832 Χριστὸν
3749 2763 3842 2815 τὸν
3872 2762 3996 2815 Θεὸν

2422 2853 2581 2923 ἡμῶν
2616 2852 2939 2923 ἐπιτιμῆσαι
2959 2854 3027 2923 τῇ
3058 2852 3271 2923 πονηρᾷ
3302 2850 3475 2923 ταύτῃ
3506 2852 3749 2926 θαλάσσῃ
3777 2854 3878 2924 οὐχ
3910 2852 3995 2907 εὖ·

2424 2963 2612 3016 ρηται.

2506 3186 2667 3242 Ἀλλά
2702 3184 2862 3255 γενοῦ
2896 3186 3028 3257 ἡμῖν
3072 3180 3153 3249 εἷς
3199 3184 3311 3238 τῶν
3336 3183 3547 3239 δώδεκα
3582 3185 3920 3245 ἀποστόλων,
3958 3176 4000 3236 ὦ

2432 3277 2853 3349 μακαριώτατε·
2903 3277 3183 3331 διύπνισον
3233 3276 3326 3327 τὸν
3376 3276 3678 3345 ἀκοίμητον
3728 3270 4001 3345 ὀφθαλμὸν

2426 3369 2787 3439 οἰκονομικῶς
2814 3368 3146 3420 καθεύδοντα
3169 3379 3185 3395 ’
3219 3367 3301 3420 ὅτι
3331 3366 3685 3436 ἀπολλύμεθα
3706 3368 3909 3419 τέλεον.
3945 3368 4000 3419 Ei

740 3443 886 3512 quod
917 3450 1002 3497 est
1044 3449 1099 3495 et
1127 3439 1275 3494 aliud
1320 3437 1506 3492 auxilii
1541 3438 1893 3506 pharmacum
1928 3436 1996 3491 ad
2044 3437 2315 3492 sanandos

2428 3478 2542 3525 πως
2585 3436 2679 3513 καὶ
2718 3458 2892 3519 ἄλλως
2919 3456 3036 3509 ὲστί
3068 3473 3123 3509 τι
3162 3458 3453 3526 φάρμακον
3486 3457 3759 3529 βοηθείας,
3791 3457 4004 3528 ἰατρεῦ-

742 3534 989 3588 intirmos
1018 3549 1033 3599 ;
1064 3540 1125 3586 ut
1161 3529 1368 3600 peritus
1413 3528 1633 3583 adhibe.
1671 3528 2055 3596 Deprecamur,
2092 3528 2315 3583 sanctis-

2428 3569 2519 3606 σαι
2568 3551 2695 3613 τοὺς
2746 3547 3154 3619 ὴσθενηκότας·
3199 3547 3276 3611 ὡς
3329 3528 3653 3619 ἐπιστήμων
3702 3550 4001 3619 ἑπείχθητι.

741 3626 900 3687 sime,
932 3623 1293 3685 obtestamur,
1325 3620 1631 3674 hortamur.
1660 3617 1901 3673 Membra
1931 3629 2019 3672 tua
2070 3635 2263 3673 sumus
2306 3638 2315 3673 :

2427 3642 2554 3708 Nai,
2589 3617 2843 3709 δεόμεθα,
2876 3617 3149 3708 ἀγιώτατε
3170 3617 3589 3708 ’ἀντιϐολοῦμεν
3610 3655 3626 3670 ο
3657 3617 4002 3712 παρακαλοῦ-

742 3714 1189 3785 quandoquidem
1221 3712 1407 3765 ﬁdeles
1431 3724 1624 3765 omnes
1659 3725 1846 3773 corpus
1870 3720 1992 3762 sunt
2026 3709 2247 3773 Christi,
2275 3722 2315 3764 et

2430 3748 2550 3800 μεν.
2596 3729 2699 3781 Σοῦ
2738 3730 2905 3799 έσμεν
2938 3728 3075 3797 μέλη
3097 3744 3113 3759 ·
3147 3728 3273 3780 ιπεὶ
3313 3728 3363 3779 οί
3394 3727 3593 3789 πάντες
3629 3709 3808 3781 πιστοὶ
3836 3729 4005 3797 σῶμα

742 3807 975 3861 membra
1001 3822 1066 3861 ex
1116 3818 1269 3876 parte
1296 3806 1364 3859 ’⁸.
1398 3803 1635 3875 Prsecipe
1667 3813 1720 3860 et
1757 3804 1881 3859 aliis
1906 3804 2111 3859 sanctis
2148 3803 2315 3858 Patri-

2426 3818 2684 3887 Χριστοῦ
2715 3818 2813 3871 καί
2846 3816 3005 3887 μέλη
3032 3818 3101 3871 ἐκ
3125 3818 3374 3887 μέρους.
3416 3817 3739 3889 Ἐπίτρεψον
3770 3819 3869 3872 καὶ
3895 3824 4002 3881 τοῖς

742 3898 849 3952 bus
892 3898 1117 3961 nostris,
1171 3895 1610 3952 intercessoriam
1657 3909 1879 3949 manum
1926 3894 2229 3963 porrigant,
2267 3900 2315 3947 ul

2425 3910 2606 3972 ἀλλοις
2643 3908 2821 3976 ἁγίοις
2864 3910 3143 3978 Πατράσιν
3186 3908 3346 3978 ἡμῶν
3398 3910 3559 3979 χεῖρα
3606 3906 4001 3979 πρεσδευτικὴν

750 3991 1050 4045 multorum
1086 3988 1437 4058 interpositu,
1468 4002 1623 4043 suam
1660 3984 1804 4041 Deus
1828 3985 1989 4041 nobis
2020 3986 2315 4041 misericor-

2424 4000 2644 4071 ὀρέξαι’
2679 3999 2767 4053 ῐνα
2792 4000 2855 4051 ὲκ
2882 3998 3097 4052 πολὶῶν
3124 3998 3438 4070 προσώπων
3469 3998 3530 4051 τὸ
3567 4001 3648 4063 είς
3679 4001 3827 4070 ἡμᾶς
3860 4000 4003 4063 ἔλεος

743 4084 889 4139 diam
923 4082 1220 4153 impertiat.
1264 4080 1421 4136 llunc
1457 4080 1513 4135 in
1557 4081 1719 4135 ﬁnem
1766 4080 2021 4150 epistola,
2057 4090 2113 4135 et
2155 4082 2315 4136 tabel-

2424 4093 2509 4160 είη
2552 4089 2707 4162 παρά
2747 4088 2907 4144 Θεοῦ.
2936 4090 3142 4143 Τούτου
3181 4088 3247 4160 δὴ
3275 4090 3435 4160 χάριν
3467 4090 3529 4143 τὸ
3560 4091 3816 4160 γράμμα,
3852 4093 3950 4146 καὶ
3979 4096 4004 4143 ὁ

744 4175 915 4230 larius
960 4176 1029 4229 ab
1069 4173 1326 4229 omnibus
1360 4173 1545 4228 animo
1579 4172 1902 4237 destinatus,
1947 4172 2051 4227 etsi
2089 4186 2121 4226 a
2166 4172 2315 4227 nobis

2424 4181 2901 4253 γραμματηφόρος
2936 4180 3074 4249 πρὸς
3102 4181 3321 4234 πάντων
3345 4183 3413 4251 τῇ
3440 4181 3697 4251 προθέσει
3728 4182 4002 4237 ἀπεσταλο

742 4267 876 4322 solis
930 4265 1175 4321 omnium
1229 4264 1473 4321 minimis
1539 4264 1758 4319 illorum
1814 4264 1987 4318 vicem
2038 4264 2315 4335 agentibus

2428 4270 2587 4340 μένος
2611 4284 2624 4299 ·
2657 4270 2707 4320 εί
2737 4269 2833 4320 καὶ⁵
2861 4267 2995 4337 παρ’
3020 4269 3054 4337 ἡ
3064 4266 3181 4336 μῶν
3209 4268 3389 4336 μόνων
3412 4268 3523 4320 τῶν
3552 4268 3851 4338 ἐλαχίστων
3878 4274 4005 4325 ava-

745 4359 971 4414 missus.
1006 4356 1076 4412 Ut
1102 4363 1284 4412 autem
1317 4372 1384 4412 ex
1426 4364 1581 4427 parte
1602 4364 1901 4420 cognoscat
1932 4355 2201 4411 celsitudo
2232 4371 2315 4411 ve-

2426 4360 2783 4432 πληρούντων
2818 4360 2881 4414 τὸ
2917 4359 3143 4414 ἐκείνων
3179 4359 3493 4429 πρόσωπον.
3522 4360 3640 4414 Ἰνα
3667 4361 3724 4415 δέ
3757 4363 3919 4435 γνοίη
3946 4366 4006 4417 ὲκ

742 4462 880 4515 stra,
931 4448 1241 4520 cuiusmodi
1291 4450 1404 4504 sint
1454 4448 1709 4519 dogmata
1756 4448 2050 4517 impiorum
2095 4465 2111 4502 :
2152 4465 2215 4504 ea
2266 4451 2315 4505 in

2430 4453 2631 4524 μέρους
2658 4456 2694 4525 ἡ
2722 4452 3088 4523 κορυφαιότης
3117 4468 3234 4516 σου,
3263 4444 3351 4505 οία
3373 4451 3443 4505 τὰ
3465 4450 3575 4505 τῶν
3598 4451 3772 4506 ἀθέων
3796 4452 4003 4523 δόγμα-

743 4541 1197 4610 quaternlonibus
1234 4539 1504 4609 descripta
1550 4538 1799 4609 epistola:
1849 4539 2022 4609 adjeci
2068 4557 2082 4593 :
2119 4554 2239 4609 qua:
2269 4550 2315 4595 et

2427 4523 2526 4600 car
2581 4523 2977 4599 συναπέστειλα
3017 4546 3131 4607 τοῖς
3175 4544 3470 4614 γράμμασι
3513 4544 3689 4598 ταῦτα
3718 4544 3776 4597 ὲν
3809 4561 4006 4616 τετρα-

745 4630 979 4695 aliorum
1026 4639 1217 4700 rogatu
1264 4627 1551 4683 refutanda
1597 4628 1885 4699 imperitus
1930 4630 2168 4699 suscepi.
2214 4628 2315 4685 Ora

2428 4635 2593 4699 δίοις·
2622 4635 2659 4689 ἀ
2686 4635 2781 4688 καὶ
2809 4632 2967 4698 ἔδοξα
3002 4635 3031 4687 6
3051 4633 3269 4704 ἀμαθὴς
3297 4634 3648 4705 ἀνατρέπειν,
3669 4636 4007 4707 προτραπεὶς

745 4732 928 4778 autem
963 4731 1021 4776 ut
1050 4737 1112 4777 ea
1151 4718 1408 4791 inspiciat
1428 4721 1613 4776 divina
1646 4729 1737 4775 tua
1771 4720 2063 4789 sapientia,
2099 4722 2315 4791 etquod

2431 4728 2523 4795 ὑφ’
2571 4728 2795 4795 ἑτέρων.
2825 4726 2971 4780 Δίτῶ
2998 4725 3057 4778 δὲ
3086 4726 3239 4797 παρά
3277 4728 3380 4797 τῆς
3428 4726 3528 4796 σῆς
3561 4725 3849 4795 θεοσοφίας
3894 4728 4007 4781 ἐπι-

742 4815 900 4870 deest
927 4816 1195 4884 suppleat,
1223 4813 1551 4881 veniamque
1571 4811 1706 4865 mibi
1736 4811 1942 4868 tribuat
1972 4821 2276 4866 erratoruni
2304 4828 2321 4865 :

744 4917 908 4977 atque
969 4905 1106 4961 adeo
1146 4918 1471 4961 conservum
1526 4901 1749 4959 fratrem
1804 4912 2053 4957 nostrum
2116 4902 2324 4957 litteras

742 5014 884 5068 quas
923 4997 1131 5069 accepit
1181 4998 1385 5053 sanctis
1429 4996 1553 5050 aliis
1600 4996 1846 5060 reddere,
1888 5005 1943 5050 et
1973 4996 2081 5051 huc
2112 5007 2323 5067 postea,

746 5090 859 5145 Deo
889 5091 1123 5155 volente,
1151 5088 1331 5144 redire
1360 5087 1659 5158 permittat.

2430 4819 2763 4888 σκεφθῆναι·
2790 4818 2885 4872 καὶ
2912 4816 2973 4870 τὸ
2994 4816 3211 4882 ἐλλιπὲς
3238 4816 3647 4888 ἀνορθωθῆναι·
3680 4817 4010 4888 συγγνώμην

2428 4928 2490 4963 τε
2536 4911 2645 4965 τῶν
2706 4890 3119 4981 ιπωφλῆμινων
3168 4910 3423 4975 δέξασθαί
3462 4927 3533 4981 με
3557 4926 3574 4942 ο
3618 4911 3682 4964 οὐ
3719 4909 3827 4982 μὴν
3875 4911 4011 4964 ἀλλά

2428 5002 2523 5055 καὶ
2574 5002 2666 5055 τὸν
2719 5001 3007 5056 σύνδουλον
3052 5001 3210 5072 ἡμῶν
3254 5001 3483 5071 ἀδελφὺν
3527 5002 3974 5073 συγκροτηθῆναι
3994 5019 4007 5033 ·

2422 5093 2561 5163 πρός
2617 5110 2677 5146 τε
2745 5092 2982 5147 διάδοσιν
3042 5092 3154 5147 τῶν
3206 5094 3266 5145 ὲν
3318 5088 3400 5157 οἷς
3452 5094 3851 5164 επεστείλαμεν
3902 5095 4011 5149 ἑτέ·

744 5202 855 5258 ρων
922 5184 1093 5251 ἁγίων
1160 5181 1471 5251 προσώπων
1538 5178 1836 5232 ἐπιστολῶν
1861 5196 1873 5210 ·
1921 5178 2019 5232 καὶ
2066 5178 2152 5250 δὴ,
2182 5170 2319 5234 Θεοῦ
2362 5183 2625 5250 θέλοντος,
2687 5188 2768 5248 είς
2827 5184 3163 5257 ἐπιστροφὴν
3216 5183 3528 5249 παλινοδίας
3558 5185 3724 5240 αὐτοῦ
3769 5187 3887 5241 τῶν
3930 5190 4013 5242 ὲν-

741 5275 937 5332 ταῦθα.

1024 5410 1163 5467 XVI.
1199 5441 1269 5453 —
1296 5411 1376 5464 Ad
1405 5411 1633 5464 Lauram
1665 5411 1837 5464 sancti
1867 5409 2043 5467 Sabw.

747 5527 792 5581 Α
820 5526 929 5582 Deo
974 5528 1259 5591 honorato,
1279 5527 1471 5580 dilecto
1506 5534 1555 5580 et
1588 5527 1860 5595 spirituali
1888 5525 2047 5578 Patri
2071 5542 2205 5592 meo,
2228 5525 2324 5579 do-

814 5620 959 5673 mino
1000 5620 1281 5687 prwpasito
1298 5618 1794 5687 percelebrislaura:
1840 5619 2131 5673 beatissimi
2156 5620 2328 5673 sancti

813 5710 993 5765 Patris
1041 5712 1205 5767 nostri
1257 5711 1437 5775 Sabw,
1472 5722 1519 5766 et
1550 5713 1618 5766 iis
1648 5713 1737 5780 qui
1768 5718 1860 5765 sub
1885 5729 1944 5765 ea
1973 5722 2095 5765 sunt
2129 5714 2327 5767 sanctis

2576 5410 2693 5481 lC,".
2716 5442 2787 5453 —
2817 5415 2919 5483 Εἰς
2941 5411 3055 5480 τὴν
3078 5411 3321 5480 Λαύραν
3350 5409 3455 5465 τοῦ
3481 5407 3653 5478 ἁγίου
3686 5408 3870 5465 Σάδα,

2438 5526 2524 5593 Τῷ
2562 5526 2907 5597 θεοτιμήτῳ,
2930 5524 3295 5595 ἠγαπημένῳ
3332 5522 3429 5576 καί
3472 5520 3856 5591 πνευματικῷ
3890 5540 4009 5593 μου

2503 5619 2708 5686 "arpi,
2746 5619 2929 5686 κυρίῳ
2957 5618 3317 5686 καθηγεμόνι
3344 5613 3457 5683 τῆς
3486 5614 3843 5683 περιϐοήτου
3861 5617 4009 5670 λαύ-

2500 5729 2615 5780 ρας
2646 5708 2751 5764 τοῦ
2820 5708 3217 5779 παμμάκαρος
3240 5708 3413 5777 ἁγίου
3435 5708 3667 5775 Πατρύς
3689 5707 3862 5777 ἡμῶν
3902 5708 4007 5763 Σά-

815 5831 863 5866 "
896 5829 1042 5886 Psal.
1068 5846 1283 5898 Lxutv,
1324 5831 1377 5885 9.
1455 5833 1499 5863 9'
1525 5827 1685 5885 Joau.
1718 5846 1828 5894 xlv,
1862 5831 1953 5883 27.
2032 5833 2077 5864 "
2106 5830 2311 5903 Epltcs.

2423 5830 2510 5885 27.
2588 5830 2631 5860 ’⁷
2673 5827 2779 5883 lsa.
2815 5842 2851 5892 ι,
2880 5826 2935 5879 9.
3016 5826 3061 5858 ’⁸
3102 5823 3145 5879 ll
3187 5823 3311 5880 Cor.
3345 5820 3557 5889 111,27.
