4164 6516
236 446 384 514 1165

1442 463 1980 526 EPISTOLARUM
2022 468 2169 528 LIB.
2236 468 2318 529 II.

3377 460 3514 529 1166

299 567 398 632 6a,
420 565 662 633 καὶτοῖς
691 570 792 623 ὑπ’
824 573 980 641 αὐτῇ
1012 574 1205 643 ὁσίοις
1235 595 1353 646 μου
1377 581 1666 648 Πατράσι,
1690 582 1828 639 Θεό-

2004 582 2257 638 Patribus
2298 584 2450 647 meis,
2489 580 2793 637 Theodorus
2845 582 3117 649 minimus,
3163 580 3427 653 presbyter
3461 592 3511 636 et

300 658 493 725 δωρος
522 659 872 731 ἐλάχιστος,
922 669 1323 738 πρεσϐύτερος
1362 674 1459 726 καί
1491 676 1826 744 ἡγούμενος

304 747 428 842 τῶν
449 751 765 842 Στουδίου.
1626 767 1788 842 [σς-’

302 839 467 910 Χαρά
496 858 587 911 μοι
623 846 835 918 μεγάλη
866 850 960 901 καὶ
988 850 1148 921 δόξης
1178 855 1444 925 περιϐολὴ
1472 858 1551 928 τῷ
1580 839 1786 931 ἀναξίω
1804 876 1818 890 ·

224 930 430 999 ὅτιπερ
461 934 702 1004 ἠξίωμαι
730 938 943 1003 εὐτελές
972 960 1074 1011 μου
1098 950 1479 1015 γραμματεῖον
1505 930 1826 1007 ἀποστεῠέαι

226 1020 289 1069 ἐν
319 1020 472 1111 τόπῳ
503 1023 663 1093 ἁγίῳ,
694 1027 753 1079 ἐν
786 1032 1009 1098 σκηναῖς
1042 1032 1203 1086 ὁσίων
1228 1036 1329 1103 τῆς
1361 1038 1637 1109 ὑμετέρας
1670 1058 1826 1111 περι-

228 1110 474 1181 ποθήτου
516 1116 880 1187 πατρότητος.
930 1121 1145 1194 Ἐπειδὴ
1183 1125 1292 1196 γὰρ
1324 1130 1389 1198 τῇ
1426 1129 1520 1182 τοῦ
1566 1130 1823 1201 σώματος

232 1206 513 1296 παρουσίᾳ
557 1209 657 1279 οὐχ
685 1206 798 1264 οἷόν
836 1230 895 1265 τε
927 1209 994 1285 ἦν
1033 1221 1440 1288 παραγενέσθαι
1492 1242 1560 1294 με
1594 1225 1732 1296 πρὸς
1759 1229 1826 1283 τὰ

236 1293 360 1365 ίχνη
394 1298 570 1367 ὑμῶν,
603 1301 696 1354 καὶ
751 1304 876 1357 ίδεῖν
929 1308 990 1360 τὸ
1045 1309 1201 1377 ἅγιον
1240 1293 1501 1384 τέμενος,
1535 1293 1648 1387 τὴν-
1675 1319 1827 1389 ίεράν

230 1391 499 1460 περιοχὴν
526 1393 794 1467 ὑμῶν,’ἢν
824 1398 936 1466 ἐγὼ
962 1401 990 1452 6
1013 1405 1289 1471 ταπεινὸς,
1319 1407 1394 1470 ὡς
1422 1409 1576 1462 πόλιν
1600 1410 1735 1464 Θεοῦ
1759 1394 1828 1466 δι’

230 1481 415 1546 αἰδοῦς
449 1484 588 1554 ἔχων
629 1490 743 1557 είμί
824 1493 1120 1565 εὐδόκησεν
1150 1499 1179 1550 6
1211 1500 1415 1565 ἀγαθὸς
1442 1502 1574 1565 Θεὸς
1613 1504 1702 1557 διὰ
1728 1505 1829 1573 τῆς

230 1574 331 1626 τοῦ
377 1582 705 1647 γράμματος
741 1584 1054 1656 ἐπισκοπῆς
1085 1589 1145 1640 τὸ
1176 1591 1515 1662 καταθύμιόν
1548 1611 1650 1664 μου
1687 1596 1827 1666 πλη-

236 1667 412 1735 ρῶσαι
453 1671 546 1722 τοῦ
576 1673 925 1743 ἁμαρτωλοῦ.
958 1680 1067 1733 Καὶ
1111 1681 1175 1751 δὴ
1221 1683 1298 1746 ὡς
1337 1684 1527 1756 παρὼν
1578 1688 1685 1758 πρὸ
1719 1691 1829 1743 τῶν

233 1759 415 1850 ποδῶν
444 1762 599 1831 ὑμῶν
632 1804 647 1830 ,
682 1767 775 1819 καὶ
806 1770 1249 1843 περιπτύσσομαι
1284 1774 1429 1845 ὑμᾶς
1455 1777 1528 1847 τῷ
1554 1778 1696 1850 ἁγίῳ
1728 1781 1829 1834 πό-

234 1849 319 1920 θῳ
345 1871 357 1883 ·
394 1854 489 1907 καὶ
529 1859 822 1925 προσκυνῶ
858 1861 1338 1934 τδ“θεῖονὲδαφος,
1375 1868 1433 1920 ἐν
1475 1862 1520 1937 ᾧ
1567 1870 1628 1923 τὸ
1671 1849 1826 1927 ἐκλε-

234 1946 368 1998 κτὸν
398 1948 590 2011 σκεῦος
613 1952 706 2004 τοῦ
737 1952 873 2006 Θεοῦ
912 1958 1268 2026 τεταμίευται
1291 1977 1306 1991 ·
1351 1961 1414 2015 τὸ
1441 1963 1556 2031 φῶς
1583 1965 1691 2018 τῶν
1725 1984 1825 2036 μο-
1860 1935 1901 1990 Β

233 2037 531 2111 ναζόντων·
565 2041 594 2093 6
633 2040 891 2114 λαμπτὴρ
924 2046 1020 2116 τῆς
1046 2048 1373 2121 οἰκουμένης
1398 2067 1412 2082 °
1445 2055 1474 2106 6
1503 2054 1595 2106 τοῦ
1632 2056 1823 2125 νοητοῦ

232 2127 440 2196 Φαραὼ
494 2137 954 2207 καταποντιστήςο
998 2139 1092 2193 καὶ
1136 2141 1231 2194 τοῦ
1276 2143 1436 2210 ἁγίου
1470 2146 1656 2210 ἔθνους
1693 2147 1826 2201 καθ-

240 2222 478 2292 ηγητὴς,
515 2224 544 2276 6
580 2227 679 2295 τῆς
715 2228 875 2295 ἁγίας
903 2230 1005 2301 γῆς
1035 2233 1329 2304 ἐγκρατὴς,
1362 2237 1455 2289 καὶ
1500 2237 1607 2291 τῶν
1660 2240 1822 2294 θείων

238 2312 419 2380 μονῶν
471 2313 821 2387 κληροδότης.
873 2321 1304 2395 Συνασπάζομαι
1345 2329 1438 2380 καὶ
1486 2328 1583 2391 τὰς
1633 2331 1827 2396 λοιπὰς

235 2402 541 2473 σεϐασμίας
604 2407 800 2477 θήκας,
854 2412 938 2478 ἐφ’
993 2408 1081 2476 αἷς
1129 2416 1197 2467 τά
1261 2417 1383 2487 ίερὰ
1440 2418 1665 2489 σώματα
1714 2423 1824 2477 τῶν

233 2494 403 2547 ὁσίων
424 2511 438 2526 ·
472 2492 553 2559 οἷς
585 2498 613 2550 6
639 2498 866 2562 πλοῦτος
894 2501 1002 2554 τῶν
1031 2504 1263 2572 ἀρετῶν,
1295 2508 1353 2559 ἐν
1384 2511 1539 2563 νυκτὶ
1572 2512 1665 2563 τοῦ
1698 2515 1824 2583 τῇδε

237 2586 625 2673 βίουῌάττροις
672 2592 876 2644 ἐοικόσι
936 2593 1242 2661 θεοφαέσιν.
1307 2597 1448 2667 Ὀρῶ
1484 2600 1576 2652 τὸν
1625 2603 1823 2673 χῶρον,

237 2679 327 2744 ἐφ’
358 2671 403 2745 ᾧ
460 2680 489 2731 6
539 2681 731 2742 στύλος
790 2682 884 2735 τοῦ
937 2686 1108 2755 πυρὸς
1148 2687 1225 2757 τῷ
1256 2690 1433 2761 στύλῳ
1460 2693 1569 2745 τῶν
1604 2671 1817 2762 ἀρετῶν

232 2763 425 2823 ὦπται
442 2786 456 2799 ·
487 2772 519 2841 ἡ
550 2775 686 2843 πρὸς
712 2776 838 2838 τοὺς
869 2777 1136 2845 ἀοράτους
1162 2781 1390 2853 ἐχθροὺς
1411 2788 1702 2858 νικηφόρος
1726 2788 1828 2841 πά-

232 2860 305 2932 λη
334 2879 347 2895 ’
401 2863 462 2916 τὸ
508 2864 606 2934 τῆς
657 2865 1103 2939 θαυματουργίας
1153 2873 1371 2945 δρᾶμα*
1412 2878 1571 2932 τοῦτο
1604 2880 1827 2934 κάκεῖνο

234 2953 663 3025 ποικιλλόμενον
686 2960 808 3022 ταῖς
833 2960 972 3014 κατά
999 2962 1189 3030 καιρὸν
1219 2965 1522 3035 ἐνεργείαις
1537 2969 1632 3022 τοῦ
1658 2970 1826 3025 Πνεύ-

235 3061 437 3113 ματος.
472 3049 534 3098 Ὢ
567 3048 711 3103 πόσα
736 3067 825 3120 μοι
862 3053 891 3104 6
922 3052 1087 3117 πόθος
1116 3057 1398 3110 ἐπισάλλει
1430 3058 1642 3128 λέγεινι
1676 3063 1769 3117 καὶ
1796 3066 1824 3117 6

232 3139 443 3222 τρόπος
469 3137 646 3207 εἴργει
674 3140 766 3193 τοῦ
795 3143 871 3212 μὴ
904 3144 984 3206 είς
1015 3143 1254 3216 ἄμετρον
1288 3150 1546 3203 ἐκπεσεῖν
1578 3152 1675 3222 τὴν
1704 3155 1825 3207 ἐπι-

2001 677 2319 748 prwpositus
2342 674 2700 732 Studitarum.

2002 849 2194 920 Magna
2256 850 2390 904 mihi
2427 850 2632 916 laetitia,
2681 851 2983 922 ingensque
3013 852 3207 923 gloria,
3254 851 3509 921 indignus

1929 938 2031 994 sim
2069 940 2195 993 licet
2245 940 2390 1009 quod
2428 948 2643 994 tenuem
2687 940 2974 1009 epistolam
3028 940 3242 994 mittere
3292 938 3345 991 in
3390 940 3509 991 loca

1930 1046 2086 1088 sacra
2120 1033 2432 1103 contigerit,
2482 1033 2538 1087 in
2570 1033 2920 1087 tabernacula
2952 1042 3290 1095 sanctorum,
3319 1040 3511 1084 vestra:

1930 1125 2139 1180 scilicet
2184 1124 2477 1192 plurimum
2527 1121 2849 1177 desiderata:
2906 1122 3273 1191 paternitatis.
3320 1119 3511 1185 Quan-

1929 1213 2222 1283 doquidem
2249 1214 2394 1267 enim
2426 1214 2619 1269 adesse
2641 1228 2827 1267 coram
2854 1228 2960 1267 non
2993 1212 3140 1274 licet,
3173 1228 3237 1266 ac
3264 1210 3509 1280 vestigiis

1930 1307 2127 1362 vestris
2178 1306 2414 1369 advolvi,
2450 1314 2505 1361 et
2537 1316 2781 1361 sanctam
2814 1305 2984 1360 aedem
3021 1315 3256 1359 vestram
3282 1304 3508 1367 intueri,

1932 1414 2257 1469 sacrumque
2291 1408 2527 1468 septum,
2574 1398 2719 1468 quod
2768 1412 2869 1468 ego
2929 1397 3178 1462 humilis,
3240 1405 3505 1466 tanquam

1933 1492 2026 1545 Dei
2061 1492 2359 1556 Civitatem,
2411 1492 2667 1561 religiose
2698 1504 2928 1545 veneror
2992 1490 3194 1559 placuit
3225 1490 3335 1542 Deo
3363 1488 3508 1557 Opti-

1932 1599 2023 1638 mo
2067 1600 2163 1653 per
2210 1584 2439 1647 litteras,
2491 1584 2652 1639 veluti
2708 1600 2804 1653 per
2845 1583 3145 1654 speculam,
3176 1583 3315 1637 votis
3348 1582 3505 1645 meis,

1932 1678 2059 1731 licet
2105 1677 2342 1746 peccatis
2392 1679 2493 1732 sim
2533 1676 2831 1740 obnoxius,
2881 1678 3278 1731 obsecundare.
3322 1673 3509 1743 Itaque

1932 1778 2191 1836 tanquam
2244 1766 2438 1821 vestris
2464 1765 2691 1836 pedibus
2725 1766 3034 1829 advolutus,
3068 1775 3256 1821 saneto
3286 1780 3382 1818 vos
3415 1763 3510 1817 de-

1932 1857 2133 1911 siderio
2180 1856 2538 1925 complector,
2594 1864 2650 1909 et
2698 1855 2945 1910 divinum
2986 1857 3173 1909 animo
3220 1857 3511 1910 exosculor

1931 1949 2133 2011 solum,
2169 1947 2223 2002 in
2254 1963 2362 2017 quo
2380 1962 2477 2002 vas
2509 1946 2601 2002 Dei
2634 1948 2865 2003 electum
2895 1959 3166 2010 servatur,
3197 1947 3290 2002 lux
3323 1963 3501 2001 mons.

1931 2039 2183 2101 chorum,
2240 2038 2389 2092 orbis
2436 2046 2703 2095 terrarum
2754 2038 2995 2104 lucerna,
3049 2039 3145 2108 qui
3206 2038 3509 2108 spiritalem

1930 2126 2270 2181 Pharaonem
2300 2125 2583 2190 demersit,
2613 2125 2757 2196 genti
2804 2137 3008 2181 sancta:
3047 2127 3356 2182 moderator
3388 2114 3510 2191 viae,

1931 2229 2088 2273 terrae
2148 2227 2349 2275 sancta:
2398 2234 2642 2289 compos,
2692 2219 3114 2290 divinarumque
3164 2222 3509 2275 mansionum

1930 2311 2279 2367 distributor.
2330 2312 2520 2367 Saluto
2552 2328 2657 2367 una
2691 2322 2745 2367 et
2779 2314 3018 2383 reliquos
3053 2315 3393 2370 venerandos
3432 2316 3513 2369 lo—

1930 2402 2103 2464 culos,
2136 2405 2191 2456 in
2226 2404 2427 2473 quibus
2461 2419 2617 2459 sacra
2664 2414 2977 2460 sanctorum
3019 2407 3234 2461 condita
3258 2422 3510 2477 corpora,

1931 2493 1984 2548 in
2024 2495 2225 2562 quibus
2264 2497 2526 2550 virtutum
2559 2512 2690 2567 opes
2722 2499 2992 2565 repositm,
3037 2500 3239 2568 quippe
3287 2515 3408 2568 qua:
3453 2501 3509 2551 in

1931 2594 2091 2640 nocte
2124 2586 2354 2656 hujusce
2376 2588 2502 2643 vita:
2530 2589 2840 2644 divinorum
2883 2590 3123 2645 siderum
3158 2592 3333 2646 instar
3351 2591 3511 2647 eﬂ‘ul—

1930 2686 2078 2745 gent.
2118 2675 2322 2732 Locum
2355 2679 2487 2733 mihi
2534 2682 2721 2736 videre
2759 2681 2966 2747 videor,
3020 2683 3074 2737 in
3118 2699 3228 2753 quo
3256 2684 3514 2739 columna

1932 2766 2071 2835 ignis
2108 2782 2208 2837 per
2258 2770 2520 2824 virtutum
2559 2772 2870 2827 columnam
2914 2784 3377 2843 repraesentetur:
3420 2774 3513 2829 ubi

1931 2856 2077 2913 luela
2135 2859 2398 2916 adversus
2460 2862 2648 2917 hostes
2694 2864 3001 2920 invisibiles
3052 2881 3176 2921 cum
3222 2867 3514 2936 adeptione

1929 2949 2192 3014 victoriae,
2244 2953 2335 3005 ubi
2370 2968 2536 3007 scena
2581 2953 2780 3009 referta
2834 2957 3137 3023 miraculis,
3168 2956 3257 3011 ubi
3312 2958 3416 3013 hoc
3459 2968 3515 3012 et

1931 3042 2062 3096 illud
2109 3054 2414 3111 opportune
2461 3045 2699 3101 illustrat
2745 3048 3028 3117 multiplex
3076 3050 3302 3119 spiritus
3349 3049 3515 3105 viset

1928 3133 2185 3190 efﬁcacia.
2219 3134 2264 3190 Ο
2320 3147 2523 3206 quanta
2583 3139 2764 3192 dicere
2806 3138 3047 3210 suggerit
3104 3140 3362 3194 animus!
3417 3140 3513 3195 sed

234 3216 456 3296 στολήν.
477 3228 540 3279 Ὠ
568 3228 751 3283 πόσων
770 3231 992 3300 ἀγαθῶν
1012 3236 1266 3307 πράξεων
1296 3239 1537 3309 σύμϐολα
1568 3216 1662 3296 καὶ
1691 3244 1824 3297 ὐπο-

1931 3227 2128 3281 modus
2185 3230 2454 3282 tenendus
2513 3236 2637 3293 est,
2679 3243 2745 3283 ne
2790 3229 2846 3283 in
2896 3231 3224 3285 immensum
3264 3245 3516 3297 excurrag

238 3318 507 3386 μνήματα
534 3321 592 3373 ἐν
622 3322 749 3390 ὑμῖν
772 3324 784 3376 I
819 3328 1105 3398 μονονουχὶ
1132 3331 1226 3383 καὶ
1250 3331 1353 3383 ὑπὸ
1377 3332 1503 3396 θέας
1525 3335 1698 3404 αὐτῆς
1728 3336 1824 3389 δυο

234 3406 453 3475 νάμενα
474 3412 812 3479 παρακαλεῖν
839 3414 1018 3487 ψυχὴν
1041 3420 1121 3482 είς
1154 3421 1394 3475 ἐπίδοσιν
1427 3425 1647 3495 ἀρετῆς.
1687 3427 1827 3480 Ἀλλ’

234 3500 266 3550 ὁ
302 3498 405 3566 μὲν
436 3500 651 3570 πρῶτος
680 3503 835 3573 λόγος
860 3509 1031 3576 ἐχέτω
1060 3510 1266 3565 ταῦτα·
1290 3514 1339 3565 εί
1374 3515 1465 3567 καί⁵
1487 3515 1827 3587 ἐνδεέστερον

234 3591 343 3660 τῆς
369 3593 686 3664 ἐπιθυμίας.
727 3598 845 3666 Ἐφ’
878 3600 1069 3672 ἕτερον
1094 3602 1151 3656 δὲ
1184 3605 1584 3675 μετελεύσομαι
1615 3610 1828 3679 ὀδυρτι-

237 3684 357 3747 κὸν,
386 3686 445 3737 οὐ
490 3689 766 3759 περιχαρῆ
786 3707 801 3722 ο
827 3692 895 3745 δι’
920 3693 978 3746 ὃν
1018 3696 1176 3749 ,καὶὸ
1204 3698 1468 3769 πρότερος
1512 3701 1824 3773 ὑφωρμήθη

239 3793 335 3846 μοι
375 3777 636 3848 ὑπάρξαι.
687 3782 1023 3853 Ὀργηθεοῦ
1052 3787 1201 3856 ἡμᾶς
1222 3790 1543 3850 κατέλαΰεν.
1573 3786 1618 3844 ὦ
1654 3794 1828 3846 Πατέ-

241 3882 339 3936 ρες
371 3868 689 3935 ἁγιώτατοι,
720 3871 807 3925 ὃιά
831 3874 892 3927 τὸ
925 3877 1295 3949 πληθυνθῆναι
1326 3882 1426 3949 τὴν
1456 3882 1702 3953 ἀνομίαν,
1725 3884 1827 3952 ψυ-

236 3960 439 4027 γείσης
466 3961 565 4030 τῆς
599 3963 842 4035 ἀγάπης,
872 3965 948 4029 ὡς
994 3969 1023 4020 6
1068 3968 1274 4039 Κύριος
1325 3973 1535 4043 εἴρηκε.
1579 3975 1854 4044 Διωγμδς⁶

255 4051 657 4123 Ἐλληνοειδὴς,
694 4055 1079 4123 χαλεπώτατος
1098 4061 1239 4113 λίαν.
1283 4062 1563 4135 Ἀπηλὰθη
1584 4067 1696 4133 ’τῆς
1728 4066 1841 4124 αὖα.

235 4142 340 4212 λῆς
383 4144 411 4196 6
443 4144 781 4217 ἀρχιποιμὴν
828 4149 983 4217 ήμῶν
1008 4167 1022 4183 θ
1057 4150 1444 4223 διεσκορπίσθη
1492 4160 1558 4208 τὰ
1591 4157 1827 4227 Χριστοῦ

235 4238 533 4308 πρόϐατα·
583 4239 738 4293 λύκοι
779 4241 966 4313 βαρεῖς
1014 4245 1419 4316 είσεφθάρησαν
1468 4247 1532 4319 [Γ.
1576 4249 1829 4317 είσέφθα-

238 4337 368 4409 σαν]
412 4340 473 4390 ὲν
497 4342 564 4410 τῇ
593 4340 818 4412 ποίμνῃ,
844 4343 1012 4411 venire
1036 4344 1244 4412 μονιὸς
1272 4344 1481 4414 ἄγριος
1505 4346 1829 4415 κατενεμή-

235 4443 398 4482 σατο
433 4428 648 4495 αὐτήν.
672 4431 738 4483 Τί
782 4431 973 4497 τοῦτο;
1004 4434 1174 4488 Πάλιν
1209 4435 1446 4489 ἐνταῦθα
1490 4436 1767 4507 ¹Ιιτιμὸισθη
1794 4437 1829 4507 η

236 4520 419 4587 σεπτὴ
464 4520 630 4575 εἰκὼν
675 4522 770 4575 τοῦ
825 4523 960 4577 Θεοῦ
999 4526 1095 4579 καὶ
1141 4526 1396 4599 Σωτῆρος
1454 4526 1613 4598 ⁴ἡμῶν
1651 4526 1827 4596 Ἰησοῦ

1928 3317 2180 3387 epistola.
2236 3316 2450 3386 Oquod
2484 3332 2664 3374 rerum
2710 3320 2967 3388 praeclare
3015 3330 3293 3390 gestarum
3348 3335 3516 3391 argu-

1928 3420 2108 3465 menta
2147 3412 2289 3480 apud
2339 3426 2435 3465 vos
2469 3426 2533 3466 ac
2581 3421 2933 3468 monumenta
2973 3420 3213 3478 exstant,
3260 3427 3383 3481 quae
3428 3411 3515 3469 vel

1929 3506 2050 3576 ipso
2076 3513 2393 3585 conspectu‘
2424 3504 2703 3575 impellere
2729 3506 2971 3560 animum
3004 3506 3218 3574 possint
3244 3506 3311 3559 ad
3340 3505 3511 3559 virtu-

1929 3599 1999 3652 tis
2046 3598 2389 3667 prol‘ectum!
2448 3596 2552 3653 Sed
2580 3598 2652 3653 sit
2690 3599 2803 3652 haec
2849 3596 3000 3667 prior
3049 3611 3176 3666 pars
3221 3596 3514 3659 orationis.

1930 3703 2241 3758 quanquam
2292 3687 2548 3757 pauciora
2587 3687 2695 3740 dixi
2737 3701 2900 3754 quam
2938 3684 3119 3739 velim.
3156 3686 3236 3739 Ad
3288 3686 3513 3740 alteram

1929 3779 2269 3849 progrediar,
2317 3793 2414 3832 nec
2460 3778 2605 3831 illam
2656 3776 2878 3847 quidem
2929 3777 3111 3846 gaudii
3147 3778 3365 3847 plenam
3418 3778 3517 3833 sed

1930 3871 2185 3926 maeroris
2221 3888 2234 3924 :
2277 3871 2348 3927 ob
2388 3885 2553 3939 quam
2588 3878 2642 3924 et
2669 3868 2926 3938 priorilla
2959 3876 3042 3925 est
3076 3883 3107 3923 a
3140 3883 3226 3923 me
3254 3869 3395 3923 ultro
3427 3868 3515 3922 iu-

1930 3961 2138 4019 stituta.
2174 3962 2546 4033 Apprehendit
2574 3976 2676 4016 nos
2694 3962 2772 4016 ira
2801 3960 2919 4024 Dei,
2941 3959 3128 4015 Patres
3156 3961 3513 4025 sanctissimi.

1928 4055 2186 4123 quoniam
2230 4052 2528 4107 abundavit
2572 4052 2852 4121 iniquitas,
2898 4050 3287 4122 relrigescente
3330 4052 3517 4107 chari-

1931 4154 2061 4207 tate,
2121 4147 2266 4199 sicut
2338 4144 2601 4197 Dominus
2667 4142 3039 4211 pronuntiavit
3074 4144 3143 4197 ”.
3200 4142 3515 4199 Persecutio

1929 4234 2419 4299 etlmicae‘similis,
2471 4243 2669 4304 praeter
2707 4234 2925 4289 modum
2970 4249 3132 4290 saeva.
3174 4235 3415 4289 Abactus
3442 4235 3513 4289 ab

1930 4328 2059 4383 ovili
2098 4342 2348 4381 summus
2401 4334 2589 4395 pastor
2637 4336 2843 4389 noster,
2892 4324 3153 4394 dispersae
3207 4332 3336 4379 sunt
3382 4339 3513 4379 oves

1929 4418 2157 4483 Clu-isti,
2206 4418 2317 4487 lupi
2365 4432 2590 4487 rapaces
2627 4418 2943 4471 invaserunt
2982 4431 3224 4489 gregem,
3252 4426 3300 4470 et
3330 4417 3511 4487 singu-

1932 4512 2065 4565 laris
2112 4510 2255 4580 [erus
2295 4510 2545 4579 depastus
2574 4518 2653 4563 est
2691 4524 2810 4563 eum
2838 4509 2879 4561 ⁸.
2914 4507 3057 4574 Quid
3101 4508 3242 4563 istud
3280 4508 3356 4563 rei
3383 4510 3515 4563 est?

234 4609 503 4678 Χριστοῦ,
539 4612 639 4679 τῆς
694 4612 981 4677 Θεοτόκου,
1033 4615 1232 4677 παντὸς
1291 4615 1599 4671 οὑτινοσοῦν
1643 4617 1823 4685 ἁγίου.

1932 4608 2134 4661 Iterum
2163 4605 2251 4659 hic
2275 4605 2467 4659 aﬂecta
2512 4603 2725 4673 probris
2754 4612 2838 4658 est
2870 4604 3176 4658 veneranda
3210 4602 3387 4674 imago
3417 4602 3513 4659 Dei

234 4702 339 4754 Διά
394 4702 551 4755 τοῦτο
601 4703 885 4773 ποιμένες
930 4706 1408 4774 ἡφρονεύσαντο,
1466 4709 1561 4761 καὶ
1594 4709 1691 4779 οὐχ
1742 4710 1825 4763 ὅτι

1929 4706 1982 4755 et
2013 4696 2318 4752 Servatoris
2343 4697 2516 4752 nostri
2551 4694 2679 4753 Jesu
2706 4695 2931 4760 Christi,
2962 4696 3227 4767 Deiparaz,
3255 4709 3307 4751 et
3336 4698 3512 4752 sancti

235 4793 352 4845 τὸν
387 4793 622 4860 Κύριον,
662 4796 1019 4865 προφητικῶς
1051 4798 1245 4862 εἰπεῖν,
1278 4799 1389 4850 οὐκ
1408 4798 1781 4866 ἐξεζήτησαν
1807 4813 1821 4828 ·

234 4878 405 4953 ἦττον
429 4884 535 4953 γὰρ
563 4884 628 4937 ἂν
657 4880 725 4954 ῆν
750 4884 812 4938 τὸ
833 4886 1087 4956 ἀσέϐημα
1111 4904 1124 4917 ’
1156 4888 1271 4941 ἀλλ’
1308 4889 1391 4941 ὅτι
1420 4890 1826 4959 συνήχθησαν

250 4975 564 5038 Ἰουδαϊκῶς
628 4977 779 5031 κατὰ
845 4978 951 5031 τοῦ
1020 4980 1276 5045 Κυρίου,
1345 4981 1444 5033 καί
1503 4981 1654 5035 κατὰ
1718 4982 1825 5035 τοῦ

232 5066 503 5135 Χριστοῦ
530 5067 751 5123 αὑτοῦ·
795 5069 1297 5139 ἀποδοκιμάσαντες
1330 5072 1496 5125 αὑτοῦ
1530 5073 1627 5142 τὴν
1663 5074 1826 5141 ἁγίαν

233 5162 449 5222 εἰκόνα.
511 5160 609 5231 τῆς
665 5177 724 5213 τε
793 5160 960 5214 αὐτοῦ
1031 5163 1274 5232 Μητρὸς,
1331 5163 1425 5216 καὶ
1490 5165 1599 5218 τῶν
1658 5164 1822 5237 θερα-

237 5252 483 5306 πόντων.

311 5342 414 5395 Διά
443 5342 602 5398 τοῦτο
637 5346 1000 5417 θυσιαστήρια
1046 5348 1176 5416 am
1216 5349 1489 5420 ἠφανίσθη
1520 5368 1534 5383 ·
1570 5350 1662 5403 καὶ
1708 5349 1826 5402 ναοὶ

234 5436 453 5505 Κυρίου
486 5437 923 5508 ἠμαυρὼθησαν,
948 5441 1003 5491 ὲν
1034 5441 1182 5513 πασῃ
1226 5442 1380 5494 πόλει
1410 5442 1505 5495 καὶ
1541 5442 1692 5513 χώρᾳ
1725 5442 1825 5510 τῆς

231 5528 371 5598 τῇδε
425 5527 693 5591 ἐξουσίας,
736 5531 816 5593 είς
852 5528 1045 5591 πένθος
1094 5531 1444 5601 προκείμενοι
1483 5534 1595 5594 τοῖς
1634 5531 1823 5601 ὁρῶσι,

230 5622 331 5673 τὸν
362 5622 560 5673 οἰκεῖον
590 5620 795 5690 κόσμον
823 5621 923 5691 τῆς
949 5621 1100 5682 θείας
1122 5622 1424 5692 εὐμορφίας
1452 5623 1820 5697 ἀφῃρημένοι.

231 5714 341 5767 Διά
385 5710 545 5764 τοῦτο
582 5712 705 5781 ίερά
748 5714 919 5785 σκεύη
971 5715 1449 5786 ἀναχωνευόμενα,
1502 5718 1599 5769 καὶ
1655 5713 1822 5793 ἐσθὴς

1928 4795 2238 4864 cujuslibet.
2270 4792 2473 4847 Idcirco
2492 4791 2654 4846 stulte
2688 4800 2903 4863 egerunt
2935 4802 3196 4861 pastores,
3226 4808 3332 4845 non
3365 4793 3513 4861 quod

1929 4886 2239 4949 Dominum,
2291 4893 2348 4937 ut
2407 4900 2529 4939 cum
2582 4884 2842 4970 propheta
2895 4884 3106 4953 loquar,
3153 4899 3257 4937 non
3285 4886 3512 4953 qua'sie-

1929 4988 2051 5032 runt
2070 4979 2112 5045 ²,
2142 4978 2316 5032 levius
2338 4979 2482 5032 enim
2513 4978 2789 5049 piaculum
2817 4976 2975 5041 foret;
3002 4976 3096 5031 sed
3125 4976 3269 5046 quod
3290 4976 3509 5030 ιῐυόκοη

1928 5088 2049 5129 rum
2078 5087 2231 5127 more
2269 5079 2616 5125 convenerunt
2656 5072 2709 5124 in
2736 5086 2899 5124 unum
2923 5070 3174 5125 adversus
3203 5069 3510 5131 Dominum,

1926 5178 1974 5219 et
2013 5164 2581 5219 adrersus'Christum
2628 5163 2742 5231 ejus
2773 5162 2794 5194 ⁸
2822 5180 2835 5217 :
2867 5172 3112 5218 sanctam
3155 5161 3273 5231 ejus
3317 5162 3513 5231 imagi—

1928 5270 2050 5310 nem
2084 5255 2457 5324 reprobantes,
2489 5253 2676 5307 Matris
2717 5254 2843 5308 item
2879 5268 2943 5308 ac
2972 5253 3326 5309 famulorum.

1999 5347 2132 5401 Eam
2169 5348 2241 5401 ob
2272 5362 2387 5401 rem
2421 5357 2610 5402 sancta
2642 5347 2833 5400 altaria
2861 5346 3063 5407 diruta,
3088 5354 3142 5401 et
3174 5347 3375 5415 templa
3405 5344 3511 5399 Do-

1929 5440 2063 5494 mini
2096 5438 2439 5505 labefactata,
2484 5440 2537 5494 iu
2572 5440 2722 5495 omni
2751 5439 2969 5493 civitate
3008 5453 3074 5492 ac
3114 5438 3355 5508 regione,
3388 5452 3510 5509 quas

1929 5533 2059 5587 huic
2110 5532 2337 5601 imperio
2382 5542 2555 5601 paret,
2606 5532 2794 5602 ingens
2826 5531 3175 5586 intuentibus
3208 5531 3387 5585 luctus
3410 5546 3510 5584 ar-

1930 5633 2269 5693 gumentum,
2321 5639 2446 5677 cum
2498 5623 2608 5679 sint
2658 5623 2746 5677 illa
2804 5621 3023 5694 proprio
3061 5622 3231 5677 divini
3292 5622 3508 5677 decoris

1930 5725 2128 5772 ornatu
2156 5716 2377 5771 nudata.
2404 5717 2613 5773 Idcirco
2644 5732 2772 5774 vasa
2806 5732 2964 5774 sacra
2993 5716 3219 5789 liquata,
3241 5725 3295 5772 et
3322 5716 3507 5772 divina

310 5892 360 5925 ”
387 5889 581 5950 Matth.
608 5907 757 5981 xxiv,
791 5893 879 5951 I2.
957 5894 973 5927 ¹
1006 5893 1150 5952 Psal.
1180 5911 1327 5961 uix,
1361 5893 1447 5951 14.
1522 5896 1543 5927 ¹
1574 5892 1776 5951 Jerem.
1804 5909 1859 5963 χ,
1887 5893 1980 5951 2i.
2051 5896 2078 5931 ⁸
2106 5892 2254 5953 Psal.
2298 5906 2361 5963 ll,
2397 5892 2453 5949 2.
