4164 6480
636 422 777 493 ιιςτ
1830 414 1889 473 S.
1927 409 2222 472 THEODC

2363 408 2708 471 STUDITAS
3763 415 3904 482 1168

635 541 797 595 vestis
830 536 941 607 igni
976 536 1195 601 tradita,
1223 548 1345 591 cum
1373 530 1605 603 depictis
1646 533 1699 586 In
1731 530 1926 585 tabella
1966 530 2217 600 imagini-

2325 527 2439 582 θεία
2470 531 2602 599 πυρὶ
2639 528 3060 599 παραδιδομένη,
3114 531 3210 585 σὺν
3243 534 3354 595 τοῖς
3406 532 3465 586 ὲν
3511 534 3695 600 πίναξι
3728 555 3905 607 χαρα-

631 632 759 694 bus,
816 639 872 687 et
905 631 1059 685 libris
1101 631 1153 683 in
1209 629 1409 700 quibus
1442 627 1621 697 aliqua
1678 627 1881 681 mentio
1916 626 2213 694 imaginum

628 732 795 775 esset.
877 719 1008 774 Eam
1066 720 1137 774 ob
1218 734 1442 774 causam
1500 733 1760 789 magnum
1832 718 2217 771 incarnationis

631 810 952 880 mysterium
984 809 1283 874 deridetur,
1306 818 1360 863 et
1381 808 1749 863 abominanda
1773 823 1859 863 res
1888 808 2213 877 appellatur,

630 902 775 971 quod
808 912 861 956 et
896 903 1154 956 horresco
1207 901 1470 963 referens,
1526 916 1646 971 quc
1688 901 1910 955 salutari
1967 901 2083 955 orbi
2136 911 2220 955 est

635 1008 895 1063 expressa
948 992 1154 1048 Christi
1214 992 1405 1063 figura,
1436 992 1519 1047 vel
1548 991 1803 1047 Christus
1864 992 1981 1061 ipse
2035 991 2218 1060 potius

630 1098 757 1138 cum
809 1082 980 1137 Matre
1033 1090 1088 1137 et
1138 1081 1396 1137 famulis:
1448 1080 1892 1152 quandoquidem
1923 1082 2131 1137 honore
2166 1090 2221 1135 et

632 1175 996 1245 appellatione
1039 1174 1179 1229 idem
1226 1159 1388 1229 ambo
1419 1186 1568 1238 sunt,
1610 1174 1789 1244 imago
1821 1181 1876 1228 et
1918 1173 2216 1243 exemplar.

633 1265 842 1321 Idcirco
903 1266 1237 1335 quaestiones
1289 1274 1345 1320 et
1411 1263 1796 1334 inquisitiones
1833 1278 1928 1334 per
1972 1263 2219 1333 singulos

633 1371 888 1427 quosque
932 1359 1081 1411 viros
1121 1371 1185 1411 ac
1218 1356 1432 1420 domos,
1478 1364 1713 1409 terrores
1764 1368 1829 1408 ac
1871 1352 2055 1417 minae,
2109 1366 2218 1407 non

634 1447 799 1500 modo
835 1460 903 1500 ne
949 1445 1151 1510 omnis,
1183 1446 1279 1501 sed
1334 1460 1401 1501 ne
1447 1445 1651 1515 aliqua,
1704 1444 1976 1498 haereticis
2017 1443 2218 1497 intacta

635 1538 815 1609 imago
844 1539 1216 1594 subtrahatur.
1248 1538 1458 1593 Idcirco
1484 1537 1796 1593 sacerdotes
1817 1536 2003 1605 inique
2027 1543 2216 1606 agunt,

632 1638 688 1683 et
720 1626 997 1694 monachi,
1037 1638 1203 1683 exuto
1252 1629 1601 1686 monachatu,
1647 1627 1865 1680 irruuut
1899 1625 1950 1679 in
1975 1625 2219 1694 ejusdem

636 1722 877 1776 instituti
906 1721 1075 1782 viros,
1122 1720 1331 1773 alumni
1369 1719 1658 1773 adversum
1700 1716 2039 1788 praepositos,
2070 1714 2220 1771 defe-

632 1815 833 1869 ctionis
888 1815 1173 1882 praemium
1226 1810 1601 1882 praefecturam
1648 1811 1965 1879 accipiunt;
2014 1816 2069 1863 et
2125 1808 2218 1877 qui

2320 622 2517 692 κτῆρσι
2551 622 2643 674 καὶ
2669 620 2868 690 βίϐλοις
2894 622 2951 673 ὲν
2978 616 3065 684 αἷς
3088 639 3141 675 τι
3163 622 3353 676 λεκτδν
3374 624 3501 694 περὶ
3526 625 3773 683 είκόνων.
3804 632 3905 683 Aid

2318 701 2475 765 τοῦτο
2507 712 2730 781 γελᾶται
2770 712 2831 765 τὸ
2863 714 3005 782 μέγα
3056 713 3156 778 τῆς
3199 715 3517 784 οἰκονομίας
3558 721 3861 790 μυστήριον
3889 738 3904 752 ·

2320 804 2412 855 καὶ
2444 802 2719 872 βδέλυγμα
2751 802 3032 874 κέκληται,
3060 802 3091 856 δ
3118 804 3213 857 καὶ
3241 806 3451 876 φρίττω
3477 806 3670 876 λέγων,
3706 811 3768 863 τὸ
3798 829 3910 866 σω·

2320 898 2508 965 τήριον
2537 895 2729 965 κόσμῳ
2766 896 3020 967 ὁμοίωμα
3054 898 3325 969 Χριστοῦ’
3358 899 3559 969 μᾶλλον
3587 901 3643 954 δὲ
3670 902 3909 973 Χριστὸς

2322 988 2419 1037 σὺν
2445 986 2629 1055 Μητρὶ
2660 987 2755 1038 καὶ
2776 985 3136 1055 θεράπουσινο
3166 989 3326 1057 εῐπερ
3350 988 3426 1053 ὡς
3452 992 3519 1061 τῇ
3546 993 3678 1063 τιμῇ
3713 994 3809 1047 καὶ
3837 997 3908 1065 τῇ

2322 1074 2513 1145 κλήσει
2566 1075 2761 1128 ταυτὸν
2823 1076 3130 1148 ἀμφότερα,
3166 1078 3332 1133 είκὼν
3377 1080 3472 1136 καὶ
3520 1084 3907 1153 πρωτότυπον.

2321 1166 2421 1220 Διά
2450 1164 2611 1219 τοῦτο
2635 1166 3015 1237 ὲξερευνήσεις
3045 1169 3139 1222 καὶ
3166 1169 3516 1242 ἐκζητήσεις,
3543 1174 3642 1227 καὶ
3664 1177 3786 1229 κατ’
3808 1179 3910 1232 ἀν-

2319 1259 2419 1329 δρα
2448 1260 2543 1313 καὶ
2574 1260 2695 1313 κατ’
2724 1255 2875 1313 οἶκον
2899 1276 2914 1291 ο
2950 1261 3045 1315 καὶ
3076 1261 3231 1331 φόὸοι
3266 1264 3360 1317 καὶ
3390 1265 3635 1331 ἀπειλαὶ,
3663 1268 3739 1339 μὴ
3770 1269 3912 1322 ὐπο-

2320 1348 2605 1421 λειφθῆναι
2649 1350 2925 1403 ἀνάλωτον
2956 1353 3023 1421 τῇ
3056 1352 3265 1422 αἱρέσει
3307 1355 3429 1409 τινά
3460 1355 3585 1425 μηδ’
3613 1353 3683 1411 αὗ
3722 1362 3912 1413 πᾶσαν

2321 1440 2527 1494 είκόνα.
2574 1440 2675 1494 Διά
2720 1440 2881 1495 τοῦτο
2925 1443 3090 1520 ίερείς
3139 1443 3491 1514 ἀνομοῦντες,
3536 1448 3631 1499 καὶ⁵
3679 1450 3911 1520 μοναχοὶ

2322 1531 2585 1601 ἀμόναχοι
2610 1531 2750 1586 κατὰ
2778 1532 2886 1585 τῶν
2917 1518 3251 1605 δμοσχήμων
3292 1536 3623 1607 φερόμενοι·
3651 1518 3912 1612 ςέοιτηταὶ

2322 1623 2465 1675 κατά
2511 1621 2621 1675 τῶν
2670 1623 3011 1693 ἡγουμένων,
3061 1623 3227 1681 ἆθλον
3268 1628 3370 1697 τῆς
3419 1629 3766 1697 ἀποστασίας
3806 1635 3912 1703 τὴν

2324 1714 2613 1785 προεδρίαν
2635 1715 3017 1786 κομιζόμενον
3045 1720 3138 1772 καὶ
3165 1722 3194 1773 ό
3212 1720 3280 1773 td
3300 1720 3529 1777 πλεῖστα
3554 1726 3744 1795 μανεὶς
3766 1732 3913 1779 κατά

2322 1804 2584 1875 Χριστοῦ,
2617 1808 2881 1862 πλειόνων
2922 1809 3017 1862 καὶ
3046 1810 3223 1880 τιμῶν
3256 1811 3576 1881 ἠξιωμένος.
3618 1816 3719 1869 Διά
3747 1816 3914 1870 τοῦτο

636 1906 1015 1960 vehementius
1070 1904 1125 1959 in
1175 1903 1451 1959 Christum
1502 1900 1723 1967 insanit,
1755 1900 2003 1971 pluribus
2031 1900 2077 1954 is
2114 1898 2215 1953 ho-

2325 1897 2609 1966 μάστιγες,
2644 1898 2857 1969 δεσμοὶ,
2907 1900 3173 1968 φυλακαὶ,
3205 1887 3641 1977 λιμοκτονήσεις,
3677 1905 3912 1979 ὲξορίαι,

634 1996 866 2051 noribus
910 1995 1245 2050 cumulatur.
1292 1994 1504 2049 Idcirco
1541 1992 1792 2055 verbera,
1826 1992 2062 2055 vincula,
2092 2006 2217 2045 car-

635 2098 813 2148 ceres,
844 2084 1038 2139 inedize
1069 2126 1084 2150 ,
1117 2084 1331 2149 exsilia,
1354 2098 1515 2139 neces
1545 2083 1598 2137 in
1628 2097 1723 2138 eos
1750 2081 1843 2152 qui
1870 2082 2217 2137 obnituntur.

707 2176 826 2231 Non
858 2186 944 2231 est
978 2176 1159 2245 impiis
1192 2175 1480 2231 sacerdotii
1509 2175 1891 2240 reverentiam,
1932 2190 2039 2229 non
2067 2176 2221 2230 cani-

634 2269 727 2325 tiei
784 2268 1216 2331 commiseratio,
1252 2280 1361 2321 non
1390 2266 1570 2320 cultus
1629 2265 1867 2334 pietatis,
1928 2274 2023 2319 aut
2071 2265 2218 2319 aliud

633 2358 916 2428 quidpiam
940 2372 1128 2411 eorum
1152 2372 1275 2427 qua!
1298 2356 1510 2411 veniam
1537 2364 1959 2410 commerentur.
1980 2354 2086 2410 Lex
2114 2371 2222 2411 una

638 2451 725 2505 his
760 2450 1022 2519 principis
1055 2447 1337 2503 arbitrium
1367 2456 1450 2503 est
1479 2466 1495 2501 :
1539 2462 1671 2502 cura
1711 2447 1839 2503 item
1866 2462 1993 2511 una,
2028 2462 2222 2503 omnes

638 2550 698 2595 ut
724 2542 831 2595 hoc
865 2541 1063 2610 laqueo
1088 2536 1521 2608 intercipiantur.
1570 2538 1724 2592 Nunc
1757 2554 1852 2593 eos
1874 2538 1967 2608 qui
1997 2554 2056 2593 se
2082 2537 2223 2608 fuga

634 2629 921 2693 dederunt,
963 2629 1285 2683 solitudines
1320 2628 1566 2683 habent:
1626 2644 1788 2698 rupes
1838 2644 1903 2684 ac
1953 2630 2226 2697 spelunca:

634 2736 755 2785 eos,
802 2722 894 2790 qui
964 2722 1361 2777 consuluerunt
1394 2720 1555 2775 saluti
1593 2736 1724 2774 suae.
1759 2720 1829 2776 Ut
1855 2722 2063 2776 similes
2095 2722 2225 2776 facti

637 2828 832 2867 sumus
881 2814 1132 2883 pelicano
1188 2811 1501 2868 solitudinis
1531 2812 1597 2865 ἐ
1647 2821 1706 2866 ιιι
1748 2811 1863 2865 dati
1914 2825 2107 2865 sumus
2169 2810 2223 2864 in

635 2908 945 2975 captionem
984 2906 1241 2960 dentibus
1285 2904 1579 2974 impiorum
1611 2904 1632 2935 '
1666 2905 1679 2957 !
1726 2910 1780 2958 e1
1816 2904 1969 2973 plura
1997 2914 2222 2973 prazter—

641 2999 821 3063 miito,
854 3012 977 3067 quae
1036 2996 1316 3052 fastidium
1348 2995 1628 3051 aﬂerrent.
1667 2996 1738 3049 At
1768 2995 1944 3051 vicem
1978 3006 2225 3052 nostram

638 3104 740 3145 vos
816 3090 1014 3159 lugete,
1065 3088 1270 3159 quibus
1342 3096 1429 3144 est
1480 3088 1533 3142 in
1585 3088 1783 3143 alienis
1834 3088 1997 3143 malis
2074 3099 2227 3142 tcne-

2321 1989 2569 2056 θάνατοι,
2599 1990 2696 2043 ἐπὶ
2728 1992 2856 2055 τοὺς
2888 1992 3299 2063 ἐνισταμένους.

2394 2169 2511 2223 Οὐκ
2537 2168 2921 2242 ἀρχιερωσύνη
2947 2174 3060 2236 τοίς
3084 2173 3343 2229 ἀσεδίσιν
3368 2176 3671 2245 αἰδέσιμος·
3713 2181 3777 2233 οὐ
3808 2197 3915 2234 πο-

2323 2259 2412 2313 λιά
2434 2262 2845 2333 οίκτειρήσιμος
2866 2278 2881 2294 ·
2906 2263 3007 2316 οὐκ
3028 2262 3263 2333 ἄσκησις
3292 2266 3577 2331 εὐσεϐείας
3598 2284 3613 2298 '
3655 2272 3755 2322 οὐκ
3782 2271 3917 2325 ἄλλο

2322 2368 2375 2405 τι
2422 2352 2531 2407 τῶν
2572 2353 2793 2423 φειδοῦς
2820 2354 3011 2421 ἀξίων.
3057 2350 3154 2414 Εἷς
3204 2357 3368 2427 νόμος
3395 2359 3459 2410 τὸ
3496 2358 3591 2413 τοῦ
3630 2362 3917 2433 Καίσαρος

2325 2444 2541 2515 θέλημα
2560 2460 2573 2473 ·
2602 2444 2697 2498 καὶ
2731 2445 2831 2514 μία
2864 2446 3069 2516 σπουδὴ
3098 2446 3347 2510 ἅπαντας
3384 2450 3444 2502 ὲν
3470 2450 3644 2522 τούτῳ
3681 2453 3911 2508 ἁλῶναι.

2324 2538 2389 2588 Αἱ
2433 2536 2664 2606 ὲρημίαι
2696 2539 2820 2600 τούς
2850 2538 3286 2606 διαπεφευγότας
3337 2540 3583 2610 ἔχουσιν·
3622 2546 3679 2596 αί
3712 2546 3917 2614 πέτραι

2325 2626 2421 2679 καὶ
2448 2626 2516 2679 rd
2547 2627 2793 2696 σπήλαια
2808 2628 2938 2691 τοὺς
2963 2629 3529 2699 διασεσωσμέ-.ους.Ὢ
3551 2633 3669 2697 πῶς
3697 2636 3918 2703 ὠμοιιὶι-

2326 2715 2502 2785 θημεν
2553 2717 2815 2769 πελεκᾶνι
2851 2717 3141 2787 ἐρημικῷί
3183 2716 3229 2770 ὣ
3259 2718 3376 2782 πῶς
3412 2720 3800 2790 παρεδόθημεν
3832 2722 3916 2784 εἰς

2326 2808 2515 2877 χεῖρας
2538 2810 2647 2870 τοῖς
2676 2807 2856 2861 ὀδοῦσι
2884 2808 2993 2862 τῶν
3017 2808 3257 2863 ἀσεϐῶνε
3282 2810 3376 2862 καὶ
3404 2811 3470 2863 τὰ
3490 2812 3659 2863 πλείω
3686 2813 3916 2882 παρῆκα

2325 2897 2414 2950 διὰ
2460 2896 2522 2951 τὺ
2574 2899 2900 2969 προσκορές.
2950 2898 3111 2952 Ἀλλὰ
3166 2900 3459 2964 στενάξατε
3514 2903 3600 2969 ἐφ’
3638 2903 3813 2971 ἡμᾶς,
3866 2897 3917 2955 ὦ

2329 2990 2798 3059 συμπαθέστατοι,
2832 2991 2909 3051 ὠς
2955 2990 3276 3059 σύσσωμοι·
3302 2992 3529 3062 όρίξατε
3577 2996 3739 3064 χεῖρα
3779 3011 3915 3065 πρε-

2330 3081 2622 3151 σϐευτικὴν
2669 3082 2746 3144 ὡς
2798 3080 3136 3149 φιλάδελφοι.
3168 3082 3291 3135 Τῶν
3336 3083 3527 3137 αὐτόθι
3577 3085 3799 3155 χείρονα
3843 3088 3918 3139 td

639 3192 761 3231 rum
817 3186 1009 3248 pectus
1068 3186 1328 3248 tanquam
1377 3178 1623 3247 ejusdem
1690 3179 1983 3249 corporis:
2043 3179 2222 3249 preci-

2330 3173 2575 3243 ὴμέτερα
2614 3172 3032 3244 βαρϐαρίζεται.
3075 3175 3165 3241 Ὧς
3199 3174 3411 3247 Σόδομα
3449 3176 3553 3248 ἤδη
3583 3177 3917 3249 γεγόναμεν,

641 3268 748 3323 bus
798 3268 955 3334 fusis,
1024 3268 1288 3338 porrigite
1335 3284 1558 3322 manum
1615 3278 1877 3338 tanquam
1938 3267 2223 3323 fratribus.

639 3358 941 3412 Aeerbiora
964 3367 1093 3413 sunt
1110 3372 1233 3427 quae
1271 3357 1359 3411 hic
1389 3358 1648 3427 patimur,
1672 3373 1837 3427 quam
1860 3372 1983 3427 qua:
2012 3358 2223 3428 uspiam

645 3465 676 3505 a
721 3449 971 3504 barbaris
1000 3457 1149 3519 gesta
1180 3456 1330 3505 sunt.
1356 3446 1480 3503 lam
1529 3450 1671 3504 sicut
1699 3447 1940 3541 Sgdoma
1972 3449 2098 3507 facti
2128 3466 2225 3506 su-

644 3559 788 3607 mus,
836 3551 892 3598 et
939 3542 1084 3598 sicut
1133 3541 1441 3598 Gomorrha
1487 3543 1696 3599 similes
1742 3560 1936 3601 sumus
1978 3546 2021 3599 ⁸.
2077 3544 2227 3600 Hanc

644 3636 812 3704 igitur
852 3634 924 3688 ob
961 3649 1185 3690 causam
1227 3634 1539 3693 sanctitatis
1583 3644 1778 3691 vestra:
1814 3637 2077 3691 auxilium
2123 3638 2227 3692 liu-

645 3725 804 3780 niiles
831 3724 1270 3793 imploravimus,
1293 3724 1441 3778 velut
1473 3740 1585 3779 uno
1604 3740 1698 3779 ore
1720 3725 1963 3780 omnium
1998 3725 2229 3782 fratrum

644 3814 739 3883 qui
774 3814 978 3884 pariter
1005 3825 1291 3869 vexantur.
1320 3812 1582 3871 Novimus
1605 3817 1750 3870 enim
1768 3828 2033 3887 quantum
2054 3820 2229 3873 valeat

641 3906 790 3974 justa
824 3914 1003 3961 vestra
1032 3905 1346 3975 deprecatio
1380 3906 1605 3960 assidua
1632 3906 1677 3971 ',
1714 3914 1797 3971 ut,
1838 3916 2065 3961 exorato
2094 3908 2225 3972 Deo,

648 3997 888 4053 haeretici
925 3997 1087 4068 gladii
1116 3997 1263 4053 acies
1302 3997 1697 4067 conquiescat:
1722 3997 1790 4051 ad
1823 4008 2029 4053 rectam
2068 3999 2228 4053 fidem

646 4104 772 4145 cum
825 4104 959 4160 pace
991 4089 1340 4159 coniunctam
1387 4099 1678 4143 revocante
1720 4089 1953 4145 Domino
1984 4101 2227 4146 nostram

646 4195 870 4252 quoque
917 4180 1244 4236 Ecclesiam.
1281 4177 1353 4234 Ut
1381 4191 1561 4235 autem
1588 4188 1643 4235 et
1671 4196 1770 4237 vos
1796 4182 2036 4238 vicissim
2070 4184 2229 4239 intel-

647 4270 853 4339 ligatis,
906 4269 1008 4323 viri
1053 4268 1415 4334 venerabiles,
1457 4269 1643 4338 qualia
1694 4271 1805 4325 siut
1840 4272 2229 4343 sacrilegorum

647 4361 817 4432 impia
852 4360 1148 4432 dogmata:
1200 4361 1367 4416 simul
1423 4361 1541 4417 haec
1594 4376 1721 4417 cum
1768 4362 1966 4419 litteris
1998 4366 2122 4423 misi
2176 4365 2231 4419 in

2330 3265 2423 3316 καὶ
2445 3263 2521 3325 ὡς
2555 3266 2808 3337 Γόμορρα
2837 3265 2938 3337 ήδη
2976 3265 3365 3338 ὡμοιώθημεν.
3394 3269 3494 3320 Aid
3530 3266 3690 3321 τοῦτο
3725 3286 3920 3339 τοιγα-

2329 3355 2457 3425 ροῦν
2485 3356 2581 3409 καὶ
2604 3357 3026 3427 ὲπεδοησάμεθα
3053 3360 3121 3428 τῇ
3145 3359 3425 3431 ἁγιωσύνῃ
3450 3359 3606 3431 ἡμῶν
3634 3362 3684 3415 oi
3717 3379 3918 3417 ταπει-

2325 3447 2429 3511 νοὶ,
2474 3448 2552 3509 ὡς
2607 3448 2667 3499 ὲν
2704 3448 2788 3501 ἑνὶ
2845 3450 3073 3517 στόματι
3111 3448 3223 3502 τῶν
3270 3451 3492 3505 πάντων
3533 3452 3785 3523 ἀδελφῶν
3818 3454 3920 3508 καὶ

2329 3538 2782 3609 συμπασχόντων.
2815 3541 3008 3612 Ἰσμεν
3036 3540 3147 3612 γὰρ
3168 3542 3251 3595 δτι
3285 3541 3459 3613 ίσχύει
3484 3544 3517 3612 ἡ
3541 3543 3726 3597 δικαία
3753 3545 3920 3615 ἡμῶν

2326 3626 2513 3697 δέησις
2545 3629 2912 3700 ἐνεργουμένη
2938 3646 2953 3660 ·
2982 3630 3058 3693 ὡς
3087 3630 3156 3683 ἂν
3183 3629 3262 3701 τῷ
3300 3632 3581 3704 ὲξιλασμῷ
3609 3634 3780 3703 αὐτῆς
3817 3652 3916 3687 κο-

2330 3715 2483 3786 πάσῃ
2507 3720 2538 3786 η
2562 3716 2791 3785 θραῦσις
2816 3717 2919 3785 τῆς
2952 3719 3241 3789 αίρετικῆς
3268 3722 3565 3791 ῥομφαίας
3592 3721 3685 3774 τοῦ
3708 3725 3919 3796 Κυρίου

2330 3808 2411 3869 είς
2462 3808 2745 3879 εἰρηνικὴν
2780 3808 3091 3879 όρθοδοξίαν
3118 3810 3487 3881 ἑπανάγοντος
3533 3815 3629 3867 καὶ
3665 3817 3766 3885 τὴν
3795 3812 3920 3871 καθ’

2328 3901 2479 3969 ἡμᾶς
2518 3902 2868 3972 Ἐκκλησίαν.
2900 3901 3017 3955 ’Ὶνα
3038 3902 3096 3956 δὲ
3123 3903 3301 3972 εἰδῆτε
3332 3904 3427 3958 καὶ
3469 3906 3648 3976 ὑμεῖς,
3680 3901 3727 3961 ὧ
3755 3910 3923 3964 636d-

2332 4009 2502 4063 σμιοι,
2526 3996 2594 4047 ὲκ
2627 3995 2849 4066 μέρους,
2876 3990 2965 4049 οἷα
2986 3995 3055 4051 τὰ
3081 3996 3255 4066 ἀσεδῆ
3282 3996 3531 4066 δόγματα
3551 3998 3665 4054 τῶν
3695 4001 3875 4056 ἀθέων
3899 4019 3917 4036 ·

2333 4086 2734 4141 συναπέστειλα
2759 4089 2875 4150 τοῖς
2900 4087 3198 4158 γράμμασι
3251 4086 3428 4144 ταῦτα
3470 4092 3530 4145 ἐν
3576 4094 3922 4164 τετραδίοιςο

2330 4175 2367 4231 ἃ
2399 4177 2492 4231 καὶ
2522 4177 2677 4243 ἔδοξα
2710 4180 2739 4232 ό
2771 4177 2991 4248 ἀμαθὴς
3021 4180 3374 4251 ἀνατρέπειν,
3397 4187 3739 4255 προτραπεὶς
3769 4188 3925 4257 παρά

2332 4268 2595 4323 εὐσεϐῶν.
2632 4270 2783 4323 Δίτῶ
2826 4270 2885 4323 δὲ
2936 4270 3044 4325 ὐπὸ
3096 4271 3199 4339 τῆς
3238 4271 3389 4336 θείας
3426 4274 3583 4343 ὐμῶν
3635 4277 3925 4346 ἀγχινοίας

2333 4362 2732 4432 ὲπισκεφθῆναι
2757 4378 2771 4392 ·
2833 4364 2929 4416 καὶ
2980 4362 3043 4417 τδ
3074 4363 3291 4428 ἐλλιπὲς
3343 4366 3719 4436 ἀνορθωθῆναι
3744 4384 3761 4399 ο
3825 4369 3926 4423 καὶ

646 4452 1128 4522 quaternionibus,
1177 4468 1301 4524 qua
1349 4454 1604 4510 indoctus
1650 4454 1775 4510 licet
1817 4456 2104 4512 confutare
2136 4473 2222 4528 ag-

2336 4455 2671 4527 συγγνώμην
2724 4455 2835 4509 τῶν
2866 4455 3285 4527 ὲπωφλημένων
3316 4457 3573 4524 δέξασθαί
3609 4477 3677 4528 με
3703 4474 3720 4490 ·
3776 4459 3925 4530 λαμ-

648 4559 873 4615 gressus
893 4560 1041 4611 sum,
1067 4546 1363 4616 proborum
1384 4548 1627 4601 virorum
1651 4546 1890 4602 hortatu.
1910 4545 2021 4603 Oro
2048 4558 2222 4604 autem

2339 4553 2601 4608 δάνεσθαί
2628 4568 2690 4605 τε
2738 4553 2823 4615 είς
2877 4554 3099 4622 μνήμην
3131 4552 3192 4605 ιν
3224 4553 3345 4616 ταῖς
3380 4552 3711 4607 θεοκλινέσιν
3767 4553 3927 4624 ὐμῶν

652 4648 713 4693 ιιι
743 4654 807 4693 ea
839 4653 938 4708 pro
970 4639 1155 4693 divina
1187 4648 1367 4694 vestra
1400 4639 1698 4709 sagacitate
1724 4640 2066 4708 espendatis,
2089 4644 2222 4711 quot

2334 4645 2668 4715 προσευχαῖς
2691 4659 2706 4674 °
2754 4641 2850 4695 καὶ
2896 4641 3006 4713 μὴν
3042 4640 3139 4695 καὶ
3167 4642 3557 4698 συντάττεσθαι
3587 4642 3664 4706 ὡς
3693 4644 3929 4716 ἔσχατον

653 4730 910 4783 vitiosum
951 4738 1037 4784 est
1068 4728 1396 4794 emendetis,
1436 4739 1861 4801 erratorumque
1888 4734 2099 4786 veniam
2135 4734 2237 4787 tri-

656 4823 861 4884 bustis,
886 4831 941 4877 et
972 4830 1031 4876 ut
1067 4823 1174 4878 mei
1207 4822 1566 4878 memineritis
1599 4822 1652 4877 in
1679 4822 1873 4879 vestris
1898 4822 2240 4882 flectentibus

2334 4734 2556 4788 πάντων
2605 4731 2769 4803 μέλος
2811 4732 2871 4786 ὲν
2916 4731 2997 4803 τῷ
3052 4730 3385 4804 πληρώματι
3416 4732 3519 4803 τῆς
3564 4733 3730 4803 ἁγίας
3771 4736 3929 4807 ὐμῶν

2349 4824 2703 4896 Ἐκκλησίας.

657 4913 828 4967 Deum
872 4914 1123 4983 precibus
1159 4932 1173 4969 :
1222 4915 1457 4984 denique
1492 4924 1553 4970 ut
1596 4923 1861 4986 tanquam
1905 4926 2243 4986 postremum
2312 4878 2560 4980 omnium
2616 4916 2921 4973 membrum
2988 4928 3221 4972 censear
3260 4916 3315 4971 in
3353 4878 3692 4989 plenitudine
3722 4930 3929 4976 sanctae

654 5025 851 5071 vestra:
888 5015 1166 5072 Ecclesia.

726 5106 859 5162 Hec
898 5110 1082 5189 eodem
1120 5109 1343 5178 epistola
1375 5111 1537 5165 missa
1575 5120 1652 5163 est
1680 5112 1840 5165 etiam
1870 5114 1940 5166 ad
1971 5126 2237 5169 monaste-

654 5196 792 5249 rium
816 5200 995 5252 sancti
1030 5197 1335 5254 Theodosii.

2430 5110 2499 5163 Ἢ
2528 5106 2683 5174 αὐτὴ
2708 5104 3005 5170 ἐπιστολὴ
3032 5101 3352 5169 ἀπεστάλη
3382 5099 3481 5155 καί
3514 5099 3668 5169 ,πρὸς
3693 5100 3809 5170 τὴν
3832 5114 3933 5169 μο-

2346 5202 2468 5269 νὴν
2497 5198 2603 5254 τοῦ
2631 5197 2802 5267 ἁγίου
2835 5194 3182 5250 Θεοδοσίου.

1550 5362 1801 5412 Adversus
1820 5363 2019 5413 eosdem
2042 5366 2405 5415 lconomacbos.
2430 5364 2628 5425 (Baron.
2670 5376 2749 5410 an.
2772 5362 2884 5422 817,
2908 5375 2960 5411 n.
2982 5363 3051 5411 δι

637 5504 909 5568 ’Χνιι-
938 5516 979 5569 Α
1018 5514 1122 5569 Deo
1168 5515 1458 5582 honorata,
1496 5518 1689 5573 dilecto
1719 5532 1765 5573 et
1795 5522 2032 5589 spiritali
2079 5520 2222 5575 Patri

2346 5518 2610 5587 ΙΖ¹.-Τῷ
2630 5518 2954 5589 θεοτιμήτῳ
2972 5561 2987 5585 ,
3012 5516 3376 5588 ἠγαπημένῳ
3398 5513 3497 5568 καὶ
3548 5501 3938 5583 πνευματικῷ

2412 5630 2530 5681 μου
2604 5614 2787 5685 Harp!
2812 5649 2830 5674 ,
2876 5610 3061 5678 κυρίῳ
3100 5608 3458 5679 καθηγεμόνι
3500 5605 3613 5673 τῆς
3640 5608 3937 5675 μεγίστης

2411 5710 2641 5773 λαύρας
2684 5705 2791 5761 τοῦ
2832 5703 3223 5774 παμμὰκαρος
3279 5701 3455 5771 ἁγίου
3490 5700 3724 5770 Πατρός
3764 5697 3939 5770 ἡμῶν·

725 5623 862 5673 mco,
891 5610 1104 5663 domino
1149 5610 1469 5664 moderatori
1503 5614 1752 5668 maxima:
1797 5615 1966 5668 lauris
2000 5615 2235 5669 beatissi-

726 5699 801 5752 mi
832 5700 1006 5753 sancti
1045 5699 1225 5755 Patris
1257 5702 1424 5755 nostri
1468 5701 1793 5771 Charilonis,
1836 5715 1885 5759 et
1916 5705 1983 5760 iis
2013 5707 2104 5770 qui
2136 5706 2231 5760 sub

784 5874 929 5932 Psal.
959 5892 1031 5940 cr,
1071 5878 1121 5931 7.

1198 5880 1219 5909 ⁸
1266 5877 1413 5935 Psal.
1442 5895 1628 5944 cum,
1668 5880 1719 5935 6.
1799 5882 1818 5912 ⁸
1852 5882 1956 5937 lsa.
1996 5899 2033 5950 ι,
2072 5884 2123 5939 9.
2202 5882 2356 5937 ’Jac.
2393 5898 2443 5949 v,
2488 5871 2571 5949 16,

4162 2109 4164 2191 l

4162 2256 4164 2311 |

4162 2372 4164 2437 i

4162 2532 4164 2615 l

4161 2702 4164 2785 l

4162 2858 4164 2900 |
