4164 6526
242 475 387 542 1169

311 687 549 755 φάσιν,
586 688 882 758 Θεόδωρος
932 689 1278 759 ἐλάχιστος,
1306 693 1708 760 πρεσϐύτερος
1729 691 1827 744 καί

312 779 653 847 ητυύμενπος
675 777 795 833 τῶν
826 781 1138 836 Στουδίου.
1675 783 1824 855 [σξη]

324 869 548 939 Ἐπειδὴ
573 871 704 940 παρ’
734 870 928 925 ἐλπίδα
957 873 992 941 ή
1023 874 1300 939 ἐπίτευξις
1327 875 1435 927 τῶν
1455 875 1824 945 γραμμάτων,

238 960 638 1028 θαυμαστικῶς
669 961 960 1031 βοήσομαι⁶
981 963 1150 1017 Πόθεν
1183 981 1273 1034 μοι
1293 963 1470 1028 τοῦτο,
1502 965 1590 1018 ἵνα
1611 964 1828 1028 ἀξιωθῶ

237 1052 269 1102 6
304 1050 528 1122 εὐτελὴς
559 1052 864 1105 ἐπιστεῖλαι
885 1054 1017 1124 ὑμῖν
1042 1057 1156 1118 τοῖς
1190 1055 1368 1122 ἁγίοις
1400 1073 1502 1123 μου
1527 1057 1824 1124 Πατράσιν;

253 1142 386 1195 Ἰδοὺ
439 1143 548 1212 γὰρ
592 1142 670 1206 ὼς
725 1145 1053 1209 κατείληφεν
1096 1145 1245 1214 ἡμᾶς
1297 1146 1387 1198 διὰ
1418 1146 1517 1208 τὰς
1552 1147 1827 1216 ἁμαρτίας

239 1234 401 1303 ἡμῶν
448 1235 480 1287 6
537 1234 922 1304 χαλεπώτατος
964 1236 1205 1306 διωγμὸς
1249 1232 1409 1302 οὗτος
1429 1252 1444 1270 ’
1488 1233 1551 1292 οὗ
1600 1241 1634 1309 ή
1687 1238 1826 1308 ἀκοὴ

240 1328 466 1388 παντως
516 1327 680 1398 μέχρι
727 1328 822 1380 καὶ
874 1328 1030 1397 ὑμῶν
1085 1330 1343 1398 ἔφθασεν.
1408 1330 1702 1384 Ἐσκόπουν
1731 1333 1827 1384 καὶ

241 1415 560 1486 ἀνηρεύνων
577 1419 606 1470 6
624 1417 898 1481 ταπεινὸς,
923 1418 1041 1482 πιῖις
1069 1421 1167 1474 καὶ
1194 1419 1264 1472 δι’
1287 1413 1496 1483 οὗτινος
1533 1420 1825 1491 προσώπου

239 1507 533 1577 δυνηθείην
561 1509 962 1578 ἀποδύρασθαι,
1001 1511 1098 1564 καὶ
1141 1512 1279 1581 πρὸς
1310 1513 1454 1581 ὑμᾶς
1478 1513 1605 1575 τοὺς
1637 1512 1826 1579 ἀγίους

239 1600 313 1652 τὰ
339 1598 621 1669 συμϐάντα
647 1601 780 1670 ἡμῖν
819 1601 989 1666 δεινὰ,
1025 1602 1127 1656 οὐκ
1162 1601 1325 1656 ἄλλου
1377 1603 1522 1664 τινὸς
1550 1603 1760 1668 ἐνεκεν,
1791 1603 1826 1672 ἢ

241 1693 341 1746 τοῦ
388 1696 468 1757 είς
521 1695 864 1764 συμπάθειαν
895 1697 1294 1751 ἐκκαλέσασθαι
1341 1698 1499 1767 ὐμῶν
1526 1698 1627 1761 τὰς
1664 1699 1827 1766 ἀγίας

241 1785 450 1854 ψυχὰς,
504 1786 887 1840 ἀντιλαϐέσθαι
947 1789 1106 1859 ἡμῶν
1163 1789 1254 1842 διὰ
1308 1789 1418 1843 τῶν
1476 1791 1825 1860 προσευχῶν,

246 1878 599 1948 συμπάσχειν
635 1878 878 1947 δηλονότι
906 1880 1125 1933 είδότων
1157 1882 1299 1934 κατά
1328 1881 1427 1951 τὴν
1460 1882 1827 1951 ἀποστολικὴν

241 1969 616 2024 διδασκαλίαν.
643 1970 816 2040 Ετπερ
836 1970 1025 2038 ἐσμὲν
1052 1973 1108 2024 οι
1129 1968 1356 2034 πάντες
1375 1969 1547 2038 σῶμα
1569 1970 1828 2038 Χριστοῦ

246 2060 350 2116 καί
373 2058 528 2129 μέλη
560 2060 631 2113 ἐκ
666 2058 910 2128 μέρους.
943 2060 1052 2112 Καὶ
1085 2058 1160 2122 ὡς
1197 2059 1300 2129 ήδη
1343 2059 1515 2112 ταῦτα
1560 2061 1826 2114 ἐνενόουν⁶

244 2151 449 2219 ἐπέστη
475 2149 684 2219 ἀθρόως
724 2149 816 2202 καί
837 2150 866 2202 6
903 2147 1371 2219 γραμματοφόρος
1404 2150 1468 2201 ἐκ
1496 2149 1603 2202 τῶν
1639 2149 1828 2202 αὐτόθι

244 2243 435 2312 ἥκων·
485 2241 581 2292 καὶ
628 2232 783 2302 οὗτος
828 2239 941 2302 υίὸς
988 2239 1121 2309 ἐμὸς
1152 2242 1209 2292 ἐν
1241 2240 1535 2309 πνεύματι,
1565 2241 1658 2292 καὶ
1708 2239 1829 2292 λίαν

246 2331 590 2393 πιστότατος.
621 2328 746 2392 Πῶς
790 2323 882 2382 οῦν
915 2330 1016 2382 οὐκ
1044 2329 1270 2398 ἔμελλον
1300 2331 1329 2383 6
1365 2328 1685 2398 ἁμαρτωλὸς
1733 2330 1828 2380 ἐκ·

245 2422 524 2490 πλαγῆναι
550 2421 642 2472 ἐπὶ
673 2419 752 2489 τῷ
785 2422 1039 2491 ὲρμαίῳ;
1080 2421 1202 2485 Πῶς
1235 2421 1292 2484 δὲ.
1333 2421 1430 2474 οὐκ
1461 2420 1830 2490 ἀνθομολογή-

248 2512 450 2566 σασθαι
487 2511 675 2580 Κυρίῳ
702 2509 780 2578 τῷ
819 2509 938 2579 Θεῷ
983 2527 1085 2580 μου
1129 2511 1196 2563 τὰ.
1228 2510 1455 2573 εἰκότας
1503 2508 1668 2561 Ἀ).λά
1698 2511 1829 2579 πρὶν

247 2600 487 2666 ἐξειπεῖν
538 2602 607 2654 τά
661 2600 928 2670 όδυνηρά,
989 2602 1081 2654 τὸν
1131 2602 1268 2670 πρὸς
1323 2602 1467 2669 ὑμᾶς
1508 2618 1612 2670 μου
1666 2600 1828 2654 πόθον

246 2691 630 2761 ἀφοσιώσομαι
673 2694 701 2744 6
733 2693 1008 2756 ταπεινός.
1058 2694 1312 2764 Χαίρετε,
1345 2687 1390 2745 ὧ
1423 2693 1828 2763 μακαριώτατοι

251 2783 496 2851 Πατέρες
521 2797 535 2811 ⁸
563 2781 615 2834 οί
658 2781 758 2851 τῆς
791 2784 954 2850 ἀγίας
981 2783 1085 2852 γῆς
1128 2784 1413 2854 οἰκήτορες
1440 2801 1456 2817 ο
1503 2784 1564 2836 τὸ
1595 2783 1830 2854 χρυσοῦν

249 2875 409 2940 γένος
435 2887 449 2900 ⁸
497 2874 545 2924 oi
595 2872 691 2943 τὴν
724 2872 906 2926 πίστιν
937 2873 1319 2943 δοκιμώτατοι,
1348 2876 1443 2928 καὶ
1490 2873 1600 2926 τῶν
1640 2875 1830 2929 παθῶν

245 2963 573 3032 διαμάτορεςο
605 2965 843 3034 χαίρετε,
863 2966 896 3034 ἡ
930 2963 1251 3034 περιϐόητος
1273 2966 1543 3036 ὁμήγυρις
1568 2965 1827 3036 Χριστοῦ·

246 3055 300 3106 oi
335 3054 564 3123 ἐργάται
588 3045 698 3106 τῶν
725 3054 956 3108 ἐντολῶν
991 3054 1197 3125 Κυρίου
1218 3073 1232 3086 ο
1275 3057 1366 3108 καὶ
1408 3056 1506 3126 τῆς
1538 3059 1596 3109 ἐν
1649 3073 1828 3129 παραυ

247 3146 414 3215 δείσῳ
435 3144 644 3215 διαίτης
673 3147 772 3216 τὴν
798 3145 1008 3216 θεοειδῆ
1025 3146 1170 3217 ζωὴν
1203 3146 1527 3217 μιμούμενοι
1548 3163 1560 3178 ’
1583 3149 1829 3221 χαίρετε,

248 3238 286 3304 ἡ
321 3234 416 3288 τοῦ
464 3234 598 3288 Θεοῦ
656 3237 810 3300 πόλις
859 3235 1089 3305 ἐκλεκτή
1125 3253 1141 3268 ο
1178 3238 1336 3307 ειπερ
1389 3239 1447 3290 ἐν
1481 3238 1634 3309 μέσῳ
1675 3239 1830 3310 ὑμῶν

250 3327 480 3396 Κύριος,
515 3328 605 3382 διά
631 3328 730 3397 τῆς
762 3327 872 3380 τῶν
908 3327 1128 3395 ἀγαθῶν
1162 3329 1341 3399 ἔργων
1389 3330 1711 3401 ἀναλήψεως
1742 3330 1831 3383 θε-

251 3419 647 3489 ραπευόμενος.
693 3417 1024 3486 Ἐϐουλόμην
1058 3419 1177 3488 ὄψει
1217 3420 1507 3474 ὑπολαϐεῖν
1546 3422 1647 3491 τὴν
1680 3421 1830 3476 θείαν

252 3509 411 3578 ὑμῶν
440 3509 724 3580 περιοχὴν,
762 3509 859 3562 καὶ
890 3510 1276 3580 προσάψασθαι
1327 3512 1434 3565 τῶν
1471 3513 1634 3582 ίερῶν
1675 3513 1831 3582 ὑμῶν

254 3601 441 3672 ίχνῶν·
467 3601 592 3654 ίδείν
621 3601 684 3653 τὸ
713 3600 868 3665 ἆγιον
898 3599 1124 3670 τέμενος
1146 3619 1162 3633 ο
1193 3603 1569 3673 προσκυνῆσαι
1596 3605 1657 3657 τὸ
1688 3605 1832 3659 θετον

250 3695 470 3761 ἔδαφος
501 3692 710 3746 ἕκαστα
744 3693 1301 3764 κατασκοπῆσαι,ποῦ
1330 3697 1358 3748 6
1389 3695 1544 3762 ἅγιος
1573 3696 1666 3749 τοῦ
1695 3695 1831 3749 Θεοῦ

251 3788 282 3839 6
343 3783 682 3854 φερωνύμως
753 3783 1006 3853 Χαρίτων
1071 3785 1503 3856 πεπληρωμένος
1571 3786 1832 3857 ἐνήθλησε

254 3871 609 3947 μαρτυρικῶς
633 3889 694 3926 τε
727 3873 860 3943 ὁμοῦ
888 3875 983 3928 καὶ
1013 3875 1324 3945 ἀσκητικῶς
1352 3891 1368 3906 ·
1412 3876 1491 3945 πῆ
1519 3875 1575 3928 δέ
1599 3877 1659 3929 τὸ
1689 3875 1832 3946 ἱερὸν

253 3967 420 4021 αὑτοῦ
478 3964 638 4034 σῶμα
683 3964 1076 4036 τεταμίευται’
1128 3969 1158 4021 6
1208 3969 1376 4033 ὅντως
1420 3968 1693 4040 θησαυρὸς
1726 3967 1833 4019 τῶν

253 4059 468 4134 ἀρετῶν
490 4074 506 4090 ο
537 4060 567 4112 6
596 4059 697 4129 τῆς
721 4060 930 4129 ἐρήμου
965 4060 1209 4133 πολίτης,
1244 4063 1340 4115 καὶ
1377 4062 1476 4132 τῆς
1509 4062 1833 4130 οἰκουμένης

254 4153 522 4223 λαμπτήρ
551 4169 565 4182 ·
617 4146 678 4205 οῦ
729 4149 789 4203 τὸ
834 4150 1052 4222 ἔντιμον
1098 4153 1320 4224 σπέρμα
1347 4155 1448 4207 οὐκ
1496 4153 1830 4214 ἐκλέλοιπεν,

253 4246 378 4300 οὺδέ
420 4243 719 4312 ἐκλείψειεν
739 4243 845 4307 ἐως
873 4243 973 4313 τῆς
1003 4244 1312 4309 συντελείας
1339 4245 1438 4310 τοῦ
1468 4246 1681 4308 αίῶνος.
1708 4243 1834 4298 Εἴθε

256 4331 402 4389 εῐδον
431 4335 625 4400 ταῦτα,
672 4337 766 4388 καὶ
807 4336 1257 4407 περιεπτυξάμην
1285 4338 1377 4389 τὸν
1406 4337 1535 4407 χοῦν
1557 4337 1647 4401 ’ὡς
1666 4337 1834 4407 ἐμψυ-

256 4430 382 4499 χονί
419 4425 769 4493 ὢφελον.καὶ
820 4428 1072 4497 ἀπήχθην
1108 4429 1166 4480 ἐν
1212 4430 1332 4492 ταῖς
1373 4428 1588 4492 λοιπαῖς
1640 4429 1835 4499 θήκαις

253 4521 366 4573 τῶν
417 4519 602 4582 ὁσίων,
635 4519 926 4590 ἀπἀὑτῆς
988 4521 1156 4590 μόνης
1210 4520 1387 4589 ὅψεως
1435 4522 1831 4591 ἁγιαζόμενοςί

270 4612 412 4667 Ἀλλ’
443 4611 564 4664 ἐπεὶ
595 4607 766 4663 ταῦτα
793 4611 852 4676 ἐξ
890 4611 1070 4678 ὀλίγου
1103 4629 1193 4681 μοι
1238 4611 1472 4682 ὕμνηται
1499 4651 1515 4676 ,
1573 4611 1705 4681 φέρε
1755 4614 1835 4665 δι-

257 4705 557 4775 ηγήσωμαι
573 4703 668 4756 καὶ
689 4701 760 4755 τὰ
794 4702 985 4771 ὀδύνης
1006 4703 1237 4771 ἐμπλεα⁶
1273 4703 1523 4771 Ἀνέστη
1543 4703 1844 4770 ,βασιλεὺς

255 4798 481 4864 ἕτερος,
509 4793 643 4866 φησί
667 4776 770 4848 ποῖ)
799 4793 862 4847 τὸ
893 4793 1038 4859 ἱερὸν
1059 4795 1320 4866 Γράμμα,
1348 4795 1417 4861 ὃς
1439 4797 1552 4849 οὐκ
1579 4793 1707 4865 ﬁdet
1741 4795 1844 4848 τὸν

270 4883 523 4954 Ἰωσήφ.

332 5064 590 5130 Τοιοῦτος
623 5067 689 5137 δὴ
716 5066 812 5119 οὖν
835 5067 864 5119 6
903 5065 1173 5136 ἡμέτερος
1196 5064 1418 5135 Φαραὼ,
1447 5059 1493 5117 ὦ
1527 5062 1839 5132 ἁγιώτατοι·

257 5161 322 5214 οὐ
363 5159 456 5212 τὸν
493 5157 690 5229 Ἰωσὴφ
721 5157 954 5226 ἀγνοῶν,
994 5157 1131 5211 ἀλλά
1159 5157 1253 5210 τὸν
1294 5157 1641 5226 ἀγοράσαντα
1685 5153 1844 5206 αὑτὸν

258 5248 543 5316 Δεσπότην
573 5246 930 5318 ἀρνούμενος.
963 5248 1133 5317 Δῆλον
1158 5249 1267 5317 γὰρ
1290 5247 1364 5310 ὡς
1396 5247 1425 5297 6
1451 5245 1660 5298 ἀθετῶν
1678 5242 1842 5296 αὑτοῦ

257 5343 359 5413 τὴν
389 5341 597 5404 εἰκόνα,
636 5340 802 5393 αὑτὸν
850 5339 1052 5393 ἀθετεῖ.
1096 5337 1253 5392 Οῦτω
1305 5338 1397 5390 καὶ
1437 5336 1535 5407 τὴν
1563 5335 1841 5400 Θεοτόκον,

261 5434 356 5486 καὶ
387 5433 565 5484 πάντα
595 5431 753 5498 ἅγιον
785 5428 1072 5500 ἠθέτησεν.
1103 5430 1178 5482 οὐ
1233 5431 1341 5498 γάρ
1377 5429 1539 5498 ἐφερε
1570 5429 1730 5496 φύσις
1766 5426 1840 5479 ὢν

257 5522 556 5593 ἀρνητικὴ,
588 5521 663 5592 μὴ
704 5520 826 5589 οὐχὶ
854 5523 918 5590 τῇ
948 5520 1158 5589 κεφαλῇ
1215 5519 1599 5590 συμπεριελείν
1632 5520 1728 5571 καὶ
1773 5517 1844 5570 τὰ

262 5614 401 5684 μέλη
436 5614 614 5666 πάντα
633 5627 650 5644 ο
703 5613 793 5665 ἵνα
839 5613 976 5682 μόνη
1007 5614 1039 5682 ὴ
1069 5609 1230 5664 εἰκὼν
1259 5611 1422 5664 αὑτοῦ
1452 5609 1840 5680 ἐμφανίζηται,

260 5705 848 5774 Ναϐουχοδονοσορικῷ
904 5704 1159 5773 δόγματι.
1236 5703 1513 5757 Ἐντεῦθεν
1565 5705 1842 5773 ἐρήμωσις

263 5794 455 5848 πασῶν
500 5793 605 5848 τῶν
672 5793 1012 5862 Ἐκκλησιῶν
1071 5791 1167 5844 τοῦ
1221 5792 1392 5859 Θεοῦ,
1445 5792 1842 5864 ἀφανιζομένης

333 5907 354 5939 ⁸
389 5907 409 5962 1
437 5906 566 5962 Cor.
595 5921 692 5976 ιιι,
717 5905 771 5960 2.
848 5908 868 5940 ’
893 5905 1060 5961 Exod.
1086 5920 1123 5970 ι,
1153 5904 1206 5958 8.

1435 480 1972 542 EPISTOLARUM
2029 481 2173 540 LIB.
2227 481 2310 540 II.

309 591 670 660 Χαρίτωνος,
718 590 822 653 καὶ
872 593 992 658 τοῖς
1025 595 1126 650 ὑπ’
1157 593 1311 663 αὐτῇ
1355 596 1550 661 ὁσίοις
1572 615 1695 665 μου
1713 599 1829 649 Πα-
1858 599 1908 654 Α

3367 480 3503 545 1170

2003 596 2100 649 illa
2121 606 2240 650 sunt
2254 597 2452 651 sanctis
2466 595 2719 652 Palribus
2741 599 2890 662 meis,
2915 597 3218 654 Theodorus
3236 602 3505 669 minimus,

1996 690 2262 759 presbyter
2291 700 2341 744 et
2373 692 2684 758 ρηεροείιιιε
2729 689 3091 746 Studitarum.

1994 869 2445 940 Quandoquidem
2487 881 2686 942 praeter
2724 889 2876 943 spem
2916 875 3137 930 occasio
3186 889 3245 930 se
3281 873 3378 928 dat
3417 872 3506 926 lit-

1926 972 2187 1028 terarum,
2239 975 2462 1035 stupens
2493 967 2810 1022 exclamabo
2859 986 2874 1022 :
2921 967 3078 1024 Unde
3121 968 3226 1022 hoc
3257 966 3413 1030 mihi,
3450 975 3509 1018 ιιι

1925 1069 2050 1107 cum
2086 1055 2290 1110 nullius
2319 1057 2420 1110 sim
2451 1057 2632 1124 pretii,
2671 1057 2740 1110 ad
2785 1072 2904 1121 vos,
2946 1056 3137 1111 Patres
3175 1058 3278 1110 mei
3311 1055 3505 1118 sancti,

1927 1145 2136 1199 litteras
2173 1147 2515 1201 conscribam
2544 1147 2567 1201 ?
2592 1147 2730 1203 Ecce
2768 1149 2914 1204 enim
2962 1149 3053 1203 ubi
3099 1162 3201 1201 nos
3238 1147 3512 1216 oppressit

1927 1237 1998 1290 ob
2030 1238 2238 1293 scelera
2276 1248 2468 1292 nostra
2499 1240 2694 1293 acerba
2733 1239 2850 1293 haec
2874 1240 2928 1292 in
2959 1239 3148 1307 primis
3176 1237 3507 1306 persecutio,

1926 1327 2084 1395 cujus
2109 1326 2254 1381 fama
2295 1328 2520 1383 omnino
2549 1329 2616 1382 ad
2647 1345 2749 1384 vos
2793 1345 2971 1398 usque
3003 1329 3269 1398 pervenit.
3304 1326 3506 1395 Explo-

1927 1421 2156 1489 raviego
2180 1419 2448 1485 misellus,
2465 1431 2520 1476 et
2545 1423 2728 1477 animo
2745 1424 3005 1486 volutavi,
3047 1421 3508 1491 quemadmodum

1925 1517 1980 1562 et
2013 1523 2108 1575 per
2131 1524 2294 1577 quem
2317 1510 2448 1564 mihi
2475 1509 2554 1566 las
2584 1521 2727 1567 esset
2741 1527 2804 1566 ea
2837 1512 3020 1582 lugere
3043 1513 3204 1566 etiam
3224 1511 3366 1578 apud
3395 1524 3512 1576 vos,

1928 1599 2029 1650 viri
2050 1599 2248 1661 sancti,
2279 1614 2404 1667 quae
2450 1601 2607 1655 nobis
2643 1602 2923 1672 contigere
2974 1601 3290 1663 infortunia,
3339 1617 3515 1670 neque

1927 1689 2092 1742 aliam
2124 1691 2195 1742 ob
2219 1705 2464 1756 causam,
2491 1706 2656 1759 quam
2687 1703 2746 1746 ut
2777 1701 3026 1747 sanctum
3057 1701 3248 1762 pectus
3274 1703 3513 1745 vestrum

1927 1780 1995 1834 ad
2025 1782 2555 1837 commiserationem
2597 1798 3041 1853 provocaremus,
3060 1795 3116 1838 ut
3141 1801 3241 1838 nos
3265 1785 3515 1851 precibus

1928 1869 2304 1934 sublevaretis,
2340 1871 2433 1940 qui
2473 1873 2710 1940 compati
2736 1873 2984 1928 videlicet
3031 1873 3278 1942 apprime
3316 1875 3512 1940 nostis,

1925 1964 2083 2030 juxta
2105 1962 2346 2031 Apostoli
2365 1963 2825 2019 adhortationem.
2842 1964 3120 2035 Siquidem
3146 1980 3340 2020 omnes
3359 1965 3517 2020 Chri-

1933 2057 2008 2109 sti
2036 2070 2226 2124 corpus
2259 2071 2462 2120 sumus,
2487 2066 2538 2110 et
2571 2056 2800 2111 membra
2824 2073 2894 2111 ea:
2924 2066 3073 2126 parte
3094 2057 3137 2109 ⁸.
3163 2055 3371 2110 Etcum
3403 2058 3516 2112 haec

1925 2143 2038 2214 jam
2055 2145 2172 2213 ipse
2186 2161 2400 2200 mecum
2428 2155 2762 2215 reputarem,
2775 2147 2950 2202 astitit
2961 2157 3182 2217 repente
3201 2147 3515 2204 tabellarius

1929 2252 1994 2292 ex
2030 2237 2139 2291 illis
2177 2238 2493 2306 regionibus
2535 2253 2832 2306 reversus;
2875 2248 2930 2294 et
2974 2240 3064 2294 ille
3097 2243 3318 2310 quidem
3369 2241 3514 2295 Illius

1931 2343 2086 2382 meus
2119 2329 2172 2381 in
2196 2329 2412 2398 spiritu,
2442 2330 2696 2399 idemque
2736 2330 3088 2403 integerrima
3113 2333 3237 2387 tide.
3266 2331 3512 2398 Quomo-

1930 2419 2002 2473 do
2036 2419 2202 2489 igitur
2241 2435 2348 2474 non
2386 2435 2473 2474 me
2518 2431 2862 2491 peccatorem
2908 2423 3151 2492 oportuit
3177 2432 3287 2478 tam
3327 2425 3513 2493 inspe-

1932 2518 2050 2562 rato
2073 2510 2226 2564 lucro
2266 2511 2705 2582 obstupescere?
2751 2512 3039 2579 Quomodo
3077 2529 3183 2567 non
3211 2513 3392 2567 decuit
3425 2513 3514 2583 ju-

1928 2601 2200 2655 stissiinas
2241 2617 2402 2672 agere
2448 2604 2652 2672 gratias
2713 2603 2945 2658 Domino
3008 2618 3130 2659 meo
3191 2602 3302 2657 Deo
3342 2605 3365 2655 ἲ
3409 2604 3513 2658 Sed

1931 2690 2256 2759 priusquam
2277 2707 2340 2746 ea
2364 2709 2488 2762 qua:
2534 2703 2664 2748 sunt
2686 2694 2848 2763 digna
2889 2693 3041 2748 luctu
3067 2694 3315 2763 eloquar,
3342 2696 3518 2750 obiter

1931 2791 2112 2829 meum
2171 2792 2296 2846 erga
2360 2794 2456 2833 vos
2517 2780 2850 2835 desiderium
2908 2781 3163 2852 indignus
3223 2798 3514 2852 exponam.

1933 2863 2199 2930 Gaudete,
2260 2865 2449 2924 Patres
2495 2867 2817 2936 felicissimi,
2863 2882 3025 2926 terra:
3071 2883 3274 2928 sanctae
3306 2875 3514 2939 incolae,

1931 2972 2103 3028 genus
2124 2975 2374 3024 aureum,
2405 2959 2510 3016 ﬁde
2534 2977 2698 3031 supra
2728 2972 2954 3019 caeteros
2993 2964 3229 3034 probati,
3254 2965 3516 3019 vitiorum

1930 3051 2276 3107 domitores:
2331 3052 2583 3122 gaudete,
2647 3053 2977 3122 percelebris
3028 3052 3234 3108 Christi
3308 3065 3508 3122 coetus,

1931 3139 2224 3196 eﬂ‘ectores
2269 3140 2652 3196 mandatorum
2686 3141 2803 3210 Dei,
2836 3159 2902 3198 ac
2927 3143 3111 3198 divina
3144 3144 3359 3198 vivendi
3395 3161 3518 3200 nor-

1933 3248 2020 3286 ma
2061 3233 2361 3289 imitatores
2398 3235 2517 3306 ejus
2553 3235 2677 3290 vita:
2715 3251 2837 3305 qua:
2867 3235 2920 3289 in
2962 3236 3214 3308 paradiso
3240 3238 3454 3307 degitur
3497 3257 3512 3294 :

1930 3323 2187 3390 gaudete,
2231 3324 2402 3378 electa
2435 3323 2531 3378 Dei
2575 3324 2793 3391 civitas,
2839 3324 3108 3394 siquidem
3132 3335 3218 3381 est
3249 3326 3302 3380 in
3335 3327 3516 3381 medio

1930 3425 2074 3468 coetu
2129 3423 2312 3468 vestro
2377 3412 2662 3480 Dominus,
2732 3431 2895 3486 quem
2963 3416 3230 3471 bonorum
3287 3433 3514 3488 operum

1931 3501 2320 3556 exercitatione
2380 3503 2579 3558 colitis.
2622 3498 2827 3559 Vellem
2870 3503 3055 3574 utique
3104 3506 3349 3560 divinum
3383 3508 3515 3561 illud

1932 3604 2176 3648 vestrum
2200 3605 2411 3665 septum
2446 3596 2620 3652 oculis
2655 3612 2942 3668 usurpare,
2974 3612 3130 3652 sacra
3161 3609 3341 3652 vestra
3374 3614 3511 3652 con-

1933 3685 2141 3756 tingere
2198 3687 2447 3757 vestigia,
2492 3699 2738 3743 sanctam
2784 3689 2984 3742 intueri
3025 3690 3215 3756 (edem,
3262 3691 3509 3744 divinum

1933 3779 2110 3832 solum
2153 3778 2413 3843 osculari,
2459 3779 2670 3848 singula
2693 3780 2928 3835 lustrare
2955 3781 3234 3845 attentius,
3283 3780 3373 3834 ubi
3405 3779 3518 3835 Deo

1935 3867 2148 3937 plenus,
2172 3884 2234 3921 ac
2256 3884 2356 3922 suo
2391 3869 2725 3937 respondens
2756 3873 2960 3924 nomini
2985 3881 3207 3925 sanctus
3248 3870 3338 3925 Dei
3367 3871 3513 3926 Cha-

1933 3957 2061 4023 rito,
2103 3968 2216 4012 tum
2279 3961 2524 4029 martyrii
2579 3970 2691 4014 tum
2750 3963 2871 4016 vita:
2913 3963 3228 4017 monasdca:
3278 3961 3513 4031 palmam

1935 4050 2057 4103 tulit
2097 4067 2110 4103 :
2160 4051 2252 4104 ubi
2281 4069 2494 4105 sacrum
2527 4052 2671 4107 illius
2711 4069 2910 4122 corpus
2965 4054 3302 4108 reconditum
3340 4071 3353 4106 :
3390 4068 3516 4106 vere

1935 4140 2227 4196 thesaurus
2280 4144 2565 4206 virtutum,
2611 4145 2780 4198 eremi
2835 4145 2991 4210 civis,
3045 4145 3194 4199 orbis
3244 4154 3513 4198 terrarum

1936 4229 2200 4287 lucerna:
2252 4234 2411 4303 cujus
2452 4235 2750 4303 pretiosum
2784 4250 2971 4289 semen
3018 4250 3126 4289 non
3157 4234 3376 4299 defecit,
3415 4251 3514 4290 nec

1935 4341 2067 4381 vero
2125 4325 2338 4380 deﬁciet
2391 4342 2563 4395 usque
2625 4328 2678 4380 in
2729 4327 3261 4381 consummationem
3306 4327 3509 4381 saeculi.

1938 4416 2157 4472 Utinam
2210 4417 2324 4472 hzec
2350 4417 2522 4474 oculis
2571 4434 2873 4481 cernerem,
2928 4419 3316 4488 pulveremqne
3358 4433 3512 4471 com-

1938 4508 2204 4576 plecterer
2235 4507 2400 4561 veluti
2431 4508 2728 4576 spirantem
2763 4507 2776 4560 !
2823 4504 3043 4560 Utinam
3081 4516 3135 4560 et
3159 4505 3516 4574 progrederer

1944 4600 2009 4652 ad
2068 4599 2309 4668 reliquos
2366 4609 2679 4652 sanctorum
2712 4596 2938 4660 loculos,
2989 4595 3075 4649 vel
3138 4596 3258 4649 solo
3313 4595 3512 4647 intuitu

1944 4691 2233 4759 expiatus!
2267 4689 2336 4744 At
2367 4700 2655 4759 postquam
2687 4690 2799 4744 haec
2815 4689 3044 4743 strictim
3067 4687 3514 4744 commemoravi.

1942 4781 2117 4836 dicam
2158 4797 2320 4851 porro
2364 4791 2418 4834 et
2463 4799 2584 4849 quae
2626 4791 2754 4835 sunt
2801 4779 2955 4849 plena
2999 4781 3222 4833 luelus:
3273 4777 3514 4831 Surrexit

1943 4889 2038 4926 rex
2064 4889 2246 4937 novus,
2275 4872 2473 4927 alicubi
2509 4871 2750 4930 referunt
2787 4886 2958 4926 sacrae
2993 4870 3220 4939 pagina,
3250 4870 3339 4939 qui
3369 4870 3516 4940 igno-

1944 4966 2093 5019 rabat
2116 4965 2311 5034 Ioseph
2335 4969 2376 5020 ⁵.

2013 5056 2161 5111 Talis
2209 5057 2458 5125 profecto
2500 5054 2717 5110 Pharao
2754 5063 2946 5109 noster
2984 5062 3092 5117 est,
3129 5050 3232 5105 viri
3279 5051 3516 5104 sanctis-

1943 5148 2091 5213 simi,
2122 5163 2230 5200 non
2267 5149 2361 5217 qui
2392 5147 2592 5216 Joseph
2641 5145 2873 5212 nesciat,
2916 5145 3009 5199 sed
3042 5143 3135 5213 qui
3167 5159 3315 5206 eum,
3348 5157 3378 5194 a
3403 5155 3517 5210 quo

1942 5242 2260 5310 redemptus
2315 5249 2434 5307 est,
2491 5239 2786 5294 Dominum
2833 5237 3015 5308 ipsum
3073 5245 3253 5306 neget.
3301 5233 3518 5302 Quippe

1943 5334 2298 5388 manifestum
2327 5343 2431 5396 est,
2473 5332 2568 5402 qui
2604 5332 2778 5402 ipsius
2825 5329 3120 5400 imaginem
3164 5336 3513 5396 aspernatur,

1943 5426 2125 5496 ipsum
2177 5426 2485 5496 aspernari.
2539 5425 2631 5480 Sic
2681 5425 2772 5478 ille
2820 5432 2874 5477 et
2923 5423 2976 5476 in
3021 5420 3311 5490 Deiparam
3361 5427 3416 5476 et
3458 5417 3515 5472 in

1952 5526 2204 5570 sanctum
2263 5515 2563 5584 quemlibet
2633 5512 2870 5584 injurius
2934 5511 3056 5566 fuit.
3119 5508 3309 5578 Neque
3364 5507 3512 5562 enirn

1948 5609 2091 5662 ferre
2116 5607 2294 5675 potuit
2323 5617 2518 5660 natura
2544 5604 2610 5659 ad
2651 5602 2960 5674 negandum
2988 5600 3269 5670 proclivis,
3298 5597 3516 5666 quomi-

1948 5717 2051 5754 nus
2090 5716 2195 5754 una
2237 5716 2358 5753 cum
2395 5701 2571 5767 capite
2601 5699 2855 5752 universa
2890 5709 3111 5766 quoque
3143 5692 3388 5746 membra
3414 5705 3516 5743 au-

1949 5788 2114 5846 ferret
2143 5809 2154 5844 :
2185 5803 2242 5846 ut
2273 5792 2386 5847 sola
2431 5791 2502 5846 sit
2537 5791 2712 5861 ipsius
2743 5789 2922 5861 imago
2967 5787 3289 5857 conspicua,
3326 5779 3515 5838 Nabu-
