4164 6488
700 436 837 504 1171

1895 438 1959 501 S.
2001 435 2395 497 THEODORI
2429 434 2777 496 STUDIT/E

3834 430 3968 499 1172

696 549 1140 605 chodonosorico
1169 546 1372 605 edicto.
1420 546 1558 604 Hinc
1600 548 1845 603 omnium
1881 547 1974 601 Dei
2008 546 2281 602 Ecclesia-

2388 545 2667 615 πανταχοῦ
2693 546 2873 613 πάσης
2896 544 3099 616 ππτῆς
3128 544 3358 607 εἰκόνος.
3376 543 3660 598 Ἐντεῦθεν
3690 543 3967 616 ἔμπρησις

698 657 822 694 rum
889 641 1193 703 desolatio,
1258 641 1466 710 ubique
1523 640 1739 695 sublata
1803 656 1835 695 e
1891 639 2075 694 medio
2126 639 2281 693 omni

698 732 1014 785 veneranda
1067 731 1327 801 imagine.
1383 729 1523 787 llinc
1580 746 1867 787 sacrorum
1918 730 2281 783 donariorum

697 824 940 887 exustio,
975 823 1029 876 in
1068 823 1271 893 quibus
1314 824 1529 894 imago;
1585 838 1649 878 ac
1682 822 2052 887 voluminum,
2087 822 2141 876 in
2166 822 2285 891 qui-

700 918 804 971 bus
841 916 1023 985 aliqua
1052 916 1309 986 imaginis
1335 918 1566 972 mentio.
1610 915 1749 971 Hinc
1778 917 1956 986 plena:
1986 916 2285 985 impietatis

700 1008 1135 1077 subscriptiones
1163 1010 1462 1079 exiguntur
1492 1026 1505 1062 :
1538 1018 1592 1063 et
1627 1008 1908 1080 sacrilega:
1936 1008 2284 1064 communio.

700 1101 788 1153 nis
808 1100 1161 1170 participatio
1203 1098 1350 1154 facta
1379 1100 1630 1171 diligenti
1678 1116 1743 1157 ac
1773 1100 2010 1155 sollicita
2051 1098 2285 1169 inquisi-

700 1204 875 1255 tione,
926 1206 994 1245 ne
1025 1191 1153 1260 quis
1192 1192 1512 1247 mortalium
1562 1207 1671 1247 non
1707 1192 1960 1248 devictus
2011 1205 2071 1247 se
2113 1190 2286 1246 ruina:

700 1283 1010 1338 subtrahat.
1043 1281 1085 1335 Ε
1118 1284 1337 1339 duobus
1363 1286 1511 1338 enim
1540 1285 1868 1341 alterutrum
1907 1283 2281 1339 necessarium

700 1376 786 1422 est
817 1386 829 1422 :
860 1379 953 1424 aut
984 1369 1214 1426 colenda
1252 1372 1433 1444 imago
1477 1388 1666 1439 aurea,
1696 1383 1794 1428 aut
1835 1373 2036 1428 acerba
2066 1374 2286 1427 crucia-

2387 636 2551 707 ίερῶν
2589 637 2974 707 ἀναθημάτων,
3012 639 3069 689 ἐν
3096 631 3179 699 οἷς
3208 635 3392 689 είκών·
3426 636 3522 689 καὶ
3550 635 3772 706 βίϐλων,
3804 636 3867 689 ἐν
3884 631 3969 700 αἷς

2384 729 2515 798 περὶ
2558 728 2730 797 αὐτῆς
2762 745 2814 780 τι
2861 727 3071 781 λεκτόν.
3113 726 3396 781 Ἐντεῦθεν
3448 726 3516 779 τὰ
3564 727 3663 797 τῆς
3713 726 3970 789 ἀσεϐείας

2385 816 2728 887 χειρόγραφα
2776 816 3159 887 ἀπαιτούμενα
3181 832 3194 847 ’
3228 817 3323 870 καὶ
3347 819 3380 887 ή
3416 816 3635 887 μέθεξις
3674 817 3777 886 τῆς
3803 815 3971 869 ἀθέου

2384 909 2669 971 κοινωνίας
2697 908 2787 961 διὰ
2843 907 3041 976 πολλῆς
3095 908 3444 978 ὲκζητήσεως
3479 910 3573 961 καὶ
3602 907 3868 977 ἐρεύνης·
3899 907 3974 969 ὡς

2389 1000 2465 1070 μὴ
2504 999 2896 1069 ὑπολειφθῆναι
2948 1001 3224 1054 ἀνάλωτον
3251 1001 3430 1054 πάντα
3459 1000 3771 1072 ἄνθρωπον.
3813 1002 3973 1053 Δυοίν

2384 1090 2493 1157 γάρ
2549 1089 2776 1160 θάτερον
2803 1091 3018 1161 ἀνάγκη
3042 1108 3055 1120 ·
3084 1091 3130 1161 ’ἢ
3167 1092 3550 1163 προσκυνῆσαι
3596 1096 3662 1163 τῇ
3698 1092 3970 1165 είκόνιτῇ

2384 1182 2583 1250 χρυσῆ.
2614 1181 2646 1250 ἢ
2682 1184 2747 1252 τῇ
2787 1184 3000 1253 πονηρᾷ
3032 1182 3192 1251 φλογὶ
3232 1184 3342 1238 τῶν
3373 1184 3622 1253 βασάνων
3651 1184 3973 1254 ὑποϐληθῆ-

2388 1289 2498 1325 ναι.
2563 1272 2675 1326 Καὶ
2721 1274 2872 1343 ὅμως
2928 1274 3285 1346 εὐαρίθμητοι
3345 1276 3396 1328 oi
3454 1276 3756 1347 ἀκαμπείς.
3812 1277 3974 1341 Τίνες

2385 1355 2565 1427 οὗτοις
2609 1364 2668 1417 Ὀ
2714 1364 2855 1433 ἱερὸς
2886 1364 3041 1435 ὑμῶν
3067 1366 3451 1437 πατριάρχης,
3487 1366 3739 1447 ίεράρχαι
3781 1382 3845 1419 τε
3878 1368 3974 1421 καὶ

701 1472 855 1514 tuum
900 1463 1118 1517 ﬂamma
1160 1463 1509 1533 perferenda.
1553 1467 1633 1522 Ac
1682 1466 2044 1522 nihilominus
2093 1481 2281 1521 nume-

2389 1454 2575 1523 ἱερεῖς,
2610 1454 2875 1524 μονασταὶ
2922 1455 3017 1508 καὶ
3043 1455 3393 1523 μονάζουσαι.
3422 1456 3557 1511 Ούδι
3582 1456 3692 1526 γὰρ
3718 1459 3754 1527 ή
3794 1457 3971 1529 πόρνη

702 1570 825 1609 rare
874 1556 928 1609 in
987 1566 1243 1627 promptu
1299 1567 1383 1613 est
1430 1574 1526 1614 eos
1566 1560 1662 1628 qui
1714 1561 2005 1630 perstitere
2046 1560 2281 1615 immoti.

2388 1542 2453 1615 [l‘.
2486 1542 2717 1616 πόρνης]
2744 1544 2888 1613 δψις,
2927 1543 3128 1617 ᾐδέσθη
3167 1547 3263 1598 καὶ
3291 1546 3455 1617 μέχρι
3492 1545 3697 1601 τούτων
3718 1547 3822 1611 τάς
3866 1549 3972 1619 μά-

695 1645 940 1707 Ouiuam
968 1647 1045 1701 illi
1084 1650 1295 1718 porro?
1326 1648 1493 1704 Sacer
1518 1651 1707 1721 utique
1729 1652 2043 1721 patriarcha
2069 1661 2281 1717 noster,

2390 1653 2581 1704 στιγας
2606 1639 2916 1706 ἐπαφεῖναι.
2946 1636 3069 1701 Πῶς
3099 1636 3210 1709 γάρ
3260 1638 3328 1692 ἀν
3380 1639 3627 1710 ἐναργῶς
3678 1642 3969 1712 παραυ-τή-

700 1740 945 1809 cpiscupi
979 1749 1034 1795 et
1064 1742 1407 1805 sacerdotes,
1460 1743 1719 1796 monachi
1748 1753 1803 1799 et
1834 1743 2136 1797 monachae.
2180 1743 2281 1797 Ne-

2390 1746 2546 1798 σαιμι
2596 1729 2695 1793 τάς
2740 1729 2949 1799 θλίψεις
2968 1771 2984 1795 ,
3010 1730 3108 1793 τάς
3138 1732 3407 1800 φυλακάς,
3431 1734 3559 1797 τοὺς
3582 1732 3849 1803 δεσμοὺς,
3872 1734 3971 1795 τὰς

699 1843 807 1896 que
834 1832 981 1884 enim
1015 1832 1369 1887 meretricius
1400 1834 1601 1887 oculus
1632 1834 1843 1887 veritus
1876 1841 1961 1887 est
1985 1833 2071 1888 vel
2097 1834 2150 1886 in
2185 1832 2281 1888 hos

2388 1821 2824 1893 λιμοκτονήσεις,
2878 1823 2979 1887 τάς
3034 1825 3270 1896 ίξορίας,
3308 1826 3411 1889 τάς
3458 1826 3790 1894 ἀπαγωγὰς,
3845 1828 3972 1891 τοὺς

701 1886 878 1993 usque
908 1922 1122 1995 flagella
1177 1923 1492 1979 immittere.
1542 1922 1667 1990 Quo
1709 1923 1856 1978 enim
1890 1931 2052 1989 pacto
2092 1922 2271 1992 palam

2386 1886 2686 1982 θανάτουςξ
2732 1886 2886 1971 Ἐπεὶ
2940 1886 3038 1973 καὶ
3077 1886 3266 1989 *μίχρι
3302 1886 3460 1973 τοῦδε
3494 1921 3529 1990 ή
3567 1886 3759 1990 πεῖρα,
3774 1886 3890 1984 ’τὰς
3914 1886 3973 1973 ὲν

699 2030 971 2083 exponam
1015 2016 1359 2082 vexationes,
1403 2030 1677 2080 carceres,
1724 2016 1966 2082 vincula,
2014 2014 2277 2079 inediam,

2385 2008 2538 2079 δρεσι
2570 2009 2884 2078 φυγαδείας,
2905 2009 3003 2073 τάς
3024 2011 3085 2064 ἐν
3113 2010 3402 2082 σπηλαίοις
3434 2013 3529 2065 καὶ
3550 2014 3711 2074 ὀπαῖς
3741 2012 3847 2081 τῆς
3870 2012 3971 2081 τῆς

698 2108 914 2168 exsilia.
958 2108 1162 2162 damna
1197 2108 1369 2173 illata,
1413 2109 1616 2164 neces?
1646 2107 1711 2163 Et
1736 2110 1851 2163 haec
1878 2109 2063 2163 omnia
2090 2123 2281 2164 sumus

2385 2102 2779 2172 κατακρύψεις.
2822 2102 3032 2157 ’Δϐδιοὺ
3058 2105 3087 2156 ό
3112 2107 3421 2175 προφήτης,
3451 2104 3532 2157 ἔτι
3562 2103 3639 2158 ὣν
3670 2106 3971 2175 τριστάτης

699 2200 908 2268 experti
948 2217 960 2253 :
994 2200 1047 2252 in
1086 2200 1370 2255 montibus
1399 2200 1580 2271 fugas,
1626 2200 2033 2255 occultationes
2074 2199 2127 2252 in
2157 2213 2281 2267 spc-

2398 2194 2627 2264 ’Λχαὰ6,
2658 2195 2756 2265 τῆς
2804 2194 3037 2258 Ἰεζάϐελ
3066 2196 3339 2265 φονώσης·
3372 2197 3587 2264 λέγεται
3613 2197 3970 2268 κατακρύψαι

699 2290 881 2346 luncis
932 2304 988 2346 et
1042 2291 1298 2347 cavernis
1350 2301 1529 2348 terrm.
1570 2293 1775 2348 Abdias
1816 2293 2103 2362 propheta,
2154 2306 2280 2345 cum

2388 2290 2540 2351 υίοὺς
2558 2288 2667 2342 τῶν
2688 2290 2986 2360 προφητῶν
3002 2288 3106 2343 ἀνά
3126 2292 3463 2360 πεντήκοντα
3489 2292 3570 2354 είς
3589 2291 3685 2346 δύο
3706 2292 3967 2363 σπήλαια,

696 2392 847 2438 esset
880 2385 1063 2439 adhuc
1096 2399 1127 2439 e
1164 2385 1397 2441 ducibus
1426 2387 1641 2451 Achab,
1696 2401 1821 2442 cum
1848 2384 2066 2440 Iezabel
2102 2386 2281 2440 caedes

2385 2380 2480 2443 οὓς
2505 2382 2598 2432 καὶ
2621 2380 2923 2451 διέτρεφεν.

699 2486 964 2545 patraret,
1006 2476 1211 2533 dicitur
1248 2478 1388 2533 ﬁlios
1423 2480 1814 2549 pr0phetarum
1858 2480 2281 2548 Quinquagenos

700 2568 756 2621 iu
802 2568 1019 2623 duabus
1064 2568 1346 2638 speluncis
1392 2571 1730 2630 occultasse.
1758 2584 1898 2639 quos
1936 2578 1991 2623 et
2036 2571 2185 2638 pavit
2214 2570 2279 2622 ‘°.

773 2656 872 2710 Hic
905 2674 1037 2713 vero
1073 2658 1118 2714 si
1150 2661 1277 2728 quis
1302 2660 1748 2729 deprehendatur
1774 2660 1857 2714 vel
1905 2674 2073 2713 unum
2118 2659 2281 2712 modo

2470 2656 2734 2711 Ἐνταῦθα
2759 2660 2813 2712 δὲ
2836 2661 2883 2712 εί
2914 2664 3193 2736 φωραθείη
3224 2681 3305 2728 τις
3333 2665 3427 2717 καὶ
3458 2664 3620 2735 μόνον
3640 2665 3739 2717 ἕνα
3764 2682 3969 2737 κεκρυ-

698 2752 1037 2819 occuluisse,
1080 2752 1135 2807 in
1183 2765 1446 2823 magnum
1479 2752 1567 2806 ille
1606 2752 1902 2806 discrimen
1943 2752 2137 2804 venit:
2172 2751 2281 2804 imo

2388 2744 2503 2814 φὼς
2527 2786 2541 2809 ,
2588 2748 2646 2798 ἐν
2686 2748 2917 2819 κινδύνῳ
2949 2751 3168 2821 μεγάλῳ
3192 2767 3206 2781 ’
3248 2752 3382 2805 ἀλλά
3414 2750 3525 2822 γάρ
3565 2752 3669 2804 κᾶν
3710 2754 3971 2823 κρύϐδην,

698 2844 745 2897 si
777 2844 863 2897 vel
904 2844 1044 2899 clam
1086 2845 1309 2914 impiam
1346 2844 1798 2899 communionem
1851 2842 2145 2913 refugisse,
2189 2852 2281 2896 aut

2388 2838 2605 2904 φεύγων
2650 2839 2748 2908 τὴν
2799 2841 2970 2911 ἀσεϐῆ
2997 2842 3302 2907 κοινωνίαν,
3342 2842 3374 2913 ἢ
3404 2844 3587 2896 είκόνα
3622 2844 3907 2915 φρουρῶν,
3936 2845 3967 2914 ή

698 2950 863 3003 penes
891 2950 950 2989 se
990 2950 1246 2991 servasse
1278 2936 1604 3002 imaginem,
1638 2945 1732 2991 aut
1762 2938 2016 2991 volumen
2056 2938 2279 3007 aliquod

2390 2930 2574 3000 βίϐλον
2627 2932 2988 3002 περιέχουσαν
3040 2933 3107 2986 τά
3168 2934 3511 3004 κατάὑτήν.
3549 2934 3688 3007 Σιγᾷ
3741 2937 3811 2991 τὰ
3866 2936 3971 2991 τῶν

698 3030 753 3083 in
786 3044 898 3098 quo
939 3029 1068 3097 quid
1114 3029 1325 3083 inesset
1373 3030 1495 3099 ejus
1546 3031 1879 3100 argumenti.
1925 3030 2100 3085 Sileut
2133 3032 2280 3085 dumi

2387 3023 2754 3079 εὐσεϐούντων
2817 3025 2965 3078 ἔνδον
3025 3026 3267 3096 στόματα
3299 3044 3315 3059 ·
3370 3030 3578 3082 ἀνεῖται
3645 3029 3971 3100 βλάσφημος

699 3136 796 3175 cra
823 3120 1078 3187 piorum;
1122 3118 1332 3174 nefaria
1375 3121 1560 3191 lingua
1595 3123 1861 3183 solvitur,
1901 3139 2158 3193 maguum
2208 3125 2281 3176 i'n-

2385 3116 2645 3185 γλῶσσα’
2706 3117 3047 3187 κωμῳδεῖται
3092 3118 3152 3172 τὸ
3200 3118 3342 3189 μέγα
3385 3121 3485 3189 τῆς
3522 3122 3840 3190 οἰκονομίας
3876 3141 3971 3192 μυ-

699 3213 1042 3268 carnationis
1065 3213 1385 3283 mysterium
1420 3215 1472 3266 in
1503 3222 1879 3283 contemptum
1906 3214 2074 3267 venit.
2106 3212 2279 3279 Nunc,

2390 3211 2631 3278 στήριον.
2663 3212 2839 3279 ⁹Δρτι,
2872 3212 3047 3280 φησὶ,
3096 3213 3313 3282 Κύριος
3364 3214 3673 3281 ἐλάλησεν
3720 3215 3971 3285 εἰρήνην

701 3306 879 3377 ittquit
916 3326 928 3361 :
963 3307 1219 3361 Dominus
1254 3306 1459 3360 locutus
1490 3319 1568 3362 est
1589 3325 1768 3378 pacem
1796 3310 1849 3363 in
1876 3309 2073 3378 plebem
2108 3328 2281 3372 suam,

2385 3299 2481 3352 ἐπὶ
2510 3300 2619 3352 τὸν
2648 3300 2803 3353 λαὸν
2832 3301 3054 3368 αὐτοϋ,
3076 3302 3173 3355 καὶ
3204 3303 3303 3357 ἐπὶ
3332 3303 3474 3369 τοὺς
3513 3305 3728 3369 ὁσίους
3757 3306 3968 3371 αὐτοῦ,

696 3408 749 3453 ει
784 3413 941 3468 super
965 3408 1176 3453 sanctos
1204 3414 1353 3463 suos,
1377 3409 1425 3453 et
1458 3399 1511 3453 in
1530 3417 1616 3454 eos
1639 3402 1727 3471 qui
1760 3411 2063 3455 convertunt
2090 3420 2181 3456 cor
2214 3402 2281 3456 ad

2385 3392 2483 3447 καί
2519 3392 2617 3446 ἐπὶ
2656 3393 2799 3459 τοὺς
2845 3393 3321 3462 ἐπιστρέφοντας
3345 3394 3598 3462 καρδίαν
3626 3395 3722 3449 ἐπ’
3746 3398 3965 3451 αὐτόν’

698 3490 871 3555 ipsum
900 3488 939 3520 ”
977 3488 1112 3557 :qui
1159 3488 1322 3543 initio
1354 3490 1593 3559 pr0priis
1637 3490 1923 3560 discipulis
1958 3492 2097 3546 dixit
2132 3512 2145 3546 :
2180 3492 2285 3545 Pa-

699 3593 811 3631 cem
836 3577 1071 3648 relinquo
1102 3580 1269 3646 vobis,
1315 3596 1499 3648 pacem
1539 3598 1707 3634 meam
1744 3585 1811 3635 do
1843 3584 1985 3637 vobis
2012 3586 2075 3637 ”.
2106 3584 2279 3647 Nunc,

699 3668 983 3737 inquiunt.
1015 3669 1230 3723 sublata
1265 3684 1297 3723 ο
1344 3670 1527 3725 medio
1572 3671 1715 3723 idola
1750 3672 1984 3727 ctlmica:
2016 3673 2283 3741 supersti—

702 3758 893 3821 tionis,
942 3774 1066 3829 qua:
1120 3758 1361 3814 Deorum
1409 3760 1827 3817 multitudinem
1890 3765 2091 3819 astruit
2129 3766 2283 3818 :rla-

699 3858 890 3903 mante
937 3850 1051 3917 jam
1112 3850 1242 3904 olim
1301 3851 1609 3921 Apostolo:
1652 3852 1805 3907 Nihil
1849 3865 1927 3909 est
1982 3856 2181 3909 idolum
2229 3858 2282 3909 in

700 3940 898 3994 mundo
923 3942 986 3995 ".
1019 3940 1195 4003 Nunc.
1220 3944 1397 4005 aiunt,
1422 3945 1682 3999 mundata
1711 3945 1953 4001 Ecclesia
1984 3957 2088 4012 est,
2116 3963 2279 4016 quam

699 4033 829 4086 olim
888 4033 1032 4087 idem
1089 4033 1387 4103 Apostolus
1430 4038 1809 4107 pronuntiavit
1834 4038 1877 4069 “
1930 4054 2036 4092 non
2083 4038 2283 4093 habere

699 4126 977 4180 maculam
1014 4141 1193 4197 neque
1230 4143 1445 4197 rugam,
1483 4138 1577 4182 aut
1608 4129 1815 4199 aliquid
1848 4130 2145 4199 ejusmodi,
2186 4130 2279 4185 sed

698 4232 825 4272 esse.
871 4228 1122 4273 sanctam
1173 4228 1226 4273 et
1286 4219 1719 4275 immaculatam.
1771 4219 1947 4286 Nunc,
2002 4222 2281 4290 inquiunt,

700 4309 796 4364 lux
834 4310 1167 4367 Christianis
1202 4311 1406 4367 all‘ulsit
1448 4313 1771 4383 ignorantiae
1812 4314 2044 4384 caligine
2102 4314 2281 4383 impli-

699 4402 843 4457 catis
887 4421 901 4457 :
942 4403 1147 4473 quibus
1200 4404 1526 4475 jampridem
1592 4420 1623 4460 a
1700 4405 1968 4475 principio
2026 4404 2280 4459 Christus

698 4495 839 4550 dixit
880 4513 894 4550 :
930 4494 1044 4565 Ego
1092 4498 1184 4550 (ua:
1244 4498 1297 4551 in
1347 4497 1602 4551 mundum
1650 4498 1811 4550 veni:
1848 4508 1904 4549 ut
1956 4498 2128 4551 omnis
2190 4499 2279 4567 qui

2382 3487 2410 3539 ὁ
2460 3488 2517 3537 ἐν
2554 3488 2694 3558 ἀρχῇ
2736 3487 2910 3558 φήσας
2944 3487 3053 3550 τοῖς
3091 3486 3314 3551 οἰκείοις
3343 3486 3615 3559 μαθηταῖς
3647 3504 3661 3518 ·
3700 3489 3969 3558 Ειρήνην

2384 3580 2595 3649 ἀφίημι
2649 3581 2811 3651 ὑμῖν,
2863 3582 3114 3653 εἰρήνην
3162 3582 3279 3651 τὴν
3334 3583 3494 3653 ἐμὴν
3544 3583 3754 3653 δίδωμι
3804 3590 3962 3658 ὑμῖν.

2387 3674 2451 3725 Ἀ
2465 3692 2569 3743 ρτι,
2593 3675 2776 3742 φασὶν,
2804 3675 2947 3747 ήρθη
2969 3679 3033 3730 ἐκ
3072 3678 3237 3746 μέσον
3263 3675 3608 3748 βδελύγματα
3642 3677 3967 3750 Ἑλληνικῆς

2385 3766 2689 3831 πολυθεῖας’
2728 3768 2822 3821 τοῦ
2859 3769 3183 3822 Ἀποστόλου
3207 3769 3447 3841 ἀρχῆθεν
3473 3770 3707 3841 βοιῖιντος
3728 3788 3743 3804 ·
3776 3772 3968 3827 Οὐδὲν

2382 3857 2637 3911 εῐδωλον
2683 3858 2753 3910 ἐν
2785 3860 3011 3926 κόσμῳ.
3066 3859 3260 3926 Ἄρτι,
3316 3860 3452 3928 φασὶ⁵
3481 3902 3494 3923 ,
3554 3860 3965 3932 κεκάθαρταιή

2396 3939 2710 4019 Ἐκκλησία,
2759 3950 2827 4018 ἢν
2857 3950 3027 4003 πάλαι
3060 3950 3339 4020 ἀπέφηνεν
3377 3952 3406 4004 ό
3444 3951 3605 4015 αὐτὸς
3644 3953 3966 4017 ’Δπόστολος

2388 4041 2463 4111 μή
2497 4041 2639 4110 ἔχειν
2672 4040 2876 4107 σπῖλον,
2914 4041 2947 4113 ή
2991 4041 3199 4111 ῥυτίδα,
3235 4042 3268 4113 ή
3314 4059 3367 4095 τι
3392 4042 3501 4095 τῶν
3522 4045 3784 4099 τοιούτων
3808 4064 3824 4079 ⁸
3854 4046 3965 4104 ἀλλ’

2384 4133 2521 4187 εἶναι
2563 4133 2723 4201 ἁγίαν
2749 4134 2842 4186 καὶ
2865 4133 3118 4204 ἄμωμον.
3136 4136 3314 4205 Ἄρτι,
3344 4133 3497 4203 φασὶ,
3522 4134 3583 4186 τδ
3617 4135 3733 4203 φῶς
3758 4138 3965 4214 ηῦγασε

2383 4223 2493 4284 τοῖς
2524 4223 2870 4292 Χριστιανοῖς
2921 4224 3296 4293 ὲνισχημένοις
3344 4220 3497 4291 ζόφῳ
3556 4224 3781 4292 ἀγνοίας
3812 4244 3827 4258 ’
3889 4222 3964 4292 οἷς

2382 4312 2591 4368 ἄνωθεν
2621 4312 2713 4367 καὶ
2752 4312 2845 4366 ἀπ’
2877 4314 3054 4383 ἀρχῆς
3085 4314 3321 4383 Χριστὸς
3349 4314 3553 4385 ἔφησεν
3582 4331 3599 4346 ⁸
3641 4314 3793 4384 Ἐγὼ
3844 4319 3965 4388 φῶς

2382 4408 2469 4471 εἰς
2524 4405 2633 4458 τὸν
2673 4405 2907 4473 κόσμον
2940 4404 3213 4473 ἐλήλυθα
3235 4418 3251 4433 ·
3296 4406 3396 4459 ινα
3441 4404 3565 4472 πᾶς
3597 4406 3631 4460 ό
3663 4412 3966 4464 πιστεύων

2383 4500 2469 4563 εἱς
2518 4496 2644 4566 ἐμὲ,
2689 4497 2759 4550 ἐν
2790 4494 2863 4564 τῇ
2896 4497 3112 4562 σκοτίᾳ
3138 4496 3225 4564 μὴ
3254 4496 3453 4565 μείνῃ.
3499 4499 3719 4569 Ὁρᾶτε,
3751 4500 3965 4570 ἀδελφοὶ

700 4585 865 4638 credit
893 4585 947 4638 in
972 4602 1073 4649 me,
1102 4587 1155 4640 in
1184 4587 1409 4641 tenebris
1435 4604 1537 4641 non
1575 4598 1787 4641 maneat
1814 4590 1878 4642 ".
1909 4586 2141 4653 Videtis,
2170 4590 2276 4642 l'ra-

2384 4588 2547 4655 ἀγιοι,
2600 4590 2697 4658 τὴν
2736 4587 3072 4640 ἀποστασίαν
3117 4588 3183 4656 ήν
3211 4587 3292 4640 δεῖ
3328 4588 3541 4657 πρῶτον
3591 4588 3795 4655 ἐλθεῖν,
3830 4593 3965 4645 καθά

701 4684 814 4731 tres
855 4677 1055 4742 sancti,
1100 4678 1522 4744 discessionem,
1569 4696 1733 4751 quam
1787 4691 1999 4751 oportet
2046 4684 2280 4750 primum

698 4769 913 4833 venire,
943 4770 1406 4838 quemadmodum
1436 4773 1733 4842 Apostolus
1758 4774 1999 4844 loquitur
2027 4762 2092 4827 ⁸⁸.
2127 4774 2283 4829 Nunc

698 4859 885 4914 oculis
920 4858 1022 4929 ipsi
1053 4862 1335 4916 cernimus
1366 4860 1691 4918 Antichristi
1723 4866 2043 4933 primordia.
2068 4864 2280 4919 Defeci-

696 4965 862 5013 ruus,
916 4950 1231 5020 consumpti
1281 4966 1473 5006 sumus
1509 4970 1523 5007 :
1555 4952 1756 5021 Defeci!
1802 4955 2149 5025 sufﬂalorium
2197 4956 2275 5020 '7;

697 5040 901 5095 occidit
932 5054 1058 5110 spes
1104 5042 1309 5109 omnis,
1338 5043 1384 5097 si
1421 5044 1651 5099 facultas
1684 5046 1921 5099 humana
1972 5052 2273 5116 spectatur.

698 5134 771 5187 At
797 5134 971 5187 vicem
1001 5144 1247 5191 nostram
1278 5151 1377 5192 vos
1407 5137 1607 5208 lugete,
1639 5137 1841 5207 quibus
1883 5147 1965 5193 est
1998 5140 2049 5191 in
2082 5139 2279 5200 alienis

699 5222 863 5278 malis
908 5233 1155 5279 tenerum
1184 5236 1395 5296 pectus,
1429 5238 1691 5297 tanquam
1728 5227 1973 5298 ejusdem
2003 5230 2275 5299 corporis.

696 5314 869 5383 Opem
926 5316 1086 5371 nobis
1142 5332 1239 5387 per
1294 5330 1505 5376 vestras
1550 5336 1740 5391 preces
1783 5322 1958 5388 ferte,
2018 5330 2279 5393 tauquam

700 5405 939 5460 fratrum
970 5416 1247 5465 amantes.
1276 5410 1571 5467 Acerbiora
1605 5424 1734 5474 sunt
1758 5430 1880 5483 qua:
1902 5414 1991 5469 hic
2022 5416 2285 5484 patimur,

2382 4696 2545 4747 φησιν
2575 4680 2603 4731 ὀ
2646 4678 2989 4741 Ἀπόστολος.
3024 4678 3164 4749 Ἤδη
3196 4680 3257 4732 ἐν
3285 4679 3587 4750 ὀφθαλμοῖς
3637 4685 3804 4754 ήμῶν
3835 4688 3965 4758 ὁρῶ-

2383 4788 2481 4841 μεν
2531 4772 2599 4823 τά
2652 4770 2855 4823 είσόδια
2914 4769 3006 4823 τοῦ
3056 4772 3450 4843 Ἀντιχρίστου.
3492 4774 3962 4849 Ἑκλελοίπαμεν·

2380 4860 2819 4933 παρανηλώμεθα
2850 4876 2865 4891 ’
2907 4861 3184 4926 Ἑξέλιπε
3232 4863 3516 4933 φυσητήρ
3625 4868 3963 4941 ἀπελήλαται

2381 4958 2532 5008 πάσα
2581 4954 2736 5017 ἐλπὶς
2760 4954 2888 5007 ὅσον
2929 4954 3069 5008 κατά
3108 4954 3414 5026 ἄνθρωπον.
3462 4957 3626 5012 Ἀλλά
3674 4963 3962 5029 στενάξατε

2385 5047 2470 5114 ἐφ’
2500 5047 2667 5115 ἡμᾶς,
2692 5041 2736 5097 ῶ
2760 5045 3221 5124 συμπαθίστατοι,
3252 5048 3328 5108 ὡς
3362 5047 3662 5121 σύσσωμοι.
3712 5054 3963 5124 ’(ίρέξατε

2390 5140 2547 5208 χεῖρα
2596 5138 3021 5209 πρεσϐευτικὴν,
3084 5137 3159 5203 ὡς
3191 5120 3546 5209 ἥφιλάδελφοι.
3595 5143 3721 5196 Τῶν
3778 5120 3963 5201 αὐτόθι

2388 5230 2609 5299 χείρονα
2638 5229 2705 5281 τά
2744 5229 2988 5299 ήμέτερα
3021 5227 3435 5301 βαρϐαρίζεται.
3484 5232 3571 5295 Ὠς
3609 5234 3826 5304 Σόδομα
3870 5238 3962 5307 ήδη

2384 5322 2707 5392 γεγόναμεν,
2742 5321 2837 5375 καὶ
2892 5320 2966 5386 ὡς
3000 5321 3253 5394 Γόμορρα
3284 5321 3385 5393 ήδη
3437 5324 3829 5397 ὡμοιώθημεν.
3870 5332 3959 5381 Διὰ

2381 5413 2541 5467 τοῦτο
2593 5412 2883 5485 τοιγαροῦν
2941 5414 3034 5467 καὶ
3096 5415 3518 5487 ἐπεϐοησάμεθα
3570 5421 3635 5489 τῇ
3684 5421 3960 5494 ἁγιωσύνῃ

698 5512 871 5565 quam
906 5513 1028 5567 qua
1067 5500 1287 5569 uspiam
1324 5516 1355 5555 a
1387 5501 1644 5558 Barbaris
1675 5514 1957 5573 geruntur.
1990 5502 2108 5557 Jam
2146 5503 2281 5559 sicut

2386 5504 2537 5573 ὑμῶν
2581 5506 2631 5557 οί
2675 5506 2951 5571 ταπεινοὶ,
2994 5505 3069 5569 ὡς
3100 5508 3157 5560 ἐν
3204 5508 3284 5561 ἑνὶ
3331 5508 3544 5579 σώματι
3602 5512 3714 5564 τῶν
3748 5514 3959 5566 πάντων

700 5589 941 5644 Sodoma
991 5589 1122 5647 facti
1173 5608 1393 5659 sumus,
1439 5604 1493 5649 et
1536 5596 1677 5651 sicut
1723 5596 2027 5651 Gomorrlta
2078 5596 2281 5652 similes

2384 5595 2629 5665 ἀδελφῶν
2661 5597 2755 5650 καὶ
2783 5598 3238 5669 συμπασχόντων.
3274 5600 3463 5673 Ἰσμεν
3494 5603 3603 5674 γάρ
3650 5604 3737 5658 δτι
3788 5606 3956 5676 ίσχύει

699 5694 897 5735 sumus
923 5680 989 5733 ".
1038 5678 1190 5738 Hanc
1225 5682 1394 5754 igitur
1440 5686 1512 5740 ob
1560 5700 1785 5741 causam
1834 5686 2149 5742 sanctitatis
2194 5702 2285 5741 ve-

774 5791 818 5821 "
843 5786 1071 5867 1-1μὶιιεζ
1098 5806 1253 5867 svnt,
1288 5793 1343 5849 4.
1424 5794 1463 5825 ¹¹
1487 5794 1882 5867 Rabirium,
1917 5796 1971 5850 9.
2055 5794 2289 5867 "Joan._
2312 5810 2422 5860 xw,
2454 5796 2547 5851 27.
2631 5794 2858 5854 "lCor.
2893 5815 3012 5867 vm,
3047 5801 3101 5856 ι.

1014 5806 1073 5892 g.‘
1098 5806 1253 5857 mu,
1288 5806 1343 5849 4.
1424 5806 1463 5825 ἰ
1487 5806 1630 5851 νεοι.
1662 5811 1882 5861 sxum,
1917 5806 1971 5850 9.
2056 5806 2277 5849 "toan.
2312 5810 2422 5860 xiv,
2454 5806 2521 5849 27

1100 5859 1145 5915 ll
1170 5859 1369 5920 Thess.
1404 5880 1463 5933 ll,
1498 5866 1550 5921 5.
1631 5866 1671 5898 ¹⁷
1698 5865 1896 5923 Jerem.
1933 5882 2005 5930 vt,
2036 5866 2127 5921 29.
2208 5866 2247 5897 "
2273 5863 2374 5920 lsa.
2412 5881 2450 5931 ι,
2480 5868 2531 5923 9.

701 5874 803 5927 xu,
845 5858 938 5914 ιδ.

2384 5686 2415 5755 ή
2448 5684 2633 5739 δικαία
2661 5684 2813 5755 ὑμῶν
2840 5685 3023 5757 δέησις
3057 5689 3447 5761 ἐνεργουμένη,
3469 5692 3547 5756 ὡς
3571 5692 3639 5747 ἂν
3664 5695 3746 5763 τῷ
3785 5695 3955 5761 ἐξιλα-

3182 5802 3221 5833 ¹⁵
3245 5801 3443 5873 Ephes.
3481 5819 3531 5869 v,
3559 5804 3652 5860 27.
3733 5807 3779 5840 "
3801 5805 3954 5865 Joan.
