4164 6484
213 436 351 500 1173

1409 444 1943 503 EPISTULARUM
2010 446 2157 503 LIB.
2205 445 2284 502 lI.

3337 442 3470 505 1174

213 547 338 617 σμῷ
371 547 548 617 αὐτῆς
575 549 787 620 κοπάσῃ
840 552 872 618 ἡ
928 549 1153 621 θραῦσις
1202 553 1298 620 τῆς
1332 553 1616 623 αἱρετικῆς
1651 557 1785 623 ῥομ-

1902 563 2021 610 strze
2074 553 2338 607 auxilium
2389 565 2491 605 nos
2536 551 2772 607 humiles
2824 550 3282 622 imploravimus,
3343 558 3469 606 cum

215 638 382 704 φαίας
407 653 420 667 ·
461 636 559 690 τοῦ
591 640 797 709 Κυρίου
827 641 908 703 είς
938 641 1220 711 εἰρηνικὴν
1249 643 1561 712 ὀρθοδοξίαν
1617 645 1788 695 ἐπαν-

214 728 438 794 ἀγοντος
467 729 560 780 κα)⁵
590 729 688 797 τὴν
716 729 835 782 καθ’
867 732 1014 800 ἡμᾶς
1048 731 1514 802 Ἐκκλησίαν.“1να
1536 733 1592 786 δὲ
1622 733 1797 801 εἰδῆτε

215 819 310 870 καὶ
359 819 537 888 ὑμεῖς,
574 812 618 871 ὦ
671 820 982 890 σεϐάσμιοι,
1024 823 1089 875 ὲκ
1143 823 1365 893 μέρους,
1418 819 1506 878 οἷα
1531 823 1600 876 τὰ
1627 823 1794 893 ἀσεϐῆ

214 907 462 976 δόγματα
501 907 608 959 τῶν
640 906 817 961 ἀθέων
845 924 857 938 ’
899 909 1295 963 συναπέστειλα
1341 912 1455 972 τοῖς
1503 911 1797 982 γράμμασι

215 998 389 1052 ταῦτα
416 999 473 1050 ὲν
508 998 802 1066 τετραδίοις
826 1014 839 1028 °
873 998 909 1052 ἀ
937 1001 1028 1052 καὶ
1067 999 1218 1063 ἔδοξα
1251 1000 1279 1052 ὁ
1318 1001 1534 1069 ἀμαθὴς
1563 1002 1792 1071 ἀνατρέ-

216 1106 365 1156 πειν,
423 1091 754 1161 προτραπεὶς
805 1090 954 1161 παρά
986 1090 1245 1144 εὐσεϐῶν.
1278 1090 1424 1144 Αίτῶ
1456 1092 1512 1144 δὲ
1561 1091 1665 1143 ὑπὸ
1693 1091 1794 1160 τῆς

217 1180 368 1241 θείας
395 1179 674 1247 ἀγχινοίας
706 1181 861 1251 ὑμῶν
900 1181 1323 1251 ὲπισκεφθῆναι,
1351 1182 1446 1234 καὶ
1486 1182 1550 1235 τὸ
1578 1182 1793 1247 ἐλλιπὲς

214 1269 590 1341 ἀνορθωθῆναι
616 1285 631 1300 ⁸
679 1273 773 1324 καὶ
823 1270 1156 1342 συγγνώμην
1216 1254 1337 1325 τῶν
1385 1272 1793 1342 ὲπωφλημένων

216 1363 474 1430 δέξασθαί
522 1378 625 1433 με·
685 1361 1058 1433 λαμϐάνεσθαι
1113 1378 1173 1414 τε
1219 1363 1300 1426 εἰς
1336 1364 1556 1433 μνήμην
1587 1364 1646 1415 ὲν
1674 1366 1793 1427 ταῖς

217 1455 546 1508 θεοκλινέσιν
579 1453 732 1524 ὑμῶν
763 1455 1092 1524 προσευχαῖς
1115 1469 1129 1484 ⁸
1165 1453 1259 1506 καὶ
1285 1454 1395 1524 μὴν
1426 1454 1522 1507 καὶ
1561 1455 1790 1507 συντάτ-

215 1545 406 1598 τεσθαι
433 1544 509 1608 ὡς
546 1544 772 1613 ἔσχατον
806 1545 1025 1599 πάντων
1056 1545 1217 1616 μέλος
1249 1546 1307 1598 ὲν
1353 1544 1430 1616 τῷ
1462 1544 1793 1618 πληρώματι

215 1641 319 1711 τῆς
344 1640 506 1710 ἀγίας
536 1639 689 1711 ὑμῶν
727 1640 1073 1712 Ἐκκλησίας.

1902 647 1972 700 sit
2032 660 2200 698 unum
2263 659 2465 712 corpus
2520 643 2765 697 omnium
2837 642 3064 698 fratrum
3121 643 3216 712 qui
3268 642 3473 711 pariter

1901 744 2189 789 vexantur.
2223 732 2488 788 Novimus
2512 734 2658 787 enim
2691 742 2955 803 quantum
2993 733 3172 787 valeat
3201 732 3346 802 jnsta
3381 747 3472 785 ve-

1900 831 2013 876 stra
2043 822 2359 889 deprecatio
2404 821 2624 874 assidua
2646 823 2711 886 ι’,
2758 830 2840 885 ιιι,
2873 831 3100 876 exorato
3139 820 3270 885 Deo,
3302 821 3472 875 haere-

1901 910 1993 964 tici
2025 911 2190 980 gladii
2225 910 2344 965 acie
2381 912 2740 980 conquiescat
2773 925 2785 961 :
2817 913 2884 966 ad
2916 920 3116 968 rectam
3149 911 3308 966 ﬁdem
3345 925 3470 963 cum

1900 1015 2035 1070 pace
2075 1001 2424 1070 conjunctam
2465 1010 2755 1057 revocante
2783 1002 3016 1057 Domino
3058 1012 3299 1057 nostram
3334 1015 3474 1071 quo-

1897 1109 2004 1161 que
2034 1092 2360 1148 Ecclesiam.
2390 1093 2461 1146 Ut
2489 1102 2693 1157 autem,
2727 1100 2781 1148 et
2813 1109 2932 1160 vos,
2964 1095 3068 1148 viri
3106 1093 3469 1157 venerabiles,

1897 1199 1963 1238 ex
1989 1194 2139 1253 parte
2170 1184 2486 1253 intelligatis
2527 1185 2711 1254 qualia
2741 1185 2849 1239 sint
2890 1185 3281 1255 sacrilegorum
3309 1183 3472 1252 impia

1899 1275 2198 1345 dogmata:
2232 1275 2395 1329 simul
2438 1275 2552 1328 haec
2599 1275 2723 1329 misi
2757 1289 2879 1330 cum
2914 1275 3112 1328 litteris
3162 1276 3215 1326 in
3247 1281 3474 1342 quater-

1900 1364 2200 1418 nionibus:
2235 1379 2356 1433 quze
2411 1362 2702 1417 confutare
2746 1377 3039 1432 aggressus
3095 1376 3237 1425 sum,
3293 1375 3474 1428 quan-

1900 1468 2067 1525 quam
2114 1453 2388 1516 in‘doctus,
2443 1451 2738 1520 proborum
2789 1451 3033 1504 virorum
3073 1450 3316 1502 hortatu.
3364 1445 3476 1500 Oro

1903 1557 2084 1600 autem
2116 1553 2171 1597 ut
2212 1558 2275 1597 ea
2307 1558 2404 1611 pro
2445 1542 2629 1595 divina
2663 1549 2846 1596 vestra
2873 1538 3167 1609 sagacitate
3202 1537 3478 1604 expenda-

1902 1638 1974 1693 tis
2009 1655 2021 1691 :
2050 1634 2194 1704 quod
2247 1634 2506 1688 vitiosum
2543 1642 2630 1687 est
2674 1631 2981 1688 emendetis
3013 1650 3025 1685 :
3057 1639 3480 1698 crratorumque

215 1734 433 1788 veniam
466 1732 719 1788 tribuatis
748 1751 762 1788 :
791 1742 845 1787 et
881 1744 939 1787 ut
966 1733 1071 1788 mei
1113 1733 1478 1791 memineritis
1514 1734 1570 1789 in
1601 1734 1801 1792 vestris
1840 1730 1984 1802 apud
2021 1728 2191 1782 Deum
2256 1726 2510 1795 precibus
2541 1741 2556 1780 :
2621 1725 2858 1795 denique
2896 1733 2957 1778 ut
2979 1732 3240 1793 tanquam
3271 1729 3481 1791 postre-

217 1845 370 1882 mum
409 1829 658 1882 omnium
716 1828 1021 1882 membrum
1075 1843 1307 1883 censear
1357 1829 1413 1883 in
1461 1829 1800 1899 plenitudine
1836 1836 2041 1884 sancta:
2065 1832 2263 1877 vestras
2296 1819 2570 1874 Ecclesiae.

303 1923 374 1975 Ἠ
401 1920 558 1986 αὑτὴ
586 1919 885 1986 ἐπιστολὴ
916 1919 1233 1988 ἀπεστάλη
1262 1920 1360 1974 καὶ
1384 1921 1534 1989 πρὸς
1559 1919 1674 1988 τὴν
1695 1937 1797 1990 μο-

1981 1915 2186 1969 Εαιΐεηι
2216 1912 2439 1981 epistofa
2481 1913 2652 1964 missa
2695 1918 2771 1965 est
2803 1910 2964 1964 etiam
2993 1908 3065 1962 ad
3098 1906 3478 1962 monasterium

217 2012 340 2081 γὴν
370 2012 478 2066 τοῦ
502 2011 674 2081 ἁγίου
699 2012 1028 2079 Εὑθυμίου.

214 2127 328 2180 ιη’.
362 2153 429 2164 -
465 2121 783 2192 Νικηφόρῳ
808 2120 890 2187 τῷ
918 2123 1215 2190 ἁγιωτάτῳ
1242 2123 1598 2194 πατριάρχῃ.
1625 2121 1795 2196 [msh]

1908 2009 2081 2064 sancti
2123 2006 2417 2076 Euthymii.

2004 2116 2191 2173 XVIII.
2227 2148 2292 2160 -
2321 2116 2618 2186 Nicephoro
2650 2115 2988 2170 sanctissimo
3025 2114 3370 2185 patriarcha’.

1315 2237 1515 2287 Solatur
1549 2237 1792 2287 exsulem.
1817 2236 2014 2297 (Baron.
2036 2247 2114 2282 an.
2135 2231 2245 2292 814,
2273 2246 2321 2282 n.
2349 2231 2453 2292 29.)

290 2343 556 2406 Πολλάκις
591 2341 924 2413 προθέμενος
973 2340 1276 2394 ἐπιστεῖλαι
1313 2344 1381 2413 τῇ
1437 2342 1561 2412 ἱερᾷ
1588 2344 1798 2412 κορυφῇ

215 2437 318 2506 τῆς
348 2432 744 2504 μακαριότητός
785 2448 903 2485 σου·
933 2432 1220 2501 ὲνεκόπην,
1246 2432 1323 2502 πῆ
1360 2433 1460 2502 μὲν
1483 2432 1583 2503 τὴν
1605 2432 1800 2485 ἑαυτοῦ

214 2525 543 2593 ἀναξιότητα
589 2522 932 2592 λογιζόμενος
965 2522 1127 2594 [Reg.
1175 2523 1298 2578 cod.
1350 2522 1793 2594 ὲπαισθόμενος],

217 2621 302 2690 πῆ
323 2619 378 2671 δὲ
405 2616 636 2685 ὐποδεὴς
661 2614 736 2668 ῶν
765 2616 891 2679 τοὺς
917 2615 1278 2685 πειρασμούς.
1304 2616 1439 2669 Νυνὶ
1461 2617 1518 2670 δὲ
1543 2633 1802 2687 περιφρο-

214 2715 390 2781 νήσας
420 2710 764 2780 ἀμφοτέρων,
790 2708 889 2761 καὶ·
913 2710 982 2778 τῇ
1017 2708 1208 2778 Τριάδι
1237 2709 1265 2761 ὁ
1296 2710 1465 2772 τάλας
1495 2708 1799 2781 θαρρήσας,

213 2806 392 2870 λέγων
424 2802 539 2870 είμὶ
565 2799 710 2854 τάδε’
743 2801 934 2868 Χαῖρε,
953 2800 1171 2871 ἀληθῶς
1191 2802 1508 2871 νικητήριον
1523 2802 1797 2866 ἀσεϐείας,

213 2894 247 2944 ὁ
289 2893 346 2944 έν
393 2889 678 2959 τεθρίππῳ
714 2887 923 2959 ἀρετῶν
970 2887 1202 2941 διανύων
1259 2889 1351 2941 τὸν
1400 2888 1504 2959 τῆς
1565 2890 1799 2954 πίστεως

213 2978 680 3052 δρόμονοχαῖρε,ό
712 2979 883 3049 μέγας
916 2977 1068 3048 ἥλιος
1089 2979 1191 3048 τῆς
1223 2978 1564 3048 ὀρθοδοξίας,
1592 2971 1652 3031 οὗ
1683 2981 1800 3042 ταῖς

215 3074 642 3144 ὁμολογητικαίς
698 3072 884 3125 ἀκτῖσι
942 3071 1330 3140 φωτοϐολείται
1381 3073 1414 3143 ἡ
1475 3072 1794 3142 οίκουμένη·

217 3165 714 3237 χαῖρε,ύπέρμαχε
765 3163 866 3234 τῆς
924 3162 1183 3232 ἀληθείας
1239 3162 1377 3217 κατά
1399 3162 1525 3226 τοὺς
1567 3162 1798 3216 ἔκπαλαι

217 3255 520 3325 Θεοφόρους
565 3253 880 3322 διαπρέπων
907 3252 986 3323 τῷ
1022 3252 1123 3320 τῆς
1156 3251 1359 3322 ἀρετῆς
1411 3253 1618 3307 κάλλει.
1665 3253 1796 3305 ’Λπ-

216 3348 407 3410 έλιπες
435 3345 528 3399 τὸν
562 3343 764 3414 ὑψηλὸν
813 3344 1002 3414 θρόνον
1062 3344 1154 3397 διά
1200 3344 1309 3398 τὸν
1333 3344 1553 3401 ἑαυτὸν
1597 3363 1798 3399 ταπει-

213 3438 502 3495 νώσαντα
549 3436 727 3508 μέχρι
758 3435 1042 3500 θανάτου,
1076 3435 1336 3491 θανάτου
1395 3436 1464 3490 δὲ
1507 3437 1795 3506 σταυροῦ⁸

217 3527 488 3588 ἀπέλιπες
513 3525 903 3598 ἀρχιερατικὼς
943 3527 1250 3595 ὑπηρεσίας
1298 3528 1392 3580 καὶ
1437 3528 1794 3592 ἀναπαύσεις·

1971 2337 2108 2392 Cum
2159 2348 2538 2406 saepenumero
2589 2333 2656 2386 ad
2705 2343 2923 2388 sacrum
2972 2327 3328 2385 beatitudinis
3377 2341 3482 2388 tua:

1906 2431 2166 2486 verticem
2204 2428 2444 2484 scribere
2469 2425 2857 2489 instituissem,
2899 2423 3089 2480 destiti
3121 2425 3190 2479 ab
3221 2427 3478 2495 incaapte,

1900 2522 2097 2592 partim
2161 2517 2505 2590 indignitatis
2554 2531 2690 2571 mea:
2747 2515 3224 2582 consideratione,
3280 2522 3478 2588 partim

1909 2614 2063 2667 .ztiam
2124 2611 2441 2665 inﬁrmitate
2497 2625 2562 2664 ex
2634 2609 2896 2663 aerumnis
2947 2620 3074 2664 nata
3130 2612 3476 2680 prmpcditus.

1901 2704 2055 2758 Nunc
2111 2717 2238 2757 vero
2287 2712 2584 2769 utrumque
2633 2700 3056 2769 parvipendens,
3109 2711 3160 2755 et
3211 2700 3480 2756 Trinitate

1903 2795 2097 2858 fretus,
2133 2793 2300 2847 miser
2335 2793 2451 2847 haec
2480 2792 2624 2846 dico.
2668 2791 2879 2856 Gaude,
2908 2807 3034 2846 vere
3064 2793 3243 2846 victor
3285 2795 3478 2863 impie-

1902 2887 2053 2950 tatis,
2080 2885 2176 2954 qui
2213 2885 2476 2937 virtutum
2508 2883 2793 2952 quadrigis
2820 2883 2942 2937 ﬁdei
2971 2898 3196 2938 cursum
3221 2900 3475 2940 consum-

1901 2993 2018 3032 mas
2055 2995 2067 3032 :
2106 2975 2278 3041 salve,
2302 2989 2499 3044 magne
2534 2975 2614 3028 sol
2653 2975 2921 3029 doctrinae
2949 2975 3292 3037 orthodoxae.
3321 2977 3478 3046 eujns

1901 3068 2266 3125 confessionis
2284 3067 2452 3121 radiis
2469 3068 2760 3121 universus
2780 3067 2928 3122 orbis
2949 3067 3250 3121 illustratur
3273 3086 3286 3121 :
3306 3069 3473 3134 salve,

1904 3170 2277 3233 propugnator
2288 3161 2555 3223 veritatis,
2577 3168 2823 3213 veterum
2842 3168 3158 3214 sanctorum
3181 3162 3351 3216 instar
3369 3161 3479 3215 vir-

1902 3255 2034 3308 tutis
2071 3251 2482 3322 pulchritudine
2523 3251 2826 3306 collucens.
2869 3251 3157 3320 Reliquisti
3197 3252 3475 3307 excelsum

1901 3345 2160 3403 thronum
2190 3343 2310 3412 ejus
2338 3357 2528 3406 causa,
2554 3343 2646 3411 qui
2676 3343 3013 3409 semetipsum
3050 3343 3350 3398 Itumiliavit
3383 3361 3478 3399 us-

1899 3454 1996 3507 que
2022 3437 2090 3489 ad
2121 3445 2359 3499 mortem,
2400 3444 2619 3488 mortem
2644 3447 2826 3488 autem
2859 3437 3031 3490 crucis
3060 3436 3162 3501 "';
3207 3437 3477 3506 reliquisti

1907 3525 2124 3579 turbam
2151 3525 2477 3579 famulorum
2506 3532 2561 3578 et
2596 3523 2994 3579 oblectamenta
3033 3525 3479 3595 archiepiscopa-

223 3619 428 3691 μᾶλλον
481 3618 735 3688 ἑλόμενος
795 3617 1288 3688 συγκακουχετσθαι
1317 3619 1393 3688 τῷ
1421 3619 1797 3690 ὁμολογητικῷ

1902 3616 2015 3670 lia:
2051 3625 2106 3670 et
2157 3616 2324 3669 variis
2377 3614 2783 3680 incommodis,
2837 3613 3220 3669 confessorum
3284 3631 3479 3684 more,

218 3709 434 3780 τρόπῳ,
485 3710 518 3780 ἢ
567 3709 902 3779 πρόσκαιρον
939 3708 1085 3779 ἔχειν
1145 3711 1421 3781 ἁμαρτίας
1473 3713 1796 3769 ἀπόλαυσιν.

223 3803 418 3870 Ὅμως
463 3801 545 3854 ὅτι
575 3801 696 3854 οὐδὲ
725 3800 846 3854 κατ’
878 3799 1068 3865 αύτάς,
1093 3801 1199 3854 κάν
1231 3803 1290 3855 ὲν
1337 3803 1547 3869 αὑταῖς,
1577 3802 1685 3867 ζῶν
1708 3801 1796 3874 ἧς*

221 3892 438 3966 νεκρῶν
491 3893 558 3946 τὰ
597 3892 732 3963 μέλη
764 3894 829 3963 τῇ
860 3892 917 3945 ὲν
959 3893 1148 3964 Κυρίῳ
1181 3893 1293 3965 ζωῇ
1319 3910 1334 3926 ο
1371 3896 1608 3964 ἦνεγκας
1640 3896 1802 3964 ἀγίας

221 3983 449 4055 Μητρὸς
497 3984 789 4053 στέρησιν·
829 3982 1075 4052 ἀδελφῶν
1128 3985 1348 4052 τιμίων,
1397 3985 1617 4039 πάντων
1663 3985 1801 4056 ὁμοῦ

220 4076 286 4127 ὲν
311 4073 515 4128 ἅπασιν
538 4073 879 4143 ἀφαιρεθείς.
911 4075 1023 4128 Καὶ
1059 4073 1212 4128 οὕπω
1237 4075 1380 4144 λέγω
1409 4078 1537 4139 τοὺς
1567 4079 1801 4148 Χριστο-

222 4166 389 4227 ειδείς
451 4181 546 4217 σου
604 4164 965 4236 ὀνειδισμοὺς,
1016 4165 1116 4229 τάς
1179 4168 1245 4219 ἐκ
1290 4167 1398 4221 τῶν
1459 4169 1802 4238 κρατούντων

223 4253 557 4328 προσϐολὰς,
581 4254 916 4325 ἑρεσχελίας,
949 4258 1336 4328 στενοχωρίας,
1367 4259 1461 4311 καὶ
1490 4260 1651 4312 οἱονεὶ
1677 4261 1803 4312 ἀπο-

223 4347 456 4412 πνίξεις.
499 4345 858 4417 Κατηνέχθης
895 4347 992 4400 σὺν
1023 4346 1245 4418 Χριστῷ
1291 4349 1350 4400 ὲν
1382 4349 1574 4401 νυκτί·
1615 4349 1801 4420 ἐπειδὴ

225 4438 324 4489 καὶ
379 4434 539 4498 αὐτὸς
591 4435 1019 4506 προδιδόμενος,
1076 4436 1446 4508 περιωρίσθης
1477 4477 1492 4502 ,
1565 4438 1799 4509 μεθωρί-

225 4530 364 4597 σθης
409 4528 468 4580 ὲν
522 4528 784 4599 γεωλόφῳ
819 4545 921 4581 που
962 4528 1326 4600 καθεζόμενος
1365 4532 1394 4584 ό
1428 4531 1639 4601 μάρτυς
1670 4532 1803 4601 Χρι-

226 4639 381 4675 στου.

311 4712 451 4764 Ἀλλ’
485 4706 632 4780 εὖγε,
658 4712 743 4766 ὅτι
775 4710 954 4765 πάντα
980 4711 1060 4772 είς
1096 4711 1257 4764 καλόν
1285 4728 1389 4766 σοι.
1419 4706 1590 4781 Ἆρον
1618 4710 1804 4780 κύκλῳ

223 4807 354 4868 τοὺς
383 4802 692 4874 ὀφθαλμούς
723 4819 818 4856 σου
847 4801 956 4856 ἀπὸ
979 4801 1077 4871 τῆς
1109 4801 1204 4855 τοῦ
1231 4801 1324 4856 νοῦ
1376 4805 1610 4865 σκοπιᾶς
1636 4819 1651 4834 '
1710 4806 1805 4856 καὶ

225 4897 308 4952 ῐδε
340 4912 436 4949 σου
463 4895 531 4948 τὰ
556 4895 744 4956 τέκνα,
783 4892 884 4946 εἶτ’
909 4889 1003 4946 οὖν
1035 4891 1304 4961 πρόϐατα,
1337 4894 1366 4945 ό
1415 4892 1620 4961 ποιμὴν
1651 4893 1679 4945 ὁ
1709 4909 1804 4944 κα-

1901 3707 2143 3763 exerceri
2201 3706 2468 3769 maluisti,
2507 3720 2672 3775 quam
2711 3707 3060 3775 temporariis
3105 3707 3211 3761 frui
3269 3709 3478 3767 deliciis

1901 3797 2107 3867 peccati
2131 3797 2197 3850 ὀ.
2239 3796 2314 3850 Ac
2346 3803 2514 3860 certe,
2556 3795 2818 3864 quoniam
2857 3810 2961 3850 non
3002 3811 3068 3851 ex
3110 3795 3238 3862 illis,
3271 3799 3374 3853 etsi
3421 3799 3473 3853 in

1901 3887 2034 3952 illis,
2069 3887 2307 3951 vivebas,
2347 3887 2594 3940 membra
2623 3901 2718 3954 per
2754 3887 2922 3941 vitam
2961 3887 3016 3940 in
3042 3887 3274 3943 Domino
3301 3898 3477 3944 actam

1903 3978 2266 4040 mortilicans,
2309 3988 2513 4032 sancta:
2544 3978 2735 4032 matris
2764 3978 3128 4048 privationem
3163 3981 3434 4050 pertulisti
3460 3999 3474 4036 :

1904 4071 2090 4126 charis
2120 4069 2405 4132 fratribus,
2458 4070 2717 4124 omnibus
2762 4070 2929 4125 simul
2975 4073 3226 4136 omnino,
3280 4074 3480 4143 spolia.

1905 4171 2015 4217 tus.
2053 4159 2295 4217 Necdum
2341 4161 2635 4231 opprobria
2665 4171 2757 4215 tua
2796 4161 3001 4218 Christi
3046 4164 3356 4233 opprobriis
3400 4167 3480 4222 si-

1903 4253 2054 4306 milia
2111 4267 2527 4316 commemoro,
2587 4251 2864 4307 immissas
2922 4252 2991 4306 ab
3056 4253 3479 4322 imperatoribus

1904 4344 2360 4413 Oppugnationes,
2401 4343 2822 4408 ludiﬁcationes,
2864 4345 3189 4415 angustias:
3221 4360 3284 4402 ac
3313 4348 3478 4403 veluti

1908 4435 2319 4489 sull‘ocationes.
2379 4435 2554 4489 Nactu
2606 4451 2731 4490 cum
2786 4435 3005 4491 Christo
3051 4438 3322 4494 abductus
3369 4455 3473 4504 es:

1904 4528 2105 4580 etenim
2153 4526 2404 4595 proditus
2443 4525 2606 4581 etiam
2639 4527 2754 4596 ipse
2799 4527 3074 4598 relegatus
3111 4543 3193 4593 es,
3235 4529 3289 4585 in
3321 4531 3478 4586 collis

1908 4615 2207 4670 conﬁnium
2236 4617 2492 4670 redactus
2517 4631 2598 4679 es,
2637 4628 2843 4687 martyr
2876 4618 3099 4674 Christi.

1977 4705 2083 4759 Sed
2122 4719 2280 4775 euge,
2311 4707 2574 4775 quoniam
2601 4706 2652 4760 in
2684 4708 2885 4763 bonum
2917 4709 3012 4764 tibi
3038 4711 3250 4764 omnia.
3275 4711 3478 4766 Attolle

1906 4796 1960 4850 in
1995 4797 2180 4850 orbem
2211 4799 2403 4852 oculos
2429 4814 2493 4852 ex
2526 4800 2746 4868 specula
2780 4803 3002 4865 mentis,
3033 4810 3088 4855 et
3114 4803 3302 4871 aspice
3337 4804 3478 4858 ﬁlios

1908 4898 2054 4950 tuos,
2095 4903 2198 4942 seu
2236 4889 2410 4944 mavis
2455 4904 2608 4956 oves,
2638 4899 2827 4960 pastor
2861 4893 3026 4956 bone,
3065 4892 3318 4962 quamvis
3348 4909 3475 4949 cor-

224 4983 340 5047 λδς,
370 4984 420 5035 εί
453 4981 548 5036 καὶ
600 4979 1061 5050 διεσκορπισμένα
1098 4979 1333 5049 σώματι,
1393 4980 1508 5033 ἀλλ’
1545 4979 1797 5050 ἡνωμένα

1903 4995 2033 5048 pore
2061 4980 2361 5048 dispersas,
2414 4982 2598 5035 animo
2646 4991 2831 5036 tamen
2878 4982 3231 5051 conjunctas,
3261 4983 3315 5037 in
3366 4993 3474 5039 tota

223 5071 521 5140 πνεύματι,
576 5069 888 5140 διειληφότα
940 5069 1128 5139 σχεδὸν
1165 5069 1294 5123 ἀλλο
1329 5070 1450 5124 κατ’
1476 5069 1603 5125 ἀλλο
1638 5070 1797 5141 μέρος

1908 5084 2045 5137 pene
2074 5070 2313 5126 Ecclesia
2341 5080 2431 5124 tua
2466 5072 2636 5126 variis
2658 5072 2796 5127 locis
2826 5073 3055 5141 positas,
3092 5081 3147 5126 et
3171 5073 3476 5130 confessio-

220 5164 327 5235 τὴν
368 5160 694 5232 Ἐκκλησίαν
745 5177 840 5213 σου
890 5161 1074 5214 πᾶσαν
1104 5175 1118 5190 ·
1170 5159 1264 5214 καὶ
1305 5163 1424 5222 ταῖς
1467 5161 1665 5228 αὐγαῖς
1709 5161 1797 5230 τῆς

1906 5162 1991 5216 nis
2043 5177 2154 5216 sua:
2194 5163 2426 5232 fulgore,
2474 5163 2759 5218 stellarum
2792 5163 2985 5228 instar,
3035 5162 3103 5218 iis
3149 5165 3241 5234 qui
3291 5165 3344 5217 in
3373 5179 3474 5219 no-

220 5253 517 5325 ὁμολογίας
572 5252 730 5322 δίκην
785 5250 1034 5322 ἀστέρων
1091 5251 1524 5323 φρυκτωροῦντα
1579 5253 1693 5315 τοῖς
1748 5253 1797 5305 ἐν

1904 5256 2116 5306 cturnis
2166 5253 2434 5308 haereseos
2487 5253 2732 5309 tenebris
2777 5262 3105 5320 versantur,
3160 5255 3477 5311 orthodoxa:

219 5342 568 5413 νυκτομαχίᾳ
615 5341 713 5411 τῆς
749 5341 1036 5410 αἱρέσεως,
1071 5341 1134 5393 τὸ
1157 5341 1273 5410 φῶς
1326 5341 1426 5410 τῆς
1453 5341 1797 5411 ὀρθοδοξίας·

1903 5343 2028 5397 ﬁdei
2065 5344 2251 5398 lumen
2286 5345 2642 5400 ostendentes
2671 5362 2685 5399 :
2714 5345 2852 5402 alias
2881 5345 3102 5415 quidem
3142 5345 3254 5400 Deo
3283 5346 3476 5401 immo-

219 5433 292 5487 τὰ
328 5433 428 5503 μὶν
475 5431 709 5485 τυθέντα
744 5431 865 5501 Θεῷ
912 5432 980 5485 δι’
1001 5432 1301 5503 ἀθλητικῆς
1332 5432 1664 5494 τελειώσεως
1689 5448 1703 5464 ·
1729 5435 1797 5486 τά

1905 5431 2047 5486 latas
2076 5449 2173 5502 per
2197 5435 2512 5489 athleticam
2545 5437 3100 5501 consummationem,
3126 5435 3264 5490 alias
3287 5435 3477 5490 decer-

217 5525 279 5579 δὲ
331 5521 622 5588 ἀθλοῦντα,
673 5521 841 5592 μηδὲν
878 5522 1298 5592 ὑποπτήσσοντα
1336 5523 1445 5575 τῶν
1476 5522 1756 5592 παρόντων
1781 5539 1792 5551 ·

1905 5533 2083 5578 tantes
2142 5525 2262 5579 sine
2313 5527 2425 5579 ullo
2480 5529 2834 5596 praesentium
2883 5542 3067 5581 rerum
3123 5536 3267 5580 metu
3318 5546 3329 5580 :
3382 5530 3474 5582 sed

217 5614 364 5668 ἀλλά
417 5612 737 5684 ρωννύμενα
785 5613 908 5675 ταῖς
960 5612 1258 5665 θεοκλινέσι
1302 5629 1396 5665 σου
1445 5615 1795 5682 προσευχαῖς.

1909 5611 2076 5666 Deum
2115 5615 2457 5671 flectentibus
2486 5618 2738 5686 precibus
2767 5618 2878 5672 tuis
2905 5618 3311 5672 corroboratas.
3352 5617 3476 5672 Haec

218 5701 377 5770 Αὕτη
425 5703 458 5772 ἡ
503 5699 630 5765 δόξα
681 5718 774 5755 σου
812 5703 912 5770 τῆς
953 5701 1276 5772 Ἐκκλησίας
1314 5716 1326 5728 ο
1377 5699 1532 5753 τοῦτό
1593 5716 1685 5751 σου
1741 5701 1797 5751 τὸ

1909 5711 1991 5756 est
2015 5702 2186 5772 gloria
2219 5705 2473 5762 Ecclesia:
2505 5717 2609 5762 tuae
2639 5726 2652 5763 :
2687 5708 2792 5764 hoc
2822 5707 3038 5779 insigne
3080 5722 3145 5764 ac
3170 5709 3487 5778 symbolum.

300 5819 344 5851 "
365 5815 480 5874 Jac.
513 5834 565 5886 ν,
597 5817 684 5873 16.
760 5821 823 5852 ¹⁹⁶
853 5817 1054 5884 Philip.
1088 5834 1146 5885 ll,
1187 5817 1240 5873 8.
1286 5866 1293 5877 .
1322 5819 1365 5848 ²⁰
1385 5817 1548 5874 Hebr.
1579 5833 1657 5882 ιι,
1693 5815 1787 5870 ‘25.
