4164 6474
641 433 782 500 1175
1825 427 1885 485 S.
1919 423 2308 485 TIIEODORI
2363 422 2708 484 STUDITE
3764 421 3902 488 1176

640 544 887 616 martyrii
923 562 937 598 :
967 541 1113 614 quod
1149 555 1386 612 sequens
1436 546 1570 594 atas
1613 537 1918 607 excipiens.
1956 537 2127 590 Deum
2163 537 2216 589 in

2334 535 2604 603 σύσσημον
2655 537 2753 604 τῆς
2793 534 3098 606 μαρτυρίας
3127 552 3141 566 ·
3191 536 3328 607 ὅπερ
3376 535 3405 588 6
3437 538 3646 607 μέλλων
3710 544 3902 609 χρόνος

641 650 713 702 te,
765 638 843 692 uti
892 652 1058 700 nunc,
1103 633 1448 705 gloriﬁcablt.
1495 631 1659 684 Multa
1711 630 1806 683 libi
1859 645 1959 697 pro
2001 629 2223 683 Christo

643 728 878 796 imagine
916 724 1176 796 pugnanti
1219 722 1468 776 encomia
1507 721 1798 774 debentur.
1843 717 1951 774 Sed
1994 719 2220 787 ignosce

643 816 794 880 mihi,
827 817 917 870 Dei
953 816 1217 878 imitator,
1251 814 1344 884 qui
1378 814 1497 868 haec
1545 827 1612 866 ex
1649 827 1839 866 amore
1876 825 2046 866 ausus
2073 826 2216 873 sum,

641 923 763 975 qum
795 906 908 960 dixi
943 920 1171 960 :sacras
1209 920 1400 972 preces
1429 913 1552 958 tuas
1589 903 1929 972 impertiens,
1969 911 2027 955 nt
2058 902 2218 955 mini-

645 1013 768 1051 mus
816 997 960 1052 ﬁlius
993 1007 1119 1051 tuus
1172 1011 1298 1050 esse
1348 1010 1457 1048 non
1504 994 1776 1058 desinam,
1820 993 1914 1063 qui
1967 993 2213 1048 omnium

645 1087 881 1141 maxime
913 1085 1126 1140 inutilis
1154 1099 1275 1140 sum
1304 1095 1526 1154 propter
1560 1091 1807 1153 peccata.

1124 1307 1265 1363 XIX.
1299 1339 1366 1350 —
1397 1305 1744 1362 Monialibus.

2323 625 2740 693 ὑποδεξάμενος,
2767 625 3009 688 δοξάσειε
3041 625 3132 678 τὸν
3161 626 3295 679 Θεὸν
3331 628 3390 680 ὲν
3423 631 3526 696 σοὶ,
3555 631 3632 694 ὡς
3684 634 3780 685 καὶ
3827 635 3901 686 τὰ

2318 713 2433 767 νῦν.
2479 715 2658 768 Πολλά
2697 733 2778 768 σοι
2831 716 2899 768 τὰ
2945 715 3197 785 ἐγκώμια
3223 717 3496 784 ὀφείλεται
3521 719 3599 788 τῷ
3633 721 3776 790 ὑπὲρ
3799 723 3901 790 τῆς

2317 806 2523 868 εἰκόνος
2556 807 2791 876 Χριστοῦ
2821 806 3157 861 ὲναθλοῦντι.
3197 809 3359 863 Ἀλλά
3399 827 3488 880 μοι
3520 811 3817 880 σύγγνωθι,
3855 808 3902 866 ὦ

2317 897 2639 967 θεομίμητε,
2669 899 3002 969 τολμήσαντι
3034 902 3098 953 ἐκ
3126 901 3290 954 πόθου
3321 904 3380 954 ὲν
3411 896 3492 964 οἷς
3520 903 3898 972 ἐφθεγξάμην·

2315 986 2676 1056 χαριζόμενος
2725 988 2824 1058 τὴν
2881 989 3034 1058 ίεράν
3089 1005 3182 1043 σου
3245 991 3572 1061 προσευχὴν,
3608 993 3687 1054 ὡς
3724 992 3790 1045 ἂν
3825 995 3906 1063 μὴ

2322 1078 2658 1147 ἀποπέσοιμι
2705 1079 2799 1132 τοῦ
2846 1075 2986 1132 εἷναί
3035 1097 3127 1133 σου
3156 1081 3438 1150 ἐλάχιστον
3469 1084 3660 1136 τέκνον
3687 1123 3704 1149 ,
3738 1086 3768 1136 6
3794 1086 3905 1137 τῶν

2324 1168 2578 1222 ἁπάντων
2604 1171 2952 1242 ἀχρειότερος
2973 1173 3063 1227 διὰ
3089 1173 3189 1234 τάς
3222 1173 3518 1244 ἁμαρτίας.

2685 1311 2784 1364 ΙΘ’.
2809 1337 2866 1350 -·
2893 1309 3323 1376 Μωαζούσαις.
3355 1309 3545 1382 [σκα’.]

1732 1444 1808 1496 Ad
1835 1444 2085 1508 religiosa
2114 1447 2224 1496 vite
2259 1448 2614 1508 perfectionem
2637 1455 2841 1503 excitat.

715 1583 929 1655 Optima
963 1581 1028 1636 ad
1070 1596 1157 1635 me
1177 1583 1320 1635 fama
1349 1580 1554 1650 perlata
1581 1580 1648 1636 de
1676 1582 1980 1636 reverentia
2017 1591 2217 1644 vestra,

645 1692 745 1744 ego
781 1675 1001 1730 humilis
1028 1674 1179 1726 laetor
1207 1690 1221 1725 :
1257 1672 1526 1740 imprimis
1553 1672 1698 1740 quod
1728 1672 1952 1743 sanguis
1979 1685 2033 1725 et
2063 1672 2220 1738 spiri-

2411 1583 2646 1655 Ἀγαθὴν
2677 1585 2846 1656 ἀκοὴν
2888 1584 3248 1655 ὲνηχούμενος
3283 1587 3408 1658 περὶ
3437 1585 3538 1656 τῆς
3585 1589 3906 1660 τιμιότητος

2329 1672 2481 1741 ὑμῶν
2498 1674 2673 1742 χαίρω
2694 1677 2720 1727 6
2743 1675 3015 1738 ταπεινός·
3043 1674 3275 1743 μάλιστα
3293 1676 3375 1728 ὅτι
3397 1668 3538 1744 αἷμα
3568 1678 3664 1730 καὶ
3683 1678 3904 1746 πνεῦμα

650 1778 734 1822 tus
763 1771 896 1821 estis
920 1765 1158 1819 hominis
1187 1764 1303 1828 Dei,
1330 1774 1384 1818 et
1409 1764 1723 1820 communis
1756 1766 2018 1835 parentis.
2045 1765 2220 1819 Vehe-

2334 1764 2446 1815 ἐστε
2490 1763 2584 1815 τοῦ
2633 1764 2918 1832 ἀνθρώπου
2952 1766 3045 1818 τοῦ
3097 1765 3232 1818 Θεοῦ
3283 1766 3376 1818 καὶ
3432 1766 3612 1820 κοινοῦ
3663 1770 3894 1838 Πατρός.

649 1863 886 1913 mentjus
945 1868 1127 1911 autem
1185 1857 1401 1927 gaudeo
1447 1867 1500 1912 et
1553 1858 1800 1928 gloriﬁco
1849 1856 2040 1921 Deum,
2094 1873 2217 1912 cum

650 1951 814 2003 audio
845 1950 1150 2018 perstitisse
1190 1964 1290 2002 vos
1327 1949 1592 2002 hactenus
1626 1949 1772 2002 nulla
1818 1948 2223 2004 communionis

653 2041 917 2093 haeretica:
952 2040 1069 2092 labe
1111 2053 1387 2107 aspersas.
1419 2037 1485 2091 Et
1514 2053 1610 2094 eos
1642 2039 1828 2108 utique
1863 2049 2098 2108 Oportet,
2127 2039 2221 2108 qui

651 2142 779 2184 sunt
827 2145 1053 2198 corpore
1106 2129 1335 2193 illibati,
1397 2128 1519 2182 [idei
1584 2143 1806 2198 quoque
1860 2129 2222 2200 integritatem

652 2223 945 2277 custodire.
983 2222 1388 2276 Fornicationis
1411 2222 1557 2274 enim
1585 2236 1758 2290 genus
1785 2231 1890 2285 est,
1921 2237 1954 2275 ο
1984 2223 2224 2291 pruden-

655 2316 925 2378 tissimae,
981 2314 1066 2369 vel
1127 2314 1517 2369 communione
1570 2313 1818 2382 copulari
1853 2331 1865 2365 :
1895 2327 1926 2366 a
1977 2328 2082 2380 qua
2130 2328 2226 2368 vos

659 2406 921 2460 Dominus
952 2421 1127 2474 usque
1172 2407 1227 2458 in
1269 2404 1429 2458 linem
1479 2413 1660 2459 servet
1703 2403 1958 2466 intactas,
1987 2405 2080 2472 qui
2129 2419 2226 2458 vos

657 2499 773 2566 ipse
826 2497 931 2551 sibi
989 2511 1084 2565 per
1124 2493 1457 2564 virginitatis
1500 2505 1689 2547 votum
1745 2493 2055 2562 despondit.
2097 2492 2228 2548 Haec

657 2588 805 2652 prior
847 2600 975 2654 pars
1010 2584 1280 2638 orationis
1327 2597 1481 2636 meae.
1530 2580 1931 2636 lnstitutionem
1977 2592 2158 2636 autem
2196 2597 2226 2634 a

659 2697 745 2734 me
795 2691 1080 2749 peccatore
1125 2693 1225 2732 cur
1271 2677 1564 2747 ﬂagitatis.
1611 2692 1736 2732 cum
1786 2679 1907 2734 sitis
1956 2679 2086 2746 ipsa:
2136 2693 2230 2746 per

645 2773 860 2827 ‘Christi
883 2773 1113 2842 gratiam
1141 2787 1170 2826 a
1193 2771 1304 2826 Deo
1331 2771 1573 2826 edocuit?
1598 2770 1732 2824 Nam
1761 2781 1815 2824 et
1839 2787 1904 2825 ex
1930 2772 2034 2837 piis
2057 2772 2228 2826 ambm

659 2875 791 2918 orta:
834 2862 1176 2931 parentibus,
1210 2871 1265 2916 et
1297 2863 1544 2915 scientia:
1591 2861 1826 2924 eximize,
1867 2869 1921 2914 et
1959 2861 2078 2929 ipso
2110 2861 2231 2914 vitae

659 2969 858 3023 genere
918 2953 1226 3006 doctrinam
1285 2953 1674 3006 mandatorum
1734 2950 2106 3020 praeferentes.
2174 2952 2228 3006 Si

661 3045 792 3110 quid
839 3055 1018 3098 autem
1065 3053 1119 3098 et
1170 3059 1201 3098 a
1249 3044 1409 3099 nobis
1458 3043 1728 3113 imperitis
1773 3045 2033 3113 poscitis,
2072 3046 2231 3098 timor

664 3137 756 3188 Dei
809 3135 1221 3202 conquirendus
1264 3134 1555 3202 itnprimis.
1590 3133 1724 3189 Nam
1766 3135 1813 3190 is
1851 3135 1941 3190 ubi
1989 3137 2228 3189 animum
2260 3146 2301 3202 ο

661 3223 853 3287 subiit,
905 3223 999 3275 lux
1049 3223 1294 3288 aﬂuIsit,
1341 3223 1568 3278 vitiosos
1618 3225 1943 3294 temperavit
1985 3225 2232 3279 aﬂ'cctus.

665 3313 796 3368 Inde
841 3316 1216 3384 compunctio,
1277 3316 1549 3385 lacrymae,
1611 3317 1800 3368 mundi
1851 3315 2058 3377 odium,
2111 3315 2233 3369 ω)ιί

664 3407 1031 3470 desiderium;
1061 3415 1115 3460 et
1139 3406 1272 3474 quid
1304 3422 1412 3459 non
1449 3407 1575 3460 inde
1602 3416 1811 3460 rectum
1841 3407 2084 3460 oriatur?
2115 3406 2236 3459 llam

668 3498 762 3551 Dei
806 3496 1059 3550 videlicet
1113 3497 1440 3552 inhabitatio
1490 3507 1616 3552 est:
1652 3498 1742 3550 uhi
1789 3513 1917 3551 vero
1955 3497 2119 3560 Deus,
2162 3499 2234 3552 ibi

668 3589 790 3641 fons
819 3587 1110 3650 bonorum,
1142 3603 1268 3656 pax,
1301 3590 1586 3658 gaudium,
1617 3590 1878 3645 charitas.
1911 3590 2110 3646 llortor
2140 3607 2236 3648 vos

666 3680 852 3748 itaque
901 3694 1002 3748 ego
1037 3679 1281 3743 humilis,
1330 3696 1436 3735 non
1482 3682 1549 3735 ad
1600 3697 1662 3736 ea
1710 3698 1832 3750 qua:
1879 3683 2234 3737 circumstant

666 3769 912 3838 exempla
944 3769 1161 3833 intueri,
1197 3771 1432 3825 maxime
1464 3786 1597 3824 vero
1642 3783 1748 3824 non
1793 3771 1858 3824 ad
1900 3773 2232 3835 simulatam,

666 3875 828 3928 quam
875 3861 1143 3929 pleneque
1187 3861 1451 3914 moniales
1502 3860 1817 3928 praeferunt,
1864 3864 2236 3916 conversatio-

669 3965 790 4004 nem
827 3951 1085 4019 tepidam,
1127 3961 1185 4004 ut
1218 3951 1291 4004 ita
1331 3951 1542 4018 loquar,
1596 3961 1650 4005 et
1681 3952 1965 4008 remissam
2001 3971 2014 4006 :
2043 3954 2136 4007 sed
2171 3955 2237 4007 ad

2328 1852 2446 1906 Ἔτι
2473 1853 2526 1906 δὲ
2559 1856 2958 1926 περισσοτέρως
3009 1857 3204 1926 ἥδομαι
3238 1857 3330 1909 καὶ
3373 1856 3581 1923 δοξάζω
3611 1861 3703 1913 τὸν
3741 1861 3897 1923 Θεὸν,

2327 1942 2612 2010 μανθάνων
2639 1945 2720 1997 ὅτι
2749 1947 3008 2014 ἀχραντοι
3049 1946 3490 2017 διαμεμενήκατε
3537 1949 3642 2008 ἕως
3674 1950 3769 2002 τοῦ
3803 1950 3902 2003 νῦν

2325 2033 2424 2096 τῆς
2458 2034 2565 2085 τῶν
2603 2036 2896 2105 αἱρετικῶν
2949 2039 3252 2100 κοινωνίας.
3311 2038 3486 2107 Καίγε
3546 2040 3627 2093 δεῖ
3661 2043 3784 2104 τοὺς
3831 2046 3904 2097 τὰ

2329 2123 2555 2194 σώματα
2597 2126 2852 2195 ἀνέπαφα
2907 2127 3151 2196 ἔχοντας,
3206 2129 3300 2181 καὶ
3355 2130 3499 2183 κατά
3559 2131 3659 2202 τὴν
3716 2135 3907 2188 πίστιν

2331 2213 2703 2282 παρθενεύειν.
2736 2218 2966 2286 Μοιχεία
3004 2218 3110 2287 γάρ
3141 2221 3308 2283 ἐστιν,
3348 2214 3393 2273 ῶ
3436 2223 3778 2290 πανσύνετοι,
3811 2229 3906 2278 καὶ

2326 2303 2386 2354 τὸ
2432 2304 2529 2374 τῆς
2567 2307 2852 2370 κοινωνίας
2892 2309 3175 2378 μετέχειν·
3207 2305 3274 2381 ἧς
3305 2312 3448 2381 ὑμᾶς
3499 2314 3702 2386 Rupta;
3740 2319 3905 2386 μέχρι

2327 2393 2516 2458 τέλους
2552 2396 2929 2468 διατηρήσειεν
2962 2400 3330 2469 ἐναψαύστους
3350 2419 3362 2432 ·
3398 2405 3427 2456 6
3449 2409 3906 2476 νυμφευσάμενος

2329 2485 2508 2556 ἑαυτῷ
2555 2487 2642 2540 διὰ
2680 2485 2776 2541 τοῦ
2825 2490 2966 2543 κατά
3015 2491 3113 2560 τὴν
3139 2492 3436 2562 παρθενίαν
3467 2497 3905 2565 ἐπαγγέλματος.

2330 2571 2500 2640 υῦτος
2548 2580 2576 2630 6
2633 2579 2848 2649 πρῶτός
2905 2598 2996 2648 μοι
3035 2580 3211 2650 λόγος.
3268 2585 3626 2641 Διδασκαλίαν
3660 2589 3716 2642 δὲ
3773 2590 3906 2658 παρ’

2331 2666 2464 2734 ἐμοῦ
2497 2665 2590 2719 τοῦ
2617 2669 2946 2738 ἁμαρτωλοῦ
2991 2671 3080 2726 ἱνα
3134 2675 3188 2727 τί
3219 2677 3494 2741 absentes;
3539 2679 3697 2746 ὑμεῖς
3729 2681 3906 2734 θεοδίι

2329 2755 2512 2809 δακτοί
2553 2759 2675 2811 ἐστε
2720 2762 2900 2830 χάριτι
2929 2763 3188 2833 Χριστοῦ.
3222 2767 3330 2820 Καὶ
3356 2768 3463 2838 γὰρ
3486 2769 3581 2821 καὶ
3605 2773 3670 2824 ὲκ
3703 2775 3909 2840 γονέων

2331 2845 2570 2898 εὐσεϐῶν
2609 2848 2936 2922 ἀμφότεραι,
2972 2854 3065 2906 καὶ
3115 2853 3314 2921 γνώσει
3359 2857 3712 2930 διαφέρουσαι
3741 2879 3760 2895 ο
3810 2865 3909 2916 καὶ

2331 2937 2410 3006 τῷ
2438 2937 2538 3008 βίῳ
2567 2939 2627 2991 τὸ
2678 2939 3018 2994 διδασκάλιον
3041 2943 3151 2997 τῶν
3174 2946 3403 3001 ἐντολῶν
3452 2951 3905 3021 προδαλλόμεναι,

2336 3028 2396 3082 Ei
2424 3029 2479 3082 δέ
2511 3047 2564 3083 τι
2588 3032 2679 3084 καὶ
2708 3033 2836 3101 παρ’
2860 3035 3016 3103 ήμῶν
3037 3035 3245 3088 δέοισθε
3274 3037 3385 3092 τῶν
3409 3039 3654 3110 ἀμαθῶν·
3683 3045 3710 3094 ό
3743 3044 3909 3110 φόϐος

2335 3121 2428 3173 τοῦ
2459 3123 2593 3176 Θεοῦ
2646 3124 2706 3176 16
2751 3126 3099 3194 ζητούμενον.
3125 3123 3291 3192 Οῦτος
3331 3131 3439 3202 γὰρ
3470 3133 3527 3185 ὲν
3561 3134 3758 3204 καρδία
3815 3135 3909 3187 δε-

2341 3213 2508 3281 χθεὶς,
2537 3216 2650 3282 φῶς
2681 3216 2913 3286 ἔλαμψε,
2936 3220 3002 3272 τά
3034 3219 3180 3290 παθη
3206 3221 3492 3290 ἐμείωσεν.
3530 3225 3618 3288 Ἐξ
3647 3220 3706 3279 οῦ
3741 3228 3914 3280 κατά-

2336 3305 2484 3368 νυξις
2511 3323 2524 3336 ·
2554 3307 2783 3377 δάκρυον
2815 3325 2828 3338 ·
2861 3313 3017 3380 μῖσος
3051 3314 3254 3383 κόσμου
3281 3332 3294 3345 ·
3325 3315 3588 3386 ἐπιθυμία
3619 3318 3870 3385 οὐρανῶν
3895 3336 3908 3347 ·

2338 3398 2429 3448 καὶ
2459 3397 2510 3448 τί
2542 3400 2648 3469 γὰρ
2695 3401 2757 3454 οὒ
2805 3403 2968 3456 καλὸν
3016 3406 3266 3459 ἐντεῦθεν
3308 3409 3691 3478 προσγίνοιτο;
3741 3411 3916 3464 Τοῦτο

2336 3485 2428 3540 οὖν
2452 3491 2598 3542 ἐστιν
2628 3493 2898 3564 ὲνοίκησις
2928 3496 3085 3549 Θεοῦ·
3124 3492 3185 3552 οὗ
3228 3499 3283 3552 δὲ
3306 3500 3458 3564 Θεὸς,
3490 3501 3606 3553 ἐκεῖ
3633 3503 3740 3554 τῶν
3771 3505 3912 3570 ἀγα-

2338 3582 2444 3632 θῶν
2502 3583 2533 3653 ἡ
2587 3585 2758 3655 πηγὴ,
2790 3589 3002 3659 εἰρήνη,
3037 3590 3202 3660 χαρά,
3231 3591 3442 3661 ἀγάπη.
3478 3593 3787 3662 Παρακαλῶ
3819 3594 3917 3649 οὗν

2339 3673 2481 3742 ὑμᾶς
2511 3675 2540 3726 6
2573 3681 2822 3742 ταπεινὸς
2844 3718 2859 3743 ,
2893 3684 2968 3750 μὴ
3001 3683 3137 3750 πρὸς
3167 3683 3237 3736 τὰ
3264 3683 3373 3738 τῶν
3419 3686 3647 3755 πλησίον
3676 3691 3915 3744 ἀποϐλέο

2339 3783 2460 3818 πειν
2495 3771 2909 3840 παραδείγματα
2927 3790 2941 3803 ·
2974 3776 3067 3825 καὶ
3093 3775 3328 3844 μάλιστα
3356 3777 3454 3846 τῆς
3481 3779 3831 3846 ἐπιπλάστως
3857 3787 3918 3836 ὲν

2338 3860 2457 3919 ταῖς
2476 3860 2752 3923 πλείσταις
2781 3861 2889 3914 τῶν
2917 3865 3262 3933 μοναζουσῶν
3291 3869 3733 3941 ὲπιδεδειγμένης
3762 3876 3919 3927 πολι-

2339 3952 2487 4011 τείας
2518 3953 2764 4021 χλιαρᾶς,
2805 3954 2871 4006 ἶν’
2900 3955 3071 4019 οὕτως
3099 3959 3260 4023 εἴπω,
3308 3961 3404 4013 καὶ
3458 3967 3878 4034 συγκεχυμένης
3902 3985 3914 3996 ·

665 4043 881 4112 egregia
923 4043 1276 4111 exemplaria,
1307 4059 1540 4112 quorum
1567 4046 1706 4098 vitas
1742 4046 1954 4099 habetis
1988 4062 2096 4115 pra:
2127 4063 2232 4100 mat

2339 4039 2474 4093 ἀλλὰ
2505 4047 2640 4111 πρὸς
2677 4045 2737 4096 τά
2766 4044 3053 4114 ἀρχέτυπα
3083 4048 3278 4118 κάλλη,
3313 4043 3388 4104 ὦν
3419 4053 3468 4104 οἱ
3499 4051 3604 4121 βίοι
3637 4055 3697 4107 ὲν
3729 4057 3919 4126 χερσὶν

668 4136 830 4189 nibus
860 4134 1046 4189 divino
1076 4133 1283 4203 passim
1319 4150 1504 4189 amore
1544 4147 1909 4192 coruscantes
1942 4156 1954 4191 :
1987 4140 2237 4206 quando-

665 4228 883 4295 quidem
921 4241 1021 4281 nec
1053 4227 1225 4294 pictor
1271 4241 1336 4280 ex
1368 4227 1731 4293 deformibus,
1782 4229 1876 4283 sed
1922 4245 1988 4283 ex
2023 4232 2237 4287 decoris

668 4319 996 4388 imaginibus
1030 4333 1096 4373 ac
1128 4326 1397 4373 vetustate
1443 4319 1758 4389 conspicuis
1809 4321 2098 4391 imaginem
2147 4339 2239 4377 ex-

666 4411 948 4480 presserit.

738 4522 882 4588 Quid
925 4523 980 4577 in
1025 4523 1133 4578 illis
1182 4524 1339 4578 vobis
1376 4527 1719 4595 exploratum
1765 4531 1868 4585 sit?
1908 4530 2120 4586 Solutio
2169 4533 2238 4586 ab

670 4614 959 4666 all‘ectuum
1011 4613 1268 4677 vinculis,
1316 4617 1493 4670 virilis
1551 4631 1804 4686 aspectus
1853 4621 1999 4690 fuga,
2057 4621 2236 4689 quoad

668 4706 790 4774 ejus
841 4705 957 4760 ﬁeri
1016 4714 1214 4774 potest,
1262 4706 1536 4762 demissus
1580 4709 1748 4762 animi
1807 4725 2020 4774 sensus,
2075 4713 2239 4766 vestis

670 4794 914 4857 sordida,
946 4793 1194 4863 deiectus
1226 4796 1279 4848 in
1316 4804 1516 4850 terram
1547 4798 1760 4859 oculus.
1790 4799 2013 4854 inutiles
2044 4815 2239 4853 narra-

671 4884 948 4939 tiunculas
983 4885 1135 4938 auris
1163 4883 1396 4946 evitans,
1431 4900 1492 4939 os
1522 4885 1700 4940 divina
1733 4887 1983 4957 loquens,
2027 4891 2240 4942 vexatio

673 4975 944 5044 corporis.
999 4973 1134 5029 Nam
1199 4975 1279 5029 sic
1333 4976 1561 5031 affectus
1617 4979 1801 5033 carnis
1853 4990 2239 5048 superarunt:

673 5065 1113 5135 quandoquidem
1159 5081 1285 5119 caro
1330 5069 1647 5136 concupiscit
1691 5071 1937 5123 adversus
1974 5072 2240 5138 spiritum,

673 5171 736 5212 ut
767 5157 1032 5226 scriptum
1067 5166 1152 5211 est
1173 5197 1188 5222 ,
1244 5159 1460 5226 spiritus
1497 5170 1670 5214 autem
1707 5162 1956 5215 adversus
1987 5179 2197 5215 carnem
2223 5178 2242 5214 :

676 5251 786 5302 hac
810 5249 950 5302 enim
987 5246 1087 5302 sibi
1118 5248 1340 5302 invicem
1370 5250 1721 5304 adversantur
1743 5253 1811 5316 ",
1843 5262 1897 5307 et
1933 5263 2015 5307 est
2042 5253 2241 5306 bellum

673 5340 1037 5409 implacabile.
1083 5340 1261 5406 Quare
1325 5343 1473 5394 omni
1527 5343 1615 5396 die
1656 5358 1877 5397 necesse
1921 5353 2024 5408 est,
2081 5359 2246 5413 prope

677 5433 906 5486 dixerim
937 5431 1087 5484 omni
1121 5430 1280 5496 hora,
1320 5431 1582 5486 adversus
1613 5434 1740 5486 vitia
1773 5444 1994 5488 strenue
2033 5451 2132 5489 nos
2163 5437 2246 5489 di-

677 5521 901 5582 micare,
949 5517 1058 5573 Deo
1090 5526 1367 5586 spectante
1396 5536 1459 5574 ac
1484 5523 1729 5589 iuvante,
1758 5534 1879 5592 post
1925 5526 2243 5577 diuturnum

2340 4131 2532 4200 ὑμῶν,
2606 4134 3154 4206 ἀστραπηφοροῦντες
3217 4141 3346 4203 τοὺς
3419 4141 3598 4207 θείους
3660 4144 3872 4214 ἔρωτας
3904 4165 3916 4178 ·

2341 4225 2462 4277 ἐπεὶ
2510 4226 2603 4278 καὶ
2648 4225 2938 4296 ζωγράφος
2992 4230 3094 4281 οὐκ
3145 4231 3209 4283 ἐκ
3259 4231 3500 4299 φαύλων,
3522 4235 3637 4289 ἀλλ’
3665 4235 3726 4300 ἐξ
3749 4237 3908 4305 ὼραῖσ

2344 4317 2556 4384 σμένων
2579 4320 2669 4370 καὶ
2696 4319 3018 4386 ἀρχαιότητι
3049 4321 3414 4392 διαφερόντων
3463 4327 3691 4378 εἰκόνων
3746 4345 3917 4396 μεταο

2344 4411 2603 4478 γράφοιεν
2633 4412 2836 4464 εἰκόνα.

2411 4522 2475 4572 Τί
2508 4518 2574 4590 ἦν
2604 4524 2662 4574 ὲν
2692 4524 2927 4586 ἐκείναις
2960 4526 3202 4591 γνωστὸν
3242 4527 3405 4595 ὐμῖνς
3452 4529 3618 4591 Λύσις
3672 4531 3784 4583 τῶν
3828 4534 3918 4586 δε-

2346 4611 2496 4677 σμῶν
2531 4613 2627 4680 τῆς
2663 4614 3055 4681 προσπαθείας·
3080 4617 3225 4686 φυγὴ
3254 4619 3548 4689 ἀρῤενικῆς
3577 4621 3758 4689 ὂψεως
3787 4625 3915 4678 ὅσον

2342 4701 2633 4772 ἐνδέχεται·
2663 4703 3138 4774 καταδεδλημὲνον
3163 4708 3437 4777 φρόνημα·
3473 4711 3701 4779 ρυπῶσα
3727 4715 3912 4786 ἐσθὴς,

2341 4794 2494 4862 ὄμμα
2546 4793 2695 4846 κάτω
2747 4796 3016 4858 νενευκός.
3053 4792 3159 4860 Οῦς
3208 4798 3411 4866 φεῦγον
3440 4799 3692 4872 ἀνωφελῆ
3746 4807 3918 4858 ἀκού.

2347 4901 2526 4952 σματα
2554 4899 2568 4912 ·
2604 4886 2776 4954 στόμα
2806 4885 2998 4938 λαλοῦν
3028 4885 3205 4951 ἔνθεα,
3241 4889 3603 4959 ὑπωπιασμὸς
3637 4894 3915 4963 σώματος,

2346 4972 2502 5025 Οὕτω
2530 4973 2637 5041 γὰρ
2666 4976 3042 5044 περιεγένοντο
3072 4975 3164 5028 τοῦ
3188 4977 3285 5046 τῆς
3317 4979 3516 5047 σαρκὸς
3542 4985 3915 5052 φρονήματος·

2346 5067 2574 5134 ἐπείπερ
2627 5067 2665 5133 ἡ
2707 5068 2861 5134 σὰρξ
2900 5068 3176 5137 ἐπιθυμεῖ
3215 5072 3364 5125 κατὰ
3403 5073 3506 5128 τοῦ
3549 5079 3922 5147 πνεύματος,

2346 5157 2420 5218 ὡς
2467 5156 2792 5226 γέγραπται·
2849 5159 2914 5210 τὸ
2941 5157 3010 5210 δὲ
3055 5159 3289 5228 πνεῦμα
3339 5163 3488 5216 κατὰ
3519 5163 3629 5232 τῆς
3658 5170 3919 5234 σαρκός·

2347 5247 2534 5300 ταῦτα
2582 5247 2648 5298 δὲ
2696 5248 3018 5302 ἀντίκειται
3073 5251 3406 5320 ἀλλήλοις·
3452 5255 3543 5307 καὶ
3603 5258 3924 5326 ἀκήρυκτος

2350 5340 2602 5407 πόλεμος.
2643 5341 2753 5392 Καὶ
2808 5341 2887 5392 δεῖ
2934 5343 3080 5411 ἡμᾶς
3131 5345 3312 5397 πᾶσαν
3358 5347 3591 5416 ἡμέραν,
3649 5351 3790 5402 εἴπω
3825 5355 3922 5404 καὶ

2349 5432 2519 5501 ῶραν,
2553 5432 2877 5484 ὁπλίσασθαι
2914 5433 3055 5486 κατά
3099 5435 3208 5487 τῶν
3258 5437 3446 5489 παθῶν
3476 5439 3743 5508 ἀνδρικῶς
3779 5447 3922 5511 μετὰ

2350 5524 2484 5577 Θεοῦ
2533 5525 2628 5578 καὶ
2661 5526 2757 5577 σὺν
2789 5523 2928 5593 Θεῷ,
2963 5527 3020 5578 ὲν
3066 5526 3245 5598 πολλῴ
3283 5528 3453 5594 ἀγῶνι
3500 5531 3768 5596 νικῶντας
3825 5539 3923 5589 τὸν

678 5619 954 5662 certamen
993 5609 1208 5664 hostem
1257 5612 1560 5680 vincentes,
1609 5616 1701 5683 qui
1747 5627 1988 5671 nostrum
2030 5631 2232 5684 semper

2353 5617 2560 5686 ἐχθρὸν,
2609 5615 2702 5667 16v
2756 5615 2844 5667 ἀεὶ
2877 5615 3113 5685 διψῶντα
3145 5619 3244 5685 τὴν
3295 5619 3573 5674 ἀπώλειαν
3618 5625 3774 5692 ἡμῶν
3809 5643 3819 5654 .
3859 5624 3922 5681 οὗ

678 5701 906 5754 exitium
953 5701 1069 5756 sitit
1098 5718 1115 5758 :
1147 5703 1306 5773 cujus
1349 5707 1529 5776 jacula
1593 5707 1795 5764 nullius
1844 5710 2060 5765 demdm
2123 5727 2232 5766 sun‘

2356 5711 2410 5764 αί
2472 5710 2732 5780 ρομφαῖαι
2791 5710 2869 5773 εἰς
2928 5708 3078 5771 τέλος
3118 5708 3363 5773 ἐξέλιπον
3407 5714 3519 5776 τοῖς
3565 5717 3924 5786 προσέχουσιν

751 5843 790 5872 ⁹¹
820 5841 998 5897 Galat.
1025 5859 1075 5908 v,
1112 5843 1198 5897 i7.
