4164 6508
267 455 406 521 1m
1457 410 1992 513 EPISTOLARUM
2042 457 2187 516 LIB.
2248 456 2321 515 ιι.
3381 464 3517 529 n73

259 563 541 632 ἀσφαλῶς.
591 562 705 615 Οὐκ
749 559 866 615 εστι
908 557 966 613 δὲ
1007 558 1083 631 μὴ
1124 560 1393 631 ἡττᾶσθαι
1444 562 1685 627 πάντως,
1746 562 1840 615 καὶ
1867 564 1903 620 Α

1871 564 1916 620 Α
1945 564 2156 617 roboris
2203 564 2256 617 in
2301 578 2397 618 eos
2440 563 2532 634 qui
2590 566 2695 621 sibi
2748 567 2938 624 sedulo
2986 570 3352 642 prospiciunt.
3397 575 3515 632 Non

260 651 623 725 πλήττεσθαι,
657 653 750 705 τὸν
776 651 1200 723 ἀγωνιζόμενον,
1252 654 1309 705 ἐν
1340 651 1483 723 λόγῳ
1511 654 1605 705 καὶ
1636 653 1840 723 ἐννοίᾳ,

1942 654 2208 721 contingit
2241 665 2423 709 autem
2471 671 2579 709 non
2610 659 2753 714 vinci
2783 661 3032 727 omnino,
3071 677 3135 718 ac
3166 664 3375 719 nullum
3408 670 3519 722 vul-

260 749 358 801 καὶ
390 749 448 798 ὲν
477 747 588 808 τοῖς
617 744 823 813 ὁμοίοις
856 746 967 807 τοῖς
1001 744 1076 815 μὴ
1110 743 1245 814 πρὸς
1281 743 1511 797 θάνατον
1539 744 1838 815 ἁμαρτίας·

1944 756 2049 796 nus
2084 744 2249 812 recipi
2280 744 2419 798 inter
2446 747 2826 815 praeliandum,
2853 753 3019 808 verbo
3049 754 3131 809 vel
3164 755 3514 826 cogitatione,

257 832 397 885 ἀλλά
428 832 489 884 τὺ
520 831 717 884 θᾶττον
737 831 1091 885 ἀναπαλαίειν
1119 832 1249 902 χρὴ,
1273 832 1367 885 καὶ
1387 834 1476 885 ἐπὶ
1500 834 1597 902 τῆς
1615 834 1842 905 δεούσης

1941 831 2169 899 aliisque
2202 832 2498 897 similibus,
2534 850 2657 904 qua:
2705 847 2935 893 mortem
2971 844 3177 910 peccati
3223 858 3332 899 non
3379 846 3518 901 infe-

260 923 516 976 ἵστασθαι
546 922 955 986 καταστάσεως.
980 925 1423 993 Παραπτώματα
1450 926 1558 994 γὰρ
1579 929 1669 993 τίς
1695 943 1843 980 συν-

1942 929 2069 974 ruut
2116 922 2257 976 :sed
2309 939 2489 993 pugna
2536 927 2825 983 confestim
2869 932 3284 1002 redintegranda
3311 978 3326 1000 ,
3363 945 3417 990 et
3462 938 3514 990 in

258 1016 438 1079 viast;
468 1017 575 1068 Kal
600 1015 684 1077 τίς
714 1017 1050 1085 καυχήσεται
1084 1016 1183 1085 τὴν
1212 1016 1393 1087 ψυχὴν
1448 1019 1622 1087 ἁγνὴν
1653 1020 1836 1089 ἐχεινς

1939 1014 2156 1081 pmpria
2210 1016 2447 1071 statione
2489 1018 2922 1075 consistendum.
2969 1022 3177 1078 Delicta
3221 1027 3357 1080 enim
3397 1029 3514 1097 quis

258 1106 373 1157 Kal.
424 1107 482 1156 ὲν
512 1104 690 1174 θλίψει
730 1106 831 1174 μὲν
856 1108 884 1158 ὁ
911 1107 971 1157 ἐν
1011 1106 1201 1176 Κυρίῳ
1248 1107 1357 1171 ζῶν
1380 1121 1396 1136 ’
1424 1108 1614 1179 ἐπειδὴ
1647 1110 1836 1178 στενὴ

1938 1104 2196 1173 intelliget
2226 1106 2314 1159 "‘2
2339 1105 2404 1160 Et
2433 1109 2557 1177 quis
2587 1109 2910 1179 gloriabitur
2937 1115 3179 1169 animum
3205 1130 3269 1170 se
3304 1127 3514 1172 castqu

255 1196 359 1247 xui.
412 1195 769 1264 τεθλιμμένη
803 1196 841 1264 ή
872 1194 1012 1260 ὁδὸς
1038 1195 1361 1265 ἀπάγουσα
1386 1199 1475 1263 είς
1500 1198 1616 1266 τὴν
1643 1198 1796 1268 ζωήν
1818 1215 1832 1230 ·

1937 1198 2166 1265 gerere?
2216 1194 2272 1251 ln
2328 1198 2685 1257 tribulatione
2743 1203 2933 1273 utique
2988 1214 3092 1270 est,
3144 1207 3238 1277 qui
3281 1209 3412 1263 vivit
3462 1211 3514 1263 in

256 1286 448 1355 ῶσπερ
502 1286 535 1354 ἡ
589 1284 805 1339 ἐναντία
838 1286 951 1348 τοῖς
979 1286 1265 1350 ἐναντίοις.
1307 1287 1436 1341 Ὅτε
1464 1288 1532 1342 ιδὲ
1571 1289 1716 1342 ἔλθοι
1776 1290 1837 1343 τὸ

1938 1285 2212 1342 Domino:
2244 1292 2689 1360 quandoquidem
2746 1306 2897 1349 arcta
2936 1306 2985 1350 et
3028 1308 3255 1368 angusta
3298 1302 3381 1353 oia
3438 1311 3514 1355 est

258 1377 435 1445 πέρας
455 1374 562 1427 τῶν
588 1374 836 1443 ἀγώνων,
868 1374 989 1427 τότε
1018 1369 1313 1438 εῖσεσθε,ιῖι
1342 1376 1550 1447 νύμφαι
1573 1379 1833 1449 Χριστοῦ,

1935 1389 2052 1447 (μιαν
2083 1380 2230 1434 ducit
2264 1381 2333 1433 ad
2372 1386 2535 1437 vitam
2559 1384 2607 1417 "
2641 1402 2654 1439 :
2683 1387 3141 1455 quemadmodum
3174 1391 3258 1444 via
3302 1402 3516 1445 contra-

256 1468 312 1517 τί
348 1444 705 1535 προεεένησεν
737 1465 926 1534 ὑμίνή
973 1463 1221 1518 πολιτεία
1248 1480 1261 1493 ·
1298 1444 1603 1536 ἀρθησεσθε
1626 1444 1743 1537 ϋγάρ
1777 1469 1835 1520 ἐν

1936 1444 2016 1521 ria
2047 1483 2077 1522 e
2112 1472 2414 1527 contrario.
2450 1473 2520 1529 At
2558 1489 2685 1530 cum
2716 1478 3083 1534 certaminum
3130 1481 3254 1535 finis
3281 1484 3514 1538 advene-

257 1558 406 1626 χαρᾷ
435 1555 785 1625 ἀνεκλαλήτῳ
803 1556 907 1608 ὑπὸ
924 1555 1144 1621 ἀγαθῶν
1165 1556 1418 1626 ἀγγέλων
1443 1575 1457 1588 ·
1483 1560 1577 1611 καὶ
1598 1558 1834 1612 εἰσελεύ-

1934 1557 2027 1622 rit,
2068 1572 2199 1613 tunc
2241 1560 2577 1632 intelligetis,
2610 1579 2644 1619 ο
2675 1578 2893 1633 sponsae
2935 1567 3161 1633 Christi,
3193 1568 3325 1639 quid
3358 1571 3514 1626 vobis

253 1645 415 1698 σεσθε
475 1647 552 1708 είς
606 1645 706 1716 τὴν
765 1644 1181 1715 ἀχειρότευκτον
1253 1647 1545 1717 παστάδα,
1597 1652 1677 1714 είς
1742 1650 1831 1705 τὸν

1938 1660 2194 1722 suscepta
2239 1652 2457 1708 vivendi
2507 1654 2649 1711 ratio
2698 1658 3033 1713 contulerit:
3070 1659 3321 1715 auferent
3366 1663 3511 1716 enim

249 1740 508 1807 οῦράνιον
539 1737 828 1808 νυμφῶνα,
869 1739 1099 1792 πάντοτε
1155 1740 1253 1795 σὺν
1287 1742 1478 1814 Κυρίῳ
1524 1746 1605 1809 είς
1657 1745 1831 1801 αἰῶνα

1931 1755 2031 1796 vos
2114 1742 2378 1799 sublimes
2438 1759 2561 1799 cum
2633 1745 2985 1804 inenarrabili
3067 1750 3252 1806 laetitia
3335 1753 3512 1823 angeli

249 1832 529 1900 ἐσόμεναι.
558 1826 667 1882 Ἦν
707 1831 804 1899 μὲν
834 1829 928 1882 καὶ⁵
954 1831 1118 1884 πλέον
1140 1849 1193 1884 τι
1221 1832 1399 1900 λέγειν
1434 1851 1450 1867 ·
1494 1836 1612 1889 ἀλλ’
1636 1837 1827 1910 ἐπειδὴ

1932 1832 2167 1902 optimi,
2222 1842 2277 1886 et
2321 1834 2374 1887 iu
2430 1834 2732 1890 thalamum
2785 1837 3167 1908 ingrediemini
3226 1855 3335 1895 non
3395 1857 3513 1895 ma-

252 1921 589 1991 στοχάξομαι
640 1920 1076 1993 ὑπερϐεϐηκέναι
1145 1924 1207 1976 τὸ
1278 1924 1477 1996 μέτρον
1540 1927 1640 1998 τῆς
1698 1930 1820 1984 ἐπι-
1859 1915 1896 1971 Β

1869 1915 1905 1971 Β
1937 1922 2246 1989 nufactum,
2295 1922 2350 1978 in
2397 1922 2675 1981 caelestem
2726 1937 2928 1994 torum,
2973 1946 3189 2001 semper
3235 1948 3358 1987 cum
3411 1934 3513 1988 Do-

250 2014 447 2083 στολῆς
479 2053 495 2079 ,
545 2011 778 2067 ἐνταῦθα
822 2013 1233 2085 καταπαύσοιμι
1287 2014 1380 2070 τὸν
1420 2017 1579 2087 λόγον
1606 2036 1623 2053 ο
1683 2022 1826 2095 ὑπὲρ

1934 2018 2083 2069 mino
2136 2015 2190 2069 in
2234 2031 2396 2072 omne
2440 2033 2615 2073 aevum
2655 2018 2879 2078 futurae.
2931 2021 3207 2078 Habebam
3257 2024 3509 2095 equidem

245 2098 314 2155 οὗ
342 2103 641 2173 χαρίσασθέ
686 2118 779 2175 μοι
824 2104 904 2176 τῷ
950 2106 1265 2179 ἁμαρτωλῷ
1322 2109 1424 2173 τὰς
1464 2110 1626 2181 ἁγίας
1671 2113 1828 2183 ὑμῶν

1930 2106 2086 2177 plura
2108 2107 2293 2163 dicere
2324 2126 2339 2163 :
2374 2109 2471 2165 sed
2507 2112 2770 2181 quoniam
2802 2114 2980 2170 sentio
3011 2131 3098 2171 me
3128 2117 3350 2171 modum
3393 2118 3510 2187 cpi;

246 2193 439 2265 εὐχάς.
1932 2195 2086 2251 stolae
2111 2211 2549 2267 supergressum,
2576 2201 2739 2255 linem
2775 2202 3049 2273 imponam
3084 2206 3211 2262 huic
3232 2208 3469 2262 sermoni
3494 2225 3508 2261 :

1931 2300 2031 2357 pro
2058 2302 2170 2357 quo
2210 2289 2345 2344 milii
2373 2292 2649 2361 peccaturi
2688 2304 2908 2351 sanctas
2936 2305 3146 2354 vestras
3180 2314 3368 2370 preces
3406 2298 3513 2354 im-

990 2408 992 2410 ,
1931 2380 2145 2443 pertite.

495 2478 582 2533 κ’.
613 2508 685 2521 -—
711 2479 998 2549 κακαριφ
1020 2479 1355 2552 ἡγουμένῳ.
1388 2480 1581 2556 [σκγαι

1448 2482 1581 2556 κγἰ]
2361 2499 2478 2558 XX.
2520 2500 2765 2558 Macario
2792 2506 3092 2573 prteposito.

1379 2593 1458 2645 De
1481 2595 1692 2658 quodam
1718 2602 2001 2668 praeposito,
2026 2606 2238 2673 aliisque
2264 2612 2433 2676 lapsis.

316 2699 384 2752 τί
413 2701 607 2763 ποιεῖς,
655 2691 700 2753 ὧ
746 2698 856 2753 θεῖε
898 2698 1103 2771 Πάτερ,
1163 2700 1358 2755 ἑαυτὸν
1408 2704 1684 2758 ταπεινῶν
1732 2706 1827 2759 τὸν

1997 2712 2139 2781 Quid
2181 2718 2321 2788 agis,
2356 2732 2392 2774 ο
2432 2718 2619 2775 divine
2662 2718 2846 2787 Pater,
2885 2736 3013 2777 cum
3059 2724 3291 2793 teipsum
3326 2726 3508 2798 depri-

244 2792 453 2863 ὑψηλδν
482 2794 549 2863 τῇ
579 2793 783 2863 ἀρετῇ·
816 2793 963 2864 κάμὲ
995 2792 1147 2862 ὑψῶν
1171 2793 1229 2847 ἐν
1260 2796 1375 2858 τοῖς
1412 2795 1619 2866 τιμίοις
1645 2796 1825 2867 λόγοις

1927 2806 2055 2870 mis,
2109 2808 2203 2876 qui
2255 2810 2511 2868 sublimis
2556 2825 2617 2866 es
2664 2811 2921 2868 virtute:
2963 2828 3029 2869 ac
3080 2829 3168 2870 me
3209 2817 3506 2874 honorifica

244 2900 366 2947 σου,
390 2883 483 2937 τὸν
511 2883 791 2953 χθαμαλὸν
822 2886 888 2954 τῇ
917 2884 1109 2952 κακίᾳ,
1136 2884 1212 2948 ὡς
1244 2885 1461 2957 μυρίοις
1490 2888 1689 2944 πάθεσι
1723 2909 1823 2945 πο-

1926 2894 2177 2951 oratione
2228 2905 2320 2953 tua
2368 2899 2608 2966 extollis,
2653 2900 2746 2970 qui
2785 2915 2911 2957 sum
2963 2903 3311 2973 improbitate
3358 2909 3507 2978 abje-

243 2974 633 3047 λιορκούμενον
667 2974 1048 3046 καθεκάστην;
1093 2976 1237 3045 Ἐγὼ
1288 2978 1469 3031 τοίνυν
1509 2980 1695 3045 δοῦλός
1729 3000 1823 3036 σου

1929 2996 2078 3050 ctus,
2114 2989 2317 3058 quippe
2347 2988 2657 3049 innumeris
2689 2993 2937 3062 quotidie
2966 2995 3109 3050 vitiis
3148 2974 3508 3067 profligatu's?

244 3068 344 3121 καὶ
398 3068 548 3130 παῖς,
581 3066 852 3138 μαθητιᾷν
885 3067 1086 3137 μᾶλλον
1118 3068 1431 3140 ἐφιέμενος,
1485 3071 1517 3142 ἢ
1550 3072 1825 3129 διδάσκειν
1852 3115 1888 3172 C

1865 3115 1894 3172 Β
1928 3075 2041 3147 Ego
2089 3078 2259 3145 igitur
2302 3096 2498 3137 servus
2544 3091 2696 3149 tuus,
2732 3098 2795 3140 ac
2833 3100 2970 3155 pene
3012 3103 3167 3156 puer,
3210 3089 3295 3143 cui
3314 3066 3509 3160 imajor

241 3157 567 3227 δυνάμενος.
596 3158 785 3227 Ὅμως
814 3161 846 3212 ὀ
868 3159 1090 3228 ἀγαθὸς
1120 3158 1431 3230 ἄνθρωπος
1454 3163 1523 3217 ἐκ
1548 3163 1654 3227 τοῦ
1676 3165 1823 3233 ἀγα·
1854 3157 1885 3172 “

1863 3157 1894 3172 "
1926 3167 2175 3223 discendi
2227 3172 2545 3241 cupiditas,
2598 3190 2765 3245 quam
2826 3177 3060 3234 facultas
3114 3180 3370 3237 docendi.
3420 3157 3507 3238 Ἀι

242 3250 355 3306 θοῦ
391 3251 698 3320 θησαυροῦ
748 3251 857 3320 τῆς
900 3253 1148 3321 καρδίας
1175 3254 1456 3310 ἐκϐάλλει
1492 3258 1565 3311 τὰ
1592 3259 1785 3327 ἀγαθά
1807 3277 1820 3291 ·

1925 3258 2089 3311 bonus
2132 3260 2287 3313 homo
2341 3263 2406 3316 de
2453 3263 2587 3317 bono
2637 3267 2881 3322 thesauro
2935 3272 3113 3326 cordis
3170 3275 3254 3326 sui
3304 3275 3506 3343 profert

241 3340 487 3405 τοιοῦτος
538 3344 601 3395 σὺ
662 3343 756 3395 καὶ
793 3344 1071 3415 ὁρώμενος
1132 3347 1224 3401 καὶ
1283 3348 1820 3419 ἀναγινωσκόμενος.

1926 3347 2063 3402 bona
2082 3349 2167 3403 ἐς
2211 3350 2528 3421 cujusmodi
2572 3364 2625 3409 tu
2657 3358 2878 3426 quidem
2913 3373 2967 3416 et
3001 3362 3204 3419 videris
3246 3340 3507 3435 etvagno-

244 3436 387 3506 napi.
408 3434 509 3504 μὲν
523 3434 618 3488 οῦν
640 3433 734 3487 τοῦ
755 3436 852 3503 τῆς
874 3438 948 3507 Δη
958 3439 1273 3508 μητριάδος,
1297 3440 1391 3493 κα)⁵
1412 3440 1521 3493 τῶν
1542 3442 1819 3512 μαθητῶν,

1925 3439 2121 3493 sccris.
2156 3440 2231 3495 De
2279 3442 2573 3509 praeposito
2602 3455 2786 3501 autem
2824 3448 3188 3509 Demetriadis
3229 3469 3295 3509 ac
3337 3433 3504 3511 disci-

242 3528 329 3581 ὅτι
366 3524 569 3595 ᾤχοντο
587 3544 601 3559 ο
630 3527 719 3581 ἵνα
747 3528 937 3597 γνοίης
961 3530 1025 3582 ὲκ
1064 3530 1174 3582 τῶν
1205 3532 1437 3601 καρπῶν
1466 3534 1526 3587 τὸ
1570 3534 1785 3605 δένδρον
1805 3553 1820 3567 ο

1923 3529 2069 3597 pulis
2103 3532 2223 3602 ejus
2269 3538 2415 3607 quod
2449 3539 2675 3607 quieris,
2720 3541 2952 3610 periisse
2984 3544 3147 3608 scito,
3188 3555 3245 3599 ut
3274 3562 3341 3600 ex
3389 3549 3505 3603 fru-

244 3617 345 3671 καὶ
372 3616 501 3688 εὔξῃ
531 3616 758 3683 ἐκείνοις
796 3618 897 3689 μὲν
934 3621 1245 3690 μετάνοιαν,
1282 3624 1408 3694 ἐμοὶ
1431 3624 1488 3678 δὲ
1526 3625 1605 3695 τῷ
1652 3627 1824 3697 ἀθλίῳ

1924 3622 2104 3679 ctibus
2152 3628 2405 3682 arborem
2462 3645 2729 3700 agnoscas
2785 3650 2800 3688 :
2857 3649 2922 3689 ac
2964 3649 3064 3704 pro
3118 3637 3230 3694 illis
3282 3640 3503 3714 quidem

243 3708 554 3779 στηριγμὸν
588 3708 726 3779 πρός
771 3726 832 3763 τε
884 3712 1010 3775 τοὺς
1041 3710 1416 3784 πολεμοῦντας
1463 3716 1713 3787 ἀοράτως
1763 3735 1822 3770 τε

1926 3709 2361 3778 resipiscentiam
2404 3717 2759 3787 depreceris:
2794 3736 2895 3791 pro
2929 3739 3015 3779 me
3058 3736 3240 3782 autem
3289 3708 3506 3787 infelice

243 3798 343 3849 ita“.
372 3797 697 3867 δρωμένως’
725 3797 800 3863 ὡς
820 3797 886 3853 ἂν
917 3802 1146 3854 κατόπιν
1180 3802 1473 3875 ἀξιωθείην
1499 3805 1675 3859 ἐλθεῖν
1710 3807 1820 3861 τῶν

1925 3797 2095 3851 robur
2149 3801 2414 3859 adversus
2460 3806 2649 3863 hostes
2699 3816 2813 3863 tum
2859 3810 3165 3871 invisibiles
3212 3826 3327 3872 tum
3375 3820 3507 3874 visi-

240 3888 365 3939 vuvl.
392 3888 606 3941 πάντων
636 3889 986 3960 δμολογητῶν
1019 3893 1261 3961 Χριστοῦ
1284 3910 1299 3925 ⁸
1347 3896 1689 3969 ὁμολογητὴς
1715 3898 1825 3971 γὰρ

1927 3885 2111 3944 biles:
2152 3902 2214 3946 ut
2259 3894 2506 3966 vestigiis
2556 3897 2816 3955 insistere
2863 3917 3079 3959 merear
3107 3910 3355 3964 omnium
3402 3912 3505 3968 hoc

247 3980 407 4042 πᾶ.ςὸ
437 3982 808 4053 ἐνιστάμενος.
859 3984 997 4055 Περὶ
1051 3984 1109 4037 δὲ
1163 3984 1273 4040 τῶν
1305 3985 1401 4041 δύο
1428 3988 1607 4044 ἄλλων
1656 4008 1825 4061 κεφα-

1923 3992 2041 4034 aevo
2081 3979 2290 4039 Christi
2349 3987 2733 4045 confessorum
2794 4009 2809 4046 :
2871 3994 3165 4053 confessor
3217 4001 3364 4056 enim
3420 4014 3505 4060 est

241 4072 433 4136 λαίων,
470 4074 714 4129 τοιοῦτον
757 4076 818 4129 τὸ
852 4077 1257 4149 παριστάμενον
1292 4096 1384 4149 μοι
1466 4080 1823 4153 ’Υπογράψας

1924 4070 2175 4143 quisquis
2216 4089 2277 4131 se
2317 4085 2548 4135 strenue
2584 4081 2747 4150 gerit.
2793 4081 2869 4138 De
2910 4086 3125 4144 duobus
3154 4091 3278 4147 aliis
3310 4095 3502 4165 capiti-

243 4163 621 4239 πρεσϐύτερος
663 4169 731 4237 τῇ
788 4167 1035 4238 ἀσεϐείᾳ,
1103 4172 1384 4239 μετανοεῖν
1435 4171 1665 4240 ὀφείλει,
1728 4174 1824 4226 καὶ

1924 4162 2052 4226 bus,
2100 4179 2249 4222 nunc
2298 4167 2431 4224 illud
2476 4173 2723 4227 occurrit
2770 4174 2978 4231 animo.
3032 4178 3136 4245 Qui
3178 4162 3503 4255 subscripsit

241 4256 600 4327 προσκλαίειν
639 4257 887 4329 θερμῶς*
940 4260 1363 4334 συγχωρηθῆναι
1403 4262 1552 4334 αὐτῷ
1582 4264 1643 4317 τὸ
1688 4265 1819 4318 ἀσέ-

1924 4252 2190 4325 impietati
2228 4257 2534 4331 presbyter,
2562 4262 2725 4318 debet
2765 4264 2813 4320 is
2842 4266 3024 4323 scelus
3054 4270 3275 4340 expiare
3306 4252 3500 4343 panis,

240 4345 399 4417 ϐημα
424 4361 437 4375 ·
468 4346 805 4417 λειτουργεῖν
842 4347 921 4412 δὲ,
952 4350 1059 4405 κᾶν
1104 4350 1166 4403 οὐ
1198 4352 1519 4425 μνημονεύῃ
1565 4353 1661 4408 τοῦ
1697 4356 1824 4409 ἀσε-

1921 4352 1977 4400 et
2007 4362 2256 4418 magnam
2300 4350 2406 4405 vini
2436 4353 2769 4422 profundere
2807 4357 3211 4430 lacrymaruui;
3248 4376 3307 4421 ut
3348 4368 3500 4423 venia

240 4436 354 4498 ϐῶς
378 4434 440 4507 [Γ.
458 4434 711 4508 ἀσεϐοῦς]
738 4452 753 4467 ·
777 4436 1053 4509 οὐδαμῶς,
1069 4438 1184 4491 ἀλλ’
1200 4440 1479 4511 εἴργεσθαι
1495 4442 1595 4512 τῆς
1614 4442 1819 4514 ἱερουρ.
1858 4446 1884 4504 li

1858 4436 2120 4504 [)deinde
2170 4437 2359 4511 ﬂagitii
2422 4443 2693 4500 tribuatur
2730 4465 2742 4501 :
2780 4457 2843 4503 ut
2888 4462 3073 4507 autem
3126 4470 3239 4510 rem
3285 4470 3498 4516 sacram

240 4528 396 4595 γίας·
421 4527 525 4592 ἕως
546 4528 613 4583 ἂν
638 4529 1051 4599 ἑπίδοιΚῦριος,
1076 4532 1168 4585 καὶ
1187 4531 1303 4603 δοίη
1321 4532 1511 4604 καιρὸν
1538 4534 1818 4607 ὁρθοδόξου

1924 4526 2127 4596 faciat;
2193 4534 2411 4589 etiamsi
2469 4536 2746 4594 hominem
2808 4541 3039 4612 impium
3092 4561 3203 4601 non
3260 4562 3501 4606 comme-

242 4618 465 4670 συνόδου
487 4634 502 4649 ·
525 4618 584 4670 ὲν
618 4612 906 4693 ᾖλήψεται
955 4617 1115 4692 [Reg.
1147 4623 1266 4676 cod.
1305 4622 1537 4695 ἕκαστα]
1592 4625 1818 4690 ἕκαστος

1922 4630 2136 4685 moret;
2190 4625 2418 4681 minime
2457 4642 2610 4695 sane,
2648 4632 2745 4686 sed
2776 4649 2806 4687 a
2836 4649 2998 4690 sacro
3045 4653 3271 4694 munere
3312 4642 3498 4710 prohi-

181 4770 187 4776 ,
238 4706 309 4760 τά
356 4708 476 4759 κατ’
509 4707 666 4773 ἀξίαν
707 4709 1025 4783 θεοκρίτως.
1070 4712 1210 4781 Ἐγὼ
1253 4714 1312 4767 δὲ
1364 4715 1738 4787 συμϐουλέυω,
1768 4719 1817 4771 εί

1920 4711 2134 4770 bendus
2161 4726 2267 4777 est.
2305 4719 2481 4775 donec
2512 4724 2816 4793 respexerit
2855 4725 3147 4794 Dominus,
3177 4706 3498 4804 dederitque

240 4798 477 4867 μετέσχε
510 4799 609 4866 τῆς
639 4799 873 4865 ἀσεϐοῦς
929 4802 1236 4868 κοινωνίας,
1273 4805 1333 4857 ὲν
1368 4806 1670 4879 μεταλήψει
1722 4808 1817 4862 καὶ

1922 4813 2137 4873 tempus
2169 4809 2378 4879 synodo
2405 4812 2743 4882 orthodoxae,
2774 4817 2829 4872 in
2851 4833 2958 4888 qua
2979 4820 3296 4879 admittetur
3324 4798 3494 4883 unus-

236 4887 352 4942 τῶν
382 4889 743 4959 ἀγιασμάτων
777 4891 1078 4962 ἀπέχεσθαι
1105 4892 1297 4964 μέχρις
1319 4894 1439 4959 ἐνὸς
1468 4895 1500 4967 ἢ
1523 4896 1667 4950 δυοῖν
1689 4899 1817 4969 χρό-

1917 4894 2151 4966 quisque
2169 4912 2269 4967 pro
2306 4902 2518 4969 merito,
2538 4912 2800 4975 tanquam
2824 4887 2890 4963 es
2908 4908 3001 4966 Dei
3023 4911 3254 4982 judicio.
3289 4916 3494 4973 Auctor

238 4995 374 5032 νοιν.
396 4979 707 5048 Γέγραπται
723 4982 831 5053 γάρ
846 4998 860 5012 °
884 4983 968 5036 Οὐ
990 4982 1259 5039 δύνασθε
1274 4984 1565 5054 ποτήριον
1590 4989 1815 5058 Kvplov

1898 5002 2048 5046 ,vero
2064 5003 2208 5055 sum,
2234 5001 2314 5060 ut,
2333 4994 2377 5049 si
2398 4998 2997 5071 communionisimpia:
3015 4979 3289 5075 particeps
3302 5007 3425 5077 fuit,
3438 5010 3492 5067 in

240 5070 463 5133 πίνειν,
481 5070 577 5123 καὶ
604 5071 890 5141 ποτήριον
913 5071 1236 5145 δαιμονίων
1252 5090 1268 5105 ο
1295 5076 1367 5131 οὐ
1388 5076 1655 5135 δύνασθε
1682 5098 1817 5150 τρα-

1918 5079 2266 5149 perceptione
2295 5085 2372 5137 rei
2391 5099 2561 5141 sacrae
2576 5070 2923 5148 sanctiﬁcatis
2939 5070 3102 5148 donis
3118 5070 3493 5155 abstineatan-

240 5160 425 5229 πέζης
453 5163 676 5230 Kvplov
690 5164 985 5234 μετέχειν,
1018 5165 1116 5219 καί
1147 5166 1437 5236 τραπέζης
1464 5167 1809 5240 δαιμονίων.

1916 5181 1987 5220 no
2010 5184 2120 5224 uno
2154 5180 2247 5226 aut
2275 5173 2468 5229 altero.
2490 5175 2763 5248 Scriptum
2779 5190 2864 5237 est
2897 5184 3044 5239 enim
3068 5201 3083 5216 ·
3124 5184 3249 5242 Non
3276 5193 3491 5254 potestis

240 5254 317 5307 Τὸ
345 5253 390 5306 δ’
414 5254 545 5307 αὐτὸ
574 5255 669 5308 καὶ
694 5255 788 5308 ἐπὶ
828 5256 938 5310 τῶν
982 5257 1340 5331 Ἐκκλησιῶν.
1377 5261 1471 5326 Τίς
1506 5260 1804 5331 συγκατά-

1915 5257 2131 5312 calicem
2152 5259 2365 5317 Domini
2388 5265 2580 5334 bibere,
2612 5278 2663 5323 et
2691 5270 2912 5327 calicem
2934 5274 3316 5333 da’moniorttm
3342 5296 3361 5335 :
3386 5298 3489 5337 non

236 5342 409 5404 οεσις
434 5338 559 5405 ναῷ
596 5340 746 5396 Θεοῦ
775 5344 928 5411 μετὰ
959 5344 1266 5410 εὶδώλωνς
1297 5346 1374 5400 Οὐ
1402 5346 1486 5399 δεῖ
1520 5346 1614 5402 οὖν
1647 5349 1813 5402 είσιέ-

1912 5351 2129 5416 potestis
2150 5368 2339 5408 meust:
2354 5354 2569 5411 Domini
2579 5363 2867 5427 participes
2882 5381 3015 5432 esse,
3028 5378 3077 5423 et
3097 5386 3286 5426 mensa:
3299 5373 3491 5430 damo-

233 5446 326 5483 ναι
373 5430 453 5492 εἰς
485 5429 555 5484 τά
589 5431 1006 5503 μαρτύριατῶν
1038 5435 1362 5505 αίρετικῶψ
1408 5437 1811 5505 προστέτακται

1915 5440 2122 5494 uiarum
2135 5442 2199 5497 ’⁸.
2226 5444 2371 5500 Idem
2390 5458 2445 5502 et
2464 5448 2532 5503 de
2548 5448 2810 5509 Ecclesiis
2830 5429 3203 5516 statuendum.
3219 5462 3350 5528 Quis
3364 5481 3488 5520 cott-

234 5519 367 5587 ἡμῖν
407 5518 513 5572 ὑπὸ
544 5520 641 5591 τῆς
690 5521 854 5589 ἁγίας
896 5523 1116 5576 συνόδου
1142 5539 1156 5554 ·
1192 5524 1295 5577 οὐκ
1356 5520 1475 5580 οἶδα
1522 5526 1573 5577 εί
1611 5526 1686 5596 μὴ
1720 5526 1809 5579 ἐπ’

1912 5548 2095 5586 sensus
2133 5537 2324 5605 templo
2370 5538 2466 5592 Dei
2517 5558 2638 5596 cum
2684 5545 2840 5600 idolis
2864 5548 2951 5602 “?
2994 5548 3162 5608 Nefas
3205 5518 3483 5625 igitur-vin

232 5608 485 5675 ἐξουσίαν
519 5612 719 5676 τελέως
742 5613 944 5681 γίνοιτο
976 5616 1004 5668 ὁ
1030 5617 1155 5677 ναὸς
1176 5615 1458 5685 ὀρθοδόξου
1487 5616 1582 5668 τοῦ
1609 5617 1808 5686 μηκέτι

1914 5620 2294 5678 haereticorum
2345 5631 2607 5701 martyria
2647 5633 2839 5702 pedem
2884 5636 3089 5694 inferre
3123 5659 3136 5695 :
3175 5608 3258 5698 si;
3294 5654 3484 5703 sancta

232 5698 670 5772 λειτουργεῖσθαι
698 5704 788 5773 ὑφ’
817 5704 1096 5776 αἱρετικοῦ
1118 5722 1130 5735 ·
1162 5706 1280 5759 τότε
1308 5709 1417 5778 γὰρ
1456 5706 1550 5760 καὶ
1576 5708 1805 5761 εἰσιτέον

1912 5714 2072 5769 nobis
2114 5717 2357 5787 synodus
2396 5698 2699 5793 praecepit:
2734 5727 2839 5782 nisi
2872 5727 3014 5785 forte
3051 5727 3481 5795 orthodosorutn

304 5836 517 5896 "Psal.
554 5856 707 5911 xvnt,
748 5844 832 5900 l5.
912 5845 1164 5901 "Matth.
1200 5863 1294 5913 vn,
1328 5848 1411 5903 H.
1528 5852 1571 5881 ²’⁶
1611 5848 1739 5904 Luc.
1781 5866 1851 5920 γι,
1890 5854 1948 5911 είέ

1528 5852 1571 5881 υ
1611 5848 1739 5904 Luc.
1781 5866 1851 5920 vn,
1890 5854 1980 5911 45.
2059 5858 2102 5888 ³⁵
2144 5856 2164 5913 ι
2198 5859 2323 5923 Cor.
2357 5880 2411 5931 ι,
2449 5864 2538 5921 20.
2616 5869 2661 5901 "
2701 5869 2718 5923 Ι
2755 5868 2883 5925 Cor.
2917 5887 2994 5936 γι.
3041 5874 3122 5929 16.
