4164 6468
711 375 847 442 1179
1895 401 1953 459 S.
1990 403 2379 468 THEODORI
2421 414 2763 478 S'l‘UDlT/E

704 488 848 540 :edes
880 502 987 541 non
1029 492 1253 546 omnino
1303 494 1354 547 in
1401 497 1637 552 alienam
1687 512 2008 571 potestatem
2052 518 2280 575 venerit.

704 681 752 721 et
804 668 1011 737 ingredi
1064 675 1370 732 orthodoxo
1424 679 1526 745 l'as,
1577 692 1631 737 et
1682 702 1796 739 rem
1850 705 2060 745 sacram
2112 697 2285 752 obire.

705 758 838 821 Quae
875 763 1096 830 quidem
1131 768 1250 821 sine
1296 772 1608 839 praeiudicio
1653 778 1795 832 dicta
1844 782 1954 834 sint
2003 785 2284 842 hactenus.

2395 795 2836 866 παραδείγματα.
2877 803 2990 872 Τῆς
3042 806 3140 876 σῆς
3185 809 3231 859 δ’
3274 813 3340 864 ἂν
3396 813 3481 885 εἴη
3523 795 3886 888 τελειότητος.
3916 831 3982 877 τά

707 847 798 903 Sic
843 867 944 922 ego
979 857 1224 922 humilis,
1260 858 1420 916 Pater
1452 865 1548 928 mi,
1581 871 1761 923 sentio
1790 888 1802 924 :
1839 874 2150 931 divinorum
2184 880 2286 933 Pa-

2396 886 2682 952 κρείττονα
2717 892 2812 943 καὶ
2839 892 3136 964 θεωρῆσαι,
3177 902 3270 953 καὶ
3295 905 3449 971 ἐμοῖς
3479 907 3722 975 ὄμμασιν
3756 886 3981 968 -ὐποδεῖο

707 950 848 995 trum
894 951 1141 1017 exempla
1173 968 1589 1022 recognoscens.
1634 960 1764 1016 Tua:
1794 979 1922 1019 vero
1960 972 2280 1036 praestantia

707 1031 869 1071 final-it
970 1041 1192 1071 naulin-n
1260 1052 1615 1071 -n-...--._|_,,s
1932 1061 1942 1071 .

2391 950 2500 1041 εει.
2544 980 2887 1051 Ἐρῤωμένος
2932 950 3027 1040 έαί
3080 950 3662 1067 ιναθλῶνΓιπὲρὶξοῠ
3707 1001 3980 1071 διαφυλα-

707 1031 904 1101 fuerit,
970 1041 1194 1096 meliora
1257 1052 1652 1120 contemplari.
1719 1071 1782 1109 ac
1841 1061 1976 1112 meis
2033 1063 2280 1116 exhibere

707 1125 879 1162 nnnlic
960 1127 1282 1162 ναιη...,ι;.υ.
1330 1140 1530 1162 ξυμ---
1595 1160 1683 1162 μία
1742 1145 1778 1162 λ
1936 1151 1965 1162 ..
2035 1152 2044 1160 .

2401 1031 2419 1041 _
2605 1031 2615 1050 .
2644 1031 2883 1051 r,-r__-,
2933 1031 3027 1040 η...
3080 1031 3318 1046 -.-πει-ιν
3354 1031 3493 1067 υιιςν
3526 1031 3662 1052 υςυυ
3707 1031 3980 1071 iunguntu-

2389 1069 2575 1139 χθείης
2609 1090 2697 1142 μοι
2722 1074 2801 1127 ἔτι
2830 1092 2844 1106 ο
2881 1079 2908 1129 ὁ
2945 1078 3274 1146 ἐξάκουστος
3309 1087 3366 1138 ὲν
3395 1089 3675 1158 Πατράσιν
3701 1108 3715 1122 ·
3739 1093 3883 1162 ὁμοῦ
3925 1115 3980 1150 τε

705 1125 904 1182 oculis.
960 1127 1283 1190 Valetudine
1330 1140 1536 1210 integra
1593 1160 1692 1212 pro
1740 1145 1849 1202 Deo
1916 1151 2186 1207 dimicans
2231 1164 2280 1210 ιυ

711 1218 837 1253 mihi
874 1229 989 1253 acln
1027 1223 1314 1253 :nnnt.....:..
1374 1245 1398 1253 ,ι
1436 1233 1572 1253 :__.__
1605 1233 1642 1253 n
1685 1246 1695 1253 .
1886 1239 1896 1253 .
1938 1241 1948 1253 .
2041 1242 2070 1253 _.
2142 1243 2152 1253 .

2533 1125 2572 1139 --
2609 1125 2621 1142 ι
2790 1125 2798 1127 ν
2886 1125 2903 1129 ν
2946 1125 3270 1146 -ν---νη-ντ
3309 1125 3364 1138 -ν
3395 1125 3506 1140 ut...
3552 1125 3674 1142 ..νιν
3739 1125 3786 1144 υ-
3820 1125 3883 1147 υυ
3925 1125 3980 1150 π

2390 1125 2484 1213 καὶ
2515 1161 2955 1234 ὑπερευχόμενός
3003 1188 3105 1238 μου
3145 1172 3246 1242 τῆς
3273 1125 3648 1246 ἀναξιότηντος,
3684 1181 3747 1234 τὸ
3777 1125 3894 1253 Tito
3926 1188 3984 1250 ἐξ

710 1218 838 1270 mihi
874 1229 989 1274 esto
1027 1223 1337 1291 incolumis,
1370 1245 1402 1283 o
1435 1233 1575 1286 inter
1603 1233 1792 1289 Patres
1819 1239 2283 1298 celebratissime:

705 1305 868 1359 simul
899 1318 951 1362 et
979 1326 1077 1379 pro
1104 1330 1188 1367 me
1215 1317 1438 1387 indigno
1466 1338 1632 1376 orans
1662 1329 1859 1394 partim
1891 1345 1954 1382 ex
1994 1332 2280 1398 charitate.

704 1399 902 1463 partim
937 1417 1066 1457 vero
1099 1416 1157 1458 ut
1191 1408 1290 1477 legi
1325 1411 1396 1462 ita
1431 1417 1766 1484 praecipienti
1803 1419 2170 1492 obtemperes.

705 1507 845 1565 XXI.
871 1545 940 1554 --—-
965 1514 1263 1593 Theodorus
1312 1524 1376 1578 iis
1423 1529 1514 1595 qui
1543 1541 1756 1594 propter
1786 1532 2066 1588 Dominum
2112 1537 2164 1590 in
2207 1539 2290 1592 di-

773 1603 933 1658 versis
964 1611 1262 1666 carceribus
1305 1615 1606 1672 detinentur
1637 1623 1895 1689 fratribus
1935 1628 2140 1682 dilectis
2185 1646 2287 1684 sa—

775 1691 938 1748 lutem
977 1696 1076 1767 (⁸).

2386 1253 2629 1324 ἀγάπης,
2661 1256 2721 1308 τὸ
2749 1256 2803 1310 δὲ
2825 1260 2918 1312 καὶ
2939 1261 3026 1314 διὰ
3064 1261 3161 1332 τὴν
3191 1265 3519 1322 κελεύουσαν
3542 1271 3794 1343 ἐντολήν.

2392 1541 2524 1595 KA'.
2557 1571 2626 1581 —
2665 1543 2963 1612 Θεόδωρος
3002 1545 3123 1612 τοῖς
3168 1547 3267 1603 διὰ
3311 1552 3529 1618 Κύριον
3560 1553 3630 1608 ἐν
3663 1555 3976 1626 διαφόροις

2460 1635 2763 1702 φυλακαῖς
2831 1637 3221 1707 τηρουμένας
3283 1643 3570 1713 ἀδελφοῖς
3635 1649 3975 1719 ἀγαπητοῖς

2461 1728 2714 1796 χαίρειν.
2745 1727 2894 1802 [σλ’.]

1715 1823 1788 1874 De
1812 1827 1995 1877 sanctis
2020 1828 2334 1891 imaginibus.
2364 1834 2566 1897 (Baron.
2592 1850 2669 1885 an.
2699 1837 2811 1898 816,
2837 1851 2886 1888 ιι,
2915 1838 3018 1901 27.)

775 1919 1046 1984 Quidnam
1081 1922 1194 1978 hazc
1235 1925 1312 1981 rei
1345 1936 1496 1994 sunt,
1543 1945 1664 1999 quae
1693 1934 1984 1991 videmus?
2019 1941 2276 2008 gaudium

2454 1945 2520 1998 Τί
2551 1946 2618 2000 τά
2652 1947 2896 2016 παρόντα
2921 1965 2934 2013 ;
2976 1951 3121 2020 χαρά
3151 1954 3243 2006 καὶ
3274 1953 3617 2022 ἀγαλλιασιςο
3649 1975 3731 2012 οτι
3775 1963 3835 2013 ὲν
3856 1966 3969 2027 τοῖς

702 2021 756 2063 et
777 2012 1075 2067 exsultatio
1101 2031 1115 2078 ;
1145 2018 1404 2084 quoniam
1439 2025 1697 2092 martyria
1728 2041 1827 2094 pro
1854 2027 2077 2085 Christo
2101 2033 2285 2088 subire

701 2103 908 2169 dignati
955 2104 1202 2165 fuimus;
1238 2111 1361 2178 quia
1411 2117 1726 2172 carceribus
1760 2128 1814 2173 ct
1850 2125 2137 2178 tormentis
2173 2136 2284 2180 tra-

701 2194 803 2247 diti
835 2211 1027 2251 sumus
1059 2211 1280 2268 propter
1307 2203 1396 2256 Dei
1431 2208 1656 2262 verbum
1685 2227 1699 2264 :
1738 2215 1998 2280 quoniam
2032 2217 2202 2286 plagis
2228 2227 2285 2272 et

701 2291 1054 2344 contumeliis
1104 2303 1325 2362 propter
1353 2296 1632 2353 Christum
1670 2305 1761 2370 qui
1808 2321 1906 2373 pro
1953 2310 2111 2364 nobis
2157 2326 2282 2365 ver-

705 2378 857 2439 bera,
944 2385 1263 2451 opprobria,
1330 2403 1546 2444 crucem
1609 2395 1844 2465 denique
1914 2415 2111 2467 passus
2176 2412 2280 2469 est,

698 2471 896 2525 subditi
968 2491 1182 2531 sumus.
1254 2478 1388 2545 Quis
1475 2499 1581 2537 non
1658 2487 1842 2543 laudet
1900 2493 2102 2559 ?Quis
2172 2512 2278 2551 nou

699 2563 884 2631 gloriae
935 2568 1143 2622 ducat?
1189 2570 1383 2629 Oriens
1430 2575 1667 2643 laztatur,
1723 2584 1925 2651 gaudet
1975 2586 2276 2653 OCCidCIIS,

700 2657 971 2712 universa:
1025 2677 1120 2729 per
1169 2673 1408 2731 quatuor
1459 2671 1646 2724 mundi
1704 2675 1955 2730 cardines
2003 2681 2281 2733 exsultant

699 2745 976 2802 Ecclesize.
1009 2752 1075 2804 Et
1105 2754 1234 2822 quid
1268 2767 1542 2813 terrenum
1573 2762 1756 2815 orbem
1801 2766 2038 2835 loquor?
2067 2769 2277 2825 Casium

699 2835 875 2902 ipsum
925 2844 1125 2909 gaudio
1161 2849 1422 2914 repletum
1475 2862 1558 2905 est
1595 2869 1610 2906 :
1645 2860 1788 2923 quod
1826 2873 1931 2910 non
1979 2861 2154 2914 solum
2187 2879 2277 2917 su~

699 2941 917 2994 premus
958 2934 1262 2990 antistitum
1307 2950 1645 3002 nostrorum.
1693 2948 1934 3017 episcopi
1981 2967 2045 3004 ac
2091 2969 2275 3008 sacer-

697 3017 870 3080 dotes,
901 3023 1157 3088 praesides
1182 3030 1555 3086 ccenobiorum
1581 3044 1635 3088 et
1657 3036 1931 3106 discipuli,
1954 3042 2049 3095 sed
2079 3054 2131 3097 ct
2161 3059 2278 3098 mo-

699 3109 887 3162 nachae
919 3128 1042 3166 cum
1083 3121 1542 3178 moderatricibus
1591 3128 1708 3184 suis
1758 3132 2006 3199 martyrii
2038 3135 2276 3190 stadium

699 3198 961 3266 ingressae
992 3217 1139 3258 sunt.
1174 3206 1331 3264 Mitto
1371 3213 1492 3267 illos
1526 3215 1707 3271 dicere
1742 3221 1834 3286 qui
1867 3198 1918 3273 in
1961 3224 2192 3281 desertis
2225 3236 2279 3283 et

699 3292 998 3356 montibus,
1027 3295 1080 3348 in
1113 3299 1388 3365 speluncis
1409 3313 1462 3356 et
1491 3305 1542 3356 in
1571 3311 1823 3364 cavernis
1857 3323 2033 3378 terrae,
2063 3321 2280 3375 exsules
2306 3293 2350 3353 C

699 3379 1035 3450 alniguntur,
1075 3387 1313 3457 inOpiam
1350 3395 1637 3461 patiuntur
1667 3409 1720 3453 et
1754 3397 1906 3457 dura'
1933 3421 2032 3474 pro
2063 3408 2282 3466 Christo

699 3477 1080 3540 persecutione
1126 3495 1412 3540 vexantur.
1453 3487 1647 3545 Merito
1697 3493 1901 3564 itaque,
1949 3500 2136 3568 fratres
2181 3506 2280 3556 mei

698 3564 881 3618 dilecti
905 3578 955 3621 et
986 3568 1455 3642 desideratissimi,
1496 3584 1749 3650 gaudium
1774 3597 1822 3639 et
1855 3564 2053 3641 corona
2083 3607 2194 3644 mea
2213 3595 2278 3658 ”,

699 3658 914 3724 gaudeo
944 3670 997 3714 et
1032 3669 1387 3734 congratulor
1417 3673 1592 3729 vobis.
1626 3675 1863 3746 ldipsum
1892 3690 2071 3734 autem
2100 3694 2154 3737 et
2185 3700 2281 3740 vos

700 3747 931 3813 gaudete
988 3760 1042 3805 et
1090 3761 1548 3825 congratulamini
1618 3767 1774 3821 mihi.
1853 3769 2002 3824 Beati
2058 3776 2277 3844 quidem

701 3838 856 3893 Pauli
893 3853 1023 3898 sunt
1058 3843 1171 3900 lucc
1201 3851 1388 3915 verba,
1427 3854 1518 3906 sed
1553 3854 1682 3910 huic
1711 3863 1941 3928 tempori
1973 3838 2282 3934 congruen-

701 3930 773 3983 tia
801 3948 813 3982 :
851 3932 1045 3988 Omnia
1079 3937 1349 4007 siquidem
1385 3944 1454 3995 ad
1492 3957 1728 4000 nostram
1757 3951 2057 4009 doctrinam
2082 3961 2278 4028 scripta

698 4037 820 4079 sunt
841 4027 909 4094 ’°,
955 4037 1010 4082 et
1043 4030 1343 4089 imitatores
1390 4038 1474 4090 sui
1522 4055 1622 4094 nos
1650 4057 1773 4098 esse
1802 4046 2127 4105 obtestatur.
2162 4053 2280 4110 Pri-

700 4133 849 4171 mum
875 4136 1007 4191 ergo
1033 4122 1162 4178 illud
1190 4140 1312 4181 vere
1341 4129 1595 4196 dixerim,
1629 4149 1736 4188 non
1767 4151 2034 4206 quantum
2067 4145 2276 4212 volunt,

696 4212 1038 4282 cupiuntque
1092 4215 1126 4268 ii
1180 4220 1273 4286 qui
1326 4234 1428 4275 nos
1484 4233 1703 4288 vexant,
1757 4233 2021 4288 aerumnis
2057 4245 2111 4289 et
2143 4238 2278 4292 alni-

695 4303 975 4359 ctiouihus
1034 4321 1135 4362 nos
1167 4311 1362 4378 premi.
1415 4310 1508 4368 Sic
1552 4317 1698 4370 enim
1738 4320 2099 4384 intolerabilis
2141 4329 2280 4388 foret

698 4397 928 4452 tentatio
963 4415 978 4452 :
1015 4401 1194 4469 qualis
1223 4417 1344 4472 quae
1389 4421 1419 4460 a
1469 4407 1814 4469 daamonibus
1863 4419 2076 4476 occulte
2120 4425 2280 4482 nobis

697 4485 932 4542 infertur
963 4503 978 4541 :
1011 4491 1103 4544 sed
1131 4503 1396 4561 quantum
1436 4501 1704 4566 permittit
1731 4509 2045 4565 certaminis
2078 4528 2278 4580 praeses

2390 2036 2530 2106 ὑπὲρ
2575 2037 2812 2108 Χριστοῦ
2853 2043 3175 2112 μαρτυρίοις
3223 2046 3471 2101 ὲναθλεῖν
3516 2048 3810 2119 ὴξιώμεθα
3836 2067 3850 2082 °
3889 2056 3969 2107 ὅτι

2387 2128 2656 2195 φυλακαῖς
2685 2146 2744 2182 τε
2768 2131 2861 2184 καὶ
2890 2133 3101 2202 θλίψεσι
3129 2135 3219 2189 διά
3237 2137 3328 2189 τὸν
3361 2137 3519 2206 λόγον
3546 2141 3638 2193 τοῦ
3667 2142 3806 2196 Θεοῦ
3831 2163 3970 2216 παρ-

2388 2220 2653 2292 εδόθημεν
2678 2240 2693 2255 ο
2741 2224 2823 2277 ὅτι
2861 2225 3099 2296 πληγαῖς
3135 2245 3193 2281 τε
3231 2231 3325 2283 καὶ
3367 2231 3558 2301 ὕϐρεσι
3594 2233 3683 2286 διὰ
3727 2237 3968 2307 Χριστὸν

2384 2313 2475 2367 τὸν
2494 2315 2632 2384 ὑπὲρ
2658 2318 2814 2386 ἡμῶν
2835 2319 3201 2389 μαστιχθέντα
3221 2324 3315 2374 καὶ
3341 2324 3708 2381 ὀνειδιοθέντα
3727 2346 3739 2358 ·
3774 2330 3965 2384 ἔπειτα

2385 2407 2476 2458 καὶ
2513 2409 2900 2476 σταυρωθέντα
2940 2411 3350 2484 ὑπεδλήθημεν.
3385 2417 3482 2478 Τίς
3531 2418 3634 2471 οὐκ
3687 2421 3960 2487 αίνέσειε;

2383 2498 2467 2560 τίς
2493 2497 2554 2550 οὑ
2584 2497 2896 2567 δοξάσειεν;
2935 2503 3194 2575 Ἀνατολὴ
3218 2505 3428 2576 ἥδεται,
3457 2508 3622 2574 Δύσις
3667 2511 3962 2580 εὐφραίνε-

2382 2606 2506 2641 ται·
2553 2592 2706 2644 πάσα
2779 2593 3076 2666 Ἐκκλησία
3131 2598 3233 2668 τῆς
3271 2604 3688 2673 τετραπεράτου
3728 2605 3962 2667 κτίσεως

2384 2681 2698 2748 ἀγάλλεται.
2738 2685 2848 2738 Καὶ
2887 2688 2940 2739 τί
2976 2687 3120 2757 λέγω
3151 2691 3243 2743 τὸν
3288 2694 3573 2764 περίγειον
3609 2697 3854 2763 κόσμον;
3901 2697 3958 2750 Ὀ

2381 2774 2612 2843 οὐρανὸς
2638 2777 2802 2840 αὐτὸς
2844 2778 3116 2850 θυμηδίας
3150 2783 3548 2854 πεπλήρωται’
3581 2788 3663 2838 ὅτι
3701 2787 3763 2839 οὐ
3795 2789 3957 2858 μόνον

2381 2867 2408 2916 ὁ
2442 2869 2737 2934 κορυφαῖος
2779 2869 2889 2923 τῶν
2921 2871 3044 2925 καθ’
3070 2874 3217 2944 ἡμᾶς
3257 2876 3549 2947 ίεραρχῶν,
3596 2879 3851 2950 ἱεράρχαι
3901 2900 3959 2936 τε

2382 2959 2478 3011 καὶ
2529 2960 2718 3030 ἱερεῖς,
2748 2963 3126 3035 καθηγεμόνες
3148 2984 3206 3020 τε
3245 2969 3341 3020 καὶ
3376 2970 3653 3040 φοιτηταὶ,
3686 2973 3826 3027 ἀλλά
3869 2977 3959 3028 καὶ

2385 3051 2716 3121 μονάζουσαι
2756 3057 2853 3108 σὺν
2897 3058 3293 3126 προεστώσαις,
3321 3061 3527 3115 εἴλοντο
3567 3064 3633 3117 τά
3677 3066 3779 3136 τῆς
3815 3085 3957 3138 μαρ-

2381 3144 2574 3213 τυρίας
2609 3147 2928 3214 σκάμματα.
2985 3148 3089 3200 Ἐὦ
3111 3149 3294 3218 λέγειν
3321 3153 3451 3217 τοὺς
3477 3155 3536 3208 ὲν
3563 3156 3829 3227 ὲρημίαις
3863 3160 3957 3212 καὶ

2383 3235 2556 3303 ὄρεσι,
2593 3239 2688 3290 καὶ
2721 3237 3033 3307 σπηλαίοις,
3074 3244 3168 3296 καὶ
3223 3246 3345 3307 ταῖς
3381 3247 3543 3311 ὀπαῖς
3593 3250 3692 3320 τῆς
3738 3253 3864 3322 γῆς,
3896 3255 3955 3304 ὲκ

2385 3328 2684 3395 φυγαδείας
2737 3329 3108 3401 θλιϐομένους,
3155 3333 3610 3408 ὑστερουμένους,
3656 3360 3954 3412 κακουχουι

2387 3418 2582 3486 μένους
2615 3419 2703 3473 διά
2735 3422 2825 3475 τὸν
2854 3425 2994 3494 ὑπὲρ
3023 3427 3261 3496 Χριστοῦ
3284 3430 3546 3500 διωγμόν.
3569 3435 3811 3499 Είκότως
3840 3435 3954 3498 οὖν,

2381 3507 2635 3579 ἀδελφοί
2673 3529 2791 3580 μου
2824 3515 3194 3586 ἠγαπημένοι
3239 3521 3337 3573 καὶ
3385 3521 3753 3590 ἐπιπόθητοι,
3804 3529 3956 3594 χαρὰ

2385 3599 2485 3653 καὶ
2517 3603 2822 3672 στέφανός
2846 3624 2986 3675 μου,
3017 3609 3194 3680 χαίρω
3230 3611 3327 3665 καὶ
3378 3614 3660 3683 συγχαίρω
3691 3615 3825 3684 ὑμῖν
3850 3633 3863 3647 ⁸
3899 3620 3954 3670 τὸ

2381 3689 2426 3742 δ’
2453 3693 2584 3745 αὐτὸ
2598 3697 2690 3746 καὶ
2709 3696 2867 3764 ὑμεῖς
2885 3699 3103 3769 χαίρετε
3133 3701 3226 3754 καὶ
3245 3705 3570 3774 συγχαίρετέ
3597 3723 3709 3775 μοι.
3741 3708 3952 3762 Παύλου

2385 3781 2486 3852 μὲν
2507 3783 2601 3836 τοῦ
2629 3788 2903 3857 μακαρίου
2933 3791 2988 3844 αι
3008 3792 3183 3858 φωναί
3203 3808 3216 3821 °
3239 3791 3318 3862 τῷ
3336 3795 3511 3864 καιρῷ
3532 3796 3588 3848 δὲ
3610 3798 3948 3868 πρέπουσαιο

2395 3874 2637 3944 Ἐπειδὴ
2667 3880 2754 3943 είς
2803 3880 3101 3948 ἡμετέραν
3143 3885 3473 3939 νουθεσίαν
3513 3887 3711 3944 πάντα
3746 3891 3948 3961 γέγρα-

2381 3979 2521 4019 πται
2547 3981 2562 3996 ο
2594 3967 2690 4020 καὶ
2713 3971 2958 4040 μιμητάς
2985 3971 3150 4027 αὑτοῦ
3191 3975 3482 4047 ὲκλιπαρεῖ
3512 3978 3756 4046 γίνεσθαι
3787 3983 3948 4053 ἡμᾶς.

2381 4058 2607 4129 Πρῶτον
2655 4061 2754 4131 μὲν
2813 4064 2991 4117 ἐκεῖνο
3041 4066 3240 4138 ἀληθὲς
3276 4070 3488 4122 εἰπεῖν’
3542 4073 3625 4126 ὅτι
3685 4075 3785 4145 οὐχ
3834 4078 3950 4129 ὅσον

2379 4154 2770 4225 προαιροῦνται
2800 4160 2893 4212 καὶ
2927 4158 3210 4229 βούλονται
3237 4165 3287 4217 οι
3315 4164 3613 4231 κακοῦντες
3634 4170 3812 4238 ἡμᾶς,
3837 4173 3948 4233 ταῖς

2380 4245 2592 4316 θλίψεσι
2623 4250 2716 4302 καὶ
2751 4253 3104 4321 περιστάσεσι
3153 4256 3579 4328 παραδιδόμεθα.
3641 4260 3801 4313 Οὕτω
3843 4263 3947 4329 γάρ

2381 4337 2448 4390 ἂν
2475 4339 2798 4403 ἀνύποιστος
2847 4337 2915 4411 ἦν
2964 4345 2997 4412 ἡ
3029 4346 3198 4413 πεῖρα
3223 4362 3236 4376 ’
3267 4345 3410 4398 καθὰ
3445 4349 3542 4400 καὶ
3597 4349 3628 4416 ἡ
3655 4347 3806 4416 παρά
3846 4348 3949 4400 τῶν

2377 4429 2650 4500 δαιμόνων
2675 4432 2922 4503 ἀοράτως
2949 4435 3082 4504 ἡμῖν
3122 4435 3542 4506 προσϐάλλουσα
3562 4455 3575 4470 ⁸
3646 4438 3786 4492 ἀλλά
3820 4439 3949 4491 καθ-

2379 4522 2503 4575 όσον
2532 4527 2855 4594 παραχωρεῖ
2900 4528 2928 4579 ὁ
2975 4527 3331 4594 ἀγωνοθετῶν
3365 4531 3462 4582 καὶ
3501 4529 3779 4583 συναθλῶν
3820 4532 3949 4601 ἡμῖν

694 4585 750 4629 et
781 4577 1052 4648 particeps
1100 4581 1386 4638 nobiscum
1426 4585 1706 4657 Christus,
1753 4595 1842 4660 qui
1876 4611 1976 4662 pro
2009 4577 2275 4673 cuiusque

2383 4577 2636 4683 XPtGTkl,
2667 4577 2854 4684 μετρψ
2879 4577 3228 4689 καὶ-σταθμῷ
3254 4619 3356 4689 τῆς
3380 4622 3615 4675 ἑκάστου
3645 4577 3948 4690 δυνάμεως,

696 4667 897 4722 virium
932 4671 1154 4728 modulo
1200 4690 1266 4731 ac
1315 4692 1598 4750 mensura,
1643 4683 1794 4752 justo
1829 4687 2037 4756 judicio
2068 4710 2273 4765 agones

696 4757 960 4820 immittit.
1014 4762 1099 4816 vel
1149 4765 1216 4818 ad
1263 4765 1588 4824 delictorum
1640 4773 1961 4844 vindictam,
2015 4781 2061 4835 si
2104 4757 2274 4840 inodo

694 4860 889 4918 sponte
931 4853 996 4906 a‘d
1037 4855 1351 4922 patiendum
1384 4863 1720 4931 accedimus,
1754 4869 1836 4922 vel
1865 4871 1931 4924 ad
1969 4875 2272 4932 victricium

693 4958 1020 4998 coronarum
1053 4949 1491 5020 retributionem,
1523 4971 1555 5011 e
1583 4958 1757 5027 gloria
1798 4963 1850 5017 in
1884 4964 2110 5034 gloriam
2145 4985 2275 5040 pro-

695 5043 1089 5108 gredientibus.
1134 5046 1248 5102 Non
1281 5050 1427 5105 enim
1462 5054 1515 5107 in
1555 5055 1748 5112 iisdem
1783 5076 1904 5126 nos,
1937 5065 2136 5133 quibus
2171 5067 2276 5124 Pe-

2379 4706 2438 4758 ὲν
2469 4705 2651 4775 κρίσει
2684 4706 2870 4777 δικαίᾳ
2897 4708 3026 4771 τοὺς
3055 4709 3276 4778 ἀγῶνας
3318 4713 3572 4782 ἐπαφεὶς,
3615 4713 3648 4783 ἢ
3681 4713 3762 4776 είς
3806 4712 3948 4766 ἔκτι-

2381 4813 2468 4850 σιν
2495 4799 2782 4869 ἁμαρτιῶν
2811 4816 2823 4829 ’
2854 4802 2904 4853 εί
2944 4802 3040 4854 καὶ
3087 4802 3432 4872 αὐθαιρέτως
3485 4806 3694 4874 ἥκομεν
3738 4806 3950 4876 πρὺςτὺ

2380 4889 2703 4966 πάσχεινοῆ
2740 4892 2832 4944 ἐπὶ
2879 4891 3163 4960 στεφάνων
3207 4892 3586 4964 ἀθλοφορικῶν
3627 4895 3866 4966 ἀμοιϐὴν
3893 4898 3950 4949 ὲκ

2379 4981 2537 5046 δόξης
2570 4984 2651 5044 εἰς
2685 4983 2845 5048 δόξαν
2875 4983 3324 5055 προερχομένοις.
3370 4987 3461 5056 Μὴ
3491 4986 3602 5057 γὰρ
3629 4986 3706 5050 ὡς
3753 4987 3948 5058 Πέτρος

2381 5075 2413 5144 ἢ
2449 5073 2659 5137 Παῦλος
2690 5075 2788 5128 σὺν
2816 5077 2929 5140 τοῖς
2955 5075 3305 5146 ὀμοταγέσιν,
3329 5075 3363 5146 ἢ
3393 5075 3670 5148 Γεώργιος
3700 5078 3795 5131 καὶ
3824 5078 3948 5131 Θεό-

697 5141 814 5185 Irus
853 5141 909 5186 et
960 5133 1164 5191 Paulus
1213 5154 1337 5194 cum
1387 5145 1718 5213 aequalibus,
1771 5161 1867 5206 aut
1911 5153 2177 5226 Georgius
2225 5170 2280 5214 et

2382 5133 2546 5236 δωρος
2568 5133 2666 5219 σὺν
2693 5168 2807 5230 τοῖς
2834 5133 3177 5236 ὁμοκλεέσιν,
3234 5167 3268 5238 ἢ
3293 5133 3632 5221 ’δέκλακαὶ
3674 5168 3949 5239 Φεδρωνία

693 5220 1020 5282 Theodorus
1052 5244 1175 5284 cum
1210 5232 1454 5304 ejusdem
1485 5237 1670 5307 gloria:
1717 5244 1901 5310 sociis,
1953 5257 2047 5302 aut
2076 5249 2276 5307 Thecla

695 5323 751 5367 et
782 5314 1052 5374 Febronia
1080 5336 1204 5374 cum
1231 5325 1478 5392 paribus,
1511 5329 1688 5386 allecti
1736 5339 2020 5394 tormentis
2047 5340 2275 5408 fuimus,

694 5406 750 5459 in
803 5408 1028 5477 quibus,
1081 5428 1205 5467 cum
1259 5417 1492 5472 multum
1546 5421 1864 5494 diligerent,
1921 5406 2277 5501 proportione

691 5495 1038 5553 abundarunt
1071 5510 1126 5555 et
1151 5502 1352 5559 Christi
1389 5523 1664 5567 concessit:
1705 5495 2006 5582 passiones.
2025 5495 2112 5578 Ἀι
2151 5525 2274 5594 qui-

693 5587 797 5643 bus
827 5590 1026 5660 exigua
1055 5602 1140 5648 est
1166 5595 1404 5654 charitas
1424 5641 1439 5667 ,
1469 5600 1536 5658 iis
1563 5605 1778 5662 minora
1809 5610 1970 5667 etiam
1996 5615 2108 5686 pati
2146 5633 2273 5674 con-

763 5720 807 5753 "
853 5723 1048 5795 Philip.
1101 5743 1175 5794 tv,
1208 5731 1257 5786 1.
1339 5735 1382 5766 ⁸⁸
1425 5735 1580 5794 Rom.
1618 5758 1707 5806 xv.
1749 5744 1801 5797 4.

757 5834 833 5908 (⁸)
862 5835 1191 5912 Dogmatica.

2378 5257 2475 5311 σὺν
2497 5259 2617 5321 ταῖς
2635 5257 2934 5328 δμοδὸξοις,
2955 5257 3404 5329 βεσασανίσμεθα
3427 5275 3441 5288 ’
3465 5253 3549 5323 οἷς
3574 5260 3711 5313 πολὺ
3737 5263 3949 5332 ἀγαπή-

2379 5366 2536 5402 σασιν
2563 5350 2848 5419 ἀναλόγως
2878 5352 3240 5421 περιέσσευσε
3275 5354 3371 5405 καὶ⁵
3398 5351 3465 5405 τά
3492 5351 3733 5423 Χριστοῦ
3771 5355 3946 5424 παθή-

2380 5457 2525 5509 ματα
2553 5440 2924 5512 δεδωρημένα.
2954 5436 3051 5505 Οἷς
3071 5443 3127 5496 δὲ
3154 5443 3214 5497 τὸ
3237 5442 3340 5513 τῆς
3371 5443 3721 5512 ἀγαπήσεως.
3751 5444 3942 5512 ὀλίγον,

2377 5531 2721 5602 ἐνδεέστερον
2770 5533 2867 5587 καὶ
2898 5532 2960 5586 τὸ
3015 5534 3248 5604 πάσχειν
3276 5550 3293 5567 ο
3339 5533 3481 5588 ὥστε
3532 5532 3824 5588 λυπεῖσθαι
3859 5534 3945 5587 καὶ

2376 5624 2686 5696 δυσφορεῖν,
2728 5625 2810 5680 ὅτι
2849 5626 2925 5698 μὴ
2954 5626 3126 5681 πολλὰ
3158 5625 3504 5696 πανθάνομεν
3526 5641 3539 5658 ⁸
3575 5625 3678 5680 οὐκ
3709 5623 3942 5680 ἀλλοιοῦ-
