4164 6526
251 475 390 544 ll81

1452 479 1817 541 EPISTOLA
1827 481 1993 541 RUM
2030 482 2177 542 LIB-
2216 481 2301 542 II.

3370 481 3513 548 1182

245 594 374 649 σθαι
411 593 520 646 δεῖν
548 591 644 646 καὶ
686 589 1029 662 ἀποκάμνειν
1055 592 1114 646 ἐν
1138 587 1222 655 οἷς
1267 591 1508 662 μετρίως
1539 594 1705 664 ἐσμὲν
1735 610 1818 646 τι-

1948 595 2174 662 :editur;
2228 601 2289 649 ut
2316 591 2503 649 dolere
2557 598 2722 661 atque
2770 606 2914 664 agre
2959 590 3102 647 ferre
3145 591 3291 662 quod
3338 596 3508 648 multa

247 682 438 755 μωροῦ
445 699 622 754 μενοι.

317 860 383 912 El
425 859 482 912 δὲ
525 859 854 928 ἐκπέσοιμεν
880 871 895 888 ⁸
943 856 1082 926 ὅπερ
1110 857 1278 926 ἀπείη
1333 856 1428 910 καὶ
1473 857 1672 910 ἐννοεῖν
1698 874 1713 890 ο
1765 858 1826 910 οὐ

243 950 402 1020 παρά
433 951 532 1020 τὴν
563 948 843 1022 θεόκριτον
870 949 1090 1018 ἐπαφήν
1115 965 1128 978 ·
1167 949 1319 1018 παρά
1355 949 1412 1001 δὲ
1445 949 1548 1019 τὴν
1595 948 1692 1001 τοῦ
1724 966 1826 1001 κα-

246 1039 753 1110 ταμαλακισθέντος
781 1040 1023 1104 ἀτονίαν,
1047 1041 1141 1092 καὶ
1172 1039 1465 1110 ἀκαρδίαν,
1494 1041 1588 1093 καὶ
1612 1040 1824 1094 ἀθεῖαν.

259 1132 320 1184 '0
355 1133 455 1202 μέν
475 1133 583 1201 γὰρ
603 1131 803 1185 δέδωκε
827 1131 890 1184 τὸ
915 1131 1122 1200 ίσχύειν
1147 1131 1289 1184 κατὰ
1307 1131 1400 1185 τοῦ
1430 1131 1670 1202 πονηροῦ
1694 1133 1830 1203 κρά-

247 1242 377 1288 τους
394 1241 408 1254 ο
432 1225 729 1295 νικηφόρον
761 1223 1090 1293 βουλόμενος
1114 1225 1208 1276 τὸν
1236 1224 1548 1294 ἀγωνιστὴν
1571 1223 1791 1276 ἔσεσθαι
1811 1239 1824 1253 ·

248 1319 277 1370 6
308 1317 366 1368 δέ
399 1315 659 1386 ὀλιγωρίᾳ
693 1315 855 1387 ῥίψας
881 1314 950 1367 τὰ
978 1315 1078 1385 τῆς
1111 1315 1395 1385 ὑπομονῆς
1441 1314 1581 1368 ὅπλα
1623 1313 1793 1367 ῶλετο
1813 1354 1828 1368 .

249 1407 479 1477 Μάρτυς
506 1405 599 1459 τοῦ
654 1406 814 1474 λόγου
865 1406 895 1457 6
942 1407 1164 1476 κράζων
1186 1421 1199 1436 ο
1231 1404 1455 1470 Πιστὸς
1501 1407 1534 1458 ὀ
1565 1403 1731 1470 Θεὸς,
1764 1403 1830 1468 ὃς

250 1499 365 1550 οὐκ
395 1495 560 1550 ἐάσει
585 1494 742 1564 ὑμᾶς
781 1493 1185 1563 πειρασθῆναι
1236 1494 1389 1562 ὑπὲρ
1441 1493 1473 1546 ὃ
1525 1492 1790 1546 δύνασθε
1814 1507 1827 1521 ο

251 1588 416 1642 ἀλλὰ
441 1586 682 1654 ποιήσει
722 1586 844 1640 σὺν
877 1584 955 1650 τῷ
974 1585 1282 1654 πειρασμῷ
1307 1586 1403 1638 καί
1435 1583 1552 1650 τὴν
1578 1582 1832 1636 ἔκϐασιν

251 1679 362 1733 τοῦ
415 1677 710 1734 δύνασθαι
749 1677 904 1746 ὑμᾶς
935 1677 1314 1746 ὑπενεγκεῖν.
1340 1670 1468 1730 Ὧδε
1495 1677 1529 1748 ἡ
1560 1674 1828 1746 ὑπομονὴ,

250 1770 510 1840 ἀδελφοί·
549 1764 651 1823 ὧδε
673 1773 722 1824 oi
750 1769 1035 1823 θεόπ).οκοι
1080 1769 1337 1838 στέφανοι
1368 1769 1468 1837 τῆς
1518 1767 1829 1829 εὐπιστίας.

253 1863 347 1932 Μὴ
374 1858 466 1917 οῦν
510 1860 968 1932 ἐπαισχυνθῶμεν
1011 1862 1071 1914 τὸ
1125 1860 1428 1930 μαρτύριον
1486 1858 1581 1911 τοῦ
1624 1858 1832 1928 Κυρίου

1933 701 2040 738 non
2078 686 2338 754 patimur,
2371 699 2481 738 non
2510 683 2718 737 turbari
2751 697 2853 738 nos
2885 683 3096 750 deceat,
3128 698 3305 753 neque
3333 681 3509 755 frangi

1930 774 2002 828 ob
2027 773 2322 828 mediocria
2359 773 2471 827 hac
2499 771 2762 841 supplicia
2797 787 2920 840 qua
2949 771 3308 826 sustinemus.

2001 867 2156 934 Quod
2188 868 2233 922 si
2281 866 2666 929 ceciderimus,
2715 864 2860 933 quod
2911 863 3054 917 absit
3094 861 3178 917 vel
3223 861 3507 932 cngitarei

1932 975 2041 1012 non
2071 959 2137 1013 ad
2165 959 2412 1011 divinum
2447 957 2762 1026 impulsum,
2796 955 2888 1009 sed
2922 955 2989 1007 ad
3023 953 3146 1022 ejus
3196 953 3290 1021 qui
3335 951 3515 1007 factus

1931 1060 2014 1105 est
2057 1050 2464 1112 remissionem,
2506 1057 2560 1102 et
2603 1047 2900 1116 ignaviam,
2941 1045 3390 1113 impietatemque
3425 1059 3514 1097 re-

1935 1140 2245 1195 ferendum.
2281 1139 2427 1194 Deus
2447 1139 2593 1194 enim
2621 1139 2768 1192 vires
2794 1138 2942 1191 dedit
2963 1135 3227 1190 adversus
3249 1135 3514 1189 damonis

1933 1232 2270 1300 potentiam,
2329 1229 2595 1282 victorem
2650 1227 2841 1282 volens
2891 1225 3157 1279 athletam
3207 1223 3377 1278 fieri:
3426 1223 3514 1277 hic

1933 1338 2066 1377 vero
2116 1320 2445 1392 negligentia
2497 1334 2632 1385 sua,
2678 1318 2958 1388 patientia
3011 1331 3167 1372 arma
3215 1315 3515 1385 proﬁciens

1936 1411 2119 1480 periit.
2156 1410 2333 1466 Testis
2360 1410 2554 1463 horum
2588 1410 2681 1479 qui
2715 1409 2917 1464 clamat
2947 1427 2961 1463 :
3002 1407 3207 1461 Fidelis
3234 1406 3400 1470 Deus,
3421 1405 3513 1476 qui

1934 1519 2036 1556 non
2067 1502 2298 1571 patietur
2327 1517 2413 1556 vos
2445 1502 2649 1554 tentari
2677 1515 2841 1569 supra
2878 1501 2933 1554 id
2963 1500 3104 1570 quod
3138 1499 3395 1568 potestis;
3425 1497 3515 1550 sed

1935 1594 2096 1662 faciet
2129 1610 2248 1647 cum
2298 1593 2586 1646 tentatione
2625 1605 2956 1662 proventum,
2995 1603 3052 1645 ut
3086 1593 3303 1661 possitis
3353 1591 3516 1644 susti-

1936 1686 2137 1738 nere”.
2182 1682 2304 1748 llic,
2341 1682 2561 1750 fratres,
2611 1683 2869 1752 patientia
2899 1701 2915 1750 ;
2952 1684 3038 1737 hic
3065 1698 3186 1751 qua
3214 1698 3244 1736 a
3279 1682 3386 1735 Deo
3418 1696 3516 1735 ne-

1935 1785 2161 1831 ctuntur
2193 1775 2315 1830 fidei
2349 1789 2586 1830 corona.
2617 1772 2697 1829 Ne
2724 1774 2894 1846 igitur
2930 1774 3326 1829 erubescamus
3363 1773 3516 1827 testi-

1936 1867 2181 1922 monium
2218 1866 2431 1920 Domini
2482 1866 2679 1931 nostri,
2743 1879 2844 1920 nec
2874 1865 3016 1919 vinci
3049 1881 3149 1920 nos
3180 1865 3449 1935 patiamur
3486 1877 3518 1917 a

253 1954 414 2023 ἡμῶν
440 1969 452 1980 ·
493 1953 630 2023 μηδέ
659 1952 1078 2020 ἀπολειφθῶμεν
1107 1951 1366 2004 Θαδδαίου
1404 1948 1497 2002 τοῦ
1550 1948 1832 2002 νεολέκτου

1948 1959 2212 2014 I‘haddao
2243 1957 2448 2012 recenti
2486 1966 2750 2029 martyre,
2797 1957 2975 2027 iisque
3005 1957 3098 2026 qui
3141 1971 3249 2011 una
3281 1955 3519 2012 confessi

256 2046 556 2113 μάρτυρος,
585 2043 811 2097 καὶτῶν
842 2043 1418 2110 συνομολογησάντων,
1457 2042 1549 2095 καὶ
1577 2041 1834 2110 συνεκδη-

257 2136 553 2205 μησάντων
599 2135 776 2188 ὀπίσω
819 2133 1012 2187 αὐτοῦ·
1051 2127 1126 2187 ὧν
1171 2135 1284 2187 ῐστε
1337 2134 1402 2204 δὴ
1449 2135 1517 2188 τὰ
1563 2134 1830 2205 ὀνόματα.

255 2228 464 2294 Αἴματι
497 2226 789 2297 μαρτύρων
820 2223 1056 2295 ὴρδεὺθη
1089 2225 1184 2277 καὶ
1213 2225 1308 2278 νῦν
1337 2227 1371 2296 ἡ
1415 2226 1712 2296 Ἐκκλησία
1738 2226 1834 2279 τοῦ

255 2319 393 2373 Θεοῦ
413 2338 428 2352 ο
463 2321 588 2374 ἐπεὶ
620 2320 710 2372 καὶ
740 2319 1026 2388 ἀρδεύεται
1048 2319 1135 2372 διὰ
1157 2319 1267 2372 τῶν
1302 2320 1384 2372 ἐτι
1409 2319 1718 2373 ἀθλούντων
1743 2322 1836 2373 καὶ

257 2411 614 2482 πολυτρόπως
647 2410 1056 2479 ἐκπιεζομένων
1083 2413 1201 2474 ταῖς
1242 2411 1510 2480 θλίψεσιν.
1561 2407 1710 2478 Αἷμα
1743 2428 1830 2464 κε-

256 2505 343 2556 νοῖ
368 2506 396 2556 6
422 2503 836 2572 καθειργμένος,
872 2504 900 2555 ό
942 2505 1354 2574 μεμονωμένος,
1388 2505 1416 2556 6
1467 2505 1836 2574 στενοχωρούο

260 2609 446 2663 μενος,
471 2596 500 2647 6
523 2593 956 2664 ἀφηρπασμένος
985 2596 1047 2646 ἐκ
1073 2595 1273 2657 παντὸς
1295 2595 1606 2664 προσώπου.
1628 2598 1655 2648 6
1679 2596 1835 2648 ὑστε-

259 2685 526 2757 ρούμενος
556 2684 665 2739 τῶν
695 2686 836 2738 κατά
869 2687 1082 2757 χρείαν,
1114 2690 1143 2740 6
1175 2687 1398 2750 πεινῶν,
1419 2691 1447 2739 6
1476 2688 1668 2755 διψῶν,
1696 2691 1724 2741 6
1761 2688 1836 2758 μὴ

256 2777 360 2847 τὴν
390 2778 484 2830 τοῦ
515 2776 664 2847 ἡλίου
700 2779 893 2832 ἀκτῖνα
934 2778 1220 2848 δεχόμενος
1242 2819 1257 2842 ,
1317 2778 1643 2848 καθημέραν
1697 2781 1836 2831 ἀπο-

259 2866 535 2936 θνήσκων,
565 2864 638 2926 ὼς
653 2865 750 2936 βοᾷ
768 2867 999 2933 Παῦλος,
1031 2869 1122 2920 καὶ
1148 2867 1278 2936 ὅλην
1301 2868 1400 2936 τὴν
1425 2867 1639 2937 ἡμέραν
1660 2867 1828 2919 θανα-

258 2959 544 3026 τούμενος.
571 2956 646 3020 ὡς
677 2958 793 3029 ᾄδει
819 2960 1008 3012 Δαὸίδ.
1046 2959 1188 3011 Ἀλλ’
1207 2961 1260 3011 εί
1291 2959 1704 3026 ἀποθάνωμεν,
1737 2959 1835 3010 καί

261 3045 610 3116 συζήσομεν
643 3049 875 3116 Χριστῷ
902 3066 915 3080 ⁸
971 3051 1022 3102 εί
1056 3049 1493 3116 ὑπομείνωμεν,
1544 3049 1641 3101 καὶ
1680 3065 1838 3115 συμ-

261 3138 903 3208 ϐασιλέυσομεναὺτῷ.
937 3141 1025 3192 Ἐν
1045 3141 1155 3202 τοῖς
1181 3139 1293 3192 ἀνω
1321 3139 1535 3208 χρόνοις
1558 3137 1838 3204 ἐξελέξατο

1936 2060 2062 2122 post
2100 2066 2226 2105 eum
2277 2050 2570 2105 abierunt:
2599 2064 2835 2114 quorum
2880 2049 2982 2118 ipsi
3033 2048 3256 2101 nomina
3298 2046 3516 2101 tenetis.

1939 2141 2236 2213 Martyrum
2265 2140 2533 2211 sanguine
2568 2140 2791 2211 irrigata
2827 2139 3126 2194 etiamnum
3159 2146 3242 2193 est
3279 2136 3520 2192 Ecclesia

1941 2232 2036 2287 Dei
2070 2252 2084 2287 :
2122 2241 2286 2301 atque
2311 2231 2448 2288 adeo
2483 2231 2740 2301 irrigatur
2766 2245 2862 2300 per
2889 2244 2984 2283 eos
3009 2229 3102 2299 qui
3131 2228 3310 2282 adhuc
3337 2228 3522 2282 decer-

1939 2331 2075 2387 tant,
2134 2333 2190 2377 et
2242 2321 2410 2376 variis
2466 2320 2728 2375 arumnis
2781 2317 3132 2373 aﬂlictantur.
3187 2318 3520 2386 Sanguinem

1939 2414 2122 2468 fundit
2159 2413 2252 2483 qui
2287 2413 2537 2467 inclusus
2577 2420 2816 2476 tenetur,
2846 2410 2941 2481 qui
2982 2409 3051 2463 ab
3089 2408 3210 2462 aliis
3239 2409 3523 2476 sejunctus

1937 2516 2041 2570 est,
2065 2505 2157 2575 qui
2189 2505 2242 2558 in
2270 2505 2540 2575 angustiis
2568 2503 2803 2573 positus,
2831 2503 2926 2572 qui
2958 2502 3026 2556 ab
3052 2501 3200 2556 omni
3226 2510 3523 2570 conspectu

1939 2607 2220 2659 remotus,
2272 2597 2364 2666 qui
2442 2596 2609 2651 rebus
2643 2595 2968 2650 necessariis
3018 2593 3354 2658 destitutus,
3425 2592 3522 2659 qui

1937 2693 2135 2756 esurit,
2167 2689 2257 2760 qui
2305 2689 2443 2754 sitit,
2475 2689 2567 2757 qui
2604 2687 2739 2742 solis
2770 2687 2983 2740 radium
3034 2699 3143 2737 non
3180 2685 3349 2746 videt,
3386 2697 3524 2753 quo-

1940 2785 2070 2838 tidie
2113 2783 2392 2846 moriens,
2443 2790 2502 2834 ut
2553 2781 2795 2850 loquitur
2842 2778 3045 2832 Paulus
3063 2777 3132 2842 ³⁸,
3179 2787 3233 2830 et
3276 2785 3385 2829 tota
3439 2775 3526 2829 die

1941 2875 2324 2938 mortificatus,
2367 2883 2426 2927 ut
2469 2872 2618 2926 canit
2673 2871 2839 2925 David
2871 2871 2936 2923 ³⁸.
2989 2868 3095 2923 Sed
3123 2870 3170 2922 si
3209 2867 3527 2921 commortui

1939 2967 2160 3029 erimus,
2216 2974 2267 3018 et
2315 2964 2646 3017 convivemus
2702 2961 2960 3016 Christo:
2995 2960 3042 3014 si
3093 2959 3525 3021 sustinuerimus,

1941 3067 1991 3108 et
2055 3054 2583 3125 conreguabimus".
2644 3052 3030 3121 Superioribus
3081 3049 3300 3105 saculis
3367 3048 3529 3118 elegit

1943 3148 2120 3217 gratia
2171 3163 2314 3216 quos
2363 3147 2528 3216 elegit
2583 3145 2650 3199 ad
2701 3144 2906 3199 Christi
2971 3142 3370 3199 testimonium.
3424 3138 3530 3194 Per

264 3235 300 3300 ἡ
329 3231 489 3300 χάρις
533 3230 627 3295 οὒς
677 3230 960 3298 ἐξελέξατο
1003 3233 1083 3294 είς
1114 3231 1174 3284 τὸ
1217 3229 1459 3299 Χριστοῦ
1516 3229 1838 3299 μαρτύριον.

1948 3248 2140 3293 atates
2171 3238 2418 3307 singulas
2447 3235 2775 3291 exoriuntur
2805 3243 3094 3306 martyres.
3129 3232 3359 3287 Necesse
3390 3232 3530 3286 enim

265 3324 425 3377 Κατά
443 3325 635 3392 γενεὰν
655 3327 747 3378 καὶ
759 3323 950 3391 γενεάν
964 3321 1242 3391 ἀνίσχουσι
1261 3320 1560 3390 μάρτυρες.
1579 3321 1840 3389 Ἀνάγκη

267 3417 382 3489 γὰρ
410 3414 610 3468 ἐλθεῖν
636 3414 707 3468 τὰ
738 3412 1057 3467 σκάνδαλα
1077 3428 1089 3442 ·
1126 3409 1363 3482 Χριστδς
1393 3411 1596 3480 ἔφησεν
1616 3427 1629 3440 ·
1680 3413 1768 3464 ἴνα
1793 3413 1843 3464 οί

269 3505 516 3560 ἐκλεκτοὶ
546 3507 830 3577 λάμψωσιν
857 3503 1134 3575 ἡλιοειδῶς
1153 3522 1167 3536 ο
1194 3504 1288 3558 καὶ
1313 3502 1380 3555 τὰ
1398 3501 1612 3567 ζιζάνια
1635 3504 1844 3574 φανερά

269 3597 498 3666 γένηται
528 3597 872 3658 νυκτοειδῶς.

343 3689 668 3758 Γενοίμεθα.
692 3683 738 3742 ὦ
770 3688 1012 3759 ἀδελφοὶ,
1048 3693 1107 3745 ἐν
1138 3695 1203 3763 τῇ
1229 3694 1393 3764 γενεᾷ
1421 3690 1595 3763 ταύτῃ
1617 3692 1683 3760 τῇ
1717 3706 1844 3742 σκο-

271 3781 362 3852 λιᾷ
389 3783 485 3836 καὶ
513 3781 944 3855 διεστραμμένη,
983 3785 1059 3848 ὡς
1090 3790 1377 3856 φωστῆρες
1425 3783 1761 3852 αὑγάζοντες
1787 3783 1846 3833 ἐν

273 3876 584 3945 σκοτομήνῃ
637 3875 736 3945 τῆς
785 3875 1052 3944 αἱρέσεως
1090 3895 1104 3908 ·
1147 3879 1291 3932 καθά
1353 3879 1503 3948 ἡμᾶς
1561 3875 1846 3942 ἐξελέξατο

273 3966 512 4036 Χριστὸς
562 3967 643 4030 είς
690 3966 952 4036 καύχημα
983 3969 1150 4022 αὑτοῦ
1181 3972 1260 4033 είς
1308 3971 1464 4033 κλέος
1514 3967 1846 4040 όρθοδοξίας.

286 4058 376 4120 Ὠς
407 4060 540 4128 ἡμῖν
587 4061 638 4112 οἱ
669 4058 952 4123 ἀνέκαθεν,
984 4061 1157 4125 οὕτως
1187 4063 1348 4132 ἡμεῖς
1379 4064 1490 4124 τοῖς
1550 4061 1850 4131 μετέπειτα

277 4151 583 4220 στηριγμδς
611 4151 705 4205 καὶ
735 4151 1100 4221 ὐπογραμμδς
1131 4152 1586 4223 ὑποδειχθείημεν
1607 4169 1618 4185 ·
1655 4153 1749 4206 καὶ
1771 4155 1852 4214 εἰς

275 4244 494 4313 ἡμέραν
530 4243 768 4314 Χριστοῦ
801 4243 1156 4315 εὐρεθείημεν
1208 4249 1549 4316 χορεύοντες.
1592 4245 1851 4310 Καίτοιγε

279 4333 394 4386 τῶν
415 4335 698 4404 πωσεχῶν
725 4335 886 4403 ἡμεῖς
911 4335 1112 4403 μᾶλλον
1142 4335 1524 4406 φανερώτερον
1549 4334 1611 4388 τὸ
1643 4333 1851 4404 μαρτύ-

286 4442 402 4496 ριον
429 4423 647 4496 ἔχομεν.
674 4426 808 4478 om
849 4425 957 4496 γάρ
986 4427 1114 4497 περὶ
1147 4427 1254 4480 τῶν
1287 4429 1345 4479 ἐν
1380 4425 1602 4496 Χριστῷ
1634 4425 1850 4494 φύσεων

287 4517 321 4586 ἡ
340 4515 467 4588 θελη
476 4518 684 4587 μάτων,
713 4518 807 4578 καὶ
827 4517 926 4570 ὅσα
949 4517 1085 4588 πρὸς
1102 4517 1312 4581 τούτοις
1333 4517 1683 4588 ἀμφισὸητού
1693 4531 1851 4586 μεναο

1949 3339 2025 3384 est
2053 3338 2110 3381 ut
2149 3329 2359 3382 veuiant
2399 3327 2686 3393 scandala,
2724 3327 2863 3383 dixit
2907 3327 3164 3381 Christus
3185 3328 3271 3380 ”:
3307 3337 3365 3380 ut
3398 3326 3533 3382 solis

1950 3421 2058 3477 ritu
2095 3420 2422 3490 splendeaut
2451 3418 2635 3483 electi,
2669 3429 2724 3474 et
2762 3419 2973 3474 zizania
3002 3428 3269 3474 nocturna
3300 3434 3400 3474 sua
3428 3419 3530 3474 ob-

1952 3512 2214 3569 scuritate
2251 3511 2539 3565 manifesta
2577 3511 2731 3564 fiant.

2026 3687 2232 3752 Simus,
2272 3687 2492 3750 fratres,
2521 3688 2574 3739 in
2604 3685 2825 3740 natione
2853 3686 2957 3739 bac
2989 3697 3150 3752 prava
3179 3691 3232 3738 et
3258 3697 3532 3752 perversa,

1955 3790 2214 3851 tanquam
2242 3780 2413 3834 stella
2442 3780 2686 3834 lucentes
2713 3779 2766 3832 in
2795 3777 3036 3832 tenebris
3068 3776 3364 3836 hareseos.
3392 3773 3536 3829 sicut

1953 3875 2114 3944 elegit
2165 3889 2265 3928 nos
2294 3871 2547 3927 Christus
2595 3872 2648 3925 in
2697 3871 2930 3941 gloriam
2979 3882 3160 3932 suam,
3204 3868 3271 3921 ad
3317 3867 3531 3921 laudem

1956 3967 2080 4022 fidei
2108 3965 2447 4022 orthodoxa.
2490 3962 2970 4030 Quemadmodum
3018 3960 3179 4015 nobis
3217 3959 3251 4013 ii
3281 3960 3374 4029 qui
3403 3958 3532 4012 olim

1958 4057 2216 4123 fuerunt,
2292 4057 2366 4112 ita
2430 4071 2531 4110 nos
2589 4054 2825 4124 posteris
2907 4051 3318 4113 stabilimento,
3371 4057 3536 4118 atque

1965 4149 2220 4218 exemplo
2257 4148 2472 4203 simus:
2504 4155 2564 4200 ut
2604 4148 2656 4199 in
2692 4144 2781 4198 die
2814 4143 3019 4198 Christi
3065 4140 3400 4200 exsultantes
3445 4153 3534 4192 re-

1961 4240 2256 4311 periantur.
2290 4239 2356 4292 Et
2389 4253 2518 4291 vero
2555 4237 2757 4291 clarius
2779 4244 2944 4303 atque
2971 4228 3337 4295 manifestius,
3369 4243 3534 4299 quam

1961 4331 2199 4401 majores
2242 4329 2442 4392 nostri,
2494 4326 2867 4382 testimonium
2907 4324 3191 4379 habemus.
3243 4322 3359 4376 Non
3389 4319 3534 4374 enim

1958 4425 2026 4478 de
2063 4422 2270 4477 Christi
2320 4422 2567 4483 naturis,
2608 4428 2703 4474 aut
2744 4417 3160 4479 voluntatibus,
3211 4419 3270 4470 et
3315 4411 3531 4467 cateris

1961 4529 2082 4584 qua
2128 4513 2180 4565 in
2230 4513 2590 4580 quastionem
2639 4518 2834 4564 voeata
2889 4509 3154 4572 fuerunt;
3221 4507 3274 4559 in
3331 4502 3536 4574 quibus

280 4603 420 4680 ὧνὴ
466 4609 834 4681 διαμάρτησις
889 4611 1031 4664 κατά
1085 4611 1153 4663 τὰ
1195 4612 1446 4680 νοήματα
1491 4605 1652 4666 οὖσα.
1701 4607 1841 4658 οὑδέι

1962 4603 2338 4668 hallucinatio,
2390 4602 2654 4672 quoniam
2707 4601 2760 4654 in
2815 4597 3131 4653 notionihus
3178 4595 3313 4665 ipsis
3360 4597 3537 4664 posita

280 4700 558 4770 αἰσθητῶς
589 4704 820 4773 παρεῖχε
868 4699 966 4770 τὴν
1021 4701 1329 4767 ἀπόδειξιν·
1372 4702 1467 4754 νῦν
1519 4699 1576 4752 δὲ
1609 4700 1706 4751 σὺν
1744 4699 1858 4761 τοῖς

281 4792 517 4862 νοήμασι
567 4791 661 4844 καὶ
691 4790 818 4844 κατ’
860 4789 1173 4860 ὀφθαλμοὺς
1203 4791 1264 4844 τὸ
1314 4788 1856 4861 ἀμφισϐητούμενον,

283 4884 404 4954 ἢτοι
431 4882 820 4952 ἀσεόούμενον.
846 4881 952 4936 Τὸν
978 4882 1087 4952 γὰρ
1112 4883 1349 4952 Χριστὸν
1377 4885 1424 4934 oi
1454 4883 1846 4952 ἀντικείμενοι,

281 4976 346 5028 οὐ
388 4976 547 5045 μόνον
570 4975 670 5027 οὑκ
701 4973 1058 5039 είκονίζεσθαι
1081 4973 1299 5041 λέγουσί
1325 4992 1384 5026 τε
1416 4973 1510 5026 καὶ
1546 4971 1855 5037 λοξονοοῦσι

284 5066 385 5119 σὺν
413 5069 480 5136 τῇ
507 5065 755 5136 Θεοτόκῳ
774 5067 868 5120 καὶ
899 5065 1210 5119 οὑτινοσοῦν
1232 5067 1342 5118 τῶν
1371 5066 1572 5134 ἀγίων·
1601 5065 1737 5118 ἀλλά
1761 5065 1856 5119 καὶ

285 5157 774 5228 ἐγγεγραμμένους
813 5157 1228 5226 ἐξαφανίζουσιο
1278 5157 1488 5226 πλάνην
1522 5159 1616 5210 καὶ⁵
1638 5157 1862 5227 ὄλεθρον

284 5249 474 5319 ψυχῶν
522 5250 650 5312 τοὺς
684 5247 862 5312 θείους
916 5249 1273 5320 χαρακτῆρας
1317 5249 1756 5320 δογματίζοντες.
1790 5251 1856 5303 Ὠ

284 5338 387 5410 τῆς
421 5337 720 5407 Ἰουδαϊκῆς
765 5341 858 5392 καὶ
902 5339 1219 5410 Ἑλληνικῆς
1246 5340 1700 5403 ἀντιπεπονθότος
1733 5341 1859 5393 ἀσε-

287 5427 471 5491 Getae!
512 5428 680 5482 Οὐδέν
713 5424 808 5484 οὖν
835 5430 945 5501 ἀρα
986 5431 1047 5482 τὸ
1094 5431 1326 5484 καθόλου
1351 5448 1364 5462 ο
1405 5432 1438 5501 ἡ
1473 5431 1624 5499 παρά
1661 5431 1724 5484 τὸ
1763 5430 1863 5500 τῆς

286 5519 480 5582 οὐσίας
531 5521 809 5591 διάφορον.
863 5522 896 5590 ἡ
943 5520 1212 5591 ἐξαλλαγὴ
1268 5523 1327 5575 ἐν
1360 5516 1405 5590 ᾧ
1437 5525 1466 5575 6
1503 5523 1683 5590 λόγος.
1723 5522 1802 5592 Φῆ
1834 5523 1863 5575 6

303 5609 556 5672 Ἰουδαῖος
586 5610 704 5679 ἦτοι
724 5611 753 5663 6
777 5609 978 5680 Ἕλλην
1007 5609 1086 5680 τῷ
1111 5611 1442 5680 Χριστιανῷ·
1473 5612 1742 5682 Ἀρνησαι
1769 5611 1861 5663 τὸν

289 5699 549 5770 Χριστὸν,
578 5699 678 5771 τὴν
711 5699 953 5772 Μαρίαν.
988 5700 1160 5754 Τοῦτο
1181 5701 1274 5754 καὶ
1299 5703 1329 5754 6
1363 5703 1752 5772 Είκονομάχος.
1794 5702 1860 5756 Ἠ

1961 4703 2103 4760 erat,
2139 4693 2346 4747 nullam
2379 4692 2483 4746 sub
2511 4706 2710 4745 sensus
2757 4687 3288 4744 demonstrationem
3324 4683 3488 4738 dabat
3523 4699 3536 4734 :

1965 4789 2059 4842 sed
2109 4799 2257 4839 nunc
2312 4783 2381 4838 de
2432 4783 2504 4838 iis
2564 4799 2687 4852 qua
2742 4779 3102 4851 cogitationes
3153 4775 3320 4831 simul
3377 4781 3541 4842 atque

1963 4878 2156 4934 oculos
2218 4875 2458 4940 feriunt,
2507 4875 2777 4929 dubitatio
2829 4880 2943 4936 est,
2997 4886 3094 4926 seu
3146 4868 3328 4938 potius
3375 4867 3540 4934 impia

1965 4965 2185 5036 negatio
2213 4981 2227 5017 :
2260 4963 2542 5019 Christum
2576 4959 2848 5032 siquidem
2881 4957 3180 5015 adversarii
3217 4971 3323 5010 non
3363 4954 3539 5009 solum

1963 5059 2144 5125 eliiugi
2182 5071 2343 5128 posse
2384 5064 2584 5125 negant
2617 5069 2680 5109 ac
2720 5067 2886 5124 prave
2919 5049 3202 5115 sentiunt;
3237 5047 3542 5115 eodemque

1964 5153 2129 5208 modo
2159 5150 2474 5220 Deiparam,
2528 5158 2694 5218 atque
2740 5154 2961 5202 sanctos
2995 5143 3270 5214 quoslibet
3299 5157 3329 5207 ;-
3352 5154 3540 5194 verum

1968 5257 2260 5314 expressos
2314 5242 2479 5297 etiam
2535 5241 2785 5304 abolent,
2837 5252 3085 5293 errorem
3135 5251 3202 5290 ac
3245 5232 3542 5304 perniciem

1970 5334 2280 5388 animarum
2332 5347 2522 5390 sacras
2575 5330 2844 5400 imagines
2899 5343 3022 5384 esse
3078 5325 3436 5380 aiiirmantes.
3497 5321 3545 5376 0

1968 5427 2248 5483 Judaicam
2303 5428 2506 5497 pariter
2549 5433 2606 5479 et
2649 5425 2927 5479 ethnicam
2981 5419 3353 5490 impietatem!
3388 5415 3545 5470 Nulla

1970 5520 2138 5592 igitur
2163 5521 2438 5586 universe,
2474 5525 2570 5572 aut
2596 5515 2776 5586 quoad
2802 5514 3123 5571 substantia
3155 5509 3545 5573 differentiam,

1971 5613 2209 5666 varietas
2242 5611 2295 5664 in
2329 5625 2396 5665 eo
2435 5609 2503 5663 de
2547 5623 2658 5678 quo
2711 5620 2897 5662 sermo
2923 5613 3030 5659 est.
3064 5604 3153 5656 Ait
3198 5600 3423 5656 Judaus
3452 5608 3549 5654 aut

1971 5703 2226 5759 ethnicus
2258 5700 2574 5757 Christiano
2599 5717 2612 5755 :
2639 5696 2786 5769 Nega
2802 5697 3109 5760 Christum,
3129 5705 3266 5764 nega
3289 5691 3544 5748 Mariam:

370 5917 416 5950 "
459 5917 503 5974 ll
532 5918 658 5977 Cor.
680 5935 735 5988 κ,
771 5921 858 5976 i8.
939 5922 982 5954 ’°
1022 5919 1042 5974 ι
1076 5918 1204 5977 Cor.
1240 5936 1327 5986 xv,
1372 5921 1460 5977 5].
1539 5923 1580 5956 "
1622 5920 1766 5978 Psal.
1804 5939 1836 5978 χ

1949 5963 1963 5990 ,
1990 5920 2082 5976 22.
2161 5920 2205 5953 ³³
2247 5919 2292 5974 11
2327 5917 2473 5975 Tim.
2515 5934 2574 5986 tt,
2620 5916 2704 5972 i2.
2785 5917 2827 5949 ³³
2869 5914 3059 5971 Matth.
3096 5927 3256 5980 xvtn,
3292 5909 3360 5966 7.
