4164 6478
687 417 826 482 1183

1875 427 1936 488 8.
1975 428 2368 490 THEODORI
2391 431 2739 492 STUDITE

3806 423 3935 488 1184

685 537 788 589 hoc
818 536 994 604 ipsum
1019 535 1095 590 ait
1123 546 1178 592 et
1207 537 1627 596 lconomacbus.
1668 542 1853 611 Imago
1878 544 2023 596 enim
2048 544 2253 599 Christi

2366 547 2464 616 γὰρ
2499 546 2664 600 εἰκὼν
2693 545 2955 617 Χριστοῦ,
2989 545 3185 614 ὥσπερ
3210 544 3306 598 καὶ
3335 544 3434 614 τῆς
3453 542 3748 606 Θεοτόκου,
3791 543 3937 612 ὁμω-

681 636 737 677 et
778 624 1060 695 Deiparze,
1115 628 1310 682 eodem
1359 632 1582 686 nomine
1619 632 1873 688 Christus
1920 643 1976 688 et
2028 634 2254 702 Deipara

683 723 1051 782 nuncupatur.
1105 715 1286 782 Quare
1333 719 1427 786 qui
1479 719 1772 789 imaginem
1831 724 2016 792 negari
2064 724 2255 793 jubet,

683 821 808 858 eum
837 805 996 874 cujus
1021 809 1200 876 imago
1226 819 1331 873 est,
1361 811 1544 878 negari
1577 812 1718 864 haud
1753 812 2112 882 dubiejubet.
2140 814 2256 868 Non

685 910 826 959 mea,
881 897 974 964 qui
1031 898 1216 952 nullus
1249 915 1395 961 sum,
1451 902 1566 955 ha’c
1614 904 1906 956 sententia.
1948 905 2087 957 Audi
2123 906 2257 974 quid

685 985 855 1055 Moysi
888 988 1035 1043 dicat
1083 991 1467 1044 universorum
1522 991 1663 1046 Deus
1693 1013 1704 1046 :
1743 991 1855 1046 Fac
1887 994 2168 1048 Cherubim
2190 995 2257 1048 ".

685 1076 870 1146 Itaque
913 1077 1211 1133 Cherubim
1263 1080 1530 1152 imagines
1577 1083 1690 1138 ﬁeri
1728 1084 1920 1152 jussit.
1966 1084 2076 1140 Nec
2111 1088 2255 1139 enim

685 1175 938 1221 naturam
1001 1168 1296 1224 Cherubim
1366 1172 1719 1239 designasse,
1786 1175 1984 1229 mentis
2033 1189 2259 1244 compos

686 1259 828 1312 ullus
860 1259 1023 1313 dicet.
1068 1259 1134 1313 Et
1175 1275 1392 1315 rursum
1430 1280 1442 1315 :
1478 1261 1582 1315 Fac
1613 1274 1908 1332 serpentem
1949 1281 2149 1318 wneum
2173 1266 2256 1321 3':

684 1359 738 1402 et
773 1350 859 1403 hic
891 1366 1110 1420 quoque
1154 1353 1422 1418 serpentis
1471 1355 1760 1423 imaginem
1807 1357 2039 1423 exprimi
2085 1358 2256 1427 jubet.

691 1443 888 1495 Verum
918 1445 1030 1497 haec
1063 1454 1146 1497 est
1177 1456 1373 1498 natura
1412 1448 1708 1517 prototypi,
1746 1457 1802 1502 et
1833 1449 2065 1516 exempli
2098 1451 2168 1502 ab
2191 1465 2259 1503 eo

687 1537 928 1598 deducti,
976 1548 1034 1590 ut
1064 1539 1372 1607 exemplum
1407 1541 1684 1611 archetypi
1735 1557 1930 1596 nomen
1962 1554 2166 1607 sumat,
2205 1553 2260 1597 et

687 1641 797 1678 uno
829 1629 1043 1682 sublato
1078 1629 1309 1683 alterum
1350 1631 1610 1695 tollatur,
1647 1641 1904 1701 tanquam
1949 1649 2072 1701 qua:
2095 1634 2259 1688 simul

685 1715 812 1767 sint.
835 1715 958 1769 Erat
977 1719 1221 1786 angelus,
1248 1719 1366 1774 ideo
1384 1729 1438 1773 et
1453 1721 1631 1790 angeli
1649 1721 1829 1791 imago
1851 1731 1996 1776 :erat
2013 1738 2257 1792 serpens,

685 1805 808 1860 ideo
842 1816 893 1860 et
923 1807 1102 1875 imago
1133 1811 1426 1877 serpentis.
1457 1812 1656 1865 Eadem
1690 1822 1775 1866 est
1801 1814 1940 1867 ratio
1968 1814 2044 1868 rei
2075 1815 2260 1882 cujus-

2359 638 2542 708 νῦμως
2571 637 2805 708 Χριστὸς
2841 638 2936 692 καὶ
2977 637 3242 698 Θεοτόκος
3269 637 3510 704 λέγεται.
3561 635 3726 687 Ὥστε
3764 634 3938 700 λέγων

2357 729 2454 798 τὴν
2475 729 2661 781 εἰκόνα
2689 728 2972 798 ἀρνεῖσθαι
3001 745 3016 758 ο
3057 729 3150 781 τὸν
3185 721 3396 790 οὗτινος
3429 728 3462 796 ὴ
3510 725 3695 789 εἰκὼν,
3730 727 3939 777 ἐκεῖνον

2355 819 2649 890 διαρρήδην
2688 817 3030 891 ὲξαρνείσθαι
3079 817 3359 886 ἁπαιτοίη.
3402 818 3493 886 Μὴ
3533 819 3642 887 γάρ
3674 816 3815 886 ἐμοῦ
3847 815 3938 868 τοῦ

2357 909 2644 980 οὐδαμινοῦ
2675 912 2703 963 6
2730 910 2906 978 λόγος.
2956 911 3156 963 ’Δκουε
3193 909 3248 961 τί
3284 923 3418 978 φησι
3444 908 3525 977 τῷ
3557 908 3747 961 Μωσεῖ
3775 908 3806 958 6
3829 907 3938 958 τῶν

2363 1001 2499 1053 ὅλων
2525 1000 2677 1064 Θεός·
2709 1002 2978 1068 Ποίησον
2998 1000 3308 1070 Χερουόιμ.
3359 998 3468 1052 Kal
3508 1015 3589 1051 τοι
3616 999 3808 1050 εἰκόνα
3833 998 3938 1050 Χε-

2367 1091 2566 1162 ρουϐὶμ
2595 1091 2823 1161 ποιῆσαι
2850 1092 3242 1164 προστέταχεν.
3268 1090 3342 1143 Οὐ
3386 1089 3497 1158 γάρ
3523 1106 3607 1142 τοι
3637 1088 3806 1156 φῦσιν
3839 1089 3939 1141 Χε-

2363 1185 2618 1255 ρουσικὴν
2651 1183 2863 1255 φρονῶν
2900 1200 2984 1246 τις
3027 1183 3382 1253 παραστῆσαι
3425 1182 3592 1234 αὑτὸν
3643 1183 3809 1249 φαῖεν
3853 1184 3934 1234 ἀν.

2360 1277 2471 1329 Καὶ
2523 1270 2714 1338 αὖθις*
2771 1275 3047 1342 Ποίησον
3103 1275 3245 1344 ὄφιν
3307 1272 3618 1342 χαλκοῦν·
3685 1273 3782 1324 καὶ
3833 1273 3940 1340 μὴν

2360 1365 2637 1420 κάνταῦθα
2697 1367 2881 1419 εἰκόνα
2929 1367 3105 1434 δφεως
3153 1366 3330 1417 ποιεῖν
3369 1363 3726 1434 προστάσσει.
3798 1362 3938 1414 Ἀλλ’

2359 1459 2496 1527 αῦτη
2524 1461 2556 1528 ἡ
2591 1457 2755 1527 φύσις
2788 1457 3147 1529 πρωοτύπου
3188 1456 3282 1510 καὶ
3332 1453 3696 1526 παραγώγου·
3733 1454 3799 1505 τὸ
3831 1468 3936 1505 πα-

2361 1551 2555 1620 ραχθὲν
2581 1551 2678 1602 εἰτ’
2702 1541 2796 1603 οὖν
2832 1550 2892 1604 τὸ
2916 1549 3215 1602 εἰκονισθὲν
3243 1547 3336 1602 τοῦ
3362 1545 3672 1618 ἀρχετύπου
3701 1545 3782 1615 τῷ
3820 1545 3936 1598 6V6-

2363 1661 2492 1712 ματι
2527 1643 2826 1707 καλεῖσθαι,
2867 1643 2963 1695 καὶ
3011 1642 3077 1710 τῇ
3111 1640 3336 1710 θατέρου
3386 1640 3665 1708 ἀναιρέσει
3704 1637 3938 1708 θάτερον

2360 1731 2722 1802 ἀναιρεῖσθαι,
2758 1731 2834 1794 ὡς
2869 1731 2979 1784 τῶν
3021 1730 3138 1799 ἃμα
3168 1731 3357 1783 ὄντων.
3405 1724 3514 1781 Ἦν
3557 1729 3812 1796 ἄγγελος,
3849 1727 3936 1780 διὰ

2360 1822 2517 1875 τοῦτο
2549 1822 2644 1874 καὶ
2673 1821 2835 1874 εἰκὼν
2871 1820 3109 1888 ἀγγέλου
3136 1836 3150 1850 ·
3198 1815 3267 1889 ἦν
3312 1819 3457 1887 ὕφις,
3497 1819 3588 1870 6ιά
3623 1817 3787 1870 τοῦτο
3847 1819 3937 1870 καὶ

684 1898 834 1951 libet.
885 1897 1070 1969 Itaque
1101 1912 1363 1956 vocantur
1408 1903 1680 1956 interdum
1716 1903 1935 1972 quidem
1971 1905 2255 1976 imagines,

2366 1914 2522 1968 εἰκὼν
2547 1913 2720 1983 ὄφεως
2754 1927 2768 1940 ·
2814 1885 3241 1966 statui-bumaon
3265 1885 3427 1964 ἄλλου
3464 1908 3576 1962 τῶν
3606 1909 3801 1962 ὅντων.
3834 1911 3938 1962 Καὶ

685 2005 919 2058 quorum
965 1992 1141 2060 reipsa
1179 2003 1307 2047 sunt
1341 2011 1354 2047 :
1393 1995 1664 2048 interdum
1713 2011 1861 2054 vero.
1907 2007 2128 2066 propter
2162 1998 2258 2051 ha-

685 2081 1017 2147 bitudinem,
1061 2096 1320 2153 tanquam
1362 2085 1654 2154 archetypa
1697 2084 1815 2155 ipsa
1846 2099 2255 2158 nuncupantur.

685 2183 740 2228 et
777 2188 885 2227 non
925 2175 1191 2244 imagines
1218 2191 1435 2229 eorum.

759 2268 871 2324 lloc
913 2272 1075 2323 modo
1098 2269 1317 2324 divinus
1348 2269 1646 2340 Apostolus
1674 2271 1751 2325 ait
1783 2288 1798 2325 :
1839 2270 2110 2342 Superque
2142 2290 2258 2327 eam

686 2360 966 2415 Cherubin:
1029 2363 1215 2433 gloria
1264 2363 1634 2417 obumbrantia
1697 2365 2193 2433 propitiatorium"
2243 2385 2256 2421 :

2360 2003 2651 2059 καλοῦνται
2681 2001 2757 2074 πῆ
2797 2005 2894 2071 μὲν
2935 2004 3144 2066 εἰκόνες
3180 1998 3368 2072 ὦνπερ
3421 2001 3518 2054 καὶ
3556 2001 3661 2053 εἰσί
3685 2017 3700 2032 ο
3731 2001 3812 2070 πῆ
3858 1999 3935 2061 δὲ,

2357 2091 2443 2144 διά
2467 2091 2565 2160 τὴν
2588 2090 2790 2160 σχέσιν,
2815 2090 2890 2152 ὡς
2925 2090 3062 2143 αὑτά
3088 2089 3157 2142 τά
3195 2090 3480 2159 ἀρχέτυπα
3531 2088 3936 2158 ὀνομαζόμενα,

2360 2182 2454 2233 καὶ
2479 2181 2578 2233 οῦκ
2597 2181 2804 2244 εἰκόνες
2834 2181 3036 2233 αὐτῶν.

2431 2271 2587 2324 οὕτω
2622 2272 2757 2341 φησὶ
2784 2271 2878 2326 καὶ
2905 2273 2934 2324 6
2977 2271 3118 2342 ἰερὸς
3153 2271 3507 2334 ’Δπόστολοςο
3551 2271 3850 2339 ’Υπεράνω
3873 2271 3940 2325 δέ

2359 2362 2551 2430 αὐτῆς
2577 2363 2859 2431 Χερουϐὶμ
2885 2362 3070 2428 δόξης
3097 2362 3566 2423 κατασκιάζοντα
3596 2363 3662 2415 τὸ
3691 2364 3939 2427 Macri}-

687 2456 956 2524 prototypi
1033 2471 1230 2510 nomen
1292 2457 1543 2510 tribuens
1599 2458 1949 2527 imaginibus.
2015 2459 2152 2511 Audi
2207 2468 2262 2513 et

2366 2471 2493 2519 pter
2515 2473 2528 2486 ο
2562 2453 2640 2523 τῷ
2667 2455 2897 2523 ὀνόματι
2922 2455 3032 2506 τῶν
3062 2453 3438 2524 πρωτοτῦπων
3462 2454 3812 2524 χρησάμενος
3850 2456 3941 2506 ἐπὶ

688 2548 946 2605 Basillum
987 2564 1244 2620 magnum
1277 2568 1292 2604 :
1325 2568 1343 2601 ι
1382 2549 1733 2619 Exprimatur
1766 2551 1931 2604 etiam
1982 2552 2036 2604 in
2078 2552 2261 2605 tabula

2366 2546 2470 2598 τῶν
2526 2545 2772 2599 εἰκόνιον.
2830 2546 3030 2598 Ἄκουε
3059 2545 3154 2596 καὶ
3191 2544 3284 2596 τοῦ
3333 2543 3571 2612 μεγάλου
3607 2543 3898 2596 Βασιλείου
3923 2560 3937 2575 ·

686 2643 1044 2696 certaminum
1093 2656 1291 2712 praeses
1332 2642 1584 2696 Christus
1612 2643 1678 2694 ”.
1718 2661 1735 2692 ι
1798 2643 1913 2694 Non
1945 2644 2090 2696 enim
2143 2643 2259 2697 ait:

2370 2653 2388 2685 ι
2439 2635 2832 2704 Ἐγγραςρέσθω
2858 2635 2938 2705 τῷ
2971 2635 3166 2688 πίνακι
3198 2636 3292 2688 καὶ
3333 2636 3362 2685 6
3390 2634 3500 2686 τῶν
3539 2633 3941 2701 παλαισμάτων

692 2733 1037 2801 Exprimatur
1087 2733 1268 2802 imago
1327 2733 1576 2802 przesldis
1623 2733 1985 2786 certaminum
2034 2733 2260 2798 Christi,

2366 2727 2702 2797 ἀγωνοθέτης
2725 2729 2978 2797 Χριστός.
3014 2749 3032 2780 ι
3063 2729 3154 2798 Μὴ
3178 2729 3284 2799 γάρ
3323 2724 3478 2781 εἶπεν
3497 2745 3514 2760 ο
3547 2728 3941 2798 Ἐγγραφέσθω

685 2824 820 2886 sed,
877 2823 1150 2876 Christus.
1218 2823 1356 2875 Audi
1411 2831 1464 2876 et
1532 2821 1853 2888 Gregorium
1908 2820 2258 2890 Nyssenum:

2366 2823 2396 2890 ἡ
2419 2818 2583 2871 εἰκὼν
2612 2819 2703 2872 τοῦ
2725 2821 2835 2872 τῶν
2865 2820 3266 2888 παλαισμάτων
3286 2818 3626 2886 ἀγωνοθέτου
3658 2821 3902 2891 Χριστοῦ
3925 2837 3937 2851 ·

693 2933 711 2965 ε
754 2915 961 2969 Pmsto
995 2924 1076 2968 est
1110 2913 1279 2969 Isaac.
1314 2937 1332 2964 ι
1373 2913 1549 2982 Ipsam
1581 2913 1731 2966 Isaac
1761 2914 2076 2981 imaginem,
2117 2913 2262 2968 Isaac

2366 2912 2518 2972 ἀλλὰ,
2544 2911 2797 2980 Χριστός.
2830 2912 3027 2964 ’Λκουε
3054 2911 3150 2963 καὶ
3184 2909 3485 2980 Γρηγορίου
3515 2909 3612 2963 τοῦ
3633 2911 3900 2974 Νυσσὲως
3924 2927 3936 2941 ο

687 3008 944 3076 appellat.
976 3005 1118 3059 Audi
1164 3006 1618 3075 Chrysostomum
1653 3020 1666 3056 :
1709 3022 1725 3053 ι
1761 3003 1879 3056 Vidi
1916 3005 2166 3072 angelum
2209 3005 2260 3057 in

2367 3020 2386 3052 ε
2431 3003 2722 3072 Πρόκειται
2777 3003 2806 3055 6
2852 3003 3056 3055 Ἰσαάκ.
3121 3019 3139 3054 ι
3183 3001 3281 3072 τὴν
3340 3001 3527 3055 εἰκόνα
3578 3001 3672 3055 τοῦ
3732 3003 3938 3065 Ἰσαὰκ,

690 3099 948 3168 imagine.
989 3117 1005 3148 ι
1045 3097 1162 3150 Non
1195 3099 1340 3150 enim
1388 3097 1679 3164 imaginem
1721 3096 1899 3164 angeli
1945 3097 1997 3148 in
2031 3096 2263 3163 imagine

2375 3093 2558 3147 Ἰσαὰκ
2625 3093 3012 3162 ὀνομάσαντος.
3078 3095 3280 3146 Ἀκουε
3341 3093 3438 3146 τοῦ
3505 3095 3938 3165 Χρυσοπόμουο

691 3207 718 3245 a
754 3207 814 3247 se
847 3192 1019 3245 visam
1051 3191 1210 3253 dixit,
1245 3189 1336 3243 sed
1369 3189 1645 3258 angelum.
1698 3187 1757 3241 In
1795 3188 2028 3257 imagine
2060 3189 2259 3257 quippe

2370 3203 2387 3233 ε
2423 3181 2572 3234 Εἶδον
2601 3184 2830 3251 ἄγγελον
2860 3186 2917 3236 έν
2938 3185 3108 3238 εἰκόνι
3128 3199 3141 3213 °
3185 3203 3203 3236 ι
3238 3186 3328 3254 Μὴ
3358 3184 3469 3254 γάρ
3497 3187 3733 3254 ἀγγέλου
3754 3187 3942 3242 εἰκόνα

690 3293 1036 3353 prototypum
1069 3291 1488 3350 reprzesentatur
1530 3297 1542 3332 :
1584 3279 1728 3333 sicut
1754 3289 1806 3334 et
1831 3279 1882 3333 in
1922 3291 2048 3349 typo
2080 3281 2261 3334 crucis

2366 3275 2466 3343 ἔφη
2499 3275 2556 3326 ὲν
2579 3276 2744 3326 εἰκόνι
2777 3276 2925 3339 ἰδεῖν,
2973 3277 3087 3328 ἀλλ’
3112 3276 3364 3345 ἄγγελον.
3409 3277 3498 3330 Ἐν
3535 3279 3644 3348 γὰρ
3670 3281 3738 3349 τῇ
3771 3281 3941 3333 εἰκόνι

690 3388 821 3428 crux
859 3374 972 3441 ipsa
997 3372 1208 3425 vivllica
1239 3390 1253 3426 :
1289 3382 1558 3439 quatenus
1585 3370 1948 3438 inseparabile
1979 3380 2061 3425 est
2086 3386 2258 3424 unum

692 3465 759 3518 ab
799 3465 970 3518 altero
1024 3462 1079 3515 in
1132 3462 1470 3515 adoratione.
1529 3462 1818 3530 Pmpterea
1870 3471 1923 3515 et
1977 3462 2260 3532 archetypi

695 3570 893 3608 nomen
946 3553 1155 3606 obtinet
1208 3553 1410 3621 imago.
1465 3553 1609 3607 Crux
1673 3553 1816 3604 enim
1870 3553 2050 3606 crucis
2105 3563 2263 3622 typus

694 3645 1020 3714 appellatur.
1070 3642 1162 3696 Sic
1211 3644 1276 3696 de
1319 3658 1466 3711 rege,
1519 3643 1775 3710 omnique
1826 3643 2064 3708 homine,
2115 3644 2264 3697 etde

695 3737 841 3791 omni
883 3735 988 3788 alia
1040 3749 1115 3796 re,
1165 3748 1290 3786 vere
1321 3733 1476 3786 nobis
1505 3732 1687 3788 dicere
1716 3733 1894 3796 liccat,
1933 3751 2113 3805 regem
2155 3736 2264 3791 dici

693 3831 858 3883 etiam
900 3827 1041 3896 regis
1073 3826 1364 3894 imaginem
1397 3825 1472 3878 ait
1500 3825 1720 3880 divinus
1769 3825 2023 3890 Basilius,
2075 3837 2130 3881 et
2158 3830 2264 3882 Pe-

695 3933 863 3980 trum,
907 3918 1049 3971 Petri
1095 3917 1429 3985 imaginem;
1478 3927 1531 3970 et
1565 3916 1818 3982 Paulum;
1869 3916 2021 3972 Pauli
2070 3919 2264 3988 imagi-

697 4026 844 4064 nem.
899 4006 1082 4060 Dicam
1131 4006 1334 4074 aliquid
1385 4006 1696 4070 sublimius,
1746 4017 1799 4060 et
1834 4006 2002 4061 Deum
2048 4024 2268 4078 quoque

697 4102 974 4156 hominem
1005 4099 1138 4160 dici,
1169 4106 1432 4166 tanquam
1467 4096 1558 4152 Dei
1595 4099 1908 4166 imaginem.
1943 4099 2084 4168 Ergo
2111 4103 2266 4169 juxta

695 4207 758 4245 ea
804 4205 924 4258 quze
983 4187 1218 4242 Basilius
1272 4188 1497 4249 docuit,
1561 4187 1725 4241 etiam
1778 4188 2032 4242 Christus
2089 4190 2266 4259 imago

696 4284 922 4337 Christi.
978 4281 1124 4334 Dixit
1173 4280 1340 4343 enim,
1395 4289 1450 4332 et
1491 4281 1686 4333 iterum
1712 4281 1834 4333 dico
1865 4299 1878 4334 :
1915 4279 2269 4350 Exprimatur

697 4375 750 4426 in
789 4371 992 4435 tabida,
1026 4385 1136 4424 non
1172 4371 1354 4438 imago
1390 4368 1618 4430 Christi,
1668 4368 1763 4422 sed
1803 4368 2077 4423 Christus.
2107 4370 2264 4435 Quod

697 4464 741 4517 si
795 4464 908 4518 haec
959 4477 1066 4516 non
1119 4461 1301 4515 lerunt
1343 4461 1712 4524 conlentiosi;
1769 4461 2005 4528 primum
2056 4463 2268 4516 divinas

2363 3367 2424 3420 τὸ
2454 3366 2761 3436 ἀρχέτυπον
2805 3367 3125 3434 ἑκφαίνεται
3149 3383 3166 3400 ο
3208 3367 3282 3429 ὡς
3318 3369 3414 3420 καὶ
3455 3369 3514 3419 έν
3541 3369 3619 3438 τῷ
3647 3373 3806 3439 τύπῳ
3849 3363 3941 3424 τοῦ

2367 3459 2603 3529 σταυροῦ
2637 3460 2663 3511 6
2705 3459 2969 3523 ζωοποιδς
3009 3461 3237 3529 σταυρός
3268 3475 3283 3489 ⁸
3328 3461 3476 3514 καθά
3505 3463 3600 3515 καὶ
3635 3464 3943 3531 ἀχώριστόν

2365 3553 2480 3603 ἐστι
2521 3551 2750 3621 θάτερον
2807 3553 3037 3623 θατέρου
3083 3554 3149 3623 τῇ
3206 3555 3612 3623 προσκυνήσει·
3644 3553 3737 3606 διὰ
3785 3555 3943 3608 τοῦτο

2365 3642 2461 3693 καὶ
2487 3643 2584 3712 τὴν
2616 3643 2808 3712 κλῆσιν
2842 3643 2935 3696 τοῦ
2973 3643 3335 3712 πρωτοτύπου
3387 3645 3500 3714 ῑχει
3527 3645 3589 3697 τὸ
3631 3645 3937 3714 εἰκόνισμα.

2367 3729 2605 3799 Σταυρὸς
2632 3731 2742 3800 γάρ
2776 3733 2804 3785 6
2840 3731 3009 3795 τύπος
3043 3733 3137 3786 τοῦ
3189 3734 3427 3804 σταυροῦ
3463 3735 3746 3804 κέκληται.
3784 3736 3942 3790 υῦτω

2368 3821 2461 3872 καὶ
2499 3824 2590 3875 ἐπὶ
2629 3823 2915 3891 βασιλέως,
2944 3825 3036 3878 καὶ
3079 3826 3279 3888 παντὸς
3324 3826 3638 3897 ἀνθρώπου,
3677 3829 3774 3882 καὶ
3803 3846 3942 3882 παν-

2367 3913 2456 3976 τὸς
2477 3914 2670 3979 εἴδους,
2695 3916 2894 3984 ἀληθὲς
2929 3917 3061 3986 ἡμῖν
3087 3916 3289 3984 λέγειν,
3319 3919 3401 3970 ὅτι
3441 3918 3697 3987 βασιλεὺς
3722 3920 3941 3989 λέγεται

2369 4007 2462 4058 καὶ
2489 4008 2521 4076 ἠ
2549 4007 2642 4060 τοῦ
2673 4007 2938 4078 βασιλέως
2969 4009 3155 4071 εἰκὼν,
3189 4009 3358 4078 φησὶν
3387 4012 3414 4062 6
3442 4009 3584 4073 θεῖος
3617 4012 3901 4077 Βασίλειος
3926 4032 3939 4045 ·

2369 4099 2461 4150 καὶ
2491 4100 2693 4168 Πέτρος
2726 4101 2760 4170 ἡ
2791 4100 2997 4169 Πέτρου
3031 4099 3200 4152 εἰκών
3224 4116 3238 4130 ο
3276 4101 3372 4154 καὶ
3420 4100 3633 4164 Παῦλος
3654 4103 3690 4171 ἡ
3726 4103 3943 4157 Παύλου

2369 4189 2560 4244 εἰκών.
2593 4190 2748 4243 Ehem
2779 4207 2832 4243 τι
2868 4193 2963 4243 καὶ
2997 4191 3361 4261 ὑψηλότερον,
3395 4193 3490 4246 καὶ
3517 4191 3648 4255 Θεὸς
3669 4195 3698 4246 6
3729 4193 3944 4264 ἀνθρω-

2369 4295 2490 4342 πος,
2520 4278 2595 4342 ὡς
2619 4279 2754 4332 Θεοῦ
2795 4279 2977 4335 εἰκών.
3019 4282 3323 4351 Τοιγαροῦν
3365 4283 3627 4353 καθάπερ
3663 4282 3945 4348 Βασίλειος

2368 4369 2495 4439 ἔφη,
2518 4371 2610 4422 καὶ
2652 4370 2885 4441 Χριστὸς
2913 4372 2946 4440 ὴ
2990 4371 3233 4440 Χριστοῦ
3259 4373 3427 4426 εἰκών
3451 4390 3466 4404 ο
3515 4369 3639 4426 εἰπε
3671 4373 3810 4444 γὰρ,
3854 4378 3946 4429 καὶ

2368 4456 2520 4522 αὖθις
2544 4459 2686 4528 λέγω
2712 4477 2725 4491 ο
2765 4461 3156 4530 Ἐγγραιρέσθω
3192 4461 3270 4531 τῷ
3308 4462 3524 4528 πίνακι,
3569 4463 3668 4534 οὐχ
3713 4465 3747 4534 ἡ
3782 4463 3947 4518 εἰκὼν

698 4569 860 4608 voces
899 4553 1246 4622 improbant;
1294 4552 1485 4606 deinde
1527 4550 1806 4605 Christum
1846 4551 2121 4606 hominem
2154 4568 2262 4606 non

2371 4550 2632 4621 Χριστοῦ·
2667 4551 2820 4614 ἀλλά,
2851 4552 3182 4620 Χριστός.Εἰ
3209 4551 3268 4604 δι
3290 4553 3394 4606 οὐκ
3421 4553 3708 4622 ἀνέχονται
3740 4555 3792 4607 οἰ
3817 4555 3946 4607 δύσ-

695 4661 835 4707 esse,
889 4643 935 4696 si
991 4658 1097 4696 non
1154 4641 1340 4704 verbo,
1392 4641 1569 4708 reipsa
1622 4641 1838 4693 docent.
1886 4640 1942 4693 Si
1988 4640 2132 4693 enim
2185 4651 2269 4695 est

700 4736 884 4798 homo,
926 4734 1237 4804 depingitur
1262 4733 1487 4797 utique;
1524 4731 1760 4786 hominis
1790 4733 1936 4783 cnim
1966 4733 2269 4801 proprietas

698 4826 872 4895 prima
904 4834 989 4878 est
1033 4823 1268 4893 depingi.
1302 4820 1359 4874 Si
1405 4836 1534 4874 vero
1577 4835 1683 4874 non
1730 4820 2062 4889 depingitur,
2104 4821 2268 4875 homo

701 4933 807 4971 non
833 4926 938 4980 est,
969 4915 1064 4970 sed
1095 4913 1278 4968 carnis
1303 4928 1498 4982 expers
1527 4929 1539 4964 :
1578 4922 1633 4965 et
1659 4911 1901 4964 nondum
1938 4913 2082 4965 venit
2109 4911 2268 4966 Chri-

700 5022 838 5072 stus,
885 5007 1028 5062 sicut
1073 5005 1244 5059 Jndzei
1292 5013 1584 5072 unguntur.
1643 5003 1790 5056 llanc
1832 5007 1902 5056 ob
1949 5019 2170 5058 causam
2219 5013 2276 5058 et

703 5099 985 5164 Deiparam
1013 5111 1234 5166 quoque
1259 5095 1530 5164 depictam
1558 5095 1946 5156 exterminant,
1980 5104 2033 5147 et
2053 5107 2273 5150 sanctos

700 5207 892 5244 omnes
921 5208 933 5242 :
965 5189 1120 5258 quasi
1159 5204 1268 5244 non
1304 5199 1479 5242 mater
1507 5188 1732 5250 Christi,
1767 5202 1866 5240 nec
1897 5187 2085 5242 famuli
2109 5188 2268 5242 Chri-

701 5283 768 5336 sti
801 5290 1004 5335 essent.

773 5458 1194 5513 Exclamath
1235 5472 1398 5512 aurea
1445 5476 1458 5512 :
1516 5454 1706 5511 Verbis
1759 5455 1867 5509 tuis
1921 5469 2084 5524 opera
2135 5455 2265 5509 mihi

700 5551 1039 5606 credibiliora
1070 5549 1598 5618 suut.Consequitur
1627 5563 1756 5616 ergo
1782 5548 2060 5615 judaizare
2085 5563 2267 5602 revera

702 5642 1132 5700 lcouomachos:
1165 5652 1218 5699 et
1251 5643 1344 5714 qui
1375 5643 1444 5696 ab
1485 5641 1551 5696 iis
1578 5641 1779 5710 patitur
1800 5681 1813 5706 ,
1849 5650 2068 5710 propter
2109 5639 2267 5694 Chri-

2373 4657 2510 4711 ερις,
2534 4641 2728 4709 πρῶτα
2757 4640 2856 4710 μὲν
2895 4641 3148 4694 ἀθετοῦσι
3181 4642 3279 4705 τάς
3313 4642 3464 4706 θείας
3499 4645 3682 4710 φωνάς
3712 4659 3728 4674 ⁶
3758 4646 3947 4698 ἔπειτα

2373 4733 2623 4785 ἐντεῦθεν
2653 4732 2729 4802 μὴ
2755 4732 3042 4802 ἄνθρωπον
3070 4733 3324 4801 γενέσθαι
3355 4735 3452 4787 τὸν
3499 4737 3740 4805 Χριστὸν
3775 4737 3945 4809 ἔργῳ,

2373 4825 2475 4878 κάν
2496 4825 2638 4894 λόγῳ
2657 4823 2719 4878 οὓ
2740 4866 2754 4889 ,
2791 4824 3230 4894 δογματίζουσιν.
3262 4826 3324 4880 Εἰ
3357 4825 3468 4897 γὰρ
3508 4811 3819 4898 ἄνθρωπος,
3853 4829 3948 4882 καὶ

2371 4916 2698 4981 εἰκονίζεται
2719 4916 2963 4986 δηλονότι
2983 4931 2999 4948 ο
3027 4916 3320 4986 ἀνθρώπου
3353 4919 3465 4988 γὰρ
3497 4918 3559 4972 τὸ
3581 4920 3945 4983 εἰιιονίζεσθαι

2372 5008 2588 5076 πρῶτον
2622 5007 2817 5076 ἰδίωμα
2837 5023 2852 5038 ο
2882 5008 2930 5059 εἰ
2955 5007 3012 5060 δὲ
3053 5008 3156 5060 οὐκ
3199 5008 3566 5072 εἰκονίζεταιο
3596 5010 3699 5062 οὐκ
3735 5010 3944 5080 ἀνθρωο

2370 5111 2491 5157 πος,
2523 5095 2660 5148 ἀλλά
2691 5096 2963 5165 ἄσαρκοςο
3005 5097 3101 5148 καὶ
3126 5095 3281 5149 οὔπω
3319 5090 3426 5167 ἧκε
3473 5098 3710 5168 Χριστός
3736 5115 3750 5130 ·
3783 5098 3862 5161 ὡς
3896 5102 3944 5151 οἰ

2385 5184 2632 5237 Ἰουδαῖοι
2667 5183 3074 5251 φενακίζονται.
3106 5186 3206 5239 Διά
3236 5185 3394 5238 τοῦτο
3424 5187 3519 5239 καὶ
3552 5186 3654 5257 τὴν
3679 5187 3947 5241 Θεοτόκον

2374 5276 2781 5346 εἰκονιζομένην
2831 5276 3156 5346 ἐξορίζουσι,
3197 5277 3290 5330 καὶ
3322 5279 3501 5331 πάντα
3533 5279 3688 5345 ἀγιον
3714 5318 3732 5343 ,
3768 5279 3847 5343 ὼς
3885 5283 3945 5334 οὐ

2375 5368 2605 5436 Μητέρα
2635 5368 2770 5420 Θεοῦ
2797 5409 2812 5432 ,
2848 5370 2970 5422 οὐδὲ
2992 5369 3331 5437 θεράποντας
3365 5369 3527 5432 δντας
3549 5370 3815 5438 Χριστοῦ.

2445 5457 2557 5509 Καὶ
2618 5457 2715 5527 βοᾷ
2775 5457 2806 5509 6
2857 5460 3296 5528 xpuaoppmuuv'
3351 5458 3472 5511 Τῶν
3502 5460 3676 5526 λόγων
3735 5477 3834 5512 σου
3882 5477 3948 5512 sa

2376 5547 2511 5616 ἔργα
2570 5550 2696 5616 ἐμοὶ
2751 5552 3068 5620 πιστότερα.
3107 5552 3379 5620 Συνῆκται
3427 5547 3523 5605 οῦν
3571 5553 3632 5616 ἐξ
3685 5553 3947 5622 ἀληθείας

2380 5638 2694 5701 Ἰουδαΐζειν
2723 5643 2848 5704 τοὺς
2882 5641 3314 5709 Εἰκονομὰχουςο
3350 5641 3443 5692 καὶ
3474 5644 3502 5694 6
3534 5640 3826 5695 mvoavmv
3860 5641 3944 5695 ὑπ’

777 5821 821 5852 ³⁸
861 5819 1029 5875 Exod.
1065 5820 1280 5883 xxv,l8.
1358 5820 1400 5851 ³⁸
1441 5817 1598 5872 Num.
1641 5831 1752 5883 xxi,
1792 5818 1843 5869 9.
1922 5817 1964 5848 "
2011 5815 2168 5871 llebr.
2212 5831 2268 5880 ιι,
2305 5818 2353 5870 9.
2433 5818 2473 5847 ³⁷
2518 5815 2851 5874 Testimonia
2883 5818 3144 5874 hzc'vide
3177 5833 3357 5886 supra,
3391 5818 3496 5873 Col.
3529 5817 3655 5874 477.
