4164 6516
272 424 415 489 1185

1474 439 2015 505 EPISTOLARUM
2058 446 2205 509 LIB.
2265 450 2348 512 ΙΙ.

262 536 452 589 αὐτῶν
475 552 487 565 ·
514 534 600 588 διά
627 533 865 604 Χριστὸν
892 540 981 593 καὶ
1013 539 1153 612 ὑπὲρ
1185 542 1427 616 Χριστοῦ
1460 551 1731 620 πάσχων·
1762 552 1852 605 διὰ
1880 556 1927 615 Α

3405 464 3544 531 1188

1955 566 2098 611 stum
2136 569 2190 613 et
2221 576 2320 630 pro
2352 563 2571 619 Christo
2593 567 2744 636 pati;
2785 580 3006 639 propter
3039 570 3321 643 Deiparam
3355 590 3409 633 et
3440 596 3541 648 pro

258 627 363 697 τὴν
413 628 685 683 Θεοτὸκον
732 634 826 686 καὶ
881 635 1010 706 ὐτὲρ
1041 637 1141 705 τῆς
1171 638 1475 693 Θεοτὸκου’
1530 643 1618 695 διὰ
1670 645 1839 697 πάντα

2224 627 2233 630 τ
2595 627 2607 636 .
2731 627 2799 638 ..
2890 627 2903 639 .
3139 627 3536 648 --.η

1956 647 2231 718 Deipara;
2285 666 2505 723 propter
2555 668 2778 713 sanctos
2822 676 3017 717 omnes
3070 673 3120 719 et
3176 681 3275 735 pro
3333 672 3542 727 sanctis

259 716 419 786 ἅγιον
444 719 541 772 καὶ
571 722 711 793 ὑπὲρ
738 726 957 779 πάντων
987 728 1157 795 ἁγίων
1182 746 1195 759 ο
1253 732 1470 803 μάρτυς
1508 735 1846 806 ἀπαράγραο

260 825 422 874 πτος,
480 813 577 865 καὶ
646 816 989 887 ὁμολογητὴς
1045 821 1310 891 Χριστοῦ,
1364 827 1393 877 ὁ
1456 827 1697 881 ὲναθλῶν
1751 830 1849 882 καὶ⁵

260 903 641 973 ἐνιστάμενος.
687 908 797 961 Καὶ
818 910 999 975 οὐδεὶς
1029 913 1325 984 ἀντερήσει
1355 916 1535 985 λόγος.
1586 920 1651 972 υἱ
1680 920 1845 974 Μακ-

260 994 486 1049 καὸαἶοι
532 997 834 1070 μάρτυρες,
890 1002 965 1072 μὴ
1024 1004 1206 1074 κρεῶν
1257 1006 1420 1059 ὑείων
1474 1010 1845 1080 ἀνασχόμενοι

258 1088 599 1156 παρανόμως
630 1091 954 1158 γεύσασθαι.
997 1094 1054 1147 Ὀ
1098 1097 1416 1168 Πρόδρομος
1466 1101 1678 1171 μάρτυς
1706 1104 1847 1174 ὑπὲρ

257 1182 495 1251 ὲλεγμοῦ
525 1186 812 1256 ἀληθείας·
846 1190 942 1242 καὶ
973 1189 1132 1256 ἀλλος
1155 1193 1296 1263 ὑπὲρ
1329 1194 1424 1248 τοῦ
1468 1196 1544 1267 μὴ
1589 1199 1844 1253 καταϐα-

257 1274 450 1329 λέσθαι
472 1276 657 1332 ὀϐολὸν
697 1281 779 1344 εὶς
815 1282 1106 1355 οἰκοδομὴν
1152 1285 1426 1339 είδωλείου
1451 1303 1467 1318 θ
1501 1289 1598 1342 καὶ
1652 1290 1843 1361 ἕτερος

256 1365 325 1418 δι’
353 1367 543 1439 ἕτερον
572 1369 836 1442 ένταλμα.
894 1374 959 1426 Τί
1020 1377 1130 1447 γὰρ
1170 1377 1252 1429 δεῖ
1291 1376 1363 1433 τά
1410 1382 1581 1436 πολλά
1616 1382 1840 1451 λέγεινς

258 1460 355 1511 καὶ
403 1462 635 1517 ἐνταῦθα
684 1466 969 1536 προδήλως
1016 1468 1045 1520 ὁ
1073 1468 1163 1522 διὰ
1192 1471 1430 1541 Χριστὸν
1490 1474 1733 1529 ἑναθλῶν
1777 1478 1840 1530 οὐ

261 1553 498 1622 μάρτυς,
528 1554 605 1618 ὦς
634 1557 767 1625 φασί
789 1575 935 1622 τινες
957 1560 1068 1614 τῶν
1098 1560 1413 1634 δυστήνων;
1448 1565 1667 1638 μάρτυς
1703 1569 1840 1641 ἀλη-

261 1642 385 1714 θὴς.
420 1646 545 1715 μηδ’
572 1648 751 1702 ὁτιοῦν
773 1651 970 1705 ἐνδέων
1003 1652 1112 1709 τῶν
1153 1655 1239 1724 ἐφ’
1281 1656 1559 1729 Ἑλλήνων
1606 1660 1639 1731 ἢ
1714 1660 1844 1714 Ἰου-

258 1737 430 1792 δαίων
459 1741 929 1811 μαρτυρησάντων
956 1759 971 1775 ⁶
1006 1745 1115 1800 Kal
1145 1748 1180 1801 ὁ
1215 1746 1451 1816 μάρτυς
1496 1749 1568 1804 ἐν
1606 1750 1843 1820 οὐρανῷ

254 1831 499 1896 πιστός.
547 1830 729 1895 Ὀλως
768 1828 885 1901 οὖν,
935 1835 985 1888 εἰ
1022 1836 1052 1889 ὁ
1095 1835 1190 1890 τὸν
1224 1836 1397 1892 τύπον
1447 1840 1545 1895 τοῦ
1599 1842 1837 1914 σταυροῦ

1954 742 2409 814 quibuscunque;
2452 758 2743 819 martyrem
2779 751 3208 824 irrefragabilem
3244 768 3297 811 et
3325 761 3538 815 confes-

1954 846 2135 887 sorem
2182 834 2385 891 Christi
2432 852 2592 906 esse,
2641 843 2732 911 qui
2779 843 3021 898 decertat
3063 855 3117 899 et
3149 848 3377 905 resistit.
3430 851 3539 906 Nec

1952 926 2155 992 Opponi
2206 938 2397 984 contra
2454 933 2756 1001 quidquam
2798 947 2992 1005 potest.
3040 939 3335 997 Machaba‘i
3394 960 3539 999 mar-

1952 1026 2098 1085 tyres
2136 1016 2297 1083 facti,
2330 1024 2478 1091 quod
2520 1027 2715 1083 suillas
2758 1044 2952 1087 carnes
2999 1034 3162 1089 edere
3210 1035 3534 1093 abnuerent.

1952 1106 2266 1165 Prazcnrsor
2306 1125 2509 1185 martyr
2550 1117 2650 1171 fuit
2686 1129 2911 1190 propter
2946 1123 3211 1179 indicium
3246 1128 3491 1183 veritatis
3518 1169 3533 1193 ,

1951 1200 2090 1254 alius
2126 1203 2269 1270 quod
2319 1205 2542 1261 obolum
2586 1211 2837 1266 conferre
2884 1214 3051 1269 nollet
3090 1216 3157 1270 ad
3195 1226 3532 1275 structuram

1949 1290 2139 1359 idolii;
2195 1306 2249 1348 et
2296 1296 2438 1350 alius
2481 1299 2626 1354 aliud
2684 1302 2756 1355 ob
2815 1306 3151 1360 mandatum.
3203 1308 3344 1374 Quid
3388 1312 3534 1365 enim

1948 1382 2141 1439 attinet
2163 1389 2329 1441 multa
2355 1390 2547 1455 loqui?
2580 1392 2645 1446 Et
2664 1393 2753 1447 hic
2776 1396 2868 1465 qui
2896 1397 3186 1453 manifeste
3206 1415 3301 1469 pro
3317 1400 3535 1457 Christo

1946 1473 2222 1539 decertat,
2264 1492 2467 1552 martyr
2495 1498 2600 1538 non
2638 1487 2742 1540 erit
2766 1529 2780 1551 ,
2826 1497 2882 1541 ut
2911 1489 3098 1544 miseri
3132 1492 3353 1561 quidam
3385 1494 3533 1547 allira

1947 1568 2131 1621 mant?
2160 1568 2367 1641 Martyr
2404 1574 2562 1641 plane
2593 1591 2787 1639 verus,
2824 1580 2972 1634 nulla
3020 1597 3077 1635 re
3105 1583 3425 1654 discrepans
3464 1587 3533 1641 ab

1946 1654 2056 1710 illis
2086 1673 2226 1728 quos
2266 1661 2471 1716 ethnici
2511 1664 2596 1718 vel
2624 1664 2795 1722 Judaei
2827 1680 3095 1740 martyres
3128 1673 3419 1730 fecerunt:
3464 1674 3532 1729 Et

1946 1750 2093 1803 testis
2122 1752 2178 1803 in
2204 1753 2331 1806 cwto
2357 1755 2531 1821 ﬁdelis
2558 1756 2623 1810 ³⁸.
2653 1756 2895 1815 Omnino
2924 1778 3075 1833 ergo,
3119 1766 3165 1820 si
3196 1767 3321 1835 quis
3355 1770 3533 1823 crucis

1946 1849 2132 1911 typum
2156 1844 2386 1913 spernit,
2412 1846 2465 1899 in
2483 1844 2759 1903 Christum
2789 1852 2970 1920 ipsum
2988 1866 3365 1926 contemptum
3388 1859 3535 1915 hunc

252 1919 489 1985 ἀθετῶν,
522 1921 603 1982 είς
642 1923 879 1995 Χριστὸν
902 1925 1169 1997 ἀναφέρει
1190 1926 1292 1997 τὴν
1324 1928 1587 1998 ἀθέτησιν
1607 1946 1621 1961 ⁶
1656 1904 1839 2004 πολλῷ

1945 1941 2162 2001 torquet
2189 1951 2202 1987 :
2237 1935 2412 1988 multo
2436 1938 2610 2008 magis
2641 1940 2734 2008 qui
2763 1904 3056 2013 imaginem
3092 1904 3294 2002 Chrirsti
3328 1960 3487 2020 negat
3514 1994 3530 2017 ,

256 2015 463 2084 μᾶλλον
487 2016 517 2069 ὁ
545 2016 645 2088 τὴν
673 2018 861 2072 εἰκόνα
891 2020 1133 2091 Χριστοῦ
1153 2023 1513 2095 ἀρνούμενος,
1561 2028 1643 2091 εἰς
1696 2029 1838 2098 Χρι-

254 2108 386 2161 στὸν
442 2107 760 2182 ἀναπέμπει
819 2113 919 2184 τὴν
952 2113 1205 2187 ἄρνησιν.
1256 2116 1445 2182 Οὕτως
1506 2119 1604 2172 καὶ
1671 2120 1701 2173 ὁ
1752 2122 1877 2189 ἐερί

252 2202 499 2274 ἑκατέρᾳ
528 2204 849 2277 μαρτυρῶν,
878 2206 1088 2277 μάρτυς
1126 2208 1501 2279 ἀληθέστατος
1526 2225 1543 2241 ο
1575 2210 1673 2265 καὶ
1702 2212 1840 2282 μᾶλα

251 2293 349 2346 λον
387 2296 446 2347 ὲν
478 2298 546 2367 τῇ
592 2296 763 2349 είκὸνι
788 2313 801 2329 ο
831 2297 915 2350 ὅτι
956 2299 987 2351 ὁ
1014 2299 1114 2369 μὲν
1146 2302 1372 2371 σημεῖον
1397 2317 1414 2335 ο
1463 2302 1493 2354 ὁ
1538 2303 1596 2357 δὲ
1651 2305 1837 2377 μορφὴ

252 2386 521 2455 Χριστοῦ.
581 2389 917 2460 Παρακαλῶ,
958 2390 1183 2459 ἀδελφοί
1226 2409 1329 2463 μου
1360 2393 1527 2463 ἅγιοι,
1580 2394 1833 2467 κλήσεως

254 2480 587 2550 ἐπουρανίου
642 2480 884 2550 μέτοχοι,
940 2481 1159 2551 πρῶτον
1217 2486 1441 2556 μνήμην
1502 2504 1605 2557 μου
1668 2489 1840 2541 ποιεῖ-

254 2570 386 2623 σθαι
439 2570 536 2624 τοῦ
591 2572 892 2626 ταπεινοῦ’
943 2568 1027 2638 οἷς
1078 2574 1246 2643 λέγω,
1299 2577 1447 2648 ἔργῳ
1510 2578 1838 2649 ἀποδειχθῆ-

252 2659 346 2714 ναί
380 2679 449 2731 με
483 2663 769 2732 εὐχόμενοι
791 2680 806 2694 ·
831 2664 1101 2736 μηδαμῶς
1148 2666 1625 2739 ὑποχαυνούμενον
1670 2670 1733 2722 ἐκ
1775 2685 1837 2721 τε

250 2754 365 2807 τῶν
418 2756 667 2825 ἀοράτων
711 2756 806 2811 καὶ
861 2758 1155 2829 ὁρωμένων
1225 2760 1544 2830 προσϐολῶν
1577 2776 1593 2793 ⁸
1643 2760 1837 2829 ἔπειτα

251 2847 551 2917 προσέχειν
631 2850 846 2912 ἑαυτοῖς
914 2851 1011 2903 καὶ
1063 2852 1131 2920 τῇ
1196 2852 1528 2923 ἐνισταμένη
1583 2853 1835 2923 ἀθλήσει.

263 2936 428 2992 Ἀλλά
459 2938 536 3008 μὴ
557 2940 671 3003 τοῖς
691 2939 972 3008 λογισμοῖς
1000 2939 1403 3009 ἑμπιὶρίζεσθαι
1436 2942 1526 2994 διὰ
1556 2944 1836 3013 πτωχείαν

249 3030 530 3094 συνέσεως
580 3032 640 3084 ὲν
666 3034 731 3103 τῇ
793 3030 905 3085 τῶν
962 3033 1310 3102 πραγμάτων
1363 3033 1528 3097 δείξει
1577 3035 1686 3087 ὑπὸ
1736 3035 1837 3103 τῆς

250 3122 521 3191 προνοίας
547 3122 946 3193 διοικουμένων
979 3122 1212 3192 βαθέως,
1244 3126 1338 3176 καὶ
1380 3124 1456 3187 ὡς
1481 3124 1582 3177 οὐκ
1618 3124 1839 3193 ἐφικτὸν

249 3212 543 3283 ἀνθρώπου
576 3211 785 3283 διανοίᾳ
808 3228 821 3242 ⁸
849 3211 984 3282 μηδὲ
1010 3211 1039 3264 δ
1080 3211 1312 3281 ψάλλετε
1345 3212 1593 3268 πάθοιτε.
1660 3213 1833 3283 Ἐμοῦ

256 3302 327 3356 δὲ
370 3303 529 3372 παρὰ
562 3304 776 3373 μικρὸν
828 3302 1260 3370 ἐσαλεύθησαν
1313 3306 1367 3357 οὶ
1415 3304 1619 3370 πόδες’
1692 3304 1829 3372 παρ’

253 3395 469 3464 ὀλίγον
491 3393 751 3463 ἐξεχύθη
775 3394 848 3448 τὰ
871 3393 1207 3463 διαϐήματά
1230 3412 1351 3463 μου
1373 3411 1387 3426 ·
1439 3394 1527 3448 ὅτι
1555 3393 1832 3463 ἐζήλωσα

250 3488 355 3541 ἐπὶ
383 3486 509 3554 τοῖς
532 3488 803 3556 ἀνόμοις.
831 3486 892 3540 τὸ
916 3487 1011 3539 καὶ
1043 3486 1104 3541 τὸ
1131 3486 1376 3555 θεωρῶν.
1426 3486 1591 3540 Ἀλλά
1629 3486 1835 3556 μᾶλλον

247 3579 473 3635 ἀκούειν
503 3579 599 3633 τοῦ
641 3579 850 3650 Κυρίου
894 3579 1177 3648 λέγοντος·
1222 3578 1570 3648 Ὺπόμεινόν
1620 3594 1693 3647 με
1747 3580 1836 3643 εἰς

250 3670 489 3741 ἡμέραν
514 3670 910 3737 ἀναστάσεως
946 3687 1087 3740 μου.
1119 3670 1230 3724 Kal.
1265 3670 1346 3723 ὅτι
1394 3670 1458 3723 '0
1508 3670 1837 3739 ὑπομείνας

250 3765 343 3830 εἰς
370 3762 566 3830 τέλος,
602 3758 784 3829 οὗτος
810 3762 1174 3832 σωθήσεται.

434 3878 562 3934 KB’.
601 3908 671 3921 —
698 3877 828 3949 Τοῖς
853 3877 1123 3933 ἀποῦσιν
1148 3875 1455 3946 ἀδελφοῖς.
1492 3873 1673 3946 [σλα’.1

1941 2023 2288 2092 negationem
2322 2026 2373 2078 iu
2404 2026 2687 2083 Christum
2715 2030 2904 2085 refert.
2933 2033 3046 2095 Sic,
3076 2036 3169 2104 qui
3205 2040 3529 2108 martyrium

1941 2128 2040 2182 pro
2071 2115 2339 2170 alterutro
2363 2117 2555 2173 suffert
2579 2159 2594 2185 ,
2628 2131 2840 2193 martyr
2865 2125 3188 2182 verissimus
3212 2144 3227 2181 :
3270 2144 3335 2183 ac
3362 2131 3533 2199 magis

1940 2206 2105 2260 etiam
2140 2208 2193 2261 in
2226 2208 2497 2281 imagine:
2543 2213 2670 2281 quia
2720 2223 2881 2285 typus
2907 2217 3123 2286 signum
3150 2260 3165 2285 ,
3204 2221 3381 2291 imago
3421 2221 3534 2277 for-

1941 2313 2027 2351 ma
2055 2307 2140 2353 est
2159 2300 2387 2357 Christi.
2409 2301 2673 2369 Obsecro,
2706 2305 2907 2362 fratres
2941 2310 3045 2363 mei
3071 2312 3265 2376 sancti,
3293 2313 3532 2368 caelestis

1941 2390 2249 2445 vocationis
2287 2393 2620 2463 participes,
2672 2397 2908 2466 primum
2941 2401 3160 2469 quidem
3210 2405 3528 2460 memoriam

1943 2480 2047 2533 mei
2077 2480 2300 2536 humilis
2330 2482 2543 2539 faciatis
2564 2528 2579 2553 ,
2611 2498 2832 2544 orantes
2865 2498 2926 2543 ut
2956 2507 3079 2560 quae
3107 2493 3232 2548 dico
3257 2534 3271 2558 ,
3304 2512 3363 2549 re
3389 2512 3529 2565 prae-

1940 2580 2077 2627 stem
2099 2615 2114 2640 ,
2151 2576 2317 2631 nullis
2342 2579 2544 2637 cedens
2582 2597 2684 2637 nec
2717 2584 2923 2653 apertis
2970 2601 3070 2641 nec
3091 2588 3320 2644 occultis
3353 2589 3530 2644 insul-

1941 2665 2087 2720 libus
2147 2682 2160 2720 :
2209 2668 2405 2729 deinde
2434 2672 2593 2728 vobis
2636 2673 2778 2743 ipsis
2828 2678 3123 2734 attendatis
3174 2688 3229 2735 et
3276 2682 3527 2750 ιιι-περιιιὶ

1940 2759 2251 2823 certamjni.
2316 2761 2426 2818 Nec
2473 2779 2606 2820 vero
2665 2768 3095 2839 cogitationibus
3159 2774 3395 2828 uramini
3458 2792 3527 2830 ex

1942 2852 2123 2922 inopia
2160 2855 2407 2911 scientia:
2445 2857 2500 2912 in
2556 2860 2751 2915 harum
2790 2876 2973 2916 rerum
3027 2866 3485 2935 contemplatione

1939 2961 2063 3012 quae
2084 2962 2114 3001 a
2152 2949 2493 3017 providentia
2533 2951 2646 3006 alto
2677 2954 2911 3008 consilio
2937 2954 3342 3023 gubernantur,
3378 2961 3525 3029 quod

1941 3039 2159 3107 assequi
2187 3041 2377 3109 nequit
2410 3041 2648 3098 humana
2693 3046 3090 3116 intelligentia;
3144 3066 3243 3105 nec
3285 3052 3439 3108 vobis
3472 3055 3525 3109 id

1940 3130 2225 3201 contingat
2254 3132 2400 3201 quod
2431 3136 2633 3191 canitis
2666 3153 2680 3189 :
2729 3136 2833 3191 Mei
2866 3151 3045 3193 autent
3074 3158 3200 3209 pene
3235 3146 3365 3199 moti
3402 3156 3524 3200 sunt

1865 3244 1907 3303 ο
1939 3222 2127 3291 pedes:
2152 3240 2279 3292 pene
2298 3225 2456 3294 e/I‘usi
2477 3236 2599 3281 sunt
2626 3244 2831 3297 gressus
2856 3232 2956 3284 mei
2978 3249 2996 3296 ;
3024 3234 3149 3301 quia
3176 3236 3340 3290 zelavi
3370 3254 3527 3306 super

1938 3313 2148 3384 iniun
2192 3314 2272 3381 ³⁹,
2330 3318 2434 3372 hoc
2475 3326 2530 3371 et
2574 3319 2708 3374 illud
2742 3320 2956 3378 videns.
3004 3326 3109 3383 Sed
3144 3327 3328 3383 audite
3349 3331 3528 3397 potius

1936 3404 2206 3461 dieeutem
2242 3408 2573 3463 Dominum:
2626 3409 2888 3480 Exspecta
2930 3432 3011 3471 me
3056 3418 3111 3471 in
3159 3420 3246 3473 die
3285 3436 3526 3476 resurre-

1937 3498 2125 3551 ctiom’s
2159 3516 2284 3555 mem
2317 3501 2384 3554 ⁸ο.
2416 3500 2482 3556 Et
2512 3520 2525 3557 :
2559 3501 2664 3569 Qui
2693 3507 3005 3562 sustinuerit
3034 3524 3198 3581 usque
3243 3511 3295 3565 in
3331 3512 3523 3581 ﬂuent,

1940 3591 2023 3644 hic
2051 3590 2230 3646 salvus
2252 3594 2351 3648 erit
2385 3593 2452 3650 “.

2312 3876 2479 3934 XXII.
2524 3878 2807 3938 Fratribus
2835 3884 3161 3945 absentibus.

972 3992 1028 4041 In
1049 4003 1251 4040 carcere
1270 3991 1455 4052 scripta
1479 3997 1716 4051 tanquam
1753 3991 2125 4038 testamentum.
2154 3989 2353 4052 (Baron.
2388 4006 2473 4043 an.
2498 3994 2609 4055 816,
2634 4008 2686 4046 ιι.
2712 3997 2815 4063 35.)

324 4106 567 4161 Πάντοτε
628 4103 727 4175 μὲν
788 4101 1126 4157 διατίθεσθαι
1184 4100 1293 4173 χρὴ
1350 4100 1442 4153 τὸν
1507 4099 1839 4171 Χριστιανὸν

2014 4098 2239 4170 Semper
2258 4104 2479 4173 quidem
2500 4106 2567 4160 ad
2587 4118 2818 4163 mortem
2842 4110 3029 4167 omnia
3056 4113 3345 4182 disponere
3365 4116 3525 4175 Chri-

249 4200 325 4255 τά
363 4199 502 4270 πρὸς
552 4196 821 4251 θάνατον·
877 4195 1115 4265 μάλιστα
1152 4193 1209 4247 δὲ
1258 4193 1464 4245 ὁπόταν
1498 4194 1835 4263 πειρασμοῖς

1941 4189 2177 4244 stianum
2208 4202 2463 4261 oportet:
2505 4195 2599 4250 sed
2639 4204 2758 4251 tum
2802 4202 3036 4257 maxime
3084 4220 3208 4258 cum
3258 4209 3523 4264 aerumnis

250 4291 540 4362 περιπαρῇ
588 4288 819 4341 θάνατον
858 4285 1201 4341 ἀπειλοῦσιν.
1242 4286 1399 4339 Ἐπεὶ
1453 4284 1548 4340 οῦν
1594 4285 1838 4339 τοιοῦτον

1941 4288 2170 4333 mortem
2204 4279 2605 4339 intentantibus
2641 4295 2889 4355 urgetur.
2931 4287 3165 4354 Quando
3213 4293 3379 4364 igitur
3421 4296 3525 4351 hoc

250 4386 314 4439 τὸ
363 4381 490 4437 καθ’
520 4383 691 4453 ἡμᾶς,
755 4378 845 4432 διὰ
896 4380 995 4450 τὴν
1055 4379 1371 4449 σφύζουσαν
1423 4376 1536 4430 τῶν
1588 4377 1835 4431 διωκτῶν

1941 4370 1994 4425 ἱη
2042 4382 2186 4427 statu
2227 4384 2358 4429 sunt
2401 4391 2488 4431 res
2528 4387 2767 4443 nostrae,
2810 4381 3066 4436 saeviente
3104 4394 3521 4453 persecutorum

253 4478 459 4549 μανίαν
494 4475 682 4528 εἵνεκα
730 4472 830 4542 τῆς
856 4470 1096 4542 Χριστοῦ
1143 4472 1402 4543 ἀγάπηςσ
1456 4468 1550 4523 τοῦ
1603 4486 1837 4539 προκει-

1941 4463 2094 4518 rabie
2122 4464 2194 4519 ob
2214 4464 2419 4520 Christi
2455 4467 2776 4522 charitatem
2796 4509 2810 4533 ,
2841 4470 2956 4524 sive
2985 4472 3055 4525 ob
3096 4488 3336 4540 praesens
3363 4476 3524 4529 testi-

254 4572 419 4641 μένου
452 4568 517 4639 δὴ
553 4563 857 4638 μαρτυρίου
885 4563 990 4633 τῆς
1021 4564 1151 4634 περὶ
1177 4563 1342 4617 αὑτὸν
1371 4561 1669 4631 ὁμολογίας
1692 4576 1707 4591 ·
1739 4562 1835 4614 καὶ

1942 4555 2188 4610 monium
2218 4556 2582 4613 confessionis
2610 4558 2765 4630 ejus;
2810 4577 2909 4616 nec
2952 4565 3093 4619 scire
3132 4580 3357 4635 possum
3390 4566 3524 4637 quid

248 4660 352 4713 οὐκ
383 4653 503 4712 οἶδα
534 4659 587 4711 τί
643 4674 733 4729 μοι
788 4655 1132 4727 ἀποϐήσεται
1178 4654 1392 4725 ἀθρόως
1422 4653 1538 4707 δντι
1577 4670 1832 4725 μεμονω-

1942 4646 2124 4700 subito
2153 4655 2477 4702 eventurum
2518 4650 2589 4704 sit
2622 4651 2754 4705 mihi
2796 4652 2865 4706 ab
2897 4653 3019 4708 aliis
3058 4656 3347 4724 sejuncto,
3388 4673 3522 4727 pro-

297 4752 405 4823 ένῳ
427 4752 521 4805 καὶ
553 4714 969 4822 περιειργμένιιί
992 4748 1209 4819 μακράν
1254 4714 1499 4815 πουνάςιΐ
1531 4714 1690 4816 ὑμῶν
1722 4744 1833 4798 τῶν

1941 4737 2137 4805 culque
2166 4752 2195 4790 a
2230 4738 2384 4792 vobis
2418 4742 2677 4796 omnibus
2706 4741 2973 4800 fratribus
3013 4747 3147 4802 meis
3178 4763 3241 4803 ac
3268 4747 3524 4804 Patrihus

253 4771 405 4823 μενῳ
427 4771 521 4805 και
553 4771 961 4822 περιειργμενῳ
992 4771 1209 4819 μακράν
1254 4771 1357 4800 που
1402 4771 1480 4815 αφ
1531 4771 1690 4816 υμων
1722 4771 1833 4798 των

248 4844 510 4898 ἁπάντων
540 4841 787 4911 ἀδελφῶν
813 4857 917 4911 μου
966 4840 1060 4892 καὶ
1104 4839 1398 4909 Πατέρων’
1447 4835 1601 4901 ἔδοξα
1650 4835 1834 4899 καλῶς

1941 4771 2135 4805 umque
2166 4771 2195 4790 α
2238 4771 2384 4792 "una
2418 4771 2677 4796 υιιιιιιυυθ
2706 4771 2973 4800 ιιᾱιιιυυδ
3015 4771 3147 4802 mets
3178 4771 3241 4803 ac
3269 4771 3520 4804 ratrtuus

1942 4830 2308 4884 circumcluso
2351 4848 2365 4882 :
2416 4842 2562 4887 recte
2613 4832 2883 4889 facturum
2919 4853 3005 4891 me
3044 4839 3392 4904 existimavi,
3438 4842 3520 4905 si,

250 4935 399 5006 ἔχειν
431 4932 750 4987 τελευταίαν
782 4930 947 4985 οἱονεὶ
996 4930 1205 5002 φωνὴν,
1235 4931 1439 4999 ταύτην
1470 4928 1571 4998 τὴν
1611 4930 1833 4983 έπιστου

1942 4932 2255 4987 supremam
2314 4919 2478 4974 veluti
2536 4936 2767 4988 vocem,
2824 4924 2968 4980 hanc
3021 4927 3308 4996 epistolam
3366 4931 3525 4985 vobis

250 5025 351 5095 λὴν
384 5024 729 5097 παραθέσθαι
763 5023 917 5093 ὑμῖν,
946 5022 1041 5075 καὶ
1090 5020 1158 5075 δι’
1190 5020 1345 5091 ὑμῶν
1373 5019 1524 5090 πάσῃ
1576 5022 1641 5090 τῇ
1674 5020 1833 5073 ἀδελ-

252 5117 469 5187 φὸτητι.
503 5116 685 5169 Καλὸν
720 5115 829 5187 γὰρ
864 5114 1127 5177 πολλάκις
1177 5111 1515 5165 διατίθεσθαι
1546 5112 1641 5165 καὶ
1701 5114 1831 5165 ἐπι-

252 5209 457 5279 μένειν,
510 5206 544 5276 ἢ
600 5206 899 5278 προσδοκίᾳ
955 5204 1102 5274 ζωῆς
1176 5203 1408 5269 ἐξάπινα
1471 5202 1829 5272 ἀνάρπαστον

247 5298 559 5367 γινόμενον,
611 5294 896 5350 ἀδιάθετον
940 5294 1187 5355 ἀδούλως
1214 5292 1825 5361 ὲγκαταλιμπάνεσθαι.

246 5392 313 5443 Τί
342 5390 527 5443 τοίνυν
576 5388 638 5441 τὸ
687 5387 900 5461 παρὸν;
963 5385 1185 5456 Ἐπειδὴ
1248 5384 1511 5446 πολλάκις
1564 5383 1667 5435 ὅσα
1723 5382 1829 5435 ἔδει

246 5484 445 5544 εἰπεῖν,
505 5481 614 5534 εἴτε
668 5479 881 5551 βαρέως
935 5479 1191 5548 νοσήσας,
1251 5475 1361 5529 εἴτε
1398 5474 1657 5545 διωγμῶν
1691 5490 1831 5545 προ-

247 5577 555 5644 κειμένων,
610 5573 707 5627 καὶ
753 5572 1014 5643 διεθέμην
1064 5572 1159 5625 καὶ
1212 5569 1685 5640 ὑπεμνημάτισα·
1736 5567 1829 5620 καὶ

246 5664 403 5717 οῦπω
437 5663 597 5735 χρεία
627 5664 756 5734 περὶ
775 5664 884 5717 τῶν
918 5664 1022 5733 ήδη
1053 5661 1355 5731 λεχθέντων
1384 5660 1819 5731 δευτερολογείν.

262 5755 472 5808 Ἐκεῖνο
497 5753 734 5825 πρῶτον,
768 5754 993 5823 ἀδελφοί
1030 5762 1155 5824 μου,
1200 5753 1287 5805 ἵνα
1347 5769 1437 5821 μοι
1488 5749 1825 5821 συγγνώμην

322 5867 366 5900 ³⁸
391 5868 537 5932 Psal.
572 5884 837 5934 Lxxxvur,
871 5868 961 5924 58.
1040 5867 1082 5898 ³⁹
1115 5866 1259 5922 Psal.
1295 5880 1463 5930 Lxxu,
1506 5864 1559 5917 ἓ.
1638 5864 1683 5895 ⁸ο
1712 5864 1955 5933 Sophon.
1992 5880 2077 5929 ιιι,
2108 5861 2159 5913 8.

1937 5008 2373 5063 commendarem
2402 5051 2417 5077 ,
2470 5020 2524 5064 et
2570 5028 2666 5081 per
2712 5028 2810 5069 vos
2845 5016 3115 5071 universa:
3166 5016 3519 5077 fraternitati.

1939 5101 2132 5157 Melius
2164 5105 2309 5159 enim
2340 5115 2423 5161 est
2450 5121 2593 5175 saepe
2622 5109 2855 5173 testari,
2886 5117 2940 5162 et
2971 5118 3325 5178 exspectare,
3352 5128 3519 5181 quam

1940 5194 2061 5248 vitae
2099 5194 2361 5263 longioris
2394 5197 2809 5267 exspectatione
2848 5199 3029 5255 subito
3062 5200 3261 5270 abripi,
3298 5212 3352 5256 et
3380 5203 3521 5255 inte-

1938 5296 2144 5342 statum
2174 5286 2485 5342 inconsulto
2517 5289 2774 5360 relinqui.
2811 5290 2953 5357 Quid
2978 5307 3112 5363 ergo
3154 5308 3263 5348 non
3307 5296 3521 5349 restat?

1938 5377 2392 5447 Quandoquidem
2433 5395 2576 5450 smpe
2622 5397 2965 5452 quaecunque
2999 5385 3185 5439 dicere
3220 5388 3519 5440 convenie-

1937 5472 2066 5535 bat,
2116 5471 2201 5526 vel
2253 5470 2403 5541 gravi
2458 5473 2719 5542 quopiam
2768 5476 2961 5530 morbo
3003 5476 3371 5542 decumbens,
3432 5478 3517 5532 vel

1939 5566 2177 5619 instante
2216 5565 2617 5632 persecutione,
2650 5566 2926 5631 reccnsui,
2960 5568 3350 5639 memoriaque
3385 5586 3519 5639 sug-

1936 5658 2117 5729 gessi;
2164 5672 2341 5727 neque
2390 5672 2539 5712 nunc
2577 5673 2713 5726 opus
2751 5668 2836 5714 est
2874 5675 2999 5730 qua:
3035 5660 3179 5716 dicta
3216 5671 3380 5720 sunt.
3414 5663 3517 5716 ite-

1937 5762 2059 5802 rum
2094 5754 2361 5815 repetere.
2397 5743 2510 5799 lluc
2545 5746 2801 5815 primum,
2837 5747 3035 5806 fratres
3064 5751 3191 5817 mei,
3218 5752 3512 5808 utveuiam

2237 5861 2275 5889 "
2313 5857 2478 5913 Marc.
2510 5874 2630 5924 xm,
2664 5860 2744 5914 l5.
