4164 6478
697 378 832 445 1187

691 583 909 637 natione
938 586 1223 640 adversum
1261 604 1354 642 vos
1388 590 1499 641 divi
1536 589 1614 643 vel
1645 590 1750 659 egi,
1787 601 1902 645 tum
1939 597 2119 657 verbo,
2156 604 2272 650 tum

694 674 856 727 facto.
909 678 1111 729 Delicta
1142 678 1282 731 enim
1318 680 1433 748 quis
1471 682 1723 751 intelliget
1754 684 1845 736 “‘2
1890 685 1988 739 Et:
2028 686 2268 754 0/fendi-

692 782 805 818 mm
837 784 1012 821 omnes
1031 770 1107 834 υς
1148 778 1201 825 et
1235 787 1335 839 ego
1363 774 1664 841 prtesertim
1701 779 1945 829 onmium
1993 780 2267 847 nequissi-

694 873 836 911 mus.
880 858 1029 914 Unde
1082 871 1136 915 et
1186 878 1374 931 preces
1422 874 1631 919 vestras
1684 866 1918 935 imploro
1967 870 2033 921 ad
2074 886 2273 925 conse-

693 950 964 1018 quendam
996 951 1225 1007 salutem
1274 970 1596 1010 aerumnosa:
1642 957 1840 1012 animm
1866 975 1999 1012 mete
2035 978 2047 1013 :
2081 962 2276 1015 deinde

693 1055 789 1108 pro
830 1041 1123 1107 fratribus,
1152 1046 1243 1114 qui
1277 1055 1499 1113 propter
1526 1056 1744 1114 peccata
1800 1062 1919 1103 mea
1964 1054 2271 1120 segregati,

692 1134 977 1201 avulsique
1006 1144 1133 1187 sunt
1180 1151 1209 1189 a
1254 1148 1441 1191 nostra
1476 1139 1528 1190 in
1570 1139 1772 1208 Spiritu
1820 1154 2013 1195 sancto
2044 1160 2265 1213 congre-

693 1228 928 1291 gatiOne.
970 1226 1059 1278 Est
1091 1229 1330 1294 quidem,
1352 1238 1435 1283 est
1462 1229 1626 1298 plane
1658 1233 1912 1287 omnibus
1944 1235 2272 1302 patefactum

691 1318 836 1383 quod
864 1319 943 1371 eis
974 1318 1249 1386 impendet
1269 1320 1477 1388 justum
1515 1321 1606 1375 Dei
1639 1322 1911 1391 judicium
1941 1342 1954 1377 :
1990 1337 2269 1380 verumta-

694 1424 817 1459 men
853 1409 980 1474 quia
1020 1410 1112 1461 lilii
1145 1420 1275 1463 sunt
1320 1420 1373 1465 et
1405 1414 1649 1467 membra
1674 1452 1689 1475 ,
1724 1415 2122 1469 condolendum
2165 1419 2274 1475 illis

690 1511 776 1553 est
796 1542 811 1563 ,
853 1511 906 1555 et
935 1502 1172 1570 amplius
1201 1506 1645 1559 COIllt‘SlalltiUIll.
1696 1506 1827 1561 Dico
1858 1519 2039 1562 autem
2066 1548 2081 1571 ,
2122 1510 2270 1563 fratri

690 1591 918 1647 Leontio
943 1634 957 1656 ,
996 1593 1232 1648 Maximo
1259 1636 1274 1658 ,
1309 1596 1616 1661 Clementi,
1662 1599 1785 1653 aliis
1832 1601 2124 1667 omnibus,
2177 1604 2269 1671 qui

688 1688 901 1754 seipsos
930 1702 1260 1756 quacunque
1300 1689 1476 1742 inanis
1519 1698 1816 1757 praetextus
1862 1692 2044 1759 specie
2088 1708 2272 1761 segre-

688 1790 922 1848 garunt;
960 1796 1077 1848 qua:
1108 1781 1158 1833 in
1196 1796 1283 1834 me
1309 1780 1531 1849 quidem
1566 1782 1940 1847 admiserunt,
1978 1787 2105 1839 olim
2132 1788 2266 1847 dixi,

1902 391 1969 452 S.
2004 392 2395 457 TIIEUDORI
2434 402 2781 467 STUDI'I‘A‘I

694 494 828 545 mihi
858 492 997 547 detis
1027 507 1239 558 carum,
1270 510 1390 565 qua:
1425 504 1618 564 praeter
1662 498 1929 553 rationem
1974 503 2025 553 in
2066 504 2264 570 guber—

2377 510 2548 581 δοίητε
2603 518 2688 585 ἐφ’
2742 514 2825 583 οἷς

2880 524 3031 592 παρὰ
3086 525 3244 593 λόγον
3294 530 3384 583 διὰ
3442 535 3541 603 τῆς
3600 535 3957 607 καθηγήσεως

2384 604 2541 669 ἔλεξα
2584 608 2614 677 ἢ
2669 610 2873 681 ἔδρασα
2923 617 3004 677 εἰς
3053 617 3196 687 ὑμᾶς
3242 622 3477 689 λογικῶς
3524 627 3615 677 καὶ
3648 604 3958 697 πραγματι-

2384 698 2515 760 κῶς.
2572 702 2885 770 Ἀμηρτίας
2912 708 3021 775 γὰρ
3072 712 3162 775 τίς
3199 715 3507 780 συνήσεις
3563 718 3705 770 Καίο
3754 722 3959 776 (Italo-

2377 807 2494 856 μεν
2542 792 2840 860 ἅπαντες·
2889 799 2981 849 καί
3022 818 3086 866 γε
3161 804 3400 872 μάλιστα
3468 810 3579 876 ἐγὼ
3637 813 3667 863 ὀ
3741 814 3960 867 πάντων

2383 882 2734 953 ἀχρειότερος
2789 887 3116 969 ἀνθρῴπων.
3154 896 3247 947 Διὸ
3287 899 3379 950 καὶ
3445 900 3769 971 ὲξαιτοῦμαι
3814 905 3961 974 ὑμῶν

2381 973 2480 1063 τὴν
2521 976 2834 1047 προσευχὴν
2878 981 2957 1042 είς
3004 982 3293 1049 ἑπίτευξιν
3316 991 3595 1059 σωτηρίας
3632 993 3732 1063 τῆς
3773 973 3958 1048 ταλαιο

2383 1062 2590 1151 πώρουῄ
2627 1084 2728 1134 μου
2779 1068 2995 1139 ψυχῆς·
3057 1074 3249 1130 ἔπειτα
3321 1078 3409 1132 διὰ
3479 1083 3608 1146 τοὺς
3666 1062 3815 1138 κατὰ
3868 1088 3960 1151 τὰς

2382 1146 2661 1246 αμαρτίας
2726 1171 2832 1246 μου
2899 1158 3322 1230 ἀπορραγέντας
3381 1171 3483 1238 τῆς
3549 1171 3609 1223 ὲν
3682 1146 3960 1246 Πνεύματί

2382 1238 2523 1308 ἁγίῳ
2575 1244 2870 1311 συναφείας
2930 1251 3090 1319 ἡμῶν
3147 1254 3437 1323 ἀδελφούς.
3492 1261 3651 1314 Ἔστι
3697 1264 3802 1333 μὲν
3834 1238 3958 1329 ὀῦν.

2381 1331 2496 1384 ἔστι
2529 1334 2903 1405 δεδηλωμένον
2940 1342 3000 1394 ὲν
3037 1343 3209 1398 ἅπασι
3234 1348 3295 1401 τὸ
3330 1348 3541 1404 ἔνδικον
3583 1331 3775 1418 αὐτοῖς
3805 1359 3959 1427 παρὰ

2380 1421 2501 1490 Θεῷ
2563 1430 2775 1495 κρῖμα⁸
2836 1430 2951 1483 ἀλλ’
2996 1433 3146 1502 ὅμως
3203 1439 3329 1491 ἐπεὶ
3387 1442 3557 1495 τέκνα
3621 1446 3716 1497 καὶ
3796 1421 3957 1519 μέλη,

2383 1517 2810 1585 συμπαθητέον,
2872 1524 2968 1576 καὶ
3026 1526 3520 1602 ’διαμαρτυρητέον
3590 1537 3775 1601 αὐτοῖς
3849 1517 3952 1594 ετξ.

2381 1605 2536 1672 Λέγω
2563 1606 2647 1677 δὴ,
2689 1609 2764 1679 τῷ
2796 1612 3009 1684 ἀδελφῷ
3036 1618 3299 1690 Λεοντίῳ,
3340 1621 3600 1695 Μαξίμῳ,
3650 1627 3959 1697 Κλήμεντι,

2378 1700 2490 1759 τοῖς
2518 1699 2696 1762 ἄλλοις
2737 1702 2933 1768 ἅπασι,
2989 1710 3104 1771 τοῖς
3149 1710 3273 1764 καθ’
3322 1714 3709 1785 οίονδηποτοῦν
3758 1722 3961 1789 τρόπον

2380 1791 2813 1880 προφασι).ογίας
2848 1797 3089 1865 ματαίας
3140 1802 3523 1871 ἀποσχισθεῖσι
3548 1824 3564 1839 ο
3606 1809 3675 1861 τὰ
3706 1812 3789 1872 είς
3825 1812 3958 1880 ἐμὲ*

689 1882 743 1924 et
777 1887 923 1924 nunc
954 1872 1112 1937 dico,
1158 1872 1550 1940 ignoscendum
1585 1873 1689 1928 illis
1719 1885 1824 1929 est.
1868 1875 1974 1929 Sed
2007 1879 2266 1946 quoniam

2377 1882 2469 1933 καὶ
2521 1878 2674 1936 εἷπον
2742 1887 2947 1951 πάλαι,
3002 1891 3094 1943 καὶ
3162 1893 3307 1962 λέγω
3366 1897 3524 1967 ἄρτι·
3570 1872 3961 1971 Συγχωρητέον

691 1978 812 2032 quae
846 1965 899 2017 in
930 1963 1096 2016 Deum
1127 1964 1421 2018 commissa
1454 1973 1617 2029 sunt,
1655 1966 1894 2021 hominis
1931 1984 2035 2021 non
2073 1980 2192 2033 est,
2226 1973 2269 2025 si

687 2056 895 2121 absque
936 2055 1252 2121 paenitentia
1298 2065 1604 2119 maneant,
1660 2058 1901 2123 solvere;
1960 2061 2036 2113 illi
2089 2072 2271 2115 autem

690 2142 1004 2211 paenitentia
1038 2142 1281 2195 nondum
1319 2143 1447 2197 tacti
1482 2143 1735 2197 videntur
1763 2160 1775 2209 ;
1818 2147 1951 2214 quin
1985 2148 2089 2202 alia
2118 2149 2271 2203 insu-

692 2250 786 2302 per
821 2234 933 2288 harc
959 2243 1011 2287 et
1040 2234 1129 2286 illa
1156 2234 1339 2302 egisse
1364 2251 1485 2303 qua:
1516 2235 1618 2303 ipsi
1657 2245 1858 2291 norunt
1883 2257 1894 2290 :
1923 2238 2183 2304 obsecro,
2217 2253 2274 2295 nt.

686 2340 788 2396 per
809 2343 905 2380 vos
929 2328 1041 2380 sive
1067 2343 1234 2390 nunc,
1255 2328 1367 2381 sive
1398 2336 1521 2396 post
1544 2338 1769 2383 mortem
1796 2345 1994 2394 meam,
2016 2332 2113 2384 hoc
2142 2334 2269 2397 illis,

689 2421 1051 2474 tentutionum
1081 2428 1224 2473 metu
1250 2459 1265 2482 ,
1300 2420 1654 2474 denuntietur
1682 2438 1695 2474 :
1734 2422 1861 2490 quia
1896 2424 2090 2478 videtis
2112 2465 2125 2483 .
2155 2424 2261 2479 fra-

688 2522 797 2567 tres
820 2553 835 2577 ,
872 2512 1108 2567 terribile
1149 2522 1203 2566 et
1246 2512 1557 2567 inevitabile
1585 2513 1855 2581 judicium
1886 2556 1900 2578 ,
1948 2516 2052 2569 nisi
2088 2514 2258 2570 Deum

686 2603 847 2672 digna
880 2603 1194 2671 pmnitentia
1263 2603 1611 2671 placaveritis
1645 2616 1660 2656 :
1714 2614 1978 2673 quantum
2017 2606 2163 2659 enim
2197 2607 2264 2661 ad

687 2712 773 2750 me
824 2708 1163 2764 peccatorem
1216 2694 1606 2764 ignoscendum
1659 2707 1741 2749 est
1795 2697 1971 2750 vobis.
2031 2697 2142 2751 Hoc
2187 2708 2273 2754 est

687 2790 831 2860 quod
882 2789 1130 2843 nonnihil
1166 2802 1252 2842 me
1297 2788 1584 2841 contristat
1611 2827 1625 2848 ,
1675 2800 1725 2839 et
1768 2790 1935 2841 menti
1986 2791 2267 2845 occurrit:

684 2884 828 2953 quod
881 2893 941 2936 ut
977 2898 1103 2952 erga
1137 2896 1327 2934 onmes
1371 2879 1663 2948 perficiatis
1696 2896 1793 2935 vos
1828 2896 1949 2935 oro.
1999 2880 2182 2937 Valete
2214 2882 2268 2936 in

686 2978 939 3031 Domino.

1109 3066 1299 3123 XXIII.
1336 3098 1403 3108 —-
1429 3065 1725 3135 Praeposito
1760 3068 1849 3138 (‘).

2382 1973 2588 2062 αὐτοῖς.
2643 1976 2783 2029 Ἀλλ’
2836 1980 3025 2051 ἐπειδὴ
3077 1982 3146 2035 τὰ
3200 1986 3280 2048 εἰς
3312 1985 3467 2052 Θεὸν,
3514 1992 3616 2043 οὐκ
3672 1993 3959 2062 ἀνθρώπου

2382 2052 2530 2117 λύειν
2570 2068 2919 2138 ἁμετανὸητα
2952 2074 3184 2141 μένοντα
3207 2092 3221 2105 ο
3255 2078 3316 2128 οὐ
3344 2078 3519 2147 δήπου
3553 2082 3609 2134 δὲ
3638 2100 3961 2154 μετανενοη-

2382 2154 2537 2217 κότες
2601 2159 2883 2224 φαίνονται
2995 2164 3135 2217 ἀλλὰ
3204 2170 3301 2221 καὶ
3379 2173 3959 2245 προσεξεῃασάμενοι

2382 2245 2537 2298 τοῦτο
2568 2252 2811 2316 κακεῖνο,
2845 2251 2880 2304 ἃ
2920 2255 3063 2308 ἴσασι
3085 2272 3099 2286 ·
3132 2260 3458 2328 παρακαλῶ,
3485 2262 3555 2315 δι’
3587 2264 3741 2334 ὑμῶν
3771 2266 3805 2336 ἢ
3842 2267 3957 2332 νῦν,

2380 2339 2491 2392 εἴτε
2553 2343 2692 2409 μετᾶ
2743 2343 2972 2398 Θάνατόν
3034 2365 3158 2415 μου,
3217 2351 3371 2422 φόϐῳ
3439 2354 3549 2407 τῶν
3604 2360 3956 2427 πειρασμῶν,

2378 2430 2601 2500 δοθῆναι
2650 2436 2833 2499 αὐτοῖς
2883 2437 2975 2489 τὸν
3027 2439 3223 2508 λόγοντ
3272 2444 3357 2497 ὄτι
3410 2445 3660 2514 βλέπετε,
3712 2451 3955 2519 ἀδελφοὶ,

2380 2523 2614 2593 φοϐερὸν
2648 2526 2708 2577 τὸ
2762 2530 2939 2598 κρῖμα
2973 2532 3067 2583 καὶ
3110 2534 3490 2607 ἀπαραίτητον
3517 2555 3530 2568 ⁸
3564 2543 3611 2592 εί
3670 2546 3747 2612 μὴ
3792 2561 3958 2613 μεταο

2379 2615 2496 2684 νοίᾳ
2523 2616 2792 2688 ἀξιολόγῳ
2826 2619 3180 2684 ὲξιλεώσεσϐε
3206 2627 3297 2679 τὸν
3322 2629 3485 2682 Θεόν’
3514 2632 3575 2683 τὸ
3610 2634 3719 2704 γὰρ
3749 2639 3807 2688 ὲν
3836 2639 3958 2707 ἐμοὶ

2375 2708 2453 2778 τῷ
2505 2709 2819 2782 ἁμαρτωλῷ
2863 2719 3249 2787 συγχωρητέον
3309 2724 3461 2790 ὑμῖν.
3513 2726 3685 2780 Τοῦτό
3725 2730 3846 2780 ἐστι
3897 2730 3956 2781 τὸ

2380 2800 2691 2855 ὁπολυποῦν
2751 2823 2819 2875 με
2880 2810 2975 2860 καὶ
3033 2814 3483 2881 παριστάμενονο
3556 2819 3584 2870 ὃ
3645 2819 3954 2874 διατελέσαι

2379 2888 2516 2958 πρὸς
2550 2892 2762 2957 πάντας
2796 2894 3035 2953 δυσωπῶ
3084 2901 3250 2971 ὑμᾶς.
3289 2906 3575 2976 Ἔρρωσθε
3632 2912 3692 2963 ἐν
3740 2911 3949 2982 Κυρίῳ.

2738 3082 2863 3137 Kl".
2883 3111 2942 3123 —
2994 3085 3354 3155 Ἠγουμένῳ.
3380 3087 3564 3163 [uisa]

1673 3181 1747 3231 De
1774 3184 1958 3233 sanctis
1995 3184 2310 3245 Imaginibus.
2340 3189 2539 3249 (Baron.
2569 3205 2647 3241 an.
2676 3194 2790 3253 816,
2816 3210 2866 3244 n.
2894 3196 2998 3260 δι.)

752 3296 1004 3352 Paterna
1029 3292 1304 3349 sanctitati
1334 3301 1527 3345 vestrae
1561 3293 1833 3347 scribendi
1868 3310 2074 3347 moram
2115 3294 2216 3349 feci
2251 3313 2264 3349 :
2295 3302 2339 3363 C

688 3394 760 3446 ita
794 3390 1012 3460 quidem
1044 3385 1337 3454 impeditus
1377 3384 1446 3437 ab
1478 3399 1540 3437 ea
1570 3384 1817 3437 custodia
1859 3400 1981 3452 quae
2032 3401 2118 3438 me
2162 3386 2270 3439 cir-

684 3492 941 3539 cumstat.
971 3479 1164 3533 Audivi
1191 3478 1474 3531 enimvero
1499 3477 1628 3529 olim
1656 3476 1894 3530 carceris
1922 3486 2141 3545 pmpter
2167 3478 2272 3530 Do-

686 3574 895 3628 minum
932 3585 995 3625 ac
1026 3569 1343 3625 certaminis
1374 3568 1453 3621 tui
1495 3566 1757 3621 laborem.
1795 3565 1901 3620 Sed
1955 3568 2270 3623 benedictus

684 3666 829 3720 Deus
869 3665 963 3733 qui
1005 3672 1058 3717 et
1102 3661 1446 3716 sanctitatem
1484 3654 1633 3713 tuam
1686 3659 1899 3713 vocavit
1943 3659 2009 3712 ad
2053 3659 2270 3715 confes-

684 3757 894 3811 sionem
930 3751 1049 3806 Filii
1084 3752 1168 3805 sui
1199 3749 1327 3805 Jesu
1359 3748 1584 3813 Christi,
1618 3746 1829 3801 Domini
1861 3756 1915 3801 et
1949 3746 2041 3802 Dei
2074 3748 2270 3802 nostri.

685 3846 874 3915 Neque
907 3846 1054 3901 enim
1081 3844 1231 3898 aliud
1261 3854 1343 3896 est
1376 3855 1476 3911 pro
1502 3840 1736 3910 imagine
1764 3838 1954 3892 forma:
1984 3840 2128 3893 illius
2151 3855 2271 3893 cor-

685 3955 863 4010 porem
892 3939 1199 4001 decertare,
1227 3950 1392 4003 quam
1421 3949 1518 4004 pro
1546 3931 1664 4000 ipso
1693 3932 2015 4001 martyrium
2049 3930 2264 3985 facere:

680 4029 1125 4101 quandoquidem
1152 4043 1319 4081 unum
1350 4024 1604 4092 idemque
1627 4032 1732 4089 est,
1759 4023 1936 4091 quoad
1964 4036 2269 4091 repraesen-

682 4123 835 4177 tandi
868 4121 997 4185 vim,
1032 4128 1087 4174 et
1116 4119 1295 4188 imago
1322 4125 1377 4171 et
1408 4116 1453 4170 is
1484 4114 1575 4184 qui
1614 4113 1846 4181 imagine
1882 4111 2265 4165 adumbratur.

687 4213 911 4284 Depingi
940 4222 1124 4267 autem
1146 4209 1427 4265 Christum
1446 4246 1462 4271 ,
1506 4206 1586 4259 vel
1622 4204 1827 4275 lapides
1879 4204 1979 4273 ipsi
2008 4203 2266 4258 clamant.

682 4306 892 4361 Idcirco
936 4302 1134 4360 similis
1166 4300 1343 4355 factus
1376 4308 1460 4353 est
1497 4296 1655 4350 nobis
1700 4311 1794 4365 per
1833 4296 2019 4349 omnia
2060 4295 2271 4365 absque

682 4408 930 4470 peccato,
965 4398 1109 4452 sicut
1140 4394 1407 4462 scriptum
1435 4399 1524 4445 est
1547 4389 1593 4420 “
1619 4407 1631 4443 :
1669 4388 1875 4457 absque
1910 4397 2135 4457 peccato
2166 4404 2267 4442 au-

683 4499 790 4542 tem
813 4528 829 4555 ,
865 4485 1011 4556 quod
1044 4484 1162 4539 sine
1191 4481 1399 4536 semine
1430 4493 1652 4534 carnem
1685 4478 1915 4546 accepit,
1942 4488 2269 4548 conceptus-

680 4596 788 4651 que
835 4588 917 4635 est
958 4574 1212 4646 virginali
1260 4587 1410 4627 more
1456 4586 1526 4627 ex
1570 4569 1927 4625 sanctissima
1972 4566 2145 4624 Matre
2203 4584 2267 4624 ac

685 4672 847 4740 Deipa
856 4685 933 4724 ra.

752 4758 987 4825 Quando
1040 4763 1288 4811 nostrum
1348 4753 1513 4823 igitur
1570 4749 1954 4820 unusquisque
2016 4749 2261 4820 pingitur

681 4856 842 4926 (nam
878 4852 969 4921 qui
1012 4850 1160 4921 pingi
1199 4848 1426 4918 nequit,
1471 4861 1578 4900 non
1612 4845 1658 4900 is
1695 4845 1859 4899 homo
1882 4884 1898 4909 ,
1931 4844 2027 4899 sed
2056 4844 2263 4899 aborti-

682 4959 811 4997 vum
839 4942 1097 5013 quiddam
1124 4948 1208 4994 est
1242 4957 1256 4993 :
1295 4940 1481 4993 vivens
1512 4936 1660 4992 enim
1688 4935 2002 5004 quodlibet,
2027 4935 2174 5005 quod
2206 4936 2261 4989 in

684 5033 858 5087 lucem
894 5030 1046 5093 exit,
1090 5039 1282 5083 natura
1321 5027 1481 5081 habet
1527 5034 1586 5080 ut
1628 5025 1804 5094 ipsum
1844 5025 1989 5094 pingi
2032 5024 2263 5095 possit),

685 5126 864 5195 pictus
892 5122 1146 5176 videlicet
1193 5128 1250 5175 et
1296 5119 1551 5173 Christus
1580 5127 1704 5172 est:
1752 5117 1855 5172 etsi
1895 5118 2053 5171 aliter
2084 5116 2269 5185 impiis

685 5216 921 5280 videtur,
945 5214 1038 5284 qui
1064 5212 1322 5268 salutaris
1348 5211 1573 5281 proinde
1598 5208 2030 5279 dispensationis
2058 5217 2267 5278 myste-

688 5306 827 5361 rium
853 5306 1142 5374 ahnegant.
1173 5302 1308 5356 Nam
1333 5318 1444 5372 quo
1470 5316 1627 5371 pacto
1651 5300 1901 5356 confiteri
1924 5300 2047 5353 licet
2067 5298 2265 5353 Filium

690 5397 783 5452 Dei
820 5398 1094 5450 hominem
1116 5435 1131 5459 ,
1182 5396 1325 5449 sicut
1355 5410 1455 5451 nos
1482 5433 1499 5459 ,
1543 5394 1869 5463 appellatum
1896 5430 1911 5454 ,
1943 5407 2179 5461 quorum
2212 5400 2267 5446 et

688 5490 857 5543 frater
884 5487 1188 5556 nuncupari
1222 5487 1427 5553 voluit;
1470 5486 1575 5541 nisi
1612 5500 1766 5555 aeque
1799 5500 1862 5540 ac
1894 5499 1994 5538 nos
2024 5484 2263 5556 cireum-

689 5582 961 5639 seribatur
982 5582 1005 5634 ?
1030 5585 1136 5635 Aut
1165 5580 1442 5651 quomodo
1482 5581 1598 5650 lege
1628 5590 1835 5636 natura:
1885 5594 2071 5638 natum
2100 5623 2116 5650 ,
2161 5583 2270 5638 nisi

760 5696 808 5728 δ’
840 5693 986 5749 Psal.
1021 5710 1174 5761 mn,
1212 5697 1295 5751 15.
1374 5698 1420 5729 ⁸³
1449 5696 1564 5753 Jac.
1598 5714 1682 5767 tu,
1706 5697 1759 5751 Ξ.

765 5815 841 5887 (³)
879 5815 1215 5886 Dogmatica.

1840 5698 1886 5733 “
1925 5697 2086 5755 llebr.
2118 5716 2193 5765 tv,
2234 5700 2314 5755 l5.

2458 3301 2759 3375 Ἐϐράδυνα
2790 3309 3095 3363 ἐπιστεῖλαι
3124 3314 3191 3383 τῇ
3223 3317 3466 3385 πατρικῇ
3498 3332 3590 3369 σου
3633 3318 3950 3390 ἁγιωσυνῃ·

2371 3392 2515 3446 οὕτω
2564 3413 2676 3459 πως
2726 3400 3074 3469 ὲμποδισθεὶς
3130 3404 3235 3457 ὑπὸ
3296 3406 3397 3477 τῆς
3466 3412 3836 3481 περιεχούσης
3886 3431 3951 3483 με

2370 3484 2697 3552 ἀσφαλείας.
2770 3490 2922 3544 Ἐπεὶ
2979 3494 3145 3547 πάλαι
3216 3497 3473 3567 ἀκηκοώς
3524 3501 3639 3570 είμι
3694 3502 3797 3571 τῆς
3865 3503 3951 3556 διὰ

2373 3576 2580 3647 Κύριον
2627 3579 2877 3652 φυλακῆς
2932 3586 3027 3637 καὶ
3078 3587 3421 3659 ὲναθλήσεώς
3474 3608 3571 3643 σου
3619 3593 3709 3645 τὸν
3738 3594 3950 3660 ἀγῶνα.

2384 3670 2526 3722 Ἀλλ’
2556 3671 2848 3743 εὐλογητὸς
2876 3676 2905 3728 ὁ
2966 3676 3120 3743 Θεὸς,
3155 3680 3184 3731 ὀ
3238 3681 3335 3732 καὶ
3379 3681 3475 3751 τὴν
3522 3684 3623 3751 σὴν
3676 3685 3949 3751 ὁσιότητα.

2374 3762 2615 3826 καλέσας
2642 3766 2723 3827 είς
2748 3768 2848 3836 τὴν
2889 3768 3184 3836 ὁμολογίαν
3245 3772 3339 3824 τοῦ
3376 3773 3505 3825 Υἱοῧ
3556 3774 3725 3827 αὑτοῦ
3776 3776 3950 3845 Ἰησοῦ

2370 3852 2634 3921 Χριστοῦ.
2670 3854 2765 3905 τοῦ
2806 3856 3011 3925 Κυρίου
3060 3860 3154 3910 καὶ
3186 3858 3322 3911 Θεοῦ
3376 3860 3559 3930 ἡμῶν.
3621 3863 3697 3914 Οὐ
3757 3866 3869 3933 γάρ
3900 3882 3951 3915 τι

2370 3944 2497 3997 ἄλλο
2527 3946 2644 3997 ἐστὶ
2672 3945 2732 3998 τὸ
2753 3945 2893 4017 ὑπὲρ
2927 3950 3026 4017 τῆς
3055 3949 3265 4013 εἰκόνος
3290 3950 3385 4003 τοῦ
3430 3953 3749 4022 σωματικοῦ
3786 3955 3951 4007 αὑτοῦ

2373 4037 2729 4107 χαρακτῆρος
2764 4037 3033 4103 ὲναθλεῑν,
3066 4040 3099 4111 ἢ
3140 4042 3202 4094 τὸ
3235 4043 3364 4113 περὶ
3419 4044 3588 4097 αὐτοῦ
3628 4052 3949 4116 μαρτυρεῖν.

2383 4126 2605 4198 Ἐπειδὴ
2659 4126 2716 4181 ἓν
2751 4127 2847 4181 καὶ
2882 4130 3081 4183 ταυτὸν
3112 4134 3177 4202 τῇ
3217 4133 3519 4205 ὀμοιωτικῇ
3569 4135 3890 4197 ὑποστάσει,
3920 4139 3952 4207 ἡ

2372 4217 2535 4272 εἰκὼν
2560 4220 2697 4291 πρὸς
2729 4222 2821 4273 τὸν
2866 4221 3290 4294 είκονιζόμενον.
3341 4227 3465 4281 Ὀτι
3527 4228 3584 4281 δὲ
3625 4230 3953 4294 είκονίζεται

2371 4309 2627 4378 Χριστὸς,
2658 4310 2753 4363 καὶ
2780 4311 2830 4363 οἱ
2862 4310 3001 4365 λίθοι
3042 4315 3369 4384 κεκράγασι.
3402 4317 3549 4369 Διότι
3598 4319 3785 4387 ὅμοιος
3819 4322 3953 4388 ἡμῖν

2373 4402 2567 4469 γέγονε
2587 4406 2729 4457 κατὰ
2752 4404 2932 4458 πάντα
2950 4405 3087 4476 πλὴν
3105 4407 3382 4478 ἁμαρτίας
3396 4425 3412 4440 ⁸
3439 4408 3581 4463 καθὰ
3605 4411 3952 4481 γέγραπται·

2374 4492 2651 4562 ἁμαρτίας
2672 4494 2749 4557 δὲ,
2773 4495 2853 4546 ὅτι
2880 4494 3007 4547 ἄνευ
3042 4498 3250 4567 σπορᾶς
3282 4499 3473 4570 εἴληφε
3506 4502 3605 4569 τὴν
3623 4503 3828 4571 σάρκα,
3859 4504 3951 4556 καὶ

2373 4580 2582 4650 ὲκυήθη
2622 4582 2969 4651 παρϐενικῶς
2997 4585 3063 4636 ὲκ
3091 4584 3193 4654 τῆς
3224 4589 3499 4656 παναγίας
3537 4589 3705 4643 αὐτοῦ
3742 4592 3952 4663 μητρὸς

2298 4651 2341 4705 D
2371 4673 2462 4725 καὶ
2494 4672 2782 4727 Θεοτόκου.

2449 4764 2601 4817 Ἐπεὶ
2629 4762 2724 4817 οὖν
2762 4768 2927 4837 ἡμεῖς
2958 4768 3344 4842 είκονιζόμεθα
3391 4773 3664 4840 ᾶπαντεςο
3726 4776 3787 4840 ὃς
3846 4778 3953 4848 γὰρ

2366 4855 2468 4908 οὐκ
2501 4856 2853 4923 εἰκονίζεται,
2890 4860 2991 4913 οὐκ
3019 4860 3332 4931 ἄνθρωπος,
3391 4866 3532 4919 ἀλλά
3560 4885 3611 4919 τι
3651 4867 3952 4938 ἔκτρωμαο

2369 4948 2451 5000 ὅτι
2474 4950 2566 5000 καὶ
2598 4951 2706 5001 πᾶν
2758 4950 2893 5013 ζῶον
2922 4955 3000 5016 είς
3047 4954 3163 5024 φῶς
3198 4957 3354 5010 ἐλθὸν
3380 4959 3745 5022 είκονίζεσϐαι
3778 4963 3956 5029 πέφυ-

2375 5054 2499 5090 κεν·
2546 5040 2843 5095 είκόνισται
2892 5043 3139 5114 δηλονότι
3198 5048 3294 5099 καὶ
3342 5049 3626 5118 ’Χριστόςθ
3678 5053 3783 5105 κᾶν
3846 5057 3957 5117 τοῖς

2373 5126 2553 5190 ἀθέοις
2579 5128 2640 5179 οὺ
2670 5129 2826 5199 δοκῇ,
2858 5131 3220 5202 ἀρνουμένοις
3256 5135 3513 5189 ἐντεῦθεν
3548 5138 3609 5189 τὸ
3638 5138 3738 5205 τῆς
3772 5157 3954 5209 σωτηο

2373 5220 2490 5289 ρίου
2520 5222 2837 5292 οἰκονομίας
2869 5227 3192 5296 μυστήριον.
3239 5227 3363 5292 Πῶς
3415 5232 3525 5300 γὰρ
3579 5232 3646 5284 ἃν
3688 5233 3959 5303 ὁμολογη-

2370 5311 2487 5383 οείη
2518 5314 2547 5365 ὁ
2571 5313 2697 5376 Υἱὸς
2716 5315 2812 5368 τοῦ
2829 5316 2963 5369 Θεοῦ
2981 5318 3265 5389 ἄνθρωπος
3282 5322 3620 5393 χρηματίσαι
3645 5323 3769 5376 καθ’
3787 5324 3955 5394 ἡμᾶς.

2367 5396 2441 5456 ὦν
2471 5405 2566 5457 καὶ
2596 5405 2823 5475 ἀδελφὸς
2852 5407 3051 5476 ἠξίωσε
3111 5410 3381 5481 κληθῆναι
3406 5451 3422 5473 ,
3478 5412 3555 5483 μὴ
3589 5413 3787 5483 ἐπίσης
3825 5416 3957 5483 ἡμῖν

2375 5497 2877 5567 περιγραιρόμενοςς
2906 5499 3026 5562 Πῶς
3061 5500 3119 5553 δὲ
3155 5502 3484 5573 γεννηθῆναι
3522 5504 3673 5573 νόμῳ
3715 5504 3953 5573 φύσεως,

2381 5588 2458 5658 μὴ
2480 5587 2725 5660 ἐμφερὴς
2758 5586 2833 5643 ὣν
2871 5591 2943 5660 τῇ
2978 5591 3157 5663 οἰκείᾳ
3197 5594 3405 5665 μητρί;
3445 5595 3508 5648 El
3556 5590 3651 5650 οὖν
3692 5596 3755 5650 οὐ
3798 5613 3957 5669 περι-
