4164 6546
225 464 364 535 1189

1417 462 1956 524 EPISTOLARUM
2024 461 2174 521 LIB.
2211 461 2295 521 Ιῐ.

3349 453 3485 519 1190

220 585 537 651 γέγραπται
561 621 574 642 ,
602 579 703 632 οὑκ
733 578 799 632 ὲκ
822 578 931 631 τῶν
955 576 1304 647 παρθενικῶν
1325 578 1499 646 αὐτῆς
1527 577 1799 646 αἱμάτων,

1923 575 1981 628 sit
2030 574 2192 627 matri
2241 587 2349 627 sum
2384 568 2623 625 similis?
2673 566 2785 622 Nisi
2819 568 2985 639 igitur
3018 575 3104 623 est
3135 566 3488 624 circumscri-

222 671 283 736 ἐξ
300 667 374 723 ὧν
402 670 884 743 ὲπλαστούργησεν
941 668 1121 738 ἑαυτῷ
1174 667 1324 731 ναὸν,
1381 666 1497 719 ἀλλ’
1551 667 1801 735 οὐράνιον

218 764 407 834 φέρων
437 762 595 831 σῶμα
617 778 631 791 ·
664 760 848 823 καθὼς
888 759 1196 830 Μαρκέλλῳ
1224 759 1302 828 τῷ
1333 756 1599 829 αἱρετικῷ
1629 756 1799 822 δοκεῖ,

229 855 329 905 καὶ
387 854 502 913 τοῖς
559 849 669 919 πρὸ
719 847 888 902 αὐτοῦ
939 848 1111 901 πάλαι
1157 846 1437 917 ἀσεβέσιν.
1514 846 1801 898 Ἐντεῦθεν

220 942 413 995 λοιπὸν
450 942 571 995 οὐδὲ
606 943 791 1011 μήτηρ
824 940 1041 1007 ἀληθῶς
1073 941 1107 1010 ἠ
1156 940 1364 1009 μήτηρ,
1399 938 1536 991 ἀλλὰ
1586 935 1802 1005 ψευδώ-

224 1047 432 1099 νυμος’
464 1030 575 1083 οὐδ’
601 1032 736 1099 ἡμῖν
777 1030 985 1098 ὅμοιος,
1028 1027 1145 1081 ἀλλ’
1183 1026 1542 1096 ὲτεροούσιος.
1581 1025 1655 1078 Ού
1696 1025 1804 1094 μὴν

226 1121 357 1174 οὗτε
403 1120 574 1191 ’Δδάμ
616 1118 1021 1189 ἀνακέκληται*
1054 1117 1171 1181 πῶς
1200 1117 1307 1186 γὰρ
1344 1117 1450 1181 iv;
1495 1115 1806 1188 ἑτερογενεῖ

223 1211 591 1279 ἀναστήσεται
625 1207 837 1277 σώματι
878 1207 940 1259 τὸ
966 1205 1181 1275 χοίκόν;
1240 1205 1386 1258 Διότι
1424 1203 1502 1274 τῷ
1551 1205 1723 1274 ὁμοίῳ
1744 1204 1806 1256 τὸ

222 1301 416 1370 ὅμοιον
459 1297 838 1361 ἀνασώζεσθαι
874 1296 1163 1350 δέδεικται.
1202 1294 1341 1348 υῦτε
1391 1290 1485 1349 οὖν
1513 1297 1541 1348 ό
1574 1294 1805 1356 Θάνατος

210 1378 537 1459 κατεπόθη,
592 1387 737 1441 κατά
784 1388 848 1440 τὸ
894 1386 1225 1441 ἀκόλουθον*
1297 1384 1424 1439 οὔτε
1499 1386 1534 1456 ή
1605 1387 1805 1457 νομικὴ

223 1481 459 1552 λατρεία
537 1482 843 1534 πέπαυται·
910 1480 1074 1551 χρεία
1148 1478 1476 1551 περιτομῆς,
1548 1480 1640 1532 καὶ
1696 1478 1807 1531 τῶν

225 1573 458 1628 λοιπῶν.

316 1749 497 1820 Ὁρᾷς,
518 1742 563 1803 ῶ
586 1749 678 1803 τοῦ
706 1750 842 1804 Θεοῦ
867 1748 1144 1823 ἄνθρωπε,
1175 1751 1257 1815 είς
1291 1749 1320 1803 ὃ
1352 1750 1627 1822 βάραθρον
1683 1751 1811 1813 ἀρε·

227 1839 389 1903 σείας
431 1841 755 1911 ἐληλακότες
805 1842 1178 1913 ὲνεπάρησαν,
1220 1844 1285 1895 ὲκ
1328 1841 1424 1895 τοῦ
1476 1841 1553 1913 μὴ
1606 1842 1813 1914 ἐγγρά-

230 1934 433 2001 φεσθαι
461 1933 553 1987 τὸν
585 1933 821 2004 Χριστὸν
846 1935 906 1986 ὲν
947 1934 1141 1987 πίνακι
1189 1933 1438 1999 δοξάζειν
1492 1935 1542 1987 οἱ
1585 1934 1806 1987 Εἱκονο-
1836 1916 1882 1974 Β

232 2023 437 2093 μάχοις
507 2023 887 2087 ’ἰουδαΐζουσιν
942 2022 1052 2093 ἄρα
1138 2023 1419 2092 ἀσφαλῶς.
1527 2022 1811 2077 Ἐντεῦθεν

228 2113 359 2167 οὒτε
397 2114 498 2183 τὴν
523 2114 805 2177 Θεοτόκον,
859 2113 984 2166 οὔτε
1039 2115 1162 2167 τινὰ
1210 2114 1320 2168 τῶν
1363 2117 1534 2182 ἁγίων
1572 2115 1812 2186 παραδέ-

232 2221 461 2274 χονται,
496 2205 585 2259 διὰ
632 2208 734 2275 τῆς
790 2206 899 2259 τῶν
946 2207 1165 2259 οἰκείων
1213 2206 1396 2259 αὐτῶν
1442 2208 1813 2277 χαρακτήρων

232 2298 542 2366 ἀρνήσεως,
588 2298 715 2360 τοὺς
751 2298 1338 2369 ,χαρακτηοιζομὲνους
1376 2297 1810 2368 βδελυττόμενοι.

247 2386 317 2440 Ἦ
337 2388 443 2457 γὰρ
462 2387 561 2456 τῆς
597 2389 803 2451 εἱκένος
822 2389 954 2459 τιμὴ
976 2389 1069 2441 καὶ
1095 2389 1290 2458 ἀτιμία
1317 2389 1413 2441 ἐπὶ
1434 2389 1496 2441 τὸ
1524 2388 1810 2459 πρωτότο-

233 2492 340 2529 πον
360 2476 627 2530 διαϐαίνει
651 2516 665 2539 ,
693 2476 766 2538 ῶς
793 2494 957 2546 φησιν
1006 2478 1035 2529 ό
1064 2476 1238 2547 μέγας
1270 2477 1572 2539 Βασίλειος.
1621 2477 1816 2529 Βδέλυ-

236 2566 331 2633 ξαι
379 2569 470 2621 τὸν
514 2568 688 2621 τύπον
741 2568 836 2621 τοῦ
890 2568 1158 2640 σταυροῦ*
1202 2572 1299 2624 καὶ
1336 2570 1458 2623 τίνα
1512 2568 1812 2640 βδελύσσῃ;

235 2659 365 2729 οὐχὶ
384 2660 474 2712 τὸν
500 2658 763 2721 ζωοποιὸν
811 2660 1075 2731 σταυρόνς
1124 2660 1311 2723 Οὕτως
1370 2658 1465 2713 τοῦ
1518 2660 1813 2729 βασιλέως,

236 2750 419 2813 οὕτως
445 2750 753 2803 οὑτινοσοῦν
783 2749 1072 2822 ἀνθρώπου
1092 2769 1106 2783 ’
1129 2750 1272 2805 οὕτω
1305 2754 1397 2805 καὶ
1426 2751 1522 2805 τοῦ
1552 2751 1815 2822 Χριστοῦ,

236 2843 344 2911 τῆς
368 2858 428 2893 τε
454 2842 682 2913 Μητρὸς
717 2842 909 2905 αὐτοῦ,
962 2842 1059 2896 καὶ
1088 2844 1287 2907 παντὸς
1323 2844 1505 2911 ἁγίου.
1544 2844 1818 2913 Ἥρνηται

238 2934 341 2987 νῦν
368 2936 396 2986 ό
422 2934 677 3003 Χριστὸς,
708 2935 802 2987 καὶ
822 2934 1135 2999 δεδίωκται,
1174 2936 1269 2987 καὶ
1296 2934 1669 2998 ἐξουδένωται.
1712 2936 1819 2989 Καὶ

244 3021 518 3091 μακάριος
554 3018 625 3083 εί,
652 3021 854 3091 Πάτερ,
886 3022 1127 3075 ὲναθλῶν
1172 3023 1267 3076 καὶ
1315 3025 1676 3093 ἀντεχόμενος
1720 3026 1819 3095 τῆς

239 3106 755 3177 ὀρθοδοξίας.’Δλλά
785 3110 1091 3180 προσεύχου
1115 3113 1210 3164 καὶ
1248 3112 1390 3182 ὑπὲρ
1440 3113 1575 3182 ἐμοῦ
1616 3113 1709 3167 τοῦ
1740 3115 1819 3166 οἱ·

1903 675 2052 736 ptus,
2090 682 2204 719 non
2221 682 2287 718 ex
2314 664 2562 733 virginali
2600 663 2771 733 ipsius
2800 662 3069 733 sanguine
3091 701 3106 726 ,
3144 676 3211 715 ex
3248 677 3357 731 quo
3382 662 3488 717 sibi

1906 758 2018 826 ipse
2040 758 2305 826 templum
2331 756 2622 818 exstruxit,
2652 755 2743 810 sed
2768 754 2992 808 caeleste
3018 751 3235 822 pragfert
3263 767 3489 821 corpus.

1905 849 1982 900 uti
2013 846 2269 901 Marcello
2298 846 2552 899 heretico
2588 845 2763 898 visum
2811 852 2933 908 est,
2982 842 3303 912 ueterisque
3352 841 3485 895 olim

1904 939 2089 1008 impiis
2120 950 2245 993 ante
2271 938 2479 1007 ipsum.
2512 937 2669 992 Unde
2703 944 3107 989 consectarium
3141 942 3266 995 est,
3301 943 3361 986 ut
3396 948 3490 986 ne-

1905 1044 2015 1098 que
2045 1038 2219 1083 mater
2241 1043 2365 1083 vere
2394 1040 2568 1082 mater
2602 1028 2695 1088 sit,
2728 1028 2823 1079 sed
2850 1025 3043 1079 falsum
3076 1038 3272 1076 nomen
3300 1034 3449 1093 gerat
3476 1040 3489 1074 :

1906 1135 2007 1175 nec
2038 1120 2131 1174 ille
2161 1120 2360 1173 similis
2388 1118 2570 1184 nobis,
2603 1118 2693 1172 sed
2720 1124 2927 1170 natura:
2963 1115 3269 1170 dissimilis.
3305 1114 3493 1182 Neque

1907 1210 2075 1277 igitur
2107 1209 2279 1263 Adam
2315 1209 2621 1278 appellatus
2651 1217 2734 1261 est
2762 1224 2775 1259 :
2819 1222 2941 1260 nam
2974 1220 3084 1275 quo
3115 1204 3166 1258 id
3196 1204 3395 1273 pacto?
3432 1205 3491 1255 In

1907 1302 2137 1357 alterius
2159 1307 2369 1354 natura:
2392 1314 2621 1368 corpore
2650 1307 2897 1365 resurget
2922 1296 3069 1365 quod
3097 1304 3353 1349 terrestre
3372 1302 3455 1347 est
3471 1293 3496 1345 ?

1906 1395 2067 1449 Certe
2097 1392 2262 1448 simili
2308 1392 2489 1447 simile
2530 1389 2728 1445 salvari
2774 1389 3113 1457 intelligitur.
3166 1389 3351 1454 Neque
3402 1384 3493 1452 igi-

1908 1492 1998 1537 tur
2033 1484 2199 1549 (nam
2246 1482 2296 1535 id
2332 1490 2415 1535 est
2442 1496 2509 1533 cx
2541 1493 2608 1533 eo
2641 1479 3023 1547 consequens)
3058 1491 3204 1531 mors
3238 1477 3491 1543 absorpta

1907 1582 1989 1628 est
2014 1613 2029 1638 ,
2060 1588 2236 1643 neque
2271 1572 2465 1641 legalis
2498 1570 2735 1624 servitus
2761 1569 2921 1623 desiit
2952 1585 2965 1621 :
3011 1578 3123 1622 tum
3150 1583 3277 1621 vero
3303 1577 3356 1621 et
3386 1568 3494 1619 eir-

1910 1666 2251 1719 cumcisione
2275 1704 2291 1729 ,
2323 1672 2377 1716 et
2406 1661 2632 1731 reliquis
2658 1674 2818 1728 opus.

1986 1755 2169 1821 Vides,
2208 1771 2241 1809 o
2282 1756 2444 1809 homo
2476 1753 2569 1808 Dei
2597 1794 2611 1817 ,
2654 1753 2707 1805 in
2739 1767 2901 1821 quem
2930 1752 3165 1807 demersi
3201 1751 3493 1819 impietatis

1914 1844 2179 1913 gurgitem
2209 1842 2553 1897 lconomachi
2582 1842 2924 1903 devenerint,
2952 1856 3059 1894 non
3084 1841 3300 1910 depiugi
3328 1839 3492 1893 Chri-

1911 1943 2055 1988 stum
2112 1933 2163 1986 in
2219 1933 2401 1986 tabula
2455 1933 2802 1986 statuentes?
2849 1932 3071 2000 Absque
3118 1933 3225 1984 ulla
3279 1931 3494 1984 dubita-

1913 2021 2382 2087 tionejudaizant.
2413 2019 2552 2072 l’linc
2582 2034 2759 2087 neque
2799 2018 3105 2088 Deiparam,
3142 2034 3239 2073 nec
3266 2032 3493 2074 sancto-

1912 2127 2033 2166 rum
2057 2125 2385 2180 quemq'tam
2418 2110 2735 2175 admittunt,
2764 2126 2859 2179 per
2892 2110 3234 2179 negationem
3264 2114 3499 2181 propria:

1916 2202 2165 2273 ipsorum
2209 2203 2280 2256 fol
2303 2217 2423 2265 mar,
2454 2217 2551 2256 eos
2583 2217 2800 2271 quoque
2831 2217 3066 2271 quorum
3105 2202 3276 2256 fortuna
3316 2205 3497 2273 expri-

1915 2296 2106 2360 mitur,
2138 2303 2511 2349 exsecrantes.
2561 2293 2818 2362 lmaginis
2849 2295 2995 2347 enim
3042 2294 3217 2347 honor
3263 2303 3318 2348 et
3352 2310 3499 2349 con-

1917 2394 2155 2455 temptus
2187 2384 2240 2437 in
2274 2393 2619 2452 prototyputn
2663 2382 2837 2446 redit,
2878 2392 2937 2435 ut
2972 2398 3202 2453 magnus
3230 2384 3308 2437 ait
3336 2383 3492 2438 Basi-

1918 2479 2042 2533 lius.
2074 2476 2266 2532 Crucis
2317 2475 2734 2530 similitudinem
2766 2475 3070 2530 exsecraris
3104 2491 3119 2529 :
3172 2491 3335 2543 quam
3383 2492 3497 2531 rem

1918 2579 1970 2625 te
2001 2566 2278 2623 exsecrari
2328 2567 2554 2621 censes?
2610 2581 2790 2620 nonne
2829 2567 3005 2636 ipsam
3050 2567 3320 2621 viviticam
3372 2582 3499 2623 cru-

1916 2659 2071 2715 cem?
2096 2658 2187 2714 Sic
2215 2659 2281 2712 de
2314 2658 2456 2727 regis
2486 2656 2684 2727 eliigie,
2715 2666 2807 2711 aut
2841 2657 3084 2726 cujusvis
3114 2656 3391 2712 hominis:
3423 2656 3503 2711 sic

1916 2760 1969 2806 et
2001 2750 2239 2815 Christi,
2268 2758 2323 2803 et
2350 2749 2540 2804 Matris
2562 2749 2683 2818 ejus
2721 2760 2776 2802 et
2804 2751 2977 2803 sancti
3007 2749 3315 2818 cujuslibet.
3349 2746 3505 2803 Nunc

1916 2840 2173 2896 Christus
2209 2851 2436 2911 negatus
2464 2850 2568 2901 est,
2603 2848 2657 2893 et
2688 2840 3131 2908 persecutionem
3168 2854 3363 2907 passus
3389 2847 3503 2903 est,

1922 2942 1977 2986 et
2009 2932 2312 3001 despicatui
2349 2931 2564 2984 habitus
2593 2941 2691 2984 est.
2724 2931 2789 2983 Et
2836 2930 3026 2985 beatus
3053 2945 3144 2994 es,
3173 2928 3350 2993 Pater,
3379 2944 3503 2983 cum

1921 3024 2159 3078 dimicas
2191 3038 2253 3077 ac
2277 3023 2546 3077 obniteris
2576 3038 2677 3093 pro
2701 3023 3008 3077 orthodoxa
3043 3023 3165 3077 lide.
3193 3022 3297 3075 Sed
3324 3028 3377 3076 et
3407 3036 3507 3091 pro

1921 3129 2007 3167 me
2042 3114 2243 3169 misero
2273 3129 2526 3182 precare,
2561 3124 2620 3168 ut
2650 3115 2899 3184 vestigiis
2934 3114 3242 3169 sanctitatis
3272 3122 3379 3168 tua:
3419 3114 3503 3166 in-

242 3199 450 3269 κτροῦ,
499 3200 729 3254 κατόπιν
765 3202 904 3256 ίέναι
954 3202 1056 3272 τῆς
1083 3204 1395 3277 ἁγιωσύνης
1427 3222 1521 3258 σου
1544 3244 1561 3271 ,
1610 3204 1708 3259 zeal.
1740 3204 1817 3277 μὴ

1923 3206 2109 3260 sistam
2132 3245 2148 3271 ,
2184 3220 2283 3260 nec
2308 3215 2527 3276 propter
2564 3217 2788 3277 peccata
2825 3221 2945 3261 mea
2970 3206 3185 3276 ejiciar.

243 3291 592 3362 ἀπωσθῆναι,
615 3292 707 3346 6ιά
734 3292 836 3355 τὰς
866 3294 1143 3363 ἁμαρτίας
1177 3312 1303 3365 μου.

600 3405 727 3460 ΚΔ’.
758 3433 829 3447 -
863 3405 1131 3474 Ἰγνατίφ
1154 3405 1364 3474 τέκνῳ.
1388 3405 1573 3480 [σλζ’.]

1846 3257 1894 3319 C

2376 3403 2566 3462 XXIV.
2591 3437 2657 3449 -ι
2685 3404 2895 3477 [gnatio
2923 3406 3059 3477 ﬁlio.

1582 3521 1813 3574 Celebrat
1833 3521 1970 3570 illius
1994 3519 2193 3569 laudes.

326 3605 397 3658 Ἀ
459 3603 771 3676 γέγραφας,
805 3605 998 3661 τέκνον
1050 3606 1434 3677 ἠγαπημένον,
1479 3608 1652 3675 ἔγνων
1677 3626 1690 3640 ·
1727 3608 1824 3661 καὶ

248 3696 429 3765 χαίρω
444 3696 659 3749 ἀκούων
673 3712 767 3749 σου
784 3696 884 3766 τῆς
897 3697 1104 3767 φωνῆς’
1120 3698 1180 3749 ού
1203 3698 1310 3767 μὴν
1328 3697 1401 3761 ὠς
1421 3698 1825 3767 ὑπολαμϐάνεις

248 3788 321 3841 τὰ
345 3788 467 3841 κατ’
489 3787 590 3858 ἐμὲ
614 3801 629 3818 ⁸
650 3788 794 3841 ἕωλα
818 3788 926 3858 γὰρ
956 3789 1051 3841 καὶ
1083 3788 1379 3859 οὑδαμινά·
1404 3788 1543 3859 πλὴν
1571 3792 1619 3842 εἱ
1648 3790 1825 3857 λέγοις

248 3878 585 3947 ὠφελεῖσθαι
607 3880 664 3932 ἐν
685 3881 797 3941 τοῖς
822 3879 1004 3945 λόγοις
1033 3896 1160 3947 μου.
1193 3881 1375 3949 Γράφε
1403 3881 1496 3933 καὶ
1521 3881 1675 3950 δέχου
1698 3897 1709 3908 '
1735 3883 1829 3934 καὶ

252 3970 449 4040 φθόνος
470 3970 664 4033 οὐδείς.
716 3970 948 4039 Συνίημι
975 3970 1087 4040 βίον
1118 3972 1301 4024 ’ἐλκειν
1342 3988 1402 4024 σε
1426 3989 1828 4043 στενοχωρητι-

252 4062 353 4116 κδν
375 4063 434 4114 ἐν
460 4060 539 4132 τῷ
572 4060 803 4132 παρόντι
833 4060 1093 4132 διωγμῷσ
1143 4061 1333 4135 ὥσπερ
1365 4064 1463 4118 καὶ⁵
1502 4066 1552 4117 οἱ
1600 4064 1831 4134 όμοτρό⁶

252 4170 377 4217 πως
432 4169 514 4206 σοι
561 4152 949 4224 κρυπτόμενοι.
1020 4154 1161 4208 Ἀλλ’
1219 4156 1252 4224 ἠ
1294 4155 1451 4218 ἐλπὶς
1500 4155 1827 4224 κουφιζέτω.

256 4246 398 4315 Ἔχε
424 4245 493 4297 τά
524 4244 667 4298 κατὰ
714 4245 773 4297 σὲ
820 4243 1100 4313 ἀσφαλῶς,
1139 4244 1277 4314 μετά
1318 4245 1414 4298 τοῦ
1461 4245 1629 4297 καλοῦ
1664 4246 1832 4297 Εὐσε-

256 4334 401 4405 βίου,
437 4334 496 4387 δν
519 4336 612 4389 καί⁵
648 4337 1064 4407 προσαγορεύω.
1112 4336 1178 4389 Ἦ
1203 4337 1353 4407 παρὰ
1384 4336 1495 4390 τῶν
1535 4338 1834 4407 αἱρετικῶν

254 4422 518 4477 κοινωνία
543 4424 608 4477 οὑ
634 4424 812 4487 κοινὸς
848 4423 1198 4495 ἀρτος,’ἀλλά
1230 4426 1544 4496 φάρμακον,
1576 4427 1637 4479 ού
1676 4427 1836 4495 σῶμα

256 4515 524 4587 βλάπτον,
578 4515 717 4571 ἀλλὰ
764 4516 944 4586 ψυχὴν
978 4516 1231 4586 μελαῖνον
1264 4518 1359 4570 καὶ
1407 4518 1655 4581 σκοτίζον
1676 4534 1690 4549 ·
1750 4520 1835 4589 (5i-

253 4625 421 4663 πτειν
449 4608 618 4661 δὲκαὶ
643 4607 908 4680 κρύόδην,
937 4609 1037 4663 οὐκ
1058 4609 1183 4679 ἐμοὶ
1212 4609 1273 4662 τὸ
1295 4608 1498 4677 λέγειν.
1530 4610 1693 4671 Ἀλλά
1718 4610 1830 4663 τῶν

251 4697 564 4752 ποιούντων
592 4698 771 4769 φόὸῳ’
810 4701 943 4771 περὶ⁵
968 4693 1045 4754 ὧν
1072 4700 1253 4753 ἐκεῖνο
1292 4698 1475 4767 λέγειν
1536 4698 1715 4761 ἐστιν,
1758 4701 1840 4753 ὅτι

253 4789 489 4844 Πολλοὶ
538 4788 658 4842 τῶν
699 4790 1011 4858 ἀρχόντων
1071 4791 1399 4845 ἐπίστευον
1449 4792 1537 4856 εἰς
1606 4792 1836 4845 αὐτόν’

1995 3605 2126 3671 Quae
2158 3604 2462 3673 scripsisti,
2491 3604 2689 3660 dilecte
2730 3606 2838 3673 ﬁli,
2892 3607 3173 3675 intellexi,
3219 3623 3285 3664 ac
3325 3623 3510 3664 vocem

1927 3705 2073 3751 tuam
2107 3696 2325 3766 quidem
2370 3698 2557 3751 audire
2587 3714 2673 3751 me
2701 3699 2932 3753 delectat
2965 3718 2979 3753 :
3016 3709 3071 3755 at
3112 3715 3199 3755 res
3238 3716 3372 3756 mea:
3405 3716 3512 3755 nou

1927 3789 2009 3843 sic
2046 3799 2196 3851 sunt,
2226 3799 2283 3843 nt
2312 3799 2364 3842 tu
2394 3789 2677 3844 existimas
2704 3807 2721 3856 ;
2764 3806 2887 3844 nam
2919 3801 3049 3845 sunt
3071 3792 3264 3847 inanes
3292 3809 3354 3848 ac
3386 3793 3511 3847 nul-

1928 3879 2036 3933 lius
2081 3880 2271 3947 pretii,
2321 3880 2427 3934 nisi
2473 3880 2618 3949 quod
2672 3881 3021 3938 sermonibus
3062 3883 3201 3937 meis
3242 3884 3420 3952 juvari
3461 3893 3513 3937 te

1928 3971 2032 4025 ais.
2069 3970 2261 4025 Scribe
2290 3979 2343 4024 et
2370 3971 2558 4039 accipe
2584 3987 2596 4021 :
2634 3985 2734 4024 nec
2762 3971 3037 4025 invidebo.
3071 3970 3321 4042 Intelligo
3344 3974 3510 4027 vitam

1933 4062 2153 4117 trahere
2187 4071 2237 4115 te
2278 4061 2494 4131 plenam
2530 4062 2907 4117 molestiarum
2944 4064 2997 4116 in
3038 4065 3291 4133 praesenti
3327 4081 3514 4135 perse-

1932 4155 2152 4209 cutione
2186 4170 2197 4205 :
2240 4153 2703 4219 quemadmodum
2747 4162 2801 4207 et
2844 4152 2880 4207 i1'
2930 4153 3024 4222 qui
3058 4153 3316 4209 similiter
3358 4171 3423 4209 ac
3456 4165 3514 4209 tu

1935 4245 1988 4298 in
2021 4242 2245 4298 latebris
2270 4242 2496 4313 degunt.
2524 4242 2628 4296 Sed
2663 4242 2900 4296 laborem
2934 4256 3062 4311 spes
3092 4243 3357 4297 sublevet.
3391 4244 3511 4298 Tibi

1934 4336 2128 4392 sedulo
2153 4349 2286 4390 cave
2319 4350 2443 4388 cum
2472 4334 2688 4404 egregio
2725 4332 2985 4396 Eusebio,
3014 4349 3179 4405 quem
3208 4344 3263 4389 et
3305 4335 3510 4391 saluto.

1934 4425 2264 4483 Communio
2289 4440 2414 4479 cum
2448 4423 2719 4479 haereticis
2749 4437 2856 4478 non
2882 4423 3039 4493 panis
3070 4425 3381 4479 communis
3406 4432 3514 4488 est,

1936 4520 2029 4575 sed
2067 4534 2338 4574 venenum
2365 4557 2379 4581 ,
2412 4517 2556 4587 quod
2590 4532 2697 4569 non
2730 4530 2935 4586 corpus
2964 4514 3185 4586 quidem
3211 4553 3227 4579 ,
3260 4515 3355 4569 sed
3398 4515 3517 4569 aui-

1938 4626 2089 4667 mum
2121 4609 2378 4670 obscurat
2404 4618 2459 4661 et
2483 4606 2805 4661 obtenebrat
2834 4624 2846 4659 :
2880 4606 3151 4676 projicere
3171 4620 3302 4659 vero
3331 4606 3519 4661 occul-

1940 4711 2013 4768 te,
2040 4717 2147 4755 non
2168 4710 2253 4756 est
2278 4715 2460 4754 meum
2479 4699 2661 4753 dicere
2688 4716 2702 4764 ;
2732 4698 2827 4753 sed
2853 4698 3089 4767 suntqui
3113 4707 3257 4752 metu
3278 4697 3514 4762 iaciant;

1941 4794 2009 4849 de
2046 4794 2247 4864 quibus
2275 4791 2409 4846 illud
2451 4806 2716 4859 usurpare
2747 4789 2829 4845 las
2861 4799 2945 4844 est
2973 4807 2987 4843 :
3032 4786 3194 4841 Mulli
3228 4804 3293 4841 ex
3317 4788 3517 4855 princi-

251 4880 403 4936 ἀλλ’
437 4881 549 4949 οὐχ
573 4880 924 4950 ὡμολόγουν
950 4880 1049 4935 διὰ
1094 4882 1239 4948 τοὺς
1280 4882 1645 4950 Φαρισαίους
1669 4900 1683 4915 ·
1738 4884 1823 4937 ἵνα

1939 4887 2089 4957 pibus
2128 4883 2463 4939 crediderunt
2503 4883 2556 4935 in
2592 4897 2709 4936 eum
2751 4896 2770 4934 :
2822 4882 2911 4935 sed
2962 4890 3175 4949 propter
3212 4879 3517 4933 Pharisa’os

248 4970 346 5041 μὴ
369 4970 829 5041 ἀποσυνάγωγοι
854 4970 1161 5040 γένωνται.
1208 4974 1561 5043 Ἠγὰπησαν
1588 4975 1699 5044 γὰρ
1726 4975 1842 5043 τὴν

255 5059 460 5123 δόξαν
492 5058 610 5114 τῶν
659 5060 990 5128 ἀνθρώπων
1014 5058 1254 5126 μᾶλλον
1280 5062 1319 5130 ἢ
1359 5063 1474 5129 τὴν
1503 5063 1695 5128 δόξαν
1733 5064 1841 5119 τοῦ

257 5150 441 5205 Θεοῦ.
475 5150 538 5203 El
566 5150 623 5203 δὲ
651 5150 949 5221 όρθοδόξων
979 5152 1034 5205 αἱ
1064 5150 1222 5221 εὐχαὶ
1269 5153 1369 5222 τῆς
1406 5154 1718 5224 ἱερουργίας
1744 5170 1758 5186 ο
1792 5154 1842 5208 τί

254 5242 448 5306 τοῦτο,
482 5244 531 5295 εί
576 5240 728 5311 παρά
770 5242 1069 5313 αἱρετικῶν
1135 5242 1390 5309 γίνοιντο,
1434 5244 1840 5314 συμϐάλλεταις

254 5334 343 5387 οὐ
376 5336 487 5404 γὰρ
537 5330 614 5393 ὡς
659 5334 689 5385 ὁ
739 5333 973 5402 ποιήσας
1022 5333 1194 5395 αὑτάς
1230 5333 1554 5403 φρονοῦσιν·
1610 5336 1734 5389 οὐδὲ
1768 5336 1844 5399 ὡς

252 5424 428 5477 αὐταὶ
472 5421 530 5473 αἱ
562 5423 736 5488 φωναὶ
768 5424 1129 5493 σημαίνουσι,
1176 5424 1560 5478 πιστεύουσινθ
1613 5427 1845 5498 ἐπείπερ

252 5512 424 5568 πᾶσα
451 5512 486 5581 ἡ
516 5516 901 5584 μυσταγωγία,
921 5515 1158 5586 Χριστὸν
1188 5514 1477 5585 ἄνθρωπον
1502 5517 1719 5589 ἀληθῶς
1750 5536 1846 5586 γε·

255 5602 532 5673 γενῆσθαι
557 5603 799 5667 δοξάζει·
825 5606 873 5659 οἱ
900 5608 959 5659 δὲ
1000 5606 1314 5677 ἀρνοῦνται,
1344 5610 1450 5665 κᾶν
1494 5610 1720 5680 λέγωσι,
1758 5612 1847 5666 διὰ

256 5696 330 5750 τὸ
361 5698 583 5765 φρονεῖν
615 5697 691 5768 μὴ
718 5697 1146 5764 ὲξεικονίζεσθαι
1173 5701 1356 5756 αὐτόν.

340 5883 387 5911 ⁸⁵
415 5880 575 5935 .Ιυ.ιιι.
614 5897 717 5948 xu,
750 5884 837 5937 i2.

1935 4993 2040 5030 non
2073 4974 2481 5043 conﬁtebantur,
2535 4983 2591 5025 ut
2641 4989 2667 5026 ο
2715 4971 2997 5042 Synagoga
3030 4988 3132 5025 non
3177 4972 3513 5040 ejicerentur.

1937 5068 2249 5122 Dilexeruut
2299 5067 2435 5120 enim
2486 5066 2715 5133 gloriam
2776 5066 3047 5117 hominum
3102 5066 3309 5135 magis,
3358 5081 3518 5133 quam

1936 5157 2161 5226 gloriam
2215 5154 2308 5208 Dei
2357 5155 2423 5207 “.
2470 5152 2625 5219 Quod
2678 5152 2723 5207 si
2782 5153 3215 5207 orthodoxorum
3265 5162 3389 5207 sunt
3442 5168 3521 5207 ea:

1939 5262 2127 5318 preces
2150 5248 2353 5317 quibus
2381 5262 2467 5300 res
2490 5262 2647 5300 sacra
2680 5244 2960 5315 peragitur
2989 5262 3003 5297 :
3040 5260 3330 5313 quorsum,
3359 5259 3426 5297 an
3450 5246 3519 5297 ab

1939 5337 2209 5393 haereticis
2260 5338 2363 5391 illa:
2396 5339 2559 5402 liant,
2596 5336 2933 5406 disceptatur
2956 5336 2981 5388 ?
3026 5334 3214 5405 Neque
3242 5335 3387 5390 enim
3426 5350 3520 5389 eas

1951 5430 2173 5499 perinde
2202 5440 2367 5497 atque
2400 5430 2645 5499 ipsarum
2686 5438 2878 5483 auctor
2916 5427 3225 5497 intelligunt
3274 5444 3287 5481 :
3346 5441 3523 5495 neque

1951 5520 2007 5574 id
2040 5521 2271 5575 credunt
2298 5520 2442 5588 quod
2479 5533 2641 5573 voces
2682 5518 2813 5587 ipsze
2841 5514 3153 5585 signiﬁcant
3192 5532 3204 5567 :
3251 5513 3521 5583 siquidem

1953 5610 2029 5664 rei
2078 5624 2250 5663 sacrae
2286 5609 2530 5679 peractio
2560 5608 2741 5663 omnis
2768 5606 3046 5661 Christum
3082 5605 3360 5660 hominem
3396 5617 3523 5657 vere

1954 5699 2156 5755 factum
2189 5700 2376 5754 statuit
2410 5718 2424 5754 :
2468 5700 2524 5754 hi
2551 5714 2680 5753 vero
2719 5706 2951 5766 negant,
2992 5696 3257 5769 quidquid
3304 5694 3519 5759 dicant,

1953 5794 2046 5866 qtti
2078 5808 2199 5849 eum
2230 5792 2371 5863 pingi
2407 5807 2565 5862 posse
2597 5792 2927 5849 inliciautur.
