4164 6478
698 401 828 470 1191

765 512 1241 581 Quemadmodum
1285 511 1330 564 si
1364 510 1568 564 diceret
1602 508 1801 578 aliquis
1834 526 1847 561 :
1887 508 2064 563 Credo
2094 507 2145 559 in
2177 504 2274 558 Pa-
2303 504 2351 561 A

695 618 853 670 trem,
888 617 940 659 et
970 605 1192 665 Filium,
1216 613 1271 658 et
1303 603 1564 671 Spiritum
1604 610 1876 661 sanctum,
1907 599 2133 653 sentiret
2178 612 2272 650 au-

697 707 801 751 tem
821 698 1055 757 Patrem,
1072 704 1126 747 et
1143 693 1359 757 Filium,
1372 704 1425 745 et
1440 693 1699 760 Spiritum
1715 701 1961 745 sanctum
1978 705 2140 742 unam
2155 703 2274 742 esse

699 786 1031 855 liypostasim
1051 784 1369 854 subtriplici
1397 783 1644 844 nomine;
1670 784 1815 851 quod
1848 781 1949 834 fuit
1969 778 2273 847 insipientis

701 874 921 927 Sabellii
950 873 1177 942 dogma;
1209 887 1327 941 age,
1355 871 1501 924 hunc
1528 871 1818 939 quisquam
1848 878 2099 923 nostrum
2130 866 2276 919 dicat

701 965 753 1015 in
792 962 1116 1015 Trinitatem
1158 961 1419 1017 credere?
1456 960 1683 1013 minime
1722 972 1855 1012 sane
1903 973 1917 1009 :
1958 969 2273 1023 quanquam

702 1054 749 1108 is
777 1064 1073 1107 asseveret.
1109 1050 1199 1107 Sic
1229 1052 1414 1119 igitur,
1442 1065 1617 1118 neque
1654 1048 1765 1109 hic,
1802 1057 1862 1099 ut
1892 1046 2168 1115 loquitur,
2202 1044 2275 1097 ita

702 1142 911 1206 credit,
942 1142 1193 1211 quamvis
1239 1141 1314 1194 rei
1362 1154 1532 1194 saerze
1578 1140 1713 1192 ritus
1758 1138 2096 1190 orthodoxus
2148 1142 2274 1188 est:

704 1231 799 1286 sed
842 1232 885 1285 is
921 1232 1195 1284 incassum
1228 1230 1506 1298 loquitur,
1538 1228 1621 1280 vel
1649 1228 1829 1295 potius
1860 1226 2019 1279 ludos
2051 1224 2181 1293 agit,
2212 1237 2278 1277 ac

705 1322 986 1390 liturgiam
1039 1322 1368 1376 contumelia
1419 1320 1583 1373 allicit
1636 1336 1650 1372 :
1712 1316 2155 1387 quandoquidem
2224 1324 2281 1369 et

707 1414 1137 1483 praestigiatores
1192 1424 1246 1466 et
1304 1414 1674 1465 incantatores
1731 1409 1931 1464 divinis
1983 1410 2280 1461 abutuntur

708 1504 942 1558 canticis
996 1504 1049 1558 in
1103 1502 1501 1557 daemoniorum
1547 1501 1745 1555 sacris.
1775 1498 2145 1553 Prtestabilius
2194 1507 2281 1553 est

709 1609 857 1656 eum,
885 1594 977 1662 qui
1009 1594 1248 1646 nondum
1281 1593 1350 1643 sit
1381 1606 1538 1645 sacro
1568 1589 1715 1643 fonte
1744 1590 1945 1643 tinctus
1974 1628 1989 1652 ,
2029 1589 2076 1643 si
2110 1588 2282 1657 bapti-

709 1692 864 1736 zator
894 1683 1232 1737 orthodoxns
1277 1697 1384 1735 non
1431 1681 1610 1743 adsit,
1658 1696 1689 1733 a
1737 1683 2043 1745 monacho;
2088 1689 2181 1732 aut
2234 1678 2278 1732 si

1900 399 1961 457 S.
2000 391 2395 457 THEODORI
2438 385 2787 448 STUDI'I‘E

3820 368 3953 432 1192

2457 498 2545 559 Ὦς
2574 496 2640 547 ἂν
2670 495 2717 545 εἰ
2745 492 2837 545 xui.
2868 490 3043 557 λέγων
3074 505 3158 553 τις
3180 504 3193 517 ·
3231 485 3479 541 Πιστεύω
3510 485 3590 547 εἰς
3620 481 3843 550 Πατέρα
3859 481 3950 530 καὶ

2376 588 2504 640 Υίὸν
2534 587 2627 639 καὶ
2650 584 2803 652 ἆγιον
2837 581 3063 649 Πνεῦμα
3086 597 3099 610 ·
3133 578 3347 649 φρονῶν
3380 578 3440 631 δὲ
3462 577 3547 629 ὅτι
3575 576 3603 627 6
3636 571 3829 640 Πατὴρ
3860 570 3953 619 καὶ

2372 681 2401 732 6
2433 678 2561 739 Υἱὸς
2596 676 2690 728 καὶ
2745 674 2806 725 τὸ
2857 674 3012 739 ἆγιον
3065 670 3288 739 Πνεῦμα
3346 668 3446 737 μία
3489 662 3793 723 ὑπόστασις
3841 661 3955 711 ἐστι

2372 770 2682 840 τριώνυμος
2719 784 2733 797 ·
2782 766 2922 835 ὅπερ
2975 763 3213 833 ὑπάρχει
3280 761 3457 830 δόγμα
3515 755 3811 812 Σαϐελλίου
3864 751 3956 804 τοῦ

2377 858 2811 929 ματαιόφρονος·
2854 853 2908 905 τί
2954 851 3087 916 οῦν;
3130 850 3377 927 εςπωμεν
3424 848 3517 901 τὸν
3566 844 3817 899 τοιοῦτον
3867 858 3957 929 πι-

2376 927 2588 1002 στεύειν
2620 948 2699 1010 είς
2723 944 2965 1015 Τριάδας
3002 940 3255 1010 οὐδαμῶς
3273 957 3287 971 ·
3314 939 3418 992 κᾶν
3449 938 3603 1007 λέγῃ.
3628 935 3817 996 Οὕτως
3841 927 3955 988 οὖν.

2375 1040 2498 1094 οὐδὲ
2526 1036 2761 1091 ἔνταῦθα
2810 1032 3059 1088 πιστεύει
3106 1032 3184 1094 ὠς
3228 1031 3414 1098 λέγει’
3461 1028 3565 1082 κᾶν
3594 1023 3884 1096 όρθὸδοξος
3926 1023 3961 1089 ἡ

2380 1129 2780 1203 μυσταγωγία·
2834 1127 2951 1182 ἀλλ’
3012 1125 3343 1195 εἰκαιολογεϊ
3398 1125 3427 1176 6
3492 1120 3739 1181 τοιοῦτος
3794 1116 3956 1187 [Reg.

2377 1225 2498 1282 eod.
2545 1220 2865 1292 ἑκάτερος]·
2901 1220 3103 1291 μᾶλλον
3150 1219 3208 1272 δὲ
3244 1215 3519 1287 ὲνυὸρίζει
3588 1211 3808 1273 παίζων
3859 1208 3961 1277 τὴν

2378 1316 2718 1384 λειτουργίαν
2739 1328 2751 1341 ⁸
2786 1313 2910 1365 ἐπεὶ
2936 1312 3030 1364 καὶ
3073 1309 3270 1378 γόητες
3300 1307 3396 1359 καὶ
3441 1302 3692 1358 έπαοιδοὶ
3714 1298 3960 1370 χρῶνται

2379 1405 2552 1467 θείαις
2602 1402 2768 1473 ᾠδαῖς
2815 1403 2875 1455 ὲν
2919 1403 3033 1463 τοῖς
3068 1394 3469 1467 δαιμονιὼδεσι.
3539 1390 3822 1461 Συμφέρει
3871 1386 3962 1437 τὸν

2387 1496 2745 1557 ἀδάπτιστον,
2773 1493 2821 1545 εί
2887 1490 2963 1560 μὴ
3002 1488 3307 1559 εὑρίσκοιτο
3356 1482 3638 1554 ὀρθόόοξος
3682 1480 3710 1531 6
3767 1476 3965 1546 βαπτί-

2384 1589 2514 1653 ζων,
2550 1584 2655 1638 ὑπὸ
2705 1581 2961 1652 μοναχοῦ,
3004 1579 3062 1649 ἢ,
3119 1578 3213 1631 καὶ
3268 1574 3459 1628 τούτου
3509 1572 3584 1642 μὴ
3644 1570 3825 1630 ὄντος,
3858 1565 3965 1617 ὑπὸ

2381 1676 2570 1733 λαῖκοῦ
2606 1674 2993 1746 βαπτισθῆναι,
3024 1669 3309 1738 λέγοντος·
3341 1663 3675 1727 Βαπτὶζεται
3730 1660 3761 1711 6
3813 1657 3965 1709 δεῖνα

709 1776 852 1829 desit
894 1775 981 1827 ille
1007 1814 1023 1836 ,
1071 1788 1100 1827 a
1144 1774 1283 1826 laico
1319 1770 1627 1841 baptizari,
1670 1770 1926 1825 dicente:
1970 1769 2282 1839 Baptizatur

2392 1774 2466 1834 εἰς
2490 1770 2551 1822 τὸ
2577 1771 2748 1838 ὄνομα
2767 1764 2859 1819 τοῦ
2891 1761 3108 1833 Ila-.96:
3135 1760 3231 1813 καὶ
3256 1757 3351 1811 τοῦ
3382 1753 3513 1810 Υίοῦ
3539 1752 3633 1805 καὶ⁸
3675 1748 3773 1802 τοῦ
3806 1746 3962 1813 ἁγίου

710 1865 836 1917 talis
868 1864 918 1916 in
953 1864 1171 1916 nomine
1198 1830 1404 1925 Patris,
1428 1870 1482 1916 et
1520 1860 1665 1924 Filii,
1693 1869 1746 1914 et
1788 1860 2025 1929 Spiritus
2046 1830 2237 1914 .saneti
2265 1877 2281 1925 ;

2392 1830 2732 1932 Πνεῦματος·
2790 1857 2822 1927 ἦ
2872 1830 3177 1923 ἀφώτιστον
3211 1847 3550 1918 ἐκδημῆσαιο
3605 1844 3700 1896 καὶ
3731 1837 3961 1932 ἀληθῶς

708 1966 871 2021 quam
920 1953 1118 2006 lavacri
1165 1963 1441 2022 expertem
1486 1967 1517 2007 e
1564 1954 1673 2005 vita
1723 1952 1915 2005 abire:
1950 1960 2004 2005 et
2048 1951 2134 2005 ille
2160 1966 2284 2006 vere

711 2044 1023 2113 baptizatus
1053 2054 1155 2100 est.
1202 2043 1277 2097 Ex
1316 2042 1641 2097 necessitate
1678 2042 1821 2095 enim
1862 2041 1919 2095 fit
1956 2041 2089 2110 legis
2126 2056 2282 2096 corn-

709 2135 942 2190 mutatio
970 2153 986 2201 ;
1026 2136 1101 2189 uti
1132 2137 1261 2190 olim
1298 2134 1501 2187 factum
1528 2142 1582 2186 et
1610 2134 1970 2185 constitutum
2002 2142 2106 2187 est.

1086 2244 1254 2300 XXV.
1280 2275 1348 2284 —
1375 2242 1532 2298 Petro
1566 2242 1764 2296 Nicena
1800 2241 1899 2309 (1).

2388 1930 2711 2020 ἔδαπτίσθη.
2755 1947 2846 2011 Ἐξ
2874 1946 3126 2012 ἀνάγκης
3157 1941 3266 2010 γὰρ
3300 1938 3396 1992 καὶ
3422 1937 3592 2007 νόμου
3630 1930 3962 2004 μετάθεσις·

2390 2043 2467 2107 ὡς
2495 2043 2687 2111 γέγονε
2722 2038 2893 2091 πάλαι
2916 2036 3010 2088 καὶ
3043 2030 3444 2087 ἀποδέδεικται.

2741 2241 2871 2294 κε’.
2898 2268 2967 2279 —-
2998 2236 3196 2305 Πέτρῳ
3216 2232 3484 2296 Νικαίας.
3512 2223 3713 2301 [σμβᾋ

1472 2332 1549 2383 De
1577 2334 1920 2383 haereticorum
1946 2334 2138 2382 vitanda
2169 2334 2531 2382 communione.
2562 2332 2760 2393 (Bacon.
2784 2342 2866 2377 an.
2894 2327 3005 2385 8l6,
3036 2340 3087 2375 ιι.
3116 2324 3219 2386 ιδ.)

778 2421 969 2475 Sciens
1003 2419 1095 2472 tibi
1132 2418 1282 2472 cordi
1324 2432 1446 2472 esse
1472 2456 1488 2482 ,
1542 2427 1601 2469 ut
1636 2426 1812 2471 tecum
1837 2456 1851 2477 ,
1899 2432 2057 2471 sacro
2105 2416 2283 2483 capite

709 2526 854 2574 meo,
890 2511 1043 2563 nihili
1074 2509 1237 2561 homo
1268 2509 1501 2577 loquar;
1540 2506 1746 2561 amoris
1775 2521 1928 2571 ergo,
1961 2521 2067 2560 IIOII
2104 2520 2285 2560 neces.

709 2602 889 2654 sitatis
932 2614 1135 2661 causa,
1178 2613 1323 2651 nunc
1375 2598 1588 2664 loquor.
1644 2594 1708 2648 Et
1754 2596 1973 2663 quidem
2006 2594 2118 2662 jam
2160 2602 2285 2647 ante

712 2689 930 2743 loeutus
952 2704 1045 2757 per
1072 2690 1300 2741 alteram
1331 2685 1617 2755 epistolam
1646 2684 1834 2737 videor
1859 2702 1874 2738 :
1906 2698 2068 2753 quam
2100 2692 2283 2737 utrum

714 2780 995 2849 acceperis
1053 2779 1258 2832 nescio.
1310 2776 1370 2831 In
1423 2786 1657 2843 utraque
1717 2783 1898 2830 autem
1949 2776 2136 2829 eadem
2179 2790 2284 2828 vox

716 2874 850 2927 mihi
876 2913 891 2936 ,
923 2881 983 2926 ut
1010 2886 1240 2939 corpore
1262 2870 1463 2934 valeas,
1510 2870 1580 2923 mi
1612 2868 1769 2923 Pater
1792 2910 1809 2936 ,
1841 2869 2057 2923 firmum
2085 2868 2285 2923 verita-

717 2966 788 3020 tis
842 2962 1260 3016 fundamentum
1312 2960 1378 3015 ad
1430 2962 1727 3015 multorum
1782 2960 2175 3022 stabilitatem,
2221 2959 2287 3011 ad

718 3049 842 3106 ﬁdei
875 3049 1215 3119 signaculum
1247 3089 1263 3113 ,
1317 3047 1385 3102 ad
1424 3048 1638 3103 laudem
1677 3048 1918 3112 Christi,
1962 3048 2027 3102 ad
2060 3049 2287 3117 gloriam

722 3141 991 3194 universa:
1020 3139 1279 3193 Ecclesia:
1306 3159 1319 3191 :
1360 3139 1621 3206 quoniam
1653 3141 1986 3207 conspicuus
2016 3149 2069 3192 tu
2102 3139 2292 3192 oculus

2453 2392 2620 2476 Εἰδὼς
2652 2417 2738 2467 ὅτι
2784 2412 2958 2481 φιλεῖς
2981 2404 3317 2478 φθέγγεσθαί
3352 2419 3420 2474 με
3448 2400 3539 2454 τὸν
3562 2396 3778 2459 οὐδενὸς
3816 2392 3965 2457 ἄξιον

2344 2560 2351 2561 ,
2387 2506 2523 2577 πρὸς
2558 2505 2618 2556 σὲ
2660 2503 2759 2573 τὴν
2794 2501 2949 2571 ίεράν
2981 2516 3083 2568 μου
3130 2493 3373 2564 κεφαλήν
3397 2509 3413 2524 ο
3448 2489 3630 2559 φιλίας
3677 2486 3876 2557 χάριν,
3904 2484 3963 2535 οὐ

2386 2598 2577 2667 χρείας
2612 2596 2776 2648 ἕνεκα
2803 2593 2905 2663 ἤδη
2933 2590 3242 2658 φθέγγομαι
3265 2602 3278 2616 ⁸
3316 2583 3583 2652 φαίνομαι
3608 2581 3667 2631 δὶ
3699 2579 3799 2631 καὶ
3828 2593 3963 2667 ’προ⁴

2385 2666 2759 2756 φθεγξάμενος
2782 2684 2851 2736 δι’
2878 2682 3076 2750 ἑτέρας
3104 2676 3393 2745 ἐπιστολῆς
3417 2690 3431 2705 ο
3458 2673 3525 2743 ἣν
3555 2672 3603 2723 εἰ
3620 2668 3843 2731 ἐδέξατο
3868 2666 3966 2718 οὒκ

2387 2780 2709 2846 ἐπίσταμαι.
2776 2775 2866 2825 Ἐν
2917 2768 3011 2823 οὖν
3060 2767 3400 2839 αμφοτέραις
3439 2758 3520 2824 εἷς
3558 2777 3651 2830 μοι
3695 2759 3725 2809 6
3784 2757 3965 2823 λόγος,

2392 2865 2659 2934 ὑγιαίνειν
2688 2881 2747 2915 σε
2778 2861 2856 2931 τῷ
2879 2861 3096 2929 σώματι
3126 2856 3219 2909 τὸν
3257 2854 3393 2924 ὲμδν
3433 2851 3675 2919 Πατέρα,
3707 2848 3801 2899 τὸν
3846 2860 3967 2897 στε-

2392 2960 2518 3029 ρεὸν
2556 2955 2806 3025 θεμέλιον
2842 2954 2941 3021 τῆς
2982 2947 3262 3018 ἀληθείας,
3308 2946 3389 3006 είς
3436 2942 3687 3013 ἓδρασμα
3731 2936 3967 3029 πολλῶν,

2393 3028 2473 3111 είς
2530 3047 2802 3118 σφραγῖδα
2848 3044 3105 3103 πίστεως,
3163 3040 3243 3101 είς
3298 3036 3519 3089 ἔπαινον
3565 3029 3832 3100 Χριστοῦ,
3887 3028 3964 3118 είς

2397 3140 2556 3201 κλέος
2595 3117 2692 3207 τῆς
2732 3137 2860 3204 ὅλης
2927 3129 3281 3192 Ἐκκλησίας·
3311 3124 3503 3194 ἐπειδὴ
3528 3120 3839 3192 περιφανὴς
3905 3117 3968 3168 σὺ

720 3247 831 3302 pra:
854 3230 1086 3296 caeteris,
1114 3229 1322 3283 Orienti
1351 3239 1404 3282 et
1436 3228 1714 3282 Occidenti
1745 3238 1926 3291 notus,
1961 3228 2163 3281 habens
2188 3244 2291 3281 una

2394 3229 2668 3297 ὀφθαλμλς
2716 3226 2869 3296 παρὰ
2912 3224 3039 3288 τοὺς
3093 3221 3311 3285 ἄλλους,
3352 3214 3616 3283 ’Δνατολῇ
3653 3211 3749 3264 καὶ
3807 3207 3969 3261 Δὺσει

720 3342 849 3381 eum
903 3327 1006 3379 vita
1051 3336 1279 3388 sancta,
1337 3322 1652 3378 facultatem
1702 3322 1971 3377 sermonis
2014 3321 2296 3376 eximiam.

725 3415 878 3471 Uude
906 3428 959 3469 et
990 3414 1415 3483 imperatoribus
1444 3412 1642 3465 charus
1674 3410 1851 3465 factus
1884 3425 1942 3464 es
1966 3452 1981 3475 ,
2015 3419 2068 3464 et
2098 3410 2299 3480 princi-

726 3510 890 3580 pibus
925 3508 1177 3561 amabilis
1204 3548 1220 3572 ,
1264 3514 1317 3559 et
1357 3506 1645 3560 monachis
1691 3504 1981 3558 laudabilis
2006 3545 2021 3568 ,
2069 3502 2302 3573 propriae

722 3614 856 3653 vero
886 3596 1148 3651 Ecclesia:
1171 3594 1301 3665 quid
1328 3594 1510 3649 dicere
1540 3610 1679 3663 opus
1702 3594 1824 3648 eSt?
1852 3609 1974 3647 cum
2008 3594 2222 3647 beatum
2252 3602 2303 3646 te

726 3686 1024 3755 prmdieet,
1075 3692 1125 3737 te
1158 3691 1427 3751 exspetat,
1482 3691 1733 3749 ametque
1781 3680 1850 3733 ob
1903 3680 2133 3749 plurima
2182 3693 2303 3747 quae

724 3776 952 3846 patrasti
974 3774 1185 3844 egregia
1217 3773 1481 3833 facinora,
1503 3781 1561 3824 ut
1592 3769 1829 3825 infantes
1844 3770 2011 3824 ubera
2033 3782 2301 3838 materna,

727 3873 789 3918 ut
816 3865 948 3933 pulli
978 3863 1269 3925 nutricem,
1302 3870 1361 3914 ut
1392 3862 1513 3931 agni
1546 3876 1735 3915 verum
1768 3868 2066 3930 pastorem.
2099 3857 2303 3924 Quidni

728 3954 962 4009 autem?
1011 3968 1133 4008 eum
1180 3952 1408 4006 auribus
1450 3952 1763 4005 insonautia
1806 3951 2042 4005 habeant
2090 3951 2303 4003 vivifica

728 4049 892 4101 verba
933 4056 1025 4099 tua
1060 4062 1073 4111 ;
1117 4060 1226 4114 prae
1263 4045 1439 4097 oculis
1473 4052 1654 4097 erecta
1710 4056 1803 4112 per
1844 4050 1896 4096 te
1943 4040 2035 4095 Dei
2082 4040 2301 4109 templa.

726 4137 972 4193 Necdum
1028 4138 1152 4191 dico
1204 4135 1675 4205 eleemosynarum
1730 4134 1953 4203 copias,
1999 4141 2053 4187 et
2096 4133 2303 4199 reliqua

729 4242 898 4297 opera
930 4238 1141 4282 sancta.
1175 4224 1285 4279 Nec
1314 4240 1441 4279 vero
1474 4224 1739 4277 arbitrere
1771 4238 1855 4277 me
1893 4222 2148 4276 amicitiae
2182 4237 2305 4291 gra-

728 4318 949 4374 tiﬁeari.
986 4316 1118 4371 Nam
1150 4317 1249 4371 etsi
1287 4316 1462 4370 oculis
1491 4331 1595 4367 non
1631 4314 1912 4384 usurpavi,
1948 4314 2130 4367 audivi
2164 4313 2307 4367 nihi-

729 4409 972 4465 lominus
1022 4422 1087 4461 ex
1142 4406 1210 4461 iis
1258 4407 1350 4476 qui
1388 4406 1656 4459 viderant.
1700 4403 1853 4469 Quod
1899 4406 1943 4457 si
2000 4419 2146 4458 nunc
2193 4404 2308 4459 haec

728 4508 961 4569 occupat
992 4498 1267 4569 piaculum
1295 4537 1310 4561 ,
1357 4513 1484 4551 vere
1530 4498 1715 4551 luscus
1766 4496 1853 4549 ille
1884 4504 1937 4549 et
1972 4497 2211 4549 externis
2248 4506 2303 4549 et

730 4591 964 4645 internis
996 4590 1206 4645 oculis:
1252 4604 1318 4642 ne
1346 4588 1717 4651 contristeris,
1751 4586 1934 4650 beate,
1964 4601 2138 4655 neque
2169 4586 2303 4638 adeo

731 4682 968 4736 mireris.
1017 4682 1259 4750 Apostoli
1292 4680 1343 4734 in
1373 4679 1659 4735 cmnaculo
1694 4687 1885 4740 erant,
1934 4687 1986 4730 et
2015 4678 2304 4731 celeberri-

732 4790 882 4829 mum
919 4775 1180 4842 templum
1236 4772 1462 4827 deicidee
1517 4772 1878 4840 occupabant.
1925 4768 2122 4823 Eadem
2159 4783 2302 4823 nunc

732 4866 1226 4921 lconomaehorum
1280 4864 1461 4929 ratio,
1519 4872 1574 4918 et
1628 4862 1851 4917 Judaica
1904 4861 2299 4931 sentientium:

732 4971 871 5026 quos
902 4965 1181 5011 convertat
1221 4955 1484 5009 Dominus
1510 4994 1526 5018 ,
1578 4962 1632 5007 et
1662 4952 1935 5007 custodiat
1980 4961 2029 5006 te
2077 4966 2175 5021 pro
2218 4965 2303 5003 me

734 5058 981 5102 orantem
1020 5048 1129 5101 filio
1162 5056 1275 5100 tuo.

2398 3316 2831 3387 γνωριζόμενος·
2867 3315 3008 3385 ἔχων
3056 3314 3193 3383 μετὰ
3225 3311 3319 3366 τοῦ
3358 3309 3509 3381 ἱεροῦ
3562 3308 3680 3378 βίου
3733 3304 3828 3358 καὶ
3882 3303 3969 3354 τὸν

2400 3409 2557 3477 λόγον
2624 3407 2941 3458 πολλοστόν.
3003 3404 3096 3467 Ἐξ
3133 3397 3195 3457 οὗ
3254 3404 3352 3455 καὶ
3409 3398 3689 3470 βασιλεῦσι
3739 3396 3969 3463 γέγονας

2401 3498 2661 3570 φιλητδς,
2740 3497 2833 3550 καὶ
2876 3495 3136 3565 ἄρχουσιν
3200 3492 3461 3565 ὲραστδς,
3515 3490 3612 3543 καὶ
3670 3486 3969 3557 μονασταῖς

2402 3590 2720 3652 ὲπαινετόςο
2772 3590 2838 3658 τῇ
2887 3588 2945 3641 δὲ
2990 3585 3169 3657 οἰκείᾳ
3210 3583 3513 3652 Ἐκκλησία
3546 3581 3600 3633 τί
3627 3579 3708 3632 δεῖ
3742 3578 3838 3630 καὶ
3886 3576 3969 3627 λέ-

2401 3696 2556 3749 γειν;
2612 3680 2995 3750 μακαριζούσῃ
3027 3695 3087 3731 σε
3119 3677 3215 3731 καὶ
3247 3672 3610 3742 ἑπιποθούσῃ,
3640 3670 3710 3723 δι’
3734 3668 3771 3722 ἃ
3816 3667 3972 3735 ἔδρας

2404 3789 2501 3834 σας
2546 3770 2772 3823 πλεῖστα
2832 3771 2916 3823 ὅτι
2987 3770 3221 3838 μάλιστα
3269 3764 3697 3836 κατορθώματα,
3741 3760 3820 3823 ὡς
3875 3764 3970 3828 νη-

2404 3880 2505 3916 πια
2572 3862 2699 3926 τοὺς
2760 3862 3063 3931 μητρικοῦς
3127 3858 3366 3931 μαζοὺς,
3446 3857 3523 3920 ὡς
3594 3852 3803 3908 νεοττοὶ
3879 3851 3972 3918 τὴν

2403 3954 2621 4025 τροφὸν,
2670 3954 2748 4017 ὡς
2793 3954 2957 4024 ἄρνες
2993 3952 3085 4003 τὸν
3120 3950 3341 4020 ἀληθῶς
3387 3948 3647 4018 ποιμένα.
3702 3946 3817 3999 Καὶ
3863 3942 3975 4002 m'u;

2406 4044 2515 4112 γὰρ
2546 4044 2608 4097 οῦ
2628 4062 2642 4107 ;
2664 4044 2865 4097 ἔναυλα
2894 4042 3108 4112 ἔχοντες
3126 4041 3195 4093 τὰ
3220 4039 3413 4110 ζωηρά
3440 4055 3534 4091 σου
3566 4037 3813 4107 ῥήματα,
3857 4031 3974 4085 κατ’

2404 4134 2717 4205 ὀφθαλμοὺς
2758 4133 3045 4203 βλέποντες
3088 4133 3216 4195 τοὺς
3265 4130 3370 4184 ὑπὸ
3423 4128 3517 4181 σοῦ
3569 4124 3975 4197 ἁνορθωθέντας

2406 4204 2567 4285 ναοὺς
2595 4225 2752 4279 Θεοῦ.
2773 4226 2883 4277 Καὶ
2915 4222 3068 4276 οὔπω
3090 4224 3234 4289 λέγω
3262 4204 3574 4288 τδ’δαψιλὲς
3610 4218 3709 4285 τῆς
3749 4216 3976 4282 ἐλεημο-

2410 4316 2596 4386 σύνης,
2639 4315 2733 4368 καὶ
2782 4315 2850 4367 τὰ
2886 4314 3049 4366 λοιπὰ
3094 4312 3400 4379 όσιώματα.
3469 4308 3579 4362 Καὶ
3628 4306 3706 4377 μὴ
3770 4305 3976 4371 δόξειας

2408 4406 2561 4478 φιλίᾳ
2585 4422 2653 4477 με
2683 4403 3023 4476 χαρίζεσθαι.
3048 4404 3112 4457 Et
3141 4402 3248 4473 γὰρ
3271 4402 3367 4455 καὶ
3408 4400 3485 4471 μὴ
3514 4397 3634 4467 ὄψει
3669 4396 3941 4449 ὑπέλαϐον
3959 4434 3974 4455 ,

2408 4497 2524 4552 ἀλλ’
2556 4498 2704 4567 ὅμως
2754 4496 3023 4567 κατήκοος
3058 4494 3325 4565 ἐγενόμην
3381 4490 3533 4563 παρὰ
3574 4488 3683 4541 τῶν
3736 4488 3974 4540 εἰδότων.

2410 4590 2472 4642 El
2496 4589 2554 4641 δὲ
2575 4589 2657 4641 ὅτι
2695 4587 2791 4641 νῦν
2836 4587 3099 4658 κάθαρμα
3134 4588 3165 4639 6
3204 4586 3279 4648 ὡς
3318 4583 3532 4654 ἀληθῶς
3571 4578 3977 4651 ἑτερόφθαλμος

2407 4681 2636 4741 καὶτοῖς
2661 4677 2765 4741 ἔξω
2788 4678 2882 4729 καὶ
2912 4680 3023 4739 τοῖς
3062 4676 3210 4729 ἔνδον
3244 4674 3458 4746 ὄμμασι
3497 4670 3717 4739 κατέχει
3766 4668 3937 4721 ταῦτα
3958 4707 3973 4728 ,

2409 4770 2485 4840 μὴ
2517 4766 2711 4831 λυποῦ,
2740 4759 2785 4818 ὦ
2813 4764 3031 4835 μάκαρο
3064 4767 3201 4835 μήτε
3236 4763 3343 4835 μὴν
3384 4762 3695 4831 θαυμάσῃς.
3748 4760 3817 4812 Ol
3852 4757 3976 4812 ἁπό-

2407 4858 2587 4913 στολοι
2611 4860 2667 4909 εν
2690 4856 2767 4927 τῷ
2790 4855 3025 4927 ὑπερῴῳ
3053 4852 3215 4925 ἦσαν,
3242 4857 3338 4909 καλ⁸
3372 4855 3464 4908 τὸν
3498 4852 3837 4924 περιβόητον
3862 4849 3978 4903 ναὸν

2406 4953 2454 5004 οί
2482 4950 2755 5003 θεοκτόνοι
2787 4948 3244 5018 περιελάμϐανον.
3267 4945 3506 4999 Τοιαῦτα
3539 4946 3638 4997 καὶ
3668 4946 3735 4996 τὰ
3758 4943 3871 4994 τῶν
3894 4940 3977 4992 El-

2410 5038 2731 5109 κονομάχων
2783 5038 2877 5091 καὶ
2934 5037 3372 5107 ἰουδαιοφρόνων
3416 5034 3532 5088 νῦν.
3574 5033 3682 5097 Οῦς
3731 5029 3979 5102 ἐπιστρέ-

734 5141 885 5209 ψειεν
913 5142 940 5193 6
964 5138 1187 5207 Κύριος,
1216 5137 1311 5190 καὶ
1340 5137 1398 5189 σὲ
1432 5133 1819 5204 περιφυλὰξειε
1863 5133 2303 5203 προσευχόμενον
2334 5133 2463 5203 περὶ
2485 5128 2621 5199 ἐμοῦ
2652 5127 2745 5181 τοῦ
2782 5128 2875 5180 σοῦ
2909 5128 3122 5181 τέκνου.

980 5248 1165 5303 XXVI.
1201 5277 1269 5289 —-
1299 5246 1681 5317 Tlteopliylacto
1713 5245 2057 5299 Nicomedia.

2659 5236 3277 5307 KG'.—Oeogov.1dxt¢p
3296 5234 3712 5306 Νικομηὸείας.
3793 5225 3977 5307 [σμγὀ]

1714 5337 1788 5386 De
1823 5333 2348 5397 sanctis'imaginibus.
2377 5336 2575 5399 (Baron.
2612 5330 2822 5390 an.816,
2859 5343 2906 5378 n.
2930 5329 3034 5391 39.)

803 5444 1057 5502 Jamdum
1104 5442 1355 5514 optabam
1390 5440 1705 5495 beatitudini
1757 5450 1860 5495 tuae
1901 5440 2137 5495 scribere
2174 5458 2185 5494 :
2220 5441 2312 5495 sed

738 5538 910 5597 defuit
924 5539 1055 5593 mihi
1074 5535 1259 5591 humili
1280 5532 1433 5605 copia
1453 5532 1737 5586 tabellarii.
1757 5530 1910 5586 Nunc
1929 5530 2021 5585 Dei
2042 5530 2315 5586 voluntate

2497 5440 2669 5495 Πάλαι
2712 5433 3018 5503 ἐπεθύμουν
3066 5433 3364 5485 ἐπιστεῖλαι
3388 5434 3453 5503 τῇ
3484 5430 3847 5502 μακαριότητι
3888 5446 3976 5481 σου

2424 5534 2518 5586 καὶ
2545 5530 2642 5584 οὐκ
2690 5522 2964 5591 ἐξεγένετό
2994 5538 3083 5590 μοι
3108 5520 3185 5591 τῷ
3209 5521 3445 5592 ταπεινῷ
3484 5521 3689 5592 ἀπορίᾳ
3718 5535 3973 5592 nam”-

2267 5671 2494 5726 ΝΟΤᾸΣ.

815 5770 896 5841 (ι)
931 5766 1103 5839 Huius
1133 5766 1277 5825 Petri
1307 5766 1551 5839 episcopi
1589 5764 1889 5823 honorifica
1919 5766 2121 5822 mentio
2143 5774 2225 5820 est
2257 5765 2311 5820 in
2348 5765 2466 5821 Vita
2501 5762 2558 5819 S.
2596 5762 2805 5822 Niceta:
2831 5764 2973 5835 apud
3006 5760 3224 5819 Surium
3252 5760 3286 5815 3
3318 5758 3534 5828 Aprilis.
