4164 6540
186 469 325 533 1193

1384 488 1921 551 EPISTOLARUM
1966 486 2113 551 LIB.
2178 496 2261 551 li.

3328 490 3465 556 1194

184 582 425 652 τηφόρου
456 598 469 610 ⁸
497 582 594 635 νῦν
620 584 679 637 δὲ
740 586 962 659 εύδοκίᾳ
994 589 1131 643 θεοῦ
1200 594 1505 665 ἐπιτυχὼν,
1549 599 1641 652 τὸν
1673 602 1766 651 7:6-

1888 612 2091 666 uactus,
2121 604 2313 670 expleo
2343 600 2674 655 desiderium
2709 613 2913 664 meum,
2943 600 3087 669 quod
3114 614 3242 670 erga
3270 604 3319 656 te
3354 601 3479 676 jure

189 672 285 728 θον
320 692 424 745 μου
455 674 786 749 άποπληρῶ,
820 679 882 733 ὃν
911 682 1141 747 εἰκότως
1174 686 1263 738 ἐπ’
1294 687 1433 759 αὐτῇ
1456 688 1737 761 κέκτημαι
1756 710 1769 724 ·

187 768 250 820 ού
284 768 448 838 μόνον
498 767 590 823 διὰ
621 770 722 841 τὴν
753 774 813 826 ὲν
842 772 1036 846 Κυρίῳ
1094 776 1390 849 ὁμολογίαν
1420 797 1434 812 ·
1497 782 1635 837 ἀλλὰ
1667 788 1777 858 γὰρ

185 858 283 913 καὶ
317 858 463 922 ίδίως
489 860 579 914 διὰ
604 862 707 935 τὴν
733 864 1012 936 ἐξαίρετόν
1055 886 1149 922 σου
1181 871 1334 942 παρὰ
1369 874 1498 937 τοὺς
1540 876 1776 940 πολλοὺς

187 950 548 1023 ίδιοτροπίαν,
580 954 642 1008 τὸ
675 957 968 1028 μειλίχιον,
1007 961 1070 1014 τὸ
1124 963 1355 1029 ἁπλοῦν,
1406 967 1470 1020 τὸ
1527 969 1776 1039 ἐπίχαρι.

180 1041 243 1093 τὸ
269 1042 447 1111 γλυκὺ
481 1046 540 1098 ὲν
564 1050 688 1111 ταῖς
716 1049 983 1121 ὁμιλίαις,
1015 1054 1077 1107 τὸ
1106 1056 1526 1129 εὐπροσήγορον
1567 1061 1625 1115 ἐν
1656 1064 1780 1125 ταῖς

182 1136 483 1202 ἐντεύξεσι,
517 1142 580 1193 τὸ
604 1142 734 1213 περὶ⁵
762 1143 942 1199 πάντα
966 1147 1313 1219 ἀγαθοεργές
1334 1166 1351 1184 ·
1375 1152 1470 1221 ἀφ’
1501 1146 1577 1206 ὧν
1612 1156 1641 1207 ὁ
1664 1155 1779 1226 ,τῆς

186 1229 343 1300 ἱερᾶς
376 1248 470 1284 σου
509 1232 692 1304 ψυχῆς
722 1240 1037 1311 χαρακτὴρ,
1086 1242 1186 1297 καὶ
1223 1247 1299 1316 μὴ
1331 1246 1630 1319 ὁρώμενος,
1689 1269 1782 1304 τε·

185 1321 466 1396 θεώρηται
500 1328 847 1399 ὠραϊσμένος
878 1335 944 1405 τῇ
980 1337 1230 1411 ποικιλίᾳ
1254 1340 1365 1393 τῶν
1386 1342 1618 1414 ἀρετῶν,
1667 1346 1781 1400 Ἀ).-

182 1415 252 1470 λὰ
289 1419 423 1490 περὶ
453 1415 606 1475 τοῦδε
637 1423 738 1493 μὲν
771 1426 975 1489 ἱκανῶς
1008 1469 1023 1493 ,
1050 1428 1134 1482 ὅτι
1168 1431 1308 1501 μηδὲ
1354 1422 1550 1503 καιρὸς
1602 1437 1780 1504 ἐγκω-

190 1508 357 1577 μίων.
392 1511 458 1564 Τί
483 1511 542 1566 δέ
570 1529 655 1567 σοι
687 1509 896 1581 ὦπται,
923 1506 969 1572 ὦ
993 1519 1207 1595 μάκαρ,
1237 1521 1309 1575 τὰ
1342 1526 1624 1596 παρόντα;
1665 1529 1781 1582 ἀλλ’

184 1600 310 1671 ούχὶ
366 1605 566 1675 μικροῦ
623 1605 735 1659 δεῖν
799 1608 1158 1682 Ἰουδαῖσμὸς,
1208 1614 1330 1685 ἢτοι
1385 1616 1779 1691 Ἑλληνισμός;

198 1692 532 1788 ’Δςρῃρξθηὸ
554 1696 758 1770 κόσμος
776 1701 877 1771 τῆς
906 1703 1254 1776 Ἐκκλησίας,
1274 1711 1306 1778 ἡ
1330 1707 1453 1778 ὄψις
1479 1710 1589 1764 τῶν
1621 1713 1785 1783 ἱερῶν

175 1784 339 1838 ’ναῶν
379 1784 517 1857 πυρὶ
542 1791 823 1863 παρεδόθη
860 1795 927 1848 τὰ
964 1796 1096 1865 ἆγια
1126 1815 1141 1830 ·
1171 1800 1301 1855 ἄλλο
1334 1819 1389 1856 τι
1419 1802 1607 1875 σχῆμα
1643 1823 1785 1874 γνω-

192 1875 409 1945 ρίζεται
461 1879 522 1932 ἐν
553 1881 635 1951 τῷ
668 1884 1090 1961 Χριστιανισμῷ
1133 1907 1148 1922 °
1181 1894 1298 1961 εἴγε
1326 1894 1410 1948 δεῖ
1458 1898 1782 1969 Χριστιανι-

1877 695 2120 763 suscepi.
2159 710 2266 749 non
2298 695 2474 749 solum
2507 694 2578 749 ob
2606 703 2756 748 tuam
2812 694 2864 747 iu
2900 692 3136 747 Domino
3173 694 3477 749 confessio-

1877 804 2024 855 nem,
2057 788 2151 845 sed
2186 788 2533 859 peculiariter
2567 786 2732 841 etiam
2765 785 2836 839 ob
2862 786 3113 855 egregios
3138 801 3247 854 prae
3283 785 3475 840 multis

1877 897 2059 938 mores
2080 888 2226 945 tuos.
2251 880 2600 941 suavitatem,
2628 878 2945 945 candorem,
2979 880 3232 947 gratiam.
3261 888 3315 933 et
3337 879 3474 933 mel-

1878 973 2032 1028 litam
2081 974 2575 1037 conversationem,
2629 970 3003 1026 ali‘abilitatem
3075 971 3127 1025 iu
3164 970 3477 1042 congressi-

1880 1066 2016 1133 bus,
2066 1076 2120 1121 et
2168 1081 2336 1136 supra
2394 1064 2579 1119 omnia
2637 1064 3067 1120 beneﬁcentiam
3104 1079 3221 1121 τοι(
3280 1062 3484 1134 quibus

1880 1171 2051 1213 sacra:
2100 1158 2298 1212 anima:
2354 1166 2459 1211 tute
2516 1155 2821 1220 character,
2871 1156 2972 1209 etsi
3024 1170 3132 1209 non
3183 1156 3482 1225 inspectus.

1880 1258 2110 1306 ornatus
2164 1251 2318 1304 visus
2361 1260 2445 1305 est
2490 1249 2755 1304 virtutum
2798 1251 3081 1303 varietate.
3121 1247 3240 1304 Sed
3271 1248 3339 1304 de
3383 1248 3486 1304 hac

1884 1356 1942 1395 re.
1986 1343 2120 1398 satis
2157 1363 2170 1398 :
2204 1359 2305 1398 nec
2335 1343 2482 1397 enim
2516 1354 2731 1413 tempus
2763 1351 2847 1397 est
2887 1341 3294 1398 encomiorum.
3345 1341 3485 1409 Quid

1882 1449 2011 1487 vero
2061 1435 2180 1497 tibi,
2214 1450 2248 1489 ο
2290 1435 2466 1495 beate.
2513 1436 2629 1489 visa
2676 1443 2806 1489 sunt
2863 1433 2981 1488 hac
3030 1449 3154 1504 qua:
3180 1431 3488 1505 geruntur?

1883 1524 2079 1578 Annon
2113 1540 2281 1594 prope
2332 1523 2673 1588 Judaismus,
2709 1533 2805 1579 aut
2852 1523 3255 1594 paganismus?
3295 1524 3486 1577 Detra-

1882 1626 2006 1671 ctus
2035 1626 2120 1671 est
2141 1626 2373 1674 ornatus
2426 1619 2705 1684 Ecclesia},
2738 1634 3015 1674 sacrarum
3052 1619 3249 1673 aedium
3275 1616 3441 1673 facies
3469 1634 3482 1672 :

1886 1711 1996 1781 igni
2030 1712 2223 1765 tradita
2256 1723 2385 1767 sunt
2413 1722 2599 1768 sancta
2633 1731 2645 1767 :
2678 1712 2784 1767 alia
2816 1712 3067 1782 quaedam
3135 1710 3310 1765 forma
3366 1726 3485 1765 cer-

1886 1806 2035 1858 nitur
2063 1806 2113 1859 in
2148 1805 2574 1861 (llrristianismo
2608 1824 2621 1861 :
2654 1807 2700 1861 si
2728 1806 3216 1861 Christianismum
3266 1804 3373 1859 dici
3407 1803 3490 1858 fas

1885 1904 1991 1960 est,
2021 1905 2214 1951 etnon
2263 1898 2445 1966 potius
2479 1898 2846 1953 Judaismum.
2904 1896 3060 1952 Nunc
3118 1904 3487 1967 opportunum

195 1969 360 2061 σμδν,
392 1971 529 2026 ἀλλά
560 1975 637 2045 μὴ
680 1976 1018 2051 Ἰουδαῖσμδν
1037 1983 1540 2059 καλεῖν.Εὓκαιρον
1564 1992 1659 2045 καὶ
1686 1991 1781 2046 νῦν

1888 1997 1968 2045 est
2004 2000 2062 2043 ut
2111 1988 2363 2044 dicatur:
2389 1989 2632 2053 Domine,
2664 1990 2945 2061 prophetas
2980 2000 3103 2042 tuos
3147 1988 3479 2047 occiderunt.

186 2058 377 2128 λέγειν
408 2078 423 2093 ·
455 2064 657 2132 Κύριε,
694 2064 837 2135 τοὺς
862 2071 1185 2141 Προφήτης
1236 2091 1355 2130 σου
1388 2058 1778 2142 ἀπέκτειναν,

185 2150 290 2205 καὶ
348 2153 425 2208 τὰ
476 2157 882 2228 θυσιαστήριά
940 2177 1060 2218 σου
1120 2166 1542 2237 κατέσκαψαν.
1584 2173 1692 2224 Καί
1716 2189 1781 2240 γε

185 2246 445 2303 ἔκτειναν
474 2252 569 2303 καὶ
599 2268 664 2320 γε
699 2255 1077 2327 κατέσκαψαν.
1111 2259 1186 2313 Τὸ
1235 2260 1347 2330 γάρ
1388 2261 1532 2327 ξέειν
1566 2265 1662 2318 καὶ
1690 2266 1781 2332 ἐξ·

184 2340 445 2411 ορύσσειν
469 2341 570 2414 τὴν
617 2343 744 2415 δψιν
780 2347 979 2413 αὐτῶν,
1013 2351 1138 2421 οὐχὶ
1182 2355 1600 2408 κατασκάπτειν
1633 2358 1782 2411 ἐστὶν

183 2433 483 2502 ὲμφανῶς;
520 2436 722 2506 Ἀφελε
772 2439 899 2509 δψιν
933 2440 1268 2513 ἀνθρώπου·
1302 2446 1399 2500 καὶ
1454 2447 1643 2501 ούκέτι
1684 2448 1780 2501 ἄν·

180 2524 430 2595 θρωπος,
487 2529 627 2583 ἀλλά
685 2550 740 2586 τι
781 2533 1087 2605 ἓκτρωμα“
1130 2535 1248 2605 εἴγε
1312 2540 1412 2591 καὶ
1464 2539 1588 2593 ἐστι
1638 2540 1777 2611 ζῇνο

197 2618 604 2690 Ἐνεπύρισαν
639 2624 710 2678 ἐν
768 2627 915 2695 πυρὶ
949 2628 1019 2681 τὸ
1049 2630 1442 2699 ἁτιαστήριόν
1479 2650 1620 2689 σου.
1670 2635 1781 2689 Καὶ

183 2711 364 2765 ταῦτα
399 2714 619 2786 άληθῶς
650 2730 666 2748 ⁶
714 2719 899 2774 πᾶσαν
928 2718 1085 2775 θείαν
1125 2724 1310 2778 εἰκόνα
1364 2728 1427 2778 ὲν
1487 2727 1639 2800 πάσῃ
1676 2726 1779 2800 ὕλῃ

187 2802 566 2875 χαραχθεῖσαν
595 2808 1009 2879 ἐμπρήσαντες.
1037 2811 1343 2884 Ἀνέῳκται
1357 2815 1582 2885 γλῶσσα
1617 2819 1780 2888 βλάσ-

188 2910 403 2963 φημος,
433 2895 525 2948 τὸν
556 2898 792 2969 Χριστὸν
820 2899 1043 2955 εἴδωλον
1077 2903 1336 2973 λέγουσα,
1365 2906 1466 2978 τὴν
1493 2908 1777 2975 Θεοτόκον,

187 2989 376 3041 πάντα
409 2986 587 3057 ἆγιον.
628 2992 739 3045 Καὶ
784 2991 894 3065 γὰρ
953 2994 1050 3049 τοῦ
1098 2997 1414 3068 ἀρχετύπου
1447 3000 1547 3072 τὴν
1586 3002 1781 3073 κλῆσιν

183 3079 247 3131 τὸ
276 3080 615 3152 παράγωγον
643 3082 913 3157 κέκτηται
946 3102 962 3118 ⁸
999 3088 1193 3159 ἐπειδὴ
1223 3091 1317 3144 καὶ
1372 3092 1474 3162 τὴν
1530 3095 1778 3166 προσκύ-

184 3187 370 3241 νησιν.
402 3172 505 3225 Διὰ
545 3172 709 3228 τοῦτο
742 3177 837 3231 καὶ
864 3176 1080 3249 [πάντα
1107 3182 1348 3252 σταυροῦ
1378 3184 1577 3247 τύπον,
1609 3204 1781 3240 σταυ-

188 3264 289 3336 ρὸν
310 3263 606 3338 καλοῦμεν,
637 3267 735 3321 καὶ¹
761 3268 869 3344 ⁸⁷⁸]
901 3272 1341 3343 προσκυνοῦντες
1390 3276 1483 3330 τὸν
1516 3276 1781 3341 ζωοποιὺν

187 3357 454 3429 σταυρὸν,
519 3361 1049 3434 προσπτυσσόμεθα.
1099 3366 1265 3420 Ἀλλά
1301 3369 1478 3425 ταῦτα
1514 3370 1779 3445 ἐξετραγ-

187 3447 384 3522 ᾠδησα
457 3452 489 3505 δ
545 3454 831 3521 ταπεινὸς,
873 3457 973 3528 οὐχ
1022 3456 1100 3523 ὡς
1154 3461 1461 3532 ἀγνοούσης
1515 3482 1611 3519 σου
1682 3469 1782 3538 τῆς

188 3541 478 3612 πανσόφου
502 3543 847 3616 τελειότητος
890 3549 991 3619 τῆς
1020 3550 1234 3621 πλάνης
1273 3554 1366 3605 τὸν
1397 3555 1643 3628 ὄλεθρον,
1708 3560 1782 3631 μή

188 3652 247 3688 τι
279 3635 511 3707 πάθοιμι
553 3640 805 3710 μωρικόν
825 3658 841 3674 ο
875 3640 937 3695 τὸ
967 3642 1255 3699 eamme»
1281 3646 1340 3699 δὲ
1374 3647 1546 3714 πάθος
1606 3669 1786 3722 παρα-

192 3728 540 3801 μυθούμενος
581 3732 683 3803 τῆς
726 3734 971 3806 ἐμαυτοῦ
1012 3737 1245 3807 καρδίας
1289 3739 1381 3795 διά
1417 3742 1529 3795 τῶν
1582 3746 1788 3815 ἀναφο-

192 3823 311 3894 ρῶν
335 3838 352 3855 ·
402 3825 463 3878 αἴ
488 3841 609 3891 πως
668 3828 949 3898 πεφύκασι
981 3829 1337 3903 λαλούμεναι,
1397 3836 1679 3903 κουφίζειν
1720 3839 1790 3892 τὰ

190 3915 449 3987 ἐνκρυφῆ
483 3918 709 3988 ἀλγεινά
737 3938 751 3951 ⁸
793 3922 889 3976 καὶ
914 3922 1035 3994 ἅμα
1070 3924 1346 3979 ὑποκινῶν
1379 3926 1555 4000 αὐτὴν
1591 3929 1791 4001 θερμό-

189 4024 357 4079 τερον
378 4012 661 4079 προσιέναι
682 4012 822 4085 Θεῷ,
853 4018 1079 4087 ταχεῖαν
1105 4018 1429 4091 ἐπιτίμησιν
1467 4021 1695 4092 ποιῆσαι
1717 4025 1783 4094 τῇ

194 4104 415 4173 πονηρᾷ
444 4103 619 4177 ταύτῃ
650 4107 859 4178 αἱρέσει
895 4108 977 4172 εἰς
1037 4110 1318 4183 σωτηρίαν
1368 4112 1467 4167 τοῦ
1519 4112 1653 4168 λαοῦ
1686 4115 1785 4167 αύ-

1884 2088 1934 2132 et
1985 2078 2189 2131 altaria
2239 2087 2331 2131 tua
2369 2078 2841 2132 destruxerunt“.
2880 2076 2947 2131 Et
2987 2076 3209 2147 quidem
3268 2075 3486 2130 occide-

1887 2178 2035 2235 runt,
2064 2171 2357 2239 etquidem
2382 2171 2799 2226 destruxerunt.
2838 2168 3077 2225 Eradere
3101 2170 3244 2223 enim
3275 2178 3328 2223 et
3356 2168 3489 2223 cllo—

1884 2262 2013 2317 dere
2044 2262 2237 2317 faciem
2269 2278 2482 2330 eorum,
2502 2263 2634 2335 quid
2670 2263 2816 2319 aliud
2838 2272 2942 2327 est,
2966 2277 3132 2331 quam
3164 2271 3350 2330 aperte
3388 2264 3486 2315 de-

1885 2356 2144 2407 struere?
2181 2352 2349 2407 Aufer
2398 2351 2644 2407 hominis
2705 2349 2924 2412 faciem,
2980 2363 3090 2403 non
3140 2347 3254 2417 jam
3318 2348 3485 2400 homo

1884 2444 2007 2508 erit,
2030 2445 2124 2499 sed
2143 2445 2451 2499 abortivum
2484 2444 2770 2513 quiddam,
2797 2444 2841 2497 si
2872 2455 3050 2497 tamen
3078 2442 3260 2495 vivere
3288 2442 3483 2510 possit.

1885 2535 2232 2591 Incenderunt
2282 2535 2394 2606 igni
2441 2536 2810 2589 sanctuarium
2846 2544 2997 2588 tuum
3034 2532 3099 2587 ⁸⁷.
3136 2532 3203 2587 Et
3227 2534 3329 2587 hoc
3363 2548 3488 2587 vere

1886 2629 2015 2682 item
2053 2647 2067 2683 :
2103 2643 2322 2684 omnem
2376 2628 2619 2683 divinam
2663 2627 2958 2698 imaginem
2993 2642 3325 2696 quacunque
3356 2642 3475 2680 ma-

1889 2720 2021 2774 teria
2072 2734 2395 2790 expressam
2451 2728 2892 2775 conci-ementes.
2962 2720 3229 2789 Apertum
3281 2724 3367 2773 est
3418 2734 3482 2773 os

1885 2813 2289 2882 blasphemum,
2321 2812 2602 2868 Christum
2640 2812 2843 2866 idohnn
2881 2813 3184 2881 appellans,
3235 2822 3290 2867 et
3358 2812 3484 2867 Dei—

1884 2920 2095 2973 param.
2156 2914 2211 2958 et
2250 2918 2471 2959 omnem
2532 2914 2784 2960 sanctum
2828 2904 3158 2975 :arcbetypi
3214 2904 3488 2974 siquidem

1886 3010 2083 3050 nomen
2135 2995 2334 3051 retinet
2382 2997 2548 3051 etiam
2602 2998 2914 3068 exemplum
2952 3039 2968 3064 ,
3005 3000 3230 3068 quando
3268 3008 3323 3055 et
3352 2999 3490 3054 ado-

1886 3088 2155 3144 rationem
2197 3102 2434 3158 quoque.
2471 3089 2681 3144 Idcirco
2719 3100 2773 3144 et
2809 3106 3025 3145 omnem
3069 3102 3255 3163 typum
3283 3092 3486 3155 crucis,

1884 3195 2105 3236 crucem
2172 3179 2537 3250 appellamus,
2582 3191 2635 3236 et
2690 3182 2959 3237 vivificam
2991 3199 3212 3239 crucem
3251 3185 3491 3239 adoran-

1889 3284 1971 3328 tes
2025 3272 2435 3343 amplectimur.
2486 3272 2689 3328 Verum
2746 3275 2862 3331 haec
2886 3292 2986 3348 ego
3027 3276 3250 3331 humilis
3302 3275 3490 3345 deplo»

1890 3366 2023 3431 ravi,
2068 3381 2179 3420 non
2240 3364 2395 3435 quasi
2441 3367 2649 3421 erroris
2692 3369 2989 3436 perniciem
3039 3369 3253 3439 ignoret
3298 3377 3489 3423 exacta

1890 3457 2159 3528 sapientia
2191 3466 2281 3511 tua
2307 3475 2322 3517 ;
2349 3470 2415 3511 ne
2438 3456 2643 3513 stultus
2680 3458 2867 3513 videar
2904 3478 2918 3514 :
2956 3459 3049 3514 sed
3075 3468 3135 3529 ut
3167 3458 3351 3515 cordis
3384 3458 3492 3512 ntci

1891 3553 2140 3609 dolorem
2190 3556 2308 3626 ipse
2347 3555 2551 3610 leniam
2619 3554 3150 3611 commemorando:
3186 3553 3368 3609 solent
3415 3555 3493 3608 si-

1892 3645 2113 3717 quidem
2176 3648 2547 3710 narrationes,
2581 3662 2709 3702 cum
2759 3647 3085 3711 eﬂ‘eruntur,
3126 3647 3375 3702 occultas
3410 3646 3492 3700 le-

1895 3754 2022 3795 vare
2065 3739 2347 3795 molestias
2384 3758 2398 3801 ;
2431 3750 2597 3811 atque
2647 3749 2709 3794 ut
2751 3740 2901 3794 illam
2947 3756 3056 3795 una
3118 3742 3352 3797 excitem
3424 3738 3494 3793 ad

1896 3832 2067 3889 Deum
2104 3833 2325 3888 enixius
2352 3832 2784 3903 deprecandum,
2811 3844 2870 3887 ut
2908 3833 3142 3888 celerem
3184 3833 3491 3887 vindictam

1894 3939 2075 3994 prava:
2135 3924 2260 3979 huic
2319 3924 2509 3979 haeresi
2557 3923 2749 3980 reddat
2779 3924 2847 4000 ad
2886 3926 3073 3996 populi
3099 3925 3185 3980 sui
3237 3926 3493 3980 salutem.

1894 4019 1999 4072 (ira
2032 4018 2197 4072 etiam
2235 4033 2333 4082 pro
2367 4033 2454 4071 me
2483 4016 2716 4071 minimo
2762 4017 2873 4070 ﬁlio
2924 4027 3041 4083 tuo,
3065 4016 3230 4072 Pater
3261 4016 3497 4072 sanctis-

1900 4128 2061 4167 sime.

191 4193 313 4248 τοῦ.
372 4196 681 4268 ΙΙροσεύχου
710 4200 806 4253 καὶ
831 4202 963 4273 περὶ
1006 4202 1140 4274 ἐμοῦ
1177 4202 1273 4257 τοῦ
1335 4204 1621 4276 ἐλαχίστου
1686 4224 1778 4260 σου
1834 4206 2055 4265 τέκνου,
2094 4200 2369 4269 άγιὼτατέ
2403 4218 2509 4270 μου
2544 4198 2750 4269 Πάτερ.

556 4316 668 4369 ΚΖ.
690 4348 755 4356 -
785 4318 1037 4388 Τιμοθέῳ
1064 4317 1277 4388 τέκνῳ.
1304 4319 1501 4393 [σμδ’.]

2287 4316 2502 4373 XXVII.
2540 4348 2611 4358 —
2653 4317 2924 4372 Timotheo
2979 4316 3113 4384 ﬁlio.

696 4455 887 4506 Laudat
909 4458 973 4508 ob
998 4464 1325 4511 constantiam
1350 4475 1440 4525 pro
1468 4463 1736 4527 imaglnum
1758 4461 2055 4512 defensione
2082 4476 2093 4509 :
2124 4466 2227 4509 tum
2246 4460 2442 4522 jejunio
2475 4459 2674 4508 modum
2698 4458 2997 4520 praescribit.

266 4560 376 4617 Οἷα
420 4579 515 4617 σου
550 4563 583 4636 ἡ
621 4565 793 4637 ψυχὴ,
841 4568 1034 4622 τέκνον
1097 4589 1199 4642 μου
1264 4573 1523 4644 ποθητὸν,
1553 4574 1782 4627 τοιαῦτα

1958 4570 2150 4639 Qualis
2185 4571 2405 4626 animus
2430 4579 2579 4630 tuus,
2620 4569 2692 4624 tili
2729 4570 2801 4625 mi
2841 4568 3332 4633 desideratisslme,
3360 4570 3496 4625 tales

196 4654 298 4708 καὶ
324 4654 396 4709 τά
427 4662 759 4727 γράμματα,
808 4658 1111 4731 θαρσαλέα,
1147 4662 1383 4736 εὖθυμα,
1442 4664 1789 4737 εὐπρόθυμα.

200 4750 456 4821 φιλόθεα,
487 4753 877 4829 φιλομάρτυρα
897 4773 910 4785 ο
939 4757 1034 4811 καί
1061 4775 1124 4825 γε
1150 4759 1249 4829 τῆς
1275 4760 1457 4831 ψυχῆς
1487 4759 1698 4824 εἰκόνες
1740 4759 1790 4813 οἱ

196 4844 387 4914 λόγοι·
446 4846 543 4901 καὶ
597 4849 663 4902 ἐκ
713 4849 811 4904 τοῦ
876 4854 1327 4924 περισσεύματος
1388 4855 1487 4925 τῆς
1558 4854 1791 4924 καρδίας

197 4938 441 5005 ἕκαστος
461 4940 617 5014 φέρει
647 4942 717 4999 τά
748 4944 940 5014 λόγια·
981 4945 1121 5001 ὥστε
1144 4948 1241 5001 καὶ
1269 4949 1418 5019 ἡμᾶς
1444 4947 1791 5012 ἀκούσαντάς

198 5048 302 5087 σου
334 5031 445 5086 τῶν
485 5036 772 5106 ῥημάτων,
811 5038 1250 5111 ἐπιρρωσθῆναι,
1282 5039 1377 5094 καὶ
1430 5041 1649 5111 μᾶλλον.
1690 5042 1789 5094 άν-

195 5124 554 5196 δρειωθῆναι,
586 5130 682 5183 καὶ
721 5131 860 5202 πρὸς
885 5130 1116 5203 ἄθλησιν
1163 5133 1509 5206 ἐπειχθῆναι.
1552 5131 1684 5207 Ἐμὲ
1733 5132 1791 5187 δὲ

198 5220 601 5291 καὶόάδελφὸς
660 5222 940 5299 ’Δδριανδς
986 5225 1403 5298 ἐξηγησάμενος
1460 5226 1624 5280 πλέον
1674 5224 1790 5292 ἑξέ-

198 5327 389 5364 νισεν·
426 5298 765 5383 ἀναγγείλας
798 5332 893 5369 σου
934 5313 996 5371 τὸ
1053 5317 1320 5390 εῦθαρσον
1373 5298 1471 5373 καί
1513 5319 1789 5389 σταθηρὺν

200 5398 299 5457 καὶ
329 5401 811 5474 εὐπαρῤησίαστον
838 5422 853 5437 ·
894 5409 988 5459 καὶ
1020 5408 1120 5477 μέν
1157 5425 1242 5461 τοι
1294 5410 1385 5464 καὶ
1439 5409 1787 5463 διαλεκτικὸν

199 5497 345 5566 πρὸς
380 5513 508 5561 τους
540 5497 910 5568 ἐρεθίζοντας.
931 5500 1106 5555 Πόθεν
1138 5519 1222 5555 σοι
1248 5500 1457 5568 ταύτας
1484 5498 1517 5572 ἢ
1541 5501 1664 5571 οὐχὶ
1697 5503 1791 5553 ἐπὶ

198 5587 308 5655 τῆς
369 5589 721 5663 προαγούσης
768 5591 983 5663 ἀγαθῆς
1036 5596 1416 5664 προαιρέσεως
1477 5595 1573 5647 καὶ
1642 5592 1795 5657 θείας

202 5685 618 5756 περιποιήσεως
649 5701 662 5715 °
693 5687 761 5741 δι’
788 5684 856 5761 ἧς
876 5686 1117 5759 ἤνεγκας
1160 5690 1230 5744 τά
1272 5688 1639 5760 προλαϐόντα,
1703 5689 1797 5743 καὶ

206 5776 459 5847 ῑστηκας
484 5779 552 5850 τῇ
575 5777 753 5833 ἑλπίδι
796 5781 898 5849 τῆς
932 5780 1092 5851 δόξης
1150 5781 1245 5836 τοῦ
1284 5780 1445 5847 Θεοῦ,
1486 5782 1650 5852 μέχρι
1702 5781 1797 5833 θα-

306 5913 357 5946 "
383 5913 453 5991 ill
485 5915 619 5985 Reg.
646 5932 759 5981 nx.
787 5920 871 5975 14.
977 5921 1022 5953 ⁸⁷
1044 5920 1187 5977 Psal.
1217 5938 1408 5991 Lxxtn,
1428 5922 1482 5978 7.

212 5986 407 6039 vimus.
436 5984 594 6040 rm.

466 6078 737 6141 ΡΑτιιοι..
773 6081 889 6140 Gn.
936 6079 1158 6142 XCIX.

1897 4675 1953 4721 et
1987 4666 2179 4719 littera:
2205 4662 2379 4734 plena:
2436 4662 2655 4727 fiducia,
2681 4662 2987 4727 alacritate,
3025 4661 3375 4726 streuuitate,
3404 4666 3491 4715 in-

1898 4756 2038 4829 signi
2061 4771 2186 4824 erga
2214 4755 2379 4810 Deum
2402 4764 2453 4809 et
2476 4764 2743 4827 martyres
2763 4754 3053 4810 cbaritate.
3073 4754 3285 4823 Quippe
3314 4755 3494 4824 imago

1898 4832 2068 4905 animi
2121 4861 2307 4903 sermo
2354 4852 2463 4909 est,
2507 4858 2559 4903 et
2605 4864 2671 4901 ex
2716 4847 3050 4901 abundantia
3102 4845 3288 4901 cordis
3330 4862 3500 4899 unus—

1896 4942 2131 5012 quisque
2155 4938 2363 5010 profert
2387 4940 2628 4995 oracula.
2654 4938 2726 4993 Ita
2755 4949 2813 4993 ut
2835 4950 2883 4993 et
2913 4953 3037 5002 nos,
3062 4947 3349 5007 postquam
3374 4949 3496 4990 Ver-

1898 5035 1985 5092 bis
2017 5034 2129 5089 tuis
2160 5048 2323 5088 aures
2358 5033 2720 5103 prtebuimus,
2746 5031 2971 5086 fortiore
3000 5030 3185 5084 animo
3204 5045 3268 5084 ac
3325 5030 3498 5099 magis

1897 5127 2039 5181 virili
2095 5124 2379 5186 fuerimus.
2411 5133 2466 5178 et
2514 5124 2582 5177 ad
2625 5132 2902 5178 certamen
2954 5120 3257 5176 ineundum
3322 5120 3498 5176 multo

1895 5219 2279 5291 promptiores.
2323 5216 2407 5271 Me
2433 5230 2563 5271 vero
2586 5225 2642 5272 et
2666 5215 2833 5270 frater
2862 5214 3140 5269 Adrianus
3166 5212 3233 5268 de
3274 5223 3326 5267 te
3367 5228 3498 5266 nar-

1892 5328 2025 5367 rans
2071 5311 2447 5366 vehementius
2501 5310 2925 5380 perculit:cum
2980 5316 3033 5362 et
3100 5305 3354 5361 ﬁduciam
3411 5304 3500 5357 ille

1894 5418 2075 5469 tuam,
2109 5414 2165 5459 et
2189 5404 2361 5459 robur
2388 5404 2581 5466 animi,
2608 5411 2661 5456 et
2693 5400 2907 5456 dicendi
2957 5399 3266 5455 libertatem
3324 5396 3497 5452 refer-

1902 5510 2006 5564 ret,
2036 5495 2337 5567 quinetiam
2360 5502 2416 5549 et
2448 5504 2623 5548 artem
2656 5489 2960 5547 disserendi
2997 5490 3261 5545 adversus
3294 5503 3495 5558 pravo-

1901 5605 2115 5650 cantes.
2174 5591 2334 5647 Unde
2364 5590 2449 5644 hae
2480 5588 2577 5643 tibi
2607 5587 2807 5643 dotes?
2830 5602 3015 5641 annon
3043 5601 3114 5641 ex
3166 5584 3312 5639 bono
3372 5596 3499 5652 pro-

1904 5688 2084 5758 posito
2148 5684 2519 5748 antecedente,
2572 5697 2636 5737 ac
2703 5680 2900 5736 fiducia
2964 5682 3018 5734 in
3083 5679 3249 5734 Deum
3287 5694 3302 5742 ;
3340 5676 3498 5745 cujus

1905 5794 2008 5848 ope
2059 5777 2343 5848 superiora
2397 5774 2692 5846 pertulisti,
2724 5788 2788 5831 ac
2811 5789 2911 5846 spe
2953 5772 3142 5845 gloria:
3207 5769 3303 5826 Dei
3368 5785 3493 5839 per-

1607 5921 1684 5954 ⁵⁷*
1711 5919 1951 5986 Inclusa,
1984 5921 2037 5974 in
2070 5917 2201 5972 edit.
2232 5912 2499 5969 Sirmondi
2525 5913 2840 5983 typographi
2870 5911 2997 5967 vitio
3027 5910 3249 5972 omissa,
3286 5903 3498 5976 supple:

3139 6066 3219 6130 38
