4164 6474
694 372 871 456 '1195

1935 392 1995 448 S.
2032 389 2418 450 THEODOIll
2465 390 2814 449 STUlHT/E

3876 387 4010 451 1106

728 502 955 563 stltisti,
1027 516 1198 571 usque
1258 501 1322 553 ad
1392 500 1598 555 obitum
1679 500 1745 554 ad
1831 516 2069 570 pugnam
2145 501 2316 553 accin-

2431 501 2593 553 νάτου
2622 498 3106 568 εῦτρεπιζὸμενος;
3150 498 3343 568 Χαῖρε,
3380 498 3674 568 εὐφραίνου
3707 515 3722 527 ⁸
3766 497 4010 569 ίσχύσεις

728 605 816 648 tus
841 593 865 646 ἲ
889 592 1097 655 Gaude,
1148 592 1329 645 laetare
1360 614 1369 647 :
1400 607 1523 645 cum
1564 592 1676 645 Deo
1726 591 1931 645 valebis
1972 590 2154 644 omnia
2189 590 2325 644 tole-

728 701 869 748 rare,
894 700 1096 739 corona
1132 684 1372 738 victoriae
1396 684 1701 737 redimitus.
1751 684 1855 737 Sed
1884 690 1937 735 et
1970 698 2068 751 pro
2094 697 2177 735 me
2206 696 2323 736 ora.

728 773 920 839 frater,
956 786 1013 831 ut
1050 788 1103 830 et
1134 787 1247 841 tua,
1284 784 1338 831 et
1378 777 1623 843 cujusvis
1666 777 1890 831 alterius
1922 776 2119 831 similis
2157 775 2325 829 vesti-

730 867 816 936 gia
844 882 1171 937 consequar.
1212 866 1556 921 Suutautcm
1601 867 1734 920 satis
1786 867 1941 920 multi
1993 882 2089 937 per
2118 863 2323 920 ChriSIi

729 956 957 1025 gratiam
990 974 1003 1008 :
1039 956 1243 1010 etenim
1301 956 1465 1009 veluti
1520 955 1857 1009 curriculum
1920 965 2003 1009 est
2036 956 2087 1007 in
2122 955 2240 1007 luce
2273 964 2326 1007 et

727 1056 1023 1117 conspectu
1064 1050 1303 1116 positum
1346 1066 1357 1100 :
1398 1047 1617 1116 plurimi
1644 1062 1865 1117 quoque
1896 1058 2190 1117 martyres.
2245 1047 2323 1100 Ne

729 1139 877 1192 aliud
944 1141 1111 1210 igitur
1168 1141 1283 1193 haec
1338 1154 1463 1209 qua:
1512 1152 1775 1209 geruntur
1824 1140 2105 1195 existimes
2157 1155 2321 1209 quam

727 1229 931 1284 Christi
979 1231 1345 1300 negationem,
1374 1231 1555 1300 quoad
1586 1246 1680 1285 eos
1730 1231 1823 1300 qui
1881 1239 2320 1301 persequuntur,

731 1321 1044 1391 factumque
1090 1338 1189 1392 pro
1228 1323 1446 1378 Christo
1478 1324 1820 1394 martyrium,
1862 1324 2039 1393 qu0ad
2086 1338 2182 1378 eos
2229 1324 2321 1392 qui

728 1414 948 1479 [memia
984 1414 1252 1470 referunt.
1312 1419 1492 1486 Atque
1533 1417 1678 1471 istud
1714 1417 1933 1486 quidem
1980 1426 2064 1471 est
2094 1418 2148 1471 in
2184 1431 2321 1469 con-

728 1508 890 1560 fesso.
932 1505 1066 1561 Nam
1122 1516 1181 1561 ut
1231 1508 1282 1561 in
1321 1509 1501 1562 crucis
1544 1508 1783 1578 imagine
1838 1523 1973 1561 crux
2016 1510 2129 1578 ipsa
2189 1508 2323 1561 vivi-

728 1598 827 1652 fica
862 1606 915 1653 et
952 1599 1293 1669 agnoscitur,
1347 1609 1400 1653 et
1452 1609 1679 1669 negatur
1710 1616 1723 1652 :
1760 1598 1839 1653 sic
1896 1608 1950 1653 et
2001 1600 2054 1653 in
2088 1600 2321 1669 imagine

725 1687 930 1743 Christi
972 1690 1115 1743 idem
1157 1691 1276 1744 sine
1298 1690 1619 1744 discrimine
1654 1690 2027 1743 statuendum.
2084 1690 2319 1745 Mundus

726 1781 849 1834 licet
881 1782 1185 1835 obczecatus
1231 1782 1321 1845 sit,
1352 1782 1435 1834 vel
1474 1782 1565 1836 ubi
1596 1782 1876 1836 Christum
1910 1782 2161 1852 abnegat,
2188 1798 2319 1835 con-

2432 596 2526 646 σὺν
2560 592 2678 661 θεῷ
2702 593 2879 645 πάντα
2906 593 3175 658 ἐνεγκεῖν,
3202 592 3563 662 ἀϋλοφορικδν
3594 591 3864 660 στέφανον
3885 595 4013 646 ἀνα-

2426 682 2749 753 δησάμενος.
2798 682 2935 733 Ἀλλ’
2968 681 3131 751 εὔχου
3154 684 3344 752 κάμοὶ,
3387 682 3607 751 ἀδελφέ,
3671 684 4010 735 συνέπεσθαι

2429 777 2511 829 σοί
2542 793 2602 829 τε
2625 776 2722 830 καὶ
2751 776 2807 829 εἴ
2833 794 2939 829 τινι
2963 778 3107 847 ἄλλῳ
3145 776 3541 847 παραπλησίῳ.
3578 778 3778 831 Ὶκανοὶ
3823 778 3883 830 δὲ
3915 779 4009 847 χά-

2429 886 2535 937 ριτι
2565 869 2826 940 Χριστοῦ.
2861 871 2970 922 Καὶ
3000 873 3109 939 γὰρ
3143 869 3219 931 ὼς
3248 870 3309 923 τὸ
3367 869 3584 923 στάδιον
3606 869 3871 940 λαμπρὸν
3922 872 4011 924 καὶ

2426 963 2705 1031 ἐμφανές·
2750 962 2997 1016 πλεῖστοι
3038 964 3131 1015 καὶ
3166 963 3215 1015 ot
3257 963 3555 1033 μάρτυρες.
3606 962 3698 1032 Μὴ
3747 964 3861 1033 γὰρ
3898 964 4008 1016 οἷον

2424 1071 2475 1105 τι
2513 1054 2643 1106 ἄλλο
2666 1052 2804 1107 εἶναι
2837 1054 2904 1107 τὰ
2941 1055 3206 1125 παρόντα,
3252 1054 3286 1124 ἢ
3342 1053 3580 1123 Χριστοῦ
3632 1056 3869 1124 ἄρνησιν
3924 1057 4010 1107 ἐπὶ

2423 1146 2550 1206 τοὺς
2584 1145 2882 1210 διώκοντας
2915 1164 2930 1179 ο
2968 1149 3062 1199 καὶ
3108 1146 3347 1215 Χριστοῦ
3408 1147 3716 1216 μαρτυρίαν
3755 1150 3840 1209 εἰς
3886 1150 4010 1209 τοῦς

2422 1238 2489 1288 τὰ
2514 1232 2655 1289 ἆθλα
2681 1238 2968 1307 φέροντας,
3002 1240 3098 1291 καὶ
3125 1238 3285 1292 τοῦτο
3308 1238 3548 1309 εὔδηλον.
3594 1239 3681 1301 Ὠς
3702 1238 3818 1308 γὰρ
3857 1241 3918 1291 ἐν
3946 1244 4006 1307 τῇ

2426 1329 2595 1382 εἰκόνι
2616 1329 2709 1381 τοῦ
2737 1330 2973 1401 σταυροῦ
3004 1331 3032 1383 ὁ
3064 1332 3329 1395 ζωοποιδς
3369 1333 3607 1403 σταυρὸς
3647 1331 3745 1383 καὶ
3789 1320 4007 1401 (390)6-

2429 1438 2596 1489 γηται
2621 1425 2715 1474 καὶ
2738 1423 2971 1493 ἤρνηται
3004 1441 3017 1453 ·
3048 1422 3191 1481 οὑτω
3217 1424 3313 1477 καὶ
3341 1425 3399 1475 ἐν
3433 1426 3499 1493 τῇ
3544 1423 3714 1476 εἰκόνι
3766 1423 4008 1494 Χριστοῦ

2426 1516 2487 1567 τὸ
2521 1515 2652 1567 αὑτὸ
2700 1516 3161 1586 ἀπαραλλάκτως.
3200 1518 3263 1569 Εί
3305 1518 3399 1570 καὶ
3436 1516 3782 1586 τετύφλωται
3830 1519 3863 1570 ὁ
3906 1520 4007 1571 κό-

2423 1625 2558 1676 σμος
2585 1623 2600 1638 ⁶
2626 1608 2722 1660 καὶ
2746 1608 2981 1680 Χριστὸν
3006 1608 3361 1679 ἀρνούμενος,
3396 1609 3579 1673 παίζει
3601 1609 3903 1680 τὴνῦϐριν,
3921 1611 4007 1663 διὰ

2418 1700 2519 1767 τὴν
2563 1698 2658 1750 τοῦ
2724 1698 3081 1768 ὑϐριζομένου
3136 1700 3542 1771 μακροθυμίαν.
3602 1701 3712 1752 Καὶ
3766 1701 3821 1753 τί
3875 1700 4004 1752 Θαυ-

2423 1791 2630 1859 μαστὸν
2668 1792 2715 1843 εί
2752 1792 3041 1859 ὑπομένει,
3075 1789 3256 1862 ζητῶν
3288 1792 3387 1861 τὴν
3441 1792 3563 1857 τῶν,
3593 1793 4005 1862 παροινούντων

726 1872 1006 1926 tumeliam
1037 1872 1226 1940 jocum
1257 1882 1495 1943 reputat,
1526 1884 1746 1943 propter
1774 1874 1920 1927 illius
1953 1874 2316 1940 tolerantiam,

2425 1882 2909 1953 ἐπιστροφήνςΜὴ
2942 1883 3064 1951 ούχὶ
3094 1882 3359 1951 στέφανον
3401 1881 3461 1947 ἐξ
3497 1884 3753 1936 ἀκανθῶν
3798 1884 4002 1955 ἐπέθη-

734 1980 896 2033 quem
928 1966 1325 2020 contumeliose
1347 1974 1565 2020 tractat.
1596 1966 1699 2019 Sed
1737 1966 1866 2035 quid
1923 1968 2125 2019 mirum
2150 1966 2195 2019 si
2231 1967 2317 2051 ille

725 2056 982 2116 sustinet,
1012 2058 1347 2112 furiosorum
1398 2060 1814 2113 conversionem
1868 2059 2171 2128 quaerens?
2208 2060 2319 2110 An-

725 2164 833 2201 non
888 2148 1131 2217 spineam
1194 2166 1455 2203 coronam
1500 2150 1662 2219 capiti
1703 2151 1822 2219 ejus
1874 2151 2181 2218 imposuere
2216 2150 2317 2202 mi-

725 2241 889 2294 lites?
922 2255 1104 2293 annon
1154 2250 1359 2294 vestem
1415 2241 1463 2294 ei
1497 2241 1906 2295 circumdedere
1939 2254 2269 2309 purpuream

723 2331 817 2399 qui
870 2340 923 2384 et
971 2331 1155 2384 dixere
1201 2347 1215 2383 :
1258 2332 1380 2395 Are,
1418 2347 1509 2383 rex
1532 2330 1844 2384 Judworum
1880 2346 1899 2383 :
1940 2341 1989 2384 et
2024 2332 2221 2384 dabant
2255 2334 2303 2385 ei

726 2425 915 2494 alapas
942 2424 1005 2477 ".
1046 2425 1164 2493 lpse
1194 2440 1322 2477 vero
1348 2426 1531 2478 omnia
1570 2425 1895 2493 perferebat,
1925 2440 2050 2479 cum
2089 2425 2305 2481 deride-

724 2530 894 2582 retur,
928 2518 1326 2586 habereturque
1367 2518 1620 2580 ludibrio,
1655 2533 1777 2569 cum
1814 2526 1867 2571 et
1902 2519 1954 2569 in
1997 2531 2159 2570 cruce
2208 2516 2313 2570 alia

727 2610 962 2674 plurima
988 2618 1288 2678 pateretur.
1324 2608 1474 2662 Talia
1513 2623 1657 2663 nunc
1686 2624 1902 2678 quoque
1929 2618 2147 2677 propter
2176 2608 2313 2660 ima-

724 2702 906 2772 ginem
955 2716 1135 2766 suam,
1169 2711 1222 2755 et
1261 2705 1313 2754 in
1363 2716 1463 2755 sua
1516 2706 1632 2770 ipse
1699 2700 1937 2771 imagine
1986 2701 2311 2769 perpetitur,

726 2789 995 2858 siquidem
1061 2789 1413 2859 archetypum
1472 2791 1523 2843 in
1577 2788 1812 2859 imagine
1854 2791 2211 2860 conspicitur,
2257 2802 2314 2845 ut

725 2882 828 2935 viri
865 2883 1037 2936 sancti
1069 2883 1276 2936 dixere.
1331 2882 1436 2937 Sed
1467 2884 1785 2938 miserescat
1814 2883 1901 2937 ille
1918 2884 2165 2938 celeriter
2209 2883 2309 2938 Ec-

724 2974 904 3028 clesia:
927 2990 1057 3038 sure,
1086 2975 1431 3030 confessores
1462 2975 1850 3030 corroborans.
1881 2976 2059 3030 Audio
2090 2988 2141 3030 te
2167 2976 2306 3045 jeju—

726 3064 879 3120 nium
916 3065 1257 3133 protrahere,
1289 3072 1344 3119 et
1366 3065 1516 3119 laetor
1549 3064 1777 3134 utique:
1811 3065 1903 3119 tibi
1944 3080 2071 3119 vero
2123 3073 2314 3119 auctor

725 3172 847 3211 sum
879 3166 936 3211 ut
970 3158 1210 3226 quotidie
1234 3168 1356 3227 post
1382 3173 1668 3228 vesperam
1702 3160 1883 3212 cibum
1912 3172 2122 3213 sumas.
2186 3156 2313 3212 llaec

722 3249 869 3301 enim
928 3250 1012 3302 via
1064 3250 1208 3319 regia
1245 3258 1347 3313 est,
1382 3260 1435 3304 et
1470 3250 1582 3304 hmo
1629 3249 1918 3303 laudabilis
1975 3249 2307 3305 abstinentia
2335 3240 2378 3300 C

724 3340 776 3393 in
806 3341 910 3395 isto
944 3343 1186 3411 martyrii
1220 3357 1437 3411 genere.

1043 3451 1278 3506 XXVIII.
1309 3484 1379 3494 —
1411 3452 1615 3507 Basilio
1658 3458 1963 3524 prwposito.

2420 1990 2524 2025 καν
2559 1974 2726 2027 αὑτοῦ
2776 1977 2842 2043 τῇ
2901 1976 3115 2044 κεφαλῇ
3151 1975 3199 2027 ot
3260 1976 3718 2044 στρατευόμενοις
3765 1977 3841 2046 μὴ
3884 1977 4003 2045 οὑχὶ

2421 2068 2514 2119 καὶ
2562 2068 2779 2137 ἱμάτιον
2826 2068 3139 2139 πορφυροῦν
3194 2068 3524 2139 περιέὃαλον
3573 2070 3772 2135 αὑτὸν;
3821 2071 3875 2122 οἳ
3912 2074 4003 2124 καὶ

2419 2160 2611 2227 ἔλεγον
2634 2179 2648 2190 ·
2682 2160 2878 2230 Χαῖρε,
2919 2164 2949 2213 ό
2973 2160 3278 2224 ,ϐασιλεὺς
3321 2158 3444 2213 τῶν
3508 2160 3810 2215 Ἰουδαίων
3833 2180 3849 2193 ⁸
3906 2165 4003 2217 καί

2419 2249 2663 2303 ἐδίδουν
2689 2250 2849 2315 αὐτῷ
2870 2252 3248 2318 ῥαπίσματα.
3288 2249 3345 2302 '0
3371 2249 3429 2302 δὲ
3459 2248 3621 2322 ἔφερε
3651 2252 3853 2315 πάντα,
3901 2267 4003 2304 κα-

2418 2343 2825 2413 ταγελώμενος,
2872 2342 3367 2412 μυκτηριζόμενος,
3420 2346 3515 2396 καὶ
3549 2346 3649 2398 ὅσα
3691 2344 3833 2397 ἄλλα
3897 2345 4004 2398 πά·-

2420 2454 2564 2505 σχων
2595 2439 2652 2489 ἐν
2692 2436 2933 2507 σταυρῷ.
2966 2434 3206 2489 Τοιαῦτά
3237 2440 3355 2491 ἐστι
3389 2437 3483 2491 νῦν
3513 2438 3742 2506 πάσχων
3782 2437 3875 2490 διὰ
3905 2440 4002 2507 τῆς

2418 2528 2630 2590 είκόνος
2662 2526 2851 2592 αὑτοῦ,
2899 2528 2994 2580 καὶ
3037 2529 3094 2579 ἐν
3128 2532 3196 2599 τῇ
3251 2529 3423 2582 εἰκόνι
3454 2527 3618 2581 αὑτοῦ
3643 2528 3883 2594 ’,ἐπειδὴ
3944 2533 4002 2581 τὸ

2420 2620 2732 2690 ἀρχέτυπον
2763 2622 2820 2673 ἐν
2845 2621 2909 2692 τῇ
2943 2622 3115 2675 είκόνι
3139 2623 3485 2691 ἐκφαίνεται,
3509 2620 3582 2682 ὡς
3621 2620 3847 2693 είρηται
3891 2624 4002 2683 τοῖς

2422 2712 2618 2779 ἁγίοις.
2674 2711 2814 2764 Ἀλλ’
2861 2712 2949 2779 εἴη
2985 2713 3133 2777 ἐλεος
3167 2716 3224 2766 ἐν
3259 2713 3414 2781 τάχει
3462 2714 3526 2781 τῇ
3572 2712 3874 2782 Ἐκκλησία
3902 2713 4000 2764 αύ-

2420 2800 2536 2863 τοῦ,
2578 2801 2897 2873 ἐνδυναμών
2922 2804 3050 2867 τοῦς
3092 2802 3514 2873 ὁμολογοῦντας.
3549 2802 3761 2857 Ἀκούω
3798 2804 3881 2854 ὅτι
3910 2820 4002 2871 νη-

2423 2892 2608 2945 στείαν
2638 2893 2821 2956 ’ἐλκεις
2848 2910 2861 2923 ο
2894 2895 2989 2947 καὶ
3019 2894 3197 2963 χαίρω
3234 2892 3355 2963 μὲν,
3387 2893 3743 2962 συμὸουλεύω
3772 2892 3828 2943 δὲ
3859 2891 3998 2943 καθ-

2423 2986 2663 3058 εκάστην
2728 2986 2931 3041 ἐσθίειν
2985 2986 3123 3055 μετὰ
3169 2986 3237 3038 τά
3269 2987 3554 3057 ἑσπερινά.
3610 2985 3786 3038 Τοῦτο
3826 2985 3936 3054 γὰρ
3966 2986 3999 3054 ἠ

2420 3078 2678 3150 βασιλικὴ
2707 3079 2847 3142 ὁδὸς,
2892 3078 2986 3131 καὶ
3010 3077 3150 3148 αὕτη
3182 3077 3447 3148 ἐπαινετὴ
3503 3077 3806 3147 ἐγκράτεια
3848 3079 3907 3130 ἐν
3932 3080 3998 3145 τῇ

2421 3186 2713 3240 μαρτυρια.

2630 3451 2765 3507 κη’.
2790 3452 3171 3520 -έΒασιλείῳ
3201 3451 3539 3523 ἡγουμένῳ.
3571 3454 3785 3526 ισμςα]

1089 3568 1155 3617 L't
1178 3568 1375 3618 fortiter
1411 3582 1499 3632 pro
1522 3571 1715 3620 Christo
1747 3572 1849 3634 pati
1875 3576 2071 3635 pergat,
2106 3584 2201 3621 nec
2234 3570 2451 3632 trepidet
2470 3567 2513 3618 si
2534 3575 2650 3617 ante
2673 3570 3026 3631 imperatorem
3050 3573 3137 3617 aut
3156 3566 3393 3631 presides
3416 3570 3639 3618 ducatur.

799 3672 905 3730 Ubi
946 3675 1185 3730 intellexi
1212 3676 1395 3730 omnia
1433 3691 1553 3745 qua:
1582 3686 1802 3745 propter
1830 3676 2118 3729 Dominum
2150 3689 2312 3744 passa

724 3778 810 3823 est
858 3768 1121 3823 sanctitas
1168 3777 1280 3831 tua,
1314 3784 1437 3822 cum
1476 3783 1635 3820 sacro
1686 3783 1789 3821 suo
1818 3767 2076 3833 subdito;
2109 3766 2313 3836 glorifi-

727 3861 845 3915 cavi
902 3860 1167 3930 optimum
1227 3858 1394 3912 Deum
1426 3868 1675 3911 nostrum
1712 3859 1907 3911 valde:
1939 3857 2079 3926 quod
2128 3859 2315 3926 utique

724 3963 947 4008 exortus
984 3961 1038 4007 et
1072 3952 1187 4022 ipse
1232 3966 1290 4005 es
1315 3951 1481 4004 veluti
1530 3950 1681 4003 sidus
1710 3951 1763 4003 in
1805 3952 2006 4003 mundo
2035 3964 2160 4004 cum
2193 3950 2315 4005 aliis

724 4046 1019 4109 sideribus,
1054 4045 1109 4098 in
1141 4044 1243 4097 hac
1266 4043 1518 4112 praesenti
1556 4043 1715 4111 quasi
1756 4054 2021 4097 nocturna
2048 4042 2321 4097 haereseos

724 4152 927 4207 pugna,
986 4150 1084 4189 vas
1137 4134 1450 4196 electionis,
1490 4133 1745 4185 columna
1806 4142 1860 4185 et
1916 4132 2317 4187 firmamentum

724 4230 993 4286 veritatis.
1057 4228 1233 4293 Quam
1291 4225 1615 4279 admirabile
1667 4240 1761 4295 par
1819 4225 1951 4279 illud
2018 4224 2315 4280 vestrum!

726 4339 890 4394 quam
923 4320 1149 4376 Christo
1189 4319 1443 4381 amabile,
1492 4318 1638 4388 quod
1682 4319 1868 4387 plagas
1928 4318 2101 4388 ipsius
2156 4332 2319 4372 causa

2493 3674 2679 3727 Πάντα
2715 3672 3047 3743 καταμαθὼν
3073 3672 3219 3742 άπερ
3247 3672 3335 3727 διὰ
3367 3672 3572 3745 Κύριον
3599 3674 3812 3743 ὑπέστη
3836 3690 3927 3726 σου
3960 3675 3993 3742 ἠ

2420 3764 2640 3833 ὁσιότης
2669 3764 2768 3816 σὺν
2788 3762 2865 3831 τῷ
2896 3761 3027 3834 ίερῷ
3072 3762 3299 3832 ὑπηκόῳ
3323 3776 3337 3789 ·
3371 3760 3601 3826 ἐδόξασα
3648 3762 3743 3815 τὸν
3796 3763 3995 3832 ἀγαθὸν

2420 3857 2554 3912 Θεὸν
2593 3858 2749 3927 ήμῶν
2803 3856 2957 3910 λίαν·
3000 3857 3195 3927 ὅτιπερ
3224 3854 3507 3919 ἀνέτειλας
3546 3856 3640 3908 καὶ
3682 3856 3851 3920 αὑτὸς
3884 3876 3993 3926 φω-

2422 3946 2560 4019 στὴρ
2604 3950 2663 4001 ἐν
2692 3947 2773 4019 τῷ
2822 3949 3013 4018 κόσμῳ
3045 3948 3145 4001 σὺν
3189 3946 3370 4011 ἄλλοις
3416 3946 3793 4017 λαμπτῆρσιν,
3840 3948 3897 4000 ἐν
3930 3947 3991 4015 τῇ

2418 4046 2537 4096 νυνὶ
2597 4041 2942 4113 νυκτομαχίᾳ
2984 4041 3085 4109 τῆς
3142 4040 3435 4110 αἱρέσεως,
3480 4039 3677 4102 σκεῦος
3734 4039 3991 4108 ἐκλογῆς,

2421 4134 2616 4197 στύλος
2644 4134 2742 4187 καὶ
2768 4133 3058 4205 ἑδραίωμα
3086 4132 3182 4202 τῆς
3220 4131 3503 4203 ἀληθείας.
3540 4132 3626 4196 ὀς
3657 4130 3992 4201 Θαυμαστὴή

2418 4226 2553 4289 δυὰς
2579 4226 2759 4296 ὑμῶνί
2806 4226 2881 4289 ὡς
2916 4227 3123 4298 ἐραστὴ
3152 4225 3229 4295 τῷ
3259 4226 3502 4297 Χριστῷ,
3549 4224 3765 4293 πληγὰς
3795 4226 3864 4277 δι’
3903 4226 3994 4277 αὑ-

2419 4318 2510 4370 τὸν
2542 4317 2911 4388 ὑπομείνασα,
2961 4316 3295 4383 ἀπαγωγάς,
3345 4315 3614 4385 φυλακὰς,
3671 4315 3768 4367 καὶ
3824 4314 3994 4368 ταῦτα

729 4416 970 4486 pertulit,
1004 4414 1217 4478 exsilia,
1246 4427 1517 4477 carceres,
1560 4422 1614 4465 et
1662 4426 1724 4465 ea
1769 4426 1943 4481 usque
1974 4412 2029 4465 in
2075 4426 2316 4481 przeseu-

2420 4410 2529 4473 ἓως
2552 4387 2962 4478 τοῦπαρόντος.
2996 4409 3157 4463 Ἀλλά
3188 4408 3243 4461 τί
3276 4408 3359 4461 ὅτι
3384 4408 3490 4479 πρὸ
3514 4411 3612 4478 τῆς
3641 4407 3842 4477 πείρας
3864 4402 3992 4481 ἧκες

727 4507 1003 4563 temdiem
1030 4507 1041 4559 !
1076 4504 1181 4558 Sed
1212 4502 1340 4572 quid
1372 4511 1456 4556 est
1486 4504 1655 4571 quod,
1687 4510 1979 4571 antequam
2012 4501 2311 4569 periculum

728 4596 958 4657 faceres,
992 4595 1058 4648 ad
1098 4609 1183 4648 me
1206 4592 1467 4646 humilem
1507 4591 1723 4651 venisti.
1752 4591 1911 4645 sicuti
1943 4606 2008 4644 ex
2056 4600 2106 4645 te
2154 4589 2311 4643 intel-

727 4688 853 4751 lexi,
894 4703 992 4742 nec
1020 4698 1201 4741 tamen
1235 4693 1532 4753 conspectu
1587 4697 1709 4735 meo
1732 4681 1836 4737 frui
1876 4682 2062 4736 licuit:
2090 4696 2186 4735 nec
2211 4682 2312 4734 mi-

727 4796 850 4835 rum
901 4779 1109 4848 utique.
1155 4773 1609 4845 Quandoquidem
1644 4773 1813 4837 enim,
1849 4782 1908 4828 ut
1960 4772 2310 4842 conjiciebas,

724 4888 840 4929 non
897 4873 1115 4926 aderam
1151 4888 1166 4937 ;
1197 4870 1361 4924 miser
1416 4867 1563 4921 enim
1614 4880 1713 4935 ego
1764 4882 1828 4920 ac
1862 4866 2100 4921 tenebris
2160 4866 2312 4920 obsi-

730 4973 821 5019 tus
857 4980 873 5031 ;
912 4962 1042 5033 quid
1066 4971 1117 5015 te
1143 4961 1489 5016 incommodo
1520 4956 1749 5012 at'fecisti
1786 4958 1807 5010 ?
1840 4958 1943 5011 nisi
1972 4956 2115 5028 quod
2162 4969 2310 5009 nunc

728 5056 964 5124 teipsum
1014 5051 1171 5108 nobis
1204 5068 1299 5122 per
1334 5052 1546 5107 litteras
1586 5050 1920 5120 conjunxisti
1952 5066 1966 5102 :
1998 5058 2051 5103 et
2066 5050 2177 5117 jam
2211 5063 2313 5103 nos

726 5148 921 5219 spiritu
957 5147 1187 5200 invicem
1235 5148 1534 5210 intuemur,
1565 5154 1619 5200 et
1650 5145 1703 5199 in
1738 5158 1907 5197 unum
1960 5141 2313 5196 convenimus

728 5242 785 5295 in
819 5238 1035 5310 spiritu,
1077 5237 1255 5292 unain
1277 5236 1510 5292 Domino
1528 5237 1710 5291 anima
1734 5234 1929 5300 et'fecti,
1961 5248 2061 5304 ego
2093 5234 2314 5289 humilis

732 5332 787 5386 in
810 5332 963 5386 vobis
996 5330 1221 5395 sanctis,
1242 5339 1295 5384 et
1320 5344 1415 5384 vos
1439 5329 1491 5383 in
1525 5344 1633 5383 me.
1662 5328 2029 5394 Quamobrem
2060 5326 2314 5381 Christus

730 5427 785 5477 in
840 5421 1019 5477 medio
1071 5431 1342 5486 nostrum,
1385 5422 1541 5492 juxta
1580 5437 1825 5476 veracem
1862 5421 2005 5474 illius
2042 5419 2312 5489 pollicita-

730 5518 954 5573 tionem.
987 5515 1128 5581 Quid
1158 5515 1354 5570 deinde
1385 5515 1657 5586 reliquum
1688 5526 1771 5569 est
1798 5516 1821 5568 ?
1850 5513 2315 5583 Ut,quemadmo-

730 5612 858 5666 dum
894 5609 1162 5679 coepimus
1202 5608 1256 5662 in
1286 5608 1565 5663 laboribus
1609 5622 1707 5677 pro
1762 5606 2014 5672 Christo,
2056 5619 2316 5659 consum-

732 5718 942 5759 memus
973 5700 1310 5771 propositum
1341 5699 1499 5756 nobis
1532 5708 1833 5766 certamen,
1871 5697 2007 5754 nihil
2056 5694 2312 5754 reformi-

800 5838 844 5869 "
866 5836 1025 5892 Joan.
1059 5851 1171 5896 ut.
1195 5835 1247 5890 ’5.

2417 4504 2557 4573 πρός
2588 4520 2655 4572 με
2690 4504 2781 4555 τὸν
2814 4503 3093 4561 ταπεινὸν,
3120 4502 3265 4555 καθά
3290 4501 3562 4567 ἐδίδαξας,
3612 4499 3685 4569 μὴ
3720 4501 3991 4569 ἐπιτυχών

2418 4613 2521 4665 μου
2559 4595 2654 4647 τοῦ
2701 4595 3077 4666 συνοψισμοῦς
3127 4594 3223 4647 καὶ
3289 4594 3538 4656 εἰκότως.
3602 4591 3826 4662 Ἐπειδὴ
3865 4592 3990 4664 γάρ,

2414 4689 2490 4751 ὡς
2538 4687 2942 4758 ὑπελάμϐανες,
2982 4688 3083 4739 οὑκ
3131 4682 3199 4755 ἦν
3229 4704 3243 4717 ο
3306 4688 3527 4755 οίκτρδς
3568 4684 3677 4755 γὰρ
3736 4684 3855 4753 ἐγὼ
3904 4688 3992 4739 καὶ⁵

2417 4782 2691 4843 σκοτεινός
2717 4796 2731 4809 ο
2770 4781 2823 4832 τί
2848 4781 2935 4833 ἵνα
2963 4781 3059 4832 καὶ
3095 4778 3363 4847 Mittiqu;
3416 4777 3556 4849 πλὴν
3609 4778 3692 4831 ὅτι
3748 4779 3992 4849 συνῆψας

2414 4873 2549 4943 ἡμῖν
2572 4872 2765 4925 ἑαυτὸν
2809 4873 2929 4926 νυνὶ
2975 4872 3063 4924 διά
3089 4871 3184 4924 τοῦ
3213 4871 3544 4941 γράμματος
3572 4885 3587 4899 ·
3646 4871 3744 4924 καὶ
3778 4872 3990 4943 ὁρῶμεν

2414 4964 2679 5035 ἀλλήλους
2710 4964 2811 5035 ήδη
2840 4964 2920 5035 τῷ
2948 4962 3221 5032 πνεύματι
3249 4979 3263 4993 ο
3293 4965 3389 5016 καὶ⁵
3424 4962 3504 5025 είς
3543 4962 3743 5015 ταυτὸν
3795 4962 3989 5034 συνήλ-

2416 5057 2583 5127 Θομεν
2615 5058 2676 5110 ἐν
2706 5056 3016 5128 πνεύματι·
3046 5056 3146 5125 μία
3178 5054 3328 5125 ψυχὴ
3351 5055 3410 5107 ἐν
3441 5053 3635 5125 Κυρίῳ
3673 5053 3984 5123 γεγονότες,

2417 5147 2581 5217 ἐγὼὸ
2613 5148 2872 5212 ταπεινὸς
2919 5150 2977 5201 ἐν
3029 5148 3159 5218 ὑμῖν
3202 5150 3317 5210 τοίς
3360 5146 3561 5215 ἁγίοις,
3602 5150 3699 5198 καὶ
3728 5145 3894 5215 ὑμεῖς
3939 5146 3991 5197 ἐν

2415 5239 2572 5310 ἐμοί’
2612 5241 2809 5310 ὅτιπερ
2867 5240 3102 5311 Χριστὸς
3136 5242 3193 5292 ὲν
3250 5238 3403 5310 μέσῳ
3451 5237 3808 5309 ἀμφοτέρων,
3855 5236 3991 5291 κατὰ

2417 5333 2517 5403 τὴν
2542 5331 2753 5401 ἀψευδῆ
2799 5331 3154 5400 ἐπαγγελίαν.
3208 5332 3273 5384 Τί
3324 5331 3510 5384 λοιπὸν
3556 5330 3671 5395 ἔτις
3704 5330 3816 5395 ἱνα,
3853 5329 3991 5384 καθά

2416 5422 2767 5494 ἐνηρξάμεθα
2804 5424 2863 5476 ἐν
2896 5426 3010 5486 τοῖς
3061 5423 3205 5493 ὑπὲρ
3236 5421 3476 5493 Χριστοῦ
3509 5423 3862 5493 μαρτυρίοις,
3909 5437 3987 5474 τε·

2418 5515 2733 5585 λειὼσωμεν
2765 5514 2859 5568 τὸν
2928 5515 3292 5587 προκείμενον
3359 5515 3493 5585 ἡμῖν
3548 5514 3758 5582 ἀγῶνα,
3827 5513 3988 5584 μηδὲν

2419 5607 2865 5677 ὑποπτήσσοντες
2891 5623 2908 5639 ο
2953 5607 3029 5678 μὴ
3070 5605 3286 5678 πληγὰς
3340 5604 3519 5671 αὖθις,
3573 5606 3650 5677 μὴ
3683 5606 3885 5677 δεσμὰ,
3921 5604 3986 5675 μὴ

2424 5697 2866 5770 στρεϐλωτῆρας,
2906 5699 2981 5769 μὴ
3017 5696 3149 5769 πῦρ,
3179 5698 3254 5771 μὴ
3294 5698 3468 5767 ξίφος,
3520 5696 3594 5767 μὴ
3644 5697 3811 5769 ὕδωρ.
3862 5694 3987 5766 μηδὲ
