4164 6536
180 497 316 562 1197

1392 486 1935 551 EPISTOLARUM
1968 487 2116 548 LIB.
2153 486 2213 546 Ιῐ

3298 479 3435 543 1198

180 610 485 681 μάχαιραν.
526 605 715 670 Οὕτως
753 602 1068 657 ὑποτίθεται
1120 603 1254 675 ἡμῖν
1283 602 1312 657 6
1343 602 1503 672 λόγος
1526 620 1542 635 ο
1591 600 1765 665 οὕτως

1884 597 2082 665 iantes,
2102 613 2210 652 non
2235 596 2419 667 plagas
2444 610 2628 666 porro,
2664 609 2771 649 non
2798 592 3037 659 vincula,
3064 606 3171 649 non
3204 602 3448 649 tormen-

178 704 281 774 βοᾷ
307 701 337 754 6
375 698 703 761 Ἀπόστολος
732 712 745 727 ο
775 693 954 758 οῦτως
986 696 1021 765 ἡ
1050 694 1334 758 τελείωσις
1381 694 1490 747 τῶν
1547 692 1759 764 μαρτύα

179 812 293 869 ρων
320 792 600 847 ἁπάντων.
634 789 747 844 Οὐκ
794 788 964 858 ἐσμὲν
1002 787 1350 856 ἀγενέστεροι
1398 784 1574 838 αὐτῶν
1607 797 1621 812 ’
1658 782 1762 837 κᾶν

174 885 292 954 ἐγὼ
319 884 513 947 τάλας,
545 883 610 935 ὲκ
642 880 777 933 Θεοῦ
808 880 904 933 καὶ
926 879 1082 932 αὐτοὶ
1103 878 1473 948 ἐγεννήθημεν
1495 893 1508 906 ·
1542 876 1641 945 τὴν
1666 876 1764 928 αύ-

172 980 279 1051 τὴν
312 976 523 1049 μητέρα
546 978 647 1044 τῆς
668 970 943 1035 υἱοθεσίας
969 970 1304 1040 κεκτήμεθα.
1350 970 1575 1022 Ἐκεῖνοι
1601 967 1763 1039 ἠθλο-

175 1071 429 1140 φόρησαν
450 1082 464 1096 ·
501 1066 597 1120 καὶ
622 1065 787 1135 ἡμεῖς
816 1062 1099 1133 ἀσχημονή
1112 1077 1326 1131 εςομεν;⁴
1360 1062 1619 1128 γυναῖκες
1666 1059 1765 1114 καὶ

178 1163 347 1232 κόραι
422 1157 803 1227 ὲστὲφθησανο
866 1154 961 1206 καὶ
1023 1154 1184 1222 ἡμεῖς
1251 1153 1761 1223 φιλοσαρκήσομεν;

176 1255 437 1322 γέροντες
469 1249 565 1304 καὶ
598 1250 771 1320 νήπια
793 1245 1112 1315 νενικήκασι
1146 1244 1440 1314 τυράννους
1476 1245 1569 1297 καὶ
1607 1243 1762 1312 βασι-

177 1345 440 1405 λεύοντας
470 1360 483 1373 ·
516 1341 610 1394 καὶ
636 1340 800 1409 ἡμεῖς
821 1336 1236 1406 ίλιγγιάσομεν;
1276 1334 1545 1404 οὐδαμῶς.
1573 1334 1764 1402 Δῶμεν

178 1437 282 1499 τὰς
314 1433 522 1504 σάρκας
545 1432 657 1492 τοῖς
683 1427 1035 1499 σαρκοφίλοις
1065 1442 1081 1456 θ
1115 1428 1149 1495 ἡ
1178 1425 1325 1496 ψυχὴ
1359 1425 1616 1493 ἄληπτος.
1672 1423 1764 1494 Μὴ

180 1526 513 1598 φοϐηθῶμεν
549 1521 691 1588 τοὺς
721 1520 1223 1590 σωματοκτόνους
1247 1534 1263 1549 ο
1295 1517 1455 1571 ἀλλὰ
1506 1515 1613 1569 τόν
1657 1514 1764 1570 δυ-

179 1618 451 1687 νάμενον
479 1614 577 1668 καὶ
611 1612 826 1683 ψυχὴν
881 1611 981 1665 καὶ
1024 1609 1197 1679 σῶμα
1245 1609 1314 1662 ἐν
1365 1608 1580 1678 γεέννῃ
1612 1607 1765 1661 ἀπο-

180 1712 383 1764 λέσαι.
412 1705 591 1760 Τανῦν
626 1703 948 1772 ἀγαλλίασις
979 1701 1073 1755 κο.)⁸
1110 1699 1368 1770 θυμηδία.
1428 1699 1611 1767 Εἴπερ
1656 1701 1766 1769 γὰρ

182 1800 651 1871 συμπάσχομεν,
687 1796 785 1850 καί
810 1794 1455 1867 συνδοξασθησόμεθα.
1491 1792 1767 1869 Θρηνείτω

179 1894 211 1947 6
239 1892 510 1955 διάϐολος,
543 1890 639 1943 καὶ
667 1889 716 1941 oi
751 1887 915 1941 αὐτοῦ
949 1886 1224 1957 ὑπηρέται
1250 1902 1263 1915 ·
1299 1884 1461 1937 τοῦτο
1521 1885 1630 1957 γὰρ
1661 1885 1767 1939 πά-

1879 699 1955 755 ta,
2004 704 2112 745 non
2162 690 2362 759 ignem,
2398 704 2506 744 non
2557 702 2765 751 ensem,
2810 701 2919 739 non
2951 700 3172 755 aquam,
3200 701 3306 739 non
3341 686 3449 756 gla-

1863 782 2015 837 dium
2047 780 2115 834 ".
2150 779 2241 836 Sic
2275 780 2389 849 ipsa
2426 794 2527 835 nos
2557 778 2839 848 Scriptura
2868 778 3124 851 admonet
3156 793 3170 828 :
3205 776 3285 832 sic
3305 777 3449 847 Apo-

1864 874 2035 929 stolus
2086 872 2324 927 clamat:
2352 872 2431 926 sic
2467 878 2772 940 martyrum
2810 869 3055 921 omnium
3089 883 3449 924 consumma-

1866 966 1959 1019 tio.
2007 962 2127 1019 Non
2180 971 2309 1017 sunt
2367 963 2547 1027 nobis,
2580 976 2745 1031 quam
2776 960 2902 1021 illis.
2935 960 3118 1013 minus
3159 960 3293 1014 clari
3348 978 3448 1015 na-

1862 1056 2019 1120 tales,
2050 1068 2363 1125 quanquam
2421 1068 2522 1123 ego
2569 1051 2755 1106 infelix
2793 1068 2807 1117 ;
2840 1066 2905 1105 ex
2970 1050 3083 1104 Deo
3113 1058 3167 1104 et
3194 1051 3295 1119 ipsi
3332 1053 3445 1105 nati

1866 1161 2059 1201 sumus
2090 1146 2335 1199 eamdem
2364 1142 2675 1212 adOptionis
2708 1151 2935 1195 matrem
2969 1141 3169 1210 adepti.
3206 1141 3284 1195 Illi
3311 1156 3450 1212 prae-

1867 1241 1975 1293 mia
2028 1238 2264 1291 retulere
2300 1255 2312 1290 :
2355 1245 2407 1290 et
2471 1250 2573 1289 nos
2627 1234 2923 1304 degeneres
2950 1233 3156 1287 erimus
3187 1234 3211 1287 ?
3240 1233 3454 1288 femina:

1865 1346 1929 1386 ac
1956 1330 2149 1399 puella:
2175 1338 2449 1383 coronatae
2472 1336 2602 1383 sunt
2632 1346 2645 1380 :
2676 1338 2729 1380 et
2760 1342 2859 1382 nos
2884 1326 3036 1381 carni
3070 1322 3455 1380 blandicmur?

1864 1437 2025 1478 senes
2074 1429 2127 1474 et
2187 1420 2342 1490 pueri
2385 1429 2650 1489 tyrannos
2698 1418 2880 1473 vicere
2928 1426 2983 1472 et
3030 1433 3228 1487 reges:
3264 1428 3319 1470 et
3352 1428 3453 1473 nos

1866 1522 2147 1584 stupentes
2206 1512 2533 1567 haerebimus
2566 1512 2589 1565 Ἰ
2628 1510 2849 1566 Minime
2894 1526 3044 1565 vero.
3082 1510 3317 1565 Carnem
3365 1511 3454 1565 di-

1866 1606 2150 1661 mittamus
2202 1604 2288 1659 his
2318 1605 2412 1675 qui
2468 1617 2691 1659 carnem
2738 1602 3009 1674 diligunt:
3038 1602 3257 1657 animus
3308 1604 3453 1657 inte-

1866 1701 1970 1754 rim
2001 1699 2532 1771 expugnarinequit.
2594 1698 2671 1753 Ne
2697 1698 2991 1753 timeamus
3019 1713 3107 1751 eos
3163 1698 3252 1767 qui
3314 1698 3456 1750 occi-

1867 1793 1998 1845 dunt
2059 1807 2250 1861 corpus
2285 1806 2304 1844 :
2335 1791 2425 1844 sed
2468 1806 2587 1843 eum
2640 1791 2730 1858 qui
2751 1800 2919 1856 potest
2962 1790 3197 1842 animam
3240 1798 3288 1842 et
3341 1805 3459 1842 cor-

1872 1902 1967 1955 pus
2024 1886 2238 1955 perdere
2284 1885 2339 1938 in
2403 1893 2690 1955 gehennam
2730 1884 2800 1938 ¹⁵⁰.
2862 1883 2921 1937 In
2992 1884 3248 1953 praesenti
3316 1882 3460 1937 133ιί-

184 1999 411 2055 σχουσιν
429 1983 485 2033 ὲν
509 1982 576 2051 τῇ
601 1976 1011 2046 ἀκαταπλήκτῳ
1031 1975 1281 2029 ὲνστάσει
1302 1973 1411 2025 τῶν
1433 1974 1772 2045 μαρτυρούν-

1884 1979 1950 2033 tia
1988 1954 2154 2035 estet
2192 1954 2445 2035 alacritas
2480 1998 2492 2034 :
2530 1979 2803 2050 Siquidem
2832 1979 2973 2033 enim
3010 1978 3387 2047 compatimur,
3410 1986 3461 2030 et

183 2094 317 2129 των.
350 2073 461 2143 Φὴς
489 2071 563 2144 μὴ
600 2070 803 2124 ἰδέσθαι
834 2068 1057 2121 πώποτε
1081 2065 1306 2136 βασιλέα
1336 2083 1351 2097 ·
1390 2066 1523 2136 μηδὲ
1544 2065 1771 2138 ἄρχουσι

187 2166 531 2239 παρεστάναι
565 2181 579 2195 ·
621 2161 914 2215 κάντεῦθεν
942 2177 1061 2222 πως
1099 2160 1296 2230 δεδιᾷν.
1340 2159 1645 2230 Μηδαμῶς.
1699 2154 1772 2213 Ὦ

188 2260 400 2328 Πάτερ,
442 2255 856 2324 καταφρόνησον
906 2251 1256 2321 ἀμφοτέρων,
1289 2253 1316 2305 ὁ
1349 2251 1587 2322 Χριστὸν
1633 2252 1772 2322 ἔχων

189 2349 567 2418 ἐνδεδυμένον.
615 2345 851 2406 Ἐκεῖνός
895 2360 955 2395 σε
1000 2340 1263 2413 πτηξάτω
1289 2344 1478 2414 ῶσπερ
1513 2347 1607 2396 καὶ
1659 2345 1774 2398 δαί-

188 2462 356 2517 μονες
383 2461 399 2476 ·
440 2440 655 2505 ἄνοιξον
686 2439 778 2490 σὺν
818 2436 995 2507 στόμα
1022 2436 1217 2508 παρὼν
1268 2437 1408 2508 πρὸς
1458 2438 1641 2491 αὐτόν.
1687 2441 1776 2490 Ao-

187 2538 418 2609 θήσεται
450 2536 558 2604 γάρ
596 2549 678 2584 σοι
722 2530 879 2596 λόγος
909 2545 921 2558 ·
952 2530 1192 2601 Χριστὸς
1238 2529 1626 2600 ἐπηγγείλατο.
1682 2531 1777 2583 Ἐ-

187 2630 385 2698 λεγξον
408 2624 595 2687 αὐτὸν,
639 2623 689 2675 εί
730 2621 1099 2693 ματαιολογεῖ.
1134 2622 1206 2675 Οὐ
1240 2621 1331 2673 τὸν
1375 2621 1578 2691 Ἀχαάϐ
1608 2622 1773 2692 ἤλεγ-

190 2720 283 2786 ξεν
346 2718 569 2783 Ἥλίας;
612 2715 670 2768 οὐ
714 2714 805 2767 τὸν
848 2713 1098 2786 Ἡρώδην
1146 2714 1441 2781 Ἰωάννης;
1476 2715 1577 2766 οὐκ
1629 2713 1777 2766 ἄλλοι

186 2810 318 2871 τοὺς
365 2807 596 2872 άλλους;
648 2803 738 2857 ἵνα
790 2801 867 2875 μὴ
902 2801 1293 2873 κατονομάζων
1324 2802 1669 2873 μακρολογῶ.
1718 2802 1778 2855 Ὀ

187 2900 315 2953 τότε
355 2898 507 2960 Θεὸς,
560 2896 656 2948 καὶ
712 2893 833 2949 νῦν.
882 2893 971 2957 Ὠς
1028 2894 1317 2965 ἠγάπησεν
1368 2895 1631 2960 ἐκείνους,
1682 2893 1778 2947 καὶ

188 2992 363 3061 ἡμᾶς.
385 2988 683 3059 Μαθητιῶν
724 2984 793 3059 ἧς
829 2990 943 3051 τοῖς
968 2987 1319 3053 ἀποστόλοις,
1352 2988 1608 3059 μάρτυσι,
1647 3004 1781 3059 προσ

193 3060 422 3153 έρὴταις,
481 3080 783 3149 Πατράσιν,
834 3079 1026 3142 ὁσίοις.
1082 3078 1142 3131 Ὀ
1172 3079 1383 3150 καρπὸς
1440 3077 1518 3148 τῷ
1582 3078 1781 3149 δένδρῳ

193 3169 587 3243 ἑξομοιούσθω,
650 3170 749 3223 καὶ
802 3171 851 3221 εί
915 3170 991 3239 μὴ
1060 3169 1206 3223 οὕτω
1282 3170 1778 3241 περιπατήσομεν·

194 3263 382 3318 σκαιοὶ
413 3264 510 3316 καὶ
542 3264 665 3333 οὐχὶ
690 3262 953 3332 μαθηταὶ,
992 3261 1112 3313 υύὸὲ
1161 3262 1291 3327 υἱοὶ,
1349 3261 1473 3313 οὐδὲ
1531 3262 1737 3332 καρποί
1764 3277 1779 3293 ο

194 3358 335 3413 ἀλλὰ
367 3350 464 3427 τῆς
494 3355 879 3426 ἀντικειμένης
908 3353 1125 3425 μερίδος
1149 3370 1164 3385 ο
1194 3354 1303 3406 τῶν
1330 3354 1675 3424 φιλοκόσμων
1695 3354 1782 3425 δὴ,

193 3449 365 3517 λέγω,
394 3447 491 3500 καὶ
522 3445 901 3516 δουλοσάρκων
924 3461 937 3476 ·
997 3435 1072 3496 ὧν
1102 3443 1202 3514 τὴν
1229 3444 1462 3514 μίμησιν
1496 3444 1786 3512 φύγοιμεν,

198 3538 562 3607 ὲπιτύχοιμεν
612 3536 670 3590 δὲ
705 3536 866 3597 Θεοῦ,
936 3533 1333 3604 τελειοφρόνως
1394 3534 1791 3603 ἀγωνιζόμενοι

199 3632 260 3683 ὲν
289 3628 515 3700 Χριστῶ
548 3624 723 3697 Ἰησοῦ
746 3624 826 3695 τῷ
857 3622 1051 3695 Κυρίῳ
1081 3623 1240 3693 ἡμῶν
1297 3624 1546 3696 εἰρηκότι
1584 3641 1598 3655 ·
1642 3627 1791 3695 Θαρ-

200 3720 389 3787 σεῖτε,
417 3719 531 3791 ἐγὼ
558 3720 853 3785 νενίκηκα
890 3718 1001 3771 τὸν
1022 3718 1277 3784 κόσμον.

1876 2072 2395 2143 congloriﬁcabimur
2418 2073 2485 2126 ⁸¹.
2542 2073 2749 2144 Lugeat
2807 2072 3062 2125 diabolus
3120 2079 3175 2125 et
3225 2068 3461 2124 ministri

1876 2164 1995 2234 ejus
2030 2163 2220 2218 :hunc
2272 2165 2416 2219 enim
2457 2163 2590 2234 ipsis
2635 2164 2878 2218 dolorem
2904 2162 3047 2232 parit
3072 2161 3272 2217 invicta
3312 2175 3460 2215 mar-

1877 2266 2055 2327 tyrum
2122 2256 2452 2310 constantia.
2528 2254 2820 2325 Nunquam
2881 2264 2936 2310 te
2991 2269 3174 2325 regem
3228 2254 3311 2309 ais
3366 2269 3464 2310 co-

1875 2361 1994 2400 ram
2045 2346 2330 2410 intuitum,
2382 2360 2481 2400 nec
2531 2346 2995 2415 iii-compectum
3056 2348 3270 2400 venisse
3334 2362 3465 2415 pro-

1876 2453 2082 2501 cerum,
2114 2445 2276 2506 atque
2323 2437 2526 2491 idcirco
2570 2439 2949 2493 extimescere.
3005 2438 3183 2493 Absit.
3211 2435 3255 2492 Ο
3283 2436 3464 2503 Pater,

1881 2542 2148 2599 utrosque
2190 2545 2412 2598 sperne,
2443 2529 2535 2598 qui
2568 2529 2845 2584 Christum
2883 2531 3051 2584 habes
3092 2546 3255 2599 quem
3285 2530 3468 2584 indui-

1878 2623 1967 2677 sti.
1999 2623 2091 2676 llle
2123 2632 2173 2676 te
2223 2623 2407 2677 timeat
2436 2624 2511 2675 uti
2535 2632 2589 2676 et
2618 2622 2915 2677 dzemones.
2957 2621 3158 2678 Resera
3190 2638 3253 2677 os
3292 2632 3466 2684 tuum,

1878 2731 2002 2771 cum
2050 2715 2193 2785 apud
2238 2715 2413 2785 ipsum
2474 2730 2661 2770 coram
2713 2729 2861 2784 ages.
2897 2714 3131 2770 Dabitur
3166 2716 3313 2771 enim
3372 2714 3468 2771 tibi

1878 2822 2061 2861 sermo
2094 2823 2107 2867 ;
2146 2806 2397 2861 Christus
2448 2806 2723 2873 pollicitus
2766 2816 2851 2863 est
2876 2808 2943 2863 θ’.
3001 2808 3185 2878 Argue
3237 2823 3363 2861 eum
3421 2808 3469 2861 si

1880 2898 2063 2953 inania
2124 2898 2386 2967 loquitur.
2434 2896 2554 2952 Non
2585 2898 2775 2954 Achab
2809 2898 2957 2955 Elias
3017 2899 3305 2970 coarguit?
3348 2896 3469 2953 Non

1880 2989 2149 3046 Herodem
2208 2989 2499 3047 Joannes?
2530 3008 2639 3047 non
2678 2994 2815 3048 alios
2861 2993 2996 3047 alii?
3031 3002 3180 3048 utne
3221 2992 3471 3063 singulos

1882 3084 2205 3154 appellando
2236 3084 2337 3138 sim
2381 3084 2620 3154 longior.
2677 3083 2780 3151 Qui
2827 3095 2955 3140 tunc
3022 3084 3183 3149 Deus,
3217 3085 3357 3139 idem
3418 3094 3473 3139 et

1883 3190 2052 3229 nunc.
2105 3173 2173 3228 Ut
2199 3174 2321 3228 illos
2341 3175 2551 3241 dilexit,
2592 3176 2664 3230 ita
2693 3184 2746 3232 et
2780 3191 2900 3230 nos.
2930 3176 3225 3231 Alumnum
3260 3186 3312 3231 te
3348 3191 3475 3245 pro-

1885 3265 2063 3319 fessus
2115 3280 2175 3318 es
2224 3267 2621 3335 apostolorum,
2680 3278 3003 3338 martyrum,
3060 3268 3473 3338 prOphetarum,

1886 3358 2142 3423 Patrum,
2198 3370 2546 3414 sanctorum.
2611 3358 2807 3413 Arbori
2862 3358 3073 3413 fructus
3125 3358 3475 3435 respondeat.

1884 3452 2002 3507 Nisi
2041 3453 2186 3506 enim
2231 3468 2329 3507 nos
2378 3452 2451 3506 ita
2500 3452 2760 3523 gerimus,
2801 3452 3096 3521 degeneres
3123 3464 3335 3512 sumus,
3360 3466 3475 3504 non

1888 3542 2162 3613 discipuli,
2218 3558 2327 3597 non
2375 3543 2493 3607 filii,
2544 3557 2655 3596 non
2691 3541 2905 3597 fructus
2936 3560 2949 3595 :
2980 3540 3073 3596 sed
3106 3542 3158 3595 in
3200 3541 3479 3597 contraria

1889 3643 2044 3701 parte
2100 3650 2317 3700 sumus,
2353 3648 2542 3688 eorum
2593 3633 2738 3697 dico,
2769 3632 2861 3701 qui
2916 3632 3182 3686 mundum
3222 3631 3476 3701 diligunt,

1892 3724 1988 3792 qui
2030 3726 2178 3780 carni
2209 3724 2456 3780 serviunt
2490 3742 2502 3778 :
2538 3738 2772 3794 quorum
2808 3724 3055 3794 exempla
3086 3723 3381 3794 fugiamus,
3421 3733 3480 3775 ut

204 3817 317 3876 frui
377 3814 487 3869 Deo
532 3812 834 3881 possimus,
867 3809 1017 3865 omni
1048 3824 1150 3878 ope
1177 3818 1450 3863 certantes
1476 3809 1530 3863 in
1556 3808 1794 3892 Christo
1862 3810 1993 3871 Jesu
2048 3817 2278 3874 Domino
2343 3828 2550 3881 nostro,
2585 3816 2678 3887 qui
2722 3815 3207 3886 dixit:Conﬁdite,
3248 3831 3342 3885 ego
3381 3816 3485 3872 vici

206 3908 469 3963 mundum
496 3905 565 3960 ⁸³.

206 4019 327 4075 ΚΘ.
363 4047 433 4059 -
464 4012 713 4087 Μεταλῷ
763 4014 865 4068 καὶ
911 4014 1114 4083 Μαρίᾳ
1149 4012 1573 4084 μοναζούσαις.
1615 4015 1793 4088 [σνο’.]

2010 4016 2206 4073 XXIX.
2247 4048 2318 4057 —
2351 4016 2618 4089 Μαραιοηὶ
2643 4027 2692 4075 ει
2734 4017 2926 4075 Maria:
2978 4019 3318 4076 monialibus.
3357 4028 3375 4047 ‘

1570 4133 1626 4182 In
1659 4133 1795 4183 obitu
1834 4133 2102 4195 praepositi.

279 4246 356 4298 Τὸ
382 4244 617 4315 γράμμα
644 4240 799 4312 ὑμῶν
828 4240 1008 4311 τίμιον
1038 4255 1053 4269 ·
1096 4242 1188 4293 καὶ
1225 4242 1259 4311 ἡ
1287 4244 1632 4313 προσηγορία
1662 4262 1785 4297 συν·

210 4339 351 4411 ετὴ’
404 4339 438 4408 ἡ
489 4337 546 4390 δὲ
611 4334 866 4403 ἀγγελία,
907 4333 959 4386 τί
999 4331 1169 4399 εῐπω;
1214 4334 1471 4405 ὀδυνηρὰ,
1532 4336 1564 4405 ἢ
1623 4354 1790 4407 χαρο-

1966 4244 2307 4300 Venerabilis
2363 4243 2595 4312 epistola
2660 4256 2863 4309 veStra,
2920 4246 3143 4301 cordata
3184 4247 3478 4304 salutatio:

1894 4340 2117 4396 nuntius
2150 4350 2295 4395 vero.
2322 4335 2449 4404 quid
2479 4335 2654 4389 dicam
2678 4336 2700 4388 ?
2745 4337 3007 4403 plenusne
3029 4338 3231 4404 luctus,
3259 4356 3327 4395 an
3352 4358 3487 4411 gau.

209 4431 396 4494 ποιόςς
456 4430 512 4481 Ὀ
545 4428 676 4498 ἐμὸς
731 4426 922 4497 Πατὴρ
975 4425 1334 4496 ὲξεδήμησεν,
1390 4430 1417 4480 6
1458 4430 1782 4501 ὀμολογητὴς

1898 4434 1973 4487 dii
2000 4433 2022 4485 ?
2053 4430 2212 4485 Pater
2238 4443 2396 4483 meus
2433 4429 2666 4483 excessit
2686 4444 2716 4483 e
2747 4430 2907 4494 vivis,
2941 4432 3146 4487 Christi
3176 4434 3483 4501 confessor,

209 4522 811 4596 Χριστοῦ,όδεύτερος
880 4519 1023 4583 Ἰὼὸ,
1077 4520 1139 4573 τὸ
1199 4510 1639 4593 ’ἐγκαλλὼπισμα
1683 4523 1782 4577 τῶι

1895 4525 1996 4581 Job
2016 4524 2169 4586 alter,
2195 4522 2361 4576 decus
2384 4521 2802 4585 monachorum,
2827 4523 3113 4579 eharitatis
3143 4527 3484 4587 conciliator.

214 4614 520 4687 μοναστῶν,
545 4615 573 4666 6
592 4613 691 4682 τῆς
714 4612 936 4681 ἀγάπης
957 4614 1164 4681 Δημιου
1175 4612 1329 4681 ργὺς,
1350 4611 1379 4663 ό
1402 4613 1799 4683 παντοφίλητος

210 4706 377 4777 ἀνὴρ.
408 4705 437 4757 6
460 4705 554 4758 τοῦ
578 4704 716 4757 Θεοῦ
744 4703 1052 4775 ἄνθρωπος,
1079 4705 1107 4756 ὀ
1137 4703 1481 4775 πολύδακρυς
1498 4704 1797 4775 ὀφθαλμὸς,

210 4797 242 4849 6
278 4791 585 4864 φιλομαθὴς
612 4792 758 4856 νοῦς,
789 4793 817 4845 ό
848 4791 972 4863 θείᾳ
1012 4790 1214 4860 γνώσει
1250 4793 1740 4865 πεπλουτισμένος,
1772 4794 1802 4847 6

212 4886 384 4949 πολὺς
421 4884 480 4936 ἐν
511 4884 1011 4955 ταπεινοφροσύνῃ,
1040 4884 1135 4937 καὶ
1166 4885 1458 4950 πολλοστὸς
1476 4888 1535 4939 ἐν
1566 4888 1800 4954 συνέσει,

212 4980 245 5031 6
283 4975 587 5046 περιφανὴς
633 4976 743 5046 πρὸ
770 4978 1073 5046 σχήματος,
1111 4978 1205 5029 καὶ
1241 4980 1381 5047 μετά
1433 4979 1534 5050 τὴν
1580 4997 1803 5051 μοναχι-

215 5068 322 5136 κὴν
342 5064 624 5117 τελείωσιν
660 5064 986 5136 ὑπέρτερος.
1032 5066 1091 5119 Ὀ
1125 5066 1299 5129 δεθεὶς
1318 5068 1376 5119 ὲν
1408 5068 1599 5139 ἀγάπῃ
1626 5068 1763 5121 Θεοῦ
1786 5084 1800 5098 ·

214 5153 519 5207 κάντεῦθεν
558 5155 802 5223 μισήσας
835 5154 1039 5225 κόσμον
1061 5172 1075 5185 ⁸
1108 5155 1233 5219 δούς
1274 5173 1333 5208 τε
1367 5161 1569 5227 προῖκα
1622 5160 1803 5211 πάντα

216 5246 444 5317 Χριστῷ
464 5244 757 5299 πολύολϐον
795 5247 985 5301 οὐσίαν
1026 5262 1039 5276 ’
1081 5242 1202 5301 εἶτα
1257 5248 1597 5319 διαζευχθεὶς
1644 5267 1801 5319 περι-

216 5335 377 5400 δόξου
404 5336 703 5407 ὁμοζύγου,
734 5339 928 5406 γένους
956 5355 1016 5390 τε
1063 5339 1159 5391 καὶ
1182 5339 1353 5406 φίλων
1383 5342 1477 5391 καὶ
1512 5341 1759 5409 συνήθων
1790 5356 1803 5371 ⁶

218 5430 250 5481 6
305 5428 712 5492 καταλελοιπὼς
773 5429 1056 5501 περίγειον
1112 5429 1350 5501 ἀξίωμα,
1402 5426 1571 5495 οἷκον,
1629 5432 1805 5499 πόλιν,

222 5525 487 5595 πατρίδα,
536 5527 631 5580 καὶ
672 5526 843 5580 ταῦτα
871 5528 930 5579 ἐν
969 5526 1297 5599 ἀκμαζούσῃ
1339 5525 1530 5597 ἡλικίᾳ
1561 5540 1575 5553 ⁸
1609 5525 1809 5595 εὐπρε-

222 5619 360 5690 πείᾳ
391 5635 452 5671 τε
494 5620 789 5689 προσώπου
836 5622 928 5673 καὶ
982 5620 1107 5689 ὕψει
1137 5618 1389 5689 ἡλικίας’
1440 5617 1722 5687 εὐσθενείςι
1748 5633 1807 5668 τε

225 5708 507 5780 σώματος,
542 5709 638 5763 καὶ
660 5710 1211 5781 ἀμφοτεροδεξιότητι
1236 5710 1476 5780 τρόπων,
1507 5707 1715 5775 νοητῶν
1749 5724 1808 5758 τε

226 5802 326 5856 καὶ
349 5800 563 5873 ὁρατῶν
596 5816 610 5830 ⁸
648 5802 743 5855 καὶ
765 5802 937 5857 πλείω
969 5803 1175 5857 τούτων
1210 5803 1275 5857 ἄν
1298 5819 1382 5866 τις
1412 5800 1604 5865 εἰπὼν,
1658 5800 1812 5853 ἐλάτ-

301 5940 347 5971 ⁸⁹
386 5938 546 5992 Rom.
576 5953 692 6003 vm,
724 5939 810 6009 55.

1898 4617 1984 4670 vir
2039 4613 2300 4669 omnibus
2339 4611 2562 4674 eharus,
2594 4612 2759 4666 homo
2820 4612 2935 4680 Dei,
2962 4614 3049 4669 cui
3079 4625 3342 4685 perpetuo
3375 4633 3489 4671 ma-

1900 4707 2036 4763 dens
2068 4704 2266 4760 oculus
2296 4703 2576 4773 lacrymis,
2631 4720 2786 4759 mens
2818 4705 3061 4759 discendi
3096 4708 3315 4777 cupida,
3347 4710 3488 4763 divi-

1902 4800 1989 4855 nis
2052 4797 2320 4853 doctrinis
2386 4798 2651 4868 locuples,
2717 4798 2770 4851 in
2839 4797 3145 4853 humilitate
3207 4801 3485 4863 assiduus,

1903 4889 2154 4958 idemque
2199 4887 2534 4957 perspicacia
2591 4886 2761 4940 animi
2817 4887 3069 4958 inclytus,
3111 4899 3239 4945 ante
3268 4905 3485 4945 sacrum

1904 4980 2149 5035 habitum
2193 4980 2550 5049 conSpicuus,
2584 4987 2637 5032 et
2660 4978 2799 5032 idem
2825 4986 2945 5047 post
2972 4981 3333 5035 monasticam
3365 4999 3487 5051 per-

1905 5071 2191 5126 fectionem
2227 5070 2383 5139 longe
2422 5069 2789 5138 praestantior.
2851 5068 2946 5122 llle
2983 5065 3072 5122 Dei
3105 5069 3367 5123 charitate
3397 5071 3491 5123 de-

1904 5162 2138 5227 vinctus,
2190 5176 2256 5213 ac
2308 5158 2504 5212 deinde
2552 5158 2814 5211 mundum
2868 5174 3091 5220 exosus,
3146 5160 3493 5228 gratuitnquc

1905 5268 2133 5308 munere
2183 5250 2470 5305 facultates
2538 5263 2750 5314 omnes,
2802 5265 2925 5303 cum
2996 5249 3261 5319 praedives
3325 5261 3490 5312 esset,

1906 5344 2128 5399 Christo
2180 5342 2443 5411 clargitus
2476 5356 2491 5392 :
2524 5355 2651 5395 mox
2709 5339 2995 5409 seiunctus
3057 5350 3141 5394 est
3196 5341 3265 5394 ab
3298 5340 3493 5395 illustri

1908 5435 2159 5505 conjuge,
2193 5451 2224 5488 a
2252 5432 2499 5501 cngnatis
2524 5440 2577 5486 et
2602 5431 2794 5486 amicis
2823 5439 2877 5485 et
2902 5429 3263 5486 familiaribus
3295 5448 3309 5485 :
3341 5432 3495 5488 abdi-

1911 5538 2032 5582 cato
2086 5525 2331 5580 terrestri
2390 5524 2737 5593 magistratu,
2796 5523 2983 5576 relicta
3026 5522 3213 5584 domo,
3254 5524 3495 5587 civitate.

1914 5615 2088 5685 patria
2125 5631 2139 5678 ;
2176 5623 2229 5668 et
2259 5614 2373 5667 hac
2406 5613 2457 5665 in
2515 5612 2734 5667 ﬂorenti
2763 5622 2919 5666 aetate
2953 5631 2967 5666 :
3000 5614 3112 5668 oris
3148 5613 3322 5668 forma
3371 5630 3499 5683 per-

1914 5708 2181 5775 clcgante,
2226 5704 2484 5759 eminenti
2515 5714 2747 5769 statura,
2788 5704 2991 5773 Optima
3014 5706 3261 5773 corporis
3290 5705 3501 5760 valetu-

1914 5800 2073 5865 dine,
2124 5808 2358 5868 ulroque
2408 5796 2629 5852 laudum
2693 5812 2891 5865 genere
2944 5798 3235 5867 praeditus,
3266 5807 3320 5855 et
3382 5812 3503 5869 qua:

910 5940 954 5973 "
977 5938 1162 5997 Matth.
1199 5956 1289 6005 xx,
1317 5937 1408 5993 εδ.
1486 5939 1526 5968 ⁸¹
1576 5936 1733 5992 Rulli.
1759 5950 1841 5999 ut,
1878 5934 1962 5988 l7.
2038 5936 2082 5966 “
2116 5932 2305 5989 Matth.
2347 5949 2400 5998 κ,
2434 5932 2520 5989 19.
2597 5931 2824 5988 "Joau.
2862 5947 2934 6002 Vt,
2969 5932 3059 5987 35.
