4164 6466
713 404 846 470 1199
1908 413 1966 471 S.
2000 405 2395 471 THEODORI
2433 404 2781 466 STUDIT/E
3855 398 3992 461 1200

710 524 894 576 animo
954 519 1327 584 continentur,
1356 533 1409 577 et
1441 540 1561 593 qua!
1598 525 1887 581 incurrunt
1918 528 1973 582 in
1996 528 2185 583 oculos
2212 546 2225 581 :
2248 535 2302 581 et

2423 541 2508 577 των
2539 522 2684 575 ἔλθοι
2740 521 2841 591 τῆς
2883 517 2978 574 τοῦ
3040 520 3232 592 ἀνδρὸς
3287 521 3508 591 ἀρετῆς.
3545 512 3717 582 Οὗτος
3785 517 3985 589 ᾤχετο,

710 610 755 667 si
788 612 915 681 quis
970 613 1125 682 plura
1162 612 1382 676 dixerit,
1436 631 1543 669 non
1578 616 1625 670 is
1674 626 1853 671 tamen
1886 619 1993 675 viri
2044 622 2300 675 virtutem

2423 613 2602 684 ινῆλθε
2634 613 2772 684 πρὸς
2799 613 3023 685 Κύριον.
3045 614 3153 667 Ποῦ
3173 613 3269 665 καὶ
3293 612 3443 676 πῶςς
3465 611 3653 684 ἀρθεὶς
3675 610 3857 682 φόρτᾳ
3872 615 3994 679 (sic)

710 704 961 760 oratione
982 714 1373 775 consequatur.
1406 704 1550 761 Vixit
1580 708 1691 771 ille,
1717 711 1783 763 ad
1806 710 2103 766 Dominum
2131 710 2297 766 abiit:

2432 724 2466 760 κ
2491 705 2589 775 τῆς
2623 706 2863 777 ποίμνης
2909 705 2996 759 διὰ
3034 707 3132 777 τὴν
3157 704 3438 760 δύσοιστον
3486 710 3643 759 νόσον
3675 722 3692 737 ·
3748 705 3995 774 φυλακι-

713 796 805 850 ubi
832 804 1037 859 autem,
1063 804 1119 850 et
1153 812 1263 865 quo
1297 798 1502 867 pacto?
1531 797 1763 870 Ercptus
1813 803 2124 871 importune
2152 801 2302 874 gregi

2423 797 2554 861 ςθεὶς
2598 799 2658 851 ὲν
2708 798 2865 852 ἄστει
2899 792 3093 864 ’ἄλλοις
3141 799 3237 854 δύο
3280 799 3426 853 ἐτεσι
3451 798 3547 852 καὶ
3571 798 3744 866 πρόςο
3785 797 3989 850 ἔπειτα

712 888 785 941 ob
820 887 1071 941 morbum
1103 887 1375 943 dillicilem
1413 907 1427 953 ;
1460 891 1705 947 inclusus
1731 908 1951 949 carcere
2004 894 2059 949 in
2085 895 2303 950 civitate

2432 890 2705 960 ξορισθεὶς
2749 891 2808 943 ὲν
2854 892 3005 961 νήσῳ
3049 891 3160 944 τινι
3193 908 3207 922 ·
3259 894 3487 945 κάκεῖσε
3531 890 3842 954 τελειώσας
3904 895 3996 943 τὸν

714 980 873 1035 annis
905 979 1119 1035 duobus
1144 981 1264 1035 aliis
1290 990 1345 1037 et
1367 996 1433 1037 eo
1478 983 1713 1055 amplius
1752 1003 1765 1039 :
1808 987 2004 1043 deinde
2034 988 2089 1042 in
2111 1002 2305 1056 quam-

2423 979 2796 1053 μμοὶογητικδν
2831 980 3036 1053 δρόμον
3072 982 3217 1054 ὑπὲρ
3249 982 3512 1054 Χριστοῦ.

714 1072 838 1126 dam
865 1070 1148 1141 ablegatus
1170 1072 1430 1137 insulam,
1466 1076 1578 1145 ubi,
1614 1077 1707 1146 qui
1730 1077 2102 1135 confessorem
2125 1079 2302 1144 decet,

715 1176 814 1233 pro
843 1161 1062 1217 Christo
1082 1177 1304 1216 cursum
1327 1166 1749 1219 consummavit.

787 1252 908 1307 Non
940 1252 1105 1323 igitur
1151 1252 1287 1307 mibi
1320 1269 1613 1311 maerorem
1672 1257 1761 1311 hic
1803 1272 1965 1314 casus
2004 1257 2183 1324 allert,
2210 1258 2304 1314 sed

2476 1252 2592 1307 Οὐκ
2614 1252 2878 1324 ὀδυνηρόν
2916 1271 3003 1323 μοι
3031 1270 3126 1307 ουν
3164 1253 3226 1306 τδ
3252 1253 3428 1312 πάθος
3451 1268 3466 1284 ’
3513 1252 3650 1307 ἀλλὰ
3704 1252 3806 1306 καὶ
3872 1251 3999 1306 λίαν

717 1344 961 1400 latitiam
989 1343 1341 1415 singularem.
1398 1345 1515 1401 Non
1549 1347 1640 1403 ille
1679 1359 1763 1404 est
1813 1358 2086 1412 mortuus,
2115 1351 2207 1405 sed
2251 1350 2307 1405 in

2423 1346 2705 1419 ιτεριχαρές
2740 1360 2756 1376 ο
2791 1345 2853 1396 οὐ
2886 1344 3152 1415 τέθνηκεν
3188 1360 3205 1376 ⁸
3246 1344 3384 1399 ἀλλὰ
3449 1346 3685 1417 μετέστη
3732 1347 3820 1409 εἰς
3864 1346 3999 1399 αῑὼ·

720 1436 1106 1508 sempiternam
1156 1438 1322 1491 vitam
1359 1440 1613 1509 migravit
1646 1460 1659 1496 :
1697 1458 1806 1497 non
1866 1442 2012 1498 hunc
2047 1452 2191 1498 terra
2233 1451 2309 1497 te-

2423 1456 2521 1493 νιον
2546 1438 2693 1509 ζωήν
2716 1451 2730 1465 ·
2754 1436 2816 1489 οὐ
2853 1437 2925 1507 γῆ
2969 1436 3133 1490 αὑτὸν
3156 1436 3429 1507 ἐκάλυψεν
3454 1452 3470 1467 ·
3496 1437 3613 1491 ἀλλ’
3632 1437 3872 1509 οὐρανὸς
3899 1438 4003 1491 ὕπ-

720 1529 817 1600 git.
850 1530 945 1584 sed
989 1530 1188 1584 omium
1226 1530 1591 1600 amplectitur.
1630 1532 1857 1604 Excepit
1902 1534 2049 1590 hunc
2086 1533 2307 1589 confes-

2423 1530 2646 1595 ιδέξατο.
2712 1528 3015 1583 Ὑπέλαϐεν
3066 1530 3228 1584 αὑτὸν
3280 1532 3313 1603 ἡ
3368 1531 3719 1602 ὀμολογητῶν
3775 1532 3998 1603 χορεία,

721 1638 910 1678 sorum
973 1624 1200 1684 chorus.
1252 1636 1432 1683 cattus
1483 1638 1788 1683 ascetarnm
1820 1648 1833 1683 :
1866 1630 1960 1685 ubi
2008 1631 2104 1687 lux
2153 1644 2307 1694 vera,

2423 1622 2732 1694 hacac-(115»)
2787 1624 3093 1695 ὁμοσκηνία
3122 1638 3136 1651 ·
3178 1620 3315 1677 ὅπου
3354 1623 3418 1677 τὸ
3455 1624 3571 1693 φῶς
3613 1624 3673 1678 τὺ
3708 1624 3997 1695 ἀληθινὸν,

720 1713 816 1769 ubi
854 1714 1012 1769 beata
1051 1716 1292 1784 requies,
1323 1726 1547 1787 prapter
1598 1734 1763 1789 quam
1790 1719 2195 1789 adipiscendam
2227 1721 2309 1774 la-

2423 1713 2538 1766 Ξνθα
2576 1716 2632 1768 αἱ
2666 1713 2937 1786 μακάριαι
2966 1714 3327 1779 ἀναπαύσεις,
3351 1714 3469 1768 ἀνθ’
3494 1709 3568 1769 ὧν
3591 1715 3771 1769 εἵλετο
3805 1716 4000 1769 κόπων

720 1808 881 1863 bores
907 1821 971 1860 ac
994 1807 1276 1862 molestias
1303 1810 1448 1864 ultro
1482 1809 1536 1865 in
1563 1826 1729 1867 carne
1769 1812 1962 1878 subiit,
1994 1821 2305 1867 ascetarnm

2423 1805 2505 1857 ιαί
2533 1804 2711 1857 πόνων
2727 1804 2786 1857 ἐν
2810 1805 2975 1875 σαρκὶ
3004 1805 3318 1874 ὰσκητικῶς
3346 1823 3405 1859 τε
3433 1806 3530 1859 καὶ
3554 1807 3997 1876 ὀμολογητικῶς.

722 1894 1210 1969 conlessorumque
1245 1900 1373 1955 ritu.
1416 1899 1571 1957 Nunc
1606 1904 1740 1957 mihi
1789 1874 2051 1961 solemnis
2084 1906 2186 1960 iste
2226 1903 2307 1959 fe-

2423 1897 2525 1950 Νῦν
2566 1913 2658 1967 μοι
2689 1874 3019 1969 πανήγιιρις,
3039 1896 3221 1968 ἑορτὴ,
3242 1897 3481 1967 θυμηδία
3513 1914 3527 1929 '
3569 1874 3704 1952 ἀλλὰ
3724 1874 3855 1970 [μῆν
3906 1900 4003 1952 καὶ

720 1998 951 2060 stusque
983 1991 1123 2059 dies,
1151 2007 1300 2048 nunc
1346 1994 1517 2048 animi
1547 1994 1739 2064 ingens
1766 1997 2057 2053 oblectatio
2080 2007 2183 2061 est,
2211 1998 2308 2052 sed

2423 1990 2578 2042 πᾶσιν
2602 1987 2926 2059 ὀρθοδόξοις,
2964 1990 3278 2061 προστάτην
3302 1990 3385 2053 εἰς
3407 1990 3540 2044 Θεὸν
3582 1991 4002 2062 παραπέμψασι

722 2088 779 2135 et
806 2081 1129 2137 orthodoxis
1158 2085 1438 2147 omnibus,
1480 2087 1628 2157 quod
1685 2086 1990 2157 adiutorem
2024 2088 2090 2142 ad
2140 2086 2307 2141 Deum

722 2172 1098 2240 transmisere,
1127 2176 1221 2245 qui
1254 2177 1443 2231 eodem
1462 2178 1627 2233 modo
1681 2189 1844 2249 atque
1872 2190 2139 2252 martyres
2175 2180 2301 2235 hac-

722 2274 884 2319 tenus
945 2280 1142 2322 cursus
1177 2268 1432 2323 absolvit.
1492 2270 1732 2326 Laetetur
1760 2272 2022 2329 Ecclesia.
2054 2272 2197 2344 quod
2226 2288 2313 2327 cn-

724 2357 942 2412 lumnas
992 2358 1173 2413 adhuc
1233 2360 1621 2416 babet:sacer
1674 2364 1809 2418 ordo
1862 2366 2121 2430 exsultet,
2170 2366 2310 2434 quod

718 2449 892 2504 stellze
924 2450 976 2504 in
1012 2451 1217 2505 mundo
1269 2468 1493 2507 rursum
1528 2454 1799 2519 oriuntur,
1826 2472 1949 2524 qua:
1998 2456 2065 2509 iis
2117 2457 2210 2526 qui
2258 2456 2311 2509 in

723 2538 967 2593 tenebris
1021 2541 1292 2595 haereseos
1317 2544 1799 2598 versanturlucem
1827 2545 2139 2599 ostendant.
2181 2546 2263 2598 0b
2296 2547 2309 2597 !

721 2629 904 2696 Pater,
949 2628 1152 2685 Pater!
1184 2647 1349 2702 quam
1386 2634 1637 2703 egregius
1690 2649 1887 2689 cursus
1912 2636 2001 2691 ille
2031 2646 2160 2692 tuus
2186 2638 2311 2692 est!

720 2735 887 2790 quam
916 2730 1166 2776 sanctum
1193 2733 1608 2780 monumentum
1638 2732 1791 2779 tuum
1819 2727 1835 2781 ἵ
1861 2742 2023 2797 quam
2056 2729 2210 2784 beata
2239 2744 2318 2784 re.

724 2814 972 2868 cordatio
1007 2816 1084 2867 tui
1120 2816 1133 2869 !
1172 2814 1345 2873 Totus
1384 2828 1440 2873 tu
1470 2820 1815 2890 splendidus.
1860 2820 2087 2890 pulcher
2150 2832 2313 2879 totus.

722 2902 858 2970 Quis
888 2912 942 2959 te
972 2904 1206 2962 intuitus
1231 2922 1338 2963 non
1364 2910 1553 2967 dilexit
1581 2910 1605 2964 ?
1634 2911 1771 2979 Quis
1819 2912 1919 2966 tibi
1960 2911 2155 2965 obvius
2196 2927 2307 2967 non

720 2993 985 3049 delinitus
1015 3005 1098 3050 est
1128 2994 1152 3049 ?
1186 2996 1541 3054 Consuetudo
1570 3009 1663 3055 tua
1692 3000 1976 3070 optabilis,
2026 3001 2205 3055 virtus
2230 3016 2321 3055 ex-

724 3085 935 3155 plorata
975 3104 990 3153 ;
1028 3088 1160 3157 quid
1210 3091 1485 3159 reliquum
1534 3093 1662 3147 est‘.l
1704 3092 1978 3149 Memento
2025 3103 2138 3148 tum
2199 3109 2321 3164 gre-

2412 2081 2713 2151 σύνδρομον
2763 2080 2871 2133 τῶν
2944 2082 3373 2152 προδραμόντων
3430 2084 3730 2156 μαρτύρων
3802 2084 4000 2142 τανῦν.

2422 2170 2802 2239 Ἀγαλλιὰσθω
2832 2174 2864 2241 ἡ
2906 2172 3225 2239 Ἐκκλησία,
3261 2175 3343 2225 ὅτι
3382 2174 3605 2237 στύλους
3634 2175 3716 2227 ἔτι
3771 2178 4001 2229 κτᾶται·

2411 2262 2794 2335 εὐφραινέσθω
2830 2263 2860 2315 ὁ
2920 2265 3060 2336 ἱερὸς
3091 2266 3276 2328 θίασος
3302 2307 3317 2328 ,
3362 2267 3447 2319 ὅτι
3494 2268 3785 2339 φωστῆρες
3812 2269 3877 2323 ἐν
3908 2270 4001 2323 κό-

2415 2372 2539 2427 σμῳ
2570 2356 2738 2408 πάλιν
2765 2355 3048 2424 ἀνίσχουσι
3079 2357 3533 2429 φρυκτωροῦντες
3564 2360 3690 2424 τοὺς
3728 2362 3790 2413 ἐν
3816 2362 4004 2415 σκότει

2413 2447 2514 2517 τῆς
2539 2449 2825 2520 αἱρέσεως.
2846 2449 2909 2500 ’Ὠ
2933 2449 2945 2501 l
2973 2443 3017 2501 ὦ
3044 2448 3247 2519 Πάτερ,
3281 2450 3463 2523 Πάτερ
3484 2492 3501 2517 ,
3534 2451 3610 2515 ὡς
3644 2453 3817 2518 καλός
3859 2471 3954 2509 σου
3977 2456 4005 2510 6

2413 2536 2650 2609 δρόμοςῑ
2687 2538 2764 2602 ὠς
2789 2539 2937 2591 ὅσιον
2954 2538 3014 2590 τὸ
3046 2538 3392 2608 μνημόσυνόν
3438 2542 3568 2594 soul
3610 2541 3685 2605 ὡς
3725 2545 4004 2615 μακάριον

2416 2632 2479 2686 τὸ
2508 2631 2809 2700 ὑπόμνημά
2853 2632 2981 2683 soul
3038 2629 3164 2693 ὅλος
3216 2633 3280 2684 σὺ
3312 2631 3557 2703 φαιδρὸς,
3612 2634 3733 2698 ὅλος
3762 2640 4000 2707 χαρίεις.

2417 2722 2515 2785 Τίς
2550 2738 2609 2774 σε
2647 2721 2775 2774 ἰδὼν
2797 2721 2898 2773 οὐκ
2927 2723 3221 2791 ἡγάπηκε;
3265 2721 3348 2785 τίς
3388 2722 3443 2776 δὲ
3472 2724 3749 2794 συντυχὼν
3797 2726 3863 2780 οὗ
3912 2746 4003 2796 γε·

2418 2812 2759 2882 γλύκανται;
2795 2812 2860 2864 Ἡ
2891 2814 3150 2867 συνουσία
3178 2830 3272 2866 σου
3303 2814 3471 2885 ἐφετή
3496 2831 3510 2846 ι
3542 2819 3575 2887 ὴ
3605 2819 3777 2891 ἀρετὴ
3802 2836 4005 2891 mm-

2422 2906 2605 2974 στική.
2636 2904 2784 2957 ΤΓτὸ
2816 2902 3034 2971 λοιπόν;
3068 2906 3336 2978 Μέμνησο
3370 2908 3445 2973 ὠς
3482 2912 3581 2978 τῆς
3607 2912 3849 2984 ποίμνης
3886 2932 4002 2981 σου,

2421 2996 2603 3065 κάμοῦ
2640 2994 2735 3051 τοῦ
2769 2996 2864 3050 σοῦ
2906 2997 3044 3061 υἱοῦ,
3082 3001 3185 3051 κᾶν
3210 3000 3499 3071 ἐλαχίστου
3524 3005 3615 3055 καὶ
3639 3006 4001 3078 ἐρριμμένου.

2422 3088 2585 3154 Οἶδας
2605 3090 2695 3142 τὸν
2720 3089 2885 3143 πόθον
2913 3108 3007 3145 σου
3035 3090 3128 3145 τὸν
3153 3094 3211 3145 ὲν
3241 3095 3401 3165 ἐμοί’
3430 3094 3506 3156 ὡς
3535 3094 3689 3163 κάγὼ
3722 3098 3814 3151 τὸν
3839 3100 3898 3152 ὲν
3925 3103 4005 3153 σοὶ

723 3179 809 3248 gis
868 3180 970 3244 tui,
1000 3192 1111 3236 tum
1162 3184 1267 3239 mei
1322 3186 1518 3255 ipsius,
1566 3186 1661 3240 filii
1705 3187 1803 3252 tui,
1853 3202 2163 3257 quanquam
2216 3188 2316 3241 mi-

2424 3181 2577 3251 ἐμοῦ.
2611 3181 2887 3251 Βοήθησον
2916 3183 2978 3256 [ll
3006 3185 3235 3257 Βόησον]
3272 3186 3413 3256 ὑπὲρ
3446 3188 3625 3257 πάσης
3650 3188 3749 3258 τῆς
3775 3189 4005 3263 Ἐκκλη-

727 3268 862 3326 nimi
889 3274 1107 3340 quidem
1142 3291 1205 3331 ac
1229 3276 1373 3333 vilis.
1402 3276 1523 3343 Quo
1555 3291 1658 3346 ego
1694 3285 1746 3331 te
1770 3291 2073 3346 prosequar
2104 3292 2313 3339 amore,

729 3373 913 3426 nosti:
944 3380 998 3427 et
1026 3387 1137 3440 quo
1163 3379 1219 3425 tu
1246 3386 1351 3434 me,
1388 3369 1535 3423 novi.
1592 3368 1696 3424 Fer
1731 3369 1831 3424 loti
1898 3367 2157 3424 Ecclesiae
2190 3384 2319 3438 sup-

728 3462 905 3531 petias
950 3461 1093 3530 apud
1123 3460 1438 3514 Dominum.
1478 3459 1584 3513 Pro
1626 3476 1712 3515 me
1744 3461 1948 3515 misero
1995 3462 2317 3529 deprecare,

730 3562 789 3606 ut
820 3552 1003 3607 statim
1036 3568 1101 3608 ac
1149 3562 1202 3607 te
1227 3553 1463 3614 veniam,
1511 3568 1619 3623 quo
1660 3568 1812 3608 more
1846 3554 1987 3607 diem
2047 3550 2319 3608 clausisti.

732 3644 856 3700 llaec
885 3645 1105 3714 quidem
1150 3660 1267 3699 mea
1291 3656 1373 3700 est
1399 3646 1544 3715 apud
1568 3660 1916 3700 communem
1960 3644 2173 3698 Patrem
2198 3660 2324 3698 ora-

2418 3274 2546 3337 σίας
2574 3274 2711 3340 πρὸς
2738 3276 2964 3346 Κύριονσ
2994 3277 3213 3349 δεήθητι
3236 3281 3329 3333 καὶ
3354 3280 3484 3349 περὶ
3511 3278 3646 3351 ἐμοῦ
3670 3282 3766 3333 τοῦ
3781 3285 4001 3357 οἰκτροῦ

2417 3367 2572 3436 τάχει
2599 3364 2775 3418 ἐλθεῖν
2805 3367 2943 3437 πρὸς
2976 3368 3056 3431 σὲ,
3090 3370 3147 3421 ὲν
3167 3363 3211 3437 ᾧ
3230 3370 3416 3443 τρόπῳ
3444 3372 3813 3427 τετελείωσαι.
3833 3370 4002 3429 Δῦται

2423 3458 2523 3528 μέν
2556 3476 2646 3528 μοι
2678 3459 2735 3512 αἱ
2768 3460 2941 3529 φωναὶ
2974 3462 3110 3532 πρὸς
3139 3462 3230 3514 τὸν
3261 3466 3438 3518 κοινὸν
3460 3465 3700 3538 Πατέρα.
3742 3466 3918 3538 ’Υμᾶς
3948 3471 4002 3524 δὲ

2422 3550 2750 3621 παρακαλῶ,
2796 3551 2872 3623 μὴ
2898 3553 3192 3624 προδοῦναι
3224 3556 3324 3626 τὴν
3365 3558 3549 3612 πίστιν
3571 3577 3585 3592 ο
3620 3560 3788 3624 ὁσίως
3834 3561 3999 3632 βιοῦν,

2423 3642 2498 3704 ὡς
2519 3644 2726 3697 ἐκείνου
2749 3640 2928 3706 οὖσαι,
2956 3645 3164 3718 θατὲρα
3190 3647 3429 3722 θατέρας
3450 3668 3464 3684 ο
3498 3652 3657 3725 ἠμὲν
3689 3653 3961 3725 ὀμόζυγος
3984 3675 4000 3691 ο

733 3739 832 3793 tio.
886 3737 998 3795 Vos
1050 3754 1183 3793 vero
1242 3738 1525 3803 adhortor,
1582 3754 1652 3793 ne
1718 3738 1880 3793 iidem
1942 3737 2231 3808 prodatis:
2266 3746 2316 3788 ut

2423 3735 2453 3804 ή
2489 3734 2547 3787 δὲ
2570 3735 2671 3805 τῆς
2708 3738 2985 3806 ὁμοζύγου
3015 3740 3273 3811 ὁμαίμων
3302 3758 3317 3774 ⁸
3350 3745 3429 3807 ὡς
3468 3745 3535 3799 ἂν
3570 3748 3670 3801 σὺν
3701 3746 4001 3821 ὲκεὶνῳδόο

731 3843 923 3886 sanete
980 3834 1201 3895 vivatis,
1232 3846 1360 3887 cum
1398 3832 1521 3887 sitis
1561 3831 1737 3886 amba:
1767 3831 1937 3894 illius,
1992 3839 2046 3885 et
2096 3828 2316 3882 alterius

2423 3826 2519 3897 ξης
2550 3827 2649 3897 τῆς
2682 3830 2855 3883 ὰῖδίου
2878 3832 3265 3889 ἁπολαὺσοιτε.

732 3922 922 3986 altera,
959 3924 1074 3979 haec
1124 3923 1345 3993 quidem
1390 3924 1590 3993 conjux
1622 3964 1637 3989 ,
1691 3923 1781 3978 illa
1836 3933 2018 3977 autem
2075 3920 2326 3990 conjugis
2365 3921 2819 3991 consanguinea;
2869 3932 2929 3977 ut
2985 3940 3108 3979 cuin
3141 3926 3233 3979 illo
3261 3927 3433 3997 gloria
3470 3930 3829 3999 perfruamini
3867 3949 4003 3989 sem-

733 4016 965 4084 piterna.

1107 4111 1275 4168 XXX.
1313 4142 1385 4156 -ο
1418 4110 1650 4167 Simeoni
1678 4112 1954 4165 monacho.

2718 4106 2787 4161 A.
2810 4134 2878 4146 -
2901 4105 3150 4174 Συμεὼν
3179 4108 3518 4178 μονάζοντι.
3541 4111 3725 4183 [σξιίἾΙ

1030 4230 1316 4281 Gratulatur
1338 4232 1469 4293 quod
1502 4244 1593 4293 pro
1614 4230 1808 4282 Christo
1834 4235 2041 4279 strenue
2062 4226 2349 4275 dimicasset
2371 4224 2611 4272 adversus
2637 4219 3004 4271 lconomacbos.
3038 4221 3239 4279 (Baron.
3262 4236 3340 4272 an.
3383 4222 3497 4281 8l8,
3521 4237 3575 4273 ιι.
3609 4226 3713 4289 22.)

804 4341 1035 4398 Reddita
1073 4340 1207 4395 mihi
1240 4340 1473 4410 epistola
1522 4341 1833 4396 sanctitatis
1879 4348 2007 4394 tute.
2052 4336 2160 4394 Ubi
2199 4350 2319 4415 eam

733 4433 857 4502 legi,
892 4440 947 4487 et
976 4432 1186 4502 singula
1217 4431 1380 4485 didici
1409 4447 1530 4501 qua:
1571 4432 1647 4485 illi
1690 4431 2035 4499 cmterisque,
2073 4428 2166 4499 qui
2194 4442 2319 4482 cum

732 4541 793 4577 ea
828 4533 973 4585 sunt,
1010 4523 1217 4577 sanctis
1248 4522 1501 4578 Patribus
1529 4522 1736 4577 nostris
1766 4540 1780 4575 :
1830 4521 2069 4587 Quorum
2105 4520 2319 4573 nomina

732 4617 940 4668 suntin
990 4616 1124 4668 libro
1159 4616 1365 4682 niue",
1424 4616 1764 4679 acciderant,
1807 4628 2022 4669 sacram
2071 4612 2318 4667 omnium

732 4704 1132 4773 expulsioneni,
1165 4704 1517 4775 longinquam
1542 4706 2001 4776 deportationem,
2028 4703 2318 4756 molestam

734 4793 880 4849 illam
916 4806 970 4849 et
995 4810 1239 4865 gravem,
1286 4796 1357 4849 ob
1403 4796 1613 4849 variam
1652 4797 1758 4849 huc
1799 4803 1963 4863 atque
1997 4793 2125 4847 illuc
2157 4792 2324 4848 abdu-

733 4886 993 4951 ctionem,
1024 4896 1080 4941 et
1121 4888 1315 4941 duram
1353 4887 1647 4957 impiorum
1689 4888 2027 4953 custodiam;
2084 4884 2323 4956 ingemni

735 4979 900 5034 simul
930 4979 1177 5043 humilis.
1220 4980 1275 5035 in
1304 4982 1613 5051 cuiusmodi
1648 4983 1978 5036 tentationes
2012 4980 2103 5036 Dei
2138 4980 2323 5035 Eccle-

737 5068 851 5125 sias
875 5078 1093 5141 tempus
1117 5071 1434 5142 perduxerit
1471 5075 1656 5128 animo
1708 5074 2106 5129 considerans:
2155 5069 2323 5126 simul

733 5158 898 5211 etiam
937 5159 1096 5215 beata
1132 5160 1259 5215 duxi
1293 5163 1728 5231 persecutionem
1769 5177 1866 5231 pro
1889 5160 2111 5216 Christo
2138 5160 2322 5215 feren-

733 5254 870 5308 tium
904 5252 1248 5318 certamina;
1297 5264 1457 5323 teque
1493 5254 1697 5323 pariter
1734 5254 1825 5323 qui
1873 5263 2151 5324 gestorum
2199 5269 2323 5308 om-

734 5344 887 5398 nium
942 5342 1100 5399 nobis
1133 5343 1361 5399 nuntius
1394 5343 1569 5409 luisti,
1618 5359 1716 5399 nec
1770 5344 2001 5399 renuiin
2049 5360 2179 5416 erga
2212 5359 2321 5411 me,

735 5433 895 5488 nihili
922 5433 1225 5499 hominem,
1251 5444 1306 5491 et
1327 5452 1553 5491 manum
1584 5451 1805 5491 movere
1836 5437 1906 5492 ad
1945 5438 2319 5506 scribendum,

732 5533 789 5581 et
823 5532 1000 5580 totam
1044 5525 1350 5583 aliiictionis
1381 5528 1579 5583 seriem
1627 5528 1944 5600 singulatim
1972 5544 2317 5601 percensere.

732 5615 857 5681 Quo
890 5618 1114 5673 nomine
1137 5618 1425 5675 benedicat
1455 5618 1555 5674 tibi
1588 5618 1875 5687 Dominus,
1905 5636 1970 5677 ac
1997 5622 2171 5690 magis
2198 5637 2317 5677 ma-

732 5710 928 5780 gisque
957 5709 1244 5767 conﬁrmet
1272 5721 1326 5769 et
1368 5712 1687 5771 corroboret
1726 5712 1778 5771 in
1810 5714 2006 5773 acerba
2033 5714 2138 5773 ista
2167 5716 2324 5772 testi-

803 5844 850 5879 “
874 5844 1105 5917 Philipp.
1145 5862 1215 5914 tv,
1250 5849 1294 5903 ἃ

2501 4327 2807 4399 Δεξάμενος
2862 4329 2955 4383 ἐπὶ
2988 4332 3181 4401 χεῖρας
3237 4333 3340 4403 τὴν
3392 4336 3493 4406 τῆς
3546 4334 3861 4405 ἁγιωσύνης
3919 4354 3998 4391 σου

2428 4422 2741 4493 ἐπιστολὴν,
2779 4423 2873 4476 καὶ
2903 4424 3174 4492 ἀναγνοὺς
3223 4428 3316 4479 καὶ
3350 4426 3625 4499 διδαχθεὶς
3656 4429 3868 4484 ἕκαστα
3906 4432 4000 4485 τῶν

2431 4515 2865 4595 συμϐεϐηκότων
2895 4516 3033 4588 αὐτῇ
3079 4536 3138 4572 τε
3184 4521 3278 4573 καὶ
3323 4524 3439 4584 τοῖς
3490 4522 3589 4575 σὺν
3640 4524 3781 4595 αὐτῇ
3836 4525 3997 4592 ἀγξοις

2430 4592 2713 4679 Πατρᾶσιν
2745 4608 2934 4679 ἡμῶν·
2964 4606 3080 4664 *ον
3108 4612 3178 4666 τὰ
3209 4612 3475 4682 ὀνόματα
3495 4614 3566 4668 ἐν
3591 4592 3793 4679 ,βίόλῷ
3825 4614 3995 4685 ζωῆς*

2428 4700 2517 4753 διὰ
2546 4700 2646 4771 τὴν
2678 4702 2936 4755 ἁπάντων
2992 4704 3145 4773 ἱερὰν
3200 4706 3523 4775 φυγαδείαν,
3558 4707 3654 4760 καὶ
3703 4708 3999 4780 ἀλλοδαπὴν

2436 4794 2863 4864 μετανάστασιν,
2900 4797 2999 4849 καὶ
3044 4799 3412 4871 πειραστικὴν
3461 4799 3556 4852 καὶ
3584 4798 3894 4871 θλιπτικὴν,
3920 4802 3999 4855 διὰ

2431 4887 2534 4955 τῆς
2562 4880 2665 4940 ὧδέ
2700 4904 2759 4939 τε
2796 4886 3023 4941 κάκεῖσε
3073 4890 3379 4958 ἀπαγωγῆς
3404 4907 3464 4943 τε
3509 4890 3605 4944 καὶ
3634 4896 3999 4963 φρουρητικῆς

2434 4979 2586 5050 παρὰ
2612 4979 2720 5032 τῶν
2742 4978 2925 5034 ἀθέων
2971 4981 3371 5052 καταπράξεως
3392 4998 3407 5012 ’
3446 4980 3583 5051 ὁμοῦ
3619 4983 3721 5053 μὲν
3746 4983 3999 5049 ὲστὲναξσ

2429 5074 2458 5126 ὁ
2512 5074 2787 5137 ταπεινὸς,
2823 5075 2903 5137 εἰς
2956 5067 3044 5126 οἷα
3078 5074 3286 5143 ἢγαγεν
3324 5075 3353 5127 ό
3402 5073 3597 5145 χρόνος
3640 5079 3997 5147 πειραστήρια

2429 5164 2529 5227 τὰς
2586 5165 2916 5235 Ἐκκλησξας
2964 5163 3060 5217 τοῦ
3114 5165 3249 5218 Θεοῦ
3298 5166 3713 5220 κατασκοπῶν·
3763 5166 3901 5239 ὁμοῦ
3947 5168 3997 5221 δὲ

2431 5260 2750 5329 ὲμακάρισα
2787 5259 2853 5313 τὰ
2901 5256 3042 5313 ἆθλα
3086 5259 3195 5313 τῶν
3228 5260 3606 5332 δεδιωγμένων
3655 5263 3845 5317 ἒνεκεν
3877 5265 3998 5335 Χρι-

2432 5349 2561 5403 στοῦ
2590 5365 2601 5377 ·
2633 5351 2826 5404 ἔπειτα
2873 5352 2967 5405 καὶ
3018 5352 3077 5405 σὲ
3130 5353 3224 5405 τὸν
3278 5352 3512 5422 ἄγγελον
3557 5356 3693 5426 ἡμῖν
3746 5357 3994 5424 γεγονότα

2430 5442 2690 5497 ἁπάντων
2744 5442 2855 5496 τῶν
2898 5444 3546 5516 δραματουργηθὲντωψ
3601 5446 3703 5500 οὐκ
3759 5445 3993 5516 ἀποκνή-

2430 5551 2600 5587 σαντα
2646 5538 2785 5606 πρός
2829 5552 2898 5606 με
2939 5537 3031 5590 τὸν
3064 5536 3278 5601 οὐδενὸς
3307 5535 3479 5601 ἄξιον.
3511 5538 3605 5592 καὶ
3637 5540 3800 5609 χεῖρα
3827 5538 3917 5590 ἐπὶ
3941 5535 3994 5588 τὸ

2428 5627 2637 5697 γράψαι
2669 5627 2874 5691 δοῦναι,
2920 5629 3017 5683 καὶ
3065 5628 3422 5701 ιχνομυθῆσαι
3468 5630 3597 5700 ὃλην
3643 5630 3743 5701 τὴν
3776 5627 3877 5698 τῆς
3905 5644 3992 5679 κσ-

2431 5719 2654 5785 κώσεως
2688 5719 2979 5794 ὐπόθεσινς
3026 5719 3143 5776 ἀνθ’
3197 5716 3274 5777 ὧν
3333 5721 3628 5793 εὐλογήσαι
3688 5737 3747 5774 σε
3777 5717 3987 5788 Κύριος,
