4164 6504
209 431 346 499 ιεοι

1411 432 1960 496 EPISTOLARUM
2002 436 2154 497 LIB.
2209 437 2292 498 ll.

3349 432 3491 499 1202

208 540 465 613 στηρίξαι
504 556 567 594 τε
596 539 695 594 ἐπὶ
739 539 926 605 πλέον,
960 539 1057 593 καὶ
1086 536 1389 610 βεϐαιῶσαι
1436 540 1495 593 ὲν
1526 542 1593 611 τῇ
1626 540 1793 610 ἀμει-

1904 540 2065 595 monii
2098 538 2302 596 Christi
2326 535 3020 611 dimicatione.,‘Enimvero
3045 540 3276 611 cognovi
3298 554 3491 610 quem-

206 635 380 705 λίκτῳ
411 631 671 687 ὲνστάσει
720 632 820 703 τῆς
856 632 1168 704 μαρτυρίας
1212 629 1474 703 Χριστοῦ.
1529 631 1641 685 Καὶ
1682 631 1792 701 γὰρ

207 727 415 799 ιμαθον
470 726 664 797 ὅτιπερ
718 724 1017 796 συμϐαλὼν
1071 723 1212 795 μετά
1253 722 1354 795 τὴν
1408 723 1662 776 ἔνστασιν
1712 722 1793 793 τῷ

206 818 495 888 ἀσιϐἀρχῃ
559 816 784 887 Ἰωάννῃ
837 815 938 887 οὐχ
986 813 1320 882 ὑπεστὰλης,
1370 812 1491 867 οὐδὲ
1539 812 1794 884 δεύτερος

205 905 376 981 ἦλθες
431 908 537 979 τῆς
578 908 663 972 είς
707 907 905 977 λόγους
939 905 1302 979 συμπλοκῆς*
1361 903 1501 959 ἀλλά
1550 905 1795 977 στεῤῥῶς

206 992 642 1066 ἆντικαταστάς,
688 999 964 1072 περιειλες
996 998 1186 1063 αὑτὸν,
1220 997 1316 1050 καὶ
1346 997 1796 1067 ἀπεστομάτισας

207 1094 477 1157 νεανικῶς
506 1092 654 1164 λόγῳ
679 1092 943 1163 ἀληθείας
968 1090 1069 1160 τῆς
1099 1089 1353 1160 δοθείσης
1384 1105 1470 1142 σοι
1505 1089 1617 1144 ὑπὸ
1644 1091 1798 1161 ἐνερ-

206 1206 273 1259 γε
285 1187 371 1251 ίας
403 1185 499 1240 τοῦ
526 1186 683 1255 ἁγίου
712 1186 1056 1256 Πνεύματος.

284 1278 398 1334 Καὶ
420 1279 532 1349 γάρ
568 1278 690 1332 οὐδὲ
725 1276 996 1348 πάρεστιν
1033 1279 1094 1330 ὲν
1128 1277 1241 1341 τοῖς
1285 1275 1669 1347 ὴπατημένοις
1703 1275 1797 1329 δύο

208 1390 378 1442 ναμις
406 1371 567 1440 λόγου
594 1388 611 1403 ·
646 1370 773 1423 ἐπεὶ
799 1370 938 1441 μηδὲ
970 1369 1087 1438 φῶς
1112 1387 1126 1401 ·
1177 1368 1303 1423 οὐδὲ
1349 1367 1612 1439 ἀληθείας
1658 1368 1798 1423 ἀπό-

205 1464 400 1527 δειξις,
450 1462 575 1516 οὐδὲ
620 1478 676 1515 τι
718 1461 900 1526 εὐθὲς,
949 1462 1073 1515 οὐδὲ
1121 1462 1273 1516 ὅσιον
1300 1465 1357 1517 ἐν
1390 1462 1577 1516 σκότει
1604 1461 1797 1515 διαπο-

210 1555 533 1627 ρευομένοις
580 1556 649 1626 τῇ
707 1552 956 1624 ἀσόνετῳ
1005 1553 1207 1625 καρδίᾳ
1264 1553 1360 1608 καὶ
1417 1552 1798 1624 μεμωραμένῃ

211 1647 415 1719 σοφία,
460 1646 694 1717 τάληθὲς
735 1646 795 1700 δὲ
845 1648 1045 1713 εἰπεῖν,
1082 1647 1286 1718 ἀσοφία
1315 1647 1413 1701 καὶ
1460 1646 1676 1718 ἀμαθίᾳ.
1705 1648 1800 1699 καὶ

208 1738 534 1810 τυφλότητι.
562 1739 657 1792 Ἐν
683 1739 739 1791 δὲ
779 1740 938 1807 μόνον
964 1739 1060 1792 καὶ
1090 1740 1310 1810 πρῶτον
1343 1740 1437 1793 καὶ
1459 1738 1798 1803 τελευταῖον,

210 1834 247 1902 ἠ
283 1830 505 1895 ἐξουσία
542 1830 639 1882 τοῦ
677 1829 905 1893 σκότους
926 1846 939 1861 ·
966 1827 1127 1884 τοῦτο
1151 1830 1337 1893 αὐτοῖς
1366 1830 1463 1883 καὶ
1495 1830 1675 1897 λόγος,
1707 1831 1804 1882 καὶ

1895 630 2193 687 admodum
2239 640 2366 700 post
2412 628 2821 685 dimicationem
2879 628 3074 698 ipsam,
3126 642 3251 683 cum
3278 625 3493 684 Joanne

1894 721 2190 793 impiorum
2239 722 2380 777 duce
2430 736 2799 792 congressus,
2858 720 3287 792 haudquaquam
3340 731 3492 777 metu

1897 815 2153 883 cesseris,
2204 830 2308 870 nec
2340 813 2566 869 inferior
2592 814 2863 870 sermonis
2905 812 3163 869 conﬂictu
3188 814 3489 875 exstiteris.

1897 908 1995 967 sed
2030 908 2247 965 fortiter
2293 908 2569 965 obsistens
2613 907 2795 977 ipsum
2842 906 3064 969 viceris,
3116 917 3172 962 et
3214 908 3491 979 elinguem

1894 1001 2126 1072 juvenili
2164 1001 2354 1072 vigore
2400 999 2709 1056 reddideris
2760 1000 2929 1055 verbo
2985 998 3238 1053 veritatis
3291 1001 3491 1054 subni~

1898 1110 2027 1161 xus,
2080 1110 2247 1166 quam
2301 1093 2398 1149 tibi
2437 1092 2677 1165 Spiritus
2716 1092 2893 1147 sancti
2939 1090 3188 1163 operatio
3236 1105 3493 1163 suggere.

1897 1185 2019 1243 bat.

1970 1277 2133 1333 Nulla
2164 1278 2415 1334 videlicet
2439 1278 2496 1332 in
2542 1277 2612 1332 iis
2640 1276 2736 1347 qui
2769 1276 2982 1348 decepti
3017 1283 3148 1332 sunt
3177 1277 3383 1332 residet
3410 1276 3496 1332 vis

1898 1367 2204 1435 sermonis;
2253 1370 2513 1440 quoniam
2549 1384 2654 1424 nec
2684 1370 2894 1426 lumen.
2944 1382 3047 1425 nec
3090 1368 3337 1424 veritatis
3372 1384 3497 1438 spe-

1901 1456 2103 1524 cimen,
2152 1473 2252 1513 nec
2305 1468 2515 1513 rectum
2548 1457 2781 1528 aliquid,
2820 1468 2915 1512 aut
2958 1470 3210 1513 sanctum
3248 1458 3303 1513 in
3340 1467 3493 1514 tene-

1900 1550 2016 1607 bris
2065 1552 2483 1607 ambulantibus
2520 1552 2691 1608 stulto
2728 1553 2895 1608 corde
2929 1563 2983 1608 et
3010 1554 3241 1608 evanida
3268 1554 3491 1623 sapien-

1904 1645 2003 1708 tia,
2035 1659 2160 1707 seu,
2201 1654 2262 1699 ut
2304 1646 2491 1701 verius
2520 1646 2759 1711 dicatur,
2804 1646 3146 1717 insipientia,
3188 1647 3492 1718 imperitia,

1903 1737 2167 1792 caecitate.
2198 1736 2375 1792 Unum
2407 1746 2593 1794 autem
2634 1739 2799 1804 inest,
2830 1748 2884 1794 et
2920 1738 3160 1810 primum
3193 1751 3249 1795 et
3292 1748 3498 1809 postre-

1906 1844 2082 1894 mum,
2112 1840 2355 1900 potestas
2386 1832 2738 1887 tenebrarum
2770 1849 2785 1886 :
2845 1832 2949 1887 hoc
2978 1832 3089 1887 illis
3116 1842 3172 1887 et
3197 1846 3403 1897 sermo,
3440 1842 3497 1886 et

208 1924 361 1995 ὅρος,
397 1925 496 1977 καὶ
526 1924 735 1987 πίστις,
785 1923 882 1976 καὶ
924 1922 1078 1988 δόξα,
1112 1923 1207 1976 καὶ
1260 1922 1447 1977 ὅπλον.
1510 1924 1611 1977 Ἐκ
1675 1922 1796 1977 τῶν

1904 1922 2163 1987 deﬁnitio,
2197 1933 2255 1977 et
2298 1924 2451 1986 iides,
2479 1934 2535 1980 et
2565 1926 2762 1994 gloria,
2803 1934 2860 1980 et
2900 1940 3076 1980 arma.
3132 1923 3220 1979 Ea:
3252 1926 3495 1995 operibus

209 2014 405 2085 ἔργων
420 2013 624 2070 αὐτῶν
643 2013 1054 2085 ἐπιγνώσεσθε
1104 2014 1329 2080 αὐτοὺς
1346 2054 1362 2077 ,
1388 2014 1494 2085 ἔφη
1536 2018 1565 2068 6
1592 2015 1798 2086 K69t0;

209 2107 280 2160 Τι
321 2106 436 2178 γάρ
497 2105 601 2160 οὒκ
649 2105 887 2178 ἔδρασαν
936 2104 1137 2168 ἀσεϐές
1189 2122 1249 2159 τε
1312 2108 1409 2159 καὶ
1476 2106 1795 2174 Ἰουδαϊκόνς

210 2199 454 2271 Χριστὸν
499 2197 813 2269 ὲνύϐρισαν,
838 2197 940 2268 τὴν
977 2195 1260 2262 Θεοτόκον,
1290 2198 1419 2261 τοὺς
1462 2197 1687 2266 ἁγίους⁹
1721 2191 1797 2252 ὧν

210 2294 323 2365 γὰρ
354 2294 404 2346 οἱ
452 2292 759 2363 σωματικοὶ
808 2291 1161 2362 χαρακτῆρες
1192 2291 1576 2362 ἀτιμάζονται,
1615 2292 1799 2356 αὐτοῖς

212 2387 450 2453 ὲκείνοις
480 2387 515 2458 η
569 2383 730 2455 ὕϐρις
781 2382 1175 2455 ἀναπέμπεται
1220 2386 1335 2448 τοῖς
1384 2384 1795 2456 πρωτοτύποις·

212 2480 310 2535 κα).
372 2478 462 2533 διὰ
513 2477 675 2530 τοῦτο
723 2476 952 2543 είκότως
1022 2477 1394 2548 Ἀντίχριστοι
1461 2477 1679 2548 ρηοείεν
1750 2478 1801 2531 οί

211 2571 581 2643 Είκονομάχοι
603 2585 618 2601 ·
660 2568 853 2642 ἐπειδὴ
895 2568 1046 2639 λέγει
1075 2570 1103 2623 ό
1146 2569 1411 2636 Θεολόγος
1439 2570 1535 2623 καὶ
1562 2570 1800 2638 εὐαγγε-

211 2663 439 2734 λιστής·
498 2660 609 2716 Καὶ
667 2661 787 2717 νῦν
838 2662 1060 2716 πολλοὶ
1126 2660 1549 2729 Ἀντίχριστοι.
1613 2660 1801 2715 Ταῦτα

212 2753 396 2826 μικρά
431 2751 530 2825 μὲν
559 2752 696 2825 πρὸς
742 2752 841 2825 τὴν
894 2752 994 2823 σὴν
1023 2752 1244 2806 σύνεσιν
1268 2768 1283 2783 ο
1328 2752 1432 2823 τῆς
1470 2751 1695 2821 ἀγάπης
1742 2752 1800 2805 δὲ

212 2842 485 2914 σύμϐολα,
537 2843 640 2914 τῆς
694 2845 754 2897 ὲν
788 2844 870 2898 ἑνὶ
916 2844 1236 2915 φρονήματι
1278 2843 1375 2899 καὶ
1414 2846 1513 2915 μιᾷ
1541 2842 1686 2913 ψυχῇ
1719 2843 1801 2895 δο-

210 2936 407 3008 θείσης
435 2938 567 3007 ἡμίν
595 2936 701 2989 ὑπὸ
728 2936 887 2991 Θεοῦ.
927 2936 1094 2990 ’Λλλά
1122 2954 1215 3007 μοι
1244 2936 1577 3009 προσεύχου,
1601 2935 1801 3005 ἀδελφὲ

210 3027 376 3094 καλὲ,
408 3029 480 3083 τὰ
506 3024 602 3083 ίσά
629 3046 713 3082 σοι
748 3029 998 3083 ὲναθλεῖν
1021 3046 1036 3060 ’
1071 3029 1167 3082 καὶ
1199 3028 1468 3102 γνωρίσαι
1513 3046 1606 3101 μοι
1636 3028 1800 3083 πάλιν

213 3121 455 3190 ἀξίωσον
482 3121 634 3186 ὅπως
670 3120 734 3175 06
760 3137 819 3174 τε
845 3121 1078 3189 διάγοις,
1119 3123 1213 3174 καὶ
1233 3121 1385 3185 ὅπως
1413 3119 1524 3191 ἔχει
1561 3120 1658 3174 καὶ
1684 3118 1798 3185 ἕξει

208 3215 284 3270 τὰ
316 3217 419 3287 τῆς
444 3214 598 3286 ἱερᾶς
635 3231 731 3268 σου
767 3214 1038 3271 συνοδίας.

209 3332 435 3387 AA'.—
471 3330 695 3401 Ἰωσὴφ
717 3329 961 3400 ἀδελφῷ
993 3329 1587 3400 καίάρχιεπισκόπῳ.
1617 3328 1802 3403 [σξβ’.]

1900 2030 2084 2069 eorum
2132 2018 2461 2085 cognoscetis
2511 2018 2680 2080 eos”,
2713 2018 2793 2072 ait
2826 2016 3116 2072 Dominus.
3158 2015 3303 2083 Quid
3345 2018 3494 2073 enim

1902 2109 2129 2179 impium
2162 2117 2257 2164 aut
2295 2109 2585 2167 Iudaicum
2618 2126 2727 2166 non
2759 2110 3032 2178 egerunt?
3055 2109 3335 2165 Christum
3376 2125 3499 2166 con-

1903 2200 2127 2255 tum'elia
2167 2199 2491 2266 aliecerunt,
2533 2200 2823 2271 Deiparam
2851 2210 2906 2256 et
2937 2208 3160 2263 sanctos
3200 2194 3227 2255 ἐ
3258 2216 3497 2271 quorum

1898 2292 2047 2347 enim
2072 2306 2351 2361 corporea:
2370 2292 2563 2363 ﬁgura:
2590 2292 2889 2362 ignominia
2914 2292 3248 2360 alliciuntur,
3280 2294 3333 2348 in
3358 2309 3493 2365 pro-

1906 2392 2091 2456 totypa
2149 2384 2269 2454 ipsa
2346 2384 2747 2441 transmittitur
2822 2385 3213 2447 contumelia:
3267 2386 3502 2458 ideoque

1922 2473 2248 2529 Antichristi
2287 2474 2486 2530 merito
2515 2475 2622 2530 dici
2647 2484 2881 2545 possunt
2909 2476 3260 2532 lconomachi
3285 2498 3298 2533 :
3332 2493 3501 2549 quan-

1902 2566 2223 2635 doquidem,
2263 2566 2345 2622 uti
2396 2582 2427 2621 a
2461 2564 2743 2638 Theologo
2775 2577 2831 2623 et
2855 2568 3190 2638 evangelista
3227 2568 3498 2641 scriptum

1901 2665 1987 2711 est
2016 2674 2030 2710 :
2063 2654 2133 2711 Et
2164 2674 2304 2712 nunc
2360 2658 2518 2713 multi
2553 2669 2677 2713 sunt
2707 2658 3103 2715 Antichristi".
3147 2660 3276 2717 Haec
3329 2676 3501 2732 parva

1900 2749 2125 2819 quidem
2178 2752 2248 2806 ad
2275 2752 2639 2822 prudentiam
2667 2762 2818 2808 tuam
2856 2771 2869 2807 :
2905 2754 3002 2809 sed
3041 2754 3350 2823 (haritatis,
3378 2770 3505 2827 quae

1902 2841 2063 2898 nobis
2115 2858 2146 2898 a
2198 2842 2313 2898 Deo
2359 2843 2415 2897 in
2460 2857 2573 2897 uno
2610 2857 2777 2898 sensu
2825 2852 2882 2900 et
2928 2844 3113 2899 anima
3150 2860 3260 2900 una
3296 2845 3502 2901 donata

1901 2946 2008 3003 est,
2045 2935 2294 3007 symbola
2318 2945 2470 2992 sunt.
2501 2933 2582 2990 Tu
2620 2950 2772 3000 vero,
2815 2935 2985 2993 fr'ater
3008 2937 3250 3009 egregie,
3279 2952 3382 3009 pro
3415 2953 3504 2994 me

1908 3044 2034 3092 ora,
2066 3035 2126 3083 ut
2172 3027 2291 3098 pari
2348 3035 2532 3083 tecum
2593 3044 2772 3100 pugna
2823 3028 3099 3085 decertem
3133 3048 3147 3085 :
3178 3038 3236 3085 et
3261 3029 3504 3085 indicare

1902 3135 2069 3190 porro
2112 3135 2222 3175 non
2250 3120 2518 3190 graveris,
2543 3120 2822 3190 quomodo
2852 3129 2907 3175 et
2953 3120 3068 3189 ipse
3113 3136 3263 3193 agas,
3291 3129 3348 3175 et
3372 3135 3506 3191 quo-

1906 3211 2073 3265 modo
2095 3226 2155 3266 se
2177 3210 2413 3284 habeant
2440 3211 2793 3282 habiturique
2818 3213 2930 3268 sint
2956 3212 3100 3266 sacri
3134 3213 3367 3268 comites
3402 3213 3502 3267 tui.

2058 3327 2249 3382 XXXI.
2288 3360 2359 3369 —
2380 3328 2634 3400 Josepho,
2665 3331 2827 3401 fratri
2850 3343 2899 3385 et
2938 3334 3358 3402 archiepiscopo.

211 3429 494 3491 variatum
516 3437 576 3489 ab
598 3439 935 3490 Iconomachis
968 3438 1143 3502 impie,
1178 3449 1282 3489 tum
1306 3445 1478 3488 contra
1501 3437 1853 3551 Ιοοοίέἓιεὲὶίιέε
1893 3455 1922 3491 a
1960 3438 2153 3566 Egisti
2185 3438 2556 3493 confessoribus
2583 3441 2780 3511 fortiter
2815 3445 2960 3510 gesta
3006 3452 3266 3496 memorat.
3297 3448 3500 3511 (Baron.

1697 3538 1709 3551 .
1837 3539 1851 3562 ,
1885 3516 1938 3554 n.
2022 3540 2035 3552 .

1697 3538 1709 3551 .
1740 3516 1851 3562 διο,
1885 3516 1938 3554 n.
1960 3516 2035 3552 ις).

286 3588 459 3641 ὐσον
507 3588 605 3658 μὲν
644 3588 756 3642 ἀπὸ
802 3587 1173 3659 γραμμάτων,
1218 3590 1320 3643 οὐκ
1351 3586 1558 3659 ἔμαθον
1596 3589 1666 3643 τὰ
1706 3589 1800 3661 τῆς

1979 3590 2257 3657 Quantum
2289 3592 2512 3662 quidem
2567 3608 2636 3649 ex
2670 3594 2890 3657 litteris,
2941 3594 3011 3651 de
3036 3595 3349 3652 valetudine
3408 3606 3501 3653 tua

212 3681 406 3749 ὑγείας
442 3697 557 3746 σου,
610 3681 749 3735 ἀλλὰ
781 3680 883 3750 φεῦ
912 3681 1023 3735 τῶν
1069 3682 1357 3751 ἁμαρτιῶν
1390 3699 1493 3752 μου
1526 3681 1612 3735 ὅτι
1658 3681 1803 3736 οὕτω

213 3772 483 3840 γέγονενι
534 3770 811 3841 Ἐδηλώθη
852 3770 963 3842 γάρ
1009 3789 1102 3842 μοι
1156 3773 1262 3826 ὑπὸ
1311 3772 1422 3826 τῶν
1472 3772 1720 3842 ἀδελφῶν
1767 3775 1802 3845 ή

220 3864 433 3917 τούτων
464 3863 585 3934 μεθ’
626 3863 830 3935 ἐτέρων
860 3862 1112 3918 ἀπώλεια
1136 3881 1150 3896 ’
1181 3866 1278 3921 καὶ
1309 3866 1407 3935 ἥδε
1431 3865 1529 3919 τοῦ
1552 3865 1802 3919 διαϐόλου

217 3956 498 4028 ἐνέργεια.
555 3955 723 4009 ’Δλλά
769 3954 900 4020 δόξα
948 3956 1028 4025 τῷ
1060 3956 1183 4028 Θεῷ
1231 3956 1309 4029 τῷ
1352 3957 1624 4028 κρύψαντι
1665 3959 1806 4013 αὐτὰ

215 4049 331 4102 ἀπὸ
367 4047 477 4102 τῶν
525 4047 898 4119 κρατούντων.
938 4048 1212 4117 Ἐμελλον
1238 4051 1350 4121 γὰρ
1381 4050 1572 4104 πολλοὶ
1623 4051 1806 4105 κινδυ-

215 4140 418 4198 νεύειν.
463 4140 604 4197 Ἀλλ’
660 4142 745 4198 ὅτι
786 4140 883 4195 καὶ
939 4139 992 4194 οἱ
1038 4141 1229 4212 ἴαμϐοι
1268 4141 1682 4209 συναπώλοντο,
1711 4143 1806 4205 οὓς

216 4230 280 4289 εὖ
335 4233 509 4288 ποιῶν
550 4234 867 4307 ὲμέτρησας
910 4234 1056 4289 κατά
1102 4234 1212 4289 τῶν
1269 4235 1681 4307 Είκονομάχων.
1729 4234 1802 4288 Οὐ

215 4326 444 4391 παντως
498 4327 557 4380 δὲ
609 4328 1043 4399 ἀμιταγράφους
1121 4329 1218 4383 καὶ¹
1270 4326 1806 4399 ἀπαρασημειώτους

217 4418 447 4492 ίμελλες
478 4420 678 4484 αὐτοὺς
703 4421 1171 4492 πέμπειν.Ταῦτα
1203 4422 1301 4492 μὲν
1339 4422 1611 4490 ἐλύπησεν
1635 4423 1803 4492 ἡμᾶς,

215 4514 294 4578 ὡς
319 4514 383 4568 τὸ
412 4515 583 4577 εἰκός.
630 4512 775 4583 Ἐγὼ
822 4515 880 4568 δὲ
933 4517 962 4570 ό
992 4516 1271 4581 ταπεινὸς,
1316 4517 1409 4569 καὶ
1447 4512 1603 4580 αὖθις
1636 4532 1807 4587 προσ-

216 4606 473 4679 αγορεύω
494 4605 593 4677 τὴν
617 4607 937 4679 ἁγιωσύνην
958 4624 1053 4661 σου
1084 4609 1407 4679 γλιχόμενός
1429 4627 1522 4663 σου
1545 4610 1606 4662 τὺ
1626 4610 1807 4680 τίμιον

220 4699 545 4773 πρόσωπονο
589 4700 685 4754 καὶ
728 4698 877 4763 τίνος
922 4701 1033 4771 γὰρ
1073 4700 1181 4773 πρὸ
1216 4700 1351 4767 σοῦ;
1388 4702 1485 4756 καὶ
1529 4701 1653 4772 οὐχὶ
1683 4700 1804 4767 ἀεί;

220 4790 283 4844 06
336 4790 593 4845 τοσοῦτον
641 4792 707 4845 ὲκ
755 4790 995 4863 φύσεως,
1029 4795 1165 4847 ’ὅσον
1219 4794 1286 4847 ἐκ
1331 4795 1702 4864 συμπράξεως
1743 4794 1805 4846 06

217 4884 322 4954 τῆς
366 4884 611 4955 χαμόθεν
644 4885 1029 4964 ὲγειρομένηςι,
1070 4886 1186 4939 ἀλλ’
1212 4887 1506 4958 οὐρανόθεν
1547 4891 1805 4957 ὲνεργουυ

220 4979 418 5049 μένης,
447 4978 512 5030 ἑκ
540 4978 767 5049 πρώτης
802 4978 1052 5050 βαλϐῖδος
1080 4980 1271 5049 σχεδὸν
1297 4985 1460 5050 μέχρι
1484 4980 1576 5035 τοῦ
1606 4979 1768 5051 δεῦρο
1786 4997 1800 5011 ·

221 5069 299 5133 ὡς
343 5070 491 5122 ἴσασι
528 5070 731 5135 πάντες
755 5086 771 5103 ο
808 5072 905 5124 καὶ
931 5072 1263 5143 ὲμόριρωσαν
1315 5073 1366 5125 οί
1398 5074 1794 5143 γεννήσαντες,

220 5160 361 5212 είπω
391 5161 487 5213 καὶ
524 5159 857 5231 σωματικῶς
892 5164 987 5215 καὶ
1016 5161 1444 5232 πνευματικῶςς
1474 5163 1575 5232 Είη
1606 5163 1665 5216 δὲ
1707 5162 1801 5233 μέ·-

219 5267 335 5303 νειν
364 5251 512 5320 ἡμᾶς
542 5253 637 5305 καὶ
678 5250 816 5324 πρὸς
858 5253 921 5305 τὸ
966 5252 1091 5324 ἑξῆς
1140 5253 1438 5316 ὼσαύτως’
1476 5254 1567 5307 καὶ
1602 5236 1676 5324 μή
1731 5269 1799 5323 με

219 5342 551 5413 διαιρεῖσθαί
580 5360 676 5397 σου
726 5346 825 5412 τῆς
854 5346 1059 5417 ἀρετῆς
1102 5344 1296 5411 πλήθει
1325 5343 1435 5398 τῶν
1480 5343 1797 5415 ἁμαρτιῶΨ

221 5438 289 5491 ἐκ
322 5435 472 5502 θείας
526 5437 945 5509 φιλανθρωπίας
1000 5436 1531 5508 συγκροτουμὲνους,
1587 5438 1682 5489 καὶ
1718 5437 1801 5488 ὲν-

218 5528 457 5595 τεόξεως
502 5529 613 5583 τῶν
648 5532 727 5593 εἰς
772 5530 888 5599 φῶς
938 5530 1297 5598 ἐνεγκόντων.
1327 5529 1409 5583 Τὰ
1445 5529 1544 5599 μὲν
1588 5529 1654 5601 δὴ
1702 5529 1802 5598 τῆς

218 5622 388 5691 εὐχῆς
416 5620 665 5674 τοιαῦτα.

296 5711 377 5765 Τὰ
406 5712 449 5765 δ’
487 5714 624 5767 ἄλλα
652 5711 741 5766 οἷα
790 5715 881 5767 καὶ
922 5716 1045 5779 ὅσα,
1070 5715 1164 5768 ἐπὶ
1205 5712 1309 5783 τῆς
1354 5712 1685 5785 Ἐκκλησίας
1709 5711 1804 5766 τοῦ

221 5804 383 5869 Θεοῦ,
421 5808 741 5874 στεναγμῶν
799 5808 894 5860 καί
941 5808 1193 5879 ὀδυρμῶν
1250 5806 1401 5871 ἄξια,
1432 5806 1531 5878 ἤδη
1588 5807 1805 5869 παντως

311 5919 563 5978 "Matth.
599 5938 669 5977 νη
724 5923 803 5981 l6.
886 5927 930 5957 “
969 5923 1167 5981 Houu.
1212 5941 1273 5988 tt,
1309 5923 1388 5977 l9.

1906 3683 2044 3738 nihil
2090 3686 2346 3755 cognovi,
2380 3689 2473 3741 sed
2522 3687 2627 3742 heu
2657 3688 2895 3758 peccatis
2922 3688 3058 3744 meis
3085 3690 3235 3760 quod
3270 3688 3387 3746 haec
3421 3690 3500 3746 ita

1904 3776 2245 3830 evenerunt!
2299 3776 2601 3832 lndicatum
2650 3779 2797 3834 enim
2854 3780 2983 3834 tuihi
3011 3791 3096 3837 est
3139 3797 3170 3836 a
3210 3781 3500 3847 fratribus,

1903 3866 2118 3921 litteras
2174 3868 2296 3922 illas
2333 3885 2439 3923 una
2474 3885 2599 3924 cum
2629 3870 2755 3926 aliis
2811 3872 3169 3927 intercidisse
3204 3893 3217 3927 :
3290 3883 3345 3928 et
3386 3874 3503 3931 hanc

1905 3958 2129 4029 quidem
2202 3960 2406 4015 diaboli
2458 3961 2562 4016 vis.
2618 3961 2721 4017 Sed
2769 3962 2889 4019 laus
2922 3961 3055 4030 Deo,
3084 3964 3178 4033 qui
3216 3966 3341 4021 illas
3366 3966 3495 4022 abs-

1906 4051 2095 4106 condit
2168 4051 2237 4106 iis
2265 4052 2361 4121 qui
2393 4068 2577 4107 rerum
2610 4055 2935 4124 potiuntur:
2982 4056 3171 4112 multis
3214 4057 3364 4111 enim
3397 4058 3503 4112 im-

1907 4144 2186 4213 pendebat
2246 4144 2577 4214 periculum.
2644 4146 2953 4211 Quinetiam
3030 4149 3263 4219 periisse
3335 4148 3504 4205 simul

1906 4236 2144 4301 iambos,
2212 4252 2353 4307 quos
2407 4249 2555 4294 recte
2628 4254 2798 4309 agens
2840 4250 3034 4295 contra
3102 4240 3501 4298 lconomacbos

1908 4329 2212 4399 scripseras
2252 4348 2266 4383 :
2318 4332 2546 4385 omnino
2597 4342 2778 4386 autem
2832 4335 2954 4388 sine
3002 4335 3254 4403 exemplo
3281 4343 3337 4391 et
3367 4346 3498 4391 nota

1905 4436 2004 4475 eos
2028 4422 2244 4477 mittere
2273 4438 2381 4477 non
2427 4424 2718 4480 debueras.
2751 4423 2879 4479 llaec
2929 4440 3062 4481 sane
3102 4426 3504 4485 contristamnt

1909 4526 2033 4575 nos,
2068 4522 2128 4566 ut
2155 4528 2256 4583 par
2283 4521 2427 4568 erat.
2459 4512 2572 4584 Ego
2599 4527 2730 4568 vero
2755 4514 2984 4569 humilis
3020 4514 3219 4568 iterum
3246 4516 3502 4586 alloquor

1909 4604 2255 4658 sanctitatem
2283 4614 2454 4670 tuam,
2494 4604 2688 4660 faciem
2724 4607 3098 4661 venerandam
3150 4607 3339 4662 videre
3362 4608 3503 4664 desi-

1909 4693 2142 4760 derans;
2175 4695 2333 4764 cujus
2373 4696 2522 4749 enim
2563 4696 2747 4765 potius
2778 4712 2945 4766 quam
2980 4697 3174 4751 tuam?
3214 4697 3294 4752 Ac
3320 4713 3503 4754 nonne

1909 4787 2162 4855 semper?
2202 4802 2381 4857 neque
2426 4788 2478 4841 id
2507 4803 2575 4843 ex
2613 4798 2809 4842 natura
2853 4798 3092 4857 tantum,
3133 4800 3404 4860 quantum
3433 4802 3502 4846 ex

1911 4879 2191 4932 actionum
2255 4880 2593 4949 conspiranti
2644 4882 2925 4949 societate,
2986 4897 3098 4937 non
3148 4883 3299 4937 humi
3346 4893 3501 4951 nata,

1907 4968 2000 5023 sed
2062 4969 2279 5025 coalitus
2334 4970 2603 5042 profecta,
2638 4986 2670 5027 a
2701 4975 2895 5043 primis
2941 4974 3055 5031 fere
3100 4975 3418 5031 carceribus
3443 4976 3503 5030 in

1908 5062 2050 5115 hanc
2079 5062 2244 5128 diem,
2301 5074 2363 5116 ut
2393 5064 2575 5118 sciunt
2602 5079 2826 5130 omnes;
2873 5082 2938 5122 ac
2982 5065 3369 5122 formaverunt
3398 5083 3496 5136 pa-

1906 5164 2113 5217 rentes,
2178 5155 2542 5224 corporaliter
2607 5156 2787 5212 dicant
2826 5174 2895 5212 an
2951 5157 3354 5229 spiritualiter?
3387 5158 3503 5214 Uti-

1909 5262 2035 5301 nam
2087 5257 2271 5301 autetn
2324 5248 2406 5304 sic
2438 5264 2764 5305 maneamus
2799 5252 2967 5305 etiam
3018 5252 3072 5305 in
3102 5260 3407 5321 posterum,
3442 5261 3502 5306 ut

1910 5355 1940 5392 a
1997 5339 2201 5394 virtute
2259 5350 2355 5395 tua
2414 5356 2524 5396 non
2575 5341 2806 5398 divellar
2845 5353 3193 5414 peccatorum
3249 5359 3500 5401 meorum

1914 5432 2284 5499 multitudine,
2356 5449 2421 5489 ex
2464 5434 2649 5491 divina
2688 5436 3022 5508 benignitate
3056 5437 3495 5498 consentientes,

1909 5535 1963 5579 et
1991 5542 2056 5579 ex
2093 5539 2284 5580 eorum
2322 5526 2711 5597 deprecatione
2740 5532 2832 5600 qui
2885 5532 3229 5601 genuerunt!
3277 5532 3356 5585 Ac
3376 5538 3498 5584 vota

1913 5622 2132 5685 quidem
2171 5631 2359 5676 nostra
2392 5626 2516 5678 talia
2546 5636 2696 5681 sunt.

1984 5714 2191 5768 Caetera
2220 5726 2401 5770 autem
2434 5720 2620 5787 qualia
2650 5729 2707 5774 et
2737 5736 2900 5791 quant
2938 5721 3131 5786 multa,
3165 5722 3218 5775 in
3257 5719 3499 5778 Ecclesia

1915 5806 2033 5876 Dei,
2081 5812 2285 5880 gemitu
2317 5826 2380 5866 ac
2423 5811 2681 5884 lacrymis
2720 5815 2904 5886 digna,
2935 5816 3045 5885 jam
3090 5831 3311 5885 prorsus
3343 5816 3497 5870 audi-
