4164 6534
689 412 827 476 1203

1884 419 1945 478 S.
1977 416 2371 478 THEODORI
2399 416 2749 479 STUDIT/E

3810 413 3938 481 tam

685 526 757 579 sti
794 542 807 577 :
848 540 973 595 qua:
1009 525 1153 580 enim
1185 541 1253 581 ne
1306 523 1473 596 prisci
1503 526 1722 595 quidem
1761 535 1950 582 contra
1978 528 2257 583 Christum

2389 530 2585 591 ικούοις
2612 544 2627 560 ·
2658 527 2695 582 ἀ
2720 529 2829 598 γάρ
2849 524 2971 579 οὐδὲ
3004 525 3055 579 οι
3081 524 3253 580 πάλαι
3285 526 3669 600 αἱρετίσαντες
3704 526 3942 598 ἔπραξαν

686 627 909 690 egerant
958 618 1220 683 haeretici,
1286 634 1348 673 ea
1410 634 1557 673 nunc
1611 619 1807 689 majori
1865 622 2015 675 rabie
2051 629 2265 692 patrata

689 724 837 766 sunt.
866 712 934 766 Et
979 712 1185 767 dormit
1240 711 1516 781 Christus,
1548 724 1603 769 et
1630 714 1834 771 salsum
1869 716 2268 775 incredulitatis

687 819 837 859 mare
889 804 1245 870 intumescit,
1302 815 1608 861 extremam
1659 809 1953 878 perniciem
2011 808 2266 865 ati’erens.

692 896 796 950 Sed
846 897 1029 953 adsint
1067 908 1245 953 tecum
1282 902 1526 968 germani
1557 901 1829 971 discipuli,
1862 902 1954 972 qui
1989 902 2267 958 Christum

688 991 755 1042 ad
790 989 1219 1059 increpationem
1258 992 1595 1063 periculique
1630 993 2003 1063 depulsionem
2030 997 2273 1051 exsusci-

690 1089 823 1134 tent.
854 1080 1002 1134 Abiit
1026 1090 1081 1137 et
1114 1097 1271 1137 meus
1301 1083 1355 1135 in
1388 1083 1577 1139 habitu
1607 1096 1895 1155 susceptor
1923 1101 1989 1141 ac
2011 1100 2270 1157 sponsor,

689 1171 775 1225 vir
828 1171 1025 1236 bonus,
1093 1172 1465 1231 confessionis
1518 1178 1803 1246 pra-mium
1870 1189 2161 1249 reportans
2217 1181 2271 1234 in

689 1261 1100 1331 molestissima,
1126 1276 1187 1319 ut
1252 1266 1310 1321 in
1362 1266 1565 1323 lectulo
1626 1283 1688 1324 se
1738 1269 1856 1339 ipse
1885 1286 2109 1326 versare
2162 1287 2273 1328 non

691 1365 903 1424 posset,
939 1356 1282 1413 intlrmitate.
1365 1358 1695 1425 Quomodo?
1768 1360 1909 1416 Cum
1968 1363 2273 1430 resisteret,

691 1444 959 1500 abductus
995 1456 1079 1501 est
1111 1458 1166 1501 et
1200 1449 1533 1514 custoditus,
1555 1450 1753 1507 deinde
1782 1452 1949 1507 etiam
1980 1454 2275 1526 relegatus,

692 1545 858 1607 atque
900 1537 972 1591 ita
1004 1541 1330 1611 martyrium
1361 1557 1775 1599 consummans.
1809 1544 1994 1616 Itaque
2018 1548 2277 1604 Dominus

694 1644 803 1683 non
878 1630 1128 1699 despexit
1182 1632 1506 1689 obedientia:
1569 1636 1688 1704 ejus
1735 1636 1972 1703 labores,
2042 1650 2277 1709 quantos

695 1722 837 1775 nosti
870 1739 882 1774 :
932 1722 1148 1777 tametsi
1190 1735 1415 1793 propter
1439 1738 1666 1797 peccata
1697 1744 1816 1783 mea
1843 1730 1985 1783 inter
2012 1730 2275 1786 Maachia-

694 1831 797 1871 nos
839 1817 1215 1887 deprehensus
1254 1819 1439 1886 fuerit,
1484 1823 1705 1891 corpori
1745 1838 1995 1892 parcens,
2019 1840 2129 1879 non
2162 1827 2280 1879 ani-

2369 619 2515 671 κατά
2538 616 2799 689 Χριστοῦ,
2825 616 2999 671 ταῦτα
3033 614 3413 688 μανικώτερον
3440 616 3800 690 ἐξείργασται
3833 620 3941 677 νῦν.

2370 711 2481 763 Καὶ
2516 709 2757 779 Χριστὸς
2785 709 3043 762 καθεύδει
3064 726 3080 742 ο
3116 709 3267 782 καὶὴ
3295 711 3518 780 ἀλμυρά
3553 711 3656 781 τῆς
3686 713 3946 777 ἀπιστίας

2371 803 2618 857 θάλασσα
2657 802 3065 874 κεκορύςρωται,
3119 802 3481 873 πανολεθρίαν
3514 803 3775 859 ποιοῦσα.
3810 806 3945 859 Ἀλλ’

2372 895 2564 964 εἴησαν
2596 898 2695 951 σὺν
2725 898 2809 950 σοὶ
2839 897 2891 949 oi
2931 895 3317 967 γνησιεύοντες
3346 896 3453 949 τῶν
3486 896 3777 967 μαθητῶν,
3815 898 3949 967 Χρι-

2376 987 2500 1041 στὸν
2542 990 2623 1051 είς
2672 988 2996 1059 ἐπιτίμησιν
3026 986 3123 1041 καὶ
3163 987 3602 1057 καταστόρευσιν
3639 988 3746 1058 τῆς
3776 989 3951 1041 κινδυ-

2375 1079 2616 1143 νεύσεως
2653 1080 3037 1152 διεγείροντες.
3091 1079 3318 1150 Οἴχεταί
3358 1096 3461 1150 μου
3485 1081 3580 1134 καὶ
3624 1082 3654 1133 6
3688 1079 3790 1133 τοῦ
3832 1083 3954 1150 σχή-

2379 1188 2548 1241 ματος
2602 1172 2862 1243 ἀνάδοχος
2887 1213 2903 1237 ,
2976 1171 3114 1243 ἀνὴρ
3165 1171 3391 1241 ἀγαθὸς,
3446 1170 3744 1242 ὁμολογίας
3798 1167 3955 1225 ἆθλον

2375 1262 2826 1331 ἀπενεγκάμενος
2867 1264 2926 1314 ἐν
2967 1262 3192 1333 τοιαύτῃ
3242 1263 3603 1334 χαλεπωτάτῃ
3664 1263 3841 1333 νόσφ’
3885 1262 3956 1325 ὡς

2377 1354 2574 1419 ἐνδεῶς
2603 1353 2752 1425 ἐχειν
2787 1354 2885 1408 καὶ
2913 1355 3009 1408 τοῦ
3046 1355 3139 1408 ἐπὶ
3179 1355 3369 1424 κλίνης
3405 1354 3765 1425 στρέφεσθαι.
3797 1355 3955 1421 “fug;

2378 1447 2595 1512 ἐνστὰς.
2636 1447 2735 1501 καὶ
2769 1446 2959 1519 ἀρθεὶς
2999 1449 3094 1502 καὶ
3137 1446 3523 1518 φυλακισθεὶς,
3556 1443 3676 1500 εἶτα
3712 1447 3814 1500 καὶ
3873 1449 3954 1515 ἐξ·

2376 1540 2617 1612 ορισθείς
2642 1558 2658 1574 ·
2686 1541 2979 1615 καὶταύτῃ
3006 1541 3066 1595 τὸ
3095 1541 3396 1612 μαρτύριον
3430 1540 3676 1602 τελέσας.
3708 1542 3790 1593 Ού
3820 1558 3957 1611 παρη

2380 1635 2519 1687 εῖδεν
2560 1629 2655 1688 οὖν
2700 1634 2864 1688 αὐτοῦ
2893 1637 3098 1703 Κύριος
3131 1636 3259 1699 τοὺς
3298 1636 3705 1698 ύποτακτικοὺς
3735 1636 3958 1698 κόπους,

2378 1728 2613 1791 ὁπόσους
2636 1723 2939 1792 οἶσθα,κᾶν
2969 1727 3114 1781 ὲάλω
3157 1727 3300 1781 κατά
3327 1728 3426 1790 τὰς
3455 1726 3733 1797 ἀμαρτίας
3765 1744 3869 1796 μου
3910 1731 3961 1781 ἐν

2382 1823 2495 1885 τοῖς
2525 1822 2900 1892 Μοιχειανοῖς,
2934 1822 3111 1891 φειδοῖ
3138 1821 3231 1873 τοῦ
3258 1820 3530 1890 σώματος,
3574 1820 3633 1872 οὗ
3668 1821 3963 1890 συναιρού-

694 1886 938 1963 inuitem
970 1908 1253 1980 abreptus,
1287 1922 1344 1965 ut
1371 1927 1458 1967 res
1490 1886 1608 1983 ipsa
1641 1886 1959 1969 declaravit.
1982 1886 2279 1985 i’ropterea

2389 1931 2548 1984 μενος
2578 1886 2671 1985 τῶ-
2700 1886 3053 1985 φρονήματι·
3095 1914 3172 1977 ὠς
3199 1913 3259 1966 τὸ
3291 1886 3527 1983 πρᾶγμα
3577 1912 3823 1969 ἐδείκνυ.
3842 1886 3965 1966 *Διά

694 2006 862 2060 coetui
902 2020 935 2060 a
984 2004 1095 2061 Deo
1136 2007 1463 2071 subductus,
1501 2009 1554 2062 in
1585 2009 1813 2065 alteram
1854 2019 2064 2079 partem
2107 2011 2279 2064 victo-

695 2094 836 2148 riam
880 2094 1087 2149 vertit:
1143 2098 1613 2165 quemadmodum
1656 2108 1712 2155 et
1755 2100 2089 2165 Mediciotes,
2117 2109 2281 2170 atque

694 2186 834 2241 adeo
886 2184 1139 2242 Nicetius
1189 2204 1452 2259 quoque;
1512 2201 1572 2245 ut.
1623 2190 1824 2247 litteris
1879 2192 2014 2261 ipsis
2052 2192 2283 2247 edoctus

695 2298 840 2338 sum.
881 2280 948 2336 Et
971 2281 1098 2351 quid
1129 2282 1273 2336 hunc
1303 2290 1397 2335 aut
1440 2282 1593 2335 illum
1624 2281 1791 2337 dico?
1824 2282 1953 2335 Mihi
1979 2282 2125 2337 enim
2156 2297 2283 2351 per-

695 2376 925 2438 suadeo,
945 2376 1025 2429 sio
1051 2374 1274 2429 affectos
1300 2389 1420 2428 esse
1448 2389 1641 2428 omnes
1658 2375 1751 2443 qui
1777 2375 2116 2429 restiterunt.
2139 2374 2283 2439 Quin

695 2478 753 2526 et
787 2468 903 2538 ipse
930 2483 1094 2523 verus
1120 2468 1433 2537 patriarcha
1461 2478 1649 2521 noster
1674 2469 1959 2522 veritatem
1979 2473 2283 2538 profitetur,

701 2570 851 2615 ntex
890 2558 1013 2625 ejus
1062 2573 1160 2613 ore
1194 2559 1360 2613 didici
1405 2558 1500 2628 qui
1547 2558 1699 2613 illum
1750 2560 2014 2626 audierat,
2056 2563 2289 2631 ejusque

698 2650 1080 2706 defensionem
1135 2650 1416 2705 laudabat.
1483 2648 1609 2705 Haec
1666 2651 1807 2715 dixi,
1859 2661 1973 2706 tum
2000 2661 2061 2707 ut
2092 2652 2289 2708 defun-

698 2750 847 2795 ctum
877 2741 1073 2795 merito
1131 2741 1433 2803 laudarem,
1471 2751 1583 2795 tum
1621 2752 1680 2795 ut
1710 2743 1989 2797 sanctitati
2029 2753 2135 2798 tua:
2159 2753 2287 2798 nota

700 2834 936 2891 facerem
962 2851 1085 2903 quae
1104 2834 1392 2889 debebam.
1432 2834 1537 2889 Sed
1577 2850 1683 2888 non
1719 2837 1943 2904 ignoras
1970 2838 2285 2891 intestinum

702 2927 929 2989 malum.
978 2925 1264 2980 Leontium
1317 2928 1471 2981 illum
1500 2929 1772 2995 quondam
1820 2938 2091 2988 nostrum.
2118 2929 2209 2999 qui
2237 2937 2292 2983 et

700 3026 863 3070 antea
935 3014 1260 3071 Ilmchianis
1316 3017 1567 3080 adhazsit,
1620 3028 1674 3070 et
1723 3033 1867 3071 nunc
1910 3019 2165 3087 princeps
2208 3029 2292 3073 est

702 3108 1213 3165 lconomachorum.
1270 3108 1401 3163 Eam
1455 3110 1526 3164 ob
1580 3126 1804 3165 causam
1855 3120 1910 3164 et
1965 3110 2289 3165 Studianutu

702 3200 963 3261 obtinuit,
996 3209 1050 3253 et
1074 3200 1405 3255 Saccudioni
1451 3202 1649 3267 injuste
1693 3202 2032 3257 dominatur.
2078 3203 2152 3256 Ex
2185 3203 2290 3257 im-

702 3305 843 3361 puro
902 3291 1036 3345 nihil
1095 3307 1291 3357 purum
1331 3310 1344 3345 :
1388 3292 1567 3360 qualis
1613 3292 1826 3361 genitor
1872 3292 2135 3354 carnalis,
2168 3292 2291 3345 talis

2381 2005 2543 2060 τοῦτο
2560 2007 2667 2059 ὑπὸ
2692 2006 2829 2059 Θεοῦ
2860 2007 2956 2060 καὶ
2981 2008 3172 2077 ραγεὶς
3187 2006 3286 2073 τῆς
3306 2006 3640 2076 συμμορίας,
3661 2006 3965 2078 ἑτεραλκέα

2380 2100 2481 2167 τὴν
2497 2098 2669 2166 ’νίκην
2700 2099 3019 2167 πεποίηται,
3043 2097 3231 2167 ῶσπερ
3250 2100 3347 2151 καὶ
3366 2101 3394 2151 ό
3420 2098 3783 2167 Μηδικιῶτης
3803 2113 3817 2124 '
3833 2097 3964 2150 ἀλλά

2388 2190 2493 2261 μὴν
2519 2190 2618 2243 καὶ
2652 2191 2682 2242 6
2720 2190 2989 2254 Νικαίας’
3020 2191 3095 2253 ὡς
3127 2191 3455 2261 γράμμασιν
3504 2189 3693 2251 αὐτοῖς
3730 2187 3967 2241 ἐπιστώ-

2386 2281 2509 2351 θην.
2540 2283 2651 2359 καὶ
2678 2282 2731 2334 τί
2772 2282 2919 2349 λέγω
2944 2280 3136 2334 τοῦτον
3175 2283 3460 2345 κάκεῖνον;
3494 2281 3604 2333 Καὶ
3631 2281 3743 2351 γάρ
3778 2279 3965 2333 πείθο-

2388 2392 2487 2443 μαι
2514 2375 2606 2426 καὶ
2628 2372 2859 2426 ἕκαστον
2875 2372 2986 2424 τῶν
3013 2372 3385 2442 ἐνισταμένων
3405 2371 3577 2435 οὕτως
3598 2371 3768 2441 ἐχειν.
3810 2370 3968 2425 Ἀλλά

2385 2467 2497 2535 γὰρ
2527 2466 2623 2519 καὶ
2653 2466 2817 2527 αὐτὸς
2851 2466 2880 2517 6
2912 2463 3166 2534 ἀληθινὸς
3199 2462 3362 2534 ἡμῶν
3392 2463 3744 2534 πατριάρχης
3776 2462 3967 2533 ὁμολο-

2387 2557 2499 2626 γῶν
2532 2559 2647 2609 ἐστι
2671 2557 2769 2627 τὴν
2797 2556 3061 2627 ἀλήθειαν
3079 2571 3096 2587 ο
3127 2554 3204 2619 ὡς
3241 2554 3443 2626 ἔμαθον
3478 2557 3543 2608 ἐκ
3572 2557 3851 2623 στόματος
3876 2555 3968 2609 τοῦ

2390 2648 2522 2718 παρ’
2572 2648 2738 2702 αὐτοῦ
2783 2648 3105 2716 ἀκηκοότος,
3157 2647 3254 2701 καὶ
3297 2648 3651 2711 ἐπαινοῦντος
3693 2649 3798 2720 τὴν
3851 2651 3969 2703 τότε

2391 2736 2671 2793 ἔνστασιν.
2705 2739 2921 2809 Είρηκα
2949 2739 3143 2804 ταῦτα,
3172 2739 3310 2808 ὁμοῦ
3342 2738 3443 2811 μὲν
3466 2740 3559 2793 τὸν
3582 2740 3971 2810 ἐπιδημήσαντα

2391 2832 2619 2893 είκότως
2666 2830 2989 2899 ἀποτιμῶνο
3052 2831 3191 2901 ὁμοῦ
3236 2832 3295 2885 δὲ
3336 2833 3436 2885 καὶ
3467 2834 3536 2903 τῇ
3594 2834 3663 2903 σῇ
3729 2832 3972 2902 ὁσιότητι

2391 2924 2650 2994 γνώριμα
2680 2922 2955 2975 καθιστῶν
2983 2923 3053 2975 τά
3099 2925 3448 2995 ὀφειλόμενα.
3491 2924 3634 2978 Ἀλλ’
3684 2920 3840 2989 οἶδας
3890 2925 3972 2979 ὅτι

2392 3018 2452 3069 τὸ
2481 3017 2773 3085 ἐγκόλπιον
2821 3015 2993 3069 κακὸν
3040 3016 3317 3081 Λεόντιος,
3348 3019 3377 3070 6
3402 3017 3534 3071 ποτέ
3574 3017 3870 3089 ἡμέτερος,
3898 3018 3975 3085 ὡς

2395 3106 2722 3175 συναπήχθη
2779 3108 2896 3168 τοῖς
2951 3106 3298 3175 Μοιχειανοῖς
3363 3108 3653 3177 πρότερον,
3728 3109 3829 3161 καὶ
3881 3106 3973 3161 νῦν

2396 3199 2709 3268 προστάτης
2764 3198 2875 3252 τῶν
2927 3198 3335 3267 είκονομάχων.
3392 3198 3492 3251 Διά
3540 3197 3701 3252 τοῦτο
3753 3198 3850 3252 καὶ
3907 3198 3975 3251 τά

2347 3292 2362 3309 ’
2394 3290 2643 3343 Στουδὶου
2679 3290 2959 3358 παρέλαϐε
2980 3306 2995 3321 ·
3046 3290 3143 3343 καὶ⁵
3173 3290 3269 3343 τοῦ
3305 3290 3712 3353 Σακκουδίωνος
3756 3290 3975 3362 ἀνόμως

704 3394 768 3435 et
808 3382 951 3438 filius
992 3399 1007 3437 :
1048 3400 1209 3452 quem
1251 3382 1395 3437 Deus
1452 3392 1738 3437 convertat
1796 3384 2001 3437 sanctis
2046 3382 2287 3452 precibus

2393 3383 2575 3451 ἄρχει.
2616 3381 2705 3447 Ἐξ
2738 3380 3057 3450 ἀκαθάρτου
3082 3382 3239 3435 οὐδὲν
3276 3382 3518 3452 καθαρόν
3540 3399 3553 3413 ·
3583 3377 3697 3445 οἷος
3734 3385 3765 3436 6
3799 3384 3976 3453 φύσας

709 3473 864 3540 tuis;
893 3482 948 3528 et
983 3490 1071 3529 me
1104 3484 1451 3543 peccatorem
1487 3474 1541 3528 in
1602 3476 1797 3528 timore
1845 3491 1947 3529 suo
1988 3474 2295 3528 confirmet.

708 3566 901 3621 Saluto
956 3580 1052 3621 eos
1091 3570 1185 3635 qui
1241 3568 1563 3619 reverentiae
1616 3576 1723 3619 tuae
1770 3566 2129 3622 famulantur.
2189 3564 2295 3632 Qui

706 3670 923 3713 mecum
956 3667 1064 3723 est,
1106 3664 1166 3712 ut
1195 3656 1439 3713 famulus
1480 3668 1531 3714 te
1564 3666 1881 3717 veneratur.

1102 3946 1318 4005 XXXII.
1351 3979 1421 3989 —
1453 3947 1718 4003 Thalele
1759 3948 1893 4018 ﬁlio.

2394 3472 2538 3527 κατά
2594 3474 2794 3541 σάρκα,
2856 3471 3099 3525 τοιοῦτον
3147 3472 3213 3543 δὴ
3276 3475 3372 3527 καὶ
3422 3474 3483 3527 τὺ
3516 3474 3767 3546 γέννημα
3800 3491 3817 3507 ⁶
3856 3474 3916 3528 δν
3948 3477 3977 3529 δ

2399 3563 2533 3627 Θεὸς
2582 3564 3012 3635 μεταστρέψειεν
3046 3565 3235 3635 εὐχαῖς
3280 3580 3375 3617 σου
3409 3564 3623 3632 ἀγίαις·
3655 3566 3803 3636 κάμὲ
3848 3583 3977 3638 στη-

2400 3656 2567 3726 ρίξειε
2602 3657 2693 3710 τὸν
2727 3656 3056 3727 ἁμαρτωλὸν
3102 3658 3184 3721 είς
3213 3656 3379 3726 φόϐον
3411 3655 3597 3712 αὐτοῦ.
3640 3656 3783 3721 Τοὺς
3808 3657 3976 3729 ἠξιω-

2399 3749 2594 3817 μένους
2634 3749 3029 3821 ὑπηρετεῖσθαι
3057 3753 3126 3821 τῇ
3158 3750 3440 3821 τιμιότητί
3477 3768 3573 3805 σου
3600 3750 3980 3823 προσφθέγγοο

2397 3859 2518 3912 μαι.
2549 3843 2608 3897 '0
2640 3844 2737 3899 σὺν
2766 3844 2891 3912 ἐμοί
2922 3859 2982 3896 σε
3007 3843 3275 3908 δουλικῶς
3301 3846 3620 3914 προσκυνεῖ.

2698 3956 2822 4010 AB‘.
2860 3985 2931 3997 —-
2962 3958 3269 4021 Θαλελαιῳ
3306 3958 3511 4026 τέκνῳ.
3534 3957 3715 4033 [σξθ’.]

834 4046 909 4098 De
944 4042 1263 4108 presbytero,
1296 4042 1405 4106 qui,
1434 4058 1546 4093 cum
1581 4044 1888 4094 orthodoxus
1920 4049 2077 4107 esset,
2117 4052 2277 4107 metu,
2302 4060 2413 4097 cum
2447 4048 2698 4099 beretlcis
2720 4049 2886 4100 cibum
2919 4051 3167 4100 sumebat.
3197 4049 3402 4114 (Baron.
3422 4064 3501 4100 an.
3523 4052 3635 4113 818,
3656 4065 3708 4102 n.
3733 4054 3842 4114 20.)

781 4128 950 4184 Recte
1002 4129 1185 4197 egisti,
1241 4129 1336 4198 qui
1365 4129 1432 4183 ad
1484 4145 1571 4185 me
1620 4131 1929 4201 scripseris,
1970 4132 2166 4187 dilecte
2200 4131 2298 4186 fili.

713 4222 827 4277 Hoc
855 4222 974 4289 ipso
998 4222 1144 4275 enim
1178 4230 1292 4275 tutn
1337 4222 1521 4287 fidem,
1561 4233 1674 4277 tum
1699 4238 1941 4278 amorem
1978 4232 2134 4278 tuum
2171 4240 2301 4295 pro-

712 4313 919 4369 didisti.
956 4311 1061 4366 Sed
1096 4312 1226 4381 quid
1260 4312 1391 4367 mihi
1430 4312 1620 4367 laudes
1649 4314 1879 4378 occinis,
1916 4329 2149 4383 quarum
2182 4329 2303 4369 om-

2475 4135 2672 4198 Καλῶς
2709 4137 2996 4208 ἐποίησας,
3041 4135 3353 4199 ἐπιστείλας
3394 4152 3509 4207 μοι,
3538 4136 3733 4190 τέκνον
3762 4139 3979 4213 ἠγαπη-

2404 4227 2587 4297 μένον.
2616 4229 2866 4294 Ἐδειξας
2898 4231 3008 4301 γὰρ
3036 4231 3093 4283 ἐν
3115 4229 3289 4298 τούτῳ
3310 4229 3411 4302 τὴν
3435 4228 3622 4283 πίστιν
3641 4228 3736 4281 καὶ
3755 4231 3980 4302 ἀγάπην

2401 4337 2518 4375 σου.
2561 4323 2723 4376 Ἀλλά
2750 4322 2802 4375 τί
2830 4339 2921 4392 μοι
2959 4323 3217 4386 ἐπαίνους
3252 4322 3423 4394 ᾄδεις,
3462 4315 3539 4376 ὧν
3581 4321 3802 4393 ἀμοιρῶ
3840 4325 3980 4379 κατά

714 4406 846 4463 nino
888 4421 1011 4459 sum
1070 4404 1299 4473 expers?
1338 4402 1453 4459 Non
1510 4422 1596 4461 tne
1650 4417 1992 4476 peccatorem
2047 4409 2211 4471 nosti,
2239 4424 2287 4462 at

2401 4414 2612 4480 πάντας
2642 4415 2756 4469 Οὐκ
2792 4410 2943 4478 οἶδας
2981 4414 3063 4468 ὅτι
3094 4414 3424 4484 ἁμαρτωλὸς
3472 4413 3585 4484 ἐγὼ
3633 4414 3731 4468 καὶ
3765 4413 3982 4487 ἰδιώτης

714 4514 971 4555 sermone
1004 4499 1191 4555 rudem
1212 4499 1236 4552 ?
1261 4498 1369 4554 Sed
1401 4499 1575 4553 solers
1600 4510 1683 4555 est
1709 4502 2003 4555 admodum
2036 4502 2287 4565 charitas,

2403 4505 2483 4575 τῷ
2520 4506 2701 4577 λόγῳ;
2740 4506 2882 4560 Ἀλλ’
2910 4508 2943 4577 ἡ
2976 4507 3166 4575 ἀγάπη
3191 4505 3608 4571 κλεπτίστατος,
3637 4506 3709 4560 τά
3742 4507 3823 4578 μὴ
3852 4507 3982 4561 ὄντα

714 4593 908 4648 amicis
943 4608 1037 4648 eas
1070 4604 1306 4663 quarum
1336 4603 1590 4664 expertes
1608 4604 1738 4653 sunt
1768 4594 1953 4650 laudes
1974 4597 2299 4653 attribucns.

717 4685 1005 4741 Laudandi
1041 4687 1206 4757 igitur
1227 4686 1410 4741 studio
1458 4687 1629 4743 misso
1650 4728 1664 4748 .
1696 4703 1792 4743 ora
1825 4690 2007 4758 potius
2029 4730 2046 4755 ,
2093 4688 2166 4743 fili
2192 4729 2207 4755 ,
2244 4697 2302 4743 nt

717 4778 773 4832 in
802 4776 1033 4833 Domino
1056 4778 1433 4842 constabiliar,
1450 4789 1502 4833 et
1524 4779 1675 4833 omni
1700 4780 1858 4835 modo
1883 4797 2071 4836 server
2088 4796 2117 4835 a
2134 4780 2297 4834 malo.

713 4871 1029 4941 Corporalis
1078 4870 1372 4928 infirmitas
1427 4881 1518 4926 tua
1559 4888 1682 4927 cum
1736 4878 2035 4943 gratiarum
2087 4875 2303 4929 actione

714 4963 787 5018 sit
812 4963 954 5033 apud
983 4963 1153 5017 Deum
1188 4981 1204 5018 :
1241 4978 1342 5018 nec
1371 4964 1439 5019 de
1471 4966 1635 5019 modo
1659 4968 1989 5021 contristare
2029 4982 2137 5035 quo
2164 4982 2300 5021 con-

718 5054 857 5127 tigit.
910 5053 1071 5110 Novit
1112 5055 1377 5111 Dominus
1416 5072 1541 5126 qua:
1574 5057 1771 5127 cuique
1797 5059 2006 5127 prosint
2043 5057 2302 5113 tribuere.

715 5146 873 5204 Unde
902 5147 953 5201 id
984 5154 1168 5203 tamen
1200 5149 1462 5204 acciderit
1503 5151 1713 5205 nescio.
1752 5149 2133 5204 Maledicentia
2169 5166 2305 5204 con-

718 5250 1015 5304 temnatur,
1040 5255 1105 5295 ac
1135 5240 1384 5296 celeriter
1410 5252 1702 5297 evanescet
1735 5259 1748 5296 :
1780 5243 1826 5296 si
1855 5242 1999 5296 enim
2026 5244 2305 5311 timeatur,

720 5332 895 5402 magis
928 5332 1359 5403 ingruet;quam
1406 5334 1597 5390 vincas
1629 5338 1863 5402 utinam,
1893 5332 2005 5390 Deo
2040 5335 2306 5391 corrobo-

720 5433 895 5480 rante.
925 5421 1251 5493 Quanquam
1283 5423 1533 5493 plurima:
1563 5425 1631 5480 ab
1656 5424 1723 5480 iis
1751 5425 1845 5495 qui
1878 5437 2302 5495 persequuntur,

719 5517 986 5573 molestia:
1028 5518 1296 5587 ingruunt
1332 5535 1345 5572 :
1385 5528 1441 5574 at
1473 5519 1719 5575 caelestis
1780 5521 2155 5575 remuneratio
2200 5529 2303 5576 est.

720 5605 994 5677 Siquidem
1030 5606 1194 5678 igitur
1238 5611 1610 5677 compatimur,
1634 5617 1683 5662 et
1706 5606 2305 5677 congloriﬁcabimur".

720 5696 835 5755 Non
869 5698 1015 5755 enim
1050 5698 1431 5757 oblectationis
1476 5700 1640 5765 istud,
1682 5700 1776 5758 sed
1809 5699 2059 5773 martyrii
2096 5709 2308 5771 tempus

721 5803 824 5847 εει.

794 5886 833 5914 ⁵⁷
869 5884 1024 5940 Boni.
1062 5902 1177 5949 vm,
1210 5887 1293 5940 ΓΙ.

2404 4600 2517 4661 τοῖς
2550 4598 2879 4668 ἁγεράστοις
2922 4597 3075 4669 παρά
3104 4598 3213 4650 τῶν
3238 4597 3535 4665 φιλούντων
3565 4599 3982 4669 προσάπτουσα.

2420 4690 2717 4759 ’Δφέμενος
2765 4685 2861 4744 οὖν
2906 4688 3003 4743 τοῦ
3051 4692 3331 4757 ἐπαινεῖν,
3382 4690 3692 4761 προσεύχου
3746 4692 3981 4759 μᾶλλον,

2403 4783 2613 4846 τέκνον,
2655 4780 3009 4851 στηρίζεσθαί
3051 4799 3118 4849 με
3145 4783 3203 4835 ἐν
3242 4780 3455 4853 Κυρίῳ,
3492 4782 3590 4834 καὶ
3617 4782 3893 4846 σώζεσθαι
3929 4785 3986 4837 ἐν

2406 4874 2571 4929 παντὶ
2625 4874 2811 4945 τρόπῳ
2848 4874 2955 4927 ἀπὸ
3006 4874 3101 4928 τοῦ
3146 4874 3416 4945 Πονηροῦ.
3469 4874 3531 4927 Ἦ
3560 4877 3855 4948 σωματική
3892 4893 3985 4931 σου

2405 4966 2661 5021 ἀσθένεια
2680 4968 2737 5018 ἐν
2765 4966 3090 5037 εὐχαριστίᾳ
3113 4967 3201 5036 εἴη
3226 4966 3362 5036 πρὸς
3392 4965 3525 5020 Θεόν
3546 4980 3561 4996 ⁶
3592 4966 3784 5038 καὶμὴ
3812 4967 3986 5020 λυποῦ

2400 5066 2494 5112 τὸν
2523 5060 2729 5129 τρόπον
2758 5057 2821 5123 ἐξ
2849 5053 2910 5112 οὗ
2932 5055 3120 5129 ἦλθεν.
3158 5054 3281 5111 Οῐδε
3306 5057 3516 5129 Κύριος
3546 5058 3616 5111 τά
3637 5059 3989 5129 συμφέροντα

2402 5152 2619 5223 ἐκάστῳ
2680 5151 2921 5206 τιθέναι·
2976 5151 3121 5222 πλὴν
3166 5151 3349 5220 ἀγνοῶ
3400 5150 3525 5205 ὅθεν
3578 5168 3661 5205 σοι
3708 5147 3869 5225 ἧκεν.
3924 5151 3989 5204 Ἦ

2405 5243 2734 5315 βλασφημία
2766 5242 3222 5315 καταφρονείσθω
3242 5259 3256 5272 ·
3303 5244 3401 5297 καὶ
3443 5244 3731 5313 οίχήσεται
3759 5244 3986 5296 θᾶττον·

2406 5336 2652 5405 φοὸούσα
2687 5335 2745 5388 δὲ
2770 5335 2973 5404 μᾶλλον
3002 5334 3386 5405 παραγίνεται.
3422 5326 3531 5397 Ἦς
3565 5332 3828 5404 ρυσθείης
3852 5331 3988 5386 Θεοῦ

2412 5428 2739 5501 ἐπιρῥὼσει.
2790 5428 2853 5480 El
2900 5428 2996 5482 καὶ
3054 5428 3429 5498 καταπόνησις
3464 5427 3638 5499 πολλὴ
3688 5428 3842 5501 παρά
3882 5424 3990 5478 τῶν

2410 5522 2692 5576 διωκτῶνο
2747 5519 2884 5574 ἀλλά
2912 5520 2975 5573 τὸ
3021 5520 3279 5592 βραϐεῖον
3338 5521 3611 5592 οὐράνιον.
3665 5520 3855 5585 Eipr
3899 5513 3989 5571 οὖν

2413 5616 2879 5686 συμπάσχομεν,
2913 5614 3061 5687 [ἵνα]
3086 5615 3182 5668 καὶ
3212 5612 3750 5685 συνδοξασθῶμεν.
3776 5614 3853 5669 Ού
3883 5611 3987 5685 γὰρ

2413 5705 2710 5771 εὐπαθείας
2738 5706 2767 5760 6
2814 5704 3025 5776 καιρὸς,
3055 5704 3190 5760 ἀλλὰ
3224 5706 3548 5779 μαρτυρίου.

4078 1631 4079 1667 ι

4079 1672 4081 1733 1

4087 2002 4089 2047 i

4089 2084 4091 2131 ἲ
