4164 6486
174 425 339 487 1205

1405 419 1954 480 EPISTOLARUM
2005 419 2155 479 LIB.
2190 421 2273 479 II.

3331 416 3464 483 1206

251 539 341 591 Τὸ
381 535 683 610 πρόϐλημα
712 532 844 604 περὶ
893 529 989 585 τοῦ
1014 530 1393 601 πρεσϐυτέρου
1433 529 1529 590 τοῦ
1559 528 1778 600 ὁρθοδο-

1941 529 2183 594 anestio
2212 531 2280 586 de
2306 530 2651 604 presbytero,
2682 532 2772 603 qui
2800 547 2923 587 cum
2970 530 3315 587 ortltodoxus
3353 547 3470 587 ere-

174 627 305 695 ξεῖν
361 627 685 692 δοκοῦντος,
743 622 1120 685 συνεσθίοντος
1188 622 1244 675 δὲ
1292 620 1578 690 έπισκόπῳ
1629 620 1777 673 καθά

175 727 431 803 εἴρηκας
450 736 464 751 ’
490 720 539 773 εί
558 718 659 794 μὲν
679 717 946 772 παύσοιτο
964 716 1064 786 τῆς
1080 714 1337 787 τοιαύτης
1355 713 1776 778 συνεστιάσεως,

183 814 320 888 μετ’
348 811 633 884 ἐπιτιμίου
674 810 979 880 ἀπείρξεως
1014 809 1113 877 τῆς
1154 806 1467 879 ἱερουργίας
1495 806 1600 870 ἕως
1636 805 1781 869 τινὸς

182 906 426 980 χρόνου,
488 904 687 977 μηκέτι
723 905 804 967 είς
839 902 934 955 τὸν
959 900 1124 956 αὑτὸν
1161 901 1377 953 ὄλισθον
1416 899 1777 954 ὑποπίπτειν·

186 1001 313 1073 εχει
347 998 495 1054 ῐασιν
536 996 631 1051 τοῦ
682 996 995 1067 ἱερουργεῖν
1034 991 1170 1064 Θεῷ.
1226 991 1291 1046 Εί
1332 991 1391 1047 δὲ
1420 991 1741 1063 ἀδιαφοροίη
1764 1005 1779 1021 ·

194 1094 277 1165 μὴ
311 1092 527 1163 γένοιτο
556 1089 755 1161 λύτρον
787 1085 980 1159 ἀνδρὸς
1005 1087 1034 1139 ό
1081 1085 1215 1149 ἴδιος
1249 1082 1477 1149 πλοῦτος
1499 1100 1514 1115 °
1546 1083 1639 1137 τοῦ
1668 1090 1784 1153 cpu—

192 1188 343 1255 γεῖν·
376 1185 476 1239 σὺν
521 1184 588 1252 τῇ
637 1180 784 1235 δόσει
837 1178 935 1233 καὶ
982 1177 1270 1248 αἱρετικῆς
1323 1177 1637 1242 κοινωνίας,
1688 1174 1785 1228 καί¹

196 1272 833 1351 ἀμαρίτῄτικῆςρλλης
859 1267 1135 1341 πράξεως·
1155 1268 1218 1322 οὐ
1240 1266 1346 1339 μὴν
1376 1270 1444 1339 τῇ
1465 1265 1784 1336 ἀνταλλαγῇ

195 1372 394 1427 δοῦναι
424 1370 488 1424 τδ
529 1368 718 1434 καλὸν,
764 1365 861 1419 καὶ
888 1363 1078 1418 λαϐεῖν
1109 1360 1173 1415 τὸ
1201 1362 1415 1432 χεῖρον·
1456 1354 1572 1414 οἷον
1600 1357 1787 1412 δοῦναι

199 1467 346 1537 φῶς,
380 1463 477 1519 καὶ
503 1462 691 1516 λαϐεῖν
737 1458 949 1519 σκότος.
1005 1454 1129 1509 Οὐδ’
1177 1453 1245 1508 ἀν
1278 1453 1347 1505 τὰ
1391 1451 1490 1506 ὅλα
1523 1451 1788 1522 χρήματα

199 1557 301 1612 τοῦ
340 1555 549 1627 κόσμου
577 1548 807 1623 παρέξει
832 1562 948 1612 τις·
986 1546 1083 1601 καὶ
1111 1543 1386 1598 κοινωνῶν
1416 1544 1505 1613 εῐη
1529 1545 1598 1615 τῇ
1632 1542 1789 1613 αἱρέ-

204 1668 317 1715 σει,
350 1648 510 1719 φίλος
549 1642 688 1697 Θεοῦ
738 1640 1088 1702 καθίσταται,
1133 1637 1250 1690 ἀλλ’
1303 1634 1521 1707 ἐχθρός.
1563 1633 1679 1689 Καὶ
1734 1633 1789 1686 τί

202 1742 355 1811 λέγω
390 1735 712 1800 κοινωνίαςς
744 1732 865 1787 Κᾶν
892 1732 952 1783 ὲν
987 1726 1262 1801 βρώματι,
1291 1726 1387 1780 καὶ
1433 1725 1663 1797 πόματι,
1694 1722 1790 1776 καὶ

207 1836 365 1907 φιλίᾳ
428 1830 745 1898 συγκάτεισι
790 1828 904 1886 τοῖς
956 1823 1259 1893 αίρετικοῖς
1310 1816 1634 1880 ὑπεύθυνος.
1680 1813 1789 1869 Τοῦ

208 1924 605 1999 Χρυσοστόμου
631 1922 666 1991 ἡ
699 1917 1013 1986 ἀπόφασις·
1059 1913 1186 1966 ἐπεὶ
1227 1912 1324 1965 καὶ
1366 1909 1568 1999 παντὸς
1605 1907 1786 1999 ἁγίου.

210 1994 338 2081 Ilii);
375 2015 432 2069 δὲ
459 2000 736 2072 ἀκούσιον,
763 2006 858 2061 καὶ
890 2003 993 2058 οὐκ
1032 2000 1196 2072 ἔργον
1223 1999 1301 2068 τῷ
1334 1995 1584 2051 δοκοῦντι
1629 1994 1786 2066 ὀρθο-

212 2106 457 2177 φρονεῖν,
490 2096 839 2155 κοινωνοῦντι
871 2092 929 2146 δὲ
957 2092 1108 2161 ὅμως
1140 2091 1208 2160 τῇ
1244 2088 1465 2158 ἀρέσει;
1505 2083 1791 2139 ’Λκούσιόν

213 2176 387 2262 ἐστιν,
423 2196 553 2249 ὃταν
581 2190 643 2245 τὸ
673 2188 847 2257 στόμα
876 2203 963 2249 τις
991 2183 1091 2238 τοῦ
1118 2179 1405 2253 όρθοδόξου
1438 2177 1632 2249 βιαίως
1660 2176 1793 2230 ἀνα-

214 2292 406 2364 χάνας,
432 2284 607 2356 ἐγχέῃ
642 2281 745 2354 τὴν
774 2276 1057 2350 αἱρετικὴν
1077 2272 1364 2327 κοινωνίαν
1385 2272 1565 2364 ’.ὅπερ
1598 2267 1792 2364 εποίηῗ

215 2360 319 2438 σαν
350 2382 400 2434 oi
427 2378 596 2432 πάλαι
632 2371 926 2445 αἱρετικοὶ,
963 2370 1058 2422 καὶ
1087 2363 1361 2428 ποιοῦσιν,
1389 2362 1465 2427 ὡς
1491 2360 1721 2433 ἔμαθον,
1745 2361 1794 2413 οί

212 2477 336 2530 νυνὶ
384 2466 782 2544 Χριστομάχοι.
818 2463 893 2516 Τὸ
951 2462 1009 2516 δὲ
1067 2459 1161 2529 ἀφ’
1215 2455 1411 2512 ἑαυτοῦ
1478 2455 1793 2526 μετασχεῖν,

217 2566 492 2623 ἑκούσιον.
528 2560 588 2614 Ei
613 2560 668 2613 δὲ
696 2559 777 2611 ὅτι
800 2555 911 2610 δέει
930 2570 945 2583 ο
979 2551 1141 2605 τοῦτο
1161 2551 1270 2621 γάρ
1299 2547 1497 2601 ἔστιτὸ
1527 2545 1798 2617 ζητούμε-

215 2676 310 2713 νον
331 2674 347 2688 ⁸
378 2655 500 2710 οὐδὲ
531 2647 849 2712 οὓτως-ἕξει
894 2642 1215 2711 ἀπολογίαν.
1253 2638 1349 2705 Μὴ
1375 2636 1658 2707 φοϐεῖσθε
1686 2636 1797 2707 γὰρ

218 2750 340 2806 ἀ.τό
358 2746 477 2800 τῶι-
490 2740 952 2800 ἀετοκτενόντων
979 2733 1045 2789 τὸ
1073 2730 1421 2802 σῶμα,ἀλλὰ
1435 2728 1593 2793 Θεὸν,
1620 2728 1713 2781 τὸν
1739 2728 1799 2780 τὸ

222 2839 637 2913 συναμφότερον
658 2833 856 2904 γεέννῃ
876 2828 1099 2884 αἰωνίου
1130 2825 1303 2896 πυρὸς
1328 2821 1795 2913 παραπέμποντα.

232 2934 561 3003 Ἀκούομενς
602 2924 845 2996 ’Λληθῶς
874 2925 902 2976 ό
941 2921 1146 2989 κόσμος
1182 2918 1301 2979 ὅλος
1331 2916 1462 2986 μιᾶς
1494 2913 1673 2984 ψυχῆς
1702 2912 1801 2966 οὑκ

222 3030 371 3085 ἐστιν
417 3023 689 3087 ἀντάξιος,
733 3020 833 3090 τῆς
869 3011 1243 3085 φυλαττούσης
1288 3012 1488 3078 ἑαυτὴν
1530 3008 1802 3079 ἀμέτοχον

1883 619 2147 686 deretur;
2225 635 2350 675 cum
2402 622 2681 693 episcopo,
2738 622 3203 695 quemadmodum
3260 622 3472 682 dixisti.

1884 726 1993 765 una
2033 713 2217 767 cibum
2249 715 2432 784 capit;
2468 715 2514 770 si
2555 715 2774 785 quidem
2805 716 2878 771 ita
2909 716 3191 772 convivari
3224 715 3471 777 desierit,

1886 804 2140 875 imposita
2160 822 2342 877 poena,
2365 808 2651 865 abstentus
2672 818 2731 865 ut
2751 809 2823 864 sit
2849 810 2919 864 ab
2950 825 3009 865 re
3040 824 3196 866 sacra
3223 809 3473 865 obeunda

1885 914 2064 970 usque
2108 901 2175 955 ad
2212 912 2422 957 certum
2462 912 2697 973 tempus,
2738 920 2807 959 ne
2838 904 3067 973 posuiac
3120 903 3286 959 simili
3316 902 3472 972 lapsu

1885 992 2129 1048 oﬂ'endat
2186 1011 2199 1048 :
2241 995 2424 1050 sanari
2492 1004 2690 1065 potest,
2741 1004 2803 1050 ut
2849 996 3021 1053 sacris
3067 998 3360 1066 operetur.‘
3382 991 3478 1047 Sin

1886 1086 1935 1142 is
1967 1087 2364 1156 parvipendat;
2414 1103 2483 1144 ne
2534 1088 2648 1142 sint
2705 1088 2915 1143 homini
2956 1090 3195 1160 prepria:
3222 1101 3355 1156 opes
3380 1100 3482 1156 pro

1887 1178 2279 1247 redemptionis
2304 1179 2496 1249 pretio.
2529 1178 2806 1251 Fugienda
2831 1180 2975 1234 enim
3022 1195 3147 1235 cum
3176 1179 3475 1233 donatione

1888 1268 2207 1324 communio
2260 1270 2537 1334 haeretica,
2568 1278 2625 1326 et
2674 1270 2823 1327 aliud
2868 1272 3101 1341 quodvis
3131 1269 3311 1326 scelus
3342 1288 3355 1324 :
3382 1282 3485 1322 nec

1889 1362 1972 1418 sic
2021 1362 2356 1419 instituenda
2415 1366 2798 1431 commutatio,
2864 1376 2924 1419 ut
2981 1364 3129 1435 quod
3162 1366 3371 1419 bonum
3401 1371 3483 1440 est

1890 1453 2070 1518 detur,
2128 1454 2434 1524 accipiatur
2494 1457 2641 1525 quod
2696 1457 2987 1512 deterius:
3046 1454 3358 1527 cujusmodi
3399 1463 3485 1510 est

1892 1548 2067 1602 lucem
2102 1547 2408 1617 impertiri,
2461 1563 2527 1604 ac
2570 1551 2827 1605 tenebras
2876 1550 3101 1605 referre.
3137 1548 3248 1604 Nec
3279 1549 3324 1605 si
3360 1547 3486 1618 quis

1893 1639 2181 1694 universas
2237 1640 2426 1695 mundi
2476 1640 2698 1697 divitias
2748 1639 2965 1704 oﬂ‘erat,
3001 1640 3487 1709 communicetque

1895 1729 2109 1794 haeresi,
2165 1731 2377 1787 amicus
2428 1730 2521 1788 Dei
2560 1734 2891 1797 censebitur,
2940 1734 3032 1789 sed
3062 1732 3263 1789 hostis.
3296 1731 3486 1798 Quan-

1898 1837 2065 1892 quam
2092 1822 2224 1892 quid
2250 1823 2694 1880 communionem
2728 1825 2897 1881 dico?
2937 1824 3031 1881 Vel
3064 1826 3107 1879 si
3145 1825 3202 1879 in
3236 1824 3362 1879 cibo
3390 1810 3509 1893 po?

1898 1921 2093 1984 tuque,
2122 1924 2177 1970 et
2208 1916 2451 1971 amicitia
2472 1932 2599 1972 cum
2629 1917 2903 1974 haereticis
2924 1917 3334 1988 congrediatur,
3362 1932 3489 1971 reus

1898 2018 2003 2063 est.
2038 2007 2166 2063 Haec
2200 2009 2602 2081 Cbrysustomi,
2635 2010 2747 2064 imo
2776 2021 2829 2065 et
2864 2010 3110 2080 cujusvis
3132 2010 3332 2075 sancti,
3364 2023 3491 2065 ora—

1899 2098 1979 2154 tio
2005 2108 2107 2153 est.
2139 2098 2427 2165 Quomodo
2452 2115 2582 2155 vero
2609 2101 2663 2155 id
2695 2109 2888 2155 contra
2918 2096 3256 2156 voluntatem
3288 2113 3355 2154 ac
3379 2112 3488 2152 non

1900 2200 2095 2263 sponte
2128 2191 2209 2259 ﬁt,
2241 2208 2364 2249 cum
2405 2194 2529 2264 quis
2576 2195 2923 2249 orthodoxus
2976 2192 3198 2263 quidem
3237 2191 3489 2252 videtur,

1902 2285 2095 2341 haeresi
2128 2286 2310 2341 tamen
2354 2285 2575 2343 interim
2606 2285 3022 2342 communicat?
3059 2286 3263 2343 Contra
3294 2284 3493 2339 volun-

1905 2385 2069 2431 tatem
2100 2385 2205 2441 est,
2236 2379 2285 2433 si
2321 2378 2448 2449 quis
2494 2378 2786 2433 orthodoxi
2836 2393 2900 2433 os
2932 2392 3031 2448 per
3076 2370 3190 2431 vim
3218 2376 3495 2446 aperiens,

1904 2466 2219 2523 hareticam
2253 2468 2705 2523 communionem
2740 2468 3037 2523 infundat:
3077 2468 3130 2523 id
3170 2467 3319 2537 quod
3349 2467 3494 2521 i‘ecc—

1905 2565 2035 2611 runt
2055 2557 2184 2610 olim
2213 2557 2474 2623 haeretici,
2517 2565 2572 2612 et
2601 2555 2833 2621 faciunt,
2862 2570 2922 2613 ut
2954 2557 3143 2621 didici,
3177 2557 3343 2628 hujus
3370 2567 3498 2611 teta-

1906 2649 1976 2703 tis
2024 2647 2453 2703 Christomacbi.
2495 2649 2633 2703 Cum
2668 2650 2793 2719 quis
2833 2660 3016 2705 autem
3046 2665 3075 2702 a
3102 2649 3285 2719 seipso
3324 2649 3495 2720 parti-

1906 2755 2034 2811 ceps
2064 2740 2143 2806 ﬁt,
2201 2741 2255 2796 id
2297 2750 2493 2811 sponte
2543 2741 2624 2797 tit.
2665 2741 2761 2796 Sin
2787 2752 2969 2798 autem
3004 2743 3266 2813 quoniam
3306 2743 3496 2805 timet;

1907 2833 2013 2889 hoc
2046 2834 2191 2888 enim
2222 2843 2305 2889 est
2334 2835 2478 2905 quod
2509 2836 2806 2906 quaeritur;
2846 2851 2949 2892 nec
2982 2837 3063 2892 sic
3090 2835 3313 2891 habebit
3337 2850 3498 2892 excu-

1907 2927 2203 2984 sationem.
2248 2926 2432 2984 Nolite
2464 2931 2614 2986 enim
2644 2932 2826 2985 timere
2851 2947 2938 2985 eos
2966 2931 3057 3001 qui
3111 2931 3358 2985 occidunt
3381 2946 3501 2984 cor-

1909 3038 2009 3091 pus
2032 3022 2121 3091 ⁵⁸;
2156 3024 2250 3078 sed
2285 3025 2478 3093 Deum,
2519 3026 2615 3096 qui
2670 3034 2963 3095 utrumque
2991 3035 3173 3096 potest
3210 3026 3265 3080 in
3296 3025 3501 3096 gehen-

222 3124 319 3177 καὶ
368 3118 651 3191 αίρετικῆς
684 3109 974 3172 κοινωνίας
1014 3106 1110 3161 καὶ
1142 3103 1346 3166 παντὸς
1392 3100 1590 3155 κακοῦ.
1635 3100 1700 3153 Οἱ
1747 3098 1797 3151 δὲ

1910 3130 2040 3169 nam
2101 3116 2422 3184 sempiterni
2455 3118 2598 3186 ignis
2651 3115 2970 3171 amandare.
3001 3114 3270 3169 Audimus
3299 3114 3323 3168 ?
3363 3112 3501 3168 Vere

225 3212 551 3285 ἀμφοτέρων
573 3208 813 3279 μέτοχοι,
844 3202 1022 3274 χόρτῳ
1042 3199 1301 3269 ἰσότιμοι,
1324 3196 1524 3263 ξύλοις,
1553 3194 1801 3265 καλάμῃ.

230 3311 299 3361 Ἀ
329 3299 698 3360 κατακαῦσειε
736 3297 799 3351 τὸ
830 3291 1223 3365 δοκιμαστικδν
1256 3288 1373 3360 πῦρ
1402 3289 1502 3358 τῆς
1529 3286 1768 3359 κρίσεως
1788 3301 1802 3315 ο

224 3398 353 3460 τοὺς
388 3394 431 3447 δ’
464 3390 649 3448 αὐτῶν
679 3389 1001 3460 πράκτορας
1060 3382 1416 3453 συντηρήσει,
1447 3378 1639 3443 ἀῑδίως
1672 3377 1805 3448 φλο-

226 3486 569 3561 γιζομένους,
596 3477 693 3535 καὶ
724 3480 801 3551 μὴ
834 3476 1265 3551 χωνευομένους,

1907 3206 2149 3263 mundus
2178 3202 2328 3263 totus
2356 3222 2467 3263 non
2495 3216 2582 3263 est
2602 3224 2727 3263 cum
2760 3207 2946 3261 anima
2978 3220 3086 3260 una
3111 3203 3498 3270 conferendus,

1905 3313 2027 3367 qua:
2057 3300 2297 3369 seipsam
2353 3309 2469 3355 tum
2505 3300 2574 3355 ab
2621 3301 2876 3356 haeretica
2932 3300 3350 3365 communione,
3382 3310 3496 3355 tum

1904 3390 1974 3443 ab
2032 3390 2184 3445 omni
2234 3392 2381 3447 malo
2444 3404 2623 3449 servat
2675 3395 3002 3449 immunem.
3058 3391 3166 3460 Qui
3211 3406 3345 3447 vero
3377 3400 3506 3447 sunt

1905 3482 2194 3553 utriusque
2247 3485 2582 3557 participes,
2643 3484 2771 3541 I‘eno
2822 3486 3031 3541 similes
3118 3494 3268 3551 sunt,
3332 3484 3502 3556 ligno,

231 3580 485 3653 ειίρυιπε
531 3590 654 3646 qua:
682 3573 901 3644 quidem
945 3571 1264 3642 explorator
1294 3568 1438 3639 ignis
1490 3566 1689 3637 judicii
1757 3574 2026 3629 cremabit

2101 3593 2117 3631 :
2173 3591 2365 3633 eorum
2419 3589 2602 3635 autem
2674 3587 2928 3635 auctores
2979 3580 3035 3633 in
3105 3578 3502 3652 sempiternum

233 3692 405 3737 aevum
473 3668 734 3736 servabit,
784 3667 1091 3723 exurendos
1156 3665 1321 3728 idem,
1356 3678 1466 3718 non
1522 3677 1655 3717 vero
1688 3668 2028 3737 purgandos.

233 3797 357 3854 Al".
394 3787 649 3861 -Πρὸς
694 3784 843 3849 τοὺς
908 3782 1205 3852 λέγοντας
1259 3781 1347 3850 μὴ
1409 3794 1485 3832 πε
1525 3778 1817 3849 ιγραπτὸν

679 3852 836 3912 εἶναι
864 3856 987 3908 τὸν.
1009 3851 1269 3922 Χριστόν
1306 3796 1522 3922 [σπηᾶ

679 3852 836 3912 εἶναι
864 3850 1269 3922 τὸνῘΧριστόν
1306 3850 1481 3923 [σπη’.

318 3952 379 4007 '0
435 3952 510 4023 μὴ
554 3944 936 4019 περιγραπτὺν
988 3938 1133 3998 εῖναι
1182 3940 1436 4012 σώματος
1488 3941 1807 4012 χαρακτῆρι

1994 3784 2240 3843 XXXIII.
2274 3818 2343 3829 --
2372 3790 2452 3844 Ad
2484 3805 2571 3845 eos
2587 3789 2679 3855 qui
2708 3790 2890 3842 dicunt
2924 3801 3026 3841 non
3070 3785 3436 3843 circumscribi

2557 3858 2853 3916 Christum.

1977 3947 2081 4015 Qui
2137 3948 2621 4018 circumscriptum
2670 3965 2795 4006 esse
2835 3950 3086 4021 corporis
3115 3949 3292 4006 forma
3332 3948 3498 4003 Chri-

235 4049 327 4103 τὸν
359 4041 595 4115 Χριστὸν
616 4041 793 4110 λέγων
812 4054 827 4068 ·
860 4035 1040 4110 είλρμῷ
1063 4052 1175 4089 τινι
1204 4034 1425 4097 πάντως
1442 4033 1681 4105 φυσικῷ,
1713 4035 1797 4088 καῚ

1906 4050 2051 4095 stum
2093 4050 2286 4112 negat;
2319 4043 2711 4098 consecutione
2738 4044 2974 4114 quadam
3005 4043 3231 4098 omnino
3258 4041 3503 4114 physica,

236 4136 511 4201 ἀποδείξει
562 4134 758 4204 λογικῇ
826 4130 1202 4201 κεχρημένος,
1264 4126 1365 4198 τὴν
1427 4127 1558 4196 περὶ
1612 4126 1797 4181 τούτου

1906 4140 1962 4186 et
1986 4132 2452 4189 demonstratione
2487 4135 2685 4207 logica.
2718 4152 2874 4201 usus,
2910 4138 3053 4191 hanc
3091 4137 3159 4192 de
3205 4136 3313 4192 isto
3342 4147 3507 4205 argu-

238 4232 491 4288 ἔνστασιν
524 4226 841 4296 πεποίηται,
868 4225 949 4287 είς
982 4222 1273 4294 βεϐαίωσιν
1301 4218 1561 4290 ἀληθείας
1590 4220 1682 4273 καὶ
1697 4220 1797 4273 δια-

1908 4233 2092 4279 mento
2118 4224 2437 4280 instantiam
2486 4227 2715 4297 protulit
2741 4228 2809 4283 ad
2842 4227 3329 4283 confirmationem
3362 4227 3504 4281 veri-

239 4328 472 4397 σάφησιν
488 4322 603 4377 τῶν
628 4320 911 4391 ἀμυήτων.

1911 4317 2065 4382 tatis,
2093 4326 2147 4371 et
2175 4326 2236 4372 ut
2257 4318 2473 4387 profani
2502 4320 2756 4375 homines
2800 4319 3075 4375 manifesti
3104 4319 3258 4375 ﬁant.

311 4416 518 4473 Οὐκοῦν
551 4412 841 4486 παρελθὼν
887 4410 1210 4477 διδασκέτω,
1266 4411 1419 4474 ὅπως
1449 4410 1564 4482 ἔχει
1595 4409 1797 4480 φύσεως

1982 4410 2251 4468 Prodiens
2287 4415 2471 4483 itaque
2494 4413 2549 4467 in
2585 4413 2849 4478 medium,
2883 4414 3078 4469 doceat
3111 4413 3270 4484 cujus
3303 4412 3376 4468 sit
3409 4427 3508 4466 na-

240 4514 272 4568 δ
302 4512 479 4581 λόγος,
511 4509 605 4563 καὶ
646 4506 730 4571 τίς
771 4506 804 4576 ἡ
848 4503 999 4558 αἰτία
1052 4503 1153 4575 τῆς
1206 4504 1507 4575 ἀγραφίας.
1561 4504 1684 4557 Ὅτι
1734 4500 1797 4571 τιῖ

1911 4511 2046 4558 turae
2074 4519 2277 4572 sermo,
2314 4514 2371 4560 et
2394 4520 2516 4575 qua:
2569 4521 2734 4562 causa
2781 4507 2873 4572 sit,
2924 4522 3024 4562 cur
3052 4504 3307 4561 Christus
3363 4504 3509 4574 pingi

240 4604 362 4659 καθ’
392 4604 537 4675 ἡμᾶς
568 4600 701 4654 εῖδει
730 4600 791 4652 οὐ
826 4596 1215 4669 μεμόρφωται;
1250 4597 1334 4652 ὅτι
1378 4596 1587 4659 ὀστέοις
1608 4594 1671 4649 τὸ
1702 4593 1797 4648 σῶι

1908 4609 2016 4648 non
2036 4595 2231 4665 possit.
2261 4597 2344 4651 An
2394 4598 2541 4668 quod
2586 4614 2691 4653 non
2723 4608 2808 4654 est
2836 4599 2903 4653 ad
2960 4598 3376 4655 similitudinem
3406 4612 3506 4652 no-

243 4714 320 4770 μα
365 4696 427 4750 οὐ
488 4692 837 4761 διείληπται;
883 4690 966 4743 ὅτι
1011 4688 1305 4759 βλεφάροις
1337 4687 1433 4743 καὶ
1483 4687 1681 4759 ὀφρύσι
1713 4686 1797 4748 τὰς

1921 4695 2088 4745 stram
2124 4688 2454 4746 informatus
2482 4691 2507 4744 ?
2539 4692 2684 4761 quod
2722 4707 2921 4762 corpus
2950 4694 2999 4748 ei
3025 4707 3135 4747 non
3165 4700 3248 4748 est
3271 4690 3507 4746 divisum

238 4787 470 4853 όπτικάς
501 4786 670 4857 κόρας
702 4784 805 4837 οὐκ
835 4783 1214 4853 ὲφήρμοσταις
1246 4782 1328 4835 ὅτι
1370 4781 1477 4834 ὠσὶ
1523 4780 1653 4844 τοὺς
1697 4781 1811 4833 ὲλι-

240 4881 469 4943 κοειδεϊς
498 4878 701 4949 πόρους
743 4876 803 4930 οὐ
834 4875 1128 4929 τετόνωται
1149 4890 1165 4940 ;
1188 4872 1271 4927 ὅτι
1304 4874 1417 4947 ῥισὶ
1436 4872 1546 4926 τῶν
1576 4874 1818 4945 ὀσφραν-

1922 4777 2141 4833 ossibus
2167 4778 2191 4832 ?
2218 4781 2365 4850 quod
2400 4782 2633 4853 pupillas
2652 4784 2936 4839 oculorum
2973 4798 3081 4839 non
3116 4783 3279 4838 habet
3310 4783 3503 4854 palpe—

1920 4868 2035 4925 bris
2062 4870 2357 4929 instructas
2393 4889 2458 4930 ac
2480 4876 2791 4946 superciliis
2818 4878 2842 4931 ?
2870 4877 3015 4947 quod
3044 4892 3206 4932 aures
3236 4891 3347 4933 non
3372 4888 3505 4931 sunt

238 4973 347 5027 τῶν
393 4970 814 5041 ἀντιλαμϐάνειν
870 4969 970 5022 οὐκ
1010 4966 1370 5039 ηὐθείασταις
1424 4968 1507 5020 ὅτι
1560 4967 1797 5037 παρειαῖς

1919 4961 2164 5021 sinuosis
2195 4976 2493 5038 compactae
2520 4968 2827 5024 meatibus?
2876 4968 3020 5039 quod
3062 4985 3168 5024 non
3227 4976 3356 5022 sunt
3384 4978 3507 5038 apte

241 5064 483 5137 ήϐώσαις
542 5063 641 5117 οὐκ
677 5061 1012 5133 ὲξήρτηται;
1048 5062 1132 5114 ὅτι
1175 5060 1405 5131 στόματι
1440 5058 1536 5113 καὶ
1575 5058 1815 5132 γλώττῃ,

1918 5055 2237 5124 compositae
2271 5074 2434 5114 nares
2459 5059 2524 5115 ad
2542 5058 2922 5130 percipiendos
2952 5060 3150 5115 odores
3175 5060 3201 5115 ?
3222 5059 3367 5130 quod
3395 5075 3503 5116 nou

242 5157 445 5231 χείλεσι
472 5173 533 5210 τε
582 5156 680 5209 καὶ
733 5154 969 5219 ὀδοῦσιν,
999 5154 1061 5208 οὐ
1109 5152 1427 5215 διείλεκται,
1469 5152 1723 5223 βέϐρωκέ
1753 5168 1797 5204 τι

1915 5152 2001 5202 est
2026 5147 2451 5217 pubescentibus
2476 5150 2629 5221 genis
2653 5150 2989 5207 instructus?
3004 5149 3150 5221 quod
3167 5165 3283 5215 ore,
3306 5150 3506 5216 lingua.

240 5234 337 5304 atat
377 5246 668 5315 πέπωκενς
721 5244 805 5299 ὅτι
853 5242 1042 5316 ὤμων,
1074 5241 1169 5297 καὶ
1203 5240 1443 5306 ὠλενῶν,
1492 5242 1589 5295 καὶ
1613 5239 1797 5311 χειρῶι

1918 5235 2079 5292 labiis
2110 5237 2499 5310 dentibusque,
2533 5256 2633 5297 nec
2658 5257 2847 5297 vocem
2871 5243 3116 5314 protulit,
3143 5255 3243 5298 nec
3274 5241 3506 5297 comedit

244 5338 521 5413 περιθέσει
544 5334 608 5391 οὐ
635 5336 986 5403 διέπλασται;
1017 5336 1101 5390 ὅτι
1135 5336 1336 5407 στέρνα
1372 5331 1521 5404 αὐτῷ
1553 5334 1647 5388 καὶ
1674 5332 1821 5387 νῶτα

246 5433 341 5488 σὺν
368 5433 597 5503 κνημῖσι
619 5430 715 5485 καὶ
758 5429 919 5485 ποσὶν
947 5428 1435 5498 οὐκ,ὲμπέφυκεν;
1466 5428 1549 5481 ὅτι
1571 5426 1821 5497 παράτα-

243 5542 327 5579 σιν
367 5524 628 5597 χρονικὴν
675 5522 818 5577 κατὰ
868 5520 1156 5593 προκοπὴν
1213 5521 1311 5575 καὶ
1341 5520 1572 5591 αὔξησιν
1600 5518 1820 5590 ἡλικίας

247 5615 343 5669 οὐκ
366 5615 628 5685 είληφενς
660 5613 745 5667 ὅτι
774 5612 991 5683 κίνησις
1016 5612 1165 5683 αὐτῷ
1190 5612 1516 5682 πορευτικὴ,
1544 5612 1578 5682 ἡ
1617 5610 1754 5674 ἄνω,
1784 5612 1817 5679 ὴ

248 5706 415 5770 κάτω,
446 5705 481 5773 ἡ
521 5704 693 5772 ἐντὸς,
753 5708 786 5775 ἠ
829 5702 1006 5766 ἐκτὸς,
1058 5704 1093 5776 ἡ
1149 5701 1323 5769 δεξιὰ,
1380 5703 1413 5772 ἡ
1468 5699 1754 5773 ἀριστερὰ,
1788 5701 1820 5767 ἡ

252 5795 642 5868 κυκλοφορικὴ,
703 5797 765 5849 οὐ
825 5796 1306 5867 συνεκπέφανται;
1361 5794 1442 5849 ὅτι
1501 5793 1690 5856 κόποις
1727 5793 1822 5844 καὶ

315 5912 359 5943 ⁸⁸
388 5907 576 5965 Matth.
612 5926 665 5973 ι,
690 5909 778 5965 28.

1930 5337 2025 5383 aut
2053 5329 2231 5386 bibit?
2259 5333 2404 5402 quod
2438 5347 2545 5389 non
2585 5342 2669 5390 est
2698 5335 2964 5397 humeris,
3001 5343 3056 5391 et
3090 5335 3255 5402 ulnis,
3295 5344 3352 5392 et
3389 5350 3510 5389 ma-

1932 5419 2094 5476 nibus
2124 5421 2518 5479 circumductis
2548 5424 2923 5482 conformatus
2951 5426 2975 5481 ἲ
3000 5427 3145 5497 quod
3189 5441 3292 5482 nec
3319 5434 3510 5497 peetus

1929 5510 1979 5565 ei
2021 5526 2120 5567 nec
2143 5512 2367 5569 dorsum
2390 5555 2405 5579 ,
2438 5533 2561 5572 cum
2608 5518 2861 5574 cruribus
2895 5519 3231 5589 pedibusque
3252 5557 3268 5583 ,
3306 5518 3446 5574 inest
3478 5534 3506 5572 a

1932 5612 2129 5661 natura
2158 5606 2181 5660 ?
2208 5608 2356 5679 quod
2388 5626 2679 5681 progressu
2713 5612 2975 5683 temporis
3009 5627 3121 5667 non
3176 5620 3262 5668 est
3303 5615 3507 5682 proce—

1932 5696 2046 5752 τίοι·
2072 5697 2268 5766 iactus,
2307 5702 2463 5773 juxta
2500 5719 2814 5773 processum
2850 5698 2913 5760 et
2935 5704 3333 5761 incrementum
3382 5716 3510 5761 aeta-

1931 5789 2002 5847 tis
2030 5791 2053 5845 ?
2078 5794 2223 5865 quod
2256 5797 2436 5856 nullus
2483 5798 2529 5855 ei
2562 5798 2628 5855 ad
2661 5799 2933 5857 incessum
2967 5808 3173 5866 motus,
3200 5814 3389 5871 supra,
3420 5798 3511 5854 in-
