4164 6466
652 384 786 451 1187

1856 381 1922 442 S.
1958 380 2348 441 TllE()DORl
2388 385 2736 446 STUDITE

3779 388 3923 453 1188

650 498 783 551 mihi
814 495 953 549 detis
982 508 1195 557 eorum,
1225 508 1346 563 qua:
1380 498 1573 561 praeter
1618 490 1883 543 rationem
1928 492 1980 542 in
2021 491 2220 557 gulier-
2250 551 2252 554 ς

2359 496 2503 563 οίητε
2559 498 2644 565 ἐφ’
2698 493 2781 560 οἷς
2834 500 2986 567 παρά
3041 499 3198 567 λόγον
3249 502 3340 554 διά
3397 504 3496 571 τῆς
3554 501 3920 571 καθηγήσεως

648 588 866 641 natione
896 589 1179 640 adversum
1218 602 1310 639 vos
1345 586 1456 637 dixi
1492 584 1571 637 vel
1601 584 1707 653 egi,
1743 593 1858 637 tum
1894 586 2076 645 verbo,
2112 591 2229 636 tum

651 680 815 733 facto.
867 680 1069 732 Delicta
1101 678 1241 731 enim
1276 677 1391 745 quis
1429 677 1680 745 intelliget
1711 676 1802 727 “‘2
1846 676 1945 728 Et:
1985 676 2227 742 Olfendi-

651 788 764 823 mus
796 788 972 823 omnes
990 771 1066 834 “;
1108 779 1161 824 et
1193 786 1294 837 ego
1322 768 1622 839 prteserlim
1659 770 1904 820 omnium
1951 767 2226 835 nequissi-

654 878 797 916 mus.
840 861 989 917 Unde
1042 872 1096 916 et
1146 876 1334 931 preces
1382 869 1591 913 vestras
1644 859 1877 926 imploro
1927 859 1993 910 ad
2034 872 2233 913 conse-

654 954 925 1023 quendam
959 953 1187 1007 salutem
1236 966 1557 1006 aerumnosa:
1604 950 1801 1003 animze
1828 965 1961 1002 mete
1996 966 2008 1002 τ
2042 950 2237 1002 deinde

657 1062 752 1114 pro
793 1046 1051 1097 fratribus
1073 1085 1086 1108 ,
1115 1045 1205 1113 qui
1240 1052 1461 1111 propter
1488 1050 1707 1110 peccata
1762 1054 1881 1093 mea
1926 1040 2234 1107 segregati,

655 1139 941 1205 avulsiun
970 1145 1097 1189 sunt
1144 1151 1173 1188 a
1218 1146 1404 1189 nostra
1439 1135 1491 1186 in
1533 1134 1735 1202 Spiritu
1784 1144 1977 1185 sancto
2008 1148 2228 1200 congre-

658 1233 894 1297 gatiooe.
936 1228 1024 1280 Est
1057 1229 1295 1295 quidem,
1317 1236 1399 1280 est
1428 1226 1590 1294 plane
1622 1225 1877 1277 omnibus
1909 1223 2237 1292 patefactum

658 1323 803 1389 quod
831 1322 910 1374 eis
941 1318 1443 1387 impendeljustum
1480 1316 1572 1369 Dei
1605 1316 1878 1384 judicium
1908 1331 1920 1367 :
1956 1324 2235 1367 verumta-

662 1430 785 1465 men
821 1412 949 1479 quia
988 1412 1080 1462 lilii
1112 1418 1242 1463 sunt
1288 1418 1341 1462 et
1373 1408 1615 1462 membra
1642 1446 1656 1468 .
1691 1406 2089 1458 condolendum
2132 1406 2241 1460 illis

660 1516 780 1567 est,
823 1516 875 1558 et
905 1503 1141 1572 amplius
1170 1502 1613 1556 conti-standum.
1665 1499 1795 1553 Dico
1826 1509 2007 1552 autem
2036 1537 2050 1559 ,
2091 1498 2238 1549 fratri

661 1597 889 1651 Leontio
914 1637 927 1660 ,
967 1595 1202 1649 Maximo
1229 1634 1243 1657 ,
1279 1593 1586 1656 Clementi,
1632 1592 1755 1645 aliis
1802 1590 2095 1655 omnibus,
2146 1590 2240 1657 qui

660 1692 873 1759 seipsos
902 1702 1232 1758 quacunque
1271 1685 1447 1738 inanis
1490 1692 1787 1753 prmtextus
1833 1681 2015 1750 specie
2059 1695 2243 1748 segre-

662 1794 895 1853 garunt;
932 1798 1050 1850 qua:
1081 1782 1131 1834 in
1168 1794 1254 1833 mc
1282 1778 1503 1847 quidem
1538 1776 1913 1837 admiserunt,
1950 1776 2077 1827 olim
2104 1773 2238 1833 dixi,

2341 587 2497 651 ἔλεξα
2540 589 2571 659 ἢ
2626 589 2830 661 ἔδρασα
2880 592 2960 653 εἰς
3009 592 3152 661 ὑμᾶς
3198 594 3433 660 λογικῶς
3480 595 3571 645 καὶ
3605 610 3922 662 πραγματι-

2341 681 2472 743 κῶς.
2530 683 2843 749 ’Λμτιρτίας
2870 684 2979 751 γὰρ
3029 686 3120 749 τίς
3157 686 3464 751 συνήσεις
3520 684 3662 737 Καί·
3712 687 3923 739 Πταίο-

2336 790 2453 841 μεν
2500 773 2799 838 ἅπαντες·
2848 775 2940 826 καί
2982 792 3044 842 γε
3120 777 3359 845 μάλιστα
3427 778 3538 845 ἐγὼ
3595 780 3626 830 ὁ
3700 779 3924 831 πάντων

2343 865 2694 934 ἀχρειότερος
2749 864 3077 945 ἀνθρῴταυν.
3114 869 3206 919 Διὸ
3246 870 3339 921 καὶ
3405 868 3730 938 ἐξαιτοῦμαι
3774 868 3925 938 ὑμῶν

2342 957 2441 1023 τὴν
2482 956 2795 1026 προσευχὴν
2840 958 2918 1018 είς
2966 956 3254 1022 ἑπίτευξιν’
3278 960 3555 1028 σωτηρίας
3592 960 3693 1029 τῆς
3736 960 3924 1011 ταλαι·

2346 1045 2531 1114 πώρου
2590 1064 2691 1115 μου
2742 1047 2957 1117 ψυχῆς
3019 1049 3212 1103 ἔπειτα
3284 1050 3371 1102 διὰ
3442 1051 3571 1114 τοὺς
3630 1050 3777 1103 κατά
3829 1051 3926 1114 τὰς

2345 1130 2623 1200 ἁμαρτίας
2691 1150 2795 1201 μου
2863 1136 3285 1206 ἀπορῤαγέντας
3345 1141 3446 1208 τῆς
3512 1140 3573 1191 ὲν
3646 1141 3928 1210 Πνεῦματι

2346 1222 2488 1291 ἁγίῳ
2540 1223 2835 1291 συναφείας
2894 1227 3055 1295 ἡμῶν
3112 1227 3402 1295 ἀδελφούς.
3456 1229 3615 1281 Ἐστι
3663 1229 3767 1299 μὲν
3810 1228 3926 1292 οὖν,

2348 1315 2462 1367 ἐστι
2495 1316 2869 1385 δεδηλωμένον
2905 1319 2965 1370 ὲν
3003 1318 3176 1371 ἀπασι
3200 1320 3262 1373 τὸ
3297 1320 3507 1372 ἔνδικον
3550 1320 3742 1383 αὐτοῖς
3772 1321 3929 1390 παρά

2348 1404 2468 1474 Θεῷ
2530 1410 2742 1475 κρῖμα·
2804 1407 2917 1460 ἀλλ’
2963 1409 3114 1477 ὅμως
3171 1410 3297 1463 ἐπεὶ
3355 1411 3525 1464 τέκνα
3588 1412 3685 1464 καὶ
3766 1412 3928 1482 μέλη,

2352 1498 2779 1565 συμπαθητέον,
2841 1500 2937 1553 καὶ
2994 1501 3489 1572 ’διαμαρτυρητέον
3559 1504 3746 1566 αὐτοῖς
3816 1503 3924 1557 ἔτι.

2351 1589 2506 1655 Λέγω
2532 1588 2618 1658 δὴ.
2659 1588 2734 1657 τῷ
2766 1589 2979 1660 ἀδελφῷ
3006 1592 3269 1663 Λεοντίῳ,
3311 1591 3571 1663 Μαξίμῳ,
3620 1593 3932 1663 Κλήμεντι,

2349 1683 2461 1741 τοῖς
2488 1680 2666 1742 ἄλλοις
2708 1682 2904 1745 ἅπασι,
2960 1685 3075 1745 τοίς
3120 1684 3244 1737 καθ’
3293 1683 3682 1755 οίονδηποτοῦν
3730 1685 3935 1753 τρόπον

2352 1772 2785 1840 προφασι).ογίας
2820 1773 3062 1842 ματαίας
3113 1775 3495 1843 ἀποσχισθείσι
3519 1792 3536 1808 ο
3579 1776 3648 1828 τά
3680 1778 3762 1837 είς
3797 1775 3933 1843 ὲμέ⁶

664 1888 717 1929 et
752 1890 898 1928 nunc
929 1874 1086 1937 dico,
1132 1868 1523 1939 ignoscendum
1558 1867 1663 1921 illis
1692 1877 1797 1921 est.
1841 1866 1947 1919 Sed
1980 1866 2240 1934 quoniam

2359 1865 2442 1916 eui.
2494 1860 2647 1917 εἶπον
2716 1865 2921 1927 πάλαι,
2975 1866 3068 1918 καὶ
3136 1867 3280 1935 λέγω
3340 1868 3497 1937 ἄρτι·
3543 1868 3937 1936 Συγχωρητέον

666 1982 788 2037 quae
821 1968 875 2020 in
905 1966 1071 2018 Deum
1102 1962 1397 2015 commissa
1429 1967 1592 2021 sunt,
1630 1958 1869 2012 hominis
1906 1974 2009 2011 non
2048 1967 2167 2020 est,
2201 1959 2245 2011 si

664 2060 872 2125 absque
914 2054 1228 2123 poenitentia
1274 2060 1580 2112 maneant,
1636 2050 1877 2113 solvere;
1936 2050 2011 2103 illi
2064 2058 2247 2101 autem

668 2144 982 2216 pmnitentia
1017 2141 1259 2195 nondum
1296 2139 1425 2193 tacti
1459 2137 1711 2191 videntur
1740 2152 1753 2201 ;
1796 2138 1929 2205 quin
1962 2136 2065 2189 alia
2095 2137 2249 2190 insu-

671 2255 765 2308 per
800 2238 913 2290 haec
938 2244 990 2289 et
1019 2234 1108 2287 illa
1136 2232 1317 2301 egisse
1343 2247 1463 2299 qua:
1494 2229 1596 2298 ipsi
1636 2236 1837 2282 norunt
1862 2247 1873 2281 :
1902 2228 2161 2291 obsecro,
2195 2239 2253 2281 ut

666 2346 769 2401 per
789 2345 885 2383 vos
910 2330 1021 2382 sive
1048 2342 1214 2388 nunc,
1236 2325 1347 2377 sive
1379 2331 1501 2392 post
1523 2331 1749 2376 mortem
1775 2336 1974 2383 meam,
1995 2320 2093 2372 hoe
2122 2320 2249 2382 illis,

671 2424 1033 2479 tentationum
1063 2426 1206 2472 metu
1231 2457 1246 2480 ,
1282 2416 1634 2470 denuntietur
1662 2430 1676 2467 :
1714 2413 1843 2481 quia
1877 2413 2072 2467 videtis
2094 2453 2106 2470 .
2136 2411 2243 2465 fra-

670 2528 780 2572 tres
804 2556 818 2581 ,
855 2513 1091 2569 terribile
1132 2519 1186 2565 et
1228 2508 1539 2564 inevitabile
1567 2505 1837 2575 judicium
1868 2546 1882 2568 ,
1931 2504 2035 2557 nisi
2070 2502 2241 2556 Deum

670 2608 831 2677 digna
864 2602 1178 2674 pmnitentia
1246 2598 1594 2669 placaveritis
1628 2610 1643 2649 :
1697 2604 1963 2665 quantmn
2002 2594 2147 2646 enim
2181 2593 2247 2647 ad

672 2717 759 2755 me
809 2710 1148 2768 peccatorem
1201 2689 1591 2762 ignoscendum
1643 2699 1725 2741 est
1779 2688 1956 2741 vobis.
2016 2684 2127 2739 lloc
2172 2694 2259 2739 est

672 2794 818 2865 quod
868 2789 1115 2845 nonnihil
1152 2801 1238 2841 me
1283 2784 1569 2838 contristat
1598 2820 1611 2841 ,
1661 2792 1711 2832 et
1754 2779 1922 2833 menti
1973 2777 2253 2831 occurrit:

671 2888 816 2959 quod
868 2896 929 2939 ut
964 2899 1091 2953 erga
1124 2893 1315 2933 onmes
1359 2873 1651 2945 perliciatis
1683 2888 1779 2926 vos
1815 2886 1936 2925 oro.
1986 2868 2171 2924 Valete
2202 2868 2256 2921 in

675 2982 928 3037 Domino.

1098 3065 1289 3123 XXIII.
1326 3095 1393 3105 —
1420 3061 1713 3129 Praeposito
1749 3059 1839 3129 (‘).

2357 1956 2563 2018 αὐτοῖς.
2617 1956 2757 2008 Ἀλλ’
2812 1956 3000 2027 ἐπειδὴ
3052 1956 3121 2010 τὰ
3175 1960 3255 2020 εἰς
3287 1957 3442 2022 Θεὸν,
3489 1959 3591 2011 οὐκ
3646 1958 3937 2027 ἀνθρώπου

2357 2035 2506 2099 λύειν
2546 2047 2895 2117 ἀμετανόητα
2928 2050 3161 2118 μένοντα
3183 2065 3197 2078 ·
3231 2050 3292 2101 οὐ
3320 2049 3494 2117 δήπου
3528 2050 3585 2102 δὲ
3614 2066 3940 2119 μετανενοηο

2360 2137 2514 2199 κότες
2579 2139 2860 2205 φαίνονται
2973 2139 3113 2192 ἀλλά
3181 2141 3278 2193 καὶ
3356 2140 3939 2211 προσεξεῃασάμενοι

2360 2229 2517 2281 τοῦτο
2547 2232 2789 2295 κάκεῖνο,
2824 2229 2858 2283 ἃ
2899 2232 3042 2283 ἴσασι
3064 2246 3078 2261 ·
3110 2231 3436 2301 παρακαλῶ,
3463 2231 3532 2284 δι’
3564 2231 3721 2301 ὑμῶν
3751 2231 3784 2301 ἢ
3819 2231 3938 2295 νῦν,

2361 2322 2471 2375 εἴτε
2533 2324 2671 2392 μετά
2722 2323 2952 2375 θάνατόν
3014 2340 3138 2391 μου,
3196 2322 3350 2392 φόϐῳ
3418 2323 3528 2375 τῶν
3584 2323 3939 2393 πειρασμῶν,

2359 2414 2582 2483 δοθῆναι
2631 2416 2814 2477 αὐτοῖς
2864 2414 2956 2467 τὸν
3009 2414 3204 2482 λόγοντ
3253 2416 3339 2467 ὅτι
3391 2414 3641 2484 βλέπετε,
3694 2416 3938 2483 ἀδελφοὶ,

2363 2506 2597 2575 φοόερὸν
2631 2506 2690 2557 τὸ
2745 2508 2921 2577 κρῖμα
2955 2508 3049 2559 καὶ⁵
3092 2506 3472 2577 ἀπαραίτητον
3499 2524 3511 2537 ’
3546 2510 3594 2560 εί
3651 2512 3731 2577 μὴ
3776 2524 3943 2578 μετα-

2362 2598 2479 2667 νοίᾳ
2507 2597 2775 2667 ἀξιολόγῳ
2810 2597 3164 2661 ἑξιλεώσεσθε
3188 2599 3281 2651 τὸν
3305 2600 3468 2651 Θεόν·
3496 2600 3558 2651 τὸ
3593 2600 3703 2670 γάρ
3734 2604 3790 2653 ὲν
3819 2602 3943 2671 ἐμοὶ

2360 2691 2439 2761 τῷ
2490 2691 2804 2761 ἁμαρτωλῷ
2848 2692 3233 2762 συγχωρητέον
3293 2694 3445 2760 ὑμῖν.
3496 2694 3669 2747 Τοῦτό
3710 2696 3831 2746 ἑστι
3883 2693 3943 2744 τὸ

2366 2784 2677 2836 ὐπολυποῦν
2738 2801 2805 2854 με
2866 2786 2961 2837 καὶ
3018 2786 3469 2855 παριστάμενον·
3542 2787 3570 2838 ὃ
3631 2785 3943 2838 διατελέσαι

2366 2871 2503 2941 πρὸς
2538 2873 2749 2936 πάντας
2783 2872 3022 2930 δυσωπῶ
3070 2874 3238 2945 ὑμᾶς.
3276 2875 3563 2946 Ἔρρωσθε
3619 2879 3680 2929 ὲν
3729 2874 3939 2945 Κυρίῳ.

2728 3060 2853 3115 Kl".
2872 3088 2932 3099 -—-
2982 3057 3344 3129 Ἡγουμένῳ.
3370 3057 3554 3131 [σλβ’.]

1664 3174 1738 3223 De
1765 3174 1949 3221 sanctis
1986 3170 2302 3233 imaginibus.
2332 3172 2531 3232 (Baron.
2560 3186 2638 3221 an.
2667 3172 2781 3232 8l6,
2808 3188 2857 3221 n.
2884 3172 2989 3235 δι.)

745 3302 996 3356 Paterna:
1022 3290 1297 3350 sanctitati
1327 3297 1520 3342 vestra:
1554 3284 1825 3340 scribendi
1860 3298 2067 3337 moram
2108 3281 2210 3334 feci
2244 3298 2258 3333 :
2289 3286 2333 3346 Ο

682 3399 754 3452 ita
788 3392 1006 3463 quidem
1038 3384 1331 3454 impeditus
1371 3380 1440 3433 ab
1472 3394 1534 3432 ea
1564 3376 1811 3430 custodia
1853 3389 1975 3442 quae
2026 3388 2112 3425 me
2156 3372 2265 3425 cir-

679 3494 937 3544 cumstat.
967 3479 1159 3535 Audivi
1186 3476 1469 3529 enimvero
1494 3471 1623 3524 olim
1652 3466 1889 3522 carceris
1917 3474 2136 3534 propter
2162 3464 2267 3516 Do-

682 3579 891 3633 minum
929 3587 992 3626 ac
1023 3567 1340 3625 certaminis
1371 3565 1449 3617 tui
1492 3561 1753 3615 laborem.
1791 3555 1897 3610 Sed
1950 3555 2267 3610 benedictus

682 3671 827 3725 Deus
867 3667 960 3736 qui
1003 3673 1056 3717 et
1100 3660 1444 3715 sanctitatem
1481 3650 1630 3708 tuam
1683 3649 1897 3704 vocavit
1941 3647 2007 3700 ad
2050 3644 2268 3702 confes-

683 3733 899 3817 sionem
929 3753 1049 3807 Filii
1084 3752 1167 3806 sui
1198 3748 1325 3802 Jesu
1357 3742 1583 3807 Christi,
1617 3739 1828 3793 Domini
1860 3746 1913 3791 et
1948 3734 2040 3789 Dei
2072 3733 2269 3788 nostri.

685 3851 875 3919 Neque
908 3847 1054 3902 enim
1082 3842 1231 3897 aliud
1261 3851 1343 3893 est
1376 3850 1475 3907 pro
1502 3832 1737 3902 imagine
1764 3829 1954 3882 forma:
1984 3828 2128 3879 illius
2150 3840 2271 3878 cor-

687 3917 865 4016 porea:
894 3941 1200 3999 decertare,
1228 3945 1393 4001 quam
1422 3942 1519 3999 pro
1547 3925 1665 3993 ipso
1694 3921 2017 3991 martyrium
2050 3917 2265 3972 facere:

683 4012 1128 4107 quandoquidem
1155 4039 1322 4079 unum
1353 4020 1606 4085 idemque
1630 4023 1735 4081 est,
1762 4012 1939 4082 quoad
1967 4023 2272 4079 repraesen-

686 4100 839 4183 tandi
872 4100 1001 4186 vim,
1036 4128 1091 4174 et
1120 4118 1299 4185 imago
1326 4121 1381 4168 et
1411 4111 1457 4165 is
1487 4107 1579 4177 qui
1617 4104 1850 4172 imagine
1886 4100 2269 4155 adumbratur.

693 4215 916 4287 Depingi
946 4222 1129 4267 autem
1151 4206 1432 4263 Christum
1452 4240 1467 4266 ,
1510 4199 1591 4252 vel
1626 4196 1832 4267 lapides
1884 4192 1985 4263 ipsi
2013 4190 2271 4245 clamant.

2451 3283 2752 3354 Ἑδράδυνα
2782 3284 3087 3337 ἐπιστεῖλαι
3116 3287 3184 3356 τῇ
3216 3286 3459 3355 πατρικῇ
3492 3301 3583 3336 σου
3626 3284 3946 3353 ἀγιωσυνῃ’

2365 3374 2509 3427 οὕτω
2558 3393 2670 3439 πως
2720 3377 3067 3447 ὲμποδισθεὶς
3123 3376 3229 3429 ὑπὸ
3290 3376 3392 3447 τῆς
3461 3378 3831 3446 περιεχούσης
3883 3393 3947 3445 με

2366 3466 2692 3534 ἀσφαλείας.
2764 3468 2917 3520 Ἐπεὶ
2974 3468 3139 3521 πάλαι
3211 3466 3468 3537 ἀκηκοώς
3520 3468 3634 3536 εἰμι
3689 3466 3793 3536 τῆς
3862 3465 3949 3517 διὰ

2369 3558 2576 3628 Κύριον
2623 3558 2873 3629 φυλακῆς
2929 3561 3024 3612 καὶ⁵
3074 3559 3417 3629 ὲναθλήσεώς
3472 3576 3567 3610 σου
3615 3558 3704 3610 τδν
3736 3557 3950 3623 ἀγῶνα.

2382 3652 2524 3704 Ἀλλ’
2554 3651 2846 3722 εὐλογητὸς
2874 3652 2903 3704 ὁ
2963 3651 3118 3716 Θεὸς,
3153 3653 3181 3704 ὀ
3236 3652 3333 3703 καὶ
3377 3650 3472 3719 τὴν
3519 3650 3619 3718 σὴν
3672 3648 3950 3715 ὁσιότητα.

2373 3744 2614 3806 καλέσας
2642 3746 2723 3806 είς
2747 3745 2847 3813 τὴν
2888 3742 3183 3811 ὁμολογίαν
3244 3742 3338 3795 τοῦ
3374 3740 3504 3793 Υἰοῦ
3555 3739 3724 3793 αὑτοῦ
3776 3738 3953 3808 Ἰησοῦ

2372 3834 2635 3903 Χριστοῦ,
2670 3832 2765 3883 τοῦ
2806 3832 3011 3901 Κυρίου
3060 3832 3154 3883 καὶ
3186 3829 3322 3883 Θεοῦ
3376 3828 3558 3899 ἡμῶν.
3620 3829 3697 3880 Οὐ
3758 3831 3870 3897 γάρ
3904 3843 3953 3877 τι

2372 3927 2499 3980 ἄλλο
2528 3926 2646 3977 ἐστὶ
2673 3924 2734 3977 τὸ
2754 3923 2895 3993 ὑπὲρ
2928 3925 3027 3991 τῆς
3056 3921 3267 3983 εἰκόνος
3291 3920 3387 3973 τοῦ
3431 3918 3751 3991 σωματικοῦ
3789 3918 3955 3971 αὑτοῦ

2376 4017 2732 4090 χαρακτῆρος
2767 4014 3036 4077 ὲναθλεῖν,
3068 4014 3102 4084 ἢ
3143 4014 3204 4066 τὸ
3238 4013 3367 4083 περὶ
3422 4012 3590 4065 αὐτοῦ
3630 4013 3954 4081 μαρτυρεῖν.

2388 4107 2609 4178 Ἐπειδὴ
2662 4106 2720 4159 ἓν
2755 4104 2850 4158 καὶ
2886 4105 3085 4158 ταυτὸν
3115 4106 3181 4175 τῇ
3221 4105 3523 4173 ὁμοιωτικῇ
3572 4102 3895 4158 ὑποστάσει.
3925 4100 3957 4167 ἡ

2378 4200 2540 4254 εἰκὼν
2565 4199 2702 4271 πρὸς
2734 4200 2825 4251 τὸν
2870 4195 3295 4267 είκονιζόμενον.
3346 4197 3471 4250 Ὀτι
3532 4195 3589 4249 δὲ
3629 4196 3958 4258 εἰκονίζεται

688 4282 898 4366 Idcirco
943 4302 1141 4361 similis
1173 4298 1350 4352 factus
1382 4304 1465 4349 est
1504 4289 1661 4344 nobis
1706 4302 1801 4357 per
1839 4284 2025 4339 omnia
2066 4282 2252 4351 absqut

2378 4290 2633 4361 Χριστὸς,
2664 4287 2759 4341 καὶ
2786 4287 2836 4339 οἱ
2868 4286 3007 4339 λίθοι
3048 4286 3375 4357 κεκράγασι.
3409 4286 3555 4337 Διότι
3604 4285 3793 4353 ὅμοιος
3826 4284 3960 4351 ἡμῖν

690 4410 938 4475 peccato,
973 4398 1117 4453 sicut
1148 4391 1415 4459 scriptum
1442 4394 1531 4440 est
1554 4383 1599 4413 “
1626 4400 1639 4437 :
1677 4380 1883 4448 absque
1917 4384 2143 4447 peccato
2174 4389 2275 4427 au-

692 4468 800 4546 tem
822 4530 838 4558 ,
874 4485 1020 4557 quod
1052 4484 1170 4538 sine
1200 4478 1407 4534 semine
1438 4487 1661 4529 carnem
1694 4468 1924 4537 accepit,
1951 4475 2278 4535 conceptus-

2380 4385 2575 4451 γέγονε
2594 4384 2737 4435 κατά
2760 4381 2939 4435 πάντα
2957 4378 3094 4449 πλὴν
3112 4379 3389 4450 ἁμαρτίας
3404 4394 3420 4410 ο
3445 4376 3588 4431 καθά
3612 4376 3925 4445 γέγραπται
3942 4390 3960 4405 ο

2383 4473 2659 4543 ἁμαρτίας
2681 4473 2758 4536 δὲ,
2781 4473 2861 4523 δτι
2889 4469 3016 4523 ἄνευ
3050 4471 3259 4540 σπορᾶς
3291 4469 3481 4539 εἴληφε
3514 4470 3612 4537 τὴν
3632 4468 3837 4536 σάρκα,
3868 4465 3959 4517 καὶ

690 4553 927 4655 (ιιιονεσι
968 4572 1222 4645 virginali
1271 4583 1420 4623 more
1466 4581 1536 4621 ex
1580 4559 1937 4619 sanctissima
1982 4554 2154 4611 Matre
2213 4570 2252 4609 at

2383 4561 2593 4630 ὲκυήθη
2632 4558 2979 4629 παρθενικῶς
3006 4560 3073 4610 ὲκ
3101 4557 3203 4627 τῆς
3234 4558 3509 4625 παναγίας
3546 4555 3715 4610 αὑτοῦ
3753 4553 3961 4625 μητρὸς

696 4635 945 4743 Deipara.
1056 4635 1085 4645 ν
1808 4740 1818 4743 Α
2066 4736 2078 4743 .
2162 4735 2173 4743 _

2383 4655 2474 4707 καὶ
2506 4653 2793 4705 Θεοτὸκου.

764 4735 999 4828 Quando
1053 4762 1300 4811 nostrum
1360 4749 1525 4820 igitur
1582 4740 1967 4811 unusquisque
2028 4735 2252 4807 pingitm

2461 4746 2614 4799 Ἐπεὶ
2642 4741 2736 4796 οὖν
2774 4746 2938 4814 ἡμεῖς
2970 4743 3356 4813 είκονιζόμεθα
3403 4742 3677 4805 ἅπαντεςσ
3738 4740 3801 4804 ὃς
3857 4741 3963 4809 γὰρ

695 4859 855 4930 (nam
892 4853 983 4923 qui
1026 4849 1173 4921 pingi
1213 4844 1440 4915 nequit,
1485 4855 1592 4895 non
1626 4839 1672 4893 is
1707 4837 1873 4890 homo
1897 4874 1912 4898 ,
1945 4832 2041 4887 sed
2070 4829 2246 4930 aborti

2380 4837 2482 4890 οὐκ
2514 4835 2867 4899 είκονὶζεται,
2903 4836 3005 4887 οὐκ
3032 4834 3345 4905 ἄνθρωπος,
3404 4834 3545 4888 ἀλλά
3574 4852 3624 4886 τι
3664 4833 3963 4902 ἐκτρωμαο

696 4921 825 5001 vum
854 4921 1112 5015 quiddam
1140 4947 1223 4993 est
1257 4955 1271 4991 :
1310 4936 1496 4989 vivens
1527 4930 1675 4986 enim
1702 4925 2017 5015 quodlibet,
2042 4922 2189 5015 quod
2220 4921 2252 5015 it

2384 4931 2466 4983 ὃτι
2488 4930 2581 4981 καὶ
2613 4930 2720 4980 πᾶν
2773 4927 2907 4990 ζῶον
2937 4929 3015 4991 είς
3062 4928 3177 4997 φῶς
3214 4928 3368 4981 ἐλθὸν
3393 4925 3761 4989 είκονίζεσθαι
3793 4927 3967 4991 πέφυ-

699 5010 1023 5091 lucem-exit
1047 5069 1062 5093 ,
1107 5038 1298 5082 natura
1336 5024 1497 5077 habet
1542 5028 1603 5073 ut
1643 5018 1820 5087 ipsum
1860 5013 2005 5083 pingi
2047 5010 2239 5082 possit)

2391 5036 2515 5073 κεν·
2563 5019 2859 5072 εικόνισται
2908 5018 3155 5089 δηλονότι
3213 5018 3309 5070 καὶ
3358 5018 3641 5087 Χριστός·
3694 5017 3801 5069 κᾶν
3861 5018 3970 5077 τοῖς

701 5130 881 5199 pictus
908 5122 1163 5177 videlicet
1211 5126 1267 5173 et
1313 5115 1568 5171 Christus
1598 5120 1721 5165 est:
1768 5107 1872 5163 etsi
1912 5106 2070 5159 aliter
2101 5101 2252 5171 impii

2390 5108 2570 5170 ἀθέοις
2596 5107 2657 5159 οὐ
2687 5108 2843 5176 δοκῇ,
2874 5107 3237 5177 ἀρνουμένοις
3274 5104 3529 5158 ἐντεῦθεν
3564 5104 3625 5156 τὸ
3655 5104 3755 5169 τῆς
3791 5119 3968 5170 σωτη-

702 5196 939 5282 videtur,
964 5214 1057 5285 qui
1082 5209 1340 5267 salutaris
1366 5205 1591 5278 proinde
1616 5196 2048 5271 dispensationis
2076 5203 2252 5264 myste

2392 5202 2509 5272 ρίου
2538 5200 2855 5270 οἰκονομίας
2888 5201 3210 5269 μυστήριον.
3257 5198 3381 5261 Πῶς
3432 5200 3543 5268 γάρ
3597 5198 3663 5251 ἀν
3706 5197 3974 5267 ὁμολογη-

706 5310 846 5365 rium
872 5284 1162 5375 abnegauit.
1192 5300 1327 5354 Nam
1352 5314 1463 5368 quo
1490 5309 1647 5366 paeto
1671 5289 1920 5348 confiteri
1944 5288 2066 5341 licet
2087 5284 2248 5339 Filiui

2389 5294 2507 5365 θείη
2538 5294 2566 5346 ὁ
2590 5293 2716 5355 Υἱὸς
2736 5292 2831 5345 τοῦ
2848 5290 2983 5344 Θεοῦ
3001 5291 3285 5361 ἄνθρωπος
3301 5290 3639 5362 χρηματίσαι
3663 5288 3789 5341 καθ’
3806 5289 3972 5358 ἡμᾶς.

710 5402 803 5455 Dei
840 5400 1115 5453 hominem
1138 5434 1152 5458 ,
1203 5394 1345 5447 sicut
1375 5406 1476 5445 nos
1502 5427 1519 5453 ,
1564 5385 1890 5456 appellatum
1918 5418 1933 5443 ,
1964 5393 2201 5449 quorum
2233 5392 2252 5431 ε

2388 5379 2462 5439 ὧν
2492 5386 2587 5438 καὶ
2617 5383 2844 5453 ἀδελφὸς
2872 5382 3071 5453 ἠξίωσε
3132 5381 3400 5452 κληθῆναι
3426 5420 3443 5443 ,
3498 5380 3575 5451 μὴ
3609 5380 3808 5447 ἐπίσης
3846 5377 3974 5446 ἡμῖν

710 5494 878 5546 frater
906 5486 1211 5555 nuncupari
1244 5484 1448 5549 voluit;
1492 5479 1597 5535 nisi
1634 5491 1788 5546 atque
1822 5490 1884 5530 ac
1916 5487 2016 5525 nos
2046 5470 2252 5541 circum

2397 5476 2898 5548 περιγραφόμενοςς
2927 5473 3048 5536 Πῶς
3082 5473 3141 5526 δὲ
3177 5472 3507 5543 γεννηθῆναι
3543 5471 3695 5540 νόμῳ
3736 5469 3973 5538 φύσεως.

712 5583 1027 5643 scribatur?
1053 5585 1160 5634 Aut
1188 5576 1465 5649 quomodo
1506 5575 1621 5644 lege
1651 5581 1859 5627 natura:
1908 5582 2095 5627 natum
2124 5609 2140 5636 ,
2186 5570 2252 5623 ni:

2404 5569 2482 5640 μὴ
2503 5566 2748 5639 ἐμφερὴς
2781 5564 2857 5620 ὢν
2894 5566 2966 5635 τῇ
3001 5564 3181 5636 οἰκείᾳ
3221 5563 3428 5635 μητρί;
3468 5563 3531 5617 El
3578 5557 3674 5616 οὖν
3715 5560 3778 5615 οὐ
3822 5575 3976 5631 περι·

784 5699 832 5731 “
863 5695 1010 5751 Psal.
1045 5710 1199 5759 mn,
1237 5694 1320 5748 l3.
1398 5693 1444 5725 “
1474 5690 1589 5747 Jac.
1622 5706 1708 5759 ιιι,
1731 5688 1784 5743 Ξ.
1866 5688 1911 5721 ⁸⁸
1950 5686 2111 5742 Ilebr.
2144 5702 2218 5750 tv,
2259 5684 2339 5739 l5.

792 5819 868 5890 (⁸)
905 5816 1242 5887 Dogmatica.
