4164 6544
223 464 363 534 1189

1415 464 1953 526 EPISTOLARUM
2022 464 2171 524 LIB.
2208 464 2293 523 Ιῐ.

3346 458 3481 524 1190

217 584 535 651 γέγραπται
559 621 573 642 ,
600 578 701 632 οὐκ
731 579 797 633 ἐκ
820 578 929 631 τῶν
953 577 1301 648 παρθενικῶν
1323 580 1497 648 αὐτῆς
1525 579 1797 648 αἱμάτων,

1917 578 1979 630 sit
2028 576 2189 629 matri
2238 590 2347 629 sua:
2381 570 2620 628 similis?
2670 569 2782 626 Nisi
2816 571 2982 643 igitur
3015 579 3101 627 est
3131 570 3485 629 circumscri-

219 671 281 736 ἐξ
297 667 371 723 ὧν
399 670 882 745 ὲπλαστούργησεν
939 670 1120 739 ἐαυτῷ
1172 669 1321 733 ναόν,
1379 668 1495 721 ἀλλ’
1548 669 1799 737 οὐράνιον

215 764 404 834 φέρων
435 763 593 832 σῶμα
614 778 629 792 ’
662 761 846 824 καθὼς
886 760 1194 831 Μαρκέλλῳ
1221 760 1300 830 τῷ
1330 758 1596 831 αἱρετικῷ
1627 759 1797 824 δοκεῖ,

226 854 326 904 καὶ
384 854 501 913 τοῖς
558 850 666 920 πρὸ
717 848 886 903 αὐτοῦ
936 849 1109 903 πάλαι
1154 848 1435 918 ἀσεβέσιν.
1511 848 1798 900 Ἐντεῦθεν

217 942 411 995 λοιπὸν
447 943 569 995 οὐδὲ
604 943 789 1013 μήτηρ
821 942 1039 1009 ἀληθῶς
1071 942 1105 1011 ἡ
1153 941 1361 1011 μήτηρ,
1396 940 1533 993 ἀλλά
1584 937 1799 1007 ψευδώ-

220 1047 429 1100 νυμοςο
461 1030 573 1083 οὐδ’
599 1032 734 1100 ἡμῖν
775 1031 983 1099 ὅμοιος,
1025 1028 1143 1082 ἀλλ’
1180 1028 1540 1098 ἑτεροούσιος.
1578 1027 1652 1080 Οὐ
1693 1027 1801 1096 μὴν

222 1121 353 1174 οὔτε
400 1121 572 1191 ’Λδάμ
613 1120 1018 1190 ἀνακέκληταισ
1051 1118 1169 1183 πῶς
1198 1118 1304 1188 γὰρ
1342 1119 1447 1183 ἀν;
1492 1117 1803 1190 ὲτερογενεϊ

220 1212 588 1279 ἀναστήσεται
622 1208 834 1278 σώματι
875 1208 937 1260 τὸ
963 1207 1178 1277 χοῖκόν;
1236 1207 1383 1259 Διότι
1420 1206 1499 1276 τῷ
1548 1207 1720 1277 ὁμοίῳ
1742 1206 1803 1259 τὸ

221 1300 412 1370 ὅμοιον
456 1298 835 1362 ἀνασώζεσθαι
871 1297 1160 1351 δέδεικται.
1199 1296 1338 1350 υῦτε
1388 1292 1482 1351 οῦν
1510 1299 1538 1350 ὁ
1571 1296 1802 1359 Θάνατος

222 1391 534 1460 κατεπόθη,
590 1387 734 1443 κατά
782 1389 845 1441 τὸ
890 1388 1221 1443 ἀκόλουθον·
1294 1386 1421 1441 οὔτε
1496 1388 1531 1458 ἡ
1602 1390 1801 1459 νομικὴ

221 1481 455 1553 λατρεία
534 1483 840 1535 πέπαυται·
907 1481 1071 1552 χρεία
1145 1480 1472 1553 περιτομῆς,
1545 1482 1636 1534 καὶ
1692 1480 1804 1533 τῶν

223 1574 454 1628 λοιπῶν.

310 1749 493 1821 Ὁρᾷς,
514 1743 560 1804 ὦ
582 1750 674 1804 τοῦ
702 1751 838 1805 Θεοῦ
864 1750 1140 1824 ἄνθρωπε,
1171 1752 1253 1816 εἰς
1287 1750 1316 1805 ὃ
1348 1751 1623 1823 βάραθρον
1679 1753 1807 1815 ἀσε-

224 1840 384 1903 6είας
426 1842 751 1912 ἐληλακότες
801 1844 1173 1915 ὲνεπάρησαν,
1216 1845 1280 1897 ἐκ
1324 1843 1420 1897 τοῦ
1471 1844 1548 1915 μὴ
1601 1845 1808 1916 ἐγγρά-

226 1934 428 2001 φεσθαι
456 1933 549 1988 τὸν
581 1934 817 2005 Χριστὸν
842 1935 902 1987 ὲν
943 1935 1136 1988 πίνακι
1184 1934 1433 2001 δοξάζειν
1488 1937 1538 1988 οἱ
1580 1937 1803 1989 Εἰκονο-
1832 1918 1878 1977 Β

228 2023 433 2093 μάχοις
503 2024 883 2088 Ἰουδαῖζουσιν
938 2023 1048 2094 ἄρα
1134 2024 1415 2094 ἀσφαλῶς.
1523 2024 1806 2079 Ἐντεῦθεν

224 2114 353 2167 οὔτε
392 2115 494 2183 τὴν
519 2114 800 2179 Θεοτόκον,
855 2114 980 2167 οὔτε
1034 2117 1157 2169 τινά
1205 2116 1316 2170 τῶν
1358 2119 1530 2184 ἁγίων
1568 2118 1808 2188 παραδὲ-

228 2221 457 2274 χονται,
492 2206 580 2259 διὰ
628 2209 730 2276 τῆς
785 2206 895 2260 τῶν
941 2208 1160 2261 οίκείων
1208 2208 1391 2261 αὐτῶν
1438 2210 1808 2279 χαρακτήρων

228 2298 538 2367 ἀρνήσεως,
584 2299 710 2361 τοὺς
746 2299 1334 2370 ,χαρακτηριξομένους
1371 2299 1806 2370 βδελυττόμενοι.

243 2386 310 2440 'H
331 2389 438 2457 γὰρ
458 2388 557 2457 τῆς
592 2390 798 2452 εἰκόνος
817 2390 949 2460 τιμὴ
971 2390 1064 2443 καὶ
1090 2390 1286 2459 ἀτιμία
1312 2390 1408 2443 ἐπὶ
1429 2391 1491 2443 τὸ
1520 2391 1806 2461 πρωτότυ-

228 2493 335 2529 πον
355 2476 621 2531 διαϐαίνει
646 2517 660 2541 ,
688 2477 761 2539 ὦς
788 2494 953 2547 φησιν
1001 2479 1030 2530 ό
1059 2478 1233 2549 μέγας
1264 2479 1567 2541 Βασίλειος.
1616 2479 1811 2532 Βδέλυ-

231 2566 326 2633 ξαι
374 2570 465 2622 τὸν
510 2568 683 2621 τύπον
736 2568 831 2622 τοῦ
885 2570 1153 2641 σταυροῦ·
1196 2573 1294 2625 καὶ
1331 2572 1453 2624 τίνα
1506 2570 1807 2642 βδελύσσῃ;

229 2660 359 2729 οὐχὶ
378 2660 468 2713 τὸν
494 2659 757 2723 ζωοποιὸν
806 2661 1069 2731 σταυρόν;
1118 2662 1305 2724 Οὕτως
1364 2660 1460 2715 τοῦ
1513 2662 1808 2731 βασιλέως,

230 2750 413 2813 οὕτως
440 2750 749 2804 οὑτινοσοῦν
777 2750 1066 2823 ἀνθρώπου
1087 2771 1101 2784 ο
1123 2752 1267 2806 οὓτω
1300 2755 1392 2807 καὶ
1420 2753 1517 2806 τοῦ
1547 2753 1810 2824 Χριστοῦ,

231 2843 337 2911 τῆς
361 2858 422 2894 τε
448 2842 676 2914 Μητρδς
712 2842 903 2906 αὐτοῦ,
956 2844 1053 2897 καὶ
1081 2845 1282 2908 παντὸς
1318 2846 1500 2912 ἁγίου.
1539 2846 1813 2915 Ἥρνηται

232 2934 334 2987 νῦν
361 2936 389 2987 ὁ
416 2934 671 3004 Χριστὸς,
702 2935 796 2987 καὶ
816 2934 1128 3000 δεδίωκται,
1168 2937 1263 2989 καὶ
1290 2936 1663 3000 ἑξουδένωται.
1706 2937 1814 2992 Καὶ

236 3021 512 3091 μακάριος
548 3018 620 3083 εί,
646 3022 848 3091 Πάτερ,
880 3023 1122 3077 ὲναθλῶν
1165 3025 1261 3077 καὶ
1309 3026 1670 3094 ἀντεχόμενος
1714 3028 1813 3096 τῆς

233 3106 569 3177 δρθοδοξίας.
588 3108 749 3163 Ἀλλά
779 3110 1084 3181 προσεύχου
1109 3114 1204 3166 καὶ
1242 3113 1384 3184 ὑπὲρ
1434 3115 1570 3184 ἐμοῦ
1610 3114 1703 3168 τοῦ
1734 3117 1813 3168 ol-

235 3199 443 3269 κτροῦ,
493 3201 723 3255 κατόπιν
759 3202 897 3257 ἱέναι
948 3203 1050 3272 τῆς
1077 3205 1389 3279 ἁγιωσύνης
1420 3223 1515 3260 σου
1538 3246 1555 3272 ,
1604 3206 1702 3261 καὶ
1734 3206 1811 3278 μὴ

235 3291 586 3362 ἀπωσθῆναι,
608 3293 702 3346 6ιά
728 3292 830 3356 τάς
860 3294 1136 3365 ἁμαρτίας
1171 3313 1297 3365 μου.

593 3406 722 3460 KA'.
752 3433 823 3447 —
857 3406 1125 3474 ἰγνατίῳ
1148 3406 1358 3476 τέκνῳ.
1381 3406 1566 3481 [σλζκ]

1840 3258 1888 3321 C

1900 678 2050 739 plus,
2087 685 2202 722 ttnrr
2218 684 2283 721 ex
2311 667 2558 737 virginali
2596 667 2768 736 ipsius
2797 665 3065 736 sanguine
3087 705 3103 730 ,
3140 680 3208 719 ex
3244 681 3354 735 quo
3379 666 3484 721 sibi

1903 761 2016 829 ipse
2037 760 2302 829 templum
2328 760 2619 822 exstruxit,
2649 758 2740 812 sed
2764 757 2989 811 cmleste
3014 755 3231 826 pmfert
3259 772 3485 826 corpus,

1902 851 1980 902 uti
2010 848 2267 903 Marcello
2295 850 2549 903 haeretieo
2585 848 2759 901 visum
2808 855 2929 911 est,
2978 847 3299 916 ueterisque
3349 846 3482 900 olim

1901 942 2086 1010 impiis
2117 952 2241 996 ante
2268 941 2475 1010 ipsum.
2508 940 2666 994 Unde
2700 948 3104 992 consectarium
3138 947 3221 992 est
3247 975 3262 999 .
3298 947 3357 990 ut
3392 952 3487 990 ne.

1902 1046 2011 1101 que
2042 1040 2215 1085 mater
2238 1046 2362 1086 vere
2392 1043 2565 1085 mater
2599 1032 2691 1091 sit,
2724 1030 2819 1083 sed
2847 1028 3040 1083 falsum
3072 1042 3268 1080 nomen
3296 1037 3445 1097 gerat
3472 1044 3486 1078 :

1904 1137 2004 1177 nec
2036 1123 2128 1177 ille
2157 1123 2356 1176 similis
2385 1121 2566 1187 nobis,
2598 1121 2690 1175 sed
2716 1128 2923 1173 natura:
2959 1119 3265 1173 dissimilis.
3303 1118 3489 1186 Neque

1903 1213 2072 1280 igitur
2103 1211 2276 1266 Adam
2311 1212 2618 1281 appellatus
2647 1221 2730 1264 est
2757 1228 2771 1263 :
2814 1225 2937 1263 nam
2970 1223 3080 1279 quo
3111 1208 3161 1262 id
3191 1209 3391 1277 pacto?
3429 1209 3487 1259 In

1904 1304 2133 1359 alterius
2155 1310 2365 1357 natura:
2388 1316 2617 1371 corpore
2646 1310 2893 1368 resurget
2918 1300 3065 1369 quod
3092 1308 3349 1353 terrestre
3368 1306 3451 1351 est
3467 1296 3493 1349 ?

1903 1397 2063 1451 Certe
2094 1395 2258 1450 simili
2304 1395 2485 1449 simile
2526 1392 2724 1448 salvari
2770 1392 3109 1461 intelligitur.
3162 1392 3347 1458 Neque
3398 1388 3490 1457 igi-

1904 1494 1994 1539 tur
2030 1486 2195 1553 (nam
2242 1485 2292 1538 id
2328 1492 2411 1537 est
2438 1499 2505 1537 cx
2537 1496 2603 1536 eo
2637 1482 3019 1550 consequens)
3054 1495 3200 1534 mors
3233 1481 3487 1547 absorpta

1903 1584 1985 1631 est
2011 1615 2025 1640 ,
2056 1591 2232 1646 neque
2267 1574 2461 1643 legalis
2494 1573 2731 1627 servitus
2756 1573 2917 1627 desiit
2946 1589 2960 1625 :
3006 1581 3118 1626 tum
3145 1587 3272 1626 vero
3298 1582 3352 1625 et
3381 1572 3490 1624 eir-

1906 1668 2247 1722 cumcisione
2271 1706 2287 1732 ,
2318 1674 2373 1719 et
2401 1664 2628 1734 reliquis
2653 1678 2813 1731 opus.

1981 1757 2164 1823 Vides,
2204 1774 2237 1812 0
2278 1759 2440 1812 homo
2472 1756 2565 1811 Dei
2592 1797 2607 1821 ,
2650 1756 2703 1808 in
2734 1770 2896 1824 quem
2925 1756 3160 1811 demersi
3196 1755 3489 1823 impietatis

1909 1846 2175 1915 gurgitem
2204 1845 2549 1899 lconomachi
2577 1845 2919 1907 devenerint,
2946 1860 3054 1897 non
3079 1845 3295 1914 depingi
3323 1843 3487 1897 Chri—

1907 1946 2051 1991 stum
2107 1936 2158 1989 in
2215 1936 2396 1989 tabula
2450 1936 2797 1989 statuentes?
2844 1936 3065 2003 Absque
3112 1937 3220 1988 ulla
3274 1936 3490 1989 dubita-

1908 2024 2377 2090 tiouejudaizant.
2408 2022 2547 2075 l-linc
2576 2038 2754 2091 neque
2794 2022 3100 2092 Deiparam,
3137 2038 3234 2077 nec
3261 2036 3487 2078 sancto—

1908 2130 2028 2169 rum
2052 2128 2380 2183 quemq'tam
2413 2114 2730 2179 admittunt,
2758 2129 2854 2183 per
2887 2114 3229 2183 negationem
3258 2118 3494 2185 propriae

1911 2205 2160 2276 ipsorum
2204 2206 2275 2259 [οι
2297 2220 2418 2268 une,
2449 2220 2545 2259 eos
2578 2220 2795 2274 quoque
2826 2220 3061 2274 quorum
3099 2206 3270 2260 forma
3311 2209 3492 2277 expri-

1910 2298 2101 2363 mitur,
2132 2306 2505 2352 exsecrantes.
2556 2297 2813 2366 lmaginis
2843 2298 2989 2351 enim
3037 2298 3212 2351 honor
3257 2307 3312 2352 et
3347 2314 3495 2353 con-

1912 2397 2150 2458 temptus
2181 2387 2234 2441 in
2268 2396 2613 2455 prototypum
2657 2386 2832 2449 redit,
2872 2395 2932 2439 ut
2966 2402 3196 2457 magnus
3224 2388 3302 2441 ait
3329 2387 3487 2443 Basi-

1913 2482 2036 2536 lius.
2069 2479 2261 2535 Crucis
2311 2478 2728 2533 similitudinem
2759 2479 3064 2534 exsecraris
3098 2495 3113 2532 :
3166 2495 3329 2547 quam
3377 2496 3491 2535 rem

1913 2581 1965 2627 te
1995 2569 2273 2625 exsecrari
2322 2570 2549 2625 censes?
2603 2584 2784 2623 nonne
2823 2571 2999 2639 ipsam
3044 2571 3314 2625 vivilicam
3366 2586 3494 2627 cru-

1911 2661 2065 2717 cem?
2090 2660 2181 2717 Sic
2209 2662 2275 2715 de
2308 2661 2450 2730 regis
2480 2659 2678 2730 elligie,
2709 2670 2802 2714 aut
2835 2661 3077 2730 cujusvis
3107 2661 3385 2716 hominis:
3417 2661 3497 2715 sic

1911 2763 1964 2808 et
1996 2753 2233 2817 Christi,
2262 2760 2316 2806 et
2344 2752 2533 2807 Matris
2555 2752 2676 2821 ejus
2714 2764 2770 2805 et
2798 2755 2971 2806 sancti
3001 2753 3309 2822 cujuslibet.
3343 2750 3500 2807 Nune

1910 2842 2167 2898 Christus
2203 2853 2429 2913 negatus
2458 2853 2562 2904 est,
2596 2851 2651 2895 et
2683 2843 3125 2911 persecutionem
3161 2857 3356 2911 passus
3382 2852 3498 2907 est,

1917 2944 1971 2988 et
2003 2933 2306 3002 despicatui
2342 2934 2557 2987 habitus
2586 2944 2684 2987 est.
2718 2934 2783 2986 Et
2830 2934 3019 2989 beatus
3047 2949 3137 2998 es,
3165 2932 3343 2997 Pater,
3372 2947 3497 2987 cum

1916 3026 2153 3079 dimicas
2184 3041 2247 3080 ac
2270 3026 2539 3079 obniteris
2570 3041 2671 3096 pro
2694 3026 3002 3080 orthodoxa
3035 3026 3158 3080 tide.
3186 3026 3290 3079 Sed
3317 3033 3371 3080 et
3400 3041 3501 3095 pro

1915 3131 2001 3169 me
2035 3116 2236 3170 misero
2267 3131 2519 3184 precare,
2554 3126 2613 3170 ut
2643 3118 2892 3187 vestigiis
2928 3117 3235 3172 sanctitatis
3265 3125 3372 3172 tuae
3412 3118 3496 3171 in-

1915 3207 2103 3262 sistam
2126 3248 2142 3273 ,
2177 3222 2277 3263 nec
2301 3218 2520 3279 propter
2557 3220 2781 3279 peccata
2818 3224 2938 3263 mea
2963 3210 3178 3279 ejiciar.

2368 3405 2559 3464 XXIV.
2584 3440 2651 3451 --
2678 3407 2888 3480 Ignalio
2915 3410 3052 3480 ﬁlio.

1575 3523 1807 3575 Celebrat
1827 3523 1964 3572 illius
1988 3521 2187 3571 laudes.

318 3605 390 3658 Ἀ
451 3604 765 3676 γέγραφας,
798 3606 992 3661 τέκνον
1044 3608 1427 3679 ἠγαπημένον,
1472 3608 1646 3677 ἔγνων
1670 3628 1683 3642 ο
1720 3610 1817 3663 καὶ

240 3696 423 3765 χαίρω
437 3696 652 3748 ἀκούων
666 3713 761 3749 σου
778 3696 878 3767 τῆς
890 3698 1098 3768 φωνῆς’
1114 3699 1173 3751 ού
1196 3700 1303 3769 μὴν
1321 3698 1395 3763 ὠς
1414 3700 1819 3769 ύπολαμὸἀνεις

242 3788 313 3841 τά
337 3788 461 3841 κατ’
482 3787 583 3858 ὲμέ
606 3801 622 3817 ⁸
644 3788 787 3841 ἕωλα
811 3789 919 3859 γάρ
948 3790 1044 3842 καὶ
1076 3789 1372 3861 ούδαμινά·
1397 3790 1537 3861 πλὴν
1564 3794 1613 3844 εί
1641 3791 1818 3859 λέγοις

242 3878 578 3947 ὡφελεῖσθαι
600 3880 658 3932 ὲν
679 3882 791 3941 τοῖς
815 3879 998 3946 λόγοις
1027 3897 1153 3948 μου.
1186 3882 1367 3950 Γράφε
1396 3883 1490 3934 καὶ⁵
1514 3882 1668 3951 δέχου
1690 3899 1703 3909 ·
1728 3885 1822 3936 καὶ

246 3970 443 4040 φθόνος
463 3970 657 4033 οὐδείς.
709 3970 941 4040 Συνίημι
969 3971 1081 4041 βίον
1112 3974 1294 4025 ἓλκειν
1334 3990 1395 4025 σε
1418 3990 1821 4045 στενοχωρητι-

247 4062 345 4115 κδν
366 4063 427 4114 ὲν
452 4060 531 4132 τῷ
565 4060 796 4133 παρόντι
826 4061 1087 4133 διωγμῷ·
1136 4062 1325 4136 ὥσπερ
1357 4065 1456 4119 καὶ
1495 4067 1545 4118 οἱ
1592 4066 1824 4136 ὁμοτρό-

247 4169 369 4216 πως
425 4168 507 4206 σοι
554 4152 942 4223 κρυπτόμενοι.
1013 4154 1154 4208 Ἀλλ’
1212 4157 1245 4225 ἡ
1286 4156 1443 4220 ἐλπὶς
1492 4156 1820 4225 κουφιζέτω.

250 4242 389 4314 Ἔχε
416 4244 487 4297 τὰ
517 4245 661 4298 κατά
706 4245 766 4297 σὲ
812 4243 1093 4313 ἀσφαλῶς,
1132 4245 1270 4314 μετὰ
1310 4246 1407 4299 τοῦ
1454 4246 1621 4299 καλοῦ
1655 4247 1824 4299 Εὐσε-

250 4333 393 4404 βίου,
430 4334 489 4387 δν
511 4336 605 4388 καὶ
640 4337 1057 4407 προσαγορεύω.
1105 4336 1171 4390 Ἥ
1196 4338 1347 4408 παρὰ
1376 4337 1488 4391 τῶν
1527 4340 1826 4409 αἱρετικῶν

246 4422 511 4477 κοινωνία
536 4424 601 4476 ού
626 4423 804 4487 κοινὸς
841 4424 1191 4495 ἀρτοςθάλλὰ
1222 4427 1536 4497 φάρμακον,
1568 4428 1629 4481 ού
1668 4428 1828 4497 σῶμα

248 4514 516 4586 βλάπτον,
570 4514 710 4571 ἀλλά
756 4516 937 4586 ψυχὴν
971 4516 1224 4586 μελαῖνον
1257 4519 1351 4570 καὶ
1399 4519 1647 4583 σκοτίξον
1668 4536 1682 4550 ·
1742 4521 1828 4589 ei-

248 4624 413 4662 πτειν
441 4608 498 4661 δὲ
515 4608 610 4661 καὶ
634 4607 901 4679 κρύϐδην,
930 4609 1030 4662 οὐκ
1050 4609 1176 4679 ἐμοὶ
1204 4609 1265 4662 τὸ
1288 4609 1491 4677 λέγειν.
1523 4610 1685 4673 Ἀλλά
1710 4611 1822 4664 τῶν

246 4697 556 4751 ποιούντων
584 4698 764 4769 φόὁῳ·
803 4700 936 4770 περὶ
961 4693 1037 4754 ὧν
1065 4700 1245 4753 έκεῖνο
1284 4698 1467 4768 λέγειν
1528 4699 1707 4763 ἔστιν,
1749 4702 1832 4754 ὃτι

249 4788 481 4843 Πολλοί
530 4787 650 4841 τῶν
690 4790 1004 4857 ἀρχόντων
1063 4791 1391 4845 ἐπίστευον
1441 4793 1529 4857 εἰς
1598 4793 1828 4846 αὐτόν·

1989 3607 2119 3673 Quae
2151 3606 2454 3675 scripsisti,
2484 3607 2682 3663 dilecte
2722 3608 2831 3676 liii,
2884 3610 3165 3678 intellexi,
3212 3626 3277 3667 ac
3318 3627 3503 3669 vocem

1920 3707 2067 3753 tuam
2100 3698 2318 3768 quidem
2362 3700 2550 3753 audire
2579 3716 2666 3754 me
2694 3702 2925 3756 delectat
2958 3720 2972 3756 :
3008 3711 3064 3758 at
3104 3718 3192 3758 res
3231 3719 3364 3759 mea?
3398 3721 3505 3759 non

1920 3791 2001 3845 sic
2039 3800 2189 3853 sunt,
2219 3801 2276 3845 ut
2304 3801 2357 3844 tu
2387 3792 2670 3846 existimas
2697 3810 2713 3859 ;
2757 3808 2879 3846 nam
2912 3803 3041 3848 sunt
3064 3794 3256 3850 inanes
3284 3812 3346 3851 ac
3378 3798 3504 3850 nul-

1921 3882 2029 3935 lius
2074 3882 2264 3950 pretii,
2313 3882 2420 3937 nisi
2466 3882 2611 3951 quod
2665 3884 3013 3941 sermonibus
3054 3886 3193 3940 meis
3234 3887 3412 3955 juvari
3454 3897 3505 3941 te

1921 3973 2025 4027 ais.
2062 3972 2253 4027 Scribe
2282 3982 2335 4026 et
2362 3974 2551 4041 accipe
2577 3990 2588 4024 :
2627 3987 2727 4027 nec
2755 3973 3029 4028 invidebo.
3063 3972 3313 4045 Intelligo
3336 3978 3503 4031 vitam

1926 4064 2146 4119 trahere
2179 4073 2230 4118 te
2270 4064 2487 4134 plenam
2522 4064 2899 4119 molestiarum
2936 4066 2990 4118 in
3030 4068 3284 4135 praesenti
3320 4084 3507 4138 perse-

1924 4157 2189 4211 cutione:
2232 4155 2695 4222 quemadmodum
2739 4164 2793 4209 et
2835 4154 2872 4209 ii
2922 4156 3016 4225 qui
3050 4155 3308 4211 similiter
3349 4174 3415 4212 ac
3448 4169 3507 4212 tu

1927 4248 1981 4301 in
2014 4245 2237 4301 latebris
2262 4245 2488 4315 degunt.
2516 4245 2620 4299 Sed
2654 4244 2892 4298 laborem
2926 4259 3054 4313 spes
3084 4246 3349 4300 sublevet.
3383 4246 3503 4301 Tibi

1926 4338 2120 4394 sedulo
2145 4352 2278 4393 cave
2311 4352 2435 4391 cum
2464 4336 2680 4406 egregio
2717 4335 2977 4398 Eusebio,
3006 4352 3170 4407 quem
3200 4347 3255 4392 et
3297 4338 3501 4395 saluto.

1927 4428 2256 4485 Communio
2281 4442 2406 4482 cum
2440 4425 2711 4481 luereticis
2740 4439 2848 4480 non
2874 4426 3030 4495 panis
3062 4428 3373 4482 communis
3398 4435 3506 4491 est,

1929 4523 2021 4578 sed
2059 4537 2330 4576 venenum
2356 4559 2370 4584 ,
2403 4520 2547 4589 quod
2582 4534 2689 4572 non
2722 4532 2927 4588 corpus
2956 4517 3176 4588 quidem
3203 4555 3219 4581 ,
3251 4518 3346 4572 sed
3389 4518 3509 4572 ani—

1930 4628 2081 4668 mum
2113 4612 2370 4673 obscurat
2395 4620 2450 4663 et
2474 4609 2797 4664 obtenebrat
2824 4626 2837 4661 :
2871 4608 3142 4679 projicere
3163 4623 3294 4662 vcro
3322 4608 3510 4663 occul-

1932 4713 2005 4769 te,
2032 4719 2138 4757 non
2160 4712 2245 4758 est
2270 4717 2451 4756 meum
2470 4701 2652 4755 dicere
2679 4717 2694 4766 ;
2724 4701 2818 4756 sed
2844 4701 3081 4770 suntqui
3103 4709 3248 4754 metu
3269 4699 3505 4765 iaciant;

1933 4796 2000 4851 de
2038 4796 2238 4866 quibus
2266 4793 2399 4847 illud
2442 4808 2707 4861 usurpare
2738 4791 2820 4847 fas
2852 4800 2936 4847 est
2964 4809 2977 4845 :
3022 4789 3185 4843 Multi
3219 4807 3283 4844 ex
3308 4790 3509 4857 princic

248 4879 394 4935 ἀλλ’
428 4881 541 4949 οὐχ
565 4880 916 4949 ὡμολόγουν
943 4879 1042 4935 διὰ
1086 4882 1231 4947 τοὺς
1272 4883 1637 4950 Φαρισαίους
1661 4901 1675 4916 ο
1730 4885 1817 4937 ἵνα

1931 4889 2081 4959 pibus
2119 4885 2455 4940 crediderunt
2494 4885 2547 4938 in
2582 4899 2701 4938 eum
2742 4898 2760 4936 :
2813 4885 2902 4938 sed
2952 4893 3166 4951 propter
3203 4881 3508 4936 Phariswos

246 4969 337 5039 μὴ
360 4970 822 5040 ἀποσυνάτωτοι
846 4969 1153 5040 γένωνται.
1200 4974 1553 5043 Ἠγάπησαν
1579 4976 1691 5045 γὰρ
1717 4975 1834 5044 τὴν

253 5058 452 5122 δόξαν
484 5058 601 5113 τῶν
650 5058 982 5126 ἀνθρώπων
1006 5057 1247 5125 μᾶλλον
1273 5062 1311 5130 ἢ
1351 5062 1466 5129 τὴν
1495 5063 1687 5128 δόξαν
1724 5065 1833 5120 τοῦ

255 5149 432 5203 Θεοῦ.
466 5150 529 5202 Et
557 5149 615 5202 δὲ
642 5149 941 5220 όρθοδόξων
972 5151 1026 5205 αἱ
1056 5150 1214 5220 εὐχαὶ
1261 5152 1361 5221 τῆς
1398 5154 1710 5225 ἱερουργίας
1735 5171 1750 5187 ·
1783 5155 1834 5209 τί

252 5241 439 5305 τοῦτο,
474 5243 523 5294 εί
568 5239 720 5310 παρά
762 5241 1061 5311 αἱρετικῶν
1127 5241 1382 5309 γίνοιντο,
1425 5245 1831 5314 συμϐάλλεταις

254 5333 333 5386 οὐ
366 5335 477 5403 γὰρ
528 5328 606 5392 ὡς
651 5333 681 5384 ό
731 5332 966 5401 ποιήσας
1014 5332 1186 5395 αὺτάς
1222 5333 1546 5403 φρονοῦσιν·
1602 5337 1725 5389 οὐδὲ
1760 5337 1835 5400 ὡς

252 5423 418 5476 αὑταὶ
463 5420 521 5472 αἱ
553 5422 728 5487 φωναὶ
760 5422 1121 5491 σημαίνουσι,
1168 5424 1552 5479 ’πιστεύουσιν⁸
1604 5428 1836 5499 ἐπείπερ

254 5512 414 5566 πᾶσα
441 5511 476 5580 ἡ
507 5514 893 5583 μυσταγωγία,
912 5514 1150 5585 Χριστὸν
1180 5515 1468 5585 ἄνθρωπον
1494 5518 1709 5589 ἀληθῶς
1741 5536 1837 5586 γε-

256 5601 523 5672 γενῆσθαι
548 5602 791 5667 δοξάζεν
817 5605 865 5657 οἱ
893 5606 951 5658 δὲ
992 5606 1306 5676 ἀρνοῦνται,
1336 5610 1441 5665 κᾶν
1486 5611 1711 5680 λέγωσι,
1748 5612 1837 5666 διὰ

258 5694 323 5747 τὸ
352 5697 575 5763 φρονεῖν
606 5696 682 5767 μὴ
710 5696 1138 5763 ὲξεικονίζεσθαι
1165 5701 1347 5755 αὐτόν.

332 5882 377 5910 ⁸⁸
406 5878 565 5934 Jom.
605 5896 709 5947 xtl,
742 5882 829 5936 42.

1926 4994 2032 5032 non
2064 4976 2472 5045 conﬁtebantur,
2526 4984 2582 5028 ut
2631 4991 2657 5028 ε
2706 4973 2987 5045 Synagoga
3021 4991 3123 5028 non
3168 4974 3503 5043 ejicerentur.

1929 5070 2239 5124 Dilexeruut
2289 5069 2425 5122 enim
2477 5068 2705 5136 gloriam
2767 5068 3038 5120 hominum
3092 5069 3299 5137 magis,
3349 5084 3509 5136 quam

1928 5158 2151 5228 gloriam
2206 5156 2299 5210 Dei
2348 5156 2414 5209 ".
2460 5154 2615 5221 Quod
2668 5155 2714 5209 si
2772 5155 3205 5210 orthodoxorum
3255 5164 3379 5209 sunt
3432 5170 3511 5210 eae

1930 5264 2117 5319 preces
2142 5250 2344 5318 quibus
2371 5264 2457 5302 res
2480 5264 2637 5302 sacra
2671 5247 2950 5317 peragitur
2979 5264 2993 5300 :
3031 5262 3321 5316 quorsum,
3349 5261 3417 5300 an
3441 5250 3510 5301 ab

1930 5339 2201 5394 haereticis
2251 5339 2354 5393 ill-ae
2386 5341 2549 5404 liant,
2585 5338 2971 5408 disceptatur?
3017 5336 3204 5408 Neque
3232 5338 3377 5393 enim
3416 5353 3511 5392 eas

1941 5430 2164 5500 perinde
2193 5442 2357 5499 atque
2390 5431 2635 5500 ipsarum
2676 5441 2868 5484 auctor
2905 5430 3215 5499 intelligunt
3264 5448 3278 5484 :
3337 5444 3513 5498 neque

1941 5521 1997 5575 id
2030 5522 2261 5576 credunt
2288 5521 2433 5589 quod
2468 5535 2631 5574 voces
2671 5520 2803 5588 ipsa:
2831 5516 3142 5587 signiﬁcant
3181 5534 3195 5570 :
3242 5516 3512 5585 siquidem

1944 5611 2020 5664 rei
2068 5626 2241 5665 sacra:
2277 5611 2520 5680 peractio
2550 5610 2730 5665 omnis
2758 5607 3036 5664 Christum
3071 5608 3350 5662 hominem
3387 5620 3514 5659 vere

1945 5699 2146 5756 factum
2179 5702 2367 5755 statuit
2400 5720 2414 5755 :
2458 5702 2514 5756 hi
2542 5717 2670 5756 vero
2709 5709 2941 5768 negant,
2982 5700 3247 5771 quidquid
3295 5697 3509 5761 dicant,

1944 5795 2037 5867 qui
2069 5810 2190 5849 eum
2220 5794 2361 5864 pingi
2398 5809 2555 5863 posse
2587 5794 2917 5851 inliciantnr.
