4164 6464
692 384 822 453 1191

760 495 1235 563 Quemadmodum
1279 494 1325 547 si
1358 494 1563 547 diceret
1596 490 1796 560 aliquis
1829 509 1841 543 :
1880 490 2057 545 Credo
2087 490 2139 542 in
2171 486 2268 541 Pa-
2297 486 2345 543 A

689 600 848 653 trem,
883 599 935 642 et
964 588 1186 648 Filium,
1210 596 1265 641 et
1297 585 1559 654 Spiritum
1598 593 1870 644 sanctum,
1901 581 2126 635 sentiret
2172 594 2266 632 att-

692 690 796 733 tem
816 681 1050 740 Patrem,
1066 686 1121 730 et
1137 676 1353 739 Filium,
1366 687 1419 729 et
1434 676 1693 743 Spiritum
1709 682 1955 729 sanctum
1972 687 2133 724 unam
2148 685 2267 724 esse

693 769 1027 838 liypostasitu
1046 768 1147 821 sub
1166 767 1363 837 triplici
1391 766 1638 828 nomine;
1664 766 1809 833 quod
1843 763 1943 816 fuit
1963 760 2267 829 insipientis

695 857 916 910 Sabellii
945 856 1171 925 dogma;
1204 870 1321 924 age,
1350 854 1495 907 hunc
1522 854 1812 922 quisquam
1843 860 2094 905 nostrum
2124 848 2269 901 dicat

696 948 749 999 in
787 945 1111 998 Trinitatem
1152 944 1413 999 credere?
1450 942 1677 996 minime
1716 955 1849 994 sane
1897 955 1911 991 :
1952 951 2268 1005 quanquam

698 1037 744 1091 is
772 1046 1067 1090 asseverct.
1104 1033 1194 1089 Sic
1224 1035 1409 1101 igitur,
1436 1047 1611 1100 neque
1648 1030 1759 1091 hic,
1796 1039 1857 1082 ut
1886 1028 2162 1097 loquitur,
2196 1026 2269 1079 ita

698 1125 906 1188 credit,
936 1124 1189 1193 quamvis
1233 1124 1309 1176 rei
1357 1137 1526 1176 sacrae
1573 1122 1707 1175 ritus
1752 1119 2091 1173 orthodoxus
2142 1124 2268 1170 est:

699 1214 795 1268 sed
837 1214 880 1267 is
916 1214 1190 1266 incassum
1224 1212 1500 1280 loquitur,
1533 1210 1615 1263 vel
1643 1210 1823 1277 potius
1854 1208 2013 1261 ludos
2045 1206 2175 1275 agit,
2206 1219 2272 1259 ac

700 1305 981 1372 liturgiam
1034 1304 1363 1357 contumelia
1414 1302 1577 1355 allicit
1630 1319 1644 1354 :
1706 1298 2150 1370 quandoquidem
2218 1305 2274 1351 et

702 1396 1131 1465 praestigiatores
1186 1406 1241 1448 et
1298 1396 1669 1448 incantatores
1725 1391 1926 1447 divinis
1977 1392 2275 1443 abutuntur

703 1486 937 1541 canticis
992 1487 1043 1540 in
1098 1485 1496 1539 daemoniorum
1542 1483 1740 1538 sacris.
1768 1481 2139 1536 Praestabilius
2188 1490 2275 1535 est

704 1592 853 1638 eum,
880 1575 972 1643 qui
1004 1576 1243 1628 nondum
1276 1574 1345 1626 sit
1376 1588 1533 1626 sacro
1563 1571 1709 1625 fonte
1739 1572 1939 1625 tinctus
1968 1610 1983 1635 ,
2023 1571 2070 1625 si
2104 1570 2276 1640 bapti-

704 1676 859 1719 zator
888 1665 1227 1719 ortltodoxus
1273 1679 1378 1717 non
1427 1663 1605 1725 adsit,
1653 1678 1684 1715 a
1731 1665 2037 1727 monacho;
2082 1670 2176 1714 aut
2228 1660 2273 1714 si

1894 381 1955 440 S.
1994 373 2389 440 THEODORI
2432 367 2781 430 STUDITrE

3811 349 3939 413 1192

2451 480 2537 541 Ὧς
2567 477 2633 529 ἂν
2664 477 2711 527 εἰ
2738 474 2830 527 καὶ
2862 472 3037 539 λέγων
3067 487 3151 534 τις
3174 486 3186 499 ·
3223 466 3472 522 Πιστεύω
3505 467 3583 527 εἰς
3612 462 3835 531 Πατέρα
3850 462 3939 511 καὶ

2370 570 2497 622 Υίὸν
2528 569 2621 621 καὶ
2644 566 2797 634 άγιον
2830 562 3057 631 Πνεῦμα
3078 578 3092 592 ’
3126 560 3341 630 φρονῶν
3373 560 3433 612 δὲ
3456 558 3541 610 δτι
3568 557 3597 608 6
3628 551 3823 620 Πατὴρ
3852 551 3943 599 καὶ

2366 664 2395 714 6
2427 659 2554 721 Υἱὸς
2589 657 2683 710 καὶ
2738 654 2799 707 τὸ
2851 656 3006 721 ᾶγιον
3058 651 3281 721 Πνεῦμα
3340 649 3439 719 μία
3483 643 3785 703 ὑπόστασίς
3835 641 3945 691 ἐστι

2366 752 2675 822 τριώνυμος
2712 765 2726 779 ο
2776 748 2915 817 ὅπερ
2968 745 3206 815 ὑπάρχει
3274 742 3451 811 δόγμα
3509 736 3805 793 Σαδελλίου
3858 731 3946 784 τοῦ

2371 840 2805 911 ματαιόφρονος·
2848 835 2902 887 τί
2948 832 3079 897 οῦν;
3124 832 3371 909 ειπωμεν
3418 830 3511 883 τδν
3560 825 3810 881 τοιοῦτον
3859 839 3948 911 πι·

2369 908 2581 984 οτεύειν
2613 908 2693 991 είς
2717 925 2959 997 Τριάδα;
2996 908 3249 991 οὐδαμῶς
3266 938 3281 953 ⁸
3308 920 3411 973 κᾶν
3442 919 3596 989 λέγῃ.
3620 916 3811 977 Οὕτως
3833 908 3947 970 οῦν.

2368 1022 2491 1076 οὐδὲ
2520 1018 2755 1073 ἐνταῦθα
2804 1014 3053 1070 πιστεύει
3099 1014 3177 1076 ὡς
3221 1013 3408 1080 λέγει·
3455 1009 3558 1063 κᾶν
3587 1004 3876 1077 όρθόδοξος
3919 1004 3953 1070 ἡ

2373 1110 2774 1185 μυσταγωγία⁶
2828 1109 2945 1163 ἀλλ’
3006 1107 3337 1176 εἰκαιολογεί
3392 1107 3421 1157 6
3486 1101 3731 1163 τοιοῦτος
3787 1097 3949 1168 [Reg

2371 1207 2491 1263 cod.
2538 1201 2859 1274 ἑκάτερος]·
2895 1201 3097 1273 μᾶλλον
3143 1200 3203 1254 δὲ
3237 1197 3513 1268 ὲνυὸρίζει
3581 1192 3802 1254 παίζων
3852 1189 3953 1257 τὴν

2371 1297 2712 1366 λειτουργίαν
2733 1310 2745 1323 ·
2781 1294 2904 1347 ἐπεὶ
2930 1293 3024 1346 καὶ
3067 1291 3264 1360 γόητες
3292 1288 3390 1341 καὶ
3435 1283 3684 1340 ὲπαοιδοὶ
3707 1278 3953 1351 χρῶνται

2373 1388 2545 1450 θείαις
2596 1384 2763 1455 ᾠδαῖς
2809 1384 2869 1436 ὲν
2914 1384 3027 1444 τοῖς
3062 1376 3462 1449 δαιμονιὼδεσι.
3533 1371 3816 1442 Συμφέρει
3865 1366 3955 1418 τὸν

2381 1478 2739 1539 άὸάπτιάτον,
2767 1475 2815 1527 εί
2882 1472 2957 1541 μὴ
2996 1470 3300 1541 εὑρίσκοιτο
3350 1462 3632 1535 δρθόδοξος
3676 1460 3704 1512 6
3761 1456 3958 1527 βαπτί-

2378 1571 2507 1635 ζων,
2544 1566 2649 1620 ὑπὸ
2699 1563 2956 1633 μοναχοῦ,
2998 1560 3056 1631 ἢ,
3113 1560 3207 1612 καὶ⁸
3261 1555 3453 1609 τούτου
3503 1552 3577 1623 μὴ
3637 1550 3817 1610 ὄντος,
3851 1546 3959 1597 ὑπὸ

2375 1659 2563 1715 λαῖκοῦ
2600 1656 2988 1728 βαπτισθῆναι,
3018 1650 3303 1719 λέγοντοςο
3335 1644 3669 1708 Βαπτίζεται
3723 1641 3754 1692 ὁ
3805 1638 3958 1728 δεῖνα

705 1758 847 1811 desit
889 1756 976 1809 ille
1002 1796 1018 1818 ,
1066 1770 1095 1809 a
1139 1755 1277 1808 laico
1314 1752 1622 1823 baptizari,
1665 1752 1920 1807 dicente:
1964 1726 2277 1821 Baptizatur

2386 1756 2460 1815 είς
2484 1752 2545 1803 τὸ
2570 1726 2741 1819 δνομα
2761 1745 2853 1800 τοῦ
2886 1742 3101 1814 Πατρδς
3129 1740 3225 1794 καὶ
3250 1737 3345 1792 τοῦ
3376 1734 3507 1791 Υίοῦ
3533 1733 3626 1786 καὶ
3669 1728 3765 1783 τοῦ
3799 1726 3956 1793 ἁγίου

704 1846 832 1899 talis
863 1846 914 1898 in
948 1846 1166 1899 nomine
1192 1812 1400 1907 Patris,
1423 1852 1477 1897 et
1515 1842 1660 1905 Filii,
1688 1851 1741 1897 et
1783 1842 2020 1911 Spiritus
2041 1812 2232 1897 sancti
2260 1859 2275 1906 ;

2387 1812 2726 1912 Πνεῦματος’
2784 1838 2816 1907 ἦ
2866 1812 3171 1905 ἀφώτιὰτον
3205 1828 3544 1899 ἐκδημῆσαιο
3599 1824 3694 1877 καί⁵
3725 1818 3955 1912 άληθῶς

704 1948 867 2003 quam
915 1935 1113 1988 lavacri
1160 1945 1436 2004 expertem
1481 1948 1513 1989 e
1560 1936 1668 1987 vita
1718 1934 1911 1987 abire:
1945 1943 1999 1987 et
2043 1934 2129 1987 ille
2155 1947 2278 1987 vere

707 2026 1018 2096 baptizatus
1049 2036 1151 2081 est.
1197 2025 1273 2078 Ex
1311 2024 1636 2078 necessitate
1674 2024 1817 2077 enim
1858 2022 1914 2077 lit
1952 2023 2084 2092 legis
2120 2037 2276 2077 com-

704 2118 937 2172 mutatio
967 2135 981 2183 ;
1022 2118 1097 2171 uti
1127 2118 1256 2172 olim
1293 2116 1496 2169 laetum
1523 2123 1577 2167 et
1605 2116 1965 2168 constitutum
1996 2123 2101 2168 est.

1081 2226 1249 2282 XXV.
1275 2257 1342 2267 ——
1370 2225 1528 2280 Petro
1562 2223 1759 2277 Nicazte
1796 2223 1894 2291 (l).

2382 1910 2705 2001 ἐϐαπτίσθη.
2749 1928 2840 1993 Ἐξ
2869 1926 3120 1993 ἀνάγκης
3151 1922 3260 1991 γάρ
3295 1919 3390 1973 καὶ
3415 1918 3586 1987 νόμου
3624 1910 3956 1985 μετάθεσις⁸

2384 2025 2461 2089 ὼς
2488 2024 2681 2092 γέγονε
2716 2020 2887 2073 πάλαι
2910 2017 3004 2070 καὶ
3037 2012 3438 2068 ἀποδέδεικται.

2735 2222 2866 2275 KE'.
2893 2249 2961 2259 —
2992 2217 3190 2285 Πέτρῳ
3210 2212 3478 2277 Νικαίας.
3506 2203 3707 2282 [σμβ’.1

1467 2314 1544 2365 De
1571 2315 1915 2364 haereticorum
1941 2316 2132 2363 vitanda
2163 2316 2525 2364 communione.
2556 2313 2754 2375 (Baron.
2778 2324 2860 2359 an.
2889 2308 3000 2366 816,
3031 2322 3081 2355 n.
3110 2305 3213 2367 46.)

773 2403 965 2457 Sciens
998 2401 1090 2455 tibi
1127 2400 1277 2455 cordi
1319 2414 1441 2454 esse
1467 2439 1483 2464 ,
1536 2408 1596 2451 ut
1631 2407 1807 2452 tecum
1832 2436 1847 2459 ,
1895 2413 2053 2451 sacro
2100 2398 2278 2465 capite

704 2508 849 2556 meo,
885 2493 1038 2545 nihili
1069 2492 1232 2544 homo
1264 2491 1496 2559 loquar;
1535 2488 1741 2542 amoris
1770 2502 1923 2551 ergo,
1956 2502 2063 2540 nou
2100 2502 2279 2541 neces-

704 2584 885 2637 sitatis
928 2596 1131 2643 causa,
1174 2595 1317 2634 nunc
1369 2580 1582 2646 loquor.
1639 2575 1703 2631 Et
1749 2576 1969 2645 quidem
2002 2575 2113 2643 jam
2155 2583 2279 2628 ante

708 2671 926 2725 locutus
948 2686 1041 2739 per
1067 2672 1295 2723 alteram
1326 2667 1611 2737 epistolam
1642 2666 1829 2719 videor
1855 2683 1869 2719 :
1902 2680 2064 2733 quam
2096 2674 2278 2717 utrum

710 2762 990 2831 acceperis
1049 2760 1253 2813 nescio.
1305 2758 1365 2813 In
1419 2768 1650 2825 utraque
1711 2764 1893 2812 autem
1944 2757 2132 2810 eadem
2174 2770 2279 2809 vox

712 2856 845 2909 mihi
872 2894 887 2917 ,
918 2863 978 2907 ut
1006 2868 1235 2921 corpore
1257 2852 1459 2915 valeas,
1504 2852 1575 2904 mi
1607 2850 1763 2905 Pater
1786 2891 1804 2917 ,
1836 2851 2052 2904 ﬁrmum
2080 2848 2280 2903 verita-

713 2948 784 3001 tis
838 2944 1255 2998 fundamentum
1306 2942 1373 2996 ad
1425 2944 1721 2996 multorum
1776 2941 2171 3002 stabilitatem,
2216 2939 2282 2992 ad

714 3031 838 3088 fidei
871 3030 1211 3100 signaculum
1242 3070 1259 3094 ,
1312 3029 1379 3083 ad
1420 3030 1633 3085 laudern
1672 3030 1913 3094 Christi,
1957 3029 2021 3084 ad
2056 3030 2282 3097 gloriam

718 3122 987 3175 universre
1016 3120 1275 3174 Ecclesia:
1302 3140 1315 3173 :
1355 3120 1616 3188 quoniam
1648 3122 1981 3189 conspicuus
2011 3130 2065 3173 tu
2097 3120 2287 3173 oculus

2447 2373 2615 2457 Εἰδὼς
2646 2398 2732 2449 ὃτι
2778 2393 2952 2462 φιλεῖς
2975 2385 3311 2459 φθέγγεσθαί
3345 2400 3414 2455 με
3441 2381 3532 2435 τὸν
3556 2376 3772 2439 οὐδενὸς
3810 2373 3959 2438 ἄξιον

2334 2540 2343 2543 ,
2382 2487 2518 2558 πρὸς
2552 2486 2612 2537 σὲ
2654 2484 2753 2554 τὴν
2788 2482 2943 2552 ἱεράν
2976 2496 3077 2549 μου
3125 2474 3367 2545 κεφαλήν
3390 2490 3405 2504 ·
3441 2470 3624 2540 φιλίας
3671 2466 3870 2538 χάριν,
3898 2464 3957 2515 οὑ

2380 2579 2571 2648 χρείας
2606 2578 2769 2629 ἕνεκα
2797 2574 2899 2644 ἤδη
2927 2572 3237 2639 φθέγγομαι
3259 2584 3273 2597 '
3310 2564 3575 2633 φαίνομαι
3602 2561 3661 2612 δὲ
3693 2559 3793 2612 καὶ
3822 2573 3956 2648 προ·

2379 2646 2753 2737 ᾦθεγξάμενος
2776 2665 2845 2717 δι’
2872 2663 3071 2731 ἑτέρας
3098 2656 3387 2725 ἐπιστολῆς
3410 2672 3425 2685 ο
3451 2653 3519 2723 ἢν
3548 2648 3838 2711 είὲδέξατο
3862 2646 3960 2698 οὐκ

2382 2761 2704 2827 ἐπίσταμαι.
2770 2756 2861 2806 Ἐν
2911 2749 3006 2805 οὖν
3053 2748 3393 2819 αμφοτὲραις
3433 2738 3513 2804 εἷς
3552 2757 3644 2810 μοι
3688 2739 3719 2790 6
3779 2738 3960 2803 λόγος.

2386 2845 2653 2915 ὑγιαίνειν
2682 2861 2741 2896 σε
2773 2842 2850 2912 τῷ
2874 2842 3090 2910 σώματι
3121 2836 3213 2889 τὸν
3252 2834 3387 2905 ἐμὸν
3426 2832 3669 2899 Πατέρα,
3702 2828 3795 2880 τὸν
3839 2841 3961 2877 στε-

2386 2941 2513 3009 ρεὸν
2550 2936 2800 3006 θεμέλιον
2836 2934 2935 3001 τῆς
2977 2927 3256 2999 ἀληθείας,
3302 2926 3383 2987 εἰς
3430 2923 3681 2994 ἓδρασμα
3724 2916 3961 3009 πολλῶν.

2388 3008 2468 3093 είς
2524 3028 2797 3099 σφραγίδα
2843 3024 3100 3085 πίστεως,
3158 3022 3238 3082 είς
3293 3016 3513 3070 ἔπαινον
3559 3010 3825 3081 Χριστοῦ.
3881 3008 3958 3099 είς

2392 3120 2551 3182 κλέος
2590 3120 2687 3187 τῆς
2727 3118 2854 3185 ὅλης
2921 3109 3276 3173 Ἐκκλησίας·
3306 3105 3498 3175 ἐπειδὴ
3522 3101 3833 3172 περιφανὴς
3898 3098 3961 3149 σὺ

716 3228 826 3284 pra:
850 3211 1081 3277 caeteris,
1110 3211 1317 3264 Orienti
1346 3220 1399 3263 et
1432 3210 1708 3264 Occidenti
1739 3188 1920 3273 uetus,
1955 3209 2158 3262 habens
2183 3224 2287 3261 uua

2389 3210 2663 3278 ὀφθαλμλς
2711 3207 2864 3276 παρά
2906 3204 3033 3269 τοὺς
3087 3202 3305 3265 ἄλλους,
3347 3194 3611 3264 ’Δνατολῇ
3646 3192 3743 3244 καὶ
3801 3188 3963 3241 Δύσει

716 3323 845 3362 cum
899 3308 1002 3361 vita
1046 3317 1275 3369 sancta,
1332 3304 1647 3359 facultatem
1697 3302 1965 3359 sermonis
2009 3302 2292 3357 eximiam.

720 3397 874 3452 Unde
902 3408 954 3450 et
986 3395 1410 3465 imperatoribus
1440 3394 1636 3447 charus
1669 3392 1844 3446 factus
1877 3406 1936 3445 es
1961 3434 1974 3456 ,
2010 3399 2063 3445 et
2092 3391 2295 3461 princi-

722 3490 886 3561 pibus
921 3489 1173 3542 amabilis
1200 3528 1215 3553 ,
1260 3496 1313 3540 et
1353 3488 1639 3541 monachis
1686 3485 1975 3540 laudabilis
2002 3526 2016 3549 ,
2063 3484 2297 3554 propriae

718 3596 851 3634 vero
882 3577 1143 3632 Ecclesia:
1167 3576 1296 3646 quid
1324 3576 1505 3631 dicere
1536 3591 1674 3644 opus
1697 3576 1819 3629 est?
1846 3591 1969 3628 cum
2003 3575 2217 3628 beatum
2248 3584 2298 3627 te

721 3667 1020 3737 prtedicet,
1071 3673 1120 3719 te
1154 3672 1423 3733 exspetat,
1478 3672 1727 3729 ametque
1776 3662 1845 3715 ob
1898 3662 2129 3730 plurima
2178 3674 2299 3728 quae

719 3758 947 3828 patrasti
970 3756 1181 3825 egregia
1212 3754 1477 3815 facinora,
1499 3762 1557 3805 ut
1587 3750 1824 3806 infantes
1839 3752 2005 3805 ubera
2028 3763 2297 3820 materna,

722 3855 785 3901 ut
811 3847 943 3915 pulli
973 3845 1264 3906 nutricem,
1298 3850 1356 3895 ut
1388 3843 1508 3912 agni
1542 3858 1729 3895 verum
1763 3850 2061 3911 pastorem.
2094 3838 2299 3905 Quidni

724 3936 957 3990 autem?
1006 3950 1129 3989 cum
1176 3934 1404 3988 auribus
1446 3933 1759 3987 insonautia
1802 3932 2037 3985 habeant
2085 3932 2298 3985 vivilica

724 4030 887 4083 verba
929 4036 1020 4081 tua
1055 4044 1069 4093 ;
1113 4042 1222 4095 prae
1260 4026 1434 4079 oculis
1468 4033 1649 4078 erecta
1704 4037 1799 4093 per
1839 4032 1892 4077 te
1938 4021 2030 4077 Dei
2077 4021 2296 4090 templa.

721 4119 967 4175 Necdum
1023 4120 1148 4173 dico
1200 4116 1671 4186 eleemosynarum
1725 4114 1948 4183 copias,
1994 4122 2049 4167 et
2091 4114 2299 4181 reliqua

724 4224 893 4279 opera
925 4219 1137 4263 sancta.
1170 4206 1281 4260 Nec
1311 4222 1437 4260 vero
1469 4206 1734 4259 arbitrere
1766 4219 1851 4258 rue
1888 4204 2143 4257 amicitia:
2177 4218 2300 4273 gra-

723 4300 944 4355 tiﬁcari.
982 4298 1114 4352 Nam
1146 4299 1245 4353 etsi
1283 4297 1457 4351 oculis
1486 4312 1591 4349 non
1627 4295 1907 4365 usurpavi,
1944 4295 2126 4348 audivi
2160 4294 2302 4348 nihi-

724 4390 968 4447 lominus
1017 4404 1083 4443 ex
1138 4388 1205 4443 iis
1254 4388 1346 4457 qui
1384 4387 1651 4441 viderant.
1696 4384 1848 4451 Quod
1895 4388 1939 4439 si
1996 4400 2142 4439 nunc
2189 4385 2303 4439 haec

724 4490 956 4551 occupat
988 4480 1263 4551 piaculum
1291 4519 1306 4543 ,
1353 4494 1480 4533 vere
1525 4479 1710 4533 luscus
1761 4477 1849 4531 ille
1879 4485 1933 4531 et
1968 4478 2207 4530 externis
2244 4487 2299 4531 et

727 4573 960 4627 internis
992 4572 1201 4626 oculis:
1248 4584 1314 4623 ne
1343 4570 1713 4633 contristeris,
1746 4568 1929 4631 beate,
1959 4582 2134 4636 neque
2165 4567 2299 4620 adeo

727 4664 964 4719 mireris.
1013 4663 1255 4732 Apostoli
1288 4662 1339 4715 in
1369 4661 1655 4717 caenaculo
1689 4669 1880 4721 erant,
1930 4668 1981 4712 et
2010 4659 2300 4713 celeberri-

728 4772 877 4811 mum
914 4757 1177 4824 templum
1231 4754 1457 4808 deicidae
1513 4753 1873 4821 occupabant.
1920 4750 2118 4803 Eadem
2155 4764 2298 4804 nunc

729 4849 1222 4903 lconomachorum
1276 4846 1457 4910 ratio,
1515 4854 1569 4899 et
1624 4844 1846 4898 Judaica
1898 4842 2294 4912 sentientium:

729 4954 867 5008 quos
898 4946 1176 4994 convertat
1217 4936 1480 4991 Dominus
1506 4975 1521 5000 ,
1574 4945 1627 4989 et
1658 4933 1930 4988 custodiat
1975 4942 2025 4987 te
2072 4947 2170 5002 pro
2213 4946 2298 4985 me

731 5041 977 5084 orantem
1014 5030 1125 5083 tilio
1157 5038 1270 5082 tuo.

2393 3298 2825 3368 γνωριζόμενος·
2862 3296 3002 3365 ἔχων
3050 3296 3188 3364 μετὰ
3220 3292 3314 3347 τοῦ
3353 3290 3503 3361 ίεροῦ
3557 3289 3673 3359 βίου
3726 3284 3822 3338 καὶ
3876 3283 3963 3335 τὶν

2394 3390 2551 3457 λόγον
2619 3387 2936 3439 πολλοστὸν.
2998 3385 3091 3448 Ἐξ
3128 3378 3189 3437 οῦ
3249 3384 3348 3436 καὶ
3404 3378 3683 3450 βασιλεῦσι
3732 3376 3961 3443 γέγονας

2396 3480 2657 3551 φιλητδς,
2734 3478 2828 3531 καὶ
2871 3476 3131 3546 ἄρχουσιν
3195 3472 3457 3545 ἑραστδς,
3510 3470 3607 3523 καὶ
3665 3467 3962 3537 μονασταῖς

2398 3571 2715 3633 ὲπαινετόςο
2766 3570 2833 3639 τῇ
2882 3568 2940 3621 δὲ
2985 3566 3164 3637 οἰκείᾳ
3205 3563 3509 3633 Ἐκκλησία
3541 3560 3595 3613 τί
3621 3559 3703 3612 δεῖ
3736 3557 3832 3610 καὶ
3880 3556 3962 3608 λέ-

2396 3677 2551 3730 γειν;
2607 3660 2990 3730 μακαριζούσῃ
3022 3676 3082 3712 σε
3114 3657 3210 3711 καὶ
3242 3652 3604 3723 ὲπιποθοῦσῃ,
3634 3649 3704 3704 δι’
3728 3648 3765 3701 ἃ.
3811 3647 3964 3715 ἑδρα-

2400 3770 2497 3815 σας
2542 3751 2767 3803 πλεῖστα
2827 3751 2911 3803 ὅτι
2982 3750 3217 3819 μάλιστα
3264 3744 3691 3817 κατορθώματα,
3735 3741 3814 3803 ὠς
3868 3742 3963 3808 νη-

2399 3860 2500 3896 πια
2568 3843 2695 3907 τοὺς
2755 3843 3059 3912 μητρικοὺς
3122 3838 3362 3912 μαζοὺς,
3441 3837 3519 3901 ὡς
3589 3832 3797 3888 νεοττοὶ
3872 3831 3966 3898 τὴν

2398 3934 2617 4005 τροφὸν,
2666 3935 2743 3998 ὼς
2788 3935 2952 4005 ἄρνες
2988 3932 3079 3985 τὸν
3115 3930 3335 4001 άληθῶς
3382 3928 3642 3999 ποιμένα.
3697 3926 3811 3979 Καὶ
3856 3922 3969 3982 sub;

2401 4025 2510 4093 γάρ
2542 4025 2603 4079 οῦ
2623 4043 2637 4088 ;
2660 4024 2860 4077 ἔναυλα
2889 4022 3103 4093 ἔχοντες
3120 4021 3190 4074 τά
3216 4020 3408 4091 ζωηρά
3434 4036 3530 4072 σου
3560 4018 3807 4087 ῥήματα,
3850 4011 3968 4065 κατ’

2399 4115 2712 4186 ὀφθαλμοὺς
2754 4114 3040 4184 βλέποντες
3083 4114 3211 4177 τοὺς
3261 4111 3366 4165 ὑπὸ
3419 4109 3513 4162 σοῦ
3563 4104 3968 4177 ἀνορθωθέντας

2401 4209 2563 4266 ναοὺς
2591 4206 2748 4259 Θεοῦ.
2769 4207 2879 4258 Kal.
2910 4203 3063 4257 οὔπω
3085 4204 3229 4270 λέγω
3258 4186 3568 4269 τδδαψιλὲς
3605 4199 3703 4266 τῆς
3742 4196 3970 4262 ἐλεημο-

2405 4297 2592 4368 σύνης,
2635 4296 2729 4349 καὶ⁵
2777 4296 2846 4348 τά
2881 4294 3045 4347 λοιπά
3090 4292 3396 4361 ὁσιώματα.
3464 4289 3573 4342 Καὶ
3623 4286 3700 4359 μὴ
3763 4285 3971 4351 δόξειας

2404 4387 2556 4459 φιλίςι⁵
2581 4404 2649 4457 με
2679 4384 3018 4457 χαρίζεσθαι.
3044 4385 3107 4438 El
3136 4382 3244 4453 γὰρ
3267 4382 3363 4436 καλ⁵
3404 4380 3481 4451 μὴ
3510 4378 3628 4447 δψει
3663 4377 3969 4436 ὑπέλαϐον,

2404 4478 2520 4533 ἀλλ’
2552 4478 2700 4548 ὅμως
2750 4478 3019 4547 κατήκοος
3053 4475 3321 4546 ἐγενόμην
3376 4470 3528 4544 παρὰ
3568 4467 3677 4521 τῶν
3730 4468 3971 4520 εἰδότων.

2405 4570 2468 4623 El
2492 4570 2550 4622 δὲ
2570 4570 2652 4622 ὅτι
2690 4568 2786 4621 νῦν
2832 4568 3094 4638 κάθαρμα
3130 4568 3160 4619 6
3200 4566 3276 4628 ὡς
3313 4564 3527 4634 άληθῶς
3565 4558 3974 4631 ἑτερόφθαλμος

2403 4662 2632 4722 καὶτοῖς
2656 4658 2760 4722 ἔξω
2784 4658 2877 4710 καὶ
2907 4661 3018 4720 τοῖς
3058 4656 3205 4710 ἔνδον
3240 4655 3453 4726 δμμασι
3493 4650 3713 4719 κατέχει
3759 4648 3935 4701 ταῦτα
3956 4688 3970 4709 ,

2405 4751 2481 4821 μὴ
2513 4747 2707 4812 λυποῦ,
2736 4740 2781 4799 ὦ
2808 4745 2993 4816 μάκαρ
3014 4761 3027 4775 ·
3060 4747 3197 4815 μήτε
3232 4744 3338 4815 μὴν
3379 4742 3689 4812 θαυμάσῃς.
3742 4740 3810 4792 Ol.
3844 4738 3974 4793 ἁπό-

2403 4838 2583 4893 στολοι
2606 4841 2663 4890 ἒν
2686 4837 2763 4907 τῷ
2785 4836 3020 4908 ὑπερῴῳ
3049 4833 3211 4906 ἦσαν,
3237 4837 3334 4889 καὶ
3368 4835 3459 4888 τὸν
3494 4832 3830 4905 περιβόητον
3856 4831 3976 4884 ναὸν

2402 4934 2449 4985 οἱ
2478 4930 2751 4984 θεοκτόνοι
2782 4929 3240 4999 περιελάμϐανον,
3263 4926 3502 4979 Τοιαῦτα
3534 4926 3633 4977 καὶ
3662 4927 3729 4976 τά
3751 4923 3865 4974 τῶν
3890 4921 3975 4973 ΕΙ-

2406 5019 2727 5091 κονομάχων
2779 5019 2872 5071 καὶ⁵
2929 5017 3367 5088 Ἰουδαιοφρόνων
3411 5015 3528 5069 νῦν.
3569 5013 3677 5078 Οὓς
3725 5011 3976 5083 ἐπιστρέ-

730 5122 881 5191 ψειεν
909 5124 936 5175 6
960 5120 1183 5189 Κύριος,
1213 5119 1307 5171 καὶ
1336 5118 1393 5170 σὲ
1428 5114 1815 5185 περιφυλάξειε
1858 5114 2298 5185 προσευχόμενον
2330 5114 2459 5184 περὶ
2481 5109 2617 5180 ἐμοῦ
2647 5108 2741 5162 τοῦ
2778 5109 2870 5161 σοῦ
2905 5109 3117 5162 τέκνου.

975 5230 1160 5285 XXVI.
1196 5259 1264 5271 -—
1295 5227 1677 5299 Tlteuphylacto
1709 5226 2053 5279 Nicomedire.

2655 5217 3273 5287 KC'.—9805;v1dxttp
3291 5214 3706 5286 Νικομηδείας.
3785 5206 3975 5287 [σμιί

1710 5318 1784 5367 De
1820 5314 2344 5379 sanctis'imaginibus.
2373 5317 2571 5380 (Baron.
2608 5311 2818 5371 an.816,
2855 5324 2901 5359 n.
2925 5310 3029 5372 59.)

798 5426 1053 5484 Jamdum
1100 5424 1351 5495 optabam
1385 5422 1703 5477 beatitudini
1753 5431 1857 5477 tua:
1897 5422 2133 5477 scribere
2170 5439 2181 5475 :
2216 5422 2308 5475 sed

734 5520 1051 5578 defuitmihi
1069 5516 1255 5573 humili
1276 5514 1428 5586 copia
1449 5513 1734 5569 tabellarii.
1753 5511 1906 5567 Nunc
1926 5512 2018 5566 Dei
2039 5512 2311 5567 voluntate

2493 5422 2665 5476 Πάλαι
2708 5415 3013 5484 ἐπεθύμουν
3061 5414 3448 5483 ἐπιστεῖλαιτῇ
3478 5410 3842 5483 μακαριότητι
3884 5426 3969 5463 σου

2420 5514 2515 5568 καὶ
2541 5511 2638 5564 οὐκ
2686 5503 2959 5572 ἐξεγένετό
2988 5519 3078 5571 μοι
3103 5501 3180 5572 τῷ
3204 5502 3440 5573 ταπεινῷ
3479 5500 3685 5573 ἀπορίᾳ
3714 5516 3963 5572 γραμμα.

2263 5652 2491 5707 ΝΟΤΕ.

812 5750 893 5821 (ι)
928 5747 1099 5819 Huius
1129 5747 1273 5806 Petri
1302 5747 1547 5820 episcopi
1586 5745 1885 5804 honorifica
1915 5748 2117 5803 mentio
2140 5755 2221 5801 est
2254 5746 2307 5801 in
2344 5746 2461 5803 Vita
2497 5744 2554 5800 S.
2592 5743 2801 5801 Nicetae
2827 5744 2968 5815 apud
3000 5740 3220 5799 Surium
3248 5740 3282 5795 3
3314 5738 3530 5808 Aprilis.
