4164 6520
184 448 320 512 1193

1382 465 1919 528 EPISTOLARUM
1964 463 2110 527 LIB.
2176 472 2257 528 ιι.

3322 462 3460 530 1194

181 561 423 631 τηςόρου
454 577 467 588 ’
496 560 591 614 νῦν
618 562 677 616 δέ
738 564 959 637 εὐδοκία
992 567 1129 621 Θεοῦ
1198 571 1503 643 ἐπιτυχὼν,
1546 576 1639 629 τὸν
1670 579 1764 628 που

1894 589 2088 642 iactus,
2118 580 2308 646 explet)
2339 576 2670 631 desiderium
2706 589 2909 640 meum,
2938 575 3082 645 quod
3109 590 3237 645 erga
3265 580 3315 631 te
3350 576 3475 651 jure

186 652 281 707 θον
316 670 421 724 μου
453 654 784 727 ἀποπληρῶ,
818 658 880 711 ὃν
909 660 1139 725 εἰκότως
1172 664 1261 715 ἐπ’
1291 665 1431 737 αὐτῇ
1453 666 1733 738 κέκτημαι
1753 687 1767 701 °

184 747 247 799 οὐ
281 747 446 817 μόνον
496 746 588 802 διὰ
619 748 720 819 τῆν
752 753 811 804 ἐν
840 751 1034 824 Κυρίῳ
1092 754 1388 826 ὁμολογίαν
1418 774 1432 790 °
1494 759 1632 813 ἀλλὰ
1664 766 1774 835 γὰρ

183 838 280 892 καὶ
314 837 462 901 ἰδίως
487 838 577 893 διὰ
602 840 705 913 τὴν
732 842 1011 914 ἐξαίρετόν
1054 863 1147 899 σου
1179 848 1332 920 παρὰ
1367 852 1495 914 τοὺς
1537 853 1773 917 πολλοὺς

184 929 546 1001 ίδιοτροπίαν,
578 932 640 986 τὸ
674 935 967 1006 μειλίχιον,
1005 939 1069 992 τὸ
1122 940 1353 1007 ἁπλοῦν,
1404 944 1468 997 τὸ
1525 946 1773 1015 ἐπίχαρι.

177 1020 240 1073 τὸ
267 1020 445 1090 γλυκὺ
479 1025 538 1077 ἐν
562 1028 686 1090 ταῖς
714 1027 981 1099 ὁμιλίαις,
1014 1032 1075 1085 τὸ
1104 1034 1523 1106 εὐπροσήγορον
1565 1038 1622 1092 ἐν
1654 1041 1777 1103 ταῖς

180 1114 481 1180 ἐντεύξεσι,
515 1120 579 1171 τὸ
603 1120 732 1191 ἰτερλ⁵
760 1121 941 1177 πάντα
965 1125 1311 1197 ἁγαθοεργές
1332 1144 1350 1162 ·
1373 1129 1468 1198 ἀφ’
1499 1122 1576 1183 ὧν
1610 1133 1638 1185 ὀ
1662 1132 1777 1203 ,τῆς

184 1208 341 1279 ἱερᾶς
373 1227 469 1263 σου
507 1210 691 1283 ψυχῆς
720 1218 1035 1289 χαρακτὴρ,
1085 1220 1185 1275 καὶ
1222 1224 1297 1294 μὴ
1329 1223 1628 1297 ὁρώμενος,
1687 1246 1780 1281 τε·

186 1300 465 1375 θεώρηται
499 1306 846 1378 ὠραϊσμένος
877 1313 943 1383 τῇ
979 1314 1228 1388 ποικιλίᾳ
1252 1318 1364 1371 τῶν
1384 1316 1617 1391 ἀρετῶν.
1666 1324 1779 1377 Ἀ).-

182 1394 252 1449 λὰ
287 1397 421 1468 περὶ
451 1392 604 1454 τοῦδε
636 1402 737 1471 μὲν
770 1404 975 1467 ἱκανῶς
1007 1447 1022 1471 ,
1049 1407 1133 1460 ὅτι
1167 1408 1306 1479 μηδὲ
1352 1399 1549 1481 καιρὸς
1600 1414 1778 1481 ἐγκω-

190 1486 356 1556 μίων.
391 1489 457 1542 Τί
482 1490 541 1544 δέ
570 1508 654 1546 σοι
686 1487 895 1559 ὦπται,
922 1485 968 1550 ὦ
993 1497 1206 1572 μάκαρ,
1236 1499 1307 1553 τὰ
1341 1503 1623 1573 παρόντας
1663 1506 1779 1559 ἀλλ’

185 1578 309 1650 οὐχὶ
364 1583 565 1653 μικροῦ
623 1584 734 1638 δεῖν
798 1586 1157 1660 Ἰουδαῐσμὸς,
1207 1592 1329 1663 ἦτοι
1383 1593 1777 1667 Ἐλληνισμός;

198 1670 532 1767 ’Δςρηρξθηὸ
554 1675 757 1748 κόσμος
775 1679 877 1749 τῆς
906 1681 1253 1754 Ἐκκλησίας.
1273 1688 1305 1755 ἠ
1328 1684 1452 1755 ὄψις
1478 1687 1587 1741 τῶν
1619 1690 1784 1759 ἱερῶν

176 1763 338 1817 ’ναῶν
378 1763 517 1836 πυρὶ
542 1769 823 1841 παρεδόθη
859 1772 926 1826 τὰ
964 1773 1095 1843 ἇγια
1126 1793 1140 1807 ο
1170 1778 1300 1833 ἄλλο
1333 1796 1388 1833 τι
1418 1780 1606 1851 σχῆμα
1642 1800 1783 1851 γνω-

193 1854 409 1924 ρίζεται
462 1858 521 1910 ἐν
552 1859 635 1930 τῷ
668 1862 1089 1939 Χριστιανισμῷ
1133 1885 1147 1900 ’
1180 1872 1297 1938 εἴγε
1324 1871 1409 1925 δεῖ
1458 1875 1781 1945 Χριστιανι-

1874 672 2117 740 suscepi,
2156 687 2262 725 non
2294 671 2470 726 solum
2503 670 2574 725 ob
2602 680 2752 723 tuam
2809 669 2860 723 in
2896 668 3132 722 Domino
3168 669 3473 723 confessio-

1874 781 2021 832 nem,
2054 764 2148 821 sed
2182 765 2529 836 peculiariter
2564 762 2728 817 etiam
2761 761 2832 815 ob
2858 761 3109 831 egregios
3134 776 3243 829 prae
3279 760 3471 814 multis

1874 873 2057 914 mores
2077 865 2223 921 tuos,
2248 857 2595 917 suavitatem,
2625 854 2940 920 candorem,
2974 854 3229 922 gratiam.
3257 863 3311 907 et
3334 853 3471 907 mel-

1876 950 2029 1005 litam
2078 950 2572 1013 conversationem,
2626 946 2999 1001 aifabilitatem
3071 946 3124 999 in
3161 944 3473 1016 congressi-

1878 1043 2013 1109 bus,
2060 1052 2117 1096 et
2166 1057 2333 1112 supra
2391 1040 2576 1095 omnia
2633 1040 3064 1095 beneficentiam
3100 1053 3217 1096 λοι
3276 1037 3480 1109 quibus

1877 1147 2049 1189 sacrae
2097 1134 2295 1187 animae
2351 1142 2457 1187 ture
2513 1131 2818 1195 character,
2867 1131 2969 1185 etsi
3020 1145 3128 1183 non
3179 1130 3478 1199 inspectus,

1878 1235 2107 1282 ornatus
2161 1227 2315 1280 visus
2358 1236 2442 1281 est
2488 1224 2751 1279 virtutum
2795 1226 3078 1278 varietate.
3129 1222 3236 1279 Sed
3267 1222 3336 1278 de
3380 1223 3482 1277 hac

1880 1333 1939 1372 re
1984 1319 2118 1375 satis
2154 1339 2168 1373 :
2202 1335 2303 1374 nec
2333 1319 2479 1373 enim
2513 1329 2728 1388 tempus
2760 1326 2844 1371 est
2883 1316 3291 1373 encomiorum.
3341 1314 3481 1383 Quid

1881 1425 2009 1463 vero
2058 1410 2178 1473 tibi,
2212 1426 2246 1463 ο
2286 1411 2463 1470 beate.
2510 1410 2626 1464 visa
2673 1418 2803 1465 sunt
2859 1408 2978 1463 haec
3027 1423 3151 1478 qute
3176 1405 3485 1479 geruntur?

1882 1500 2077 1554 Annon
2111 1516 2278 1570 prope
2330 1499 2670 1563 Judaismus,
2706 1508 2803 1554 aut
2849 1498 3251 1569 paganismus?
3292 1498 3483 1551 Detra-

1881 1602 2004 1647 ctus
2033 1602 2118 1647 est
2140 1601 2371 1650 ornatus
2424 1594 2702 1659 Ecclesiae,
2735 1608 3012 1649 sacrarum
3049 1594 3246 1648 aedium
3272 1591 3479 1647 facies:

1884 1688 1993 1757 igni
2029 1688 2221 1741 tradita
2254 1698 2383 1742 sunt
2411 1698 2597 1743 sancta
2631 1706 2643 1742 :
2676 1687 2781 1742 alia
2814 1686 3064 1756 quaedam
3133 1685 3307 1740 forma
3363 1700 3483 1738 cer-

1884 1782 2033 1834 nitur
2061 1782 2112 1835 in
2146 1781 2572 1837 (lbristianismo
2605 1800 2619 1836 :
2652 1782 2698 1836 si
2725 1780 3214 1836 Christianismum
3263 1778 3371 1833 dici
3405 1776 3487 1832 fas

1884 1880 1989 1937 est,
2020 1882 2213 1927 etnon
2262 1874 2444 1941 potius
2477 1872 2843 1928 Judaismum.
2901 1870 3058 1927 Nunc
3115 1878 3484 1941 opportunum

196 1949 360 2018 σμὸν,
391 1950 529 2004 ἀλλὰ
560 1954 638 2023 μὴ
680 1954 1017 2029 Ἰουδαῖσμὺν
1036 1960 1539 2036 καλεῖν.Εῦκαιρον
1563 1968 1658 2021 καὶ
1685 1968 1779 2022 νῦν

1889 1973 1967 2021 est
2003 1976 2061 2019 ut
2110 1964 2361 2020 dicatur:
2387 1964 2629 2028 Domine,
2661 1965 2943 2036 prophetas
2979 1974 3102 2017 tuos
3145 1962 3477 2021 occiderunt.

187 2037 377 2107 λέγειν
408 2057 423 2071 ·
455 2043 657 2111 Κύριε,
693 2042 837 2113 τοὺς
862 2049 1185 2118 Προφήτας
1235 2069 1354 2107 σου
1388 2054 1777 2119 ἀπέκτειναν,

187 2129 291 2184 καὶ
350 2132 425 2186 τὰ
477 2136 882 2206 θυσιαστήριά
941 2155 1060 2196 σου
1120 2143 1541 2215 κατέσκαψαν.
1583 2150 1692 2201 Καί
1715 2165 1780 2216 γε

187 2225 445 2281 ἔκτειναν
475 2230 570 2281 καὶ
600 2246 665 2299 γε
699 2232 1077 2305 κατέσκαψαν.
1111 2237 1186 2291 Τὸ
1235 2238 1347 2307 γάρ
1388 2238 1531 2305 ξέειν
1565 2242 1662 2295 καὶ
1690 2243 1780 2309 ἐξ·

186 2319 446 2390 ορύσσειν
469 2320 570 2393 τὴν
619 2322 745 2393 ὄψιν
780 2325 979 2390 αὐτῶν,
1014 2329 1138 2398 οὐχὶ
1182 2332 1600 2385 κατασκάπτειν
1632 2335 1781 2387 ἐστὶν

185 2412 483 2481 ἐμφανῶςς
521 2414 723 2485 Ἀφελε
772 2416 899 2487 ὄψιν
934 2418 1269 2490 ἀνθρώπουο
1302 2423 1399 2477 καὶ
1454 2424 1642 2478 οὐκέτι
1684 2424 1780 2477 ἄν-

184 2503 431 2575 θρωπος,
488 2507 627 2562 ἀλλά
686 2528 741 2564 τι
782 2511 1087 2583 εκτρωμαο
1130 2513 1248 2582 εῐγε
1312 2517 1412 2569 καὶ
1464 2517 1588 2570 ἐστι
1638 2516 1777 2587 ζῆν’

200 2597 605 2669 Ἐνεπύρισαν
640 2602 711 2656 ἐν
769 2604 916 2672 πυρὶ
949 2605 1020 2658 τὸ
1049 2607 1442 2676 ἀτιαστήριόν
1479 2627 1620 2666 σου.
1670 2612 1781 2665 Καὶ

186 2690 366 2744 ταῦτα
400 2692 619 2765 ἀληθῶς
650 2709 667 2726 ⁸
715 2697 900 2752 πᾶσαν
928 2696 1086 2752 θείαν
1126 2701 1310 2755 είκόνα
1365 2705 1427 2755 ἐν
1487 2704 1639 2777 πάσῃ
1676 2704 1778 2777 ὖλῃ

189 2780 566 2853 χαραχθεῖσαν
596 2785 1010 2857 ἐμπρήσαντες.
1038 2788 1344 2862 Ἀνέῳκται
1357 2792 1583 2862 γλῶσσα
1618 2796 1780 2864 βλάσ-

191 2889 404 2942 φημος,
434 2874 526 2927 τὸν
556 2876 794 2947 Χριστὸν
821 2876 1044 2933 εἴδωλον
1078 2880 1337 2951 λέγουσα,
1366 2883 1468 2955 τὴν
1494 2886 1777 2952 Θεοτὸκον,

190 2967 378 3019 πάντα
410 2965 588 3036 ἆγιον.
630 2969 740 3023 Καὶ
785 2968 895 3043 γὰρ
954 2972 1051 3026 τοῦ
1098 2974 1415 3045 ἀρχετύπου
1447 2977 1549 3049 τὴν
1586 2980 1782 3050 κλῆσιν

187 3057 251 3110 το
278 3059 616 3130 παράγωγον
644 3060 915 3134 κέκτηται
948 3080 963 3096 ο
1001 3065 1194 3137 ἐπειδὴ
1224 3068 1319 3121 καὶ
1373 3070 1475 3140 τὴν
1531 3072 1779 3143 προσκύ-

188 3166 371 3221 νησιν.
403 3151 507 3204 Διὰ
546 3150 711 3206 τοῦτο
743 3156 839 3209 καὶ
866 3154 1081 3227 [πάντα
1108 3159 1349 3229 σταυροῦ
1379 3161 1578 3225 τύπον,
1610 3180 1782 3217 σταυ-

193 3242 291 3315 ρὸν
312 3242 607 3317 καλοῦμεν,
638 3245 737 3300 καὶ⁵
763 3246 870 3322 ⁵⁷⁸]
903 3250 1343 3321 προσκυνοῦντες
1391 3254 1485 3307 τὸν
1517 3253 1782 3318 ζωοποιὺν

192 3336 456 3407 σταυρὸν,
520 3339 1051 3412 προσπτυσσὸμεθα.
1101 3344 1267 3398 Ἀλλὰ
1303 3346 1479 3401 ταῦτα
1515 3347 1780 3422 ἐξετραγ-

191 3426 387 3501 ῲὸησα
460 3430 491 3484 ὁ
547 3432 834 3499 ταπεινὸς,
875 3435 974 3506 οὐχ
1024 3433 1101 3501 ὡς
1155 3439 1463 3509 ἀγνοούσης
1517 3458 1613 3495 σου
1683 3445 1783 3513 τῆς

192 3520 481 3591 πανσόφου
505 3521 849 3595 τελειότητος
892 3527 993 3597 τῆς
1022 3527 1235 3599 πλάνης
1274 3531 1367 3582 τὸν
1399 3532 1645 3604 ὄλεθρον,
1709 3537 1784 3607 μή

194 3630 251 3667 τι
282 3614 513 3686 πάθοιμι
556 3618 807 3689 μωρικόν
827 3636 843 3652 σ
877 3618 939 3673 τὸ
969 3619 1256 3676 θλιπτικὸν
1283 3623 1342 3677 δὲ
1376 3624 1548 3691 πάθος
1608 3645 1787 3699 παρα-

198 3707 542 3780 μυθούμενος
584 3710 685 3781 τῆς
728 3712 973 3784 ἐμαυτοῦ
1015 3715 1247 3785 καρδίας
1290 3716 1382 3772 διὰ
1419 3718 1531 3772 τῶν
1583 3722 1789 3791 ἀναφο-

197 3801 356 3872 ρῶνο
405 3804 466 3856 αἴ
491 3820 612 3868 πως
672 3806 952 3876 πεφύκασι
983 3806 1339 3880 λαλούμεναι,
1399 3812 1681 3880 κουφίζειν
1722 3816 1791 3868 τὰ

195 3893 452 3965 ἐνκρυφῆ
485 3896 713 3966 ἀλγεινά
740 3916 754 3928 ·
796 3900 891 3953 καὶ
916 3899 1037 3971 ἅμα
1072 3901 1348 3957 ὑποκινῶν
1381 3904 1557 3977 αὐτὴν
1593 3905 1793 3977 θερμό-

195 4002 361 4057 τερον
381 3989 665 4058 προσιέναι
685 3990 825 4063 Θεῷ,
855 3995 1082 4064 ταχεῖαν
1108 3995 1431 4067 ἐπιτίμησιν
1469 3997 1696 4068 ποιῆσαι
1719 4001 1785 4070 τῇ

200 4082 418 4152 πονηρᾷ
448 4081 622 4155 ταύτῃ
654 4085 862 4155 αἱρέσει
898 4086 981 4149 εἰς
1040 4086 1321 4161 σωτηρίαν
1371 4089 1469 4143 τοῦ
1522 4089 1655 4144 λαοῦ
1688 4091 1787 4142 αὐ-

1882 2064 1932 2108 et
1984 2054 2188 2107 altaria
2238 2063 2330 2107 tua
2368 2054 2750 2108 destruxerunt
2776 2053 2839 2106 “.
2878 2051 2945 2105 Et
2985 2050 3207 2121 quidem
3266 2049 3485 2104 occide-

1886 2154 2033 2212 runt,
2063 2155 2117 2200 et
2137 2146 2355 2215 quidem
2381 2146 2798 2202 destruxerunt.
2837 2143 3075 2199 Eradere
3099 2144 3243 2197 enim
3273 2152 3327 2197 et
3354 2142 3487 2197 effo—

1883 2239 2012 2293 dere
2042 2238 2235 2293 faciem
2268 2239 2633 2311 eorum,quid
2668 2238 2815 2295 aliud
2837 2247 2940 2302 est,
2964 2252 3131 2306 quam
3163 2244 3349 2305 aperte
3386 2237 3484 2289 de-

1884 2332 2142 2383 struere?
2179 2328 2348 2383 Aufer
2397 2327 2642 2383 hominis
2705 2324 2922 2387 faciem,
2979 2338 3089 2378 non
3138 2322 3253 2391 jam
3317 2321 3484 2375 homo

1883 2420 2005 2484 erit,
2029 2420 2122 2475 sed
2142 2420 2449 2475 abortivum
2483 2420 2769 2489 quiddam,
2796 2419 2840 2472 si
2871 2429 3048 2471 tamen
3077 2417 3259 2469 vivere
3286 2415 3481 2485 possit.

1885 2511 2231 2567 [incenderunt
2281 2511 2392 2582 igni
2440 2511 2809 2565 sanctuarium
2845 2519 2996 2563 tuum
3033 2507 3098 2561 ⁸⁷.
3135 2506 3202 2561 Et
3226 2509 3329 2562 hoc
3362 2522 3487 2562 vere

1886 2605 2015 2659 item
2052 2623 2065 2659 :
2102 2618 2322 2660 omnem
2375 2603 2618 2658 divinam
2662 2602 2956 2673 imaginem
2992 2616 3323 2671 quacunque
3355 2616 3475 2655 ma-

1888 2696 2019 2750 teria
2072 2710 2394 2766 expressam
2450 2703 2891 2751 concremantes.
2962 2694 3228 2764 Apertum
3280 2698 3366 2747 est
3417 2708 3481 2747 ns

1884 2790 2288 2859 hlasphemum,
2320 2788 2601 2843 Christum
2639 2786 2842 2841 idolum
2880 2788 3183 2856 appellans,
3234 2797 3289 2841 et
3356 2786 3484 2841 Dei-

1885 2896 2095 2950 param,
2155 2890 2212 2934 et
2249 2894 2471 2934 omnem
2531 2889 2783 2934 sanctum
2826 2898 2839 2933 :
2876 2879 3157 2949 archetypi
3213 2878 3488 2949 siquidem

1886 2987 2083 3026 nomen
2134 2971 2333 3027 retinet
2381 2972 2547 3026 etiam
2600 2973 2913 3043 exemplum
2952 3014 2967 3038 ,
3005 2975 3230 3043 quando
3268 2982 3323 3029 et
3352 2974 3489 3027 ado-

1886 3065 2155 3121 rationem
2197 3078 2434 3135 quoque.
2471 3065 2680 3119 Idcirco
2719 3075 2773 3119 et
2808 3081 3025 3119 onmem
3068 3076 3254 3138 typum
3283 3066 3486 3128 crucis,

1884 3171 2106 3212 crucem
2173 3155 2537 3227 appellamus,
2581 3165 2635 3211 et
2690 3156 2959 3212 viviﬁcam
2991 3173 3211 3214 crucem
3251 3160 3491 3213 adoran-

1890 3259 1972 3305 tes
2026 3249 2436 3319 amplectimur.
2486 3248 2689 3304 Verum
2746 3250 2861 3305 hare
2886 3266 2986 3322 ego
3027 3250 3251 3305 humilis
3302 3248 3490 3319 deploa

1891 3342 2025 3407 rari,
2069 3356 2180 3396 non
2241 3340 2395 3411 quasi
2442 3342 2649 3396 erroris
2691 3343 2989 3411 perniciem
3039 3343 3253 3414 ignoret
3299 3350 3489 3397 exacta

1892 3433 2159 3504 sapientia
2192 3441 2282 3487 tua
2308 3451 2323 3492 ;
2350 3446 2416 3487 ne
2439 3432 2643 3487 stultus
2680 3432 2867 3488 videar
2904 3452 2917 3488 :
2957 3433 3049 3489 sed
3075 3442 3135 3503 ut
3167 3432 3351 3489 cordis
3384 3431 3491 3485 mel

1893 3529 2141 3584 dolorem
2191 3532 2309 3601 ipse
2348 3530 2551 3586 leniam
2619 3528 3150 3586 commemorando:
3186 3527 3368 3583 solent
3416 3529 3493 3581 si-

1894 3621 2114 3693 quidem
2176 3623 2548 3685 narrationes.
2582 3637 2710 3677 cum
2759 3621 3085 3685 eﬂ‘eruntur,
3127 3620 3375 3677 occultas
3410 3620 3493 3674 le-

1896 3730 2023 3770 vare
2066 3715 2348 3770 molestias
2386 3733 2399 3777 ;
2433 3726 2598 3786 atque
2648 3724 2709 3768 ut
2752 3715 2901 3769 illam
2947 3730 3056 3769 una
3118 3715 3352 3770 excitem
3425 3711 3495 3766 ad

1899 3808 2068 3864 Deum
2106 3808 2327 3863 enixius
2354 3807 2785 3877 deprecandum,
2812 3818 2871 3861 ut
2909 3807 3143 3863 celerem
3185 3806 3492 3861 vindictam

1897 3915 2076 3970 prava:
2136 3900 2262 3954 huic
2321 3899 2511 3954 lueresi
2558 3898 2749 3954 reddat
2780 3898 2847 3975 ad
2888 3900 3074 3971 populi
3100 3899 3186 3955 sui
3238 3900 3495 3954 salutem.

1896 3994 2001 4047 Ora
2034 3994 2199 4047 etiam
2237 4008 2335 4057 pro
2368 4008 2456 4047 me
2485 3990 2718 4046 minimo
2763 3991 2873 4044 ﬁlio
2925 4001 3042 4057 tuo,
3067 3990 3231 4046 Pater
3262 3990 3498 4046 sanctis-

1902 4104 2062 4143 ειηιρ.

196 4171 318 4226 τοῦ.
375 4173 684 4246 Προσεύχου
714 4178 809 4231 καὶ
835 4180 966 4251 περὶ
1009 4179 1144 4250 ἐμοῦ
1180 4179 1275 4234 τοῦ
1338 4180 1624 4253 ἐλαχίστου
1688 4200 1780 4236 σου
1835 4182 2057 4240 τέκνου,
2096 4175 2371 4244 ἁγιώτατέ
2406 4193 2511 4245 μου
2547 4174 2751 4244 Πάτερ.

560 4294 672 4347 ΚΖ.
693 4326 759 4334 -
788 4296 1040 4365 Τιμοθέῳ
1067 4294 1279 4365 τέκνῳ.
1307 4296 1504 4369 [σμδ’.]

2289 4291 2504 4348 XXVII.
2542 4323 2612 4333 ——
2655 4291 2926 4347 Timotheo
2980 4290 3115 4359 filio.

700 4432 890 4483 Laudat
912 4435 977 4486 ob
1002 4440 1328 4489 constantiam
1354 4452 1443 4501 pro
1471 4440 1739 4503 imaginum
1761 4437 2057 4488 defensione
2084 4452 2096 4486 :
2127 4442 2229 4484 tum
2248 4435 2444 4497 jejunio
2477 4434 2676 4483 modum
2700 4432 2999 4494 praescribit.

272 4540 380 4594 Οἴα.
425 4557 519 4595 σου
554 4541 588 4613 ἠ
625 4542 797 4614 ψυχὴ,
845 4545 1037 4599 τέκνον
1101 4566 1202 4619 μου
1267 4550 1526 4621 ποθητὺν,
1556 4550 1784 4603 τοιαῦτα

1960 4546 2153 4615 Qualis
2188 4546 2407 4601 animus
2433 4555 2581 4605 tuus,
2622 4544 2695 4598 liii
2732 4545 2804 4599 mi
2843 4542 3334 4607 desideratisslme,
3363 4542 3498 4598 tales

204 4632 304 4686 καὶ
330 4632 400 4687 τὰ
431 4639 763 4705 γράμματα,
813 4636 1115 4708 θαρσαλέα,
1150 4639 1386 4712 εὖθυμα,
1446 4641 1793 4713 εὐπρόθυμα.

207 4728 459 4799 φιλόθεα,
491 4730 881 4806 φιλομάρτυρα
901 4750 913 4762 ο
943 4734 1038 4788 καί
1065 4752 1128 4803 γε
1154 4736 1253 4806 τῆς
1279 4737 1461 4807 ψυχῆς
1491 4735 1702 4800 εἰκόνες
1743 4735 1794 4788 οἱ

205 4821 392 4893 λόγον
450 4824 547 4879 καὶ
602 4827 669 4879 ἐκ
718 4826 815 4881 τοῦ
881 4830 1331 4901 περισσεύματος
1392 4831 1490 4901 τῆς
1562 4830 1794 4901 καρδίας

206 4916 445 4983 ἕκαστος
465 4918 622 4991 φέρει
652 4920 722 4975 τὰ
752 4922 912 4991 λόγια
930 4940 944 4954 ·
986 4922 1125 4977 ὥστε
1149 4924 1245 4977 καὶ
1273 4926 1422 4995 ἡμᾶς
1448 4923 1795 4988 ἀκούσαντάς

208 5026 307 5065 σου
340 5009 449 5063 τῶν
490 5013 777 5084 ῥημάτων,
816 5015 1254 5088 ἐπιρρωσθῆναι,
1287 5015 1382 5070 καὶ
1434 5016 1652 5087 μᾶλλον.
1694 5018 1793 5070 ἁν-

205 5102 559 5174 δριιωθῆναι,
592 5108 687 5161 καὶ
726 5108 864 5179 πρὸς
890 5105 1121 5180 ἄθλησιν
1168 5109 1514 5182 ἐπειχθῆναι.
1556 5107 1688 5183 Ἐμὲ
1736 5108 1795 5163 δέ

208 5197 606 5268 καὶόάδελφὸς
666 5199 945 5276 Ἀδριανὸς
991 5202 1408 5274 ἐξηγησάμενος
1465 5202 1629 5276 πλέον
1678 5201 1794 5268 ἐξέ-

208 5305 394 5343 νισινο
432 5274 771 5359 ἀναγγείλας
803 5310 898 5346 σου
939 5291 1001 5348 τὸ
1058 5293 1324 5366 εῠθαρσον
1378 5274 1476 5349 καί
1518 5295 1794 5365 σταθηρὸν

211 5377 304 5435 καὶ
335 5379 816 5451 εὐπαρρησίαστον
842 5399 858 5414 ·
899 5385 993 5437 καὶ
1025 5385 1124 5455 μέν
1162 5401 1247 5437 τοι
1299 5386 1391 5439 καὶ
1444 5384 1792 5439 διαλεκτικὸν

211 5475 352 5544 πρὸς
386 5491 514 5539 τους
546 5474 915 5546 ἐρεθίζοντας.
936 5477 1111 5532 Πόθεν
1142 5495 1227 5531 σοι
1254 5476 1462 5545 ταῦτα,
1490 5474 1522 5549 ἢ
1546 5477 1669 5547 οὐχὶ
1702 5479 1796 5529 ἐπὶ

211 5564 314 5633 τῆς
375 5566 727 5640 προαγούσης
774 5568 988 5640 ἀγαθῆς
1040 5571 1421 5641 προαιρέσεως
1483 5572 1578 5623 καὶ
1647 5568 1800 5632 θείας

215 5662 623 5734 περιποιήσεως
654 5679 667 5693 ’
698 5664 767 5718 δι’
794 5661 861 5738 ἧς
881 5662 1122 5736 ἤνεγκας
1166 5667 1235 5720 τὰ
1277 5665 1644 5736 προλαωντα,
1708 5665 1801 5717 καὶ

217 5753 465 5824 ῐστηκας
491 5757 558 5827 τῇ
581 5755 760 5810 ἐλπίδι
802 5758 904 5826 τῆς
938 5757 1098 5828 δόξης
1155 5758 1250 5812 τοῦ
1290 5756 1450 5822 θεοῦ,
1492 5758 1656 5828 μέχρι
1707 5756 1802 5808 θα-

314 5890 365 5923 “
390 5890 456 5946 Ill
491 5892 625 5962 Reg.
652 5909 766 5958 xu,
794 5897 877 5953 M.

222 5962 415 6016 vimus.
444 5962 599 6017 lt'm'r.

472 6056 743 6119 ΡΑτιιοι..
780 6057 895 6117 Gn.
942 6056 1165 6119 XCIX.

983 5898 1028 5930 "’
1050 5897 1193 5955 Psai.
1222 5914 1414 5967 Lxxm,
1434 5898 1487 5955 7.

1900 4651 1956 4696 et
1990 4641 2181 4695 litterae
2206 4637 2381 4709 plena:
2439 4637 2657 4701 fiducia,
2683 4636 2989 4700 alacritate,
3028 4635 3378 4698 strenuitate,
3406 4639 3494 4689 in-

1901 4732 2041 4805 signi
2064 4746 2189 4800 erga
2218 4731 2382 4785 Deum
2404 4739 2455 4784 et
2480 4738 2745 4801 martyres
2766 4728 3056 4784 cbaritate.
3076 4728 3288 4798 Quippe
3316 4728 3497 4797 imago

1901 4807 2071 4881 animi
2124 4837 2311 4877 sermo
2357 4827 2466 4884 est,
2509 4832 2562 4877 et
2607 4838 2673 4875 ex
2718 4821 3053 4876 abundantia
3105 4819 3290 4874 cordis
3332 4835 3503 4873 unus-

1899 4918 2134 4987 quisque
2158 4912 2366 4985 profert
2391 4914 2631 4969 oracula.
2658 4913 2729 4967 Ita
2759 4924 2816 4968 ιιι
2838 4924 2887 4966 et
2917 4927 3041 4976 nos,
3065 4921 3351 4980 postquam
3377 4924 3499 4963 Ver-

1902 5010 1989 5067 bis
2021 5009 2133 5064 tuis
2163 5023 2327 5063 aures
2362 5008 2723 5078 praebuimus,
2749 5006 2975 5060 fortiore
3004 5004 3188 5058 animo
3208 5018 3272 5057 ac
3328 5003 3501 5073 magis

1900 5102 2043 5157 virili
2099 5099 2383 5161 fuerimus,
2415 5107 2470 5153 et
2518 5098 2585 5152 ad
2628 5107 2905 5152 certamen
2956 5094 3261 5150 ineundum
3325 5093 3501 5149 multo

1898 5194 2282 5266 promptiores.
2327 5191 2410 5246 Me
2437 5205 2567 5245 vero
2590 5200 2645 5246 et
2670 5189 2836 5244 frater
2865 5187 3143 5243 Adrianus
3170 5186 3237 5242 de
3276 5196 3329 5241 te
3371 5200 3502 5239 uar-

1896 5304 2029 5343 rans
2074 5286 2451 5341 vehementius
2504 5284 2929 5354 perculit:cum
2984 5290 3037 5336 et
3104 5278 3358 5335 fiduciam
3414 5277 3504 5330 ille

1898 5393 2078 5444 tuam,
2114 5388 2169 5434 et
2193 5379 2365 5434 robur
2393 5378 2585 5439 animi,
2612 5385 2665 5431 et
2698 5374 2911 5430 dicendi
2961 5373 3269 5428 libertatem
3327 5369 3501 5425 refer-

1907 5485 2011 5539 ret,
2040 5470 2341 5542 quinetiam
2365 5476 2420 5523 et
2452 5478 2627 5522 artem
2661 5463 2965 5521 disserendi
3001 5464 3265 5520 adversus
3299 5476 3499 5532 provoe

1906 5580 2121 5625 cantes.
2178 5566 2339 5621 Unde
2369 5564 2453 5618 hre
2484 5562 2581 5617 tibi
2611 5562 2767 5617 dotes
2788 5562 2811 5615 ?
2835 5576 3019 5615 annon
3048 5575 3118 5615 ex
3171 5558 3317 5613 bono
3376 5569 3503 5626 pro—

1910 5662 2089 5733 posito
2153 5658 2523 5723 antecedente,
2576 5671 2641 5711 ac
2708 5654 2904 5710 fiducia
2968 5656 3023 5707 in
3088 5653 3254 5708 Deum
3292 5667 3307 5715 ;
3345 5648 3501 5717 cujus

1910 5770 2013 5823 ope
2064 5752 2348 5823 superiora
2401 5747 2696 5821 pertulisti,
2729 5762 2793 5804 ac
2816 5762 2915 5819 spe
2958 5745 3147 5818 gloriae
3212 5742 3307 5800 Dei
3372 5756 3497 5811 per-

1614 5896 1689 5929 ⁸⁷³⁸
1717 5894 1957 5962 Inclusa,
1989 5896 2042 5949 in
2075 5892 2206 5947 edit.
2238 5887 2504 5943 Sirmondi
2530 5886 2844 5957 typographi
2874 5885 3002 5940 vitio
3032 5883 3255 5945 omissa,
3290 5874 3504 5947 sttpplln

3145 6040 3224 6104 38
