4164 6482
704 380 881 464 ‘1195

1944 401 2004 458 S.
2040 398 2427 459 THEODOIH
2474 399 2823 457 STUIHTAE

3880 396 4005 459 1190

738 510 965 571 stitisti,
1036 524 1208 580 usque
1268 510 1331 562 ad
1401 509 1607 564 obitum
1688 509 1754 563 ad
1840 524 2077 579 pugnam
2154 510 2326 562 accin-

2440 510 2601 562 νάτου
2630 506 3114 577 εὑτρεπιζόμενοςς
3158 506 3352 576 Χαῖρε,
3389 506 3681 577 εὐφραίνου
3715 523 3729 535 ⁸
3769 506 4005 577 ἰσχύσεις

738 612 826 657 tus
852 601 874 655 ἲ
899 600 1107 663 Gaude,
1158 601 1339 654 laetare
1370 623 1379 655 :
1409 616 1533 654 cum
1573 601 1686 653 Deo
1736 600 1939 654 valebis
1981 598 2163 653 omnia
2198 599 2333 653 tole-

739 709 880 757 rare,
905 708 1107 748 corona
1142 692 1382 747 victoria:
1405 692 1711 746 redimitus.
1761 692 1864 745 Sed
1893 699 1946 744 et
1978 706 2076 760 pro
2102 706 2185 744 me
2214 704 2331 745 ora.

738 782 930 848 frater,
966 795 1023 839 ut
1060 797 1113 839 et
1144 796 1257 849 tua,
1294 793 1347 839 et
1388 785 1633 851 cujusvis
1676 786 1899 839 alterius
1931 784 2128 839 similis
2166 784 2335 839 vesti-

739 876 825 945 gia
854 890 1180 945 consequar.
1222 875 1565 929 Suntantem
1610 875 1744 928 satis
1795 875 1950 928 multi
2001 891 2098 945 per
2127 872 2333 929 ChriSIi

739 964 967 1033 gratiam
999 982 1013 1016 :
1049 965 1252 1019 etenim
1310 964 1475 1017 veluti
1530 963 1866 1017 curriculum
1928 973 2012 1017 est
2045 964 2097 1016 in
2131 964 2249 1016 luce
2282 974 2335 1015 et

737 1065 1033 1125 conspectu
1074 1058 1313 1125 positum
1355 1075 1366 1108 :
1407 1056 1626 1124 plurimi
1653 1070 1873 1124 quoque
1906 1065 2199 1125 martyres.
2253 1055 2333 1109 Ne

739 1148 887 1201 aliud
954 1149 1121 1218 igitur
1178 1149 1292 1202 haec
1348 1163 1473 1217 qua:
1521 1159 1784 1217 geruntur
1833 1148 2115 1202 existimes
2166 1164 2330 1217 quam

738 1237 941 1292 Christi
989 1239 1354 1309 negationem,
1384 1239 1564 1308 quoad
1595 1254 1689 1294 eos
1739 1239 1832 1308 qui
1891 1247 2330 1308 persequuntur,

741 1329 1054 1399 factumque
1100 1346 1199 1400 pro
1237 1331 1455 1386 Christo
1487 1332 1830 1402 martyrium,
1871 1332 2049 1400 quoad
2095 1346 2191 1386 eos
2238 1331 2330 1399 qui

738 1422 957 1487 praemia
993 1422 1262 1478 referunt.
1322 1426 1501 1494 Atque
1542 1425 1687 1479 istud
1723 1425 1943 1494 quidem
1991 1432 2074 1478 est
2104 1425 2157 1478 in
2194 1439 2331 1477 con-

738 1515 900 1568 fesso.
941 1513 1076 1569 Nam
1132 1524 1191 1568 ut
1240 1516 1292 1568 in
1330 1516 1510 1570 crucis
1554 1516 1793 1586 imagine
1847 1531 1982 1569 crux
2026 1517 2138 1585 ipsa
2198 1515 2332 1567 vivi-

737 1606 837 1660 fiea
871 1614 925 1660 et
963 1606 1303 1677 agnoscitur,
1356 1617 1409 1661 et
1462 1617 1732 1677 negatur:
1768 1606 1848 1661 sic
1905 1616 1959 1660 et
2010 1607 2063 1659 in
2097 1607 2331 1676 imagine

734 1695 941 1753 Christi
982 1698 1124 1752 idem
1167 1699 1285 1752 sine
1308 1698 1627 1752 discrimine
1663 1698 2036 1751 statuendum.
2093 1697 2329 1752 Mundus

736 1789 859 1842 licet
890 1790 1195 1844 obcaecatns
1241 1790 1331 1853 sit,
1362 1789 1445 1842 vel
1484 1790 1575 1844 ubi
1606 1790 1885 1844 Christum
1919 1790 2170 1859 abnegat,
2197 1805 2330 1842 con-

2441 604 2535 655 σὺν
2568 601 2687 671 θεῷ
2710 602 2888 653 πάντα
2914 601 3183 667 ἐνεγκεῖν,
3211 599 3572 670 ἀθλοφορικδν
3603 600 3867 668 στέφανον
3888 604 4007 654 ἀνα-

2435 692 2757 761 δησάμενος,
2806 690 2943 741 Ἀλλ’
2977 689 3139 759 εὑχου
3162 692 3352 761 κάμοὶ,
3395 690 3616 759 ἀδελφέ,
3678 692 4006 744 συνέπεσθαι

2437 786 2519 838 σοί
2551 802 2610 837 τε
2634 784 2730 839 καὶ
2759 785 2814 838 εἴ
2841 803 2947 838 τινι
2971 786 3115 855 ἄλλῳ
3153 785 3549 856 παραπλησίῳ.
3586 786 3782 839 Ἰκανοὶ
3830 786 3886 838 δὲ
3916 788 4005 855 xa-

2438 894 2543 945 ριτι
2574 878 2835 947 Χριστοῦ.
2870 879 2979 931 Καὶ
3009 881 3117 948 γὰρ
3151 877 3228 940 ὼς
3256 878 3318 931 τὸ
3376 878 3593 931 στάδιον
3614 877 3873 949 λαμπρὸν
3922 879 4007 932 καὶ

2434 971 2713 1039 ἐμφανές·
2759 970 3006 1024 πλεῖστοι
3047 972 3139 1024 καὶ
3174 972 3223 1023 οί
3266 971 3563 1042 μάρτυρες.
3613 970 3703 1041 Μὴ
3750 972 3865 1042 γὰρ
3901 972 4004 1024 οἷον

2434 1079 2485 1113 τι
2521 1062 2651 1114 ἄλλο
2675 1060 2812 1115 εἶναι
2845 1062 2913 1115 τὰ
2949 1064 3214 1133 παρόντα,
3261 1063 3295 1132 ἢ
3351 1062 3588 1132 Χριστοῦ
3639 1065 3873 1133 ἄρνησιν
3922 1065 4006 1115 ἐπὶ

2432 1154 2558 1214 τοὺς
2593 1153 2891 1219 διώκοντας
2923 1172 2939 1187 ο
2976 1158 3071 1207 καὶ
3116 1154 3355 1223 Χριστοῦ
3416 1155 3720 1224 μαρτυρίαν
3758 1158 3845 1217 εἰς
3888 1157 4006 1215 τοῦς

2431 1246 2497 1296 τὰ
2523 1240 2663 1298 ἆθλα
2689 1246 2977 1315 φέροντας,
3011 1249 3107 1300 καὶ
3134 1246 3293 1300 τοῦτο
3316 1246 3556 1318 εὔδηλον.
3602 1246 3687 1309 Ὠς
3708 1247 3824 1316 γὰρ
3862 1249 3919 1299 ἐν
3943 1252 4002 1316 τῇ

2435 1337 2604 1390 εἰκόνι
2624 1337 2718 1390 τοῦ
2746 1339 2982 1409 σταυροῦ
3013 1340 3041 1391 ὁ
3073 1339 3338 1403 ζωοποιὸς
3378 1342 3616 1411 σταυρὸς
3655 1339 3748 1391 καὶ
3793 1328 4003 1409 ὧμοῖό-

2438 1446 2605 1497 γηται
2630 1433 2723 1482 καὶ
2746 1430 2979 1502 ἤρνηται
3012 1449 3026 1461 ο
3057 1430 3200 1489 οὑτω
3226 1432 3321 1485 καὶ
3349 1433 3407 1483 ἐν
3442 1434 3507 1501 τῇ
3552 1431 3720 1483 εἰκόνι
3771 1430 4005 1502 Χριστοῦ

2436 1524 2495 1574 τὸ
2530 1523 2661 1575 αὑτὸ
2708 1524 3169 1595 ἀπαραλλάκτως.
3209 1527 3271 1578 Εἰ
3313 1526 3407 1578 καί¹
3444 1525 3787 1594 τετύφλωται
3836 1527 3866 1578 ό
3907 1527 4005 1577 xvi-

2433 1632 2567 1683 σμος
2594 1631 2609 1646 ⁶
2635 1616 2731 1667 καὶ
2754 1617 2990 1688 Χριστὸν
3014 1616 3369 1687 ἀρνούμενος,
3404 1617 3587 1681 παίζει
3609 1618 3708 1687 τὴν
3722 1616 3905 1688 ὓϐριν,
3922 1619 4005 1670 διὰ

2428 1707 2529 1774 τὴν
2572 1705 2667 1757 τοῦ
2732 1706 3089 1776 ὑϐριζομένου
3144 1707 3551 1779 μακροθυμίαν.
3609 1708 3719 1761 Καὶ
3770 1710 3826 1761 τί
3878 1708 4002 1760 θαυ-

2433 1797 2639 1867 μαστὸν
2678 1800 2725 1849 εἰ
2760 1800 3049 1867 ὑπομένει,
3084 1798 3264 1870 ζητῶν
3296 1800 3395 1869 τὴν
3450 1800 3573 1865 τῶν,
3602 1801 4003 1870 παροινούντων

736 1880 1015 1934 tumeliam
1047 1881 1236 1948 jocum
1268 1890 1505 1950 reputat,
1535 1892 1755 1950 propter
1783 1881 1929 1935 illius
1962 1882 2326 1947 tolerantiam,

2434 1890 2918 1961 ἐπιστροφήν;Μὴ
2951 1890 3072 1959 οὑχ).
3103 1890 3367 1959 στέφανον
3411 1889 3470 1955 ἐξ
3506 1892 3757 1944 ἀκανθῶν
3803 1891 4000 1961 ἐπέθη-

743 1988 905 2042 quem
938 1974 1335 2029 contumeliose
1357 1982 1575 2028 tractat.
1606 1973 1709 2027 Sed
1746 1974 1875 2043 quid
1932 1975 2134 2027 mirum
2159 1974 2204 2027 si
2240 1974 2327 2059 ille

734 2064 992 2125 sustinet,
1021 2066 1356 2120 furiosorum
1407 2067 1823 2121 conversionem
1877 2066 2180 2136 quaerens?
2216 2068 2328 2118 An-

734 2173 842 2209 non
897 2156 1141 2225 spineam
1204 2173 1464 2211 coronam
1509 2159 1671 2228 capiti
1712 2159 1831 2226 ejus
1882 2160 2190 2226 imposuere
2226 2158 2327 2211 mi-

735 2250 897 2303 lites?
932 2263 1113 2301 annon
1163 2258 1367 2303 vestem
1424 2249 1473 2302 ei
1506 2249 1915 2303 circumdedere
1948 2261 2278 2317 purpuream

733 2340 827 2408 qui
879 2349 933 2393 et
981 2340 1165 2392 dixere
1211 2355 1225 2391 :
1267 2341 1389 2403 Ave,
1428 2338 1853 2392 rexJudworum
1890 2354 1908 2391 :
1950 2348 1998 2392 et
2033 2339 2230 2393 dabant
2265 2342 2312 2393 ei

735 2433 924 2502 alapas
952 2432 1014 2485 ⁵⁸.
1056 2433 1174 2501 lpse
1203 2448 1332 2486 vero
1358 2434 1540 2485 omnia
1579 2433 1904 2501 perferebat,
1934 2448 2060 2487 cum
2099 2433 2315 2488 deride-

734 2537 903 2590 retur,
938 2526 1335 2594 habereturque
1376 2526 1629 2587 ludibrio,
1664 2540 1786 2577 eum
1823 2534 1877 2579 et
1912 2527 1963 2577 in
2006 2539 2168 2578 cruce
2218 2524 2321 2577 alia

736 2617 971 2683 plurima
998 2626 1297 2686 pateretur.
1334 2615 1483 2670 Talia
1522 2632 1667 2671 nunc
1695 2632 1912 2686 quoque
1938 2626 2156 2685 propter
2184 2616 2321 2669 ima-

734 2710 915 2780 ginem
965 2724 1145 2775 suam,
1178 2718 1231 2763 et
1270 2713 1323 2762 in
1372 2724 1471 2763 sua
1525 2713 1641 2777 ipse
1708 2708 1947 2779 imagine
1996 2709 2320 2777 perpetitur,

736 2796 1005 2866 siquidem
1070 2796 1423 2867 archetypum
1480 2798 1532 2851 in
1586 2795 1821 2867 imagine
1863 2798 2219 2868 conspicitur,
2266 2810 2323 2853 ut

734 2889 838 2942 viri
874 2890 1047 2944 sancti
1078 2890 1285 2944 dixere.
1341 2890 1446 2945 Sed
1476 2892 1795 2946 miserescat
1824 2891 1910 2945 ille
1927 2892 2175 2946 celeriter
2218 2891 2318 2947 Ec-

734 2981 913 3036 clesia:
937 2998 1067 3046 suae,
1095 2982 1440 3038 confessores
1471 2983 1859 3038 corroborans.
1890 2984 2069 3038 Audio
2100 2996 2150 3039 te
2175 2984 2315 3053 jeju—

736 3071 888 3127 nium
924 3073 1267 3141 protrahere,
1299 3080 1353 3127 et
1376 3073 1525 3127 laetor
1558 3072 1787 3142 utique:
1820 3073 1913 3127 tibi
1953 3088 2081 3127 vero
2132 3081 2322 3126 auctor

735 3179 857 3218 sum
889 3174 945 3218 ut
979 3165 1220 3233 quotidie
1244 3176 1366 3234 post
1392 3181 1677 3235 vesperam
1711 3167 1893 3220 cibum
1922 3179 2132 3220 sumas.
2195 3164 2322 3219 Hac

732 3256 879 3309 enim
938 3258 1022 3310 via
1072 3257 1218 3326 regia
1255 3267 1357 3321 est,
1392 3268 1445 3311 et
1480 3258 1592 3312 lucc
1639 3256 1927 3311 laudabilis
1984 3256 2316 3312 abstinentia
2344 3247 2387 3307 C

734 3348 786 3400 in
816 3349 920 3402 isto
954 3351 1197 3419 martyrii
1230 3365 1446 3419 genere.

1053 3459 1287 3514 XXVIII.
1319 3492 1388 3501 —
1420 3460 1624 3515 Basilio
1668 3465 1972 3531 pra’posilo.

2430 1997 2534 2033 καν
2569 1982 2735 2034 αὑτοῦ
2785 1985 2851 2051 τῇ
2910 1984 3124 2052 κεφαλῇ
3159 1983 3207 2035 οἰ
3269 1984 3725 2053 στρατευόμενοι;
3770 1984 3846 2054 μὴ
3886 1984 4001 2052 ούχὶ

2430 2075 2524 2127 καὶ
2572 2076 2788 2145 ἱμάτιον
2835 2076 3147 2147 πορφυροῦν
3203 2076 3533 2147 περιέϐαλον
3581 2078 3776 2143 αὑτόν;
3826 2077 4001 2130 οἱκαὶ

2428 2167 2620 2235 ἔλεγον
2644 2186 2657 2198 ·
2692 2168 2887 2237 Χαῖρε,
2928 2172 2959 2221 ό
2982 2168 3287 2232 ,ϐασιλεὺς
3329 2166 3453 2221 τῶν
3516 2168 3814 2223 Ἰουδαίων
3839 2187 3854 2200 ·
3908 2170 4001 2223 καὶ

2428 2257 2673 2311 ἐδίδουν
2698 2258 2858 2323 αὐτῷ
2879 2259 3255 2325 ῥαπίσματα.
3296 2257 3353 2310 '0
3380 2257 3437 2310 δέ
3468 2256 3630 2330 ἔφερε
3659 2260 3858 2322 πάντα,
3904 2274 4001 2310 κα-

2427 2351 2835 2420 ταγελώμενος,
2882 2349 3376 2420 μυκτηριζόμενος,
3429 2354 3523 2404 καὶ
3557 2353 3657 2405 ὅσα
3698 2350 3839 2404 ἄλλα
3900 2351 4002 2404 πά-

2430 2461 2573 2513 σχων
2604 2447 2661 2496 ἐν
2702 2444 2942 2515 σταυρῷ.
2975 2442 3215 2497 Τοιαῦτά
3245 2447 3363 2498 ἐστι
3396 2445 3491 2498 νῦν
3522 2445 3745 2513 πάσχων
3786 2444 3878 2497 διὰ
3908 2445 4000 2513 τῆς

2428 2536 2639 2597 εἰκόνος
2671 2534 2860 2600 αὑτοῦ,
2908 2535 3003 2588 καὶ
3046 2536 3103 2587 ἐν
3137 2539 3205 2606 τῇ
3259 2536 3431 2589 εἰκόνι
3462 2534 3627 2587 αὑτοῦ
3651 2536 3886 2601 ’,ἐπειδὴ
3944 2537 4000 2587 τὸ

2429 2628 2741 2698 ἀρχέτυπον
2772 2629 2830 2680 ἐν
2854 2629 2919 2699 τῇ
2952 2628 3123 2682 εἰκόνι
3147 2630 3493 2697 ἐκφαίνεται,
3516 2626 3590 2689 ὡς
3630 2627 3851 2698 εἴρηται
3894 2629 4001 2689 τοῖς

2431 2720 2627 2787 ἁγίοις.
2683 2718 2823 2771 Ἀλλ’
2870 2720 2957 2787 εἴη
2993 2720 3141 2783 ἐλεος
3175 2722 3232 2772 ἐν
3266 2719 3422 2789 τάχει
3470 2720 3535 2789 τῇ
3580 2719 3878 2789 Ἐκκλησία
3904 2718 3999 2770 αὑ-

2429 2808 2545 2871 τοῦ,
2586 2809 2906 2880 ἐνδυναμῶν
2930 2811 3057 2874 τοὺς
3099 2809 3523 2879 ὁμολογοῦντας.
3556 2809 3766 2865 Ἀκοὺω
3802 2811 3885 2861 ὅτι
3912 2826 4001 2876 νη-

2432 2900 2616 2952 στείαν
2647 2900 2771 2952 ἓλκε
2784 2918 2829 2963 ις
2856 2916 2869 2930 ·
2902 2902 2998 2954 καὶ
3027 2900 3205 2970 χαίρω
3242 2899 3364 2969 μὲν,
3395 2900 3748 2970 συμϐουλεύω
3777 2900 3832 2951 δὲ
3863 2898 3998 2950 καθ-

2431 2994 2671 3065 εκάστην
2736 2992 2940 3047 ἐσθίειν
2993 2993 3132 3063 μετὰ
3177 2993 3246 3045 τὰ
3278 2995 3563 3064 ἐσπερινά.
3620 2993 3790 3045 Τοῦτο
3829 2991 3998 3060 γὰρὴ

2429 3085 2686 3157 βασιλικὴ
2715 3086 2855 3150 ὁδὸς,
2900 3085 2993 3138 καὶ
3018 3083 3158 3156 αὑτη
3190 3084 3455 3155 ἐπαινετὴ
3512 3084 3810 3155 ἐγκράτεια
3851 3085 3910 3136 ἐν
3935 3086 3998 3151 τῇ

2430 3177 2721 3247 μαρτυρίᾳ.

2638 3458 2774 3515 κη’.
2799 3458 3180 3528 έΒαο-ιλείῳ
3210 3458 3547 3530 ἡγουμένῳ.
3578 3461 3790 3533 [σμς-’.]

1099 3575 1165 3625 L't
1188 3574 1385 3625 fortiter
1420 3589 1508 3638 pro
1531 3578 1724 3627 Christo
1756 3578 1859 3640 pati
1884 3582 2080 3642 pergat,
2115 3592 2211 3629 nec
2243 3577 2460 3639 trepidet
2479 3574 2522 3626 si
2543 3582 2659 3625 ante
2682 3577 3034 3639 imperatorem
3059 3581 3146 3625 aut
3164 3573 3401 3639 presides
3424 3577 3647 3625 ducatur.

809 3680 915 3737 Ubi
956 3682 1195 3737 intellexi
1221 3682 1405 3737 omnia
1442 3698 1563 3751 quae
1592 3692 1811 3751 pr0pter
1838 3683 2127 3736 Dominum
2159 3697 2322 3752 passa

734 3785 820 3830 est
868 3775 1131 3830 sanctitas
1177 3783 1290 3838 tua,
1324 3791 1446 3829 cum
1485 3790 1644 3827 sacro
1695 3789 1798 3828 suo
1826 3774 2086 3841 subdito;
2118 3774 2323 3844 glorifi-

737 3868 855 3922 cavi
912 3867 1176 3937 optimum
1237 3866 1403 3919 Deum
1435 3874 1684 3918 nostrum
1720 3866 1917 3918 valde:
1949 3865 2089 3933 quod
2138 3866 2323 3934 utique

734 3970 957 4015 exortus
994 3968 1048 4014 et
1082 3959 1197 4029 ipse
1242 3974 1300 4013 es
1325 3957 1490 4011 veluti
1539 3956 1690 4011 sidus
1719 3958 1772 4010 in
1814 3960 2016 4011 mundo
2045 3972 2169 4012 cum
2202 3958 2323 4012 aliis

734 4053 1028 4116 sideribus,
1064 4052 1119 4105 in
1152 4050 1253 4104 hac
1275 4050 1527 4119 priesenti
1565 4051 1724 4119 quasi
1766 4061 2031 4104 nocturna
2058 4050 2329 4104 haereseos

735 4159 937 4214 pugna,
995 4157 1093 4196 vas
1147 4140 1459 4204 electionis,
1499 4140 1755 4193 columna
1815 4150 1869 4193 et
1926 4140 2326 4194 firmamentum

733 4236 1002 4293 veritatis.
1066 4235 1243 4300 Quam
1301 4232 1625 4287 admirabile
1676 4248 1771 4303 par
1828 4233 1961 4287 illud
2027 4232 2324 4288 vestrum!

2502 3682 2689 3735 Πάντα
2723 3680 3056 3751 καταμαθὼν
3082 3680 3227 3749 ἆπερ
3254 3679 3343 3734 διὰ
3374 3679 3580 3752 Κύριον
3608 3680 3816 3751 ὑπέστη
3837 3696 3929 3732 σου
3961 3679 3991 3747 ή

2429 3772 2649 3840 ὁσιότης
2678 3772 2777 3824 σὺν
2796 3770 2874 3839 τῷ
2905 3770 3035 3842 ἱερῷ
3080 3769 3307 3840 ὑπηκόῳ
3331 3784 3345 3797 ·
3379 3768 3609 3833 ἐδόξασα
3656 3769 3751 3823 τὸν
3800 3768 3995 3839 ἀγαθὸν

2429 3864 2562 3919 Θεὸν
2602 3866 2758 3934 ἡμῶν
2813 3863 2965 3917 λίαν’
3009 3865 3202 3934 ὅτιπερ
3231 3862 3515 3927 ἀνέτειλας
3555 3862 3649 3916 καὶ
3690 3862 3853 3927 αὑτὸς
3886 3881 3991 3932 φω-

2430 3954 2569 4027 στὴρ
2614 3958 2671 4009 ἐν
2701 3954 2781 4026 τῷ
2832 3956 3021 4025 κόσμῳ
3053 3956 3152 4009 σῦν
3198 3953 3377 4019 ἄλλοις
3424 3953 3799 4025 λαμπτῆρσιν,
3842 3955 3899 4006 ἐν
3931 3952 3990 4020 τῇ

2426 4054 2545 4103 νυνὶ
2606 4048 2951 4120 νυκτομαχίᾳ
2993 4049 3093 4117 τῆς
3150 4048 3442 4118 αἱρέσεως,
3488 4046 3686 4109 σκεῦος
3742 4045 3991 4115 ἐκλογῆς.

2429 4142 2625 4205 στύλος
2653 4142 2751 4195 καὶ
2778 4140 3067 4212 ἑδραίωμα
3094 4140 3190 4209 τῆς
3228 4138 3510 4210 ἀληθείας.
3548 4140 3635 4203 Ὠς
3665 4136 3991 4209 θαυμαστὴή

2426 4234 2768 4304 δυὰςὺμῶνί
2815 4234 2890 4296 ὡς
2924 4234 3131 4305 ἐραστὴ
3160 4232 3236 4303 τῷ
3268 4233 3510 4305 Χριστῷ,
3557 4232 3771 4301 πληγὰς
3800 4232 3867 4285 δι’
3904 4231 3992 4282 αὑ-

736 4346 899 4401 quam
932 4327 1159 4383 Christo
1198 4326 1453 4388 amabile,
1501 4326 1647 4395 quod
1692 4326 1878 4395 plagas
1937 4325 2111 4396 ipsius
2165 4340 2326 4379 causa

2429 4325 2518 4378 τὸν
2550 4325 2919 4396 ὑπομείνασα,
2970 4324 3303 4391 ἀπαγωγὰς,
3354 4323 3623 4392 φυλακὰς,
3679 4323 3773 4375 καὶ
3828 4320 3992 4375 ταῦτα

738 4423 979 4493 pertulit,
1013 4420 1228 4485 exsilia,
1256 4434 1526 4483 carceres,
1569 4429 1623 4472 et
1671 4433 1733 4473 ea
1778 4433 1953 4489 usque
1984 4420 2039 4473 in
2085 4433 2325 4488 praasen-

2429 4417 2537 4481 ἓως
2560 4418 2654 4471 τοῦ
2688 4417 2970 4486 παρόντος.
3005 4416 3166 4470 Ἀλλὰ
3197 4416 3252 4468 τί
3284 4415 3368 4469 ὅτι
3392 4416 3499 4487 πρὸ
3523 4419 3621 4485 τῆς
3650 4415 3845 4485 πείρας
3867 4409 3990 4487 ἧκες

737 4514 1012 4569 temdiem
1039 4514 1051 4566 !
1086 4511 1191 4565 Sed
1222 4510 1350 4579 quid
1382 4517 1466 4563 est
1495 4511 1664 4578 quod,
1696 4517 1989 4579 antequam
2022 4508 2320 4577 periculum

738 4603 967 4664 faceres,
1001 4601 1067 4655 ad
1107 4616 1193 4655 me
1216 4598 1477 4652 humilem
1516 4598 1733 4658 venisti,
1762 4599 1920 4653 sicuti
1952 4613 2019 4651 ex
2066 4607 2116 4652 te
2163 4596 2320 4651 intel-

737 4696 863 4758 lexi,
902 4710 1001 4749 nec
1030 4704 1211 4747 tamen
1245 4699 1542 4761 conspectu
1596 4704 1719 4743 meo
1740 4688 1846 4744 frui
1886 4690 2071 4743 licuit:
2100 4703 2195 4743 nec
2220 4689 2321 4741 mi-

736 4803 859 4841 rum
910 4786 1118 4856 utique.
1165 4780 1619 4853 Quandoquidem
1654 4780 1823 4845 enim,
1859 4790 1917 4835 nt
1969 4778 2319 4849 conjiciebas,

736 4896 850 4936 non
906 4880 1124 4933 aderam
1161 4896 1175 4944 ;
1207 4877 1371 4932 miser
1425 4875 1571 4929 enim
1624 4888 1723 4943 ego
1774 4890 1838 4928 ac
1872 4874 2109 4929 tenebris
2169 4872 2321 4927 obsi-

740 4980 830 5026 tus
867 4988 883 5039 ;
921 4969 1052 5041 quid
1076 4978 1127 5024 te
1153 4968 1499 5024 incommodo
1530 4964 1758 5020 aﬂecisti
1795 4965 1816 5017 ἰ
1849 4966 1952 5019 nisi
1981 4964 2124 5035 quod
2171 4977 2319 5017 nunc

738 5063 974 5132 teipsum
1024 5058 1181 5122 nobis
1214 5076 1310 5129 per
1344 5060 1556 5115 litteras
1595 5058 1929 5128 conjunxisti
1962 5074 1975 5109 :
2008 5056 2186 5124 etjam
2221 5070 2323 5110 nos

737 5156 932 5227 spiritu
966 5154 1197 5209 invicem
1245 5155 1543 5218 intuemur,
1576 5162 1629 5208 et
1660 5152 1712 5206 in
1748 5166 1917 5205 unum
1969 5149 2322 5204 convenimus

738 5251 795 5303 in
828 5248 1045 5318 spiritu,
1087 5246 1265 5300 unain
1287 5244 1520 5300 Domino
1539 5246 1719 5299 anima
1743 5242 1939 5308 etfecti,
1970 5256 2071 5312 ego
2102 5242 2323 5296 humilis

741 5340 797 5395 in
819 5340 972 5394 vobis
1006 5338 1231 5403 sanctis,
1252 5347 1305 5393 et
1330 5352 1426 5393 vos
1449 5338 1502 5391 in
1535 5352 1642 5391 me.
1671 5335 2037 5402 Quamobrem
2070 5334 2323 5389 Christus

741 5436 795 5486 in
850 5430 1028 5485 medio
1080 5439 1352 5495 nostrum,
1395 5430 1550 5500 juxta
1590 5445 1834 5485 veracem
1872 5428 2014 5481 illius
2052 5427 2321 5497 pollicita-

741 5526 963 5581 tionem.
996 5523 1138 5589 Quid
1167 5523 1364 5578 deinde
1395 5524 1666 5594 reliquum
1697 5533 1780 5577 est
1808 5523 1831 5575 ?
1860 5520 2324 5591 Ut,quemadmo-

740 5620 867 5673 dum
904 5617 1172 5687 coepimus
1211 5617 1266 5671 in
1296 5615 1574 5671 laboribus
1618 5630 1716 5684 pro
1771 5614 2024 5681 Christo,
2066 5626 2325 5667 consum-

742 5725 951 5766 memus
982 5708 1320 5779 propositum
1350 5707 1508 5764 nobis
1542 5716 1843 5774 certamen,
1880 5705 2017 5762 nihil
2064 5702 2321 5762 reformi-

810 5845 854 5876 "
876 5843 1036 5899 Joan.
1068 5859 1181 5904 ut,
1205 5844 1256 5898 5.

2425 4512 2566 4581 πρός
2596 4528 2663 4579 με
2698 4511 2790 4563 τὸν
2822 4511 3102 4569 ταπεινὸν,
3128 4510 3273 4563 καθὰ
3298 4509 3571 4575 ἐδίδαξας,
3621 4508 3693 4577 μὴ
3728 4506 3989 4576 ἐπιτυχών

2427 4620 2530 4673 μου
2567 4603 2663 4655 τοῦ
2709 4602 3086 4673 συνοψισμοῦς
3135 4601 3231 4654 καὶ
3297 4602 3547 4663 εἰκότως.
3611 4600 3830 4670 Ἐπειδὴ
3867 4598 3988 4669 γὰρ,

2423 4696 2499 4759 ὡς
2547 4694 2950 4765 ὑπελάμϐανες,
2990 4694 3091 4746 οὑκ
3139 4689 3207 4762 ἦν
3237 4711 3252 4723 ’
3314 4695 3537 4763 οἰκτρὸς
3576 4692 3686 4763 γὰρ
3744 4691 3857 4761 ἐγὼ
3904 4692 3990 4744 καὶ

2426 4789 2698 4850 σκοτεινὸς
2725 4804 2738 4816 ·
2778 4787 2831 4839 τι
2856 4788 2943 4840 ἵνα
2971 4787 3068 4840 καὶ
3103 4784 3372 4854 ἐϐλάϐηςς
3425 4785 3565 4856 πλὴν
3617 4785 3700 4838 ὅτι
3756 4785 3989 4855 συνῆψας

2422 4881 2557 4951 ἡμῖν
2580 4880 2773 4933 ἑαυτὸν
2817 4879 2937 4933 νυνὶ
2982 4879 3071 4931 διὰ
3098 4878 3193 4931 τοῦ
3222 4878 3553 4948 γράμματος
3580 4892 3595 4906 ·
3655 4878 3751 4930 καὶ
3784 4877 3988 4949 ὁρῶμεν

2422 4972 2688 5043 ἀλλήλους
2717 4970 2819 5042 ήδη
2848 4970 2928 5042 τῷ
2957 4968 3229 5039 πνεύματι
3258 4986 3272 5000 ο
3302 4972 3399 5023 καὶ
3433 4969 3513 5032 εἰς
3552 4969 3751 5022 ταυτὸν
3800 4966 3987 5038 συνήλο

2424 5064 2591 5135 θομεν
2624 5066 2683 5118 ἐν
2714 5063 2987 5134 πνεύματι
3010 5076 3024 5089 ⁸
3054 5063 3155 5132 μία
3187 5060 3337 5133 ψυχὴ
3360 5062 3419 5115 ἐν
3451 5060 3643 5132 Κυρίῳ
3681 5059 3983 5129 γεγονότες,

2425 5154 2589 5224 ἐγὼό
2621 5156 2880 5219 ταπεινὸς
2927 5156 2985 5209 ἐν
3037 5155 3168 5225 ὑμῖν
3210 5158 3326 5217 τοίς
3370 5153 3569 5222 ἁγίοις,
3610 5156 3707 5205 καὶ
3736 5152 3897 5221 ὑμεῖς
3938 5150 3989 5201 ἐν

2423 5247 2581 5318 ἐμοί’
2620 5248 2817 5318 ὅτιπερ
2876 5247 3110 5319 Χριστὸς
3144 5249 3202 5300 ὲν
3259 5246 3411 5318 μέσῳ
3460 5243 3814 5316 ἀμφοτέρων,
3861 5240 3991 5296 κατὰ

2425 5341 2525 5411 τὴν
2551 5338 2761 5409 ἀψευδῆ
2807 5338 3163 5407 ἐπαγγελίαν.
3216 5339 3281 5392 Τί
3333 5338 3517 5391 λοιπὸν
3563 5336 3678 5402 En;
3712 5337 3822 5401 ἱνα,
3860 5333 3989 5391 καθὰ

2423 5431 2775 5503 ἐνηρξάμεθα
2812 5432 2871 5484 ἐν
2904 5434 3018 5495 τοῖς
3068 5430 3214 5501 ὑπὲρ
3244 5429 3484 5501 Χριστοῦ
3517 5429 3869 5501 μαρτυρίοις,
3910 5442 3987 5479 τε·

2427 5523 2741 5593 λειὼσωμεν
2773 5522 2867 5576 τὸν
2935 5522 3300 5594 προκείμενον
3366 5522 3500 5592 ἡμῖν
3555 5520 3765 5589 ἀγῶνα,
3836 5518 3988 5591 μηδὲν

2427 5614 2872 5686 ὑποπτήσσοντες
2899 5631 2915 5647 ο
2961 5614 3037 5686 μὴ
3078 5613 3294 5685 πληγὰς
3348 5610 3526 5678 αὖθις,
3580 5612 3657 5685 μὴ
3691 5613 3890 5684 δεσμὰ,
3922 5609 3986 5681 μὴ

2433 5705 2873 5777 στρεϐλωτῆρας.
2913 5706 2988 5777 μὴ
3024 5704 3156 5777 πῦρ,
3186 5705 3261 5777 μὴ
3301 5704 3476 5773 ξίφος,
3527 5703 3602 5774 μὴ
3652 5703 3819 5776 ὕδωρ.
3869 5700 3987 5773 μηδὲ
