4164 6526
170 472 304 537 119Ί
1382 462 1924 527 EPISTOLARUM
1958 463 2106 524 LIB.
2143 462 2202 521 Π
3288 454 3424 519 1193

169 585 476 656 μάχαιραν.
517 580 705 647 οὕτως
742 577 1058 633 ὑποτίθεται
1110 578 1243 649 ἡμῖν
1273 577 1301 633 6
1333 577 1493 647 λόγος
1515 595 1531 611 ε
1580 575 1755 640 οὕτως

1879 573 2071 640 lantes,
2091 588 2200 628 non
2225 571 2408 643 plagas
2432 585 2617 642 porro.
2653 584 2759 625 non
2787 567 3026 635 vincula,
3053 583 3161 625 non
3193 578 3437 625 tormen-

167 678 270 749 βοᾷ
296 676 327 729 6
364 673 692 736 ’Δπόστολος
721 688 735 702 ’
765 668 943 733 οὕτως
977 671 1011 741 ἠ
1040 669 1325 733 τελείωσις
1371 670 1479 722 τῶν
1536 668 1749 740 μαρτύ⁴

1879 676 1944 731 la,
1994 680 2101 720 non
2150 665 2351 735 ignem,
2386 679 2495 719 non
2546 677 2754 726 ensem,
2799 677 2908 715 non
2940 676 3161 731 aquam,
3188 677 3295 716 non
3330 662 3438 732 glao

168 787 282 843 ρων
310 768 590 822 ἁπάντων.
624 765 737 819 Ούκ
784 763 954 833 ἐσμὲν
992 762 1340 832 ἀγενέστεροι
1387 759 1564 814 αὐτῶν
1596 773 1611 787 ’
1647 757 1752 813 κᾶν

1879 758 2004 812 lium
2036 756 2104 810 ".
2139 755 2230 812 Sic
2264 756 2378 825 ipsa
2415 770 2516 811 nos
2546 754 2827 823 Scriptura
2857 754 3113 827 admonet
3145 768 3159 804 :
3194 752 3274 808 sic
3294 753 3439 823 Apo-

163 860 280 930 ὲγὼ
309 858 504 922 τάλας,
536 859 599 910 ὲκ
632 855 767 909 Θεοῦ
798 855 894 908 καὶ
916 854 1071 907 αὐτοὶ
1093 854 1462 924 ἐγεννήθημεν
1484 869 1497 881 ·
1531 852 1631 920 τὴν
1656 852 1754 903 αύ-

1885 849 2025 904 tolus
2075 848 2313 902 clamat:
2342 847 2420 902 sic
2456 854 2761 915 martyrum
2800 845 3045 897 omnium
3077 859 3438 900 consumma-

161 956 267 1025 τὴν
301 951 513 1024 μητέρα
536 952 637 1019 τῆς
658 946 932 1010 υἱοθεσίας
959 945 1293 1015 κεκτήμεθα.
1340 945 1565 997 Ἐκεῖνοι
1590 942 1753 1014 ἠθλο-

1879 942 1949 995 io.
1996 937 2116 993 Non
2169 947 2299 993 sunt
2356 938 2537 1003 nobis,
2570 952 2734 1007 quam
2765 936 2891 998 illis,
2923 936 3106 989 minus
3148 937 3281 991 clari
3338 953 3437 990 na-

164 1046 420 1115 φόρησαν
440 1058 454 1071 ⁶
491 1041 586 1094 καὶ
611 1040 777 1110 ἡμεῖς
806 1037 1089 1108 ἁσχημονή
1102 1053 1316 1106 σομενςε
1350 1038 1609 1103 γυναῖκες
1656 1034 1755 1089 καὶ

1879 1032 2008 1096 ales,
2039 1044 2352 1100 quanquam
2410 1044 2511 1099 ego
2558 1026 2744 1082 infelix
2782 1043 2797 1092 ;
2828 1042 2894 1081 ex
2960 1025 3071 1080 Deo
3102 1033 3155 1080 et
3183 1027 3283 1095 ipsi
3322 1029 3434 1081 nati

166 1137 337 1207 κόραι
412 1132 793 1202 ὲστέφθησαν·
855 1129 951 1181 καὶ
1012 1129 1173 1197 ἡμεῖς
1240 1128 1750 1198 φιλοσαρκήσομεν;

1879 1136 2048 1176 ηυιιιιιε
2079 1121 2324 1174 eamdem
2353 1118 2664 1188 adoptionis
2696 1127 2924 1171 matrem
2958 1116 3158 1185 adepti.
3195 1117 3272 1171 llli
3301 1132 3439 1188 pra:—

165 1230 427 1297 γὲροντες
458 1224 554 1279 καὶ
588 1225 760 1295 νήπια
782 1220 1102 1289 νενικήκασι
1135 1220 1429 1289 τυράννους
1465 1220 1558 1272 καὶ
1597 1218 1751 1287 βασι-

1879 1217 1964 1268 nia
2017 1213 2253 1267 retulere
2290 1230 2301 1265 :
2344 1221 2397 1266 et
2458 1225 2563 1265 nos
2616 1210 2913 1279 degeneres
2939 1209 3145 1263 erimus
3176 1209 3199 1262 ?
3229 1209 3443 1264 feminae

166 1320 430 1381 λεύοντας
460 1335 474 1348 ⁸
505 1316 600 1369 καὶ
626 1316 789 1385 ἡμεῖς
811 1312 1227 1381 ίλιγγιάσομεν;
1265 1310 1535 1380 οὐδαμῶς.
1562 1310 1753 1378 Δῶμεν

1879 1322 1919 1362 ιο
1946 1305 2138 1375 puellae
2164 1313 2439 1358 coronatae
2461 1312 2590 1359 sunt
2621 1321 2633 1355 :
2664 1314 2718 1357 et
2749 1318 2848 1357 nos
2872 1302 3025 1357 carni
3058 1298 3444 1356 blandiemur?

166 1412 270 1474 τὰς
304 1408 511 1479 σάρκας
534 1406 646 1467 τοῖς
673 1402 1024 1474 σαρκοφίλοις
1055 1417 1070 1431 ο
1104 1403 1138 1470 ἡ
1168 1400 1313 1471 ψυχὴ
1348 1400 1606 1468 ἄληπτος,
1661 1398 1753 1469 Μὴ

1879 1413 2014 1453 ηθιιεε
2063 1405 2117 1449 et
2176 1395 2330 1465 pueri
2374 1405 2639 1466 tyrannos
2687 1394 2869 1448 vicere
2917 1402 2971 1447 et
3018 1409 3174 1463 reges
3205 1412 3217 1446 :
3253 1404 3307 1446 et
3340 1404 3442 1449 nos

169 1500 503 1573 φοϐηθῶμεν
538 1496 681 1563 τοὺς
711 1495 1212 1565 σωματοκτόνους
1236 1509 1252 1524 ο
1284 1493 1445 1547 ἀλλὰ
1496 1490 1602 1544 τὸν
1646 1490 1753 1546 δυ-

1879 1497 2135 1559 ,tupentes
2194 1488 2522 1542 haarehirnus
2556 1487 2579 1541 ?
2617 1486 2837 1542 Minime
2883 1502 3033 1541 vero.
3071 1486 3305 1541 Carnem
3354 1487 3443 1540 di-

168 1593 441 1662 νιίμενον
470 1589 567 1643 καὶ
600 1587 815 1658 ψυχὴν
870 1586 970 1639 καὶ
1013 1584 1187 1654 σῶμα
1234 1584 1303 1637 ἐν
1355 1583 1569 1653 γεέννῃ
1601 1583 1753 1637 ἀπο-

1879 1582 2139 1636 nittamus
2191 1580 2277 1635 his
2307 1581 2401 1650 qui
2457 1594 2680 1635 carnem
2726 1578 3245 1649 diliguntzanimus
3297 1580 3442 1633 inte-

169 1686 373 1739 λέσαι.
401 1680 581 1735 Τανῦν
615 1678 937 1747 ἀγαλλίασις
968 1676 1063 1730 καὶ
1099 1674 1357 1745 θυμηδία.
1417 1675 1601 1743 Εἴπερ
1645 1676 1755 1744 γὰρ

1879 1676 1959 1729 ’ἰιῐι
1990 1675 2521 1746 expugnarinequit.
2583 1673 2660 1728 Ne
2686 1673 2979 1728 timeamus
3007 1689 3095 1727 eos
3152 1674 3241 1742 qui
3303 1673 3445 1726 occi-

171 1774 640 1846 συμπάσχομεν,
676 1770 775 1825 καὶ
799 1769 1444 1841 συνδοξασθησόμεθα.
1480 1768 1756 1842 Θρηνείτω

1879 1768 1987 1821 lunt
2048 1783 2239 1837 corpus
2274 1782 2293 1819 :
2325 1766 2414 1820 sed
2456 1782 2576 1819 eum
2628 1766 2719 1833 qui
2740 1776 2908 1831 potest
2950 1766 3185 1817 animum
3228 1773 3277 1818 et
3329 1781 3447 1817 cor-

169 1868 201 1922 6
228 1866 500 1929 διάὅολος,
532 1865 628 1918 καὶ
656 1864 706 1916 οἱ
740 1862 905 1917 αὐτοῦ
939 1860 1213 1932 ὑπηρέται
1239 1876 1253 1889 ⁸
1288 1859 1450 1913 τοῦτο
1510 1860 1619 1933 γὰρ
1651 1861 1756 1914 πά-

1879 1878 1956 1915 ms
2013 1861 2227 1931 perdere
2273 1860 2327 1913 in
2392 1868 2679 1931 gehennam
2719 1860 2788 1913 ⁵ο.
2850 1858 2909 1912 ln
2981 1859 3237 1929 praesenti
3304 1858 3448 1913 lanti-

174 1974 401 2029 σχουσιν
419 1958 475 2009 ὲν
498 1957 566 2025 τῇ
590 1951 1000 2021 ἁκαταπλήκτῳ
1020 1950 1269 2004 ὲνστάσει
1291 1949 1400 2000 τῶν
1422 1950 1761 2020 μαρτυρούν-

1879 1954 1940 2009 .ia
1977 1965 2062 2009 est
2089 1964 2143 2011 et
2181 1955 2434 2011 alacritas
2469 1974 2481 2009 :
2519 1954 2791 2025 Siquidem
2821 1954 2962 2008 enim
2998 1953 3375 2023 compatinmr,
3398 1962 3449 2006 et

172 2068 307 2104 των.
340 2048 450 2119 Φὴς
479 2046 553 2119 μὴ
590 2044 792 2099 ἰδέσθαι
823 2043 1045 2096 πώποτε
1071 2040 1296 2111 βασιλέα
1324 2058 1340 2072 ·
1379 2041 1512 2111 μηδὲ
1533 2041 1760 2113 ἄρχουσι

176 2142 520 2213 παρεστάναι
555 2156 569 2170 ·
610 2136 903 2190 κάντεῦθεν
931 2152 1050 2197 πως
1088 2135 1286 2205 δεδιᾷν.
1329 2135 1634 2206 Μηδαμῶς.
1688 2129 1760 2188 Ὦ

178 2235 389 2303 Πάτερ,
432 2230 846 2299 καταφρόνησον
895 2226 1245 2296 ἀμφοτέρων,
1278 2227 1305 2279 ὁ
1338 2226 1576 2297 Χριστὸν
1622 2227 1761 2297 ἔχων

179 2324 556 2393 ἐνδεδυμένον.
604 2319 841 2381 Ἐκεῖνός
884 2335 943 2370 σε
989 2314 1252 2388 mnam.)
1278 2320 1467 2389 ὥσπερ
1502 2322 1596 2371 καὶ
1648 2320 1763 2373 δαί-

180 2437 346 2491 μονες
373 2436 388 2451 ⁶
429 2415 643 2479 ἄνοιξον
676 2414 767 2465 σὺν
806 2411 984 2482 στόμα
1012 2411 1206 2483 παρὼν
1257 2412 1397 2483 πρὸς
1447 2413 1630 2467 αὐτόν.
1676 2416 1765 2465 Λο-

177 2513 408 2584 θήσεται
439 2511 547 2578 γάρ
585 2524 667 2559 σοι
711 2505 869 2571 λόγος
898 2521 911 2533 ·
941 2505 1180 2576 Χριστὸς
1226 2504 1615 2574 ἐπηγγείλατο.
1671 2506 1765 2558 Ἐ-

178 2604 375 2673 λεγξον
398 2598 583 2661 αὐτὸν,
628 2598 678 2649 εἰ
719 2596 1087 2667 ματαιολογεῐ.
1122 2597 1195 2649 Ού
1230 2596 1320 2648 τὸν
1363 2596 1567 2666 Ἀχαάὸ
1597 2596 1762 2667 ἤλεγ-

181 2695 275 2761 ξεν
336 2692 558 2757 Ἠλίας
600 2690 659 2743 ού
703 2689 794 2742 τὸν
836 2688 1087 2760 Ἡρώδην
1135 2688 1429 2756 Ἰωάννης;
1465 2690 1565 2741 ούκ
1618 2688 1765 2741 ἄλλοι

176 2784 308 2845 τοὺς
354 2781 584 2846 ἄλλους;
637 2778 727 2832 ἵνα
779 2776 856 2849 μὴ
891 2776 1281 2847 κατονομάζων
1313 2777 1657 2848 μακρολογῶ.
1708 2777 1766 2830 Ὀ

178 2873 305 2927 τότε
344 2872 496 2935 Θεὸς,
549 2871 645 2923 καὶ
702 2868 822 2923 νῦν.
871 2868 960 2931 Ὠς
1017 2868 1306 2939 ἠγάπησεν
1357 2870 1620 2935 ἐκείνους,
1671 2868 1767 2923 καὶ

179 2965 351 3035 ἡμᾶς.
375 2962 673 3033 Μαθητιῶν
714 2957 782 3033 ἧς
818 2964 931 3025 τοῖς
957 2962 1307 3027 ἀποστόλοις,
1341 2963 1597 3033 μάρτυσι,
1636 2980 1770 3033 προ.

184 3034 411 3127 φῆταις,
470 3054 772 3123 Πατράσιν,
822 3054 1015 3116 ὁσίοις.
1071 3052 1131 3106 Ὀ
1160 3053 1372 3125 καρπὸς
1430 3052 1507 3123 τῷ
1571 3052 1770 3125 δένδρῳ

184 3143 576 3217 ἑξομοιούσθω,
640 3144 739 3198 καὶ
792 3145 841 3196 εί
904 3144 980 3214 μὴ
1049 3144 1195 3197 οῦτω
1271 3144 1767 3216 περιπατήσομενο

185 3238 371 3293 σκαιοὶ
403 3238 499 3290 καὶ
532 3238 655 3308 οὐχὶ
679 3237 942 3307 μαθηταὶ,
980 3236 1101 3289 οὐδὲ
1151 3237 1279 3301 υἱοὶ,
1339 3236 1462 3289 οὐδὲ
1520 3237 1768 3307 καρποί·

185 3331 326 3387 ἀλλὰ
356 3325 453 3401 τῆς
484 3330 869 3401 ἀντικειμένης
897 3328 1114 3400 μερίδος
1138 3345 1153 3360 ο
1183 3329 1291 3381 τῶν
1319 3330 1664 3399 φιλοκόσμων
1684 3329 1770 3399 δὴ,

184 3423 355 3491 λέγω,
383 3422 480 3474 καὶ
511 3420 890 3490 δουλοσάρκων
913 3436 926 3450 ·
986 3410 1061 3471 ὧν
1091 3418 1190 3489 τὴν
1218 3419 1451 3489 μίμησιν
1485 3419 1775 3487 φύγοιμεν,

188 3512 551 3581 ὲπιτύχοιμεν
602 3511 659 3565 δὲ
694 3510 856 3572 Θεοῦ,
925 3507 1322 3579 τελειοφρόνως
1382 3509 1780 3578 ἀγωνιζόμενοι

187 3607 252 3658 ἑν
281 3603 504 3675 Χριστῶ
537 3598 713 3671 Ἰησοῦ
736 3599 815 3669 τῷ
846 3598 1039 3670 Κυρίῳ
1069 3597 1229 3668 ἡμῶν
1286 3599 1535 3671 εἰρηκότι
1572 3616 1586 3630 ⁸
1630 3601 1779 3671 Θαρ-

189 3695 379 3762 σεῖτε,
407 3694 521 3765 ἐγὼ
548 3694 842 3760 νενίκηκα
880 3693 990 3745 τὸν
1010 3693 1266 3759 κόσμον.

1865 2047 2475 2118 congloriﬁcabimur“.
2530 2048 2736 2120 Lugeat
2796 2047 3050 2101 diabolus
3108 2055 3163 2100 et
3213 2044 3449 2100 ministri

1865 2139 1984 2209 ejus
2019 2156 2034 2192 :
2064 2138 2209 2193 hunc
2260 2140 2405 2193 enim
2446 2138 2578 2209 ipsis
2624 2139 2867 2193 dolorem
2892 2138 3035 2207 parit
3060 2136 3260 2191 invicta
3301 2151 3448 2190 mar-

1866 2242 2043 2303 tyrum
2111 2231 2441 2286 constantia.
2516 2228 2809 2300 Nunquam
2869 2238 2924 2285 te
2980 2244 3162 2299 regem
3216 2230 3299 2285 ais
3354 2245 3452 2285 co-

1864 2336 1983 2375 ram
2034 2321 2319 2385 intuitum,
2371 2334 2469 2375 nec
2519 2322 2984 2391 iri-conspectum
3043 2323 3257 2376 venisse
3321 2337 3453 2391 pro-

1864 2428 2071 2476 cerum,
2102 2421 2265 2481 atque
2312 2412 2514 2466 idcirco
2559 2414 2937 2468 extimescere.
2994 2414 3171 2469 Absit.
3200 2411 3243 2467 Ο
3271 2411 3453 2479 Pater,

1869 2517 2136 2573 utrosque
2179 2520 2400 2573 sperne,
2432 2505 2524 2574 qui
2556 2504 2834 2559 Christum
2871 2506 3040 2559 habes
3080 2521 3243 2574 quem
3274 2506 3457 2560 indui-

1866 2598 1955 2651 sti.
1988 2598 2080 2651 llle
2112 2607 2161 2651 te
2212 2598 2396 2652 timeat
2424 2599 2500 2651 uti
2524 2606 2578 2651 et
2607 2597 2903 2652 daemones.
2945 2597 3146 2653 Rescra
3178 2614 3241 2652 os
3281 2607 3454 2660 tuum,

1866 2706 1990 2746 cum
2039 2690 2182 2760 apud
2226 2691 2402 2760 ipsum
2463 2706 2649 2745 coram
2701 2704 2849 2760 ages.
2886 2689 3119 2745 Dabitur
3154 2691 3301 2746 enim
3360 2690 3456 2746 tibi

1867 2797 2096 2843 sermo;
2135 2782 2386 2835 Christus
2437 2782 2712 2849 pollicitus
2754 2790 2839 2838 est
2864 2784 2932 2838 ⁵³.
2990 2783 3174 2853 Argue
3226 2798 3351 2836 cum
3409 2783 3457 2837 si

1868 2872 2052 2927 inania
2114 2872 2375 2943 loquitur.
2422 2871 2544 2927 Non
2573 2874 2763 2929 Achab
2796 2873 2945 2929 Elias
3005 2874 3294 2945 coarguit?
3337 2872 3457 2929 Non

1868 2964 2137 3020 Herodem
2196 2964 2487 3022 Joannes?
2519 2982 2627 3023 non
2666 2968 2803 3023 alios
2848 2968 2984 3023 alii?
3019 2977 3169 3023 utne
3209 2968 3460 3038 singulos

1871 3058 2193 3129 appellando
2225 3059 2326 3113 sim
2369 3058 2607 3129 longior.
2665 3058 2768 3126 Qui
2815 3070 2943 3115 tunc
3010 3059 3171 3124 Deus,
3205 3061 3346 3115 idem
3407 3069 3462 3115 et

1871 3164 2040 3203 nunc.
2094 3147 2162 3203 Ut
2188 3149 2309 3203 illos
2330 3150 2540 3216 dilexit,
2580 3151 2652 3205 ita
2681 3159 2735 3207 et
2768 3166 2888 3205 nos.
2919 3151 3213 3205 Alumnum
3248 3161 3301 3205 te
3336 3166 3463 3221 pro-

1874 3240 2052 3294 fessus
2104 3254 2164 3293 es
2212 3242 2609 3310 apostolorum,
2668 3252 2992 3313 martyrum,
3048 3244 3461 3313 prOphetarum,

1874 3333 2131 3398 Patrum,
2187 3345 2534 3389 sanctorum.
2599 3334 2795 3388 Arbori
2851 3333 3061 3388 fructus
3114 3333 3463 3410 respondeat.

1873 3426 1990 3481 Nisi
2029 3427 2175 3481 enim
2220 3442 2317 3482 nos
2366 3427 2439 3481 ita
2488 3427 2748 3497 gerimus,
2790 3426 3084 3497 degeneres
3112 3439 3324 3487 sumus,
3349 3441 3463 3479 non

1876 3517 2151 3588 discipuli,
2206 3533 2315 3573 non
2363 3519 2481 3582 filii,
2532 3532 2643 3572 non
2680 3516 2893 3572 fructus
2924 3536 2937 3571 :
2968 3515 3061 3571 sed
3094 3518 3146 3571 in
3188 3516 3467 3572 contraria

1877 3618 2032 3677 parte
2089 3624 2305 3674 sumus,
2342 3624 2530 3663 eorum
2581 3608 2727 3673 dico,
2757 3608 2849 3677 qui
2905 3607 3171 3663 mundum
3210 3606 3465 3676 diligunt,

1880 3699 1975 3767 qui
2018 3701 2167 3755 carni
2197 3699 2444 3755 serviunt
2478 3718 2491 3753 :
2526 3714 2760 3769 quorum
2796 3700 3044 3770 exempla
3074 3698 3369 3770 fugiamus,
3409 3708 3469 3751 nt

193 3791 308 3851 frui
366 3788 477 3844 Deo
522 3786 823 3856 possimus;
856 3783 1006 3840 omni
1038 3798 1138 3853 ope
1166 3792 1439 3838 certantes
1464 3783 1519 3838 in
1558 3783 1782 3839 Christo
1851 3785 1981 3846 Jesu
2036 3792 2266 3849 Domino
2331 3803 2538 3857 nostro,
2574 3792 2666 3863 qui
2710 3791 3195 3861 dixit:Conﬁdite,
3236 3807 3331 3861 ego
3369 3791 3473 3848 vici

193 3882 458 3937 muluium
485 3879 554 3934 ⁸³.

193 3994 317 4050 ΚΘ.
351 4021 422 4033 --
453 3986 703 4061 Μεταλῷ
752 3988 854 4042 καὶ
900 3988 1102 4058 Μαρίᾳ
1138 3986 1562 4058 μοναζούσαις.
1603 3990 1782 4063 [avet]

1997 3991 2193 4047 XXIX.
2235 4023 2305 4032 —
2339 3991 2605 4064 Megaloni
2631 4002 2681 4050 et
2722 3993 2914 4051 Maria:
2966 3995 3306 4052 monialibus.
3345 4004 3363 4023 ‘

1559 4107 1614 4157 In
1648 4108 1783 4158 obitu
1822 4108 2090 4170 praepositi.

268 4221 345 4273 T6
371 4218 607 4289 γράμμα
633 4214 788 4287 ὑμῶν
817 4215 997 4286 τίμιον
1027 4230 1041 4244 ⁶
1085 4216 1177 4267 καὶ
1214 4216 1248 4285 ἡ
1276 4219 1620 4288 προσηγορία
1650 4237 1773 4272 συν-

1954 4220 2294 4275 Venerabilis
2351 4218 2583 4287 epistola
2648 4231 2851 4284 vestra,
2908 4222 3131 4277 cordata
3172 4222 3465 4280 salutatio:

196 4314 340 4385 ετή⁶
392 4314 427 4383 ἡ
477 4312 535 4364 δὲ
600 4309 855 4378 ἀγγελία,
896 4308 948 4360 τί
987 4306 1157 4373 εῐπως
1202 4308 1459 4379 ὀδυνηρα,
1520 4310 1553 4380 ἦ
1612 4329 1777 4382 χαρο-

1883 4315 2105 4371 nuntius
2137 4326 2283 4369 vero.
2310 4311 2438 4379 quid
2468 4310 2689 4364 dicam?
2733 4312 2996 4379 plenusne
3018 4314 3219 4380 luctus,
3247 4332 3315 4370 an
3340 4334 3475 4387 gau-

194 4405 385 4467 ποιόςς
445 4404 501 4456 '0
534 4402 664 4472 ὲμὸς
721 4401 911 4471 Πατὴρ
964 4400 1323 4471 ὲξεδήμησεν,
1378 4405 1405 4455 6
1446 4405 1777 4475 ὀμολογητὴς

1887 4409 1961 4462 dii
1988 4408 2010 4460 ?
2041 4405 2200 4459 Pater
2227 4418 2384 4458 meus
2421 4404 2654 4459 excessit
2674 4420 2704 4459 e
2735 4405 2895 4469 vivis,
2930 4407 3133 4463 Christi
3165 4410 3471 4477 confessor,

194 4497 462 4571 Χριστοῦ,
489 4498 518 4551 6
545 4497 800 4566 δεύτερος
868 4494 1011 4558 Ἰὼϐ,
1066 4495 1128 4548 τὸ
1187 4485 1627 4568 ’ἐγκαλλὼπισμα
1671 4498 1777 4552 τῶν

1884 4500 1984 4555 Job
2004 4499 2157 4561 alter,
2183 4497 2349 4551 decus
2373 4496 2790 4560 monachorum,
2815 4499 3101 4554 charitatis
3130 4502 3472 4563 conciliator,

200 4588 509 4662 μοναστῶν,
534 4590 563 4641 6
581 4588 681 4657 τῆς
703 4587 925 4656 ἀγάπης
946 4588 1153 4656 Δτημιου
1164 4587 1317 4657 ργὺς,
1339 4586 1368 4638 ὁ
1391 4587 1788 4658 παντοφίλητος

197 4681 366 4751 ἀνὴρ,
397 4680 426 4732 6
448 4679 543 4733 τοῦ
567 4678 705 4732 Θεοῦ
732 4678 1040 4749 ἄνθρωπος,
1068 4680 1096 4731 ὁ
1126 4678 1469 4750 πολύδακρυς
1486 4678 1786 4750 ὀφθαλμὸς,

195 4772 230 4824 6
267 4766 574 4838 φιλομαθὴς
600 4766 747 4830 νοῦς,
778 4768 806 4819 6
837 4766 961 4838 θείᾳ
1000 4764 1203 4835 γνώσει
1238 4767 1728 4840 πεπλουτισμένος,
1761 4769 1790 4822 6

198 4861 373 4923 πολὺς
410 4859 469 4911 ἐν
500 4858 999 4929 ταπεινοφροσύνῃ,
1030 4858 1125 4912 καὶ
1155 4860 1446 4924 πολλοστὸς
1464 4863 1523 4915 ὲν
1554 4863 1788 4929 συνέσει,

199 4955 233 5006 6
271 4950 576 5021 περιφανὴς
622 4950 732 5021 πρὸ
758 4952 1062 5021 σχήματος,
1100 4952 1194 5004 καὶ
1230 4954 1370 5022 μετὰ
1422 4954 1523 5025 τὴν
1568 4972 1791 5025 μοναχιο

202 5042 310 5110 κὴν
332 5038 613 5092 τελείωσιν
648 5039 975 5110 ὑπέρτερος.
1021 5039 1079 5093 Ὀ
1114 5040 1288 5104 δεθεὶς
1306 5043 1364 5094 ἐν
1397 5043 1587 5114 ἀγάπῃ
1614 5043 1751 5097 Θεοῦ
1774 5058 1789 5073 ο

202 5128 508 5182 κάντεῦθεν
547 5130 791 5198 μισήσας
823 5129 1027 5199 κόσμον
1050 5146 1064 5160 ·
1097 5129 1223 5193 δούς
1264 5148 1321 5182 τε
1355 5135 1558 5201 προῖκα
1610 5134 1791 5186 πάντα

204 5221 433 5291 Χριστῷ
454 5219 746 5275 πολύολϐον
783 5222 974 5275 ούσίαν
1015 5237 1029 5251 ·
1070 5216 1192 5276 εἶτα
1246 5222 1585 5294 διαζευχθεὶς
1633 5242 1790 5294 περι-

204 5310 365 5375 δόξου
393 5310 691 5382 ὁμοζύγου,
722 5314 916 5381 γένους
944 5330 1004 5365 τε
1052 5314 1147 5366 καὶ
1170 5314 1342 5380 φίλων
1372 5317 1465 5367 καὶ
1500 5316 1747 5384 συνήθων
1778 5331 1791 5345 ·

207 5404 241 5455 6
294 5402 701 5467 καταλελοιπὼς
761 5404 1044 5476 περίγειον
1100 5404 1339 5476 ἀξίωμα,
1391 5401 1560 5470 οἷκον,
1617 5407 1793 5473 πόλιν,

1885 4592 1972 4645 vir
2028 4588 2288 4643 omnibus
2327 4586 2551 4650 charus,
2583 4588 2747 4641 homo
2808 4588 2924 4655 Dei,
2950 4590 3036 4644 cui
3067 4601 3330 4661 perpetuo
3363 4609 3477 4646 ma-

1888 4682 2024 4737 dens
2057 4679 2254 4735 oculus
2284 4679 2564 4749 lacrymis,
2620 4695 2774 4735 mens
2807 4681 3049 4735 discendi
3085 4684 3303 4753 cupida,
3335 4686 3477 4739 divi-

1890 4775 1977 4830 nis
2041 4772 2308 4827 doctrinis
2375 4773 2639 4843 locuples,
2705 4773 2759 4826 in
2828 4772 3133 4829 humilitate
3195 4777 3474 4839 assiduus,

1891 4864 2142 4932 idemque
2187 4862 2523 4932 perspicacia
2579 4862 2749 4916 animi
2804 4862 3057 4933 inclytus,
3099 4874 3227 4920 ante
3257 4881 3474 4921 sacrum

1892 4955 2137 5009 habitum
2181 4955 2538 5023 conspicuus,
2572 4963 2625 5007 et
2649 4954 2788 5007 idem
2813 4962 2934 5022 post
2961 4957 3321 5011 monasticam
3354 4974 3475 5027 per-

1893 5046 2179 5101 fectionem
2214 5044 2372 5114 longe
2410 5044 2777 5113 praestantior.
2839 5044 2934 5098 Ille
2972 5040 3061 5097 Dei
3093 5044 3355 5099 charitate
3385 5046 3480 5099 de-

1892 5137 2127 5201 vinctus,
2178 5150 2244 5188 ae
2295 5133 2492 5187 deinde
2541 5134 2802 5187 mundum
2856 5149 3079 5196 exosus,
3134 5135 3481 5204 gratuituquc

1894 5243 2121 5283 munere
2171 5224 2459 5280 facultates
2527 5238 2739 5289 omnes,
2790 5240 2913 5279 cum
2984 5224 3249 5294 praedives
3314 5237 3479 5287 esset,

1895 5319 2116 5374 Christo
2167 5317 2431 5387 elargitus
2465 5332 2479 5368 :
2514 5330 2639 5370 mox
2697 5315 2983 5385 sejunctus
3046 5325 3129 5370 est
3183 5317 3253 5369 ab
3286 5316 3481 5372 illustri

1896 5410 2147 5480 conjuge,
2181 5426 2213 5463 a
2240 5408 2488 5476 cognatis
2513 5416 2566 5461 et
2590 5406 2782 5461 amicis
2811 5415 2865 5460 et
2891 5405 3253 5463 familiaribus
3284 5426 3297 5461 :
3330 5408 3484 5465 abdi-

211 5499 475 5571 πατρίδα,
525 5502 620 5555 καὶ
660 5501 831 5555 ταῦτα
860 5503 918 5555 ὲν
957 5501 1286 5574 ἀκμαζούσῃ
1328 5500 1519 5571 ἡλικίᾳ
1550 5515 1563 5528 ο
1597 5500 1777 5571 εύπρει

1899 5512 2020 5557 cato
2074 5500 2319 5555 terrestri
2380 5500 2725 5568 magistratu,
2783 5498 2971 5551 relicta
3014 5498 3201 5561 domo,
3243 5500 3484 5563 civitate,

211 5594 349 5665 πείᾳ
380 5610 440 5646 τε
482 5594 778 5665 προσώπου
824 5598 916 5648 καὶ
970 5595 1096 5664 ὕψει
1125 5593 1378 5664 ἠλικίαςο
1429 5592 1710 5663 εύσθενείᾳ
1736 5608 1795 5643 τε

215 5683 495 5755 σώματος,
530 5684 627 5737 καὶ
649 5685 1200 5756 ἀμφοτεροδεξιότητι
1225 5685 1465 5756 τρόπων,
1496 5683 1703 5751 νοητῶν
1738 5699 1796 5734 τε

215 5778 316 5830 καὶ
338 5776 552 5849 ὁρατῶν
585 5791 598 5805 ·
637 5779 731 5832 καὶ
754 5778 925 5833 πλείω
956 5778 1163 5832 τούτων
1199 5778 1263 5831 ἄν
1286 5794 1370 5841 τις
1400 5774 1592 5840 εἰπὼν,
1647 5776 1801 5828 ἐλάτ-

290 5915 337 5945 ⁸⁹
375 5913 534 5967 Rom.
566 5927 679 5979 vni,
711 5914 798 5971 35.

1902 5590 2076 5660 patria
2112 5606 2127 5654 ;
2164 5598 2218 5643 ct
2248 5590 2362 5643 haec
2395 5588 2447 5641 in
2504 5588 2722 5643 ﬂorenti
2751 5597 2908 5642 astate
2942 5607 2955 5642 :
2988 5589 3101 5645 oris
3136 5589 3311 5644 forma
3360 5607 3488 5659 per-

1902 5683 2169 5751 clcgante,
2215 5680 2473 5735 eminenti
2504 5690 2736 5744 statura,
2776 5679 2980 5749 optima
3003 5683 3249 5749 corporis
3279 5681 3489 5736 valetu-

1902 5775 2061 5839 dine,
2112 5784 2346 5843 utroque
2396 5772 2617 5828 laudum
2682 5788 2879 5842 genere
2932 5774 3223 5843 praeditus,
3255 5784 3308 5831 et
3370 5788 3491 5845 quae

898 5916 941 5949 ⁸⁸
964 5914 1150 5973 Matth.
1187 5931 1277 5981 xx,
1306 5912 1396 5967 εδ.
1474 5913 1515 5943 ⁸³
1564 5911 1722 5967 Rom.
1748 5925 1777 5963 ιι

1879 5908 1949 5963 l7.
2027 5911 2070 5942 ⁸²
2104 5907 2293 5964 Matth.
2336 5925 2389 5973 tt,
2423 5908 2509 5965 l9.
2585 5907 2813 5963 "Joan.
2852 5923 2923 5978 t't,
2959 5909 3049 5964 55.
