4164 6460
704 407 837 473 1199

1898 414 1957 473 S.
1991 406 2386 471 THEODORI
2423 405 2771 467 STUDITAE

3840 396 3969 458 1200

700 527 886 580 animo
946 522 1319 587 continentur,
1347 535 1400 579 et
1432 542 1552 595 quae
1590 527 1877 583 incurrunt
1909 529 1965 583 in
1988 529 2177 584 oculos
2202 547 2216 583 :
2239 536 2293 581 et

2415 541 2499 577 των
2530 522 2675 575 ἔλθοι
2731 520 2832 591 τῆς
2874 517 2969 574 τοῦ
3030 520 3222 592 ἀνδρὸς
3277 519 3498 590 ἀρετῆς.
3535 511 3707 580 Οὗτος
3773 515 3963 587 ᾤχετο,

701 614 746 670 si
780 615 907 685 quis
962 615 1117 685 plura
1153 615 1373 679 dixerit,
1427 633 1534 671 non
1569 618 1616 672 is
1665 629 1844 673 tamen
1877 620 1984 676 viri
2035 623 2291 676 virtutem

701 708 952 763 oratione
973 716 1365 777 consequatur.
1398 707 1542 763 Vixit
1572 710 1683 773 ille,
1708 713 1774 765 ad
1798 712 2093 767 Dominum
2123 711 2289 767 abiit:

2395 614 2593 685 ἀνῆλθε
2625 612 2763 684 πρὸς
2788 613 3014 684 Κύριον.
3036 613 3144 666 Ποῦ
3163 612 3259 665 καὶ
3284 611 3433 674 πῶς;
3455 610 3643 683 ἀρθεὶς
3664 608 3844 680 φόρτᾳ
3858 613 3971 677 (sic)

2392 704 2457 761 ὲκ
2482 705 2581 775 τῆς
2614 706 2854 777 ποίμνης
2899 705 2987 759 διά
3024 706 3123 777 τὴν
3147 704 3428 759 δύσοιστον
3476 709 3633 757 νόσον
3664 720 3680 735 ·
3738 702 3973 772 φυλακι-

704 800 797 854 ubi
824 807 1029 863 autem,
1054 808 1110 853 et
1145 814 1255 867 quo
1289 800 1494 869 pacto?
1522 799 1755 872 Ercptus
1804 804 2115 873 importune
2144 801 2293 875 gregi

2415 798 2545 861 ιθείς
2589 799 2649 851 ὲν
2699 798 2856 853 ἄστει
2889 791 3085 864 ’ἄλλοις
3132 798 3227 854 δύο
3270 798 3416 851 ἔτεσι
3441 796 3537 850 καὶ
3561 796 3735 864 πρός·
3774 794 3966 848 ἔπειτα

703 891 777 945 ob
812 890 1063 945 morbum
1094 889 1367 945 diﬂicilem
1404 910 1419 955 ;
1451 893 1696 949 inclusus
1722 909 1943 951 carcere
1996 896 2050 951 in
2077 896 2295 951 civitate

2423 889 2697 961 ξορισθεὶς
2740 891 2800 943 ἐν
2846 892 2996 961 νήσῳ
3040 890 3198 943 τινί·
3250 892 3477 944 κάκεῖσε
3522 888 3829 952 τελειώσας
3891 892 3974 941 τὸν

706 984 865 1038 annis
896 982 1111 1039 duobus
1135 983 1256 1038 aliis
1283 993 1337 1039 et
1358 998 1425 1039 eo
1470 985 1705 1056 amplius
1744 1004 1757 1041 :
1800 988 1996 1044 deinde
2027 989 2080 1043 in
2103 1003 2296 1057 quam-

706 1075 830 1129 dam
857 1073 1140 1144 ablegatus
1163 1074 1422 1139 insulam,
1458 1078 1571 1145 ubi,
1606 1079 1699 1148 qui
1722 1079 2094 1135 confessorem
2117 1080 2293 1145 decet,

708 1180 807 1236 pro
836 1165 1054 1219 Christo
1074 1180 1296 1219 cursum
1319 1168 1742 1221 consummavit.

780 1255 901 1310 Non
932 1254 1097 1325 igitur
1143 1255 1279 1309 mihi
1313 1271 1605 1313 maerorem
1664 1259 1753 1313 bic
1795 1273 1958 1315 casus
1996 1258 2175 1325 aﬂert,
2203 1259 2296 1315 sed

710 1346 954 1403 laetitiam
982 1345 1334 1417 singularem.
1390 1347 1508 1403 Non
1541 1350 1632 1405 ille
1671 1360 1755 1405 est
1806 1360 2078 1412 mortuus,
2107 1352 2200 1405 sed
2243 1350 2299 1405 in

713 1439 1099 1511 sempiternam
1149 1441 1315 1494 vitam
1352 1441 1606 1511 migravit
1638 1462 1652 1497 :
1690 1460 1799 1498 non
1858 1443 2004 1499 hunc
2040 1454 2183 1499 terra
2225 1452 2302 1498 te-

714 1532 810 1603 git.
843 1532 937 1587 sed
982 1532 1181 1586 crelum
1218 1532 1584 1602 amplectitur.
1624 1534 1850 1606 Excepit
1894 1535 2042 1591 hunc
2079 1533 2301 1590 confes-

714 1640 903 1681 sorum
966 1626 1193 1686 chorus.
1245 1638 1425 1685 coetus
1476 1639 1781 1685 ascetarum
1812 1649 1826 1685 :
1858 1632 1953 1686 ubi
2001 1632 2096 1689 lux
2146 1645 2299 1694 vera,

713 1716 809 1771 ubi
848 1717 1005 1771 beata
1044 1718 1285 1787 requies,
1317 1729 1540 1789 pr0pter
1592 1736 1756 1790 quam
1783 1720 2188 1790 adipiscendam
2220 1722 2302 1775 la-

2391 979 2787 1053 όμοὶογητικδν
2823 980 3027 1053 δρόμον
3063 981 3208 1053 ὑπὲρ
3240 980 3502 1053 Χριστοῦ.

2467 1252 2584 1307 Ούκ
2606 1252 2869 1323 ὀδυνηρόν
2908 1270 2995 1323 μοι
3022 1270 3117 1306 ουν
3154 1252 3217 1305 τὸ
3243 1251 3418 1310 πάθος
3442 1266 3457 1282 ·
3503 1250 3642 1305 ἀλλά
3694 1250 3796 1304 καὶ
3860 1249 3979 1304 λίαν

2399 1345 2697 1418 περιχαρές
2732 1360 2749 1376 ⁸
2783 1344 2844 1396 οῦ
2877 1343 3143 1415 τέθνηκεν
3180 1358 3196 1375 ·
3237 1342 3375 1397 ἀλλὰ
3440 1344 3676 1415 μετέστη
3723 1345 3808 1407 είς
3853 1344 3979 1396 alti»-

2399 1456 2513 1493 νιον
2539 1439 2686 1509 ζωήν
2708 1451 2722 1465 ’
2746 1436 2807 1489 ού
2844 1436 2916 1506 γῆ
2960 1435 3125 1489 αὑτὸν
3148 1436 3420 1506 ἐκάλυψεν
3445 1451 3462 1466 ’
3487 1436 3604 1489 ἀλλ’
3624 1435 3861 1507 οὐρανὸς
3888 1436 3983 1489 ὐπ-

2399 1530 2639 1594 εδέξατο.
2704 1528 3006 1583 ’Υπέλαϐεν
3058 1528 3220 1584 αύτὸν
3271 1531 3304 1601 ἠ
3359 1529 3709 1600 όμολογητῶν
3768 1530 3979 1601 χορεία,

2401 1625 2436 1695 ἡ
2465 1622 2725 1693 ἀσκητῶν
2779 1623 3084 1693 όμοσκηνία
3114 1636 3128 1651 '
3170 1619 3306 1676 ὅπου
3346 1622 3410 1676 τὸ
3446 1622 3563 1691 φῶς
3605 1622 3665 1675 τὺ
3699 1622 3980 1692 ἀληθινὸν,

2402 1714 2532 1767 ἔνθα
2569 1715 2625 1768 αἱ
2659 1713 2929 1785 μακάριαι
2959 1712 3319 1778 ἀναπαύσεις,
3343 1713 3461 1767 ἀνθ’
3485 1707 3560 1767 ὧν
3584 1713 3763 1767 εἵλετο
3796 1714 3983 1767 κόπων

714 1810 875 1865 bores
900 1823 965 1863 ac
988 1809 1269 1864 molestias
1296 1811 1441 1865 ultro
1476 1811 1529 1866 in
1556 1828 1722 1868 carne
1762 1813 1955 1879 subiit,
1987 1821 2298 1868 ascetarum

2415 1804 2499 1857 ιιαί
2527 1804 2704 1857 πόνων
2720 1804 2779 1857 ὲν
2802 1804 2967 1874 σαρκὶ
2996 1804 3311 1873 ἀπητικιῦς
3338 1821 3397 1857 τε
3424 1804 3522 1857 καὶ
3546 1804 3980 1873 όμολογητικῶς.

716 1897 1204 1971 coniessorumque
1239 1902 1367 1956 ritu.
1409 1901 1565 1958 Nunc
1599 1905 1733 1957 mibi
1782 1905 2044 1961 solemnis
2078 1906 2179 1961 iste
2220 1904 2301 1960 fe-

2415 1897 2519 1950 Νῦν
2560 1912 2651 1967 μοι
2682 1896 3013 1967 πανήγυρις,
3032 1895 3213 1967 ἑορτὴ,
3234 1896 3474 1966 θυμηδία
3506 1912 3519 1927 ο
3562 1897 3695 1950 ἀλλά
3715 1898 3845 1968 [μὴν
3896 1896 3986 1949 καὶ

714 2001 945 2063 stusque
977 1994 1117 2061 dies,
1145 2009 1293 2049 nunc
1340 1996 1511 2050 animi
1541 1996 1733 2065 ingens
1760 1998 2050 2053 oblectatio
2073 2008 2177 2062 est,
2205 1998 2302 2053 Sed

716 2091 773 2138 et
800 2084 1123 2139 orthodoxis
1152 2087 1432 2149 omnibus,
1474 2088 1621 2159 quod
1679 2087 1983 2158 adiutorem
2018 2089 2083 2143 ad
2133 2087 2301 2141 Deum

716 2174 1093 2242 transmisere,
1121 2177 1215 2248 qui
1248 2179 1437 2233 eodem
1456 2180 1621 2234 modo
1675 2190 1837 2251 atque
1866 2191 2133 2253 martyres
2168 2180 2295 2235 bac-

717 2277 878 2323 tenus
940 2282 1137 2325 cursus
1171 2269 1426 2325 absolvit.
1486 2271 1726 2327 Laetetur
1753 2273 2016 2331 Ecclesia.
2048 2273 2192 2345 quod
2220 2289 2306 2327 co.

718 2360 937 2415 lumnas
986 2360 1167 2415 adhuc
1228 2362 1616 2418 babet:sacer
1669 2365 1803 2419 ordo
1856 2368 2115 2431 exsultet,
2164 2366 2305 2435 quod

714 2452 887 2507 stellae
918 2453 971 2507 in
1007 2454 1212 2508 mundo
1264 2471 1488 2509 rursum
1522 2456 1794 2520 oriuntur,
1820 2472 1943 2525 quae
1992 2457 2059 2510 iis
2111 2458 2203 2526 qui
2252 2457 2305 2509 in

717 2542 961 2597 tenebris
1015 2544 1286 2597 haereseos
1311 2553 1597 2598 versantur
1618 2545 1793 2599 lucem
1822 2545 2133 2599 ostendant.
2175 2546 2257 2599 0h
2290 2546 2303 2597 !

716 2632 899 2699 Pater,
945 2631 1147 2688 Pater!
1179 2649 1343 2705 quam
1380 2636 1632 2704 egregius
1685 2651 1881 2690 cursus
1906 2636 1996 2691 ille
2025 2646 2154 2693 tuus
2180 2638 2305 2692 est!

715 2738 881 2793 quam
911 2734 1161 2779 sanctum
1188 2735 1602 2781 monumentum
1633 2734 1787 2781 tuum
1814 2728 1829 2781 '_
1855 2743 2018 2798 quam
2051 2729 2204 2784 beata
2233 2744 2312 2784 re.

718 2816 967 2871 cordatio
1002 2818 1078 2870 tui
1115 2818 1127 2872 !
1167 2816 1339 2875 Totus
1379 2830 1435 2875 tu
1465 2822 1811 2892 Splendidus.
1855 2821 2081 2891 pulcher
2145 2832 2309 2879 totus.

717 2906 854 2974 Quis
884 2915 937 2962 te
968 2907 1201 2964 intuitus
1226 2924 1333 2965 non
1358 2912 1549 2968 dilexit
1576 2912 1599 2966 ?
1629 2912 1766 2979 Quis
1814 2912 1914 2967 tibi
1954 2912 2149 2966 obvius
2190 2928 2303 2967 non

716 2996 979 3052 delinitus
1010 3008 1093 3052 est
1123 2996 1147 3051 ?
1182 2999 1536 3055 Consuetudo
1564 3010 1659 3056 tua
1688 3001 1971 3072 optabilis,
2021 3002 2200 3055 virtus
2225 3017 2317 3055 ex-

718 3088 931 3158 plorata
970 3106 985 3155 ;
1023 3090 1156 3159 quid
1206 3093 1481 3161 reliquum
1529 3094 1657 3149 est?
1699 3094 1973 3149 Memento
2020 3104 2133 3149 tum
2194 3109 2316 3164 gre-

2403 1991 2571 2042 πᾶσιν
2595 1986 2919 2059 όρθοδόξοις,
2956 1988 3271 2059 προστάτην
3296 1989 3376 2051 εἰς
3399 1988 3532 2041 Θεὸν
3576 1988 3987 2060 παραπέμψασι

2405 2080 2706 2151 σύνδρομον
2756 2079 2865 2133 τῶν
2937 2081 3365 2151 προδραμόντων
3422 2082 3723 2153 μαρτύρων
3794 2081 3986 2139 τανῦν.

2416 2170 2795 2238 Ἀγαλλιάσθω
2825 2172 2857 2240 ἡ
2898 2170 3219 2238 Ἐκκλησία,
3254 2174 3336 2224 ὅτι
3375 2171 3597 2235 στύλους
3627 2174 3709 2225 ἔτι
3765 2176 3987 2227 κτᾶται·

2405 2261 2787 2335 εὐφραινέσθω
2824 2262 2853 2313 ὁ
2914 2264 3054 2334 ίερδς
3084 2264 3269 2326 Θίασος
3295 2305 3309 2326 ,
3355 2264 3439 2317 ὅτι
3488 2265 3778 2337 φωστῆρες
3804 2267 3866 2320 ὲν
3898 2267 3989 2320 κά-

2408 2372 2533 2426 σμῳ
2564 2354 2732 2407 πάλιν
2759 2354 3041 2423 ἀνίσχουσι
3073 2355 3527 2427 φρυκτωροῦντες
3558 2358 3685 2422 τοὺς
3720 2360 3785 2411 ὲν
3808 2359 3993 2413 σκότει

2407 2447 2508 2517 τῆς
2532 2448 2819 2520 αἱρέσεως.
2839 2448 2903 2499 Ὦ
2927 2448 2940 2501 l
2967 2441 3011 2500 ὧ
3038 2447 3240 2517 Πάτερ,
3274 2448 3457 2522 Πάτερ
3478 2490 3495 2515 ,
3528 2449 3604 2514 ὡς
3639 2451 3809 2515 καλός
3851 2469 3946 2506 σου
3967 2454 3995 2507 ό

2407 2536 2644 2610 δρόμοςί
2681 2538 2759 2601 ὡς
2784 2538 2932 2590 ὅσιον
2949 2537 3008 2589 τὸ
3040 2537 3387 2607 μνημόσυνόν
3432 2540 3563 2593 soul
3604 2539 3681 2603 ὡς
3719 2543 3995 2613 μακάριον

2410 2632 2473 2685 τὸ
2502 2630 2803 2700 ὑπόμνημά
2847 2630 2975 2683 σουῐ
3032 2629 3158 2692 ὅλος
3211 2632 3275 2683 σὺ
3307 2630 3552 2701 φαιδρὸς,
3606 2633 3727 2696 ὅλος
3756 2638 3993 2705 χαρίεις.

2411 2722 2510 2785 Τίς
2545 2738 2604 2774 σε
2642 2720 2769 2773 ἰδὼν
2791 2720 2893 2773 οὐκ
2921 2722 3216 2790 ἡγάπηκε;
3260 2720 3343 2784 τίς
3382 2721 3437 2774 δὲ
3466 2722 3743 2793 συντυχὼν
3792 2724 3857 2778 οῦ
3907 2744 3997 2793 γε-

2413 2812 2753 2882 γλύκανται;
2790 2812 2855 2863 Ἠ
2886 2813 3145 2866 συνουσία
3173 2830 3267 2865 σου
3298 2814 3465 2883 ὲφετή
3490 2830 3505 2845 ⁸
3537 2818 3570 2886 ὴ
3600 2817 3772 2889 ἀρετὴ
3797 2834 3999 2889 γνωρι-

2417 2906 2600 2975 στική.
2631 2903 2779 2957 ΤΓτὸ
2811 2901 3029 2970 >.οιπὸν;
3063 2906 3331 2977 Μέμνησο
3365 2907 3439 2971 ὼς
3477 2911 3576 2977 τῆς
3602 2911 3843 2981 ποίμνης
3880 2929 3997 2977 σου,

2416 2996 2598 3065 κάμοῦ
2634 2993 2730 3051 τοῦ
2764 2995 2859 3050 σοῦ
2900 2996 3040 3061 υἱοῦ,
3077 3000 3181 3050 κᾶν
3206 2999 3494 3069 ἐλαχίστου
3519 3002 3611 3053 καὶ
3634 3004 3997 3075 ἐρριμμένου.

2418 3088 2581 3154 Οἶδας
2600 3090 2691 3142 τὸν
2716 3089 2880 3142 πόθον
2908 3107 3003 3143 σου
3031 3090 3123 3144 τὸν
3148 3093 3207 3144 ἐν
3237 3093 3361 3163 ἐμοί
3381 3109 3396 3123 ·
3425 3092 3501 3155 ὡς
3530 3092 3685 3161 κάγὼ
3717 3096 3810 3148 τὸν
3834 3098 3895 3151 ὲν
3920 3100 4001 3151 σοὶ

719 3182 805 3251 gis
864 3183 965 3245 tui,
995 3195 1107 3238 tum
1158 3186 1263 3241 mei
1318 3187 1513 3256 ipsius,
1562 3187 1657 3241 ﬁlii
1700 3188 1799 3253 tui,
1848 3203 2159 3257 quanquam
2211 3188 2310 3241 mi-

2418 3180 2573 3250 ὲμοῦ.
2606 3180 2882 3251 Βοήθησον
2912 3182 2974 3255 [1⁵.
3002 3184 3231 3256 Βόησον]
3267 3184 3409 3255 ὑπὲρ
3442 3186 3619 3255 πάσης
3645 3186 3743 3255 τῆς
3770 3186 4003 3260 Ἐκκλη-

723 3271 858 3328 nimi
885 3276 1103 3343 quidem
1138 3292 1202 3332 ac
1226 3278 1369 3334 vilis.
1398 3277 1518 3344 Quo
1551 3292 1654 3347 ego
1690 3286 1743 3331 te
1765 3291 2068 3347 prosequar
2100 3292 2308 3340 amore,

725 3375 866 3429 nosti
894 3390 909 3427 :
940 3382 994 3429 et
1022 3388 1133 3443 quo
1159 3381 1215 3426 tu
1242 3387 1347 3435 me,
1384 3371 1531 3425 novi.
1588 3370 1692 3425 Fer
1726 3370 1826 3425 toti
1894 3368 2152 3424 Ecclesia
2185 3384 2314 3438 sup-

724 3464 901 3534 petias
946 3463 1090 3532 apud
1119 3461 1435 3515 Dominum.
1474 3460 1581 3515 Pro
1621 3478 1707 3516 me
1740 3461 1944 3515 misero
1991 3462 2312 3529 deprecare.

727 3564 786 3609 ut
816 3554 999 3609 statim
1033 3570 1097 3610 ac
1145 3563 1198 3610 te
1223 3555 1460 3616 veniam,
1507 3569 1616 3624 quo
1656 3568 1808 3608 more
1842 3554 1983 3608 dicm
2043 3550 2315 3608 clausisti.

729 3646 852 3702 llaec
881 3647 1101 3716 quidem
1146 3662 1263 3701 mea
1288 3657 1370 3702 est
1396 3648 1539 3716 apud
1565 3661 1913 3701 communem
1956 3644 2169 3697 Patrem
2194 3659 2320 3698 ora-

2413 3274 2541 3337 σίας
2570 3274 2705 3339 πρὸς
2733 3275 2960 3345 Κύριονο
2990 3276 3208 3347 δεήθητι
3232 3279 3325 3331 καὶ
3350 3278 3479 3348 περὶ
3506 3276 3641 3349 ιμοῦ
3665 3279 3761 3331 τοῦ
3777 3282 4000 3354 οἰκτροῦ

2412 3366 2568 3435 τάχει
2594 3363 2771 3417 ἐλθεῖν
2800 3366 2939 3436 πρὸς
2972 3366 3052 3429 σὲ,
3086 3369 3143 3419 ἐν
3163 3361 3207 3435 ᾧ
3225 3368 3412 3441 τρόπῳ
3440 3370 3811 3426 τετελείωσαι.
3829 3368 4001 3428 Δῦται

2419 3458 2519 3529 μέν
2552 3476 2641 3527 μοι
2674 3458 2731 3511 αί
2764 3459 2937 3527 φωναὶ
2970 3460 3106 3530 πρὸς
3136 3460 3226 3512 τὸν
3256 3464 3434 3516 κοινὸν
3455 3463 3695 3535 Πατέρα.
3738 3463 3917 3535 ’Υμᾶς
3946 3468 4002 3521 δὲ

2418 3549 2747 3621 παρακαλῶ,
2792 3550 2868 3621 μὴ
2894 3552 3189 3623 προδοῦναι
3221 3554 3320 3623 τὴν
3361 3556 3544 3610 πίστιν
3566 3575 3580 3589 ·
3615 3558 3784 3622 όσίως
3830 3558 4000 3629 βιοῦν,

2419 3641 2494 3703 ὡς
2515 3642 2723 3695 ἐκείνου
2745 3639 2925 3705 οὖσαι.
2953 3644 3161 3717 θατέρα
3187 3646 3425 3720 θατὲρας
3446 3666 3461 3681 ·
3494 3652 3529 3722 ἡ
3549 3650 3651 3721 μὲν
3685 3650 3961 3722 όμόζυγος
3984 3672 4001 3687 ο

730 3742 829 3796 tio.
883 3740 995 3797 Vos
1047 3755 1179 3795 vero
1238 3739 1522 3804 adhortor,
1578 3755 1648 3794 ne
1715 3739 1876 3793 tidem
1937 3737 2227 3809 prodatis:
2263 3745 2310 3788 ιιι

2416 3734 2450 3803 ἡ
2485 3733 2543 3787 δὲ
2566 3735 2667 3804 τῆς
2704 3737 2981 3805 ὁμοζύγου
3012 3739 3270 3809 ὁμαίμων
3298 3757 3313 3771 ⁸
3347 3743 3425 3805 ὡς
3464 3742 3531 3797 ἂν
3566 3745 3665 3798 σὺν
3698 3744 4003 3817 ἑκείνῳδό-

728 3845 919 3888 saucte
977 3835 1197 3897 vivatis,
1228 3848 1356 3889 cum
1394 3833 1517 3888 sitis
1558 3832 1733 3886 ambae
1764 3832 1934 3894 illius,
1989 3839 2043 3885 et
2093 3827 2320 3883 alterius

2420 3825 2517 3897 ξης
2546 3826 2646 3897 τῆς
2679 3829 2851 3883 ἀῖδίου
2875 3831 3262 3887 ἀπολαύσοιτε.

729 3924 919 3989 altera,
956 3926 1070 3981 haec
1120 3924 1341 3995 quidem
1386 3924 1587 3993 conjux
1618 3964 1633 3989 ,
1688 3923 1778 3978 illa
1834 3933 2015 3977 autem
2072 3920 2322 3990 conjugis
2362 3921 2815 3990 consanguinea;
2866 3930 2925 3976 ut
2982 3939 3105 3978 cum
3138 3924 3230 3977 illo
3259 3926 3430 3995 gloria
3467 3926 3826 3996 perfruamini
3863 3945 4007 3985 sem-

730 4018 961 4087 piterna.

1104 4112 1271 4168 XXX.
1310 4143 1382 4157 -—
1414 4112 1647 4168 Simeoni
1676 4112 1951 4166 monacho.

2716 4105 2785 4160 Λ.
2808 4132 2875 4145 -~
2898 4103 3147 4172 Συμεὼν
3176 4105 3513 4176 μονάζοντι.
3537 4107 3723 4180 [σξα’.”⁸

1028 4232 1313 4283 Gratulatur
1335 4232 1467 4294 quod
1500 4244 1591 4293 pro
1612 4231 1805 4283 Christo
1831 4235 2039 4279 strenue
2060 4227 2346 4275 dimicasset
2368 4222 2609 4271 adversus
2634 4216 3001 4269 lconomacbos.
3037 4219 3236 4276 (Baron.
3260 4233 3337 4269 an.
3379 4220 3493 4279 818,
3517 4234 3570 4269 ιι.
3606 4222 3710 4286 22.)

801 4343 1032 4399 Reddita
1070 4342 1203 4396 mibi
1237 4341 1470 4411 epistola
1520 4341 1831 4397 sanctitatis
1877 4348 2005 4394 ture.
2050 4336 2157 4394 Ubi
2196 4349 2316 4391 eam

730 4435 855 4505 legi,
890 4442 945 4489 et
973 4434 1184 4505 singula
1214 4432 1377 4487 didici
1406 4448 1529 4502 qua:
1569 4432 1645 4485 illi
1688 4430 2033 4499 cmterisque,
2071 4428 2163 4497 qui
2191 4441 2316 4481 cum

729 4544 791 4580 ea
825 4535 971 4586 sunt,
1008 4524 1214 4578 sanctis
1246 4523 1499 4579 Patribus
1527 4523 1734 4578 nostris
1764 4541 1778 4576 :
1828 4521 2067 4588 Quorum
2103 4519 2317 4572 nomina

730 4629 852 4671 sunt
884 4619 938 4669 in
988 4618 1122 4669 libro
1158 4618 1363 4683 vitae”,
1422 4616 1762 4680 acciderant,
1805 4629 2020 4669 sacram
2070 4612 2316 4667 omnium

730 4706 1130 4776 expulsioncm,
1162 4705 1516 4777 longinquam
1541 4706 2000 4777 deportationem,
2027 4703 2317 4756 molestam

733 4795 877 4850 illam
913 4806 967 4850 et
993 4811 1238 4866 gravem,
1285 4798 1356 4850 ob
1401 4796 1611 4850 variam
1651 4798 1756 4851 huc
1797 4804 1961 4863 atque
1996 4793 2123 4847 illuc
2154 4792 2322 4847 abdu-

731 4888 991 4953 ctiouem,
1022 4897 1079 4943 et
1120 4889 1314 4943 duram
1351 4888 1646 4958 impiorum
1688 4888 2025 4951 custodiam;
2081 4882 2322 4955 ingemni

734 4980 898 5035 simul
927 4981 1175 5045 humilis,
1218 4981 1273 5036 in
1303 4982 1613 5052 cuiusmodi
1648 4982 1976 5035 tentationcs
2010 4978 2101 5034 Dei
2135 4979 2321 5033 Eccle-

736 5071 850 5127 sias
873 5080 1091 5143 tempus
1115 5073 1432 5144 perduxerit
1470 5075 1655 5128 animo
1707 5072 2105 5127 considerans:
2153 5068 2321 5124 simul

731 5160 897 5213 etiam
936 5162 1094 5217 beata
1130 5162 1258 5217 duxi
1292 5162 1727 5233 persecutionem
1767 5176 1865 5231 pro
1888 5159 2110 5214 Christo
2137 5160 2321 5215 feren-

732 5258 869 5311 tium
902 5253 1247 5319 certamina;
1295 5266 1456 5324 teque
1492 5254 1695 5323 pariter
1732 5253 1824 5322 qui
1872 5262 2150 5323 gestorum
2198 5268 2322 5307 om-

734 5346 886 5400 nium
940 5344 1098 5401 nobis
1131 5344 1361 5400 nuntius
1394 5343 1567 5409 fuisti,
1615 5358 1715 5399 nec
1768 5343 1999 5399 renuisti
2048 5359 2179 5415 erga
2211 5358 2321 5410 me,

733 5434 893 5491 nihili
921 5435 1224 5500 hominem.
1251 5445 1306 5491 et
1328 5452 1553 5492 manum
1582 5451 1805 5492 movere
1835 5437 1904 5491 ad
1944 5437 2319 5505 scribendum,

732 5536 789 5583 et
822 5535 998 5583 totam
1041 5526 1351 5583 aﬂlictionis
1381 5529 1577 5583 seriem
1626 5528 1943 5600 singulatim
1971 5543 2317 5600 percensere.

732 5618 856 5683 Quo
888 5619 1112 5673 nomine
1136 5618 1425 5675 benedicat
1455 5619 1553 5675 tibi
1586 5619 1874 5687 Dominus,
1904 5635 1969 5676 ac
1996 5621 2171 5689 magis
2198 5636 2317 5675 ma-

732 5712 926 5782 gisque
955 5710 1244 5767 conﬁrmet
1272 5721 1326 5769 et
1369 5712 1685 5771 corroboret
1724 5712 1777 5771 in
1809 5713 2005 5772 acerba
2033 5714 2137 5772 ista
2166 5714 2323 5771 testi-

802 5845 849 5881 ⁸⁵
874 5846 1104 5918 Philipp.
1143 5863 1214 5915 tv,
1250 5849 1295 5903 ἆ

2498 4326 2805 4399 Δεξάμενος
2860 4327 2953 4381 ἐπὶ
2986 4329 3179 4399 χεῖρας
3235 4330 3337 4401 τὴν
3390 4332 3489 4403 τῆς
3542 4330 3859 4401 ἁγιωσύνης
3920 4351 4007 4388 σου

2425 4420 2739 4492 επιστολὴν,
2777 4421 2871 4475 καὶ
2900 4422 3171 4490 ἀναγνοὺς
3221 4425 3313 4477 καὶ
3348 4423 3622 4495 διδαχθεὶς
3653 4425 3867 4481 ἕκαστα
3907 4428 4010 4481 τῶν

2428 4513 2863 4592 συμθεϐηκότων
2892 4514 3031 4585 αὐτῇ
3076 4533 3135 4568 τε
3181 4517 3275 4569 καὶ
3321 4520 3437 4580 τοῖς
3487 4518 3585 4571 σὺν
3638 4521 3778 4592 αὐτῇ
3834 4521 4008 4588 ἁγίοις

2428 4591 2711 4678 Πατράσιν
2743 4606 2931 4677 ἡμῶν·
2961 4602 3078 4661 Ὧν
3106 4608 3176 4663 τὰ
3207 4609 3473 4679 ὀνόματα
3492 4610 3563 4664 ἐν
3589 4591 3790 4676 ,ϐίϐλω
3823 4611 4006 4681 ζωῆς-

2426 4699 2515 4752 διά
2544 4698 2644 4769 τὴν
2676 4700 2933 4753 ἀπάντων
2989 4701 3143 4770 ίεράν
3198 4702 3521 4771 φυγαδείαν,
3556 4705 3652 4756 καὶ
3702 4704 4011 4776 ἀλλοδαπὴν

2433 4792 2861 4863 μετανάστασιν,
2899 4794 2997 4846 καὶ
3042 4795 3410 4867 πειραστικὴν
3460 4795 3555 4849 καὶ
3582 4794 3897 4868 θλιπτικὴν,
3926 4798 4013 4852 διὰ

2429 4885 2532 4954 τῆς
2560 4877 2663 4939 ὧδὲ
2699 4902 2757 4937 τε
2794 4884 3020 4938 κάκεῖσε
3070 4887 3379 4955 ἀπαγωγῆς
3403 4903 3463 4939 τε
3508 4887 3605 4940 καὶ
3633 4893 4012 4960 φρουρητικῆς

2431 4978 2584 5049 παρά
2610 4978 2719 5030 τῶν
2741 4976 2923 5031 ἀθέων
2969 4978 3370 5050 καταπράξεως
3391 4995 3406 5009 ·
3446 4976 3583 5049 ὁμοῦ
3618 4980 3720 5050 μὲν
3746 4980 4013 5045 ὲστόναξα

2427 5073 2456 5124 ό
2510 5071 2785 5133 ταπεινὸς,
2822 5072 2901 5134 είς
2955 5064 3043 5123 οἷα
3076 5072 3285 5141 ἢγαγεν
3322 5074 3352 5124 ό
3400 5070 3597 5142 χρόνος
3641 5077 4013 5145 πειραστηρια

2428 5163 2527 5226 τὰς
2584 5163 2915 5234 Ἐκκλησίας
2964 5162 3059 5216 τοῦ
3113 5164 3248 5217 Θεοῦ
3297 5163 3713 5217 κατασκοπῶν·
3762 5162 3905 5235 όμοῦ
3957 5165 4011 5218 δὲ

2430 5258 2749 5329 ὲμακάρισα
2785 5258 2852 5312 τά
2901 5255 3041 5312 ἆθλα
3084 5258 3194 5312 τῶν
3227 5259 3605 5330 δεδιωγμένων
3655 5259 3846 5313 ῑνεχεν
3879 5261 4013 5331 X9:-

2431 5349 2560 5402 στοῦ
2588 5365 2599 5376 ·
2631 5350 2826 5403 ἔπειτα
2872 5350 2965 5403 καὶ
3017 5351 3076 5402 σὲ
3128 5351 3223 5403 τὸν
3277 5349 3511 5420 ἄγγελον
3556 5353 3692 5423 ἡμῖν
3746 5352 4011 5420 γεγονότα

2429 5440 2689 5495 ἀπάντων
2744 5441 2854 5494 τῶν
2898 5441 3545 5513 δραματουργηθέντωνο
3600 5442 3703 5496 οῦκ
3759 5442 4010 5513 ἀποκνὴ-

2430 5550 2599 5586 σαντα
2644 5535 2783 5603 πρός
2828 5550 2897 5604 με
2938 5534 3031 5587 τὸν
3064 5533 3277 5597 οὐδενὸς
3306 5532 3479 5599 ἀξιον,
3510 5535 3605 5589 καὶ
3637 5536 3800 5607 χεῖρα
3828 5534 3925 5587 ἐπὶ
3951 5532 4011 5586 τὺ

2428 5624 2636 5694 γράψαι
2668 5624 2874 5689 δοῦναι,
2920 5626 3016 5680 καὶ
3065 5625 3422 5698 ίχνομυθῆσαι
3468 5628 3597 5698 ὃλην
3643 5627 3744 5698 τὴν
3776 5624 3881 5696 τῆς
3911 5642 4008 5677 κα-

2430 5715 2653 5782 κώσεως
2687 5717 2978 5791 ὑπόθεσιν]
3026 5716 3143 5773 ἀνθ’
3197 5712 3273 5774 ὧν
3333 5719 3629 5790 εὐλογῆσαι
3688 5734 3748 5771 σε
3776 5716 4002 5786 Κύριος,
