4164 6512
216 442 352 509 1201
1416 442 1806 505 EPISTOLA]

1911 446 1963 506 Μ
2006 446 2157 507 LIB.
2212 447 2296 509 II.
3353 443 3494 510 1202

214 551 470 623 στηρίξαι
508 567 572 605 τε
601 550 699 605 ἐπὶ
743 549 930 616 πλέον,
964 550 1061 604 καὶ
1091 547 1393 620 βεϐαιῶσαι
1440 550 1499 603 ἐν
1530 552 1597 622 τῇ
1630 550 1797 620 ἀμει-

1911 550 2069 606 monii
2102 548 2306 606 Christi
2330 546 3023 621 dimicatione.,'Enimvero
3049 551 3279 621 cognovi
3302 565 3494 620 quem-

211 646 385 715 λίκτῳ
416 642 675 698 ἐνστάσει
725 643 824 714 τῆς
860 642 1172 715 μαρτυρίας
1216 640 1478 713 Χριστοῦ.
1533 642 1645 696 Καὶ
1686 641 1796 711 γὰρ

1911 641 2197 698 admodum
2243 650 2370 710 post
2416 639 2824 696 dimicationem
2883 639 3077 709 ipsam,
3130 653 3255 693 cum
3281 636 3496 695 Joanne

212 737 419 809 ιμαθον
475 736 669 807 ὅτιπερ
722 734 1021 807 συμϐαλὼν
1075 734 1217 805 μετὰ
1258 732 1358 806 τὴν
1413 733 1666 787 ἔνστασιν
1716 732 1797 803 τῷ

1911 732 2193 803 impiorum
2243 732 2384 788 duce
2434 746 2803 803 congressus,
2862 730 3292 803 haudquaquam
3343 741 3496 787 metu

212 828 500 899 ἀσιϐἀρχῃ
564 826 789 898 Ἰωάννῃ
841 826 942 898 οὐχ
990 823 1325 892 ὑπεστάλης,
1374 823 1496 877 οὐδὲ
1543 822 1798 895 δεύτερος

1911 825 2157 893 cesseris,
2208 840 2312 880 nec
2344 824 2570 880 inferior
2596 825 2867 880 sermonis
2909 823 3167 879 conﬂictu
3192 825 3493 885 exstiteris.

210 916 380 992 ἦλθες
436 918 541 990 τῆς
582 918 667 983 είς
711 917 909 987 λόγους
943 916 1306 989 συμπλοκῆςο
1365 914 1505 969 ἀλλὰ
1555 915 1798 988 στερρῶς

1911 919 1999 977 sed
2032 918 2250 975 fortiter
2297 918 2573 975 obsistens
2616 918 2799 987 ipsum
2846 917 3068 980 viceris,
3120 928 3176 972 et
3218 918 3495 990 elinguem

212 1003 647 1077 ἀπικαταστάς,
692 1010 968 1082 περιείλες
1000 1009 1190 1075 αὑτὸν,
1224 1008 1320 1061 καὶ
1350 1008 1800 1078 ἀπεστομάτισας

1911 1012 2129 1081 iuvenili
2168 1012 2358 1083 vigore
2403 1010 2712 1066 reddideris
2764 1010 2933 1065 verbo
2989 1009 3242 1064 veritatis
3295 1012 3495 1065 subni~

212 1104 482 1168 νεανικῶς
512 1103 658 1174 λόγῳ
683 1102 947 1174 ἀληθείας
972 1101 1073 1171 τῆς
1104 1100 1357 1170 δοθείσης
1388 1116 1474 1153 σοι
1509 1100 1621 1155 ὑπὸ
1647 1101 1801 1172 ὲνερ-

1911 1121 2030 1171 xus,
2083 1120 2251 1176 quam
2304 1103 2402 1160 tibi
2440 1102 2681 1174 Spiritus
2720 1103 2897 1158 sancti
2944 1101 3191 1174 operatio
3239 1116 3496 1173 suggere-

211 1198 375 1269 γείας
408 1196 504 1251 τοῦ
530 1197 687 1265 ἁγίου
716 1196 1060 1267 Πνεύματος.
1901 1195 2022 1253 hat.

286 1289 403 1344 Kal.
425 1290 536 1360 γὰρ
572 1288 694 1343 οὐδὲ
729 1286 1000 1359 πάρεστιν
1038 1290 1097 1341 ὲν
1131 1288 1245 1351 τοῖς
1289 1286 1673 1358 ἡπατημένοις
1707 1286 1801 1340 δύ-

1974 1288 2137 1344 Nulla
2167 1289 2418 1345 videlicet
2443 1288 2499 1342 in
2545 1287 2616 1342 iis
2645 1287 2740 1358 qui
2773 1286 2986 1358 decepti
3020 1294 3153 1342 sunt
3180 1287 3386 1343 residet
3414 1286 3499 1342 vis

212 1400 383 1452 ναμις
411 1382 572 1450 λόγου
599 1398 616 1414 ·
650 1380 777 1434 ἐπεὶ
803 1380 943 1451 μηδὲ
974 1380 1091 1448 φῶς
1116 1398 1130 1411 ·
1181 1379 1307 1434 οὐδὲ
1354 1378 1617 1449 ἀληθείας
1662 1378 1802 1433 ἀπό-

1911 1376 2207 1446 sermonis;
2256 1380 2517 1451 quoniam
2554 1394 2658 1434 nec
2688 1380 2898 1437 lumen.
2947 1392 3051 1435 nec
3094 1378 3341 1435 veritatis
3376 1394 3500 1448 spe-

208 1475 405 1538 δειξις,
455 1473 580 1527 οὐδέ
624 1489 680 1526 τι
722 1472 905 1536 εύθὲς,
952 1472 1077 1526 οὐδὲ
1125 1472 1277 1527 ὅσιον
1304 1475 1362 1527 ὲν
1394 1472 1580 1527 σκότει
1608 1471 1802 1526 διαπο-

1911 1467 2107 1534 cimen,
2155 1484 2256 1524 nec
2308 1478 2519 1523 rectum
2552 1467 2785 1538 aliquid,
2824 1478 2919 1522 aut
2962 1480 3213 1523 sanctum
3251 1468 3307 1523 in
3344 1477 3496 1523 tene-

214 1566 538 1637 ρευομένοις
584 1567 653 1637 τῇ
711 1563 961 1635 ἀσύνετῳ
1009 1564 1211 1637 καρδίᾳ
1268 1564 1364 1618 καὶ
1421 1562 1803 1635 μεμωραμένῃ

1911 1560 2020 1616 bris
2068 1562 2487 1617 ambulantibus
2523 1562 2695 1618 stulto
2732 1563 2900 1618 corde
2933 1573 2987 1618 et
3013 1564 3245 1618 evanida
3271 1564 3495 1633 sapien-

214 1657 419 1729 σοφίᾳ,
464 1656 698 1728 τάληθὲς
740 1657 798 1710 δὲ
849 1659 1049 1723 εἰπεῖν,
1086 1657 1290 1729 ἀσοφίᾳ
1319 1657 1416 1712 καὶ
1464 1657 1679 1728 ἀμαθίᾳ
1709 1658 1804 1709 καὶ

1911 1656 2006 1718 tia,
2039 1669 2164 1717 seu,
2204 1665 2265 1709 ut
2308 1656 2495 1711 verius
2524 1656 2763 1721 dicatur,
2808 1657 3150 1727 insipientia,
3193 1657 3495 1728 imperitia,

211 1749 538 1821 τυφλότητι.
566 1750 661 1802 Ἐν
687 1750 743 1801 δὲ
783 1750 943 1818 μόνον
968 1750 1064 1802 καὶ
1093 1750 1314 1821 πρῶτον
1347 1750 1441 1804 καὶ
1463 1749 1802 1813 τελευταῖον,

1911 1747 2170 1803 caecitate.
2202 1746 2379 1803 Unum
2410 1756 2597 1804 autem
2639 1750 2803 1815 inest,
2834 1758 2889 1804 ct
2923 1749 3165 1820 primum
3197 1761 3252 1805 et
3296 1758 3501 1820 postre~

212 1844 251 1913 ἡ
288 1841 510 1906 ἐξουσία
546 1841 644 1893 τοῦ
682 1840 908 1903 σκότους
930 1857 943 1871 ·
970 1838 1131 1894 τοῦτο
1155 1841 1341 1903 αὐτοῖς
1370 1841 1467 1894 καὶ
1499 1840 1679 1907 λόγος,
1711 1841 1806 1892 καὶ

1911 1855 2085 1904 mum,
2115 1850 2360 1910 potestas
2390 1842 2742 1897 tenebrarum
2774 1859 2789 1896 :
2848 1842 2953 1897 hoc
2982 1842 3093 1897 illis
3119 1852 3175 1897 et
3201 1856 3406 1907 sermo,
3444 1852 3499 1895 et

211 1934 365 2005 ὅρος,
402 1936 500 1988 καὶ
530 1934 739 1999 πίστις,
789 1933 886 1986 καὶ
928 1932 1082 1999 δόξα,
1116 1933 1211 1987 καὶ
1264 1932 1451 1987 ὅπλον.
1514 1933 1615 1987 Ἐκ
1679 1933 1800 1987 τῶν

1911 1932 2167 1997 deﬁnitio,
2202 1943 2259 1988 et
2303 1934 2455 1996 ﬁdes,
2482 1944 2538 1990 et
2569 1936 2766 2005 gloria,
2807 1944 2864 1990 et
2904 1950 3080 1991 arma.
3136 1933 3223 1988 Ea:
3255 1936 3498 2005 operibus

211 2025 409 2095 ἔργων
425 2024 628 2081 αὐτῶν
646 2023 1059 2095 ἐπιγνώσεσθε
1108 2024 1333 2091 αὐτοὺς
1350 2064 1366 2087 ,
1392 2024 1498 2095 ἔφη
1540 2029 1569 2078 ὁ
1596 2025 1801 2096 Κύριος

1911 2041 2088 2079 eorum
2136 2028 2465 2095 cognoscetis
2514 2028 2684 2091 eos",
2718 2029 2798 2082 ait
2830 2026 3120 2082 Dominus.
3162 2025 3307 2093 Quit!
3348 2027 3497 2082 enim

212 2117 285 2170 Tt
327 2116 440 2189 γὰρ
502 2116 605 2170 οὐκ
652 2116 891 2188 ἔδρασαν
940 2114 1141 2179 ἀσεϐές
1193 2133 1253 2169 τε
1316 2118 1413 2170 καὶ
1480 2117 1799 2184 ἰουδαϊκόνς

1911 2119 2133 2189 impium
2166 2128 2261 2174 aut
2299 2119 2589 2177 Judaicum
2621 2136 2731 2176 non
2762 2129 2992 2188 egerunt
3012 2121 3036 2174 ‘I
3059 2119 3338 2175 Christum
3380 2134 3503 2176 con-

214 2210 458 2281 Χριστὸν
503 2208 816 2280 ἐνύϐρισαν,
843 2208 944 2278 τὴν
981 2206 1264 2272 Θεοτόκον,
1295 2209 1422 2271 τοὺς
1465 2208 1656 2277 ἁγίους
1677 2225 1690 2240 ·
1725 2201 1801 2263 ὧν

1911 2210 2131 2265 tumelia
2170 2209 2495 2277 affecerunt,
2536 2210 2827 2281 Deiparam
2855 2220 2910 2267 et
2941 2218 3164 2267 sanctos
3211 2226 3231 2265 :
3262 2226 3501 2281 quorum

212 2304 329 2375 γάρ
358 2305 408 2357 οἱ
456 2303 763 2373 σωματικοὶ
812 2302 1165 2372 χαρακτῆρες
1195 2301 1580 2372 ἀτιμάζονται,
1619 2302 1803 2366 αὐτοῖς

1911 2303 2051 2357 enim
2076 2316 2355 2371 corporeae
2374 2302 2567 2373 figura:
2593 2303 2892 2372 ignominia
2917 2302 3251 2369 afﬁciuntur,
3283 2304 3336 2357 in
3361 2319 3496 2375 pro-

213 2397 454 2460 ὶκείνοις
484 2397 519 2468 ὴ
574 2394 733 2466 ὕϐρις
785 2392 1179 2465 ἀναπέμπεται
1224 2397 1340 2459 τοῖς
1388 2395 1800 2467 πρωτοτύποις·

213 2490 316 2546 καὶ
377 2489 466 2543 διὰ
518 2487 679 2541 τοῦτο
727 2486 957 2554 είκότως
1025 2487 1397 2558 Ἀντίχριστοι
1464 2487 1683 2559 manu
1754 2488 1804 2541 οί

214 2582 585 2653 Είκονομάχοι
607 2596 623 2612 ο
664 2579 857 2653 ἐπειδὴ
899 2578 1050 2648 λέγει
1078 2581 1107 2633 ὁ
1150 2579 1415 2646 Θεολόγος
1443 2581 1538 2634 καὶ
1566 2580 1803 2649 εὐαγγε-

213 2674 443 2744 λιστής’
504 2672 613 2727 Καὶ
671 2672 791 2728 νῦν
843 2673 1065 2727 πολλοὶ
1130 2671 1553 2739 Ἀντιχριστοι.
1617 2670 1805 2725 Ταῦτα

217 2764 400 2837 μικρά
434 2762 535 2835 μὲν
564 2763 701 2835 πρὸς
746 2763 845 2836 τὴν
898 2763 998 2834 σὴν
1027 2762 1247 2817 σύνεσιν
1272 2778 1286 2793 ·
1332 2762 1436 2833 τῆς
1474 2761 1699 2831 ἀγάπης
1746 2762 1804 2815 δὲ

218 2852 490 2925 σύμϐολα,
542 2853 644 2925 τῆς
698 2856 759 2908 ὲν
792 2855 874 2909 ἑνὶ
920 2855 1240 2926 φρονήματι
1282 2854 1379 2909 καὶ
1418 2856 1517 2926 μιᾷ
1545 2853 1690 2924 ψυχῇ
1723 2853 1805 2906 δο-

216 2946 411 3018 θείσης
439 2948 571 3018 ἡμῖν
600 2947 705 3000 ὑπὸ
732 2947 891 3001 Θεοῦ.
931 2947 1097 3001 Ἀλλά
1126 2964 1218 3018 μοι
1247 2946 1581 3019 προσεύχου,
1606 2946 1804 3015 ἀδελφὲ

216 3037 381 3104 καλὲ,
413 3040 485 3094 τὰ
510 3035 606 3094 ίσά
634 3056 717 3093 σοι
753 3040 1002 3093 ὲναολεῖν
1025 3056 1040 3070 ·
1075 3040 1171 3093 καὶ
1203 3039 1471 3113 γνωρίσαι
1517 3056 1610 3111 μοι
1640 3039 1804 3093 πάλιν

218 3132 460 3200 ἀξίωσον
487 3132 638 3196 ὅπως
674 3130 738 3185 σύ
764 3148 823 3184 τε
849 3132 1081 3199 διάγοις,
1122 3133 1217 3185 καὶ⁵
1237 3132 1389 3196 ὅπως
1417 3130 1528 3202 ἔχει
1564 3130 1662 3185 καὶ
1688 3129 1803 3195 ἕξει

214 3225 291 3280 τά
322 3227 424 3297 τῆς
450 3225 603 3297 ἱερᾶς
640 3241 735 3278 σου
772 3224 1042 3281 συνοδίας.

215 3342 441 3397 ΔΔ’.-
476 3340 699 3411 Ἰωσὴφ
722 3340 965 3411 ἀδελφῷ
997 3340 1591 3411 καίάρχιεπισκόπῳ.
1620 3339 1807 3414 [σξβ’.]

1909 2403 2095 2465 totypa
2152 2394 2273 2465 ipsa
2350 2395 2751 2451 transmittitur
2826 2396 3217 2457 contumelia;
3271 2396 3505 2468 ideoque

1926 2484 2253 2539 Antichristi
2291 2484 2490 2540 merito
2519 2485 2627 2540 dici
2650 2494 2885 2555 possunt
2913 2485 3264 2542 lconomacbi
3289 2507 3302 2543 :
3336 2502 3505 2559 quan-

1906 2576 2227 2645 doquidem,
2267 2576 2349 2632 uti
2400 2592 2431 2631 a
2465 2575 2746 2648 'l‘heologo
2779 2587 2835 2633 et
2859 2578 3193 2649 evangelista
3231 2578 3501 2651 scriptum

1905 2675 1991 2722 est
2020 2684 2034 2721 :
2067 2665 2137 2720 Et
2168 2684 2308 2722 nunc
2364 2669 2521 2723 multi
2556 2680 2681 2723 sunt
2711 2668 3106 2725 Antichristi“.
3150 2669 3280 2726 Haec
3333 2686 3505 2742 parva

1906 2759 2129 2829 quidem
2182 2762 2252 2817 ad
2279 2762 2642 2832 prudentiam
2671 2772 2821 2817 tuam
2859 2781 2873 2817 :
2909 2763 3005 2819 sed
3046 2763 3354 2833 cbaritatis,
3382 2780 3509 2837 quae

1907 2852 2067 2909 nobis
2119 2868 2151 2909 a
2202 2852 2317 2909 Deo
2363 2853 2419 2907 in
2464 2867 2577 2907 uno
2614 2867 2781 2908 sensu
2828 2862 2885 2910 et
2932 2854 3117 2909 anima
3154 2870 3263 2910 una
3299 2855 3505 2911 donata

1905 2956 2013 3013 est,
2049 2945 2298 3018 symbola
2322 2955 2473 3002 sunt.
2506 2943 2586 3001 Tu
2623 2960 2776 3010 vero,
2819 2945 2989 3002 fr'ater
3012 2947 3253 3019 egregie,
3283 2962 3386 3019 pro
3418 2963 3508 3004 me

1912 3054 2038 3103 ora,
2070 3046 2130 3093 ut
2176 3037 2295 3108 pari
2352 3045 2536 3093 tecum
2597 3054 2776 3110 pugna
2826 3038 3103 3095 decertcm
3137 3058 3151 3094 :
3182 3048 3239 3095 et
3264 3039 3508 3095 indicare

1905 3145 2074 3201 porro
2116 3145 2227 3185 non
2254 3130 2522 3200 graveris,
2547 3130 2826 3200 quomodo
2854 3140 2911 3185 et
2956 3130 3072 3199 ipse
3116 3146 3267 3204 agas,
3295 3140 3352 3185 et
3377 3146 3511 3202 quo-

1910 3221 2078 3276 modo
2099 3236 2159 3277 se
2180 3220 2417 3294 habeant
2444 3221 2795 3292 babiturique
2821 3222 2933 3278 sint
2960 3222 3103 3277 sacri
3137 3223 3371 3278 comites
3407 3224 3506 3277 tui.

2062 3337 2253 3392 XXXI.
2292 3369 2362 3379 ——
2385 3338 2637 3410 Iosepho,
2668 3342 2831 3412 fratri
2854 3353 2903 3396 et
2941 3345 3361 3413 archiepiscopo.

217 3439 499 3500 Varlatum
521 3448 581 3499 ab
602 3449 939 3501 Iconomachis
972 3448 1146 3512 impie,
1181 3460 1286 3500 tum
1310 3454 1482 3498 contra
1504 3447 1857 3561 Iconggiaglicés
1897 3465 1926 3501 a
1964 3448 2157 3577 Egisti
2189 3449 2559 3503 confessoribus
2587 3452 2783 3521 fortiter
2818 3463 2963 3520 gesta
3011 3462 3271 3506 memorat.
3301 3458 3504 3521 (Baron.

1701 3548 1713 3561 .
1842 3550 1855 3572 ,
1889 3527 1942 3565 n.
2026 3551 2038 3563 .

1701 3548 1713 3561 .
1744 3527 1855 3572 ato,
1889 3527 1942 3565 ιι.
1964 3527 2038 3563 ω.

292 3598 465 3652 ὐσον
512 3599 610 3669 μὲν
650 3598 760 3652 ἀπὸ
806 3597 1178 3669 γραμμάτων,
1222 3600 1324 3653 οὐκ
1356 3597 1562 3670 ἔμαθον
1601 3600 1670 3654 τά
1710 3600 1806 3672 τῆς

1983 3601 2262 3668 Quantum
2293 3603 2516 3672 quidem
2571 3619 2639 3660 ex
2674 3604 2893 3667 litteris,
2945 3605 3015 3661 de
3040 3605 3353 3662 valetudine
3412 3616 3505 3664 tua

218 3691 411 3760 ὑγείας
446 3708 562 3756 σου,
614 3690 754 3745 ἀλλά
786 3690 887 3759 φεῦ
916 3691 1027 3745 τῶν
1072 3692 1362 3762 ἁμαρτιῶν
1394 3709 1497 3763 μου
1530 3692 1616 3746 ὃτι
1663 3692 1807 3746 οὕτω

218 3783 489 3850 γέγονενι
538 3780 815 3851 Ἐὸηλώθη
856 3781 967 3852 γάρ
1014 3799 1106 3852 μοι
1160 3784 1267 3837 ὑπὸ
1315 3783 1426 3836 τῶν
1476 3783 1723 3852 ἀδελφῶν
1772 3785 1806 3855 ἡ

225 3873 438 3927 τούτων
469 3873 590 3944 μεθ’
631 3874 834 3945 ἑτέρων
864 3872 1116 3929 ἀπώλεια
1140 3892 1155 3906 ο
1186 3876 1283 3931 καὶ
1313 3876 1411 3946 ἥδε
1435 3876 1533 3929 τοῦ
1556 3876 1806 3930 διαϐόλου

222 3966 502 4038 ὲνέργεια.
560 3965 727 4020 ’Δλλά
774 3965 905 4030 δόξα
953 3966 1033 4036 τῷ
1065 3966 1187 4038 Θεῷ
1235 3967 1314 4039 τῷ
1356 3967 1628 4039 κρύψαντι
1670 3969 1810 4024 αὑτά

220 4059 336 4112 ἀπὸ
372 4058 481 4112 τῶν
530 4057 902 4129 κρατούντων.
942 4058 1217 4127 Ἔμελλον
1242 4061 1355 4132 γάρ
1385 4060 1577 4115 πολλοὶ
1627 4061 1810 4115 κινδυ-

220 4151 423 4209 νεύειν.
468 4150 609 4207 Ἀλλ’
665 4152 749 4208 ὃτι
790 4150 888 4205 καὶ⁵
944 4150 996 4204 οί
1042 4151 1233 4223 ἴαμϐοι
1273 4152 1687 4219 συναπώλοντο,
1715 4153 1810 4217 οὒς

220 4240 285 4299 εὖ
340 4243 513 4298 ποιῶν
555 4245 872 4317 ὲμὲτρησας
915 4244 1060 4299 κατά
1106 4244 1216 4299 τῶν
1274 4245 1685 4317 Είκονομάχων.
1733 4244 1806 4299 Οὐ

220 4336 448 4401 πάντως
502 4337 562 4391 δὲ
614 4338 1048 4410 ἀμεταγράφους
1125 4339 1223 4393 καὶ
1275 4337 1811 4410 ἀπαρασημειώτους

222 4428 451 4502 ἔμελλες
483 4430 683 4494 αὐτοὺς
708 4432 1176 4503 πέμπειν.Ταῦτα
1208 4432 1306 4503 μὲν
1343 4433 1616 4501 ἐλύπησεν
1640 4434 1807 4503 ἡμᾶς,

220 4524 299 4589 ὡς
324 4524 388 4579 τὸ
418 4524 589 4588 είκός.
635 4523 781 4593 Ἐγὼ
827 4525 885 4579 δὲ
938 4527 967 4580 ὁ
996 4527 1275 4592 ταπεινὸς,
1321 4528 1414 4580 καὶ
1452 4522 1608 4590 αὖθις
1640 4542 1811 4598 προσ-

221 4615 479 4689 αγορεύω
499 4616 598 4687 τὴν
622 4617 941 4689 ἁγιωσύνην
963 4635 1057 4673 σου
1088 4619 1527 4691 γλιχόμενόςσου
1549 4621 1611 4673 τὸ
1630 4620 1811 4690 τίμιον

224 4709 550 4782 πρόσωπονο
594 4710 690 4764 καὶ
733 4709 882 4773 τίνος
926 4711 1037 4781 γὰρ
1077 4710 1186 4783 πρὸ
1221 4710 1356 4777 σοῦ;
1392 4712 1489 4767 καὶ
1534 4710 1657 4783 οὐχὶ
1687 4710 1809 4777 ἀεί;

224 4801 288 4854 ού
341 4800 599 4855 τοσοῦτον
645 4802 712 4855 ὲκ
760 4800 999 4872 φύσεως,
1034 4805 1170 4857 ’ὅσον
1224 4805 1291 4858 ἐκ
1336 4805 1707 4875 συμπράξεως
1748 4804 1810 4857 ού

220 4894 327 4964 τῆς
372 4894 615 4965 χαμόθεν
648 4895 1033 4974 ὲγειρομένης.
1075 4896 1191 4949 ἀλλ’
1216 4897 1511 4969 οὐρανόθεν
1552 4901 1809 4968 ἐνεργου-

226 4988 423 5059 μένης,
452 4989 517 5040 ὲκ
545 4987 772 5060 πρώτης
808 4988 1058 5060 βαλϐίόος
1085 4990 1276 5059 σχεδὸν
1302 4995 1465 5060 μέχρι
1488 4990 1580 5044 τοῦ
1611 4990 1804 5062 δεῦρο⁹

226 5080 305 5143 ὡς
348 5080 496 5133 ἴσασι
532 5080 737 5145 πάντες
760 5096 776 5114 ⁸
814 5082 911 5134 καὶ
936 5082 1268 5153 ὲμόριρωσαν
1320 5084 1371 5135 οί
1402 5084 1799 5154 γεννήσαντες,

224 5170 366 5222 είπω
396 5172 492 5223 καὶ
528 5170 862 5241 σωματικῶς
896 5174 991 5225 καὶ
1021 5171 1449 5242 πνει.ιματικῶς;
1479 5174 1579 5242 Είη
1610 5173 1669 5226 δὲ
1712 5171 1806 5243 μέ-

223 5277 340 5314 νειν
369 5262 517 5330 ἡμᾶς
548 5262 642 5315 καὶ
683 5260 821 5334 πρὸς
863 5263 926 5315 τὸ
970 5263 1097 5335 ὲξῆς
1145 5263 1442 5326 ὡσαύτως’
1480 5265 1572 5317 καὶ
1607 5246 1681 5334 μή
1736 5279 1804 5333 με

222 5352 556 5424 διαιρεῖσθαί
585 5371 681 5407 σου
731 5356 830 5423 τῆς
859 5356 1065 5427 ἀρετῆς
1106 5354 1301 5421 πλήθει
1330 5353 1441 5407 τῶν
1485 5354 1802 5425 ἁμαρτιῶν·

226 5449 293 5501 ἐκ
326 5446 477 5513 θείας
531 5447 950 5519 φιλανθρωπίας
1006 5446 1536 5518 συγκρατουμένους,
1591 5448 1687 5499 καὶ
1723 5446 1805 5498 ὲν-

223 5538 462 5605 τεύξεως
507 5539 619 5592 τῶν
652 5542 732 5603 εἰς
777 5540 894 5608 φῶς
943 5540 1302 5608 ἐνεγκόντων.
1332 5540 1413 5593 Τά
1450 5539 1549 5609 μὲν
1593 5538 1659 5611 δὴ
1706 5539 1807 5608 τῆς

224 5632 394 5702 εὐχῆς
422 5630 670 5684 τοιαῦτα.

300 5722 382 5775 ’ῖά
412 5722 454 5776 δ’
493 5724 630 5777 ἄλλα
658 5721 746 5776 οἷα
794 5725 887 5778 καὶ
927 5726 1050 5789 ὅσα,
1075 5724 1168 5778 ἐπὶ
1210 5722 1314 5794 τῆς
1358 5722 1690 5795 Ἐκκλησίας
1713 5721 1808 5775 τοῦ

226 5814 388 5878 Θεοῦ,
427 5818 747 5884 στεναγμῶν
804 5817 899 5870 καὶ
946 5818 1197 5889 ὀδυρμῶν
1255 5817 1406 5882 ἀξια,
1436 5818 1536 5888 ἤδη
1594 5816 1809 5878 πάντως

316 5928 568 5988 “Hatth.
605 5947 675 5987 vn
730 5934 808 5991 l6.
892 5937 935 5967 "
974 5933 1173 5990 Huan.
1217 5951 1277 5998 tt,
1314 5934 1392 5987 l9.

1910 3694 2048 3749 nihil
2094 3696 2350 3766 cognovi,
2384 3700 2476 3752 sed
2525 3698 2631 3752 heu
2661 3699 2899 3768 peccatis
2925 3698 3062 3754 meis
3088 3700 3238 3770 quod
3274 3698 3392 3756 haec
3426 3700 3504 3756 ita

1908 3786 2249 3840 evenerunt!
2302 3786 2604 3843 lndicatum
2654 3790 2801 3844 enim
2857 3790 2987 3844 ιιιὶΙιί
3015 3801 3099 3846 est
3143 3807 3173 3846 a
3215 3790 3504 3857 fratribus,

1908 3876 2122 3932 litteras
2178 3878 2300 3933 illas
2336 3896 2443 3933 una
2479 3896 2603 3935 cum
2633 3881 2759 3936 aliis
2815 3882 3173 3938 intercidisse
3208 3903 3222 3937 :
3294 3893 3349 3938 et
3390 3884 3507 3941 haec

1909 3969 2133 4040 quidem
2206 3971 2409 4026 diaboli
2462 3971 2566 4026 vis.
2621 3972 2725 4027 Sed
2772 3972 2893 4029 laus
2925 3972 3059 4040 Deo,
3088 3974 3183 4043 qui
3220 3976 3345 4031 illas
3370 3975 3500 4032 abs-

1910 4062 2099 4117 condit
2172 4062 2241 4117 iis
2269 4063 2365 4132 qui
2396 4078 2580 4117 rerum
2613 4065 2938 4134 potiuntur:
2986 4065 3175 4122 multis
3218 4068 3368 4122 enim
3402 4068 3508 4123 im-

1911 4154 2191 4224 pendebat
2250 4155 2580 4225 periculum.
2648 4156 2957 4222 Quinetiam
3034 4160 3267 4229 periisse
3340 4158 3508 4216 simul

1910 4247 2148 4312 iambos,
2216 4263 2356 4317 quos
2410 4259 2559 4304 recte
2632 4265 2801 4320 agens
2844 4260 3038 4306 contra
3105 4250 3506 4309 lconomachos

1912 4340 2216 4409 scripseras
2256 4358 2269 4393 :
2322 4343 2550 4396 omnino
2601 4352 2781 4397 autem
2836 4345 2958 4399 sine
3005 4345 3258 4413 exemplo
3285 4354 3342 4401 et
3371 4356 3503 4402 nota

1910 4446 2008 4485 eos
2032 4433 2249 4487 mittere
2277 4448 2385 4487 non
2431 4434 2722 4490 debueras.
2756 4433 2882 4490 Haec
2932 4450 3066 4493 sane
3106 4437 3509 4495 contristarunt

1912 4537 2037 4585 nos,
2072 4532 2132 4577 ut
2160 4538 2260 4593 par
2288 4532 2432 4578 erat.
2463 4522 2576 4594 Ego
2603 4538 2734 4579 vero
2760 4524 2987 4579 humilis
3024 4524 3223 4579 iterum
3250 4526 3507 4596 alloquor

1914 4614 2259 4669 sanctitatem
2287 4624 2458 4681 tuam,
2498 4615 2693 4670 faciem
2728 4618 3102 4672 venerandam
3155 4617 3343 4672 videre
3366 4618 3507 4673 desi-

1913 4704 2146 4771 derans;
2179 4705 2337 4774 cujus
2378 4706 2526 4759 enim
2567 4706 2751 4775 patius
2782 4722 2949 4777 quam
2984 4708 3179 4762 tuam?
3218 4708 3298 4763 Ac
3324 4723 3507 4764 nonne

1914 4797 2166 4866 semper?
2206 4812 2386 4867 neque
2430 4798 2483 4852 id
2512 4814 2579 4853 ex
2617 4808 2813 4852 natura
2857 4808 3097 4867 tantum,
3137 4810 3408 4870 quantum
3437 4814 3507 4856 ex

1916 4889 2195 4943 actionum
2259 4890 2597 4959 conspiranti
2648 4892 2930 4959 societate,
2991 4907 3102 4947 non
3152 4893 3303 4948 humi
3350 4902 3505 4961 nata,

1912 4979 2005 5033 sed
2066 4978 2283 5035 cmiitus
2339 4980 2607 5052 profecta,
2642 4996 2675 5037 a
2706 4985 2899 5053 primis
2945 4984 3059 5041 fere
3105 4984 3422 5042 carceribus
3447 4986 3507 5039 in

1914 5072 2055 5125 hanc
2083 5072 2249 5138 diem,
2306 5084 2367 5126 ut
2397 5074 2580 5128 sciunt
2607 5089 2831 5141 omnes;
2877 5092 2943 5132 ac
2988 5075 3373 5132 formaverunt
3402 5093 3500 5145 pa-

1911 5175 2118 5227 rentes,
2182 5165 2546 5234 corporaliter
2611 5166 2792 5222 dicant
2831 5183 2899 5223 an
2956 5167 3358 5239 spiritualiter?
3391 5168 3507 5223 Uti-

1914 5272 2040 5310 nam
2092 5267 2275 5311 autetn
2329 5257 2411 5315 sic
2442 5274 2768 5315 maneamus
2804 5261 2971 5315 etiam
3023 5262 3075 5315 in
3106 5271 3411 5331 posterum,
3446 5271 3506 5316 ut

1915 5364 1945 5403 a
2002 5349 2205 5404 virtute
2264 5360 2359 5405 tua
2419 5366 2528 5406 non
2579 5352 2810 5408 divellar
2850 5363 3197 5424 peccatorum
3253 5369 3504 5411 meorum

1918 5442 2289 5509 multitudine,
2360 5459 2426 5499 ex
2469 5444 2653 5501 divina
2692 5446 3026 5519 benignitate
3061 5446 3499 5508 consentientes,

1914 5545 1968 5589 ct
1996 5552 2061 5589 ex
2098 5549 2289 5590 eorum
2327 5535 2715 5606 deprecatione
2745 5541 2837 5610 qui
2889 5541 3233 5611 genuerunt!
3281 5542 3360 5595 Ac
3380 5548 3502 5593 vota

1918 5632 2137 5695 quidem
2177 5641 2364 5686 nostra
2398 5635 2521 5687 talia
2551 5646 2700 5690 sunt.

1989 5724 2196 5778 Caetera
2224 5736 2407 5780 autem
2440 5730 2625 5797 qualia
2655 5740 2711 5784 et
2742 5746 2904 5801 quam
2943 5730 3135 5795 multa,
3169 5731 3223 5784 in
3262 5729 3503 5786 Ecclesia

1920 5816 2037 5886 Dei,
2086 5821 2291 5889 gemitu
2322 5836 2386 5875 ac
2428 5821 2686 5894 lacrymis
2724 5825 2909 5895 digna,
2939 5826 3048 5894 jam
3094 5840 3316 5894 prorsus
3348 5825 3500 5880 audi-
