4164 6478
687 394 823 457 1203
1882 399 1942 459 S.
1974 396 2369 459 THEODORI
2396 395 2747 459 STUDIT/E
3806 391 3953 459 1%)!

682 507 754 561 sti
790 524 804 559 :
846 520 970 576 qua:
1006 505 1151 561 enim
1182 521 1251 562 ne
1304 504 1470 576 prisci
1500 506 1720 577 quidem
1758 516 1948 563 contra
1976 509 2254 563 Christum
2286 564 2289 575 ,

2389 509 2583 571 ικούοις
2610 524 2625 540 ·
2656 507 2691 562 ἃ
2718 508 2827 578 γάρ
2846 504 2967 558 οὐδὲ
3002 504 3052 559 oi
3079 503 3249 559 πάλαι
3282 504 3665 578 αῑρετίσαντες
3698 505 3954 576 ἔπραξαν

684 608 907 671 egerant
955 598 1218 664 haeretici,
1283 614 1346 654 ea
1407 614 1554 653 nunc
1608 599 1805 670 majori
1863 602 2013 655 rabie
2049 609 2263 672 patrata

2389 598 2513 651 ιατὰ
2536 596 2797 669 Χριστοῦ,
2822 595 2997 650 ταῦτα
3030 593 3411 667 μανικώτερον
3437 594 3795 668 ἐξείργασται
3828 598 3952 655 νῦν.

687 704 835 747 sunt.
863 693 931 748 Et
977 692 1183 747 dormit
1238 692 1514 761 Christus,
1545 704 1601 749 et
1628 695 1832 750 salsum
1866 696 2266 755 incredulitatis

2389 691 2479 743 (αἱ
2514 689 2754 759 Χριστὸς
2782 688 3077 742 καθεύδει*
3114 688 3208 743 καὶ
3231 690 3265 761 ἡ
3292 689 3515 759 ἁλμυρὰ
3550 676 3652 759 τῆς
3683 690 3956 755 ἀπιστίας

684 800 835 840 mare
887 785 1243 851 intumescit,
1300 796 1606 842 extremam
1656 789 1951 859 perniciem
2009 788 2263 845 afl‘erens.

2389 783 2616 836 θάλασσα
2655 782 3063 853 κεκορύφωται,
3117 781 3479 852 πανολεθρίαν
3511 781 3769 837 ποιοῦσα.
3805 783 3955 837 Ἀλλ’

689 878 793 931 Sed
844 878 1027 933 adsint
1065 889 1242 935 tecum
1280 882 1524 950 germani
1555 882 1827 952 discipuli,
1860 882 1952 952 qui
1987 882 2265 939 Christum

2389 875 2562 944 ;ίησαν
2594 878 2692 931 σὺν
2723 877 2807 929 συὶ
2837 877 2889 929 oi
2929 874 3314 947 γνησιεύοντες
3343 876 3450 929 τῶν
3484 874 3771 945 μαθητῶν,
3811 876 3855 928 Χ
3865 893 3957 946 ρι-

686 972 753 1023 ad
788 970 1217 1040 increpationem
1256 973 1593 1044 periculique
1628 974 2002 1044 depulsionem
2028 977 2271 1031 exsusci-

687 1070 821 1116 tent.
852 1061 1000 1115 Abiit
1025 1071 1079 1117 et
1113 1078 1269 1118 meus
1299 1065 1353 1117 in
1386 1064 1575 1120 habitu
1605 1076 1893 1136 susceptor
1922 1081 1987 1121 ac
2009 1081 2268 1138 sponsor,

686 1152 773 1206 vir
826 1152 1024 1218 bonus,
1091 1153 1464 1211 confessionis
1516 1158 1801 1226 prazmium
1868 1170 2159 1229 reportans
2214 1162 2269 1214 in

688 1243 1099 1312 molestissima,
1124 1257 1186 1300 ut
1250 1246 1308 1302 in
1360 1248 1563 1304 lectulo
1624 1264 1686 1305 se
1737 1249 1855 1320 ipse
1884 1266 2108 1307 versare
2160 1268 2271 1308 non

690 1346 901 1405 posset,
938 1338 1281 1395 inﬁrmitate.
1363 1339 1693 1407 Quomodo?
1766 1340 1908 1397 Cum
1967 1343 2272 1410 resisteret,

690 1426 958 1482 abductus
993 1437 1077 1483 est
1110 1438 1165 1483 et
1199 1430 1532 1495 custoditus,
1554 1431 1752 1487 deinde
1781 1433 1948 1488 etiam
1978 1434 2273 1506 relegatus,

690 1527 857 1589 atque
898 1518 971 1573 ita
1003 1522 1329 1592 martyrium
1360 1538 1773 1579 consummans.
1807 1525 1992 1596 Itaque
2016 1528 2276 1583 Dominus

693 1626 802 1665 non
878 1612 1126 1681 despexit
1181 1613 1504 1669 obedientia:
1568 1616 1687 1685 ejus
1734 1617 1970 1684 labores,
2041 1630 2276 1689 quantos

694 1704 836 1756 nosti
868 1721 881 1756 :
931 1704 1147 1759 tametsi
1188 1716 1414 1775 propter
1437 1718 1664 1777 peccata
1695 1724 1815 1763 mea
1842 1710 1983 1764 inter
2011 1709 2274 1766 Maecilia-

692 1812 796 1852 nos
838 1799 1213 1869 deprehensus
1253 1800 1438 1867 fuerit,
1482 1803 1703 1872 corpori
1744 1819 1994 1872 parcens,
2017 1820 2127 1859 non
2162 1806 2279 1859 ani-

692 1905 784 1944 mo
809 1890 937 1944 item
969 1890 1252 1961 abreptus,
1285 1903 1343 1946 ut
1370 1908 1457 1948 res
1488 1893 1607 1963 ipsa
1640 1895 1958 1949 declaravit.
1982 1896 2277 1966 Pr0pterea

693 1986 861 2041 ccetui
901 2001 933 2041 a
982 1985 1093 2041 Deo
1135 1988 1462 2051 subductus,
1500 1990 1553 2043 in
1584 1989 1812 2045 alteram
1853 2000 2063 2060 partem
2106 1991 2278 2045 victo-

694 2076 835 2129 riam
879 2074 1086 2129 vertit:
1142 2078 1612 2145 quemadmodum
1656 2088 1711 2135 et
1754 2080 2087 2145 Mediciotes,
2116 2090 2280 2150 atque

694 2167 833 2221 adeo
885 2165 1138 2223 Nicetius
1189 2184 1451 2240 quoque;
1511 2182 1572 2225 ut
1622 2170 1823 2227 litteris
1878 2172 2013 2241 ipsis
2051 2173 2282 2227 edoctus

695 2278 839 2318 sum.
880 2260 947 2316 Et
970 2262 1097 2331 quid
1128 2263 1273 2317 hunc
1302 2271 1396 2316 aut
1438 2262 1592 2316 illum
1623 2262 1790 2317 dico?
1823 2262 1952 2316 Mihi
1978 2262 2124 2317 enim
2156 2277 2282 2331 per—

695 2356 925 2419 suadeo,
945 2356 1024 2410 sic
1050 2355 1273 2410 allectos
1300 2370 1419 2409 esse
1447 2369 1641 2409 omnes
1657 2356 1750 2423 qui
1776 2355 2115 2410 restiterunt.
2138 2354 2283 2419 Quin

695 2458 753 2507 et
787 2449 903 2519 ipse
930 2464 1093 2503 verus
1120 2448 1432 2518 patriarcha
1460 2458 1648 2501 noster
1672 2450 1958 2503 veritatem
1978 2452 2282 2518 profitetur,

701 2551 851 2595 ntex
890 2539 1013 2606 ejus
1061 2554 1159 2595 ore
1193 2540 1359 2594 didici
1405 2539 1500 2609 qui
1547 2538 1699 2593 illum
1749 2541 2013 2606 audierat,
2056 2543 2288 2611 ejusque

699 2630 1080 2686 defensionem
1134 2631 1416 2685 laudabat.
1482 2628 1609 2685 Haec
1666 2632 1806 2696 dixi,
1858 2641 1972 2687 tum
2000 2642 2060 2687 ut
2092 2632 2289 2688 defun-

699 2732 848 2775 ctum
877 2722 1073 2775 merito
1131 2722 1433 2783 laudarem,
1470 2732 1583 2776 tum
1621 2733 1680 2776 ut
1709 2724 1989 2777 sanctitati
2028 2733 2135 2778 tua:
2158 2733 2287 2778 nota

700 2814 937 2872 facerem
962 2832 1084 2884 qua
1104 2815 1392 2869 debebam.
1431 2815 1536 2869 Sed
1577 2830 1683 2869 non
1719 2817 1943 2884 ignoras
1969 2818 2285 2871 intestinhm

702 2908 929 2971 malum,
977 2906 1264 2961 Leontium
1318 2908 1470 2962 illum
1500 2909 1771 2976 quondam
1820 2918 2091 2969 nostrum,
2117 2909 2208 2978 qui
2237 2917 2292 2963 et

700 3007 863 3051 antea
936 2996 1260 3053 Mcecltianis
1315 2998 1566 3061 adhmsit,
1620 3009 1673 3050 et
1722 3013 1867 3052 nunc
1910 3000 2164 3067 princeps
2208 3009 2291 3053 est

703 3090 1213 3145 lconomachorum.
1271 3089 1401 3143 Eam
1454 3090 1526 3145 ob
1580 3106 1803 3145 causam
1855 3100 1911 3144 et
1965 3090 2289 3145 Studianum

703 3181 964 3241 obtinuit.
996 3189 1051 3234 et
1074 3180 1405 3235 Saccudioni
1451 3182 1649 3248 injuste
1693 3182 2033 3236 dominatur.
2078 3183 2151 3235 Ex
2185 3182 2289 3236 im-

703 3286 843 3342 puro
902 3272 1037 3327 nihil
1095 3288 1291 3338 purum
1331 3290 1344 3325 :
1388 3272 1567 3340 qualis
1612 3272 1826 3342 genitor
1872 3271 2136 3333 carnalis,
2169 3271 2291 3324 talis

2374 966 2498 1021 στὸν
2540 969 2621 1031 είς
2670 968 2993 1039 ἐπιτίμησιν
3023 966 3120 1020 καὶ
3160 966 3600 1036 καταστόρευσιν
3636 966 3738 1037 τῆς
3770 967 3959 1021 κινδυ-

2372 1058 2614 1123 νεύσεως
2651 1059 3035 1131 διεγείροντες.
3089 1058 3315 1129 Οἴχεταί
3355 1076 3459 1129 μου
3482 1060 3579 1113 καὶ
3620 1061 3650 1112 ὁ
3685 1057 3784 1112 τοῦ
3826 1061 3964 1129 σχή-

2377 1168 2546 1221 ματος
2600 1152 2860 1222 ἀνάδοχος
2886 1193 2901 1217 ,
2973 1150 3112 1222 ἀνὴρ
3163 1150 3389 1222 ἀγαθὸς,
3443 1150 3737 1222 ὁμολογίας
3791 1146 3963 1204 ἆθλον

2374 1242 2824 1312 ἀπενεγκάμενος
2865 1244 2924 1294 ἐν
2964 1242 3189 1313 τοιαύτῃ
3239 1242 3601 1313 χαλεπωτάτη
3660 1242 3836 1312 νόσῳο
3881 1241 3965 1304 ὡς

2375 1334 2572 1398 ἐνδεῶς
2601 1333 2751 1405 ἔχειν
2786 1334 2883 1388 καὶ
2912 1334 3007 1387 τοῦ
3045 1334 3137 1387 ἐπὶ
3177 1334 3367 1403 κλίνης
3403 1333 3759 1405 στρέφεσθαι.
3791 1334 3963 1401 Πῶς;

2376 1427 2593 1491 ινστάς,
2635 1426 2733 1481 καὶ
2767 1426 2957 1498 ἀρθεὶς
2997 1428 3092 1482 καὶ
3135 1425 3522 1497 φυλακισθεὶς,
3554 1422 3673 1479 εἶτα
3709 1425 3808 1479 καί⁵
3868 1427 3963 1494 ἐξ-

2374 1519 2616 1592 ορισθείς
2640 1538 2656 1553 ·
2684 1520 2977 1594 καὶταύτῃ
3004 1521 3064 1574 τὸ
3093 1520 3393 1591 μαρτύριον
3428 1519 3674 1581 τελέσας.
3706 1520 3783 1572 Ού
3814 1536 3965 1590 παρη

2378 1614 2517 1667 εἶδεν
2559 1609 2654 1668 οὗν
2698 1613 2863 1667 αὑτοῦ
2892 1616 3097 1683 Κύριος
3129 1616 3257 1677 τοὺς
3296 1615 3703 1677 ύποτακτικοὺς
3730 1614 3965 1678 κόπους,

2377 1707 2612 1771 ὁπόσους
2635 1702 2937 1771 οἶσθα,κάν
2967 1707 3112 1760 ἑάλω
3155 1706 3298 1760 κατὰ
3326 1707 3425 1769 τὰς
3454 1705 3729 1775 ἁμαρτίας
3759 1722 3863 1774 μου
3906 1709 3968 1758 ἐν

2380 1803 2494 1865 τοῖς
2524 1802 2898 1872 Μοιχειανοῖς,
2932 1800 3108 1870 φειδοῖ
3136 1799 3229 1853 τοῦ
3256 1799 3530 1869 σώματος,
3572 1799 3632 1851 οὗ
3665 1798 3969 1868 συναιρού-

2386 1910 2547 1964 μενος
2577 1892 2654 1964 τῷ
2698 1893 3052 1965 φρονήματιθ
3093 1893 3171 1956 ὡς
3198 1892 3258 1945 τὸ
3290 1894 3527 1963 πρᾶγμα
3576 1891 3817 1947 ἐδείκνυ.
3865 1890 3970 1944 Διά

2380 1985 2542 2040 τοῦτο
2559 1987 2666 2039 ὑπὸ
2691 1986 2828 2039 Θεοῦ
2858 1987 2955 2039 καὶ
2980 1987 3171 2057 ῥαγεὶς
3186 1985 3285 2052 τῆς
3305 1984 3639 2055 συμμορίας,
3658 1984 3971 2056 ἑτεραλκέα

2380 2080 2480 2147 τὴν
2496 2079 2668 2145 “νίκην
2698 2079 3017 2147 πεποίηται,
3042 2076 3229 2147 ῶσπερ
3249 2079 3344 2130 καὶ
3364 2079 3393 2130 ὁ
3418 2076 3777 2146 Μηδικιώτης
3798 2090 3812 2101 ·
3827 2075 3969 2129 ἀλλά

2387 2170 2493 2241 μὴν
2519 2170 2617 2223 καὶ
2652 2171 2681 2221 ὁ
2719 2169 2987 2233 Νικαίας·
3019 2170 3095 2232 ὡς
3126 2170 3453 2239 γράμμασιν
3504 2168 3690 2229 αὐτοῖς
3727 2165 3972 2219 ὲπιστὼο

2385 2261 2508 2331 θην.
2539 2262 2651 2339 καὶ
2677 2261 2730 2313 τί
2772 2261 2918 2328 λέγω
2943 2258 3135 2313 τοῦτον
3174 2261 3459 2324 κάκεῖνον;
3493 2260 3603 2312 Καὶ
3630 2259 3741 2329 γὰρ
3773 2257 3970 2311 πείθο-

2388 2371 2486 2423 μαι
2513 2354 2605 2405 κα)⁸
2627 2352 2858 2405 ἕκαστον
2874 2350 2986 2403 τῶν
3012 2350 3383 2421 ἐνισταμένων
3403 2349 3577 2413 οὕτως
3597 2350 3764 2419 ἔχειν.
3806 2348 3972 2403 Ἀλλὰ

2384 2446 2496 2514 γὰρ
2526 2445 2621 2498 καὶ
2652 2445 2816 2506 αὐτὸς
2850 2445 2879 2496 ὁ
2911 2442 3165 2513 ἀληθινὸς
3198 2441 3361 2513 ἡμῶν
3390 2442 3741 2512 πατριάρχης
3772 2440 3972 2511 ὁμολο-

2387 2537 2499 2606 γῶν
2532 2538 2646 2589 ὲστι
2670 2536 2768 2607 τὴν
2796 2534 3060 2606 ἀλήθειαν
3079 2550 3095 2566 ο
3126 2533 3203 2598 ὡς
3240 2533 3443 2605 ἔμαθον
3478 2536 3543 2587 ὲκ
3572 2535 3848 2602 στόματος
3873 2533 3972 2587 τοῦ

2390 2627 2521 2698 παρ’
2572 2627 2737 2682 αὑτοῦ
2782 2627 3104 2695 ἀκηκοότος,
3156 2626 3253 2680 καὶ
3296 2626 3651 2689 ἐπαινοῦντος
3692 2628 3794 2698 τὴν
3848 2628 3971 2681 τότε

2391 2717 2670 2772 ἔνστασιν.
2704 2718 2920 2788 Είρηκα
2948 2718 3142 2783 ταῦτα,
3171 2717 3310 2787 ὁμοῦ
3341 2717 3443 2789 μὲν
3466 2718 3558 2772 τὸν
3581 2718 3974 2788 ὲκδημήσαντα

2390 2812 2619 2873 εἰκότως
2665 2810 2988 2879 ἀποτιμῶν·
3051 2810 3191 2881 ὁμοῦ
3236 2810 3295 2863 δὲ
3335 2812 3435 2864 καὶ
3467 2812 3537 2881 τῇ
3594 2812 3662 2881 σῇ
3728 2810 3974 2879 ὁσιότητι

2390 2903 2649 2973 γνώριμα
2679 2901 2954 2955 καθιστῶν
2982 2902 3052 2955 τὰ
3099 2902 3448 2973 ὀφειλόμενα.
3492 2902 3634 2957 Ἀλλ’
3683 2898 3839 2967 οἶδας
3888 2904 3974 2957 ὅτι

2392 2998 2452 3049 τὸ
2481 2997 2772 3064 ὲγκόλπιον
2821 2994 2993 3047 κακὸν
3040 2994 3317 3060 Λεόντιος,
3348 2997 3377 3049 ὁ
3402 2995 3534 3049 ποτὲ
3574 2996 3868 3067 ἡμέτερος,
3897 2996 3977 3064 ὡς

2395 3085 2722 3154 συναπήχθη
2778 3087 2895 3147 τοῖς
2950 3085 3297 3155 Μοιχειανοῖς
3363 3086 3653 3156 πρότερον,
3729 3087 3828 3138 καὶ
3879 3084 3975 3138 νῦν

2396 3178 2709 3248 προστάτης
2764 3177 2874 3230 τῶν
2926 3176 3335 3246 Είκονομάχων.
3393 3176 3492 3229 Διά
3540 3175 3700 3230 τοῦτο
3752 3176 3849 3229 καὶ
3906 3175 3976 3229 τὰ

2318 3229 2362 3289 C
2394 3229 2643 3323 Στουδίου
2664 3229 2958 3338 ,παρέλαϐε
2980 3285 2994 3300 ο
3045 3229 3142 3321 καί
3172 3229 3269 3322 έὲῡ
3305 3268 3712 3331 Σακκουδίωνος
3755 3268 3976 3339 ἀνόμως

704 3375 769 3417 et
809 3362 952 3419 ﬁlius
992 3380 1007 3417 :
1048 3380 1209 3432 quem
1251 3362 1395 3418 Deus
1452 3372 1739 3417 convertat
1796 3363 2002 3418 sanctis
2046 3362 2289 3432 precibus

2393 3362 2575 3431 ἀρχει.
2616 3359 2706 3425 Ἐξ
2738 3360 3057 3430 ἀκαθάρτου
3082 3360 3239 3413 οὐδὲν
3276 3360 3518 3430 καθαρόν
3539 3376 3553 3391 ο
3583 3354 3697 3422 οἷος
3734 3362 3765 3413 ὁ
3798 3362 3976 3430 φύσας

709 3454 865 3521 tuis;
893 3462 949 3509 et
984 3470 1071 3509 me
1104 3465 1453 3524 peccatorem
1488 3455 1541 3509 in
1602 3456 1797 3508 timore
1844 3470 1948 3509 suo
1988 3454 2295 3508 confirmet.

709 3546 901 3601 Saluto
956 3561 1052 3602 eos
1092 3550 1186 3615 qui
1241 3547 1563 3600 reverentiae
1616 3556 1724 3600 tuae
1770 3546 2129 3602 famulantur.
2189 3544 2295 3611 Qui

706 3651 924 3694 mecum
957 3648 1065 3704 est,
1106 3645 1166 3693 ut
1195 3636 1440 3694 famulus
1481 3648 1532 3694 te
1564 3646 1881 3698 veneratur.

1103 3927 1318 3985 XXXII.
1351 3960 1422 3969 —
1454 3927 1719 3983 Thaletica
1759 3928 1893 3998 ﬁlio.

2394 3452 2539 3505 κατά
2594 3452 2794 3520 σάρκα,
2856 3450 3100 3505 τοιοῦτον
3147 3451 3212 3521 δὴ
3275 3453 3372 3505 καὶ
3422 3452 3483 3505 τὸ
3516 3452 3767 3524 γέννημα
3800 3469 3816 3484 ·
3855 3451 3916 3505 ὃν
3948 3454 3978 3506 ὁ

2400 3542 2533 3606 Θεὸς
2582 3543 3012 3614 μεταστρέψειεν
3045 3543 3235 3613 εὐχαῖς
3279 3559 3375 3595 σου
3408 3541 3624 3610 ἀγίαις⁸
3656 3543 3802 3613 κάμὲ
3848 3561 3978 3615 στη-

2401 3636 2568 3705 ρίξειε
2603 3636 2693 3689 τὸν
2728 3635 3056 3706 ἁμαρτωλὸν
3102 3637 3183 3699 είς
3213 3634 3379 3704 φόῦον
3411 3633 3597 3690 αὐτοῦ.
3640 3634 3784 3699 Τοὺς
3808 3634 3976 3706 ἠξιω-

2400 3728 2595 3798 μένους
2634 3728 3028 3800 ὑπηρετεῖσθαι
3057 3731 3126 3800 τῇ
3157 3728 3439 3799 τιμιότητί
3476 3746 3573 3783 σου
3600 3728 3979 3801 προσφθέγγο·

2398 3838 2518 3891 μαι.
2550 3823 2608 3876 '0
2641 3822 2737 3878 σὺν
2766 3822 2890 3891 ἐμοί
2922 3838 2983 3875 σε
3007 3822 3275 3886 δουλικῶς
3301 3824 3620 3893 προσκυνεῖ.

2698 3935 2822 3989 AB'.
2860 3964 2931 3975 —
2962 3936 3269 4000 Θαλελαίφ
3305 3937 3511 4005 τέκνῳ.
3533 3935 3716 4011 [σξθ’.]

834 4028 911 4080 De
944 4022 1264 4090 presbytero,
1297 4023 1405 4087 qui,
1435 4038 1547 4074 cum
1581 4024 1889 4075 orthodoxus
1921 4029 2078 4087 esset,
2117 4032 2278 4087 metu,
2303 4039 2414 4077 cum
2448 4026 2698 4078 bet-elicis
2721 4028 2886 4079 cibum
2919 4029 3167 4080 sumebat.
3197 4028 3402 4093 (Baron.
3422 4042 3501 4078 an.
3523 4031 3635 4090 818,
3656 4044 3709 4080 n.
3734 4032 3842 4092 20.)

782 4109 951 4165 Recte
1003 4110 1185 4178 egisti,
1242 4110 1336 4179 qui
1366 4110 1433 4164 ad
1486 4125 1572 4165 me
1622 4111 1930 4180 scripseris,
1971 4111 2167 4166 dilecte
2200 4111 2298 4165 iiii.

714 4202 828 4258 Hoc
856 4203 975 4271 ipso
999 4202 1145 4256 enim
1178 4210 1293 4256 tum
1338 4202 1522 4268 iidem,
1562 4214 1675 4257 tum
1700 4218 1942 4257 amorem
1979 4212 2135 4258 tuum
2172 4219 2302 4275 pro-

713 4293 921 4349 didisti.
957 4292 1061 4347 Sed
1096 4292 1227 4362 quid
1260 4292 1392 4347 mihi
1431 4292 1621 4347 laudes
1650 4294 1880 4358 occinis,
1917 4309 2149 4363 quarunt
2184 4308 2304 4348 om-

2475 4114 2673 4177 Καλῶς
2710 4116 2997 4187 ἐποίησας,
3041 4114 3353 4177 ἐπιστείλας
3394 4131 3508 4185 μοι,
3538 4114 3733 4169 τέκνον
3763 4117 3977 4190 qvam}-

2404 4206 2587 4275 μένον.
2616 4208 2867 4273 Ἔδειξας
2898 4210 3008 4280 γὰρ
3036 4210 3093 4261 ὲν
3116 4208 3289 4277 τούτῳ
3310 4207 3411 4280 τὴν
3435 4206 3621 4261 πίστιν
3641 4206 3737 4259 καὶ
3755 4208 3977 4280 ἀγάπην

2402 4317 2519 4354 σου.
2562 4301 2724 4355 ’Λλλά
2750 4301 2803 4355 τί
2831 4318 2921 4371 μοι
2960 4302 3218 4365 ἐπαίνους
3253 4300 3423 4373 ᾄδεις,
3462 4293 3539 4354 ὧν
3581 4299 3801 4371 ἀμοιρῶ
3838 4303 3977 4357 κατὰ

716 4387 847 4443 nino
890 4402 1012 4440 sum
1072 4384 1300 4453 expers?
1338 4382 1455 4441 Non
1512 4402 1597 4441 me
1651 4397 1993 4456 peccatorem
2047 4388 2212 4451 nosti,
2240 4403 2289 4442 at

2402 4393 2613 4459 πάντα;
2642 4394 2758 4448 Ούκ
2794 4389 2943 4456 οἶδας
2981 4393 3063 4446 ὅτι
3094 4392 3423 4463 ἁμαρτωλὸς
3472 4390 3585 4462 ἐγὼ
3633 4393 3731 4445 καὶ
3766 4391 3978 4465 ίδιὼτης

715 4494 973 4535 sermone
1006 4479 1237 4536 rudem?
1262 4478 1370 4534 Sed
1402 4478 1576 4533 solers
1601 4489 1684 4534 est
1710 4482 2004 4534 admodum
2038 4481 2289 4544 charitas,

2404 4484 2483 4554 τῷ
2521 4485 2703 4555 Mm;
2741 4485 2883 4538 Ἀλλ’
2911 4486 2944 4555 η
2977 4484 3167 4553 ἀγάπη
3191 4483 3608 4549 κλεπτίστατος,
3638 4484 3709 4538 τὰ
3742 4484 3822 4555 μὴ
3851 4485 3978 4539 ὄντα

716 4573 909 4629 amicis
945 4589 1039 4629 eas
1072 4586 1306 4643 quarum
1337 4582 1591 4644 expertes
1608 4584 1739 4632 sunt
1769 4573 1955 4629 laudes
1975 4576 2301 4633 attribucns.

718 4665 1007 4721 Landandi
1042 4666 1208 4736 igitur
1228 4666 1411 4721 studio
1459 4666 1631 4722 misso
1651 4708 1665 4728 .
1697 4683 1794 4723 ora
1826 4669 2008 4737 potius
2030 4709 2047 4735 ,
2094 4667 2167 4723 ﬁli
2192 4708 2208 4734 ,
2245 4676 2303 4723 nt

720 4758 775 4811 in
803 4755 1034 4813 Domino
1058 4758 1434 4821 constabiliar,
1451 4769 1503 4813 et
1526 4758 1676 4813 omni
1701 4760 1860 4814 modo
1885 4776 2073 4814 server
2089 4775 2118 4814 a
2136 4760 2299 4813 malo.

2406 4580 2518 4640 τοῖς
2552 4577 2879 4647 ἀγεράστοις
2922 4574 3076 4647 παρά
3104 4575 3214 4628 τῶν
3238 4574 3535 4643 φιλούντων
3566 4576 3977 4647 προσάπτουσα.

2422 4669 2718 4738 ’Δφέμενος
2766 4664 2862 4723 οὖν
2908 4666 3005 4721 τοῦ
3052 4670 3332 4735 ἐπαινεῖν,
3382 4667 3692 4739 προσεύχου
3747 4669 3977 4738 μᾶλλον,

2404 4762 2615 4825 τέκνον,
2656 4758 3009 4830 στηρίζεσθαι
3052 4776 3119 4827 με
3146 4762 3204 4813 ὲν
3242 4758 3456 4830 Κυρίῳ,
3492 4760 3590 4812 καὶ
3618 4760 3891 4823 σώζεσθαι
3926 4762 3979 4815 ἐν

716 4851 1031 4921 Corporaiis
1080 4850 1373 4908 inﬁrmitas
1428 4861 1519 4906 tua
1560 4868 1683 4906 cum
1737 4858 2037 4923 gratiarum
2088 4854 2289 4908 actioni

2406 4853 2572 4909 παντὶ
2626 4852 2813 4924 τρόπῳ
2848 4852 2956 4905 ἀπὸ
3007 4852 3102 4906 τοῦ
3147 4852 3417 4922 Πονηροῦ.
3469 4852 3531 4905 Ἦ
3561 4854 3853 4925 σωματικὴ
3889 4871 3979 4909 σου

716 4942 790 4998 sit
814 4942 956 5011 apud
986 4942 1155 4997 Deum
1190 4960 1206 4997 :
1242 4958 1343 4998 nec
1372 4944 1440 4999 de
1472 4945 1637 4999 modo
1660 4947 1991 5000 contristare
2031 4962 2138 5015 quo
2166 4961 2302 5000 con-

720 5034 859 5107 tigit.
912 5032 1073 5090 Novit
1114 5035 1379 5091 Dominus
1417 5051 1542 5107 qua:
1576 5036 1774 5107 cuique
1798 5038 2009 5107 prosint
2044 5036 2304 5092 tribuere.

717 5126 875 5185 Unde
904 5126 955 5181 id
987 5134 1170 5183 tamen
1201 5129 1463 5184 acciderit
1504 5130 1715 5185 nescio.
1753 5129 2135 5183 hlaledicentia
2170 5145 2307 5184 con-

720 5229 1017 5285 temnatur,
1042 5235 1107 5275 ac
1137 5221 1385 5276 celeriter
1412 5232 1703 5277 evanescet
1737 5239 1750 5276 :
1782 5223 1828 5276 si
1857 5222 2001 5275 enim
2028 5223 2308 5290 timeatur,

722 5312 898 5382 magis
930 5312 1360 5383 ingruet;quam
1408 5315 1598 5371 vincas
1630 5318 1865 5382 utinam,
1896 5312 2007 5370 Deo
2042 5314 2308 5371 corrobo-

722 5413 897 5460 rante.
927 5401 1253 5473 Quanquam
1284 5404 1535 5474 plurima:
1564 5405 1725 5461 abiis
1753 5405 1846 5476 qui
1880 5416 2305 5476 persequuntur,

722 5497 988 5553 molestia:
1030 5497 1298 5567 ingruunt
1334 5516 1347 5553 :
1386 5508 1442 5554 at
1475 5500 1721 5555 cmlestis
1782 5501 2157 5555 remuneratio
2202 5510 2305 5556 est.

722 5586 996 5658 Siquidem
1033 5586 1197 5658 igitur
1241 5591 1612 5659 compatimur,
1636 5598 1686 5643 et
1708 5586 2307 5658 congloriﬁcabimur".

722 5677 839 5735 Non
872 5678 1018 5735 enim
1052 5678 1433 5737 oblectationis
1478 5681 1643 5746 istud,
1684 5680 1778 5739 sed
1811 5680 2061 5753 martyrii
2098 5688 2311 5751 tempus

722 5783 827 5827 εει.

796 5867 836 5894 ⁵⁷
872 5863 1026 5920 Rom.
1064 5882 1179 5929 Vill,
1214 5866 1296 5919 l7.

2407 4945 2662 5000 ἀσθένεια
2682 4947 2738 4997 ὲν
2766 4944 3091 5015 εὐχαριστία
3115 4945 3202 5014 εἴη
3227 4944 3363 5014 πρὸς
3392 4943 3526 4998 Θεόν
3546 4958 3562 4973 ⁸
3592 4944 3784 5015 καὶμὴ
3811 4944 3979 4998 λυποῦ

2401 5045 2496 5092 τὸν
2524 5040 2730 5109 τρόπον
2760 5036 2821 5102 ἐξ
2850 5032 2911 5091 οὗ
2933 5034 3121 5107 ἦλθεν.
3160 5033 3282 5090 Οῐδε
3306 5035 3517 5107 Κύριος
3547 5036 3617 5089 ra
3638 5037 3982 5107 συμφέροντα

2404 5132 2621 5202 ἑκάστῳ
2681 5130 2922 5185 τιθέναν
2977 5130 3122 5200 πλὴν
3166 5130 3349 5198 ἀγνοῶ
3400 5129 3526 5183 ὅθεν
3579 5146 3662 5183 σοι
3708 5126 3867 5203 ἧκεν.
3921 5128 3981 5182 Ἦ

2407 5223 2735 5295 βλασφημία
2767 5221 3222 5293 καταφρονείσθω
3243 5237 3258 5251 °
3303 5222 3401 5275 καὶ
3444 5223 3732 5292 οἰχήσεται
3759 5222 3979 5274 θᾶττον·

2408 5315 2653 5385 φοδοῦσα
2688 5314 2746 5367 δὲ
2772 5314 2975 5383 μᾶλλον
3002 5313 3387 5384 παραγίνεται.
3424 5304 3533 5375 Ἦς
3566 5310 3827 5382 ρυσθείης
3851 5308 3980 5364 Θεοῦ

2414 5408 2741 5481 ὲπιῤῥώσει.
2791 5407 2855 5459 El.
2901 5406 2997 5461 καὶ
3054 5406 3431 5477 καταπόνησις
3465 5405 3639 5477 πολλὴ
3690 5404 3841 5478 παρά
3881 5402 3982 5456 τῶν

2412 5501 2694 5556 διωκτῶψ
2748 5499 2885 5553 ἀλλά
2914 5499 2976 5552 τὸ
3022 5500 3280 5571 βραδεῖον
3339 5499 3612 5570 οὐράνιον.
3665 5497 3853 5563 Εἷπερ
3896 5491 3982 5550 οὖν

2415 5595 2880 5665 συμπάσχομεν,
2914 5593 3063 5665 [ἵνα]
3088 5594 3184 5646 καί
3214 5590 3751 5662 συνδοξασθῶμεν.
3778 5592 3853 5646 Οὐ
3882 5588 3981 5664 γὰρ

2415 5684 2712 5750 εὐπαθείας
2740 5686 2769 5740 ὁ
2816 5683 3027 5755 καιρὸς,
3056 5683 3191 5739 ἀλλά
3225 5684 3548 5757 μαρτυρίου.
