4164 6508
230 456 372 518 1205

1433 450 1983 512 EPISTOLARUM
2032 451 2182 510 LIB.
2217 452 2300 511 II.

3358 448 3491 514 1206

296 569 374 623 Τὸ
410 567 711 641 πρόϐλημα
740 563 871 635 περὶ
921 561 1017 616 τοῦ
1042 561 1421 633 πρεσϐυτέρου
1461 560 1557 621 τοῦ
1587 560 1805 631 ὁρθοδο-

1969 560 2211 626 Quaestio
2240 562 2308 617 de
2333 562 2679 635 presbytero,
2710 563 2799 634 qui
2827 578 2951 618 cum
2997 561 3342 617 orthodoxus
3380 578 3497 618 ere-

225 658 340 726 ξεῖν
392 658 713 723 δοκοῦντος,
770 653 1147 716 συνεσθίοντος
1215 653 1272 706 δὲ
1320 651 1605 722 ἑπισκόπῳ
1656 651 1805 704 καθά

223 758 459 827 εἴρηκας
478 768 493 783 ’
517 751 566 804 εί
586 750 687 825 μὲν
708 748 973 803 παύσοιτο
992 747 1092 818 τῆς
1108 745 1365 818 τοιαύτης
1383 744 1804 810 συνεστιάσεως,

228 845 353 919 μετ’
379 843 661 915 ἐπιτιμίου
701 841 1007 911 ἀπείρξεως
1041 840 1140 909 τῆς
1182 838 1495 911 ἱερουργίας
1523 837 1628 901 ἕως
1664 837 1809 901 τινὸς

226 937 454 1011 χρόνου,
516 935 715 1009 μηκέτι
751 936 832 998 είς
866 933 962 986 τὸν
986 931 1152 987 αὐτὸν
1189 932 1405 985 δλισϐον
1445 931 1805 985 ὑποπίπτειν

228 1033 345 1104 εχει
378 1030 522 1085 ῐασιν
564 1027 658 1082 τοῦ
710 1027 1023 1099 ἱερουργεῖν
1062 1023 1198 1095 Θεῷ.
1254 1022 1319 1077 Ei
1360 1023 1418 1078 δὲ
1448 1022 1807 1095 ἀδιαφοροίη·

234 1126 312 1196 μὴ
343 1123 555 1194 γένοιτο
583 1120 783 1192 λύτρον
814 1116 1008 1189 ἀνδρὸς
1032 1118 1062 1171 ὁ
1109 1116 1243 1180 ἴδιος
1277 1114 1505 1181 πλοῦτος
1526 1131 1542 1146 ’
1574 1114 1667 1169 τοῦ
1696 1130 1812 1184 φυ-

230 1219 373 1286 γεῖν·
404 1216 503 1270 σὺν
548 1215 616 1283 τῇ
664 1212 811 1267 δόσει
865 1209 963 1264 καὶ
1010 1208 1297 1280 αἱρετικῆς
1351 1208 1664 1273 κοινωνίας,
1716 1205 1813 1260 καὶ

233 1304 860 1382 ἀμαρίτη]τιχῆςιάλλης
887 1298 1163 1372 πράξεως·
1183 1299 1245 1353 οὐ
1267 1297 1374 1370 μὴν
1404 1301 1472 1370 τῇ
1493 1296 1811 1367 ἀνταλλαγῇ

230 1403 422 1459 δοῦναι
451 1400 515 1455 τδ
556 1399 745 1465 καλὸν,
792 1396 889 1450 καὶ
916 1395 1106 1449 λαϐεῖν
1137 1392 1201 1446 τὸ
1229 1393 1443 1463 χεῖρον·
1484 1385 1599 1445 οἷον
1627 1388 1815 1443 δοῦναι

234 1498 375 1567 φῶς,
408 1495 504 1550 καὶ
530 1493 719 1547 λαϐεῖν
764 1489 977 1551 σκότος.
1033 1485 1157 1540 Οὐδ’
1205 1484 1273 1539 ἂν
1305 1484 1375 1537 τά
1418 1482 1518 1537 ὅλα
1550 1483 1816 1553 χρήματα

233 1588 332 1643 τοῦ
369 1587 577 1658 κόσμου
604 1580 835 1653 παρέξει
860 1592 977 1643 τις⁶
1014 1577 1111 1632 καὶ
1138 1574 1414 1630 κοινωνῶν
1444 1576 1533 1644 εῐη
1557 1576 1626 1646 τῇ
1659 1573 1817 1644 αἱρέ-

236 1699 347 1745 σει,
378 1679 537 1750 φίλος
576 1674 715 1729 Θεοῦ
766 1672 1116 1733 καθίσταται,
1161 1668 1278 1721 ἀλλ’
1331 1664 1549 1738 ἐχθρός.
1590 1664 1706 1720 Καὶ
1762 1664 1817 1717 τί

234 1773 383 1841 λέγω
417 1767 739 1831 κοινωνίας;
772 1763 893 1818 Κᾶν
921 1763 980 1815 ὲν
1015 1757 1290 1833 βρώματι,
1319 1757 1415 1811 καὶ
1461 1756 1690 1828 πόματι,
1722 1753 1819 1807 καλ⁵

238 1867 393 1938 φιλίᾳ
456 1861 773 1930 συγκάτεισι
818 1859 932 1918 τοῖς
983 1854 1287 1923 αἱρετικοῖς
1338 1848 1663 1911 ὑπεύθυνος.
1708 1844 1816 1899 Τοῦ

238 1955 633 2030 Χρυσοστόμου
658 1952 693 2022 ἡ
726 1949 1041 2018 άπόιρασις’
1087 1945 1214 1997 ἐπεὶ
1255 1943 1352 1997 καὶ
1394 1940 1596 2030 παντὸς
1633 1939 1814 2030 ἁγίου.

239 2025 367 2112 Ilii);
402 2046 459 2101 δὲ
486 2032 764 2103 ἀκούσιον,
792 2038 886 2092 καὶ
918 2035 1021 2089 οὐκ
1060 2032 1224 2104 ἔργον
1251 2030 1329 2100 τῷ
1361 2026 1612 2082 δοκοῦντι
1658 2025 1814 2097 ὀρθο-

240 2137 484 2208 φρονεῖν,
517 2127 867 2187 κοινωνοῦντι
898 2123 957 2177 δὲ
984 2123 1136 2193 ὅμως
1167 2122 1236 2192 τῇ
1272 2119 1493 2190 ἀρέσεις
1533 2114 1819 2170 Ἀκούσιόν

239 2207 414 2293 ἐστιν,
451 2228 580 2280 ὅταν
608 2221 670 2275 τὸ
700 2220 875 2289 στόμα
904 2234 991 2280 τις
1019 2215 1119 2269 τοῦ
1146 2211 1433 2285 ὀρθοδόξου
1466 2208 1660 2280 βιαίως
1688 2207 1821 2261 ἀνα-

240 2323 433 2395 χάνας,
460 2315 634 2387 ἐγχέῃ
669 2312 772 2385 τὴν
801 2307 1085 2381 αἱρετικὴν
1104 2303 1392 2359 κοινωνίαν
1413 2303 1593 2395 ’,ὅπερ
1626 2298 1820 2395 linoth

244 2391 347 2469 σαν
378 2413 428 2465 ot
455 2409 623 2464 πάλαι
659 2401 954 2476 αἱρετικοὶ,
991 2401 1086 2454 καὶ
1115 2394 1389 2459 ποιοῦσιν,
1417 2394 1493 2458 ὡς
1519 2391 1749 2465 ἔμαθον,
1773 2392 1822 2444 οἱ

241 2508 363 2561 νυνὶ
411 2498 810 2575 Χριστομάχοι.
846 2494 921 2548 Τὸ
979 2493 1038 2547 δὲ
1096 2490 1189 2560 ἀφ’
1243 2486 1439 2543 ἑαυτοῦ
1505 2486 1821 2557 μετασχεῖν,

246 2596 519 2654 ἑκούσιον.
555 2592 615 2645 Ei
640 2592 696 2645 δὲ
723 2590 805 2643 ὅτι
828 2586 939 2641 δέει
958 2600 972 2614 ⁸
1007 2582 1169 2637 τοῦτο
1189 2582 1297 2652 γάρ
1327 2582 1442 2633 ἔστι
1463 2579 1526 2631 τὸ
1555 2576 1825 2647 ζητούμε-

243 2708 336 2744 νον
358 2706 374 2719 ·
405 2686 528 2741 οὐδὲ
558 2678 877 2744 οῦτως.ἓξει
921 2672 1244 2743 ἀπολογίαν.
1281 2670 1377 2736 Μὴ
1403 2667 1686 2739 φοϐεῖσθε
1713 2667 1825 2738 γὰρ

246 2781 367 2838 ἀπὸ
384 2778 504 2832 τῶν
518 2772 980 2831 ἀποκτενόντων
1007 2764 1072 2820 τὸ
1101 2760 1449 2834 σῶμα,ἀλλά
1462 2759 1621 2824 Θεὸν,
1648 2759 1741 2813 τὸν
1767 2759 1827 2811 τὸ

248 2871 665 2944 συναμφότερον
686 2864 884 2935 γεέννῃ
904 2859 1127 2915 αἰωνίου
1157 2856 1331 2927 πυρὸς
1356 2853 1579 2924 παραπέ
1590 2870 1823 2924 μποντα.

258 2965 589 3035 Ἀκούομενς
630 2955 873 3027 ’Λληθῶς
902 2956 931 3007 ὁ
970 2952 1174 3020 κόσμος
1209 2949 1329 3011 ὅλος
1359 2948 1491 3018 μιᾶς
1522 2945 1701 3016 ψυχῆς
1730 2944 1829 2997 οὐκ

248 3062 398 3116 ἐστιν
445 3054 717 3119 ἀντάξιος,
760 3052 861 3121 τῆς
898 3043 1271 3117 φυλαττούσης
1316 3044 1516 3110 ἑαυτὴν
1558 3039 1830 3110 ἀμέτοχον

1910 650 2174 717 deretur;
2253 667 2377 707 cum
2429 653 2708 724 episcopo,
2765 654 3230 727 quemadmodum
3287 653 3499 713 dixisti.

1912 757 2021 797 una
2061 744 2244 799 cibum
2276 746 2460 815 capit;
2495 746 2541 801 si
2583 746 2802 817 quidem
2832 747 2906 802 ita
2937 747 3218 803 convivari
3251 746 3498 808 desierit,

1913 835 2167 906 imposita
2187 854 2369 908 poena,
2392 840 2678 896 abstentus
2699 850 2758 896 ut
2778 841 2850 896 sit
2876 841 2947 895 ab
2977 856 3036 897 re
3067 855 3223 897 sacra
3250 840 3500 897 obeunda

1913 946 2091 1001 usque
2136 933 2202 987 ad
2240 942 2449 989 certum
2490 943 2724 1004 tempus,
2765 951 2834 991 ne
2865 934 3095 1005 posmac
3146 934 3313 990 simili
3344 933 3499 1003 lapsu

1912 1023 2157 1079 offendat
2213 1042 2226 1079 :
2269 1026 2452 1082 sanari
2519 1035 2717 1095 potest,
2769 1036 2830 1081 ut
2876 1027 3049 1084 sacris
3094 1028 3387 1097 operetur.‘
3409 1022 3505 1079 Sin

1914 1117 1963 1173 is
1994 1118 2391 1188 parvipendat;
2442 1135 2511 1175 ne
2562 1120 2675 1174 sint
2733 1119 2943 1174 homini
2984 1120 3221 1191 propriae
3249 1133 3383 1187 opes
3407 1131 3508 1187 pro

1914 1209 2307 1277 redemptionis
2331 1210 2524 1280 pretio.
2557 1209 2833 1282 Fugienda
2858 1211 3002 1265 enim
3049 1227 3175 1267 cum
3203 1210 3503 1264 donatione

1916 1300 2234 1356 communio
2288 1301 2565 1365 heretica,
2595 1310 2653 1357 et
2702 1302 2850 1357 aliud
2895 1303 3128 1373 quodvis
3158 1300 3338 1357 scelus
3368 1318 3382 1355 :
3409 1313 3511 1353 nec

1917 1394 2000 1449 sic
2049 1394 2383 1450 instituenda
2442 1397 2825 1462 commutatio,
2892 1407 2951 1450 ut
3008 1395 3155 1467 quod
3190 1397 3398 1451 bonum
3428 1402 3511 1447 est

1917 1484 2098 1550 detur,
2156 1485 2462 1555 accipiatur
2522 1488 2669 1556 quod
2724 1488 3014 1543 deterius:
3073 1486 3386 1558 cujusmodi
3426 1494 3511 1541 est

1920 1579 2095 1633 lucem
2131 1578 2435 1648 impertiri,
2489 1595 2555 1636 ac
2597 1582 2855 1636 tenebras
2903 1582 3129 1636 referre.
3165 1579 3275 1635 Nec
3306 1579 3351 1636 si
3387 1578 3513 1649 quis

1920 1670 2208 1725 universas
2264 1672 2455 1725 mundi
2504 1671 2725 1728 divitias
2775 1670 2992 1736 offerat,
3028 1671 3513 1740 communicetque

1922 1760 2138 1825 haeresi,
2193 1762 2405 1818 amicus
2456 1762 2549 1818 Dei
2587 1765 2919 1827 censebitur,
2968 1765 3060 1820 sed
3090 1764 3291 1820 hostis.
3323 1762 3513 1829 Quano

1926 1868 2093 1923 quam
2120 1853 2252 1923 quid
2278 1855 2722 1929 communionem
2755 1856 2925 1912 dico?
2965 1854 3058 1912 Vel
3092 1856 3135 1910 si
3173 1856 3229 1910 in
3264 1855 3390 1910 cibo
3416 1870 3510 1924 po-

1927 1953 2121 2015 tuque,
2150 1956 2205 2001 et
2236 1947 2479 2003 amicitia
2500 1963 2627 2003 eum
2656 1949 2931 2005 haereticis
2952 1948 3361 2019 congrediatur,
3389 1962 3517 2002 reus

1926 2049 2031 2095 est.
2066 2039 2194 2095 Haec
2228 2040 2629 2112 Chrysostomi,
2664 2041 2775 2095 imo
2804 2052 2857 2096 et
2892 2040 3138 2111 cujusvis
3159 2040 3360 2106 sancti,
3391 2054 3518 2096 ora-

1928 2130 2007 2185 tio
2033 2139 2134 2185 est.
2167 2130 2455 2196 Quomodo
2480 2146 2610 2187 vero
2638 2131 2690 2185 id
2722 2139 2916 2186 contra
2946 2126 3284 2187 voluntatem
3316 2145 3383 2184 ac
3407 2142 3516 2183 non

1928 2232 2123 2294 sponte
2157 2223 2237 2291 ﬁt,
2269 2239 2392 2279 cum
2432 2225 2557 2296 quis
2604 2226 2951 2280 orthodoxus
3003 2223 3225 2294 quidem
3264 2222 3516 2283 videtur,

1931 2316 2123 2373 haeresi
2156 2318 2338 2372 tamen
2382 2317 2603 2374 interim
2634 2316 3050 2374 communicat?
3087 2318 3291 2373 Contra
3323 2314 3519 2369 volun-

1933 2416 2097 2462 tatem
2128 2416 2233 2472 cst,
2264 2410 2314 2464 si
2349 2409 2476 2480 quis
2522 2409 2813 2465 orthodoxi
2865 2424 2928 2463 os
2960 2424 3059 2479 per
3104 2401 3217 2462 vim
3246 2407 3522 2476 aperiens,

1932 2498 2247 2554 bereticam
2281 2500 2733 2554 communionem
2768 2499 3065 2555 infundat:
3106 2500 3158 2554 id
3198 2498 3347 2568 quod
3376 2497 3521 2552 fece-

1933 2597 2062 2643 runt
2083 2588 2212 2641 olim
2242 2588 2502 2654 haeretici,
2545 2596 2600 2643 et
2629 2586 2861 2651 faciunt,
2890 2601 2950 2645 ut
2982 2588 3170 2652 didici,
3205 2588 3370 2659 hujus
3398 2598 3525 2642 aeta-

1934 2681 2004 2735 tis
2052 2679 2482 2735 Christomaclti.
2523 2680 2660 2734 Cum
2696 2681 2821 2751 quis
2861 2691 3043 2736 autem
3075 2697 3103 2734 a
3130 2680 3313 2751 seipso
3352 2680 3523 2750 parti-

1934 2787 2063 2842 ceps
2092 2772 2171 2836 fit,
2230 2772 2282 2827 id
2325 2781 2522 2843 sponte
2572 2772 2652 2828 tit.
2692 2773 2789 2828 Sin
2816 2783 2997 2829 autem
3032 2774 3294 2844 quoniam
3334 2774 3524 2835 timet;

1936 2864 2041 2919 hoc
2074 2865 2219 2919 enim
2251 2873 2333 2920 est
2362 2866 2507 2936 quod
2538 2868 2834 2938 quaeritur;
2874 2882 2977 2923 nec
3009 2868 3091 2923 sic
3118 2866 3340 2923 habebit
3365 2881 3526 2923 excu-

1936 2958 2231 3015 sationem.
2276 2957 2460 3015 Notitc
2492 2963 2641 3018 enim
2672 2963 2854 3017 timere
2880 2978 2966 3017 eos
2994 2962 3085 3032 qui
3139 2962 3386 3016 occidunt
3408 2977 3528 3015 cor-

1937 3054 2149 3122 pus”;
2184 3055 2279 3109 sed
2314 3056 2506 3124 Deum,
2547 3057 2643 3127 qui
2698 3066 2991 3127 utrumque
3018 3066 3201 3128 potest
3238 3057 3293 3110 in
3325 3056 3529 3127 gehen-

248 3154 343 3209 καὶ
394 3149 679 3222 αἱρετικῆς
712 3141 1002 3204 κοινωνίας
1043 3137 1138 3192 καὶ
1169 3134 1374 3198 παντὸς
1420 3132 1617 3187 κακοῦ.
1663 3132 1728 3184 0t
1776 3129 1821 3182 δὲ

1939 3161 2068 3200 nam
2128 3147 2451 3215 sempiterni
2483 3149 2625 3217 ignis
2680 3146 2998 3202 amandare.
3029 3146 3297 3200 Audimus
3327 3145 3351 3199 ?
3390 3143 3529 3199 Vere

250 3244 579 3317 ἀμφοτέρων
600 3240 841 3310 μέτοχοι.
872 3234 1051 3305 χόρτῳ
1070 3230 1328 3300 ἰσότιμοι,
1352 3227 1552 3294 ξύλοις,
1582 3226 1829 3296 καλάμῃ.

254 3343 323 3393 Ἀ
353 3331 726 3392 κατακαύσειε
764 3329 827 3382 τὸ
858 3322 1251 3396 δοκιμαστικὸν
1284 3320 1401 3391 πῦρ
1430 3320 1531 3389 τῆς
1557 3318 1795 3390 κρίσεως
1816 3332 1831 3346 ’

248 3430 379 3491 τοὺς
416 3425 459 3478 δ’
492 3422 676 3479 αὐτῶν
707 3420 1029 3491 πράκτορας
1088 3414 1444 3485 συντηρήσει,
1475 3410 1667 3475 ἀῖδίως
1699 3409 1833 3480 φλο-

250 3518 597 3593 γιζομὲνους,
623 3509 721 3567 καὶ
752 3511 829 3583 μὴ
862 3507 1294 3581 χωνευομένους.

254 3612 514 3685 stipula;
559 3621 682 3678 qua:
710 3604 930 3676 quidem
973 3603 1292 3673 explorator
1322 3599 1466 3670 ignis
1518 3597 1717 3669 judieii
1785 3605 2055 3660 cremabit

1936 3238 2177 3294 mundus
2206 3233 2356 3295 totus
2385 3254 2496 3294 non
2524 3247 2610 3294 est
2630 3256 2755 3294 cum
2788 3238 2973 3293 anima
3006 3252 3114 3291 una
3138 3235 3526 3302 conferendus,

1933 3344 2056 3399 quae
2085 3331 2325 3400 seipsam
2381 3340 2497 3387 tum
2534 3331 2603 3387 ab
2650 3332 2904 3388 haeretica
2960 3332 3378 3395 communione,
3409 3341 3524 3386 tum

1932 3421 2002 3474 al)
2060 3422 2212 3476 omni
2262 3423 2409 3478 malo
2472 3436 2652 3480 servat
2703 3426 3030 3479 immunem.
3086 3422 3194 3491 Qui
3239 3437 3373 3478 vero
3405 3432 3534 3478 sunt

1933 3513 2222 3585 utriusque
2276 3516 2611 3588 participes,
2670 3515 2798 3572 feuo
2850 3517 3059 3572 similes
3145 3524 3296 3582 sunt,
3359 3515 3530 3587 ligno.

2130 3624 2145 3661 :
2201 3623 2393 3665 eorum
2447 3620 2630 3665 autem
2702 3618 2956 3666 auctores
3006 3610 3062 3664 iu
3133 3608 3529 3683 sempiternum

256 3724 434 3768 aevum
501 3700 762 3768 servabit,
812 3698 1119 3755 exurendos
1184 3696 1349 3760 idem,
1384 3710 1493 3749 non
1551 3708 1683 3749 vero
1716 3699 2056 3768 purgandos.
2098 3778 2101 3779 ν

256 3828 383 3885 AI".
422 3819 677 3893 -Πρός
722 3816 871 3880 τοὺς
936 3813 1233 3884 λέγοντας
1288 3812 1375 3881 μὴ
1437 3826 1513 3864 πε
1553 3809 1845 3880 ιγραπτὸν

706 3884 863 3943 εἶναι
891 3887 1015 3940 τὸν.
1037 3882 1297 3953 Χριστόν
1334 3828 1550 3953 [σπηνᾶ³

706 3884 863 3943 εἶναι
891 3881 1297 3953 τὸνῘΧριστόν
1334 3881 1509 3954 [σπη’.

344 3984 407 4038 ’0
463 3983 538 4055 μὴ
583 3975 963 4051 περιγραπτὸν
1016 3970 1162 4029 εἶναι
1210 3971 1464 4043 σώματος
1516 3972 1835 4043 χαρακτῆρι

2022 3815 2268 3874 XXXIII.
2302 3849 2371 3859 —-
2400 3820 2481 3876 Ad
2513 3836 2599 3875 eos
2616 3819 2707 3885 qui
2736 3821 2918 3873 dicunt
2952 3832 3054 3871 non
3099 3816 3463 3873 circumscribi

2585 3889 2881 3947 Christum.

2005 3978 2109 4045 Qui
2165 3979 2649 4049 circumscriptum
2698 3996 2823 4037 esse
2862 3981 3114 4051 corporis
3143 3980 3320 4037 forma
3360 3979 3526 4034 Chri-

258 4080 353 4134 τὸν
386 4073 623 4146 Χριστὸν
644 4073 821 4141 λέγων
840 4085 855 4099 ο
888 4066 1068 4141 εἱρμῷ
1091 4083 1203 4120 τινι
1232 4066 1453 4129 πάντως
1470 4064 1709 4136 φυσικῷ,
1740 4066 1821 4119 κα*

1935 4082 2079 4126 stum
2122 4081 2313 4143 negat;
2347 4074 2739 4129 consecutione
2767 4074 3003 4145 quadam
3034 4074 3259 4129 omnino
3287 4072 3531 4145 physica,

259 4168 539 4233 ἀποδείξει
589 4166 786 4235 λογικῇ
854 4161 1230 4233 κεχρημένος,
1292 4158 1393 4229 τὴν
1456 4158 1586 4226 περὶ
1640 4156 1821 4212 τούτοι

1935 4172 1990 4217 et
2014 4163 2480 4220 demonstratione
2516 4166 2714 4237 logica,
2747 4184 2902 4231 usus,
2938 4168 3081 4222 hanc
3119 4168 3187 4223 de
3233 4168 3341 4223 isto
3370 4178 3535 4235 argu-

260 4264 519 4319 ἔνστασιν
551 4258 869 4327 πεποίηται,
896 4257 977 4319 εἷς
1010 4253 1301 4325 βεϐαίωσιν
1329 4249 1588 4320 ἀληθείας
1618 4250 1710 4304 καὶ
1725 4250 1821 4304 δια-

1936 4264 2120 4310 mento
2146 4255 2465 4311 instantiam
2514 4258 2743 4328 protulit
2769 4259 2837 4314 ad
2870 4258 3357 4314 conﬁrmationem
3390 4258 3531 4312 veri-

262 4359 500 4429 σάφησιν
517 4353 631 4408 τῶν
656 4352 939 4423 ἀμυήτων.

1940 4348 2093 4413 tatis,
2121 4357 2175 4402 et
2203 4357 2264 4402 ut
2285 4348 2500 4418 profani
2531 4350 2784 4406 homines
2827 4350 3104 4406 manifesti
3132 4350 3286 4407 ﬁant.

335 4448 546 4505 Οὐκοῦν
579 4443 869 4517 παρελθὼν
916 4441 1238 4508 διδασκέτω,
1294 4442 1447 4505 ὅπως
1478 4440 1592 4513 ἔχει
1624 4441 1821 4511 φύσεως

2010 4441 2279 4499 Prodicus
2315 4446 2499 4514 itaque
2522 4444 2577 4498 iu
2613 4444 2877 4510 medium,
2911 4445 3107 4500 doceat
3140 4444 3298 4515 cujus
3331 4443 3403 4499 sit
3437 4458 3535 4497 na-

262 4546 295 4599 ὁ
326 4544 507 4612 λόγος,
539 4540 633 4594 καὶ
673 4538 759 4602 τίς
799 4537 832 4607 ἡ
876 4535 1027 4590 αἰτία
1080 4534 1181 4606 τῆς
1235 4534 1536 4607 ἀγραφίας.
1590 4535 1713 4588 Ὅτι
1763 4532 1821 4603 τιξ

1939 4542 2074 4589 turae
2102 4550 2306 4603 sermo,
2343 4544 2400 4591 et
2423 4550 2544 4606 qua:
2596 4552 2762 4593 causa
2809 4538 2900 4604 sit,
2952 4552 3052 4593 cur
3080 4535 3335 4592 Christus
3391 4535 3535 4605 pingi

262 4636 389 4691 καθ’
420 4635 565 4706 ἡμᾶς
596 4632 729 4686 εἴδει
758 4631 819 4684 οὐ
854 4628 1243 4701 μεμόρφωται;
1278 4628 1363 4683 ὅτι
1406 4626 1616 4690 ὀστέοις
1636 4625 1699 4680 τὸ
1731 4624 1809 4679 σῶ

1936 4639 2044 4680 non
2065 4626 2258 4696 possit.
2288 4628 2371 4681 An
2422 4629 2569 4699 quod
2614 4645 2719 4685 non
2752 4640 2837 4685 est
2864 4630 2931 4684 ad
2988 4628 3404 4685 similitudinem
3434 4642 3534 4683 no-

265 4746 346 4801 μα
392 4727 455 4781 ού
517 4724 865 4793 διείληπται;
912 4721 995 4774 ὅτι
1039 4719 1333 4790 βλεφάροις
1366 4718 1462 4774 καὶ
1511 4718 1710 4790 ὀφρύσι
1741 4718 1821 4771 τὰρ

1949 4726 2116 4776 stram
2152 4719 2482 4776 informatus
2510 4722 2534 4775 ?
2567 4723 2713 4792 quod
2750 4739 2950 4793 corpus
2978 4725 3028 4779 ei
3053 4738 3163 4777 non
3192 4730 3276 4779 est
3299 4721 3535 4777 divisum

260 4819 498 4884 ὀπτικάς
530 4818 698 4888 κόρας
730 4815 833 4869 οὐκ
863 4814 1243 4884 ὲφήρμοσταις
1275 4813 1356 4866 ὅτι
1398 4812 1505 4865 ὠσὶ
1551 4811 1681 4875 τοὺς
1726 4812 1821 4865 ἑλι-

1950 4809 2169 4865 ossibus
2195 4810 2219 4863 ?
2246 4812 2392 4881 quod
2428 4813 2661 4883 pupillas
2680 4814 2965 4870 oculorum
3001 4830 3109 4870 non
3144 4814 3307 4870 habet
3338 4814 3531 4885 palpe-

262 4912 497 4975 κοειδεϊς
526 4909 730 4980 πόρους
771 4907 832 4961 ού
862 4906 1156 4960 τετόνωται
1177 4921 1193 4971 ;
1216 4904 1299 4958 ὅτι
1333 4906 1445 4977 ῥισὶ
1464 4903 1574 4957 τῶν
1604 4905 1815 4976 ὁσφραν

1948 4899 2063 4956 bris
2091 4902 2385 4960 instructas
2421 4920 2485 4961 ac
2508 4906 2819 4977 superciliis
2846 4909 2870 4962 ?
2898 4908 3044 4979 quod
3073 4922 3234 4963 aures
3263 4922 3376 4963 non
3399 4919 3532 4961 sunt

260 5004 373 5059 τῶν
421 5001 843 5072 ἀντιλαμϐάνειν
898 5000 998 5053 οὐκ
1039 4997 1398 5071 ηύθείασταις
1453 4999 1535 5051 ὅτι
1588 4998 1821 5069 παρειαῖι

1947 4992 2192 5052 sinuosis
2223 5006 2520 5069 compactae
2548 4999 2855 5055 meatibus?
2904 4999 3048 5070 quod
3090 5016 3195 5055 non
3255 5008 3384 5054 sunt
3412 5009 3536 5068 apte

262 5095 512 5169 ἠϐώσαις
570 5094 670 5148 οὒκ
705 5092 1040 5164 ὲξήρτηται;
1076 5092 1161 5145 ὃτι
1203 5091 1433 5161 στόματι
1468 5089 1565 5144 καὶ
1604 5089 1821 5163 γλώττῃ

1946 5086 2265 5155 compositae
2299 5105 2462 5145 nares
2487 5090 2552 5146 ad
2572 5090 2950 5162 percipiendas
2979 5091 3178 5147 odores
3203 5090 3228 5145 ?
3250 5090 3395 5161 quod
3422 5106 3531 5147 nou

262 5189 473 5262 χείλεσί
501 5204 562 5241 τε
611 5187 707 5239 καὶ
762 5185 997 5250 ὀδοῦσιν,
1028 5186 1090 5239 ού
1137 5183 1456 5246 διείλεκται,
1498 5182 1752 5255 βέϐρωκε
1782 5199 1821 5235 τι

1943 5183 2029 5233 est
2054 5178 2479 5248 pubescentibus
2505 5182 2657 5253 genis
2681 5182 3016 5238 instructus?
3032 5179 3178 5252 quod
3194 5196 3311 5247 ore,
3334 5181 3534 5247 lingua.

259 5264 364 5336 ita}.
406 5278 696 5347 πέπωκεν;
749 5276 833 5329 ὅτι
882 5273 1070 5346 ὤμων,
1102 5272 1197 5328 καὶ
1231 5271 1471 5337 ὠλενῶν,
1520 5273 1617 5325 καὶ
1641 5270 1821 5342 χειρῶε

1946 5266 2107 5322 labiis
2138 5268 2527 5341 dentibusque,
2562 5287 2661 5328 nec
2687 5289 2875 5328 vocem
2899 5274 3143 5345 protulit,
3170 5285 3270 5329 nec
3302 5272 3533 5329 comedit

264 5369 550 5443 περιθέσει
575 5369 636 5423 οὐ
662 5367 1015 5433 διέπλασται;
1046 5367 1129 5421 ὅτι
1162 5367 1365 5438 στέρνα
1400 5362 1550 5435 αύτῷ
1582 5364 1675 5419 καὶ
1702 5364 1821 5418 νῶτι

1958 5367 2053 5414 aut
2082 5359 2259 5416 bibit?
2287 5364 2432 5433 quod
2466 5378 2573 5419 non
2613 5373 2697 5421 est
2726 5366 2992 5428 humeris,
3029 5375 3083 5422 et
3118 5366 3283 5433 ulnis,
3323 5374 3379 5423 et
3417 5381 3537 5420 ma-

267 5464 369 5519 σὺν
396 5464 625 5534 κνημῖσι
647 5462 744 5515 καὶ¹
787 5460 948 5515 ποσὶν
976 5459 1463 5529 ούκ.ὲμπέφυκεν;
1494 5459 1577 5512 ὅτι
1600 5457 1820 5528 παράτα

1960 5450 2122 5507 nibus
2152 5452 2546 5510 circumductis
2577 5456 2951 5513 conformatus
2979 5457 3002 5511 ?
3028 5458 3173 5527 quod
3216 5472 3319 5513 nec
3346 5466 3537 5527 pectus

263 5573 354 5610 σιν
396 5555 657 5627 χρονικὴν
704 5554 846 5607 κατά
896 5552 1184 5624 προκοπὴν
1241 5552 1339 5606 καὶ
1369 5551 1600 5622 αὔξησιν
1628 5550 1817 5620 ἡλικία

1957 5541 2007 5596 ei
2049 5558 2148 5599 nec
2172 5543 2395 5600 dorsum
2418 5586 2433 5609 ,
2466 5563 2589 5603 cum
2637 5548 2889 5605 cruribus
2923 5550 3259 5620 pedibusque
3280 5589 3296 5614 ,
3332 5549 3474 5605 inest
3506 5564 3533 5603 a

266 5646 371 5699 οὐκ
394 5645 656 5715 είληερενς
688 5644 773 5697 ὅτι
803 5643 1019 5713 κίνησις
1044 5642 1194 5713 αὐτῷ
1218 5643 1545 5713 πορευτικὴ,
1572 5643 1607 5713 ἡ
1645 5641 1782 5704 ἀνω,
1812 5643 1845 5710 ή

268 5737 443 5801 κάτω,
474 5736 509 5804 ἡ
544 5736 721 5803 ὲντὸς,
781 5738 815 5807 ἡ
857 5733 1034 5797 ἐκτὸς,
1087 5734 1122 5807 ἠ
1177 5732 1351 5800 δεξιὰ,
1408 5734 1442 5803 ἡ
1496 5730 1782 5803 ἀριστερὰ,
1816 5732 1849 5799 ή

271 5826 671 5899 κυκλοφορικὴ,
731 5828 793 5881 οὐ
854 5826 1335 5897 συνεκπέφανται;
1389 5826 1471 5880 ὅτι
1530 5824 1718 5887 κόποις
1755 5824 1851 5875 καὶ

342 5942 388 5973 ⁸⁸
417 5938 605 5995 Matth.
641 5956 693 6004 x,
719 5940 807 5997 28.

1961 5644 2158 5693 natura
2186 5638 2210 5691 ἲ
2236 5639 2385 5709 quod
2416 5656 2707 5712 progressu
2741 5643 3003 5713 temporis
3037 5657 3148 5697 non
3204 5652 3289 5699 est
3330 5648 3535 5713 proce—

1960 5727 2075 5783 rior
2100 5728 2296 5797 faetus,
2335 5732 2491 5803 juxta
2528 5749 2843 5804 processum
2878 5728 2942 5791 et
2963 5735 3361 5791 incrementum
3409 5746 3539 5792 arta—

1959 5820 2031 5878 tis
2058 5822 2082 5876 ?
2107 5825 2251 5896 quod
2284 5828 2464 5887 nullus
2510 5828 2557 5886 ei
2590 5829 2656 5885 ad
2689 5830 2960 5887 incessum
2995 5839 3200 5897 motus,
3227 5844 3416 5901 supra,
3448 5829 3539 5885 in-
