4164 6510
682 407 818 503 tam

1874 407 1933 465 S.
1974 403 2366 464 THEODORI
2395 402 2741 463 STUDITE

3800 395 3948 459 1208

679 524 783 583 fra.
817 520 976 584 intra,
1037 528 1210 582 extra,
1246 517 1619 582 dextrorsum,
1656 516 2060 580 sinistrorsum,
2088 516 2143 570 in
2175 529 2265 569 or-

2374 511 2651 582 ἀχθηδὸσι,
2683 511 2916 573 καὶτοῖς
2962 508 3141 572 ἄλλοις
3189 504 3537 575 ἀδιαὸλήτοις
3583 503 3848 569 πάθεσιν,
3881 507 3948 559 οὐ

678 614 800 669 bem
819 656 837 677 ,
866 612 1239 682 deprehensus
1267 609 1390 666 est?
1430 609 1571 679 quod
1608 609 1886 665 laboribus
1914 624 1979 664 ac
2002 608 2268 665 molestiis

676 704 909 773 aliisque
940 702 1340 767 affectionibus,
1368 718 1489 772 qua:
1536 702 1694 770 culpa
1750 710 1965 765 vacant,
1996 701 2267 756 obnoxius

680 812 790 853 non
836 797 987 862 fuit;
1060 796 1255 865 capitis
1297 810 1512 850 comam
1564 794 1814 850 nutriens
1844 834 1860 858 .
1921 803 1975 850 et
2024 795 2265 850 vestibus

680 891 998 945 universum
1029 904 1229 959 corpus
1253 888 1514 943 obvelans
1543 888 1567 941 ?
1599 887 1692 941 Sin
1712 898 1893 942 autem
1931 887 1984 941 in
2010 888 2264 942 confesso

678 990 764 1035 est
813 979 990 1033 visum
1018 978 1073 1034 in
1096 978 1181 1034 his
1213 994 1335 1048 qua:
1381 977 1703 1046 collegimus
1749 977 2024 1030 hominem
2054 992 2263 1042 verum,

680 1069 839 1135 cujus
866 1068 982 1123 fieri
1010 1068 1302 1123 delineatio
1327 1068 1499 1136 possit
1526 1067 1705 1135 quoad
1741 1064 1973 1120 formam
2009 1080 2266 1135 corpora-

683 1164 785 1216 lem
820 1204 837 1228 ,
873 1177 1149 1232 veraxque
1209 1162 1441 1230 pictura,
1480 1161 1599 1214 sine
1630 1172 1739 1228 qua
1771 1172 1871 1212 nec
1899 1166 2150 1211 constare
2180 1157 2267 1211 ul-

680 1254 793 1305 lum
834 1265 1035 1321 corpus
1086 1250 1453 1319 compositum
1502 1248 1719 1317 possit:
1789 1246 2059 1316 siquidem
2118 1253 2265 1300 tactu

680 1352 736 1396 et
767 1342 951 1396 colore
1009 1341 1325 1396 continetur
1356 1358 1368 1392 :
1407 1354 1528 1409 qua:
1558 1339 1752 1409 ingens
1781 1338 1871 1392 illa
1912 1339 2127 1393 caecitas
2159 1347 2264 1407 est,

683 1434 963 1504 impiaque
1010 1433 1317 1497 altercatio,
1359 1442 1419 1486 ut
1449 1431 1754 1495 Christum,
1792 1428 1887 1500 qui
1947 1430 2104 1486 nobis
2134 1445 2267 1485 con-

682 1525 1065 1580 substantialis
1113 1524 1386 1594 apparuit,
1418 1540 1483 1578 ac
1514 1538 1611 1593 per
1640 1522 1822 1577 omnia
1854 1521 2067 1585 similis,
2121 1523 2266 1593 pingi

682 1631 790 1669 non
826 1630 989 1685 posse
1014 1615 1352 1671 contendat?
1384 1612 1674 1680 Quomodo
1710 1626 1858 1674 vero,
1887 1624 1953 1664 eo
2010 1620 2267 1679 pereunte

682 1708 827 1774 quod
861 1708 1008 1778 pingi
1042 1714 1239 1777 potest,
1270 1721 1380 1760 non
1413 1719 1516 1758 una
1552 1705 1729 1773 perire
1775 1718 1999 1757 necesse
2026 1713 2111 1759 est
2173 1720 2267 1759 co-

2367 604 2755 658 συνουσίωταιο
2786 603 2932 674 θριξὶ
2960 601 3061 673 τὴν
3093 600 3336 670 κεφαλὴν
3367 596 3578 667 κομῶν,
3611 596 3711 651 καὶ
3742 598 3953 667 χιτῶσι

2364 696 2426 752 τὸ
2463 695 2583 749 ὅλον
2613 696 2773 765 σῶμα
2810 693 3180 764 σκεπόμενος;
3211 692 3274 744 Et
3310 691 3367 743 δὲ
3398 693 3455 744 ὲν
3497 690 3714 751 τούτοις
3746 687 3956 757 ὁμολο-

2364 789 2648 859 γουμένως
2675 781 2878 850 ὦπται,
2913 780 2989 841 ὧν
3020 786 3054 857 ἡ
3089 785 3355 853 ἄθροισις,
3386 782 3674 852 ἄνθρωπος
3707 778 3952 849 ἀληθὴς,

2366 883 2457 935 καὶ
2489 874 2548 933 οὗ
2575 883 2608 951 ἠ
2650 878 2794 933 κατά
2834 879 2927 932 τὸν
2960 876 3276 947 σωματικὸν
3320 874 3648 945 χαρακτῆρα
3678 870 3956 935 ὲξεικόνι-

2366 989 2471 1034 σις,
2502 971 2706 1040 γραφὶς
2757 968 3030 1039 ἀψευδής·
3064 969 3157 1021 καί
3209 961 3278 1038 ἦς
3314 967 3446 1019 ἀνευ
3490 964 3613 1017 οὐδὲ
3671 962 3955 1032 συστῆναι

2366 1065 2475 1117 πᾶν
2520 1061 2678 1132 σῶμα
2737 1060 2995 1115 σύνθετον
3044 1054 3156 1113 οἷόν
3224 1073 3320 1111 τε·
3376 1055 3537 1128 εἴπερ
3595 1056 3654 1107 ὲν
3695 1055 3813 1125 ἀφῇ
3856 1055 3957 1108 καὶ

2365 1155 2523 1223 χροιᾷ
2557 1153 2619 1206 τὸ
2646 1152 2924 1205 τοιοῦτον⁶
2955 1151 3040 1215 τίς
3078 1152 3112 1220 ἠ
3170 1150 3311 1218 ἄγαν
3353 1146 3627 1215 τυφλότης
3658 1145 3757 1199 καὶ
3787 1144 3959 1208 ἄθεος

2366 1244 2484 1313 ἔρις
2508 1281 2524 1306 ,
2575 1243 2668 1295 τὸν
2702 1242 2837 1311 ἡμῖν
2878 1239 3166 1311 ὀμοούσιον
3221 1238 3316 1292 καὶ
3340 1238 3528 1308 ὅμοιον
3579 1236 3727 1289 κατὰ
3761 1234 3957 1288 πάντα

2368 1331 2681 1403 πεφηνότα,
2715 1330 3000 1401 ἀγραπτον
3051 1326 3289 1399 Χριστὸν
3320 1326 3535 1395 λέγειν;
3588 1317 3729 1390 Πῶς
3760 1324 3825 1378 δὲ
3859 1326 3959 1379 καὶ⁵

2364 1422 2458 1477 τοῦ
2491 1421 2747 1495 γραπτοῦ
2778 1421 3091 1492 οἰχομένου,
3118 1420 3179 1502 οὐ
3207 1420 3591 1490 συνοιχήσεται
3625 1417 3855 1471 ἄπαντα
3886 1415 3960 1469 τά

2368 1516 2629 1586 σύστοιχα
2672 1512 2973 1585 ἱδιὼματα;
3009 1512 3075 1566 Ἥ
3101 1512 3213 1584 γὰρ
3248 1512 3475 1582 ἰδιότης,
3501 1511 3731 1580 φησὶνὸ
3754 1507 3962 1562 Θεολόο

2364 1626 2482 1678 γος,
2536 1609 2818 1679 ἀκίνητος,
2854 1608 2888 1678 ἦ
2924 1605 3043 1671 πῶς
3091 1606 3243 1677 μένοι
3292 1605 3490 1672 ίδιότης
3516 1602 3821 1673 κινουμένη
3858 1601 3956 1653 καὶ

2368 1702 2823 1773 μεταπίπτουσας
2858 1701 3081 1753 εξπάτω
3104 1700 3132 1752 δ
3159 1697 3562 1764 ἀντικείμενος.

684 1814 879 1869 gnatas
923 1817 1117 1857 omnes
1148 1799 1558 1871 proprietates?
1587 1797 1683 1852 Est
1712 1798 1858 1851 enim
1908 1798 2266 1854 immutabilis
2306 1799 2631 1868 proprietas,
2694 1796 2771 1852 ait
2835 1792 3190 1865 Thcologus;
3235 1799 3330 1847 aut
3356 1789 3632 1860 quomodo
3667 1794 3960 1861 permanet

685 1902 892 1948 mutata
925 1905 1367 1959 evanescensque
1394 1882 1705 1960 proprietas
1733 1890 1755 1941 ?
1789 1888 2137 1961 Respondeat
2166 1892 2540 1948 adversarius.

1056 2004 1300 2061 XXXIV.
1344 2035 1413 2047 —
1459 2002 1765 2061 Naucratio
1798 2004 1932 2073 ﬁlio.

2686 2006 2807 2058 ΛΔ’.
2845 2001 3016 2075 [ΤΕ’.]
3044 2032 3113 2043 -
3146 1998 3496 2067 Ναυκρατίῳ
3520 1995 3733 2064 τέκνῳ.

807 2102 1014 2152 Carcere
1052 2101 1297 2149 inclusum
1321 2099 1641 2149 cohortatur:
1679 2107 1799 2158 tum,
1824 2113 1936 2161 quae
1969 2106 2021 2149 et
2046 2099 2154 2162 ipse
2178 2103 2226 2150 in
2260 2113 2349 2149 suo
2395 2110 2594 2149 carcere
2629 2104 2904 2161 pateretur,
2939 2094 3164 2151 exponit.
3192 2095 3393 2158 (Barou.
3429 2105 3511 2141 an.
3544 2090 3730 2149 8l6,n.
3756 2088 3835 2151 8.)

794 2208 1249 2278 Quidjucundius
1306 2211 1497 2265 audire
1527 2227 1625 2279 ego
1666 2222 1918 2282 peccator
1963 2222 2207 2282 poteram
2246 2254 2262 2279 ,

2437 2212 2503 2265 Τί
2530 2210 2725 2264 τούτου
2754 2210 3132 2281 χαριέστερον,
3162 2206 3259 2260 τοῦ
3279 2204 3511 2261 ἀκοῦσαί
3539 2220 3604 2275 με
3632 2204 3727 2255 τὸν
3760 2202 3960 2271 ἀμαρ-

685 2318 850 2371 quam
878 2312 929 2355 te
958 2302 1216 2355 dilectum
1256 2303 1423 2358 lilium
1479 2320 1683 2370 meum,
1720 2320 1845 2358 cum
1902 2305 2024 2361 aliis
2058 2315 2265 2375 septem

689 2393 950 2448 fratribus
983 2392 1110 2453 tuis,
1141 2409 1361 2461 quarunt
1394 2395 1608 2446 numina
1643 2405 1765 2446 sunt
1796 2395 1849 2447 in
1866 2394 1999 2449 libro
2035 2396 2155 2450 vita:
2184 2398 2231 2429 "
2252 2440 2268 2463 ,

689 2500 787 2554 pro
814 2482 1034 2537 Christo
1056 2484 1262 2550 optimo
1286 2482 1395 2536 Deo
1420 2494 1607 2536 nostro
1632 2484 1816 2554 flagris
1842 2502 2042 2541 caesum
2064 2486 2271 2543 fuisse?

688 2576 833 2631 Laus
855 2574 905 2628 ei
945 2574 1039 2643 qui
1074 2590 1172 2631 vos
1205 2576 1416 2627 vocavit
1465 2576 1531 2628 ad
1562 2577 1967 2633 confessionem
2021 2580 2271 2634 veritatis

688 2683 803 2723 sure
833 2688 847 2721 :
878 2666 998 2719 laus
1033 2666 1082 2719 ei
1108 2666 1200 2735 qui
1235 2666 1581 2722 honorandas
1636 2672 1850 2724 animas
1883 2680 2091 2726 vestras
2148 2689 2271 2727 cor-

688 2758 990 2821 roboravit,
1020 2766 1080 2811 ut
1102 2766 1229 2809 ante
1255 2757 1397 2812 alios
1423 2768 1702 2813 certamen
1748 2760 1989 2814 subirent
2026 2780 2037 2815 :
2075 2773 2135 2817 ut
2164 2780 2271 2817 non

691 2847 1145 2911 reformidarent,
1172 2862 1271 2901 nec
1306 2846 1622 2915 refugerent
1652 2865 1681 2901 a
1733 2862 2029 2919 conspectu
2088 2854 2271 2923 impii,

690 2940 786 2993 sed
834 2936 1122 3009 pulchram
1185 2935 1585 2991 confessionem
1655 2950 1886 2995 vestram
1937 2941 2171 3007 obirent,
2223 2953 2276 2998 et

690 3042 909 3100 propter
934 3045 1055 3085 eam
1078 3030 1304 3085 dorsum
1354 3031 1672 3086 verberibus
1702 3048 1829 3086 cum
1884 3033 2107 3089 Christo
2138 3052 2275 3105 pra:-

691 3123 905 3179 berent.
959 3119 1073 3176 Vos
1138 3123 1345 3178 chorus
1403 3125 1543 3179 alius
1593 3125 1959 3182 confessionis
2021 3128 2275 3183 Ecclesia:

694 3210 787 3266 Dei
834 3210 1031 3280 adjecti
1070 3211 1237 3267 estis:
1267 3228 1365 3266 vos
1412 3212 1771 3269 fraternitatis
1808 3216 1862 3268 in
1909 3215 2127 3271 Christo
2156 3218 2273 3288 glo-

693 3303 835 3355 riam
896 3302 1147 3355 auxistis.
1203 3301 1353 3356 Beati
1402 3303 1648 3367 omnino,
1680 3305 1859 3359 dilecti
1925 3307 2053 3369 mei,
2090 3318 2145 3361 et
2195 3318 2277 3362 ter

694 3393 835 3449 beati
861 3412 875 3448 :
906 3395 1036 3462 quin
1070 3403 1125 3447 et
1158 3393 1301 3448 beati
1332 3405 1550 3449 ventres
1590 3397 1682 3464 qui
1718 3397 1771 3449 in
1829 3398 2002 3452 lucem
2028 3415 2125 3453 vos
2158 3401 2275 3455 edi-

692 3486 913 3541 derunt.
946 3485 1099 3552 Quod
1126 3487 1173 3541 si
1206 3487 1273 3541 de
1302 3503 1387 3540 me
1415 3488 1617 3557 aliquid
1646 3490 1808 3543 etiam
1840 3491 2129 3546 dicendum
2154 3502 2274 3560 est;

2369 2301 2560 2367 πολὺν,
2577 2304 2772 2370 ὅτιπερ
2811 2301 2876 2354 σὺ
2910 2302 2939 2353 ό
2970 2298 3257 2368 ἀγαπητός
3288 2314 3389 2367 μου
3428 2297 3564 2359 υίὸς,
3596 2293 3717 2365 μεθ’
3750 2293 3959 2362 ἑτέρων

2371 2394 2512 2449 ἐπτά
2535 2393 2783 2464 ἀδελῲῶν
2813 2409 2932 2458 σου,
2952 2384 3041 2444 ὧν
3076 2392 3149 2445 τὰ
3170 2390 3435 2458 ὀνόματα
3460 2387 3531 2440 ἐν
3558 2387 3755 2452 βίϐλῳ
3779 2382 3957 2450 ζωῆς,

2371 2484 2747 2556 ὲμαστίχθητε
2779 2484 2919 2555 ὑπὲρ
2942 2481 3181 2555 Χριστοῦ
3210 2480 3309 2535 τοῦ
3347 2478 3557 2549 ἀγαθοῦ
3591 2479 3752 2548 ἡμῶν
3774 2475 3953 2542 Θεοῦς

2372 2574 2511 2641 Δόξα
2562 2575 2642 2647 τῷ
2690 2574 2987 2629 καλέσαντι
3035 2573 3182 2645 ὑμᾶς
3242 2573 3323 2637 είς
3369 2572 3470 2642 τὴν
3514 2567 3817 2638 ὁμολογίαν
3857 2568 3957 2638 τῆς

2372 2667 2636 2739 ἀληθείας
2664 2665 2832 2720 αὑτοῦ
2870 2684 2883 2696 ·
2914 2666 3044 2733 δόξα
3073 2664 3152 2737 τῷ
3195 2661 3602 2733 σταθερὼσαντι
3630 2660 3733 2724 τὰς
3765 2659 3957 2730 τιμίας

2374 2760 2529 2831 ὑμῶν
2566 2760 2746 2832 ψυχὰς
2789 2759 2899 2813 τῶν
2934 2758 3113 2817 ἄλλων
3151 2752 3609 2827 προκινδυνεῦσαι
3650 2754 3734 2817 είς
3777 2753 3843 2805 τὸ
3881 2751 3955 2822 μὴ

2375 2854 2601 2921 πτῆξαι,
2634 2854 2770 2925 μηδὲ
2798 2852 3155 2922 ὑποχωρῆσαι
3194 2848 3303 2903 ἀπὸ
3350 2845 3647 2920 προσώπου
3679 2845 3775 2899 τοῦ
3812 2845 3951 2898 ἀλά-

2379 2962 2570 3017 στορος
2601 2962 2615 2975 ο
2673 2943 2813 2997 ἀλλά
2848 2942 2951 3013 τὴν
3007 2940 3179 3011 καλὴν
3208 2937 3363 3009 ὑμῶν
3413 2935 3711 3007 ὁμολογίαν
3758 2937 3957 3005 ὁμολο-

2376 3035 2551 3105 γῆσαι
2572 3074 2588 3099 ,
2620 3035 2716 3089 καὶ
2740 3034 2828 3087 διά
2859 3032 3071 3101 ταύτην
3105 3032 3204 3085 σὺν
3248 3029 3472 3100 Χριστῷ
3503 3028 3683 3085 δοῦναι
3714 3028 3807 3080 τὸν
3850 3027 3955 3081 vib—

2376 3142 2468 3179 τον
2494 3127 2575 3189 εἰς
2611 3127 2908 3197 μάστιγας.
2954 3122 3333 3195 Προσετέθητε
3365 3120 3529 3192 χορὸς
3558 3118 3722 3183 ἀλλος
3752 3117 3952 3188 ὁμολο-

2377 3220 2504 3288 γίας
2550 3220 2617 3289 τῇ
2670 3216 2969 3289 Ἐκκλησία
3012 3215 3108 3269 τοῦ
3142 3214 3301 3269 Θεοῦ.
3358 3212 3647 3285 Ηύξήσατε
3688 3211 3752 3271 τὸ
3796 3210 3954 3273 κλέος

2379 3311 2479 3380 τῆς
2508 3310 2569 3363 ὲν
2612 3308 2836 3381 Χριστῷ
2882 3308 3268 3378 ἀδελφότητος.
3313 3305 3597 3374 Μακάριοι
3620 3302 3815 3367 ὅντως,
3850 3319 3947 3356 πο-

2380 3401 2534 3471 θητοί
2560 3419 2687 3473 μου,
2713 3402 2808 3455 καὶ
2837 3400 3255 3473 τρισμακάριοι.
3300 3398 3569 3471 μακάριαι
3616 3397 3714 3451 καὶ
3745 3398 3801 3449 αἱ
3832 3413 3947 3449 κοι-

2380 3494 2528 3557 λίαι,
2561 3493 2618 3547 αἳ
2662 3496 2744 3557 εἰς
2810 3495 2927 3564 φῶς
2984 3495 3130 3565 ὑμᾶς
3172 3494 3403 3563 ἡγαγον.
3444 3489 3589 3546 Et“
3617 3508 3671 3543 τι
3700 3490 3955 3560 καὶπερὶ

695 3581 888 3635 beatus
912 3593 1013 3651 ego
1041 3594 1259 3650 quoque
1282 3579 1468 3635 infelix
1500 3596 1565 3635 ac
1636 3584 1821 3643 miser.
1854 3588 1947 3656 qui
2002 3596 2273 3642 tantorum

2384 3554 2548 3657 ἐμοῦ·
2586 3554 2857 3659 μακάριος
2904 3554 3060 3653 κάγὼ
3190 3554 3568 3654 ἀίμακάριςτος
3607 3582 3703 3635 καὶ
3729 3554 3915 3645 ἄθλιος

698 3674 862 3727 audio
893 3682 1045 3742 pater
1072 3674 1330 3738 filiorum,
1366 3674 1455 3727 Dei
1484 3676 1718 3729 filiorum
1737 3687 1791 3731 et
1821 3678 2095 3734 lueredutn
2122 3682 2280 3735 Cbri-

695 3766 786 3819 sti.
821 3764 1107 3830 Quodnam
1172 3764 1278 3819 hoc
1312 3768 1569 3836 gaudium
1602 3768 1624 3820 ?
1670 3772 1865 3823 Annon
1904 3773 2050 3825 omni
2082 3774 2279 3840 gaudio

696 3858 1072 3911 delectabilius
1093 3857 1115 3909 ?
1137 3857 1397 3923 Quantam
1420 3859 1589 3927 gloria
1626 3860 1740 3913 haec
1762 3860 1784 3912 ?
1803 3862 1997 3915 Annon
2028 3863 2277 3919 diadema

698 3947 1028 4013 gestantium
1066 3949 1237 4017 gloria
1294 3951 1618 4016 mirabilior,
1654 3951 1793 4006 ferre
1829 3954 2081 4023 stigmata
2119 3955 2278 4010 Chri-

698 4038 769 4092 sti
794 4056 810 4093 :
840 4038 1081 4093 viviticas
1112 4040 1233 4109 ejus
1277 4042 1579 4109 passiooes,
1606 4058 1701 4097 ceu
1725 4044 1997 4098 coronas?

804 4214 896 4268 Sic
930 4214 1095 4283 igitur
1119 4226 1297 4271 vestra
1330 4232 1389 4271 se
1421 4217 1645 4283 habent,
1672 4234 1795 4289 quae
1822 4228 1878 4273 et
1908 4220 2109 4275 caelum
2154 4220 2277 4275 lau-

698 4306 869 4373 davit,
901 4316 956 4361 et
994 4316 1141 4362 terra
1192 4308 1421 4364 audivit.
1471 4309 1665 4366 Nostra
1713 4327 1844 4367 vero
1890 4314 2093 4369 nullius
2149 4322 2281 4369 sunt

698 4399 982 4462 momenti,
1017 4409 1071 4453 et
1104 4400 1261 4470 plena
1290 4402 1551 4471 peccatis,
1579 4404 1760 4472 qualia
1798 4406 2055 4460 nimirum
2080 4406 2277 4461 Adria-

702 4507 805 4545 nus
862 4491 1028 4544 frater
1055 4492 1327 4545 nuntiavit
1356 4510 1371 4546 :
1404 4495 1630 4548 omnino
1661 4496 1806 4549 enim
1846 4498 2030 4552 salvus
2079 4500 2273 4553 evasit.

699 4582 855 4647 Quod
904 4584 951 4638 si
980 4583 1109 4651 quid
1144 4583 1303 4653 adjici
1335 4595 1586 4653 oporteat
1616 4604 1630 4641 :
1670 4586 1784 4642 haec
1817 4603 2036 4659 quoque
2063 4589 2277 4646 indica-

704 4677 901 4729 bimus.
939 4676 1070 4733 Post
1099 4675 1512 4731 dilaniationem
1566 4678 1909 4734 incluserunt
1961 4696 2061 4736 nos
2113 4682 2277 4738 ambo

700 4770 753 4817 in
780 4764 1003 4819 sublimi
1028 4765 1167 4831 loco,
1198 4766 1423 4835 januam
1458 4769 1803 4825 obstrucntes
1837 4781 1950 4837 :et,
1973 4772 2135 4828 scalis
2189 4789 2275 4829 re-

2384 3681 2467 3734 ὅτι
2496 3680 2835 3750 τηλικούτων
2872 3677 3079 3742 ἀκούω,
3127 3676 3318 3745 Πατὴρ
3363 3674 3595 3741 τέκνων,
3630 3673 3767 3727 Θεοῦ
3802 3675 3953 3737 υἱῶν,

2385 3775 2478 3826 καὶ
2510 3771 2864 3842 κληρονόμων
2913 3766 3175 3839 Χριστοῦ.
3212 3767 3312 3831 Τίς
3353 3769 3387 3837 ὴ
3419 3767 3569 3838 χαρά
3615 3766 3798 3840 αῦτης
3843 3768 3955 3821 ἀλλ’

2383 3864 2504 3933 οὐχ).
2531 3865 2716 3933 πάσης
2737 3862 2912 3933 χαρᾶς
2960 3858 3350 3932 θυμηρεστέρα
3379 3877 3397 3927 ;
3437 3858 3534 3923 Τίς
3565 3859 3761 3929 ήδόξα
3782 3860 3953 3932 αῦτη;

2382 3955 2498 4011 ἀλλ’
2526 3955 2647 4023 οὐχὶ
2700 3954 2810 4007 τῶν
2836 3952 2906 4008 τά
2946 3952 3270 4023 διαδήματι»
3292 3950 3607 4022 φορούντων
3637 3951 3956 4020 θαυμασιω-

2382 4048 2541 4115 τέρα,
2571 4046 2848 4115 στίγματα
2903 4046 3094 4116 φέρειν
3140 4044 3235 4099 τοῦ
3267 4044 3532 4116 Χριστοῦ,
3601 4045 3672 4098 τά
3718 4044 3955 4110 (ammte

2383 4137 2548 4191 αὑτοῦ
2578 4137 2757 4208 πάθη.
2788 4137 2865 4201 ὡς
2899 4137 3104 4209 mea:

2454 4226 2643 4292 Οῦτως
2690 4228 2787 4297 μὶν
2840 4223 2934 4281 οὖν
2984 4228 3085 4290 τὰς
3131 4225 3257 4280 καθ’
3300 4227 3491 4296 ὑμᾶς’
3534 4227 3572 4282 ἀ
3600 4228 3693 4281 καὶ
3724 4228 3952 4299 οὐρανὸς

2386 4323 2581 4393 ᾔνεσε,
2630 4320 2725 4375 καὶ
2758 4322 2829 4392 γῆ
2878 4320 3202 4391 ἠκουτίσθη.
3255 4321 3337 4374 Τά
3383 4320 3440 4374 δὲ
3491 4320 3741 4393 ἡμέτερα
3786 4322 3952 4392 μηδασ

2388 4416 2519 4485 μινά
2547 4415 2641 4468 καὶ
2666 4414 2971 4485 ἀμαρτωλά
2994 4431 3011 4445 ο
3038 4413 3181 4483 πλὴν
3209 4411 3285 4476 ὡς
3312 4413 3649 4483 ἀπήγγειλεν
3676 4416 3702 4467 ὁ
3728 4416 3948 4484 ἀδελνρδς

2397 4508 2675 4577 Ἀδριανός
2696 4524 2709 4539 ·
2753 4508 2975 4569 πάντως
2999 4507 3110 4575 γάρ
3150 4504 3559 4560 ἀποσέσωσται.
3593 4506 3657 4559 El
3688 4507 3745 4559 δέ
3770 4526 3822 4559 τι
3847 4508 3949 4562 δέοι

2383 4601 2479 4651 καὶ
2523 4597 2874 4670 προσθεῖναι,
2911 4596 3082 4650 ταῦτα
3133 4597 3229 4651 καὶ
3281 4595 3618 4667 δηλώσομεν.
3669 4598 3826 4651 Μετά
3866 4601 3949 4653 τὸν

2382 4691 2591 4761 δαρμδν
2619 4688 2871 4745 ἔκλεισαν
2909 4691 3061 4756 ἡμᾶς
3091 4688 3220 4752 τοὺς
3255 4688 3349 4741 δύο
3378 4689 3459 4751 είς
3490 4688 3752 4757 ἀνώγεων
3773 4731 3789 4752 ,
3824 4692 3948 4743 ἀνα-

2384 4782 2694 4851 φράξαντες
2745 4781 2845 4853 τὴν
2874 4779 3069 4852 θύραν,
3111 4781 3207 4834 καὶ
3254 4782 3488 4852 ἄραντες
3540 4782 3639 4852 τὴν
3672 4781 3945 4851 κλίμακα·

700 4860 884 4920 motis.
923 4859 1090 4913 additi
1117 4862 1694 4933 suntcircumquaque
1727 4867 2001 4930 custodes,
2039 4882 2107 4920 ne
2151 4868 2273 4937 quis

2386 4875 2648 4929 κυκλόθεν
2678 4874 2919 4945 φύλακες
2942 4891 2957 4904 ·
2979 4876 3067 4945 -μή
3110 4876 3193 4937 τίς
3241 4892 3344 4928 που
3394 4874 3546 4948 θίγῃ,
3578 4876 3713 4946 μηδὲ
3745 4876 3947 4949 ἅψηται

701 4950 927 5020 propius
951 4951 1195 5013 accedat,
1225 4956 1611 5023 contingatque
1659 4956 2018 5011 domicilium.
2056 4957 2196 5024 Quin
2229 4968 2283 5013 et

701 5051 945 5097 castrum
994 5042 1364 5112 ingredientes
1393 5045 1637 5114 singulos
1692 5048 1835 5101 obvii
1889 5052 2140 5104 custodes
2180 5051 2280 5105 ob-

702 5142 945 5198 servant,
979 5148 1080 5188 nec
1113 5134 1221 5188 alio
1247 5135 1516 5191 divertere
1581 5141 1769 5195 sinant
1814 5156 1975 5209 quam
2035 5143 2100 5196 ad
2158 5157 2283 5212 pro-

702 5223 848 5292 prias
880 5222 1100 5291 domos,
1136 5227 1315 5295 quoad
1355 5227 1428 5282 illi
1454 5244 1674 5284 rursum
1709 5233 2078 5299 egrediantur.
2112 5233 2284 5290 luter-

701 5315 911 5371 dictum
942 5324 1027 5370 est
1058 5332 1265 5383 severe,
1319 5335 1387 5374 ne
1444 5321 1576 5390 quid
1628 5323 1786 5378 nobis
1857 5324 2021 5379 detur
2087 5336 2283 5395 praeter

702 5422 900 5477 aquam
928 5407 1106 5461 solum
1133 5416 1187 5463 et
1215 5409 1447 5479 lignum.
1482 5410 1560 5467 Ita
1586 5430 1688 5469 nos
1731 5414 1891 5485 plane
1924 5425 2184 5487 tanquam
2226 5419 2282 5474 in

701 5498 950 5565 sepulcro
1010 5497 1280 5566 locarunt,
1340 5512 1399 5557 ut
1451 5515 1679 5560 enecent
1716 5522 1838 5562 nos.
1898 5507 2043 5564 Deus
2099 5519 2279 5564 autem

703 5586 1055 5656 benignitatis
1094 5604 1209 5644 suae
1265 5592 1667 5661 misericordia,
1700 5612 1796 5667 per
1827 5612 1891 5653 ea
1936 5615 2058 5670 qua:
2090 5600 2281 5656 intuli-

706 5694 825 5733 mus
857 5682 1191 5747 necessaria,
1222 5692 1276 5739 et
1308 5686 1454 5755 quod
1484 5686 1707 5758 insuper
1739 5690 1807 5745 ab
1838 5706 1905 5747 eo
1956 5692 2047 5763 qui
2095 5693 2283 5751 admoo

792 5838 836 5871 ’ν
884 5837 1117 5911 Philipp.
1157 5858 1226 5905 tv,
1281 5843 1332 5898 5.

2382 4966 2478 5019 τοῦ
2508 4966 2783 5037 δωματίου
2809 4982 2823 4995 ο
2857 4964 2995 5018 ἀλ.λά
3048 4968 3146 5017 καὶ
3190 4968 3371 5020 πάντα
3422 4966 3514 5019 τὸν
3557 4965 3943 5037 εἰσερχόμενον

2381 5062 2460 5121 εἰς
2497 5059 2559 5112 τὸ
2613 5058 2872 5128 κάστρον,
2929 5056 3386 5129 προῦπαντῶντες
3424 5058 3473 5110 σί
3530 5056 3797 5127 φύλακες,
3854 5059 3947 5112 οὐκ

2382 5150 2511 5203 ἐῶσί
2537 5166 2643 5203 που
2692 5149 2970 5221 τραπῆναι
3009 5148 3188 5218 πάρεξ
3232 5148 3330 5201 τοῦ
3366 5149 3498 5202 ίδίου
3542 5150 3718 5215 οἴκου,
3746 5150 3852 5214 ἕως
3885 5152 3947 5204 ἀν

2380 5235 2536 5302 αὖθις
2592 5231 2656 5310 [ί.
2685 5233 2865 5310 αὖτις]
2912 5236 3142 5301 ἐξέλθοι.
3183 5238 3538 5309 Παραγγελία
3587 5241 3845 5311 κραταιά.
3877 5241 3945 5311 μὴ

2380 5328 2701 5399 ἐπιδοθῆναι
2721 5330 2857 5399 ἡμῖν
2906 5345 2960 5381 τι
2985 5328 3164 5399 πάρεξ
3195 5328 3388 5393 ὕδατος
3439 5330 3601 5400 μόνον
3655 5332 3747 5383 καὶ
3771 5330 3940 5396 ξύλου.

2381 5421 2571 5485 οὕτως
2618 5420 2805 5485 ἁπλῶς
2845 5421 3066 5492 θέμενοι
3103 5420 3182 5489 ὡς
3233 5423 3293 5474 ὲν
3347 5421 3524 5493 τάφῳ,
3578 5422 3675 5476 καὶ
3722 5423 3860 5491 πρὸς
3883 5423 3940 5477 τδ

2383 5516 2593 5567 κτεῖναι
2616 5504 2788 5584 ἡμᾶς.
2834 5511 2894 5565 '0
2932 5510 2991 5564 δὲ
3033 5510 3165 5574 Θεδς
3198 5511 3337 5564 tua
3385 5510 3800 5581 φιλανθρωπίας
3850 5514 3941 5566 αύ-

2380 5605 2475 5661 τοῦ
2496 5620 2511 5635 ·
2551 5604 2617 5663 δι’
2650 5598 2726 5661 ὧν
2755 5602 3267 5675 προεισηνςῆνκαμεν
3294 5601 3492 5673 χρειῶν
3519 5619 3535 5635 ⁸
3566 5606 3662 5658 καὶ
3689 5603 3772 5657 ιτι
3792 5604 3859 5658 δι’
3886 5599 3941 5666 οὗ

2383 5696 2684 5751 ὲπιδέδοται
2713 5697 2848 5767 ἡμῖν
2878 5694 2940 5749 τὸ
2986 5693 3328 5766 προσταχθὲν
3371 5696 3439 5750 δι’
3465 5695 3602 5767 ὄπῆς
3649 5696 3753 5768 τῆς
3803 5695 3941 5775 θυρί·
