4164 6498
216 435 359 500 1209

1407 423 1949 486 EPISTOLARUM
2011 421 2158 484 LIB.
2196 420 2279 480 II.

3341 416 3475 480 1210

211 551 326 611 δος.
359 544 452 598 ἐπὶ
479 543 749 614 κλίμακος
777 540 1020 604 ἀνιόντος
1045 538 1185 593 κατὰ
1214 538 1316 611 τὴν
1352 538 1501 610 ὥραν
1542 538 1790 607 ἑστώσης

1908 536 1964 589 tis
1998 543 2141 589 stata
2192 532 2331 587 liora
2367 530 2530 586 scalis
2577 529 2739 594 redit,
2774 528 2932 584 nobis
2966 528 3223 584 tribuitur
3244 527 3481 600 impera-

213 637 520 708 διατρέφει.
550 635 624 689 Οὐ
647 632 936 702 τολμῶμεν
963 631 1137 700 φῆσαι
1169 632 1344 684 ἐκεῖνο
1370 632 1398 684 ὅ
1428 647 1563 702 φησι
1594 629 1794 700 Δανιὴλ

214 732 516 802 δεξάμενος
542 725 698 797 παρά
713 724 806 778 τοῦ
851 724 1181 795 Ἀμὸακοὺμ
1201 723 1260 776 τὺ
1285 723 1509 793 ἄριστον
1533 735 1548 750 ·
1581 720 1800 790 Ἐμνή-

214 824 338 891 σθη
376 821 487 892 γάρ
521 836 639 889 μου
671 819 704 871 ὁ
743 815 910 881 Θεός.
949 815 1094 884 Πλὴν
1121 814 1202 867 ὅτι
1233 813 1483 884 ἐμνήσθη
1513 813 1610 870 καὶ
1640 813 1799 885 ἡμῶν

215 916 330 970 τῶν
362 911 712 986 ἁμαρτωλῶν
737 927 751 940 ο
784 910 880 962 καὶ
925 908 1088 973 ἐλεεῖ,
1111 909 1205 962 καὶ
1230 908 1505 978 περιέπει,
1539 908 1628 961 καὶ
1676 906 1801 961 σκέ-

215 1028 334 1064 πει.
363 1009 511 1070 Ἕως
540 1005 606 1058 ἂν
632 1001 724 1058 οῦν
755 1003 1021 1073 πάρεστιν
1061 1003 1209 1073 ἡμᾶς
1245 1001 1544 1072 τρέφεσθαι
1598 1002 1662 1052 ἐκ
1690 999 1799 1052 τῶν

215 1105 366 1157 ἔνδον
392 1117 405 1131 '
440 1101 476 1173 ἢ
523 1100 672 1161 ὅπως
720 1096 849 1155 ποτὲ
909 1095 1027 1159 ἐνὸς
1067 1095 1176 1148 τῶν
1228 1093 1543 1166 πορταρίων
1582 1091 1798 1151 οἴκοθεν

215 1196 396 1267 λάθρα
425 1191 758 1253 ἐπιδιδόντος
811 1187 907 1242 τοῦ
960 1189 1056 1241 καὶ
1107 1187 1512 1257 ἐδδομαρησίου
1545 1201 1559 1217 ο
1595 1185 1796 1256 τρέφει

218 1290 391 1362 ἡμᾶς,
436 1287 533 1340 καὶ
587 1283 884 1352 δοξάζομεν
930 1280 1021 1333 τὸν
1071 1278 1225 1332 Θεὸν.
1290 1277 1688 1334 Ἐπιλιπόντων
1739 1277 1800 1330 δὲ

216 1382 329 1435 τῶν
366 1378 589 1452 χρειῶν,
632 1373 918 1446 οἰκονομίᾳ
954 1370 1116 1436 Θεοῦ,
1169 1370 1680 1440 συγκαταλείψομεν
1704 1369 1800 1426 καὶ

218 1477 384 1547 ἡμεῖς
405 1473 508 1544 τὴν
533 1471 701 1538 ζωὴν,
744 1469 842 1520 καὶ
876 1469 933 1518 ἐν
967 1465 1146 1536 τούτῳ
1169 1455 1438 1536 χαίρομεν
1463 1480 1478 1495 °
1512 1464 1611 1518 καὶ
1638 1460 1800 1520 τοῦτο

217 1572 319 1640 τῆς
363 1564 780 1640 μεγαλοδωρεᾶς
807 1559 900 1613 τοῦ
941 1557 1098 1612 Θεοῦ.

297 1747 414 1802 Καὶ
444 1742 529 1805 τίς
558 1743 676 1813 είμι
705 1738 816 1808 ἐγὼ
842 1741 870 1793 ὁ
922 1739 1113 1802 τάλας,
1157 1737 1386 1808 τοιούτῳ
1411 1737 1600 1810 τρόπῳ
1628 1756 1800 1794 κατα-

217 1840 450 1912 ληφθεὶς
475 1837 616 1906 ὑπὲρ
643 1835 738 1888 τοῦ
765 1833 1030 1902 ὀνόματος
1062 1830 1251 1892 αὐτοῦ,
1276 1831 1370 1883 καὶ
1399 1831 1534 1902 πρὸς
1558 1831 1618 1884 τὸ
1645 1833 1792 1904 ἐξῆς,

217 1937 294 1998 ὡς
320 1931 555 1996 κελεύει,
584 1928 742 1999 δόξης
781 1945 849 1980 πε
861 1926 1186 1997 ρισσοτέρας
1211 1925 1306 1978 τὸν
1330 1923 1635 1996 ἀγέραστον
1660 1942 1795 1978 κατ-

215 2024 454 2093 αξιῶσαι
510 2022 607 2075 σὺν
668 2019 745 2090 τῷ
807 2017 1057 2087 ἀδελφῷ;
1107 2017 1416 2088 Παρακαλῶ
1477 2013 1572 2071 οῦν
1629 2019 1795 2089 ὑμᾶς,

217 2115 477 2184 ἁδελφοὶζ
530 2109 975 2180 συναγωνίσασθὲ
1045 2127 1136 2180 μοι
1193 2111 1253 2162 ἐν
1318 2112 1443 2172 ταῖς
1470 2114 1800 2182 προσευχαῖς

220 2208 250 2260 ὑ
261 2207 380 2277 μῶν
411 2204 547 2276 πρὸς
576 2203 668 2256 τὸν
698 2202 853 2267 Θεὸν,
887 2202 973 2254 ἵνα
1003 2199 1185 2271 ῥυσθῶ
1236 2202 1295 2253 ἐν
1320 2204 1483 2255 παντὶ
1503 2202 1690 2274 τρόπῳ
1713 2203 1802 2262 διὰ

216 2298 426 2358 παντὸς
468 2299 532 2350 ἐκ
564 2295 658 2349 τοῦ
686 2293 932 2364 Πονηροῦ
954 2309 966 2323 ·
1009 2293 1103 2346 καὶ
1130 2292 1217 2346 ἵνα
1264 2294 1293 2346 ὁ
1344 2294 1713 2365 ἐναρξάμενος
1744 2297 1802 2347 ἐν

214 2393 358 2462 ἡμῖν
413 2388 576 2460 ἔργον
617 2386 910 2457 ὁμολογίας
937 2384 1105 2438 αὑτοῦ
1156 2383 1244 2438 διὰ
1279 2384 1566 2456 σπλάγχνα
1587 2387 1800 2454 οἰκτιρο

220 2484 365 2555 μῶν,
419 2483 520 2534 οὑκ
557 2478 618 2544 ἐξ
646 2479 823 2551 ἔργων
868 2476 968 2548 μού
995 2495 1156 2530 τινων
1181 2495 1194 2507 ·
1231 2477 1292 2529 οὐ
1325 2477 1436 2549 γὰρ
1477 2478 1714 2548 ἐποίησά
1750 2496 1802 2531 τι

217 2575 432 2644 ἀγαθὸν
459 2575 551 2626 ἐπὶ
585 2573 684 2642 τῆς
745 2572 869 2641 γῆς.
918 2570 1056 2623 ἀλλά
1106 2571 1422 2624 τούναντίον
1450 2588 1462 2603 ·
1491 2571 1656 2635 αὐτὸς
1707 2572 1804 2626 καί

221 2667 596 2723 ἐπιτελέσειεν
627 2666 685 2717 ἐν
713 2663 1062 2733 ἀμφοτέροις.
1089 2662 1262 2716 Τοῦτο
1290 2665 1385 2717 καὶ
1429 2666 1595 2735 ἡμεῖς
1622 2664 1672 2716 ot
1704 2681 1804 2716 τα-

222 2757 403 2811 πεινοὶ
424 2757 561 2828 πρὸς
586 2756 730 2826 ὑμᾶς
758 2757 884 2818 τοὺς
906 2755 974 2808 τὰ
997 2755 1137 2810 αὐτά
1165 2755 1472 2825 πάσχοντας
1499 2756 1560 2808 οὐ
1590 2755 1804 2825 διαλιμ-

225 2852 470 2919 πάνομεν
528 2847 796 2901 αἰτεῖσθαι
840 2847 979 2918 μετά
1028 2847 1306 2918 δακρύων.
1359 2847 1434 2899 Οὐ
1469 2847 1629 2917 μόνον
1675 2846 1804 2909 τοὺς

221 2941 371 3000 ὀκτὼ
396 2941 494 3012 τὴν
532 2939 765 3011 ἐκλογὴν
792 2939 884 2992 τοῦ
909 2940 1116 3009 Κυρίου
1137 2955 1149 2968 ·
1183 2938 1319 2992 ἀλλά
1349 2941 1445 2991 καὶ
1484 2939 1577 2992 τὸν
1630 2939 1805 2994 ἀῦὁᾶν

223 3037 453 3105 Πέτρον,
476 3036 570 3088 καὶ
598 3033 690 3091 τὸν
718 3033 881 3086 καλὸν
907 3032 1136 3102 Λητόῖον
1163 3049 1176 3062 ·
1212 3032 1308 3085 καὶ
1364 3031 1419 3084 εἴ
1472 3047 1594 3084 τινα
1623 3029 1802 3087 ἄλλον.

222 3125 588 3199 ἀσπαζόμεθα
617 3129 676 3180 ἐν
713 3126 925 3198 Κυρίῳ.

605 3237 729 3294 AE'.
759 3265 833 3280 --
871 3237 1192 3307 Ἐπιςρανίῳ
1231 3235 1438 3301 τέκνῳ.
1465 3235 1624 3310 [τς’].

1901 639 2013 683 tum
2054 641 2148 697 per
2185 623 2427 679 foramen
2467 623 2669 688 ostioli,
2703 637 2802 677 nos
2828 631 3120 676 sustentat.
3154 620 3344 677 Dicere
3370 638 3478 678 uon

1900 716 2167 770 audemus
2233 715 2375 785 quod
2433 712 2622 769 Daniel
2681 712 2836 775 dixit,
2889 728 3010 766 cum
3063 713 3353 782 prandium
3412 713 3480 767 ab

1899 804 2156 860 Ilabacuc
2219 805 2520 873 accepisset
2577 821 2591 857 :
2647 801 2974 856 Recordatus
3039 803 3176 856 enim
3238 813 3315 856 est
3375 805 3480 858 mei

1901 899 2038 952 Deus
2061 897 2127 950 ‘°.
2157 895 2543 951 Verumtamen
2577 895 2893 950 recordatus
2922 903 3006 948 est
3028 894 3200 949 nostri
3225 895 3316 964 qui
3358 912 3482 963 pec-

1900 1001 2111 1046 catores
2159 1005 2372 1056 sumus,
2418 998 2479 1042 et
2538 991 2848 1054 miseretur,
2879 997 2933 1042 et
2964 990 3120 1057 regit,
3149 1000 3200 1043 et
3228 991 3478 1059 protegit.

1900 1084 2153 1151 Quandiu
2193 1084 2361 1154 igitur
2409 1083 2647 1153 suppetit
2696 1085 2846 1137 intus
2912 1083 3056 1137 unde
3091 1087 3302 1139 alamur
3329 1124 3344 1148 ,
3386 1094 3482 1139 aut

1899 1191 2232 1246 quocunque
2266 1175 2427 1229 modo
2458 1174 2657 1245 aliquis
2684 1175 3036 1231 ostiariorum
3061 1177 3152 1245 qui
3187 1177 3482 1232 hebdoma-

1900 1269 2088 1324 darius
2121 1270 2212 1333 sit,
2260 1270 2400 1322 ciant
2437 1266 2697 1337 elargitur
2768 1269 2932 1322 domo
2993 1270 3209 1324 allatqu
3252 1271 3479 1332 cibum;

1901 1361 1999 1417 alit
2037 1377 2158 1424 nos,
2185 1370 2239 1416 et
2264 1359 2430 1415 Deum
2457 1360 2847 1431 gloriﬁcamus.
2883 1359 3269 1416 Deﬁcientibus
3298 1373 3478 1416 autem

1901 1451 2250 1516 necessariis,
2283 1451 2375 1505 Dei
2401 1451 2706 1520 permissu;
2747 1450 2911 1505 vitam
2937 1467 3045 1505 una
3076 1467 3344 1521 ponemus
3377 1452 3480 1520 ipsi

1904 1555 2070 1614 atque
2101 1545 2154 1598 in
2191 1545 2294 1598 hoc
2334 1542 2654 1614 gaudemus,
2688 1542 2849 1612 idque
2891 1542 3070 1613 ipsum
3108 1553 3192 1597 est
3224 1541 3320 1598 Dei
3359 1558 3483 1597 mu-

1903 1637 2184 1692 niﬁcentia
2213 1677 2227 1690 .

2007 1728 2070 1783 Et
2107 1729 2231 1798 quis
2289 1742 2388 1798 ego
2436 1743 2557 1781 sum
2588 1726 2780 1794 miser,
2836 1726 2928 1796 qui
2961 1741 3061 1796 pro
3117 1726 3238 1796 ejus
3268 1728 3485 1783 nomine

1905 1822 1960 1876 in
1990 1823 2135 1876 hunc
2162 1819 2384 1874 modum
2416 1819 2680 1882 detincar,
2710 1828 2765 1871 ut
2794 1817 3189 1872 abunilantiore
3214 1826 3335 1886 post
3369 1819 3484 1887 glo—

1900 1913 1999 1974 ria,
2032 1910 2368 1978 sicutjubet,
2398 1909 2782 1963 inhonoratum
2842 1924 2968 1963 cum
3029 1907 3196 1962 fratre
3229 1924 3484 1962 remune-

1901 2003 2030 2059 ret?
2067 2001 2306 2059 Obsecro
2329 2017 2459 2072 ergo
2500 2017 2615 2064 vos,
2650 1999 2869 2066 fratres,
2901 2002 3087 2070 juvate
3111 2016 3196 2055 me
3231 2002 3486 2070 precibus

1900 2098 2097 2152 vestris
2123 2097 2188 2150 ad
2215 2096 2409 2159 Deum,
2446 2105 2502 2148 ut
2533 2109 2747 2163 semper
2777 2109 2806 2148 a
2836 2095 2979 2148 malo
3011 2095 3208 2149 liberer
3234 2095 3487 2150 onmibus

1904 2189 2111 2243 modis:
2135 2196 2187 2242 et
2206 2188 2299 2256 qui
2325 2185 2696 2242 confessionis
2731 2201 2845 2239 sua:
2872 2201 3010 2256 opus
3040 2187 3094 2240 in
3123 2187 3279 2241 nobis
3297 2187 3486 2257 erepit,

1905 2296 2003 2350 per
2030 2280 2240 2334 viscera
2265 2277 2666 2333 misericordia
2699 2293 2834 2342 suae,
2857 2294 2963 2332 non
2984 2295 3047 2333 ex
3076 2279 3333 2348 Operibus
3354 2279 3490 2333 meis

1905 2371 2071 2436 ullis;
2105 2385 2284 2439 neque
2311 2369 2457 2423 enim
2486 2369 2696 2423 bonum
2730 2369 2953 2438 aliquod
2990 2369 3043 2422 in
3091 2381 3230 2424 terra
3261 2372 3366 2440 egi,
3395 2372 3488 2425 sed

1903 2465 2281 2529 contrarium;
2321 2462 2436 2532 ipsc
2469 2461 2717 2532 perﬁciat
2746 2461 2799 2515 in
2851 2463 3141 2519 ambobus.
3175 2462 3289 2517 Hoc
3319 2465 3486 2517 etiam

1903 2565 1959 2611 et
1990 2571 2089 2611 nos
2116 2555 2350 2610 humiles
2380 2569 2480 2625 pro
2511 2555 2691 2618 vobis,
2720 2554 2814 2623 qui
2849 2556 3037 2611 eadem
3065 2556 3336 2626 patimini,
3362 2573 3487 2612 cum

1905 2647 2161 2718 lacrymis
2195 2661 2353 2701 orare
2413 2660 2522 2699 non
2553 2660 2858 2699 cessamus.
2891 2645 3012 2700 Non
3038 2655 3163 2700 octo
3192 2655 3400 2700 tantum
3434 2648 3486 2700 in

1905 2739 2139 2794 Domino
2173 2739 2376 2794 electos
2400 2779 2415 2804 ,
2451 2737 2544 2793 sed
2597 2736 2849 2791 abbatem
2904 2753 3124 2808 quoque
3156 2737 3405 2804 Petrum,
3437 2750 3493 2795 et

1905 2831 2187 2903 egregium
2234 2831 2510 2895 Lctoium,
2561 2838 2616 2883 et
2652 2830 2700 2883 si
2754 2830 2882 2899 quis
2936 2831 3100 2899 alius,
3134 2832 3186 2886 iu
3261 2832 3492 2886 Domino

1906 2924 2229 2979 salutamus.

2271 3231 2497 3290 XXXV.
2530 3265 2599 3274 —
2631 3231 2933 3305 Epiphanio
2969 3231 3102 3302 ﬁlio.

768 3347 1077 3412 Epiphanius
1099 3347 1315 3398 mittitur
1336 3349 1395 3398 ad
1420 3347 1710 3398 Pascbalem
1736 3345 1979 3399 summum
2002 3345 2306 3408 pontiﬁcem.
2344 3345 2545 3409 (Baron.
2575 3359 2655 3395 an.
2682 3345 2793 3404 8l8,
2821 3358 2871 3396 n.
2901 3345 2970 3408 4.)

311 3461 465 3527 Ἰδοὺ,
489 3458 681 3513 τέκνον
714 3473 818 3528 μου
859 3453 1240 3525 ἠγαπημένον,
1276 3453 1456 3518 καθὼς
1486 3455 1804 3525 προεθυμή.

224 3558 350 3628 θης,
373 3556 585 3626 ἀπᾶραι
611 3555 670 3606 ἐν
704 3555 770 3622 τῇ
798 3551 979 3613 Δύσει,
1028 3549 1274 3612 εἰπόντος
1307 3565 1410 3618 μου
1444 3542 1577 3618 ἆραι
1618 3547 1804 3617 γράμ-

229 3664 378 3718 ματα
444 3644 641 3698 ταῦτα.
707 3639 1032 3694 Ἀπέστειλα
1079 3637 1172 3691 δύο
1225 3635 1539 3702 ἐπιστολὰς,
1592 3634 1685 3688 τοῦ
1741 3652 1803 3688 τε

226 3735 616 3800 ἀποστολικοῦ,
653 3735 749 3787 καὶ
782 3731 875 3784 τοῦ
903 3728 1072 3802 κυροῦ
1109 3728 1398 3783 Μεθοδίου.
1436 3728 1498 3782 Oi
1525 3729 1635 3799 γὰρ
1673 3727 1806 3797 περὶ

226 3835 322 3888 τὸν
361 3830 589 3898 ἀδελφὸν
636 3827 913 3880 Διονύσιον
961 3823 1178 3894 εὐδοκία
1209 3821 1344 3876 Θεοῦ
1383 3823 1480 3875 καὶ
1514 3819 1806 3892 ἀπεσώθη-

231 3942 336 3979 σαν
363 3923 467 3986 ἒως
496 3920 607 3974 τῶν
655 3919 792 3980 ἐκεῖ,
824 3917 920 3970 καὶ
957 3914 1204 3986 χρηστὰς
1247 3911 1472 3976 ἐλπίδας
1523 3913 1764 3984 ἧνεγκαν
1790 3928 1802 3942 ⁸

231 4017 376 4088 πρὸς
425 4013 492 4076 ἃς
531 4012 630 4066 καὶ
683 4012 847 4065 πάλιν
907 4007 1209 4062 ἐπιστεῖλαι
1261 4000 1319 4059 εὖ
1375 4004 1623 4076 ἐνόμισα.
1669 4005 1806 4058 Ἐπ-

232 4107 451 4165 ἐατειλα
476 4106 554 4169 δέ,
585 4105 684 4174 οὐχ
710 4103 786 4168 ὡς
815 4104 908 4156 ἀπ’
943 4099 1076 4171 ἐμοῦ
1117 4099 1298 4170 μόνον,
1335 4098 1473 4161 ἀλλ’,
1496 4098 1573 4160 ὠς
1598 4097 1659 4149 τὸ
1680 4094 1811 4166 πρό-

229 4216 415 4267 τερον,
454 4197 514 4262 ἐξ
539 4195 868 4266 ἀμφοτέρων
909 4194 1019 4246 τῶν
1065 4191 1408 4262 ἡγουμένων,
1467 4188 1560 4253 οὒς
1606 4188 1806 4260 δηλοῖή

233 4288 518 4360 ἐπιστολὴ,
561 4286 738 4357 πάρεξ
763 4283 857 4339 τοῦ
887 4285 986 4354 τῆς
1012 4283 1314 4354 Εὑκαιρίας
1336 4295 1352 4312 ·
1384 4273 1546 4344 οὗτος
1573 4280 1703 4350 γὰρ,
1735 4278 1811 4342 ὡς

234 4380 465 4450 ἔμαθον,
496 4379 638 4432 κατὰ
659 4378 762 4439 τὰς
797 4375 1075 4446 ἁμαρτίας
1118 4390 1224 4444 μου
1266 4373 1561 4429 κατέπεσε.
1607 4369 1813 4425 Γνὼσει

233 4468 332 4525 οὖν
367 4471 463 4523 καὶ
489 4470 641 4538 κοινῇ
672 4467 888 4539 γνώμῃ,
915 4465 1004 4518 διά
1034 4464 1354 4536 μηνύματος
1401 4462 1689 4536 λαθραίου,
1718 4463 1813 4517 καὶ

232 4558 597 4627 ἀναγνώσεως
632 4557 732 4626 τῆς
758 4555 1070 4626 ἐπιστολῆς,
1124 4555 1245 4607 τότε
1274 4555 1693 4624 ἐπεστείλαμεν,
1737 4553 1814 4615 ὼς

233 4653 333 4708 καὶ
382 4651 569 4722 ἐδήλου
594 4650 654 4703 τὸ
687 4650 850 4704 ἀπιὸν
872 4649 1127 4722 γράμμα.
1153 4646 1269 4700 Νῦν
1307 4647 1386 4711 δὲ,
1422 4648 1524 4701 κᾶν
1568 4648 1628 4703 οὐ
1660 4645 1816 4700 δεδύ-

1975 3451 2079 3518 Εη,
2116 3452 2315 3508 dilecte
2353 3452 2427 3507 ﬁli
2460 3452 2554 3518 mi,
2592 3453 2737 3508 sicut
2776 3453 2939 3508 alacri
2971 3457 3155 3508 animo
3189 3454 3497 3525 instituisti,

1906 3545 2054 3600 solve
2086 3545 2140 3599 in
2198 3542 2578 3609 Occidentem,
2642 3546 2854 3601 litteras
2918 3546 3058 3600 istas
3118 3547 3330 3602 laturus
3358 3565 3497 3618 quas

1905 3625 2128 3693 dictavi.
2188 3636 2308 3691 Misi
2359 3638 2620 3708 epistolas
2661 3639 2819 3704 duas,
2893 3639 2959 3693 ad
3008 3641 3390 3710 apostolicum,
3446 3654 3500 3700 et

1909 3729 1974 3782 ad
2019 3727 2307 3783 dominum
2345 3727 2708 3784 Methodium.
2761 3728 2954 3785 Frater
3001 3731 3146 3786 enim
3205 3732 3500 3806 Dionysius

1909 3821 2003 3876 Dei
2029 3833 2165 3876 nutu
2197 3831 2252 3877 et
2301 3822 2593 3876 incolumis
2645 3838 2892 3892 eousque
2953 3825 3217 3893 pervasit,
3248 3836 3301 3881 et
3347 3844 3497 3897 spem

1909 3915 2168 3982 optimam
2241 3914 2590 3983 reportavit:
2642 3914 2708 3968 ad
2767 3930 2931 3985 quam
2994 3916 3226 3972 iteratas
3289 3919 3499 3976 litteras

1911 4003 2109 4058 addere
2138 4019 2320 4074 operte
2376 4004 2612 4072 pretium
2661 4005 2816 4060 duxi.
2873 4006 3080 4076 Scripsi
3130 4019 3332 4076 autem,
3387 4027 3497 4066 non

1913 4108 2173 4168 tauquam
2204 4112 2235 4151 a
2262 4111 2354 4153 me
2384 4096 2583 4164 solum,
2617 4098 2733 4165 sed,
2766 4098 2909 4154 sicut
2939 4108 3120 4167 antea,
3155 4117 3221 4157 ex
3253 4118 3493 4173 persona

1913 4194 2274 4260 utrorumque
2321 4193 2761 4261 praepositorum,
2862 4207 2961 4246 uos
3014 4191 3218 4251 indicat
3245 4197 3496 4266 epistola,

1913 4293 2276 4355 praeterquam
2307 4283 2568 4340 Eucazriaa
2598 4302 2610 4339 :
2647 4283 2694 4339 is
2720 4284 2888 4350 enim,
2925 4293 2985 4339 ut
3032 4290 3242 4358 accepi,
3275 4302 3499 4360 propter

1915 4384 2133 4446 peccata
2162 4390 2283 4431 mea
2317 4375 2504 4445 lapsus
2523 4385 2626 4432 est.
2667 4375 2744 4430 Ex
2780 4377 3058 4432 communi
3081 4395 3210 4450 ergo
3231 4383 3496 4437 sententia

1913 4475 1967 4520 et
1999 4465 2252 4530 scientia,
2298 4475 2411 4520 tum
2439 4482 2536 4536 per
2561 4469 2836 4522 occultam
2871 4471 3347 4540 signiﬁcationem,
3379 4483 3495 4528 tum

1914 4573 2010 4628 per
2040 4559 2284 4628 epistolae
2332 4559 2508 4628 ipsius
2537 4559 2850 4626 lectionem,
2888 4573 3018 4618 tunc
3064 4564 3406 4633 scripsimus,
3439 4577 3498 4620 ut

1915 4649 2146 4719 epistola
2190 4650 2358 4704 missa
2417 4650 2580 4705 etiam
2623 4651 2955 4708 declarabat.
2987 4654 3146 4710 Nunc
3200 4671 3362 4720 vero,
3394 4658 3496 4712 etsi

233 4761 410 4816 νημαι
439 4743 598 4797 τοῦτο
641 4743 864 4813 ποιῆσαι
915 4742 1003 4795 διά
1054 4741 1154 4810 τὴν
1195 4738 1520 4808 ἀσςάλειαν,
1569 4741 1681 4794 ἀλλ’
1739 4739 1806 4801 ὡς

1922 4749 2139 4810 propter
2171 4753 2380 4797 arctam
2408 4745 2710 4803 custodiam
2743 4748 2794 4801 id
2829 4747 3007 4803 facere
3031 4765 3137 4804 non
3162 4753 3331 4820 potui,
3359 4762 3498 4807 atta-

234 4840 339 4911 ἤδη
406 4835 943 4907 ὁμογνωμονούντων
1015 4835 1368 4907 ἀμφοτέρων,
1434 4834 1530 4886 καὶ
1582 4833 1721 4904 αῦτη
1781 4834 1815 4904 ὴ

237 4931 520 5002 ἐπιστολή.
559 4931 718 4992 Ἴσως
753 4928 810 4981 δὲ
844 4929 939 4982 καὶ
965 4929 1104 4998 μετά
1132 4927 1304 4980 ταῦτα
1328 4927 1597 4998 ἐνδέχεται
1632 4927 1819 4980 κάκεί-

234 5044 362 5090 νους
415 5023 733 5094 ἐπιγνῶναι.
789 5022 983 5078 Ἀπιθι
1036 5017 1151 5084 οὖν,
1199 5014 1245 5074 ὧ
1311 5021 1444 5075 καλὲ
1501 5021 1815 5090 Ἐπιφάνιε·

237 5119 504 5187 ἐπίφανον
574 5118 640 5187 τῇ
703 5114 866 5168 Δύσει
941 5114 1170 5182 ἄγγελος
1250 5114 1460 5178 πιστὸς,
1533 5115 1815 5184 φρόνιμος,

240 5207 740 5282 ἀρχαιογνώριστος
771 5221 784 5235 ⁸
846 5205 1130 5268 ἀποδιδοὺς
1190 5205 1288 5275 τὴν
1342 5204 1670 5274 ἐπιστολὴν,
1722 5205 1818 5257 καὶ

238 5304 384 5358 κατά
403 5301 471 5354 τά
488 5299 817 5368 θεοκινήτως
844 5296 1168 5350 τυπωθέντα
1194 5297 1251 5348 ἐν
1304 5297 1381 5366 τῷ
1414 5297 1555 5367 ἁγίῳ
1585 5297 1820 5349 ἀποστο-

240 5391 402 5460 λικῷ,
453 5385 764 5457 ὑποθετικῷ
793 5387 982 5458 τρόπῳ
1022 5386 1117 5440 καὶ
1155 5386 1299 5454 λόγῳ
1326 5386 1420 5438 τοῦ
1449 5386 1595 5456 ίεροῦ
1645 5384 1818 5438 Μεθο-

239 5482 380 5545 δίου,
411 5481 510 5532 καὶ
564 5475 658 5530 τοῦ
697 5478 793 5545 τῆς
835 5476 1226 5545 Μονεμὸασίας
1276 5478 1434 5545 ἀγίου
1489 5476 1815 5540 ἐπισκόπου,

242 5573 340 5629 καὶ
371 5571 533 5632 αὐτὸς
566 5567 1088 5637 συνεπιπρεσεεύων
1135 5568 1231 5620 καὶ
1274 5567 1588 5638 ἐκλιπαρῶν
1614 5569 1695 5629 είς
1720 5566 1816 5618 πέ-

244 5680 348 5739 ρας
394 5659 681 5730 ἐνεχθῆναι
707 5659 880 5712 ταῦτα
920 5657 1055 5711 Θεοῦ
1084 5657 1324 5730 εὐδοκία,
1359 5656 1451 5710 τοῦ
1504 5657 1721 5728 ἔχοντός
1757 5673 1816 5710 σε

242 5755 336 5818 καὶ
359 5751 666 5816 ἀποσῶσαι,
715 5753 808 5804 καὶ
861 5753 1214 5824 παραστῆσαι
1238 5755 1318 5830 ’τῇ
1360 5753 1482 5825 ίερᾷ
1515 5751 1611 5806 καὶ
1641 5767 1816 5825 μακα-

315 5891 359 5923 ⁶ο
397 5888 529 5945 [)au.
569 5903 676 5953 xiv,
710 5888 798 5944 57.

1916 4848 2040 4888 men
2072 4835 2240 4889 veluti
2276 4835 2389 4904 jam
2439 4839 2911 4896 consentientibus
2967 4843 3236 4912 utrisque,
3304 4859 3496 4898 eorum

1916 4923 2078 4977 etiam
2103 4932 2190 4978 est
2221 4924 2336 4980 haec
2366 4927 2620 4996 epistola.
2649 4928 2907 4985 Fortasse
2937 4939 3118 4986 autem
3141 4943 3330 5002 postea
3365 4947 3500 4987 con-

1917 5011 2077 5080 tingit
2102 5020 2162 5066 ut
2197 5022 2253 5066 et
2283 5013 2388 5082 ipsi
2433 5016 2702 5072 certiores
2733 5017 2884 5074 ﬁant.
2933 5019 3077 5074 Vade
3120 5021 3304 5090 igitur,
3338 5037 3497 5092 egre-

1917 5105 2002 5170 gie
2034 5102 2329 5174 Epiphani,
2355 5121 2559 5178 appare
2581 5107 2858 5166 Occidenti
2897 5114 3124 5169 nuntius
3147 5114 3341 5178 ﬁdelis,
3369 5132 3498 5186 pru-

1917 5199 2072 5263 dens,
2099 5198 2212 5269 jam
2240 5199 2370 5254 olim
2403 5203 2667 5272 probatus
2697 5223 2709 5260 :
2741 5207 2905 5261 redde
2930 5209 3237 5278 epistolam,
3265 5211 3498 5281 etjuxta

1915 5306 1978 5344 ea
2007 5307 2128 5361 qua:
2170 5292 2354 5348 divino
2385 5295 2646 5352 instinctu
2705 5299 2973 5368 impressa
3023 5310 3152 5357 sunt
3210 5303 3262 5356 in
3304 5314 3497 5358 sancto

1916 5381 2238 5450 apostolico,
2273 5385 2625 5454 suggestione
2654 5388 2944 5457 verbisque
2995 5389 3168 5444 sancti
3215 5388 3496 5452 Methodii,

1914 5485 1966 5526 et
1995 5474 2168 5527 sancti
2202 5473 2585 5532 Mouembasia
2637 5478 2878 5549 episcopi
2931 5479 3094 5534 simul
3146 5481 3423 5536 intercede
3446 5488 3502 5534 et

1919 5565 2058 5634 ipse.
2079 5575 2134 5619 et
2153 5581 2272 5631 ora,
2299 5574 2358 5620 ut
2381 5567 2448 5621 ad
2479 5569 2640 5622 ﬁnem
2675 5570 2788 5624 bam
2807 5571 3176 5641 perducantur
3196 5571 3294 5627 Dei
3311 5571 3501 5626 volun-

1927 5666 2056 5724 tate,
2123 5658 2216 5729 qui
2248 5668 2426 5730 potest
2452 5669 2507 5715 et
2533 5661 2745 5716 salvum
2803 5670 2855 5717 te
2907 5678 3151 5730 servare,
3208 5675 3263 5718 et
3310 5664 3503 5720 sistere

1929 5765 2108 5820 sacro,
2137 5759 2191 5807 et
2233 5751 2393 5808 beato
2425 5753 2633 5811 vertici.
2690 5753 2768 5811 Ne
2817 5754 3085 5814 formides
3183 5756 3351 5815 multa
3405 5755 3504 5812 tibi
