4164 6464
666 382 787 444 1211
1848 390 1909 449 S.
1950 389 2343 450 TIIEODORI
2386 390 2733 449 STUDlT/E
3790 384 3929 449 1212

664 514 898 564 merces,
952 507 1008 556 et
1061 516 1317 565 magnum
1364 513 1665 557 certamen.
1728 498 1982 558 Christus
2031 511 2234 557 tecum.

2366 501 2438 569 at;
2470 502 2706 570 κορυφῇ.
2744 497 2834 566 Μὴ
2884 494 3101 567 δείσῃς’
3146 492 3314 557 πολύς
3360 508 3444 547 σοι
3482 494 3512 547 ὁ
3572 492 3787 563 μισθὸς,
3826 497 3927 547 καὶ

662 592 852 647 Saluta
888 601 1108 648 sanctos
1139 607 1353 667 omnes,
1385 604 1438 648 et
1468 594 1707 648 maxime
1742 609 1837 649 eos
1860 594 1954 665 qui
1977 594 2247 651 notissimi

2366 592 2518 659 ιέγας
2541 595 2569 645 ὁ
2597 590 2765 658 ἀγών.
2799 589 3033 660 Χριστὸς
3078 587 3216 658 μετά
3246 586 3365 641 σοῦ.
3397 587 3675 658 Πρόσειπε
3709 589 3925 651 πάντας

664 690 795 737 sunt
824 701 837 735 :
863 683 1136 753 praecipue
1162 691 1415 737 sanctum
1470 680 1686 735 Patrem
1721 697 1902 736 meum
1934 684 2247 739 archiman-

2366 686 2472 751 εοὺς
2530 684 2737 754 ἁγίους,
2788 683 2883 736 καὶ
2929 680 3168 751 μάλιστα
3223 680 3352 745 τοὺς
3407 680 3919 751 γνωριμωτάτους’

664 773 888 838 dritam,
921 788 987 828 ac
1019 773 1307 828 dominum
1349 786 1530 825 meum
1577 769 2106 842 Chartophylaccm:
2148 790 2245 831 cu-

2369 778 2635 847 Ξαιρέτως
2656 776 2747 829 τὸν
2792 774 2948 843 ἅγιόν
2989 791 3095 844 μου
3155 774 3380 844 Πατέρα
3418 774 3512 827 τὸν
3555 774 3930 843 ἀρχιμανδρι.

661 866 755 938 jus
785 867 1027 923 charitas
1056 866 1220 921 inlisa
1248 875 1333 922 est
1355 867 1409 920 in
1442 865 1638 920 humili
1660 864 1825 920 corde
1850 881 1992 921 meo.

2368 886 2459 939 ην.
2507 868 2671 923 Ἀλλά
2698 868 2793 923 καὶ
2821 867 2917 937 τὸν,
2948 866 3218 936 δεσπότην
3274 883 3375 936 μου
3420 864 3515 919 τὸν
3556 864 3927 935 Χαρτοφύλα-

2341 976 2448 1014 κα·
2509 953 2571 1015 οὗ
2612 962 2648 1031 ἠ
2709 960 2901 1031 ἀγάπη
2963 958 3206 1026 ἔγκειται
3259 958 3318 1009 ὲν
3371 958 3438 1027 τῇ
3513 956 3747 1027 ταπεινῇ
3820 972 3928 1026 μου

1039 1154 1282 1212 XXXVI.
1312 1176 1382 1197 ι-
1414 1156 1713 1211 Naucratio
1739 1156 1871 1226 ﬁlio.

2351 1053 2570 1125 καρδία.

2640 1164 2780 1232 AG".
2807 1162 2919 1237 [ΤΘ
2941 1163 2981 1235 ,1
3020 1196 3059 1207 -
3122 1162 3475 1233 Ναυκρατίῳ
3494 1160 3709 1224 τέκνῳ.

1806 1270 2094 1332 Dogmatica
2122 1270 2186 1320 de
2221 1275 2405 1323 sanctis
2435 1274 2754 1339 imaginibus.

741 1376 820 1431 De
855 1386 905 1432 te
932 1375 1163 1447 gaudeo,
1197 1375 1272 1431 mi
1315 1374 1484 1431 frater
1532 1375 1814 1443 Naucrati,
1848 1380 1993 1449 quod
2044 1380 2247 1436 laetitia:

671 1469 813 1524 illius
843 1468 1016 1523 factus
1041 1482 1120 1531 es,
1152 1468 1297 1538 quod
1311 1475 1393 1523 est
1421 1484 1519 1538 pro
1540 1468 1759 1523 Christo
1786 1470 1917 1540 pati.
1948 1468 2082 1525 Nam
2104 1471 2248 1542 quod

672 1561 777 1616 isto
816 1561 988 1629 majus
1018 1559 1217 1613 laetitiae
1259 1568 1638 1630 argumentum
1664 1600 1680 1626 ,
1726 1570 1821 1615 ant
1860 1561 1991 1632 quid
2040 1572 2124 1618 est
2179 1562 2249 1618 ad

674 1654 886 1708 laudem
917 1652 1224 1707 illustrius?
1253 1650 1507 1722 Flagellis
1543 1652 1707 1721 igitur
1732 1667 1908 1708 caesus
1930 1668 2010 1721 es,
2039 1653 2247 1710 Christi

670 1744 921 1814 exemplo
954 1760 970 1799 :
1006 1759 1037 1798 e
1062 1758 1280 1797 carcere
1308 1753 1608 1812 pertractus
1644 1743 1697 1798 in
1726 1760 2023 1809 carcerem,
2053 1746 2107 1801 in
2130 1761 2249 1801 ma-
2283 1794 2323 1848 Β

674 1851 777 1889 nus
808 1834 958 1904 impii
988 1832 1215 1888 Joannis
1248 1833 1479 1888 traditus
1519 1848 1599 1898 es,
1658 1835 1763 1890 sub
1788 1851 1898 1905 quo
1927 1846 1981 1891 et
2015 1852 2115 1907 ego
2149 1837 2249 1891 hu-

672 1928 817 1981 milis
865 1925 1157 1981 decertavi.
1192 1924 1521 1991 Quinetiam,
1576 1927 1722 1996 quod
1760 1927 1853 1982 illo
1910 1929 2254 1999 aggrediente

674 2035 778 2075 non
816 2034 874 2073 es
912 2020 1229 2084 subversus,
1262 2020 1353 2074 sed
1393 2034 1423 2073 e
1458 2021 1736 2075 contrario
1791 2020 1999 2077 insana
2054 2023 2253 2077 utentis

673 2112 949 2167 hominem
987 2112 1231 2183 repulisti
1256 2123 1309 2168 et
1337 2112 1655 2181 confutasti,
1700 2116 1889 2186 utique
1936 2116 2121 2170 audivi
2153 2133 2255 2188 ego

673 2205 859 2269 miser,
892 2215 945 2260 et
976 2221 1225 2275 magnam
1264 2207 1445 2261 animo
1504 2206 1623 2277 cepi
1672 2208 2033 2277 voluptatem.
2092 2210 2255 2265 Adsit

673 2312 804 2351 vero
836 2296 931 2351 tibi
988 2305 1040 2351 et
1072 2297 1124 2350 in
1150 2308 1427 2366 posterum
1461 2299 1527 2352 ad
1586 2309 1815 2354 eventus
1850 2316 2040 2355 omnes
2091 2317 2123 2355 a
2149 2302 2255 2357 Do-

676 2388 826 2442 mino
855 2388 1184 2444 subsidium.
1213 2388 1481 2454 Quoniam
1503 2404 1628 2444 vero
1652 2390 1963 2458 insinuasti,
1989 2394 2253 2463 quasdam

676 2482 748 2536 ab
779 2496 845 2535 eo
880 2482 1021 2535 inter
1070 2481 1459 2551 disputandum
1506 2481 1736 2551 proferri
1802 2484 2123 2549 sententias,
2187 2484 2257 2539 ad

676 2573 1019 2628 eversionem
1053 2582 1366 2629 sanctarum
1403 2574 1727 2641 imaginum,
1749 2575 2000 2630 videlicet
2030 2576 2255 2644 Asterii,

683 2666 991 2737 Epiphanii,
1028 2676 1082 2722 et
1123 2666 1391 2722 Theodoti
1441 2684 1454 2721 :
1496 2685 1675 2737 opera:
1727 2670 1964 2739 pretium
2013 2670 2148 2725 duxi
2188 2670 2256 2725 ad

682 2757 1100 2813 instructionem
1127 2759 1437 2822 amborum,
1469 2758 1571 2813 hoc
1594 2759 1714 2813 loco
1738 2775 2044 2822 recensere,
2073 2776 2253 2832 quan-

681 2866 846 2922 quam
871 2852 923 2905 id
947 2852 1191 2921 epistola:
1218 2854 1441 2907 modum
1472 2854 1703 2920 excedit,
1729 2864 1840 2909 tum
1866 2855 2013 2924 ipsas
2039 2856 2255 2912 illorum

684 2958 870 3006 voces,
904 2952 1018 2997 tum
1050 2951 1318 3009 nostram,
1350 2943 1457 2999 Deo
1498 2946 1741 3014 iuvante,
1774 2947 1876 3001 etsi
1907 2948 2142 3018 imperiti
2164 2965 2260 3004 sn-

685 3053 830 3103 mus,
860 3053 1049 3093 earum
1099 3037 1553 3093 confutationem.
1600 3039 1799 3095 Asterii
1852 3041 2036 3111 itaque
2079 3043 2260 3097 oratio

2422 1387 2618 1456 Χαίρω
2644 1388 2738 1440 ὲπὶ
2768 1388 2872 1453 σοὶ,
2925 1386 3125 1454 ἀδελφέ
3186 1403 3287 1456 μου
3318 1384 3660 1454 Ναυκράτιι,
3693 1383 3780 1436 ὅτι
3826 1382 3932 1451 τῆς

2349 1480 2529 1547 χαρᾶς
2587 1478 2697 1541 υίὸς
2726 1478 3121 1550 χρηματίζεεςο
3168 1479 3304 1548 ὅπερ
3341 1477 3458 1530 ἐστὶ
3474 1476 3537 1528 τὸ
3574 1474 3664 1527 διά
3689 1475 3932 1543 Χριστὸν

2352 1572 2605 1641 πάσχειν.
2657 1573 2768 1625 Καὶ
2810 1572 2862 1624 τί
2909 1572 3017 1641 γὰρ
3077 1570 3269 1624 τούτου
3324 1568 3718 1639 χαριέστερον;
3753 1565 3809 1618 τί
3867 1564 3933 1618 δὲ

2351 1662 2767 1735 εύκλεέστερονς
2818 1661 3186 1732 Ἐμαστίχθης
3253 1656 3346 1714 οὖν
3404 1656 3872 1729 Χριστομιμήτως
3910 1669 3928 1683 ’

2352 1754 2527 1825 ἢρθης
2577 1756 2642 1807 ἐκ
2704 1754 2952 1823 φυλακῆς
3003 1754 3085 1815 είς
3140 1751 3409 1822 φυλακὴν,
3469 1746 3801 1819 παραδοθεὶς
3848 1745 3935 1808 εἰς

2357 1849 2547 1917 χεῖρας
2602 1846 2853 1901 Ἰωάννου
2905 1844 2999 1898 τοῦ
3029 1844 3282 1909 ἀσεϐοῦς,
3310 1844 3395 1911 ἐφ’
3425 1836 3469 1911 ᾧ
3495 1844 3524 1896 ὁ
3546 1840 3801 1903 ταπεινὸς
3833 1839 3936 1891 καὶ

2360 1935 2669 2005 ἡγωνίασα.
2706 1935 2849 1988 Ἀλλ’
2882 1936 2963 1989 ὅτι
2994 1934 3391 2006 προσϐαλόντος
3430 1932 3595 1986 αὑτοῦ
3649 1932 3709 1984 οὐ
3745 1947 3937 1997 περιε-

2356 2028 2596 2099 τράπης,
2625 2026 2937 2079 τούναντίον
2962 2026 3018 2079 δὲ
3054 2028 3148 2079 καὶ
3192 2026 3504 2094 ἀπεπέμψω
3540 2021 3936 2090 διελεγκτικῶς

2354 2121 2446 2173 τὸν
2474 2120 2869 2191 ματαιόφρονα,
2900 2118 3040 2172 πάνυ
3097 2121 3125 2173 ὁ
3172 2119 3343 2181 τάλας
3383 2117 3581 2187 ἣσθην,
3625 2116 3722 2169 καὶ
3765 2112 3936 2167 εὐθύ-

2360 2229 2531 2281 μησα.
2568 2212 2665 2281 Είη
2701 2211 2759 2264 δέ
2788 2228 2869 2264 σοι
2901 2212 2993 2264 καὶ
3021 2210 3157 2281 πρὸς
3192 2211 3253 2263 τὸ
3284 2211 3411 2280 ἑξῆς
3444 2210 3581 2280 πρὸς
3620 2209 3727 2260 πᾶν
3754 2206 3939 2259 ὁτιοῦν

2356 2304 2464 2357 τῶν
2498 2303 2935 2375 συμὸησομένων
2985 2302 3136 2372 παρά
3178 2302 3386 2373 Κυρίου
3426 2300 3669 2371 βοήθεια.
3710 2298 3939 2368 Ἐπειδὴ

2356 2398 2413 2450 δὲ
2459 2398 2593 2467 ἔφης
2643 2398 2925 2468 προτεῖναι
2981 2394 3141 2449 αὑτὸν
3180 2396 3239 2448 ὲν
3269 2398 3334 2465 τῇ
3367 2394 3600 2459 διαλέξει
3641 2393 3827 2462 φωνὰς
3878 2393 3941 2443 ἐν

2360 2493 2640 2562 ἀνατροπῇ
2708 2490 2815 2542 τῶν
2868 2487 3039 2555 ἁγίων
3088 2488 3341 2541 εἰκόνων’
3392 2486 3562 2556 ἤγουν
3625 2484 3937 2553 ’Δστερίου,

2371 2584 2711 2652 Ἐπιφανίου,
2742 2582 2837 2635 καὶ
2878 2581 3134 2635 Θεοδότου
3162 2598 3176 2611 ·
3207 2580 3511 2646 ἀναγκαῖον
3560 2575 3747 2647 ᾠήθην
3793 2576 3937 2645 πρὸς

2361 2676 2732 2746 καταρτισμὸν
2774 2674 3124 2745 ἀμφοτέρων,
3172 2670 3517 2740 παραθέσθαι
3564 2668 3802 2721 ἐνταῦθα
3827 2683 3843 2698 ·
3885 2668 3939 2718 εἰ

2360 2767 2456 2821 καὶ
2495 2766 2809 2840 ὑπερτείνει
2840 2767 2901 2820 τὸ
2932 2764 3340 2832 ἑπιστολιμαῖον
3373 2760 3543 2829 ὕφος·
3587 2760 3757 2822 αὑτὰς
3784 2758 3938 2810 ὲκεί-

2361 2878 2469 2913 νων
2492 2860 2591 2923 τὰς
2620 2860 2825 2929 φωνὰς,
2876 2858 2971 2910 καὶ
3000 2856 3101 2926 τὴν
3148 2855 3245 2907 σὺν
3292 2853 3411 2923 Θεῷ
3460 2853 3589 2923 παρ’
3637 2851 3795 2921 ἡμῶν
3834 2847 3943 2901 τῶν

2361 2951 2589 3021 ἀμαθῶν
2652 2950 2963 3020 ἀνατροπὴν
3038 2946 3239 3000 αὐτῶν.
3302 2946 3367 2998 Ἡ
3419 2944 3516 2998 οὖν
3573 2943 3667 2996 τοῦ
3747 2942 3942 2994 Ἄστε-

2365 3044 2481 3115 ρίου
2520 3043 2595 3112 (1)
2631 3043 2725 3095 ἐπὶ
2753 3042 2951 3107 λέξεως
3006 3039 3131 3093 τάδε
3156 3054 3171 3067 ⁸
3209 3058 3227 3091 ι
3290 3038 3382 3107 Μὴ
3435 3036 3613 3107 γράφε
3655 3034 3746 3088 τὸν
3803 3035 3941 3105 Χρι·

685 3128 753 3182 ad
788 3128 1015 3182 verbum
1041 3136 1125 3181 est
1184 3128 1520 3198 hujusmodi.
1578 3148 1595 3180 ι
1639 3129 1919 3186 Christum
1982 3147 2049 3185 ne
2075 3133 2254 3203 pinge.

2366 3134 2489 3188 στόν
2515 3150 2530 3165 ·
2572 3136 2734 3205 ἀρκεῖ
2764 3132 2871 3203 γάρ
2910 3130 3060 3203 αὖτῷ
3108 3131 3143 3201 ή
3208 3129 3307 3200 μία
3338 3129 3438 3198 τῆς
3487 3125 3939 3196 ἑνσωματώσεως

687 3217 897 3273 Sufﬁcit
922 3219 1067 3273 enim
1100 3220 1200 3289 ipsi
1232 3221 1375 3287 quod
1395 3220 1461 3274 ad
1492 3236 1806 3290 corpoream
1830 3234 2076 3277 naturam
2105 3240 2261 3279 assu-

686 3310 936 3364 mendam
965 3318 1146 3364 nostra
1178 3326 1343 3365 causa
1373 3326 1432 3364 se
1458 3320 1651 3379 sponte
1670 3311 1876 3367 dimisit
1905 3331 1919 3366 :
1951 3314 2045 3367 sed
2083 3322 2264 3369 mente

689 3410 744 3456 ct
784 3403 1056 3458 intellectu
1093 3400 1331 3457 Verbum
1396 3404 1781 3473 incorporeum
1822 3404 2119 3461 circumfer
2136 3408 2204 3462 σί.
2239 3427 2257 3459 ι

686 3498 1054 3569 lnterrogctur
1108 3498 1289 3568 itaque
1338 3508 1642 3569 argutator,
1694 3501 2051 3569 quamobrem
2094 3501 2262 3557 Chri-

688 3599 835 3647 stum
860 3592 1003 3663 pingi
1038 3601 1218 3661 negat.
1268 3591 1526 3647 Sullicere
1555 3592 1605 3647 ei
1653 3592 1785 3649 dicit
1816 3593 2031 3649 unicam
2082 3595 2266 3650 incor-

689 3682 993 3751 porationis
1026 3684 1413 3749 humilitatem,
1438 3684 1643 3754 quippe
1670 3698 1792 3753 quae
1815 3685 1979 3738 semel
2009 3696 2263 3757 suscepta

688 3783 772 3829 est
796 3776 915 3829 sine
938 3776 1165 3839 honore,
1201 3777 1505 3846 refugiente
1543 3776 1663 3845 ipso
1686 3776 1911 3832 alteram
1940 3777 2266 3835 humilitatis

691 3867 1212 3923 manifestationem.
1238 3869 1308 3943 ‘Et
1338 3872 1612 3939 quomodo
1646 3869 1738 3923 illa
1773 3880 1967 3941 sponte
1991 3881 2264 3943 suscepta,

691 3958 738 4015 si
772 3960 933 4015 habet
963 3959 1278 4029 adjunctam
1312 3959 1629 4015 infamiam?
1653 3959 1792 4016 Nam
1836 3962 1982 4033 quod
2009 3964 2265 4018 volunta-

693 4052 836 4105 rium
858 4060 964 4115 est,
989 4051 1041 4105 id
1070 4050 1368 4122 gloriosum
1392 4067 1632 4123 quoque,
1650 4068 1751 4108 nec
1768 4053 2081 4122 adjunctam
2106 4053 2268 4107 habet

694 4144 1047 4198 involuntarii
1095 4154 1300 4198 notam.
1330 4145 1428 4210 Ac,
1466 4145 1511 4199 si
1568 4161 1657 4200 res
1688 4160 1846 4199 secus
1885 4144 2048 4209 foret,
2085 4152 2266 4200 tamen

694 4233 904 4303 pictura
946 4232 1159 4286 iteratio
1187 4242 1290 4297 est,
1313 4233 1453 4286 idem
1479 4233 1622 4302 quod
1643 4234 1795 4303 prius
1810 4233 2072 4289 exhibens
2088 4235 2270 4304 quoad

695 4324 1136 4379 similitudinem.
1173 4322 1239 4378 Et
1276 4326 1551 4394 quomodo
1601 4324 1749 4381 illius
1803 4326 2123 4381 memoriam
2172 4342 2270 4397 per

696 4416 948 4471 auditum
997 4414 1258 4471 refricare
1310 4433 1419 4470 non
1468 4416 1741 4487 piaculum
1773 4418 1895 4473 sit:
1953 4417 2000 4474 si
2049 4418 2270 4488 quidem

2363 3223 2857 3297 ταπεινοφροσύνῃ,
2921 3225 2988 3295 ἢν
3028 3221 3368 3294 αὐθαιρέτως
3403 3221 3472 3275 δι’
3513 3221 3660 3291 ἡμᾶς
3712 3218 3940 3271 κατεδέ-

2366 3319 2529 3385 ξατοο
2560 3318 2656 3371 ἐπὶ
2684 3316 2741 3370 δὲ
2772 3316 2871 3387 τῆς
2912 3315 3091 3386 ψυχῆς
3138 3332 3231 3367 σου
3290 3312 3576 3384 βαστάζων
3602 3310 3813 3382 νοητῶς
3852 3310 3945 3362 τὸν

2365 3409 2656 3480 ἀσώματον
2706 3408 2877 3477 Λόγον
2914 3409 3203 3477 περίφερε.
3247 3424 3266 3457 ι
3332 3402 3662 3475 Ἐρωτάσθω
3709 3417 3941 3470 τοιγαρ-

2367 3502 2464 3556 οῦν
2517 3506 2546 3557 ὁ
2584 3501 2953 3571 λογογράφος,
3008 3499 3232 3553 ἁνθότου
3284 3495 3675 3566 ἀπαγορεύσας
3705 3492 3947 3563 Χριστὸν

2366 3595 2697 3666 γράφεσθαι,
2727 3597 2920 3666 ἀρκεῖν
2950 3592 3100 3661 αύτῷ
3148 3592 3300 3660 λέγει
3346 3591 3447 3663 τὴν
3478 3588 3609 3659 μίαν
3648 3586 3747 3655 τῆς
3775 3586 3949 3638 ὲνσωο

2374 3689 2674 3761 ματώσεως
2698 3686 3199 3755 ταπεινοφροσύνην
3218 3701 3231 3715 ·
3265 3684 3341 3746 ὡς
3363 3682 3459 3735 καὶ
3490 3682 3588 3752 τὴν
3617 3677 3766 3742 ἅπαξ
3798 3678 3951 3746 αἱρε-

2371 3782 2557 3835 θεῖσαν
2609 3780 2797 3845 ἀδοξον
2832 3777 3195 3845 ὑποφεύγοντι
3248 3775 3347 3844 τὴν
3388 3771 3816 3844 δευτερεύουσαν
3852 3769 3950 3840 τῆς

2370 3869 2877 3942 ταπεινοφροσύνης
2928 3868 3261 3939 φανέρωσιν.
3300 3866 3409 3917 Καὶ
3443 3864 3558 3928 πῶς
3625 3861 3953 3931 αὐθαίρετος

2370 3966 2420 4017 εί
2482 3963 2705 4030 ἀδοξοςς
2750 3961 2813 4016 τδ
2859 3960 2971 4032 γὰρ
3012 3958 3340 4027 αὐθαίρετον
3383 3956 3619 4023 ἔνδοξον,
3666 3954 3771 4008 οὐκ
3827 3952 3951 4025 ἔχον

2369 4056 2465 4110 τοῦ
2514 4055 2776 4110 ἀκουσίου
2834 4053 2897 4107 τὸ
2950 4051 3160 4118 ἄδοξον.
3204 4050 3267 4104 El
3301 4049 3359 4103 δὲ
3390 4048 3553 4103 τοῦτο
3592 4046 3688 4101 οὔ·
3725 4046 3842 4101 ἀλλ’
3872 4046 3953 4099 ὅτι

2370 4150 2699 4221 δευτέρωσις
2743 4149 2777 4219 ἠ
2811 4146 2873 4200 τὸ
2920 4145 3053 4201 αὐτὸ
3105 4144 3202 4199 καὶ
3254 4143 3472 4215 πρῶτον
3517 4139 3641 4195 καθ’
3690 4140 3954 4210 ὁμοίωσιν

2374 4242 2698 4301 δεικνύουσα
2761 4239 2973 4310 γραφή.
3032 4235 3156 4301 [Ιῶς
3203 4235 3260 4289 δὲ
3314 4236 3408 4289 καὶ
3462 4234 3523 4287 τὸ
3562 4229 3952 4301 ὑπομνηματι-

2375 4335 2562 4400 ζεσθαι
2590 4333 2655 4387 δι’
2683 4331 2853 4402 ἀκοῆς
2879 4331 2939 4385 ού
2972 4329 3371 4401 παραιτήσεται
3391 4342 3406 4357 ⁸
3440 4326 3555 4394 εἴγε
3583 4325 3646 4377 τὸ
3678 4324 3749 4376 δι’
3778 4322 3954 4391 ὅψεως

2381 4424 2811 4497 θριαμϐεύεσθαι
2882 4423 2959 4486 ὼς
3012 4420 3344 4490 δευτέρωσιν
3416 4416 3586 4489 φέρον
3644 4414 3955 4485 νεμεσητὸν

700 4524 797 4579 per
836 4512 1010 4564 visum
1066 4525 1176 4564 rem
1227 4510 1531 4580 divulgare,
1564 4511 1721 4581 quasi
1781 4510 1977 4567 iterare
2016 4511 2266 4581 injuriam

2380 4515 2564 4586 αύτῷ;
2604 4514 2900 4583 Ἑκάτερον
2921 4510 3031 4581 γὰρ
3062 4509 3288 4581 θατέρου
3330 4505 3548 4560 σύνοδόν
3604 4520 3666 4557 τε
3698 4504 3795 4559 καὶ
3844 4505 3955 4557 ίσο-

702 4601 901 4655 fuerit?
931 4598 1025 4654 Est
1046 4602 1190 4655 enim
1234 4602 1468 4656 alterum
1500 4602 1655 4657 alteri
1683 4617 1988 4658 consonum
2018 4611 2072 4656 et
2099 4617 2281 4672 aequa-

703 4695 775 4758 le,
814 4704 873 4749 ut
925 4692 1157 4765 magnus
1221 4694 1459 4751 Basilius
1503 4696 1691 4765 divino
1733 4710 1831 4751 ore
1876 4695 2276 4765 pronuntiavit.

2375 4610 2633 4678 δύναμον,
2693 4606 2769 4669 ὡς
2803 4603 2866 4657 τδ
2914 4604 3059 4656 θεῖον
3114 4600 3311 4670 στόμα,
3366 4595 3702 4660 Βασίλειοςό
3756 4595 3952 4667 μέγας,

2377 4694 2781 4769 ἀπεφθέγξατο.
2828 4694 3227 4762 Λογισθήσεται
3258 4690 3316 4743 δὲ
3359 4689 3457 4743 καὶ
3486 4688 3627 4741 κατά
3669 4686 3733 4739 τὸ
3764 4685 3958 4740 ἀνάλο-

704 4787 1044 4858 lntelligetur
1086 4796 1267 4844 autem
1293 4798 1347 4843 et
1381 4804 1475 4859 per
1522 4788 2014 4859 comparationem,
2068 4789 2114 4843 si
2143 4803 2266 4843 cru:

2378 4809 2497 4860 γον,
2545 4790 2641 4843 καὶ
2669 4787 2727 4841 τό
2757 4787 2850 4842 τὸν
2875 4786 3107 4856 σταυρὸν
3137 4782 3287 4849 ἅπαξ
3318 4780 3619 4853 γραφῆναι,
3638 4778 3826 4850 ἑτέρου
3859 4778 3957 4847 δη-

706 4879 875 4934 semel
905 4880 1230 4944 delineatur,
1262 4880 1485 4935 alterius
1512 4880 1762 4935 videlicet
1816 4894 1939 4935 esse
1964 4880 2150 4935 crucis
2176 4880 2280 4933 ite-

2380 4882 2517 4953 λαδὴ
2563 4879 2799 4952 σταυροῦ
2843 4878 3176 4950 δευτέρωσις
3202 4892 3217 4907 ·
3255 4874 3331 4940 ὼς
3380 4873 3477 4929 καὶ
3520 4873 3615 4926 ἐπὶ
3649 4871 3746 4925 τοῦ
3772 4871 3955 4939 Εὐαγ-

707 4971 996 5035 rationem,
1027 4972 1169 5027 sicut
1190 4981 1245 5027 et
1270 4972 1337 5026 de
1360 4971 1668 5042 Evangelia.
1694 4972 2033 5041 thunniam
2056 4986 2266 5041 sempet

2382 4972 2592 5043 γελίου.
2632 4972 2745 5027 Kal
2782 4968 2977 5040 ἐπειδὴ
3001 4969 3090 5023 ἀεὶ
3117 4966 3395 5039 γράφεται
3434 4965 3725 5036 ἀμφότερα
3744 4978 3761 4995 ο
3793 4960 3959 5016 ἀπεί-

710 5072 1005 5135 utrumque
1067 5066 1404 5121 describitur
1427 5084 1442 5133 ;

1522 5066 1838 5122 innumeras
1898 5081 2020 5122 esse
2063 5080 2280 5130 cruces,

710 5156 993 5226 multoque
1020 5156 1175 5227 plura
1227 5154 1541 5227 Evangelia,
1603 5172 1710 5212 non
1764 5171 1931 5211 unam
1983 5164 2038 5211 et
2088 5171 2281 5211 unum.

710 5244 868 5314 Quod
894 5246 943 5303 si
978 5262 1083 5302 una
1120 5264 1253 5303 crux
1306 5258 1361 5304 et
1408 5264 1512 5303 non
1541 5248 1648 5303 alia
1674 5256 1777 5312 est,
1811 5247 1916 5303 etsi
1974 5246 2121 5303 mille
2162 5247 2285 5317 pin-

2384 5081 2513 5135 ρους
2556 5063 2864 5133 σταυροὺς,
2901 5060 3041 5133 πρὸς
3093 5060 3150 5115 δὲ
3188 5059 3287 5113 καὶ
3348 5056 3687 5126 Εὑαγγέλια,
3725 5055 3828 5125 οὐχ
3859 5053 3960 5107 ἕνα

2384 5159 2476 5212 καὶ
2512 5155 2593 5219 ἓν,
2649 5155 2943 5225 ὑπάρχειν.
3007 5153 3072 5207 El
3106 5151 3166 5207 δὲ
3212 5146 3296 5215 εἷς
3348 5154 3448 5206 καὶ
3500 5149 3805 5219 οὐδέτερος,
3856 5146 3960 5200 κᾶν

2388 5249 2691 5322 μυριοστῶς
2718 5249 3008 5319 γράφοιτο,
3042 5247 3275 5318 σταυρὸς
3304 5243 3406 5316 (2).
3435 5244 3549 5298 Kal
3591 5243 3650 5297 ἓν
3677 5240 3775 5295 καὶ
3805 5238 3956 5294 οὐδέ-

2216 5361 2425 5418 ΝῡΤιΕ
2438 5405 2451 5418 .

786 5474 951 5556 (l)_ln
991 5474 1375 5556 Reg-ad
1410 5492 1560 5556 oram
1587 5477 1713 5556 libri
1743 5494 1757 5530 :
1802 5476 1998 5556 ’ἰστέον
2034 5474 2266 5556 ὠς-ἔστιε

2384 5480 2537 5556 ιμρε
2570 5477 2903 5556 fonjuncttts.

726 5547 1004 5619 Ἀστέριος
1037 5547 1141 5599 ὑπὸ
1161 5547 1256 5619 τοῦ
1289 5548 1592 5619 ἀγιωτάτου
1624 5547 1937 5619 Σωφρονίου
1964 5548 2168 5619 ἐντοῖς
2185 5547 2287 5619 αύ-

712 5618 811 5670 τοῦ
848 5616 1145 5679 συνοδέκοϊς
1180 5616 1853 5687 ἀναθεματιζόμενος,5ια“ι
1884 5617 1989 5677 ὑπὸ
2006 5616 2164 5687 ἄλλου
2182 5618 2293 5669 Πα-

714 5688 844 5757 τρὸς
880 5686 1243 5757 ’Δπολιναρίῳ
1261 5685 1362 5741 καὶὴ
1381 5685 1612 5756 Εὐτυχὲί
1637 5687 2083 5757 συνταττόμενος.
2110 5685 2293 5741 Scien-

1277 5706 1353 5741 ιαι
1382 5706 1609 5756 ωτυχει
1637 5706 1897 5743 συνταττο
1945 5706 2083 5749 ενος.
2110 5706 2262 5741 acum

1277 5758 1352 5811 ius
1392 5774 1425 5831 _a
1470 5759 1809 5831 sanctissimo
1853 5706 2172 5831 Δέΐψίιιόηἱο
2196 5772 2266 5831 ξε

2392 5706 2591 5743 νωνται
2619 5706 2885 5752 πλειονες.
2924 5706 3068 5743 unus
3116 5706 3192 5741 est
3233 5706 3473 5743 ωιτηιιιε
3501 5706 3519 5737 ;
3552 5706 3651 5738 em
3704 5706 3860 5735 "mu

2394 5761 2703 5831 pingantur.
2732 5758 2819 5815 Sic
2850 5768 2899 5814 et
2940 5772 3096 5826 crux,
3121 5757 3241 5812 licet
3278 5756 3455 5827 plures
3487 5753 3860 5823 conﬁciantur.

719 5824 1202 5884 auathetnatisatus
1229 5844 1247 5893 ,'
1274 5838 1323 5884 et
1349 5827 1413 5883 ab
1443 5829 1551 5884 alio
1588 5846 1706 5884 cum
1732 5824 2061 5899 Apollinario
2090 5840 2139 5881 et
2188 5824 2297 5880 Eu-

712 5759 845 5811 dum
902 5758 1040 5827 quod
1113 5758 1352 5811 Asterius
1393 5774 1425 5810 a
1470 5759 1809 5813 sanctissimo

2460 5548 2536 5617 (2)
2570 5547 2624 5602 In
2661 5537 2785 5604 cod.
2812 5548 2944 5618 lteg.
2974 5546 3042 5601 ad
3072 5561 3225 5618 oram
3261 5543 3387 5600 libri
3412 5560 3427 5598 :
3452 5537 3546 5618 Εἷς
3568 5544 3688 5618 ἔστι
3706 5538 3960 5618 Χριστὸς.

2390 5609 2491 5673 κᾶν
2520 5609 2840 5692 γράφωνται
2880 5609 3084 5692 μυρίοι.
3126 5614 3523 5692 ΚαὶΔ-σταυρὸς
3550 5612 3722 5692 οὕτω..
3744 5609 3850 5665 πᾶν
3876 5609 3964 5692 γίτ

2392 5683 2591 5743 νωνταί
2619 5683 2892 5752 πλείονεςξ
2924 5683 3068 5743 Unus
3116 5699 3192 5741 est
3233 5683 3473 5743 Christus
3501 5698 3519 5737 :
3552 5684 3651 5738 etsi
3704 5683 3965 5735 innumeri
