4164 6502
239 445 382 510 1213

1435 451 1975 519 EPISTOLARUM
2016 457 2164 521 LIB.
2221 457 2307 519 II.

3361 461 3496 524 1214

235 572 420 626 τερον,
472 555 579 610 κᾶν
628 555 875 628 ἀπείρως
941 557 1233 631 γράφοιτο,
1295 547 1633 631 Εὐαγγέλιον
1657 579 1674 595 ο
1721 563 1816 618 καὶ

1921 571 2121 635 gantur
2159 582 2173 619 :
2197 564 2245 619 si
2275 578 2467 630 unum,
2489 569 2543 620 et
2572 578 2683 620 non
2711 563 2964 628 alterum,
3004 563 3359 635 Evangelium
3385 575 3491 634 est,

237 642 319 713 εἷς
345 649 443 703 καὶ
471 647 533 702 οὐ
577 646 690 715 δύο,
731 647 837 702 κᾶν
887 649 1156 715 ὡσαύτως
1213 652 1501 722 γράφοιτο,
1553 654 1810 724 Χριστός.

237 741 593 814 Γραφόμενος
622 741 732 812 γάρ
783 743 954 807 ἐστιν,
988 744 1063 806 ὡς
1113 745 1658 813 ἀναγινωσκόμενος·
1719 747 1814 799 καὶ

236 836 300 888 οὐ
331 834 708 905 πλησθήσεται
737 830 833 899 οῦς
852 836 962 890 ἀπὸ
982 836 1462 907 ἀκροάσεως,οῠτε
1489 838 1598 907 μὴν
1618 836 1816 906 ὀφθαλ-

243 927 346 996 μὸς
391 926 500 983 ἀπὸ
528 926 776 998 ὁράσεως
802 944 816 958 ⁸
866 929 950 982 ὅτι
997 929 1027 981 6
1053 927 1187 992 Θεὸς
1239 928 1530 999 ἄνθρωπος
1569 930 1764 998 γέγονε
1797 945 1810 959 '

239 1019 338 1077 καὶ
362 1019 444 1072 ὅτι
474 1017 632 1090 ὤφθη
693 1018 896 1090 βρέφος
937 1020 965 1072 6
1022 1018 1242 1082 αίὼνιος
1263 1034 1277 1048 ·
1306 1019 1403 1072 καὶ
1445 1019 1815 1090 γαλακτοτρο-

238 1111 425 1174 φεῖται
450 1110 478 1161 6
509 1108 729 1179 τρέφων
759 1109 829 1163 τά
858 1108 1181 1181 σύμπανταο
1235 1110 1334 1164 καὶ
1379 1110 1740 1177 ἀγκαλίζεται
1787 1113 1816 1166 6

237 1200 655 1273 ἀπερίληπτος⁶
709 1202 806 1255 καὶ
843 1201 1178 1272 χρηματίζει
1225 1203 1362 1278 ἀνὴρ
1421 1205 1450 1257 6
1502 1204 1812 1275 ύπέρθεος·

239 1295 338 1348 καὶ
375 1294 702 1364 βαπτίζεται
737 1296 771 1366 ή
799 1295 900 1364 τῆς
932 1295 1130 1362 σοφίας
1161 1295 1434 1360 ἄϐυσσος·
1489 1298 1584 1351 καὶ
1613 1298 1718 1368 δρᾷ
1747 1298 1815 1352 τά

241 1385 525 1456 θεοπρεπῆ
582 1385 679 1440 καὶ
735 1386 1187 1457 άνθρωποπρεπῆ
1243 1387 1272 1438 6
1328 1387 1685 1457 ὑπερούσιος·
1723 1389 1814 1441 καὶ

243 1477 578 1548 σταυροῦται
606 1479 635 1531 6
675 1476 778 1546 τῆς
816 1476 978 1546 δόξης
1008 1476 1214 1545 Κύριος
1236 1495 1252 1511 ο
1290 1478 1390 1530 καὶ⁹
1420 1477 1686 1531 θάπτεται
1720 1481 1814 1533 καὶ

240 1569 530 1624 ἀνίσταται
582 1570 610 1623 6
649 1567 934 1633 ζωοποιῶν
959 1573 1027 1622 τὰ
1053 1569 1350 1640 σύμπαντα
1375 1586 1388 1600 ·
1443 1569 1538 1624 καὶ
1569 1571 1814 1636 ἀναλαμ-

240 1659 468 1713 6άνεται
520 1659 1011 1732 ἀνθρωποπρεπῶς
1058 1663 1086 1714 6
1128 1661 1387 1732 μηδαμοῦ
1435 1662 1812 1734 χωρούμενος.

238 1750 552 1806 Παυσάσθω
595 1753 960 1821 ἀπαγορεύειν
997 1753 1098 1826 τὴν
1128 1753 1272 1808 οὕτω
1304 1757 1572 1826 σωτήριον
1609 1757 1814 1827 κόσμου

239 1843 368 1900 καθ’
416 1845 656 1909 ἑκάτερα
715 1846 1028 1916 φανέρωσιν
1055 1863 1069 1878 ο
1107 1848 1203 1900 καὶ
1248 1847 1348 1916 τὴν
1396 1848 1557 1914 δόξαν
1601 1849 1812 1920 Κυρίου

1917 658 2022 713 etsi
2067 658 2280 714 intinite
2321 658 2711 714 describatur:
2745 659 2826 714 sic
2875 673 3039 724 unus,
3069 673 3180 713 non
3220 660 3492 726 geminus,

1917 751 2021 806 etsi
2070 750 2322 806 similiter
2397 750 2675 820 pingatur,
2740 749 2995 806 Christus
3075 759 3180 806 est.
3242 749 3496 822 Pingitur

1917 843 2088 908 enim,
2124 851 2186 897 ut
2214 850 2268 896 et
2292 842 2487 912 legitur
2513 861 2525 896 :
2563 857 2660 896 nec
2685 842 3076 910 multiplicatur
3106 841 3256 896 auris
3279 842 3491 907 auditu,

1917 943 2013 989 aut
2059 934 2254 988 oculus
2283 934 2422 988 visu.
2461 931 2580 987 Jam
2635 948 2759 987 cum
2814 934 2957 988 Deus
2991 932 3173 987 factus
3197 933 3361 988 homo
3393 935 3488 998 sit,

1918 1026 2100 1083 infans
2150 1027 2371 1082 habitus
2405 1026 2499 1095 qui
2527 1025 2893 1094 sempiternus
2926 1043 2939 1078 :
2970 1039 3096 1078 cum
3133 1024 3275 1078 lacte
3314 1025 3495 1080 alatur

1917 1134 2014 1189 per
2074 1133 2238 1190 quem
2285 1118 2540 1172 universa
2598 1117 2858 1182 aluntur;
2896 1131 3022 1170 cum
3072 1116 3496 1186 incomprehen-

1919 1209 2098 1265 sibilis
2149 1209 2292 1264 ulnis
2337 1209 2720 1273 contineatur;
2750 1223 2872 1261 cum
2936 1208 3021 1260 vir
3060 1207 3360 1277 appelletur
3397 1207 3493 1278 qui

1920 1300 2063 1354 Deus
2099 1300 2336 1354 eximius
2360 1306 2443 1354 est
2471 1316 2487 1365 ;
2520 1314 2644 1355 cum
2676 1299 2982 1368 baptizatur
3030 1297 3081 1353 is
3122 1297 3280 1367 cujus
3325 1298 3487 1352 inex-

1917 1391 2115 1445 hausta
2176 1389 2443 1459 sapientia
2506 1398 2633 1455 est;
2677 1404 2800 1443 cum
2879 1387 3064 1443 divina
3143 1388 3496 1460 humanaque

1918 1489 2139 1552 peragat
2172 1481 2266 1550 qtti
2307 1489 2555 1534 naturam
2599 1495 2817 1533 omnem
2876 1487 3138 1549 superat;
3178 1497 3300 1536 cum
3341 1481 3494 1538 cruci

1918 1573 2181 1626 Dominus
2210 1571 2396 1640 gloriae.
2457 1569 2747 1639 alligatur;
2803 1570 3098 1640 sepeliatur
3143 1586 3207 1624 ac
3243 1580 3495 1642 resurgat

1918 1665 1965 1719 is
2013 1665 2104 1734 qui
2155 1665 2320 1718 rebus
2347 1661 2603 1716 omnibus
2637 1660 2804 1714 vitam
2863 1661 3149 1730 impertit;
3192 1662 3494 1731 accipiatur

1917 1756 2151 1825 denique
2181 1766 2241 1809 ut
2274 1754 2555 1808 hominem
2588 1753 2745 1808 decet
2771 1752 2817 1808 is
2856 1754 2952 1822 qui
2980 1754 3134 1808 nullo
3165 1755 3339 1823 spatio
3365 1770 3495 1808 con-

1919 1851 2140 1904 tinetur.
2178 1847 2406 1902 Desinat
2451 1857 2560 1901 tam
2585 1847 2881 1901 salutarem
2915 1848 3123 1901 mundo
3166 1857 3400 1917 utraque
3428 1863 3495 1900 ex

236 1933 462 1998 ἀδοξίαν
517 1933 944 2006 ὑποτιθέμενος,
993 1936 1088 1990 καὶ
1122 1937 1222 2009 τὴν
1253 1939 1581 2010 αὐθαίρετον
1621 1958 1815 1995 ταπει-

1921 1951 2071 2012 parte
2102 1938 2598 1993 manifestationem
2652 1938 2967 2008 prohibere,
3026 1947 3080 1992 et
3114 1954 3238 1992 cum
3280 1936 3496 1991 Domini

235 2027 581 2099 νοφροσύνην
610 2028 867 2082 ἀκούσιον
901 2029 1375 2100 ὑποδαλλόμενος’
1414 2034 1718 2087 παυσάσθω
1760 2034 1816 2089 δὲ

236 2119 338 2172 καὶ
359 2118 438 2190 τῷ
467 2120 686 2190 μεγάλῳ
712 2121 980 2192 Βασιλείῳ
1004 2121 1451 2192 ἀντιφερὸμενος,
1484 2119 1546 2180 οῦ
1570 2127 1602 2196 ἡ
1637 2127 1812 2196 φωνὴ,

237 2209 381 2262 Θεοῦ
423 2205 734 2282 φωνήοῶδέ
771 2230 872 2265 που
913 2212 1322 2282 προστάσσοντι
1349 2231 1361 2245 ·
1409 2234 1428 2268 ‹
1502 2217 1814 2287 Ἐγγραφέ-

239 2303 356 2355 σθω
384 2303 462 2374 τῷ
489 2307 678 2356 πίνακι
712 2305 808 2355 καὶ
834 2305 861 2356 ὀ
898 2305 1010 2355 τῶν
1048 2304 1446 2375 παλαισμάτων
1469 2306 1816 2378 ἀγωνοθέτης

237 2397 496 2466 Χριστός.
533 2414 552 2447 ι
600 2395 874 2467 Ἐρῤίφθω
919 2395 976 2447 δέ
1021 2413 1125 2449 που
1167 2397 1314 2451 θείου
1375 2398 1540 2469 χοροῦ
1581 2400 1681 2452 σὺν
1746 2402 1812 2470 τῇ

239 2486 496 2559 παρούσῃ
545 2488 821 2557 ἀποφάσει
867 2489 1022 2560 καὶὴ
1070 2489 1202 2560 ἑξῆς
1257 2493 1592 2560 κατάφασις,
1625 2490 1701 2554 ὡς
1753 2492 1815 2546 τὸ

240 2577 359 2634 ῐσον
406 2578 506 2649 τῆς
531 2578 762 2642 ἀτοπίας
801 2578 1022 2649 ἔχουσα.

309 2755 378 2808 Τί
397 2755 505 2826 γάρ
519 2772 683 2825 φησιν
703 2773 716 2821 ;
735 2757 860 2810 ‘Errl
875 2758 933 2810 δὲ
955 2759 1057 2823 τῆς
1076 2759 1255 2830 ψυχῆς
1276 2777 1369 2813 σου
1387 2759 1670 2830 βαστάζων
1687 2780 1815 2834 νοη-

236 2849 350 2912 τῶς
370 2847 460 2901 τὸν
487 2846 780 2918 ἀσώματον
809 2853 981 2920 Λόγον
1007 2853 1296 2922 περίφερε.
1325 2853 1390 2905 Ὢ
1424 2855 1522 2922 τῆς
1555 2854 1810 2922 ἀλογίαςί

238 2941 482 2995 Οὐτίπου
501 2941 607 3012 γὰρ
631 2943 774 2996 θεῖον
801 2946 975 3014 στόμα
1007 2944 1296 3014 ἀσώματον
1326 2945 1418 2998 τὸν
1442 2948 1636 3015 Λόγον,
1676 2949 1814 3017 μετὰ

237 3035 301 3092 τὸ
322 3033 574 3102 γενέσθαι
605 3036 765 3088 αὑτὸν
805 3038 1007 3107 σάρκα,
1041 3037 1288 3108 λέλεχεν;
1327 3039 1526 3090 Οὐκέτι
1561 3039 1661 3110 μὲν
1705 3040 1814 3111 γάρ

240 3127 422 3195 σάρκα
461 3125 718 3197 Χριστὸν,
760 3128 876 3180 ἀλλ’
933 3128 1035 3181 οὐκ
1081 3129 1376 3198 ἀσώματον
1441 3131 1532 3183 τὸν
1563 3132 1734 3198 Λόγον
1787 3134 1815 3185 6

243 3218 388 3288 ἱερὸς
429 3219 749 3283 Ἀπόστολος
789 3222 1032 3291 εἴρηκεν,
1065 3222 1122 3273 ὲν
1169 3216 1250 3284 οἷς
1285 3239 1452 3291 φησιν
1482 3241 1497 3254 ο
1533 3222 1722 3293 Ἡμεῖς
1746 3223 1816 3276 δὲ

239 3309 361 3365 ἀπὸ
386 3311 495 3366 τοῦ
521 3312 639 3366 νῦν
679 3311 898 3367 οὐδένα
931 3313 1178 3382 οἴδαμεν
1205 3326 1356 3367 κατα
1400 3315 1599 3384 σάρκα
1634 3334 1649 3349 ο
1669 3319 1720 3370 ει
1747 3316 1816 3368 δὲ

239 3401 342 3454 καὶ
381 3401 725 3472 ἐγνώκαμεν
767 3403 916 3456 κατὰ
949 3403 1145 3473 σάρκα
1176 3406 1456 3472 Χριστὸν,
1497 3405 1661 3461 ἀλλὰ
1699 3407 1815 3460 νῦν

239 3493 441 3548 οὐκέτι
483 3493 875 3564 γινώσκομεν.
904 3496 1083 3568 Ὅπερ
1116 3497 1436 3568 ἑρμηνεύων
1479 3501 1507 3550 ὁ
1552 3498 1814 3565 Θεολόγος

240 3586 567 3656 Γρηγὸριος,
596 3589 661 3639 τά
690 3589 933 3659 σαρκικά
959 3589 1063 3659 ἔφη
1100 3589 1270 3660 πάθη,
1309 3591 1403 3643 καὶ
1427 3591 1595 3660 χωρὶς
1631 3591 1816 3661 ἀμαρ-

238 3677 365 3742 τῖας
394 3679 640 3749 ἡμέτερα
678 3695 691 3709 ⁸
739 3679 814 3742 ὡς
841 3681 935 3733 καὶ
973 3679 1206 3750 ἀλλαχοῦ
1248 3699 1414 3753 φησιν
1444 3696 1461 3713 ⁶
1483 3681 1683 3736 Οὐκέτι
1715 3683 1816 3751 μὲν

242 3771 445 3839 σάρκα,
475 3771 575 3823 οὐκ
600 3771 895 3842 ἀσώματον
917 3773 992 3826 δέ.
1035 3774 1095 3826 '0
1124 3774 1180 3827 δὲ
1211 3773 1506 3846 ἀσώματον
1523 3775 1615 3826 τὸν
1641 3775 1816 3843 Λόγον

241 3863 449 3934 φήσας,
487 3865 548 3915 ού
609 3865 770 3932 μόνον
819 3869 931 3926 τοῖς
981 3865 1153 3930 δυσίν,
1194 3865 1332 3918 ἁλλά
1386 3869 1482 3919 καὶ
1513 3869 1649 3920 πᾶσι
1697 3870 1817 3930 τοῖς

240 3955 528 4025 θεοφόροις
560 3953 870 4024 μαχόμενος
893 3950 1019 4008 εἷεν.
1057 3957 1335 4011 Δέδεικται
1364 3959 1545 4012 τοίνυν
1599 3959 1816 4028 φύσεως

239 4048 388 4117 λόγῳ
436 4049 622 4118 ἀτόπῳ
682 4047 883 4101 ἄτοπον
939 4049 1384 4122 ἑπακολουθῆσαν
1418 4052 1555 4106 ’καὶ
1599 4055 1667 4124 τῇ
1720 4053 1816 4107 τοῦ

240 4139 476 4209 ψεύδους
511 4140 806 4211 ἀνατροπῇ.
836 4139 1040 4194 κείσθω
1079 4143 1454 4214 ἀντιστρόφως
1497 4147 1530 4217 ἡ
1562 4145 1816 4216 ἀλήθεια.

244 4231 399 4298 11ὡς;
441 4231 480 4283 Γ
486 4233 624 4302 ράφε
670 4233 760 4285 τὸν
802 4233 1037 4304 Χριστὸν
1073 4237 1207 4288 ὅπου
1236 4236 1318 4290 δεῖ
1344 4253 1357 4266 ·
1389 4237 1462 4301 ὡς
1487 4239 1628 4309 ἔχων
1657 4239 1818 4292 αὑτὸν

243 4323 607 4376 κατοικοῦντα
635 4327 694 4378 ὲν
719 4329 786 4397 τῇ
813 4327 1010 4398 καρδίᾳ
1034 4344 1126 4380 σου
1157 4345 1173 4360 '
1202 4329 1291 4381 ἵνα
1321 4330 1415 4383 καὶ
1448 4332 1821 4400 ἀναγινωσκόο

247 4431 412 4484 μενος
445 4417 504 4467 ὲν
552 4415 744 4487 δέλτῳ,
774 4419 868 4470 καὶ
915 4421 1191 4490 ὁρώμενος
1223 4423 1280 4473 ὲν
1327 4422 1514 4494 Γραφῇ
1547 4443 1560 4456 ·
1591 4423 1666 4487 ὠς
1698 4426 1820 4488 ταῖς

242 4507 400 4580 δυσὶν
449 4507 737 4579 αἰσθήσεσι
785 4510 1186 4582 γνωριζόμενος
1213 4513 1429 4578 διττῶς,
1462 4516 1668 4588 φωτίζῃ
1720 4533 1815 4570 σου

1918 2033 2143 2102 gloriam
2197 2030 2554 2101 ignominiam
2606 2039 2841 2099 reputat,
2873 2039 2926 2085 et
2984 2045 3108 2083 cum
3141 2039 3496 2100 spontaneam

1917 2123 2282 2178 humilitatem
2319 2130 2508 2178 contra
2543 2122 2882 2174 voluntatem
2925 2121 3097 2176 fuisse
3126 2121 3265 2175 falso
3295 2136 3498 2190 suppo-

1916 2216 1996 2269 nit
2023 2231 2037 2268 :
2072 2214 2290 2269 desinat
2318 2223 2370 2266 et
2392 2229 2591 2283 magno
2625 2212 2824 2266 Basilio
2859 2213 3159 2276 adversari,
3184 2212 3342 2281 cujus
3369 2228 3494 2276 vox,

1919 2308 2010 2363 Dei
2042 2322 2146 2360 vox
2172 2315 2293 2360 est:
2327 2305 2409 2359 sic
2448 2315 2632 2358 autem
2667 2307 2711 2358 is
2744 2304 2945 2358 alicubi
2988 2303 3232 2373 prarcipit
3260 2322 3273 2358 :
3319 2321 3338 2355 ι
3367 2302 3497 2356 Pin-

1917 2409 2074 2469 gatur
2107 2399 2160 2452 in
2195 2397 2381 2451 tabula
2419 2408 2473 2451 et
2516 2397 2878 2452 certaminum
2917 2412 3119 2465 praeses
3150 2396 3402 2450 Christus
3429 2398 3472 2428 θ’

1917 2491 2254 2560 Repudietnr
2305 2497 2488 2543 autem
2529 2505 2558 2542 a
2615 2489 2827 2558 piorum
2863 2498 3008 2544 caatu
3065 2503 3192 2542 cum
3233 2488 3336 2542 hac
3368 2504 3500 2542 sen-

1916 2585 2107 2647 tentia,
2141 2597 2376 2652 sequcns
2419 2596 2640 2650 quoque
2699 2581 2954 2645 assertio,
3006 2597 3129 2636 cum
3181 2583 3255 2636 ait
3310 2581 3403 2636 illa
3431 2597 3499 2637 ex

1915 2690 2073 2745 aequo
2099 2673 2358 2728 absurda.

1987 2767 2128 2834 Quid
2150 2766 2293 2821 enim
2327 2764 2438 2819 ait?
2466 2763 2524 2817 In
2556 2764 2739 2817 animo
2759 2773 2850 2816 tuo
2867 2779 2962 2833 per
2979 2764 3498 2832 contemplationem

1917 2862 2301 2927 incorporeum
2370 2854 2608 2909 Verbum
2673 2855 3064 2911 circumfer.0
3118 2857 3490 2910 dementiam!

1916 2952 2170 3021 Nunquid
2206 2951 2350 3004 enim
2386 2950 2475 3003 Dei
2502 2965 2603 3003 vox
2636 2949 3021 3016 incorporeum
3057 2949 3316 3014 Verbum,
3351 2959 3502 3019 post-

1915 3060 2080 3115 quam
2112 3058 2240 3098 caro
2299 3042 2502 3096 factum
2561 3051 2666 3104 est,
2731 3042 3070 3111 appellavit?
3132 3041 3246 3095 Non
3277 3058 3498 3096 carnem

1914 3138 2137 3209 quidem
2171 3135 2470 3196 Christum,
2515 3137 2606 3189 sed
2634 3150 2808 3204 neque
2838 3135 3217 3202 incorporeum
3261 3131 3498 3188 Verbum

1916 3243 2071 3284 sacer
2103 3226 2398 3295 Apostolus
2431 3225 2586 3290 dixit,
2609 3223 2700 3277 ubi
2722 3224 2803 3277 sic
2825 3223 2900 3275 ait
2929 3243 2941 3276 :
2974 3222 3162 3292 Itaque
3193 3239 3288 3275 nos
3315 3239 3379 3276 ex
3405 3222 3502 3274 hoc

1925 3320 2181 3374 neminem
2208 3318 2444 3370 novimus
2504 3315 2792 3372 secundum
2823 3330 3075 3368 carnem:
3115 3315 3215 3368 etsi
3259 3314 3502 3384 cognovi-

1923 3428 2038 3465 mus
2062 3409 2349 3464 secundum
2375 3425 2584 3460 carnem
2613 3407 2924 3472 Christum;
2955 3407 3044 3459 sed
3079 3423 3214 3458 nunc
3244 3405 3362 3475 jam
3399 3421 3502 3458 non

1924 3502 2160 3554 novimus
2185 3499 2250 3554 υ.
2285 3498 2440 3565 Quod
2477 3499 2868 3566 interpretatus
2915 3497 3211 3565 Gregorius
3271 3497 3503 3550 Theolo-

1921 3607 2024 3663 gus
2059 3595 2124 3658 “,
2150 3593 2330 3647 carnis
2383 3592 2523 3645 dixit
2583 3590 2829 3653 affectus,
2858 3598 2912 3644 et
2964 3605 3086 3658 qua:
3141 3597 3326 3642 nostra
3361 3599 3496 3642 sunt

1925 3686 2131 3755 absque
2159 3694 2412 3755 peccato:
2458 3693 2515 3737 ut
2542 3692 2595 3737 et
2625 3683 2753 3736 alibi
2781 3681 2913 3736 dicit
2942 3696 2954 3729 :
2989 3681 3100 3750 jam
3142 3680 3360 3749 quidem
3392 3695 3502 3732 non

1926 3793 2167 3844 carnem,
2196 3793 2303 3830 non
2355 3777 2738 3844 incorporeum
2792 3784 2993 3827 tamen.
3033 3773 3133 3841 Qui
3167 3787 3294 3826 vero
3324 3772 3504 3825 incor—

1925 3884 2150 3940 poreum
2181 3867 2416 3920 Verbum
2461 3866 2612 3931 dicit,
2663 3880 2772 3919 non
2825 3864 3041 3918 duobus
3105 3865 3290 3928 modo,
3326 3863 3419 3916 sed
3448 3872 3504 3916 et

1925 3960 2178 4015 omnibus
2228 3960 2430 4013 sanctis
2483 3958 2738 4012 Patrihns
2807 3958 3149 4009 adversatur.
3209 3953 3501 4009 Ostensum

1927 4052 2091 4125 igitur
2121 4052 2332 4107 rati0ne
2364 4052 2606 4122 physica,
2657 4051 2960 4106 absurdum
2987 4064 3054 4102 ex
3086 4046 3332 4102 absurdo
3366 4061 3503 4101 con-

1926 4145 2102 4215 sequi.
2130 4142 2249 4198 Jam
2286 4143 2575 4213 proﬂigato
2605 4140 2913 4202 mendacio,
2944 4155 3009 4193 ex
3034 4139 3265 4192 adverso
3298 4135 3502 4191 veritas

1927 4245 2216 4292 staluatur.
2251 4234 2368 4300 Quo
2396 4231 2601 4303 pacto?
2661 4231 2940 4286 Christum
2994 4229 3155 4299 pinge
3195 4227 3286 4281 ubi
3325 4241 3505 4295 opera:

1926 4330 2159 4399 pretium
2197 4326 2363 4380 fuerit
2392 4344 2404 4381 :
2444 4336 2699 4394 tanquam
2738 4323 2914 4393 ipsum
2946 4337 3137 4392 gerens
3168 4320 3501 4374 habitantem

1929 4423 1983 4476 in
2015 4419 2182 4475 corde
2208 4427 2303 4473 tuo
2334 4436 2348 4472 :
2388 4427 2448 4471 ut
2474 4418 2590 4471 sive
2631 4417 2684 4470 in
2715 4416 2857 4470 libro
2893 4416 3128 4484 legatur,
3160 4412 3275 4466 sive
3307 4426 3503 4466 cerna-

1929 4528 2018 4571 tur
2057 4517 2109 4570 in
2146 4517 2396 4585 pictura;
2453 4523 2713 4584 tanquam
2771 4511 2974 4581 duplici
3035 4525 3202 4565 sensu
3260 4509 3500 4579 agnitus,

245 4599 346 4663 τὰς
376 4600 578 4671 φρένας
616 4617 630 4631 ο
659 4601 923 4672 μαθόντος
973 4605 1109 4674 ὅπερ
1149 4603 1238 4656 διὰ
1272 4605 1431 4672 λόγου
1466 4608 1806 4678 κατηχήθης,

1929 4601 2178 4657 bifariam
2211 4602 2457 4655 animum
2490 4610 2643 4654 tuum
2670 4600 2971 4663 collustret,
3005 4607 3288 4668 expertum
3314 4598 3504 4666 utique

246 4690 406 4742 τοῦτο
427 4691 646 4760 βλέπειν
673 4695 794 4745 κατ’
835 4693 1172 4762 ὀφθαλμούς.
1209 4696 1318 4749 Καί
1346 4713 1407 4762 γε
1447 4701 1504 4749 ὲν
1531 4698 1608 4768 τῷ
1645 4699 1820 4762 οὕτως

248 4779 637 4844 άκουτίζεσθαι
675 4782 769 4834 καὶ
815 4783 1064 4853 ὁρᾶσθαι,
1098 4785 1200 4837 οὐκ
1233 4787 1345 4854 ἔχει
1393 4786 1554 4855 φύσιν
1585 4786 1659 4858 μὴ
1698 4789 1823 4857 οὐχ),

245 4870 566 4936 δοξάζεσθαι
599 4872 755 4938 Θεὸν,
786 4874 878 4926 καὶ
912 4874 1348 4930 κατανύττεσθαι
1405 4877 1695 4948 ἄνθρωπον
1720 4878 1818 4931 εὑ-

250 4963 385 5034 σεδῆ
415 4982 428 4995 .
465 4959 524 5017 οὗ
569 4967 623 5019 τί
654 4965 719 5020 ἂν
749 4968 960 5035 γένοιτο
996 4969 1509 5041 σωτηριωδέστερον
1557 4971 1652 5024 καὶ
1703 4969 1823 5040 Θεῷ

248 5057 617 5129 εὐπρόσιτονς
660 5059 847 5123 Οὕτως
887 5057 979 5115 οὖν
1025 5064 1070 5114 οἱ
1113 5062 1396 5131 ούδαμινώ⁸
1445 5063 1679 5133 νοοῦμεν
1725 5067 1824 5117 τά-

249 5149 395 5221 ληθῆ
429 5167 442 5182 ⁸
480 5152 528 5205 εί
562 5152 658 5205 καί
684 5169 829 5214 τινες
873 5153 981 5205 τῶν
1012 5153 1118 5224 πρὸ
1143 5154 1304 5224 ἡμῶν
1358 5156 1518 5225 ἱερῶν
1565 5155 1825 5224 Πατέρων

250 5241 457 5313 ἑτέρως
505 5244 843 5316 ὑπειλήφασι
872 5244 934 5298 τὸ
975 5246 1286 5316 διελεγχθὲν
1340 5247 1660 5317 πρόϐλημα.
1717 5248 1829 5317 Τῆς

253 5332 385 5398 γοῦν
421 5335 576 5389 τοῦδε
609 5337 791 5407 φωνῆς
823 5337 1248 5408 περαιωθείσης,
1283 5339 1368 5402 τίς
1406 5338 1557 5410 ὴτοῦ
1600 5339 1830 5408 Ἐπιφαο

1921 4696 2066 4765 quod
2125 4709 2222 4763 per
2252 4709 2566 4747 sermonem
2601 4693 2827 4747 edoctus
2874 4707 2952 4756 es,
2984 4691 3087 4744 hoc
3114 4693 3292 4759 ipsum
3327 4688 3504 4743 oculis

1925 4780 2148 4837 intueri.
2191 4781 2354 4850 Atqui
2393 4797 2515 4834 cum
2547 4781 2627 4834 sic
2659 4780 2874 4833 auditur
2904 4795 2969 4834 ac
3001 4780 3272 4843 cernitur,
3309 4786 3503 4832 natura

1925 4875 2157 4931 omnino
2191 4885 2568 4944 comparatum
2601 4881 2682 4926 est
2706 4880 2764 4926 ut
2793 4882 2847 4927 et
2881 4871 3216 4943 gloriﬁcatur
3251 4870 3417 4936 Deus,
3449 4877 3504 4923 et

1924 4973 2092 5026 homo
2140 4970 2266 5039 pius
2296 4969 2483 5023 dolore
2516 4977 2792 5037 pungatur
2820 5006 2835 5030 ,
2890 4981 3002 5036 quo
3042 4965 3171 5036 quid
3203 4963 3504 5018 salutarius

1926 5063 2042 5118 ﬁeri
2095 5072 2298 5132 potest,
2360 5071 2451 5114 aut
2495 5060 2756 5116 facilioris
2799 5060 2866 5113 ad
2917 5058 3087 5113 Deum
3149 5054 3500 5111 aditus‘iSic

1926 5154 2094 5223 igitur
2125 5169 2224 5206 nos
2253 5152 2436 5220 pusilli
2483 5167 2608 5206 vera
2642 5151 2948 5218 cogitamus
2988 5168 3002 5203 :
3042 5146 3143 5201 etsi
3198 5145 3420 5216 quidam
3473 5159 3505 5199 e

1927 5247 2133 5302 sanctis
2166 5246 2445 5307 Patribus,
2483 5245 2578 5314 qui
2635 5259 2735 5298 nos
2786 5247 3205 5311 praecesserunt,
3252 5237 3507 5293 confuta-

1929 5349 2042 5396 tam
2077 5340 2438 5410 quaestionem
2496 5339 2654 5393 aliter
2708 5351 2988 5406 accepere.
3033 5335 3148 5389 Hac
3179 5333 3343 5404 igitur
3374 5347 3509 5386 con-

253 5442 373 5476 νιου
400 5427 512 5496 (5);
553 5429 756 5499 Νοὴσει
808 5433 840 5502 ἡ
896 5433 962 5501 σὴ
998 5431 1315 5497 θεοσέϐεια,
1351 5433 1399 5484 εί
1442 5430 1658 5500 πρέπον
1711 5432 1816 5484 ἐστί

1931 5433 2071 5488 fecta
2120 5433 2267 5488 illius
2306 5433 2600 5495 sententia,
2642 5445 2890 5501 quaenam
2962 5429 3135 5482 altera
3218 5421 3506 5496 Epiphauii

259 5517 604 5647 F_l‘i‘oll01tiil.
647 5537 663 5575 ι
697 5520 771 5577 De
795 5524 963 5580 divite
991 5536 1044 5580 et
1071 5523 1302 5579 Lazaro.
1378 5524 1421 5554 ⁶¹
1466 5523 1620 5578 Orat.
1665 5526 1720 5577 in
1754 5523 1815 5578 S.
1860 5523 2158 5591 Barlaam,
2194 5525 2248 5578 in
2278 5524 2404 5579 line.
2482 5525 2527 5555 “
2553 5523 2596 5580 ll
2621 5522 2747 5578 Cor.
2781 5539 2834 5588 v,
2874 5521 2960 5575 16.
3036 5520 3083 5551 ⁸⁵
3119 5516 3271 5574 Orat.
3311 5518 3398 5581 ll,
3440 5517 3510 5571 de

308 5611 322 5647 ι
408 5629 423 5644 .

1763 5685 1995 5741 NOTAE.

329 5778 480 5849 ('5)ln
515 5777 639 5849 cod.
663 5777 798 5849 Reg.
829 5777 908 5849 ad,
927 5777 1257 5849 orantliltri:
1286 5776 1482 5849 ’ἰστέον
1503 5778 1580 5839 ὡς
1608 5777 1816 5849 Ἔπὶφαη

1946 5777 2052 5849 ὑπὸ
2099 5777 2154 5831 δὲ
2203 5776 2298 5831 τοῦ
2347 5777 2505 5849 ἁγίου
2557 5773 3054 5849 Σωφρονίουκμετά
3106 5773 3513 5849 Καρποκράτην

261 5842 373 5913 νιος
395 5842 512 5901 ’ὑπὸ
545 5848 638 5900 τοῦ
669 5848 825 5913 ἁγίου
859 5848 1276 5913 Ἐπιφανίου,ὲν
1313 5847 1391 5915 τῷ
1422 5847 1520 5915 λβ’.
1557 5842 1838 5915 κεφαλαίῳ
1959 5847 2278 5913 Ἐπιφάνιος
2328 5842 2807 5915 ἀναθεματίζεται.
2836 5842 3149 5915 Sciendum
3207 5845 3343 5912 quod
3383 5842 3512 5911 Epi-

264 5922 375 5980 τῶν
402 5918 683 5986 αἱρέσεων,
703 5916 1039 5986 Οὐαλεντίνῳ
1061 5917 1152 5969 καὶ
1182 5914 1432 5986 Ἰσιδώρῳ
1459 5914 1816 5970 συντάττεται

1945 5918 2172 5985 phanius
2207 5935 2236 5970 τι
2259 5927 2444 5971 sancto
2480 5914 2798 5983 Epiphanio,
2821 5914 3084 5970 ltwrcseon
3112 5915 3281 5981 capite
3316 5928 3511 5978 xxxiii,
