4164 6480
666 390 805 453 1215

1853 397 1914 457 S.
1955 398 2349 460 THEODORI
2385 401 2728 462 STUDlTiﬁ

3784 393 3934 460 1216

655 503 787 558 est?
816 499 1027 556 Viderit
1057 501 1234 571 pletas
1265 511 1378 566 tua,
1434 517 1565 556 nam
1601 503 1791 559 deceat
1838 505 2116 576 depictum
2146 523 2243 562 co-

2357 511 2480 563 Βεὸν
2511 511 2655 580 ἔχειν
2688 510 2836 579 ἡμᾶς
2876 505 3239 577 ζωγραφητὸν
3284 505 3372 558 διὰ
3414 504 3748 575 χρωμάτων.
3780 507 3934 576 Ὅρα

658 592 869 648 loribus
909 608 1009 647 nos
1038 593 1236 647 habere
1269 591 1463 648 Deum.
1524 592 1659 649 Vide
1687 609 1855 664 porro
1893 598 2235 652 mendacem.

657 684 776 741 Non
811 685 1089 742 Christum
1127 688 1284 752 dixit,
1341 688 1395 742 in
1453 705 1564 758 quo
1613 692 2053 761 circumscriptio
2111 709 2237 748 cum

659 779 1227 846 iueircumscriptione
1263 780 1675 835 demonstratur
1705 801 1718 836 :
1754 785 1834 838 sic
1867 786 2012 838 enim
2041 787 2241 839 utrius-

655 887 760 938 que
805 881 1016 926 natura:
1043 873 1342 926 declaratio
1393 873 1486 928 tit:
1533 875 1627 928 sed
1680 874 1848 929 Deum
1904 878 2104 931 habere
2139 893 2239 932 nos

657 964 958 1033 depictum,
1016 962 1252 1018 Verbum
1313 965 1654 1021 humanitate
1714 983 1924 1024 exuens
1965 985 2030 1022 ex
2065 969 2238 1022 Mani-

656 1055 934 1109 chaeorum
980 1056 1272 1119 sententia,
1325 1072 1388 1111 ac
1437 1057 1605 1112 Deum
1648 1059 1855 1112 nudum
1906 1074 2238 1129 proponens,

658 1155 718 1199 ut
755 1147 1150 1216 propositionis
1221 1149 1562 1204 absurditate
1643 1160 1846 1204 terreat
1904 1152 2238 1204 audientem.

661 1237 752 1292 Sic
778 1237 1023 1308 profecto
1072 1248 1126 1293 et
1174 1239 1443 1293 visibilem
1504 1239 1673 1295 Deum
1705 1243 1888 1295 dicere
1941 1242 2242 1296 absurdum

661 1340 780 1385 est:
816 1331 1086 1400 siquidem
1134 1332 1212 1385 ait
1259 1333 1442 1386 divina
1496 1331 1821 1398 Scriptura:
1877 1333 2043 1386 Deum
2094 1350 2243 1387 nemo

660 1422 789 1476 vidit
806 1439 1058 1489 unquam,
1078 1423 1366 1493 etquidem
1394 1426 1692 1494 unigenitus
1722 1424 1918 1488 Filius,
1945 1443 2072 1480 cum
2100 1427 2244 1481 Deus

661 1524 805 1570 esset
838 1524 1252 1579 etcerneretur,
1303 1516 1407 1570 hoc
1449 1517 1627 1586 ipsum
1702 1519 2058 1573 enarravit“.
2112 1519 2241 1584 Sed,

662 1608 849 1675 procul
876 1607 1062 1672 dubio,
1085 1609 1293 1663 nudum
1327 1610 1665 1665 humanitate
1698 1609 1867 1664 Deum
1904 1627 2063 1665 nemo
2088 1612 2242 1670 vidit.

663 1699 930 1766 QuOniam
975 1717 1099 1755 vero
1153 1701 1470 1770 unigenitus
1499 1717 1605 1755 non
1663 1703 1735 1755 ita
1768 1703 1946 1757 nudus
1988 1716 2110 1772 post
2162 1705 2246 1758 in-

663 1795 1035 1847 carnationcm
1065 1811 1078 1857 ;
1111 1794 1318 1848 idcirco
1341 1805 1393 1849 et
1416 1795 1768 1864 aspectabilis
1785 1805 1888 1851 est.
1923 1795 2061 1851 lliuc
2088 1812 2246 1852 sacer

2345 602 2409 670 δὴ
2448 606 2540 654 τὸν
2585 599 2940 669 ψευδηγόρον.
2975 598 3049 652 Οὐ
3080 595 3313 666 Χριστὸν
3342 591 3514 659 εἶπεν,
3548 595 3635 664 ἐφ’
3667 588 3712 663 ᾧ
3732 595 3936 665 δηλοῦ-

2345 694 2489 760 ταιὴ
2525 691 2843 760 περιγραφὴ
2878 688 3015 758 μετὰ
3042 686 3136 740 τοῦ
3186 687 3603 757 ἀπεριγράπτου
3631 701 3648 716 ·
3684 681 3790 740 ὦδε
3816 689 3936 755 γὰρ

2346 783 2454 835 τῶν
2482 782 2759 850 ἑκατέρων
2791 780 3008 848 φύσεων
3041 781 3074 847 ἡ
3106 779 3338 851 δήλωσις
3372 795 3387 810 ’
3422 779 3559 832 ἀλλὰ
3605 779 3739 832 Θεὸν
3781 778 3935 848 ἔχειν

2346 876 2500 944 ἡμᾶς
2557 872 2920 943 ζωγραφητόν
2963 887 2978 900 ·
3027 871 3412 940 ἀπαμφιεννὺς
3465 871 3558 923 τὸν
3605 871 3780 938 Λόγον
3823 869 3934 938 τῆς

2347 963 2771 1034 ἀνθρωπότητος
2802 961 3128 1030 Μανιχαῖκῴ
3160 960 3491 1030 φρονήματι,
3527 961 3626 1012 καὶ
3661 959 3797 1012 Θεὸν
3826 976 3936 1025 γυ-

2349 1059 2482 1125 μνὸν
2526 1059 2847 1127 προτείνας·
2877 1057 2953 1121 ὡς
3002 1057 3071 1109 ἂν
3104 1057 3182 1126 τῷ
3211 1055 3403 1126 ἀτόπῳ
3456 1055 3557 1126 τῆς
3604 1058 3936 1124 προτάσεως

2347 1151 2439 1202 τὸν
2490 1150 2770 1220 ἀκροατὴν
2846 1150 3194 1218 ἐκπλήξειεν.
3250 1149 3408 1202 Οὕτω
3465 1148 3530 1219 δὴ
3580 1152 3673 1201 καὶ
3729 1150 3934 1216 ὁρατὸν

2349 1243 2482 1294 Θεὸν
2526 1245 2702 1295 εἰπεῖν
2741 1243 2974 1294 ἔκτοπον
3006 1258 3018 1270 ⁸
3053 1242 3212 1312 εἴπερ
3253 1242 3390 1308 φησι
3425 1241 3494 1292 τὰ
3541 1239 3662 1292 θεῖα
3710 1240 3891 1307 Λόγια
3916 1255 3933 1269 ⁶

2353 1332 2501 1385 Θεὸν
2537 1332 2738 1398 οὐδεὶς
2769 1331 2994 1400 ἑώρακε
3019 1331 3256 1384 πώποτε
3290 1348 3304 1360 '
3333 1331 3426 1384 καὶ
3457 1332 3565 1401 μὴν
3611 1335 3644 1384 ό
3676 1348 3937 1400 μονογε-

2350 1424 2466 1490 νὴς
2490 1425 2621 1489 Υἱὸς
2649 1425 2782 1488 Θεὸς
2819 1424 2894 1478 ὢν
2922 1425 3016 1476 καὶ
3043 1423 3343 1493 ὁρώμενος,
3382 1422 3542 1476 τοῦτο
3574 1422 3890 1494 ἐξηγήσατο
3919 1440 3933 1452 ·

2351 1516 2467 1568 ἀλλ’
2511 1516 2736 1585 εὔδηλον
2769 1517 2850 1568 ὅτι
2884 1514 3091 1584 γυμνὸν
3131 1514 3265 1566 Θεὸν
3297 1514 3718 1584 άνθρωπότητος
3752 1515 3938 1577 οὐδεὶς

2352 1607 2612 1676 ἑώρακεν.
2663 1607 2816 1659 Ἐπεὶ
2838 1606 2892 1658 δὲ
2921 1609 2949 1659 6
2979 1606 3290 1674 Μονογενὴς
3313 1606 3374 1658 οὐ
3404 1607 3608 1674 γυμνὸς
3642 1607 3782 1675 μετὰ
3831 1608 3939 1674 τὴν

2354 1702 2652 1770 σάρκωσιν,
2677 1699 2764 1752 διὰ
2784 1699 2942 1751 τοῦτο
2962 1699 3057 1750 καὶ
3087 1699 3300 1769 ὁρατός.
3321 1701 3430 1752 Καὶ
3456 1700 3717 1768 βεδόηκεν
3735 1701 3762 1750 6
3786 1699 3936 1769 ἱερὸς

2368 1791 2692 1856 Ἀπόστολος
2723 1810 2733 1821 ·
2767 1794 2911 1858 Θεὸς
2933 1791 3273 1860 ἐφανερώθη
3298 1793 3367 1844 ἐν
3393 1792 3594 1859 σαρκὶ,
3613 1791 3937 1858 ἐδικαιώθη

662 1884 959 1952 Apostolus
997 1886 1238 1941 clamat:
1280 1885 1418 1939 Deus
1449 1887 1821 1954 manifestatus
1854 1896 1931 1939 est
1968 1887 2021 1939 in
2061 1903 2240 1949 carne,

2357 1887 2415 1940 ἓν
2474 1886 2768 1954 πνέυματι
2801 1928 2816 1952 ,
2867 1885 3033 1954 ῶρθη
3083 1885 3364 1956 ἀγγέλοις
3395 1927 3409 1949 ,
3454 1887 3761 1954 ἐκηρύχθη
3852 1886 3929 1938 ὲν

657 1976 990 2044 justiﬁcatus
1031 1988 1104 2029 est
1148 1980 1204 2030 in
1235 1979 1450 2045 spiritu,
1501 1980 1751 2046 apparuit
1803 1980 2024 2048 angelis,
2057 1981 2250 2044 prwdi-

663 2079 816 2121 catus
838 2079 914 2120 est
947 2070 1000 2120 in
1036 2069 1298 2137 gentibus,
1341 2069 1572 2124 creditus
1601 2081 1678 2124 est
1718 2073 1770 2123 in
1792 2072 2008 2134 mundo,
2042 2089 2250 2125 assum.

662 2170 782 2229 ptns
812 2170 888 2213 est
918 2161 970 2212 in
999 2161 1170 2230 gloria
1197 2161 1261 2215 “.
1298 2161 1434 2216 Illud
1467 2162 1655 2231 utique
1680 2163 1735 2215 in
1765 2178 1945 2227 carne,
2007 2162 2061 2216 in
2105 2178 2246 2231 qua-

663 2267 881 2322 cunque
903 2253 1280 2308 enuntiatione
1333 2270 1492 2322 :equo
1541 2255 1666 2323 jure
1723 2254 2246 2325 subintelligendum

663 2353 766 2398 est.
800 2343 1054 2398 Cohaeret
1094 2345 1240 2400 enim
1271 2361 1375 2400 vox
1413 2345 1501 2400 illa
1541 2348 1711 2416 prior,
1758 2361 1866 2399 non
1918 2347 2082 2400 modo
2119 2361 2245 2399 cum

665 2435 1155 2505 subsequentibus,
1197 2436 1290 2492 sed
1330 2449 1383 2491 et
1431 2451 1555 2492 cum
1615 2437 1875 2491 omnibus
1926 2437 2251 2504 incorpora-

667 2528 834 2582 tionis
859 2528 1306 2595 proprietatibus.
1361 2527 1833 2591 Quemadmodum
1875 2528 2041 2597 igitur
2099 2527 2245 2582 Deus

669 2616 1055 2672 manifestatus
1101 2629 1186 2671 est
1224 2619 1278 2672 in
1311 2633 1512 2682 carne;
1549 2620 1629 2671 sic
1666 2629 1719 2672 et
1772 2619 1826 2670 in
1865 2618 2097 2687 singulis
2127 2634 2252 2688 quae

669 2722 794 2767 sunt
825 2721 950 2767 ante
995 2723 1448 2767 commemorata.
1489 2711 1676 2783 Neque
1709 2713 1855 2766 enim
1899 2724 2092 2766 natura
2122 2712 2246 2776 fert,

671 2814 748 2866 ut,
783 2805 887 2859 nisi
922 2805 1365 2875 subintelligatur
1394 2805 1524 2858 illud
1558 2808 1610 2857 in
1643 2821 1825 2868 carne,
1865 2814 1960 2858 aut
1985 2820 2252 2872 apparue—

670 2897 762 2960 rit,
787 2907 880 2950 aut
917 2907 1218 2965 assumptus
1249 2899 1338 2950 sit.
1372 2896 1452 2951 Ita
1494 2895 1743 2951 videlicet
1762 2907 1814 2950 et
1848 2896 1987 2951 lacte
2014 2897 2255 2950 nutritur

2346 1977 2611 2039 ἔθνεσιν,
2629 1977 2953 2042 ἐπιστεύθη
2976 1977 3045 2029 ἐν
3067 1978 3298 2044 κόσμῳ,
3322 1976 3635 2044 ἀνελήφθη
3661 1975 3729 2027 ὲν
3757 1975 3935 2042 δόξῃ.

2347 2068 2421 2123 Τὸ
2446 2065 2540 2122 οὖν
2581 2068 2650 2120 ἐν
2677 2067 2880 2136 σαρκὶ,
2914 2070 3008 2120 ἐπὶ
3049 2070 3201 2138 πάσῃ
3245 2069 3552 2135 ἀποφάνσει
3599 2069 3706 2120 άπὸ
3747 2069 3934 2120 κοινοῦ

2345 2160 2604 2232 ληπτέον.
2638 2161 2840 2229 Εἱρμὸς
2870 2160 2979 2230 γάρ
3031 2160 3116 2223 τίς
3167 2163 3316 2212 ἐστιν
3346 2163 3376 2230 ἡ
3427 2161 3619 2229 πρώτη
3651 2161 3829 2229 φωνὴ,
3866 2162 3932 2213 οὗ

2350 2254 2510 2324 μόνον
2538 2255 2657 2315 ταῖς
2689 2252 2888 2322 ἑφεξῆς
2926 2270 2940 2283 ο
2965 2253 3102 2305 ἀλλὰ
3137 2253 3247 2322 γὰρ
3290 2254 3385 2305 καὶ
3441 2255 3645 2316 πάσαις
3677 2256 3799 2316 ταῖς
3832 2253 3940 2323 τῆς

2348 2343 2798 2416 ὲνσωματώσεως
2832 2343 3113 2412 ἰδιότησιν.
3157 2346 3245 2407 Ὠς
3275 2342 3368 2398 οὖν
3393 2348 3420 2398 6
3449 2345 3580 2409 Θεὸς
3604 2346 3930 2416 ἐφανερώθη

2348 2438 2407 2489 ὲν
2444 2440 2628 2508 σαρκὶ,
2663 2437 2759 2488 καὶ
2815 2435 2900 2501 ἐφ’
2931 2436 3150 2505 ἑκάστῳ
3193 2437 3302 2488 τῶν
3354 2439 3783 2510 προειρημένων
3847 2438 3936 2506 (οὐ

2349 2529 2459 2600 γὰρ
2493 2530 2559 2582 ἂν
2600 2529 2714 2598 ἔχοι
2754 2525 2940 2596 φύσιν,
3000 2529 3075 2598 μὴ
3132 2531 3698 2598 προσυπακουομένου
3729 2529 3825 2582 τοῦ
3867 2530 3941 2582 ἐν

2350 2621 2551 2684 σαρκὶ,
2579 2622 2612 2690 ἢ
2641 2621 2922 2689 ὀφθῆναι,
2962 2621 2995 2692 ἢ
3031 2621 3479 2688 ἀναληφθῆναι)
3502 2639 3515 2651 ·
3563 2623 3705 2675 οὕτω
3734 2623 3940 2694 δηλαδὴ

2356 2711 2452 2764 καὶ
2509 2713 2858 2782 γαλουχεῖται
2897 2714 2968 2766 ἐν
3012 2711 3216 2780 σαρκὶ,
3245 2717 3338 2766 καὶ
3382 2713 3681 2784 προκόπτει
3727 2714 3936 2787 ἡλικίᾳ,

2359 2806 2452 2856 καὶ
2489 2803 2694 2872 βαδίζει
2733 2806 2874 2870 ποδὶ,
2908 2808 3002 2860 καί⁵
3034 2807 3172 2876 ἱδροῖ
3217 2805 3449 2876 ἀγωνία,
3485 2808 3579 2860 καὶ
3619 2807 3938 2876 διαλέγεται

2360 2895 2578 2967 γλώττῃ
2612 2911 2626 2926 '
2661 2898 2755 2948 καὶ
2785 2899 2994 2968 ὅσαπερ
3023 2897 3156 2950 ἄλλα
3183 2896 3280 2967 τῆς
3314 2897 3494 2969 ἀὐτῆς
3524 2901 3864 2970 συστοιχίας.

673 2992 726 3044 in
759 3005 946 3053 carne,
971 2999 1024 3043 et
1062 2990 1280 3058 proﬁcit
1347 2998 1528 3053 aetate,
1579 3000 1633 3044 et
1678 2989 1907 3060 pedibus
1951 2990 2214 3053 ambulat,
2279 3000 2329 3042 ct
2371 2992 2424 3042 in
2475 2991 2668 3060 agonia
2717 2991 2898 3054 sudat,
2929 3000 2980 3044 et
3028 2991 3212 3061 lingua
3268 2991 3531 3060 loquitur,
3560 3003 3614 3045 et
3667 3001 3941 3063 quotquot

672 3083 777 3136 alia
803 3093 930 3136 sunt
957 3082 1202 3151 ejusdem
1223 3083 1456 3138 ordinis.

746 3175 874 3232 Hmc
908 3192 1038 3232 vero
1063 3178 1108 3232 si
1142 3176 1222 3230 sic
1263 3178 1486 3240 habent,
1544 3175 1991 3245 quandoquidem
2041 3189 2147 3228 una
2183 3189 2248 3228 ex

2428 3168 2491 3221 Ei
2521 3168 2576 3220 δὲ
2608 3166 2787 3221 ταῦτα
2820 3167 2996 3232 οὕτως
3027 3185 3042 3200 ο
3067 3169 3256 3239 ἐπειδὴ
3287 3169 3349 3222 ἐν
3381 3168 3490 3222 τῶν
3509 3169 3769 3223 ἁπάντων
3801 3171 3944 3224 ἰδιω-

674 3270 930 3324 omnibus
949 3267 1199 3338 corporis
1230 3266 1656 3338 proprietatibus
1692 3266 2129 3334 circumscriptio
2147 3274 2251 3330 cst,

676 3359 1031 3414 manifestum
1078 3370 1162 3415 est
1209 3371 1263 3414 et
1316 3360 1694 3414 circumscribi
1736 3359 1908 3412 Deum
1950 3358 2008 3411 in
2066 3372 2254 3421 carne,

677 3455 792 3510 sive
825 3452 1107 3508 coloribus
1145 3453 1523 3517 adumbrctur,
1561 3469 1655 3507 seu
1688 3452 1888 3522 quovis
1911 3449 2022 3504 alio
2067 3449 2254 3503 modo.

677 3544 720 3597 E
751 3545 968 3600 duobus
997 3548 1142 3599 enim
1178 3547 1409 3598 alterum
1445 3546 1672 3598 omnino
1729 3543 2103 3598 necessarium
2153 3551 2254 3594 est.

681 3636 739 3692 Si
774 3639 928 3692 visus
961 3645 1043 3691 est
1070 3639 1120 3690 in
1153 3653 1338 3698 carne,
1362 3648 1413 3691 et
1440 3638 1492 3690 in
1539 3652 1703 3690 carne
1734 3634 2212 3690 circumscribitur
2242 3652 2256 3687 :

679 3730 949 3798 siquidem
997 3730 1110 3783 hate
1164 3738 1394 3798 cognata
1434 3738 1560 3783 sunt
1609 3729 1759 3783 inter
1796 3744 1875 3794 se,
1927 3737 1980 3782 et
2023 3727 2258 3782 alterum

681 3821 910 3876 alterius
939 3835 1124 3876 causa.
1166 3819 1220 3874 Si
1262 3821 1446 3890 itaque
1482 3821 1754 3889 posterius
1790 3836 1978 3874 verum
2017 3837 2125 3875 non
2153 3834 2256 3884 est,

681 3924 828 3967 certe
862 3929 961 3967 nec
996 3914 1187 3982 prius:
1227 3915 1376 3983 atqui
1410 3930 1598 3968 verum
1635 3915 1788 3984 prius
1817 3933 1830 3968 :
1869 3915 2036 3984 igitur
2069 3923 2122 3967 et
2161 3929 2259 3982 po-

682 4005 903 4059 sterius.
943 4003 1036 4058 Sic
1065 4015 1118 4058 et
1144 4005 1300 4073 juxta
1332 4006 1546 4060 divinas
1583 4006 1832 4076 paginas,
1864 4017 1918 4059 ει
1948 4006 2252 4059 secundum

683 4098 964 4167 vulgarem
999 4097 1360 4151 ratiocinandi
1389 4098 1637 4160 modum,
1677 4097 1991 4168 insipientis
2031 4105 2116 4151 est
2152 4112 2259 4150 non

682 4190 933 4244 conﬁteri
988 4189 1156 4243 Deum
1193 4191 1246 4244 in
1276 4204 1441 4244 carne
1474 4192 1642 4260 pingi,
1712 4190 1980 4261 siquidem
2034 4190 2263 4245 visusin

684 4296 851 4335 carne
884 4291 988 4336 est.
1039 4281 1240 4336 Deinde
1287 4283 1394 4335 alio
1445 4281 1499 4334 in
1549 4282 1672 4337 loco
1711 4283 1794 4335 vir
1843 4293 2100 4337 strenuus
2147 4283 2262 4336 ait:

691 4393 708 4423 ε
745 4373 939 4428 Audivi
979 4374 1243 4443 quosdam
1275 4373 1467 4445 jubere
1505 4375 2117 4444 incomprehensibilem
2168 4373 2263 4428 Dei

2359 3264 2546 3334 μάτων
2563 3261 2656 3313 τοῦ
2684 3259 2934 3329 σώματος
2957 3263 3051 3314 καὶ
3073 3263 3106 3333 ἡ
3136 3264 3475 3334 περιγραφὴ,
3503 3263 3727 3334 εὔδηλον
3741 3265 3822 3318 ὅτι
3847 3267 3943 3318 καί

2358 3355 2762 3426 περιγράφεται
2789 3353 2924 3414 Θεὸς
2969 3359 3026 3407 ὲν
3058 3358 3242 3425 σαρκὶ,
3267 3357 3378 3409 εἴτε
3405 3357 3942 3428 χρωματουργικῶς,

2359 3452 2454 3504 εἴτ’
2481 3447 2575 3503 οὖν
2592 3449 3154 3520 ὲτεροτρότιως.Δυοῖν
3178 3452 3286 3522 γὰρ
3305 3452 3588 3522 ἑκάτερον,
3612 3453 3762 3506 πᾶσα
3781 3453 3946 3523 ἀνάγ-

2359 3562 2452 3614 κη.
2485 3544 2547 3596 Εἰ
2568 3536 2746 3595 ὦπται
2778 3543 2835 3596 ὲν
2865 3542 3066 3612 σαρκὶ,
3093 3540 3183 3595 καὶ
3229 3546 3630 3614 περιγράφεται
3646 3547 3702 3600 ἑν
3732 3547 3899 3620 σαρκί
3924 3562 3942 3578 ⁸

2361 3639 2590 3710 ἐπείπερ
2609 3639 2890 3706 σύστοιχον
2903 3639 2997 3689 καὶ
3013 3635 3356 3705 άλληλαίτιον
3370 3639 3628 3708 ἑκάτερον
3652 3641 3943 3711 ἐκατέρου.

2363 3733 2426 3786 Εἰ
2453 3728 2548 3785 οὖν
2585 3730 2755 3802 μὴτὸ
2805 3729 3058 3797 δεύτερον
3109 3725 3331 3796 ἀληθὲς,
3382 3727 3490 3779 οὐδ’
3522 3730 3628 3800 ἄρα
3674 3731 3736 3782 τὸ
3789 3733 3942 3802 πρῶ-

2361 3845 2470 3880 τον.
2503 3825 2664 3878 Ἀλλά
2698 3823 2801 3894 μὴν
2818 3821 3106 3892 τὸπρῶτον
3124 3819 3321 3889 ἀληθές
3343 3837 3356 3848 ·
3384 3819 3582 3873 οὐκοῦν
3613 3823 3707 3873 καὶ
3727 3823 3788 3875 τὸ
3820 3824 3945 3877 δεύ-

2361 3938 2540 3990 τερον.
2558 3917 2716 3972 Οὕτω
2747 3917 2840 3968 καὶ
2865 3915 3006 3967 κατὰ
3028 3915 3094 3967 τὰ
3117 3914 3238 3968 θεῖα
3263 3913 3456 3983 Λόγια,
3483 3914 3578 3966 καὶ
3605 3915 3750 3967 κατὰ
3771 3916 3946 3970 κοινὸν

2367 4009 2746 4079 συλλογισμὸν,
2771 4005 2976 4075 ἠλίθιον
3011 4005 3070 4056 τὸ
3121 4005 3196 4076 μὴ
3245 4007 3530 4076 ὁμολογεῖν
3571 4005 3704 4058 Θεὸν
3739 4008 3947 4078 ἐγγράι

2340 4101 2558 4170 οφεσθαι
2591 4103 2648 4152 ὲν
2681 4098 2870 4167 σαρκὶ,
2909 4097 3066 4166 εἴπερ
3097 4090 3277 4149 ὦπται
3311 4098 3368 4150 ὲν
3401 4097 3567 4167 σαρκί
3599 4113 3613 4127 ·
3663 4098 3817 4151 Ἐπεὶ
3851 4102 3946 4154 καὶ

2366 4193 2592 4263 ἑτέρωθι
2624 4195 2651 4244 6
2695 4189 2958 4260 γεννάδας
2986 4190 3182 4261 φησίν·
3223 4208 3241 4242 ι
3299 4190 3550 4243 Ἤκουσα
3599 4192 3682 4244 ὅτι
3731 4193 3828 4245 καὶ
3858 4194 3948 4246 τὸν

2367 4284 2754 4355 ἀκατάληπτον
2791 4283 2919 4337 Υἱὸν
2944 4282 3037 4335 τοῦ
3057 4279 3196 4335 Θεοῦ
3228 4299 3376 4346 τινες
3415 4283 3648 4352 γράφειν
3670 4285 3949 4353 ἐπαγγέλ-

2365 4377 2572 4429 λονται.
2627 4374 2820 4445 Φρίξαι
2855 4375 2948 4428 ἐπὶ
2993 4375 3087 4431 τοῦ
3132 4375 3389 4429 ἀκοῦσαι.
3431 4395 3450 4426 ι
3486 4377 3583 4440 Τίς
3637 4375 3774 4444 γοῦν
3824 4375 3950 4430 νοῦν

689 4465 884 4520 Filium
907 4467 1078 4537 pingi.
1105 4467 1242 4522 Cum
1278 4467 1419 4522 istud
1453 4467 1628 4531 audis,
1663 4468 2013 4522 exhorresce.
2047 4487 2066 4518 ι
2127 4468 2253 4533 Quis

2370 4468 2510 4538 ἔχων
2557 4469 2658 4520 οὐκ
2709 4468 3053 4536 ὲπιγελάσειε
3099 4467 3189 4520 τὸν
3253 4471 3668 4538 ματαιὸφρονα;
3711 4472 3950 4527 Οὖτίπου

687 4557 871 4628 itaque
901 4531 1048 4612 sana:
1078 4560 1275 4614 mentis
1319 4559 1679 4629 desipientem
1715 4574 1822 4612 non
1887 4560 2095 4612 rideatl
2139 4531 2253 4614 Non

2365 4531 2575 4629 ἀνέγνω
2606 4602 2619 4623 ,
2653 4562 2735 4614 ὅτι
2764 4531 3112 4614 Σιλνέλαϐον
3141 4531 3265 4612 τὸν.
3289 4531 3554 4627 Ἰησοένν,
3579 4531 3678 4615 και
3717 4563 3951 4632 ἔδησαν

689 4649 816 4720 legit
847 4648 1052 4718 utique,
1082 4647 1226 4716 quod
1257 4649 1757 4716 comprehenderunt
1787 4647 1992 4710 Iesum,
2041 4659 2090 4701 et
2119 4649 2256 4718 liga-

699 4749 882 4794 verunt
937 4757 1051 4794 eum
1082 4755 1099 4802 ;
1132 4753 1179 4792 et
1237 4740 1577 4793 adduxerunt
1631 4757 1746 4792 eum
1785 4742 1854 4792 ad
1908 4741 2114 4792 Annam
2163 4741 2274 4808 pri-

690 4843 833 4888 mum
868 4831 936 4896 ⁶⁷,
976 4831 1272 4900 principem
1314 4830 1706 4885 sacerdotum?
1740 4829 1804 4884 Et
1851 4832 1980 4884 alibi
2012 4846 2228 4885 rursum
2259 4848 2271 4883 :

692 4926 1013 4992 Acceperunt
1039 4940 1162 4994 ergo
1190 4941 1379 4992 corpus
1407 4923 1558 4987 Jesu,
1592 4932 1639 4976 et
1675 4923 1966 4992 ligaverunt
2000 4922 2135 4976 illud
2167 4924 2272 4976 lin-

693 5016 790 5070 teis
823 5031 943 5068 cum
991 5017 1319 5068 aromatibus
1349 5015 1444 5068 “3
1495 5014 1691 5067 Annon
1752 5017 2045 5068 contitetur
2101 5016 2272 5068 Deum

691 5122 814 5162 esse
841 5104 1030 5162 Jesum
1058 5107 1080 5160 ‘.'
1111 5107 1167 5160 Si
1206 5106 1349 5162 Deus
1381 5107 1566 5176 igitur,
1601 5107 1883 5177 quomodo
1925 5109 1970 5162 is
1997 5107 2087 5176 qui
2120 5124 2271 5161 com-

693 5200 952 5269 prehendi
997 5200 1205 5269 nequit,
1242 5199 1671 5269 comprehensus
1699 5210 1783 5254 est
1813 5215 1877 5252 ac
1925 5201 2122 5269 ligatus
2168 5199 2273 5252 nisi

695 5291 983 5348 manifeste
1017 5293 1068 5346 in
1095 5309 1280 5355 carne,
1314 5292 1776 5362 quemadmodum
1837 5292 2277 5362 sapientissimus

694 5382 898 5438 Paulus
928 5383 1219 5440 confessus
1249 5386 1376 5439 est?
1417 5384 1586 5440 Sileat
1626 5385 1788 5454 igitur
1819 5383 2008 5439 furens
2038 5384 2090 5437 in
2119 5383 2280 5436 Clirio

695 5485 842 5533 stum
880 5486 936 5530 et
977 5476 1065 5532 hic
1113 5476 1515 5531 fraudulentus.
1552 5475 1738 5531 Sicubi
1783 5492 1912 5530 vero
1965 5474 2149 5528 audiat
2182 5474 2279 5527 lia-

2369 4653 2574 4715 αὑτὸν,
2608 4653 2704 4706 καὶ
2753 4653 3070 4723 ἀπήγαγον
3123 4654 3311 4706 αὑτὸν
3344 4654 3493 4721 πρὸς
3540 4656 3762 4709 Ἄνναν
3795 4657 3949 4724 πρῶ-

2373 4762 2500 4811 τον,
2535 4744 2625 4797 τὸν
2667 4745 2974 4816 ἁρχιερέα;
3022 4745 3129 4797 Καὶ
3188 4744 3416 4816 ἑτέρωθι
3460 4747 3624 4799 πάλιν
3651 4765 3664 4776 ·
3695 4749 3953 4804 Ἔλαεον

2373 4830 2488 4888 οὖν
2525 4835 2591 4886 τὸ
2648 4833 2821 4902 σῶμα
2865 4833 2972 4886 τοῦ
3008 4833 3211 4900 Ἰησοῦ
3246 4851 3259 4864 ο
3294 4835 3392 4886 καὶ
3438 4831 3674 4900 ἔδησαν
3701 4836 3854 4888 αὐτὸ
3886 4836 3953 4888 ἐν

2373 4925 2632 4990 ὀθονίοις
2669 4926 2819 4992 μετὰ
2865 4922 2985 4978 τῶν
3018 4925 3375 4993 ἀρωμάτωνς
3405 4926 3520 4994 οὐχ
3535 4925 3792 4994 ὁμολογεῖ
3820 4926 3952 4979 Θεὸν

2371 5019 2462 5070 τὸν
2511 5017 2749 5086 Ἰησοῦν;
2784 5019 2844 5072 Εἰ
2876 5018 3012 5080 Θεὸς
3033 5017 3148 5077 οὖν,
3180 5016 3295 5080 πῶς
3340 5019 3367 5070 6
3395 5018 3789 5088 ἀκατάληπτος
3825 5019 3950 5088 ἐλή-

2373 5109 2480 5178 φοη
2525 5109 2620 5161 xal
2650 5108 2826 5179 ἐδέθη,
2862 5109 2894 5181 ἦ
2924 5107 3085 5178 δῆλον
3111 5110 3191 5162 ὅτι
3231 5112 3288 5161 ὲν
3345 5112 3527 5179 σαρκὶ,
3564 5110 3708 5162 καθά
3741 5110 3951 5181 ὡμολό-

2373 5218 2542 5270 γησεν
2564 5203 2592 5253 6
2628 5204 2899 5269 nivaopo;
2927 5201 3137 5264 Παῦλος
3161 5221 3174 5267 ;
3213 5198 3551 5270 Σιγάτω⁰οὖν
3573 5205 3785 5257 λυττῶν
3811 5204 3951 5258 κατὰ

2375 5294 2610 5364 Χριστοῦ
2646 5296 2738 5347 καὶ
2771 5292 2923 5357 οὗτος
2951 5299 2980 5349 6
3013 5295 3232 5360 πλάνος.
3277 5297 3401 5349 Ἐὰν
3429 5297 3483 5348 δέ
3517 5315 3620 5350 που
3665 5297 3950 5350 ἀκούσειεν

2376 5385 2458 5436 ὅτι
2503 5383 2594 5435 καὶ
2642 5383 2953 5453 ἐσθιόμενον
2978 5386 3176 5456 ἔχομεν
3217 5385 3370 5452 Θεὸν,
3401 5389 3541 5457 τάχα
3577 5389 3643 5441 ἂν
3695 5389 3755 5441 οὑ
3791 5389 3948 5457 μόνον

2379 5476 2583 5547 φρίξοι,
2610 5477 2749 5530 ἀλλὰ
2781 5480 2873 5531 καὶ
2903 5479 3286 5552 διαρῤηχθείη,
3341 5480 3417 5551 μὴ
3463 5482 3650 5553 φέρων
3698 5482 3761 5536 τὸ
3789 5485 3947 5538 ἄκου-

767 5615 812 5646 ⁶³
840 5614 999 5669 Joan.
1036 5616 1196 5680 1,“.
1273 5617 1319 5648 ⁸⁸
1353 5614 1537 5669 l'l‘im.
1575 5631 1656 5680 ιιι,
1692 5613 1777 5667 16.
1855 5615 1896 5644 ⁸⁷
1936 5611 2095 5667 Joan.
2130 5627 2253 5675 ινιι,

2357 5613 2384 5664 ε.
2464 5613 2509 5644 ⁸⁸
2535 5610 2698 5666 Joan.
2725 5629 2839 5675 xu,
2869 5613 2958 5668 40.

701 5769 818 5811 cum
888 5752 1165 5810 Valentino
1221 5765 1269 5808 et
1321 5754 1529 5810 Isidoro
1593 5753 1931 5825 conjungitur
1999 5771 2015 5806 :

703 5837 879 5880 ιαιιιτ.

2083 5770 2112 5806 a
2163 5763 2344 5806 sancto
2387 5762 2558 5806 autem
2631 5752 2928 5822 Sep/trama
3001 5763 3115 5821 post
3179 5751 3556 5821 Carpocratnn
3608 5748 3948 5806 anathemati-
