4164 6500
255 439 405 506 1217

1453 440 1987 502 EPISTOLABUM
2030 439 2178 499 LIB.
2243 439 2329 498 ll.

3381 429 3520 493 19.18

253 571 402 624 σμα.
446 553 609 606 Ἀλλὰ
661 555 714 608 τί
763 571 924 622 φησιν
953 556 982 608 6
1053 555 1324 626 Χριστός;
1361 558 1468 610 Καὶ
1519 559 1552 610 ό
1599 556 1839 626 τρώγων

1948 555 2072 610 bere
2129 569 2228 609 nos
2285 553 2451 606 Deum
2503 566 2664 620 quem
2717 551 3132 616 manducemus,
3193 547 3335 604 forte
3406 563 3513 604 non

242 662 357 713 με,
401 645 680 711 κάκεῖνος
731 645 968 714 ζήσεται
989 647 1063 700 δι’
1095 648 1222 715 ἐμέ.
1266 650 1380 702 Οὐκ
1432 648 1499 702 ἂν
1553 649 1609 703 δὲ
1665 650 1841 712 ἄλλως

257 735 505 805 βρωθείη
534 739 584 788 εί
625 735 698 806 μὴ
733 737 792 788 ὲν
823 738 1010 808 σαρκί.
1071 739 1181 792 Καὶ
1219 739 1327 809 γάρ
1369 742 1397 793 6
1441 741 1674 810 Χριστὸς
1704 740 1838 808 ὁμοῦ

250 828 401 890 Θεδς
427 830 520 880 καί
549 827 836 900 ἄνθρωπος
866 829 1070 892 τέλειος
1094 830 1376 901 ὑπάρχων,
1407 833 1673 902 ὁπότερον
1711 832 1836 886 καθ’

255 918 531 988 ἑκάτερον
555 919 663 971 τῶν
695 919 753 986 ἐξ
797 912 872 974 ὧν
926 920 1183 992 συνετέθη
1221 922 1434 988 φύσεων
1471 922 1792 993 ὀνομάζοιτο
1821 936 1838 955 ⁶

257 1010 361 1062 καὶ
417 1011 539 1062 καθ’
591 1011 850 1081 ἑκάτερον
885 1011 1086 1081 κυρίως
1137 1013 1426 1082 νοούμενος
1466 1014 1721 1083 λέγοιτο·
1778 1015 1839 1068 οὐ

256 1097 369 1165 τῆς
406 1097 637 1170 Θατέρου
666 1099 926 1168 ἰδιότητος
959 1102 1018 1152 έν
1057 1101 1132 1170 τῷ
1163 1103 1434 1174 μοναδικῷ
1463 1105 1566 1176 τῆς
1599 1106 1842 1158 ὑποστά-

262 1209 412 1257 σεως
445 1194 775 1266 μειουμένης
803 1195 836 1266 ἢ
877 1197 1322 1266 συμφυρομένης.

339 1452 452 1504 Καὶ
485 1451 692 1521 μάρτυς
735 1453 828 1506 τοῦ
875 1453 1038 1521 λόγου
1075 1455 1240 1519 αὐτὸς
1287 1458 1314 1510 6
1340 1457 1472 1521 Θεὸς
1511 1459 1606 1512 καὶ
1646 1459 1838 1527 Λόγος,

263 1543 343 1611 πῆ
377 1542 473 1611 μὲν
495 1542 669 1610 λέγων
694 1558 709 1574 ·
748 1543 813 1596 Τί
846 1562 922 1612 με
966 1545 1187 1613 ζητεῖτε
1228 1548 1594 1614 ἀποκτεῖναι,
1625 1551 1845 1618 ἅνθρω-

263 1650 388 1687 στον
425 1633 492 1700 ὃς
537 1634 651 1702 τὴν
702 1637 992 1705 ἀλήθειαν
1022 1641 1167 1708 ὑμῖν
1198 1637 1552 1708 λε.1άληκα;
1586 1644 1843 1712 Καίτοιγε

261 1725 294 1776 6
345 1722 520 1792 λέγων
576 1726 670 1778 καὶ
715 1725 849 1790 Θεὸς
903 1728 1170 1792 ἀθάνατος
1216 1725 1304 1801 ἦν.
1341 1731 1424 1802 Ili]
1472 1733 1529 1785 δὲ
1581 1733 1840 1802 φάσκωνο

269 1833 291 1866 e
343 1815 533 1884 Ὑμεῖς
559 1817 747 1885 λέγετε
774 1855 790 1882 ,
833 1819 913 1872 ὅτι
969 1820 1340 1892 Βλασφημεῖς·
1363 1824 1446 1876 ὅτι
1491 1819 1678 1877 εἶπον·
1718 1825 1844 1886 Υἱὸς

262 1907 362 1961 τού
420 1909 552 1962 Θεοῦ
616 1911 754 1979 ειμι.
809 1931 828 1962 ι
895 1913 1004 1966 Καὶ
1065 1914 1171 1984 μὴν
1225 1917 1254 1968 6
1311 1914 1512 1976 εἰπὼν.
1586 1918 1680 1969 καὶ
1739 1919 1850 1982 υἱὸς

265 1997 556 2070 ἀνθρώπου
603 1997 691 2074 ἦν.
724 2001 880 2056 Οὖτω
921 2003 982 2057 τὸ
1033 2005 1276 2072 πεφυκὸς
1325 2006 1584 2076 ἐκατέρου
1644 2008 1844 2076 ὀνόμα-

264 2103 359 2151 τος
425 2089 627 2161 Θατέρᾳ
683 2091 838 2159 φύσει
877 2091 1248 2163 ἀπονέμοντες
1311 2094 1532 2148 ούτίπου
1580 2097 1844 2166 διασφαλ-

263 2180 492 2250 λόμεθα.
533 2181 687 2238 Ἐπεὶ
728 2185 907 2238 δὲκαὶ
941 2185 1098 2238 τοῦδε
1128 2185 1282 2248 τέλος
1313 2187 1536 2257 εἴληφεν
1577 2191 1610 2256 ἡ
1671 2190 1841 2260 φωνὴ,

264 2273 353 2336 τίς
393 2275 426 2343 η
476 2274 730 2328 Θεοδότου
790 2276 904 2345 (4);
942 2294 961 2327 ι
1024 2277 1136 2340 Τάς
1179 2279 1289 2330 τῶν
1338 2279 1510 2347 ἁγίων
1560 2280 1702 2344 ίδέας
1745 2282 1844 2333 οὐκ

265 2367 327 2418 ὲν
376 2369 580 2419 εἰκόσιν
628 2367 890 2432 ὲξὺλικῶν
933 2370 1240 2439 χρωμάτων
1288 2372 1392 2424 ἀνα
1435 2373 1674 2442 μορφοῦν
1704 2391 1844 2443 παρ-

270 2459 576 2528 ειλήφαμεν
604 2477 618 2492 ο
663 2461 798 2514 ἀλλά
871 2461 970 2524 τὰς
1006 2462 1210 2515 τούτων
1264 2465 1466 2535 ἀρετὰς
1506 2466 1593 2520 διά
1640 2465 1748 2518 τῶν
1787 2468 1843 2518 ὲν

265 2551 514 2619 Γραφαῖς
576 2553 703 2622 περὶ
749 2551 928 2605 αὐτῶν
983 2553 1348 2624 δηλουμένων,
1385 2552 1495 2609 οἷόν
1545 2575 1695 2620 τινας
1743 2558 1843 2626 ὲμ-

263 2643 475 2712 ψύχους
503 2644 720 2706 εἰκόνας
748 2645 1155 2713 ἀναμάττεσθαι
1195 2647 1555 2716 δεδιδάγμεθα
1585 2665 1599 2679 ·
1629 2651 1692 2701 ἐκ
1724 2648 1844 2701 τού-

266 2752 366 2788 του
414 2736 550 2806 πρὸς
589 2735 680 2787 τὸν
722 2735 909 2805 ὅμοιον
973 2739 1155 2800 αὐτοῖς
1213 2740 1605 2810 διεγειρόμενοι
1655 2739 1836 2809 ζῆλον.

280 2829 441 2882 Ἐπεὶ
497 2828 809 2883 εἰπάτωσαν
870 2831 920 2882 οἱ
981 2831 1080 2894 τάς
1133 2832 1346 2885 τοιάσδε
1415 2834 1842 2908 ἀναστηλοὼτες

273 2917 510 2990 μορφὰς,
545 2918 706 2982 ποίας
741 2921 850 2990 ἄρα
887 2923 950 2974 ὲκ
987 2921 1194 2975 τούτων
1222 2923 1662 2978 καταπολαύοιεν
1695 2925 1840 2990 ὡφε-

270 3011 424 3072 λείας
451 3027 464 3040 ·
491 3011 524 3079 ἢ
573 3013 630 3060 ἐν
669 3011 797 3082 ποίᾳ
826 3011 915 3065 διὰ
941 3011 1041 3080 τῆς
1083 3013 1287 3064 τούτων
1322 3015 1680 3083 ἀναμνήσεως
1705 3015 1837 3067 ἀνάε

270 3119 463 3170 γονται
501 3107 848 3174 πνευματικῇ
900 3104 1124 3176 θεωρίᾳ.
1167 3103 1306 3157 Ἀλλ’
1347 3105 1572 3175 εὔδηλον
1602 3105 1676 3168 ὠς
1738 3123 1842 3173 μα-

269 3193 400 3247 ταία
431 3195 704 3265 ἡτοιαύτη
751 3196 986 3256 ἐπίνοια,
1050 3195 1145 3249 καὶ
1190 3195 1502 3266 διαβολικῆς
1556 3196 1841 3266 μεθοδείας

1945 647 2110 702 modo
2157 645 2203 700 is
2260 645 2634 706 exhorrescet,
2694 643 2788 698 sed
2849 644 3244 712 disrurnpetur,
3308 642 3521 696 dictum

1945 753 2056 794 non
2095 738 2300 794 ferens.
2343 737 2445 791 Sed
2478 737 2606 806 quid
2631 736 2886 790 Christus
2912 737 2986 790 ait
3016 736 3038 788 Υ
3079 734 3148 788 Et
3175 736 3267 804 qui
3295 733 3521 788 mandu-

1945 841 2032 886 cet
2071 849 2169 895 me,
2201 841 2250 884 et
2283 831 2392 898 ipse
2422 830 2552 883 vivet
2575 839 2789 897 propter
2818 844 2898 881 me
2923 827 2987 880 ".
3021 825 3128 881 Nec
3175 843 3305 881 vero
3359 827 3519 882 aliter

1947 922 2375 975 manducaretur
2403 919 2508 973 nisi
2543 919 2596 972 in
2637 935 2824 973 carne.
2860 917 3071 972 Etenim
3122 917 3374 972 Christus
3395 934 3520 972 cum

1945 1013 2108 1068 simul
2143 1012 2284 1067 Deus
2317 1013 2392 1068 sit
2421 1021 2474 1066 et
2498 1010 2636 1065 idem
2667 1012 2832 1064 homo
2862 1009 3157 1080 perlectus,
3205 1010 3522 1063 utrumlibet

1944 1105 2241 1158 secundum
2279 1104 2621 1166 alterutram,
2676 1117 2742 1155 ex
2783 1101 2848 1156 iis
2890 1105 3100 1158 naturis
3160 1104 3362 1172 quibus
3389 1117 3523 1157 con-

1945 1205 2072 1258 stat,
2128 1195 2410 1264 appellari,
2466 1203 2518 1249 et
2554 1193 2848 1247 secundum
2903 1194 3224 1248 alterutram
3291 1194 3515 1264 proprie

1943 1294 2221 1354 spectatus
2245 1285 2348 1339 dici
2403 1293 2602 1354 potest,
2642 1293 2837 1336 neutra
2867 1284 3203 1352 proprietate
3244 1284 3297 1338 in
3328 1285 3522 1353 singu-

1943 1374 2159 1429 laritate
2208 1388 2458 1443 personae
2515 1373 2599 1426 vel
2634 1371 2903 1426 diminuta
2959 1373 3042 1426 vel
3093 1374 3411 1426 commista.

2013 1461 2080 1517 Et
2105 1466 2257 1518 testis
2283 1464 2503 1533 quidem
2547 1462 2712 1532 hujus
2761 1464 3043 1517 sententia:
3090 1461 3234 1516 Deus
3267 1462 3407 1516 idem
3461 1475 3526 1515 ac

1949 1555 2206 1619 Verbum,
2235 1557 2431 1610 alicubi
2474 1556 2704 1611 dicens:
2746 1554 2888 1620 Quid
2923 1573 3001 1608 me
3046 1556 3287 1624 quwritit
3315 1553 3525 1622 interﬁ-

1944 1661 2075 1712 cere,
2105 1645 2364 1698 hominem
2381 1646 2469 1714 qui
2500 1645 2766 1696 ueritatem
2789 1644 2931 1697 vobis
2958 1643 3161 1697 locutus
3193 1660 3308 1697 sum
3339 1641 3428 1694 ὀἳ
3461 1642 3526 1696 Et

1944 1735 2037 1803 qui
2076 1735 2192 1789 haac
2236 1744 2418 1788 tamen
2450 1734 2608 1794 dixit,
2650 1732 2790 1786 Deus
2820 1733 2982 1786 etiam
3034 1730 3364 1786 immortalis
3399 1730 3522 1784 fuit.

1944 1825 2084 1877 Alibi
2131 1839 2260 1878 vero
2313 1825 2501 1883 aiens:
2544 1822 2645 1876 Vos
2686 1824 2863 1876 dicitis
2891 1862 2906 1885 ,
2963 1824 3087 1892 quia
3134 1822 3464 1890 blasphemas
3499 1862 3514 1886 ,

1884 1923 1924 1977 Β
1953 1916 2076 1984 quia
2123 1915 2238 1966 dixi
2260 1930 2278 1967 :
2311 1913 2488 1967 Filius
2540 1913 2634 1966 Dei
2685 1929 2800 1967 sum
2833 1913 2879 1944 '”
2915 1953 2928 1966 .
2955 1911 3019 1966 Et
3048 1927 3180 1966 sane
3234 1926 3359 1965 cum
3412 1912 3527 1964 haec

1950 2005 2174 2068 diceret,
2217 2004 2360 2058 illius
2395 2007 2558 2057 etiam
2613 2003 2850 2057 hominis
2882 2002 3006 2056 fuit.
3041 2000 3130 2056 Sic
3190 1999 3335 2070 quod
3396 2016 3525 2070 pro-

1951 2097 2129 2164 prium
2157 2105 2241 2152 est
2270 2096 2588 2151 alterutrius
2623 2095 3006 2166 appellationis
3034 2093 3280 2148 alterutri
3316 2103 3526 2146 natura

1949 2187 2272 2251 tribuentes,
2303 2200 2334 2240 a
2397 2201 2524 2239 vero
2563 2186 2881 2254 neutiquam
2927 2184 3265 2238 aberramus.
3297 2181 3525 2248 Quando

1951 2288 2130 2333 autem
2168 2286 2221 2334 et
2255 2277 2416 2347 hujus
2468 2291 2570 2331 vox
2602 2276 2761 2330 ﬁnem
2827 2279 3060 2345 accepit,
3089 2275 3203 2344 jam
3253 2273 3520 2327 Theodoti

1951 2387 2196 2440 quaenam
2230 2381 2312 2425 est
2335 2371 2358 2423 ?
2385 2387 2405 2420 ι
2440 2367 2766 2423 Sanctorum
2801 2368 2950 2424 ideas
2982 2368 3161 2422 nonin
3195 2367 3524 2437 imaginibus

1949 2478 2014 2517 ex
2077 2463 2284 2518 crassis
2343 2461 2622 2517 coloribus
2671 2459 2978 2514 informare
3042 2460 3396 2528 accepimus,
3430 2459 3521 2512 sed

1949 2557 2262 2610 eorumdem
2289 2555 2515 2609 virtutes
2547 2570 2643 2624 per
2665 2567 2730 2608 ea
2759 2568 2882 2622 qua:
2915 2553 2981 2607 de
3009 2552 3143 2621 ipsis
3178 2551 3524 2606 declarantur

1949 2648 2005 2701 in
2035 2647 2209 2702 sacris
2242 2645 2562 2715 Scripturis,
2593 2645 2750 2716 quasi
2793 2648 3060 2714 quasdam
3085 2644 3358 2697 animatas
3387 2642 3526 2695 ima-

1949 2739 2102 2808 gines
2134 2737 2438 2807 exprimere
2467 2739 2645 2791 edocti
2715 2750 2927 2799 sumus,
2962 2750 3028 2789 ex
3059 2748 3169 2803 quo
3227 2733 3341 2802 pari
3397 2746 3520 2785 cum

1949 2830 2081 2900 ipsis
2127 2828 2308 2884 studio
2343 2829 2652 2883 incitamur.
2687 2827 2878 2881 Dicant
2905 2826 3098 2880 deinde
3122 2825 3215 2894 qui
3252 2824 3386 2877 tales
3407 2821 3522 2876 lor-

1949 2937 2162 2974 marum
2192 2919 2394 2990 elligies
2419 2921 2656 2988 erigunt,
2685 2932 2849 2987 quem
2885 2933 2950 2973 ex
2985 2917 3095 2970 illis
3140 2914 3373 2984 denique
3411 2913 3526 2967 fru-

1950 3025 2096 3067 ctum
2130 3022 2537 3082 consequantur
2568 3020 2704 3066 :aut
2730 3012 2796 3065 ad
2823 3025 2986 3080 quam
3022 3024 3088 3064 ex
3112 3023 3298 3063 earum
3331 3007 3524 3061 admo-

1950 3103 2159 3158 nitione
2177 3103 2478 3173 spiritalem
2511 3102 3026 3172 contemplationem
3053 3107 3361 3169 assurgant.
3419 3097 3524 3152 Sed

1949 3195 2295 3265 perspicuum
2354 3205 2437 3250 est
2486 3195 2706 3249 inanem
2762 3193 3029 3264 ejusmodi
3073 3192 3523 3262 excogitationem

271 3283 505 3355 εὕρεμα.
553 3304 571 3337 ι
603 3287 776 3349 Εὐθὺς
807 3288 838 3356 ἡ
873 3286 1061 3356 βαλϐὶς
1103 3286 1197 3340 τοῦ
1260 3288 1419 3356 λόγου
1449 3290 1509 3342 οὐ
1541 3291 1840 3360 νεμεσητὴ,

1948 3300 2088 3350 esse,
2127 3294 2184 3341 et
2229 3286 2510 3340 diabolica:
2541 3286 2676 3340 artis
2709 3285 2989 3339 inventum
3021 3283 3117 3337 τ’.»
3180 3281 3303 3336 Non
3343 3280 3526 3335 statim

271 3375 325 3425 εἰ
353 3375 442 3426 καὶ
483 3374 591 3428 τῶν
648 3376 845 3446 ἐφεξῆς
891 3378 1105 3431 ἀτόπων
1149 3383 1628 3451 κατασκευαστική
1666 3398 1679 3411 ο
1722 3383 1844 3434 ἐπεὶ

273 3465 372 3519 καὶ
421 3467 604 3519 πολλοὶ
655 3468 764 3520 τῶν
821 3469 984 3539 ἱερῶν
1027 3469 1362 3524 διδασκάλων
1420 3473 1519 3542 τῆς
1569 3473 1847 3543 είκονικῆς

273 3556 408 3621 Θέας
434 3559 530 3629 τὴν
547 3560 634 3612 διά
647 3559 818 3628 λόγων
833 3560 1072 3629 ἱστορίαν
1089 3562 1446 3632 προύργιαιτέ
1457 3581 1554 3632 ραν
1570 3563 1807 3618 τίθενται
1829 3581 1842 3594 ⁸

272 3648 338 3700 οὑ
354 3649 727 3714 διαϐάλλοντες
748 3653 846 3720 τὴν
870 3651 1104 3721 ϐατὲραν
1138 3671 1152 3685 ο
1179 3653 1357 3724 ἕτεροι
1410 3656 1466 3708 δὲ
1487 3655 1547 3707 τὸ
1576 3655 1812 3725 ἔμπαλιν
1830 3673 1844 3687 ο

273 3738 389 3806 ἔχοι
409 3739 464 3790 δὲ
491 3741 551 3792 τὸ
577 3741 712 3803 ἴσον,
742 3741 886 3793 καθά
916 3759 1078 3810 φησιν
1103 3745 1131 3796 6
1177 3745 1350 3813 μέγας
1376 3747 1681 3810 Βασίλειοςο
1713 3766 1730 3798 ι
1780 3749 1848 3800 Ἀ

273 3829 386 3898 γὰρ
413 3831 442 3882 6
463 3830 619 3897 λόγος
641 3831 740 3898 τῆς
768 3832 1006 3902 ἱστορίας
1035 3833 1100 3884 δι’
1129 3835 1302 3904 ἀκοῆς
1323 3837 1645 3907 παρίστησι,
1678 3835 1849 3889 ταῦτα

274 3923 522 3992 γραφικὴ
563 3923 827 3978 σιωπῶσα
853 3925 943 3977 διά
980 3929 1265 3997 μιμήσεως
1297 3928 1561 3982 δείκνυσι.
1593 3947 1611 3980 ι
1649 3929 1758 3983 Καὶ
1788 3932 1848 3982 οὑ

275 4013 482 4076 πάντες
530 4010 842 4085 ζωγράφοι,
897 4015 1016 4068 οὐδὲ
1075 4017 1272 4081 πάντες
1317 4018 1649 4090 λογογράφοι
1681 4038 1694 4051 ο
1734 4023 1851 4074 ἀλλ’

277 4106 494 4177 ἑκάστῳ
524 4106 597 4168 ὼς
627 4110 654 4160 6
695 4107 826 4170 Θεὸς
874 4109 1098 4178 ἐμέρισε
1147 4111 1346 4179 μέτρον
1399 4113 1642 4182 χάριτος.
1680 4115 1843 4168 Ὥστε

274 4198 434 4267 τήνδε
461 4199 559 4269 τὴν
580 4199 841 4269 πρότασιν
872 4201 1090 4270 παρεὶς,
1119 4201 1324 4270 λεγέτω
1340 4205 1438 4276 τὴν
1461 4205 1608 4274 ὲξῆςο
1645 4225 1663 4258 ι
1701 4206 1853 4260 Ἐπεὶ

277 4289 590 4344 είπάτωσαν
641 4293 689 4346 oi
731 4293 829 4356 τὰς
880 4293 1091 4347 τοιάσδε
1130 4297 1562 4367 ἀναστηλοῦντες
1599 4299 1812 4370 μορφὰς
1837 4338 1852 4359 .

277 4382 439 4446 ποίας
474 4386 536 4436 ὲκ
576 4384 782 4438 τούτων
838 4385 945 4455 ἄρα
993 4389 1422 4442 καταπολαύοιεν
1469 4389 1736 4460 ὡφελείας
1768 4409 1782 4424 ο
1815 4392 1846 4462 ἢ

277 4475 338 4526 ὲν
374 4475 504 4544 ποίᾳ.
557 4475 648 4528 διά
706 4477 803 4545 τῆς
865 4476 1069 4530 τούτων
1128 4482 1489 4553 ἀναμνήσεως
1554 4484 1844 4552 ἀνάγονται

279 4571 627 4636 πνευματικῇ
670 4569 893 4639 θεωρία.
931 4587 950 4620 ι

364 4748 784 4818 Ἀντερωτάσοω
806 4746 898 4804 οὖν
929 4750 958 4802 6
987 4750 1252 4816 γεννάδας
1284 4768 1300 4786 ο
1335 4751 1500 4806 ποίαν
1521 4753 1630 4824 γὰρ
1659 4754 1845 4825 ὄνησιν

279 4840 378 4894 καὶ
406 4840 558 4910 ίερὰν
583 4841 817 4911 Θεωρίαν
848 4843 948 4896 οὐκ
992 4843 1137 4896 ἔστιν
1165 4845 1415 4898 ἐντεῦθεν
1450 4846 1746 4916 εὖρέσθαις
1786 4848 1846 4900 Ei

279 4934 390 5004 γὰρ
414 4933 553 5002 αὓτη
585 4933 746 5001 φύσις
775 4936 1002 5000 εἰκόνος,
1040 4938 1263 5006 μίμημα
1297 4933 1438 4990 εἶναι
1468 4937 1561 4991 τοῦ
1615 4939 1850 5010 ἀρχετύ-

284 5041 408 5085 που.
436 5023 580 5078 καθά
609 5042 775 5094 φησιν
813 5026 841 5077 6
867 5027 1126 5095 Θεολόγος
1168 5027 1462 5098 Γρηγόριος
1499 5045 1514 5060 ·
1560 5029 1656 5082 καὶ
1687 5031 1744 5081 ὲν
1783 5033 1848 5100 τῇ

282 5114 451 5167 εἰκόνι
471 5114 533 5167 τὸ
559 5117 869 5186 ἀρχέτυπον
899 5118 1240 5186 ὲκφαίνεται,
1271 5121 1415 5174 καθά
1451 5138 1615 5192 φησιν
1641 5123 1669 5174 ὁ
1718 5123 1855 5174 πάν-

283 5223 446 5276 σοφος
497 5209 774 5274 Διονύσιος
811 5226 824 5239 ·
887 5211 1044 5282 δῆλον
1099 5213 1182 5265 ὅτι
1226 5214 1288 5265 ὲκ
1341 5212 1434 5265 τοῦ
1488 5215 1848 5285 μιμήματος,

351 5323 394 5354 ⁸⁸
434 5321 592 5379 Joan.
627 5341 698 5389 vt,
732 5325 819 5380 58.
910 5326 956 5357 ’⁸
979 5325 1139 5380 Joan.
1173 5341 1274 5388 vn,
1317 5326 1406 5380 40.

284 5403 569 5464 martyres,
597 5397 772 5462 initio,
811 5407 849 5451 t.
883 5395 926 5461 Ι,
951 5413 1074 5467 pag.
1101 5397 1225 5452 527.

1503 5328 1546 5356 ⁷¹
1596 5325 1753 5382 Joan.
1787 5343 1841 5391 ι,
1876 5327 1964 5381 36.

1945 3376 2448 3448 reprehendendum
2479 3377 2744 3431 orationis
2760 3377 3048 3432 exordium
3082 3383 3186 3438 est,
3221 3375 3322 3428 etsi
3383 3373 3526 3427 viam

1953 3469 2163 3522 muniat
2207 3469 2274 3522 ad
2330 3467 2566 3522 absurda
2612 3483 2735 3538 qua:
2773 3476 3234 3536 consequuntur:
3273 3464 3526 3534 quando-

1951 3561 2170 3630 quidem
2217 3569 2271 3614 et
2306 3561 2458 3614 multi
2505 3574 2535 3615 e
2588 3560 2764 3614 sacris
2794 3559 3110 3613 doctoribus
3162 3557 3528 3611 narrationem

1951 3669 2073 3725 qua:
2102 3669 2232 3708 voce
2262 3653 2343 3719 ﬁt,
2377 3653 2648 3708 utiliorem
2688 3652 3027 3707 arbitrantur
3082 3657 3307 3720 aspectu
3339 3649 3532 3720 imagi-

1948 3764 2102 3812 num,
2125 3763 2300 3817 neque
2327 3748 2471 3802 hunc
2494 3756 2673 3801 tamen
2709 3745 3059 3814 vituperant;
3136 3743 3227 3797 alii
3261 3758 3388 3798 vero
3415 3743 3532 3797 vice

1947 3855 2124 3895 versa.
2157 3839 2260 3894 Sed
2312 3841 2532 3910 perinde
2577 3849 2680 3904 est,
2733 3848 2792 3893 ut
2848 3854 3080 3909 magnus
3110 3839 3184 3892 ait
3243 3837 3528 3892 Basilius:

1957 3953 1974 3986 ι
2003 3933 2139 3988 Nam
2157 3948 2277 4003 qum
2300 3934 2634 3988 narrationis
2660 3947 2840 3987 sermo
2879 3947 2974 4002 per
3014 3931 3262 3986 auditum
3299 3931 3520 4000 ingerit,

1951 4027 2056 4081 hoc
2095 4027 2304 4095 pictura
2333 4026 2498 4080 silens
2524 4039 2618 4094 per
2650 4025 3014 4079 imitationem
3049 4022 3374 4078 ostendit".
3411 4039 3429 4072 ι
3462 4023 3532 4075 At

1954 4131 2054 4173 nec
2087 4131 2275 4172 omnes
2312 4118 2562 4187 pictores,
2605 4131 2704 4171 nec
2731 4131 2921 4170 omnes
2950 4127 3078 4170 sunt
3123 4123 3367 4171 oratores
3395 4131 3408 4168 :
3435 4113 3532 4168 sed

1954 4219 2116 4278 prout
2175 4209 2471 4278 unicuique
2535 4209 2678 4264 Deus
2727 4209 2913 4279 gratiae
2969 4207 3192 4262 modum
3250 4207 3528 4276 impertiit.

1953 4303 2154 4368 Quare,
2178 4301 2378 4355 omissa
2409 4303 2512 4355 hac
2556 4302 2941 4371 propositione,
2973 4300 3039 4354 ad
3073 4306 3385 4368 sequentem
3437 4313 3533 4352 ve-

1953 4397 2089 4449 niat.
2125 4413 2145 4447 ι
2175 4393 2372 4448 Dicant
2403 4393 2599 4447 deinde
2648 4393 2741 4463 qui
2796 4393 2934 4447 tales
2975 4391 3275 4446 formarum
3329 4389 3530 4458 eliigies

1951 4499 2045 4540 aut
2073 4486 2139 4539 ad
2171 4502 2334 4555 quam
2357 4502 2422 4540 ex
2457 4501 2645 4540 earum
2676 4485 3048 4540 admonitione
3082 4482 3378 4552 spiritalem
3414 4483 3528 4535 eri-

1949 4586 2112 4647 gunt,
2145 4592 2305 4645 quem
2337 4594 2400 4632 ex
2430 4577 2532 4632 illis
2563 4577 2798 4647 denique
2823 4575 3058 4631 fructum
3092 4583 3525 4645 consequantur:

1877 4652 1930 4712 D
1957 4669 2469 4738 contemplationem
2502 4676 2814 4736 assurgant.
2858 4685 2878 4718 ι

2027 4762 2391 4833 interrogetur
2420 4763 2662 4816 vicissim
2689 4762 2769 4814 vir
2795 4771 3073 4821 strenuus,
3103 4758 3225 4828 quis
3269 4773 3376 4811 non
3409 4757 3531 4810 inde

1950 4849 2179 4918 fructus,
2205 4869 2327 4922 qua:
2373 4868 2480 4907 non
2512 4853 2595 4921 pia
2632 4851 3018 4920 contemplatio
3059 4850 3288 4904 oriatur.
3316 4845 3452 4902 Nam
3484 4849 3528 4901 si

1952 4943 2206 5013 imaginis
2240 4954 2434 4998 natura
2468 4954 2551 4997 est
2605 4951 2662 4996 ut
2695 4944 2767 4996 sit
2803 4941 3086 5012 archetypi
3131 4939 3484 4994 simulacrum
3512 4976 3528 4997 ο

1952 5035 2410 5105 quemadmodum
2469 5036 2544 5088 ait
2609 5035 2901 5103 Gregorius
2959 5033 3316 5101 Theologus,
3363 5040 3418 5084 et
3473 5030 3528 5084 in

1958 5126 2196 5196 imagine
2245 5127 2596 5196 archetypum
2647 5128 2912 5189 cernitur,
2966 5135 3026 5180 ut
3085 5124 3529 5194 sapientissimus

1964 5215 2258 5286 Dionysius
2291 5218 2532 5286 loquitur
2567 5235 2579 5269 :
2619 5217 2965 5285 perspicuum
2996 5224 3080 5270 est
3107 5229 3175 5268 ex
3209 5211 3530 5272 simulacro.

2072 5327 2117 5360 ’¹
2153 5327 2360 5382 Concil.
2390 5326 2593 5381 Nicaeni
2625 5341 2683 5392 ιι,
2720 5336 2824 5380 act.
2855 5326 2907 5379 6.
3001 5326 3047 5356 ⁷³
3083 5323 3238 5378 Hom.
3267 5319 3338 5374 20
3375 5319 3428 5374 in
3463 5321 3536 5379 60

1796 5487 2032 5543 NOTE.

354 5582 432 5645 μ)
475 5581 529 5634 1η
559 5584 683 5638 cod.
721 5583 851 5653 Reg.
887 5583 954 5638 ad
987 5599 1138 5638 oram
1163 5582 1287 5637 libri
1326 5600 1339 5636 :

282 5649 423 5723 δοτοι
449 5653 712 5723 τέσσαρες
743 5649 848 5706 ὑτξὸ
879 5654 972 5706 τού
1005 5655 1161 5722 ἀγίου
1188 5654 1494 5723 Σωφρονίου
1514 5653 1848 5723 ἀναθεματί-

282 5719 643 5794 ζονταιῆἀλῖ
675 5725 724 5776 oi
758 5725 856 5791 μὲν
895 5719 1357 5794 τρείςπρόδηλοιο
1389 5726 1416 5774 6
1440 5723 1494 5774 δὲ
1527 5719 1604 5782 εἷς
1635 5719 1846 5794 ἀνωνυ-

285 5806 407 5863 μος.
436 5793 541 5863 ὑπὸ
580 5793 638 5845 δὲ
691 5795 876 5858 ἑτέρου
931 5793 1155 5863 πατρὸς,
1187 5795 1260 5856 ὡς
1307 5794 1567 5859 ἀνέγνων,
1597 5793 1850 5863 Θεόδοτος

297 5860 577 5933 Ἀγκύρων
611 5863 975 5934 διαϐέϐληται.
1009 5860 1288 5918 Sciendum
1314 5875 1387 5918 est
1426 5872 1655 5932 quatuor
1684 5860 1845 5914 Theo-

1382 5582 1578 5636 Ἰστέον
1621 5581 1696 5644 ὡς
1721 5582 1852 5635 Θεό-

1958 5585 2112 5640 dotos
2134 5602 2165 5638 α
2200 5594 2380 5639 sancto
2402 5583 2698 5651 Sophronio
2715 5580 3164 5636 anathematizari
3194 5596 3254 5632 ac
3284 5587 3386 5633 tres
3407 5579 3532 5651 qui-

1963 5658 2078 5708 dem
2114 5658 2225 5709 noti
2260 5667 2380 5707 sunt
2403 5671 2422 5708 .'
2455 5649 2536 5706 hic
2578 5666 2750 5708 autem
2779 5669 2912 5706 unus
2955 5653 3066 5705 sine
3113 5651 3435 5720 cognomine,
3464 5649 3530 5704 ab

1959 5727 2126 5780 altero
2157 5727 2332 5780 Patre.
2355 5727 2487 5777 sicut
2513 5726 2633 5796 legi,
2668 5724 2960 5794 infamatur
2981 5717 3234 5791 tanquam
3266 5722 3334 5774 sit
3359 5717 3528 5773 Theo-

1958 5798 2112 5851 dotus
2145 5797 2479 5864 Ancyranus.
