4164 6488
233 404 384 468 1221

1450 418 1991 481 EPISTOI.ARUM
2027 423 2177 481 LIB.
2234 425 2316 482 ΙΙ.

3373 433 3510 493 1222

229 519 437 572 θέσθαι
465 522 582 572 ἐστι
626 522 760 591 πρὸς
795 523 1035 594 ἑκάτερα
1073 525 1162 577 τὸν
1206 525 1476 595 βλέποντα
1499 546 1512 558 ·
1551 533 1626 583 Οὑ
1657 532 1824 602 δήπου

1937 536 2023 590 nis
2061 537 2356 599 excitatur,
2415 551 2508 590 seu
2539 537 2659 591 lmta
2716 553 2778 593 ea
2821 539 2951 602 sint,
2984 555 3077 595 seu
3108 541 3284 595 tristia
3314 543 3337 594 ’ί
3365 542 3520 607 Quod

232 610 516 679 ἀνέγνως,
549 607 593 664 ὦ
629 613 895 682 βέλτιστε,
932 616 1008 679 ὡς
1038 617 1087 668 οἱ
1114 617 1284 671 πάλαι
1308 619 1695 690 ὑποδείγματι
1731 623 1831 677 καὶ

235 701 400 772 σκιᾷ
449 705 812 772 λατρεύουσι
856 705 977 760 τῶν
1015 708 1414 778 ἐπουρανίων.
1440 710 1540 779 Τί;
1571 714 1832 786 ἑκάτερον

234 797 348 849 οὑκ
381 795 580 857 εἰκώνξ
631 799 732 851 οὑκ
773 799 832 851 ἐν
873 800 1044 853 εἰκόνι
1083 803 1351 872 ἀνήγοντο
1399 805 1537 875 πρὸς
1581 807 1682 877 τὴν
1722 808 1832 862 τῶν

236 888 588 957 ἐπουρανίων
625 888 888 960 emptas;
924 893 1023 946 οὐκ
1069 893 1139 947 ἐν
1179 897 1369 950 εἰκόνι
1409 896 1829 967 διαπορεύεται

238 982 360 1044 πᾶς
389 980 720 1049 ἄνθρωπος,
754 986 1058 1050 Δαυῖτικῶς
1089 988 1266 1042 εἰπεῖν
1298 1006 1313 1054 ;
1349 993 1452 1045 οὐκ
1486 991 1648 1054 αὐτὸς
1692 994 1754 1045 σὺ
1802 994 1831 1046 6

239 1071 624 1144 Εἰκονομάχος
669 1077 836 1128 εἰκὼν
866 1079 1027 1146 Θεοῦ,
1062 1082 1157 1134 καὶ
1190 1082 1333 1136 κατὰ
1377 1083 1519 1138 ἰδέαν
1565 1088 1830 1156 πατρῴαν

239 1166 554 1238 γεννηθεὶς,
594 1169 690 1222 καὶ
724 1171 1010 1235 εἰκονικῶς
1039 1174 1097 1226 ὲν
1134 1174 1327 1228 πίνακι
1369 1178 1826 1248 ἐγγραφόμενυςς

239 1258 280 1328 ἢ
318 1260 480 1329 μόνος
532 1262 596 1314 σὺ
631 1263 1084 1329 ἀνεξεικόνιστος,
1113 1265 1190 1330 ὡς
1220 1268 1320 1320 οὐκ
1364 1267 1674 1340 ἄνθρωπος,
1711 1272 1829 1323 ἀλλ’

241 1351 653 1423 ἀμῦλωθρίδιος
681 1374 695 1388 ·
714 1357 810 1409 καὶ
843 1356 932 1410 διὰ
958 1358 1118 1411 τοῦτο
1150 1360 1244 1412 καὶ
1273 1361 1403 1422 τοὺς
1430 1360 1620 1430 ἁγίους
1657 1362 1829 1428 οὕτως

240 1445 534 1516 οἰόμενος;
580 1449 721 1502 Ἀλλ’
751 1449 835 1502 ἵνα
885 1452 1087 1520 μᾶλλον
1119 1453 1147 1504 6
1187 1455 1317 1523 περί
1344 1453 1500 1508 τοῦδε
1541 1457 1698 1521 λόγος
1735 1457 1829 1509 πίο

246 1553 460 1591 στωσιν
492 1540 700 1603 δέξοιτο
726 1558 741 1573 ·
771 1544 967 1612 παρεὶς
1001 1543 1063 1596 τὸ
1084 1543 1296 1597 οἴκοθεν
1325 1545 1695 1616 δογματίζειν,
1727 1547 1828 1600 αὑ-

241 1632 373 1694 τοὺς
405 1633 774 1703 προστήσεται
806 1635 933 1698 τοὺς
969 1638 1070 1706 τῆς
1116 1636 1444 1708 οἰκουμένης
1473 1637 1824 1710 λαμπτῆρας,

241 1724 716 1794 ἀποκρινομένους
749 1744 832 1779 σοι
881 1727 1018 1798 πρὸς
1055 1727 1155 1799 τὴν
1202 1728 1500 1800 ἐρώτησιν.
1526 1731 1826 1802 Γρηγόριος

243 1818 274 1869 6
304 1817 556 1881 Νυσσεύς
584 1834 597 1848 ·
646 1837 662 1868 ι
719 1815 875 1872 Εἶδον
939 1819 1204 1883 πολλάκις
1245 1823 1336 1874 έπί
1386 1823 1608 1893 γραφῆς
1641 1825 1824 1877 εἰκόνα

241 1910 340 1964 τοῦ
363 1909 571 1974 πάθους
591 1928 605 1942 ·
650 1912 742 1964 καὶ
766 1912 867 1964 οὑκ
904 1912 1172 1982 ἀδακρυτί
1195 1913 1291 1983 τὴν
1329 1913 1457 1967 θέαν
1487 1916 1769 1986 παρῆλθον
1805 1934 1819 1947 ·

243 2002 492 2075 ἐναργῶς
509 2003 607 2071 τῆς
637 2003 835 2074 τέχνης
852 2004 943 2057 ὑπ’
963 2004 1086 2074 δψιν
1104 2003 1348 2077 ἀγούσης
1377 2006 1474 2075 τὴν
1505 2007 1766 2074 ἱστορίαν.
1797 2025 1816 2059 ι

255 2096 314 2149 '0
351 2095 765 2166 Χρυσόστομος·
810 2115 828 2147 ι
891 2096 1034 2165 Ἐγὼ
1069 2097 1164 2149 καὶ
1189 2097 1290 2167 τὴν
1328 2097 1632 2168 κηρόχυτον
1681 2099 1821 2167 ἠγά-

244 2205 398 2257 πησα
436 2188 658 2260 γραφὴν
707 2177 991 2252 εὐσεϐείας
1023 2189 1210 2243 ἕνεκεν
1240 2189 1700 2260 πεπληρωμένην.
1729 2187 1821 2243 Εἶ-

242 2281 330 2334 δον
357 2282 466 2352 γὰρ
486 2281 716 2350 ἄγγελον
740 2283 796 2334 ὲν
818 2283 987 2336 εἰκόνι
1004 2283 1298 2337 ἐλαύνοντα
1315 2282 1617 2354 Βαρϐάρων
1635 2283 1819 2353 στίφη·

243 2369 384 2428 εἶδον
428 2374 747 2444 πατούμενα
796 2375 1099 2446 Βαρϐάρων
1136 2375 1280 2444 φῦλα
1306 2394 1321 2409 ·
1365 2374 1462 2428 καὶ
1524 2375 1615 2427 τὸν
1662 2375 1828 2428 Δαεὶδ

242 2468 597 2539 ἀληθεύοντα·
626 2471 820 2538 Κύριε,
843 2469 913 2522 ἐν
935 2467 1011 2536 τῇ
1031 2469 1204 2523 πόλει
1222 2485 1341 2523 σου
1361 2467 1476 2534 τὴν
1493 2469 1696 2523 εἰκόνα
1720 2471 1827 2523 αὐ-

242 2559 362 2613 τῶν
395 2560 850 2627 ἑξουδενώσεις.
892 2560 1161 2632 Κύριλλος
1207 2560 1644 2632 Ἀλεξανδρείας·
1683 2580 1700 2612 ι
1733 2556 1825 2612 Εἷ-

242 2653 332 2707 δον
357 2652 467 2722 ἐγὼ
493 2653 638 2707 κατὰ
661 2655 846 2723 τοίχου
874 2655 1114 2725 γραφὴν,
1146 2653 1478 2709 ὲναθλοῦσαν
1502 2656 1614 2717 τοῖς
1642 2654 1823 2723 σκάμ-

247 2762 379 2816 μασι
402 2746 570 2818 κόρην
589 2762 602 2776 ·
625 2747 720 2800 καὶ
731 2749 829 2799 οὑκ
851 2746 1118 2816 ἀδακρυτί
1135 2746 1231 2817 τὴν
1244 2746 1370 2800 θέαν
1390 2744 1764 2800 κατώπτευσα.
1798 2763 1816 2796 ι

242 2840 540 2912 Γρηγόριος
566 2840 595 2892 6
613 2840 870 2907 Θεολόγος
891 2859 904 2871 ·

1933 627 1981 682 si
2013 627 2095 682 sic
2129 643 2215 681 res
2253 626 2362 682 illic
2401 628 2606 693 habet;
2646 631 2816 685 multo
2858 631 3032 700 magis
3081 632 3135 685 in
3170 632 3235 687 iis
3269 633 3524 703 imagini-

1934 719 2039 775 bus
2069 734 2190 789 qua:
2233 721 2376 775 inter
2406 722 2738 792 vigilandum
2810 724 3202 788 informantur,
3264 726 3526 781 utrolibet

1933 812 2096 868 modo
2128 827 2354 869 necesse
2409 825 2491 870 est
2542 813 2678 871 allici
2731 825 3105 873 contuentem.
3175 813 3291 873 Non
3346 819 3525 888 legisti

1933 901 2164 966 scilicet,
2205 903 2288 957 vir
2325 904 2548 973 optime.
2583 906 2728 974 quod
2756 916 2967 961 veteres
2997 905 3290 977 exemplari
3317 919 3366 963 et
3405 926 3524 964 um-

1933 993 2043 1048 brae
2069 995 2365 1049 deserviunt
2401 996 2688 1050 caelestium
2710 996 2758 1029 ⁷⁸
2784 1039 2797 1053 .
2851 997 3037 1063 Quid?
3093 1007 3386 1070 utrumque
3415 1016 3520 1054 non

1932 1085 2115 1155 imago
2153 1087 2272 1141 est?
2306 1103 2414 1141 non
2445 1089 2498 1142 in
2531 1089 2766 1158 imagine
2827 1091 2892 1143 ad
2932 1089 3241 1145 ccelestium
3275 1100 3525 1146 contem-

1932 1178 2224 1246 plationem
2257 1180 2699 1235 subvehebantur
2726 1181 2750 1236 ?
2783 1197 2889 1235 non
2923 1183 2981 1235 in
3016 1184 3250 1250 imagine
3280 1196 3526 1253 pertran-

1929 1271 1999 1322 sit
2036 1270 2215 1326 omnis
2244 1273 2397 1325 homo
2431 1273 2477 1305 7°
2517 1315 2532 1339 ,
2573 1283 2633 1328 ut
2685 1289 2809 1327 cum
2859 1271 3061 1329 Davide
3119 1274 3358 1345 loquar?
3413 1292 3522 1329 non

1929 1360 2046 1430 ipse
2071 1370 2149 1426 tu,
2185 1361 2566 1430 lconomache,
2600 1363 2702 1417 ‘Dei
2733 1362 2936 1433 imago,
2975 1374 3026 1419 et
3079 1365 3144 1418 ad
3171 1365 3344 1434 patris
3371 1365 3527 1419 simi-

1928 1453 2213 1508 litudinem
2256 1456 2492 1526 genitus,
2524 1465 2578 1511 et
2615 1456 2875 1528 graphice
2923 1458 3172 1527 depictus
3207 1457 3260 1510 in
3299 1457 3525 1511 tabula?

1927 1546 2009 1602 An
2038 1557 2093 1602 ttt
2140 1548 2291 1605 solus
2327 1549 2448 1605 sine
2479 1549 2722 1620 imagine
2777 1567 2858 1617 es,
2893 1561 3157 1621 tanquam
3220 1566 3324 1604 non
3361 1552 3523 1605 homo

1927 1640 2028 1703 sis,
2077 1640 2170 1695 sed
2230 1650 2422 1711 partus
2456 1641 2758 1706 abortivus,
2812 1652 2976 1712 atque
3016 1644 3221 1697 idcirco
3270 1644 3348 1697 sic
3377 1651 3430 1696 ct
3459 1644 3525 1698 de

1930 1729 2142 1785 sanctis
2172 1731 2505 1786 existimas?
2548 1730 2748 1786 Verum
2797 1741 2858 1787 ut
2899 1733 3164 1803 majorem
3195 1735 3310 1788 haec
3341 1734 3521 1790 oratio

1927 1819 2170 1874 inveniat
2203 1821 2386 1885 fidem,
2422 1824 2634 1892 pr0pria
2667 1823 3090 1880 ratiocinatione
3123 1827 3519 1895 praetermissa,

1929 1913 2046 1984 ipsa
2100 1914 2382 1969 exhibebit
2439 1916 2590 1970 orbis
2663 1925 2933 1971 terrarum
2968 1919 3208 1984 lumina,
3273 1935 3394 1988 quae
3425 1919 3523 1972 tibi

1928 2002 1996 2056 ad
2031 2003 2365 2074 interrogata
2411 2006 2798 2074 respondeant.
2845 2005 3142 2077 Gregorius
3195 2007 3520 2079 Nyssenus:

1930 2095 2053 2151 Vidi
2091 2111 2465 2167 saepenumero
2512 2099 2566 2153 in
2611 2099 2822 2169 pictura
2861 2101 3154 2170 imaginem
3186 2103 3264 2156 rei
3292 2102 3524 2157 misera-

1931 2189 2078 2254 bilis,
2109 2204 2207 2245 nec
2227 2189 2400 2245 oculis
2453 2190 2618 2246 siccis
2670 2195 3043 2260 spectaculum
3073 2193 3306 2265 praeterii
3342 2211 3355 2247 :
3388 2195 3523 2248 adeo

1931 2280 2222 2335 manifeste
2251 2281 2353 2336 sub
2375 2283 2567 2338 oculos
2591 2299 2706 2338 rem
2735 2295 2945 2352 gestam
2980 2301 3070 2338 ars
3099 2285 3394 2341 exhibebat
3414 2285 3512 2339 ⁸ο.»

1935 2369 2363 2440 Chrysostomus
2387 2372 2432 2404 ⁸¹
2461 2391 2474 2427 :
2503 2391 2520 2424 ι
2556 2374 2666 2442 Ego
2683 2381 2737 2428 et
2759 2376 2811 2429 in
2844 2390 2969 2430 cera
3001 2391 3318 2445 expressam
3342 2377 3519 2430 amavi

1933 2467 2229 2537 picturam,
2255 2467 2478 2538 pietatis
2513 2483 2678 2522 causa
2713 2467 3042 2523 confectam.
3084 2466 3208 2522 Vidi
3243 2468 3389 2522 enim
3417 2484 3520 2522 an-

1931 2563 2109 2633 gelum
2142 2564 2195 2617 in
2221 2563 2454 2634 imagine
2492 2562 2852 2618 Barbarorum
2892 2564 3077 2634 copias
3120 2565 3517 2632 dissipantem;

1929 2656 2039 2710 vidi
2071 2655 2438 2710 Barbarorum
2473 2656 2692 2726 agmina
2728 2656 3144 2712 conculcantem
3179 2676 3193 2712 :
3233 2656 3521 2711 Davidem-

1933 2762 2039 2818 que
2064 2763 2188 2804 vere
2212 2749 2479 2804 dicentem
2518 2766 2531 2801 :
2560 2749 2803 2814 Domine,
2851 2749 2905 2803 in
2949 2751 3166 2804 civitate
3206 2761 3297 2803 tua
3327 2748 3520 2818 imagi-

1934 2858 2050 2896 nem
2102 2842 2336 2911 ipsorum
2393 2842 2462 2896 ad
2531 2843 2754 2896 nihilum
2817 2845 3015 2915 redigas
3067 2846 3134 2899 3'.
3190 2863 3209 2897 ι
3276 2843 3518 2915 Cyrillus

241 2933 686 2989 Alexandrinus:
722 2951 740 2985 ι
777 2932 895 2987 Vidi
920 2947 1022 3002 ego
1075 2934 1129 2987 in
1184 2932 1392 3003 pariete
1432 2930 1724 3001 picturam,
1770 2930 2003 3001 puellam
2039 2932 2092 2986 in
2126 2933 2305 2988 stadio
2335 2931 2704 2987 decertantem
2736 2951 2750 2987 :
2795 2948 2894 2990 nec
2924 2934 3079 2988 licuit
3104 2935 3223 2991 sine
3245 2933 3508 3003 lacrymis

242 3026 614 3096 spectaculum
654 3026 921 3080 contueri.
954 3025 1252 3096 Gregorius
1283 3023 1593 3094 Theologus
1626 3022 1669 3054 "
1702 3038 1717 3075 :

311 3145 422 3214 Τῆς
449 3143 494 3196 δ’
524 3139 592 3214 ἦν
617 3144 718 3196 ὑπε
730 3143 983 3214 ρκύπτων
1011 3143 1275 3214 Πολέμων
1299 3144 1358 3214 ὲν
1387 3142 1577 3196 εἰκόνι.

2000 3135 2282 3209 Eminebat
2310 3137 2500 3190 exinde
2529 3135 2782 3209 Polemon
2808 3139 2861 3191 in
2891 3139 3123 3209 imagine
3145 3156 3164 3193 :

314 3205 768 3285 Τι·ιὶύτην’ἰδοῦσξι⁵
813 3212 1054 3285 [supple,
1102 3205 1335 3286 ὲτάιρίς]
1409 3215 1528 3286 (κα).
1578 3211 1688 3286 γὰρ
1734 3205 1803 3282 ἦν

1994 3207 2171 3273 Quam
2228 3224 2347 3261 cum
2383 3208 2663 3280 (scortum)
2693 3210 2886 3264 videret
2914 3226 2933 3275 ;
2964 3205 3076 3286 erat
3126 3211 3265 3286 enim
3288 3213 3518 3286 pictura

1422 3283 1719 3355 σεϐασμία)
1732 3324 1745 3344 ,

324 3353 590 3425 Ἀπῆλθεν
619 3353 779 3417 εὑθύς
798 3372 813 3386 ·
842 3356 936 3408 καὶ
965 3353 1093 3418 Θέας
1121 3355 1425 3425 ἡττημένη,

323 3425 409 3489 Ὠς
437 3393 594 3490 έῶντ’
626 3393 1052 3496 ὲπαιῖτχυνθεϊσα
1066 3393 1169 3478 ἒδῦ
1194 3393 1603 3496 γέξραιῗμένον.

241 3539 518 3604 Βασίλειος
556 3539 585 3592 6
627 3538 833 3609 μέγας·
873 3557 891 3590 ι
941 3538 1239 3609 Ἀνάστητέ
1291 3555 1382 3610 μοι
1424 3536 1542 3605 νῦν,
1578 3531 1623 3591 ὦ
1677 3537 1821 3606 λαμ-

241 3635 372 3704 προὶ
404 3633 511 3688 τῶν
550 3631 861 3703 ἀθλητικῶν
895 3632 1341 3703 κατορθωμάτων
1380 3631 1697 3703 ζωγράφοι·
1722 3629 1823 3700 τὴν

240 3725 338 3778 τοῦ
371 3723 683 3795 στρατηγοῦ
724 3723 1115 3777 κολοϐωθεῖσαν
1146 3722 1331 3776 εἰκόνα
1359 3725 1480 3785 ταῖς
1523 3720 1823 3791 ὑμετέραις

244 3821 588 3894 μεγαλύνατε
642 3819 897 3890 τέχναις·
959 3819 1338 3890 ἀμαυρότερον
1378 3816 1510 3888 παρ’
1562 3813 1697 3886 ἐμοῦ
1732 3814 1823 3867 τὸν

242 3913 570 3984 στεφανίτην
598 3912 878 3985 γραφέντα
907 3913 1020 3974 τοῖς
1054 3911 1157 3980 τῆς
1189 3911 1462 3980 ὑμετέρας
1496 3907 1688 3977 σοφίας
1723 3923 1824 3958 πε·-

245 4006 550 4076 ριλάμψατε
595 4004 902 4078 χρώμασιν.
958 4003 1204 4057 Ἀπὲλθω
1236 4005 1302 4074 τῇ
1339 4000 1445 4055 τῶν
1483 3997 1824 4071 ἀριστευμά-

238 4117 350 4152 των
392 4097 487 4151 τοῦ
532 4096 807 4169 μάρτυρος
861 4095 1216 4167 νενικημένος
1262 4094 1474 4163 γραφῇ.
1508 4089 1698 4161 Χαίρω
1750 4091 1818 4160 τῇ

241 4188 466 4259 τοιαύτῃ
495 4187 598 4255 τῆς
625 4188 899 4258 ὑμετέρας
939 4185 1122 4256 ἰσχύος
1153 4186 1395 4255 σήμερον
1417 4182 1545 4254 νίκῃ
1574 4179 1825 4252 ἡττώμε-

239 4301 328 4344 νος
355 4298 369 4311 ·
402 4282 496 4335 ἴδω
525 4279 625 4348 τῆς
657 4280 839 4350 χειρὸς
863 4281 999 4352 πρὸς
1031 4278 1089 4332 τὸ
1123 4277 1235 4349 πῦρ
1268 4275 1661 4348 ἀκριϐέστερον
1690 4274 1822 4345 παρ’

243 4373 400 4444 ὑμῶν
436 4373 791 4444 γραφομένην
831 4371 931 4442 τὴν
960 4371 1158 4442 πάλην.
1192 4369 1314 4423 Ἰδω
1346 4367 1699 4439 φαιδρότερον
1730 4367 1824 4420 ἐπὶ

241 4468 346 4536 τῆς
389 4468 666 4538 ὑμετέρας
707 4464 798 4518 τὸν
826 4465 1132 4536 παλαιστὴν
1163 4461 1552 4536 γεγραμμένον
1591 4459 1820 4523 εἰκόνος.

239 4560 651 4614 Κλαυσάτωσαν
699 4558 954 4628 δαίμονες
996 4558 1088 4611 καὶ
1126 4557 1221 4610 νῦν
1263 4559 1386 4620 ταῖς
1413 4553 1508 4608 τοῦ
1547 4551 1823 4624 μάρτυρος

3035 3278 3372 3351 [venerabilis
3399 3301 3418 3349 ;

1982 3347 2210 3422 Repente
2250 3349 2416 3422 abiit,
2466 3366 2581 3422 nec
2612 3350 2749 3419 ferre
2805 3347 3160 3418 spectaculum
3196 3356 3386 3422 potuit.

1995 3418 2129 3475 Cum
2152 3419 2366 3489 puderet
2391 3421 2585 3474 intueri
2609 3422 2765 3491 quasi
2787 3423 3036 3474 viventem
3061 3423 3150 3492 qui
3182 3418 3351 3492 pictus
3374 3435 3511 3482 erat.

1927 3535 2168 3592 Basilius
2208 3552 2438 3607 magnus
2474 3555 2488 3591 :
2526 3556 2545 3590 ι
2578 3535 2869 3606 Exsurgite
2930 3537 3063 3591 mihi
3115 3553 3285 3604 nunc,
3318 3553 3352 3594 ο
3377 3554 3516 3608 ρτω-

1925 3627 2058 3683 clari
2080 3628 2464 3684 athleticorum
2487 3637 2765 3700 gestorum
2803 3631 3062 3698 pictores,
3089 3631 3334 3684 mutilam
3359 3630 3516 3685 ducis

1927 3723 2223 3795 imaginem
2263 3724 2466 3778 eximio
2498 3731 2683 3778 vestro
2733 3724 2968 3778 artiﬁcio
3002 3725 3280 3780 illustrate
3306 3743 3320 3780 :
3347 3739 3512 3779 coro-

1925 3828 2117 3872 natum
2160 3818 2444 3882 athletam,
2488 3816 2779 3872 obscurius
2807 3833 2838 3872 a
2868 3832 2956 3873 me
2985 3817 3284 3888 depictum,
3315 3828 3515 3874 vestrae

1928 3925 2029 3966 vos
2063 3910 2348 3965 industriae
2367 3909 2645 3966 coloribus
2667 3910 3028 3979 conspicuum
3060 3910 3287 3965 reddite.
3323 3909 3514 3966 Disce-

1927 4001 2051 4057 dam
2098 4017 2278 4057 rerum
2313 4003 2572 4071 praeclare
2601 4017 2632 4056 a
2693 4011 2933 4073 martyre
2985 4012 3265 4072 gestarum
3301 4003 3512 4072 pictura

1927 4094 2126 4150 victus.
2172 4093 2454 4150 Gaudeam
2491 4094 2590 4150 tali
2637 4102 2833 4150 vestrae
2871 4095 3107 4150 solertia:
3154 4095 3384 4150 victoria
3410 4096 3516 4151 bo-

1928 4185 2119 4240 dierno
2154 4185 2242 4240 die
2269 4193 2584 4256 superatus.
2608 4184 2797 4241 Liceat
2824 4186 3026 4241 intueri
3053 4201 3252 4241 manus
3284 4186 3513 4257 hujusce

1927 4291 2050 4330 cum
2101 4277 2225 4347 igne
2272 4277 2472 4332 luctam
2511 4277 2830 4348 diligentius
2879 4295 2911 4334 a
2958 4278 3114 4333 vobis
3159 4277 3508 4333 delineatam.

1930 4367 2154 4424 Videam
2204 4370 2530 4426 alacriorem
2577 4370 2820 4441 pugilem
2862 4381 3041 4426 vestra
3065 4371 3341 4440 depictum
3371 4371 3512 4424 ima-

1928 4458 2072 4527 gine.
2105 4456 2353 4529 Lugeant
2380 4459 2657 4514 daemones
2686 4467 2743 4515 et
2783 4476 2932 4515 nunc
2965 4461 3222 4532 martyris
3247 4460 3391 4514 inter
3414 4475 3514 4515 vos

1931 4548 2128 4602 virtute
2185 4548 2474 4618 perculsi:
2528 4549 2729 4605 ardens
2776 4548 2975 4605 iterum
3013 4549 3146 4619 ipsis
3186 4564 3408 4614 manus,
3460 4557 3516 4603 et

237 4655 298 4707 ὲν
329 4653 458 4722 ὑμῖν
495 4651 801 4724 ἀριστείαις
842 4649 1208 4722 πληττόμενοι
1233 4665 1248 4677 ⁸
1305 4646 1613 4718 φλεγομένη
1657 4645 1820 4699 πάλιν

1929 4640 2126 4695 victrix
2182 4641 2429 4711 quidem,
2486 4642 2803 4698 ostendatur
2831 4639 2898 4699 “.
2933 4661 2952 4694 ι
2984 4641 3199 4709 Viden‘,
3249 4641 3512 4712 quemad-

241 4744 430 4807 αὐτοῖς
460 4746 493 4816 ἡ
529 4746 650 4816 χεὶρ
682 4744 778 4799 καὶ
812 4741 1020 4799 νικῶσα
1048 4740 1368 4796 δεικνύσθω.
1405 4760 1423 4793 ι
1477 4740 1642 4811 Ὁρᾷς
1676 4739 1822 4800 ὅπως

237 4840 270 4893 6
315 4838 413 4909 μὲν
459 4838 749 4909 προτίθησι
778 4838 877 4908 τῆς
912 4834 1287 4906 λογογραφίας
1321 4834 1421 4905 τὴν
1463 4832 1821 4904 ζωγραφίαν·

233 4931 299 4984 ἐν
412 4929 575 5001 ἡλίκη
610 4931 644 5000 ἡ
696 4930 1006 4994 ὲκθείασις,
1051 4928 1128 4992 ὡς
1154 4927 1248 4980 καὶ
1293 4925 1504 4979 κλαίειν
1542 4926 1669 4987 τοὺς
1708 4923 1824 4977 δαί-

240 5038 442 5094 μονας·
477 5023 508 5075 6
548 5022 605 5075 δὲ
643 5022 887 5090 πηλίκως
931 5023 1048 5084 πῶς
1089 5020 1362 5091 σεϐαστὴν
1404 5019 1504 5091 τὴν
1546 5019 1825 5089 εἰκονουρ-

233 5114 367 5184 γίαν
411 5113 703 5185 κέκληκεν,
748 5113 822 5176 ὡς
852 5113 1123 5184 ἑταιρίδος
1164 5111 1547 5184 σωφρονισμὸν
1577 5110 1824 5181 ὑπάρξα-

240 5222 376 5272 σαν;
412 5202 550 5260 Εἶτα
581 5205 746 5259 πάλιν
793 5205 910 5270 πῶς
948 5208 976 5260 6
1002 5205 1191 5276 ἕτερος
1217 5205 1317 5258 οὑκ
1344 5204 1585 5276 ἄδακρυς
1623 5204 1688 5256 ὲκ
1725 5201 1824 5272 τῆς

239 5297 526 5370 γραφικῆς
572 5297 705 5360 θέας
755 5296 1010 5362 ἄπεισιν,
1074 5297 1133 5350 ὲν
1187 5297 1255 5366 τῇ
1312 5297 1500 5367 γραφῇ
1556 5293 1824 5347 ἀθλοῦσαν

244 5391 460 5462 βλέπων
497 5388 598 5462 τὴν
651 5390 937 5463 μάρτυρας
989 5389 1160 5444 Πάλιν
1188 5390 1307 5453 πῶς
1347 5392 1376 5443 6
1411 5388 1570 5453 ἀλλος
1605 5389 1824 5458 ἠγαπη-

242 5481 414 5553 μένην
448 5481 606 5536 καλεῖ
643 5482 744 5550 τὴν
792 5482 1094 5552 κηρόχυτον
1143 5479 1400 5550 γραφὴν,
1454 5479 1530 5543 ὡς
1581 5480 1640 5532 ὲν
1680 5479 1821 5548 αὑτῇ

244 5574 362 5629 ἰδὼν
410 5576 479 5629 τὰ
527 5575 891 5644 πρωτότυπα;
953 5576 1188 5629 Ἔπειτα
1238 5576 1333 5628 καὶ
1368 5575 1395 5627 ό
1442 5572 1560 5645 μετ’
1586 5573 1816 5638 αὑτοὺς,

240 5667 358 5731 πῶς
386 5667 499 5722 οὐδ’
529 5668 690 5734 αὑτὸς
723 5671 786 5723 ὲκ
809 5670 908 5741 τῆς
938 5669 1161 5742 γραφῆς
1207 5666 1367 5742 τῆσδε
1396 5668 1634 5738 ἅδακρος
1663 5667 1820 5721 ἄπει-

1927 4732 2151 4788 modum
2179 4735 2319 4789 alter
2347 4734 2654 4790 narrationi
2685 4735 2955 4804 picturam
2985 4735 3291 4806 anteponit,
3320 4733 3374 4788 in
3403 4748 3513 4803 qua

1926 4833 2138 4882 tantum
2166 4826 2298 4882 insit
2321 4825 2517 4883 divine
2559 4827 2800 4896 virtutis,
2836 4836 2895 4884 ut
2934 4828 3212 4884 daemones
3236 4827 3300 4884 ad
3333 4831 3515 4896 lacry-

1926 4935 2046 4976 mas
2077 4921 2291 4992 adigat:
2319 4921 2456 4979 alter
2473 4930 2533 4977 ut
2562 4922 2927 4977 venerabilem
2960 4922 3225 4992 picturam
3255 4918 3510 4990 appellet,

1926 5013 2075 5084 quod
2137 5022 2385 5069 scortum
2423 5012 2668 5084 adegerit
2695 5013 2764 5068 ad
2803 5013 3201 5068 continentiam
3233 5012 3257 5066 ?
3302 5012 3422 5068 Mox
3455 5021 3514 5067 ut

1927 5105 2064 5160 alter
2092 5103 2290 5160 iterum
2320 5118 2433 5159 non
2475 5104 2594 5159 sine
2626 5102 2886 5175 lacrymis
2914 5104 3032 5158 visa
3054 5101 3250 5158 tabella
3285 5101 3506 5166 abierit,

1924 5196 2086 5267 quasi
2138 5196 2194 5251 in
2243 5196 2454 5266 pictura
2509 5203 2810 5267 martyrem
2851 5194 3088 5266 puellam
3139 5193 3511 5249 decertantem

1924 5289 2206 5345 vidisset?
2244 5287 2485 5344 Rursum
2529 5298 2590 5345 ut
2633 5289 2777 5344 alius
2819 5287 3205 5345 charissimam
3239 5294 3396 5342 vocet
3424 5286 3510 5356 pi-

1928 5393 2142 5439 cturam
2182 5383 2576 5449 encausticam,
2611 5381 2772 5453 quasi
2819 5382 2873 5436 in
2925 5381 3042 5450 ipsa
3094 5387 3378 5450 prototypa
3427 5379 3513 5432 in-

1925 5486 2171 5533 tueretur
2205 5477 2229 5531 ?
2271 5477 2467 5533 Postea
2493 5484 2548 5533 et
2579 5476 2626 5533 is
2654 5477 2747 5548 qui
2790 5484 3017 5531 cancros
3040 5473 3416 5543 subsequitur,
3453 5480 3515 5526 ut

1929 5587 2030 5628 nec
2070 5572 2188 5643 ipse
2227 5571 2392 5627 siccis
2447 5571 2516 5627 ab
2546 5580 2770 5642 aSpectu
2812 5568 3040 5638 hujusce
3083 5566 3284 5623 tabula
3335 5563 3514 5621 oculis

1929 5667 2152 5734 abierit,
2184 5665 2411 5738 perinde
2432 5673 2599 5735 atque
2622 5678 2736 5720 rem
2758 5663 2932 5733 ipsam
2956 5660 3130 5716 oculis
3153 5665 3474 5729 usurpasset
3494 5656 3515 5710 ι

310 5801 357 5832 ⁷⁸
375 5799 550 5877 llebr.
582 5819 700 5866 rm,
744 5805 797 5862 5.
872 5807 917 5839 "’
945 5807 1090 5864 Psal.
1119 5823 1355 5871 xxxvm,
1381 5809 1434 5865 7.
1511 5809 1556 5841 ⁸ο
1587 5807 1737 5862 Orat.
1777 5807 1831 5861 iu
1859 5807 2162 5869 Abraham,
2189 5817 2230 5864 t.
2273 5807 2340 5871 ll,
2360 5822 2480 5877 pag.
2504 5805 2630 5861 908.
2703 5800 2750 5877 ξί
2775 5801 2953 5877 ξενίῃ.
2973 5801 3040 5856 de
3060 5801 3292 5877 diversis
3313 5800 3512 5856 utrius-

240 5888 349 5942 que
374 5872 706 5930 Testameuti
744 5877 897 5934 locis.
971 5879 1015 5910 ⁸³
1049 5880 1196 5936 Psal.
1225 5896 1392 5946 Lxxtt,
1432 5879 1523 5935 ‘20.
1601 5881 1646 5913 ⁸³
1679 5879 1828 5935 lamb
1881 5894 2051 5934 carm.
2087 5880 2177 5934 18.
2252 5871 2477 5934 unus.
2513 5877 2577 5931 17
2606 5877 2660 5932 in
2698 5872 2755 5930 S.
2791 5873 3062 5941 Barlaam,
3092 5871 3145 5924 in
3173 5872 3300 5927 fine.
