4164 6470
682 362 818 426 129.3
1869 382 1928 439 Β.
1970 380 2268 444 TIIEODO

2401 387 2746 447 STUDITA'I
3803 392 3937 453 1224

682 471 813 526 Vide
846 482 979 540 quot
1008 488 1071 525 ex
1112 490 1172 527 ea
1206 492 1264 531 rc
1296 480 1621 534 commoda:
1649 484 2020 554 contemplare
2042 500 2257 556 quanta:

2368 510 2480 556 σιν,
2535 495 2611 557 ὡς
2657 495 2827 564 αὐτὴν
2876 489 3162 546 ὑπολαϐὼν
3208 493 3304 562 τὴν
3348 491 3645 563 αὐτοιιὶαη
3680 494 3788 547 Ἰδε
3835 498 3938 548 ὅσα

676 566 787 622 sint
815 566 1098 619 utilitates.
1130 566 1193 622 Et
1220 582 1507 640 postquam
1544 574 1854 633 sciscitatus
1878 579 2122 647 audiisti,
2149 596 2256 635 non

2368 588 2425 639 τὰ
2456 586 2795 657 ὀνησιφόρα·
2855 586 3130 655 σκόπησον
3169 584 3375 654 πηλίκα
3412 584 3481 638 τὰ
3508 584 3784 656 ὠφέλιμα.
3827 587 3939 639 Καὶ

679 656 748 712 ab
788 656 893 711 hoc
920 657 1003 711 vel
1050 658 1141 712 illo
1181 676 1245 715 ex
1288 663 1568 717 hominum
1602 667 1756 734 plebe
1791 684 1854 723 ac
1886 670 2035 734 faece,
2066 674 2157 727 sed
2191 673 2258 727 ah

680 749 747 803 iis
778 750 872 819 qui
906 765 1029 805 cum
1059 751 1265 821 Spiritu
1296 753 1385 807 Dei
1414 756 1789 823 loquerentur,
1816 760 2003 815 orbem
2042 764 2259 817 univcr-

682 856 804 893 sum
866 843 1023 911 quasi
1079 845 1279 898 tonitru
1313 855 1557 901 terruere
1590 866 1604 914 ;
1663 851 1872 920 subjice
1919 857 2063 922 quod
2095 872 2161 909 ex
2194 858 2260 912 iis

682 933 1052 999 concluditur,
1113 950 1147 989 ο
1197 937 1567 993 ratiocinator.
1628 940 1735 995 Sed
1796 946 2129 1013 perspicuum
2183 958 2257 1001 est

682 1023 889 1077 inanem
932 1025 1194 1089 eiusmodi
1220 1031 1658 1099 excogitationem
1695 1050 1826 1100 esse,
1880 1048 1930 1089 et
1983 1039 2263 1093 diabolica:

681 1115 812 1168 artis
844 1116 1106 1169 inventum
1137 1119 1202 1171 ⁸⁸.
1237 1122 1554 1189 Opportune
1583 1124 1669 1179 hic
1688 1125 1815 1180 licet
1841 1137 2097 1184 contenta
2128 1147 2262 1186 voce

683 1205 1029 1260 exclamare:
1075 1207 1409 1276 Obstupesce,
1456 1214 1666 1281 ca'lum,
1705 1234 1859 1286 super
1881 1222 1978 1273 hoc
1998 1221 2081 1276 “z
2121 1239 2263 1293 quo-

685 1294 828 1347 niam
862 1294 1055 1349 frivola
1080 1301 1407 1367 excogitatio
1433 1317 1497 1356 ac
1516 1303 1798 1361 diabolica:
1826 1311 1959 1365 artis
1983 1311 2260 1369 inventum

686 1386 736 1439 id
774 1387 1101 1456 appellatur,
1151 1392 1296 1461 quod
1335 1394 1505 1451 divini
1534 1397 1721 1453 Patres
1758 1400 2014 1458 docuere.
2048 1407 2118 1459 At
2155 1423 2262 1463 non

688 1481 758 1535 ita
810 1490 915 1544 est.
968 1483 1328 1554 impostorum
1378 1490 1714 1559 nequissimo
1759 1511 1773 1548 :
1839 1496 1932 1550 sed
1974 1511 2006 1549 e
2047 1498 2264 1555 diverso

684 1579 981 1641 regercnda
1022 1577 1075 1629 in
1112 1586 1164 1631 te
1219 1578 1414 1649 lingua:
1458 1581 1726 1637 vibrantis
1770 1585 1974 1655 jacula.
2004 1587 2264 1655 Quando-

684 1665 904 1732 quidem
934 1666 1099 1736 igitur
1135 1671 1238 1724 tela
1264 1682 1347 1725 est
1372 1673 1437 1727 ad
1458 1673 1615 1729 tinem
1644 1693 1820 1746 usque
1845 1689 2113 1749 pertexta,
2133 1684 2263 1740 illud

685 1758 945 1825 pervelim
974 1768 1027 1813 te
1061 1776 1244 1826 nosse,
1273 1762 1459 1829 frater,
1497 1765 1595 1822 has
1620 1772 1920 1826 sententias
1966 1773 2036 1828 ab
2074 1774 2265 1831 leuno-

2360 677 2549 750 ἐπειδὴ
2581 679 2864 749 ἐρωτήσας
2891 678 3154 748 ἤκουσας,
3185 678 3246 729 οὺ
3280 676 3431 746 παρὰ
3470 676 3623 730 τοῦδε
3660 678 3754 730 καὶ
3778 679 3936 733 τοῦδε

2361 769 2613 840 σμικρῶν
2667 769 2971 840 ἀνθρώπων
3019 771 3115 822 καὶ
3175 767 3512 857 οὐδαμινῶν,
3564 767 3703 838 πρὸς
3755 769 3941 822 αὐτῶν

2358 862 2415 916 δὲ
2441 861 2550 915 τῶν
2583 860 2855 931 πνεύματι
2903 860 3298 931 φθεγξαμένων
3334 860 3495 922 Θεοῦ,
3535 861 3633 914 καὶ
3667 858 3943 930 βροντῶν-

2360 971 2468 1007 των
2508 954 2607 1024 τὴν
2643 952 2735 1007 ὑπ’
2784 952 3033 1022 οὐρανὸν,
3076 953 3285 1024 φράσον
3319 953 3413 1005 καὶ
3451 952 3512 1004 τὸ
3560 952 3943 1022 συμπέρασμα

2360 1044 2453 1097 τοῦ
2482 1045 2643 1111 λόγου
2663 1084 2679 1109 ,
2722 1039 2766 1097 ὦ
2803 1044 3163 1111 δογματιστά.
3220 1043 3383 1097 Ἀλλ’
3421 1043 3686 1110 εὔδηλον
3716 1042 3796 1107 ὡς
3823 1058 3944 1111 μα-

2362 1134 2497 1187 ταία
2525 1135 2562 1201 ἡ
2587 1134 2825 1200 τοιαύτη
2848 1134 3102 1197 ἐπίνοια,
3130 1135 3223 1187 καὶ
3254 1131 3608 1201 διασολικῆς
3622 1132 3944 1203 ,ιιεθοόεἰας

2363 1226 2599 1294 εὕρεμα.
2657 1224 2925 1297 Εὖκαιρον
2966 1224 3202 1278 ἐνταῦθα
3259 1224 3522 1294 ἐκϐοῆσαι
3576 1226 3943 1294 μέγαοἝκ-

2364 1319 2562 1381 στηθι,
2594 1316 2833 1383 οὐρανέ,
2868 1316 2967 1368 ἐπὶ
3017 1316 3239 1382 τούτῳ’
3268 1316 3351 1368 ὅτι
3392 1315 3627 1386 ματαίαν
3658 1314 3939 1379 ἐπίνοιαν,

2364 1408 2458 1459 καὶ
2491 1406 2707 1477 εὕρεμα
2734 1408 3019 1477 μεθοδείας
3048 1408 3299 1462 διαϐόλου
3327 1407 3395 1461 τὰ
3422 1408 3576 1478 παρὰ
3601 1407 3713 1460 τῶν
3744 1409 3944 1478 θεοφό-

2366 1516 2475 1569 ρων
2509 1498 2630 1570 ἱερὰ
2665 1498 2909 1569 δόγματα
2938 1500 3302 1569 ἑκπέφασται.
3347 1500 3487 1555 Ἀλλ’
3520 1501 3619 1571 οὐχ
3653 1500 3830 1566 οὕτως
3853 1543 3866 1565 .
3898 1496 3945 1556 ὦ

2365 1591 2583 1645 πλάνων
2626 1592 2853 1659 μέγιστε
2876 1607 2890 1622 '
2929 1592 3245 1647 τούναντίον
3291 1592 3349 1647 δὲ
3385 1594 3477 1646 ἐπὶ
3524 1594 3609 1647 σοὶ
3648 1594 3946 1649 ἀναθετέον

2363 1684 2432 1737 τὰ
2473 1684 2573 1754 τῆς
2602 1682 2851 1754 γλώττης
2892 1702 2986 1738 σου
3019 1684 3421 1756 ἀμαρύγματα.
3473 1686 3628 1739 Ἐπεὶ
3654 1683 3749 1741 οὖν
3786 1688 3946 1751 τέλες

2367 1774 2561 1845 ἔχειτὸ
2592 1773 2755 1844 ὖφοςο
2799 1778 2977 1829 ὲκεῐνο
3008 1775 3271 1846 βούλομαί
3319 1794 3402 1841 σε,
3446 1776 3662 1847 ἀδελφὲ,
3716 1779 3942 1841 εἰδέναι.

689 1850 897 1904 maebis
918 1850 1147 1920 proferri
1174 1871 1185 1906 :
1208 1870 1441 1924 quarum
1465 1858 1583 1913 alia:
1603 1860 1671 1914 ab
1694 1860 1961 1917 litereticis
1987 1866 2268 1923 manifeste

2368 1868 2451 1921 ὅτι
2484 1866 2667 1934 ἇσπερ
2706 1845 3042 1938 προφέρουσι
3086 1870 3317 1941 χρήσεις
3354 1870 3405 1923 oi.
3448 1845 3807 1941 Είκονομάχοι
3832 1886 3845 1899 ·
3885 1872 3945 1923 at

684 1952 980 2011 petuntur;
1019 1943 1132 1999 fieri
1156 1947 1324 2011 enim,
1342 1947 1456 2003 ﬁeri
1480 1951 1704 2006 omnino
1719 1968 1825 2007 non
1846 1963 2045 2024 potest,
2072 1966 2131 2012 ut
2156 1973 2263 2012 non

686 2036 1043 2090 intcrseratur
1084 2039 1431 2095 mendacium
1478 2042 1714 2110 veritati,
1767 2055 1824 2100 ut
1868 2046 2143 2103 frumento
2185 2053 2262 2104 zi-

686 2128 839 2180 zania
879 2146 891 2181 ι
929 2128 1048 2183 alia:
1093 2144 1157 2183 ex
1191 2133 1394 2187 sanctis
1434 2132 1709 2201 Patribus,
1738 2153 1877 2207 quas
1921 2139 1999 2194 illi
2029 2140 2261 2197 obducta

685 2218 927 2273 tenebris
958 2221 1286 2288 cogitatione
1320 2238 1574 2293 perversa
1608 2228 1885 2298 accipiunt
1916 2248 1932 2285 :
1970 2233 2089 2288 alia:
2109 2233 2267 2288 deni-

685 2322 793 2377 que
846 2323 876 2362 a
931 2312 1216 2379 preposito
1269 2313 1478 2379 alienae,
1538 2333 1599 2371 ea
1636 2334 1759 2388 quae
1804 2321 1945 2377 idola
1993 2334 2262 2393 spectant,

686 2397 889 2453 Christi
956 2401 1178 2471 imagini
1258 2409 1801 2466 accommodantes:
1859 2429 2093 2483 quorum
2156 2433 2263 2472 non

685 2498 899 2557 oportet
941 2500 1143 2545 temere
1195 2509 1383 2549 vocem
1449 2498 1755 2565 admittere,
1819 2519 2013 2574 neque,
2075 2520 2264 2564 contra

686 2582 1026 2637 sanctionem
1078 2588 1458 2654 apostolicam,
1511 2606 1634 2646 cum
1697 2594 1967 2652 luereticis
2018 2599 2267 2655 conferre

687 2686 1022 2729 sermonem.
1070 2676 1341 2734 Caeterum
1390 2682 1579 2739 salvus
1622 2685 1719 2750 sis,
1748 2685 1863 2742 fili:
1909 2699 1964 2744 et
1993 2700 2050 2745 ut
2078 2691 2264 2748 salvus

688 2779 791 2817 Sim
834 2782 951 2820 Ol'il.

686 2873 954 2932 XXXVII.
1008 2910 1077 2921 --
1125 2879 1427 2966 Theodorus
1460 2888 1726 2966 .omuibus
1779 2891 1967 2962 ubique
2016 2895 2267 2966 dispersis

1250 2953 1691 3021 fraternitatibus.

2369 1958 2467 2030 μὲν
2506 1958 2788 2030 προδήλως
2833 1959 3132 2030 αίρετικῶν
3157 1976 3171 1990 ·
3208 1962 3268 2015 οὔ
3300 1960 3410 2031 γὰρ
3452 1960 3621 2022 ἔστιν,
3650 1962 3752 2015 οὐκ
3783 1962 3902 2016 εστι
3925 2002 3944 2027 ,

2367 2050 2442 2121 μὴ
2482 2051 2605 2121 οὖχῐ
2652 2051 3095 2121 παρυφίστασθαι
3130 2054 3197 2123 τῇ
3223 2052 3452 2123 ἀληθεία
3494 2054 3554 2106 τὸ
3585 2052 3820 2123 ψεῦδος,
3864 2054 3946 2117 ὡς

2365 2145 2456 2196 καὶ
2500 2144 2579 2212 τῷ
2628 2144 2761 2216 σίτῳ
2805 2145 2875 2199 τὰ
2918 2144 3172 2211 ζιζάνια·
3222 2146 3278 2199 αἱ
3325 2145 3383 2199 δὲ
3430 2145 3689 2217 Πατέρων
3732 2146 3943 2215 ἁγίων,

2366 2234 2639 2303 στρεῦλῶς
2696 2237 2802 2289 ὑπὸ
2860 2238 2960 2306 τῆς
3021 2236 3418 2309 ὲσκοτισμὲνης
3464 2238 3645 2291 αὐτῶν
3699 2237 3948 2302 διανοίας

2364 2324 2881 2395 ἐκλαμϐανόμεναιο
2924 2328 2983 2380 αἱ
3029 2327 3088 2381 δὲ
3127 2328 3477 2384 παντάπασιν
3520 2329 3837 2392 ἀλλόκοτοι.
3873 2332 3948 2385 τὰ

2364 2419 2507 2472 κατὰ
2537 2418 2769 2474 εἰδώλων
2797 2423 2863 2492 τῇ
2898 2422 3070 2476 εἰκόνι
3096 2424 3335 2494 Χριστοῦ
3365 2425 3739 2479 ἀνάπτουσαι⁹
3778 2417 3856 2479 ὧν
3880 2425 3947 2479 οὐ

2364 2512 2447 2566 δεῖ
2479 2513 2554 2577 ὡς
2585 2512 2743 2583 ἔτυχε
2777 2513 3100 2584 προσίεσθαι
3129 2516 3332 2587 φωνὴν,
3367 2514 3493 2569 οὔτε
3530 2515 3637 2587 μὴν
3663 2517 3949 2588 συναίρειν

2364 2604 2522 2672 λόγον
2553 2606 2849 2675 αίρετικοίς
2883 2608 3039 2680 παρὰ
3067 2608 3167 2679 τὴν
3200 2608 3565 2679 ἁποστολικὴν
3592 2607 3945 2679 νομοθεσίαν.

2365 2697 2439 2749 Τὸ
2482 2698 2705 2763 λοιπὸν,
2761 2699 2990 2767 σώζοιο,
3064 2702 3253 2755 τέκνον
3285 2717 3300 2731 ⁸
3359 2700 3455 2755 καὶ
3523 2700 3592 2769 μὲ
3674 2699 3950 2767 σώζεσθαι

2366 2791 2668 2862 προσεύχου
2700 2792 2797 2863 (1).

2367 2907 2898 2979 ΛΖ’.-Θεόὃωρος
2952 2910 3083 2975 ταῖς
3131 2908 3441 2980 πανταχοῦ
3480 2908 3951 2980 διεσπαρμέναις

2866 2980 3257 3049 ἀδελφότησι.
3293 2978 3428 3053 [τι⁸.]

1610 3075 1906 3127 Cohortatur
1924 3082 1983 3129 ad
2008 3082 2310 3144 patientiam.
2348 3090 2546 3154 (Baron.
2567 3106 2647 3142 an.
2674 3093 2782 3149 8l8.
2812 3107 2859 3143 ιι.
2888 3094 2959 3155 7.)

766 3165 785 3197 ι
821 3145 1013 3202 Gratia
1066 3149 1207 3204 vobis
1240 3161 1288 3206 et
1320 3169 1426 3223 pax
1462 3156 1815 3225 adimpleatur
1841 3163 1907 3215 θ’.
1953 3172 1996 3215 ι*
2025 3164 2265 3235 [Equum

2441 3175 2616 3243 Χάρις
2671 3145 2813 3244 ὑμῖν
2850 3145 2953 3229 καί
2998 3173 3206 3243 είρήνη
3268 3174 3665 3243 πληθυνθείη.
3725 3173 3951 3227 Δίκαιον

689 3239 834 3294 enim
865 3252 949 3295 est
975 3242 1305 3312 Apostolicis
1344 3249 1526 3304 verbis
1557 3251 1709 3307 aﬂari
1736 3270 1829 3308 eos
1859 3256 1949 3324 qui
1990 3272 2087 3327 pro
2116 3259 2273 3314 Chri-

691 3342 778 3387 sto
825 3337 1250 3401 pcrsccutionem
1306 3342 1604 3408 patiuntur.
1655 3342 1979 3403 Benedictus
2024 3348 2169 3406 Deus
2221 3364 2275 3408 et

691 3422 852 3477 Pater
898 3425 1109 3481 Domini
1164 3432 1338 3486 nostri
1383 3432 1511 3489 Jesu
1559 3435 1779 3504 Christi,
1832 3441 1927 3510 qui
1985 3443 2275 3502 humilitati

693 3527 894 3571 nostrm
918 3519 1143 3588 januam
1166 3525 1399 3594 aperuit,
1422 3530 1673 3597 quamvis
1704 3542 1851 3588 arcte
1874 3538 2272 3605 custodiamur,

693 3614 757 3661 ut
775 3610 1054 3667 vobiscum
1074 3613 1409 3673 charissimis
1433 3618 1691 3677 fratribus
1708 3625 1906 3681 nostris
1926 3627 2273 3697 epistularum

693 3700 964 3769 colloquio
991 3708 1245 3776 congredi
1292 3711 1585 3777 possimus.
1618 3712 1756 3771 Vere
1798 3717 2018 3774 Verbum
2050 3722 2140 3775 Det
2173 3739 2273 3776 non

693 3800 770 3845 est
815 3792 1152 3862 alligatum”
1186 3816 1200 3852 :
1238 3801 1339 3855 etsi
1374 3803 1597 3873 alligare
1647 3821 1707 3859 se
1752 3817 1939 3876 putent
1972 3813 2063 3879 qui
2100 3812 2278 3865 domi-

694 3894 911 3939 nantur.
952 3885 1089 3943 Vere
1122 3888 1291 3944 lmtari
1336 3894 1630 3961 plurimum
1665 3898 1948 3965 debemus,
1979 3919 2100 3956 cum
2135 3904 2275 3957 divi-

694 3993 889 4033 narum
926 3983 1339 4050 praedictionum
1370 4000 1560 4044 eventa
1594 3992 1647 4044 in
1678 3994 1835 4048 nobis
1866 3994 1997 4063 ipsis
2027 4009 2275 4065 peccato-

695 4069 848 4125 ribus
898 4075 1287 4141 conSpicimus.
1328 4080 1461 4149 Age,
1526 4098 1646 4137 cum
1698 4084 1960 4154 Apostolo
2002 4090 2271 4155 dicamus,

696 4160 891 4217 fratres
925 4182 937 4217 :
980 4165 1113 4231 Quis
1152 4185 1244 4222 nos
1275 4172 1540 4239 separabit
1572 4191 1603 4226 a
1634 4175 1898 4233 charitate
1931 4180 2025 4235 Dei
2052 4184 2077 4235 ?
2109 4183 2276 4237 tribu-

697 4252 827 4306 latio
850 4257 875 4307 ?
901 4272 965 4309 an
989 4260 1230 4326 angustia
1257 4261 1283 4313 ἔ)
1306 4278 1372 4314 οη
1399 4262 1563 4331 fames
1583 4266 1608 4317 .’
1628 4282 1696 4318 au
1723 4274 2011 4336 persecutio
2034 4273 2061 4326 ?
2088 4292 2151 4327 an
2180 4291 2276 4328 nu-

695 4346 838 4399 ditas
871 4347 895 4397 ."
922 4364 989 4400 an
1012 4350 1303 4417 periculum
1328 4354 1352 4408 2’
1378 4370 1446 4407 an
1482 4356 1693 4426 gladius
1725 4357 1771 4391 "
1798 4361 1822 4414 ?
1852 4359 1990 4416 Num
2030 4366 2176 4420 enim
2211 4366 2278 4424 de

694 4437 876 4507 seipso
910 4448 1119 4495 tantum
1162 4442 1277 4498 haec
1308 4444 1463 4507 dixit,
1492 4462 1556 4503 ac
1588 4466 1695 4503 non
1755 4454 1918 4507 etiam
1956 4456 2023 4510 de
2060 4458 2217 4514 nobis
2258 4478 2273 4515 :

2372 3265 2481 3335 γὰρ
2512 3267 2619 3319 ἀπὸ
2661 3266 2856 3335 φωνῶν
2897 3265 3273 3319 ἀποπολικῶν
3317 3271 3432 3330 τοϊς
3458 3266 3547 3321 διὰ
3582 3265 3821 3335 Χριστὸν
3860 3265 3950 3318 δε·-

2372 3356 2695 3426 διωγμὲνοις
2740 3356 3194 3427 ἐπιφθέγγεσθαι.
3242 3357 3545 3428 Εὐλογητὸς
3585 3358 3613 3409 ὀ
3662 3355 3797 3419 Θεὸς
3852 3356 3950 3411 καὶ

2375 3447 2565 3518 Πατὴρ
2597 3447 2695 3501 τοῦ
2732 3449 2939 3519 Κυρίου
2967 3448 3126 3519 ἡμῶν
3169 3449 3345 3521 Ἰησοῦ
3376 3447 3636 3519 Χριστοῦ.
3670 3447 3699 3500 ὁ
3729 3447 3947 3514 ἀνοίξας

2375 3539 2508 3609 ἡμῖν
2564 3541 2677 3602 τοῖς
2725 3542 3002 3605 ταπεινοῖς
3058 3541 3264 3611 θύραν,
3334 3539 3539 3610 καίπερ
3585 3539 3948 3608 τηρουμένοις

2374 3630 2653 3701 ἀσφαλῶς,
2677 3635 2741 3703 τῇ
2772 3632 2860 3685 διὰ
2886 3632 2979 3685 τοῦ
3006 3633 3336 3702 γράμματος
3381 3629 3570 3700 ὁμιλία
3607 3630 3948 3699 συναφθῆναι

2375 3723 2503 3794 ὑμῖν
2535 3726 2650 3786 τοῖς
2707 3724 3085 3794 ἠγαπημένοις
3127 3722 3376 3792 ἀδελφοῖς
3428 3719 3605 3792 ἡμῶν.
3662 3722 3872 3783 Ὄντως
3916 3724 3950 3775 ό

2374 3817 2565 3883 Λόγος
2588 3814 2695 3867 τοῦ
2726 3814 2876 3868 Θεοῦ
2910 3816 2983 3868 οὐ
3017 3813 3283 3869 δέδεταιο
3321 3812 3427 3867 κᾶν
3478 3813 3698 3882 δεσμεῖν
3730 3814 3779 3865 οί
3816 3829 3951 3882 κραο

2372 3906 2594 3971 τοῦντες
2616 3906 2840 3960 οἴωνται
2858 3922 2873 3936 ο
2903 3906 3074 3970 ὅντως
3107 3906 3251 3976 μέγα
3276 3905 3566 3976 ὀφείλομεν
3594 3906 3809 3975 χαίρειν
3829 3922 3845 3935 ·
3870 3906 3949 3957 ὅτι

2372 3998 2589 4069 ὁρῶμεν
2635 4000 2693 4050 ὲν
2726 3999 2857 4067 ἡμῖν
2900 3997 3086 4056 αὐτοῖς
3120 4000 3233 4059 τοῖς
3264 3994 3610 4066 ἁμαρτωλοῖς
3654 3994 3756 4059 τὰς
3788 3994 3951 4049 ἐκδά-

2375 4104 2489 4152 σεις
2519 4089 2628 4141 τῶν
2664 4088 2825 4141 θείων
2858 4089 3243 4159 προρρήσεων.
3282 4087 3468 4151 Δεῦτε,
3494 4088 3763 4158 εἴπωμεν.
3797 4088 3951 4141 ἀδελ-

2374 4182 2487 4250 φοὶ,
2529 4182 2668 4251 μετὰ
2690 4181 2786 4235 τοῦ
2820 4181 3181 4235 ’Λποστόλουο
3226 4181 3323 4248 Τίς
3356 4177 3516 4249 ἡμᾶς
3545 4181 3790 4249 χωρίσει
3833 4179 3951 4234 ἀπὸ

2373 4274 2484 4342 τῆς
2526 4274 2766 4343 ἀγάπης
2800 4274 2907 4329 τοῦ
2962 4274 3149 4337 Θεοῦ;
3185 4275 3427 4343 alid-cc;
3473 4272 3512 4342 ἢ
3551 4272 3950 4340 στενοχωρίας

2374 4365 2413 4434 ἢ
2453 4366 2659 4435 λιμόςς
2692 4366 2730 4435 ἢ
2776 4365 3063 4436 διωηιός;
3108 4365 3146 4433 ἢ
3182 4366 3520 4435 τυμνότης;
3559 4364 3598 4432 ἢ
3627 4362 3950 4427 xiv-durae;

2376 4457 2415 4526 ἢ
2452 4457 2747 4527 μάχαιρα;
2788 4460 2881 4530 Μὴ
2914 4460 3025 4529 γὰρ
3053 4457 3123 4510 δι’
3154 4458 3348 4511 ἑαυτὸν
3386 4457 3548 4528 μόνον
3582 4455 3759 4509 ταῦτα
3803 4455 3954 4525 εῖρηο

694 4534 749 4579 et
796 4535 854 4579 ut
906 4542 1005 4583 nos
1033 4544 1161 4600 erga
1194 4532 1360 4585 Deum
1399 4536 1478 4590 sic
1517 4536 1691 4592 aliecti
1720 4539 1912 4605 simus,
1947 4552 2006 4597 ut
2034 4542 2268 4599 afﬂictio-

2378 4523 2504 4618 θέεν,
2733 4523 2881 4618 οὐχὶ·
2914 4523 3008 4603 irai
3055 4548 3195 4619 ὑπὲρ
3249 4523 3444 4619 ἡμῶν·
3506 4546 3597 4600 ἶνα
3647 4544 3745 4599 καὶ

696 4618 861 4673 nibus
910 4620 1032 4676 istis
1085 4637 1223 4691 quas
1264 4627 1624 4695 sustinemus,
1655 4632 1881 4686 minime
1940 4634 2274 4704 frangamur,

696 4711 791 4764 sed
818 4726 880 4765 ea
920 4728 1043 4782 quae
1072 4714 1269 4771 desunt
1304 4720 1621 4788 passionum
1658 4739 1781 4777 cum
1818 4725 2015 4793 gaudio
2040 4725 2277 4795 perferre

694 4814 941 4857 amemus
978 4803 1047 4858 “.
1094 4804 1365 4863 Gaudium
1423 4811 1567 4867 enim
1624 4823 1709 4869 est
1756 4815 2135 4880 inenarrabile.
2179 4835 2278 4890 pro

694 4887 913 4943 Christo
942 4901 1144 4947 etcum
1174 4896 1390 4953 Christo
1438 4902 1571 4971 pati,
1604 4906 2062 4974 quemadmodum
2095 4887 2278 4963 osten-

694 4980 891 5037 derunt
921 4987 1094 5042 sancti
1122 5003 1313 5046 omnes
1338 5007 1510 5063 usque
1533 4996 1597 5049 ad
1619 4995 1951 5054 Thaddteum
1977 5013 2269 5073 martyrem

696 5085 969 5142 nostrum,
1000 5087 1053 5132 et
1076 5082 1375 5149 quemlibet
1422 5086 1588 5141 alium
1628 5089 2025 5156 confessorem,
2058 5096 2270 5165 egregia

696 5166 865 5220 animi
916 5173 1251 5238 constantia,
1301 5185 1356 5231 et
1402 5182 1768 5247 persecutioni
1818 5186 2271 5243 convenientibus

698 5252 856 5313 factis
888 5277 901 5312 :
926 5262 1020 5331 qui
1052 5265 1167 5319 sive
1192 5282 1257 5321 ex
1284 5283 1522 5331 carcere,
1551 5273 1665 5327 sive
1699 5288 1766 5328 ex
1794 5275 1901 5331 alio
1924 5278 2101 5332 exsilii
2134 5294 2269 5350 quo-

701 5345 779 5401 vis
806 5347 948 5417 loco,
979 5364 1101 5423 post
1135 5356 1284 5412 illum
1327 5359 1597 5415 abierunt.

2370 4638 2597 4709 τοιαύτῃ
2644 4638 2885 4693 διαθέσει
2917 4640 2988 4693 τὰ
3032 4640 3171 4711 πρὸς
3229 4638 3362 4693 Θεὸν
3401 4638 3650 4710 ἔχωμεν,
3694 4636 3837 4691 ὥστε
3879 4638 3950 4707 μὴ

2374 4730 2704 4800 ἐκκακῶμεν
2732 4733 2791 4784 ὲν
2820 4725 2903 4793 οἷς
2941 4732 3110 4802 ἐσμεν
3152 4729 3421 4798 θλιδεροῖς
3444 4743 3459 4759 ⁸
3496 4729 3614 4783 ἀλλ’
3647 4728 3950 4798 ἀγαπῶμεν

2376 4818 2470 4871 καὶ
2494 4817 2563 4870 τὰ
2615 4819 2937 4873 ἐλλείποντα
2970 4820 3271 4889 παθήματα
3304 4821 3528 4873 ὑποῐσαι
3573 4820 3711 4890 μετὰ
3742 4820 3947 4890 χαρᾶςς

2372 4912 2519 4981 χαρὰ
2570 4910 2679 4980 γάρ
2732 4912 2883 4966 ἐστιν
2941 4912 3308 4983 ἀνεκλάλητος
3363 4912 3505 4983 ὑπὲρ
3563 4910 3801 4981 Χριστοῦ
3859 4909 3950 4964 καὶ

2370 5003 2507 5069 μετὰ
2564 5001 2805 5073 Χριστοῦ
2876 5002 3141 5073 πάσχειν·
3202 5000 3385 5067 καθὼς
3438 5003 3651 5067 ἔδειξαν
3701 5004 3753 5056 οἱ
3807 5000 3947 5070 ἅγιοι

2368 5094 2570 5157 πάντες
2618 5094 2782 5165 μέχρι
2832 5094 3101 5149 Θαδδαίου
3154 5095 3252 5150 τοῦ
3303 5096 3582 5168 ἡμετέρου
3634 5109 3943 5166 μαρτυρος,

2366 5188 2462 5240 καὶ
2488 5178 2699 5251 οὗτινος
2738 5186 2899 5242 ἄλλου
2938 5188 3276 5261 ὀμολογητοῦ
3326 5188 3657 5261 μετόπισθεν
3698 5188 3944 5257 ἀπάραν-

2364 5296 2479 5345 τος,
2517 5278 2550 5349 ἢ
2596 5280 2659 5332 ὲκ
2688 5280 2956 5351 φυλακῆς,
2993 5282 3026 5353 ἦ
3059 5280 3123 5334 ἐκ
3155 5299 3300 5345 τινος
3333 5282 3495 5336 ἄλλου
3524 5278 3825 5350 φυγαδείας
3856 5277 3942 5331 τό·

2370 5388 2472 5425 που
2493 5412 2509 5437 ,
2541 5374 2681 5443 καλῇ
2714 5374 2992 5447 προθυμίᾳ
3023 5377 3118 5429 καὶ
3147 5374 3483 5445 ὰξιοδιώκτῳ
3512 5372 3734 5445 πράξει.

766 5484 815 5518 ⁸⁸
846 5485 1050 5545 Jerem.
1086 5506 1146 5558 ιι,
1182 5492 1269 5548 l2.
1344 5495 1391 5528 "
1419 5494 1552 5552 ibid.
1627 5495 1673 5529 "
1702 5496 1748 5553 ll
1788 5498 1930 5555 Petr.
1963 5517 2001 5563 ι,
2031 5502 2087 5556 2.
2166 5501 2211 5535 "
2245 5502 2264 5557 Ι

2368 5504 2573 5561 'imoth.
2609 5522 2669 5573 ιι,
2702 5507 2756 5561 9.
2846 5506 2891 5540 ⁸⁸
2923 5508 3084 5564 Rom.
3140 5524 3257 5572 vui,
3286 5508 3377 5563 35.
3451 5507 3497 5539 "
3534 5505 3747 5563 Coloss.
3783 5520 3823 5569 ι.
3851 5502 3938 5559 αι.

2220 5618 2451 5676 NOTAE.

771 5722 1021 5801 (l_)__Cod.
1068 5722 1199 5793 Reg.
1254 5722 1386 5801 hic:
1443 5724 1877 5801 ᾏρχὴ-βιθλίου
1935 5729 2001 5801 βο.
2056 5730 2273 5786 initium

708 5784 923 5855 librili;
948 5784 1429 5864 nempeposterior
1457 5784 1575 5853 ἱεὶὲ
1601 5784 1886 5856 ’Ἰίιεοιιοιί
1917 5784 2272 5859 eoistolarum

2383 5731 2558 5813 liber,
2594 5731 2967 5813 seuqsylloge,
3023 5732 3285 5813 dividitur
3357 5729 3812 5813 innhecmodice
3882 5731 3933 5786 in

2383 5802 2555 5859 libros
2596 5802 2851 5875 quatuor,
2882 5818 3117 5876 quorum
3144 5806 3353 5875 primus
3390 5802 3464 5858 ibi
3493 5802 3713 5857 desinit.
