4164 6496
233 413 378 476 1225

1433 422 1968 480 EPISTOLARUM
2011 421 2158 480 LIB.
2220 421 2304 476 Ιῐ.

3361 424 3496 484 1226

307 522 650 593 Γενοὶμεθα,
697 523 916 591 ἀδελφοί
971 542 1104 594 μου,
1165 527 1259 581 καὶ
1311 529 1472 596 ἡμεῖς
1535 529 1801 598 μάρτυρες

1989 523 2173 577 Simus
2217 534 2272 576 et
2316 539 2436 583 nos,
2483 523 2681 578 fratres
2730 525 2858 588 mei,
2917 535 3184 595 martyres
3231 531 3295 582 ad
3349 531 3498 584 hunc

228 616 664 687 τοιουτοτρόπως
683 633 698 648 ο
731 618 790 670 ἐν
811 616 890 687 τῷ
919 617 1004 670 ἀεὶ
1033 621 1476 687 παρεσκευάσθαι
1501 621 1814 692 συλληφθῆο

228 728 362 774 ναι,
398 709 756 780 ὁμολογῆσαι,
791 709 1278 782 φραγελλωθῆναι,
1303 712 1614 767 ἀποθανεῖν.
1643 712 1815 767 Τοῦτό

227 803 354 854 ἐστι
402 801 522 856 καθ’
574 802 788 873 ἡμέραν
841 805 1172 872 μαρτυρείνο
1229 803 1388 856 τοῦτο
1421 804 1542 858 καθ’
1600 806 1814 877 ἡμέραν

227 891 606 966 ἀποθνήσκειν
626 909 640 925 ο
688 894 747 961 ἐξ
774 887 838 948 οὗ
866 894 1226 964 καθαίρεσθαι
1264 896 1556 964 συμϐαίνει
1581 897 1678 966 τὴν
1707 899 1814 962 ψυ-

224 989 368 1058 χήνο
425 988 730 1058 ἀναχωρεῖν
780 986 892 1040 τῶν
945 988 1169 1042 παθῶν·
1226 989 1469 1058 ἐγγίζειν
1515 991 1594 1060 τῷ
1651 991 1810 1062 Θεῷ’

229 1081 420 1149 μισεῖν
453 1081 658 1150 κόσμον
678 1096 692 1109 ·
722 1078 1090 1148 φαντάζεσθαι
1122 1080 1373 1152 οὐρανὸν,
1398 1083 1468 1135 τά
1500 1086 1580 1145 εἰς
1609 1085 1810 1150 αἰῶνας

225 1168 576 1237 ἀποκείμενα
609 1168 826 1236 ἀγαθά’
881 1169 996 1222 ἀλλ’
1035 1165 1129 1224 οὖν
1168 1171 1263 1225 καὶ
1310 1173 1634 1242 σκυθρωπά.
1677 1175 1813 1228 Οὺδέ

226 1260 343 1329 γὰρ
374 1259 439 1313 ἂν
471 1262 504 1327 ἡ
539 1261 759 1332 τοιαύτη
808 1265 1134 1332 παρασκευὴ
1167 1264 1348 1318 δίδωσι
1391 1267 1587 1337 σχολὴν
1625 1267 1702 1338 τῷ
1738 1268 1814 1339 νῷ

227 1353 562 1422 φιληδονεῖν,
588 1355 682 1408 καὶ
713 1355 1019 1410 διακεῖσθαι
1049 1357 1386 1428 προσπαθῶς
1413 1353 1513 1413 ὦδε
1546 1364 1808 1414 κάκεῖσε·-

225 1442 370 1495 ἀλλὰ
402 1447 586 1512 νευροῖ
636 1444 834 1515 μᾶλλον
867 1445 966 1516 τὴν
1017 1447 1278 1517 καρδίαν·
1333 1449 1666 1504 κατανύσσει
1715 1451 1811 1504 δα·-

226 1537 526 1606 κρυῤῥοεῖν
577 1541 703 1602 τοὺς
732 1538 1045 1610 ὀφθαλμούς
1069 1556 1084 1571 ο
1131 1540 1383 1610 ἐφίεσθαι
1414 1545 1513 1612 τὴν
1557 1546 1666 1597 ἀπὸ
1702 1545 1810 1597 σώο

229 1645 404 1695 ματος
442 1627 623 1694 ἔξοδον
666 1630 742 1694 ὡς
802 1630 865 1684 ἐκ
895 1648 1041 1695 τινος
1085 1632 1464 1703 δεσμωτηρίου
1513 1637 1807 1706 ἐπαχθοῦς.

224 1721 534 1790 Σκοπῶμεν
578 1718 672 1776 οὖν
701 1723 888 1776 λοιπὸν
929 1725 1105 1778 ὁποῖοί
1158 1731 1356 1796 ἐσμεν,
1392 1731 1487 1782 καὶ
1527 1732 1575 1782 εί
1604 1731 1806 1795 οὕτως.

223 1812 355 1880 εὖγε
395 1813 538 1881 μάλα
561 1833 574 1846 ο
608 1817 655 1868 εί
683 1816 728 1869 δ’
763 1817 973 1882 ἄλλως,
1009 1820 1452 1890 ἐπαναγώμεθα,
1486 1825 1580 1876 καὶ
1611 1825 1811 1879 καθαι-

1916 616 2136 670 modum
2173 632 2187 670 :
2221 628 2279 669 ιιι
2311 617 2480 685 parati
2514 617 2773 669 nimirum
2805 631 3018 685 semper
3049 619 3225 673 simus
3243 634 3500 690 compre-

1914 709 2099 774 bendi,
2147 708 2416 773 conliteri,
2462 707 2644 777 ﬂagris
2672 710 2827 774 caedi,
2862 711 2997 764 mori
3035 729 3050 777 ;
3095 712 3197 767 hoc
3228 721 3312 767 est
3351 715 3498 766 enim

1915 799 2161 868 quotidie
2191 807 2482 867 martyrem
2523 812 2666 860 esse,
2702 799 2802 852 hoc
2832 810 2914 853 est
2941 799 3184 869 quotidie
3224 801 3383 855 mori.
3417 801 3496 856 Ex

1913 906 2021 959 quo
2050 891 2270 959 quidem
2318 890 2536 958 purgari
2568 902 2804 944 mentem
2834 892 3119 960 contingit,
3156 908 3186 946 a
3210 894 3498 962 perturba-

1913 985 2157 1039 tionibus
2207 983 2519 1046 abscedere,
2557 981 2666 1035 Deo
2727 984 3185 1053 apprOpinquare,
3231 984 3496 1038 mundum

1912 1076 2113 1142 odisse,
2144 1075 2342 1130 etelum
2368 1074 2636 1138 meditari,
2660 1076 2800 1130 bona
2828 1076 2878 1128 iu
2906 1087 3172 1130 teternum
3197 1086 3496 1142 reservata,

1912 1183 2012 1221 nec
2046 1182 2152 1219 non
2194 1175 2247 1220 et
2276 1165 2472 1220 tristia.
2510 1165 2620 1220 Nec
2660 1167 2802 1220 enim
2834 1167 3012 1220 locum
3041 1168 3206 1222 menti
3240 1167 3499 1237 relinquit

1911 1255 2180 1323 ejusmodi
2249 1256 2598 1325 przeparatio.
2651 1263 2709 1308 ut
2759 1257 3064 1326 voluptates
3121 1269 3493 1322 consectetur,

1913 1357 1972 1400 ut
2001 1347 2102 1401 hoc
2155 1347 2353 1401 illudve
2398 1348 2603 1402 carnali
2639 1348 2913 1403 desiderio
2963 1349 3322 1418 amplectatur
3356 1369 3369 1404 :
3401 1351 3497 1406 sed

1913 1439 2054 1494 vires
2111 1439 2258 1494 cordi
2315 1450 2368 1492 ct
2425 1456 2621 1494 nervos
2671 1441 2842 1503 addit,
2875 1442 3064 1497 oculos
3116 1444 3169 1496 in
3225 1445 3498 1515 lacrymas

1911 1531 2046 1586 solvi
2079 1531 2374 1600 compellit,
2415 1532 2744 1586 desiderium
2782 1533 2956 1600 injicit
2993 1549 3057 1587 ex
3087 1550 3338 1604 corpore,
3379 1545 3500 1590 tan-

1911 1639 2075 1692 quam
2119 1640 2184 1676 ex
2220 1625 2366 1691 gravi
2401 1625 2636 1693 quodam
2665 1640 2908 1690 carcere,
2941 1626 3266 1695 emigrandi.
3296 1627 3495 1682 Consi-

1911 1715 2168 1771 deremu’s
2222 1717 2408 1786 itaque
2447 1717 2638 1786 quales
2684 1717 2900 1772 simus:
2946 1727 3002 1773 et
3053 1719 3097 1773 si
3140 1719 3360 1788 quidem
3418 1721 3499 1774 sic

1913 1809 2108 1873 allecti,
2147 1818 2290 1864 recte
2322 1825 2492 1863 sane:
2537 1810 2620 1864 sin
2653 1810 2827 1870 aliter,
2881 1811 3168 1866 redeamus
3221 1812 3274 1866 in
3328 1813 3497 1876 viam,

225 1903 478 1973 ρώμεθα.
514 1906 810 1978 Φεύγωμεν
854 1909 947 1962 τὸν
988 1882 1576 1984 ἀνήμερονδράκ-οντα
1626 1917 1801 1971 διάϐο‹

1911 1910 1965 1956 et
1995 1901 2373 1956 emundentur.
2410 1899 2704 1970 Fugiamus
2751 1901 3014 1954 immitem
3061 1903 3357 1956 draconem
3382 1904 3498 1956 dia-

222 1995 355 2047 λον·
393 1997 461 2050 τὰ
513 2001 893 2070 πεπυρωμένα
947 2002 1049 2070 τῆς
1107 2007 1314 2075 πικρᾶς
1357 2007 1452 2059 καὶ
1502 2008 1807 2080 θανασίμου

222 2089 526 2159 ἐπιθυμίας
560 2091 712 2163 βέλη.
763 2095 879 2147 Οὐκ
915 2094 1064 2149 ἐστιν
1104 2097 1290 2168 ἡδονὴ,
1331 2099 1448 2151 ἀλλ’
1482 2100 1642 2168 ὀδύνη
1665 2120 1677 2132 ·
1709 2105 1806 2173 οὐχ

224 2181 452 2250 ἡδύτης,
484 2183 621 2236 ἀλλὰ
657 2185 827 2255 χολή·
862 2185 961 2239 οὐκ
987 2187 1277 2255 εὐπάθεια,
1321 2190 1460 2244 ἀλλὰ
1489 2191 1804 2262 δυσμένεια,

221 2272 470 2338 δουλεία,
522 2274 733 2344 φθορὰ,
778 2278 1174 2349 δαιμονισμδς,
1208 2282 1490 2348 ἀλλοίωσις
1535 2285 1635 2352 τῆς
1666 2287 1808 2340 κατὰ

229 2365 392 2433 φύσιν
415 2366 602 2431 ἕξεως.
650 2369 804 2424 Ἐπεὶ⁸
828 2372 876 2425 εί
913 2373 1049 2445 καλὴ
1081 2376 1174 2427 καὶ
1202 2376 1378 2445 ἡδεῖα,
1413 2380 1531 2442 πῶς
1565 2378 1657 2443 οὓς
1684 2381 1803 2454 ἕλῃ,

227 2459 390 2522 εὐθὺς
433 2461 677 2516 δείκνυσι
727 2465 981 2535 μωροὺς,
1017 2469 1348 2540 κτηνώδεις,
1380 2473 1804 2543 ᾐσχυμμένους,

224 2549 655 2620 δουλοπρεπεῖς,
691 2554 1116 2622 δυσελπίστους,
1158 2558 1582 2630 ἐκλελυμένους,
1620 2563 1806 2615 ὑποδί-

223 2657 358 2704 κους
388 2642 618 2698 θανάτου
654 2647 873 2699 αἰωνίου
901 2665 915 2712 ;
945 2648 1110 2701 Ὥστε
1148 2651 1495 2719 φαρμακεύει
1539 2653 1805 2717 ἐξιστῶσα

221 2732 318 2784 καὶ
345 2731 663 2802 ἀλλοιοῦσα,
689 2736 789 2789 οὐκ
818 2735 951 2791 οὖσα
971 2739 1046 2803 ὡς
1073 2741 1388 2795 ὑποτίθεται
1408 2747 1504 2796 καὶ
1530 2746 1804 2816 ἁρχιφάρ-

224 2840 435 2888 μακος,
468 2827 717 2900 καθάπερ
756 2833 882 2894 τοὺς
927 2833 1337 2903 δαιμονῶντας,
1369 2838 1430 2889 οὺ
1467 2841 1746 2904 συνιόντας
1773 2840 1802 2893 ὃ

223 2913 584 2982 ὑφίστανται,
643 2921 692 2973 εί
739 2921 815 2990 μὴ
858 2925 999 2991 μετὰ
1032 2924 1129 2996 τὴν
1175 2926 1461 2998 ἁνάνηψιν.
1504 2929 1801 3000 Βλέπωμεν

219 3000 316 3058 οὖν
357 3007 574 3076 λοιπὸν,
624 3013 934 3082 ἀγαπητοὶ,
979 3015 1051 3069 τὰ
1087 3019 1412 3088 καταγώγια
1463 3024 1654 3091 ἡμῶν,
1700 3025 1798 3087 τὰς

218 3096 570 3168 ἀναστροφὰς
602 3102 704 3157 ποῦ
739 3107 832 3159 καὶ
885 3106 1006 3176 μεθ’
1040 3102 1119 3162 οὗ.
1156 3111 1265 3164 Καὶ
1298 3113 1345 3163 εί
1388 3112 1654 3184 βλαϐερὸν
1684 3118 1800 3169 ἐκεῖ

1914 1994 2120 2058 bolum,
2149 2003 2201 2046 et
2234 1993 2390 2062 ignea
2427 1993 2529 2046 tela
2563 2008 2760 2046 amarae
2785 2002 2840 2046 et
2870 1992 3133 2048 lctbifera‘,
3160 1995 3495 2065 cupiditatis.

1910 2084 2027 2138 Non
2059 2093 2142 2138 est
2175 2084 2439 2151 voluptas,
2469 2083 2559 2136 sed
2591 2076 2748 2136 dulor
2782 2100 2794 2136 :
2836 2099 2940 2137 non
2978 2084 3230 2148 dulcedo,
3258 2085 3352 2139 sed
3383 2085 3450 2139 fel
3479 2103 3495 2142 :

1912 2192 2017 2228 non
2051 2176 2445 2239 benevolentia,
2482 2176 2574 2229 sed
2607 2174 2814 2235 odium,
2862 2175 3123 2240 servitus,
3162 2179 3497 2251 corruptela,

1909 2268 2243 2324 datmouiaca
2289 2269 2520 2331 vexatio,
2562 2265 2683 2336 ejus
2740 2266 2832 2336 qui
2884 2267 3180 2321 secundum
3245 2279 3496 2323 naturam

1907 2372 1990 2416 est
2020 2368 2194 2416 status
2226 2361 2551 2414 immutatio.
2613 2360 2822 2413 Etenim
2859 2360 2903 2414 si
2933 2360 3073 2414 bona
3104 2370 3188 2415 est
3215 2371 3268 2416 et
3296 2363 3497 2430 dulcis,

1908 2454 2182 2524 quomodo
2225 2468 2361 2522 quos
2391 2451 2650 2522 abripuit,
2704 2468 2799 2506 eos
2847 2450 3028 2506 fatuos
3077 2453 3261 2505 statim
3295 2453 3495 2517 reddit,

1903 2547 2166 2618 jumentis
2210 2547 2436 2612 similes,
2485 2546 2803 2615 probrosos,
2837 2545 3082 2607 serviles,
3126 2547 3498 2614 desperabun-

1907 2643 2025 2706 dos,
2049 2648 2358 2703 enervatos,
2387 2648 2604 2693 aaternte
2634 2638 2826 2692 mortis
2851 2637 3012 2692 reos?
3034 2638 3221 2709 Itaque
3241 2638 3493 2703 fasrinat,

1905 2749 1936 2787 a
1995 2743 2172 2787 mente
2223 2732 2491 2796 alienans,
2529 2740 2864 2800 pervertens,
2904 2745 3009 2785 non
3055 2731 3107 2784 id
3151 2747 3341 2787 revera
3374 2735 3492 2787 exi-

1905 2835 2056 2881 stens
2111 2826 2254 2893 quod
2314 2839 2425 2894 pra:
2474 2838 2532 2878 se
2595 2823 2696 2877 l'ert
2752 2825 3157 2894 praestigiatrix,
3226 2834 3487 2895 tanquam

1902 2931 2303 2986 energumenos
2329 2931 2360 2969 a
2391 2915 2639 2969 daemone
2673 2928 2976 2984 correptos,
3002 2915 3096 2987 qui
3131 2915 3184 2970 id
3211 2918 3355 2987 quod
3394 2935 3490 2988 pa-

1905 3010 2133 3070 tiuntur,
2179 3009 2495 3078 priusquam
2530 3007 2596 3060 ad
2629 3021 2687 3062 se
2735 3008 2960 3062 redeant
3004 3024 3112 3063 non
3160 3021 3490 3081 agnoscunt.

1902 3099 2199 3156 Videamus
2263 3115 2421 3171 ergo,
2477 3100 2686 3164 dilecti,
2730 3115 2980 3169 quaenam
3023 3110 3150 3158 sunt
3190 3103 3493 3159 diversoria

222 3194 613 3260 μεταστατέον.
669 3198 780 3250 Καὶ
819 3200 868 3252 εί
913 3200 1058 3268 μετὰ
1108 3204 1591 3271 σκανδαλίζοντος,
1640 3209 1798 3262 ἐκκο-

1902 3205 2110 3257 nostra,
2143 3193 2235 3248 ubi
2268 3204 2321 3248 et
2368 3193 2696 3262 quibuscum
2739 3193 3003 3249 habitatio
3030 3202 3086 3248 et
3131 3200 3490 3252 consuetudo.

218 3284 406 3336 πτέον.
429 3285 536 3338 Kal.
559 3287 606 3339 εί
639 3289 699 3340 οὐ
729 3292 847 3358 μετ’
875 3292 1108 3358 οὐδενὸς,
1133 3297 1531 3366 προσληπτέοψ
1564 3301 1795 3374 ἐπείπερ

216 3374 422 3443 ἀρατὸν
458 3377 518 3430 τὸ
568 3383 986 3451 μεμονωμένον,
1017 3385 1124 3450 ἓως
1153 3386 1217 3441 ἂν
1253 3391 1555 3456 ἀναγκαῖος
1592 3395 1796 3463 τρόπος

216 3468 279 3519 οὐ
317 3468 570 3539 πάρεστι.
608 3472 888 3543 Ἰἠρητέον
921 3476 1090 3530 τᾶλλα
1111 3519 1127 3544 ,
1155 3480 1255 3549 τὴν
1295 3480 1532 3550 βρῶσιν,
1570 3486 1669 3555 τὴν
1700 3486 1798 3539 πό-

219 3575 342 3623 σιν,
409 3561 499 3613 τὸν
533 3561 738 3628 ὕπνον,
790 3567 888 3638 τὴν
936 3569 1236 3639 ἐργασίαν
1281 3573 1358 3635 ὡς
1386 3576 1452 3629 ἂν
1497 3578 1566 3629 τὰ
1616 3579 1795 3632 πάντα

219 3651 460 3723 στάθμισ.
491 3655 819 3712 δυνατοῧντα
859 3661 920 3713 τὸ
964 3662 1127 3731 σῶμα
1165 3665 1462 3735 ὑπουργεῖν
1492 3671 1612 3732 ταῖς
1648 3673 1795 3723 ἐντοο

216 3743 370 3808 λαῖς,
427 3746 543 3800 ἀλλ’
598 3751 697 3802 οὐκ
745 3750 1108 3822 ἑξαγριοῦντα
1169 3757 1640 3830 κατεξαναστῆναι
1695 3762 1795 3832 τῆς

215 3835 420 3905 ψυχῆς.
451 3839 635 3904 Ηῶλός
661 3842 810 3897 ἐστιν
833 3860 847 3874 ·
880 3844 975 3898 ἐὰν
1002 3847 1319 3920 ὑπερμαζῇ,
1353 3852 1601 3915 ἀτακτεί,
1639 3853 1795 3924 φέρει

216 3930 370 3983 κάτω
417 3933 508 3985 τὸν
538 3936 815 4006 ἀναϐάτην
854 3938 999 3994 νοῦν.
1047 3942 1164 4010 Ἀφ’
1195 3944 1358 4013 ἡμῶν
1398 3947 1592 4000 καὶτὰ
1641 3949 1795 4019 ὑμῶν

215 4021 590 4094 ἐξηγοροῦμεν
617 4044 628 4056 ·
667 4029 790 4082 ἐπεὶ
824 4033 1023 4094 πάντες
1063 4033 1340 4104 ἄνθρωποι
1378 4037 1477 4100 τὰς
1509 4040 1664 4109 ἡνίας
1699 4041 1793 4094 τοῦ

217 4109 569 4174 αὑτεξουσίου
624 4119 825 4186 ὁμοίως
857 4121 993 4190 πρὸς
1029 4121 1166 4175 Θεοῦ
1211 4124 1494 4194 εἰληφότες
1522 4130 1796 4201 αὐτοκρα-

216 4203 450 4273 τορικῶς
471 4221 486 4235 °
527 4207 629 4260 κᾶν
657 4211 746 4263 ἀεὶ
773 4213 1042 4283 πόλεμος,
1075 4215 1255 4288 ψυχῆς
1286 4221 1381 4273 καὶ
1414 4221 1663 4293 σώματος
1696 4226 1791 4278 ἁν-

215 4295 671 4369 τικαθεζομένων.

1902 3287 2055 3354 Quod
2100 3287 2143 3342 si
2194 3285 2321 3356 quid
2352 3286 2423 3340 ibi
2458 3286 2681 3338 noxium
2710 3296 2813 3352 est,
2863 3287 3232 3357 migrandum.
3270 3288 3328 3343 Si
3359 3305 3486 3345 cum

1901 3395 1967 3434 eo
1997 3381 2090 3449 qui
2150 3379 2470 3434 scandalum
2515 3377 2725 3443 aﬂ‘erat,
2763 3379 3198 3435 abscindendum
3235 3399 3248 3434 :
3293 3381 3336 3436 si
3364 3397 3488 3436 cum

1901 3474 2139 3541 nemine,
2198 3473 2574 3527 asciscendum
2629 3490 2643 3526 :
2701 3472 2832 3541 quia
2910 3474 3266 3539 exsecrabile,
3313 3476 3493 3529 solum

1896 3579 2020 3618 esse
2039 3563 2110 3624 9’,
2163 3563 2406 3631 quandiu
2454 3561 2758 3617 necessitas
2795 3577 2902 3616 non
2936 3563 3103 3633 cogit.
3136 3563 3492 3618 Observanda

1898 3664 2026 3710 sunt
2071 3665 2124 3709 et
2155 3655 2284 3718 alia,
2333 3655 2512 3719 cibus,
2573 3665 2736 3722 potus
2765 3696 2778 3718 ,
2814 3671 3064 3721 somnus,
3115 3672 3254 3726 opus
3289 3674 3302 3710 :
3333 3667 3391 3710 ut
3436 3658 3492 3712 in

1899 3765 2154 3804 mensura
2194 3750 2324 3802 ﬁant
2368 3748 2551 3801 omnia
2579 3765 2700 3816 qua
2749 3750 2968 3819 corpori
3021 3751 3164 3804 vires
3216 3751 3493 3817 praebeant

1899 3851 1957 3898 ut
1989 3850 2170 3912 pareat
2205 3851 2258 3895 et
2285 3847 2436 3911 jussa
2474 3840 2658 3905 faciat.
2712 3858 2819 3896 non
2855 3842 3138 3897 efferatum
3169 3843 3395 3898 reddant
3433 3854 3493 3898 ut

1899 3936 2145 4005 insurgat
2173 3945 2225 3989 et
2259 3934 2454 3987 anima:
2494 3943 2775 4003 repugnet.
2822 3932 3059 3989 Eculeus
3116 3944 3233 3989 est:
3267 3935 3312 3990 si
3357 3936 3492 3990 all‘a-

1899 4029 1992 4081 tim
2031 4030 2229 4088 alatur,
2257 4026 2497 4090 lascivit,
2534 4041 2918 4096 sessoremque
2963 4028 3208 4082 animum
3245 4040 3495 4098 proster-

1898 4121 1998 4174 nit.
2032 4121 2108 4174 Ex
2144 4120 2304 4173 rebus
2358 4119 2560 4173 nostris
2597 4119 2664 4173 de
2697 4119 2896 4173 vestris
2924 4121 3087 4175 etiam
3114 4122 3488 4176 enuntiamns.

1896 4212 2101 4266 Omnes
2149 4211 2416 4280 siquidem
2449 4211 2696 4265 homines
2747 4211 2901 4265 liberi
2935 4211 3147 4266 arbitrii
3180 4213 3424 4268 habenas
3457 4231 3487 4268 a

1901 4302 2012 4355 Deo
2059 4302 2173 4371 pari
2209 4301 2332 4370 jure
2371 4311 2700 4370 acceperunt
2731 4317 2855 4355 cum
2919 4317 3133 4356 summa
3175 4312 3487 4372 potestate:

1901 4391 2047 4456 licet,
2101 4391 2282 4444 anima
2331 4400 2385 4444 et
2416 4404 2647 4459 corpore
2676 4391 2817 4444 inter
2849 4405 2908 4446 se
2942 4393 3332 4463 pugnantibus,
3370 4409 3493 4463 per-

1898 4497 2123 4555 petuum
2165 4483 2364 4537 bellum
2401 4483 2492 4537 sit.

298 4563 358 4618 '0
404 4564 505 4635 μέν
533 4567 595 4638 δὴ
635 4572 763 4642 περὶ
797 4573 987 4628 τούτου
1013 4575 1168 4646 λόγος
1203 4581 1371 4650 ἐχέτω
1407 4585 1598 4642 ταῦτα.
1633 4587 1698 4639 Τί
1738 4589 1794 4643 δὲ

1973 4576 2046 4631 De
2081 4577 2183 4630 hoc
2229 4577 2392 4642 igitur
2433 4575 2697 4630 hactenus
2731 4577 2845 4631 bare
2869 4576 3014 4630 dicta
3057 4577 3187 4631 sint.
3218 4575 3358 4643 Quid
3385 4594 3491 4632 ca:-

212 4657 284 4710 τὰ
333 4657 492 4727 ὶξῆς;
545 4661 609 4714 Ἡ
645 4662 829 4727 πίστις
858 4666 1108 4737 ἀκλινὴς,
1141 4672 1566 4746 άπερίτρεπτος,
1612 4680 1794 4743 καθὼς

215 4749 511 4816 παρέδωκα
563 4755 723 4823 ὑμῖν,
757 4757 848 4809 καὶ
895 4761 1205 4830 παρέλαϐον
1255 4766 1406 4835 παρὰ
1436 4768 1544 4820 τῶν
1587 4770 1790 4837 ἁγίων·

219 4842 420 4912 μᾶλλον
450 4843 504 4897 δὲ
545 4847 846 4918 ἀμφότεροι
882 4851 974 4920 ἀφ’
1005 4853 1123 4917 ἐνὸς
1173 4857 1269 4908 xa‘t
1298 4857 1391 4910 τοῦ
1433 4859 1599 4912 αὐτοῦ
1635 4862 1796 4914 πνεύο

219 4951 411 5003 ματος.
468 4937 701 5005 Χριστὸς
755 4943 816 4994 οὐ
881 4944 1151 5014 Χριστὸς,
1212 4950 1261 5000 εί
1303 4950 1378 5020 μὴ
1440 4953 1791 5021 ἐγγράφοιτο.

213 5407 309 5442 και
357 5391 437 5460 τῷ
471 5392 705 5464 Χριστὸς
752 5397 1012 5467 ὀνόματι,
1069 5405 1163 5456 καὶ
1205 5405 1270 5457 τὸ
1307 5408 1409 5474 τῆς
1447 5413 1791 5479 περιγραφῆς

216 5484 628 5556 συνεισήνεκται
663 5487 757 5541 καὶ
801 5496 1245 5565 συνεπινενόηται
1281 5499 1500 5570 ἰδίωμα.
1547 5502 1709 5554 Ὥστε
1741 5506 1788 5555 οἱ

218 5576 292 5645 μὴ
321 5576 572 5644 λέγοντες
616 5580 780 5634 αὑτὸν
825 5585 1166 5654 γράφεσθαι,
1218 5592 1386 5661 ἦγουν
1427 5597 1790 5660 εἰκονίζεσθαι

215 5669 456 5740 ἂσαρκον
489 5673 650 5726 αὐτὸν
684 5675 1152 5746 ὑπολαμϐάνουσι.
1196 5685 1305 5740 Καὶ
1344 5687 1535 5759 πόρρω
1565 5693 1662 5752 τῆς
1695 5691 1794 5742 αὖ·

215 5762 310 5832 λῆς
354 5763 629 5834 Χριστοῦ’
671 5768 776 5820 κᾶν
823 5770 1031 5842 Πέτρος
1077 5771 1220 5842 εἶεν,
1267 5779 1371 5834 κᾶν
1422 5780 1634 5846 Παῦλος
1662 5797 1676 5813 ο
1713 5783 1790 5846 ὡς

289 5879 334 5910 ⁹¹
377 5876 560 5934 Eccle.
597 5896 670 5945 tv,
713 5882 804 5936 10.

576 5974 852 6038 Parnm.
901 5978 1017 6042 Gn.
1067 5979 1283 6042 XCIX.

1893 4680 2005 4725 tera
2032 4670 2264 4724 deinde?
2288 4667 2447 4724 Fides
2471 4669 2647 4733 lirma,
2699 4670 3080 4735 immutabilis,
3099 4673 3241 4726 sicut
3293 4673 3487 4728 tradidi

1891 4763 2068 4828 vobis,
2091 4772 2142 4816 et
2173 4777 2200 4816 a
2240 4761 2447 4816 sanctis
2471 4764 2676 4831 accepi,
2703 4763 2786 4816 vel
2813 4763 2996 4830 potius
3030 4763 3099 4817 ab
3134 4779 3243 4818 uno
3269 4765 3488 4835 utrique

1892 4866 1946 4911 et
1999 4856 2187 4910 eodem
2247 4855 2466 4923 spiritu.
2511 4853 2769 4909 Christus
2809 4854 2923 4923 jam
2963 4855 3218 4912 Christus
3247 4873 3352 4910 non
3381 4869 3484 4921 est,

1893 4949 1999 5004 nisi
2031 4947 2178 5018 pingi
2211 4955 2408 5017 potest.
2433 4944 2610 4999 Simul
2643 4946 2787 4999 enim
2817 4962 2880 5000 ac
2910 4944 3189 5001 Christum
3224 4949 3483 5010 dicimus.

1896 5055 2120 5095 necesse
2141 5048 2222 5093 est
2254 5037 2715 5104 incorporationis
2744 5038 2864 5108 ejus
2887 5037 3207 5108 mysterium
3233 5039 3482 5108 intelligi.

1893 5132 2080 5198 Neque
2103 5129 2249 5183 enim
2281 5127 2536 5182 Christus
2555 5127 2790 5192 dicatur,
2825 5142 2949 5180 cum
2981 5128 3232 5182 nuduma
3253 5143 3487 5197 corpore

1893 5221 2132 5276 Verbum
2169 5221 2504 5290 agnoscitur.
2547 5216 2847 5287 Postquam
2879 5227 3062 5270 autem
3091 5215 3272 5271 Verbo
3303 5233 3432 5271 caro
3465 5233 3481 5281 ;

1893 5325 1945 5370 et
1976 5330 2140 5370 carne
2185 5313 2374 5382 utique
2424 5312 2895 5366 circumscribitur
2939 5328 2952 5364 :
2997 5322 3050 5364 et
3072 5311 3186 5380 jam
3227 5310 3484 5365 Christus

1891 5407 2256 5477 appellatione
2299 5415 2402 5468 est,
2436 5413 2490 5458 et
2535 5405 3068 5472 circumscriptionis
3113 5404 3277 5459 simul
3319 5404 3482 5458 indu-

1888 5502 2031 5555 citur
2083 5499 2507 5567 intelligiturque
2571 5497 2890 5566 proprietas.
2964 5495 3335 5562 Quamobrem
3387 5497 3482 5565 qui

1891 5596 2070 5665 ipsum
2116 5592 2348 5649 describi
2381 5601 2616 5661 negant,
2665 5591 2770 5644 hoc
2809 5602 2912 5655 est,
2943 5591 3206 5645 delineari
3239 5609 3254 5658 ;
3296 5591 3485 5645 carnis

1892 5689 2070 5758 ipsum
2112 5696 2392 5755 expertem
2443 5683 2670 5738 faciunt.
2718 5683 2824 5736 Sed
2874 5683 3033 5752 longe
3081 5684 3156 5737 illi
3197 5699 3226 5736 a
3274 5682 3483 5736 Christi

1892 5795 2076 5851 grege,
2112 5778 2197 5832 vel
2219 5777 2263 5832 si
2295 5775 2488 5830 Petrus
2515 5773 2677 5828 fuerit
2703 5774 2784 5828 vel
2813 5773 3016 5829 Paulus
3048 5784 3109 5828 ut
3137 5773 3333 5830 Petrus
3364 5773 3482 5842 ipse

3047 5979 3128 6038 39
