  <div class='ocr_page' id='page_1' title='image "/cluster/home/n/w/nwhite01/storage/ocr_20150623/99/uva.x002264937/653.png"; bbox 0 0 4164 6466; ppageno 0'>
   <div class='ocr_carea' id='block_1_1' title="bbox 692 377 825 439">
    <p class='ocr_par' dir='ltr' id='par_1_1' title="bbox 692 377 825 439">
     <span class='ocr_line' id='line_1_1' title="bbox 692 377 825 439; baseline 0.008 -1"><span class='ocrx_word' id='word_1_1' title='bbox 692 377 825 439; x_wconf 70' lang='lat'>199.7</span> 
     </span>
    </p>
   </div>
   <div class='ocr_carea' id='block_1_2' title="bbox 1879 376 2754 438">
    <p class='ocr_par' dir='ltr' id='par_1_2' title="bbox 1879 376 2754 438">
     <span class='ocr_line' id='line_1_2' title="bbox 1879 376 2754 438; baseline 0.001 -3"><span class='ocrx_word' id='word_1_2' title='bbox 1879 378 1941 437; x_wconf 73' lang='lat'>&#39;5.</span> <span class='ocrx_word' id='word_1_3' title='bbox 1986 376 2379 437; x_wconf 83' lang='lat' dir='ltr'>THEODORI</span> <span class='ocrx_word' id='word_1_4' title='bbox 2407 377 2754 438; x_wconf 63' lang='lat' dir='ltr'>STUDlTrE</span> 
     </span>
    </p>
   </div>
   <div class='ocr_carea' id='block_1_3' title="bbox 3816 380 3950 444">
    <p class='ocr_par' dir='ltr' id='par_1_3' title="bbox 3816 380 3950 444">
     <span class='ocr_line' id='line_1_3' title="bbox 3816 380 3950 444; baseline 0.022 -3"><span class='ocrx_word' id='word_1_5' title='bbox 3816 380 3950 444; x_wconf 73' lang='lat'><strong><em>1228</em></strong></span> 
     </span>
    </p>
   </div>
   <div class='ocr_carea' id='block_1_4' title="bbox 685 480 2274 563">
    <p class='ocr_par' dir='ltr' id='par_1_4' title="bbox 685 486 2263 544">
     <span class='ocr_line' id='line_1_4' title="bbox 685 486 2263 544; baseline -0.001 0"><span class='ocrx_word' id='word_1_6' title='bbox 685 503 732 544; x_wconf 83' lang='lat' dir='ltr'>et</span> <span class='ocrx_word' id='word_1_7' title='bbox 767 488 973 543; x_wconf 88' lang='lat' dir='ltr'>Paulus</span> <span class='ocrx_word' id='word_1_8' title='bbox 1000 488 1343 543; x_wconf 69' lang='lat' dir='ltr'>denuntiavit</span> <span class='ocrx_word' id='word_1_9' title='bbox 1375 486 1441 541; x_wconf 92' lang='lat' dir='ltr'>ad</span> <span class='ocrx_word' id='word_1_10' title='bbox 1468 488 1818 543; x_wconf 77' lang='lat' dir='ltr'>securitatem</span> <span class='ocrx_word' id='word_1_11' title='bbox 1846 498 2114 542; x_wconf 86' lang='lat' dir='ltr'>nostram.</span> <span class='ocrx_word' id='word_1_12' title='bbox 2144 487 2263 543; x_wconf 85' lang='lat' dir='ltr'>Non</span> 
     </span>
    </p>
   </div>
   <div class='ocr_carea' id='block_1_5' title="bbox 2375 480 3951 563">
    <p class='ocr_par' dir='ltr' id='par_1_5' title="bbox 2375 480 3951 563">
     <span class='ocr_line' id='line_1_5' title="bbox 2375 480 3951 563; baseline 0.003 -22"><span class='ocrx_word' id='word_1_13' title='bbox 2375 488 2530 551; x_wconf 71' lang='grc' dir='ltr'>αὐτὸς</span> <span class='ocrx_word' id='word_1_14' title='bbox 2558 490 2762 559; x_wconf 79' lang='grc' dir='ltr'>Πέτρος</span> <span class='ocrx_word' id='word_1_15' title='bbox 2814 491 2907 541; x_wconf 80' lang='grc' dir='ltr'>καὶ</span> <span class='ocrx_word' id='word_1_16' title='bbox 2939 489 3151 552; x_wconf 85' lang='grc' dir='ltr'>Παῦλος</span> <span class='ocrx_word' id='word_1_17' title='bbox 3183 480 3431 562; x_wconf 66' lang='grc' dir='ltr'>ἁπέφηνε</span> <span class='ocrx_word' id='word_1_18' title='bbox 3466 493 3601 563; x_wconf 73' lang='grc' dir='ltr'>πρὸς</span> <span class='ocrx_word' id='word_1_19' title='bbox 3646 494 3951 559; x_wconf 75' lang='grc' dir='ltr'>ἀσφάλειαν</span> 
     </span>
    </p>
   </div>
   <div class='ocr_carea' id='block_1_6' title="bbox 685 581 2268 654">
    <p class='ocr_par' dir='ltr' id='par_1_6' title="bbox 685 581 2268 654">
     <span class='ocr_line' id='line_1_6' title="bbox 685 581 2268 654; baseline -0.001 -18"><span class='ocrx_word' id='word_1_20' title='bbox 685 585 831 654; x_wconf 85' lang='lat' dir='ltr'>quod</span> <span class='ocrx_word' id='word_1_21' title='bbox 856 581 1053 651; x_wconf 87' lang='lat' dir='ltr'>aliquis</span> <span class='ocrx_word' id='word_1_22' title='bbox 1080 582 1477 651; x_wconf 76' lang='lat' dir='ltr'>apostolorum,</span> <span class='ocrx_word' id='word_1_23' title='bbox 1500 590 1592 634; x_wconf 93' lang='lat' dir='ltr'>aut</span> <span class='ocrx_word' id='word_1_24' title='bbox 1612 590 1927 636; x_wconf 85' lang='lat' dir='ltr'>sanctorum</span> <span class='ocrx_word' id='word_1_25' title='bbox 1953 581 2045 650; x_wconf 85' lang='lat' dir='ltr'>qui</span> <span class='ocrx_word' id='word_1_26' title='bbox 2070 581 2268 635; x_wconf 87' lang='lat' dir='ltr'>deinde</span> 
     </span>
    </p>
   </div>
   <div class='ocr_carea' id='block_1_7' title="bbox 685 674 2264 742">
    <p class='ocr_par' dir='ltr' id='par_1_7' title="bbox 685 674 2264 742">
     <span class='ocr_line' id='line_1_7' title="bbox 685 674 2264 742; baseline -0.003 -10"><span class='ocrx_word' id='word_1_27' title='bbox 685 687 814 733; x_wconf 88' lang='lat' dir='ltr'>sunt</span> <span class='ocrx_word' id='word_1_28' title='bbox 881 676 1183 740; x_wconf 74' lang='lat' dir='ltr'>subsecuti,</span> <span class='ocrx_word' id='word_1_29' title='bbox 1244 674 1625 728; x_wconf 80' lang='lat' dir='ltr'>circumSCribi</span> <span class='ocrx_word' id='word_1_30' title='bbox 1677 690 1909 742; x_wconf 84' lang='lat' dir='ltr'>corpore</span> <span class='ocrx_word' id='word_1_31' title='bbox 1977 674 2264 727; x_wconf 78' lang='lat' dir='ltr'>Christum</span> 
     </span>
    </p>
   </div>
   <div class='ocr_carea' id='block_1_8' title="bbox 686 766 2266 837">
    <p class='ocr_par' dir='ltr' id='par_1_8' title="bbox 686 766 2266 837">
     <span class='ocr_line' id='line_1_8' title="bbox 686 766 2266 837; baseline -0.003 -14"><span class='ocrx_word' id='word_1_32' title='bbox 686 770 917 837; x_wconf 75' lang='lat' dir='ltr'>negarit,</span> <span class='ocrx_word' id='word_1_33' title='bbox 954 768 1415 837; x_wconf 82' lang='lat' dir='ltr'>quemadmodum</span> <span class='ocrx_word' id='word_1_34' title='bbox 1458 767 1609 835; x_wconf 84' lang='lat' dir='ltr'><strong>impii</strong></span> <span class='ocrx_word' id='word_1_35' title='bbox 1656 766 1961 820; x_wconf 88' lang='lat' dir='ltr'>adulterina</span> <span class='ocrx_word' id='word_1_36' title='bbox 1985 767 2266 835; x_wconf 78' lang='lat' dir='ltr'>proferen-</span> 
     </span>
    </p>
   </div>
   <div class='ocr_carea' id='block_1_9' title="bbox 686 858 2264 924">
    <p class='ocr_par' dir='ltr' id='par_1_9' title="bbox 686 858 2264 924">
     <span class='ocr_line' id='line_1_9' title="bbox 686 858 2264 924; baseline -0.002 -9"><span class='ocrx_word' id='word_1_37' title='bbox 686 872 769 915; x_wconf 90' lang='lat' dir='ltr'>tes</span> <span class='ocrx_word' id='word_1_38' title='bbox 814 863 969 915; x_wconf 90' lang='lat' dir='ltr'>aiunt</span> <span class='ocrx_word' id='word_1_39' title='bbox 1002 879 1014 915; x_wconf 92' lang='lat'>:</span> <span class='ocrx_word' id='word_1_40' title='bbox 1066 860 1241 914; x_wconf 86' lang='lat' dir='ltr'>absitl</span> <span class='ocrx_word' id='word_1_41' title='bbox 1280 858 1559 913; x_wconf 89' lang='lat' dir='ltr'>Sinceram</span> <span class='ocrx_word' id='word_1_42' title='bbox 1590 860 1731 912; x_wconf 89' lang='lat' dir='ltr'>hanc</span> <span class='ocrx_word' id='word_1_43' title='bbox 1762 868 2046 913; x_wconf 89' lang='lat' dir='ltr'>teneamus</span> <span class='ocrx_word' id='word_1_44' title='bbox 2086 860 2264 924; x_wconf 88' lang='lat' dir='ltr'>Iidem,</span> 
     </span>
    </p>
   </div>
   <div class='ocr_carea' id='block_1_10' title="bbox 685 950 2265 1021">
    <p class='ocr_par' dir='ltr' id='par_1_10' title="bbox 685 950 2265 1021">
     <span class='ocr_line' id='line_1_10' title="bbox 685 950 2265 1021; baseline -0.003 -13"><span class='ocrx_word' id='word_1_45' title='bbox 685 953 978 1008; x_wconf 84' lang='lat' dir='ltr'>ol&#39;ratres:</span> <span class='ocrx_word' id='word_1_46' title='bbox 1020 951 1295 1021; x_wconf 74' lang='lat' dir='ltr'>egregiam</span> <span class='ocrx_word' id='word_1_47' title='bbox 1348 951 1491 1004; x_wconf 89' lang='lat' dir='ltr'>hanc</span> <span class='ocrx_word' id='word_1_48' title='bbox 1545 950 1947 1004; x_wconf 74' lang='lat' dir='ltr'>confessionem</span> <span class='ocrx_word' id='word_1_49' title='bbox 1994 960 2265 1014; x_wconf 78' lang='lat' dir='ltr'>tueamur,</span> 
     </span>
    </p>
   </div>
   <div class='ocr_carea' id='block_1_11' title="bbox 687 1040 2270 1113">
    <p class='ocr_par' dir='ltr' id='par_1_11' title="bbox 687 1040 2270 1113">
     <span class='ocr_line' id='line_1_11' title="bbox 687 1040 2270 1113; baseline -0.002 -14"><span class='ocrx_word' id='word_1_50' title='bbox 687 1045 896 1099; x_wconf 90' lang='lat' dir='ltr'>nullam</span> <span class='ocrx_word' id='word_1_51' title='bbox 932 1043 986 1097; x_wconf 93' lang='lat' dir='ltr'>in</span> <span class='ocrx_word' id='word_1_52' title='bbox 1036 1052 1239 1113; x_wconf 85' lang='lat' dir='ltr'>partem</span> <span class='ocrx_word' id='word_1_53' title='bbox 1282 1043 1640 1097; x_wconf 75' lang='lat' dir='ltr'>declinantes.</span> <span class='ocrx_word' id='word_1_54' title='bbox 1683 1040 1961 1095; x_wconf 78' lang='lat' dir='ltr'>Christum</span> <span class='ocrx_word' id='word_1_55' title='bbox 1999 1043 2270 1112; x_wconf 87' lang='lat' dir='ltr'>abnegant</span> 
     </span>
    </p>
   </div>
   <div class='ocr_carea' id='block_1_12' title="bbox 685 1133 2268 1207">
    <p class='ocr_par' dir='ltr' id='par_1_12' title="bbox 685 1133 2268 1207">
     <span class='ocr_line' id='line_1_12' title="bbox 685 1133 2268 1207; baseline -0.002 -16"><span class='ocrx_word' id='word_1_56' title='bbox 685 1138 781 1207; x_wconf 85' lang='lat' dir='ltr'>qui</span> <span class='ocrx_word' id='word_1_57' title='bbox 813 1153 971 1191; x_wconf 88' lang='lat' dir='ltr'>secus</span> <span class='ocrx_word' id='word_1_58' title='bbox 1020 1137 1266 1190; x_wconf 91' lang='lat' dir='ltr'>sentiunt</span> <span class='ocrx_word' id='word_1_59' title='bbox 1300 1152 1312 1188; x_wconf 93' lang='lat'>:</span> <span class='ocrx_word' id='word_1_60' title='bbox 1347 1135 1439 1205; x_wconf 93' lang='lat' dir='ltr'>qui</span> <span class='ocrx_word' id='word_1_61' title='bbox 1467 1136 1515 1189; x_wconf 92' lang='lat' dir='ltr'>id</span> <span class='ocrx_word' id='word_1_62' title='bbox 1552 1133 1875 1196; x_wconf 81' lang='lat' dir='ltr'>defendunt,</span> <span class='ocrx_word' id='word_1_63' title='bbox 1901 1135 2104 1189; x_wconf 81' lang='lat' dir='ltr'>Christi</span> <span class='ocrx_word' id='word_1_64' title='bbox 2138 1144 2268 1189; x_wconf 90' lang='lat' dir='ltr'>sunt</span> 
     </span>
    </p>
   </div>
   <div class='ocr_carea' id='block_1_13' title="bbox 684 1228 2265 1300">
    <p class='ocr_par' dir='ltr' id='par_1_13' title="bbox 684 1228 2265 1300">
     <span class='ocr_line' id='line_1_13' title="bbox 684 1228 2265 1300; baseline -0.003 -16"><span class='ocrx_word' id='word_1_65' title='bbox 684 1238 976 1300; x_wconf 85' lang='lat' dir='ltr'>martyres,</span> <span class='ocrx_word' id='word_1_66' title='bbox 1008 1244 1132 1283; x_wconf 91' lang='lat' dir='ltr'>cum</span> <span class='ocrx_word' id='word_1_67' title='bbox 1164 1228 1546 1297; x_wconf 86' lang='lat' dir='ltr'>quadraginta.</span> <span class='ocrx_word' id='word_1_68' title='bbox 1579 1243 1700 1281; x_wconf 93' lang='lat' dir='ltr'>cum</span> <span class='ocrx_word' id='word_1_69' title='bbox 1740 1228 1889 1281; x_wconf 90' lang='lat' dir='ltr'>omni</span> <span class='ocrx_word' id='word_1_70' title='bbox 1938 1229 2265 1281; x_wconf 79' lang='lat' dir='ltr'>athletarum</span> 
     </span>
    </p>
   </div>
   <div class='ocr_carea' id='block_1_14' title="bbox 685 1317 2267 1390">
    <p class='ocr_par' dir='ltr' id='par_1_14' title="bbox 685 1317 2267 1390">
     <span class='ocr_line' id='line_1_14' title="bbox 685 1317 2267 1390; baseline -0.001 -16"><span class='ocrx_word' id='word_1_71' title='bbox 685 1322 775 1390; x_wconf 90' lang='lat' dir='ltr'>qui</span> <span class='ocrx_word' id='word_1_72' title='bbox 848 1335 1091 1390; x_wconf 85' lang='lat' dir='ltr'>unquam</span> <span class='ocrx_word' id='word_1_73' title='bbox 1149 1318 1371 1373; x_wconf 82' lang='lat' dir='ltr'>fuerunt</span> <span class='ocrx_word' id='word_1_74' title='bbox 1420 1328 1564 1372; x_wconf 65' lang='lat' dir='ltr'>cortu</span> <span class='ocrx_word' id='word_1_75' title='bbox 1622 1319 1903 1379; x_wconf 86' lang='lat' dir='ltr'>censendi,</span> <span class='ocrx_word' id='word_1_76' title='bbox 1945 1317 2147 1383; x_wconf 83' lang='lat' dir='ltr'>Quid?</span> <span class='ocrx_word' id='word_1_77' title='bbox 2201 1334 2267 1373; x_wconf 93' lang='lat' dir='ltr'>ne</span> 
     </span>
    </p>
   </div>
   <div class='ocr_carea' id='block_1_15' title="bbox 684 1411 2267 1480">
    <p class='ocr_par' dir='ltr' id='par_1_15' title="bbox 684 1411 2267 1480">
     <span class='ocr_line' id='line_1_15' title="bbox 684 1411 2267 1480; baseline -0.001 -12"><span class='ocrx_word' id='word_1_78' title='bbox 684 1414 1032 1469; x_wconf 87' lang='lat' dir='ltr'>comederent</span> <span class='ocrx_word' id='word_1_79' title='bbox 1060 1427 1252 1467; x_wconf 88' lang='lat' dir='ltr'>carnes</span> <span class='ocrx_word' id='word_1_80' title='bbox 1273 1412 1479 1474; x_wconf 82' lang='lat' dir='ltr'>suillas,</span> <span class='ocrx_word' id='word_1_81' title='bbox 1506 1412 1650 1480; x_wconf 89' lang='lat' dir='ltr'>quod</span> <span class='ocrx_word' id='word_1_82' title='bbox 1681 1427 1742 1463; x_wconf 81' lang='lat' dir='ltr'>ea</span> <span class='ocrx_word' id='word_1_83' title='bbox 1771 1420 2088 1479; x_wconf 85' lang='lat' dir='ltr'>tempestate</span> <span class='ocrx_word' id='word_1_84' title='bbox 2116 1411 2267 1467; x_wconf 79' lang='lat' dir='ltr'>nefas</span> 
     </span>
    </p>
   </div>
   <div class='ocr_carea' id='block_1_16' title="bbox 682 1500 2266 1573">
    <p class='ocr_par' dir='ltr' id='par_1_16' title="bbox 682 1500 2266 1573">
     <span class='ocr_line' id='line_1_16' title="bbox 682 1500 2266 1573; baseline 0 -16"><span class='ocrx_word' id='word_1_85' title='bbox 682 1517 822 1568; x_wconf 87' lang='lat' dir='ltr'>erat,</span> <span class='ocrx_word' id='word_1_86' title='bbox 864 1514 1131 1573; x_wconf 84' lang='lat' dir='ltr'>martyres</span> <span class='ocrx_word' id='word_1_87' title='bbox 1174 1502 1397 1556; x_wconf 82' lang='lat' dir='ltr'>fuerunt</span> <span class='ocrx_word' id='word_1_88' title='bbox 1431 1500 1761 1556; x_wconf 69' lang='lat' dir='ltr'>Machahaai:</span> <span class='ocrx_word' id='word_1_89' title='bbox 1802 1514 1855 1555; x_wconf 88' lang='lat' dir='ltr'>et</span> <span class='ocrx_word' id='word_1_90' title='bbox 1896 1513 1948 1554; x_wconf 88' lang='lat' dir='ltr'>tu</span> <span class='ocrx_word' id='word_1_91' title='bbox 1977 1518 2266 1571; x_wconf 84' lang='lat' dir='ltr'>perpessus</span> 
     </span>
    </p>
   </div>
   <div class='ocr_carea' id='block_1_17' title="bbox 684 1592 2265 1663">
    <p class='ocr_par' dir='ltr' id='par_1_17' title="bbox 684 1592 2265 1663">
     <span class='ocr_line' id='line_1_17' title="bbox 684 1592 2265 1663; baseline 0.001 -16"><span class='ocrx_word' id='word_1_92' title='bbox 684 1609 751 1648; x_wconf 91' lang='lat' dir='ltr'>eo</span> <span class='ocrx_word' id='word_1_93' title='bbox 776 1594 918 1663; x_wconf 90' lang='lat' dir='ltr'>quod</span> <span class='ocrx_word' id='word_1_94' title='bbox 944 1609 1141 1661; x_wconf 86' lang='lat' dir='ltr'>negare</span> <span class='ocrx_word' id='word_1_95' title='bbox 1165 1594 1310 1647; x_wconf 91' lang='lat' dir='ltr'>nolis</span> <span class='ocrx_word' id='word_1_96' title='bbox 1332 1592 1609 1649; x_wconf 84' lang='lat' dir='ltr'>Christum</span> <span class='ocrx_word' id='word_1_97' title='bbox 1635 1594 2128 1659; x_wconf 79' lang='lat' dir='ltr'>circumscriptum,</span> <span class='ocrx_word' id='word_1_98' title='bbox 2157 1609 2265 1648; x_wconf 94' lang='lat' dir='ltr'>non</span> 
     </span>
    </p>
   </div>
   <div class='ocr_carea' id='block_1_18' title="bbox 687 1683 2267 1757">
    <p class='ocr_par' dir='ltr' id='par_1_18' title="bbox 687 1683 2267 1757">
     <span class='ocr_line' id='line_1_18' title="bbox 687 1683 2267 1757; baseline 0.001 -18"><span class='ocrx_word' id='word_1_99' title='bbox 687 1698 897 1757; x_wconf 82' lang='lat' dir='ltr'>martyr</span> <span class='ocrx_word' id='word_1_100' title='bbox 923 1684 1237 1739; x_wconf 77' lang='lat' dir='ltr'>censeberis</span> <span class='ocrx_word' id='word_1_101' title='bbox 1260 1685 1284 1736; x_wconf 72' lang='grc' dir='ltr'>’ἶ</span> <span class='ocrx_word' id='word_1_102' title='bbox 1310 1683 1551 1738; x_wconf 85' lang='lat' dir='ltr'>Joannes</span> <span class='ocrx_word' id='word_1_103' title='bbox 1575 1700 1880 1754; x_wconf 66' lang='lat' dir='ltr'>praacursor</span> <span class='ocrx_word' id='word_1_104' title='bbox 1896 1684 1966 1739; x_wconf 93' lang='lat' dir='ltr'>ob</span> <span class='ocrx_word' id='word_1_105' title='bbox 1991 1685 2267 1740; x_wconf 83' lang='lat' dir='ltr'>defensio-</span> 
     </span>
    </p>
   </div>
   <div class='ocr_carea' id='block_1_19' title="bbox 688 1776 2262 1847">
    <p class='ocr_par' dir='ltr' id='par_1_19' title="bbox 688 1776 2262 1847">
     <span class='ocr_line' id='line_1_19' title="bbox 688 1776 2262 1847; baseline 0.001 -16"><span class='ocrx_word' id='word_1_106' title='bbox 688 1794 809 1831; x_wconf 87' lang='lat' dir='ltr'>nem</span> <span class='ocrx_word' id='word_1_107' title='bbox 887 1778 1133 1831; x_wconf 81' lang='lat' dir='ltr'>veritatis</span> <span class='ocrx_word' id='word_1_108' title='bbox 1190 1776 1453 1830; x_wconf 89' lang='lat' dir='ltr'>adversus</span> <span class='ocrx_word' id='word_1_109' title='bbox 1532 1776 1800 1831; x_wconf 77' lang='lat' dir='ltr'>Herodem</span> <span class='ocrx_word' id='word_1_110' title='bbox 1880 1778 2262 1847; x_wconf 81' lang='lat' dir='ltr'>interemptus,</span> 
     </span>
    </p>
   </div>
   <div class='ocr_carea' id='block_1_20' title="bbox 2373 582 3951 656">
    <p class='ocr_par' dir='ltr' id='par_1_20' title="bbox 2373 582 3951 656">
     <span class='ocr_line' id='line_1_20' title="bbox 2373 582 3951 656; baseline 0.004 -24"><span class='ocrx_word' id='word_1_111' title='bbox 2373 582 2676 650; x_wconf 81' lang='grc' dir='ltr'>ἡμετέραν.</span> <span class='ocrx_word' id='word_1_112' title='bbox 2711 584 2823 651; x_wconf 73' lang='grc' dir='ltr'>Οὐχ</span> <span class='ocrx_word' id='word_1_113' title='bbox 2853 585 2935 635; x_wconf 79' lang='grc' dir='ltr'>ὅτι</span> <span class='ocrx_word' id='word_1_114' title='bbox 2980 600 3064 647; x_wconf 86' lang='grc' dir='ltr'>τις</span> <span class='ocrx_word' id='word_1_115' title='bbox 3096 584 3206 636; x_wconf 84' lang='grc' dir='ltr'>τῶν</span> <span class='ocrx_word' id='word_1_116' title='bbox 3236 585 3575 648; x_wconf 81' lang='grc' dir='ltr'>ἀποστόλων,</span> <span class='ocrx_word' id='word_1_117' title='bbox 3617 586 3651 655; x_wconf 76' lang='grc' dir='ltr'><strong>ἢ</strong></span> <span class='ocrx_word' id='word_1_118' title='bbox 3687 588 3800 638; x_wconf 80' lang='grc' dir='ltr'>τῶν</span> <span class='ocrx_word' id='word_1_119' title='bbox 3832 588 3951 656; x_wconf 77' lang='grc' dir='ltr'>μετ’</span> 
     </span>
    </p>
   </div>
   <div class='ocr_carea' id='block_1_21' title="bbox 2372 675 3951 748">
    <p class='ocr_par' dir='ltr' id='par_1_21' title="bbox 2372 675 3951 748">
     <span class='ocr_line' id='line_1_21' title="bbox 2372 675 3951 748; baseline 0.004 -23"><span class='ocrx_word' id='word_1_120' title='bbox 2372 675 2570 737; x_wconf 72' lang='grc' dir='ltr'>αὐτοὺς</span> <span class='ocrx_word' id='word_1_121' title='bbox 2606 675 2796 741; x_wconf 80' lang='grc' dir='ltr'>ἁγίων,</span> <span class='ocrx_word' id='word_1_122' title='bbox 2849 676 3039 745; x_wconf 71' lang='grc' dir='ltr'>εἴρηκε</span> <span class='ocrx_word' id='word_1_123' title='bbox 3078 676 3151 745; x_wconf 85' lang='grc' dir='ltr'>μὴ</span> <span class='ocrx_word' id='word_1_124' title='bbox 3202 679 3683 747; x_wconf 72' lang='grc' dir='ltr'>περιγραφόμενον</span> <span class='ocrx_word' id='word_1_125' title='bbox 3735 680 3951 748; x_wconf 78' lang='grc' dir='ltr'>σώματι</span> 
     </span>
    </p>
   </div>
   <div class='ocr_carea' id='block_1_22' title="bbox 2371 768 3952 842">
    <p class='ocr_par' dir='ltr' id='par_1_22' title="bbox 2371 768 3952 842">
     <span class='ocr_line' id='line_1_22' title="bbox 2371 768 3952 842; baseline 0.003 -23"><span class='ocrx_word' id='word_1_126' title='bbox 2371 768 2605 836; x_wconf 75' lang='grc' dir='ltr'>Χριστὸν</span> <span class='ocrx_word' id='word_1_127' title='bbox 2633 809 2646 831; x_wconf 94' lang='grc'>,</span> <span class='ocrx_word' id='word_1_128' title='bbox 2695 769 2873 828; x_wconf 82' lang='grc' dir='ltr'>ἄπαγε</span> <span class='ocrx_word' id='word_1_129' title='bbox 2904 768 2916 819; x_wconf 87' lang='lat' dir='ltr'>l</span> <span class='ocrx_word' id='word_1_130' title='bbox 2954 768 3031 830; x_wconf 80' lang='grc' dir='ltr'>ὡς</span> <span class='ocrx_word' id='word_1_131' title='bbox 3077 770 3126 820; x_wconf 86' lang='lat' dir='ltr'>oi</span> <span class='ocrx_word' id='word_1_132' title='bbox 3161 769 3442 833; x_wconf 81' lang='grc' dir='ltr'>δυσσεϐεῖς</span> <span class='ocrx_word' id='word_1_133' title='bbox 3471 770 3543 823; x_wconf 78' lang='grc' dir='ltr'>τὰ</span> <span class='ocrx_word' id='word_1_134' title='bbox 3576 771 3708 825; x_wconf 86' lang='grc' dir='ltr'>νόθα</span> <span class='ocrx_word' id='word_1_135' title='bbox 3749 776 3952 842; x_wconf 76' lang='grc' dir='ltr'>προφε-</span> 
     </span>
    </p>
   </div>
   <div class='ocr_carea' id='block_1_23' title="bbox 2374 860 3955 933">
    <p class='ocr_par' dir='ltr' id='par_1_23' title="bbox 2374 860 3955 933">
     <span class='ocr_line' id='line_1_23' title="bbox 2374 860 3955 933; baseline 0.004 -22"><span class='ocrx_word' id='word_1_136' title='bbox 2374 877 2560 931; x_wconf 88' lang='grc' dir='ltr'>ροντες</span> <span class='ocrx_word' id='word_1_137' title='bbox 2599 860 2842 925; x_wconf 82' lang='grc' dir='ltr'>λέγουσι.</span> <span class='ocrx_word' id='word_1_138' title='bbox 2889 861 3109 931; x_wconf 75' lang='grc' dir='ltr'>Ταύτην</span> <span class='ocrx_word' id='word_1_139' title='bbox 3147 864 3246 929; x_wconf 72' lang='grc' dir='ltr'>τὴν</span> <span class='ocrx_word' id='word_1_140' title='bbox 3285 862 3553 933; x_wconf 85' lang='grc' dir='ltr'>είλικρινῆ</span> <span class='ocrx_word' id='word_1_141' title='bbox 3587 864 3778 916; x_wconf 75' lang='grc' dir='ltr'>πίστιν</span> <span class='ocrx_word' id='word_1_142' title='bbox 3818 882 3955 916; x_wconf 79' lang='grc' dir='ltr'>κατ-</span> 
     </span>
    </p>
   </div>
   <div class='ocr_carea' id='block_1_24' title="bbox 2372 945 3951 1025">
    <p class='ocr_par' dir='ltr' id='par_1_24' title="bbox 2372 945 3951 1025">
     <span class='ocr_line' id='line_1_24' title="bbox 2372 945 3951 1025; baseline 0.003 -23"><span class='ocrx_word' id='word_1_143' title='bbox 2372 952 2621 1019; x_wconf 78' lang='grc' dir='ltr'>ἔχωμεν,</span> <span class='ocrx_word' id='word_1_144' title='bbox 2679 945 2723 1003; x_wconf 84' lang='grc' dir='ltr'><strong>ὦ</strong></span> <span class='ocrx_word' id='word_1_145' title='bbox 2754 952 3015 1016; x_wconf 72' lang='grc' dir='ltr'>ἀδελφοίο</span> <span class='ocrx_word' id='word_1_146' title='bbox 3076 953 3240 1021; x_wconf 77' lang='grc' dir='ltr'>τήνδε</span> <span class='ocrx_word' id='word_1_147' title='bbox 3281 954 3381 1025; x_wconf 83' lang='grc' dir='ltr'>τὴν</span> <span class='ocrx_word' id='word_1_148' title='bbox 3432 955 3605 1025; x_wconf 79' lang='grc' dir='ltr'>καλὴν</span> <span class='ocrx_word' id='word_1_149' title='bbox 3654 956 3951 1025; x_wconf 72' lang='grc' dir='ltr'>ὁμολογίαν</span> 
     </span>
    </p>
   </div>
   <div class='ocr_carea' id='block_1_25' title="bbox 2369 1043 3952 1117">
    <p class='ocr_par' dir='ltr' id='par_1_25' title="bbox 2369 1043 3952 1117">
     <span class='ocr_line' id='line_1_25' title="bbox 2369 1043 3952 1117; baseline 0.001 -21"><span class='ocrx_word' id='word_1_150' title='bbox 2369 1044 2760 1112; x_wconf 77' lang='grc' dir='ltr'>ὁμολογῶμεν,</span> <span class='ocrx_word' id='word_1_151' title='bbox 2814 1044 2937 1112; x_wconf 78' lang='grc' dir='ltr'>μηδ’</span> <span class='ocrx_word' id='word_1_152' title='bbox 2988 1043 3127 1106; x_wconf 77' lang='grc' dir='ltr'>ὅλως</span> <span class='ocrx_word' id='word_1_153' title='bbox 3174 1046 3643 1115; x_wconf 72' lang='grc' dir='ltr'>παραφερόμενοι.</span> <span class='ocrx_word' id='word_1_154' title='bbox 3699 1048 3952 1117; x_wconf 81' lang='grc' dir='ltr'>Ἀρνησίο</span> 
     </span>
    </p>
   </div>
   <div class='ocr_carea' id='block_1_26' title="bbox 2370 1136 3950 1209">
    <p class='ocr_par' dir='ltr' id='par_1_26' title="bbox 2370 1136 3950 1209">
     <span class='ocr_line' id='line_1_26' title="bbox 2370 1136 3950 1209; baseline 0.002 -23"><span class='ocrx_word' id='word_1_155' title='bbox 2370 1152 2583 1205; x_wconf 80' lang='grc' dir='ltr'>χριστοι</span> <span class='ocrx_word' id='word_1_156' title='bbox 2633 1136 2683 1187; x_wconf 79' lang='lat' dir='ltr'>oi</span> <span class='ocrx_word' id='word_1_157' title='bbox 2733 1136 2807 1206; x_wconf 82' lang='grc' dir='ltr'>μὴ</span> <span class='ocrx_word' id='word_1_158' title='bbox 2857 1136 3031 1197; x_wconf 77' lang='grc' dir='ltr'>οὕτως</span> <span class='ocrx_word' id='word_1_159' title='bbox 3072 1139 3321 1206; x_wconf 80' lang='grc' dir='ltr'>ἐχοντες’</span> <span class='ocrx_word' id='word_1_160' title='bbox 3354 1139 3851 1209; x_wconf 80' lang='grc' dir='ltr'>Χριστομάρτυρες</span> <span class='ocrx_word' id='word_1_161' title='bbox 3901 1140 3950 1190; x_wconf 82' lang='grc' dir='ltr'>οἱ</span> 
     </span>
    </p>
   </div>
   <div class='ocr_carea' id='block_1_27' title="bbox 2370 1229 3950 1299">
    <p class='ocr_par' dir='ltr' id='par_1_27' title="bbox 2370 1229 3950 1299">
     <span class='ocr_line' id='line_1_27' title="bbox 2370 1229 3950 1299; baseline 0.004 -21"><span class='ocrx_word' id='word_1_162' title='bbox 2370 1229 2732 1295; x_wconf 74' lang='grc' dir='ltr'>ἐνιστάμενοι,</span> <span class='ocrx_word' id='word_1_163' title='bbox 2772 1229 2911 1296; x_wconf 75' lang='grc' dir='ltr'>μετὰ</span> <span class='ocrx_word' id='word_1_164' title='bbox 2943 1229 3051 1281; x_wconf 80' lang='grc' dir='ltr'>τῶν</span> <span class='ocrx_word' id='word_1_165' title='bbox 3079 1229 3512 1299; x_wconf 86' lang='grc' dir='ltr'>τεσσαράκοντα,</span> <span class='ocrx_word' id='word_1_166' title='bbox 3549 1232 3686 1299; x_wconf 78' lang='grc' dir='ltr'>μετὰ</span> <span class='ocrx_word' id='word_1_167' title='bbox 3715 1230 3819 1299; x_wconf 80' lang='grc' dir='ltr'>τῆς</span> <span class='ocrx_word' id='word_1_168' title='bbox 3852 1231 3950 1284; x_wconf 82' lang='grc' dir='ltr'>ἀπ’</span> 
     </span>
    </p>
   </div>
   <div class='ocr_carea' id='block_1_28' title="bbox 2369 1318 3951 1394">
    <p class='ocr_par' dir='ltr' id='par_1_28' title="bbox 2369 1318 3951 1394">
     <span class='ocr_line' id='line_1_28' title="bbox 2369 1318 3951 1394; baseline 0.015 -23"><span class='ocrx_word' id='word_1_169' title='bbox 2369 1320 2566 1379; x_wconf 83' lang='grc' dir='ltr'>αίῶνος</span> <span class='ocrx_word' id='word_1_170' title='bbox 2612 1318 2913 1389; x_wconf 70' lang='grc' dir='ltr'>ἀθλητικῆς</span> <span class='ocrx_word' id='word_1_171' title='bbox 2947 1320 3293 1390; x_wconf 78' lang='grc' dir='ltr'>όμηγύρεωςο</span> <span class='ocrx_word' id='word_1_172' title='bbox 3357 1321 3501 1374; x_wconf 63' lang='grc' dir='ltr'>οἶδά⁹</span> <span class='ocrx_word' id='word_1_173' title='bbox 3537 1322 3680 1391; x_wconf 71' lang='grc' dir='ltr'>ὑπὲρ</span> <span class='ocrx_word' id='word_1_174' title='bbox 3712 1321 3809 1373; x_wconf 70' lang='grc' dir='ltr'>τθῦ</span> <span class='ocrx_word' id='word_1_175' title='bbox 3871 1323 3951 1394; x_wconf 65' lang='grc' dir='ltr'>μὴ</span> 
     </span>
    </p>
   </div>
   <div class='ocr_carea' id='block_1_29' title="bbox 2370 1412 3953 1484">
    <p class='ocr_par' dir='ltr' id='par_1_29' title="bbox 2370 1412 3953 1484">
     <span class='ocr_line' id='line_1_29' title="bbox 2370 1412 3953 1484; baseline 0.003 -21"><span class='ocrx_word' id='word_1_176' title='bbox 2370 1412 2779 1478; x_wconf 72' lang='grc' dir='ltr'>ἀπογεύσασθαι</span> <span class='ocrx_word' id='word_1_177' title='bbox 2828 1414 2987 1465; x_wconf 82' lang='grc' dir='ltr'>ὑείων</span> <span class='ocrx_word' id='word_1_178' title='bbox 3038 1414 3216 1483; x_wconf 84' lang='grc' dir='ltr'>κρεῶν</span> <span class='ocrx_word' id='word_1_179' title='bbox 3257 1414 3318 1465; x_wconf 84' lang='grc' dir='ltr'>τὸ</span> <span class='ocrx_word' id='word_1_180' title='bbox 3369 1414 3673 1482; x_wconf 83' lang='grc' dir='ltr'>τηνικαῦτα</span> <span class='ocrx_word' id='word_1_181' title='bbox 3711 1416 3953 1484; x_wconf 71' lang='grc' dir='ltr'>παρανόο</span> 
     </span>
    </p>
   </div>
   <div class='ocr_carea' id='block_1_30' title="bbox 2373 1503 3956 1575">
    <p class='ocr_par' dir='ltr' id='par_1_30' title="bbox 2373 1503 3956 1575">
     <span class='ocr_line' id='line_1_30' title="bbox 2373 1503 3956 1575; baseline 0.002 -21"><span class='ocrx_word' id='word_1_182' title='bbox 2373 1520 2487 1569; x_wconf 90' lang='grc' dir='ltr'>μως</span> <span class='ocrx_word' id='word_1_183' title='bbox 2538 1504 2665 1564; x_wconf 72' lang='grc' dir='ltr'>τοὺς</span> <span class='ocrx_word' id='word_1_184' title='bbox 2721 1503 3114 1564; x_wconf 81' lang='grc' dir='ltr'>Μακκαϐαίους</span> <span class='ocrx_word' id='word_1_185' title='bbox 3170 1503 3514 1575; x_wconf 72' lang='grc' dir='ltr'>μαρτύριον*</span> <span class='ocrx_word' id='word_1_186' title='bbox 3566 1506 3760 1557; x_wconf 78' lang='grc' dir='ltr'>καὶσὺ</span> <span class='ocrx_word' id='word_1_187' title='bbox 3808 1505 3956 1575; x_wconf 77' lang='grc' dir='ltr'>ὑπὲρ</span> 
     </span>
    </p>
   </div>
   <div class='ocr_carea' id='block_1_31' title="bbox 2366 1592 3953 1666">
    <p class='ocr_par' dir='ltr' id='par_1_31' title="bbox 2366 1592 3953 1666">
     <span class='ocr_line' id='line_1_31' title="bbox 2366 1592 3953 1666; baseline 0.003 -22"><span class='ocrx_word' id='word_1_188' title='bbox 2366 1592 2461 1644; x_wconf 89' lang='grc' dir='ltr'>τοῦ</span> <span class='ocrx_word' id='word_1_189' title='bbox 2494 1594 2568 1662; x_wconf 84' lang='grc' dir='ltr'>μὴ</span> <span class='ocrx_word' id='word_1_190' title='bbox 2596 1594 2938 1663; x_wconf 76' lang='grc' dir='ltr'>ἀρνήσασθαι</span> <span class='ocrx_word' id='word_1_191' title='bbox 2971 1596 3207 1662; x_wconf 75' lang='grc' dir='ltr'>Χριστὸν</span> <span class='ocrx_word' id='word_1_192' title='bbox 3247 1596 3704 1666; x_wconf 81' lang='grc' dir='ltr'>ἐγγεγραμμένον</span> <span class='ocrx_word' id='word_1_193' title='bbox 3736 1596 3953 1649; x_wconf 77' lang='grc' dir='ltr'>πανθα-</span> 
     </span>
    </p>
   </div>
   <div class='ocr_carea' id='block_1_32' title="bbox 2368 1687 3954 1759">
    <p class='ocr_par' dir='ltr' id='par_1_32' title="bbox 2368 1687 3954 1759">
     <span class='ocr_line' id='line_1_32' title="bbox 2368 1687 3954 1759; baseline 0.001 -21"><span class='ocrx_word' id='word_1_194' title='bbox 2368 1703 2507 1750; x_wconf 88' lang='grc' dir='ltr'>νων,</span> <span class='ocrx_word' id='word_1_195' title='bbox 2542 1687 2600 1737; x_wconf 83' lang='grc' dir='ltr'>οὑ</span> <span class='ocrx_word' id='word_1_196' title='bbox 2638 1687 2882 1755; x_wconf 87' lang='grc' dir='ltr'>μάρτυς;</span> <span class='ocrx_word' id='word_1_197' title='bbox 2926 1687 3181 1755; x_wconf 80' lang='grc' dir='ltr'>Ἰωάννης</span> <span class='ocrx_word' id='word_1_198' title='bbox 3212 1690 3239 1741; x_wconf 97' lang='lat'>6</span> <span class='ocrx_word' id='word_1_199' title='bbox 3272 1688 3589 1759; x_wconf 83' lang='grc' dir='ltr'>Πρόδρομος</span> <span class='ocrx_word' id='word_1_200' title='bbox 3621 1688 3762 1759; x_wconf 71' lang='grc' dir='ltr'>ὑπὲρ</span> <span class='ocrx_word' id='word_1_201' title='bbox 3797 1689 3954 1754; x_wconf 82' lang='grc' dir='ltr'>ἐλεγ-</span> 
     </span>
    </p>
   </div>
   <div class='ocr_carea' id='block_1_33' title="bbox 2372 1776 3955 1849">
    <p class='ocr_par' dir='ltr' id='par_1_33' title="bbox 2372 1776 3955 1849">
     <span class='ocr_line' id='line_1_33' title="bbox 2372 1776 3955 1849; baseline 0.002 -21"><span class='ocrx_word' id='word_1_202' title='bbox 2372 1776 2473 1845; x_wconf 87' lang='grc' dir='ltr'>μοῦ</span> <span class='ocrx_word' id='word_1_203' title='bbox 2504 1777 2762 1845; x_wconf 77' lang='grc' dir='ltr'>ἀληθείας</span> <span class='ocrx_word' id='word_1_204' title='bbox 2793 1781 2891 1847; x_wconf 83' lang='grc' dir='ltr'>τῆς</span> <span class='ocrx_word' id='word_1_205' title='bbox 2921 1779 3059 1846; x_wconf 80' lang='grc' dir='ltr'>πρὸς</span> <span class='ocrx_word' id='word_1_206' title='bbox 3099 1777 3342 1849; x_wconf 78' lang='grc' dir='ltr'>Ἡρώδην</span> <span class='ocrx_word' id='word_1_207' title='bbox 3366 1780 3788 1849; x_wconf 80' lang='grc' dir='ltr'>τυμπανισθεὶς,</span> <span class='ocrx_word' id='word_1_208' title='bbox 3815 1796 3955 1849; x_wconf 87' lang='grc' dir='ltr'>μαρ-</span> 
     </span>
    </p>
   </div>
   <div class='ocr_carea' id='block_1_34' title="bbox 686 1852 2274 1943">
    <p class='ocr_par' dir='ltr' id='par_1_34' title="bbox 686 1868 2267 1940">
     <span class='ocr_line' id='line_1_34' title="bbox 686 1868 2267 1940; baseline 0.003 -17"><span class='ocrx_word' id='word_1_209' title='bbox 686 1881 984 1940; x_wconf 88' lang='lat' dir='ltr'>martyrum</span> <span class='ocrx_word' id='word_1_210' title='bbox 1033 1878 1415 1923; x_wconf 87' lang='lat' dir='ltr'>ornamentum</span> <span class='ocrx_word' id='word_1_211' title='bbox 1455 1868 1557 1925; x_wconf 82' lang='lat' dir='ltr'>fuit</span> <span class='ocrx_word' id='word_1_212' title='bbox 1591 1888 1604 1923; x_wconf 90' lang='lat'><strong>:</strong></span> <span class='ocrx_word' id='word_1_213' title='bbox 1655 1886 1753 1924; x_wconf 90' lang='lat' dir='ltr'>nec</span> <span class='ocrx_word' id='word_1_214' title='bbox 1795 1872 1905 1926; x_wconf 89' lang='lat' dir='ltr'>eris</span> <span class='ocrx_word' id='word_1_215' title='bbox 1961 1883 2017 1927; x_wconf 92' lang='lat' dir='ltr'>tu</span> <span class='ocrx_word' id='word_1_216' title='bbox 2050 1872 2103 1926; x_wconf 89' lang='lat' dir='ltr'>iu</span> <span class='ocrx_word' id='word_1_217' title='bbox 2143 1873 2267 1927; x_wconf 89' lang='lat' dir='ltr'>albo</span> 
     </span>
    </p>
   </div>
   <div class='ocr_carea' id='block_1_35' title="bbox 2375 1852 3953 1943">
    <p class='ocr_par' dir='ltr' id='par_1_35' title="bbox 2375 1870 3953 1943">
     <span class='ocr_line' id='line_1_35' title="bbox 2375 1870 3953 1943; baseline 0.004 -22"><span class='ocrx_word' id='word_1_218' title='bbox 2375 1870 2550 1939; x_wconf 70' lang='grc' dir='ltr'>τύρων</span> <span class='ocrx_word' id='word_1_219' title='bbox 2592 1870 2888 1941; x_wconf 80' lang='grc' dir='ltr'>διάκοσμος</span> <span class='ocrx_word' id='word_1_220' title='bbox 2912 1889 2927 1903; x_wconf 87' lang='grc'><strong>·</strong></span> <span class='ocrx_word' id='word_1_221' title='bbox 2973 1872 3069 1924; x_wconf 79' lang='grc' dir='ltr'>καὶ</span> <span class='ocrx_word' id='word_1_222' title='bbox 3103 1873 3165 1924; x_wconf 75' lang='grc' dir='ltr'>σὺ</span> <span class='ocrx_word' id='word_1_223' title='bbox 3200 1873 3300 1925; x_wconf 82' lang='grc' dir='ltr'>οὐκ</span> <span class='ocrx_word' id='word_1_224' title='bbox 3327 1875 3388 1924; x_wconf 84' lang='grc' dir='ltr'>ἐν</span> <span class='ocrx_word' id='word_1_225' title='bbox 3430 1872 3666 1943; x_wconf 81' lang='grc' dir='ltr'>μάρτυσι</span> <span class='ocrx_word' id='word_1_226' title='bbox 3698 1873 3953 1941; x_wconf 83' lang='grc' dir='ltr'>θνήσκων</span> 
     </span>
    </p>
   </div>
   <div class='ocr_carea' id='block_1_36' title="bbox 687 1959 2265 2031">
    <p class='ocr_par' dir='ltr' id='par_1_36' title="bbox 687 1959 2265 2031">
     <span class='ocr_line' id='line_1_36' title="bbox 687 1959 2265 2031; baseline 0.001 -15"><span class='ocrx_word' id='word_1_227' title='bbox 687 1972 992 2031; x_wconf 87' lang='lat' dir='ltr'>martyrum</span> <span class='ocrx_word' id='word_1_228' title='bbox 1026 1976 1122 2031; x_wconf 91' lang='lat' dir='ltr'>pro</span> <span class='ocrx_word' id='word_1_229' title='bbox 1155 1959 1377 2016; x_wconf 85' lang='lat' dir='ltr'>Christo</span> <span class='ocrx_word' id='word_1_230' title='bbox 1414 1962 1697 2016; x_wconf 87' lang='lat' dir='ltr'>moriens?</span> <span class='ocrx_word' id='word_1_231' title='bbox 1730 1961 1899 2016; x_wconf 82' lang='lat' dir='ltr'>Nemo</span> <span class='ocrx_word' id='word_1_232' title='bbox 1930 1981 2014 2017; x_wconf 70' lang='lat' dir='ltr'>vos</span> <span class='ocrx_word' id='word_1_233' title='bbox 2049 1964 2265 2017; x_wconf 71' lang='lat' dir='ltr'>seducat</span> 
     </span>
    </p>
   </div>
   <div class='ocr_carea' id='block_1_37' title="bbox 686 2053 2265 2126">
    <p class='ocr_par' dir='ltr' id='par_1_37' title="bbox 686 2053 2265 2126">
     <span class='ocr_line' id='line_1_37' title="bbox 686 2053 2265 2126; baseline 0.004 -21"><span class='ocrx_word' id='word_1_234' title='bbox 686 2055 933 2106; x_wconf 77' lang='lat' dir='ltr'>inanibus</span> <span class='ocrx_word' id='word_1_235' title='bbox 960 2053 1127 2107; x_wconf 76' lang='lat' dir='ltr'>verbis</span> <span class='ocrx_word' id='word_1_236' title='bbox 1156 2069 1175 2107; x_wconf 90' lang='lat'><em>:</em></span> <span class='ocrx_word' id='word_1_237' title='bbox 1214 2066 1427 2123; x_wconf 78' lang='lat' dir='ltr'>propter</span> <span class='ocrx_word' id='word_1_238' title='bbox 1460 2070 1576 2124; x_wconf 77' lang='lat' dir='ltr'>qua:</span> <span class='ocrx_word' id='word_1_239' title='bbox 1628 2057 1762 2108; x_wconf 78' lang='lat' dir='ltr'>venit</span> <span class='ocrx_word' id='word_1_240' title='bbox 1808 2056 1889 2109; x_wconf 89' lang='lat' dir='ltr'>ira</span> <span class='ocrx_word' id='word_1_241' title='bbox 1923 2056 2020 2110; x_wconf 86' lang='lat' dir='ltr'>Dei</span> <span class='ocrx_word' id='word_1_242' title='bbox 2050 2058 2105 2111; x_wconf 88' lang='lat' dir='ltr'>in</span> <span class='ocrx_word' id='word_1_243' title='bbox 2126 2057 2265 2126; x_wconf 71' lang='lat' dir='ltr'>ﬁlios</span> 
     </span>
    </p>
   </div>
   <div class='ocr_carea' id='block_1_38' title="bbox 686 2144 1085 2215">
    <p class='ocr_par' dir='ltr' id='par_1_38' title="bbox 686 2144 1085 2215">
     <span class='ocr_line' id='line_1_38' title="bbox 686 2144 1085 2215; baseline 0.008 -17"><span class='ocrx_word' id='word_1_244' title='bbox 686 2144 987 2215; x_wconf 68' lang='lat' dir='ltr'>«li/ﬁdentia:</span> <span class='ocrx_word' id='word_1_245' title='bbox 1017 2148 1085 2200; x_wconf 83' lang='lat'>&quot;.</span> 
     </span>
    </p>
   </div>
   <div class='ocr_carea' id='block_1_39' title="bbox 758 2237 2268 2311">
    <p class='ocr_par' dir='ltr' id='par_1_39' title="bbox 758 2237 2268 2311">
     <span class='ocr_line' id='line_1_39' title="bbox 758 2237 2268 2311; baseline 0.003 -20"><span class='ocrx_word' id='word_1_246' title='bbox 758 2237 1060 2308; x_wconf 85' lang='lat' dir='ltr'>Legitimus</span> <span class='ocrx_word' id='word_1_247' title='bbox 1080 2248 1282 2309; x_wconf 84' lang='lat' dir='ltr'>martyr</span> <span class='ocrx_word' id='word_1_248' title='bbox 1306 2248 1390 2295; x_wconf 89' lang='lat' dir='ltr'>est</span> <span class='ocrx_word' id='word_1_249' title='bbox 1418 2240 1513 2310; x_wconf 91' lang='lat' dir='ltr'>qui</span> <span class='ocrx_word' id='word_1_250' title='bbox 1553 2243 1845 2295; x_wconf 86' lang='lat' dir='ltr'>conlitetur</span> <span class='ocrx_word' id='word_1_251' title='bbox 1874 2259 1887 2293; x_wconf 91' lang='lat'><strong>:</strong></span> <span class='ocrx_word' id='word_1_252' title='bbox 1924 2251 1976 2294; x_wconf 90' lang='lat' dir='ltr'>et</span> <span class='ocrx_word' id='word_1_253' title='bbox 2006 2256 2069 2296; x_wconf 89' lang='lat' dir='ltr'>eo</span> <span class='ocrx_word' id='word_1_254' title='bbox 2096 2243 2268 2311; x_wconf 89' lang='lat' dir='ltr'>magis</span> 
     </span>
    </p>
   </div>
   <div class='ocr_carea' id='block_1_40' title="bbox 685 2330 2270 2399">
    <p class='ocr_par' dir='ltr' id='par_1_40' title="bbox 685 2330 2270 2399">
     <span class='ocr_line' id='line_1_40' title="bbox 685 2330 2270 2399; baseline 0.004 -17"><span class='ocrx_word' id='word_1_255' title='bbox 685 2345 795 2397; x_wconf 88' lang='lat' dir='ltr'>quo</span> <span class='ocrx_word' id='word_1_256' title='bbox 825 2330 1075 2399; x_wconf 88' lang='lat' dir='ltr'>pluribus</span> <span class='ocrx_word' id='word_1_257' title='bbox 1118 2340 1348 2385; x_wconf 77' lang='lat' dir='ltr'>vexatur</span> <span class='ocrx_word' id='word_1_258' title='bbox 1376 2332 1555 2385; x_wconf 88' lang='lat' dir='ltr'>malis.</span> <span class='ocrx_word' id='word_1_259' title='bbox 1590 2330 1811 2386; x_wconf 83' lang='lat' dir='ltr'>Minime</span> <span class='ocrx_word' id='word_1_260' title='bbox 1847 2348 1941 2387; x_wconf 87' lang='lat' dir='ltr'>vos</span> <span class='ocrx_word' id='word_1_261' title='bbox 1982 2335 2270 2388; x_wconf 82' lang='lat' dir='ltr'>conturbet</span> 
     </span>
    </p>
   </div>
   <div class='ocr_carea' id='block_1_41' title="bbox 687 2422 2267 2496">
    <p class='ocr_par' dir='ltr' id='par_1_41' title="bbox 687 2422 2267 2496">
     <span class='ocr_line' id='line_1_41' title="bbox 687 2422 2267 2496; baseline 0.005 -23"><span class='ocrx_word' id='word_1_262' title='bbox 687 2422 905 2477; x_wconf 67' lang='lat' dir='ltr'>iluratio</span> <span class='ocrx_word' id='word_1_263' title='bbox 954 2423 1351 2492; x_wconf 87' lang='lat' dir='ltr'>persecutionis</span> <span class='ocrx_word' id='word_1_264' title='bbox 1387 2441 1401 2479; x_wconf 86' lang='lat'>:</span> <span class='ocrx_word' id='word_1_265' title='bbox 1445 2425 1586 2478; x_wconf 90' lang='lat' dir='ltr'>haud</span> <span class='ocrx_word' id='word_1_266' title='bbox 1635 2427 1835 2481; x_wconf 88' lang='lat' dir='ltr'>multos</span> <span class='ocrx_word' id='word_1_267' title='bbox 1878 2441 2054 2481; x_wconf 90' lang='lat' dir='ltr'>annos</span> <span class='ocrx_word' id='word_1_268' title='bbox 2088 2438 2267 2496; x_wconf 79' lang='lat' dir='ltr'>pertu-</span> 
     </span>
    </p>
   </div>
   <div class='ocr_carea' id='block_1_42' title="bbox 687 2514 2267 2585">
    <p class='ocr_par' dir='ltr' id='par_1_42' title="bbox 687 2514 2267 2585">
     <span class='ocr_line' id='line_1_42' title="bbox 687 2514 2267 2585; baseline 0.004 -19"><span class='ocrx_word' id='word_1_269' title='bbox 687 2514 871 2578; x_wconf 89' lang='lat' dir='ltr'>limus,</span> <span class='ocrx_word' id='word_1_270' title='bbox 907 2524 968 2569; x_wconf 93' lang='lat' dir='ltr'>ut</span> <span class='ocrx_word' id='word_1_271' title='bbox 1011 2516 1218 2585; x_wconf 88' lang='lat' dir='ltr'>antiqui</span> <span class='ocrx_word' id='word_1_272' title='bbox 1258 2516 1387 2570; x_wconf 92' lang='lat' dir='ltr'>olim</span> <span class='ocrx_word' id='word_1_273' title='bbox 1419 2516 1783 2571; x_wconf 86' lang='lat' dir='ltr'>confessores.</span> <span class='ocrx_word' id='word_1_274' title='bbox 1836 2516 2087 2572; x_wconf 86' lang='lat' dir='ltr'>Nondum</span> <span class='ocrx_word' id='word_1_275' title='bbox 2135 2534 2267 2572; x_wconf 85' lang='lat' dir='ltr'>exa-</span> 
     </span>
    </p>
   </div>
   <div class='ocr_carea' id='block_1_43' title="bbox 686 2606 2270 2677">
    <p class='ocr_par' dir='ltr' id='par_1_43' title="bbox 686 2606 2270 2677">
     <span class='ocr_line' id='line_1_43' title="bbox 686 2606 2270 2677; baseline 0.004 -19"><span class='ocrx_word' id='word_1_276' title='bbox 686 2607 876 2661; x_wconf 84' lang='lat' dir='ltr'>minati</span> <span class='ocrx_word' id='word_1_277' title='bbox 908 2606 1113 2661; x_wconf 77' lang='lat' dir='ltr'>luimus</span> <span class='ocrx_word' id='word_1_278' title='bbox 1154 2609 1393 2676; x_wconf 88' lang='lat' dir='ltr'>legitimo</span> <span class='ocrx_word' id='word_1_279' title='bbox 1424 2608 1546 2677; x_wconf 82' lang='lat' dir='ltr'>igne</span> <span class='ocrx_word' id='word_1_280' title='bbox 1574 2610 1974 2677; x_wconf 69' lang='lat' dir='ltr'>probatissimae</span> <span class='ocrx_word' id='word_1_281' title='bbox 2010 2612 2270 2665; x_wconf 86' lang='lat' dir='ltr'>tentatio-</span> 
     </span>
    </p>
   </div>
   <div class='ocr_carea' id='block_1_44' title="bbox 688 2699 2271 2771">
    <p class='ocr_par' dir='ltr' id='par_1_44' title="bbox 688 2699 2271 2771">
     <span class='ocr_line' id='line_1_44' title="bbox 688 2699 2271 2771; baseline 0.003 -20"><span class='ocrx_word' id='word_1_282' title='bbox 688 2700 773 2753; x_wconf 90' lang='lat' dir='ltr'>nis</span> <span class='ocrx_word' id='word_1_283' title='bbox 809 2716 823 2753; x_wconf 91' lang='lat'><strong>:</strong></span> <span class='ocrx_word' id='word_1_284' title='bbox 873 2700 1050 2753; x_wconf 89' lang='lat' dir='ltr'>adhuc</span> <span class='ocrx_word' id='word_1_285' title='bbox 1084 2699 1376 2755; x_wconf 87' lang='lat' dir='ltr'>admistum</span> <span class='ocrx_word' id='word_1_286' title='bbox 1420 2708 1503 2753; x_wconf 88' lang='lat' dir='ltr'>est</span> <span class='ocrx_word' id='word_1_287' title='bbox 1546 2701 1849 2768; x_wconf 80' lang='lat' dir='ltr'>plumbum,</span> <span class='ocrx_word' id='word_1_288' title='bbox 1906 2702 2085 2755; x_wconf 89' lang='lat' dir='ltr'>adhuc</span> <span class='ocrx_word' id='word_1_289' title='bbox 2138 2717 2271 2771; x_wconf 81' lang='lat' dir='ltr'>ruga</span> 
     </span>
    </p>
   </div>
   <div class='ocr_carea' id='block_1_45' title="bbox 687 2788 2271 2862">
    <p class='ocr_par' dir='ltr' id='par_1_45' title="bbox 687 2788 2271 2862">
     <span class='ocr_line' id='line_1_45' title="bbox 687 2788 2271 2862; baseline 0.001 -19"><span class='ocrx_word' id='word_1_290' title='bbox 687 2792 989 2859; x_wconf 84' lang='lat' dir='ltr'>peccatrix.</span> <span class='ocrx_word' id='word_1_291' title='bbox 1034 2788 1115 2844; x_wconf 86' lang='lat' dir='ltr'>Tu</span> <span class='ocrx_word' id='word_1_292' title='bbox 1147 2791 1270 2860; x_wconf 87' lang='lat' dir='ltr'>quis</span> <span class='ocrx_word' id='word_1_293' title='bbox 1300 2806 1360 2845; x_wconf 91' lang='lat' dir='ltr'>es</span> <span class='ocrx_word' id='word_1_294' title='bbox 1392 2792 1482 2859; x_wconf 91' lang='lat' dir='ltr'>qui</span> <span class='ocrx_word' id='word_1_295' title='bbox 1525 2792 2101 2861; x_wconf 78' lang='lat' dir='ltr'>incomprehensorum</span> <span class='ocrx_word' id='word_1_296' title='bbox 2128 2793 2271 2862; x_wconf 83' lang='lat' dir='ltr'>judi-</span> 
     </span>
    </p>
   </div>
   <div class='ocr_carea' id='block_1_46' title="bbox 686 2880 2273 2953">
    <p class='ocr_par' dir='ltr' id='par_1_46' title="bbox 686 2880 2273 2953">
     <span class='ocr_line' id='line_1_46' title="bbox 686 2880 2273 2953; baseline 0.002 -19"><span class='ocrx_word' id='word_1_297' title='bbox 686 2880 896 2934; x_wconf 91' lang='lat' dir='ltr'>ciornm</span> <span class='ocrx_word' id='word_1_298' title='bbox 955 2880 1228 2951; x_wconf 79' lang='lat' dir='ltr'>profunda</span> <span class='ocrx_word' id='word_1_299' title='bbox 1280 2881 1754 2947; x_wconf 76' lang='lat' dir='ltr'>scruteris?Qn¢e</span> <span class='ocrx_word' id='word_1_300' title='bbox 1808 2884 1904 2937; x_wconf 82' lang='lat' dir='ltr'>tibi</span> <span class='ocrx_word' id='word_1_301' title='bbox 1958 2885 2273 2953; x_wconf 72' lang='lat' dir='ltr'>prcescripta</span> 
     </span>
    </p>
   </div>
   <div class='ocr_carea' id='block_1_47' title="bbox 687 2972 2275 3045">
    <p class='ocr_par' dir='ltr' id='par_1_47' title="bbox 687 2972 2275 3045">
     <span class='ocr_line' id='line_1_47' title="bbox 687 2972 2275 3045; baseline 0.003 -19"><span class='ocrx_word' id='word_1_302' title='bbox 687 2983 834 3035; x_wconf 73' lang='lat' dir='ltr'>sunt,</span> <span class='ocrx_word' id='word_1_303' title='bbox 866 2973 966 3026; x_wconf 84' lang='lat' dir='ltr'>illa</span> <span class='ocrx_word' id='word_1_304' title='bbox 1013 2974 1188 3043; x_wconf 84' lang='lat' dir='ltr'>cogita</span> <span class='ocrx_word' id='word_1_305' title='bbox 1208 2972 1275 3026; x_wconf 83' lang='lat'>”.</span> <span class='ocrx_word' id='word_1_306' title='bbox 1310 2972 1544 3027; x_wconf 64' lang='lat' dir='ltr'>Abrahae</span> <span class='ocrx_word' id='word_1_307' title='bbox 1578 2990 1763 3029; x_wconf 82' lang='lat' dir='ltr'>semen</span> <span class='ocrx_word' id='word_1_308' title='bbox 1814 2976 1965 3042; x_wconf 91' lang='lat' dir='ltr'>illud,</span> <span class='ocrx_word' id='word_1_309' title='bbox 2002 2977 2090 3031; x_wconf 91' lang='lat' dir='ltr'>cui</span> <span class='ocrx_word' id='word_1_310' title='bbox 2148 2992 2275 3045; x_wconf 83' lang='lat' dir='ltr'>pro-</span> 
     </span>
    </p>
   </div>
   <div class='ocr_carea' id='block_1_48' title="bbox 689 3063 2274 3133">
    <p class='ocr_par' dir='ltr' id='par_1_48' title="bbox 689 3063 2274 3133">
     <span class='ocr_line' id='line_1_48' title="bbox 689 3063 2274 3133; baseline 0.003 -13"><span class='ocrx_word' id='word_1_311' title='bbox 689 3066 880 3133; x_wconf 83' lang='lat' dir='ltr'>missa,</span> <span class='ocrx_word' id='word_1_312' title='bbox 926 3064 1019 3119; x_wconf 91' lang='lat' dir='ltr'>Dei</span> <span class='ocrx_word' id='word_1_313' title='bbox 1077 3063 1475 3129; x_wconf 88' lang='lat' dir='ltr'>benedictione,</span> <span class='ocrx_word' id='word_1_314' title='bbox 1532 3076 1689 3121; x_wconf 65' lang='lat' dir='ltr'>terra:</span> <span class='ocrx_word' id='word_1_315' title='bbox 1731 3077 1931 3122; x_wconf 71' lang='lat' dir='ltr'>sanctae</span> <span class='ocrx_word' id='word_1_316' title='bbox 1981 3068 2274 3125; x_wconf 64' lang='lat' dir='ltr'>haereditas</span> 
     </span>
    </p>
   </div>
   <div class='ocr_carea' id='block_1_49' title="bbox 689 3157 2273 3229">
    <p class='ocr_par' dir='ltr' id='par_1_49' title="bbox 689 3157 2273 3229">
     <span class='ocr_line' id='line_1_49' title="bbox 689 3157 2273 3229; baseline 0.003 -18"><span class='ocrx_word' id='word_1_317' title='bbox 689 3160 891 3221; x_wconf 80' lang='lat' dir='ltr'>fuerat,</span> <span class='ocrx_word' id='word_1_318' title='bbox 966 3157 1382 3228; x_wconf 82' lang='lat' dir='ltr'>quadringentis</span> <span class='ocrx_word' id='word_1_319' title='bbox 1454 3159 1675 3229; x_wconf 88' lang='lat' dir='ltr'>triginta</span> <span class='ocrx_word' id='word_1_320' title='bbox 1743 3162 1903 3215; x_wconf 85' lang='lat' dir='ltr'>annis</span> <span class='ocrx_word' id='word_1_321' title='bbox 1967 3158 2273 3216; x_wconf 84' lang='lat' dir='ltr'>Pharaonis</span> 
     </span>
    </p>
   </div>
   <div class='ocr_carea' id='block_1_50' title="bbox 688 3247 2346 3321">
    <p class='ocr_par' dir='ltr' id='par_1_50' title="bbox 688 3247 2346 3321">
     <span class='ocr_line' id='line_1_50' title="bbox 688 3247 2346 3321; baseline 0 -16"><span class='ocrx_word' id='word_1_322' title='bbox 688 3266 861 3305; x_wconf 88' lang='lat' dir='ltr'>manu</span> <span class='ocrx_word' id='word_1_323' title='bbox 924 3254 1244 3305; x_wconf 82' lang='lat' dir='ltr'>servitutem</span> <span class='ocrx_word' id='word_1_324' title='bbox 1302 3251 1510 3305; x_wconf 88' lang='lat' dir='ltr'>servire</span> <span class='ocrx_word' id='word_1_325' title='bbox 1560 3250 1702 3305; x_wconf 86' lang='lat' dir='ltr'>Deus</span> <span class='ocrx_word' id='word_1_326' title='bbox 1744 3254 2007 3321; x_wconf 87' lang='lat' dir='ltr'>permisit.</span> <span class='ocrx_word' id='word_1_327' title='bbox 2071 3253 2272 3307; x_wconf 83' lang='lat' dir='ltr'>Christi</span> <span class='ocrx_word' id='word_1_328' title='bbox 2301 3247 2346 3269; x_wconf 82' lang='lat'><strong><em>“</em></strong></span> 
     </span>
    </p>
   </div>
   <div class='ocr_carea' id='block_1_51' title="bbox 692 3342 2272 3413">
    <p class='ocr_par' dir='ltr' id='par_1_51' title="bbox 692 3342 2272 3413">
     <span class='ocr_line' id='line_1_51' title="bbox 692 3342 2272 3413; baseline 0.001 -15"><span class='ocrx_word' id='word_1_329' title='bbox 692 3343 932 3399; x_wconf 73' lang='lat' dir='ltr'>Ecclesia</span> <span class='ocrx_word' id='word_1_330' title='bbox 984 3344 1052 3397; x_wconf 91' lang='lat' dir='ltr'>ab</span> <span class='ocrx_word' id='word_1_331' title='bbox 1101 3342 1475 3412; x_wconf 86' lang='lat' dir='ltr'>apostolorum</span> <span class='ocrx_word' id='word_1_332' title='bbox 1531 3344 1917 3412; x_wconf 70' lang='lat' dir='ltr'>prredieatiune</span> <span class='ocrx_word' id='word_1_333' title='bbox 1982 3361 2153 3413; x_wconf 81' lang='lat' dir='ltr'>usque</span> <span class='ocrx_word' id='word_1_334' title='bbox 2205 3347 2272 3399; x_wconf 90' lang='lat' dir='ltr'>ad</span> 
     </span>
    </p>
   </div>
   <div class='ocr_carea' id='block_1_52' title="bbox 691 3436 2275 3509">
    <p class='ocr_par' dir='ltr' id='par_1_52' title="bbox 691 3436 2275 3509">
     <span class='ocr_line' id='line_1_52' title="bbox 691 3436 2275 3509; baseline 0.001 -17"><span class='ocrx_word' id='word_1_335' title='bbox 691 3438 1137 3504; x_wconf 82' lang='lat' dir='ltr'>ConStantinum,</span> <span class='ocrx_word' id='word_1_336' title='bbox 1192 3436 1427 3506; x_wconf 88' lang='lat' dir='ltr'>primum</span> <span class='ocrx_word' id='word_1_337' title='bbox 1471 3436 1908 3493; x_wconf 87' lang='lat' dir='ltr'>Christianorum</span> <span class='ocrx_word' id='word_1_338' title='bbox 1947 3456 2150 3509; x_wconf 86' lang='lat' dir='ltr'>regem,</span> <span class='ocrx_word' id='word_1_339' title='bbox 2180 3458 2275 3495; x_wconf 92' lang='lat' dir='ltr'>su-</span> 
     </span>
    </p>
   </div>
   <div class='ocr_carea' id='block_1_53' title="bbox 695 3529 2275 3603">
    <p class='ocr_par' dir='ltr' id='par_1_53' title="bbox 695 3529 2275 3603">
     <span class='ocr_line' id='line_1_53' title="bbox 695 3529 2275 3603; baseline 0.003 -19"><span class='ocrx_word' id='word_1_340' title='bbox 695 3549 790 3601; x_wconf 86' lang='lat' dir='ltr'>pra</span> <span class='ocrx_word' id='word_1_341' title='bbox 826 3547 999 3585; x_wconf 88' lang='lat' dir='ltr'>annos</span> <span class='ocrx_word' id='word_1_342' title='bbox 1040 3529 1307 3585; x_wconf 88' lang='lat' dir='ltr'>ducentos</span> <span class='ocrx_word' id='word_1_343' title='bbox 1349 3546 1507 3599; x_wconf 87' lang='lat' dir='ltr'>passa</span> <span class='ocrx_word' id='word_1_344' title='bbox 1541 3542 1625 3586; x_wconf 90' lang='lat' dir='ltr'>est</span> <span class='ocrx_word' id='word_1_345' title='bbox 1666 3531 1987 3587; x_wconf 81' lang='lat' dir='ltr'>frementem</span> <span class='ocrx_word' id='word_1_346' title='bbox 2018 3550 2275 3603; x_wconf 82' lang='lat' dir='ltr'>persecu-</span> 
     </span>
    </p>
   </div>
   <div class='ocr_carea' id='block_1_54' title="bbox 693 3622 2272 3694">
    <p class='ocr_par' dir='ltr' id='par_1_54' title="bbox 693 3622 2272 3694">
     <span class='ocr_line' id='line_1_54' title="bbox 693 3622 2272 3694; baseline 0.002 -16"><span class='ocrx_word' id='word_1_347' title='bbox 693 3624 917 3678; x_wconf 81' lang='lat' dir='ltr'>tionem.</span> <span class='ocrx_word' id='word_1_348' title='bbox 945 3622 1047 3689; x_wconf 85' lang='lat' dir='ltr'>Qui</span> <span class='ocrx_word' id='word_1_349' title='bbox 1080 3624 1252 3679; x_wconf 83' lang='lat' dir='ltr'>secuti</span> <span class='ocrx_word' id='word_1_350' title='bbox 1278 3635 1425 3690; x_wconf 90' lang='lat' dir='ltr'>sunt,</span> <span class='ocrx_word' id='word_1_351' title='bbox 1450 3626 1732 3679; x_wconf 86' lang='lat' dir='ltr'>remissam</span> <span class='ocrx_word' id='word_1_352' title='bbox 1755 3626 1997 3694; x_wconf 85' lang='lat' dir='ltr'>quidem,</span> <span class='ocrx_word' id='word_1_353' title='bbox 2036 3636 2272 3681; x_wconf 82' lang='lat' dir='ltr'>attamen</span> 
     </span>
    </p>
   </div>
   <div class='ocr_carea' id='block_1_55' title="bbox 691 3718 2276 3788">
    <p class='ocr_par' dir='ltr' id='par_1_55' title="bbox 691 3718 2276 3788">
     <span class='ocr_line' id='line_1_55' title="bbox 691 3718 2276 3788; baseline 0.003 -18"><span class='ocrx_word' id='word_1_354' title='bbox 691 3718 1091 3771; x_wconf 85' lang='lat' dir='ltr'>diuturniOrem</span> <span class='ocrx_word' id='word_1_355' title='bbox 1125 3718 1272 3787; x_wconf 89' lang='lat' dir='ltr'>passi</span> <span class='ocrx_word' id='word_1_356' title='bbox 1315 3729 1445 3773; x_wconf 88' lang='lat' dir='ltr'>sunt</span> <span class='ocrx_word' id='word_1_357' title='bbox 1478 3737 1489 3773; x_wconf 90' lang='lat'>:</span> <span class='ocrx_word' id='word_1_358' title='bbox 1523 3729 1887 3788; x_wconf 64' lang='lat' dir='ltr'>praeterquam</span> <span class='ocrx_word' id='word_1_359' title='bbox 1923 3720 2025 3773; x_wconf 92' lang='lat' dir='ltr'>sub</span> <span class='ocrx_word' id='word_1_360' title='bbox 2055 3719 2276 3774; x_wconf 85' lang='lat' dir='ltr'>Juliano</span> 
     </span>
    </p>
   </div>
   <div class='ocr_carea' id='block_1_56' title="bbox 694 3810 2276 3883">
    <p class='ocr_par' dir='ltr' id='par_1_56' title="bbox 694 3810 2276 3883">
     <span class='ocr_line' id='line_1_56' title="bbox 694 3810 2276 3883; baseline 0.002 -21"><span class='ocrx_word' id='word_1_361' title='bbox 694 3819 967 3879; x_wconf 88' lang='lat' dir='ltr'>apostata.</span> <span class='ocrx_word' id='word_1_362' title='bbox 1002 3810 1205 3865; x_wconf 87' lang='lat' dir='ltr'>Paulus</span> <span class='ocrx_word' id='word_1_363' title='bbox 1242 3827 1475 3883; x_wconf 87' lang='lat' dir='ltr'>magnus</span> <span class='ocrx_word' id='word_1_364' title='bbox 1510 3811 1670 3865; x_wconf 87' lang='lat' dir='ltr'>annis</span> <span class='ocrx_word' id='word_1_365' title='bbox 1699 3812 1941 3880; x_wconf 81' lang='lat' dir='ltr'>quinque</span> <span class='ocrx_word' id='word_1_366' title='bbox 1976 3821 2030 3864; x_wconf 88' lang='lat' dir='ltr'>et</span> <span class='ocrx_word' id='word_1_367' title='bbox 2061 3813 2276 3881; x_wconf 84' lang='lat' dir='ltr'>triginta</span> 
     </span>
    </p>
   </div>
   <div class='ocr_carea' id='block_1_57' title="bbox 694 3903 2275 3973">
    <p class='ocr_par' dir='ltr' id='par_1_57' title="bbox 694 3903 2275 3973">
     <span class='ocr_line' id='line_1_57' title="bbox 694 3903 2275 3973; baseline 0.001 -17"><span class='ocrx_word' id='word_1_368' title='bbox 694 3904 1131 3973; x_wconf 86' lang='lat' dir='ltr'>persecutionem</span> <span class='ocrx_word' id='word_1_369' title='bbox 1184 3904 1426 3972; x_wconf 88' lang='lat' dir='ltr'>pertulit,</span> <span class='ocrx_word' id='word_1_370' title='bbox 1464 3904 1707 3972; x_wconf 86' lang='lat' dir='ltr'>quotidie</span> <span class='ocrx_word' id='word_1_371' title='bbox 1738 3903 1979 3956; x_wconf 85' lang='lat' dir='ltr'>moriens</span> <span class='ocrx_word' id='word_1_372' title='bbox 2008 3904 2054 3933; x_wconf 74' lang='lat'><strong>&quot;</strong></span> <span class='ocrx_word' id='word_1_373' title='bbox 2084 3923 2097 3957; x_wconf 91' lang='lat'><strong>:</strong></span> <span class='ocrx_word' id='word_1_374' title='bbox 2131 3913 2184 3957; x_wconf 88' lang='lat' dir='ltr'>et</span> <span class='ocrx_word' id='word_1_375' title='bbox 2218 3914 2275 3957; x_wconf 91' lang='lat' dir='ltr'>tu</span> 
     </span>
    </p>
   </div>
   <div class='ocr_carea' id='block_1_58' title="bbox 696 3994 2279 4065">
    <p class='ocr_par' dir='ltr' id='par_1_58' title="bbox 696 3994 2279 4065">
     <span class='ocr_line' id='line_1_58' title="bbox 696 3994 2279 4065; baseline 0 -18"><span class='ocrx_word' id='word_1_376' title='bbox 696 3996 944 4065; x_wconf 88' lang='lat' dir='ltr'>quinque</span> <span class='ocrx_word' id='word_1_377' title='bbox 976 4011 1245 4049; x_wconf 87' lang='lat' dir='ltr'>annorum</span> <span class='ocrx_word' id='word_1_378' title='bbox 1283 3996 1459 4065; x_wconf 90' lang='lat' dir='ltr'>spatio</span> <span class='ocrx_word' id='word_1_379' title='bbox 1487 3995 1756 4063; x_wconf 87' lang='lat' dir='ltr'>langues?</span> <span class='ocrx_word' id='word_1_380' title='bbox 1784 3994 2042 4049; x_wconf 86' lang='lat' dir='ltr'>Clemens</span> <span class='ocrx_word' id='word_1_381' title='bbox 2075 3995 2279 4048; x_wconf 89' lang='lat' dir='ltr'>multo-</span> 
     </span>
    </p>
   </div>
   <div class='ocr_carea' id='block_1_59' title="bbox 697 4085 2281 4156">
    <p class='ocr_par' dir='ltr' id='par_1_59' title="bbox 697 4085 2281 4156">
     <span class='ocr_line' id='line_1_59' title="bbox 697 4085 2281 4156; baseline -0.001 -15"><span class='ocrx_word' id='word_1_382' title='bbox 697 4102 820 4141; x_wconf 87' lang='lat' dir='ltr'>rum</span> <span class='ocrx_word' id='word_1_383' title='bbox 887 4088 1252 4141; x_wconf 88' lang='lat' dir='ltr'>certaminum</span> <span class='ocrx_word' id='word_1_384' title='bbox 1306 4087 1390 4141; x_wconf 92' lang='lat' dir='ltr'>vir</span> <span class='ocrx_word' id='word_1_385' title='bbox 1445 4087 1497 4141; x_wconf 92' lang='lat' dir='ltr'>in</span> <span class='ocrx_word' id='word_1_386' title='bbox 1554 4096 1817 4156; x_wconf 86' lang='lat' dir='ltr'>perpetuo</span> <span class='ocrx_word' id='word_1_387' title='bbox 1869 4087 2130 4155; x_wconf 87' lang='lat' dir='ltr'>martyrio</span> <span class='ocrx_word' id='word_1_388' title='bbox 2181 4085 2281 4139; x_wconf 83' lang='lat' dir='ltr'>fuit</span> 
     </span>
    </p>
   </div>
   <div class='ocr_carea' id='block_1_60' title="bbox 699 4164 2280 4249">
    <p class='ocr_par' dir='ltr' id='par_1_60' title="bbox 699 4164 2280 4249">
     <span class='ocr_line' id='line_1_60' title="bbox 699 4164 2280 4249; baseline 0 -18"><span class='ocrx_word' id='word_1_389' title='bbox 699 4179 890 4249; x_wconf 87' lang='lat' dir='ltr'>viginti</span> <span class='ocrx_word' id='word_1_390' title='bbox 920 4188 1047 4232; x_wconf 91' lang='lat' dir='ltr'>octo</span> <span class='ocrx_word' id='word_1_391' title='bbox 1071 4178 1231 4232; x_wconf 89' lang='lat' dir='ltr'>annis</span> <span class='ocrx_word' id='word_1_392' title='bbox 1264 4196 1277 4233; x_wconf 91' lang='lat'><strong>:</strong></span> <span class='ocrx_word' id='word_1_393' title='bbox 1326 4186 1380 4233; x_wconf 92' lang='lat' dir='ltr'>et</span> <span class='ocrx_word' id='word_1_394' title='bbox 1412 4164 1494 4232; x_wconf 43' lang='lat' dir='ltr'>tu.</span> <span class='ocrx_word' id='word_1_395' title='bbox 1517 4178 1658 4231; x_wconf 88' lang='lat' dir='ltr'>intra</span> <span class='ocrx_word' id='word_1_396' title='bbox 1707 4192 1913 4247; x_wconf 90' lang='lat' dir='ltr'>paucos</span> <span class='ocrx_word' id='word_1_397' title='bbox 1944 4177 2133 4231; x_wconf 89' lang='lat' dir='ltr'>delicis</span> <span class='ocrx_word' id='word_1_398' title='bbox 2164 4178 2186 4229; x_wconf 91' lang='lat'><strong>?</strong></span> <span class='ocrx_word' id='word_1_399' title='bbox 2217 4176 2280 4231; x_wconf 86' lang='lat' dir='ltr'>Et</span> 
     </span>
    </p>
   </div>
   <div class='ocr_carea' id='block_1_61' title="bbox 700 4270 2279 4339">
    <p class='ocr_par' dir='ltr' id='par_1_61' title="bbox 700 4270 2279 4339">
     <span class='ocr_line' id='line_1_61' title="bbox 700 4270 2279 4339; baseline 0 -18"><span class='ocrx_word' id='word_1_400' title='bbox 700 4270 846 4339; x_wconf 86' lang='lat' dir='ltr'>quod</span> <span class='ocrx_word' id='word_1_401' title='bbox 880 4270 1013 4322; x_wconf 91' lang='lat' dir='ltr'>mihi</span> <span class='ocrx_word' id='word_1_402' title='bbox 1062 4282 1274 4338; x_wconf 87' lang='lat' dir='ltr'>tempus</span> <span class='ocrx_word' id='word_1_403' title='bbox 1305 4270 1439 4324; x_wconf 86' lang='lat' dir='ltr'>satis</span> <span class='ocrx_word' id='word_1_404' title='bbox 1465 4271 1535 4323; x_wconf 86' lang='lat' dir='ltr'>sit</span> <span class='ocrx_word' id='word_1_405' title='bbox 1576 4270 1642 4323; x_wconf 89' lang='lat' dir='ltr'>ad</span> <span class='ocrx_word' id='word_1_406' title='bbox 1666 4270 1803 4323; x_wconf 91' lang='lat' dir='ltr'>alios</span> <span class='ocrx_word' id='word_1_407' title='bbox 1830 4280 2095 4338; x_wconf 86' lang='lat' dir='ltr'>martyres</span> <span class='ocrx_word' id='word_1_408' title='bbox 2126 4284 2279 4322; x_wconf 85' lang='lat' dir='ltr'>eom-</span> 
     </span>
    </p>
   </div>
   <div class='ocr_carea' id='block_1_62' title="bbox 702 4359 2282 4415">
    <p class='ocr_par' dir='ltr' id='par_1_62' title="bbox 702 4359 2282 4415">
     <span class='ocr_line' id='line_1_62' title="bbox 702 4359 2282 4415; baseline 0 -1"><span class='ocrx_word' id='word_1_409' title='bbox 702 4362 1142 4415; x_wconf 78' lang='lat' dir='ltr'>memorandos?</span> <span class='ocrx_word' id='word_1_410' title='bbox 1182 4359 1299 4415; x_wconf 75' lang='lat' dir='ltr'>Non</span> <span class='ocrx_word' id='word_1_411' title='bbox 1360 4361 1558 4415; x_wconf 89' lang='lat' dir='ltr'>audisti</span> <span class='ocrx_word' id='word_1_412' title='bbox 1612 4362 1983 4415; x_wconf 68' lang='lat' dir='ltr'>sull‘erentium</span> <span class='ocrx_word' id='word_1_413' title='bbox 2032 4359 2133 4414; x_wconf 80' lang='lat' dir='ltr'>Joh</span> <span class='ocrx_word' id='word_1_414' title='bbox 2176 4361 2223 4391; x_wconf 85' lang='lat'><strong>&quot;</strong></span> <span class='ocrx_word' id='word_1_415' title='bbox 2259 4361 2282 4414; x_wconf 81' lang='lat'><strong>?</strong></span> 
     </span>
    </p>
   </div>
   <div class='ocr_carea' id='block_1_63' title="bbox 701 4452 2281 4523">
    <p class='ocr_par' dir='ltr' id='par_1_63' title="bbox 701 4452 2281 4523">
     <span class='ocr_line' id='line_1_63' title="bbox 701 4452 2281 4523; baseline 0.001 -18"><span class='ocrx_word' id='word_1_416' title='bbox 701 4452 893 4507; x_wconf 81' lang='lat' dir='ltr'>Nonne</span> <span class='ocrx_word' id='word_1_417' title='bbox 932 4454 1093 4506; x_wconf 89' lang='lat' dir='ltr'>anuis</span> <span class='ocrx_word' id='word_1_418' title='bbox 1122 4453 1435 4523; x_wconf 89' lang='lat' dir='ltr'>quindecim</span> <span class='ocrx_word' id='word_1_419' title='bbox 1489 4462 1543 4507; x_wconf 88' lang='lat' dir='ltr'>et</span> <span class='ocrx_word' id='word_1_420' title='bbox 1602 4453 1839 4522; x_wconf 89' lang='lat' dir='ltr'>amplius</span> <span class='ocrx_word' id='word_1_421' title='bbox 1900 4453 2080 4506; x_wconf 87' lang='lat' dir='ltr'>ulcere</span> <span class='ocrx_word' id='word_1_422' title='bbox 2131 4454 2281 4522; x_wconf 86' lang='lat' dir='ltr'>gravi</span> 
     </span>
    </p>
   </div>
   <div class='ocr_carea' id='block_1_64' title="bbox 2370 1963 3954 2033">
    <p class='ocr_par' dir='ltr' id='par_1_64' title="bbox 2370 1963 3954 2033">
     <span class='ocr_line' id='line_1_64' title="bbox 2370 1963 3954 2033; baseline 0.001 -18"><span class='ocrx_word' id='word_1_423' title='bbox 2370 1963 2509 2033; x_wconf 83' lang='grc' dir='ltr'>ὑπὲρ</span> <span class='ocrx_word' id='word_1_424' title='bbox 2565 1964 2832 2033; x_wconf 84' lang='grc' dir='ltr'>Χριστοῦ;</span> <span class='ocrx_word' id='word_1_425' title='bbox 2878 1964 3101 2032; x_wconf 75' lang='grc' dir='ltr'>Μηδεὶς</span> <span class='ocrx_word' id='word_1_426' title='bbox 3156 1963 3307 2032; x_wconf 81' lang='grc' dir='ltr'>ὑμᾶς</span> <span class='ocrx_word' id='word_1_427' title='bbox 3352 1964 3705 2029; x_wconf 80' lang='grc' dir='ltr'>ἐξαπατάτω</span> <span class='ocrx_word' id='word_1_428' title='bbox 3753 1966 3954 2031; x_wconf 76' lang='grc' dir='ltr'>κενοῖς</span> 
     </span>
    </p>
   </div>
   <div class='ocr_carea' id='block_1_65' title="bbox 2365 2054 3951 2125">
    <p class='ocr_par' dir='ltr' id='par_1_65' title="bbox 2365 2054 3951 2125">
     <span class='ocr_line' id='line_1_65' title="bbox 2365 2054 3951 2125; baseline 0.001 -18"><span class='ocrx_word' id='word_1_429' title='bbox 2365 2056 2604 2123; x_wconf 70' lang='grc' dir='ltr'>λόγοις-θ</span> <span class='ocrx_word' id='word_1_430' title='bbox 2659 2054 2734 2107; x_wconf 76' lang='grc' dir='ltr'>δι’</span> <span class='ocrx_word' id='word_1_431' title='bbox 2784 2057 2891 2121; x_wconf 81' lang='grc' dir='ltr'>οὓς</span> <span class='ocrx_word' id='word_1_432' title='bbox 2937 2056 3171 2123; x_wconf 76' lang='grc' dir='ltr'>ἔρχεται</span> <span class='ocrx_word' id='word_1_433' title='bbox 3212 2056 3252 2123; x_wconf 77' lang='grc' dir='ltr'><em>ἠ</em></span> <span class='ocrx_word' id='word_1_434' title='bbox 3307 2055 3454 2125; x_wconf 78' lang='grc' dir='ltr'>ὀργὴ</span> <span class='ocrx_word' id='word_1_435' title='bbox 3502 2056 3610 2111; x_wconf 77' lang='grc' dir='ltr'>τοῦ</span> <span class='ocrx_word' id='word_1_436' title='bbox 3657 2056 3812 2111; x_wconf 88' lang='grc' dir='ltr'>Θεοῦ</span> <span class='ocrx_word' id='word_1_437' title='bbox 3850 2056 3951 2110; x_wconf 73' lang='grc' dir='ltr'>ἐπι</span> 
     </span>
    </p>
   </div>
   <div class='ocr_carea' id='block_1_66' title="bbox 2366 2146 3197 2214">
    <p class='ocr_par' dir='ltr' id='par_1_66' title="bbox 2366 2146 3197 2214">
     <span class='ocr_line' id='line_1_66' title="bbox 2366 2146 3197 2214; baseline 0.005 -17"><span class='ocrx_word' id='word_1_438' title='bbox 2366 2146 2509 2210; x_wconf 82' lang='grc' dir='ltr'>τοὺς</span> <span class='ocrx_word' id='word_1_439' title='bbox 2540 2147 2711 2212; x_wconf 80' lang='grc' dir='ltr'>υἱοὺς</span> <span class='ocrx_word' id='word_1_440' title='bbox 2738 2147 2847 2213; x_wconf 83' lang='grc' dir='ltr'>τῆς</span> <span class='ocrx_word' id='word_1_441' title='bbox 2871 2149 3197 2214; x_wconf 76' lang='grc' dir='ltr'>ἀπειθείας.</span> 
     </span>
    </p>
   </div>
   <div class='ocr_carea' id='block_1_67' title="bbox 2437 2238 3949 2310">
    <p class='ocr_par' dir='ltr' id='par_1_67' title="bbox 2437 2238 3949 2310">
     <span class='ocr_line' id='line_1_67' title="bbox 2437 2238 3949 2310; baseline 0.001 -19"><span class='ocrx_word' id='word_1_442' title='bbox 2437 2238 2664 2307; x_wconf 82' lang='grc' dir='ltr'>Μάρτυς</span> <span class='ocrx_word' id='word_1_443' title='bbox 2710 2241 3148 2309; x_wconf 79' lang='grc' dir='ltr'>ἁπαράγραπτος</span> <span class='ocrx_word' id='word_1_444' title='bbox 3183 2240 3498 2310; x_wconf 79' lang='grc' dir='ltr'>ὁμολογῶν·</span> <span class='ocrx_word' id='word_1_445' title='bbox 3531 2241 3625 2293; x_wconf 61' lang='grc' dir='ltr'>καὶ⁵</span> <span class='ocrx_word' id='word_1_446' title='bbox 3656 2238 3949 2305; x_wconf 79' lang='grc' dir='ltr'>τοσοῦτον,</span> 
     </span>
    </p>
   </div>
   <div class='ocr_carea' id='block_1_68' title="bbox 2368 2329 3951 2403">
    <p class='ocr_par' dir='ltr' id='par_1_68' title="bbox 2368 2329 3951 2403">
     <span class='ocr_line' id='line_1_68' title="bbox 2368 2329 3951 2403; baseline 0.005 -24"><span class='ocrx_word' id='word_1_447' title='bbox 2368 2329 2452 2398; x_wconf 79' lang='grc' dir='ltr'>ἐφ’</span> <span class='ocrx_word' id='word_1_448' title='bbox 2481 2331 2604 2382; x_wconf 80' lang='grc' dir='ltr'>ὅσον</span> <span class='ocrx_word' id='word_1_449' title='bbox 2628 2331 2721 2382; x_wconf 81' lang='grc' dir='ltr'>καὶ</span> <span class='ocrx_word' id='word_1_450' title='bbox 2752 2331 3041 2396; x_wconf 70' lang='grc' dir='ltr'>πλεονάζει</span> <span class='ocrx_word' id='word_1_451' title='bbox 3071 2334 3185 2395; x_wconf 84' lang='grc' dir='ltr'>τοῖς</span> <span class='ocrx_word' id='word_1_452' title='bbox 3211 2333 3523 2403; x_wconf 78' lang='grc' dir='ltr'>παθήμασι.</span> <span class='ocrx_word' id='word_1_453' title='bbox 3556 2333 3646 2403; x_wconf 79' lang='grc' dir='ltr'>Μὴ</span> <span class='ocrx_word' id='word_1_454' title='bbox 3673 2333 3951 2387; x_wconf 76' lang='grc' dir='ltr'>σαλευέτω</span> 
     </span>
    </p>
   </div>
   <div class='ocr_carea' id='block_1_69' title="bbox 2370 2420 3950 2493">
    <p class='ocr_par' dir='ltr' id='par_1_69' title="bbox 2370 2420 3950 2493">
     <span class='ocr_line' id='line_1_69' title="bbox 2370 2420 3950 2493; baseline 0.003 -22"><span class='ocrx_word' id='word_1_455' title='bbox 2370 2420 2513 2488; x_wconf 83' lang='grc' dir='ltr'>ὑμᾶς</span> <span class='ocrx_word' id='word_1_456' title='bbox 2546 2422 2579 2490; x_wconf 79' lang='grc' dir='ltr'>ἡ</span> <span class='ocrx_word' id='word_1_457' title='bbox 2620 2422 2988 2491; x_wconf 71' lang='grc' dir='ltr'>ἐπικράτησις</span> <span class='ocrx_word' id='word_1_458' title='bbox 3024 2420 3119 2474; x_wconf 87' lang='grc' dir='ltr'>τοῦ</span> <span class='ocrx_word' id='word_1_459' title='bbox 3145 2422 3390 2491; x_wconf 84' lang='grc' dir='ltr'>διωγμοῦ</span> <span class='ocrx_word' id='word_1_460' title='bbox 3412 2439 3425 2450; x_wconf 88' lang='grc'><strong>·</strong></span> <span class='ocrx_word' id='word_1_461' title='bbox 3456 2422 3610 2475; x_wconf 76' lang='grc' dir='ltr'>οὔπω</span> <span class='ocrx_word' id='word_1_462' title='bbox 3643 2424 3950 2493; x_wconf 79' lang='grc' dir='ltr'>ἐπολυετή-</span> 
     </span>
    </p>
   </div>
   <div class='ocr_carea' id='block_1_70' title="bbox 2370 2511 3951 2583">
    <p class='ocr_par' dir='ltr' id='par_1_70' title="bbox 2370 2511 3951 2583">
     <span class='ocr_line' id='line_1_70' title="bbox 2370 2511 3951 2583; baseline 0.001 -20"><span class='ocrx_word' id='word_1_463' title='bbox 2370 2528 2545 2580; x_wconf 87' lang='grc' dir='ltr'>σαμεν</span> <span class='ocrx_word' id='word_1_464' title='bbox 2596 2511 2737 2564; x_wconf 81' lang='grc' dir='ltr'>κατὰ</span> <span class='ocrx_word' id='word_1_465' title='bbox 2767 2513 2893 2574; x_wconf 71' lang='grc' dir='ltr'>τοὺς</span> <span class='ocrx_word' id='word_1_466' title='bbox 2946 2512 3316 2583; x_wconf 82' lang='grc' dir='ltr'>προλαϐόντας</span> <span class='ocrx_word' id='word_1_467' title='bbox 3369 2512 3743 2583; x_wconf 85' lang='grc' dir='ltr'>ὁμολογητάς·</span> <span class='ocrx_word' id='word_1_468' title='bbox 3799 2512 3951 2565; x_wconf 77' lang='grc' dir='ltr'>οῦπω</span> 
     </span>
    </p>
   </div>
   <div class='ocr_carea' id='block_1_71' title="bbox 2370 2603 3952 2677">
    <p class='ocr_par' dir='ltr' id='par_1_71' title="bbox 2370 2603 3952 2677">
     <span class='ocr_line' id='line_1_71' title="bbox 2370 2603 3952 2677; baseline 0.001 -23"><span class='ocrx_word' id='word_1_469' title='bbox 2370 2603 2735 2673; x_wconf 81' lang='grc' dir='ltr'>ἐπυρώθημεν</span> <span class='ocrx_word' id='word_1_470' title='bbox 2770 2604 2848 2672; x_wconf 82' lang='grc' dir='ltr'>τῷ</span> <span class='ocrx_word' id='word_1_471' title='bbox 2875 2604 3091 2674; x_wconf 83' lang='grc' dir='ltr'>διαρκεῖ</span> <span class='ocrx_word' id='word_1_472' title='bbox 3120 2606 3250 2677; x_wconf 74' lang='grc' dir='ltr'>περὶ</span> <span class='ocrx_word' id='word_1_473' title='bbox 3279 2605 3379 2674; x_wconf 76' lang='grc' dir='ltr'>τῆς</span> <span class='ocrx_word' id='word_1_474' title='bbox 3417 2605 3799 2675; x_wconf 82' lang='grc' dir='ltr'>δοκιμωτάτης</span> <span class='ocrx_word' id='word_1_475' title='bbox 3832 2606 3952 2658; x_wconf 82' lang='grc' dir='ltr'>πεί-</span> 
     </span>
    </p>
   </div>
   <div class='ocr_carea' id='block_1_72' title="bbox 2374 2696 3946 2772">
    <p class='ocr_par' dir='ltr' id='par_1_72' title="bbox 2374 2696 3946 2772">
     <span class='ocr_line' id='line_1_72' title="bbox 2374 2696 3946 2772; baseline 0.004 -24"><span class='ocrx_word' id='word_1_476' title='bbox 2374 2714 2471 2766; x_wconf 86' lang='grc' dir='ltr'>ρας</span> <span class='ocrx_word' id='word_1_477' title='bbox 2491 2712 2505 2726; x_wconf 85' lang='grc'><strong>·</strong></span> <span class='ocrx_word' id='word_1_478' title='bbox 2548 2696 2628 2749; x_wconf 83' lang='grc' dir='ltr'>ἐτι</span> <span class='ocrx_word' id='word_1_479' title='bbox 2663 2697 2912 2766; x_wconf 86' lang='grc' dir='ltr'>μόλιϐδος</span> <span class='ocrx_word' id='word_1_480' title='bbox 2955 2701 3231 2770; x_wconf 82' lang='grc' dir='ltr'>ἐμμιγής·</span> <span class='ocrx_word' id='word_1_481' title='bbox 3261 2700 3340 2751; x_wconf 79' lang='grc' dir='ltr'>ἔτι</span> <span class='ocrx_word' id='word_1_482' title='bbox 3382 2699 3537 2769; x_wconf 77' lang='grc' dir='ltr'>ῥυτὶς</span> <span class='ocrx_word' id='word_1_483' title='bbox 3566 2700 3946 2772; x_wconf 82' lang='grc' dir='ltr'>ἁμαρτητική.</span> 
     </span>
    </p>
   </div>
   <div class='ocr_carea' id='block_1_73' title="bbox 2372 2786 3951 2862">
    <p class='ocr_par' dir='ltr' id='par_1_73' title="bbox 2372 2786 3951 2862">
     <span class='ocr_line' id='line_1_73' title="bbox 2372 2786 3951 2862; baseline 0.004 -24"><span class='ocrx_word' id='word_1_484' title='bbox 2372 2786 2444 2840; x_wconf 79' lang='grc' dir='ltr'>Σὺ</span> <span class='ocrx_word' id='word_1_485' title='bbox 2472 2786 2554 2850; x_wconf 88' lang='grc' dir='ltr'>τίς</span> <span class='ocrx_word' id='word_1_486' title='bbox 2596 2791 2643 2841; x_wconf 83' lang='grc' dir='ltr'>εἰ</span> <span class='ocrx_word' id='word_1_487' title='bbox 2676 2791 2704 2841; x_wconf 92' lang='lat'>6</span> <span class='ocrx_word' id='word_1_488' title='bbox 2734 2788 3055 2858; x_wconf 84' lang='grc' dir='ltr'>ἐμϐατεύων</span> <span class='ocrx_word' id='word_1_489' title='bbox 3085 2794 3144 2843; x_wconf 86' lang='grc' dir='ltr'>ἐν</span> <span class='ocrx_word' id='word_1_490' title='bbox 3174 2793 3288 2853; x_wconf 81' lang='grc' dir='ltr'>τοῖς</span> <span class='ocrx_word' id='word_1_491' title='bbox 3314 2790 3424 2843; x_wconf 86' lang='grc' dir='ltr'>τῶν</span> <span class='ocrx_word' id='word_1_492' title='bbox 3467 2792 3799 2861; x_wconf 85' lang='grc' dir='ltr'>ἀθεωρήτων</span> <span class='ocrx_word' id='word_1_493' title='bbox 3832 2810 3951 2862; x_wconf 89' lang='grc' dir='ltr'>κρι-</span> 
     </span>
    </p>
   </div>
   <div class='ocr_carea' id='block_1_74' title="bbox 2374 2878 3951 2951">
    <p class='ocr_par' dir='ltr' id='par_1_74' title="bbox 2374 2878 3951 2951">
     <span class='ocr_line' id='line_1_74' title="bbox 2374 2878 3951 2951; baseline 0.003 -19"><span class='ocrx_word' id='word_1_494' title='bbox 2374 2879 2564 2945; x_wconf 83' lang='grc' dir='ltr'>μάτων</span> <span class='ocrx_word' id='word_1_495' title='bbox 2620 2878 2878 2949; x_wconf 82' lang='grc' dir='ltr'>βάθεσιν;</span> <span class='ocrx_word' id='word_1_496' title='bbox 2928 2882 2996 2935; x_wconf 77' lang='grc' dir='ltr'>’Δ</span> <span class='ocrx_word' id='word_1_497' title='bbox 3053 2882 3395 2951; x_wconf 79' lang='grc' dir='ltr'>προσετάγη</span> <span class='ocrx_word' id='word_1_498' title='bbox 3428 2897 3559 2948; x_wconf 85' lang='grc' dir='ltr'>σοι,</span> <span class='ocrx_word' id='word_1_499' title='bbox 3600 2884 3790 2937; x_wconf 84' lang='grc' dir='ltr'>ταῦτα</span> <span class='ocrx_word' id='word_1_500' title='bbox 3822 2882 3951 2936; x_wconf 78' lang='grc' dir='ltr'>δια-</span> 
     </span>
    </p>
   </div>
   <div class='ocr_carea' id='block_1_75' title="bbox 2372 2971 3945 3048">
    <p class='ocr_par' dir='ltr' id='par_1_75' title="bbox 2372 2971 3945 3048">
     <span class='ocr_line' id='line_1_75' title="bbox 2372 2971 3945 3048; baseline 0.001 -23"><span class='ocrx_word' id='word_1_501' title='bbox 2372 2971 2540 3025; x_wconf 81' lang='grc' dir='ltr'>νοοῦ.</span> <span class='ocrx_word' id='word_1_502' title='bbox 2595 2973 2669 3026; x_wconf 84' lang='grc' dir='ltr'>Τὸ</span> <span class='ocrx_word' id='word_1_503' title='bbox 2720 2973 3060 3041; x_wconf 58' lang='grc' dir='ltr'>ἐπαηελθέν</span> <span class='ocrx_word' id='word_1_504' title='bbox 3107 2974 3363 3044; x_wconf 87' lang='grc' dir='ltr'>σπέρμα,</span> <span class='ocrx_word' id='word_1_505' title='bbox 3412 2976 3471 3027; x_wconf 89' lang='grc' dir='ltr'>ἐν</span> <span class='ocrx_word' id='word_1_506' title='bbox 3522 2976 3745 3048; x_wconf 75' lang='grc' dir='ltr'>εὐλογίᾳ</span> <span class='ocrx_word' id='word_1_507' title='bbox 3786 2974 3945 3037; x_wconf 85' lang='grc' dir='ltr'>Θεοῦ,</span> 
     </span>
    </p>
   </div>
   <div class='ocr_carea' id='block_1_76' title="bbox 2386 3063 3951 3140">
    <p class='ocr_par' dir='ltr' id='par_1_76' title="bbox 2386 3063 3951 3140">
     <span class='ocr_line' id='line_1_76' title="bbox 2386 3063 3951 3140; baseline 0.003 -23"><span class='ocrx_word' id='word_1_508' title='bbox 2386 3063 2639 3135; x_wconf 79' lang='grc' dir='ltr'>Ἀϐραάμ</span> <span class='ocrx_word' id='word_1_509' title='bbox 2674 3066 3033 3135; x_wconf 86' lang='grc' dir='ltr'>κληρονομεῖν</span> <span class='ocrx_word' id='word_1_510' title='bbox 3078 3066 3179 3136; x_wconf 81' lang='grc' dir='ltr'>τὴν</span> <span class='ocrx_word' id='word_1_511' title='bbox 3233 3068 3397 3134; x_wconf 85' lang='grc' dir='ltr'>ἁγίαν</span> <span class='ocrx_word' id='word_1_512' title='bbox 3438 3068 3579 3137; x_wconf 84' lang='grc' dir='ltr'>γῆν,</span> <span class='ocrx_word' id='word_1_513' title='bbox 3618 3072 3951 3140; x_wconf 82' lang='grc' dir='ltr'>τετρακόσια</span> 
     </span>
    </p>
   </div>
   <div class='ocr_carea' id='block_1_77' title="bbox 2374 3157 3952 3230">
    <p class='ocr_par' dir='ltr' id='par_1_77' title="bbox 2374 3157 3952 3230">
     <span class='ocr_line' id='line_1_77' title="bbox 2374 3157 3952 3230; baseline 0.003 -21"><span class='ocrx_word' id='word_1_514' title='bbox 2374 3158 2667 3227; x_wconf 85' lang='grc' dir='ltr'>τριάκοντα</span> <span class='ocrx_word' id='word_1_515' title='bbox 2707 3158 2813 3209; x_wconf 80' lang='grc' dir='ltr'>ὑπὸ</span> <span class='ocrx_word' id='word_1_516' title='bbox 2839 3161 2998 3228; x_wconf 82' lang='grc' dir='ltr'>χεῖρα</span> <span class='ocrx_word' id='word_1_517' title='bbox 3025 3157 3225 3229; x_wconf 81' lang='grc' dir='ltr'>Φαραὼ</span> <span class='ocrx_word' id='word_1_518' title='bbox 3260 3160 3728 3230; x_wconf 81' lang='grc' dir='ltr'>προδεδουλῶσθαι</span> <span class='ocrx_word' id='word_1_519' title='bbox 3749 3160 3952 3230; x_wconf 81' lang='grc' dir='ltr'>ᾠκονό-</span> 
     </span>
    </p>
   </div>
   <div class='ocr_carea' id='block_1_78' title="bbox 2378 3247 3955 3321">
    <p class='ocr_par' dir='ltr' id='par_1_78' title="bbox 2378 3247 3955 3321">
     <span class='ocr_line' id='line_1_78' title="bbox 2378 3247 3955 3321; baseline 0.003 -22"><span class='ocrx_word' id='word_1_520' title='bbox 2378 3264 2517 3317; x_wconf 87' lang='grc' dir='ltr'>μησε</span> <span class='ocrx_word' id='word_1_521' title='bbox 2546 3248 2701 3311; x_wconf 83' lang='grc' dir='ltr'>Θεός.</span> <span class='ocrx_word' id='word_1_522' title='bbox 2745 3247 2805 3300; x_wconf 85' lang='grc' dir='ltr'>ὐ</span> <span class='ocrx_word' id='word_1_523' title='bbox 2837 3249 3261 3318; x_wconf 76' lang='grc' dir='ltr'>Χριστιανισμὸς</span> <span class='ocrx_word' id='word_1_524' title='bbox 3288 3251 3382 3303; x_wconf 82' lang='grc' dir='ltr'>ἀπ’</span> <span class='ocrx_word' id='word_1_525' title='bbox 3414 3252 3586 3320; x_wconf 79' lang='grc' dir='ltr'>ἀρχῆς</span> <span class='ocrx_word' id='word_1_526' title='bbox 3617 3250 3712 3303; x_wconf 85' lang='grc' dir='ltr'>τοῦ</span> <span class='ocrx_word' id='word_1_527' title='bbox 3744 3250 3955 3321; x_wconf 83' lang='grc' dir='ltr'>κηρύγ-</span> 
     </span>
    </p>
   </div>
   <div class='ocr_carea' id='block_1_79' title="bbox 2378 3340 3952 3413">
    <p class='ocr_par' dir='ltr' id='par_1_79' title="bbox 2378 3340 3952 3413">
     <span class='ocr_line' id='line_1_79' title="bbox 2378 3340 3952 3413; baseline 0.005 -23"><span class='ocrx_word' id='word_1_528' title='bbox 2378 3356 2546 3409; x_wconf 87' lang='grc' dir='ltr'>ματος</span> <span class='ocrx_word' id='word_1_529' title='bbox 2596 3340 2705 3394; x_wconf 86' lang='grc' dir='ltr'>τῶν</span> <span class='ocrx_word' id='word_1_530' title='bbox 2750 3341 3064 3394; x_wconf 80' lang='grc' dir='ltr'>ἀποστόλων</span> <span class='ocrx_word' id='word_1_531' title='bbox 3095 3342 3237 3413; x_wconf 80' lang='grc' dir='ltr'>ὑπὲρ</span> <span class='ocrx_word' id='word_1_532' title='bbox 3275 3342 3337 3397; x_wconf 75' lang='grc' dir='ltr'>τὸ</span> <span class='ocrx_word' id='word_1_533' title='bbox 3383 3343 3755 3397; x_wconf 80' lang='grc' dir='ltr'>διακοσιοστὸν</span> <span class='ocrx_word' id='word_1_534' title='bbox 3794 3346 3952 3413; x_wconf 72' lang='grc' dir='ltr'>ἔτος,</span> 
     </span>
    </p>
   </div>
   <div class='ocr_carea' id='block_1_80' title="bbox 2378 3431 3955 3508">
    <p class='ocr_par' dir='ltr' id='par_1_80' title="bbox 2378 3431 3955 3508">
     <span class='ocr_line' id='line_1_80' title="bbox 2378 3431 3955 3508; baseline 0.004 -26"><span class='ocrx_word' id='word_1_535' title='bbox 2378 3432 2543 3501; x_wconf 76' lang='grc' dir='ltr'>μέχρι</span> <span class='ocrx_word' id='word_1_536' title='bbox 2577 3431 2673 3484; x_wconf 88' lang='grc' dir='ltr'>τοῦ</span> <span class='ocrx_word' id='word_1_537' title='bbox 2706 3433 3118 3486; x_wconf 84' lang='grc' dir='ltr'>Κωνσταντίνου</span> <span class='ocrx_word' id='word_1_538' title='bbox 3149 3434 3244 3487; x_wconf 88' lang='grc' dir='ltr'>τοῦ</span> <span class='ocrx_word' id='word_1_539' title='bbox 3273 3435 3493 3506; x_wconf 85' lang='grc' dir='ltr'>πρώτου</span> <span class='ocrx_word' id='word_1_540' title='bbox 3526 3435 3791 3507; x_wconf 70' lang='grc' dir='ltr'>βασιλέως</span> <span class='ocrx_word' id='word_1_541' title='bbox 3820 3440 3955 3508; x_wconf 80' lang='grc' dir='ltr'>Χρι-</span> 
     </span>
    </p>
   </div>
   <div class='ocr_carea' id='block_1_81' title="bbox 2376 3524 3954 3599">
    <p class='ocr_par' dir='ltr' id='par_1_81' title="bbox 2376 3524 3954 3599">
     <span class='ocr_line' id='line_1_81' title="bbox 2376 3524 3954 3599; baseline 0.005 -24"><span class='ocrx_word' id='word_1_542' title='bbox 2376 3524 2609 3578; x_wconf 85' lang='grc' dir='ltr'>στιανῶν</span> <span class='ocrx_word' id='word_1_543' title='bbox 2632 3563 2647 3587; x_wconf 86' lang='grc'>,</span> <span class='ocrx_word' id='word_1_544' title='bbox 2684 3527 2742 3578; x_wconf 93' lang='grc' dir='ltr'>ἐν</span> <span class='ocrx_word' id='word_1_545' title='bbox 2780 3526 3007 3597; x_wconf 71' lang='grc' dir='ltr'>διωγμῷ</span> <span class='ocrx_word' id='word_1_546' title='bbox 3044 3526 3321 3597; x_wconf 83' lang='grc' dir='ltr'>βρέμοντι.</span> <span class='ocrx_word' id='word_1_547' title='bbox 3355 3530 3419 3582; x_wconf 83' lang='grc' dir='ltr'>Οί</span> <span class='ocrx_word' id='word_1_548' title='bbox 3454 3531 3769 3599; x_wconf 84' lang='grc' dir='ltr'>μετέπειτα,</span> <span class='ocrx_word' id='word_1_549' title='bbox 3797 3532 3954 3599; x_wconf 73' lang='grc' dir='ltr'>ὑφει-</span> 
     </span>
    </p>
   </div>
   <div class='ocr_carea' id='block_1_82' title="bbox 2379 3616 3957 3690">
    <p class='ocr_par' dir='ltr' id='par_1_82' title="bbox 2379 3616 3957 3690">
     <span class='ocr_line' id='line_1_82' title="bbox 2379 3616 3957 3690; baseline 0.004 -22"><span class='ocrx_word' id='word_1_550' title='bbox 2379 3616 2557 3684; x_wconf 84' lang='grc' dir='ltr'>μένως</span> <span class='ocrx_word' id='word_1_551' title='bbox 2606 3618 2724 3687; x_wconf 80' lang='grc' dir='ltr'>μὲν,</span> <span class='ocrx_word' id='word_1_552' title='bbox 2753 3618 2905 3687; x_wconf 79' lang='grc' dir='ltr'>ὅμως</span> <span class='ocrx_word' id='word_1_553' title='bbox 2945 3619 3433 3688; x_wconf 80' lang='grc' dir='ltr'>μακροετίζοντες”</span> <span class='ocrx_word' id='word_1_554' title='bbox 3467 3622 3642 3690; x_wconf 77' lang='grc' dir='ltr'>πάρεξ</span> <span class='ocrx_word' id='word_1_555' title='bbox 3668 3623 3765 3673; x_wconf 87' lang='grc' dir='ltr'>τοῦ</span> <span class='ocrx_word' id='word_1_556' title='bbox 3813 3621 3957 3674; x_wconf 75' lang='grc' dir='ltr'>κατὰ</span> 
     </span>
    </p>
   </div>
   <div class='ocr_carea' id='block_1_83' title="bbox 2392 3708 3958 3782">
    <p class='ocr_par' dir='ltr' id='par_1_83' title="bbox 2392 3708 3958 3782">
     <span class='ocr_line' id='line_1_83' title="bbox 2392 3708 3958 3782; baseline 0.003 -22"><span class='ocrx_word' id='word_1_557' title='bbox 2392 3708 2677 3763; x_wconf 84' lang='grc' dir='ltr'>Ἰουλιανὸν</span> <span class='ocrx_word' id='word_1_558' title='bbox 2709 3713 2799 3761; x_wconf 74' lang='grc' dir='ltr'>τὸν</span> <span class='ocrx_word' id='word_1_559' title='bbox 2826 3712 3162 3781; x_wconf 81' lang='grc' dir='ltr'>ἀποστάτην.</span> <span class='ocrx_word' id='word_1_560' title='bbox 3197 3712 3407 3775; x_wconf 78' lang='grc' dir='ltr'>Παῦλος</span> <span class='ocrx_word' id='word_1_561' title='bbox 3434 3714 3463 3764; x_wconf 94' lang='lat'>6</span> <span class='ocrx_word' id='word_1_562' title='bbox 3501 3714 3674 3782; x_wconf 80' lang='grc' dir='ltr'>μέγας</span> <span class='ocrx_word' id='word_1_563' title='bbox 3701 3730 3958 3782; x_wconf 82' lang='grc' dir='ltr'>τριακον-</span> 
     </span>
    </p>
   </div>
   <div class='ocr_carea' id='block_1_84' title="bbox 2377 3802 3957 3876">
    <p class='ocr_par' dir='ltr' id='par_1_84' title="bbox 2377 3802 3957 3876">
     <span class='ocr_line' id='line_1_84' title="bbox 2377 3802 3957 3876; baseline 0.003 -23"><span class='ocrx_word' id='word_1_564' title='bbox 2377 3802 2611 3853; x_wconf 83' lang='grc' dir='ltr'>ταπέντε</span> <span class='ocrx_word' id='word_1_565' title='bbox 2641 3802 2785 3854; x_wconf 83' lang='grc' dir='ltr'>ἐτεσι</span> <span class='ocrx_word' id='word_1_566' title='bbox 2828 3804 3189 3872; x_wconf 85' lang='grc' dir='ltr'>διωκόμενος,</span> <span class='ocrx_word' id='word_1_567' title='bbox 3223 3805 3319 3856; x_wconf 75' lang='grc' dir='ltr'>καὶ</span> <span class='ocrx_word' id='word_1_568' title='bbox 3357 3804 3680 3874; x_wconf 80' lang='grc' dir='ltr'>καθημέραν</span> <span class='ocrx_word' id='word_1_569' title='bbox 3714 3804 3957 3876; x_wconf 78' lang='grc' dir='ltr'>ἀποθνήο</span> 
     </span>
    </p>
   </div>
   <div class='ocr_carea' id='block_1_85' title="bbox 2380 3895 3957 3967">
    <p class='ocr_par' dir='ltr' id='par_1_85' title="bbox 2380 3895 3957 3967">
     <span class='ocr_line' id='line_1_85' title="bbox 2380 3895 3957 3967; baseline 0.002 -21"><span class='ocrx_word' id='word_1_570' title='bbox 2380 3910 2559 3946; x_wconf 89' lang='grc' dir='ltr'>σκων·</span> <span class='ocrx_word' id='word_1_571' title='bbox 2595 3896 2688 3946; x_wconf 73' lang='grc' dir='ltr'>καὶ</span> <span class='ocrx_word' id='word_1_572' title='bbox 2723 3895 2788 3947; x_wconf 81' lang='grc' dir='ltr'>σὺ</span> <span class='ocrx_word' id='word_1_573' title='bbox 2819 3896 2877 3946; x_wconf 86' lang='grc' dir='ltr'>ἐν</span> <span class='ocrx_word' id='word_1_574' title='bbox 2920 3896 3083 3948; x_wconf 78' lang='grc' dir='ltr'>πέντε</span> <span class='ocrx_word' id='word_1_575' title='bbox 3122 3896 3337 3967; x_wconf 82' lang='grc' dir='ltr'>χρόνοις</span> <span class='ocrx_word' id='word_1_576' title='bbox 3363 3897 3676 3966; x_wconf 80' lang='grc' dir='ltr'>ητονηκώς;</span> <span class='ocrx_word' id='word_1_577' title='bbox 3719 3898 3957 3967; x_wconf 76' lang='grc' dir='ltr'>Κλήμης</span> 
     </span>
    </p>
   </div>
   <div class='ocr_carea' id='block_1_86' title="bbox 2379 3983 3955 4059">
    <p class='ocr_par' dir='ltr' id='par_1_86' title="bbox 2379 3983 3955 4059">
     <span class='ocr_line' id='line_1_86' title="bbox 2379 3983 3955 4059; baseline 0.004 -24"><span class='ocrx_word' id='word_1_578' title='bbox 2379 3986 2407 4035; x_wconf 90' lang='lat'>6</span> <span class='ocrx_word' id='word_1_579' title='bbox 2441 3983 2738 4047; x_wconf 80' lang='grc' dir='ltr'>πολύαθλος</span> <span class='ocrx_word' id='word_1_580' title='bbox 2793 3985 3111 4038; x_wconf 73' lang='grc' dir='ltr'>εἰκοσιοκτὼ</span> <span class='ocrx_word' id='word_1_581' title='bbox 3167 3988 3314 4040; x_wconf 78' lang='grc' dir='ltr'>ἔτεσι</span> <span class='ocrx_word' id='word_1_582' title='bbox 3364 3988 3696 4059; x_wconf 83' lang='grc' dir='ltr'>μαρτυρῶν·</span> <span class='ocrx_word' id='word_1_583' title='bbox 3742 3990 3841 4042; x_wconf 76' lang='grc' dir='ltr'>καὶ</span> <span class='ocrx_word' id='word_1_584' title='bbox 3892 3989 3955 4042; x_wconf 79' lang='grc' dir='ltr'>σὺ</span> 
     </span>
    </p>
   </div>
   <div class='ocr_carea' id='block_1_87' title="bbox 2378 4076 3957 4150">
    <p class='ocr_par' dir='ltr' id='par_1_87' title="bbox 2378 4076 3957 4150">
     <span class='ocr_line' id='line_1_87' title="bbox 2378 4076 3957 4150; baseline 0.001 -19"><span class='ocrx_word' id='word_1_585' title='bbox 2378 4077 2617 4145; x_wconf 82' lang='grc' dir='ltr'>ἁχανιῶν</span> <span class='ocrx_word' id='word_1_586' title='bbox 2644 4077 2702 4129; x_wconf 90' lang='grc' dir='ltr'>ἐν</span> <span class='ocrx_word' id='word_1_587' title='bbox 2730 4076 2987 4146; x_wconf 82' lang='grc' dir='ltr'>βραχέσι;</span> <span class='ocrx_word' id='word_1_588' title='bbox 3026 4077 3136 4131; x_wconf 83' lang='grc' dir='ltr'>Ποῦ</span> <span class='ocrx_word' id='word_1_589' title='bbox 3172 4097 3265 4148; x_wconf 87' lang='grc' dir='ltr'>μοι</span> <span class='ocrx_word' id='word_1_590' title='bbox 3301 4081 3492 4150; x_wconf 66' lang='grc' dir='ltr'>καιρὸς</span> <span class='ocrx_word' id='word_1_591' title='bbox 3522 4082 3595 4134; x_wconf 76' lang='grc' dir='ltr'>τὰ</span> <span class='ocrx_word' id='word_1_592' title='bbox 3634 4081 3744 4134; x_wconf 82' lang='grc' dir='ltr'>τῶν</span> <span class='ocrx_word' id='word_1_593' title='bbox 3779 4082 3957 4135; x_wconf 78' lang='grc' dir='ltr'>ἄλλων</span> 
     </span>
    </p>
   </div>
   <div class='ocr_carea' id='block_1_88' title="bbox 2384 4168 3957 4245">
    <p class='ocr_par' dir='ltr' id='par_1_88' title="bbox 2384 4168 3957 4245">
     <span class='ocr_line' id='line_1_88' title="bbox 2384 4168 3957 4245; baseline 0.005 -25"><span class='ocrx_word' id='word_1_594' title='bbox 2384 4168 2677 4239; x_wconf 73' lang='grc' dir='ltr'>μαρτύρων</span> <span class='ocrx_word' id='word_1_595' title='bbox 2705 4168 2910 4236; x_wconf 82' lang='grc' dir='ltr'>λέγων;</span> <span class='ocrx_word' id='word_1_596' title='bbox 2941 4171 3055 4223; x_wconf 68' lang='grc' dir='ltr'>Οὐκ</span> <span class='ocrx_word' id='word_1_597' title='bbox 3082 4170 3324 4243; x_wconf 69' lang='grc' dir='ltr'>ἤκουσας</span> <span class='ocrx_word' id='word_1_598' title='bbox 3349 4174 3449 4241; x_wconf 82' lang='grc' dir='ltr'>τὴν</span> <span class='ocrx_word' id='word_1_599' title='bbox 3479 4174 3761 4245; x_wconf 72' lang='grc' dir='ltr'>ὑπομονὴν</span> <span class='ocrx_word' id='word_1_600' title='bbox 3806 4174 3957 4243; x_wconf 85' lang='grc' dir='ltr'>Ὶὼϐ;</span> 
     </span>
    </p>
   </div>
   <div class='ocr_carea' id='block_1_89' title="bbox 2380 4262 3960 4338">
    <p class='ocr_par' dir='ltr' id='par_1_89' title="bbox 2380 4262 3960 4338">
     <span class='ocr_line' id='line_1_89' title="bbox 2380 4262 3960 4338; baseline 0.002 -23"><span class='ocrx_word' id='word_1_601' title='bbox 2380 4262 2517 4330; x_wconf 71' lang='grc' dir='ltr'>Οὐχὶ</span> <span class='ocrx_word' id='word_1_602' title='bbox 2560 4262 2955 4314; x_wconf 81' lang='grc' dir='ltr'>πεντεκαίδεκα</span> <span class='ocrx_word' id='word_1_603' title='bbox 2987 4262 3106 4331; x_wconf 85' lang='grc' dir='ltr'>ἐτη,</span> <span class='ocrx_word' id='word_1_604' title='bbox 3154 4264 3186 4333; x_wconf 79' lang='grc' dir='ltr'><strong>ἢ</strong></span> <span class='ocrx_word' id='word_1_605' title='bbox 3221 4265 3315 4316; x_wconf 59' lang='grc' dir='ltr'>καὶ⁵</span> <span class='ocrx_word' id='word_1_606' title='bbox 3350 4266 3508 4334; x_wconf 75' lang='grc' dir='ltr'>πρὸς,</span> <span class='ocrx_word' id='word_1_607' title='bbox 3546 4266 3693 4318; x_wconf 73' lang='grc' dir='ltr'>ἕλκει</span> <span class='ocrx_word' id='word_1_608' title='bbox 3740 4268 3960 4338; x_wconf 74' lang='grc' dir='ltr'>πονηρῳ</span> 
     </span>
    </p>
   </div>
   <div class='ocr_carea' id='block_1_90' title="bbox 2381 4355 3961 4427">
    <p class='ocr_par' dir='ltr' id='par_1_90' title="bbox 2381 4355 3961 4427">
     <span class='ocr_line' id='line_1_90' title="bbox 2381 4355 3961 4427; baseline 0.003 -20"><span class='ocrx_word' id='word_1_609' title='bbox 2381 4355 2732 4417; x_wconf 80' lang='grc' dir='ltr'>ἐϐασανίζετο</span> <span class='ocrx_word' id='word_1_610' title='bbox 2814 4355 2951 4424; x_wconf 83' lang='grc' dir='ltr'>πρὸς</span> <span class='ocrx_word' id='word_1_611' title='bbox 2998 4358 3109 4417; x_wconf 88' lang='grc' dir='ltr'>τοῖς</span> <span class='ocrx_word' id='word_1_612' title='bbox 3158 4358 3531 4427; x_wconf 82' lang='grc' dir='ltr'>ἐπενεχθείσιν</span> <span class='ocrx_word' id='word_1_613' title='bbox 3597 4359 3749 4427; x_wconf 81' lang='grc' dir='ltr'>αὑτῷ</span> <span class='ocrx_word' id='word_1_614' title='bbox 3784 4359 3961 4421; x_wconf 75' lang='grc' dir='ltr'>ἄλλοις</span> 
     </span>
    </p>
   </div>
   <div class='ocr_carea' id='block_1_91' title="bbox 2381 4447 3962 4520">
    <p class='ocr_par' dir='ltr' id='par_1_91' title="bbox 2381 4447 3962 4520">
     <span class='ocr_line' id='line_1_91' title="bbox 2381 4447 3962 4520; baseline 0.003 -21"><span class='ocrx_word' id='word_1_615' title='bbox 2381 4447 2811 4517; x_wconf 55' lang='grc' dir='ltr'>τραγῳδήμαση</span> <span class='ocrx_word' id='word_1_616' title='bbox 2852 4448 2945 4499; x_wconf 71' lang='grc' dir='ltr'>καὶ</span> <span class='ocrx_word' id='word_1_617' title='bbox 2980 4449 3151 4501; x_wconf 80' lang='grc' dir='ltr'>ταῦτα</span> <span class='ocrx_word' id='word_1_618' title='bbox 3185 4450 3245 4500; x_wconf 83' lang='grc' dir='ltr'>οὺ</span> <span class='ocrx_word' id='word_1_619' title='bbox 3287 4450 3542 4512; x_wconf 83' lang='grc' dir='ltr'>συνειδώς</span> <span class='ocrx_word' id='word_1_620' title='bbox 3578 4468 3631 4503; x_wconf 89' lang='grc' dir='ltr'>τι</span> <span class='ocrx_word' id='word_1_621' title='bbox 3686 4454 3962 4520; x_wconf 79' lang='grc' dir='ltr'>πεπραχέ-</span> 
     </span>
    </p>
   </div>
   <div class='ocr_carea' id='block_1_92' title="bbox 696 4536 2274 4614">
    <p class='ocr_par' dir='ltr' id='par_1_92' title="bbox 696 4543 2274 4614">
     <span class='ocr_line' id='line_1_92' title="bbox 696 4543 2274 4614; baseline -0.002 -16"><span class='ocrx_word' id='word_1_622' title='bbox 696 4554 931 4600; x_wconf 78' lang='lat' dir='ltr'>vexatus</span> <span class='ocrx_word' id='word_1_623' title='bbox 977 4552 1081 4607; x_wconf 91' lang='lat' dir='ltr'>est,</span> <span class='ocrx_word' id='word_1_624' title='bbox 1119 4554 1314 4613; x_wconf 69' lang='lat' dir='ltr'>praeter</span> <span class='ocrx_word' id='word_1_625' title='bbox 1340 4546 1475 4599; x_wconf 85' lang='lat' dir='ltr'>alios</span> <span class='ocrx_word' id='word_1_626' title='bbox 1506 4544 1601 4614; x_wconf 90' lang='lat' dir='ltr'>qui</span> <span class='ocrx_word' id='word_1_627' title='bbox 1633 4544 1830 4613; x_wconf 84' lang='lat' dir='ltr'>adjecti</span> <span class='ocrx_word' id='word_1_628' title='bbox 1872 4543 2093 4597; x_wconf 80' lang='lat' dir='ltr'>fuerunt</span> <span class='ocrx_word' id='word_1_629' title='bbox 2124 4545 2274 4611; x_wconf 85' lang='lat' dir='ltr'>lugu-</span> 
     </span>
    </p>
   </div>
   <div class='ocr_carea' id='block_1_93' title="bbox 2375 4536 3960 4614">
    <p class='ocr_par' dir='ltr' id='par_1_93' title="bbox 2388 4536 3960 4611">
     <span class='ocr_line' id='line_1_93' title="bbox 2388 4536 3960 4611; baseline 0.002 -20"><span class='ocrx_word' id='word_1_630' title='bbox 2388 4558 2471 4592; x_wconf 82' lang='grc' dir='ltr'>ναι</span> <span class='ocrx_word' id='word_1_631' title='bbox 2493 4540 2601 4591; x_wconf 83' lang='grc' dir='ltr'>τῶν</span> <span class='ocrx_word' id='word_1_632' title='bbox 2632 4539 2968 4611; x_wconf 80' lang='grc' dir='ltr'>ἀριστερῶν·</span> <span class='ocrx_word' id='word_1_633' title='bbox 3002 4540 3201 4607; x_wconf 81' lang='grc' dir='ltr'>μᾶλλον</span> <span class='ocrx_word' id='word_1_634' title='bbox 3236 4541 3335 4609; x_wconf 77' lang='grc' dir='ltr'>μὲν</span> <span class='ocrx_word' id='word_1_635' title='bbox 3366 4536 3460 4593; x_wconf 78' lang='grc' dir='ltr'>οὖν</span> <span class='ocrx_word' id='word_1_636' title='bbox 3488 4557 3551 4608; x_wconf 90' lang='grc' dir='ltr'>γε</span> <span class='ocrx_word' id='word_1_637' title='bbox 3589 4542 3684 4593; x_wconf 68' lang='grc' dir='ltr'>καὶ</span> <span class='ocrx_word' id='word_1_638' title='bbox 3709 4542 3821 4593; x_wconf 85' lang='grc' dir='ltr'>τῶν</span> <span class='ocrx_word' id='word_1_639' title='bbox 3843 4542 3960 4595; x_wconf 87' lang='grc' dir='ltr'>λίαν</span> 
     </span>
    </p>
   </div>
   <div class='ocr_carea' id='block_1_94' title="bbox 697 4633 2280 4705">
    <p class='ocr_par' dir='ltr' id='par_1_94' title="bbox 697 4633 2280 4705">
     <span class='ocr_line' id='line_1_94' title="bbox 697 4633 2280 4705; baseline -0.004 -12"><span class='ocrx_word' id='word_1_640' title='bbox 697 4639 821 4693; x_wconf 88' lang='lat' dir='ltr'>bres</span> <span class='ocrx_word' id='word_1_641' title='bbox 858 4636 1072 4691; x_wconf 89' lang='lat' dir='ltr'>casus?</span> <span class='ocrx_word' id='word_1_642' title='bbox 1103 4636 1281 4705; x_wconf 81' lang='lat' dir='ltr'>Atque</span> <span class='ocrx_word' id='word_1_643' title='bbox 1338 4634 1440 4691; x_wconf 93' lang='lat' dir='ltr'>hoc</span> <span class='ocrx_word' id='word_1_644' title='bbox 1467 4652 1591 4691; x_wconf 89' lang='lat' dir='ltr'>cum</span> <span class='ocrx_word' id='word_1_645' title='bbox 1648 4637 1850 4689; x_wconf 90' lang='lat' dir='ltr'>nullius</span> <span class='ocrx_word' id='word_1_646' title='bbox 1882 4636 1984 4688; x_wconf 90' lang='lat' dir='ltr'>sibi</span> <span class='ocrx_word' id='word_1_647' title='bbox 2031 4636 2156 4688; x_wconf 88' lang='lat' dir='ltr'>mali</span> <span class='ocrx_word' id='word_1_648' title='bbox 2195 4633 2280 4687; x_wconf 83' lang='lat' dir='ltr'>fa-</span> 
     </span>
    </p>
   </div>
   <div class='ocr_carea' id='block_1_95' title="bbox 697 4726 2277 4796">
    <p class='ocr_par' dir='ltr' id='par_1_95' title="bbox 697 4726 2277 4796">
     <span class='ocr_line' id='line_1_95' title="bbox 697 4726 2277 4796; baseline -0.005 -11"><span class='ocrx_word' id='word_1_649' title='bbox 697 4728 904 4785; x_wconf 87' lang='lat' dir='ltr'>cinoris</span> <span class='ocrx_word' id='word_1_650' title='bbox 963 4728 1221 4783; x_wconf 85' lang='lat' dir='ltr'>conscius</span> <span class='ocrx_word' id='word_1_651' title='bbox 1268 4738 1433 4790; x_wconf 89' lang='lat' dir='ltr'>esset,</span> <span class='ocrx_word' id='word_1_652' title='bbox 1494 4728 1627 4794; x_wconf 88' lang='lat' dir='ltr'>quin</span> <span class='ocrx_word' id='word_1_653' title='bbox 1681 4728 1862 4796; x_wconf 90' lang='lat' dir='ltr'>potius</span> <span class='ocrx_word' id='word_1_654' title='bbox 1921 4726 2277 4778; x_wconf 83' lang='lat' dir='ltr'>laudabilium</span> 
     </span>
    </p>
   </div>
   <div class='ocr_carea' id='block_1_96' title="bbox 696 4816 2279 4889">
    <p class='ocr_par' dir='ltr' id='par_1_96' title="bbox 696 4816 2279 4889">
     <span class='ocr_line' id='line_1_96' title="bbox 696 4816 2279 4889; baseline -0.004 -15"><span class='ocrx_word' id='word_1_655' title='bbox 696 4819 1249 4889; x_wconf 90' lang='lat' dir='ltr'>quamplurimorum.</span> <span class='ocrx_word' id='word_1_656' title='bbox 1288 4816 1429 4881; x_wconf 85' lang='lat' dir='ltr'>Quid</span> <span class='ocrx_word' id='word_1_657' title='bbox 1486 4828 1665 4871; x_wconf 90' lang='lat' dir='ltr'>autem</span> <span class='ocrx_word' id='word_1_658' title='bbox 1701 4818 1753 4871; x_wconf 86' lang='lat' dir='ltr'>ei</span> <span class='ocrx_word' id='word_1_659' title='bbox 1812 4818 2105 4884; x_wconf 86' lang='lat' dir='ltr'>respondet</span> <span class='ocrx_word' id='word_1_660' title='bbox 2156 4831 2279 4868; x_wconf 82' lang='lat' dir='ltr'>ora-</span> 
     </span>
    </p>
   </div>
   <div class='ocr_carea' id='block_1_97' title="bbox 697 4904 2280 4980">
    <p class='ocr_par' dir='ltr' id='par_1_97' title="bbox 697 4904 2280 4980">
     <span class='ocr_line' id='line_1_97' title="bbox 697 4904 2280 4980; baseline -0.005 -11"><span class='ocrx_word' id='word_1_661' title='bbox 697 4915 882 4968; x_wconf 80' lang='lat' dir='ltr'>culum</span> <span class='ocrx_word' id='word_1_662' title='bbox 903 4911 927 4965; x_wconf 90' lang='lat'><strong>?</strong></span> <span class='ocrx_word' id='word_1_663' title='bbox 948 4928 967 4962; x_wconf 76' lang='grc' dir='ltr'>ι</span> <span class='ocrx_word' id='word_1_664' title='bbox 1000 4908 1290 4980; x_wconf 84' lang='lat' dir='ltr'>Utjustus,</span> <span class='ocrx_word' id='word_1_665' title='bbox 1313 4908 1509 4978; x_wconf 85' lang='lat' dir='ltr'>inquit,</span> <span class='ocrx_word' id='word_1_666' title='bbox 1536 4909 1877 4978; x_wconf 78' lang='lat' dir='ltr'>appareas&quot;.</span> <span class='ocrx_word' id='word_1_667' title='bbox 1912 4926 1930 4958; x_wconf 72' lang='grc' dir='ltr'>ι</span> <span class='ocrx_word' id='word_1_668' title='bbox 1963 4904 2036 4959; x_wconf 88' lang='lat' dir='ltr'>lta</span> <span class='ocrx_word' id='word_1_669' title='bbox 2057 4914 2111 4961; x_wconf 90' lang='lat' dir='ltr'>et</span> <span class='ocrx_word' id='word_1_670' title='bbox 2136 4922 2280 4961; x_wconf 92' lang='lat' dir='ltr'>nunc</span> 
     </span>
    </p>
   </div>
   <div class='ocr_carea' id='block_1_98' title="bbox 2372 4630 3962 4701">
    <p class='ocr_par' dir='ltr' id='par_1_98' title="bbox 2372 4630 3962 4701">
     <span class='ocr_line' id='line_1_98' title="bbox 2372 4630 3962 4701; baseline 0.002 -19"><span class='ocrx_word' id='word_1_671' title='bbox 2372 4632 2596 4693; x_wconf 72' lang='grc' dir='ltr'>δεξιῶν.</span> <span class='ocrx_word' id='word_1_672' title='bbox 2659 4632 2822 4683; x_wconf 72' lang='grc' dir='ltr'>Ἀλλά</span> <span class='ocrx_word' id='word_1_673' title='bbox 2870 4630 2921 4681; x_wconf 91' lang='grc' dir='ltr'>τί</span> <span class='ocrx_word' id='word_1_674' title='bbox 2962 4630 3111 4699; x_wconf 82' lang='grc' dir='ltr'>αῦτῴ</span> <span class='ocrx_word' id='word_1_675' title='bbox 3156 4632 3183 4683; x_wconf 92' lang='lat'>6</span> <span class='ocrx_word' id='word_1_676' title='bbox 3217 4632 3634 4701; x_wconf 84' lang='grc' dir='ltr'>χρηματισμός;</span> <span class='ocrx_word' id='word_1_677' title='bbox 3680 4650 3700 4683; x_wconf 73' lang='grc' dir='ltr'>ι</span> <span class='ocrx_word' id='word_1_678' title='bbox 3736 4634 3857 4685; x_wconf 86' lang='grc' dir='ltr'>Ἵνα</span> <span class='ocrx_word' id='word_1_679' title='bbox 3887 4635 3962 4687; x_wconf 84' lang='grc' dir='ltr'>δί-</span> 
     </span>
    </p>
   </div>
   <div class='ocr_carea' id='block_1_99' title="bbox 2386 4722 3962 4792">
    <p class='ocr_par' dir='ltr' id='par_1_99' title="bbox 2386 4722 3962 4792">
     <span class='ocr_line' id='line_1_99' title="bbox 2386 4722 3962 4792; baseline 0.004 -19"><span class='ocrx_word' id='word_1_680' title='bbox 2386 4738 2562 4783; x_wconf 79' lang='grc' dir='ltr'>καιος,</span> <span class='ocrx_word' id='word_1_681' title='bbox 2596 4722 2790 4791; x_wconf 72' lang='grc' dir='ltr'>φησὶν,</span> <span class='ocrx_word' id='word_1_682' title='bbox 2819 4723 3125 4792; x_wconf 64' lang='grc' dir='ltr'>ἀναφανῇς.</span> <span class='ocrx_word' id='word_1_683' title='bbox 3160 4742 3177 4773; x_wconf 71' lang='grc' dir='ltr'>ι</span> <span class='ocrx_word' id='word_1_684' title='bbox 3207 4723 3365 4777; x_wconf 78' lang='grc' dir='ltr'>οὕτω</span> <span class='ocrx_word' id='word_1_685' title='bbox 3400 4726 3495 4777; x_wconf 79' lang='grc' dir='ltr'>καὶ</span> <span class='ocrx_word' id='word_1_686' title='bbox 3536 4724 3632 4777; x_wconf 87' lang='grc' dir='ltr'>νῦν</span> <span class='ocrx_word' id='word_1_687' title='bbox 3663 4726 3962 4788; x_wconf 72' lang='grc' dir='ltr'>κοσκινίζει</span> 
     </span>
    </p>
   </div>
   <div class='ocr_carea' id='block_1_100' title="bbox 2387 4815 3962 4885">
    <p class='ocr_par' dir='ltr' id='par_1_100' title="bbox 2387 4815 3962 4885">
     <span class='ocr_line' id='line_1_100' title="bbox 2387 4815 3962 4885; baseline 0.004 -20"><span class='ocrx_word' id='word_1_688' title='bbox 2387 4816 2419 4883; x_wconf 77' lang='grc' dir='ltr'>ἡ</span> <span class='ocrx_word' id='word_1_689' title='bbox 2461 4815 2693 4883; x_wconf 81' lang='grc' dir='ltr'>Πρόνοια</span> <span class='ocrx_word' id='word_1_690' title='bbox 2716 4816 2879 4866; x_wconf 75' lang='grc' dir='ltr'>οἱονεὶ</span> <span class='ocrx_word' id='word_1_691' title='bbox 2910 4817 3036 4877; x_wconf 73' lang='grc' dir='ltr'>τοὺς</span> <span class='ocrx_word' id='word_1_692' title='bbox 3072 4816 3344 4885; x_wconf 81' lang='grc' dir='ltr'>παρόντας</span> <span class='ocrx_word' id='word_1_693' title='bbox 3369 4832 3382 4845; x_wconf 88' lang='grc'>·</span> <span class='ocrx_word' id='word_1_694' title='bbox 3420 4817 3509 4869; x_wconf 82' lang='grc' dir='ltr'>ἵνα</span> <span class='ocrx_word' id='word_1_695' title='bbox 3541 4818 3612 4870; x_wconf 84' lang='grc' dir='ltr'>τὰ</span> <span class='ocrx_word' id='word_1_696' title='bbox 3645 4818 3864 4882; x_wconf 75' lang='grc' dir='ltr'>ζιζάνια</span> <span class='ocrx_word' id='word_1_697' title='bbox 3886 4818 3962 4873; x_wconf 75' lang='grc' dir='ltr'>ἐτι</span> 
     </span>
    </p>
   </div>
   <div class='ocr_carea' id='block_1_101' title="bbox 2386 4908 3658 4980">
    <p class='ocr_par' dir='ltr' id='par_1_101' title="bbox 2386 4908 3658 4980">
     <span class='ocr_line' id='line_1_101' title="bbox 2386 4908 3658 4980; baseline 0.005 -23"><span class='ocrx_word' id='word_1_698' title='bbox 2386 4908 2588 4976; x_wconf 80' lang='grc' dir='ltr'>ἐκριφῇ</span> <span class='ocrx_word' id='word_1_699' title='bbox 2613 4923 2626 4937; x_wconf 90' lang='grc'><strong>·</strong></span> <span class='ocrx_word' id='word_1_700' title='bbox 2659 4908 2746 4959; x_wconf 84' lang='grc' dir='ltr'>ἵνα</span> <span class='ocrx_word' id='word_1_701' title='bbox 2776 4908 2805 4958; x_wconf 87' lang='lat'>6</span> <span class='ocrx_word' id='word_1_702' title='bbox 2842 4909 2987 4969; x_wconf 87' lang='grc' dir='ltr'>σῖτος</span> <span class='ocrx_word' id='word_1_703' title='bbox 3026 4910 3363 4978; x_wconf 85' lang='grc' dir='ltr'>ἐναπομείνῃ</span> <span class='ocrx_word' id='word_1_704' title='bbox 3396 4910 3658 4980; x_wconf 82' lang='grc' dir='ltr'>καθαρός.</span> 
     </span>
    </p>
   </div>
   <div class='ocr_carea' id='block_1_102' title="bbox 697 5001 3964 5074">
    <p class='ocr_par' dir='ltr' id='par_1_102' title="bbox 697 5001 3964 5074">
     <span class='ocr_line' id='line_1_102' title="bbox 697 5001 3964 5074; baseline -0.001 -13"><span class='ocrx_word' id='word_1_705' title='bbox 697 5007 902 5061; x_wconf 85' lang='lat' dir='ltr'>cribrat</span> <span class='ocrx_word' id='word_1_706' title='bbox 958 5004 1363 5073; x_wconf 90' lang='lat' dir='ltr'>quodammodo</span> <span class='ocrx_word' id='word_1_707' title='bbox 1429 5001 1773 5057; x_wconf 86' lang='lat' dir='ltr'>Providentia</span> <span class='ocrx_word' id='word_1_708' title='bbox 1853 5002 2104 5055; x_wconf 86' lang='lat' dir='ltr'>homines</span> <span class='ocrx_word' id='word_1_709' title='bbox 2148 5002 2313 5072; x_wconf 87' lang='lat' dir='ltr'>hujus</span> <span class='ocrx_word' id='word_1_710' title='bbox 2356 5004 2635 5071; x_wconf 89' lang='lat' dir='ltr'>temporis,</span> <span class='ocrx_word' id='word_1_711' title='bbox 2669 5012 2729 5057; x_wconf 94' lang='lat' dir='ltr'>ut</span> <span class='ocrx_word' id='word_1_712' title='bbox 2773 5018 2893 5071; x_wconf 77' lang='lat' dir='ltr'>quae</span> <span class='ocrx_word' id='word_1_713' title='bbox 2939 5004 3125 5057; x_wconf 90' lang='lat' dir='ltr'>insunt</span> <span class='ocrx_word' id='word_1_714' title='bbox 3172 5005 3380 5058; x_wconf 83' lang='lat' dir='ltr'>zizania</span> <span class='ocrx_word' id='word_1_715' title='bbox 3450 5006 3683 5074; x_wconf 87' lang='lat' dir='ltr'>ejiciat:</span> <span class='ocrx_word' id='word_1_716' title='bbox 3735 5016 3797 5061; x_wconf 88' lang='lat' dir='ltr'>ut</span> <span class='ocrx_word' id='word_1_717' title='bbox 3856 5004 3964 5060; x_wconf 79' lang='lat' dir='ltr'>fru-</span> 
     </span>
    </p>
   </div>
   <div class='ocr_carea' id='block_1_103' title="bbox 699 5102 1463 5165">
    <p class='ocr_par' dir='ltr' id='par_1_103' title="bbox 699 5102 1463 5165">
     <span class='ocr_line' id='line_1_103' title="bbox 699 5102 1463 5165; baseline -0.007 -13"><span class='ocrx_word' id='word_1_718' title='bbox 699 5106 943 5153; x_wconf 86' lang='lat' dir='ltr'>mentum</span> <span class='ocrx_word' id='word_1_719' title='bbox 990 5109 1187 5165; x_wconf 87' lang='lat' dir='ltr'>purum</span> <span class='ocrx_word' id='word_1_720' title='bbox 1226 5102 1463 5148; x_wconf 85' lang='lat' dir='ltr'>maneat.</span> 
     </span>
    </p>
   </div>
   <div class='ocr_carea' id='block_1_104' title="bbox 768 5177 2288 5253">
    <p class='ocr_par' dir='ltr' id='par_1_104' title="bbox 768 5177 2288 5253">
     <span class='ocr_line' id='line_1_104' title="bbox 768 5177 2288 5253; baseline -0.005 -14"><span class='ocrx_word' id='word_1_721' title='bbox 768 5186 891 5239; x_wconf 89' lang='lat' dir='ltr'>Non</span> <span class='ocrx_word' id='word_1_722' title='bbox 930 5184 1090 5243; x_wconf 86' lang='lat' dir='ltr'>audis</span> <span class='ocrx_word' id='word_1_723' title='bbox 1137 5182 1267 5253; x_wconf 90' lang='lat' dir='ltr'>quid</span> <span class='ocrx_word' id='word_1_724' title='bbox 1315 5182 1566 5237; x_wconf 72' lang='lat' dir='ltr'>Jeremize</span> <span class='ocrx_word' id='word_1_725' title='bbox 1614 5180 1795 5235; x_wconf 83' lang='lat' dir='ltr'>dicat?</span> <span class='ocrx_word' id='word_1_726' title='bbox 1842 5177 2052 5247; x_wconf 88' lang='lat' dir='ltr'>Depone</span> <span class='ocrx_word' id='word_1_727' title='bbox 2094 5195 2183 5233; x_wconf 74' lang='lat' dir='ltr'>eos</span> <span class='ocrx_word' id='word_1_728' title='bbox 2232 5180 2288 5232; x_wconf 85' lang='lat' dir='ltr'>in</span> 
     </span>
    </p>
   </div>
   <div class='ocr_carea' id='block_1_105' title="bbox 699 5273 2289 5347">
    <p class='ocr_par' dir='ltr' id='par_1_105' title="bbox 699 5273 2289 5347">
     <span class='ocr_line' id='line_1_105' title="bbox 699 5273 2289 5347; baseline -0.004 -16"><span class='ocrx_word' id='word_1_729' title='bbox 699 5278 1100 5347; x_wconf 79' lang='lat' dir='ltr'>conﬂatorium,</span> <span class='ocrx_word' id='word_1_730' title='bbox 1149 5286 1197 5329; x_wconf 87' lang='lat' dir='ltr'>et</span> <span class='ocrx_word' id='word_1_731' title='bbox 1227 5276 1343 5327; x_wconf 84' lang='lat' dir='ltr'>vide</span> <span class='ocrx_word' id='word_1_732' title='bbox 1378 5275 1423 5327; x_wconf 78' lang='lat' dir='ltr'>si</span> <span class='ocrx_word' id='word_1_733' title='bbox 1455 5274 1737 5342; x_wconf 86' lang='lat' dir='ltr'>probatum</span> <span class='ocrx_word' id='word_1_734' title='bbox 1766 5284 1842 5325; x_wconf 79' lang='lat' dir='ltr'>est</span> <span class='ocrx_word' id='word_1_735' title='bbox 1872 5273 2008 5324; x_wconf 71' lang='lat' dir='ltr'>sicut</span> <span class='ocrx_word' id='word_1_736' title='bbox 2043 5288 2134 5341; x_wconf 88' lang='lat' dir='ltr'>ego</span> <span class='ocrx_word' id='word_1_737' title='bbox 2163 5288 2289 5338; x_wconf 79' lang='lat' dir='ltr'>pro-</span> 
     </span>
    </p>
   </div>
   <div class='ocr_carea' id='block_1_106' title="bbox 700 5365 2287 5438">
    <p class='ocr_par' dir='ltr' id='par_1_106' title="bbox 700 5365 2287 5438">
     <span class='ocr_line' id='line_1_106' title="bbox 700 5365 2287 5438; baseline -0.004 -14"><span class='ocrx_word' id='word_1_738' title='bbox 700 5372 855 5425; x_wconf 69' lang='lat' dir='ltr'>batur</span> <span class='ocrx_word' id='word_1_739' title='bbox 892 5386 1011 5424; x_wconf 73' lang='lat' dir='ltr'>sum</span> <span class='ocrx_word' id='word_1_740' title='bbox 1063 5385 1159 5438; x_wconf 87' lang='lat' dir='ltr'>pro</span> <span class='ocrx_word' id='word_1_741' title='bbox 1210 5370 1285 5421; x_wconf 80' lang='lat' dir='ltr'>eis</span> <span class='ocrx_word' id='word_1_742' title='bbox 1308 5369 1377 5421; x_wconf 73' lang='grc' dir='ltr'>θ’.</span> <span class='ocrx_word' id='word_1_743' title='bbox 1430 5365 1695 5420; x_wconf 80' lang='lat' dir='ltr'>Feramus</span> <span class='ocrx_word' id='word_1_744' title='bbox 1729 5366 1933 5426; x_wconf 88' lang='lat' dir='ltr'>adhuc.</span> <span class='ocrx_word' id='word_1_745' title='bbox 1990 5380 2024 5419; x_wconf 92' lang='grc' dir='ltr'>ο</span> <span class='ocrx_word' id='word_1_746' title='bbox 2076 5366 2287 5419; x_wconf 86' lang='lat' dir='ltr'>strenui</span> 
     </span>
    </p>
   </div>
   <div class='ocr_carea' id='block_1_107' title="bbox 698 5456 2283 5524">
    <p class='ocr_par' dir='ltr' id='par_1_107' title="bbox 698 5456 2283 5524">
     <span class='ocr_line' id='line_1_107' title="bbox 698 5456 2283 5524; baseline -0.006 -8"><span class='ocrx_word' id='word_1_747' title='bbox 698 5461 905 5516; x_wconf 80' lang='lat' dir='ltr'>milites</span> <span class='ocrx_word' id='word_1_748' title='bbox 951 5460 1179 5514; x_wconf 88' lang='lat' dir='ltr'>Christi.</span> <span class='ocrx_word' id='word_1_749' title='bbox 1230 5456 1355 5511; x_wconf 72' lang='lat' dir='ltr'>Dies</span> <span class='ocrx_word' id='word_1_750' title='bbox 1402 5459 1540 5511; x_wconf 77' lang='lat' dir='ltr'>sicut</span> <span class='ocrx_word' id='word_1_751' title='bbox 1597 5457 1799 5510; x_wconf 70' lang='lat' dir='ltr'>umbra:</span> <span class='ocrx_word' id='word_1_752' title='bbox 1848 5467 2167 5524; x_wconf 66' lang='lat' dir='ltr'>praetereunt</span> <span class='ocrx_word' id='word_1_753' title='bbox 2196 5456 2283 5507; x_wconf 64' lang='grc' dir='ltr'>’δε</span> 
     </span>
    </p>
   </div>
   <div class='ocr_carea' id='block_1_108' title="bbox 698 5545 2285 5625">
    <p class='ocr_par' dir='ltr' id='par_1_108' title="bbox 698 5545 2285 5625">
     <span class='ocr_line' id='line_1_108' title="bbox 698 5545 2285 5625; baseline -0.007 -16"><span class='ocrx_word' id='word_1_754' title='bbox 698 5554 951 5625; x_wconf 89' lang='lat' dir='ltr'>quamvis</span> <span class='ocrx_word' id='word_1_755' title='bbox 995 5561 1373 5623; x_wconf 88' lang='lat' dir='ltr'>persecutores</span> <span class='ocrx_word' id='word_1_756' title='bbox 1422 5564 1645 5603; x_wconf 83' lang='lat' dir='ltr'>manere</span> <span class='ocrx_word' id='word_1_757' title='bbox 1697 5549 2033 5602; x_wconf 79' lang='lat' dir='ltr'>existiment.</span> <span class='ocrx_word' id='word_1_758' title='bbox 2087 5545 2147 5601; x_wconf 88' lang='lat' dir='ltr'>Si</span> <span class='ocrx_word' id='word_1_759' title='bbox 2204 5562 2285 5599; x_wconf 85' lang='lat' dir='ltr'>me</span> 
     </span>
    </p>
   </div>
   <div class='ocr_carea' id='block_1_109' title="bbox 698 5640 2283 5716">
    <p class='ocr_par' dir='ltr' id='par_1_109' title="bbox 698 5640 2283 5716">
     <span class='ocr_line' id='line_1_109' title="bbox 698 5640 2283 5716; baseline -0.007 -15"><span class='ocrx_word' id='word_1_760' title='bbox 698 5646 958 5716; x_wconf 76' lang='lat' dir='ltr'>persecuti</span> <span class='ocrx_word' id='word_1_761' title='bbox 988 5653 1135 5710; x_wconf 74' lang='lat' dir='ltr'>sunt,</span> <span class='ocrx_word' id='word_1_762' title='bbox 1180 5643 1378 5714; x_wconf 90' lang='lat' dir='ltr'>inquit,</span> <span class='ocrx_word' id='word_1_763' title='bbox 1410 5654 1457 5695; x_wconf 86' lang='lat' dir='ltr'>et</span> <span class='ocrx_word' id='word_1_764' title='bbox 1500 5658 1586 5695; x_wconf 75' lang='lat' dir='ltr'>vos</span> <span class='ocrx_word' id='word_1_765' title='bbox 1618 5653 1998 5710; x_wconf 78' lang='lat' dir='ltr'>persequentur</span> <span class='ocrx_word' id='word_1_766' title='bbox 2024 5653 2042 5690; x_wconf 85' lang='lat'>.&#39;</span> <span class='ocrx_word' id='word_1_767' title='bbox 2086 5640 2135 5694; x_wconf 75' lang='lat' dir='ltr'>si</span> <span class='ocrx_word' id='word_1_768' title='bbox 2171 5656 2283 5692; x_wconf 74' lang='lat' dir='ltr'>ser-</span> 
     </span>
    </p>
   </div>
   <div class='ocr_carea' id='block_1_110' title="bbox 773 5780 1773 5852">
    <p class='ocr_par' dir='ltr' id='par_1_110' title="bbox 773 5780 1773 5852">
     <span class='ocr_line' id='line_1_110' title="bbox 773 5780 1773 5852; baseline 0.001 -19"><span class='ocrx_word' id='word_1_769' title='bbox 773 5784 818 5813; x_wconf 79' lang='lat'><strong><em>&quot;</em></strong></span> <span class='ocrx_word' id='word_1_770' title='bbox 852 5781 1044 5852; x_wconf 84' lang='lat' dir='ltr'>Ephes.</span> <span class='ocrx_word' id='word_1_771' title='bbox 1077 5798 1128 5843; x_wconf 91' lang='lat' dir='ltr'>v,</span> <span class='ocrx_word' id='word_1_772' title='bbox 1165 5780 1219 5835; x_wconf 88' lang='grc'>6.</span> <span class='ocrx_word' id='word_1_773' title='bbox 1295 5783 1338 5814; x_wconf 69' lang='grc'>⁸³</span> <span class='ocrx_word' id='word_1_774' title='bbox 1363 5780 1529 5838; x_wconf 76' lang='lat' dir='ltr'>Ecdi.</span> <span class='ocrx_word' id='word_1_775' title='bbox 1560 5798 1644 5839; x_wconf 84' lang='lat' dir='ltr'>tu.</span> <span class='ocrx_word' id='word_1_776' title='bbox 1679 5781 1773 5836; x_wconf 69' lang='lat'>2‘2.</span> 
     </span>
    </p>
   </div>
   <div class='ocr_carea' id='block_1_111' title="bbox 703 5852 1236 5918">
    <p class='ocr_par' dir='ltr' id='par_1_111' title="bbox 703 5852 1236 5918">
     <span class='ocr_line' id='line_1_111' title="bbox 703 5852 1236 5918; baseline -0.002 -10"><span class='ocrx_word' id='word_1_777' title='bbox 703 5856 749 5884; x_wconf 79' lang='lat'><strong>”</strong></span> <span class='ocrx_word' id='word_1_778' title='bbox 777 5855 918 5909; x_wconf 80' lang='lat' dir='ltr'>Psal.</span> <span class='ocrx_word' id='word_1_779' title='bbox 960 5868 1144 5918; x_wconf 69' lang='lat' dir='ltr'>cum,</span> <span class='ocrx_word' id='word_1_780' title='bbox 1182 5852 1236 5907; x_wconf 81' lang='grc'>4.</span> 
     </span>
    </p>
   </div>
   <div class='ocr_carea' id='block_1_112' title="bbox 1850 5778 2817 5847">
    <p class='ocr_par' dir='ltr' id='par_1_112' title="bbox 1850 5778 2817 5847">
     <span class='ocr_line' id='line_1_112' title="bbox 1850 5778 2817 5847; baseline -0.001 -13"><span class='ocrx_word' id='word_1_781' title='bbox 1850 5780 1899 5815; x_wconf 68' lang='grc' dir='ltr'>’δ</span> <span class='ocrx_word' id='word_1_782' title='bbox 1930 5781 1949 5834; x_wconf 87' lang='grc' dir='ltr'>Ι</span> <span class='ocrx_word' id='word_1_783' title='bbox 1980 5778 2110 5836; x_wconf 90' lang='lat' dir='ltr'>Cor.</span> <span class='ocrx_word' id='word_1_784' title='bbox 2148 5795 2238 5847; x_wconf 86' lang='lat' dir='ltr'>xv,</span> <span class='ocrx_word' id='word_1_785' title='bbox 2266 5780 2355 5835; x_wconf 83' lang='grc'>50.</span> <span class='ocrx_word' id='word_1_786' title='bbox 2432 5781 2476 5812; x_wconf 76' lang='grc'>³³</span> <span class='ocrx_word' id='word_1_787' title='bbox 2499 5778 2614 5835; x_wconf 81' lang='lat' dir='ltr'>Jac.</span> <span class='ocrx_word' id='word_1_788' title='bbox 2646 5796 2700 5845; x_wconf 74' lang='grc' dir='ltr'>ιν,</span> <span class='ocrx_word' id='word_1_789' title='bbox 2730 5780 2817 5833; x_wconf 81' lang='grc' dir='ltr'>Η.</span> 
     </span>
    </p>
   </div>
   <div class='ocr_carea' id='block_1_113' title="bbox 2456 5177 3964 5249">
    <p class='ocr_par' dir='ltr' id='par_1_113' title="bbox 2456 5177 3964 5249">
     <span class='ocr_line' id='line_1_113' title="bbox 2456 5177 3964 5249; baseline 0.003 -18"><span class='ocrx_word' id='word_1_790' title='bbox 2456 5180 2569 5232; x_wconf 87' lang='grc' dir='ltr'>Οῦκ</span> <span class='ocrx_word' id='word_1_791' title='bbox 2602 5177 2823 5240; x_wconf 80' lang='grc' dir='ltr'>ἀκούεις</span> <span class='ocrx_word' id='word_1_792' title='bbox 2856 5178 2907 5229; x_wconf 79' lang='grc' dir='ltr'>τί</span> <span class='ocrx_word' id='word_1_793' title='bbox 2936 5178 3083 5245; x_wconf 82' lang='grc' dir='ltr'>λέγει</span> <span class='ocrx_word' id='word_1_794' title='bbox 3112 5177 3190 5247; x_wconf 82' lang='grc' dir='ltr'>τῷ</span> <span class='ocrx_word' id='word_1_795' title='bbox 3225 5178 3465 5249; x_wconf 71' lang='grc' dir='ltr'>Ἱερεμίᾳ</span> <span class='ocrx_word' id='word_1_796' title='bbox 3487 5196 3502 5245; x_wconf 87' lang='grc'>;</span> <span class='ocrx_word' id='word_1_797' title='bbox 3528 5180 3719 5246; x_wconf 76' lang='grc' dir='ltr'>Κάθες</span> <span class='ocrx_word' id='word_1_798' title='bbox 3742 5183 3964 5249; x_wconf 83' lang='grc' dir='ltr'>αὐτοὺς</span> 
     </span>
    </p>
   </div>
   <div class='ocr_carea' id='block_1_114' title="bbox 2382 5272 3965 5341">
    <p class='ocr_par' dir='ltr' id='par_1_114' title="bbox 2382 5272 3965 5341">
     <span class='ocr_line' id='line_1_114' title="bbox 2382 5272 3965 5341; baseline 0.001 -14"><span class='ocrx_word' id='word_1_799' title='bbox 2382 5276 2469 5339; x_wconf 82' lang='grc' dir='ltr'>εἰς</span> <span class='ocrx_word' id='word_1_800' title='bbox 2498 5272 2563 5325; x_wconf 82' lang='grc' dir='ltr'>τὸ</span> <span class='ocrx_word' id='word_1_801' title='bbox 2594 5272 2999 5339; x_wconf 60' lang='lat' dir='ltr'>xeunt/eripior</span> <span class='ocrx_word' id='word_1_802' title='bbox 3018 5288 3031 5301; x_wconf 73' lang='grc' dir='ltr'><strong>ο</strong></span> <span class='ocrx_word' id='word_1_803' title='bbox 3066 5272 3165 5324; x_wconf 75' lang='grc' dir='ltr'>καὶ</span> <span class='ocrx_word' id='word_1_804' title='bbox 3200 5274 3427 5341; x_wconf 73' lang='grc' dir='ltr'>σκέψαι</span> <span class='ocrx_word' id='word_1_805' title='bbox 3453 5276 3505 5325; x_wconf 79' lang='grc' dir='ltr'>εί</span> <span class='ocrx_word' id='word_1_806' title='bbox 3535 5272 3809 5341; x_wconf 80' lang='grc' dir='ltr'>δοκίμιόν</span> <span class='ocrx_word' id='word_1_807' title='bbox 3835 5276 3965 5329; x_wconf 81' lang='grc' dir='ltr'>ἐστι</span> 
     </span>
    </p>
   </div>
   <div class='ocr_carea' id='block_1_115' title="bbox 2382 5363 3963 5435">
    <p class='ocr_par' dir='ltr' id='par_1_115' title="bbox 2382 5363 3963 5435">
     <span class='ocr_line' id='line_1_115' title="bbox 2382 5363 3963 5435; baseline 0.001 -18"><span class='ocrx_word' id='word_1_808' title='bbox 2382 5363 2577 5429; x_wconf 84' lang='grc' dir='ltr'>καθὼς</span> <span class='ocrx_word' id='word_1_809' title='bbox 2601 5364 2713 5432; x_wconf 80' lang='grc' dir='ltr'>ἐγὼ</span> <span class='ocrx_word' id='word_1_810' title='bbox 2746 5364 3153 5432; x_wconf 75' lang='grc' dir='ltr'>ἐδοκιμάσθην</span> <span class='ocrx_word' id='word_1_811' title='bbox 3176 5366 3328 5432; x_wconf 81' lang='grc' dir='ltr'>ὑπὲρ</span> <span class='ocrx_word' id='word_1_812' title='bbox 3355 5364 3574 5420; x_wconf 78' lang='grc' dir='ltr'>αὐτῶν.</span> <span class='ocrx_word' id='word_1_813' title='bbox 3622 5366 3963 5435; x_wconf 77' lang='grc' dir='ltr'>Ἑνέγκωμεν</span> 
     </span>
    </p>
   </div>
   <div class='ocr_carea' id='block_1_116' title="bbox 2381 5451 3962 5526">
    <p class='ocr_par' dir='ltr' id='par_1_116' title="bbox 2381 5451 3962 5526">
     <span class='ocr_line' id='line_1_116' title="bbox 2381 5451 3962 5526; baseline 0.003 -19"><span class='ocrx_word' id='word_1_814' title='bbox 2381 5458 2483 5521; x_wconf 78' lang='grc' dir='ltr'>ἑτι,</span> <span class='ocrx_word' id='word_1_815' title='bbox 2510 5451 2554 5509; x_wconf 76' lang='grc' dir='ltr'><strong>ὦ</strong></span> <span class='ocrx_word' id='word_1_816' title='bbox 2576 5459 2816 5523; x_wconf 87' lang='grc' dir='ltr'>γενναῖοι</span> <span class='ocrx_word' id='word_1_817' title='bbox 2846 5457 3174 5525; x_wconf 85' lang='grc' dir='ltr'>στρατιῶται</span> <span class='ocrx_word' id='word_1_818' title='bbox 3196 5457 3457 5526; x_wconf 85' lang='grc' dir='ltr'>Χριστοῦ.</span> <span class='ocrx_word' id='word_1_819' title='bbox 3480 5462 3548 5511; x_wconf 78' lang='grc' dir='ltr'>Αἱ</span> <span class='ocrx_word' id='word_1_820' title='bbox 3578 5459 3790 5526; x_wconf 68' lang='grc' dir='ltr'>ἡμέραι</span> <span class='ocrx_word' id='word_1_821' title='bbox 3823 5459 3962 5511; x_wconf 77' lang='grc' dir='ltr'>ὡσεί</span> 
     </span>
    </p>
   </div>
   <div class='ocr_carea' id='block_1_117' title="bbox 2381 5549 3961 5621">
    <p class='ocr_par' dir='ltr' id='par_1_117' title="bbox 2381 5549 3961 5621">
     <span class='ocr_line' id='line_1_117' title="bbox 2381 5549 3961 5621; baseline 0.001 -20"><span class='ocrx_word' id='word_1_822' title='bbox 2381 5552 2543 5602; x_wconf 72' lang='grc' dir='ltr'>σκιαὶ</span> <span class='ocrx_word' id='word_1_823' title='bbox 2574 5549 2913 5617; x_wconf 71' lang='grc' dir='ltr'>παράγουσι</span> <span class='ocrx_word' id='word_1_824' title='bbox 2932 5566 2945 5580; x_wconf 89' lang='grc'><strong>·</strong></span> <span class='ocrx_word' id='word_1_825' title='bbox 2977 5550 3079 5603; x_wconf 72' lang='grc' dir='ltr'>κᾶν</span> <span class='ocrx_word' id='word_1_826' title='bbox 3110 5552 3158 5602; x_wconf 85' lang='grc' dir='ltr'>οἰ</span> <span class='ocrx_word' id='word_1_827' title='bbox 3193 5551 3480 5613; x_wconf 85' lang='grc' dir='ltr'>διώκοντες</span> <span class='ocrx_word' id='word_1_828' title='bbox 3502 5552 3787 5621; x_wconf 81' lang='grc' dir='ltr'>ἐπιμένειν</span> <span class='ocrx_word' id='word_1_829' title='bbox 3814 5556 3961 5606; x_wconf 73' lang='grc' dir='ltr'>οἰων-</span> 
     </span>
    </p>
   </div>
   <div class='ocr_carea' id='block_1_118' title="bbox 2377 5640 3952 5713">
    <p class='ocr_par' dir='ltr' id='par_1_118' title="bbox 2377 5640 3952 5713">
     <span class='ocr_line' id='line_1_118' title="bbox 2377 5640 3952 5713; baseline 0.003 -20"><span class='ocrx_word' id='word_1_830' title='bbox 2377 5658 2490 5693; x_wconf 85' lang='grc' dir='ltr'>ται.</span> <span class='ocrx_word' id='word_1_831' title='bbox 2523 5643 2591 5693; x_wconf 84' lang='grc' dir='ltr'>Εί</span> <span class='ocrx_word' id='word_1_832' title='bbox 2623 5640 2727 5710; x_wconf 81' lang='grc' dir='ltr'>ἐμὲ</span> <span class='ocrx_word' id='word_1_833' title='bbox 2756 5641 3047 5707; x_wconf 80' lang='grc' dir='ltr'>ἐδίωξαν,</span> <span class='ocrx_word' id='word_1_834' title='bbox 3086 5645 3243 5713; x_wconf 68' lang='grc' dir='ltr'>φησὶ,</span> <span class='ocrx_word' id='word_1_835' title='bbox 3287 5644 3382 5697; x_wconf 78' lang='grc' dir='ltr'>καί</span> <span class='ocrx_word' id='word_1_836' title='bbox 3413 5642 3570 5713; x_wconf 80' lang='grc' dir='ltr'>ὑμᾶς</span> <span class='ocrx_word' id='word_1_837' title='bbox 3603 5644 3952 5707; x_wconf 70' lang='grc' dir='ltr'>ὄιώξουσινυ</span> 
     </span>
    </p>
   </div>
   <div class='ocr_carea' id='block_1_119' title="bbox 2892 5776 3947 5838">
    <p class='ocr_par' dir='ltr' id='par_1_119' title="bbox 2892 5776 3947 5838">
     <span class='ocr_line' id='line_1_119' title="bbox 2892 5776 3947 5838; baseline 0 -6"><span class='ocrx_word' id='word_1_838' title='bbox 2892 5779 2938 5813; x_wconf 76' lang='grc'><strong>⁸⁸</strong></span> <span class='ocrx_word' id='word_1_839' title='bbox 2962 5776 3063 5837; x_wconf 83' lang='lat' dir='ltr'>Job</span> <span class='ocrx_word' id='word_1_840' title='bbox 3095 5796 3289 5838; x_wconf 78' lang='lat' dir='ltr'>xum.</span> <span class='ocrx_word' id='word_1_841' title='bbox 3320 5780 3409 5836; x_wconf 60' lang='grc' dir='ltr'>ὅθ..</span> <span class='ocrx_word' id='word_1_842' title='bbox 3486 5782 3529 5814; x_wconf 67' lang='grc' dir='ltr'>θ’</span> <span class='ocrx_word' id='word_1_843' title='bbox 3560 5779 3729 5836; x_wconf 83' lang='lat' dir='ltr'>Zaeh.</span> <span class='ocrx_word' id='word_1_844' title='bbox 3768 5779 3947 5837; x_wconf 62' lang='lat' dir='ltr'>v.15.</span> 
     </span>
    </p>
   </div>
  </div>
