4164 6510
217 463 361 527 1229

1418 457 1965 519 EPIS‘I‘OLARUM
2025 458 2173 519 LlB.
2208 459 2291 518 II.

3357 453 3492 520 1230

210 581 268 633 εί
310 578 420 631 τὸν
453 578 644 646 λόγον
684 591 803 645 μου
856 574 1189 643 ἐτήρησαν,
1219 573 1319 627 καί
1361 574 1472 628 τὸν
1517 560 1808 643 ὑμέτερον

1926 589 2117 628 nonem
2163 590 2338 628 meum
2386 578 2764 637 servaverunt,
2812 580 2863 626 et
2912 579 3141 627 uestrum
3187 569 3494 625 servabunt.

211 670 622 740 τηρήσουσιν·
639 666 827 722 Ἀλλὰ
843 666 1032 720 ταῦτα
1050 666 1248 719 πάντα
1268 666 1641 735 ποιήσουσιν
1663 665 1808 737 ὑμῖν

212 764 316 819 διὰ
347 762 414 816 τὸ
445 760 635 831 ὄνομά
659 775 809 830 μου·
850 760 941 814 ὅτι
963 761 1075 814 οὐκ
1111 759 1316 813 οἴδασι
1346 759 1455 812 τὸν
1483 758 1809 828 πέμψαντά

210 873 312 926 με.
351 854 469 907 Ἐπ’
494 854 754 924 ἀληθείας
785 853 893 924 γὰρ
921 853 1023 905 οὐκ
1038 853 1266 916 οῖδασιν,
1300 853 1384 905 ὅτι
1424 851 1487 904 '0
1516 851 1663 918 Θεὸς
1706 850 1805 903 καί

217 950 426 1017 Πατὴρ
470 950 705 1018 ἔπεμψε
754 947 864 1001 τὸν
925 944 1065 999 Υἱόν
1111 945 1299 999 αὑτοῦ
1351 944 1459 998 τὸν
1503 943 1809 1014 μονογενῆ

217 1043 551 1111 γενόμενον
584 1041 654 1094 ἐκ
697 1038 1007 1109 γυναικὸς,
1042 1038 1371 1107 γενόμενον
1416 1035 1537 1090 ὑπὸ
1580 1037 1771 1105 νόμον
1794 1054 1808 1068 ·

218 1138 325 1189 ἵνα
347 1134 491 1199 τοὺς
513 1132 634 1188 ὑπὸ
665 1134 855 1202 νόμον
876 1130 1239 1201 ἐξαγοράσῃ·
1278 1130 1365 1182 ἵνα
1394 1130 1493 1195 τὴν
1554 1129 1812 1198 οἰκουμέ-

215 1244 321 1299 νην
342 1226 422 1298 τῷ
446 1227 561 1297 ἰδίῳ
584 1226 759 1295 Πατρὶ
788 1226 1228 1295 κατακτήσηται.
1255 1222 1328 1276 Ἦ
1363 1223 1475 1293 γὰρ
1504 1224 1571 1277 ἂν
1611 1224 1713 1275 οὐκ
1746 1223 1813 1277 ἂν

215 1319 488 1391 ἠρνοῦντο
518 1319 679 1371 αὐτὸν
719 1316 1140 1390 ἐγγράφεσθαι·
1175 1316 1356 1379 οὐδεὶς
1380 1316 1490 1386 γὰρ
1522 1317 1586 1369 ἐκ
1618 1333 1813 1384 γυναι-

215 1412 321 1476 κός
379 1410 757 1480 γεννώμενος,
828 1409 1232 1471 ἀνεικόνιστος,
1291 1408 1341 1461 εί
1407 1408 1531 1478 μηδ’
1588 1406 1654 1460 ἂν
1705 1403 1816 1460 εἷεν

216 1503 508 1573 ἐκτρωμα.
548 1500 706 1555 Οῦτω
733 1498 1047 1570 τοιγαροῦν,
1084 1499 1339 1567 ἀδελφοὶ,
1385 1496 1816 1568 καταρτίζωμεν

218 1595 475 1659 ἑαυτούς.
518 1594 629 1648 Καὶ
660 1593 805 1647 οὕτω
849 1590 1326 1665 παρακαλούμεθα
1361 1593 1474 1653 τοῖς
1504 1590 1689 1659 λόγοις
1722 1589 1815 1643 τοῦ

219 1688 479 1758 Σωτῆρος
529 1685 687 1756 ἡμῶν
752 1685 929 1755 Ἰησοῦ
976 1684 1252 1756 Χριστοῦ·
1308 1683 1674 1753 ἀναμένοντες
1716 1683 1818 1753 τὴν

218 1778 605 1832 ἀνταπόδοσιν.
651 1776 789 1829 Ἀλλ’
823 1775 1004 1830 οἴδατε
1035 1771 1147 1840 οἷος
1172 1778 1201 1830 6
1233 1774 1509 1837 Λεόντιος·
1541 1774 1818 1846 εὐνούχων

219 1871 405 1940 γένος,
441 1870 499 1923 οὐ
534 1869 695 1939 μόνον
734 1869 953 1939 ἄτιμον,
988 1869 1064 1932 ῶς
1096 1885 1181 1932 τις
1214 1868 1323 1921 τῶν
1354 1865 1630 1938 θεοφόρων
1665 1868 1817 1939 εἰρη-

221 1980 347 2024 κεν,
372 1961 509 2014 ἀλλά
540 1962 635 2015 καὶ
665 1960 1106 2032 άρνησίχριστον·
1138 1960 1233 2014 καὶ
1255 1957 1364 2013 οὐδ’
1393 1956 1569 2022 οὕτως
1612 1959 1819 2023 ἀρκού-

1913 666 2020 723 Sed
2064 667 2175 722 lucc
2217 670 2397 722 omnia
2424 667 2621 735 facient
2651 665 2795 720 vobis
2823 672 3036 732 propter
3062 678 3248 717 nomen
3281 678 3454 716 meum
3479 674 3500 714 :

1910 761 2038 829 quia
2058 760 2291 814 nesciunt
2309 776 2428 813 eum
2454 759 2544 828 qui
2561 758 2703 811 misit
2734 757 2896 811 me”.
2920 755 3058 811 Vere
3076 756 3221 809 enim
3246 754 3503 824 ignorant

1912 853 2057 923 quod
2093 851 2235 905 Deus
2264 861 2318 905 et
2360 851 2522 905 Pater
2549 849 2694 904 misit
2737 845 2923 901 Filum
2970 863 3128 901 suum
3168 846 3502 916 unigenitum

1912 945 2117 1015 factum
2158 960 2222 997 ea:
2256 942 2492 1005 muliere,
2525 941 2727 1011 factum
2767 939 2862 992 sub
2898 937 3029 1008 lege,
3065 947 3125 991 ut
3161 954 3247 991 eos
3279 939 3369 1008 qui
3404 936 3501 990 sub

1912 1038 2027 1109 lege
2056 1046 2210 1092 erant
2241 1036 2521 1090 redimeret
2547 1036 2588 1099 ¹,
2621 1042 2675 1088 et
2706 1031 2854 1087 Patri
2889 1046 2990 1085 suo
3013 1031 3283 1085 mundum
3317 1027 3504 1097 acqui-

1915 1140 2083 1187 reret.
2116 1128 2236 1185 Nisi
2261 1130 2407 1185 enim
2448 1128 2789 1198 ignorarem,
2824 1124 2978 1178 illum
3006 1122 3155 1194 pingi
3192 1136 3301 1176 non
3330 1135 3502 1189 nega-

1915 1234 2039 1280 rent
2067 1242 2081 1278 :
2116 1238 2279 1278 nemo
2305 1222 2509 1292 quippe
2539 1220 2633 1290 qui
2674 1235 2741 1275 ex
2775 1218 3004 1273 muliere
3045 1226 3208 1271 natus
3253 1216 3345 1281 sil,
3378 1215 3503 1270 talis

1914 1326 2002 1372 est
2056 1327 2115 1370 ut
2169 1314 2401 1386 exprimi
2463 1329 2575 1368 non
2634 1312 2809 1382 possit
2860 1329 2874 1365 :
2926 1309 3134 1380 alioqui
3191 1309 3501 1364 abortivum

1916 1407 2178 1477 quiddam
2208 1414 2375 1461 esset.
2411 1404 2503 1459 Sic
2532 1404 2739 1473 itaque,
2768 1402 2990 1469 fratres,
3019 1401 3373 1472 perficiamus
3402 1414 3506 1454 nos

1918 1503 2071 1572 ipsos
2102 1519 2115 1555 :
2150 1501 2233 1557 sic
2261 1500 2701 1556 consolationem
2732 1498 3003 1553 habemus
3032 1498 3086 1551 in
3112 1497 3298 1552 verbis
3325 1495 3509 1551 Salva-

1918 1595 2055 1650 toris
2092 1595 2265 1649 nostri
2314 1592 2446 1649 Jesu
2488 1592 2721 1656 Christi,
2756 1600 3141 1662 exspectantes
3184 1604 3509 1645 renumera-

1919 1686 2147 1742 tionem.
2186 1685 2295 1741 Sed
2340 1686 2517 1742 nostis
2551 1685 2733 1755 qualis
2765 1684 2837 1739 sit
2871 1684 3135 1739 Leontius
3172 1700 3186 1737 :
3220 1684 3510 1738 eunucho-

1920 1796 2043 1835 rum
2070 1794 2266 1851 genus,
2300 1795 2411 1834 non
2444 1780 2621 1835 solum
2665 1778 2984 1850 inglorium,
3026 1786 3088 1833 ut
3121 1776 3343 1848 quidam
3375 1792 3507 1832 san-

1923 1883 2142 1929 ctorum
2169 1873 2327 1938 dixit,
2357 1872 2451 1927 sed
2487 1881 2543 1926 et
2570 1871 2853 1926 Christum
2886 1886 3125 1941 negans;
3167 1885 3348 1941 neque
3376 1870 3513 1924 adeo

1923 1966 2011 2019 his
2045 1964 2246 2019 finibus
2276 1978 2337 2018 se
2373 1963 2687 2028 continens,
2726 1976 2916 2016 verum
2952 1960 3150 2015 acerbe
3188 1970 3245 2014 et
3276 1958 3515 2013 crudeli-

228 2073 417 2126 μενον,
474 2054 610 2107 ἀλλά
666 2056 762 2108 καὶ
812 2054 1021 2124 ἀγρίως
1080 2052 1499 2125 τιμωρούμενον
1556 2054 1818 2123 ἀδελφοὺς

1926 2067 2010 2113 ter
2039 2054 2239 2112 fratres
2266 2064 2488 2111 nostros
2512 2056 2863 2109 excrucians.
2892 2052 2998 2120 Qui
3030 2062 3156 2108 ante
3183 2051 3512 2122 discipulus,

224 2145 413 2217 ἡμῶν.
451 2146 509 2200 '0
544 2147 674 2218 πρὶν
711 2145 982 2219 μαθητὴς,
1018 2145 1113 2199 νῦν
1146 2147 1390 2220 ἀρνητὴς
1432 2148 1757 2215 Ὶουδαῖζων·
1790 2151 1819 2204 6

1926 2163 2071 2204 nunc
2100 2155 2331 2219 negator
2360 2146 2652 2217 judaizans
2689 2165 2702 2201 :
2736 2146 2831 2215 qui
2864 2145 3009 2200 inter
3038 2145 3239 2200 fratres
3264 2143 3513 2199 eminen-

226 2241 292 2292 ὲν
336 2238 584 2309 ἀδελφοῖς
616 2238 986 2309 ὑπερέχουσι,
1036 2239 1180 2292 κατὰ
1229 2240 1340 2293 τῶν
1387 2240 1633 2311 ἀδελφῶν
1677 2240 1819 2311 ὑπὲρ

1926 2241 2113 2305 tiores,
2158 2254 2307 2294 nunc
2347 2250 2537 2293 contra
2577 2237 2772 2291 fratres
2814 2252 2982 2307 supra
3012 2236 3229 2307 judices
3270 2250 3465 2291 omnes
3498 2252 3514 2290 :

229 2333 483 2395 ἅπαντας
506 2333 630 2394 τοὺς
658 2331 1002 2395 δικάζοντας·
1031 2332 1060 2384 6
1094 2330 1170 2403 μὴ
1194 2331 1370 2401 λέγων
1396 2334 1587 2399 ἁπλῶς
1609 2334 1816 2399 εἰκόνα,

228 2421 373 2474 άλλά
406 2422 567 2489 ἁγίαν
596 2420 804 2485 εἰκόνα,
838 2420 1077 2492 Χριστοῦ
1107 2423 1295 2493 τυχὸν,
1328 2424 1429 2494 τῆς
1459 2423 1753 2490 Θεοτόκου,
1784 2427 1819 2498 ἢ

225 2512 479 2565 τινοσοῦν
507 2511 617 2563 τῶν
646 2510 837 2578 ἀγίων·
874 2510 1001 2582 ἄρτι
1031 2511 1151 2565 ἐστὶ
1183 2512 1379 2581 καίων,
1408 2514 1715 2587 καθαιρῶν,
1746 2515 1823 2580 ώς

229 2602 343 2672 θὴρ
375 2601 700 2672 μαινόμενος
756 2595 1267 2675 βλασφημῶν.“Ἑξ
1296 2597 1360 2658 οὗ
1412 2605 1509 2658 καὶ
1560 2605 1640 2677 τῷ
1688 2623 1825 2677 κρα-

230 2693 417 2747 τοῦντι
448 2691 805 2763 φιλούμενος,
842 2695 937 2747 καὶ¹
974 2695 1087 2748 τῶν
1117 2696 1502 2768 μοναστηρίων
1530 2696 1689 2767 ἡμῶν
1721 2697 1825 2768 ἄρ-

230 2803 369 2856 χων,
397 2785 491 2837 καὶ
516 2785 696 2838 πάντα
723 2786 980 2856 πράττων
1010 2787 1039 2839 6
1059 2786 1227 2852 τάλας
1256 2788 1336 2851 εἰς
1364 2788 1607 2861 Χριστοῦ
1641 2787 1823 2859 ὓϐριν.

250 2880 391 2934 Ἀλλ’
423 2880 546 2933 οὐαί
584 2881 707 2952 μοιί
740 2880 852 2951 ἐμὰ
897 2880 1007 2953 γὰρ
1039 2882 1108 2935 τὰ
1160 2882 1373 2936 ἐκείνου
1408 2884 1823 2955 κωμῳδήματα.

234 2974 433 3042 ’Ὅμως
464 2973 549 3025 ὅτι
596 2972 674 3043 τῷ
724 2972 870 3026 κατά
925 2972 1106 3043 σάρκα
1156 2973 1391 3044 φύσαντι
1440 2976 1650 3047 ὅμοιος·
1702 2975 1829 3029 ἐπεὶ

236 3070 493 3134 κάκεῖνος
513 3071 722 3148 ¹ἐντοῖς
752 3070 922 3124 πάλαι
956 3073 1171 3141 καιροῖς
1207 3072 1517 3143 ἀκροθίνιον
1544 3071 1824 3139 άσεὸείας,

237 3162 433 3233 ῶσπερ
459 3164 555 3217 καὶ
581 3163 675 3217 τοῦ
724 3164 970 3235 Ἑρμίου.
1001 3167 1206 3237 ’Ἄμφω
1236 3167 1345 3239 γάρ
1378 3168 1699 3239 δαιμονῶσι·
1732 3170 1829 3223 καὶ

1924 2335 2019 2405 qui
2050 2349 2155 2389 non
2183 2334 2507 2403 simpliciter
2536 2332 2830 2402 imaginem
2858 2331 3101 2396 dicebat.
3135 2330 3232 2387 sed
3263 2339 3515 2387 sanctam

1927 2429 2250 2498 imaginem,
2287 2428 2403 2483 sive
2430 2426 2661 2495 Christi,
2699 2427 2814 2481 sive
2843 2424 3091 2496 Deipara:
3121 2431 3178 2479 et
3222 2424 3519 2495 cujuslibet

1926 2527 2278 2589 sanctorum;
2325 2536 2472 2575 nunc
2494 2535 2588 2575 eas
2616 2519 2878 2585 incendit,
2907 2528 2962 2575 et
2995 2519 3197 2585 abolet,
3230 2518 3517 2574 insanien-

1926 2617 1997 2673 tis
2052 2616 2229 2671 instar
2263 2614 2395 2671 ferae
2444 2614 2858 2685 blasphemans.
2893 2612 3046 2670 Unde
3093 2622 3149 2668 et
3198 2613 3517 2684 imperatori

1927 2710 2129 2766 charus
2181 2707 2359 2763 factus
2400 2718 2505 2774 est,
2542 2716 2597 2762 et
2642 2705 2992 2760 monasteriis
3038 2706 3249 2760 nostris
3284 2705 3516 2776 potitur,

1928 2812 1985 2860 et
2018 2803 2201 2859 omnia
2235 2800 2406 2855 miser
2436 2798 2570 2855 facit
2610 2799 2665 2853 in
2710 2798 3100 2853 contumeliam
3132 2797 3364 2853 Christi.
3410 2796 3520 2852 Sed

1929 2896 2036 2953 heu
2085 2896 2207 2951 me!
2265 2908 2387 2948 mea
2435 2892 2582 2947 enim
2635 2892 2753 2947 haec
2794 2892 2914 2963 ejus
2961 2890 3223 2947 ludibria.
3261 2893 3518 2947 Attamen

1931 2990 2128 3046 similis
2163 2987 2240 3043 illi
2272 2995 2376 3052 est,
2403 2987 2495 3058 qui
2532 2986 2721 3056 genuit
2751 2984 3053 3041 secundum
3086 2999 3308 3041 carnem
3342 3002 3355 3039 :
3391 2998 3517 3038 nam

1929 3094 1985 3140 et
2029 3084 2121 3138 ille
2169 3082 2302 3138 olim
2351 3082 2612 3153 primitiae
2670 3078 2851 3135 fuerat
2886 3078 3210 3149 impietatis,
3264 3077 3407 3133 sicut
3466 3089 3522 3132 et

1930 3174 2166 3232 Hermia:
2192 3194 2206 3231 :
2239 3176 2406 3230 ambo
2434 3175 2579 3229 enim
2610 3174 2858 3229 furentes
2879 3181 3121 3244 aguntur
3146 3190 3161 3227 :
3194 3186 3297 3227 nec
3327 3172 3523 3226 miscet

234 3255 303 3307 ού
349 3254 498 3325 μίγει
535 3255 564 3306 6
602 3254 734 3319 Θεὸς
769 3256 1015 3329 κορώνην
1056 3260 1150 3313 καὶ
1190 3262 1544 3331 περιστεράν·
1576 3262 1712 3316 ἀλλὰ
1759 3262 1820 3315 τὰ

1933 3269 2079 3326 Deus
2127 3271 2405 3325 cornicem
2456 3268 2750 3336 columbae,
2808 3266 2903 3323 sed
2949 3265 3153 3322 similia
3214 3264 3518 3320 similibus.

232 3348 401 3416 ὃμοια
424 3350 536 3414 τοῖς
569 3349 796 3420 ὁμοίοις.
836 3351 1065 3404 Ἐκεῖνοι
1097 3353 1195 3423 μὲν
1218 3351 1413 3417 οὕτως.
1439 3354 1548 3407 Καὶ
1577 3353 1695 3424 δοίη
1729 3355 1824 3408 αὐο

234 3442 353 3502 τοῖς
389 3440 593 3511 Κύριος
632 3443 930 3511 ἐπίγνωσιν
957 3444 1240 3515 ἀληθείας,
1274 3444 1688 3516 ὲζωγρημένοις
1720 3446 1825 3500 ὑπὸ

233 3532 335 3586 τοῦ
361 3532 607 3588 διαϐόλου
632 3538 711 3599 εἰς
729 3536 790 3588 τὸ
812 3536 1021 3590 ἐκείνου
1051 3537 1285 3609 θέλημα.
1319 3538 1496 3610 ’Υμᾶς
1516 3538 1571 3592 δὲ
1592 3539 1826 3609 Χριστὸς

235 3629 339 3681 σὺν
359 3621 440 3692 οἷς
470 3630 498 3681 6
529 3629 844 3698 ἀποστάτης
866 3630 1109 3697 κολάζει,
1140 3632 1436 3702 στηρίξειε,
1462 3632 1822 3704 δυναμώσειε,

236 3720 579 3791 κρατύνοιεν,
632 3723 956 3791 ὑπενεγκεῖν
997 3724 1077 3777 ἔτι
1102 3763 1117 3788 ,
1160 3726 1497 3791 πεινῶντας,
1534 3724 1825 3795 διψῶντας,

232 3812 684 3883 γυμνητεύοντας
708 3854 723 3879 ,
760 3816 1226 3887 κολαφιζομένους
1248 3859 1264 3885 ,
1298 3818 1689 3883 ἀστατοῦντας,
1733 3836 1826 3873 κο-

237 3905 503 3970 πιῶντας,
526 3906 990 3977 λοιδορουμένους,
1019 3909 1390 3979 διωκομένους
1414 3952 1429 3976 ,
1468 3910 1827 3981 βλασφημού-

238 3997 472 4068 μένους,
536 3997 616 4063 ὠς
662 3998 1144 4068 περικαθάρματα
1190 4001 1370 4068 ὄντας
1413 4003 1522 4057 τοῦ
1567 4004 1823 4073 κόσμου,

236 4089 485 4142 πάντων
526 4090 834 4160 περίψημα
855 4130 869 4153 ,
902 4090 1044 4144 κατά
1078 4092 1292 4146 Παῦλον
1320 4094 1412 4147 τὸν
1443 4095 1620 4166 μέγαν
1640 4136 1655 4159 ,
1708 4097 1826 4169 μεθ’

237 4178 305 4239 οὗ
339 4180 448 4237 εἶεν
482 4189 578 4239 καὶ
610 4187 643 4255 ἠ
696 4186 853 4258 μερὶς
888 4187 1067 4259 ὑμῶν.
1118 4187 1390 4257 Ἀδελφοί,
1452 4190 1825 4260 προσεύχεσθε

236 4278 373 4347 περὶ
401 4276 559 4347 ἡμῶν
584 4278 695 4335 τῶν
724 4280 1102 4351 ἁμαρτωλῶν,
1134 4281 1222 4334 ἵνα
1266 4281 1602 4352 σωζοίμεθα·
1643 4283 1828 4347 ἀξιού-

240 4386 398 4439 μενοι
426 4370 648 4425 πάντων
673 4372 783 4425 τῶν
808 4373 1180 4443 ἐνισταμένων
1210 4372 1304 4426 τοῦ
1331 4375 1562 4444 ἐσχάτου
1592 4373 1823 4445 βαθμοῦ.

250 4462 588 4528 Ἀσπάζεται
624 4465 770 4535 ὑμᾶς
802 4467 830 4519 6
868 4465 965 4519 σὺν
996 4466 1120 4535 ἐμοὶ
1146 4466 1377 4535 ἀδελφὸς
1414 4467 1707 4531 Νικόλαος.
1769 4469 1830 4524 Ἡ

237 4552 416 4623 χάρις
442 4553 551 4607 τοῦ
577 4556 725 4610 Θεοῦ
742 4558 893 4626 μετὰ
913 4556 1159 4611 πάντων
1185 4557 1374 4627 ὑμῶν.
1413 4558 1620 4627 Ἀμήν.

1933 3363 2077 3432 Ergo
2108 3362 2185 3416 illi
2217 3361 2285 3416 ad
2323 3362 2469 3417 hunc
2510 3360 2758 3415 modum.
2783 3359 2883 3414 Det
2912 3360 3019 3417 illis
3049 3356 3316 3412 Dominus
3348 3371 3522 3427 agno-

1933 3472 2089 3511 scere
2134 3455 2447 3522 veritatem,
2504 3469 2644 3524 quos
2691 3462 2880 3524 captos
2931 3451 3181 3507 diabolus
3230 3458 3379 3505 tenet
3423 3463 3524 3519 pro

1933 3562 2033 3603 sua
2081 3546 2382 3600 voluntate.
2442 3543 2553 3599 Vos
2596 3559 2727 3599 vero
2772 3543 3027 3599 Christus
3071 3557 3196 3597 cum
3248 3542 3337 3608 iis,
3379 3554 3522 3611 quos

1931 3648 2100 3697 vexat
2143 3649 2416 3710 apostata,
2463 3637 2779 3705 confirmet,
2826 3638 3083 3707 viresque
3111 3651 3177 3691 ac
3220 3636 3394 3690 robur
3422 3634 3523 3691 tri-

1932 3733 2087 3799 buat,
2133 3744 2195 3788 ut
2240 3734 2515 3789 sustinere
2554 3731 2736 3786 adhuc
2784 3730 3030 3801 possitis,
3086 3727 3415 3792 esurientes,
3446 3725 3524 3781 si-

1932 3827 2154 3892 tientes,
2184 3824 2340 3891 nudi,
2371 3824 2621 3893 colaphis
2650 3822 2803 3883 caesi,
2833 3820 3146 3883 instabiles,
3178 3817 3519 3883 laborantes,

1933 3918 2223 3973 maledicta
2291 3926 2347 3972 et
2392 3916 2832 3987 persecutionem
2907 3913 3212 3984 patientes,
3260 3910 3519 3981 blasphe-

1936 4012 2088 4077 Inati,
2142 4019 2394 4080 tanquam
2426 4019 2775 4080 purgamenta
2822 4008 2980 4076 hujus
3026 4005 3234 4068 mundi,
3288 4004 3523 4059 omnium

1934 4104 2315 4175 peripsema',
2372 4112 2434 4158 ut
2496 4103 2700 4158 Paulus
2768 4116 3000 4171 magnus
3044 4112 3330 4171 :quocum
3394 4111 3523 4165 pars

1935 4206 2118 4252 vestra
2150 4198 2241 4252 sit.
2271 4196 2517 4258 Fratres,
2549 4204 2705 4250 orate
2727 4210 2828 4264 pro
2866 4192 3024 4247 nobis
3050 4189 3433 4262 peccatoribus
3462 4198 3524 4242 ut

1937 4290 2235 4354 salvemur,
2271 4288 2419 4358 digni
2468 4286 2637 4341 habiti
2675 4286 2920 4339 omnium
2949 4283 3043 4354 qui
3075 4281 3399 4337 restiterunt
3434 4279 3524 4340 in-

1936 4382 2067 4435 ﬁmo
2107 4382 2301 4451 gradu.
2336 4379 2550 4434 Salutat
2580 4393 2680 4433 vos
2722 4377 2817 4447 qui
2847 4390 3060 4431 mecum
3105 4384 3193 4431 est
3227 4374 3399 4430 frater
3422 4372 3522 4429 Ni-

1935 4475 2149 4529 colaus.
2207 4471 2399 4527 Gratia
2434 4473 2529 4528 Dei
2562 4488 2681 4527 cum
2708 4470 2950 4525 omnibus
2974 4469 3142 4524 vobis.
3179 4469 3347 4523 Amen
3370 4466 3414 4522 ³.

236 4688 451 4746 ΛΗἏ-
468 4691 787 4767 Θεόδωρος⁸
815 4696 947 4761 ταῖς
1002 4696 1316 4765 πανταχοῦ
1356 4696 1820 4767 διεσπαρμέναις

1934 4698 2227 4757 XXXVIII.
2256 4730 2327 4740 —
2354 4698 2663 4754 Theodorus
2712 4698 2904 4767 ubique
2959 4695 3216 4767 dispersis
3264 4693 3520 4766 fraterni-

717 4763 1154 4835 ἀδελφότπσιν.
1195 4763 1371 4842 [τια’.]

2611 4769 2831 4823 tatibus.

949 4882 1279 4933 Catechetica.
1303 4883 1344 4934 E
1369 4897 1569 4935 carcere
1592 4899 1709 4935 suos
1734 4884 2039 4933 adhortatur.
2066 4880 2269 4945 (Baron.
2294 4892 2374 4930 an.
2398 4880 2508 4940 819,
2534 4892 2585 4929 ιι.
2614 4878 2717 4942 18.)

311 4982 585 5052 Χαίρετε,
622 4984 946 5055 ἐπιπόθητοι
997 5003 1098 5056 μου
1145 4988 1368 5056 ἀδελφοὶ
1403 4990 1498 5042 καὶ
1538 4988 1783 5059 Πατέρες
1805 5028 1821 5054 ,

236 5078 324 5129 ὅτι
373 5078 549 5147 χαρᾶς
595 5077 912 5145 εὐαγγέλια.
960 5079 1129 5133 Πάλιν
1162 5080 1479 5151 ἠξιώθημεν
1521 5082 1572 5135 οί
1613 5079 1823 5147 ἀνάξιοι

238 5168 575 5238 ὁμολογῆσαι
618 5169 717 5239 τὴν
757 5170 929 5240 καλὴν
958 5172 1274 5241 ὁμολογίαν·
1309 5173 1472 5226 πάλιν
1515 5174 1824 5245 ᾑκίσθημεν

239 5260 384 5329 ὑπὲρ
412 5261 506 5313 τοῦ
550 5261 813 5331 ὀνόματος
849 5264 944 5317 τοῦ
986 5267 1190 5336 Κυρίου
1221 5267 1542 5338 ἀμφότεροι.
1569 5268 1680 5320 Καὶ
1715 5268 1823 5339 γάρ

239 5351 336 5404 καὶ
362 5354 390 5405 6
413 5354 637 5423 ἀδελφὸς
657 5356 927 5420 Νικόλαος
943 5358 1205 5427 ὲνήθλησε
1228 5359 1495 5414 κάλλιστα
1516 5361 1608 5413 καὶ
1639 5359 1825 5413 πιστός

238 5462 402 5498 τατα.
438 5446 673 5519 Εἶδομεν
721 5451 786 5504 ἐκ
822 5451 1042 5522 σαρκῶν
1074 5453 1234 5522 ἡμῶν
1269 5455 1574 5526 κενούμενα
1602 5454 1679 5526 [τ.
1705 5454 1825 5525 χεό-

245 5533 409 5608 μενα]
441 5539 534 5590 ἐπὶ
563 5540 665 5609 γῆς
699 5540 907 5611 αἵματα
940 5544 991 5595 οἱ
1026 5544 1295 5597 ταπεινοί·
1332 5545 1677 5614 ἐθεασάμεθα
1707 5543 1824 5614 μώ-

238 5630 456 5694 λωπας,
491 5631 715 5701 ίχῶρας,
750 5635 817 5686 τὰ
848 5635 1057 5691 τούτοις
1092 5636 1385 5690 ἀκόλουθα.
1420 5637 1495 5689 Οὐ
1524 5634 1698 5690 ταῦτα
1727 5652 1828 5705 χα-

240 5721 382 5785 οΞς;
412 5719 475 5773 οὐ
498 5719 671 5773 ταῦτα
699 5723 1077 5791 ἀγαλλιάσεως
1098 5724 1338 5798 ψυχικῆς
1362 5743 1377 5793 ;
1415 5726 1576 5780 Ἀλλά
1598 5726 1681 5789 τίς
1709 5727 1823 5796 εἰμι

315 5896 545 5955 "Joan.
580 5915 670 5967 xv,
702 5898 794 5966 20,
828 5900 918 5957 ‘21.

2005 4985 2292 5046 Gaudete.
2334 4983 2555 5040 Fratres
2613 4983 2722 5040 mei
2770 4997 2835 5040 ac
2880 4983 3073 5041 Patres
3129 4984 3520 5052 desiderandi,

1933 5082 2198 5150 quoniam
2246 5077 2431 5147 gaudii
2462 5076 2665 5133 adsunt
2695 5077 2915 5132 nuntia.
2951 5078 3108 5148 Digni
3155 5094 3381 5134 rursum
3425 5079 3524 5133 ha-

1934 5172 2034 5227 biti
2086 5171 2317 5237 fuimus,
2366 5170 2599 5239 indigni,
2641 5170 2736 5241 qui
2779 5170 3070 5239 pulchram
3115 5170 3523 5226 confessionem

1932 5266 2343 5319 conﬁteremur.
2389 5264 2630 5320 Rursum
2669 5265 2845 5335 plagis
2886 5265 3063 5321 allecti
3106 5266 3268 5320 ambo
3316 5263 3524 5319 fuimus

1934 5373 2035 5429 pro
2078 5358 2299 5413 nomine
2344 5357 2586 5415 Domini.
2650 5360 2867 5416 Etenim
2928 5371 2982 5416 et
3031 5359 3200 5414 frater
3263 5358 3523 5413 Nicolaus

1936 5449 2308 5518 pulcherrime
2350 5460 2405 5505 et
2428 5450 2749 5508 ﬁdelissime
2779 5451 3103 5508 decertavit.
3136 5450 3385 5505 Vidimus
3422 5450 3523 5503 hu-

1933 5542 2091 5597 miles
2134 5558 2201 5597 ex
2229 5545 2491 5601 carnibus
2522 5546 2730 5600 nostris
2762 5546 3018 5601 ﬂuentem
3052 5547 3107 5601 in
3149 5557 3352 5601 terram
3389 5560 3523 5601 san-

1938 5634 2161 5704 guinem
2194 5651 2207 5687 :
2241 5637 2635 5706 conspeximus
2668 5637 2894 5700 vibices,
2925 5636 3158 5703 saniem,
3200 5645 3255 5691 et
3280 5651 3401 5705 quae
3431 5634 3521 5688 his

1934 5726 2217 5796 adjuncta.
2271 5726 2472 5786 Annon
2530 5730 2647 5788 haec
2702 5731 2886 5803 gaudii
2937 5731 3106 5788 sunt?
3165 5744 3350 5787 nonne
3404 5728 3521 5784 haec

1002 5902 1219 5961 ’Galat.
1253 5916 1325 5972 tv,
1356 5903 1409 5959 il.
1494 5905 1551 5960 'I
1585 5903 1712 5959 Cor.
1745 5919 1818 5971 tv,
1850 5906 1940 5962 15.
1978 5906 1996 5938 ³
2022 5906 2131 5964 Tit.
2164 5924 2248 5977 nt,
2286 5909 2372 5965 I5.
