4164 6466
707 397 839 462 1231

1857 401 1917 459 S.
1957 393 2350 457 THEODOIU
2390 388 2740 453 STUDITE

3828 393 3977 461 1232

700 514 1090 571 exsultationis
1133 514 1472 585 spiritualis?
1497 513 1603 573 Sed
1637 517 1764 587 quis
1786 530 1889 587 ego
1910 530 2029 571 sum
2063 512 2273 575 infelix,

2379 508 2491 577 ἐγὼ
2510 511 2540 563 6
2560 510 2753 575 τάλας,
2788 510 2888 563 σὺν
2918 509 3053 580 ὑμῖν
3075 510 3191 573 τοῖς
3218 510 3393 575 ἀξίοις
3426 510 3665 582 Χριστοῦ
3693 512 3977 584 ὁμολογη-

702 604 799 674 qui
831 605 1113 661 vobiscum
1141 606 1321 675 dignis
1346 605 1551 661 Christi
1582 606 1997 662 confessoribus
2023 604 2283 659 adnume-

701 710 812 759 rer,
836 697 1082 752 omnium
1115 698 1398 753 hominum
1425 699 1849 755 inutilissimus?
1868 700 2046 753 Causa
2072 707 2278 763 autem,

702 790 868 859 cujus
920 790 1093 861 gratia
1140 790 1255 846 hac
1283 792 1654 862 contigerunt,
1706 792 1941 862 pristina
1986 790 2089 845 fuit
2116 788 2281 844 Cate-

700 880 883 937 chesis
912 900 925 936 ε
952 897 1075 952 quae
1111 897 1235 937 cum
1279 882 1333 936 in
1387 897 1587 940 manus
1623 885 1868 940 venisset
1911 883 2277 953 imperatoris,

701 972 768 1026 ad
800 973 1120 1043 magistrum
1161 974 1398 1028 militum
1431 990 1552 1029 eam
1585 976 1755 1039 misit,
1795 975 2051 1030 comitem
2084 978 2282 1033 cohor-

701 1062 773 1117 tis
826 1064 896 1117 ad
940 1079 1041 1118 nos
1078 1064 1269 1118 venire
1312 1064 1536 1134 jubens.
1584 1063 1689 1130 Qui
1744 1080 1871 1119 cum
1923 1065 2157 1123 ducibus
2216 1083 2281 1123 ac

701 1155 967 1209 militibus
998 1157 1320 1225 intempesta
1362 1165 1524 1212 nocte
1554 1156 1869 1224 adveniens,
1894 1168 1947 1213 et
1974 1158 2280 1215 domuncu-

700 1247 811 1301 lam
849 1248 903 1302 in
928 1262 1035 1315 qua
1060 1261 1283 1303 eramus
1315 1258 1536 1319 repente
1571 1249 1831 1305 obsidens
1859 1266 1985 1306 cum
2017 1252 2279 1320 clamore,

703 1339 867 1393 veluti
903 1338 1075 1394 feram
1119 1350 1355 1397 nactus:
1390 1341 1668 1411 objectum
1705 1353 1921 1413 septum
1962 1362 2058 1416 per
2104 1346 2279 1402 fosso-

700 1446 790 1485 res
818 1430 1104 1485 celerrime
1144 1431 1405 1503 perfregit
1439 1452 1453 1488 :
1482 1433 1684 1489 deinde
1719 1436 1968 1504 protulit,
2008 1438 2275 1504 excussit,

699 1521 941 1578 ostendit
990 1522 1355 1579 Catechesim.
1411 1523 1661 1580 Confessi
1728 1540 1923 1582 sumus
1983 1543 2085 1584 nos
2156 1544 2276 1585 eam

702 1614 918 1680 fecisse,
964 1615 1106 1670 sicut
1155 1616 1295 1670 Deus
1345 1616 1540 1671 voluit.
1587 1616 1653 1670 Et
1698 1616 1788 1672 ille
1838 1618 2059 1688 quidem
2107 1636 2277 1676 unum

700 1705 807 1763 hoc
832 1708 1070 1777 petebat,
1115 1716 1174 1762 ut
1202 1708 1267 1761 ad
1298 1708 1647 1777 imperatoris
1676 1709 2013 1766 voluntatem
2050 1712 2277 1768 descen-

699 1799 976 1853 deremus.
1021 1798 1425 1869 Respondimus
1472 1802 1620 1872 quod
1661 1803 1865 1857 veritas
1914 1804 2271 1873 postulabat:

698 1892 890 1947 Absit!
920 1890 1088 1947 Deum
1124 1903 1376 1949 nostrum
1420 1909 1531 1949 non
1576 1895 1900 1964 rejicimus;
1933 1907 1987 1951 et
2012 1897 2117 1951 alia
2152 1914 2275 1968 qua

699 1992 1129 2037 consentaneum
1164 1992 1283 2038 erat
1316 1984 1671 2053 respondere.
1702 1984 1842 2041 Tum
1878 1987 2084 2042 acriter
2115 1988 2185 2043 ab
2206 2005 2275 2045 eo

700 2075 977 2130 verberati
1006 2089 1219 2131 sumus.
1248 2074 1317 2132 Et
1351 2076 1518 2131 frater
1542 2079 1763 2148 quidem
1794 2080 1928 2135 nihil
1960 2082 2273 2151 hujusmodi

700 2176 824 2236 post
864 2167 1096 2236 primam
1118 2168 1663 2238 comprehensionem
1699 2180 1753 2225 et
1783 2171 2191 2243 inscriptionem
2220 2175 2274 2229 in

698 2258 963 2313 aerumnis
998 2272 1197 2328 passus
1236 2268 1337 2313 est.
1370 2259 1485 2329 Ego
1512 2275 1639 2315 vero
1676 2261 1898 2317 humilis
1927 2273 1982 2317 et
2024 2264 2275 2320 infirmus

700 2348 946 2404 febribus
972 2347 1256 2404 immensis
1281 2361 1567 2417 correptus
1606 2361 1659 2405 et
1690 2352 2048 2406 intolerandis
2071 2353 2277 2408 dolori-

699 2437 826 2503 bus,
879 2454 1073 2510 parum
1131 2439 1305 2494 abfuit
1348 2442 1480 2510 quin
1529 2441 1642 2497 vita
1700 2443 1965 2511 privarer.
2018 2444 2275 2498 Attamen

701 2527 882 2585 bonus
926 2526 1071 2584 Deus
1118 2531 1324 2585 sensim
1382 2531 1644 2586 misertus
1693 2542 1778 2585 est
1820 2532 1947 2597 mei,
1989 2534 2277 2603 adjuvante

701 2621 872 2677 fratre
907 2624 961 2676 in
995 2623 1198 2693 quibus
1219 2623 1405 2677 decuit
1439 2623 1580 2675 :ctsi
1608 2622 1789 2677 adhuc
1825 2633 2083 2678 maneant
2106 2624 2277 2695 plagae

700 2712 768 2766 ad
804 2712 1069 2781 integrann
1096 2712 1385 2767 sanitatem
1421 2712 1663 2766 nondum
1693 2713 1985 2782 perductae.
2016 2714 2141 2771 llaec
2172 2717 2277 2788 igi-

702 2816 793 2860 tur
840 2805 921 2860 sic
959 2820 1018 2861 se
1062 2804 1287 2869 habent,
1332 2814 1386 2859 et
1415 2804 1522 2860 vim
1569 2804 1695 2860 mali
1730 2806 1883 2863 vobis
1928 2810 2178 2880 exposui,
2223 2812 2277 2866 id

700 2911 903 2968 cupere
950 2910 1045 2951 vos
1090 2896 1272 2952 sciens
1326 2896 1392 2951 ad
1437 2897 1863 2953 condolendum.
1908 2900 2048 2967 Quid
2094 2912 2275 2958 autem

701 2985 1006 3058 posthaec?
1036 2994 1093 3043 et
1135 2988 1300 3042 minae
1339 2987 1642 3059 graviores,
1682 3002 1736 3045 et
1768 2992 2019 3047 custodia
2049 2995 2273 3049 arctior.

699 3082 836 3138 Nam
873 3082 1097 3139 verbera
1143 3093 1197 3139 ct
1239 3084 1582 3151 custodibus,
1630 3096 1685 3142 et
1714 3090 1979 3146 custodia:
2018 3091 2277 3163 praefecto

2379 602 2501 665 ταῖς
2533 600 2852 671 ένταγῆναι,
2888 602 3109 657 πάντωσ
3137 600 3446 672 ἀνθρώπων
3470 602 3547 657 ὣν
3578 604 3970 676 άχρειότεροςε

2380 692 2457 746 T6
2481 691 2539 745 δὲ
2566 692 2738 746 αἴτιον
2764 684 2828 745 ὦ
2848 692 3016 763 χάριν
3032 692 3095 745 τὸ
3118 693 3353 762 συμϐὰν,
3380 696 3413 763 ἡ
3435 693 3610 748 πάλαι
3634 696 3949 767 κατήχησις

2379 786 2449 856 ἢν
2494 785 2589 839 επὶ
2627 786 2817 855 χεῖρας
2844 785 3143 856 δεξάμενος
3188 786 3219 837 6
3250 785 3494 856 κρατῶν,
3533 787 3792 858 πέπομφε
3826 791 3969 860 πρὸς

2380 877 2474 931 τὸν
2526 877 2974 949 στρατηγοῦντα,
3033 875 3443 947 παραγενέσθαι
3493 876 3972 945 έγκελευσάμενος

2380 970 2474 1024 τὸν
2516 970 2617 1041 τῆς
2681 970 2885 1041 κόρτης
2939 968 3155 1038 κόμητα
3197 968 3337 1039 πρὸς
3379 970 3553 1039 ἡμᾶς·
3599 970 3661 1034 ὃς
3691 971 3974 1041 ἐληλυθὼς

2382 1062 2481 1115 σὺν
2516 1060 2749 1132 ἄρχουσι
2781 1060 2877 1113 καὶ
2916 1058 3281 1131 στρατιώταις
3325 1060 3385 1112 έν
3417 1060 3630 1131 ampla.
3676 1065 3771 1115 καὶ
3803 1079 3966 1132 rupt-

2382 1152 2663 1221 στοιχισας
2692 1151 2754 1203 τὸ
2784 1149 3009 1203 οἰκίδιον
3039 1151 3097 1204 έν
3124 1143 3169 1217 ᾧ
3196 1146 3342 1221 ἦμεν
3375 1149 3586 1220 ἁθρόως
3618 1152 3759 1221 μετὰ
3789 1170 3969 1224 κραυ-

2380 1244 2506 1314 γῆς.
2542 1244 2618 1307 ὡς
2661 1244 2754 1296 ἐπὶ
2786 1261 2840 1296 τι
2878 1242 3185 1313 θηράσιμον
3218 1241 3458 1315 εὖρεμιω
3500 1243 3802 1315 ὀρυκτῆρσι
3834 1262 3971 1298 κατ.

2380 1335 2548 1398 έαξαν
2595 1334 2657 1406 [f.
2687 1332 2993 1406 κατέαξεν]
3043 1333 3109 1387 τὸ
3150 1333 3495 1403 άνάφραγμα
3541 1336 3810 1405 τάχιστα⁹
3841 1334 3970 1389 εἶτα

2380 1420 2715 1497 ἐξήνεγκεν,
2775 1424 3096 1497 ἀνέκρινεν,
3156 1424 3404 1489 ὑπέδειξε
3464 1427 3566 1498 τὴν
3631 1428 3968 1499 κατήχησιν.

2394 1516 2842 1589 Ὠμολογήσαμεν
2865 1520 3028 1589 ἡμεῖς
3047 1519 3217 1590 αὐτὴν
3242 1521 3605 1590 πεποιηκέναι
3630 1561 3646 1583 ,
3678 1520 3756 1585 ὡς
3781 1524 3809 1573 ὁ
3828 1522 3971 1585 Θεὸς

2378 1608 2667 1679 ἠθέλησεν.
2708 1610 2769 1663 Ὀ
2812 1611 2912 1681 μὲν
2950 1610 3010 1663 ἓν
3048 1610 3230 1680 ἐζήτει
3268 1611 3451 1680 μόνον,
3487 1610 3664 1664 ἐλθεῖν
3691 1613 3843 1681 ἡμᾶς
3887 1614 3974 1677 εις

2377 1700 2439 1753 τὸ
2474 1700 2569 1753 τοῦ
2620 1700 2885 1770 βασιλέως
2937 1701 3171 1772 θέλημα.
3221 1701 3467 1773 Εἴπομεν
3498 1703 3637 1773 ὅπερ
3683 1703 3891 1774 ἀπῄτει
3934 1707 3970 1774 ἠ

2379 1791 2629 1862 ἀλήθεια.
2653 1794 2745 1865 Μὴ
2772 1793 3017 1863 γένοιτοε
3047 1794 3149 1847 οὐκ
3174 1792 3478 1865 ἀθετοῦμεν
3506 1795 3598 1847 τὸν
3620 1794 3753 1847 Θεὸν
3779 1796 3968 1867 ήμῶν-

2304 1864 2346 1920 B
2375 1883 2476 1936 ὅσα
2497 1900 2556 1937 τε
2578 1884 2713 1938 ἄλλα
2732 1864 2800 1955 ἦν
2829 1886 3129 1949 ἀκούοντας
3155 1864 3685 1955 ἀνταποκρίνασθαι.
3723 1864 3976 1938 Ἕνα-ού-

2376 1993 2489 2040 τοις
2518 1976 2692 2045 ἔδειρε
2726 1976 2966 2047 βαρέως*
3002 1978 3096 2031 καὶ
3128 1978 3157 2030 6
3198 1977 3299 2046 μὲν
3332 1976 3563 2045 ἁδελφὸς
3593 1977 3748 2030 οὐδὲν
3779 1978 3972 2031 τοιοῦ-

2377 2085 2468 2122 τον
2494 2068 2635 2139 μετά
2665 2069 2763 2138 τὴν
2798 2068 2960 2132 εὐθὺς
2990 2066 3271 2136 κάθειρξιν
3304 2070 3399 2120 καὶ
3425 2068 3751 2139 ἀναγραφὴν
3788 2067 3972 2123 δεινὸν

2375 2161 2436 2213 έν
2470 2164 2657 2223 πόνοις
2684 2157 2919 2229 ὑπέστη.
2964 2157 3107 2227 Ἐγὼ
3134 2157 3194 2211 δὲ
3229 2159 3258 2211 6
3300 2156 3559 2219 ταπεινὸς
3600 2157 3696 2209 καὶ
3732 2154 3968 2227 σαθρὸς,

2376 2256 2635 2326 πυρετοῖς
2657 2252 2884 2324 λαύροις
2906 2252 3211 2323 συσχεθεὶς,
3234 2251 3332 2305 καὶ
3355 2253 3540 2313 πόνοις
3558 2249 3970 2313 δυσυποίστοις,

2378 2346 2581 2419 μικροῦ
2610 2346 2722 2399 δεῖν
2749 2344 3101 2416 ἑξηπορήθην
3130 2343 3344 2398 καὶτοῦ
3370 2343 3491 2415 ζῇν·
3522 2343 3727 2412 ὅμως¹δ
3754 2342 3971 2410 ἀγαθὸς

2374 2440 2510 2504 Θεὸς
2540 2441 2681 2493 κατὰ
2706 2436 2900 2508 μικρὸν
2923 2438 3093 2492 ἐλεῶν
3113 2436 3309 2508 ἠλέησε
3337 2452 3430 2505 με’
3458 2433 3972 2506 συνυπουργοῦντος

2377 2534 2473 2587 καὶ
2496 2533 2590 2586 τοῦ
2617 2530 2849 2599 ἀδελφοῦ
2880 2533 2937 2585 ἐν
2964 2532 3078 2593 τοῖς
3102 2530 3405 2598 καθήκουσι
3429 2546 3443 2560 ο
3475 2530 3581 2583 κᾶν
3613 2528 3695 2583 ἐτι
3728 2530 3788 2581 αἱ
3815 2528 3967 2599 πλη-

2377 2624 2475 2693 γαὶ
2525 2624 2832 2694 ἐπιμένωσι
2888 2622 2963 2693 μὴ
3008 2620 3272 2674 λαϐοῦσαι
3313 2620 3528 2674 τελείαν
3573 2619 3737 2673 ἴασιν.
3769 2617 3968 2673 Ταῦτα

2380 2716 2481 2787 μὲν
2506 2716 2567 2769 ὲν
2596 2715 2829 2778 τούτοιςσ
2864 2714 2959 2768 καὶ
2983 2712 3294 2783 έξηγὸρησα
3326 2714 3457 2782 ὑμῖν
3482 2712 3546 2764 τὸ
3575 2710 3771 2775 πάθος
3801 2710 3969 2775 εἰδὼς

2376 2808 2699 2878 ἐφιεμένους
2736 2806 2929 2877 μαθεῖν
2956 2806 3037 2869 εις
3075 2804 3425 2873 συνάλγησιν.
3452 2803 3518 2856 Ti
3550 2799 3862 2875 οὖνέπειδὴ
3890 2804 3970 2859 τά

2376 2902 2633 2966 τοιαῦτας
2670 2900 2781 2953 Kal.
2817 2900 2852 2968 ἡ
2888 2897 3089 2969 ἀπειλὴ
3135 2896 3446 2965 δεινοτέρα’
3484 2896 3654 2967 καὶ-ὴ
3686 2896 3969 2966 ἀσφάλεια

2378 2992 2667 3064 κραταιοτέ
2677 3008 2767 3061 pa.
2800 2992 3012 3061 Δαρμοὶ
3033 2990 3142 3059 γάρ
3171 2989 3266 3043 καὶ
3286 2990 3379 3041 ἐπὶ
3403 2987 3533 3052 τοὺς
3554 2989 3829 3057 φύλακας.
3856 2991 3965 3044 καὶ

2377 3086 2472 3139 sul.
2498 3084 2590 3139 τὸν
2623 3082 3018 3154 παραφύλακα.
3058 3079 3166 3135 Τοῦ
3200 3082 3276 3152 μὴ
3320 3082 3520 3151 γρύξαι
3548 3082 3699 3152 ἡμᾶς
3718 3120 3733 3144 ,
3763 3076 3841 3153 μῆ
3871 3084 3965 3136 ὅτι

699 3174 1006 3245 proposita.
1041 3182 1101 3229 ut
1127 3189 1226 3228 nec
1260 3175 1459 3229 mutire
1494 3177 1675 3244 nobis,
1707 3180 1904 3233 nedum
1931 3183 2091 3237 alicui
2126 3185 2276 3239 scri-

2379 3195 2444 3249 γε
2470 3178 2566 3232 καὶ
2586 3176 2820 3247 γράφειν
2846 3174 2976 3230 τινί.
3015 3174 3434 3243 ’Υποπτήξομεν
3457 3168 3568 3244 ἆρα
3594 3173 3689 3227 καὶ
3717 3175 3970 3226 ἀποσιω-

703 3266 831 3320 bere
858 3265 1037 3321 liceat.
1072 3264 1482 3320 Deterrehimur
1511 3282 1664 3337 ergo,
1714 3278 1769 3323 et
1800 3270 2105 3337 silebimus,
2146 3278 2278 3329 obe-

700 3358 915 3413 dientes
955 3372 1066 3427 pra:
1113 3357 1311 3412 timore
1356 3357 1673 3415 hominibus
1722 3369 1776 3415 et
1827 3376 1936 3415 non
1984 3363 2128 3419 Deo?
2170 3364 2279 3420 Ne-

701 3466 979 3526 quaquam
1027 3469 1179 3510 sane.
1235 3453 1342 3509 Sed
1389 3454 1565 3512 donec
1592 3458 1819 3527 januam
1866 3460 2023 3514 nobis
2070 3462 2279 3532 aperiat

704 3546 992 3610 Dominus,
1027 3562 1136 3601 non
1173 3546 1525 3612 desistemus,
1555 3549 1699 3619 quod
1741 3551 1794 3605 in
1830 3552 1991 3608 nobis
2025 3565 2131 3619 est,
2160 3555 2278 3610 olli-

704 3639 851 3695 cium
894 3648 1178 3709 praestare,
1211 3639 1635 3696 reformidantes
1674 3658 1739 3698 ac
1773 3643 2026 3701 timentes
2062 3648 2277 3719 impen-

703 3732 839 3786 dens
872 3732 1074 3786 silentii
1104 3732 1372 3801 judicium
1409 3751 1423 3787 :
1458 3732 1611 3799 Quod
1633 3735 1680 3787 si
1716 3735 2039 3790 subtraxerit
2080 3756 2155 3807 se,
2192 3741 2279 3795 in-

703 3820 846 3891 quit,
880 3836 983 3875 non
1009 3821 1232 3891 placebit
1259 3822 1454 3876 animm
1484 3839 1609 3877 mea:
1630 3824 1670 3877 ‘.
1702 3824 1765 3878 Et
1792 3840 2012 3881 rursum
2038 3829 2275 3899 Aposto-

703 3913 833 3967 lus:
871 3910 984 3967 Nos
1026 3923 1203 3968 autem
1263 3930 1367 3967 non
1426 3931 1609 3970 sumus
1657 3916 2029 3973 subtractionis
2074 3922 2177 3990 ﬁlii
2222 3924 2277 3977 in

702 4006 1090 4075 perditionem,
1148 4006 1238 4060 sed
1278 4006 1403 4074 ﬁdei
1460 4008 1514 4060 in
1565 4009 1960 4075 acquisitionem
2018 4014 2212 4068 anima
2231 4016 2274 4070 ⁸.

775 4095 927 4153 Hanc
972 4097 1042 4151 oh
1097 4112 1321 4152 causam
1368 4100 1482 4154 haec
1528 4102 1759 4170 epistola
1814 4118 1934 4158 mea
1978 4105 2044 4159 ad
2084 4121 2277 4163 omnes

703 4190 924 4260 quidem
961 4191 1242 4261 dispersos
1280 4189 1503 4257 fratres,
1535 4195 1627 4263 qui
1661 4198 2062 4264 persecutionis
2097 4201 2276 4255 tribu-

704 4283 961 4338 lationem
996 4300 1138 4357 ξρετε
1174 4286 1449 4340 sustinent
1482 4304 1496 4341 ε
1533 4290 1803 4357 praecipue
1840 4301 2021 4346 autem
2053 4293 2121 4346 ad
2154 4308 2274 4358 vos,

704 4375 1053 4432 confessores
1097 4376 1326 4431 Christi.
1363 4377 1769 4445 Sustineamus,
1820 4381 2018 4438 fratres
2054 4386 2159 4440 mei
2194 4386 2278 4440 di.

2378 3274 2659 3342 πήσομεν,
2712 3267 3143 3340 πειθαρχοῦντες
3188 3266 3268 3337 τῷ
3318 3266 3470 3337 φόϐῳ
3516 3265 3829 3337 ἀνθρώποις
3865 3270 3970 3318 καὶ

2377 3364 2499 3433 οὐχὶ
2529 3362 2684 3431 ﬁeri);
2717 3359 3019 3429 υὺμενοῦν.
3064 3358 3204 3411 Ἀλλ’
3240 3357 3346 3420 ἕως
3380 3357 3448 3410 ἂν
3474 3357 3669 3427 ἀνοίγῃ
3700 3358 3839 3428 ἡμῖν
3868 3356 3970 3409 θύ-

2382 3472 2483 3525 ραν
2522 3456 2551 3509 6
2591 3453 2820 3524 Κύριος.
2850 3452 2909 3504 οὗ
2961 3447 3287 3519 παυσόμεθα
3331 3448 3391 3500 τὸ
3436 3447 3555 3500 δέον
3601 3447 3968 3519 ἀποπληροῦν

2379 3548 2525 3601 κατὰ
2560 3547 2621 3599 τὸ
2649 3544 2869 3614 ἐφικτὸν
2900 3544 3053 3614 ἡμῖν,
3082 3540 3405 3611 φοϐούμενοι
3436 3538 3534 3592 καὶ
3564 3538 3865 3610 τρέμοντες
3898 3538 3967 3591 τὸ

2378 3637 2761 3708 ἐπηρτημένον
2790 3636 2891 3704 τῆς
2921 3633 3133 3704 σιωπῆς
3168 3634 3363 3703 κρῖμα.
3412 3629 3550 3683 Ἐὰν
3574 3629 3966 3694 ὑποστέλλῃ-

2377 3748 2508 3795 ται,
2551 3728 2736 3799 φησὶν,
2793 3730 2905 3782 οὐκ
2936 3725 3176 3781 εὐδοκεῖ
3210 3726 3249 3793 ὴ
3286 3719 3458 3793 ψυχή
3491 3739 3613 3791 μου
3663 3720 3736 3774 ἐν
3773 3718 3960 3785 αὐτῷ.

2379 3826 2490 3881 Kal.
2528 3823 2694 3879 παλίν
2750 3822 2779 3875 6
2843 3819 3197 3882 ’Δπόστο).ος’
3256 3816 3447 3887 Ἡμεῖς
3502 3813 3572 3869 δὲ
3609 3816 3724 3869 οὐκ
3768 3814 3965 3883 ἐσμὲν

2376 3914 2732 3985 ὑποστολῆς
2760 3916 2849 3979 εις
2890 3910 3225 3975 ἀπώλειαν,
3254 3910 3417 3964 ἀλλὰ
3446 3908 3709 3973 πίστεως
3733 3908 3824 3974 εις
3854 3924 3961 3961 πε-

2369 4009 2688 4080 ριποίησιν
2714 4003 2944 4075 ψυχῆς.

2447 4104 2547 4155 Διὰ
2581 4098 2740 4154 τοῦτό
2784 4114 2874 4167 μοι
2907 4096 3001 4149 καὶ
3030 4096 3063 4166 ἡ
3091 4092 3343 4164 παροῦσα
3386 4090 3647 4161 ἐπιστολὴ
3681 4091 3823 4161 πρὸς
3858 4090 3961 4161 μὲν

2379 4196 2587 4256 πάντας
2618 4192 2746 4251 τοὺς
2771 4187 3209 4257 διεσπαρμένους
3237 4180 3521 4251 ἀδελφοὺς,
3549 4183 3647 4234 καὶ
3669 4180 3959 4254 διαφέρον-

2376 4305 2476 4351 τας
2503 4287 2596 4339 τὸν
2627 4282 2867 4351 διωγμὸν
2906 4277 3232 4339 θλιπτικῶςο
3278 4273 3568 4343 ἐξαιρέτως
3593 4272 3651 4327 δι
3693 4276 3776 4338 εις
3812 4276 3959 4343 ὑμᾶς

2378 4380 2504 4442 τοὺς
2530 4375 2871 4449 ὀμολογητὰς
2907 4368 3167 4441 Χριστοῦ.
3204 4366 3566 4435 Ἐνέγκωμεν,
3598 4364 3822 4434 ἀδελφοί
3852 4386 3955 4437 μου

704 4469 856 4533 lecti,
898 4467 1073 4539 magis
1112 4468 1292 4522 adhuc
1340 4483 1405 4521 ac
1458 4471 1633 4538 magis
1669 4473 2033 4539 corroborati,
2067 4486 2122 4528 at
2169 4492 2274 4531 non

2378 4471 2676 4539 ἀγαπητοὶ,
2708 4464 2791 4519 ἔτι
2832 4462 3034 4534 μᾶλλον
3074 4456 3499 4528 δυναμούμενοι,
3532 4455 3652 4510 ἀλλ’
3684 4457 3749 4510 οὺ
3787 4475 3958 4513 κατα-

704 4562 989 4617 conterriti
1031 4562 1086 4615 in
1112 4558 1521 4616 aﬂlictionibus.
1553 4563 1760 4617 Carnes
1801 4574 1951 4628 sunt,
1985 4582 2052 4619 ne
2087 4583 2276 4636 parca-

2382 4564 2718 4633 πτήσσοντες
2768 4559 2826 4610 ὲν
2881 4556 2997 4617 τοῖς
3048 4550 3359 4621 παθήμασι.
3413 4549 3623 4620 Σάρκες
3677 4550 3809 4603 εἰσί.
3864 4552 3957 4621 Μὴ

706 4668 851 4708 mus.
897 4650 1004 4707 Pro
1034 4650 1255 4705 Christo
1296 4656 1583 4706 tormentis
1615 4654 1871 4721 subjecti,
1916 4664 2275 4711 exsulteinus.

703 4744 807 4799 Cui
837 4743 1117 4797 abundant
1145 4742 1385 4805 labores,
1438 4744 1676 4813 amplius
1713 4747 1966 4815 gaudeat,
2014 4756 2278 4819 tanquam

706 4836 947 4906 praemiis
984 4836 1273 4889 abundans
1305 4853 1318 4889 :
1349 4834 1443 4904 qui
1480 4836 1766 4891 verberum
1798 4852 1991 4907 pmnas
2023 4839 2279 4894 reformi-

705 4927 818 4989 dat,
866 4935 1069 4979 metmn
1097 4924 1363 4988 excutiat,
1399 4926 1765 4994 sempiternos
1810 4929 2087 4985 cruciatus
2123 4946 2282 4985 reco—

708 5016 911 5085 gitaus.
942 5012 1163 5069 Illorum
1195 5015 1342 5068 enim
1378 5014 1571 5084 plagre,
1620 5016 1668 5069 si
1702 5032 1827 5070 cum
1864 5018 1949 5073 his
1984 5019 2281 5073 conferan-

710 5115 820 5169 tur,
870 5108 1145 5161 somnium
1200 5116 1331 5161 sunt
1390 5114 1444 5160 et
1502 5107 1714 5176 sagitta
1770 5110 2148 5176 parvulorum.
2191 5109 2285 5165 Nae

710 5212 919 5268 quaeso,
948 5198 1191 5253 obtestor
1225 5215 1239 5251 :
1269 5199 1323 5251 in
1356 5199 1620 5252 aerumnis
1667 5214 1766 5268 pro
1797 5200 2020 5255 Christo
2049 5203 2282 5256 delecte-

709 5303 856 5350 mur,
898 5291 1257 5357 quantumvis
1298 5289 1603 5343 secundum
1641 5306 1865 5344 carnem
1906 5294 2015 5345 sint
2056 5308 2279 5348 amarae.

709 5380 1157 5450 Coutemplemur
1207 5380 1389 5435 futura
1433 5392 1488 5436 et
1541 5386 1938 5451 permanentia,
1992 5401 2097 5440 non
2146 5402 2287 5454 pra:-

719 5472 895 5535 sentia
962 5480 1019 5527 et
1074 5473 1481 5542 praetereunda.
1557 5473 1889 5544 Expetanius
1960 5479 2283 5547 sanguinem

719 5578 969 5623 nostrum
1027 5577 1329 5636 martyrum
1386 5569 1639 5636 sanguini
1692 5567 2027 5631 admiscere,
2082 5578 2285 5637 partem

714 5670 958 5715 nostram
991 5656 1370 5713 confessorum
1399 5660 1540 5727 parti
1572 5678 1585 5714 :
1613 5669 1669 5715 ut
1695 5675 1820 5716 cum
1846 5661 1926 5716 eis
1944 5662 2289 5717 exsultcmus

784 5864 807 5894 ⁴
832 5858 996 5914 Hebr.
1028 5870 1085 5924 ι,
1116 5855 1206 5908 '58.
1285 5857 1306 5888 ⁸
1332 5855 1466 5911 ibid.
1497 5856 1587 5910 59.

2380 4651 2720 4726 φεισώμεθασ
2756 4648 2898 4719 ὑπὲρ
2930 4641 3168 4715 Χριστοῦ
3200 4640 3653 4712 βασανιζόμενοι,
3681 4641 3959 4710 ἀγαλλιώ-

2383 4744 2543 4815 μεθα.
2580 4743 2637 4796 '0
2658 4736 3005 4811 περισσεύων
3028 4734 3087 4786 εν
3106 4734 3218 4797 τοῖς
3239 4734 3441 4794 πόνοις,
3464 4731 3704 4801 χαιρέτω
3732 4732 3955 4801 μᾶλλον.

2380 4839 2456 4902 ὡς
2510 4832 2852 4889 πλεονεκτῶν
2908 4831 2966 4883 ἑν
3016 4829 3131 4890 τοῖς
3184 4824 3434 4896 μισθοῖς*
3481 4826 3511 4877 6
3555 4824 3959 4893 δειλαινόμενος

2386 4928 2668 4999 μαστίγων
2698 4923 2945 4990 ἐνεγκεῖν
2972 4920 3187 4981 πόνους.
3224 4916 3315 4970 διὰ
3358 4914 3519 4969 τοῦτο
3560 4916 3869 4969 άποσειέτω
3901 4917 3960 4967 τὸ

2381 5023 2521 5083 δέος,
2550 5019 2653 5080 τὰς
2689 5014 2944 5076 αἰωνίους
2990 5010 3148 5071 άνιας
3188 5006 3562 5076 ἐννοούμενος.
3588 5008 3653 5059 Al.
3682 5005 3793 5076 γὰρ
3821 5006 3961 5074 πλη-

2383 5116 2479 5181 γα),
2509 5109 2691 5165 αὐτῶν
2734 5106 2873 5177 πρὸς
2899 5103 3114 5165 ὲκείνας
3138 5138 3155 5163 ,
3194 5100 3332 5170 6vap
3354 5138 3371 5163 ,
3405 5097 3533 5168 βέλη
3562 5097 3799 5166 νηπίων.
3848 5097 3960 5151 Ναὶ

2383 5202 2598 5269 δέομαι,
2636 5194 2935 5250 ἀντιϐολῶ·
2973 5190 3371 5260 γλυκανθῶμεν
3412 5190 3473 5240 ἑν
3503 5188 3614 5249 τοῖς
3648 5186 3793 5257 ὑπὲρ
3826 5187 3960 5258 Χρι-

2386 5292 2514 5347 στοῦ
2541 5290 2839 5357 άλγήμασι·
2870 5284 2970 5338 κᾶν
2996 5282 3116 5335 λίαν
3137 5280 3372 5348 ὀδυνηρὰ
3395 5276 3535 5331 κατὰ
3563 5276 3767 5346 σάρκα.
3799 5278 3959 5329 Ἀνα-

2387 5384 2681 5454 θεωρῶμεν
2727 5378 2798 5431 τὰ
2842 5376 3106 5447 μέλλοντα
3144 5373 3237 5424 καὶ
3286 5371 3550 5440 μένοντα·
3595 5368 3734 5421 ἀλλὰ
3775 5367 3960 5454 paea

2388 5453 2634 5548 παρόντα
2694 5472 2789 5525 καὶ
2844 5466 3255 5538 παρερχόμενα.
3318 5462 3654 5531 ιῐοθήσωμεν
3701 5460 3765 5512 τὸ
3820 5453 3961 5527 αἷμα

2386 5569 2545 5640 ἡμῶν
2593 5564 2746 5635 μιξαι
2789 5560 2868 5623 τῷ
2906 5560 3018 5613 τῶν
3066 5554 3359 5626 μαρτύρων
3404 5553 3633 5622 αἶματι’
3691 5551 3754 5604 τὺ
3797 5550 3960 5620 μέρος

2388 5662 2547 5735 ἡμῶν
2573 5664 2641 5730 τῇ
2673 5658 2782 5711 τῶν
2825 5652 3176 5723 ὁμολογητῶν
3224 5647 3446 5719 μερίδι·
3482 5645 3570 5699 ἵνα
3612 5644 3962 5716 χορεύσωμεν
