4164 6506
202 461 345 524 123‘}

1415 452 1955 514 EPISTOLARUM
1996 453 2147 513 LIB.
2196 453 2282 512 II.

3343 448 3480 512 1234

201 589 304 626 συν
342 569 534 631 αὐτοῖς
581 566 798 621 αἰώνια.
839 564 937 629 Τίς
983 564 1247 637 φρόνιμος
1270 581 1289 629 ;η
1326 565 1406 629 τίς
1447 566 1646 634 σοφός;
1711 565 1796 627 τίς

1909 568 1954 620 in
2002 575 2292 622 aeternum.
2342 564 2480 630 Quis
2533 563 2810 634 prudens?
2858 564 2984 635 quis
3046 563 3320 634 sapiens?
3359 567 3484 636 quis

203 663 372 728 καλὸς
432 659 899 732 πραγματευτὴς,
968 657 1157 712 δοῦναι
1230 652 1374 728 αἷμα
1437 659 1532 711 καὶ
1606 657 1805 713 λαϐεῖν

203 756 460 826 πνεῦμα·
490 755 908 824 καταφρονῆσαι
953 750 1160 822 σαρκὸς
1200 753 1297 804 καὶ¹
1330 752 1613 820 ἐπιτυχεῖν
1643 750 1798 822 βασι-

203 848 358 908 λείας
382 845 552 908 Θεοῦ;
592 845 646 898 '0
675 843 870 914 φιλῶν
889 843 1004 911 τὴν
1031 843 1246 912 ψυχὴν
1265 843 1476 905 αὑτοῦ,
1503 843 1798 898 ἀπολέσει

206 940 409 1006 αὐτὴν
431 978 448 1004 ,
481 935 636 992 εἶπεν
683 940 711 992 ὁ
757 937 982 1008 Κύριοςο
1008 937 1110 990 καὶ
1145 940 1178 990 ό
1205 936 1407 1007 μισῶν
1438 936 1556 1003 τὴν
1583 935 1800 1005 ψυχὴν

206 1031 401 1087 αὐτοῦ
426 1032 496 1085 ἐν
522 1029 602 1095 τῷ
630 1028 796 1083 αἰῶνι
818 1031 1028 1095 τούτῳ,
1054 1030 1143 1095 εὶς
1165 1027 1321 1096 ζωὴν
1347 1028 1590 1082 αἰώνιον·
1608 1026 1800 1098 φυλά-

209 1127 302 1190 ξει
329 1125 546 1192 αὑτήν.
595 1122 1010 1192 Ῥνωτισθώμεν
1041 1125 1169 1186 τοὺς
1203 1122 1396 1190 λόγους
1427 1121 1595 1174 αὑτοῦ
1625 1136 1638 1150 ·
1672 1121 1802 1174 ἀκο-

207 1216 570 1285 λουθήσωμεν
589 1212 759 1282 αὐτῷ.
788 1214 981 1266 Ὅπου
1003 1210 1119 1281 ἐγώ
1143 1213 1284 1280 ειμι,
1314 1211 1473 1282 φησὶ,
1491 1208 1802 1265 ἐκεῖἐσται

207 1307 311 1360 καὶ
345 1309 378 1358 ό
406 1303 688 1370 διάκονος
713 1306 746 1357 ό
773 1303 938 1372 ἐμός.
957 1302 1068 1355 Ποῦ
1086 1303 1329 1367 ὲκεῖνος;
1363 1303 1490 1356 Ἐπὶ
1526 1299 1786 1371 σταυροῦ·

206 1400 309 1452 καὶ
339 1398 504 1468 ἡμεῖς
530 1398 579 1450 oi
609 1397 879 1458 ταπεινοὶ,
914 1394 993 1458 ώς
1030 1393 1406 1464 μαθητιῶντες
1442 1393 1615 1463 ᾱύτῷ,
1658 1393 1796 1445 ἐκεῖ.

208 1489 528 1562 Παρακαλῶ
566 1491 713 1559 ὑμᾶς
739 1487 1034 1556 ἀνέχεσθαι
1063 1485 1159 1540 τοῦ
1189 1486 1350 1554 λόγου
1378 1485 1480 1555 τῆς
1511 1484 1801 1555 παρακλή-

209 1599 375 1646 σεως.
408 1583 518 1635 Καὶ
544 1581 656 1652 γὰρ
693 1579 780 1633 διὰ
821 1579 1069 1649 βραχέων
1108 1579 1143 1648 ἡ
1178 1578 1462 1647 ἐπιστολή.
1494 1575 1803 1629 Γινώσκετε

208 1675 363 1744 ἡμᾶς
393 1673 520 1734 τοὺς
555 1657 918 1742 ἁμαρτωλοὺς
969 1668 1206 1740 χαίρειν,
1243 1668 1358 1723 ἀλλ’
1399 1668 1512 1724 οὐκ.
1543 1667 1800 1737 ἀθυμεῖν,

209 1765 320 1828 ἕως
354 1765 419 1818 ἂν
456 1764 614 1832 ὑμεῖς
645 1762 806 1832 μόνον
841 1761 1078 1832 στήκετε
1116 1761 1176 1814 ὲν
1205 1760 1420 1833 Κυρίῳ.
1465 1759 1801 1825 Ἀσπάζεται

209 1857 360 1927 ὑμᾶς
417 1856 684 1918 Νικόλαος
727 1857 757 1908 ὁ
811 1853 1167 1924 σύγκλειστος
1223 1854 1320 1906 καὶ
1369 1851 1652 1920 ,σύμπονος
1707 1851 1802 1904 καὶ

1897 659 2078 714 bonus
2128 660 2461 730 negotiator,
2508 666 2568 712 ut
2607 659 2700 713 det
2741 658 3068 728 sanguinem
3120 666 3176 713 et
3223 658 3482 727 Spiritum

1899 751 2134 820 accipiat
2166 769 2180 805 :
2210 765 2433 806 carnem
2472 758 2821 820 aspernetur,
2853 759 2908 804 et
2937 763 3168 820 regnum
3213 748 3310 804 Dei
3349 764 3484 805 con-

1901 843 2207 908 sequatur?
2239 841 2345 907 Qni
2373 850 2518 895 amat
2564 842 2801 894 animam
2836 857 3009 906 suam,
3031 840 3212 910 perdet
3240 856 3380 902 eam,
3408 839 3487 892 ait

1900 931 2199 998 Dominus;
2244 942 2296 986 et
2326 933 2416 1002 qui
2449 933 2560 986 odit
2601 931 2837 985 animam
2867 947 3018 984 suam
3049 935 3105 984 in
3133 930 3230 984 hoc
3267 931 3485 988 mundo.

1901 1024 1956 1077 in
1992 1024 2156 1077 vitam
2183 1035 2437 1078 (sternam
2481 1023 2739 1077 custodiet
2769 1039 2887 1078 eam
2911 1024 2954 1078 °.
2986 1023 3293 1077 Audiamus
3325 1021 3489 1076 verba

1902 1115 2072 1180 illius,
2135 1125 2189 1170 et
2236 1131 2537 1184 sequamur
2590 1130 2758 1169 eum:
2797 1114 2899 1168 Ubi
2957 1130 3076 1169 sum
3127 1130 3242 1183 ego,
3287 1113 3488 1184 inquit,

1901 1208 2017 1262 illic
2043 1210 2143 1262 erit
2171 1217 2223 1262 et
2253 1209 2498 1261 minister
2522 1221 2669 1260 meus
2696 1206 2741 1259 ".
2779 1205 3018 1261 Ubinam
3045 1206 3180 1259 ille?
3218 1205 3274 1259 In
3301 1220 3488 1260 cruce.

1903 1301 1971 1355 Et
2000 1317 2102 1355 nos
2152 1301 2412 1363 humiles,
2459 1309 2723 1368 tanquam
2773 1297 2896 1368 ejus
2928 1297 3214 1367 discipuli,
3261 1297 3488 1351 ibidem.

1904 1389 2147 1447 Obsecro
2208 1406 2305 1445 vos
2351 1400 2412 1444 ut
2461 1387 2737 1446 sufferatis
2770 1390 2998 1444 verbum
3039 1388 3438 1443 exhortationis
3473 1405 3487 1441 :

1902 1482 2104 1537 etenim
2139 1481 2430 1552 perpaucis
2461 1481 2663 1550 scripsi
2695 1481 2874 1535 vobis.
2918 1480 3126 1535 Scitote
3156 1495 3258 1534 nos
3299 1494 3490 1549 pecca-

1902 1587 2051 1631 tores
2085 1577 2342 1647 gaudere,
2382 1587 2436 1630 et
2475 1578 2723 1630 animum
2772 1591 2882 1630 non
2917 1576 3280 1646 despondere,
3312 1591 3491 1646 quan-

1904 1670 1997 1725 diu
2051 1672 2211 1726 statis
2257 1671 2310 1724 in
2350 1669 2606 1725 Domino.
2649 1670 2865 1725 Salutat
2914 1685 3011 1725 vos
3045 1670 3309 1725 Nicolaus
3359 1685 3494 1724 eon-

1904 1767 2159 1836 captivus
2208 1783 2387 1831 meus,
2445 1776 2499 1822 et
2538 1767 2744 1821 laboris
2796 1767 3001 1832 socius,
3081 1777 3136 1821 et
3191 1767 3494 1821 commilito

1904 1871 2083 1920 meus,
2141 1865 2325 1910 vester
2375 1866 2558 1909 autem
2619 1855 2788 1911 frater
2843 1857 3190 1912 verissimus.
3249 1856 3496 1911 Salutate

213 1947 627 2018 συστρατιώτης
679 1963 802 2016 μου,
848 1946 1004 2017 ὑμῶν
1036 1947 1094 2001 δὲ
1139 1944 1372 2013 ἀδελφὸς
1405 1943 1797 2014 ἀληθέστατος.

1909 1946 2139 2000 invicem
2187 1944 2242 1998 in
2277 1944 2469 1998 osculo
2515 1954 2742 2010 sancto;
2775 1946 3014 2008 athletae,
3051 1959 3147 2001 eos
3184 1947 3282 2016 qui
3328 1947 3495 2000 simul

225 2038 574 2094 ’Δσπάσασθε
615 2038 880 2110 ἀλλήλους
917 2041 978 2092 ὲν
1030 2039 1303 2110 φιλήματι
1341 2036 1482 2107 ἁγίῳ
1506 2075 1520 2099 ,
1553 2036 1604 2088 οἱ
1632 2034 1802 2106 ἀθλη-

210 2133 306 2186 ταὶ
342 2132 470 2193 τοὺς
499 2130 863 2200 συναθλητὰς.
892 2131 943 2184 οί
966 2131 1322 2200 δεδιωγμένοι
1344 2130 1472 2194 τοῦς
1498 2126 1802 2197 δεδιωγμέδ

211 2239 362 2286 νους·
391 2224 441 2276 οί
481 2223 682 2285 πάντες
725 2223 855 2286 τοὺς
905 2221 1199 2291 φιλοῦντας
1229 2222 1374 2292 ὑμᾶς
1407 2221 1466 2274 ὲν
1499 2220 1703 2272 πίστει.
1740 2215 1809 2270 El

212 2332 297 2378 τις
328 2313 429 2384 οὐχ
458 2311 713 2384 ὁμολογεῖ
754 2314 849 2366 τὸν
883 2312 1089 2384 Κύριον
1115 2311 1277 2383 ήμῶν
1319 2309 1530 2381 Ἰησοῦν
1564 2307 1805 2380 Χριστὸν

213 2408 636 2478 ἐγγραφόμενον
669 2405 906 2476 σώματι,
949 2406 1064 2476 ήτω
1095 2404 1349 2475 ἀνάθεμα
1377 2403 1486 2457 ἀπὸ
1507 2402 1610 2472 τῆς
1637 2401 1807 2472 Τριά-

212 2496 324 2560 60;.
370 2498 442 2554 Ἠ
482 2498 652 2568 χάρις
699 2497 808 2552 τοῦ
844 2497 1066 2565 Κυρίου
1099 2493 1270 2565 ἡμῶν
1310 2494 1516 2561 Ἰησοῦ
1545 2492 1806 2562 Χριστοῦ

209 2587 344 2657 μεθ’
372 2588 563 2658 ὑμῶν.
607 2587 820 2656 Ἀμήν.

505 2701 629 2757 ΔΘθ.
671 2730 742 2742 -
790 2701 1114 2766 Ἀθανασιῳ
1161 2699 1371 2766 τέκνῳ.
1418 2698 1590 2772 [τιβ¹.]

1904 2045 2187 2106 pugnant;
2245 2037 2687 2106 persecutionem
2729 2036 2895 2108 passi,
2957 2051 3055 2092 eos
3094 2037 3190 2106 qui
3232 2051 3495 2106 persecu-

1909 2131 2115 2184 tionem
2152 2130 2297 2197 passi
2332 2138 2498 2193 sunt;
2525 2129 2773 2184 universi
2810 2145 2906 2184 eos
2936 2130 3032 2200 qui
3077 2144 3175 2185 vos
3209 2137 3403 2184 amant
3440 2130 3497 2184 in

1907 2220 2038 2276 ﬁde.
2069 2218 2125 2274 Si
2153 2220 2279 2290 quis
2315 2235 2424 2276 non
2457 2221 2756 2276 conﬁtetur
2786 2220 3081 2277 Dominum
3123 2231 3377 2276 nostrum
3407 2220 3500 2276 Je-

1908 2329 2028 2367 sum
2066 2312 2346 2368 Christum
2397 2329 2631 2382 corpore
2669 2313 2972 2384 depictum,
3015 2314 3312 2369 anathema
3363 2314 3497 2369 sita

1907 2407 2196 2462 Trinitate.
2235 2405 2425 2461 Gratia
2460 2407 2676 2462 Domini
2711 2409 2881 2463 nostri
2920 2407 3051 2463 Iesu
3089 2407 3289 2463 Christi
3325 2408 3500 2462 vobis-

1907 2512 2045 2552 cum.
2078 2500 2243 2552 Amen
2267 2497 2289 2529 ⁸

2284 2697 2531 2752 XXXIX.
2562 2727 2634 2740 —-
2664 2698 2960 2754 Athanasio
2990 2699 3125 2773 ﬁlio.

1201 2831 1473 2895 Proposita:
1494 2833 1556 2883 de
1578 2831 1841 2886 mendacio
1873 2831 2134 2895 quastioni
2155 2833 2445 2895 respondet.

287 2941 435 3012 Πρὸς
462 2941 576 3003 τοῖς
613 2939 796 3003 ἄλλοις
828 2939 1115 2993 καὶτοῦτο
1157 2941 1291 3011 ήμίν
1335 2939 1540 3009 ἀγαθὸν
1579 2945 1637 2994 ὲν
1681 2945 1804 3005 ταῖς

216 3033 454 3104 ἡμέραις
481 3030 707 3095 ταύταις
726 3031 1153 3101 ἀγωνιζομένοις
1181 3031 1323 3102 ὑπὲρ
1343 3031 1605 3101 ἀληθείας
1644 3031 1803 3095 Θεοῦ,

218 3125 542 3197 συχνότερον
561 3125 662 3196 τῆς
688 3124 819 3193 παρ’
841 3124 1093 3194 ἀλλήλων
1117 3125 1303 3194 φωνῆς
1327 3124 1413 3178 διὰ
1436 3123 1532 3178 τοῦ
1553 3124 1807 3195 γράμμα⁹

215 3233 312 3278 τος
349 3214 572 3270 ἀκούειν
593 3255 609 3278 ,
642 3216 738 3267 καὶ
771 3214 1192 3270 ἀνακοινοῦσθαι
1231 3213 1331 3276 τὰς
1372 3216 1430 3266 ὲν
1458 3213 1660 3284 καρδία
1691 3215 1805 3267 δια·

1974 2940 2057 2992 Ad
2099 2948 2299 2993 caetera
2339 2938 2483 2993 bona
2529 2949 2583 2994 et
2629 2939 2780 2996 istud
2826 2939 2988 2995 nobis
3037 2939 3141 2996 hae
3177 2949 3501 3015 tempestate

1904 3031 2156 3102 contigit,
2206 3030 2300 3101 qui
2342 3047 2439 3101 pro
2474 3030 2569 3086 Dei
2615 3033 2846 3088 veritate
2873 3033 3232 3101 dimicamus,
3277 3046 3340 3091 ut
3381 3038 3502 3095 fre-

1904 3123 2163 3194 quentius
2215 3132 2462 3178 mutuam
2512 3139 2611 3194 per
2661 3125 2877 3180 litteras
2934 3141 3124 3182 vocem
3180 3129 3502 3196 audiamus,

1907 3215 2190 3286 animique
2222 3216 2398 3271 nostri
2444 3215 2767 3271 alfectiones
2808 3218 3297 3276 communicemus.
3334 3220 3506 3280 Vides

218 3309 419 3372 θέσεις.
459 3309 625 3380 Ὁρᾷς
655 3307 787 3377 γάρ,
824 3307 1025 3378 άδελφὲ
1046 3307 1404 3379 ήγαπημένε,
1429 3307 1578 3371 ὅπως
1605 3306 1806 3360 ὡσανεὶ

1910 3305 2081 3371 enim,
2121 3304 2320 3360 dilecte
2367 3307 2558 3370 frater,
2622 3315 2684 3359 ut
2722 3307 3063 3376 quotidianae
3104 3313 3503 3380 propemodum

219 3402 560 3472 ἐφημερίδες
610 3403 667 3454 αί
710 3400 994 3454 ἐπιστολαὶ
1046 3400 1379 3470 ὑπάρχουσι,
1433 3399 1804 3454 συνάπτουσαι

1919 3395 2162 3466 epistola:
2191 3404 2324 3451 sunt
2353 3397 2557 3467 quibus
2598 3400 2807 3468 majore
2848 3398 2995 3454 inter
3034 3415 3135 3457 nos
3171 3401 3505 3460 benevolen-

220 3495 371 3564 ήμᾶς
412 3491 793 3564 φιλικώτερον.
833 3492 938 3546 Ἴδε
970 3492 1114 3544 πόσα
1155 3491 1297 3544 καλὰ
1326 3491 1354 3542 ὁ
1391 3490 1532 3560 ὑπὲρ
1566 3489 1806 3562 Χριστοῦ

215 3587 460 3657 διωγμὸς
496 3586 809 3656 παρέσχετο
828 3601 848 3615 ο
874 3585 971 3638 καὶ
1000 3583 1081 3637 ἔτι
1110 3583 1468 3654 παράσχοιεν·
1505 3583 1643 3637 ἐπὰν
1679 3582 1808 3652 Θερ-

224 3680 486 3749 μοτέρους
529 3679 676 3749 ἡμᾶς
721 3678 860 3747 πρὸς
903 3675 966 3730 τὸ
1009 3677 1137 3742 ἑξῆς
1163 3676 1414 3740 λάϐοιεν,
1467 3676 1630 3747 μηδὲν
1676 3676 1810 3729 ὑπο-

221 3769 565 3838 πτήσσοντας
621 3768 732 3822 τῶν
781 3767 1162 3839 ἀνθρωπίνων.
1239 3766 1400 3818 Ἀλλὰ
1452 3765 1810 3836 γλιχομένους

219 3861 292 3913 τὰ
325 3860 635 3931 θεομίμητα
661 3858 908 3914 ὁποίσειν
939 3859 1263 3928 παθήματα,
1295 3858 1364 3911 δι’
1388 3857 1425 3912 ἃ
1450 3851 1553 3911 ὧδε
1581 3859 1809 3911 κάκεῖσε

221 3951 524 4023 φερόμενος
578 3954 672 4005 καὶ
722 3952 885 4015 αὐτὸς
931 3949 1133 4014 ἀθλείς.
1198 3949 1340 4003 Ἀλλ’
1392 3945 1452 4004 εὖ
1501 3949 1652 4004 ἔσται
1698 3953 1813 4013 τοῖς

223 4041 482 4115 βοηθοῦσι
511 4043 606 4096 καὶ
641 4041 1062 4115 συνδιαφέρουσι
1091 4058 1176 4094 σοι
1205 4040 1276 4095 τὰ
1297 4041 1660 4111 ἀγωνίσματα
1681 4057 1695 4071 ο
1727 4036 1810 4104 οἷς

221 4137 320 4189 καὶ
351 4135 533 4200 καλῶς
567 4135 1113 4206 προαπελογησάμην
1132 4175 1149 4199 ,
1181 4133 1276 4188 καὶ
1318 4129 1576 4204 αὖθις·δὴ
1610 4132 1812 4186 ἀπολο-

303 4242 400 4295 σομ
411 4243 491 4280 αι.

537 4316 635 4388 τὴν
666 4314 937 4387 ἐρώτησιν
993 4315 1251 4384 μέτειμι,
1285 4313 1392 4366 ὲῶν
1424 4313 1567 4385 ὑπὲρ
1599 4307 1674 4368 ὧν
1705 4313 1811 4367 δώ-

223 4426 336 4481 ρων
369 4408 738 4478 ἐγκωμιάζεις
769 4424 860 4476 με,
883 4406 982 4471 τὰς
1003 4403 1300 4472 ἀντιλέξεις
1331 4407 1603 4461 ἀποίσεινο
1631 4407 1706 4472 ὡς
1735 4409 1811 4478 μὴ

219 4501 470 4573 οίηθῆναί
507 4518 575 4571 με
606 4498 1050 4569 συγκαταθέσθαι
1085 4501 1201 4562 τοῖς
1235 4499 1501 4564 ἐπαίνοις.
1539 4501 1670 4571 Εἰμὶ
1704 4505 1812 4571 γὰρ

220 4593 430 4664 ἔρημος
476 4591 681 4656 παντὸς
728 4589 966 4658 ἀγαθοῦ.
1010 4590 1185 4644 Ὅπου
1231 4590 1324 4643 οὖν
1354 4593 1383 4644 ὁ
1426 4592 1602 4660 μέγας
1649 4592 1814 4646 Βασί-

1911 3491 1988 3546 tia
2019 3492 2362 3559 copulamur.
2389 3490 2527 3548 Vide
2566 3502 2702 3563 quot
2728 3494 2873 3549 bona
2901 3498 3173 3565 pepererit
3205 3514 3304 3567 pro
3338 3500 3503 3555 Chri-

1913 3595 1999 3640 sto
2054 3587 2398 3656 perse'cutio,
2450 3597 2506 3641 et
2548 3587 2731 3643 adhuc
2783 3588 3032 3658 paritura
3082 3590 3175 3654 sit,
3213 3602 3504 3662 postquam

1913 3693 2018 3733 nos
2052 3678 2396 3734 ardentiores
2442 3679 2511 3733 ad
2553 3693 2618 3733 ea
2660 3695 2784 3749 qua:
2817 3682 3028 3735 instant
3062 3681 3329 3748 eﬂecerit,
3369 3687 3506 3741 nihil

1914 3771 2283 3824 humanorum
2316 3784 2547 3826 casuum
2583 3770 3030 3834 extimescentes,
3055 3772 3150 3827 sed
3184 3771 3281 3828 Dei
3314 3789 3506 3830 exem-

1915 3862 2004 3930 plo
2044 3863 2335 3917 molestias
2368 3860 2684 3932 perferendi
2714 3862 2971 3932 cupidos,
3003 3878 3102 3932 per
3135 3879 3274 3934 quas
3301 3866 3410 3922 huc
3452 3878 3509 3922 et

1914 3954 2049 4007 illuc
2079 3963 2133 4008 et
2171 3955 2288 4022 ipse
2337 3953 2578 4024 agitatus
2609 3952 2862 4009 dimicas.
2917 3953 3024 4010 Sed
3065 3966 3208 4011 recte
3253 3973 3378 4012 eum
3417 3958 3506 4014 his

1915 4053 2110 4116 agetur
2139 4045 2233 4114 qui
2272 4045 2370 4098 tibi
2409 4059 2568 4114 opem
2605 4043 2814 4110 ferunt,
2865 4060 2929 4102 ac
2968 4042 3172 4103 bellum
3222 4065 3331 4104 una
3371 4051 3508 4104 tole-

1914 4147 2038 4192 rant
2071 4156 2086 4193 :
2115 4151 2257 4207 quos
2289 4145 2348 4192 et
2374 4135 2490 4206 jam
2521 4145 2651 4192 ante
2672 4138 2889 4208 egregie
2916 4138 3160 4206 defendi,
3195 4156 3506 4212 rursusque

1914 4228 2228 4284 defendam.

1987 4321 2070 4374 Ad
2119 4319 2607 4390 interrogationem
2655 4319 2841 4385 venio,
2895 4320 3160 4376 omittens
3199 4321 3504 4393 quidquam

1914 4427 2186 4482 reponere
2218 4411 2275 4465 in
2307 4427 2499 4466 earum
2539 4411 2764 4467 laudum
2797 4412 2973 4467 vicem
3009 4413 3215 4482 quibus
3243 4430 3330 4470 me
3369 4431 3505 4472 one-

1915 4517 2044 4568 ras;
2090 4516 2161 4556 ne
2208 4502 2398 4556 videar
2439 4501 2744 4557 laudationi
2783 4505 3069 4559 assentiri.
3120 4503 3254 4559 Sum
3301 4508 3506 4562 etenim

1916 4595 2098 4648 omnis
2127 4593 2256 4648 boni
2298 4609 2519 4664 expers.
2557 4593 2660 4650 Ubi
2708 4595 2875 4666 igitur
2924 4611 3156 4667 magnus
3198 4597 3503 4667 Basilius’,

219 4687 383 4748 λειος,
407 4685 470 4738 τὺ
501 4685 616 4753 φῶς
641 4683 738 4737 τοῦ
764 4684 996 4753 κόσμου,
1030 4684 1358 4754 ἀποφήσειε,
1378 4683 1483 4735 τίνι
1505 4682 1804 4754 τολμητέον

1909 4685 2001 4741 lux
2048 4687 2220 4752 orbis,
2248 4687 2577 4741 sententiam
2644 4689 2891 4760 protulit,
2935 4691 3062 4760 quis
3115 4705 3264 4745 sana:
3301 4693 3505 4747 mentis

218 4779 400 4847 ἔχοντι
445 4776 570 4830 νοῦν
600 4776 740 4839 ὅλως
771 4775 1201 4845 ἀντιφέρεσθαις
1255 4776 1415 4828 Ἐστι
1465 4775 1522 4828 δὲ
1552 4776 1711 4830 τοῦτο
1755 4779 1812 4829 ὲν

216 4872 283 4940 τῇ
330 4869 599 4940 ἐρωτήσει
646 4868 758 4920 τῶν
820 4867 1184 4937 ἀσκητικῶν,
1237 4866 1382 4921 καθὰ
1437 4867 1810 4938 ὑπεσημήνω·

217 4963 388 5032 ήγουν
417 4981 431 4995 ο
463 4980 482 5014 ι
529 4961 587 5016 Ei
639 4964 744 5034 χρὴ
792 4964 1111 5034 οίκονομίας
1152 4962 1314 5032 δῆθεν
1360 4963 1637 5033 χρησίμου
1679 4963 1814 5034 ψεύ-

216 5051 432 5107 δεσθαι.
493 5071 510 5106 ι
553 5054 699 5124 Πρὸς
737 5055 796 5107 ὃν
854 5070 1055 5125 φησιν·
1104 5072 1122 5105 ι
1174 5054 1237 5106 Ἢ
1269 5055 1545 5124 ἀπόφασις
1582 5054 1678 5106 τοῦ
1705 5055 1818 5107 Κυ-

220 5144 340 5217 ρίου
378 5145 538 5216 ήμῶν
571 5145 752 5216 Ἰησοῦ
784 5147 1023 5217 Χριστοῦ
1053 5146 1215 5200 τοῦτο
1239 5146 1301 5200 ού
1336 5147 1630 5217 συγχωρεῖ·
1665 5145 1814 5211 ἅπαξ

218 5235 492 5302 εἰπόντος,
541 5237 624 5291 ὅτι
661 5239 723 5291 τδ
751 5237 948 5307 ψεῦδος
987 5240 1054 5291 ὲκ
1093 5237 1190 5291 τοῦ
1224 5221 1473 5292 διαϐόλου
1508 5237 1646 5290 ὲστί·
1694 5239 1812 5292 δια-

233 5328 396 5398 ροράν
443 5328 675 5396 ψεύδους
708 5328 980 5399 μηδεμίαν
1021 5331 1390 5402 ἐμφήναντος.
1437 5331 1549 5383 Καὶ
1584 5331 1613 5383 ὁ
1651 5330 1814 5384 Ἀπὸ·

232 5423 409 5485 ττολος
447 5421 504 5475 δὲ
538 5424 807 5492 μαρτυρεῖ
835 5421 1074 5494 γράψας,
1128 5424 1209 5476 ὅτι
1241 5413 1368 5477 Κᾶν
1405 5422 1563 5491 ἀθλῇ
1589 5440 1710 5488 τις,
1739 5424 1812 5476 οὐ

221 5511 646 5583 στεφανοῦται,
691 5517 744 5567 si
786 5513 873 5583 μὴ
922 5515 1182 5583 νομίμως
1227 5513 1506 5579 ἀθλήσει.
1559 5535 1577 5566 ι
1621 5512 1810 5567 Ταῦτα

229 5604 323 5678 μὲν
359 5604 512 5674 παρὰ
545 5603 642 5657 τοῦ
671 5606 909 5676 Πατρός.
946 5607 1126 5675 Ἔφης
1159 5604 1216 5658 δὲ
1246 5605 1614 5676 προσκεῖσθαι
1645 5606 1704 5658 ὲν
1729 5604 1809 5677 τῷ

222 5696 506 5769 κεφαλαίῳ
532 5697 743 5768 σχόλιον
763 5741 777 5765 ,
811 5701 893 5752 ὅτι
919 5697 1195 5770 χρησίμου
1225 5697 1415 5751 ἓνεκεν
1447 5699 1479 5768 ή
1510 5696 1805 5768 ἐρώτησις,

219 5787 320 5841 οῦκ
345 5785 664 5853 ἀναγκαίου·
702 5785 762 5840 ού
797 5788 904 5856 γὰρ
936 5786 1133 5840 ταυτὸν
1163 5788 1476 5856 ἀμφότερα.
1511 5789 1620 5840 Καὶ
1646 5789 1810 5842 πάλιν

1912 4780 2182 4834 obluctari
2221 4781 2408 4834 ausit?
2431 4779 2528 4835 Est
2556 4781 2701 4836 istud
2731 4784 2784 4836 in
2829 4782 3261 4853 interrogatione
3286 4785 3502 4839 Asceti-

1912 4887 2130 4934 corum,
2174 4881 2234 4927 ut
2281 4872 2627 4940 subnotasti;
2664 4873 2964 4930 videlicet;
3001 4894 3019 4926 ι
3053 4873 3313 4945 Nunquid
3350 4877 3503 4932 utilis

1914 4963 2344 5034 dispensationis
2402 4979 2571 5018 causa
2622 4966 3000 5019 mentiendum
3057 4967 3214 5020 sit?»
3269 4969 3359 5022 cui
3415 4985 3502 5023 re-

1916 5053 2168 5122 spondet.
2215 5073 2234 5105 ι
2269 5052 2384 5109 Hoc
2409 5053 2685 5109 sententia
2720 5053 2940 5108 Domini
2975 5058 3151 5111 nostri
3178 5056 3310 5112 Jesu
3342 5058 3505 5114 Chri-

1915 5145 1988 5199 sti
2021 5160 2129 5198 non
2161 5145 2316 5209 sinit,
2343 5160 2375 5200 a
2399 5161 2511 5216 quo
2540 5146 2749 5201 dictum
2786 5148 3017 5216 praecise
3054 5158 3141 5205 est
3163 5151 3232 5216 ¹⁰,
3276 5151 3505 5205 menda—

1915 5238 2062 5291 cium
2113 5252 2178 5292 es
2249 5235 2473 5292 diabolo
2527 5253 2693 5293 esse:
2727 5253 2830 5293 nec
2886 5238 3056 5292 ullum
3122 5239 3171 5295 is
3224 5241 3505 5295 mendacii

1914 5323 2213 5379 discrimen
2242 5326 2503 5380 ostendit.
2540 5323 2684 5393 Quin
2721 5326 2828 5381 hoc
2861 5326 3002 5382 idem
3029 5326 3332 5398 Apostolus
3356 5345 3499 5399 quo-

1915 5430 2024 5484 que
2052 5423 2287 5469 testatur
2316 5415 2404 5471 his
2432 5415 2614 5471 verbis
2639 5432 2652 5470 :
2686 5415 2806 5470 Etsi
2836 5427 3114 5471 certaverit
3144 5418 3363 5490 aliquis,
3394 5436 3501 5474 non

1915 5523 2204 5564 coronatur
2262 5511 2367 5566 nisi
2425 5511 2658 5582 legitime
2721 5512 3097 5570 certaverit".
3144 5533 3166 5568 ι
3221 5512 3502 5570 Haetenus

1915 5602 2098 5656 Pater.
2151 5601 2354 5656 Aiebas
2400 5614 2585 5657 autem
2630 5603 2936 5673 appositam
2987 5603 3156 5673 capiti
3195 5604 3503 5660 adnotatio-

1917 5709 2063 5756 nem,
2093 5692 2241 5763 quod
2280 5695 2348 5748 de
2376 5693 2627 5751 utilitatis
2665 5711 2832 5751 causa
2861 5696 3215 5768 interrogatio
3261 5697 3353 5764 sit,
3384 5714 3496 5753 non

1917 5787 2280 5841 necessitatis.
2311 5784 2496 5859 Neque
2515 5789 2661 5844 enim
2694 5801 2993 5859 utrumque
3027 5791 3190 5846 idem.
3230 5792 3496 5849 Rursum.

294 5899 494 5955 “Joan.
529 5901 730 5965 111,25.
810 5903 830 5932 ⁷
853 5901 985 5957 ibid.
1016 5901 1108 5957 26.
1137 5903 1158 5934 ⁸
1183 5900 1201 5953 l
1224 5899 1417 5957 Thess.
1449 5901 1541 5955 28.
1618 5905 1638 5934 ⁹
1666 5903 1925 5975 Interrog.
1963 5906 2047 5960 76.
2129 5907 2170 5937 ¹⁰
2191 5905 2349 5962 Joan.
2384 5924 2536 5976 xvm,
2561 5909 2650 5964 Η.
2735 5911 2772 5942 ³⁸
2803 5910 2848 5964 ιι
2867 5910 3108 5967 Timoth.
3143 5928 3202 5975 ιι.
3235 5913 3298 5969 5.
