4164 6476
670 400 806 465 123:3

1866 396 1927 455 S.
1962 392 2357 455 THEODORI
2400 393 2744 453 STUDITzE

3811 392 3965 458 1236

660 528 774 584 que
828 512 1000 566 altero
1063 510 1242 581 capite
1313 512 1381 566 ab
1439 510 1635 567 eodem
1706 508 1933 565 doctore
1990 511 2133 565 tradi
2166 510 2247 574 ι’,

2358 511 2411 562 ἐν
2446 512 2618 581 ἑτέρῳ
2651 509 2939 580 κεφαλαίῳ
2967 508 3057 562 τὸν
3088 508 3251 563 αὑτὸν
3281 508 3550 582 φωστῆρα
3582 509 3765 579 λέγειν
3789 529 3805 540 ·
3841 515 3964 566 ὅτι·

661 603 971 673 ponendam
1003 616 1104 671 pro
1147 601 1342 655 amicis
1386 602 1627 655 animam
1657 600 1744 654 vel
1775 600 1841 654 ad
1892 610 2121 655 mortem
2158 615 2251 653 us-

662 712 791 763 quc,
828 694 943 749 sive
994 694 1208 748 amicus
1238 704 1515 763 peccator,
1563 694 1679 747 sive
1705 693 1891 762 justus
1940 695 2031 747 sit.
2070 695 2145 745 Ita
2191 701 2246 745 ut

661 788 889 841 dubium
926 788 1021 852 sit,
1051 787 1176 841 hinc
1203 788 1423 856 quidem
1464 802 1597 841 num
1634 786 1922 840 mentiaris
1971 786 2249 843 incidente

664 891 831 929 causa
882 876 977 929 ubi
1039 885 1235 944 agatur
1296 875 1609 929 necessario
1669 872 1737 928 de
1793 882 1969 927 morte
2030 872 2249 939 fratris;

664 967 792 1021 inde
832 982 962 1020 vero
1005 982 1135 1020 num
1166 982 1266 1035 pro
1309 966 1430 1036 ipso
1483 966 1727 1019 animam
1768 979 1963 1034 ponas.
1994 965 2065 1017 At
2104 966 2250 1020 enim

663 1058 769 1111 nisi
798 1058 1052 1119 mentiar,
1084 1056 1292 1125 inquis,
1328 1066 1512 1109 actum
1546 1064 1632 1110 est
1667 1056 1735 1110 de
1777 1055 1941 1110 amici
1974 1056 2082 1109 vita
2112 1072 2125 1107 :
2163 1056 2247 1109 sin

664 1160 847 1203 autem
899 1149 1169 1211 mentior,
1212 1165 1315 1202 nec
1356 1148 1598 1219 legitime
1644 1158 1815 1211 certo,
1850 1156 1905 1201 et
1944 1162 1973 1200 a
2007 1146 2117 1201 Deo
2161 1148 2255 1200 de-

665 1242 869 1295 scisco.
906 1241 1020 1295 Hoc
1062 1241 1224 1308 igitur
1270 1253 1431 1309 caput
1466 1240 1627 1293 atl‘ert
1660 1239 1793 1293 milii
1830 1239 2253 1301 dubitationem,

667 1339 745 1396 et,
780 1341 841 1387 ut
872 1332 1132 1397 arbitror,
1175 1333 1363 1385 multis
1394 1332 1559 1385 etiam
1587 1332 1731 1386 aliis.
1764 1330 2022 1385 Conabor
2058 1330 2257 1383 nihilo-

665 1427 871 1489 minus,
897 1430 1076 1497 quoad
1103 1426 1217 1481 fieri
1243 1426 1466 1496 poterit,
1491 1441 1816 1495 responsum
1838 1424 1970 1478 dare
1999 1424 2256 1480 charitati

669 1529 798 1582 tuaa,
843 1516 953 1572 Deo
1005 1518 1292 1589 largiente.
1348 1518 1503 1584 Quod
1546 1518 1712 1587 igitur
1758 1518 2060 1572 secundum
2108 1518 2254 1571 illam

664 1610 1097 1676 adnotationem,
1147 1626 1253 1664 non
1301 1609 1445 1664 idem
1496 1610 1568 1663 sit
1616 1609 1749 1662 utile
1797 1610 1944 1679 quod
1997 1623 2251 1663 necessa-

664 1700 829 1767 rium,
864 1718 1051 1756 verum
1088 1711 1194 1765 est,
1224 1702 1356 1756 illud
1406 1703 1552 1756 enim
1583 1702 1906 1771 contingens
1947 1710 2051 1755 est.
2088 1702 2250 1756 Verbi

666 1792 844 1861 gratia
877 1806 891 1843 :
938 1792 1071 1846 utile
1104 1802 1187 1847 cst
1218 1808 1305 1846 me
1338 1808 1462 1847 cum
1494 1792 1588 1846 illo
1612 1793 1832 1846 bomine
1863 1792 1929 1846 de
1968 1793 2061 1846 tali
2092 1808 2257 1864 argu-

2351 618 2459 671 περ
2500 601 2583 654 δεῖ
2621 601 2831 657 τιθέναι
2873 601 2971 673 τὴν
3012 600 3192 672 ψυχὴν
3223 602 3366 673 ὑπὲρ
3411 604 3521 656 τῶν
3552 603 3725 672 φίλων
3776 606 3965 675 μέχρι

2352 690 2588 744 θανάτου
2614 730 2629 753 ,
2677 692 2788 745 εῖτε
2840 689 3201 763 ἀμαρτωλοῦ,
3235 692 3346 745 εἴτε
3385 693 3594 747 δικαίου
3636 695 3805 759 ὄντος
3856 698 3962 749 τοῦ

2352 782 2533 851 φίλου.
2595 783 2681 848 Ὠς
2725 781 2976 836 ἐντεῦθεν
3024 783 3338 854 ἀπορεῖνσε
3388 784 3485 839 καὶ
3528 784 3603 855 μὴ
3640 785 3964 855 ψεύδεσθαι

2352 874 2491 939 ὅλως
2534 876 2594 927 ὲν
2634 878 2756 938 ταῖς
2805 875 3237 945 συμδαινούσαις
3277 876 3544 943 ἀνάγκαις
3580 878 3662 941 είς
3705 877 3965 931 θάνατον

2352 966 2619 1035 ἡκούσαις
2647 966 2903 1035 ἀδελφοῦ
2934 967 3029 1019 καὶ
3058 966 3224 1019 πάλιν
3254 966 3353 1041 τὴν
3381 967 3560 1037 ψυχὴν
3594 969 3736 1039 ὑπὲρ
3769 968 3963 1021 αὑτοῦ

2353 1060 2585 1113 τιθέναι.
2630 1058 2755 1112 Ἐἀν
2782 1058 2890 1129 γάρ
2934 1058 3008 1127 μὴ
3052 1052 3524 1128 ψεύσωμαι,’φὴς
3566 1059 3963 1130 ἀποθνήσκειν

2354 1150 2445 1205 τὸν
2486 1151 2667 1218 φίλον·
2704 1152 2799 1205 καὶ
2837 1150 3169 1219 ψευδόμενος
3209 1151 3312 1203 οὐκ
3353 1148 3502 1203 ἀθλῶ
3543 1152 3797 1219 νομίμως
3854 1154 3962 1205 καὶ

2358 1239 2613 1293 ὲκπίπτω
2640 1239 2735 1293 τοῦ
2757 1240 2915 1296 Θεοῦ.
2946 1239 3119 1293 Τοῦτο
3146 1239 3241 1294 οῦν
3268 1239 3330 1293 τὸ
3360 1240 3654 1310 κεφάλαιον
3680 1244 3780 1294 καὶ
3814 1244 3958 1313 ἐμοὶ

2355 1329 2708 1399 ἠπορημένον
2748 1330 2887 1383 ἐστί’
2921 1330 3063 1384 δοκῶ
3097 1330 3154 1384 δὲ
3197 1330 3293 1384 καὶ
3323 1331 3559 1394 πολλοῖς.
3595 1333 3955 1403 Πειράσομαι

2356 1421 2400 1474 δ’
2432 1418 2526 1475 οὖν
2561 1423 2734 1492 ὅμως¹
2767 1415 2843 1485 ὦς
2870 1416 2981 1475 οἷόν
3029 1422 3089 1476 τέ
3122 1439 3254 1492 μοι,
3295 1423 3480 1477 δοῦναι
3528 1424 3833 1494 ἀπόκρισιν
3878 1428 3950 1495 τῇ

2356 1515 2548 1585 ἀγάπῃ
2578 1530 2693 1579 σου,
2722 1513 3070 1577 εὐδοκοῦντος
3097 1513 3257 1568 Θεοῦ.
3290 1514 3415 1568 ὐτι
3448 1513 3547 1584 μὲν
3571 1511 3665 1569 οῦν
3697 1515 3850 1568 κατά
3886 1516 3955 1569 τὸ

2360 1607 2573 1675 σχόλιον
2604 1607 2665 1659 οὐ
2696 1606 2893 1661 ταύτὸν
2921 1608 3193 1678 χρήσιμον
3221 1609 3316 1662 καὶ
3344 1608 3644 1676 ἀναγκαῖον
3662 1649 3677 1674 ,
3709 1608 3952 1677 ἀληθεῖς.

2359 1697 2433 1749 Τὸ
2465 1698 2565 1767 μὲν
2587 1699 2697 1769 γὰρ
2721 1699 3071 1769 ἐνδεχόμενόν
3093 1702 3262 1753 ἐστιν·
3286 1695 3421 1762 οἷον.
3446 1702 3715 1771 χρήσιμον
3730 1701 3796 1771 δὴ
3824 1701 3955 1753 δια-

2360 1787 2618 1857 λεχθῆναι
2656 1807 2724 1859 με
2749 1790 2828 1859 τῷ
2864 1792 2995 1843 δεῖνι
3028 1793 3156 1862 περὶ
3190 1791 3368 1844 τοῦδε·
3407 1792 3548 1845 ἀλλά
3577 1794 3683 1862 μὴν
3722 1793 3837 1844 κᾶν
3884 1792 3951 1844 οὐ

664 1892 853 1937 mento
904 1882 1179 1937 disserere
1210 1900 1223 1936 :
1260 1882 1352 1937 sed
1386 1892 1567 1937 tamen
1616 1884 1720 1936 etsi
1764 1899 1869 1937 non
1901 1884 2252 1945 dissererem.

2358 1880 2687 1951 διαλέξαιμι,
2718 1882 2834 1935 ἔστι
2862 1883 3089 1937 δυνατὸν
3124 1886 3413 1955 ἐπιτυχεῖν
3444 1886 3541 1939 τοῦ
3573 1886 3949 1955 ζητουμένου.

664 1976 781 2029 fieri
814 1986 990 2045 potest
1026 1986 1085 2031 ut
1124 1978 1420 2047 quaesitum
1472 1994 1565 2048 per
1594 1993 1652 2033 se
1694 1978 1957 2034 inveniat.
2017 1981 2084 2035 Et
2131 1998 2256 2035 rur-

664 2082 788 2121 sum
819 2086 833 2121 :
868 2068 1001 2122 utile
1041 2079 1126 2124 est
1170 2071 1240 2123 ab
1276 2086 1463 2125 errore
1504 2072 1819 2141 quempiam
1860 2086 2123 2127 revocare
2155 2091 2169 2127 :
2199 2082 2256 2127 at

665 2174 982 2229 quanquam
1057 2161 1325 2216 hodierno
1378 2163 1466 2217 die
1519 2178 1627 2217 non
1686 2179 1972 2229 revocent,
2044 2166 2251 2236 possim

664 2252 846 2316 ipsum
903 2267 1026 2306 cras
1079 2269 1360 2308 revocare.
1413 2254 1697 2323 Ejusmodi
1748 2268 1832 2311 est
1880 2258 2048 2327 igitur
2103 2258 2251 2327 quod

665 2342 798 2396 utile
830 2341 1053 2408 dicitur,
1096 2360 1291 2412 nempe
1327 2346 1677 2415 contingens.
1712 2347 1781 2399 At
1812 2346 1961 2416 quod
1994 2362 2246 2401 necessa-

2352 1973 2465 2026 Καὶ
2530 1974 2727 2027 πάλιν·
2793 1976 3069 2046 χρήσιμόν
3140 1978 3290 2029 ἐστιν
3361 1977 3783 2048 ἀποστραφῆναι
3852 1978 3955 2031 τὸν

2350 2065 2497 2120 δεῖνα
2518 2083 2531 2095 ·
2562 2068 2700 2121 ἀλλά
2728 2068 2839 2139 γὰρ
2860 2068 2965 2122 κᾶν
2992 2070 3235 2140 σήμερον
3266 2070 3340 2140 μὴ
3370 2069 3728 2139 ἀποστραφῶ,
3755 2069 3957 2123 δυναί-

2355 2173 2463 2226 μην
2506 2158 2671 2213 αὑτὸν
2700 2159 2893 2230 αὔριον
2935 2162 3383 2234 ἀποστραφῆναι.
3425 2160 3677 2213 Τοιοῦτόν
3720 2162 3843 2212 ὲστι
3887 2161 3954 2215 τὺ

2350 2250 2648 2319 χρήσιμον,
2684 2252 2804 2321 ἦτοι
2833 2252 3207 2323 ἐνδεχόμενον.
3234 2254 3308 2306 Τὸ
3335 2252 3394 2307 δὲ
3431 2254 3726 2321 ἀναγκαῖον
3746 2292 3761 2314 ,
3788 2254 3953 2307 ἀπα-

2352 2340 2610 2411 ραίτητόν
2638 2345 2775 2399 ἐστι.
2818 2343 2891 2398 Τὸ
2929 2347 3150 2409 πάντως
3193 2346 3269 2416 μὴ
3304 2343 3718 2416 ἀμφοτεριξειν.
3768 2339 3907 2398 Οἷον
3930 2362 3947 2376 ·

664 2434 835 2495 rium,
875 2432 1017 2487 idem
1058 2435 1372 2489 inevitabile
1421 2448 1525 2501 cst,
1566 2453 1664 2491 nec
1710 2447 1888 2505 potest
1928 2439 2155 2492 Omnino
2193 2440 2248 2492 in

2358 2434 2442 2484 ὲάν
2471 2435 2587 2503 εἰμι
2610 2435 2877 2505 ἀμύητος,
2901 2437 3002 2489 οὐκ
3026 2436 3309 2507 ἐνδέχεται
3336 2439 3409 2509 μὴ
3435 2436 3951 2508 βαπτισθησόμενον

667 2534 961 2592 utramque
988 2537 1196 2594 partem
1231 2527 1430 2596 accipi.
1470 2527 1716 2597 Exempli
1740 2529 1912 2598 gratia
1944 2546 1956 2581 :
1988 2527 2101 2582 Nisi
2129 2544 2251 2581 sum

673 2619 850 2672 sacris
879 2620 1151 2680 initiatus.
1187 2621 1304 2673 fieri
1338 2636 1445 2673 non
1479 2631 1655 2689 potest
1690 2635 1750 2677 ut
1778 2638 1884 2676 non
1910 2623 2131 2676 ablutus
2164 2639 2256 2675 sa-

667 2707 835 2763 lutem
888 2726 1220 2780 consequar.
1264 2713 1334 2765 At
1374 2728 1597 2766 rursum
1648 2714 1694 2766 si
1753 2714 1988 2767 dixero:
2025 2712 2253 2765 Possum

2351 2523 2591 2594 σωθῆναί
2622 2542 2712 2595 με.
2753 2528 2865 2580 Καὶ
2895 2528 3081 2594 πάλιν,
3106 2531 3201 2583 ὲάν
3229 2529 3390 2583 εἴπω·
3424 2527 3671 2596 Δύναμαι
3696 2527 3775 2597 μὴ
3802 2528 3950 2581 ἀνα-

2353 2619 2528 2677 πνεῖν.
2555 2620 2652 2670 καὶ
2681 2618 2801 2688 ζῇν·
2835 2620 3051 2689 ψεῦδος
3088 2623 3391 2692 ἀναγκαῖον
3428 2620 3538 2690 γὰρ
3557 2619 3620 2671 τὸ
3651 2619 3946 2683 ἀναπνεῖν,

2355 2705 2416 2763 οὗ
2443 2713 2614 2781 χωρὶς
2646 2712 2746 2764 οὐκ
2776 2713 2891 2769 ἐστι
2924 2714 3045 2785 ξῇν.

667 2816 779 2853 non
822 2800 1023 2856 ducere
1074 2803 1330 2872 spiritum
1381 2814 1434 2858 et
1473 2805 1688 2869 vivere;
1734 2803 2083 2859 mendacium
2107 2814 2232 2859 est:
2276 2816 2501 2857 necesse
2542 2812 2625 2858 cst
2688 2806 2834 2860 enim
2882 2823 3064 2864 aerem
3130 2802 3368 2868 ducere.
3405 2803 3525 2859 Sine
3566 2818 3677 2874 quo
3719 2818 3819 2858 nec
3855 2804 3944 2861 hs

665 2896 871 2949 vivere.

740 2991 834 3045 Dei
865 2990 1045 3059 itaque
1072 2991 1327 3044 mandata
1355 2991 1665 3045 necessarie
1702 2992 1771 3046 ab
1798 3008 1892 3049 ore
1916 2993 2093 3048 veraci
2133 3006 2261 3061 pro-

670 3081 779 3135 lata
818 3091 981 3146 sunt,
1032 3095 1097 3135 ac
1161 3082 1471 3137 necessarie
1498 3084 1688 3137 eadem
1734 3085 2132 3139 custodienda:
2167 3098 2261 3135 nc-

667 3188 777 3244 que
807 3183 936 3227 sunt
985 3182 1199 3228 natura:
1257 3174 1528 3228 versatilis
1560 3213 1576 3239 ,
1618 3184 1676 3228 ut
1708 3174 1980 3228 interdum
2036 3174 2253 3242 quidem
2286 3209 2330 3268 ο

668 3265 880 3320 servari
910 3280 971 3319 ea
1004 3266 1087 3320 fas
1122 3267 1213 3330 sit,
1254 3268 1530 3321 interdum
1567 3266 1722 3322 nefas
1754 3286 1768 3320 :
1802 3275 1898 3321 aut
1920 3267 1989 3321 ab
2015 3268 2107 3321 illo
2136 3268 2258 3337 qni-

669 3358 817 3422 dem,
850 3358 919 3411 ab
954 3358 1059 3412 isto
1086 3358 1311 3411 minime
1342 3377 1355 3412 :
1386 3368 1473 3411 aut
1510 3360 1603 3411 illo
1637 3360 1823 3428 utique
1854 3367 2118 3429 tempore,
2147 3375 2257 3413 non

673 3448 802 3501 item
841 3449 965 3513 isto,
991 3449 1083 3503 sed
1117 3464 1356 3517 semper,
1382 3457 1436 3503 et
1473 3466 1501 3503 a
1532 3450 1727 3519 quovis
1756 3450 2000 3515 homine,
2042 3459 2096 3505 et
2119 3466 2260 3521 quo-

669 3542 756 3593 vis
810 3548 1075 3610 tempore.
1132 3540 1474 3610 Quapropter
1507 3543 1641 3596 dixit
1694 3558 1927 3611 magnus
1977 3543 2259 3598 Basilius:

678 3651 699 3683 ι
733 3630 1038 3686 Discrimen
1080 3633 1351 3687 mendacii
1378 3635 1584 3688 nullum
1628 3636 1889 3701 ostendit,
1928 3654 1945 3687 ι
1979 3646 2036 3689 ut
2072 3636 2138 3689 de
2167 3650 2262 3688 ne-

673 3724 929 3778 cessitate
959 3726 1245 3794 responsio
1268 3727 1359 3787 sit.
1383 3742 1697 3796 quanquam
1733 3727 2091 3795 interrogatio
2131 3740 2262 3795 pro-

673 3813 852 3882 posita
886 3812 958 3865 sit
990 3813 1056 3867 de
1101 3816 1478 3884 contingente.
1538 3816 1681 3869 Idem
1724 3816 1868 3869 enim
1898 3826 2001 3877 est,
2034 3825 2094 3869 ut
2126 3816 2261 3880 dixi,

675 3907 805 3959 utile
835 3915 889 3959 et
917 3908 1265 3975 contingens.
1300 3907 1441 3972 Quid
1468 3919 1652 3976 postea
1687 3908 1797 3973 fiet,
1842 3918 1901 3963 ut
1933 3908 2263 3979 praemonui-

674 4000 767 4061 sti,
802 3999 848 4052 si
884 3999 1104 4052 fratrem
1161 4000 1297 4052 muri
1353 4000 1631 4065 contingat
1658 4042 1673 4065 ,
1734 4016 1802 4055 eo
1862 4002 2009 4070 quod
2044 4000 2259 4054 mentiri

674 4107 784 4145 non
821 4091 999 4145 ausim
1028 4092 1051 4144 ?
1085 4091 1199 4146 Hoc
1227 4107 1357 4146 vero
1393 4093 1737 4146 mendacium
1772 4109 1878 4147 non
1918 4104 2021 4154 est.
2046 4096 2259 4163 opinor.

674 4184 837 4238 Juvat
866 4184 1174 4253 exemplum
1216 4184 1319 4237 tale
1354 4184 1406 4237 in
1441 4200 1525 4237 me
1558 4184 1674 4253 ipso
1736 4185 1955 4255 fingere.
1990 4186 2148 4239 Venit
2199 4188 2265 4238 ad

676 4291 766 4333 me
841 4277 1018 4343 puella
1083 4289 1246 4343 quam
1304 4276 1505 4345 aliquis
1566 4285 1844 4344 stuprator
1921 4278 2264 4347 insequitur,

676 4376 799 4421 urat
860 4386 874 4422 :
935 4368 1016 4422 Ne
1080 4368 1374 4437 stupratori
1443 4384 1531 4421 me
1601 4369 1801 4437 prodas
1859 4370 2072 4441 rOganti
2137 4387 2267 4424 num

676 4459 821 4528 apud
858 4472 913 4514 te
969 4459 1119 4513 domi
1183 4459 1336 4522 sim;
1378 4458 1578 4528 alioqui
1647 4474 1733 4513 me
1786 4460 2047 4515 continuo
2095 4462 2267 4513 vitiat.

681 4554 901 4622 Igitur,
959 4559 1278 4620 corruptore
1354 4552 1652 4612 veniente,
1719 4565 1783 4604 ac
1856 4562 2259 4618 percontante:

2440 2993 2507 3047 Al
2550 2993 2731 3047 τοίνυν
2774 2990 2985 3045 ἐντολαὶ
3027 2985 3121 3041 τοῦ
3169 2987 3308 3041 Θεοῦ
3348 2984 3491 3041 κατά
3536 2988 3599 3041 τὸ
3644 2988 3951 3055 ἀναγκαῖον

2366 3087 2521 3157 παρά
2566 3086 2659 3141 τοῦ
2711 3082 2978 3154 ἀψευδοῦς
3028 3081 3300 3151 στόματος
3349 3080 3806 3153 διηγορεύθησαν·
3847 3081 3950 3132 καὶ

2364 3178 2425 3245 ἐξ
2456 3179 2703 3248 ἀνάγκης
2745 3174 3019 3244 ὀφείλουσι
3056 3173 3422 3243 φυλάττεσθαι
3445 3190 3459 3202 ·
3496 3176 3559 3229 οὐ
3604 3175 3950 3243 τρεπόμεναι

2359 3274 2441 3336 είς
2464 3272 2526 3325 τδ
2555 3274 2629 3341 πῆ
2665 3270 2763 3339 μὲν
2792 3267 3101 3337 ἐνδέχεσθαι
3144 3267 3537 3335 φυλάττεσθαι,
3571 3272 3648 3339 πῆ
3674 3268 3753 3328 δὲ,
3798 3264 3887 3319 οὕ⁸
3911 3265 3947 3336 ἦ

2362 3364 2468 3416 ὑπὸ
2505 3361 2658 3415 τοῦδε
2703 3359 2823 3430 μὲν,
2866 3358 2973 3411 ναί·
3011 3357 3115 3410 ὑπὸ
3156 3356 3310 3411 τοῦδε
3341 3357 3422 3423 δὲ,
3456 3355 3555 3410 οῦ·
3586 3358 3620 3427 ἦ
3650 3356 3780 3409 ποτε
3818 3355 3945 3423 μὲν,

2362 3456 2470 3509 ναί·
2505 3454 2637 3507 ποτε
2663 3453 2743 3518 δι,
2775 3448 2858 3505 οῦ·
2887 3450 3001 3505 ἀλλ’
3032 3450 3137 3502 ἀεί’
3168 3449 3264 3502 καὶ
3295 3450 3390 3503 ἐπὶ
3420 3449 3622 3511 παντὸς
3648 3446 3947 3516 προσώπου

2363 3549 2458 3602 καὶ
2485 3546 2703 3617 καιροῦ.
2737 3546 2893 3598 Κατὰ
2931 3542 3089 3597 τοῦτο
3118 3543 3341 3613 εἴρηκεν
3382 3542 3412 3594 ο
3440 3542 3611 3611 μέγας
3638 3538 3946 3601 Βασίλειος’

2370 3660 2387 3691 ι
2424 3637 2701 3709 Διαφοράν
2729 3636 2961 3706 ψεύδους
2997 3634 3264 3705 μηδεμίαν
3294 3635 3664 3703 ἐμφήναντος·
3697 3648 3715 3679 ι
3749 3629 3828 3692 ὠς
3861 3631 3948 3681 ὅτι

2364 3732 2425 3799 ἐξ
2451 3730 2754 3799 ἀναγκαίου
2787 3731 2820 3798 ἡ
2844 3729 3137 3795 ἀπόφασις
3164 3725 3267 3779 κᾶν
3295 3726 3328 3794 ἠ
3363 3724 3634 3795 ἐρώτησις
3664 3720 3945 3792 προετάθη

2364 3825 2439 3888 ὡς
2472 3822 2822 3892 ἐνδεχομένη.
2853 3818 3067 3873 Ταυτὸν
3090 3817 3220 3887 γὰρ,
3253 3816 3329 3880 ὡς
3359 3816 3517 3886 ἔφην,
3549 3815 3825 3884 χρήσιμον
3850 3809 3951 3865 καὶ

2364 3917 2736 3987 ἐνδεχόμενον.
2775 3910 2908 3966 Εἶτα
2943 3912 2998 3964 τί
3036 3912 3349 3979 γενήσεται,
3393 3908 3538 3961 καθὰ
3574 3907 3855 3978 προέφης,
3889 3906 3949 3957 ἐν

2363 4010 2430 4078 τῇ
2471 4005 2743 4073 συμόἀσει
2791 4002 2887 4056 τοῦ
2936 4000 3307 4071 ἀποθνήσκειν
3334 4001 3429 4053 τὸν
3481 3998 3711 4067 ἀδελφὸν
3759 3996 3839 4067 τῷ
3872 3995 3948 4067 μὴ

2366 4096 2702 4168 αἱρήσασθαί
2728 4113 2795 4166 με
2813 4093 3121 4165 ψεύσασθαι
3143 4109 3158 4158 ;
3191 4090 3363 4145 Τοῦτο
3382 4091 3439 4144 δὲ
3461 4091 3560 4143 οὐκ
3583 4090 3701 4142 ἐστι
3725 4088 3947 4158 ψεῦδος,

2367 4192 2443 4255 ὼς
2474 4190 2637 4244 δοκὼ
2670 4184 2782 4242 οἷον
2816 4185 3283 4258 μετασχηματίζω
3321 4186 3401 4248 εἰς
3434 4184 3674 4253 ἐμαυτὸν
3707 4181 3949 4234 τοιοῦτόν

2366 4303 2438 4338 τι.
2474 4281 2649 4337 Ἦλθε
2694 4280 2835 4351 κόρη
2869 4279 3006 4351 πρός
3055 4296 3124 4347 με
3163 4276 3469 4345 διωκομένη
3506 4275 3610 4327 ὑπό
3643 4291 3791 4336 τινος
3824 4271 3952 4339 φθο-

2371 4378 2544 4446 ρέως.
2594 4373 2824 4427 αἰτοῦσα
2870 4373 2946 4442 μὴ
2986 4368 3301 4439 φανερῶσαι
3333 4366 3413 4437 τῷ
3444 4366 3637 4435 φθορεῖ
3672 4362 3950 4434 ἐρωτῶντι

2369 4474 2452 4524 ὅτι
2491 4486 2556 4539 με
2598 4467 2921 4536 φυλάττοιςο
2968 4462 3093 4515 ἐπεὶ
3130 4460 3344 4529 φθείρει
3377 4475 3444 4528 με
3477 4459 3713 4517 πάντως.
3755 4455 3950 4539 Τοίνυν

2368 4538 2615 4623 ἐλθόντος
2636 4558 2730 4611 τοῦ
2758 4555 3037 4626 φθορέως,
3071 4553 3165 4606 καὶ
3194 4550 3586 4621 ἀνακρίναντος
3608 4564 3622 4577 ·
3653 4542 3820 4617 ἦλθεν
3849 4538 3952 4599 ὧδε

681 4646 824 4699 Num
845 4645 991 4698 venit
1014 4644 1121 4697 huc
1151 4645 1293 4710 apud
1326 4654 1377 4697 te
1399 4642 1573 4712 puella
1606 4640 1629 4692 ?
1654 4641 1708 4695 Si
1740 4656 1952 4709 negem,
1972 4658 2078 4695 nou
2106 4658 2257 4696 men-

2368 4654 2500 4723 κόρη
2535 4651 2671 4722 πρός
2701 4622 2799 4716 0e;
2834 4622 3011 4717 λέγων
3040 4644 3171 4713 ἐγὼ,
3204 4643 3285 4698 οῦ·
3319 4643 3383 4696 οῦ
3410 4641 3703 4711 ψεύδομαι·
3737 4640 3837 4708 οὐχ
3866 4640 3947 4691 δτι

682 4740 793 4794 tior
825 4754 839 4790 :
877 4753 984 4791 non
1020 4737 1160 4805 quod
1208 4750 1315 4789 non
1355 4751 1477 4789 esse
1510 4734 1655 4788 domi
1703 4734 1939 4804 puellam
1981 4738 2214 4804 cogitem
2250 4755 2257 4789 :

2364 4744 2467 4798 οὐκ
2496 4743 2606 4813 ἔχω
2647 4741 2745 4812 τὴν
2784 4740 2954 4811 κόρην
2976 4738 3349 4807 λογιζόμενος·
3384 4734 3501 4788 ἀλλ’
3532 4734 3613 4786 ὅτι
3641 4732 3703 4784 οὐ
3734 4733 3948 4801 ποιήσει

679 4829 953 4900 sedquod
1011 4829 1157 4885 istud
1218 4828 1588 4883 admissurum
1643 4828 1787 4896 apud
1823 4841 1910 4881 me
1945 4828 2122 4882 scelus
2176 4845 2257 4898 pel

2366 4835 2528 4889 τοῦτο
2576 4834 2744 4903 ἐγγύς
2792 4850 2893 4904 μου
2933 4831 2994 4885 τὸ
3027 4829 3267 4900 πονηρὸν
3305 4825 3449 4881 κατά
3489 4824 3553 4877 τὸ
3592 4824 3951 4891 σιωπώμενον

680 4921 1025 4977 reticentiam
1084 4934 1298 4989 negem.
1346 4918 1548 4972 lterum
1587 4916 1735 4970 aliud
1781 4937 1795 4971 :
1840 4916 2092 4971 Gladium
2137 4920 2248 4971 mili

2370 4928 2552 4993 λέξας.
2594 4926 2703 4978 Καὶ
2734 4924 2894 4978 πάλιν
2920 4922 3068 4977 ἄλλο’
3107 4917 3401 4994 Παρέθετᾴ
3417 4916 3508 4987 μοι
3531 4932 3612 4978 τις
3641 4913 3792 4980 ξίφος
3818 4913 3953 4980 πρὸς

682 5014 960 5070 commisit
982 5012 1183 5081 aliquis
1212 5024 1323 5078 quo
1353 5025 1412 5064 se
1439 5009 1551 5078 ipse
1572 5008 1876 5074 interimat;
1897 5024 2023 5062 mox
2050 5009 2257 5063 venient

2372 5020 2435 5071 τὸ
2470 5019 2715 5088 ἀναιρεῖν
2744 5015 2957 5069 ἑαυτόν
2985 5008 3105 5066 εἶτα
3134 5010 3304 5063 ἐλθὼν
3338 5006 3592 5079 ἐπιζητεῖ
3618 5004 3780 5057 τοῦτο
3819 4999 3958 5071 παρ’

684 5112 831 5164 hunc
880 5122 911 5160 a
946 5121 1034 5160 me
1068 5104 1327 5174 reposcit.
1347 5103 1406 5157 Si
1455 5104 1646 5157 dixero
1698 5103 1899 5173 igitur:
1940 5099 2049 5155 Nec
2105 5103 2257 5167 novi,

2366 5110 2526 5179 ἐμοῦ.
2572 5107 2700 5161 Ἐἀν
2729 5104 2823 5160 οῦν
2855 5105 2996 5159 εῖπω
3020 5146 3036 5171 ,
3082 5105 3164 5156 ὅτι
3195 5101 3295 5155 οὐκ
3320 5096 3458 5164 οἶδα,
3489 5098 3610 5151 οὐδὲ
3638 5096 3851 5148 ἐλαὸον·
3879 5088 3951 5145 ὀὐ

684 5214 788 5254 nec
814 5196 999 5265 accepi
1028 5213 1043 5261 ;
1085 5211 1193 5248 non
1237 5193 1506 5260 mentior;
1532 5208 1693 5247 nosse
1720 5192 1996 5246 enimvero
2015 5208 2099 5246 me
2125 5208 2257 5263 nego

2368 5200 2678 5272 ψευδοεπῶ.
2712 5199 2826 5252 Οὐκ
2854 5191 2973 5251 οἶδα
3009 5195 3143 5265 γὰρ,
3173 5194 3336 5262 λέγω,
3368 5190 3487 5243 οὐδὲ
3517 5186 3708 5241 ἔλαϐον
3730 5185 3865 5253 πρὸς
3892 5184 3952 5234 τὸ

686 5298 782 5342 aut
815 5287 1096 5355 accepisse
1128 5294 1185 5337 nt
1213 5282 1450 5353 gladium
1485 5282 1579 5335 tibi
1604 5284 1669 5335 ad
1702 5290 1932 5335 mortem
1963 5282 2257 5351 porrigam.

2371 5292 2649 5347 ἐπιδοῦναί
2699 5292 2765 5361 μέ
2809 5308 2890 5343 σοι
2927 5288 2990 5343 τδ
3033 5287 3187 5355 ξίφος
3216 5287 3295 5349 είς
3336 5282 3589 5337 θάνατον’
3640 5277 3802 5340 ἐπεὶ,
3857 5276 3952 5327 ἐὰν

691 5378 825 5431 Nam
862 5377 908 5431 si
936 5376 1127 5430 dixero
1158 5389 1170 5426 :
1212 5373 1301 5426 Sic
1333 5379 1418 5425 est
1449 5388 1463 5423 :
1498 5370 1685 5424 vitiata
1717 5370 1894 5440 puella
1922 5380 2045 5439 est,
2075 5382 2131 5426 et
2164 5373 2257 5427 sibi

2375 5377 2537 5439 εῖπω,
2589 5383 2711 5440 ναὶ,
2749 5377 2959 5447 ἐφθάρη
3007 5377 3041 5446 ἡ
3089 5376 3249 5444 κόρτγ
3288 5372 3383 5425 καὶ
3425 5367 3661 5436 ἔσφαξεν
3703 5365 3897 5419 ἑαυτὸν
3925 5364 3954 5416 ὁ

691 5483 882 5525 necem
929 5468 1111 5521 intulit
1144 5466 1238 5537 qui
1270 5464 1511 5536 gladium
1540 5462 1707 5518 dedit.
1741 5461 1855 5518 Hoc
1908 5478 2037 5519 vero
2067 5468 2257 5521 malunt

2378 5470 2504 5533 δοὺς
2529 5469 2590 5523 τὸ
2612 5468 2784 5539 ξίφος·
2805 5470 2897 5522 καὶ
2927 5469 3044 5521 ἐστι
3080 5466 3240 5520 τοῦτο
3259 5463 3445 5518 κακόν.
3474 5462 3551 5513 Τὸ
3568 5459 3625 5513 δὲ
3648 5458 3821 5510 κακὸν
3856 5456 3954 5508 οὐκ

687 5576 771 5620 est
803 5583 817 5619 :
861 5563 1063 5617 malum
1098 5570 1279 5614 autem
1316 5574 1426 5612 non
1476 5573 1543 5612 ex
1589 5557 1732 5611 bono
1764 5556 1857 5610 sed
1889 5571 1957 5612 ex
1992 5560 2257 5615 mendacit

2382 5564 2443 5630 ἐξ
2462 5562 2666 5630 ἀγαθοῦ
2687 5602 2702 5625 ,
2731 5561 2846 5615 ἀλλ’
2867 5562 2931 5612 ὲκ
2948 5559 3178 5629 ψεύδους
3201 5573 3215 5587 ’
3242 5555 3427 5626 πατὴρ
3447 5551 3558 5623 γὰρ
3587 5549 3682 5604 τοῦ
3701 5548 3952 5618 ψεύδους,

690 5666 794 5712 est.
827 5652 962 5707 Nam
995 5650 1262 5705 mendacii
1298 5658 1469 5719 pater,
1488 5647 1627 5703 idem
1641 5655 1697 5703 et
1722 5656 1911 5703 auctor
1939 5649 2087 5703 mali.
2112 5650 2257 5707 Puel-

2383 5654 2413 5705 ὁ
2439 5653 2536 5723 τῆς
2566 5652 2765 5715 κακίας
2798 5651 3048 5717 εὑρετής.
3072 5649 3217 5704 Τὸδὲ
3247 5645 3609 5720 μὴφθαρῆναι
3636 5643 3740 5711 τὴν
3765 5638 3955 5710 κόρην.

770 5839 812 5874 ⁸⁸
840 5838 1107 5907 lnlct'rog.
1148 5833 1265 5889 176.
