4164 6492
266 432 409 497 1237

1468 429 2010 500 EPISTOLARUM
2058 429 2209 491 LIB.
2252 428 2313 490 II

3403 433 3538 501 1238

250 548 357 600 καὶ
390 541 468 617 μὴ
494 542 738 612 ἀναιρεῖν
767 538 962 593 ἑαυτὸν
991 536 1082 593 τὸν
1099 538 1408 610 ξιφοδότην,
1430 540 1638 609 ἀγαθόν
1657 557 1669 572 ο
1706 540 1768 594 τὸ
1790 541 1838 594 δὲ

1954 538 2062 593 lam
2095 549 2275 593 autem
2299 554 2409 595 non
2439 539 2645 606 vitiari,
2703 554 2805 596 nec
2831 539 2938 596 sibi
2976 555 3168 597 necem
3219 543 3415 602 afferre
3444 552 3545 619 qui

246 638 485 707 ἀγαθὸν,
515 637 549 708 ἠ
570 636 819 706 ἀλήθεια·
848 635 877 688 6
900 633 1035 698 Θεὸς
1064 635 1175 705 γὰρ
1206 633 1411 703 ἀγαθὸς
1432 632 1571 704 ὁμοῦ
1594 635 1691 688 καὶ
1708 634 1847 704 ἀλή-

242 731 400 785 θεια.
418 730 632 800 Εὑρέθη
654 724 749 782 οὖν
774 727 836 780 τὸ
851 727 1044 781 δοκοῦν
1063 726 1280 797 ψεῦδος,
1301 724 1535 797 ἀλήθεια
1546 727 1846 797 ὁμολογου-

247 825 395 894 μένη
417 819 579 877 εἶναι.
601 822 712 875 Καὶ
727 819 901 891 ἔθηκα
920 819 1019 891 τὴν
1038 821 1217 890 ψυχὴν
1239 822 1298 873 ὲν
1320 819 1400 890 τῷ
1419 819 1578 890 δῆθεν
1596 819 1845 873 δοκοῦντι

240 913 532 985 ψεύσματι
560 912 701 983 ὑπὲρ
726 909 821 964 τοῦ
846 910 1024 979 φίλου·
1051 910 1147 963 καὶ
1178 908 1420 981 ἔρρωται
1450 908 1846 980 ἀμφοτέρωθεν

242 1010 283 1075 ἡ
311 1006 527 1077 ἐντολή*
556 1006 657 1059 οὐκ
678 1007 738 1058 ὲν
763 1003 1071 1074 ψεύσματι,
1106 1002 1223 1057 ἀλλ’
1253 1006 1312 1056 έν
1355 1002 1588 1075 ἀληθείᾳ
1618 1005 1845 1058 τελειω-

242 1100 429 1155 θεῖσα.
467 1100 544 1154 Οὐ
580 1099 833 1171 μέντοιγε
858 1098 1045 1151 εἵνεκα
1086 1096 1309 1161 ἑαυτοῦ,
1339 1097 1427 1151 ἵνα
1459 1096 1535 1169 μὴ
1564 1098 1843 1162 ἀποθάνω,

240 1193 410 1245 τοῦτο
438 1195 615 1251 ποιεῖν
642 1193 769 1263 χρή·
811 1189 1011 1261 ψεῦδος
1037 1190 1148 1259 γάρ
1175 1183 1303 1244 ὧδε.
1336 1189 1479 1243 Οΰτε
1510 1190 1618 1261 μὴν
1644 1191 1843 1261 ὀμόσαι

240 1289 308 1342 τὸ
342 1289 593 1355 καθόλου,
626 1288 750 1342 οὔτε
774 1288 903 1358 περὶ
932 1286 1129 1342 ἑαυτοῦ
1154 1326 1171 1353 ,
1196 1286 1323 1341 οὕτε
1354 1287 1487 1358 περὶ
1537 1287 1702 1342 ἄλλου
1735 1306 1845 1342 σω-

241 1383 471 1454 τηρίας·
503 1380 792 1454 προφανὴς
822 1380 934 1451 γὰρ
974 1382 1008 1451 ἠ
1053 1380 1390 1452 παράϐασις.
1424 1378 1583 1433 υῦτω
1614 1381 1675 1433 τὸ
1715 1380 1842 1451 ἐμοὶ

244 1472 581 1543 φαινόμενον
613 1470 751 1542 ἔχει.
809 1473 965 1525 Ἐπεὶ
994 1472 1088 1527 καὶ
1118 1474 1152 1544 ή
1196 1473 1383 1543 Σάρρα
1423 1468 1547 1525 εἷπε
1577 1471 1657 1542 τῷ
1692 1471 1841 1525 Ἀὅιο

248 1566 443 1636 μέλεχ,
470 1566 554 1619 ὄτι
612 1564 875 1635 Ἀδελερή
910 1568 1027 1636 ειμι
1058 1566 1169 1621 τοῦ
1209 1561 1488 1635 ’Ᾰϐραάμ.
1523 1566 1634 1618 Καὶ
1654 1567 1682 1618 6
1707 1582 1841 1636 προ-

245 1660 430 1729 φήτης
479 1658 753 1731 Ἱερεμίας
789 1661 906 1723 τοῖς
953 1658 1240 1731 ἐρωτῶσιν
1270 1659 1441 1715 αὑτὸν
1482 1659 1732 1731 ἄρχουσι·
1781 1660 1843 1715 Τί

244 1768 350 1807 σοι
379 1749 553 1807 εἶπεν
582 1755 614 1807 ό
640 1752 948 1819 ,ϐασιλεύς
963 1768 986 1819 ;
1013 1751 1145 1807 ἄλλο
1172 1750 1299 1807 ἀντὶ
1327 1752 1493 1807 ἄλλου
1537 1750 1838 1824 ἀπεκρίθη,

240 1844 439 1899 καθότι
467 1843 700 1898 ὑπέθετο
723 1844 876 1916 αὑτῷ
913 1847 943 1898 6
973 1837 1264 1915 βασιλεὺς.
1294 1844 1406 1899 δέει
1444 1846 1680 1899 θανάτου
1700 1885 1716 1909 ,
1746 1848 1842 1898 καὶ

1953 632 2198 702 gladium
2227 633 2414 702 dedit,
2460 634 2668 689 bonum
2707 644 2791 689 est
2823 635 3069 691 :bonum
3104 646 3289 692 autem
3341 642 3546 696 veritas

1950 735 2056 780 est.
2092 723 2235 781 Deus
2258 726 2425 791 enim,
2450 726 2591 782 idem
2614 736 2669 782 et
2696 727 2874 784 bonus
2900 737 2986 784 est
3010 738 3066 784 et
3084 731 3307 787 veritas.
3343 731 3551 802 Depre-

1953 818 2185 873 hensum
2216 828 2300 873 est
2338 820 2505 889 igitur
2558 820 2613 874 id
2646 819 2792 891 quod
2835 821 3185 877 mendacium
3230 823 3544 891 videbatur,

1951 912 2072 964 sine
2110 913 2481 966 controversia
2542 912 2825 968 veritatem
2888 928 3030 968 esse.
3075 912 3171 969 Sic
3214 924 3270 969 et
3299 916 3544 969 animam

1951 1004 2134 1073 posui,
2170 1006 2225 1059 in
2254 1019 2318 1061 eo
2350 1005 2602 1060 videlicet
2649 1006 2793 1076 quod
2826 1007 3170 1061 mendacium
3220 1008 3547 1074 videbatur,

1950 1098 2117 1151 amici
2150 1111 2339 1151 causa.
2370 1097 2435 1153 Et
2475 1098 2689 1152 salvum
2713 1106 2798 1154 est
2828 1114 2897 1153 ex
2934 1110 3169 1169 utraque
3198 1109 3352 1171 parte
3381 1117 3545 1156 man-

1950 1189 2163 1256 datum,
2198 1205 2307 1244 non
2334 1191 2388 1243 in
2419 1192 2706 1247 mendacio
2733 1194 2826 1247 sed
2861 1192 2917 1246 in
2956 1194 3184 1249 veritate
3216 1197 3544 1264 praestitum.

1947 1280 2113 1336 Nefas
2170 1284 2360 1351 utique
2418 1284 2520 1337 hoc
2574 1284 2695 1338 fieri
2745 1300 2865 1338 mea
2916 1299 3118 1353 causa,
3171 1302 3239 1340 ne
3290 1289 3494 1342 moriar
3529 1306 3546 1341 :

1948 1370 2297 1426 mendacium
2328 1373 2475 1427 enim
2508 1381 2640 1429 tunc
2679 1382 2785 1429 est.
2820 1374 2935 1429 Nec
2960 1375 3261 1446 jurandum
3295 1380 3546 1446 omnino,

1947 1478 2126 1532 neque
2152 1479 2251 1533 pro
2297 1478 2397 1520 sua
2430 1467 2638 1535 ipsius,
2676 1483 2857 1537 neque
2901 1484 3005 1540 pro
3062 1472 3291 1526 alterius
3324 1472 3546 1527 salute:

1947 1554 2240 1611 manifesta
2270 1571 2355 1612 εει
2400 1559 2545 1612 enim
2595 1560 2732 1630 legis
2763 1562 3011 1616 vi'olatio.
3044 1562 3155 1626 Sic,
3188 1572 3249 1617 ut
3291 1564 3548 1634 equidem

1945 1649 2204 1715 arbitror,
2237 1666 2297 1705 se
2335 1666 2421 1706 tes
2464 1652 2647 1707 habet.
2683 1652 2822 1708 Nam
2846 1665 2900 1710 et
2949 1655 3086 1711 Sara
3128 1656 3267 1712 dixit
3320 1659 3549 1713 Ahime-

1945 1740 2064 1796 leclt
2094 1759 2108 1795 :
2140 1740 2304 1798 Soror
2333 1760 2451 1797 sum
2494 1746 2726 1800 Abrahae
2761 1746 2828 1802 ¹³.
2881 1745 2949 1802 Ει
2989 1747 3256 1805 Jeretnias
3282 1751 3546 1821 propheta

1945 1837 2362 1893 sciscitantibus
2416 1854 2484 1893 ex
2540 1854 2608 1895 eo
2648 1841 2991 1911 principibus
3046 1843 3240 1910 :Quid
3304 1846 3401 1899 tibi
3456 1862 3549 1901 rex

237 1937 369 1991 τότε
396 1937 622 1991 οἰκείου.
652 1937 764 1992 Καὶ
791 1939 873 2002 είς
900 1937 970 1991 τὰ
1000 1937 1409 2008 ἀποφθέγματα
1438 1937 1551 1991 τῶν
1575 1939 1838 2010 Πατέρων

1945 1929 2084 1983 dixit
2109 1930 2133 1983 ί
2161 1932 2577 2003 responsionem
2617 1935 2726 1990 alio
2761 1935 3049 2006 derivavit,
3079 1943 3545 2010 quemadmodum

240 2029 555 2101 ἐμφέρεται
580 2030 639 2083 τὸ
666 2029 934 2086 τοιοῦτον.
960 2031 1025 2084 El
1050 2030 1109 2084 δέ
1133 2049 1189 2085 τι
1223 2031 1389 2095 αὐτὸς
1416 2032 1569 2102 παρὰ
1593 2030 1848 2099 σεαυτοῦ,

238 2122 277 2192 ἢ
305 2123 437 2191 παρ’
464 2120 655 2194 ἑτέρου
680 2122 886 2191 εὕροις,
907 2122 1226 2195 φανερῶσαι
1243 2124 1379 2192 ἡμῖν
1405 2122 1481 2195 μὴ
1504 2125 1846 2196 παραιτήσῃ,

240 2215 383 2287 πρὸς
412 2215 715 2284 ἐπίγνωσιν
743 2216 1003 2287 ἀληθείας
1026 2255 1042 2282 ,
1072 2216 1169 2267 καὶ
1219 2217 1507 2288 φωτισμὸν
1534 2218 1656 2281 νοὸς
1686 2216 1847 2289 ἡμῶν

241 2304 520 2377 ἀμυδροῦ.
568 2307 674 2359 Τὸν
719 2305 1253 2375 συγκακοπαθοῦντά
1293 2324 1379 2362 σοι
1422 2308 1842 2381 προσαγορεύω.

249 2399 313 2451 '0
344 2399 443 2453 σὺν
472 2398 600 2470 ἐμοὶ
624 2400 1030 2470 προσαγορεύει
1056 2416 1137 2455 σε.

623 2692 717 2748 Μ’.
755 2719 826 2732 --
853 2692 1211 2761 Ναυκρατίῳ
1249 2690 1454 2758 τέκνῳ.
1668 2694 1845 2768 [nrt]

1946 2036 2043 2077 rex
2071 2024 2120 2078 ei
2157 2022 2528 2095 suggesserat,
2588 2038 2737 2085 metu
2791 2033 3009 2100 mortis,
3060 2043 3117 2089 et
3146 2038 3283 2092 tunc
3315 2039 3542 2107 quidem

1949 2117 2187 2187 propria:
2260 2118 2326 2171 ³⁸.
2388 2120 2458 2176 Et
2506 2121 2651 2177 inter
2725 2121 2953 2179 Patrum
3034 2132 3339 2184 sententias
3399 2130 3548 2186 istud

1941 2207 2125 2277 ipsum
2162 2209 2445 2267 inseritur.
2493 2212 2648 2280 Quod
2679 2214 2725 2270 si
2760 2214 2897 2286 quid
2931 2216 3019 2272 vel
3050 2233 3148 2288 per
3178 2229 3229 2274 te
3262 2221 3379 2293 ipse
3404 2261 3421 2288 ,
3459 2220 3550 2278 vel

1938 2302 2169 2359 alterius
2194 2320 2298 2374 ope
2324 2306 2623 2372 inveneris,
2642 2308 2959 2380 signiﬁcare
2991 2314 3151 2368 nobis
3200 2328 3272 2369 ne
3292 2318 3540 2386 graveris

1940 2395 2008 2449 ad
2033 2397 2367 2467 agnitionem
2397 2399 2668 2468 veritatis,
2687 2417 2753 2457 ac
2769 2405 2969 2460 mentis
2990 2418 3194 2463 nostra:
3232 2410 3535 2466 hebetior-is

1940 2486 2441 2546 collustrationem.
2473 2490 2697 2549 Socium
2733 2510 3120 2555 aerumnarum
3151 2511 3370 2558 tuarum
3390 2505 3545 2560 salu;

1940 2589 2017 2635 to.
2049 2578 2153 2646 Qui
2180 2597 2396 2638 mecum
2428 2595 2513 2640 est
2543 2586 2779 2642 salutem
2807 2590 2905 2644 tibi
2946 2591 3100 2647 dicit.

2386 2698 2499 2758 XL.
2525 2732 2584 2741 -
2608 2700 2908 2760 Naucratt‘o
2945 2706 3082 2777 ﬁlio.

1134 2831 1214 2883 De
1246 2831 1402 2895 lapsis
1426 2844 1703 2895 eorumque
1744 2833 1923 2894 poenis.
1973 2834 2173 2895 (θοι-ου.
2204 2849 2286 2885 an.
2306 2836 2419 2899 816,
2459 2850 2509 2886 n.
2531 2838 2636 2904 19.)

310 2939 525 3006 Εῐωθας
563 2939 653 2994 ἀεὶ
701 2940 916 3011 μακρὸν
956 2939 1238 2994 ποιεῖσθαι
1291 2940 1356 2995 τὸ
1397 2942 1500 3012 τῆς
1549 2940 1847 3011 ἐπιστολῆς

234 3035 564 3108 προοίμιον·
606 3032 779 3086 πολλά
828 3035 964 3105 ἡμῖν
991 3035 1108 3097 τοῖς
1152 3032 1397 3099 ἀναξίοις
1444 3035 1743 3106 συμφέρων
1777 3036 1846 3089 τὰ

234 3127 495 3197 ἐγκώμια
519 3164 535 3190 ,
560 3126 661 3180 οὐκ
682 3126 813 3183 ὅντα
846 3126 1049 3198 ἀληθῆ,
1083 3127 1305 3198 φιλικῆς
1345 3127 1403 3181 δὲ
1430 3127 1731 3193 διαθέσεως
1758 3128 1844 3181 ὲν-

234 3223 530 3292 δείγματα.
570 3221 716 3291 Ἐγὼ
741 3222 800 3275 δὲ
826 3224 885 3276 ὲν
926 3222 1177 3295 βραχέσι.
1210 3222 1277 3275 Τί
1312 3222 1477 3277 τοῦτο
1501 3241 1515 3291 ;
1543 3224 1632 3278 ἵνα
1660 3224 1837 3293 ὑγιαί·

234 3331 352 3377 νοις
375 3314 435 3367 ὲν
459 3314 654 3385 Κυρίῳ
676 3355 691 3381 ,
720 3313 919 3383 ἀδελφέ
960 3331 1086 3385 μου,
1114 3313 1450 3386 θερμότερος
1479 3316 1568 3369 ἀεὶ
1614 3317 1836 3385 γινόμε-

235 3424 333 3470 νος
360 3409 425 3479 τῇ
471 3408 664 3480 ἀγάπῃ
720 3407 959 3479 Χριστοῦ
1008 3407 1309 3481 ὑποφέρειν
1340 3408 1412 3463 τά
1448 3409 1591 3480 ὑπὲρ
1642 3408 1831 3462 αὑτοῦ·

234 3500 358 3555 ἀλλ’
387 3502 616 3555 οὑτίπου
657 3502 956 3574 ὑπολήγειν
987 3502 1051 3554 ὲκ
1098 3501 1400 3572 ῥᾳθυμίας.
1449 3501 1562 3555 Καὶ
1613 3501 1700 3571 εἴη
1755 3518 1837 3554 σοι

234 3596 323 3649 ἔτι
357 3594 571 3665 ἔξαψιςο
604 3594 681 3659 ὡς
708 3596 775 3649 ἂν
806 3593 1027 3665 ἐπᾴδειν
1060 3609 1120 3646 σε
1164 3594 1305 3664 μετά
1331 3594 1499 3647 Δαὸὶδ
1526 3594 1621 3647 τοῦ
1650 3596 1833 3664 ἁγίου⁹

241 3686 356 3740 Ὃν
405 3689 632 3755 τρόπον
664 3685 941 3739 ἐπιποθεῖ
979 3686 1018 3753 ἡ
1059 3684 1290 3755 ἔλαφος
1336 3686 1436 3740 ἐπὶ
1482 3688 1591 3754 τὰς
1640 3690 1838 3757 πηγὰς

232 3777 361 3833 τῶν
402 3777 663 3843 ὑδάτων,
709 3776 900 3843 οὕτως
921 3776 1200 3832 ἐπιποθεῖ
1232 3780 1271 3848 ἠ
1308 3778 1479 3849 ψυχή
1513 3796 1635 3849 μου
1686 3780 1838 3848 πρὸς

233 3887 336 3937 σε,
368 3873 401 3925 ό
436 3870 601 3935 Θεός.
655 3867 826 3922 Τοῦτο
865 3869 924 3922 δὲ
968 3869 1212 3942 ἐνεργῶς
1246 3873 1426 3944 ᾄδοιεν
1461 3873 1527 3927 ἄν
1556 3889 1640 3936 τις
1668 3890 1834 3927 κεκα-

236 3962 522 4035 θαρμένην
562 3963 705 4033 ἔχων
745 3962 847 4034 τὴν
873 3963 1128 4035 καρδίαν,
1161 3964 1196 4036 ἢ
1226 3964 1662 4036 καθαιρομένην.
1701 3984 1720 4017 ι
1760 3961 1837 4021 OB

233 4057 349 4127 γὰρ
399 4054 705 4127 κάθαρσις,
740 4053 816 4119 ὥς
845 4071 1012 4126 φησιν
1044 4055 1073 4107 6
1107 4054 1373 4125 Θεολόγος
1398 4097 1413 4122 ,
1462 4056 1754 4127 ἔλλαμψις.
1812 4076 1830 4109 ι

223 4152 341 4216 ’Ὧς
369 4150 617 4222 μακαρία
644 4152 677 4220 ἡ
707 4148 854 4220 ψυχὴ
889 4146 1053 4218 αὓτη,
1094 4148 1185 4217 ὑφ’
1229 4145 1297 4221 ἧς
1328 4150 1389 4203 τὸ
1426 4152 1609 4205 πάντα
1638 4151 1837 4205 παθεῖν

235 4249 329 4302 διὰ
355 4247 591 4317 Χριστὸν
614 4245 952 4318 ὲπιπόθητον
981 4244 1126 4313 λίαν,
1159 4248 1255 4298 καὶ
1280 4246 1342 4299 τὸ
1370 4246 1652 4318 βδέλυγμα
1684 4249 1837 4319 ἠγεῖ-

238 4340 369 4395 σθαι
415 4338 563 4393 ἅπαν
608 4338 813 4409 σαρκὸς
854 4337 1037 4409 ἔργον.
1100 4335 1269 4401 Εὒξαι
1318 4334 1561 4411 [εὖξαι],
1614 4339 1835 4408 ἀδελφὲ,

232 4430 611 4503 ὀσφρανθῆναί
660 4448 730 4502 με
762 4431 859 4502 τῆς
908 4430 1138 4494 εὐωδίας
1179 4431 1426 4502 ταύτης,
1474 4432 1567 4485 τὸν
1596 4432 1833 4485 ὀδωδότα

233 4528 349 4588 τοῖς
383 4524 638 4578 πάθεσιν.
680 4518 848 4586 Οὗτος
878 4524 907 4576 6
942 4522 1162 4593 πρῶτος
1206 4524 1386 4593 λόγος.
1442 4524 1500 4577 'U
1547 4524 1833 4597 δεύτερος,

234 4617 371 4689 περὶ
413 4615 509 4670 τοῦ
561 4616 892 4670 ’Δνατολίου.
961 4615 1051 4679 Ὡς
1082 4616 1328 4688 λυπηρόν
1380 4634 1472 4686 μοι
1514 4616 1576 4670 τὸ
1628 4618 1833 4689 πτῶμα

2026 2938 2258 3011 Semper
2280 2941 2472 2999 solitus
2489 2959 2550 3001 es
2569 2945 2841 3017 prolixius
2860 2946 3041 3007 facere
3060 2949 3368 3011 litterarum
3390 2972 3549 3015 exor-

1943 3031 2095 3085 dium
2130 3050 2145 3087 :
2177 3033 2307 3089 dum
2331 3035 2567 3107 plurima
2605 3039 2662 3094 in
2686 3054 2785 3098 nos
2806 3043 2904 3113 qui
2930 3044 3143 3118 indigni
3168 3063 3383 3117 sumus,
3409 3067 3545 3107 con-

1940 3124 2086 3193 geris
2109 3129 2378 3196 encomia,
2406 3144 2517 3185 non
2548 3146 2675 3188 vera
2702 3134 2791 3189 illa
2815 3136 3059 3208 quidem,
3100 3143 3194 3197 sed
3218 3151 3401 3200 tamen
3425 3149 3546 3203 sin-

1941 3218 2152 3285 gularis
2208 3218 2605 3278 benevolentia:
2655 3240 3003 3297 argumenta.
3055 3234 3127 3288 At
3182 3249 3284 3306 ego
3327 3240 3542 3307 paucis.

1942 3310 2086 3375 Quid
2114 3311 2219 3365 hoc
2253 3311 2354 3367 ?ut
2376 3322 2526 3370 recte
2579 3317 2764 3376 valeas
2793 3321 2849 3376 in
2899 3322 3157 3392 Domino,
3198 3326 3370 3384 frater
3422 3332 3540 3387 mi:

1955 3404 2256 3460 ferventior
2284 3406 2465 3466 factus
2523 3411 2579 3466 in
2609 3413 2749 3480 dies,
2790 3423 2906 3471 tum
2936 3424 2998 3473 ut
3038 3418 3244 3477 Christi
3274 3424 3543 3481 charitate

1938 3491 2209 3561 quidlibet
2230 3494 2406 3565 ipsius
2425 3513 2591 3555 causa
2614 3505 2921 3573 perpetiare
2937 3546 2956 3576 ,
2983 3516 3099 3564 tum
3122 3521 3184 3566 ut
3205 3513 3339 3568 nihil
3356 3530 3421 3569 ex
3448 3531 3543 3571 so-

1938 3587 2129 3641 cordia
2150 3593 2557 3657 praetermittas.
2589 3595 2768 3666 Atque
2800 3598 3009 3655 utinam
3035 3601 3220 3659 fervor
3247 3606 3345 3662 tibi
3376 3622 3539 3664 meu-

1940 3677 2008 3732 tis
2040 3680 2205 3747 adsit,
2237 3691 2297 3736 ut
2331 3698 2456 3738 cum
2496 3696 2691 3743 sancto
2741 3688 2943 3747 Davide
2997 3695 3181 3764 possis
3242 3700 3496 3758 aceinere
3520 3744 3537 3759 .

1942 3771 2401 3837 Quemadmodum
2426 3778 2693 3834 desiderat
2722 3798 2904 3839 cervus
2939 3786 3009 3840 ad
3049 3788 3219 3859 fontes
3252 3808 3540 3865 aquarum,

1938 3864 2015 3915 ita
2061 3864 2330 3922 desiderat
2385 3873 2585 3927 anima
2628 3890 2745 3931 mea
2774 3877 2846 3930 ad
2877 3886 2948 3946 te,
2990 3879 3134 3938 Deus
3163 3884 3228 3941 “.
3264 3885 3322 3941 Id
3356 3864 3539 3943 autent

1939 3973 2141 4030 magno
2168 3965 2357 4018 animo
2390 3968 2674 4033 cecinerit,
2699 3972 2954 4044 quisquis
2986 3978 3071 4031 vel
3106 3989 3343 4051 purgato
3388 3983 3539 4052 jam-

1939 4053 2148 4108 dudum
2220 4058 2387 4113 corde
2425 4058 2625 4129 fuerit,
2656 4063 2743 4118 vel
2801 4069 3091 4138 purgando
3143 4073 3236 4128 det
3283 4090 3535 4146 operam.

1951 4161 1971 4195 ι
2007 4141 2107 4201 Ubi
2139 4148 2287 4202 enim
2316 4154 2569 4222 purgatio
2601 4164 2706 4221 est,
2736 4160 2892 4215 utait
2915 4159 3248 4235 Theologus,
3281 4141 3355 4223 ibi
3408 4169 3537 4225 illu-

1938 4236 2170 4293 minatio
2200 4240 2265 4293 ".
2296 4258 2316 4293 ι
2356 4240 2534 4309 Quam
2569 4246 2697 4301 felix
2732 4248 2825 4305 ille
2867 4252 3088 4311 animus
3122 4268 3226 4325 est,
3257 4260 3348 4315 cui
3376 4276 3535 4316 sum-

1937 4346 2029 4385 ma
2057 4343 2309 4390 votorum
2344 4347 2431 4393 est
2467 4343 2655 4396 omnia
2711 4354 2935 4418 propter
2964 4348 3245 4407 Christum
3275 4356 3483 4426 perpeti
3513 4372 3529 4411 :

1937 4434 1994 4480 et
2025 4426 2458 4486 abominandum
2507 4449 2739 4492 censere
2787 4452 2951 4496 omne
2972 4444 3157 4500 carnis
3187 4459 3327 4517 opus
3353 4450 3367 4503 ι
3400 4448 3531 4518 Ora,

1939 4518 2132 4588 frater,
2169 4532 2229 4577 ut
2256 4538 2483 4581 suavem
2525 4528 2674 4585 hunc
2703 4531 2929 4589 odorem
2951 4534 3233 4606 etfaciam,
3257 4550 3313 4596 et
3332 4557 3534 4597 terum-

1939 4629 2134 4669 narum
2150 4621 2505 4688 perpessione
2522 4623 2818 4680 redoleam.
2848 4626 2976 4684 Haec
2999 4630 3150 4700 prior
3178 4648 3310 4704 pars
3326 4637 3536 4693 oratio-

236 4706 426 4761 αὐτοῦ’
461 4707 602 4781 πλὴν
633 4707 985 4778 ἀπεδεξάμην
1018 4725 1114 4761 σου
1144 4708 1247 4779 τὴν
1277 4711 1545 4783 ἰατρείαν.
1582 4712 1705 4765 Ἔτι
1734 4709 1828 4766 οὖν

1941 4708 2044 4761 nis.
2076 4708 2285 4776 Altera,
2310 4711 2378 4766 de
2408 4713 2683 4770 Anatolio.
2718 4715 2895 4784 Quam
2928 4724 3165 4780 acerbus
3213 4728 3347 4783 mihi
3381 4728 3532 4785 illius

236 4799 604 4875 ἔπιμελὴθητι
648 4801 817 4856 αὐτοῦ
849 4800 1160 4873 φιλαδέλφῳ
1206 4801 1469 4857 διαθέσει.
1521 4804 1578 4857 '0
1608 4805 1828 4876 τρίτος,

234 4895 369 4968 περ).
399 4887 475 4948 ὦν
506 4894 829 4966 προέτεινας
862 4893 1197 4964 κεφαλαίων.

306 5091 388 5147 A'.
440 5088 569 5145 Ἐἀν
600 5089 885 5162 ὀρθόδοξος
923 5090 1239 5163 διαϐληθεὶς
1276 5093 1353 5157 ὡς
1402 5095 1478 5167 μὴ
1530 5098 1829 5173 κοινωνῶν,

234 5189 445 5259 ποιήσῃ
495 5186 752 5257 σταυρὸν,
798 5185 881 5238 ὅτι
906 5185 1186 5239 Κοινωνῶ·
1220 5185 1390 5257 μηδὲν
1422 5187 1613 5259 ἕτερον
1656 5189 1829 5242 πολυ-

235 5277 653 5350 πραγμονηθεὶς
679 5276 835 5348 παρὰ
861 5276 969 5331 τῶν
990 5278 1311 5349 αίρετικῶν·
1333 5279 1501 5333 αὑτοῦ
1528 5280 1586 5333 δὲ
1614 5280 1833 5352 ἔχοντος

241 5371 479 5441 ιρύδδην
494 5368 573 5440 τῷ
590 5368 861 5440 λογισμῶο
890 5370 1088 5442 ὅτιπερ
1116 5369 1209 5435 Ἐξ
1240 5369 1525 5442 ὀρθοδόξου
1558 5375 1835 5428 κοινωνῶν

238 5461 373 5528 εἰμι’
415 5462 516 5514 οὐκ
547 5459 835 5530 οἰκονομία
876 5460 940 5514 τὸ
960 5459 1227 5525 τοιοῦτον,
1263 5461 1401 5516 ἀλλά
1443 5463 1706 5533 προδοσία
1732 5468 1833 5537 τῆς

241 5552 515 5623 ἀληθείας.
534 5555 608 5607 Τὸ
635 5554 912 5625 ἐπιτίμιον
940 5555 1313 5627 ήμισευμένον
1340 5557 1477 5629 πρὸς
1503 5560 1596 5612 τὸν
1615 5559 1833 5630 όλοτρόο

237 5660 352 5707 πως
378 5647 445 5715 τῇ
476 5644 687 5708 αἱρέσει
721 5647 1154 5719 κοινωνήσαντα.
1192 5648 1367 5702 Πόσον
1394 5650 1451 5704 δὲ
1498 5651 1560 5704 τὸ
1584 5652 1829 5706 τοιοῦτον

1931 4800 2118 4871 lapsus
2149 4804 2389 4861 cxstititl
2430 4805 2535 4862 Sed
2562 4818 2747 4865 tamen
2774 4812 2998 4883 gavisus
3018 4831 3141 4873 sum
3166 4823 3533 4882 medicatione

1932 4900 2043 4948 tua.
2078 4894 2273 4951 Adhuc
2307 4897 2473 4967 igitur
2506 4901 2654 4957 illius
2696 4919 2888 4961 curam
2923 4908 3069 4965 habe
3116 4912 3362 4970 fraterno
3399 4918 3532 4974 all‘e-

1930 4998 2046 5045 ctu.
2078 4990 2286 5060 Tertia,
2320 4995 2388 5049 de
2415 4998 2689 5066 capitibus
2715 5016 2838 5071 qua:
2882 5008 3239 5075 proposuisti.

2002 5083 2044 5136 Ι.
2067 5081 2125 5138 Si
2147 5086 2493 5146 ortltodoxus
2509 5103 2801 5149 accusatus
2819 5098 2964 5166 quod
2992 5113 3103 5155 non
3134 5106 3527 5174 communicet,

1931 5176 2075 5233 facta
2120 5194 2285 5235 cruce
2307 5181 2508 5238 dixerit
2542 5204 2557 5241 :
2593 5185 2956 5247 Communico
2992 5232 3009 5259 ,
3036 5192 3175 5250 nihil
3209 5198 3259 5252 ei
3289 5201 3531 5271 amplius

1934 5272 2137 5342 negotii
2184 5271 2586 5335 facessentibus
2636 5280 2909 5340 haereticis
2944 5288 3129 5352 ;clam
3181 5303 3364 5347 autem
3406 5297 3528 5366 ipso

1933 5366 2169 5422 habente
2193 5370 2338 5423 istud
2374 5370 2431 5425 in
2462 5373 2670 5441 animo,
2739 5391 2866 5433 cum
2901 5380 3226 5441 orthodoxis
3275 5401 3529 5445 commn-

1932 5462 2095 5529 nico;
2132 5479 2243 5519 non
2268 5467 2608 5537 dispensatio
2643 5471 2792 5528 istud
2824 5482 2925 5543 est,
2974 5478 3069 5533 sed
3111 5481 3353 5549 proditio
3385 5488 3527 5542 veri-

1932 5558 2082 5611 tatis.
2112 5556 2407 5616 Dimidium
2438 5564 2569 5621 huic
2598 5567 2947 5625 subeundum
2971 5588 3149 5643 ptenae
3185 5593 3308 5646 quae
3336 5582 3384 5635 ei
3408 5591 3525 5636 sta-

1930 5650 2107 5706 tuitur
2132 5653 2227 5723 qui
2254 5654 2414 5724 plane
2443 5657 2639 5715 haeresi
2678 5667 3127 5725 communicarit.
3150 5670 3365 5739 Quanta
3392 5690 3527 5731 vero

233 5735 339 5808 ήδη
367 5734 776 5807 προερωτηθεὶς
806 5740 901 5792 καὶ
924 5739 1278 5811 ἀποκριθεὶς,
1310 5743 1569 5814 περιττόν
1598 5745 1713 5797 ἐστι
1743 5743 1825 5807 δὶς

1941 5757 1989 5797 3a
2018 5744 2109 5811 sit,
2139 5760 2264 5800 eum
2314 5748 2381 5802 ad
2415 5749 2809 5824 interrogatum
2832 5757 2947 5828 jam
2988 5772 3149 5818 antea
3196 5780 3525 5836 responsum

233 5828 303 5881 τὰ
331 5826 471 5880 αὐτὰ
494 5829 917 5885 ὲπανακυκλεῖν.

311 5944 356 5975 ⁸³
391 5943 529 6000 Gen.
566 5961 661 6011 xtl,
696 5946 746 6001 1.

1920 5840 2013 5903 sit,
2041 5853 2503 5909 supervacaneum
2546 5857 2631 5901 est
2652 5848 2737 5905 bis
2768 5852 2956 5909 eadem
2998 5856 3217 5914 iterare.

854 5948 897 5979 “
927 5940 1127 6004 Jerem.
1162 5966 1389 6017 xxxvnt,
1440 5952 1510 6007 25
1549 5967 1700 6022 seqq.
1789 5955 1831 5985 ¹⁸
1869 5954 1991 6011 Psal
2050 5973 2160 6023 xw,
2187 5957 2272 6011 1‘5.
2355 5959 2397 5990 ¹⁶
2420 5959 2579 6031 Greg.
2610 5962 2739 6021 Nae.
2774 5978 2917 6025 orat.
2941 5972 3029 6037 39,
3052 5989 3155 6046 pag
3188 5976 3312 6035 728.
