4164 6480
639 378 781 446 1239

1820 389 1881 449 S.
1914 389 2310 451 THEODORI
2344 391 2693 455 STUDITIE
3789 404 3940 471 tato

705 499 773 554 ll.
809 497 868 553 Si
900 498 1026 568 quis
1063 498 1360 570 impiorum
1421 516 1613 567 suasu,
1667 517 1861 558 eorum
1913 505 2218 573 conspectui

2409 505 2484 562 B’.
2539 509 2665 562 Ἐαν
2695 525 2778 574 τις
2824 511 2963 581 πρὸς
2993 514 3376 585 πληροφορίαν
3408 517 3521 572 τῶν
3573 520 3796 576 ἀσεὸῶν
3849 526 3940 576 ἐπ’

629 590 828 662 prodat
865 591 1242 663 presbyterum
1303 593 1605 650 latitantem
1647 606 1870 666 propter
1900 604 2064 649 recta:
2099 594 2225 650 ﬁdei

631 686 852 755 dogma,
883 699 983 739 nec
1012 685 1298 740 hereticos
1333 695 1879 748 commemorantem,
1902 695 1958 741 et
2005 687 2075 740 ab
2110 686 2232 757 ipso

633 780 732 832 ﬁat
791 792 1077 832 sacrorum
1131 779 1518 848 mysteriorum
1565 780 1879 850 particeps:
1911 788 1965 834 et
1991 780 2096 835 iste
2120 821 2137 846 ,
2171 789 2234 835 ut

632 868 883 938 proditor
906 868 1178 934 veritatis,
1211 872 1264 924 in
1298 886 1515 942 pcenam
1551 887 1696 926 anno
1734 887 1843 927 uno
1869 889 1898 926 a
1923 874 2097 928 sacris
2135 873 2232 928 ab-

633 963 812 1017 stinea
822 979 860 1017 ι.

704 1053 793 1107 Ill.
847 1053 903 1109 Si
953 1055 1077 1125 quis
1135 1055 1405 1124 juraverit
1456 1071 1557 1111 nec
1616 1072 1675 1112 se
1725 1057 1969 1112 divinam
2035 1057 2227 1128 imagi-

635 1163 759 1202 nem
794 1151 1178 1211 adoraturum,
1211 1166 1310 1205 nec
1343 1151 1681 1206 orthodoxos
1714 1153 2014 1207 monachos
2043 1168 2230 1207 susce-

633 1251 856 1310 pturum
892 1259 907 1302 ;
969 1254 1090 1309 post
1127 1242 1515 1311 jusjurandum
1577 1253 1760 1298 autem
1797 1244 2013 1312 culpam
2060 1260 2227 1313 agnu-

634 1349 796 1389 scens
858 1335 1166 1406 resipiscat,
1197 1347 1252 1389 et
1317 1339 1509 1390 adoret
1568 1337 1782 1391 occulte
1823 1354 1837 1392 :
1875 1352 2041 1408 grave
2091 1337 2230 1391 deli-

629 1435 778 1481 ctum
815 1428 969 1496 ;jam
1026 1426 1306 1482 Christum
1359 1428 1448 1482 ille
1482 1443 1546 1482 ac
1577 1429 1861 1498 Deiparam
1909 1438 1962 1482 et
2009 1439 2228 1483 sanctos

630 1518 868 1587 ejuravit
902 1536 914 1570 :
946 1517 1123 1572 tribus
1160 1519 1322 1573 annis
1367 1519 1456 1574 ille
1484 1519 1686 1574 divinis
1722 1519 1995 1590 mysteriis
2034 1534 2226 1574 arcea-

634 1621 743 1677 tur,
781 1627 891 1666 non
923 1613 1042 1668 sine
1074 1627 1271 1682 magna
1313 1614 1672 1668 humanitate.

703 1703 792 1758 IV.
833 1701 1035 1772 Siquis
1085 1718 1181 1772 per
1214 1705 1741 1774 metumimaginem
1759 1704 1962 1759 Christi
1999 1714 2225 1776 pungat,

2335 597 2528 669 ὂψεσιν
2563 601 2748 655 αὐτῶν
2789 603 3004 671 ἐνεγκο.
3054 611 3512 680 κρυπταζόμενον
3555 613 3940 688 πρεσϐύτερον

2335 691 2478 744 κατά
2509 691 2569 743 τὸ
2594 692 2695 762 τῆς
2723 693 3037 764 ὀρθοδοξίας
3062 697 3264 769 δόγμα,
3288 702 3384 755 καὶ
3418 703 3552 773 μηδὲ
3583 704 3941 776 ἀναφέροντα

2332 783 2632 868 αἰρετικόνσ
2663 785 2760 838 καὶ
2792 787 2931 856 πρὸς
2953 789 3120 843 αὐτοῦ
3148 791 3369 862 μεθέξοι
3401 794 3511 847 τῶν
3533 797 3936 868 ἀγιασμὰτωνο

2334 874 2430 924 καὶ
2460 864 2616 936 οὗτος
2654 873 2728 938 ὡς
2762 877 3034 949 προδότης
3067 879 3167 950 τῆς
3194 881 3492 952 ἀληθείας,
3545 887 3608 938 τὸ
3643 864 3940 958 ἐπιτίμιον

2334 962 2509 1032 ἐχέτω
2534 967 2783 1019 ἐνιαυτὸν
2809 969 3022 1042 ἀποχὴν
3047 971 3160 1024 τῶν
3190 972 3571 1044 ἀγιασμάτων.

2404 1057 2444 1109 Γ
2446 1064 2482 1110 ⁸.
2535 1059 2663 1114 Ἐάν
2689 1078 2774 1124 τις
2807 1061 3014 1132 ὀμόσας
3047 1063 3122 1136 μὴ
3154 1069 3484 1136 προσκυνεῖν
3523 1067 3678 1122 θείαν
3707 1072 3936 1133 εἰκόνα.

2338 1150 2466 1220 μήτ’
2513 1147 2580 1205 αὖ
2631 1152 2888 1220 δέξασθαι
2941 1156 3223 1227 όρθόδοξον
3265 1159 3571 1228 μονάζοντα
3636 1166 3776 1231 μετά
3827 1166 3939 1234 τὴν

2333 1244 2683 1313 ὁρκωμοσίαν
2709 1245 2868 1310 εἰδὼς
2897 1247 2958 1300 τὸ
2987 1250 3274 1318 πταῖσμα,
3307 1255 3541 1324 μετανοῇ
3567 1295 3583 1316 ,
3619 1255 3717 1307 καὶ
3751 1272 3938 1327 προσ-

2335 1335 2470 1403 κυνῇ
2516 1337 2807 1406 κρυπτῶς-
2857 1338 2999 1410 βαρύ
3047 1341 3108 1396 τὸ
3135 1342 3340 1414 πτῶμα
3361 1360 3376 1374 ·
3413 1345 3513 1416 ἠδη
3541 1346 3768 1417 ἔξαρνος
3799 1351 3938 1418 ἐγέ-

2333 1444 2455 1480 νετο
2487 1429 2729 1500 Χριστοῦ
2752 1471 2767 1494 ,
2810 1434 2912 1503 τῆς
2965 1452 3023 1489 τε
3075 1435 3341 1491 Θεοτόκου
3368 1477 3382 1504 ,
3436 1439 3531 1492 καὶ
3565 1441 3676 1495 τῶν
3721 1443 3934 1511 ἀγίων·

2333 1520 2521 1591 τριετῆ
2547 1523 2737 1592 χρόνον
2766 1526 3040 1597 εἰργέσθω
3071 1530 3181 1584 τῶν
3203 1529 3584 1603 ἀγιασμάτωνζ
3616 1534 3714 1588 σὺν
3747 1536 3934 1609 πολλῇ

2333 1609 2748 1684 φιλανθρωπίᾳ.

2403 1705 2476 1758 Δ’.
2532 1705 2660 1759 Ἐάν
2703 1725 2789 1772 τις
2817 1710 3028 1780 χρίσειε
3057 1712 3317 1777 δεδοικὼς
3341 1715 3527 1770 εἰκόνα
3571 1717 3814 1789 Χριστοῦ
3842 1761 3862 1784 .
3894 1721 3935 1790 ἧ

629 1795 716 1850 vel
761 1797 936 1850 sancti
986 1794 1322 1865 cujuslibet;
1383 1813 1480 1867 per
1523 1812 1731 1852 annum
1779 1813 1805 1850 a
1839 1800 2218 1852 communione

2331 1811 2475 1859 τινος
2504 1795 2613 1850 τῶν
2644 1798 2836 1867 ἀγίωνο
2866 1803 3116 1858 ἐνιαυτὸν
3146 1805 3420 1877 εἰργέσθω
3443 1808 3545 1879 τῆς
3575 1813 3901 1876 κοινωνίας.

630 1887 1008 1958 prohibeatur.

705 1979 768 2033 V.
805 1979 861 2034 Si
887 1981 1011 2052 quis
1042 1981 1301 2038 sacerdos
1343 1980 1662 2035 brereticum
1703 1980 1921 2049 publice
1984 1992 2226 2034 comme-

633 2079 831 2128 moret.
871 2069 1123 2138 privatim
1153 2083 1332 2124 autem
1364 2071 1431 2123 ab
1455 2069 1769 2124 orthodoxo
1792 2071 1978 2139 aliquo
2018 2071 2072 2123 in
2104 2084 2228 2123 ora-

633 2162 837 2215 torium
871 2173 1122 2226 vocatus,
1152 2176 1590 2216 commemorare
1635 2163 1948 2216 lia-relicum
1985 2161 2122 2215 nolit
2155 2176 2224 2215 an

629 2253 950 2324 reiigiosum
983 2253 1264 2308 hominem
1299 2262 1514 2323 oportet
1543 2253 1595 2306 in
1620 2252 1863 2308 oratorio
1891 2253 1998 2307 isto
2035 2266 2226 2322 preces

631 2360 894 2416 peragere
924 2347 947 2399 ?
973 2344 1214 2399 Minime.

707 2437 796 2493 Vl.
823 2439 905 2493 An
947 2441 1121 2507 possit
1152 2437 1353 2506 aliquis
1408 2447 1574 2502 recte,
1609 2439 1739 2491 dum
1792 2445 2016 2507 peccata
2046 2437 2246 2506 pinnis.

631 2533 835 2601 expiat,
856 2534 1130 2587 asciscere
1165 2533 1404 2601 aliquem
1441 2532 1541 2585 sibi
1569 2531 1778 2585 socium
1805 2530 1870 2584 ad
1896 2530 2222 2585 levationem

630 2639 826 2694 pinnae.
860 2623 1020 2678 Circa
1049 2626 1496 2679 communionem
1525 2624 1772 2692 quidem,
1804 2624 2031 2677 minime
2063 2641 2077 2674 :
2118 2623 2225 2676 cir-

631 2733 695 2770 ca
726 2717 830 2770 alia
862 2726 1067 2782 autem,
1113 2733 1223 2771 non
1271 2718 1501 2771 Omninn
1543 2716 1990 2784 improhandum.
2036 2714 2224 2786 Neque

630 2829 763 2868 vero
793 2814 1162 2884 eleemosynis
1205 2830 1299 2883 per
1338 2830 1396 2869 se
1445 2815 1561 2882 ipse
1606 2823 1782 2882 potest
1820 2814 2120 2882 quidquam
2153 2829 2221 2866 ex

632 2922 702 2962 eo
732 2907 1060 2962 subtrahere
1091 2908 1236 2976 quod
1277 2917 1362 2962 est
1413 2906 1728 2960 deﬁnitum:
1786 2905 1923 2959 Nam
1979 2907 2072 2974 qui
2104 2921 2221 2974 pae-

633 3015 761 3053 nam
798 3000 1027 3069 irrOgat,
1063 2999 1217 3053 novit
1266 2999 1494 3053 omnino
1550 3009 1604 3052 et
1639 3013 1954 3068 personam.
1993 3009 2047 3051 et
2079 3008 2219 3051 tem-

629 3107 759 3162 pus,
791 3101 845 3146 et
867 3093 1121 3162 adjuncta
1150 3090 1504 3161 perpendere,
1537 3102 1596 3146 ut
1637 3093 1865 3146 relaxet.
1900 3090 2034 3145 Nam
2065 3101 2222 3146 certo

631 3185 760 3248 line,
807 3185 964 3253 juxta
999 3199 1243 3238 canones
1294 3183 1390 3252 qui
1424 3193 1556 3237 sunt
1606 3184 1994 3252 contingenter
2025 3183 2214 3253 positi,

630 3292 738 3330 non
798 3285 1034 3345 possunt
1082 3277 1184 3330 ista
1245 3275 1685 3344 comprehendi:
1751 3276 2214 3345 quemadmodum

632 3382 866 3437 magnus
900 3368 1015 3436 ipse
1045 3366 1281 3421 Basilius
1323 3369 1464 3421 dixit
1489 3368 1554 3420 ".
1599 3367 1744 3421 Datis
1776 3368 1924 3420 enim
1959 3367 2220 3437 episcopo

631 3470 955 3530 potestatem
989 3460 1226 3530 augendi
1267 3475 1332 3513 ac
1358 3461 1689 3519 remittendi.
1736 3477 1844 3514 non
1878 3475 1943 3514 ex
1979 3462 2219 3515 necessi-

630 3565 740 3610 tate
763 3555 1367 3609 videlicetineluctabili
1397 3569 1669 3608 canonem
1693 3555 1898 3616 sanxit,
1924 3555 2014 3608 sed
2040 3555 2218 3623 (μιαιιά

629 3650 752 3718 ejus
785 3647 902 3702 ﬁeri
934 3655 1152 3718 potest:
1203 3657 1262 3700 ut
1290 3647 1382 3715 qui
1418 3648 1531 3711 dat,
1575 3645 2044 3715 quemadmodum
2101 3648 2216 3712 det,

629 3743 834 3796 videat.
869 3739 1055 3808 Neque
1089 3739 1236 3793 enim
1283 3754 1385 3808 ego
1416 3738 1639 3791 humilis
1673 3738 1962 3791 deiiniendi
2004 3739 2211 3808 cupidi~

629 3846 740 3891 tate
780 3835 875 3889 sed
912 3835 961 3888 vi
994 3835 1245 3896 adactus,
1283 3843 1336 3886 et
1369 3831 1588 3900 quidem
1620 3831 1784 3884 dandi
1818 3830 2037 3884 consilii
2085 3847 2218 3884 cau-

629 3947 712 3994 sa,
744 3937 802 3981 ut
842 3943 985 3997 εει-βε
1011 3929 1124 3980 dixi
1166 3926 1471 3995 respondeo
1506 3925 1571 3976 ad
1609 3925 1916 3992 propositas
1940 3923 2072 3976 mihi
2101 3925 2217 3978 sive

629 4039 660 4076 a
702 4032 774 4083 te,
833 4022 949 4074 sive
1002 4021 1070 4072 ab
1110 4019 1220 4072 alio
1262 4018 1618 4088 quaestiones.
1671 4016 1946 4069 Caeterum
1981 4031 2081 4084 pro
2128 4032 2215 4069 me

631 4112 823 4166 humili
853 4127 1078 4181 precare
1109 4127 1122 4162 :
1151 4124 1250 4179 pro
1280 4108 1490 4161 virihus
1527 4123 1686 4176 Opem
1720 4107 1787 4160 iis
1815 4107 2087 4176 praebens,
2119 4108 2211 4177 qui

629 4216 850 4276 propter
901 4205 1078 4257 Studii
1108 4203 1322 4270 negotia
1351 4203 1645 4267 dimicant,
1679 4202 2129 4270 quandoeunque
2161 4213 2215 4256 et

629 4299 949 4366 ubicunque
1004 4295 1213 4349 valebis
1269 4295 1326 4348 in
1377 4295 1634 4348 Domino.
1695 4293 1909 4347 Salutat
1957 4302 2009 4347 te
2048 4293 2215 4350 frater

627 4388 910 4443 Nicolaus.

698 4502 841 4556 XLI.
873 4531 946 4543 —
981 4500 1271 4569 Theophila
1308 4499 1501 4570 Ephesi
1543 4498 1854 4571 [episcopo].

2246 3232 2288 3287 C

2400 1969 2485 2023 E'.
2540 1971 2665 2026 Ἐάν
2686 1991 2768 2038 τις
2814 1976 2994 2046 ἰερεὺς
3023 1977 3274 2052 ἀναφέρῃ
3304 1980 3397 2034 τὸν
3426 1982 3704 2053 αἰρετικδν
3750 1985 3814 2055 δη
3826 2005 3936 2056 μο-

2330 2060 2442 2130 σίᾳο
2483 2062 2594 2134 ἰδίᾳ
2622 2065 2680 2118 δὲ
2715 2069 3204 2140 προσκαλούμενος
3236 2072 3342 2126 ὑπό
3373 2089 3518 2138 τινος
3541 2075 3832 2145 όρθοδόξου
3868 2081 3933 2131 ἐν

2328 2153 2642 2227 εὐκτηρίῳ,
2700 2160 2984 2216 στέλλεται
3034 2164 3336 2236 ἀναφέρειν
3387 2166 3478 2220 τὸν
3523 2170 3836 2234 αἱρετικὸν·
3875 2174 3933 2225 εἰ

2327 2243 2435 2313 ἄρα
2463 2246 2521 2298 ὲν
2549 2247 2629 2318 τῷ
2649 2250 2881 2320 τοιούτῳ
2907 2253 3184 2326 εὐκτηρίῳ
3211 2255 3303 2310 τὸν
3337 2255 3543 2327 ἀκριύῆ
3569 2258 3652 2310 δεῖ
3682 2267 3933 2331 προσεύ-

2327 2335 2518 2404 χεσθαι
2537 2354 2553 2402 ;
2599 2339 2887 2410 Οὐδαμῶς.

2400 2430 2492 2495 ς’.
2546 2429 2672 2485 Ἐὰν
2697 2449 2783 2497 τις
2810 2435 2902 2486 ἐπὶ
2929 2433 3008 2504 τῷ
3027 2435 3213 2505 οἰκείῳ
3232 2438 3492 2508 ἐπιτιμίῳ
3511 2439 3741 2493 δύναται
3772 2443 3930 2495 κατά

2326 2517 2484 2587 λόγον
2513 2523 2918 2596 προσλασέσθαι
2943 2526 3067 2580 ἰινά
3103 2528 3179 2590 εἰς
3221 2529 3622 2600 ὲπικουφισμὸν
3661 2531 3754 2585 τοῦ
3790 2535 3927 2586 ὲπι-

2325 2612 2548 2680 τιμίους
2606 2615 2700 2668 ἐπὶ
2740 2616 2841 2684 μὲν
2891 2619 2990 2689 τῆς
3028 2619 3347 2682 κοινωνίας.
3380 2620 3669 2691 οὐδαμῶς·
3721 2625 3814 2679 ἐπὶ
3861 2625 3928 2679 δὲ

2325 2701 2434 2753 τῶν
2481 2702 2680 2765 ἀλλων,
2719 2706 2820 2758 οὐκ
2856 2707 3188 2778 ἀπόϐλητον.
3236 2707 3374 2762 Οὐτε
3419 2708 3478 2762 δὲ
3514 2710 3928 2781 ἔλεημοσύναις

2323 2793 2525 2847 δύναιτ’
2551 2795 2618 2848 ἂν
2658 2797 2909 2866 ὑφαιρεῖν
2934 2817 2990 2853 τι
3024 2801 3121 2854 τοῦ
3151 2801 3385 2872 ὁρισμοῦ
3424 2802 3500 2866 ὡς
3539 2805 3633 2873 ἀρ’
3688 2806 3921 2861 ἑαυτοῦ.

2335 2882 2393 2938 Ὀ
2423 2887 2532 2956 γὰρ
2560 2889 2930 2956 ὲπιτιμιάζων
2957 2886 3066 2943 οἶδε
3099 2891 3322 2956 πάντως
3342 2892 3439 2947 καὶ
3468 2894 3787 2964 πρόσωπον,
3815 2899 3927 2950 καὶ

2322 2977 2536 3045 χρόνον,
2580 2981 2678 3034 καὶ
2721 2982 2790 3034 τά
2823 2982 2982 3047 ἐκτὸς
3027 2984 3348 3054 δοκιμάζειν
3389 2987 3528 3058 πρὸς
3574 2988 3636 3041 τὸ
3671 2989 3922 3058 ὑφεῖναι.

2325 3069 2476 3142 Ὅρφ
2505 3073 2615 3142 γάρ
2665 3074 2760 3127 ἐπὶ
2793 3076 2905 3128 τῶν
2949 3076 3318 3148 ἐνδεχομένως
3350 3080 3620 3149 κειμένων
3666 3081 3925 3135 κανόνων

2324 3163 2643 3231 περιλαϐεῖν
2688 3167 2757 3220 τὰ
2796 3168 3021 3222 τοιαῦτα
3050 3169 3150 3240 οὐχ
3179 3165 3290 3222 οἷόν
3336 3187 3396 3224 τε
3418 3209 3434 3232 ,
3460 3170 3646 3235 καθὼς
3683 3174 3844 3237 αὐτὸς
3891 3178 3925 3228 ὁ

2327 3256 2506 3324 μέγας
2557 3257 2838 3323 Βασίλειος
2889 3263 3101 3331 εἴρηκε.
3151 3264 3292 3326 Δούς
3338 3263 3450 3334 γὰρ
3500 3263 3579 3334 τῷ
3624 3267 3923 3341 ὲπισκόπῳ

2323 3348 2574 3413 ἐξουσίαν
2604 3351 2925 3422 προσθήκης
2962 3354 3058 3405 καὶ
3085 3355 3361 3421 ὐφέσεως,
3391 3357 3493 3410 οὐκ
3519 3357 3579 3422 ἐξ
3609 3359 3921 3429 ἀναγκαίου

2322 3445 2491 3513 ἤγουν
2541 3445 2922 3516 ἀπαραιτήτου
2957 3446 3051 3498 τὸν
3084 3448 3285 3500 κανόνα
3316 3449 3496 3512 ἔθετο,
3544 3451 3663 3506 ἀλλ’
3698 3455 3920 3524 ἐνδεχο.

2324 3535 2522 3603 μένως·
2545 3535 2686 3589 ὥστε
2715 3541 2743 3592 6
2767 3538 2965 3603 διδοὺς,
2998 3538 3244 3610 βλεπέτω
3269 3538 3391 3601 πῶς
3413 3539 3565 3595 διδοῖ.
3600 3543 3774 3612 Κάγὼ
3802 3549 3920 3617 γὰρ

2318 3629 2347 3678 ό
2386 3629 2642 3692 ταπεινὸς
2693 3631 2791 3700 οὐχ
2841 3632 3176 3702 ὁριστικῶς,
3235 3631 3352 3684 ἀλλ’
3404 3631 3756 3698 ικσιαετῶςο
3790 3639 3916 3707 ἦτοι

2321 3719 2826 3791 συμὸουλευτικῶς,
2859 3725 2934 3788 ὼς
2983 3725 3248 3788 πολλάκις
3277 3725 3506 3799 εἴρηκα,
3535 3731 3915 3800 ἀποκρίνομαι

2319 3813 2452 3882 πρὸς
2477 3814 2577 3878 τὰς
2611 3819 3040 3887 προτεινομένας
3073 3836 3166 3890 μοι
3194 3822 3305 3874 εἴτε
3347 3823 3449 3878 ὐπὸ
3478 3822 3596 3890 σοῦ,
3628 3827 3740 3878 εἴτε
3773 3827 3912 3895 παρ’

2316 3905 2478 3958 ἄλλου
2505 3908 2748 3973 πεύσεις.
2781 3911 2854 3962 Τὸ
2876 3911 3062 3964 λοιπὸν
3092 3915 3396 3984 προσεύχου
3423 3917 3552 3988 περὶ
3581 3917 3682 3985 τῆς
3711 3934 3908 3971 ταπει-

2316 3999 2532 4064 νώσεως
2568 4019 2692 4070 μουο
2745 4004 2956 4074 βοηθῶν
2986 4007 3046 4059 τὸ
3089 4009 3230 4060 κατά
3274 4008 3507 4080 δύναμιν
3549 4013 3664 4073 τοῖς
3712 4013 3796 4074 εἰς
3836 4013 3911 4066 τὰ

2317 4087 2565 4143 Στουδξου
2595 4093 2933 4157 ὲναθλοῦσιν,
2970 4093 3203 4167 ἐπείπερ
3224 4101 3318 4151 καὶ
3345 4100 3596 4172 ὅπουπερ
3616 4101 3682 4154 ἂν
3713 4102 3912 4174 ἰσχύῃς

2315 4187 2372 4241 ἐν
2409 4183 2619 4256 Κυρίῳ.
2663 4189 2720 4240 '0
2750 4189 2977 4258 ἀδελφὸς
3013 4189 3276 4254 Νικόλαος
3307 4193 3712 4265 προσαγορεύει
3745 4210 3832 4250 σε.

2590 4499 2729 4554 MA'.
2767 4532 2836 4542 —
2875 4503 3142 4570 Θεοφίλῳ
3170 4502 3280 4571 τῆς
3329 4503 3799 4578 Ἐςρέσου.[τιζ’.]

1609 4615 1682 4664 De
1716 4615 1901 4663 sanctis
1927 4613 2238 4678 imaginibus.
2270 4616 2284 4676 (
2321 4616 2494 4664 llaron.
2528 4629 2603 4664 an.
2632 4613 2741 4672 816,
2766 4629 2814 4664 n.
2843 4613 2944 4678 41.)

699 4724 765 4778 Et
802 4739 1015 4780 sacram
1061 4722 1352 4792 epistolam
1401 4730 1550 4776 tuam
1608 4721 1792 4790 accepi
1828 4730 2090 4790 tanquam
2123 4725 2210 4778 di-

2389 4727 2497 4778 Καὶ
2525 4724 2624 4796 τὴν
2656 4725 2810 4795 ίεράν
2843 4742 2942 4797 σου
2977 4724 3252 4796 συλλαῦὴν
3291 4724 3564 4795 ἐδεξάμην
3592 4725 3668 4788 ὡς
3697 4724 3909 4795 βιῦλίον

623 4819 831 4873 vinitus
858 4817 1124 4885 scriptum
1153 4815 1397 4870 libellum
1421 4855 1437 4879 ,
1487 4825 1542 4868 et
1587 4814 1858 4884 eulogiatn
1891 4815 2057 4870 simul
2096 4831 2215 4872 sus-

622 4912 741 4979 cepi
784 4909 950 4964 veluti
993 4909 1200 4962 amoris
1234 4907 1674 4960 incitamentum.
1706 4907 1770 4959 Et
1798 4907 1922 4974 quis
1957 4923 2059 4976 ego
2087 4924 2209 4964 sum

623 5003 812 5068 miser,
831 5000 929 5070 qui
956 5016 985 5053 a
1021 5009 1213 5054 sancto
1233 5014 1327 5053 ore
1344 5008 1439 5052 tuo
1463 4999 1542 5052 sic
1559 4997 1769 5062 lauder,
1789 4999 1882 5067 qui
1915 5015 2013 5053 nec
2035 5002 2211 5055 corri-

622 5095 765 5166 giam
794 5095 1152 5149 calceamenti
1193 5093 1271 5145 tui
1303 5092 1517 5147 solvere
1547 5091 1747 5160 dignus
1778 5106 1898 5144 sum
1926 5090 1950 5144 ?
1986 5093 2062 5145 En
2099 5093 2205 5148 hu-

626 5187 878 5240 militatis
943 5181 1111 5238 Deum
1175 5184 1490 5238 aemulantis
1549 5184 1878 5252 proprietas.
1936 5181 2207 5246 Tu,bea-

622 5279 837 5332 tissime
859 5279 1044 5342 Patcr,
1077 5277 1170 5344 qui
1209 5286 1264 5331 et
1301 5291 1533 5344 magnus
1563 5276 1786 5336 diceris.
1829 5287 1884 5331 et
1901 5277 2205 5341 extolleris,

621 5385 685 5422 ac
716 5367 1032 5438 przedicaris
1056 5365 1267 5421 Orienti
1294 5376 1460 5436 atque
1484 5365 1791 5426 Ocridenti.
1817 5368 2041 5422 maximi
2079 5384 2209 5438 apo-

620 5457 1150 5527 stoli,evangelista:
1196 5473 1261 5511 ac
1297 5457 1535 5528 theologi
1575 5459 1833 5512 thronum
1861 5459 2022 5529 digne
2067 5476 2202 5514 con-

619 5553 891 5606 decorans
926 5565 1025 5620 per
1074 5565 1136 5604 ea
1181 5567 1302 5620 qua:
1331 5567 1525 5620 passus
1557 5568 1636 5614 es,
1675 5559 1748 5632 Let
1803 5554 2006 5620 pateris
2039 5555 2205 5608 etiam

621 5657 788 5705 nunc,
821 5653 1025 5696 sancta;
1043 5643 1228 5698 carnis
1270 5653 1376 5697 tum.
1404 5642 1670 5713 sanguine
1709 5642 1877 5696 vitam
1902 5644 2206 5712 illustrans,

621 5743 672 5787 et
713 5733 857 5803 pingi
890 5735 1175 5790 Christum
1235 5737 1502 5791 conﬁtens
1552 5743 1608 5789 ut
1664 5750 2013 5805 corporeum,
2074 5753 2205 5803 non,

699 5846 741 5876 "
769 5846 904 5900 Can.
943 5848 1030 5901 76.

2312 4816 2637 4887 θεόγραφον,
2689 4818 2785 4868 καὶ
2844 4817 2945 4886 τὴν
2994 4818 3250 4886 εὐλογίαν
3316 4817 3778 4888 συναπεδεξάμην
3832 4818 3904 4881 ὡς

2311 4908 2477 4961 πόθου
2507 4909 2861 4980 ἐμπύρευμα.
2891 4911 3002 4965 Καὶ
3028 4912 3113 4974 τίς
3144 4913 3261 4980 εἰμι
3290 4911 3404 4982 ἐγὼ
3431 4913 3460 4965 ὁ
3485 4910 3654 4974 τάλας
3674 4909 3908 4963 τοιαῦτα

2310 5006 2463 5077 παρὰ
2491 5006 2584 5059 τοῦ
2623 5009 2779 5075 ἁγίου
2813 5027 2906 5062 σου
2936 5011 3206 5079 στόματος
3237 5010 3675 5081 εὐφημούμενος,
3707 5011 3736 5062 6
3769 5009 3903 5080 μηδὲ

2305 5096 2400 5150 τοῦ
2426 5097 2586 5152 λῦσαι
2621 5101 2712 5153 τὸν
2752 5101 2954 5172 ἰμάντα
2986 5102 3080 5154 τοῦ
3111 5102 3458 5173 ὐποδήματός
3511 5119 3608 5156 σου
3640 5100 3898 5168 έπάξιοςς

2309 5190 2412 5242 Ἴδε
2456 5192 2964 5264 ταπεινοφροσύνης
3006 5194 3346 5266 θεομιμήτου
3381 5193 3674 5264 ἰδιώματα.
3712 5195 3784 5246 Σὺ
3806 5239 3822 5263 ,
3855 5192 3900 5250 ὦ

2308 5282 2695 5352 μακαριώτατε
2733 5287 3042 5359 προπάτορ,
3073 5287 3245 5357 μέγας
3271 5288 3370 5340 καὶ
3400 5287 3763 5356 λαλούμενος,
3798 5309 3896 5362 με·

2305 5372 2671 5442 γαλυνόμενός
2719 5392 2777 5427 τε
2825 5378 2918 5429 καὶ
2951 5377 3346 5448 ἐπαινούμενος
3392 5377 3654 5450 ’Δνατολῇ
3692 5397 3753 5433 τε
3805 5383 3898 5434 καὶ

2305 5465 2484 5518 Adaei:
2522 5470 2551 5517 6
2587 5465 2682 5519 τοῦ
2719 5469 2976 5538 μεγίστου
3023 5470 3381 5535 ’Δποστόλου,
3413 5471 3808 5540 εὐαγγελιστοῦ
3837 5489 3897 5526 τε

2308 5561 2400 5610 καὶ
2436 5559 2695 5629 θεολόγοι)
2749 5561 3037 5633 κοσμήσας
3072 5563 3164 5616 τὸν
3199 5564 3389 5636 θρόνον
3431 5564 3633 5629 ἐπάξια
3658 5606 3674 5630 ,
3721 5567 3790 5619 δι’
3821 5559 3896 5620 ὧν

2304 5647 2572 5718 ἧθληκας,
2607 5652 2701 5703 καὶ
2735 5653 2816 5704 ἔτι
2851 5653 3032 5716 ἀθλεῖς
3061 5693 3078 5717 ,
3119 5655 3315 5726 αἵμασι
3356 5655 3562 5726 σαρκός
3604 5673 3701 5709 σου
3735 5657 3894 5724 ἁγίας

2304 5738 2633 5811 λαμπρύνας
2672 5741 2764 5795 τὸν
2800 5743 2936 5812 βίον,
2970 5747 3063 5797 καὶ
3101 5746 3336 5818 Χριστὸν
3367 5745 3644 5817 ὁμολογῶν
3676 5745 3891 5819 έγγράερ
