4164 6504
242 444 388 513 1241

1439 432 1980 495 EPISTULARUM
2032 433 2182 494 LIB.
2227 433 2313 495 II.

3364 438 3502 503 1242

242 562 452 633 φεσθαι
480 557 557 623 ὡς
583 554 920 627 ἐνσὼματον,
948 551 1066 606 ἀλλ’
1093 549 1214 622 οὐχὶ
1237 548 1315 614 ῶς
1339 550 1388 602 οἱ
1417 547 1636 611 άσεδεῖς
1663 549 1761 612 ἐξα
1769 564 1817 618 ρ-

1928 544 2073 602 sicut
2102 545 2256 617 impii
2293 543 2523 611 faciunt,
2587 559 2817 616 negans.
2851 547 3075 617 quando
3106 547 3323 620 dopingi
3371 567 3498 607 eum

239 655 530 725 νούμενος·
571 651 661 705 ἐπ’
704 649 769 703 ἂν
811 648 872 702 οὐ
905 646 1151 717 δέχονται
1180 643 1346 697 αὐτὸν
1393 639 1815 711 είκονιζόμενον.

245 750 323 803 '0
346 747 458 817 γὰρ
483 745 585 799 οὐκ
608 741 954 806 είκονίζεται,
986 738 1108 791 οὐδέ
1133 735 1467 815 ἐνσώματον.
1508 733 1613 786 Ἐῶ
1636 732 1820 800 λέγειν

238 841 440 910 ὅτιπερ
472 837 569 892 καὶ
597 835 826 904 ἄγγελος
854 832 931 886 ῶν
958 830 1271 900 ἀσώματος,
1299 828 1586 897 αἰσθηταῖς
1612 825 1819 880 εἰκόσιν

240 934 356 987 ὑπὸ
383 932 493 986 τῶν
521 929 788 998 θεολόγων
809 922 1224 995 ἀναγράφεσθαι
1253 919 1630 991 παραδέδοται.
1662 919 1726 972 Οἱ
1759 918 1819 970 δὲ

239 1029 340 1080 καὶ
381 1024 474 1078 τὸν
497 1021 812 1092 ἐνσώματον
833 1017 1118 1085 δεσπότην,
1146 1014 1241 1068 καὶ
1269 1013 1358 1066 τὸν
1382 1011 1674 1082 ἀσώματον
1703 1009 1820 1064 δοῦ⁴

237 1120 361 1183 λον,
390 1115 613 1188 προσέτι
643 1114 739 1168 καὶ
767 1114 864 1183 τήν
897 1127 956 1164 τε
985 1107 1080 1162 τοῦ
1107 1105 1242 1161 Θεοῦ
1272 1105 1521 1177 Μητέρα,
1555 1105 1656 1157 σὺν
1683 1104 1817 1157 πᾶσι

239 1212 458 1281 Κυρίου
487 1209 835 1289 θεράπουσιν,
862 1205 1124 1274 ἧρνηνται
1150 1196 1564 1268 ἐγγεγράφθαι,
1599 1195 1686 1289 διὰ
1709 1194 1818 1247 τῶν

240 1305 475 1358 εἰκόνων
501 1287 770 1372 ἀριδηλως
810 1291 1321 1364 συναπαρνούμενοι
1358 1289 1429 1343 τὰ
1460 1287 1816 1359 πρωτότυπα.

241 1399 371 1454 Οὐδ’
394 1396 527 1452 αὐτὸ
553 1394 707 1448 τοῦτο
739 1389 1065 1452 ἐννοοῦντες,
1094 1388 1179 1441 ὅτι
1205 1389 1272 1457 τῇ
1299 1385 1580 1456 παραδοχῇ
1609 1382 1702 1436 τοῦ
1738 1382 1818 1434 ol-

241 1493 396 1546 κείου
422 1486 768 1560 χαρακτῆρος
795 1483 855 1537 τὸ
868 1477 1088 1552 κρατεῖν
1115 1481 1350 1551 ἔχουσιν·
1377 1477 1476 1529 οὐκ
1492 1474 1818 1547 ἀφαιρεθέν-

237 1600 336 1645 τος
378 1583 410 1649 ἢ
440 1577 855 1650 ἁτιμασθέντος,
904 1573 1182 1645 ἀφῄρηται
1210 1569 1454 1642 δηλονότι
1492 1567 1588 1622 καὶ
1613 1565 1818 1636 ἠτίμω-

241 1691 336 1728 ται
401 1671 583 1724 αὐτῶν
633 1669 695 1722 τὸ
751 1666 975 1740 κράτος.
1025 1663 1165 1717 Ἀλλ’
1214 1663 1364 1733 ὅμως
1421 1659 1484 1713 οὑ
1540 1657 1817 1729 βούλονται

244 1763 489 1818 συνιέναι
518 1761 614 1817 τοῦ
641 1760 929 1831 ἀγαθῦναι.
973 1756 1235 1819 Ἐκείνοις
1260 1753 1360 1823 μὲν
1387 1747 1482 1806 οὖν
1511 1753 1591 1814 είς
1615 1749 1820 1818 κέντρα

239 1854 524 1920 λακτίζειν
549 1853 685 1907 ιστι.
714 1852 784 1905 Σὲ
810 1851 867 1904 δέ
896 1852 931 1921 ή
962 1848 1200 1919 κραταιὰ
1242 1847 1365 1918 χεὶρ
1406 1841 1818 1915 περιφυλάξειεν

1921 652 2028 691 non
2061 637 2377 694 admittunt.
2413 637 2566 705 Quod
2585 640 2731 694 enim
2764 653 2876 693 non
2895 641 3498 714 exprimiturlmagine,

1921 745 2022 786 nec
2055 746 2376 800 corporeum
2404 731 2624 801 quidem
2655 741 2758 788 est.
2791 731 2948 787 Mitto
2969 733 3156 789 dicere
3188 736 3334 805 quod
3367 751 3495 792 cum

1922 822 2152 892 angelus
2184 822 2538 893 incorporeus
2578 824 2667 891 sit,
2711 840 2809 894 per
2832 826 3122 882 sensibiles
3169 827 3437 900 imagines
3466 844 3502 886 a

1920 913 2188 982 theologis
2216 917 2450 987 exprimi
2507 918 2769 972 traditum
2804 926 2904 972 est.
2954 917 3020 971 Hi
3061 928 3243 973 autem
3304 934 3499 989 corpo-

1919 1019 2075 1058 reum
2112 1003 2426 1071 Dominum,
2492 1015 2547 1061 et
2603 1007 2993 1075 incorporeum
3046 1006 3335 1069 famulum,
3384 1007 3501 1062 Ma-

1919 1105 2170 1166 tremque
2198 1097 2289 1152 Dei
2323 1098 2550 1167 insuper
2579 1113 2705 1152 cum
2759 1098 3018 1153 omnibus
3057 1098 3274 1153 Domini
3335 1100 3504 1154 mini-

1920 1189 2048 1245 stris
2087 1190 2304 1261 depingi
2333 1200 2625 1260 negarunt,
2664 1207 2761 1261 per
2799 1193 3064 1260 imagines
3098 1192 3350 1248 videlicet
3370 1207 3501 1263 pro-

1920 1291 2102 1352 totypa
2136 1283 2250 1350 ipsa
2295 1282 2459 1336 simul
2502 1291 2783 1352 negantes.
2819 1281 3008 1352 Neque
3061 1285 3163 1338 hoc
3189 1283 3499 1353 intelligen—

1919 1382 2022 1439 tes,
2044 1389 2109 1428 ea
2157 1375 2391 1443 propria:
2437 1375 2626 1444 ﬁgura:
2663 1385 2717 1430 et
2770 1376 3105 1430 characteris
3152 1377 3502 1445 susceptione

1917 1468 2024 1520 vim
2063 1482 2217 1522 suam
2245 1475 2299 1520 et
2330 1476 2528 1521 statum
2560 1467 2852 1522 obtinere:
2883 1483 2992 1537 quo
3027 1467 3262 1528 sublato.
3288 1469 3370 1522 vel
3404 1468 3504 1523 de-

1916 1560 2113 1616 decore
2166 1558 2380 1622 al'l‘ecto,
2408 1559 2619 1614 tollitur
2669 1559 2861 1628 procul
2902 1559 3092 1626 dubio,
3129 1569 3185 1615 et
3232 1560 3502 1616 dedecore

1918 1653 2152 1708 adicitur
2204 1668 2396 1708 eorum
2439 1655 2522 1707 vis
2572 1654 2758 1708 omnis
2808 1664 2864 1708 et
2923 1653 3187 1723 dignitas.
3244 1654 3501 1710 Attamen

1919 1745 2223 1816 intelligere
2253 1745 2449 1798 nolunt
2503 1753 2564 1798 ut
2605 1744 2748 1797 bene
2792 1751 2978 1812 agant.
3022 1743 3136 1800 illis
3167 1753 3350 1799 autem
3401 1745 3501 1798 ad-

1917 1852 2114 1891 versus
2140 1835 2421 1889 stimulum
2459 1835 2748 1890 calcitrare
2804 1833 2958 1889 libet.
3008 1833 3085 1889 Te
3123 1850 3253 1889 vero
3308 1846 3505 1904 potens

240 1947 327 2009 el;
374 1914 531 2008 κλέος
573 1943 673 2013 τῆς
707 1914 931 1994 ἐαυτοῦ-
964 1914 1292 2004 ’ἐκκλησίας
1311 1914 1446 1998 ζὼς
1484 1914 1705 1994 στύλον,
1749 1928 1817 1988 ὡς

1928 1944 2127 1984 manus
2180 1927 2455 1983 custodiat
2483 1929 2551 1982 ad
2602 1929 2832 1998 gloriam
2870 1926 3129 1982 Ecclesia:
3155 1941 3287 1991 suae,
3315 1935 3373 1981 ut
3407 1941 3506 1982 co-

243 2036 553 2109 ἐδραίωμα,
593 2034 671 2098 ὼς
699 2033 1005 2105 πρόμαχον.
1030 2028 1142 2082 Καὶ
1158 2025 1363 2096 ῐδοιμέν
1395 2040 1454 2077 σε
1469 2025 1520 2077 oi
1548 2022 1820 2085 ταπεινοὶ,

241 2129 277 2201 ἢ
313 2128 466 2183 ἔνθεν
500 2128 596 2181 ἐπὶ
640 2126 740 2198 τὴν
781 2123 1060 2180 ’Δσιάτιδα
1087 2120 1256 2191 χθόνα
1294 2115 1814 2187 ἐπαναστρέφοντα·

241 2222 322 2284 ὡς
369 2224 420 2274 ol.
473 2221 643 2274 πάλαι
672 2218 780 2273 ἀπὺ
819 2220 920 2287 τῆς
967 2217 1024 2268 ἐν
1062 2214 1272 2283 Πάτμῳ
1305 2209 1554 2282 φυλακῆς
1584 2208 1687 2279 τὸν.
1722 2204 1820 2258 τοῦ

1927 2020 2196 2085 lumnam,
2247 2030 2308 2074 ut
2367 2019 2810 2086 fundamentum,
2866 2030 2927 2074 ut
2985 2020 3500 2089 propugnaculum:

1915 2112 2310 2182 videamusque
2361 2121 2414 2168 te
2453 2112 2714 2174 humiles,
2755 2121 2850 2166 aut
2915 2112 3041 2165 inde
3111 2113 3165 2164 in
3191 2112 3496 2164 Asiaticam

1915 2210 2116 2258 terram
2144 2204 2482 2268 redeuntem,
2531 2205 2674 2258 sicut
2719 2202 2797 2258 illi
2834 2203 2965 2257 olim
2994 2218 3058 2257 ex
3117 2203 3289 2257 Patmi
3319 2212 3506 2258 custo-

242 2313 581 2382 Εὐαγγελίου
608 2311 668 2381 ἦ)
681 2327 779 2364 ιον·
811 2309 844 2379 ἢ
876 2310 933 2360 ἐν
953 2307 1203 2379 οὐρανοῖς
1231 2304 1417 2358 ἐπάνω
1445 2301 1582 2356 δέκα
1612 2299 1817 2358 πόλεων

1917 2296 2004 2350 dia
2033 2297 2204 2351 solem
2245 2295 2569 2367 Evangelii;
2613 2304 2708 2351 aut
2771 2297 2827 2351 in
2885 2297 3041 2352 caelis
3092 2311 3262 2367 supra
3306 2294 3500 2352 decem

246 2403 582 2476 ἱεραρχικῶς
610 2399 989 2470 δοξαζόμενον.

613 2515 751 2572 MP'.
786 2545 856 2557 -—
895 2512 1200 2579 Θαλελαίφ
1227 2509 1436 2573 τέκνῳ.
1457 2505 1646 2580 [τκγ’.]

1921 2389 2174 2445 civitates
2210 2390 2255 2423 ⁸⁸
2279 2389 2553 2460 pontiﬁcis
2583 2391 2757 2462 gloria
2778 2392 3120 2445 decoratum.

2341 2502 2502 2560 XLII.
2544 2535 2613 2545 -—
2647 2503 2911 2558 Thalele
2949 2504 3083 2573 ﬁlio.

241 2631 548 2700 Dogmatica.
601 2629 680 2680 De
727 2627 914 2677 sanctis
965 2622 1285 2689 imaginibus.
1345 2617 1980 2700 Advelrstusuffre-gor‘iutn-
2010 2594 2442 2700 fdﬁlphiensem,
2483 2615 2572 2676 qui
2634 2610 2973 2664 Iconomachis
3033 2613 3326 2663 adhaeserat.
3376 2612 3505 2664 Tum

1479 2678 1812 2742 Chrysostomi
1845 2679 1981 2727 locus
2014 2678 2310 2738 explicatur.

318 2805 387 2858 Ἀ
424 2801 524 2872 μὲν
556 2793 650 2853 οὖν
688 2797 969 2868 ἐσήμανας
991 2793 1081 2848 διὰ
1108 2793 1206 2862 τῆς
1230 2788 1520 2858 ἐπιστολῆς
1550 2787 1816 2856 ἐπέγνων,

238 2897 452 2951 τέκνον·
503 2890 540 2946 ἃ
589 2891 646 2945 δέ
691 2888 804 2958 ἐγὼ
845 2884 1251 2957 ἀποκρινοῦμαί
1304 2898 1420 2942 σοι,
1462 2878 1638 2932 ταῦτά
1681 2879 1818 2931 ἐστι·

1990 2783 2123 2850 Qua:
2151 2783 2373 2853 quidem
2422 2798 2522 2854 per
2567 2783 2782 2839 litteras
2839 2783 3184 2855 signiﬁcasti,
3217 2784 3356 2853 hzec,
3407 2788 3505 2842 ﬁli.

1917 2875 2159 2946 perlegi:
2192 2891 2315 2946 quae
2341 2875 2585 2930 vicissim
2619 2877 2791 2929 habeo
2818 2877 2916 2930 tibi
2950 2875 3153 2941 dicere,
3207 2878 3325 2933 hasc
3354 2891 3502 2935 sunt.

239 2985 614 3043 Στέλλεσθαι
641 2979 802 3051 ἡμᾶς
829 2977 950 3034 ἀπὸ
980 2974 1207 3040 παντὸς
1249 2971 1518 3041 ἀδελφοῦ
1553 2967 1817 3034 ἀτάκτως

1923 2970 2160 3024 Sanctus
2198 2968 2496 3038 Apostolus
2524 2969 2790 3038 prazcipit,
2820 2979 2878 3022 ut
2909 2969 3286 3025 subtrahamua
3314 2987 3408 3026 nos
3437 2976 3503 3027 ab

237 3073 716 3146 περιπατοῦντος
739 3112 754 3136 ,
787 3068 1163 3126 διακελεύεται
1199 3067 1228 3120 ό
1275 3065 1421 3136 ἱερὸς
1476 3061 1819 3121 Ἀπόστολος.

1920 3063 2065 3116 omni
2085 3061 2254 3130 fratre
2278 3061 2583 3115 ambulante
2620 3061 2925 3117 inordinate
2951 3063 3016 3116 ¹⁹.
3053 3063 3341 3131 Quomodo
3371 3081 3504 3138 ergo

238 3168 369 3231 Πῶς
411 3163 504 3220 οὖν
543 3164 693 3232 λέγει
719 3162 1021 3234 Γρηγόριος
1049 3161 1080 3213 ὁ
1113 3158 1225 3212 τῶν
1263 3155 1578 3225 Ἀδελφίων,
1609 3153 1817 3219 ἀλόγως

1921 3152 2053 3207 dicit
2078 3151 2372 3223 Gregorius
2424 3151 2827 3221 Adelphiensis,
2874 3168 2971 3208 vos
3031 3155 3208 3225 ipsum
3261 3158 3506 3213 aversari

239 3261 389 3331 ὑμᾶς
417 3258 578 3313 αὑτὸν
604 3252 1078 3328 ἀποστρέφεσθαι,
1109 3251 1274 3303 ὁπότε
1304 3249 1468 3310 αὐτὸς
1505 3247 1604 3316 οὐχ
1633 3243 1820 3306 ἁπλῶς

239 3352 529 3416 ἀτάκτως,
569 3348 877 3420 όλοτρόπως
909 3344 967 3398 δέ
1004 3342 1327 3413 συναπήχθη
1370 3342 1483 3404 τοῖς
1511 3334 1817 3406 Εἰκονομά-

239 3459 356 3514 χοις
381 3482 396 3507 ,
429 3441 755 3512 ὑπογράψας
782 3441 850 3509 τῇ
880 3435 1110 3507 αἱρέσει,
1150 3431 1444 3488 συνεσθίων
1474 3448 1531 3483 τε
1557 3429 1650 3482 καὶ
1682 3444 1820 3497 συμ-

241 3534 415 3588 πίνων
447 3534 542 3588 καὶ
584 3527 1161 3598 συναναστρεφόμενος
1195 3526 1423 3588 comic;
1465 3523 1529 3576 El
1571 3521 1631 3574 δέ
1670 3521 1819 3588 λέγοι

242 3621 726 3693 μετανενοηκέναι,
747 3619 842 3672 καὶ
861 3615 1115 3683 ἐπιτίμια
1137 3616 1384 3685 κρατεῖν·
1410 3611 1639 3675 δειξάτω
1661 3608 1820 3661 τοῦτο

237 3717 311 3771 δι’
341 3717 624 3786 ἐγγράφου
664 3709 956 3782 ὁμολογίας
981 3747 997 3773 ,
1046 3705 1466 3778 ἀναθεματίζων
1494 3721 1554 3756 τε
1579 3704 1708 3765 τοὺς
1735 3703 1821 3755 αἱ-

244 3810 492 3880 ρετικοὺς
518 3807 616 3858 σὺν
640 3805 708 3873 τῇ
735 3801 967 3872 αἱρέσει,
993 3801 1088 3853 καὶ
1121 3798 1388 3870 μηδαμῶς
1417 3793 1819 3863 συναπτόμενος

239 3899 447 3960 αὐτοῖς.
477 3895 625 3956 Ἕως
656 3893 700 3946 δ’
735 3893 801 3946 ἂν
828 3891 988 3944 τοῦτο
1012 3891 1072 3942 οὐ
1103 3893 1254 3960 ποιῇ,
1288 3885 1654 3956 άποτρόπαιος
1690 3885 1818 3954 ὑμῖν

240 3990 384 4044 ἔστω
414 3989 528 4051 τοῖς
557 3983 917 4056 φοϐουμένοις
945 3983 1036 4036 τὸν
1066 3981 1291 4053 Κύριον.
1324 3979 1506 4042 Δόλιος
1534 3980 1642 4048 γάρ
1671 3979 1818 4031 ἐστιν

241 4082 301 4133 ἐν
337 4079 696 4152 προσποιήσει
725 4074 1081 4146 ἐπιστροφῆς,
1113 4073 1480 4143 ὑφελκόμενος
1506 4071 1680 4140 ὑμᾶς,
1723 4068 1818 4122 καὶ

241 4170 589 4242 ὑποσπείρων
609 4168 800 4237 λόγους
819 4163 1128 4236 λοιμώδεις,
1151 4164 1224 4227 ὼς
1249 4164 1314 4216 ἐκ
1343 4161 1635 4234 προσώπου
1658 4158 1818 4228 δῆθεν

239 4265 351 4317 τῶν
380 4263 661 4316 ἐναντίων.
707 4259 872 4312 Ὅθεν
916 4260 980 4312 σὺ
1025 4257 1100 4320 ὼς
1142 4256 1493 4323 άτελέστερος
1543 4251 1819 4319 ἐμπαρεὶς

239 4356 310 4425 τῇ
337 4351 571 4416 διαλέξει
591 4348 758 4403 αὐτοῦ
785 4348 1075 4417 ⁴ίγπόρηκας
1103 4347 1180 4409 εἰς
1199 4344 1361 4398 τοῦτο
1390 4345 1634 4396 κάκεῖνο.
1653 4339 1812 4404 Ἀλλ’,

241 4445 432 4517 ἐπειδὴ
476 4444 686 4516 ᾔτησας
714 4442 813 4512 τὴν
841 4440 1017 4505 λύσιν,
1045 4439 1224 4504 δέξαιο
1269 4437 1524 4498 συνετῶς.
1559 4437 1633 4488 Τὸ
1661 4437 1815 4505 εἰρη-

1925 3242 2044 3296 sine
2077 3257 2241 3296 causa
2278 3242 2543 3312 :quando
2593 3241 2711 3312 ipse
2748 3259 2856 3297 non
2912 3254 3120 3299 tantum
3183 3245 3501 3304 inordinate

1920 3334 2186 3398 ambulat,
2222 3334 2320 3390 sed
2357 3335 2423 3389 ad
2448 3335 2670 3391 eosdem
2716 3337 2875 3406 plane
2907 3354 3089 3395 mores
3143 3354 3267 3394 cum
3308 3342 3504 3396 lcono-

1918 3428 2130 3484 machis
2167 3428 2364 3484 abduci
2393 3445 2451 3484 se
2482 3445 2680 3498 passus
2727 3438 2834 3496 est,
2885 3432 3244 3489 subscribens
3273 3434 3491 3499 haeresi,

1919 3535 2045 3574 cum
2080 3521 2217 3590 ipsis
2255 3521 2402 3586 cibo,
2443 3529 2600 3592 potu,
2665 3524 3064 3579 consuetudine
3119 3528 3450 3596 conjunctus
3485 3529 3498 3582 l

1919 3611 2073 3679 Quod
2136 3613 2180 3667 si
2212 3612 2412 3668 dixerit
2443 3614 2744 3683 resipuisse
2800 3631 2881 3682 se,
2937 3631 3002 3672 ac
3041 3616 3223 3672 delicti
3282 3635 3502 3689 poenam

1927 3704 2253 3772 exsolvere;
2289 3706 2392 3761 hoc
2431 3708 2548 3776 ipsa
2589 3707 2897 3778 subscripta
2945 3707 3294 3766 confessione
3327 3713 3501 3782 signi-

1919 3796 2063 3861 licet,
2096 3798 2382 3854 haereticos
2412 3813 2538 3852 cum
2580 3798 2775 3853 haeresi
2809 3801 3309 3864 anathematizans,
3347 3803 3501 3856 omni

1918 3903 2042 3944 cum
2083 3889 2219 3959 ipsis
2265 3890 2520 3944 amicitiae
2568 3890 2954 3959 conjunctione
2998 3894 3245 3961 praecisa.
3289 3894 3340 3947 ld
3370 3910 3503 3949 vero

1919 3982 2094 4037 donec
2121 3982 2384 4046 eﬁ'ecerit,
2419 3984 2488 4037 sit
2516 3983 2605 4036 ille
2629 3983 2965 4039 detestabilis
2989 3986 3146 4040 vobis
3173 3986 3266 4055 qui
3293 3987 3497 4043 timetis

1919 4072 2231 4129 Dominum.
2267 4073 2447 4129 Nectit
2483 4074 2630 4128 enim
2672 4075 2849 4138 dolos,
2889 4076 3020 4129 dum
3056 4077 3495 4144 resipiscentiam

1918 4163 2163 4226 simulat,
2199 4163 2454 4218 irretiens
2486 4179 2605 4229 vos,
2632 4173 2688 4218 et
2714 4164 3006 4234 pestiferos
3045 4165 3258 4220 occulte
3281 4180 3497 4220 sermo-

1918 4269 2016 4308 nes
2054 4269 2267 4320 serens,
2300 4262 2564 4324 tanquam
2613 4271 2678 4309 ex
2720 4270 2954 4324 persona
2986 4256 3236 4311 videlicet
3296 4255 3497 4313 adver-

1917 4346 2210 4401 sariorum.
2237 4344 2392 4402 Unde
2410 4355 2488 4412 tu,
2509 4357 2694 4417 utpote
2711 4347 3055 4414 imbecillior,
3079 4348 3228 4404 illius
3249 4352 3500 4405 oratione

1920 4439 2101 4504 laesus,
2137 4438 2286 4494 circa
2331 4439 2438 4494 hoc
2489 4447 2547 4494 et
2585 4440 2720 4494 illud
2783 4439 2991 4495 haesisti
3047 4441 3216 4495 animi
3273 4442 3495 4497 dubius.

241 4539 400 4593 κέναι
448 4537 540 4590 τὸν
585 4533 994 4604 Χρυσόστομον·
1046 4549 1064 4582 ι
1137 4530 1197 4583 '0
1249 4529 1517 4600 ἡμέτερος
1582 4526 1816 4598 Χριστὸς

1921 4527 2028 4583 Sed
2057 4528 2497 4600 quandoquidem
2552 4531 2888 4586 solutionem
2935 4532 3246 4587 sciscitatus
3279 4548 3359 4596 es,
3403 4550 3496 4588 so-

239 4629 444 4699 τοίχοις
465 4627 526 4680 οὐ
558 4625 990 4697 περιγράφεται·
1030 4639 1048 4672 ι
1090 4619 1507 4690 ἐγκωμιάζοντα
1535 4619 1626 4671 τὸν
1660 4618 1815 4686 ἅγιον

253 4721 558 4792 Ῥωμανόν·
591 4720 691 4788 οὐχ
724 4715 908 4779 άπλῶς
932 4713 1296 4783 ἐκλαμϐάνειν
1318 4713 1418 4775 δεῖ,
1448 4711 1584 4765 ἀλλὰ
1612 4709 1814 4779 γνῶναι

241 4814 347 4868 τίνι
394 4812 774 4880 διαλεγόμενος
803 4809 1052 4879 εἴρηκεν·
1087 4805 1276 4876 ἐπειδὴ
1307 4806 1366 4857 ἐν
1406 4805 1525 4865 ταῖς
1548 4800 1813 4865 διαλέξεσι

241 4904 662 4977 παρατηρητέον
706 4900 801 4966 καὶ
835 4898 1049 4970 χρόνον,
1076 4895 1174 4950 καὶ
1199 4898 1516 4964 πρόσωπον,
1554 4896 1650 4947 καὶ
1683 4893 1812 4965 τρό-

241 5012 362 5050 πον.
395 4995 625 5065 Χρόνον,
653 4990 744 5044 διὰ
770 4991 831 5042 τὸ
861 4989 936 5060 μὴ
964 4987 1032 5040 τὰ
1057 4985 1196 5038 αὐτὰ
1221 4981 1678 5054 νενομοθετῆσθαι
1699 4983 1814 5045 τοῖς

242 5086 411 5140 πάλαι
447 5083 585 5155 πρὸς
612 5082 740 5144 τοὺς
789 5080 848 5133 ἐν
876 5080 942 5149 τῇ
973 5076 1181 5148 χάριτι.
1211 5073 1530 5143 Πρόσωπον,
1578 5073 1660 5126 ὅτι
1689 5072 1818 5128 ἄλλο

241 5173 535 5244 αἱρετικὸν,
563 5172 658 5225 καὶ
685 5169 873 5241 ἕτερον
913 5166 1221 5239 ὀρθοδόξου.
1251 5164 1485 5236 Τρόπον,
1531 5165 1721 5234 ἐπειδὴ
1755 5165 1816 5218 οὐ

240 5265 437 5319 ταυτόν
464 5265 583 5317 ἐστι
613 5259 962 5332 δογματικῶς
998 5257 1370 5327 διαλέγεσθαι,
1411 5257 1508 5310 καὶ
1541 5254 1818 5310 ἁπλοϊκώ-

240 5371 398 5427 τερον
445 5350 752 5420 προτείνειν
798 5351 891 5403 τὸν
926 5348 1105 5417 λόγον.
1159 5347 1277 5400 Τίνι
1323 5339 1416 5398 οὖν
1457 5343 1760 5397 διελέλεκτο
1789 5343 1819 5396 ό

242 5446 664 5518 Χρυσόστομοςς
710 5439 820 5514 ἆρά
859 5458 924 5510 γε
965 5439 1235 5511 ὀρθοδόξῳ
1281 5436 1672 5507 ἀναπηλοῦντι
1713 5436 1815 5508 τὴν

241 5541 428 5595 εἰκόνα
452 5533 721 5610 Χριστοῢς
757 5535 1030 5606 οὐδαμῶς·
1067 5533 1203 5586 ἀλλά
1234 5548 1341 5584 τινι
1369 5530 1616 5599 Ἕλληνι·
1635 5528 1694 5593 δς
1716 5528 1814 5598 τὴν

243 5634 461 5688 πάντων
503 5631 910 5704 ὑπερκειμένην
958 5629 1158 5693 αίτίαν,
1209 5627 1303 5681 καὶ
1341 5626 1406 5678 ἐκ
1449 5623 1559 5678 τῶν
1602 5626 1660 5677 ἐν
1702 5624 1816 5686 τοῖς

242 5719 393 5778 οὖσιν
433 5723 678 5794 ἐσχάτων
710 5721 1125 5793 χαρακτηρίζει,
1159 5717 1234 5782 ῶς
1266 5733 1431 5788 φησιν
1463 5717 1491 5770 ό
1516 5715 1657 5779 θεῖος
1696 5717 1815 5768 Διο-

244 5812 442 5877 νύσιος·
489 5815 581 5869 καὶ
619 5813 772 5867 οὐδὲν
809 5814 981 5884 αὐτὴν
1011 5811 1299 5880 ὑπερέχειν
1325 5811 1458 5880 φησὶ⁸
1501 5808 1610 5863 τῶν
1642 5807 1812 5860 πλατ-

316 5927 359 5958 ¹⁸
394 5925 522 5981 Luc.
562 5944 672 5995 xxx,
715 5927 798 5995 19,
832 5926 917 5980 l7.

1913 4622 2077 4677 lerter
2105 4623 2310 4691 accipe.
2356 4621 2511 4687 Quod
2545 4621 2971 4693 Chrysostomus
3010 4622 3181 4690 dixit,
3222 4624 3275 4677 in
3301 4624 3495 4678 lauda-

1915 4713 2063 4767 tione
2088 4715 2266 4768 sancti
2303 4712 2559 4778 Romani,
2598 4731 2618 4764 ι
2646 4713 2902 4769 Christus
2949 4724 3144 4769 noster
3194 4715 3498 4784 parietibus

1909 4822 2022 4861 non
2079 4806 2548 4861 circumscribitur
2572 4806 2643 4872 “,
2673 4825 2692 4857 ι
2728 4821 2836 4860 non
2857 4814 2941 4861 est
2979 4806 3300 4876 simpliciter
3352 4809 3498 4862 acci-

1911 4895 2170 4966 piendum
2203 4913 2217 4950 :
2261 4896 2355 4950 sed
2384 4896 2778 4966 explorandum
2798 4910 2961 4965 quem
2991 4903 3102 4948 tum
3126 4895 3495 4965 alloqueretur

1914 5004 2037 5044 cum
2103 4989 2219 5044 haec
2249 4989 2494 5044 diceret:
2531 4987 2974 5058 quandoquidem
3036 4987 3094 5042 in
3152 4986 3495 5043 sermocina-

1919 5081 2069 5136 tione
2089 5081 2373 5135 observari
2402 5096 2626 5135 necesse
2648 5087 2732 5134 est
2753 5087 2808 5133 et
2836 5087 3071 5148 tempus,
3095 5090 3148 5134 et
3175 5095 3490 5150 personam,

1915 5184 1969 5228 et
1998 5173 2248 5228 modum.
2291 5171 2550 5242 Tempus,
2600 5171 2746 5241 quod
2806 5185 2916 5224 non
2975 5170 3164 5225 eadem
3224 5179 3491 5240 praecepta

1915 5266 2192 5321 veteribus
2211 5265 2434 5330 dantur,
2458 5274 2620 5333 atque
2639 5264 2706 5320 iis
2738 5263 2831 5334 qui
2867 5273 2996 5319 sunt
3023 5264 3125 5319 sub
3149 5263 3265 5333 lege
3282 5266 3488 5334 gratiae.

1917 5355 2246 5421 Personam,
2280 5356 2427 5426 quod
2463 5356 2570 5410 alia
2612 5354 2972 5422 sithaeretici,
3025 5356 3313 5410 orthodoxi
3362 5355 3488 5411 alia.

1911 5447 2156 5512 Modum,
2192 5447 2634 5517 quandoquidem
2666 5447 2813 5501 aliud
2861 5455 2947 5503 est
2979 5447 3288 5517 dogmatice
3320 5447 3494 5502 disse-

1912 5549 2055 5598 rere,
2090 5535 2235 5588 aliud
2265 5534 2600 5603 simpliciore
2637 5535 2729 5589 ﬁlo
2744 5536 3048 5590 orationem
3084 5544 3285 5591 texere.
3318 5535 3488 5601 Quem

1913 5623 2080 5696 igitur
2107 5625 2533 5695 Chrysostomus
2554 5635 2638 5679 est
2667 5625 2938 5681 allocutus
2966 5627 2990 5680 ?
3020 5626 3101 5682 An
3127 5627 3489 5682 orthodoxam

1914 5717 2008 5787 qui
2049 5716 2265 5771 Christo
2302 5717 2594 5786 imaginem
2639 5717 2880 5772 statuit?
2917 5718 3180 5786 Minime;
3232 5719 3326 5774 sed
3357 5734 3490 5788 gen-

1916 5809 2064 5864 tilem
2115 5809 2450 5880 quempiam,
2503 5809 2598 5880 qui
2648 5825 2959 5881 supremam
3009 5827 3191 5868 rerum
3241 5811 3488 5867 omnium

999 5927 1039 5956 ¹⁹
1080 5924 1122 5978 ll
1152 5924 1346 5981 Thess.
1371 5940 1451 5988 ιιι,
1479 5922 1532 5979 6.
1611 5922 1655 5953 "
1686 5919 1845 5976 llom.
1876 5923 1965 5990 ll,
1994 5921 2061 5978 de
2094 5919 2150 5976 S.
2180 5921 2449 5977 Romano.
