  <div class='ocr_page' id='page_1' title='image "/cluster/home/n/w/nwhite01/storage/ocr_20150623/99/uva.x002264937/661.png"; bbox 0 0 4164 6468; ppageno 0'>
   <div class='ocr_carea' id='block_1_1' title="bbox 659 377 797 443">
    <p class='ocr_par' dir='ltr' id='par_1_1' title="bbox 659 377 797 443">
     <span class='ocr_line' id='line_1_1' title="bbox 659 377 797 443; baseline 0.007 -2"><span class='ocrx_word' id='word_1_1' title='bbox 659 377 797 443; x_wconf 79' lang='grc'><strong>1243</strong></span> 
     </span>
    </p>
   </div>
   <div class='ocr_carea' id='block_1_2' title="bbox 1824 386 2733 458">
    <p class='ocr_par' dir='ltr' id='par_1_2' title="bbox 1824 386 2733 458">
     <span class='ocr_line' id='line_1_2' title="bbox 1824 386 2733 458; baseline 0.013 -11"><span class='ocrx_word' id='word_1_2' title='bbox 1824 386 1885 447; x_wconf 89' lang='lat' dir='ltr'><strong>S.</strong></span> <span class='ocrx_word' id='word_1_3' title='bbox 1938 386 2332 450; x_wconf 84' lang='lat' dir='ltr'><strong>THEODORI</strong></span> <span class='ocrx_word' id='word_1_4' title='bbox 2384 393 2733 458; x_wconf 59' lang='lat' dir='ltr'><strong>STUDITAE</strong></span> 
     </span>
    </p>
   </div>
   <div class='ocr_carea' id='block_1_3' title="bbox 3782 407 3934 472">
    <p class='ocr_par' dir='ltr' id='par_1_3' title="bbox 3782 407 3934 472">
     <span class='ocr_line' id='line_1_3' title="bbox 3782 407 3934 472; baseline -0.007 0"><span class='ocrx_word' id='word_1_5' title='bbox 3782 407 3934 472; x_wconf 64' lang='grc'><strong>1244</strong></span> 
     </span>
    </p>
   </div>
   <div class='ocr_carea' id='block_1_4' title="bbox 642 486 2231 588">
    <p class='ocr_par' dir='ltr' id='par_1_4' title="bbox 642 486 2227 565">
     <span class='ocr_line' id='line_1_4' title="bbox 642 486 2227 565; baseline 0.005 -23"><span class='ocrx_word' id='word_1_6' title='bbox 642 502 866 542; x_wconf 79' lang='lat' dir='ltr'><strong>causam</strong></span> <span class='ocrx_word' id='word_1_7' title='bbox 886 486 950 541; x_wconf 89' lang='lat' dir='ltr'><strong>ad</strong></span> <span class='ocrx_word' id='word_1_8' title='bbox 991 486 1221 542; x_wconf 81' lang='lat' dir='ltr'><strong>formam</strong></span> <span class='ocrx_word' id='word_1_9' title='bbox 1242 488 1640 549; x_wconf 88' lang='lat' dir='ltr'><strong>vilissimarum</strong></span> <span class='ocrx_word' id='word_1_10' title='bbox 1672 508 1794 565; x_wconf 70' lang='lat' dir='ltr'><strong>quae</strong></span> <span class='ocrx_word' id='word_1_11' title='bbox 1823 496 2043 564; x_wconf 85' lang='lat' dir='ltr'><strong>quidem</strong></span> <span class='ocrx_word' id='word_1_12' title='bbox 2076 495 2227 552; x_wconf 90' lang='lat' dir='ltr'><strong>exsi-</strong></span> 
     </span>
    </p>
   </div>
   <div class='ocr_carea' id='block_1_5' title="bbox 2333 486 3929 588">
    <p class='ocr_par' dir='ltr' id='par_1_5' title="bbox 2333 491 3929 588">
     <span class='ocr_line' id='line_1_5' title="bbox 2333 491 3929 588; baseline 0.013 -36"><span class='ocrx_word' id='word_1_13' title='bbox 2333 502 2576 571; x_wconf 84' lang='grc' dir='ltr'>τομὲνων</span> <span class='ocrx_word' id='word_1_14' title='bbox 2609 506 2760 577; x_wconf 80' lang='grc' dir='ltr'>αὐτῷ</span> <span class='ocrx_word' id='word_1_15' title='bbox 2804 508 2983 564; x_wconf 80' lang='grc' dir='ltr'><strong>ἀθέων</strong></span> <span class='ocrx_word' id='word_1_16' title='bbox 3022 491 3123 565; x_wconf 55' lang='grc' dir='ltr'><strong>καί</strong></span> <span class='ocrx_word' id='word_1_17' title='bbox 3160 512 3463 571; x_wconf 80' lang='grc' dir='ltr'>πολυειδῶν</span> <span class='ocrx_word' id='word_1_18' title='bbox 3502 519 3929 588; x_wconf 79' lang='grc' dir='ltr'>μορφωμάτων.</span> 
     </span>
    </p>
   </div>
   <div class='ocr_carea' id='block_1_6' title="bbox 644 578 2229 657">
    <p class='ocr_par' dir='ltr' id='par_1_6' title="bbox 644 578 2229 657">
     <span class='ocr_line' id='line_1_6' title="bbox 644 578 2229 657; baseline 0.006 -25"><span class='ocrx_word' id='word_1_19' title='bbox 644 589 813 641; x_wconf 87' lang='lat' dir='ltr'><strong>stant,</strong></span> <span class='ocrx_word' id='word_1_20' title='bbox 846 578 1112 649; x_wconf 89' lang='lat' dir='ltr'><strong>depingit,</strong></span> <span class='ocrx_word' id='word_1_21' title='bbox 1139 589 1198 632; x_wconf 94' lang='lat' dir='ltr'><strong>ut</strong></span> <span class='ocrx_word' id='word_1_22' title='bbox 1244 581 1322 636; x_wconf 89' lang='lat' dir='ltr'><strong>ait</strong></span> <span class='ocrx_word' id='word_1_23' title='bbox 1376 583 1599 639; x_wconf 90' lang='lat' dir='ltr'><strong>divinus</strong></span> <span class='ocrx_word' id='word_1_24' title='bbox 1646 583 1941 657; x_wconf 84' lang='lat' dir='ltr'><strong>Dionysius</strong></span> <span class='ocrx_word' id='word_1_25' title='bbox 1978 605 1992 640; x_wconf 88' lang='lat'><strong>:</strong></span> <span class='ocrx_word' id='word_1_26' title='bbox 2051 601 2229 655; x_wconf 88' lang='lat' dir='ltr'><strong>neque</strong></span> 
     </span>
    </p>
   </div>
   <div class='ocr_carea' id='block_1_7' title="bbox 648 674 2229 750">
    <p class='ocr_par' dir='ltr' id='par_1_7' title="bbox 648 674 2229 750">
     <span class='ocr_line' id='line_1_7' title="bbox 648 674 2229 750; baseline 0.009 -31"><span class='ocrx_word' id='word_1_27' title='bbox 648 674 816 741; x_wconf 83' lang='lat' dir='ltr'><strong>ipsam</strong></span> <span class='ocrx_word' id='word_1_28' title='bbox 852 682 1003 739; x_wconf 87' lang='lat' dir='ltr'><strong>putat</strong></span> <span class='ocrx_word' id='word_1_29' title='bbox 1028 674 1135 727; x_wconf 89' lang='lat' dir='ltr'><strong>ulla</strong></span> <span class='ocrx_word' id='word_1_30' title='bbox 1170 690 1229 729; x_wconf 91' lang='lat' dir='ltr'><strong>re</strong></span> <span class='ocrx_word' id='word_1_31' title='bbox 1271 689 1530 744; x_wconf 73' lang='lat' dir='ltr'><strong>praestare</strong></span> <span class='ocrx_word' id='word_1_32' title='bbox 1578 678 1771 733; x_wconf 80' lang='lat' dir='ltr'><strong>formis</strong></span> <span class='ocrx_word' id='word_1_33' title='bbox 1818 680 1929 734; x_wconf 84' lang='lat' dir='ltr'><strong>illis</strong></span> <span class='ocrx_word' id='word_1_34' title='bbox 1966 681 2229 750; x_wconf 88' lang='lat' dir='ltr'><strong>multipli-</strong></span> 
     </span>
    </p>
   </div>
   <div class='ocr_carea' id='block_1_8' title="bbox 646 766 2232 842">
    <p class='ocr_par' dir='ltr' id='par_1_8' title="bbox 646 766 2232 842">
     <span class='ocr_line' id='line_1_8' title="bbox 646 766 2232 842; baseline 0.008 -27"><span class='ocrx_word' id='word_1_35' title='bbox 646 767 799 817; x_wconf 84' lang='lat' dir='ltr'><strong>cibus</strong></span> <span class='ocrx_word' id='word_1_36' title='bbox 836 780 899 817; x_wconf 91' lang='lat' dir='ltr'><strong>ac</strong></span> <span class='ocrx_word' id='word_1_37' title='bbox 925 766 1228 821; x_wconf 78' lang='lat' dir='ltr'><strong>divinitatis</strong></span> <span class='ocrx_word' id='word_1_38' title='bbox 1247 769 1561 836; x_wconf 77' lang='lat' dir='ltr'><strong>expertibus</strong></span> <span class='ocrx_word' id='word_1_39' title='bbox 1585 786 1725 838; x_wconf 90' lang='lat' dir='ltr'><strong>quas</strong></span> <span class='ocrx_word' id='word_1_40' title='bbox 1752 772 1839 825; x_wconf 86' lang='lat' dir='ltr'><strong>illa</strong></span> <span class='ocrx_word' id='word_1_41' title='bbox 1860 772 2032 825; x_wconf 85' lang='lat' dir='ltr'><strong>ﬁnxit.</strong></span> <span class='ocrx_word' id='word_1_42' title='bbox 2068 772 2232 842; x_wconf 80' lang='lat' dir='ltr'><strong>Egre-</strong></span> 
     </span>
    </p>
   </div>
   <div class='ocr_carea' id='block_1_9' title="bbox 645 857 2225 932">
    <p class='ocr_par' dir='ltr' id='par_1_9' title="bbox 645 857 2225 932">
     <span class='ocr_line' id='line_1_9' title="bbox 645 857 2225 932; baseline 0.009 -27"><span class='ocrx_word' id='word_1_43' title='bbox 645 872 730 923; x_wconf 81' lang='lat' dir='ltr'><strong>gie</strong></span> <span class='ocrx_word' id='word_1_44' title='bbox 763 857 927 925; x_wconf 81' lang='lat' dir='ltr'><strong>igitur</strong></span> <span class='ocrx_word' id='word_1_45' title='bbox 959 866 1015 911; x_wconf 89' lang='lat' dir='ltr'><strong>et</strong></span> <span class='ocrx_word' id='word_1_46' title='bbox 1073 859 1230 913; x_wconf 87' lang='lat' dir='ltr'><strong>valde</strong></span> <span class='ocrx_word' id='word_1_47' title='bbox 1278 862 1529 929; x_wconf 89' lang='lat' dir='ltr'><strong>apposite</strong></span> <span class='ocrx_word' id='word_1_48' title='bbox 1589 861 1754 916; x_wconf 87' lang='lat' dir='ltr'><strong>Pater</strong></span> <span class='ocrx_word' id='word_1_49' title='bbox 1811 866 2225 932; x_wconf 88' lang='lat' dir='ltr'><strong>pronuntiavit:</strong></span> 
     </span>
    </p>
   </div>
   <div class='ocr_carea' id='block_1_10' title="bbox 653 950 2224 1022">
    <p class='ocr_par' dir='ltr' id='par_1_10' title="bbox 653 950 2224 1022">
     <span class='ocr_line' id='line_1_10' title="bbox 653 950 2224 1022; baseline 0.008 -23"><span class='ocrx_word' id='word_1_50' title='bbox 653 969 669 999; x_wconf 81' lang='grc' dir='ltr'><strong>ι</strong></span> <span class='ocrx_word' id='word_1_51' title='bbox 705 950 956 1005; x_wconf 85' lang='lat' dir='ltr'><strong>Christus</strong></span> <span class='ocrx_word' id='word_1_52' title='bbox 990 962 1174 1006; x_wconf 88' lang='lat' dir='ltr'><strong>noster</strong></span> <span class='ocrx_word' id='word_1_53' title='bbox 1196 954 1499 1022; x_wconf 88' lang='lat' dir='ltr'><strong>parietibus</strong></span> <span class='ocrx_word' id='word_1_54' title='bbox 1537 971 1645 1010; x_wconf 93' lang='lat' dir='ltr'><strong>non</strong></span> <span class='ocrx_word' id='word_1_55' title='bbox 1678 957 2224 1013; x_wconf 71' lang='lat' dir='ltr'><strong>circumscribiturn</strong></span> 
     </span>
    </p>
   </div>
   <div class='ocr_carea' id='block_1_11' title="bbox 646 1022 2227 1117">
    <p class='ocr_par' dir='ltr' id='par_1_11' title="bbox 646 1022 2227 1117">
     <span class='ocr_line' id='line_1_11' title="bbox 646 1022 2227 1117; baseline 0.006 -22"><span class='ocrx_word' id='word_1_56' title='bbox 646 1022 1193 1111; x_wconf 81' lang='lat' dir='ltr'><strong>subintelligendum,</strong></span> <span class='ocrx_word' id='word_1_57' title='bbox 1241 1047 1539 1101; x_wconf 88' lang='lat' dir='ltr'><strong>secundum</strong></span> <span class='ocrx_word' id='word_1_58' title='bbox 1591 1059 1844 1103; x_wconf 88' lang='lat' dir='ltr'><strong>naturam</strong></span> <span class='ocrx_word' id='word_1_59' title='bbox 1898 1051 2227 1117; x_wconf 86' lang='lat' dir='ltr'><strong>divinitatis,</strong></span> 
     </span>
    </p>
   </div>
   <div class='ocr_carea' id='block_1_12' title="bbox 649 1135 2230 1209">
    <p class='ocr_par' dir='ltr' id='par_1_12' title="bbox 649 1135 2230 1209">
     <span class='ocr_line' id='line_1_12' title="bbox 649 1135 2230 1209; baseline 0.006 -21"><span class='ocrx_word' id='word_1_60' title='bbox 649 1148 707 1188; x_wconf 84' lang='lat' dir='ltr'><strong>ut</strong></span> <span class='ocrx_word' id='word_1_61' title='bbox 737 1135 937 1189; x_wconf 82' lang='lat' dir='ltr'><strong>ethnici</strong></span> <span class='ocrx_word' id='word_1_62' title='bbox 976 1136 1125 1190; x_wconf 90' lang='lat' dir='ltr'><strong>illius</strong></span> <span class='ocrx_word' id='word_1_63' title='bbox 1173 1138 1283 1200; x_wconf 89' lang='lat' dir='ltr'><strong>dii,</strong></span> <span class='ocrx_word' id='word_1_64' title='bbox 1318 1140 1411 1207; x_wconf 89' lang='lat' dir='ltr'><strong>qui</strong></span> <span class='ocrx_word' id='word_1_65' title='bbox 1449 1141 1587 1194; x_wconf 90' lang='lat' dir='ltr'><strong>intra</strong></span> <span class='ocrx_word' id='word_1_66' title='bbox 1624 1142 1861 1209; x_wconf 85' lang='lat' dir='ltr'><strong>parietes</strong></span> <span class='ocrx_word' id='word_1_67' title='bbox 1921 1144 2131 1209; x_wconf 89' lang='lat' dir='ltr'><strong>sedent,</strong></span> <span class='ocrx_word' id='word_1_68' title='bbox 2164 1159 2230 1197; x_wconf 90' lang='lat' dir='ltr'><strong>eo</strong></span> 
     </span>
    </p>
   </div>
   <div class='ocr_carea' id='block_1_13' title="bbox 648 1228 2230 1304">
    <p class='ocr_par' dir='ltr' id='par_1_13' title="bbox 648 1228 2230 1304">
     <span class='ocr_line' id='line_1_13' title="bbox 648 1228 2230 1304; baseline 0.007 -25"><span class='ocrx_word' id='word_1_69' title='bbox 648 1228 823 1294; x_wconf 90' lang='lat' dir='ltr'><strong>spatio</strong></span> <span class='ocrx_word' id='word_1_70' title='bbox 841 1228 1107 1290; x_wconf 88' lang='lat' dir='ltr'><strong>conclusi,</strong></span> <span class='ocrx_word' id='word_1_71' title='bbox 1138 1245 1236 1282; x_wconf 90' lang='lat' dir='ltr'><strong>nec</strong></span> <span class='ocrx_word' id='word_1_72' title='bbox 1276 1231 1422 1284; x_wconf 86' lang='lat' dir='ltr'><strong>aliud</strong></span> <span class='ocrx_word' id='word_1_73' title='bbox 1467 1233 1669 1286; x_wconf 82' lang='lat' dir='ltr'><strong>habent</strong></span> <span class='ocrx_word' id='word_1_74' title='bbox 1698 1235 1842 1303; x_wconf 88' lang='lat' dir='ltr'><strong>quod</strong></span> <span class='ocrx_word' id='word_1_75' title='bbox 1894 1235 2230 1304; x_wconf 78' lang='lat' dir='ltr'><strong>intelligatur</strong></span> 
     </span>
    </p>
   </div>
   <div class='ocr_carea' id='block_1_14' title="bbox 648 1322 2229 1390">
    <p class='ocr_par' dir='ltr' id='par_1_14' title="bbox 648 1322 2229 1390">
     <span class='ocr_line' id='line_1_14' title="bbox 648 1322 2229 1390; baseline 0.009 -19"><span class='ocrx_word' id='word_1_76' title='bbox 648 1322 852 1384; x_wconf 83' lang='lat' dir='ltr'><strong>animo,</strong></span> <span class='ocrx_word' id='word_1_77' title='bbox 897 1337 1061 1387; x_wconf 87' lang='lat' dir='ltr'><strong>quam</strong></span> <span class='ocrx_word' id='word_1_78' title='bbox 1115 1322 1258 1390; x_wconf 90' lang='lat' dir='ltr'><strong>quod</strong></span> <span class='ocrx_word' id='word_1_79' title='bbox 1312 1325 1556 1378; x_wconf 89' lang='lat' dir='ltr'><strong>cernitur</strong></span> <span class='ocrx_word' id='word_1_80' title='bbox 1609 1328 1972 1382; x_wconf 85' lang='lat' dir='ltr'><strong>intuentibus.</strong></span> <span class='ocrx_word' id='word_1_81' title='bbox 2028 1327 2229 1385; x_wconf 86' lang='lat' dir='ltr'><strong>Oculos</strong></span> 
     </span>
    </p>
   </div>
   <div class='ocr_carea' id='block_1_15' title="bbox 650 1412 2228 1487">
    <p class='ocr_par' dir='ltr' id='par_1_15' title="bbox 650 1412 2228 1487">
     <span class='ocr_line' id='line_1_15' title="bbox 650 1412 2228 1487; baseline 0.009 -24"><span class='ocrx_word' id='word_1_82' title='bbox 650 1412 920 1465; x_wconf 78' lang='lat' dir='ltr'><strong>habentet</strong></span> <span class='ocrx_word' id='word_1_83' title='bbox 946 1428 1052 1465; x_wconf 93' lang='lat' dir='ltr'><strong>non</strong></span> <span class='ocrx_word' id='word_1_84' title='bbox 1086 1415 1268 1468; x_wconf 88' lang='lat' dir='ltr'><strong>vident</strong></span> <span class='ocrx_word' id='word_1_85' title='bbox 1300 1433 1311 1466; x_wconf 88' lang='lat'><strong>:</strong></span> <span class='ocrx_word' id='word_1_86' title='bbox 1349 1431 1536 1480; x_wconf 83' lang='lat' dir='ltr'><strong>aures,</strong></span> <span class='ocrx_word' id='word_1_87' title='bbox 1575 1428 1627 1470; x_wconf 89' lang='lat' dir='ltr'><strong>et</strong></span> <span class='ocrx_word' id='word_1_88' title='bbox 1662 1435 1769 1472; x_wconf 88' lang='lat' dir='ltr'><strong>non</strong></span> <span class='ocrx_word' id='word_1_89' title='bbox 1806 1420 2073 1487; x_wconf 85' lang='lat' dir='ltr'><strong>audiunt;</strong></span> <span class='ocrx_word' id='word_1_90' title='bbox 2106 1438 2228 1477; x_wconf 88' lang='lat' dir='ltr'><strong>ma-</strong></span> 
     </span>
    </p>
   </div>
   <div class='ocr_carea' id='block_1_16' title="bbox 2334 594 3927 683">
    <p class='ocr_par' dir='ltr' id='par_1_16' title="bbox 2334 594 3927 683">
     <span class='ocr_line' id='line_1_16' title="bbox 2334 594 3927 683; baseline 0.013 -35"><span class='ocrx_word' id='word_1_91' title='bbox 2334 596 2531 661; x_wconf 85' lang='grc' dir='ltr'>Καλῶς</span> <span class='ocrx_word' id='word_1_92' title='bbox 2565 594 2660 653; x_wconf 77' lang='grc' dir='ltr'>οὖν</span> <span class='ocrx_word' id='word_1_93' title='bbox 2691 602 2786 656; x_wconf 79' lang='grc' dir='ltr'>καὶ</span> <span class='ocrx_word' id='word_1_94' title='bbox 2832 605 2977 659; x_wconf 84' lang='grc' dir='ltr'>πάνυ</span> <span class='ocrx_word' id='word_1_95' title='bbox 3023 606 3253 670; x_wconf 77' lang='grc' dir='ltr'><strong>εἰκότως</strong></span> <span class='ocrx_word' id='word_1_96' title='bbox 3288 608 3391 679; x_wconf 76' lang='grc' dir='ltr'>ἔφη</span> <span class='ocrx_word' id='word_1_97' title='bbox 3439 612 3469 663; x_wconf 99' lang='lat'><strong>6</strong></span> <span class='ocrx_word' id='word_1_98' title='bbox 3516 612 3730 683; x_wconf 85' lang='grc' dir='ltr'>Πατήρ·</span> <span class='ocrx_word' id='word_1_99' title='bbox 3789 632 3813 666; x_wconf 71' lang='grc' dir='ltr'><strong>ε</strong></span> <span class='ocrx_word' id='word_1_100' title='bbox 3866 615 3927 668; x_wconf 90' lang='grc' dir='ltr'>Ὀ</span> 
     </span>
    </p>
   </div>
   <div class='ocr_carea' id='block_1_17' title="bbox 2333 690 3934 775">
    <p class='ocr_par' dir='ltr' id='par_1_17' title="bbox 2333 690 3934 775">
     <span class='ocr_line' id='line_1_17' title="bbox 2333 690 3934 775; baseline 0.011 -32"><span class='ocrx_word' id='word_1_101' title='bbox 2333 690 2604 762; x_wconf 81' lang='grc' dir='ltr'>ἡμέτερος</span> <span class='ocrx_word' id='word_1_102' title='bbox 2632 694 2866 766; x_wconf 75' lang='grc' dir='ltr'>Χριστος</span> <span class='ocrx_word' id='word_1_103' title='bbox 2896 697 3096 766; x_wconf 88' lang='grc' dir='ltr'>τοίχοις</span> <span class='ocrx_word' id='word_1_104' title='bbox 3119 699 3181 752; x_wconf 81' lang='grc' dir='ltr'>οὒ</span> <span class='ocrx_word' id='word_1_105' title='bbox 3212 703 3639 772; x_wconf 80' lang='grc' dir='ltr'>περιγράφεται·</span> <span class='ocrx_word' id='word_1_106' title='bbox 3676 724 3698 758; x_wconf 76' lang='grc' dir='ltr'><strong>ι</strong></span> <span class='ocrx_word' id='word_1_107' title='bbox 3746 723 3934 775; x_wconf 76' lang='grc' dir='ltr'>προσο</span> 
     </span>
    </p>
   </div>
   <div class='ocr_carea' id='block_1_18' title="bbox 2333 786 3931 862">
    <p class='ocr_par' dir='ltr' id='par_1_18' title="bbox 2333 786 3931 862">
     <span class='ocr_line' id='line_1_18' title="bbox 2333 786 3931 862; baseline 0.009 -27"><span class='ocrx_word' id='word_1_108' title='bbox 2333 786 2708 840; x_wconf 85' lang='grc' dir='ltr'>υπακουστέον</span> <span class='ocrx_word' id='word_1_109' title='bbox 2739 788 2806 858; x_wconf 76' lang='grc' dir='ltr'>τῇ</span> <span class='ocrx_word' id='word_1_110' title='bbox 2836 788 2935 859; x_wconf 81' lang='grc' dir='ltr'>τῆς</span> <span class='ocrx_word' id='word_1_111' title='bbox 2966 790 3222 861; x_wconf 77' lang='grc' dir='ltr'><strong>θεότητος</strong></span> <span class='ocrx_word' id='word_1_112' title='bbox 3247 793 3432 862; x_wconf 83' lang='grc' dir='ltr'>φύσει·</span> <span class='ocrx_word' id='word_1_113' title='bbox 3458 794 3535 859; x_wconf 85' lang='grc' dir='ltr'>ὡς</span> <span class='ocrx_word' id='word_1_114' title='bbox 3562 796 3671 848; x_wconf 87' lang='grc' dir='ltr'><strong>τῶν</strong></span> <span class='ocrx_word' id='word_1_115' title='bbox 3701 799 3931 850; x_wconf 80' lang='grc' dir='ltr'>ἐκείνου</span> 
     </span>
    </p>
   </div>
   <div class='ocr_carea' id='block_1_19' title="bbox 2333 874 3927 959">
    <p class='ocr_par' dir='ltr' id='par_1_19' title="bbox 2333 874 3927 959">
     <span class='ocr_line' id='line_1_19' title="bbox 2333 874 3927 959; baseline 0.009 -32"><span class='ocrx_word' id='word_1_116' title='bbox 2333 874 2473 928; x_wconf 84' lang='grc' dir='ltr'>θεῶν</span> <span class='ocrx_word' id='word_1_117' title='bbox 2502 877 2560 929; x_wconf 84' lang='grc' dir='ltr'>ὲν</span> <span class='ocrx_word' id='word_1_118' title='bbox 2588 878 2791 948; x_wconf 82' lang='grc' dir='ltr'>τοίχοις</span> <span class='ocrx_word' id='word_1_119' title='bbox 2843 880 3165 951; x_wconf 75' lang='grc' dir='ltr'><strong>ἱδρυμένων,</strong></span> <span class='ocrx_word' id='word_1_120' title='bbox 3211 886 3378 938; x_wconf 80' lang='grc' dir='ltr'>κάκεῖ</span> <span class='ocrx_word' id='word_1_121' title='bbox 3422 891 3927 959; x_wconf 80' lang='grc' dir='ltr'>περιωρισμένων·</span> 
     </span>
    </p>
   </div>
   <div class='ocr_carea' id='block_1_20' title="bbox 2331 969 3932 1050">
    <p class='ocr_par' dir='ltr' id='par_1_20' title="bbox 2331 969 3932 1050">
     <span class='ocr_line' id='line_1_20' title="bbox 2331 969 3932 1050; baseline 0.009 -31"><span class='ocrx_word' id='word_1_122' title='bbox 2331 969 2431 1020; x_wconf 82' lang='grc' dir='ltr'>οὐκ</span> <span class='ocrx_word' id='word_1_123' title='bbox 2469 969 2702 1038; x_wconf 76' lang='grc' dir='ltr'>ἑχόντων</span> <span class='ocrx_word' id='word_1_124' title='bbox 2753 988 2809 1023; x_wconf 90' lang='grc' dir='ltr'><strong>τι</strong></span> <span class='ocrx_word' id='word_1_125' title='bbox 2857 972 2987 1026; x_wconf 87' lang='grc' dir='ltr'>ἀλλο</span> <span class='ocrx_word' id='word_1_126' title='bbox 3028 975 3318 1045; x_wconf 80' lang='grc' dir='ltr'>νοούμενον</span> <span class='ocrx_word' id='word_1_127' title='bbox 3363 981 3495 1048; x_wconf 80' lang='grc' dir='ltr'>παρ’</span> <span class='ocrx_word' id='word_1_128' title='bbox 3537 980 3566 1032; x_wconf 84' lang='lat'><strong>6</strong></span> <span class='ocrx_word' id='word_1_129' title='bbox 3621 979 3932 1050; x_wconf 82' lang='grc' dir='ltr'>βλέπονται</span> 
     </span>
    </p>
   </div>
   <div class='ocr_carea' id='block_1_21' title="bbox 2335 1058 3929 1140">
    <p class='ocr_par' dir='ltr' id='par_1_21' title="bbox 2335 1058 3929 1140">
     <span class='ocr_line' id='line_1_21' title="bbox 2335 1058 3929 1140; baseline 0.009 -28"><span class='ocrx_word' id='word_1_130' title='bbox 2335 1058 2396 1132; x_wconf 69' lang='grc' dir='ltr'>[ί.</span> <span class='ocrx_word' id='word_1_131' title='bbox 2430 1060 2711 1135; x_wconf 81' lang='grc' dir='ltr'><strong>βλέπεται]</strong></span> <span class='ocrx_word' id='word_1_132' title='bbox 2740 1066 2852 1127; x_wconf 84' lang='grc' dir='ltr'>τοῖς</span> <span class='ocrx_word' id='word_1_133' title='bbox 2881 1066 3103 1133; x_wconf 86' lang='grc' dir='ltr'><strong>ὁρῶσιν.</strong></span> <span class='ocrx_word' id='word_1_134' title='bbox 3142 1070 3441 1140; x_wconf 77' lang='grc' dir='ltr'>Ὀφθαλμοὶ</span> <span class='ocrx_word' id='word_1_135' title='bbox 3468 1072 3672 1137; x_wconf 73' lang='grc' dir='ltr'>αὐτοῖς,</span> <span class='ocrx_word' id='word_1_136' title='bbox 3724 1075 3830 1127; x_wconf 77' lang='grc' dir='ltr'><strong>καὶ</strong></span> <span class='ocrx_word' id='word_1_137' title='bbox 3860 1075 3929 1126; x_wconf 74' lang='grc' dir='ltr'>οὐ</span> 
     </span>
    </p>
   </div>
   <div class='ocr_carea' id='block_1_22' title="bbox 2334 1148 3931 1233">
    <p class='ocr_par' dir='ltr' id='par_1_22' title="bbox 2334 1148 3931 1233">
     <span class='ocr_line' id='line_1_22' title="bbox 2334 1148 3931 1233; baseline 0.008 -29"><span class='ocrx_word' id='word_1_138' title='bbox 2334 1151 2646 1221; x_wconf 83' lang='grc' dir='ltr'>βλέπουσιν·</span> <span class='ocrx_word' id='word_1_139' title='bbox 2681 1148 2818 1220; x_wconf 81' lang='grc' dir='ltr'>ὦτα,</span> <span class='ocrx_word' id='word_1_140' title='bbox 2866 1158 2964 1209; x_wconf 75' lang='grc' dir='ltr'>καὶ</span> <span class='ocrx_word' id='word_1_141' title='bbox 3008 1158 3108 1211; x_wconf 83' lang='grc' dir='ltr'>οὐκ</span> <span class='ocrx_word' id='word_1_142' title='bbox 3138 1160 3422 1213; x_wconf 81' lang='grc' dir='ltr'>ἀκούουσι·</span> <span class='ocrx_word' id='word_1_143' title='bbox 3470 1166 3671 1233; x_wconf 78' lang='grc' dir='ltr'>χεῖρες,</span> <span class='ocrx_word' id='word_1_144' title='bbox 3706 1163 3810 1216; x_wconf 77' lang='grc' dir='ltr'>καὶ</span> <span class='ocrx_word' id='word_1_145' title='bbox 3860 1164 3931 1215; x_wconf 70' lang='grc' dir='ltr'>οὐ</span> 
     </span>
    </p>
   </div>
   <div class='ocr_carea' id='block_1_23' title="bbox 2330 1246 3934 1326">
    <p class='ocr_par' dir='ltr' id='par_1_23' title="bbox 2330 1246 3934 1326">
     <span class='ocr_line' id='line_1_23' title="bbox 2330 1246 3934 1326; baseline 0.008 -28"><span class='ocrx_word' id='word_1_146' title='bbox 2330 1246 2648 1315; x_wconf 74' lang='grc' dir='ltr'>ψηλαφῶσι.</span> <span class='ocrx_word' id='word_1_147' title='bbox 2690 1249 2879 1312; x_wconf 84' lang='grc' dir='ltr'>Πόδες,</span> <span class='ocrx_word' id='word_1_148' title='bbox 2920 1252 3018 1303; x_wconf 79' lang='grc' dir='ltr'>καὶ</span> <span class='ocrx_word' id='word_1_149' title='bbox 3056 1253 3116 1305; x_wconf 79' lang='grc' dir='ltr'>οὐ</span> <span class='ocrx_word' id='word_1_150' title='bbox 3145 1254 3536 1322; x_wconf 72' lang='grc' dir='ltr'><strong>περιπατοῦσι·</strong></span> <span class='ocrx_word' id='word_1_151' title='bbox 3589 1258 3739 1326; x_wconf 74' lang='grc' dir='ltr'>ῥῖνες</span> <span class='ocrx_word' id='word_1_152' title='bbox 3764 1295 3779 1319; x_wconf 85' lang='grc'><strong>.</strong></span> <span class='ocrx_word' id='word_1_153' title='bbox 3825 1258 3934 1309; x_wconf 77' lang='grc' dir='ltr'>καὶ</span> 
     </span>
    </p>
   </div>
   <div class='ocr_carea' id='block_1_24' title="bbox 2329 1339 3931 1419">
    <p class='ocr_par' dir='ltr' id='par_1_24' title="bbox 2329 1339 3931 1419">
     <span class='ocr_line' id='line_1_24' title="bbox 2329 1339 3931 1419; baseline 0.006 -30"><span class='ocrx_word' id='word_1_154' title='bbox 2329 1339 2432 1391; x_wconf 82' lang='grc' dir='ltr'>οὐκ</span> <span class='ocrx_word' id='word_1_155' title='bbox 2488 1339 2893 1409; x_wconf 79' lang='grc' dir='ltr'>όσφραίνονται·</span> <span class='ocrx_word' id='word_1_156' title='bbox 2954 1342 3097 1397; x_wconf 79' lang='grc' dir='ltr'>καθά</span> <span class='ocrx_word' id='word_1_157' title='bbox 3130 1346 3486 1416; x_wconf 71' lang='grc' dir='ltr'>προφητικῶς</span> <span class='ocrx_word' id='word_1_158' title='bbox 3538 1346 3931 1419; x_wconf 76' lang='grc' dir='ltr'>κατηγοροῦνο</span> 
     </span>
    </p>
   </div>
   <div class='ocr_carea' id='block_1_25' title="bbox 2328 1448 2438 1484">
    <p class='ocr_par' dir='ltr' id='par_1_25' title="bbox 2328 1448 2438 1484">
     <span class='ocr_line' id='line_1_25' title="bbox 2328 1448 2438 1484; baseline -0.018 0"><span class='ocrx_word' id='word_1_159' title='bbox 2328 1448 2438 1484; x_wconf 88' lang='grc' dir='ltr'>ται.</span> 
     </span>
    </p>
   </div>
   <div class='ocr_carea' id='block_1_26' title="bbox 650 1508 2227 1580">
    <p class='ocr_par' dir='ltr' id='par_1_26' title="bbox 650 1508 2227 1580">
     <span class='ocr_line' id='line_1_26' title="bbox 650 1508 2227 1580; baseline 0.008 -25"><span class='ocrx_word' id='word_1_160' title='bbox 650 1520 773 1567; x_wconf 90' lang='lat' dir='ltr'><strong>nus,</strong></span> <span class='ocrx_word' id='word_1_161' title='bbox 792 1513 843 1557; x_wconf 85' lang='lat' dir='ltr'><strong>et</strong></span> <span class='ocrx_word' id='word_1_162' title='bbox 874 1520 980 1558; x_wconf 91' lang='lat' dir='ltr'><strong>non</strong></span> <span class='ocrx_word' id='word_1_163' title='bbox 1014 1508 1228 1575; x_wconf 87' lang='lat' dir='ltr'><strong>palpant</strong></span> <span class='ocrx_word' id='word_1_164' title='bbox 1256 1509 1474 1575; x_wconf 90' lang='lat' dir='ltr'><strong>:pedes,</strong></span> <span class='ocrx_word' id='word_1_165' title='bbox 1497 1520 1550 1561; x_wconf 90' lang='lat' dir='ltr'><strong>et</strong></span> <span class='ocrx_word' id='word_1_166' title='bbox 1575 1526 1681 1565; x_wconf 92' lang='lat' dir='ltr'><strong>non</strong></span> <span class='ocrx_word' id='word_1_167' title='bbox 1703 1511 1985 1565; x_wconf 88' lang='lat' dir='ltr'><strong>ambulant</strong></span> <span class='ocrx_word' id='word_1_168' title='bbox 2010 1530 2023 1567; x_wconf 91' lang='lat'><strong>:</strong></span> <span class='ocrx_word' id='word_1_169' title='bbox 2045 1530 2227 1580; x_wconf 86' lang='lat' dir='ltr'><strong>nares,</strong></span> 
     </span>
    </p>
   </div>
   <div class='ocr_carea' id='block_1_27' title="bbox 649 1599 2227 1672">
    <p class='ocr_par' dir='ltr' id='par_1_27' title="bbox 649 1599 2227 1672">
     <span class='ocr_line' id='line_1_27' title="bbox 649 1599 2227 1672; baseline 0.009 -23"><span class='ocrx_word' id='word_1_170' title='bbox 649 1610 701 1649; x_wconf 88' lang='lat' dir='ltr'><strong>et</strong></span> <span class='ocrx_word' id='word_1_171' title='bbox 733 1612 840 1649; x_wconf 93' lang='lat' dir='ltr'><strong>non</strong></span> <span class='ocrx_word' id='word_1_172' title='bbox 894 1599 1167 1652; x_wconf 81' lang='lat' dir='ltr'><strong>odorant:</strong></span> <span class='ocrx_word' id='word_1_173' title='bbox 1212 1600 1357 1652; x_wconf 85' lang='lat' dir='ltr'><strong>sicut</strong></span> <span class='ocrx_word' id='word_1_174' title='bbox 1390 1616 1419 1653; x_wconf 89' lang='lat' dir='ltr'><strong>a</strong></span> <span class='ocrx_word' id='word_1_175' title='bbox 1448 1599 1719 1670; x_wconf 84' lang='lat' dir='ltr'><strong>Propheta</strong></span> <span class='ocrx_word' id='word_1_176' title='bbox 1766 1606 2135 1672; x_wconf 80' lang='lat' dir='ltr'><strong>exprobratur</strong></span> <span class='ocrx_word' id='word_1_177' title='bbox 2158 1609 2227 1663; x_wconf 79' lang='lat'><strong>&quot;.</strong></span> 
     </span>
    </p>
   </div>
   <div class='ocr_carea' id='block_1_28' title="bbox 724 1688 2231 1775">
    <p class='ocr_par' dir='ltr' id='par_1_28' title="bbox 724 1688 2227 1766">
     <span class='ocr_line' id='line_1_28' title="bbox 724 1688 2227 1766; baseline 0.01 -26"><span class='ocrx_word' id='word_1_178' title='bbox 724 1692 787 1742; x_wconf 78' lang='lat' dir='ltr'><strong>At</strong></span> <span class='ocrx_word' id='word_1_179' title='bbox 818 1688 1073 1745; x_wconf 78' lang='lat' dir='ltr'><strong>Christus</strong></span> <span class='ocrx_word' id='word_1_180' title='bbox 1103 1701 1287 1745; x_wconf 84' lang='lat' dir='ltr'><strong>noster</strong></span> <span class='ocrx_word' id='word_1_181' title='bbox 1316 1708 1424 1747; x_wconf 94' lang='lat' dir='ltr'><strong>non</strong></span> <span class='ocrx_word' id='word_1_182' title='bbox 1462 1695 1760 1749; x_wconf 82' lang='lat' dir='ltr'><strong>secundum</strong></span> <span class='ocrx_word' id='word_1_183' title='bbox 1787 1706 2066 1751; x_wconf 83' lang='lat' dir='ltr'><strong>externam</strong></span> <span class='ocrx_word' id='word_1_184' title='bbox 2103 1715 2227 1766; x_wconf 85' lang='lat' dir='ltr'><strong>spe-</strong></span> 
     </span>
    </p>
   </div>
   <div class='ocr_carea' id='block_1_29' title="bbox 2333 1688 3937 1775">
    <p class='ocr_par' dir='ltr' id='par_1_29' title="bbox 2411 1698 3937 1775">
     <span class='ocr_line' id='line_1_29' title="bbox 2411 1698 3937 1775; baseline 0.001 -22"><span class='ocrx_word' id='word_1_185' title='bbox 2411 1698 2472 1753; x_wconf 84' lang='lat'><strong>&#39;0</strong></span> <span class='ocrx_word' id='word_1_186' title='bbox 2500 1700 2558 1753; x_wconf 86' lang='grc' dir='ltr'>δὲ</span> <span class='ocrx_word' id='word_1_187' title='bbox 2591 1701 2858 1773; x_wconf 79' lang='grc' dir='ltr'>ἡμέτερος</span> <span class='ocrx_word' id='word_1_188' title='bbox 2886 1700 3116 1773; x_wconf 82' lang='grc' dir='ltr'>Χριστὸς</span> <span class='ocrx_word' id='word_1_189' title='bbox 3159 1702 3221 1756; x_wconf 81' lang='grc' dir='ltr'>οὐ</span> <span class='ocrx_word' id='word_1_190' title='bbox 3252 1701 3397 1757; x_wconf 90' lang='grc' dir='ltr'><strong>κατά</strong></span> <span class='ocrx_word' id='word_1_191' title='bbox 3424 1703 3485 1757; x_wconf 83' lang='grc' dir='ltr'><strong>τὺ</strong></span> <span class='ocrx_word' id='word_1_192' title='bbox 3514 1701 3791 1775; x_wconf 84' lang='grc' dir='ltr'>ὁρώμενον</span> <span class='ocrx_word' id='word_1_193' title='bbox 3830 1702 3937 1773; x_wconf 81' lang='grc' dir='ltr'>μό-</span> 
     </span>
    </p>
   </div>
   <div class='ocr_carea' id='block_1_30' title="bbox 649 1783 2231 1864">
    <p class='ocr_par' dir='ltr' id='par_1_30' title="bbox 649 1783 2224 1860">
     <span class='ocr_line' id='line_1_30' title="bbox 649 1783 2224 1860; baseline 0.006 -24"><span class='ocrx_word' id='word_1_194' title='bbox 649 1783 788 1836; x_wconf 88' lang='lat' dir='ltr'><strong>ciem</strong></span> <span class='ocrx_word' id='word_1_195' title='bbox 831 1784 1013 1845; x_wconf 84' lang='lat' dir='ltr'><strong>modo,</strong></span> <span class='ocrx_word' id='word_1_196' title='bbox 1058 1792 1142 1836; x_wconf 89' lang='lat' dir='ltr'><strong>est</strong></span> <span class='ocrx_word' id='word_1_197' title='bbox 1176 1784 1340 1837; x_wconf 88' lang='lat' dir='ltr'><strong>homo</strong></span> <span class='ocrx_word' id='word_1_198' title='bbox 1392 1788 1606 1855; x_wconf 86' lang='lat' dir='ltr'><strong>proprie</strong></span> <span class='ocrx_word' id='word_1_199' title='bbox 1636 1803 1701 1841; x_wconf 88' lang='lat' dir='ltr'><strong>ac</strong></span> <span class='ocrx_word' id='word_1_200' title='bbox 1747 1804 1896 1850; x_wconf 83' lang='lat' dir='ltr'><strong>vere,</strong></span> <span class='ocrx_word' id='word_1_201' title='bbox 1954 1791 2224 1860; x_wconf 87' lang='lat' dir='ltr'><strong>siquidem</strong></span> 
     </span>
    </p>
   </div>
   <div class='ocr_carea' id='block_1_31' title="bbox 2333 1783 3933 1864">
    <p class='ocr_par' dir='ltr' id='par_1_31' title="bbox 2334 1792 3933 1864">
     <span class='ocr_line' id='line_1_31' title="bbox 2334 1792 3933 1864; baseline 0.003 -22"><span class='ocrx_word' id='word_1_202' title='bbox 2334 1807 2425 1843; x_wconf 89' lang='lat' dir='ltr'><strong>vov</strong></span> <span class='ocrx_word' id='word_1_203' title='bbox 2478 1792 2762 1861; x_wconf 78' lang='grc' dir='ltr'>ἄνθρωπος</span> <span class='ocrx_word' id='word_1_204' title='bbox 2810 1793 3016 1864; x_wconf 82' lang='grc' dir='ltr'><strong>κυρίως</strong></span> <span class='ocrx_word' id='word_1_205' title='bbox 3047 1795 3141 1846; x_wconf 72' lang='grc' dir='ltr'>καὶ</span> <span class='ocrx_word' id='word_1_206' title='bbox 3168 1794 3415 1864; x_wconf 82' lang='grc' dir='ltr'>ἀληθῶς·</span> <span class='ocrx_word' id='word_1_207' title='bbox 3452 1796 3680 1864; x_wconf 79' lang='grc' dir='ltr'>ἐπείπερ</span> <span class='ocrx_word' id='word_1_208' title='bbox 3725 1795 3933 1864; x_wconf 77' lang='grc' dir='ltr'>ὅμοιος</span> 
     </span>
    </p>
   </div>
   <div class='ocr_carea' id='block_1_32' title="bbox 651 1850 2231 1957">
    <p class='ocr_par' dir='ltr' id='par_1_32' title="bbox 651 1875 2231 1951">
     <span class='ocr_line' id='line_1_32' title="bbox 651 1875 2231 1951; baseline 0.007 -22"><span class='ocrx_word' id='word_1_209' title='bbox 651 1875 848 1929; x_wconf 88' lang='lat' dir='ltr'><strong>similis</strong></span> <span class='ocrx_word' id='word_1_210' title='bbox 880 1876 1037 1929; x_wconf 87' lang='lat' dir='ltr'><strong>nobis</strong></span> <span class='ocrx_word' id='word_1_211' title='bbox 1089 1892 1181 1945; x_wconf 89' lang='lat' dir='ltr'><strong>per</strong></span> <span class='ocrx_word' id='word_1_212' title='bbox 1209 1878 1393 1931; x_wconf 88' lang='lat' dir='ltr'><strong>omnia</strong></span> <span class='ocrx_word' id='word_1_213' title='bbox 1419 1882 1617 1945; x_wconf 82' lang='lat' dir='ltr'><strong>audiit,</strong></span> <span class='ocrx_word' id='word_1_214' title='bbox 1656 1890 1710 1934; x_wconf 91' lang='lat' dir='ltr'><strong>et</strong></span> <span class='ocrx_word' id='word_1_215' title='bbox 1734 1897 1989 1951; x_wconf 89' lang='lat' dir='ltr'><strong>corpore,</strong></span> <span class='ocrx_word' id='word_1_216' title='bbox 2033 1895 2086 1939; x_wconf 89' lang='lat' dir='ltr'><strong>et</strong></span> <span class='ocrx_word' id='word_1_217' title='bbox 2110 1886 2231 1939; x_wconf 88' lang='lat' dir='ltr'><strong>ani-</strong></span> 
     </span>
    </p>
   </div>
   <div class='ocr_carea' id='block_1_33' title="bbox 2333 1850 3931 1957">
    <p class='ocr_par' dir='ltr' id='par_1_33' title="bbox 2335 1850 3931 1957">
     <span class='ocr_line' id='line_1_33' title="bbox 2335 1850 3931 1957; baseline 0.003 -20"><span class='ocrx_word' id='word_1_218' title='bbox 2335 1886 2468 1953; x_wconf 79' lang='grc' dir='ltr'>ἡμῖν</span> <span class='ocrx_word' id='word_1_219' title='bbox 2511 1850 2652 1937; x_wconf 67' lang='grc' dir='ltr'>κατὰ</span> <span class='ocrx_word' id='word_1_220' title='bbox 2686 1850 2862 1938; x_wconf 78' lang='grc' dir='ltr'>πάντα</span> <span class='ocrx_word' id='word_1_221' title='bbox 2884 1850 3273 1956; x_wconf 46' lang='grc' dir='ltr'>’χρηματίσαςί</span> <span class='ocrx_word' id='word_1_222' title='bbox 3304 1850 3398 1940; x_wconf 74' lang='grc' dir='ltr'>καὶ</span> <span class='ocrx_word' id='word_1_223' title='bbox 3443 1850 3778 1957; x_wconf 52' lang='grc' dir='ltr'>ὲνσώμάτος,</span> <span class='ocrx_word' id='word_1_224' title='bbox 3817 1891 3931 1941; x_wconf 73' lang='grc' dir='ltr'>καὶ</span> 
     </span>
    </p>
   </div>
   <div class='ocr_carea' id='block_1_34' title="bbox 652 1972 2231 2051">
    <p class='ocr_par' dir='ltr' id='par_1_34' title="bbox 652 1972 2231 2044">
     <span class='ocr_line' id='line_1_34' title="bbox 652 1972 2231 2044; baseline 0.008 -25"><span class='ocrx_word' id='word_1_225' title='bbox 652 1982 763 2029; x_wconf 90' lang='lat' dir='ltr'><strong>ma,</strong></span> <span class='ocrx_word' id='word_1_226' title='bbox 798 1978 851 2021; x_wconf 91' lang='lat' dir='ltr'><strong>et</strong></span> <span class='ocrx_word' id='word_1_227' title='bbox 872 1977 1047 2026; x_wconf 64' lang='lat' dir='ltr'><strong>aetate.</strong></span> <span class='ocrx_word' id='word_1_228' title='bbox 1080 1979 1133 2023; x_wconf 91' lang='lat' dir='ltr'><strong>et</strong></span> <span class='ocrx_word' id='word_1_229' title='bbox 1168 1972 1591 2041; x_wconf 87' lang='lat' dir='ltr'><strong>quibuscunque</strong></span> <span class='ocrx_word' id='word_1_230' title='bbox 1619 1974 1807 2037; x_wconf 87' lang='lat' dir='ltr'><strong>rebus,</strong></span> <span class='ocrx_word' id='word_1_231' title='bbox 1846 1991 1968 2044; x_wconf 75' lang='lat' dir='ltr'><strong>qua:</strong></span> <span class='ocrx_word' id='word_1_232' title='bbox 1994 1993 2059 2031; x_wconf 88' lang='lat' dir='ltr'><strong>ex</strong></span> <span class='ocrx_word' id='word_1_233' title='bbox 2093 1993 2231 2032; x_wconf 91' lang='lat' dir='ltr'><strong>con-</strong></span> 
     </span>
    </p>
   </div>
   <div class='ocr_carea' id='block_1_35' title="bbox 2333 1972 3929 2051">
    <p class='ocr_par' dir='ltr' id='par_1_35' title="bbox 2334 1977 3929 2051">
     <span class='ocr_line' id='line_1_35' title="bbox 2334 1977 3929 2051; baseline 0 -21"><span class='ocrx_word' id='word_1_234' title='bbox 2334 1977 2595 2047; x_wconf 82' lang='grc' dir='ltr'>ἐμπνους,</span> <span class='ocrx_word' id='word_1_235' title='bbox 2639 1978 2733 2030; x_wconf 76' lang='grc' dir='ltr'>καὶ</span> <span class='ocrx_word' id='word_1_236' title='bbox 2772 1977 2972 2048; x_wconf 78' lang='grc' dir='ltr'>ὲνῆλιξ,</span> <span class='ocrx_word' id='word_1_237' title='bbox 3008 1979 3102 2032; x_wconf 81' lang='grc' dir='ltr'>καὶ</span> <span class='ocrx_word' id='word_1_238' title='bbox 3131 1980 3231 2031; x_wconf 79' lang='grc' dir='ltr'>ὅσα</span> <span class='ocrx_word' id='word_1_239' title='bbox 3262 1979 3395 2031; x_wconf 77' lang='grc' dir='ltr'>ἄλλα</span> <span class='ocrx_word' id='word_1_240' title='bbox 3428 1979 3677 2050; x_wconf 81' lang='grc' dir='ltr'>γνώριμα</span> <span class='ocrx_word' id='word_1_241' title='bbox 3721 1982 3789 2051; x_wconf 76' lang='grc' dir='ltr'>τῇ</span> <span class='ocrx_word' id='word_1_242' title='bbox 3806 1981 3929 2037; x_wconf 78' lang='grc' dir='ltr'>,ἀν-</span> 
     </span>
    </p>
   </div>
   <div class='ocr_carea' id='block_1_36' title="bbox 653 2061 2231 2143">
    <p class='ocr_par' dir='ltr' id='par_1_36' title="bbox 653 2061 2230 2138">
     <span class='ocr_line' id='line_1_36' title="bbox 653 2061 2230 2138; baseline 0.008 -25"><span class='ocrx_word' id='word_1_243' title='bbox 653 2061 797 2114; x_wconf 76' lang='lat' dir='ltr'><strong>fesso</strong></span> <span class='ocrx_word' id='word_1_244' title='bbox 821 2062 1075 2115; x_wconf 68' lang='lat' dir='ltr'><strong>humanae</strong></span> <span class='ocrx_word' id='word_1_245' title='bbox 1122 2074 1333 2117; x_wconf 63' lang='lat' dir='ltr'><strong>natura:</strong></span> <span class='ocrx_word' id='word_1_246' title='bbox 1382 2075 1727 2133; x_wconf 86' lang='lat' dir='ltr'><strong>competunt.</strong></span> <span class='ocrx_word' id='word_1_247' title='bbox 1770 2068 1995 2138; x_wconf 89' lang='lat' dir='ltr'><strong>dempto</strong></span> <span class='ocrx_word' id='word_1_248' title='bbox 2049 2071 2230 2125; x_wconf 92' lang='lat' dir='ltr'><strong>solum</strong></span> 
     </span>
    </p>
   </div>
   <div class='ocr_carea' id='block_1_37' title="bbox 2333 2061 3930 2143">
    <p class='ocr_par' dir='ltr' id='par_1_37' title="bbox 2334 2069 3930 2143">
     <span class='ocr_line' id='line_1_37' title="bbox 2334 2069 3930 2143; baseline 0.001 -21"><span class='ocrx_word' id='word_1_249' title='bbox 2334 2071 2581 2141; x_wconf 79' lang='grc' dir='ltr'>Θρωπεία</span> <span class='ocrx_word' id='word_1_250' title='bbox 2636 2069 2815 2138; x_wconf 81' lang='grc' dir='ltr'>φύσει,</span> <span class='ocrx_word' id='word_1_251' title='bbox 2871 2069 3009 2141; x_wconf 82' lang='grc' dir='ltr'>πλὴν</span> <span class='ocrx_word' id='word_1_252' title='bbox 3075 2071 3240 2141; x_wconf 81' lang='grc' dir='ltr'>μόνης</span> <span class='ocrx_word' id='word_1_253' title='bbox 3288 2072 3593 2143; x_wconf 80' lang='grc' dir='ltr'>ἁμαρτίας·</span> <span class='ocrx_word' id='word_1_254' title='bbox 3640 2071 3777 2124; x_wconf 68' lang='grc' dir='ltr'>ἀλλὰ</span> <span class='ocrx_word' id='word_1_255' title='bbox 3818 2074 3930 2125; x_wconf 78' lang='grc' dir='ltr'>καὶ</span> 
     </span>
    </p>
   </div>
   <div class='ocr_carea' id='block_1_38' title="bbox 650 2155 2231 2233">
    <p class='ocr_par' dir='ltr' id='par_1_38' title="bbox 650 2155 2231 2229">
     <span class='ocr_line' id='line_1_38' title="bbox 650 2155 2231 2229; baseline 0.01 -25"><span class='ocrx_word' id='word_1_256' title='bbox 650 2163 916 2222; x_wconf 82' lang='lat' dir='ltr'><strong>peccato:</strong></span> <span class='ocrx_word' id='word_1_257' title='bbox 954 2156 1047 2208; x_wconf 85' lang='lat' dir='ltr'><strong>sed</strong></span> <span class='ocrx_word' id='word_1_258' title='bbox 1084 2163 1138 2208; x_wconf 91' lang='lat' dir='ltr'><strong>et</strong></span> <span class='ocrx_word' id='word_1_259' title='bbox 1192 2155 1334 2209; x_wconf 91' lang='lat' dir='ltr'><strong>Deus</strong></span> <span class='ocrx_word' id='word_1_260' title='bbox 1390 2168 1583 2211; x_wconf 88' lang='lat' dir='ltr'><strong>natura</strong></span> <span class='ocrx_word' id='word_1_261' title='bbox 1623 2174 1688 2213; x_wconf 87' lang='lat' dir='ltr'><strong>ac</strong></span> <span class='ocrx_word' id='word_1_262' title='bbox 1718 2164 1965 2229; x_wconf 89' lang='lat' dir='ltr'><strong>veritate,</strong></span> <span class='ocrx_word' id='word_1_263' title='bbox 1994 2174 2048 2217; x_wconf 91' lang='lat' dir='ltr'><strong>et</strong></span> <span class='ocrx_word' id='word_1_264' title='bbox 2088 2165 2231 2219; x_wconf 91' lang='lat' dir='ltr'><strong>idem</strong></span> 
     </span>
    </p>
   </div>
   <div class='ocr_carea' id='block_1_39' title="bbox 2333 2155 3931 2233">
    <p class='ocr_par' dir='ltr' id='par_1_39' title="bbox 2333 2158 3931 2233">
     <span class='ocr_line' id='line_1_39' title="bbox 2333 2158 3931 2233; baseline 0 -18"><span class='ocrx_word' id='word_1_265' title='bbox 2333 2162 2465 2225; x_wconf 82' lang='grc' dir='ltr'>Θεὸς</span> <span class='ocrx_word' id='word_1_266' title='bbox 2494 2162 2653 2232; x_wconf 81' lang='grc' dir='ltr'>φύσει</span> <span class='ocrx_word' id='word_1_267' title='bbox 2682 2163 2777 2215; x_wconf 78' lang='grc' dir='ltr'>καὶ</span> <span class='ocrx_word' id='word_1_268' title='bbox 2806 2161 3032 2233; x_wconf 75' lang='grc' dir='ltr'>ἀληθείᾳ</span> <span class='ocrx_word' id='word_1_269' title='bbox 3055 2178 3069 2192; x_wconf 90' lang='grc'><strong>·</strong></span> <span class='ocrx_word' id='word_1_270' title='bbox 3096 2164 3190 2215; x_wconf 79' lang='grc' dir='ltr'>καὶ</span> <span class='ocrx_word' id='word_1_271' title='bbox 3214 2164 3243 2214; x_wconf 91' lang='lat'><strong>6</strong></span> <span class='ocrx_word' id='word_1_272' title='bbox 3267 2163 3428 2226; x_wconf 74' lang='grc' dir='ltr'>αὐτὸς</span> <span class='ocrx_word' id='word_1_273' title='bbox 3457 2164 3759 2233; x_wconf 77' lang='grc' dir='ltr'>ἀμφότερα.</span> <span class='ocrx_word' id='word_1_274' title='bbox 3785 2158 3931 2215; x_wconf 77' lang='grc' dir='ltr'>Οἷόν</span> 
     </span>
    </p>
   </div>
   <div class='ocr_carea' id='block_1_40' title="bbox 651 2242 2231 2325">
    <p class='ocr_par' dir='ltr' id='par_1_40' title="bbox 651 2242 2231 2322">
     <span class='ocr_line' id='line_1_40' title="bbox 651 2242 2231 2322; baseline 0.01 -29"><span class='ocrx_word' id='word_1_275' title='bbox 651 2251 885 2311; x_wconf 80' lang='lat' dir='ltr'><strong>utroque</strong></span> <span class='ocrx_word' id='word_1_276' title='bbox 911 2254 1195 2297; x_wconf 86' lang='lat' dir='ltr'><strong>constans.</strong></span> <span class='ocrx_word' id='word_1_277' title='bbox 1256 2242 1499 2315; x_wconf 79' lang='lat' dir='ltr'><strong>Exempli</strong></span> <span class='ocrx_word' id='word_1_278' title='bbox 1554 2250 1731 2318; x_wconf 89' lang='lat' dir='ltr'><strong>gratia</strong></span> <span class='ocrx_word' id='word_1_279' title='bbox 1784 2251 1909 2305; x_wconf 88' lang='lat' dir='ltr'><strong>dico</strong></span> <span class='ocrx_word' id='word_1_280' title='bbox 1969 2256 2231 2322; x_wconf 88' lang='lat' dir='ltr'><strong>quemad-</strong></span> 
     </span>
    </p>
   </div>
   <div class='ocr_carea' id='block_1_41' title="bbox 2333 2242 3932 2325">
    <p class='ocr_par' dir='ltr' id='par_1_41' title="bbox 2333 2256 3932 2325">
     <span class='ocr_line' id='line_1_41' title="bbox 2333 2256 3932 2325; baseline -0.001 -15"><span class='ocrx_word' id='word_1_281' title='bbox 2333 2274 2386 2310; x_wconf 89' lang='grc' dir='ltr'><strong>τι</strong></span> <span class='ocrx_word' id='word_1_282' title='bbox 2413 2257 2587 2324; x_wconf 82' lang='grc' dir='ltr'>λέγω·</span> <span class='ocrx_word' id='word_1_283' title='bbox 2620 2256 2694 2319; x_wconf 86' lang='grc' dir='ltr'><strong>ῶς</strong></span> <span class='ocrx_word' id='word_1_284' title='bbox 2730 2256 2863 2325; x_wconf 84' lang='grc' dir='ltr'>φησί</span> <span class='ocrx_word' id='word_1_285' title='bbox 2894 2273 2995 2308; x_wconf 83' lang='grc' dir='ltr'><strong>που</strong></span> <span class='ocrx_word' id='word_1_286' title='bbox 3027 2257 3057 2308; x_wconf 90' lang='lat'><strong>6</strong></span> <span class='ocrx_word' id='word_1_287' title='bbox 3092 2256 3253 2318; x_wconf 75' lang='grc' dir='ltr'>αὐτὸς</span> <span class='ocrx_word' id='word_1_288' title='bbox 3282 2256 3701 2325; x_wconf 86' lang='grc' dir='ltr'>Χρυσόστομος·</span> <span class='ocrx_word' id='word_1_289' title='bbox 3745 2275 3765 2307; x_wconf 74' lang='grc' dir='ltr'><strong>ι</strong></span> <span class='ocrx_word' id='word_1_290' title='bbox 3795 2256 3932 2308; x_wconf 59' lang='grc' dir='ltr'><strong>Κάρ</strong></span> 
     </span>
    </p>
   </div>
   <div class='ocr_carea' id='block_1_42' title="bbox 652 2335 2231 2419">
    <p class='ocr_par' dir='ltr' id='par_1_42' title="bbox 652 2335 2231 2413">
     <span class='ocr_line' id='line_1_42' title="bbox 652 2335 2231 2413; baseline 0.011 -27"><span class='ocrx_word' id='word_1_291' title='bbox 652 2336 872 2387; x_wconf 88' lang='lat' dir='ltr'><strong>modum</strong></span> <span class='ocrx_word' id='word_1_292' title='bbox 898 2335 1097 2389; x_wconf 91' lang='lat' dir='ltr'><strong>alicubi</strong></span> <span class='ocrx_word' id='word_1_293' title='bbox 1120 2338 1259 2389; x_wconf 88' lang='lat' dir='ltr'><strong>idem</strong></span> <span class='ocrx_word' id='word_1_294' title='bbox 1284 2338 2008 2413; x_wconf 82' lang='lat' dir='ltr'><strong>Chrysoslomuslnquitur:</strong></span> <span class='ocrx_word' id='word_1_295' title='bbox 2040 2364 2059 2397; x_wconf 77' lang='grc' dir='ltr'><strong>ι</strong></span> <span class='ocrx_word' id='word_1_296' title='bbox 2086 2346 2231 2403; x_wconf 82' lang='lat' dir='ltr'><strong>Infra</strong></span> 
     </span>
    </p>
   </div>
   <div class='ocr_carea' id='block_1_43' title="bbox 2333 2335 3933 2419">
    <p class='ocr_par' dir='ltr' id='par_1_43' title="bbox 2333 2347 3933 2419">
     <span class='ocr_line' id='line_1_43' title="bbox 2333 2347 3933 2419; baseline -0.003 -17"><span class='ocrx_word' id='word_1_297' title='bbox 2333 2367 2410 2402; x_wconf 88' lang='grc' dir='ltr'><strong>τω</strong></span> <span class='ocrx_word' id='word_1_298' title='bbox 2443 2351 2631 2419; x_wconf 82' lang='grc' dir='ltr'>κοπιᾷ,</span> <span class='ocrx_word' id='word_1_299' title='bbox 2683 2350 2779 2401; x_wconf 72' lang='grc' dir='ltr'>καὶ</span> <span class='ocrx_word' id='word_1_300' title='bbox 2826 2348 2939 2400; x_wconf 83' lang='grc' dir='ltr'><strong>ἀνω</strong></span> <span class='ocrx_word' id='word_1_301' title='bbox 2990 2350 3281 2417; x_wconf 81' lang='grc' dir='ltr'>συγκροτεῖ</span> <span class='ocrx_word' id='word_1_302' title='bbox 3328 2349 3399 2399; x_wconf 71' lang='grc' dir='ltr'><strong>τά</strong></span> <span class='ocrx_word' id='word_1_303' title='bbox 3445 2350 3720 2417; x_wconf 76' lang='grc' dir='ltr'>στοιχεῖα·</span> <span class='ocrx_word' id='word_1_304' title='bbox 3761 2347 3933 2400; x_wconf 79' lang='grc' dir='ltr'>κάτω</span> 
     </span>
    </p>
   </div>
   <div class='ocr_carea' id='block_1_44' title="bbox 650 2426 2227 2506">
    <p class='ocr_par' dir='ltr' id='par_1_44' title="bbox 650 2426 2227 2506">
     <span class='ocr_line' id='line_1_44' title="bbox 650 2426 2227 2506; baseline 0.01 -27"><span class='ocrx_word' id='word_1_305' title='bbox 650 2426 933 2496; x_wconf 83' lang='lat' dir='ltr'><strong>fatigatur,</strong></span> <span class='ocrx_word' id='word_1_306' title='bbox 972 2444 1135 2497; x_wconf 87' lang='lat' dir='ltr'><strong>supra</strong></span> <span class='ocrx_word' id='word_1_307' title='bbox 1160 2440 1469 2485; x_wconf 88' lang='lat' dir='ltr'><strong>commovet</strong></span> <span class='ocrx_word' id='word_1_308' title='bbox 1512 2432 1820 2498; x_wconf 75' lang='lat' dir='ltr'><strong>elementa;</strong></span> <span class='ocrx_word' id='word_1_309' title='bbox 1858 2436 2001 2490; x_wconf 83' lang='lat' dir='ltr'><strong>infra</strong></span> <span class='ocrx_word' id='word_1_310' title='bbox 2036 2442 2227 2506; x_wconf 89' lang='lat' dir='ltr'><strong>esurit,</strong></span> 
     </span>
    </p>
   </div>
   <div class='ocr_carea' id='block_1_45' title="bbox 650 2521 2230 2599">
    <p class='ocr_par' dir='ltr' id='par_1_45' title="bbox 650 2521 2230 2599">
     <span class='ocr_line' id='line_1_45' title="bbox 650 2521 2230 2599; baseline 0.009 -26"><span class='ocrx_word' id='word_1_311' title='bbox 650 2533 815 2587; x_wconf 84' lang='lat' dir='ltr'><strong>supra</strong></span> <span class='ocrx_word' id='word_1_312' title='bbox 870 2521 1074 2574; x_wconf 87' lang='lat' dir='ltr'><strong>emittit</strong></span> <span class='ocrx_word' id='word_1_313' title='bbox 1125 2522 1367 2588; x_wconf 89' lang='lat' dir='ltr'><strong>imbres;</strong></span> <span class='ocrx_word' id='word_1_314' title='bbox 1417 2523 1559 2578; x_wconf 78' lang='lat' dir='ltr'><strong>infra</strong></span> <span class='ocrx_word' id='word_1_315' title='bbox 1604 2536 1785 2595; x_wconf 88' lang='lat' dir='ltr'><strong>pavet,</strong></span> <span class='ocrx_word' id='word_1_316' title='bbox 1824 2543 1986 2598; x_wconf 86' lang='lat' dir='ltr'><strong>supra</strong></span> <span class='ocrx_word' id='word_1_317' title='bbox 2037 2540 2230 2599; x_wconf 83' lang='lat' dir='ltr'><strong>tonat;</strong></span> 
     </span>
    </p>
   </div>
   <div class='ocr_carea' id='block_1_46' title="bbox 651 2609 2238 2691">
    <p class='ocr_par' dir='ltr' id='par_1_46' title="bbox 651 2609 2238 2691">
     <span class='ocr_line' id='line_1_46' title="bbox 651 2609 2238 2691; baseline 0.011 -28"><span class='ocrx_word' id='word_1_318' title='bbox 651 2609 795 2663; x_wconf 82' lang='lat' dir='ltr'><strong>infra</strong></span> <span class='ocrx_word' id='word_1_319' title='bbox 852 2627 1035 2664; x_wconf 88' lang='lat' dir='ltr'><strong>curam</strong></span> <span class='ocrx_word' id='word_1_320' title='bbox 1093 2615 1348 2667; x_wconf 83' lang='lat' dir='ltr'><strong>tribunali</strong></span> <span class='ocrx_word' id='word_1_321' title='bbox 1410 2625 1571 2680; x_wconf 89' lang='lat' dir='ltr'><strong>astat,</strong></span> <span class='ocrx_word' id='word_1_322' title='bbox 1601 2632 1765 2687; x_wconf 89' lang='lat' dir='ltr'><strong>supra</strong></span> <span class='ocrx_word' id='word_1_323' title='bbox 1822 2622 2083 2691; x_wconf 88' lang='lat' dir='ltr'><strong>prospicit</strong></span> <span class='ocrx_word' id='word_1_324' title='bbox 2114 2627 2238 2679; x_wconf 88' lang='lat' dir='ltr'><strong>uni-</strong></span> 
     </span>
    </p>
   </div>
   <div class='ocr_carea' id='block_1_47' title="bbox 2334 2440 3934 2513">
    <p class='ocr_par' dir='ltr' id='par_1_47' title="bbox 2334 2440 3934 2513">
     <span class='ocr_line' id='line_1_47' title="bbox 2334 2440 3934 2513; baseline -0.003 -18"><span class='ocrx_word' id='word_1_325' title='bbox 2334 2444 2514 2513; x_wconf 77' lang='grc' dir='ltr'>πεινᾷ,</span> <span class='ocrx_word' id='word_1_326' title='bbox 2547 2443 2639 2495; x_wconf 75' lang='grc' dir='ltr'>καὶ</span> <span class='ocrx_word' id='word_1_327' title='bbox 2672 2442 2879 2495; x_wconf 76' lang='grc' dir='ltr'>ἀνωθεν</span> <span class='ocrx_word' id='word_1_328' title='bbox 2911 2440 3101 2502; x_wconf 72' lang='grc' dir='ltr'>ὑετοὺς</span> <span class='ocrx_word' id='word_1_329' title='bbox 3126 2442 3350 2511; x_wconf 79' lang='grc' dir='ltr'><strong>χορηγεῖ</strong></span> <span class='ocrx_word' id='word_1_330' title='bbox 3369 2456 3383 2469; x_wconf 90' lang='grc'><strong>·</strong></span> <span class='ocrx_word' id='word_1_331' title='bbox 3416 2440 3565 2492; x_wconf 89' lang='grc' dir='ltr'>κάτω</span> <span class='ocrx_word' id='word_1_332' title='bbox 3592 2440 3788 2509; x_wconf 83' lang='grc' dir='ltr'>δειλιᾷ,</span> <span class='ocrx_word' id='word_1_333' title='bbox 3812 2440 3934 2493; x_wconf 71' lang='grc' dir='ltr'>καὶ</span> 
     </span>
    </p>
   </div>
   <div class='ocr_carea' id='block_1_48' title="bbox 2334 2531 3935 2604">
    <p class='ocr_par' dir='ltr' id='par_1_48' title="bbox 2334 2531 3935 2604">
     <span class='ocr_line' id='line_1_48' title="bbox 2334 2531 3935 2604; baseline -0.004 -15"><span class='ocrx_word' id='word_1_334' title='bbox 2334 2536 2446 2589; x_wconf 78' lang='grc' dir='ltr'><strong>ἀνω</strong></span> <span class='ocrx_word' id='word_1_335' title='bbox 2474 2534 2701 2604; x_wconf 79' lang='grc' dir='ltr'>βροντᾷ·</span> <span class='ocrx_word' id='word_1_336' title='bbox 2737 2536 2888 2587; x_wconf 88' lang='grc' dir='ltr'>κάτω</span> <span class='ocrx_word' id='word_1_337' title='bbox 2916 2531 3248 2601; x_wconf 71' lang='grc' dir='ltr'>δικαστηρίῳ</span> <span class='ocrx_word' id='word_1_338' title='bbox 3281 2531 3628 2599; x_wconf 87' lang='grc' dir='ltr'>παρίσταται,</span> <span class='ocrx_word' id='word_1_339' title='bbox 3656 2531 3751 2582; x_wconf 69' lang='grc' dir='ltr'>καὶ</span> <span class='ocrx_word' id='word_1_340' title='bbox 3772 2531 3935 2583; x_wconf 79' lang='grc' dir='ltr'>ἄνω-</span> 
     </span>
    </p>
   </div>
   <div class='ocr_carea' id='block_1_49' title="bbox 2336 2614 3934 2694">
    <p class='ocr_par' dir='ltr' id='par_1_49' title="bbox 2336 2614 3934 2694">
     <span class='ocr_line' id='line_1_49' title="bbox 2336 2614 3934 2694; baseline -0.006 -17"><span class='ocrx_word' id='word_1_341' title='bbox 2336 2625 2428 2677; x_wconf 84' lang='grc' dir='ltr'>θεν</span> <span class='ocrx_word' id='word_1_342' title='bbox 2476 2626 2653 2678; x_wconf 82' lang='grc' dir='ltr'>πάντα</span> <span class='ocrx_word' id='word_1_343' title='bbox 2690 2624 2907 2694; x_wconf 85' lang='grc' dir='ltr'>Θεωρεῖ.</span> <span class='ocrx_word' id='word_1_344' title='bbox 2942 2641 2962 2675; x_wconf 73' lang='grc' dir='ltr'><strong>ι</strong></span> <span class='ocrx_word' id='word_1_345' title='bbox 3007 2622 3165 2675; x_wconf 80' lang='grc' dir='ltr'>Κατὰ</span> <span class='ocrx_word' id='word_1_346' title='bbox 3193 2619 3353 2673; x_wconf 76' lang='grc' dir='ltr'>τοῦτο</span> <span class='ocrx_word' id='word_1_347' title='bbox 3380 2614 3471 2672; x_wconf 79' lang='grc' dir='ltr'>οὖν</span> <span class='ocrx_word' id='word_1_348' title='bbox 3515 2619 3730 2689; x_wconf 81' lang='grc' dir='ltr'>εῐρηται</span> <span class='ocrx_word' id='word_1_349' title='bbox 3762 2618 3934 2687; x_wconf 64' lang='grc' dir='ltr'>αὐτῷ</span> 
     </span>
    </p>
   </div>
   <div class='ocr_carea' id='block_1_50' title="bbox 652 2704 2231 2788">
    <p class='ocr_par' dir='ltr' id='par_1_50' title="bbox 652 2704 2231 2782">
     <span class='ocr_line' id='line_1_50' title="bbox 652 2704 2231 2782; baseline 0.011 -27"><span class='ocrx_word' id='word_1_350' title='bbox 652 2719 832 2757; x_wconf 88' lang='lat' dir='ltr'><strong>versa.</strong></span> <span class='ocrx_word' id='word_1_351' title='bbox 870 2723 888 2755; x_wconf 79' lang='grc' dir='ltr'><strong>ι</strong></span> <span class='ocrx_word' id='word_1_352' title='bbox 935 2704 1131 2759; x_wconf 85' lang='lat' dir='ltr'><strong>Eadem</strong></span> <span class='ocrx_word' id='word_1_353' title='bbox 1176 2708 1340 2777; x_wconf 86' lang='lat' dir='ltr'><strong>igitur</strong></span> <span class='ocrx_word' id='word_1_354' title='bbox 1374 2709 1638 2763; x_wconf 88' lang='lat' dir='ltr'><strong>sententia</strong></span> <span class='ocrx_word' id='word_1_355' title='bbox 1694 2713 1948 2782; x_wconf 85' lang='lat' dir='ltr'><strong>gentilem</strong></span> <span class='ocrx_word' id='word_1_356' title='bbox 1982 2726 2064 2771; x_wconf 89' lang='lat' dir='ltr'><strong>est</strong></span> <span class='ocrx_word' id='word_1_357' title='bbox 2095 2718 2231 2772; x_wconf 85' lang='lat' dir='ltr'><strong>allo-</strong></span> 
     </span>
    </p>
   </div>
   <div class='ocr_carea' id='block_1_51' title="bbox 2333 2704 3935 2788">
    <p class='ocr_par' dir='ltr' id='par_1_51' title="bbox 2336 2711 3935 2788">
     <span class='ocr_line' id='line_1_51' title="bbox 2336 2711 3935 2788; baseline -0.006 -17"><span class='ocrx_word' id='word_1_358' title='bbox 2336 2718 2473 2788; x_wconf 82' lang='grc' dir='ltr'>πρὸς</span> <span class='ocrx_word' id='word_1_359' title='bbox 2518 2717 2611 2769; x_wconf 78' lang='grc' dir='ltr'>τὸν</span> <span class='ocrx_word' id='word_1_360' title='bbox 2655 2717 2925 2786; x_wconf 78' lang='grc' dir='ltr'>Ἕλληνα·</span> <span class='ocrx_word' id='word_1_361' title='bbox 2967 2733 2986 2766; x_wconf 75' lang='grc' dir='ltr'><strong>ι</strong></span> <span class='ocrx_word' id='word_1_362' title='bbox 3023 2715 3080 2768; x_wconf 88' lang='grc' dir='ltr'><strong>Ὀ</strong></span> <span class='ocrx_word' id='word_1_363' title='bbox 3130 2714 3396 2784; x_wconf 75' lang='grc' dir='ltr'>ἡμέτερος</span> <span class='ocrx_word' id='word_1_364' title='bbox 3430 2711 3661 2783; x_wconf 81' lang='grc' dir='ltr'>Χριστὸς</span> <span class='ocrx_word' id='word_1_365' title='bbox 3706 2711 3935 2779; x_wconf 75' lang='grc' dir='ltr'>τοίχοις</span> 
     </span>
    </p>
   </div>
   <div class='ocr_carea' id='block_1_52' title="bbox 652 2794 2231 2880">
    <p class='ocr_par' dir='ltr' id='par_1_52' title="bbox 652 2794 2231 2870">
     <span class='ocr_line' id='line_1_52' title="bbox 652 2794 2231 2870; baseline 0.01 -22"><span class='ocrx_word' id='word_1_366' title='bbox 652 2803 859 2850; x_wconf 83' lang='lat' dir='ltr'><strong>cntus:</strong></span> <span class='ocrx_word' id='word_1_367' title='bbox 900 2814 917 2846; x_wconf 79' lang='grc' dir='ltr'><strong>ι</strong></span> <span class='ocrx_word' id='word_1_368' title='bbox 951 2794 1206 2852; x_wconf 81' lang='lat' dir='ltr'><strong>Christus</strong></span> <span class='ocrx_word' id='word_1_369' title='bbox 1253 2808 1437 2853; x_wconf 87' lang='lat' dir='ltr'><strong>noster</strong></span> <span class='ocrx_word' id='word_1_370' title='bbox 1492 2802 1793 2870; x_wconf 89' lang='lat' dir='ltr'><strong>parietibus</strong></span> <span class='ocrx_word' id='word_1_371' title='bbox 1844 2819 1954 2859; x_wconf 92' lang='lat' dir='ltr'><strong>non</strong></span> <span class='ocrx_word' id='word_1_372' title='bbox 2001 2809 2231 2863; x_wconf 91' lang='lat' dir='ltr'><strong>circnm-</strong></span> 
     </span>
    </p>
   </div>
   <div class='ocr_carea' id='block_1_53' title="bbox 2333 2794 3939 2880">
    <p class='ocr_par' dir='ltr' id='par_1_53' title="bbox 2333 2804 3939 2880">
     <span class='ocr_line' id='line_1_53' title="bbox 2333 2804 3939 2880; baseline -0.004 -17"><span class='ocrx_word' id='word_1_373' title='bbox 2333 2812 2394 2863; x_wconf 83' lang='grc' dir='ltr'>οὑ</span> <span class='ocrx_word' id='word_1_374' title='bbox 2428 2808 2849 2880; x_wconf 71' lang='grc' dir='ltr'>περιγράφεται.</span> <span class='ocrx_word' id='word_1_375' title='bbox 2888 2826 2906 2859; x_wconf 76' lang='grc' dir='ltr'><strong>ι</strong></span> <span class='ocrx_word' id='word_1_376' title='bbox 2940 2808 3053 2859; x_wconf 72' lang='grc' dir='ltr'><strong>Καὶ</strong></span> <span class='ocrx_word' id='word_1_377' title='bbox 3086 2806 3183 2877; x_wconf 81' lang='grc' dir='ltr'>οὐχ</span> <span class='ocrx_word' id='word_1_378' title='bbox 3222 2807 3409 2875; x_wconf 82' lang='grc' dir='ltr'>ἡγεῖτο</span> <span class='ocrx_word' id='word_1_379' title='bbox 3444 2805 3645 2876; x_wconf 80' lang='grc' dir='ltr'>χρῆναι</span> <span class='ocrx_word' id='word_1_380' title='bbox 3685 2804 3939 2874; x_wconf 62' lang='lat' dir='ltr'><strong>6x9260-</strong></span> 
     </span>
    </p>
   </div>
   <div class='ocr_carea' id='block_1_54' title="bbox 652 2887 2231 2970">
    <p class='ocr_par' dir='ltr' id='par_1_54' title="bbox 652 2887 2231 2970">
     <span class='ocr_line' id='line_1_54' title="bbox 652 2887 2231 2970; baseline 0.008 -28"><span class='ocrx_word' id='word_1_381' title='bbox 652 2888 931 2942; x_wconf 87' lang='lat' dir='ltr'><strong>scrihitur.</strong></span> <span class='ocrx_word' id='word_1_382' title='bbox 972 2906 991 2939; x_wconf 73' lang='grc' dir='ltr'><strong>ι</strong></span> <span class='ocrx_word' id='word_1_383' title='bbox 1028 2887 1137 2943; x_wconf 88' lang='lat' dir='ltr'><strong>Nec</strong></span> <span class='ocrx_word' id='word_1_384' title='bbox 1189 2900 1316 2958; x_wconf 87' lang='lat' dir='ltr'><strong>puta</strong></span> <span class='ocrx_word' id='word_1_385' title='bbox 1352 2894 1673 2948; x_wconf 86' lang='lat' dir='ltr'><strong>sententiam</strong></span> <span class='ocrx_word' id='word_1_386' title='bbox 1708 2899 2019 2953; x_wconf 87' lang='lat' dir='ltr'><strong>accuratius</strong></span> <span class='ocrx_word' id='word_1_387' title='bbox 2049 2903 2231 2970; x_wconf 85' lang='lat' dir='ltr'><strong>expri-</strong></span> 
     </span>
    </p>
   </div>
   <div class='ocr_carea' id='block_1_55' title="bbox 2333 2887 3935 2970">
    <p class='ocr_par' dir='ltr' id='par_1_55' title="bbox 2333 2894 3935 2969">
     <span class='ocr_line' id='line_1_55' title="bbox 2333 2894 3935 2969; baseline -0.004 -15"><span class='ocrx_word' id='word_1_388' title='bbox 2333 2901 2609 2969; x_wconf 83' lang='grc' dir='ltr'>λογείσθαι</span> <span class='ocrx_word' id='word_1_389' title='bbox 2640 2900 2768 2969; x_wconf 86' lang='grc' dir='ltr'><strong>περί</strong></span> <span class='ocrx_word' id='word_1_390' title='bbox 2788 2898 2886 2969; x_wconf 84' lang='grc' dir='ltr'>τὴν</span> <span class='ocrx_word' id='word_1_391' title='bbox 2914 2898 3187 2966; x_wconf 78' lang='grc' dir='ltr'>ἀπόφασιν</span> <span class='ocrx_word' id='word_1_392' title='bbox 3208 2898 3392 2950; x_wconf 78' lang='grc' dir='ltr'>εἵνεκα</span> <span class='ocrx_word' id='word_1_393' title='bbox 3427 2897 3525 2966; x_wconf 83' lang='grc' dir='ltr'>τῆς</span> <span class='ocrx_word' id='word_1_394' title='bbox 3553 2894 3670 2949; x_wconf 76' lang='grc' dir='ltr'>νυνὶ</span> <span class='ocrx_word' id='word_1_395' title='bbox 3703 2894 3935 2947; x_wconf 72' lang='grc' dir='ltr'>λυττώο</span> 
     </span>
    </p>
   </div>
   <div class='ocr_carea' id='block_1_56' title="bbox 653 2981 2231 3064">
    <p class='ocr_par' dir='ltr' id='par_1_56' title="bbox 653 2981 2230 3051">
     <span class='ocr_line' id='line_1_56' title="bbox 653 2981 2230 3051; baseline 0.011 -19"><span class='ocrx_word' id='word_1_396' title='bbox 653 2981 909 3033; x_wconf 89' lang='lat' dir='ltr'><strong>mendam</strong></span> <span class='ocrx_word' id='word_1_397' title='bbox 998 2991 1220 3051; x_wconf 86' lang='lat' dir='ltr'><strong>propter</strong></span> <span class='ocrx_word' id='word_1_398' title='bbox 1304 2984 1555 3041; x_wconf 64' lang='lat' dir='ltr'><strong>heresim</strong></span> <span class='ocrx_word' id='word_1_399' title='bbox 1643 3005 1787 3044; x_wconf 91' lang='lat' dir='ltr'><strong>nunc</strong></span> <span class='ocrx_word' id='word_1_400' title='bbox 1848 2991 2230 3049; x_wconf 88' lang='lat' dir='ltr'><strong>insanientem.</strong></span> 
     </span>
    </p>
   </div>
   <div class='ocr_carea' id='block_1_57' title="bbox 2333 2981 3934 3064">
    <p class='ocr_par' dir='ltr' id='par_1_57' title="bbox 2336 2986 3934 3064">
     <span class='ocr_line' id='line_1_57' title="bbox 2336 2986 3934 3064; baseline -0.005 -17"><span class='ocrx_word' id='word_1_401' title='bbox 2336 3010 2437 3063; x_wconf 84' lang='grc' dir='ltr'><strong>σης</strong></span> <span class='ocrx_word' id='word_1_402' title='bbox 2472 2993 2760 3064; x_wconf 77' lang='grc' dir='ltr'>αἱρέσεως.</span> <span class='ocrx_word' id='word_1_403' title='bbox 2798 2990 2966 3061; x_wconf 82' lang='grc' dir='ltr'>Δῆλον</span> <span class='ocrx_word' id='word_1_404' title='bbox 2997 2990 3053 3043; x_wconf 82' lang='grc' dir='ltr'>δὲ</span> <span class='ocrx_word' id='word_1_405' title='bbox 3093 2991 3175 3043; x_wconf 87' lang='grc' dir='ltr'>ὅτι</span> <span class='ocrx_word' id='word_1_406' title='bbox 3203 2990 3292 3042; x_wconf 81' lang='grc' dir='ltr'>τὸν</span> <span class='ocrx_word' id='word_1_407' title='bbox 3327 2988 3600 3042; x_wconf 76' lang='grc' dir='ltr'>κοπιῶντα</span> <span class='ocrx_word' id='word_1_408' title='bbox 3646 2986 3740 3040; x_wconf 77' lang='grc' dir='ltr'>καὶ</span> <span class='ocrx_word' id='word_1_409' title='bbox 3787 3002 3934 3039; x_wconf 73' lang='grc' dir='ltr'>πει-</span> 
     </span>
    </p>
   </div>
   <div class='ocr_carea' id='block_1_58' title="bbox 654 3068 2231 3154">
    <p class='ocr_par' dir='ltr' id='par_1_58' title="bbox 654 3068 2231 3150">
     <span class='ocr_line' id='line_1_58' title="bbox 654 3068 2231 3150; baseline 0.01 -25"><span class='ocrx_word' id='word_1_410' title='bbox 654 3068 1000 3127; x_wconf 80' lang='lat' dir='ltr'><strong>Manil‘estum</strong></span> <span class='ocrx_word' id='word_1_411' title='bbox 1023 3083 1202 3127; x_wconf 89' lang='lat' dir='ltr'><strong>autem</strong></span> <span class='ocrx_word' id='word_1_412' title='bbox 1228 3085 1311 3129; x_wconf 88' lang='lat' dir='ltr'><strong>est</strong></span> <span class='ocrx_word' id='word_1_413' title='bbox 1338 3078 1482 3146; x_wconf 92' lang='lat' dir='ltr'><strong>quod</strong></span> <span class='ocrx_word' id='word_1_414' title='bbox 1500 3086 1555 3132; x_wconf 88' lang='lat' dir='ltr'><strong>et</strong></span> <span class='ocrx_word' id='word_1_415' title='bbox 1581 3076 1888 3150; x_wconf 77' lang='lat' dir='ltr'><strong>fatigatum,</strong></span> <span class='ocrx_word' id='word_1_416' title='bbox 1906 3091 1962 3137; x_wconf 89' lang='lat' dir='ltr'><strong>et</strong></span> <span class='ocrx_word' id='word_1_417' title='bbox 1983 3086 2231 3140; x_wconf 91' lang='lat' dir='ltr'><strong>esurien-</strong></span> 
     </span>
    </p>
   </div>
   <div class='ocr_carea' id='block_1_59' title="bbox 2333 3068 3936 3154">
    <p class='ocr_par' dir='ltr' id='par_1_59' title="bbox 2335 3079 3936 3154">
     <span class='ocr_line' id='line_1_59' title="bbox 2335 3079 3936 3154; baseline -0.007 -13"><span class='ocrx_word' id='word_1_418' title='bbox 2335 3088 2534 3152; x_wconf 87' lang='grc' dir='ltr'>νῶντα,</span> <span class='ocrx_word' id='word_1_419' title='bbox 2585 3086 2867 3141; x_wconf 88' lang='grc' dir='ltr'>δειλιῶντά</span> <span class='ocrx_word' id='word_1_420' title='bbox 2917 3102 2978 3139; x_wconf 86' lang='grc' dir='ltr'><strong>τε</strong></span> <span class='ocrx_word' id='word_1_421' title='bbox 3031 3083 3128 3139; x_wconf 72' lang='grc' dir='ltr'>καὶ</span> <span class='ocrx_word' id='word_1_422' title='bbox 3184 3083 3591 3154; x_wconf 76' lang='grc' dir='ltr'>παριστάμενον</span> <span class='ocrx_word' id='word_1_423' title='bbox 3640 3079 3936 3151; x_wconf 75' lang='grc' dir='ltr'>κριτηρίφ</span> 
     </span>
    </p>
   </div>
   <div class='ocr_carea' id='block_1_60' title="bbox 655 3171 2231 3251">
    <p class='ocr_par' dir='ltr' id='par_1_60' title="bbox 655 3171 2226 3233">
     <span class='ocr_line' id='line_1_60' title="bbox 655 3171 2226 3233; baseline 0.01 -17"><span class='ocrx_word' id='word_1_424' title='bbox 655 3171 784 3227; x_wconf 91' lang='lat' dir='ltr'><strong>tem,</strong></span> <span class='ocrx_word' id='word_1_425' title='bbox 835 3172 888 3217; x_wconf 91' lang='lat' dir='ltr'><strong>et</strong></span> <span class='ocrx_word' id='word_1_426' title='bbox 939 3176 1246 3233; x_wconf 84' lang='lat' dir='ltr'><strong>paventem,</strong></span> <span class='ocrx_word' id='word_1_427' title='bbox 1300 3176 1356 3221; x_wconf 91' lang='lat' dir='ltr'><strong>et</strong></span> <span class='ocrx_word' id='word_1_428' title='bbox 1407 3178 1673 3224; x_wconf 88' lang='lat' dir='ltr'><strong>astantem</strong></span> <span class='ocrx_word' id='word_1_429' title='bbox 1733 3187 1917 3227; x_wconf 89' lang='lat' dir='ltr'><strong>coram</strong></span> <span class='ocrx_word' id='word_1_430' title='bbox 1966 3176 2226 3231; x_wconf 90' lang='lat' dir='ltr'><strong>tribunali</strong></span> 
     </span>
    </p>
   </div>
   <div class='ocr_carea' id='block_1_61' title="bbox 2333 3171 3937 3251">
    <p class='ocr_par' dir='ltr' id='par_1_61' title="bbox 2337 3174 3937 3248">
     <span class='ocr_line' id='line_1_61' title="bbox 2337 3174 3937 3248; baseline -0.006 -15"><span class='ocrx_word' id='word_1_431' title='bbox 2337 3174 2476 3234; x_wconf 70' lang='grc' dir='ltr'>οἶδεν</span> <span class='ocrx_word' id='word_1_432' title='bbox 2506 3179 2763 3248; x_wconf 78' lang='grc' dir='ltr'>ἀσφαλῶς</span> <span class='ocrx_word' id='word_1_433' title='bbox 2782 3180 2809 3232; x_wconf 89' lang='lat'><strong>6</strong></span> <span class='ocrx_word' id='word_1_434' title='bbox 2832 3179 3006 3245; x_wconf 74' lang='grc' dir='ltr'>ἅγιος,</span> <span class='ocrx_word' id='word_1_435' title='bbox 3036 3176 3286 3247; x_wconf 85' lang='grc' dir='ltr'>σώματος</span> <span class='ocrx_word' id='word_1_436' title='bbox 3308 3174 3617 3245; x_wconf 80' lang='grc' dir='ltr'>χαρακτῆρι</span> <span class='ocrx_word' id='word_1_437' title='bbox 3647 3174 3937 3243; x_wconf 83' lang='grc' dir='ltr'>περιγρά-</span> 
     </span>
    </p>
   </div>
   <div class='ocr_carea' id='block_1_62' title="bbox 654 3255 2234 3336">
    <p class='ocr_par' dir='ltr' id='par_1_62' title="bbox 654 3255 2234 3336">
     <span class='ocr_line' id='line_1_62' title="bbox 654 3255 2234 3336; baseline 0.011 -29"><span class='ocrx_word' id='word_1_438' title='bbox 654 3255 786 3309; x_wconf 83' lang='lat' dir='ltr'><strong>vidit</strong></span> <span class='ocrx_word' id='word_1_439' title='bbox 824 3256 967 3310; x_wconf 90' lang='lat' dir='ltr'><strong>baud</strong></span> <span class='ocrx_word' id='word_1_440' title='bbox 1016 3257 1180 3312; x_wconf 90' lang='lat' dir='ltr'><strong>dubie</strong></span> <span class='ocrx_word' id='word_1_441' title='bbox 1210 3259 1291 3312; x_wconf 92' lang='lat' dir='ltr'><strong>vir</strong></span> <span class='ocrx_word' id='word_1_442' title='bbox 1340 3270 1563 3317; x_wconf 88' lang='lat' dir='ltr'><strong>sanctus</strong></span> <span class='ocrx_word' id='word_1_443' title='bbox 1608 3262 1781 3333; x_wconf 79' lang='lat' dir='ltr'><strong>elligie</strong></span> <span class='ocrx_word' id='word_1_444' title='bbox 1821 3272 2071 3336; x_wconf 90' lang='lat' dir='ltr'><strong>corporis</strong></span> <span class='ocrx_word' id='word_1_445' title='bbox 2123 3269 2234 3324; x_wconf 88' lang='lat' dir='ltr'><strong>cir-</strong></span> 
     </span>
    </p>
   </div>
   <div class='ocr_carea' id='block_1_63' title="bbox 652 3351 2231 3423">
    <p class='ocr_par' dir='ltr' id='par_1_63' title="bbox 652 3351 2231 3423">
     <span class='ocr_line' id='line_1_63' title="bbox 652 3351 2231 3423; baseline 0.008 -17"><span class='ocrx_word' id='word_1_446' title='bbox 652 3351 972 3417; x_wconf 88' lang='lat' dir='ltr'><strong>cumscribi,</strong></span> <span class='ocrx_word' id='word_1_447' title='bbox 1006 3353 1121 3408; x_wconf 85' lang='lat' dir='ltr'><strong>sive</strong></span> <span class='ocrx_word' id='word_1_448' title='bbox 1144 3354 1195 3407; x_wconf 90' lang='lat' dir='ltr'><strong>in</strong></span> <span class='ocrx_word' id='word_1_449' title='bbox 1229 3355 1433 3423; x_wconf 85' lang='lat' dir='ltr'><strong>pariete</strong></span> <span class='ocrx_word' id='word_1_450' title='bbox 1454 3358 1752 3421; x_wconf 88' lang='lat' dir='ltr'><strong>coloribus,</strong></span> <span class='ocrx_word' id='word_1_451' title='bbox 1787 3359 1904 3413; x_wconf 87' lang='lat' dir='ltr'><strong>sive</strong></span> <span class='ocrx_word' id='word_1_452' title='bbox 1938 3360 1991 3413; x_wconf 93' lang='lat' dir='ltr'><strong>in</strong></span> <span class='ocrx_word' id='word_1_453' title='bbox 2026 3363 2231 3421; x_wconf 85' lang='lat' dir='ltr'><strong>tabula.</strong></span> 
     </span>
    </p>
   </div>
   <div class='ocr_carea' id='block_1_64' title="bbox 654 3443 2232 3520">
    <p class='ocr_par' dir='ltr' id='par_1_64' title="bbox 654 3443 2232 3520">
     <span class='ocr_line' id='line_1_64' title="bbox 654 3443 2232 3520; baseline 0.008 -23"><span class='ocrx_word' id='word_1_454' title='bbox 654 3443 722 3497; x_wconf 82' lang='lat' dir='ltr'><strong>Et</strong></span> <span class='ocrx_word' id='word_1_455' title='bbox 762 3458 889 3497; x_wconf 91' lang='lat' dir='ltr'><strong>vero</strong></span> <span class='ocrx_word' id='word_1_456' title='bbox 925 3445 976 3497; x_wconf 92' lang='lat' dir='ltr'><strong>in</strong></span> <span class='ocrx_word' id='word_1_457' title='bbox 1024 3448 1184 3499; x_wconf 90' lang='lat' dir='ltr'><strong>rebus</strong></span> <span class='ocrx_word' id='word_1_458' title='bbox 1231 3448 1537 3517; x_wconf 83' lang='lat' dir='ltr'><strong>perspicuis</strong></span> <span class='ocrx_word' id='word_1_459' title='bbox 1584 3452 2022 3520; x_wconf 83' lang='lat' dir='ltr'><strong>explanationem</strong></span> <span class='ocrx_word' id='word_1_460' title='bbox 2066 3469 2232 3510; x_wconf 87' lang='lat' dir='ltr'><strong>causa</strong></span> 
     </span>
    </p>
   </div>
   <div class='ocr_carea' id='block_1_65' title="bbox 655 3536 2233 3616">
    <p class='ocr_par' dir='ltr' id='par_1_65' title="bbox 655 3536 2233 3616">
     <span class='ocr_line' id='line_1_65' title="bbox 655 3536 2233 3616; baseline 0.008 -27"><span class='ocrx_word' id='word_1_461' title='bbox 655 3536 805 3591; x_wconf 84' lang='lat' dir='ltr'><strong>nulla</strong></span> <span class='ocrx_word' id='word_1_462' title='bbox 845 3538 1121 3605; x_wconf 87' lang='lat' dir='ltr'><strong>poscebat.</strong></span> <span class='ocrx_word' id='word_1_463' title='bbox 1152 3536 1286 3593; x_wconf 79' lang='lat' dir='ltr'><strong>Nam</strong></span> <span class='ocrx_word' id='word_1_464' title='bbox 1320 3540 1364 3593; x_wconf 90' lang='lat' dir='ltr'><strong>si</strong></span> <span class='ocrx_word' id='word_1_465' title='bbox 1392 3541 1639 3610; x_wconf 91' lang='lat' dir='ltr'><strong>corporis</strong></span> <span class='ocrx_word' id='word_1_466' title='bbox 1676 3554 1949 3611; x_wconf 84' lang='lat' dir='ltr'><strong>expertem</strong></span> <span class='ocrx_word' id='word_1_467' title='bbox 1981 3548 2233 3616; x_wconf 78' lang='lat' dir='ltr'><strong>angelum</strong></span> 
     </span>
    </p>
   </div>
   <div class='ocr_carea' id='block_1_66' title="bbox 654 3630 2231 3711">
    <p class='ocr_par' dir='ltr' id='par_1_66' title="bbox 654 3630 2231 3711">
     <span class='ocr_line' id='line_1_66' title="bbox 654 3630 2231 3711; baseline 0.011 -32"><span class='ocrx_word' id='word_1_468' title='bbox 654 3630 829 3684; x_wconf 90' lang='lat' dir='ltr'><strong>visum</strong></span> <span class='ocrx_word' id='word_1_469' title='bbox 862 3646 891 3683; x_wconf 91' lang='lat' dir='ltr'><strong>a</strong></span> <span class='ocrx_word' id='word_1_470' title='bbox 911 3647 969 3685; x_wconf 88' lang='lat' dir='ltr'><strong>se</strong></span> <span class='ocrx_word' id='word_1_471' title='bbox 994 3642 1180 3685; x_wconf 87' lang='lat' dir='ltr'><strong>narrat</strong></span> <span class='ocrx_word' id='word_1_472' title='bbox 1210 3633 1262 3685; x_wconf 90' lang='lat' dir='ltr'><strong>in</strong></span> <span class='ocrx_word' id='word_1_473' title='bbox 1288 3634 1545 3703; x_wconf 77' lang='lat' dir='ltr'><strong>imagine,</strong></span> <span class='ocrx_word' id='word_1_474' title='bbox 1582 3636 1859 3691; x_wconf 87' lang='lat' dir='ltr'><strong>Christum</strong></span> <span class='ocrx_word' id='word_1_475' title='bbox 1883 3652 2231 3711; x_wconf 90' lang='lat' dir='ltr'><strong>corporatum</strong></span> 
     </span>
    </p>
   </div>
   <div class='ocr_carea' id='block_1_67' title="bbox 655 3722 2233 3803">
    <p class='ocr_par' dir='ltr' id='par_1_67' title="bbox 655 3722 2233 3803">
     <span class='ocr_line' id='line_1_67' title="bbox 655 3722 2233 3803; baseline 0.011 -29"><span class='ocrx_word' id='word_1_476' title='bbox 655 3737 763 3775; x_wconf 89' lang='lat' dir='ltr'><strong>non</strong></span> <span class='ocrx_word' id='word_1_477' title='bbox 795 3722 935 3775; x_wconf 90' lang='lat' dir='ltr'><strong>idem</strong></span> <span class='ocrx_word' id='word_1_478' title='bbox 976 3722 1028 3776; x_wconf 91' lang='lat' dir='ltr'><strong>iu</strong></span> <span class='ocrx_word' id='word_1_479' title='bbox 1061 3723 1296 3792; x_wconf 81' lang='lat' dir='ltr'><strong>imagine</strong></span> <span class='ocrx_word' id='word_1_480' title='bbox 1326 3726 1523 3781; x_wconf 86' lang='lat' dir='ltr'><strong>viderit</strong></span> <span class='ocrx_word' id='word_1_481' title='bbox 1556 3728 1579 3780; x_wconf 89' lang='lat'><strong>?</strong></span> <span class='ocrx_word' id='word_1_482' title='bbox 1616 3729 1892 3786; x_wconf 89' lang='lat' dir='ltr'><strong>Dementis</strong></span> <span class='ocrx_word' id='word_1_483' title='bbox 1928 3736 2117 3803; x_wconf 89' lang='lat' dir='ltr'><strong>utique</strong></span> <span class='ocrx_word' id='word_1_484' title='bbox 2146 3745 2233 3791; x_wconf 83' lang='lat' dir='ltr'><strong>est</strong></span> 
     </span>
    </p>
   </div>
   <div class='ocr_carea' id='block_1_68' title="bbox 654 3815 2233 3895">
    <p class='ocr_par' dir='ltr' id='par_1_68' title="bbox 654 3815 2233 3895">
     <span class='ocr_line' id='line_1_68' title="bbox 654 3815 2233 3895; baseline 0.01 -27"><span class='ocrx_word' id='word_1_485' title='bbox 654 3816 723 3868; x_wconf 91' lang='lat' dir='ltr'><strong>de</strong></span> <span class='ocrx_word' id='word_1_486' title='bbox 748 3815 865 3868; x_wconf 92' lang='lat' dir='ltr'><strong>viro</strong></span> <span class='ocrx_word' id='word_1_487' title='bbox 882 3826 1073 3871; x_wconf 83' lang='lat' dir='ltr'><strong>saneto</strong></span> <span class='ocrx_word' id='word_1_488' title='bbox 1101 3818 1206 3872; x_wconf 85' lang='lat' dir='ltr'><strong>tale</strong></span> <span class='ocrx_word' id='word_1_489' title='bbox 1238 3818 1443 3887; x_wconf 78' lang='lat' dir='ltr'><strong>aliquid</strong></span> <span class='ocrx_word' id='word_1_490' title='bbox 1489 3822 1775 3889; x_wconf 87' lang='lat' dir='ltr'><strong>suspicari.</strong></span> <span class='ocrx_word' id='word_1_491' title='bbox 1803 3823 1860 3877; x_wconf 84' lang='lat' dir='ltr'><strong>Si</strong></span> <span class='ocrx_word' id='word_1_492' title='bbox 1890 3826 2054 3895; x_wconf 89' lang='lat' dir='ltr'><strong>igitur</strong></span> <span class='ocrx_word' id='word_1_493' title='bbox 2088 3829 2233 3884; x_wconf 91' lang='lat' dir='ltr'><strong>hunc</strong></span> 
     </span>
    </p>
   </div>
   <div class='ocr_carea' id='block_1_69' title="bbox 655 3910 2230 3982">
    <p class='ocr_par' dir='ltr' id='par_1_69' title="bbox 655 3910 2230 3982">
     <span class='ocr_line' id='line_1_69' title="bbox 655 3910 2230 3982; baseline 0.009 -21"><span class='ocrx_word' id='word_1_494' title='bbox 655 3916 845 3961; x_wconf 85' lang='lat' dir='ltr'><strong>testem</strong></span> <span class='ocrx_word' id='word_1_495' title='bbox 900 3910 1272 3965; x_wconf 82' lang='lat' dir='ltr'><strong>advocanlsui</strong></span> <span class='ocrx_word' id='word_1_496' title='bbox 1309 3913 1459 3980; x_wconf 89' lang='lat' dir='ltr'><strong>pravi</strong></span> <span class='ocrx_word' id='word_1_497' title='bbox 1506 3914 1797 3982; x_wconf 86' lang='lat' dir='ltr'><strong>dogmatis,</strong></span> <span class='ocrx_word' id='word_1_498' title='bbox 1825 3932 1923 3971; x_wconf 91' lang='lat' dir='ltr'><strong>cur</strong></span> <span class='ocrx_word' id='word_1_499' title='bbox 1976 3923 2230 3975; x_wconf 90' lang='lat' dir='ltr'><strong>eumdem</strong></span> 
     </span>
    </p>
   </div>
   <div class='ocr_carea' id='block_1_70' title="bbox 656 4000 2231 4082">
    <p class='ocr_par' dir='ltr' id='par_1_70' title="bbox 656 4000 2231 4082">
     <span class='ocr_line' id='line_1_70' title="bbox 656 4000 2231 4082; baseline 0.01 -31"><span class='ocrx_word' id='word_1_500' title='bbox 656 4000 933 4069; x_wconf 75' lang='lat' dir='ltr'><strong>rejiciuut,</strong></span> <span class='ocrx_word' id='word_1_501' title='bbox 993 4016 1057 4056; x_wconf 91' lang='lat' dir='ltr'><strong>ac</strong></span> <span class='ocrx_word' id='word_1_502' title='bbox 1100 4002 1184 4055; x_wconf 88' lang='lat' dir='ltr'><strong>vel</strong></span> <span class='ocrx_word' id='word_1_503' title='bbox 1223 4006 1498 4073; x_wconf 85' lang='lat' dir='ltr'><strong>angelum,</strong></span> <span class='ocrx_word' id='word_1_504' title='bbox 1539 4007 1677 4061; x_wconf 89' lang='lat' dir='ltr'><strong>vele</strong></span> <span class='ocrx_word' id='word_1_505' title='bbox 1733 4009 1939 4063; x_wconf 82' lang='lat' dir='ltr'><strong>sanctis</strong></span> <span class='ocrx_word' id='word_1_506' title='bbox 1993 4011 2231 4082; x_wconf 87' lang='lat' dir='ltr'><strong>aliquem</strong></span> 
     </span>
    </p>
   </div>
   <div class='ocr_carea' id='block_1_71' title="bbox 653 4093 2229 4171">
    <p class='ocr_par' dir='ltr' id='par_1_71' title="bbox 653 4093 2229 4171">
     <span class='ocr_line' id='line_1_71' title="bbox 653 4093 2229 4171; baseline 0.011 -29"><span class='ocrx_word' id='word_1_507' title='bbox 653 4094 801 4162; x_wconf 89' lang='lat' dir='ltr'><strong>pingi</strong></span> <span class='ocrx_word' id='word_1_508' title='bbox 824 4107 964 4161; x_wconf 68' lang='lat' dir='ltr'><strong>aegre</strong></span> <span class='ocrx_word' id='word_1_509' title='bbox 989 4093 1201 4148; x_wconf 82' lang='lat' dir='ltr'><strong>ferunt?</strong></span> <span class='ocrx_word' id='word_1_510' title='bbox 1235 4096 1368 4149; x_wconf 89' lang='lat' dir='ltr'><strong>Cum</strong></span> <span class='ocrx_word' id='word_1_511' title='bbox 1387 4098 2184 4171; x_wconf 81' lang='lat' dir='ltr'><strong>dicatalirnbiChrysostomus</strong></span> <span class='ocrx_word' id='word_1_512' title='bbox 2214 4122 2229 4159; x_wconf 87' lang='lat'><strong>:</strong></span> 
     </span>
    </p>
   </div>
   <div class='ocr_carea' id='block_1_72' title="bbox 658 4180 2229 4260">
    <p class='ocr_par' dir='ltr' id='par_1_72' title="bbox 658 4180 2229 4260">
     <span class='ocr_line' id='line_1_72' title="bbox 658 4180 2229 4260; baseline 0.01 -28"><span class='ocrx_word' id='word_1_513' title='bbox 658 4198 678 4231; x_wconf 72' lang='grc' dir='ltr'><strong>α</strong></span> <span class='ocrx_word' id='word_1_514' title='bbox 715 4180 869 4245; x_wconf 85' lang='lat' dir='ltr'><strong>Quod</strong></span> <span class='ocrx_word' id='word_1_515' title='bbox 925 4182 1092 4252; x_wconf 85' lang='lat' dir='ltr'><strong>igitur</strong></span> <span class='ocrx_word' id='word_1_516' title='bbox 1127 4184 1179 4236; x_wconf 89' lang='lat' dir='ltr'><strong>in</strong></span> <span class='ocrx_word' id='word_1_517' title='bbox 1218 4186 1533 4241; x_wconf 85' lang='lat' dir='ltr'><strong>nominibus</strong></span> <span class='ocrx_word' id='word_1_518' title='bbox 1566 4186 1793 4255; x_wconf 76' lang='lat' dir='ltr'><strong>fecistis,</strong></span> <span class='ocrx_word' id='word_1_519' title='bbox 1842 4189 1947 4245; x_wconf 86' lang='lat' dir='ltr'><strong>hoc</strong></span> <span class='ocrx_word' id='word_1_520' title='bbox 1977 4191 2152 4260; x_wconf 88' lang='lat' dir='ltr'><strong>ipsum</strong></span> <span class='ocrx_word' id='word_1_521' title='bbox 2175 4194 2229 4248; x_wconf 86' lang='lat' dir='ltr'><strong>in</strong></span> 
     </span>
    </p>
   </div>
   <div class='ocr_carea' id='block_1_73' title="bbox 651 4271 2231 4343">
    <p class='ocr_par' dir='ltr' id='par_1_73' title="bbox 651 4271 2231 4343">
     <span class='ocr_line' id='line_1_73' title="bbox 651 4271 2231 4343; baseline 0.008 -18"><span class='ocrx_word' id='word_1_522' title='bbox 651 4271 899 4340; x_wconf 88' lang='lat' dir='ltr'><strong>ejusdem</strong></span> <span class='ocrx_word' id='word_1_523' title='bbox 969 4273 1204 4341; x_wconf 86' lang='lat' dir='ltr'><strong>imagine</strong></span> <span class='ocrx_word' id='word_1_524' title='bbox 1250 4276 1675 4343; x_wconf 68' lang='lat' dir='ltr'><strong>praastitistis&quot;,</strong></span> <span class='ocrx_word' id='word_1_525' title='bbox 1721 4297 1740 4328; x_wconf 78' lang='grc' dir='ltr'><strong>ι</strong></span> <span class='ocrx_word' id='word_1_526' title='bbox 1800 4282 1974 4334; x_wconf 90' lang='lat' dir='ltr'><strong>sancti</strong></span> <span class='ocrx_word' id='word_1_527' title='bbox 2032 4281 2231 4337; x_wconf 80' lang='lat' dir='ltr'><strong>Meletii</strong></span> 
     </span>
    </p>
   </div>
   <div class='ocr_carea' id='block_1_74' title="bbox 653 4364 2232 4442">
    <p class='ocr_par' dir='ltr' id='par_1_74' title="bbox 653 4364 2232 4442">
     <span class='ocr_line' id='line_1_74' title="bbox 653 4364 2232 4442; baseline 0.008 -23"><span class='ocrx_word' id='word_1_528' title='bbox 653 4364 883 4419; x_wconf 84' lang='lat' dir='ltr'><strong>scilicet.</strong></span> <span class='ocrx_word' id='word_1_529' title='bbox 923 4383 941 4416; x_wconf 82' lang='lat'><strong>(</strong></span> <span class='ocrx_word' id='word_1_530' title='bbox 979 4366 1116 4419; x_wconf 87' lang='lat' dir='ltr'><strong>Nam</strong></span> <span class='ocrx_word' id='word_1_531' title='bbox 1143 4375 1196 4420; x_wconf 92' lang='lat' dir='ltr'><strong>et</strong></span> <span class='ocrx_word' id='word_1_532' title='bbox 1227 4368 1280 4421; x_wconf 90' lang='lat' dir='ltr'><strong>in</strong></span> <span class='ocrx_word' id='word_1_533' title='bbox 1308 4370 1635 4423; x_wconf 86' lang='lat' dir='ltr'><strong>annnlorum</strong></span> <span class='ocrx_word' id='word_1_534' title='bbox 1664 4371 1819 4439; x_wconf 90' lang='lat' dir='ltr'><strong>palis,</strong></span> <span class='ocrx_word' id='word_1_535' title='bbox 1848 4383 1904 4426; x_wconf 89' lang='lat' dir='ltr'><strong>et</strong></span> <span class='ocrx_word' id='word_1_536' title='bbox 1930 4373 1983 4426; x_wconf 92' lang='lat' dir='ltr'><strong>in</strong></span> <span class='ocrx_word' id='word_1_537' title='bbox 2019 4375 2232 4442; x_wconf 87' lang='lat' dir='ltr'><strong>poculis</strong></span> 
     </span>
    </p>
   </div>
   <div class='ocr_carea' id='block_1_75' title="bbox 654 4456 2232 4535">
    <p class='ocr_par' dir='ltr' id='par_1_75' title="bbox 654 4456 2232 4535">
     <span class='ocr_line' id='line_1_75' title="bbox 654 4456 2232 4535; baseline 0.008 -27"><span class='ocrx_word' id='word_1_538' title='bbox 654 4456 985 4524; x_wconf 85' lang='lat' dir='ltr'><strong>paterisque,</strong></span> <span class='ocrx_word' id='word_1_539' title='bbox 1016 4466 1070 4510; x_wconf 90' lang='lat' dir='ltr'><strong>et</strong></span> <span class='ocrx_word' id='word_1_540' title='bbox 1116 4458 1172 4511; x_wconf 87' lang='lat' dir='ltr'><strong>in</strong></span> <span class='ocrx_word' id='word_1_541' title='bbox 1203 4460 1581 4515; x_wconf 81' lang='lat' dir='ltr'><strong>cubiculorum</strong></span> <span class='ocrx_word' id='word_1_542' title='bbox 1612 4463 1938 4531; x_wconf 90' lang='lat' dir='ltr'><strong>parietibus,</strong></span> <span class='ocrx_word' id='word_1_543' title='bbox 1962 4466 2232 4535; x_wconf 90' lang='lat' dir='ltr'><strong>etubique</strong></span> 
     </span>
    </p>
   </div>
   <div class='ocr_carea' id='block_1_76' title="bbox 653 4537 2306 4628">
    <p class='ocr_par' dir='ltr' id='par_1_76' title="bbox 653 4537 2306 4628">
     <span class='ocr_line' id='line_1_76' title="bbox 653 4537 2306 4628; baseline 0.009 -29"><span class='ocrx_word' id='word_1_544' title='bbox 653 4548 857 4615; x_wconf 90' lang='lat' dir='ltr'><strong>passim</strong></span> <span class='ocrx_word' id='word_1_545' title='bbox 906 4558 1148 4602; x_wconf 89' lang='lat' dir='ltr'><strong>sanctam</strong></span> <span class='ocrx_word' id='word_1_546' title='bbox 1188 4550 1336 4605; x_wconf 80' lang='lat' dir='ltr'><strong>illam</strong></span> <span class='ocrx_word' id='word_1_547' title='bbox 1384 4552 1676 4621; x_wconf 88' lang='lat' dir='ltr'><strong>imaginem</strong></span> <span class='ocrx_word' id='word_1_548' title='bbox 1733 4557 1886 4610; x_wconf 91' lang='lat' dir='ltr'><strong>multi</strong></span> <span class='ocrx_word' id='word_1_549' title='bbox 1928 4557 2231 4628; x_wconf 85' lang='lat' dir='ltr'><strong>insculpse-</strong></span> <span class='ocrx_word' id='word_1_550' title='bbox 2260 4537 2306 4593; x_wconf 70' lang='grc' dir='ltr'><strong>θ</strong></span> 
     </span>
    </p>
   </div>
   <div class='ocr_carea' id='block_1_77' title="bbox 652 4639 2229 4715">
    <p class='ocr_par' dir='ltr' id='par_1_77' title="bbox 652 4639 2229 4715">
     <span class='ocr_line' id='line_1_77' title="bbox 652 4639 2229 4715; baseline 0.009 -23"><span class='ocrx_word' id='word_1_551' title='bbox 652 4648 782 4692; x_wconf 82' lang='lat' dir='ltr'><strong>runt</strong></span> <span class='ocrx_word' id='word_1_552' title='bbox 809 4641 904 4709; x_wconf 93' lang='lat' dir='ltr'><strong>(l).</strong></span> <span class='ocrx_word' id='word_1_553' title='bbox 940 4658 958 4690; x_wconf 72' lang='grc' dir='ltr'><strong>ι</strong></span> <span class='ocrx_word' id='word_1_554' title='bbox 994 4639 1105 4695; x_wconf 87' lang='lat' dir='ltr'><strong>Nec</strong></span> <span class='ocrx_word' id='word_1_555' title='bbox 1152 4652 1330 4696; x_wconf 87' lang='lat' dir='ltr'><strong>tamen</strong></span> <span class='ocrx_word' id='word_1_556' title='bbox 1376 4659 1537 4699; x_wconf 87' lang='lat' dir='ltr'><strong>aures</strong></span> <span class='ocrx_word' id='word_1_557' title='bbox 1573 4646 1621 4699; x_wconf 91' lang='lat' dir='ltr'><strong>ei</strong></span> <span class='ocrx_word' id='word_1_558' title='bbox 1662 4648 1901 4715; x_wconf 57' lang='lat' dir='ltr'><strong>praebere</strong></span> <span class='ocrx_word' id='word_1_559' title='bbox 1936 4650 2229 4706; x_wconf 90' lang='lat' dir='ltr'><strong>sustinent.</strong></span> 
     </span>
    </p>
   </div>
   <div class='ocr_carea' id='block_1_78' title="bbox 652 4728 2231 4813">
    <p class='ocr_par' dir='ltr' id='par_1_78' title="bbox 652 4728 2231 4813">
     <span class='ocr_line' id='line_1_78' title="bbox 652 4728 2231 4813; baseline 0.01 -30"><span class='ocrx_word' id='word_1_560' title='bbox 652 4728 729 4784; x_wconf 89' lang='lat' dir='ltr'><strong>De</strong></span> <span class='ocrx_word' id='word_1_561' title='bbox 759 4731 985 4786; x_wconf 88' lang='lat' dir='ltr'><strong>historia</strong></span> <span class='ocrx_word' id='word_1_562' title='bbox 1006 4734 1176 4788; x_wconf 88' lang='lat' dir='ltr'><strong>sancti</strong></span> <span class='ocrx_word' id='word_1_563' title='bbox 1211 4734 1481 4790; x_wconf 89' lang='lat' dir='ltr'><strong>Pancratii</strong></span> <span class='ocrx_word' id='word_1_564' title='bbox 1511 4738 1653 4805; x_wconf 89' lang='lat' dir='ltr'><strong>quod</strong></span> <span class='ocrx_word' id='word_1_565' title='bbox 1682 4755 1787 4793; x_wconf 94' lang='lat' dir='ltr'><strong>non</strong></span> <span class='ocrx_word' id='word_1_566' title='bbox 1823 4741 2029 4811; x_wconf 86' lang='lat' dir='ltr'><strong>liqueat</strong></span> <span class='ocrx_word' id='word_1_567' title='bbox 2060 4758 2089 4797; x_wconf 90' lang='lat' dir='ltr'><strong>a</strong></span> <span class='ocrx_word' id='word_1_568' title='bbox 2121 4759 2231 4813; x_wconf 90' lang='lat' dir='ltr'><strong>quo</strong></span> 
     </span>
    </p>
   </div>
   <div class='ocr_carea' id='block_1_79' title="bbox 652 4822 2232 4905">
    <p class='ocr_par' dir='ltr' id='par_1_79' title="bbox 652 4822 2232 4905">
     <span class='ocr_line' id='line_1_79' title="bbox 652 4822 2232 4905; baseline 0.009 -30"><span class='ocrx_word' id='word_1_569' title='bbox 652 4822 724 4877; x_wconf 78' lang='lat' dir='ltr'><strong>sit</strong></span> <span class='ocrx_word' id='word_1_570' title='bbox 754 4834 1001 4890; x_wconf 83' lang='lat' dir='ltr'><strong>exarata,</strong></span> <span class='ocrx_word' id='word_1_571' title='bbox 1053 4825 1183 4894; x_wconf 89' lang='lat' dir='ltr'><strong>quid</strong></span> <span class='ocrx_word' id='word_1_572' title='bbox 1232 4836 1346 4880; x_wconf 85' lang='lat' dir='ltr'><strong>tum</strong></span> <span class='ocrx_word' id='word_1_573' title='bbox 1378 4827 1723 4901; x_wconf 84' lang='lat' dir='ltr'><strong>?Martyrum</strong></span> <span class='ocrx_word' id='word_1_574' title='bbox 1769 4842 1919 4902; x_wconf 86' lang='lat' dir='ltr'><strong>gesta</strong></span> <span class='ocrx_word' id='word_1_575' title='bbox 1971 4835 2232 4905; x_wconf 90' lang='lat' dir='ltr'><strong>pleraque</strong></span> 
     </span>
    </p>
   </div>
   <div class='ocr_carea' id='block_1_80' title="bbox 652 4916 2228 4991">
    <p class='ocr_par' dir='ltr' id='par_1_80' title="bbox 652 4916 2228 4991">
     <span class='ocr_line' id='line_1_80' title="bbox 652 4916 2228 4991; baseline 0.008 -21"><span class='ocrx_word' id='word_1_576' title='bbox 652 4916 837 4970; x_wconf 87' lang='lat' dir='ltr'><strong>omnia</strong></span> <span class='ocrx_word' id='word_1_577' title='bbox 871 4919 1022 4971; x_wconf 93' lang='lat' dir='ltr'><strong>nullo</strong></span> <span class='ocrx_word' id='word_1_578' title='bbox 1070 4929 1197 4974; x_wconf 90' lang='lat' dir='ltr'><strong>sunt</strong></span> <span class='ocrx_word' id='word_1_579' title='bbox 1246 4920 1506 4991; x_wconf 85' lang='lat' dir='ltr'><strong>inscripta</strong></span> <span class='ocrx_word' id='word_1_580' title='bbox 1544 4924 1698 4978; x_wconf 88' lang='lat' dir='ltr'><strong>titulo</strong></span> <span class='ocrx_word' id='word_1_581' title='bbox 1735 4944 1747 4978; x_wconf 87' lang='lat'><strong>:</strong></span> <span class='ocrx_word' id='word_1_582' title='bbox 1790 4937 1848 4979; x_wconf 92' lang='lat' dir='ltr'><strong>at</strong></span> <span class='ocrx_word' id='word_1_583' title='bbox 1886 4935 2013 4981; x_wconf 85' lang='lat' dir='ltr'><strong>sunt</strong></span> <span class='ocrx_word' id='word_1_584' title='bbox 2042 4928 2228 4982; x_wconf 88' lang='lat' dir='ltr'><strong>eadem</strong></span> 
     </span>
    </p>
   </div>
   <div class='ocr_carea' id='block_1_81' title="bbox 652 5008 2231 5087">
    <p class='ocr_par' dir='ltr' id='par_1_81' title="bbox 652 5008 2231 5087">
     <span class='ocr_line' id='line_1_81' title="bbox 652 5008 2231 5087; baseline 0.007 -26"><span class='ocrx_word' id='word_1_585' title='bbox 652 5016 833 5061; x_wconf 89' lang='lat' dir='ltr'><strong>tamen</strong></span> <span class='ocrx_word' id='word_1_586' title='bbox 879 5008 1141 5065; x_wconf 89' lang='lat' dir='ltr'><strong>sincera:</strong></span> <span class='ocrx_word' id='word_1_587' title='bbox 1193 5022 1355 5081; x_wconf 89' lang='lat' dir='ltr'><strong>atque</strong></span> <span class='ocrx_word' id='word_1_588' title='bbox 1398 5014 1525 5068; x_wconf 89' lang='lat' dir='ltr'><strong>inde</strong></span> <span class='ocrx_word' id='word_1_589' title='bbox 1589 5015 1841 5070; x_wconf 86' lang='lat' dir='ltr'><strong>doctores</strong></span> <span class='ocrx_word' id='word_1_590' title='bbox 1901 5016 2231 5087; x_wconf 86' lang='lat' dir='ltr'><strong>depromunt</strong></span> 
     </span>
    </p>
   </div>
   <div class='ocr_carea' id='block_1_82' title="bbox 652 5103 2229 5175">
    <p class='ocr_par' dir='ltr' id='par_1_82' title="bbox 652 5103 2229 5175">
     <span class='ocr_line' id='line_1_82' title="bbox 652 5103 2229 5175; baseline 0.008 -22"><span class='ocrx_word' id='word_1_591' title='bbox 652 5108 971 5169; x_wconf 87' lang='lat' dir='ltr'><strong>argumenta</strong></span> <span class='ocrx_word' id='word_1_592' title='bbox 1012 5103 1065 5155; x_wconf 90' lang='lat' dir='ltr'><strong>in</strong></span> <span class='ocrx_word' id='word_1_593' title='bbox 1111 5113 1409 5175; x_wconf 85' lang='lat' dir='ltr'><strong>martyrum</strong></span> <span class='ocrx_word' id='word_1_594' title='bbox 1446 5106 1682 5161; x_wconf 89' lang='lat' dir='ltr'><strong>laudem.</strong></span> <span class='ocrx_word' id='word_1_595' title='bbox 1713 5106 1923 5163; x_wconf 87' lang='lat' dir='ltr'><strong>Colitur</strong></span> <span class='ocrx_word' id='word_1_596' title='bbox 1950 5111 2004 5163; x_wconf 90' lang='lat' dir='ltr'><strong>in</strong></span> <span class='ocrx_word' id='word_1_597' title='bbox 2041 5110 2229 5166; x_wconf 82' lang='lat' dir='ltr'><strong>Sicilia</strong></span> 
     </span>
    </p>
   </div>
   <div class='ocr_carea' id='block_1_83' title="bbox 650 5190 2225 5271">
    <p class='ocr_par' dir='ltr' id='par_1_83' title="bbox 650 5190 2225 5271">
     <span class='ocr_line' id='line_1_83' title="bbox 650 5190 2225 5271; baseline 0.008 -27"><span class='ocrx_word' id='word_1_598' title='bbox 650 5199 875 5245; x_wconf 82' lang='lat' dir='ltr'><strong>sanctus</strong></span> <span class='ocrx_word' id='word_1_599' title='bbox 917 5190 1261 5262; x_wconf 86' lang='lat' dir='ltr'><strong>Pancratius,</strong></span> <span class='ocrx_word' id='word_1_600' title='bbox 1302 5198 1416 5251; x_wconf 64' lang='lat' dir='ltr'><strong>inde</strong></span> <span class='ocrx_word' id='word_1_601' title='bbox 1464 5201 1722 5266; x_wconf 86' lang='lat' dir='ltr'><strong>maxima,</strong></span> <span class='ocrx_word' id='word_1_602' title='bbox 1763 5201 1816 5255; x_wconf 94' lang='lat' dir='ltr'><strong>in</strong></span> <span class='ocrx_word' id='word_1_603' title='bbox 1846 5217 1954 5271; x_wconf 90' lang='lat' dir='ltr'><strong>qua</strong></span> <span class='ocrx_word' id='word_1_604' title='bbox 1980 5213 2034 5257; x_wconf 87' lang='lat' dir='ltr'><strong>et</strong></span> <span class='ocrx_word' id='word_1_605' title='bbox 2057 5206 2225 5256; x_wconf 86' lang='lat' dir='ltr'><strong>mira-</strong></span> 
     </span>
    </p>
   </div>
   <div class='ocr_carea' id='block_1_84' title="bbox 652 5282 2224 5361">
    <p class='ocr_par' dir='ltr' id='par_1_84' title="bbox 652 5282 2224 5361">
     <span class='ocr_line' id='line_1_84' title="bbox 652 5282 2224 5361; baseline 0.008 -25"><span class='ocrx_word' id='word_1_606' title='bbox 652 5282 771 5336; x_wconf 90' lang='lat' dir='ltr'><strong>cnla</strong></span> <span class='ocrx_word' id='word_1_607' title='bbox 804 5284 888 5337; x_wconf 89' lang='lat' dir='ltr'><strong>edi</strong></span> <span class='ocrx_word' id='word_1_608' title='bbox 921 5296 1163 5341; x_wconf 88' lang='lat' dir='ltr'><strong>narrant.</strong></span> <span class='ocrx_word' id='word_1_609' title='bbox 1191 5286 1295 5354; x_wconf 87' lang='lat' dir='ltr'><strong>Qui</strong></span> <span class='ocrx_word' id='word_1_610' title='bbox 1314 5288 1478 5359; x_wconf 85' lang='lat' dir='ltr'><strong>igitur</strong></span> <span class='ocrx_word' id='word_1_611' title='bbox 1514 5291 1795 5344; x_wconf 86' lang='lat' dir='ltr'><strong>historiam</strong></span> <span class='ocrx_word' id='word_1_612' title='bbox 1828 5308 1937 5347; x_wconf 88' lang='lat' dir='ltr'><strong>non</strong></span> <span class='ocrx_word' id='word_1_613' title='bbox 1968 5293 2224 5361; x_wconf 88' lang='lat' dir='ltr'><strong>admittit,</strong></span> 
     </span>
    </p>
   </div>
   <div class='ocr_carea' id='block_1_85' title="bbox 649 5379 2220 5456">
    <p class='ocr_par' dir='ltr' id='par_1_85' title="bbox 649 5379 2220 5456">
     <span class='ocr_line' id='line_1_85' title="bbox 649 5379 2220 5456; baseline 0.011 -31"><span class='ocrx_word' id='word_1_614' title='bbox 649 5384 944 5445; x_wconf 86' lang='lat' dir='ltr'><strong>martyrem</strong></span> <span class='ocrx_word' id='word_1_615' title='bbox 999 5394 1107 5433; x_wconf 90' lang='lat' dir='ltr'><strong>una</strong></span> <span class='ocrx_word' id='word_1_616' title='bbox 1140 5379 1390 5436; x_wconf 85' lang='lat' dir='ltr'><strong>videlicet</strong></span> <span class='ocrx_word' id='word_1_617' title='bbox 1442 5394 1796 5453; x_wconf 86' lang='lat' dir='ltr'><strong>aspernatur.</strong></span> <span class='ocrx_word' id='word_1_618' title='bbox 1831 5383 1956 5441; x_wconf 67' lang='lat' dir='ltr'><strong>Haec</strong></span> <span class='ocrx_word' id='word_1_619' title='bbox 1998 5387 2220 5456; x_wconf 90' lang='lat' dir='ltr'><strong>quidem</strong></span> 
     </span>
    </p>
   </div>
   <div class='ocr_carea' id='block_1_86' title="bbox 2338 3268 3936 3344">
    <p class='ocr_par' dir='ltr' id='par_1_86' title="bbox 2338 3268 3936 3344">
     <span class='ocr_line' id='line_1_86' title="bbox 2338 3268 3936 3344; baseline -0.004 -17"><span class='ocrx_word' id='word_1_620' title='bbox 2338 3273 2556 3344; x_wconf 81' lang='grc' dir='ltr'>φεσθαι,</span> <span class='ocrx_word' id='word_1_621' title='bbox 2578 3274 2688 3326; x_wconf 82' lang='grc' dir='ltr'>εῐτε</span> <span class='ocrx_word' id='word_1_622' title='bbox 2722 3275 2780 3325; x_wconf 79' lang='grc' dir='ltr'>ὲν</span> <span class='ocrx_word' id='word_1_623' title='bbox 2806 3274 2974 3341; x_wconf 81' lang='grc' dir='ltr'>τοίχῳ</span> <span class='ocrx_word' id='word_1_624' title='bbox 2993 3271 3297 3342; x_wconf 73' lang='grc' dir='ltr'>χρώμασιν,</span> <span class='ocrx_word' id='word_1_625' title='bbox 3331 3271 3438 3322; x_wconf 69' lang='grc' dir='ltr'>εἴτε</span> <span class='ocrx_word' id='word_1_626' title='bbox 3474 3271 3530 3321; x_wconf 83' lang='grc' dir='ltr'>ὲν</span> <span class='ocrx_word' id='word_1_627' title='bbox 3562 3268 3767 3321; x_wconf 81' lang='grc' dir='ltr'>πίνακι.</span> <span class='ocrx_word' id='word_1_628' title='bbox 3801 3269 3936 3321; x_wconf 71' lang='grc' dir='ltr'><strong>Καὶ</strong></span> 
     </span>
    </p>
   </div>
   <div class='ocr_carea' id='block_1_87' title="bbox 2336 3357 3929 3435">
    <p class='ocr_par' dir='ltr' id='par_1_87' title="bbox 2336 3357 3929 3435">
     <span class='ocr_line' id='line_1_87' title="bbox 2336 3357 3929 3435; baseline -0.008 -15"><span class='ocrx_word' id='word_1_629' title='bbox 2336 3367 2394 3419; x_wconf 79' lang='grc' dir='ltr'>ὲν</span> <span class='ocrx_word' id='word_1_630' title='bbox 2423 3368 2536 3429; x_wconf 86' lang='grc' dir='ltr'>τοῖς</span> <span class='ocrx_word' id='word_1_631' title='bbox 2571 3362 2857 3435; x_wconf 73' lang='grc' dir='ltr'>ἐναργέσιν</span> <span class='ocrx_word' id='word_1_632' title='bbox 2899 3362 2998 3415; x_wconf 84' lang='grc' dir='ltr'>οὐκ</span> <span class='ocrx_word' id='word_1_633' title='bbox 3035 3357 3103 3432; x_wconf 78' lang='grc' dir='ltr'>ἦν</span> <span class='ocrx_word' id='word_1_634' title='bbox 3146 3361 3303 3428; x_wconf 84' lang='grc' dir='ltr'>λόγος</span> <span class='ocrx_word' id='word_1_635' title='bbox 3334 3359 3480 3430; x_wconf 81' lang='grc' dir='ltr'><strong>αὐτῷ</strong></span> <span class='ocrx_word' id='word_1_636' title='bbox 3510 3359 3929 3427; x_wconf 76' lang='grc' dir='ltr'>διασαφήσεως,</span> 
     </span>
    </p>
   </div>
   <div class='ocr_carea' id='block_1_88' title="bbox 2336 3449 3931 3528">
    <p class='ocr_par' dir='ltr' id='par_1_88' title="bbox 2336 3449 3931 3528">
     <span class='ocr_line' id='line_1_88' title="bbox 2336 3449 3931 3528; baseline -0.006 -17"><span class='ocrx_word' id='word_1_637' title='bbox 2336 3457 2400 3512; x_wconf 78' lang='lat' dir='ltr'><strong>El</strong></span> <span class='ocrx_word' id='word_1_638' title='bbox 2434 3458 2544 3528; x_wconf 81' lang='grc' dir='ltr'><strong>γὰρ</strong></span> <span class='ocrx_word' id='word_1_639' title='bbox 2574 3457 2667 3509; x_wconf 83' lang='grc' dir='ltr'>τὸν</span> <span class='ocrx_word' id='word_1_640' title='bbox 2709 3454 3001 3525; x_wconf 82' lang='grc' dir='ltr'>ἀσώματον</span> <span class='ocrx_word' id='word_1_641' title='bbox 3046 3452 3279 3520; x_wconf 75' lang='grc' dir='ltr'>ἄγγελον</span> <span class='ocrx_word' id='word_1_642' title='bbox 3315 3452 3442 3503; x_wconf 81' lang='grc' dir='ltr'>ίδεῐν</span> <span class='ocrx_word' id='word_1_643' title='bbox 3486 3450 3588 3518; x_wconf 76' lang='grc' dir='ltr'><strong>ἔφη</strong></span> <span class='ocrx_word' id='word_1_644' title='bbox 3628 3451 3685 3501; x_wconf 76' lang='grc' dir='ltr'>ὲν</span> <span class='ocrx_word' id='word_1_645' title='bbox 3717 3449 3931 3512; x_wconf 69' lang='grc' dir='ltr'>εἰκόνι,</span> 
     </span>
    </p>
   </div>
   <div class='ocr_carea' id='block_1_89' title="bbox 2335 3539 3930 3633">
    <p class='ocr_par' dir='ltr' id='par_1_89' title="bbox 2335 3539 3930 3633">
     <span class='ocr_line' id='line_1_89' title="bbox 2335 3539 3930 3633; baseline -0.009 -28"><span class='ocrx_word' id='word_1_646' title='bbox 2335 3551 2428 3605; x_wconf 78' lang='grc' dir='ltr'>τὸν</span> <span class='ocrx_word' id='word_1_647' title='bbox 2486 3549 2798 3620; x_wconf 82' lang='grc' dir='ltr'>ὲνσώματον</span> <span class='ocrx_word' id='word_1_648' title='bbox 2853 3546 3089 3619; x_wconf 78' lang='grc' dir='ltr'>Χριστὸν</span> <span class='ocrx_word' id='word_1_649' title='bbox 3138 3545 3200 3599; x_wconf 85' lang='grc' dir='ltr'>οὐ</span> <span class='ocrx_word' id='word_1_650' title='bbox 3254 3543 3440 3633; x_wconf 68' lang='grc' dir='ltr'>βλέπει</span> <span class='ocrx_word' id='word_1_651' title='bbox 3483 3539 3930 3633; x_wconf 72' lang='grc' dir='ltr'>είκονιζόμενονς</span> 
     </span>
    </p>
   </div>
   <div class='ocr_carea' id='block_1_90' title="bbox 2334 3631 3932 3713">
    <p class='ocr_par' dir='ltr' id='par_1_90' title="bbox 2334 3631 3932 3713">
     <span class='ocr_line' id='line_1_90' title="bbox 2334 3631 3932 3713; baseline -0.007 -17"><span class='ocrx_word' id='word_1_652' title='bbox 2334 3642 2542 3713; x_wconf 57' lang='grc' dir='ltr'><strong>⁴Ιπλίθιον</strong></span> <span class='ocrx_word' id='word_1_653' title='bbox 2582 3638 2676 3696; x_wconf 72' lang='grc' dir='ltr'>οὖν</span> <span class='ocrx_word' id='word_1_654' title='bbox 2715 3640 2959 3695; x_wconf 81' lang='grc' dir='ltr'>τοιοῦτόν</span> <span class='ocrx_word' id='word_1_655' title='bbox 3002 3657 3056 3693; x_wconf 86' lang='grc' dir='ltr'><strong>τι</strong></span> <span class='ocrx_word' id='word_1_656' title='bbox 3102 3638 3231 3707; x_wconf 82' lang='grc' dir='ltr'>περὶ</span> <span class='ocrx_word' id='word_1_657' title='bbox 3272 3631 3367 3689; x_wconf 78' lang='grc' dir='ltr'>τοῦ</span> <span class='ocrx_word' id='word_1_658' title='bbox 3404 3635 3562 3703; x_wconf 83' lang='grc' dir='ltr'>ἁγίου</span> <span class='ocrx_word' id='word_1_659' title='bbox 3593 3631 3932 3702; x_wconf 71' lang='grc' dir='ltr'>ὑπολαμδά-</span> 
     </span>
    </p>
   </div>
   <div class='ocr_carea' id='block_1_91' title="bbox 2336 3724 3930 3803">
    <p class='ocr_par' dir='ltr' id='par_1_91' title="bbox 2336 3724 3930 3803">
     <span class='ocr_line' id='line_1_91' title="bbox 2336 3724 3930 3803; baseline -0.007 -15"><span class='ocrx_word' id='word_1_660' title='bbox 2336 3751 2469 3788; x_wconf 90' lang='grc' dir='ltr'>νειν.</span> <span class='ocrx_word' id='word_1_661' title='bbox 2498 3734 2560 3787; x_wconf 81' lang='lat' dir='ltr'><strong>Ei</strong></span> <span class='ocrx_word' id='word_1_662' title='bbox 2590 3730 2681 3787; x_wconf 76' lang='grc' dir='ltr'>οὖν</span> <span class='ocrx_word' id='word_1_663' title='bbox 2711 3736 2789 3795; x_wconf 81' lang='grc' dir='ltr'><strong>εἰς</strong></span> <span class='ocrx_word' id='word_1_664' title='bbox 2820 3730 3127 3803; x_wconf 80' lang='grc' dir='ltr'>μαρτυρίαν</span> <span class='ocrx_word' id='word_1_665' title='bbox 3151 3728 3313 3783; x_wconf 78' lang='grc' dir='ltr'>αὑτὸν</span> <span class='ocrx_word' id='word_1_666' title='bbox 3343 3726 3521 3795; x_wconf 73' lang='grc' dir='ltr'>ἔχουσι</span> <span class='ocrx_word' id='word_1_667' title='bbox 3547 3724 3637 3779; x_wconf 78' lang='grc' dir='ltr'>τοῦ</span> <span class='ocrx_word' id='word_1_668' title='bbox 3670 3725 3930 3795; x_wconf 73' lang='grc' dir='ltr'>πονηροῦ</span> 
     </span>
    </p>
   </div>
   <div class='ocr_carea' id='block_1_92' title="bbox 2335 3818 3929 3893">
    <p class='ocr_par' dir='ltr' id='par_1_92' title="bbox 2335 3818 3929 3893">
     <span class='ocr_line' id='line_1_92' title="bbox 2335 3818 3929 3893; baseline -0.008 -12"><span class='ocrx_word' id='word_1_669' title='bbox 2335 3826 2517 3881; x_wconf 77' lang='grc' dir='ltr'>αὐτῶν</span> <span class='ocrx_word' id='word_1_670' title='bbox 2544 3825 2813 3893; x_wconf 85' lang='grc' dir='ltr'>δόγματος</span> <span class='ocrx_word' id='word_1_671' title='bbox 2833 3840 2847 3855; x_wconf 96' lang='grc'><strong>·</strong></span> <span class='ocrx_word' id='word_1_672' title='bbox 2879 3823 2930 3875; x_wconf 84' lang='grc' dir='ltr'><strong>τί</strong></span> <span class='ocrx_word' id='word_1_673' title='bbox 2956 3822 3049 3875; x_wconf 79' lang='grc' dir='ltr'>τὸν</span> <span class='ocrx_word' id='word_1_674' title='bbox 3074 3820 3234 3875; x_wconf 82' lang='grc' dir='ltr'>αὑτὸν</span> <span class='ocrx_word' id='word_1_675' title='bbox 3264 3819 3682 3884; x_wconf 77' lang='grc' dir='ltr'>ἀποδάλλονται,</span> <span class='ocrx_word' id='word_1_676' title='bbox 3723 3819 3798 3887; x_wconf 81' lang='grc' dir='ltr'><strong>μὴ</strong></span> <span class='ocrx_word' id='word_1_677' title='bbox 3830 3818 3929 3869; x_wconf 81' lang='grc' dir='ltr'>δε-</span> 
     </span>
    </p>
   </div>
   <div class='ocr_carea' id='block_1_93' title="bbox 2334 3909 3929 3990">
    <p class='ocr_par' dir='ltr' id='par_1_93' title="bbox 2334 3909 3929 3990">
     <span class='ocr_line' id='line_1_93' title="bbox 2334 3909 3929 3990; baseline -0.007 -19"><span class='ocrx_word' id='word_1_678' title='bbox 2334 3921 2553 3990; x_wconf 81' lang='grc' dir='ltr'>χόμενοι</span> <span class='ocrx_word' id='word_1_679' title='bbox 2579 3914 2810 3984; x_wconf 74' lang='grc' dir='ltr'>ἄγγελον</span> <span class='ocrx_word' id='word_1_680' title='bbox 2832 3912 3210 3979; x_wconf 79' lang='grc' dir='ltr'>είκονίζεσθαι,</span> <span class='ocrx_word' id='word_1_681' title='bbox 3252 3912 3375 3981; x_wconf 78' lang='grc' dir='ltr'>μηδ’</span> <span class='ocrx_word' id='word_1_682' title='bbox 3399 3910 3468 3965; x_wconf 78' lang='grc' dir='ltr'>αὖ</span> <span class='ocrx_word' id='word_1_683' title='bbox 3493 3928 3614 3964; x_wconf 88' lang='grc' dir='ltr'>τινα</span> <span class='ocrx_word' id='word_1_684' title='bbox 3643 3910 3754 3963; x_wconf 87' lang='grc' dir='ltr'><strong>τῶν</strong></span> <span class='ocrx_word' id='word_1_685' title='bbox 3793 3909 3929 3962; x_wconf 70' lang='grc' dir='ltr'>Θεαι-</span> 
     </span>
    </p>
   </div>
   <div class='ocr_carea' id='block_1_94' title="bbox 2335 4000 3925 4081">
    <p class='ocr_par' dir='ltr' id='par_1_94' title="bbox 2335 4000 3925 4081">
     <span class='ocr_line' id='line_1_94' title="bbox 2335 4000 3925 4081; baseline -0.008 -17"><span class='ocrx_word' id='word_1_686' title='bbox 2335 4012 2545 4081; x_wconf 78' lang='grc' dir='ltr'>φόρων;</span> <span class='ocrx_word' id='word_1_687' title='bbox 2577 4008 2825 4077; x_wconf 85' lang='grc' dir='ltr'>λέγοντος</span> <span class='ocrx_word' id='word_1_688' title='bbox 2845 4000 2943 4058; x_wconf 80' lang='grc' dir='ltr'>ῶδέ</span> <span class='ocrx_word' id='word_1_689' title='bbox 2972 4021 3079 4059; x_wconf 81' lang='grc' dir='ltr'><strong>που</strong></span> <span class='ocrx_word' id='word_1_690' title='bbox 3102 4002 3195 4056; x_wconf 81' lang='grc' dir='ltr'>τοῦ</span> <span class='ocrx_word' id='word_1_691' title='bbox 3227 4001 3614 4072; x_wconf 88' lang='grc' dir='ltr'>Χρυσοστόμου</span> <span class='ocrx_word' id='word_1_692' title='bbox 3634 4016 3649 4029; x_wconf 93' lang='grc'><strong>·</strong></span> <span class='ocrx_word' id='word_1_693' title='bbox 3688 4020 3709 4052; x_wconf 87' lang='grc'><em>‹</em></span> <span class='ocrx_word' id='word_1_694' title='bbox 3731 4001 3925 4072; x_wconf 79' lang='grc' dir='ltr'>Ὅπερ</span> 
     </span>
    </p>
   </div>
   <div class='ocr_carea' id='block_1_95' title="bbox 2334 4091 3927 4168">
    <p class='ocr_par' dir='ltr' id='par_1_95' title="bbox 2334 4091 3927 4168">
     <span class='ocr_line' id='line_1_95' title="bbox 2334 4091 3927 4168; baseline -0.006 -15"><span class='ocrx_word' id='word_1_695' title='bbox 2334 4099 2465 4168; x_wconf 86' lang='grc' dir='ltr'>γοῦν</span> <span class='ocrx_word' id='word_1_696' title='bbox 2498 4102 2555 4151; x_wconf 83' lang='grc' dir='ltr'>ὲν</span> <span class='ocrx_word' id='word_1_697' title='bbox 2590 4098 2852 4167; x_wconf 69' lang='grc' dir='ltr'>ὀνόμασιν</span> <span class='ocrx_word' id='word_1_698' title='bbox 2890 4095 3207 4167; x_wconf 73' lang='grc' dir='ltr'>ἐποιήσατε.</span> <span class='ocrx_word' id='word_1_699' title='bbox 3247 4091 3405 4144; x_wconf 83' lang='grc' dir='ltr'>τοῦτο</span> <span class='ocrx_word' id='word_1_700' title='bbox 3443 4092 3534 4143; x_wconf 75' lang='grc' dir='ltr'><strong>ἐπὶ</strong></span> <span class='ocrx_word' id='word_1_701' title='bbox 3566 4092 3666 4161; x_wconf 76' lang='grc' dir='ltr'>τῆς</span> <span class='ocrx_word' id='word_1_702' title='bbox 3703 4093 3927 4155; x_wconf 75' lang='grc' dir='ltr'>είκόνος</span> 
     </span>
    </p>
   </div>
   <div class='ocr_carea' id='block_1_96' title="bbox 2334 4185 3918 4264">
    <p class='ocr_par' dir='ltr' id='par_1_96' title="bbox 2334 4185 3918 4264">
     <span class='ocr_line' id='line_1_96' title="bbox 2334 4185 3918 4264; baseline -0.006 -16"><span class='ocrx_word' id='word_1_703' title='bbox 2334 4194 2608 4264; x_wconf 74' lang='grc' dir='ltr'>ἐπράξατε</span> <span class='ocrx_word' id='word_1_704' title='bbox 2638 4191 2739 4261; x_wconf 80' lang='grc' dir='ltr'>τῆς</span> <span class='ocrx_word' id='word_1_705' title='bbox 2768 4190 2977 4243; x_wconf 78' lang='grc' dir='ltr'>ἐκείνου</span> <span class='ocrx_word' id='word_1_706' title='bbox 3002 4207 3017 4221; x_wconf 94' lang='grc'><strong>·</strong></span> <span class='ocrx_word' id='word_1_707' title='bbox 3055 4208 3073 4242; x_wconf 77' lang='grc' dir='ltr'><strong>ι</strong></span> <span class='ocrx_word' id='word_1_708' title='bbox 3112 4189 3279 4257; x_wconf 72' lang='grc' dir='ltr'>ἤγουν</span> <span class='ocrx_word' id='word_1_709' title='bbox 3306 4185 3571 4240; x_wconf 86' lang='grc' dir='ltr'>Μελετίου</span> <span class='ocrx_word' id='word_1_710' title='bbox 3602 4185 3695 4238; x_wconf 78' lang='grc' dir='ltr'>τοῦ</span> <span class='ocrx_word' id='word_1_711' title='bbox 3728 4186 3918 4253; x_wconf 88' lang='grc' dir='ltr'>άγίου·</span> 
     </span>
    </p>
   </div>
   <div class='ocr_carea' id='block_1_97' title="bbox 2340 4280 3925 4355">
    <p class='ocr_par' dir='ltr' id='par_1_97' title="bbox 2340 4280 3925 4355">
     <span class='ocr_line' id='line_1_97' title="bbox 2340 4280 3925 4355; baseline -0.006 -16"><span class='ocrx_word' id='word_1_712' title='bbox 2340 4306 2358 4339; x_wconf 76' lang='grc' dir='ltr'><strong>ι</strong></span> <span class='ocrx_word' id='word_1_713' title='bbox 2388 4288 2498 4341; x_wconf 72' lang='grc' dir='ltr'><strong>Καὶ</strong></span> <span class='ocrx_word' id='word_1_714' title='bbox 2534 4287 2642 4355; x_wconf 83' lang='grc' dir='ltr'>γὰρ</span> <span class='ocrx_word' id='word_1_715' title='bbox 2682 4285 2777 4337; x_wconf 73' lang='grc' dir='ltr'>καὶ</span> <span class='ocrx_word' id='word_1_716' title='bbox 2818 4286 2875 4337; x_wconf 78' lang='grc' dir='ltr'>ὲν</span> <span class='ocrx_word' id='word_1_717' title='bbox 2904 4281 3201 4336; x_wconf 84' lang='grc' dir='ltr'>δακτυλίων</span> <span class='ocrx_word' id='word_1_718' title='bbox 3228 4280 3557 4348; x_wconf 70' lang='grc' dir='ltr'>σφενδόναις,</span> <span class='ocrx_word' id='word_1_719' title='bbox 3591 4280 3686 4334; x_wconf 73' lang='grc' dir='ltr'><strong>καὶ</strong></span> <span class='ocrx_word' id='word_1_720' title='bbox 3723 4283 3784 4333; x_wconf 76' lang='grc' dir='ltr'>ἐν</span> <span class='ocrx_word' id='word_1_721' title='bbox 3824 4284 3925 4331; x_wconf 68' lang='grc' dir='ltr'><strong>ὲκ-</strong></span> 
     </span>
    </p>
   </div>
   <div class='ocr_carea' id='block_1_98' title="bbox 2334 4370 3924 4449">
    <p class='ocr_par' dir='ltr' id='par_1_98' title="bbox 2334 4370 3924 4449">
     <span class='ocr_line' id='line_1_98' title="bbox 2334 4370 3924 4449; baseline -0.004 -18"><span class='ocrx_word' id='word_1_722' title='bbox 2334 4380 2544 4449; x_wconf 86' lang='grc' dir='ltr'>πόμασι</span> <span class='ocrx_word' id='word_1_723' title='bbox 2600 4378 2695 4431; x_wconf 75' lang='grc' dir='ltr'>καὶ</span> <span class='ocrx_word' id='word_1_724' title='bbox 2751 4376 2990 4446; x_wconf 80' lang='grc' dir='ltr'>φιάλαις,</span> <span class='ocrx_word' id='word_1_725' title='bbox 3041 4374 3135 4427; x_wconf 76' lang='grc' dir='ltr'>καὶ</span> <span class='ocrx_word' id='word_1_726' title='bbox 3177 4376 3234 4425; x_wconf 78' lang='grc' dir='ltr'>ἐν</span> <span class='ocrx_word' id='word_1_727' title='bbox 3278 4370 3536 4439; x_wconf 86' lang='grc' dir='ltr'>θαλάμων</span> <span class='ocrx_word' id='word_1_728' title='bbox 3568 4372 3794 4441; x_wconf 83' lang='grc' dir='ltr'>τοίχοις,</span> <span class='ocrx_word' id='word_1_729' title='bbox 3822 4373 3924 4425; x_wconf 73' lang='grc' dir='ltr'><strong>καὶ</strong></span> 
     </span>
    </p>
   </div>
   <div class='ocr_carea' id='block_1_99' title="bbox 2335 4464 3922 4539">
    <p class='ocr_par' dir='ltr' id='par_1_99' title="bbox 2335 4464 3922 4539">
     <span class='ocr_line' id='line_1_99' title="bbox 2335 4464 3922 4539; baseline -0.004 -16"><span class='ocrx_word' id='word_1_730' title='bbox 2335 4468 2606 4539; x_wconf 86' lang='grc' dir='ltr'>πανταχοῦ</span> <span class='ocrx_word' id='word_1_731' title='bbox 2650 4469 2747 4539; x_wconf 81' lang='grc' dir='ltr'>τὴν</span> <span class='ocrx_word' id='word_1_732' title='bbox 2790 4468 2975 4521; x_wconf 79' lang='grc' dir='ltr'>εἰκόνα</span> <span class='ocrx_word' id='word_1_733' title='bbox 3002 4465 3102 4534; x_wconf 83' lang='grc' dir='ltr'>τὴν</span> <span class='ocrx_word' id='word_1_734' title='bbox 3132 4464 3292 4531; x_wconf 85' lang='grc' dir='ltr'>ἁγίαν</span> <span class='ocrx_word' id='word_1_735' title='bbox 3330 4464 3545 4530; x_wconf 75' lang='grc' dir='ltr'>ἐκείνην</span> <span class='ocrx_word' id='word_1_736' title='bbox 3584 4464 3922 4535; x_wconf 79' lang='grc' dir='ltr'>διεχάραξαν</span> 
     </span>
    </p>
   </div>
   <div class='ocr_carea' id='block_1_100' title="bbox 2335 4554 3917 4625">
    <p class='ocr_par' dir='ltr' id='par_1_100' title="bbox 2335 4554 3917 4625">
     <span class='ocr_line' id='line_1_100' title="bbox 2335 4554 3917 4625; baseline -0.001 -14"><span class='ocrx_word' id='word_1_737' title='bbox 2335 4558 2542 4611; x_wconf 85' lang='grc' dir='ltr'>πολλοί.</span> <span class='ocrx_word' id='word_1_738' title='bbox 2570 4576 2588 4607; x_wconf 70' lang='grc' dir='ltr'><strong>ι</strong></span> <span class='ocrx_word' id='word_1_739' title='bbox 2628 4557 2766 4610; x_wconf 84' lang='grc' dir='ltr'>Ἀλλ’</span> <span class='ocrx_word' id='word_1_740' title='bbox 2789 4557 2938 4625; x_wconf 83' lang='grc' dir='ltr'>ὅμως</span> <span class='ocrx_word' id='word_1_741' title='bbox 2964 4554 3087 4608; x_wconf 82' lang='grc' dir='ltr'>οὐδὲ</span> <span class='ocrx_word' id='word_1_742' title='bbox 3126 4554 3358 4607; x_wconf 78' lang='grc' dir='ltr'>ἀκοῦσαι</span> <span class='ocrx_word' id='word_1_743' title='bbox 3387 4555 3552 4608; x_wconf 81' lang='grc' dir='ltr'>αὑτοῦ</span> <span class='ocrx_word' id='word_1_744' title='bbox 3602 4556 3917 4624; x_wconf 79' lang='grc' dir='ltr'>ἀνέχονται.</span> 
     </span>
    </p>
   </div>
   <div class='ocr_carea' id='block_1_101' title="bbox 2335 4648 3921 4720">
    <p class='ocr_par' dir='ltr' id='par_1_101' title="bbox 2335 4648 3921 4720">
     <span class='ocr_line' id='line_1_101' title="bbox 2335 4648 3921 4720; baseline -0.002 -16"><span class='ocrx_word' id='word_1_745' title='bbox 2335 4652 2471 4720; x_wconf 78' lang='grc' dir='ltr'>Περὶ</span> <span class='ocrx_word' id='word_1_746' title='bbox 2499 4649 2595 4719; x_wconf 80' lang='grc' dir='ltr'>τῆς</span> <span class='ocrx_word' id='word_1_747' title='bbox 2623 4648 2862 4719; x_wconf 85' lang='grc' dir='ltr'>ἱστορίας</span> <span class='ocrx_word' id='word_1_748' title='bbox 2891 4648 2985 4702; x_wconf 75' lang='grc' dir='ltr'><strong>τοῦ</strong></span> <span class='ocrx_word' id='word_1_749' title='bbox 3017 4648 3175 4717; x_wconf 84' lang='grc' dir='ltr'>ἁγίου</span> <span class='ocrx_word' id='word_1_750' title='bbox 3210 4648 3583 4719; x_wconf 80' lang='grc' dir='ltr'>Παγκρατίου,</span> <span class='ocrx_word' id='word_1_751' title='bbox 3625 4649 3707 4702; x_wconf 84' lang='grc' dir='ltr'>ὅτι</span> <span class='ocrx_word' id='word_1_752' title='bbox 3738 4649 3801 4701; x_wconf 78' lang='grc' dir='ltr'>οὗ</span> <span class='ocrx_word' id='word_1_753' title='bbox 3824 4648 3921 4717; x_wconf 80' lang='grc' dir='ltr'>δη-</span> 
     </span>
    </p>
   </div>
   <div class='ocr_carea' id='block_1_102' title="bbox 2333 4740 3919 4815">
    <p class='ocr_par' dir='ltr' id='par_1_102' title="bbox 2333 4740 3919 4815">
     <span class='ocr_line' id='line_1_102' title="bbox 2333 4740 3919 4815; baseline -0.003 -19"><span class='ocrx_word' id='word_1_754' title='bbox 2333 4742 2418 4796; x_wconf 82' lang='grc' dir='ltr'>λοῖ</span> <span class='ocrx_word' id='word_1_755' title='bbox 2446 4742 2585 4813; x_wconf 82' lang='grc' dir='ltr'>πρὸς</span> <span class='ocrx_word' id='word_1_756' title='bbox 2626 4742 2772 4804; x_wconf 80' lang='grc' dir='ltr'>τίνος</span> <span class='ocrx_word' id='word_1_757' title='bbox 2816 4742 3150 4815; x_wconf 70' lang='grc' dir='ltr'>συνεγρόεφη,</span> <span class='ocrx_word' id='word_1_758' title='bbox 3186 4742 3238 4794; x_wconf 91' lang='grc' dir='ltr'><strong>τί</strong></span> <span class='ocrx_word' id='word_1_759' title='bbox 3266 4740 3460 4807; x_wconf 85' lang='grc' dir='ltr'>τοῦτο;</span> <span class='ocrx_word' id='word_1_760' title='bbox 3504 4741 3693 4811; x_wconf 83' lang='grc' dir='ltr'>σχεδὸν</span> <span class='ocrx_word' id='word_1_761' title='bbox 3736 4742 3919 4795; x_wconf 81' lang='grc' dir='ltr'>πάντα</span> 
     </span>
    </p>
   </div>
   <div class='ocr_carea' id='block_1_103' title="bbox 2332 4832 3919 4906">
    <p class='ocr_par' dir='ltr' id='par_1_103' title="bbox 2332 4832 3919 4906">
     <span class='ocr_line' id='line_1_103' title="bbox 2332 4832 3919 4906; baseline -0.003 -18"><span class='ocrx_word' id='word_1_762' title='bbox 2332 4834 2403 4888; x_wconf 81' lang='grc' dir='ltr'><strong>τὰ</strong></span> <span class='ocrx_word' id='word_1_763' title='bbox 2424 4834 2900 4904; x_wconf 82' lang='grc' dir='ltr'>μαρτυρογράφια,</span> <span class='ocrx_word' id='word_1_764' title='bbox 2930 4833 3281 4906; x_wconf 77' lang='grc' dir='ltr'>ἀνεπίγραφα</span> <span class='ocrx_word' id='word_1_765' title='bbox 3306 4834 3444 4886; x_wconf 74' lang='grc' dir='ltr'>εἰσιν</span> <span class='ocrx_word' id='word_1_766' title='bbox 3462 4850 3476 4864; x_wconf 94' lang='grc'><strong>·</strong></span> <span class='ocrx_word' id='word_1_767' title='bbox 3506 4832 3622 4885; x_wconf 78' lang='grc' dir='ltr'>ἀλλ’</span> <span class='ocrx_word' id='word_1_768' title='bbox 3648 4834 3798 4903; x_wconf 81' lang='grc' dir='ltr'>ὅμως</span> <span class='ocrx_word' id='word_1_769' title='bbox 3827 4832 3919 4903; x_wconf 78' lang='grc' dir='ltr'>βε-</span> 
     </span>
    </p>
   </div>
   <div class='ocr_carea' id='block_1_104' title="bbox 2334 4925 3917 4997">
    <p class='ocr_par' dir='ltr' id='par_1_104' title="bbox 2334 4925 3917 4997">
     <span class='ocr_line' id='line_1_104' title="bbox 2334 4925 3917 4997; baseline 0 -20"><span class='ocrx_word' id='word_1_770' title='bbox 2334 4925 2465 4979; x_wconf 85' lang='grc' dir='ltr'>6αιά</span> <span class='ocrx_word' id='word_1_771' title='bbox 2522 4926 2656 4977; x_wconf 79' lang='grc' dir='ltr'>εἰσι·</span> <span class='ocrx_word' id='word_1_772' title='bbox 2710 4925 2966 4979; x_wconf 80' lang='grc' dir='ltr'>κάκεῖθεν</span> <span class='ocrx_word' id='word_1_773' title='bbox 3028 4926 3077 4979; x_wconf 76' lang='lat' dir='ltr'><strong>oi</strong></span> <span class='ocrx_word' id='word_1_774' title='bbox 3138 4926 3449 4979; x_wconf 84' lang='grc' dir='ltr'>διδάσκαλοι</span> <span class='ocrx_word' id='word_1_775' title='bbox 3513 4926 3917 4997; x_wconf 75' lang='grc' dir='ltr'>ἀφορμίξονται</span> 
     </span>
    </p>
   </div>
   <div class='ocr_carea' id='block_1_105' title="bbox 2331 5018 3919 5090">
    <p class='ocr_par' dir='ltr' id='par_1_105' title="bbox 2331 5018 3919 5090">
     <span class='ocr_line' id='line_1_105' title="bbox 2331 5018 3919 5090; baseline 0.001 -20"><span class='ocrx_word' id='word_1_776' title='bbox 2331 5022 2507 5071; x_wconf 80' lang='grc' dir='ltr'>ποιεῖν</span> <span class='ocrx_word' id='word_1_777' title='bbox 2558 5018 2625 5071; x_wconf 79' lang='grc' dir='ltr'><strong>τὰ</strong></span> <span class='ocrx_word' id='word_1_778' title='bbox 2674 5018 2779 5072; x_wconf 89' lang='grc' dir='ltr'><strong>τῶν</strong></span> <span class='ocrx_word' id='word_1_779' title='bbox 2828 5018 3295 5090; x_wconf 79' lang='grc' dir='ltr'>μαρτυρησάντων</span> <span class='ocrx_word' id='word_1_780' title='bbox 3338 5019 3613 5089; x_wconf 79' lang='grc' dir='ltr'>ἐγκώμια.</span> <span class='ocrx_word' id='word_1_781' title='bbox 3664 5019 3725 5071; x_wconf 85' lang='grc'><strong>’0</strong></span> <span class='ocrx_word' id='word_1_782' title='bbox 3762 5019 3919 5086; x_wconf 77' lang='grc' dir='ltr'>ᾰγιος</span> 
     </span>
    </p>
   </div>
   <div class='ocr_carea' id='block_1_106' title="bbox 2332 5101 3918 5179">
    <p class='ocr_par' dir='ltr' id='par_1_106' title="bbox 2332 5101 3918 5179">
     <span class='ocr_line' id='line_1_106' title="bbox 2332 5101 3918 5179; baseline -0.001 -17"><span class='ocrx_word' id='word_1_783' title='bbox 2332 5108 2680 5177; x_wconf 84' lang='grc' dir='ltr'>Παγκράτιος</span> <span class='ocrx_word' id='word_1_784' title='bbox 2706 5110 2765 5161; x_wconf 76' lang='grc' dir='ltr'>ἐν</span> <span class='ocrx_word' id='word_1_785' title='bbox 2796 5108 3019 5179; x_wconf 78' lang='grc' dir='ltr'>Σικελία</span> <span class='ocrx_word' id='word_1_786' title='bbox 3038 5109 3287 5178; x_wconf 82' lang='grc' dir='ltr'>τιμᾶται,</span> <span class='ocrx_word' id='word_1_787' title='bbox 3319 5108 3434 5179; x_wconf 82' lang='grc' dir='ltr'>ναῷ</span> <span class='ocrx_word' id='word_1_788' title='bbox 3458 5108 3705 5177; x_wconf 82' lang='grc' dir='ltr'>μεγίστῳ</span> <span class='ocrx_word' id='word_1_789' title='bbox 3725 5125 3739 5139; x_wconf 96' lang='grc'><strong>·</strong></span> <span class='ocrx_word' id='word_1_790' title='bbox 3772 5110 3832 5161; x_wconf 80' lang='grc' dir='ltr'>ἐν</span> <span class='ocrx_word' id='word_1_791' title='bbox 3869 5101 3918 5175; x_wconf 79' lang='grc' dir='ltr'>ᾧ</span> 
     </span>
    </p>
   </div>
   <div class='ocr_carea' id='block_1_107' title="bbox 2332 5194 3916 5269">
    <p class='ocr_par' dir='ltr' id='par_1_107' title="bbox 2332 5194 3916 5269">
     <span class='ocr_line' id='line_1_107' title="bbox 2332 5194 3916 5269; baseline -0.002 -17"><span class='ocrx_word' id='word_1_792' title='bbox 2332 5217 2463 5267; x_wconf 82' lang='grc' dir='ltr'>φασι</span> <span class='ocrx_word' id='word_1_793' title='bbox 2498 5200 2594 5252; x_wconf 76' lang='grc' dir='ltr'>καὶ</span> <span class='ocrx_word' id='word_1_794' title='bbox 2628 5201 2829 5269; x_wconf 88' lang='grc' dir='ltr'>σημεῖα</span> <span class='ocrx_word' id='word_1_795' title='bbox 2866 5197 3220 5267; x_wconf 82' lang='grc' dir='ltr'>γεγενῆσθαι.</span> <span class='ocrx_word' id='word_1_796' title='bbox 3276 5199 3341 5251; x_wconf 89' lang='grc' dir='ltr'>Ὁ</span> <span class='ocrx_word' id='word_1_797' title='bbox 3382 5194 3475 5252; x_wconf 80' lang='grc' dir='ltr'>οὖν</span> <span class='ocrx_word' id='word_1_798' title='bbox 3518 5197 3595 5269; x_wconf 81' lang='grc' dir='ltr'>μὴ</span> <span class='ocrx_word' id='word_1_799' title='bbox 3622 5197 3916 5267; x_wconf 82' lang='grc' dir='ltr'>δεχόμενος</span> 
     </span>
    </p>
   </div>
   <div class='ocr_carea' id='block_1_108' title="bbox 2330 5288 3915 5360">
    <p class='ocr_par' dir='ltr' id='par_1_108' title="bbox 2330 5288 3915 5360">
     <span class='ocr_line' id='line_1_108' title="bbox 2330 5288 3915 5360; baseline -0.001 -18"><span class='ocrx_word' id='word_1_800' title='bbox 2330 5293 2431 5360; x_wconf 78' lang='grc' dir='ltr'>τὴν</span> <span class='ocrx_word' id='word_1_801' title='bbox 2482 5291 2739 5359; x_wconf 79' lang='grc' dir='ltr'>ἱστορίαν,</span> <span class='ocrx_word' id='word_1_802' title='bbox 2781 5288 3185 5344; x_wconf 79' lang='grc' dir='ltr'>συναπεϐάλετο</span> <span class='ocrx_word' id='word_1_803' title='bbox 3217 5288 3307 5343; x_wconf 86' lang='grc' dir='ltr'>τὸν</span> <span class='ocrx_word' id='word_1_804' title='bbox 3346 5290 3600 5360; x_wconf 83' lang='grc' dir='ltr'>μάρτυρα</span> <span class='ocrx_word' id='word_1_805' title='bbox 3646 5288 3915 5356; x_wconf 67' lang='grc' dir='ltr'>δηλονότι.</span> 
     </span>
    </p>
   </div>
   <div class='ocr_carea' id='block_1_109' title="bbox 2329 5378 3913 5454">
    <p class='ocr_par' dir='ltr' id='par_1_109' title="bbox 2329 5378 3913 5454">
     <span class='ocr_line' id='line_1_109' title="bbox 2329 5378 3913 5454; baseline -0.004 -17"><span class='ocrx_word' id='word_1_806' title='bbox 2329 5383 2517 5437; x_wconf 83' lang='grc' dir='ltr'>Ταῦτα</span> <span class='ocrx_word' id='word_1_807' title='bbox 2554 5383 2651 5454; x_wconf 82' lang='grc' dir='ltr'>μὲν</span> <span class='ocrx_word' id='word_1_808' title='bbox 2680 5382 2755 5448; x_wconf 85' lang='grc' dir='ltr'><strong>ὡς</strong></span> <span class='ocrx_word' id='word_1_809' title='bbox 2779 5384 2837 5437; x_wconf 78' lang='grc' dir='ltr'>ὲν</span> <span class='ocrx_word' id='word_1_810' title='bbox 2877 5381 3097 5451; x_wconf 77' lang='grc' dir='ltr'>ὀλίγοις.</span> <span class='ocrx_word' id='word_1_811' title='bbox 3124 5382 3197 5436; x_wconf 85' lang='grc' dir='ltr'><strong>Σὺ</strong></span> <span class='ocrx_word' id='word_1_812' title='bbox 3239 5380 3317 5447; x_wconf 83' lang='grc' dir='ltr'>δὲ,</span> <span class='ocrx_word' id='word_1_813' title='bbox 3354 5381 3564 5444; x_wconf 82' lang='grc' dir='ltr'>τέκνον,</span> <span class='ocrx_word' id='word_1_814' title='bbox 3609 5378 3823 5448; x_wconf 81' lang='grc' dir='ltr'>ὑγίαινέ</span> <span class='ocrx_word' id='word_1_815' title='bbox 3852 5393 3913 5430; x_wconf 83' lang='grc' dir='ltr'><strong>τε</strong></span> 
     </span>
    </p>
   </div>
   <div class='ocr_carea' id='block_1_110' title="bbox 719 5549 2571 5624">
    <p class='ocr_par' dir='ltr' id='par_1_110' title="bbox 719 5549 2571 5624">
     <span class='ocr_line' id='line_1_110' title="bbox 719 5549 2571 5624; baseline 0.008 -21"><span class='ocrx_word' id='word_1_816' title='bbox 719 5549 762 5579; x_wconf 81' lang='grc'><strong>¹¹</strong></span> <span class='ocrx_word' id='word_1_817' title='bbox 788 5549 935 5605; x_wconf 86' lang='lat' dir='ltr'><strong>Psal.</strong></span> <span class='ocrx_word' id='word_1_818' title='bbox 969 5566 1127 5618; x_wconf 87' lang='lat' dir='ltr'><strong>cxm,</strong></span> <span class='ocrx_word' id='word_1_819' title='bbox 1156 5554 1210 5619; x_wconf 87' lang='lat'><em>6,</em></span> <span class='ocrx_word' id='word_1_820' title='bbox 1244 5556 1299 5610; x_wconf 87' lang='lat'><strong>7.</strong></span> <span class='ocrx_word' id='word_1_821' title='bbox 1374 5559 1418 5591; x_wconf 81' lang='lat'>&quot;</span> <span class='ocrx_word' id='word_1_822' title='bbox 1459 5556 1618 5612; x_wconf 84' lang='lat' dir='ltr'><strong>Hom.</strong></span> <span class='ocrx_word' id='word_1_823' title='bbox 1647 5558 1739 5624; x_wconf 69' lang='lat'><strong>45,</strong></span> <span class='ocrx_word' id='word_1_824' title='bbox 1769 5561 1836 5617; x_wconf 90' lang='lat' dir='ltr'><strong>de</strong></span> <span class='ocrx_word' id='word_1_825' title='bbox 1865 5560 1925 5616; x_wconf 92' lang='lat' dir='ltr'><strong>S.</strong></span> <span class='ocrx_word' id='word_1_826' title='bbox 1948 5559 2164 5617; x_wconf 82' lang='lat' dir='ltr'><strong>Meletio</strong></span> <span class='ocrx_word' id='word_1_827' title='bbox 2201 5562 2571 5619; x_wconf 88' lang='lat' dir='ltr'><strong>Antiocheno.</strong></span> 
     </span>
    </p>
   </div>
   <div class='ocr_carea' id='block_1_111' title="bbox 2152 5698 2384 5756">
    <p class='ocr_par' dir='ltr' id='par_1_111' title="bbox 2152 5698 2384 5756">
     <span class='ocr_line' id='line_1_111' title="bbox 2152 5698 2384 5756; baseline 0.004 -1"><span class='ocrx_word' id='word_1_828' title='bbox 2152 5698 2384 5756; x_wconf 76' lang='grc' dir='ltr'><strong>ΝΟΤᾸΞ.</strong></span> 
     </span>
    </p>
   </div>
   <div class='ocr_carea' id='block_1_112' title="bbox 717 5822 2275 5903">
    <p class='ocr_par' dir='ltr' id='par_1_112' title="bbox 717 5822 2275 5903">
     <span class='ocr_line' id='line_1_112' title="bbox 717 5822 2275 5903; baseline 0.01 -26"><span class='ocrx_word' id='word_1_829' title='bbox 717 5822 796 5895; x_wconf 78' lang='grc'><strong>(1)</strong></span> <span class='ocrx_word' id='word_1_830' title='bbox 834 5824 1079 5883; x_wconf 76' lang='lat' dir='ltr'><strong>Meminit</strong></span> <span class='ocrx_word' id='word_1_831' title='bbox 1104 5826 1268 5900; x_wconf 88' lang='lat' dir='ltr'><strong>hujus</strong></span> <span class='ocrx_word' id='word_1_832' title='bbox 1301 5829 1642 5903; x_wconf 84' lang='lat' dir='ltr'><strong>Nicephorus</strong></span> <span class='ocrx_word' id='word_1_833' title='bbox 1676 5833 1726 5889; x_wconf 93' lang='lat' dir='ltr'><strong>in</strong></span> <span class='ocrx_word' id='word_1_834' title='bbox 1762 5836 2136 5894; x_wconf 81' lang='lat' dir='ltr'><strong>Antirrhetico</strong></span> <span class='ocrx_word' id='word_1_835' title='bbox 2173 5854 2275 5895; x_wconf 85' lang='lat' dir='ltr'><strong>ms.</strong></span> 
     </span>
    </p>
   </div>
  </div>
