  <div class='ocr_page' id='page_1' title='image "/cluster/home/n/w/nwhite01/storage/ocr_20150623/99/uva.x002264937/662.png"; bbox 0 0 4164 6498; ppageno 0'>
   <div class='ocr_carea' id='block_1_1' title="bbox 262 437 409 501">
    <p class='ocr_par' dir='ltr' id='par_1_1' title="bbox 262 437 409 501">
     <span class='ocr_line' id='line_1_1' title="bbox 262 437 409 501; baseline -0.02 0"><span class='ocrx_word' id='word_1_1' title='bbox 262 437 409 501; x_wconf 66' lang='grc'><strong>1245</strong></span> 
     </span>
    </p>
   </div>
   <div class='ocr_carea' id='block_1_2' title="bbox 1474 440 2349 503">
    <p class='ocr_par' dir='ltr' id='par_1_2' title="bbox 1474 440 2349 503">
     <span class='ocr_line' id='line_1_2' title="bbox 1474 440 2349 503; baseline -0.001 -1"><span class='ocrx_word' id='word_1_2' title='bbox 1474 442 2017 503; x_wconf 79' lang='lat' dir='ltr'><strong>EPISTOLARUM</strong></span> <span class='ocrx_word' id='word_1_3' title='bbox 2071 442 2221 502; x_wconf 87' lang='lat' dir='ltr'><strong>LIB.</strong></span> <span class='ocrx_word' id='word_1_4' title='bbox 2271 440 2349 502; x_wconf 83' lang='lat' dir='ltr'>II.</span> 
     </span>
    </p>
   </div>
   <div class='ocr_carea' id='block_1_3' title="bbox 3407 438 3545 502">
    <p class='ocr_par' dir='ltr' id='par_1_3' title="bbox 3407 438 3545 502">
     <span class='ocr_line' id='line_1_3' title="bbox 3407 438 3545 502; baseline -0.007 0"><span class='ocrx_word' id='word_1_5' title='bbox 3407 438 3545 502; x_wconf 74' lang='grc'><strong>1246</strong></span> 
     </span>
    </p>
   </div>
   <div class='ocr_carea' id='block_1_4' title="bbox 258 548 1863 625">
    <p class='ocr_par' dir='ltr' id='par_1_4' title="bbox 258 548 1846 625">
     <span class='ocr_line' id='line_1_4' title="bbox 258 548 1846 625; baseline 0.001 -22"><span class='ocrx_word' id='word_1_6' title='bbox 258 552 367 603; x_wconf 79' lang='grc' dir='ltr'>καὶ</span> <span class='ocrx_word' id='word_1_7' title='bbox 403 548 601 615; x_wconf 78' lang='grc' dir='ltr'>σώζοιο</span> <span class='ocrx_word' id='word_1_8' title='bbox 623 566 640 582; x_wconf 72' lang='grc'><strong>⁸</strong></span> <span class='ocrx_word' id='word_1_9' title='bbox 680 552 899 607; x_wconf 75' lang='grc' dir='ltr'>καὶτοῦ</span> <span class='ocrx_word' id='word_1_10' title='bbox 933 550 1235 625; x_wconf 83' lang='grc' dir='ltr'>Γρηγορίου</span> <span class='ocrx_word' id='word_1_11' title='bbox 1279 553 1499 625; x_wconf 80' lang='grc' dir='ltr'>μακρὰν</span> <span class='ocrx_word' id='word_1_12' title='bbox 1541 550 1846 622; x_wconf 57' lang='lat' dir='ltr'><strong>amomo.-</strong></span> 
     </span>
    </p>
   </div>
   <div class='ocr_carea' id='block_1_5' title="bbox 1963 548 3535 625">
    <p class='ocr_par' dir='ltr' id='par_1_5' title="bbox 1963 549 3535 620">
     <span class='ocr_line' id='line_1_5' title="bbox 1963 549 3535 620; baseline 0.001 -17"><span class='ocrx_word' id='word_1_13' title='bbox 1963 549 2161 620; x_wconf 89' lang='lat' dir='ltr'><strong>paucis.</strong></span> <span class='ocrx_word' id='word_1_14' title='bbox 2192 550 2275 606; x_wconf 91' lang='lat' dir='ltr'><strong>Tu</strong></span> <span class='ocrx_word' id='word_1_15' title='bbox 2306 565 2455 620; x_wconf 89' lang='lat' dir='ltr'><strong>vero,</strong></span> <span class='ocrx_word' id='word_1_16' title='bbox 2509 552 2609 619; x_wconf 80' lang='lat' dir='ltr'><strong>illi,</strong></span> <span class='ocrx_word' id='word_1_17' title='bbox 2647 552 2832 609; x_wconf 82' lang='lat' dir='ltr'><strong>salvus</strong></span> <span class='ocrx_word' id='word_1_18' title='bbox 2874 552 2953 609; x_wconf 88' lang='lat' dir='ltr'><strong>sis</strong></span> <span class='ocrx_word' id='word_1_19' title='bbox 2989 560 3045 608; x_wconf 92' lang='lat' dir='ltr'><strong>et</strong></span> <span class='ocrx_word' id='word_1_20' title='bbox 3096 550 3388 607; x_wconf 84' lang='lat' dir='ltr'><strong>incolumis</strong></span> <span class='ocrx_word' id='word_1_21' title='bbox 3426 568 3441 605; x_wconf 89' lang='lat'><strong>:</strong></span> <span class='ocrx_word' id='word_1_22' title='bbox 3476 560 3535 605; x_wconf 88' lang='lat' dir='ltr'><strong>et</strong></span> 
     </span>
    </p>
   </div>
   <div class='ocr_carea' id='block_1_6' title="bbox 262 644 1111 719">
    <p class='ocr_par' dir='ltr' id='par_1_6' title="bbox 262 644 1111 719">
     <span class='ocr_line' id='line_1_6' title="bbox 262 644 1111 719; baseline 0.008 -23"><span class='ocrx_word' id='word_1_23' title='bbox 262 645 346 715; x_wconf 85' lang='grc' dir='ltr'><strong>μή</strong></span> <span class='ocrx_word' id='word_1_24' title='bbox 384 660 442 698; x_wconf 83' lang='grc' dir='ltr'><strong>σε</strong></span> <span class='ocrx_word' id='word_1_25' title='bbox 468 644 634 717; x_wconf 76' lang='grc' dir='ltr'>ὀλέσῃ</span> <span class='ocrx_word' id='word_1_26' title='bbox 664 645 722 713; x_wconf 81' lang='grc' dir='ltr'>ἐξ</span> <span class='ocrx_word' id='word_1_27' title='bbox 754 646 1111 719; x_wconf 80' lang='grc' dir='ltr'>ἀπροσεξίας.</span> 
     </span>
    </p>
   </div>
   <div class='ocr_carea' id='block_1_7' title="bbox 730 844 1572 921">
    <p class='ocr_par' dir='ltr' id='par_1_7' title="bbox 730 844 1572 921">
     <span class='ocr_line' id='line_1_7' title="bbox 730 844 1572 921; baseline 0.004 -21"><span class='ocrx_word' id='word_1_28' title='bbox 730 847 863 901; x_wconf 79' lang='lat' dir='ltr'><strong>MI&quot;.</strong></span> <span class='ocrx_word' id='word_1_29' title='bbox 886 877 958 890; x_wconf 90' lang='lat'><strong><em>—</em></strong></span> <span class='ocrx_word' id='word_1_30' title='bbox 990 848 1360 919; x_wconf 75' lang='grc' dir='ltr'>Ἑγκλείστῃ.</span> <span class='ocrx_word' id='word_1_31' title='bbox 1390 844 1572 921; x_wconf 85' lang='grc' dir='ltr'>[τκε’.]</span> 
     </span>
    </p>
   </div>
   <div class='ocr_carea' id='block_1_8' title="bbox 1953 640 3542 717">
    <p class='ocr_par' dir='ltr' id='par_1_8' title="bbox 1953 640 3542 717">
     <span class='ocr_line' id='line_1_8' title="bbox 1953 640 3542 717; baseline 0.003 -22"><span class='ocrx_word' id='word_1_32' title='bbox 1953 656 1986 696; x_wconf 90' lang='lat' dir='ltr'><strong>a</strong></span> <span class='ocrx_word' id='word_1_33' title='bbox 2024 640 2289 713; x_wconf 80' lang='lat' dir='ltr'><strong>Gregorio</strong></span> <span class='ocrx_word' id='word_1_34' title='bbox 2327 644 2558 701; x_wconf 85' lang='lat' dir='ltr'><strong>abscede</strong></span> <span class='ocrx_word' id='word_1_35' title='bbox 2586 646 2798 716; x_wconf 85' lang='lat' dir='ltr'><strong>procul,</strong></span> <span class='ocrx_word' id='word_1_36' title='bbox 2830 661 2899 702; x_wconf 88' lang='lat' dir='ltr'><strong>ne</strong></span> <span class='ocrx_word' id='word_1_37' title='bbox 2935 646 3269 717; x_wconf 89' lang='lat' dir='ltr'><strong>imprudenti</strong></span> <span class='ocrx_word' id='word_1_38' title='bbox 3295 644 3394 700; x_wconf 93' lang='lat' dir='ltr'><strong>tibi</strong></span> <span class='ocrx_word' id='word_1_39' title='bbox 3420 644 3542 701; x_wconf 78' lang='lat' dir='ltr'><strong>exi-</strong></span> 
     </span>
    </p>
   </div>
   <div class='ocr_carea' id='block_1_9' title="bbox 1955 733 2333 791">
    <p class='ocr_par' dir='ltr' id='par_1_9' title="bbox 1955 733 2333 791">
     <span class='ocr_line' id='line_1_9' title="bbox 1955 733 2333 791; baseline 0.011 -5"><span class='ocrx_word' id='word_1_40' title='bbox 1955 733 2091 788; x_wconf 90' lang='lat' dir='ltr'><strong>tium</strong></span> <span class='ocrx_word' id='word_1_41' title='bbox 2118 733 2333 791; x_wconf 79' lang='lat' dir='ltr'><strong>alIerat.</strong></span> 
     </span>
    </p>
   </div>
   <div class='ocr_carea' id='block_1_10' title="bbox 2480 846 3035 908">
    <p class='ocr_par' dir='ltr' id='par_1_10' title="bbox 2480 846 3035 908">
     <span class='ocr_line' id='line_1_10' title="bbox 2480 846 3035 908; baseline 0.005 -3"><span class='ocrx_word' id='word_1_42' title='bbox 2480 851 2662 908; x_wconf 83' lang='lat' dir='ltr'><strong>XLIII.</strong></span> <span class='ocrx_word' id='word_1_43' title='bbox 2687 884 2756 898; x_wconf 90' lang='lat'><strong>--</strong></span> <span class='ocrx_word' id='word_1_44' title='bbox 2779 846 3035 908; x_wconf 71' lang='grc' dir='ltr'>Ἰηείιιεαν.</span> 
     </span>
    </p>
   </div>
   <div class='ocr_carea' id='block_1_11' title="bbox 636 956 3171 1025">
    <p class='ocr_par' dir='ltr' id='par_1_11' title="bbox 636 956 3171 1025">
     <span class='ocr_line' id='line_1_11' title="bbox 636 956 3171 1025; baseline 0 -15"><span class='ocrx_word' id='word_1_45' title='bbox 636 959 892 1025; x_wconf 73' lang='lat' dir='ltr'><strong>Praecepta</strong></span> <span class='ocrx_word' id='word_1_46' title='bbox 916 964 1200 1012; x_wconf 63' lang='lat' dir='ltr'><strong>monasticae</strong></span> <span class='ocrx_word' id='word_1_47' title='bbox 1221 964 1336 1012; x_wconf 63' lang='lat' dir='ltr'><strong>vim</strong></span> <span class='ocrx_word' id='word_1_48' title='bbox 1362 961 1513 1012; x_wconf 86' lang='lat' dir='ltr'><strong>tradit</strong></span> <span class='ocrx_word' id='word_1_49' title='bbox 1545 975 1558 1009; x_wconf 90' lang='lat'><strong>:</strong></span> <span class='ocrx_word' id='word_1_50' title='bbox 1586 958 1735 1009; x_wconf 89' lang='lat' dir='ltr'><strong>simul</strong></span> <span class='ocrx_word' id='word_1_51' title='bbox 1758 970 1869 1021; x_wconf 72' lang='lat' dir='ltr'><strong>quae</strong></span> <span class='ocrx_word' id='word_1_52' title='bbox 1891 956 1952 1005; x_wconf 91' lang='lat' dir='ltr'><strong>ad</strong></span> <span class='ocrx_word' id='word_1_53' title='bbox 1976 962 2303 1010; x_wconf 79' lang='lat' dir='ltr'><strong>constantiam</strong></span> <span class='ocrx_word' id='word_1_54' title='bbox 2329 960 2379 1011; x_wconf 93' lang='lat' dir='ltr'><strong>in</strong></span> <span class='ocrx_word' id='word_1_55' title='bbox 2412 962 2653 1013; x_wconf 86' lang='lat' dir='ltr'><strong>catholica</strong></span> <span class='ocrx_word' id='word_1_56' title='bbox 2678 964 2774 1013; x_wconf 83' lang='lat' dir='ltr'><strong>ﬁde</strong></span> <span class='ocrx_word' id='word_1_57' title='bbox 2802 962 3171 1013; x_wconf 82' lang='lat' dir='ltr'><strong>adhortaretur.</strong></span> 
     </span>
    </p>
   </div>
   <div class='ocr_carea' id='block_1_12' title="bbox 354 1064 1867 1143">
    <p class='ocr_par' dir='ltr' id='par_1_12' title="bbox 354 1064 1867 1143">
     <span class='ocr_line' id='line_1_12' title="bbox 354 1064 1867 1143; baseline -0.004 -19"><span class='ocrx_word' id='word_1_58' title='bbox 354 1069 625 1139; x_wconf 84' lang='grc' dir='ltr'>Ἀνέγνων</span> <span class='ocrx_word' id='word_1_59' title='bbox 650 1087 743 1123; x_wconf 88' lang='grc' dir='ltr'><strong>σου</strong></span> <span class='ocrx_word' id='word_1_60' title='bbox 778 1070 841 1124; x_wconf 83' lang='grc' dir='ltr'>τὸ</span> <span class='ocrx_word' id='word_1_61' title='bbox 868 1070 1105 1143; x_wconf 80' lang='grc' dir='ltr'>γράμμα</span> <span class='ocrx_word' id='word_1_62' title='bbox 1136 1071 1237 1141; x_wconf 84' lang='grc' dir='ltr'>τῆς</span> <span class='ocrx_word' id='word_1_63' title='bbox 1262 1068 1551 1134; x_wconf 76' lang='grc' dir='ltr'>εὐλαϐείας</span> <span class='ocrx_word' id='word_1_64' title='bbox 1572 1085 1587 1099; x_wconf 68' lang='grc' dir='ltr'><strong>ο</strong></span> <span class='ocrx_word' id='word_1_65' title='bbox 1622 1066 1761 1124; x_wconf 86' lang='grc' dir='ltr'>ἀλλὰ</span> <span class='ocrx_word' id='word_1_66' title='bbox 1781 1064 1867 1130; x_wconf 87' lang='grc' dir='ltr'><strong>τίς</strong></span> 
     </span>
    </p>
   </div>
   <div class='ocr_carea' id='block_1_13' title="bbox 267 1155 1864 1232">
    <p class='ocr_par' dir='ltr' id='par_1_13' title="bbox 267 1155 1864 1232">
     <span class='ocr_line' id='line_1_13' title="bbox 267 1155 1864 1232; baseline -0.005 -16"><span class='ocrx_word' id='word_1_67' title='bbox 267 1164 298 1216; x_wconf 90' lang='grc' dir='ltr'><strong>ὀ</strong></span> <span class='ocrx_word' id='word_1_68' title='bbox 330 1160 551 1224; x_wconf 75' lang='grc' dir='ltr'>ἔπαινος</span> <span class='ocrx_word' id='word_1_69' title='bbox 582 1159 642 1214; x_wconf 80' lang='grc' dir='ltr'>ὃν</span> <span class='ocrx_word' id='word_1_70' title='bbox 671 1161 935 1231; x_wconf 86' lang='grc' dir='ltr'>ἐποίησας</span> <span class='ocrx_word' id='word_1_71' title='bbox 968 1162 1101 1232; x_wconf 87' lang='grc' dir='ltr'>ήμῖν</span> <span class='ocrx_word' id='word_1_72' title='bbox 1134 1160 1305 1227; x_wconf 83' lang='grc' dir='ltr'><strong>ξένοις</strong></span> <span class='ocrx_word' id='word_1_73' title='bbox 1338 1155 1457 1213; x_wconf 83' lang='grc' dir='ltr'>οὖσι</span> <span class='ocrx_word' id='word_1_74' title='bbox 1488 1158 1690 1221; x_wconf 84' lang='grc' dir='ltr'>παντὸς</span> <span class='ocrx_word' id='word_1_75' title='bbox 1722 1158 1864 1225; x_wconf 86' lang='grc' dir='ltr'>ἀγα-</span> 
     </span>
    </p>
   </div>
   <div class='ocr_carea' id='block_1_14' title="bbox 273 1249 1865 1326">
    <p class='ocr_par' dir='ltr' id='par_1_14' title="bbox 273 1249 1865 1326">
     <span class='ocr_line' id='line_1_14' title="bbox 273 1249 1865 1326; baseline -0.003 -19"><span class='ocrx_word' id='word_1_76' title='bbox 273 1253 405 1319; x_wconf 90' lang='grc' dir='ltr'>θοῦ;</span> <span class='ocrx_word' id='word_1_77' title='bbox 435 1254 518 1318; x_wconf 91' lang='grc' dir='ltr'><strong>τίς</strong></span> <span class='ocrx_word' id='word_1_78' title='bbox 541 1253 599 1307; x_wconf 84' lang='grc' dir='ltr'><strong>δέ</strong></span> <span class='ocrx_word' id='word_1_79' title='bbox 626 1254 690 1325; x_wconf 69' lang='grc' dir='ltr'>δὴ</span> <span class='ocrx_word' id='word_1_80' title='bbox 716 1255 807 1309; x_wconf 77' lang='grc' dir='ltr'>καὶ</span> <span class='ocrx_word' id='word_1_81' title='bbox 848 1256 882 1326; x_wconf 87' lang='grc' dir='ltr'><strong>ή</strong></span> <span class='ocrx_word' id='word_1_82' title='bbox 909 1252 1231 1325; x_wconf 77' lang='grc' dir='ltr'><strong>ἐπιζήτησις</strong></span> <span class='ocrx_word' id='word_1_83' title='bbox 1251 1252 1344 1307; x_wconf 92' lang='grc' dir='ltr'><strong>τοῦ</strong></span> <span class='ocrx_word' id='word_1_84' title='bbox 1373 1249 1750 1307; x_wconf 88' lang='grc' dir='ltr'>διδασκαλικοῦ</span> <span class='ocrx_word' id='word_1_85' title='bbox 1776 1250 1865 1303; x_wconf 90' lang='grc' dir='ltr'>λό-</span> 
     </span>
    </p>
   </div>
   <div class='ocr_carea' id='block_1_15' title="bbox 271 1342 1863 1418">
    <p class='ocr_par' dir='ltr' id='par_1_15' title="bbox 271 1342 1863 1418">
     <span class='ocr_line' id='line_1_15' title="bbox 271 1342 1863 1418; baseline -0.004 -19"><span class='ocrx_word' id='word_1_86' title='bbox 271 1364 398 1414; x_wconf 82' lang='grc' dir='ltr'>γου,</span> <span class='ocrx_word' id='word_1_87' title='bbox 428 1346 503 1418; x_wconf 82' lang='grc' dir='ltr'>μὴ</span> <span class='ocrx_word' id='word_1_88' title='bbox 538 1345 753 1417; x_wconf 77' lang='grc' dir='ltr'>ἔχουσιν</span> <span class='ocrx_word' id='word_1_89' title='bbox 782 1348 1158 1412; x_wconf 86' lang='grc' dir='ltr'>οἰκειοποτεῖν,</span> <span class='ocrx_word' id='word_1_90' title='bbox 1194 1346 1292 1417; x_wconf 82' lang='grc' dir='ltr'>οὐχ</span> <span class='ocrx_word' id='word_1_91' title='bbox 1325 1346 1406 1400; x_wconf 83' lang='grc' dir='ltr'>ὅτι</span> <span class='ocrx_word' id='word_1_92' title='bbox 1426 1356 1495 1413; x_wconf 80' lang='grc' dir='ltr'><strong>γε</strong></span> <span class='ocrx_word' id='word_1_93' title='bbox 1530 1342 1625 1397; x_wconf 67' lang='grc' dir='ltr'>καὶ</span> <span class='ocrx_word' id='word_1_94' title='bbox 1654 1342 1863 1413; x_wconf 91' lang='grc' dir='ltr'>ἐτέροις</span> 
     </span>
    </p>
   </div>
   <div class='ocr_carea' id='block_1_16' title="bbox 272 1430 1861 1508">
    <p class='ocr_par' dir='ltr' id='par_1_16' title="bbox 272 1430 1861 1508">
     <span class='ocr_line' id='line_1_16' title="bbox 272 1430 1861 1508; baseline -0.006 -16"><span class='ocrx_word' id='word_1_95' title='bbox 272 1437 461 1508; x_wconf 88' lang='grc' dir='ltr'>ἀρδειν</span> <span class='ocrx_word' id='word_1_96' title='bbox 506 1439 756 1507; x_wconf 86' lang='grc' dir='ltr'>νάματα;</span> <span class='ocrx_word' id='word_1_97' title='bbox 786 1438 935 1507; x_wconf 85' lang='grc' dir='ltr'>ὅμως</span> <span class='ocrx_word' id='word_1_98' title='bbox 968 1436 1154 1507; x_wconf 80' lang='grc' dir='ltr'>ἐπειδὴ</span> <span class='ocrx_word' id='word_1_99' title='bbox 1197 1436 1528 1507; x_wconf 80' lang='grc' dir='ltr'>γέγραπται,</span> <span class='ocrx_word' id='word_1_100' title='bbox 1558 1432 1745 1490; x_wconf 78' lang='grc' dir='ltr'>Παντὶ</span> <span class='ocrx_word' id='word_1_101' title='bbox 1782 1430 1861 1495; x_wconf 84' lang='grc' dir='ltr'><strong>τῷ</strong></span> 
     </span>
    </p>
   </div>
   <div class='ocr_carea' id='block_1_17' title="bbox 272 1526 1862 1601">
    <p class='ocr_par' dir='ltr' id='par_1_17' title="bbox 272 1526 1862 1601">
     <span class='ocr_line' id='line_1_17' title="bbox 272 1526 1862 1601; baseline -0.008 -15"><span class='ocrx_word' id='word_1_102' title='bbox 272 1531 547 1586; x_wconf 70' lang='grc' dir='ltr'>αἰτοῦντί</span> <span class='ocrx_word' id='word_1_103' title='bbox 566 1548 641 1586; x_wconf 84' lang='grc' dir='ltr'><strong>σε</strong></span> <span class='ocrx_word' id='word_1_104' title='bbox 666 1530 860 1585; x_wconf 86' lang='grc' dir='ltr'>δίδου·</span> <span class='ocrx_word' id='word_1_105' title='bbox 890 1530 1069 1597; x_wconf 82' lang='grc' dir='ltr'>δέξαιο</span> <span class='ocrx_word' id='word_1_106' title='bbox 1094 1527 1454 1601; x_wconf 75' lang='grc' dir='ltr'>βραχυλογίαν</span> <span class='ocrx_word' id='word_1_107' title='bbox 1481 1527 1601 1579; x_wconf 73' lang='grc' dir='ltr'>τινα</span> <span class='ocrx_word' id='word_1_108' title='bbox 1631 1526 1729 1594; x_wconf 84' lang='grc' dir='ltr'>τῆς</span> <span class='ocrx_word' id='word_1_109' title='bbox 1760 1540 1862 1575; x_wconf 86' lang='grc' dir='ltr'>πε-</span> 
     </span>
    </p>
   </div>
   <div class='ocr_carea' id='block_1_18' title="bbox 273 1618 1861 1694">
    <p class='ocr_par' dir='ltr' id='par_1_18' title="bbox 273 1618 1861 1694">
     <span class='ocr_line' id='line_1_18' title="bbox 273 1618 1861 1694; baseline -0.006 -17"><span class='ocrx_word' id='word_1_110' title='bbox 273 1623 596 1693; x_wconf 68' lang='grc' dir='ltr'>νιχρότητος</span> <span class='ocrx_word' id='word_1_111' title='bbox 640 1622 818 1694; x_wconf 87' lang='grc' dir='ltr'>ήμῶν.</span> <span class='ocrx_word' id='word_1_112' title='bbox 846 1622 969 1675; x_wconf 88' lang='grc' dir='ltr'>Τῶν</span> <span class='ocrx_word' id='word_1_113' title='bbox 998 1624 1056 1675; x_wconf 90' lang='grc' dir='ltr'><strong>ἐν</strong></span> <span class='ocrx_word' id='word_1_114' title='bbox 1082 1621 1159 1693; x_wconf 79' lang='grc' dir='ltr'>τῷ</span> <span class='ocrx_word' id='word_1_115' title='bbox 1188 1620 1353 1690; x_wconf 82' lang='grc' dir='ltr'>κοινῷ</span> <span class='ocrx_word' id='word_1_116' title='bbox 1390 1618 1489 1689; x_wconf 83' lang='grc' dir='ltr'>βίῳ</span> <span class='ocrx_word' id='word_1_117' title='bbox 1519 1618 1861 1687; x_wconf 65' lang='grc' dir='ltr'>ἀναστρεφο-</span> 
     </span>
    </p>
   </div>
   <div class='ocr_carea' id='block_1_19' title="bbox 276 1710 1862 1788">
    <p class='ocr_par' dir='ltr' id='par_1_19' title="bbox 276 1710 1862 1788">
     <span class='ocr_line' id='line_1_19' title="bbox 276 1710 1862 1788; baseline -0.003 -18"><span class='ocrx_word' id='word_1_118' title='bbox 276 1717 460 1788; x_wconf 80' lang='grc' dir='ltr'>μένων</span> <span class='ocrx_word' id='word_1_119' title='bbox 491 1717 590 1788; x_wconf 82' lang='grc' dir='ltr'><strong>ούχ</strong></span> <span class='ocrx_word' id='word_1_120' title='bbox 626 1717 801 1782; x_wconf 76' lang='grc' dir='ltr'>οὕτως</span> <span class='ocrx_word' id='word_1_121' title='bbox 824 1716 1028 1772; x_wconf 87' lang='grc' dir='ltr'>δύναιτ’</span> <span class='ocrx_word' id='word_1_122' title='bbox 1062 1718 1128 1771; x_wconf 82' lang='grc' dir='ltr'>ἂν</span> <span class='ocrx_word' id='word_1_123' title='bbox 1149 1718 1177 1770; x_wconf 85' lang='grc' dir='ltr'><strong>ὀ</strong></span> <span class='ocrx_word' id='word_1_124' title='bbox 1196 1716 1294 1785; x_wconf 80' lang='grc' dir='ltr'>τῆς</span> <span class='ocrx_word' id='word_1_125' title='bbox 1318 1715 1558 1779; x_wconf 77' lang='grc' dir='ltr'>διανοίας</span> <span class='ocrx_word' id='word_1_126' title='bbox 1582 1710 1862 1783; x_wconf 74' lang='grc' dir='ltr'>ὀφθαλμὸς</span> 
     </span>
    </p>
   </div>
   <div class='ocr_carea' id='block_1_20' title="bbox 275 1806 1860 1882">
    <p class='ocr_par' dir='ltr' id='par_1_20' title="bbox 275 1806 1860 1882">
     <span class='ocr_line' id='line_1_20' title="bbox 275 1806 1860 1882; baseline -0.003 -19"><span class='ocrx_word' id='word_1_127' title='bbox 275 1810 644 1882; x_wconf 85' lang='grc' dir='ltr'>κεκαθάρθαι,</span> <span class='ocrx_word' id='word_1_128' title='bbox 706 1811 779 1875; x_wconf 84' lang='grc' dir='ltr'><strong>ὡς</strong></span> <span class='ocrx_word' id='word_1_129' title='bbox 846 1810 1173 1874; x_wconf 77' lang='grc' dir='ltr'>ἐνατενίζειν</span> <span class='ocrx_word' id='word_1_130' title='bbox 1232 1806 1731 1880; x_wconf 82' lang='grc' dir='ltr'>ἀπαρεμποδίστως</span> <span class='ocrx_word' id='word_1_131' title='bbox 1781 1806 1860 1877; x_wconf 84' lang='grc' dir='ltr'>τῷ</span> 
     </span>
    </p>
   </div>
   <div class='ocr_carea' id='block_1_21' title="bbox 278 1896 1860 1975">
    <p class='ocr_par' dir='ltr' id='par_1_21' title="bbox 278 1896 1860 1975">
     <span class='ocr_line' id='line_1_21' title="bbox 278 1896 1860 1975; baseline -0.003 -19"><span class='ocrx_word' id='word_1_132' title='bbox 278 1902 471 1956; x_wconf 81' lang='grc' dir='ltr'>κάλλει</span> <span class='ocrx_word' id='word_1_133' title='bbox 519 1903 622 1973; x_wconf 82' lang='grc' dir='ltr'>τῆς</span> <span class='ocrx_word' id='word_1_134' title='bbox 672 1903 830 1975; x_wconf 79' lang='grc' dir='ltr'>δόξης</span> <span class='ocrx_word' id='word_1_135' title='bbox 874 1902 969 1957; x_wconf 86' lang='grc' dir='ltr'><strong>τοῦ</strong></span> <span class='ocrx_word' id='word_1_136' title='bbox 1002 1901 1137 1956; x_wconf 90' lang='grc' dir='ltr'>Θεοῦ</span> <span class='ocrx_word' id='word_1_137' title='bbox 1164 1919 1178 1934; x_wconf 90' lang='grc'><strong>·</strong></span> <span class='ocrx_word' id='word_1_138' title='bbox 1207 1896 1317 1954; x_wconf 77' lang='grc' dir='ltr'>οἷόν</span> <span class='ocrx_word' id='word_1_139' title='bbox 1345 1920 1450 1955; x_wconf 92' lang='grc' dir='ltr'>τινι</span> <span class='ocrx_word' id='word_1_140' title='bbox 1488 1901 1636 1971; x_wconf 84' lang='grc' dir='ltr'>λύμῃ</span> <span class='ocrx_word' id='word_1_141' title='bbox 1663 1903 1728 1971; x_wconf 79' lang='grc' dir='ltr'>τῇ</span> <span class='ocrx_word' id='word_1_142' title='bbox 1761 1900 1860 1970; x_wconf 82' lang='grc' dir='ltr'>τῆς</span> 
     </span>
    </p>
   </div>
   <div class='ocr_carea' id='block_1_22' title="bbox 280 1990 1859 2067">
    <p class='ocr_par' dir='ltr' id='par_1_22' title="bbox 280 1990 1859 2067">
     <span class='ocr_line' id='line_1_22' title="bbox 280 1990 1859 2067; baseline -0.002 -19"><span class='ocrx_word' id='word_1_143' title='bbox 280 1997 486 2066; x_wconf 72' lang='grc' dir='ltr'>σαρκὸς</span> <span class='ocrx_word' id='word_1_144' title='bbox 526 1996 871 2067; x_wconf 79' lang='grc' dir='ltr'>προσπαθείᾳ</span> <span class='ocrx_word' id='word_1_145' title='bbox 913 1996 1244 2066; x_wconf 75' lang='grc' dir='ltr'>μυωπάζων.</span> <span class='ocrx_word' id='word_1_146' title='bbox 1285 1995 1447 2065; x_wconf 81' lang='grc' dir='ltr'>Ἡμῖν</span> <span class='ocrx_word' id='word_1_147' title='bbox 1488 1994 1547 2047; x_wconf 87' lang='grc' dir='ltr'><strong>δέ</strong></span> <span class='ocrx_word' id='word_1_148' title='bbox 1577 1990 1661 2057; x_wconf 75' lang='grc' dir='ltr'>οἷς</span> <span class='ocrx_word' id='word_1_149' title='bbox 1694 1994 1859 2046; x_wconf 82' lang='grc' dir='ltr'>πᾶσιν</span> 
     </span>
    </p>
   </div>
   <div class='ocr_carea' id='block_1_23' title="bbox 274 2085 1861 2158">
    <p class='ocr_par' dir='ltr' id='par_1_23' title="bbox 274 2085 1861 2158">
     <span class='ocr_line' id='line_1_23' title="bbox 274 2085 1861 2158; baseline -0.003 -16"><span class='ocrx_word' id='word_1_150' title='bbox 274 2089 639 2149; x_wconf 76' lang='grc' dir='ltr'>ἀποτακτέον,</span> <span class='ocrx_word' id='word_1_151' title='bbox 676 2087 771 2141; x_wconf 78' lang='grc' dir='ltr'>καὶ</span> <span class='ocrx_word' id='word_1_152' title='bbox 820 2088 982 2157; x_wconf 90' lang='grc' dir='ltr'>μόνον</span> <span class='ocrx_word' id='word_1_153' title='bbox 1022 2087 1115 2141; x_wconf 82' lang='grc' dir='ltr'>τὸν</span> <span class='ocrx_word' id='word_1_154' title='bbox 1152 2086 1388 2158; x_wconf 80' lang='grc' dir='ltr'>Χριστοῦ</span> <span class='ocrx_word' id='word_1_155' title='bbox 1424 2086 1655 2158; x_wconf 79' lang='grc' dir='ltr'>σταυρὸν</span> <span class='ocrx_word' id='word_1_156' title='bbox 1682 2085 1861 2156; x_wconf 76' lang='grc' dir='ltr'>αἴρειν</span> 
     </span>
    </p>
   </div>
   <div class='ocr_carea' id='block_1_24' title="bbox 275 2177 1861 2251">
    <p class='ocr_par' dir='ltr' id='par_1_24' title="bbox 275 2177 1861 2251">
     <span class='ocr_line' id='line_1_24' title="bbox 275 2177 1861 2251; baseline -0.001 -18"><span class='ocrx_word' id='word_1_157' title='bbox 275 2180 749 2251; x_wconf 84' lang='grc' dir='ltr'>ἐγκελευομένοις,</span> <span class='ocrx_word' id='word_1_158' title='bbox 776 2181 1010 2251; x_wconf 80' lang='grc' dir='ltr'>εὐπετὴς</span> <span class='ocrx_word' id='word_1_159' title='bbox 1039 2182 1071 2250; x_wconf 88' lang='grc' dir='ltr'><strong>ή</strong></span> <span class='ocrx_word' id='word_1_160' title='bbox 1100 2180 1325 2234; x_wconf 87' lang='grc' dir='ltr'>θεοπτία</span> <span class='ocrx_word' id='word_1_161' title='bbox 1344 2196 1358 2210; x_wconf 79' lang='grc'><strong>’</strong></span> <span class='ocrx_word' id='word_1_162' title='bbox 1395 2180 1563 2251; x_wconf 75' lang='grc' dir='ltr'>ήγουν</span> <span class='ocrx_word' id='word_1_163' title='bbox 1597 2178 1658 2232; x_wconf 81' lang='grc' dir='ltr'>τὸ</span> <span class='ocrx_word' id='word_1_164' title='bbox 1694 2177 1861 2249; x_wconf 86' lang='grc' dir='ltr'>μηδὲν</span> 
     </span>
    </p>
   </div>
   <div class='ocr_carea' id='block_1_25' title="bbox 276 2272 1858 2344">
    <p class='ocr_par' dir='ltr' id='par_1_25' title="bbox 276 2272 1858 2344">
     <span class='ocr_line' id='line_1_25' title="bbox 276 2272 1858 2344; baseline -0.003 -16"><span class='ocrx_word' id='word_1_165' title='bbox 276 2273 409 2328; x_wconf 82' lang='grc' dir='ltr'>ἀλλο</span> <span class='ocrx_word' id='word_1_166' title='bbox 438 2272 531 2326; x_wconf 79' lang='grc' dir='ltr'>καὶ</span> <span class='ocrx_word' id='word_1_167' title='bbox 554 2274 699 2344; x_wconf 80' lang='grc' dir='ltr'>ἔχειν</span> <span class='ocrx_word' id='word_1_168' title='bbox 730 2274 825 2326; x_wconf 72' lang='grc' dir='ltr'>καὶ</span> <span class='ocrx_word' id='word_1_169' title='bbox 858 2273 1097 2333; x_wconf 85' lang='grc' dir='ltr'>ἐννοεῖν.</span> <span class='ocrx_word' id='word_1_170' title='bbox 1131 2272 1164 2343; x_wconf 77' lang='grc' dir='ltr'>ἢ</span> <span class='ocrx_word' id='word_1_171' title='bbox 1214 2274 1273 2327; x_wconf 75' lang='grc' dir='ltr'><strong>τὸ</strong></span> <span class='ocrx_word' id='word_1_172' title='bbox 1322 2272 1440 2336; x_wconf 90' lang='grc' dir='ltr'><strong>πῶς</strong></span> <span class='ocrx_word' id='word_1_173' title='bbox 1466 2273 1858 2343; x_wconf 82' lang='grc' dir='ltr'>εὐαρεστήσοι-</span> 
     </span>
    </p>
   </div>
   <div class='ocr_carea' id='block_1_26' title="bbox 280 2362 1861 2438">
    <p class='ocr_par' dir='ltr' id='par_1_26' title="bbox 280 2362 1861 2438">
     <span class='ocr_line' id='line_1_26' title="bbox 280 2362 1861 2438; baseline -0.001 -20"><span class='ocrx_word' id='word_1_174' title='bbox 280 2383 383 2437; x_wconf 85' lang='grc' dir='ltr'><strong>μεν</strong></span> <span class='ocrx_word' id='word_1_175' title='bbox 423 2364 502 2436; x_wconf 83' lang='grc' dir='ltr'>τῷ</span> <span class='ocrx_word' id='word_1_176' title='bbox 530 2365 753 2438; x_wconf 75' lang='grc' dir='ltr'>Κυρίῳο</span> <span class='ocrx_word' id='word_1_177' title='bbox 784 2366 1001 2437; x_wconf 78' lang='grc' dir='ltr'>καθαρᾷ</span> <span class='ocrx_word' id='word_1_178' title='bbox 1035 2366 1233 2436; x_wconf 63' lang='grc' dir='ltr'><strong>καρδίᾳ⁴</strong></span> <span class='ocrx_word' id='word_1_179' title='bbox 1272 2363 1560 2436; x_wconf 79' lang='grc' dir='ltr'>λατρεύειν</span> <span class='ocrx_word' id='word_1_180' title='bbox 1599 2362 1768 2433; x_wconf 80' lang='grc' dir='ltr'>αὐτῷ,</span> <span class='ocrx_word' id='word_1_181' title='bbox 1803 2366 1861 2417; x_wconf 86' lang='grc' dir='ltr'><strong>ἐν</strong></span> 
     </span>
    </p>
   </div>
   <div class='ocr_carea' id='block_1_27' title="bbox 274 2452 1860 2529">
    <p class='ocr_par' dir='ltr' id='par_1_27' title="bbox 274 2452 1860 2529">
     <span class='ocr_line' id='line_1_27' title="bbox 274 2452 1860 2529; baseline 0 -20"><span class='ocrx_word' id='word_1_182' title='bbox 274 2456 582 2527; x_wconf 73' lang='grc' dir='ltr'>ἀπορρήξει</span> <span class='ocrx_word' id='word_1_183' title='bbox 605 2456 788 2528; x_wconf 78' lang='grc' dir='ltr'>πάσης</span> <span class='ocrx_word' id='word_1_184' title='bbox 812 2458 1047 2529; x_wconf 84' lang='grc' dir='ltr'>σχέσεως</span> <span class='ocrx_word' id='word_1_185' title='bbox 1072 2457 1363 2529; x_wconf 83' lang='grc' dir='ltr'>σαρκικῆς.</span> <span class='ocrx_word' id='word_1_186' title='bbox 1392 2458 1573 2511; x_wconf 82' lang='grc' dir='ltr'>Ἔστω</span> <span class='ocrx_word' id='word_1_187' title='bbox 1594 2452 1686 2511; x_wconf 79' lang='grc' dir='ltr'>οὖν</span> <span class='ocrx_word' id='word_1_188' title='bbox 1706 2458 1860 2528; x_wconf 85' lang='grc' dir='ltr'>ὑμῶν</span> 
     </span>
    </p>
   </div>
   <div class='ocr_carea' id='block_1_28' title="bbox 276 2538 1857 2620">
    <p class='ocr_par' dir='ltr' id='par_1_28' title="bbox 276 2538 1857 2620">
     <span class='ocr_line' id='line_1_28' title="bbox 276 2538 1857 2620; baseline -0.001 -19"><span class='ocrx_word' id='word_1_189' title='bbox 276 2548 315 2618; x_wconf 78' lang='grc' dir='ltr'><strong>ἡ</strong></span> <span class='ocrx_word' id='word_1_190' title='bbox 348 2548 449 2617; x_wconf 78' lang='grc' dir='ltr'>τῆς</span> <span class='ocrx_word' id='word_1_191' title='bbox 477 2538 801 2617; x_wconf 81' lang='grc' dir='ltr'>ἐγκλείσεως</span> <span class='ocrx_word' id='word_1_192' title='bbox 832 2550 1084 2620; x_wconf 82' lang='grc' dir='ltr'>περιοχὴ,</span> <span class='ocrx_word' id='word_1_193' title='bbox 1117 2550 1271 2612; x_wconf 80' lang='grc' dir='ltr'>πόλις</span> <span class='ocrx_word' id='word_1_194' title='bbox 1293 2548 1429 2603; x_wconf 86' lang='grc' dir='ltr'>Θεοῦ</span> <span class='ocrx_word' id='word_1_195' title='bbox 1457 2549 1857 2619; x_wconf 81' lang='grc' dir='ltr'>πεποικιλμένη</span> 
     </span>
    </p>
   </div>
   <div class='ocr_carea' id='block_1_29' title="bbox 278 2638 1860 2713">
    <p class='ocr_par' dir='ltr' id='par_1_29' title="bbox 278 2638 1860 2713">
     <span class='ocr_line' id='line_1_29' title="bbox 278 2638 1860 2713; baseline 0.002 -22"><span class='ocrx_word' id='word_1_196' title='bbox 278 2638 533 2711; x_wconf 72' lang='grc' dir='ltr'>χρυσέοις</span> <span class='ocrx_word' id='word_1_197' title='bbox 560 2638 984 2711; x_wconf 73' lang='grc' dir='ltr'>κατορθώμασι*</span> <span class='ocrx_word' id='word_1_198' title='bbox 1022 2643 1097 2712; x_wconf 83' lang='grc' dir='ltr'>μὴ</span> <span class='ocrx_word' id='word_1_199' title='bbox 1132 2641 1278 2705; x_wconf 81' lang='grc' dir='ltr'>κλεῖς</span> <span class='ocrx_word' id='word_1_200' title='bbox 1315 2642 1446 2713; x_wconf 75' lang='grc' dir='ltr'>περὶ</span> <span class='ocrx_word' id='word_1_201' title='bbox 1474 2641 1535 2694; x_wconf 73' lang='grc' dir='ltr'>τὸ</span> <span class='ocrx_word' id='word_1_202' title='bbox 1569 2642 1731 2712; x_wconf 87' lang='grc' dir='ltr'>σῶμα</span> <span class='ocrx_word' id='word_1_203' title='bbox 1759 2642 1860 2708; x_wconf 84' lang='grc' dir='ltr'>μό-</span> 
     </span>
    </p>
   </div>
   <div class='ocr_carea' id='block_1_30' title="bbox 277 2732 1861 2806">
    <p class='ocr_par' dir='ltr' id='par_1_30' title="bbox 277 2732 1861 2806">
     <span class='ocr_line' id='line_1_30' title="bbox 277 2732 1861 2806; baseline 0.001 -20"><span class='ocrx_word' id='word_1_204' title='bbox 277 2748 391 2797; x_wconf 85' lang='grc' dir='ltr'>νον,</span> <span class='ocrx_word' id='word_1_205' title='bbox 419 2732 557 2787; x_wconf 86' lang='grc' dir='ltr'><strong>ἀλλά</strong></span> <span class='ocrx_word' id='word_1_206' title='bbox 581 2733 691 2805; x_wconf 80' lang='grc' dir='ltr'><strong>γὰρ</strong></span> <span class='ocrx_word' id='word_1_207' title='bbox 722 2736 817 2787; x_wconf 74' lang='grc' dir='ltr'>καὶ</span> <span class='ocrx_word' id='word_1_208' title='bbox 866 2735 1008 2789; x_wconf 87' lang='grc' dir='ltr'><strong>κατά</strong></span> <span class='ocrx_word' id='word_1_209' title='bbox 1056 2736 1293 2806; x_wconf 85' lang='grc' dir='ltr'>πνεῦμα.</span> <span class='ocrx_word' id='word_1_210' title='bbox 1347 2736 1633 2806; x_wconf 78' lang='grc' dir='ltr'>Προσῆκον</span> <span class='ocrx_word' id='word_1_211' title='bbox 1680 2734 1861 2788; x_wconf 86' lang='grc' dir='ltr'>τοίνυν</span> 
     </span>
    </p>
   </div>
   <div class='ocr_carea' id='block_1_31' title="bbox 278 2824 1860 2899">
    <p class='ocr_par' dir='ltr' id='par_1_31' title="bbox 278 2824 1860 2899">
     <span class='ocr_line' id='line_1_31' title="bbox 278 2824 1860 2899; baseline 0.002 -21"><span class='ocrx_word' id='word_1_212' title='bbox 278 2824 507 2894; x_wconf 81' lang='grc' dir='ltr'><strong>φεύγειν</strong></span> <span class='ocrx_word' id='word_1_213' title='bbox 548 2826 694 2897; x_wconf 81' lang='grc' dir='ltr'>ὑμᾶς</span> <span class='ocrx_word' id='word_1_214' title='bbox 722 2828 821 2890; x_wconf 79' lang='grc' dir='ltr'>τὰς</span> <span class='ocrx_word' id='word_1_215' title='bbox 851 2828 963 2881; x_wconf 88' lang='grc' dir='ltr'><strong>τῶν</strong></span> <span class='ocrx_word' id='word_1_216' title='bbox 985 2828 1194 2899; x_wconf 85' lang='grc' dir='ltr'>ἀνδρῶν</span> <span class='ocrx_word' id='word_1_217' title='bbox 1220 2830 1391 2898; x_wconf 76' lang='grc' dir='ltr'>ὄψεις,</span> <span class='ocrx_word' id='word_1_218' title='bbox 1417 2830 1516 2892; x_wconf 84' lang='grc' dir='ltr'><strong>τὰς</strong></span> <span class='ocrx_word' id='word_1_219' title='bbox 1558 2828 1696 2898; x_wconf 84' lang='grc' dir='ltr'>πρὸς</span> <span class='ocrx_word' id='word_1_220' title='bbox 1733 2828 1860 2891; x_wconf 81' lang='grc' dir='ltr'>τοὺς</span> 
     </span>
    </p>
   </div>
   <div class='ocr_carea' id='block_1_32' title="bbox 277 2918 1861 2991">
    <p class='ocr_par' dir='ltr' id='par_1_32' title="bbox 277 2918 1861 2991">
     <span class='ocr_line' id='line_1_32' title="bbox 277 2918 1861 2991; baseline 0.003 -22"><span class='ocrx_word' id='word_1_221' title='bbox 277 2918 375 2986; x_wconf 77' lang='grc' dir='ltr'><strong>ἀφ’</strong></span> <span class='ocrx_word' id='word_1_222' title='bbox 407 2919 640 2990; x_wconf 78' lang='grc' dir='ltr'>αἵματος</span> <span class='ocrx_word' id='word_1_223' title='bbox 683 2920 923 2990; x_wconf 83' lang='grc' dir='ltr'>σχέσεις,</span> <span class='ocrx_word' id='word_1_224' title='bbox 953 2920 1049 2984; x_wconf 82' lang='grc' dir='ltr'>τὰς</span> <span class='ocrx_word' id='word_1_225' title='bbox 1096 2921 1232 2991; x_wconf 80' lang='grc' dir='ltr'>πρὸς</span> <span class='ocrx_word' id='word_1_226' title='bbox 1260 2921 1380 2975; x_wconf 88' lang='grc' dir='ltr'>ὃλον</span> <span class='ocrx_word' id='word_1_227' title='bbox 1411 2920 1503 2974; x_wconf 84' lang='grc' dir='ltr'>τὸν</span> <span class='ocrx_word' id='word_1_228' title='bbox 1530 2922 1735 2990; x_wconf 79' lang='grc' dir='ltr'>κόσμον</span> <span class='ocrx_word' id='word_1_229' title='bbox 1772 2939 1861 2991; x_wconf 78' lang='grc' dir='ltr'>φι-</span> 
     </span>
    </p>
   </div>
   <div class='ocr_carea' id='block_1_33' title="bbox 273 3008 1859 3084">
    <p class='ocr_par' dir='ltr' id='par_1_33' title="bbox 273 3008 1859 3084">
     <span class='ocr_line' id='line_1_33' title="bbox 273 3008 1859 3084; baseline 0.001 -21"><span class='ocrx_word' id='word_1_230' title='bbox 273 3008 431 3073; x_wconf 71' lang='grc' dir='ltr'>λίας’</span> <span class='ocrx_word' id='word_1_231' title='bbox 486 3012 657 3075; x_wconf 82' lang='grc' dir='ltr'>αὐτὰς</span> <span class='ocrx_word' id='word_1_232' title='bbox 717 3012 773 3065; x_wconf 88' lang='grc' dir='ltr'><strong>δέ</strong></span> <span class='ocrx_word' id='word_1_233' title='bbox 833 3013 919 3083; x_wconf 83' lang='grc' dir='ltr'>ἐφ’</span> <span class='ocrx_word' id='word_1_234' title='bbox 968 3012 1170 3077; x_wconf 79' lang='grc' dir='ltr'>ἑαυτὰς</span> <span class='ocrx_word' id='word_1_235' title='bbox 1219 3013 1720 3084; x_wconf 81' lang='grc' dir='ltr'>συνανεστράφθαι·</span> <span class='ocrx_word' id='word_1_236' title='bbox 1766 3012 1859 3065; x_wconf 85' lang='grc' dir='ltr'>καὶ</span> 
     </span>
    </p>
   </div>
   <div class='ocr_carea' id='block_1_34' title="bbox 277 3088 1859 3177">
    <p class='ocr_par' dir='ltr' id='par_1_34' title="bbox 277 3088 1859 3177">
     <span class='ocr_line' id='line_1_34' title="bbox 277 3088 1859 3177; baseline 0.001 -21"><span class='ocrx_word' id='word_1_237' title='bbox 277 3103 425 3173; x_wconf 78' lang='grc' dir='ltr'>ἔχειν</span> <span class='ocrx_word' id='word_1_238' title='bbox 463 3104 592 3174; x_wconf 88' lang='grc' dir='ltr'>μίαν</span> <span class='ocrx_word' id='word_1_239' title='bbox 622 3104 800 3175; x_wconf 75' lang='grc' dir='ltr'>ψυχὴν</span> <span class='ocrx_word' id='word_1_240' title='bbox 850 3106 945 3158; x_wconf 76' lang='grc' dir='ltr'>καὶ</span> <span class='ocrx_word' id='word_1_241' title='bbox 996 3088 1243 3176; x_wconf 85' lang='grc' dir='ltr'>καρδίαν,</span> <span class='ocrx_word' id='word_1_242' title='bbox 1280 3106 1424 3160; x_wconf 74' lang='grc' dir='ltr'>κατὰ</span> <span class='ocrx_word' id='word_1_243' title='bbox 1468 3106 1703 3177; x_wconf 87' lang='grc' dir='ltr'>μίμησιν</span> <span class='ocrx_word' id='word_1_244' title='bbox 1750 3105 1859 3158; x_wconf 88' lang='grc' dir='ltr'><strong>τῶν</strong></span> 
     </span>
    </p>
   </div>
   <div class='ocr_carea' id='block_1_35' title="bbox 276 3194 1859 3268">
    <p class='ocr_par' dir='ltr' id='par_1_35' title="bbox 276 3194 1859 3268">
     <span class='ocr_line' id='line_1_35' title="bbox 276 3194 1859 3268; baseline -0.001 -18"><span class='ocrx_word' id='word_1_245' title='bbox 276 3196 518 3268; x_wconf 73' lang='grc' dir='ltr'>ἀρχῆθεν</span> <span class='ocrx_word' id='word_1_246' title='bbox 550 3200 643 3251; x_wconf 77' lang='grc' dir='ltr'><strong>ἐπὶ</strong></span> <span class='ocrx_word' id='word_1_247' title='bbox 668 3198 777 3251; x_wconf 91' lang='grc' dir='ltr'><strong>τῶν</strong></span> <span class='ocrx_word' id='word_1_248' title='bbox 803 3198 1117 3251; x_wconf 80' lang='grc' dir='ltr'>ἀποστόλων</span> <span class='ocrx_word' id='word_1_249' title='bbox 1140 3198 1607 3253; x_wconf 83' lang='grc' dir='ltr'>πεπιστευκότων.</span> <span class='ocrx_word' id='word_1_250' title='bbox 1646 3196 1713 3251; x_wconf 82' lang='grc' dir='ltr'><strong>Ἠ</strong></span> <span class='ocrx_word' id='word_1_251' title='bbox 1734 3194 1859 3250; x_wconf 89' lang='grc' dir='ltr'>καθ-</span> 
     </span>
    </p>
   </div>
   <div class='ocr_carea' id='block_1_36' title="bbox 2034 1066 3539 1141">
    <p class='ocr_par' dir='ltr' id='par_1_36' title="bbox 2034 1066 3539 1141">
     <span class='ocr_line' id='line_1_36' title="bbox 2034 1066 3539 1141; baseline 0.003 -19"><span class='ocrx_word' id='word_1_252' title='bbox 2034 1066 2162 1140; x_wconf 92' lang='lat' dir='ltr'><strong>Legi</strong></span> <span class='ocrx_word' id='word_1_253' title='bbox 2192 1072 2475 1140; x_wconf 84' lang='lat' dir='ltr'><strong>epistolam</strong></span> <span class='ocrx_word' id='word_1_254' title='bbox 2504 1070 2723 1141; x_wconf 89' lang='lat' dir='ltr'><strong>pietatis</strong></span> <span class='ocrx_word' id='word_1_255' title='bbox 2757 1081 2884 1135; x_wconf 70' lang='lat' dir='ltr'><strong>tute,</strong></span> <span class='ocrx_word' id='word_1_256' title='bbox 2905 1070 3001 1125; x_wconf 88' lang='lat' dir='ltr'><strong>sed</strong></span> <span class='ocrx_word' id='word_1_257' title='bbox 3028 1086 3150 1141; x_wconf 73' lang='lat' dir='ltr'><strong>quae</strong></span> <span class='ocrx_word' id='word_1_258' title='bbox 3180 1070 3301 1126; x_wconf 91' lang='lat' dir='ltr'><strong>laus</strong></span> <span class='ocrx_word' id='word_1_259' title='bbox 3331 1086 3395 1126; x_wconf 91' lang='lat' dir='ltr'><strong>ea</strong></span> <span class='ocrx_word' id='word_1_260' title='bbox 3427 1078 3539 1138; x_wconf 88' lang='lat' dir='ltr'><strong>est,</strong></span> 
     </span>
    </p>
   </div>
   <div class='ocr_carea' id='block_1_37' title="bbox 1961 1161 3543 1234">
    <p class='ocr_par' dir='ltr' id='par_1_37' title="bbox 1961 1161 3543 1234">
     <span class='ocr_line' id='line_1_37' title="bbox 1961 1161 3543 1234; baseline 0.004 -22"><span class='ocrx_word' id='word_1_261' title='bbox 1961 1175 2067 1230; x_wconf 91' lang='lat' dir='ltr'><strong>qua</strong></span> <span class='ocrx_word' id='word_1_262' title='bbox 2103 1178 2203 1217; x_wconf 89' lang='lat' dir='ltr'><strong>nos</strong></span> <span class='ocrx_word' id='word_1_263' title='bbox 2229 1161 2455 1217; x_wconf 71' lang='lat' dir='ltr'><strong>all‘ecisti</strong></span> <span class='ocrx_word' id='word_1_264' title='bbox 2482 1163 2575 1234; x_wconf 91' lang='lat' dir='ltr'><strong>qui</strong></span> <span class='ocrx_word' id='word_1_265' title='bbox 2612 1178 2803 1219; x_wconf 89' lang='lat' dir='ltr'><strong>sumus</strong></span> <span class='ocrx_word' id='word_1_266' title='bbox 2831 1164 2899 1218; x_wconf 92' lang='lat' dir='ltr'><strong>ab</strong></span> <span class='ocrx_word' id='word_1_267' title='bbox 2929 1164 3081 1218; x_wconf 91' lang='lat' dir='ltr'><strong>omni</strong></span> <span class='ocrx_word' id='word_1_268' title='bbox 3121 1164 3267 1218; x_wconf 88' lang='lat' dir='ltr'><strong>bono</strong></span> <span class='ocrx_word' id='word_1_269' title='bbox 3298 1165 3490 1233; x_wconf 86' lang='lat' dir='ltr'><strong>inopes</strong></span> <span class='ocrx_word' id='word_1_270' title='bbox 3520 1166 3543 1218; x_wconf 87' lang='lat'><strong>?</strong></span> 
     </span>
    </p>
   </div>
   <div class='ocr_carea' id='block_1_38' title="bbox 1960 1240 3539 1327">
    <p class='ocr_par' dir='ltr' id='par_1_38' title="bbox 1960 1240 3539 1327">
     <span class='ocr_line' id='line_1_38' title="bbox 1960 1240 3539 1327; baseline 0.003 -20"><span class='ocrx_word' id='word_1_271' title='bbox 1960 1262 2055 1307; x_wconf 82' lang='lat' dir='ltr'><strong>aut</strong></span> <span class='ocrx_word' id='word_1_272' title='bbox 2085 1254 2216 1322; x_wconf 90' lang='lat' dir='ltr'><strong>quid</strong></span> <span class='ocrx_word' id='word_1_273' title='bbox 2252 1270 2283 1308; x_wconf 90' lang='lat' dir='ltr'><strong>a</strong></span> <span class='ocrx_word' id='word_1_274' title='bbox 2326 1255 2483 1309; x_wconf 81' lang='lat' dir='ltr'><strong>nobis</strong></span> <span class='ocrx_word' id='word_1_275' title='bbox 2526 1240 2772 1326; x_wconf 79' lang='lat' dir='ltr'><strong>magistri</strong></span> <span class='ocrx_word' id='word_1_276' title='bbox 2810 1246 3023 1311; x_wconf 23' lang='lat' dir='ltr'><strong>monita.</strong></span> <span class='ocrx_word' id='word_1_277' title='bbox 3056 1256 3289 1327; x_wconf 83' lang='lat' dir='ltr'><strong>ﬂagitas,</strong></span> <span class='ocrx_word' id='word_1_278' title='bbox 3323 1258 3416 1326; x_wconf 87' lang='lat' dir='ltr'><strong>qui</strong></span> <span class='ocrx_word' id='word_1_279' title='bbox 3453 1256 3539 1311; x_wconf 93' lang='lat' dir='ltr'><strong>vix</strong></span> 
     </span>
    </p>
   </div>
   <div class='ocr_carea' id='block_1_39' title="bbox 1959 1347 3545 1417">
    <p class='ocr_par' dir='ltr' id='par_1_39' title="bbox 1959 1347 3545 1417">
     <span class='ocr_line' id='line_1_39' title="bbox 1959 1347 3545 1417; baseline 0.002 -18"><span class='ocrx_word' id='word_1_280' title='bbox 1959 1359 2155 1401; x_wconf 91' lang='lat' dir='ltr'><strong>sumus</strong></span> <span class='ocrx_word' id='word_1_281' title='bbox 2190 1347 2423 1415; x_wconf 68' lang='lat' dir='ltr'><strong>propria:</strong></span> <span class='ocrx_word' id='word_1_282' title='bbox 2455 1347 2545 1402; x_wconf 89' lang='lat' dir='ltr'><strong>siti</strong></span> <span class='ocrx_word' id='word_1_283' title='bbox 2576 1348 2857 1417; x_wconf 74' lang='lat' dir='ltr'><strong>explenda:</strong></span> <span class='ocrx_word' id='word_1_284' title='bbox 2887 1363 3067 1417; x_wconf 88' lang='lat' dir='ltr'><strong>pares,</strong></span> <span class='ocrx_word' id='word_1_285' title='bbox 3098 1350 3295 1403; x_wconf 83' lang='lat' dir='ltr'><strong>nedum</strong></span> <span class='ocrx_word' id='word_1_286' title='bbox 3326 1357 3384 1401; x_wconf 92' lang='lat' dir='ltr'><strong>ut</strong></span> <span class='ocrx_word' id='word_1_287' title='bbox 3420 1348 3545 1403; x_wconf 90' lang='lat' dir='ltr'><strong>aliis</strong></span> 
     </span>
    </p>
   </div>
   <div class='ocr_carea' id='block_1_40' title="bbox 1957 1437 3539 1511">
    <p class='ocr_par' dir='ltr' id='par_1_40' title="bbox 1957 1437 3539 1511">
     <span class='ocr_line' id='line_1_40' title="bbox 1957 1437 3539 1511; baseline 0.003 -21"><span class='ocrx_word' id='word_1_288' title='bbox 1957 1437 2112 1504; x_wconf 87' lang='lat' dir='ltr'><strong>rigua</strong></span> <span class='ocrx_word' id='word_1_289' title='bbox 2143 1439 2527 1507; x_wconf 72' lang='lat' dir='ltr'><strong>praebeamus?</strong></span> <span class='ocrx_word' id='word_1_290' title='bbox 2560 1439 2831 1506; x_wconf 88' lang='lat' dir='ltr'><strong>Quoniam</strong></span> <span class='ocrx_word' id='word_1_291' title='bbox 2882 1449 3062 1495; x_wconf 87' lang='lat' dir='ltr'><strong>tamen</strong></span> <span class='ocrx_word' id='word_1_292' title='bbox 3103 1441 3365 1511; x_wconf 88' lang='lat' dir='ltr'><strong>scriptum</strong></span> <span class='ocrx_word' id='word_1_293' title='bbox 3404 1449 3490 1494; x_wconf 90' lang='lat' dir='ltr'><strong>est</strong></span> <span class='ocrx_word' id='word_1_294' title='bbox 3523 1458 3539 1495; x_wconf 88' lang='lat'><strong>:</strong></span> 
     </span>
    </p>
   </div>
   <div class='ocr_carea' id='block_1_41' title="bbox 1962 1530 3547 1604">
    <p class='ocr_par' dir='ltr' id='par_1_41' title="bbox 1962 1530 3547 1604">
     <span class='ocr_line' id='line_1_41' title="bbox 1962 1530 3547 1604; baseline 0.001 -19"><span class='ocrx_word' id='word_1_295' title='bbox 1962 1530 2120 1585; x_wconf 79' lang='lat' dir='ltr'><strong>Omni</strong></span> <span class='ocrx_word' id='word_1_296' title='bbox 2148 1532 2340 1599; x_wconf 80' lang='lat' dir='ltr'><strong>petenti</strong></span> <span class='ocrx_word' id='word_1_297' title='bbox 2364 1542 2411 1586; x_wconf 80' lang='lat' dir='ltr'><strong>te</strong></span> <span class='ocrx_word' id='word_1_298' title='bbox 2440 1533 2609 1588; x_wconf 80' lang='lat' dir='ltr'><strong>tribue</strong></span> <span class='ocrx_word' id='word_1_299' title='bbox 2638 1534 2682 1566; x_wconf 82' lang='grc'><strong>⁸³</strong></span> <span class='ocrx_word' id='word_1_300' title='bbox 2712 1550 2733 1588; x_wconf 90' lang='lat'><strong><em>:</em></strong></span> <span class='ocrx_word' id='word_1_301' title='bbox 2765 1534 3015 1604; x_wconf 79' lang='lat' dir='ltr'><strong>exiguam</strong></span> <span class='ocrx_word' id='word_1_302' title='bbox 3050 1548 3149 1603; x_wconf 91' lang='lat' dir='ltr'><strong>pro</strong></span> <span class='ocrx_word' id='word_1_303' title='bbox 3184 1545 3367 1588; x_wconf 88' lang='lat' dir='ltr'><strong>nostra</strong></span> <span class='ocrx_word' id='word_1_304' title='bbox 3424 1533 3547 1587; x_wconf 71' lang='lat' dir='ltr'><strong>ino~</strong></span> 
     </span>
    </p>
   </div>
   <div class='ocr_carea' id='block_1_42' title="bbox 1957 1624 3543 1697">
    <p class='ocr_par' dir='ltr' id='par_1_42' title="bbox 1957 1624 3543 1697">
     <span class='ocr_line' id='line_1_42' title="bbox 1957 1624 3543 1697; baseline 0.002 -21"><span class='ocrx_word' id='word_1_305' title='bbox 1957 1624 2045 1693; x_wconf 91' lang='lat' dir='ltr'><strong>pia</strong></span> <span class='ocrx_word' id='word_1_306' title='bbox 2072 1624 2373 1679; x_wconf 89' lang='lat' dir='ltr'><strong>orationem</strong></span> <span class='ocrx_word' id='word_1_307' title='bbox 2411 1626 2617 1697; x_wconf 87' lang='lat' dir='ltr'><strong>accipe.</strong></span> <span class='ocrx_word' id='word_1_308' title='bbox 2651 1625 2756 1692; x_wconf 85' lang='lat' dir='ltr'><strong>Qui</strong></span> <span class='ocrx_word' id='word_1_309' title='bbox 2788 1627 2839 1680; x_wconf 92' lang='lat' dir='ltr'><strong>in</strong></span> <span class='ocrx_word' id='word_1_310' title='bbox 2890 1626 3139 1681; x_wconf 70' lang='lat' dir='ltr'><strong>saeculari</strong></span> <span class='ocrx_word' id='word_1_311' title='bbox 3170 1626 3276 1679; x_wconf 86' lang='lat' dir='ltr'><strong>vita</strong></span> <span class='ocrx_word' id='word_1_312' title='bbox 3318 1625 3543 1697; x_wconf 70' lang='lat' dir='ltr'><strong>degunt,</strong></span> 
     </span>
    </p>
   </div>
   <div class='ocr_carea' id='block_1_43' title="bbox 1960 1718 3547 1789">
    <p class='ocr_par' dir='ltr' id='par_1_43' title="bbox 1960 1718 3547 1789">
     <span class='ocr_line' id='line_1_43' title="bbox 1960 1718 3547 1789; baseline -0.001 -16"><span class='ocrx_word' id='word_1_313' title='bbox 1960 1718 2106 1773; x_wconf 85' lang='lat' dir='ltr'><strong>haud</strong></span> <span class='ocrx_word' id='word_1_314' title='bbox 2140 1720 2377 1789; x_wconf 87' lang='lat' dir='ltr'><strong>proclive</strong></span> <span class='ocrx_word' id='word_1_315' title='bbox 2424 1730 2508 1775; x_wconf 86' lang='lat' dir='ltr'><strong>est</strong></span> <span class='ocrx_word' id='word_1_316' title='bbox 2553 1730 2611 1774; x_wconf 92' lang='lat' dir='ltr'><strong>ut</strong></span> <span class='ocrx_word' id='word_1_317' title='bbox 2652 1718 2743 1774; x_wconf 90' lang='lat' dir='ltr'><strong>hic</strong></span> <span class='ocrx_word' id='word_1_318' title='bbox 2775 1720 2974 1775; x_wconf 88' lang='lat' dir='ltr'><strong>mentis</strong></span> <span class='ocrx_word' id='word_1_319' title='bbox 3004 1718 3194 1774; x_wconf 84' lang='lat' dir='ltr'><strong>oculus</strong></span> <span class='ocrx_word' id='word_1_320' title='bbox 3227 1719 3299 1772; x_wconf 91' lang='lat' dir='ltr'><strong>ita</strong></span> <span class='ocrx_word' id='word_1_321' title='bbox 3348 1733 3547 1789; x_wconf 85' lang='lat' dir='ltr'><strong>purga-</strong></span> 
     </span>
    </p>
   </div>
   <div class='ocr_carea' id='block_1_44' title="bbox 1956 1810 3543 1878">
    <p class='ocr_par' dir='ltr' id='par_1_44' title="bbox 1956 1810 3543 1878">
     <span class='ocr_line' id='line_1_44' title="bbox 1956 1810 3543 1878; baseline -0.002 -13"><span class='ocrx_word' id='word_1_322' title='bbox 1956 1819 2046 1867; x_wconf 93' lang='lat' dir='ltr'><strong>tus</strong></span> <span class='ocrx_word' id='word_1_323' title='bbox 2082 1813 2171 1875; x_wconf 92' lang='lat' dir='ltr'><strong>sit,</strong></span> <span class='ocrx_word' id='word_1_324' title='bbox 2202 1822 2262 1867; x_wconf 92' lang='lat' dir='ltr'><strong>ut</strong></span> <span class='ocrx_word' id='word_1_325' title='bbox 2291 1814 2411 1867; x_wconf 86' lang='lat' dir='ltr'><strong>sine</strong></span> <span class='ocrx_word' id='word_1_326' title='bbox 2443 1813 2599 1867; x_wconf 91' lang='lat' dir='ltr'><strong>obice</strong></span> <span class='ocrx_word' id='word_1_327' title='bbox 2636 1812 2880 1867; x_wconf 87' lang='lat' dir='ltr'><strong>intendat</strong></span> <span class='ocrx_word' id='word_1_328' title='bbox 2931 1811 3101 1867; x_wconf 87' lang='lat' dir='ltr'><strong>aciem</strong></span> <span class='ocrx_word' id='word_1_329' title='bbox 3138 1812 3192 1866; x_wconf 92' lang='lat' dir='ltr'><strong>in</strong></span> <span class='ocrx_word' id='word_1_330' title='bbox 3237 1810 3543 1878; x_wconf 84' lang='lat' dir='ltr'><strong>pulchritu-</strong></span> 
     </span>
    </p>
   </div>
   <div class='ocr_carea' id='block_1_45' title="bbox 1960 1904 3541 1976">
    <p class='ocr_par' dir='ltr' id='par_1_45' title="bbox 1960 1904 3541 1976">
     <span class='ocr_line' id='line_1_45' title="bbox 1960 1904 3541 1976; baseline -0.004 -15"><span class='ocrx_word' id='word_1_331' title='bbox 1960 1907 2140 1961; x_wconf 89' lang='lat' dir='ltr'><strong>dinem</strong></span> <span class='ocrx_word' id='word_1_332' title='bbox 2200 1906 2385 1975; x_wconf 65' lang='lat' dir='ltr'><strong>gloriae</strong></span> <span class='ocrx_word' id='word_1_333' title='bbox 2448 1905 2543 1960; x_wconf 89' lang='lat' dir='ltr'><strong>Dei</strong></span> <span class='ocrx_word' id='word_1_334' title='bbox 2594 1924 2609 1961; x_wconf 87' lang='lat'><strong><em>:</em></strong></span> <span class='ocrx_word' id='word_1_335' title='bbox 2663 1908 2819 1976; x_wconf 90' lang='lat' dir='ltr'><strong>quasi</strong></span> <span class='ocrx_word' id='word_1_336' title='bbox 2878 1905 3113 1974; x_wconf 89' lang='lat' dir='ltr'><strong>quadam</strong></span> <span class='ocrx_word' id='word_1_337' title='bbox 3176 1904 3541 1973; x_wconf 88' lang='lat' dir='ltr'><strong>lippitudine,</strong></span> 
     </span>
    </p>
   </div>
   <div class='ocr_carea' id='block_1_46' title="bbox 1962 1995 3546 2066">
    <p class='ocr_par' dir='ltr' id='par_1_46' title="bbox 1962 1995 3546 2066">
     <span class='ocr_line' id='line_1_46' title="bbox 1962 1995 3546 2066; baseline -0.004 -12"><span class='ocrx_word' id='word_1_338' title='bbox 1962 2000 2145 2054; x_wconf 89' lang='lat' dir='ltr'><strong>carnis</strong></span> <span class='ocrx_word' id='word_1_339' title='bbox 2164 1997 2359 2053; x_wconf 83' lang='lat' dir='ltr'><strong>all&#39;ectn</strong></span> <span class='ocrx_word' id='word_1_340' title='bbox 2390 1998 2701 2053; x_wconf 56' lang='lat' dir='ltr'><strong>excutiens.</strong></span> <span class='ocrx_word' id='word_1_341' title='bbox 2725 1996 2897 2052; x_wconf 89' lang='lat' dir='ltr'><strong>Nobis</strong></span> <span class='ocrx_word' id='word_1_342' title='bbox 2924 2012 3052 2051; x_wconf 90' lang='lat' dir='ltr'><strong>vero</strong></span> <span class='ocrx_word' id='word_1_343' title='bbox 3076 2012 3214 2066; x_wconf 89' lang='lat' dir='ltr'><strong>quos</strong></span> <span class='ocrx_word' id='word_1_344' title='bbox 3232 1995 3546 2049; x_wconf 80' lang='lat' dir='ltr'><strong>renuntiare</strong></span> 
     </span>
    </p>
   </div>
   <div class='ocr_carea' id='block_1_47' title="bbox 1963 2089 3544 2161">
    <p class='ocr_par' dir='ltr' id='par_1_47' title="bbox 1963 2089 3544 2161">
     <span class='ocr_line' id='line_1_47' title="bbox 1963 2089 3544 2161; baseline -0.003 -17"><span class='ocrx_word' id='word_1_345' title='bbox 1963 2093 2219 2147; x_wconf 85' lang='lat' dir='ltr'><strong>munibus</strong></span> <span class='ocrx_word' id='word_1_346' title='bbox 2246 2092 2411 2151; x_wconf 85' lang='lat' dir='ltr'><strong>rehus</strong></span> <span class='ocrx_word' id='word_1_347' title='bbox 2449 2100 2683 2161; x_wconf 85' lang='lat' dir='ltr'><strong>oportet,</strong></span> <span class='ocrx_word' id='word_1_348' title='bbox 2708 2092 2799 2160; x_wconf 89' lang='lat' dir='ltr'><strong>qui</strong></span> <span class='ocrx_word' id='word_1_349' title='bbox 2829 2100 2883 2146; x_wconf 93' lang='lat' dir='ltr'><strong>et</strong></span> <span class='ocrx_word' id='word_1_350' title='bbox 2907 2091 3080 2145; x_wconf 87' lang='lat' dir='ltr'><strong>solam</strong></span> <span class='ocrx_word' id='word_1_351' title='bbox 3102 2089 3303 2144; x_wconf 86' lang='lat' dir='ltr'><strong>Christi</strong></span> <span class='ocrx_word' id='word_1_352' title='bbox 3322 2103 3544 2143; x_wconf 87' lang='lat' dir='ltr'><strong>crucem</strong></span> 
     </span>
    </p>
   </div>
   <div class='ocr_carea' id='block_1_48' title="bbox 1962 2180 3545 2255">
    <p class='ocr_par' dir='ltr' id='par_1_48' title="bbox 1962 2180 3545 2255">
     <span class='ocr_line' id='line_1_48' title="bbox 1962 2180 3545 2255; baseline -0.004 -14"><span class='ocrx_word' id='word_1_353' title='bbox 1962 2187 2153 2241; x_wconf 89' lang='lat' dir='ltr'><strong>tollere</strong></span> <span class='ocrx_word' id='word_1_354' title='bbox 2194 2186 2332 2255; x_wconf 88' lang='lat' dir='ltr'><strong>jussi</strong></span> <span class='ocrx_word' id='word_1_355' title='bbox 2372 2200 2586 2247; x_wconf 89' lang='lat' dir='ltr'><strong>sumus,</strong></span> <span class='ocrx_word' id='word_1_356' title='bbox 2624 2183 2783 2239; x_wconf 79' lang='lat' dir='ltr'><strong>facile</strong></span> <span class='ocrx_word' id='word_1_357' title='bbox 2817 2192 2899 2238; x_wconf 85' lang='lat' dir='ltr'><strong>est</strong></span> <span class='ocrx_word' id='word_1_358' title='bbox 2932 2182 3099 2237; x_wconf 89' lang='lat' dir='ltr'><strong>Deum</strong></span> <span class='ocrx_word' id='word_1_359' title='bbox 3137 2182 3334 2236; x_wconf 88' lang='lat' dir='ltr'><strong>intueri</strong></span> <span class='ocrx_word' id='word_1_360' title='bbox 3370 2200 3384 2235; x_wconf 90' lang='lat'><strong>:</strong></span> <span class='ocrx_word' id='word_1_361' title='bbox 3438 2180 3545 2235; x_wconf 84' lang='lat' dir='ltr'><strong>hoc</strong></span> 
     </span>
    </p>
   </div>
   <div class='ocr_carea' id='block_1_49' title="bbox 1962 2268 3543 2342">
    <p class='ocr_par' dir='ltr' id='par_1_49' title="bbox 1962 2268 3543 2342">
     <span class='ocr_line' id='line_1_49' title="bbox 1962 2268 3543 2342; baseline -0.003 -14"><span class='ocrx_word' id='word_1_362' title='bbox 1962 2280 2066 2333; x_wconf 90' lang='lat' dir='ltr'><strong>est,</strong></span> <span class='ocrx_word' id='word_1_363' title='bbox 2092 2270 2237 2326; x_wconf 90' lang='lat' dir='ltr'><strong>aliud</strong></span> <span class='ocrx_word' id='word_1_364' title='bbox 2268 2273 2402 2326; x_wconf 86' lang='lat' dir='ltr'><strong>nihil</strong></span> <span class='ocrx_word' id='word_1_365' title='bbox 2429 2284 2677 2342; x_wconf 88' lang='lat' dir='ltr'><strong>spectare</strong></span> <span class='ocrx_word' id='word_1_366' title='bbox 2706 2272 2787 2325; x_wconf 91' lang='lat' dir='ltr'><strong>vel</strong></span> <span class='ocrx_word' id='word_1_367' title='bbox 2813 2271 3056 2341; x_wconf 80' lang='lat' dir='ltr'><strong>cogitare</strong></span> <span class='ocrx_word' id='word_1_368' title='bbox 3080 2287 3243 2341; x_wconf 90' lang='lat' dir='ltr'><strong>quam</strong></span> <span class='ocrx_word' id='word_1_369' title='bbox 3277 2268 3543 2340; x_wconf 89' lang='lat' dir='ltr'><strong>quemad-</strong></span> 
     </span>
    </p>
   </div>
   <div class='ocr_carea' id='block_1_50' title="bbox 1963 2363 3546 2434">
    <p class='ocr_par' dir='ltr' id='par_1_50' title="bbox 1963 2363 3546 2434">
     <span class='ocr_line' id='line_1_50' title="bbox 1963 2363 3546 2434; baseline -0.004 -15"><span class='ocrx_word' id='word_1_370' title='bbox 1963 2365 2181 2419; x_wconf 88' lang='lat' dir='ltr'><strong>modum</strong></span> <span class='ocrx_word' id='word_1_371' title='bbox 2212 2364 2446 2420; x_wconf 88' lang='lat' dir='ltr'><strong>Domino</strong></span> <span class='ocrx_word' id='word_1_372' title='bbox 2492 2364 2805 2434; x_wconf 88' lang='lat' dir='ltr'><strong>placeamus</strong></span> <span class='ocrx_word' id='word_1_373' title='bbox 2835 2381 2850 2418; x_wconf 90' lang='lat'><strong>:</strong></span> <span class='ocrx_word' id='word_1_374' title='bbox 2894 2364 3097 2417; x_wconf 88' lang='lat' dir='ltr'><strong>mundo</strong></span> <span class='ocrx_word' id='word_1_375' title='bbox 3141 2363 3306 2417; x_wconf 87' lang='lat' dir='ltr'><strong>corde</strong></span> <span class='ocrx_word' id='word_1_376' title='bbox 3342 2363 3391 2415; x_wconf 89' lang='lat' dir='ltr'><strong>ei</strong></span> <span class='ocrx_word' id='word_1_377' title='bbox 3427 2378 3546 2417; x_wconf 80' lang='lat' dir='ltr'><strong>ser-</strong></span> 
     </span>
    </p>
   </div>
   <div class='ocr_carea' id='block_1_51' title="bbox 1963 2453 3541 2533">
    <p class='ocr_par' dir='ltr' id='par_1_51' title="bbox 1963 2453 3541 2533">
     <span class='ocr_line' id='line_1_51' title="bbox 1963 2453 3541 2533; baseline -0.001 -24"><span class='ocrx_word' id='word_1_378' title='bbox 1963 2457 2098 2520; x_wconf 77' lang='lat' dir='ltr'><strong>vire,</strong></span> <span class='ocrx_word' id='word_1_379' title='bbox 2124 2456 2353 2526; x_wconf 59' lang='lat' dir='ltr'><strong>praeciso</strong></span> <span class='ocrx_word' id='word_1_380' title='bbox 2385 2457 2535 2533; x_wconf 79' lang='lat' dir='ltr'><strong>omni</strong></span> <span class='ocrx_word' id='word_1_381' title='bbox 2558 2457 2740 2511; x_wconf 86' lang='lat' dir='ltr'><strong>carnis</strong></span> <span class='ocrx_word' id='word_1_382' title='bbox 2777 2456 2995 2511; x_wconf 74' lang='lat' dir='ltr'><strong>aliectu.</strong></span> <span class='ocrx_word' id='word_1_383' title='bbox 3018 2455 3100 2509; x_wconf 87' lang='lat' dir='ltr'><strong>Sit</strong></span> <span class='ocrx_word' id='word_1_384' title='bbox 3148 2470 3278 2525; x_wconf 89' lang='lat' dir='ltr'><strong>ergo</strong></span> <span class='ocrx_word' id='word_1_385' title='bbox 3320 2453 3541 2510; x_wconf 85' lang='lat' dir='ltr'><strong>claustri</strong></span> 
     </span>
    </p>
   </div>
   <div class='ocr_carea' id='block_1_52' title="bbox 1961 2547 3541 2616">
    <p class='ocr_par' dir='ltr' id='par_1_52' title="bbox 1961 2547 3541 2616">
     <span class='ocr_line' id='line_1_52' title="bbox 1961 2547 3541 2616; baseline -0.004 -11"><span class='ocrx_word' id='word_1_386' title='bbox 1961 2550 2125 2605; x_wconf 84' lang='lat' dir='ltr'><strong>vestri</strong></span> <span class='ocrx_word' id='word_1_387' title='bbox 2162 2550 2425 2613; x_wconf 90' lang='lat' dir='ltr'><strong>ambitus,</strong></span> <span class='ocrx_word' id='word_1_388' title='bbox 2452 2550 2646 2605; x_wconf 88' lang='lat' dir='ltr'><strong>civitas</strong></span> <span class='ocrx_word' id='word_1_389' title='bbox 2688 2550 2805 2615; x_wconf 86' lang='lat' dir='ltr'><strong>Dei,</strong></span> <span class='ocrx_word' id='word_1_390' title='bbox 2852 2548 3146 2603; x_wconf 90' lang='lat' dir='ltr'><strong>virtutibus</strong></span> <span class='ocrx_word' id='word_1_391' title='bbox 3189 2547 3346 2616; x_wconf 87' lang='lat' dir='ltr'><strong>quasi</strong></span> <span class='ocrx_word' id='word_1_392' title='bbox 3404 2562 3541 2599; x_wconf 90' lang='lat' dir='ltr'><strong>auro</strong></span> 
     </span>
    </p>
   </div>
   <div class='ocr_carea' id='block_1_53' title="bbox 1961 2639 3541 2713">
    <p class='ocr_par' dir='ltr' id='par_1_53' title="bbox 1961 2639 3541 2713">
     <span class='ocr_line' id='line_1_53' title="bbox 1961 2639 3541 2713; baseline -0.003 -14"><span class='ocrx_word' id='word_1_393' title='bbox 1961 2646 2219 2699; x_wconf 87' lang='lat' dir='ltr'><strong>distincta</strong></span> <span class='ocrx_word' id='word_1_394' title='bbox 2250 2662 2264 2698; x_wconf 89' lang='lat'><strong>:</strong></span> <span class='ocrx_word' id='word_1_395' title='bbox 2300 2660 2398 2698; x_wconf 90' lang='lat' dir='ltr'><strong>nec</strong></span> <span class='ocrx_word' id='word_1_396' title='bbox 2432 2658 2635 2713; x_wconf 91' lang='lat' dir='ltr'><strong>corpus</strong></span> <span class='ocrx_word' id='word_1_397' title='bbox 2667 2643 2827 2696; x_wconf 91' lang='lat' dir='ltr'><strong>modo</strong></span> <span class='ocrx_word' id='word_1_398' title='bbox 2869 2642 3136 2705; x_wconf 87' lang='lat' dir='ltr'><strong>clavibus,</strong></span> <span class='ocrx_word' id='word_1_399' title='bbox 3168 2642 3260 2697; x_wconf 90' lang='lat' dir='ltr'><strong>sed</strong></span> <span class='ocrx_word' id='word_1_400' title='bbox 3291 2652 3345 2695; x_wconf 88' lang='lat' dir='ltr'><strong>et</strong></span> <span class='ocrx_word' id='word_1_401' title='bbox 3377 2639 3541 2710; x_wconf 89' lang='lat' dir='ltr'><strong>spiri-</strong></span> 
     </span>
    </p>
   </div>
   <div class='ocr_carea' id='block_1_54' title="bbox 1962 2734 3541 2806">
    <p class='ocr_par' dir='ltr' id='par_1_54' title="bbox 1962 2734 3541 2806">
     <span class='ocr_line' id='line_1_54' title="bbox 1962 2734 3541 2806; baseline -0.004 -14"><span class='ocrx_word' id='word_1_402' title='bbox 1962 2750 2051 2792; x_wconf 92' lang='lat' dir='ltr'><strong>tus</strong></span> <span class='ocrx_word' id='word_1_403' title='bbox 2085 2737 2430 2791; x_wconf 84' lang='lat' dir='ltr'><strong>cohibeatur.</strong></span> <span class='ocrx_word' id='word_1_404' title='bbox 2463 2734 2561 2789; x_wconf 86' lang='lat' dir='ltr'><strong>Est</strong></span> <span class='ocrx_word' id='word_1_405' title='bbox 2588 2735 2753 2806; x_wconf 79' lang='lat' dir='ltr'><strong>igitur</strong></span> <span class='ocrx_word' id='word_1_406' title='bbox 2778 2745 3203 2789; x_wconf 85' lang='lat' dir='ltr'><strong>consentaneum</strong></span> <span class='ocrx_word' id='word_1_407' title='bbox 3224 2745 3277 2786; x_wconf 90' lang='lat' dir='ltr'><strong>ut</strong></span> <span class='ocrx_word' id='word_1_408' title='bbox 3298 2734 3541 2787; x_wconf 80' lang='lat' dir='ltr'><strong>virorum</strong></span> 
     </span>
    </p>
   </div>
   <div class='ocr_carea' id='block_1_55' title="bbox 1962 2826 3539 2899">
    <p class='ocr_par' dir='ltr' id='par_1_55' title="bbox 1962 2826 3539 2899">
     <span class='ocr_line' id='line_1_55' title="bbox 1962 2826 3539 2899; baseline -0.004 -14"><span class='ocrx_word' id='word_1_409' title='bbox 1962 2838 2317 2899; x_wconf 87' lang='lat' dir='ltr'><strong>conspectum</strong></span> <span class='ocrx_word' id='word_1_410' title='bbox 2353 2828 2595 2893; x_wconf 82' lang='lat' dir='ltr'><strong>fugiatis,</strong></span> <span class='ocrx_word' id='word_1_411' title='bbox 2626 2828 2879 2883; x_wconf 71' lang='lat' dir='ltr'><strong>allectum</strong></span> <span class='ocrx_word' id='word_1_412' title='bbox 2913 2842 3041 2895; x_wconf 89' lang='lat' dir='ltr'><strong>erga</strong></span> <span class='ocrx_word' id='word_1_413' title='bbox 3071 2826 3539 2895; x_wconf 77' lang='lat' dir='ltr'><strong>consanguineos,</strong></span> 
     </span>
    </p>
   </div>
   <div class='ocr_carea' id='block_1_56' title="bbox 1961 2918 3543 2991">
    <p class='ocr_par' dir='ltr' id='par_1_56' title="bbox 1961 2918 3543 2991">
     <span class='ocr_line' id='line_1_56' title="bbox 1961 2918 3543 2991; baseline -0.004 -14"><span class='ocrx_word' id='word_1_414' title='bbox 1961 2923 2232 2978; x_wconf 85' lang='lat' dir='ltr'><strong>amicitias</strong></span> <span class='ocrx_word' id='word_1_415' title='bbox 2284 2936 2413 2991; x_wconf 82' lang='lat' dir='ltr'><strong>erga</strong></span> <span class='ocrx_word' id='word_1_416' title='bbox 2465 2921 2729 2975; x_wconf 91' lang='lat' dir='ltr'><strong>mundum</strong></span> <span class='ocrx_word' id='word_1_417' title='bbox 2781 2921 3139 2974; x_wconf 76' lang='lat' dir='ltr'><strong>universum:</strong></span> <span class='ocrx_word' id='word_1_418' title='bbox 3191 2928 3245 2973; x_wconf 91' lang='lat' dir='ltr'><strong>et</strong></span> <span class='ocrx_word' id='word_1_419' title='bbox 3292 2928 3351 2972; x_wconf 90' lang='lat' dir='ltr'><strong>ut</strong></span> <span class='ocrx_word' id='word_1_420' title='bbox 3400 2918 3543 2972; x_wconf 91' lang='lat' dir='ltr'><strong>inter</strong></span> 
     </span>
    </p>
   </div>
   <div class='ocr_carea' id='block_1_57' title="bbox 1960 3012 3543 3085">
    <p class='ocr_par' dir='ltr' id='par_1_57' title="bbox 1960 3012 3543 3085">
     <span class='ocr_line' id='line_1_57' title="bbox 1960 3012 3543 3085; baseline -0.004 -15"><span class='ocrx_word' id='word_1_421' title='bbox 1960 3031 2059 3072; x_wconf 82' lang='lat' dir='ltr'><strong>vos</strong></span> <span class='ocrx_word' id='word_1_422' title='bbox 2115 3016 2265 3085; x_wconf 87' lang='lat' dir='ltr'><strong>ipsas</strong></span> <span class='ocrx_word' id='word_1_423' title='bbox 2298 3014 2540 3085; x_wconf 77' lang='lat' dir='ltr'><strong>degatis,</strong></span> <span class='ocrx_word' id='word_1_424' title='bbox 2574 3012 2930 3079; x_wconf 86' lang='lat' dir='ltr'><strong>habeatisque</strong></span> <span class='ocrx_word' id='word_1_425' title='bbox 2970 3012 3208 3065; x_wconf 90' lang='lat' dir='ltr'><strong>animam</strong></span> <span class='ocrx_word' id='word_1_426' title='bbox 3273 3027 3433 3065; x_wconf 91' lang='lat' dir='ltr'><strong>unam</strong></span> <span class='ocrx_word' id='word_1_427' title='bbox 3486 3016 3543 3063; x_wconf 88' lang='lat' dir='ltr'><strong>et</strong></span> 
     </span>
    </p>
   </div>
   <div class='ocr_carea' id='block_1_58' title="bbox 1960 3101 3541 3174">
    <p class='ocr_par' dir='ltr' id='par_1_58' title="bbox 1960 3101 3541 3174">
     <span class='ocr_line' id='line_1_58' title="bbox 1960 3101 3541 3174; baseline -0.006 -9"><span class='ocrx_word' id='word_1_428' title='bbox 1960 3124 2059 3165; x_wconf 89' lang='lat' dir='ltr'><strong>cor</strong></span> <span class='ocrx_word' id='word_1_429' title='bbox 2104 3123 2300 3173; x_wconf 92' lang='lat' dir='ltr'><strong>unum,</strong></span> <span class='ocrx_word' id='word_1_430' title='bbox 2348 3106 2415 3161; x_wconf 89' lang='lat' dir='ltr'><strong>ad</strong></span> <span class='ocrx_word' id='word_1_431' title='bbox 2463 3106 2773 3174; x_wconf 85' lang='lat' dir='ltr'><strong>exemplum</strong></span> <span class='ocrx_word' id='word_1_432' title='bbox 2830 3118 3024 3157; x_wconf 89' lang='lat' dir='ltr'><strong>eorum</strong></span> <span class='ocrx_word' id='word_1_433' title='bbox 3067 3102 3159 3171; x_wconf 88' lang='lat' dir='ltr'><strong>qui</strong></span> <span class='ocrx_word' id='word_1_434' title='bbox 3204 3102 3313 3169; x_wconf 87' lang='lat' dir='ltr'><strong>jam</strong></span> <span class='ocrx_word' id='word_1_435' title='bbox 3346 3101 3474 3154; x_wconf 91' lang='lat' dir='ltr'><strong>olim</strong></span> <span class='ocrx_word' id='word_1_436' title='bbox 3508 3116 3541 3155; x_wconf 89' lang='lat' dir='ltr'><strong>a</strong></span> 
     </span>
    </p>
   </div>
   <div class='ocr_carea' id='block_1_59' title="bbox 1962 3191 3537 3270">
    <p class='ocr_par' dir='ltr' id='par_1_59' title="bbox 1962 3191 3537 3270">
     <span class='ocr_line' id='line_1_59' title="bbox 1962 3191 3537 3270; baseline -0.006 -17"><span class='ocrx_word' id='word_1_437' title='bbox 1962 3198 2253 3270; x_wconf 88' lang='lat' dir='ltr'><strong>principio,</strong></span> <span class='ocrx_word' id='word_1_438' title='bbox 2320 3195 2694 3267; x_wconf 88' lang='lat' dir='ltr'><strong>apostolorum</strong></span> <span class='ocrx_word' id='word_1_439' title='bbox 2765 3192 3104 3262; x_wconf 84' lang='lat' dir='ltr'><strong>temporibus</strong></span> <span class='ocrx_word' id='word_1_440' title='bbox 3168 3191 3537 3246; x_wconf 84' lang='lat' dir='ltr'><strong>crediderunt.</strong></span> 
     </span>
    </p>
   </div>
   <div class='ocr_carea' id='block_1_60' title="bbox 276 3283 1863 3361">
    <p class='ocr_par' dir='ltr' id='par_1_60' title="bbox 276 3288 1857 3360">
     <span class='ocr_line' id='line_1_60' title="bbox 276 3288 1857 3360; baseline 0.001 -20"><span class='ocrx_word' id='word_1_441' title='bbox 276 3288 563 3359; x_wconf 74' lang='grc' dir='ltr'>ηγουμένη</span> <span class='ocrx_word' id='word_1_442' title='bbox 621 3288 762 3342; x_wconf 84' lang='grc' dir='ltr'>οῦτω</span> <span class='ocrx_word' id='word_1_443' title='bbox 814 3288 1164 3359; x_wconf 75' lang='grc' dir='ltr'>καθηγεῖσθω</span> <span class='ocrx_word' id='word_1_444' title='bbox 1206 3288 1282 3353; x_wconf 85' lang='grc' dir='ltr'><strong>ὡς</strong></span> <span class='ocrx_word' id='word_1_445' title='bbox 1315 3288 1557 3360; x_wconf 87' lang='grc' dir='ltr'>Χριστοῦ</span> <span class='ocrx_word' id='word_1_446' title='bbox 1588 3291 1857 3360; x_wconf 74' lang='grc' dir='ltr'>ἐπέχουσα</span> 
     </span>
    </p>
   </div>
   <div class='ocr_carea' id='block_1_61' title="bbox 1963 3283 3537 3361">
    <p class='ocr_par' dir='ltr' id='par_1_61' title="bbox 1963 3283 3537 3361">
     <span class='ocr_line' id='line_1_61' title="bbox 1963 3283 3537 3361; baseline -0.006 -15"><span class='ocrx_word' id='word_1_447' title='bbox 1963 3290 2261 3361; x_wconf 71' lang='lat' dir='ltr'><strong>Praeposita</strong></span> <span class='ocrx_word' id='word_1_448' title='bbox 2321 3289 2402 3345; x_wconf 88' lang='lat' dir='ltr'><strong>sic</strong></span> <span class='ocrx_word' id='word_1_449' title='bbox 2459 3295 2613 3359; x_wconf 80' lang='lat' dir='ltr'><strong>regat</strong></span> <span class='ocrx_word' id='word_1_450' title='bbox 2663 3295 2925 3355; x_wconf 84' lang='lat' dir='ltr'><strong>tanquam</strong></span> <span class='ocrx_word' id='word_1_451' title='bbox 2984 3283 3190 3339; x_wconf 87' lang='lat' dir='ltr'><strong>Christi</strong></span> <span class='ocrx_word' id='word_1_452' title='bbox 3245 3297 3537 3352; x_wconf 89' lang='lat' dir='ltr'><strong>personam</strong></span> 
     </span>
    </p>
   </div>
   <div class='ocr_carea' id='block_1_62' title="bbox 276 3378 1855 3454">
    <p class='ocr_par' dir='ltr' id='par_1_62' title="bbox 276 3378 1855 3454">
     <span class='ocr_line' id='line_1_62' title="bbox 276 3378 1855 3454; baseline 0.001 -19"><span class='ocrx_word' id='word_1_453' title='bbox 276 3382 628 3454; x_wconf 82' lang='grc' dir='ltr'>χαρακτῆρα.</span> <span class='ocrx_word' id='word_1_454' title='bbox 655 3382 887 3437; x_wconf 89' lang='grc' dir='ltr'>ποιοῦσα</span> <span class='ocrx_word' id='word_1_455' title='bbox 916 3382 1155 3451; x_wconf 85' lang='grc' dir='ltr'>πρῶτον,</span> <span class='ocrx_word' id='word_1_456' title='bbox 1182 3378 1281 3435; x_wconf 74' lang='grc' dir='ltr'>εἷθ’</span> <span class='ocrx_word' id='word_1_457' title='bbox 1303 3382 1479 3448; x_wconf 75' lang='grc' dir='ltr'>οὕτως</span> <span class='ocrx_word' id='word_1_458' title='bbox 1507 3382 1855 3437; x_wconf 81' lang='grc' dir='ltr'>διδάσκουσα·</span> 
     </span>
    </p>
   </div>
   <div class='ocr_carea' id='block_1_63' title="bbox 279 3475 1861 3547">
    <p class='ocr_par' dir='ltr' id='par_1_63' title="bbox 279 3475 1861 3547">
     <span class='ocr_line' id='line_1_63' title="bbox 279 3475 1861 3547; baseline -0.001 -18"><span class='ocrx_word' id='word_1_459' title='bbox 279 3475 449 3546; x_wconf 81' lang='grc' dir='ltr'>μηδὲν</span> <span class='ocrx_word' id='word_1_460' title='bbox 499 3475 909 3547; x_wconf 86' lang='grc' dir='ltr'>ἐλλιμπάνουσα</span> <span class='ocrx_word' id='word_1_461' title='bbox 961 3476 1071 3529; x_wconf 88' lang='grc' dir='ltr'><strong>τῶν</strong></span> <span class='ocrx_word' id='word_1_462' title='bbox 1119 3475 1242 3531; x_wconf 73' lang='grc' dir='ltr'>κατ’</span> <span class='ocrx_word' id='word_1_463' title='bbox 1279 3476 1500 3546; x_wconf 79' lang='grc' dir='ltr'>ἐντολὴν</span> <span class='ocrx_word' id='word_1_464' title='bbox 1541 3475 1861 3547; x_wconf 83' lang='grc' dir='ltr'>πρακτικῶς</span> 
     </span>
    </p>
   </div>
   <div class='ocr_carea' id='block_1_64' title="bbox 277 3567 1861 3639">
    <p class='ocr_par' dir='ltr' id='par_1_64' title="bbox 277 3567 1861 3639">
     <span class='ocr_line' id='line_1_64' title="bbox 277 3567 1861 3639; baseline -0.001 -19"><span class='ocrx_word' id='word_1_465' title='bbox 277 3567 681 3623; x_wconf 79' lang='grc' dir='ltr'>ὑποδεικνύναι.</span> <span class='ocrx_word' id='word_1_466' title='bbox 724 3568 789 3623; x_wconf 83' lang='grc' dir='ltr'><strong>Ἦ</strong></span> <span class='ocrx_word' id='word_1_467' title='bbox 822 3568 1349 3639; x_wconf 89' lang='grc' dir='ltr'>καθυποτασσομένη</span> <span class='ocrx_word' id='word_1_468' title='bbox 1387 3567 1531 3621; x_wconf 73' lang='grc' dir='ltr'>οὕτω</span> <span class='ocrx_word' id='word_1_469' title='bbox 1573 3567 1861 3621; x_wconf 85' lang='grc' dir='ltr'>πείθεσθαι</span> 
     </span>
    </p>
   </div>
   <div class='ocr_carea' id='block_1_65' title="bbox 277 3659 1861 3734">
    <p class='ocr_par' dir='ltr' id='par_1_65' title="bbox 277 3659 1861 3734">
     <span class='ocr_line' id='line_1_65' title="bbox 277 3659 1861 3734; baseline -0.002 -19"><span class='ocrx_word' id='word_1_470' title='bbox 277 3660 376 3715; x_wconf 76' lang='grc' dir='ltr'>καὶ</span> <span class='ocrx_word' id='word_1_471' title='bbox 408 3662 675 3727; x_wconf 80' lang='grc' dir='ltr'>ὑπείκειν,</span> <span class='ocrx_word' id='word_1_472' title='bbox 712 3662 787 3722; x_wconf 84' lang='grc' dir='ltr'><strong>ὡς</strong></span> <span class='ocrx_word' id='word_1_473' title='bbox 814 3662 965 3733; x_wconf 83' lang='grc' dir='ltr'><strong>αὑτῷ</strong></span> <span class='ocrx_word' id='word_1_474' title='bbox 992 3661 1214 3733; x_wconf 88' lang='grc' dir='ltr'>Χριστῷ</span> <span class='ocrx_word' id='word_1_475' title='bbox 1243 3661 1345 3734; x_wconf 79' lang='grc' dir='ltr'><strong>τήν</strong></span> <span class='ocrx_word' id='word_1_476' title='bbox 1378 3662 1627 3732; x_wconf 82' lang='grc' dir='ltr'>ὑπακοὴν</span> <span class='ocrx_word' id='word_1_477' title='bbox 1661 3659 1861 3714; x_wconf 84' lang='grc' dir='ltr'>ἀνύου-</span> 
     </span>
    </p>
   </div>
   <div class='ocr_carea' id='block_1_66' title="bbox 281 3752 1864 3826">
    <p class='ocr_par' dir='ltr' id='par_1_66' title="bbox 281 3752 1864 3826">
     <span class='ocr_line' id='line_1_66' title="bbox 281 3752 1864 3826; baseline 0.001 -21"><span class='ocrx_word' id='word_1_478' title='bbox 281 3770 369 3806; x_wconf 90' lang='grc' dir='ltr'><strong>σα.</strong></span> <span class='ocrx_word' id='word_1_479' title='bbox 405 3753 583 3807; x_wconf 89' lang='grc' dir='ltr'>Ὅπου</span> <span class='ocrx_word' id='word_1_480' title='bbox 624 3752 681 3806; x_wconf 82' lang='grc' dir='ltr'><strong>δέ</strong></span> <span class='ocrx_word' id='word_1_481' title='bbox 708 3753 902 3816; x_wconf 87' lang='grc' dir='ltr'>ταῦτα,</span> <span class='ocrx_word' id='word_1_482' title='bbox 941 3755 1057 3807; x_wconf 87' lang='grc' dir='ltr'>ἐκεῖ</span> <span class='ocrx_word' id='word_1_483' title='bbox 1099 3755 1282 3826; x_wconf 84' lang='grc' dir='ltr'>πάσης</span> <span class='ocrx_word' id='word_1_484' title='bbox 1324 3754 1690 3825; x_wconf 86' lang='grc' dir='ltr'>ἀγαθοεργίας</span> <span class='ocrx_word' id='word_1_485' title='bbox 1728 3769 1864 3824; x_wconf 85' lang='grc' dir='ltr'>καρ-</span> 
     </span>
    </p>
   </div>
   <div class='ocr_carea' id='block_1_67' title="bbox 279 3839 1860 3915">
    <p class='ocr_par' dir='ltr' id='par_1_67' title="bbox 279 3839 1860 3915">
     <span class='ocr_line' id='line_1_67' title="bbox 279 3839 1860 3915; baseline -0.001 -16"><span class='ocrx_word' id='word_1_486' title='bbox 279 3847 416 3909; x_wconf 79' lang='grc' dir='ltr'>πός·</span> <span class='ocrx_word' id='word_1_487' title='bbox 473 3839 536 3900; x_wconf 76' lang='grc' dir='ltr'><strong>οὗ</strong></span> <span class='ocrx_word' id='word_1_488' title='bbox 592 3848 650 3902; x_wconf 85' lang='grc' dir='ltr'><strong>δέ</strong></span> <span class='ocrx_word' id='word_1_489' title='bbox 703 3849 765 3902; x_wconf 88' lang='grc' dir='ltr'>οὐ</span> <span class='ocrx_word' id='word_1_490' title='bbox 818 3848 1012 3915; x_wconf 89' lang='grc' dir='ltr'>ταῦτα,</span> <span class='ocrx_word' id='word_1_491' title='bbox 1049 3848 1169 3902; x_wconf 84' lang='grc' dir='ltr'>ἐκεῖ</span> <span class='ocrx_word' id='word_1_492' title='bbox 1222 3847 1443 3912; x_wconf 84' lang='grc' dir='ltr'>πάντως</span> <span class='ocrx_word' id='word_1_493' title='bbox 1494 3848 1564 3901; x_wconf 78' lang='grc' dir='ltr'><strong>τὰ</strong></span> <span class='ocrx_word' id='word_1_494' title='bbox 1620 3848 1860 3911; x_wconf 87' lang='grc' dir='ltr'>ἐναντία,</span> 
     </span>
    </p>
   </div>
   <div class='ocr_carea' id='block_1_68' title="bbox 280 3938 1861 4013">
    <p class='ocr_par' dir='ltr' id='par_1_68' title="bbox 280 3938 1861 4013">
     <span class='ocr_line' id='line_1_68' title="bbox 280 3938 1861 4013; baseline 0 -20"><span class='ocrx_word' id='word_1_495' title='bbox 280 3938 538 4012; x_wconf 85' lang='grc' dir='ltr'>ἐταιρίαι.</span> <span class='ocrx_word' id='word_1_496' title='bbox 591 3940 939 4011; x_wconf 81' lang='grc' dir='ltr'>φιλονεικίαι,</span> <span class='ocrx_word' id='word_1_497' title='bbox 996 3940 1337 4013; x_wconf 75' lang='grc' dir='ltr'>ψιθυρισμοὶ,</span> <span class='ocrx_word' id='word_1_498' title='bbox 1395 3940 1861 4012; x_wconf 88' lang='grc' dir='ltr'>ίδιοκτημοσύναι,</span> 
     </span>
    </p>
   </div>
   <div class='ocr_carea' id='block_1_69' title="bbox 280 4030 1864 4104">
    <p class='ocr_par' dir='ltr' id='par_1_69' title="bbox 280 4030 1864 4104">
     <span class='ocr_line' id='line_1_69' title="bbox 280 4030 1864 4104; baseline 0.002 -22"><span class='ocrx_word' id='word_1_499' title='bbox 280 4030 613 4099; x_wconf 75' lang='grc' dir='ltr'>φυσιώσεις,</span> <span class='ocrx_word' id='word_1_500' title='bbox 671 4033 1073 4103; x_wconf 83' lang='grc' dir='ltr'>προσπάθειαι,</span> <span class='ocrx_word' id='word_1_501' title='bbox 1137 4032 1276 4104; x_wconf 84' lang='grc' dir='ltr'>πρός</span> <span class='ocrx_word' id='word_1_502' title='bbox 1334 4049 1397 4086; x_wconf 80' lang='grc' dir='ltr'><strong>τε</strong></span> <span class='ocrx_word' id='word_1_503' title='bbox 1458 4032 1696 4104; x_wconf 83' lang='grc' dir='ltr'>ἀλλήλας</span> <span class='ocrx_word' id='word_1_504' title='bbox 1764 4032 1864 4087; x_wconf 76' lang='grc' dir='ltr'><strong>καὶ</strong></span> 
     </span>
    </p>
   </div>
   <div class='ocr_carea' id='block_1_70' title="bbox 280 4120 1863 4195">
    <p class='ocr_par' dir='ltr' id='par_1_70' title="bbox 280 4120 1863 4195">
     <span class='ocr_line' id='line_1_70' title="bbox 280 4120 1863 4195; baseline 0.003 -23"><span class='ocrx_word' id='word_1_505' title='bbox 280 4120 419 4191; x_wconf 79' lang='grc' dir='ltr'>πρὸς</span> <span class='ocrx_word' id='word_1_506' title='bbox 474 4121 602 4187; x_wconf 81' lang='grc' dir='ltr'>τοὺς</span> <span class='ocrx_word' id='word_1_507' title='bbox 655 4122 875 4190; x_wconf 70' lang='grc' dir='ltr'>ἔξωθεν,</span> <span class='ocrx_word' id='word_1_508' title='bbox 906 4125 1015 4177; x_wconf 84' lang='grc' dir='ltr'>εττε</span> <span class='ocrx_word' id='word_1_509' title='bbox 1068 4124 1133 4177; x_wconf 86' lang='grc' dir='ltr'><strong>ἐκ</strong></span> <span class='ocrx_word' id='word_1_510' title='bbox 1178 4124 1392 4193; x_wconf 80' lang='grc' dir='ltr'>γένους,</span> <span class='ocrx_word' id='word_1_511' title='bbox 1428 4125 1540 4177; x_wconf 85' lang='grc' dir='ltr'>εῐτε</span> <span class='ocrx_word' id='word_1_512' title='bbox 1586 4126 1653 4178; x_wconf 84' lang='grc' dir='ltr'><strong>ἐκ</strong></span> <span class='ocrx_word' id='word_1_513' title='bbox 1679 4124 1863 4195; x_wconf 69' lang='grc' dir='ltr'>φιλίας</span> 
     </span>
    </p>
   </div>
   <div class='ocr_carea' id='block_1_71' title="bbox 280 4212 470 4282">
    <p class='ocr_par' dir='ltr' id='par_1_71' title="bbox 280 4212 470 4282">
     <span class='ocr_line' id='line_1_71' title="bbox 280 4212 470 4282; baseline 0.005 -14"><span class='ocrx_word' id='word_1_514' title='bbox 280 4212 470 4282; x_wconf 78' lang='grc' dir='ltr'>ἄλλης.</span> 
     </span>
    </p>
   </div>
   <div class='ocr_carea' id='block_1_72' title="bbox 352 4301 1862 4381">
    <p class='ocr_par' dir='ltr' id='par_1_72' title="bbox 352 4301 1862 4381">
     <span class='ocr_line' id='line_1_72' title="bbox 352 4301 1862 4381; baseline 0.003 -23"><span class='ocrx_word' id='word_1_515' title='bbox 352 4304 513 4359; x_wconf 79' lang='grc' dir='ltr'>οὔτω</span> <span class='ocrx_word' id='word_1_516' title='bbox 541 4305 639 4376; x_wconf 87' lang='grc' dir='ltr'><strong>μέν</strong></span> <span class='ocrx_word' id='word_1_517' title='bbox 673 4301 767 4361; x_wconf 78' lang='grc' dir='ltr'>οὖν</span> <span class='ocrx_word' id='word_1_518' title='bbox 798 4306 872 4371; x_wconf 84' lang='grc' dir='ltr'>ὡς</span> <span class='ocrx_word' id='word_1_519' title='bbox 898 4309 955 4362; x_wconf 90' lang='grc' dir='ltr'><strong>ἐν</strong></span> <span class='ocrx_word' id='word_1_520' title='bbox 987 4309 1155 4381; x_wconf 84' lang='grc' dir='ltr'>ὀλίγῳ</span> <span class='ocrx_word' id='word_1_521' title='bbox 1193 4310 1227 4380; x_wconf 86' lang='grc' dir='ltr'><strong>ή</strong></span> <span class='ocrx_word' id='word_1_522' title='bbox 1264 4309 1393 4380; x_wconf 74' lang='grc' dir='ltr'>περὶ</span> <span class='ocrx_word' id='word_1_523' title='bbox 1424 4308 1577 4363; x_wconf 85' lang='grc' dir='ltr'>τοῦδε</span> <span class='ocrx_word' id='word_1_524' title='bbox 1609 4308 1862 4380; x_wconf 82' lang='grc' dir='ltr'>ὑπόμνη-</span> 
     </span>
    </p>
   </div>
   <div class='ocr_carea' id='block_1_73' title="bbox 284 4396 1864 4473">
    <p class='ocr_par' dir='ltr' id='par_1_73' title="bbox 284 4396 1864 4473">
     <span class='ocr_line' id='line_1_73' title="bbox 284 4396 1864 4473; baseline 0.003 -23"><span class='ocrx_word' id='word_1_525' title='bbox 284 4413 388 4461; x_wconf 89' lang='grc' dir='ltr'>σις.</span> <span class='ocrx_word' id='word_1_526' title='bbox 432 4396 575 4467; x_wconf 85' lang='grc' dir='ltr'><strong>Ἐγὼ</strong></span> <span class='ocrx_word' id='word_1_527' title='bbox 611 4396 668 4450; x_wconf 84' lang='grc' dir='ltr'>δὲ</span> <span class='ocrx_word' id='word_1_528' title='bbox 696 4400 727 4455; x_wconf 88' lang='grc' dir='ltr'><strong>ὀ</strong></span> <span class='ocrx_word' id='word_1_529' title='bbox 755 4400 1009 4463; x_wconf 82' lang='grc' dir='ltr'>ταπεινὸς</span> <span class='ocrx_word' id='word_1_530' title='bbox 1040 4400 1367 4471; x_wconf 83' lang='grc' dir='ltr'>παρακαλῶ,</span> <span class='ocrx_word' id='word_1_531' title='bbox 1404 4400 1503 4455; x_wconf 81' lang='grc' dir='ltr'>σὺν</span> <span class='ocrx_word' id='word_1_532' title='bbox 1533 4400 1612 4473; x_wconf 84' lang='grc' dir='ltr'><strong>τῷ</strong></span> <span class='ocrx_word' id='word_1_533' title='bbox 1642 4399 1743 4473; x_wconf 83' lang='grc' dir='ltr'>βίῳ</span> <span class='ocrx_word' id='word_1_534' title='bbox 1769 4402 1864 4456; x_wconf 82' lang='grc' dir='ltr'>καὶ</span> 
     </span>
    </p>
   </div>
   <div class='ocr_carea' id='block_1_74' title="bbox 280 4491 1865 4568">
    <p class='ocr_par' dir='ltr' id='par_1_74' title="bbox 280 4491 1865 4568">
     <span class='ocr_line' id='line_1_74' title="bbox 280 4491 1865 4568; baseline 0.004 -24"><span class='ocrx_word' id='word_1_535' title='bbox 280 4492 381 4562; x_wconf 81' lang='grc' dir='ltr'>τὴν</span> <span class='ocrx_word' id='word_1_536' title='bbox 414 4491 599 4546; x_wconf 85' lang='grc' dir='ltr'>πίστιν</span> <span class='ocrx_word' id='word_1_537' title='bbox 631 4492 1005 4565; x_wconf 83' lang='grc' dir='ltr'>ήγλαῖσμένην</span> <span class='ocrx_word' id='word_1_538' title='bbox 1036 4495 1337 4566; x_wconf 83' lang='grc' dir='ltr'>κεκτῆσθαι</span> <span class='ocrx_word' id='word_1_539' title='bbox 1379 4498 1555 4567; x_wconf 81' lang='grc' dir='ltr'>ὑμᾶς·</span> <span class='ocrx_word' id='word_1_540' title='bbox 1593 4496 1865 4568; x_wconf 87' lang='grc' dir='ltr'>μηδαμῶς</span> 
     </span>
    </p>
   </div>
   <div class='ocr_carea' id='block_1_75' title="bbox 281 4586 1937 4683">
    <p class='ocr_par' dir='ltr' id='par_1_75' title="bbox 281 4586 1937 4683">
     <span class='ocr_line' id='line_1_75' title="bbox 281 4586 1937 4683; baseline 0.004 -46"><span class='ocrx_word' id='word_1_541' title='bbox 281 4586 735 4683; x_wconf 33' lang='grc' dir='ltr'>τῇΔΧριστομάχῳ</span> <span class='ocrx_word' id='word_1_542' title='bbox 776 4587 984 4658; x_wconf 80' lang='grc' dir='ltr'>αἱρέσει</span> <span class='ocrx_word' id='word_1_543' title='bbox 1027 4592 1329 4652; x_wconf 86' lang='grc' dir='ltr'>κοινωνεῖν,</span> <span class='ocrx_word' id='word_1_544' title='bbox 1352 4590 1476 4661; x_wconf 83' lang='grc' dir='ltr'>ἦτις</span> <span class='ocrx_word' id='word_1_545' title='bbox 1520 4590 1859 4661; x_wconf 83' lang='grc' dir='ltr'>Ἰουδαῖσμοῦ</span> <span class='ocrx_word' id='word_1_546' title='bbox 1892 4628 1937 4683; x_wconf 79' lang='lat' dir='ltr'><strong>D</strong></span> 
     </span>
    </p>
   </div>
   <div class='ocr_carea' id='block_1_76' title="bbox 279 4674 1859 4753">
    <p class='ocr_par' dir='ltr' id='par_1_76' title="bbox 279 4674 1859 4753">
     <span class='ocr_line' id='line_1_76' title="bbox 279 4674 1859 4753; baseline 0.006 -25"><span class='ocrx_word' id='word_1_547' title='bbox 279 4674 435 4729; x_wconf 79' lang='grc' dir='ltr'>οὐδὲν</span> <span class='ocrx_word' id='word_1_548' title='bbox 462 4676 757 4749; x_wconf 84' lang='grc' dir='ltr'>διενήνοχε,</span> <span class='ocrx_word' id='word_1_549' title='bbox 789 4676 887 4749; x_wconf 77' lang='grc' dir='ltr'>τὴν</span> <span class='ocrx_word' id='word_1_550' title='bbox 941 4681 1207 4751; x_wconf 88' lang='grc' dir='ltr'>σωτήριον</span> <span class='ocrx_word' id='word_1_551' title='bbox 1251 4682 1489 4752; x_wconf 87' lang='grc' dir='ltr'>Χριστοῦ</span> <span class='ocrx_word' id='word_1_552' title='bbox 1527 4682 1859 4753; x_wconf 81' lang='grc' dir='ltr'>οἰκονομίαν,</span> 
     </span>
    </p>
   </div>
   <div class='ocr_carea' id='block_1_77' title="bbox 281 4766 1861 4842">
    <p class='ocr_par' dir='ltr' id='par_1_77' title="bbox 281 4766 1861 4842">
     <span class='ocr_line' id='line_1_77' title="bbox 281 4766 1861 4842; baseline 0.006 -21"><span class='ocrx_word' id='word_1_553' title='bbox 281 4766 371 4823; x_wconf 78' lang='grc' dir='ltr'>διὰ</span> <span class='ocrx_word' id='word_1_554' title='bbox 395 4770 495 4841; x_wconf 84' lang='grc' dir='ltr'>τῆς</span> <span class='ocrx_word' id='word_1_555' title='bbox 526 4770 893 4842; x_wconf 86' lang='grc' dir='ltr'>καθαιρέσεως</span> <span class='ocrx_word' id='word_1_556' title='bbox 927 4771 1037 4825; x_wconf 89' lang='grc' dir='ltr'><strong>τῶν</strong></span> <span class='ocrx_word' id='word_1_557' title='bbox 1070 4772 1285 4827; x_wconf 90' lang='grc' dir='ltr'>σεπτῶν</span> <span class='ocrx_word' id='word_1_558' title='bbox 1317 4775 1545 4828; x_wconf 87' lang='grc' dir='ltr'>είκόνων</span> <span class='ocrx_word' id='word_1_559' title='bbox 1592 4774 1759 4829; x_wconf 80' lang='grc' dir='ltr'>αὐτοῦ</span> <span class='ocrx_word' id='word_1_560' title='bbox 1800 4793 1861 4830; x_wconf 81' lang='grc' dir='ltr'><strong>τε</strong></span> 
     </span>
    </p>
   </div>
   <div class='ocr_carea' id='block_1_78' title="bbox 282 4855 1860 4935">
    <p class='ocr_par' dir='ltr' id='par_1_78' title="bbox 282 4855 1860 4935">
     <span class='ocr_line' id='line_1_78' title="bbox 282 4855 1860 4935; baseline 0.007 -27"><span class='ocrx_word' id='word_1_561' title='bbox 282 4855 546 4927; x_wconf 85' lang='grc' dir='ltr'>Χριστοῦ,</span> <span class='ocrx_word' id='word_1_562' title='bbox 581 4859 678 4927; x_wconf 80' lang='grc' dir='ltr'>τῆς</span> <span class='ocrx_word' id='word_1_563' title='bbox 723 4877 783 4913; x_wconf 88' lang='grc' dir='ltr'><strong>τε</strong></span> <span class='ocrx_word' id='word_1_564' title='bbox 818 4860 1084 4915; x_wconf 86' lang='grc' dir='ltr'>Θεοτόκου</span> <span class='ocrx_word' id='word_1_565' title='bbox 1132 4860 1228 4915; x_wconf 75' lang='grc' dir='ltr'>καὶ</span> <span class='ocrx_word' id='word_1_566' title='bbox 1266 4863 1486 4918; x_wconf 76' lang='grc' dir='ltr'>πάντων</span> <span class='ocrx_word' id='word_1_567' title='bbox 1514 4864 1625 4917; x_wconf 89' lang='grc' dir='ltr'><strong>τῶν</strong></span> <span class='ocrx_word' id='word_1_568' title='bbox 1666 4864 1860 4935; x_wconf 84' lang='grc' dir='ltr'>ἁγίων,</span> 
     </span>
    </p>
   </div>
   <div class='ocr_carea' id='block_1_79' title="bbox 281 4946 1862 5030">
    <p class='ocr_par' dir='ltr' id='par_1_79' title="bbox 281 4946 1862 5030">
     <span class='ocr_line' id='line_1_79' title="bbox 281 4946 1862 5030; baseline 0.007 -27"><span class='ocrx_word' id='word_1_569' title='bbox 281 4946 591 5019; x_wconf 77' lang='grc' dir='ltr'>ἀρνουμένῃ</span> <span class='ocrx_word' id='word_1_570' title='bbox 609 4965 623 4979; x_wconf 85' lang='grc'><strong>·</strong></span> <span class='ocrx_word' id='word_1_571' title='bbox 655 4951 955 5022; x_wconf 79' lang='grc' dir='ltr'>ἐπειδήπερ</span> <span class='ocrx_word' id='word_1_572' title='bbox 984 4954 1016 5024; x_wconf 90' lang='grc' dir='ltr'><strong>ή</strong></span> <span class='ocrx_word' id='word_1_573' title='bbox 1048 4953 1214 5007; x_wconf 73' lang='grc' dir='ltr'>εἰκὼν</span> <span class='ocrx_word' id='word_1_574' title='bbox 1248 4956 1445 5011; x_wconf 84' lang='grc' dir='ltr'>ταυτόν</span> <span class='ocrx_word' id='word_1_575' title='bbox 1464 4957 1583 5012; x_wconf 87' lang='grc' dir='ltr'>ἐστι</span> <span class='ocrx_word' id='word_1_576' title='bbox 1604 4956 1683 5030; x_wconf 84' lang='grc' dir='ltr'><strong>τῷ</strong></span> <span class='ocrx_word' id='word_1_577' title='bbox 1706 4976 1862 5030; x_wconf 84' lang='grc' dir='ltr'>πρω-</span> 
     </span>
    </p>
   </div>
   <div class='ocr_carea' id='block_1_80' title="bbox 279 5038 1861 5116">
    <p class='ocr_par' dir='ltr' id='par_1_80' title="bbox 279 5038 1861 5116">
     <span class='ocr_line' id='line_1_80' title="bbox 279 5038 1861 5116; baseline 0.008 -25"><span class='ocrx_word' id='word_1_578' title='bbox 279 5038 499 5109; x_wconf 87' lang='grc' dir='ltr'>τοτύπῳ</span> <span class='ocrx_word' id='word_1_579' title='bbox 530 5044 663 5113; x_wconf 83' lang='grc' dir='ltr'>τιμῇ</span> <span class='ocrx_word' id='word_1_580' title='bbox 686 5060 743 5095; x_wconf 91' lang='grc' dir='ltr'><strong>τε</strong></span> <span class='ocrx_word' id='word_1_581' title='bbox 771 5045 864 5099; x_wconf 76' lang='grc' dir='ltr'>καὶ</span> <span class='ocrx_word' id='word_1_582' title='bbox 891 5049 1257 5116; x_wconf 83' lang='grc' dir='ltr'>προσκυνήσει</span> <span class='ocrx_word' id='word_1_583' title='bbox 1280 5064 1293 5077; x_wconf 89' lang='grc'><strong>·</strong></span> <span class='ocrx_word' id='word_1_584' title='bbox 1325 5043 1437 5105; x_wconf 80' lang='grc' dir='ltr'>οἷον</span> <span class='ocrx_word' id='word_1_585' title='bbox 1462 5051 1550 5103; x_wconf 86' lang='grc' dir='ltr'><strong>ἐπ’</strong></span> <span class='ocrx_word' id='word_1_586' title='bbox 1574 5050 1741 5104; x_wconf 84' lang='grc' dir='ltr'>αὐτοῦ</span> <span class='ocrx_word' id='word_1_587' title='bbox 1767 5050 1861 5104; x_wconf 88' lang='grc' dir='ltr'><strong>τοῦ</strong></span> 
     </span>
    </p>
   </div>
   <div class='ocr_carea' id='block_1_81' title="bbox 282 5128 1868 5213">
    <p class='ocr_par' dir='ltr' id='par_1_81' title="bbox 282 5128 1868 5213">
     <span class='ocr_line' id='line_1_81' title="bbox 282 5128 1868 5213; baseline 0.009 -32"><span class='ocrx_word' id='word_1_588' title='bbox 282 5128 551 5196; x_wconf 81' lang='grc' dir='ltr'>ζωοποιοῦ</span> <span class='ocrx_word' id='word_1_589' title='bbox 571 5129 857 5205; x_wconf 81' lang='grc' dir='ltr'>[σταυροῦ]</span> <span class='ocrx_word' id='word_1_590' title='bbox 880 5136 976 5188; x_wconf 80' lang='grc' dir='ltr'>καὶ</span> <span class='ocrx_word' id='word_1_591' title='bbox 992 5135 1087 5190; x_wconf 88' lang='grc' dir='ltr'><strong>τοῦ</strong></span> <span class='ocrx_word' id='word_1_592' title='bbox 1115 5136 1312 5192; x_wconf 86' lang='grc' dir='ltr'>τύπου.</span> <span class='ocrx_word' id='word_1_593' title='bbox 1328 5139 1420 5210; x_wconf 78' lang='grc' dir='ltr'><strong>Μὴ</strong></span> <span class='ocrx_word' id='word_1_594' title='bbox 1432 5140 1497 5210; x_wconf 80' lang='grc' dir='ltr'>δὴ</span> <span class='ocrx_word' id='word_1_595' title='bbox 1514 5140 1609 5194; x_wconf 84' lang='grc' dir='ltr'><strong>οῦν</strong></span> <span class='ocrx_word' id='word_1_596' title='bbox 1625 5143 1868 5213; x_wconf 83' lang='grc' dir='ltr'>ἀρνήση-</span> 
     </span>
    </p>
   </div>
   <div class='ocr_carea' id='block_1_82' title="bbox 282 5220 1869 5308">
    <p class='ocr_par' dir='ltr' id='par_1_82' title="bbox 282 5220 1869 5308">
     <span class='ocr_line' id='line_1_82' title="bbox 282 5220 1869 5308; baseline 0.011 -35"><span class='ocrx_word' id='word_1_597' title='bbox 282 5220 378 5275; x_wconf 89' lang='grc' dir='ltr'><strong>σθε</strong></span> <span class='ocrx_word' id='word_1_598' title='bbox 395 5222 486 5275; x_wconf 86' lang='grc' dir='ltr'>τὸν</span> <span class='ocrx_word' id='word_1_599' title='bbox 502 5224 737 5295; x_wconf 77' lang='grc' dir='ltr'>Χριστὸν</span> <span class='ocrx_word' id='word_1_600' title='bbox 755 5228 812 5279; x_wconf 85' lang='grc' dir='ltr'>αἱ</span> <span class='ocrx_word' id='word_1_601' title='bbox 825 5230 1188 5302; x_wconf 84' lang='grc' dir='ltr'>Χριστοφόροι</span> <span class='ocrx_word' id='word_1_602' title='bbox 1213 5232 1292 5304; x_wconf 83' lang='grc' dir='ltr'>τῷ</span> <span class='ocrx_word' id='word_1_603' title='bbox 1319 5234 1459 5303; x_wconf 82' lang='grc' dir='ltr'>ἁγίῳ</span> <span class='ocrx_word' id='word_1_604' title='bbox 1477 5236 1869 5308; x_wconf 78' lang='grc' dir='ltr'>περιϐλήματι’</span> 
     </span>
    </p>
   </div>
   <div class='ocr_carea' id='block_1_83' title="bbox 287 5316 1875 5401">
    <p class='ocr_par' dir='ltr' id='par_1_83' title="bbox 287 5316 1875 5401">
     <span class='ocr_line' id='line_1_83' title="bbox 287 5316 1875 5401; baseline 0.011 -35"><span class='ocrx_word' id='word_1_605' title='bbox 287 5316 425 5383; x_wconf 82' lang='grc' dir='ltr'>μήτε</span> <span class='ocrx_word' id='word_1_606' title='bbox 449 5317 572 5379; x_wconf 76' lang='grc' dir='ltr'>τοὺς</span> <span class='ocrx_word' id='word_1_607' title='bbox 588 5320 876 5384; x_wconf 86' lang='grc' dir='ltr'>τοσούτους</span> <span class='ocrx_word' id='word_1_608' title='bbox 902 5322 1126 5389; x_wconf 86' lang='grc' dir='ltr'>κόπους,</span> <span class='ocrx_word' id='word_1_609' title='bbox 1142 5325 1237 5390; x_wconf 83' lang='grc' dir='ltr'>οὓς</span> <span class='ocrx_word' id='word_1_610' title='bbox 1254 5326 1517 5382; x_wconf 83' lang='grc' dir='ltr'>ἀνατλᾶτε</span> <span class='ocrx_word' id='word_1_611' title='bbox 1537 5328 1628 5382; x_wconf 81' lang='grc' dir='ltr'>τὸν</span> <span class='ocrx_word' id='word_1_612' title='bbox 1649 5330 1707 5384; x_wconf 81' lang='grc' dir='ltr'><strong>ἐν</strong></span> <span class='ocrx_word' id='word_1_613' title='bbox 1731 5347 1875 5401; x_wconf 88' lang='grc' dir='ltr'>παρ-</span> 
     </span>
    </p>
   </div>
   <div class='ocr_carea' id='block_1_84' title="bbox 283 5407 1873 5490">
    <p class='ocr_par' dir='ltr' id='par_1_84' title="bbox 283 5407 1873 5490">
     <span class='ocr_line' id='line_1_84' title="bbox 283 5407 1873 5490; baseline 0.009 -29"><span class='ocrx_word' id='word_1_614' title='bbox 283 5407 440 5479; x_wconf 80' lang='grc' dir='ltr'>θινίᾳ</span> <span class='ocrx_word' id='word_1_615' title='bbox 469 5409 581 5480; x_wconf 85' lang='grc' dir='ltr'>βίον</span> <span class='ocrx_word' id='word_1_616' title='bbox 618 5413 758 5481; x_wconf 74' lang='grc' dir='ltr'>μετὰ</span> <span class='ocrx_word' id='word_1_617' title='bbox 776 5412 1113 5488; x_wconf 80' lang='grc' dir='ltr'>καθείρξεως</span> <span class='ocrx_word' id='word_1_618' title='bbox 1144 5418 1645 5487; x_wconf 80' lang='grc' dir='ltr'>διανύουσαι,ἔνθεν</span> <span class='ocrx_word' id='word_1_619' title='bbox 1665 5421 1873 5490; x_wconf 77' lang='grc' dir='ltr'>ὀλέσαι,</span> 
     </span>
    </p>
   </div>
   <div class='ocr_carea' id='block_1_85' title="bbox 284 5502 1869 5585">
    <p class='ocr_par' dir='ltr' id='par_1_85' title="bbox 284 5502 1869 5585">
     <span class='ocr_line' id='line_1_85' title="bbox 284 5502 1869 5585; baseline 0.007 -26"><span class='ocrx_word' id='word_1_620' title='bbox 284 5503 380 5559; x_wconf 79' lang='grc' dir='ltr'>καὶ</span> <span class='ocrx_word' id='word_1_621' title='bbox 424 5502 525 5573; x_wconf 78' lang='grc' dir='ltr'>τῆς</span> <span class='ocrx_word' id='word_1_622' title='bbox 571 5504 959 5580; x_wconf 77' lang='grc' dir='ltr'>ἀντικειμένης</span> <span class='ocrx_word' id='word_1_623' title='bbox 998 5510 1235 5581; x_wconf 85' lang='grc' dir='ltr'>μερίδος,</span> <span class='ocrx_word' id='word_1_624' title='bbox 1262 5514 1399 5585; x_wconf 84' lang='grc' dir='ltr'>ὅπερ</span> <span class='ocrx_word' id='word_1_625' title='bbox 1430 5514 1597 5584; x_wconf 82' lang='grc' dir='ltr'>ἀπείη</span> <span class='ocrx_word' id='word_1_626' title='bbox 1640 5515 1735 5568; x_wconf 78' lang='grc' dir='ltr'>καὶ</span> <span class='ocrx_word' id='word_1_627' title='bbox 1780 5515 1869 5569; x_wconf 82' lang='grc' dir='ltr'>ἐν-</span> 
     </span>
    </p>
   </div>
   <div class='ocr_carea' id='block_1_86' title="bbox 284 5594 1867 5670">
    <p class='ocr_par' dir='ltr' id='par_1_86' title="bbox 284 5594 1867 5670">
     <span class='ocr_line' id='line_1_86' title="bbox 284 5594 1867 5670; baseline 0.008 -23"><span class='ocrx_word' id='word_1_628' title='bbox 284 5596 426 5647; x_wconf 83' lang='grc' dir='ltr'>νοεῖν</span> <span class='ocrx_word' id='word_1_629' title='bbox 470 5594 569 5648; x_wconf 80' lang='grc' dir='ltr'><strong>καὶ</strong></span> <span class='ocrx_word' id='word_1_630' title='bbox 607 5594 815 5665; x_wconf 85' lang='grc' dir='ltr'>λέγειν.</span> <span class='ocrx_word' id='word_1_631' title='bbox 855 5599 1176 5670; x_wconf 85' lang='grc' dir='ltr'>γινόμεναι·</span> <span class='ocrx_word' id='word_1_632' title='bbox 1222 5603 1337 5656; x_wconf 87' lang='grc' dir='ltr'>ἀλλ’</span> <span class='ocrx_word' id='word_1_633' title='bbox 1367 5602 1692 5660; x_wconf 82' lang='grc' dir='ltr'>εἰδυῖαι’ὃτι</span> <span class='ocrx_word' id='word_1_634' title='bbox 1741 5604 1867 5659; x_wconf 76' lang='grc' dir='ltr'>οὔτε</span> 
     </span>
    </p>
   </div>
   <div class='ocr_carea' id='block_1_87' title="bbox 284 5684 1867 5771">
    <p class='ocr_par' dir='ltr' id='par_1_87' title="bbox 284 5684 1867 5771">
     <span class='ocr_line' id='line_1_87' title="bbox 284 5684 1867 5771; baseline 0.011 -35"><span class='ocrx_word' id='word_1_635' title='bbox 284 5684 401 5753; x_wconf 85' lang='grc' dir='ltr'>βίος</span> <span class='ocrx_word' id='word_1_636' title='bbox 428 5684 554 5756; x_wconf 80' lang='grc' dir='ltr'>δίχα</span> <span class='ocrx_word' id='word_1_637' title='bbox 583 5688 819 5754; x_wconf 86' lang='grc' dir='ltr'>πίστεως</span> <span class='ocrx_word' id='word_1_638' title='bbox 861 5692 1053 5765; x_wconf 84' lang='grc' dir='ltr'>ὀρθῆς,</span> <span class='ocrx_word' id='word_1_639' title='bbox 1083 5692 1198 5747; x_wconf 79' lang='grc' dir='ltr'>οὔτ’</span> <span class='ocrx_word' id='word_1_640' title='bbox 1227 5690 1294 5750; x_wconf 80' lang='grc' dir='ltr'>αὖ</span> <span class='ocrx_word' id='word_1_641' title='bbox 1323 5695 1504 5760; x_wconf 81' lang='grc' dir='ltr'>πίστις</span> <span class='ocrx_word' id='word_1_642' title='bbox 1548 5698 1675 5769; x_wconf 89' lang='grc' dir='ltr'>δίχα</span> <span class='ocrx_word' id='word_1_643' title='bbox 1722 5699 1867 5771; x_wconf 75' lang='grc' dir='ltr'>πράο</span> 
     </span>
    </p>
   </div>
   <div class='ocr_carea' id='block_1_88' title="bbox 285 5776 1867 5865">
    <p class='ocr_par' dir='ltr' id='par_1_88' title="bbox 285 5776 1867 5865">
     <span class='ocr_line' id='line_1_88' title="bbox 285 5776 1867 5865; baseline 0.011 -36"><span class='ocrx_word' id='word_1_644' title='bbox 285 5776 424 5847; x_wconf 82' lang='grc' dir='ltr'>ξεως</span> <span class='ocrx_word' id='word_1_645' title='bbox 472 5778 622 5845; x_wconf 85' lang='grc' dir='ltr'>Θείας</span> <span class='ocrx_word' id='word_1_646' title='bbox 666 5780 858 5847; x_wconf 79' lang='grc' dir='ltr'>σώζειν</span> <span class='ocrx_word' id='word_1_647' title='bbox 896 5785 1140 5853; x_wconf 87' lang='grc' dir='ltr'>δύναιτο,</span> <span class='ocrx_word' id='word_1_648' title='bbox 1181 5788 1576 5863; x_wconf 71' lang='grc' dir='ltr'>ἀμφοτέρωθεν</span> <span class='ocrx_word' id='word_1_649' title='bbox 1608 5794 1756 5865; x_wconf 83' lang='grc' dir='ltr'>εῑητε</span> <span class='ocrx_word' id='word_1_650' title='bbox 1787 5795 1867 5849; x_wconf 88' lang='grc' dir='ltr'>δι·-</span> 
     </span>
    </p>
   </div>
   <div class='ocr_carea' id='block_1_89' title="bbox 356 5893 1226 5963">
    <p class='ocr_par' dir='ltr' id='par_1_89' title="bbox 356 5893 1226 5963">
     <span class='ocr_line' id='line_1_89' title="bbox 356 5893 1226 5963; baseline 0.008 -13"><span class='ocrx_word' id='word_1_651' title='bbox 356 5893 403 5927; x_wconf 83' lang='grc'><strong><em>²³</em></strong></span> <span class='ocrx_word' id='word_1_652' title='bbox 434 5896 567 5953; x_wconf 85' lang='lat' dir='ltr'><strong>Luc.</strong></span> <span class='ocrx_word' id='word_1_653' title='bbox 597 5916 672 5962; x_wconf 86' lang='grc' dir='ltr'>νι.</span> <span class='ocrx_word' id='word_1_654' title='bbox 702 5899 788 5956; x_wconf 75' lang='grc'>50.</span> <span class='ocrx_word' id='word_1_655' title='bbox 868 5902 912 5934; x_wconf 75' lang='grc'><strong>’⁸</strong></span> <span class='ocrx_word' id='word_1_656' title='bbox 936 5904 1059 5961; x_wconf 78' lang='lat' dir='ltr'><strong>Act.</strong></span> <span class='ocrx_word' id='word_1_657' title='bbox 1095 5919 1135 5963; x_wconf 86' lang='grc' dir='ltr'><strong>ι.</strong></span> <span class='ocrx_word' id='word_1_658' title='bbox 1173 5905 1226 5959; x_wconf 88' lang='lat' dir='ltr'><strong>l.</strong></span> 
     </span>
    </p>
   </div>
   <div class='ocr_carea' id='block_1_90' title="bbox 1962 3373 3540 3449">
    <p class='ocr_par' dir='ltr' id='par_1_90' title="bbox 1962 3373 3540 3449">
     <span class='ocr_line' id='line_1_90' title="bbox 1962 3373 3540 3449; baseline -0.01 -11"><span class='ocrx_word' id='word_1_659' title='bbox 1962 3382 2263 3444; x_wconf 88' lang='lat' dir='ltr'><strong>sustinens,</strong></span> <span class='ocrx_word' id='word_1_660' title='bbox 2311 3380 2549 3449; x_wconf 87' lang='lat' dir='ltr'><strong>primum</strong></span> <span class='ocrx_word' id='word_1_661' title='bbox 2592 3378 2821 3441; x_wconf 78' lang='lat' dir='ltr'><strong>faciens,</strong></span> <span class='ocrx_word' id='word_1_662' title='bbox 2856 3376 3051 3431; x_wconf 91' lang='lat' dir='ltr'><strong>deinde</strong></span> <span class='ocrx_word' id='word_1_663' title='bbox 3081 3375 3163 3430; x_wconf 90' lang='lat' dir='ltr'><strong>sic</strong></span> <span class='ocrx_word' id='word_1_664' title='bbox 3212 3374 3415 3429; x_wconf 88' lang='lat' dir='ltr'><strong>docens</strong></span> <span class='ocrx_word' id='word_1_665' title='bbox 3440 3373 3486 3404; x_wconf 74' lang='lat'>“</span> <span class='ocrx_word' id='word_1_666' title='bbox 3524 3386 3540 3423; x_wconf 89' lang='lat'><strong>:</strong></span> 
     </span>
    </p>
   </div>
   <div class='ocr_carea' id='block_1_91' title="bbox 1962 3468 3513 3546">
    <p class='ocr_par' dir='ltr' id='par_1_91' title="bbox 1962 3468 3513 3546">
     <span class='ocr_line' id='line_1_91' title="bbox 1962 3468 3513 3546; baseline -0.01 -13"><span class='ocrx_word' id='word_1_667' title='bbox 1962 3477 2102 3533; x_wconf 89' lang='lat' dir='ltr'><strong>nihil</strong></span> <span class='ocrx_word' id='word_1_668' title='bbox 2154 3473 2575 3546; x_wconf 66' lang='lat' dir='ltr'><strong>prmtermittens</strong></span> <span class='ocrx_word' id='word_1_669' title='bbox 2628 3486 2818 3526; x_wconf 90' lang='lat' dir='ltr'><strong>eorum</strong></span> <span class='ocrx_word' id='word_1_670' title='bbox 2880 3484 3002 3537; x_wconf 69' lang='lat' dir='ltr'><strong>qum</strong></span> <span class='ocrx_word' id='word_1_671' title='bbox 3068 3474 3197 3523; x_wconf 89' lang='lat' dir='ltr'><strong>sunt</strong></span> <span class='ocrx_word' id='word_1_672' title='bbox 3252 3468 3513 3536; x_wconf 82' lang='lat' dir='ltr'><strong>imperata</strong></span> 
     </span>
    </p>
   </div>
   <div class='ocr_carea' id='block_1_92' title="bbox 1961 3560 3509 3638">
    <p class='ocr_par' dir='ltr' id='par_1_92' title="bbox 1961 3560 3509 3638">
     <span class='ocr_line' id='line_1_92' title="bbox 1961 3560 3509 3638; baseline -0.009 -13"><span class='ocrx_word' id='word_1_673' title='bbox 1961 3568 2210 3638; x_wconf 81' lang='lat' dir='ltr'><strong>exemplo</strong></span> <span class='ocrx_word' id='word_1_674' title='bbox 2254 3574 2580 3621; x_wconf 89' lang='lat' dir='ltr'><strong>monstrare.</strong></span> <span class='ocrx_word' id='word_1_675' title='bbox 2633 3562 2766 3629; x_wconf 78' lang='lat' dir='ltr'><strong>Qua:</strong></span> <span class='ocrx_word' id='word_1_676' title='bbox 2818 3562 3035 3617; x_wconf 88' lang='lat' dir='ltr'><strong>subdita</strong></span> <span class='ocrx_word' id='word_1_677' title='bbox 3070 3572 3173 3624; x_wconf 87' lang='lat' dir='ltr'><strong>est,</strong></span> <span class='ocrx_word' id='word_1_678' title='bbox 3217 3560 3292 3615; x_wconf 86' lang='lat' dir='ltr'><strong>ita</strong></span> <span class='ocrx_word' id='word_1_679' title='bbox 3329 3560 3509 3613; x_wconf 90' lang='lat' dir='ltr'><strong>obtem</strong></span> 
     </span>
    </p>
   </div>
   <div class='ocr_carea' id='block_1_93' title="bbox 1963 3651 3536 3734">
    <p class='ocr_par' dir='ltr' id='par_1_93' title="bbox 1963 3651 3536 3734">
     <span class='ocr_line' id='line_1_93' title="bbox 1963 3651 3536 3734; baseline -0.006 -17"><span class='ocrx_word' id='word_1_680' title='bbox 1963 3677 2154 3734; x_wconf 89' lang='lat' dir='ltr'><strong>perare</strong></span> <span class='ocrx_word' id='word_1_681' title='bbox 2184 3676 2248 3715; x_wconf 90' lang='lat' dir='ltr'><strong>ac</strong></span> <span class='ocrx_word' id='word_1_682' title='bbox 2281 3673 2474 3728; x_wconf 90' lang='lat' dir='ltr'><strong>parere</strong></span> <span class='ocrx_word' id='word_1_683' title='bbox 2503 3665 2851 3722; x_wconf 85' lang='lat' dir='ltr'><strong>consuescat,</strong></span> <span class='ocrx_word' id='word_1_684' title='bbox 2895 3665 3154 3726; x_wconf 88' lang='lat' dir='ltr'><strong>tanquam</strong></span> <span class='ocrx_word' id='word_1_685' title='bbox 3184 3654 3403 3709; x_wconf 88' lang='lat' dir='ltr'><strong>Christo</strong></span> <span class='ocrx_word' id='word_1_686' title='bbox 3434 3651 3536 3721; x_wconf 81' lang='lat' dir='ltr'><strong>ipsi</strong></span> 
     </span>
    </p>
   </div>
   <div class='ocr_carea' id='block_1_94' title="bbox 1964 3743 3537 3823">
    <p class='ocr_par' dir='ltr' id='par_1_94' title="bbox 1964 3743 3537 3823">
     <span class='ocr_line' id='line_1_94' title="bbox 1964 3743 3537 3823; baseline -0.006 -14"><span class='ocrx_word' id='word_1_687' title='bbox 1964 3770 2171 3810; x_wconf 89' lang='lat' dir='ltr'><strong>morem</strong></span> <span class='ocrx_word' id='word_1_688' title='bbox 2204 3762 2375 3823; x_wconf 88' lang='lat' dir='ltr'><strong>gerat.</strong></span> <span class='ocrx_word' id='word_1_689' title='bbox 2396 3749 2527 3805; x_wconf 81' lang='lat' dir='ltr'><strong>Nam</strong></span> <span class='ocrx_word' id='word_1_690' title='bbox 2551 3750 2667 3804; x_wconf 57' lang='lat' dir='ltr'><strong>haec</strong></span> <span class='ocrx_word' id='word_1_691' title='bbox 2695 3749 2785 3804; x_wconf 90' lang='lat' dir='ltr'><strong>ubi</strong></span> <span class='ocrx_word' id='word_1_692' title='bbox 2824 3748 3095 3811; x_wconf 78' lang='lat' dir='ltr'><strong>aﬂ‘ueriut,</strong></span> <span class='ocrx_word' id='word_1_693' title='bbox 3122 3747 3193 3800; x_wconf 89' lang='lat' dir='ltr'><strong>ibi</strong></span> <span class='ocrx_word' id='word_1_694' title='bbox 3213 3747 3393 3799; x_wconf 89' lang='lat' dir='ltr'><strong>omnis</strong></span> <span class='ocrx_word' id='word_1_695' title='bbox 3411 3743 3537 3799; x_wconf 80' lang='lat' dir='ltr'><strong>boni</strong></span> 
     </span>
    </p>
   </div>
   <div class='ocr_carea' id='block_1_95' title="bbox 1964 3837 3540 3918">
    <p class='ocr_par' dir='ltr' id='par_1_95' title="bbox 1964 3837 3540 3918">
     <span class='ocr_line' id='line_1_95' title="bbox 1964 3837 3540 3918; baseline -0.008 -15"><span class='ocrx_word' id='word_1_696' title='bbox 1964 3849 2144 3918; x_wconf 86' lang='lat' dir='ltr'><strong>operis</strong></span> <span class='ocrx_word' id='word_1_697' title='bbox 2193 3845 2446 3900; x_wconf 81' lang='lat' dir='ltr'><strong>fructus:</strong></span> <span class='ocrx_word' id='word_1_698' title='bbox 2502 3844 2595 3898; x_wconf 92' lang='lat' dir='ltr'><strong>ubi</strong></span> <span class='ocrx_word' id='word_1_699' title='bbox 2630 3860 2737 3899; x_wconf 88' lang='lat' dir='ltr'><strong>non</strong></span> <span class='ocrx_word' id='word_1_700' title='bbox 2796 3842 2979 3897; x_wconf 87' lang='lat' dir='ltr'><strong>adsint</strong></span> <span class='ocrx_word' id='word_1_701' title='bbox 3028 3839 3137 3902; x_wconf 92' lang='lat' dir='ltr'><strong>illa,</strong></span> <span class='ocrx_word' id='word_1_702' title='bbox 3178 3838 3253 3893; x_wconf 91' lang='lat' dir='ltr'><strong>ibi</strong></span> <span class='ocrx_word' id='word_1_703' title='bbox 3314 3837 3540 3892; x_wconf 89' lang='lat' dir='ltr'><strong>omnino</strong></span> 
     </span>
    </p>
   </div>
   <div class='ocr_carea' id='block_1_96' title="bbox 1963 3934 3543 4003">
    <p class='ocr_par' dir='ltr' id='par_1_96' title="bbox 1963 3934 3543 4003">
     <span class='ocr_line' id='line_1_96' title="bbox 1963 3934 3543 4003; baseline -0.01 -6"><span class='ocrx_word' id='word_1_704' title='bbox 1963 3940 2267 4003; x_wconf 86' lang='lat' dir='ltr'><strong>contraria,</strong></span> <span class='ocrx_word' id='word_1_705' title='bbox 2325 3938 2731 3999; x_wconf 87' lang='lat' dir='ltr'><strong>conventicula,</strong></span> <span class='ocrx_word' id='word_1_706' title='bbox 2779 3934 3184 3997; x_wconf 88' lang='lat' dir='ltr'><strong>contentiones,</strong></span> <span class='ocrx_word' id='word_1_707' title='bbox 3231 3944 3543 3985; x_wconf 90' lang='lat' dir='ltr'><strong>murmura-</strong></span> 
     </span>
    </p>
   </div>
   <div class='ocr_carea' id='block_1_97' title="bbox 1962 4020 3540 4102">
    <p class='ocr_par' dir='ltr' id='par_1_97' title="bbox 1962 4020 3540 4102">
     <span class='ocr_line' id='line_1_97' title="bbox 1962 4020 3540 4102; baseline -0.01 -12"><span class='ocrx_word' id='word_1_708' title='bbox 1962 4036 2172 4099; x_wconf 84' lang='lat' dir='ltr'><strong>tiones,</strong></span> <span class='ocrx_word' id='word_1_709' title='bbox 2197 4032 2405 4102; x_wconf 89' lang='lat' dir='ltr'><strong>privata</strong></span> <span class='ocrx_word' id='word_1_710' title='bbox 2436 4030 2672 4101; x_wconf 86' lang='lat' dir='ltr'><strong>peculia,</strong></span> <span class='ocrx_word' id='word_1_711' title='bbox 2723 4038 2907 4082; x_wconf 90' lang='lat' dir='ltr'><strong>tumor</strong></span> <span class='ocrx_word' id='word_1_712' title='bbox 2940 4026 3109 4081; x_wconf 88' lang='lat' dir='ltr'><strong>animi</strong></span> <span class='ocrx_word' id='word_1_713' title='bbox 3139 4043 3155 4092; x_wconf 88' lang='lat'><strong>;</strong></span> <span class='ocrx_word' id='word_1_714' title='bbox 3188 4024 3371 4079; x_wconf 82' lang='lat' dir='ltr'><strong>vitiosi</strong></span> <span class='ocrx_word' id='word_1_715' title='bbox 3406 4020 3540 4076; x_wconf 76' lang='lat' dir='ltr'><strong>all&#39;e-</strong></span> 
     </span>
    </p>
   </div>
   <div class='ocr_carea' id='block_1_98' title="bbox 1964 4121 3540 4194">
    <p class='ocr_par' dir='ltr' id='par_1_98' title="bbox 1964 4121 3540 4194">
     <span class='ocr_line' id='line_1_98' title="bbox 1964 4121 3540 4194; baseline -0.009 -14"><span class='ocrx_word' id='word_1_716' title='bbox 1964 4136 2084 4181; x_wconf 92' lang='lat' dir='ltr'><strong>ctus</strong></span> <span class='ocrx_word' id='word_1_717' title='bbox 2130 4137 2243 4177; x_wconf 90' lang='lat' dir='ltr'><strong>tum</strong></span> <span class='ocrx_word' id='word_1_718' title='bbox 2298 4138 2428 4194; x_wconf 83' lang='lat' dir='ltr'><strong>erga</strong></span> <span class='ocrx_word' id='word_1_719' title='bbox 2480 4138 2539 4179; x_wconf 85' lang='lat' dir='ltr'><strong>se</strong></span> <span class='ocrx_word' id='word_1_720' title='bbox 2594 4121 2849 4181; x_wconf 87' lang='lat' dir='ltr'><strong>invicem,</strong></span> <span class='ocrx_word' id='word_1_721' title='bbox 2879 4128 2992 4172; x_wconf 93' lang='lat' dir='ltr'><strong>tum</strong></span> <span class='ocrx_word' id='word_1_722' title='bbox 3042 4132 3169 4188; x_wconf 87' lang='lat' dir='ltr'><strong>erga</strong></span> <span class='ocrx_word' id='word_1_723' title='bbox 3227 4124 3540 4179; x_wconf 85' lang='lat' dir='ltr'><strong>extraneos,</strong></span> 
     </span>
    </p>
   </div>
   <div class='ocr_carea' id='block_1_99' title="bbox 1964 4206 3541 4287">
    <p class='ocr_par' dir='ltr' id='par_1_99' title="bbox 1964 4206 3541 4287">
     <span class='ocr_line' id='line_1_99' title="bbox 1964 4206 3541 4287; baseline -0.009 -15"><span class='ocrx_word' id='word_1_724' title='bbox 1964 4219 2079 4274; x_wconf 91' lang='lat' dir='ltr'><strong>sive</strong></span> <span class='ocrx_word' id='word_1_725' title='bbox 2103 4216 2172 4270; x_wconf 91' lang='lat' dir='ltr'><strong>ob</strong></span> <span class='ocrx_word' id='word_1_726' title='bbox 2188 4215 2593 4287; x_wconf 89' lang='lat' dir='ltr'><strong>cognationem,</strong></span> <span class='ocrx_word' id='word_1_727' title='bbox 2619 4213 2733 4269; x_wconf 90' lang='lat' dir='ltr'><strong>sive</strong></span> <span class='ocrx_word' id='word_1_728' title='bbox 2782 4213 2852 4265; x_wconf 91' lang='lat' dir='ltr'><strong>ob</strong></span> <span class='ocrx_word' id='word_1_729' title='bbox 2878 4210 3036 4264; x_wconf 90' lang='lat' dir='ltr'><strong>aliam</strong></span> <span class='ocrx_word' id='word_1_730' title='bbox 3060 4206 3541 4263; x_wconf 82' lang='lat' dir='ltr'><strong>necessitudinem.</strong></span> 
     </span>
    </p>
   </div>
   <div class='ocr_carea' id='block_1_100' title="bbox 2033 4303 3543 4377">
    <p class='ocr_par' dir='ltr' id='par_1_100' title="bbox 2033 4303 3543 4377">
     <span class='ocr_line' id='line_1_100' title="bbox 2033 4303 3543 4377; baseline -0.009 -12"><span class='ocrx_word' id='word_1_731' title='bbox 2033 4309 2230 4366; x_wconf 88' lang='lat' dir='ltr'><strong>Paucis</strong></span> <span class='ocrx_word' id='word_1_732' title='bbox 2264 4310 2449 4377; x_wconf 89' lang='lat' dir='ltr'><strong>itaque</strong></span> <span class='ocrx_word' id='word_1_733' title='bbox 2475 4308 2655 4363; x_wconf 88' lang='lat' dir='ltr'><strong>verbis</strong></span> <span class='ocrx_word' id='word_1_734' title='bbox 2673 4308 2787 4361; x_wconf 75' lang='lat' dir='ltr'><strong>haec</strong></span> <span class='ocrx_word' id='word_1_735' title='bbox 2812 4303 2881 4359; x_wconf 90' lang='lat' dir='ltr'><strong>de</strong></span> <span class='ocrx_word' id='word_1_736' title='bbox 2912 4304 3018 4359; x_wconf 90' lang='lat' dir='ltr'><strong>isto</strong></span> <span class='ocrx_word' id='word_1_737' title='bbox 3042 4308 3366 4372; x_wconf 88' lang='lat' dir='ltr'><strong>argumento</strong></span> <span class='ocrx_word' id='word_1_738' title='bbox 3393 4313 3543 4353; x_wconf 88' lang='lat' dir='ltr'><strong>com-</strong></span> 
     </span>
    </p>
   </div>
   <div class='ocr_carea' id='block_1_101' title="bbox 1964 4390 3544 4473">
    <p class='ocr_par' dir='ltr' id='par_1_101' title="bbox 1964 4390 3544 4473">
     <span class='ocr_line' id='line_1_101' title="bbox 1964 4390 3544 4473; baseline -0.011 -14"><span class='ocrx_word' id='word_1_739' title='bbox 1964 4403 2193 4459; x_wconf 88' lang='lat' dir='ltr'><strong>monitio</strong></span> <span class='ocrx_word' id='word_1_740' title='bbox 2223 4402 2303 4457; x_wconf 78' lang='lat' dir='ltr'><strong>ﬁt.</strong></span> <span class='ocrx_word' id='word_1_741' title='bbox 2336 4401 2450 4473; x_wconf 86' lang='lat' dir='ltr'><strong>Ego</strong></span> <span class='ocrx_word' id='word_1_742' title='bbox 2494 4398 2717 4454; x_wconf 90' lang='lat' dir='ltr'><strong>humilis</strong></span> <span class='ocrx_word' id='word_1_743' title='bbox 2759 4397 3012 4459; x_wconf 83' lang='lat' dir='ltr'><strong>obsecro,</strong></span> <span class='ocrx_word' id='word_1_744' title='bbox 3042 4401 3101 4447; x_wconf 92' lang='lat' dir='ltr'><strong>ut</strong></span> <span class='ocrx_word' id='word_1_745' title='bbox 3135 4407 3261 4446; x_wconf 91' lang='lat' dir='ltr'><strong>cum</strong></span> <span class='ocrx_word' id='word_1_746' title='bbox 3296 4390 3544 4443; x_wconf 83' lang='lat' dir='ltr'><strong>moribus</strong></span> 
     </span>
    </p>
   </div>
   <div class='ocr_carea' id='block_1_102' title="bbox 1965 4480 3545 4553">
    <p class='ocr_par' dir='ltr' id='par_1_102' title="bbox 1965 4480 3545 4553">
     <span class='ocr_line' id='line_1_102' title="bbox 1965 4480 3545 4553; baseline -0.014 -1"><span class='ocrx_word' id='word_1_747' title='bbox 1965 4497 2231 4553; x_wconf 87' lang='lat' dir='ltr'><strong>illibatam</strong></span> <span class='ocrx_word' id='word_1_748' title='bbox 2278 4492 2440 4547; x_wconf 85' lang='lat' dir='ltr'><strong>ﬁdem</strong></span> <span class='ocrx_word' id='word_1_749' title='bbox 2498 4487 2783 4553; x_wconf 91' lang='lat' dir='ltr'><strong>tueamini,</strong></span> <span class='ocrx_word' id='word_1_750' title='bbox 2832 4486 2984 4541; x_wconf 91' lang='lat' dir='ltr'><strong>nullo</strong></span> <span class='ocrx_word' id='word_1_751' title='bbox 3021 4483 3187 4539; x_wconf 89' lang='lat' dir='ltr'><strong>modo</strong></span> <span class='ocrx_word' id='word_1_752' title='bbox 3234 4480 3545 4536; x_wconf 84' lang='lat' dir='ltr'><strong>communi-</strong></span> 
     </span>
    </p>
   </div>
   <div class='ocr_carea' id='block_1_103' title="bbox 1965 4569 3545 4647">
    <p class='ocr_par' dir='ltr' id='par_1_103' title="bbox 1965 4569 3545 4647">
     <span class='ocr_line' id='line_1_103' title="bbox 1965 4569 3545 4647; baseline -0.013 -3"><span class='ocrx_word' id='word_1_753' title='bbox 1965 4599 2155 4646; x_wconf 92' lang='lat' dir='ltr'><strong>cantes</strong></span> <span class='ocrx_word' id='word_1_754' title='bbox 2195 4582 2740 4641; x_wconf 88' lang='lat' dir='ltr'><strong>Christomachorum</strong></span> <span class='ocrx_word' id='word_1_755' title='bbox 2789 4578 3004 4644; x_wconf 75' lang='lat' dir='ltr'><strong>hzeresi,</strong></span> <span class='ocrx_word' id='word_1_756' title='bbox 3050 4590 3174 4647; x_wconf 71' lang='lat' dir='ltr'><strong>quae</strong></span> <span class='ocrx_word' id='word_1_757' title='bbox 3214 4574 3349 4628; x_wconf 88' lang='lat' dir='ltr'><strong>nihil</strong></span> <span class='ocrx_word' id='word_1_758' title='bbox 3381 4588 3410 4626; x_wconf 88' lang='lat' dir='ltr'><strong>a</strong></span> <span class='ocrx_word' id='word_1_759' title='bbox 3446 4569 3545 4625; x_wconf 81' lang='lat' dir='ltr'><strong>Ju-</strong></span> 
     </span>
    </p>
   </div>
   <div class='ocr_carea' id='block_1_104' title="bbox 1966 4667 3537 4747">
    <p class='ocr_par' dir='ltr' id='par_1_104' title="bbox 1966 4667 3537 4747">
     <span class='ocr_line' id='line_1_104' title="bbox 1966 4667 3537 4747; baseline -0.015 -8"><span class='ocrx_word' id='word_1_760' title='bbox 1966 4683 2181 4739; x_wconf 85' lang='lat' dir='ltr'><strong>daismo</strong></span> <span class='ocrx_word' id='word_1_761' title='bbox 2197 4680 2491 4747; x_wconf 90' lang='lat' dir='ltr'><strong>discrepat,</strong></span> <span class='ocrx_word' id='word_1_762' title='bbox 2523 4675 2817 4730; x_wconf 91' lang='lat' dir='ltr'><strong>salutarem</strong></span> <span class='ocrx_word' id='word_1_763' title='bbox 2840 4669 3042 4725; x_wconf 85' lang='lat' dir='ltr'><strong>Christi</strong></span> <span class='ocrx_word' id='word_1_764' title='bbox 3069 4667 3537 4737; x_wconf 77' lang='lat' dir='ltr'><strong>dispensationem</strong></span> 
     </span>
    </p>
   </div>
   <div class='ocr_carea' id='block_1_105' title="bbox 1968 4757 3543 4847">
    <p class='ocr_par' dir='ltr' id='par_1_105' title="bbox 1968 4757 3543 4847">
     <span class='ocr_line' id='line_1_105' title="bbox 1968 4757 3543 4847; baseline -0.015 -14"><span class='ocrx_word' id='word_1_765' title='bbox 1968 4790 2195 4847; x_wconf 88' lang='lat' dir='ltr'><strong>negans,</strong></span> <span class='ocrx_word' id='word_1_766' title='bbox 2228 4768 2461 4827; x_wconf 87' lang='lat' dir='ltr'><strong>sublatis</strong></span> <span class='ocrx_word' id='word_1_767' title='bbox 2490 4784 2520 4824; x_wconf 89' lang='lat' dir='ltr'><strong>e</strong></span> <span class='ocrx_word' id='word_1_768' title='bbox 2548 4767 2728 4822; x_wconf 88' lang='lat' dir='ltr'><strong>medio</strong></span> <span class='ocrx_word' id='word_1_769' title='bbox 2758 4763 3083 4820; x_wconf 91' lang='lat' dir='ltr'><strong>venerandis</strong></span> <span class='ocrx_word' id='word_1_770' title='bbox 3109 4760 3280 4830; x_wconf 91' lang='lat' dir='ltr'><strong>ipsius</strong></span> <span class='ocrx_word' id='word_1_771' title='bbox 3313 4757 3543 4820; x_wconf 78' lang='lat' dir='ltr'><strong>Christi,</strong></span> 
     </span>
    </p>
   </div>
   <div class='ocr_carea' id='block_1_106' title="bbox 1968 4852 3542 4937">
    <p class='ocr_par' dir='ltr' id='par_1_106' title="bbox 1968 4852 3542 4937">
     <span class='ocr_line' id='line_1_106' title="bbox 1968 4852 3542 4937; baseline -0.015 -10"><span class='ocrx_word' id='word_1_772' title='bbox 1968 4880 2082 4927; x_wconf 90' lang='lat' dir='ltr'><strong>tum</strong></span> <span class='ocrx_word' id='word_1_773' title='bbox 2117 4867 2382 4937; x_wconf 67' lang='lat' dir='ltr'><strong>Deiparae,</strong></span> <span class='ocrx_word' id='word_1_774' title='bbox 2409 4862 2769 4928; x_wconf 90' lang='lat' dir='ltr'><strong>omniumque</strong></span> <span class='ocrx_word' id='word_1_775' title='bbox 2810 4864 3125 4913; x_wconf 89' lang='lat' dir='ltr'><strong>sanctorum</strong></span> <span class='ocrx_word' id='word_1_776' title='bbox 3160 4852 3490 4922; x_wconf 88' lang='lat' dir='ltr'><strong>imaginibus</strong></span> <span class='ocrx_word' id='word_1_777' title='bbox 3527 4867 3542 4903; x_wconf 86' lang='lat'><strong>:</strong></span> 
     </span>
    </p>
   </div>
   <div class='ocr_carea' id='block_1_107' title="bbox 1967 4950 3546 5033">
    <p class='ocr_par' dir='ltr' id='par_1_107' title="bbox 1967 4950 3546 5033">
     <span class='ocr_line' id='line_1_107' title="bbox 1967 4950 3546 5033; baseline -0.015 -16"><span class='ocrx_word' id='word_1_778' title='bbox 1967 4956 2411 5033; x_wconf 86' lang='lat' dir='ltr'><strong>quandoquidem</strong></span> <span class='ocrx_word' id='word_1_779' title='bbox 2475 4954 2657 5022; x_wconf 89' lang='lat' dir='ltr'><strong>imago</strong></span> <span class='ocrx_word' id='word_1_780' title='bbox 2716 4950 2860 5005; x_wconf 90' lang='lat' dir='ltr'><strong>idem</strong></span> <span class='ocrx_word' id='word_1_781' title='bbox 2913 4956 2997 5002; x_wconf 85' lang='lat' dir='ltr'><strong>est</strong></span> <span class='ocrx_word' id='word_1_782' title='bbox 3046 4960 3173 5000; x_wconf 90' lang='lat' dir='ltr'><strong>cum</strong></span> <span class='ocrx_word' id='word_1_783' title='bbox 3234 4953 3546 5013; x_wconf 84' lang='lat' dir='ltr'><strong>prototypo,</strong></span> 
     </span>
    </p>
   </div>
   <div class='ocr_carea' id='block_1_108' title="bbox 1970 5036 3549 5109">
    <p class='ocr_par' dir='ltr' id='par_1_108' title="bbox 1970 5036 3549 5109">
     <span class='ocr_line' id='line_1_108' title="bbox 1970 5036 3549 5109; baseline -0.012 0"><span class='ocrx_word' id='word_1_784' title='bbox 1970 5056 2179 5109; x_wconf 89' lang='lat' dir='ltr'><strong>honore</strong></span> <span class='ocrx_word' id='word_1_785' title='bbox 2232 5057 2289 5106; x_wconf 86' lang='lat' dir='ltr'><strong>et</strong></span> <span class='ocrx_word' id='word_1_786' title='bbox 2342 5047 2697 5103; x_wconf 88' lang='lat' dir='ltr'><strong>adoratione:</strong></span> <span class='ocrx_word' id='word_1_787' title='bbox 2729 5042 2867 5097; x_wconf 91' lang='lat' dir='ltr'><strong>utin</strong></span> <span class='ocrx_word' id='word_1_788' title='bbox 2911 5038 3123 5093; x_wconf 82' lang='lat' dir='ltr'><strong>viviﬁca</strong></span> <span class='ocrx_word' id='word_1_789' title='bbox 3183 5036 3355 5106; x_wconf 88' lang='lat' dir='ltr'><strong>ipsius</strong></span> <span class='ocrx_word' id='word_1_790' title='bbox 3385 5051 3549 5091; x_wconf 88' lang='lat' dir='ltr'><strong>cruce</strong></span> 
     </span>
    </p>
   </div>
   <div class='ocr_carea' id='block_1_109' title="bbox 1966 5127 3548 5214">
    <p class='ocr_par' dir='ltr' id='par_1_109' title="bbox 1966 5127 3548 5214">
     <span class='ocr_line' id='line_1_109' title="bbox 1966 5127 3548 5214; baseline -0.014 -13"><span class='ocrx_word' id='word_1_791' title='bbox 1966 5143 2255 5214; x_wconf 83' lang='lat' dir='ltr'><strong>contingit,</strong></span> <span class='ocrx_word' id='word_1_792' title='bbox 2288 5150 2344 5196; x_wconf 90' lang='lat' dir='ltr'><strong>et</strong></span> <span class='ocrx_word' id='word_1_793' title='bbox 2377 5140 2431 5194; x_wconf 91' lang='lat' dir='ltr'><strong>in</strong></span> <span class='ocrx_word' id='word_1_794' title='bbox 2464 5135 2708 5209; x_wconf 83' lang='lat' dir='ltr'><strong>ejusdem</strong></span> <span class='ocrx_word' id='word_1_795' title='bbox 2736 5133 2930 5204; x_wconf 82' lang='lat' dir='ltr'><strong>elligie.</strong></span> <span class='ocrx_word' id='word_1_796' title='bbox 2964 5129 3144 5185; x_wconf 85' lang='lat' dir='ltr'><strong>Nolite</strong></span> <span class='ocrx_word' id='word_1_797' title='bbox 3188 5129 3353 5199; x_wconf 88' lang='lat' dir='ltr'><strong>igitur</strong></span> <span class='ocrx_word' id='word_1_798' title='bbox 3386 5127 3548 5181; x_wconf 87' lang='lat' dir='ltr'><strong>Chri-</strong></span> 
     </span>
    </p>
   </div>
   <div class='ocr_carea' id='block_1_110' title="bbox 1968 5222 3544 5305">
    <p class='ocr_par' dir='ltr' id='par_1_110' title="bbox 1968 5222 3544 5305">
     <span class='ocr_line' id='line_1_110' title="bbox 1968 5222 3544 5305; baseline -0.013 -10"><span class='ocrx_word' id='word_1_799' title='bbox 1968 5250 2115 5295; x_wconf 85' lang='lat' dir='ltr'><strong>stum</strong></span> <span class='ocrx_word' id='word_1_800' title='bbox 2149 5248 2371 5305; x_wconf 85' lang='lat' dir='ltr'><strong>negare,</strong></span> <span class='ocrx_word' id='word_1_801' title='bbox 2402 5232 2496 5303; x_wconf 91' lang='lat' dir='ltr'><strong>qui</strong></span> <span class='ocrx_word' id='word_1_802' title='bbox 2550 5243 2711 5285; x_wconf 86' lang='lat' dir='ltr'><strong>sacro</strong></span> <span class='ocrx_word' id='word_1_803' title='bbox 2745 5226 2935 5282; x_wconf 88' lang='lat' dir='ltr'><strong>habitu</strong></span> <span class='ocrx_word' id='word_1_804' title='bbox 2960 5224 3237 5279; x_wconf 85' lang='lat' dir='ltr'><strong>Christum</strong></span> <span class='ocrx_word' id='word_1_805' title='bbox 3273 5222 3503 5292; x_wconf 87' lang='lat' dir='ltr'><strong>gestatis</strong></span> <span class='ocrx_word' id='word_1_806' title='bbox 3531 5240 3544 5274; x_wconf 92' lang='lat'><strong>:</strong></span> 
     </span>
    </p>
   </div>
   <div class='ocr_carea' id='block_1_111' title="bbox 1971 5313 3552 5391">
    <p class='ocr_par' dir='ltr' id='par_1_111' title="bbox 1971 5313 3552 5391">
     <span class='ocr_line' id='line_1_111' title="bbox 1971 5313 3552 5391; baseline -0.015 -3"><span class='ocrx_word' id='word_1_807' title='bbox 1971 5346 2073 5387; x_wconf 88' lang='lat' dir='ltr'><strong>nee</strong></span> <span class='ocrx_word' id='word_1_808' title='bbox 2115 5338 2391 5385; x_wconf 91' lang='lat' dir='ltr'><strong>tantorum</strong></span> <span class='ocrx_word' id='word_1_809' title='bbox 2440 5325 2712 5386; x_wconf 89' lang='lat' dir='ltr'><strong>laborum,</strong></span> <span class='ocrx_word' id='word_1_810' title='bbox 2746 5335 2884 5391; x_wconf 91' lang='lat' dir='ltr'><strong>quos</strong></span> <span class='ocrx_word' id='word_1_811' title='bbox 2923 5327 3200 5373; x_wconf 88' lang='lat' dir='ltr'><strong>transacto</strong></span> <span class='ocrx_word' id='word_1_812' title='bbox 3233 5316 3289 5370; x_wconf 91' lang='lat' dir='ltr'><strong>in</strong></span> <span class='ocrx_word' id='word_1_813' title='bbox 3322 5313 3552 5381; x_wconf 82' lang='lat' dir='ltr'><strong>virgini-</strong></span> 
     </span>
    </p>
   </div>
   <div class='ocr_carea' id='block_1_112' title="bbox 1972 5407 3551 5481">
    <p class='ocr_par' dir='ltr' id='par_1_112' title="bbox 1972 5407 3551 5481">
     <span class='ocr_line' id='line_1_112' title="bbox 1972 5407 3551 5481; baseline -0.013 -2"><span class='ocrx_word' id='word_1_814' title='bbox 1972 5432 2084 5479; x_wconf 92' lang='lat' dir='ltr'><strong>tate</strong></span> <span class='ocrx_word' id='word_1_815' title='bbox 2138 5436 2257 5475; x_wconf 65' lang='grc' dir='ltr'>αενο</span> <span class='ocrx_word' id='word_1_816' title='bbox 2315 5419 2459 5473; x_wconf 89' lang='lat' dir='ltr'><strong>intra</strong></span> <span class='ocrx_word' id='word_1_817' title='bbox 2508 5417 2746 5471; x_wconf 85' lang='lat' dir='ltr'><strong>claustra</strong></span> <span class='ocrx_word' id='word_1_818' title='bbox 2812 5411 3085 5481; x_wconf 82' lang='lat' dir='ltr'><strong>perfertis,</strong></span> <span class='ocrx_word' id='word_1_819' title='bbox 3113 5408 3240 5463; x_wconf 91' lang='lat' dir='ltr'><strong>inde</strong></span> <span class='ocrx_word' id='word_1_820' title='bbox 3274 5407 3551 5478; x_wconf 86' lang='lat' dir='ltr'><strong>jacturam</strong></span> 
     </span>
    </p>
   </div>
   <div class='ocr_carea' id='block_1_113' title="bbox 1971 5500 3553 5577">
    <p class='ocr_par' dir='ltr' id='par_1_113' title="bbox 1971 5500 3553 5577">
     <span class='ocr_line' id='line_1_113' title="bbox 1971 5500 3553 5577; baseline -0.01 -8"><span class='ocrx_word' id='word_1_821' title='bbox 1971 5514 2155 5577; x_wconf 79' lang='lat' dir='ltr'><strong>facite,</strong></span> <span class='ocrx_word' id='word_1_822' title='bbox 2194 5512 2250 5567; x_wconf 93' lang='lat' dir='ltr'><strong>in</strong></span> <span class='ocrx_word' id='word_1_823' title='bbox 2288 5508 2732 5565; x_wconf 88' lang='lat' dir='ltr'><strong>adversariorum</strong></span> <span class='ocrx_word' id='word_1_824' title='bbox 2788 5513 2986 5570; x_wconf 88' lang='lat' dir='ltr'><strong>castra,</strong></span> <span class='ocrx_word' id='word_1_825' title='bbox 3046 5501 3193 5573; x_wconf 87' lang='lat' dir='ltr'><strong>quod</strong></span> <span class='ocrx_word' id='word_1_826' title='bbox 3231 5501 3316 5557; x_wconf 79' lang='lat' dir='ltr'><strong>vel</strong></span> <span class='ocrx_word' id='word_1_827' title='bbox 3370 5500 3553 5555; x_wconf 88' lang='lat' dir='ltr'><strong>dicere</strong></span> 
     </span>
    </p>
   </div>
   <div class='ocr_carea' id='block_1_114' title="bbox 1969 5592 3554 5676">
    <p class='ocr_par' dir='ltr' id='par_1_114' title="bbox 1969 5592 3554 5676">
     <span class='ocr_line' id='line_1_114' title="bbox 1969 5592 3554 5676; baseline -0.01 -16"><span class='ocrx_word' id='word_1_828' title='bbox 1969 5607 2057 5662; x_wconf 84' lang='lat' dir='ltr'><strong>vel</strong></span> <span class='ocrx_word' id='word_1_829' title='bbox 2106 5605 2349 5676; x_wconf 86' lang='lat' dir='ltr'><strong>cogitare</strong></span> <span class='ocrx_word' id='word_1_830' title='bbox 2404 5599 2558 5657; x_wconf 76' lang='lat' dir='ltr'><strong>nefas</strong></span> <span class='ocrx_word' id='word_1_831' title='bbox 2600 5608 2705 5662; x_wconf 90' lang='lat' dir='ltr'><strong>est,</strong></span> <span class='ocrx_word' id='word_1_832' title='bbox 2742 5597 3189 5655; x_wconf 86' lang='lat' dir='ltr'><strong>transvolantes:</strong></span> <span class='ocrx_word' id='word_1_833' title='bbox 3241 5594 3335 5649; x_wconf 87' lang='lat' dir='ltr'><strong>sed</strong></span> <span class='ocrx_word' id='word_1_834' title='bbox 3388 5592 3554 5661; x_wconf 86' lang='lat' dir='ltr'><strong>probe</strong></span> 
     </span>
    </p>
   </div>
   <div class='ocr_carea' id='block_1_115' title="bbox 1973 5690 3552 5772">
    <p class='ocr_par' dir='ltr' id='par_1_115' title="bbox 1973 5690 3552 5772">
     <span class='ocr_line' id='line_1_115' title="bbox 1973 5690 3552 5772; baseline -0.012 -15"><span class='ocrx_word' id='word_1_835' title='bbox 1973 5701 2356 5772; x_wconf 88' lang='lat' dir='ltr'><strong>intelligentes,</strong></span> <span class='ocrx_word' id='word_1_836' title='bbox 2384 5710 2486 5752; x_wconf 87' lang='lat' dir='ltr'><strong>nec</strong></span> <span class='ocrx_word' id='word_1_837' title='bbox 2505 5709 2685 5750; x_wconf 86' lang='lat' dir='ltr'><strong>mores</strong></span> <span class='ocrx_word' id='word_1_838' title='bbox 2711 5695 2832 5749; x_wconf 90' lang='lat' dir='ltr'><strong>sine</strong></span> <span class='ocrx_word' id='word_1_839' title='bbox 2855 5701 3001 5747; x_wconf 85' lang='lat' dir='ltr'><strong>recta</strong></span> <span class='ocrx_word' id='word_1_840' title='bbox 3030 5690 3157 5754; x_wconf 75' lang='lat' dir='ltr'><strong>fide,</strong></span> <span class='ocrx_word' id='word_1_841' title='bbox 3209 5702 3307 5743; x_wconf 84' lang='lat' dir='ltr'><strong>nec</strong></span> <span class='ocrx_word' id='word_1_842' title='bbox 3330 5700 3552 5741; x_wconf 87' lang='lat' dir='ltr'><strong>rursum</strong></span> 
     </span>
    </p>
   </div>
   <div class='ocr_carea' id='block_1_116' title="bbox 1974 5780 3547 5857">
    <p class='ocr_par' dir='ltr' id='par_1_116' title="bbox 1974 5780 3547 5857">
     <span class='ocr_line' id='line_1_116' title="bbox 1974 5780 3547 5857; baseline -0.011 -7"><span class='ocrx_word' id='word_1_843' title='bbox 1974 5792 2134 5850; x_wconf 82' lang='lat' dir='ltr'><strong>ﬁdem</strong></span> <span class='ocrx_word' id='word_1_844' title='bbox 2168 5790 2287 5849; x_wconf 80' lang='lat' dir='ltr'><strong>eine</strong></span> <span class='ocrx_word' id='word_1_845' title='bbox 2332 5786 2535 5846; x_wconf 82' lang='lat' dir='ltr'><strong>divinis</strong></span> <span class='ocrx_word' id='word_1_846' title='bbox 2562 5784 2842 5857; x_wconf 85' lang='lat' dir='ltr'><strong>Operibus,</strong></span> <span class='ocrx_word' id='word_1_847' title='bbox 2885 5782 3080 5841; x_wconf 79' lang='lat' dir='ltr'><strong>etl‘erre</strong></span> <span class='ocrx_word' id='word_1_848' title='bbox 3102 5780 3336 5839; x_wconf 79' lang='lat' dir='ltr'><strong>salutem</strong></span> <span class='ocrx_word' id='word_1_849' title='bbox 3368 5792 3547 5851; x_wconf 75' lang='lat' dir='ltr'><strong>posse.</strong></span> 
     </span>
    </p>
   </div>
  </div>
