4164 6474
600 406 738 465 1247
1784 396 1845 455 S.
1887 393 2207 453 THEODO‘

2330 390 2681 452 STUDITIE
3747 387 3901 450 1248

591 522 827 582 utraque
850 510 978 567 dote
1007 508 1260 579 fulgeatis
1296 506 1366 562 ad
1405 505 1639 576 gloriam
1667 504 1786 566 Dei,
1814 503 1881 558 ad
1911 504 2174 558 Ecclesia:
2204 552 2207 563 ς

2316 501 2627 572 υγασμέναι
2673 500 2758 564 είς
2800 498 2964 564 δόξαν
3002 497 3166 566 Θεοῦ,
3197 499 3281 563 είς
3312 497 3473 562 κλέος
3498 495 3604 568 τῆς
3639 498 3909 571 Ἐκκλη-

591 603 961 672 splendorem,
994 602 1061 657 ad
1085 599 1530 657 consecutionem
1552 607 1883 653 aeternorum
1909 596 2179 651 bonorum

2311 594 2431 658 νίας,
2455 595 2535 657 εις
2564 591 2843 659 ἐπίτευξιν
2872 592 2981 646 τῶν
3002 594 3062 647 ἐν
3088 593 3447 661 ἐπαγγελίαις
3474 592 3719 647 αἰωνίων
3752 595 3914 663 ἀγα-

591 711 715 765 qua:
748 696 1020 765 promissa
1050 702 1181 749 sunt
1211 712 1225 747 :
1256 702 1479 747 orantes
1518 690 1685 746 etiam
1731 704 1832 759 pro
1861 689 2022 744 nobis
2053 702 2183 758 pec-

2311 686 2397 740 lth
2420 703 2435 718 ·
2454 684 2892 757 προσευχόμεναι
2921 686 3015 740 καὶ
3042 687 3172 757 περὶ
3199 685 3358 757 ἡμῶν
3377 684 3489 739 τῶν
3516 686 3913 758 ἁμαρτωλῶν,

592 788 900 852 catoribus,
933 796 997 842 ut
1020 787 1155 842 salvi
1196 786 1394 842 simus.

2311 780 2361 844 ὸς
2392 779 2461 834 ἂν
2493 776 2830 849 σωζοίμεθα.

1040 919 1227 976 XLIV.
1249 954 1322 965 -—
1343 920 1583 977 Simeoni
1605 919 1744 990 ﬁlio.

2700 917 2834 973 MA'.
2860 948 2931 960 —
2960 917 3209 987 Συμεὼν
3229 916 3438 983 τέκνῳ.
3481 915 3670 989 [αξη]

1005 1038 1126 1088 Cum
1147 1035 1259 1086 aliis
1279 1050 1459 1085 novem
1487 1033 1689 1096 latenti,
1716 1035 1782 1086 de
1814 1036 1880 1086 ila
1901 1032 1987 1097 qui
2008 1033 2244 1095 martyrio
2269 1047 2327 1084 se
2350 1033 2445 1097 ipsi
2470 1032 2731 1096 objiciunt.
2766 1035 2968 1097 (Baron.
2995 1047 3076 1085 an.
3107 1034 3222 1095 818,
3255 1048 3307 1085 ιι.
3334 1032 3437 1095 18.)

672 1144 810 1200 Sero
850 1144 1095 1213 quidem,
1138 1142 1236 1197 sed
1279 1154 1462 1196 tamen
1518 1142 1733 1197 litteras
1792 1152 1919 1197 tuas
1978 1140 2188 1211 accepi,

2382 1141 2511 1211 ’0ψέ
2545 1141 2667 1211 μὲν,
2701 1142 2852 1213 ὅμως
2881 1140 3153 1211 ἐδεξάμην
3181 1140 3253 1193 τὰ
3280 1137 3595 1209 ἀντίγραφά
3638 1153 3765 1201 σου,
3812 1137 3915 1191 τέ-

599 1237 699 1301 flli,
734 1247 788 1291 et
836 1236 1044 1308 gratias
1096 1235 1183 1305 egi
1231 1234 1466 1289 Domino
1518 1244 1633 1288 tum
1688 1235 1760 1289 ob
1810 1233 2190 1289 defensionem

2311 1248 2426 1284 ενον
2450 1248 2466 1263 ·
2496 1232 3001 1303 καὶ·ηὑχαρίστησα
3036 1231 3118 1302 τῷ
3155 1229 3348 1303 Κυρίῳ
3380 1232 3473 1284 ἐπὶ
3508 1232 3575 1300 τῇ
3619 1229 3920 1302 ἀπολογίᾳ

600 1340 775 1395 tuam,
811 1336 926 1381 tum
962 1328 1035 1381 oh
1081 1327 1363 1381 solertiam
1400 1336 1455 1379 et
1504 1342 1693 1381 curam
1725 1342 1833 1396 qua
1868 1336 1948 1381 tot
1991 1325 2192 1381 fratres

2311 1340 2418 1383 σου.
2448 1326 2515 1395 τῇ
2546 1340 2607 1377 τε
2639 1323 2855 1399 συνέσει
2885 1324 2980 1377 καὶ
3007 1322 3263 1378 διασώσει
3290 1338 3305 1355 ·
3343 1323 3535 1393 ὅτιπερ
3564 1322 3662 1375 καὶ
3695 1323 3918 1375 τοσού-

600 1430 751 1475 tutos
803 1430 1031 1491 pnestas
1080 1420 1149 1473 ab
1200 1419 1590 1472 haereticorum
1644 1419 1880 1488 laqueis,
1928 1419 2023 1488 qui
2082 1433 2192 1473 non

2311 1434 2428 1481 τους
2463 1416 2739 1486 ἀδελφοὺς·
2755 1416 2899 1488 ἔχεις
2937 1415 3414 1487 συνδιαφυλάττων
3447 1416 3555 1469 ἀπὸ
3584 1415 3684 1483 τῆς
3714 1415 3919 1485 θήρας

599 1527 834 1581 corpora
890 1512 985 1565 sed
1043 1510 1260 1563 animos
1316 1510 1638 1578 discerpunt
1693 1528 1707 1563 :
1768 1525 2085 1580 quanquam
2140 1518 2195 1563 et

602 1620 837 1674 corpora
866 1646 880 1670 ,
938 1604 1115 1673 plagis
1164 1602 1547 1670 mortibusque
1594 1601 1780 1657 illatis.
1836 1601 1970 1656 Esto
2015 1612 2197 1657 mente

608 1698 845 1766 integra,
884 1697 959 1749 (ili
1001 1697 1074 1750 mi
1107 1696 1326 1756 dilecte,
1368 1704 1626 1749 strenuus
1657 1704 1796 1757 esto,
1834 1695 2030 1749 fratres
2069 1703 2196 1751 tuos

604 1807 755 1861 rege,
804 1790 891 1845 fac
937 1805 1061 1845 esse
1113 1804 1211 1844 eos
1262 1789 1448 1842 animo
1493 1788 1688 1845 alacri.
1735 1804 1857 1858 qua:
1908 1788 2195 1842 veritatem

604 1886 838 1939 attinent
888 1883 1107 1947 exhibe,
1162 1881 1231 1936 ad
1284 1882 1607 1953 martyrium
1668 1881 1906 1951 impelle.
1954 1880 2197 1950 Tempus

606 1973 752 2025 enim
776 1972 825 2025 id
856 1974 1135 2041 postulat:
1161 1987 1477 2042 quanquam
1503 1972 1648 2043 iuste
1673 1974 1912 2027 latebras
1935 1972 2195 2043 petiistis.

607 2063 889 2132 Projicere
919 2064 1066 2117 enim
1106 2065 1349 2133 seipsum
1401 2064 1454 2117 in
1493 2065 1879 2129 tentationem,
1928 2066 2197 2133 quemad-

608 2154 834 2210 modum
874 2163 933 2209 ut
962 2155 1241 2211 docereris
1285 2157 1510 2226 rogasti,
1546 2157 1678 2210 illud
1714 2167 1822 2223 est,
1860 2157 2063 2227 impelli
2097 2172 2199 2213 sua

608 2257 809 2317 sponte
840 2263 1199 2318 quemquam,
1244 2259 1302 2303 ut
1336 2265 1395 2305 se
1435 2251 1551 2319 ipse
1586 2249 2035 2305 interfectoribus
2064 2264 2200 2321 pro-

609 2342 725 2397 dat.
757 2340 917 2408 Quod
960 2342 1003 2395 si
1049 2352 1276 2398 sanctus
1324 2341 1585 2409 Cordius,
1638 2343 2099 2413 quemadmodum
2146 2351 2203 2399 et

611 2433 705 2486 alii
750 2433 997 2487 nonnulli
1034 2448 1064 2489 c
1105 2435 1463 2503 martyribus,
1508 2436 1756 2490 obtulere
1784 2435 1931 2490 ultro
1963 2449 2084 2490 sese
2109 2435 2199 2501 ";

612 2527 695 2582 sic
727 2537 1035 2597 temporum
1064 2527 1204 2581 ratio
1230 2529 1489 2597 poscebat
1516 2546 1528 2582 :
1559 2530 1801 2591 nemine,
1830 2537 1892 2582 ut
1920 2528 1999 2593 fit,
2032 2527 2203 2583 libere

615 2619 906 2688 loqnentc.
945 2629 1000 2675 et
1036 2621 1417 2675 vehementius
1462 2620 1859 2677 exardescente
1901 2621 2200 2689 impietate.

611 2708 826 2764 Deinde
858 2710 940 2765 illi
970 2720 1023 2765 et
1060 2726 1199 2780 puro
1231 2711 1399 2766 corde
1434 2710 1604 2764 Deum
1634 2710 1819 2765 intuiti
1849 2710 2018 2774 clare,
2056 2719 2111 2764 et
2133 2709 2204 2764 ab

612 2801 806 2854 eodem
832 2801 1066 2856 incitati.
1092 2801 1230 2855 Nam
1256 2812 1311 2855 et
1335 2816 1566 2871 magnus
1590 2799 1908 2856 Praecursor
1930 2800 2205 2870 intrepido

2299 1510 2411 1563 τῶν
2442 1510 2848 1582 αἱρετιζόντων,
2884 1510 2979 1564 καὶ
3010 1510 3073 1580 et}
3116 1510 3346 1581 σάρκας,
3368 1507 3505 1563 ἀλλά
3542 1508 3724 1580 ψυχάς
3749 1525 3918 1561 σπα-

2305 1604 2618 1676 ρασσόντων
2638 1620 2652 1634 ·
2688 1604 2830 1674 πλὴν
2856 1604 2939 1657 ὅτι
2968 1604 3066 1658 καὶ
3100 1601 3351 1674 σώματα,
3385 1601 3453 1657 δι’
3473 1595 3548 1656 ὧν
3570 1603 3920 1674 ἐπιφέρουσι

2299 1696 2523 1766 πληγῶν
2575 1695 2669 1750 καὶ
2724 1695 2991 1751 Θανάτων.
3034 1694 3296 1765 Ὑγίαινε,
3334 1694 3417 1747 υἱέ
3611 1695 3915 1763 ἀγαπητὲ,

2298 1788 2580 1858 ἀρίστευε,
2641 1788 2779 1861 ὴγοῦ
2836 1788 2949 1843 τῶν
3000 1788 3247 1859 ἀδελφῶν
3298 1805 3415 1851 σου,
3468 1788 3916 1859 προθυμοποίει,

2300 1882 2668 1953 παραδείκνυε
2692 1882 2762 1936 τὰ
2794 1883 2893 1953 τῆς
2925 1881 3209 1951 ἀληθείας,
3244 1881 3536 1952 παράθηγε
3566 1884 3645 1943 είς
3679 1897 3919 1951 μαρτυ-

2301 1974 2445 2043 ρίαν.
2491 1976 2550 2028 Ὀ
2576 1976 2687 2043 γάρ
2733 1976 2927 2045 καιρὸς
2954 1974 3230 2040 τοιοῦτος’
3258 1975 3365 2030 κάν
3396 1974 3777 2045 ὑποκρύδεσθε
3811 1975 3919 2025 ἐν-

2300 2068 2503 2137 νόμως.
2532 2068 2607 2122 Τὸ
2643 2068 2755 2139 γάρ
2782 2068 3073 2141 ἐπιρῤίψαι
3094 2068 3286 2123 ἐαυτὸν
3315 2071 3373 2121 ἐν
3403 2068 3719 2139 πειρασμῷ,
3751 2068 3920 2121 καθά

2301 2161 2576 2232 ἐζήτησας
2607 2161 2824 2231 μαθεῖν,
2864 2161 3023 2215 τοῦτό
3056 2163 3194 2226 ἐστι,
3230 2161 3293 2214 τὸ
3320 2160 3414 2231 ἀφ’
3444 2159 3637 2214 ἐαυτοῦ
3662 2160 3922 2230 κινηθῆ-

2300 2252 2391 2306 ναί
2415 2269 2563 2317 τινα,
2602 2253 2698 2306 καὶ
2728 2252 3044 2324 φανερῶσαι
3070 2250 3266 2307 ἐαυτὸν
3296 2254 3411 2317 τοῖς
3446 2251 3787 2321 φονεύουσιν.
3844 2252 3920 2304 Et

2299 2343 2360 2398 δέ
2411 2344 2493 2398 ὅτι
2531 2346 2561 2398 δ
2608 2344 2762 2412 ᾶγιος
2793 2343 3035 2415 Γόρδιος,
3066 2343 3258 2414 ὥσπερ
3291 2344 3386 2398 καί
3421 2362 3566 2408 τινες
3597 2343 3748 2398 ἄλλοι
3784 2343 3922 2395 τῶν

2306 2434 2624 2507 μαρτύρων,
2656 2435 2979 2508 αὐτόκλητοι
3003 2429 3160 2507 ἧκον·
3188 2437 3218 2489 δ
3246 2437 3449 2511 τρόπος
3473 2435 3647 2498 οὕτως
3669 2434 3917 2505 ἀπῄτει·

2302 2526 2518 2590 οὐδενὸς
2545 2527 2623 2591 ὡς
2656 2528 2814 2599 έτυχε
2848 2528 3390 2601 παρρησιαζομένου,
3422 2533 3517 2582 καὶ
3544 2525 3920 2595 ἀναπτούσης

2303 2620 2405 2690 τῆς
2436 2620 2628 2685 ἀοεῒας
2650 2622 3031 2695 σφοδρότερον.
3072 2623 3306 2677 Ἔπειτα
3331 2624 3424 2677 καὶ
3455 2620 3671 2693 καθαρᾷ
3701 2623 3923 2693 καρδίᾳ

2305 2710 2441 2765 Θεδν
2490 2712 2969 2785 ἐνοπτρισάμενοι,
3020 2714 3115 2767 καὶ
3178 2715 3319 2784 πρὸς
3371 2710 3535 2765 αὐτοῦ
3583 2711 3919 2782 νυχθέντες.

2318 2802 2479 2857 Ἐπεὶ
2508 2805 2619 2858 και
2642 2805 2672 2858 δ
2703 2805 2878 2877 μέγας
2920 2804 3236 2876 Πρόδρομος
3268 2802 3657 2874 ῥιψοκινδύνως
3702 2801 3919 2872 ἤλεγξε

614 2893 801 2947 animo
868 2890 1137 2947 Herodem
1204 2892 1479 2963 coarguit.
1541 2892 1851 2948 Novissime
1912 2907 2045 2947 vero
2110 2889 2203 2947 Dei

2311 2896 2401 2951 τὸν
2434 2895 2704 2969 Ἡρώδην.
2737 2900 2899 2969 Ἀρτι
2925 2898 2983 2951 δέ
3014 2895 3201 2949 πολλοὶ
3223 2895 3408 2967 χάριτι
3436 2892 3573 2948 Θεοῦ
3602 2894 3921 2961 ἐνιστάμε-

616 2982 881 3039 benelieio
908 2984 1159 3038 restitere
1184 2983 1341 3036 multi
1365 2991 1420 3037 et
1445 2983 1767 3053 martyrium
1792 2986 2196 3039 sustinuerunt.

614 3073 781 3131 Nefas
837 3075 1042 3146 alioqui
1100 3076 1153 3129 in
1209 3076 1451 3145 pericula
1504 3091 1627 3131 sese
1685 3074 1909 3133 inferre.
1965 3076 2201 3135 Gavisus

616 3178 802 3223 autem
835 3184 956 3223 sum
1002 3168 1377 3234 vehementer,
1409 3168 1556 3239 quod
1591 3170 1775 3225 caeteri
1802 3180 1980 3225 tecum
2013 3169 2204 3226 Patres

617 3262 979 3331 conspirant,
1015 3260 1258 3328 Quorum
1304 3264 1523 3317 nomina
1556 3272 1678 3317 sunt
1722 3265 1775 3317 in
1812 3264 1947 3316 libro
1976 3264 2158 3319 vita"
2186 3306 2201 3319 .

617 3370 759 3425 quos
804 3365 859 3408 et
913 3370 1009 3425 per
1056 3364 1106 3409 te
1144 3355 1359 3419 saluto,
1400 3370 1637 3425 quorum
1694 3356 1901 3410 sanctis
1948 3356 2205 3425 precibus

618 3464 753 3519 egeo
783 3447 853 3502 ad
894 3448 1091 3501 salutis
1140 3446 1470 3501 subsidium.
1506 3446 1677 3501 Valde
1712 3460 1801 3502 me
1844 3446 2019 3515 juvat,
2056 3444 2206 3516 quod

619 3543 690 3597 ab
724 3540 960 3613 Hypatio
991 3538 1160 3594 fratre
1207 3540 1335 3593 boni
1376 3539 1579 3608 aliquid
1617 3539 1952 3605 impetraris.
1981 3536 2206 3593 Fratres

617 3638 676 3691 in
708 3636 973 3707 angustiis
1008 3633 1497 3703 comprobantur",
1548 3642 1610 3687 ut
1643 3647 1816 3688 sacra:
1858 3634 2072 3704 pagina:
2110 3632 2210 3687 ad-

624 3740 872 3784 monent.
927 3730 971 3781 A
1028 3739 1217 3783 nostra
1266 3727 1414 3782 enim
1470 3727 1740 3782 tenuitate
1795 3726 1942 3780 nulla
1999 3726 2211 3780 utilitas

621 3824 883 3893 cuiquam
915 3829 1047 3876 est:
1093 3836 1411 3890 quanquam
1446 3821 1564 3889 ipse
1606 3819 1673 3874 de
1716 3819 1877 3874 nobis
1922 3818 2213 3887 magnifice

620 3916 865 3987 loqueris
894 3928 963 3969 ex
992 3912 1284 3969 charitate.
1325 3911 1597 3978 Quoniam
1628 3926 1759 3965 vero
1793 3920 1848 3966 et
1877 3911 2211 3967 catechesim

620 4006 827 4079 rOgasti
879 4020 1044 4076 quam
1094 4004 1259 4059 habui
1312 4004 1380 4058 ad
1426 4004 1718 4058 universos
1763 4001 1984 4068 fratres,
2036 4017 2214 4073 nuper

623 4103 691 4155 ad
736 4109 787 4155 te
828 4098 978 4154 misi.
1015 4095 1097 4152 Tu
1147 4097 1282 4152 mihi
1334 4112 1500 4167 porro
1527 4096 1751 4151 assidua
1780 4111 1941 4166 prece
1979 4096 2209 4152 salutem

622 4210 811 4249 exora.
840 4193 1040 4263 Accepi
1073 4192 1332 4263 poculum
1363 4205 1635 4261 servoque
1662 4199 1721 4245 ut
1749 4190 1822 4245 sit
1847 4190 2009 4245 obvia
2037 4190 2213 4261 magis

2301 3007 2382 3044 νοι
2403 2991 2499 3044 καὶ
2524 2988 2933 3062 μαρτυροῦντες
2954 3005 2968 3019 ·
2999 2987 3096 3041 καὶ
3115 2986 3218 3040 οὐκ
3242 2987 3471 3053 ἐννομον
3493 2986 3556 3040 τὸ
3583 2985 3919 3057 ἐπιρρίψαι.

2315 3080 2552 3151 Ἐχάρην
2577 3081 2633 3134 δέ
2660 3080 2783 3133 λίαν
2815 3080 2898 3133 δτι
2932 3078 3027 3132 καί⁵
3066 3078 3249 3149 ἐτεροι
3284 3077 3534 3147 Πατέρες
3563 3076 3912 3147 συμπνέονδσ·

2305 3190 2409 3238 σοι,
2437 3167 2549 3228 Ὧν
2578 3172 2653 3227 τὰ
2679 3172 2943 3242 ὀνόματα
2974 3171 3044 3225 ἐν
3065 3170 3264 3239 βίϐλῳ
3291 3168 3461 3239 ζωῆς·
3492 3168 3588 3233 οὓς
3612 3168 3707 3222 καὶ
3738 3184 3920 3238 προσ-

2304 3264 2558 3337 αγορεύω
2594 3264 2682 3319 διά
2715 3264 2835 3329 σοῦ,
2877 3265 2971 3318 καὶ
3001 3263 3269 3335 δεδέημαι
3310 3262 3421 3315 τῶν
3451 3261 3624 3329 ἁγίων
3662 3277 3920 3332 προσευο

2305 3358 2416 3431 χῶν
2450 3359 2530 3422 είς
2562 3358 2891 3429 ἐπικουρίαν
2918 3358 3219 3428 σωτηρίας.
3253 3354 3485 3425 Ὄφελον
3511 3354 3594 3411 ὅτι
3620 3354 3776 3424 παρά
3806 3354 3918 3407 τοῦ

2307 3448 2540 3521 ἀδελφοῦ
2580 3450 2847 3505 ’Υπατίου
2875 3443 3035 3520 εὖρές
3067 3447 3256 3503 τιτῶν
3283 3448 3492 3505 καλῶν.
3533 3447 3805 3517 Ἀδελφοί
3835 3448 3920 3501 ἐν

2308 3544 2601 3615 ἀνάγκαις
2626 3546 2907 3601 ἔστωσαν
2942 3542 3265 3614 χρήσιμον
3309 3545 3345 3617 ἡ
3376 3543 3569 3618 Γραφὴ
3610 3541 3915 3611 ἐγκελεύε-

2310 3658 2422 3694 ται.
2456 3639 2618 3711 Παρά
2652 3640 2764 3711 γὰρ
2787 3638 2887 3708 τῆς
2916 3638 3057 3709 ἐμῆς
3085 3637 3474 3702 ταπεινώσεως
3492 3637 3645 3690 οὐδὲν
3666 3635 3864 3703 ὄφελος
3890 3650 3912 3665 ⁵

2312 3732 2420 3785 κᾶν
2461 3732 2626 3795 αὐτὸς
2668 3732 3023 3801 μεγαλαυχῇς
3070 3731 3220 3802 ἡμᾶς
3268 3732 3329 3799 ἐξ
3365 3732 3607 3799 ἀγάπης.
3647 3726 3807 3781 Ἐπεὶ
3847 3726 3915 3781 δὲ

2312 3824 2587 3895 ἐζήτησας
2618 3823 2715 3878 καὶ
2748 3824 3080 3896 κατήχησιν,
3102 3824 3172 3895 ἢν
3201 3822 3340 3894 πρὸς
3369 3822 3581 3884 πάντας
3604 3820 3729 3883 τοὺς
3754 3819 3915 3875 ἀδελ-

2314 3918 2451 3988 φοὺς
2498 3916 2752 3987 ἐποίησα,
2790 3917 2919 3985 ἀρτι
2961 3915 3251 3970 ἐπέστειλα
3300 3914 3398 3968 καὶ
3429 3915 3565 3987 πρός
3599 3928 3681 3965 σε.
3722 3911 3799 3964 Σύ
3845 3928 3914 3965 τε

2317 4007 3021 4081 προσεύχουάδιαλείπτως
3064 4007 3165 4079 τὴν
3219 4004 3497 4079 σωτηρίαν
3529 4022 3641 4077 μοι.
3687 4004 3762 4057 Τὸ
3792 4019 3917 4057 xta-

2322 4101 2511 4155 σύδιον
2559 4101 2873 4173 ἐδεξάμην·
2921 4105 3015 4154 καὶ
3045 4100 3187 4153 ἔστω
3236 4115 3331 4152 σου
3385 4100 3468 4163 είς
3500 4096 3918 4169 ἐναργεστέραν

2324 4197 2570 4266 μνήμην.
2617 4195 2730 4265 Τὴν
2757 4193 2981 4247 ἐννεάδα
3005 4192 3112 4247 τῶν
3145 4190 3396 4261 ἀδελφῶν
3424 4208 3527 4262 μου
3557 4192 3656 4245 καὶ
3698 4190 3914 4243 τέκνων

622 4288 706 4343 tui
768 4286 1102 4342 recordatio.
1169 4283 1377 4340 Novem
1452 4283 1651 4339 fratres
1724 4298 1880 4339 meos
1954 4283 2207 4354 filiosque

2319 4286 2746 4359 προσαγορεύω,
2818 4285 3052 4340 πλεῖστα
3117 4284 3374 4356 δεόμενος
3423 4284 3520 4340 καὶ
3564 4286 3666 4355 τῆς
3718 4282 3913 4353 εὐχῆς.

625 4380 843 4436 salvere
872 4378 1066 4448 jubeo,
1122 4378 1285 4433 enixe
1336 4392 1526 4446 preces
1578 4376 1901 4447 implorans.
1953 4374 2215 4432 Nicolaus

626 4474 796 4529 frater
842 4475 940 4544 qui
975 4487 1187 4527 mecum
1220 4480 1307 4526 est
1351 4470 1614 4535 inclusus,
1654 4469 1753 4524 tibi
1795 4485 1923 4525 cum
1954 4469 2215 4526 omnibus

625 4566 861 4622 salutem
896 4564 1050 4622 dicit.
1082 4563 1269 4620 Gratia
1303 4562 1612 4617 vobiscum.
1646 4561 1841 4616 Amen.

1006 4698 1168 4758 XLV.
1192 4729 1265 4741 —-
1286 4699 1491 4755 Basilio
1523 4699 1825 4768 prapoaito.

2328 4378 2389 4433 '0
2445 4379 2676 4448 ἀδελφὸς
2738 4378 3008 4441 Νικόλαος
3062 4377 3093 4431 δ
3134 4377 3234 4431 σὺν
3278 4375 3404 4441 ἐμοὶ
3454 4374 3914 4444 ἐγκεκλεισμένος

2318 4470 2718 4543 προσαγορεύει
2772 4486 2835 4523 σε
2888 4471 2987 4525 σὺν
3032 4471 3219 4525 πᾶσιν.
3275 4469 3341 4524 Ἡ
3371 4468 3533 4540 χάρις
3582 4468 3705 4539 μεθ’
3732 4467 3910 4536 ὑμῶν.

2329 4562 2525 4633 Ἀμήν.

2594 4698 2731 4755 ME’.
2762 4728 2832 4739 -—
2854 4700 3154 4764 Βασιλείᾳ)
3188 4694 3735 4770 ἠγυυμέπρ.[τλς’.]

1244 4816 1325 4869 De
1346 4813 1650 4877 recipiendis
1671 4812 1821 4877 lapsis
1840 4814 2009 4878 deque
2035 4826 2212 4865 eorum
2237 4819 2559 4880 panitentia.
2586 4817 2789 4880 (Baron.
2824 4830 2903 4866 au.
2936 4815 3047 4875 816,
3072 4828 3123 4865 ο.
3146 4812 3250 4876 19.)

697 4922 927 4979 Brevem
959 4921 1253 4994 epistolam
1298 4932 1471 4985 tuam,
1508 4919 1671 4975 Pater
1701 4930 1912 4981 sancte.
1958 4921 2059 4990 legi
2093 4936 2219 4976 cum

628 5018 915 5086 voluptate
949 5016 1213 5087 tanquam
1243 5030 1310 5070 ex
1344 5030 1483 5085 puro
1516 5014 1687 5069 corde
1732 5012 2032 5082 profectam
2064 5031 2080 5069 :
2121 5030 2223 5071 nec

630 5110 887 5167 laudibus
942 5119 1127 5164 tamen
1177 5108 1483 5165 delectatus
1526 5122 1689 5173 sum,
1748 5106 1952 5178 quippe
2028 5122 2225 5179 expers

629 5218 825 5259 earum
874 5217 1015 5273 quas
1060 5200 1532 5257 commemorasti.
1585 5198 1691 5255 Sed
1749 5208 1831 5263 tu,
1884 5200 1932 5256 si
1979 5198 2057 5254 ita
2119 5200 2223 5264 vis,

630 5295 820 5368 potius
862 5310 962 5351 ora
1011 5303 1074 5349 ut
1116 5303 1330 5365 partem
1385 5309 1451 5349 ac
1504 5302 1710 5349 statum
1767 5301 1919 5346 tuum
1975 5292 2228 5363 proxime

631 5389 921 5460 attingam.
967 5386 1079 5443 Sed
1126 5389 1229 5443 hac
1272 5388 1341 5442 de
1389 5401 1450 5443 re
1482 5387 1767 5441 hactenus.
1806 5383 2027 5441 Utinam
2067 5400 2218 5451 vero,

632 5480 1101 5553 quemadmodum
1133 5480 1237 5546 ais,
1292 5479 1445 5533 utilis
1487 5477 1599 5533 Deo
1646 5479 1720 5533 sit
1763 5475 1982 5548 Hypatii
2030 5476 2222 5533 fratris

631 5587 824 5643 opera,
861 5572 1161 5627 alteriusve
1194 5570 1491 5641 cujuslibet
1518 5584 1711 5625 eorum
1750 5570 1846 5638 qui
1888 5568 2172 5623 decertant
2203 5584 2219 5623 :

636 5674 697 5722 ul.
718 5664 802 5719 vel
828 5679 921 5734 per
944 5665 1094 5733 ipsos
1123 5666 1423 5718 habeamus
1451 5672 1507 5717 et
1532 5675 1633 5717 nos
1662 5660 1897 5716 humiles
1923 5660 2219 5731 propitium

636 5757 873 5811 Numen.
910 5755 1269 5827 Interrogatio
1295 5756 1362 5810 de
1388 5754 1473 5809 bis
1508 5752 1603 5823 qui
1634 5751 1873 5823 prolapsi
1903 5762 2031 5808 sunt
2061 5753 2115 5807 in
2156 5767 2220 5807 ea

2403 4924 2609 4988 Ἡδέως
2652 4940 2746 4977 σου
2783 4923 3028 4991 ἀνέγνων
3072 4921 3137 4976 τὸ
3167 4919 3577 4991 γραμματεῖον,
3628 4912 3675 4974 ὦ
3710 4919 3911 4993 πατρό-

2320 5037 2419 5090 της
2442 5018 2596 5086 ἀγία,
2621 5017 2698 5081 ὡς
2714 5018 2823 5071 ἀπὸ
2852 5015 3082 5087 καρδίας
3105 5015 3352 5086 καθαρᾶς
3374 5030 3706 5085 προσενηνεγ
3724 5015 3906 5085 μένον·

2319 5113 2381 5165 οὐ
2409 5111 2515 5182 μὴν
2548 5111 2607 5165 ἐν
2636 5113 2750 5174 τοῖς
2777 5111 3023 5173 ἐπαίνοις
3059 5109 3257 5181 ἥσθην,
3284 5110 3360 5174 ὡς
3403 5108 3555 5175 ξένος
3602 5108 3715 5161 τῶν
3756 5107 3911 5161 λελε-

2321 5201 2563 5271 γμένων.
2617 5199 2759 5254 Ἀλλ’
2793 5199 2979 5264 αὐτὸς,
3011 5201 3061 5253 εί
3107 5199 3309 5271 βούλει,
3355 5198 3558 5269 μᾶλλον
3606 5199 3913 5269 προσεύχου

2321 5294 2425 5363 τῆς
2480 5292 2699 5363 μερίδος
2748 5293 2843 5347 καὶ
2877 5292 3123 5357 στάσεώς
3155 5310 3249 5347 σου
3293 5292 3531 5362 ἐγγύθεν
3561 5292 3911 5363 παραθίγειν.

2324 5386 2497 5441 Τοῦτο
2529 5386 2633 5456 μέν
2659 5385 2921 5441 τοιοῦτον.
2951 5384 3052 5457 Εῐη
3075 5386 3132 5440 δέ
3156 5386 3300 5457 κατά
3323 5386 3384 5439 τὸ
3414 5384 3568 5457 ῥῆμά
3592 5401 3689 5438 σου
3722 5401 3917 5457 χρησι-

2329 5478 2517 5550 μεύειν
2544 5477 2623 5549 τῷ
2660 5477 2783 5549 Θεῷ
2824 5478 3087 5532 Ὑπάτιὸν
3116 5495 3175 5531 τε
3202 5478 3295 5531 τὸν
3323 5476 3575 5547 ἀδελφὸν,
3607 5478 3703 5531 καὶ
3730 5478 3916 5532 ὅντινα

2326 5571 2487 5627 ἄλλον
2526 5572 2637 5625 τῶν
2672 5570 3072 5626 ἐναθλούντων·
3105 5571 3182 5635 ὡς
3214 5572 3281 5626 ἂν
3324 5570 3392 5626 δι’
3415 5572 3598 5625 αὐτῶν
3646 5572 3915 5643 σχοίημεν

2328 5666 2425 5717 καὶ
2456 5666 2619 5734 ἡμεῖς
2644 5664 2695 5717 οἱ
2716 5663 2963 5717 ταπεινοὶ
2986 5663 3217 5733 εὐμενὲς
3237 5662 3298 5717 τὸ
3324 5664 3501 5718 Θεῖον.
3535 5663 3611 5717 “re
3647 5662 3914 5733 ἐρώτημα

2326 5753 2438 5805 τῶν
2467 5755 2832 5825 ἐμπαρέντων
2880 5756 2937 5805 ἐν
2981 5756 3093 5818 τοῖς
3120 5755 3263 5810 κατά
3288 5753 3451 5825 φύσιν
3492 5754 3525 5826 ἢ
3570 5755 3725 5825 παρά
3752 5753 3914 5825 φύσιν

708 5875 756 5909 ’⁸
792 5874 957 5933 Basil.
990 5874 1149 5931 llom.
1187 5875 1242 5931 in
1278 5873 1336 5932 S.
1377 5874 1639 5931 Gordium
1678 5879 1996 5942 martyrem.
2072 5871 2120 5903 ¹⁶
2158 5868 2393 5941 Philipp.
2417 5885 2489 5938 tv,
2519 5869 2572 5925 5.
2651 5870 2695 5902 "
2736 5866 2897 5923 Prov.
2936 5884 3069 5935 xvn,
3109 5868 3195 5923 ΓΙ.
