4164 6492
248 442 397 510 1249

1450 443 1999 507 EPISTOLABUM
2053 445 2206 507 LIB.
2248 445 2336 506 Π.

3396 444 3534 510 1250

243 551 575 623 πτώμασιν,
594 551 814 625 ἐκείνην
841 551 954 624 ἔχει
977 552 1081 625 τὴν
1109 553 1440 627 ἀπόκρισιν·
1466 557 1551 611 δτι
1576 559 1610 629 ἡ
1636 557 1845 629 ἀληθὴς

1951 566 2171 627 peccata
2229 572 2357 629 qua
2406 557 2709 613 secundum
2764 566 3019 611 naturam
3070 564 3126 612 et
3175 570 3301 627 quae
3341 566 3535 613 contra

246 645 516 714 μετάνοια
544 646 605 699 έν
629 644 886 713 ἀπιδείξει
913 646 1024 699 τῶν
1049 647 1172 701 κατ’
1192 648 1366 720 αὐτῆς
1392 650 1623 722 καρπῶν
1640 665 1655 682 ·
1682 650 1845 706 ἅτινά

249 737 432 799 ἐστιν,
482 737 517 807 ἡ
559 736 740 809 ἀποχὴ
784 737 899 791 τῶν
941 738 1304 810 ἀγιασμάτων
1351 742 1677 809 κανονικιῖκ,
1704 743 1845 814 μετά

250 828 355 883 καὶ
389 828 489 900 τῆς
520 829 952 903 συντελουμένης
975 832 1325 901 ἐγκρατείας,
1357 835 1459 906 τὴν
1492 834 1843 909 συγχώρησιν

244 920 364 976 τῶν
394 922 803 996 ἡμαρτημένων
829 923 1244 996 ἀντιλαμϐάνει,
1276 926 1371 981 καὶ
1394 926 1524 983 ἀνευ
1555 928 1844 999 μαστίγων

247 1014 353 1070 καὶ
387 1015 711 1087 μαρτυρίου.
747 1015 895 1081 Ἕως
946 1017 1015 1072 ἂν
1060 1018 1170 1090 γὰρ
1236 1017 1315 1091 μὴ
1365 1021 1668 1095 ἀποκλείσῃ
1717 1021 1841 1076 καθ’

246 1103 433 1175 ἡμῶν,
463 1104 540 1170 ώς
568 1106 915 1178 γέγραπται*
946 1108 1269 1174 ἀπόκλεισις
1289 1110 1348 1166 δὲ
1378 1112 1408 1165 ὁ
1442 1112 1703 1177 θάνατος’
1736 1112 1842 1167 κᾶν

248 1199 400 1270 ὲντῇ
439 1198 644 1271 ἐσχάτῃ
676 1199 861 1272 ἡμέρᾳ
908 1202 1007 1271 τῆς
1053 1200 1201 1272 ζωῆς
1245 1203 1279 1273 ἠ
1316 1202 1527 1276 ἀληθὴς
1578 1205 1843 1277 μετάνοια

251 1288 537 1357 φθάσειεν,
572 1291 747 1344 ἔσωσε
795 1290 888 1345 τὸν
940 1292 1351 1364 ἐπιστρέψαντα
1404 1296 1507 1367 τῆς
1540 1298 1838 1369 ἁμαρτίας.

251 1381 414 1437 Οὕτω
437 1381 571 1446 Θεὸς
590 1382 680 1461 διὰ
712 1382 973 1456 Ἰεζεκιὴλ
996 1385 1092 1439 τοῦ
1120 1385 1376 1457 θεολόγου
1400 1389 1713 1459 διωρίσατοο
1745 1392 1843 1446 καὶ

247 1475 497 1529 τοιοῦτον
527 1474 913 1547 φιλάνθρωπον
946 1477 1080 1532 Θεὸν
1110 1478 1333 1551 ἔχομεν,
1361 1481 1455 1535 τὸν
1494 1484 1591 1535 καὶ
1636 1481 1841 1555 λῃστὴν

253 1568 359 1638 μιᾷ
393 1566 515 1638 ὥρᾳ
543 1567 999 1640 είσοικισάμενον,
1031 1570 1123 1625 τὸν
1143 1572 1313 1627 πάλαι
1342 1574 1436 1627 καὶ
1465 1573 1557 1626 τὸν
1586 1573 1839 1645 ἔσχατον,

249 1660 348 1713 καὶ
380 1658 619 1731 τελώνην
647 1660 911 1726 ὡσαύτως
950 1663 1342 1722 δικαιώσαντα.
1380 1667 1443 1721 El
1481 1667 1559 1733 δὲ,
1594 1669 1740 1723 κατά
1771 1669 1842 1724 τά

250 1753 538 1822 φθάσαντα
580 1754 727 1826 ἀρτι,
762 1754 997 1809 ἑπιδοῖεν
1043 1758 1236 1813 ἑαυτὸν
1270 1761 1300 1814 ὁ
1330 1760 1694 1832 ἡμαρτηκὼς,
1744 1764 1841 1817 καὶ

250 1846 472 1919 πληγάς
502 1848 596 1903 ἐπὶ
620 1848 793 1902 νώτου
823 1848 1102 1917 δέξασθαι,
1135 1852 1230 1905 καί
1258 1870 1313 1907 τι
1349 1853 1479 1908 ἀλλο
1519 1854 1842 1922 περισσότε-

1950 657 2209 704 naturam
2233 649 2495 705 dicuntur
2515 650 2614 721 (l),
2642 664 2967 720 responsum
2993 649 3155 707 habet
3180 649 3533 719 huiusmodi:

1951 756 2139 797 veram
2173 741 2551 810 paenitentiam
2598 757 2665 796 ex
2705 742 3026 797 ostensione
3064 741 3343 796 fructuum
3389 740 3536 796 illius

1950 832 2207 904 intelligi.
2238 831 2507 888 Videlicet
2529 833 2607 887 rei
2632 847 2804 887 sacrae
2833 833 3001 887 dilata
3026 833 3306 903 perceptio
3335 846 3537 887 secun-

1949 924 2081 979 dum
2126 939 2397 991 canones,
2448 923 2745 994 conjuncta
2803 924 3021 979 interim
3071 924 3318 979 ciborum
3360 922 3538 978 absti-

1950 1017 2159 1081 nentia,
2201 1018 2419 1072 veniam
2457 1016 2714 1086 impetrat
2750 1016 3102 1081 delictorum,
3145 1016 3281 1071 citra
3325 1016 3534 1086 plagas,

1949 1109 2086 1166 citra
2122 1110 2470 1181 martyrium.
2522 1108 2773 1176 Quandiu
2804 1110 2955 1165 enim
3005 1124 3114 1163 non
3152 1119 3237 1165 est
3286 1110 3536 1163 clausum

1949 1203 2153 1259 ostium
2198 1201 2488 1257 adversum
2540 1217 2640 1257 nos
2700 1202 2847 1257 sicut
2897 1202 3163 1271 scriptum
3205 1201 3350 1257 est"
3402 1201 3542 1271 (per

1948 1304 2186 1350 mortem
2217 1308 2350 1350 vero
2394 1293 2737 1365 occluditur)
2781 1294 2861 1348 vel
2911 1294 2959 1349 si
3005 1294 3141 1348 hora
3184 1293 3312 1348 vitae
3350 1292 3541 1347 novis-

1947 1388 2126 1453 sima,
2180 1402 2311 1441 vera
2360 1387 2687 1458 paenitentia
2747 1388 3138 1453 intervenerit,
3191 1396 3539 1443 revocantem

1948 1494 2010 1535 se
2037 1494 2069 1534 a
2111 1489 2336 1550 peccato
2384 1480 2597 1534 salvum
2645 1489 2887 1549 praestat.
2934 1479 3027 1536 Sic
3082 1480 3229 1536 Dens
3267 1495 3363 1550 per
3403 1478 3539 1533 Eze-

1947 1572 2174 1628 chielem
2227 1572 2544 1644 theologum
2588 1584 2774 1643 aperte
2803 1573 3109 1628 alllrmat".
3142 1572 3277 1627 Tam
3305 1572 3543 1641 benigno

1947 1665 2093 1720 enim
2130 1666 2361 1720 numine
2391 1666 2623 1731 utimur,
2671 1674 2731 1719 ut
2772 1676 2827 1721 et
2860 1667 3131 1721 latronem
3170 1666 3321 1720 horae
3364 1665 3543 1734 spatio

1948 1757 2175 1813 domum
2226 1758 2616 1824 introduxerit,
2659 1760 2899 1828 primum
2947 1774 3103 1829 aeque
3145 1769 3312 1828 atque
3354 1758 3541 1813 novis-

1950 1852 2178 1918 simum,
2222 1860 2279 1907 et
2311 1852 2671 1922 publicanum
2716 1853 2972 1908 similiter
3016 1837 3229 1923 justum
3277 1851 3539 1906 effecerit.

256 1955 385 2010 ρον.
418 1938 505 2001 τις
547 1937 853 2009 amnem,“
906 1940 982 2011 μὴ
1035 1941 1496 2013 συγκεχωρῆσθαι
1536 1943 1703 1997 αὑτὸν
1744 1943 1847 2015 τῆς

1951 1942 2107 2011 Quod
2158 1945 2315 2007 si,ut
2344 1948 2661 2015 nuperrime
2696 1947 2949 2017 contigit,
3000 1946 3268 2001 obtulerit
3314 1945 3432 2016 ipse
3483 1960 3543 2001 se

251 2030 565 2101 ἀμαρτίαςς
607 2031 682 2085 Τὸ
715 2030 826 2103 γάρ
855 2032 950 2085 καὶ
980 2031 1161 2087 θανεῖν
1193 2034 1252 2086 έν
1292 2035 1355 2104 τῇ
1392 2033 1658 2107 ὁμολογίᾳ
1702 2036 1836 2106 Χρι-

251 2120 407 2186 στοῦ,
436 2121 689 2193 μάρτυρα
715 2121 970 2175 ἀποτελεῖ
993 2121 1201 2192 κυρίως
1228 2124 1457 2196 Κυρίου.
1484 2126 1625 2179 Ἀλλ’
1654 2125 1785 2190 ίσως
1812 2126 1842 2179 ὁ

249 2213 411 2283 λόγος
448 2214 577 2286 περὶ⁸
604 2212 702 2268 τοῦ
726 2214 1027 2285 ἐπιτιμίου.
1057 2214 1181 2268 Ὅτι
1213 2215 1308 2271 ἐὰν
1339 2216 1620 2290 ύποὸληθῇ
1672 2218 1839 2290 βασά-

250 2317 391 2373 νοις,
418 2305 497 2378 μὴ
530 2307 711 2377 μέντοι
739 2306 894 2362 θάνοι
914 2320 929 2336 ⁸
960 2306 1119 2359 τοῦτο
1146 2308 1301 2378 παρά
1322 2309 1416 2362 τοῦ
1439 2309 1619 2375 δόντος
1639 2313 1699 2364 τὸ
1722 2314 1844 2365 ἐπι-

250 2398 439 2469 τίμιον
464 2397 852 2464 κανονιζέσθω,
896 2397 1063 2453 πόσον
1090 2398 1312 2469 ὑφελεῖν
1349 2400 1438 2455 διὰ
1471 2402 1542 2456 τά
1577 2402 1839 2474 παθήμα-

252 2510 346 2558 τα,
376 2491 506 2545 δλου
548 2490 607 2544 τὸ
632 2491 827 2562 ἥμισυ.
871 2491 1038 2561 Ἡμῖν
1069 2490 1180 2565 γάρ
1224 2492 1432 2564 ὁρίζειν
1472 2495 1571 2566 οὐχ
1612 2490 1724 2549 οίὸν
1762 2514 1843 2552 τε.

253 2583 445 2647 Οὕτως
473 2585 502 2636 ὁ
529 2581 633 2652 τῆς
657 2580 1044 2648 ταπεινώσεως
1071 2583 1230 2656 ἡμῶν
1259 2585 1436 2654 λόγος.
1470 2586 1530 2639 Εί
1556 2587 1612 2641 δὲ
1641 2587 1722 2642 δεῖ
1756 2588 1852 2643 ἀλ-

252 2676 385 2741 λως,
409 2675 641 2742 δίδαξον,
681 2674 887 2747 Πάτερ,
921 2677 1018 2729 καὶ
1059 2674 1296 2746 φώτισον
1323 2678 1474 2749 ἡμᾶς
1514 2682 1642 2742 τοὺς
1673 2681 1854 2751 ἀμυή-

254 2784 406 2831 τουςι
436 2768 541 2821 Τὸν
569 2764 799 2837 ἀδελφόν
829 2784 936 2839 μου
966 2767 1061 2822 τὸν
1089 2766 1254 2841 κύριν
1287 2770 1598 2841 Προκὸπιον
1622 2770 1854 2826 πλεῖστα

255 2861 551 2932 πρόσειπε.

1937 2037 2033 2107 qui
2090 2038 2371 2107 peccavit,
2429 2048 2484 2093 et
2522 2040 2663 2093 idem
2698 2040 2864 2093 dorso
2900 2041 3088 2109 plagas
3144 2041 3441 2108 exceperit,
3488 2045 3545 2093 et

1938 2129 2159 2199 gravius
2189 2129 2335 2185 aliud
2357 2130 2638 2200 quidpiam
2674 2149 2687 2186 :
2721 2132 2847 2200 quis
2872 2131 3114 2201 ambigat
3151 2130 3369 2185 veniam
3402 2130 3536 2185 huic

1937 2219 2121 2275 delicti
2148 2220 2331 2275 datam
2352 2221 2375 2274 ?
2396 2219 2529 2275 Nam
2566 2231 2620 2276 et
2646 2230 2879 2276 mortem
2910 2222 3062 2277 obire
3098 2223 3151 2275 in
3184 2220 3537 2276 confessione

1939 2310 2168 2377 Christi,
2209 2321 2506 2383 martyrem
2556 2312 2773 2367 Domini
2820 2314 3039 2383 proprie
3077 2312 3261 2368 ellicit.
3299 2314 3368 2366 At
3399 2312 3541 2367 forte.

1940 2405 2009 2459 de
2060 2420 2219 2473 ptena
2270 2405 2503 2474 quaestio
2548 2407 2801 2460 vertitur-
2845 2404 3000 2471 Quod
3033 2406 3078 2461 si
3122 2407 3403 2461 cruciatus
3449 2406 3541 2459 ille

1942 2495 2229 2567 pertulerit
2275 2495 2413 2551 citra
2448 2508 2703 2561 mortem,
2766 2496 2915 2551 illius
2945 2506 3028 2551 est
3080 2497 3131 2551 id
3184 2497 3417 2551 delinire
3448 2497 3541 2567 qui

1945 2603 2159 2659 pmnam
2202 2589 2460 2659 imponit,
2492 2599 2761 2660 quantum
2795 2591 2868 2645 ob
2912 2592 3185 2645 malorum
3234 2592 3547 2661 perpessio-

1946 2695 2073 2735 nem
2130 2680 2344 2735 detrahi
2387 2696 2489 2750 par
2531 2680 2643 2744 sit;
2691 2681 2935 2735 totiusne
2978 2680 3267 2735 dimidiam
3308 2690 3542 2750 partem.

1948 2770 2122 2827 Nobis
2189 2773 2337 2827 enim
2398 2773 2451 2827 id
2500 2773 2729 2829 delinire
2786 2775 2932 2830 haud
2982 2776 3223 2844 proclive
3283 2772 3547 2831 est.Ha:c

1952 2865 2132 2920 oratio
2192 2876 2277 2921 est
2324 2874 2525 2921 nostrae
2572 2867 2921 2922 humilitatis.
2966 2866 3062 2921 Sin
3099 2882 3259 2923 secus
3305 2876 3543 2936 Oportet,

255 2956 448 3021 edoce,
488 2955 673 3018 Pater,
704 2951 1255 3025 etnobisimperitis
1320 2954 1502 3025 praebe
1566 2955 1773 3011 lumen.
1828 2954 2010 3015 Fratri
2070 2974 2192 3015 meo
2264 2958 2472 3015 domno
2545 2959 2813 3031 Procopio
2870 2962 3165 3033 plurimam
3239 2961 3327 3017 dic
3393 2962 3546 3016 salu-

258 3058 396 3104 tem.

612 3142 763 3210 Μςο.
797 3171 869 3184 -
902 3135 1178 3211 Ἀρκαδίᾳ)
1207 3138 1475 3210 parum}.
1514 3138 1696 3214 [τλζκ]

2305 3139 2492 3196 XLVI.
2526 3172 2599 3182 —
2628 3142 2860 3196 Arcadio
2910 3143 3189 3200 monacho.

997 3260 1235 3312 Exsulem
1262 3261 1498 3320 vinctum,
1533 3264 1588 3309 et
1617 3260 1827 3310 verbera
1850 3273 2069 3323 passum,
2099 3258 2330 3310 hortatur
2352 3258 2412 3309 ad
2433 3256 2781 3308 constantiam.

333 3346 427 3410 Δὶς
460 3348 585 3418 ἀρτι
633 3346 832 3418 γράφω
874 3344 970 3416 ἀφ’
1000 3338 1062 3400 οὗ
1104 3344 1469 3417 συνελήφθης,
1494 3347 1849 3418 ἠγαπημένε,

2028 3345 2185 3401 Nunc
2218 3346 2419 3401 iterum
2460 3345 2526 3399 ad
2562 3355 2615 3399 te
2664 3344 2868 3408 scribo,
2904 3342 3122 3409 dilecte,
3162 3356 3227 3396 ex
3255 3358 3365 3412 quo
3392 3358 3541 3399 com-

260 3438 369 3493 ὑπὸ
388 3436 499 3492 τῶν
530 3436 949 3501 Ἰουδαῖζὸντων.
982 3435 1095 3507 Τὴν
1128 3435 1356 3509 πρώτην
1383 3437 1485 3490 ούκ
1516 3436 1680 3502 ἐδέξω
1704 3451 1718 3465 ·
1750 3435 1845 3489 εύ-

260 3550 427 3604 χομαι
469 3530 572 3585 κάν
605 3530 813 3601 ταύτην
835 3528 935 3602 τὴν
964 3529 1257 3601 επιστολὴν
1286 3530 1367 3593 είς
1400 3528 1591 3599 χεῖράς
1628 3545 1724 3582 σου
1755 3528 1849 3582 έλ-

260 3627 397 3680 οείν.
442 3623 584 3694 Ἐγὼ
615 3625 727 3696 γάρ
755 3626 974 3695 πρῶτον
1028 3624 1129 3695 μὲν
1182 3620 1326 3676 κατά
1376 3621 1468 3674 τὸν
1518 3622 1696 3675 κοινὸν
1750 3621 1851 3692 τῆς

260 3719 485 3790 ἀγάπης
521 3716 707 3788 νόμον,
748 3716 1033 3788 χρεώστην
1078 3714 1316 3785 ἐμαυτὸν
1352 3712 1731 3784 λογιζόμενος’
1766 3715 1850 3768 ὅτι

262 3812 372 3884 χρὴ
398 3809 663 3877 ἀλλήλους
692 3806 1336 3880 συμπροθυμοποιεῖσθαι
1356 3808 1483 3869 τοὺς
1514 3808 1606 3860 ἐπὶ
1638 3806 1699 3860 τὸ
1718 3806 1850 3860 αὐτὸ

264 3902 645 3974 συνημμένους
669 3900 750 3969 τῷ
783 3901 1093 3971 φρονήματι
1127 3901 1229 3971 τῆς
1254 3899 1547 3970 ὁμολογίας
1572 3900 1811 3972 Χριστοῦ
1832 3914 1849 3933 ⁸

262 3999 325 4051 τὸ
368 3993 669 4050 ἐπιστεῖλαί
713 4009 798 4046 σοι
840 3993 1158 4060 ἀναγκαίως
1184 3992 1313 4064 ἔχω.
1351 3993 1587 4047 Ἔπειτα
1636 3996 1732 4049 καὶ
1762 3992 1855 4047 διὰ

263 4092 363 4158 τὴν
395 4088 695 4159 ἰδιότροπον
725 4085 915 4157 σχέσιν
940 4102 954 4115 ·
984 4086 1053 4156 ἢν
1078 4080 1237 4139 οἶσθα
1269 4086 1429 4140 ὁποία
1453 4086 1548 4141 καὶ
1577 4086 1719 4158 πόση
1748 4087 1856 4139 ἀπ-

265 4184 441 4255 αρχῆς
508 4182 642 4253 ἡμῖν
699 4179 946 4250 ὑπῆρξεο
994 4178 1138 4233 πάνυ
1198 4180 1573 4251 ὲπειγομένως
1629 4181 1850 4251 γράφω.

281 4275 444 4330 ’Λλλά
474 4273 635 4345 χάρις
658 4271 738 4345 τῷ
765 4271 904 4343 Θεῷ,
942 4270 1140 4341 ἀδελφέ
1173 4289 1276 4342 μου
1305 4271 1606 4343 τιμιώτατε
1624 4288 1641 4304 ’
1669 4272 1753 4325 ὅτι
1793 4272 1853 4325 ἐν

267 4366 406 4439 τῷδε
430 4364 509 4434 τῷ
534 4364 716 4435 πικρῷ
738 4362 971 4434 χειμῶνι
996 4362 1095 4433 τῆς
1119 4363 1380 4427 ἀπιστίας
1404 4362 1568 4426 ἀνθος
1592 4361 1853 4434 διεφάνης

266 4454 625 4528 ὁρθοδοξοῦν·
665 4454 866 4525 μᾶλλον
909 4452 966 4506 δὲ
1003 4451 1348 4523 ὁμολογητὴς
1395 4452 1661 4523 Χριστοῦ,
1706 4453 1853 4519 ἅπαξ

268 4548 509 4620 ἐνεχθεὶς
541 4547 622 4610 είς
652 4545 785 4616 ὕψος
816 4544 975 4617 “leg.
1011 4543 1135 4599 cod.
1180 4543 1331 4616 ὄψιν]
1364 4545 1475 4599 τῶν
1504 4544 1853 4615 κρατούντων

266 4643 366 4713 οὑχ
400 4639 720 4710 ὑπέπτηξας
740 4653 755 4668 ⁸
785 4638 1203 4708 Ὠμολότησας
1248 4637 1366 4706 τὴν
1397 4636 1602 4705 καλὴν
1633 4640 1850 4706 ὁμολο-

1948 3437 2256 3509 prehensus
2285 3452 2344 3492 es
2378 3452 2409 3492 a
2437 3436 2872 3507 judaizantibns.
2923 3434 3144 3491 Priores
3198 3435 3407 3491 litteras
3435 3450 3542 3491 non

1949 3528 2268 3598 accepisti:
2323 3542 2523 3599 precor
2586 3537 2649 3583 ut
2707 3527 2902 3583 saltem
2971 3529 3037 3582 ad
3070 3538 3123 3582 te
3170 3529 3286 3583 hmo
3310 3528 3544 3597 epistola

1951 3623 2280 3693 perferatur.
2330 3619 2574 3675 Primum
2620 3620 2790 3686 enim,
2834 3620 2991 3689 juxta
3022 3634 3375 3675 communem
3406 3622 3547 3675 ami-

1951 3713 2096 3769 citia:
2152 3715 2348 3783 legem,
2396 3728 2522 3768 cum
2575 3712 2877 3766 debitorem
2934 3726 3019 3767 me
3087 3712 3206 3782 ipse
3249 3726 3540 3785 rcpntem:

1952 3806 2098 3875 quod
2130 3805 2346 3860 animos
2380 3805 2486 3859 sibi
2524 3803 2761 3859 invicem
2795 3802 3000 3858 addere
3028 3815 3280 3875 Oporteat
3314 3822 3412 3863 eos
3442 3809 3541 3879 qni

1954 3906 2083 3954 sunt
2116 3898 2168 3951 in
2202 3897 2395 3952 eodem
2426 3896 2629 3950 Christi
2681 3895 3052 3953 confessionis
3097 3899 3382 3968 pr0posito
3406 3914 3543 3955 con-

1955 3987 2195 4042 sociati:
2248 3986 2500 4055 imposita
2563 3986 2697 4039 mihi
2762 3988 3015 4055 quaedam
3084 3990 3150 4042 ad
3185 4000 3236 4043 te
3264 3992 3543 4045 scribendi

1954 4079 2257 4134 necessitas
2315 4088 2417 4133 est.
2461 4076 2670 4132 Deinde
2698 4086 2755 4132 et
2812 4088 3035 4147 propter
3089 4082 3360 4149 privatam
3402 4098 3541 4138 eon-

1954 4174 2322 4239 suetudinem,
2353 4187 2518 4243 quam
2561 4172 2705 4227 nosti
2737 4171 2920 4242 qualis
2950 4181 3004 4227 et
3042 4184 3249 4243 quanta
3278 4177 3419 4229 inter
3444 4192 3548 4231 nos

1954 4265 2025 4320 ab
2094 4266 2253 4319 initio
2303 4264 2696 4331 intercesserit,
2757 4263 3111 4319 vehementer
3170 4266 3421 4335 impellor
3476 4269 3543 4322 ad

1956 4356 2332 4413 scribendum.
2384 4353 2488 4410 Sed
2524 4354 2618 4408 Dei
2658 4352 2855 4421 gratia,
2896 4352 3067 4408 frater
3108 4355 3180 4409 mi
3204 4359 3547 4413 reverendis-

1956 4452 2117 4517 sime,
2165 4447 2314 4519 quod
2362 4448 2415 4501 in
2463 4447 2567 4501 bac
2610 4445 2927 4501 tristissima
2978 4448 3318 4504 inﬁdelitatis
3365 4451 3546 4507 hieme

1956 4543 2123 4598 veluti
2157 4549 2319 4596 rectae
2352 4540 2478 4595 lidei
2532 4538 2633 4595 llos
2674 4539 2948 4594 emicuisti
2986 4557 3001 4596 :
3037 4540 3147 4595 imo
3178 4542 3364 4611 potius
3396 4546 3545 4613 quod

1959 4645 2021 4691 ut
2052 4636 2257 4691 Christi
2296 4634 2605 4701 confessor,
2637 4634 2804 4689 semel
2840 4634 3102 4705 abreptus
3133 4636 3198 4689 ad
3231 4651 3423 4691 eorum
3451 4640 3549 4693 tri-

270 4702 408 4804 τίὲν
429 4750 445 4766 ο
472 4702 861 4804 ἐμαστιγώθης
908 4702 1091 4789 me.
1122 4702 1446 4802 ἐξωρίσθης,
1480 4702 1849 4801 πεῆριωρίσθης

1967 4729 2131 4784 bunal
2163 4729 2256 4799 qui
2291 4744 2476 4783 rerum
2515 4728 2825 4798 potiuntur,
2860 4745 2966 4783 non
3000 4731 3292 4797 exliavisti.
3324 4730 3547 4802 Confes-

271 4819 375 4879 ὧδέ
406 4841 511 4878 που
559 4824 618 4876 ὲν
648 4819 1010 4891 παραϐύστῳ.
1052 4820 1225 4873 Πάλιν
1270 4820 1445 4891 ἧχθης
1485 4821 1544 4874 ὲν
1574 4822 1758 4891 χεροῖν
1792 4818 1856 4890 [Γ.

272 4915 487 4989 χερσὶν]
520 4914 799 4970 κολαστῶν
869 4914 970 4966 οὐκ
993 4911 1359 4984 ὠλιγώρησας
1379 4927 1394 4942 ⁸
1426 4913 1526 4966 οὐκ
1571 4912 1860 4983 ὲξηρνήσω

271 5008 372 5080 τὴν
391 5000 580 5061 δπίστιν
603 5023 619 5037 ο
653 5004 994 5076 κατεξάνθης
1026 5000 1181 5067 αὖθις
1205 5005 1327 5066 ταῖς
1346 5002 1585 5072 πληγαῖς
1607 5020 1620 5035 ο
1647 5002 1741 5056 καὶ
1774 5018 1861 5073 με-

276 5103 519 5173 μένηκας
542 5101 812 5171 ἀήττητος
830 5113 847 5130 ³
876 5098 951 5168 μὴ
979 5097 1315 5168 φοϐούμενος
1339 5096 1448 5150 άπὸ
1483 5095 1594 5148 τῶν
1622 5096 1859 5149 ἀποκτε-

272 5195 473 5248 νὸντων
503 5194 563 5247 τὸ
592 5194 771 5264 σῶμα,
796 5191 933 5245 ἀλλά
960 5192 1052 5245 τὸν
1082 5192 1240 5261 μόνον
1263 5182 1466 5261 Κύριον
1496 5190 1591 5244 καὶ
1614 5188 1746 5241 Θεὸν
1770 5188 1866 5241 καὶ

280 5287 528 5358 βασιλέα,
554 5286 694 5339 κατὰ
720 5286 782 5338 τὸ
811 5285 902 5338 ὑπ’
926 5284 1531 5355 αὑτοῢ“ὲντεταλμένον.
1563 5282 1866 5350 Μακάριος

278 5378 351 5443 εἶ,
378 5382 476 5434 καί
503 5381 695 5435 καλόν
718 5396 814 5433 σοι
840 5379 1036 5433 ἔσται*
1060 5378 1135 5442 ώς
1159 5378 1387 5451 εὐγενὴς
1408 5378 1496 5441 σὺ,
1524 5377 1746 5431 καὶτῶν
1770 5378 1865 5446 ἀφ’

278 5474 433 5546 ἡλίου
474 5472 778 5527 Ἀνατολῶν
827 5469 1233 5541 εὐγενέστερος.
1269 5470 1331 5523 Ei
1374 5470 1430 5524 δὲ
1469 5471 1551 5523 ὅτι
1596 5472 1710 5533 τοῖς
1746 5471 1860 5522 ἱστ-

281 5571 500 5638 ουργοῖς
529 5585 588 5621 σε
613 5565 1048 5637 συνηρίθμησαν,
1084 5565 1160 5629 ὡς
1196 5563 1478 5635 βασιλικὸν
1506 5563 1744 5634 οἰκέτην,
1786 5561 1862 5632 μὴ

1957 4839 2049 4877 sus
2101 4838 2155 4876 es
2202 4824 2393 4876 bonam
2454 4821 2832 4891 confessionem
2851 4822 2938 4873 '°:
2985 4822 3251 4891 plurimas
3281 4827 3546 4895 excepisti

1959 4917 2172 4987 plagas,
2228 4915 2438 4985 ejectus
2476 4930 2538 4969 es
2600 4914 2655 4968 in
2699 4916 2977 4979 exsilium,
3039 4916 3092 4969 in
3145 4927 3304 4971 terra:
3358 4920 3548 4974 nescio

1959 5025 2121 5080 quem
2177 5008 2436 5079 angulum
2468 5007 2888 5063 exterminatus.
2929 5006 3175 5062 lncidisti
3212 5024 3439 5064 rursum
3494 5011 3549 5065 in

1964 5110 2238 5156 tortorum
2273 5116 2492 5163 manus,
2522 5116 2624 5154 nec
2654 5100 2841 5153 animo
2872 5100 3167 5155 concidisti
3196 5120 3209 5156 :
3240 5102 3399 5156 Iidem
3438 5118 3547 5157 non

1966 5191 2174 5261 negasti
2212 5208 2224 5245 :
2257 5190 2433 5260 plagis
2477 5190 2677 5244 iterum
2736 5189 3042 5255 laceratus,
3088 5199 3266 5244 tamen
3310 5189 3548 5245 invictus

1964 5284 2247 5356 perstitisti
2268 5302 2281 5338 :
2303 5284 2438 5337 nihil
2455 5298 2550 5336 eos
2562 5282 2927 5338 extimescens
2940 5284 3033 5353 qui
3049 5283 3303 5337 occidunt
3325 5298 3549 5353 corpus,

1965 5381 2058 5434 sed
2114 5378 2406 5432 Dominum
2432 5376 2609 5432 solum
2655 5386 2711 5431 et
2745 5375 2911 5431 Deum
2949 5386 3003 5431 et
3038 5390 3240 5445 regem,
3285 5377 3551 5444 quemad-

1964 5471 2186 5525 modum
2215 5471 2329 5540 ipse
2349 5469 2607 5540 praacepit
2628 5468 2694 5523 ³¹.
2723 5467 2920 5522 Beatus
2936 5486 3012 5533 es,
3032 5478 3080 5522 et
3104 5468 3228 5522 bene
3254 5469 3351 5521 tibi
3379 5468 3549 5525 erit":

1964 5563 2165 5634 quippe
2190 5571 2245 5618 tu
2270 5562 2353 5617 vir
2382 5559 2604 5627 nobilis,
2626 5570 2681 5616 et
2716 5563 2886 5616 totius
2915 5561 3157 5615 Orientis
3181 5561 3542 5618 clarissimus.

359 5684 407 5717 "
446 5684 577 5741 Luc.
612 5701 732 5752 xm,
771 5684 862 5739 25.
928 5685 972 5717 ”
1020 5682 1220 5739 Ezecb.
1259 5698 1452 5749 xum,
1488 5682 1575 5737 l2.
1651 5682 1695 5714 ³ο
1732 5679 1849 5735 ιΤίι

1951 5681 2013 5735 ,h.
2046 5694 2119 5748 γι,
2155 5678 2243 5733 12.
2320 5678 2362 5711 ³¹
2406 5675 2597 5732 Matth.
2634 5693 2688 5743 χ,
2722 5676 2813 5733 28.
2888 5674 2936 5706 ⁸²
2974 5672 3121 5731 Psal.
3156 5688 3357 5742 cum,
3389 5675 3443 5730 2.

1803 5771 2037 5828 ΝΟΤᾹΞ.

1804 5802 2037 5828 ηυιω.

371 5874 449 5942 (l)
491 5871 567 5926 De
608 5871 861 5939 utrisque
900 5868 1142 5939 peccatis
1185 5802 1335 5942 illi's,
1369 5864 2067 5942 videsisul’oanitentialem
2116 5863 2317 5919 librum
2354 5860 2585 5919 Joannis
2615 5859 2978 5935 Jejunatoris,
3021 5864 3165 5935 apud
3198 5863 3357 5921 Joan.
3383 5864 3552 5921 Mori-

294 5937 440 6001 num'
467 5943 522 5998 in
552 5937 949 5999 Commentario
974 5941 1037 5997 de
1058 5939 1380 6010 paenitentia:
1408 5937 1711 6007 disciplina.
