4164 6466
622 394 754 459 1251
1815 398 1882 458 S.
1912 398 2309 458 THEODORI
2336 398 2690 461 STUDITIE

3762 399 3922 465 19.59.

616 513 774 581 Quod
804 526 935 567 vero
967 520 1020 565 te
1065 526 1173 566 una
1212 526 1336 565 cum
1379 510 1688 567 textoribus
1737 510 2195 578 adnumerarunt,

2302 514 2595 586 θαυμάσῃς
2627 530 2643 547 ο
2672 512 2897 568 τοιαῦτα
2930 513 3041 585 γὰρ
3064 514 3179 578 τοῖς
3210 510 3424 581 ἁγίοιςο
3464 512 3659 567 ἔπειτα
3690 514 3771 568 ὅτι
3813 517 3924 569 καὶ

619 616 879 675 tanquam
938 605 1081 673 regis
1139 605 1510 674 mancipium,
1554 605 1745 660 desine
1776 606 1969 659 mirari
2007 624 2020 660 :
2082 622 2211 660 nam

618 699 746 751 talia
808 698 1012 751 sanctis
1074 699 1445 766 contingunt:
1514 697 1708 751 deinde
1760 698 1843 750 vel
1876 698 2029 753 inviti
2082 711 2214 752 vere

618 789 973 839 ostenderunt
1001 788 1224 847 mundo,
1246 799 1295 840 te
1320 786 1586 840 [annulum
1618 802 1739 841 esse
1764 789 1909 856 regis
1934 790 2209 853 caelestis,

619 881 929 947 exemplum
982 880 1219 933 obeundi
1271 895 1368 948 pro
1418 880 1526 933 Deo
1588 879 1879 949 martyrii,
1912 881 2211 950 reprelien-

618 988 798 1024 soretn
861 973 1180 1039 impietatis.
1240 971 1427 1039 Itaque
1458 982 1540 1025 sta
1595 970 1725 1025 forti
1758 972 1965 1031 animo,
1999 969 2210 1025 Christi

618 1065 775 1117 miles
804 1082 817 1116 :
852 1078 970 1117 esto
997 1081 1057 1117 ex
1088 1064 1236 1117 omni
1268 1074 1421 1133 parte
1451 1075 1707 1118 strenuus
1740 1082 1753 1117 :
1788 1063 2000 1118 Laboro
2028 1081 2046 1118 :
2079 1080 2211 1129 opus

616 1154 704 1222 [ac
729 1155 1163 1223 evangelistw”;
1198 1154 1605 1209 confessionem
1654 1164 1803 1208 tuam
1837 1155 2002 1223 imple
2034 1196 2047 1208 .
2083 1169 2209 1209 cum

616 1246 787 1299 Deum
827 1248 1041 1301 occulte
1094 1248 1298 1300 habeas
1344 1246 1692 1315 adjutorem;
1738 1247 2025 1300 custodem
2079 1246 2206 1299 vita:

616 1349 720 1391 tua:
755 1340 1030 1407 angelum,
1070 1341 1161 1408 qui
1199 1350 1249 1393 te
1278 1350 1451 1394 totum
1475 1340 1875 1408 complectatur
1906 1354 1971 1393 ac
2000 1336 2207 1403 foveat,

614 1432 706 1501 qui
741 1434 805 1485 de
854 1443 905 1487 te
947 1433 1102 1486 valde
1138 1434 1377 1494 laetetur,
1414 1434 1509 1503 qui
1544 1448 1734 1501 preces
1767 1441 1893 1486 tuas
1927 1429 1995 1484 ad
2031 1432 2205 1484 Deum

614 1524 827 1577 deferat
863 1526 916 1578 in
954 1526 1183 1580 odorem
1236 1527 1546 1590 suavitatis,
1586 1526 1638 1578 in
1685 1526 1887 1595 quibus
1934 1532 1988 1579 et
2028 1523 2204 1579 nostri

614 1629 910 1681 memento,
964 1618 1059 1687 qui
1115 1620 1365 1688 quamvis
1424 1628 1743 1687 peccatores
1794 1618 2092 1688 plurimum
2149 1630 2203 1671 to

614 1725 884 1764 amamus.

1081 1820 1293 1876 XLVII.
1325 1854 1395 1864 —
1424 1821 1739 1891 Praeposito.

2320 605 2394 677 μὴ
2423 606 2759 677 βουλόμενοι.
2791 606 2866 670 ὡς
2895 605 3113 676 ἀληθῶς
3143 604 3431 670 ὑπέδειξαν
3452 606 3531 676 τῷ
3556 606 3751 676 κόσμῳ
3784 606 3927 659 δοῦ-

2315 697 2406 749 λόν
2452 715 2511 750 σε
2550 694 2688 751 εἶναι
2735 697 2829 750 τοῦ
2874 697 3138 767 βασιλέως
3178 698 3288 750 τῶν
3320 698 3584 770 οὐρανῶν,
3635 698 3925 771 ἔνδειγμα

2320 789 2622 859 μαρτυρίας
2656 789 2816 851 Θεοῦ,
2849 789 3071 859 ἔλεγχον
3100 789 3378 853 ἀσεῦείας.
3416 790 3581 859 Στῆθι
3623 791 3739 855 οῦν,
3769 809 3923 859 γεν-

2315 881 2432 931 ναῖε
2462 880 2768 947 στρατιῶτα
2818 880 3053 950 Χριστοῦ
3081 897 3095 912 ο
3131 880 3451 951 ἀρίστευσον
3496 882 3751 946 τελείως·
3799 887 3927 937 Ka-

2314 974 2667 1036 κοπαθησον
2722 974 2901 1041 ἔργον
2955 975 3219 1041 ποίησον
3273 974 3739 1042 εὐαγγελιστοῦο
3802 977 3924 1037 τὴν

2313 1060 2606 1129 ὁμολογίαν
2638 1080 2731 1114 σου
2775 1062 3226 1135 πληροφόρησονο
3282 1064 3422 1133 ἔχων
3472 1064 3719 1134 ἀοράτως
3763 1064 3921 1119 Θεὸν

2316 1152 2608 1223 ἐπίκουρον
2630 1194 2645 1219 ,
2682 1154 2775 1207 τὸν
2822 1155 3039 1224 φύλακα
3072 1156 3171 1225 τῆς
3201 1155 3351 1226 ζωῆς
3397 1173 3492 1209 σου
3535 1155 3768 1224 ἄγγελον
3800 1175 3923 1210 κυο

2313 1243 2548 1297 κλοῦντά
2574 1262 2655 1310 σε,
2696 1248 3029 1316 περιέποντά
3060 1265 3143 1311 σε,
3173 1249 3435 1319 χαίροντα
3482 1248 3623 1307 λίαν.
3666 1249 3764 1305 καὶ
3800 1251 3920 1314 τὰς

2312 1337 2623 1408 προσευχάς
2654 1356 2747 1392 σου
2777 1341 3116 1411 ἀναφέροντα
3169 1343 3251 1405 είς
3294 1341 3429 1395 Θεδν
3471 1345 3554 1406 είς
3587 1341 3764 1413 ὀσμὴν
3807 1342 3921 1393 εὐ.

2310 1429 2505 1491 ωδίας·
2552 1432 2611 1483 ἐν
2642 1426 2731 1495 αἷς
2762 1434 3009 1503 μέμνησο
3058 1432 3154 1489 καὶ
3196 1434 3355 1505 ἡμῶν
3389 1435 3499 1489 τῶν
3548 1432 3918 1507 ἁμαρτωλῶν

2312 1523 2436 1592 μὲν.
2469 1524 2783 1579 ποθούντων
2807 1526 2865 1579 δέ
2899 1544 2959 1580 σε
2988 1527 3129 1581 λίαν.

2768 1812 2901 1867 ΜΖ’.
2931 1842 3002 1854 -
3032 1812 3394 1887 Ἦγουμένῳ.
3416 1815 3613 1892 [τμη’.]

1863 1938 2124 1989 Conﬁrmat
2147 1928 2328 1985 Christi
2350 1926 2703 1979 confessorem.

683 2048 765 2103 Ex
796 2062 906 2116 quo
937 2056 989 2101 te
1017 2047 1261 2101 intellexi
1287 2047 1607 2101 damnatum
1640 2044 2016 2116 injudicio,et
2039 2042 2197 2098 Chri-
2230 2050 2273 2103 Β

610 2142 679 2197 8ιί
734 2156 897 2194 causa
936 2153 1161 2200 cmsum,
1208 2155 1239 2190 ο
1281 2137 1684 2201 amantissime,
1738 2136 1970 2205 gaudeo,
2010 2144 2064 2188 et
2100 2131 2197 2186 tibi

611 2234 877 2303 gratulor.
912 2230 1024 2284 Hoc
1065 2234 1208 2285 enim
1240 2232 1499 2300 gaudium
1537 2239 1590 2284 ct
1622 2230 1915 2285 exsultatio
1951 2238 2052 2290 est,
2090 2242 2197 2280 non

606 2324 763 2393 juxta
794 2324 978 2377 mundi
1008 2324 1248 2375 laetitiam
1290 2341 1301 2375 :
1350 2323 1465 2377 haec
1502 2323 1646 2376 enim
1677 2321 1972 2375 illaetabilis
2015 2336 2029 2373 :
2078 2335 2198 2387 qua:

609 2434 737 2472 eum
772 2434 889 2470 esse
930 2417 1114 2470 laetitia
1142 2416 1408 2477 videatur,
1453 2430 1561 2468 non
1593 2425 1677 2469 est
1712 2416 1911 2483 reipsa,
1945 2414 2194 2483 quando-

609 2510 832 2579 quidem
859 2508 1057 2562 labitur
1084 2510 1170 2560 illa
1208 2521 1306 2559 nec
1333 2517 1482 2561 stare
1511 2515 1707 2574 potest,
1738 2505 2041 2573 eademque
2066 2520 2192 2558 cum

610 2600 836 2663 desinit,
869 2608 1101 2652 tuortem
1133 2608 1391 2667 operatur
1421 2615 1433 2650 :
1467 2597 1561 2651 sed
1593 2612 1713 2650 eam
1753 2596 1900 2660 dico,
1932 2612 2053 2665 quae
2080 2596 2195 2649 sola

610 2693 913 2749 secundum
967 2690 1135 2745 Deum
1195 2700 1326 2745 est:
1397 2691 1509 2760 ipsa
1566 2691 1712 2745 enim
1762 2689 1985 2744 unicum
2024 2688 2194 2742 animi

611 2786 1073 2839 oblectamentum
1122 2793 1224 2845 est,
1255 2792 1310 2837 et
1346 2792 1614 2852 perpetuo
1642 2781 1747 2836 sibi
1780 2790 2061 2844 constans,
2100 2794 2195 2831 cu-

606 2876 700 2949 jus
730 2878 853 2931 linis
881 2878 989 2929 vita
1024 2876 1376 2943 sempiterna.
1425 2874 1794 2940 Quamobrem
1828 2872 1951 2941 jure
1983 2870 2193 2941 gaudeo

610 2980 665 3024 et
690 2969 933 3037 gratulor
959 2967 1075 3032 tibi,
1131 2965 1293 3020 Pater
1338 2964 1821 3021 rever-endissime.
1854 2962 1987 3017 Nam
2021 2962 2190 3031 quod,

612 3070 670 3113 ut
699 3062 872 3119 aiunt,
908 3069 1149 3120 centum,
1188 3059 1328 3111 nivis
1376 3059 1507 3117 ritu,
1540 3058 1791 3124 impactaa
1830 3065 1959 3109 sunt
1998 3055 2189 3123 plagie,

609 3152 811 3221 quibus
835 3149 1051 3202 concisa
1087 3148 1229 3201 cutis
1255 3165 1269 3211 ;
1300 3146 1415 3201 haec
1447 3162 1577 3199 vero
1618 3160 1758 3198 nova
1796 3145 1980 3211 gaudii
2011 3160 2194 3197 acces-

610 3243 691 3296 sio
716 3240 1000 3294 est.-lstud
1027 3239 1244 3307 quidem
1292 3251 1397 3290 non
1425 3236 1543 3289 sine
1564 3235 1749 3303 aliquo
1786 3234 1993 3288 doloris
2028 3250 2191 3287 sensu

608 3334 736 3388 licet
789 3332 985 3385 absens
1015 3330 1221 3398 accepi.
1260 3327 1362 3381 Sed
1415 3326 1526 3379 Deo
1562 3335 1743 3379 tamen
1788 3324 1981 3395 gloria,
2016 3324 2107 3391 qui
2144 3332 2194 3376 te

2384 2034 2603 2104 Ἐπειδὴ
2627 2032 2828 2103 ἔμαθον
2863 2030 3238 2102 εἰσαγώγιμον
3272 2049 3330 2086 σε
3368 2031 3644 2100 γενέσθαι,
3677 2032 3776 2087 καὶ
3804 2051 3915 2088 τε·

2299 2125 2503 2193 τῦφθαι
2534 2123 2673 2192 ὑπὲρ
2703 2121 2967 2191 Χριστοῦ,
3000 2115 3045 2173 ὧ
3076 2120 3395 2192 τριπόθητε,
3429 2122 3605 2192 χαίρω
3635 2122 3730 2176 καὶ
3761 2140 3914 2191 συγ-

2299 2217 2477 2288 χαίρω
2502 2232 2605 2267 σοι.
2631 2212 2803 2266 Τοῦτο
2830 2213 2939 2284 γὰρ
2969 2216 3111 2284 χαρὰ
3141 2215 3238 2267 καὶ
3270 2214 3589 2283 ἀγαλλίασις
3612 2232 3625 2245 ·
3656 2216 3717 2269 οὐ
3748 2219 3912 2272 κατὰ

2297 2310 2396 2380 τὴν
2446 2307 2541 2373 τρῦ
2588 2306 2796 2376 κόσμου
2849 2303 3024 2376 χαρὰν
3056 2306 3304 2377 (ἀκαρὴς
3349 2306 3459 2378 γὰρ
3502 2307 3619 2375 ἥδε,
3660 2307 3915 2361 δοκοῦσα

2305 2400 2428 2470 μὲν,
2462 2400 2565 2452 οὐκ
2591 2394 2725 2451 οὖσα
2753 2396 2830 2461 δὲ,
2865 2396 3096 2467 ἐπείπερ
3145 2397 3343 2467 ῥέουσα
3378 2398 3477 2467 οὐχ
3518 2399 3758 2456 ἵσταται.
3796 2400 3914 2453 καὶ

2296 2492 2604 2545 τελευτῶσα
2636 2490 2865 2544 θάνατον
2918 2488 3381 2559 κατεργάζεται),
3419 2490 3554 2543 ἀλλὰ
3588 2492 3684 2560 τὴν
3744 2492 3907 2544 κατὰ

2299 2584 2434 2635 Θεὸν
2460 2599 2473 2611 ’
2508 2582 2647 2651 αῦτη
2686 2582 2797 2653 γὰρ
2845 2580 2941 2634 καὶ
2991 2581 3127 2651 μόνη
3180 2579 3340 2650 [Reg
3378 2581 3499 2635 cod.
3540 2580 3721 2653 μόνον]
3755 2581 3912 2649 θυμ-

2298 2673 2447 2743 ηδία,
2486 2676 2579 2725 καὶ
2609 2673 2871 2734 ὡσαύτως
2898 2671 3116 2741 ἔχουσα,
3150 2666 3219 2743 ἦς
3242 2672 3303 2724 τὸ
3333 2671 3485 2735 τέλος
3515 2672 3628 2742 ζωὴ
3654 2672 3907 2737 αἰώνιος.

2296 2766 2535 2827 Εἰκότως
2568 2761 2660 2818 οῦν
2694 2766 2849 2836 γήθω
2908 2766 3003 2818 καὶ
3037 2763 3298 2834 συγγήθω
3335 2782 3439 2828 σοι,
3473 2765 3655 2836 Πάτερ
3696 2765 3909 2835 τιμιώ-

2294 2876 2442 2912 τατε.
2463 2856 2719 2919 Ἀλλ“ὃτι,
2736 2855 2810 2919 ὥς
2828 2873 2981 2924 φασι,
3006 2856 3440 2910 ἑκατοστεύουσα
3462 2858 3496 2927 ἡ
3518 2858 3699 2926 νιφὰς,
3720 2857 3907 2927 καίγῑ

2296 2948 2665 3019 βαρύδαρτος⁶
2692 2946 2767 2999 ἴδε
2795 2946 2861 3018 μ’.
2886 2946 3007 3020 ἥδε]
3028 2947 3188 3000 πάλιν
3214 2947 3468 3011 ἐπίτασις
3501 2952 3599 3017 τῆς
3626 2949 3908 3019 εὐφροσὺ-

2296 3056 2415 3107 νης.
2451 3040 2565 3089 ι)οκ
2593 3036 2817 3098 ἀπαθῶς
2848 3038 3059 3109 ἤνεγκα
3090 3039 3188 3109 τὴν
3216 3038 3385 3107 ἀκοὴν
3417 3041 3511 3091 καὶ
3534 3038 3709 3094 ἀπών.
3750 3041 3902 3093 Ἀλλ’

2295 3129 2444 3197 ὅμως
2468 3128 2593 3191 δόξα
2618 3128 2694 3198 τῷ
2716 3128 3001 3194 δοξάσαντί
3033 3147 3090 3183 σε
3118 3129 3259 3200 Θεῷ.
3305 3131 3428 3183 Ἐπὶ
3454 3130 3624 3183 νώτου
3652 3149 3709 3184 τε
3735 3150 3903 3185 κτανο

2295 3220 2454 3291 θῆναι
2482 3218 2590 3272 ὑπὸ
2613 3219 2724 3272 τῶν
2754 3220 2988 3287 ἀσεὸῶν,
3020 3222 3288 3275 ἄσϐεστόν
3319 3238 3413 3276 σου
3441 3222 3503 3275 τὸ
3536 3223 3712 3287 κλέος,
3744 3225 3899 3287 ἱερόν

2296 3330 2391 3365 σου
2418 3314 2478 3365 τὸ
2517 3312 2709 3376 πάθος,
2742 3314 3023 3382 στήριγμα
3051 3314 3158 3367 τῶν
3189 3316 3718 3386 συνομολογούντων,
3747 3333 3895 3385 προ-

609 3423 955 3495 glot'ilicavit.
990 3420 1121 3473 Nam
1154 3420 1298 3489 quod
1342 3418 1609 3472 immania
1656 3417 1881 3470 vulnera
1933 3413 2099 3467 dorso
2129 3413 2198 3467 ab

2305 3404 2479 3475 θυμία
2506 3404 2616 3458 τῶν
2640 3403 3088 3476 ὀρθοδοξούντων,
3125 3406 3414 3477 διάρρηξις
3444 3408 3554 3461 τῶν
3584 3409 3896 3478 αίρετιζόν-

609 3518 793 3586 impiis
819 3516 1101 3584 excepisti,
1134 3514 1253 3566 laus
1302 3522 1391 3564 tua
1421 3510 1750 3563 immortalis
1786 3520 1889 3573 est,
1915 3506 2198 3577 perpessio

608 3619 822 3675 sancta,
872 3608 1276 3662 ﬁrmamentum
1329 3618 1519 3655 eorum
1551 3601 1645 3669 qui
1689 3601 1894 3669 pariter
1925 3598 2196 3653 conﬁten-

609 3717 721 3771 tur,
788 3704 1041 3757 alacritas
1076 3700 1529 3760 orthodoxorum,
1579 3696 1964 3749 hmreticorum
1999 3692 2193 3746 fremi-

612 3808 722 3861 tus,
756 3796 1041 3851 mdilieatio
1074 3793 1332 3848 Ecclesiae
1364 3791 1477 3847 Dei.
1522 3788 1751 3859 Lapides
1788 3788 1960 3841 sancti
1984 3787 2196 3840 volvun-

612 3902 700 3944 tur
720 3906 875 3958 super
912 3902 1105 3941 terram
1128 3886 1189 3951 “,
1224 3885 1373 3937 utait
1398 3882 1662 3952 propheta
1686 3922 1701 3939 .
1728 3879 2002 3945 Quorsum
2030 3876 2197 3931 istud?

610 3982 677 4035 ad
712 3981 1136 4050 aequabilitatem
1157 3976 1396 4046 pietatis,
1435 3976 1499 4029 ad
1531 3973 1791 4028 Ecclesize
1821 3981 2188 4028 structuram.

609 4072 731 4143 Ipse
764 4074 927 4141 igitur
953 4086 1095 4125 unus
1122 4070 1368 4123 omnium
1402 4083 1431 4120 a
1473 4066 1682 4134 Spiritu
1707 4074 1920 4129 sancto,
1948 4062 2196 4131 angnlari

613 4168 776 4233 lapidi
811 4176 1096 4233 coaptatus
1119 4180 1177 4217 es
1203 4171 1258 4217 et
1289 4168 1726 4231 coagmentatus.
1772 4158 1875 4211 Sed
1908 4166 1962 4212 et
1995 4155 2194 4218 nostri,

612 4262 704 4329 qui
735 4271 1049 4328 peccatores
1085 4272 1300 4318 sumus,
1331 4261 1629 4314 memento,
1674 4268 1706 4304 o
1734 4250 2101 4311 sanctissime,
2141 4248 2195 4301 in

612 4352 957 4405 orationibus
989 4367 1001 4401 :
1033 4364 1098 4401 ne
1130 4364 1159 4401 a
1192 4357 1465 4401 structura
1494 4344 1840 4406 exeidamus,
1871 4341 1965 4396 sed
1994 4339 2195 4394 alicubi

609 4445 697 4499 vel
749 4454 1008 4512 tanquam
1055 4444 1187 4495 silex
1242 4440 1609 4498 inveniamur,
1642 4437 1819 4505 gratia
1851 4450 1917 4491 ac
1946 4434 2197 4503 benigni-

615 4547 722 4591 tate
752 4538 939 4606 optimi
993 4536 1081 4589 Dei
1115 4534 1308 4588 nostri.

611 4627 914 4683 XLVIII.-—-
952 4626 1252 4680 Theodorus
1314 4626 1564 4694 dispersis
1608 4622 1799 4692 ubique
1853 4618 2196 4674 Fraternita-

678 4721 815 4773 tibus
857 4736 975 4772 cum
1029 4720 1096 4773 iis
1150 4721 1238 4788 qui
1271 4721 1324 4773 in
1358 4718 1681 4787 confessione
1725 4713 1933 4769 Christi
1965 4720 2191 4777 certant,

677 4810 926 4863 salutem.

2296 3514 2427 3557 των.
2456 3498 2710 3569 οἰκοδομὴ
2738 3499 2837 3569 τῆς
2866 3497 2961 3553 τοῦ
2988 3498 3125 3551 Θεοῦ
3156 3500 3506 3571 Ἐκκλησίας.
3535 3502 3702 3555 Λίθοι
3739 3502 3899 3572 ἅγιοι

2298 3588 2613 3641 κυλίονται
2658 3589 2757 3641 ἐπὶ
2801 3588 2913 3657 τῆς
2943 3586 3074 3659 γῆς,
3109 3589 3182 3651 ῶς
3212 3606 3377 3659 φησιν
3418 3591 3447 3642 ὁ
3477 3592 3789 3659 προφήτης.
3824 3592 3895 3644 Τί

2295 3678 2497 3745 τοῦτος
2550 3680 2629 3741 είς
2666 3679 2973 3750 ὁμαλισμὸν
3008 3680 3312 3742 εὐσεϐείας.
3347 3681 3427 3741 είς
3461 3680 3754 3751 ἐνδόμησιν
3793 3682 3897 3751 τῆς

2306 3773 2660 3844 Ἐκκλησίας.
2690 3774 2811 3827 Τῶν
2836 3775 3093 3828 ἁπάντων
3116 3770 3208 3828 οῦν
3241 3769 3321 3837 εἷς
3348 3775 3442 3827 καὶ
3470 3774 3632 3837 αὐτὸς
3664 3773 3770 3826 ὑπὸ
3795 3773 3894 3827 τοῦ

2296 3866 2455 3935 ἁγίου
2492 3867 2817 3937 Πνεύματος
2844 3868 2922 3936 τῷ
2955 3868 3341 3939 ἀκρογωνιαίῳ
3385 3867 3516 3937 λίθῳ
3551 3865 3893 3938 συναρμολο-

2296 3959 2564 4028 γούμενος
2611 3958 2705 4013 καὶ
2751 3958 3244 4029 συμδιὸαζὸμενος.
3285 3958 3449 4012 Ἀλλὰ
3502 3958 3751 4029 μέμνησο
3797 3957 3896 4010 καὶ

2298 4048 2455 4117 ἡμῶν
2505 4048 2613 4101 τῶν
2647 4047 3011 4118 ἁμαρτωλῶν,
3044 4049 3337 4115 ἁγιώτατε,
3391 4050 3448 4101 ὲν
3490 4049 3611 4109 ταῖς
3655 4062 3896 4114 προσευο

2296 4143 2440 4211 χαῖς,
2494 4141 2569 4212 μὴ
2615 4142 2917 4195 ἀποπεσεῖν
2959 4140 3061 4209 τῆς
3102 4140 3463 4211 ὲνδομὴσεως,
3497 4137 3613 4193 ἀλλ’
3647 4130 3750 4191 ὧδέ
3782 4153 3887 4190 που

2296 4232 2399 4286 κᾶν
2425 4232 2501 4296 ὼς
2524 4233 2681 4304 χάλιξ
2710 4233 3026 4305 εὑρεθῆναι,
3046 4233 3231 4304 χάριτι
3254 4233 3349 4286 καὶ
3378 4228 3764 4304 φιλανθρωπία
3790 4227 3888 4284 τοῦ

2294 4324 2504 4395 ἀγαθοῦ
2529 4325 2665 4380 Θεοῦ
2695 4329 2729 4398 ἠ
2739 4326 2879 4398 μῶν.

2295 4605 2438 4663 MH’.
2471 4638 2537 4650 -—
2565 4606 2867 4675 Θεόδωρος
2904 4607 3033 4671 ταῖς
3061 4603 3375 4673 πανταχοῦ
3420 4600 3889 4671 διεσπαρμέναις

2372 4702 2742 4771 ἀδελφότησι
2764 4698 2889 4753 σὺν
2916 4698 3042 4763 τοῖς
3074 4695 3445 4751 ἐναθλοῦσιν
3470 4696 3543 4750 ἐν
3564 4692 3640 4764 τῇ
3666 4695 3885 4764 ὁμολο-

2227 4765 2273 4821 D
2374 4795 2475 4864 γιᾳ
2507 4765 2787 4861 Χριστοῦ,
2819 4790 3069 4860 χαίρειν.
3103 4788 3284 4862 [rvat]

1482 4903 1559 4953 Ad
1584 4902 1891 4965 patientiam,
1914 4900 2098 4951 Christi
2128 4915 2367 4964 amorem,
2396 4908 2452 4953 et
2472 4899 2899 4966 perseverantiam
2930 4901 3141 4950 excitat.

684 5008 859 5065 Omne
906 5012 1163 5081 gaudium
1208 5012 1523 5066 existimare
1584 5011 1817 5075 debetis,
1867 5008 2086 5077 fratres,
2140 5012 2195 5065 in

615 5106 867 5175 praesenti
949 5106 1298 5159 tribulatione
1364 5123 1377 5159 :
1457 5105 1903 5175 quandoquidem
1974 5116 2198 5175 propter

612 5197 890 5253 Christum
941 5207 995 5252 et
1054 5199 1361 5266 persecutio
1410 5210 1494 5253 est
1528 5214 1718 5253 eorum
1752 5200 1847 5268 qui
1901 5213 2191 5265 vexantur,

613 5299 668 5344 et
698 5305 889 5345 eorum
943 5308 1130 5345 carcer
1166 5293 1257 5360 qui
1300 5292 1613 5346 detinentur
1648 5310 1660 5344 :
1710 5292 1871 5360 adjici
1907 5303 2105 5362 potest,
2142 5302 2197 5349 et

613 5399 803 5437 eorum
839 5384 1063 5438 verbera
1116 5385 1209 5453 qui
1237 5386 1540 5438 caeduntur.
1600 5383 1719 5438 Non
1772 5385 1934 5453 igitur
1965 5388 2196 5441 cessabo

614 5482 667 5525 et
701 5487 891 5527 omnes
935 5473 1267 5541 conjunctim
1296 5483 1349 5527 et
1394 5475 1626 5528 seorsim
1661 5476 1910 5544 singulos
1940 5477 2186 5545 compel—

615 5564 751 5628 lare,
784 5566 1010 5630 hortari,
1050 5582 1441 5621 commonere:
1502 5570 1753 5637 quamvis
1794 5584 1899 5622 non
1947 5570 2050 5622 sim
2086 5585 2189 5623 ne-

618 5661 764 5711 scius
825 5674 947 5713 esse
1001 5674 1097 5713 vos
1150 5660 1205 5713 in
1262 5660 1365 5713 tide
1415 5661 1663 5721 stabiles,
1712 5671 1764 5715 et
1800 5663 1999 5716 habere
2045 5662 2191 5715 domi

617 5751 1052 5808 adhortationem
1076 5769 1140 5809 ac
1164 5754 1576 5809 documentum.
1618 5754 1723 5807 Sed
1767 5766 1945 5809 tamen
1979 5755 2195 5810 debitor

687 5862 730 5894 ³³
770 5861 811 5916 Il
845 5862 1080 5921 Timotb.
1119 5882 1190 5935 tv,
1226 5865 1277 5922 5.
1380 5867 1422 5899 ³³
1462 5866 1626 5922 Zach.
1666 5883 1738 5934 is,
1777 5864 1840 5922 16
1881 5882 1996 5925 sec.
2028 5865 2191 5921 LXX.

2366 5013 2558 5067 Πᾶσαν
2588 5012 2763 5083 χαρὰν
2797 5010 3053 5081 ἡγητέον,
3081 5007 3302 5079 ἀδελφοί
3338 5026 3463 5079 μου,
3499 5008 3557 5060 ἐν
3594 5009 3711 5071 τοῖς
3744 5025 3888 5079 παρ-

2293 5104 2415 5160 οῦσι
2447 5104 2740 5176 θλιὸεροῖς.
2794 5102 3059 5173 Ἐπείπερ
3087 5103 3175 5155 διὰ
3196 5102 3432 5172 Χριστὸν
3467 5100 3559 5153 καὶ
3588 5101 3617 5152 ὁ
3647 5101 3887 5172 διωγμὸς

2295 5198 2403 5250 τῶν
2430 5197 2800 5268 διωκομένων,
2826 5197 2919 5249 καὶ
2946 5198 3000 5248 αἱ
3032 5195 3271 5262 φυλακαὶ
3302 5192 3411 5246 τῶν
3439 5191 3879 5262 καθειργμένων·

2295 5290 2591 5361 προσθείην
2621 5290 2666 5344 δ’
2695 5289 2779 5352 ἂν.
2813 5290 2908 5343 καὶ
2938 5291 2993 5342 αί
3040 5289 3307 5360 μάστιγες
3356 5287 3464 5343 τῶν
3516 5287 3885 5358 μαστιγουμέ-

2294 5403 2423 5438 νων.
2456 5385 2572 5457 Οὺκ
2596 5381 2977 5451 ἀποπαύσοιμι
3002 5380 3290 5452 τοιγαροῦν
3320 5380 3416 5432 καὶ
3450 5383 3603 5450 κοινῇ
3635 5382 3770 5433 πᾶσι
3794 5382 3885 5432 καὶ

2293 5478 2401 5547 ἰδίᾳ
2458 5477 2673 5547 ἑκάστῳ
2722 5477 3087 5547 προσφωνεῖν,
3144 5474 3505 5544 παρακαλεῖν,
3567 5474 3882 5544 ὑπομιμνή-

2293 5586 2477 5623 σκειν·
2511 5568 2719 5636 καίπερ
2762 5566 2921 5630 εἰδὼς
2960 5566 3392 5637 ἐστηριγμένους
3431 5567 3577 5636 ὑμᾶς
3611 5568 3668 5618 ἑν
3696 5569 3761 5637 τῆ
3794 5566 3880 5617 πί-

2294 5678 2429 5723 στει,
2464 5663 2559 5715 κα)⁵
2586 5660 2798 5713 οἴκοθεν
2830 5660 3055 5729 ἔχοντας
3090 5658 3150 5711 τὸ
3179 5658 3593 5730 παρακλητικὸν
3630 5660 3726 5711 καὶ
3754 5675 3869 5709 νου-

2295 5752 2598 5825 θετητικόν.
2640 5752 2779 5807 Ἀλλ’
2806 5753 2955 5823 ὅμως
2987 5750 3271 5821 ὀφειλέτης
3313 5750 3430 5821 εἰμὶ
3479 5753 3506 5804 ὁ
3554 5748 3875 5822 ἁμαρτωλὸς
