4164 6494
203 406 373 472 1253

1430 428 1973 493 EPISTOLARUM
2010 434 2159 494 LIB-
2232 435 2317 497 II.

3378 442 3511 507 1254

194 517 314 569 καὶ
338 517 407 570 τὸ
436 519 565 588 παρ’
596 521 839 590 ἐμαυτοῦ
869 524 1220 595 προστιθέναι
1254 525 1413 601 [Reg.
1440 533 1565 590 cod.
1592 552 1802 606 προστι-

1918 552 2065 605 sum,
2096 541 2199 595 etsi
2235 550 2508 611 peccator,
2533 552 2594 598 ut
2619 552 2675 600 et
2707 545 2915 616 aliquid
2948 546 3017 602 de
3056 563 3187 603 meo.
3205 549 3513 616 conferam,

195 604 389 676 Oeiv],
416 606 595 670 ἄλλως
626 626 687 662 τε
722 613 818 664 καὶ
845 612 941 666 τοῦ
970 615 1137 669 πόθου
1178 618 1595 692 ἐκϐιαζομένου.
1640 604 1826 692 ήΖηλῶ

191 695 333 762 γὰρ
368 695 528 763 ὑμᾶς
551 697 711 767 ζήλῳ
740 703 887 756 Θεοῦ
909 718 923 733 °
954 705 1438 781 ἐγκαλλωπίζομαι
1464 715 1492 767 6
1515 715 1825 769 ἀκαλλώπι-

197 802 351 851 στος
405 792 528 852 ταῖς
566 792 989 863 ὀμολογητικαῖς
1034 798 1189 868 ὑμῶν
1236 801 1481 872 ἀρεταῖς.
1532 806 1691 877 Χαρά
1730 826 1819 877 μοι

196 882 313 932 καὶ
382 882 645 950 στέφανος
706 886 887 956 ὑμεῖς,
939 888 1172 961 ἔρεισμα
1228 895 1322 946 καὶ
1370 897 1820 966 ἀκαταγώνιστον

196 974 579 1043 κραταίωμα.
636 978 748 1031 Ναὶ
789 981 981 1052 ἐρωτῶ
1015 985 1106 1036 καὶ
1136 988 1444 1057 παρακαλῶ
1486 991 1818 1058 ἁσαλεύτους

196 1065 501 1133 διαμένειν
545 1069 795 1136 ἅπαντας
835 1076 895 1127 ὲν
932 1077 1080 1149 πάσῃ
1112 1079 1349 1151 εὐθυμία
1388 1085 1482 1136 καὶ
1513 1085 1815 1158 προθυμίᾳ.

196 1155 510 1225 Πάντοτε,
546 1165 710 1232 φησὶν
740 1166 768 1217 6
792 1164 935 1230 θεῖος
964 1168 1307 1237 Ἀπόστολος,
1335 1175 1571 1242 χαίρετε
1590 1191 1605 1206 ο
1648 1177 1815 1231 data-

199 1250 483 1319 ,ιείπτως
533 1258 950 1327 προσεύχεσθε
978 1276 991 1288 ·
1038 1261 1110 1314 ἐν
1152 1264 1335 1318 παντὶ
1379 1268 1810 1336 εὐχαριστεῖτε.

200 1346 331 1397 Καὶ
358 1344 418 1396 οὐ
443 1347 587 1415 χαρὰ
610 1346 783 1401 ταῦτα
818 1352 911 1404 καὶ
941 1353 1289 1422 ἀγαλλίασις
1321 1358 1404 1411 ὅτι
1438 1360 1624 1432 Εἴπερ
1654 1376 1810 1430 συμ-

200 1436 562 1506 πάσχομεν,
594 1442 689 1494 καὶ
729 1443 1356 1517 συνδοξασθησόμεθα
1379 1467 1392 1479 ο
1417 1454 1470 1505 εὶ
1501 1453 1810 1508 ἀποθάνω-

193 1546 353 1596 μεν,
387 1530 486 1583 καὶ
526 1532 904 1604 συζήσομεν·
952 1540 1005 1592 εἰ
1050 1542 1489 1611 ὑπομείνωμεν,
1523 1548 1623 1600 καὶ
1653 1565 1809 1617 συμ-

201 1623 689 1689 ϐασιλεύσομεν,
722 1627 798 1691 ὡς
826 1630 1161 1700 γέγραπται.
1198 1633 1443 1707 Ἠλεκηή
1480 1639 1804 1708 ἐπαγγελία,

199 1712 497 1783 ἀγαπητοί
525 1716 537 1769 !
575 1717 636 1769 Ei
666 1718 776 1789 γὰρ
802 1722 882 1783 εἰς
912 1722 1023 1792 πῦρ
1049 1724 1437 1796 ἐμὸληθῶμεν,
1466 1731 1723 1801 οἵσωμενο
1757 1735 1807 1786 εἰ

200 1806 312 1857 καὶ
338 1805 533 1877 θηρσὶν
558 1810 887 1881 ὲκδοθῶμεν,
913 1815 1246 1887 ὲνέγκωμεν.
1267 1820 1424 1873 Οὖτις)
1444 1823 1551 1892 γὰρ
1572 1824 1805 1893 ἤνεγκαν

200 1901 257 1950 οἱ
324 1899 422 1952 ἀπ’
457 1902 654 1966 αἰῶνος
690 1905 1139 1976 ἀθλοφοροῦντες,
1168 1912 1359 1982 ἄνδρες
1395 1931 1457 1967 τε
1488 1918 1581 1969 καὶ
1616 1923 1804 1985 γυναῖ-

203 2007 335 2056 κες,
356 1991 425 2045 τά
450 1994 658 2048 ἐκεῖθεν
686 1998 1106 2067 προδλέποντες,
1131 2006 1225 2056 καὶ
1252 2005 1311 2057 τὸ
1340 2007 1514 2077 παρὸν
1543 2004 1803 2082 ὀδυνηρὸν

200 2085 337 2146 ταῖς
380 2084 564 2139 ἐλπίσι
602 2089 975 2159 κουφίζοντες,
1010 2094 1106 2147 καὶ
1146 2097 1361 2168 τρυφὴν
1406 2100 1702 2171 ἡγούμενοι
1733 2104 1803 2158 τὰ

203 2174 495 2239 ἐπώδυνα,
531 2179 627 2231 καὶ
671 2181 770 2250 τὴν
802 2183 1127 2258 προσθήκην
1158 2187 1268 2242 τῶν
1299 2191 1645 2263 παθημάτων
1678 2197 1802 2248 ἐπι-

204 2265 543 2336 θυμοῦντες,
575 2272 675 2325 οὐκ
718 2274 1179 2345 ἀποστυγοῦντες,
1219 2279 1409 2353 ὥσπερ
1440 2285 1489 2336 οἱ
1521 2286 1589 2338 τὰ
1631 2286 1802 2341 πλείω

201 2362 474 2429 χρήματα
502 2364 608 2417 τῶν
636 2368 970 2438 συνεταίρων
992 2370 1335 2440 ἁρπάζοντες
1354 2390 1368 2405 ·
1399 2376 1475 2440 ὠς
1505 2378 1619 2432 ἴστε
1644 2381 1803 2451 ὑμεῖς

202 2451 304 2519 ἀφ’
343 2454 552 2509 ἑαυτῶν
600 2460 931 2529 γευσάμενοι
981 2463 1085 2534 τῆς
1133 2465 1406 2522 ἀθανάτου
1442 2470 1798 2544 γλυκύτητος.

202 2536 280 2593 'o
309 2545 485 2615 κόσμε
513 2547 713 2603 πλάνεῙ
739 2552 819 2605 ὅτι
859 2556 1056 2625 πικρόν
1091 2574 1184 2610 σου
1226 2560 1287 2613 τὸ
1324 2536 1517 2616 δοκοῦν
1545 2536 1680 2633 ἡδὺ,
1707 2568 1801 2620 καὶ

205 2636 541 2707 θανάσιμον,
566 2644 709 2696 κατὰ
733 2648 914 2699 πᾶσαν
944 2650 1137 2721 ἡδονὴν
1164 2655 1258 2707 κα)⁸
1283 2660 1662 2730 περιχάρειαν.
1690 2663 1800 2715 Καὶ

203 2723 251 2781 ὦ
280 2730 413 2785 πόθε
443 2734 703 2804 Χριστοῦ,
738 2739 823 2792 ὅτι
855 2742 937 2794 σοὶ
1040 2745 1280 2813 εὐλογία,
1314 2723 1680 2824 καὶηή-χαρὰ,
1708 2758 1799 2809 καὶ

204 2825 239 2891 ὴ
261 2822 597 2897 δεσποσύνη,
634 2831 729 2883 καὶ
765 2833 859 2885 ἐπὶ
895 2837 1021 2900 τοὺς
1045 2842 1310 2910 κατόχους
1338 2860 1453 2899 σου.
1492 2822 1657 2901 Ἴδετε
1695 2868 1800 2920 πη-

202 2914 381 2980 λίκοις
414 2919 558 2989 ὑμᾶς
594 2922 873 2994 φθέγμασι
928 2933 1233 3000 παρακαλῶ
1282 2937 1310 2987 ὁ
1351 2938 1615 3011 εὐτελής·
1652 2943 1712 2996 οῦ
1745 2914 1799 2997 τί

204 3028 309 3063 που
335 3012 447 3067 τῶν
472 3017 826 3085 ἁξιεπαὶνων,
859 3023 975 3076 ἀλλ’
1004 3025 1089 3078 ὅτι
1116 3026 1374 3095 φιλικοῖς.
1401 3031 1557 3086 Ὅσοι
1595 3033 1796 3105 βραδὺ-

202 3122 347 3176 τητα
375 3108 636 3174 ἡγοῦνται
662 3112 760 3182 τὴν
790 3116 1099 3188 ἐπισκοπὴν
1126 3121 1329 3191 Κυρίου
1349 3140 1363 3154 ·
1392 3125 1569 3179 ἐκεῖνο
1601 3129 1801 3182 ἐννοεί-

202 3216 412 3265 τωσαν,
458 3203 541 3254 ὅτι
582 3205 651 3256 Τὸ
690 3210 963 3275 χρηστὸν
1004 3212 1111 3267 τοῦ
1156 3216 1305 3269 Θεοῦ
1346 3219 1433 3282 εἰς
1469 3220 1796 3287 μετάνοιαν
1822 3252 1866 3314 C

214 3292 331 3314 1---.
364 3293 451 3314 _-,‘.
475 3312 483 3314 ο
514 3294 593 3314 δν]
888 3303 899 3314 ο
957 3302 980 3314 ιι
1124 3306 1133 3314 ι
1221 3306 1260 3314 λ.
1370 3310 1379 3314 -
1523 3312 1528 3314 Α

204 3292 334 3357 ἄγει
362 3293 486 3357 τοὺς
509 3294 829 3362 διώκοντας,
854 3303 933 3364 εἰς
951 3302 1183 3374 δοκιμὴν
1217 3306 1271 3359 δὲ
1302 3310 1429 3373 τοὺς
1462 3312 1793 3382 πάσχοντας.

206 3384 317 3435 Καὶ
366 3386 439 3455 μὴ
471 3386 876 3457 ἀθυμείτωσαν,
913 3395 1047 3463 μηδὲ
1080 3396 1149 3450 τά
1176 3400 1417 3468 κρίματα
1461 3403 1666 3474 Κυρίου
1711 3406 1800 3473 ἐξ·

190 3472 569 3541 εταζέτωσαν.
605 3482 720 3536 Οὐκ
773 3485 1135 3554 εὐγνωμόνων
1186 3490 1390 3545 δούλων
1429 3472 1647 3564 λέγειν*
1693 3472 1799 3565 ἕως

207 3570 370 3635 πότε;
406 3572 519 3626 Οὐκ
546 3568 669 3628 εἷπε
694 3575 854 3631 τοῦτο
895 3578 1013 3632 Ἰὼϐ
1042 3583 1070 3634 6
1099 3583 1361 3654 ἀοίδιμος,
1394 3588 1491 3658 οὐχ
1515 3590 1543 3641 6
1569 3590 1796 3657 Πέτρος,

206 3663 316 3715 οὐδ’
341 3666 369 3718 ὁ
396 3666 628 3736 Παῦλος,
687 3671 736 3722 οἱ
788 3671 1099 3744 μυρίαθλοι,
1147 3677 1268 3731 οὐδέ
1306 3692 1391 3742 τις
1444 3682 1553 3735 τῶν
1590 3684 1800 3755 μαρτύ-

213 3775 345 3826 ρων.

280 3936 435 3992 Οἶδεν
461 3943 488 3997 6
517 3945 821 4019 ἀκοίμητος
849 3949 1129 4023 ὀφθαλμὸς
1157 3955 1219 4008 τὸ
1257 3958 1463 4029 ἀρκοῦν
1493 3962 1581 4014 ἐπ’
1616 3964 1798 4033 ἀμφο-

208 4031 403 4101 τέροις.
438 4035 553 4088 Οὐκ
592 4037 783 4104 ἐλεεῖς,
830 4043 912 4095 ὅτι
942 4046 1332 4115 Θησαυρίζεις
1372 4051 1566 4119 ἐαυτῷ
1609 4031 1799 4124 ὀργὴν

211 4123 277 4175 ἐν
301 4125 488 4194 ἡμέρᾳ
519 4128 704 4198 ὀργῆς
734 4134 834 4187 καὶ
862 4136 1309 4207 ἀποκαλύψεως
1338 4143 1433 4196 καὶ
1473 4144 1797 4216 δικαιοκρι-

212 4218 347 4285 σίας
380 4219 487 4273 τοῦ
524 4223 693 4291 Θεοῦ,
733 4228 763 4280 6
799 4229 1064 4295 τοιοῦτος,
1093 4227 1154 4287 οὗ
1192 4235 1292 4288 οὐκ
1320 4235 1436 4289 ἔστι
1476 4239 1652 4309 πέρας
1696 4242 1797 4311 τῆς

211 4308 503 4375 κολάσεως,
535 4315 655 4369 οὐδὲ
708 4318 1063 4393 ὲξαγόρευσις
1103 4327 1212 4380 τῶν
1256 4329 1315 4381 ἐν
1368 4330 1503 4401 πυρὶ
1544 4308 1796 4403 ἀσϐέστιρ

212 4404 545 4459 ἀνυποίστων
588 4410 795 4477 ἁνιῶν;
831 4415 940 4468 Καὶ
988 4420 1331 4490 παρακαλεῖν
1381 4423 1527 4493 ὑμᾶς
1571 4425 1656 4478 δεῖ
1698 4426 1798 4498 τὴν

212 4494 421 4567 ἀνοχὴν,
456 4498 581 4552 ὅσον
610 4500 670 4554 τὸ
693 4502 781 4571 ἐφ’
805 4506 939 4575 ἡμῖν
958 4523 972 4539 ·
1002 4510 1051 4562 ει
1084 4510 1158 4581 μὴ
1193 4510 1260 4565 ἂν
1288 4512 1375 4566 διὰ
1408 4516 1535 4579 τοὺς
1566 4494 1797 4587 ὀλλυμέ-

1928 632 2052 694 inso
2095 634 2297 703 alioqui
2330 651 2518 691 amore
2561 637 2895 707 impellente.
2954 639 3211 695 xEmttlor
3257 646 3395 697 enim
3424 661 3512 698 vos

1926 722 2024 778 Dei
2059 727 2457 781 aemulatione”
2481 745 2500 782 :
2550 741 2604 783 et
2634 748 2754 784 cum
2788 732 2922 785 nihil
2967 734 3197 788 habeam
3229 740 3371 789 unde
3398 740 3512 805 glo-

1924 816 2057 870 riari
2099 822 2331 887 possim,
2389 820 2755 877 confessionis
2802 834 2998 879 vestrae
3050 829 3349 882 virtutibus
3396 832 3513 898 glo-

1926 909 2054 964 rior.
2097 911 2364 966 Gaudium
2423 914 2557 968 mihi
2607 926 2658 969 et
2702 932 2903 970 corona
2937 936 3033 973 vos
3066 922 3283 983 estis“,
3353 922 3499 975 fulci-

1921 1014 2164 1059 mentum
2196 1016 2248 1060 et
2270 1008 2433 1061 robur
2458 1008 2746 1062 invictum.
2786 1009 2980 1079 Utique
3007 1029 3197 1079 precor
3222 1024 3272 1066 et
3296 1015 3506 1079 hortor,

1919 1105 1978 1149 ut
2003 1111 2195 1152 omnes
2218 1098 2359 1152 firmi
2387 1102 2656 1155 maneatis
2689 1102 2741 1154 in
2772 1106 2921 1157 omni
2979 1108 3182 1172 gaudio
3228 1117 3279 1159 et
3310 1109 3509 1161 alacri-

1918 1195 2048 1241 tate.
2097 1188 2312 1257 Semper
2360 1192 2601 1260 gaudete,
2647 1193 2821 1261 inquit
2877 1194 3097 1249 divinus
3148 1200 3443 1266 Apostolus
3485 1240 3503 1265 ,

1916 1280 2029 1332 sine
2052 1280 2438 1335 intermissione
2460 1294 2605 1336 orate
2639 1301 2657 1337 :
2690 1285 2741 1336 in
2775 1286 3016 1338 omnibus
3051 1290 3256 1357 gratias
3285 1293 3501 1360 agite”.

1913 1370 2110 1425 Annon
2140 1373 2280 1427 istud
2316 1376 2574 1443 gaudium
2599 1388 2757 1431 estet
2786 1380 3083 1435 exsultatio
3103 1381 3430 1448 ?'Quoniam
3457 1384 3506 1438 si

1913 1467 2283 1533 compatintur,
2335 1478 2383 1521 et
2432 1470 2954 1538 mnglori/icabimnr
3014 1488 3033 1524 :
3088 1476 3135 1526 si
3188 1477 3506 1529 commortui

1912 1556 2198 1625 fuerimus,
2252 1570 2301 1610 et
2363 1561 2789 1613 convivemus":
2844 1564 2890 1614 si
2960 1565 3386 1631 sustinuerimus,
3454 1574 3504 1619 et

1911 1651 2344 1718 conregnabimus
2366 1651 2429 1713 ³9,
2481 1653 2624 1705 sicut
2685 1654 2951 1721 scriptum
3015 1669 3116 1709 est.
3156 1656 3327 1722 Quale
3377 1674 3503 1727 pro-

1911 1741 2165 1807 missum,
2191 1742 2424 1797 dilecti?
2453 1743 2620 1815 Igitur
2645 1747 2727 1799 vel
2759 1748 2804 1800 si
2832 1748 3197 1816 coojiciamnr
3230 1751 3280 1802 in
3325 1751 3498 1819 ignes,

1910 1831 2153 1888 feramus
2200 1853 2213 1886 :
2257 1837 2341 1890 vel
2391 1837 2436 1891 si
2483 1840 2763 1891 tradamur
2823 1840 3033 1903 bestiis,
3078 1843 3369 1911 patiamur.
3411 1843 3503 1899 Sic

1908 1928 2055 1982 enim
2083 1929 2252 1984 tulere
2285 1930 2379 1999 qui
2414 1931 2481 1984 ab
2509 1932 2660 1985 omni
2713 1948 2830 1986 aevo
2865 1934 3113 1988 vicerunt
3146 1936 3248 1989 viri
3287 1952 3349 1991 ac
3374 1953 3499 1990 mu-

1904 2020 2089 2075 lieres.
2150 2021 2392 2076 Alterins
2434 2024 2560 2077 vita:
2609 2023 2753 2077 bona
2792 2027 3215 2095 prospicientes,
3254 2045 3498 2097 praesen-

1906 2119 2129 2181 temque
2156 2112 2463 2166 molestiam
2499 2128 2595 2183 spe
2650 2116 2935 2183 lcnientes,
2964 2133 3240 2174 aerumnas
3274 2120 3497 2173 delicia-

1902 2218 2027 2257 rum
2074 2204 2196 2259 loco
2250 2205 2510 2271 habuere,
2566 2217 2621 2261 et
2677 2209 3048 2264 accessionem
3100 2221 3499 2282 exoptaverunt

1902 2294 2174 2360 dolorum,
2227 2295 2425 2350 nedum
2459 2313 2601 2367 mare
2634 2303 2807 2353 tulere
2842 2318 2856 2354 :
2903 2304 3367 2370 quemadmmlum
3397 2307 3491 2374 qui

1904 2388 2245 2457 copiosiores
2292 2405 2458 2458 quam
2516 2391 2650 2444 socii
2701 2402 2904 2461 cogunt
2931 2409 3087 2462 opes.
3126 2394 3183 2448 ld
3211 2399 3355 2463 quod
3394 2413 3492 2460 per

1903 2496 2000 2536 vos
2028 2482 2129 2551 ipsi
2157 2483 2357 2548 nostis,
2407 2484 2773 2538 immortalem
2819 2486 2961 2540 hanc
3007 2488 3219 2555 experti
3252 2490 3496 2543 dulcedi-

1904 2590 2050 2629 nem.
2087 2575 2131 2630 Ο
2168 2577 2369 2631 munde
2413 2577 2615 2631 fallax!
2654 2594 2820 2648 quam
2860 2596 3049 2636 amara
3081 2592 3165 2637 est
3198 2594 3250 2638 et
3289 2586 3496 2637 letifera

1904 2672 1993 2725 illa
2026 2681 2114 2726 tua
2138 2688 2259 2741 quae
2281 2673 2498 2726 videtur
2528 2676 2809 2727 suavitas!
2844 2692 3007 2743 quam
3040 2675 3190 2728 omni
3228 2676 3493 2745 voluptati

1902 2765 2211 2835 hetitizeque
2241 2767 2546 2820 contraria!
2581 2765 2624 2819 Ο
2660 2766 2865 2821 Christi
2921 2784 3096 2831 amor,
3145 2769 3239 2822 tibi
3276 2770 3497 2823 benedi-

1902 2859 2033 2921 ctio,
2061 2858 2340 2924 gaudium.
2372 2858 2681 2925 imperium.
2722 2869 2775 2911 et
2800 2860 2864 2912 iis
2888 2860 2976 2929 qui
3008 2870 3135 2913 sunt
3164 2861 3240 2914 tui
3272 2877 3499 2930 compo-

1904 2961 2005 3005 tes.
2059 2948 2265 3005 Videtis
2295 2952 2496 3020 quibus
2547 2968 2669 3021 ego,
2706 2952 2799 3019 qui
2832 2953 3079 3005 tantillns
3128 2969 3268 3018 sum,
3307 2956 3493 3010 verbis

1902 3055 2001 3095 vos
2046 3042 2326 3105 adhorter,
2375 3058 2474 3095 nec
2512 3043 2621 3096 illis
2672 3043 2893 3111 quidem
2941 3045 3256 3111 exquisitis,
3289 3047 3380 3099 sed
3412 3055 3489 3099 ta-

1904 3150 2026 3187 men
2057 3135 2271 3189 amicis.
2308 3135 2635 3204 Quicunque
2666 3134 2879 3189 Domini
2917 3136 3284 3189 visitationem
3320 3138 3495 3190 tardi-

1904 3228 2030 3281 tatis
2064 3227 2410 3289 insimulant,
2445 3243 2630 3280 secum
2669 3227 2745 3280 illi
2784 3238 3060 3294 reputent,
3116 3228 3496 3298 benignitatem

1901 3319 2000 3372 Dei
2032 3320 2104 3372 ad
2128 3320 2492 3387 paenitentiam
2529 3319 2848 3372 adducere“
2880 3334 2975 3373 eos
3017 3319 3110 3387 qui
3159 3334 3496 3388 persequun-

1902 3422 2010 3480 tur,
2062 3414 2126 3467 ad
2184 3412 2565 3482 probationem
2615 3426 2711 3467 eos
2762 3413 2854 3482 qui
2908 3412 3214 3481 patiuntur.
3255 3410 3365 3465 Nec
3400 3416 3465 3469 de

1901 3504 2212 3574 spondeant
2237 3505 2508 3568 animum,
2552 3519 2652 3558 nec
2680 3504 2889 3573 judicia
2924 3504 3141 3558 Domini
3180 3506 3491 3573 explorent.

1897 3598 2064 3653 Nefas
2095 3607 2179 3653 est
2230 3613 2419 3653 servos
2449 3597 2718 3651 candidos
2754 3612 2817 3651 ac
2866 3598 3069 3667 probos
3109 3598 3293 3651 dicere
3330 3614 3343 3650 :
3387 3595 3494 3650 Us-

1899 3693 2164 3762 quequo?
2200 3691 2315 3746 Non
2372 3693 2424 3745 in
2468 3692 2607 3745 hanc
2647 3706 2834 3745 vocem
2884 3692 3067 3760 erupit
3105 3692 3341 3761 inclytus
3368 3690 3492 3756 Job,

1897 3801 2009 3839 non
2038 3783 2257 3850 Petrus,
2290 3798 2399 3837 non
2430 3782 2657 3847 Paulus,
2684 3783 2788 3835 viri
2846 3783 3208 3851 plurimorum
3237 3786 3495 3837 certami-

1900 3892 2053 3940 num,
2085 3893 2191 3931 non
2224 3892 2253 3929 e
2285 3875 2622 3946 martyribus
2672 3875 2989 3943 quisquam.

1972 3968 2134 4023 Novit
2185 3968 2410 4038 pervigil
2462 3968 2655 4021 oculus
2711 3968 2839 4036 quid
2901 3967 3147 4037 utrisque
3194 3978 3489 4036 competat.

1899 4061 2017 4115 Non
2061 4072 2111 4116 te
2163 4062 2240 4114 tui
2278 4062 2521 4125 miseret,
2550 4061 2642 4129 qui
2676 4063 3000 4114 thesaurisas
3034 4062 3129 4114 tibi
3160 4064 3297 4115 iram
3326 4066 3379 4114 in
3409 4065 3490 4116 die

1898 4155 1995 4209 ira:
2037 4162 2085 4208 et
2128 4153 2465 4206 reuelationis
2496 4162 2544 4207 et
2569 4152 2705 4221 justi
2732 4153 2925 4219 judicii
2961 4152 3134 4218 Dei“,
3169 4154 3419 4222 quisquis
3448 4155 3494 4209 is

1898 4263 1979 4312 es,
2014 4247 2105 4301 ubi
2160 4246 2348 4301 null'us
2376 4245 2630 4315 supplicii
2660 4245 2805 4309 finis,
2834 4261 2931 4298 nec
2968 4245 3049 4299 fas
3090 4256 3168 4298 est
3202 4247 3383 4313 eloqui
3411 4249 3494 4299 in-

1899 4339 2209 4395 tolerabiles
2240 4339 2292 4392 in
2329 4341 2451 4409 igne
2486 4338 2813 4392 inexstinclo
2839 4337 3092 4392 dolores?
3129 4338 3347 4392 Hortari
3398 4355 3493 4393 vos

1900 4433 2090 4503 utique
2120 4432 2187 4485 ad
2220 4430 2588 4491 tolerantiam,
2611 4440 2875 4501 quantum
2908 4439 2991 4485 est
3023 4432 3189 4485 situm
3224 4435 3276 4486 in
3308 4435 3489 4494 nobis,

1901 4539 2081 4594 Opera:
2122 4522 2359 4592 pretium
2386 4530 2491 4582 est,
2515 4522 2708 4575 saltem
2752 4522 2823 4575 ob
2849 4536 2943 4575 eos
2974 4520 3065 4590 qui
3100 4532 3347 4591 pereunt,
3380 4535 3431 4576 et
3460 4538 3490 4577 a

212 4606 347 4652 νους,
380 4591 477 4645 καὶ
503 4594 931 4662 ἐκπεπτωκότας
967 4604 1067 4669 τῆς
1112 4605 1413 4676 ὑπομονῆς.
1463 4607 1520 4662 '0
1569 4610 1789 4678 ὲπειγὸσι

1903 4591 2152 4682 patientia
2174 4614 2514 4669 exciderunt.
2540 4613 2643 4678 Qui
2676 4622 2906 4667 mortem
2927 4615 3231 4683 peccatoris
3276 4615 3492 4670 enixius

216 4698 368 4748 μενος
402 4684 496 4738 τὸν
537 4685 765 4742 Θάνατον
799 4692 927 4746 ἰδεῖν
956 4694 1051 4748 τοῦ
1081 4697 1434 4768 ἁμαρτωλοῦ,
1467 4702 1527 4754 οὐ
1569 4701 1793 4758 δύναται

212 4776 426 4845 εἰρήνην
475 4777 619 4848 ἔχειν
661 4784 797 4855 πρὸς
827 4784 918 4838 τὸν
952 4786 1086 4841 Θεόν
1113 4806 1127 4819 ·
1155 4782 1217 4842 οὗ
1241 4794 1424 4863 χεῖρον
1465 4794 1641 4850 οὐδέν.
1682 4796 1795 4849 Ἀεδ¹

212 4868 313 4959 γὰρ
356 4870 413 4922 ἐν
466 4879 678 4946 ταραχῇ
730 4878 872 4933 κατὰ
913 4880 1092 4951 ψυχὴν
1137 4883 1442 4955 ἐπιθυμῶν,
1476 4887 1617 4959 ὅπερ
1662 4889 1795 4955 Θεὸς

213 4958 520 5030 ἀποστυγεῖ,
558 4968 652 5018 καὶ
678 4969 847 5024 θέλων
871 4972 900 5025 ὃ
928 4974 988 5026 οὐ
1014 4974 1178 5032 θέλει.
1228 4977 1515 5032 Ἐντεῦθεν
1545 4958 1792 5052 ἀκηδίαι,

215 5052 473 5118 ἐκλύσεις,
499 5057 863 5132 βλασφημίαι,
892 5066 986 5118 καὶ
1018 5066 1086 5121 τὰ
1117 5068 1280 5124 λοιπὰ
1313 5070 1673 5143 βλαστήματα
1692 5076 1793 5145 τῆς

216 5150 487 5217 πονηρίας.
521 5152 801 5223 Εἴπωμεν,
825 5158 1075 5228 ἀδελφοισ
1111 5163 1434 5230 Γενηθήτω
1462 5166 1530 5219 τὸ
1560 5166 1796 5237 θέλημά

216 5255 355 5294 σου·
385 5243 449 5296 ἐκ
484 5246 728 5316 καρδίας.
771 5251 1092 5321 Κτηνώδης
1128 5255 1431 5327 ἐγενήθην
1474 5261 1634 5328 παρὰ
1667 5261 1790 5323 σοὶ,

218 5332 368 5423 κάγὼ
395 5333 724 5403 διαπαντὸς
743 5342 895 5409 μετὰ
914 5344 1051 5399 σοῦ.
1087 5348 1198 5401 Καὶ
1230 5349 1404 5413 οὕτως
1427 5352 1793 5423 εἰρηνεύουσι»

216 5422 419 5495 ἡψυχὴ
472 5430 790 5500 παρρησίαν
828 5433 939 5499 ἕξει
996 5438 1133 5506 πρὸς
1186 5439 1353 5493 Θεόν*
1405 5422 1790 5498 ἑκατονταετε-

221 5514 322 5578 ζειν
377 5519 434 5570 ὲν
472 5524 588 5584 τοῖς
636 5522 777 5595 ὑπὲρ
829 5526 995 5581 αὐτοῦ
1056 5530 1349 5603 παθήμασι
1408 5538 1787 5607 προαιρουμέ-

332 5609 464 5663 Οῦτε
502 5615 613 5681 γὰρ
666 5618 761 5671 ἐὰν
809 5620 1201 5691 κατευξώμεθα
1229 5624 1291 5677 τὸ
1323 5627 1506 5695 τάχος.
1550 5630 1745 5699 ἐπιστῇ
1770 5647 1785 5661 ο

218 5697 318 5751 οὔτ’
367 5700 433 5754 ἂν
487 5706 881 5779 ὲπευξώμεθα,
934 5713 1219 5785 βραδυνεῖ⁹
1268 5714 1406 5771 ἀλλὰ
1461 5719 1584 5772 τότε
1644 5697 1786 5787 ἦξε-ι,

283 5840 329 5922 '_‘_
360 5838 400 5893 ll
430 5841 554 5898 Cor.
590 5861 666 5922 ιιι,
808 5919 817 5922 Α
842 5849 926 5922 ⁸⁸⁸,
952 5851 1188 5922 Philipp.
1227 5869 1299 5918 tv,
1337 5855 1388 5909 1.

1053 5856 1188 5922 μω).
1227 5869 1299 5918 tv,
1337 5856 1388 5909 1.
1496 5856 1543 5889 ⁸⁷
1583 5856 1601 5911 1
1634 5857 1830 5913 Thess.
1871 5877 1924 5922 v,
1963 5859 2050 5913 16.

222 5912 262 5947 ⁸ο
299 5913 451 5970 ltom.
486 5932 545 5984 ιι,
577 5917 631 5972 4.
673 5920 714 5952 ⁸³
748 5919 882 5977 ibid.
914 5920 967 5979 5.
1042 5912 1310 5983 "'Mattlt'.
1343 5942 1418 5997 vt,
1454 5926 1539 5984 10.
1598 5928 1642 5963 ⁸³
1671 5927 1795 5986 Psal

1903 5912 2019 5999 (xtl,
2051 5930 2142 5992 23.

1893 4716 2045 4779 Optat
2080 4707 2307 4773 intueri,
2362 4722 2549 4776 pacem
2604 4706 2651 4760 is
2697 4706 2898 4761 habere
2945 4721 3070 4759 cum
3109 4706 3218 4759 Deo
3252 4709 3440 4775 nequit
3474 4728 3485 4758 :

1892 4819 2003 4873 quo
2034 4801 2170 4855 nihil
2200 4808 2285 4855 est
2315 4800 2533 4854 tetrius.
2568 4797 2799 4868 Semper
2828 4798 2973 4853 enim
3003 4799 3327 4868 perturbato
3358 4803 3480 4853 ani-

1894 4910 1986 4950 mo
2032 4903 2137 4960 est,
2165 4879 2418 4963 quisquis
2454 4907 2576 4961 qua:
2610 4891 2755 4946 Deus
2796 4902 3083 4946 aversatur
3131 4892 3357 4960 expetit,
3397 4902 3489 4944 aut

1892 5004 1957 5044 ea
1993 4988 2108 5041 vnlt
2158 5002 2281 5056 qua:
2314 4984 2455 5039 Deus
2488 4984 2641 5038 nolit.
2678 4984 2814 5037 Hinc
2855 4986 3072 5037 uedium
3100 5025 3115 5049 ,
3150 4985 3318 5037 animi
3372 4985 3487 5035 Ian-

1891 5096 2050 5152 guor,
2078 5077 2478 5136 maledicentia,
2515 5092 2578 5131 ac
2620 5076 2803 5129 cmteri
2841 5075 3053 5129 fructus
3094 5075 3487 5144 improbitatis.

1891 5169 2170 5229 Dicamus,
2224 5166 2439 5227 fratres,
2473 5163 2602 5218 Fiat
2652 5166 2894 5219 voluntas
2962 5166 3146 5229 tua“;
3206 5165 3371 5233 idque
3421 5180 3488 5218 ex

1890 5260 2089 5315 animo.
2147 5257 2215 5312 Ut
2248 5258 2551 5326 jumentum
2584 5256 2757 5325 factus
2798 5273 2913 5309 sum
2969 5258 3108 5323 apud
3171 5269 3239 5320 te,
3287 5265 3337 5308 et
3392 5272 3487 5323 ego

1888 5367 2091 5419 semper
2115 5349 2367 5404 tecum".
2399 5349 2577 5417 Atque
2606 5349 2679 5401 ita
2722 5358 2946 5418 pacatus
2975 5351 3191 5402 animus
3220 5348 3478 5402 fiduciam

1896 5444 2118 5498 habebit
2177 5443 2244 5496 ad
2309 5442 2474 5494 Deum
2495 5440 2559 5503 “,
2590 5450 2773 5494 certus
2834 5441 2916 5493 vel
2962 5456 3135 5494 annos
3173 5450 3393 5493 centum
3431 5440 3485 5491 in

1894 5536 2177 5593 lab0ribus
2205 5538 2323 5607 ejus
2348 5551 2514 5590 causa
2545 5535 2761 5605 degere.
2800 5536 2985 5605 Neque
3012 5537 3157 5590 enim
3189 5536 3231 5589 si
3274 5534 3483 5587 accele-

1895 5629 2163 5683 rationcm
2198 5613 2580 5697 imprecemur,
2617 5629 2842 5683 instabit
2872 5646 2883 5681 :
2917 5645 3015 5683 nec
3046 5630 3090 5682 si
3120 5630 3484 5699 deprecemur

1899 5737 2105 5776 moram
2164 5723 2342 5777 faciet.
2382 5722 2485 5777 Sed
2540 5734 2670 5777 tunc
2717 5723 2918 5786 veniet,
2943 5723 3183 5791 quando,
3218 5724 3313 5793 qui
3358 5732 3486 5778 ante

2155 5860 2200 5893 ⁸⁸
2240 5860 2403 5913 Rom.
2435 5877 2552 5925 vm,
2588 5860 2671 5914 l7.
2775 5860 2820 5895 ³³
2860 5857 2903 5917 ΙΙ
2938 5859 3181 5919 Tituotlt.
3219 5876 3279 5929 tt,
3319 5861 3409 5919 12.

2238 5932 2282 5965 ⁵³
2314 5932 2336 5989 1
2365 5930 2524 5991 Joau.
2560 5948 2646 5996 tn,
2679 5932 2769 5988 2!.
