4164 6480
684 394 817 457 1255
1879 397 1941 454 s.
1972 396 2371 456 THEODORI
2402 399 2751 458 srumm
3833 387 3976 450 1255

682 505 869 560 mundi
915 505 1366 561 constitutionem
1420 504 1651 571 detiniit,
1708 506 2006 561 convenire
2049 506 2261 577 justum

2379 509 2600 581 ὅπηνίκα
2623 513 2651 563 6
2676 510 2785 580 πρὸ
2815 508 3121 581 καταϐολῆς
3147 509 3351 579 κόσμου
3378 505 3643 576 διορίσας.
3666 500 3729 555 τὸ
3753 503 3975 571 συμφέ-

678 594 944 664 judicium
974 596 1123 651 novit
1155 595 1319 651 Deus.
1354 595 1683 662 Precamini,
1714 611 1813 651 oro
1838 611 1954 662 vos,
1985 612 2086 667 pro
2109 598 2267 653 nobis

2379 617 2460 652 σον
2511 600 2721 654 δίκαιον
2774 602 2949 671 κρῖμα
2999 596 3109 652 οἶδε
3160 598 3318 661 Θεός.
3384 591 3771 669 Προσεύχεσθε
3833 593 3973 662 περὶ

680 689 775 757 qui
833 699 1153 759 peccatores
1204 705 1421 753 sumus,
1459 698 1517 744 ut
1561 691 1795 744 salutem
1830 703 2266 762 consequamur.

2379 692 2526 762 ἡμῶν
2582 692 2692 745 τῶν
2756 691 3135 763 ἁμαρτωλῶν,
3195 688 3538 762 παρακαλῶ,
3607 686 3697 739 ινα
3757 684 3965 749 σωζοί-

680 780 941 837 Nioolaus
1016 781 1186 837 frater
1260 795 1441 836 vester
1484 791 1539 836 et
1597 796 1755 837 meus
1799 796 1993 838 omnes
2045 782 2265 839 salutat.

2379 784 2533 855 μεθα.
2603 784 2662 839 '0
2713 784 2947 854 ἀδελφὸς
3006 784 3161 855 ὑμῶν
3220 801 3287 855 τε
3340 783 3437 837 καὶ
3484 779 3622 851 ιμοῦ
3686 778 3971 840 Νικόλαος

684 874 874 930 Gratia
904 876 1208 931 vobiscum.
1233 875 1431 929 Amen.

2379 879 2770 951 προσαγορεύει
2795 879 3063 945 ἅπαντας.
3104 880 3169 933 Ἦ
3207 880 3369 952 χάρις
3402 878 3520 950 μεθ’
3548 878 3723 948 ὑμῶν.
3760 875 3970 943 Ἀμήν.

684 985 872 1043 XLIX.
901 1020 971 1032 —-
1004 987 1294 1044 Exsulibus
1319 998 1535 1059 propter
1561 986 1846 1042 Dominum
1866 990 2066 1043 sanctis
2091 987 2273 1043 Patrio

748 1082 844 1134 bus
879 1083 1006 1135 meis
1032 1080 1734 1151 spiritualibus,Theodorus
1763 1083 2015 1135 minimus
2046 1083 2265 1154 presby-

751 1185 830 1229 ter
859 1192 921 1229 ac
948 1179 1265 1244 prwpositus
1290 1174 1647 1242 Studitarum,
1679 1178 1735 1230 in
1764 1175 1992 1231 Domino
2015 1175 2245 1231 salutent

2377 994 2515 1051 MO’.
2534 1027 2606 1037 —
2635 995 2767 1063 Τοῖς
2793 996 2893 1050 διὰ
2922 996 3143 1065 Κύριον
3186 992 3742 1064 πεφυγαδευμένοις
3774 1004 3969 1043 πνευ-

2443 1086 2718 1157 ματικοῖς
2744 1088 2935 1158 ἁγίοις
2959 1106 3079 1159 μου
3106 1085 3398 1156 Πατράσι,
3432 1086 3733 1153 Θεόδωρος
3756 1083 3971 1151 ἐλάχι-

2446 1196 2595 1247 στος
2610 1180 3033 1250 πρεσϐύτερος,
3047 1180 3148 1234 καὶ
3163 1180 3497 1250 ἡγούμενος
3514 1175 3631 1231 τῶν
3645 1178 3690 1230 Σ
3692 1173 3971 1237 τουόἰου,

2440 1272 2511 1325 ἐν
2532 1272 2727 1339 Κυρίῳ
2753 1273 3005 1341 χαίρειν.
3029 1268 3218 1344 [τνῖ

683 1358 827 1421 Quod
866 1358 1047 1410 Christi
1090 1360 1463 1430 causaprot'ugi
1496 1363 1803 1430 secesserint
1827 1360 2148 1430 in_montern_,
2174 1365 2453 1430 gratulatur
2494 1371 2725 1430 tanquam
2763 1365 2891 1413 caelo
2916 1377 2993 1430 _ac
3032 1362 3141 1412 Deo
3174 1360 3485 1430 propioribus
3510 1375 3523 1409 :
3552 1372 3665 1409 mox
3696 1358 3763 1409 sd
3797 1358 3969 1419 varia,

1080 1424 1209 1471 circa
1236 1424 1486 1484 lapsorum
1520 1436 1709 1485 pinnas,
1736 1426 2092 1489 vitandamque
2119 1426 2556 1476 lconomachorum
2578 1424 2889 1486 societatem,
2912 1424 3223 1489 interrogata
3243 1424 3535 1487 respondet.

751 1504 850 1561 Vel
873 1507 942 1559 ab
963 1508 1271 1562 orthodoxo
1304 1523 1414 1563 uno
1448 1510 1699 1579 aecipere
1726 1510 1931 1581 aliquid
1960 1512 2266 1567 litterarum

680 1595 1014 1651 difﬁcillimis
1065 1597 1215 1651 hisce
1255 1598 1812 1667 temporibus,multo
1855 1616 1984 1655 vero
2020 1603 2194 1672 magis
2234 1618 2266 1656 a

2447 1512 2559 1566 Kal.
2582 1512 2675 1582 ἀφ’
2712 1511 2832 1575 ἑνὸς
2858 1509 2952 1564 τοῦ
2978 1509 3263 1582 ὀρθοῶξου
3306 1511 3369 1564 τὸ
3400 1507 3657 1577 δέξασθαι
3694 1523 3976 1577 γραμμα-

2375 1607 2516 1658 τεῖον
2542 1607 2599 1657 ὲν
2627 1606 2748 1667 ταῖς
2776 1604 3045 1675 χαλεπαῖς
3089 1603 3329 1675 ἡμέραις
3359 1602 3610 1665 ταύταις,
3644 1601 3720 1673 μὴ
3769 1601 3859 1653 ὅτι
3906 1615 3976 1666 γε

680 1688 869 1743 multis
899 1688 953 1741 in
983 1704 1152 1743 unum
1184 1691 1527 1760 congregatis
1551 1701 1659 1745 tam
1689 1707 1787 1761 pro
1816 1692 1920 1747 hac
1947 1703 2271 1764 tempestate

2379 1699 2441 1751 ἐκ
2464 1696 2677 1751 πολλῶν
2704 1698 2799 1750 ἐπὶ
2823 1696 2887 1750 τὸ
2915 1696 3047 1751 αὐτὸ
3081 1696 3540 1767 συνεληλυθότων,
3573 1694 3724 1758 ξένον
3752 1710 3871 1756 πως
3895 1692 3977 1762 τῷ

679 1796 906 1846 novum,
958 1797 1124 1851 quain
1189 1784 1384 1854 hyeme
1414 1800 1563 1848 ,rosa
1611 1782 1760 1840 loliis
1787 1786 1959 1841 dives.
1998 1763 2072 1842 Et
2104 1796 2187 1842 est
2218 1786 2271 1840 id

2379 1790 2573 1862 καιρῷ.
2604 1791 2681 1854 ὡς
2703 1792 2761 1855 ὲν
2787 1791 3020 1861 χειμῶνι
3041 1763 3385 1858 πολύφυλλον
3411 1788 3584 1860 ῥόδον.
3620 1787 3827 1855 Καὶντῇ
3861 1788 3887 1838 ὲ
3897 1788 3973 1855 μῇ

679 1872 979 1931 humilitati
1025 1889 1160 1927 mea:
1198 1874 1503 1942 jucundum
1557 1875 1613 1930 in
1678 1877 1913 1945 primis:
1950 1879 2023 1932 ita
2074 1888 2132 1932 ut
2188 1877 2273 1932 vel

678 1966 854 2035 ipsius
905 1966 1281 2035 inscriptionis
1310 1967 1510 2021 intuitu
1547 1968 1773 2037 spiritus
1804 1971 2180 2032 exsultaverit,
2214 1979 2271 2025 et

679 2058 903 2126 gratias,
936 2066 996 2111 ut
1020 2073 1117 2127 par
1146 2067 1251 2123 est,
1287 2056 1519 2113 Domino
1545 2060 1717 2127 egerit
1748 2078 1761 2114 :
1788 2061 1880 2129 qui
1924 2062 1979 2115 in
2012 2064 2270 2131 prmsenti

680 2150 1085 2220 persecutione,
1110 2148 1402 2204 Aeliabicae
1427 2150 1617 2215 simili,
1634 2151 1846 2221 reliquit
1866 2152 1971 2207 sibi
2003 2164 2081 2207 tot
2098 2156 2271 2221 viros,

678 2245 768 2313 qui
812 2259 914 2297 non
963 2252 1315 2298 curvaverant
1350 2260 1521 2313 genua
1566 2254 1688 2298 ante
1745 2244 1885 2299 Baal
1904 2246 1969 2299 “.
1993 2246 2101 2302 Nec
2137 2265 2274 2318 pau-

678 2339 855 2392 ciores
884 2338 1031 2392 enim
1052 2351 1173 2392 esse
1202 2352 1349 2391 nunc
1378 2352 1502 2392 reor
1520 2339 1612 2407 qui
1633 2336 1792 2393 fracti
1819 2355 1926 2392 non
1955 2341 2085 2402 sint,
2107 2357 2270 2410 quam

682 2440 813 2485 tunc
860 2432 1010 2485 luere
1041 2446 1056 2483 :
1100 2446 1208 2484 non
1255 2440 1476 2499 propter
1502 2446 1597 2486 eos
1632 2432 1795 2486 modo
1825 2433 1921 2503 qui
1955 2449 2023 2488 ex
2056 2435 2275 2490 confes-

678 2524 833 2576 sione
874 2523 1233 2577 innotuerunt
1267 2539 1281 2576 :
1312 2538 1503 2577 verum
1533 2524 1696 2577 etiam
1723 2525 1794 2578 ob
1832 2540 1928 2580 eos
1959 2527 2053 2595 qni
2087 2527 2195 2581 huc
2217 2537 2271 2582 et

678 2616 809 2670 illuc
847 2616 1150 2671 incolumes
1185 2630 1431 2677 evasere,
1468 2618 1525 2669 in
1576 2616 1955 2671 solitudinibus
2010 2630 2272 2685 errantes,

677 2712 737 2759 in
770 2709 1031 2761 mentibus
1054 2746 1069 2770 ,
1102 2718 1151 2761 et
1213 2706 1498 2775 speluncis,
1530 2718 1579 2760 et
1626 2710 1864 2761 cavernis
1914 2710 2166 2775 terrae“;
2218 2718 2276 2764 ut

678 2801 925 2868 Apostoli
975 2800 1156 2855 verbis
1198 2810 1321 2854 utar
1355 2818 1368 2853 :
1401 2798 1865 2869 quemadmodum
1919 2810 2123 2855 cretum
2176 2817 2273 2855 ve.—

680 2902 857 2947 strum
898 2904 1057 2943 mons
1089 2888 1179 2942 ille
1213 2888 1495 2958 tergemini
1528 2889 1769 2949 verticis.
1809 2898 2074 2958 tanquam
2108 2892 2275 2947 decus

683 2983 991 3037 immortale
1041 2991 1392 3044 consecutus,
1428 2989 1690 3035 ostentat.
1735 2982 1845 3035 Deo
1890 2982 2058 3051 igitur
2090 2993 2274 3053 grates

682 3075 926 3143 agendae,
954 3074 1046 3143 qui
1079 3073 1235 3128 dives
1263 3082 1345 3126 est
1367 3072 1423 3126 in
1447 3087 1567 3137 vos,
1598 3082 1651 3126 et
1686 3071 1739 3125 in
1764 3089 1956 3129 omnes
1986 3074 2081 3144 qui
2116 3077 2269 3130 invo-

679 3176 809 3222 cant
846 3181 1043 3221 nomen
1077 3166 1198 3235 ejus
1230 3166 1300 3223 ".
1338 3165 1563 3220 Sacram
1620 3165 1764 3220 hanc
1813 3176 2051 3221 vestram
2087 3167 2269 3239 fugam

679 3259 845 3314 laudo
869 3276 882 3312 :
904 3268 1143 3314 vestrum
1176 3258 1305 3313 illud
1348 3258 1403 3311 in
1434 3267 1619 3313 monte
1643 3258 1983 3313 domicilium
2013 3262 2271 3329 przedico.

680 3355 1060 3409 calamitosum
1108 3351 1239 3406 illud
1292 3351 1513 3421 quidem
1561 3389 1577 3414 ,
1628 3351 1721 3405 sed
1776 3361 1955 3405 tamen
1999 3353 2271 3408 divinum.

677 3442 858 3497 Mes-es
885 3445 936 3497 in
974 3451 1159 3496 monte
1182 3441 1314 3496 Sina
1343 3457 1468 3495 cum
1502 3439 1610 3495 Deo
1647 3449 1731 3495 est
1759 3441 2090 3497 collocutus.
2124 3442 2274 3499 Elias

679 3539 734 3592 in
769 3545 955 3590 monte
1008 3533 1190 3589 lloreb
1224 3533 1393 3588 Deum
1426 3532 1661 3596 intueri,
1712 3543 1978 3602 quantum
2032 3533 2117 3588 fas
2167 3544 2272 3599 est,

679 3632 897 3683 meruit.
932 3627 1092 3683 Jesns
1127 3630 1244 3697 ipse
1287 3625 1667 3680 divinissimus
1720 3625 1774 3679 in
1813 3633 2053 3681 montem
2084 3642 2275 3682 ascen-

676 3721 759 3776 dit
790 3731 845 3774 ut
868 3722 1051 3785 homo,
1075 3720 1143 3773 ad
1169 3720 1459 3773 orandum.
1484 3717 1624 3783 Quid
1650 3717 1796 3773 istud
1826 3718 1902 3774 rei
1921 3718 2274 3790 est?signum

679 3827 800 3868 esse
831 3813 1087 3865 existimo
1124 3813 1322 3865 mentis
1344 3811 2139 3881 ascensus,contemplandum
2171 3826 2272 3864 no—

680 3908 786 3963 bis.
815 3904 950 3959 Nam
984 3906 1060 3959 uti
1092 3919 1254 3961 mons
1289 3904 1492 3958 elatior
1530 3914 1614 3960 est
1645 3904 1894 3974 subjecta
1930 3904 2154 3975 planitie
2194 3902 2275 3957 lo-

680 4000 871 4070 eisque
896 3998 1155 4053 concavis
1194 4014 1208 4051 :
1240 3996 1429 4050 eadem
1464 3996 1817 4066 proportione
1860 3994 2133 4064 precantis
2156 3995 2275 4047 ani-

680 4111 807 4151 mus
834 4110 900 4150 ex
938 4092 1159 4149 sublimi
1206 4092 1324 4145 loco
1351 4092 1600 4146 ascendit
1632 4091 1699 4144 ad
1755 4088 1952 4144 Deum.
1984 4086 2202 4154 Videte,
2242 4102 2273 4143 ο

679 4185 1356 4253 ilesideratissimi,qualis
1382 4193 1436 4237 et
1480 4194 1691 4253 quanta
1726 4183 1886 4238 sedes
1938 4194 2120 4237 vestra
2174 4182 2268 4235 sit.

678 4280 859 4335 Nostri
885 4293 1046 4350 porro
1069 4285 1420 4343 mementote,
1451 4276 1546 4346 qui
1573 4286 1893 4345 peccatores
1928 4292 2146 4343 sumus,
2176 4276 2273 4346 qui

684 4375 772 4429 hic
804 4372 956 4427 humi
980 4372 1232 4443 degimus
1269 4388 1283 4425 :
1312 4380 1372 4426 ut
1392 4370 1777 4427 consociemur
1802 4370 1984 4435 vobis,
2018 4369 2114 4440 qui
2143 4372 2276 4424 estis

2372 1882 2701 1937 ταπεινώσει
2724 1883 2915 1955 χάριεν
2951 1883 3033 1936 ὅτι
3066 1881 3335 1953 μάλιστα·
3366 1880 3507 1933 ῶστε
3542 1879 3639 1933 ἀπ’
3669 1878 3845 1946 αὐτῆς
3872 1880 3976 1947 τῆς

2375 1974 2708 2045 προγραφῆς
2759 1974 3053 2046 σκιρτῆσαί
3088 1992 3191 2045 μου
3233 1974 3297 2028 τὺ
3334 1972 3575 2043 πνεῦμα,
3603 1973 3697 2026 καὶ
3727 1972 3976 2041 ἀνθομο-

2373 2068 2717 2138 λογήσασθαι
2746 2066 2943 2139 Κυρίῳ
2966 2067 3035 2121 τὰ
3060 2067 3248 2121 εἰκότα
3275 2082 3291 2097 ⁸
3321 2066 3381 2129 ὃς
3408 2069 3501 2119 καὶ
3534 2068 3593 2119 ὲν
3627 2064 3707 2133 τῷ
3737 2065 3975 2133 παρόπαι

2388 2160 2700 2232 Ἀχαὸαῖκῷ
2724 2161 2971 2231 διωγμῷ,
3004 2160 3329 2214 κατέλιπεν
3348 2158 3539 2225 ἐαυτῷ
3568 2158 3862 2221 τοσούτους
3882 2158 3974 2226 μὴ

2374 2254 2732 2323 κὰμτρδαντας
2754 2255 2903 2322 γόνυ
2926 2253 2999 2323 τῇ
3018 2253 3204 2307 Βάαλ.
3228 2247 3515 2323 υἵμαιγὰρ
3534 2251 3644 2304 τῶν
3664 2251 3976 2320 τηνικαῦτα

2379 2348 2701 2420 ἰσαρίθμους
2725 2344 2868 2401 εἶναι
2886 2348 3014 2411 τοὺς
3037 2346 3132 2399 νῦν
3152 2348 3430 2417 ἁκαμπεῖς
3445 2364 3462 2379 ο
3490 2347 3551 2399 ού
3569 2345 3731 2416 μόνον
3752 2345 3839 2398 διὰ
3860 2346 3977 2397 τῶν

2376 2442 2456 2503 εἰς
2483 2436 2763 2510 προῦπτον
2794 2438 3064 2509 κειμένων
3092 2437 3154 2504 ἐξ
3184 2438 3477 2508 ὁμολογίας
3504 2455 3519 2470 ’
3556 2437 3696 2491 ἀλλὰ
3734 2437 3845 2507 γὰρ
3878 2439 3977 2489 καὶ

2373 2532 2462 2585 διὰ
2489 2531 2597 2585 τῶν
2618 2526 2721 2586 ὧδέ
2745 2549 2805 2585 τε
2832 2533 3058 2585 κάκεῖσε
3079 2531 3555 2602 διασεσωσμένων,
3572 2529 3645 2583 ἐν
3669 2531 3972 2600 ἐρημίαις,

2375 2625 2473 2677 καὶ
2505 2624 2695 2691 ὄρεσι.
2719 2624 2819 2677 καὶ
2850 2625 3182 2692 σπηλαίοις
3208 2624 3309 2679 καί
3332 2623 3463 2690 ταῖς
3486 2622 3664 2690 ὀπαῖς
3695 2622 3810 2693 τῆς
3832 2623 3972 2693 γῆς,

2374 2715 2753 2779 ὰποστολικῶς
2792 2716 2999 2769 εἰπεῖν·
3034 2716 3291 2787 καθάπερ
3334 2717 3433 2769 καὶ
3454 2714 3556 2785 τὴν
3598 2714 3758 2785 ὑμῶν
3792 2716 3976 2785 δμάδα

2374 2807 2435 2859 τὸ
2495 2808 2829 2877 τρικόρυφον
2886 2808 3013 2878 ὅρος
3071 2807 3147 2871 ὡς
3200 2806 3514 2879 τρισόλϐιον
3580 2806 3742 2872 κλέος
3804 2809 3975 2876 φέρον

2376 2900 2699 2971 ὡραῖζεται.
2739 2901 2915 2971 Χάρις
2952 2896 3045 2953 οῦν
3073 2899 3151 2971 τῷ
3177 2898 3298 2969 θεῷ
3330 2898 3411 2969 τῷ
3432 2898 3773 2954 ,πλουτοῦντι
3822 2900 3976 2967 ὑμᾶς

2379 2993 2476 3046 σὺν
2546 2993 2681 3046 πᾶσι
2739 2994 2853 3055 τοῖς
2908 2990 3365 3071 ἐπικαλουμένοις
3426 2990 3488 3045 τὸ
3549 2991 3725 3061 ὄνομα
3775 2990 3972 3044 αὐτοῦ.

2391 3084 2630 3138 Ἐπαινῶ
2661 3083 2761 3153 τὴν
2787 3083 2940 3154 ἱερὰν
2965 3082 3259 3151 φυγαδείαν
3288 3082 3444 3152 ὑμῶν
3465 3099 3481 3115 ’
3507 3082 3663 3152 ύμνῶ
3684 3084 3786 3153 τὴν
3812 3085 3974 3154 ὀρει-

2382 3174 2479 3242 νὴν
2510 3172 2786 3227 συνοικίαν
2818 3171 2974 3242 ὑμῶν
2991 3188 3008 3205 ο
3032 3173 3113 3225 ὅτι
3136 3173 3183 3225 εί
3211 3172 3309 3225 καὶ
3336 3171 3640 3242 τληπαθης,
3669 3171 3822 3241 ὅμως
3850 3168 3975 3222 θεο-

2382 3264 2555 3326 ποιός.
2603 3263 2807 3333 Μωσῆς
2854 3264 2913 3315 ἐν
2960 3263 3079 3334 ὄρει
3123 3262 3202 3332 τῷ
3245 3262 3443 3329 Σιναίῳ
3483 3260 3605 3332 Θεῷ
3646 3261 3973 3330 συνωμίλει.

2395 3354 2581 3417 Ἠλίας
2626 3356 2684 3409 ὲν
2730 3353 2847 3423 ὄρει
2901 3354 2979 3425 τῷ
3010 3353 3215 3425 Χωρὴύ
3243 3352 3398 3422 βεὸν
3455 3352 3586 3406 ἰδεῖν
3635 3352 3712 3415 ὡς
3746 3351 3975 3405 δυνατὸν

2380 3447 2634 3517 ἠξίωται.
2680 3446 2887 3515 Ἰησοῦς
2914 3448 3076 3511 αὐτὸς
3103 3450 3132 3500 6
3166 3445 3608 3518 θεαρχικώτατος
3644 3447 3729 3510 είς
3756 3446 3820 3500 τὺ
3846 3446 3974 3519 ὅρος

2380 3540 2589 3594 ἄνεισιν
2638 3537 3128 3611 ἀνθρωποπρεπῶς
3172 3537 3601 3611 προσεύξασθαι.
3656 3538 3727 3593 Τί
3776 3537 3973 3601 τοῦτος

2382 3634 2507 3703 ἐμοὶ
2548 3634 2696 3686 δοκεῖ
2735 3632 3002 3703 σύμϐολον
3030 3630 3131 3701 τῆς
3163 3633 3305 3687 κατὰ
3334 3632 3513 3705 ψυχὴν
3541 3632 3866 3696 ἀναδάσεως
3887 3632 3979 3685 ιτδ

2383 3724 2650 3796 θεώρημα
2692 3719 2852 3781 εἶναι.
2897 3725 2985 3787 Ὠς
3029 3724 3139 3795 γὰρ
3176 3726 3239 3778 τὸ
3278 3725 3403 3796 ὅρος
3440 3724 3829 3797 ύπερανεστὼς
3856 3726 3977 3778 ἐστι

2381 3816 2481 3886 τῆς
2507 3816 2781 3887 ὑπωρείου
2822 3814 3073 3879 πεδιάδος
3102 3817 3198 3870 καὶ
3226 3816 3327 3887 τῆς
3351 3818 3662 3889 κοιλότητος
3679 3834 3694 3849 ⁸
3731 3816 3979 3885 τοσούτῳ

2379 3907 2443 3977 δὴ
2487 3908 2674 3978 μέτρῳ
2721 3908 2751 3960 6
2793 3907 2918 3971 νοῦς
2967 3908 3063 3962 τοῦ
3108 3911 3555 3981 προσευχομένου
3601 3911 3781 3965 ἄνεισι
3834 3910 3977 3980 πρὸς

2380 4000 2513 4052 Θεὸν
2534 3999 2624 4051 διὰ
2650 3997 2748 4051 τοῦ
2776 3997 3057 4069 μετεώρου
3079 4000 3271 4054 τόπου.
3315 3999 3535 4070 Ὁρᾶτε,
3558 3992 3604 4053 ῶ
3631 4000 3975 4072 τριπόθητοι,

2379 4085 2491 4145 οἷον
2525 4091 2622 4143 καὶ
2653 4091 2842 4161 ἡλίκον
2881 4091 3036 4161 ὑμῶν
3081 4092 3144 4145 τὸ
3193 4092 3541 4165 ἐνδιαίτημα.
3578 4092 3978 4162 Μιμνήσκεσοε

2381 4184 2477 4235 καὶ
2504 4182 2664 4253 ἡμῶν
2690 4182 2798 4235 τῶν
2829 4183 3171 4253 ἁμαρτωλῶν
3215 4184 3311 4237 καὶ
3338 4184 3645 4255 χαμοζώων
3674 4182 3935 4235 ἐντεῦθεν
3959 4197 3975 4209 ·

2381 4273 2457 4338 ὡς
2489 4273 2556 4328 ἂν
2584 4274 2992 4346 συναφθείημεν
3018 4276 3148 4346 ύμῖν
3168 4279 3280 4337 τοῖς
3309 4274 3627 4345 ύψιπετέσιν
3658 4276 3842 4337 ἀετοῖς
3866 4274 3981 4327 Κυ-

2384 4367 2521 4441 ρίου.
2562 4368 2701 4422 Ἀλλ’
2725 4367 2897 4437 ἐχέτω
2922 4368 3021 4437 μὲν
3045 4368 3216 4420 ταῦτα
3237 4360 3435 4427 ῶδε,“εί
3462 4368 3559 4419 καὶ
3582 4366 3611 4418 6
3636 4366 3800 4429 πόθος
3822 4367 3979 4437 ᾄττει

681 4466 920 4522 altivolze
946 4464 1164 4521 Domini
1184 4464 1402 4534 aquilae.
1428 4464 1532 4519 Sed
1552 4464 1621 4518 de
1657 4463 1742 4519 his
1773 4462 2067 4526 hactenus,
2099 4475 2273 4531 quan-

2385 4462 2549 4514 πλέον
2574 4461 2775 4529 λέγειν.
2806 4461 2871 4512 Τί
2895 4460 2955 4512 δὲ
2988 4461 3069 4523 είς
3095 4458 3353 4512 τοσοῦτον
3376 4457 3673 4528 ἐληλύθατε
3696 4459 3981 4511 ταπεινῶς

676 4575 841 4630 quam
879 4559 1031 4627 plura
1061 4556 1244 4611 dicere
1273 4557 1427 4612 ardet
1459 4557 1700 4610 animus.
1734 4556 1867 4621 Quae
1897 4570 2026 4607 vero
2053 4564 2163 4607 tam
2186 4552 2273 4606 de-

2391 4569 2527 4615 σεως
2555 4553 2775 4623 μέτρον,
2808 4552 2939 4621 παρ’
2971 4551 3108 4620 ἐμοῦ
3138 4550 3233 4603 τοῦ
3256 4548 3503 4620 ἀμαθοῦς
3530 4550 3722 4620 μαθεῖν
3738 4543 3813 4603 ῶν
3837 4567 3980 4622 προ-

680 4652 845 4705 inisse
871 4650 938 4703 de
962 4649 1116 4728 Vpbis
1148 4650 1355 4703 sentire
1418 4640 1589 4703 causa
1642 4647 1959 4716 impulit.ut
1988 4661 2018 4698 a
2046 4660 2155 4711 me,
2187 4650 2281 4713 qui

679 4759 801 4800 sum
830 4743 1113 4807 indoctus,
1139 4756 1405 4809 responsa
1444 4741 1670 4795 discatis
1708 4740 1775 4793 ad
1798 4740 2133 4807 interrogata
2158 4751 2282 4806 qua:

682 4837 987 4905 protulistis
1003 4834 1026 4887 ‘3
1044 4850 1165 4888 cum
1182 4848 1305 4903 quas
1321 4832 1527 4887 Christi
1545 4833 1719 4902 gratia
1736 4839 1840 4894 est,
1857 4829 1988 4899 quid
2007 4830 2279 4899 agendum

681 4931 861 4999 sitper
885 4944 1004 4992 vos,
1028 4926 1131 4996 ipsi
1152 4926 1381 4981 teneatis
1401 4925 1512 4979 :sin
1543 4923 1747 4985 minus,
1784 4938 1876 4992 per
1893 4936 1987 4977 eos
2010 4931 2156 4977 certe
2185 4920 2279 4987 qui

680 5035 733 5077 et
758 5022 1016 5090 dignitate
1044 5022 1099 5075 et
1114 5019 1329 5074 dicendi
1363 5017 1624 5071 facultate
1660 5025 1943 5085 praestant.
1968 5013 2110 5069 Sunt
2131 5015 2278 5068 enim

682 5111 923 5182 plurimi,
953 5120 1012 5165 ut
1044 5108 1413 5165 subindicavit
1434 5107 1632 5169 oratio,
1654 5122 1794 5176 quos
1815 5106 2031 5161 edoceri
2054 5120 2279 5160 necesse

676 5216 781 5261 est.
806 5204 1024 5259 Veritus
1050 5205 1215 5275 igitur
1240 5218 1308 5257 ne
1337 5216 1434 5256 vos
1459 5198 1807 5264 contristare,
1825 5198 2097 5268 simulque
2123 5197 2277 5252 vobis

682 5298 1065 5366 obtemperare
1099 5296 1243 5350 nolle
1264 5295 1489 5349 videar:
1513 5303 1712 5349 memet
1744 5293 1811 5347 ad
1844 5305 2049 5345 morem
2084 5306 2275 5361 geren-

677 5388 808 5441 dum
845 5389 1093 5457 accingo.
1134 5387 1205 5441 At
1235 5385 1368 5441 illud
1426 5386 1581 5455 prius
1629 5385 1806 5439 habeo
1851 5384 2037 5438 dicere
2075 5400 2089 5437 ε
2125 5382 2272 5437 hanc

682 5480 941 5535 haeresim
974 5480 1336 5549 (quanquam
1382 5480 1686 5546 majoribus
1716 5479 1832 5533 visa
1866 5477 2007 5531 forte
2036 5487 2140 5543 est,
2174 5486 2269 5530 ant

679 5572 1010 5641 quibusdam
1040 5572 1340 5626 etiamnum
1397 5573 1669 5635 videatur,
1703 5586 1812 5625 non
1868 5570 2101 5626 scelesta
2136 5570 2274 5624 adeo

682 5682 783 5720 nec
807 5665 965 5719 valde
993 5667 1235 5735 gravis),
1264 5665 1396 5719 mihi
1421 5675 1591 5731 certe,
1625 5666 1720 5735 qui
1751 5665 1919 5719 hebes
1950 5678 2098 5728 sum,
2132 5663 2271 5717 nihil

680 5759 828 5813 aliud
888 5759 1079 5823 videri,
1120 5774 1286 5830 quam
1341 5759 1547 5814 Christi
1608 5758 1956 5830 negationem
2009 5769 2153 5813 esse.
2212 5755 2270 5811 Si

746 5896 795 5931 “
820 5896 889 5954 ιιι
928 5894 1062 5969 Reg.
1090 5910 1203 5965 XIX,
1234 5894 1323 5951 18.
1386 5896 1432 5929 ⁸⁸
1464 5893 1630 5953 Hebr.
1653 5910 1730 5963 xu,
1769 5894 1858 5951 38.

2384 4644 2623 4696 ετείνατε
2656 4644 2904 4696 πεύσεων
2928 4642 3027 4705 τὰς
3049 4642 3374 4713 ἀποκρίσεις
3396 4658 3411 4707 ;
3446 4641 3603 4697 αὐτοὶ
3624 4640 3810 4713 χάριτι
3840 4644 3981 4713 Χρι-

2386 4735 2512 4789 στοῦ
2560 4737 2654 4804 ἀφ’
2704 4735 2913 4789 ἑαυτῶν
2948 4736 3149 4799 εἰδότες
3202 4735 3265 4788 τὸ
3294 4735 3448 4788 δέον·
3502 4736 3551 4788 εί
3592 4734 3649 4788 δὲ
3686 4737 3787 4805 μὴ,
3839 4736 3979 4806 πρὸς

2382 4831 2489 4883 τῶν
2526 4830 2870 4903 προεχόντων
2917 4830 3013 4882 καὶ
3056 4826 3329 4898 ἀξιώματι
3368 4828 3464 4881 καὶ
3506 4827 3672 4898 λόγῳ.
3706 4826 3833 4879 Εἰσὶ
3865 4830 3979 4897 γὰρ

2382 4923 2739 4987 πλεῖστοι,ὼς
2764 4920 3042 4986 ὑπέδειξεν
3068 4925 3097 4976 6
3126 4921 3303 4989 λόγος,
3321 4922 3629 4989 ὀφείλοντες
3656 4918 3981 4990 ἐκδιδαχθῆ-

2381 5036 2490 5072 ναι.
2518 5017 2618 5070 Ἴν’
2650 5012 2746 5070 οὖν
2788 5017 2863 5088 μὴ
2906 5014 3043 5079 δόξω
3083 5016 3271 5069 λυπεῖν
3297 5016 3465 5086 ὑμᾶς,
3494 5015 3613 5085 ἅμα
3648 5030 3708 5067 τε
3756 5014 3855 5066 καὶ
3884 5011 3977 5065 δε·

2379 5111 2509 5175 διὼς
2556 5110 2621 5164 τὸ
2669 5112 2924 5181 ἀνήκοον.
2982 5108 3217 5180 καθίημι
3272 5106 3509 5179 ἐμαυτὸν
3560 5107 3697 5178 πρὸς
3741 5108 3806 5160 τὸ
3850 5107 3978 5159 επί-

2379 5220 2589 5274 ταγμα.
2636 5202 2796 5256 Ἀλλά
2826 5201 3041 5273 πρῶτον
3072 5202 3251 5255 ἐκεῖνο
3273 5200 3382 5271 ἔχω
3406 5199 3464 5253 λέ
3480 5215 3615 5270 γεινο
3640 5200 3725 5253 ὅτι
3754 5201 3790 5269 ἡ
3821 5200 3978 5270 αἶρε·

2380 5314 2465 5359 σις
2514 5296 2677 5368 αῦτη,
2709 5297 2759 5349 εί
2796 5296 2895 5349 καὶ
2927 5298 3040 5360 τοῖς
3084 5294 3452 5366 προλαϐοῦσιν
3485 5293 3661 5363 ἐφάνη
3699 5291 3901 5356 ἄλλως,
3939 5291 3974 5362 ἢ

2378 5390 2470 5442 καί
2500 5406 2611 5441 τισι
2645 5388 2888 5457 φαίνοιτο
2928 5386 3049 5452 νῦν,
3080 5387 3453 5458 μεσοπόνηρος
3495 5386 3589 5440 καὶ
3613 5385 3675 5437 ού
3705 5383 3830 5438 λίαν
3871 5402 3975 5453 χα-

2376 5482 2547 5553 λεττή,⁸
2574 5484 2699 5552 ἐμοὶ
2738 5480 2871 5549 γοῦν
2913 5482 2993 5552 τῷ
3026 5480 3322 5551 ἀμύδρωπι
3367 5480 3521 5534 οὐδὲν
3558 5478 3689 5533 ἄλλο
3718 5476 3892 5543 δοκεῖ,
3936 5476 3973 5547 ἢ

2374 5578 2605 5649 ἄρνησις
2659 5576 2897 5651 Χριστοῦ
2960 5571 3123 5629 εἶναι.
3179 5575 3243 5627 El
3290 5574 3401 5644 γὰρ
3450 5575 3508 5625 ὲν
3567 5573 3634 5642 τῇ
3684 5569 3859 5624 εἰκόνι
3912 5566 3977 5620 τὸ

2375 5668 2683 5739 ἀρχέτυπον
2712 5666 3055 5738 ἑκφαίνεται,
3098 5664 3175 5729 ῶς
3207 5682 3374 5736 φησιν
3416 5666 3446 5718 6
3474 5663 3754 5731 πάνσοφος
3781 5657 3972 5713 Διονύ-

2376 5775 2492 5819 σιος
2512 5777 2526 5791 ·
2559 5762 2657 5815 καὶ
2691 5762 2740 5814 εί
2777 5762 2812 5831 ὴ
2843 5758 2945 5831 τῆς
2971 5757 3182 5823 εἰκόνος
3212 5755 3351 5828 τιμὴ
3395 5757 3490 5811 επὶ
3518 5755 3581 5809 τὸ
3612 5751 3972 5826 πρωτότυπον

1931 5894 1975 5927 ⁵⁷
2001 5892 2163 5949 Rom.
2205 5908 2261 5961 τ,
2294 5891 2382 5949 12.
