4164 6492
194 413 372 478 1257

1437 409 1977 472 EPISTOLARUM
2055 410 2197 468 LIII.
2249 412 2330 470 ll.

3399 409 3536 476 12.58

188 522 519 587 διαϐαίνει,
556 521 633 586 ὦς
664 538 831 591 φησιν
863 523 892 575 6
925 519 1097 592 μέγας
1123 521 1404 585 Βασίλειος
1427 541 1440 554 ο
1478 521 1805 586 simsum

1907 571 1908 575 η
1937 517 2084 571 enim
2110 518 2162 571 in
2197 518 2438 588 imagine
2468 517 2828 588 archetypum
2867 518 3068 581 elucet,
3104 529 3159 572 ut
3189 521 3533 590 sapientissi-

191 619 271 672 δὲ
321 618 422 671 νῦν
465 619 498 688 ὴ
535 615 702 669 εἰκὼν
731 613 992 687 Χριστοῦ,
1022 617 1280 687 ἤρνηται,
1311 616 1626 687 πεπάτηται
1673 614 1828 684 παρὰ

190 713 332 767 ’τῶν
377 711 782 784 Χριστομάχων
804 726 818 740 ⁸
865 711 974 781 ἄρα
1007 712 1067 763 ἐν
1105 714 1173 782 τῇ
1205 710 1373 763 εἰκόνι
1422 709 1589 764 αὑτοῦ
1621 711 1716 760 καὶ
1740 709 1830 761 διὰ

196 810 324 878 τῆς
367 805 574 869 εἰκόνος
606 804 816 876 ῆρνήΘη
861 805 1117 874 Χριστὸς,
1150 805 1455 874 ῆτιμάσΟη,
1487 803 1827 873 ἀπεδοκιμά-

201 901 330 973 σοη
383 900 691 964 Ἰουδαϊκῶς
720 916 733 931 °
772 900 866 953 καὶ
893 899 1122 962 ἀλλοίως
1148 899 1249 952 οὐκ
1281 899 1431 952 ἔστιν
1453 899 1829 967 ὑπεξαγαγεῖν

197 992 278 1046 ’τὸ
313 992 603 1064 θεώρημα.
639 991 737 1046 Διά
769 990 926 1045 τοῦτο
955 992 1170 1063 θρήνων
1209 992 1301 1044 καὶ¹
1342 992 1592 1044 κοπετῶν
1637 992 1664 1043 6
1702 1009 1826 1044 και-

207 1083 317 1153 ρός
340 1100 357 1114 ·
385 1083 472 1137 διὰ
497 1086 655 1136 τοῦτο
684 1087 775 1135 καὶ
806 1081 1052 1136 τοσοῦτοι
1077 1084 1127 1135 οἱ
1162 1083 1529 1149 ἐνιστάμενοι,
1567 1083 1626 1135 οὐ
1663 1083 1826 1153 μόνον

204 1175 444 1246 ἄνδρες,
470 1176 605 1229 ἀλλά
633 1177 726 1230 καὶ
757 1179 1019 1245 γυναῖκες
1039 1193 1053 1206 ⁸
1089 1177 1161 1239 ὡς
1197 1176 1436 1244 λογικῶς
1469 1194 1529 1229 τε
1562 1179 1655 1230 καὶ
1685 1195 1828 1248 πρα-

204 1267 513 1336 γματικῶς
551 1267 890 1337 ἀρνουμένου
929 1266 1171 1337 Χριστοῦ
1195 1284 1207 1296 ·
1242 1267 1378 1338 ὅπερ
1403 1269 1496 1321 ἐπὶ
1523 1267 1631 1320 τῶν
1657 1268 1824 1322 πάλαι

205 1357 494 1426 αἱρέσεων
522 1357 622 1410 οὐκ
644 1350 855 1410 ὦπται·
883 1356 1119 1425 λογικῶς
1153 1359 1274 1426 μὲν,
1309 1359 1366 1411 ἐν
1390 1358 1466 1428 τῷ
1497 1359 1676 1428 λέγειν
1699 1361 1825 1424 τοὺς

204 1450 466 1514 ἀσεσεῖς,
502 1452 576 1522 μὴ
617 1449 728 1504 οἷόν
770 1469 830 1504 τε
864 1452 1245 1522 ἐγγεγράφθαι
1293 1454 1532 1521 Χριστὸν
1569 1454 1824 1524 σώματος

205 1545 569 1614 χαρακτῆρι·
604 1545 1006 1613 πραγματικῶς
1040 1546 1118 1609 δὲ,
1159 1547 1239 1598 ὃτι
1280 1548 1606 1619 καθαιροῦσι
1639 1551 1823 1604 πᾶσαν

210 1637 413 1689 εἰκόνα
447 1638 607 1705 ἁγίαν
633 1637 894 1706 Χριστοῦ,
917 1639 1017 1707 τῆς
1044 1639 1330 1706 Θεοτόκου,
1365 1641 1636 1709 ἀγγέλων,
1665 1643 1820 1712 ἁγίου

212 1730 557 1810 παντδςδκαὶ
588 1732 768 1798 ἁγίας,
817 1733 882 1784 ἐκ
924 1733 1108 1804 πάσης
1147 1735 1497 1805 Ἑκκλησίας,
1535 1738 1643 1790 ἀπὸ
1687 1756 1820 1791 παν-

208 1823 310 1886 τὸς
351 1823 499 1893 ἱεροῦ
528 1825 904 1894 ἀναθήματος,
938 1826 1072 1896 πυρὶ
1099 1828 1505 1897 παραδιδόντες.
1541 1831 1818 1884 ἐπιτωθά-

212 1916 430 1980 ζοντες,
468 1918 737 1984 γελῶντες
766 1919 826 1972 τὸ
864 1920 1009 1989 μέγα
1039 1920 1137 1990 τῆς
1167 1922 1452 1984 εὐσεϐείας
1492 1926 1812 1996 μυστήριον,

215 2009 503 2081 βδέλυγμα
535 2013 771 2082 Χριστὸν
800 2014 1256 2084 ἐγγεγραμμένον
1282 2017 1378 2069 σὺν
1398 2017 1584 2087 Μητρὶ
1611 2020 1705 2071 καὶ
1729 2017 1814 2071 θε-

218 2102 489 2174 ράπουσιν
519 2105 925 2170 ἀποκαλοῦντες
945 2109 1112 2178 ’ὅπερ
1142 2111 1360 2178 φρονεῖν
1390 2109 1484 2163 καὶ
1515 2109 1694 2179 λέγειν
1720 2113 1814 2165 καὶ

215 2196 505 2264 πράττειν,
583 2195 852 2251 Ἰουδαίων
906 2199 1027 2252 ἐστὶ
1077 2201 1173 2252 καὶ
1231 2199 1521 2273 Ἑλλήνων.
1578 2204 1642 2256 Oi
1703 2205 1813 2276 γάρ

220 2290 467 2360 Ἀραϐες
498 2290 593 2344 καὶ
630 2291 832 2346 Σκύθαι
873 2293 1015 2346 αἰδοῖ
1061 2294 1330 2366 χρώμενοι
1373 2297 1529 2351 οὐδὲν
1572 2299 1812 2353 τοιοῦτον

217 2381 500 2450 ἐφάνησαν
528 2385 914 2454 πεποιηκότες.
950 2385 1073 2449 Πῶς
1096 2382 1189 2440 οὖν
1219 2388 1318 2440 οὐκ
1348 2388 1579 2460 ἄρνησις
1605 2391 1704 2461 τῆς
1731 2395 1812 2445 0E-

219 2475 484 2544 κονομίας
514 2477 752 2548 Χριστοῦ
779 2478 985 2543 ταῦτα;
1031 2479 1171 2532 Ἀλλ’
1196 2481 1290 2534 ἐπὶ
1328 2482 1428 2544 τάς
1460 2485 1754 2553 προτάσεις
1784 2490 1812 2540 6

217 2565 397 2634 λόγος.
427 2567 584 2630 Τινὲς
637 2569 694 2634 ἐξ
730 2569 865 2633 ἰδίας
909 2573 1284 2641 προαιρέσεως
1335 2573 1641 2644 ὑπέκυψαν,
1679 2579 1809 2631 ἄνευ

218 2657 314 2710 τοῦ
341 2662 854 2728 καταναγκάζοντος
875 2678 888 2691 °
921 2663 1071 2717 ἄλλοι
1106 2665 1244 2734 μετά
1276 2665 1534 2736 πληγῶν*
1566 2668 1714 2722 ἄλλοι
1743 2671 1810 2723 δι’

217 2749 450 2820 ἀπειλῆς
481 2754 574 2806 καὶ
608 2754 809 2824 μόνης⁹
833 2755 1015 2825 ἕτεροι
1049 2757 1178 2811 ἄνευ
1208 2759 1463 2830 ἀπειλῆς,
1507 2763 1602 2815 καὶ
1640 2761 1810 2832 βασά-

218 2861 344 2908 νων,
383 2844 515 2910 δέει,
547 2849 641 2899 καὶ
677 2848 874 2917 μόνον’
909 2850 1060 2903 ἄλλοι
1094 2852 1180 2905 διὰ
1207 2853 1267 2905 τὸ
1299 2853 1374 2924 μὴ
1407 2858 1662 2910 ἐκπεσεῖν
1699 2858 1808 2911 τῶν

221 2935 388 2990 ἰδίων.
419 2939 575 3002 Τινὲς
603 2939 658 2992 δέ
690 2941 785 2993 καὶ
820 2943 962 2995 κατὰ
992 2943 1240 3012 ἄγνοιαν.
1273 2947 1512 3013 Τούτους
1544 2950 1806 3021 ἐπιστρέ-

218 3043 417 3095 φοντας
441 3028 558 3092 πῶς
579 3030 659 3082 δεῖ
680 3031 1042 3101 ἀποδέχεσθαι
1062 3050 1076 3098 ;
1102 3036 1584 3107 ἐπιδεικνυμένους
1604 3038 1806 3110 δηλαδὴ

215 3119 400 3184 ἀξίους
429 3123 677 3192 καρποὺς
698 3123 799 3193 τῆς
831 3127 1118 3194 μετανοίας
1146 3128 1416 3192 ἅπαντας.
1442 3131 1600 3195 Τίνες
1633 3132 1689 3184 δὲ
1719 3126 1809 3187 οὗ·

214 3229 333 3279 τοις
382 3213 583 3284 Ἀποχὴ
616 3215 726 3268 τῶν
759 3217 1142 3287 ἀγιασμάτων,
1185 3221 1322 3288 μετά
1353 3224 1799 3293 προσκλαύσεως,
1832 3248 1875 3308 C

216 3303 310 3355 καὶ
338 3304 596 3357 ἐπιπόνου
634 3304 904 3374 δεήσεωςσ
939 3310 1032 3361 ἐπὶ
1062 3310 1161 3380 μὲν
1191 3312 1298 3364 τῶν
1324 3312 1576 3384 πρώτων,
1608 3318 1802 3386 τριετί-

215 3397 381 3461 ζουσα
410 3413 424 3426 ⁸
461 3399 555 3451 ἐπὶΙ
589 3399 647 3452 δὲ
685 3401 792 3453 τῶν
834 3401 1124 3474 δευτέρων,
1161 3403 1501 3469 διετίζουσαο
1545 3409 1639 3461 ἐπὶ
1689 3410 1801 3463 τῶν

213 3492 410 3561 τρίτων
443 3494 537 3546 καὶ
567 3496 842 3565 τετάρτων
875 3496 971 3549 καὶ
996 3496 1285 3565 πέμπτων,
1318 3500 1350 3568 ή
1382 3500 1491 3552 τῶν
1527 3500 1761 3570 πρώτων
1782 3520 1796 3534 ο

216 3586 308 3638 ἐπὶ
355 3587 464 3639 τῶν
512 3588 709 3651 ἔκτων,
764 3591 1094 3645 ἐνιαυσιαία.
1125 3593 1279 3644 Μετά
1319 3593 1418 3663 τὴν
1449 3595 1798 3665 ἐκπλήρωσιν

216 3679 331 3742 πῶς
362 3679 444 3733 δεῖ
474 3680 618 3750 ἔχειν
651 3683 884 3750 αὑτοῦς;
929 3685 990 3736 Εἰ
1030 3685 1128 3754 μὲν
1157 3683 1216 3750 ἐξ
1256 3687 1532 3754 ἱερατικοῦ
1573 3689 1796 3760 πληρώ-

217 3788 403 3839 ματος,
434 3773 528 3826 καὶ
558 3773 654 3844 οὐχ
684 3775 990 3846 ὑπέγραψε,
1040 3778 1236 3847 μηκέτι
1275 3780 1518 3849 μετέχων
1544 3781 1644 3852 τῆς
1673 3785 1798 3836 ἀσεο

215 3860 339 3924 ϐοῦς
368 3863 655 3928 κοινωνίας
681 3883 786 3928 τις.
838 3867 924 3929 Ὠς
955 3869 1010 3920 ἐν
1037 3862 1082 3937 ᾧ
1113 3871 1373 3925 ἐτέτακτο
1403 3874 1614 3945 κλήρῳ.
1647 3877 1707 3929 Ei
1739 3877 1796 3930 δέ

215 3953 308 4006 καὶ
346 3953 691 4026 ὑπογράψας.
733 3959 817 4028 εἴη
859 3959 934 4023 ὼς
973 3963 1293 4034 είργόμενος
1344 3966 1442 4034 τῆς
1481 3969 1796 4040 ἱερουργίας

214 4044 316 4107 ἕως
354 4047 636 4118 ὀρθοδόξου
676 4051 894 4104 συνόδου
921 4069 934 4082 ⁶
987 4055 1260 4108 κοινωνῶν
1305 4056 1349 4109 δ’
1377 4054 1469 4111 οὖν
1505 4059 1654 4130 ὅμως
1685 4061 1797 4114 τῶν

215 4139 590 4208 ἀγιασμάτων.
636 4143 764 4207 Τοῖς
819 4148 996 4214 πάντη
1047 4149 1302 4201 ἀσεϐέσιν
1343 4152 1390 4202 εί
1431 4150 1608 4217 ἔξεστι
1654 4154 1798 4208 κατά

213 4232 452 4301 ἀνάγκην
482 4234 634 4297 δέους
663 4235 846 4302 ἕνεκα,
880 4239 911 4307 ἢ
939 4239 1024 4292 διὰ
1053 4241 1230 4311 λιμὸν,
1259 4243 1291 4313 ἦ
1335 4245 1426 4296 καλ⁵
1453 4245 1583 4298 ἄνευ
1624 4246 1795 4315 ἀνάγο

215 4342 335 4396 κης.
365 4327 396 4396 ἢ
439 4329 535 4381 καὶ
571 4327 658 4382 διὰ
691 4329 812 4400 βίαν
845 4331 1029 4396 ἄλλοις
1058 4335 1428 4400 κοινωνοῦσιν,
1475 4337 1796 4407 ὀρθοδὸξους

213 4418 267 4472 δέ
290 4419 484 4483 αὐτοὺς
513 4421 857 4490 ὁμολογοῦσι,
877 4426 1181 4480 συνεσθίειν
1204 4446 1218 4492 ;
1252 4429 1476 4501 υύδαμῆ
1498 4432 1752 4501 οὐδαμῶς
1778 4449 1792 4466 '

1932 626 2055 664 mus
2091 610 2386 682 Dionysius
2423 611 2532 664 ait:
2564 625 2628 665 ae
2663 611 2707 666 si
2744 611 3002 682 imaginis
3047 614 3224 666 honor
3253 614 3318 666 ad
3351 624 3532 682 proto-

1931 711 2114 772 typutn
2147 704 2416 766 ascendit,
2449 712 2507 756 ut
2538 719 2769 774 magnus
2792 705 3038 775 loquitur
3074 703 3351 760 Basilius:
3392 723 3532 760 nunc

1929 807 2110 850 autem
2168 798 2473 868 despicatui
2505 799 2689 852 habita
2732 809 2817 854 est
2851 799 3030 871 imago
3061 799 3290 865 Christi,
3314 812 3530 868 negata,

1929 892 2248 945 conculcata
2307 909 2334 944 a
2381 893 2837 964 Clirystommzhis
2873 913 2886 948 :
2923 895 3115 964 utique
3165 893 3424 952 Christus
3474 897 3530 952 in

1927 985 2164 1053 imagine
2198 985 2371 1054 ipsius
2421 995 2474 1039 et
2507 1001 2600 1054 per
2635 986 2932 1056 imaginem
2966 996 3200 1055 negatus
3227 996 3332 1051 est,
3367 989 3526 1058 igno—

1929 1078 2098 1131 minia
2124 1077 2372 1142 allectus,
2400 1093 2552 1133 more
2581 1077 2810 1132 Judaico
2844 1082 3170 1151 reprobatus
3195 1101 3208 1136 :
3238 1099 3338 1138 nec
3365 1085 3519 1140 colli-

1927 1185 2054 1239 gere
2085 1169 2257 1232 aliud,
2289 1185 2346 1224 re
2382 1170 2543 1240 plane
2580 1182 2886 1241 perspecta,
2918 1174 3063 1228 licet.
3100 1175 3310 1231 Idcirco
3368 1179 3525 1248 plau-

1926 1257 2088 1328 gendi
2115 1268 2169 1313 et
2195 1259 2437 1327 ejulandi
2498 1269 2716 1328 tempus
2760 1260 2905 1314 istud
2935 1271 3020 1316 est
3049 1281 3061 1316 :
3095 1263 3300 1320 idcirco
3330 1276 3384 1321 et
3415 1277 3522 1323 tam

1926 1352 2082 1407 multi
2114 1353 2474 1416 reluctantur,
2509 1368 2621 1406 non
2663 1353 2763 1407 viri
2790 1355 2973 1421 modo,
3028 1357 3124 1411 sed
3159 1368 3213 1412 et
3243 1360 3520 1423 mulieres.

1924 1460 1989 1500 eo
2021 1446 2165 1515 quod
2199 1462 2308 1500 non
2346 1462 2478 1500 voce
2511 1448 2712 1513 solmn,
2750 1448 2845 1502 sed
2884 1458 2938 1502 et
2968 1464 3135 1519 opere
3190 1450 3309 1522 ipso
3366 1453 3524 1509 Chri-

1925 1550 2042 1594 stus
2087 1550 2317 1609 negatur
2349 1557 2362 1592 :
2397 1541 2543 1609 quod
2587 1540 2643 1595 in
2691 1541 2921 1596 vetustis
2965 1542 3268 1600 hazresibus
3301 1547 3523 1604 minime

1924 1631 2105 1686 visum
2147 1641 2254 1686 est.
2310 1632 2456 1687 Voce
2485 1633 2729 1702 quidem,
2761 1650 2886 1688 cum
2920 1644 3116 1706 negent
3145 1637 3295 1708 impii
3325 1655 3520 1710 corpo-

1922 1738 2014 1776 rea
2051 1724 2417 1779 similitudine
2468 1725 2614 1796 pingi
2662 1725 2945 1784 Christum
3002 1743 3205 1798 posse:
3235 1745 3396 1801 opere
3424 1751 3519 1787 au-

1920 1825 2032 1870 tem
2063 1817 2204 1886 ipso,
2261 1833 2388 1871 cum
2441 1833 2659 1873 omnem
2712 1831 2964 1882 evertant
3006 1821 3213 1876 Christi
3273 1836 3517 1881 sanctam

1847 1891 1894 1949 Β
1924 1907 2240 1976 imaginem,
2285 1909 2557 1980 Deiparze,
2611 1916 2933 1984 angelorum
2959 1959 2973 1982 ,
3003 1918 3178 1972 sancti
3209 1933 3274 1973 ac
3317 1931 3518 1977 sanctae

1918 1999 2164 2067 cujusvis
2190 2044 2205 2067 ,
2249 2017 2315 2056 ex
2346 2003 2497 2056 oumi
2536 2005 2650 2059 sedc
2684 2021 2864 2066 sacra,
2914 2023 2982 2061 ex
3021 2010 3172 2064 omni
3197 2026 3357 2066 sacro
3399 2028 3517 2068 mo-

1919 2104 2206 2157 numento,
2235 2094 2348 2166 igni
2378 2096 2677 2158 tradentes,
2713 2101 2980 2156 conviciis
3013 2101 3368 2170 insectantes,
3401 2121 3515 2159 ma-

1910 2199 2081 2254 gnum
2113 2186 2333 2257 pietalis
2383 2192 2704 2260 ntysterium
2744 2191 3034 2248 irridentes
3062 2234 3077 2259 ,
3113 2195 3391 2252 Christum
3422 2200 3512 2253 de-

1916 2278 2140 2348 pictum,
2174 2296 2297 2334 cum
2333 2291 2506 2336 matre
2541 2291 2594 2337 et
2643 2284 2891 2352 famulis,
2927 2287 3352 2346 abominandam
3397 2309 3509 2348 rem

1916 2383 2296 2441 nuncupantes
2323 2375 2498 2443 :quod
2524 2377 2743 2445 quidem
2764 2379 3025 2447 cogitare,
3049 2391 3104 2436 et
3125 2382 3325 2447 dicere,
3353 2395 3406 2440 et
3429 2386 3509 2440 fa-

1914 2464 2386 2527 cere,Judzeorum
2406 2479 2670 2540 estatque
2691 2473 2995 2540 gentilium.
3033 2475 3240 2532 Arabes
3263 2478 3406 2532 enim
3448 2497 3510 2535 ac

1916 2557 2132 2629 Scytha:
2160 2562 2461 2615 reverentia
2499 2563 2670 2629 ducti,
2702 2567 2836 2620 nihil
2863 2567 2970 2622 tale
3015 2569 3116 2624 visi
3147 2581 3272 2626 sunt
3303 2575 3512 2641 pr:esti-

1917 2649 2067 2705 tisse.
2105 2649 2245 2716 Quid
2276 2662 2361 2708 est
2392 2656 2552 2724 igitur
2578 2656 3040 2726 dispensationem
3069 2659 3268 2715 Christi
3293 2679 3508 2733 negare:

1913 2743 1956 2796 si
1983 2743 2083 2797 hoc
2103 2760 2210 2798 non
2227 2754 2310 2800 est
2325 2746 2347 2799 ?
2362 2745 2464 2800 Sed
2485 2748 2550 2800 ad
2571 2750 2972 2818 propositiones
2995 2762 3295 2808 revertatur
3312 2757 3505 2811 oratio.

1912 2833 2146 2899 Quidam
2173 2840 2394 2906 propria
2423 2851 2617 2909 sponte
2666 2858 2860 2897 manus
2905 2843 3133 2910 dedere,
3173 2847 3386 2903 nemine
3415 2866 3508 2916 per

1912 2926 2018 2978 vim
2049 2930 2417 2997 cogentezalii
2439 2947 2562 2985 cum
2589 2933 2762 3004 plagis
2785 2954 2798 2989 :
2821 2934 2910 2989 alii
2939 2936 3105 2993 minis
3133 2938 3393 2994 duntaxat
3415 2957 3505 2994 ex-

1911 3019 2082 3074 territi
2115 3038 2129 3085 ;
2166 3022 2258 3076 alii
2290 3025 2424 3078 citra
2479 3027 2656 3080 minas
2692 3043 2756 3082 ac
2809 3030 3078 3100 supplicia
3105 3073 3120 3096 ,
3151 3031 3268 3086 solo
3314 3042 3456 3086 metu
3485 3050 3500 3098 ;

1915 3109 2032 3174 alii,
2078 3126 2146 3166 ne
2194 3125 2528 3170 emerentur
2562 3117 2722 3173 bouis
2764 3138 2777 3173 :
2817 3121 3063 3175 nonnulli
3096 3131 3274 3176 autem
3302 3138 3394 3192 per
3422 3125 3515 3176 ind

1910 3205 2222 3261 scientiam.
2259 3207 2322 3261 lli
2357 3209 2402 3263 si
2438 3210 2794 3280 resipiscam,
2836 3228 2942 3282 qua
2997 3214 3207 3270 ratione
3259 3217 3502 3270 suntad-

1905 3298 2156 3354 mittendi
2209 3300 2232 3353 ?
2280 3301 2476 3371 Utique
2526 3306 2568 3357 si
2622 3305 2816 3374 dignos
2863 3304 3112 3361 videlicet
3171 3309 3499 3375 paenitentia:

1903 3392 2118 3448 fructus
2136 3411 2329 3450 omnes
2344 3397 2655 3451 exhibeant.
2689 3397 2792 3464 Qui
2822 3410 2948 3452 sunt
2970 3399 3044 3452 illi
3069 3414 3229 3468 porro
3251 3398 3458 3454 fructus
3480 3403 3500 3434 "

1904 3484 2079 3540 Dilata
2117 3487 2476 3543 Eu'charistize
2506 3491 2799 3559 perceptio,
2835 3506 2959 3544 cum
3003 3489 3151 3550 ﬂetu,
3187 3499 3239 3545 et
3270 3490 3494 3547 assidua

1900 3577 2305 3646 deprecatione,
2332 3583 2524 3650 primis
2550 3582 2792 3652 quidem,
2817 3599 2911 3652 per
2947 3584 3240 3638 triennium
3271 3601 3495 3640 :secun-

1901 3669 2005 3731 dis,
2035 3685 2131 3737 per
2187 3686 2364 3727 annos
2413 3674 2600 3730 duos:
2633 3677 2832 3741 tertiis,
2889 3678 3122 3746 quartis,
3151 3689 3204 3733 et
3258 3678 3486 3745 quintis.

1899 3764 2362 3829 quemadmodum
2406 3766 2601 3834 primis
2629 3784 2640 3818 :
2677 3771 2849 3823 sextis
2879 3770 3147 3840 denique,
3177 3771 3337 3824 unius
3357 3771 3485 3824 anni

1901 3855 2100 3922 spatio.
2139 3855 2351 3921 Quibus
2383 3858 2476 3911 ubi
2533 3859 2803 3928 perfuncti
2856 3862 3076 3928 iuerint,
3113 3880 3222 3933 qua
3280 3864 3490 3918 ratione

1902 3958 2029 3999 sunt
2067 3948 2298 4000 habendi
2325 3950 2346 4002 ?
2371 3947 2425 4002 Si
2458 3950 2678 4017 quidem
2711 3960 2795 4006 est
2845 3970 2909 4006 ex
2943 3955 3267 4010 sacerdotali
3299 3953 3494 4010 ordine

1905 4039 2130 4108 aliquis,
2167 4056 2264 4094 nec
2287 4042 2636 4112 subscripsit,
2673 4060 2773 4099 nec
2796 4045 2898 4099 fuit
2933 4046 3113 4115 impiae
3144 4048 3493 4103 communio-

1901 4135 1986 4188 nis
2008 4135 2312 4204 particeps;
2351 4136 2403 4189 in
2427 4152 2536 4206 quo
2565 4138 2852 4193 ordinatus
2877 4147 2960 4192 est
2987 4142 3135 4195 clero
3156 4150 3489 4210 permaneat.

1901 4224 1994 4279 Sin
2028 4241 2156 4281 vero
2202 4229 2526 4298 subscripsit
2568 4229 2709 4284 idem
2745 4245 2760 4296 ;
2806 4231 3092 4286 abstentus
3133 4248 3163 4287 a
3217 4248 3275 4288 re
3334 4248 3487 4288 sacra

1903 4319 2148 4373 facienda
2185 4320 2255 4374 sit
2290 4337 2464 4389 usque
2500 4322 2566 4375 ad
2602 4321 2870 4393 synodum
2913 4325 3272 4380 orthodoxam
3305 4343 3317 4379 :
3345 4340 3490 4380 com-

1899 4413 2137 4466 municet
2165 4421 2345 4466 tamen
2373 4414 2542 4469 sacris
2586 4415 2878 4486 mysteriis.
2910 4414 2968 4471 Si
2997 4419 3307 4473 hominibus
3333 4418 3479 4473 onmi

212 4509 260 4561 εἰ
296 4511 364 4579 μή
405 4509 458 4561 τί
501 4527 565 4577 γε
603 4515 718 4573 τοῖς
754 4515 1025 4583 ἐσχάτοις,
1067 4517 1168 4570 οὐκ
1207 4519 1536 4589 ἀδιαφόρως,
1583 4521 1701 4575 ἀλλ’
1733 4522 1792 4589 ἐξ

1907 4525 1958 4562 ex
1979 4514 2130 4578 parte
2154 4510 2356 4580 impiis,
2377 4520 2596 4580 propter
2619 4511 2993 4566 necessitatem
3016 4513 3302 4583 ingruente
3321 4523 3485 4576 metu,

212 4603 506 4670 ἀναγκαίου
536 4605 682 4662 τινὸς
704 4608 933 4675 τρόπου,
965 4609 1112 4675 ᾶπαξ
1142 4613 1173 4682 ἢ
1205 4611 1302 4676 δίς.
1344 4615 1405 4666 Εἰ
1437 4615 1546 4668 τῶν
1579 4616 1794 4680 τούτοις

214 4697 483 4765 ἐδωδίμων
524 4699 592 4750 τά
617 4699 847 4768 λείψανα
879 4703 1080 4756 ἐσθίειν
1122 4707 1262 4758 κατά
1308 4708 1577 4780 ἀνάγκην,
1625 4710 1656 4781 ἢ
1696 4712 1792 4764 καὶ

212 4789 647 4862 ἄνευάνάγκης.
691 4793 826 4845 διότι
877 4798 1385 4867 προεσχημάτισται
1434 4803 1490 4852 ἐν
1534 4801 1720 4866 αὐτοῖς
1764 4803 1793 4855 6

216 4879 461 4948 σταυρός;
493 4881 553 4933 ΕΞ
597 4881 696 4951 μὲν
739 4885 887 4949 παρὰ
923 4886 1134 4952 ἱερέως,
1171 4887 1422 4958 οὐδαμῶς
1447 4905 1460 4918 ο
1497 4891 1544 4942 εί
1581 4891 1636 4943 δὲ
1689 4894 1785 4960 μὴ,

216 4971 582 5042 μεταληπτέον
625 4973 766 5025 κατά
795 4975 936 5042 βίαν.
972 4977 1032 5028 Εἰ
1066 4977 1121 5029 δὲ
1157 4981 1236 5038 εἰς
1265 4981 1559 5051 εῦκτήριον
1606 4983 1788 5035 αὐτῶν

213 5063 546 5131 εἰσέρχεσθαι
578 5064 745 5133 εὐχῆς
773 5066 968 5136 χάρινο
1006 5069 1099 5119 καὶ
1131 5071 1178 5120 εί
1215 5070 1296 5122 δεῖ
1324 5071 1420 5140 τὴν
1459 5074 1622 5137 ἁγίαν
1653 5077 1786 5127 ἀνα-

211 5155 374 5222 φορὰν
436 5157 495 5208 ἐν
553 5157 702 5226 αὐτῷ
752 5158 1020 5211 ἐπιτελεῖν
1077 5163 1214 5228 μετά
1272 5163 1408 5224 ἰδίας
1463 5167 1782 5238 τραπέζη;;

212 5245 466 5314 Οὐδαμῶς
522 5249 806 5319 ἑκάτερον.
848 5251 910 5304 Ei
964 5253 1045 5306 δεῖ
1091 5255 1301 5326 χαίρειν
1346 5259 1548 5322 αὐτοῖς,
1581 5259 1781 5328 λέγειν,

212 5335 298 5392 καὶ
321 5337 694 5404 ἀσπάζεσθαις
728 5345 1012 5413 Οὐδαμῶς,
1045 5345 1118 5408 ὦς
1164 5365 1327 5417 φησιν
1351 5352 1377 5402 6
1413 5351 1587 5418 μέγας
1619 5353 1783 5406 Βασί-

211 5427 362 5492 λειος.
430 5429 488 5483 ’0
550 5432 756 5500 Κύριος
807 5435 1049 5490 ἐκώλυσε
1100 5438 1191 5492 τὸν
1243 5440 1421 5493 κοινὸν
1466 5444 1783 5514 ἀσπασμόν.

212 5521 364 5574 ’Ὥστε
414 5521 572 5574 τοῦτο
627 5526 768 5577 κατὰ
801 5527 1104 5594 σύμΰασιν·
1137 5532 1209 5593 ὠς
1237 5533 1290 5585 δὲ
1336 5533 1394 5597 ἐξ
1437 5536 1661 5605 ἀγάπης
1693 5539 1784 5588 καὶ

211 5613 402 5682 φιλίας,
434 5615 725 5681 φευκτέον·
766 5618 850 5669 ἵνα
884 5622 1143 5692 πληρωθῇ
1190 5625 1246 5676 ἐν
1280 5625 1474 5694 τούτῳ.
1523 5628 1636 5679 Οὐκ
1667 5628 1782 5680 ἔστι

211 5705 378 5775 λέγειν
417 5708 632 5778 χαίρειν
674 5713 786 5773 τοῖς
824 5714 1100 5769 ἀσεϐέσιν.
1136 5717 1255 5770 Εἰσί
1294 5736 1437 5782 τινες
1467 5720 1576 5772 τῶν
1611 5737 1780 5790 μονα-

213 5800 461 5872 στηρίων,
514 5801 564 5854 οἳ
617 5800 741 5854 οῦτε
797 5803 960 5874 λόγῳ,
1003 5807 1126 5859 οὕτε
1155 5809 1304 5881 ἔργῳ
1338 5811 1600 5882 συνῆλθον
1633 5817 1780 5883 φυγῆ

600 5894 872 5954 Ιδιιτιιοι..
909 5901 1021 5958 Gn.
1057 5901 1267 5961 XCIX.

1903 4604 1982 4655 vel
2018 4604 2089 4657 ob
2120 4605 2342 4669 famem,
2368 4605 2449 4658 vel
2501 4605 2662 4659 etiam
2695 4604 2830 4659 citra
2861 4607 3243 4661 necessitatem
3275 4617 3364 4660 aut
3393 4620 3489 4673 per

1897 4695 2028 4759 vim,
2055 4695 2144 4748 alii
2177 4697 2581 4750 communicent
2603 4697 2694 4764 qui
2728 4698 3070 4753 orthodoxos
3100 4715 3160 4754 se
3190 4700 3483 4769 proﬁtean-

1896 4798 2003 4846 tur.
2032 4803 2100 4840 an
2129 4788 2251 4843 licet
2285 4806 2407 4842 cum
2440 4790 2558 4843 istis
2597 4791 2782 4843 cibum
2841 4808 3059 4846 sumere
3089 4792 3112 4845 ἲ
3145 4791 3301 4847 Nullo
3335 4808 3487 4862 pror-

1893 4893 1988 4932 sus
2012 4879 2214 4932 modo:
2246 4881 2350 4932 nisi
2386 4879 2524 4932 forte
2553 4880 2663 4934 sint
2691 4897 2755 4934 ex
2787 4880 2974 4936 intima
3004 4883 3158 4953 plebe
3185 4901 3199 4938 :
3233 4897 3330 4937 nec
3360 4897 3483 4951 pas-

1891 4972 1994 5024 sim
2045 4987 2106 5026 ac
2136 4975 2462 5042 promiscue,
2498 4973 2590 5027 sed
2635 4989 2767 5028 casu
2816 4977 3002 5045 aliquo
3029 4977 3366 5038 necessario,
3393 4989 3477 5030 se-

1889 5067 1994 5120 mel
2033 5076 2127 5120 aut
2162 5068 2382 5122 iterum.
2427 5066 2508 5120 An
2543 5068 2671 5122 licet
2699 5084 2890 5122 eorum
2928 5085 3099 5124 cmnte
3130 5070 3389 5139 reliquias
3411 5085 3478 5121 ex

1890 5161 2240 5227 necessitate,
2287 5163 2370 5216 vel
2403 5163 2539 5216 citra
2568 5163 2946 5216 necessitatem
2999 5165 3192 5224 edere,
3224 5176 3288 5216 eo
3335 5162 3478 5228 quod

1891 5256 1942 5308 in
2009 5255 2095 5308 his
2165 5255 2383 5324 signqu
2445 5255 2628 5309 crucis
2694 5255 2846 5324 prius
2894 5269 3211 5322 expressum
3252 5254 3324 5307 sit
3356 5255 3378 5304 ‘.’
3418 5253 3477 5308 Si

1887 5347 2107 5416 quidem
2143 5361 2174 5399 a
2216 5349 2535 5411 sacerdote,
2572 5347 2796 5399 minime
2831 5364 2843 5398 :
2878 5346 2959 5398 sin
2997 5345 3202 5409 minus,
3255 5356 3480 5415 cogente

1887 5444 1934 5493 vi
1969 5427 2111 5492 sumi
2143 5449 2382 5508 oportet.
2409 5441 2490 5492 An
2522 5441 2644 5493 licet
2664 5439 2932 5491 orationis
2959 5451 3126 5491 causa
3155 5439 3474 5492 earumdem

1886 5533 2184 5586 oratorium
2214 5533 2422 5602 ingredi
2457 5532 2480 5585 ?
2514 5547 2578 5586 ac
2612 5546 2739 5582 num
2775 5530 2898 5582 licet
2939 5539 3182 5584 sanctam
3219 5532 3290 5584 ibi
3329 5531 3478 5584 obla-

1887 5625 2089 5676 tionem
2122 5638 2382 5691 peragere
2415 5637 2540 5675 cum
2591 5636 2780 5673 mensa
2823 5621 3040 5689 propria
3069 5619 3376 5677 ?Neutrum
3408 5625 3477 5676 li-

1885 5726 1991 5770 cet.
2031 5715 2113 5767 An
2148 5714 2231 5768 fas
2263 5724 2347 5767 est
2376 5713 2634 5784 gratulari
2668 5713 2821 5781 ipsis,
2855 5712 3203 5769 confabulari
3234 5733 3356 5772 cum
3388 5718 3472 5776 iis.

1884 5809 2104 5870 eosdem
2154 5808 2440 5864 salutare?
2467 5806 2822 5876 Neutiquam,
2858 5817 2914 5861 ut
2945 5807 3021 5860 ait
3071 5823 3301 5879 magnus
3332 5807 3476 5862 Basi-

3071 5899 3150 5957 140
