4164 6486
656 385 792 452 1259

1857 389 1917 445 S.
1959 386 2355 447 TIIEODORI
2399 386 2748 448 STUDIT/E

3809 383 3961 448 1260

650 500 777 554 ltus.
849 498 1141 554 Communi
1226 497 1559 551 salutatione
1620 495 1886 550 Dominus
1945 496 2248 550 interdixit.

2356 495 2453 566 τὴν
2484 495 2764 565 σωτηρίαν
2795 493 3177 565 ποριζόμενοι·
3204 495 3297 549 καὶ
3323 495 3487 549 πάλιν
3517 496 3655 567 μετὰ
3685 495 3781 567 τὴν
3811 498 3960 548 ὑπο-

647 589 1021 658 Quamobrem
1079 584 1222 640 istud
1278 601 1346 639 ex
1394 585 1691 640 occasione
1741 584 1835 637 ﬁat
1865 602 1878 637 :
1909 594 1968 638 ιιι
2015 600 2147 639 vero
2181 602 2247 639 ex

652 684 913 739 amicitiae
944 697 1007 735 ac
1061 679 1454 734 benevolentia:
1488 679 1913 751 significatione,
1970 680 2251 733 declinatio

649 778 781 833 dum
818 795 831 831 :
873 785 933 829 ut
957 776 1038 829 sic
1062 772 1208 827 istud
1247 772 1544 842 impleatur
1571 793 1584 826 :
1620 772 1781 826 Nefas
1809 784 1894 827 est
1925 774 2109 828 dicere
2139 776 2253 828 Aw:

648 870 837 941 impiis
864 869 929 922 ".
991 866 1131 921 Sunt
1167 868 1391 938 quidem
1434 884 1464 921 e
1500 868 1900 921 monachorum
1952 878 2095 923 ch-tu
2154 866 2249 937 qui

648 980 829 1033 neque
858 962 1024 1017 verbo
1064 977 1245 1031 neque
1276 976 1441 1032 opere
1480 972 1905 1025 consenserunt,
1940 963 2064 1030 luga
2101 962 2252 1015 salu-

649 1070 757 1114 tem
810 1058 1093 1113 consecuti
1131 1075 1144 1111 :
1181 1072 1515 1127 rursumque
1580 1066 1701 1125 post
1758 1057 2125 1111 secessionem
2181 1057 2250 1110 ab

647 1150 836 1222 impiis
890 1167 950 1205 se
1009 1151 1358 1205 subtraxere.
1402 1149 1568 1203 ﬂecte
1611 1150 1796 1204 habet.
1848 1151 1903 1203 Si
1957 1159 2137 1202 autem
2182 1151 2249 1202 ah

646 1245 831 1316 impiis
863 1259 1019 1298 sacra
1051 1254 1271 1314 peracta
1304 1246 1413 1297 sint
1446 1244 1498 1297 in
1546 1243 1785 1297 Ecclesia
1849 1246 2030 1313 aliqua
2083 1243 2249 1297 semel

645 1341 933 1403 duntaxat,
976 1340 1030 1393 iu
1062 1354 1182 1393 eam
1226 1338 1437 1408 ingredi
1475 1347 1729 1407 poterunt
1760 1338 1907 1391 solas
1978 1336 2249 1407 peracturi

647 1448 840 1504 preces
875 1450 889 1489 :
925 1433 970 1486 si
1000 1449 1130 1487 vero
1159 1432 1382 1501 saepius,
1416 1432 1674 1485 secedant
1705 1431 1773 1483 ab
1798 1448 1860 1483 ea
1913 1432 2247 1499 longissime.

650 1523 958 1579 Smculares
980 1524 1201 1592 quidam
1234 1539 1298 1577 ac
1325 1522 1578 1576 monachi
1602 1524 1937 1591 impietatem
1960 1522 2252 1576 vehemen-

650 1625 735 1669 ter
792 1615 1139 1669 detestantur
1195 1629 1259 1668 ac
1319 1614 1537 1679 lugent:
1570 1622 1791 1681 propter
1827 1614 2009 1665 minas
2066 1624 2249 1666 autent

654 1708 971 1777 impiorum,
1008 1706 1074 1759 ad
1103 1720 1293 1758 eorum
1331 1720 1391 1758 se
1430 1706 1875 1757 communionem
1922 1706 2249 1773 adjuuguut,

656 1800 728 1854 ita
758 1815 854 1854 eos
882 1800 1023 1853 allici
1051 1815 1211 1869 posse
1243 1798 1515 1861 arbitrati,
1550 1814 1740 1865 preces
1778 1810 1960 1851 autem
1996 1800 2109 1852 ﬁeri
2150 1816 2250 1868 pro

2353 589 2600 659 χώρησιν
2625 588 2735 639 τῶν
2758 586 2974 640 ἀσεϐῶν
3003 588 3564 658 ἀνθυποστρέφοντες.
3599 585 3671 641 Εὖ
3703 589 3769 641 Ξιν
3801 590 3955 657 ἔχοι.

2354 682 2413 733 Εἰ
2448 681 2505 733 δὲ
2541 681 2636 733 καὶ
2670 679 3061 750 ἐλειτονργήοη
3115 682 3147 751 ἡ
3188 682 3485 753 Ἐκκλησία
3520 683 3625 735 ὑπὸ
3658 683 3767 735 τῶν
3806 686 3957 735 ἀπε-υ

2354 775 2485 835 ϐῶν,
2526 774 2573 825 εἰ
2609 773 2683 843 μὴ
2726 772 2905 836 ἀπαξ’
2943 774 3235 826 εἰσίτω-δαν
3268 775 3641 840 ἐπιτελοῦντες
3689 779 3748 828 ἐν
3799 780 3959 846 αἱ.τῇ

2352 870 2451 929 τὰς
2483 866 2792 935 προσευχὰς
2831 865 2992 934 μόνον
3014 881 3025 893 ·
3066 868 3113 916 εἰ
3154 865 3211 917 δὲ
3241 866 3523 931 πολλάκις,
3557 870 3959 939 ὑποχωρεέτωο

2357 976 2452 1012 σαν
2480 957 2685 1027 ταύτης
2722 959 2931 1029 πόρρω.
2963 958 3231 1027 Κοσμικοί
3254 960 3397 1023 τινές
3427 963 3565 1014 εἰσιν
3591 964 3621 1033 ἢ
3650 964 3740 1014 καὶ
3773 980 3965 1031 μονα-

2355 1054 2459 1122 χοὶ,
2496 1051 2739 1122 σφοδρῶς
2772 1051 3192 1120 μυσαττὸμενοι,
3230 1051 3262 1119 ἢ
3290 1052 3384 1103 καὶ
3420 1054 3813 1125 ἀποδυρόμενοι
3844 1057 3962 1119 τὴν

2354 1145 2611 1199 ἀσέϐειαν
2634 1163 2647 1177 ·
2681 1144 2844 1197 διὰδὲ
2869 1144 2967 1207 τὰς
2999 1143 3229 1206 ἀπειλὰς
3261 1145 3369 1197 τῶν
3397 1146 3570 1198 ἀθέων
3604 1150 3962 1219 προσέρχον-

2354 1259 2444 1293 ται
2478 1242 2542 1310 τῇ
2587 1239 2768 1293 αὐτῶν
2820 1240 3098 1309 κοινωνίᾳ,
3139 1240 3377 1307 οἰόμενοι
3410 1241 3578 1311 αὐτὴν
3613 1242 3963 1314 δηλητήριον

2355 1328 2517 1393 εἶναι,
2545 1332 2823 1385 αἰτοῦνται
2863 1333 2919 1385 δὲ
2966 1333 3133 1403 εὐχὴν
3174 1333 3315 1402 ὑπὲρ
3362 1334 3540 1386 αὐτῶν
3572 1336 3719 1402 ἡμᾶς
3762 1340 3962 1388 ποιεῖ-

2357 1426 2502 1478 σθαι.
2548 1427 2609 1477 Εἰ
2645 1425 2852 1488 ἔξεστιν
2882 1427 3065 1488 αὐτοῖς
3108 1425 3456 1494 μεταδιδόναι
3503 1426 3609 1479 τῶν
3640 1427 3799 1477 θείων
3834 1446 3963 1495 μυ-

2357 1520 2597 1589 στηρίων
2628 1536 2644 1585 ;
2691 1519 2871 1587 Ιίὑχὴν
2902 1520 3001 1588 μὲν
3033 1518 3467 1584 ποιεῖσθαιέξόν,
3496 1519 3556 1570 οὐ
3592 1518 3693 1587 μὴν
3717 1521 3963 1583 μεταδι-

2353 1615 2521 1676 δόναι,
2548 1612 2650 1665 κᾶν
2692 1614 2720 1665 ὃ
2752 1631 2805 1664 τι
2840 1612 3069 1679 λέγωσιν
3103 1612 3136 1683 ἦ
3184 1614 3486 1680 πράττωσι.
3520 1613 3793 1682 Σταυρονς
3848 1613 3960 1665 ἐὰν

2356 1704 2543 1755 [enim
2574 1704 2715 1755 γατά
2750 1704 2847 1765 τὰς
2884 1704 3213 1772 λεωςςόρους,
3249 1705 3297 1755 εἰ
3339 1704 3420 1755 δεῖ
3473 1709 3827 1773 προσκυνεῖν;
3866 1706 3958 1757 Οὐ

2356 1796 2650 1850 κωλυτέον,
2686 1795 2745 1846 Εἰ
2768 1796 2848 1847 δεῖ
2870 1796 2977 1847 τῶν
3005 1797 3260 1848 τοιούτων
3290 1799 3387 1856 τὰς
3427 1799 3735 1865 προσφορὰς
3768 1814 3963 1865 προς-

652 1890 788 1960 ipsis
823 1906 853 1944 a
885 1892 1041 1944 nobis
1078 1891 1394 1959 clllagitaut.
1428 1890 1508 1941 An
1544 1890 1666 1942 licet
1696 1891 1781 1942 his
1814 1890 2001 1943 divina
2046 1904 2249 1961 myste-

2356 1888 2641 1957 κομίζειν;
2674 1888 2963 1954 Οὐδαμῶς.
3000 1888 3184 1940 Ταῦτα
3231 1885 3323 1940 οὖν
3366 1888 3441 1949 ὡς
3488 1891 3516 1941 ὀ
3552 1889 3753 1957 Κύριος
3799 1892 3963 1941 κατὰ

653 1983 735 2037 ria
771 1984 1031 2052 impertiri
1058 1982 1081 2035 ?
1111 1984 1301 2036 l'reces
1331 1982 1545 2050 quidem
1582 1998 1836 2050 peragere
1881 1983 2025 2044 licet,
2051 1984 2251 2051 imper-

656 2075 745 2129 tiri
784 2090 913 2129 vero
947 2060 1101 2129 sacra
1153 2090 1256 2127 non
1316 2074 1459 2131 licet.
1496 2074 1757 2144 quidquid
1812 2074 1887 2128 illi
1932 2076 2120 2129 dicant
2158 2087 2253 2131 aut

652 2178 837 2241 agant.
871 2167 925 2222 Si
960 2185 1118 2224 secus
1145 2172 1286 2221 viam
1316 2169 1586 2236 publicam
1634 2184 1828 2223 cruces
1860 2170 1891 2222 ii
1920 2174 2242 2234 statuerint,

654 2276 726 2317 an
769 2270 899 2316 sunt
959 2262 1254 2315 adoranda:
1287 2261 1479 2314 ?Nihil
1537 2270 1699 2314 vetat.
1749 2263 1828 2315 Au
1872 2265 1995 2317 licet
2054 2264 2247 2317 horum

654 2353 961 2408 oblationes
1000 2368 1330 2407 consecrare
1358 2353 1379 2405 ?
1413 2351 1657 2405 Minime.
1690 2352 1814 2407 Hmc
1849 2356 2014 2423 igitur
2042 2372 2140 2423 pro
2185 2372 2249 2411 eo

656 2461 729 2501 ac
760 2445 1030 2499 Dominus
1058 2445 1111 2498 iu
1145 2454 1383 2499 mentem
1415 2446 1621 2514 injecit,
1656 2446 1853 2500 elowti
1879 2463 2071 2503 sumus
2100 2468 2113 2503 :
2142 2464 2247 2502 non

655 2543 815 2611 quasi
845 2541 1158 2594 sancientes
1192 2539 1360 2608 legem
1391 2557 1403 2592 :
1438 2554 1616 2608 neque
1668 2547 1812 2593 enim
1853 2558 1916 2595 ex
1944 2544 2248 2597 antistitum

658 2654 891 2693 numero
936 2654 1151 2703 sumus,
1204 2654 1373 2708 penes
1408 2654 1550 2709 quos
1583 2649 1830 2709 potestas
1863 2649 1945 2693 est
1978 2641 2249 2695 condendi

658 2746 901 2787 canones
935 2731 1073 2794 ;sed
1127 2732 1418 2787 consilium
1449 2734 1663 2793 dantes.
1700 2734 1957 2801 quoniam
2005 2734 2248 2802 ejusdem

661 2825 944 2880 vobiscum
986 2826 1196 2881 ordinis
1222 2842 1415 2881 sumus
1446 2843 1459 2879 :
1493 2840 1557 2878 ac
1589 2833 1875 2894 propterea
1924 2826 2072 2894 quod
2099 2827 2132 2878 ii
2157 2825 2253 2879 de-

662 2926 793 2973 sunt
820 2920 911 2988 qui
945 2929 1189 2974 statuere
1239 2935 1456 2973 summo
1481 2918 1607 2988 jure
1654 2918 1907 2982 debeant,
1941 2920 2047 2973 huc
2079 2936 2108 2973 a
2150 2936 2249 2972 vo-

660 3009 750 3065 bis
790 3012 965 3065 coacti
1018 3013 1427 3067 descendimus.
1461 3010 1571 3066 Vos
1603 3027 1734 3066 vero
1756 3054 1770 3077 ,
1801 3013 1991 3068 Patres
2019 3016 2254 3069 sanctis-

663 3103 812 3169 simi,
839 3105 1056 3159 veniam
1118 3106 1264 3167 date,
1297 3105 1340 3158 si
1399 3104 1531 3174 quid
1592 3106 1644 3157 in
1681 3106 1955 3175 praedictis
1982 3105 2253 3174 displicet.

665 3193 1034 3267 Praeterquam
1071 3199 1215 3268 quod
1249 3198 1493 3252 medicus
1545 3205 1658 3251 tum
1696 3198 1863 3252 animi
1899 3207 2009 3252 tum
2057 3213 2255 3267 corpo-

2355 1980 2482 2032 νοῦν
2512 1982 2791 2048 ἐπήγαγεν
2820 1983 2969 2049 ἡμῖν,
3002 1980 3413 2047 ἐφθεγξάμεθα*
3447 1982 3508 2033 οὐ
3538 1980 3916 2050 impotis-nni);
3942 1997 3960 2011 ·

2354 2074 2659 2143 ἑπεὶ,μτ,δὲ
2702 2078 2871 2141 ἐσμεν
2915 2074 3023 2125 τῶν
3062 2073 3495 2143 ίεραρχούντωνο
3533 2074 3706 2126 αὐτῶν
3738 2076 3851 2142 γὰρ
3892 2074 3963 2126 τὸ

2354 2166 2564 2219 τυποῦν
2630 2166 2974 2228 κανονικὼςο
3048 2166 3185 2219 ἀλλά
3240 2166 3749 2231 συμϐουλευτικώς,
3820 2167 3961 2217 ἐπεί

2355 2260 2522 2327 ἐσμεν
2550 2257 2676 2327 ὑμῖν
2703 2261 2992 2326 ὀμοταγεῖς
3017 2260 3111 2311 καὶ
3139 2260 3326 2329 ἐπειδὴ
3354 2261 3411 2326 ἐξ
3441 2260 3672 2327 ἀπορίας
3694 2260 3803 2310 τῶν
3832 2262 3965 2329 ἱερ-

2354 2350 2599 2420 αρχικώς
2657 2350 2982 2417 ὀφειλόντων
3017 2352 3304 2404 Iumina-3
3365 2353 3803 2422 ἀναγκασθέντες
3850 2354 3962 2422 ἀφ’

2356 2445 2510 2511 ὑμῶν
2558 2443 2899 2513 ἐληλύθαμεν
2940 2445 3020 2507 εἰς
3064 2444 3243 2498 τοῦτο.
3290 2445 3479 2513 Ὑμεῖς
3523 2447 3600 2505 δὲ,
3648 2447 3963 2513 ἁγιώτατοι

2355 2537 2620 2605 Πατέρες,
2662 2540 2963 2603 σύγγνωτε,
3000 2537 3053 2589 εἴ
3091 2539 3143 2589 τί
3178 2541 3327 2591 ἐστιν
3373 2541 3681 2608 ἀπαρέσκον
3712 2540 3843 2607 ὑμῖν
3894 2544 3963 2590 ἐν

2354 2631 2467 2691 τοῖς
2502 2631 2835 2699 εἰρημένοις.
2875 2631 3020 2698 Πλὴν
3061 2632 3141 2682 ὅτι
3187 2632 3215 2683 ὁ
3268 2632 3446 2700 ἰατρὸς
3490 2632 3583 2683 καὶ
3633 2632 3810 2699 ψυχῆς
3848 2633 3964 2684 καὶ

2358 2720 2632 2789 σώματος,
2676 2725 2772 2775 καὶ
2804 2722 3102 2792 προσώπου
3136 2724 3420 2791 ποιότητα,
3456 2725 3547 2775 καὶ
3588 2721 3781 2790 καιροῦ
3819 2722 3964 2774 ἰδιο-

2355 2826 2515 2880 τητα,
2547 2812 2662 2876 ἓξιν
2688 2828 2747 2863 τε
2790 2813 2883 2864 καὶ
2927 2811 3118 2873 πάθος,
3145 2812 3377 2879 δύναμίν
3422 2829 3479 2863 τε
3516 2814 3605 2864 καὶ
3648 2812 3959 2879 ἀδρανειαν

2357 2901 2679 2971 ὲπιτηροίη·
2714 2904 2808 2954 καὶ
2842 2901 2985 2955 οὕτω
3033 2903 3381 2972 φαρμακεύοι
3416 2904 3511 2954 καὶ
3550 2904 3693 2955 ἰᾶται
3715 2919 3729 2932 '
3767 2902 3964 2956 ἐλλεί-

2356 2992 2484 3060 ψεσι
2537 2993 2634 3045 καὶ
2696 2993 3036 3062 προσθήκαις
3089 2990 3406 3062 χρώμενος’
3462 2994 3497 3046 ἃ
3552 2995 3609 3043 ὲν
3660 2994 3963 3065 κεφαλαίῳ

2359 3106 2679 3177 περιλαϐεῖν
2707 3108 2804 3176 οὐχ
2842 3102 2954 3160 οἷόν
2986 3125 3045 3159 τε
3084 3108 3412 3171 κανονικῶς·
3452 3109 3525 3172 ὡς
3570 3112 3663 3161 καὶ
3705 3110 3865 3162 αὐτοὶ
3899 3113 3960 3165 οἱ

2359 3202 2507 3269 ἅγιοι
2539 3200 2781 3270 Πατέρες
2814 3200 2969 3269 ἡμῶν
2994 3200 3283 3270 ὡρίσαντο.

664 3288 763 3355 ris,
793 3300 845 3343 et
875 3302 1125 3358 persona:
1190 3291 1532 3360 qualitatem,
1597 3301 1652 3345 et
1716 3293 1977 3359 temporis
2036 3292 2525 3362 Opportunitatem,
2577 3294 2843 3357 habitum,
2905 3292 3155 3353 atl’ectus,
3205 3294 3374 3357 vires,
3406 3294 3962 3363 imtiecitlitatemque

661 3384 1065 3452 contemplatur
1103 3401 1116 3436 :
1150 3392 1203 3437 et
1237 3385 1315 3438 sic
1348 3384 1589 3438 remedia
1624 3385 1847 3439 coniicit
1876 3386 2240 3455 adltibetque:
2284 3388 2664 3440 medicamenti
2706 3388 2928 3439 modum
3001 3402 3144 3439 nunc
3184 3402 3413 3456 augens.
3463 3404 3609 3441 nunc
3641 3389 3903 3440 minuens
3941 3408 3960 3444 :

662 3486 785 3541 quae
845 3489 955 3527 uno
1012 3474 1194 3543 capite
1224 3489 1287 3529 ac
1319 3490 1519 3546 genere
1576 3478 1966 3546 comprehendi
1995 3480 2097 3533 rite
2137 3495 2246 3534 non
2288 3489 2518 3550 possunt
2551 3498 2563 3533 :
2597 3478 3057 3549 quentadrnmtmn
3092 3479 3195 3547 ipsi
3255 3495 3476 3549 quoque
3508 3483 3683 3535 sancti
3743 3480 3952 3539 Patres

661 3562 837 3617 nostri
869 3562 1224 3620 deﬁnierunt.

1157 3679 1219 3734 L.
1252 3710 1321 3721 —
1350 3678 1591 3735 Luciano
1630 3678 1765 3748 ﬁlio.

2749 3677 2835 3733 N'.
2870 3710 2937 3721 -—-
2968 3680 3278 3747 Λουκιανῷ
3312 3682 3517 3751 τέκνῳ.
3559 3682 3731 3757 [παιδ’

1407 3791 1686 3844 Ρωηίιειιιὶ
1709 3790 2073 3843 absolutionem
2110 3795 2411 3858 impertttur.
2451 3796 2653 3857 (Baron.
2688 3808 2768 3844 an.
2802 3794 2913 3854 816,
2945 3809 2995 3843 n.
3033 3794 3132 3855 19.)

734 3895 881 3953 Deus
908 3909 1098 3954 noster
1131 3902 1375 3971 Optimus
1398 3943 1414 3967 ,
1445 3917 1571 3956 cum
1605 3902 1860 3956 humana:
1886 3912 2094 3957 natura:
2151 3904 2256 3957 im-

662 3988 1017 4046 becillitatem
1075 3994 1314 4055 noverit,
1356 3993 1587 4063 ﬁerique
1627 3994 1903 4047 interdum
1940 4002 2018 4057 ut,
2057 4010 2257 4063 quam-

664 4080 752 4136 vis
780 4081 1053 4137 inoffenso
1077 4082 1213 4151 pede
1246 4083 1457 4153 ingredi
1479 4085 1679 4154 aliquis
1697 4086 1967 4149 videatur,
2001 4087 2046 4140 is
2076 4098 2254 4139 tamen

668 4173 717 4227 si
752 4174 992 4227 remittat
1026 4173 1332 4241 paululum,
1367 4190 1479 4244 quo
1524 4178 1700 4230 nescit
1737 4178 1901 4231 modo
1930 4178 2252 4245 dejiciatur:

668 4263 869 4333 insigni
898 4264 1237 4333 benignitate
1266 4266 1644 4333 pmoitcntiam
1677 4266 1829 4320 dedit
1864 4307 1878 4331 ,
1910 4282 2033 4337 quze
2072 4268 2255 4321 homi-

669 4368 794 4408 nem
831 4369 862 4407 a
935 4353 1091 4422 lapsu
1145 4363 1411 4419 revocet,
1460 4355 1819 4423 restituatque
1864 4354 1918 4406 in
1959 4355 2253 4421 integrum,

666 4445 1121 4515 Quandoquidem
1162 4446 1327 4515 igitur
1357 4456 1410 4501 et
1454 4446 1593 4515 ipSe,
1628 4444 1799 4499 frater
1857 4446 1954 4510 mi,
2003 4447 2258 4499 similiter

668 4538 948 4593 otl'endisti
978 4578 993 4603 ,
1027 4552 1091 4591 ac
1125 4538 1415 4593 laudabilis
1467 4537 1805 4608 pamitentia:
1836 4547 2051 4607 tempus
2078 4539 2259 4607 exple-

667 4631 737 4685 sti
770 4644 785 4692 ;
826 4628 1028 4683 acerbo
1063 4629 1230 4681 animi
1262 4629 1472 4691 dolore,
1506 4628 1856 4699 profusisque
1888 4629 2142 4700 Iacrymis
2201 4639 2259 4682 ut

664 4720 873 4788 accepi,
902 4726 1131 4773 exorato
1156 4716 1265 4773 Deo
1289 4736 1304 4784 ;
1349 4736 1496 4774 nunc
1524 4734 1653 4773 vero
1682 4718 2078 4773 absolutionem
2110 4720 2258 4773 eilia-

665 4814 807 4883 gitas
838 4830 851 4865 :
880 4814 955 4883 (Ι)
1017 4812 1484 4884 quemadmodum
1526 4821 1580 4866 et
1631 4812 1699 4863 ah
1745 4826 2032 4865 (economo
2081 4821 2135 4865 et
2189 4812 2257 4867 ah

665 4908 941 4961 oeconomi
972 4909 1182 4962 vicario
1207 4906 1579 4974 signiﬁcatum
1612 4903 1744 4957 mihi
1775 4913 1857 4957 est
1886 4920 1897 4954 :
1928 4904 2066 4956 hanc.
2092 4905 2257 4957 habe-

662 5008 722 5053 to
760 5016 789 5054 a
822 5000 1073 5065 Domino,
1126 5010 1179 5055 et
1224 5001 1356 5065 eris,
1412 4997 1485 5051 lili
1532 4997 1625 5061 tui,
1651 4997 1719 5050 ab
1755 4997 2019 5051 hodierno
2047 4998 2135 5051 die
2168 5015 2256 5051 sa—

662 5105 793 5156 nus,
835 5098 890 5145 in
914 5092 1137 5149 Christo
1168 5092 1434 5162 gaudens,
1467 5096 1522 5141 et
1550 5088 1605 5140 in
1639 5088 1756 5156 ipso
1790 5104 2053 5158 prospere
2084 5091 2251 5143 vitam

2446 3905 2503 3958 ὐ
2554 3905 2758 3973 ἀγαθὸς
2808 3904 2965 3973 ἡμῶν
2994 3902 3146 3966 Θεὸς,
3181 3904 3337 3967 εἰδὼς
3365 3906 3425 3957 τὸ
3453 3906 3552 3974 τῆς
3593 3906 3961 3979 ἀνθρωπίνης

2360 3995 2577 4063 φύσεως
2610 3995 2906 4056 εὐόλισθον,
2937 3996 3028 4046 καὶ
3056 3996 3135 4046 ὅτι
3174 3996 3223 4045 εί
3250 3996 3345 4046 καὶ
3373 3995 3519 4046 δοκεῖ
3545 4014 3626 4058 τις
3659 3999 3959 4065 κατορθῶν

2359 4085 2715 4154 πορεύεσθαι,
2752 4086 2825 4148 ὡς
2854 4088 2952 4137 οὐκ
2982 4081 3089 4137 οἶδε
3120 4086 3316 4154 μικρὸν
3354 4086 3674 4156 ρᾳθυμήσας
3707 4091 3960 4144 ὑποσκε·

2358 4175 2600 4239 λίζεται·
2659 4177 3055 4245 φιλανθρώπως
3118 4178 3433 4247 ἐδωρήσατο
3476 4180 3573 4247 τὴν
3624 4181 3953 4247 μετάνοιαν,

2360 4267 2811 4336 ἀνακαλουμένην
2842 4269 2929 4318 τὸν
2967 4269 3254 4339 ἄνθρωπον
3285 4270 3383 4339 τῆς
3414 4272 3695 4331 πτώσεως.
3735 4276 3827 4325 καὶ
3862 4277 3955 4337 εἰς

2359 4362 2419 4414 τὸ
2451 4363 2601 4430 ὑγιὲς
2628 4363 3102 4415 ἀποκαθιστῶσαν.
3142 4364 3293 4415 Ἐπεὶ
3325 4360 3418 4417 οὖν
3450 4366 3539 4417 καὶ
3574 4366 3757 4428 αὐτὸς,
3791 4366 3957 4420 ἀδελ-

2361 4457 2427 4523 φέ
2464 4475 2587 4524 μου,
2627 4454 2899 4514 πέπονθας
2932 4454 2959 4506 ὃ
2994 4454 3285 4517 πέπονθας,
3328 4459 3419 4508 καί
3461 4457 3549 4508 τὸν
3591 4459 3690 4525 τῆς
3728 4458 3951 4521 ἀξιολὸ-

2360 4565 2459 4615 γου
2487 4548 2774 4616 μετανοίας
2800 4546 2990 4616 καιρὸν
3028 4547 3414 4616 πεπλήρωκας,
3451 4547 3617 4617 πολλῇ
3646 4549 3949 4613 κατανύξει

2361 4641 2456 4694 καὶ
2484 4640 2758 4701 πλείστοις
2783 4640 3066 4711 δάκρυσιν,
3099 4638 3174 4701 ὡς
3205 4640 3441 4709 ἀκήκοα,
3467 4640 3539 4701 ὡς
3569 4640 3910 4709 ἐξιλεωσάμε

2359 4751 2446 4795 νος
2470 4734 2559 4783 τον
2588 4732 2748 4784 Θεὸν·
2784 4732 3099 4803 ὲπιζητοίης
3130 4732 3188 4784 δὲ
3217 4732 3341 4802 ἄρτι
3367 4731 3518 4782 λύσιν
3544 4749 3557 4761 ·
3584 4731 3729 4783 καθά
3757 4732 3846 4785 διὰ
3885 4752 3949 4786 τι.

2358 4822 2450 4875 τοῦ
2497 4824 2782 4891 οἰκονόμου
2828 4824 2921 4875 καὶ
2966 4822 3058 4876 τοῦ
3095 4824 3496 4894 παροικονόμου
3538 4816 3783 4891 ἐδηλώθη
3829 4843 3946 4893 μοι.

2358 4915 2457 4986 Eii;
2492 4933 2572 4968 σοι
2596 4915 2736 4984 αὕτη
2771 4916 2915 4987 παρὰ
2946 4915 3150 4982 Κυρίου
3175 4933 3186 4945 ·
3215 4916 3310 4968 καὶ
3339 4916 3433 4986 ἔσῃ
3470 4914 3727 4980 ὑγιαίνων
3759 4917 3825 4965 ἐκ
3849 4914 3946 4967 τοῦ

2355 5006 2535 5077 δεῦρο,
2585 5008 2668 5059 υἱὲ
2717 5025 2842 5077 μου,
2896 5010 2989 5060 καὶ
3034 5009 3239 5079 χαίρων
3289 5010 3347 5059 ἐν
3390 5007 3630 5077 Χριστῷ,
3664 5010 3763 5057 καὶ
3813 5025 3949 5059 ιατ-

2357 5098 2714 5169 ευοδούμενος
2758 5104 2814 5153 ὲν
2868 5100 3059 5169 αὐτῷ·
3122 5100 3318 5168 μηκέτι
3377 5098 3714 5167 συμπίπτειν
3765 5099 3946 5161 διδους

664 5199 852 5255 agens,
883 5196 939 5240 ut
978 5203 1045 5241 ne
1076 5168 1306 5256 posthac
1334 5182 1556 5239 decidas
1588 5180 1822 5250 obligata
1859 5182 2091 5235 Domino
2123 5183 2247 5245 ﬁde.

2356 5168 2559 5257 ἐγγύας
2596 5191 2676 5261 τῷ
2718 5168 3001 5263 Δεσπότῃ,
3025 5190 3159 5242 ἀλλὰ
3190 5191 3444 5258 θνήσκειν
3480 5190 3619 5259 ὑπὲρ
3652 5190 3842 5255 αὐτοῦ,
3867 5190 3947 5254 ὡς

664 5278 757 5331 sed
785 5293 884 5347 pro
918 5279 1038 5347 ipso
1072 5291 1301 5333 mortem
1329 5278 1519 5339 obeas,
1553 5274 2013 5343 quemadmodum
2050 5285 2103 5329 et
2139 5276 2252 5343 ipse

662 5383 764 5438 pro
814 5378 866 5424 te
920 5370 1164 5440 pertulit.
1216 5374 1384 5425 Antea
1440 5369 1605 5438 igitur
1632 5384 1729 5437 per
1764 5367 1971 5422 litteras
2015 5368 2245 5435 ejulans,

662 5458 923 5529 indignus
946 5462 1093 5528 licet,
1114 5462 1195 5517 sic
1222 5470 1271 5517 te
1293 5460 1690 5531 compellaham
1720 5476 1732 5512 :
1754 5458 1947 5524 Adam,
1972 5458 2058 5513 ubi
2082 5477 2134 5514 es
2158 5459 2247 5513 "‘1

733 5570 782 5603 ⁸⁸
814 5572 856 5627 ll
888 5572 1051 5629 Joan.
1082 5576 1171 5632 10.
1247 5576 1292 5608 ⁸⁸
1319 5574 1457 5631 Gen.
1492 5590 1576 5640 ιιι,
1607 5572 1661 5627 9.

2356 5280 2452 5330 καὶ
2510 5282 2672 5345 αὐτὸς
2712 5282 2853 5352 ὑπὲρ
2896 5280 2989 5333 σοῦ
3033 5280 3224 5334 ἔπαθε.
3274 5280 3543 5350 Πρότερον
3576 5282 3677 5350 μὲν
3708 5279 3805 5335 οὖν
3852 5283 3944 5335 διὰ

2356 5372 2687 5441 γράμματος
2707 5375 2734 5425 ὁ
2756 5373 2969 5435 ἀνάξιος
2987 5371 3409 5443 κλαυθμυρικῶς
3434 5373 3785 5443 ἐφθεγξάμην
3805 5375 3942 5443 πρὸς

2356 5460 2417 5512 oe’
2440 5478 2455 5492 ·
2489 5462 2681 5533 Ἀδὰμ,
2706 5462 2825 5515 ποῦ
2849 5458 2937 5525 εἷς
2961 5463 3058 5533 τὴν
3087 5463 3236 5516 Θείαν
3259 5464 3441 5535 φωνὴν
3462 5464 3710 5519 ὑπειπών
3733 5485 3746 5497 ·
3772 5468 3861 5520 δια
3879 5465 3942 5517 τὸ

2179 5666 2415 5723 NOTAE.

740 5780 818 5851 εἰ)
856 5780 1009 5863 [lane
1034 5784 1461 5863 absolutionem,
1496 5781 1725 5863 minime
1766 5784 2223 5863 sacramentalem
2258 5785 2492 5855 explicat
2533 5786 2694 5842 Joan.
2730 5784 3013 5855 Jejunator
3054 5788 3105 5844 in
3144 5788 3326 5847 libello
3375 5788 3747 5848 Paenitentiali
3788 5792 3930 5863 apud

662 5850 827 5909 Joan.
863 5852 1136 5907 Morinum
1174 5856 1222 5907 in
1246 5853 1646 5906 Commentario
1674 5852 1737 5905 de
1776 5852 2113 5909 Pcenitrntia.
