4164 6494
160 433 311 499 1261

1371 426 1908 489 EPISTOLARUM
1954 426 2101 487 LIB.
2161 426 2244 486 II-

3315 424 3451 487 126?.

159 546 227 610 ἐξ
262 543 474 615 ὑψηλοῦ
507 562 567 599 σε
601 544 715 617 βίου
741 543 907 599 οἱονεὶ
938 543 1371 615 παραδεισιακοῦ
1401 541 1759 598 ἐκπεπτωκέ-

1880 542 1963 597 Dei
1994 556 2183 596 vocem
2228 541 2533 607 inculcans,
2562 542 2711 612 quod
2749 557 2818 596 ex
2855 539 3074 595 sublimi
3107 540 3226 593 vitae
3257 556 3453 609 genere

159 651 290 689 ναι.
321 635 439 689 Νῦν
467 636 526 689 δὲ
561 638 863 699 ἀναγκαῖον
905 632 1285 702 ἀποτολμῆσαί
1319 651 1386 704 με
1429 633 1522 686 τὸν
1562 630 1768 685 τάλανα

1869 644 2132 705 tanquam
2150 650 2217 689 ex
2244 634 2497 703 paradiso
2518 635 2844 690 excidisscs.
2876 631 3031 687 Nunc
3064 648 3193 687 vero
3228 647 3453 688 necesse

160 724 275 780 καὶ
290 726 489 780 εἰπεῖν·
517 727 724 798 Εἰρήνη
748 745 853 793 σοι,
876 724 1108 790 ἀνάστα,
1131 725 1367 796 Χριστὸς
1387 722 1620 777 κελεύει·
1643 720 1768 793 ζῆθι

1880 735 1948 781 :st
2003 726 2263 781 miserum
2321 740 2411 779 me
2464 724 2725 779 audacter
2763 739 2829 779 ac
2868 723 3040 777 libere
3072 723 3255 778 dicere
3290 740 3304 777 :
3340 719 3453 778 Pax

162 816 257 880 εἰς
279 817 479 871 αἰῶνα.

389 931 522 987 NA'.
542 960 614 973 —
640 931 957 999 Ἀλϐενέκᾳ
992 932 1510 1003 πρωτοσπαθαρίᾳ.
1587 928 1766 1003 [τνζᾍ]

1870 816 1968 872 tibi
2002 835 2014 870 :
2043 830 2303 887 exsurge,
2333 815 2585 870 Christus
2610 814 2765 885 jubet
2795 832 2808 869 :
2841 814 2898 869 in
2934 822 3203 869 aeternum
3233 814 3382 869 vive.

2153 926 2239 985 ιι.
2263 958 2332 971 --
2360 928 2634 982 Albeneca:
2678 928 3137 998 protospathariw.

779 1063 1093 1116 Renuntiare
1127 1065 1311 1115 szeculo
1333 1071 1622 1129 cupientem
1641 1064 1791 1114 docet
1809 1077 1910 1126 quo
1936 1069 2081 1125 pacto
2101 1065 2151 1114 id
2174 1064 2443 1127 impetrare
2464 1078 2493 1113 a
2512 1065 2687 1113 marito
2709 1064 2882 1127 possit.

262 1191 501 1257 Ἐξένισέ
528 1209 597 1263 με
620 1191 683 1248 τὸ
708 1193 949 1266 γράμμα
976 1194 1077 1264 τῆς
1100 1193 1385 1260 εὐγενείας
1409 1210 1503 1246 σου
1532 1194 1633 1246 οὐκ
1657 1192 1768 1245 ὀλί-

171 1299 307 1351 γον·
342 1282 488 1337 οὕτω
522 1284 621 1354 μὲν
672 1285 737 1339 ὲκ
781 1284 1034 1354 φιλοθέου
1079 1284 1308 1355 καρδίας
1356 1282 1763 1354 ὑπαγορευθέν·

173 1374 327 1429 οὕτω
362 1375 419 1428 δὲ
467 1375 574 1430 ὑπὸ
629 1375 1101 1447 συντετριμμένης
1148 1375 1244 1428 καὶ
1293 1374 1770 1444 τεταπεινωμένης

172 1467 480 1530 διαθέσεως
511 1467 753 1539 πραχθέν
772 1483 787 1497 ’
818 1466 961 1520 ὥστε
995 1466 1077 1530 δὶς
1108 1467 1199 1518 ἐπὶ
1222 1466 1285 1518 τὸ
1307 1466 1440 1520 αὐτὸ
1467 1466 1772 1534 ἀναγνόντα

180 1576 255 1629 με
290 1559 587 1627 ἐπιλέγειν.
615 1559 712 1622 Τίς
735 1559 830 1611 καὶ
858 1558 1019 1611 ὁποία
1047 1557 1143 1611 καὶ
1163 1558 1322 1629 ἡλίκη
1358 1559 1392 1627 ἡ
1430 1557 1576 1629 ψυχὴ
1611 1558 1775 1628 αῦτη,

182 1653 214 1720 ἡ
261 1650 437 1703 ταῦτα
494 1648 842 1720 φθεγγομένη
892 1649 1029 1720 πρός
1060 1667 1128 1719 με
1153 1652 1246 1703 τὸν
1278 1650 1663 1723 ταλαίπωρον;
1698 1652 1777 1717 ὠς

177 1740 242 1794 δὲ
314 1742 410 1795 καὶ
462 1742 615 1810 παρά
670 1740 767 1794 τοῦ
828 1741 1308 1813 γραμματηφόρου
1354 1744 1629 1815 ἀνηγγέλη
1686 1762 1776 1814 μοι

178 1834 331 1909 ἅπερ
397 1833 548 1905 ζώσῃ
610 1836 763 1904 φωνῇ
828 1834 1071 1903 παρέθου
1124 1834 1275 1904 αὐτῷ
1330 1836 1604 1901 ἐξειπεῖν’
1653 1838 1776 1891 τότε

179 1928 283 1980 καὶ
348 1925 550 1996 μᾶλλον
588 1924 838 1996 ἠγάσθην
884 1924 1028 1989 λίαν,
1074 1926 1169 1977 καὶ
1217 1925 1445 1990 ἐδόξασα
1490 1927 1583 1980 τὸν
1637 1929 1774 1997 ἀγα-

1938 1194 2027 1248 Me
2051 1194 2242 1247 litterae
2282 1191 2587 1247 nobilitatis
2605 1201 2710 1245 tua:
2737 1189 2882 1244 haud
2906 1189 3253 1244 mediocriter
3268 1205 3458 1260 percu-

1870 1284 1985 1340 lere
2018 1302 2031 1338 :
2065 1294 2194 1340 sunt
2231 1287 2380 1339 enim
2418 1294 2528 1338 tam
2563 1283 2823 1354 religioso
2872 1282 3040 1336 animi
3074 1282 3271 1336 allec-tu
3296 1283 3463 1338 dicta-

1872 1386 1963 1443 taa,
1991 1386 2103 1432 tam
2155 1377 2349 1432 intimo
2381 1377 2459 1447 pii
2513 1377 2723 1432 doloris
2750 1391 2917 1432 sensu
2948 1374 3234 1440 confectae,
3266 1385 3327 1430 ut
3362 1377 3461 1431 iis-

1873 1472 1995 1524 dem
2023 1471 2219 1527 iterum
2256 1469 2508 1540 perlectis
2539 1471 2593 1524 iu
2645 1470 2793 1525 hanc
2832 1470 3069 1540 denique
3111 1476 3298 1524 vocem
3330 1485 3460 1523 ern~

1874 1562 2045 1633 perim
2082 1580 2095 1618 ε
2124 1561 2257 1629 Quae
2281 1570 2335 1617 et
2362 1562 2560 1631 qualis,
2587 1570 2641 1616 et
2663 1569 2868 1631 quanta
2906 1562 3084 1616 anima
3110 1570 3212 1625 cst,
3236 1577 3357 1630 qme
3392 1560 3461 1615 ad

1875 1670 1964 1709 me
2022 1654 2295 1709 infelicem
2355 1655 2457 1707 ista
2508 1653 2858 1723 perscribit?
2902 1651 2976 1707 Ut
3039 1669 3168 1707 vero
3211 1654 3464 1707 nuntiata

1875 1753 2006 1799 sunt
2035 1745 2169 1799 mihi
2202 1760 2233 1799 a
2262 1746 2543 1800 tabellario
2572 1760 2637 1799 ea
2670 1761 2793 1814 qua:
2825 1743 2945 1797 viva
2981 1758 3111 1797 voce
3146 1752 3205 1797 ut
3245 1757 3462 1796 mecum

1876 1838 1967 1892 ille
2003 1838 2436 1891 communicaret
2471 1836 2744 1891 mandasti
2793 1854 2808 1902 ;
2845 1844 2975 1890 tunc
3032 1848 3163 1889 vero
3207 1834 3465 1903 obstupui

1879 1932 2053 1985 multo
2094 1930 2489 1993 vehementius,
2536 1940 2590 1985 et
2619 1929 2834 1983 laudavi
2882 1927 3050 1982 Deum
3087 1937 3335 1982 nostrum
3366 1943 3466 1997 0p-

182 2018 280 2073 θὺν
333 2018 493 2089 ἡμῶν
545 2017 699 2083 Θεὸν,
758 2016 818 2081 ὃς
880 2017 1174 2071 ὲνέπνευσέ
1229 2034 1310 2070 σοι
1368 2019 1613 2074 τοιοῦτον
1658 2021 1773 2074 δια-

1880 2025 2072 2079 limum
2105 2023 2198 2092 qui
2232 2022 2337 2076 tale
2383 2023 2478 2076 tibi
2506 2022 2843 2092 propositum
2878 2021 2933 2074 in
2982 2029 3221 2075 mentem
3258 2021 3463 2090 injecit,

181 2110 476 2178 λογισμὸν,
537 2108 635 2162 καὶ
692 2109 773 2172 είς
836 2106 997 2179 ἔργον
1056 2105 1227 2177 αὐτὴν
1284 2111 1619 2178 προαγαγεῖν
1676 2111 1773 2180 ἔφ-

186 2220 233 2255 ιε
241 2204 436 2273 μένην.

256 2294 421 2362 Μέγα
441 2291 731 2363 τοιγαροῦν
759 2294 819 2345 τὸ
838 2291 999 2362 ἔργον
1025 2291 1053 2345 ὃ
1073 2292 1441 2363 ὲπεπόθησας,
1466 2294 1653 2365 κυρία,
1678 2295 1773 2349 καὶ

181 2384 297 2436 τῶν
336 2383 689 2435 δυσανύστων
712 2398 728 2414 ο
760 2382 822 2434 οὑ
859 2382 1021 2451 μόνον
1050 2382 1137 2435 διὰ
1182 2383 1245 2435 τὸ
1302 2383 1508 2454 ὑψηλὸν
1553 2387 1649 2438 καὶ
1676 2386 1772 2440 οῦ-

185 2475 376 2545 ράνιον
402 2475 498 2529 τοῦ
527 2475 643 2547 βίου
683 2474 871 2544 (οὐδὲν
894 2474 1003 2546 γὰρ
1033 2474 1160 2529 ἄλλο
1185 2477 1219 2547 ἡ
1247 2476 1517 2549 ἀποταγὴ,
1543 2479 1576 2547 ἢ
1614 2495 1778 2532 σταυ-

190 2568 290 2639 ροῦ
325 2568 422 2621 καὶ
443 2567 677 2622 θανάτου
723 2567 1029 2636 ἐπαγγελία
1054 2567 1134 2638 τῷ
1192 2584 1258 2637 γε
1306 2570 1579 2641 ἀληθινῶς
1610 2574 1776 2641 μονά-

189 2678 352 2717 σαντι
375 2663 416 2728 ),
450 2662 588 2715 ἀλλά
617 2663 711 2715 καὶ
733 2660 822 2714 διὰ
849 2661 911 2714 τὸ
938 2663 1180 2717 δεδέσθαι
1207 2681 1266 2717 σε
1289 2665 1468 2736 ἀνδρί·
1493 2662 1663 2735 οὗπερ
1679 2667 1778 2738 οὐχ

188 2754 268 2817 ὡς
298 2755 488 2824 ἔτυχεν
520 2754 635 2807 ἐστι
671 2754 1075 2825 διαζευχθῆναι,
1100 2756 1189 2809 διὰ
1216 2757 1277 2809 τὸ
1296 2757 1660 2811 θεοσὺναπτόν
1694 2777 1777 2813 σοι

197 2843 344 2901 εἶναι
387 2847 651 2917 δηλονότι.
701 2846 798 2910 Τίς
839 2843 933 2901 οὖν
984 2849 1465 2921 ἀποσυνάψειεν,ἢ
1507 2850 1705 2922 δηλαδὴ
1749 2854 1778 2905 6

205 2940 453 3007 συνάψας
476 2980 492 3003 ,
528 2941 621 2991 ἐπὶ
664 2938 887 3008 μείζονα
920 2940 1261 3011 ἡπειγμένην
1293 2941 1577 3012 προελθεῖν
1623 2942 1778 2995 πολι-

194 3030 355 3085 τείαν
386 3047 401 3095 ;
439 3033 530 3083 Δεῖ
555 3025 649 3085 οῦν
700 3030 949 3102 καθάπερ
972 3033 1007 3102 ἡ
1035 3032 1265 3102 διαταγὴ
1295 3032 1391 3086 τοῦ
1428 3033 1585 3101 ἁγίου
1617 3036 1779 3087 Βασι.

192 3123 343 3176 λείου
372 3123 587 3194 πρῶτον
616 3124 685 3178 τά
716 3125 851 3193 πρὸς
879 3124 971 3176 τὸν
998 3124 1270 3193 όμόζυγον
1293 3120 1350 3178 εῦ
1382 3126 1684 3179 διαθέσθαι.
1714 3126 1779 3179 Τί

192 3216 395 3283 τοῦτο;
459 3216 887 3287 Ἀπογυμνῶσαι
938 3217 1032 3269 τὸν
1063 3216 1324 3287 λογισμὸν
1356 3220 1455 3287 τῆς
1496 3220 1734 3288 ἐφέσεως
1762 3236 1776 3252 ·

194 3308 481 3375 ὑποδεῖξαι
538 3308 601 3361 τὸ
644 3306 741 3377 τοῦ
803 3308 1014 3377 κόσμου
1053 3308 1285 3377 μάταιον
1318 3309 1418 3360 καὶ
1454 3309 1739 3378 όνειρῶδες
1764 3325 1777 3338 ·

194 3401 273 3465 ὡς
302 3400 455 3454 οὐδὲν
492 3400 719 3471 μόνιμον
746 3400 805 3453 ὲν
821 3400 992 3470 αὐτῷ,
1026 3400 1164 3453 ἀλλά
1195 3400 1543 3472 παρατρέχον
1575 3400 1665 3453 ίσα
1692 3405 1784 3455 καὶ

199 3496 405 3558 σκιαῖς,
441 3493 545 3546 κάν
573 3493 871 3564 περιχαρὲς
917 3510 994 3558 τι,
1046 3494 1150 3546 κᾶν
1190 3494 1609 3559 ἀπολαυστικὸν,
1678 3494 1784 3549 κᾶν

199 3585 518 3649 πολύολϐον,
551 3584 653 3638 κάν
700 3584 968 3652 ὲνήδονον,
1003 3583 1104 3637 κᾶν
1166 3583 1409 3654 βασιλεία
1435 3585 1597 3656 αὐτή.
1641 3584 1785 3639 Ὠσεὶ

200 3675 363 3739 ἄνθος
391 3677 499 3744 γάρ
520 3674 613 3728 τοῦ
628 3674 803 3743 ἀγροῦ
830 3674 1010 3728 πάντα
1040 3673 1365 3743 ἀφίπτατσι.
1399 3676 1507 3727 Καὶ
1531 3676 1593 3727 οὑ
1625 3675 1785 3728 τοῦτο

203 3768 370 3838 μόνον
393 3781 407 3795 ·
438 3766 575 3818 ἀλλά
628 3766 720 3819 καὶ
762 3767 938 3835 κρῖμα
956 3765 1333 3836 ἀπαραίτητον
1367 3768 1460 3819 ἐπὶ
1488 3766 1597 3818 τῶν
1617 3784 1783 3837 προσ-

202 3857 392 3921 παθῶς
422 3857 708 3925 ζησάντων
743 3858 800 3909 ὲν
830 3858 909 3925 τῷ
944 3856 1175 3926 παρόντι
1207 3857 1387 3921 αἰῶνι,
1417 3858 1512 3911 καὶ
1544 3858 1618 3927 μὴ
1643 3858 1785 3912 κατά

200 3951 303 4013 τὰς
333 3949 555 4012 ἐντολὰς
587 3948 684 4002 τοῦ
712 3947 953 4020 Χριστοῦ
979 3963 992 3979 ν
1044 3950 1182 4019 ὅπερ
1227 3950 1465 4022 ἐργῶδες
1499 3952 1782 4005 ἐκτελέσαι

204 4047 262 4113 ἐν
284 4042 363 4113 τῷ
391 4042 553 4108 κοινῷ
580 4040 699 4112 βίῳ.
728 4042 914 4095 Ταῦτα
965 4042 1221 4111 λάλησον,
1248 4044 1657 4113 παρακάλεσον,
1686 4048 1782 4098 ὲκ-

204 4132 469 4204 μείλιξαι,
510 4133 587 4195 ὡς
634 4133 701 4185 ᾶν
740 4134 990 4198 πείσειας
1018 4134 1182 4187 αὐτὸν
1223 4134 1655 4205 συναιρήσασοαί
1698 4151 1782 4187 σοι

202 4227 296 4279 τὸν
332 4225 535 4279 σκοπὸν
556 4224 657 4295 τῆς
690 4225 998 4295 ἀποταγῆς’
1038 4226 1101 4280 Τί
1134 4225 1245 4295 γὰρ
1279 4222 1469 4293 οἶδας,
1501 4229 1654 4297 φησὶ,
1680 4228 1783 4297 γύ-

202 4334 326 4381 ναι,
366 4319 419 4371 ει
442 4316 548 4370 τὸν
599 4316 790 4384 ἀνδρα
818 4319 1087 4383 σώσεις;
1122 4320 1231 4372 Καὶ
1264 4318 1421 4373 τοῦτο
1464 4322 1556 4373 ἐπὶ
1587 4321 1782 4391 χρόνον

208 4409 413 4463 ἱκανόν.
448 4409 561 4463 Καὶ
588 4411 637 4463 εί
658 4410 757 4479 μὲν
791 4411 1118 4476 συνέλθοιεν,
1153 4408 1212 4465 εὖ
1231 4412 1297 4466 ἂν
1324 4412 1437 4481 ἔχοι
1460 4428 1476 4446 ο
1511 4415 1561 4465 εί
1597 4414 1653 4467 δὲ
1682 4414 1779 4485 μὴ,

204 4502 325 4554 τότε
352 4502 402 4553 εί
435 4500 693 4553 τοσοῦτον
722 4502 952 4555 ἀνάπτει
980 4519 1039 4554 σε
1068 4504 1096 4555 6
1125 4501 1262 4554 Θεοῦ
1299 4502 1483 4565 πόθος,
1519 4504 1781 4574 πράττεις

204 4596 275 4647 τά
318 4592 548 4657 δόξαντά
591 4609 696 4657 σοι,
732 4594 826 4646 καὶ
861 4594 936 4665 μὴ
993 4593 1320 4663 βουλομένου
1361 4594 1458 4647 τοῦ
1490 4595 1777 4665 ὁμόζυγος.

1875 2114 2133 2183 idemque
2165 2123 2217 2168 te
2241 2111 2556 2182 perﬁciendi
2591 2112 2887 2182 cupiditate
2918 2110 3178 2165 incendit.

1944 2293 2201 2365 Magnum
2258 2293 2447 2364 utique
2505 2292 2764 2362 quiddam
2826 2301 2909 2347 est
2968 2292 3116 2362 quod
3167 2294 3464 2363 expetiisti,

1874 2388 2120 2449 domina,
2178 2394 2234 2441 et
2263 2388 2515 2451 arduum,
2553 2402 2661 2441 non
2714 2387 2881 2441 modo
2935 2398 3159 2457 propter
3219 2389 3467 2445 ctelestis

1876 2476 2203 2549 hujus'vita:
2244 2479 2680 2543 sublimitatem;
2719 2478 2854 2532 nihil
2888 2480 3032 2532 enim
3072 2479 3218 2534 aliud
3255 2498 3464 2536 renun-

1877 2571 2032 2626 tiatio
2091 2579 2196 2633 est,
2255 2585 2421 2640 quam
2472 2571 2657 2625 crucis
2710 2587 2775 2625 ac
2845 2573 3041 2627 mortis
3118 2574 3465 2630 denuntiatio

1877 2661 1924 2714 ei
1988 2661 2083 2730 qui
2146 2676 2271 2716 vere
2326 2662 2632 2716 monachus
2690 2663 2792 2729 sit;
2849 2678 3042 2719 verum
3095 2665 3259 2720 etiam
3320 2670 3467 2736 quod

1889 2754 1967 2809 sis
1987 2769 2112 2809 cum
2148 2754 2268 2808 viro
2291 2755 2568 2825 copulata,
2595 2770 2624 2809 a
2654 2770 2765 2824 quo
2798 2755 2979 2810 divelli
3012 2772 3269 2825 magnum
3293 2738 3470 2830 nego-

1877 2845 2016 2899 tium
2059 2853 2164 2912 est,
2234 2855 2521 2916 propterea
2580 2848 2725 2915 quod
2759 2848 2953 2902 ambos
2986 2848 3237 2903 videlicet
3264 2865 3467 2905 consu-

1879 2938 2106 2993 ciaverit
2164 2936 2393 2993 Deus“.
2444 2938 2579 3005 Quis
2623 2955 2754 3009 ergo
2801 2940 3111 3011 disjunget?
3148 2942 3270 3011 ipse
3303 2944 3468 2998 nitui-

1879 3044 2001 3083 rum
2038 3028 2131 3099 qui
2165 3029 2474 3096 conjunxit,
2507 3030 2599 3100 qui
2634 3032 2884 3101 progredi
2918 3033 3065 3103 cogit
3100 3034 3169 3087 ad
3204 3044 3472 3104 pra:stan-

1880 3123 1992 3177 tius
2048 3124 2172 3177 vita:
2215 3124 2551 3179 institutum.
2603 3124 2842 3181 Necesse
2888 3137 2972 3182 est
3015 3130 3199 3199 igitur,
3230 3147 3293 3185 ex
3328 3147 3467 3200 pra:-

1882 3215 2086 3284 scripto
2132 3216 2304 3271 sancti
2340 3216 2548 3279 Basilii,
2584 3233 2647 3271 ea
2680 3219 2914 3287 primum
2948 3235 3070 3289 quae
3098 3223 3165 3277 ad
3201 3225 3461 3278 maritum

1810 3314 2134 3403 Cspectant
2193 3317 2341 3360 recte
2408 3308 2685 3376 componi.
2750 3307 2892 3374 Quid
2950 3310 3093 3364 istud
3151 3314 3276 3368 est?
3330 3315 3471 3380 Quid

1886 3397 2099 3453 consilii
2136 3398 2367 3467 ceperis,
2400 3399 2656 3467 aperire;
2697 3416 2861 3471 quam
2902 3403 3017 3457 sint
3056 3419 3145 3458 res
3182 3407 3472 3463 mundana:

1888 3490 2077 3546 inanes
2120 3505 2185 3546 ac
2234 3492 2433 3546 somnii
2464 3493 2698 3557 similes,
2750 3509 3090 3564 suggerere:
3125 3506 3183 3557 ut
3216 3500 3352 3553 nihil
3386 3501 3475 3557 hic

1886 3580 2052 3637 ﬁxum
2083 3583 2154 3637 sit
2182 3597 2246 3636 ac
2274 3583 2489 3648 stabile,
2522 3583 2656 3638 nihil
2692 3600 2799 3639 non
2825 3584 3002 3640 instar
3023 3588 3229 3644 umbra:
3258 3599 3476 3660 praeter-

1886 3672 2025 3739 iens,
2067 3674 2422 3744 quantumvis
2463 3674 2769 3743 jucundum
2830 3677 2965 3734 illud
3008 3690 3333 3751 gratumque
3377 3684 3471 3743 sit.

1885 3766 2291 3836 quantumlibet
2327 3764 2610 3822 felicitatis
2640 3768 2833 3824 afferat
2860 3785 2926 3825 ac
2954 3772 3269 3842 voluptatis.
3306 3776 3390 3830 vel
3425 3776 3473 3831 si

1888 3866 2128 3927 potestas
2182 3860 2330 3929 regia
2386 3858 2574 3915 fuerit.
2626 3859 2763 3915 Nam
2817 3863 2968 3918 velut
3008 3863 3110 3920 llos
3141 3867 3256 3936 agri
3284 3870 3471 3925 omnia

1885 3962 2239 4006 evanescunt.
2304 3949 2494 4022 Neque
2560 3954 2664 4008 hoc
2723 3954 2952 4011 solum:
2992 3957 3089 4011 sed
3122 3968 3176 4013 et
3200 3959 3472 4029 judicium

1887 4038 2227 4094 inexorabile
2256 4039 2363 4094 erit
2385 4054 2599 4105 eorum,
2627 4041 2723 4110 qui
2746 4042 2799 4097 in
2822 4045 3075 4112 praesenti
3106 4059 3223 4102 avo
3257 4048 3473 4105 vitiosis

1885 4130 2169 4187 all‘ectibus
2199 4132 2467 4202 inquinati
2500 4132 2760 4199 vixerint,
2793 4149 2894 4190 nec
2927 4137 3229 4194 secundum
3263 4139 3472 4199 Christi

1884 4230 2153 4293 praecepta
2185 4241 2201 4277 :
2230 4222 2284 4277 id
2316 4224 2462 4291 quod
2504 4223 2819 4294 perdillicile
2855 4236 2942 4282 est
2976 4228 3036 4283 in
3067 4232 3317 4288 saeculari
3340 4234 3472 4289 vita.

1884 4313 2011 4370 Haec
2037 4314 2278 4385 loquere,
2310 4315 2622 4381 adhortare,
2646 4318 2941 4374 verborum
2960 4319 3221 4378 blanditia
3248 4324 3470 4405 adhibe,

1882 4416 1945 4463 ut
1998 4408 2242 4462 animum
2302 4407 2351 4463 is
2400 4408 2623 4464 inducat
2672 4411 3101 4469 renuntiationis
3122 4418 3471 4485 propositum

1882 4516 1992 4555 una
2037 4509 2214 4555 tecum
2250 4500 2524 4570 amplecti.
2576 4500 2724 4555 Unde
2769 4504 2909 4556 enim
2938 4506 3065 4571 scis,
3100 4505 3302 4577 inquit,
3352 4526 3470 4562 nm-

1884 4592 2003 4656 lier,
2023 4592 2068 4645 si
2096 4593 2266 4646 virum
2293 4591 2496 4645 salvum
2553 4592 2718 4661 facies
2741 4593 2822 4646 “1’
2866 4594 2933 4649 Et
2972 4595 3117 4650 istud
3146 4598 3212 4650 ad
3256 4607 3474 4669 tempus

219 4683 380 4748 'Alit’,
411 4683 487 4747 ὡς
514 4684 859 4754 προείρηται,
879 4684 1269 4749 δυσεξάνυστον
1296 4685 1358 4738 τὸ
1385 4690 1619 4757 πρᾶγμα
1643 4704 1658 4718 ·
1689 4690 1780 4742 καὶ

1888 4684 2022 4738 satis
2043 4693 2146 4738 est.
2182 4683 2261 4738 Ac
2295 4683 2341 4737 si
2382 4683 2605 4753 quidem
2642 4684 2747 4739 'ille
2794 4689 3156 4753 cmisenserit,
3198 4689 3339 4745 belle
3376 4692 3478 4746 ha-

209 4778 445 4848 μάλιστα
478 4778 538 4829 ὲν
567 4778 687 4839 ταῖς
716 4776 812 4829 τοῦ
839 4777 1083 4847 διωγμοῦ
1121 4778 1361 4849 ἡμέραις
1380 4796 1394 4807 ·
1429 4780 1524 4832 καὶ
1553 4780 1637 4833 ὅτι
1665 4780 1780 4850 οὐχὶ

1890 4774 1979 4829 bet
2008 4793 2021 4828 :
2056 4776 2139 4830 sin
2172 4776 2376 4837 minus,
2419 4785 2550 4829 tunc
2577 4775 2619 4829 si
2661 4785 2713 4831 te
2740 4776 2831 4831 Dei
2871 4788 3057 4833 tantus
3097 4796 3253 4835 amor
3282 4784 3474 4837 incen-

205 4870 445 4941 τυχοῦσα
473 4868 632 4939 αὑτὴ,
677 4869 813 4923 ἀλλὰ
862 4870 969 4922 τῶν
995 4870 1402 4941 ὑπερεχουσῶν,
1436 4872 1530 4925 καί
1559 4889 1623 4940 γε
1679 4872 1789 4925 τῶν

210 4960 487 5031 συναίμων
528 4963 595 5031 τῇ
657 4960 1032 5031 βασιλευούσῃ.
1082 4961 1197 5029 Ἐφ’
1242 4954 1287 5028 ᾧ
1329 4965 1423 5014 καὶ
1485 4962 1788 5032 θαυμάζειν

208 5054 323 5106 ἔστί
350 5070 466 5116 πως
486 5055 545 5105 ὲν
574 5056 640 5123 τῇ
675 5053 817 5119 ἄγαν
849 5052 1061 5125 εὐδοξίᾳ
1102 5052 1198 5107 τοῦ
1247 5056 1373 5124 τῇδε
1406 5056 1546 5123 βίου,
1582 5055 1788 5124 ταύτην

209 5144 634 5215 βδελυσσομὲνη,
686 5144 787 5216 τὴν
843 5146 1176 5208 ταπείνωσιν
1219 5146 1456 5215 Χριστοῦ
1506 5146 1788 5217 ὲπιποθεξῖς

208 5235 553 5289 ἐνδύσασθαι.
617 5236 925 5305 Εὐλογητὸς
952 5238 1160 5307 Κύριος
1193 5240 1221 5290 6
1250 5237 1394 5291 οὕτω
1423 5238 1626 5291 πείθων
1645 5254 1658 5267 °
1691 5240 1788 5292 καὶ

208 5330 316 5398 γὰρ
350 5328 489 5399 πρὸς
518 5327 617 5397 τὴν
643 5329 736 5381 τοῦ
770 5329 907 5381 Θεοῦ
934 5330 1091 5394 δόξαν
1132 5330 1207 5393 ὡς
1262 5332 1476 5400 ἀληθῶς
1511 5331 1789 5402 βδέλυγμα

208 5424 325 5473 ἐστι
351 5422 419 5473 τὰ
448 5419 633 5484 ἔνδοξα
678 5420 773 5473 τοῦ
826 5422 1058 5491 ματαίου
1103 5423 1239 5493 βίου.
1288 5424 1455 5493 Ἐχου
1486 5426 1664 5476 τοίνυν
1692 5424 1787 5477 τοῦ

211 5512 494 5565 καλλίστου
521 5510 640 5578 βίου
680 5528 796 5565 σου.
858 5513 1067 5567 ’Λκούω
1106 5515 1216 5585 γάρ
1265 5511 1351 5567 οἷα
1389 5516 1784 5587 ἀγαθουργεῖςο

211 5605 304 5657 καὶ
332 5602 450 5665 πῶς
482 5603 753 5673 ἀφιεμένη
780 5605 881 5668 τάς
914 5605 1202 5670 βασιλικὰς
1235 5606 1554 5678 διατριϐὰς,
1591 5608 1787 5677 σχολά-

212 5694 323 5757 ζεις
357 5694 418 5745 ὲν
456 5693 625 5763 ἑαυτῇ
655 5695 749 5747 καὶ
774 5695 833 5745 ἐν
878 5696 1123 5762 ἀγαθοῖς,
1156 5696 1314 5749 Ἐστι
1354 5701 1461 5768 γὰρ
1496 5701 1591 5752 καὶ
1622 5698 1681 5751 ἑν
1710 5696 1788 5768 τῷ

282 5867 331 5900 ⁵ο
393 5865 589 5924 Matth.
650 5886 765 5939 xw,
797 5874 851 5927 (5.
952 5873 991 5907 ⁸¹
1027 5873 1196 5931 lCor.
1240 5890 1337 5943 vn,
1388 5876 1476 5932 16.

1884 4867 1985 4934 dit,
2014 4866 2067 4921 id
2099 4866 2300 4920 ellicies
2322 4865 2469 4936 quod
2503 4866 2715 4921 libitum
2746 4867 2871 4930 crit,
2905 4870 2988 4923 vel
3014 4870 3187 4924 invito
3216 4872 3472 4943 conjuge.

1888 4959 1994 5012 Sed
2034 4974 2123 5012 res
2166 4974 2253 5021 ea,
2301 4967 2363 5011 ut
2422 4958 2628 5012 dictum
2684 4968 2770 5013 est
2830 4969 3010 5025 antea,
3050 4962 3282 5016 multum
3309 4964 3476 5018 habet

1885 5051 2222 5106 diliicultatis
2248 5066 2312 5106 ac
2346 5051 2589 5105 laboris:
2624 5054 2925 5119 praesertim
2961 5069 3093 5107 vero
3126 5061 3472 5124 persecutio-

1890 5143 1975 5196 nis
1996 5152 2242 5210 tempore
2277 5158 2289 5194 :
2320 5154 2373 5196 et
2409 5140 2555 5210 quod
2586 5156 2694 5195 non
2727 5144 2979 5212 quaelibet
3010 5161 3041 5198 e
3077 5146 3230 5214 plebe
3253 5148 3350 5211 sis,
3380 5149 3476 5202 sed

1888 5234 2231 5301 eprimariis
2281 5242 2338 5286 et
2398 5232 2742 5302 principibus
2794 5233 3033 5299 feminis,
3089 5253 3153 5291 ac
3215 5237 3476 5307 Augusta:

1887 5326 2334 5396 consanguineis.
2395 5324 2549 5379 Unde
2608 5337 2660 5380 et
2712 5326 2899 5381 mirari
2935 5329 3085 5383 subit
3114 5331 3475 5399 quemadmo-

1886 5419 2017 5472 dum
2070 5419 2123 5471 iu
2184 5429 2293 5472 tam
2343 5418 2649 5472 abundanti
2694 5420 2821 5473 vitae
2874 5422 3160 5491 praesentis
3184 5422 3376 5489 gloria,
3411 5438 3476 5478 ca

1888 5511 2193 5580 repudiata,
2215 5510 2419 5565 Christi
2450 5510 3060 5569 humilitateminduere
3091 5516 3474 5584 concupiscas.

1894 5604 2219 5659 Benedictus
2252 5603 2517 5658 Dominus
2550 5620 2580 5658 a
2626 5620 2736 5673 quo
2765 5606 2881 5662 haec
2928 5607 3126 5677 injecta
3156 5623 3311 5661 mens
3344 5618 3428 5663 est
3459 5624 3474 5661 :

1895 5713 2022 5754 vere
2076 5697 2223 5753 enim
2280 5712 2390 5765 pne
2453 5696 2545 5752 Dei
2578 5696 2774 5767 gloria,
2829 5699 3193 5756 abominanda
3252 5714 3341 5755 res
3394 5708 3476 5755 est
