4164 6496
663 383 802 446 19.63

1876 378 1939 439 S.
1970 377 2370 440 TllEODORI
2411 379 2764 441 STUDITAS

3860 386 3992 449 126i

652 498 931 569 quidquid
980 505 1064 552 est
1134 496 1188 551 in
1246 497 1348 549 hac
1379 490 1528 548 inani
1580 493 1693 547 vita
1743 492 2075 562 gloriosum.
2127 492 2279 549 Tene

2387 492 2488 565 βίῳ
2530 493 2805 566 σωθῆναι,
2853 494 2952 550 καὶ
2986 497 3130 571 μετὰ
3166 498 3399 572 ἀνδρός·
3433 501 3529 554 καὶ
3562 498 3741 554 πάλιν
3770 501 3913 572 πρὸς
3938 504 3999 555 τὸ

661 594 833 662 igitur
887 601 1041 647 tuum
1088 589 1359 658 optimum
1406 589 1531 643 vita:
1572 587 1911 643 institutum.
1954 588 2075 643 Tua
2116 590 2266 643 enim

652 688 800 742 facta
841 687 1078 741 illustria
1135 686 1321 748 audio,
1379 693 1433 738 ct
1490 683 1963 754 quemadmodum
2015 683 2269 740 abdicata

654 779 969 849 principum
1035 776 1433 841 fauniliaritate,
1499 774 1599 829 tibi
1652 775 1745 828 ttni
1795 790 1861 829 ac
1887 774 2057 829 rebus
2107 775 2272 831 bonis

652 888 835 929 vaces.
882 870 1017 925 Nam
1046 882 1101 925 et
1133 873 1187 924 in
1215 871 1325 925 isto
1354 869 1481 923 vitae
1506 883 1708 939 genere
1732 868 1970 924 salutem
2000 870 2269 939 consequi

654 977 831 1037 potes,
860 966 1024 1020 etiam
1062 979 1190 1018 cum
1232 964 1351 1016 viro
1386 978 1399 1014 :
1452 960 1651 1016 deinde
1679 969 1862 1014 autem
1899 961 2266 1031 subsequenti

653 1071 921 1129 tempore,
960 1069 1017 1113 ut
1048 1056 1419 1113 fortunat-crit
1449 1053 1739 1117 Dominus,
1775 1054 1855 1108 sic
1885 1062 1939 1108 et
1974 1071 2127 1125 ages,
2168 1070 2268 1110 nec

654 1154 836 1208 \‘irum
866 1153 1229 1219 contristans,
1269 1152 1365 1205 sed
1401 1149 1589 1218 potius
1610 1147 1896 1202 inﬂectens
1928 1146 2116 1201 divina
2140 1164 2271 1201 cou-

2371 584 2525 655 ὲξῆς,
2579 587 2655 649 ὡς
2685 588 2714 639 δ
2760 585 2967 659 Κύριος
3025 589 3371 656 εὐοδὼσειεν,
3403 590 3552 645 οὕτω
3597 594 3701 645 καὶ
3730 592 3952 664 διαγίνῃ
3976 636 3991 659 ,

2374 683 2453 756 μὴ
2492 680 2747 734 λυποῦσα
2792 681 2887 734 τὸν
2934 682 3235 752 ὁμόζυγον,
3272 684 3411 738 ἀλλά
3443 683 3647 754 μᾶλλον
3686 688 3995 755 κατακάμ-

2370 793 2589 833 πτουσα
2618 776 2709 829 διὰ
2736 776 2837 847 τῆς
2870 775 3060 829 ἐνθέου
3085 777 3387 847 διαγωγῆς.
3424 782 3559 852 Περὶ
3588 782 3695 853 τῆς
3724 782 3991 850 essm;

2369 872 2659 943 δεδήλωκα
2682 872 2823 942 αὐτῇ
2849 871 2911 925 τὸ
2940 874 3364 944 παριστάμενόν
3400 893 3513 943 μοι.
3534 875 3675 943 Περὶ
3703 873 3806 927 τοῦ
3847 877 3992 927 οἰκον

2374 968 2544 1038 νόμου
2587 966 2685 1019 καὶ
2732 966 3028 1037 ἀγαπητοῦ
3081 967 3311 1032 τέκνου,
3348 968 3582 1022 πλεῖστά
3614 984 3703 1020 σοι
3742 971 3989 1035 dna-411-

2382 1058 2589 1132 ριστῶ,
2642 1059 2955 1129 συμπαθῶς
3008 1060 3332 1133 ἐπειχθείσῃ
3376 1058 3531 1133 [ίοά.
3584 1060 3720 1130 Reg.
3764 1060 3991 1130 ἑπιχῦἐ-

2381 1149 2521 1223 στῃ]
2554 1152 2693 1222 πρὸς
2723 1152 2910 1207 αὐτόν.
2946 1152 3149 1222 Εὖροις
3178 1153 3327 1217 ἕλεος
3364 1154 3519 1224 τιαρά
3548 1154 3777 1225 Κυρίῳ.

660 1248 995 1303 versatione.
1043 1246 1121 1302 De
1142 1243 1683 1313 sororc,signilicavi
1715 1242 1764 1297 ei
1800 1256 1912 1312 quo
1950 1256 2039 1295 res
2070 1257 2205 1295 mea:
2220 1242 2345 1297 loco
2374 1257 2583 1300 essent.
2618 1247 2691 1300 De
2716 1260 3010 1301 oeconomo
3045 1249 3266 1316 lilioque
3291 1247 3673 1310 dilectissimo,
3716 1248 3994 1304 maximas

668 1342 764 1397 tibi
800 1344 1008 1412 gratias
1034 1357 1160 1411 ago,
1192 1338 1344 1410 quod
1372 1338 1525 1391 omni
1550 1352 1678 1391 eum
1714 1336 2077 1392 humanitatis
2115 1335 2298 1392 oﬂicio
2344 1339 2425 1395 sis
2455 1350 2773 1410 prosecuta.
2810 1340 2856 1393 A
2887 1338 3122 1395 Domino
3151 1340 3591 1395 misericordiam
3616 1354 3990 1411 consequare.

995 1466 1000 1472 -
1094 1434 1202 1489 ιιι.
1244 1465 1316 1475 -
1358 1433 1553 1488 Maria:
1586 1432 1831 1485 monialt‘.

2738 1432 2869 1487 NB’.
2912 1464 2983 1472 —-
3020 1435 3215 1502 Μαρίᾳ
3242 1432 3614 1503 μοναζούσῃ.

1349 1528 1459 1577 Non
1497 1526 1765 1590 improbat,
1790 1528 1924 1589 quod
1949 1526 2324 1589 persecutionis
2350 1533 2487 1578 metu
2508 1528 2603 1578 sub
2626 1528 2852 1578 saeculari
2882 1527 3057 1578 habitu
3085 1530 3291 1578 lateret.

734 1616 867 1689 Legi
905 1616 1231 1672 reverentiae
1266 1625 1373 1671 tua:
1403 1616 1749 1679 schedulam,
1780 1629 1847 1669 ac
1887 1614 2039 1684 pium
2072 1614 2275 1668 consi-

660 1709 800 1765 lintn
862 1708 1155 1763 intellexi:
1196 1707 1345 1778 quod
1398 1707 1543 1762 idem
1606 1722 1733 1761 cum
1789 1707 1948 1760 beato
1981 1705 2075 1758 illo
2114 1704 2277 1759 Patre

663 1803 1011 1873 propositum
1076 1802 1280 1858 habeas
1347 1814 1575 1872 propter
1634 1798 1916 1854 Christum
1980 1800 2271 1869 patiendi:

2463 1616 2736 1685 Ἀνέγνων
2778 1631 2873 1667 σου
2901 1616 3002 1686 τὴν
3045 1615 3240 1684 τιμίαν
3269 1611 3566 1683 συλλαϐὴν,
3611 1615 3712 1668 καὶ
3740 1615 3995 1684 ἐπέγνων

2379 1726 2474 1761 σου
2505 1709 2599 1763 τὸν
2635 1709 2837 1781 εὐσεϐῆ
2873 1709 3173 1778 λογισμόν·
3207 1709 3291 1762 ὅτι
3333 1712 3433 1779 τῆς
3469 1708 3645 1778 αὐτῆς
3679 1709 3765 1780 τῷ
3807 1729 3991 1781 μακα-

2382 1802 2485 1875 ρίῳ
2520 1802 2717 1874 ἐκείνῳ
2766 1804 2947 1875 [ἰατρὶ
2979 1802 3281 1865 διαθέσεως
3314 1801 3633 1861 ἀκολούθως
3667 1802 3824 1872 ἔχεις
3856 1805 3994 1875 ὑπὲρ

663 1898 832 1968 idque
880 1895 1008 1967 jure
1058 1898 1312 1966 optimo:
1366 1905 1428 1949 ut
1478 1894 1657 1963 palam
1690 1895 1781 1959 sit,
1844 1908 2007 1948 unam
2060 1895 2277 1963 utrique

2387 1895 2623 1966 Χριστοῦ
2655 1895 2924 1965 πάσχειν·
2976 1896 3071 1950 καὶ
3101 1896 3331 1959 εξκότως
3353 1912 3368 1926 ο
3408 1895 3494 1947 ἵνα
3530 1898 3673 1966 φανῇ
3706 1897 3796 1948 ὅτι
3830 1899 3865 1967 ἡ
3903 1900 3995 1967 μία

663 2006 887 2046 carnem
919 2000 973 2045 et
1007 2000 1245 2044 mentem
1299 2004 1465 2043 unam
1524 2004 1668 2049 esse,
1725 2004 1827 2043 nec
1860 1999 1913 2043 te
1952 1988 2271 2058 discrepare

665 2084 789 2140 (ide.
858 2081 967 2138 Deo
1026 2084 1194 2152 igitur
1243 2092 1427 2153 grates
1482 2081 1728 2151 agendae,
1786 2082 1882 2151 qui
1919 2096 2020 2135 vos
2072 2082 2167 2144 ita,
2202 2096 2269 2135 ex

675 2176 853 2247 ipsius
879 2189 1025 2230 metu
1057 2187 1113 2231 et
1150 2191 1359 2241 amore,
1402 2175 1673 2244 disjunxit
1716 2174 1951 2229 invicem
1991 2174 2269 2245 Evangelii

664 2270 867 2342 gladio,
903 2268 1085 2340 quoad
1130 2283 1373 2339 corpus;
1424 2282 1759 2336 rursumque
1803 2283 1915 2323 uno
1966 2269 2164 2337 spiritu
2206 2282 2271 2321 ac

666 2380 858 2429 sensu,
896 2363 1079 2435 quoad
1122 2364 1371 2418 animum
1413 2364 1778 2417 consOciavit.
1826 2362 2048 2417 Enitere
2080 2362 2269 2429 igitur,

665 2458 891 2513 domina
945 2472 1087 2521 mea,
1124 2467 1181 2510 ut
1226 2455 1422 2526 :equali
1475 2471 1599 2510 cum
1641 2470 1707 2509 «ιο
1737 2456 2059 2510 conditione
2106 2456 2272 2527 digna

667 2550 975 2613 censearis,
1030 2560 1091 2604 ut
1134 2550 1246 2604 illic
1284 2550 1465 2605 eidem
1507 2564 1795 2613 occurras,
1830 2558 1891 2603 ut
1926 2550 2003 2603 sis
2036 2564 2161 2602 cum
2207 2565 2275 2604 eo

669 2659 907 2713 semper,
960 2646 1137 2713 ipsum
1186 2642 1416 2713 eligens,
1469 2652 1529 2697 ut
1586 2643 1702 2711 ipse
1750 2650 1804 2697 te
1853 2643 2037 2714 elegit.
2068 2643 2275 2713 insigni

669 2738 816 2792 enim
858 2736 1128 2791 charitate
1182 2750 1373 2789 curam
1428 2734 1517 2789 ille
1569 2735 1846 2804 ingentem
1880 2735 1931 2788 in
1970 2735 2150 2789 salute
2186 2744 2277 2789 tua

670 2829 1017 2899 procuranda
1051 2828 1318 2898 suscepit,
1364 2828 1832 2897 quemadmodum
1862 2838 1918 2883 et
1954 2828 2069 2898 ipse
2098 2830 2224 2883 novi
2262 2846 2276 2882 :

674 2936 801 2977 nam
834 2922 881 2975 is
928 2921 1219 2975 humilitati
1280 2936 1415 2975 mea:
1469 2929 1733 2989 tanquam
1771 2920 1882 2974 (ilio
1914 2935 2013 2975 sua
2060 2920 2277 2991 negotia

673 3013 1145 3068 communicabat.
1179 3010 1336 3079 Quod
1381 3021 1605 3082 propter
1641 3013 2045 3081 persecutionis
2072 3013 2283 3067 dillicil-

675 3106 808 3159 lima
867 3115 1154 3176 tempora,
1234 3104 1619 3161 dissimulandi
1689 3121 1881 3170 causa,
1958 3106 2281 3160 saecularem

674 3208 904 3254 extento
946 3200 1134 3254 habitu
1168 3209 1427 3253 ornatum
1471 3198 1638 3268 geris,
1685 3199 1851 3269 idque
1907 3199 2147 3263 modice,
2185 3214 2285 3253 nec

2382 1990 2519 2057 σάρξ
2569 1988 2629 2042 ἓν
2682 1990 2777 2042 καὶ
2837 1989 3094 2059 φρόνημα
3153 1992 3385 2061 κρατεῖ,
3421 1994 3520 2061 οὐχ
3574 1992 3995 2062 ὲτεροζυγοῦσα

2381 2081 2511 2149 περὶ
2536 2080 2637 2151 τὴν
2670 2079 2878 2133 πίστιν.
2928 2081 3106 2149 Χάρις
3137 2075 3232 2133 οῦν
3258 2081 3338 2151 τῷ
3364 2081 3485 2153 Θεῴ
3510 2082 3587 2151 τῷ
3630 2082 3813 2146 οὕτως
3845 2085 3991 2155 ὑμᾶς

2377 2172 2467 2225 διὰ
2505 2172 2600 2226 τὸν
2628 2172 2796 2242 φόϐον
2823 2174 2931 2236 ζκαὶ
2966 2171 3137 2225 πὸοον
3172 2173 3341 2226 αὐτοῦ
3378 2173 3731 2240 διαζεύξαντι
3762 2178 3867 2229 ἀπ’
3900 2178 3991 2229 ἀ).-

2379 2266 2558 2337 λήλων
2607 2266 2855 2337 μαχαίρᾳ
2902 2267 3240 2337 εὐαγγελικῇ
3283 2269 3640 2338 σωματικῶς,
3674 2270 3779 2323 καὶ
3824 2271 3992 2324 πάλιν

2378 2360 2458 2431 τῷ
2481 2362 2563 2413 ἐνὶ
2589 2360 2862 2431 πνεύματι
2895 2362 2990 2412 καὶ
3020 2362 3335 2431 φρονήματι
3366 2360 3672 2430 συνάψαντι
3706 2362 3989 2432 ψυχικῶς.

2382 2455 2697 2510 Σπούδασον
2737 2454 2852 2519 οὖν,
2894 2454 3067 2524 κυρία
3106 2473 3231 2525 μου,
3271 2455 3371 2525 τῆς
3417 2455 3539 2525 ίσης
3571 2456 3729 2526 αὐτῷ
3765 2457 3992 2527 μερίδος

2382 2549 2723 2620 ἀξιωθῆναι,
2772 2550 2871 2601 καὶ
2932 2547 3330 2615 συντεῦξασθαι
3395 2549 3541 2613 ἐκεῖ,
3592 2550 3687 2602 καὶ
3743 2554 3991 2601 συνεῖναι

2384 2644 2588 2709 εἰσαεὶ,
2623 2643 2961 2712 αἱρουμένην
2997 2640 3147 2712 αῦτῴ
3178 2640 3253 2704 ὼς
3285 2642 3580 2712 ᾑρετίσατό
3608 2658 3688 2694 σε.
3732 2642 3852 2695 Καὶ
3884 2644 3991 2712 γὰρ

2388 2733 2557 2804 πολλῇ
2612 2733 2806 2803 ἀγάπῃ
2869 2732 3071 2802 πολλὴν
3118 2732 3216 2785 καὶ
3263 2732 3522 2803 φροντίδα
3581 2732 3745 2802 ἔσχεν
3807 2732 3871 2783 ἐν
3922 2735 3988 2802 τῇ

2387 2827 2637 2898 σωτηρίᾳ
2680 2844 2810 2889 σου,
2864 2826 2941 2890 ὼς
2991 2824 3110 2879 οἴδα
3142 2826 3333 2895 κάγώ’
3368 2825 3560 2879 καθότι
3592 2826 3878 2879 κοινωνῶν
3924 2821 3993 2894 ἦν

2386 2925 2453 2990 τῇ
2486 2920 2819 2973 ταπεινώσει
2867 2938 2970 2989 μου
3004 2919 3074 2973 τά
3100 2920 3226 2973 καθ’
3253 2919 3417 2973 αὑτὸν
3447 2919 3523 2982 ὼς
3552 2918 3676 2989 υἱῷ.
3708 2920 3850 2989 Περὶ
3888 2919 3990 2988 τῆς

2388 3014 2535 3065 κατὰ
2569 3013 2817 3082 ἀνάγκην
2850 3012 2945 3065 τοῦ
2976 3012 3223 3081 διωγμοῦ
3255 3012 3621 3083 ὑποκριτικῆς
3652 3028 3751 3064 σου
3783 3011 3990 3077 ἔξωθεν

2389 3108 2884 3175 κοσμοφορήσεως,
2929 3106 3066 3175 πρὸς
3120 3106 3319 3176 μικρὸν
3367 3106 3561 3175 χρόνον
3600 3108 3697 3158 καὶ
3747 3106 3987 3175 τρόπον’

2391 3197 2626 3269 εὓρηται
2672 3198 2731 3249 ἐν
2775 3192 2891 3261 τοῖς
2928 3198 3107 3265 ἁγίοις
3146 3200 3291 3251 κατά
3321 3215 3443 3251 τινα
3487 3198 3800 3267 ἀναγκαίαν
3850 3198 3992 3251 ὑπό-

675 3292 822 3349 diu:
888 3303 1163 3363 repertmn
1213 3291 1360 3347 istud
1419 3292 1472 3346 in
1530 3294 1740 3347 sanctis
1789 3308 1859 3347 ex
1894 3308 2062 3348 causa
2100 3294 2285 3364 aliqua

2392 3289 2579 3344 Osatv'
2622 3291 2701 3353 εἰς
2742 3290 2796 3343 δὲ
2832 3291 2890 3343 τὸ
2930 3289 3039 3355 ἀεὶ,
3091 3289 3367 3359 οὐδαμῶς.
3419 3292 3624 3344 Λοιπὸν
3653 3292 3757 3343 οὐκ
3790 3286 3912 3345 οἶδα
3940 3293 3993 3345 τί

675 3386 988 3441 necessaria
1027 3405 1040 3440 :
1084 3386 1139 3440 in
1188 3400 1352 3439 omne
1390 3399 1521 3439 vero
1551 3394 1788 3455 tempus,
1821 3385 2090 3451 minlme;
2128 3394 2291 3440 cade-

680 3496 801 3536 rum
852 3482 981 3551 quid
1014 3481 1269 3536 dicturus
1301 3481 1406 3535 sim
1460 3480 1665 3535 haereo.
1698 3478 1838 3533 Nam
1882 3480 1928 3534 si
1960 3492 2158 3535 auctor
2185 3480 2288 3534 sim

678 3581 739 3627 ut
773 3571 956 3626 lictmn
994 3573 1244 3627 habitum
1292 3571 1561 3642 deponas,
1617 3571 1884 3643 imparem
1918 3582 1969 3626 te
2025 3574 2291 3643 martyrio

677 3669 870 3723 dices:
907 3669 1199 3724 vocaberis
1227 3668 1374 3723 enim
1426 3678 1482 3723 et
1520 3667 1589 3722 ad
1622 3683 1839 3739 pinnas.
1885 3666 1942 3721 Si
1977 3683 2202 3722 rursum
2239 3679 2289 3722 te

680 3758 761 3813 sic
813 3759 1125 3825 dimittam,
1181 3760 1387 3829 scripta
1453 3760 1602 3815 nulla
1654 3762 1960 3814 auctoritas
2020 3768 2104 3815 est
2164 3775 2288 3830 qua:

654 3848 1031 3921 .sull‘ragetur.
1060 3851 1287 3907 Duobus
1322 3851 1490 3923 igitur
1517 3852 1819 3922 prOpositis
1844 3852 2028 3914 malis,
2061 3862 2291 3921 praesta-

679 3943 848 4000 bilius
900 3953 989 4000 est
1032 3945 1175 4000 clam
1234 3945 1532 3999 mouialem
1578 3960 1725 4009 esse,
1774 3960 1968 4013 quam,
2022 3946 2067 3999 si
2102 3945 2291 4014 plagas

681 4037 889 4106 perpeti
948 4051 1216 4107 nequeas,
1267 4036 1533 4107 perduelli
1604 4036 2018 4091 communicare
2071 4034 2289 4100 haeresi,

682 4135 850 4197 atque
876 4141 904 4181 a
931 4127 1155 4183 Christo
1200 4127 1533 4192 desciscere,
1584 4127 1639 4182 in
1683 4142 1796 4198 quo
1827 4141 1951 4183 sors
1980 4138 2073 4182 tua
2109 4124 2291 4181 l‘utura

683 4230 771 4276 est
804 4222 1163 4292 sempiterna.

1211 4335 1343 4391 Llll.
1375 4366 1446 4378 —-
1470 4334 1723 4391 Martiali.

2392 3387 2552 3439 είπω.
2603 3384 2729 3438 Ἐὰν
2781 3385 3064 3456 ἐπιτρέψω
3102 3386 3259 3455 ῥίψαι
3311 3384 3409 3455 τὴν
3442 3386 3759 3456 ὑπόκρισιν,
3812 3387 3992 3448 εἴποις

2392 3480 2460 3532 ἂν
2493 3478 2567 3549 μὴ
2602 3480 2793 3548 φέρειν
2825 3477 2886 3531 τδ
2924 3477 3263 3549 μαρτύριον
3297 3478 3566 3549 mme
3613 3478 3723 3549 γὰρ
3770 3479 3870 3531 καὶ
3914 3481 3994 3541 εἰς

2391 3573 2624 3643 βάσανα.
2671 3572 2800 3625 Ἐάν
2833 3588 2892 3626 τε
2927 3572 3094 3625 πάλιν
3129 3574 3485 3641 ὲπαφήσαιμι
3510 3572 3718 3635 οὕτως,
3753 3572 3859 3625 οὐκ
3883 3573 3993 3642 ἔχω

2390 3667 2677 3739 Γραφικὴν
2731 3667 3063 3738 μαρτυρίαν.
3114 3669 3220 3727 Δύο
3261 3665 3442 3719 τοίνυν
3498 3665 3683 3718 κακῶν
3758 3682 3991 3737 προκει-

2392 3761 2593 3831 μένων,
2634 3760 2883 3830 κρείττόν
2937 3763 3054 3813 ἐστι
3099 3760 3556 3832 κρυπτομόναχον
3606 3756 3771 3825 εἶναι,
3828 3760 3863 3831 ἦ
3915 3759 3993 3830 μὴ

2388 3854 2625 3921 φέροντα
2658 3852 2760 3913 τὰς
2808 3853 3061 3923 πληγάς,
3102 3855 3435 3925 κοινωνῆσαι
3481 3858 3548 3925 τῇ
3586 3855 3868 3925 ἀρνητικῇ
3904 3855 3992 3906 αί-

2392 3948 2571 4016 ρέσει,
2625 3948 2721 3999 καὶ
2760 3947 3064 4019 ἀποστῆναι
3114 3946 3378 4019 Χριστοῦ,
3424 3947 3511 4017 ἐφ’
3546 3939 3591 4015 ᾧ
3641 3945 3800 3999 ἔσται
3838 3946 3931 3999 ἀεὶ
3960 3947 3993 4015 ἡ

2393 4040 2555 4109 μερίς
2586 4055 2704 4091 σου.

2861 4335 2989 4391 Nl".
3023 4365 3094 4375 —
3126 4330 3506 4401 Μοναζούσῃ.
3526 4331 3537 4404 ι
3560 4330 3739 4406 τερα]

1477 4424 1783 4478 Hortatoria.
1821 4425 1888 4477 lit
1920 4437 2011 4490 pro
2030 4429 2167 4476 recta
2191 4426 2288 4476 ﬁde
2312 4424 2603 4488 martyrium
2634 4427 2863 4489 perferre
2896 4435 3063 4492 parata
3097 4429 3177 4477 slt.

760 4515 835 4570 Ea
893 4514 1161 4583 temporis
1220 4512 1452 4585 hujusce
1511 4513 1761 4571 conditio
1809 4524 1917 4581 est,
1973 4524 2033 4570 ut
2065 4515 2135 4571 de
2163 4515 2290 4571 aliis

687 4624 789 4666 nos
826 4623 951 4665 esse
980 4607 1247 4663 sollicitos
1268 4616 1553 4679 oporteat:
1587 4623 1714 4665 cum
1749 4608 1868 4679 pari
1904 4608 2090 4664 animo
2116 4610 2291 4665 simus

688 4718 755 4757 ac
778 4700 898 4771 pari
937 4699 1043 4754 ﬁde
1085 4699 1298 4770 praediti
1330 4718 1345 4755 :
1393 4700 1845 4772 quandoquidem
1897 4702 2068 4757 veluti
2103 4702 2161 4756 in
2189 4700 2290 4757 Ec-

687 4794 912 4850 clesiam
968 4800 1135 4847 uitam
1182 4793 1299 4848 sive
1351 4804 1557 4849 emtum
1612 4797 1939 4851 convocavit
1994 4795 2142 4851 Deus
2196 4810 2293 4850 eos

689 4901 882 4941 omnes
922 4884 1017 4955 qui
1052 4900 1151 4955 pro
1176 4885 1403 4951 veritate
1426 4887 1716 4952 dimicant,
1754 4889 1809 4943 in
1851 4903 2026 4959 eaque
2060 4902 2293 4943 consen-

2476 4516 2536 4571 ὐ
2581 4517 2779 4590 Παρῶν
2825 4516 3017 4589 καιρὸς
3066 4517 3333 4581 τοιοῦτος,
3386 4516 3447 4581 ὃς
3477 4516 3787 4585 ἀναγκάζει
3838 4518 3991 4587 ἡμᾶς

2394 4616 2671 4687 μεριμνᾷν
2710 4615 2853 4687 ὑπὲρ
2887 4614 3137 4685 ἀλλήλων
3158 4630 3172 4645 ο
3208 4614 3297 4668 διά
3324 4613 3384 4666 τὸ
3412 4614 3513 4683 τῆς
3559 4611 3853 4683 ἰσοψυχίας
3892 4613 3990 4668 καὶ

2392 4711 2723 4781 ὀμοπιστίας
2767 4710 3019 4779 ἀξίωμα·
3081 4709 3273 4779 ἐπειδὴ
3299 4708 3378 4771 ὡς
3440 4708 3571 4779 μίαν
3639 4707 3987 4779 Ἐκκλησίαν

2393 4804 2563 4873 ἤγουν
2616 4802 2867 4856 συνοδίαν
2915 4801 3322 4855 συνεκαλέσατο
3358 4802 3386 4854 ὁ
3411 4799 3546 4863 Θεὸς
3576 4798 3833 4861 ἅπαντας
3861 4801 3992 4863 τοὺς

2399 4895 2792 4965 ἀντεχομένους
2838 4894 2939 4963 τῆς
2992 4892 3292 4964 ἀληθείας,
3347 4894 3441 4944 καὶ
3491 4892 3549 4944 ὲν
3607 4892 3747 4961 αὐτῇ
3790 4892 3991 4962 ὁμολο-

691 4980 856 5032 tiunt.
891 4954 1368 5043 Quemadmodum
1431 4978 1601 5047 igitur
1632 4980 1771 5035 citra
1802 4954 2027 5035 oﬂeusze
2068 4981 2290 5050 pericu-

2397 4988 2652 5056 γοῦντας.
2687 4986 2954 5057 Καθάπερ
2989 4982 3085 5040 οῦν
3137 4986 3237 5038 οὐκ
3266 4984 3549 5038 ἀκίνδυνον
3574 4982 3652 5053 τῷ
3686 4983 3788 5053 τῆς
3818 4985 3993 5055 αὐτῆς

693 5068 809 5122 lum
843 5084 951 5122 non
980 5078 1087 5134 est,
1118 5068 1213 5138 qui
1246 5083 1373 5124 cum
1398 5070 1649 5141 ejusdem
1669 5073 1999 5127 monasterii
2031 5073 2125 5137 sit,
2159 5072 2293 5125 nihil

693 5163 763 5217 de
815 5162 1210 5231 condiscipulis
1257 5172 1446 5229 curet;
1482 5174 1578 5219 aut
1640 5165 1968 5234 praepositus
2017 5166 2111 5235 qui
2147 5165 2293 5219 nulla

696 5256 903 5324 pariter
947 5254 1015 5310 de
1059 5255 1350 5325 discipulis
1385 5257 1763 5312 sollicitudine
1796 5256 1869 5311 sit
1901 5274 1914 5309 :
1949 5258 2029 5311 sic
2058 5268 2145 5311 est
2169 5273 2295 5327 pro-

696 5345 840 5403 fecto
861 5348 929 5402 dc
958 5348 1115 5402 nobis
1150 5347 1413 5403 omnibus
1444 5366 1459 5404 :
1490 5349 1965 5420 quandoquidem,
1998 5360 2057 5402 ut
2082 5349 2291 5403 dictum

697 5448 805 5502 est,
861 5439 1106 5494 Ecclesia
1174 5455 1281 5493 una
1310 5442 1601 5495 cmnohica
1646 5456 1864 5495 sumus.
1897 5440 2080 5494 lnviso
2117 5454 2167 5495 te
2204 5456 2299 5509 per

697 5530 1011 5597 epistolam,
1069 5541 1123 5587 et
1187 5547 1324 5603 rogo
1381 5534 1664 5603 quomodo
1724 5534 1916 5603 utique
1973 5534 2027 5588 in
2063 5532 2296 5588 Domino

698 5618 907 5681 valeas,
944 5634 1101 5675 soror
1135 5622 1399 5691 spiritalis
1435 5640 1449 5677 :
1500 5631 1685 5679 utrum
1737 5624 1791 5678 in
1842 5625 2060 5695 egregia
2096 5623 2301 5679 Christi

698 5711 1045 5767 confessione
1094 5729 1459 5783 permaneas:
1514 5733 1582 5770 an
1630 5717 1936 5787 depositum
1991 5716 2113 5772 ﬁdei
2150 5718 2287 5771 inte-

649 5853 657 5859 ,
699 5818 855 5870 grnm
902 5818 1087 5859 serves
1130 5820 1232 5873 0pc
1290 5807 1527 5876 Spiritus
1576 5809 1799 5864 sancti:
1843 5824 1911 5863 an
1960 5808 2039 5865 sis
2073 5809 2125 5865 in
2179 5809 2290 5867 Deo

698 5897 1077 5967 corroborata,
1121 5914 1218 5955 nec
1248 5899 1445 5975 impios
1473 5916 1827 5972 cxpavescas.

2401 5081 2569 5151 μονῆς
2601 5082 2750 5145 δντι,
2786 5081 2860 5150 μὴ
2891 5080 3032 5149 ὑπὲρ
3061 5077 3173 5131 τῶν
3211 5075 3592 5146 συμμαθητῶν
3622 5074 3988 5144 φροντιοῦντι.

2398 5171 2430 5241 ἦ
2460 5172 2883 5243 καθηγουμένῳ,
2915 5171 2974 5223 τὸ
3008 5170 3084 5240 μὴ
3116 5169 3247 5238 περὶ
3281 5167 3392 5221 τῶν
3415 5166 3692 5237 φοιτητῶν
3722 5168 3991 5235 ὡσαύτως

2398 5261 2742 5331 φροντίζειν·
2788 5260 2933 5312 οὕτω
2973 5258 3037 5330 δὴ
3095 5258 3189 5311 καὶ
3238 5258 3371 5328 ήμϊν
3421 5258 3619 5311 πᾶσιν·
3662 5258 3989 5332 ἐπειδήπερ,

2397 5353 2473 5415 ὼς
2503 5352 2721 5421 εἴρηται
2742 5392 2757 5416 ,
2788 5354 2888 5421 μία
2927 5350 3227 5420 Ἐκκλησία
3258 5349 3576 5421 κοινοϐιακή
3609 5354 3797 5422 ἐσμεν.
3842 5354 3991 5406 Ἐπι-

2398 5444 2707 5513 σκέπτομαί
2758 5461 2815 5496 σε
2843 5444 2929 5496 διὰ
2971 5444 3067 5497 τοῦ
3096 5443 3428 5512 γράμματος
3450 5484 3465 5509 ,
3498 5443 3595 5496 καὶ
3634 5444 3829 5511 ἐρωτῶ
3873 5445 3989 5507 πῶς

2396 5536 2461 5606 δὴ
2500 5537 2645 5607 ἔχεις
2684 5539 2742 5591 ἐν
2774 5538 2965 5607 Κυρίῳ
2988 5574 3003 5597 ,
3055 5530 3099 5589 ῶ
3135 5535 3342 5607 ἀδελφὴ
3377 5539 3723 5607 πνευματική
3746 5554 3761 5567 ·
3806 5539 3857 5589 εί
3891 5538 3989 5607 ἑμ-

2402 5630 2582 5698 μένεις
2613 5632 2671 5681 ἐν
2703 5631 2768 5698 τῇ
2815 5629 2953 5699 καλῇ
2980 5628 3247 5698 ὁμολογίᾳ
3278 5629 3520 5699 Χριστοῦ
3542 5647 3555 5660 ο
3592 5630 3642 5682 εί
3666 5631 3861 5698 τηρείς
3891 5629 3987 5699 τὴν

2399 5719 2875 5790 παρακαταῠήκην
2916 5720 3012 5788 τῆς
3040 5718 3279 5783 πίστεως
3322 5720 3412 5773 διά
3457 5718 3783 5789 Πνεῦματος
3828 5719 3985 5786 ἁγίου

2396 5811 2614 5881 ἀσφαλῆ
2638 5830 2650 5842 ·
2680 5813 2729 5866 εἰ
2758 5810 3005 5884 κρατύνε]
3035 5813 3091 5867 ὲν
3136 5811 3254 5884 Θεῷ
3282 5813 3357 5885 μὴ
3388 5814 3707 5885 πτυρομένη
3738 5812 3849 5866 ἀπὸ
3881 5810 3983 5865 τῶν

2396 5903 2630 5961 ἀσεϐῶν.
