4164 6508
191 466 339 534 1265

183 669 388 724 σοῦτον
433 670 509 734 ώς
547 667 614 722 ἂν
650 669 800 741 ᾄδειν
833 687 892 722 σε
936 671 1035 724 σὺν
1066 669 1144 742 τῷ
1176 669 1318 741 ἁγίῳ
1349 669 1544 723 Δαϐίδ·
1587 673 1670 725 Οὐ
1701 690 1807 741 φο-

183 761 538 830 ϐηθήσομαι
599 761 670 814 ἐν
724 760 805 826 τῷ
863 761 1282 830 ταράσσεσθαι
1343 762 1462 830 τὴν
1511 761 1651 831 γῆν,
1703 763 1802 816 καὶ

183 856 613 920 μετατίθεσθαι
679 856 787 925 ὄρη
841 855 912 909 ἐν
950 857 1226 925 καρδίαις
1287 855 1640 911 θαλασσῶν.
1691 858 1805 910 Καὶ

183 951 302 1021 γὰρ
342 950 369 1001 ὁ
403 951 479 1014 ώς
510 951 731 1021 ἀληθῶς
767 950 1152 1020 βεὸαιὸπιστος
1176 993 1190 1016 ,
1226 951 1636 1023 ἀμετακίνητός
1683 953 1800 1003 ἐστι

184 1045 432 1113 πάμπαν
461 1045 562 1114 τῆς
590 1045 816 1116 ἀγάπης
864 1045 1138 1117 Χριστοῦο
1177 1040 1245 1118 ἦς
1271 1045 1332 1098 ού
1362 1044 1566 1114 θλίψις⁹
1595 1045 1656 1098 οὐ
1684 1061 1804 1098 στε-

183 1137 468 1208 νοχωρία,
520 1137 582 1190 ού
634 1137 830 1208 λιμὸς,
873 1139 934 1191 ού
984 1139 1260 1208 διωγμὸς,
1308 1140 1370 1192 ού
1419 1138 1696 1202 κίνδυνος,
1740 1138 1800 1191 ού

189 1231 445 1300 μάχαιρα
485 1231 744 1303 χωρίζειν
774 1231 1027 1286 δύναται.
1054 1232 1243 1304 Ταύτῃ
1277 1234 1343 1304 τῇ
1380 1230 1711 1301 πεποιθήσει
1751 1232 1801 1282 οἱ

187 1323 341 1393 ἆγιοι
376 1326 578 1389 πάντες
617 1326 1057 1397 ἐτελειώθησαν*
1107 1329 1174 1398 τῇ
1208 1328 1346 1397 αὐτῇ
1384 1326 1482 1380 καὶ⁵
1531 1327 1565 1397 ἡ
1611 1325 1678 1399 σὴ
1716 1341 1800 1376 τι-

191 1418 390 1490 μιότης
423 1419 530 1490 εἴη.
574 1419 649 1473 Οὐ
680 1421 790 1490 γὰρ
829 1416 882 1474 ei
924 1421 1268 1492 ἀγενεστέρα
1309 1421 1554 1490 Θέκλης,
1581 1419 1803 1490 Φεὸρω-

192 1511 346 1574 νίας,
381 1511 478 1563 καλ⁵
501 1510 596 1564 τοῦ
630 1513 762 1582 περὶ
783 1513 957 1576 αὑτὰς
992 1512 1271 1584 μακαρίου
1305 1510 1471 1582 χοροῦ
1495 1529 1510 1542 ·
1551 1511 1802 1582 θυγάτηρ

186 1605 365 1667 Θεοῦ,
413 1604 603 1676 νύμφη
666 1607 940 1676 Χριστοῦ,
1003 1607 1080 1670 ὡς
1134 1607 1421 1672 κάκεῖναι,
1475 1606 1571 1659 καὶ
1634 1604 1798 1675 αὐτή.

200 1697 380 1768 ’Υπὲρ
411 1695 473 1753 οὒ
504 1704 597 1752 καί
619 1700 784 1753 τανῦν
813 1700 874 1753 τὸ
915 1701 1221 1771 μαρτύριον
1248 1700 1442 1771 ὥσπερ
1473 1699 1798 1771 τηνικαῦτα.

201 1792 627 1863 ’Υπομείνωμεν
675 1791 791 1861 οὖν,
825 1794 1166 1865 παρακαλῶ,
1194 1795 1294 1865 οὐχ
1319 1795 1402 1848 ὅτι
1431 1795 1489 1846 ὲν
1516 1788 1597 1854 οἷς
1633 1795 1822 1863 ἐσμεν

192 1885 536 1951 θλιπτικοῖςο
599 1888 739 1941 ἀλλὰ
818 1889 924 1942 κᾶν
990 1889 1059 1942 τὰ
1130 1888 1514 1960 προειρημένα
1580 1887 1798 1940 ἅπαντα

189 1979 418 2048 ἐπιστῇ.
459 1978 1052 2048 Ἀπροσωπόληπτος
1080 1983 1113 2033 ὀ
1142 1981 1288 2044 Θεός
1310 1997 1322 2010 ο
1347 1981 1411 2049 τῇ
1441 1979 1580 2049 αὐτῇ
1607 1979 1798 2049 ἀγάπῃ

187 2068 427 2136 ἀγαπῶν
471 2070 642 2139 ἡμᾶς,
758 2071 1018 2140 ἠγάπησε
1067 2072 1164 2124 καὶ
1206 2072 1335 2133 τοὺς
1380 2070 1571 2124 πάλαι.
1608 2069 1796 2122 Ταῦτα

184 2160 263 2224 ὼς
300 2162 358 2213 ὲν
394 2161 634 2236 ὀλίγοις·
679 2163 838 2226 εἰδὼς
887 2164 969 2216 ὅτι
999 2165 1217 2216 οἴκοθεν
1253 2165 1349 2216 καὶ
1389 2163 1449 2228 ἐξ
1482 2163 1659 2218 ἄλλων
1697 2163 1796 2226 τὰς

185 2254 578 2324 παρακλήσεις
636 2255 750 2325 ἔχει
803 2272 898 2309 σου
933 2259 966 2326 ἡ
1015 2257 1467 2327 σεμνοπρέπειαο
1519 2258 1670 2326 ὅμως
1700 2257 1796 2308 καὶ

187 2349 324 2420 παρ’
355 2350 539 2420 ήμῶνι
574 2351 661 2404 ἵνα
687 2351 876 2421 γνοίης
900 2353 981 2404 ὅτι
1016 2352 1486 2422 οἰκειοπαοοῦμέν
1517 2368 1601 2404 σοι
1640 2351 1794 2418 ὄψει-

187 2442 438 2514 λομένως
460 2460 472 2472 ·
505 2445 602 2498 καὶ
628 2447 778 2508 ὅπως
803 2445 1112 2517 προσεύχῃ,
1140 2445 1236 2499 τοῦ
1260 2445 1621 2514 στηρίζεσθαι
1648 2447 1797 2516 ἡμᾶς

183 2538 317 2599 τοὺς
347 2537 734 2608 ἁμαρτωλούς.

512 2657 638 2711 NA'.
701 2687 750 2696 —
788 2657 1089 2724 Βασιλείῳ
1122 2656 1433 2724 πατρικίῳ.
1474 2653 1658 2727 [ρξε’.]

1410 467 1960 533 EPISTOLARUM
2025 473 2174 535 LIB.
2218 474 2302 536 II.

265 573 447 647 Εὖγε,
482 570 644 646 εὖγεο
691 578 1048 650 στηριχοείης
1101 578 1185 632 ἔτι
1235 579 1537 643 πλειόνως·
1571 580 1669 634 καὶ
1719 598 1807 633 το·
1834 584 1883 643 Α
1983 583 2153 656 Euge,
2181 602 2320 658 euge

3372 481 3504 548 12ὓῦ

2363 606 2376 643 :
2428 586 2608 642 adhuc
2639 589 2877 657 amplius
2909 590 3222 645 eonl‘urtare
3257 609 3268 644 :
3316 593 3423 647 into
3456 596 3511 649 in

1907 685 2121 733 tantum
2176 690 2238 733 ιιι
2292 694 2417 733 cum
2487 690 2682 734 sancto
2742 679 2909 734 David
2961 680 3147 752 possis
3209 680 3513 740 accinere:

1909 769 2034 824 Non
2089 772 2282 825 timeba
2310 773 2436 825 dum
2464 773 2770 826 turbabitur
2820 786 2963 827 terra
2993 815 3007 838 ,
3039 784 3090 829 et
3121 775 3518 845 transferentur

1909 873 2110 916 montes
2143 864 2200 916 in
2227 881 2317 916 cor
2345 865 2508 918 maris
2528 865 2597 918 δ’.
2637 867 2935 920 Enimvero
2959 867 3051 934 qui
3088 883 3320 938 prorsus
3356 868 3515 923 ﬁrma

1905 952 2009 1006 ﬁde
2040 962 2144 1017 est,
2179 952 2446 1008 dimoveri
2499 956 2728 1010 omnino
2767 957 2960 1026 nequit
2984 972 3015 1012 a
3044 957 3319 1013 charitate
3348 959 3515 1013 Chri-

1904 1045 1975 1098 sti
2021 1063 2034 1098 :
2071 1045 2099 1097 a
2149 1061 2255 1114 qua
2299 1063 2407 1099 non
2468 1048 2774 1114 tribulatio,
2807 1065 2917 1102 non
2953 1051 3243 1122 angustia,
3280 1065 3390 1105 non
3428 1050 3512 1106 fa-

1905 1153 2042 1204 mes,
2097 1156 2204 1193 non
2253 1142 2587 1210 persecutio,
2625 1159 2731 1196 non
2779 1145 3110 1214 periculum,
3157 1161 3266 1199 non
3299 1146 3513 1217 gladius

1904 1241 2088 1301 potest
2141 1235 2485 1303 separare”.
2533 1234 2648 1290 Hac
2681 1236 2882 1292 ﬁducia
2939 1254 3135 1294 omnes
3163 1239 3340 1294 sancti
3374 1255 3513 1294 con-

1905 1327 2167 1381 summati
2202 1337 2334 1382 ευιιι
2367 1346 2380 1383 Ξ
2429 1328 2626 1383 eadem
2661 1330 3026 1384 reverentiam
3063 1339 3212 1386 tuam
3251 1346 3514 1387 consum-

1906 1429 2035 1474 met.
2065 1418 2252 1490 Neque
2275 1423 2421 1475 enim
2447 1439 2509 1479 es
2527 1422 2731 1479 Thecla
2755 1424 3070 1492 ignobilior,
3092 1435 3188 1479 aut
3217 1425 3510 1493 Febronia,

1905 1522 2000 1566 aut
2033 1511 2178 1567 felici
2224 1514 2441 1568 illarum
2502 1525 2649 1569 etetu
2687 1534 2700 1570 :
2743 1531 2870 1569 cum
2899 1516 2977 1572 sis
3010 1515 3106 1570 Dei
3139 1517 3271 1583 tilia,
3307 1517 3512 1572 Christi

1907 1603 2147 1673 Sponsa,
2187 1606 2655 1674 quemadmodum
2683 1607 2809 1670 illa‘,
2845 1607 2927 1662 sic
2965 1616 3019 1663 et
3051 1607 3170 1676 ipsa
3208 1624 3220 1657 :
3251 1623 3413 1674 quam
3441 1610 3512 1664 ob

1904 1714 2303 1753 causamnnnc
2328 1715 2550 1769 quoque
2607 1703 2930 1772 martyrium
2986 1702 3176 1766 instat,
3237 1701 3314 1755 uti
3357 1702 3510 1757 olim.

1906 1788 2297 1846 Sustineamus
2330 1793 2516 1863 igitur,
2561 1793 2818 1858 obsecro,
2853 1809 2960 1848 non
2996 1795 3162 1849 modo
3187 1810 3281 1849 eas
3306 1795 3509 1865 quibus

1905 1884 2209 1954 premimur
2255 1884 2564 1950 molestias,
2613 1885 2708 1939 sed
2745 1886 2826 1940 vel
2861 1886 2905 1941 si
2938 1903 3106 1956 supra
3148 1887 3294 1942 dicta
3327 1889 3508 1944 omnia

1834 1963 2182 2046 “ingruant.
2243 1974 2371 2028 Non
2417 1985 2495 2029 est
2555 1994 2904 2047 personarum
2973 1990 3218 2049 acceptor
3269 1979 3505 2036 Deus“:
3568 1967 3570 1973 I

1903 2072 2095 2124 eadem
2127 2086 2227 2124 nos
2278 2070 2554 2125 charitate
2588 2073 2763 2143 diligit
2796 2090 2902 2142 qua
2941 2085 2995 2129 et
3034 2075 3272 2146 majores
3297 2076 3506 2132 dilexit.

1905 2161 2013 2217 Sed
2077 2163 2193 2216 hac
2254 2163 2446 2231 paucis
2493 2183 2506 2218 :
2564 2180 2689 2218 cuin
2741 2167 2912 2235 probe
2959 2166 3132 2220 sciam
3183 2169 3506 2236 gravitatem

1890 2264 2055 2328 tuam
2108 2255 2258 2310 domi
2319 2265 2487 2325 atque
2538 2257 2607 2311 ab
2634 2257 2756 2313 aliis
2801 2259 3002 2313 habere
3035 2259 3238 2312 solatia
3278 2275 3291 2311 :
3325 2267 3505 2314 tamen

1902 2361 1956 2404 et
1982 2364 2011 2402 a
2039 2349 2198 2404 nobis
2221 2350 2338 2403 haec
2359 2349 2498 2404 habe
2527 2369 2539 2404 :
2569 2359 2627 2403 ut
2657 2351 2932 2422 intelligas
2967 2366 3068 2405 nos
3098 2356 3207 2406 tuls
3235 2350 3417 2416 rebus,
3442 2360 3507 2408 ιιι

1906 2459 2005 2512 par
2044 2451 2148 2506 est,
2203 2441 2341 2495 aﬁici
2378 2459 2392 2496 :
2423 2451 2477 2495 et
2518 2451 2577 2496 ut
2625 2443 2786 2500 nobis
2851 2446 3240 2515 peccatoribus
3267 2444 3411 2499 vires
3441 2457 3506 2500 ac

1904 2533 2076 2588 robur
2118 2531 2374 2604 precibus
2409 2532 2689 2601 impetres.

2328 2648 2464 2705 LIV.
2497 2681 2569 2690 —
2599 2651 2807 2707 Basilio
2847 2654 3096 2722 patricio.

1460 2766 1758 2817 Consolatur
1803 2759 1854 2811 in
1891 2766 2054 2811 mone
2091 2758 2199 2810 ﬁlii.

258 2880 377 2949 Τῆς
425 2876 769 2948 θεομιμήτου
819 2892 914 2928 σου
965 2873 1443 2943 συγκαταϐἁσεως
1488 2871 1673 2942 ἔργον,
1729 2869 1791 2922 ού

191 2975 358 3046 μόνον
382 2973 463 3034 είς
491 2971 614 3042 ὄψιν
651 2987 745 3022 σου
791 2971 942 3040 ἱερὰν
975 2971 1224 3038 ἐνεγκεῖν
1252 2969 1343 3019 τὸν
1370 2966 1600 3032 ἀδελφὸν
1636 2963 1794 3034 ἡμῶν

189 3071 248 3122 ὲν
279 3067 587 3137 πνεύματι,
632 3064 895 3136 ὁμιλῆσαί
936 3081 996 3116 τε
1025 3065 1094 3116 τὰ
1120 3064 1383 3130 δόξαντα,
1437 3061 1581 3114 οὕτω
1624 3075 1796 3129 προσ-

193 3158 339 3230 ηνῶς
380 3160 473 3210 καὶ
497 3158 739 3228 μετρίως
761 3173 773 3187 ⁸
809 3155 924 3208 ἀλλ’
954 3157 1035 3208 ὅτι
1059 3158 1153 3208 καὶ
1184 3154 1282 3225 τὴν
1319 3154 1518 3223 κυρίαν
1548 3155 1642 3204 καὶ
1668 3152 1792 3219 ἐμοὶ

194 3250 504 3319 σεδασμίαν
549 3249 868 3320 πατρικίαν,
922 3249 1041 3316 ἆμα
1070 3250 1186 3309 τοῖς
1231 3247 1650 3313 εὐγενεστάτοις
1697 3261 1791 3295 σου

193 3346 445 3418 βλαστοῖς
472 3342 719 3412 ἀγαγὼν,
769 3342 947 3394 κλῖναί
991 3358 1050 3394 τε
1081 3341 1142 3393 οὐ
1172 3339 1441 3409 κεφαλὴν,
1487 3339 1626 3390 ἀλλὰ
1659 3338 1790 3405 γόνυ

192 3435 335 3509 πρὸς
375 3436 539 3489 αὑτὸν
577 3433 976 3504 ἐπιτέτραφας.
1009 3432 1072 3482 Ὢ
1107 3431 1208 3500 τῆς
1239 3437 1507 3500 μεγίστης
1552 3447 1646 3480 σου
1693 3446 1793 3480 τα-

196 3529 672 3601 πεινοφροσύνης-ί
719 3525 764 3578 ὦ
810 3525 911 3594 τῆς
960 3524 1213 3593 φιλοθέου
1252 3523 1558 3585 συνέσεωςί
1606 3519 1652 3573 ὣ
1693 3521 1794 3589 τῆς

197 3621 649 3697 ὑπερϐαλλούσης
713 3637 806 3673 σου
858 3621 915 3672 ὲν
971 3616 1322 3688 ἁμαρτωλοῖς
1371 3613 1644 3671 πίστεωςί
1685 3613 1795 3664 Καὶ

195 3715 299 3769 οὐκ
329 3711 608 3782 ἀποτεύξη
629 3709 724 3762 τοῦ
745 3708 848 3777 τῆς
873 3704 1230 3770 εὐαποδεξίας
1258 3702 1475 3773 μισθοῦ.
1506 3700 1605 3752 Δια
1622 3697 1797 3751 ταῦτά

199 3827 288 3861 σοι
323 3807 504 3860 πάντα
525 3822 536 3836 ·
569 3804 664 3856 καὶ
691 3802 772 3854 ἔτι
808 3800 970 3853 πλέον
996 3799 1073 3862 είς
1106 3796 1312 3866 ἀρετῆς
1341 3793 1525 3861 λόγον,
1566 3789 1796 3852 εἰκότως

196 3903 225 3954 ὁ
257 3901 388 3965 ἐμὸς
426 3897 694 3965 δεσπότης
750 3894 844 3948 καὶ
890 3894 1085 3962 αἵματι
1124 3890 1219 3944 καὶ
1267 3887 1547 3957 πνεύματι
1606 3881 1797 3952 φιλού-

202 4008 366 4063 μενος
400 3990 634 4057 γέγονας
677 3986 815 4054 πρὸς
857 3985 1076 4037 πάντων
1125 3980 1238 4034 τῶν
1273 3978 1668 4050 γνωρισάντων
1702 3973 1799 4027 καὶ

200 4085 456 4158 ὁρώντων
490 4099 570 4136 σε.
623 4082 733 4134 Καὶ
774 4079 1055 4150 μάρτυρες
1085 4076 1178 4128 τοῦ
1215 4075 1375 4140 λόγου
1413 4074 1472 4126 αἱ
1524 4071 1669 4123 κατὰ
1699 4068 1799 4130 τὰς

199 4180 358 4244 ἀξίας
408 4174 677 4248 ὑπεροχαί
711 4191 838 4235 σου,
883 4170 1086 4241 ἀρετῆς
1146 4167 1382 4220 ἔπαθλον
1443 4162 1795 4234 ύπὰρξασαι·

199 4277 288 4344 ἐφ’
386 4275 483 4326 σὺν
519 4271 596 4342 τῷ
623 4269 725 4339 τῆς
770 4267 989 4336 φύσεως
1019 4266 1170 4334 νόμῳ
1218 4260 1518 4346 μορφώσας
1555 4256 1709 4318 υἱούς
1738 4271 1800 4308 τε

200 4368 298 4421 καὶ
333 4364 674 4434 θυγατέρας,
737 4361 856 4430 ἅμα
903 4361 971 4430 τῇ
1010 4356 1300 4428 ὁμοζύγῳ’
1358 4352 1575 4413 εἰκόνας
1631 4350 1800 4410 ὅντως

200 4459 457 4526 ἐναργεῖς
505 4456 604 4526 τῆς
659 4450 946 4512 εὐσεϐείας
997 4465 1091 4501 σου
1139 4443 1528 4508 ὲναπέδειξαςο
1582 4443 1648 4494 ἐκ
1699 4442 1803 4510 τῆς

198 4551 340 4623 πρὸς
373 4549 433 4601 σε
480 4544 918 4616 ὲπιεραινομένης
965 4541 1152 4604 αὐτοῖς
1182 4540 1502 4610 ὁμοιότητος
1539 4538 1799 4602 ἐπιγινω-

201 4660 301 4697 σκο
309 4643 508 4712 μένους
543 4640 943 4709 ἀψευδέστατα.

277 4732 420 4785 Ἀλλ’
453 4734 481 4784 ὀ
513 4731 614 4800 μὲν
661 4730 791 4800 περὶ
819 4726 1010 4780 τούτου
1063 4723 1219 4790 λόγος
1250 4719 1512 4783 τοιοῦτος.
1556 4719 1690 4770 Τίνα
1741 4717 1798 4770 δὲ

199 4827 359 4893 λόγον
399 4819 858 4890 παραμυθητικὸν
902 4818 994 4869 ἐπὶ
1037 4813 1114 4883 τῷ
1154 4813 1320 4865 πάθει
1349 4811 1442 4863 τοῦ
1476 4810 1795 4881 Προδρόμου

199 4917 500 4988 ὁμωνύμου
528 4915 718 4984 ἑρνους
751 4927 844 4962 σου
872 4905 1283 4974 παγκαλλίστου
1328 4901 1610 4973 ἐξεύροιμι
1646 4905 1672 4953 ὁ
1704 4917 1798 4952 τα-

201 5011 420 5073 πεινὸς,
465 5007 752 5059 λεαίνοντα
788 5002 985 5073 μικρὸν
1034 5017 1087 5050 τι
1137 4997 1198 5049 τὸ
1228 4997 1334 5049 τών
1393 4995 1576 5065 τιμίων
1603 4992 1795 5062 ψυχῶν

201 5102 358 5174 ὑμῶν
402 5098 683 5169 θλιϐερόνς
719 5097 842 5147 ἐπεὶ
879 5089 1170 5161 ἀπηγγέλη
1212 5105 1303 5158 μοι
1340 5087 1475 5157 πρὸς
1504 5083 1672 5137 αὑτοῦ
1696 5082 1792 5136 τοῦ

199 5193 434 5263 ἀδελφοῦ
459 5195 642 5245 ὁποῖον
663 5189 723 5241 τὸ
745 5187 935 5255 ἄλγος*
967 5179 1055 5236 οἵα
1081 5181 1148 5234 τὰ
1171 5181 1382 5250 δάκρυα
1410 5175 1793 5239 ἁποστάζοντα

200 5287 383 5359 θερμὰ
415 5286 473 5352 ἐξ
503 5281 800 5354 ὀφθαλμῶν
825 5296 838 5309 ·
868 5278 967 5342 τὰς
1004 5294 1062 5329 τε
1101 5272 1431 5342 ἀνακλήσεις
1454 5310 1467 5333 ,
1497 5269 1795 5359 ὲλεεινολοῗ

198 5357 327 5450 γίας
348 5395 407 5431 τε
438 5377 535 5430 καὶ
558 5377 938 5443 στοναχήσεις·
962 5371 1037 5432 ώς
1057 5365 1353 5420 ἀκούσαντι
1383 5362 1592 5413 ἕκαστα
1609 5359 1678 5411 τὰ
1698 5357 1792 5410 τοῦ

199 5471 394 5534 παιδὸς
429 5468 911 5537 πλεονεκτήματα,
943 5460 1137 5536 παθεῖν
1160 5475 1211 5511 τι
1247 5455 1444 5523 μικροῦ
1467 5453 1576 5504 δεῖν
1606 5453 1792 5521 ὁμοιοο

199 5564 377 5626 παθὲς
403 5563 556 5631 ὑμῖν.
584 5560 650 5612 Ὢ
685 5559 802 5622 πῶς
837 5553 1208 5626 ὡμοιώθημεν
1235 5549 1312 5616 τῷ
1343 5545 1508 5598 Δα6“ιδ
1543 5543 1794 5613 πενθήρη

195 5657 418 5729 ψαλμὸν
451 5655 543 5708 ἐπὶ
573 5651 650 5722 τῷ
679 5650 782 5719 υἱῷ
813 5645 1041 5720 ᾅσαντιί
1079 5645 1140 5722 Et
1167 5643 1220 5694 δὲ
1268 5641 1472 5701 ἐκεῖνος
1501 5637 1675 5699 οὕτως
1701 5637 1795 5688 ἐπὶ

199 5747 496 5817 ἀτασθάλῳ
533 5746 628 5799 καὶ
660 5743 956 5818 ἁντὰραντι
1001 5738 1096 5790 καὶ
1126 5732 1341 5788 δικαίαν
1368 5731 1524 5800 δίκην
1563 5731 1663 5799 τῆς
1691 5745 1795 5780 πα-

196 5842 460 5915 τραλοίας
489 5840 760 5892 δώσαντι·
796 5834 848 5887 τί
877 5833 960 5886 δεῖ
994 5828 1230 5884 ἐνταῦθα
1261 5827 1474 5888 είπεῖν;
1503 5822 1600 5876 καὶ
1631 5821 1791 5892 πηλί-

269 5959 317 5991 ⁸¹
357 5957 632 6018 Psal.xt.v,
658 5953 724 6006 ’5.
801 5949 848 5982 ⁸⁸
877 5949 1034 6004 Rom.
1063 5963 1184 6010 vui.
1217 5944 1306 6001 55.
1385 5943 1430 5975 ⁸⁸
1461 5940 1581 5996 Act.
1617 5956 1674 6004 χ,
1707 5939 1795 5995 35.

1975 2866 2101 2920 Fuit
2146 2865 2349 2920 divinae
2409 2867 2700 2938 cujusdam
2760 2869 3136 2935 demissionis,
3197 2875 3340 2944 quod
3396 2891 3503 2931 non

1903 2963 2067 3016 modo
2120 2961 2175 3014 in
2207 2976 2428 3015 sacrum
2465 2971 2825 3033 conspectum
2869 2974 3024 3019 tuum
3083 2968 3269 3022 venire
3311 2983 3506 3038 passus

1902 3053 1981 3108 sis
2005 3051 2236 3106 fratrem
2277 3065 2532 3106 nostrum
2565 3054 2896 3124 spiritalem,
2925 3071 3103 3127 eaque
3137 3057 3343 3126 profari
3385 3076 3505 3130 quae

1912 3147 2129 3209 liberet,
2195 3155 2304 3200 tam
2361 3148 2556 3202 leniter
2611 3164 2678 3203 ac
2724 3149 3057 3205 moderate:
3114 3167 3302 3206 verum
3339 3153 3500 3208 etiam

1900 3237 2183 3290 dominam
2239 3239 2485 3307 mihique
2515 3241 2888 3295 venerandam
2937 3243 3224 3312 patriciam
3256 3259 3378 3299 cum
3409 3260 3504 3300 no.

1899 3328 2168 3383 bilissima
2231 3338 2323 3381 tua
2357 3331 2548 3384 sobole
2601 3332 2922 3397 adduxeris,
2967 3334 3338 3404 jusserisque,
3391 3350 3499 3390 non

1898 3428 2083 3489 caput,
2113 3420 2208 3474 sed
2241 3437 2380 3489 genu
2417 3430 2546 3476 ante
2582 3421 2761 3492 ipsum
2808 3422 3116 3479 inﬂectere.
3154 3424 3197 3478 Ο
3231 3426 3498 3497 insignem

1897 3513 2065 3565 anitni
2098 3512 2489 3566 demissiunem
2517 3515 2529 3568 l
2559 3530 2592 3568 0
2629 3516 2843 3584 plenam
2888 3517 3089 3585 pietate
3125 3520 3496 3587 prudentiam!

1899 3620 1932 3658 ο
1981 3605 2212 3659 nimiam
2260 3615 2409 3659 tuam
2449 3607 2501 3658 in
2550 3608 2935 3676 peccatoribus
2988 3609 3504 3679 IiduciamlNeque

1899 3714 2032 3755 vero
2101 3701 2458 3756 admissionis
2516 3703 2683 3772 hujus
2736 3704 2965 3772 praemio
3024 3704 3374 3761 fraudabere.
3427 3705 3503 3762 Ea

1901 3806 2125 3867 propter
2161 3795 2258 3849 tibi
2291 3795 2476 3847 omnia
2504 3794 2697 3850 insunt
2729 3812 2743 3848 :
2791 3810 2856 3850 ac
2889 3798 3064 3868 magis
3094 3799 3259 3852 etiam
3291 3799 3360 3852 ob
3394 3800 3504 3852 vir-

1901 3900 2094 3954 tulem,
2119 3888 2320 3943 merito
2345 3887 2617 3944 Dominus
2651 3904 2805 3942 meus
2838 3899 2892 3944 et
2927 3892 3197 3960 sanguine
3221 3901 3275 3945 et
3305 3891 3499 3961 spiritu

1901 3983 2104 4038 charns
2163 3996 2224 4036 es
2280 3981 2540 4036 omnibus
2592 3983 2686 4051 qui
2737 3992 2788 4037 te
2844 3993 3116 4038 noverunt
3148 3993 3201 4039 et
3231 3986 3501 4041 viderunt.

1902 4075 2084 4143 Atque
2133 4073 2329 4126 harum
2387 4087 2575 4126 rerum
2635 4083 2802 4127 testes
2871 4085 3001 4129 sunt
3032 4076 3136 4130 illa:
3167 4092 3264 4146 pro
3294 4077 3500 4130 meritis

1903 4165 2275 4236 praerogativae
2301 4174 2429 4227 tute,
2465 4167 2670 4235 quippe
2699 4168 2925 4221 totidem
2967 4171 3194 4237 praemia
3230 4169 3446 4224 virtutis
3482 4187 3498 4222 ε

1903 4259 1970 4311 ad
2011 4273 2174 4327 quam
2210 4272 2359 4321 cum,
2396 4268 2450 4310 lu
2489 4258 2653 4311 simul
2695 4272 2820 4310 cum
2871 4273 3064 4324 uxore,
3102 4259 3257 4327 juxta
3296 4270 3501 4314 natura:

1904 4349 2079 4421 legem
2113 4349 2255 4402 lilios
2306 4347 2562 4418 ﬁliasque
2597 4347 2904 4403 informasti
2938 4364 2952 4416 ;
3013 4366 3141 4405 vere
3170 4352 3500 4422 conspicuas

1903 4442 2128 4512 pietatis
2172 4451 2280 4496 tua:
2315 4443 2583 4512 imagines
2626 4441 2906 4503 ellinaisti,
2963 4458 3085 4511 quae
3114 4459 3178 4497 ex
3208 4444 3499 4500 indiscreta

1906 4544 2086 4588 tecum
2133 4549 2198 4587 ac
2231 4533 2524 4588 manifesta
2572 4533 2931 4589 similitudine
2970 4537 3276 4590 certissime
3304 4536 3498 4608 digno-

1832 4639 1874 4692 ι)
1905 4634 2152 4681 scantur.

1974 4716 2082 4770 Sed
2120 4717 2188 4769 de
2216 4716 2320 4770 hoc
2347 4723 2676 4785 argumento
2714 4715 3008 4770 hactenus.
3041 4717 3216 4784 Quam
3240 4735 3371 4774 vero
3400 4733 3502 4792 ego

1902 4809 2129 4863 humilis
2199 4807 2632 4863 consolatoriam
2709 4809 3022 4862 orationem
3097 4794 3373 4865 inveniam
3442 4813 3497 4866 in

1900 4901 2258 4971 pulcherrimi
2309 4900 2422 4954 nati
2455 4901 2529 4953 tui
2565 4910 2766 4966 morte,
2805 4902 2900 4971 qui
2933 4901 3268 4958 Pmcursori
3297 4918 3499 4973 cogno-

1899 4995 2062 5048 minis
2100 4993 2247 5046 fuit?
2304 5009 2546 5064 quanam
2598 5003 2718 5048 arte
2768 4993 2853 5048 vel
2912 4995 3185 5049 tantillum
3239 4996 3496 5066 mitigabo

1897 5085 2337 5139 venerandarum
2374 5087 2686 5140 animarum
2721 5097 3037 5143 vestrarum
3078 5085 3497 5158 agritudinem?

1901 5179 2033 5234 Mihi
2067 5182 2214 5234 enim
2252 5181 2322 5236 ab
2353 5181 2547 5237 eodem
2582 5181 2752 5238 fratre
2783 5183 3094 5238 nuntiatum
3122 5191 3225 5250 est,
3258 5192 3494 5253 quantus

1903 5273 1974 5328 sit
2002 5285 2179 5329 vester
2231 5276 2412 5340 dolor,
2441 5277 2652 5347 quales,
2718 5294 2882 5347 quam
2927 5279 3202 5334 ferventes
3224 5295 3288 5333 ex
3318 5278 3492 5334 oculis

1903 5366 2164 5437 lacryma’.
2190 5378 2450 5422 manent:
2484 5385 2608 5438 quae
2641 5369 2836 5425 deinde
2861 5371 3297 5441 implorationes,
3327 5386 3491 5441 quant

1904 5457 2156 5528 lugubris
2214 5462 2414 5526 oratio,
2470 5477 2592 5530 quae
2637 5463 2921 5530 suspiria:
2982 5474 3040 5517 ut
3092 5479 3213 5518 cum
3245 5463 3492 5533 singulas

1905 5551 2061 5619 pueri
2105 5551 2265 5607 dotes
2310 5553 2585 5616 audirem,
2634 5555 2751 5624 pari
2783 5556 3178 5624 propemodum
3207 5555 3491 5610 vobiscum

1903 5643 2111 5698 doloris
2141 5645 2336 5701 all‘ectu
2379 5661 2773 5701 commoverer.
2821 5645 2958 5709 Heu,
3005 5663 3169 5716 quam
3204 5647 3391 5701 Davidi
3418 5649 3492 5702 si-

1905 5733 2064 5788 miles
2089 5734 2267 5790 ell‘ecti
2301 5752 2515 5800 sumus,
2544 5751 2670 5790 cum
2702 5735 3014 5790 luctuosum
3045 5735 3111 5788 de
3134 5735 3244 5788 ﬁlio
3269 5751 3490 5790 carmen

1905 5824 2184 5882 accineret
2212 5828 2224 5880 ι
2260 5827 2417 5894 Quod
2449 5829 2494 5884 si
2524 5828 2614 5883 ille
2645 5828 2726 5884 sic
2751 5826 2977 5883 allectus
2996 5836 3080 5882 cst
3105 5841 3235 5897 erga
3260 5826 3490 5901 impium
