4164 6476
688 430 825 495 19.67

1890 431 1951 492 S.
1985 431 2384 493 TIIEODORI
2424 428 2774 492 STUDITAZ

3846 422 4001 489 1268

680 564 747 605 ac
780 551 1132 620 perduellem,
1181 552 1407 606 meritas
1448 550 1726 621 parricidii
1755 566 1948 621 pmnas
1984 552 2227 607 Iueutem
2262 571 2273 606 :

2390 570 2477 605 κον
2522 552 2715 621 ἔρανον
2761 548 2857 603 τοῦ
2911 550 3071 620 λόγου
3112 548 3484 623 ποιήσασθαις
3537 545 3762 617 Οῖχεται
3823 546 4003 610 παῖς,

680 646 813 714 quid
853 661 995 699 nunc
1026 645 1359 700 dicendum?
1410 656 1505 699 aut
1563 661 1727 713 quam
1767 660 1995 699 necesse
2040 656 2123 699 est
2156 662 2280 701 ora-

682 741 849 795 tionis
882 740 1117 794 conferri
1153 740 1454 809 symbolam
1482 740 1504 791 ?
1546 738 1685 792 Puer
1714 738 1924 792 interiit
1952 754 2076 792 cum
2101 740 2281 795 mtatis

682 829 813 883 ﬂore
865 830 983 898 ipso
1028 829 1323 890 frueretur,
1364 838 1419 883 et
1456 838 1649 895 suopte
1679 830 1900 897 ingenio
1928 838 1981 883 et
2018 830 2280 899 magistri

680 934 813 975 voce
849 922 1212 991 pereruditus,
1248 920 1498 974 moribus
1540 929 1594 973 et
1625 934 1882 974 sermone
1910 919 2166 984 blandus,
2198 920 2281 975 vel

681 1015 800 1084 ipso
827 1024 1053 1082 aspectu
1096 1013 1346 1083 quemvis
1380 1013 1431 1067 in
1470 1012 1554 1067 sui
1588 1026 1834 1067 amorem
1879 1013 2133 1067 alliciens
2163 1031 2176 1066 :
2206 1023 2279 1079 et,

679 1109 826 1178 quod
873 1107 1052 1175 majus
1102 1116 1208 1171 est,
1241 1122 1414 1176 purus
1464 1120 1721 1175 corpore,
1756 1106 1944 1159 animo
1971 1106 2279 1160 candidus:

681 1200 813 1254 illud
872 1200 1093 1270 quidem
1129 1199 1199 1253 ob
1248 1198 1643 1269 virginitatem,
1693 1214 1816 1269 qua).
1848 1198 1949 1252 dos
1979 1198 2279 1251 maximam

680 1292 843 1346 habet
892 1291 1424 1357 admirabilitatem;
1484 1306 1666 1360 neque
1722 1290 1870 1345 enim
1936 1290 2279 1360 perditorum

681 1400 832 1439 more
892 1384 1139 1439 irretitus
1197 1394 1302 1445 est.
1360 1382 1454 1437 sed
1513 1383 1709 1437 vitium
1764 1384 2093 1453 superavit:
2133 1381 2277 1437 i5tud

682 1482 894 1538 autem,
950 1475 1098 1543 quod
1137 1474 1345 1527 nullam
1410 1489 1537 1528 eum
1593 1474 1786 1528 hazresi
1823 1490 1945 1545 quae
1976 1490 2121 1527 nunc
2151 1472 2280 1526 bac-

681 1569 879 1621 chatur
943 1570 1261 1621 societatem
1321 1568 1526 1621 inierit.
1571 1567 1762 1636 Itaque
1806 1566 2070 1621 divinitus
2102 1566 2284 1620 coiere

683 1662 735 1713 in
780 1678 950 1715 unum
1007 1661 1291 1729 integritas
1324 1663 1517 1725 animi,
1570 1661 1966 1730 integritasque
2010 1660 2280 1729 corporis.

683 1755 899 1819 Quanta
962 1756 1112 1821 digni
1157 1754 1317 1810 laude
1371 1768 1649 1825 parentes,
1694 1757 1784 1824 qui
1826 1755 1985 1807 talem
2025 1754 2283 1823 genuisse

684 1861 915 1913 puerum
965 1847 1213 1901 feruntur
1250 1868 1262 1903 :
1321 1848 1413 1917 qui
1460 1863 1564 1900 non
1604 1850 1779 1900 solum
1826 1862 2075 1915 corpore,
2102 1852 2193 1901 sed
2230 1856 2285 1901 et

684 1940 905 2008 spiritu,
941 1950 1047 1994 lant
1099 1942 1314 2011 egregia
1349 1940 1531 1996 indole
1564 1942 1772 2010 prolem
1815 1940 2053 1995 fluxere!
2085 1940 2129 1994 Ο
2159 1939 2279 1995 feli-
2313 1927 2355 1983 Β

685 2050 803 2087 cem
839 2045 1080 2103 partum,
1111 2039 1225 2091 sive
1256 2039 1400 2106 quod
1443 2037 1653 2106 patrios
1685 2051 1869 2090 mores
1899 2036 2146 2091 imitatus
2173 2045 2281 2103 est,

686 2128 801 2181 sive
831 2128 976 2195 quod
1007 2129 1059 2182 in
1108 2146 1166 2181 se
1197 2129 1313 2198 ipse
1341 2129 1627 2182 Christum
1678 2131 1949 2198 expressit
1983 2146 1995 2183 :
2034 2129 2281 2198 quicum

687 2235 918 2274 nascens
966 2236 1030 2274 ex
1095 2220 1319 2289 Virgine
1357 2222 1725 2290 virginitatem
1770 2222 1980 2275 honore
2011 2221 2275 2285 olfecerit,

684 2312 769 2367 sui
824 2313 1109 2379 asseclam,
1172 2323 1361 2382 utpote
1412 2314 1582 2367 ﬁlium
1634 2314 1795 2377 lueis,
1834 2314 2005 2367 filium
2039 2324 2283 2368 vestrum

685 2404 917 2473 excepit.
978 2405 1118 2471 Quid
1146 2406 1316 2475 ergo?
1359 2404 1566 2460 Luctus
1625 2406 1703 2469 id,
1758 2421 1825 2459 an
1877 2404 2080 2459 laetitiae
2109 2419 2277 2475 argu-

688 2498 975 2550 mentum?
1002 2497 1195 2552 Gaudii
1224 2498 1447 2567 utique;
1482 2498 1607 2553 licet
1632 2513 1926 2552 mter-orem
1953 2497 2108 2551 vobis
2132 2498 2279 2553 illius

686 2605 950 2643 excessus
995 2592 1260 2645 attulerit.
1300 2590 1421 2660 Ipse
1469 2608 1617 2645 nunc
1652 2591 1854 2660 gaudio
1882 2590 2193 2660 triumphat
2223 2591 2280 2644 in

690 2683 865 2745 caelis,
914 2684 1166 2753 princeps
1202 2685 1402 2740 factus.
1440 2683 1505 2738 Et
1552 2699 1653 2739 nos
1687 2684 1854 2755 igitur
1878 2685 2115 2753 gaudere
2162 2683 2281 2753 ejus

691 2776 951 2845 gaudium
1013 2776 1268 2846 deinceps
1326 2792 1555 2832 necesse
1605 2787 1711 2836 est.
1759 2792 1864 2829 non
1927 2792 2051 2830 eum
2124 2786 2312 2830 nostro

2384 644 2517 697 αὐτὸ
2539 646 2638 714 τῆς
2662 643 2882 715 ἡλικίας
2912 643 3063 712 ἄγων
3090 644 3151 696 τὸ
3174 644 3463 714 βιώσιμον,
3492 641 3864 701 εὐπαίδευτος
3896 640 4005 691 καὶ

2382 736 2573 810 τρόπῳ
2620 739 2715 791 καὶ
2752 738 2919 807 λόγῳ,
2961 737 3199 809 εὐμελής
3245 740 3340 791 καὶ
3369 737 3488 809 ἤθει
3537 736 3630 789 καὶ
3662 734 4006 805 φθέγματι-

2386 831 2482 885 ἀπ*
2513 829 2685 899 αὐτῆς
2714 830 2812 901 τῆς
2847 830 3093 901 ὁράσεως
3118 832 3199 894 είς
3220 832 3445 901 φίλτρον
3470 829 3878 898 ἐπισπώμενος
3904 827 4008 878 τὸν

2387 924 2663 994 θεώμενον
2682 939 2697 953 θ
2728 923 2792 975 τὸ
2823 922 3032 993 μεῖξον,
3068 922 3310 993 καθαρὸς
3335 922 3397 975 τὸ
3423 922 3581 993 σῶμα
3602 965 3619 987 ,
3655 922 3863 983 huic)»;
3898 918 4008 989 τὴν

2385 1018 2569 1089 ψυχήν
2590 1033 2603 1045 ·
2634 1019 2697 1070 τὸ
2721 1016 2822 1087 μὲν
2848 1018 2914 1085 τῇ
2945 1016 3240 1087 παρθενίᾳ,
3270 1016 3408 1088 ὅπερ
3436 1017 3584 1069 ἐστὶν
3612 1014 4007 1082 ἀξιάγαστονο

2391 1112 2468 1183 μὴ
2496 1111 2639 1166 κατά
2687 1112 2816 1175 τοὺς
2849 1110 3184 1181 ρηξίφρονας
3237 1110 3434 1172 ἁλοὺς,
3462 1108 3600 1161 ἀλλά
3628 1108 3722 1161 τοῦ
3763 1108 4010 1168 πάθους

2388 1204 2829 1275 ὐπεραλλόμενος
2850 1220 2864 1234 ·
2891 1204 2952 1257 τὸ
2972 1204 3030 1257 δὲ
3060 1205 3127 1274 τῇ
3158 1194 3429 1273 ἁμεθεξίᾳ
3450 1200 3552 1271 τῆς
3581 1201 3673 1254 νῦν
3702 1201 4011 1272 κορυὸανο

2386 1299 2593 1368 τιὼσης
2656 1296 2947 1369 αἱρέσεως.
3007 1297 3186 1366 Ὀπερ
3244 1295 3572 1365 θαυμασίως
3637 1296 3720 1354 είς
3773 1293 4010 1347 ταυτὸν

2389 1388 3008 1461 συνέδραμεν,ἀφθορία
3038 1388 3247 1460 ψυχῆς,
3287 1387 3525 1459 άφθορία
3568 1386 3849 1456 σώματος.
3906 1385 4011 1449 Ὠς

2387 1484 2669 1537 ἑπαινετοὶ
2700 1484 2749 1535 οί
2789 1483 3151 1553 γεννήτορες,
3202 1480 3445 1533 τοιούτου
3491 1479 3679 1541 παιδὸς
3734 1479 4010 1548 πατέρες

2387 1574 2869 1646 χρηματίσαντες,
2914 1572 3263 1642 ἐνεγκόντες,
3302 1572 3364 1624 οὐ
3417 1569 3742 1642 σωματικῶς
3788 1569 4008 1638 μόνον,

2387 1669 2527 1723 άλλά
2549 1670 2645 1722 καὶ
2678 1668 3071 1738 πνευματικῶς
3110 1666 3479 1736 εὐφυέστατον
3523 1662 3708 1733 ἔρνοςί
3747 1663 3846 1725 Ὠς
3879 1680 4009 1731 μα-

2388 1765 2652 1835 καριστὸς
2684 1766 2712 1817 ὁ
2735 1764 2895 1831 γόνος
2913 1779 2927 1793 ’
2954 1760 3092 1831 ὁμοῦ
3122 1762 3221 1831 μὲν
3246 1758 3550 1828 πατρὼζων
3573 1771 3586 1784 ·
3630 1754 3764 1825 ὁμοῦ
3788 1754 3855 1806 δὲ
3893 1755 4009 1807 καὶ

2388 1856 2583 1911 ἑαυτὸν
2627 1855 2853 1926 Χριστῷ
2890 1854 3310 1925 ίνδαλματίσας⁶
3347 1852 3407 1915 ὃς
3450 1853 3517 1920 τῇ
3555 1849 3811 1919 παρθένῳ
3851 1866 4005 1916 γεν-

2385 1951 2539 2019 νήσει
2570 1948 2667 2019 τὴν
2702 1946 3002 2017 παρθενίαν
3032 1946 3294 2014 τιμήσας,
3330 1942 3528 1995 ὀπαδὸν
3553 1940 3624 2003 ὡς
3652 1940 3765 1992 υἱὸν
3790 1941 4006 2008 900:0;

2384 2041 2482 2093 τὸν
2528 2040 2643 2092 υἱὸν
2673 2038 2829 2107 ὑμῶν
2861 2037 3075 2107 εἴληφε.
3106 2036 3172 2088 Τί
3203 2030 3330 2101 οὐνς
3365 2030 3645 2102 κλαυθμοῦ
3680 2031 3740 2082 τὸ
3764 2031 4001 2100 ὁρᾰμα,

2386 2133 2666 2204 ἢχαρᾶςς
2710 2130 2925 2202 Δηλαδὴ
2977 2129 3339 2199 εὐφροσύνης.
3408 2126 3509 2180 κᾶν
3563 2125 3717 2187 ἀνίας
3768 2125 3915 2193 ὑμῖν
3964 2125 3998 2176 ό

2386 2224 2665 2296 χωρισμὸς
2694 2222 2859 2277 αὐτοῦ
2904 2222 3244 2293 ἐνεποίησεν.
3276 2213 3447 2283 Οὗτος
3480 2218 3663 2289 χαίρει
3692 2218 3837 2287 χαρᾷ
3880 2216 3995 2269 νῦν

2386 2315 2445 2364 ὲν
2474 2313 2725 2383 οὐρανοῖς
2743 2353 2758 2375 ,
2793 2311 3037 2381 πρέσϐυς
3061 2310 3485 2379 καθιστάμενος.
3522 2310 3615 2361 Δεῖ
3634 2303 3725 2361 οὖν
3746 2308 3996 2376 συγχαί-

2391 2422 2507 2477 ρειν
2547 2406 2695 2475 ἡμᾶς
2729 2403 2807 2474 τῷ
2840 2402 3152 2474 χαιρομένῳ
3198 2402 3444 2472 ἀπάρτι,
3475 2401 3610 2454 ἀλλὰ
3658 2400 3731 2470 μὴ
3777 2399 3996 2452 λυπεῖν

2388 2499 2557 2551 αὐτὸν
2597 2499 2653 2550 ὲν
2684 2495 2760 2566 τῷ
2814 2494 3124 2548 λυπεῖσθαι.
3180 2494 3361 2565 Πέρας
3388 2496 3417 2546 ό
3460 2492 3613 2561 λόγος
3645 2493 3847 2564 ὲχέτω’
3880 2493 3995 2562 τὴν

2388 2586 2482 2638 ἐπὶ
2513 2588 2581 2657 τῇ
2632 2584 2953 2656 πεμφθείσῃ
2994 2583 3215 2654 εὐλογία
3260 2584 3611 2654 εὐχαριστίαν
3643 2583 3741 2638 καὶ
3768 2582 3991 2638 ἀπολο-

2388 2680 2513 2748 γίαν
2546 2694 2821 2746 συναποφε
2832 2677 3079 2747 ρόμενος.

2386 2788 2625 2827 ιιιωωιό
2676 2771 3029 2826 contristare.
3063 2771 3269 2827 Habeat
3302 2772 3449 2827 hunc
3478 2773 3703 2843 epistola
3734 2772 3981 2835 exitum,

694 2887 793 2939 pro
817 2873 1145 2927 transmisso
1189 2889 1417 2927 munere
1452 2875 1753 2942 gratiarum
1797 2872 2067 2925 actionem
2122 2870 2286 2926 simul
2326 2878 2382 2924 et
2409 2867 2822 2924 excusationem
2852 2866 3117 2921 referens.

1163 2990 1271 3044 LV.
1310 3023 1374 3031 —
1410 2990 1657 3061 (ἔκαον-ω
1690 2996 1847 3049 laico.

2704 2988 2829 3042 Mt.
2891 3020 2942 3029 -
2978 2986 3253 3058 ι’ρηγτνρᾷ
3277 2986 3489 3054 Jama.
3519 2986 3702 3061 ιτεηνιι

1623 3089 1723 3137 Pro
1745 3090 1838 3137 tide
1862 3092 2113 3151 captivum
2146 3088 2363 3137 roborat.
2392 3086 2597 3149 (Baron.
2630 3100 2708 3136 an.
2737 3084 2849 3145 818,
2883 3097 2933 3133 ιι.
2961 3083 3063 3147 19.)

769 3175 950 3237 Salve,
991 3174 1278 3228 confessor
1306 3172 1534 3228 Christi.
1574 3173 1767 3230 Merito
1806 3176 1898 3231 Dei
1930 3177 2205 3230 hominem
2237 3186 2287 3230 te

2465 3197 2659 3265 Χαῖρε,
2722 3193 3036 3263 ὁμολογητά
3095 3192 3189 3246 τοῦ
3247 3193 3523 3264 Χριστοῦ·
3586 3196 3812 3261 εἰκότως
3882 3199 3990 3252 ἂν-

697 3269 825 3321 oiim
855 3268 1121 3336 appellavi
1152 3284 1165 3321 :
1204 3282 1269 3321 en
1304 3267 1564 3322 mentitus
1601 3284 1707 3321 non
1741 3278 1825 3322 est
1851 3268 2078 3323 humilis
2108 3284 2291 3323 sermo

698 3377 870 3423 mens,
920 3361 1014 3431 qui
1052 3361 1306 3414 sublimis
1338 3360 1391 3413 in
1444 3369 1495 3414 te
1527 3362 1801 3429 apparuit.
1852 3360 2141 3427 Quomodo
2164 3377 2289 3415 car-

697 3454 826 3507 eer?
857 3452 1053 3505 Ferrea
1090 3452 1253 3505 etiam
1291 3453 1510 3507 vincula
1538 3454 1803 3515 su5tines,
1842 3464 1900 3507 ut
1944 3454 2130 3517 audio,
2162 3468 2287 3509 cor-

699 3561 831 3613 pore
862 3546 1215 3599 eonstrictns.
1252 3544 1361 3597 Res
1414 3544 1710 3598 laboriosa.
1744 3543 2133 3599 Verumtamen
2161 3561 2290 3598 con—

698 3638 905 3691 t’ortare
954 3637 1008 3689 in
1070 3634 1324 3699 Domino,
1383 3646 1569 3690 sancte
1640 3646 1695 3689 et
1760 3645 2065 3704 martyrum
2139 3652 2290 3701 more

697 3728 1040 3797 depugnans.
1102 3726 1269 3792 Belle,
1333 3728 1492 3791 belle,
1546 3728 1732 3793 frater,
1793 3731 1973 3798 qualis
2025 3712 2285 3784 eluxislil

698 3831 961 3891 quantum
1020 3824 1290 3875 exaltatus
1346 3825 1452 3876 es!
1511 3822 1664 3877 Unus
1707 3839 1773 3875 ex
1824 3824 2084 3878 omnibus
2118 3824 2292 3878 laicus

700 3916 788 3975 (de
822 3916 889 3969 iis
916 3916 1114 3985 loquor
1140 3917 1233 3985 qui
1266 3917 1368 3969 sub
1394 3917 1496 3971 hoc
1527 3918 1759 3987 imperio
1806 3918 2031 3988 degunt)
2057 3930 2111 3972 tu
2140 3918 2291 3972 solus

701 4009 810 4061 Deo
836 4010 1118 4062 confessor
1161 4020 1421 4064 ostensus
1454 4026 1513 4064 es
1547 4020 1601 4064 et
1630 4012 1837 4080 angelis
1869 4020 1922 4064 et
1954 4011 2288 4066 hominibus.

698 4101 891 4155 Cernis
932 4102 1151 4154 ubinam
1185 4111 1239 4155 te
1265 4103 1548 4156 detineant
1584 4103 2003 4171 persecutores?
2045 4102 2101 4156 In
2136 4105 2286 4172 pala-

702 4194 828 4247 tio:
888 4208 985 4245 ceu
1050 4194 1400 4261 margaritam
1439 4233 1454 4257 ,
1541 4210 1638 4247 Ceu
1700 4210 1885 4264 regem
1943 4195 2288 4249 affectuum:

700 4285 953 4353 quamvis
1022 4285 1094 4337 ita
1150 4302 1254 4337 non
1302 4287 1559 4342 sentiant.
1621 4284 1699 4339 Ne
1747 4288 1962 4351 timeas,
1995 4289 2188 4352 amice,
2225 4304 2293 4342 ne

701 4381 961 4434 terrearis
988 4382 1057 4433 ob
1087 4381 1430 4435 imminentia
1482 4382 1706 4435 verbera
1731 4400 1745 4448 ;
1772 4383 2016 4446 sustine;
2040 4382 2291 4437 Christus

699 4489 808 4527 una
844 4474 1161 4536 sublevans,
1213 4474 1376 4527 simul
1428 4474 1720 4544 adiuvans,
1751 4484 1810 4528 ut
1842 4475 2005 4529 simul
2042 4491 2290 4545 pugnans

2394 3288 2610 3358 θρωπον
2648 3286 2743 3339 τοῦ
2801 3284 2938 3338 Θεοῦ
2973 3284 3141 3338 πάλαι
3180 3286 3605 3356 προσηγόρευσά
3640 3304 3732 3339 σε·
3775 3288 3877 3353 ῖδε,
3915 3293 3984 3344 οὗ

2390 3380 2684 3450 διεψεύσθη
2716 3380 2745 3432 ό
2800 3379 3060 3441 ταπεινός
3115 3395 3217 3446 μου
3277 3378 3457 3447 λόγος,
3516 3379 3719 3448 ὑψηλὸς
3770 3383 3828 3433 ὲν
3900 3383 3992 3434 σοὶ

2390 3473 2751 3543 ἀποφανθείς.
2819 3471 2943 3535 Πῶς
2974 3474 3007 3542 ἡ
3060 3472 3316 3541 φυλακῆς
3371 3473 3559 3543 φέρεις
3600 3474 3694 3525 καὶ
3742 3474 3988 3542 σίδηρα,

2389 3564 2466 3627 ὡς
2498 3562 2715 3624 ἀκούω,
2753 3562 2902 3615 ἔνδον
2946 3563 3267 3632 πιεζόμενος
3317 3564 3417 3625 τὰς
3457 3563 3686 3632 σάρκας.
3719 3564 3990 3628 Κοπιῖιδες

2392 3656 2454 3707 τὸ
2486 3656 2740 3723 πρᾶγμα.
2795 3654 2945 3726 Πλὴν
2993 3656 3434 3725 ὲνδυναμωθείης
3476 3656 3533 3708 ἐν
3568 3656 3785 3726 Κυρίῳ,
3814 3658 3992 3719 ὁσῖιυς

2392 3751 2489 3804 καὶ
2550 3748 2908 3821 μαρτυρικῶς
2963 3747 3215 3803 διαθλῶν.
3269 3747 3367 3809 Ὦ,
3414 3744 3491 3815 ὣ,
3542 3746 3775 3815 aegret.
3825 3753 3993 3813 ποῖος

2393 3834 2736 3907 ὲξέλαμψαςί
2766 3837 2953 3908 ἡλίκον
2984 3836 3241 3906 ὐψὼθηςί
3271 3832 3365 3900 Εἷς
3398 3839 3461 3890 ἐκ
3505 3838 3723 3892 πάντων
3757 3838 3989 3907 λαῖκδς,

2393 3930 2501 3982 τῶν
2537 3930 2643 3984 ὑπὸ
2669 3928 2827 3999 τήνδε
2854 3928 2953 4001 τὴν
2983 3929 3235 3996 ἐξουσίαν
3259 3929 3435 3997 λέγω,
3472 3930 3537 3983 σὺ
3569 3932 3728 3999 μόνος
3755 3932 3831 3999 τῷ
3854 3933 3991 4004 Θεῷ

2393 4020 2671 4088 ὁμολογῶν
2703 4020 3030 4091 ὐπεδείχθης
3067 4021 3162 4073 καὶ
3202 4022 3459 4089 ἀγγέλοις
3508 4026 3604 4076 καὶ
3638 4025 3987 4093 ἀνθρώποις.

2405 4110 2568 4179 Ὁρᾷς
2598 4110 2701 4162 ποῦ
2726 4127 2781 4162 σε
2807 4111 2897 4163 καὶ
2923 4112 3248 4180 κατέχουσιν
3287 4114 3336 4163 0i
3364 4112 3590 4166 διῶκται
3617 4130 3632 4177 ;
3667 4115 3758 4177 El;
3786 4117 3853 4168 τὰ
3881 4117 3990 4185 βα-

2396 4200 2600 4252 σίλεια·
2639 4200 2715 4262 ὡς
2767 4202 3137 4269 μαργαρίτην,
3182 4202 3257 4261 ὡς
3295 4201 3523 4270 βασιλέα
3580 4204 3691 4256 τῶν
3745 4206 3985 4260 παθῶνσ

2395 4290 2496 4343 κᾶν
2523 4292 2621 4360 οὐχ
2654 4291 2825 4353 οὕτως
2861 4293 3145 4360 νομίζωσι.
3189 4295 3376 4364 Μηδὲ,
3407 4295 3527 4364 φίλε
3548 4335 3563 4360 ,
3603 4296 3817 4369 δείσῃς,
3848 4301 3991 4370 μηδ’

2395 4378 2462 4436 αὖ
2499 4382 2745 4453 φοϐηθῇς
2784 4383 3053 4453 μάστιγας
3102 4386 3403 4454 ὲρχομὲνας
3426 4404 3443 4420 ο
3474 4388 3792 4453 ὑποίσειας·
3833 4394 3985 4464 Χρι-

2397 4475 2521 4539 στὸς
2571 4478 2599 4528 ὁ
2643 4473 3045 4543 συγκουφίζων,
3105 4478 3134 4529 ὁ
3185 4478 3851 4550 συναντιλαμϐανόμενος,
3901 4487 3988 4551 ὡς

700 4577 754 4619 ιιι
794 4568 956 4622 simul
997 4584 1315 4637 percussus.
1360 4567 1415 4621 Si
1458 4583 1591 4635 ergo
1622 4584 1649 4620 a
1686 4572 1945 4637 quopiam
1991 4586 2023 4623 e
2057 4569 2287 4623 subditis

2400 4566 2679 4621 συναθλῶν
2707 4568 2802 4620 καὶ
2835 4568 3290 4638 συντυπτόμενος.
3334 4571 3460 4623 Ἐὰν
3484 4568 3578 4625 οὐν
3608 4576 3984 4645 κατεχόμενος

700 4661 974 4723 detentus.
1012 4661 1398 4729 imperatorem
1433 4660 1660 4713 haberes
1687 4661 2051 4725 defensorem,
2089 4670 2291 4714 etcum

702 4754 1035 4816 verberaris,
1070 4756 1248 4807 tecum
1281 4763 1333 4806 et
1366 4753 1551 4807 animo
1576 4762 1629 4806 et
1658 4752 1852 4807 affectu
1900 4754 2242 4807 verberatum
2275 4771 2288 4805 :

706 4863 887 4900 nonne
941 4847 1048 4915 pati
1111 4847 1398 4914 gauderes,
1468 4858 1855 4900 ornamentum
1929 4848 2288 4915 amplectens,

701 4938 859 5006 quasi
908 4938 1163 5005 patiendo
1218 4939 1528 5006 perciperes
1560 4952 1699 5006 quas
1738 4936 2092 4991 desiderabas
2134 4952 2285 5006 opes,

703 5030 957 5099 gloriam,
1020 5031 1435 5098 principatum?
1486 5030 1709 5095 Quanto
1739 5045 1869 5083 vero
1898 5031 2072 5096 magis
2100 5029 2205 5082 hoc
2240 5030 2293 5081 in

705 5137 762 5173 re
817 5120 1069 5189 praesenti
1126 5121 1509 5173 sentiendum!
1546 5118 1702 5184 Quod
1750 5130 1805 5173 et
1852 5118 2293 5187 amplectendam

706 5214 866 5267 nobis
923 5212 1254 5278 necessario,
1299 5223 1358 5265 ut
1419 5227 1525 5264 non
1589 5212 1766 5266 somni
1827 5212 2026 5264 similia
2089 5216 2200 5265 haec
2243 5221 2298 5264 et

708 5304 914 5362 inania.
966 5304 1056 5355 sed
1093 5303 1422 5371 senipiterua
1462 5311 1515 5355 et
1563 5318 1688 5355 vera
1724 5314 1778 5355 et
1811 5300 2106 5355 ineﬂabilia
2138 5300 2294 5371 bona

706 5409 1137 5463 consequamur.
1189 5403 1390 5447 aeterna
1446 5395 1714 5465 supplicia
1752 5369 2291 5462 tlecliiiantcs,'qua-,

706 5489 796 5557 qui
824 5487 969 5558 pingi
1014 5486 1297 5541 Christum
1333 5497 1553 5556 negant,
1606 5487 1999 5542 sustinebunt:
2033 5502 2061 5539 a
2087 5488 2293 5555 quibus

708 5581 1025 5644 liberemur,
1083 5580 1277 5639 frater.
1304 5594 1403 5648 pro
1434 5580 1593 5634 nobis
1624 5580 1856 5633 invicem
1890 5589 2132 5632 orantes.

938 5692 1069 5747 LVI.
1094 5725 1158 5737 -
1184 5691 1347 5746 Leoni
1382 5691 1618 5747 Patricio
1648 5704 1696 5747 et
1728 5692 2046 5747 Sacellario.

2398 4659 2501 4711 ὑπό
2547 4675 2693 4722 τινος
2731 4658 2840 4711 τῶν
2888 4658 2995 4711 ὐπὸ
3040 4662 3233 4729 χεῖρα,
3290 4656 3434 4731 εἶχες
3488 4664 3580 4716 τὸν
3618 4663 3981 4733 βασιλεύοντα

2395 4751 2905 4821 ὑπερασπιζόμενόν
2941 4768 3067 4818 σου,
3113 4753 3207 4805 καὶ
3239 4753 3299 4804 ὲν
3327 4753 3406 4824 τῷ
3435 4754 3683 4825 δέρεσθαι
3719 4760 3976 4829 συνδερό-

2395 4844 2556 4913 μενόν
2582 4860 2664 4895 σοι
2690 4845 2755 4914 τῇ
2780 4844 3047 4897 διαθέσει·
3076 4846 3175 4897 οὐκ
3208 4846 3275 4898 ἂν
3305 4846 3524 4918 ἔχαιρες
3553 4850 3769 4913 παθεῖν,
3803 4852 3978 4918 φιλῶν

2390 4934 2481 4987 τὸν
2512 4934 2746 5001 κόσμον·
2781 4934 2857 4998 ὼς
2888 4935 2954 4989 ἂν
2979 4934 3055 5004 τῷ
3088 4935 3250 4988 πάθει
3280 4936 3497 5005 ὲδρέψω
3526 4936 3561 4989 ἀ
3584 4937 3800 5001 ἐπόθεις
3834 4942 3977 5011 χρή-

2401 5044 2547 5094 ματα
2570 5067 2584 5087 .
2616 5028 2776 5092 δόξας
2796 5069 2811 5090 ,
2845 5030 3119 5095 mutata;
3166 5028 3324 5097 Πόσῳ
3348 5029 3412 5097 δὴ
3449 5024 3553 5097 ᾧδε
3588 5029 3788 5097 μᾶλλον
3814 5032 3976 5085 τοῦτο

2395 5121 2638 5187 νοητέον.
2662 5120 2729 5171 ⁸0
2760 5120 2854 5171 καὶ
2878 5118 3133 5189 φιλητέον
3168 5120 3305 5187 ἡμῖν
3332 5117 3391 5183 ἐξ
3418 5119 3743 5185 ἀναγκαίου·
3776 5121 3865 5173 ἵνα
3897 5124 3976 5195 μὴ

2395 5212 2462 5262 τὰ
2500 5210 2760 5280 ὀνειρώδη
2804 5210 2979 5263 ταῦτα
3018 5212 3110 5263 καὶ
3159 5212 3395 5280 μάταια·
3431 5212 3566 5263 ἀλλά
3594 5212 3662 5265 τὰ
3697 5214 3849 5267 ἀΐδια
3882 5220 3978 5270 καὶ

2394 5303 2625 5375 ἀληθινὰ
2670 5305 2765 5358 καὶ
2817 5304 3159 5373 ἀνεκλάλητα
3201 5304 3382 5371 ἀγαθά
3427 5305 3836 5375 ἀπολάϐοιμεν
3870 5327 3975 5378 φυ-

2396 5396 2586 5461 γόντες
2626 5395 2725 5457 τὰς
2761 5394 3015 5456 αἰωνίους
3053 5394 3358 5462 τιμωρίαςο
3393 5393 3459 5456 ἀς
3488 5395 3538 5446 οί
3568 5396 3977 5468 ἀπαρνούμενοι

2397 5484 2630 5565 Χριστζιν
2661 5484 3059 5555 ἐγγράφεσθαι,
3080 5483 3497 5549 ὐποστήσονται’
3524 5478 3600 5539 ὧν
3620 5488 3977 5562 ρυσθείημεν,

2398 5577 2595 5644 eam:
2619 5617 2633 5641 ,
2668 5576 2812 5646 ὑπὲρ
2837 5574 3086 5643 ἀλλήλων
3120 5575 3569 5644 προσευχόμενοι.

2395 5690 2539 5758 NQ".
2563 5720 2634 5729 -—
2668 5688 2879 5743 Λέοντι
2904 5686 3200 5755 Πατρικίῳ
3220 5687 3319 5742 καί
3340 5692 3747 5763 Saxula!)qu
3784 5694 3979 5769 [τπβκ]

1732 5806 2106 5859 Persecutiouis
2130 5803 2457 5854 acerbitatem
2485 5817 2594 5852 cum
2619 5803 2707 5851 illo
2727 5802 2971 5864 deplorat.

780 5883 853 5942 En
910 5887 953 5941 si
1016 5904 1178 5944 nosse
1231 5888 1509 5945 desideras
1561 5906 1679 5961 quae
1739 5902 1981 5947 nostram
2038 5890 2298 5943 humilem

2484 5887 2543 5939 Εἰ
2615 5885 2773 5947 αὐτὸς
2833 5884 3006 5953 φιλεῖς
3081 5884 3375 5957 μανθάνειν
3442 5889 3511 5943 τὰ
3565 5889 3661 5960 τῆς
3713 5890 3982 5961 ταπεινῆς
