4164 6510
233 448 382 513 1269

1458 449 1998 511 EPISTOLARUM
2039 452 2186 514 LIB.
2231 453 2315 513 ll.

3398 455 3529 515 1270

232 563 392 635 ζωῆς
434 563 623 635 ἡμῶν,
657 565 735 626 ὡς
781 564 848 632 τῇ
892 560 1075 633 ἁγαθῇ
1110 560 1205 616 καὶ
1232 562 1547 635 φιλαλλήλῳ
1594 563 1838 617 διαθέσει

1949 567 2109 621 vitam
2130 577 2411 639 spectant,
2437 565 2903 638 quemadmodum
2927 582 2993 621 ex
3016 566 3231 621 sincera
3258 583 3321 622 ac
3345 583 3528 625 mutua

233 662 526 732 χρώμενος
551 662 783 731 εἴρηκας
802 675 817 691 ’
854 660 1021 713 πόσον
1052 658 1164 729 ἐγὼ
1192 662 1219 714 ὁ
1249 662 1507 724 ταπεινὸς
1550 660 1725 731 προου
1737 679 1842 730 μη-

235 757 396 825 Οείην
443 754 785 809 ἐπιστέλλειν
829 756 896 825 τῇ
948 754 1347 825 ἀνυπερῦλήτῳ
1399 772 1495 807 σου
1554 754 1837 825 ὑπεροχῇο

237 853 379 907 αὐτὸ
428 849 587 901 τοῦτο
654 846 945 919 μανθάνων
988 852 1090 907 τὰς
1138 846 1401 910 εὐκταίας
1454 846 1647 913 ὑγείας
1704 862 1837 897 σουο

238 948 343 1000 καὶ
373 944 548 998 δοκῶν
592 943 725 1012 ὁρᾷν
760 958 858 994 σου
899 940 960 992 τὸ
1009 940 1334 1008 φιλούμενον
1382 939 1713 1009 πρόσωπον·
1746 937 1842 991 καὶ

239 1039 464 1095 ἀκούειν
491 1055 583 1090 σου
606 1040 706 1106 τῆς
730 1036 1004 1104 ἡδυτάτης
1031 1035 1215 1104 φωνῆς
1236 1050 1249 1063 ⁸
1275 1036 1339 1104 τῇ
1366 1033 1503 1103 πρὸς
1534 1034 1623 1085 τὸν
1654 1049 1841 1103 γραμ-

246 1134 568 1205 ματηφόρον
605 1129 1054 1198 συγκαταδατικῇ
1102 1127 1291 1198 ὁμιλία
1337 1126 1433 1180 καὶ
1469 1124 1675 1197 θεωρίᾳ.
1707 1126 1835 1180 σουί

241 1229 389 1298 Δὲχῃ
428 1225 543 1295 ¹γὰρ
592 1223 681 1276 διὰ
728 1222 863 1275 Θεὸν
906 1221 1318 1290 εὐμενέστατα,
1374 1218 1471 1271 καὶ
1504 1219 1715 1288 ὁμιλεῖς
1746 1220 1841 1271 εὑ-

242 1323 484 1391 πρόσιτα
532 1319 625 1371 καὶ
672 1315 750 1386 τῷ
793 1316 1033 1386 τυχόντι.
1091 1315 1189 1375 Ὃς
1241 1313 1339 1364 καὶ
1386 1311 1697 1381 ἀπήγγειλέ
1748 1328 1839 1382 μοι

243 1417 398 1477 ὅπως
434 1410 854 1479 ἐπιστυγνὰζεις
899 1410 1015 1470 τοῖς
1063 1405 1166 1475 ἤδη
1216 1404 1361 1457 κατὰ
1411 1403 1511 1463 τὰς
1565 1403 1841 1473 ἁμαρτίας

244 1509 409 1579 ἡμῶν
454 1504 889 1575 τετολμημένοις
910 1519 924 1532 ο
966 1500 1193 1563 στένων,
1231 1498 1329 1552 καὶ
1360 1498 1544 1564 ἀλγῶν
1574 1499 1674 1567 τὴν
1704 1514 1841 1568 καρ-

243 1605 366 1656 δίαν
396 1602 481 1669 ἐφ’
508 1590 725 1667 ὲκᾶστῳ
744 1597 853 1649 τῶν
886 1594 1252 1664 γιγνομὲνων.
1288 1592 1396 1645 Καὶ
1429 1593 1677 1655 εἰκότως.
1707 1594 1840 1645 Ἀν-

246 1698 467 1765 ορωπος
493 1694 602 1762 γὰρ
626 1688 677 1744 εἷ
704 1689 861 1750 Θεοῦ,
882 1689 1008 1741 νοῦν
1037 1688 1176 1758 ἔχων
1203 1687 1370 1756 ἱερὸν,
1402 1686 1583 1756 ψυχὴν
1606 1689 1840 1758 Χριστο-

247 1792 400 1860 φιλῆ,
430 1786 635 1856 γνῶσιν
674 1782 918 1850 οεοτελῆ,
950 1780 1191 1833 διάνοιαν
1233 1779 1479 1850 ἐμμελῆ,
1516 1779 1676 1843 δόξαν
1706 1780 1839 1833 είλι-

245 1882 445 1953 κρινῆ⁶
502 1882 558 1932 ἐν
604 1873 685 1941 οἷς
731 1874 1056 1945 σφαδάζεις,
1111 1873 1185 1945 μὴ
1237 1873 1537 1943 δυνάμενος
1574 1872 1841 1943 βοηθῆσαι

1945 659 2216 715 cliaritate
2242 661 2564 730 signiﬁcasti
2587 679 2600 714 :
2626 670 2831 730 quanta
2846 672 2939 715 me
2966 660 3228 715 humilem
3253 663 3533 718 alacritate

1946 767 2041 820 par
2087 763 2171 807 est
2219 753 2285 806 ad
2326 753 2660 808 eminentctn
2710 764 2858 808 tuam
2900 753 3281 809 excellentiam
3326 754 3534 813 litteras

1946 844 2079 897 dare
2124 860 2137 896 :
2191 861 2315 898 cum
2371 847 2473 901 hoc
2524 847 2702 915 ipsum
2730 848 2794 902 de
2824 857 2875 901 te
2911 847 3153 911 discam,
3187 847 3335 905 belle
3362 856 3442 914 te,
3478 860 3539 905 ut

1946 937 2302 1006 cupidissime
2346 950 2516 1008 opto,
2561 942 2744 995 valere
2781 959 2792 995 :
2846 957 2972 996 eum
3026 942 3422 998 suavissimum
3472 960 3537 1001 os

1948 1038 2098 1083 tuum
2159 1033 2350 1085 videar
2404 1034 2647 1096 intueri.
2709 1049 2774 1089 ac
2830 1034 3294 1104 iucundissimam
3348 1052 3535 1093 vocem

1947 1124 2158 1189 audire,
2187 1126 2277 1179 ubi
2301 1126 2702 1181 humanissimo
2724 1137 2819 1183 tuo
2841 1130 3084 1200 alloquio
3106 1142 3397 1201 etaspecttt
3428 1132 3536 1190 frui

1948 1216 2233 1273 tabellario
2266 1228 2461 1273 nostro
2504 1220 2667 1274 licet!
2712 1219 2930 1289 Exeipis
2979 1224 3125 1277 enim
3177 1224 3538 1281 blandissime

1947 1320 2170 1381 prOpter
2218 1310 2417 1375 Deum.
2472 1328 2539 1367 ae
2586 1313 2851 1368 benevole
2896 1314 3083 1371 all‘aris
3132 1317 3217 1371 vel
3263 1318 3533 1388 privatum

1949 1404 2275 1474 quemlibet.
2310 1405 2389 1459 Ad
2425 1421 2511 1459 me
2542 1416 2721 1459 autem
2756 1406 2845 1460 ille
2879 1408 3066 1462 retulit
3089 1447 3104 1468 ,
3147 1423 3308 1476 quam
3343 1412 3537 1467 acerbo

1948 1498 2134 1552 animo
2165 1513 2227 1552 ea
2258 1497 2545 1567 ferasquae
2566 1499 2679 1568 jam
2708 1498 2806 1561 illi,
2832 1509 3057 1569 propter
3082 1510 3305 1571 peccata
3327 1513 3534 1566 nostra.

1947 1590 2068 1644 ausi
2108 1599 2239 1644 sunt
2272 1590 2516 1644 facinora
2558 1609 2570 1643 :
2608 1591 2979 1661 ingemiséeus
3005 1631 3021 1657 ,
3062 1607 3126 1646 ac
3164 1592 3393 1661 singulis
3419 1609 3539 1663 quae

1946 1684 2210 1739 accidunt
2257 1686 2417 1739 malis
2446 1684 2692 1740 oll'ensus
2727 1700 2853 1739 cum
2891 1685 3089 1740 intimo
3119 1700 3283 1739 sensu
3313 1685 3539 1743 doloris.

1946 1779 2015 1834 Et
2046 1781 2262 1833 merito.
2307 1778 2445 1833 Natu
2479 1789 2535 1834 et
2566 1781 2733 1835 homo
2765 1779 2859 1835 Dei
2898 1796 2992 1846 es,
3032 1779 3119 1834 cui
3163 1795 3317 1836 sacra
3352 1797 3539 1848 mens,

1947 1874 2138 1927 anima
2172 1873 2381 1929 Christi
2415 1888 2609 1929 amans
2632 1914 2646 1937 ,
2676 1873 2860 1927 divina
2892 1874 3123 1944 peritia,
3152 1875 3542 1945 circumspecta

246 1979 360 2037 τοῖς
418 1974 740 2045 πράγμασι,
787 1970 930 2023 κατά
971 1968 1034 2021 τὸ
1087 1966 1312 2029 εἰωθόςο
1365 1965 1481 2019 ἀλλ’
1516 1965 1659 2036 ὁρῶν
1700 1964 1843 2019 οὕτω

1949 1969 2250 2039 cogitatio,
2313 1985 2501 2023 rerum
2553 1967 2896 2023 existimatio
2958 1969 3223 2034 sincera;
3282 1969 3543 2039 quocirca

246 2067 669 2123 κινδυνεύουσαν
699 2065 800 2130 τὴν
851 2060 1202 2131 Ἐκκλησίαν,
1252 2059 1331 2127 ἣν
1370 2057 1837 2127 περιεποιήσατο

246 2158 603 2227 minacem
648 2156 756 2210 τοῦ
785 2155 1010 2209 οἰκείου
1047 2154 1320 2222 αἵματος.
1353 2149 1424 2205 Ὦ
1451 2152 1721 2214 δέσποτα,
1759 2154 1838 2214 εἰς

246 2250 340 2307 οἷα
378 2252 528 2305 δεινὰ
576 2249 915 2319 ὲφθᾰσαμεψ
953 2246 1050 2299 καὶ
1097 2245 1261 2314 ἡλίκα
1297 2246 1446 2298 κακᾶ
1486 2243 1833 2315 τεθεάμεοαῑ

261 2343 519 2414 Ἀμοιίῖσιλ⁸
541 2341 715 2394 ταῦτα
740 2338 1122 2410 προλαϐόντων
1140 2336 1580 2407 ἁμαρτημάτων.
1618 2336 1840 2406 Ἐπειδὴ

247 2439 361 2508 γὰρ
405 2437 516 2489 οὐκ
558 2431 1003 2501 ἐδοκιμάσαμεν
1052 2431 1159 2484 τὸν
1202 2430 1353 2483 Θεὸν
1380 2430 1548 2499 ἔχειν
1591 2429 1661 2482 ἐν
1713 2429 1836 2481 eru-

248 2531 495 2602 γνώσει,
532 2529 621 2582 διὰ
650 2526 901 2595 φυλακῆς
934 2524 1042 2577 τῶν
1069 2523 1304 2578 ἐντολῶν
1336 2523 1503 2577 αὐτοῦ
1524 2539 1538 2553 ⁸
1578 2523 1693 2577 ἁλλ’
1715 2522 1842 2576 ἐλύ-

252 2642 430 2694 σαμεν
463 2624 523 2675 οὐ
560 2620 710 2691 μίαν,
756 2619 895 2674 ἀλλὰ
931 2618 1027 2671 καὶ
1085 2618 1308 2679 πολλὰς,
1339 2618 1433 2668 καὶ
1474 2617 1581 2687 ἰδίᾳ
1615 2617 1710 2669 καὶ
1749 2617 1845 2688 δη-

254 2718 423 2789 μοσίᾳ
457 2716 743 2785 σχίσαντες
774 2712 836 2765 τὸ
867 2711 1201 2778 Εὑαγγέλιον
1229 2710 1322 2763 τοῦ
1347 2710 1586 2780 Χριστοῦ
1612 2726 1627 2739 ·
1662 2708 1843 2774 οἶσθα,

251 2815 281 2865 ὁ
330 2810 516 2880 σοφὸς,
568 2808 604 2862 ὃ.
654 2807 832 2862 λέγωο
871 2804 1192 2874 παρέδωκεν
1239 2805 1389 2874 ἡμᾶς
1437 2804 1464 2855 ὁ
1494 2804 1627 2867 Θεὸς
1658 2806 1716 2856 ὲν
1761 2797 1844 2865 οἷς

252 2903 569 2971 πάσχομεν
603 2900 703 2951 ἵνα
728 2898 814 2966 μὴ
840 2896 963 2950 σὺν
992 2895 1072 2962 τῷ
1115 2897 1320 2963 κόσμῳ
1364 2895 1810 2965 κατακριθῶμεν
1830 2913 1843 2927 ·

250 2993 417 3060 καίγε
456 2991 504 3043 οἱ
530 2988 819 3049 δοκοῦντες
843 2982 982 3040 εἷναί
1013 3003 1088 3040 τι.
1117 2986 1281 3037 Ὥστε
1309 2984 1394 3053 μὴ
1430 2984 1846 3052 ὑψούσΗωσαν

252 3088 324 3140 ἐν
377 3082 614 3148 ἑαυτοῖς
656 3082 707 3133 oi
759 3079 1119 3140 ἀσεϐοῦντες,
1172 3079 1247 3139 ὡς
1304 3077 1414 3145 ἄρα
1468 3076 1840 3141 εὐσεϐοῦντες,

252 3177 391 3235 ἀλλὰ
450 3177 545 3229 καὶ
578 3174 697 3226 λίαν
744 3172 1168 3240 γινωσκέτωσαν
1196 3168 1433 3237 Χριστὸν
1463 3167 1747 3237 ἀρνεῖσθαι
1775 3171 1842 3237 τῇ

252 3270 513 3339 ἁθετήσει
542 3267 643 3337 τῆς
673 3266 876 3333 σεπτῆς
922 3261 1089 3316 αὐτοῦ
1132 3262 1341 3322 εἰκόνος
1363 3301 1377 3320 ,
1408 3259 1467 3322 ὃς
1502 3261 1581 3312 ἔτι
1607 3259 1843 3312 ἀναϐαλ-

1946 2058 2308 2113 vehementer
2342 2059 2560 2128 angeris
2593 2059 2739 2128 quod
2788 2074 2945 2128 opem
2980 2058 3126 2113 ferre
3170 2067 3278 2113 non
3332 2060 3541 2130 possis.

1948 2160 2007 2204 ut
2037 2152 2222 2206 soles:
2262 2150 2566 2206 Ecclesiam
2600 2160 2783 2207 autem
2828 2151 2900 2205 ita
2948 2150 3347 2221 periclitantem
3385 2152 3543 2208 intel-

1951 2243 2088 2312 ligas
2114 2283 2128 2306 ,
2173 2260 2333 2314 quant
2376 2243 2638 2298 Dominus
2663 2244 2944 2315 acquisivit
2976 2245 3236 2315 sanguine
3266 2262 3360 2300 suo
3389 2247 3455 2301 ⁸³.
3497 2245 3543 2301 0

1951 2334 2220 2399 Domine,
2277 2337 2329 2391 in
2376 2352 2517 2406 quas
2548 2338 2871 2392 devenimus
2910 2338 3291 2393 calamitates!
3342 2347 3541 2408 quanta

1949 2430 2194 2485 vidimus
2254 2431 2443 2485 mala!
2504 2430 2685 2492 Poma,
2724 2432 2841 2487 haec
2882 2432 3035 2503 justa
3084 2432 3376 2487 criminum
3417 2448 3541 2503 qua

1953 2534 2373 2591 praecesserunt.
2400 2523 2855 2595 Quandoquidem
2888 2524 3035 2578 enim
3070 2541 3173 2578 non
3205 2524 3538 2594 probavimus

1954 2612 2125 2666 Deum
2168 2615 2358 2667 habere
2404 2618 2457 2668 in
2489 2617 2682 2670 notitia
2717 2616 2765 2649 ⁸⁸
2794 2659 2809 2683 ,
2852 2616 3111 2670 mandata
3157 2616 3305 2672 illius
3345 2617 3538 2672 obser-

1952 2715 2180 2771 vantes;
2215 2707 2309 2760 sed
2340 2722 2447 2760 non
2477 2724 2645 2761 unum
2671 2709 2857 2773 modo,
2886 2723 3072 2762 verum
3097 2723 3163 2764 es
3196 2708 3281 2763 his
3306 2709 3538 2777 plurima

1954 2799 2325 2866 negleximus,
2380 2809 2435 2853 et
2488 2801 2745 2870 privatim
2801 2810 2857 2855 ct
2910 2800 3129 2872 publice
3186 2799 3534 2871 Evangelium

1951 2892 2158 2947 Christi
2215 2892 2570 2959 scindentes;
2627 2893 2930 2963 intelligis,
2991 2893 3075 2946 vir
3119 2892 3368 2962 sapiens,
3408 2892 3539 2963 quid

1953 2986 2152 3050 velim;
2201 2985 2412 3041 ideirco
2442 2987 2661 3042 tradidit
2700 3003 2802 3042 nos
2834 2986 2975 3043 Deus
3019 2986 3103 3042 his
3130 3002 3251 3057 qua:
3272 2964 3535 3056 patimur,

1953 3088 2010 3131 ut
2046 3096 2147 3131 non
2180 3094 2301 3131 cum
2335 3081 2429 3133 huc
2456 3080 2653 3134 mundo
2670 3079 3052 3134 damnentur"
3081 3099 3094 3135 :
3137 3082 3240 3135 etsi
3297 3081 3540 3135 videmur

1936 3170 2156 3239 aliquid
2181 3186 2323 3224 esse.
2359 3171 2732 3237 Quamobrem
2770 3189 2876 3227 non
2910 3171 3217 3225 exaltenlnr
3257 3172 3310 3225 in
3348 3180 3537 3225 semet-

1953 3264 2081 3332 ipsis
2109 3263 2153 3293 ⁵⁸
2190 3265 2343 3332 impii
2377 3305 2391 3327 ,
2428 3274 2691 3333 tauquam
2721 3265 2833 3320 sint
2868 3265 3059 3334 utique
3090 3265 3161 3335 pii
3202 3285 3214 3320 :
3257 3265 3347 3319 sed
3381 3264 3536 3334 plane

253 3365 410 3416 λεται
432 3363 725 3427 ἐπαφεῖναι
757 3360 856 3427 τὴν
882 3356 1187 3426 ἐκδίκησιν,
1221 3355 1397 3421 φειδοῖ
1441 3353 1535 3405 καὶ
1576 3352 1713 3423 ἐλέῳ
1747 3370 1836 3423 φιο

1950 3354 2258 3423 intelligant
2307 3358 2497 3427 negari
2545 3359 2870 3421 Christum,
2914 3358 3005 3412 ubi
3059 3357 3367 3412 veneranda
3416 3356 3534 3426 ejus

253 3455 608 3527 λανΟρωπίας
640 3453 734 3507 καὶ
784 3450 1077 3519 μετανοίας
1098 3466 1112 3479 ο
1145 3444 1255 3500 οἶδε
1286 3447 1340 3499 δὲ
1375 3447 1432 3498 ὲν
1462 3446 1602 3498 τέλει
1632 3447 1846 3513 ἀμυνα-

256 3550 381 3603 σθαι
413 3549 540 3611 τοὺς
592 3543 1047 3613 ἀνεπιστρὸερους.
1082 3540 1254 3600 Αὐτὸς
1285 3538 1379 3592 οῦν
1409 3538 1737 3606 προσεύχου,
1770 3538 1845 3601 ὼς

254 3641 534 3712 θεοφιλὴς,
571 3640 675 3709 τὴν
705 3638 813 3690 τῶν
855 3633 1136 3704 δυσχερῶν
1182 3631 1356 3685 λύσιν.
1407 3631 1566 3683 Ἀλλὰ
1601 3630 1675 3699 μὴ
1715 3632 1845 3699 ἡμῖν

253 3736 555 3805 ἐπίτρεπε·
605 3732 654 3785 οἳ
708 3732 808 3783 οὐκ
844 3727 1125 3799 ἀρκοῦμεν
1173 3725 1279 3778 κᾶν
1312 3724 1443 3794 περὶ
1471 3722 1580 3776 τῶν
1628 3724 1844 3776 οἰκείων

255 3827 546 3899 ἁμαρτιῶν
590 3823 929 3890 ὲξιλεοῦσοαι
973 3820 1065 3873 τὸν
1095 3818 1299 3889 ἀγαθὸν
1332 3817 1485 3872 Θεόν.
1541 3818 1732 3888 Ὅμως
1759 3818 1842 3871 ὃτι

254 3916 355 3969 καὶ
382 3918 543 3985 ἡμεῖς
574 3911 896 3983 αἰτούμεθα.

1946 3447 2130 3517 imago
2162 3450 2460 3518 abrogatur
2488 3467 2500 3502 :
2547 3451 2640 3521 qui
2674 3451 3038 3507 nihilominus
3080 3450 3283 3504 inferre
3317 3465 3533 3520 pmnam

1945 3553 2243 3597 cunctatur
2290 3562 2355 3598 ex
2391 3547 2727 3617 benignitate
2759 3561 2888 3616 erga
2924 3548 3178 3603 homines
3215 3562 3278 3602 ac
3320 3544 3535 3601 miseri—

1944 3637 2156 3700 cordia,
2188 3648 2357 3707 utque
2390 3640 2516 3694 illos
2552 3640 2618 3694 ad
2652 3641 3031 3710 pmnitentiam
3071 3641 3345 3695 adducat:
3386 3638 3536 3694 nevit

1945 3736 2127 3783 autem
2154 3731 2298 3787 malo
2325 3732 2548 3786 demum
2575 3731 2792 3788 allicere
2808 3749 2902 3788 eos
2925 3733 3018 3803 qui
3041 3749 3149 3787 non
3183 3731 3532 3802 resipiscunt.

1949 3821 2029 3875 Tu
2063 3824 2230 3893 igitur
2252 3867 2266 3890 ,
2303 3828 2508 3897 quippe
2540 3826 2652 3881 Deo
2676 3837 2901 3897 gratus,
2933 3842 3304 3881 aerumnarum
3335 3824 3535 3879 libera-

1953 3916 2158 3971 tionem
2194 3922 2452 3988 precibus
2489 3936 2678 3975 exora.
2735 3920 2843 3975 Sed
2896 3920 3005 3975 noli
3060 3921 3162 3975 has
3197 3918 3353 3974 nobis
3391 3916 3535 3971 vices

257 4010 556 4069 mandare,
614 4006 705 4076 qui
755 4005 843 4058 vix
896 4019 1056 4074 pares
1090 4018 1284 4059 sumus
1320 4002 1587 4073 placando
1630 4002 1715 4058 vel
1750 4020 1850 4075 pro
1888 4013 2134 4077 peccatis
2200 4017 2441 4086 propriis
2474 4016 2585 4071 Deo
2646 4018 2878 4087 Optimo.
2914 4016 3287 4071 Nihilominus
3322 4014 3451 4070 illud
3483 4021 3536 4067 et

258 4116 365 4157 nos
398 4100 498 4169 ipsi
535 4099 867 4169 ﬂagitamus.

434 4192 561 4248 NZ'.
593 4222 665 4230 —
696 4190 1062 4256 Ἀναστασίῳ
1094 4191 1629 4259 πρωτοσπαθαρίῳ.
1652 4188 1851 4262 [τπγ’.]

2240 4188 2399 4246 LVII.
2425 4222 2495 4231 ——
2524 4191 2813 4246 Anastasio
2842 4192 3292 4262 protospatliario.

761 4309 937 4358 Grates
958 4320 1045 4369 pro
1070 4308 1224 4369 ipsius
1247 4322 1367 4372 erga
1389 4322 1445 4357 se
1466 4309 1635 4359 studio
1665 4311 1770 4372 agit
1803 4323 1815 4359 :
1855 4316 1957 4359 tum
1990 4310 2174 4374 quibus
2201 4312 2436 4359 arumnis
2458 4311 2778 4360 conﬂictelur
2805 4312 3029 4373 exponit.

343 4420 431 4481 Ὠς
462 4417 602 4488 καλὴ
629 4419 663 4488 ἡ
700 4417 851 4487 φιλία
875 4457 891 4480 ,
944 4419 1015 4472 τά
1047 4436 1107 4471 τε
1138 4417 1272 4471 ἄλλα
1294 4458 1308 4482 ,
1365 4419 1457 4470 καὶ
1494 4419 1576 4471 ὅτι
1631 4419 1850 4473 ἀποῦσα

256 4514 336 4577 ὡς
394 4512 645 4581 παροῦσα
698 4511 825 4573 τοὺς
881 4511 1239 4580 ψιλουμένους
1289 4511 1604 4581 εὐεργετεῖν
1665 4512 1850 4565 εῖωοε.

260 4604 498 4674 Τοιαύτη
550 4604 614 4673 δὴ
661 4605 694 4672 ἡ
750 4605 1060 4672 περιφανής
1114 4619 1206 4654 σου
1263 4603 1358 4654 καὶ
1392 4603 1580 4673 ἀγάπη
1614 4603 1712 4656 καὶ
1758 4602 1849 4655 εὐ-

264 4698 451 4751 σέϐεια
478 4695 613 4765 πρός
660 4710 726 4762 μεε
756 4694 844 4745 τὸν
877 4694 1137 4761 δύστηνον
1168 4684 1402 4745 ἔκπαλαι
1434 4694 1526 4745 καὶ
1562 4694 1724 4763 μέχρι
1753 4692 1847 4746 τοῦ

260 4790 425 4860 δεῦρο
445 4806 457 4817 ·
493 4788 585 4840 καὶ
616 4785 871 4857 παροῦσα
896 4785 1015 4838 κατ’
1039 4785 1371 4855 ὀφθαλμοὺς,
1397 4785 1491 4836 καὶ
1526 4786 1583 4837 ὲν
1608 4803 1849 4856 τοσουτῳ

2025 4420 2299 4475 Eximium
2331 4422 2593 4491 quiddam
2629 4421 2876 4476 amicitia
2903 4428 3017 4485 est,
3050 4435 3175 4474 cum
3214 4417 3284 4473 ob
3312 4428 3535 4475 caeteras

1952 4530 2173 4580 causas,
2210 4524 2323 4569 tum
2363 4516 2508 4585 quod
2541 4515 2609 4571 de
2645 4514 2967 4569 absentibus
3006 4528 3164 4582 reque
3197 4529 3264 4568 ac
3296 4528 3534 4583 praesen-

1953 4606 2099 4661 tilins
2130 4606 2325 4660 amicis
2355 4607 2491 4659 bene
2524 4606 2721 4660 mereri
2777 4605 2938 4659 solet.
2989 4603 3141 4658 Talis
3181 4604 3369 4673 utique
3397 4603 3534 4659 insi-

1954 4698 2075 4767 gnis
2118 4697 2206 4750 illa
2248 4706 2338 4749 tua
2375 4696 2752 4751 benevolentia
2788 4697 3075 4765 pietasque
3104 4710 3234 4760 erga
3274 4710 3359 4749 me
3389 4693 3532 4748 inie-

1942 4789 2110 4854 Jicem
2137 4787 2460 4857 jamdudum
2495 4802 2669 4855 usque
2700 4786 2765 4840 ad
2798 4785 3122 4839 hodiernum
3145 4786 3311 4849 diem,
3331 4793 3386 4841 et
3404 4799 3529 4840 cum

262 4878 663 4953 ἁπειροπλὴοεῖ
726 4879 891 4946 μήκει
952 4877 1256 4930 διεστῶσασ
1311 4876 1419 4928 ἀπὸ
1471 4876 1718 4939 Σικελίας
1779 4894 1843 4946 με

1952 4890 2004 4935 te
2028 4895 2214 4934 coram
2247 4890 2552 4950 spectarem
2579 4880 2777 4945 oculis,
2809 4892 2864 4935 et
2889 4896 3034 4934 nunc
3054 4896 3178 4935 cum
3203 4888 3355 4934 tanto
3380 4878 3529 4933 loco-

264 4972 635 5041 εὐεργετοῦσα
670 4973 729 5022 ἓν
781 4970 859 5041 τῷ
916 4969 1198 5039 Βυζαντίῳ
1244 4968 1406 5031 ὄντα,
1468 4970 1563 5021 καὶ
1612 4969 1718 5021 ἀπὸ
1752 4967 1845 5021 τοῦ

264 5065 563 5130 Βυζαντίου
604 5058 705 5117 ὦδε
755 5066 978 5117 κάκεῖσε
1013 5062 1470 5132 περιωρισμένον,
1518 5060 1707 5141 ὥσπερ
1754 5061 1849 5113 καὶ

262 5158 453 5212 τανῦν.
508 5157 618 5209 Καὶ
650 5155 702 5207 τί
732 5156 910 5218 τοῦτο,
944 5156 1027 5207 ὅτι
1064 5157 1142 5217 είς
1186 5154 1471 5223 ἄνθρωπον
1525 5152 1850 5223 ἁμαρτωλὸν

266 5252 362 5306 καὶ
383 5249 601 5313 ἀνάξιον
645 5250 742 5317 τῆς
773 5248 1054 5317 εὐγενείας
1089 5265 1183 5299 σου
1214 5246 1356 5300 οὕτω
1379 5249 1670 5315 πράττεις*
1710 5244 1849 5315 πλὴν

266 5346 348 5397 ὅτι
389 5339 691 5408 ἀγαπῶντά
724 5358 782 5393 σε
824 5340 944 5393 λίαν
976 5341 1064 5393 διὰ
1094 5342 1193 5411 τὴν
1222 5342 1280 5391 ὲν
1311 5340 1513 5393 ἆπασιν
1534 5336 1734 5407 ἀρετὴν
1755 5337 1849 5390 καὶ

267 5434 545 5505 φιλοθεῖαν
580 5449 708 5484 σοῦ’
762 5434 828 5504 ἦν
871 5434 989 5505 ᾅδει
1040 5433 1100 5485 οὐ
1156 5433 1314 5503 μόνον
1372 5432 1624 5493 Σικελία,
1684 5430 1849 5500 καὶὴ

266 5527 413 5581 τίοδε
456 5524 609 5595 χώρα
647 5524 740 5576 καὶ
783 5525 894 5588 τίςο
946 5524 1081 5578 ἁλλᾶ
1125 5526 1218 5577 καὶ
1244 5525 1381 5591 αὐτὴ
1425 5525 1456 5593 ἡ
1492 5521 1851 5592 βασιλεύουσα

271 5617 446 5677 πόλις.
489 5617 588 5667 Διὰ
611 5613 770 5667 τοῦτο
800 5615 893 5667 καὶ
923 5614 1206 5683 βασιλεῦσι
1240 5616 1300 5666 σὺ
1334 5615 1576 5685 φιλητὸς,
1609 5616 1702 5667 καὶ
1738 5618 1851 5677 τοῖς

269 5709 327 5760 ὲν
358 5708 539 5759 τέλει’
574 5707 666 5759 καὶ
698 5707 754 5758 αἱ
798 5707 946 5774 ἀξίαι
980 5723 1063 5757 σοι
1112 5708 1205 5759 ἀπ’
1240 5708 1459 5778 ἀρετῆς.
1493 5704 1650 5757 Οῦτω
1676 5706 1848 5773 φιλῶν

267 5799 361 5851 τύν
393 5798 546 5861 Θεὸν,
564 5798 863 5867 πεφίλησαι
884 5798 977 5850 καὶ
1010 5797 1103 5849 ὑπ’
1133 5798 1299 5851 αὐτοῦ
1325 5800 1418 5852 καί
1438 5796 1588 5867 παρὰ
1612 5796 1720 5848 τῶν
1750 5798 1849 5849 αὐ-

341 5913 386 5947 ”
418 5915 536 5970 Act.
574 5931 663 5973 vx.
689 5915 782 5971 ‘28.
856 5914 901 5946 ἐ
930 5913 1089 5971 ιὶοιιι.
1122 5931 1159 5979 ι,
1199 5914 1292 5972 9.8.
1370 5917 1415 5947 "
1448 5916 1467 5970 l
1500 5915 1627 5972 Cor.
1655 5931 1727 5979 xi,
1760 5914 1848 5969 32.

1952 4988 2072 5027 rum
2104 4973 2390 5026 intervallo
2412 4972 2650 5027 dissides
2674 4989 2689 5026 :
2716 4988 2841 5027 cum
2867 4988 2933 5027 ex
2962 4970 3149 5027 Sicilia
3174 4988 3261 5029 me
3286 4968 3527 5045 Byzantii

1952 5074 2387 5119 eommorantcm
2412 5104 2426 5127 ,
2462 5076 2514 5120 et
2544 5081 2575 5119 a
2607 5064 2870 5136 Byzantio
2903 5064 2991 5121 hic
3020 5066 3101 5121 vel
3135 5066 3247 5121 illic
3273 5063 3528 5120 exsulan-

1956 5169 2085 5223 tem,
2124 5158 2405 5214 beneﬁciis
2433 5174 2655 5222 oneras,
2684 5161 2832 5215 sicut
2856 5170 2910 5213 et
2936 5175 3102 5214 nunc.
3134 5157 3343 5227 Ecquid
3382 5153 3527 5213 istud

1954 5250 2034 5304 rei
2070 5260 2177 5313 est,
2206 5249 2351 5318 quod
2387 5264 2517 5318 erga
2554 5251 2829 5304 hominem
2863 5261 3231 5319 peccatorem,
3273 5264 3337 5306 ac
3365 5263 3527 5319 gene-

1950 5342 2179 5396 rositate
2213 5352 2303 5395 tua
2342 5342 2645 5409 indignum,
2679 5343 2759 5395 sic
2787 5358 2847 5395 es
2881 5343 3156 5397 animatus
3194 5356 3209 5396 :
3245 5340 3350 5396 nisi
3384 5338 3525 5410 quod

1951 5435 2039 5488 ille
2064 5442 2113 5487 te
2141 5437 2489 5488 vehementer
2510 5434 2684 5504 diligit
2705 5442 2926 5503 propter
2946 5435 3253 5489 absolutam
3272 5433 3524 5487 virtutem

1948 5538 2013 5576 ac
2046 5524 2302 5592 pietatem
2333 5534 2503 5586 tuam,
2537 5538 2831 5592 quamnon
2864 5524 3052 5578 Sicilia
3076 5524 3261 5590 modo,
3296 5533 3390 5579 aut
3412 5524 3524 5576 haec

1948 5614 2033 5667 vel
2062 5613 2163 5666 ista
2193 5613 2344 5683 regio
2367 5613 2748 5676 concelebrat,
2791 5611 2887 5667 sed
2927 5622 2981 5667 et
3022 5617 3139 5682 ipsa
3178 5610 3522 5683 imperatoria

1958 5709 2173 5763 civitas.
2228 5709 2572 5777 Quapmpter
2613 5717 2666 5760 et
2708 5706 2930 5774 regibus
2960 5704 3095 5774 ipsis
3131 5715 3186 5758 tu
3218 5707 3428 5761 .charns
3473 5708 3527 5755 et

1958 5798 2357 5868 optimatibus:
2409 5814 2474 5853 ac
2512 5797 2804 5869 dignitates
2844 5796 2939 5852 tibi
2982 5796 3053 5853 ob
3071 5797 3325 5853 virtutem
3365 5794 3523 5851 datr.

1964 5914 2010 5946 ”
2046 5912 2191 5970 Psal.
2230 5931 2354 5979 va,
2388 5914 2442 5968 7.
