4164 6468
680 394 811 458 1271

1878 397 1938 457 S.
1973 396 2372 457 THEODORI
2413 394 2762 459 STUDITAE

3827 396 3963 463 1272

678 508 773 565 Sic
798 552 811 571 ,
851 526 977 564 cum
1015 508 1186 564 Deum
1221 510 1451 579 diligas,
1481 516 1535 563 et
1558 507 1630 563 ab
1660 506 1782 579 ipso
1812 508 2081 579 diligeris,
2112 520 2170 565 et
2200 510 2271 565 ab

2386 510 2492 564 τοῦ.
2542 508 2683 577 Ἐγὼ
2707 507 2765 560 δὲ
2796 505 2933 576 ὁμοῦ
2958 506 3055 577 μὲν
3090 504 3389 577 άπόθητος,
3419 506 3557 580 ὁμοῦ
3585 508 3642 564 δὲ
3668 510 3767 564 καὶ
3784 509 3961 584 ὀρφα.

674 604 761 658 eis
798 603 893 673 qui
931 612 1058 657 sunt
1091 602 1233 672 ejus.
1270 600 1381 671 Ego
1422 616 1551 656 vero
1597 616 1699 655 nec
1731 603 1991 671 cuiquam
2022 603 2265 668 charus,

676 707 732 753 et
762 698 905 753 idem
942 695 1262 767 parentibus
1287 694 1610 750 destitutus.
1662 694 1964 765 Dereliquit
1999 696 2146 751 enim
2181 712 2269 752 me

677 800 833 863 pater
862 806 1019 845 meus
1051 789 1293 859 migrans
1335 789 1401 842 ad
1440 785 1759 853 Dominum,
1795 789 2267 859 quemadmodum

678 895 731 940 et
761 886 875 955 ipse
904 883 1130 937 omnino
1156 881 1323 937 nosti.
1354 880 1622 937 Similiter
1644 883 2037 956 etCalogerus.
2070 883 2270 939 Archi-

678 978 968 1046 episcopus
995 984 1049 1031 et
1076 975 1218 1029 idetn
1249 975 1438 1042 frater,
1473 975 1627 1031 solus
1655 986 1742 1032 est
1770 978 2021 1033 relictus.
2057 975 2265 1031 Verum

678 1080 731 1124 et
755 1072 891 1139 ipse,
919 1079 1141 1139 propter
1163 1084 1226 1123 ea
1258 1084 1381 1139 qua:
1409 1084 1509 1123 nos
1530 1070 2072 1140 comprehenderunt
2104 1072 2267 1135 mala,

678 1162 1002 1233 longissimo
1060 1172 1337 1217 terrarum
1392 1162 1571 1233 spatio
1629 1163 1931 1220 dirimitur.
1988 1166 2271 1235 Angustias

681 1258 811 1311 mihi
849 1257 1147 1327 utrinque:
1184 1272 1311 1329 quae
1340 1266 1527 1312 tamen
1558 1255 1764 1315 Christi
1792 1274 1962 1314 causa
1990 1259 2273 1315 latissimae

678 1366 741 1405 ac
767 1350 1110 1406 suavissimae
1143 1360 1293 1405 sunt.
1335 1351 1440 1408 Sed
1470 1351 1602 1421 quid
1645 1353 1712 1408 ad
1750 1352 2094 1408 infidelitatis
2131 1362 2271 1407 tem-

677 1452 984 1514 pestatem:
1040 1444 1093 1498 in
1141 1460 1251 1515 qua
1296 1445 1591 1501 universus
1634 1446 2035 1516 propemodum
2076 1446 2269 1513 orbis,

678 1536 774 1605 qui
818 1536 947 1592 huic
994 1547 1156 1607 paret
1204 1539 1475 1607 imperio,
1504 1541 1851 1610 naufragium
1887 1538 2055 1594 facit?
2093 1538 2228 1594 Vide
2254 1578 2270 1604 ,

679 1630 902 1684 domine
926 1670 941 1695 ,
973 1630 1040 1684 ad
1077 1646 1201 1698 quae
1231 1630 1375 1685 mala
1412 1632 1674 1685 reservati
1710 1648 1902 1686 sumus
1934 1650 1946 1686 :
1980 1648 2103 1702 qua:
2134 1632 2271 1685 nihil

680 1724 763 1776 vel
790 1740 982 1792 parum
1017 1724 1313 1779 admodum
1336 1741 1366 1779 a
1390 1723 1676 1779 Judaisnto
1704 1727 2017 1795 discrepent
2048 1744 2061 1781 :
2091 1744 2271 1798 quan-

681 1816 981 1884 doquidem
1028 1816 1271 1882 Christi,
1320 1818 1811 1887 sanctissitttmqttre
1871 1818 2159 1889 Deiparae,
2219 1831 2275 1876 et

2376 602 2486 665 νός.
2542 598 2601 653 ’0
2637 599 2823 669 πατήρ
2873 614 2977 669 μου
3018 598 3350 667 ἐγκατέλιπε
3378 618 3479 671 με,
3525 602 3790 675 χωρήσας
3831 603 3968 675 πρὸς

2377 693 2602 765 Κύριον,
2635 690 2781 745 καθά
2819 691 3035 754 πάντως
3069 691 3298 761 διέγνως
3324 694 3422 747 καὶ
3452 695 3637 760 αὑτός.
3684 696 3967 762 Ὡσαύτως

2376 786 2471 839 καί
2494 788 2521 840 6
2549 785 2910 857 Καλόγηρως.
2955 784 3014 839 '0
3039 785 3267 855 ἁδελφὸς
3296 788 3393 841 καὶ
3416 788 3859 860 ἁρχιεπίσκοπος
3884 792 3971 863 p.6-

2377 898 2467 945 νος
2487 898 2578 950 μοι
2600 878 3115 947 ἐγκαταλέλειπται.
3156 878 3318 935 Ἀλλά
3348 883 3443 936 καὶ
3459 878 3637 946 οὗτος,
3658 884 3754 938 διὰ
3780 884 3853 939 τὰ
3874 885 3967 938 νῦν

2378 974 2743 1045 κατειληφότα
2766 974 2917 1044 ἡμᾶς
2951 972 3121 1038 δεινὰ,
3151 973 3553 1045 διεσπασμένος
3600 976 3725 1031 λίαν
3751 979 3969 1050 πόρρω.

2378 1067 2548 1121 Στενά
2566 1084 2657 1136 μοι
2678 1064 3042 1134 ἑκατέρωθεν*
3066 1066 3217 1135 ὅμως
3254 1066 3337 1119 ὅτι
3360 1067 3448 1122 διά
3468 1069 3707 1140 Χριστὸν
3737 1070 3840 1124 καὶ
3856 1072 3972 1125 λίαν

2378 1160 2586 1229 γλυκέα
2607 1160 2700 1212 καὶ
2716 1159 3010 1228 εὐρύτατα.
3042 1157 3207 1211 Ἀλλὰ
3237 1159 3290 1213 τί
3320 1159 3457 1231 πρὸς
3476 1162 3569 1215 τὸν
3595 1162 3855 1219 κλύδωνα
3873 1165 3970 1235 τῆς

2378 1253 2670 1312 ἀπιστία;’
2729 1251 2813 1319 ἐφ’
2859 1244 2905 1321 ᾧ
2950 1252 3012 1305 τὸ
3056 1251 3404 1322 παγκόσμιον
3447 1254 3573 1307 ὅσον
3606 1255 3668 1308 τὸ
3697 1258 3849 1309 κατὰ
3873 1257 3972 1329 τὴν

2379 1345 2503 1400 καθ’
2536 1345 2687 1416 ἡμᾶς
2717 1343 2967 1409 ἐξουσίαν
3015 1344 3305 1412 ναυάγιονς
3340 1344 3449 1409 ἴδε,
3476 1344 3713 1400 δέσποτα
3732 1388 3749 1409 ,
3775 1349 3860 1411 είς
3889 1344 3974 1402 οἷα

2380 1440 2594 1511 πονηρά
2627 1437 3072 1508 ἐταμιεύθημεν,
3097 1436 3250 1490 οὐδὲν
3280 1437 3313 1508 ἢ
3355 1437 3555 1507 μικρόν
3587 1457 3641 1492 τι
3666 1440 3974 1495 ἀποδέοντα

2392 1528 2762 1598 Ἰουδαῖσμοῦ-
2788 1530 2955 1599 ἡνίκα
2984 1532 3018 1601 ἡ
3058 1529 3223 1583 εἰκὼν
3256 1531 3528 1601 Χριστοῦ,
3563 1532 3666 1603 τῆς
3700 1550 3761 1586 τε
3806 1534 3974 1602 ἁγίας

2379 1624 2666 1691 Θεοτόκου,
2699 1625 2792 1677 καὶ
2823 1624 3025 1685 παντὸς
3050 1621 3207 1689 ἁγίου
3228 1663 3243 1684 ,
3266 1622 3548 1693 ἡθέτηται,
3582 1625 3970 1693 ὲξουδένωται,

2381 1718 2745 1790 ὲνυῦρίζεται.
2795 1716 2970 1779 Αὐτὸς
3015 1716 3125 1786 γάρ
3190 1717 3430 1787 Χριστὸς
3494 1718 3592 1771 σὺν
3650 1720 3829 1791 μητρὶ
3879 1722 3975 1774 καὶ

2382 1812 2713 1881 θεράπουσίν
2755 1812 2904 1863 ἐστιν
2928 1810 2957 1863 6
2979 1809 3151 1863 ταῦτα
3180 1815 3554 1879 ὑφιστάμενος
3573 1827 3587 1840 ⁸
3619 1812 3725 1867 κᾶν
3745 1816 3809 1867 οὗ
3839 1816 3973 1887 δοιῇ

682 1910 858 1963 sancti
891 1909 1138 1978 cujusvis
1169 1909 1347 1978 imago
1374 1919 1553 1979 spreta
1575 1950 1589 1974 ,
1634 1911 1791 1964 nihili
1830 1910 2017 1966 ltahita
2040 1954 2055 1977 ,
2107 1912 2274 1975 dede-

2386 1911 2491 1970 τοῖς
2522 1906 2899 1976 ἀρνουμένοις.
2946 1904 3109 1958 Ἀλλά
3140 1921 3199 1957 σε
3232 1904 3436 1974 Κύριος
3472 1904 3766 1974 φυλάξειεν
3798 1909 3857 1960 ἐν
3898 1909 3977 1978 τῷ

681 2018 810 2056 core
836 2002 1030 2057 afl‘eCIa
1056 2012 1160 2057 est.
1196 2001 1316 2071 Ipse
1342 2001 1489 2056 enim
1519 2001 1777 2057 Christus
1801 2045 1816 2069 ,
1846 2018 1973 2058 cum
2015 2014 2194 2059 matre
2224 2013 2280 2058 et

684 2097 949 2164 famulis,
1002 2098 1103 2152 ista
1163 2096 1466 2167 perpetitur
1510 2113 1525 2148 :
1571 2096 1673 2149 etsi
1732 2094 2064 2165 negantibus
2118 2096 2280 2149 aliter

684 2191 921 2243 videtur.
977 2188 1173 2243 Verum
1230 2188 1506 2243 custodiat
1566 2196 1617 2241 te
1682 2186 1952 2243 Dominus
2011 2188 2067 2243 in
2126 2202 2278 2245 recta

683 2284 978 2347 sententia,
1010 2291 1299 2351 servetque
1328 2298 1359 2335 a
1396 2279 1722 2351 naufragio;
1757 2296 2077 2351 quanquam
2103 2282 2273 2337 luere-

683 2377 762 2431 sis
786 2375 1045 2431 fluctibus
1067 2376 1414 2430 extrinsecus
1430 2375 1768 2444 respergaris
1790 2392 1802 2427 :
1825 2376 2269 2446 quandoquidem

682 2469 963 2523 declinare
1006 2468 1059 2522 id
1104 2467 1331 2521 minime
1376 2476 1569 2537 potes,
1620 2468 1675 2521 in
1719 2466 1898 2522 media
1948 2477 2275 2539 tempestate

2376 1998 2522 2071 ὀρθῷ
2562 2000 2875 2069 φρονήματι
2920 1996 3406 2051 ἁκαταδάπτιστον
3429 2014 3442 2027 ·
3474 2000 3523 2051 εἰ
3550 2001 3646 2051 καὶ
3670 2002 3786 2063 τοῖς
3819 2002 3976 2070 αἱρε-

2377 2095 2554 2154 τικοῖς
2600 2090 2811 2161 κύμασι
2846 2090 3424 2161 καταρραντιζόμενον
3451 2090 3652 2155 ἔξωθεν
3674 2107 3688 2119 ·
3720 2092 3851 2145 ἐπεὶ
3878 2095 3976 2163 οὐχ

2378 2181 2491 2238 οἷόν
2543 2200 2601 2237 τε
2636 2183 2924 2251 διαφυγεῖν
2957 2199 3015 2234 σε
3060 2183 3409 2235 παντάπασιν
3455 2184 3515 2235 ὲν
3547 2182 3701 2255 μέσῳ
3735 2187 3976 2256 στρεφό-

2380 2294 2561 2348 μενον.
2590 2278 2701 2329 Καὶ
2730 2276 2821 2329 τὸν
2853 2275 2996 2343 ὑπὲρ
3026 2275 3125 2343 τῆς
3168 2274 3311 2345 ἐμῆς
3359 2274 3751 2340 ταπεινώσεως
3779 2280 3975 2346 μισθόν

2385 2389 2466 2424 cor.
2501 2370 2773 2440 παράσχοι
2807 2368 3236 2435 πολυπλασίονα,
3277 2362 3381 2423 ὦδέ
3412 2386 3472 2422 τε
3514 2369 3611 2422 καὶ
3636 2373 3697 2423 ἐν
3728 2371 3813 2442 τῷ
3848 2372 3976 2443 μὲλ-

2382 2466 2529 2519 λοντι
2557 2465 2738 2517 αἰῶνι.

686 2563 924 2630 positus.
956 2559 1107 2614 Idem
1135 2570 1188 2614 et
1229 2559 1555 2613 humilitatis
1589 2573 1723 2612 mete
1762 2558 1881 2613 vice
1924 2560 2280 2630 multiplicem
2321 2557 2418 2613 tilii
2449 2556 2727 2625 persolvat
2788 2554 3117 2619 mercedem,
3153 2562 3268 2608 tum
3330 2554 3385 2608 in
3413 2555 3537 2621 isto,
3562 2564 3677 2610 tum
3707 2556 3763 2609 in
3792 2554 3974 2612 futuro

683 2658 905 2713 seculo.

1022 2747 1197 2803 LVIll.
1223 2780 1287 2790 —-
1315 2747 1597 2801 Fratribus
1640 2745 1942 2801 Stttdt'auis.

2508 2742 2641 2798 Nﬂ'.
2670 2773 2740 2784 —
2774 2741 2904 2808 Τοῖς
2926 2745 3016 2807 εἰς
3038 2740 3111 2795 τὰ
3139 2739 3433 2796 Στουδίου
3462 2741 3776 2812 ἀδελφοῖς.
3806 2742 3969 2819 [ach]

1258 2841 1523 2891 Monachos
1543 2838 1813 2891 Studianos
1835 2841 1886 2888 in
1913 2838 2099 2891 Christi
2135 2838 2451 2889 confessione
2484 2838 2760 2887 confirmat.
2787 2838 2989 2897 (Baron.
3021 2848 3102 2884 an.
3131 2834 3245 2894 818,
3272 2847 3322 2882 n.
3348 2834 3451 2896 20.)

755 2925 974 2979 Salvete
1020 2923 1075 2977 in
1120 2920 1391 2987 Domino,
1441 2924 1642 2977 fratres
1674 2937 1739 2976 ac
1763 2924 2001 2978 Patres:
2044 2923 2273 2985 salvete,

688 3017 889 3070 milites
963 3013 1170 3069 Christi
1236 3031 1248 3066 :
1300 3014 1472 3075 salve,
1535 3011 1771 3067 fratrum
1823 3013 1994 3077 trias,
2074 3022 2278 3067 sanctze

689 3107 976 3162 Trinitatis
1004 3106 1174 3175 gratia
1200 3104 1375 3169 dives,
1408 3121 1536 3159 vere
1566 3104 1715 3175 digni
1748 3105 1953 3159 talibtts
1988 3105 2277 3159 salutatio-

692 3202 856 3254 nibus
878 3241 893 3265 ,
917 3198 1047 3269 quia
1078 3208 1301 3267 propter
1325 3196 1606 3251 Christum
1632 3211 1895 3265 generose
1918 3196 2277 3250 durissimum

690 3308 970 3350 carcerem
1022 3291 1318 3361 patimini,
1364 3306 1391 3343 ι
1446 3290 1672 3345 Leontio
1728 3289 1943 3345 nefario
1988 3291 2185 3345 vexati.
2235 3288 2279 3344 Ο

694 3386 976 3441 Judaicam
1001 3384 1336 3453 apostasiam
1365 3384 1377 3436 !
1409 3382 1463 3437 Si
1496 3383 1731 3451 agrestis
1767 3382 1875 3436 fera
1901 3393 2067 3445 esset,
2092 3383 2281 3437 satiari

696 3480 881 3547 utique
937 3476 1053 3546 jam
1106 3484 1337 3545 posset,
1397 3477 1721 3545 sanguinem
1779 3484 2023 3528 vestrum
2092 3474 2281 3527 tandiu

696 3570 872 3639 poenis
915 3568 1148 3622 fundens
1197 3576 1252 3622 et
1302 3567 1581 3621 hauriens.
1637 3566 1705 3619 At
1756 3580 1904 3620 nunc
1953 3565 2286 3620 insatiabilis

700 3671 883 3719 manet
898 3659 1181 3731 sanguinis
1218 3668 1375 3730 potor
1397 3658 1790 3721 datnoniacus,
1823 3658 2029 3712 nullum
2061 3673 2285 3712 sensum

699 3752 1111 3815 misericordiae,
1136 3750 1338 3804 nullam
1366 3749 1728 3803 humanitatis
1748 3749 2286 3803 commiserationem

698 3859 825 3915 erga
866 3859 965 3898 vos
1013 3841 1320 3912 suscipiens
1373 3856 1545 3909 agnos
1596 3840 1839 3909 Christi,
1894 3840 1991 3895 sed
2043 3838 2288 3909 afﬂigens

699 3937 961 4006 omnique
992 3934 1155 3987 modo
1187 3933 1456 3987 devorare
1486 3947 1583 3987 vos
1616 3948 1741 3987 cum
1774 3933 1977 3987 Satana
2012 3932 2245 3986 moliens
2274 3949 2286 3984 :

704 4038 761 4084 ut
811 4029 1075 4098 glorietur
1118 4026 1325 4079 draco:
1370 4035 1427 4079 ut
1477 4040 1571 4094 per
1617 4040 1748 4088 vos,
1785 4040 1887 4079 nos
1910 4040 2102 4078 omnes
2126 4025 2287 4077 etiam

704 4117 1136 4185 perterrefaciat.
1172 4114 1277 4169 Sed
1305 4115 1532 4169 frustra.
1568 4114 1775 4170 Fidelis
1802 4118 1943 4170 enim
1982 4115 2152 4182 Deus,
2202 4116 2293 4184 qui

706 4225 810 4262 non
845 4214 1075 4277 patietur
1116 4224 1205 4261 vos
1259 4209 1453 4261 tentari
1500 4224 1664 4277 supra
1701 4226 1860 4273 quam
1899 4210 2149 4278 potestis,
2203 4208 2292 4263 sed

707 4299 865 4365 faciet
903 4300 1065 4349 etiam
1110 4312 1229 4349 cum
1278 4298 1564 4351 tcntatione
1593 4308 1896 4368 proventum
1920 4338 1934 4361 ,
1984 4309 2041 4351 ut
2080 4301 2293 4367 possitis

705 4387 966 4438 sustinere
994 4385 1061 4436 ⁸³.
1100 4383 1486 4438 Recordatnini
1528 4395 1847 4440 sanctorum
1884 4387 1979 4456 qui
2027 4402 2055 4439 a
2089 4390 2293 4442 saeculo

710 4482 965 4542 fuerunt,
1000 4476 1127 4545 quia
1165 4489 1328 4529 nemo
1376 4476 1739 4529 tentationum
1786 4485 1841 4531 et
1872 4478 2292 4531 tribulationum

708 4585 905 4639 expers
948 4568 1155 4639 placuit
1205 4566 1337 4621 Deo.
1389 4567 1487 4622 Hie
1535 4568 1758 4638 quidem
1806 4580 1991 4624 sectus
2043 4582 2161 4637 est;
2206 4571 2296 4625 ille

2450 2923 2685 2994 Χαίρετε
2717 2922 2774 2973 ὲν
2802 2921 3018 2988 Κυρίῳ,
3038 2918 3259 2987 ἀδελφοὶ
3293 2923 3385 2971 καὶ
3421 2918 3695 2988 Πατέρες·
3724 2921 3969 2992 χαίρετε,

2382 3014 2715 3086 στρατιῶται
2756 3012 2849 3064 τοῦ
2888 3012 3161 3082 Χριστοῦ’
3189 3012 3434 3083 χαίρετε,
3473 3014 3628 3083 τριὰς
3666 3014 3972 3082 άδελτρική,

2381 3106 2480 3175 τῆς
2528 3105 2692 3168 ἁγίας
2737 3104 2971 3175 Τριάδος
3019 3104 3119 3175 τὴν
3165 3105 3329 3175 χάριν
3386 3105 3972 3176 καταπλουτήσαντες·

2382 3200 2551 3261 δντως
2590 3197 2731 3263 ἄξιοι
2762 3198 3021 3250 τοιούτων
3056 3198 3467 3267 χαιρετισμῶνσ
3490 3199 3573 3251 ὅτι
3611 3199 3700 3252 διὰ
3735 3202 3976 3271 Χριστὸν

2386 3290 2579 3361 φέρετε
2603 3290 2867 3357 γενναίως
2894 3290 2993 3358 τὴν
3018 3288 3335 3358 δεινοτάτην
3367 3290 3634 3361 φυλακὴν,
3668 3292 3776 3345 ὑπῦ
3808 3296 3977 3347 Λεον-

2388 3381 2505 3434 τίου
2536 3380 2629 3433 τοῦ
2659 3382 2957 3451 ἀλάστορος
2987 3380 3366 3451 κολαζόμενοι.
3404 3382 3467 3433 Ὦ
3500 3382 3598 3451 τῆς
3637 3385 3979 3450 άποστασίας

2387 3472 2483 3527 τοῦ
2529 3472 2987 3542 Ἰουδαιόφρονοςί
3039 3474 3101 3525 Et
3150 3473 3257 3543 θὴρ
3301 3470 3371 3545 ἦν
3414 3475 3641 3545 ἄγριος,
3698 3479 3979 3544 τοσούτοις

2391 3566 2603 3636 χρόνοις
2659 3564 2899 3617 ἐκκενῶν
2948 3568 3014 3636 τῇ
3070 3564 3315 3619 κακώσει
3375 3570 3471 3620 καὶ
3523 3568 3697 3621 πίνων
3725 3570 3789 3622 τὸ
3840 3566 3981 3642 αἷμα

2390 3656 2565 3727 ὑμῶν,
2604 3656 2867 3727 ἐκορέσθη
2904 3657 2990 3712 ἄν.
3034 3656 3091 3710 Ὀ
3125 3656 3182 3709 δὲ
3231 3657 3387 3726 μένει
3419 3660 3715 3729 ἀκόρεστος
3748 3664 3981 3731 αἱματο-

2391 3751 2562 3821 πότης
2589 3750 2953 3821 ἁγριούμενος
2976 3754 3004 3804 ὁ
3032 3750 3332 3820 δαιμονῶν,
3366 3752 3428 3805 οὐ
3452 3751 3749 3821 λαμϐάνων
3780 3756 3979 3824 αἰσθη-

2394 3858 2477 3894 σιν
2508 3842 2724 3904 ἐλέους,
2774 3841 2877 3893 οὐκ
2922 3841 3211 3911 οἰκτιρμὸν
3253 3842 3666 3913 φιλανθρωπίας
3716 3846 3798 3909 είς
3831 3847 3981 3915 ὑμᾶς

2392 3930 2460 3982 τα
2519 3930 2682 4000 ἀρνία
2727 3929 2820 3983 τοῦ
2865 3930 3127 4000 Χριστοῦ,
3171 3930 3289 3983 ἀλλ’
3341 3931 3608 3986 ὲκθλίϐων
3660 3934 3758 3987 καὶ
3813 3937 3979 3989 παντὶ

2392 4024 2581 4093 τρόπῳ
2612 4022 3009 4093 μηχανουργῶν
3042 4026 3139 4077 σὺν
3166 4024 3243 4093 τῷ
3274 4025 3451 4077 Σατᾶν
3481 4029 3773 4079 καταπιεῖν
3797 4030 3978 4096 ὑμᾶς·

2394 4113 2481 4164 ἵνα
2520 4113 2931 4182 ἐγκαυχήσηται
2969 4115 2996 4165 6
3029 4112 3280 4181 δράκων*
3310 4114 3399 4167 ῖνα
3440 4116 3652 4186 πτοήσῃ
3706 4116 3774 4169 δι’
3824 4118 3980 4186 ὑμῶν

2397 4204 2495 4257 καὶ
2540 4204 2689 4273 ἡμᾶς
2743 4203 2984 4267 πάντας·
3035 4204 3148 4256 ἀλλ’
3197 4205 3469 4275 οὐδαμῶς.
3528 4206 3751 4274 Πιστὸς
3803 4210 3917 4277 γὰρ
3950 4212 3983 4265 ὁ

2398 4295 2574 4361 Θεὸς,
2616 4294 2686 4361 ὃς
2732 4297 2846 4349 οὐκ
2894 4295 3060 4350 ἐάσει
3108 4296 3265 4365 ὑμᾶς
3299 4299 3697 4367 πειρασθῆναι
3753 4302 3911 4370 ὑπὲρ
3950 4302 3982 4356 δ

2397 4386 2697 4441 δύνασθε·
2746 4387 2909 4440 ἀλλὰ
2942 4386 3183 4455 ποιήσει
3237 4388 3360 4441 σὺν
3399 4389 3479 4454 τῷ
3531 4392 3843 4461 πειρασμῷ
3885 4392 3983 4446 καὶ

2397 4482 2515 4547 τὴν
2541 4481 2812 4545 ἔκϐασιν,
2834 4480 2940 4533 τοῦ
2962 4482 3262 4535 δύνασθαι
3290 4483 3645 4553 ὑπενεγκεῖν
3703 4486 3981 4559 Ἀναμνή-

2401 4575 2563 4641 σθητε
2591 4574 2699 4627 τῶν
2728 4573 2823 4626 ἀπ’
2854 4572 3050 4635 αίῶνος
3091 4574 3283 4643 ἁγίων,
3316 4576 3399 4628 ὅτι
3423 4576 3601 4641 οὐδεὶς
3636 4578 3763 4631 ἄνευ
3783 4596 3983 4652 πειρα-

708 4663 1025 4731 lapidatus;
1084 4662 1232 4715 alius
1283 4661 1408 4731 igne
1459 4669 1865 4730 consumptus;
1920 4663 2009 4715 alii
2068 4665 2280 4718 distenti

2400 4686 2463 4738 τη
2474 4668 2601 4738 ρίων
2630 4668 2726 4721 καὶ
2758 4668 2968 4721 πολλῶν
3001 4666 3235 4734 θλίψεων
3262 4667 3597 4739 εὐηρέστησε
3626 4669 3703 4739 τῷ
3733 4672 3877 4741 Θεῷ.
3925 4673 3982 4726 ’0

709 4766 836 4809 sunt
865 4756 932 4808 ⁸ο.
965 4754 1030 4807 Ει
1059 4754 1207 4824 quod
1241 4762 1457 4823 tempus
1486 4755 1719 4808 sufficiat
1750 4756 2103 4809 rccensendm
2135 4756 2296 4812 nobis

710 4849 1115 4915 circumposita:
1159 4846 1290 4901 nubi
1340 4856 1678 4917 martyrum;
1732 4863 1967 4917 quorum
2026 4863 2121 4904 vos
2168 4865 2295 4904 cum

711 4941 1006 5010 participes
1074 4940 1196 4994 sitis
1252 4948 1307 4993 et
1362 4942 1725 4993 certaminum
1783 4941 1961 5004 socii.
2020 4943 2293 5008 gaudete,

2384 4760 2501 4830 ⁴μὲν
2535 4760 2812 4831 ἐπρίσθη·
2853 4762 2881 4814 6
2932 4761 2988 4814 δὲ
3041 4759 3338 4831 ἐλιθάσθη·
3387 4760 3548 4825 ἄλλος
3609 4764 3981 4832 πυρίκαυστος

2396 4853 2652 4922 γέγονεν·
2694 4854 2879 4925 ’ἑτερος
2928 4852 3409 4921 ἀπετυμπανίσθη.
3461 4853 3571 4907 Καὶ
3621 4853 3726 4907 ποῦ
3788 4857 3979 4925 καιρὸς

2399 4944 2712 5015 ἐξαριθμεῖν
2759 4946 2820 4997 τὸ
2863 4943 3246 5015 περικείμενον
3291 4946 3423 5012 ἡμῖν
3472 4946 3634 5013 νέρος
3665 4946 3775 4998 τῶν
3835 4964 3979 5018 μαρ-

712 5030 909 5086 fratres
949 5030 1091 5094 mei,
1130 5030 1332 5100 gaudio
1365 5029 1627 5085 ineffabili
1659 5070 1675 5092 ,
1722 5046 1950 5100 regnum
1987 5033 2280 5087 obtinente:

2399 5034 2613 5105 τύρων;
2646 5029 2721 5087 ὧν
2744 5036 2895 5099 ὄντες
2930 5036 3024 5088 καλ⁵
3074 5035 3232 5103 ὑμεῖς
3264 5036 3514 5089 κοινωνοὶ
3563 5038 3657 5091 καὶ
3685 5038 3975 5105 σύναθλοι,

712 5133 905 5177 contra
931 5123 1184 5178 haeresim
1206 5165 1221 5187 ,
1264 5136 1454 5177 contra
1486 5124 1733 5179 affectus.
1767 5122 1847 5178 Tu
1871 5168 1885 5191 ,
1919 5127 2128 5179 nomini
2164 5141 2297 5180 con~

714 5226 971 5281 gruenter
995 5256 1011 5281 ,
1043 5214 1170 5270 forti
1202 5231 1263 5271 es
1290 5216 1477 5271 animo
1502 5257 1516 5279 ,
1541 5217 1826 5272 Carterius
1853 5234 1865 5269 :
1901 5231 1956 5272 tu
2001 5219 2053 5272 iu
2089 5219 2297 5288 patien-

2400 5127 2649 5198 χαίρετε,
2704 5128 2921 5197 ἀδελφοί
2976 5144 3114 5197 μου,
3176 5129 3318 5197 χαρᾷ
3368 5127 3753 5199 ἀνεκλαλήτῳ·
3825 5130 3983 5200 βασι-

2396 5218 2643 5283 λεύοντες
2682 5220 2823 5273 κατά
2862 5220 2958 5287 τῆς
2995 5218 3290 5289 αἱρέσεως,
3334 5219 3480 5273 κατὰ
3508 5219 3616 5272 τῶν
3650 5220 3862 5276 παθών.
3909 5222 3980 5274 Σὺ

717 5310 788 5361 tia
838 5308 993 5362 dives
1017 5348 1033 5374 ,
1073 5308 1532 5377 opulentissimus
1570 5310 1961 5379 Aphthonius:
2008 5320 2063 5363 tu
2113 5311 2280 5363 divin:

2397 5313 2424 5364 6
2455 5312 2795 5383 φερωνὺμως
2826 5309 3233 5382 καρτερὸψυχός
3267 5327 3368 5379 μου
3403 5310 3739 5383 Καρτέριος·
3773 5313 3840 5364 σὺ
3870 5315 3901 5365 6
3928 5314 3984 5363 ἐν

714 5400 986 5455 charitate
1016 5400 1433 5465 corroboratus,
1453 5401 1741 5455 verissime
1766 5404 2023 5469 Agapius.
2052 5402 2280 5455 Carceri:

2400 5404 2644 5474 ὑπομονῇ
2690 5402 3177 5474 δεδαψιλευμένος,
3231 5392 3614 5471 ἀφθονώτατος
3663 5402 3978 5471 ’Δφθόνιος⁸

714 5492 1025 5547 obscuritas
1069 5501 1287 5545 aeternae
1321 5492 1473 5547 vobis
1511 5502 1566 5547 et
1604 5493 2005 5547 inaccessibilis
2041 5493 2180 5547 lucis
2216 5509 2276 5549 es

2403 5496 2467 5546 σὺ
2522 5496 2550 5545 6
2599 5494 2997 5564 εὖσθενημένος
3058 5493 3125 5563 τῇ
3186 5492 3306 5564 θείᾳ
3372 5493 3597 5567 ἀγάπῃ,
3634 5493 3981 5563 ἀληθέστατα

714 5580 1057 5634 conciliatrix
1091 5596 1104 5633 :
1141 5578 1338 5643 fames,
1367 5581 1607 5650 paradisi
1639 5581 1960 5635 deliciarum
1987 5600 2001 5647 ;
2033 5583 2280 5639 nuditas.

2416 5586 2694 5654 ’Δγάπιος.
2728 5587 2805 5639 Τὸ
2847 5583 3083 5651 ζοφῶδες
3121 5583 3223 5654 τῆς
3266 5588 3508 5658 φρουρᾶς
3546 5585 3808 5657 πρόξενον
3855 5586 3984 5654 ὑμῖν

721 5674 869 5738 pallii
907 5673 1371 5737 immortalitatis;
1408 5673 1669 5738 solitudo,
1703 5675 2137 5731 conversationis
2170 5691 2280 5732 cun

2403 5678 2497 5733 τοῦ
2530 5678 2751 5732 αἰωνίου
2780 5677 2876 5730 καὶ
2906 5675 3204 5746 ἀπροσίτου
3241 5678 3450 5747 φωτός·
3488 5681 3521 5749 ἡ
3561 5677 3945 5749 λιμοκτόνησις
3966 5718 3983 5742 ,

719 5764 864 5832 Deo;
897 5782 1050 5822 coma
1084 5764 1327 5832 intonsa,
1356 5766 1569 5821 decora:
1600 5769 1940 5823 venustatis:
1973 5777 2033 5823 ut
2059 5771 2280 5827 revelat:

2402 5771 2499 5841 τῆς
2544 5773 2755 5842 τρυφῆς
2806 5767 2904 5823 τοῦ
2952 5770 3326 5861 παραδείσου·
3373 5772 3407 5844 ἡ
3444 5772 3856 5845 γυμνήτευσις,
3891 5766 3983 5825 τοῦ

789 5880 834 5912 ³’
868 5881 884 5935 1
918 5884 1045 5937 Cor.
1084 5899 1141 5943 χ.
1181 5883 1265 5938 Μ.
1350 5884 1393 5913 ⁶⁰
1432 5881 1596 5937 Hebr.
1636 5899 1707 5937 χιι
1735 5923 1748 5945 .
1786 5883 1875 5938 35.
