4164 6524
238 430 380 496 1273

1449 433 1997 498 EPISTOLARUM
2033 437 2185 501 LIB.
2221 439 2308 501 II.

3388 450 3525 515 12Ἷᾶ

226 547 333 612 τῆς
380 542 686 606 ἀθανασίας
733 540 1118 615 περιϐολαίου·
1169 540 1203 610 ἡ
1234 539 1492 612 μόνωσις,
1550 543 1649 610 τῆς
1691 541 1818 612 μετᾶ

1934 540 2072 598 faeie
2106 542 2198 600 Dei
2232 545 2461 615 gloriam
2493 548 2868 620 conspiciatis.
2916 549 3035 606 Non
3086 553 3348 624 gaudium
3402 576 3533 616 sunt

230 638 371 692 Θεοῦ
421 638 730 707 διαγωγῆςο
771 639 804 707 ἡ
836 636 940 706 τῆς
968 635 1148 706 κόμης
1176 634 1410 706 ἀκαρσις
1431 674 1446 698 ,
1487 635 1590 706 τῆς
1622 635 1830 707 εὐπρε-

228 730 376 796 ποῦς
406 730 738 804 θεομορφίας
759 747 772 761 ·
805 731 886 794 είς
912 731 976 784 τὸ
1007 730 1515 802 ἀνακεκαλυμμένῳ
1549 729 1830 800 προσώπῳ

222 823 335 893 ’τὴν
386 823 549 889 δόξαν
603 824 811 895 Κυρίου
859 823 1349 896 κατοπτρίζεσθαι.
1401 823 1517 877 Οὑκ
1548 821 1630 876 ἔνι
1682 822 1830 893 χαρὰ

228 916 444 978 ταῦτας
514 917 613 969 οὐκ
668 917 748 970 ἔνι
808 917 1132 986 ἀγαλλίασις
1193 920 1378 988 πάσης
1443 915 1827 984 ἀγαλλιάσεως

228 1008 640 1080 ὑπεραίρουσα;
674 1011 828 1081 Τάχα
853 1011 1147 1083 ὀφείλομεν
1181 1012 1274 1065 καὶ
1306 1009 1601 1074 ἀνιᾶσθαι,
1632 1009 1714 1063 ὅτι
1750 1009 1825 1080 μὴ

229 1103 330 1156 καὶ
356 1105 438 1166 εἰς
471 1102 627 1169 ξύλον
652 1105 680 1158 ό
716 1105 874 1172 ποῦς,
905 1109 1000 1160 καὶ
1026 1107 1215 1170 ἀλυσις
1247 1103 1634 1176 περικειμένη.
1661 1104 1852 1167 Ὅσον,

227 1198 344 1266 γὰρ
383 1198 667 1264 πλεονάζει
699 1202 768 1252 τὰ
800 1200 1101 1271 παθήματα
1121 1240 1136 1264 ,
1166 1199 1422 1254 τοσοῦτον
1452 1200 1549 1251 καὶ
1577 1199 1609 1268 ἡ
1645 1197 1827 1267 παρά·-

229 1290 430 1360 κλησις
463 1291 562 1362 τῆς
594 1293 753 1365 δόξης
779 1294 872 1347 τοῦ
901 1293 1059 1348 Θεοῦ.
1088 1294 1277 1346 Ταῦτα
1313 1294 1371 1346 ὲν
1397 1291 1602 1359 ὀλίγοις
1622 1303 1636 1318 ⁸
1671 1289 1828 1354 εἰδὼς

228 1379 316 1433 ὅτι
361 1382 571 1436 οἴκοθεν
599 1385 753 1455 ἔχετε
788 1385 887 1460 τὴν
916 1385 1217 1456 ὑπομονὴν,
1255 1382 1612 1452 παρεκάλεσα
1643 1382 1788 1453 ὑμᾶς
1810 1422 1826 1448 ,

230 1477 501 1548 φίλτατοι.
555 1479 744 1551 Ὑμεῖς
789 1481 845 1534 δὲ
878 1480 1186 1558 ἀντιδοίητέ
1220 1497 1333 1549 μοι.
1367 1480 1466 1532 σὺν
1515 1477 1595 1548 τῷ
1631 1478 1849 1530 συνόντι

230 1570 405 1647 ρεύει,
436 1571 534 1637 τὰς
558 1573 710 1644 ἱερὰς
737 1574 1048 1645 προσευχὰς
1081 1574 1162 1637 είς
1191 1571 1254 1625 τὸ
1287 1570 1560 1635 σώζεσθαι
1590 1572 1759 1643 ἡμᾶς.

603 1734 732 1790 ΝΘ’.
765 1763 840 1776 -
870 1735 1308 1802 Μοναζούσαις.
1339 1733 1494 1808 [υκ’.]

225 1873 460 1938 Triginta
493 1870 745 1922 moniales
786 1884 901 1934 qua;
935 1883 1026 1934 pro
1050 1869 1248 1922 Christo
1301 1874 1646 1938 carcerem_et
1680 1867 1888 1921 verbera

1931 634 2083 690 ista?
2132 636 2253 695 Non
2291 641 2608 698 exsultatio
2660 644 2814 699 omni
2876 647 3254 703 exsultatione
3312 653 3530 722 major?

1929 726 2097 801 Egre
2141 729 2330 788 forsan
2372 735 2534 790 laturi
2571 752 2803 806 sumus;
2851 741 2998 809 quod
3033 757 3142 795 non
3183 742 3394 802 inditus
3430 764 3529 819 pes

1927 821 2101 893 ligno,
2135 841 2242 879 non
2277 827 2534 898 imposita
2563 839 2776 886 catena.
2808 831 2930 898 Quo
2960 833 3113 888 enim
3149 837 3324 907 magis
3355 840 3531 894 abun-

1925 914 2055 969 dant
2077 931 2366 984 aerumna,
2396 928 2550 975 tanto
2589 922 2962 979 abundantior
3001 927 3311 982 consolatio
3341 930 3530 999 gloriae

1927 1007 2044 1062 Dei.
2076 1008 2200 1065 llaec
2245 1015 2439 1082 paucis
2474 1033 2488 1069 :
2533 1016 2718 1072 sciens
2748 1034 2844 1074 vos
2884 1035 2913 1074 a
2964 1021 3122 1076 vobis
3159 1021 3294 1092 ipsis
3325 1023 3530 1080 habere

1928 1101 2290 1170 patientiam,
2331 1106 2582 1163 hortatus
2623 1125 2783 1170 sum.
2838 1112 3179 1171 charissimi.
3238 1114 3349 1171 Vos
3395 1133 3525 1172 vero

1929 1196 2212 1264 rependite
2246 1199 2414 1264 mihi,
2455 1202 2733 1272 simulque
2772 1202 2997 1261 Nieolao
3045 1210 3138 1278 qui
3184 1225 3398 1264 mecum
3442 1221 3527 1267 est

1928 1288 2089 1345 fratri
2158 1301 2369 1360 nostro,
2405 1295 2498 1364 qui
2538 1312 2638 1352 vos
2689 1305 2746 1351 et
2803 1301 3041 1367 salutat,
3097 1318 3283 1359 sacras
3340 1320 3525 1375 preces

1928 1393 2142 1439 vestras
2168 1425 2182 1450 ,
2211 1395 2272 1440 ut
2303 1389 2435 1441 salvi
2467 1388 2670 1445 simus.

1923 1477 2180 1551 Νικολάῳ
2227 1480 2302 1552 τῷ
2342 1480 2559 1554 ἀδελφῷ
2612 1484 2792 1555 ἡμῶν,
2826 1484 2885 1548 ὃς
2915 1486 3060 1558 ὑμᾶς
3095 1489 3191 1543 καὶ
3243 1508 3516 1563 προσαγο-

2409 1698 2416 1700 ﬁ
2437 1739 2578 1800 LIX.
2601 1774 2671 1785 --
2687 1743 3034 1800 Martialibus.

1983 1873 2283 1941 ertulerant,
2318 1875 2505 1936 laudat,
2540 1882 2594 1927 et
2634 1878 2696 1928 ad
2742 1887 3172 1941 perseverantiam
3217 1882 3521 1932 adhortatur.

1535 1933 1738 1995 (Baron.
1770 1946 1851 1982 an.
1883 1933 1997 1996 816,
2023 1949 2072 1986 ιι.
2101 1937 2206 2001 20.)

300 2071 478 2141 Χρέος
518 2068 679 2138 εἴπερ
729 2066 858 2121 ἄλλο
890 2083 942 2119 τι
987 2067 1112 2137 ἐμοὶ
1140 2064 1220 2135 τῷ
1248 2063 1512 2135 ταπεινῷ,
1551 2065 1696 2133 ὑμᾶς
1720 2063 1818 2126 τὰς

1997 2062 2216 2130 Debeo,
2255 2066 2302 2122 si
2345 2067 2478 2137 quid
2523 2066 2701 2135 aliud,
2741 2067 2968 2125 humilis
3009 2086 3112 2137 ego
3149 2087 3268 2134 vos.
3306 2072 3522 2133 Domini

236 2165 324 2218 τοῦ
358 2163 567 2235 Κυρίου
608 2160 847 2230 ἀδελφὰς
895 2161 990 2212 καὶ
1043 2160 1285 2238 μητέρας
1324 2160 1468 2213 κατὰ
1495 2158 1556 2212 τὸ
1583 2158 1780 2228 ἀληθὲς
1803 2197 1820 2224 ,

227 2259 305 2323 ὡς
347 2257 512 2318 αὑτὸς
546 2256 747 2325 ἔφησεν
774 2256 806 2322 ἡ
838 2253 1100 2324 ἀλήθεια,
1140 2253 1285 2323 λόγῳ
1335 2254 1694 2324 παρακαλεῖν,
1725 2254 1823 2306 καὶ

229 2348 556 2417 παραινέσει
600 2346 880 2414 ἀλείφειν·
912 2344 1294 2413 ὑπομενοὺσας
1322 2344 1410 2396 διὰ
1455 2345 1692 2415 Χριστὸν
1725 2343 1823 2397 καὶ

229 2443 489 2514 στέρησιν
526 2439 734 2511 μητρὸς
782 2437 1189 2507 πνευματικῆς,
1222 2437 1317 2490 καὶ
1347 2434 1622 2502 διάζευξιν
1651 2435 1823 2507 ἀλλή-

229 2537 356 2600 λων,
389 2536 484 2589 καὶ
529 2535 697 2605 μονῆς
740 2532 970 2601 εὑαγοῦς
1017 2533 1332 2603 ἀφαίρεσιν,
1364 2531 1458 2585 καί
1478 2548 1541 2600 γε
1573 2530 1824 2600 φυλακῆς

227 2632 485 2701 τήρησιν,
535 2628 636 2699 ἤδη
679 2625 1189 2698 προμαστιχθείσας
1231 2624 1493 2692 ὁμολογία
1535 2623 1817 2694 ἀληθείας.

239 2723 403 2776 Ἀλλὰ
426 2722 480 2774 τί
523 2719 782 2773 τοσοῦτον
809 2721 949 2772 είπω
975 2718 1222 2786 ἐπαίρων
1253 2717 1408 2788 ὑμῶν
1432 2716 1492 2771 τὸ
1524 2715 1823 2786 ἀξιόχρεων

230 2816 544 2886 ἐγκώμιον;
592 2814 738 2877 Μιᾶς
804 2811 974 2883 μονῆς
1031 2811 1127 2881 ὅλη
1179 2810 1480 2880 ἀδελφότης
1534 2826 1824 2881 τριακοντο

228 2907 464 2977 ἁριθμος
495 2908 552 2958 ὲν
576 2904 653 2976 τῷ
681 2905 914 2975 παρόντι
946 2907 1145 2974 χρόνῳ,
1174 2904 1264 2955 ὅτε
1288 2902 1673 2973 ἐξετράπησαν
1689 2901 1824 2972 ὁμοῦ

231 3001 332 3071 μὲν
357 3001 618 3070 ἄρχοντες
645 2999 741 3051 καλ⁵
766 2998 1080 3068 ἀρχόμενοι,
1106 2995 1216 3048 δέει
1245 2996 1479 3048 θανάτου
1504 3011 1824 3065 παρακρου-

228 3094 456 3162 σάμενοι
493 3090 584 3143 τὸν
619 3088 716 3142 τοῦ
753 3088 962 3159 Κυρίου
1000 3086 1192 3154 λόγον·
1227 3085 1366 3155 ὁμοῦ
1406 3086 1462 3138 δὲ
1495 3085 1824 3154 μονάζοντες

226 3187 320 3240 καὶ
351 3183 706 3256 μονάζουσαι,
728 3183 775 3234 εί
801 3179 894 3235 καί
916 3197 1064 3242 τινες
1083 3178 1357 3246 ὀλιγοστοὶ
1389 3177 1819 3245 ὑπελείφθησανο

224 3278 577 3350 ὀμοψυχῆσαι
626 3274 823 3337 οὕτως,
879 3274 975 3326 καὶ
1025 3271 1118 3325 τὸν
1152 3271 1294 3341 ὑπὲρ
1341 3269 1582 3340 Χριστοῦ
1629 3268 1823 3323 ἄεθλον

223 3370 617 3440 ἀναδήσασθαι,
649 3367 810 3422 τοῦτο
837 3368 952 3428 τοῖς
977 3365 1146 3418 πάλαι
1174 3365 1388 3435 χρόνοις
1415 3362 1816 3433 παραϐλητέον.

225 3462 348 3516 Τῶν
377 3461 550 3531 ἁγίων
579 3459 1050 3529 τεσσαράκονταή
1085 3456 1366 3523 ὁμοίωσις,
1401 3456 1435 3526 ἦ
1465 3472 1605 3508 τισιν
1635 3455 1816 3516 ἄλλοις

221 3557 333 3610 τῶν
381 3555 670 3626 μακαρίων
702 3551 1018 3621 ἀθλοφόρων
1051 3549 1537 3618 ὲξεικονιζόμενον.
1590 3547 1676 3609 Ὠς
1710 3566 1813 3617 μα-

225 3658 417 3718 κάριαι
443 3650 623 3718 ὑμεῖς,
672 3646 770 3716 μία
798 3646 898 3713 τῆς
932 3645 1058 3714 μιᾶς
1089 3641 1166 3713 τῷ
1189 3641 1438 3712 διαπύρῳ
1470 3639 1614 3710 ζήλῳ
1645 3642 1814 3711 ὑπερ-

224 3743 552 3807 ϐάλλουσαι,
586 3740 680 3792 καὶ
701 3741 872 3791 πᾶσαι
900 3736 1036 3805 ὁμοῦ
1061 3735 1297 3804 ἀλλήλας
1326 3732 1712 3804 παραθήξασαι
1730 3735 1812 3798 είς

222 3839 287 3890 τδ
317 3838 413 3906 τῆς
446 3835 737 3906 ὁμολογίας
779 3832 1016 3885 στάδιον.
1069 3831 1250 3895 Ἀξιον
1279 3829 1459 3898 θέαμα
1509 3828 1810 3898 ἀγγελικῆς

223 3928 480 3998 χορείας·
521 3924 869 3995 μαρτυρικῆς
916 3919 1245 3991 ὁμηγὺρεως
1295 3919 1602 3989 ἐπέραστον
1651 3917 1810 3988 Θεῷ,

225 4021 368 4091 ὑπὲρ
391 4013 453 4073 οῦ
483 4021 577 4072 καὶ
607 4016 677 4070 τὰ
705 4015 1028 4086 παθήματα.
1070 4012 1241 4082 Δεῦρο
1271 4012 1334 4080 δὴ
1364 4007 1480 4071 οὖν.
1509 4011 1810 4082 θυγατέρες

222 4115 325 4183 τῆς
351 4115 463 4169 ἀνω
500 4111 886 4183 Ἰερουσαλὴμ,
915 4109 1176 4179 κλήματα
1198 4106 1300 4176 τῆς
1325 4105 1588 4176 ἀληθινῆς
1627 4107 1809 4177 ἀμπέ-

221 4208 339 4272 λου,
380 4207 682 4278 μαθήτριαι
714 4204 962 4274 ἁψευδῶς
991 4201 1084 4256 τοῦ
1107 4201 1314 4270 Λόγου’
1347 4199 1810 4270 ἀγαλλιασὼμεθα

224 4299 590 4371 θεοπρεπῶς·
647 4293 1218 4365 ἀνθομολογησώμεθα
1273 4290 1350 4362 τῷ
1427 4291 1809 4361 δυναμώσαντι

223 4391 370 4457 ὑμᾶς
400 4387 620 4461 Χριστῷ
667 4387 891 4440 ὑποῖσαι
921 4385 991 4437 τὰ
1029 4384 1349 4452 φθάσαντα⁸
1387 4376 1507 4434 εἶτα
1535 4382 1628 4434 καὶ
1671 4381 1808 4452 πρὸς

220 4484 290 4537 τὰ
347 4482 608 4552 μέλλοντα
674 4477 1250 4551 παρασκευασώμεθα.
1303 4475 1369 4527 Τί
1436 4474 1628 4539 τοῦτο;
1688 4474 1808 4527 Κᾶν

221 4575 380 4638 αὖθις
434 4573 735 4644 μάστιγες,
791 4571 894 4624 κᾶν
921 4569 1126 4638 δεσμὰ,
1163 4567 1265 4620 κᾶν
1300 4566 1434 4636 πῦρ,
1477 4565 1578 4618 κᾶν
1622 4561 1802 4634 ξίφος

226 4665 496 4739 μηδαμῶς
558 4666 886 4736 ἀναδυῆναι,
950 4663 1086 4716 ἀλλὰ
1146 4661 1326 4714 πάντα
1381 4659 1803 4730 προθυμηθῆναι

1848 3424 1890 3481 C

1926 2172 2115 2212 revera
2165 2175 2388 2215 sorores
2420 2174 2737 2233 matresque
2762 2205 2777 2231 ,
2833 2173 2894 2218 ut
2945 2163 3156 2220 Veritas
3189 2167 3304 2237 ipsa
3339 2170 3475 2224 dixit
3504 2213 3518 2236 ,

1923 2253 2108 2308 verbis
2135 2254 2379 2321 hortari,
2412 2265 2467 2309 et
2505 2258 2728 2312 monitis
2761 2257 3065 2313 accendere
3089 2300 3104 2324 ,
3139 2276 3262 2330 quae
3295 2275 3520 2334 propter

1924 2344 2228 2410 Christum,
2261 2356 2316 2400 et
2343 2347 2642 2416 spiritualis
2671 2351 2864 2404 matris
2896 2351 3280 2419 privationem,
3314 2366 3368 2410 et
3401 2374 3520 2412 mu-

1926 2444 2075 2490 tuam
2108 2453 2135 2489 a
2162 2437 2320 2492 vobis
2342 2441 2766 2507 separationem.
2792 2449 2845 2496 et
2871 2442 3047 2495 sancti
3075 2446 3310 2499 ρωποι)ἱί
3331 2448 3520 2502 adem-

1927 2528 2171 2596 ptionem
2193 2568 2208 2593 ,
2237 2538 2291 2583 et
2319 2531 2562 2584 carceris
2593 2531 2900 2586 custodiam
2934 2533 3221 2589 sustinetis
3243 2577 3256 2600 ,
3290 2540 3516 2594 verbera

1919 2619 2032 2689 jam
2071 2629 2198 2676 ante
2234 2637 2334 2691 pro
2372 2624 2624 2678 veritatis
2669 2623 3022 2680 confessione
3062 2641 3353 2696 perpessa.
3409 2632 3515 2686 Sed

1927 2712 2062 2783 quid
2114 2714 2250 2769 satis
2292 2730 2552 2785 magnum
2599 2716 2815 2779 dicam.
2847 2719 3173 2787 praeclarum
3205 2724 3515 2778 encomium

1925 2813 2169 2859 vestrum
2211 2806 2525 2862 extollens?
2558 2807 2736 2863 Unius
2769 2812 3097 2865 monasterii
3138 2816 3517 2884 congregatio-

1926 2911 2050 2950 nem
2077 2896 2413 2960 universam,
2445 2912 2696 2952 sororum
2723 2914 2954 2953 numero
2983 2899 3225 2968 triginta,
3255 2904 3354 2957 hoc
3381 2916 3515 2960 tem-

1925 3004 2057 3059 pore
2103 3005 2228 3044 cum
2278 3005 2386 3043 una
2435 2989 2797 3046 desciverunt
2843 2993 3124 3063 principes
3174 3005 3227 3050 et
3276 2999 3511 3063 subditi,

1924 3079 2153 3134 verbum
2199 3078 2421 3134 Domini
2463 3083 2655 3137 mortis
2693 3097 2839 3138 metu
2873 3085 3222 3154 rejicientes,
3260 3092 3509 3146 monachi

1923 3173 2090 3228 etiam
2143 3173 2248 3243 ipsi
2295 3184 2350 3229 et
2395 3177 2670 3232 moniales
2700 3217 2714 3242 ,
2759 3177 2883 3234 licet
2937 3181 3098 3250 pauci
3148 3183 3369 3252 quidam
3402 3185 3511 3240 sint

1927 3269 2160 3337 reliqui;
2210 3271 2290 3323 sic
2320 3271 2521 3324 animis
2547 3272 2900 3340 conspirasse
2924 3313 2940 3337 ,
2983 3285 3369 3347 certamenque
3412 3296 3508 3348 pro

1922 3361 2145 3416 Christo
2187 3363 2499 3431 suscepisse
2524 3401 2540 3426 ,
2576 3363 2680 3418 hoc
2709 3379 2838 3418 vero
2876 3380 2997 3419 cum
3031 3367 3227 3436 priscis
3260 3380 3342 3424 est
3375 3379 3507 3425 tem-

1922 3454 2147 3523 poribus
2181 3455 2981 3524 comparandum.Sanetorum
3003 3461 3358 3532 quadraginta
3394 3466 3506 3519 lucc

1915 3549 2218 3604 similitudo
2239 3591 2253 3615 ,
2285 3551 2591 3604 aliorumve
2623 3554 3010 3622 quorumpiam
3061 3570 3091 3608 e
3136 3555 3306 3611 beat-is
3336 3559 3506 3612 victo-

1914 3641 2069 3694 ribus
2099 3655 2362 3710 expressa
2389 3642 2651 3696 imitatio.
2684 3641 2862 3707 Quam
2894 3646 3067 3703 beatae
3097 3663 3192 3703 vos
3217 3651 3370 3712 estis,
3400 3652 3504 3706 alia

1913 3732 2078 3786 aliam
2111 3733 2324 3787 ardenti
2359 3734 2476 3788 zelo
2510 3750 2820 3805 superans,
2868 3749 2923 3793 et
2957 3753 3152 3794 omnes
3185 3743 3388 3810 pariter
3435 3743 3504 3796 ad

1913 3825 2278 3880 confessionis
2304 3819 2541 3881 stadiu'm
2565 3843 2663 3884 vos
2690 3829 2922 3885 invicem
2954 3835 3243 3887 acuentes!
3275 3833 3501 3903 Dignum

1914 3918 2176 3988 angelicis
2224 3920 2410 3974 choris
2454 3930 2874 3993 martyrumque
2920 3934 3065 3978 caetu
3098 3929 3499 3994 spectaculum.

1914 4008 2026 4064 Deo
2085 3999 2359 4080 imprimis
2389 4019 2640 4080 gratum,
2675 4013 2836 4081 cujus
2872 4029 3038 4068 causa
3071 4029 3335 4086 suscepta:
3365 4017 3500 4070 atlli-

1912 4102 2145 4156 ctiones.
2167 4103 2370 4158 Adeste
2391 4103 2582 4172 igitur,
2598 4102 2724 4158 filia:
2753 4105 2992 4159 coalestis
3016 4103 3339 4171 Jerusalem,
3360 4123 3499 4161 verte

1912 4195 2040 4249 vitis
2071 4195 2322 4264 palmites
2343 4236 2358 4262 ,
2393 4193 2555 4250 Verbi
2591 4197 2734 4250 haud
2767 4197 2948 4251 dubia:
2975 4198 3260 4267 discipulae
3291 4216 3304 4252 :
3358 4201 3498 4253 divi-

1912 4305 2043 4344 num
2086 4290 2140 4344 in
2187 4305 2395 4344 morem
2424 4291 2765 4346 exsultemus
2796 4308 2809 4344 :
2844 4291 3069 4346 Christo
3101 4295 3494 4359 confiteamur,

1911 4384 2004 4453 qui
2050 4397 2149 4437 vos
2190 4383 2256 4436 ad
2303 4382 2586 4436 toleranda
2627 4398 2749 4452 quae
2795 4387 3181 4452 praeterierunt
3215 4387 3500 4442 confirma-

1911 4474 2032 4528 vit:
2070 4473 2272 4527 deinde
2315 4473 2382 4526 ad
2427 4473 2608 4528 futura
2651 4490 2873 4544 quoque
2921 4477 3298 4548 accingamur.
3332 4477 3498 4544 Ouid-

1908 4581 2034 4620 nam
2067 4565 2174 4619 hoc
2200 4565 2277 4618 rei
2311 4563 2429 4618 est?
2455 4563 2568 4619 Etsi
2605 4581 2825 4619 rursum
2851 4566 3099 4631 verbera,
3130 4570 3231 4624 etsi
3260 4570 3493 4635 vincula,

1907 4657 2009 4710 etsi
2039 4655 2317 4725 ignis,etsi
2338 4654 2550 4724 gladius
2583 4674 2596 4710 :
2633 4657 2783 4710 nullo
2808 4659 2972 4713 modo
2993 4659 3261 4728 refugere,
3286 4663 3378 4716 sed
3401 4662 3496 4715 he-

226 4760 474 4826 ὲνεγκεῖν
524 4756 618 4809 σὺν
675 4753 919 4826 Χριστῷ.
991 4753 1306 4822 Ἰσχὺσομεν
1365 4750 1505 4820 γάρ·
1569 4747 1801 4818 ἐπείπερ

1918 4751 1976 4804 Lis
1994 4749 2190 4802 animis
2205 4748 2449 4818 perferre
2480 4751 2662 4805 omnia
2685 4767 2884 4821 cupere
2901 4769 3026 4808 cum
3044 4755 3284 4810 Christo.
3310 4755 3494 4809 Enim-

222 4853 453 4923 εἴρηκε*
513 4847 595 4914 Τῷ
647 4849 997 4901 πιστεύοντι
1055 4844 1252 4898 πάντα
1301 4840 1551 4897 δυνατά.
1603 4841 1800 4910 Ὁρᾶτε

221 4940 309 4997 οἷα
338 4943 408 4996 τὰ
442 4939 726 5010 ἐγκώμιας
760 4937 823 4990 Τί
855 4937 1062 4999 λοιπὸν,
1109 4937 1176 4989 τὰ
1236 4933 1499 5005 μέλλοντα
1553 4933 1796 4985 ἀνταπο-

220 5036 465 5106 δόματα,
507 5031 754 5103 βασιλεία
783 5029 1050 5102 οὐρανῶν,
1093 5028 1237 5098 χαρὰ
1267 5025 1668 5092 ἀνεκλάλητος;
1706 5023 1797 5092 Μή

219 5145 302 5191 τις
328 5122 422 5180 οὖν
455 5125 841 5178 ὑποπίπτουσα
874 5120 952 5190 τῷ
984 5121 1228 5189 Σατανᾷ·
1271 5119 1345 5188 μή
1378 5134 1462 5179 τις
1506 5116 1797 5184 φιλόζωος,

221 5220 296 5284 ὡς
317 5212 399 5280 εἷς
428 5217 538 5270 τῶν
565 5215 996 5287 τεσσαράκοντα,
1015 5216 1078 5266 ὲκ
1095 5211 1204 5264 τῶν
1229 5211 1540 5282 τριάκοντα,
1567 5211 1798 5262 Ἐκεῖνοι

1907 4855 2038 4894 vero
2069 4841 2374 4909 poterimus
2401 4859 2414 4893 :
2449 4844 2897 4913 quandoquidem
2918 4845 3056 4899 dixit
3077 4864 3088 4897 :
3112 4845 3303 4901 Omnia
3324 4847 3484 4915 possiv

1906 4933 2036 4986 bilia
2071 4943 2193 4986 sunt
2222 4934 2456 4988 credenti
2483 4935 2552 4989 ⁶¹.
2587 4935 2827 4992 Cernitis
2850 4940 3034 5007 qualia
3068 4941 3177 4995 sint
3202 4939 3494 4994 encomia?

1906 5024 2049 5091 Quid
2081 5025 2300 5080 demum
2343 5026 2540 5082 futurae
2581 5029 3006 5096 retributiones,
3063 5048 3285 5102 regnum
3329 5035 3494 5086 coelo-

1908 5135 2062 5185 rum,
2105 5120 2364 5191 gaudium
2404 5121 2697 5176 ineffabile.
2753 5121 2910 5177 Nulla
2949 5139 3078 5191 ergo
3115 5125 3330 5178 Satana‘
3361 5139 3488 5178 suc-

1908 5213 2210 5278 cumbens,
2257 5213 2406 5268 nulla
2443 5214 2565 5268 vita:
2608 5230 2836 5279 amans,
2893 5216 3038 5269 sicut
3090 5217 3178 5270 ille
3234 5233 3371 5270 unus
3424 5231 3488 5270 ex

219 5314 319 5382 τῆς
369 5309 696 5381 ἐγκρατείας
737 5307 798 5360 τὸ
843 5305 1209 5373 ἁπεικὸνισμα
1236 5321 1250 5334 ο
1289 5305 1446 5372 ὑμεῖς
1488 5305 1588 5371 τῆς
1641 5301 1803 5366 ἁγίας

1918 5303 2297 5372 quadraginta,
2343 5305 2394 5356 in
2440 5304 2527 5358 his
2561 5305 2783 5371 triginta
2838 5307 3162 5373 reperiatur.
3211 5304 3288 5358 Illi
3322 5305 3490 5359 absti-

221 5401 453 5474 Τριάδος
500 5400 559 5453 τὸ
615 5399 992 5468 ὑποτύπωμα,
1048 5395 1339 5468 τριαδικῶς
1385 5393 1800 5463 δεκατούμενον.

222 5493 462 5562 Τοιαύτη
509 5493 543 5561 ἡ
592 5491 857 5562 οὑδαμινὴ
888 5488 1045 5561 ἡμῶν
1073 5486 1442 5558 παράκλησις.
1507 5486 1696 5556 Ὑμεῖς
1748 5485 1804 5539 δὲ

221 5584 521 5656 ἀντιδοίητέ
548 5601 639 5653 μοι
657 5583 754 5645 τὰς
789 5583 1119 5655 προσευχὰς,
1151 5574 1196 5636 ὧ
1219 5580 1453 5652 μητέρες
1482 5577 1801 5648 τρισόλϐιοι,

221 5681 304 5743 εἰς
343 5677 617 5749 σωτηρίας
657 5676 886 5745 ἐφόδιον.

307 5947 352 5980 ⁶¹
391 5945 559 6004 Marc.
590 5962 642 6002 Ix
667 5987 683 6013 ,
722 5942 812 5997 22.

1905 5395 2105 5448 neutia:
2145 5393 2450 5465 symbolum
2487 5413 2500 5448 :
2547 5410 2645 5448 vos
2685 5405 2889 5447 sanctae
2924 5391 3210 5448 Trinitatis
3264 5393 3491 5447 simula-

1905 5502 2056 5542 crum
2109 5486 2396 5556 tripliciter
2428 5488 2795 5541 decumatum.
2849 5484 2998 5538 Talis
3050 5495 3136 5539 est
3188 5487 3372 5540 intima
3436 5495 3490 5540 et

1905 5579 2064 5634 nihili
2098 5581 2410 5634 exhortatio
2451 5588 2664 5634 nostra.
2705 5579 2812 5631 Vos
2844 5593 2973 5632 vero
3015 5594 3206 5647 preces
3236 5580 3367 5633 mihi
3398 5621 3412 5645 ,
3457 5593 3489 5634 ο

1909 5679 2112 5724 matres
2166 5679 2248 5724 ter
2297 5671 2489 5736 beatae,
2562 5668 2630 5722 ad
2685 5667 2882 5723 salutis
2932 5668 3038 5724 iter
3096 5669 3487 5740 perficiendum

1905 5761 2205 5833 rependite.
