4164 6514
646 395 787 461 1275
1840 406 1902 463 S.
1939 401 2340 464 THEODORI
2379 400 2469 463 ST
2474 403 2725 463 UDITJZ

1099 513 1211 571 ιλ.
1232 544 1301 556 -—
1324 514 1407 569 Ad
1450 514 1774 570 Canonims.
2729 514 2808 569 E'.

1206 632 1397 683 Gratias
1418 631 1524 696 agit
1549 648 1639 697 pro
1662 630 1925 683 beneﬁciis
1947 629 1998 681 in
2018 631 2338 682 Naucratium
2366 631 2591 694 aliosque
2610 630 2790 682 Christi
2816 631 3128 683 confessorcs
3157 630 3367 685 collatis.

3798 398 3969 465 19.76

2850 541 2923 556 --
2960 516 3342 584 Ιιάνωοικαῖς.
3377 515 3563 589 [each]

718 739 787 795 Et
816 738 1195 809 superioribus
1248 742 1593 809 temporibus
1643 743 1924 813 egregium
1959 741 2238 813 specimen
2270 790 2275 802 ,

2418 742 2529 795 Καὶ
2563 740 2671 793 ἀπὸ
2699 739 2809 793 τῶν
2846 742 3227 813 προλαϐόντων
3267 721 3457 815 ἱκανὴν
3501 742 3783 809 ἀπόδειξιν
3841 740 3964 811 τῆς

650 835 896 905 religiosi
929 834 1095 889 vestri
1137 848 1266 904 erga
1303 850 1555 890 nosrram
1602 836 1969 890 humilitatem
2009 836 2237 891 allectus

2371 832 2598 895 ύσεὸοῦς
2648 832 2804 903 ὑμῶν
2847 834 2987 904 πρὸς
3036 836 3135 903 τὴν
3182 836 3516 889 ταπείνωσιν
3543 836 3702 905 ἡμῶν
3742 834 3961 887 δια.θέ-

649 930 990 997 accepimus,
1032 937 1085 982 et
1120 944 1267 984 nunc
1310 938 1369 984 ut
1398 946 1524 986 cum
1564 932 1847 985 maxime:
1886 930 1961 985 ila
1994 941 2051 985 ut
2080 931 2238 1000 plane

2365 946 2479 1017 5.0);
2528 928 2856 998 εἰλήφαμεν,
2913 926 3009 981 νῦν
3060 928 3115 981 δὲ
3168 930 3263 981 καὶ
3314 930 3492 999 μάλαο
3530 929 3604 992 ὡς
3663 930 3965 997 ἐκστῆναι

648 1024 1123 1091 obstupeseamus,
1148 1039 1272 1077 cum
1290 1040 1412 1094 qum
1430 1035 1757 1094 quantaeque
1782 1026 1893 1079 sint
1922 1024 2239 1094 largitiones

2365 1023 2486 1091 ιμᾶς
2504 1022 2580 1093 τῷ
2606 1021 2740 1081 ὄντι,
2764 1020 3153 1085 διαϐλέποντας
3176 1024 3275 1084 τὰς
3295 1022 3505 1093 δωρεὰς
3529 1023 3701 1094 ὑμῶν,
3729 1023 3965 1075 ὁπόσαι

648 1124 840 1167 vestra:
874 1114 1155 1167 intuemur
1190 1132 1202 1168 :
1241 1123 1410 1183 atque
1442 1118 1532 1169 ubi
1567 1117 1746 1171 edocti
1778 1133 1963 1171 sumus
2002 1133 2030 1170 a
2066 1118 2239 1170 tabel—

2365 1119 2432 1170 :ai.
2478 1116 2703 1186 ἡλίκαι⁹
2766 1116 2955 1168 ἔπειτα
3010 1115 3103 1167 καὶ
3160 1114 3568 1183 ἐκδιδαχθέντες
3621 1117 3772 1184 παρᾶ
3840 1111 3962 1165 τοῦ

647 1202 822 1268 lario,
876 1205 969 1271 qui
1020 1213 1302 1273 Spectator
1353 1205 1471 1273 ipse
1510 1206 1822 1268 intellexit,
1875 1218 2076 1275 quanta
2106 1222 2238 1259 cura

2365 1207 2819 1277 ’ραμματηφόρου
2864 1205 3089 1273 αὖτοψεὶ
3134 1204 3524 1274 ὑπειληφότας,
3556 1206 3651 1275 ὅση
3689 1207 3721 1274 ἡ
3753 1204 3965 1273 φειδὼ

648 1294 807 1351 vobis
838 1297 1261 1367 sollicitudoque
1296 1299 1387 1357 sit.
1417 1298 1679 1363 Charitas,
1715 1299 2142 1360 commiseratio,
2172 1296 2238 1351 ad

2365 1299 2437 1351 [αλ
2480 1301 2512 1370 ἡ
2561 1298 2783 1370 φροντὶς
2828 1298 3105 1367 περίεστιν
3155 1297 3319 1366 ύμῖνο
3365 1298 3555 1359 ἐλεεῖν,
3610 1299 3962 1367 οἰκτείρειν,

648 1389 857 1452 cibum,
882 1399 1093 1459 potum,
1121 1392 1619 1462 Vestimentumque
1651 1396 2093 1462 suggerendum;
2131 1407 2239 1461 qua

2365 1392 2582 1461 τρέφειν,
2616 1390 2879 1454 ποτίζειν,
2918 1388 3248 1441 ὲνδιδύσκειν
3266 1404 3279 1418 ⁸
3303 1387 3429 1440 εἴτι
3459 1388 3585 1442 ἀλλο
3619 1388 3853 1456 ἐπιτήδε
3871 1406 3965 1440 ιον

651 1482 933 1537 alacritate
981 1484 1232 1537 tenuitati
1285 1496 1488 1538 nostra:
1535 1486 1969 1539 sulnniuistretis
2017 1485 2062 1538 si
2105 1483 2237 1553 quid

2365 1484 2489 1551 ζωῆς
2520 1484 2600 1545 εἰς
2642 1481 2739 1550 τὴν
2786 1481 3063 1535 εὐτέλειαν
3092 1481 3253 1551 ἡμῶν
3296 1482 3680 1550 ὲπειγομέναις
3713 1484 3917 1534 ποιεῖν
3941 1498 3959 1511 ·

652 1575 719 1628 ad
758 1576 923 1627 vitam
958 1576 1329 1631 necessarium
1361 1587 1444 1631 est
1477 1593 1489 1628 :
1537 1594 1702 1646 quam
1752 1579 1949 1645 cupide
2005 1577 2239 1646 idipsum

654 1667 972 1737 inquiratis,
1008 1679 1067 1723 ut
1102 1685 1267 1739 opere
1300 1670 1417 1739 ipso
1451 1669 1703 1723 effectum
1733 1670 1891 1722 detis.
1925 1667 2114 1721 Nonne
2144 1669 2243 1737 igi-

655 1770 747 1815 tur
774 1762 898 1831 jure
930 1762 1144 1831 optimo
1176 1771 1354 1831 grates
1390 1760 1496 1817 Deo
1536 1779 1695 1831 agere
1729 1778 1814 1816 me
1850 1763 1917 1816 de
1959 1762 2045 1815 bis
2079 1762 2243 1815 rebus

656 1870 759 1925 par
792 1866 908 1921 est,
954 1857 1047 1925 qui
1103 1865 1307 1909 matres
1347 1871 1674 1925 sororesque
1713 1856 1989 1921 spiritales
2024 1854 2243 1909 invene-

659 1947 799 2000 rim?
836 1946 1027 2001 Annon
1060 1958 1111 2001 et
1146 1948 1342 2001 merito
1372 1958 1807 2002 consentaneum
1840 1958 1925 2002 est
1955 1959 2014 2002 ut
2050 1949 2243 2003 laudes

657 2039 819 2093 vobis
851 2040 1095 2094 aecinam
1124 2080 1138 2103 ,
1175 2056 1299 2109 qua:
1329 2039 1496 2093 Deum
1524 2057 1589 2094 ex
1621 2050 1735 2094 toto
1766 2041 1929 2094 corde
1956 2040 2245 2106 quaeritis?

661 2132 942 2193 Gaudete,
998 2142 1200 2186 matres
1253 2149 1318 2186 ac
1367 2133 1490 2187 tiliae
1539 2135 1591 2187 in
1648 2133 1898 2187 Domino.
1954 2132 2243 2196 Gaudete,

660 2240 781 2292 qum
801 2223 1125 2293 Evangelica
1165 2225 1419 2278 mandata
1452 2225 1643 2280 scdulo
1671 2226 1949 2294 perticitis.
1975 2225 2243 2287 Gaudete.

660 2316 770 2371 lilia
796 2317 909 2387 agri
941 2317 1221 2386 spiritalis,
1256 2320 1308 2371 in
1343 2318 1537 2372 mediis
1560 2318 1781 2387 quidem
1810 2317 1983 2386 spinis
2019 2316 2206 2386 positae
2228 2358 2243 2382 ,

658 2409 707 2464 si
736 2410 887 2464 locus
913 2420 1223 2480 spectetur;
1248 2410 1333 2464 sin
1361 2419 1543 2463 autem
1571 2424 1769 2472 mores,
1803 2410 1964 2477 longe
1987 2408 2056 2462 ab
2077 2410 2245 2463 haere-

659 2504 768 2557 tico
798 2502 1015 2571 spincto
1042 2503 1354 2555 summotae.
1386 2500 1655 2565 Gaudete,
1675 2512 1853 2555 cintus
1872 2501 2246 2570 egregius,in-

657 2595 835 2649 vicem
902 2595 1263 2656 cohaerentes,
1290 2603 1343 2647 et
1383 2592 1451 2646 ad
1503 2591 1595 2645 Dei
1643 2592 1971 2661 obsequium
2012 2594 2246 2648 invicem

2343 1579 2436 1631 καὶ
2479 1576 2842 1645 ὲκζητούσαις
2874 1575 3065 1643 μαθεῖν
3097 1577 3174 1637 εἱς
3217 1574 3277 1627 τὸ
3311 1575 3503 1626 τελεῖν.
3533 1568 3678 1643 ’Λρα
3712 1568 3814 1624 οὖν
3838 1573 3965 1623 οὐκ

2343 1669 2567 1731 εἰκότως
2589 1670 2935 1738 εῦχαριστείν
2966 1685 3032 1739 με
3058 1669 3205 1721 ἐστιν
3240 1669 3297 1719 ὲν
3326 1666 3535 1729 τούτοις
3562 1668 3637 1735 τῷ
3661 1665 3803 1735 Θεῷ,
3836 1683 3966 1734 μη-

2343 1764 2508 1831 τέρας
2543 1762 2815 1831 εὑρηκότα
2847 1762 2940 1813 καὶ
2975 1761 3210 1829 ἀδελφὰς
3242 1761 3651 1830 πνευματικάςς
3690 1755 3801 1827 ἆρα
3839 1760 3964 1810 οὐκ

2346 1858 2713 1929 ὀφειλομένως
2740 1857 2951 1929 πρέπον
2988 1875 3078 1928 μοι
3110 1858 3312 1928 ὕμνους
3348 1857 3476 1926 ὑμῖν
3510 1856 3806 1917 ἀναθεῖναι,
3847 1856 3963 1907 ἐκ·

2348 1948 2640 2020 ζητούσαις
2689 1950 2821 2003 Θεὸν
2843 1949 3206 2020 ὁλοκαρδίως;
3246 1949 3511 2018 Χαίρετε,
3552 1948 3786 2019 μητέρες
3842 1950 3963 1999 καὶ

2349 2044 2652 2113 θυγατέρες
2710 2045 2768 2096 ἐν
2823 2044 3035 2113 Κυρίιεν
3088 2042 3339 2113 χαίρετε,
3387 2042 3761 2111 φιλεργάτιδες
3822 2040 3962 2091 τῶν

2349 2134 2724 2202 εὐαγγελικῶν
2776 2134 3241 2205 προσταγμάτων.
3300 2133 3564 2205 Χαίρετε,
3621 2132 3780 2203 κρίνα
3841 2131 3959 2185 τοῦ

2348 2225 2521 2293 ἀγροῦ
2544 2225 2635 2277 τοῦ
2667 2225 2891 2295 νοητοῦ,
2925 2227 2982 2278 ὲν
3019 2226 3169 2295 μέσῳ
3204 2225 3455 2278 ἀκανθῶν
3482 2227 3753 2296 ὲνειμέναι
3786 2225 3963 2277 κατὰ

2346 2317 2511 2369 τόπον
2532 2333 2545 2347 ·
2575 2318 2715 2370 κατά
2756 2317 2813 2370 δὲ
2838 2317 3062 2388 τρόπον,
3100 2320 3199 2387 τῆς
3225 2318 3507 2387 αίρετικῆς
3568 2316 3961 2379 ἀκανθὼσεως

2349 2411 2689 2481 πορρωτέρω
2745 2410 2993 2465 θέουσαι.
3043 2411 3304 2481 Χαίρετε,
3343 2412 3377 2482 ἡ
3432 2411 3572 2481 καλὴ
3610 2410 3847 2479 ξυνωρὶς
3889 2411 3961 2460 ἐν

2348 2503 2611 2575 ἀλλήλαις
2638 2506 2920 2574 ἐχόμεναι,
2958 2504 3056 2557 καὶ
3090 2504 3159 2558 δι’
3193 2503 3441 2575 ἀλλήλων
3471 2504 3605 2573 πρὸς
3639 2504 3772 2556 Θεὸν
3804 2520 3960 2556 σνν-

2348 2596 2739 2667 δεσμούμεναι.
2779 2598 2976 2668 Ὶιλίκη
3004 2597 3160 2667 ὑμῶν
3200 2601 3232 2667 ἡ
3269 2598 3413 2651 κατά
3442 2598 3575 2651 Θεὸν
3608 2596 3838 2669 ὁμόνοια
3863 2615 3880 2627 ⁸
3916 2598 3960 2667 ἡ

2280 2106 2320 2159 Β

662 2689 952 2755 colligata.
986 2686 1202 2752 Quanta
1232 2698 1410 2740 vestra
1444 2686 1535 2740 illa
1568 2686 1870 2740 secundum
1917 2685 2084 2741 Deum
2118 2702 2249 2740 con-

664 2780 852 2835 cordia
900 2788 1021 2845 est,
1068 2779 1159 2833 illa
1204 2780 1382 2833 amica
1423 2779 1778 2849 coniunctio,
1824 2778 1914 2832 illa
1961 2779 2068 2833 vita
2114 2778 2251 2833 soli-

668 2871 843 2923 taria!

736 2961 947 3027 Gaude,
996 2962 1215 3016 domina
1254 2961 1408 3016 alteri
1444 2962 1760 3017 consociata
1795 2962 2053 3024 domina),
2092 2962 2253 3015 matri

670 3065 878 3115 mater,
939 3054 1288 3108 moderatrici
1328 3054 1703 3117 moderatrix;
1768 3054 1931 3108 simul
1965 3054 2255 3123 pra-posita

670 3146 946 3215 simulque
1014 3146 1255 3200 subdita.
1314 3144 1489 3211 Quam
1536 3146 1751 3216 egregia
1794 3156 1886 3203 tua
1940 3146 2260 3200 exercitatio

670 3247 756 3292 est
815 3248 979 3307 atque
1045 3238 1357 3306 professio!
1392 3251 1452 3291 ut
1504 3253 1571 3292 ex
1615 3238 1922 3291 obedientia
1962 3240 2261 3291 mercedem

671 3332 917 3402 colligas,
955 3341 1009 3385 et
1031 3332 1333 3400 praepositae
1365 3331 1717 3386 securitatem
1768 3342 2012 3401 przestcs.
2049 3330 2258 3395 Gaude,

671 3436 785 3479 tum
823 3442 945 3494 qua:
1001 3441 1059 3479 es
1093 3425 1381 3493 magistra,
1414 3434 1527 3477 tum
1563 3440 1685 3493 qua:
1714 3440 1774 3478 es
1830 3424 2049 3478 subdita
2088 3442 2102 3478 :
2146 3424 2262 3511 illa,
2295 3460 2337 3517 ο

672 3518 816 3586 quod
849 3518 1096 3587 pluribus
1146 3533 1315 3586 prices
1345 3533 1360 3582 ;
1393 3518 1517 3581 ista,
1579 3518 1723 3587 quod
1758 3518 1851 3571 uni
1906 3534 2081 3587 pares.
2114 3517 2263 3573 Felix

672 3612 961 3681 prudentia
994 3622 1109 3675 tua,
1138 3614 1250 3666 sive
1280 3626 1404 3680 quae
1457 3611 1623 3680 regis,
1688 3611 1803 3664 sive
1842 3626 1963 3679 quae
2020 3612 2223 3679 reget-is
2249 3650 2263 3675 ,

671 3710 727 3756 et
758 3703 810 3755 in
846 3714 1060 3772 portum
1094 3702 1609 3756 salutisdeducerrs.
1643 3699 1788 3755 Laus
1827 3702 2016 3771 utique
2046 3702 2262 3755 brevis:

677 3794 769 3848 sed
806 3795 931 3848 licet
960 3810 1024 3847 ex
1055 3795 1245 3862 paucis
1272 3793 1441 3847 multa
1480 3793 1802 3862 intelligere.
1851 3790 2131 3858 Rependat
2172 3807 2268 3845 vo-

676 3886 763 3939 bis
792 3885 1055 3939 Dominus
1090 3885 1206 3937 vice
1234 3892 1422 3937 nostra
1441 3883 1766 3943 mercedem,
1800 3881 2050 3934 similiter
2116 3896 2266 3935 (Bco-

678 3980 826 4031 nomi
855 3978 991 4041 rice,
1022 3977 1140 4031 vice
1178 3976 1425 4045 cujusvis
1471 3975 1698 4029 alterius
1733 3974 1800 4027 de
1842 3990 1953 4044 quo
1986 3974 2123 4028 bene
2151 3988 2265 4027 me-

678 4072 798 4126 ritae
836 4072 988 4125 estis.
1022 4071 1307 4124 Custodite
1340 4083 1464 4132 vos,
1501 4070 1759 4129 obsecro,
1786 4066 1856 4121 ab
1881 4067 2098 4131 lrmresi,
2159 4080 2265 4135 qua

681 4163 816 4215 nihil
876 4163 1070 4216 animae
1124 4162 1418 4215 exitiosius
1474 4172 1596 4215 est:
1632 4161 1793 4229 cujus
1827 4160 2143 4214 communio
2170 4197 2187 4221 ,
2236 4173 2267 4211 a

683 4255 907 4308 Christo
929 4254 1187 4307 alienatio
1220 4266 1323 4309 est.
1359 4253 1533 4307 Simul
1565 4262 1803 4307 vestram
1853 4252 2068 4304 vivendi
2102 4250 2272 4303 ratio-

686 4360 810 4399 nem
844 4345 1052 4398 reddite
1075 4346 1524 4413 splendidiorem,
1556 4344 1706 4398 velut
1730 4354 1980 4397 catenam
2013 4357 2231 4395 auream
2252 4382 2268 4407 ,

689 4443 743 4487 et
790 4450 818 4486 a
862 4434 1209 4488 multitudine
1244 4435 1590 4503 seiunctam;
1624 4446 1685 4487 ut
1739 4448 1804 4487 ex
1847 4442 2079 4501 utraque
2118 4440 2272 4501 parte

688 4541 917 4595 ornata,
952 4548 1075 4586 cum
1134 4530 1336 4586 lucidis
1375 4530 1714 4599 lampadibus
1751 4528 1803 4582 in
1839 4528 2053 4581 Domini
2096 4527 2272 4582 thala-

690 4641 839 4682 mum
904 4625 1259 4696 perveniatis,
1300 4621 1828 4693 scmpitcrnisbonis
1862 4620 2128 4677 fruitur-az.

1139 4736 1653 4795 LXl.—Naucratio
1678 4737 1813 4807 lilio.

2348 2691 2671 2763 ἀγαπητικὴ
2700 2691 2947 2755 σύνδεσις
2967 2707 2981 2721 ο
3013 2693 3047 2763 ἡ
3083 2691 3347 2763 μοναδικὴ
3380 2691 3597 2762 βίωσιςί

2426 2968 2621 3038 Χαῖρε,
2651 2968 2685 3037 ἡ
2714 2965 2881 3037 κυρία
2907 2965 3007 3035 τῆς
3039 2965 3235 3036 κυρίας
3255 2965 3318 3035 ’ἠ
3354 2965 3538 3034 μήτηρ
3565 2962 3661 3030 τῆς
3691 2961 3913 3032 μητρός
3936 2976 3958 2993 ⁶

2358 3064 2393 3134 ἠ
2444 3060 2832 3129 καθηγουμένη
2880 3058 2981 3127 τῆς
3007 3056 3463 3126 καθηγουμένηςο
3514 3052 3649 3123 ὁμοῦ
3700 3054 3798 3124 μὲν
3840 3055 3963 3124 ἆρ-

2361 3172 2550 3225 χουσα.
2580 3152 2718 3223 ὁμοῦ
2749 3153 2804 3204 δὲ
2837 3152 2932 3204 καὶ
2958 3150 3260 3221 ἀρχομένη.
3290 3149 3377 3212 Ὠς
3416 3148 3555 3217 καλή
3586 3166 3677 3200 σου
3703 3150 3734 3217 ἡ
3770 3149 3960 3216 ἐργα-

2365 3241 2455 3293 σία
2499 3243 2591 3293 καὶ
2642 3241 2704 3293 τὸ
2749 3238 3121 3308 ἐπιτήδευμαο
3154 3239 3245 3290 ἵνα
3288 3238 3382 3291 καὶ
3426 3238 3516 3290 τὸν
3568 3237 3625 3301 ἐξ
3661 3237 3961 3306 ὑποταγῆς

2368 3332 2559 3403 μισθὸν
2602 3331 2831 3403 ὲρανίζῃ
2857 3372 2871 3396 ,
2918 3331 3011 3383 καὶ
3056 3332 3123 3400 τῇ
3162 3330 3481 3401 προεστώσῃ
3530 3328 3801 3399 ἀσφαλείᾳ
3833 3327 3960 3380 ῦπ-

2377 3426 2572 3496 άρχῃς.
2605 3426 2798 3494 Χαῖρε,
2826 3426 2859 3494 ἡ
2890 3424 3276 3494 καθηγουμένη
3298 3423 3389 3476 καί
3417 3421 3850 3491 ύποτασσομένη·
3890 3422 3964 3473 τὸ

2372 3520 2495 3590 μὲν.
2538 3517 2648 3571 τῶν
2687 3517 2933 3569 πολλῶν*
2968 3515 3029 3568 τὸ
3070 3515 3125 3568 δὲ
3149 3556 3164 3577 ,
3211 3519 3277 3585 τῇ
3326 3516 3445 3584 μιᾷ.
3478 3514 3742 3582 Μακαρία
3777 3528 3872 3564 σου
3920 3515 3960 3583 ἡ

2369 3612 2587 3676 σύνεσις
2606 3628 2619 3641 ο
2641 3610 2774 3663 κυϐε
2785 3610 2966 3681 ρνῶσα
2988 3610 3080 3661 καὶ
3102 3607 3231 3661 κυ6ε
3244 3607 3515 3676 ρνωμένη,
3537 3606 3628 3658 καὶ
3650 3607 3727 3667 εἰς
3750 3604 3963 3671 λιμένα

2369 3704 2647 3775 σωτηρίας
2677 3700 3114 3772 ἀπευθυνομένη.
3168 3698 3385 3770 Βραχέα
3420 3698 3489 3749 τὰ
3513 3696 3761 3765 ἐγκώμια
3783 3710 3796 3722 ·
3828 3695 3963 3748 ἀλλ’

2368 3797 2428 3861 ἐξ
2452 3798 2651 3865 ὀλίγων
2675 3795 2743 3847 τὰ
2771 3794 2945 3847 πολλὰ
2976 3792 3425 3857 συνεξακούεται.
3444 3789 3787 3859 ’Δνταποδῲη
3818 3789 3964 3857 ύμῖν

2369 3890 2575 3957 Κύριος
2601 3888 2692 3939 τὸν
2723 3885 2866 3957 ὑπὲρ
2907 3884 3067 3955 ἡμῶν
3100 3882 3323 3953 μισθόν·
3369 3890 3463 3935 τὸν
3496 3882 3634 3953 ὑπὲρ
3665 3879 3757 3932 τοῦ
3800 3880 3965 3933 οίκο-

2369 3982 2558 4051 νόμου,
2599 3981 2690 4033 τὸν
2739 3980 2880 4049 ὑπὲρ
2910 3975 3223 4031 οὑτινοσοῦν
3254 3976 3416 4029 ἀλλου
3457 3970 3517 4029 εὖ
3561 3975 3961 4035 πανθάνοντος.

2368 4072 2646 4136 Φυλάξατε
2695 4071 2777 4123 ἐτι
2820 4071 3020 4133 ἑαυτὰς
3045 4110 3060 4136 ,
3098 4068 3402 4139 παρακαλῶ
3425 4109 3441 4133 ,
3479 4068 3577 4137 τῆς
3605 4066 3962 4135 ψυχοφθόρου

2370 4165 2638 4235 αἱρέσεως
2657 4180 2671 4194 ⁸
2701 4158 2767 4233 ἧς
2799 4164 2833 4232 ἡ
2868 4162 3123 4214 κοινωνία
3154 4159 3513 4229 ἀλλοτρίωσις
3541 4156 3801 4227 Χριστοῦ.
3836 4155 3963 4225 Τὴν

2373 4257 2650 4309 πολιτείαν
2711 4254 2848 4326 ὁμοῦ
2923 4253 3286 4324 φαιδροτέραν
3352 4242 3793 4321 ἀπεργάζοισθε,
3849 4250 3961 4318 τὴν

2373 4349 2580 4417 χρυσῆν
2628 4349 2815 4417 σειρὰν
2863 4347 2959 4399 καὶ
3000 4348 3116 4406 τοῖς
3164 4343 3378 4406 πολλοῖς
3422 4343 3692 4396 ἀπλοκονο
3751 4343 3839 4395 ἴνα
3892 4342 3965 4406 ἐξ

2375 4439 2705 4509 ἀμφοτέρων
2735 4436 3147 4507 κοσμούμεναι,
3183 4435 3464 4505 λαμπραῖς
3511 4437 3631 4496 ταῖς
3672 4433 3963 4505 λαμπάσιν

2375 4533 2455 4595 εἰς
2482 4531 2572 4583 τὸν
2601 4530 2868 4601 νυμφῶνα
2904 4527 3107 4599 Κυρίου
3145 4527 3557 4597 καταντήσοιτε,
3584 4527 3692 4579 τῶν
3717 4526 3965 4579 αἰωνίων

2373 4622 2596 4691 ἀγαθῶν
2622 4622 3017 4675 ἀπολαύουσαι.

2652 4734 2775 4789 ΞΑ’.
2800 4766 2868 4775 -
2889 4733 3240 4802 Ναυκρατίῳ
3272 4730 3482 4799 τέκνῳ.
3525 4729 3673 4804 [υδν.]

1572 4852 1755 4906 Christi
1779 4853 2119 4903 confessorem
2144 4848 2409 4915 praeconia.
2439 4851 2646 4912 (Baron.
2670 4864 2749 4900 an.
2775 4849 2888 4909 818,
2912 4864 2961 4901 η.
2984 4850 3086 4914 2t.)

763 4962 896 5017 Tam
942 4963 1105 5017 [iclum
1134 4976 1325 5019 nactus
1348 4979 1408 5019 es
1438 4964 1803 5029 tabellarium,
1850 4973 1909 5017 ut
1955 4962 2044 5017 Dei
2079 4962 2271 5032 optimi

2449 4961 2707 5015 Τοιούτου
2742 4958 2935 5013 πιστοῦ
2981 4958 3463 5031 γραμματηφόρου
3516 4958 3961 5027 ὲπιτετύχηκας,

692 5056 1051 5124 proﬂuentia:
1099 5057 1565 5123 dispensationem
1619 5071 1739 5111 esse
1795 5057 2100 5126 putaverim
2174 5070 2276 5124 ego

698 5148 941 5205 humilis.
970 5163 1065 5216 per
1090 5162 1214 5202 cum
1268 5149 1477 5204 litteras
1518 5148 1587 5202 ad
1623 5159 1673 5203 te
1727 5148 1891 5211 mitti,
1930 5148 2005 5202 (ili
2061 5160 2269 5203 sancte.

698 5238 851 5304 Quod
885 5254 1049 5306 porro
1073 5242 1368 5297 didicimus
1400 5251 1451 5296 te
1480 5251 1627 5295 recte
1662 5241 1838 5293 valere
1860 5256 1987 5293 cum
2018 5241 2276 5293 omnibus

698 5330 1107 5387 confessor-ibus
1139 5348 1204 5386 ac
1231 5333 1491 5387 fratribus
1515 5335 1646 5393 tuis.
1678 5336 1957 5400 quomodo
1995 5349 2103 5385 non
2138 5332 2278 5386 foret

704 5423 857 5476 nobis
888 5425 1262 5491 peccatoribus
1276 5440 1440 5478 causa
1472 5425 1861 5488 laztandi;cum
1879 5433 1933 5477 tu
1956 5425 2278 5493 praesertim,

704 5514 794 5582 qui
828 5516 1148 5583 roryplueus
1173 5530 1252 5576 es,
1287 5513 1563 5566 constanti
1608 5513 1792 5567 animo
1842 5512 1941 5577 sis,
1978 5523 2144 5583 atque
2175 5513 2281 5567 huc

702 5608 829 5675 illuc
866 5607 1059 5661 feraris
1114 5622 1210 5675 per
1237 5606 1495 5675 epistolas
1523 5605 1707 5675 plenas
1731 5605 2013 5660 cliaritatis
2051 5615 2104 5661 et
2131 5606 2283 5660 solli-

700 5699 959 5753 citudinis
987 5714 1115 5768 erga
1147 5714 1359 5763 omnes,
1416 5707 1474 5752 ut
1532 5700 1709 5751 virum
1769 5698 2010 5753 divinum
2076 5700 2278 5755 decet?

707 5790 908 5846 Deinde
932 5794 1074 5861 quod
1105 5801 1158 5846 et
1210 5791 1378 5845 frater
1406 5790 1683 5845 Adrianus
1726 5791 2015 5845 incolumis
2033 5793 2280 5861 pervenit

707 5901 879 5953 usque
909 5884 973 5940 ad
1002 5902 1096 5941 eos
1126 5884 1218 5956 qui
1254 5884 1375 5940 istic
1406 5891 1555 5948 sunt,
1590 5882 1702 5955 jam
1734 5899 1865 5939 cura
1900 5884 2058 5939 levati
2082 5900 2276 5942 sumus

2378 5055 2445 5108 δι’
2479 5047 2540 5109 οὗ
2569 5055 2884 5125 οἰκονομίαν
2932 5055 3229 5124 ἡγησάμην
3262 5048 3403 5106 εἶναι
3438 5052 3533 5105 τοῦ
3580 5052 3787 5120 ἀγαθοῦ
3822 5051 3963 5104 Θεοῦ

2378 5149 2535 5219 ἡμῶν
2568 5149 2723 5217 κάγὼ
2752 5151 2781 5202 ὁ
2807 5148 3064 5210 ταπεινὸς
3097 5146 3405 5199 ἐπιστεῖλαί
3434 5163 3539 5210 σοι,
3570 5146 3713 5217 ἱερὸν
3745 5146 3961 5201 τέκνον.

2380 5244 2522 5295 Αύτὸ
2555 5244 2656 5311 μὲν
2684 5239 2777 5295 οῦν
2808 5242 2868 5294 τὸ
2895 5240 3089 5311 μαθεῖν
3111 5241 3278 5309 ἡμᾶς,
3300 5239 3381 5291 ὅτι
3410 5236 3673 5305 ὑγιαίνεις
3700 5241 3796 5291 σὺν
3824 5241 3963 5291 πᾶσι

2379 5339 2493 5398 τοῖς
2526 5335 2889 5405 ὁμολογηταῖς
2920 5334 3017 5388 καὶ
3047 5333 3295 5402 ἀδελφοῖς
3327 5348 3420 5383 σου
3440 5347 3456 5363 ο
3494 5330 3611 5394 πῶς
3642 5328 3800 5401 [Βρε.
3831 5332 3958 5384 cod.

2382 5428 2557 5497 πόσης
2647 5426 2875 5498 χαρᾶς]
2933 5427 3035 5479 οὐκ
3106 5424 3172 5478 ἂν
3240 5420 3353 5476 εἷεν
3408 5423 3541 5493 ἡμῖν
3598 5427 3712 5485 τοῖς
3768 5422 3961 5490 ἀμαρ-

2382 5519 2572 5581 τωλοίς
2617 5521 2791 5590 χαράν
2840 5518 2933 5571 σοῦ
2973 5517 3207 5587 μάλιστα
3256 5515 3353 5567 τοῦ
3397 5514 3827 5585 κορυφαιοτάτου
3872 5513 3963 5563 εύ-

2386 5609 2729 5673 σταθοῦντος,
2760 5610 2856 5662 καὶ
2888 5607 3435 5678 συμπεριφερομένου
3470 5607 3713 5677 τῷλόγῳ
3737 5604 3964 5671 ἀγάπης

2385 5705 2481 5755 καὶ
2529 5704 2811 5773 φροντίδος
2860 5701 3000 5772 πρὸς
3042 5700 3292 5763 ἅπαντας
3339 5699 3692 5771 οεοπρεπῶς;
3730 5698 3963 5748 Ἔπειτα

2384 5797 2466 5848 ὅτι
2496 5795 2591 5847 καὶ
2621 5797 2648 5846 ὁ
2678 5792 2905 5861 ἁδελφὸς
2941 5792 3217 5863 Ἀδριανὸς
3244 5793 3627 5847 ἀποσέσωσται
3664 5788 3829 5859 μέχρι
3853 5787 3962 5839 τῶν

2388 5885 2599 5951 αὐτόθι,
2638 5884 2939 5955 ἀνείθημεν
2978 5886 3077 5954 τῆς
3121 5885 3418 5955 μερίμνης,
3454 5882 3957 5952 εὐχαριστήσαντες
