4164 6492
246 433 396 501 12Ἷ7

1465 436 2008 501 EPISTOLARUM
2052 442 2200 504 LIB.
2245 444 2333 507 II.

3411 456 3551 521 1278

241 555 331 625 τῷ
364 554 586 626 Κυρίῳο
617 557 666 609 εἰ
706 556 799 610 καὶ
842 558 925 612 ὅτι
971 555 1147 609 εἰσαεὶ
1174 553 1263 612 διὰ
1294 553 1388 608 τὸν
1418 555 1649 625 ἀδελφὸν
1688 555 1843 609 Ἐπι-

1956 565 2001 611 et
2032 568 2213 628 grates
2266 557 2498 614 Domino
2551 560 2809 630 egimus:
2858 577 3179 636 quanquam
3221 583 3438 638 semper
3482 578 3554 627 ob

245 650 466 720 φάνιον,
516 649 661 704 καθά
694 651 1082 723 προεδήλωσας
1115 650 1455 721 ἐμμέριμνοί
1499 652 1704 721 ὲσμεν,
1747 650 1847 704 καὶ

248 741 678 813 ὲμπαρἀκευοι
744 743 883 814 πρὸς
936 743 1269 815 πειρασμὸν,
1327 743 1719 814 ὑπονοούμενοι
1777 741 1850 797 τὰ

248 833 613 903 ὑφορμῶντα,
653 834 796 887 κατά
827 834 887 886 τὸ
915 835 1085 899 εἰκός.
1113 835 1263 906 Ὅπη
1311 836 1474 907 δὲ’τῷ
1512 835 1634 907 Θεῷ
1672 834 1850 907 φίλον,

254 925 433 994 ἐχέτω
490 926 665 980 ταῦτα
718 926 812 980 καὶ
879 928 1121 994 ἀγέσθω·
1195 928 1325 996 Τοῖς
1368 929 1647 999 ἀγαπῶσι
1700 928 1853 983 Θεὸν

263 1016 467 1069 πάντα
512 1017 803 1087 συνεργεῖ
823 1020 911 1085 είς
939 1018 1006 1073 τὸ
1035 1020 1293 1089 ἀγαθόν·
1324 1020 1398 1085 ὥς
1432 1038 1598 1090 φησιν
1636 1023 1665 1074 ό
1706 1020 1851 1092 ἱερὸς

258 1109 442 1179 λόγος.
479 1111 769 1175 Τοιούτους
799 1114 967 1183 ἡμᾶς,
992 1113 1209 1184 ἀδελφὲ,
1239 1116 1544 1186 προσεύχου
1570 1115 1848 1183 γενέσθαι’

250 1204 361 1257 κᾶν
391 1207 611 1275 μακράν
640 1205 811 1276 ἐσμεν
838 1206 948 1259 ἀπὸ
977 1206 1114 1260 Θεοῦ
1144 1210 1265 1270 ταῖς
1295 1208 1598 1278 ἁμαρτίαις
1619 1222 1633 1236 ⁸
1668 1206 1761 1261 καὶ
1788 1207 1850 1260 οὐ

252 1298 686 1370 φοϐηθησόμεθα
732 1300 785 1353 τί
836 1302 1118 1370 ποιήσειεν
1162 1304 1297 1373 ἡμῖν
1329 1302 1639 1371 ἄνθρωπος.
1681 1301 1851 1355 Οὐδὲν

248 1388 347 1445 οὖν
377 1393 641 1457 τοιοῦτον,
690 1389 802 1448 οἷον
828 1389 967 1467 ᾖσας
995 1395 1128 1465 ἡμῖν
1158 1394 1521 1463 καταστέφων
1547 1396 1662 1457 τοῖς
1690 1392 1852 1446 ἐπαί-

249 1501 387 1549 νοις,
421 1486 759 1557 ὑπέστημεν.
793 1487 857 1540 Εἰ
888 1487 947 1539 δὲ
976 1488 1072 1541 καί
1106 1504 1158 1540 τι
1187 1486 1387 1551 δεξιὸν,
1411 1486 1549 1540 ἀλλὰ
1574 1484 1668 1539 καὶ
1690 1485 1851 1539 τοῦτο

247 1580 319 1633 δι’
357 1582 504 1651 ὑμᾶς
532 1583 627 1634 καὶ
672 1581 763 1650 ὑφ’
800 1579 991 1650 ὑμῶν’
1038 1582 1162 1643 ταῖς
1210 1580 1397 1651 εὐχαῖς
1433 1577 1851 1649 δυναμωθέντες

249 1672 347 1725 καὶ
391 1672 871 1748 ἀξιωθέντεςκΕῖη
906 1674 1003 1728 καὶ
1028 1673 1167 1743 προς
1194 1671 1257 1725 τὸ
1302 1672 1430 1742 ἑξῆς
1460 1672 1521 1725 τὸ
1556 1671 1706 1735 ἕλεος
1750 1668 1848 1724 τοῦ

251 1766 465 1836 Κυρίου
495 1767 579 1835 ἐφ’
623 1767 774 1837 ἡμᾶς
798 1767 927 1832 τοὺς
955 1767 1232 1832 ἀναξίους.
1267 1765 1485 1837 Ἦσθην
1514 1766 1599 1819 ὅτι
1628 1780 1844 1834 συμπε-

1955 648 2183 705 fratrem
2219 652 2610 722 Epiphaninm,
2664 656 3129 722 quemadmodum
3167 669 3296 713 ante
3330 663 3549 730 signiﬁ-

1956 742 2117 805 casti,
2143 744 2363 798 solliciti
2394 754 2448 799 et
2480 745 2628 799 anxii
2663 763 2855 803 sumus
2878 758 2931 803 et
2962 750 3028 803 ad
3065 752 3419 805 lenlationeni
3454 769 3550 822 pa-

1956 836 2081 900 rati,
2109 835 2360 903 adversa,
2388 849 2447 892 ut
2478 855 2576 909 par
2598 851 2701 903 est,
2734 843 2919 895 animo
2952 854 3369 913 praesumentes.
3405 844 3552 911 Quo-
3624 830 3633 837 ’

1957 942 2175 996 cunque
2207 937 2388 981 autem
2458 928 2622 982 modo
2664 930 2775 985 Deo
2819 932 3060 996 libuerit,
3109 935 3305 988 cedant
3355 937 3456 990 ista
3497 947 3552 991 et

1957 1020 2192 1074 evadant
2224 1039 2239 1080 ;
2280 1022 2630 1090 Diligenlibus
2668 1023 2833 1077 Deum
2858 1026 3038 1079 omnia
3087 1038 3446 1095 cooperantur
3493 1031 3547 1083 in

1956 1111 2150 1166 bonum
2177 1116 2223 1146 "
2248 1155 2263 1179 ,
2297 1124 2355 1169 ut
2382 1117 2537 1171 aiunt
2581 1133 2752 1172 sacra:
2797 1121 3024 1189 pagime.
3058 1120 3217 1176 Tales
3256 1140 3355 1177 nos
3408 1124 3547 1192 fieri,

1955 1202 2145 1269 frater,
2180 1220 2346 1260 exora
2380 1226 2392 1261 :
2424 1223 2739 1277 quanquam
2781 1210 2852 1263 ob
2877 1221 3098 1279 peccata
3157 1215 3396 1281 procula
3438 1215 3548 1270 Deo

1954 1297 2219 1353 absumus
2247 1316 2260 1353 :
2299 1301 2731 1356 mactimebimus
2756 1304 2885 1372 quid
2907 1303 3073 1357 faciat
3094 1306 3253 1359 nobis
3282 1308 3443 1361 homo
3477 1308 3543 1364 ".

1952 1387 2099 1443 Nihil
2176 1391 2364 1461 utique
2420 1396 2530 1448 tale
2596 1395 2836 1464 perpessi
2907 1413 3101 1451 smnus
3161 1401 3323 1469 quale
3398 1416 3548 1456 com-

1953 1487 2300 1551 memorasti,
2333 1485 2588 1542 laudibus
2621 1502 2723 1543 nos
2757 1503 3054 1544 exornans.
3115 1490 3172 1543 Si
3206 1492 3335 1559 quid
3362 1502 3543 1548 autem

1952 1584 2041 1632 est
2064 1576 2291 1648 dignum
2337 1579 2516 1646 laude,
2570 1580 2717 1636 istud
2750 1597 2880 1638 vero
2942 1584 3121 1653 ipsum
3159 1595 3385 1654 prOpter
3438 1603 3539 1642 vos

1952 1677 2009 1724 et
2035 1684 2064 1723 a
2102 1670 2260 1725 vobis
2292 1680 2375 1727 est
2409 1672 2706 1741 :preeibus
2740 1675 2937 1729 vestris
2968 1676 3234 1743 roborati,
3285 1677 3544 1749 digniqne

1953 1761 2124 1817 habiti
2157 1777 2371 1819 sumus.
2402 1762 2624 1818 Utinam
2676 1774 2729 1820 et
2761 1767 3018 1837 deinceps
3065 1767 3331 1823 Dominus
3380 1771 3543 1825 inise-

254 1834 549 1928 ριηνέχθης
578 1834 945 1933 τῇηπατρικίᾳ
967 1862 1023 1913 ὲν
1044 1861 1254 1932 Κυρίῳ,
1275 1861 1369 1914 καὶ
1398 1834 1556 1912 τοῦτο
1575 1859 1643 1912 δι’
1670 1859 1842 1929 ἡμᾶς.

1956 1854 2246 1908 ricordiam
2290 1855 2450 1911 nobis
2498 1855 2626 1911 licet
2679 1857 2919 1926 indignis
2981 1859 3258 1913 exhibeat.
3306 1859 3545 1919 Gavisus

251 1948 365 2001 Kal.
421 1950 529 2019 γὰρ
588 1949 819 2020 κάκείνη
865 1951 999 2004 αὐτὸ
1042 1951 1203 2004 τοῦτό
1258 1967 1348 2022 μοι
1389 1949 1695 2021 δεδήλωκε·
1750 1948 1844 2002 καὶ

252 2043 558 2112 προσετέθη
632 2043 836 2114 μᾶλλον
895 2045 1277 2114 ἀγαθοποιεῖν.
1344 2046 1423 2097 Δι’
1484 2045 1636 2114 ἡμᾶς
1704 2042 1841 2113 ζῇς,

250 2135 483 2205 ἀδελφέ’
515 2136 653 2189 ἀλλά
683 2137 779 2192 καὶ
815 2139 980 2208 ἡμεῖς
1024 2139 1093 2192 δι’
1144 2139 1314 2208 ὑμᾶς.
1352 2138 1444 2206 Μὴ
1478 2134 1728 2207 θαύμαζε
1762 2136 1844 2189 ὅτι

251 2228 689 2299 κορυϐαντιῶσιν
729 2232 779 2284 οἱ
815 2231 1273 2303 Χριστοδιῶκται,
1324 2231 1447 2302 μηδ’
1476 2230 1558 2284 ὅτι
1590 2228 1844 2299 ἀνέχεται

251 2322 516 2392 Χριστός.
550 2325 643 2377 Δετ
668 2324 851 2379 πάντα
897 2325 1255 2396 τελεσθῆναν
1302 2325 1392 2379 ίνα
1423 2325 1519 2379 καὶ
1549 2325 1598 2378 οἱ
1627 2324 1845 2394 δόκιμοι

252 2416 627 2487 φανερώτεροι
671 2418 1030 2489 ὲκλάμψωσι·
1077 2421 1175 2473 καὶ
1211 2421 1262 2473 οἱ
1295 2421 1629 2490 ἀνομοῦντες
1663 2418 1847 2472 τέλεον

252 2506 589 2559 ἁποτίσωσιν
632 2501 707 2561 ὧν
752 2510 1081 2579 εἰργάσαντο
1133 2509 1233 2581 τὴν
1293 2508 1666 2579 ἀντιμισθίαν.
1717 2510 1849 2562 Ἀπ-

254 2597 500 2652 έσταλκά
522 2616 603 2651 σοι
628 2598 981 2669 βιϐλιδάκιον,
1012 2600 1106 2652 καὶ
1128 2598 1395 2671 τετράδας
1416 2599 1846 2669 δεκατέσσαρας·

254 2689 343 2758 ἐφ’
375 2684 455 2751 οἷς
497 2691 606 2742 εἱσι
654 2689 802 2758 λόγοι
836 2692 932 2745 καὶ⁸
982 2692 1086 2762 βίοι
1119 2692 1228 2745 τῶν
1269 2692 1517 2760 ἀδελφῶν
1548 2692 1850 2763 ἐμμέτροις

257 2780 467 2851 στίχοις
487 2796 500 2809 ·
531 2782 677 2853 ειπερ
708 2782 978 2851 ἀναγνοὺς
1022 2782 1182 2846 αὐτός
1214 2799 1272 2836 τε
1310 2781 1405 2836 καί
1437 2799 1587 2846 τινες
1611 2781 1722 2836 τῶν
1761 2800 1851 2835 πι-

255 2874 403 2927 στῶν
458 2875 729 2943 ἀδελφῶν,
787 2875 1048 2944 ἀσφαλῶς
1094 2874 1470 2947 κατάκρυψον.
1532 2874 1699 2929 Οὐδὲν
1756 2870 1850 2928 οὖν

257 2967 420 3029 ποιῶ,
451 2968 670 3037 ἁδελφὲ,
698 2968 849 3035 ἄξιον
880 2968 1043 3037 λόγου
1062 2985 1076 2999 ’
1106 2968 1222 3021 ἀλλ’
1252 2969 1443 3040 ἐπειδὴ
1467 2969 1734 3040 εὐκαιρῶ,
1755 2968 1853 3022 καὶ

257 3061 449 3131 ἐπειδὴ
484 3062 757 3131 νύσσομαι
818 3062 894 3125 ὼς
941 3062 1047 3116 ὑπὸ
1094 3061 1189 3115 τοῦ
1241 3063 1400 3130 ἁγίου
1452 3080 1553 3132 μου
1601 3063 1848 3132 Πατρός’

259 3153 481 3206 ἀκούων
526 3171 584 3206 τε
640 3155 805 3208 πάλιν
869 3155 966 3208 τοῦ
1012 3155 1157 3209 θείου
1212 3154 1429 3210 Παύλου
1481 3154 1733 3223 λέγοντος
1771 3156 1851 3226 τῷ

257 3247 405 3317 ἁγίῳ
439 3246 719 3319 Τιμοθέῳ·
753 3248 850 3314 Μὴ
878 3248 1088 3318 ἀμέλει
1117 3249 1223 3302 τοῦ
1242 3249 1315 3302 ἐν
1335 3249 1435 3303 σοί
1456 3248 1851 3319 χαρίσματοςο
1882 3226 1924 3281 C

260 3341 341 3403 ὡς
391 3341 609 3407 ἀνάξιος
662 3340 804 3411 μετά
843 3342 1007 3411 φόϐου
1060 3342 1155 3396 καὶ
1204 3344 1410 3413 τρόμου
1444 3343 1584 3395 ποιῶ
1614 3342 1652 3396 ἃ.
1689 3339 1850 3396 ποιῶ.

261 3434 370 3486 Τὸν
400 3433 632 3505 ἀδελφὸν
662 3434 990 3490 Ἀθανάσιον
1026 3443 1124 3490 σὺν
1157 3436 1235 3507 τῷ
1262 3437 1650 3507 παροικονόμῳ
1680 3437 1855 3489 ἄσπα-

264 3541 378 3578 σαι.
421 3526 485 3578 Ei.
532 3528 628 3579 καὶ
690 3528 927 3599 ἔγραψα,
987 3528 1063 3594 ὡς
1113 3530 1195 3582 ὅτι
1245 3528 1495 3601 εἰσῆλθεν
1550 3531 1580 3583 ὁ
1625 3527 1854 3597 ἀδελφὸς

276 3617 562 3689 Ἀδριανὸς
583 3662 597 3685 ,
633 3621 845 3689 ἀγνοῶν
879 3617 1063 3674 εἷπον⁸
1102 3621 1330 3691 ὓστερον
1375 3621 1561 3692 μαθὼν
1589 3622 1671 3673 ὅτι
1699 3620 1854 3675 οὔπω

263 3712 501 3779 ἔφθασεν
557 3713 724 3784 ἡνίκα
790 3715 1129 3777 ἐπέστειλας.
1197 3714 1255 3767 Ὀ
1304 3713 1532 3783 ἀδελφὸς
1583 3714 1850 3778 Νικόλαος

264 3804 498 3858 πλεῖστά
549 3823 608 3858 σε
656 3806 1098 3877 προσαγορεύει,
1150 3806 1467 3877 αἰδούμενος
1497 3806 1623 3869 τοὺς
1656 3805 1849 3874 λόγους

266 3915 385 3950 σου.
446 3899 505 3951 '0
549 3899 755 3969 Κύριος
802 3903 943 3970 μετὰ
971 3899 1066 3954 τοῦ
1094 3899 1410 3971 πνεύματός
1455 3898 1850 3968 σου,.ἀδελφό-

267 4007 465 4046 πατεο.

642 4262 760 4318 EB’.
794 4294 854 4307 —
879 4263 1250 4334 Κατήχησις.
1292 4263 1488 4339 [υλς’.]

1949 1963 2067 2001 sum
2085 1946 2228 2017 quod
2261 1963 2384 2002 cum
2416 1949 2645 2018 patricia
2673 1951 2905 2003 comiter
2928 1951 2979 2003 in
3010 1950 3243 2004 Domino
3268 1961 3323 2006 et
3368 1953 3547 2008 indul-

1946 2050 2134 2108 genter
2162 2041 2358 2111 egeris,
2390 2042 2556 2111 idque
2590 2052 2815 2112 pr0pter
2844 2059 2969 2098 nos.
3004 2041 3141 2097 Nam
3184 2054 3238 2098 et
3282 2046 3371 2099 illa
3412 2046 3547 2102 mihi

1948 2132 2092 2187 istud
2115 2133 2291 2203 ipsum
2312 2135 2638 2204 significavit
2662 2154 2675 2189 :
2701 2137 3053 2207 decrevitque
3078 2138 3201 2207 plus
3226 2139 3387 2194 solito
3412 2140 3547 2195 bene

1947 2224 2159 2281 facere.
2187 2225 2415 2297 Propter
2458 2245 2556 2282 nos
2586 2229 2745 2294 vivis,
2780 2229 2985 2284 frater:
3028 2233 3123 2286 sed
3154 2242 3207 2285 et
3262 2248 3362 2286 nos
3391 2247 3545 2304 teque

1948 2328 2175 2389 propter
2234 2334 2355 2374 vos.
2414 2319 2536 2375 Noli
2585 2322 2771 2376 mirari
2835 2322 2982 2393 quod
3042 2322 3246 2378 Christi
3290 2339 3545 2393 perseeu-

1948 2418 2093 2463 tores
2147 2410 2449 2477 insaniant,
2482 2421 2577 2466 aut
2617 2413 2766 2482 quod
2826 2413 3082 2469 Christus
3132 2416 3330 2470 tacitus
3380 2414 3541 2472 ferat.

1949 2498 2377 2567 Oportetomnia
2391 2506 2761 2566 consummari
2779 2507 2844 2570 “,
2863 2515 2923 2560 ut
2941 2507 3032 2576 qui
3058 2507 3269 2577 probati
3289 2519 3416 2563 sunt
3438 2524 3526 2564 ma

1955 2592 2216 2648 nifestius
2254 2593 2521 2664 fulgeant,
2545 2607 2600 2651 et
2631 2597 2802 2667 iniqui
2828 2598 3049 2654 tandem
3086 2615 3273 2655 eorum
3300 2618 3421 2671 qua:
3444 2618 3543 2672 pa-

1954 2686 2152 2741 trarint
2173 2689 2561 2756 pinnas-luant.
2582 2689 2702 2745 Misi
2729 2692 2793 2745 ad
2817 2702 2865 2746 te
2889 2692 3131 2746 libellum
3159 2703 3214 2748 et
3233 2695 3543 2764 quaternio-

1956 2794 2056 2833 nes
2090 2782 2527 2848 quatuordeeim,
2552 2782 2604 2837 in
2629 2785 2830 2853 quibus
2852 2794 2980 2838 sunt
3004 2800 3306 2849 sermones,
3332 2796 3385 2841 et
3409 2784 3544 2844 Vitae

1954 2873 2183 2928 fratrum
2221 2876 2449 2929 metrico
2475 2879 2719 2932 carmine
2753 2897 2767 2933 :
2805 2893 2927 2948 quae
2979 2895 3103 2934 cum
3140 2889 3193 2935 tu
3247 2880 3459 2951 legeris,
3490 2892 3544 2938 et

1954 2981 1985 3019 e
2024 2966 2145 3020 tidis
2203 2966 2468 3022 fratrilms
2518 2970 2799 3035 nonnulli;
2858 2971 3143 3040 diligenter
3200 2972 3538 3028 abscondito.

1954 3060 2105 3116 Nihil
2140 3064 2397 3133 equidem
2441 3078 2566 3132 ago,
2610 3062 2797 3127 frater,
2846 3064 2992 3131 quod
3024 3062 3189 3117 ullius
3234 3064 3386 3131 pretii
3435 3064 3537 3118 sit:

1958 3156 2053 3209 sed
2092 3156 2353 3225 quoniam
2385 3156 2516 3208 milii
2558 3156 2799 3225 suppetit
2829 3156 3003 3209 otium
3030 3195 3044 3221 ,
3083 3170 3148 3210 ac
3178 3155 3340 3210 veluti
3370 3156 3511 3211 exsti

1958 3247 2138 3300 mulor
2172 3262 2201 3300 a
2236 3256 2427 3301 saneto
2468 3246 2625 3301 l’atre
2654 3262 2800 3312 meo,
2830 3262 3164 3317 rursumque
3205 3247 3369 3302 audio
3400 3248 3540 3301 divi-

1959 3356 2089 3394 num
2124 3339 2352 3393 Paulum
2384 3341 2449 3394 ad
2491 3351 2741 3395 sanctum
2801 3341 3152 3396 Timotheum
3195 3341 3269 3395 ita
3297 3340 3539 3395 scriben-

1957 3443 2064 3487 tem
2102 3450 2114 3486 :
2153 3432 2283 3486 Noli
2320 3434 2578 3504 negligere
2609 3434 2839 3504 gratiam
2870 3450 2986 3504 qua:
3016 3435 3067 3487 in
3122 3443 3168 3487 te
3196 3441 3271 3486 εει
3308 3433 3352 3465 ⁸⁸
3382 3450 3396 3499 ;
3424 3442 3540 3486 tan-

1958 3542 2123 3595 quam
2166 3526 2422 3596 indignus
2450 3541 2573 3580 eum
2607 3526 2805 3580 timore
2834 3541 2899 3580 ac
2948 3536 3185 3581 tremore
3227 3526 3366 3581 facio
3417 3540 3537 3595 qua?

1958 3616 2122 3669 facio.
2184 3615 2429 3670 Fratrem
2466 3617 2832 3671 Athanasium
2866 3632 2993 3671 eum
3030 3619 3304 3672 (economi
3334 3618 3536 3671 vicario

1957 3711 2155 3764 saluta.
2194 3707 2261 3761 Et
2289 3709 2332 3762 si
2358 3708 2551 3777 scripsi
2594 3710 2818 3761 fratrem
2874 3707 3177 3762 Adrianunt
3210 3710 3312 3762 iter
3355 3705 3537 3762 confe-

1956 3803 2121 3865 cisse,
2177 3803 2435 3871 ignorans
2509 3801 2670 3855 dixi:
2719 3803 3073 3871 postmodum
3115 3802 3352 3856 intellexi
3410 3816 3534 3856 eum

1957 3896 2202 3949 nondum
2233 3894 2549 3964 pervenisse
2585 3908 2711 3948 cum
2740 3894 2807 3947 ad
2866 3910 2952 3948 me
3003 3895 3296 3965 scripsisti.
3346 3892 3537 3947 Frater

1956 3984 2214 4041 Nicolaus
2236 3987 2526 4055 plurimam
2552 3986 2784 4040 salutem
2815 3986 3380 4051 dicit,ae.sermones
3412 3994 3535 4036 tuos

1962 4081 2256 4136 admodum
2286 4089 2587 4135 reveretur.
2611 4078 2878 4134 Dominus
2910 4094 3036 4133 cum
3062 4078 3259 4148 spiritu
3290 4088 3405 4143 tuo,
3435 4074 3538 4128 fra-

1962 4182 2047 4229 ter
2095 4174 2169 4229 nii
2207 4189 2271 4228 ac
2299 4184 2471 4245 pater.

2452 4263 3014 4321 LXll.——Catechesis.

768 4358 808 4409 E
832 4357 1125 4419 Smyrnensi
1150 4373 1375 4421 carcere,
1401 4362 1653 4424 dispersos
1680 4361 1858 4413 fratres
1888 4376 2007 4413 suos
2032 4362 2338 4413 cohortatur.
2375 4360 2577 4423 (Baron.
2605 4373 2687 4408 an.
2709 4358 2820 4418 8l9,
2840 4372 2891 4407 n.
2919 4357 3024 4420 22.)

347 4438 545 4511 Πρὼην
595 4441 725 4511 ὑμῖν
785 4441 846 4507 ἐξ
905 4442 1264 4496 Ἀνατολικῶν
1318 4446 1853 4515 ἀναγινωσκόμενος,

271 4531 371 4587 νῦν
391 4535 501 4587 ἀπὺ
521 4534 854 4605 Θρᾳκησίων
883 4535 1266 4605 ὲπιφαίνομαι.
1290 4537 1375 4590 Ἐν
1403 4538 1513 4607 γὰρ
1542 4539 1607 4607 τῇ
1632 4537 1853 4610 Σμύρνῃ

276 4627 655 4699 μεθωρισαντο
695 4630 845 4699 ἡμᾶς
882 4630 933 4683 oi
968 4630 1230 4701 ἄρχοντες
1266 4628 1361 4683 τοῦ
1400 4631 1597 4694 αἰῶνος
1625 4630 1851 4685 τούτου³

274 4722 369 4775 καὶ
398 4720 601 4793 μᾶλλον
642 4722 741 4791 τῆς
768 4722 1046 4792 προτέρας
1073 4721 1324 4791 φυλακῆς
1350 4722 1758 4793 ἀσφαλέστερόν
1792 4738 1854 4775 τε
1888 4755 1933 4812 D

275 4813 371 4865 καὶ
421 4811 945 4884 πειραστικώτερον.
995 4814 1149 4866 Ἀλλ’
1179 4812 1211 4866 ὁ
1242 4814 1425 4881 ,λόγος
1458 4814 1565 4866 τοῦ
1600 4812 1749 4867 Θεοῦ
1784 4816 1857 4869 οὐ

274 4905 512 4959 δέδεται
533 4920 546 4935 ’
577 4906 688 4959 οὐδ’
716 4908 745 4959 ό
768 4906 931 4966 πόθος
962 4906 1198 4975 ἠρεμεῖ,
1238 4905 1357 4958 οὐδὲ
1386 4907 1417 4975 ή
1454 4906 1645 4976 ἐντολὴ
1680 4922 1861 4975 παρα-

278 5000 484 5069 σιωπᾷ.
535 4999 637 5052 Διά
685 4998 843 5052 τοῦτο
896 4999 925 5050 ὁ
972 4998 1231 5061 ταπεινὸς
1292 4998 1456 5052 πάλιν
1509 4997 1856 5067 φθέγγομαιο

276 5093 510 5162 Χαίρετε
544 5095 603 5146 ὲν
627 5092 838 5163 Κυρίῳ,
868 5091 1111 5161 Πατέρες
1139 5092 1233 5144 καὶ
1260 5090 1500 5158 ἀδελφοὶ,
1524 5090 1770 5161 χαίρετε,
1809 5091 1859 5142 οί

275 5184 627 5255 δεδιωγμένοι
654 5185 840 5237 ἕνεκεν
870 5182 1217 5253 δικαιοσύνης
1235 5198 1249 5211 ’
1270 5182 1514 5254 χαίρετε,
1544 5183 1593 5234 οἱ
1624 5185 1680 5234 ὲν
1708 5181 1861 5252 δρεσι

280 5278 375 5330 καὶ
428 5277 716 5347 σπηλαίοις
756 5276 1193 5347 ἐνδιαιτώμενοι·
1238 5276 1374 5330 ἀλλὰ
1419 5276 1526 5347 μὴν
1561 5277 1656 5329 καὶ
1709 5278 1758 5329 οἱ
1803 5276 1861 5329 ὲν

282 5370 493 5432 πόλεσι,
536 5370 633 5422 κα)⁸
688 5370 1120 5440 ὲρημικωτέροις
1166 5370 1356 5431 τόποις
1396 5369 1859 5441 κρυπταζόμενοι.

282 5463 346 5514 El
392 5460 503 5531 γὰρ
562 5462 792 5513 πάντοτε
844 5461 957 5514 δεῖν
1003 5463 1150 5531 ἡμᾶς
1198 5463 1412 5531 χαίρειν
1461 5462 1863 5530 ἐπιτέτραπται

283 5555 438 5627 παρά
478 5553 556 5625 τῷ
592 5554 935 5626 ’Δποστόλῳ·
986 5557 1137 5609 πόσω
1168 5574 1231 5624 γε
1266 5556 1465 5627 μᾶλλον
1506 5558 1651 5627 ἄρτι,
1698 5557 1863 5609 ὁπότε

285 5651 427 5719 ὑπερ
474 5648 711 5718 Χριστοῦ
743 5648 814 5701 τὰ
858 5648 1160 5719 παθήματα
1192 5649 1287 5702 τοῦ
1329 5648 1743 5719 ὲγγᾳιφομένου
1784 5648 1862 5719 τῷ

285 5741 481 5794 πίνακι
502 5752 519 5770 ⁸
553 5736 647 5791 τοῦ
678 5739 1082 5809 ὲμφαινομένου
1124 5740 1183 5791 ἐν
1224 5741 1291 5809 τῇ
1322 5738 1498 5810 οἰκείᾳ
1531 5738 1735 5791 εἰκόνι·
1766 5737 1864 5791 τοῦ

360 5853 407 5884 ⁸⁸
443 5852 600 5907 Rom.
633 5868 750 5915 \‘lll,
781 5850 873 5906 28.
948 5853 994 5885 “
1023 5853 1167 5908 Psal.
1220 5868 1363 5908 cxvn
1390 5893 1405 5918 ,
1439 5854 1493 5909 6.
1569 5850 1614 5885 “
1645 5852 1667 5906 l
1734 5851 1862 5908 Cor.
1896 5867 1975 5920 χι,
2007 5851 2095 5908 19.

292 5924 337 5957 ⁸⁷
357 5923 542 5979 Matth.
580 5941 662 5992 In,
696 5924 783 5979 10.
858 5923 904 5957 ⁸⁸
930 5922 950 5977 Ι
976 5923 1172 5981 Thess.
1194 5939 1246 5987 v,
1277 5925 1361 5979 16.

2033 4446 2218 4517 Nuper
2269 4461 2300 4500 a
2331 4444 2484 4499 vobis
2513 4444 2686 4498 lectus
2714 4458 2779 4496 ex
2809 4440 3054 4505 Oriente,
3092 4456 3240 4496 nunc
3268 4456 3332 4495 ex
3364 4441 3538 4495 Thra-

1961 4539 2045 4595 cia
2113 4539 2384 4593 advenio.
2446 4536 2734 4607 Smyrnam
2776 4534 2922 4589 enim
2987 4547 3087 4589 nos
3148 4535 3539 4590 transtulerunt

1962 4633 2239 4702 principes
2290 4630 2478 4685 saeculi
2524 4629 2711 4697 hujus,
2751 4637 2805 4681 et
2837 4626 3044 4681 arctius
3082 4642 3241 4696 quam
3288 4627 3339 4680 in
3371 4626 3536 4697 priori

1962 4737 2181 4777 carcere
2235 4721 2591 4787 severiusque
2652 4717 2991 4772 custodiunt.
3042 4714 3145 4769 Sed
3180 4718 3388 4769 verbum
3442 4714 3538 4767 Dei

1962 4830 2065 4868 non
2094 4795 2191 4867 est
2222 4813 2503 4883 alligatum
2533 4811 2579 4841 “
2608 4848 2624 4873 ,
2661 4823 2761 4864 nec
2816 4810 3047 4877 quiescit
3096 4825 3270 4875 amor,
3304 4823 3403 4862 nec
3462 4807 3539 4860 si-

1960 4908 2035 4962 let
2070 4907 2409 4961 mandatum.
2452 4903 2743 4972 Propterea
2780 4901 3002 4956 humilis
3043 4902 3239 4956 iterum
3305 4902 3534 4965 loquor:

1965 4998 2208 5054 Gaudete
2236 4998 2288 5050 in
2324 4995 2577 5059 Domino,
2609 4993 2799 5047 Patres
2830 5002 2883 5046 et
2910 4991 3105 5046 fratres
3140 5009 3153 5044 :
3189 4993 3417 5059 gaudete
3444 4987 3537 5057 qui

1962 5092 2398 5164 persecutionem
2432 5099 2653 5157 propter
2671 5086 2944 5155 justitiam
3002 5086 3245 5153 patimini
3283 5082 3325 5114 δ’
3356 5099 3368 5135 :
3404 5094 3536 5150 gau-

1964 5186 2086 5239 dete
2138 5182 2231 5251 qui
2258 5181 2311 5234 in
2336 5178 2617 5233 montibus
2642 5187 2695 5231 et
2733 5176 3011 5245 speluncis
3060 5173 3389 5229 versamini:
3441 5170 3534 5224 sed

1960 5285 2016 5331 et
2058 5275 2151 5345 qui
2186 5277 2239 5327 in
2269 5274 2518 5335 urbibus,
2553 5279 2607 5325 et
2636 5270 2728 5340 qui
2766 5268 3161 5324 desertioribus
3195 5268 3249 5319 in
3288 5265 3420 5319 locis
3438 5265 3536 5317 ab-

1961 5370 2059 5424 diti
2104 5370 2301 5423 latetis.
2353 5367 2408 5421 Si
2428 5367 2573 5421 enim
2605 5380 2821 5434 semper
2850 5362 3083 5434 gaudere
3128 5375 3228 5414 nos
3285 5366 3536 5427 oportere

1964 5462 2177 5517 monuit
2208 5462 2506 5530 Apostolus
2534 5461 2579 5491 ⁵⁸
2612 5467 2859 5529 ;quanto
2891 5456 3062 5525 inagis
3088 5469 3235 5508 nunc
3268 5468 3392 5506 cum
3438 5465 3535 5521 pro

1962 5554 2182 5609 Christo
2217 5552 2485 5622 patimini,
2518 5553 2609 5621 qui
2649 5551 2701 5609 in
2742 5548 2920 5602 tabula
2950 5547 3196 5614 depictus
3236 5552 3338 5605 est,
3362 5543 3453 5611 qui
3482 5541 3537 5594 in

1964 5648 2201 5716 imagine
2251 5661 2348 5701 sua
2377 5646 2640 5707 cernitur,
2696 5641 2790 5709 qui
2849 5654 2943 5707 per
2996 5652 3119 5690 eam
3190 5632 3538 5687 honoratur?

1964 5738 2084 5793 Non
2132 5751 2251 5792 mea
2294 5744 2423 5792 sunt
2468 5733 2656 5789 miseri
2699 5730 2938 5786 hominis
2984 5729 3100 5782 haec
3151 5728 3361 5785 verba;
3400 5726 3539 5780 Dio-

2208 5846 2474 5903 "ITim.
2532 5859 2624 5910 tv,
2683 5842 2769 5898 ﬂ.
2882 5842 2928 5874 “
2979 5841 3021 5896 ll
3069 5839 3214 5895 Tim.
3299 5853 3361 5895 tt.
3432 5837 3467 5893 9
