4164 6520
647 434 788 500 1279

1836 433 1899 496 S.
1937 434 2337 499 THEODORI
2381 432 2731 497 STUDI'M!

3790 423 3931 491 1280

639 546 783 617 uysii
811 542 1205 613 sapientissimi
1239 552 1390 607 sunt,
1424 552 1479 597 et
1517 541 1701 612 magni
1734 540 1946 599 Basilii.
1977 543 2087 599 Nec
2114 543 2227 615 jam

2352 542 2650 613 ξιμωμένου
2680 540 2750 595 δι’
2780 539 2991 611 αὑτῆς;
3035 537 3129 609 Μὴ
3157 539 3268 612 γὰρ
3305 537 3418 610 ἐμὰ
3443 537 3514 592 τὰ
3563 538 3793 609 ῥήματα
3832 553 3928 589 του

636 646 855 706 tempus
883 647 967 691 est
994 637 1223 693 aliorum
1253 647 1571 691 sanctorum
1595 637 1897 692 sententias
1928 638 2013 692 his
2036 638 2231 694 litteris

636 744 930 798 apponere.
965 730 1128 789 Audi,
1156 730 1363 791 caelum,
1387 740 1434 782 et
1464 728 1685 783 auribus
1734 731 1961 800 percipe,
1992 740 2133 785 terra
2160 731 2229 785 ⁶⁹.

639 819 799 875 Moab
828 822 1052 890 sprevit,
1085 820 1384 893 Byzantina
1456 822 1630 892 regio.
1686 824 1898 879 scilicet
1948 824 2235 895 Evangeli-

636 928 761 968 cum
794 913 980 982 iugum
1016 915 1262 968 excussit
1292 930 1306 977 ;
1344 916 1492 969 velut
1525 916 1695 970 vitula
1722 918 2022 981 insaniens,
2064 918 2233 974 babe-

639 1018 740 1058 nas
768 1003 1109 1061 detrectavit.
1144 1004 1275 1062 V'ias
1306 1016 1429 1062 tuas
1463 1010 1607 1064 scire
1642 1010 1791 1077 nolo,
1825 1010 1983 1066 factis
2021 1012 2235 1067 verbis-

639 1110 747 1163 que
798 1097 1177 1164 pronuntiavit
1211 1100 1258 1130 "
1296 1138 1309 1151 .
1351 1100 1727 1172 Corybantum
1794 1118 1946 1159 more
2003 1106 2231 1176 agitur:

640 1189 847 1242 insanit
880 1192 1243 1261 :sanguinem
1276 1192 1415 1247 bibit
1442 1202 1503 1249 ut
1544 1195 1715 1250 leaena
1742 1212 1758 1251 :
1804 1206 1864 1252 ut
1888 1198 2044 1269 aspis
2072 1214 2236 1256 aures

640 1281 899 1338 obturat:
933 1285 1267 1353 reprehensa
1300 1285 1627 1342 reluctatur.

712 1562 875 1618 Venit
934 1562 1000 1617 ad
1046 1577 1169 1618 eam
1210 1578 1317 1618 vox
1390 1562 1812 1619 commonitoria
1874 1563 2240 1619 velutectelo

644 1657 840 1717 missa,
888 1671 920 1711 a
960 1671 1243 1727 supremo,
1274 1672 1303 1710 a
1344 1657 1592 1711 ltutnano
1638 1656 2046 1722 thronozouid
2106 1656 2241 1712 feci-

643 1749 714 1803 sti
751 1748 773 1801 ?
802 1748 1092 1815 clamans;
1126 1747 1405 1803 Christum
1450 1748 1681 1819 negasti,
1710 1747 1912 1805 Christi
1968 1754 2242 1821 abrogans

646 1837 963 1908 imaginem;
998 1837 1261 1907 Deiparae,
1289 1848 1343 1893 et
1392 1850 1707 1893 sanctorum
1757 1839 2029 1894 omnium.
2077 1843 2244 1911 Aperi

2333 634 2579 706 οἰκτροῦ·
2610 633 2893 688 Διονυσίου
2921 633 3016 687 τοῦ
3046 632 3352 703 πανσόφου,
3383 632 3477 686 καὶ⁵
3511 629 3801 684 Βασιλείου
3835 628 3928 682 τοῦ

2338 727 2603 799 μεγάλου.
2638 727 2746 779 Καὶ
2766 725 2921 779 οὔπω
2954 728 3145 796 καιρὸς
3184 726 3294 779 τῶν
3322 724 3498 778 ἄλλων
3523 721 3805 793 θεοφόρων
3831 722 3932 785 τὰς

2337 822 2567 892 χρήσεις
2593 821 2837 887 εἰσάγειν
2867 820 2924 871 ὲν
2953 820 3088 889 τῷδε
3115 820 3191 889 τῷ
3217 820 3527 891 γράμματι.
3559 819 3796 880 Ἄκουε,
3826 818 3932 869 οὺ-

2327 914 2499 983 ρανέ.
2520 915 2618 968 καί
2644 912 2942 975 ἐνωτίζου,
2976 911 3069 981 γῆ.
3100 913 3274 967 Μωὰῦ
3296 912 3581 981 ἡθέτησεν,
3602 912 3636 979 ή
3662 909 3934 974 Βυζαντὶς

2338 1007 2613 1077 δηλονότι*
2665 1006 2757 1059 τὸν
2800 1004 3158 1073 εὐαγγελικὸν
3202 1006 3367 1073 ζυγὸν
3424 1004 3795 1058 ἀπεσείσατο·
3859 1002 3932 1064 ὡς

2338 1102 2574 1170 δάμαλις
2606 1098 2995 1171 παροιστρῶσα
3024 1098 3351 1168 ὴφηνίασεν.
3387 1096 3572 1161 Ὀδούς
3601 1114 3695 1150 σου
3728 1095 3935 1148 ειδέναι

2336 1195 2396 1247 οὐ
2427 1192 2707 1262 βούλομαι.
2728 1188 3134 1264 πραγματικῶς
3159 1205 3220 1242 τε
3253 1188 3350 1242 καὶ
3365 1188 3604 1255 λογικῶς
3640 1187 3934 1257 ἀπεφθέγ-

2341 1284 2491 1350 ξατο.
2553 1282 2933 1354 Κορυσαντιᾷ,
2971 1281 3250 1353 μαίνεται,
3285 1282 3578 1350 αἰμοποτεῖ
3599 1280 3678 1344 ὡς
3701 1280 3935 1333 λέαινα*

2339 1377 2416 1442 ὡς
2462 1376 2631 1439 ἀσπὶς
2676 1373 2802 1447 μύει
2848 1373 2949 1439 τὰς
2997 1372 3191 1438 ἀκοὰς,
3251 1372 3589 1443 ὲλεγχομένη
3634 1371 3942 1425 ἀποτινάσ-

2342 1485 2519 1522 σεται.

2412 1556 2592 1616 Ἧκεν
2619 1560 2757 1631 αὐτῇ
2798 1559 2951 1630 φωνή
2995 1556 3382 1629 ὕπομνηστικὴ
3422 1555 3500 1620 ὡς
3528 1556 3623 1611 ἀπ’
3669 1554 3938 1625 οὐρανοῦ,

2342 1657 2407 1710 εκ
2433 1655 2529 1710 τοῦ
2565 1656 3021 1728 κορυςραιοτάτου,
3056 1654 3121 1707 ὲκ
3150 1652 3246 1705 τοῦ
3259 1650 3575 1723 Ῥωμαϊκοῦ
3601 1649 3802 1721 θρόνου
3823 1664 3838 1677 ·
3870 1648 3940 1701 Τί

2342 1749 2663 1819 πέπραχαςς
2719 1747 2917 1819 βοῶσα.
2955 1745 3190 1818 Χριστὸν
3232 1745 3503 1817 ἧρνησαι,
3544 1742 3790 1813 Χριστοῦ
3838 1742 3941 1811 τὴν

2343 1840 2533 1894 εἰκόνα
2566 1838 2858 1904 ἁθετοῦσα,
2895 1838 2995 1909 τῆς
3010 1837 3301 1901 Θεοτόκου,
3330 1836 3441 1889 τῶν
3472 1834 3693 1889 πάντων
3723 1834 3927 1903 ἁγίων.

646 1932 990 1987 obedientem
1016 1947 1225 1996 aurem,
1248 1931 1375 1987 audi
1404 1932 1738 2003 evangelica,
1765 1932 2088 2003 apostolica,
2123 1948 2247 2004 pro-

2354 1931 2599 1997 Ἀνοιξον
2624 1932 2855 2001 εὐήκοον
2878 1927 2972 1994 οῦς
2989 1946 3005 1961 ο
3022 1929 3278 1983 ἐνώτισαι
3300 1929 3492 1998 λόγους
3514 1926 3937 1995 εὑαηελικοῦς.

648 2026 888 2095 phetica,
920 2036 1142 2095 paterna
1203 2023 1493 2079 verba..Et
1528 2040 1637 2080 non
1682 2024 1928 2088 admisit,
1964 2041 2074 2080 non
2115 2042 2240 2081 sus-

647 2122 792 2192 cepit
817 2121 945 2175 :sed
972 2120 1210 2174 avellens
1242 2119 1476 2188 seipsant
1508 2134 1539 2173 a
1575 2119 1729 2188 quini
1760 2120 1982 2175 verticis
2009 2136 2241 2190 corpore

652 2215 950 2281 Ecclesiae;
983 2213 1428 2284 quandoquidem
1482 2213 1787 2267 etiamnum
1825 2212 1959 2268 vivit
1996 2224 2052 2268 et
2077 2212 2240 2269 Nice-

652 2308 862 2377 phorus
888 2320 1077 2373 sacer;
1117 2305 1382 2360 adversus
1420 2306 2063 2377 Deuuuomuipotcntem
2116 2322 2242 2362 cer-

651 2401 801 2455 vices
852 2399 1031 2469 erigit,
1066 2398 1288 2454 Christo
1335 2399 1627 2462 insultans,
1674 2410 1864 2453 saneta
1890 2400 2239 2470 proculcans.

652 2491 807 2547 Talia
854 2500 984 2547 Sunt
1056 2490 1177 2561 ejus
1246 2490 1515 2558 facinora,
1559 2507 1593 2546 ο
1640 2493 2119 2548 desideratissimi.
2178 2492 2245 2549 Et

654 2587 941 2641 nobiscum
975 2585 1135 2649 Dens,
1167 2584 1382 2648 Oriens,
1410 2584 1698 2650 Occidens,
1733 2587 1951 2657 Aquilo,
1981 2603 2152 2641 mare.
2181 2589 2242 2643 ln

658 2678 744 2733 his
773 2679 1027 2749 gaudium
1056 2696 1069 2733 :
1100 2678 1183 2733 sin
1212 2678 1392 2734 luctus
1421 2678 1609 2745 etiam,
1643 2690 1863 2749 propter
1886 2695 1983 2735 eos
2002 2679 2094 2748 qui
2116 2694 2243 2749 per-

655 2780 809 2826 eunt.
858 2771 971 2841 Age
1006 2786 1136 2841 ergo
1167 2779 1308 2825 state
1338 2770 1527 2837 fortes,
1570 2773 1741 2842 gratis
1785 2772 1985 2827 animis
2016 2773 2117 2829 has
2145 2786 2245 2843 pro

658 2862 878 2917 Christo
935 2878 1241 2928 aerumnas,
1290 2864 1448 2934 quasi
1513 2865 1837 2929 thesauros,
1887 2866 2242 2935 abripientes.

658 2956 835 3022 Quam
891 2965 1260 3028 opportunum
1311 2968 1527 3030 tempus
1577 2961 1952 3025 certantibus,
2006 2961 2249 3015 suaviter

661 3050 904 3119 spirans,
956 3051 1253 3121 unguentis
1302 3052 1717 3106 tribulationum
1776 3051 2027 3122 fragrans
2081 3068 2249 3121 supra

661 3145 847 3198 otnnia
883 3144 1169 3197 aromata!
1202 3142 1348 3197 Fluit
1376 3153 1679 3215 martyrum
1718 3145 1943 3213 sanguis
1969 3148 2022 3199 in
2059 3134 2248 3200 Eccle-

663 3235 826 3297 siam,
862 3236 1096 3305 irrigans
1125 3251 1247 3291 eam
1278 3236 1416 3291 ultra
1454 3253 1618 3307 quam
1663 3237 1827 3293 Edent
1869 3239 2244 3308 quadruplicis

2342 2025 2774 2089 ἀποστολικοὺς,
2838 2024 3251 2096 προφητικοῦς,
3311 2021 3633 2092 πατρικούς.
3702 2020 3818 2074 Καὶ
3874 2020 3938 2073 οὐ

2341 2107 2681 2190 προσήκατο,
2722 2118 2825 2171 οὐκ
2868 2116 3118 2181 ἐδέξατοο
3173 2116 3311 2170 ἀλλὰ
3355 2114 3697 2186 διαρῤήξασα
3729 2113 3939 2183 ἑαυτὴν

2340 2212 2437 2266 τοῦ
2472 2210 2889 2281 πεντακορύφου
2922 2209 3175 2280 σώματος
3206 2208 3308 2278 τῆς
3337 2208 3667 2276 Ἐκκλησίας
3687 2222 3700 2236 ·
3740 2205 3939 2277 ἐπειδὴ

2342 2303 2423 2357 ἔτι
2453 2304 2519 2373 ζῇ
2547 2303 2642 2355 καὶ
2676 2301 2989 2373 Νικηφόρος
3031 2302 3060 2353 6
3093 2299 3235 2371 ίερός
3256 2314 3269 2328 ³
3304 2298 3577 2369 τραχηλιᾷ
3618 2297 3765 2351 κατὰ
3795 2296 3937 2349 Θεοῦ

2343 2397 2785 2466 παντοκράτορος
2808 2412 2821 2426 ·
2889 2393 3251 2465 ἑνυϐρίζουσα
3283 2391 3537 2461 Χριστὸν,
3575 2390 3829 2443 πατοῦσα
3867 2390 3937 2443 τὰ

2344 2492 2498 2558 am.
2529 2487 2766 2541 Τοιαῦτα
2798 2485 2867 2541 τὰ
2908 2486 3042 2557 παρ’
3075 2484 3248 2554 αὐτῆς
3272 2524 3288 2549 ,
3336 2478 3383 2537 ὦ
3430 2483 3778 2555 τριπόθητοι.
3824 2482 3939 2536 Καὶ

2348 2582 2467 2653 μεθ’
2499 2581 2655 2653 ἡμῶν
2678 2584 2705 2634 6
2727 2580 2881 2648 Θεὸς,
2898 2578 3183 2649 Ἀνατολὴ,
3210 2576 3395 2641 Λύσις,
3423 2577 3624 2649 Βορᾣ
3660 2577 3934 2629 Θάλασσα.

2358 2677 2448 2731 Ἐν
2499 2676 2707 2738 τούτοις
2758 2675 2791 2745 η
2835 2673 3013 2745 χαράο
3056 2674 3105 2726 εἰ
3152 2672 3211 2725 δὲ
3250 2673 3346 2726 καὶ
3395 2670 3612 2743 θρῆνος,
3660 2671 3751 2724 διὰ
3807 2670 3936 2734 τοὺς

2347 2768 2779 2837 ἀπολλυμένους.
2814 2765 2985 2837 Δεῦρο
3010 2766 3077 2835 δὴ
3112 2764 3277 2834 στῆτέ
3312 2781 3404 2835 μοι
3451 2766 3689 2833 γενναῖοι
3711 2805 3725 2825 ,
3767 2764 3938 2834 εὐχά-

2351 2877 2547 2933 ρισιοι,
2575 2859 2913 2928 ἁρπάζοντες
2944 2857 3014 2910 τὰ
3038 2857 3179 2927 ὑπὲρ
3205 2855 3443 2925 Χριστοῦ
3478 2856 3785 2926 παθήματα
3805 2896 3820 2919 ,
3860 2857 3937 2919 ὡς

2350 2952 2798 3021 θησαυρίσματα.
2818 2945 2943 3013 Οἴος
2967 2951 2995 3002 6
3020 2949 3209 3019 καιρὸς
3238 2948 3441 3017 ἀγαθὸς
3466 2950 3603 3020 πρὸς
3628 2952 3755 3011 τοὺς
3792 2951 3938 3017 ἀγω-

2349 3044 2690 3114 νιζομένους,
2737 3040 3029 3111 ἡδύπνους,
3101 3041 3347 3113 μυρίζων
3396 3043 3464 3095 τὰ
3512 3040 3940 3109 ἁθλοςρορήματα

2352 3140 2493 3211 ὑπὲρ
2522 3140 2701 3193 πάντα
2725 3138 2795 3190 τὰ
2826 3137 3100 3209 ἀρώματα
3131 3139 3145 3191 ι
3183 3133 3331 3206 Αἷμα
3362 3138 3447 3206 ῥεῖ
3474 3136 3816 3207 μαρτυρικὸν
3849 3137 3941 3188 ἐπὶ

2351 3233 2452 3304 τὴν
2491 3232 2843 3301 Ἐκκλησίαν,
2876 3231 3040 3301 ἄρδον
3075 3230 3243 3300 αὐτὴν
3273 3232 3414 3301 ὑπὲρ
3451 3230 3609 3299 Ἐδὲμ
3646 3222 3939 3299 ὲκ’τετρα-

665 3321 907 3377 fluminis
932 3323 1080 3378 fonte
1120 3323 1420 3393 perfusam.
1455 3324 1739 3379 Accedunt
1770 3336 2073 3393 martyrum
2097 3326 2248 3380 chori

2355 3326 2603 3395 ποταμοῦ
2631 3326 2841 3396 κρήνης
2864 3324 3254 3395 ποτιουμένην.
3281 3324 3674 3395 Προστίθενται
3707 3324 3758 3375 οἰ
3787 3322 3941 3393 χοροὶ

666 3414 759 3484 qui
814 3417 961 3470 omni
1009 3426 1166 3471 aetate
1222 3416 1492 3472 fuerunt:
1539 3434 1661 3487 quae
1699 3417 1828 3471 olim
1868 3418 2251 3474 coufessorum

668 3506 952 3562 felicitates
1010 3510 1467 3579 praedicabantur,
1512 3525 1660 3563 ntmc
1707 3510 1882 3564 oculis
1932 3520 2250 3565 cernuntur.

667 3603 750 3654 An
799 3601 963 3671 igitur
995 3619 1100 3657 non
1150 3602 1375 3658 festines
1406 3604 1471 3657 ad
1515 3613 1790 3657 certamen
1839 3604 1954 3658 lucc
2000 3604 2250 3667 amliens,

666 3693 951 3749 fastidiens
968 3705 1304 3762 montanam,
1337 3704 1432 3750 aut
1457 3695 1682 3758 deserti,
1708 3704 1799 3749 aut.
1819 3697 2255 3766 qualemcunque

666 3788 1128 3842 occultationem?
1167 3792 1417 3843 Attamen
1463 3804 1623 3842 mane
1673 3788 1764 3843 ubi
1829 3804 1888 3843 es
1919 3806 1931 3842 :
1968 3788 2138 3843 habes
2200 3797 2255 3841 et

667 3891 724 3935 tu
756 3881 1146 3935 beatitudinem
1169 3882 1465 3953 ingentem.
1501 3881 1629 3946 Ora,
1663 3891 1718 3937 et
1750 3883 1911 3937 lauda
1938 3883 2252 3948 beatiores;

669 3985 898 4045 percute
928 3975 1061 4029 mihi
1095 3975 1536 4045 inaspectaliilem
1568 3975 1864 4029 draconem
1891 3993 1905 4036 ;
1934 3976 2143 4029 debella
2174 3976 2257 4027 itt-

669 4068 929 4122 testinum
986 4069 1171 4123 carnis
1231 4069 1470 4133 bellum;
1508 4068 1686 4121 vincat
1744 4070 1990 4137 spiritus,
2055 4068 2259 4121 serviat

669 4172 872 4227 corpus
913 4175 925 4210 :
959 4166 1017 4210 ut
1064 4158 1311 4211 libertate
1369 4156 1580 4209 fruatur
1612 4157 1793 4210 anima
1825 4168 2082 4224 tauquam
2127 4155 2253 4208 hera

672 4266 733 4305 ac
789 4251 1034 4313 domina,
1081 4266 1267 4319 pacem
1312 4248 1519 4303 habens
1553 4264 1675 4302 rum
1716 4248 1846 4320 Deo,
1894 4247 2009 4302 Hoc
2041 4248 2086 4303 si
2119 4248 2254 4314 ﬁat,

671 4343 1053 4412 quotidianum
1087 4340 1433 4412 martyrium,
1467 4356 1496 4394 a
1538 4338 1652 4395 Deo
1684 4349 1842 4394 textae
1869 4340 2111 4396 corollae.

2354 3420 2463 3473 τῶν
2496 3420 2591 3473 ἀπ’
2632 3419 2828 3481 αἰῶνος
2857 3417 3182 3489 μαρτύρων·
3215 3417 3325 3470 τῶν
3348 3417 3699 3488 ὀμολογητῶν
3726 3420 3799 3468 τὰ
3833 3418 3941 3469 πάι-

2356 3510 2445 3565 λαι
2483 3512 2921 3581 μακαριζόμενα,
2956 3513 3014 3563 ἐν
3034 3509 3335 3580 ὀφθαλμοῖς
3352 3510 3448 3563 νῦν
3469 3511 3823 3579 ὀρᾶται.Ἀρ“
3851 3504 3942 3562 οῦν

2356 3605 2456 3658 οὐκ
2490 3607 2688 3678 ἐπείγῃ
2708 3606 2845 3675 πρὸς
2864 3605 2963 3675 τὴν
2987 3603 3216 3672 ἄθλησιν
3247 3606 3275 3656 6
3300 3603 3539 3666 ἀκούων,
3568 3601 3941 3671 δυσχεραίνων

2355 3697 2456 3767 τὴν
2480 3698 2717 3768 ὀρεινὴν,
2745 3697 2777 3766 ἦ
2809 3696 2907 3767 τὴν
2940 3695 3201 3767 ἐρημίαν,
3232 3695 3266 3766 ἢ
3292 3694 3389 3765 τὴν
3411 3693 3659 3747 ὁπωσοῦν
3691 3710 3941 3764 κρυπτα-

2354 3788 2506 3854 δίανς
2547 3789 2686 3842 Ἀλλ’
2715 3789 2867 3857 ὅμως
2910 3788 3037 3858 μένε
3082 3788 3139 3840 ὲν
3171 3781 3253 3849 οἷς
3289 3781 3381 3839 εἷ·
3432 3785 3576 3856 ἐχεις
3613 3786 3706 3839 καὶ
3742 3788 3809 3840 σὺ
3850 3788 3943 3841 τὸν

2362 3879 2717 3950 μακαρισμὸν
2763 3878 2971 3948 ἡλίκον.
3013 3876 3367 3947 Προσεῦχου,
3414 3877 3511 3931 καί
3561 3878 3778 3931 ἐπαίνει
3818 3882 3943 3944 τοὺς

2358 3974 2871 4045 πλεομακαρίστους
2889 3992 2902 4003 ο
2945 3973 3105 4042 βάλλε
3135 3990 3227 4043 μοι
3254 3973 3347 4026 τὸν
3377 3973 3609 4041 ἀόρατον
3638 3972 3940 4044 δράκοντα’

2358 4069 2529 4137 τρέπε
2560 4085 2651 4139 μοι
2677 4068 2768 4119 τὸν
2800 4067 3064 4137 ἐμφύλιον
3096 4067 3196 4135 τῆς
3230 4066 3433 4136 σαρκὸς
3467 4066 3722 4135 πόλεμον·
3740 4068 3943 4120 νικάτω

2359 4162 2419 4214 τὸ
2481 4160 2733 4229 πνεῦμα·
2788 4158 3061 4211 δουλούτω
3110 4158 3172 4212 τὸ
3223 4158 3413 4227 σῶμα⁶
3472 4158 3548 4221 ὡς
3593 4158 3659 4211 ἂν
3710 4160 3745 4227 ἢ
3796 4158 3943 4229 ψυχὴ

2364 4251 2757 4321 ἐλευθεριάζει,
2789 4253 2824 4321 ἡ
2857 4251 3023 4321 κυρία
3060 4249 3159 4303 καὶ
3190 4250 3471 4311 δέσποινα.
3500 4250 3722 4321 εἰρήνην
3744 4249 3941 4320 ἔχουσα

2364 4345 2500 4416 πρὸς
2528 4345 2619 4398 τὸν
2647 4343 2801 4397 Θεόν.
2840 4344 2967 4396 Ἐὰν
2994 4342 3163 4407 οὕτω,
3214 4341 3517 4413 μαρτύριον
3555 4342 3942 4414 καθεκάστηνο

2366 4437 2622 4505 στέφανοι
2654 4435 2963 4488 θεόπλοκοι.

748 4524 823 4579 De
854 4526 1012 4579 nobis
1040 4525 1419 4594 peccatoribus
1454 4541 1520 4579 ne.
1554 4524 1674 4579 sitis
1702 4525 1869 4588 anxii,
1898 4525 2043 4586 licet.
2068 4522 2249 4577 audie-

2437 4526 2573 4595 Περὶ
2626 4525 2784 4596 ἡμῶν
2832 4524 2942 4578 τῶν
3002 4522 3347 4596 ἁμαρτωλῶν
3398 4527 3475 4595 μὴ
3525 4523 3786 4578 ἀνιᾶσθν
3842 4527 3945 4581 κᾶν

674 4614 797 4668 ritis
822 4623 878 4668 et.
904 4628 1003 4667 nos
1034 4612 1259 4682 ﬂagellis
1298 4628 1471 4669 caesos
1512 4614 1708 4668 iterum
1769 4612 1962 4668 fuisse.
2014 4612 2263 4667 Tulimus

676 4722 779 4775 ope
808 4715 1106 4760 vestrarum
1138 4720 1357 4774 precum
1418 4720 1541 4761 cum
1574 4705 1871 4773 gratiarum
1905 4705 2144 4769 actione,
2174 4702 2262 4757 hi-

679 4800 865 4853 lariter
902 4816 915 4851 :
952 4798 1055 4853 etsi
1092 4798 1350 4852 diuturna
1400 4814 1508 4852 non
1554 4799 1657 4852 fuit
1708 4798 1981 4853 acerbitas
2031 4796 2259 4851 doloris.

678 4890 916 4945 Tantum
963 4906 1030 4944 ne
1074 4902 1294 4945 sanctas
1344 4907 1539 4945 manus
1569 4900 1777 4944 νεειηδ
1806 4890 2096 4944 extendere
2142 4904 2265 4943 εοε-

678 4987 817 5035 sate.
854 4976 1154 5046 Speramus
1184 4980 1328 5031 enim
1376 4978 1629 5048 quamvis
1663 4977 1816 5030 valde
1849 4977 2167 5041 imbecilles,
2196 4978 2263 5031 de

676 5072 900 5125 Amalec
933 5072 1039 5125 isto
1072 5079 1335 5137 tropmum
1386 5079 1688 5123 erecturos.
1720 5066 1932 5121 Salutat
1962 5084 2058 5122 vos
2089 5068 2264 5137 pluri-

681 5182 831 5221 mum
881 5164 1141 5220 Nicolaus
1185 5163 1355 5218 frater
1409 5171 1614 5217 vester.
1669 5160 1916 5215 Salutate
1948 5163 2168 5216 inricent
2206 5162 2261 5216 in

680 5259 861 5313 osculo
894 5269 1079 5313 sancto
1102 5260 1168 5323 ",
1209 5258 1346 5313 socii
1388 5256 1593 5321 socios,
1632 5256 1784 5325 parvi
1818 5270 2062 5323 magnos.
2100 5265 2265 5324 atque

681 5352 933 5421 inprimis
964 5352 1174 5408 vicinos
1204 5350 1415 5405 Patres.
1448 5351 1695 5419 Cumque
1728 5365 1758 5404 a
1793 5349 1950 5405 vobis
1976 5350 2113 5404 lecta
2146 5350 2265 5403 fue-

681 5446 754 5498 rit
779 5444 1031 5514 epistola,
1053 5460 1120 5499 ne
1142 5445 1320 5514 pigeat
1344 5452 1398 5498 et
1426 5445 1571 5513 apud
1600 5442 1720 5497 illos
1746 5442 1870 5512 legi,
1899 5442 1945 5497 si
1978 5442 2143 5497 modo
2179 5442 2266 5496 di-

682 5552 786 5607 gna
835 5534 1001 5590 fuerit
1042 5555 1056 5589 :
1101 5534 1545 5605 quandoquidem
1616 5534 1924 5588 unanimes'
1969 5549 2183 5597 omnes,
2213 5542 2267 5588 et

687 5638 858 5676 unum
885 5637 1106 5691 corpus,
1145 5624 1397 5693 quamvis
1443 5623 1657 5678 diversa
1700 5622 1965 5677 membra.
2004 5622 2265 5680 Dominus

685 5710 845 5768 Jesus
872 5714 1125 5771 Christus
1149 5716 1435 5773 vobiscum
1459 5725 1512 5772 et
1542 5715 1829 5771 nobiscum
1860 5718 2263 5785 peccatoribus.

692 5806 889 5862 Amen.

764 5917 809 5953 "
841 5920 945 5976 lsa.
978 5920 1097 5990 l,2.
1173 5924 1218 5956 "
1241 5921 1363 5981 Job.
1403 5941 1515 5991 ut,
1551 5923 1637 5980 Η.
1712 5924 1755 5956 ⁷¹
1788 5922 1973 5981 llCor.
2004 5941 2121 5993 snt,
2151 5926 2237 5982 l2.

2366 4618 2643 4685 ἀκηκόατε
2672 4619 2754 4670 ὃτι
2776 4616 2871 4670 καὶ
2904 4612 3060 4680 αὖθις
3093 4615 3575 4686 ὲμαστιγώθημεν.
3603 4616 3945 4688 Ἦνέγκαμεν

2366 4712 2553 4781 εὐχαῖς
2604 4710 2759 4779 ὑμῶν
2805 4711 3169 4782 εὐχαρίστως,
3222 4709 3578 4780 περιχαρῶς·
3638 4708 3743 4763 κᾶν
3808 4711 3946 4781 πρὸς

2364 4802 2545 4869 ὀλίγον
2579 4802 2611 4870 ἡ
2646 4800 2918 4872 δρίμυξις.
2968 4800 3145 4855 Μόνον
3177 4800 3250 4871 μὴ
3275 4798 3440 4869 ἀνῆτε
3469 4800 3568 4862 τὰς
3597 4800 3751 4864 ὁσίας
3789 4802 3943 4871 ὑμῶν

2367 4898 2555 4965 χεῖρας
2595 4895 2949 4956 ἐκτείνοντες.
2981 4894 3319 4963 Πιστεύομεν
3351 4894 3483 4963 γὰρ,
3504 4895 3551 4945 εἰ
3574 4893 3669 4946 καὶ
3695 4893 3944 4956 ἀσθενεῖς

2366 4986 2506 5048 λίαν,
2542 4989 2601 5039 ὲν
2630 4987 2805 5057 τούτῳ
2830 4987 2921 5039 τὸν
2954 4986 3203 5055 ’Δμαλὴκ
3226 4984 3638 5056 τροπώσασθαι.
3673 4987 3943 5051 Ἀσπάζε-

2365 5096 2456 5131 ται
2486 5078 2652 5134 πολλὰ
2696 5079 2959 5143 Νικόλαος
3005 5081 3033 5132 6
3072 5078 3302 5147 ἁδελφὸς
3344 5076 3519 5146 ὑμῶν.
3564 5078 3944 5135 Ἀσπάσασθε

2365 5171 2683 5236 ἀλλήλους
2708 5173 2777 5225 ἐν
2805 5171 3094 5241 φιλήματι
3125 5171 3273 5240 ἁγίῳ
3300 5185 3314 5199 ·
3345 5171 3401 5223 αἰ
3434 5170 3673 5223 συνοδίαι
3701 5171 3800 5233 τὰς
3824 5189 3945 5225 cav-

2365 5262 2547 5325 οδίας·
2588 5264 2637 5316 oi.
2685 5266 2873 5335 μικροὶ
2919 5264 3047 5325 τοὺς
3097 5262 3402 5334 μεγάλουςο
3459 5263 3554 5315 καὶ
3598 5264 3782 5333 μέντοι
3821 5266 3943 5329 τοὺς

2368 5354 2769 5425 πλησιάζοντας
2823 5357 3097 5428 Πατέρας.
3153 5357 3265 5409 Kal
3293 5357 3421 5410 ὅταν
3452 5356 3775 5429 ἀναγνωσθῇ
3817 5359 3941 5428 παρ’

2368 5447 2495 5517 ὑμῖν
2527 5449 2559 5518 ἠ
2591 5449 2847 5519 ἐπιστολή
2868 5464 2882 5477 ·
2914 5448 2993 5520 μὴ
3040 5447 3453 5519 παραιτήσησθε
3498 5449 3593 5502 καὶ
3638 5449 3769 5521 παρ’
3800 5451 3941 5503 ὲκείο

2367 5554 2481 5601 νοις
2516 5540 2939 5610 ἀναγνωσθῆναι
2964 5556 2978 5569 ·
3011 5534 3166 5611 ἑάνῇ
3198 5537 3323 5603 ἀξία
3357 5538 3520 5607 μόνον
3545 5558 3560 5572 σ
3588 5541 3779 5609 ἐπειδὴ
3811 5542 3942 5595 πάν-

2367 5646 2461 5693 τες
2488 5631 2755 5702 ὁμόψυχοι
2780 5673 2795 5694 .
2840 5634 2932 5685 καὶ
2969 5631 3026 5685 ἓν
3055 5631 3218 5702 σῶμα
3237 5670 3253 5696 ,
3284 5633 3389 5686 κᾶν
3412 5632 3648 5705 διάφορα
3690 5634 3851 5703 μέλη.
3887 5633 3941 5687 '0

2369 5722 2575 5794 Κύριος
2630 5722 2839 5795 Ἰησοῦς
2867 5723 3103 5796 Χριστὸς
3150 5724 3271 5797 μεθ’
3312 5725 3467 5797 ὑμῶν
3495 5729 3589 5782 καὶ
3624 5727 3752 5798 μεθ’
3788 5728 3941 5801 ἡμῶν

2369 5813 2477 5869 τῶν
2504 5815 2869 5888 ἁμαρτωλῶν.
2908 5815 3101 5888 Ἀμήν.
