4164 6486
1478 419 2025 486 EPISTOLARUM
2062 426 2210 487 LIB.
2246 428 2270 488 Ι
2279 428 2318 487 Ῑ.

490 527 608 582 ΞΓ.
638 558 709 569 -—-
731 530 1085 599 Νιιυκρατίῳ
1114 531 1321 600 τέκνῳ.
1366 532 1553 609 [υ).ζ’.]

260 409 405 477 1281
1478 419 1810 483 EPISTOL.

1914 424 2025 486 UM
2062 426 2210 487 LIB.
2246 428 2318 488 ΙΙ.
3412 437 3549 500 1282

2351 536 2537 594 LXIII.
2573 566 2643 579 —-
2677 536 2982 593 Nancratio
3024 540 3158 610 ﬁlio.

245 647 459 700 Romani
485 646 743 721 episcopi;
763 646 1075 721 ador-umque
1101 649 1496 721 Occidentalium
1527 653 1776 721 adversus
1794 654 2156 721 _lconomachos
2176 659 2405 719 sull'ragia
2445 655 2697 721 praedicat.
2726 656 2908 707 Postea
2944 672 3089 709 suum
3114 671 3224 707 cum
3250 659 3547 721 Chonarum,

686 710 920 775 Phrygiae
945 710 1097 773 urbis,
1132 717 1383 777 praefecto,
1405 717 1607 766 homine
1630 716 1886 777 haeretico,
1913 730 2234 783 congressum
2258 710 2457 771 naFrat.'
2483 720 2690 781 (Baron.
2721 733 2802 770 an.
2828 722 2941 784 819,
2968 735 3017 772 η.
3040 720 3141 778 25.)

324 816 401 867 (t3
452 814 840 886 πλησθήσεται
892 816 954 870 τὸ
1010 816 1103 891 οῦς
1162 837 1265 890 μου
1327 820 1436 875 ἀπὸ
1486 820 1683 891 φωνῶν
1750 836 1810 873 σο

1914 861 1919 879 ι
2023 820 2139 876 Non
2178 824 2471 878 satiabitur
2516 820 2669 874 auris
2700 835 2818 874 mea
2847 838 3040 878 vocum
3084 834 3300 877 tuarum
3334 820 3545 875 auditu.

246 910 596 979 ἀκροάσεως.
623 912 824 976 Φωνεῖς
848 910 956 982 γὰρ
982 913 1258 981 ἀναγκαῖα
1292 917 1385 972 καὶ
1416 916 1810 983 κατεπείγοντα

1948 912 2268 970 Necessaria
2318 919 2461 971 enim
2516 916 2756 983 loqueris
2798 924 2850 968 ct
2899 929 3245 985 opportuna:
3279 916 3461 985 qualia
3493 928 3547 969 ct

244 1004 281 1057 ἃ
315 1006 409 1057 καὶ
454 1003 550 1057 νῦν
580 1005 895 1068 ἐνωτισοεὶς
920 1048 934 1072 ,
962 1000 1007 1060 ὦ
1052 1010 1153 1060 παῖ
1180 1008 1344 1073 καλὲ,
1371 1005 1482 1083 ᾗσα
1527 1011 1555 1062 ό
1588 1010 1845 1073 ταπεινὸς

246 1094 585 1166 χαριστήρια
611 1114 625 1127 ο
663 1096 739 1159 ὼς
776 1097 837 1149 ού
885 1099 1245 1153 καταλέλοιπε
1277 1102 1461 1155 τέλεον
1498 1102 1705 1172 Κύριος
1743 1104 1841 1173 τὴν

260 1188 596 1259 Ἰσὶκκλησίαν
625 1189 823 1243 αὐτοῦ·
876 1191 991 1244 ἀλλ’
1024 1193 1225 1258 ἔδειξεν
1257 1194 1338 1248 ἔτι
1371 1196 1514 1264 ἔχειν
1545 1195 1643 1266 τὴν
1688 1198 1841 1266 ἰσχὺν

243 1281 451 1350 αὐτῆς·
505 1284 737 1355 κινήσας
771 1286 897 1348 τοὺς
921 1286 1029 1339 ἀπὸ
1077 1287 1296 1351 Δύσεως
1341 1289 1605 1357 ἀδελφοὺς
1658 1290 1837 1360 ἡμῶν,

242 1376 467 1447 ἔλεγχον
494 1378 593 1445 τῆς
634 1378 921 1448 παροινίας
951 1380 1061 1431 τῶν
1086 1381 1236 1450 τῇδε,
1280 1380 1374 1434 καὶ
1415 1382 1701 1452 φωτισμὸν
1729 1384 1838 1435 τῶν

240 1472 736 1541 νυκτομαχούντων
784 1477 848 1544 τῇ
903 1474 1134 1545 αἱρέσει.
1193 1473 1314 1528 Κᾶν
1364 1476 1733 1531 ἀπεσείσαντο
1786 1480 1835 1531 οῖ

239 1565 615 1634 ἀτεράμονες·
660 1566 762 1620 κᾶν
806 1566 1124 1636 ὀφθαλμοὺς
1162 1568 1391 1638 καρδῖας
1438 1569 1539 1623 οὐκ
1590 1570 1830 1641 ἤνοιξαν.

238 1658 526 1729 Μαρτυρῶ
581 1660 706 1730 ἄρτι
775 1659 1114 1713 κατενώπιον
1159 1660 1295 1713 θεοῦ
1342 1663 1435 1715 καὶ
1490 1663 1827 1735 ἀνθρώπων·

236 1750 467 1815 ἑαυτοὺς
501 1752 821 1823 ἀπέρρηξαν
852 1752 945 1805 τοῦ
984 1751 1239 1822 σώματος
1291 1752 1385 1806 τοῦ
1435 1755 1699 1824 Χριστοῦ,
1735 1757 1828 1810 τοῦ

238 1843 585 1914 κορυφιακοῦ
611 1844 827 1914 θρόνου,
846 1844 904 1895 ὲν
996 1844 1232 1915 Χριστὸς
1257 1844 1410 1898 ἔθετο
1438 1846 1536 1902 τὰς
1559 1848 1705 1910 κλεῖς
1732 1849 1828 1915 τῆς

233 1934 508 1999 πίστεως·
559 1927 627 2006 ἦς
686 1934 747 1989 οὺ
800 1935 1135 2005 κατίσχυσαν
1185 1936 1283 1989 ἀπ’
1327 1937 1555 2000 αἰῶνος,
1605 1937 1715 1989 οὐδ’
1760 1935 1827 1991 ἂν

232 2026 608 2097 κατισχύσωσι
643 2028 807 2099 μέχρι
853 2028 1164 2092 συντελείας
1193 2029 1360 2082 πύλαι
1396 2030 1525 2101 ᾇδου
1548 2071 1562 2094 ,
1610 2031 1679 2085 τὰ
1716 2031 1824 2084 τῶν

232 2118 532 2189 αίρετικῶν
566 2118 771 2189 δηλαδὴ
800 2120 1043 2190 στόματα
1068 2137 1081 2150 ·
1106 2119 1181 2183 ὡς
1206 2122 1237 2191 ή
1268 2120 1361 2174 τοῦ
1398 2121 1663 2189 ἀψευδοῦς
1690 2122 1823 2175 ὑπό-

1946 1023 2093 1062 nunc.
2153 1012 2402 1075 audiens,
2456 1029 2487 1065 0
2539 1011 2611 1064 lili
2664 1014 2900 1083 egregie,
2937 1014 3262 1066 charislcria
3316 1010 3541 1064 humilis

1943 1100 2228 1156 decantavi
2264 1121 2277 1158 :
2310 1110 2566 1174 quoniam
2622 1127 2729 1165 non
2785 1108 3076 1174 dereliquit.
3117 1106 3169 1160 in
3219 1107 3378 1158 linem
3430 1104 3539 1157 Do-

1943 1194 2126 1250 minus
2168 1198 2468 1255 Ecclesiam
2523 1221 2679 1258 suam
2715 1222 2729 1270 ;
2767 1203 2861 1258 sed
2897 1202 3056 1254 illam-
3091 1200 3233 1253 vires
3276 1214 3408 1252 suas
3438 1199 3534 1250 atl-

1942 1288 2049 1340 hue
2094 1288 2295 1345 habere
2351 1293 2560 1358 docuit,
2590 1298 2781 1352 fratres
2813 1303 3037 1349 nostros
3067 1293 3314 1345 excitans
3342 1291 3411 1343 ab
3442 1305 3535 1343 oc-

1939 1394 2070 1435 casu
2101 1381 2166 1434 ad
2202 1386 2677 1451 reprehensionem
2706 1388 3038 1442 temulentite
3086 1384 3438 1445 nostratium,
3474 1391 3531 1435 et

1938 1472 2392 1529 illuminationem
2430 1478 2652 1534 haeresis
2684 1487 2849 1534 noctu
2902 1478 3306 1533 dimicantium.
3341 1474 3531 1539 Quan-

1936 1577 2098 1631 quam
2141 1563 2451 1632 rejeeerunt
2502 1567 2796 1635 pnel'raeti,
2846 1578 2900 1622 et
2949 1566 3132 1621 cordis
3182 1564 3372 1617 oculos
3420 1579 3527 1617 non

1935 1669 2291 1724 aperuerunt.
2327 1656 2522 1713 Testor
2544 1676 2689 1714 nunc.
2718 1675 2905 1713 coram
2939 1657 3048 1711 Deo
3073 1668 3126 1711 et
3158 1655 3475 1709 hominibus
3511 1673 3525 1708 :

1933 1750 2146 1817 seipsos
2196 1752 2520 1805 avulseruut
2560 1768 2590 1806 a
2622 1768 2857 1823 corpore
2906 1750 3134 1815 Christi,
3162 1758 3217 1802 et
3269 1762 3531 1816 supremo

1932 1840 2175 1893 vet-ticali
2220 1842 2439 1903 throno,
2473 1842 2525 1895 in
2560 1859 2670 1913 quo
2717 1844 2973 1897 Christus
3026 1842 3210 1896 claves
3247 1838 3432 1909 posuit
3464 1839 3527 1891 ti-

1929 1929 2016 1984 dei
2053 1949 2067 1985 :
2102 1930 2371 1988 adversus
2410 1950 2575 2003 quam
2603 1950 2712 1988 non
2734 1935 3071 2004 prmvaluere
3106 1934 3396 1996 hactenus,
3428 1945 3526 1985 nec

1930 2026 2305 2092 pra-valebunt
2370 2043 2547 2095 usque
2620 2028 2686 2081 ad
2762 2029 3294 2081 consummationem
3360 2034 3526 2095 porta:

1928 2114 2089 2169 inl‘eri
2124 2118 2190 2181 τ’,
2224 2134 2320 2172 ora
2348 2120 2563 2175 scilicet
2596 2120 2979 2175 harreticm-um
3019 2138 3031 2173 :
3070 2124 3212 2175 sicut
3250 2118 3524 2189 pollicitus

232 2228 441 2280 σχεσις.
478 2211 735 2283 Χαιρέτω
764 2208 858 2266 οῦν
886 2216 914 2267 ὁ
948 2213 1373 2285 μακαριώτατος
1404 2216 1499 2267 καὶ
1526 2216 1810 2267 ἁποστολι·

1927 2220 2011 2264 est
2053 2210 2146 2279 qui
2186 2227 2292 2264 non
2328 2213 2614 2266 mentitur.
2669 2211 2917 2268 Gaudeat
2967 2213 3135 2283 igitur
3168 2210 3522 2265 beatissimus

226 2305 325 2369 κὸς
348 2307 442 2359 καὶ
465 2306 789 2377 φερώνυμος
834 2307 1143 2377 Πασχάλιος
1163 2323 1176 2336 ·
1209 2308 1292 2361 ὃτι
1319 2307 1381 2361 τὸ
1411 2308 1575 2379 ἔργον
1608 2308 1816 2379 Πέτρου

224 2396 605 2468 ἐξεπλήρωσε.
656 2398 943 2469 Σκιρτάτω
993 2400 1099 2462 πᾶς
1142 2398 1443 2470 ὀρθοδόξων
1472 2400 1695 2463 θίασος·
1736 2402 1819 2453 ὅτι

225 2489 351 2543 κατ’
380 2490 697 2561 ὀφθαλμοὺς
726 2488 833 2544 εἶδε
877 2491 977 2563 τὴν
1023 2492 1332 2565 ἐπισκοπὴν
1372 2492 1643 2564 Χριστοῦ,
1676 2493 1819 2547 κατὰ

222 2582 353 2643 τοὺς
390 2580 557 2637 πάλαι
590 2584 777 2650 ἁγίους
808 2584 1062 2655 Πατέρας
1090 2585 1266 2656 ἡμῶν.
1300 2585 1381 2638 Τὰ
1406 2586 1515 2657 γὰρ
1544 2585 1680 2639 ἄλλα
1709 2588 1816 2658 ὅπη

222 2676 303 2745 τῷ
325 2676 444 2745 Θεῷ
476 2677 609 2745 φίλα
636 2679 875 2747 ἀγέσθω,
894 2680 950 2731 ’Λ
963 2679 1197 2746 ρδευέτω
1220 2679 1281 2732 τὸ
1310 2682 1651 2751 μαρτυρικὸν
1676 2675 1817 2751 αἷμα

223 2768 324 2840 τὴν
364 2768 729 2839 Ἐκκλησίαν·
765 2772 1086 2837 αύξανὲσοω
1122 2773 1151 2825 ό
1192 2774 1352 2843 χορὸς
1394 2774 1503 2825 τῶν
1539 2773 1813 2845 ὁμολογη-

221 2862 332 2915 τῶν
354 2876 368 2891 ·
394 2862 555 2915 τοῦτο
589 2864 810 2917 εὐδοκία
832 2865 965 2917 Θεοῦ
988 2882 1002 2894 ·
1038 2865 1197 2918 τοῦτο
1224 2866 1368 2936 χαρὰ
1404 2868 1497 2919 καὶ
1551 2865 1814 2935 ἀγαλλία-

222 2972 310 3019 σις
332 2972 345 2985 ·
373 2956 478 3009 κᾶν
500 2956 588 3010 διὰ
616 2958 741 3021 τοὺς
769 2958 1183 3029 ἀπολλυμένους
1208 2960 1596 3014 ἐλεεινότατον.

220 3175 225 3179 ~
294 3139 363 3195 Τί
410 3142 637 3211 φήσοιεν
684 3144 733 3197 οί
785 3145 1055 3210 ἐναντίοις
1104 3145 1395 3218 Ἀνατολὴν
1439 3148 1539 3200 ούκ
1590 3146 1805 3217 ἔχουσι·

225 3234 447 3298 Δύσεως
472 3238 817 3307 ἐστέρηνται·
847 3238 940 3291 τοῦ
971 3239 1390 3309 πεντακορύφου
1422 3239 1807 3309 ἐκκλησιαστι-

221 3325 321 3379 κοῦ
351 3326 604 3397 σώματος
664 3328 755 3399 (Cf)
797 3329 907 3400 γὰρ
948 3331 1029 3384 ἔτι
1084 3333 1175 3385 καὶ
1210 3323 1521 3401 Νικηφόρος
1558 3334 1585 3384 ὁ
1622 3332 1806 3401 ἱερὸς)

220 3419 651 3492 διεσπάσθησαν.
702 3423 913 3477 Οὐκοῦν
955 3424 1345 3494 ὴλλοτρίωνται
1397 3423 1655 3494 Χριστῷ·
1697 3425 1807 3493 ἄρα

222 3512 639 3583 ὲνεκρώθησαν·
676 3516 785 3585 ἄρα
828 3517 885 3569 ὲν
929 3518 1109 3569 σκότει
1153 3516 1588 3586 διαπορεύονται.
1646 3516 1709 3568 Εἰ
1750 3516 1806 3567 δὲ

219 3607 306 3659 ὅτι
339 3608 602 3676 ἄρχουσιν
648 3609 737 3661 ἐπ’
792 3609 1002 3679 ἐρήμου
1052 3609 1350 3679 αἱρέσεως,
1397 3608 1557 3661 τοῦτο
1586 3611 1681 3662 καὶ
1714 3610 1811 3680 λῃ-

222 3697 347 3749 σταί
368 3715 381 3728 ·
416 3700 536 3750 ἐπεὶ
561 3698 655 3751 καὶ
688 3699 1011 3762 κτείνουσιν,
1046 3698 1235 3769 ὥσπερ
1269 3700 1361 3752 καὶ
1388 3696 1533 3753 οῦτοι
1555 3718 1567 3730 ·
1596 3701 1808 3767 αἵματα

221 3788 551 3852 κενοῦντες,
606 3790 681 3850 ὡς
734 3790 863 3854 ἔπος
920 3792 1123 3855 εἰπεῖν,
1176 3790 1543 3862 καθεκάστην.
1604 3792 1809 3862 Ἐχέτω

218 3879 395 3933 ταῦτα
441 3874 565 3934 ὧδε.
606 3881 823 3935 Ἠλίκον
885 3882 942 3935 δὲ
994 3882 1200 3953 ᾄσομαι
1259 3884 1351 3935 ἐπὶ
1400 3885 1465 3953 τῇ
1530 3884 1805 3954 μεταϐολῇ

218 3972 513 4037 Λεοντίου;
547 3975 613 4027 Ὢ
656 3973 768 4026 τῶν
823 3976 1097 4044 μεγίστων
1143 3974 1235 4027 τοῦ
1273 3974 1407 4028 Θεοῦ
1466 3976 1800 4045 τεραστῐωνί

217 4065 292 4118 Σὺ
345 4065 466 4134 μὲν,
508 4058 555 4119 ὦ
597 4068 718 4131 τᾶν,
764 4068 841 4130 εἰς
873 4066 1031 4120 τοῦτο
1064 4069 1285 4120 κάκεῖνο
1324 4048 1803 4137 μετεσχημάτισας

217 4156 310 4208 τὸν
354 4156 696 4229 δύσχριστον.
741 4159 882 4227 Ἐγὼ
911 4159 968 4213 δὲ
1000 4159 1396 4230 Κυπριανίζειν
1429 4160 1590 4213 αὑτὸν
1630 4161 1688 4213 ἐν
1725 4160 1804 4231 τῷ

218 4246 510 4318 πράγματι
557 4248 769 4321 ᾠήθην·
812 4252 1259 4324 ἀποκρουσθέντα
1309 4253 1462 4323 παρα
1494 4251 1588 4305 τοῦ
1646 4252 1800 4321 βασι·

216 4336 356 4403 λέως
390 4341 733 4413 προδραμεῖν
756 4348 869 4407 τοῖς
890 4345 1252 4417 ἀθλοφοροῦσι
1278 4346 1373 4398 καὶ
1397 4345 1803 4416 ὲναγωνιξομὲ-

214 4446 362 4493 νοις·
396 4435 517 4486 κατ’
554 4433 849 4489 Ἰουστίναν
889 4436 989 4507 τὴν
1021 4438 1287 4507 ἀοίδιμον.
1322 4436 1444 4507 Δῴη
1475 4438 1680 4509 Κύριος
1712 4441 1801 4491 τὲ-

213 4521 335 4575 λεον
360 4524 454 4576 ἐπὶ
480 4526 689 4595 ἀμφοῖν
714 4528 783 4579 τὰ
812 4529 1102 4599 ἀμφότερα
1134 4529 1543 4599 ἀποφανθῆναι.
1590 4529 1654 4583 Ἦ
1696 4548 1799 4599 φυ-

210 4611 355 4684 λακή
388 4630 482 4667 σου
516 4616 599 4669 ὅτι
635 4617 913 4689 ἐνδότερον
940 4619 1180 4686 ἐγένετο,
1229 4620 1475 4691 λυπηρόν
1505 4640 1594 4691 μοι
1623 4622 1711 4674 διὰ
1736 4621 1797 4674 τὸ

210 4703 441 4767 ἀσθενές
475 4723 588 4759 σου.
642 4709 789 4779 Πλὴν
826 4711 976 4781 ἴσχυε
1009 4712 1104 4764 καὶ
1146 4711 1433 4783 κραταιοῦ,
1485 4712 1795 4782 ὁμολογητὰ

210 4796 485 4866 Χριστοῦ,
534 4800 610 4866 ὡς
657 4804 1147 4873 προεσημάναμεν.
1203 4804 1320 4857 Ἵνα
1368 4805 1424 4857 δὲ
1483 4806 1667 4875 γνοίης
1710 4805 1792 4858 ἔτι

206 4884 563 4975 λευκότερον,
610 4895 944 4964 προστίθημι
975 4897 1067 4948 καὶ
1098 4893 1264 4948 ταῦτα
1288 4913 1299 4925 ·
1340 4895 1412 4958 ὡς
1445 4896 1525 4949 ἔτι
1556 4897 1787 4963 ἀσφαλί-
1823 4920 1866 4975 η

208 4972 361 5037 ζεται
393 4980 542 5049 ἡμᾶς
591 4982 619 5034 ό
664 4984 1031 5055 φρούραρχος.
1063 4984 1161 5037 Διὰ
1194 4986 1278 5051 τί,
1310 4987 1405 5039 καί
1435 4986 1588 5051 πῶς;
1636 4987 1790 5039 Ἐπεὶ

207 5067 319 5138 γὰρ
365 5071 448 5123 δεῖ
493 5074 776 5145 οἰκονομία
818 5077 1125 5147 κεχρῆσθαι
1172 5080 1229 5131 ἐν
1274 5082 1383 5141 τοῖς
1431 5080 1787 5147 ἀναγκαίοις·

207 5161 453 5229 ὁπηνίκα
482 5168 904 5240 συνωψίσθημεν
934 5170 1011 5240 τῷ
1036 5171 1237 5223 Χωνῶν
1268 5172 1591 5242 αἱρεσιάρχῃ
1656 5175 1795 5242 (ἐκεῖ

206 5254 317 5321 γὰρ
358 5255 580 5324 πρῶτον
617 5260 947 5331 ἀπήχθημεν
978 5261 1083 5313 ὑπὸ
1129 5261 1237 5314 τῶν
1284 5262 1390 5314 ἀπὸ
1430 5263 1791 5317 ’Λνατολικῶν

205 5343 459 5413 ἀράντων
491 5349 682 5419 ἡμᾶς),
730 5354 824 5405 καὶ
853 5354 983 5420 γόνυ
1018 5353 1326 5423 ὲκλίναμεν,
1366 5356 1789 5426 συγγονυκλιτή-

207 5453 402 5501 σαντος
462 5441 753 5495 κάκείνου·
819 5448 914 5500 καὶ
986 5448 1357 5515 ἡσπασὰμεθα
1423 5449 1606 5502 αὐτόν.
1678 5450 1787 5503 Καὶ

203 5528 393 5600 ἐπειδὴ
422 5531 604 5584 εἴασεν
630 5535 711 5595 είς
740 5538 935 5590 ταυτὸν
966 5538 1141 5592 ἐλθεῖν
1199 5540 1298 5609 ἐμέ
1327 5557 1385 5591 τε
1414 5541 1506 5593 καὶ
1552 5542 1642 5594 τὸν
1686 5542 1785 5596 κύ.

206 5634 324 5689 ριον
367 5619 718 5675 Ἀθανάσιον·
763 5629 859 5679 καὶ
914 5630 1240 5701 συνεπίομεν
1285 5632 1434 5702 αύτῷ
1484 5633 1633 5697 ἅπαξ
1690 5636 1785 5688 καὶ

201 5712 318 5776 δίς·
377 5713 437 5765 οὐ
500 5714 686 5784 μέντοι
746 5721 1155 5791 συνεφάγομεν·
1208 5723 1634 5793 ἐκλιπαροῦντος
1686 5726 1784 5779 τοῦ

199 5804 400 5873 εῳεως,
432 5807 525 5859 καὶ
548 5805 924 5875 ψιθυρίζοντος
954 5812 1233 5877 ἀπατηλὰ.
1270 5815 1456 5885 Τούτῳ
1485 5814 1562 5885 τῷ
1594 5820 1781 5887 μέτρῳ

273 5919 318 5952 ’⁸
342 5917 533 5975 Matth.
567 5936 680 5991 ιγι,
714 5920 799 5976 18.

1926 2313 1981 2358 et
2011 2304 2349 2373 apostolicus
2375 2316 2430 2361 et
2455 2307 2675 2361 nomine
2703 2322 2803 2362 suo
2826 2306 3026 2376 dignus
3054 2306 3353 2369 Paschalis,
3381 2319 3517 2373 quo-

1927 2396 2073 2451 niam
2107 2395 2251 2451 Petri
2286 2412 2425 2473 Opus
2452 2400 2787 2467 adimplevit.
2834 2398 3082 2453 Exsultet
3118 2399 3299 2453 omnis
3328 2400 3518 2451 ortho-

1925 2488 2195 2544 doxorum
2227 2492 2451 2554 chorus,
2490 2492 2618 2562 quia
2650 2493 2719 2545 ob
2763 2496 2953 2547 oculos
2981 2493 3109 2546 vidit
3141 2493 3513 2561 episcopatum

1925 2583 2158 2648 Christi,
2197 2586 2501 2639 secundum
2560 2596 2784 2641 sanctos
2842 2586 2970 2640 olim
3028 2586 3221 2641 Patres
3273 2596 3510 2639 nostros.

1924 2676 2133 2731 thtera
2176 2678 2324 2731 enim
2360 2689 2419 2732 ut
2454 2679 2563 2733 Deo
2612 2680 2791 2733 \‘isum
2828 2678 2990 2735 fuerit
3030 2678 3299 2732 ferantur.
3326 2677 3512 2748 lrriget

1924 2784 2226 2840 martyrum
2278 2772 2502 2840 sanguis
2549 2768 2877 2835 Ecclesiam,
2924 2782 3183 2841 augescat
3228 2770 3510 2825 confesso-

1922 2877 2043 2915 rnm
2082 2862 2287 2916 chorus
2318 2880 2330 2914 ε
2361 2864 2462 2916 hoc
2488 2862 2598 2916 Deo
2632 2874 2875 2932 gratum;
2908 2864 3013 2917 hoc
3046 2864 3303 2933 gaudium
3332 2874 3383 2916 et
3412 2880 3508 2916 ex-

1919 2944 2148 3008 sultatio
2174 2974 2186 3009 :
2214 2956 2467 3025 quamvis
2497 2967 2722 3026 propter
2768 2974 2864 3011 eos
2918 2960 3008 3027 qui
3051 2967 3279 3027 pereunt
3319 2956 3508 3010 miser-

1919 3048 2142 3103 rimum.

1991 3140 2130 3207 Quid
2184 3141 2366 3195 dicere
2412 3141 2625 3210 possint
2679 3142 3030 3196 adversarii?
3068 3141 3343 3196 Orientem
3396 3156 3500 3193 non

1918 3233 2123 3287 habent
2156 3252 2169 3300 ;
2212 3231 2509 3288 Occidente
2551 3236 2745 3304 privati
2807 3247 2935 3288 sunt
2971 3254 2982 3288 :
3018 3251 3046 3287 a
3080 3235 3230 3303 quini
3284 3235 3502 3288 verticis

1916 3342 2149 3397 corpore
2227 3330 2599 3383 ecclesiastico
2668 3329 2843 3382 avulsi
2915 3338 3077 3393 sunt;
3167 3328 3298 3380 \‘irit
3354 3334 3497 3381 enim

1915 3426 2215 3477 etiamnum
2257 3436 2309 3477 et
2360 3422 2699 3492 Nicephorus
2756 3438 2932 3476 sacer.
2975 3421 3145 3491 Igitur
3198 3439 3227 3476 a
3277 3422 3499 3477 Christo

1918 3515 2136 3566 alienati
2196 3525 2371 3566 sunt:
2414 3515 2577 3583 igitur
2634 3516 2835 3567 mortui
2871 3532 2884 3568 :
2918 3515 3086 3585 igitur
3148 3519 3201 3567 in
3259 3514 3496 3567 tenebris

1917 3604 2219 3655 ambulant.
2254 3601 2409 3667 Quod
2448 3602 2493 3654 si
2538 3602 2902 3671 principatum
2938 3611 3119 3655 tenent
3172 3603 3225 3655 in
3277 3601 3495 3654 Ineresis

1912 3692 2151 3753 deserto,
2186 3694 2288 3747 hoc
2330 3692 2541 3747 faciunt
2574 3704 2625 3747 et
2664 3692 2905 3747 latrones
2934 3712 2948 3748 :
2995 3694 3195 3763 quippe
3220 3694 3310 3760 qni
3346 3692 3493 3747 occi-

1910 3782 2047 3836 dunt
2083 3783 2269 3845 etiam,
2306 3782 2447 3836 sicut
2492 3782 2579 3836 isti
2617 3800 2630 3836 :
2667 3783 3011 3852 sanguinem,
3060 3793 3117 3835 ut
3174 3798 3284 3836 uno
3326 3782 3491 3836 verbo

1909 3877 2107 3937 dicam,
2137 3876 2384 3944 quotidie
2424 3874 2735 3929 fundentes.
2782 3874 2857 3928 De
2913 3873 2999 3927 his
3032 3882 3212 3927 autem
3248 3873 3313 3926 ad
3348 3873 3491 3927 hunc

1910 3971 2151 4023 modum.
2182 3970 2457 4036 Quantum
2491 3984 2618 4023 vero
2660 3968 2946 4022 concinam
2984 3966 3035 4019 in
3072 3965 3282 4019 Leontii
3312 3975 3488 4018 mnta-

1909 4059 2095 4115 tiouc?
2125 4057 2169 4114 Ο
2205 4061 2439 4113 umxima
2474 4058 2567 4112 Dei
2597 4057 2871 4128 prodigia!
2909 4055 2989 4109 Tu
3021 4057 3263 4125 quidem,
3288 4057 3485 4116 amice.

1907 4151 1959 4205 in
2005 4151 2108 4205 hoc
2156 4160 2209 4204 et
2245 4152 2373 4204 illud
2420 4150 2623 4204 Christi
2667 4150 2876 4204 hostem
2915 4148 3341 4203 transformasti.
3378 4148 3487 4218 Ego

1907 4262 2035 4300 vero
2058 4244 2451 4317 Cypriauizare
2483 4245 2637 4299 illum
2674 4245 2727 4298 in
2760 4244 2977 4313 negotio
2995 4243 3293 4297 arbitratus
3325 4259 3483 4298 sunt:

1902 4347 2190 4393 extrusum
2238 4341 2307 4393 ab
2348 4339 2697 4408 imperatore,
2736 4338 2803 4391 ad
2837 4345 3114 4391 certantes
3152 4346 3206 4392 et
3240 4338 3292 4391 in
3316 4351 3487 4407 agone

1901 4442 2185 4486 versantes
2228 4444 2537 4494 accurrere,
2572 4429 2730 4499 juxta
2763 4428 3032 4484 celebrem
3064 4427 3357 4484 Justinam.
3392 4429 3486 4483 Det

1900 4521 2169 4577 Dominus
2190 4533 2248 4577 ut
2280 4522 2332 4575 in
2352 4522 2597 4592 utrisque
2631 4522 2846 4574 tandem
2873 4534 3105 4590 utraque
3134 4523 3483 4591 conspician-

1902 4626 2011 4670 tur.
2066 4615 2327 4671 Custodia
2372 4624 2462 4669 tua
2508 4615 2649 4683 quod
2675 4616 2909 4669 interius
2944 4615 3167 4669 reducta
3195 4626 3297 4679 est,
3323 4628 3483 4682 grave

1898 4708 2032 4761 mihi
2066 4718 2148 4762 est
2181 4717 2399 4777 prOpter
2424 4707 2797 4761 inﬁrmitatem
2831 4718 3000 4761 tuam.
3046 4707 3314 4762 Caeterum
3344 4722 3477 4761 con-

1896 4798 2102 4852 fortare
2133 4807 2186 4851 et
2226 4798 2458 4859 sustine,
2495 4796 2780 4852 confessor
2809 4797 3035 4863 Christi,
3074 4807 3135 4851 ut
3169 4807 3293 4850 ante
3316 4795 3481 4865 signi-

1898 4892 2202 4945 ﬁcavimus.
2238 4888 2305 4944 Ut
2336 4903 2516 4944 autem
2552 4891 2753 4945 clarius
2796 4891 2976 4945 adhuc
3009 4903 3327 4960 Cognosv-as,
3366 4888 3477 4939 haec

1893 4985 2034 5038 addo
2069 5001 2081 5037 :
2115 4983 2330 5037 clausos
2361 5000 2504 5036 nunc
2534 4984 2702 5037 etiam
2738 4999 2838 5037 nos
2868 4992 3013 5037 tenet
3062 4980 3298 5035 carceris
3334 4994 3473 5047 pra:-

1890 5075 2086 5131 fectus.
2131 5076 2332 5142 Quare,
2365 5086 2420 5131 et
2455 5078 2780 5147 quomodo?
2808 5078 3077 5142 Quoniam
3106 5083 3319 5144 oportet
3358 5073 3471 5125 dis-

1890 5171 2212 5242 pensatione
2266 5172 2345 5225 uti
2399 5171 2452 5224 in
2504 5172 2665 5226 rebus
2714 5172 3090 5226 necessariis:
3128 5168 3349 5237 quando
3385 5182 3468 5222 ct-

1891 5264 2020 5318 bum
2052 5265 2393 5332 sumpsimus
2425 5280 2551 5318 cum
2576 5264 2889 5317 Chonarum
2925 5262 3305 5317 haeresiarcha.
3340 5261 3470 5313 Illuc

1893 5359 2097 5427 quippe
2138 5355 2359 5411 deducti
2404 5356 2641 5425 primum
2699 5356 2903 5410 fuimus
2938 5356 3005 5408 ah
3041 5354 3106 5408 iis
3135 5354 3227 5423 qui
3268 5368 3369 5407 nos
3400 5368 3468 5406 ex

1890 5449 2112 5505 Oriente
2148 5450 2489 5504 abduxerant
2521 5467 2533 5502 :
2564 5460 2617 5503 et
2642 5447 3054 5519 genuﬂeximus,
3078 5445 3469 5516 genuﬂeetente

1889 5544 2091 5613 pariter
2128 5543 2221 5597 illo
2254 5561 2267 5596 :
2302 5552 2354 5595 et
2389 5542 2623 5610 amplexi
2662 5556 2785 5594 eum
2828 5556 3041 5595 sumus.
3088 5537 3151 5590 Et
3175 5547 3465 5607 postquam

1888 5634 2136 5707 permisit
2189 5644 2246 5689 ut
2297 5650 2464 5687 unum
2502 5633 2555 5686 in
2605 5633 2785 5686 locum
2831 5632 3247 5685 conveniremus
3285 5645 3384 5700 ego
3411 5637 3467 5685 et

1886 5728 2144 5783 dominus
2188 5726 2539 5785 Athanasius.
2579 5725 2819 5778 bibimus
2869 5740 2975 5776 una
3022 5740 3144 5777 cum
3192 5740 3257 5776 eo
3296 5723 3464 5778 semel

1882 5827 2047 5889 atque
2098 5819 2293 5873 iterum
2321 5834 2333 5870 :
2362 5831 2711 5886 nequaquam
2750 5823 2926 5868 tamen
2977 5815 3338 5883 comedimus,
3362 5814 3464 5869 ob-
