4164 6474
691 396 831 462 1283

1889 400 1952 460 S.
1992 389 2388 458 THEODORI
2420 387 2564 450 STU
2572 386 2769 448 DITAB

3828 379 3965 442 1284

691 526 923 571 testante
952 528 1224 590 serpente,
1248 529 1303 575 et
1330 519 1715 575 insusurrante
1749 515 2119 572 fraudulenta.
2152 508 2268 564 llac

2377 500 2726 574 ἐχρησάμεθα
2750 540 2767 563 ,
2806 498 3144 569 ἀπαχθέντες
3174 497 3350 562 ἔνθεν,
3383 496 3480 550 καὶ
3530 494 3665 565 πρὸς
3697 495 3790 547 τὸν
3824 496 3884 546 ὲν
3922 490 3966 561 ᾧ

690 610 1063 666 moderatione
1097 614 1179 667 usi
1212 628 1404 667 sumus
1460 626 1585 667 cum
1621 610 1840 664 abducti
1893 608 2017 663 inde
2074 604 2272 658 luisse-

689 718 813 756 mus
837 703 901 755 ad
933 704 1249 764 draconem,
1286 716 1523 771 quocum
1558 701 1645 755 hic
1672 713 1979 753 versamur.
2012 695 2116 761 Qui
2148 709 2275 748 cum

689 789 885 844 seriem
922 799 1049 843 ante
1084 791 1380 852 didicisset,
1420 788 1553 842 nihil
1610 788 1845 856 amplius
1889 787 2046 845 ursit,
2100 783 2276 852 utqui

690 872 1019 940 persuadere
1052 890 1161 926 non
1196 881 1379 942 poSset
1419 890 1432 925 :
1471 871 1657 940 injecit
1682 882 1885 928 tamen.
1921 868 2127 923 utvidit
2151 882 2274 931 nos,

689 965 757 1017 de
798 974 1121 1032 argumento
1179 979 1529 1027 sermonem,
1559 966 1685 1032 quia
1748 962 1882 1015 nihil
1942 970 2045 1023 est,
2080 957 2276 1028 inquit,

689 1066 785 1109 aut
828 1057 1204 1125 perexiguum,
1237 1057 1286 1109 id
1329 1057 1396 1110 de
1433 1073 1543 1125 quo
1584 1067 1667 1110 est
1701 1058 1956 1126 quaestio.

763 1150 840 1203 Ad
862 1166 983 1218 quae
1017 1150 1432 1220 respondimus,
1470 1152 1550 1203 vel
1582 1168 1644 1204 ex
1672 1151 1830 1217 longe
1855 1146 2108 1203 maximis
2132 1161 2275 1199 esse.

692 1235 850 1302 Quod
884 1240 926 1290 si
958 1238 1136 1306 jubes,
1179 1239 1421 1307 inquam,
1461 1240 1565 1302 dic,
1609 1248 1663 1292 et
1705 1239 1947 1291 vicissim
1980 1236 2126 1291 audi.
2170 1232 2277 1288 Sed

694 1330 1013 1383 omittamus
1052 1332 1101 1383 in
1128 1332 1435 1399 praesentia,
1478 1332 1620 1400 quod
1653 1342 1707 1384 et
1755 1329 1959 1384 factum
2012 1338 2116 1382 est.
2160 1326 2276 1380 Alia

693 1420 911 1488 quidem
942 1423 1119 1474 dicere
1164 1423 1381 1490 longum
1425 1423 1497 1476 sit
1534 1440 1546 1475 :
1585 1422 1649 1474 ad
1698 1424 1857 1476 linem
1907 1421 2078 1474 tendit
2102 1420 2279 1472 oratio

694 1512 853 1578 cujus
908 1513 1078 1581 gratia
1108 1527 1338 1567 exorsos
1374 1530 1521 1568 sunt.
1575 1511 1805 1566 Putabat
1835 1510 2065 1565 callidus
2094 1526 2151 1563 se
2179 1526 2279 1564 nos

692 1600 898 1651 sensim
937 1600 1317 1668 pellecturuni,
1349 1618 1453 1655 non
1492 1616 1800 1655 sermonem
1826 1599 1893 1653 de
1929 1599 2263 1667 imaginibus

693 1688 1045 1749 conferendo,
1110 1690 1201 1742 sed
1266 1689 1652 1742 benefaciendo
1701 1689 1966 1750 fortasse,
2001 1698 2055 1741 et
2086 1689 2267 1742 amice

694 1779 1080 1846 colloquendo,
1138 1789 1195 1831 et
1249 1778 1587 1847 przeiecturaa
1645 1779 1977 1832 mentionem
2040 1778 2275 1832 interse-

2377 595 2545 662 ἐσμεν
2590 592 2879 661 δράκοντα.
2916 592 3012 653 Ὃς
3059 586 3365 659 προμαθὼν
3411 588 3502 642 τὸν
3542 585 3757 657 εἱρμὸν,
3809 586 3968 638 οὐδὲν

2376 683 2539 736 πλέον
2566 683 2899 752 ἠνάγκασεν,
2931 682 3004 744 ὡς
3039 680 3115 753 μὴ
3149 682 3349 751 ἰσχύων
3380 684 3595 734 πεῖσαι·
3637 678 3970 749 συνεκίνησε

2376 773 2420 825 δ’
2448 770 2542 827 οὖν
2576 776 2724 844 ὅμως
2757 774 2948 841 λόγους
2983 776 3039 827 ὲν
3084 773 3163 844 τῷ
3193 775 3321 827 ἰδεῖν
3352 775 3501 843 ἡμᾶς
3532 772 3793 844 περὶτῆς
3836 773 3972 824 ὑπο-

2378 864 2581 927 Θέσεως
2600 880 2614 892 ⁸
2659 865 2748 927 Ὠς
2771 864 2924 917 οὐδέν
2953 865 3093 931 ἐστι,
3123 864 3280 936 φησι,
3314 866 3408 917 καὶ
3436 864 3669 935 σμικρὸν
3695 863 3763 916 τὸ
3786 866 3967 933 ἀμφι-

2380 956 2769 1028 σὸητούμενονο

2450 1137 2595 1208 Πρὸς
2632 1136 2667 1191 ἃ
2697 1137 3101 1208 ἀπεκρινάμην,
3130 1138 3211 1191 ὅτι
3234 1138 3345 1191 Καὶ
3372 1136 3481 1191 τῶν
3510 1138 3787 1207 μεγίστων
3819 1137 3965 1192 λίαν.

2378 1230 2509 1295 Καὶ,
2547 1232 2595 1282 εί
2623 1230 2888 1293 κελεύεις,
2929 1230 3054 1299 λέγε
3085 1232 3180 1284 καὶ
3208 1232 3495 1284 ἀντάκουε.
3528 1231 3670 1283 Ἀλλ’
3703 1233 3968 1299 ἐάσωμεν

2377 1320 2437 1373 τὸ
2472 1321 2587 1383 νῦν,
2619 1321 2647 1373 ὅ
2677 1322 2773 1373 καὶ
2800 1323 3012 1389 γέγονε.
3050 1318 3232 1375 Τᾶλλα
3278 1323 3377 1391 μὲν
3414 1320 3609 1372 πολλοῦ
3639 1322 3701 1373 τὸ
3743 1323 3933 1389 λέγειν

2378 1414 2471 1466 ἐπὶ
2498 1412 2555 1464 δὲ
2585 1414 2645 1464 τὸ
2677 1413 3005 1482 τελεώτερον
3036 1416 3063 1465 ὁ
3086 1414 3172 1480 λόγ
3186 1430 3243 1475 ος
3264 1453 3279 1477 ,
3328 1412 3396 1465 δι’
3421 1413 3449 1465 ὁ
3478 1417 3572 1467 καὶ
3594 1413 3961 1483 ἀπηρξάμην.

2381 1506 2538 1575 ’ῼετο
2562 1508 2590 1558 ό
2621 1506 2792 1568 δεινὸς
2815 1505 2957 1559 κατὰ
2991 1507 3186 1576 μικρὸν
3214 1508 3361 1576 ἡμᾶς
3384 1506 3564 1560 ἕλκειν
3583 1522 3597 1537 ’
3638 1508 3742 1559 οὐκ
3769 1510 3836 1559 ἐκ
3868 1506 3962 1559 τοῦ

2348 1595 2656 1667 ’συναίρειν
2689 1596 2846 1663 λόγον
2881 1597 3008 1666 περὶ
3058 1598 3316 1649 είκὸνωνο
3361 1597 3474 1650 ἀλλ’
3518 1600 3582 1651 ἐκ
3628 1598 3725 1649 τοῦ
3756 1597 3963 1665 ἀγαθο-

2376 1688 2551 1738 ποτείν
2585 1686 2747 1755 τυχόν
2769 1702 2780 1713 ·
2809 1685 2903 1738 τοῦ
2940 1704 2996 1738 τε
3030 1686 3218 1753 φιλικά
3248 1682 3454 1755 ὁμιλεῖν
3490 1687 3584 1741 καὶ
3608 1687 3964 1739 ἀνατίθεσθαι

2376 1776 2504 1838 τοὺς
2531 1775 2633 1845 τῆς
2667 1776 2925 1846 ἐξαρχίας
2964 1776 3156 1841 λόγους
3204 1776 3340 1841 (ἐπὶ
3388 1777 3496 1845 γάρ
3527 1775 3635 1827 τῶν
3672 1777 3839 1827 πέντε
3867 1774 3966 1826 Θε-

694 1871 865 1922 rendo
898 1869 1290 1931 (Thematibus
1342 1872 1487 1925 enim
1544 1871 1790 1939 quinque
1828 1870 2111 1938 prml‘ectus
2142 1870 2274 1939 est).

2389 1869 2573 1937 μάτων
2620 1868 2907 1933 τέθειται),
2945 1870 3038 1921 καὶ
3079 1868 3188 1939 μὴν
3236 1868 3330 1920 καὶ
3376 1868 3445 1919 «cs
3487 1866 3580 1919 τοῦ
3630 1868 3967 1937 κρατοῦντος

694 1962 826 2031 quin
860 1973 913 2014 et
956 1963 1340 2031 imperatorem
1399 1963 1598 2015 divinis
1654 1962 1909 2015 laudibus
1944 1961 2272 2014 extollendo.

696 2051 880 2113 Venit,
924 2052 1246 2120 hujusmodi
1305 2052 1580 2121 colloquia
1637 2062 1821 2105 movet
1853 2070 1866 2104 :
1898 2063 1971 2112 et,
2024 2051 2168 2118 quod
2211 2066 2276 2103 ne

696 2143 865 2199 semel
916 2144 1135 2212 quidem
1180 2145 1383 2198 fecerat
1422 2144 1475 2197 in
1526 2158 1764 2205 carcere,
1804 2153 1989 2210 potum
2027 2142 2274 2211 praebuit.

694 2235 900 2287 Ansius
928 2236 1135 2305 accepi,
1168 2237 1312 2289 ebibi
1336 2244 1417 2289 ter
1447 2235 1763 2303 obsignans,
1801 2234 1999 2286 factum
2028 2233 2273 2285 extimui.

697 2324 848 2380 Vah!
887 2326 1055 2381 Paulo
1098 2337 1219 2397 post
1265 2330 1402 2381 clam
1464 2329 1707 2382 abducit.
1757 2328 1917 2395 lnjeci
1967 2342 2273 2379 sermonem

695 2419 763 2473 de
790 2420 1033 2475 veritate.
1087 2418 1423 2473 lncitabatur
1456 2431 1509 2472 et
1541 2421 1649 2472 ille.
1688 2418 1987 2471 Sententiis
2017 2418 2156 2469 ultro
2204 2415 2280 2468 ei-

697 2518 894 2579 troque
933 2511 1363 2579 depugnavimus
1397 2528 1411 2575 ;
1450 2511 1542 2564 illo
1572 2510 1788 2578 quidem
1829 2510 1986 2578 pleno
2017 2523 2112 2560 ore
2149 2507 2279 2559 ridi-

696 2602 817 2654 cule
877 2601 1173 2662 eﬂ'utieute.
1220 2616 1305 2654 me
1366 2616 1495 2653 vero
1560 2602 1789 2654 remisse
1844 2601 1895 2653 iu
1946 2599 2275 2669 quibusdam

698 2694 1023 2761 procedente
1057 2712 1070 2748 :
1102 2708 1165 2747 eo
1191 2693 1336 2761 quod
1363 2694 1427 2747 ad
1456 2694 1840 2762 imperatorem
1878 2692 2122 2745 tenderet
2153 2705 2274 2742 ser-

699 2802 809 2850 mo,
850 2797 902 2841 et
964 2801 1030 2839 ne
1082 2804 1205 2839 eum
1235 2787 1471 2840 tumultu
1508 2788 1946 2855 sejungereniur.
1982 2784 2276 2851 Postquam

700 2894 833 2933 sane
864 2878 1296 2947 propositionem
1347 2894 1523 2932 meam
1566 2889 1621 2931 et
1664 2878 1776 2946 ipse
1806 2878 1999 2942 objeei,
2035 2891 2139 2928 non
2182 2876 2277 2927 ba-

698 2971 818 3025 buit
848 2974 991 3040 quod
1024 2974 1393 3039 responderet.
1446 2973 1507 3025 Et
1541 2972 1651 3024 dixi
1690 2990 1701 3024 :
1737 2972 1995 3037 Quaenam
2029 2981 2113 3023 est
2164 2971 2277 3023 lucc

701 3064 1079 3132 blasphemia?
1104 3063 1261 3117 Pater
1281 3076 1333 3117 et
1361 3062 1595 3131 Spiritus
1630 3065 2107 3118 comnmuicarunt
2129 3063 2179 3114 in
2214 3063 2279 3115 iis

700 3167 822 3219 qua:
853 3151 1107 3205 Christus
1143 3153 1458 3206 humanitus
1496 3153 1689 3220 gessit,
1726 3153 1956 3207 annon?
1990 3154 2053 3205 Et
2077 3152 2163 3205 ille
2186 3167 2280 3205 an-

2380 1960 2705 2024 ὲκοειάζειν.
2741 1954 2939 2023 Ἶικεν,
2994 1960 3213 2029 ἐκίνησε
3260 1961 3370 2023 τὰς·
3407 1959 3664 2016 τοιαύτας
3703 1959 3966 2027 ὁμιλίας·

2378 2052 2457 2103 ἔτι
2505 2051 2532 2103 ὃ
2575 2052 2684 2104 οὐδ’
2731 2052 2878 2116 απαξ
2922 2052 3179 2119 ἐποίησεν
3220 2052 3277 2103 ὲν
3311 2054 3377 2122 τῇ
3428 2050 3665 2121 φυλακῇ,
3716 2050 3965 2102 ἐπέδωκε

2380 2147 2550 2196 πιεῖν.
2583 2145 2818 2198 Ἐλαὸον
2853 2145 3096 2219 δαχοείςς
3137 2144 3290 2195 ἔπιον
3322 2143 3784 2213 κατασφραγὶσας
3808 2142 3929 2209 τρες
3950 2158 3963 2169 ·

2377 2236 2649 2306 ἐφοϐήθην
2678 2238 2738 2289 τὸ
2764 2237 2968 2306 δρᾶμα.
3018 2237 3164 2292 osa!
3197 2238 3354 2290 Κατά
3382 2235 3578 2306 βραχὺ,
3619 2235 3966 2304 ἀνεπαισῧή-

2376 2343 2484 2389 τως
2512 2329 2789 2397 κατασπᾷ.
2820 2328 3036 2397 Συνῆρα
3058 2328 3215 2393 λόγον
3245 2328 3374 2397 περὶ
3398 2326 3673 2396 ἀληθείας.
3695 2327 3963 2396 Ὡτρύνθη

2378 2422 2653 2481 κάκεῖνος.
2674 2420 3165 2489 ’Λντετοξεύσαμεν
3188 2420 3446 2489 χρήσεσιν
3471 2420 3734 2489 ἀλλήλους
3757 2435 3771 2448 ⁸
3794 2419 3963 2471 αὑτοῦ

2383 2513 2479 2580 μὲν
2511 2513 3037 2577 ἀποστοματίζοντος
3088 2512 3482 2583 χλευαστικῶς,
3519 2512 3697 2581 κάμοῦ
3729 2513 3965 2580 ὑφειμέ-

2380 2621 2485 2664 νως
2539 2606 2834 2673 ἐρχομένου
2870 2604 2926 2655 ἕν
2960 2619 3107 2655 τισι’
3157 2604 3245 2657 διὰ
3292 2603 3353 2656 τὸ
3403 2601 3796 2655 ἀποτείνασθαι
3837 2601 3964 2663 τοὺς

2378 2694 2569 2761 λόγους
2602 2697 2737 2765 πρὸς
2766 2699 2857 2748 τὸν
2893 2696 3117 2766 βασιλέα
3141 2714 3154 2727 ο
3190 2696 3284 2747 καὶ
3325 2696 3387 2747 τὸ
3434 2696 3507 2765 μὴ
3541 2698 3751 2764 ταραχῇ
3794 2712 3963 2746 κατα·

2377 2786 2659 2856 διαστῆναι
2690 2787 2951 2855 ἀλλήλων.
3007 2787 3226 2857 Ἐπειδὴ
3258 2787 3353 2839 καὶ
3385 2786 3647 2856 πρότασέν
3684 2803 3787 2855 μου
3828 2802 3957 2854 προ·

2378 2878 2654 2939 τείναντος
2683 2878 2952 2947 ἠπόρησε.
2985 2879 3091 2929 Καὶ
3114 2871 3288 2929 εἶπον*
3316 2877 3646 2945 Βλασφημία
3668 2875 3755 2937 τίς
3786 2874 3958 2943 αὖτης

2390 2969 2447 3020 ὐ
2482 2968 2669 3038 Πατὴρ
2702 2954 2795 3020 καὶ
2825 2970 2885 3021 τὸ
2923 2968 3146 3037 Πνεῦμα
3174 2970 3570 3039 κεκοινώνηκεν
3601 2972 3659 3021 ὲν
3689 2963 3772 3031 οἷς
3803 2969 3961 3038 ἕδρα-

2383 3076 2471 3110 σεν
2504 3060 2859 3129 ἀνθρωπίνως
2879 3064 2905 3112 ὁ
2922 3062 3176 3128 Χριστὸς,
3196 3063 3282 3113 ναὶ
3306 3062 3336 3130 ἦ
3370 3060 3429 3113 οὗ
3453 3062 3538 3125 ;’0
3559 3061 3616 3111 δὲ
3643 3062 3959 3122 κατένευσε,

2379 3152 2473 3203 καὶ
2495 3152 2852 3223 διισχυρίζετο
2873 3151 3045 3215 οὕτως
3075 3153 3238 3222 ἔχειν.
3269 3154 3369 3205 Διά
3388 3170 3470 3204 τοι
3492 3152 3664 3203 ταῦτα
3688 3155 3721 3220 ή
3744 3150 3958 3219 ὕφεσις,

698 3244 837 3305 nuit,
878 3252 927 3297 et
956 3244 1245 3298 aﬂirmavit
1274 3246 1345 3297 ita
1382 3259 1493 3298 rem
1529 3246 1749 3298 habere.
1787 3244 2011 3313 Propter
2042 3246 2153 3299 haec
2183 3259 2271 3297 re-

2380 3242 2531 3312 καὶὴ
2566 3242 2639 3305 ὼς
2680 3246 2736 3295 ἐν
2774 3244 2924 3316 μάχῃ
2966 3243 3267 3307 διάστασις.
3311 3244 3369 3296 '0
3394 3244 3447 3296 δὲ
3472 3241 3724 3309 ἐξελθὼν,
3762 3244 3958 3311 φησίν·

706 3336 877 3391 missa
930 3339 1233 3402 contentio,
1265 3347 1319 3391 et
1366 3339 1522 3407 quasi
1554 3354 1583 3391 a
1616 3354 1794 3408 pugna
1833 3338 2135 3392 discessum
2171 3345 2273 3390 est.

699 3429 770 3482 At
820 3429 906 3481 ille
945 3430 1225 3483 discedens
1260 3447 1273 3482 :
1313 3430 1388 3483 lta
1441 3432 1722 3498 putabam,
1770 3430 1967 3497 inquit,
2000 3430 2145 3481 hunc
2175 3443 2270 3496 pc-

701 3520 851 3572 nitus
906 3518 1039 3571 nihil
1096 3520 1235 3572 scire
1266 3537 1278 3572 :
1312 3518 1404 3572 sed
1456 3530 1511 3572 et
1557 3520 1825 3587 elinguem
1880 3534 2002 3571 eum
2042 3517 2271 3571 reddidi.

701 3603 815 3674 Ego
845 3620 971 3657 vero
1000 3621 1189 3658 noram
1215 3607 1432 3673 quidem
1472 3608 1622 3658 illum
1652 3608 1860 3658 ratione
1891 3606 2191 3669 carentem,
2220 3614 2274 3658 et

701 3712 866 3765 quam
913 3697 1146 3749 maxime
1197 3698 1409 3749 fatuum
1452 3714 1573 3749 cum
1616 3697 1912 3765 impietate.
1951 3694 2130 3750 Unum
2175 3712 2275 3749 au—

702 3798 809 3842 tem
842 3788 1087 3857 qumsivi,
1120 3798 1176 3840 ut
1206 3787 1483 3840 ﬁctionem
1511 3790 1862 3855 deponerent,
1887 3798 1936 3842 et
1964 3789 2125 3841 aliain
2160 3803 2280 3857 per-

700 3895 890 3933 soaam
925 3896 1161 3949 agerem,
1192 3881 1401 3947 qualem
1434 3879 1585 3933 decet
1635 3880 1898 3931 adversus
1949 3879 2139 3933 ducem
2174 3880 2277 3931 iiii-

700 3973 918 4040 pietatis
950 3988 962 4023 :
998 3972 1123 4039 quia
1158 3970 1309 4023 nefas
1340 3980 1423 4024 est
1454 3980 1578 4024 ante
1628 3985 1829 4038 porcos
1886 3976 2099 4023 mittere
2134 3985 2278 4022 mar-

700 4064 901 4131 garitas
936 4063 1001 4113 ⁷³.
1043 4061 1177 4114 Hinc
1227 4077 1417 4131 magna
1471 4062 1734 4115 custodia:
1782 4077 1936 4123 cura,
1967 4070 2019 4114 et
2054 4061 2279 4113 interdi-

700 4163 845 4206 ctum
888 4168 954 4206 ne
1001 4153 1270 4205 hominem
1310 4153 1477 4204 ullum
1511 4152 1794 4205 rideamus
1829 4170 1840 4205 :
1877 4152 2092 4205 tametsi
2126 4152 2282 4204 aliter

700 4245 974 4311 tliSpensct
1018 4242 1177 4295 Deus.
1238 4240 1358 4295 llam
1405 4243 1528 4295 licet
1571 4260 1661 4311 per
1724 4243 2149 4312 digressionem,
2186 4258 2282 4295 ne-

2392 3331 2641 3384 Ἐδόκουν
2669 3334 2752 3385 ὅτι
2783 3334 2902 3403 ⁴ᾔδει
2934 3350 2988 3385 τι
3017 3333 3127 3386 οὐδ’
3157 3334 3293 3397 ὅλως
3312 3347 3328 3362 ⁸
3360 3333 3495 3385 ἀλλά
3523 3334 3615 3384 καὶ
3647 3330 3962 3398 ἀπεπομά·

2379 3441 2507 3476 τισα
2556 3424 2740 3477 αὐτόν.
2792 3425 2935 3492 Ἐγὼ
2983 3426 3041 3479 δὲ
3087 3426 3260 3494 ἔγνων
3314 3425 3415 3495 μὲν
3458 3426 3617 3477 αὑτὸν
3648 3425 3845 3490 ἄλογον
3882 3424 3962 3475 ὅτι

2384 3514 2619 3585 μάλιστα
2656 3517 2751 3567 σὺν
2785 3515 3142 3586 ἀσεϐείᾳῖΕν
3166 3517 3223 3569 δὲ
3258 3516 3519 3585 ἐζήτησα.
3551 3516 3647 3597 τὴν
3675 3516 3962 3582 ὑπόκρισιν

2375 3606 2679 3659 ἀποθέσθαι
2709 3624 2798 3677 με,
2830 3610 2918 3660 καὶ
2949 3608 3080 3662 ἄλλο
3113 3610 3406 3678 πρόσωπον
3449 3607 3739 3669 ὲπιδείξαι’
3771 3604 3849 3667 ὡς
3884 3606 3963 3656 δεῖ

2377 3696 2515 3768 πρὸς
2547 3697 2897 3768 ἀσεϐἀρχηψ
2948 3699 3072 3750 ἐπεὶ
3120 3699 3180 3751 οὐ
3216 3698 3439 3767 Θεμιτδν
3480 3700 3558 3760 είς
3608 3696 3709 3757 ὕας
3747 3695 3962 3764 βάλλειν

2375 3790 2503 3850 τοὺς
2532 3790 2903 3858 μαργαρίτας.
2946 3788 3227 3842 Ἐντεῦθεν
3256 3791 3288 3858 ἠ
3334 3787 3505 3857 πολλὴ
3532 3787 3828 3855 ἀσφάλεια,
3870 3787 3962 3839 καὶ

2380 3880 2727 3949 παραγγελία
2761 3880 2854 3933 τοῦ
2890 3881 2965 3953 μὴ
2993 3882 3121 3934 ίδεῖν
3146 3883 3295 3950 ἡμᾶς
3324 3881 3629 3951 ἄνθρωπον,
3660 3881 3765 3932 κᾶν
3790 3879 3962 3939 ἄλλως

2384 3974 2643 4046 οίκονομῇ
2694 3978 2848 4040 Θεός.
2900 3976 3089 4029 Ταῦτα
3138 3978 3187 4028 εί
3242 3978 3335 4029 καὶ
3382 3973 3957 4044 παρεκσατικώτερον.

2385 4062 2534 4131 ὅμως
2564 4066 2875 4133 ἀναγκαίως
2906 4065 3125 4136 εἴρηται
3144 4080 3157 4096 ·
3183 4064 3320 4136 πρὸς
3352 4066 3414 4117 τὸ
3448 4064 3665 4134 Θερμῶς
3695 4062 3961 4115 αἰτεῖσθαί

2388 4169 2448 4205 σε
2477 4154 2741 4224 ῥωσθῆναι
2772 4158 2920 4224 ἡμᾶς
2954 4156 3063 4208 ἀπὸ
3093 4159 3194 4226 τῆς
3228 4156 3449 4227 ἐνέδρας
3474 4156 3569 4208 τοῦ
3605 4155 3863 4218 ἀσεϐοῦς.
3905 4155 3961 4205 '0

2388 4244 2618 4312 ἀδελφός
2649 4264 2741 4300 σου
2768 4252 3170 4317 προσαγορεύει
3197 4264 3279 4299 σε.

700 4335 941 4388 cessario
1001 4344 1179 4387 tamen
1211 4334 1350 4387 dicta
1390 4344 1539 4397 sunt,
1584 4350 1694 4405 quo
1732 4337 1891 4390 enixe
1960 4335 2203 4405 postules
2258 4343 2316 4388 ut
2357 4336 2427 4389 ab
2461 4338 2612 4407 impii
2655 4340 2872 4395 insidiis
2937 4340 3253 4395 liberemur.
3288 4336 3476 4393 Frater
3506 4348 3631 4392 tuus
3667 4336 3765 4391 tibi
3820 4336 3963 4391 salu-

699 4442 805 4486 tem
838 4427 989 4482 dicit.

1268 4538 1366 4587 Pro
1396 4536 1591 4588 Christo
1612 4544 1864 4588 certantes
1887 4538 2120 4602 praedicat
2151 4542 2504 4600 conﬁrmatque
2528 4541 2785 4601 proposito
2817 4548 3087 4600 martyrum
3113 4539 3363 4602 exemplo.

768 4723 957 4779 LXIV.
991 4724 1293 4779 Theodorus
1328 4739 1570 4796 peccator
1609 4732 1917 4794 monachus,
1944 4732 2278 4799 spiritalibus

694 4813 820 4865 meis
843 4811 1093 4865 Putribus
1115 4830 1177 4865 ac
1193 4815 1453 4881 fratribus
1469 4816 1558 4883 qui
1578 4819 1799 4884 confessi
1817 4831 1957 4883 sum,
1977 4820 2279 4874 decertant-

694 4921 791 4971 que
842 4906 895 4957 in
952 4908 1250 4960 carreribus
1283 4921 1301 4960 :
1334 4923 1556 4976 quorum
1614 4910 1825 4963 nomina
1877 4925 1998 4966 sunt
2038 4916 2093 4967 in
2140 4917 2275 4969 libro

694 4998 836 5049 ritur}

768 5128 867 5182 Ubi
910 5131 1114 5199 acoepi,
1152 5146 1184 5182 ο
1211 5132 1688 5197 desideratissimi,
1732 5137 2110 5193 testimonium
2145 5142 2265 5196 exi-

692 5220 813 5271 mia:
869 5231 1063 5273 vestra:
1115 5222 1477 5278 confessionis
1530 5240 1626 5293 pro
1682 5226 1947 5293 Christo;
1987 5230 2041 5281 in
2078 5229 2271 5286 laudes

690 5311 843 5377 ernpi
880 5328 893 5363 :
935 5310 1229 5379 gloriﬁcavi
1275 5312 1441 5367 Deum
1497 5318 1587 5385 qui
1627 5334 1722 5369 vos
1752 5334 1813 5370 es
1850 5322 2135 5390 peregrina
2186 5338 2274 5376 re-

691 5402 853 5472 gione
887 5402 937 5455 in
980 5406 1181 5474 regiam
1237 5406 1513 5460 civitatem
1555 5411 1789 5474 vocavit,
1833 5422 2092 5481 tanquam
2140 5429 2270 5469 oves

688 5494 1007 5559 rationales,
1038 5496 1105 5549 ad
1140 5496 1578 5566 prol‘undendum
1611 5502 1930 5569 sanguinein
1963 5504 2013 5556 in
2043 5508 2266 5560 odorem

687 5585 972 5640 anavitatis
1014 5586 1118 5657 ipsi
1146 5606 1160 5642 :
1186 5596 1439 5659 tanquam
1480 5590 1652 5644 lucem
1680 5608 1870 5645 eorum
1906 5596 1998 5663 qui
2036 5577 2087 5649 in
2117 5608 2267 5651 tene-

689 5676 805 5734 bris
836 5678 1099 5736 dimicant
1130 5682 1394 5739 htereticaa
1416 5683 1701 5755 caliginis!
1738 5686 2043 5743 Incredibili
2073 5690 2267 5747 deinde

752 5838 801 5872 ”
825 5836 1017 5895 Matth.
1057 5855 1148 5903 νιι.
1186 5841 1241 5899 6.

2383 4734 2486 4789 ΞΔ.
2528 4765 2598 4775 -—
2655 4735 2954 4805 Θεόδωρος
3010 4739 3043 4789 d
3090 4734 3438 4803 ἁμαρτωλὸς
3472 4736 3783 4802 μοναχὸς,
3841 4732 3958 4800 τοῖς

2450 4828 2873 4897 πνευματικοῖς
2904 4846 3017 4895 μου
3050 4828 3318 4896 Πατράσι
3352 4828 3449 4881 καί
3484 4826 3797 4895 ἀδελφοῖς.
3826 4830 3957 4896 sipo.

2447 4921 2771 4989 λογήσασι.
2806 4921 2903 4973 καί
2934 4921 3304 4974 ὲναθλοῡσιν
3330 4921 3399 4973 ἐν
3435 4921 3695 4989 εἱρκταῖς
3717 4937 3730 4951 ·
3776 4912 3866 4973 ὧν
3890 4921 3956 4974 τὰ

2449 5013 2710 5079 ὀνόματα
2732 5012 2802 5063 ἐν
2821 5012 3019 5078 βίϐλῳ
3046 5012 3217 5081 ζωῆς.
3247 5012 3434 5086 [uiuit]

2455 5144 2757 5217 Ἀκηκοὼς,
2794 5139 2839 5199 ὦ
2867 5146 3209 5217 τριπόθητοι,
3238 5148 3299 5201 τὸ
3326 5148 3623 5218 μαρτύριον
3655 5148 3758 5218 τῆς
3789 5149 3955 5217 καλῆς

2370 5234 2526 5304 ὑμῶν
2560 5236 2855 5305 ὁμολογίας
2902 5239 3043 5308 ὑπὲρ
3089 5240 3373 5309 Χριστοῦ,
3425 5239 3683 5310 ὒμνησα·
3732 5242 3954 5305 ἐδόξασα

2370 5327 2463 5380 τὸν
2489 5328 2622 5379 Θεὸν
2668 5331 2759 5381 τὸν
2790 5330 3099 5383 καλέσαντα
3124 5332 3271 5400 ὑμᾶς
3303 5332 3368 5383 ἐκ
3410 5334 3511 5400 τῆς
3555 5332 3861 5401 ἀλλοδαπῆς
3898 5336 3953 5386 ὲν

2369 5424 2435 5493 τῇ
2470 5421 2702 5489 βασιλίδι
2731 5422 2845 5473 τῶν
2868 5423 3101 5487 πόλεων,
3128 5424 3293 5475 οἱονεὶ
3317 5425 3489 5493 ἄρνας
3521 5423 3796 5490 Myrmix,
3814 5419 3950 5492 αἷμα

2374 5513 2609 5565 κενῶσαι
2639 5514 2718 5574 είς
2742 5513 2917 5583 ὀσμὴν
2944 5514 3173 5575 εὐωδίας
3196 5514 3346 5584 αὺτῷ
3366 5532 3379 5545 ’
3403 5516 3520 5582 φῶς
3544 5516 3653 5567 τῶν
3680 5518 3739 5567 ὲν
3772 5518 3948 5568 σκότει

2374 5604 2473 5672 τῆς
2503 5605 2792 5673 αίρετικῆς
2830 5604 3225 5674 νυκτομαχίας.
3266 5604 3400 5661 Εἶτα
3449 5598 3719 5676 ἐπιθομίᾳ
3755 5608 3949 5661 ἐπεθύ-

2376 5713 2525 5769 μησα
2556 5700 2582 5751 ὁ
2605 5697 2865 5760 ταπεινὸς
2905 5697 3031 5753 ίδείν
3059 5700 3209 5771 ὑμᾶς
3233 5705 3360 5763 τοὺς
3390 5699 3767 5771 “insigni
3799 5718 3944 5772 περι-
