4164 6514
171 437 319 503 1285

1399 444 1945 508 EPISTOLARUM
1987 448 2135 509 LIB.
2177 448 2255 509 II.

3332 448 3471 513 1286

169 546 489 614 πτύξασθαι
516 546 615 602 ἕνα
646 546 770 602 καθ’
821 550 940 617 ἐνα,
977 551 1128 624 πόθῳ
1170 551 1423 627 διαπύρῳ
1451 556 1767 626 ἑλκόμενος.

1878 558 2180 627 cupiditate
2200 556 2385 611 exarsi
2413 570 2513 627 ego
2542 555 2795 619 humilis,
2827 571 2922 611 vos
2953 556 3473 624 athletasintueudi,

182 641 335 695 Ἀλλ’
376 642 565 714 ἐπειδὴ
615 641 778 695 τοῦτο
830 646 1163 714 σωματικῶς
1208 647 1503 702 ἀδύνατον·
1548 649 1638 703 διὰ
1675 649 1771 704 τοῦ

168 734 507 807 γράμματος
536 736 829 806 ἀρπαγεὶς,
859 739 955 790 καλ⁸
985 738 1150 809 μέσος
1176 740 1372 804 ἑστὼς,
1404 742 1501 795 καὶ
1530 743 1775 808 ἀσπάζο-

173 846 278 897 μαι
307 828 375 881 τά
402 826 535 897 ἅγια
568 828 723 899 ὑμῶν
750 829 893 900 ἴχνη,
926 834 1034 884 καὶ
1066 832 1210 903 φιλῶ
1236 834 1508 904 φλιήματι
1536 834 1678 905 ἀγίῳ
1704 836 1774 890 τὰ

173 922 303 993 ἱερά
342 921 499 991 ὑμῶν
531 921 916 994 πρόσωπα.Ὠ
942 926 1099 980 καλοὶ
1131 928 1469 998 στρατιῶται
1506 927 1769 998 Χριστοῦ,

168 1015 251 1079 ὡς
291 1016 387 1069 ἀπ’
420 1017 678 1086 οὐρανίου
710 1019 1103 1090 στρατολογίας
1134 1021 1469 1091 κεκλημένοι
1492 1038 1504 1049 ο
1538 1016 1583 1074 ὦ
1613 1022 1775 1076 ἀστέ-

173 1126 271 1179 ρες
301 1091 513 1179 φαεινοίι
546 1111 605 1163 ἐν
638 1114 795 1165 νυκτὶ
835 1113 1094 1177 ἀσεϐείας
1127 1115 1518 1185 διαυγάζοντες
1549 1116 1769 1189 690060-

171 1203 331 1268 ξίανί
380 1203 521 1275 ὑπὲρ
560 1205 785 1275 χρυσίον
831 1207 1301 1279 τιμαλφὲστεροι,
1355 1208 1499 1278 ὑπὲρ
1552 1210 1770 1280 σμάρα-

168 1298 306 1365 γδον
357 1299 451 1353 καὶ
498 1301 783 1372 μάργαρον
829 1302 1306 1372 ἐκλαμπρότεροιί
1351 1302 1572 1365 Πολλοῖς
1625 1304 1768 1374 ὑμᾶς

168 1387 404 1458 ὀνόμασι
428 1391 796 1460 καταστέφειν
828 1392 1126 1460 ἀξιολόγως
1161 1395 1471 1465 ἐφιέμενος,
1507 1395 1568 1447 οὐ
1593 1412 1772 1464 παρα-

169 1480 462 1551 χωροῦμαι
478 1482 556 1553 τῷ
588 1484 773 1555 μέτρῳ
795 1488 892 1555 τῆς
919 1487 1212 1557 ἐπιστολῆς
1232 1490 1763 1561 στενοχωρούμενος.

186 1573 302 1628 Ἑνὶ
347 1576 405 1629 δὲ
457 1576 603 1647 λόγῳ
651 1577 713 1630 τὸ
759 1579 869 1630 πᾶν
920 1578 1234 1648 περιλαϐὼν
1279 1580 1531 1651 λέγοιμι·
1576 1583 1655 1636 ὅτι
1706 1584 1768 1635 τὸ

173 1670 484 1740 μαρτύριον
528 1670 687 1740 ὑμῶν
730 1670 1039 1724 ἰσοστάσιον
1072 1675 1196 1734 τοῖς
1243 1673 1357 1727 ἄνω
1408 1676 1763 1746 μαρτυρίοιςο

171 1762 413 1834 ἐπείπερ
460 1764 752 1832 τηλαυγῶς
798 1766 1035 1837 Χριστὸν
1083 1766 1339 1836 ὁμολογεῖ
1383 1770 1410 1821 6
1444 1769 1542 1839 τὴν
1581 1771 1766 1823 εἰκόνα

171 1856 421 1926 Χριστοῦ
464 1857 745 1927 ὁμολογῶν
798 1857 1087 1929 δέχεσθαι’
1117 1860 1190 1924 ὡς
1222 1861 1402 1915 καὶτὸ
1450 1866 1549 1933 τῆς
1593 1864 1764 1934 ἀρνή-

176 1966 318 2012 σεως
350 1949 484 2019 ἔχει.
531 1951 596 2003 'll
637 1952 742 2022 γὰρ
770 1955 869 2022 τῆς
908 1952 1281 2025 εἰκόνος,τιμὴ
1324 1955 1418 2007 ἐπὶ
1457 1957 1519 2009 τὸ
1550 1960 1765 2029 πρωτό-

168 2056 343 2093 τυπον
376 2039 684 2106 ἀναϐαίνει,
719 2043 794 2106 ὡς
831 2046 859 2096 6
889 2044 1060 2114 μέγας
1092 2046 1373 2110 Βασίλειος
1399 2047 1501 2118 ἔφη
1525 2066 1537 2078 ·
1573 2051 1667 2103 καὶ
1704 2051 1766 2104 τὸ

168 2133 483 2203 ἀρχέτυπον
514 2135 571 2186 ἐν
613 2137 676 2205 τῇ
714 2136 886 2189 εἰκόνι
925 2137 1267 2206 ἐκφαίνεται,
1326 2140 1401 2204 ὡς
1448 2137 1606 2206 αὖθις
1641 2146 1765 2195 Διο-

168 2225 358 2291 νύσιος
394 2228 422 2279 ὁ
460 2227 738 2296 πάνσοὶρος
787 2223 932 2284 εἶπε.
970 2230 1078 2282 Καὶ
1109 2232 1235 2284 ἐπεὶ
1281 2233 1517 2302 Χριστὸς
1552 2235 1765 2306 ἀνορω-

168 2336 274 2380 πος
307 2320 557 2387 τέλειος,
616 2321 786 2392 μηδὲν
834 2322 1169 2388 ἐκλελοιπὼς
1214 2326 1326 2379 τῶν
1355 2328 1411 2379 ἐν
1456 2328 1767 2399 ἀνθρώποις

170 2411 600 2483 θεωρουμένων·
623 2414 738 2484 ἔχει
770 2416 828 2466 τὺ
860 2414 1289 2481 ἐξεικονίζεσθαι
1314 2419 1389 2483 ὡς
1410 2422 1518 2481 πᾶς
1550 2420 1767 2492 ἄνθρω-

171 2521 309 2568 πος·
360 2505 552 2576 ὥσπερ
586 2504 700 2577 ἔχει
743 2506 802 2559 τδ
857 2506 930 2579 μὴ
967 2510 1455 2580 περιγράφεσθαι,
1498 2512 1635 2564 καθὸ
1674 2512 1770 2565 καὶ

172 2594 307 2658 Θεὸς
334 2597 364 2649 6
394 2597 559 2660 αὐτὸς
592 2597 820 2661 τέλειος.
856 2599 918 2651 Ei
966 2599 1010 2651 δ’
1050 2602 1151 2653 οὑκ
1200 2603 1535 2673 ἐγγράφοιτο
1576 2621 1769 2673 σωμα-

173 2688 311 2757 τικῷ
352 2689 706 2760 χαρακτῆρι,
744 2690 969 2744 ούτίπου
1020 2693 1328 2763 ἄνθρωπος.
1387 2696 1621 2766 Σημεῖον
1661 2697 1769 2769 γὰρ

172 2783 395 2854 πρῶτον
428 2784 523 2836 καὶ
554 2784 757 2856 ἀληθὲς
806 2787 887 2838 ὅτι
921 2786 1211 2857 ἄνθρωπος
1236 2831 1250 2853 ,
1284 2791 1332 2842 εί
1385 2789 1765 2855 ἐξεικόνισται.

170 2877 285 2930 Καὶ
311 2876 465 2929 οὔπω
491 2877 623 2948 περὶ
655 2880 757 2949 τῆς
790 2878 1081 2964 δεσποίνης
1118 2882 1215 2935 τοῦ
1248 2885 1448 2947 παντὸς
1478 2885 1769 2952 Θεοτόκου,

170 2972 268 3023 καὶ
294 2969 432 3022 ὅλων
469 2969 771 3042 συλλήϐδην
804 2971 913 3025 τῶν
952 2972 1125 3042 ἁγίων
1145 2990 1159 3003 ’
1192 2968 1267 3029 ὧν
1297 2977 1622 3049 ἁΟέτησις-ή
1663 2978 1770 3033 τῶν

173 3061 394 3115 σεπτῶν
428 3062 611 3114 αὐτῶν
644 3064 875 3116 εἰκόνων
921 3066 1225 3136 ἀναίρεσις.
1286 3068 1430 3122 Ἀλλ⁹
1482 3072 1509 3122 6
1569 3069 1771 3122 συνιὼν

1876 664 1940 705 ac
1994 648 2344 720 amplexandi
2411 665 2891 720 unumquemque,
2944 650 3172 705 incenso
3228 653 3473 707 onmium

1876 758 2064 797 amore
2097 753 2427 812 pertractus.
2466 742 2571 797 Sed
2620 745 2880 814 quoniam
2920 743 3035 797 fieri
3075 760 3181 797 non
3219 754 3477 813 potestut

1875 848 2061 887 coram
2097 834 2270 889 adsim
2341 851 2576 904 corpore
2611 854 2625 902 ;
2664 852 2760 906 per
2819 838 3033 893 litteras
3090 834 3373 909 abreptus,
3409 857 3475 896 ac

1875 923 2041 977 veluti
2090 933 2242 979 stans
2304 925 2357 979 itt
2416 927 2618 990 medio,
2652 937 2707 980 ct
2760 929 3109 983 sanctissima
3170 933 3474 999 amplector

1874 1016 2103 1085 vestigia
2151 1026 2354 1082 vestra,
2384 1026 2437 1071 et
2467 1034 2562 1072 ora
2591 1035 2746 1073 sacra
2783 1023 2975 1076 osculo
3009 1032 3201 1076 sancto
3234 1040 3471 1079 exoscu-

1875 1105 1979 1160 lor.
2015 1106 2059 1160 0
2094 1110 2303 1162 strenui
2340 1111 2541 1165 milites
2576 1111 2803 1175 Christi,
2833 1114 2988 1182 quasi
3020 1115 3226 1168 coalesti
3256 1116 3469 1172 delectu

1872 1201 2203 1269 conscripti!
2243 1218 2276 1255 ο
2314 1204 2494 1257 sidera
2531 1204 2711 1259 lucida
2764 1222 2860 1275 per
2914 1207 3208 1275 impietatis
3248 1220 3465 1265 noctem

1872 1302 2038 1347 rectae
2072 1294 2195 1347 fidei
2234 1296 2520 1364 splendore
2555 1295 2816 1366 fulgentia
2847 1299 2860 1351 ι
2904 1299 3051 1351 omni
3101 1315 3234 1353 auro
3266 1304 3469 1370 pretio-

1873 1390 2050 1441 siora!
2086 1391 2376 1460 smaragdo
2407 1400 2459 1443 et
2498 1391 2702 1444 unione
2758 1392 3121 1446 micantiora!
3160 1394 3293 1447 Cum
3329 1396 3467 1451 tuui-

1872 1479 1946 1533 tis
1981 1496 2077 1535 vos
2111 1496 2381 1536 exornare
2407 1482 2744 1545 nominibus,
2780 1494 2838 1537 ut
2873 1500 2971 1552 par
2993 1494 3097 1549 est,
3121 1486 3464 1557 desiderem;

1872 1587 1980 1625 non
2011 1572 2201 1625 sinunt
2239 1573 2490 1642 epistolae
2551 1574 2719 1629 unius
2770 1575 3038 1647 angustia:
3068 1577 3468 1645 quibusiuclu-

1871 1663 1992 1720 dor.
2056 1662 2176 1720 Uuo
2213 1677 2394 1719 autem
2431 1668 2595 1721 verbo
2656 1668 2911 1722 universa
2944 1670 3265 1738 complexus
3310 1672 3460 1726 dixe-

1871 1760 1998 1824 rim,
2030 1760 2379 1829 superiorum
2413 1770 2723 1830 temporum
2763 1764 3039 1833 ntat'tyt‘iis
3074 1773 3314 1819 vestrum
3349 1783 3471 1821 esse

1875 1870 1975 1923 par
2026 1862 2081 1908 et
2136 1856 2346 1924 aequale
2397 1858 2720 1927 martyrium
2752 1876 2765 1911 :
2794 1861 3240 1928 quandoquidem
3272 1865 3471 1915 ‘mani-

1874 1945 2013 2000 feste
2040 1947 2323 2003 Christum
2381 1950 2691 2015 confitetur,
2720 1955 2812 2022 qui
2845 1970 2904 2006 se
2937 1952 3142 2007 Christi
3177 1953 3466 2023 imaginem

1874 2042 2168 2096 confitetur
2200 2044 2493 2099 admittere
2528 2064 2540 2098 :
2580 2046 2838 2115 idemque
2864 2047 2932 2100 de
2970 2048 3262 2116 negatione
3295 2049 3461 2103 vicis-

1875 2135 1977 2187 sim
2006 2136 2379 2192 senticndum.
2429 2137 2687 2208 ltnaginis
2719 2142 2868 2193 enim
2910 2141 3088 2194 honos
3120 2142 3185 2194 ad
3232 2152 3470 2211 prototy-

1876 2242 2007 2296 pum
2040 2230 2261 2290 transit,
2294 2242 2353 2283 ut
2385 2244 2615 2300 magnus
2647 2231 2786 2285 dixit
2838 2230 3080 2286 Basilius
3113 2248 3127 2284 :
3167 2242 3219 2285 ct
3251 2236 3300 2285 in
3334 2234 3471 2285 ima-

1876 2318 2001 2387 gine
2033 2320 2390 2391 archetypum
2429 2323 2694 2388 cernitur,
2730 2333 2788 2375 ιιι
2818 2339 3038 2377 rursum
3072 2313 3143 2376 ait
3177 2324 3468 2393 sapientis-

1876 2411 2052 2465 simus
2084 2412 2397 2483 Dionysius.
2432 2413 2497 2467 Et
2524 2416 2788 2484 quoniam
2828 2417 3083 2471 Christus
3131 2416 3298 2472 homo
3346 2435 3470 2487 pero

1879 2502 2058 2557 fectus
2089 2513 2193 2568 est,
2222 2506 2306 2559 cui
2331 2507 2674 2561 nihileurum
2711 2510 2883 2563 defuit
2910 2525 3032 2577 quae
3065 2510 3117 2562 in
3154 2509 3469 2566 hominibus

1878 2594 2161 2649 intuentur
2194 2612 2207 2649 :
2241 2608 2435 2653 natura
2487 2599 2674 2665 habet,
2730 2600 2958 2669 perinde
2988 2616 3052 2657 ac
3079 2601 3260 2670 quiiis
3292 2602 3469 2656 homi-

1879 2704 2032 2753 num,
2060 2696 2119 2740 ut
2149 2689 2409 2744 delineari
2447 2692 2618 2761 possit
2659 2710 2672 2746 :
2714 2693 3177 2762 quemadmodum
3224 2694 3386 2747 habet
3414 2701 3471 2747 ιιι

1878 2782 2257 2838 circumscribi
2300 2800 2407 2837 non
2461 2785 2653 2854 possit,
2704 2798 2977 2854 quatenus
3028 2785 3171 2839 idem
3223 2794 3276 2838 ct
3324 2784 3467 2843 Deus

1878 2874 2155 2947 perfectus
2184 2885 2288 2931 est.
2344 2878 2501 2944 Quod
2549 2879 2593 2933 si
2637 2894 2903 2948 corporea
2954 2880 3317 2934 similitudine
3369 2879 3468 2933 de-

1880 2970 2028 3041 piugi
2062 2984 2172 3023 non
2204 2981 2403 3041 potest,
2439 2974 2630 3042 utique
2681 2988 2780 3027 nec
2832 2973 2998 3027 homo
3022 2984 3127 3028 σει.
3166 2975 3468 3042 Argumen-

1881 3074 1995 3120 tum
2050 3067 2195 3121 euim
2257 3066 2494 3130 primum
2527 3071 2610 3117 cst
2645 3079 2709 3117 ac
2744 3079 2956 3126 verum,
2993 3066 3137 3133 quod
3182 3067 3343 3119 homo
3376 3069 3467 3131 sit,

174 3156 353 3207 συνιεί
375 3170 389 3185 ’
427 3154 522 3207 καὶ
556 3155 584 3206 6
611 3156 823 3210 ἀθετῶν
872 3158 1059 3211 ἀθετεῖ
1087 3161 1351 3231 ὀλεθρίως
1374 3176 1389 3193 ·
1422 3166 1535 3225 τοῖς
1570 3163 1772 3230 λογίοις

1878 3160 1922 3212 si
1956 3169 2040 3215 est
2067 3158 2340 3229 ejusmodi
2378 3166 2435 3210 ut
2478 3156 2599 3224 ejus
2633 3158 2816 3225 imago
2872 3157 3180 3227 eﬂingatur.
3225 3159 3465 3215 Necdum

171 3249 704 3320 ἀντιφθεγγόμενος.
738 3252 847 3305 Καὶ
883 3255 916 3323 ἠ
949 3252 1168 3317 ἐξουσία
1194 3256 1297 3326 δρᾷ
1317 3258 1404 3308 ἀεὶ
1428 3258 1768 3322 ἐξουσιαστι-

173 3344 325 3407 κῶς·
364 3346 457 3398 καὶ
502 3345 552 3396 oi
606 3343 703 3399 τοῦ
752 3345 887 3399 Θεοῦ
930 3346 1126 3415 ὀλίγοι,
1167 3349 1217 3400 εί
1262 3348 1357 3400 καὶ
1397 3348 1600 3411 πάντες
1632 3349 1772 3401 πλά-

174 3451 398 3505 σματα·
432 3436 529 3489 καὶ
554 3436 713 3501 τέλος
744 3440 813 3509 τῇ
847 3438 1128 3511 Οεοκλὴτῳ
1154 3440 1331 3510 πέτρα
1355 3440 1564 3492 ἄνωθεν
1589 3442 1683 3493 καὶ
1710 3440 1769 3505 ἐξ

171 3527 354 3598 ἀρχῆς
404 3527 572 3582 πύλαι
621 3527 749 3600 ᾅδου
795 3532 1281 3601 προσρήγνυνταιθ
1343 3531 1461 3586 ἀλλ’
1517 3532 1770 3603 οὐδαμῶς

174 3621 544 3690 κατίσχυσαν,
578 3620 686 3675 οὐδ’
716 3621 784 3675 ἂν
818 3623 1230 3692 κατισχύσωσιν
1268 3623 1437 3694 αὐτῆς
1460 3640 1473 3653 υ
1504 3624 1580 3687 ὼς
1608 3627 1642 3696 ἡ
1673 3625 1769 3678 τοῦ

173 3711 448 3782 ἀψευδοῦς
482 3713 800 3785 ὑπόσχεσις.
830 3716 942 3779 Διὸ,
975 3716 1218 3785 ιιατὲρες
1251 3734 1354 3787 μου
1388 3717 1485 3770 καὶ
1528 3719 1769 3787 ἀδελφοὶ,

173 3804 435 3872 στήκετε
466 3806 538 3859 ἐν
570 3805 644 3876 τῇ
694 3810 931 3873 πίστει,
966 3808 1338 3877 ἀνδρίζεσθε,
1378 3811 1775 3879 κραταιοῦσθε

174 3898 247 3952 ἐν
294 3899 515 3966 Κυρίῳ.
556 3900 623 3956 Οἱ
671 3901 824 3972 χοροὶ
865 3900 976 3955 τῶν
1012 3902 1307 3972 μαρτύρων
1361 3904 1497 3974 πρὸς
1545 3905 1775 3968 ἑαυτοὺς

176 3989 325 4060 ὑμᾶς
350 3990 716 4057 ἐγκαλούνται
736 4008 749 4021 ·
769 3992 881 4045 τῶν
910 3992 1261 4063 ὁμολογητῶν
1288 3993 1572 4057 ὡσαύτως.
1588 3995 1775 4047 Ταῦτα

177 4081 255 4148 ὡς
282 4084 342 4138 ἐν
372 4082 603 4154 ὀλίγοις.
661 4086 1031 4149 Συνάπτοντες
1065 4087 1193 4152 ὑμῖν
1225 4087 1457 4150 ἑαυτοὺς
1500 4089 1550 4140 οἱ
1595 4088 1777 4157 ἐλάχι-

180 4189 323 4244 στοι,
367 4178 463 4230 καὶ
493 4177 747 4242 ἀπόντες,
777 4177 855 4247 τῷ
894 4177 1207 4247 πνεύματι·
1243 4177 1319 4241 ὡς
1349 4178 1415 4231 ἂν
1438 4178 1657 4247 γνοίητε
1694 4180 1778 4231 ὃτι

182 4273 337 4343 ἔχετε
374 4271 534 4345 μέλος
578 4272 806 4342 ἔσχατον
835 4267 941 4326 ὧδέ
969 4252 1071 4325 πού
1108 4273 1549 4342 περιωρισμένον
1578 4273 1671 4324 ἐπὶ
1712 4275 1777 4342 τῇ

186 4367 326 4437 αὐτῇ
353 4364 650 4437 ὁμολογία·
706 4367 801 4419 καὶ
848 4366 1036 4419 αἰτοῦν
1089 4366 1233 4435 ὑμᾶς
1270 4364 1674 4434 συλλαμϐάνειν
1718 4366 1776 4414 ἐν

183 4460 305 4521 ταῖς
337 4459 521 4525 ἁγίαις
553 4461 918 4530 προσευχαῖς,
963 4459 1195 4511 κατόπιν
1244 4459 1380 4511 ἱέναι
1428 4456 1537 4511 τῶν
1575 4456 1776 4527 τιμίων

185 4551 345 4621 ὑμῶν
385 4552 569 4622 ἰχνῶν.

1875 3252 2072 3321 loquor
2105 3252 2172 3305 de
2200 3250 2388 3319 regina
2415 3250 2656 3302 universi
2698 3248 2922 3318 Deipara
2959 3269 2971 3303 :
3000 3263 3093 3303 aut
3122 3253 3189 3306 de
3213 3254 3468 3308 omnibus

1872 3351 2082 3405 sanctis
2118 3348 2418 3419 generatim
2448 3363 2724 3416 :quorum
2758 3357 3109 3416 contemptus
3159 3358 3262 3412 est,
3308 3364 3469 3403 vene-

1874 3441 2174 3494 raudartun
2231 3438 2477 3508 ipsorum
2517 3437 2813 3506 imaginum
2848 3438 3079 3492 eversio.
3123 3437 3226 3491 Sed
3256 3440 3346 3507 qui
3383 3440 3468 3492 itt-

1873 3531 2132 3601 telligens
2181 3538 2285 3594 est,
2318 3529 2573 3598 intelligit
2605 3544 2619 3581 :
2653 3540 2707 3582 et
2731 3528 2825 3597 qui
2861 3541 3076 3598 spretor
3121 3540 3223 3595 est,
3270 3531 3469 3584 damno

1874 3641 1975 3680 suo
2004 3624 2235 3694 spernit,
2260 3623 2436 3677 sacris
2469 3622 2685 3691 paginis
2714 3623 3117 3677 contradicens.
3146 3622 3210 3677 Et
3236 3625 3472 3679 abutun-

1875 3732 1963 3773 tur
1997 3718 2216 3789 quidem
2255 3717 2485 3787 imperio
2521 3727 2823 3785 potestates
2854 3734 2867 3771 :
2899 3727 2952 3772 et
2986 3719 3077 3783 qui
3104 3734 3201 3784 pro
3234 3718 3340 3772 Deo
3371 3718 3457 3772 di-

1876 3814 2083 3867 micant
2105 3812 2261 3882 pauci
2283 3820 2443 3876 sunt;
2481 3826 2799 3880 quanquam
2829 3825 3023 3864 omnes
3045 3812 3113 3865 ab
3136 3828 3200 3869 eo
3224 3810 3423 3865 conditi
3452 3828 3466 3876 ;

1876 3906 2113 3975 denique
2150 3905 2216 3957 ad
2250 3916 2481 3973 petram,
2521 3902 2602 3957 sic
2654 3902 2798 3955 enim
2852 3901 2994 3957 Deus
3038 3904 3292 3972 appellat,
3325 3902 3467 3972 jam-

1879 3999 2090 4069 pridem
2128 4007 2292 4065 atque
2330 4011 2359 4050 a
2410 3995 2681 4066 principio
2736 4003 2905 4065 porta:
2934 3994 3099 4048 inferi
3126 3996 3421 4049 alliduntur
3454 4013 3468 4049 :

1880 4092 1973 4146 Sed
2042 4105 2392 4158 nequaquam
2471 4088 2871 4157 praevaluere:
2933 4102 3033 4142 nec
3101 4089 3475 4157 praevalebunt

1882 4185 2145 4238 adversus
2195 4197 2315 4235 eam
2340 4180 2408 4241 ⁷⁸,
2437 4190 2496 4233 ιιι
2525 4179 2799 4249 pollicitus
2845 4187 2930 4232 est
2968 4179 3014 4232 is
3045 4180 3137 4247 qui
3170 4195 3330 4233 verax
3363 4190 3465 4233 est.

1883 4273 2282 4338 Quamobrem,
2313 4269 2505 4324 Patres
2538 4270 2640 4324 mei
2694 4270 3005 4338 fratresque
3039 4289 3052 4324 :
3091 4267 3239 4324 State
3266 4271 3319 4322 iu
3349 4270 3472 4339 ﬁde,

1882 4366 2104 4421 viriliter
2133 4366 2295 4434 agite,
2324 4362 2710 4431 confortamini
2743 4364 2799 4415 in
2827 4362 3052 4416 Domino
3093 4364 3159 4417 ⁷³.
3197 4363 3299 4417 Vos
3324 4365 3387 4417 ad
3414 4379 3471 4416 se

1886 4459 2043 4513 chori
2074 4470 2377 4529 martyrum
2411 4456 2645 4509 invitant
2670 4471 2825 4525 atque
2856 4471 2918 4509 ac
2944 4456 3344 4511 confessornm.
3370 4456 3471 4508 Sed

1813 4544 1991 4605 D‘ista
2034 4551 2271 4620 paucis:
2304 4563 2534 4617 nosque,
2583 4548 2678 4615 qui
2730 4546 2941 4601 minimi
2986 4564 3199 4613 sumus,
3230 4557 3282 4600 et
3324 4548 3472 4601 loco-

186 4663 311 4702 rum
364 4645 541 4717 spatio
592 4643 982 4715 disiungimur,
1030 4643 1223 4711 spiritu
1276 4642 1435 4697 vobis
1492 4642 1883 4698 consociamus
1948 4662 1961 4697 :

2030 4652 2091 4697 ut
2130 4642 2446 4711 intelligatis
2511 4639 2711 4693 habere
2743 4656 2840 4694 vos
2910 4642 3215 4694 membrum
3282 4643 3476 4695 vilissi-

187 4754 364 4800 mum.
396 4736 539 4808 quod
568 4737 768 4792 alicubi
804 4752 903 4806 pro
934 4737 1123 4790 eadem
1155 4734 1503 4790 confessione
1520 4734 1773 4787 exsulat:
1819 4751 1883 4789 ac
1914 4735 2094 4805 poscit
2160 4742 2219 4789 ut
2287 4732 2421 4787 illud
2469 4745 2690 4801 quoque
2739 4732 2945 4786 sanctis
3000 4732 3254 4801 precibus
3284 4733 3473 4786 vestris

188 4832 455 4895 exoretis,
491 4838 551 4883 ut
603 4828 687 4884 fas
710 4830 784 4884 sit
811 4828 1117 4883 veneranda
1150 4828 1378 4898 vestigia
1427 4834 1611 4881 vestra
1647 4827 1931 4897 subsequi.

438 4951 558 5006 ΞΕ’.
593 4980 663 4992 -·
696 4949 1048 5016 Ναυκρατίφ
1080 4947 1294 5010 τέκνῳ.
1341 4946 1460 5019 [υλθ

2306 4943 2468 5000 LXV.
2494 4973 2566 4985 -—
2590 4940 2891 4996 Nattcratio
2914 4943 3051 5012 ﬁlio.

189 5070 501 5132 Dogmatica,
523 5074 577 5117 et
597 5069 736 5117 valde
762 5067 1061 5137 necessaria,
1081 5066 1143 5137 de
1168 5078 1306 5137 sacra
1326 5063 1505 5137 Christi
1528 5062 1743 5137 imagine
1767 5078 1780 5112 :
1808 5076 2068 5137 exponens
2089 5064 2338 5137 quomodo
2365 5057 2591 5137 intelligi
2608 5055 3469 5137 ,οροιέιειιιᾼοοοιξῃίιηειςοτ

290 5123 501 5194 perinde
545 5144 601 5181 ac
654 5134 761 5194 ipse
801 5130 1024 5181 Christus
1050 5123 1305 5175 adoretur
1330 5141 1341 5175 :
1367 5130 1598 5176 nimirum
1625 5123 1837 5176 ‘ratione
1859 5123 2207 5177 similitudinis
2244 5128 2350 5174 sive
2388 5123 2667 5181 relationis,
2693 5135 2789 5169 non
2816 5126 2984 5168 autem
3010 5123 3349 5167 contirmutive
3389 5123 3472 5165 aut

288 5191 604 5243 naturaliter.

280 5297 504 5366 Ἐπειδὴ
530 5295 734 5367 ἔμαθον
758 5295 911 5366 παρά
931 5293 1026 5349 τοῦ
1052 5294 1556 5366 γραμματηφόρου,
1579 5287 1625 5347 ὦ
1662 5295 1793 5347 καλέ

197 5389 421 5457 ἀδελφὲ,
448 5390 532 5442 ὅτι
553 5388 727 5458 ἔριδες
750 5391 807 5442 ἐν
831 5388 1307 5459 ὑμῖννάνεφύησαν
1337 5386 1505 5457 (λέγω
1528 5386 1586 5437 δὲ
1611 5385 1793 5451 τοῦτο,

199 5486 285 5538 ὅτι
316 5485 346 5537 6
377 5482 476 5552 μὲν
507 5481 682 5549 λέγει’
726 5482 870 5549 Ἐγὼ
905 5484 1008 5553 τὴν
1035 5482 1220 5534 εἰκόνα
1251 5480 1489 5549 Χριστοῦ
1518 5479 1593 5540 ὼς
1632 5478 1797 5531 αὐτὸν

200 5576 314 5630 τὸν·
344 5574 582 5643 Χριστὸν
640 5575 971 5643 προσκυνῶ·
1027 5577 1055 5627 ὁ
1103 5574 1159 5627 δὲ
1212 5572 1620 5641 ἀπαναίνεται),
1673 5571 1798 5624 οὔτε

205 5664 435 5726 ἀλύπως
484 5662 779 5731 ἐδεξάμην·
836 5661 994 5725 εἰδὼς
1030 5663 1111 5715 ὅτι
1166 5662 1223 5714 αἱ
1276 5658 1585 5729 ἐρεσχελίαι
1633 5652 1795 5711 αὗται

204 5754 363 5828 παρά
389 5752 485 5806 τοῦ
513 5752 759 5806 διαὸὁλου
796 5754 1290 5827 ύποσπειρὸμεναι,
1318 5755 1537 5826 τέμνειν
1568 5752 1793 5808 εἰώθασι

287 5930 339 5967 ιδ
359 5928 547 5987 Matth.
586 5946 721 6001 nu,
753 5932 839 5987 18.
916 5932 1006 5988 "l
1038 5932 1168 5990 Cor.
1206 5949 1315 5999 xw,
1356 5934 1444 5989 l3.

1964 5293 2263 5363 Postquam
2313 5308 2343 5347 a
2405 5291 2691 5345 tabellario
2741 5287 2928 5353 didici,
2997 5286 3165 5340 frater
3218 5285 3469 5354 egregie.

1893 5394 2115 5441 exortas
2144 5385 2287 5437 inter
2312 5399 2407 5437 vos
2436 5397 2556 5436 esse
2580 5379 2958 5434 contentiones
2990 5377 3113 5446 (hoc
3137 5386 3317 5429 autem
3349 5377 3472 5427 dico

1896 5476 2045 5547 quod
2105 5490 2302 5544 nempe
2355 5475 2497 5528 alius
2546 5471 2881 5537 dicattEgo
2930 5468 3219 5536 imaginem
3269 5463 3472 5518 Christi

1897 5570 2039 5624 sicut
2089 5567 2265 5635 ipsum
2316 5566 2593 5619 Christum
2645 5564 2836 5626 adoro,
2884 5561 3025 5614 alius
3060 5561 3244 5612 dicere
3291 5559 3473 5611 detre—

1906 5663 2037 5725 ctet)
2064 5676 2077 5721 ;
2102 5674 2211 5710 non
2243 5657 2363 5710 sine
2398 5670 2632 5708 mterore
2663 5653 2714 5706 id
2750 5654 2957 5720 accepi,
2987 5652 3168 5705 sciens
3199 5653 3345 5702 rixas
3372 5648 3475 5699 hu—

1898 5749 2163 5822 jusmodi,
2205 5762 2328 5819 qua:
2364 5762 2394 5802 a
2423 5746 2641 5802 diabolo
2676 5743 3037 5809 suscitantur,
3080 5742 3270 5797 solitas
3305 5742 3476 5811 ipsam
