4164 6502
198 429 340 492 1289
1389 428 1793 487 EPISTOLAIi

1892 429 1924 486 »Ι
1988 429 2058 487 L1
2071 431 2136 488 Β.
2193 429 2276 489 II.
3333 430 3469 493 1990

197 558 380 613 μενοι,
423 541 751 610 φανοτάταις
801 543 953 614 ἡμᾶς
1010 546 1402 613 μαρμαρυγαῖς
1459 559 1792 614 περιαστρα-

1901 547 1978 600 ait
2053 545 2349 614 Dionysius
2385 545 2470 610 ⁸³,
2533 545 2864 603 castissimis
2915 547 3470 616 contemplationibus

193 633 476 703 πτούσης·
525 633 599 696 ῶς
626 634 754 696 τοὺς
791 632 1039 704 μαθητὰς
1085 635 1144 686 ὲν
1177 635 1362 705 εκείνη
1408 638 1474 705 τῇ
1519 635 1770 705 θειοτάτῃ

1892 636 2062 707 pleni,
2112 636 2472 691 lucidissimis
2521 637 2906 706 splendor-ibus
2965 655 3066 694 nos
3128 639 3466 701 irradiantis.

199 725 647 795 μεταμορφώσει·
683 724 784 794 τῆς
818 723 877 776 δὲ
918 725 1115 796 νοητῆς
1147 725 1313 778 αὐτοῦ
1355 725 1686 793 φωτοδοσίας
1722 728 1781 780 ἐν

1892 729 2120 801 perinde
2145 744 2208 783 ac
2236 728 2541 798 discipulos
2573 731 2627 783 in
2659 730 3005 785 divinissima
3042 730 3133 784 illa
3174 729 3470 798 transfigu-

199 816 411 871 ἀπαθεῖ
444 816 539 869 καὶ
569 815 720 887 ἀῢλῳ
748 815 828 885 τῷ
853 813 930 886 νῷ
960 816 1301 886 μετέχοντες.
1326 815 1533 879 Ταῦτα,
1562 816 1671 869 εἴτε
1700 815 1786 871 ἑλ-

1892 822 2142 886 ratione;
2212 819 2572 889 intelligibilis
2653 837 2784 876 vero
2859 823 2981 892 ejus
3042 822 3466 884 illustrationis,

199 909 400 973 λιπῶς,
425 909 536 962 εἴτε
565 908 899 979 ἀρκούντως,
933 909 1073 977 πρὸς
1099 907 1277 980 ὴμῶν.
1311 908 1489 978 ’Υμᾶς
1515 909 1571 962 δὲ
1601 927 1783 980 παρα-

1892 913 2198 968 secnndum
2231 923 2471 968 mentem
2511 915 2860 984 passionibus
2893 925 2947 969 et
2993 915 3226 969 materia
3273 929 3467 968 caren-

197 999 355 1053 καλῶ
382 1002 440 1054 ιν
461 1001 578 1063 τοῖς
617 1000 747 1071 περ)⁵
785 997 920 1053 Θεοῦ
956 998 1136 1067 λόγοις
1164 996 1411 1062 causa;
1446 1017 1505 1052 τε
1539 999 1657 1070 ἅμα
1689 1001 1784 1053 καὶ

1892 1023 2028 1073 lem,
2083 1007 2382 1078 participes
2441 1009 2670 1064 erimus.
2727 1010 2906 1077 Atque
2965 1009 3121 1070 haec,
3186 1008 3303 1061 sive
3358 1022 3467 1060 non

201 1091 591 1164 προσεκτικῶς
617 1096 715 1154 τὰς
745 1089 1105 1162 ὲπιζητήσεις
1134 1090 1428 1144 ποιεῖσθαι·
1460 1092 1556 1144 καὶ
1583 1091 1617 1162 ἢ
1651 1091 1782 1162 παρ’

1892 1099 2059 1167 plene,
2113 1099 2228 1154 sive
2283 1098 2642 1161 sufﬁcienter,
2694 1114 2725 1152 a
2782 1099 2945 1154 nobis
3011 1099 3265 1167 accipite.
3318 1096 3472 1167 Rogo

203 1183 439 1250 ἑαυτῶν,
461 1186 494 1254 ἢ
519 1187 646 1254 παρ’
673 1183 878 1255 ἑτέρων
899 1184 962 1237 τὸ
987 1183 1188 1254 ἀληθὲς
1207 1183 1567 1254 ἐξευρίσκειν,
1592 1184 1783 1255 πόρρω

1892 1197 2063 1242 autem
2097 1202 2196 1244 vos
2227 1197 2307 1254 ut,
2341 1204 2466 1243 cum
2499 1189 2566 1244 de
2597 1187 2708 1242 Deo
2750 1202 2932 1243 sermo
2976 1199 3079 1254 est,
3112 1186 3370 1256 religiose
3419 1197 3473 1239 et

203 1275 444 1345 ἀφέντας
479 1275 540 1329 τὸ
579 1275 901 1350 ὶρεσχελεῖν·
935 1277 996 1330 οὐ
1020 1277 1130 1345 μὴν
1153 1275 1290 1329 ἀλλὰ.
1313 1276 1407 1328 καὶ
1429 1275 1484 1328 εἴ
1504 1292 1556 1327 τι
1587 1274 1785 1342 ἐσφαλ-

1892 1288 2086 1335 attente
2122 1281 2457 1350 quaastiones
2509 1281 2797 1346 moveatis,
2850 1281 3250 1350 veritatemque
3297 1287 3395 1332 ant
3439 1295 3467 1330 a

211 1368 376 1436 μόνον
399 1369 455 1420 ὲν
482 1371 594 1433 τοῖς
623 1367 1314 1440 εἰρημένοις,διορθὼσεως
1332 1371 1533 1439 τυχείνο
1555 1367 1786 1439 ἐπείπερ

1892 1373 2040 1426 vobis
2076 1373 2233 1441 ipsis,
2265 1383 2358 1428 aut
2399 1375 2468 1429 ab
2518 1373 2642 1427 aliis
2678 1371 2992 1442 inquiratis,
3027 1373 3215 1439 procul
3269 1370 3470 1440 rejecta

207 1456 488 1528 όλιγόνους
515 1461 611 1514 καὶ
642 1459 964 1531 ἁμαρτωλὸς
990 1459 1123 1526 ἐγώ.

580 1765 720 1834 EQ”.
747 1796 816 1806 —
835 1766 1202 1835 Κατήχησις.
1228 1765 1417 1838 [υμε’.]

1887 1463 2244 1518 contentione
2289 1480 2304 1517 :
2348 1465 2443 1518 sed
2490 1472 2545 1517 et
2592 1463 2637 1518 si
2677 1463 2809 1532 quid
2859 1461 2914 1515 in
2953 1462 3021 1516 iis
3069 1475 3192 1530 qua
3226 1460 3470 1514 diximus

1889 1571 2129 1611 erratum
2171 1566 2278 1620 est,
2308 1557 2600 1624 currigatis
2631 1573 2645 1610 :
2680 1570 2806 1610 cum
2853 1555 3036 1624 exigui
3085 1556 3189 1610 sim
3241 1553 3468 1623 ingenii,

1893 1660 1948 1704 et
1980 1659 2257 1721 peccator.

2367 1761 2554 1817 LXVI.
2577 1794 2646 1803 —
2674 1762 2998 1820 Catec/resis.

211 1880 433 1934 Primum
455 1881 618 1945 aliqua
641 1883 704 1931 de
729 1885 834 1932 suis
872 1884 1024 1931 rebus
1045 1881 1219 1932 scribit
1240 1902 1252 1931 :
1275 1882 1458 1931 deinde
1481 1882 1720 1932 adversus
1741 1881 2105 1945 Iconomachos.
2128 1879 2336 1928 Romani
2360 1882 2511 1928 etiam
2536 1881 2781 1945 pontiﬁcis
2803 1879 3057 1930 sententia
3081 1881 3336 1945 damnatos
3357 1895 3470 1945 esse

309 1947 523 2006 laetatur.
542 1941 675 1993 'Suos
699 1946 756 1992 ad
786 1946 1205 2005 perseverantiam
1247 1945 1472 1993 hortatur
1499 1959 1510 1992 :
1546 1948 1738 2006 piarum
1775 1942 2066 1993 feminarum
2111 1953 2279 1990 curam
2313 1942 2623 1992 commendat
2649 1956 2659 1990 :
2685 1941 2882 1992 demum
2906 1943 3125 2006 patiendi
3164 1956 3254 2006 pro
3277 1942 3473 1996 Christo

302 2003 524 2054 studium
548 2011 752 2055 excitat.
778 2003 989 2068 (Baron.
1013 2019 1094 2056 an.
1123 2006 1234 2064 818,
1256 2020 1303 2054 n.
1344 2007 1442 2067 15.)

283 2089 360 2141 Τὸ
400 2089 573 2160 παρὸν
601 2090 798 2153 κοινῶς
846 2092 980 2144 πᾶσι
1013 2092 1106 2143 καὶ
1137 2091 1237 2143 οὐκ
1283 2090 1388 2162 ἰδίᾳ
1427 2090 1644 2159 ἑκάστῳ
1674 2090 1793 2142 ἑπι-

1966 2086 2214 2142 Praesens
2243 2084 2504 2154 temporis
2544 2085 2789 2140 conditio
2818 2086 3010 2155 poscit.
3046 2097 3105 2141 ut
3133 2087 3468 2156 conjunctim

212 2181 424 2234 στεῖλα(
453 2199 519 2250 με
545 2197 560 2211 ο
590 2181 690 2235 οὐκ
719 2183 783 2235 ὲκ
816 2185 1276 2254 καταφρονήσεως
1298 2224 1312 2248 ,
1345 2181 1467 2236 οὐδὲ
1499 2181 1558 2246 ἐξ
1599 2182 1793 2248 ὀλιγω-

215 2271 360 2340 ρίας.
393 2271 593 2340 ἄπαγε’
626 2273 742 2335 πῶς
775 2272 883 2343 γάρ
913 2272 980 2326 ἂν
1003 2275 1482 2343 καταφρονήσαιμι
1508 2271 1617 2324 τῶν
1645 2271 1793 2342 ἐμῶν

215 2359 543 2429 σπλάγχνων
581 2360 675 2414 καὶ
713 2360 1065 2434 όμολογητῶν
1101 2362 1360 2434 Χριστοῦ,
1399 2363 1475 2434 μὴ
1504 2363 1626 2433 οὐχὶ
1661 2363 1794 2432 μάλ-

216 2453 308 2505 λον
349 2455 444 2507 καὶ
474 2454 534 2505 τὸ
568 2447 710 2524 αἷμά
741 2471 843 2523 μου
877 2453 1072 2508 κενοῦν
1113 2455 1236 2507 ἀντὶ
1275 2455 1525 2526 μέλανος,
1563 2457 1656 2508 καὶ
1697 2456 1794 2518 τὰς

215 2543 428 2613 σάρκας
457 2546 718 2614 παρέχειν
737 2545 860 2599 ἀντὶ
893 2544 1119 2614 χάρτου’
1144 2547 1224 2610 εἰς
1246 2547 1310 2599 τὸ
1344 2547 1709 2616 καθεκάστην,
1744 2548 1793 2598 εἰ

213 2627 326 2686 οἷόν
356 2651 414 2687 τε
448 2631 536 2704 ἦν,
573 2637 808 2708 γράφειν
840 2637 934 2690 καὶ
971 2641 1315 2709 προσφωνεῖν
1345 2639 1526 2709 ύμᾶςς
1562 2639 1669 2692 Καὶ
1696 2639 1794 2708 οὐχ

213 2726 298 2779 δτι
331 2727 430 2780 οὐκ
455 2727 577 2782 εστὶ
605 2728 700 2797 ἀφ’
725 2729 1373 2802 ὲαυτῶνὲστηριγμὲνοι.
1404 2729 1534 2785 Οἶδα
1562 2733 1672 2804 γὰρ
1699 2734 1794 2787 καὶ

216 2819 522 2890 πέπεισμαι
562 2822 664 2891 ὅση
703 2823 832 2891 ύμῖν
875 2825 910 2893 η
963 2823 1113 2895 παρά
1159 2824 1294 2877 Θεοῦ
1333 2825 1564 2895 δύναμις
1589 2841 1603 2854 °
1655 2825 1793 2880 ἀλλά

215 2912 308 2965 τὸν
333 2911 571 2981 ἐμαυτοῦ
601 2912 768 2966 πόθον
806 2914 1160 2984 θεραπέυων,
1204 2920 1299 2970 καὶ
1340 2919 1401 2970 τὸ
1439 2917 1540 2986 τῆς
1571 2918 1794 2988 ἐντολῆς

217 3004 553 3078 ἀποπληρῶν
573 3005 751 3077 χρέος.
783 3007 964 3061 Αἴτιον
981 3009 1037 3061 δὲ
1067 3009 1130 3062 τὺ
1156 3012 1253 3080 τῆς
1283 3011 1554 3080 φυλακῆς,
1592 3012 1797 3080 μᾶλλον

217 3097 644 3168 ἀσφαλέστερον·
681 3098 1114 3170 μεθορισθέντων
1143 3103 1301 3172 ἡμῶν
1327 3106 1472 3176 ἄρτι,
1497 3105 1673 3168 καθὼς
1700 3105 1794 3156 καὶ

219 3189 638 3260 προηκούσατε,
687 3192 746 3257 ἐξ
806 3191 1168 3245 Ἀνατολικῶν
1218 3195 1297 3257 εἰς
1341 3195 1683 3266 Θρᾳκησίους
1735 3197 1793 3248 ὲν

219 3278 472 3352 Σμύρνῃο
502 3280 582 3351 τῷ
606 3299 664 3336 τε
695 3283 769 3353 μὴ
792 3282 1047 3347 δέξασθαι
1080 3285 1389 3355 ἀντίγραφα
1433 3287 1540 3339 ἀπὸ
1578 3287 1789 3356 χρόνουο

218 3373 316 3422 καὶ
353 3372 526 3436 ἄλλως
556 3373 638 3426 ὅτι
661 3377 772 3438 τοῖς
800 3375 936 3438 τσοις
957 3376 1285 3444 ἀγωνισταῖς
1308 3378 1341 3447 ἡ
1372 3377 1510 3448 αὑτὴ
1535 3378 1790 3450 ἐπιστολὴ

218 3461 505 3531 ἀρκέσειεν
528 3464 657 3534 ἀρα.

289 3641 459 3712 Δεῦρο
484 3641 549 3712 δὴ
573 3637 689 3707 οὖν,
719 3644 939 3714 ἀδελφοί
972 3663 1097 3716 μου,
1127 3645 1348 3717 ᾷσωμεν
1380 3650 1468 3699 καὶ
1509 3647 1606 3701 νῦν
1636 3667 1794 3719 χαρι-

221 3735 443 3804 στήρια,
464 3736 546 3788 ὅτι
568 3735 881 3806 ἠξιώθημεν
902 3737 1175 3790 δουλεύειν
1205 3738 1325 3808 Θεῷ
1349 3740 1512 3803 ζῶντι
1538 3742 1633 3793 καὶ
1659 3742 1792 3810 άλη-

221 3822 373 3893 θινῴ·
402 3825 464 3877 οὑ
503 3825 628 3897 μὴν,
659 3826 791 3879 ά).λά
825 3829 916 3879 καὶ
941 3828 1000 3881 τὸ
1027 3827 1164 3899 ὑπὲρ
1184 3829 1348 3880 αὑτοῦ
1378 3831 1626 3900 πάσχειν·
1658 3833 1795 3901 ὅπερ

222 3916 340 3968 εστὶ
369 3915 528 3986 δόξης
568 3917 785 3988 ἀπάσης
822 3919 1181 3987 ἐνδοξότερον,
1223 3921 1318 3974 καὶ
1354 3923 1528 3992 χαρᾶς
1574 3923 1795 3992 ἀπάσης

222 4005 592 4078 χαριέστερον·
639 4010 728 4062 Ἐν
760 4009 863 4062 τίνι
894 4013 1003 4081 γάρ
1027 4012 1087 4064 τὸ
1118 4011 1286 4074 πάθος
1317 4013 1478 4082 ὑμίν;
1527 4014 1668 4066 Ἀλλ’
1697 4016 1795 4083 οὐχ

222 4097 366 4168 ὑπὲρ
401 4097 495 4150 τοῦ
533 4100 803 4168 Χριστοῦ;
839 4102 1073 4173 Χριστὸν
1106 4103 1462 4174 ὁμολογοῦσιν
1510 4107 1795 4177 ἄνθρωπον

221 4189 486 4255 γεγονότα
507 4229 522 4251 ,
556 4189 825 4260 ἀληθινῶς
871 4193 1034 4264 σαρκὶ
1067 4195 1504 4265 περιγράφεσθαι
1530 4211 1544 4224 ·
1578 4197 1674 4248 εἴτ’
1702 4193 1796 4248 οὖν

220 4276 641 4342 ἐξεικονίζεσθαι
663 4297 676 4308 ·
708 4281 803 4333 καὶ
830 4282 930 4351 τὴν
963 4285 1062 4352 τῆς
1101 4284 1308 4348 εἰκόνος
1349 4287 1666 4358 παραδοχὴν
1698 4286 1795 4356 τῆς

220 4367 687 4440 ὲνανθρωπήσεως
720 4371 885 4424 αὑτοῦ
923 4367 1065 4426 εἶναι
1104 4375 1397 4427 πίστωσιν·
1437 4371 1502 4448 ἧς
1537 4379 1792 4446 ἀναιρου-

224 4459 392 4530 μένης
432 4461 526 4513 καὶ
577 4461 966 4536 άθετουμένης,
1014 4465 1258 4535 δηλονότι
1300 4468 1671 4539 συνανῄρηται
1705 4472 1797 4522 xxi.

223 4550 584 4622 συνηθέτηται
611 4555 703 4606 καὶ
744 4556 1225 4628 ήὲνανθρὼπησις.
1271 4559 1413 4612 Ἀλλ’
1440 4561 1628 4629 ἐπειδὴ
1659 4563 1761 4614 an}

1895 2176 2156 2230 omnibus
2183 2190 2293 2229 non
2318 2175 2552 2244 singulis
2577 2175 2829 2244 privatim
2859 2176 3071 2231 litteras
3093 2176 3241 2241 dem,
3268 2194 3376 2231 nun
3406 2194 3473 2232 ex

1895 2276 2212 2336 contemptu
2263 2267 2346 2319 vel
2407 2267 2696 2336 neglectu,
2756 2267 2897 2320 absit
2952 2286 2965 2320 :
3019 2283 3143 2320 nam
3195 2270 3474 2337 quomodo

1895 2359 2104 2414 viscera
2157 2374 2276 2413 mea
2317 2374 2570 2428 spernam
2612 2367 2667 2414 et
2708 2357 3061 2414 confessores
3112 2360 3339 2423 Christi,
3374 2376 3474 2416 nec

1894 2451 2080 2522 potius
2119 2451 2440 2521 sanguinem
2472 2451 2593 2504 vice
2632 2452 2917 2504 atramenti
2952 2447 3200 2514 fimdam,
3239 2453 3470 2521 pellem-

1895 2558 2002 2612 que
2053 2557 2151 2612 pro
2197 2543 2388 2596 charta
2433 2540 2725 2611 praebeam,
2785 2549 2842 2596 ut
2890 2543 3123 2612 singulis
3158 2544 3371 2608 diebus,
3425 2545 3472 2598 si

1897 2632 2012 2686 fieri
2045 2632 2241 2701 possit,
2272 2646 2370 2686 vos
2408 2631 2628 2700 scriptis
2663 2632 2855 2685 litteris
2884 2630 3176 2700 alloquar?
3200 2630 3271 2683 At
3298 2645 3474 2698 neque

1898 2724 2111 2778 idcirco
2141 2722 2286 2792 quod
2316 2737 2413 2791 per
2440 2737 2535 2776 vos
2577 2721 2676 2791 ipsi
2709 2721 2866 2775 firmo
2902 2722 3069 2774 animi
3106 2721 3303 2775 robore
3332 2734 3473 2790 prte-

1893 2817 2009 2872 diti.
2049 2831 2158 2872 non
2211 2816 2356 2871 sitis.
2418 2814 2553 2869 Novi
2607 2815 2759 2868 enim
2807 2829 2872 2868 ac
2919 2829 3243 2884 persuasum
3297 2813 3473 2866 habeo

1894 2918 2100 2978 quanta
2135 2908 2206 2964 sit
2237 2908 2395 2963 vobis
2437 2922 2467 2961 ε
2502 2905 2611 2960 Deo
2645 2905 2819 2960 virtus
2851 2925 2865 2961 :
2893 2906 2988 2960 sed
3030 2904 3305 2959 desiderio
3352 2919 3474 2957 meo

1895 3001 2308 3061 obsecundans.
2334 3014 2399 3053 ac
2429 2999 2670 3052 mandati
2703 2997 2952 3068 debitum
2982 2998 3292 3051 exsolvens.
3324 2995 3472 3050 Scri-

1894 3094 2056 3149 bendi
2082 3100 2266 3146 autem
2293 3105 2460 3145 causa
2489 3099 2593 3155 est,
2623 3089 2938 3157 diligentior
2969 3089 3143 3142 multo
3174 3088 3424 3142 custodia
3455 3103 3470 3140 :

1893 3185 2040 3255 quod
2108 3181 2343 3238 traducti
2400 3195 2634 3245 sumus,
2679 3178 3142 3251 quemadmodum
3200 3187 3255 3232 et
3320 3179 3473 3248 prius

1894 3273 2280 3335 inandivistis,
2336 3285 2402 3326 ex
2456 3269 2697 3325 Orientis
2759 3277 2938 3324 tractu
2999 3269 3054 3323 in
3101 3267 3472 3322 Tliracenscm

1895 3364 2187 3435 Smyrnam
2226 3382 2239 3416 :
2273 3375 2381 3417 tnm
2415 3378 2545 3416 vero
2579 3361 2725 3432 quod
2761 3358 3089 3431 jamdudum
3137 3358 3206 3413 ad
3239 3373 3340 3412 nos
3381 3374 3470 3411 rc-

1817 3475 1860 3533 c
1895 3459 2096 3527 scripta
2145 3472 2255 3511 non
2308 3454 2664 3526 perferuntur
2697 3471 2710 3507 :
2745 3453 2964 3518 deinde,
3002 3451 3151 3522 quod
3195 3467 3261 3504 ex
3315 3466 3474 3519 aequo

1892 3548 2286 3603 dimicantibus
2311 3545 2544 3616 epistola
2580 3561 2686 3598 una
2721 3545 2940 3598 abunde
2971 3543 3159 3598 futura
3190 3551 3294 3597 est.

1962 3641 2118 3710 Agite
2172 3639 2393 3708 itaque,
2437 3639 2636 3692 fratres
2686 3638 2839 3691 mei:
2885 3652 3031 3691 nunc
3092 3650 3313 3706 quoque
3365 3647 3472 3688 non

1894 3731 2014 3786 sine
2046 3741 2209 3787 cantu
2242 3741 2425 3801 grates
2451 3745 2700 3800 agamus,
2723 3728 2867 3798 quod
2899 3727 3050 3797 digni
3085 3728 3260 3782 habiti
3281 3741 3474 3781 sumus

1894 3823 1987 3891 qui
2012 3821 2122 3877 Deo
2146 3823 2270 3876 vivo
2296 3836 2360 3876 ac
2387 3837 2515 3876 vero
2547 3822 2854 3876 serviamus
2883 3837 2898 3873 :
2923 3833 3102 3888 neque
3132 3819 3234 3872 hoc
3269 3817 3471 3880 solum,

1895 3912 1991 3966 sed
2033 3922 2086 3966 et
2129 3911 2221 3981 qui
2255 3925 2356 3981 pro
2394 3911 2513 3981 ipso
2547 3911 2820 3980 patiamur
2851 3927 2866 3962 :
2894 3907 3044 3979 quod
3094 3922 3314 3962 omnem
3354 3906 3474 3976 glo-

1897 4004 2033 4057 riam
2102 4013 2361 4073 superat,
2422 4017 2756 4073 omnemque
2821 4001 3090 4056 laetitiam.
3148 3997 3285 4054 Nam
3349 4013 3475 4068 qua:

1898 4096 2051 4150 vobis
2103 4110 2267 4150 causa
2315 4094 2591 4166 patiendi?
2625 4097 2822 4150 Annon
2874 4103 3100 4164 propter
3141 4092 3471 4147 Christum?

1896 4186 2042 4257 quod
2087 4185 2370 4241 Christum
2411 4186 2692 4241 hominem
2730 4185 2933 4242 factum
2973 4183 3315 4239 conlitemini
3349 4199 3476 4237 vere

1897 4293 2064 4333 carne
2093 4278 2498 4343 circumscribi,
2543 4287 2708 4347 atque
2742 4277 2879 4332 adeo
2910 4276 3172 4331 delineari
3219 4275 3471 4346 pictura;

1895 4385 1960 4426 ac
1989 4371 2232 4441 ejusdem
2265 4371 2522 4443 imaginis
2559 4371 2989 4440 susceptionem,
3036 4369 3182 4422 illius
3215 4369 3475 4436 incorpo-

1898 4462 2127 4518 rationis
2179 4463 2337 4518 fidem
2391 4478 2690 4533 esse:qua
2742 4460 2960 4517 sublata
3016 4470 3072 4514 et
3120 4469 3472 4530 contempta,

1898 4555 2107 4609 tollitur
2141 4555 2370 4610 omnino
2418 4564 2474 4609 et
2519 4553 2893 4610 contemnitur
2931 4554 3327 4621 incorporatio.
3364 4551 3471 4606 Sed

219 4645 468 4713 φλωσεν
501 4647 535 4698 ό
581 4644 726 4712 Θεὸς
780 4647 887 4701 τοῦ
928 4647 1144 4714 αἰῶνος
1173 4651 1384 4704 τούτου
1419 4651 1491 4704 τὰ
1527 4654 1793 4720 νοήματα

1898 4651 2159 4717 quoniam
2212 4647 2351 4702 Deus
2394 4646 2552 4717 hujus
2597 4647 2783 4723 seculi
2811 4647 3094 4700 excecam’t
3136 4655 3328 4698 meum
3357 4645 3471 4699 lcn-

218 4731 332 4784 τῶν
375 4731 783 4805 Εἰκονομάχων,
820 4737 960 4806 πρὸς
1002 4737 1064 4788 τὸ
1111 4737 1186 4806 μὴ
1215 4739 1454 4806 αὐγάσαι
1488 4739 1674 4801 αὐτοῖς
1705 4742 1793 4792 τὸν

1901 4741 2298 4794 nomacliorum
2322 4738 2393 4805 “,
2426 4751 2578 4794 utne
2611 4738 2889 4808 aﬂ'ulgeret
2913 4739 2980 4792 iis
3011 4739 3271 4807 splendor
3296 4737 3471 4806 ipsius

222 4824 504 4894 φωτισμὸν
543 4824 645 4894 τῆς
687 4827 894 4890 εἰκόνος
940 4828 1107 4881 αὑτοῦ
1131 4843 1142 4856 '
1179 4828 1270 4882 διά
1304 4829 1462 4883 τοῦτο
1505 4831 1565 4882 ἐν
1611 4832 1792 4883 σκότει

1898 4830 2199 4900 imaginis:
2233 4831 2442 4886 idcirco
2501 4830 2556 4884 in
2615 4829 2854 4885 tenebris
2916 4829 3258 4883 ambulantes
3313 4828 3474 4880 Chri-

219 4913 664 4985 διαπορευόμενοι
692 4919 982 4988 ἀρνοῦνται
1006 4920 1258 4990 Χριστὸν,
1286 4920 1610 4991 ἀρνούμενοι
1629 4922 1793 4974 αὑτοῦ

1896 4935 2038 4976 stum
2058 4924 2352 4994 abnegant.
2385 4923 2557 4994 ipsius
2586 4924 2878 4995 imaginem
2907 4923 3238 4992 abnegantes
3270 4939 3284 4975 :
3313 4934 3476 4990 atque

220 5007 322 5072 τὴν
352 5005 538 5057 εἰκόνα
588 5007 682 5060 καὶ
709 5009 1078 5076 φιλονεικοῦσι
1106 5011 1316 5073 πάντας
1349 5012 1793 5082 συνεκτυφλωθῆ-

1895 5014 2046 5068 omni
2083 5032 2188 5085 ope
2231 5019 2572 5071 contendunt
2628 5027 2685 5071 ut
2713 5031 2909 5070 omnes
2962 5031 3088 5069 cum
3125 5015 3259 5085 ipsis
3295 5030 3473 5069 cacu-

220 5113 309 5149 ναι
337 5097 551 5156 αὐτοῖς’
581 5096 889 5162 διώκοντες,
917 5103 1240 5166 αἰκίζοντες,
1265 5102 1674 5169 φυλακίζοντες,
1702 5103 1793 5156 καὶ

1898 5107 2035 5160 tiant
2069 5125 2082 5161 :
2118 5116 2530 5176 persequentes,
2586 5107 2878 5172 caedentes,
2911 5107 3117 5160 carceri
3153 5106 3474 5175 mancipan-

222 5187 298 5251 ὡς
325 5191 501 5240 εἰπεῖν
529 5189 617 5242 ἀεὶ
659 5191 1069 5257 άποκτὲνοντες.
1129 5195 1270 5247 Ἀλλ’
1301 5195 1398 5264 οὐχ
1427 5195 1638 5260 ἱλξουσι
1674 5199 1793 5259 τοὺς

1897 5208 2000 5264 tes,
2052 5215 2116 5254 ac
2180 5203 2574 5271 propemodum
2616 5215 2829 5268 semper
2877 5199 3209 5255 occidentes.
3253 5199 3324 5252 At
3366 5213 3473 5251 non

225 5279 624 5351 βεϐαιωθέντας
670 5286 764 5336 καὶ
823 5287 1247 5358 ἐστηριγμένους
1300 5292 1365 5358 τῇ
1419 5289 1793 5359 ἀμεταπτώτῳ

1905 5293 2224 5361 pertrahent
2264 5308 2358 5348 cos
2387 5295 2478 5363 qui
2532 5291 2838 5346 confirmati
2878 5302 3006 5347 sunt
3041 5306 3104 5345 ac
3131 5291 3475 5346 corroborati

224 5370 475 5442 ἀληθείᾳ.
505 5373 626 5426 Οὐδ’
659 5375 719 5426 οὐ
753 5381 858 5445 μην
891 5377 1148 5446 διέφυγον
1191 5379 1266 5448 μὴ
1293 5380 1411 5448 οὐχὶ
1445 5382 1538 5432 καὶ
1570 5381 1673 5432 ὑπο
1702 5379 1793 5431 τοῦ

1904 5385 2233 5438 immutabili
2280 5387 2532 5438 veritate.
2565 5384 2709 5439 Sane
2754 5401 2861 5439 non
2910 5384 3236 5454 eﬂ‘ugerunt,
3277 5382 3407 5453 quin
3443 5398 3472 5435 a

223 5462 528 5534 κορυφαίου
592 5467 780 5537 θρόνου
829 5470 926 5537 τῆς
991 5471 1316 5540 Ἐκκλησὶας
1373 5471 1792 5542 διελεγχθῆναι,

224 5554 410 5618 καθὼς
438 5558 532 5610 καὶ
559 5559 778 5626 ἐγένετο
801 5604 816 5625 ,
851 5562 942 5613 καὶ
974 5563 1170 5616 οἴδατε.
1207 5565 1314 5616 Καὶ
1347 5559 1413 5635 ἦν
1452 5564 1549 5632 μὲν
1576 5566 1706 5633 ἡμῖν
1733 5565 1794 5617 τὸ

224 5643 467 5712 ἀσφαλὲς
497 5645 592 5699 καὶ⁵
621 5647 945 5718 εἰλικρινὲς,
988 5652 1084 5703 καὶ⁹
1113 5651 1218 5718 πρὸ
1259 5651 1360 5722 τῆς
1401 5653 1509 5705 τῶν
1551 5651 1794 5704 Δυτικῶν

222 5734 512 5800 ἐλεύσεως.
549 5737 919 5807 Προσεγένετο
955 5741 1012 5794 δὲ
1051 5743 1212 5796 πλέον
1257 5745 1338 5796 ὅτι
1391 5744 1626 5814 μάλιστα
1667 5745 1795 5797 κάν-

296 5851 343 5883 “
367 5852 431 5908 de
457 5852 574 5912 Diti.
607 5858 921 5922 nominibus.
949 5876 1074 5930 cap.
1101 5863 1151 5916 l.
1227 5862 1273 5896 “
1297 5863 1338 5918 ll
1369 5863 1493 5920 Cor.
1529 5879 1599 5930 tv,
1637 5863 1687 5916 4.

518 5953 785 6018 Pareat.
838 5957 932 6021 Gn
1004 5959 1217 6024 XCIX.

1901 5489 2158 5544 supremo
2188 5473 2450 5530 Ecclesia:
2473 5476 2668 5530 throno
2693 5485 3073 5546 arguerentur.
3101 5475 3243 5529 sicut
3271 5474 3473 5530 factum

1901 5575 2005 5632 est,
2041 5577 2094 5622 et
2127 5569 2231 5637 ipsi
2260 5569 2434 5624 scitis.
2471 5569 2539 5623 Et
2569 5568 2727 5623 nobis
2762 5568 2976 5637 quidem
3009 5578 3122 5622 tuta
3167 5576 3222 5622 et
3261 5567 3476 5622 sincera

1881 5655 2064 5712 erant
2098 5661 2304 5727 omnia,
2332 5661 2496 5716 etiam
2532 5669 2658 5715 ante
2691 5657 3122 5716 Occidentalium
3157 5659 3472 5712 adventum.

1902 5748 2203 5808 Plurimum
2256 5769 2382 5810 vero
2426 5754 2590 5810 etiam
2624 5754 2751 5811 inde
2789 5755 3041 5820 arcessit,
3075 5764 3133 5808 ut
3181 5765 3476 5822 cognosca‘

2965 5956 3032 6015 41
