4164 6474
729 382 860 447 1:291

1919 379 1979 439 S.
2004 374 2395 436 TIIEODORI
2451 376 2798 434 STUDlT.’E

3858 376 3985 437 1292

726 510 873 554 mus,
905 491 979 544 uti
1009 487 1321 558 superiores
1362 496 1572 546 aetates.
1617 485 1696 541 sic
1728 493 1780 539 et
1813 495 2055 539 nostram
2089 498 2307 553 quoque

2414 483 2621 543 τεῦθεν,
2646 484 2721 546 ὡς
2746 483 2811 535 ἂν
2834 482 3051 551 γνῶμεν
3074 482 3157 535 ὅτι
3182 480 3451 535 ἀκόλουθα
3478 485 3597 547 ταῖς
3616 484 3735 537 ἀνω
3762 488 3992 551 γενεαξ,

728 584 838 637 Deo
870 596 1015 635 cum:
1058 594 1202 640 esse,
1234 587 1398 647 atque
1430 578 1498 631 ab
1539 576 1659 645 ipso
1690 586 1816 629 ante
1841 577 2087 629 omnium
2121 574 2311 627 oculos

726 674 985 729 Constitui
1021 672 1423 733 testimonium,
1456 670 1603 739 quod
1651 669 1719 722 ab
1765 684 1831 721 eo
1874 668 2035 721 alieni
2070 667 2179 719 sint
2214 665 2309 734 qui

729 765 1021 833 imaginem
1076 770 1298 831 negant.
1348 761 1404 815 Si
1460 761 1606 815 enim
1658 776 1685 811 a
1750 759 2040 829 coryphan
2091 757 2310 825 abrupti

724 869 871 921 sunt,
925 866 979 911 et
1025 856 1093 910 ab
1146 856 1269 909 aliis
1312 855 1489 908 tribus
1534 854 1900 924 patriarehis;
1946 852 2133 921 utique
2185 861 2240 904 et
2280 865 2309 902 a

724 950 969 1013 Christo,
1028 951 1121 1021 qui
1184 961 1349 1020 caput
1407 960 1489 1003 est
1551 948 1933 1018 praadictorum
1968 962 1983 1000 :
2018 956 2073 999 et
2129 945 2311 1015 lugere

725 1046 940 1098 illorum
971 1059 1135 1099 causa
1177 1054 1232 1097 et
1272 1058 1505 1097 interere
1534 1040 1811 1104 convenit,
1843 1049 2029 1093 nostra
2068 1053 2198 1092 vero
2223 1038 2313 1091 lte-

724 1138 827 1191 tari
864 1152 1029 1206 supra
1068 1136 1318 1190 modum.

798 1229 1065 1299 Deinceps
1097 1229 1304 1297 itaque,
1340 1226 1545 1287 dilecti,
1590 1224 1831 1280 careeris
1862 1224 2143 1277 molestias
2188 1238 2311 1291 per-

731 1320 995 1381 feramus,
1052 1335 1116 1375 ac
1172 1320 1511 1374 tentationes
1562 1333 1685 1385 quae
1744 1318 2102 1386 impendent;
2162 1316 2308 1370 istud

725 1412 927 1481 ipsum,
969 1412 1217 1481 quotidie
1246 1412 1409 1474 mori,
1443 1410 1815 1464 testimonium
1850 1409 2101 1470 reddere,
2125 1410 2312 1461 decer-

728 1515 844 1557 tare
889 1503 1069 1573 quoad
1126 1516 1303 1571 usque
1353 1500 1505 1571 pacis
1559 1509 1776 1569 tempus
1830 1499 2130 1552 adveniat:
2168 1500 2310 1569 quod

729 1596 998 1649 Dominus
1022 1594 1291 1665 judicavit
1328 1594 1463 1647 satis
1511 1608 1634 1647 esse
1686 1592 1753 1645 ad
1799 1606 1989 1645 eorum
2031 1592 2310 1661 probatio-

728 1702 852 1740 nem
902 1686 997 1756 qui
1047 1686 1404 1750 conﬁtentur,
1454 1694 1507 1739 et
1559 1684 1626 1737 ad
1669 1684 1933 1738 ultionem
1978 1698 2168 1737 eorum
2216 1683 2313 1752 qui

726 1778 887 1833 ﬁdem
921 1779 1137 1833 veritati
1186 1779 1479 1848 abrogant.
1523 1777 1649 1831 Dies
1686 1778 1832 1831 diem
1868 1776 2051 1830 trudat
2088 1791 2183 1844 per
2214 1790 2311 1843 pa-
2345 1825 2385 1882 Β

729 1869 978 1923 tientiam
1024 1878 1079 1923 et
1110 1870 1451 1924 alacritatem
1484 1886 1497 1921 :
1532 1884 1728 1923 manus
1757 1868 2144 1937 qualecunque
2174 1880 2312 1934 opus

728 1974 986 2031 operetur
1033 1962 1267 2032 :lingua
1320 1962 1518 2031 psallat
1563 1978 1575 2013 :
1617 1977 1818 2030 corpus
1874 1962 1928 2013 in
1992 1959 2309 2013 servitutem

728 2057 1061 2125 redigatur:
1099 2057 1202 2110 sibi
1255 2057 1371 2125 ipse
1424 2056 1670 2111 attendat
1734 2056 1979 2120 animus,
2036 2069 2104 2108 ne
2162 2054 2313 2107 vitiis

729 2148 933 2218 pandat
970 2146 1161 2203 fores:
1199 2158 1257 2201 ut
1286 2163 1351 2203 eo
1399 2159 1559 2217 pacto
1609 2148 1851 2216 spatiosa
1902 2146 1995 2200 ﬁat
2038 2146 2307 2203 custodia.

729 2242 996 2311 gratiosa,
1036 2241 1306 2311 jucunda,
1342 2241 1548 2296 Christi
1586 2241 1850 2310 palatium
1886 2255 1900 2293 :
1932 2256 2057 2293 nam
2108 2255 2195 2294 res
2237 2239 2314 2292 vi-

727 2337 890 2388 detur
934 2342 1127 2388 contra
1160 2350 1219 2389 se
1250 2334 1472 2388 habere.
1523 2333 1695 2388 Penes
1725 2350 1823 2387 vos
1853 2344 1937 2388 est
1984 2333 2182 2387 ﬁducia
2219 2348 2314 2387 eo-

730 2443 851 2481 rum
885 2428 978 2496 qui
1016 2427 1151 2481 l'oris
1184 2437 1334 2489 sunt,
1372 2427 1616 2480 virorum
1654 2442 1717 2480 ac
1750 2427 2065 2491 mulierum,
2099 2426 2315 2479 monia-

730 2521 865 2573 lium
919 2534 983 2571 ac
1031 2519 1252 2588 plebis:
1307 2530 1363 2572 et
1407 2518 1527 2586 iure
1583 2520 1790 2587 optimo
1821 2538 1832 2573 :
1863 2520 2310 2589 quandoquidem

728 2612 937 2665 Christi
980 2610 1246 2665 beneﬁcio
1280 2612 1369 2664 lux
1403 2610 1537 2664 estis
1568 2610 1835 2681 Byzantii,
1867 2627 1934 2666 ne
1958 2612 2133 2665 dicam
2162 2613 2315 2666 orbis

732 2702 926 2755 totius.
956 2699 1062 2754 Sed
1097 2701 1377 2754 diabolqu
1416 2701 1734 2754 intueamur
1762 2700 2179 2755 intersereutem
2206 2699 2317 2755 fru-

730 2802 918 2847 mento
978 2792 1189 2846 zizania
1234 2802 1333 2848 :et
1381 2794 1621 2863 spiritali
1686 2793 1868 2847 cribro
1917 2793 2075 2847 ﬁdem
2125 2793 2316 2862 utique

730 2886 1112 2949 admittamus,
1160 2886 1504 2940 excutiamus
1536 2896 1719 2941 autem
1749 2884 1979 2941 affectus
2014 2906 2026 2940 :
2058 2902 2124 2942 ue
2150 2889 2316 2958 spiri-

733 2978 856 3031 talis
897 2993 1026 3047 ager
1054 2980 1461 3048 pessumdetur.
1512 2978 1715 3034 llabuit
1760 2988 1813 3033 et
1851 2996 2083 3051 magnus
2111 2982 2316 3037 Paulus

730 3070 1112 3133 eharissimas,
1155 3072 1483 3141 Appiam",
1523 3072 1803 3126 Persidem
1829 3073 1876 3104 3'
1908 3092 1920 3126 :
1957 3083 2010 3128 et
2051 3073 2314 3128 Evodiam

733 3174 910 3230 rogat,
947 3174 999 3215 et
1034 3164 1356 3235 Syntychen
1393 3166 1747 3232 deprecatur,
1780 3164 2021 3233 ldipsum
2055 3181 2236 3231 sapere
2262 3166 2314 3217 in
2342 3183 2385 3240 ε

729 3252 958 3305 Domino
983 3252 1069 3306 ’τι
1105 3263 1365 3324 tauquam
1419 3254 1671 3308 laborum
1710 3259 2181 3325 certaminumque
2225 3273 2316 3311 so-

730 3344 845 3396 cias
884 3352 938 3396 et
963 3343 1284 3412 adjutrices.
1336 3343 1403 3397 Et
1432 3344 1636 3398 habere
1675 3346 1907 3399 omnino
1946 3362 2170 3401 necesse
2208 3356 2313 3411 est,

730 3437 825 3490 sed
875 3436 1343 3515 quemadmodum
1397 3438 1487 3493 ille
1537 3438 1749 3493 habuit.
1788 3438 1997 3495 Deinde
2046 3440 2219 3511 inquit
2250 3441 2315 3494 de

730 3526 983 3582 Priscilla
1017 3539 1069 3581 et
1097 3529 1296 3598 Aquila
1324 3544 1339 3581 :
1376 3528 1658 3598 Siquidem
1692 3547 1789 3599 pro
1825 3531 2005 3585 anima
2038 3548 2151 3585 mea
2204 3548 2315 3584 cer-

729 3622 864 3673 riccs
896 3638 1021 3675 suos
1045 3632 1431 3690 supposuerunt
1454 3623 1524 3677 ⁸⁸.

804 3712 971 3768 Vides
1018 3716 1225 3769 amoris
1275 3716 1550 3781 ardorem,
1588 3727 1641 3770 et
1671 3718 1919 3786 Apostoli
1959 3718 2314 3773 commenda-

728 3808 973 3860 tionem?
1023 3806 1135 3874 Sic,
1183 3809 1381 3863 fratres
1422 3810 1551 3873 mei,
1583 3820 1638 3864 et
1692 3826 1791 3865 nos
1840 3818 1895 3864 et
1946 3825 2061 3875 vos,
2111 3813 2314 3879 pariter

730 3899 1038 3953 habeamus
1068 3908 1124 3953 et
1164 3900 1566 3969 amplectamur
1611 3916 1706 3956 eas
1734 3916 1857 3970 qua:
1898 3901 2144 3971 ejusdem
2182 3917 2314 3956 con-

729 3990 956 4045 ditionis
988 4006 1051 4045 ae
1081 3991 1285 4053 meriti,
1320 3992 1477 4046 nobis
1510 3992 1945 4062 adjunctarsunt
1981 4008 2043 4047 ac
2069 3994 2261 4048 deditae
2296 4013 2309 4048 :

730 4094 791 4137 ut
832 4096 885 4138 et
932 4085 1272 4155 gloriﬁcetur
1304 4085 1468 4150 Deus,
1507 4096 1563 4141 et
1600 4102 1699 4141 nos
1753 4087 2155 4152 illuminemur,
2202 4103 2310 4141 non

729 4177 1084 4247 inquinemur
1124 4188 1306 4231 autem
1350 4188 1402 4233 et
1443 4179 1850 4248 perturbemur.
1891 4178 1963 4233 De
2009 4181 2165 4234 vobis
2213 4182 2314 4232 tri-

731 4272 832 4323 bus
874 4271 940 4324 ad
974 4285 1061 4323 me
1097 4270 1368 4339 perlatum
1398 4279 1503 4336 est,
1549 4271 1902 4327 consociatos
1939 4287 2034 4327 vos
2063 4288 2185 4327 esse
2218 4288 2311 4340 per

729 4369 1110 4437 paenitentiam
1170 4376 1225 4422 et
1284 4370 1649 4435 mutationem
1703 4367 1917 4423 Leontii
1971 4387 1985 4422 :
2034 4378 2089 4424 et
2137 4369 2307 4425 Deum

730 4460 1030 4527 gloriﬁcavi
1078 4476 1179 4530 ego
1227 4471 1505 4531 peccator,
1538 4470 1653 4516 tum
1701 4463 1772 4517 ob
1810 4462 1957 4517 illius
2011 4462 2309 4532 mitigatio-

730 4567 876 4614 nem,
912 4554 958 4606 si
1005 4552 1170 4607 modo
1212 4565 1545 4621 perseveret,
1580 4562 1697 4608 tum
1731 4555 1802 4609 ob
1839 4566 2085 4609 vestrum
2133 4562 2310 4608 certa-

730 4663 853 4700 men
891 4668 901 4700 :
937 4646 1108 4716 quod,
1161 4655 1418 4717 tanquam
1455 4663 1485 4702 e
1525 4648 1745 4702 camino
1796 4649 1940 4719 ignis
1986 4659 2096 4703 tres
2134 4648 2311 4703 sancti

726 4740 907 4807 pueri,
948 4740 1029 4794 sic
1064 4748 1118 4795 et
1167 4739 1270 4808 ipsi
1321 4753 1352 4793 e
1404 4746 1548 4794 tetro
1602 4754 1827 4794 carcere
1872 4741 2027 4794 illaesi
2070 4741 2308 4805 exiistis,

730 4842 963 4902 tyranno
990 4832 1306 4901 perterrito.
1350 4830 1454 4885 Sed
1492 4831 1695 4897 adhuc,
1734 4830 1831 4886 viri
1880 4834 2117 4895 strenui,
2145 4835 2309 4888 dimi-

727 4932 867 4988 cate,
902 4932 956 4977 et
986 4938 1085 4978 vos
1132 4922 1199 4977 ad
1244 4924 1602 4977 tentationem
1658 4934 1974 4993 comparate
2020 4941 2193 4995 usque
2240 4925 2307 4979 ad

728 5016 1074 5085 sanguinem.
1123 5013 1253 5070 Haec
1291 5014 1438 5069 enim
1488 5014 1572 5069 lex
1609 5015 1859 5085 martyrii
1910 5024 2015 5071 est.
2066 5019 2190 5071 Sint
2228 5018 2306 5070 illi

726 5107 997 5161 benedicti
1051 5108 1145 5178 qui
1204 5122 1304 5163 vos
1354 5108 1752 5171 corroborant,
1814 5123 1911 5162 seu
1965 5109 2151 5172 domi,
2207 5126 2303 5165 seu

727 5202 881 5256 foris.
908 5197 1024 5254 Nos
1065 5200 1253 5255 miseri
1289 5216 1511 5255 rursum
1554 5200 1730 5270 plagis
1772 5200 1898 5255 caesi
1938 5215 2131 5257 sumus
2164 5218 2178 5255 :
2210 5204 2303 5256 sed

725 5310 850 5348 cum
881 5294 1181 5363 gratiarum
1218 5293 1437 5346 actione
1474 5292 1791 5361 excepimus
1824 5308 1837 5344 :
1866 5301 1920 5345 et
1950 5308 2095 5347 nunc
2129 5295 2304 5364 magis

724 5390 888 5441 etiam
920 5386 1081 5439 nobis
1108 5386 1407 5455 placemus.
1445 5383 1625 5449 Quare
1657 5398 1757 5438 nec
1779 5399 1876 5439 vos
1900 5386 2303 5441 contristemini

724 5480 777 5533 in
816 5478 1125 5533 humilitate
1156 5488 1379 5541 nostra;
1427 5476 1519 5530 sed
1567 5474 1801 5543 gaudete
1829 5476 2035 5545 potius,
2069 5485 2123 5529 et
2153 5487 2305 5531 orate

726 5579 782 5623 ut
803 5570 1087 5623 valeamus
1115 5567 1293 5621 adhuc
1324 5567 1376 5619 in
1411 5565 1696 5630 omnibus,
1728 5576 1781 5621 et
1805 5582 1869 5621 ea
1908 5568 2143 5621 tolerare
2178 5583 2300 5637 quae

724 5676 755 5715 a
792 5658 1153 5729 potestatibus
1195 5654 1527 5721 inferuntur,
1576 5665 1630 5711 et
1679 5672 1744 5713 ea
1777 5656 2050 5712 sustinere
2080 5673 2201 5727 quae
2228 5658 2298 5713 ab

791 5840 837 5869 ⁸⁸
863 5837 1096 5891 Philem.
1132 5853 1141 5887 ι
1208 5838 1257 5888 l.

2414 577 2508 628 καὶ
2535 576 2633 646 τὴν
2667 576 2788 629 καθ’
2818 578 2969 646 ἡμᾶς
3000 579 3029 630 6
3057 576 3191 639 Θεὸς
3216 578 3532 629 ἐπισκοπῶν
3556 580 3881 631 ἐπισκοπεῖ·
3910 580 3995 631 καὶ

2414 669 2506 720 ὑπ’
2533 669 2654 737 ὄψιν
2690 671 2867 737 ἤγαγε
2900 671 2961 721 τὸ
2990 668 3314 740 μαρτύριον,
3350 670 3433 721 ὅτι
3462 670 3872 741 ἡλλοτρίωνται
3905 672 3993 723 ati-

2411 761 2508 814 τοῦ
2546 762 2598 813 οί
2637 763 2737 831 τῆς
2783 761 2992 825 εἰκόνος
3038 762 3292 832 ἀρνηταί.
3326 762 3387 814 Ei
3430 761 3538 831 γὰρ
3567 762 3662 815 τοῦ
3696 762 3995 831 κορυφαίου

2412 854 2519 907 είσὶ
2544 854 2957 925 διερῤηγμένοι,
2983 854 3092 907 τῶν
3115 872 3175 907 τε
3196 854 3400 924 ἑτέρων
3419 853 3587 925 τριῶν
3611 855 3994 926 πατριαρχῶν·

2411 947 2613 1017 δηλαδὴ
2643 950 2737 999 καὶ
2766 948 2861 1000 τοῦ
2894 947 3163 1018 Χριστοῦ,
3194 947 3251 1010 ὃς
3276 946 3484 1017 κεφαλὴ
3511 945 3626 999 τῶν
3656 949 3993 1017 προειρημέ-

2412 1055 2539 1091 νων·
2573 1042 2669 1092 καὶ
2694 1040 2912 1093 πενθεῖν
2938 1042 3057 1093 ἐστι
3090 1042 3185 1092 καὶ
3212 1039 3636 1109 σκυθρωπάζειν
3670 1040 3765 1092 ἐπ’
3794 1041 3993 1103 αὑτοῖς·

2413 1132 2543 1201 ἡμῖν
2572 1131 2630 1183 δὲ
2664 1133 2875 1203 χαίρειν
2910 1134 3054 1202 μέγα
3087 1133 3184 1185 καὶ
3210 1133 3509 1203 ὑπερφυές.

2496 1225 2840 1295 Ἐνέγκωμεν
2883 1225 2977 1279 οὑν
3009 1225 3234 1287 λοιπὸν,
3277 1226 3585 1295 ἀγαπητοὶ,
3631 1228 3704 1279 τὰ
3743 1226 3998 1281 θλιπτικά

2412 1318 2510 1386 τῆς
2531 1317 2799 1385 φυλακῆς·
2829 1318 2897 1371 τὰ
2923 1316 3355 1387 προσδοκώμενα
3375 1317 3455 1369 ἔτι
3484 1321 3848 1388 πειρατήρια·
3876 1320 3997 1371 αὐτὸ

2410 1411 2593 1475 τοῦτο,
2645 1410 3014 1480 ἀποθνήσκειν
3057 1410 3402 1480 καθημέραν,
3439 1414 3781 1481 μαρτυρεῖν,
3821 1413 3996 1465 ἀθλεῖν

2412 1502 2517 1565 ἕως
2546 1501 2613 1555 ἂν
2641 1503 2838 1571 ἐπιστῇ
2867 1503 2893 1554 6
2928 1502 3122 1571 καιρὸς
3148 1501 3247 1571 τ’ἧς
3277 1503 3519 1571 εἰρήνης·
3548 1502 3606 1554 ὂν
3629 1502 3659 1553 6
3682 1501 3899 1573 Κύριος
3920 1505 3998 1557 δε-

2411 1594 2705 1662 δοκίμακεν
2749 1593 3061 1663 ἀρκούντως
3089 1593 3233 1663 ἔχειν
3271 1595 3350 1655 είς
3380 1593 3622 1661 δοκίμιον
3660 1594 3775 1646 τῶν
3807 1596 3996 1663 61.1016-

2412 1686 2672 1752 γούντων,
2732 1687 2825 1738 καὶ
2877 1686 3234 1754 ἀνταπόδομα
3279 1683 3388 1737 τῶν
3446 1685 3850 1739 ἀπειθούντων.
3939 1686 3996 1737 Ἠ

2414 1780 2597 1849 ἡμέρα
2642 1779 2739 1849 τὴν
2783 1779 2998 1848 ἡμέραν
3038 1777 3407 1841 διαϐιϐαζέτω
3458 1778 3527 1830 δι’
3575 1778 3867 1848 ὑπομονῆς
3910 1780 3998 1831 καὶ

2414 1870 2745 1941 προθυμίας·
2778 1872 2811 1940 ἡ
2857 1871 2980 1941 χεὶρ
3020 1869 3340 1939 ὲργαζέσθω
3373 1870 3762 1942 οἱονδηποτοῦν
3798 1871 3996 1940 ἔργον·

2413 1964 2474 2015 τὺ
2506 1963 2679 2032 στόμα
2704 1961 2979 2031 ψαλλέτω·
3010 1962 3073 2015 τὸ
3098 1961 3259 2031 σῶμα
3287 1961 3769 2030 δουλαγωγείσθω·
3808 1964 3839 2015 6
3882 1962 3999 2024 νοῦς

2414 2057 2731 2127 προσεχέτω
2759 2054 2970 2125 ἑαυτῷ·
3009 2054 3084 2126 μὴ
3116 2056 3357 2122 ἀνοίγειν
3388 2053 3557 2125 θύραν
3600 2056 3716 2118 τοῖς
3746 2056 3997 2109 πάθεσιν·

2413 2152 2487 2213 ὼς
2514 2150 2579 2204 ἂν
2617 2150 2898 2220 ἡφυλακὴ
2928 2148 3241 2223 εὐρύχωρος
3285 2144 3427 2214 εἷεν,
3473 2150 3823 2221 εὑχάριστος,
3872 2151 3999 2219 γλυ-

2414 2243 2558 2302 κεῖα,
2598 2240 2862 2294 παλάτιον
2892 2238 3150 2307 Χριστοῦ.
3186 2239 3261 2291 Τὸ
3292 2239 3404 2309 γὰρ
3429 2239 3677 2294 ἐναντίον
3701 2242 3996 2311 πρόδηλον.

2414 2334 2602 2395 Πίστις
2630 2333 2784 2402 παρὰ
2815 2333 2923 2386 τῶν
2958 2330 3157 2396 ἔξωθεν
3200 2331 3338 2402 πρὸς
3368 2332 3533 2402 ὑμᾶς,
3565 2333 3781 2404 ἀνδρῶν
3812 2351 3876 2386 τε
3913 2334 4001 2386 καὶ

2413 2424 2721 2493 γυναικῶν·
2768 2424 3115 2496 μοναζουσῶν
3156 2440 3215 2476 τε
3249 2426 3345 2475 καὶ⁵
3380 2424 3646 2492 μιγάδων.
3697 2426 3814 2478 Καὶ
3862 2428 4002 2479 είκὸ-

2413 2532 2543 2580 τως·
2570 2518 2691 2571 ἐπεὶ
2720 2518 2833 2587 φῶς
2858 2520 2980 2571 ἐστε
3011 2516 3200 2586 χάριτι
3230 2516 3471 2587 Χριστοῦ
3509 2518 3607 2587 τῆς
3646 2516 3995 2579 Βυζαντίδος·

2417 2608 2504 2660 ἵνα
2547 2609 2621 2676 μὴ
2654 2609 2814 2671 εῑπω,
2848 2606 2971 2659 ὅλου
3001 2604 3096 2659 τοῦ
3127 2606 3359 2677 κόσμου.
3406 2608 3571 2662 Ἀλλά
3594 2609 3890 2677 βλέπωμεν
3915 2610 4002 2661 τὸν

2418 2699 2805 2766 ὲπισπείροντα
2828 2699 2907 2769 τῷ
2933 2698 3064 2768 σίτῳ
3094 2698 3311 2764 ζιζάνια
3338 2700 3585 2755 διάϐολον
3604 2715 3619 2729 ο
3643 2699 3739 2752 καὶ
3774 2700 3856 2769 τῷ
3885 2702 4002 2754 6::-

2419 2788 2654 2858 νοητικῷ
2681 2788 2919 2857 κοσκίνῳ
2946 2788 3045 2859 τὴν
3091 2790 3191 2860 μὲν
3222 2791 3406 2843 πίστιν
3431 2789 3792 2859 προσιέμεθα·
3823 2790 3924 2854 τὰς
3948 2792 4003 2844 δὲ

2420 2883 2632 2951 σχέσεις
2650 2881 3100 2951 ἀποσεισώμεθα·
3128 2881 3217 2935 ἴνα
3246 2882 3326 2953 μὴ
3348 2884 3381 2949 ἡ
3408 2880 3611 2950 ψυχικὴ
3642 2879 3803 2952 χώρα
3827 2881 4002 2951 λυμή-

2418 2991 2599 3044 νηται.
2653 2969 2783 3043 Εἶχε
2829 2974 2925 3027 καὶ
2969 2974 3181 3037 Παῦλος
3212 2977 3240 3028 ὁ
3292 2974 3467 3043 μέγας
3517 2974 3848 3044 ἀγαπητά;·
3906 2975 4003 3045 τὴν

2431 3065 2688 3135 ’Λπφίαν,
2716 3066 2816 3135 τὴν
2850 3066 3107 3134 Περσίδα,
3148 3068 3246 3119 καὶ
3272 3065 3516 3119 Εὑωδίαν
3545 3067 3882 3136 παρακαλεῖ.
3910 3067 4002 3119 καὶ

2419 3157 2697 3226 Συντύχην
2729 3158 3042 3229 παρακαλεῖ
3074 3158 3136 3210 τὸ
3165 3157 3298 3211 αὑτὸ
3328 3161 3549 3227 φρονεῖν
3586 3161 3645 3211 ὲν
3673 3160 3888 3229 Κυρίῳ·
3930 3160 4003 3222 ὡς

2419 3248 2808 3317 συγκοπιώσας
2834 3250 2930 3303 καὶ
2960 3248 3332 3311 συναθλούσας
3360 3250 3453 3303 καὶ
3491 3249 3868 3315 διακονούσας.
3898 3253 4003 3304 Καὶ

2416 3341 2715 3407 ἀναγκαῖον
2738 3340 2957 3404 πάντως
2982 3341 3147 3411 ἔχειν·
3174 3340 3291 3395 ἀλλ’
3314 3340 3481 3410 ἔχειν,
3504 3341 3579 3403 ὠς
3602 3336 3748 3411 εἶχεν
3771 3343 3999 3405 ἐκεῖνος.

2431 3432 2583 3485 Ἐπεί
2615 3450 2749 3502 φησι
2795 3434 2925 3504 περὶ
2970 3434 3307 3503 Πρισκίλλης
3340 3434 3436 3487 καὶ
3495 3433 3729 3488 ’Δκύλα·
3773 3436 4004 3499 Οῖτινες

2416 3524 2569 3593 ὑπὲρ
2608 3522 2717 3593 τῆς
2750 3525 2959 3595 ψυχῆς
2985 3543 3107 3595 μου
3154 3528 3263 3579 τὸν
3292 3525 3513 3580 ἑαυτὸν
3546 3527 3860 3597 τράχηλον
3897 3532 4002 3583 ὐπ-

2414 3613 2667 3682 ἔθηκαν.

2498 3724 2662 3795 Ὀρᾷς
2692 3723 2751 3776 τὸ
2776 3725 2979 3797 θερμὸν
3006 3727 3105 3797 τῆς
3125 3727 3373 3800 ἀγάπης,
3412 3729 3507 3782 καὶ
3553 3728 3651 3800 τὴν
3712 3730 4001 3783 ἀποστολι-

2414 3810 2517 3885 κῆν
2545 3817 2853 3889 ἀποδοχήν;
2902 3818 3110 3885 υὺτως,
3162 3821 3383 3890 ἀδελφοί
3422 3840 3545 3893 μου,
3583 3822 3677 3875 καὶ
3711 3824 3879 3892 ήμεῖς
3913 3827 4003 3876 καὶ

2416 3906 2598 3976 ὑμεῖς,
2652 3911 2745 3961 καὶ
2789 3910 3006 3980 ἔχωμεν
3040 3913 3135 3966 καὶ
3179 3911 3556 3983 ἀσπαζώμεθα
3600 3916 3701 3977 τὰς
3744 3916 3805 3967 ὲν
3854 3916 4002 3980 τάξει

2414 3996 2523 4049 τῶν
2547 3998 2808 4053 τοιούτων
2846 4004 2978 4073 ἡμῖν
3023 4006 3451 4074 καθισταμένας.
3500 4006 3588 4069 Ὠς
3618 4006 3684 4060 ἂν
3712 4008 4003 4080 δοξάζηται

2414 4089 2442 4140 6
2465 4088 2620 4153 Θεὸς,
2650 4093 2745 4146 καὶ
2774 4096 3123 4165 φωτίζωμεν·
3155 4096 3293 4148 ἀλλά
3330 4098 3405 4167 μὴ
3441 4096 3730 4167 θολὼμεθα
3756 4100 3854 4153 καὶ
3878 4117 4003 4165 συγ-

2415 4178 2689 4248 χεώμεθα.
2718 4183 3023 4237 Ἰἰκουσταί
3058 4202 3147 4253 μοι
3189 4187 3321 4256 περὶ
3362 4185 3516 4257 ὑμῶν
3544 4188 3651 4241 τῶν
3685 4188 3856 4258 τριῶν
3876 4230 3892 4254 ,
3921 4190 3999 4242 ὅτι

2414 4271 2657 4341 ηνώθητε
2700 4275 2805 4327 ὑπὸ
2850 4274 3220 4346 μεταμελείας
3248 4278 3343 4332 τοῦ
3375 4281 3635 4333 ταπεινοῦ
3675 4280 3850 4353 [Reg.
3881 4285 4000 4338 cod.

2414 4362 2993 4436 ὲ).εεινοῦ]”Λεοντίου,
3045 4372 3139 4422 καὶ
3179 4370 3272 4423 τὸν
3316 4371 3450 4425 Θεὸν
3496 4372 3726 4439 ἐδόξασα
3754 4374 3783 4425 6
3817 4376 4003 4447 ἀμαρ-

2415 4456 2605 4521 τωλὸς,
2640 4456 2733 4509 ὲπί
2763 4475 2823 4510 τε
2855 4462 2920 4530 τῇ
2956 4461 3284 4529 μετοκλάσει
3310 4462 3523 4516 ἐκείνου
3542 4480 3557 4493 ·
3578 4464 3739 4534 εἴπερ
3770 4466 3865 4517 καὶ
3891 4466 4003 4519 διαο

2421 4550 2620 4619 μείνοι·
2656 4550 2751 4604 καὶ
2783 4556 2851 4624 τῇ
2882 4553 3125 4625 ὑμετέρᾳ
3164 4554 3476 4627 ὲναθλήσει·
3523 4557 3607 4610 ὅτι
3648 4557 3725 4619 ὡς
3758 4558 3868 4611 ἀπὸ
3892 4576 4001 4611 κα·

2415 4641 2576 4704 μίνου
2606 4643 2782 4714 πυρὸς
2810 4645 2861 4697 οί
2908 4645 3055 4713 ἅγιοι
3084 4648 3235 4716 τρεῖς
3274 4648 3463 4712 παῖδες
3484 4688 3499 4713 ,
3534 4648 3723 4702 καύτοὶ
3752 4650 3864 4703 τῶν
3894 4651 4002 4705 δει-

2412 4735 2520 4787 νῶν
2568 4736 2829 4804 φυλακῶν
2871 4739 3077 4802 ἀσινεῖς
3124 4739 3511 4810 ὲξεληλύθατε,
3554 4742 4002 4812 καταπλήξαντες

2410 4824 2500 4878 τὸν
2524 4826 2809 4898 τύραννον.
2852 4829 2992 4882 Ἀλλ’
3016 4829 3118 4894 ἔτι,
3145 4832 3385 4897 γενναῖοί
3418 4848 3543 4901 μου,
3574 4832 3874 4886 ὲναθλοῖτε·
3911 4845 4003 4894 καὶ

2410 4920 2472 4971 τὸ
2496 4921 2863 4992 πειρασθῆναι
2903 4922 3259 4992 ἑτοιμάζεσθε
3296 4925 3489 4995 μέχρις
3530 4925 3784 4996 αῐματος.
3812 4927 4001 4981 Τοιοῦ-

2412 5028 2505 5075 τος
2550 5013 2661 5084 γὰρ
2697 5015 2727 5067 6
2758 5015 2939 5085 adpo;
2969 5014 3073 5085 τῆς
3109 5016 3921 5089 μαρτυρίας..Εὑλογηθείησαν
3950 5020 4000 5072 οί

2414 5107 2671 5160 ἀλεῖπται
2729 5108 2907 5178 ὑμῶν,
2953 5108 3002 5160 oi
3045 5107 3259 5161 ἔνδοθεν
3302 5110 3397 5161 καὶ
3442 5108 3662 5175 ἔξωθεν.
3712 5109 3906 5178 Ἡμεῖς
3954 5112 3999 5163 oi

2412 5198 2755 5269 ταλαίπωροι
2812 5198 2907 5251 καὶ
2958 5196 3115 5261 αὖθις
3170 5197 3672 5269 ὲμαστιγώθημεν·
3734 5199 3855 5251 ἀλλ’
3910 5198 3999 5251 εὑ-

2413 5292 2689 5361 χαρίστως
2713 5288 3040 5361 ἐδεξάμεθα·
3069 5289 3163 5341 καὶ
3190 5288 3522 5360 εὐδοκοῦμεν
3547 5289 3747 5359 μᾶλλον
3776 5291 3873 5344 καὶ
3902 5292 3996 5354 ἔτι,

2414 5384 2579 5436 Ὥστε
2613 5384 2770 5452 ὑμεῖς
2802 5384 2878 5454 μὴ
2912 5382 3140 5435 ἀνιᾶσθε
3188 5384 3247 5435 ὲν
3294 5386 3359 5453 τῇ
3412 5380 3742 5436 ταπεινώσει
3797 5383 3993 5454 ἡμῶν,

2402 5473 2538 5526 ἀλλὰ
2577 5473 2777 5544 μᾶλλον
2811 5473 3060 5542 χαίρετε,
3089 5473 3187 5526 καὶ
3218 5456 3585 5542 προσεύχεσθε
3617 5472 3825 5542 ἰσχύειν
3852 5473 3997 5542 ἡμᾶς

2408 5564 2489 5617 ἔτι
2518 5566 2575 5617 ἐν
2602 5566 2766 5617 πᾶσιν
2787 5580 2801 5593 ·
2834 5564 3004 5617 οῖσειν
3032 5580 3090 5616 τε
3125 5564 3220 5615 καὶ
3246 5565 3314 5617 τὰ
3342 5562 3495 5634 παρά
3516 5563 3627 5618 τῶν
3661 5563 3999 5628 ὲξουσιαζόν·

2407 5678 2514 5713 των
2543 5658 2883 5727 ὲπαγὸμενα·
2928 5656 3117 5729 φέρειν
3142 5673 3202 5710 τε
3232 5658 3328 5711 καὶ
3357 5656 3423 5710 τά
3457 5655 3608 5727 παρά
3637 5655 3733 5709 τοῦ
3768 5657 3995 5729 ἀοράτου

1334 5836 1377 5867 ⁸⁴
1409 5834 1565 5890 Rom.
1606 5850 1715 5901 xvr,
1756 5835 1841 5891 1‘2.
1922 5838 1964 5869 ⁸⁷
1996 5836 2231 5907 Philipp.
2259 5853 2331 5902 iv,
2357 5837 2411 5891 2.
2489 5837 2533 5870 ⁸⁸
2558 5834 2715 5889 Rom.
2756 5849 2869 5900 xvi,
2896 5834 2945 5887 4.
