4164 6526
190 485 339 550 1293

1394 470 1934 532 EPISTOLARUM
1982 470 2129 529 LIB.
2168 468 2249 525 II.

3309 446 3445 519 1294

190 589 460 658 πολεμίου
517 584 679 656 (Reg.
723 584 838 637 cod.
886 578 1166 651 πολέμου]
1198 576 1649 647 συμϐαλλόμενα,
1685 578 1782 628 σὺν

1894 573 2143 629 invisibili
2176 573 2331 627 hoste
2353 571 2756 641 conjiciuntur;
2788 586 2895 625 una
2919 585 3043 625 cum
3080 569 3247 624 fratre
3273 568 3436 624 Nico-

189 681 280 751 τῷ
330 676 542 748 ἀδελφῷ
584 674 842 744 Νικολάῳ
872 688 883 701 ·
935 672 992 735 ὃς
1045 672 1139 725 καὶ
1189 669 1587 741 προσαγορεύει
1634 669 1779 739 ὑμᾶς

195 769 534 839 θερμότατα.
579 760 967 834 Μνημονεύετέ
1008 778 1111 830 μου
1153 759 1262 813 τῶν
1314 756 1659 829 στεναγμῶν.
1715 756 1780 808 'H

194 863 361 933 χάρις
392 859 509 929 μεθ’
536 857 713 928 ὑμῶν.
754 856 944 926 ’Δμήν.

446 971 565 1025 ΞΖ’.
603 1000 672 1010 -
706 967 1054 1036 Ναυκρατίῳ
1090 966 1296 1028 τέκνῳ.
1334 963 1532 1037 [υμζ’.]

1884 668 1971 721 lao
2001 667 2095 736 qui
2128 680 2225 721 vos
2256 674 2601 735 peramanter
2634 664 2856 719 salutat.
2897 663 3225 718 Mementote
3264 662 3447 731 suspi-

1885 758 2091 813 riorum
2125 770 2395 811 meorum.
2438 754 2622 810 Gratia
2655 755 2955 810 vobiscum.
2992 754 3213 815 Amen.

2299 952 2459 1005 LVII.
2489 982 2559 993 —
2588 951 2877 1004 Naucratio
2908 952 3039 1018 ﬁlio.

198 1080 461 1145 Captivum
481 1093 576 1143 pro
596 1080 789 1131 Christo
808 1079 998 1128 solatur
1022 1078 1396 1145 conﬁrmatque.
1419 1089 1507 1145 spe
1534 1072 1748 1142 praemii.
1767 1073 1839 1121 De
1870 1068 2463 1145 quorumdamulapsorum
2505 1064 2795 1128 poenitentia
2835 1062 3106 1126 respondet
3132 1078 3143 1111 :
3168 1075 3364 1111 necnon
3387 1062 3451 1110 de

1335 1129 1579 1198 aliquibus
1602 1135 1871 1196 imaginum
1888 1129 2311 1189 inscriptionibus.

276 1248 416 1319 Παρ’
439 1246 628 1299 ἐλπίδα
654 1245 773 1316 μὲν,
799 1244 888 1296 ἐπ’
912 1243 1090 1296 ἑλπίδι
1114 1242 1172 1296 δὲ
1196 1245 1366 1313 ὅμως,
1391 1241 1659 1310 ἐδεξάμην
1682 1255 1776 1291 σου

199 1342 306 1413 τὴν
344 1339 671 1407 ἐπιστολὴν,
703 1337 884 1406 τίμιον
922 1336 1140 1389 τέκνον·
1170 1335 1232 1387 τὸ
1274 1333 1511 1405 πρῶτον,
1547 1332 1636 1385 διὰ
1681 1332 1779 1400 τὴν

206 1433 522 1501 ὲπίσφιγξιν
555 1429 654 1499 τῆς
684 1428 933 1497 φυλακῆς
961 1428 1021 1493 ἐξ
1040 1428 1347 1498 ἐπιτροπῆς
1374 1429 1467 1478 τοῦ
1492 1423 1774 1494 βασιλέως·

206 1524 273 1576 τὸ
291 1523 562 1593 δεύτερον,
579 1520 666 1573 διὰ
690 1520 790 1590 τὴν
816 1520 1188 1590 ὑπεράπειρον
1213 1518 1524 1586 ἀγαθότητα
1540 1514 1629 1567 τοῦ
1659 1514 1778 1582 φιλ-

209 1616 498 1687 ανθρώπου
540 1614 676 1666 Θεοῦ
696 1630 710 1643 ·
738 1614 804 1666 δι’
846 1614 991 1683 ὑμᾶς
1020 1614 1146 1675 τοὺς
1179 1612 1369 1681 ἁγίους
1399 1611 1493 1663 xui.
1519 1609 1586 1660 τὰ
1619 1608 1776 1677 ἡμῶν

206 1710 319 1762 τῶν
346 1704 686 1777 ἁμαρτωλῶν
720 1700 779 1759 εὖ
827 1704 1226 1773 διατιθεμένων
1278 1703 1380 1755 κᾶν
1413 1701 1463 1752 οἱ
1505 1698 1781 1768 ἄνθρωποι

205 1797 614 1861 δυσδιεξόδευτα
655 1796 954 1866 πειρῶνται
997 1794 1206 1865 φέρειν.
1248 1793 1356 1846 Καὶ
1388 1791 1441 1843 τί
1472 1790 1632 1852 εἴπω,
1670 1787 1783 1858 ἢτί

1956 1235 2159 1288 Prmter
2211 1248 2363 1301 spem
2419 1231 2661 1300 quidem,
2706 1239 2760 1283 at
2804 1230 2962 1298 juxta
3030 1244 3179 1297 spem
3249 1241 3449 1290 tamen.

1884 1323 2067 1390 accepi
2102 1322 2312 1376 litteras
2342 1329 2486 1383 tuas,
2529 1318 2603 1372 [ili
2647 1318 2943 1373 reverende
2974 1336 2987 1373 :
3018 1319 3273 1379 alterum,
3306 1320 3453 1387 quod

1886 1414 2048 1484 jussu
2098 1413 2246 1482 regis
2300 1412 2510 1465 arctior
2561 1411 2633 1466 sit
2677 1410 2923 1464 custodia
2953 1427 2967 1463 :
3002 1409 3256 1470 alterum,
3308 1410 3453 1472 quod

1886 1507 2153 1558 immensa
2186 1501 2598 1556 clementissimi
2648 1500 2737 1554 Dei
2770 1500 3079 1568 benignitas
3112 1499 3203 1563 sit,
3234 1508 3455 1567 preptcr

1882 1611 1984 1649 vos
2014 1594 2109 1665 qui
2149 1594 2325 1647 sancti
2362 1593 2515 1657 estis,
2551 1607 2637 1646 res
2680 1607 2900 1661 quoque
2936 1601 3173 1652 nostras,
3203 1590 3295 1659 qui
3337 1606 3457 1659 pec-

1889 1698 2107 1744 catores
2155 1702 2369 1748 sumus,
2418 1684 2633 1754 egregie
2660 1682 2994 1738 fortunantis
3028 1701 3041 1735 :
3072 1686 3323 1751 quamvis
3374 1698 3458 1736 eo-

1889 1788 2090 1835 nentur
2139 1778 2390 1832 homines
2438 1776 2681 1830 dilﬁcilia
2740 1789 2927 1829 creare
2964 1776 3205 1845 negotia.
3248 1772 3459 1843 Ecquid

207 1886 474 1955 διανοηθῶ
491 1889 519 1939 6
539 1886 706 1948 τάλας
726 1902 740 1950 ;
758 1865 798 1954 νῆ
817 1885 897 1938 ὅτι
944 1886 1147 1937 Πάντα
1168 1882 1235 1935 τὰ
1256 1879 1407 1935 ὀστᾶ
1421 1898 1539 1949 μου
1556 1879 1782 1945 ἐροῦσι,

1894 1887 2054 1942 porro
2086 1871 2288 1934 dicam,
2311 1880 2406 1925 aut
2434 1868 2567 1939 quid
2601 1867 2855 1939 cogitabo
2899 1867 3089 1930 miser,
3138 1867 3243 1920 nisi
3276 1865 3460 1919 istud?

207 1982 407 2047 Κύριε,
434 1978 630 2046 Κύριε,
662 1978 755 2041 τίς
782 1976 985 2045 ὅμοιός
1009 1989 1108 2028 σοι
1131 1990 1151 2037 ;
1200 1974 1519 2041 Ῥυόμενος
1545 1970 1786 2038 πτωχὸν

1894 1962 2087 2017 Omnia
2113 1978 2238 2015 ossa
2269 1977 2383 2014 mea
2418 1960 2592 2013 dicent
2624 1975 2642 2012 :
2676 1960 2913 2021 Domine,
2951 1955 3194 2021 Domine,
3233 1958 3351 2025 quis
3380 1957 3458 2009 si-

207 2072 280 2125 ἐκ
310 2070 507 2140 χειρὸς
530 2069 940 2137 στερεωτέρων
967 2068 1176 2121 αὐτοῦ.
1212 2066 1360 2134 Αὕτη
1395 2081 1494 2134 μου
1523 2066 1557 2132 ὴ
1592 2062 1784 2134 πρώτη

212 2165 367 2234 φωνὴ
396 2162 490 2216 τοῦ
516 2161 758 2234 οἰκτροῦ·
786 2160 889 2215 κᾶν
909 2162 973 2213 ὲκ
995 2157 1290 2226 Δαυῖτικῆς
1313 2156 1476 2227 ᾠδῆς.
1504 2155 1785 2225 Δεύτερον,

212 2257 298 2309 ὃτι
345 2254 441 2307 καὶ
488 2253 814 2322 ἀδολεσχίας
840 2251 1062 2320 ἀνείθην
1113 2251 1380 2317 ἀναγνοὺς
1424 2249 1486 2303 τὸ
1533 2250 1783 2319 γράμμα·

212 2346 341 2398 ἐπεὶ
369 2328 527 2414 εῦρον
558 2346 659 2415 τὴν
691 2344 966 2415 μέθειρξίν
997 2358 1089 2395 σου
1127 2340 1301 2404 οὓτως
1322 2342 1550 2411 ἔχουσαν
1573 2340 1648 2406 ὡς
1680 2342 1787 2394 ὲὸί-

214 2433 401 2499 δαξας.
446 2436 634 2505 Ἥμην
662 2434 771 2504 γὰρ
818 2432 1119 2514 πρρμαθὼν
1161 2434 1242 2485 ὅτι
1285 2433 1445 2503 μόνον
1492 2449 1790 2502 μετεφρου-

223 2526 416 2596 ρήθης.
450 2525 724 2595 Εύψύχει,
766 2524 987 2592 ἀδελφὲ,
1015 2523 1112 2577 καὶ
1154 2524 1468 2594 εὐφραίνου,
1497 2524 1577 2575 ὅτι
1606 2522 1789 2585 καθὼς

217 2614 505 2679 πλεονάζει
532 2615 602 2667 τὰ
639 2614 941 2683 παθήματα
969 2612 1064 2665 τοῦ
1095 2613 1335 2683 Χριστοῦ
1365 2614 1445 2675 είς
1473 2613 1555 2675 σὲ,
1588 2614 1682 2667 καὶ
1708 2615 1790 2677 εἰς

215 2704 344 2770 τοὺς
373 2707 680 2778 ὁμόφρονας
712 2722 804 2758 σου
829 2706 924 2758 καὶ
947 2707 1287 2776 ὁμοτρόπους
1317 2724 1400 2759 σοι
1421 2722 1435 2735 ’
1463 2705 1606 2758 οὕτω
1636 2708 1727 2760 καὶ
1756 2710 1790 2779 ἡ

219 2800 588 2869 παράκλησις,
623 2796 719 2849 καὶ
747 2798 775 2848 ὁ
804 2796 1014 2866 μισθὸς,
1047 2798 1139 2850 καὶ
1163 2798 1222 2848 τὸ
1247 2796 1420 2859 κλέος.
1446 2798 1556 2850 Καὶ
1585 2797 1700 2861 πῶς
1726 2797 1792 2851 ἂν

220 2886 368 2959 εἶχεν
401 2892 481 2953 είς
515 2889 822 2958 τούμφανὲς
852 2889 1027 2943 ἐλθεῖν
1067 2891 1137 2941 τὰ
1177 2890 1345 2959 σκεύη
1389 2890 1489 2958 τῆς
1529 2889 1790 2957 ἐκλογῆς,

219 2986 270 3036 εί
321 2984 395 3055 μὴ
448 2985 630 3052 παρῆν
665 2982 732 3035 τὰ
778 2982 1083 3045 σκάνδαλα,
1124 2982 1584 3053 παραχωροῦντος
1632 2983 1790 3044 Θεοῦ,

219 3072 347 3133 τοὺς
395 3072 495 3142 μὲν
535 3071 820 3134 ποιοῦντας
869 3072 1010 3124 αὐτὰ
1049 3071 1354 3134 δεικνύντος
1399 3065 1501 3123 οἷοι
1544 3067 1673 3131 εἷεν.
1718 3072 1794 3135 ὠς

222 3160 440 3225 ζιζάνια
472 3160 786 3230 τηρούμενα
824 3162 905 3225 είς
933 3161 1126 3215 καῦσιν
1169 3163 1342 3231 πυρὸς
1387 3162 1636 3214 αἰωνίουσ
1667 3164 1794 3223 τοὺς

1886 2053 2030 2107 milia
2082 2052 2219 2105 tibi?
2274 2052 2517 2120 Eripiens
2573 2051 2776 2119 inopem
2833 2049 2897 2101 de
2959 2063 3121 2101 manu
3179 2047 3460 2116 fortiorum

1886 2144 1998 2215 ejus
2021 2147 2093 2202 ⁸⁸.
2132 2143 2283 2199 Hanc
2330 2146 2562 2213 primam
2607 2157 2795 2197 vocem
2828 2142 2996 2196 miser
3025 2147 3239 2207 emitto,
3283 2158 3460 2209 quan-

1888 2255 2054 2311 quam
2102 2256 2170 2294 ει
2213 2238 2472 2292 Davidico
2522 2236 2791 2290 carmine.
2836 2233 2962 2289 llaec
2998 2234 3193 2288 deinde
3246 2233 3458 2296 altera;

1890 2332 2037 2403 quod
2066 2332 2280 2386 solutus
2310 2343 2433 2385 sum
2468 2329 2656 2383 labore
2685 2326 3001 2396 prolixiuris
3032 2323 3325 2386 sermonis,
3369 2322 3461 2375 ubi

1891 2425 2140 2479 libellum
2188 2424 2296 2493 legi
2340 2442 2354 2477 :
2391 2419 2832 2492 quandoquidem
2875 2417 3117 2471 intellexi
3164 2417 3245 2470 sic
3272 2430 3333 2470 se
3362 2416 3461 2468 lia-

1891 2518 2022 2573 bere
2044 2517 2421 2588 captivitatem
2451 2526 2601 2569 tuam
2627 2512 3092 2583 quemadmodum
3121 2509 3461 2564 insinuaras.

1894 2606 2056 2662 Prius
2102 2608 2251 2662 enim
2290 2605 2675 2660 didiceram'te
2723 2618 2893 2656 unum
2937 2602 2992 2656 in
3028 2616 3247 2656 carcere
3281 2600 3465 2654 deten-

1892 2711 2031 2756 tum.
2063 2698 2213 2754 Forti
2253 2706 2308 2752 et
2351 2712 2550 2768 magno
2580 2696 2763 2750 animo
2792 2705 2934 2759 esto,
2989 2694 3177 2759 frater,
3207 2704 3262 2749 et
3290 2694 3467 2764 gaude

1892 2796 2039 2863 quod
2071 2790 2536 2863 quemadmodum
2565 2787 2847 2843 abundant
2879 2788 3165 2857 passiones
3185 2787 3389 2841 Christi
3409 2786 3463 2839 in

1893 2894 1967 2949 te,
2022 2892 2077 2937 et
2129 2883 2185 2937 in
2243 2898 2341 2938 eos
2386 2881 2589 2952 quibus
2638 2881 2799 2935 iidem
2838 2895 3038 2934 sensus
3082 2879 3467 2949 assimilesque

1893 2990 2077 3031 mores
2097 2993 2113 3043 ;
2135 2976 2215 3031 sic
2247 2976 2347 3029 erit
2379 2984 2434 3029 et
2460 2972 2792 3039 consolatio,
2832 2980 2887 3027 et
2908 2986 3142 3037 merces,
3172 2980 3228 3026 et
3265 2971 3462 3040 gloria.

1894 3068 2032 3121 Nam
2063 3081 2172 3135 quo
2212 3076 2369 3135 pacto
2406 3062 2697 3119 manifesta
2741 3064 2935 3118 tierent
2974 3079 3103 3119 vasa
3152 3064 3464 3125 electionis,

1897 3160 2003 3213 nisi
2042 3158 2302 3213 scandala
2353 3157 2702 3218 interessent,
2753 3153 2850 3210 Dei
2899 3156 3191 3223 permissu,
3236 3154 3468 3209 manife-

220 3252 279 3304 δὲ
332 3252 769 3321 ὑπομονητικοὺς
822 3251 929 3305 τῶν
987 3253 1313 3323 πειρασμῶν
1368 3252 1790 3322 δοκιμάζοντος,

1898 3251 2095 3303 stantis
2123 3250 2342 3319 quidem
2373 3248 2563 3318 quales
2606 3248 2644 3301 ii
2683 3248 2792 3302 sint
2820 3249 2913 3318 qui
2948 3249 3081 3303 talia
3112 3260 3299 3321 agunt,
3332 3266 3471 3320 quos

222 3341 505 3411 ἠλιοειδῶς
526 3341 903 3412 ὲκλάμψοντας
929 3342 985 3393 ἐν
1008 3344 1073 3410 τῇ
1111 3340 1359 3410 βασιλείᾳ
1376 3339 1485 3393 τῶν
1509 3340 1753 3410 οὐρανῶν
1777 3358 1792 3405 ;

1899 3353 2161 3412 tanquam
2193 3341 2404 3395 zizania
2442 3349 2622 3396 servat
2654 3341 2723 3395 ad
2752 3342 3097 3397 exustionem
3144 3343 3286 3413 ignis
3326 3360 3471 3397 sem-

222 3434 424 3501 piterni
458 3452 470 3486 :
502 3434 783 3503 probantis
823 3442 1002 3488 autem
1030 3448 1127 3486 eos
1161 3437 1253 3503 qui
1297 3433 1653 3489 tentationem
1707 3432 2003 3499 sustinent,
2069 3435 2207 3493 "solis
2270 3434 2445 3490 instar
2495 3435 2807 3503 Splendidos
2849 3437 2930 3489 'iu
2994 3436 3257 3492 caelorum
3303 3453 3471 3508 regno

226 3526 486 3582 futuros?

299 3620 461 3672 Ὥστε
490 3622 565 3690 μή
600 3637 661 3673 σε
690 3620 946 3687 ξενιζέτω
974 3621 1043 3673 τὰ
1069 3622 1369 3692 γιγνόμενα
1406 3622 1751 3692 καθεκάστην
1772 3637 1787 3651 ·

225 3712 278 3764 εἰ
307 3713 335 3765 6
370 3711 467 3781 μὲν
510 3711 673 3782 ἤρθη,
716 3715 744 3765 6
772 3712 827 3764 δὲ
873 3712 1115 3766 δέδεται·
1182 3715 1276 3767 καὶ
1322 3714 1455 3783 ἄλλη
1505 3715 1789 3778 τέτυπται,

227 3802 395 3870 ἑτέρα
422 3800 478 3852 δὲ
504 3799 875 3871 ὑπερώρισται
895 3818 910 3832 ·
938 3804 1031 3856 καὶ
1053 3804 1154 3855 ὅσα
1175 3804 1311 3857 ἄλλα
1331 3802 1502 3867 οὕτως
1535 3804 1569 3874 ἢ
1594 3804 1793 3871 ἑτέρως

227 3892 391 3961 ἔχεις.
426 3891 582 3954 Ἥξει
634 3893 830 3961 μικρὸν
869 3894 1096 3964 ὕστερον
1146 3897 1174 3947 6
1230 3896 1330 3965 τῆς
1385 3894 1793 3954 ἀνταποδόσεως

226 3980 442 4051 καιρός.
491 3980 811 4048 Ἀνέγνωνὸ
864 3984 1164 4052 πέπομφας
1224 3986 1341 4053 (καὶ
1391 3986 1647 4053 ἐπιγνοὺς
1700 3986 1795 4036 καὶ

229 4070 628 4139 εὐχαριστήσας
666 4070 743 4139 τῷ
781 4072 972 4142 Κυρίῳ
999 4114 1014 4137 ,
1065 4069 1222 4136 αὖθις
1268 4074 1613 4143 ἁντέπεμῲα)
1666 4077 1795 4144 περὶ

228 4160 322 4212 τοῦ
352 4160 493 4213 ἀδεᾶ
538 4162 829 4229 ’ἰγνατίουο
877 4165 1051 4232 οτμοιί
1103 4165 1185 4216 ὃτι
1216 4164 1385 4217 ἑάλω·
1423 4165 1545 4217 ἐπεὶ
1584 4164 1736 4233 φίλος
1766 4165 1795 4216 6

230 4253 369 4321 ἀνὴρ
426 4253 813 4325 διαφερόντως.
890 4254 1029 4307 Ἀλλ’
1078 4251 1203 4323 εὖγε
1267 4257 1607 4325 πεποίηκας,
1670 4256 1797 4317 δοὺς

234 4346 586 4412 μετανοοῦντι
614 4346 711 4417 τὴν
745 4347 1011 4417 ἰατρείαν.
1057 4347 1282 4412 Ἱκανὸν,
1318 4350 1530 4411 τέκνον,
1556 4348 1615 4400 τὸ
1645 4348 1795 4417 παρὰ

232 4434 326 4487 σοῦ
357 4436 507 4489 δοθέν
528 4453 540 4466 ·
577 4435 735 4506 κάγὼ
768 4442 795 4491 6
825 4440 996 4502 τάλας
1024 4439 1255 4509 εὔχομαι
1289 4438 1439 4509 αὐτῷ
1466 4440 1563 4509 τὴν
1589 4440 1797 4492 ἀναπά-

229 4526 451 4580 λαισιν’
504 4523 564 4580 οὗ
611 4530 707 4581 καὶ
752 4529 1009 4599 δέδεγμαι
1046 4531 1145 4592 τὰς
1191 4531 1526 4599 προσφοράς.
1580 4532 1673 4594 El;
1704 4531 1796 4583 τὸν

230 4620 459 4688 ἀδελφὸν
499 4621 805 4674 Ἀνατόλιον
832 4620 1267 4692 σπλαγχνίζομαι
1296 4626 1325 4675 ό
1355 4624 1610 4685 ταπεινός
1631 4640 1643 4653 ·
1674 4626 1797 4677 ἐπεὶ

233 4710 579 4778 φιλαδελφεῖς
618 4711 711 4762 καὶ
741 4711 923 4773 αὐτός.
955 4713 1054 4764 Διά
1095 4711 1253 4764 τοῦτο
1284 4712 1469 4781 τολμῶ
1502 4716 1595 4765 καὶ
1623 4713 1793 4781 λέγω·

231 4799 602 4869 Κουφισθήτω
632 4799 780 4868 αὑτῷ
805 4801 899 4853 καὶ
922 4802 1109 4871 ἔτερος
1129 4803 1319 4872 χρόνος
1340 4821 1353 4834 ·
1385 4802 1528 4855 ὥστε
1560 4804 1665 4872 πλη
1675 4821 1797 4874 ρου-

1963 3618 2322 3684 Quamobrem
2348 3632 2416 3671 ne
2437 3627 2489 3671 te
2516 3633 2579 3672 ea
2611 3627 2848 3673 terreant
2868 3634 2989 3689 quae
3009 3619 3251 3690 quotidie
3274 3638 3477 3691 gerun-

1892 3720 2024 3765 tur:
2060 3712 2103 3764 si
2162 3720 2349 3778 raptus
2388 3709 2477 3764 ille
2533 3711 2753 3779 quidem
2778 3720 2882 3777 est,
2922 3711 3023 3765 iste
3081 3712 3365 3778 conjectns
3415 3717 3469 3766 in

1894 3819 2203 3867 carcerem;
2233 3803 2346 3857 haec
2377 3804 2598 3858 verbera
2622 3804 2863 3873 pertulit,
2891 3805 2979 3858 illa
3014 3805 3065 3858 in
3101 3807 3353 3861 exsilium
3378 3808 3474 3861 ab-

1895 3896 2068 3965 legata
2103 3913 2116 3960 ;
2149 3905 2202 3949 et
2230 3911 2570 3965 quaecunque
2594 3896 2700 3951 hoc
2731 3898 2811 3951 vel
2841 3896 2934 3951 illo
2961 3908 3119 3966 pacto
3150 3914 3210 3953 se
3248 3900 3470 3954 habent.

1895 3984 2088 4039 Veniet
2142 3987 2305 4055 paulo
2342 3996 2462 4055 post
2496 3988 2953 4043 remunerationis
2988 3998 3222 4059 tempus.
3252 3990 3381 4061 Legi
3409 4010 3471 4046 ea

1894 4091 2016 4140 qua:
2052 4076 2245 4130 misisti
2272 4094 2286 4136 ;
2318 4085 2481 4147 atque
2510 4078 2603 4133 ubi
2637 4095 2700 4134 ea
2744 4080 3012 4147 intellexi,
3070 4083 3204 4135 actis
3238 4081 3472 4137 Domino

1896 4166 2086 4231 gratiis
2118 4205 2133 4227 ,
2192 4167 2385 4221 iterum
2419 4169 2483 4222 ad
2532 4178 2584 4224 te
2618 4170 2824 4224 remisi.
2885 4169 2958 4224 De
3016 4171 3211 4225 abbate
3239 4170 3471 4242 lgnatio,

1898 4257 1985 4310 hci
2027 4257 2159 4310 mihi
2188 4259 2314 4326 quia
2346 4260 2510 4327 periit
2543 4278 2556 4313 :
2589 4260 2857 4328 siquidem
2896 4261 3109 4315 amicus
3144 4262 3232 4316 ille
3262 4264 3344 4316 vir
3378 4282 3473 4319 su-

1895 4364 1991 4418 pra
2017 4358 2259 4403 czeteros.
2298 4348 2403 4403 Sed
2435 4360 2581 4405 recte
2609 4351 2791 4421 egisti,
2814 4353 2907 4418 qui
2961 4354 3245 4423 ptenitenti
3306 4357 3471 4411 dede-

1898 4435 1973 4487 ris
2025 4436 2369 4491 medicinam.
2410 4438 2637 4505 Sufﬁcit,
2674 4442 2767 4505 lili,
2805 4444 2947 4511 quod
3000 4445 3203 4499 dedisti
3241 4456 3338 4501 :et
3367 4462 3469 4517 ego

1896 4526 2063 4580 miser
2094 4528 2268 4582 eidem
2326 4545 2591 4598 apprecor
2654 4545 2849 4602 pugna:
2896 4534 3416 4604 redintegrationcm
3455 4558 3469 4592 :

1899 4634 2022 4671 nam
2063 4631 2117 4673 et
2143 4620 2263 4689 ejus
2302 4622 2615 4678 oblationes
2654 4626 2861 4693 accepi.
2898 4625 3037 4692 Erga
3071 4628 3292 4682 fratrem
3328 4633 3473 4685 Ana-

1898 4709 2087 4764 tolium
2129 4712 2496 4767 misericordia
2530 4714 2753 4770 humilis
2797 4732 3184 4773 commoveor:
3224 4723 3474 4790 quando-

1898 4801 2116 4868 quidem
2173 4809 2225 4857 et
2264 4812 2322 4857 tu
2354 4819 2478 4857 eum
2511 4804 2752 4860 fraterne
2781 4807 2982 4879 diligis.
3041 4810 3249 4866 Idcirco
3294 4815 3475 4869 dicere

235 4893 403 4961 μένης
440 4892 541 4961 τῆς
568 4891 789 4953 διετίας,
835 4893 1109 4961 μετεχέτω
1140 4894 1249 4946 τῶν
1298 4894 1676 4962 ἁγιασμάτων.
1734 4896 1790 4945 01

1901 4892 2072 4946 audeo
2102 4911 2114 4946 :
2151 4895 2401 4948 Dematur
2432 4896 2479 4949 ei
2511 4907 2565 4951 et
2597 4898 2733 4952 alter
2761 4915 2975 4965 annus;
3016 4911 3075 4954 ut
3106 4911 3296 4957 exacto
3326 4905 3476 4957 bien—

232 4982 590 5053 κοιμηθέντες
623 4982 730 5035 τῶν
761 4982 1030 5051 ἀδελφῶν,
1078 4985 1257 5050 φωτὸς
1297 4985 1401 5037 υἱοὶ
1454 4986 1592 5053 ὑπὲρ
1618 4988 1795 5052 φωτὸς

230 5074 310 5143 τῷ
343 5073 567 5143 διωγμῷ
608 5074 1004 5136 τελειωθέντες,
1047 5074 1431 5144 προσεύξοιντο
1467 5077 1596 5145 περὶ
1615 5077 1793 5147 ἡμῶν.

234 5165 299 5218 Οί
332 5166 507 5227 ἄλλως
545 5165 889 5234 τεθνηκότες,
935 5166 1160 5219 ἐλεεινοὶ
1192 5167 1290 5235 τῆς
1332 5168 1617 5237 ἐκδημίας,
1658 5170 1799 5222 κατὰ

233 5262 333 5323 τὰς
366 5261 505 5328 ἐμὰς
538 5262 836 5329 ἁμαρτίας,
870 5262 945 5324 ὡς
975 5261 1220 5331 λέλεχας.
1254 5263 1507 5325 Τοιοῦτος
1533 5264 1629 5316 καὶ
1659 5264 1799 5333 ὓπερ

233 5354 262 5404 ό
289 5352 642 5420 Σευηριανός.
696 5352 842 5422 Πλὴν
876 5355 968 5405 καὶ
1010 5355 1073 5406 ἐκ
1115 5352 1224 5405 τῶν
1274 5353 1677 5422 ἐνδιαστρόφων
1706 5358 1798 5407 εὑ·

237 5442 468 5511 στροφία
495 5444 609 5504 τοῖς
659 5442 957 5512 ὲμμελὲσι·
1009 5447 1101 5497 καὶ
1140 5445 1168 5495 6
1198 5444 1354 5511 λόγος
1412 5445 1688 5512 βαλλέσθω
1718 5446 1799 5507 είς

236 5528 465 5601 ζήτησιν
495 5530 689 5593 ὁσάκις
718 5531 955 5601 προσίοι,
986 5532 1087 5584 κᾶν
1139 5534 1203 5584 ὲκ
1243 5532 1350 5598 τῷν
1386 5533 1645 5585 ἐναντίων
1666 5548 1678 5562 ·
1716 5533 1793 5595 ὡς

240 5620 298 5671 ιν
330 5623 396 5691 τῇ
445 5619 682 5690 βασάνῳ,
726 5622 979 5693 καθάπερ
1011 5626 1068 5676 ἐν
1112 5622 1446 5692 παρατρίψει
1505 5622 1688 5688 λίθων,
1738 5622 1800 5675 τὸ

239 5711 351 5784 πῦρ
366 5713 641 5778 ὲξάλλοιτο
669 5715 770 5784 τῆς
794 5715 1077 5786 ἀληθείας.
1104 5717 1212 5769 Καὶ
1242 5717 1307 5788 δὴ
1324 5716 1426 5770 «καὶ
1452 5716 1548 5769 νῦν
1573 5717 1798 5788 τοιαύτη

304 5883 349 5915 ⁹⁹
372 5884 517 5941 Psal.
543 5901 729 5953 χχχιιι,
762 5885 844 5952 l0,
883 5888 963 5941 li.

1905 4980 1997 5033 nio
2026 4982 2091 5035 sit
2124 4981 2485 5039 Eucharistia:
2541 4990 2830 5057 particeps.
2873 4988 2947 5043 Ex
2980 4988 3240 5047 fratribus
3294 4994 3331 5047 ii
3383 4996 3476 5063 qui

1902 5071 2045 5125 diem
2085 5072 2290 5140 obiere,
2340 5076 2434 5129 lilii
2469 5078 2605 5131 lucis
2650 5094 2749 5147 pro
2794 5082 2911 5135 luce
2939 5083 2989 5134 vi
3046 5087 3472 5152 persecutionis.

1903 5168 2290 5231 consummati,
2322 5184 2421 5237 pro
2456 5169 2612 5223 nobis
2661 5171 3039 5241 deprecentur.
3074 5176 3177 5241 Qui
3213 5178 3366 5231 aliter
3390 5181 3475 5233 in-

1906 5258 2121 5323 teriere,
2152 5259 2343 5313 horum
2389 5262 2717 5317 miserabilis
2740 5265 2943 5331 exitus,
2968 5267 3037 5320 ob
3069 5278 3290 5338 peccata
3331 5287 3473 5335 mea,

1906 5353 2364 5420 quemadmodum
2434 5355 2638 5409 dixisti.
2680 5355 2827 5412 Talis
2888 5374 2951 5413 ac
3011 5363 3182 5416 multo
3243 5364 3478 5418 deterior

1908 5441 2234 5499 Severianus
2286 5456 2388 5500 est.
2417 5444 2804 5504 Verumtamen
2830 5462 2882 5504 et
2912 5468 2940 5505 e
2970 5454 3261 5521 perversis,
3297 5472 3478 5510 rever-

1904 5535 2082 5589 sionis
2106 5552 2232 5606 spes
2276 5547 2360 5591 est
2389 5539 2457 5593 iis
2491 5541 2692 5608 quibus
2731 5540 2784 5595 id
2825 5558 2968 5597 curre
2999 5553 3085 5598 est
3118 5561 3132 5597 :
3160 5560 3336 5615 eaque
3358 5548 3476 5615 agi—

1900 5626 2062 5679 tanda
2089 5626 2142 5679 in
2162 5643 2411 5683 sermone
2426 5632 2678 5700 quzestio,
2705 5634 2921 5699 quoties
2953 5637 3251 5690 accesserit
3278 5638 3476 5705 aliquis

1900 5717 1982 5770 vel
2011 5732 2075 5772 ex
2113 5718 2440 5776 adversariis
2475 5738 2487 5773 :
2519 5720 2656 5775 utin
2691 5725 2961 5788 examine,
3004 5736 3259 5797 tanquam
3287 5729 3475 5781 attritu
