4164 6474
706 411 848 475 1295

1893 408 1954 466 S.
1980 405 2376 466 THEODORI
2430 406 2778 466 ςΤυΒΙΤιΕ

3829 407 3962 472 1296

703 522 966 591 lapidum,
1023 516 1267 572 veritatis
1306 515 1448 585 ignis
1503 512 1740 568 exsiliat.
1777 513 1844 567 Et
1895 531 2042 568 nunc
2067 514 2286 582 quidem

2397 515 2430 583 ἡ
2471 514 2742 586 πρότασίς
2777 531 2892 568 σου.
2929 514 3028 568 Ἐν
3061 531 3204 568 τισιν
3235 517 3499 586 ἰστορίαις
3521 517 3790 588 εὕρηνται
3821 520 3962 573 εἰκόο

706 610 1026 682 hujusmodi
1055 617 1138 664 est
1164 608 1470 679 propositio
1502 616 1615 659 tua.
1653 605 1713 659 ιιι
1744 607 2073 675 quibusdam
2110 606 2288 660 histo-

703 706 796 760 riis
829 711 1058 774 repertaa
1089 711 1217 756 sunt
1239 699 1507 770 imagines
1537 697 1616 752 sic
1648 699 1966 767 inscriptae:
1997 697 2290 762 Divinitas,

702 795 1030 857 Domiuatio,
1064 791 1230 862 Regia
1258 800 1520 861 potestas.
1544 789 1729 844 Palam
1760 797 1845 844 est
1865 791 2009 859 quod
2037 791 2103 844 de
2133 789 2292 844 Chri-

703 886 772 940 sti
836 885 1074 955 imagine
1133 884 1235 938 hoc
1269 883 1439 937 dicas.
1472 880 1529 935 Id
1559 896 1689 936 vero
1719 895 1830 950 quo
1875 882 2079 949 pacto?
2125 881 2285 935 Tales

704 977 1102 1048 appellationes
1123 975 1191 1030 de
1223 975 1492 1030 Trinitate
1517 975 1570 1028 iu
1599 989 1913 1038 commune,
1947 988 2055 1026 non
2082 973 2150 1028 de
2181 990 2287 1028 una

2395 621 2484 666 νες
2543 605 2985 674 ἐπιγράφουσαν
3027 605 3289 675 Θειότης,
3337 609 3629 680 Κυριότης,
3682 608 3962 665 Βασιλεία.

2394 695 2648 763 Δηλονότι
2673 697 2766 749 ἐπὶ
2784 700 2884 766 τῆς
2910 699 3151 767 Χριστοῦ
3175 700 3384 762 εἰκόνος
3421 698 3578 753 τοῦτο
3604 700 3813 769 λέγοις.
3851 702 3964 756 Καὶ

2393 787 2512 848 πῶς
2563 786 2763 852 τοῦτο;
2817 789 2884 841 Δί
2939 788 3188 842 τοιαῦται
3228 791 3407 859 φωναί
3468 791 3665 855 κοινῶς
3713 793 3813 846 ὲπί
3870 793 3966 861 τῆς

2393 879 2658 950 Τριάδος·
2692 881 2793 934 οὐκ
2814 879 2899 948 ἐφ’
2928 880 3048 941 ἑνὸς
3078 881 3376 952 προσώπου
3414 881 3860 954 διακεκριμένως
3886 901 3967 935 νε-

2392 969 2635 1038 νόηνται.
2664 971 2726 1024 Εἰ
2755 971 2865 1042 γὰρ
2893 972 2989 1025 καί
3010 971 3142 1036 Θεὸς
3174 974 3270 1027 καί
3298 972 3503 1045 Κύριος
3523 972 3759 1028 ἕκαστον
3791 976 3965 1047 πρόσ-

700 1083 936 1137 persona
973 1066 1266 1136 separatim
1319 1066 1713 1134 intelliguntur.
1749 1063 1861 1117 Etsi
1893 1064 2038 1118 enim
2069 1063 2212 1119 Deus
2238 1073 2291 1119 et

2395 1076 2537 1111 ωπον
2583 1059 2827 1128 λέγοιτο·
2875 1060 2992 1114 ἀλλ’
3040 1061 3139 1130 οὐχ
3201 1063 3395 1126 άπλῶς
3461 1063 3559 1117 καί
3611 1063 3819 1135 Θεότης
3882 1066 3969 1117 καὶ

701 1157 964 1212 Dominus
994 1169 1335 1226 unaquaeque
1385 1170 1616 1224 persona
1653 1154 1890 1217 dicatur,
1921 1165 1978 1206 at
2012 1169 2120 1207 non
2151 1157 2284 1210 sim-

703 1249 916 1318 pliciter
951 1247 1209 1301 divinitas
1275 1255 1370 1300 aut
1416 1245 1738 1299 dominatio.
1780 1244 2026 1313 Exempli
2065 1245 2286 1311 gratia:

2391 1149 2690 1219 Κυριότης.
2739 1144 2887 1215 Οῐον,
2933 1150 3075 1219 Ἐγὼ
3117 1153 3152 1205 ὸ
3199 1153 3346 1218 Θεὸς
3383 1154 3490 1208 τοῦ
3536 1156 3773 1222 Πατρός
3830 1172 3966 1218 σου,

2390 1238 2587 1307 φησίν·
2621 1240 2718 1308 οὐχ
2753 1281 2768 1302 ,
2815 1240 2855 1308 ἡ
2908 1242 3146 1306 Θεότης.
3209 1241 3351 1310 Ἐγὼ
3397 1244 3515 1312 εἰμί
3556 1245 3590 1297 ό
3632 1244 3720 1296 ὢν
3746 1283 3762 1306 ,
3825 1247 3967 1316 οὐχὶ,

701 1339 817 1409 Ego
847 1338 989 1392 Deus
1021 1338 1191 1404 patria
1233 1337 1331 1399 tui,
1362 1336 1539 1406 inquit
1567 1336 1637 1400 νο,
1675 1351 1806 1399 non,
1846 1336 2131 1390 Divinitas.
2173 1335 2288 1407 Ego

2399 1331 2672 1396 όντότης.
2721 1333 2850 1384 Καί·
2872 1331 3112 1400 Ἕϐρεεε
3135 1333 3352 1402 Κύριος
3381 1334 3500 1402 πῦρ
3525 1337 3683 1402 παρὰ
3711 1339 3966 1403 Κυρίου·

703 1447 819 1483 sum
876 1429 964 1499 qui
1011 1445 1130 1482 sum
1159 1429 1248 1492 ’¹;
1291 1442 1400 1481 non
1435 1444 1448 1480 :
1493 1425 1606 1496 Ego
1633 1443 1750 1480 sum
1805 1427 2134 1482 eminentia.
2175 1425 2284 1481 Et:

2395 1423 2530 1491 οὐχι,
2563 1423 2857 1490 Κυριότης
2899 1424 3058 1491 παρὰ
3084 1425 3466 1492 κυριότητος.
3515 1426 3575 1478 Εἰ
3600 1422 3696 1479 οὖν
3741 1428 3843 1480 tul.
3873 1428 3970 1497 τῆς

702 1520 853 1574 Pluit
885 1521 1123 1574 Doninus
1153 1521 1324 1588 ignem
1351 1536 1384 1572 a
1415 1517 1642 1572 Domino
1661 1518 1728 1581 η,
1753 1533 1887 1582 non,
1920 1517 2222 1572 Dominatia
2253 1535 2288 1573 α

2395 1516 2668 1584 θεολογίας
2697 1516 2890 1579 οὕτως’
2919 1516 3104 1588 πολλῷ
3132 1514 3226 1571 οὖν
3259 1519 3461 1588 μᾶλλον
3494 1520 3589 1573 ἐπὶ
3637 1520 3738 1591 τῆς
3769 1522 3972 1575 οἰκονο-

702 1611 1098 1667 Dominatioue.
1143 1611 1200 1665 Si
1246 1611 1410 1681 igitur
1467 1610 1520 1664 in
1551 1612 1718 1665 rebus
1765 1610 1966 1665 divinis
1996 1611 2076 1665 sic
2106 1626 2164 1666 se
2196 1625 2285 1667 res

2395 1609 2520 1679 μίας
2553 1610 2653 1661 οὐκ
2699 1609 2813 1678 ἔχει
2861 1609 3020 1675 λόγον
3067 1610 3168 1681 τὴν
3207 1612 3392 1666 εἰκόνα
3426 1612 3686 1684 Χριστοῦ,
3720 1612 3953 1684 Θιιότης

702 1703 867 1757 habet
901 1720 915 1756 :
948 1703 1119 1758 multo
1153 1705 1340 1774 utique
1367 1702 1538 1773 magis
1566 1705 1618 1756 in
1646 1703 1905 1773 mysterio
1948 1702 2285 1757 incarnatio-

2395 1703 2742 1773 ἐπιγράφειν,
2779 1703 2812 1772 ἢ
2851 1703 3150 1775 Κυριόπης.
3181 1704 3316 1766 Θεὸς
3349 1705 3449 1774 μὲν
3479 1705 3588 1777 γάρ
3615 1705 3852 1774 λέγοιτο,
3878 1708 3971 1762 καί

704 1796 789 1850 nis
816 1793 969 1849 nefas
994 1803 1078 1849 est
1121 1794 1342 1864 imagini
1385 1791 1586 1847 Christi
1641 1793 1939 1858 subscribi,
1991 1793 2281 1860 Divinitas,

2395 1791 2616 1862 Κύριος,
2662 1793 2696 1862 ἡ
2748 1811 2801 1845 τι
2843 1794 2954 1846 τῶν
2999 1795 3358 1864 ὁμοδυνάμων
3389 1796 3629 1860 τούτοιςο
3669 1796 3809 1851 ἀλλὰ
3879 1800 3973 1851 καὶ

703 1894 801 1941 aut
835 1884 1171 1942 Dominatio.
1201 1886 1345 1942 Deus
1393 1886 1612 1956 quidem
1648 1886 1864 1940 dicatur
1893 1899 1957 1940 ac
2003 1883 2291 1954 Dominus,

2398 1882 2557 1935 τοῦτο
2599 1885 2937 1954 ὁμωνύμωςο
2970 1886 3031 1939 οὐ
3061 1887 3168 1957 μὴν
3210 1886 3414 1956 Θεότης
3444 1887 3476 1958 ἢ
3513 1889 3813 1960 Κυριότης.
3862 1890 3970 1954 Ὧς.

703 1986 800 2032 aut
832 1991 1021 2031 eorum
1074 1977 1282 2047 aliquid
1333 1991 1453 2046 quae
1508 1985 1638 2031 sunt
1676 1976 1919 2044 ejusdem
1954 1976 2243 2044 potestatis
2279 1990 2291 2040 ;

2401 1975 2535 2045 φέρε
2586 1978 2786 2040 εἰπεῖν,
2832 1977 2924 2031 καί
2973 1979 3066 2032 ὲπί
3094 1978 3190 2032 τοῦ
3221 1980 3606 2051 γεγραμμένου
3652 1983 3972 2053 ἀνθρώπου,

703 2078 870 2139 atque
902 2069 1002 2123 hoc
1027 2069 1204 2138 ipsum
1227 2069 1554 2138 homonyme
1583 2085 1596 2120 :
1630 2083 1738 2123 non
1785 2067 1973 2136 utique
2001 2065 2291 2130 Divinitas,

2401 2065 2689 2135 ἄνθρωπος
2733 2067 2835 2136 μὲν
2898 2066 3131 2136 λέγοιτο,
3181 2069 3244 2121 οὐ
3284 2069 3391 2140 μὴν
3429 2070 3818 2142 άνθριινιιιότης⁸
3880 2075 3973 2126 καὶ

702 2176 768 2216 ac
799 2159 1134 2216 Dominatio.
1169 2160 1283 2226 Sic,
1335 2161 1570 2229 exempli
1600 2160 1798 2230 gratia,
1834 2159 1999 2213 homo
2031 2158 2076 2213 si
2108 2158 2290 2227 pictus

2401 2156 2655 2226 βασιλεὺς
2681 2158 2789 2210 τῶν
2829 2161 2922 2211 ἐπὶ
2951 2161 3075 2230 γῆς,
3124 2160 3185 2213 οὐ
3219 2161 3328 2232 μὴν
3358 2161 3624 2231 βασιλεία.
3662 2164 3974 2234 Ἐσφαλμέ-

709 2253 802 2315 sit,
844 2251 1009 2305 homo
1035 2266 1168 2306 sane
1194 2251 1432 2315 dicatur,
1464 2268 1572 2306 non
1616 2252 1930 2307 humanitas
1964 2269 1976 2305 :
2013 2260 2296 2305 terrenus-

710 2362 818 2416 que
839 2361 955 2412 rex,
1007 2361 1120 2400 non
1170 2354 1318 2399 certe
1355 2353 1596 2413 potestas
1641 2345 1810 2414 regia.
1858 2344 2046 2412 Itaque
2097 2344 2295 2398 vitiosa

706 2437 820 2503 illa,
853 2447 912 2492 ut
954 2437 1087 2491 mihi
1138 2437 1374 2498 videtur,
1402 2437 1687 2505 inscriptio
1735 2445 1817 2490 est
1846 2453 1861 2490 :
1895 2437 2298 2492 circumscribit

704 2529 851 2582 enim
881 2537 936 2582 et
985 2526 1203 2582 Patrem
1240 2536 1294 2581 et
1326 2525 1610 2596 Spiritum,
1642 2526 1787 2596 quod
1848 2535 1931 2580 est
1971 2527 2294 2580 absurdum.

703 2620 884 2685 Atque
925 2617 1040 2671 hate
1067 2615 1285 2685 quidem
1322 2615 1560 2670 breviter
1603 2615 1949 2684 strictimque
1987 2615 2129 2667 dicta
2161 2612 2294 2667 sint.

705 2700 787 2756 Tu
815 2717 943 2758 vero
974 2718 1072 2773 pro
1097 2718 1216 2757 mea
1244 2703 1548 2758 humilitate
1569 2703 1787 2756 enixius
1807 2717 2031 2772 precare
2059 2718 2282 2757 :verum

705 2795 868 2850 etiam
901 2803 955 2849 et
981 2808 1080 2864 pro
1109 2793 1296 2858 fratre,
1327 2795 1420 2863 qui
1467 2803 1518 2848 te
1546 2802 1892 2863 peramanter
1923 2795 2145 2848 salutat.
2179 2791 2287 2847 Ve-

707 2899 847 2944 stem
879 2887 1062 2957 accepi
1089 2904 1104 2940 :
1135 2893 1189 2940 et
1221 2901 1509 2956 quousque
1537 2902 1644 2940 non
1691 2885 1932 2941 cessabis
1963 2888 2284 2940 indumenta

710 2981 874 3038 nobis
905 2980 1278 3052 suppeditare.
1321 2977 1716 3035 dilectissime?
1748 2976 1998 3030 Vicissim
2030 2987 2081 3031 te
2112 2976 2296 3030 Domi-

707 3089 813 3128 nus
831 3074 884 3127 in
905 3074 1098 3142 spiritu
1132 3071 1331 3127 foveat.
1349 3071 1556 3126 Caetera
1588 3069 1907 3124 tabellarius
1929 3069 2287 3138 significabit.

704 3163 867 3220 Omni
899 3181 965 3220 ex
1003 3175 1157 3235 parte
1187 3165 1305 3218 vale

1099 3278 1332 3334 LXVIII.
1351 3307 1419 3320 --
1448 3277 1621 3332 Ireuw
1655 3277 1920 3344 patriciw.

2400 2263 2507 2308 νως
2531 2243 2624 2298 οὖν
2651 2246 2785 2316 ἔχει,
2817 2247 2892 2310 ὡς
2923 2248 3045 2318 ἐμοὶ
3069 2249 3240 2314 δοκεῖ,
3279 2253 3312 2320 ἡ
3339 2253 3622 2321 ἐπιγραφή
3645 2268 3660 2284 ·
3697 2269 3973 2323 συμπερι-

2398 2353 2601 2407 γραφει
2636 2339 2744 2407 γὰρ
2785 2338 2881 2390 καὶ
2911 2339 3001 2392 τὸν
3031 2341 3254 2412 Πατέρα
3287 2344 3382 2395 καὶ
3429 2344 3489 2396 τὸ
3535 2342 3782 2414 Πνεῦμα,
3836 2347 3975 2418 ὅπερ

2397 2428 2618 2480 ἄτοπον.
2651 2427 2904 2480 Τοσαῦτα
2959 2428 3056 2498 μὲν
3087 2429 3162 2494 ὡς
3195 2430 3316 2484 κατ’
3366 2432 3656 2502 ἐπιτομήν.
3705 2432 3887 2494 Δὺτδς
3917 2436 3974 2487 δὲ

2397 2520 2701 2590 προσεύχου
2753 2519 2884 2592 περὶ
2920 2520 3020 2590 τῆς
3049 2521 3427 2586 ταπεινώσεως
3463 2539 3564 2592 μου
3605 2523 3970 2594 θερμότερον·

2397 2612 2532 2664 ἀλλὰ
2555 2613 2663 2683 γὰρ
2693 2615 2787 2666 καὶ
2809 2613 2950 2683 ὑπὲρ
2967 2612 3061 2665 τοῦ
3081 2613 3336 2680 ἀδελφοῦ,
3366 2615 3424 2677 ὅς
3452 2617 3547 2668 καὶ
3568 2617 3972 2687 προσαγορεύει

2397 2704 2787 2776 γνησιώτερον.
2815 2707 2888 2759 Τὸ
2917 2706 3130 2778 ἰμάτιον
3164 2705 3434 2776 ἐδεξάμην
3453 2723 3466 2736 ·
3497 2709 3590 2760 καὶ
3616 2708 3723 2771 ἕως
3747 2709 3882 2761 πότε
3912 2711 3970 2762 οὐ

2396 2796 2582 2868 παύσῃ
2645 2797 2970 2852 ὲνδιδύσκων
3015 2801 3188 2869 ἡμᾶς,
3241 2800 3527 2867 ἀγαπητέ;
3595 2801 3971 2870 ’Δντιθὰλψειέ

2398 2904 2457 2939 σε
2497 2888 2700 2958 Κύριος
2727 2891 2786 2943 ὲν
2837 2891 3130 2959 πνεύματι.
3157 2891 3238 2944 Τά
3268 2892 3586 2947 ἐλλείποντα
3625 2896 3655 2948 ό
3704 2911 3969 2966 γραμμα-

2396 2981 2634 3048 τηφόρος
2662 2982 2984 3049 ἀπαγγελεῖ.
3020 2982 3273 3054 Ἔρρωσο
3301 2986 3360 3037 έν
3388 2987 3576 3040 πᾶσιν.

2679 3285 2804 3339 Ξῐιν.
2832 3317 2900 3327 -
2932 3287 3162 3356 Εἰρήνῃ
3190 3289 3487 3356 πατρικίᾳ.
3512 3285 3698 3360 [each]

706 3397 829 3448 Cum
856 3396 988 3458 lapsa
1023 3395 1218 3453 fuisset,
1243 3392 1555 3455 postmodum
1581 3390 1754 3439 confes
1781 3401 1876 3448 am,
1903 3395 1956 3438 et
1976 3402 2412 3512 grave:
2431 3411 2642 3518 plags’am,
2666 3398 2894 3449 hortatur
2933 3407 2988 3450 ut
3017 3402 3065 3450 in
3088 3401 3400 3452 confessione
3422 3407 3734 3464 perseveret.
3764 3402 3965 3464 (nemo.

781 3537 1063 3610 Superiori
1093 3547 1356 3607 tempore,
1388 3535 1531 3605 quod
1559 3534 1892 3605 paenitentia:
1923 3532 2046 3598 fuit,
2075 3535 2294 3603 pigebat

709 3633 953 3687 scribere
981 3629 1048 3684 ad
1066 3628 1428 3684 reverentiam
1464 3637 1611 3682 tuam
1638 3645 1652 3682 :
1686 3643 1830 3682 nunc
1851 3643 1981 3681 vero
2004 3636 2058 3682 et
2091 3629 2282 3694 impri-

712 3718 816 3771 mis
864 3717 1214 3787 jucundum,
1277 3723 1569 3784 postquam
1626 3716 2010 3779 exsurrexisti,
2049 3718 2294 3786 exceptis

709 3808 872 3862 etiam
908 3805 1217 3861 venerando
1246 3818 1342 3860 tuo
1373 3820 1606 3874 corpore
1641 3820 1740 3874 pro
1762 3804 1965 3858 Christi
1994 3804 2296 3859 confessio-

711 3917 778 3956 ne
808 3899 1147 3954 verberibus.
1178 3897 1286 3954 Sed
1320 3915 1477 3969 euge,
1512 3913 1648 3967 euge
1670 3937 1684 3963 ,
1717 3897 1857 3951 virili
1899 3898 2136 3950 maxime
2176 3899 2295 3951 ani-

711 4008 802 4047 mo
831 3991 1054 4055 femina,
1106 3991 1277 4061 quod,
1306 3999 1532 4060 accepta
1564 3989 1740 4053 clade,
1770 3988 2293 4057 redintegi-ationem

713 4099 906 4156 pugnae
955 4083 1383 4154 splendidiorem
1424 4082 1707 4136 effeceris:
1753 4078 1924 4134 Deum
1966 4079 2296 4148 angelosque

711 4178 1049 4239 exhilaratus,
1086 4185 1148 4230 et
1164 4190 1228 4229 ex
1263 4175 1580 4229 hominibus
1609 4173 2020 4227 amantissimos
2059 4172 2294 4240 pietatis.

712 4271 791 4324 Ac
821 4278 877 4322 tu
907 4284 1032 4322 vere
1063 4268 1249 4336 utique
1280 4268 1459 4332 nobis,
1485 4281 1554 4321 ex
1577 4264 1949 4320 Orientalibus
1979 4275 2157 4318 ortum
2190 4273 2298 4316 tra-

714 4357 878 4410 hens:
910 4365 965 4409 tu
995 4354 1084 4410 Dei
1108 4371 1172 4410 ac
1192 4357 1410 4410 virtutis
1436 4369 1660 4409 amans:
1686 4362 1741 4408 tu
1765 4353 2024 4407 vitiorum
2047 4353 2298 4407 domina-

713 4449 907 4512 trix,et
934 4447 1124 4502 mundi
1150 4448 1392 4503 inimica.
1415 4446 1628 4514 Quanta
1649 4447 1725 4502 tui
1750 4447 1992 4500 nominis
2013 4462 2296 4500 commen-

713 4542 864 4593 datio
907 4551 990 4594 est
1023 4542 1036 4594 ἰ
1065 4556 1228 4609 quam
1285 4542 1452 4595 estin
1501 4557 1597 4595 ore
1645 4556 1711 4595 ac
1766 4555 2018 4595 sermone
2053 4539 2296 4592 omnium

717 4641 1038 4702 martyrium
1074 4642 1226 4686 tuum
1257 4633 1268 4684 ι
1301 4632 1442 4699 Quid
1499 4633 1689 4686 enim?
1719 4632 2100 4701 Evangelicuut
2157 4631 2299 4684 arri-

716 4726 881 4794 puisti
925 4725 1188 4796 gladium,
1212 4735 1272 4780 ut
1294 4724 1497 4780 Christi
1531 4725 1685 4779 miles
1714 4741 1727 4777 :
1759 4726 1813 4778 in
1841 4724 2040 4778 mentis
2069 4738 2296 4777 excessu

2465 3543 2738 3615 Πρότερον
2771 3543 3000 3615 ήνίκαή
3058 3542 3412 3608 ὑπόπτωσις,
3465 3542 3711 3612 λυπηρόν
3761 3561 3856 3614 μοι
3910 3556 3968 3601 τὴ

2393 3635 2631 3706 γράμμα
2665 3636 2800 3707 πρὸς
2826 3636 2927 3706 τὴν
2973 3635 3266 3706 τιμιότητά
3303 3649 3431 3688 σου·
3467 3634 3563 3687 νῦν
3597 3634 3656 3688 δι
3694 3636 3793 3688 καὶ
3851 3637 3974 3689 λίαν

2395 3730 2692 3800 περιχαρὲς
2739 3728 2828 3782 διὰ
2860 3729 2960 3798 τὴν
3004 3727 3391 3794 ἐξανάστασιν,
3439 3723 3668 3788 καὶτὰς
3713 3727 3809 3778 ἰπὶ
3861 3727 3972 3778 τῶν

2394 3820 2598 3889 τιμίων
2632 3837 2726 3873 σου
2763 3819 2987 3890 σαρκῶν
3010 3819 3152 3888 ὑπὲρ
3172 3817 3463 3886 ὁμολογίας
3493 3815 3734 3889 Χριστοῦ
3775 3818 3972 3888 μάστι-

2395 3927 2519 3979 γας.
2557 3912 2667 3964 Καὶ
2713 3906 2866 3977 εὖγε,
2894 3906 3044 3978 εὖγε,
3077 3910 3430 3981 ἀνδρειοτάτη
3469 3911 3528 3962 ὲν
3571 3910 3842 3978 γυναιξὶν,
3889 3911 3972 3962 ότι

2394 4003 2495 4070 τῆς
2530 4002 2698 4071 ἥττης
2735 4000 3204 4070 περιφανεστέραν
3243 4000 3341 4069 τὴν
3369 3998 3733 4052 άναπάλαισιν
3771 4005 3972 4070 ἀπειρε-

2397 4093 2583 4158 γάσω·
2635 4092 2955 4160 εὐφράνασα
2983 4091 3116 4144 Θεόν
3163 4108 3223 4144 τε
3254 4092 3347 4144 καὶ
3383 4091 3667 4159 ἀγγέλους,
3719 4094 3815 4144 καὶ
3862 4093 3970 4144 τῶν

2396 4181 2700 4250 ἀνθρώπων
2733 4183 2860 4244 τοὺς
2894 4182 3344 4245 εὐσεϐεστάτους.
3387 4184 3497 4236 Καὶ
3536 4184 3601 4236 σὺ
3628 4183 3794 4247 ὅντως
3832 4184 3966 4254 άλη-

2397 4274 2506 4338 Θῶς
2556 4273 2803 4345 εὐγενὴς,
2845 4273 2954 4326 τῶν
2991 4272 3086 4343 ἀφ’
3125 4273 3280 4344 ἡλίου
3320 4274 3596 4327 ἀνατολῶν
3627 4276 3966 4346 ὁρμωμένη·

2398 4369 2462 4420 σὺ
2530 4366 2774 4434 φιλόθεος
2825 4367 2920 4419 καί
2971 4366 3296 4437 φιλάρετοςο
3359 4366 3426 4419 σὺ
3482 4365 3818 4429 παθοκτόνος
3874 4367 3969 4420 καὶ

2398 4459 2786 4530 ὲχϐρόκοσμος.
2829 4458 2918 4520 Ὦς
2948 4459 3161 4511 αἰνετόν
3192 4475 3284 4510 σου
3311 4458 3374 4511 τὸ
3401 4457 3572 4527 ὄνομα
3592 4473 3608 4487 ’
3656 4459 3751 4510 καὶ
3780 4458 3968 4510 διαλα-

2397 4552 2531 4622 λητή
2581 4568 2675 4604 σου
2733 4551 2775 4620 ἡ
2832 4550 3143 4620 μαρτυρίαι
3192 4549 3257 4602 Τί
3312 4547 3527 4612 ταῦτα;
3579 4548 3817 4610 Ἐλαὸες
3871 4551 3967 4619 τὴν

2399 4641 2759 4710 εὐαγγελικὴν
2825 4641 3136 4713 μάχαιραν,
3183 4641 3257 4704 ὡς
3311 4641 3635 4710 στρατιῶτις
3687 4641 3964 4711 Χριστοῦο

2398 4732 2650 4799 διέκοψας
2709 4733 2765 4782 ἐν
2817 4730 3073 4783 ἐκστάσει
3123 4731 3222 4792 τὰς
3273 4730 3488 4798 σχέσεις
3535 4728 3632 4781 τοῦ
3677 4728 3965 4798 σώματος·

707 4804 943 4872 allectus
965 4819 1212 4886 corporis
1238 4816 1556 4887 pracidisti,
1577 4815 1818 4870 demisso
1842 4815 2019 4883 capite
2039 4814 2291 4882 dirempta

2406 4817 2730 4886 άπετμήθης
2768 4817 3012 4886 κεφαλῆς
3038 4816 3460 4886 ὑποκυπτούσης
3502 4816 3770 4887 θυγατρὸς
3806 4837 3968 4888 μονο-

711 4929 772 4968 es
807 4915 876 4967 ab
919 4914 1079 4967 unica
1136 4913 1244 4966 illia
1273 4931 1286 4967 :
1314 4912 1492 4966 valere
1523 4911 1728 4980 jubens
1760 4910 1962 4980 regiam
1987 4909 2290 4972 civitatem,

713 5003 984 5058 illustrem
1020 5002 1359 5071 prosapiam,
1409 5009 1732 5070 praestantes
1766 4999 1998 5060 amicos.
2032 4998 2292 5053 familiam

712 5093 1077 5162 splendidam,
1111 5093 1370 5147 eximiam
1406 5092 1754 5161 dignitatem,
1800 5089 2148 5144 terrestrium
2193 5091 2293 5142 do-

716 5181 1070 5235 mesticorum
1111 5184 1386 5250 ingentem
1443 5196 1756 5244 numerum,
1784 5180 2101 5249 omnigenas
2123 5178 2294 5232 facul-

715 5282 876 5336 tates,
905 5275 1010 5328 alia
1037 5274 1271 5343 denique
1304 5291 1427 5344 quae
1457 5289 1894 5328 commemorare
1925 5274 2014 5326 vix
2053 5272 2294 5341 possim:

716 5376 936 5434 -rrepto
982 5367 1105 5419 vitae
1139 5365 1391 5419 instituto
1413 5406 1429 5429 ,
1463 5366 1516 5418 in
1573 5379 1683 5434 quo
1720 5365 1792 5417 sit
1835 5378 1970 5418 crux
2002 5363 2238 5417 tollenda
2273 5379 2286 5414 :

717 5458 871 5525 longe
914 5458 1173 5526 quopiam
1226 5457 1475 5526 ablegata
1508 5471 1590 5518 es,
1624 5463 1682 5508 ιιι
1732 5455 1920 5520 didici,
1955 5456 2008 5508 in
2035 5454 2287 5507 insulam.

717 5543 1005 5601 Benedicta
1037 5557 1115 5613 tu,
1152 5557 1205 5602 et
1234 5549 1550 5603 benedictus
1594 5546 2063 5615 fructusmartyrii
2099 5545 2195 5598 tui.
2227 5543 2293 5596 Et

718 5638 862 5693 unde
890 5639 985 5692 tibi
1020 5651 1191 5694 totum
1220 5641 1321 5693 hoc
1348 5640 1608 5708 quidquid
1634 5649 1716 5693 est
1745 5639 1894 5700 bnni,
1946 5639 2136 5704 ingens
2176 5638 2291 5703 glo-

719 5730 821 5791 ria,
875 5745 1087 5785 summa
1145 5733 1565 5798 commendatio,
1615 5731 1718 5785 nisi
1754 5745 1819 5784 ex
1851 5727 2143 5782 virtutibus
2189 5729 2296 5782 illis

795 5843 841 5873 ’°
870 5842 1039 5898 Exod.
1077 5861 1154 5912 ιιι,
1186 5846 1238 5900 6.
1316 5847 1359 5880 ”
1392 5846 1523 5900 ibid.
1561 5844 1643 5899 14.
1717 5844 1767 5877 ’³
1807 5841 1940 5898 Gen.
1983 5857 2091 5906 xix,
2131 5839 2217 5893 ει.

2398 4905 2694 4977 κλαδοῦσης
2718 4923 2732 4936 ·
2765 4906 3044 4977 ἐρρῶσθαι
3074 4907 3332 4976 φράσασα
3378 4908 3530 4960 πόλει
3578 4908 3967 4982 βασιλευούσῃ,

2399 4997 2544 5063 γένει
2573 4995 2947 5066 περιϐλέπτῳ,
2984 4997 3156 5064 φίλοις
3193 4997 3569 5068 ὑπερέχουσιν,
3613 4997 3762 5068 οἰκίᾳ
3799 5001 3972 5069 ὥσπερ⁴

2392 5089 2652 5160 λάμπρῳ,
2709 5087 2838 5158 ἀξίᾳ.
2899 5089 3358 5161 ὑπερφυεστάτῃ,
3438 5089 3548 5142 τῶν
3601 5089 3744 5143 κατὰ
3802 5091 3971 5162 χθόνα

2390 5180 2618 5234 οἰκετῶν
2659 5179 2875 5249 πλήθει,
2917 5180 3150 5250 ὑπάρξει
3205 5180 3545 5250 παντοδαπῇ,
3598 5183 3713 5244 τοῖς
3761 5182 3968 5246 ἀλλοις,

2392 5267 2475 5333 οἷς
2501 5271 2600 5324 οὐκ
2632 5271 2873 5340 εὐμαρές
2903 5272 3230 5342 μοι-λέγειν·
3262 5273 3357 5325 καὶ
3383 5272 3633 5344 ἀραμένη
3666 5272 3759 5325 τὸν
3800 5291 3968 5326 σταυ-

2400 5363 2626 5432 ροφόρον
2669 5361 2818 5431 βίον·
2859 5363 3215 5433 άπεωρίσθης
3242 5381 3344 5416 που
3383 5364 3620 5433 μακρὰν,
3672 5363 3749 5427 ὡς
3785 5365 3969 5435 μεμάο

2398 5453 2562 5522 θηκα,
2597 5455 2654 5506 ὲν
2683 5452 2852 5522 νήσῳ.
2890 5453 3248 5524 Εὐλογημένη
3278 5453 3366 5518 σὺ,
3406 5456 3502 5508 καὶ
3540 5455 3914 5524 εὐλογημένος
3941 5457 3970 5509 ό

2399 5543 2609 5612 καρπὸς
2645 5542 2744 5610 τῆς
2796 5543 3106 5615 μαρτυρίας
3158 5561 3276 5599 σου.
3313 5546 3426 5598 Καὶ
3468 5545 3633 5598 πόθεν
3676 5561 3759 5598 σοι
3809 5545 3969 5602 τοῦτο

2399 5633 2518 5684 ὅλον
2547 5635 2605 5685 τὸ
2628 5632 2852 5700 ἀγαθὸν,
2888 5635 2947 5685 τὸ
2969 5634 3110 5702 μέγα
3137 5635 3315 5699 κλέος,
3361 5637 3389 5705 ἡ
3418 5636 3648 5706 μεγίστη
3676 5635 3964 5705 εὐφημία,

2401 5725 2514 5778 ἀλλ’
2547 5725 2579 5794 ἢ
2631 5725 2694 5777 ὲκ
2726 5723 2831 5777 τῶν
2872 5726 3353 5798 προῦπηργμένων
3385 5743 3467 5780 σοι
3495 5726 3958 5797 κατορθωμάτων,
