4164 6512
199 469 220 531 1
232 472 337 531 297

1407 466 1950 529 EPISTOLARUM
1999 466 2150 526 LIB.
2195 464 2281 524 II.

3344 468 3483 532 1298

190 586 259 635 ἐκ
289 581 390 646 τῆς
419 578 615 649 πολλῆς
647 595 741 630 σου
773 576 1067 643 ἐντεύξεως
1098 578 1194 630 καὶ
1223 577 1562 648 προσευχῆς,
1592 580 1655 632 ἐκ
1677 580 1776 648 τῆς

1900 579 2020 644 .uis,
2047 591 2172 647 quae
2211 587 2545 645 praecessere
2577 591 2589 627 :
2616 589 2680 628 ex
2714 573 2951 643 plurima
2979 573 3384 644 supplicatione
3418 593 3484 633 ac

189 669 648 738 ὑπερϐαλλούσης
705 685 799 720 σου
853 668 1200 738 φιλευποιίας
1258 670 1355 721 καὶ
1417 669 1785 739 φιλομονάχου

191 764 472 834 καρδίας;
519 762 634 814 υύκ
660 759 862 814 ὤλοντο
917 761 968 813 οἱ
1020 761 1248 832 καρποὶ,
1288 759 1391 814 κᾶν
1443 763 1534 814 ἐπὶ
1592 762 1788 834 μικρὸν

187 855 573 922 διεσείσθησαν
594 867 609 882 ⁶
642 853 703 905 ού
742 851 979 918 κατέαξε
1017 869 1110 904 σου
1152 852 1243 904 τὸν
1286 852 1489 922 ἀρετῆς
1521 851 1733 923 πύργον
1760 856 1788 907 6

192 948 574 1016 ἀντικείμενος
598 945 723 1014 ὄφις
743 983 759 1006 ,
811 946 860 997 εί
893 944 988 997 καὶ
1019 943 1265 999 δέδακεν.
1325 945 1788 1014 Ἀποκέκρουσται

194 1039 396 1108 φθόνος
420 1037 527 1091 τῶν
558 1035 1022 1090 ἐπιτωθασάντων
1049 1052 1063 1068 ⁸
1093 1036 1387 1089 πέπτωκεν
1416 1034 1790 1099 ὀνειδιζόντων

195 1130 393 1193 ὕθλοςο
436 1127 690 1196 νενίκηκε
737 1126 978 1197 Χριστὸς
1030 1127 1088 1178 ἐν
1120 1126 1237 1189 σοὶ,
1285 1123 1382 1177 καὶ
1432 1123 1522 1177 διὰ
1579 1123 1694 1176 σοῦ.
1744 1118 1789 1177 ὦ

196 1223 545 1290 καλλίγυναι,
571 1214 615 1273 ὣ
645 1219 988 1291 φιλόμαρτυς
1015 1234 1030 1249 ⁸
1066 1221 1184 1280 καὶ,
1221 1217 1282 1270 τὸ
1305 1216 1511 1288 τρίτον,
1538 1211 1583 1268 ῶ
1613 1218 1789 1286 μῆτερ

197 1317 348 1385 ἐμή’
400 1314 554 1367 καλῶ
577 1314 688 1384 γὰρ
719 1311 880 1366 τοῦτο
929 1312 988 1364 ἐν
1034 1310 1338 1380 πνεύματι,
1379 1309 1454 1373 ὡς
1501 1308 1787 1372 σύναθλον,

197 1412 294 1463 καὶ
317 1409 425 1462 τῶν
453 1409 562 1464 ἀπὸ
589 1407 797 1479 σαρκὸς
819 1405 1245 1476 γνωριζομένων
1268 1404 1597 1472 σπλάγχνων
1628 1401 1792 1470 ἐγγύ-

197 1519 380 1573 τερον.
438 1502 594 1555 Οῦτω
631 1501 742 1569 γὰρ
773 1495 884 1552 οἶδε
935 1498 996 1551 τὸ
1043 1496 1264 1567 πνεῦμα
1318 1496 1612 1548 συνάπτειν
1663 1495 1790 1556 τοὺς

198 1594 300 1648 ἀπ’
331 1594 497 1648 αὐτοῦ
545 1591 1047 1662 κυοφορουμένους.
1099 1585 1232 1642 Οἶδά
1264 1605 1356 1640 σου
1392 1586 1520 1649 τοὺς
1563 1587 1788 1649 πόνουςο

198 1681 317 1738 οἶδα
343 1685 442 1747 τὰς
489 1682 770 1746 ίνοκοπίας
814 1681 913 1751 τῆς
954 1679 1168 1750 ψυχῆς⁸
1216 1678 1396 1731 πάντα
1425 1679 1525 1731 ὅσα
1558 1679 1790 1748 ραγείσα

199 1780 409 1849 κόσμου
452 1776 684 1832 ὑποίσω.
740 1775 900 1829 Ἀλλά
943 1774 1176 1844 θάρσει’
1224 1771 1394 1835 πολύς
1424 1789 1517 1824 σου
1543 1771 1571 1824 6
1600 1769 1790 1840 μισθὸς

201 1877 262 1926 ἐν
311 1873 560 1942 οὐρανοῖς
584 1886 600 1902 ο
631 1869 820 1939 νύμφη
861 1864 1098 1936 Χριστοῦ
1127 1865 1514 1936 χρηματίζεις,
1547 1863 1651 1917 κᾶν
1681 1862 1791 1916 ἀπὸ

199 1965 397 2033 ἀνδρός
418 1979 432 1993 ⁸
466 1963 791 2032 συμπολῖτις
834 1959 944 2012 τῶν
973 1958 1200 2011 δικαίων
1235 1958 1332 2011 καὶ
1373 1958 1546 2026 ἀγίων
1569 1972 1582 1986 ⁹
1633 1955 1793 2026 εἴπερ

202 2055 552 2126 ἐμμενοῦμεν
580 2057 702 2117 ταῖς
735 2052 912 2116 θείαις
939 2051 1260 2121 ὁμολογίαις
1297 2049 1403 2112 ἕως
1434 2050 1643 2112 τέλους.
1676 2048 1793 2102 Νῦν

200 2149 259 2201 δὲ
287 2147 504 2216 λιπαριῦ
540 2146 634 2198 καὶ
673 2143 956 2214 παραινῶ,
990 2140 1414 2212 ύπομονητικῶς
1455 2157 1512 2193 σε
1547 2141 1796 2208 ἐνεγκεῖν

201 2243 304 2312 τὴν
347 2239 562 2311 ἐξορίαν
591 2241 688 2292 καὶ
725 2237 964 2309 ἐρημίαν
995 2237 1236 2298 πάντων,
1270 2231 1695 2303 ἀναθεωροῦσαν
1726 2230 1796 2285 τά

201 2335 437 2402 οὐράνια
459 2348 474 2363 ο
503 2331 706 2385 εἰδυῖαν
735 2330 797 2382 τὸ
825 2329 918 2382 ἐπὶ
949 2329 1053 2398 γῆς
1082 2330 1333 2395 παίγνιον
1360 2327 1456 2379 καὶ
1483 2323 1794 2395 ὠκύμορον.

203 2431 361 2486 Μετά
389 2427 484 2480 σοῦ
520 2429 549 2480 6
579 2424 757 2496 φύλαξ
795 2441 891 2477 σου
939 2425 1039 2494 τῆς
1083 2423 1232 2492 ζωῆς
1264 2420 1528 2490 ἄγγελος·
1561 2417 1798 2490 Χριστὸς

205 2520 393 2581 αὐτὸς,
433 2519 461 2570 6
500 2515 708 2570 είπὼν·
750 2515 900 2583 Ἐγὼ
951 2514 1051 2567 καὶ
1080 2516 1113 2567 ό
1156 2509 1361 2580 Πατὴρ
1394 2511 1794 2580 ἐλευσόμεθα,

205 2611 304 2664 καὶ
330 2608 533 2679 μονὴν
557 2607 696 2676 παρ’
720 2605 882 2672 αὑτῷ
907 2604 1268 2674 ποιήσομεν.
1294 2603 1458 2657 Ἓνδέ
1477 2602 1798 2674 ὑπομιμνή-

206 2719 327 2755 σκω
347 2719 360 2732 ·
393 2704 632 2769 σεαυτὴν
655 2698 968 2770 περιποιοῦ.
989 2698 1202 2758 δίαιταν
1225 2695 1800 2766 παρακλητικωτέραν

205 2793 591 2864 ἀσπαζομένη.
627 2793 702 2846 Ού
753 2793 864 2863 γὰρ
922 2792 1116 2863 καιρὸς
1151 2789 1481 2859 ἐγκρατείας
1539 2789 1664 2859 άρτι
1706 2804 1798 2840 τοι

208 2885 420 2948 σοῦτον,
450 2886 575 2938 ὅσον
635 2884 696 2938 τὸ
741 2885 1030 2955 πρότερον.
1080 2884 1194 2936 Καὶ
1261 2882 1437 2947 τέλος,
1490 2883 1797 2950 προσεύχου

207 2979 339 3048 περὶ
367 2977 502 3046 ἐμοῦ
536 2976 633 3029 τοῦ
683 2973 1014 3046 ἀμάρτωλοῦ
1038 2989 1051 3002 °
1106 2973 1183 3038 ὡς
1211 2972 1278 3027 ἂν
1323 2975 1439 3034 τοῖς
1485 2971 1667 3040 λόγοις
1708 2971 1800 3024 τὸν

210 3070 328 3142 βίον
361 3070 789 3140 συναρμὸσοιμι.

428 3180 546 3234 ΞΘ.
577 3209 649 3221 -
678 3177 961 3249 Εὐφημίᾳ
980 3176 1330 3247 ἐγκλείστῃ.
1360 3171 1544 3247 [υογ’.]

1892 682 2058 740 prece
2096 689 2107 724 :
2137 682 2205 722 ex
2235 664 2734 721 beneficentissima
2768 675 2858 720 tua
2892 681 3018 738 erga
3045 669 3349 724 monachos
3383 685 3483 725 vo-

1891 759 2148 814 luntate?
2181 756 2296 810 Non
2327 756 2538 827 periere
2591 755 2826 819 fructus,
2862 757 2966 812 etsi
2995 760 3250 814 concussi
3287 761 3485 828 paulu-

1891 853 2002 907 lum
2038 869 2051 905 :
2082 861 2232 905 tuam
2268 849 2415 904 illam
2460 849 2678 904 virtutis
2707 852 2896 904 turrim
2929 866 3038 905 non
3062 852 3333 907 subvertit
3362 867 3485 907 ser-

1890 961 2026 1017 pens
2055 944 2334 1010 inimicus,
2363 959 2681 1014 quanquam
2715 959 2960 998 morsum
2990 943 3198 1000 intulit.
3245 945 3486 1014 Repulsa

1893 1038 2181 1092 irrisorum
2244 1035 2450 1090 invidia
2509 1044 2637 1091 est:
2683 1036 3005 1091 exciderunt
3047 1037 3485 1094 conviciatorum

1890 1145 2084 1199 nugae:
2120 1127 2251 1182 vicit
2281 1126 2539 1182 Christus
2569 1127 2622 1181 in
2650 1136 2700 1182 te
2729 1136 2783 1181 et
2813 1143 2907 1196 per
2932 1135 3004 1192 te,
3036 1141 3070 1182 ο
3096 1126 3300 1182 femina
3327 1144 3485 1200 egre-

1891 1222 1998 1288 gia,
2031 1237 2063 1274 υ
2096 1220 2342 1290 martyrii
2367 1218 2585 1288 cupida,
2629 1205 2709 1285 et;
2731 1218 2874 1289 quod
2908 1219 3135 1274 tertium
3166 1228 3270 1282 est,
3299 1235 3334 1275 ο
3363 1236 3485 1276 ma-

1891 1324 1975 1366 ter
2009 1327 2128 1366 mea
2160 1329 2173 1366 :
2207 1327 2332 1366 nam
2366 1327 2432 1367 eo
2456 1323 2507 1367 te
2551 1312 2775 1367 nomine
2812 1311 3025 1382 appeilo
3073 1312 3126 1366 in
3163 1312 3387 1382 spiritu,
3421 1321 3487 1367 ut

1894 1407 2212 1462 certaminis
2237 1409 2440 1462 sociam
2473 1447 2489 1469 ,
2523 1415 2578 1461 et
2602 1407 3038 1476 coniunctiorem
3064 1406 3130 1462 iis
3155 1421 3278 1477 quae
3299 1405 3487 1461 carnis

1893 1508 2022 1553 sunt
2057 1501 2383 1555 visceribus.
2417 1498 2509 1555 Sic
2545 1500 2692 1554 enim
2725 1515 2823 1555 eos
2873 1500 3102 1570 spiritus
3135 1500 3287 1555 novit
3313 1516 3486 1570 c0pu-

1894 1592 2028 1658 lare,
2061 1609 2198 1662 quos
2232 1595 2347 1664 ipse
2396 1595 2667 1663 genuerit.
2710 1593 2844 1648 Novi
2899 1594 3115 1649 labores
3155 1604 3279 1650 tuos
3319 1596 3488 1649 :nori

1894 1695 2029 1756 quot
2055 1685 2238 1739 animo
2261 1684 2541 1740 molestias
2572 1685 2846 1748 hauseris,
2871 1701 3016 1755 quae,
3059 1701 3185 1740 cum
3217 1701 3248 1740 a
3277 1687 3487 1740 mundo

1893 1779 2083 1834 avulsa
2107 1794 2188 1845 es,
2208 1776 2482 1832 toleraris.
2507 1776 2611 1831 Sed
2640 1777 2899 1832 conlidit‘o
2925 1777 3193 1847 :plnrima
3225 1778 3317 1832 tibi
3343 1794 3489 1833 mer-

1893 1887 1984 1928 ces
2026 1872 2078 1925 in
2111 1871 2252 1926 cmlo
2283 1889 2296 1925 :
2329 1869 2532 1926 Christi
2565 1886 2765 1941 sponsa
2813 1871 3039 1934 diceris,
3071 1871 3180 1926 etsi
3212 1883 3333 1940 post
3355 1887 3492 1927 con-

1891 1963 2104 2034 juginm
2137 1980 2150 2017 :
2181 1962 2456 2032 justorum
2475 1977 2537 2016 ac
2569 1970 2886 2018 sanctorum
2920 1961 3079 2028 civis,
3105 1963 3150 2018 si
3173 1961 3394 2033 quidem
3420 1961 3490 2018 ad

1900 2055 2060 2109 ﬁnem
2093 2069 2267 2125 usque
2298 2054 2353 2108 in
2383 2054 2567 2107 divina
2591 2054 2944 2110 confessione
2965 2065 3295 2123 perstemus.
3324 2053 3490 2111 Nunc

1896 2160 2026 2200 vero
2061 2144 2294 2200 obsecro
2321 2152 2376 2198 et
2407 2143 2598 2199 hortor
2623 2151 2684 2198 ut
2706 2158 2861 2212 aequo
2907 2143 3092 2196 animo
3127 2143 3382 2200 exsilium
3410 2142 3491 2197 fe-

1897 2252 2010 2302 ras,
2045 2251 2341 2306 rerumque
2373 2237 2622 2291 omnium
2678 2236 2985 2305 penuriam,
3018 2235 3322 2289 cmlestium
3351 2251 3490 2290 con-

1899 2327 2257 2394 templatione
2284 2344 2297 2380 :
2327 2341 2452 2382 cum
2487 2327 2656 2397 probe
2681 2327 2978 2397 intelligas,
3011 2328 3280 2398 quidquid
3317 2337 3492 2383 terre-

1900 2435 2035 2474 num
2063 2427 2168 2481 est,
2205 2418 2476 2474 ludicrum
2522 2434 2643 2474 esse
2669 2428 2722 2473 et
2763 2419 2872 2473 cito
2904 2420 3230 2488 periturum.
3284 2419 3491 2475 Tecum

1899 2519 2086 2566 custos
2117 2510 2241 2564 vita:
2272 2519 2378 2564 tua}
2413 2510 2640 2580 angelus
2664 2550 2679 2576 ,
2710 2509 2965 2566 Christus
3012 2511 3127 2579 ipse
3180 2513 3273 2581 qui
3307 2512 3444 2565 dixit
3476 2529 3490 2565 :

1901 2602 2013 2674 Ego
2035 2613 2084 2657 et
2112 2601 2277 2657 Pater
2315 2609 2602 2666 veniemus,
2630 2613 2678 2657 et
2705 2604 3030 2658 mansionem
3077 2606 3220 2674 apud
3251 2621 3371 2658 eum
3406 2604 3493 2673 {a-

1899 2696 2097 2747 ciemus
2119 2691 2376 2748 ".Unum
2405 2708 2533 2748 vero
2557 2709 2757 2748 moneo
2777 2713 2787 2748 :
2808 2704 2865 2749 ut
2888 2695 3185 2749 valetudini
3209 2697 3489 2760 consulas,

1900 2788 2214 2844 suaviorem
2252 2788 2505 2856 amplexa
2549 2788 2764 2842 vivendi
2802 2803 3074 2842 normam.
3128 2787 3316 2859 Neque
3344 2791 3490 2845 enim

1903 2897 2049 2935 nunc
2084 2891 2300 2951 tempus
2344 2881 2696 2936 abstinentia:
2727 2890 2836 2936 tam
2867 2881 3054 2953 rigida:
3081 2891 3184 2946 cst,
3205 2899 3494 2951 quaman-

1901 2984 1985 3028 tca
2022 2974 2255 3028 exstitit.
2277 2973 2524 3045 Denique
2549 2990 2648 3044 pro
2667 2990 2754 3030 me
2781 2985 3069 3046 peccatore
3095 2993 3282 3046 preces
3301 2976 3490 3046 funde,

1902 3077 1961 3120 ut
1995 3083 2120 3121 cum
2148 3067 2498 3122 sermonibus
2531 3068 2616 3121 via
2654 3083 2774 3122 mea
2797 3070 3129 3124 consentiat.

2256 3181 2444 3237 LXIX.
2478 3214 2548 3223 —
2564 3182 2874 3253 Euphemia:
2897 3186 3133 3242 inclusa.

1255 3311 1320 3362 Ut
1342 3313 1537 3362 thristo
1558 3326 1741 3375 sponso
1767 3327 1878 3374 suo,
1903 3323 2004 3365 tota
2025 3324 2193 3366 mente
2223 3318 2427 3367 serviat.

281 3427 343 3481 Εί
371 3425 464 3481 καὶ
482 3421 802 3492 ἐλλείπομεν
847 3420 1169 3490 ωχνὸτερον
1230 3422 1297 3490 τῇ
1357 3421 1632 3498 τιμιότητί
1701 3438 1794 3474 σου

1977 3422 2089 3478 Etsi
2143 3423 2435 3480 omisimus
2458 3424 2766 3482 crebriores
2807 3426 2875 3481 ad
2932 3429 3295 3485 reverentiam
3345 3441 3492 3488 tuam

209 3517 549 3574 ἐπιστέλλειν
582 3533 596 3546 ο
628 3515 743 3568 ἀλλ’
766 3511 859 3567 οῦν
884 3511 978 3565 τοῦ
1018 3512 1333 3583 μεμνῆσθαι
1369 3513 1536 3581 αὐτῆς
1594 3516 1651 3565 ἐν
1684 3515 1798 3566 Κυ-

214 3614 315 3684 ρίῳ
341 3653 356 3677 ,
388 3612 489 3664 οὐκ
515 3607 922 3678 ἐπιλελήσμεθα
954 3623 967 3636 ⁸
1000 3606 1090 3659 διὰ
1109 3606 1169 3658 τὸ
1202 3606 1520 3660 κοινωνικὸν
1549 3609 1647 3675 τῆς
1668 3623 1799 3675 προ-

211 3709 437 3770 θέσεως,
465 3707 559 3759 καὶ
589 3705 652 3756 τὸ
679 3702 988 3756 ἐπιδοτικδν
1012 3702 1114 3770 τῆς
1134 3701 1533 3772 προαιρέσεως.
1577 3704 1641 3754 Ὃ
1677 3704 1796 3754 ἱκα-

211 3800 321 3861 νῶς
346 3799 484 3868 ἔχει,
521 3797 595 3860 ὡς
626 3793 908 3865 μανθάνω,
935 3793 1043 3846 ἀπὸ
1069 3792 1295 3863 πρώτης
1326 3793 1540 3864 ἡλικίας
1559 3794 1797 3863 ᾑρετίσω

212 3895 303 3946 τὸν
333 3890 702 3962 σταυρονρόρον
727 3889 840 3958 βίον
861 3905 874 3917 ·
903 3888 998 3941 καὶ
1030 3887 1110 3940 ἐτι
1143 3887 1244 3958 τὴν
1275 3889 1658 3958 φρουρητικὴν
1684 3886 1800 3940 δια-

212 3985 424 4037 σίωσιν.
451 3984 559 4036 Καὶ
582 3982 769 4052 ἡλίκον
795 3999 888 4033 σου
913 3980 972 4033 τὸ
989 3977 1263 4049 ἐγκώμιον
1282 4017 1297 4040 ,
1328 3977 1514 4048 νύμφη
1537 3978 1796 4048 Χριστοῦ.

226 4077 366 4130 Ἀλλ’
396 4075 809 4144 ὑπομιμνῄσκω
842 4072 1124 4146 περιέπων
1182 4088 1239 4123 σε
1278 4070 1690 4141 πνευματικῶς,
1724 4070 1798 4133 ὼς

214 4169 474 4239 ἀδελφήν.
518 4165 857 4235 Ἐπεὶχθητι,
890 4165 1078 4234 κυρία,
1115 4163 1406 4234 ἐπείχθητι
1457 4161 1799 4233 θεραπεῦσαί

217 4281 312 4315 σου
348 4261 441 4315 τὸν
476 4259 753 4329 Νυμφίον.
791 4257 854 4309 Ἦ
888 4257 1283 4326 νυμφευθεῖσα,
1313 4255 1496 4326 πάσης
1557 4255 1800 4326 σχέσεως

215 4354 415 4424 ἑαυτὴν
445 4351 820 4413 ἀποδιίστασο,
857 4348 988 4416 ὃλην
1014 4347 1113 4418 τὴν
1141 4347 1393 4417 καρδίαν,
1451 4346 1546 4400 καὶ
1595 4345 1797 4416 ψυχὴν,

217 4449 313 4501 καὶ
338 4447 467 4515 ὃλην
496 4445 594 4516 τὴν
627 4443 871 4495 διάνοιαν
909 4439 1190 4510 ἐρωτικῶς
1258 4438 1397 4508 πρὸς
1446 4438 1542 4491 τὸν
1597 4437 1800 4507 ἑαυτῆς

217 4539 469 4611 Νυμφίον
500 4537 719 4608 ἔχουσα.
743 4535 804 4587 Εί
832 4532 990 4587 τοῦτο
1015 4533 1108 4585 ἐπὶ
1134 4531 1226 4585 τοῦ
1250 4530 1496 4603 φθαρτοῦ
1522 4532 1618 4583 καὶ
1644 4529 1801 4599 ῥέον-

217 4650 308 4696 to;
344 4633 456 4702 ἔχει
488 4645 501 4659 °
563 4629 716 4698 πόσῳ
777 4623 872 4681 οὖν
907 4626 1108 4695 μᾶλλον
1133 4624 1228 4678 ἐπὶ
1256 4622 1352 4676 τοῦ
1381 4622 1667 4694 ἀφθάρτου
1707 4621 1803 4675 κα)⁵

1905 3517 2110 3571 litteras
2142 3517 2389 3585 mittere;
2439 3529 2494 3572 at
2546 3534 2658 3573 non
2712 3519 2986 3576 desiimus
3016 3521 3263 3590 ejusdem
3294 3528 3493 3582 memi-

1903 3609 2051 3663 nisse
2111 3610 2163 3663 in
2195 3608 2448 3674 Domino,
2492 3620 2606 3664 tum
2639 3612 2710 3665 ob
2751 3611 2983 3667 instituti
3013 3617 3492 3684 communionem,

1904 3710 2017 3753 tum
2055 3699 2126 3753 ob
2184 3700 2551 3756 voluntariam
2604 3703 2732 3757 novi
2779 3707 3044 3775 propositi
3092 3709 3490 3766 accessionem.

1902 3792 2054 3858 Quod
2099 3807 2194 3860 per
2220 3809 2279 3847 se
2311 3795 2612 3848 maxin‘tum
2658 3805 2762 3858 est,
2795 3814 2825 3851 a
2854 3799 3029 3868 prima
3063 3809 3241 3865 aetate,
3301 3812 3360 3857 ut
3405 3805 3492 3858 in-

1903 3885 2127 3955 telligo,
2182 3888 2307 3941 vitae
2357 3902 2605 3941 normam
2655 3890 2969 3960 arripuisti,
3001 3892 3055 3946 in
3100 3910 3206 3964 qua
3253 3897 3493 3952 tollenda

1902 3993 2082 4031 crux:
2135 3993 2199 4032 ac
2243 3988 2506 4048 praeterea
2572 3991 2769 4051 sponte
2814 3982 3029 4038 inclusa
3082 3987 3237 4057 degis
3294 4005 3490 4044 :evum.

1901 4068 2045 4122 Proh
2092 4079 2297 4139 quanta
2341 4080 2433 4126 tua
2479 4075 2890 4130 commendatio
2937 4086 3041 4141 est,
3083 4075 3297 4149 Sponsa
3328 4082 3492 4137 Chri-

1902 4164 2006 4217 sti!
2046 4161 2226 4217 Unum
2276 4173 2457 4219 tamen
2500 4181 2736 4238 suggero
2791 4171 2869 4222 tui
2923 4171 3250 4240 spiritaliter
3303 4191 3494 4232 curam

1902 4272 2118 4326 gerens,
2160 4267 2419 4328 tanquam
2453 4262 2684 4317 sororis.
2717 4262 2998 4328 Adnitere,
3036 4265 3284 4327 domina.
3337 4269 3496 4324 adni-

1903 4357 2017 4403 tere
2067 4347 2341 4417 Sponsum
2394 4359 2547 4404 tuum
2607 4351 2900 4408 demereri.
2959 4353 3244 4427 Tanquam
3302 4372 3493 4431 nupta,

1901 4456 2121 4494 omnem
2155 4455 2298 4497 exue
2337 4442 2619 4508 affectum,
2672 4453 2867 4513 pectus
2898 4461 3081 4514 omne,
3123 4465 3341 4506 omnem
3375 4455 3497 4508 ani-

1904 4547 2076 4593 mum,
2122 4532 2509 4601 cogitationem
2540 4549 2758 4589 omnem
2789 4537 2996 4593 amoris
3043 4539 3284 4609 impulsu
3317 4554 3500 4601 trans-

1905 4622 2085 4678 ferens
2125 4625 2177 4678 in
2229 4624 2501 4693 Sponsum
2557 4636 2736 4682 tuum.
2797 4629 2956 4695 Quod
2995 4631 3041 4687 si
3098 4634 3150 4687 in
3186 4638 3404 4691 mortali
3436 4654 3501 4691 ac

217 4726 528 4788 ἀθανάτους
574 4720 764 4784 Οὕτως
804 4720 1098 4789 ὀφείλομεν
1152 4716 1353 4788 (κοινὸς
1379 4718 1406 4770 6
1438 4715 1619 4783 λόγος)
1708 4714 1796 4766 καὶ

1905 4718 2148 4788 perituro
2177 4717 2228 4771 id
2261 4719 2479 4785 accidit,
2519 4729 2728 4790 quanto
2762 4723 2934 4793 magis
2962 4724 3015 4777 in
3055 4729 3395 4797 sempiterno
3447 4741 3502 4786 et

219 4820 379 4890 ἡμεῖς
409 4815 718 4869 διακεῖσθαι
744 4813 881 4883 πρὸς
908 4813 998 4864 τὸν
1033 4810 1238 4880 Κύριον
1261 4809 1356 4862 καὶ
1379 4809 1681 4878 Δεσπότην,
1707 4807 1796 4861 καὶ

1906 4811 2232 4864 immortali!
2284 4809 2376 4865 Sic
2404 4812 2690 4872 debemus.
2738 4815 2852 4882 pari
2885 4816 3119 4881 ratione,
3160 4827 3214 4872 et
3238 4836 3336 4874 nos
3372 4837 3500 4893 erga

224 4913 298 4982 μὴ
337 4907 636 4978 λαμϐάνειν
667 4905 825 4974 κόρον
855 4904 949 4957 τοῦ
987 4904 1154 4957 πόθου
1186 4902 1384 4956 αὑτοῦ*
1417 4900 1513 4954 καὶ
1540 4903 1596 4954 ἐν
1623 4900 1800 4969 τούτῳ

219 5000 532 5071 ἐξίστασθαι
561 4999 741 5064 πάσης
768 4998 959 5067 ἡδονῆς
986 4993 1340 5068 φθοροποιοῦ.
1375 4993 1501 5045 Ὅτι
1525 4992 1620 5045 καὶ
1639 4991 1802 5053 αύτὸς

219 5093 504 5166 ἐρωτικῶς
531 5093 666 5164 πρὸς
695 5093 845 5161 ἡμᾶς
871 5089 1056 5160 ἔχεται
1077 5104 1090 5118 ’
1124 5088 1219 5141 καὶ
1239 5087 1403 5139 οίυνεὶ
1430 5086 1706 5150 ἐξίσταται
1729 5086 1794 5154 τῇ

222 5185 577 5256 ὑπεραπείρῳ
600 5185 898 5252 ἀγαπήσει.
935 5181 1029 5252 Μὴ
1058 5180 1167 5251 γάρ
1194 5179 1254 5232 ού
1283 5178 1370 5231 διά
1403 5177 1483 5237 σὲ,
1539 5175 1671 5238 Θεὸς
1701 5173 1796 5236 ῶν,

220 5278 410 5333 δούλου
453 5275 670 5348 μορφὴν
718 5272 1002 5338 ἀνέλαϐεν,
1060 5272 1128 5341 ἡν
1186 5269 1283 5322 νῦν
1338 5267 1700 5338 ἀτιμάζουσιν
1751 5266 1802 5318 οί

221 5366 625 5439 Είκονομάχοι;
662 5365 736 5436 μὴ
754 5365 854 5417 ούκ
885 5362 1203 5432 ἐπτώχευσε
1265 5361 1522 5422 πλούσιος
1561 5359 1680 5420 ὢν;
1727 5358 1803 5426 μὴ

222 5462 324 5531 ούχ
353 5459 616 5529 ὑπέμεινε
646 5457 713 5510 τά
750 5455 977 5526 θλιϐερά
1008 5454 1254 5516 ᾶπαντα,
1307 5452 1495 5524 ῦὸρεις
1524 5493 1538 5515 ,
1591 5449 1806 5521 ἐμπτύ-

225 5569 441 5622 σματα,
477 5551 819 5621 ῥαπίσματα,
880 5547 1173 5618 μάστιγας,
1227 5545 1460 5614 σταυρὸν
1491 5545 1586 5596 καὶ
1644 5543 1806 5596 θάνα-

223 5663 318 5698 τον
343 5643 584 5708 ςὈωως
608 5643 820 5712 ὀφείλει
851 5640 1057 5710 ἐκάστη
1091 5636 1240 5708 ψυχὴ
1305 5637 1643 5690 διατίθεσθαι
1677 5653 1689 5666 ·
1731 5635 1807 5698 ὼς

224 5739 370 5807 ὑπὲρ
407 5735 576 5804 αὐτῆς
609 5735 800 5805 μόνης,
824 5734 926 5787 κᾶν
957 5733 1098 5804 ὑπὲρ
1129 5732 1335 5798 πάσης,
1371 5728 1441 5781 τὰ
1477 5727 1801 5798 παθήματα,

227 5832 322 5884 καὶ
350 5828 598 5896 στέργειν
627 5828 719 5878 καί
748 5826 990 5896 ἀγαπᾷν,
1032 5823 1125 5878 καὶ
1160 5821 1412 5892 ἐφίεσθαι
1442 5820 1619 5884 ὲξίσου
1652 5820 1799 5872 ἀντι-

297 5944 346 5977 ⁹³
373 5943 533 5998 Joan.
568 5959 679 6008 xiv,
708 5942 797 5998 25.

1911 4902 2198 4957 Dominum
2227 4911 2282 4956 et
2302 4902 2622 4969 magistrum
2647 4903 2806 4967 allici,
2831 4919 2931 4958 nec
2950 4905 3114 4960 ullam
3140 4907 3286 4962 illius
3307 4923 3501 4964 aman-

1910 4995 1963 5050 di
1996 4995 2301 5048 satietatem
2335 5009 2568 5063 capere;
2621 5005 2785 5064 atque
2815 5011 2932 5050 eam
2969 4998 3040 5051 ob
3086 5015 3198 5054 rem
3232 5003 3380 5056 omni
3413 5019 3505 5058 ca-

1905 5101 2026 5140 rere
2077 5087 2310 5140 exitiosa
2365 5086 2666 5155 voluptate.
2732 5085 2866 5141 Nam
2924 5099 2975 5143 et
3026 5089 3142 5158 ipse
3211 5107 3502 5162 peramans

1910 5178 2084 5233 nostri
2107 5186 2216 5242 est,
2247 5193 2312 5233 ac
2337 5180 2505 5233 veluti
2541 5190 2694 5235 extra
2731 5196 2790 5235 se
2814 5180 2987 5235 fertur
3027 5183 3331 5240 incredibili
3361 5187 3499 5241 cha-

1910 5274 2092 5326 ritate.
2143 5273 2340 5326 Annon
2390 5271 2535 5327 enim
2579 5283 2799 5344 propter
2853 5285 2925 5340 te,
2984 5291 3110 5330 cum
3148 5277 3292 5334 Deus
3334 5291 3502 5347 esset,

1912 5364 2051 5418 servi
2101 5363 2338 5418 formam
2393 5366 2628 5434 accepit,
2659 5381 2820 5436 quam
2861 5383 3009 5423 nunc
3035 5366 3384 5426 lconomachi
3414 5374 3505 5427 de-

1913 5459 2114 5511 decore
2140 5455 2421 5512 aliicinnt?
2447 5473 2558 5512 non
2590 5459 2728 5513 vixit
2777 5460 2954 5529 inepti,
2982 5478 3106 5517 cum
3137 5465 3291 5519 dives
3323 5467 3507 5520 esset?

1917 5562 2025 5600 non
2063 5561 2324 5616 perpessu
2355 5553 2549 5617 aspera
2582 5550 2765 5603 omnia
2816 5554 3072 5620 pertulit?
3098 5556 3504 5611 contumelias?

1915 5639 2119 5708 Sputa?
2173 5639 2406 5710 alapas?
2436 5639 2705 5694 verbera?
2754 5657 2973 5697 erucem
3008 5660 3073 5698 ac
3117 5647 3355 5701 necem?
3415 5649 3507 5705 Sic

1913 5732 2215 5802 quamlibet
2257 5735 2499 5787 animam
2527 5749 2650 5788 esse
2684 5732 2930 5789 aﬂectam
2961 5737 3116 5792 decet
3150 5741 3374 5810 (quippe
3401 5757 3503 5807 pro

1913 5821 2028 5892 ipsa
2065 5823 2200 5886 sola,
2243 5823 2466 5892 perinde
2488 5838 2551 5877 ac
2586 5839 2684 5892 pro
2709 5825 2966 5881 omnibus
3016 5828 3096 5881 ha:
3121 5833 3508 5900 perpessiones
