4164 6472
710 408 846 473 1:39

1901 409 1961 467 S.
1996 405 2387 466 THEODORI
2431 403 2778 463 STL'DITE

3841 400 3975 462 1300

707 529 981 588 suscepta:
1037 518 1207 584 sunt),
1268 528 1322 572 ut
1369 529 1421 570 et
1452 518 1827 586 concupiscat,
1860 527 1915 569 et
1952 529 2115 580 amet,
2143 526 2195 568 et
2228 531 2291 569 ex

2402 513 2755 566 πεπονθέναι.
2791 511 2910 564 Κᾶν
2965 512 3124 580 τυχδν
3177 511 3235 563 οὐ
3291 511 3697 581 παραχωρῆται
3752 511 3979 564 omini

704 626 860 679 aequo
892 612 1001 680 pati
1035 611 1274 665 vicissim
1301 612 1516 680 geStiat.
1546 610 1622 664 Ac
1648 610 1692 663 si
1730 610 1968 665 fortasse
1997 609 2183 663 nullus
2214 609 2287 662 sit

705 705 807 756 ista
870 702 1173 771 perferendi
1212 703 1386 764 locns,
1439 704 1775 771 propositum
1808 704 1983 755 vicem
2013 701 2197 769 operis
2227 715 2290 753 ac

704 794 920 848 laudem
970 794 1152 856 habet,
1188 793 1299 847 Deo
1333 794 1540 861 Optimo
1570 794 1648 847 sic
1694 802 2104 847 rcmunerante.
2166 790 2293 844 Haec

704 896 832 939 sunt
862 902 891 940 a
924 901 1008 938 mc
1040 885 1269 954 prolata,
1312 900 1419 938 non
1454 886 1609 953 quasi
1672 901 1778 939 non
1814 894 1942 938 ante
1970 883 2160 939 oculos
2190 882 2291 935 ha-

704 977 857 1041 beas,
910 977 1005 1032 sed
1034 976 1180 1043 quod
1216 975 1351 1029 mihi
1410 986 1585 1031 tecum
1619 976 1669 1029 in
1704 975 1937 1029 Domino
1986 989 2143 1027 mens
2182 988 2290 1027 una

705 1069 774 1121 sit

1081 1181 1243 1236 LXX.
1276 1214 1345 1225 —
1378 1183 1663 1250 Theophila
1702 1182 1907 1251 Ephesi.

2390 605 2566 658 ταῦτα
2594 624 2607 635 α
2638 606 2734 657 καὶ
2765 606 2797 673 ἡ
2828 602 3086 672 πρόθεσις
3106 603 3469 656 ἀποδέδεκται
3501 604 3583 666 είς
3608 604 3809 670 ἔργον·
3839 605 3982 657 οὕτω

2392 696 2488 749 τοῦ
2518 696 2723 763 ἀγαθοῦ
2764 695 2900 748 Θεοῦ
2956 694 3439 763 φιλοτιμουμένου.
3504 694 3696 747 Ταῦτα
3755 695 3860 764 οὐχ
3907 700 3984 759 ὡς

2393 792 2493 843 οῦκ
2532 788 2765 858 ἐχούσης
2803 805 2897 840 σου
2920 786 3136 840 ἔναυλα·
3170 786 3286 839 ἀλλ’
3345 786 3419 849 ὡς
3450 787 3754 858 συμψυχῶν
3794 803 3878 839 σοι
3925 789 3983 841 ὲν

2395 882 2606 953 Κυρίῳ,

2592 1173 2667 1225 0’.
2696 1202 2764 1211 —-
2785 1168 3050 1236 Θευςρίλῳ
3074 1165 3184 1234 τῆς
3218 1167 3496 1236 Ἐφέσου.
3528 1166 3694 1240 [υοτϊ

1424 1297 1726 1353 Gratulatur,
1754 1305 1985 1357 tanquam
2019 1294 2285 1343 confessori
2312 1290 2604 1355 perillustri.
2630 1286 2826 1340 (Barea.
2851 1297 2927 1332 an.
2963 1282 3071 1340 816,
3094 1297 3142 1331 n.
3172 1282 3273 1341 42.)

778 1404 914 1460 Cum
948 1404 1235 1474 epistolam
1273 1403 1448 1459 fenori
1481 1406 1778 1466 dedissem,
1815 1404 2198 1473 exspectabam
2229 1411 2287 1456 ιιι

707 1498 949 1554 debitum
979 1497 1265 1551 charitatis
1291 1498 1586 1564 reciperem
1626 1518 1652 1551 :.
1673 1496 1765 1551 scd
1794 1496 1920 1565 quia
1944 1511 2051 1548 non
2080 1494 2286 1563 accepi,

709 1590 873 1660 cupio
920 1600 975 1644 et
1022 1592 1219 1643 iterum
1267 1588 1523 1643 fencrari.
1567 1589 1733 1642 Dulce
1767 1590 1913 1641 enim
1970 1587 2102 1640 mihi
2136 1587 2291 1640 valde

712 1683 816 1738 hoc
870 1681 1047 1747 fenus,
1110 1683 1162 1736 id
1204 1691 1309 1747 est,
1344 1698 1467 1735 cum
1504 1697 1663 1735 sacro
1695 1681 1871 1749 capite
1902 1690 1994 1733 tuo
2029 1680 2291 1748 colloqui,

2463 1396 2721 1458 Δανείσας
2751 1394 2811 1447 τὸ
2832 1394 3089 1464 γράμμα,
3116 1392 3564 1461 ἁπεκαραδόκουν
3598 1392 3875 1462 λήῷεσθαι
3926 1395 3987 1448 τὸ

2392 1490 2553 1561 χρέος
2583 1492 2681 1559 τῆς
2712 1487 2932 1554 ἀγάπης
2954 1503 2967 1513 ·
2998 1486 3113 1539 ἀλλ’
3140 1487 3263 1537 ἐπεὶ
3286 1485 3386 1537 οὐκ
3415 1485 3641 1554 εἴληφα,
3702 1490 3853 1553 φιλὼ
3894 1488 3984 1540 καὶ

2393 1579 2551 1642 αὖθις
2580 1582 2845 1635 δανεῖσαι,
2884 1578 3012 1631 Ἡδὺ
3039 1579 3145 1648 γάρ
3172 1594 3264 1647 μοι
3294 1577 3353 1629 τὸ
3382 1577 3591 1630 δάνειον
3615 1576 3741 1631 λίαν
3762 1596 3775 1608 ·
3816 1580 3985 1650 ἤγουν

2394 1678 2457 1744 τῇ
2496 1677 2561 1743 σῇ
2620 1675 2741 1743 ἱερᾷ
2777 1675 2988 1743 κορυφῇ
3022 1670 3394 1738 διαλέγεσθαι,
3428 1669 3515 1723 διὰ
3574 1672 3820 1739 Χριστὸν
3882 1690 3985 1726 παρ

710 1774 910 1830 Christi
987 1790 1154 1829 causa
1210 1774 1484 1843 patiente,
1558 1773 1640 1826 vel
1699 1773 1881 1843 potius
1954 1769 2291 1825 confessoris

2397 1766 2619 1838 οχούσῃ,
2654 1765 2933 1834 μᾶλλονδὲ
2977 1764 3385 1834 ὁμολογητικῶς
3440 1768 3859 1837 στεφανουμένη
3924 1785 3982 1820 τε

711 1866 886 1919 instar
918 1874 1181 1921 coronato
1211 1875 1265 1919 et
1298 1874 1584 1920 exornato.
1612 1864 1725 1918 Non
1757 1865 1901 1918 enim
1932 1862 2135 1933 quibus
2161 1877 2291 1915 ocu-

711 1959 779 2012 lis
832 1958 976 2013 videt
1036 1958 1296 2024 mundus,
1358 1958 1551 2011 iisdem
1608 1972 1763 2011 mens
1798 1957 1991 2019 cernit,
2027 1956 2194 2009 Deum
2229 1969 2293 2007 ac

711 2052 891 2105 divina
936 2050 1309 2119 conSpiciens.
1367 2047 1464 2103 Ille
1512 2049 1780 2116 siquidem
1817 2047 2199 2117 corruptibilia
2240 2057 2295 2100 et

712 2146 999 2213 pereuntia
1061 2159 1261 2197 nomen
1323 2143 1591 2196 bonorum
1627 2142 1874 2196 obtinere
1907 2153 2115 2207 censet,
2154 2140 2294 2194 male

705 2235 961 2302 judicans
1012 2247 1063 2291 et
1116 2251 1416 2304 perverse:
1492 2236 1605 2289 haec
1656 2250 1784 2288 vero
1816 2233 1961 2287 illam
2024 2249 2088 2287 ac
2118 2232 2291 2286 solam

710 2327 1019 2381 beatitatem
1060 2337 1263 2391 censet,
1294 2343 1416 2395 quae
1447 2341 1553 2380 non
1595 2325 1715 2380 istis
1753 2326 1953 2379 ﬁnibus
1986 2323 2177 2379 detinit
2197 2335 2295 2376 Vo-

709 2419 994 2489 luptatem,
1054 2420 1146 2473 sed
1175 2429 1467 2473 venturum
1505 2420 1557 2471 in
1595 2434 1771 2471 rerum
1809 2417 2049 2487 reposita
2078 2425 2187 2480 est,
2224 2416 2292 2469 ad

709 2512 1075 2566 interminata:
1103 2512 1341 2566 fructum
1384 2512 1766 2581 iucunditatis.
1804 2510 1917 2565 Hoc
1962 2510 2126 2565 modo
2163 2526 2287 2565 san-

709 2605 914 2660 ctitatis
943 2612 1049 2659 tuae
1090 2620 1177 2659 res
1214 2605 1430 2660 intuens
1466 2605 1650 2667 miser,
1687 2604 1897 2675 gaudeo
1932 2613 1987 2659 et
2026 2604 2295 2673 gratulor,

708 2699 1191 2755 desideratissime.
1248 2699 1639 2770 Contempsisti
1683 2700 1911 2769 gloriam
1968 2708 2291 2753 terrenam:

708 2790 918 2862 elegisti
946 2806 1071 2845 cum
1102 2791 1327 2845 Christo
1355 2791 1580 2845 humilia
1614 2801 1668 2845 et
1694 2790 2152 2861 contemptibilia,
2185 2790 2295 2843 imo

707 2900 840 2940 vero
881 2884 1288 2938 tribulationem
1318 2895 1369 2937 et
1396 2883 1700 2954 angustias,
1736 2885 1967 2937 verbera
1995 2892 2048 2936 ct
2079 2882 2293 2936 exsilia.

708 2976 883 3043 Quam
945 2977 1097 3032 beata
1135 2986 1263 3032 sunt
1292 2992 1413 3047 quae
1472 2978 1721 3046 gessisti!
1787 2976 1963 3042 Quam
2020 2974 2295 3030 laudanda

706 3085 830 3140 quae
887 3070 1114 3140 passus!
1168 3068 1378 3124 Orienti
1427 3069 1820 3139 Occidentique
1890 3067 2182 3124 celebrata.
2241 3066 2294 3119 in

2396 1860 2491 1912 καὶ
2520 1858 3003 1928 καλλωπιζομένῃ.
3039 1858 3113 1909 Οὐ
3136 1858 3245 1926 γὰρ
3305 1853 3385 1922 οἷς
3434 1857 3736 1928 ὀφθαλμοῖς
3787 1859 3981 1929 βλέπει

2395 1950 2621 2018 κόσμος,
2652 1948 2863 2012 τούτοις
2898 1948 3056 2018 ἀθρεί
3085 1948 3181 2001 καὶ
3212 1947 3336 2011 νοῦς
3362 1949 3504 2017 ὁρῶν
3539 1948 3672 2001 Θεὸν
3702 1952 3799 2002 καὶ
3836 1942 3978 2004 θεῖα.

2400 2042 2522 2093 Ὀτι
2553 2044 2580 2094 ὁ
2610 2042 2709 2111 μὲν
2753 2042 2820 2095 τὰ
2856 2041 3191 2111 φθειρόμενα
3254 2043 3349 2095 καὶ
3389 2041 3745 2111 ἀπολλσμενα
3804 2046 3986 2096 οἴεται

2394 2130 2502 2183 τῶν
2535 2131 2757 2198 ἀγαθῶν
2796 2134 3006 2201 »μοῖραν
3059 2134 3372 2203 τυγχάνειν,
3433 2134 3620 2197 κακῶς
3669 2135 3833 2199 εἰδὼς
3890 2137 3985 2189 καὶ

2396 2223 2834 2293 πεπλανημένως
2858 2242 2873 2254 ·
2902 2226 2930 2277 ὁ
2957 2225 3012 2277 δὲ
3055 2226 3235 2279 ἐκεῖνο
3255 2228 3350 2278 καὶ
3384 2225 3545 2295 μόνον
3571 2227 3775 2297 κρίνων
3802 2231 3985 2297 μακά-

2398 2334 2533 2386 ριον,
2563 2316 2591 2367 ὃ
2618 2317 2719 2369 οὐκ
2747 2316 2983 2371 ἐνταῦθα
3013 2316 3115 2386 τὴν
3142 2318 3442 2371 εὐπάθειαν
3475 2318 3647 2389 ὀρίζοι
3674 2335 3688 2347 ο
3726 2321 3850 2374 ἀλλ’
3906 2325 3984 2385 εἰς

2396 2409 2486 2460 τὸν
2513 2408 2774 2478 μέλλοντα
2801 2408 2974 2462 αἰῶνα
3004 2408 3664 2480 ὲναποθησαυριζόμενον,
3688 2413 3773 2476 εἰς
3805 2413 3985 2482 χαρὰν

2397 2503 2703 2571 ἀπέραντον
2728 2503 3019 2572 θυμηδίας.
3056 2502 3216 2555 Οὕτω
3239 2502 3308 2556 τὰ
3341 2503 3485 2557 κατὰ
3511 2502 3610 2576 τὴν
3662 2506 3980 2575 ἁγιωσύνην

2401 2611 2493 2645 σου
2519 2594 2630 2661 ἐγὼ
2661 2595 2689 2646 ὁ
2717 2594 2887 2657 τάλας
2910 2592 3079 2659 ὀρῶν,
3111 2594 3292 2663 χαίρω
3319 2593 3414 2647 καὶ
3443 2594 3751 2666 συγχαίρω,
3791 2597 3985 2667 τριπόο

2398 2683 2548 2753 θητε.
2617 2684 3061 2755 Περιεφρὸνησας
3108 2685 3268 2754 δόξης
3330 2686 3613 2754 ἐπιγείουο
3669 2690 3821 2741 εἵλου
3888 2691 3984 2742 σὺν

2398 2776 2620 2848 Χριστῷ
2649 2780 2716 2831 τὰ
2747 2778 2983 2831 ταπεινὰ
3017 2776 3109 2830 καὶ
3164 2778 3565 2848 ἐξουθενημένα
3590 2796 3606 2811 ο
3669 2781 3880 2851 μᾶλλον
3929 2782 3985 2834 δὲ

2401 2871 2579 2939 θλίψιν
2618 2871 2713 2925 καὶ
2742 2870 3131 2941 στενοχωρίαν,
3193 2870 3410 2939 πληγὰς
3433 2872 3529 2924 καὶ
3586 2872 3829 2943 ὲξορίας.
3898 2874 3985 2938 Ὧς

2404 2965 2650 3036 μακάριά
2681 2983 2774 3018 σου
2804 2966 2873 3017 τὰ
2902 2965 3154 3035 πρακτέα
3180 2966 3193 3018 l
3227 2965 3305 3028 ὼς
3339 2965 3524 3019 αίνετά
3550 2984 3644 3019 σου
3678 2967 3749 3020 τὰ
3801 2970 3986 3037 παθήο

2404 3061 2581 3131 μαται
2631 3058 2884 3129 Ἀνατολῇ
2916 3058 3009 3111 καὶ
3038 3058 3203 3111 Δύσει
3230 3060 3592 3129 διαϐοώμενα,
3626 3063 3686 3113 ὲν
3729 3061 3983 3132 οὐρανοῖς

709 3163 867 3218 caelis
912 3162 1214 3232 descripta,
1263 3161 1486 3230 angelos
1514 3160 1903 3226 exhilarantia,
1948 3157 2291 3213 confessores

2402 3152 2857 3221 ἀπογραφόμενα,
2894 3151 3164 3218 ἀγγέλους
3220 3151 3604 3222 εὐφραίνοντα,
3634 3153 3981 3223 ὀμολογητὰς

708 3272 774 3309 ac
821 3266 1091 3325 martyres
1121 3254 1475 3317 oblectantia,
1512 3254 1812 3317 daemones,
1834 3260 1887 3305 et
1917 3252 2002 3305 his
2029 3266 2195 3305 sensu
2226 3264 2291 3303 ac

706 3349 952 3404 moribus
1006 3348 1217 3403 similes
1266 3346 1688 3411 lconomachos,
1733 3344 2062 3415 pungentia!
2102 3341 2293 3398 Merito

707 3442 872 3512 igitur
900 3440 1001 3495 tibi
1034 3441 1301 3510 gratulor,
1349 3440 1607 3509 princeps
1634 3441 1878 3493 Patrum.
1924 3436 2029 3491 Sed
2075 3446 2198 3506 peto
2230 3445 2291 3491 ut

708 3549 807 3603 pro
837 3548 919 3587 me
944 3534 1109 3588 etiam
1152 3548 1276 3587 ores
1308 3533 1511 3586 misero
1549 3531 1933 3599 undequaque,
1970 3539 2030 3584 ut
2060 3546 2092 3585 a
2123 3529 2285 3585 vesti-

708 3622 815 3693 giis
846 3626 1043 3681 vestris
1080 3624 1463 3681 consectandis
1495 3639 1604 3677 non
1639 3623 1910 3678 aberrem.

1098 3822 1282 3877 LXXI.
1314 3851 1384 3861 —-
1407 3821 1703 3874 Naucratio
1732 3822 1867 3889 filio.

2399 3248 2491 3297 καὶ
2517 3245 2805 3315 μάρτυρας
2836 3243 3119 3313 ἠδύνοντα,
3148 3244 3440 3315 δαίμονας,
3458 3246 3555 3299 καὶ
3586 3248 3715 3309 τοὺς
3765 3249 3984 3311 τούτοις

2395 3339 2705 3409 ὁμόφρονας
2730 3356 2787 3391 τε
2818 3339 2913 3391 καὶ
2936 3340 3077 3408 δμοτ
3097 3339 3295 3408 ρὸπους
3328 3339 3737 3410 Είκονομαχους
3774 3342 3986 3406 στίζον-

2395 3431 2502 3484 ται
2539 3431 2777 3493 Εἰκότως
2839 3430 3055 3484 οὒνοσοι
3083 3431 3515 3501 συναγάλλοιιαι,
3590 3435 3981 3505 πρωτοπὰτορ.

2409 3520 2548 3578 Ἀλλ’
2574 3520 2712 3573 αἰτῶ
2735 3521 2948 3575 δέεσθαί
2974 3539 3033 3575 σε
3075 3522 3169 3575 καὶ
3206 3523 3335 3591 περὶ
3359 3523 3497 3593 ἐμοῦ
3520 3522 3615 3575 τοῦ
3635 3525 3781 3576 κατὰ
3804 3525 3980 3577 πάντα

2397 3614 2615 3686 οἰκτροῦ
2650 3632 2665 3645 ο
2710 3615 2786 3679 ὡς
2821 3615 2888 3670 ἂν
2920 3617 2995 3686 μὴ
3046 3618 3345 3670 ἀποπεσεῖν
3396 3634 3465 3686 με
3498 3617 3596 3686 τῆς
3662 3618 3786 3671 κατ’
3844 3620 3985 3689 ἴχνος

2404 3706 2558 3774 ὑμῶν
2580 3708 2995 3775 παραστάσεως.

2633 3824 2756 3876 OA'.
2792 3824 3228 3890 -Ναυκρατίφ
3254 3825 3463 3887 τέκνῳ.
3496 3822 3698 3898 [υπγκ]

708 3942 865 4009 Imple
889 3949 941 3993 et
962 3941 1237 3992 crudeliter
1258 3939 1318 3989 ab
1349 3938 1680 3989 lconomachis
1709 3945 1849 4001 gesta
1890 3941 2213 4047 exponungtx'
2235 3938 2663 4060 gﬁtbzdtirqrum
2690 3939 2739 3989 in
2775 3940 2835 3990 iis
2858 3939 3076 3990 ferendis
3100 3944 3380 3991 constantia
3434 3943 3751 4005 praedicatur.
3788 3944 3982 4009 (Barca.

2205 4034 2216 4047 .
2339 4037 2351 4058 ,
2433 4038 2445 4052 .
2509 4040 2517 4047 .

2205 4034 2216 4047 σ
2239 4034 2351 4058 v-1"
2394 4034 2445 4052 ιι.
2478 4034 2517 4049 Δ-

780 4090 968 4145 Serius
1008 4089 1076 4143 ad
1120 4096 1174 4142 te
1212 4086 1553 4155 scripsimus,
1604 4085 1800 4138 dilecte
1851 4084 1924 4138 illi
1962 4102 1975 4138 :
2040 4084 2131 4139 sed
2167 4084 2297 4152 quia

714 4184 897 4238 fervet
922 4183 1014 4237 hic
1042 4182 1207 4236 etiam
1246 4178 1578 4251 persecutio,
1618 4177 1807 4246 plagaz,
1839 4175 2077 4241 vincula,
2112 4191 2298 4231 carce-

710 4292 800 4329 res
834 4294 847 4329 :
878 4276 951 4327 ita
988 4273 1079 4328 ille
1107 4274 1201 4341 qui
1242 4287 1345 4325 nos
1370 4269 1597 4331 detinet,
1628 4269 1802 4338 Spirat
1834 4265 2080 4320 furorem
2106 4276 2161 4321 et
2189 4268 2298 4321 mi-

711 4384 830 4431 nas,
862 4376 916 4422 et
944 4366 1035 4421 hic
1065 4375 1162 4420 aut
1200 4366 1313 4420 illic
1341 4366 1594 4420 inventos
1632 4364 1751 4432 pios
1779 4362 2197 4430 comprehendit
2234 4376 2297 4416 ac

708 4462 947 4516 divexat.
1004 4458 1109 4525 Qui
1165 4458 1386 4527 quidem
1431 4457 1487 4511 in
1541 4458 1730 4510 urbem
1786 4454 2179 4522 proﬁciscens;
2221 4454 2294 4508 ibi

707 4554 854 4607 enim
913 4566 1061 4605 nunc
1114 4550 1260 4618 agit;
1317 4549 1500 4604 dicere
1548 4564 1655 4601 non
1711 4546 1985 4600 dubitavit
2028 4544 2293 4616 :Rogabo

708 4646 1114 4714 imperatorem,
1156 4652 1213 4696 ut
1252 4657 1467 4696 mecum
1492 4641 1688 4695 ducam
1713 4640 1924 4705 regium
1956 4639 2291 4702 ministrum,

706 4740 800 4807 qui
843 4744 938 4790 aut
965 4735 1144 4804 capite
1180 4735 1399 4804 penitus
1433 4734 1748 4797 obtruncet,
1799 4739 1892 4785 aut
1923 4731 2163 4800 linguam
2191 4731 2289 4786 ab—

707 4828 937 4883 scindat.
977 4826 1244 4896 Equidem
1286 4826 1473 4881 nescio
1514 4842 1581 4879 an
1634 4826 1799 4879 verba
1830 4825 1898 4880 ad
1930 4826 2136 4881 exitum
2164 4839 2293 4894 per-

706 4920 979 4975 venerint.
1011 4919 1094 4975 Ob
1129 4919 1270 4973 hanc
1309 4917 1530 4987 quidem
1561 4932 1787 4971 causam
1827 4932 1931 4972 nos
1960 4916 2146 4972 omnia
2175 4915 2289 4985 jam

706 5013 1108 5083 disposuimus,
1142 5011 1520 5081 conjecturam
1554 5026 1619 5064 ex
1647 5010 1757 5064 alio
1790 5011 1954 5065 etiam
1986 5010 2285 5078 capientes,

705 5104 945 5160 hominis
981 5104 1195 5162 scilicet
1242 5104 1598 5173 perversitate
1633 5111 1689 5156 et
1718 5116 1990 5157 concursu
2016 5101 2301 5169 episcopo-

704 5214 829 5253 rum
872 5216 887 5251 :
933 5196 1382 5267 quandoquidem
1441 5194 1662 5261 adsunt,
1706 5203 1767 5248 ut
1816 5193 2008 5259 fertur,
2046 5208 2157 5263 quo
2191 5192 2298 5247 tale

706 5288 917 5359 aliquid
966 5288 1299 5358 perﬁciatur.
1365 5286 1613 5340 Minister
1674 5298 1804 5340 vero
1836 5285 2033 5342 timore
2065 5294 2119 5339 et
2147 5293 2296 5338 metu

705 5380 996 5450 perculsus
1036 5381 1251 5451 (graves
1283 5380 1429 5435 enim
1464 5388 1623 5434 antea
1648 5378 1828 5433 minas
1857 5378 2153 5449 impiorum
2183 5378 2296 5433 dux

701 5476 1020 5535 intentarat,
1071 5482 1248 5528 morte
1295 5472 1577 5543 proposita
1628 5471 1674 5527 si
1710 5472 1795 5526 vel
1829 5471 2089 5526 levissimi
2125 5470 2295 5525 errati

700 5581 829 5621 reus
863 5566 1119 5621 inventus
1148 5567 1322 5622 esset)
1362 5566 1607 5620 chartam
1638 5572 1696 5619 et
1725 5572 2091 5618 atramentum
2129 5563 2288 5618 nobis

700 5657 832 5711 dare
857 5657 1085 5710 omnino
1118 5654 1518 5711 reformidavit.
1568 5655 1710 5709 Hinc
1750 5654 2000 5709 tarditas.
2033 5653 2284 5709 Accessit

699 5750 768 5805 ad
827 5750 1297 5822 impedimentum,
1357 5746 1506 5817 quod
1548 5746 1827 5803 audieram
1881 5757 1934 5802 te
1972 5762 2034 5803 ex
2064 5763 2286 5803 carcere

701 5843 955 5901 eductum
986 5859 1146 5899 esse:
1180 5841 1277 5899 sed
1323 5850 1373 5897 et
1426 5839 1775 5907 Sat-denseta,
1815 5840 1995 5912 qualis
2044 5855 2153 5899 non
2184 5842 2276 5900 de-

2485 4083 2817 4161 Ὧψίσθημεν
2864 4090 3168 4143 ἐπιστεῖλαί
3203 4108 3307 4157 σοι,
3336 4092 3530 4146 τέκνον
3574 4094 3937 4163 ἠγαπημένον
3964 4114 3979 4130 ο

2401 4181 2515 4233 ἀλλ’
2547 4184 2629 4236 ὅτι
2658 4184 2749 4235 καὶ
2776 4184 3010 4236 ἐνταῦθα
3038 4183 3277 4255 διωγμὸς
3306 4184 3467 4249 ζέων,
3503 4186 3739 4258 πληγαὶ,
3787 4192 3979 4262 δεσμὰ,

2402 4276 2643 4343 φυλακαί
2672 4294 2686 4308 ·
2736 4275 2883 4331 οὕτω
2908 4276 3003 4331 τοῦ
3032 4279 3356 4347 κατέχοντος
3381 4281 3533 4349 ἡμᾶς
3593 4282 3856 4346 πνέοντος
3893 4286 3984 4337 ϐυ-

2406 4366 2511 4435 μοῦ
2536 4368 2628 4419 καλ⁵
2651 4367 2905 4435 ἀπειλῆς,
2936 4369 3030 4420 καὶ
3063 4368 3192 4429 τοὺς
3218 4362 3320 4420 ἅβε
3378 4370 3603 4422 κάκεῖσε
3660 4372 3985 4442 εὑρισκομέ-

2403 4474 2527 4519 νους
2558 4458 2805 4520 εὐσεϐεῖς
2849 4458 3320 4527 συλλαμϐάνοντος
3378 4476 3439 4512 τε
3492 4462 3587 4515 καὶ
3637 4462 3977 4528 κολάζοντος.

2406 4550 2505 4611 Ὀς
2536 4566 2601 4616 γε
2635 4550 2728 4603 καὶ
2752 4550 3015 4620 ἀπαίρων
3041 4553 3099 4603 ὲν
3140 4550 3296 4608 ἄστει
3318 4566 3334 4581 ·
3359 4553 3547 4607 αὐτόθι
3580 4556 3691 4624 γὰρ
3727 4556 3824 4609 νῦν
3870 4561 3981 4611 δια-

2400 4642 2612 4710 τρίϐει·
2654 4641 2756 4694 οὐκ
2798 4641 3047 4711 ὤκνησεν
3106 4644 3304 4708 εἰπεῖν,
3357 4646 3552 4715 ὅτιπερ
3595 4646 3979 4719 Ἐξαιτήσομαι

2399 4735 2491 4788 τὸν
2518 4734 2765 4803 βασιλέα,
2800 4735 3079 4802 βασιλικὸν
3109 4738 3438 4803 συνεπᾶραι,
3494 4738 3576 4800 είς
3631 4738 3694 4791 τὸ
3767 4743 3981 4804 πάντως

2399 4827 2826 4896 ἀποκεφαλίσαι,
2852 4829 2885 4899 ἢ
2909 4830 3006 4882 καὶ
3034 4828 3515 4898 γλωσσοκοπῆσαι.
3535 4832 3649 4884 Οὐκ
3671 4828 3789 4885 οἶδα
3816 4835 3912 4904 μὲν
3935 4837 3979 4887 εξ

2397 4922 2426 4971 ό
2455 4920 2609 4987 λόγος
2640 4922 2718 4983 εἰς
2754 4920 2929 4989 πέρας
2961 4920 3126 4974 ἔλθοι.
3169 4920 3285 4990 Ἐφ’
3318 4913 3363 4989 ᾧ
3389 4922 3553 4992 ἡμεῖς
3595 4923 3694 4992 μὲν
3732 4924 3802 4978 τὰ
3857 4942 3977 4978 συν-

2396 5011 2670 5080 τακτήρια
2722 5010 2823 5081 ἤδη
2850 5010 3231 5082 ἐποιησάμεθα
3253 5027 3266 5042 ⁸
3307 5013 3402 5065 καὶ
3444 5013 3622 5077 ἄλλως
3648 5015 3974 5087 στοχαζόμε-

2399 5114 2482 5150 νοι
2507 5098 2571 5152 ἐκ
2610 5116 2669 5151 τε
2698 5101 2798 5171 τῆς
2828 5101 3163 5169 κακοηθείας
3210 5101 3307 5155 τοῦ
3335 5102 3550 5175 ἀνδρὸς,
3585 5106 3681 5157 nl.
3704 5107 3803 5175 τῆς
3854 5124 3975 5160 συν-

2396 5188 2606 5261 δρομῆς
2647 5190 2755 5243 τῶν
2793 5187 2981 5243 αὑτόοι
3011 5192 3331 5247 ἐπισκόπων
3357 5210 3372 5225 ο
3409 5196 3665 5266 ἐπείπερ,
3692 5195 3768 5260 ὣς
3822 5216 3969 5267 φασι,

2398 5284 2676 5352 πάρεισιν,
2703 5282 2785 5336 ὅτι
2817 5283 3060 5336 τοιοῦτόν
3122 5302 3176 5337 τι
3226 5286 3638 5357 ἀποτελεσθείη.
3677 5288 3737 5342 ’0
3768 5289 3828 5343 δὲ
3879 5292 3976 5347 ὑπ-

2392 5374 2597 5444 ηρέτης
2624 5372 2864 5443 ἔμφοϐος
2894 5375 2991 5427 καὶ
3021 5373 3285 5445 ἔντρομος
3310 5377 3600 5446 γενόμενος
3616 5394 3631 5409 ·
3654 5380 3886 5451 ἐπείπερ
3908 5378 3973 5454 ἦν

2390 5464 2489 5516 καὶ
2516 5463 3026 5534 πφαπειλούμενος
3060 5465 3265 5535 σφόδρα
3295 5466 3431 5536 πρὸς
3474 5465 3640 5518 αὑτοῦ
3670 5466 3767 5520 τοῦ
3811 5469 3968 5522 ἀσεϐ-

2398 5556 2589 5625 ἀρχου,
2622 5558 2671 5608 εί
2700 5554 2951 5627 εὑρεθείη
2997 5557 3101 5611 κᾶν
3138 5574 3193 5609 τι
3230 5558 3429 5629 μικρὸν
3468 5556 3743 5622 ὑπαίτιος.
3770 5561 3961 5631 μηκέτι

2397 5646 2497 5717 ζῇν
2524 5663 2538 5679 ⁸
2577 5647 2752 5701 ἔδεισε
2788 5649 3136 5702 παντάπασιν
3172 5648 3452 5702 ἐπιδοῦναι
3479 5650 3613 5719 ἡμῖν
3636 5650 3848 5722 χάρτην
3878 5653 3964 5705 καὶ

2400 5742 2591 5811 μέλαν.
2633 5740 2913 5795 Ἐντεῦθεν
2960 5741 2995 5810 ἠ
3027 5740 3324 5812 βραδυτής.
3361 5741 3594 5795 Ἔπειτα
3618 5744 3965 5812 προσεγένετο

2394 5838 2469 5901 εἰς
2497 5835 2751 5907 ἐμπόδιον
2784 5835 2878 5893 καὶ
2902 5835 3040 5902 ἀκοὴ
3073 5834 3299 5905 τοιαύτη
3333 5849 3346 5861 ·
3381 5835 3462 5888 ὅτι
3486 5850 3568 5888 τοι
3602 5834 3765 5899 αὐτὸς
3799 5835 3959 5906 ἐπήρ-
