4164 6502
166 447 308 513 1301

1378 438 1921 500 ΕΡΙΒΤΟΙΑΒΗΜ
1980 444 2126 505 LIB.
2183 445 2259 503 ΙΙ.

3326 438 3464 503 13Οὲ.

166 568 273 635 οης
315 564 411 632 τῆς
437 562 711 633 φυλακῆς·
750 559 863 614 ἀλλ’
891 561 971 613 ὅτι
1004 558 1099 612 καὶ
1132 557 1197 611 δι’
1232 555 1619 624 άνοσιουργίαν
1642 549 1762 603 τινὰ

1891 557 2200 625 iuiebalur,
2263 557 2335 613 ob
2392 556 2667 613 nefarium
2738 557 2962 627 aliquod
3015 556 3231 613 facinus
3288 559 3465 623 capite

166 661 199 712 ὁ
228 658 465 729 Σάρδης,
497 658 671 719 ποῖος,
700 655 799 724 οὐχ
830 652 1172 724 ὡρισμένως,
1190 645 1606 717 ἐκαρατομήθη.
1673 642 1768 707 Ἐξ

169 752 510 821 ἀμφοτέρων
539 744 636 803 οῦν
665 749 699 817 ὴ
735 747 1137 817 ὑποκράτησις.
1167 744 1361 813 ’Ὅμως
1414 742 1496 794 ὅτι
1528 736 1771 809 ἠξιώθη-

174 862 282 915 μεν
313 846 360 898 οἱ
385 843 635 897 ταπεινοὶ
655 842 749 895 καὶ
777 835 931 903 αὖθις
966 836 1127 911 ῥῆξαι
1154 837 1341 908 φωνὴν
1372 835 1453 897 είς
1515 834 1586 887 τά
1653 824 1772 884 ὦτά

176 958 299 1003 σου,
340 936 701 1008 γνωρίζοντες
733 952 814 989 σοι
843 935 926 988 ὅτι
957 931 1251 1006 ἐρρώμεθα
1303 928 1541 1001 σώματι,
1595 926 1682 996 εἴη
1714 925 1771 977 δὲ

174 1036 357 1087 εἰπεῖν
386 1032 478 1084 καὶ
504 1028 801 1099 πνεύματι,
841 1028 1029 1097 εὐχαῖς
1061 1022 1216 1095 ὑμῶν
1249 1020 1459 1090 ἁγίαις,
1514 1018 1615 1071 σὺν
1673 1012 1769 1070 τοῦ

178 1124 461 1197 μακαρίου
491 1141 593 1193 μου
641 1121 875 1192 Πατρός.

255 1219 395 1290 Πρὸς
435 1217 471 1271 δι
520 1216 577 1269 δὲ
610 1215 776 1279 αὐτὸς
816 1215 1119 1284 ἑσήμανας,
1152 1207 1393 1272 τίείπω,
1435 1205 1532 1260 καὶ
1573 1205 1625 1258 τί
1678 1202 1766 1257 λα-

174 1311 348 1382 λήσω,
384 1310 418 1380 ἢ
454 1310 536 1363 ὅτι
579 1307 722 1362 κατὰ
751 1307 808 1360 τὸ
846 1304 1083 1376 χαλεπὸν
1112 1303 1213 1372 τῆς
1240 1300 1510 1373 αἱρέσεως
1542 1297 1773 1351 ἀκόλου-

176 1405 273 1468 Θος
303 1404 445 1458 καὶὸ
475 1402 671 1473 πικρὸς
692 1400 937 1470 διωγμὸς
963 1398 1062 1463 ;Τί
1094 1397 1203 1467 γὰρ
1236 1394 1421 1467 βούλει
1455 1394 1611 1464 ὀρᾷν,
1635 1391 1772 1445 ἐπὰν

177 1498 209 1549 ὁ
228 1494 475 1567 ’Χριστὸς
504 1493 740 1565 ἤρνηται
770 1491 839 1545 δι’
869 1490 1084 1561 ὕϐρεως
1128 1489 1227 1560 τῆς
1255 1487 1420 1555 ἁγίας
1467 1483 1635 1539 αὑτοῦ
1696 1486 1774 1537 εί-

180 1590 338 1652 κόνος
361 1607 377 1657 ;
402 1589 537 1658 Οὐχὶ
566 1586 778 1657 αἵματα
816 1584 1143 1655 κενούμενα,
1175 1583 1269 1637 καὶ
1309 1580 1522 1653 σάρκας
1577 1594 1775 1649 τεμνο-

185 1682 393 1752 μένας;
432 1680 496 1733 ού
529 1680 741 1748 Θλίψεις
778 1678 873 1730 καὶ
904 1675 1269 1746 στενοχωρίας
1303 1692 1317 1740 ;
1358 1674 1419 1727 ού
1444 1673 1619 1744 δεσμά
1680 1669 1773 1724 καὶ

183 1773 456 1843 φυλακὰς,
482 1773 574 1825 καὶ
605 1769 772 1841 ἄλλην
803 1767 1067 1821 παντοίαν
1089 1766 1337 1820 κάκωσιν
1362 1783 1377 1829 ;
1437 1763 1561 1834 οὐχὶ
1582 1762 1772 1828 σκεύη

184 1866 372 1937 ὀργῆς
398 1862 848 1933 κατηρτισμένα
869 1864 956 1927 είς
988 1859 1317 1924 ἀπώλειαν,
1353 1852 1429 1911 ὧν
1459 1851 1539 1920 εἷς
1579 1854 1639 1908 ὃν
1694 1849 1773 1907 ε’ί-

805 1914 1022 2024 άδελίρὲ,
1042 1914 1323 2023 δεινότερα
1345 1990 1360 2017 ,
1402 1914 1543 2003 ἐπάν
1577 1964 1776 2019 μακρο·

184 2055 352 2124 χρονῇ
385 2054 418 2123 ἡ
446 2052 676 2122 αἵρεσις.
725 2048 916 2103 Ἀλλὰ
944 2046 1225 2118 μακάριοι
1254 2049 1309 2099 ol
1343 2043 1772 2113 ὑπομένοντες

185 2148 276 2200 ὅτι
303 2144 504 2201 αὐτῶν
534 2145 711 2198 ἐστιν
734 2145 771 2211 ἡ
808 2142 1103 2208 βασιλεία
1138 2139 1259 2193 τῶν
1282 2137 1580 2207 οὐρανῶν.
1633 2135 1775 2204 Ἤδη

183 2242 236 2295 oi.
260 2244 413 2311 χοροὶ
433 2240 543 2292 τῶν
573 2238 950 2308 ὁμολογητῶν,
985 2235 1096 2289 τῶν
1138 2232 1458 2304 μαρτύρων,
1515 2228 1776 2298 ἀγάλλον-

183 2352 301 2399 ται,
336 2331 723 2403 εὐφραίνονται
747 2346 761 2360 ⁸
786 2328 882 2394 οὓς
916 2329 1015 2400 μὲν
1042 2328 1130 2383 διὰ
1156 2326 1393 2381 Θανάτου
1423 2324 1602 2379 αίσίου
1648 2324 1781 2375 ὑπο-

185 2425 473 2496 δεχόμενοι
503 2442 517 2456 σ
554 2422 650 2486 οὒς
680 2422 737 2475 δὲ
768 2421 1156 2490 ἐπαλείφοντες
1191 2420 1448 2490 ἀοράτως
1477 2419 1599 2480 ταῖς
1659 2417 1781 2468 ἐπι-

191 2517 444 2588 σκέψεσι.
482 2515 595 2569 Καὶ
626 2514 679 2567 τί
711 2515 858 2581 λέγω
899 2513 1221 2584 μάρτυραςς
1271 2511 1436 2574 αὐτὸς
1486 2508 1723 2579 Χριστὸς
1753 2504 1782 2560 ό

195 2607 667 2682 μαρτυρούμενος,
694 2609 903 2677 χαίρων
924 2623 982 2659 τε
1015 2604 1110 2658 καὶ
1154 2601 1442 2657 συναθλῶν
1487 2604 1637 2655 ἐστιν
1700 2601 1783 2653 ἑνὶ

191 2705 409 2773 ἑκάστῳ
458 2703 568 2755 τῶν
605 2699 1037 2770 ὁμολογούντων.
1073 2699 1137 2752 El
1163 2699 1239 2770 μὴ
1272 2698 1384 2768 γὰρ
1419 2695 1617 2762 οὕτως,
1681 2695 1783 2748 οὐκ

191 2798 258 2852 ἂν
290 2796 487 2867 ἔφερον
509 2795 559 2847 οἱ
590 2793 849 2864 φέροντες
875 2793 945 2847 τὰ
971 2793 1218 2865 παρόντα
1244 2790 1515 2861 γενναίως
1533 2805 1549 2819 ⁶
1591 2788 1693 2842 οὐκ
1716 2787 1783 2841 ἂν

193 2889 289 2943 καὶ
318 2891 572 2957 γυναῖκες
604 2885 916 2959 ἠνδρίζοντο
940 2886 1085 2940 κατὰ
1132 2882 1231 2947 τὰς
1263 2882 1433 2937 πάλαι
1452 2880 1615 2950 ἁγίας
1645 2896 1657 2909 '
1682 2880 1785 2931 οὑκ

194 2982 262 3034 ἂν
301 2980 397 3034 καὶ
426 2979 606 3033 λαῖκο)⁵
640 2980 734 3032 καὶ
761 2977 1119 3049 συγκλητικοὶ
1147 2975 1447 3030 άπεδύοντο
1473 2975 1611 3045 πρὸς
1655 2974 1785 3037 τοὺς

194 3072 411 3141 ἀγῶνας
442 3086 458 3100 ⁸
489 3072 591 3125 οὐκ
622 3072 688 3124 ἂν
718 3072 812 3125 καὶ
840 3070 1003 3141 κόραι
1042 3068 1415 3138 κατεφρόνουν
1441 3066 1625 3136 ὅψεως
1678 3065 1783 3136 ἀρ-

194 3165 369 3237 ῥενων
401 3162 743 3220 ἀσεϐούντων
765 3178 780 3193 ⁸
813 3162 913 3216 οὐκ
936 3162 1002 3215 ἂν
1027 3161 1339 3214 ἐδείκνυντο
1370 3151 1653 3229 πανταχοῦ
1691 3158 1785 3229 δη-

195 3257 380 3331 μόσιοι
411 3256 676 3327 φυλακαὶ,
722 3255 816 3308 καὶ
851 3253 1189 3326 ἐπληροῦντο
1218 3251 1437 3323 ἔρημοι,
1464 3251 1567 3323 ὅρη
1594 3267 1655 3303 τε
1686 3250 1783 3303 καὶ
1811 3279 1854 3335 C

190 3350 366 3405 νάπαι
402 3354 497 3403 καὶ
538 3347 804 3419 σπήλαια,
835 3347 945 3401 τῶν
997 3344 1087 3399 διὰ
1126 3344 1334 3415 Κύριον
1369 3343 1786 3413 πεφυγαδευμέ-

191 3461 304 3500 νων
322 3460 337 3474 °
363 3444 465 3497 οὐκ
489 3443 556 3496 ἂν
580 3441 914 3495 ἐκωδωνεῖτο
938 3441 972 3511 ἡ
998 3438 1091 3493 ὑπ’
1117 3437 1376 3509 οὐρανὸν,
1406 3436 1560 3500 τέλος
1588 3438 1784 3490 είπείν.

194 3539 364 3591 Ὥστε
397 3535 747 3589 πιστεύονται
776 3532 1025 3605 ἐναργῶς
1051 3534 1135 3586 ὅτι
1161 3531 1403 3601 Χριστὸς
1449 3530 1742 3597 δεδίωκται
1769 3544 1783 3557 '

192 3633 337 3685 ὥστε
357 3628 639 3683 ἐλπιστέον
670 3625 807 3697 όμοῦ
834 3627 927 3681 καὶ
954 3624 1360 3697 προθυμητέον,
1390 3623 1471 3676 ὅτι
1495 3622 1659 3678 eicere
1682 3623 1790 3685 πᾶς

194 3738 284 3785 τις
320 3724 377 3775 ὲν
405 3718 643 3791 ἀληθεία
674 3720 948 3773 πιστεύων
981 3720 1093 3772 πᾶν
1124 3718 1307 3770 ὁτιοῦν
1344 3715 1672 3770 κολαστικὸν
1702 3733 1792 3785 με·

195 3815 267 3869 τὰ
281 3812 515 3886 Χριστοῦ
540 3813 633 3865 καὶ
664 3813 762 3865 σὺν
796 3809 1039 3881 Χριστῷ.
1056 3808 1296 3864 Τοιαῦτα
1319 3810 1387 3863 τὰ
1429 3810 1681 3879 ἡμέτερα
1706 3808 1787 3861 δι-

196 3909 481 3978 ηγήματα.
504 3902 976 3958 Ἀκουσὰτωσαν
1003 3900 1214 3970 πραεῖς
1244 3900 1346 3955 καὶ
1379 3898 1792 3970 εὐφρανθήτω-

198 4016 347 4054 σαν.
393 3997 669 4050 ’Λκουέτω
717 3994 980 4066 ’Λνατολὴ
1027 3996 1125 4049 καὶ
1165 3993 1328 4058 Δύσις
1367 3992 1437 4047 τά
1481 3995 1539 4045 ὲν
1578 3993 1789 4056 Βυζαν-

198 4092 325 4163 τίῳ,
356 4092 450 4145 καὶ
471 4090 712 4145 αἰνείτω.
745 4088 936 4143 Ὅπου
988 4088 1372 4142 ἐπλεόνασεν
1431 4086 1469 4154 ἡ
1508 4085 1787 4155 ἁμαρτία,

199 4185 803 4254 ὑπερεπερίσσευσεν
830 4184 869 4252 ἠ
902 4181 1099 4253 χάρις.
1128 4177 1256 4235 Ὧδε
1288 4181 1543 4245 ἔνστασις
1572 4179 1795 4251 ἀθλητι-

201 4278 276 4340 κή
297 4269 425 4330 ’ὦδε
444 4271 586 4346 αἷμα
614 4278 697 4347 ῥεῖ
727 4276 889 4346 ἄρδον
904 4276 1005 4347 τὴν
1037 4272 1368 4345 Ἐκκλησίαν
1384 4272 1622 4344 Χριστοῦ
1652 4271 1794 4339 ὑπὲρ

202 4370 296 4435 τὸν
319 4368 587 4439 ποτισμδν
617 4365 709 4420 τοῦ
746 4369 805 4421 ὲν
850 4367 1013 4436 Ἐδὲμ
1034 4366 1389 4437 παραδείσου.
1416 4364 1508 4418 Ζῶ
1532 4363 1667 4435 ἐγὼ,
1698 4364 1797 4419 λέ-

204 4478 295 4531 γει
329 4462 568 4528 Κύριος,
606 4460 743 4514 ἀλλ’
783 4460 820 4529 ἢ
850 4460 993 4527 τοὺς
1021 4459 1385 4525 δοξάζον-τάς
1405 4476 1483 4529 με
1510 4458 1752 4525 δοξάσω
1777 4474 1790 4488 ·

205 4550 306 4605 καὶ
339 4546 371 4604 δ
403 4550 743 4614 ἐξουθενῶν
787 4568 865 4621 με
910 4550 1413 4619 ἀτιμασθήσεται.
1465 4551 1789 4621 Ἀπόγραφε

1874 650 2088 719 plexum
2120 650 2313 706 fuisse.
2348 650 2591 721 Utraque
2622 650 2789 722 igitur
2817 665 2884 706 cx
2911 665 3078 706 causa
3118 648 3459 707 distulimus.

1874 743 2182 802 llumilibus
2216 755 2398 802 tamen
2438 746 2599 801 nobis
2632 760 2963 801 concessum
3003 752 3110 809 est,
3146 754 3206 799 ut
3237 744 3467 800 auribus

1873 841 1985 896 tuis
2017 856 2121 895 vox
2158 852 2351 895 nostra
2389 842 2867 907 rursuminsonet,
2896 839 3216 911 signiﬁcans
3235 838 3333 895 tibi
3368 854 3468 895 nos

1873 946 2104 1001 corpore
2141 930 2365 995 valere;
2392 931 2576 986 dicere
2603 940 2787 986 autem
2822 930 3006 998 liceat,
3041 930 3211 985 etiam
3244 928 3465 999 spiritu,

1874 1024 2083 1080 sanctis
2107 1025 2367 1096 precibus
2397 1025 2597 1082 vestris
2630 1041 2757 1081 cum
2783 1026 2944 1081 beato
2970 1040 3095 1082 meo
3124 1024 3309 1095 Patre.

1947 1205 2028 1262 Ad
2065 1221 2130 1263 ea
2165 1224 2294 1264 vero
2323 1224 2449 1280 qua:
2498 1207 2778 1274 indicasti,
2813 1209 2946 1281 quid
2974 1209 3177 1275 dicam,
3217 1218 3311 1274 aut
3338 1211 3467 1280 quid

1875 1300 2101 1383 loquar,
2158 1300 2267 1355 nisi
2328 1300 2479 1371 quod
2530 1300 2807 1356 haereseos
2878 1299 3152 1356 atrocitati
3205 1310 3471 1372 congruat

1875 1393 2150 1449 acerbitas
2200 1393 2656 1463 persecutionis?
2701 1392 2842 1459 Quid
2898 1393 3044 1447 enim
3094 1393 3281 1448 videre
3312 1394 3470 1454 Velis.

1876 1487 2094 1555 quando
2121 1484 2376 1542 Christus
2404 1497 2637 1557 negatur
2690 1501 2788 1556 per
2837 1494 3043 1541 saneta:
3070 1485 3328 1556 imaginis
3360 1503 3473 1543 sua:

1876 1578 2313 1633 contumeliam?
2367 1578 2564 1632 Annon
2615 1574 2895 1633 ﬂuentem
2938 1581 3289 1649 sanguinem,
3345 1596 3467 1637 car-

1879 1687 2085 1741 nesque
2109 1672 2409 1726 concisas?
2435 1687 2543 1726 non
2571 1670 2898 1726 alﬂictiones
2923 1680 2975 1726 et
3001 1672 3332 1743 angustias?
3365 1691 3470 1728 non

1878 1769 2097 1823 vincula
2144 1779 2202 1823 ct
2249 1784 2522 1832 carceres,
2575 1777 2629 1823 et
2670 1768 2809 1824 alias
2841 1769 3027 1824 omnis
3062 1770 3279 1840 generis
3308 1786 3473 1825 vexa-

1882 1861 2104 1915 tiones?
2133 1876 2240 1915 non
2278 1878 2407 1916 rasa
2442 1863 2538 1916 ira:
2566 1873 2876 1930 preparato
2922 1862 2979 1916 in
3015 1862 3283 1917 interitum
3311 1864 3380 1931 “,
3409 1880 3476 1919 ex

1884 1955 2090 2024 quibus
2137 1971 2281 2009 unus
2322 1966 2406 2010 est
2453 1972 2615 2025 quem
2659 1956 2889 2009 dixisti?
2917 1954 2982 2009 Et
3023 1954 3254 2017 videbis.
3288 1955 3473 2022 frater,

1884 2047 2051 2101 etiam
2090 2048 2366 2118 graviora,
2402 2049 2448 2103 si
2474 2049 2687 2105 diutius
2730 2049 2891 2103 duret
2914 2048 3162 2103 haeresis.
3204 2046 3309 2103 Sed
3339 2051 3476 2103 beati

1884 2141 1975 2211 qui
2035 2143 2320 2205 sustinent,
2352 2143 2605 2213 quoniam
2658 2145 2892 2213 ipsorum
2949 2151 3027 2196 est
3075 2158 3289 2212 regnum
3323 2142 3477 2196 cwlo-

1888 2234 2090 2287 rum".
2148 2232 2269 2288 Jam
2328 2235 2486 2289 chori
2515 2233 2927 2299 confessorum,
2961 2245 3263 2305 martyrum
3292 2235 3477 2290 exsul-

1890 2336 2030 2396 tant,
2098 2328 2377 2394 laetantur,
2427 2328 2567 2383 alios
2598 2329 2820 2399 quidem
2867 2344 2968 2401 per
2998 2327 3293 2398 legitimam
3330 2342 3477 2382 mor-

1891 2428 1998 2471 tem
2048 2418 2437 2488 suseipientes,
2479 2420 2618 2475 alios
2654 2418 3007 2473 invisibiliter
3039 2417 3391 2473 consolantes
3422 2430 3477 2473 et

1889 2510 2301 2566 conlirmantes.
2367 2512 2436 2566 Et
2493 2511 2625 2582 quid
2678 2521 2949 2583 martyres
3002 2509 3172 2565 dico?
3228 2510 3480 2566 Christus

1892 2603 2030 2673 ipse,
2056 2619 2219 2673 quem
2267 2612 2542 2676 martyres
2593 2604 2951 2670 conﬁtentur,
2999 2603 3241 2674 gaudens
3287 2616 3341 2659 et
3373 2621 3483 2658 una

1890 2706 2110 2751 certans
2162 2696 2317 2752 adest
2371 2697 2667 2769 unicuique
2731 2698 3132 2753 conﬁtentium.
3177 2697 3291 2752 Nisi
3335 2697 3479 2753 enim

1891 2787 1965 2841 ita
1994 2802 2081 2843 res
2104 2796 2271 2851 esset,
2303 2788 2729 2858 haudquaquam
2752 2788 3059 2858 perferrent
3081 2788 3172 2858 qui
3196 2789 3481 2858 praesentia

1892 2891 2113 2936 strenue
2139 2881 2423 2952 perferunt
2452 2902 2465 2938 :
2502 2884 2932 2954 haudquaquam
2974 2883 3235 2938 mulieres
3264 2882 3475 2936 virilem

1891 2972 2135 3027 animum
2170 2989 2420 3043 gererent
2442 2975 2508 3030 ad
2540 2974 2852 3044 exemplum
2884 2974 3239 3043 antiquarum
3269 2981 3485 3028 sancta-

1892 3081 2013 3120 rum
2047 3084 2062 3121 :
2104 3068 2536 3139 haudquaquam
2595 3079 2649 3125 et
2686 3068 2813 3125 laici
2854 3080 2911 3125 et
2944 3077 3228 3125 senatores
3253 3068 3317 3122 ad
3353 3083 3482 3137 ago-

1893 3175 1989 3215 nes
2016 3161 2335 3229 prosilireut
2370 3178 2384 3216 :
2439 3162 2865 3234 haudquaquam
2899 3162 3095 3233 puellae
3132 3162 3265 3233 ipsa
3292 3162 3484 3231 impio-

1891 3267 2012 3305 rum
2064 3252 2301 3307 marium
2355 3265 2639 3324 aspectum
2693 3263 3153 3310 contemnerent:
3205 3251 3482 3322 haudqua-

1891 3360 2053 3414 quam
2103 3347 2523 3401 ostenderentur
2554 3347 2755 3415 ubique
2788 3346 3017 3417 publica:
3052 3346 3349 3411 custodiat;
3386 3358 3485 3399 nec

1889 3435 2105 3491 referta:
2154 3445 2343 3491 essent
2399 3438 2727 3493 solitudines
2780 3449 2835 3493 et
2897 3447 3115 3493 montes
3163 3446 3216 3492 et
3248 3436 3396 3491 silva:
3431 3444 3485 3490 et

1891 3528 2169 3598 speluncae
2196 3529 2265 3584 iis
2294 3530 2386 3599 qui
2419 3542 2640 3600 propter
2662 3529 2954 3584 Dominum
2982 3531 3143 3598 ejecti
3176 3538 3303 3585 sunt
3336 3546 3350 3583 :
3376 3544 3483 3582 nun

1891 3620 2149 3691 denique,
2178 3631 2239 3675 ut
2266 3622 2613 3687 concludam,
2635 3625 2890 3677 universa
2909 3632 3295 3678 concuteretur
3317 3632 3483 3677 terra.

1893 3714 2077 3779 Quare
2123 3714 2421 3770 manifesto
2450 3716 2683 3770 credunt
2720 3718 3160 3785 persecutionem
3189 3718 3301 3788 pati
3322 3716 3484 3772 Chri—

1897 3817 2045 3862 stum
2073 3827 2086 3875 ;
2123 3809 2570 3880 sperandumqne
2603 3810 2773 3865 simul
2802 3821 2858 3865 et
2886 3812 3198 3866 audendum
3228 3831 3241 3867 :
3272 3823 3329 3866 ut
3357 3826 3488 3887 sup;

1895 3900 2059 3971 plicia
2090 3902 2298 3971 quaevis
2328 3902 2382 3955 in
2424 3902 2657 3957 veritate
2687 3903 2942 3970 credens,
2986 3919 3113 3958 cum
3148 3903 3387 3966 Christo,
3430 3913 3485 3958 et

1895 3995 2187 4064 adiuvante
2248 3994 2495 4060 Christo,
2549 3996 2782 4066 quisque
2831 3998 3123 4053 sustineat.
3184 3996 3309 4051 Haec
3357 4007 3487 4050 sunt

1896 4103 2019 4157 quae
2077 4103 2389 4143 narramus.
2449 4089 2688 4144 Audiant
2742 4092 3008 4145 mansueti
3064 4100 3115 4145 et
3153 4089 3483 4145 lwtentur“.

1896 4179 2098 4233 Audiat
2143 4178 2339 4235 Oriens
2365 4191 2419 4235 et
2448 4178 2719 4237 Occidens
2742 4197 2803 4236 ea
2848 4198 2970 4253 quae
2996 4183 3138 4252 apud
3166 4182 3487 4253 Byzantium

1900 4273 2058 4339 fiunt,
2106 4283 2160 4329 et
2214 4275 2431 4329 laudem
2495 4276 2662 4330 dicat.
2734 4273 2837 4329 Ubi
2881 4277 3176 4331 abundavit
3215 4275 3494 4341 delictum,

1898 4368 2352 4440 superabundavit
2376 4370 2639 4439 gratia”.
2683 4369 2784 4425 Hic
2804 4370 3049 4441 pugilum
3077 4380 3372 4434 certamen,
3404 4368 3490 4421 hie

1901 4464 2127 4535 sanguis
2150 4463 2269 4517 ﬂuit
2294 4464 2599 4520 Ecclesiam
2628 4462 2834 4518 Christi
2859 4464 3047 4532 rigans
3074 4464 3297 4519 uberius
3324 4476 3487 4532 quam

1902 4556 2196 4625 paradisus
2228 4555 2397 4610 Edem
2435 4556 2789 4625 irrigabatur.
2891 4554 3014 4610 Vivo
3041 4572 3157 4623 ego,
3214 4554 3344 4609 dicit
3381 4552 3486 4605 Do-

206 4642 306 4698 καὶ
335 4644 399 4695 σὺ
426 4643 577 4705 ὅστις
598 4642 665 4694 ἂν
696 4642 815 4713 εἴης
842 4643 1022 4712 ζηλῶν
1051 4642 1130 4713 τῷ
1188 4643 1401 4713 Κυρίῳ,
1430 4643 1500 4696 τὰ
1538 4645 1789 4715 νεουργὰ,

1910 4649 2105 4713 minus,
2137 4649 2386 4718 quoniam
2413 4646 2775 4717 gloriﬁcantes
2808 4663 2889 4700 me
2917 4646 3226 4717 glori/icabo
3265 4659 3285 4699 :
3326 4653 3374 4699 et
3399 4643 3489 4713 qui

211 4731 419 4806 μάλλον
450 4733 507 4785 δὲ
536 4733 796 4804 Οεουργὰ,
831 4735 1115 4806 μαρτύρια
1146 4750 1159 4762 ’
1191 4733 1268 4797 ὡς
1308 4735 1376 4787 ἂν
1396 4735 1589 4787 εἰδεῖεν
1618 4737 1668 4787 οί
1701 4753 1795 4805 με·-

207 4826 619 4896 ταγενέστεροι.
650 4827 732 4878 ὅτι
761 4828 788 4878 ὁ
815 4826 945 4889 Θεὸς
976 4826 1148 4888 ὅντως
1206 4828 1265 4879 ὲν
1323 4828 1455 4897 ἡμῖν
1494 4828 1610 4880 ἐστι
1642 4843 1656 4857 ·
1706 4828 1798 4880 καὶ

207 4918 276 4989 ζῇ
316 4917 378 4970 τὸ
427 4919 650 4988 σπέρμα
685 4916 795 4970 τῶν
845 4918 1112 4971 δικαίων·
1170 4919 1264 4971 καὶ
1307 4919 1676 4989 Χριστοφορεῖ
1735 4920 1797 4971 τὸ

210 5009 452 5081 χρυσοῦν
477 5012 634 5079 γένος
666 5010 773 5063 τῶν
802 5010 1099 5081 μαρτύρων
1126 5026 1139 5040 ’
1173 5005 1244 5065 οὗ
1276 5011 1463 5064 πύλαι
1518 5010 1669 5078 ᾅδου
1722 5012 1795 5065 οὐ

209 5102 570 5172 κατίσχυσαν,
598 5101 723 5156 οὔτε
738 5104 1177 5172 κατισχύσειαν
1196 5120 1209 5132 ·
1238 5102 1313 5166 ὡς
1326 5106 1361 5174 ἡ
1386 5104 1681 5175 ὑπόσχεσις
1699 5105 1795 5158 τοῦ

210 5193 503 5264 ἀψευδοῦς.
538 5194 815 5263 Σκληρόν
835 5212 956 5259 σοι,
989 5196 1144 5265 φησι,
1164 5198 1315 5263 πρὸς
1345 5195 1560 5266 κέντρα
1582 5200 1794 5253 λακτί-

210 5282 351 5350 ζειν,
380 5284 478 5338 καὶ
507 5285 739 5349 ἀλλοίως
807 5288 908 5340 οὐκ
977 5286 1144 5339 ἔστιν.
1214 5286 1357 5355 Ἐγὼ
1415 5288 1515 5357 μὲν
1547 5290 1576 5341 ὁ
1625 5289 1795 5351 τάλας

211 5377 386 5431 ταῦτα
415 5378 745 5449 προσφωνῶ.
787 5380 859 5433 Σὺ
886 5380 964 5444 δὲ,
993 5376 1037 5431 ὦ
1062 5380 1162 5431 παῖ
1216 5379 1350 5448 ίερὲ,
1404 5379 1667 5433 ἀντιδίδου
1701 5398 1794 5449 μοι

209 5471 313 5534 τὰς
333 5470 520 5542 εὐχάς.
562 5471 845 5526 ’Ἄσπασαι
879 5475 1004 5535 τοὺς
1039 5471 1485 5542 ωνομολογητάς
1545 5491 1640 5525 σου
1675 5476 1795 5529 κατ’

210 5563 385 5633 ὄνομα
410 5565 506 5618 καὶ
538 5564 907 5637 συμμαθητάς
932 5582 946 5596 ·
987 5567 1083 5619 καὶ
1112 5566 1171 5618 οὐ
1209 5564 1373 5635 μόνον
1412 5565 1623 5631 τούσδε,
1676 5566 1793 5619 ἀλλ’

211 5656 265 5708 εί
300 5656 530 5726 φθάζεις
559 5659 653 5710 καὶ
678 5658 806 5720 τοὺς
832 5658 1030 5722 ἄλλους
1070 5659 1317 5723 ἅπαντας
1341 5659 1468 5721 τοὺς
1501 5659 1793 5723 ἐκλεκτοὺς

212 5748 310 5803 τοῦ
346 5750 484 5804 Θεοῦ
507 5767 522 5783 ο
554 5751 680 5813 τοὺς
697 5752 1181 5823 ἑκλελογισμένους
1206 5753 1313 5807 ἀπὸ
1331 5751 1606 5823 μυριάδων
1631 5768 1643 5781 α
1675 5754 1800 5815 τοὺς

289 5885 333 5913 ⁸⁸
378 5884 535 5939 Rom.
571 5900 647 5942 ιιι.
676 5886 765 5939 εει.
844 5887 892 5918 ³⁵
918 5886 1106 5942 Μοιιιι.
1146 5904 1195 5954 v,
1228 5890 1309 5942 l0.
1388 5888 1431 5917 ¹’⁶
1469 5885 1608 5940 Psal.
1657 5901 1845 5953 χλλιιι,
1881 5887 1929 5943 3.

220 5954 309 6010 l8.
380 5957 395 5987 ‘
429 5960 550 6011 Act.
578 5972 728 6025 nrt,
757 5956 847 6010 24.

1902 4757 1983 4795 me
2038 4740 2258 4808 spernit,
2286 4739 2388 4792 erit
2437 4740 2700 4809 inglorius
2719 4737 2788 4794 ’⁸.
2843 4738 3103 4794 Describe
3132 4747 3186 4793 et
3218 4746 3297 4807 tu,
3334 4738 3489 4806 quis—

1904 4830 2030 4898 quis
2084 4845 2145 4885 es
2176 4830 2354 4884 zelum
2391 4828 2607 4884 Domini
2658 4828 2890 4894 habens,
2940 4844 3103 4893 nova,
3161 4843 3261 4882 seu
3307 4826 3488 4896 potius

1905 4922 2092 4977 divina
2126 4920 2387 4993 martyria
2420 4939 2433 4974 :
2473 4932 2532 4976 ut
2565 4921 2745 4975 sciant
2773 4920 3000 4992 posteri,
3025 4921 3156 4994 quia
3190 4919 3334 4975 Deus
3361 4932 3489 4972 vere

1902 5013 1959 5066 in
1986 5013 2146 5068 nobis
2174 5025 2279 5078 est,
2315 5012 2558 5081 vivitque
2588 5026 2774 5065 semen
2793 5016 3091 5081 justorum,
3123 5020 3178 5065 et
3208 5010 3493 5066 Christum

1901 5106 2039 5175 gerit
2070 5120 2301 5160 aureum
2334 5120 2507 5178 genus
2540 5113 2862 5175 martyrum,
2907 5103 3169 5158 adversus
3193 5101 3334 5174 quod
3361 5118 3488 5170 por-

1906 5209 1973 5252 ta:
2029 5199 2189 5267 inleri
2236 5214 2339 5252 non
2396 5198 2894 5268 praevalucrunt":
2950 5211 3048 5250 nec
3106 5194 3489 5265 prwvulelmnt,

1900 5292 2362 5360 quemadmodum
2410 5291 2663 5361 promisit
2686 5291 2780 5360 qui
2814 5304 2979 5343 verax
3008 5296 3113 5343 est.
3145 5287 3352 5342 Durum
3382 5297 3489 5351 est,

1900 5383 2101 5450 inquit,
2136 5384 2234 5437 tibi
2283 5394 2471 5437 contra
2520 5381 2795 5436 stimulum
2849 5379 3203 5443 calcitrare‘,
3233 5388 3287 5434 et
3334 5379 3493 5433 aliter

1902 5490 2027 5530 esse
2054 5476 2266 5544 nequit.
2312 5474 2421 5546 Ego
2446 5476 2668 5545 quidem
2700 5474 2886 5529 infelix
2925 5473 3039 5528 haec
3065 5473 3211 5529 dico.
3238 5472 3322 5529 Tu
3339 5488 3489 5535 vero.

1907 5579 2065 5618 sacer
2132 5566 2225 5626 liii.
2281 5566 2515 5635 repende
2569 5564 2701 5618 mihi
2754 5574 2877 5619 tuas
2915 5579 3129 5635 preces.
3163 5565 3353 5620 Saluta
3388 5582 3490 5620 no-

1907 5658 2159 5712 minatim
2212 5658 2557 5713 conlcssores
2600 5658 2692 5726 qui
2735 5669 2912 5712 tecum
2960 5665 3110 5723 sunt,
3140 5668 3194 5714 et
3221 5657 3494 5713 condisci-

1913 5751 2114 5824 pulos;
2174 5766 2350 5819 neque
2390 5751 2487 5804 hos
2539 5758 2772 5816 tantum,
2809 5750 2903 5805 sed
2937 5751 2983 5805 si
3021 5752 3228 5822 possis.
3272 5764 3327 5807 ct
3355 5753 3490 5808 alios

2012 5888 2049 5918 ³⁷
2092 5885 2251 5939 Hom.
2294 5901 2338 5945 ν,
2365 5880 2451 5937 ’20.
2533 5879 2577 5911 ""
2611 5879 2627 5934 Ι
2670 5880 2800 5951 Ιὶιιξι.
2829 5897 2890 5951 ιι,
2923 5883 2991 5938 50
3090 5884 3344 5939 “Matth.
3382 5899 3491 5941 ΧΠ)
