4164 6470
694 389 833 457 1303

1895 401 1956 459 S.
1998 400 2396 463 TIIEODORI
2438 400 2789 464 STUDIT/E

3864 413 4006 478 1308

684 524 879 564 omnes
941 508 1148 566 electos
1206 511 1321 576 Dei,
1378 511 1584 567 electos
1633 526 1700 566 ex
1760 512 2024 579 millibus,
2081 515 2288 569 lumina

2397 518 2457 571 ὲν
2490 519 2682 587 κόσμῳ
2711 519 3032 591 φωστῆρας.
3058 522 3127 576 τὰ
3160 522 3334 595 σκεύη
3359 524 3452 580 τοῦ
3478 524 3691 590 ἐλέους,
3711 528 3845 592 τοῦς
3868 547 4002 601 χρηο

682 603 901 665 nmndi,
954 619 1086 659 vasa
1118 604 1536 670 misericordiae,
1574 606 1682 660 Deo
1724 606 1910 672 utiles,
1941 606 2294 664 desideratus

683 696 986 754 Triuitati:
1034 716 1273 770 quorum
1334 700 1590 769 precibus
1636 700 1917 755 salvemur
1955 710 2011 756 et
2068 716 2171 755 nos
2212 702 2297 756 in-

681 790 856 863 digni.
910 792 990 850 Te
1028 811 1153 849 cum
1236 794 1495 849 ouiuihus
1542 793 1746 848 salutat
1802 794 1896 865 qui
1936 812 2148 851 mecum
2189 804 2295 853 est.

1046 906 1262 963 LXXII.
1294 940 1365 951 —-
1395 907 1626 964 Nicolao
1650 908 1768 979 ﬁlio
1792 913 1879 980 (').

2400 612 2593 680 σίμους
2631 612 2773 685 θεῷ,
2806 616 2932 679 τοὺς
2961 618 3190 686 ἑφετοῦς
3240 622 3309 690 τῇ
3368 621 3604 693 Τριάδι·
3669 615 3749 676 ὧν
3808 624 4007 693 εὐχαῖς

2399 705 2707 776 σωθείημεν
2729 707 2825 761 καὶ
2856 709 3019 779 ἡμεῖς
3051 711 3101 765 οἱ
3123 710 3360 780 ἀνάξιοι.
3394 715 3464 769 Σὲ
3505 718 3607 771 σὺν
3646 720 3788 773 πᾶσι
3822 718 3922 772 καὶ
3978 719 4008 772 6

2400 798 2501 852 σῦν
2527 799 2653 870 ἐμοὶ
2684 800 3015 865 ἀσπάζεται.

2720 918 2839 972 OB'.
2860 949 2927 959 —
2945 920 3225 989 Νικολάῳ
3244 922 3453 992 τέκνῳ.
3477 922 3670 999 [υπε’.]

684 1047 761 1097 De
798 1048 984 1095 sanctis
1015 1046 2373 1130 iui-agip‘ib-us‘.‘goatuol:geniera‘argumeutorum!pro
2394 1054 2632 1130 catholica
2680 1057 2744 1105 de
2788 1054 3088 1130 imaginibus
3113 1059 3344 1130 doctrina
3364 1082 3376 1112 :
3400 1062 3583 1130 Natura
3609 1066 3845 1130 corporis
3872 1083 3885 1118 :
3912 1069 4005 1120 Ili-

1067 1111 1222 1158 storia
1251 1126 1262 1159 :
1297 1111 1477 1161 Patres
1506 1126 1517 1159 :
1546 1113 1755 1172 Synodi.
1794 1111 1999 1161 Frustra
2021 1111 2335 1163 adversarios
2358 1127 2651 1180 argumenta
2678 1111 2968 1170 eorumdém
3016 1136 3265 1185 generum
3301 1111 3601 1178 obtendere.

751 1212 1209 1284 Quandoquidem
1244 1233 1412 1273 nosse
1464 1234 1620 1280 aves.
1678 1217 1905 1275 Nicolae
1942 1218 2135 1284 frater,
2167 1222 2295 1292 qui-

681 1306 786 1361 hus
825 1317 1065 1377 quatuor
1109 1313 1451 1380 argumentis
1480 1312 1628 1367 circa
1669 1312 2038 1368 venerandam
2079 1313 2292 1369 Christi

683 1400 976 1471 imaginem
1012 1402 1214 1458 veritas
1245 1406 1607 1460 conﬁrmetur
1639 1424 1653 1462 :
1686 1407 1769 1462 sic
1794 1408 2015 1472 habeto,
2057 1409 2287 1479 physico

679 1494 956 1561 dogmate,
1015 1504 1198 1549 vetere
1250 1495 1507 1563 historia.
1554 1508 1877 1556 sanctorum
1910 1500 2161 1565 vocibus,
2194 1515 2287 1571 sy-

680 1584 877 1640 nodica
910 1586 1332 1644 acclamatione.

2481 1225 2705 1297 Ὲπειδὴ
2765 1228 3155 1297 φιλοπευστεῖς
3197 1234 3417 1303 μαθεῖν,
3474 1234 3672 1305 ἀδελφὶ
3728 1236 4001 1292 Νικόλαε,

2397 1318 2505 1373 ἀπ’)
2535 1320 2705 1374 ποίων
2739 1323 3031 1394 τεσσάρων
3052 1324 3366 1379 ὑποθέσεων
3396 1327 3429 1397 ὴ
3464 1330 3596 1399 περὶ
3647 1332 3752 1401 τὴν
3789 1333 4005 1402 σεπτὴν

2395 1414 2580 1467 είκόνα
2610 1415 2853 1486 Χριστοῦ
2910 1416 3143 1488 ἀλήθεια
3200 1420 3572 1492 κρατύνεται·
3631 1425 3839 1488 ἰστέον,
3891 1427 4004 1480 ἀπὸ

2394 1508 2630 1577 φυσικοῦ
2652 1509 2925 1581 δόγματος
2948 1526 2964 1541 ·
2999 1513 3108 1567 ἀπὸ
3136 1514 3371 1585 ἀρχαίας
3397 1517 3641 1587 ἱστορίας
3674 1535 3690 1549 ’
3722 1520 3839 1574 ἀπὸ
3884 1540 4002 1592 φω-

2392 1600 2499 1652 νῶν
2536 1602 2712 1671 ἁγίων
2732 1618 2747 1632 °
2778 1603 2889 1656 ἀπὸ
2920 1605 3213 1676 συνοδικῆς
3247 1610 3611 1680 ἐκφωνήσεως

750 1678 1042 1745 Quomodo
1098 1680 1331 1752 physico
1373 1680 1675 1753 dogmate?
1711 1682 1987 1751 Quoniam
2038 1694 2152 1740 nzec
2192 1701 2287 1740 na-

2464 1693 2589 1755 Πῶς
2622 1694 2731 1749 ἀπὸ
2757 1696 2993 1765 φυσικοῦ
3062 1698 3376 1770 δόγματοςς
3438 1678 3562 1757 ’ίοτι
3624 1702 3767 1776 αῦτη
3831 1706 4002 1775 φύσις

680 1779 805 1825 tura
847 1782 932 1827 est
977 1773 1233 1841 corporis
1264 1781 1325 1827 ut
1358 1781 1571 1829 tactum
1612 1783 1669 1829 et
1698 1776 1941 1830 colorem
1970 1775 2231 1829 admittat
2271 1793 2286 1829 :

680 1861 829 1931 quod
887 1877 1016 1917 vero
1078 1871 1286 1917 tactum
1335 1873 1392 1918 et
1428 1866 1672 1921 colorem
1702 1866 1965 1931 admittit,
2001 1866 2145 1921 idem
2178 1869 2290 1921 eir-

680 1951 1008 2017 eumscribi,
1048 1951 1152 2007 hoc
1181 1961 1285 2019 est,
1317 1954 1370 2007 in
1412 1954 1587 2027 elligie
1615 1956 1879 2011 delineari
1908 1967 2112 2027 potest.
2159 1957 2293 2013 Tale

681 2056 864 2101 autem
919 2062 1120 2118 corpus
1171 2056 1254 2103 est
1303 2048 1531 2113 Christi,
1585 2051 2047 2120 quemadmodum
2098 2061 2152 2106 et
2189 2068 2290 2106 uo-

681 2150 884 2203 strum,
939 2141 1335 2196 contrectabile
1379 2155 1434 2197 et
1490 2143 1823 2197 coloratum.
1869 2144 1950 2200 Ac
1985 2160 2118 2199 sane
2158 2144 2295 2199 scri-

680 2243 836 2304 ptum
869 2242 953 2288 est
985 2252 999 2288 :
1043 2233 1112 2287 Et
1144 2236 1446 2306 quicunque
1472 2237 1761 2307 tetigerunt
1800 2252 1952 2303 eum,
1995 2238 2132 2291 salvi
2159 2238 2292 2307 [acti

680 2328 870 2382 suut'.
925 2326 989 2381 Et
1020 2326 1152 2381 alibi
1194 2345 1209 2381 :
1244 2325 1315 2380 Et
1372 2329 1522 2397 facta
1574 2338 1652 2383 est
1710 2330 1910 2397 species
1954 2330 2132 2383 vultur
2174 2329 2289 2399 ejus

682 2419 913 2475 altera'.
966 2419 1157 2491 Itaque
1188 2419 1509 2492 depingitur
1546 2423 1851 2477 secundum
1898 2424 2148 2492 corporis
2178 2422 2291 2477 for-

680 2528 828 2567 mam
863 2530 875 2567 :
927 2513 1094 2568 ill:esa
1128 2512 1348 2567 interim
1381 2514 1596 2568 ratione
1638 2514 2131 2585 incircumscripti,
2166 2532 2292 2586 qua:

679 2601 928 2671 ejusdem
956 2602 1230 2657 divinitati
1255 2604 1516 2673 competit
1552 2621 1567 2658 :
1621 2604 2071 2675 quandoquidem
2108 2620 2292 2675 neque

680 2708 821 2762 ego.
876 2692 1003 2747 licet
1053 2705 1287 2761 corpore
1342 2692 1829 2762 circumscriptus,
1878 2692 2197 2747 necessario
2237 2701 2293 2744 et

683 2785 989 2839 secundum
1044 2784 1315 2847 animum,
1372 2785 1470 2854 qui
1524 2785 1677 2840 cerui
1720 2784 1896 2840 oculis
1933 2786 2144 2855 nequit.
2175 2785 2287 2838 cir-

684 2875 1061 2946 cumscriptus
1106 2892 1231 2932 sum
1277 2894 1294 2932 :
1342 2892 1561 2948 neque,
1619 2878 1885 2947 quoniam
1934 2891 2137 2944 corpus
2169 2876 2294 2947 qui-

681 2971 805 3026 dem
842 2985 1025 3024 uteum
1051 2970 1536 3041 circumscriptum
1582 2981 1669 3025 est
1694 3008 1709 3032 .
1741 2970 1961 3024 animus
2000 2977 2181 3021 autem
2212 2968 2289 3020 iu-

682 3067 1185 3137 circumscriptus:
1244 3080 1393 3121 unus
1449 3064 1506 3119 in
1573 3064 1714 3120 duos
1763 3064 1978 3119 divisus
2031 3071 2136 3117 est.
2197 3052 2360 3115 SicC

684 3160 861 3215 multo
893 3161 1070 3231 magis
1100 3174 1201 3213 nec
1224 3157 1482 3213 Christus
1515 3157 1865 3227 partitionem
1892 3156 2291 3211 divisionctnve

694 3260 927 3332 patitur,
957 3273 1024 3313 co
1056 3257 1202 3328 quod
1236 3256 1513 3326 corporali
1545 3254 1720 3310 forma
1750 3254 2085 3326 depingitur.

753 3352 1042 3419 Quomodo
1078 3351 1149 3405 ab
1186 3349 1417 3404 historia
1450 3347 1677 3403 vetere?
1702 3346 1977 3413 Quoniam
2010 3345 2303 3401 universus

683 3445 833 3504 orbis
876 3444 945 3499 ab
989 3444 1113 3515 ipso
1155 3443 1363 3499 Christi
1405 3457 1641 3497 ascensu
1687 3441 2057 3498 venerandam
2122 3440 2301 3511 ipsius

2397 1785 2651 1855 σώματος
2700 1788 2814 1860 ἀφῇ
2853 1790 2948 1843 καὶ
2993 1793 3155 1863 χροιᾷ
3184 1792 3517 1849 ὑποπίπτει·
3552 1796 3616 1850 τὸ
3648 1796 3696 1850 δ’
3727 1800 3847 1871 ἀφῇ
3903 1803 4001 1856 καὶ

2395 1881 2555 1951 χροιᾷ
2583 1880 2917 1950 ὑποπίπτον,
2952 1887 3337 1956 περιγραπτόν
3366 1904 3380 1919 ·
3429 1890 3600 1961 ἧγουν
3657 1891 3999 1959 ὲξεικονιζόο

2398 1990 2581 2041 μενον.
2616 1973 2875 2029 Τοιοῦτον
2902 1975 2962 2030 δὲ
2988 1977 3052 2030 τὸ
3075 1978 3239 2051 σῶμα
3273 1979 3367 2033 τοῦ
3400 1982 3669 2053 Χριστοῦ,
3733 1986 3999 2059 καθάπερ

2396 2066 2492 2159 καὶ
2523 2067 2583 2120 τὸ
2612 2068 2906 2140 ἡμέτερον,
2939 2070 3115 2125 ἁπτὸν
3179 2073 3273 2126 καὶ
3314 2073 3627 2159 ὑπόχροιον.
3698 2078 3818 2132 Καὶ
3865 2081 4000 2150 γοῦν

2394 2158 2727 2231 γέγραπται·
2758 2161 2866 2217 Kal
2898 2161 3035 2217 ὅσοι
3066 2164 3143 2218 ἂν
3170 2158 3434 2233 ἥπτοντο
3461 2168 3997 2235 αὑτοῦ,ὲσώζόντο.

2398 2251 2508 2303 Καὶ
2538 2250 2766 2323 ἑτέρωθι
2788 2252 2931 2308 ’Καί
2955 2253 3197 2324 ἐγένετο
3230 2255 3295 2311 τὸ
3329 2253 3492 2324 εἶδος
3520 2261 3631 2315 τοῦ
3657 2266 4000 2331 προσώπου

2394 2343 2585 2398 αὑτοῦ
2606 2343 2835 2411 ἕτερον.
2899 2346 3113 2401 Οὐκοῦν
3173 2350 3513 2421 ἔγγράφεται
3564 2355 3709 2407 κατά
3772 2357 3871 2409 τὸν
3902 2357 3998 2411 τοῦ

2399 2434 2653 2504 σώματος
2682 2438 3012 2509 χαρακτῆρα
3039 2456 3054 2471 ·
3084 2440 3257 2511 μηδὲν
3294 2444 3584 2509 πεπονθὼς
3617 2448 3700 2510 είς
3729 2448 3792 2501 τὸ
3860 2450 3999 2503 ἀπε-

2398 2528 2703 2599 ρίγραπτον
2734 2528 2904 2582 αὑτοῦ
2944 2531 3046 2600 τῆς
3087 2531 3346 2603 θεότητος
3376 2552 3388 2564 ·
3415 2535 3498 2588 ὅτι
3537 2538 3677 2608 μηδὲ
3718 2538 3836 2606 ἐγὼ
3886 2542 3999 2594 σώ-

2400 2638 2532 2690 ματι
2566 2624 3078 2694 περιγραφόμενος,
3130 2624 3191 2692 ἐξ
3242 2627 3491 2697 ἀνάγκης
3558 2631 3654 2683 καὶ
3707 2633 3860 2685 κατά
3895 2636 3997 2705 τὴν

2396 2712 2626 2767 ἀθέατον
2710 2713 2890 2786 ψυχὴν
2952 2719 3564 2792 συμπεριγέγραμμαιο
3628 2722 3770 2789 οὐδὲ,
3804 2728 3998 2800 ἐπειδὴ

2396 2807 2458 2859 τὸ
2516 2806 2616 2877 μὲν
2694 2808 2857 2879 σῶμά
2960 2827 3063 2880 μου
3132 2814 3514 2885 περιγραπτὺν
3548 2855 3565 2882 ,
3612 2817 3647 2887 ἡ
3732 2818 3789 2871 δὲ
3848 2819 3997 2891 ψυχὴ

2396 2900 2835 2970 ἀπερίγραπτος·
2870 2903 2899 2955 6
2930 2898 3011 2967 εἷς
3073 2904 3155 2968 εἰς
3198 2904 3293 2958 δύο
3317 2907 3608 2979 τέτμηται.
3629 2908 3792 2965 Οῦτω
3815 2912 4000 2984 πολλῷ

2402 2990 2603 3061 μᾶλλον
2634 2992 2758 3045 οὑδὲ
2790 2994 3026 3065 Χριστὸς
3050 2997 3281 3069 τομὴνῆ
3303 2998 3571 3071 διαίρεσιν
3588 3001 3888 3071 ὑφίσταται
3910 3005 3998 3059 διὰ

2394 3084 2454 3137 τδ
2484 3084 2912 3149 ὲξεικονίζεσθαι
2945 3089 3112 3143 αὑτὸν
3168 3092 3471 3163 σωματικῷ
3525 3099 3867 3168 χαρακτῆρι.

2479 3355 2603 3419 Πῶς
2628 3356 2736 3409 ἀπὸ
2770 3359 3006 3430 ἀρχαίας
3036 3360 3320 3431 ίστορίας;
3358 3362 3483 3415 ὀτι
3541 3364 3574 3435 ἡ
3625 3364 3719 3418 ὑπ’
3764 3367 3997 3439 οὑρανδν

2404 3446 2499 3498 ἀπ’
2524 3446 2698 3516 αὑτῆς
2723 3448 3051 3519 ἀναλήψεως
3083 3450 3348 3519 Χριστοῦ,
3403 3451 3503 3522 τὴν
3561 3455 3773 3525 σεπτὴν
3824 3460 3993 3515 αὑτοῦ

686 3538 980 3609 imaginem
1013 3538 1067 3591 in
1100 3536 1275 3593 sacris
1306 3536 1526 3607 templis
1566 3535 1843 3606 depictam
1897 3536 2142 3590 exhibet.
2180 3530 2293 3599 Quo

2402 3538 2590 3591 εἰκόνα
2624 3539 2683 3591 ὲν
2708 3542 2822 3604 τοῖς
2850 3542 3019 3611 ίεροῖς
3050 3545 3203 3606 ναοῖς
3260 3544 3729 3617 ὲγγεγραμμένην
3776 3549 3999 3605 ὑποδεί-

687 3632 812 3699 quid
845 3646 966 3686 esse
986 3631 1161 3700 possit
1205 3629 1271 3684 ad
1302 3628 1786 3684 demonstrandam
1843 3629 2126 3683 veritatem
2174 3627 2299 3681 illu-

688 3723 898 3777 strius?
939 3722 1211 3792 siquidem
1238 3729 1322 3777 est
1341 3736 1428 3775 res
1446 3720 1562 3791 ipsa
1584 3720 1754 3775 multo
1787 3736 1953 3791 quam
1980 3722 2160 3775 oratio
2180 3735 2301 3775 cer-

688 3817 794 3867 tior
820 3856 836 3882 ,
876 3814 1312 3884 locupletiorque
1341 3813 1496 3869 testis
1515 3814 1665 3868 visus
1697 3824 1784 3869 est
1822 3829 1989 3883 quam
2053 3814 2296 3871 auditus.

760 3906 1050 3972 Quomodo
1082 3922 1111 3961 a
1140 3917 1461 3960 sanctorum
1490 3906 1757 3961 vocibus?
1786 3904 2060 3973 Quoniam
2088 3905 2294 3961 alicubi

689 4013 820 4054 sane
853 3998 1176 4068 coryphzeus
1210 3997 1590 4067 apostolorum
1638 3994 1838 4051 Petrus
1870 3996 1947 4050 ait
1979 4015 1993 4051 :
2038 4015 2056 4048 ι
2105 3994 2297 4051 Profer

690 4091 988 4160 imaginem
1028 4090 1246 4145 Domini
1288 4090 1462 4145 nostri
1503 4088 1633 4145 Jesu
1676 4089 1909 4154 Christi,
1950 4099 2007 4143 et
2039 4088 2291 4142 eamdem

693 4181 938 4251 insculpe
1000 4182 1053 4236 in
1106 4182 1368 4236 turricula
1395 4199 1411 4235 :
1444 4189 1503 4235 ut
1548 4180 1855 4251 intelligant
1887 4181 2076 4251 populi
2107 4195 2279 4250 quam

686 4270 788 4327 Dei
817 4272 990 4328 Filius
1042 4272 1280 4327 formam
1339 4272 1765 4342 assumpserit‘.
1811 4291 1829 4323 ι
1904 4272 2119 4327 Alicubi
2156 4287 2287 4326 vero

690 4381 927 4436 magnus
982 4365 1221 4422 Basilius
1259 4366 1435 4420 dicit:
1486 4384 1506 4417 ι
1546 4364 1887 4436 Depingatur
1938 4366 1991 4419 iu
2026 4365 2210 4419 tabula
2240 4374 2295 4419 et

691 4458 1061 4512 certaminum
1110 4472 1314 4527 przeses
1345 4457 1660 4512 Christus'.
1701 4476 1720 4509 ι
1772 4458 1985 4525 Quibus
2042 4456 2293 4511 videlicet

691 4566 881 4605 omnes
934 4550 1110 4604 sancti
1148 4549 1526 4604 consentiunt.

761 4640 1052 4710 Quomodo
1097 4657 1129 4696 a
1187 4641 1444 4713 synodica
1512 4640 1951 4696 acclamatione?
2019 4642 2289 4709 Quoniam

691 4749 813 4805 quae
834 4743 961 4804 post
990 4744 1199 4789 sextam
1226 4733 1624 4789 mcumenicam
1669 4734 1936 4805 synodum
1966 4742 2291 4804 congregata

692 4837 795 4891 est,
831 4827 946 4881 haec
984 4827 1147 4881 habet
1180 4843 1195 4881 :
1234 4847 1252 4876 ‹
1288 4824 1553 4882 Jubemus
1570 4826 1853 4896 deinceps,
1888 4827 2009 4879 loco
2038 4826 2162 4893 agni
2198 4841 2292 4880 ve-

696 4923 846 4984 teris,
901 4919 1038 4989 erigi
1094 4919 1392 4989 imaginem
1438 4918 1657 4974 Domini
1682 4935 1747 4974 ac
1782 4919 2092 4973 Servatoris
2118 4918 2292 4973 nostri

692 5012 817 5067 Jesu
855 5012 1059 5068 Christi
1078 5014 1122 5068 '.

801 5105 861 5161 Si
892 5121 1022 5161 vero
1068 5105 1310 5160 dixerint
1339 5114 1395 5162 et
1432 5103 1800 5170 lconomachi,
1836 5104 2029 5161 iisdem
2055 5115 2294 5175 quatuor

694 5197 1027 5267 argumentis
1051 5211 1211 5251 suum
1259 5196 1502 5265 ipsorum
1551 5196 1749 5265 dogma
1806 5195 2068 5262 stabiliri;
2106 5205 2293 5250 osten-

694 5290 845 5355 dant,
909 5289 1147 5358 exempli
1234 5290 1429 5359 gratia,
1484 5288 1538 5341 in
1601 5288 1783 5358 primo
1836 5304 2021 5342 causa!
2062 5288 2239 5358 capite
2274 5329 2289 5353 ,

695 5382 1155 5451 quemadmodum
1190 5382 1240 5435 id
1275 5397 1463 5436 verum
1514 5382 1605 5437 sit.
1669 5383 1751 5435 An
1802 5397 2005 5451 corpus
2055 5384 2164 5437 tale
2196 5383 2287 5437 di-

694 5483 829 5530 cunt
856 5476 1014 5544 quale
1056 5476 1261 5531 veritas
1289 5475 1558 5540 exhibuit,
1614 5476 1840 5529 annon?
1881 5476 1936 5529 Si
1998 5478 2278 5531 enimvero

2403 3648 2611 3688 κνυσιν.
2640 3628 2715 3688 Ob
2743 3634 2797 3687 τί
2821 3634 2888 3688 ἀν
2920 3636 3133 3704 γένοιτο
3146 3637 3227 3699 είς
3252 3637 3528 3705 ἀπόδειξιν
3549 3638 3813 3710 ἀληθείας
3836 3645 3996 3716 εναρ-

2399 3724 2702 3795 γέστερον;
2739 3725 2902 3799 εἴπερ
2927 3727 3089 3798 ἔργον
3114 3728 3275 3797 λόγου
3312 3728 3697 3803 βεὸαιότερον,
3741 3736 3839 3789 καὶ
3892 3738 3993 3808 όφ-

2400 3819 2607 3890 θαλμδς
2636 3822 2851 3892 μάρτυς
2874 3822 3044 3893 ἀκοῆς
3072 3821 3548 3895 ἀξιοπιστότερος.

2476 3914 2597 3978 Πῶς
2630 3915 2740 3969 ἀπὸ
2769 3915 2964 3984 φωνῶν
2988 3915 3159 3984 ἀγίων
3185 3916 3348 3983 ςὈτι
3373 3917 3479 3971 ποῦ
3510 3918 3612 3988 μὲν
3635 3918 3666 3971 6
3692 3925 3996 3991 κορυφαῖος

2396 4005 2507 4057 τῶν
2548 4006 2866 4059 ἀποστόλων
2927 4006 3137 4075 Πέτρος
3188 4005 3379 4076 λέγει·
3445 4026 3465 4060 ι
3512 4006 3838 4078 Ἐξένεγκον
3894 4014 3994 4079 τὴν

2397 4099 2586 4151 είκόνα
2618 4098 2714 4151 τοῦ
2746 4099 2954 4171 Κυρίου
2989 4098 3149 4171 ἡμῶν
3192 4097 3366 4168 Ἰησοῦ
3399 4100 3660 4170 Χριστοῦ,
3701 4104 3801 4155 καὶ
3842 4105 3995 4158 ἐντύ-

2396 4205 2583 4243 πωσον
2607 4190 2781 4260 αὑτὴν
2816 4191 2875 4241 ὲν
2896 4189 2975 4259 τῷ
3032 4190 3333 4262 πυργίσκῳ
3355 4205 3371 4220 ·
3404 4191 3494 4244 ἵνα
3526 4191 3709 4244 ίδωσιν
3764 4195 3816 4246 oi
3874 4194 3994 4249 λαοὶ

2396 4280 2517 4333 οἵαν
2549 4280 2767 4350 μορφὴν
2793 4279 3056 4333 ἀνέλαϐεν
3084 4284 3113 4334 6
3137 4281 3266 4345 Υίδς
3290 4280 3387 4335 τοῦ
3422 4281 3585 4335 Θεοῦ’
3621 4301 3643 4334 ι
3693 4283 3802 4338 ποῦ
3857 4286 3916 4339 δὲ
3963 4290 3992 4340 6

2400 4372 2575 4441 μέγας
2612 4369 2891 4435 Βασίλειος
2916 4371 3116 4439 φάσκει
3150 4388 3165 4403 ν
3196 4391 3215 4424 ι
3264 4372 3662 4443 Ἐγγραφέσθω
3690 4374 3771 4445 τῷ
3798 4376 3990 4432 πίνακι

2396 4464 2493 4517 καὶ
2522 4464 2551 4515 ὁ
2577 4460 2687 4514 τῶν
2718 4461 3121 4532 παλαισμάτων
3146 4461 3497 4531 ἀγωνοθέτης
3521 4462 3781 4531 Χριστός.
3824 4483 3843 4516 ι
3897 4461 3991 4531 Οἷς

2399 4553 2864 4624 συνομοφρονοῦσι
2885 4552 3085 4626 δηλαδὴ
3101 4554 3301 4618 πάντες
3327 4555 3376 4607 οί
3398 4553 3567 4623 ἅγιοι.

2472 4645 2593 4709 Πῶς
2621 4644 2731 4699 ἀπὸ
2764 4645 3048 4715 συνοδικῆς
3080 4646 3444 4716 ἑκφωνήσεως
3466 4660 3482 4712 ;
3502 4646 3625 4700 Ὀτι
3653 4648 3689 4718 ἡ
3722 4648 3868 4718 μετά
3893 4648 3990 4721 τὴν

2396 4737 2566 4807 ἕκτην
2606 4737 2998 4809 οἰκουμενικὴν
3065 4737 3286 4792 σύνοδον
3332 4738 3815 4809 συναθροισθεῖσα.
3864 4742 3985 4795 τάδε

2397 4831 2591 4903 φησίν⁸
2635 4850 2654 4881 ι
2700 4830 2989 4903 ὀρίζομεν
3011 4832 3188 4885 τοίνυν
3213 4830 3325 4885 ἀπὸ
3346 4829 3439 4884 τοῦ
3466 4832 3585 4895 νῦν,
3611 4833 3734 4885 ἀντὶ
3763 4834 3861 4887 τοῦ
3885 4853 3987 4889 πα-

2396 4922 2550 4977 λαιοῦ
2576 4922 2775 4994 ἀμνοῦ,
2809 4923 3251 4995 ἀναστηλοῦσθαι
3278 4923 3377 4994 τὴν
3436 4924 3627 4977 εἰκόνα
3648 4923 3747 4978 τοῦ
3776 4927 3983 4998 Κυρίου

2398 5013 2492 5069 καὶ
2544 5012 2803 5085 Σωτῆρος
2834 5013 2996 5086 ἡμῶν
3033 5012 3211 5085 Ἰησοῦ
3240 5012 3504 5085 Χριστοῦ.

2470 5106 2533 5158 El
2561 5106 2619 5158 δὲ
2651 5104 2864 5175 λέγοιεν
2888 5107 2985 5161 καὶ
3020 5107 3069 5160 οἱ
3094 5106 3455 5177 Είκονομάχοι
3495 5106 3615 5169 ταῖς
3638 5105 3838 5168 αὑταῖς
3862 5107 3983 5161 τέσ-

2397 5214 2593 5267 σαρσιν
2622 5196 2917 5252 ὑποθέσεσι
2958 5199 3021 5253 τὸ
3065 5198 3276 5253 ἑαυτῶν
3314 5198 3608 5268 κρατύνειν
3636 5197 3837 5271 δόγμα*
3875 5199 3984 5253 δει-

2396 5290 2645 5355 ξάτωσαν
2664 5284 2777 5344 οἷον
2806 5291 2901 5344 ἐπὶ
2924 5291 3019 5344 τοῦ
3051 5290 3271 5363 πρώτου
3293 5287 3611 5360 κεφαλαίου,
3637 5290 3789 5354 ὅπως
3805 5290 3979 5346 τοῦτο.

2395 5384 2633 5454 Πότερον
2692 5380 2855 5453 σῶμα
2881 5382 3128 5437 τοιοῦτον
3158 5382 3412 5451 λέγουσιν
3460 5374 3574 5435 οἷον
3622 5381 3905 5449 ὑπέδειξεν
3943 5385 3977 5455 ἡ

2392 5474 2643 5545 ἀλήθεια,
2688 5474 2809 5545 ἥοῦ
2833 5492 2848 5541 ;
2871 5476 2935 5529 Ei
2971 5474 3073 5546 μὲν
3100 5474 3367 5539 τοιοῦτον,
3401 5472 3497 5527 καὶ
3530 5472 3608 5543 μὴ
3642 5471 3976 5544 βουλόμενα,

695 5566 836 5632 tale;
872 5567 953 5621 vel
981 5567 1135 5621 inviti
1166 5564 1574 5621 conﬁtebuntur
1600 5566 1817 5636 depiugi
1866 5564 2169 5621 Christum.
2217 5566 2276 5621 Si

2397 5565 2917 5636 συνομολογήσουσιν
2971 5561 3397 5632 ὲξεικονίζεσθαι
3439 5562 3698 5634 Χριστόν.
3740 5562 3805 5617 El
3834 5563 3891 5618 δὲ
3920 5564 3977 5619 οὐ

765 5750 785 5778 ¹
810 5744 1004 5798 Matth.
1037 5761 1148 5808 xw,
1178 5745 1270 5799 56.
1370 5745 1391 5777 ³
1431 5742 1565 5799 Luc.
1627 5761 1705 5807 Ix,
1757 5744 1847 5798 29.

693 5823 891 5875 curat.
921 5824 973 5867 tu
1008 5814 1064 5868 S.
1091 5815 1367 5873 llorlaam.
1446 5819 1465 5849 ‘
1508 5818 1711 5889 Synod.
1745 5814 1917 5870 'l‘rull.
1941 5830 2059 5870 can.
2088 5813 2175 5869 82.

805 5914 869 5981 Γ)
902 5910 1244 5979 Dogmatiea.

1961 5743 1979 5774 ⁸
2012 5743 2067 5797 In
2090 5742 2235 5821 fita
2289 5744 2348 5801 S.
2409 5742 2709 5812 Pancratii,
2743 5743 2889 5821 apud
2950 5740 3296 5809 Bollandutn,
3348 5755 3539 5799 mense
3585 5741 3780 5814 Aprili,
3816 5743 3901 5800 die
3922 5743 3971 5799 ὅ.
