4164 6502
275 441 422 505 13θὸ

1479 443 2018 505 EPISTOLARUM
2081 445 2234 511 LIB.
2266 449 2351 509 II.

3413 447 3551 516 1306

269 558 541 615 τοιοῦτονο
597 557 925 629 λειπόμενόν
976 557 1094 611 ἐστι
1143 557 1366 622 πάντως
1433 559 1617 628 λέγειν
1674 560 1835 614 αὐτοῦ

1937 588 1951 624 ι
1979 578 2108 618 vero
2139 564 2249 619 tale
2276 580 2384 620 non
2413 574 2498 620 est
2530 583 2544 631 ;
2580 564 2852 638 reliquum
2898 567 3127 621 omnino
3154 577 3239 622 est
3266 575 3324 620 nt
3369 568 3557 624 dicant

268 655 484 725 ἀναφές
528 669 589 706 τε
637 651 736 706 καὶ
788 650 1034 722 ἄχροιον·
1071 649 1279 705 τούτων
1309 651 1418 723 γὰρ
1472 653 1638 723 μέσον
1680 653 1855 707 οὐδέν·

264 753 348 804 ὡς
368 750 488 804 οὐδὲ
518 747 706 803 ὲνύλου
740 748 834 802 καὶ
862 748 1051 814 ἀΰλου,
1077 750 1360 821 ὁρωμένου
1379 765 1437 802 τε
1469 747 1566 803 καί
1595 750 1855 822 ἀοράτου.

266 845 347 898 Τὸ
363 845 416 897 δὲ
441 841 685 896 τοιοῦτον
711 842 1065 911 ἀνειληφέναι
1095 843 1189 897 τὸν
1210 840 1450 914 Χριστὸν
1471 842 1633 913 σῶμα
1651 842 1855 911 λέγειν,

265 935 615 1005 Μανιχαίων,
671 934 895 1004 δοκήσει
944 936 1042 989 καὶ
1085 936 1370 1008 ’φαντασίᾳ
1417 937 1518 1007 τὴν
1586 937 1857 1008 σωτήριον

264 1030 511 1098 Χριστοῦ
541 1030 853 1101 οἰκονομίαν
880 1029 1307 1100 φληναφούντων
1329 1029 1685 1100 γεγενῆσθαι.
1729 1030 1855 1084 Ἐπὶ

261 1124 363 1177 τοῦ
392 1123 648 1193 δευτέρου
675 1167 690 1187 ,
740 1123 847 1177 κᾶν
876 1124 1032 1176 αὐτοὶ
1064 1123 1313 1177 σιωπῶσι
1359 1124 1460 1194 τὴν
1493 1122 1774 1193 ἀλήθειαν,
1804 1125 1854 1177 οἱ

261 1215 405 1269 λίθοι
436 1215 831 1286 κεκράξονται,
866 1216 970 1288 τὴν
1000 1216 1091 1285 ὑφ’
1119 1216 1255 1286 ἡλίῳ
1288 1218 1355 1286 τῇ
1407 1216 1577 1270 εἰκόνι
1609 1215 1852 1286 Χριστοῦ

261 1306 832 1378 περιαστράπτεσθαι.
873 1306 998 1360 Ἐπί
1021 1307 1115 1360 τοῦ
1145 1307 1352 1377 τρίτουο
1384 1308 1442 1359 οῖ’
1457 1306 1532 1374 τῷ
1566 1307 1854 1378 κορυφαίῳ

260 1399 491 1469 Πέτρῳ,
528 1398 622 1451 καὶ
653 1397 731 1469 τῷ
763 1399 988 1470 μεγάλῳ
1025 1399 1292 1470 Βασιλείῳ
1327 1397 1850 1468 ἀντιδιατιθέμενοι.

256 1491 364 1561 τῆς
393 1489 564 1561 αὐλῆς
603 1489 841 1560 Χριστοῦ
871 1491 1220 1544 παντάπασιν
1263 1489 1562 1560 ἀλλότριοι.
1604 1489 1729 1543 Ἐπὶ
1755 1489 1850 1543 τοῦ

255 1585 548 1655 τετάρτουο
598 1585 630 1656 ἡ
678 1587 737 1637 έν
786 1583 1122 1654 Βλαχέρναις
1168 1584 1301 1653 παρ’
1345 1583 1532 1647 αὐτοῖς
1578 1583 1850 1655 λεγομένη

258 1677 478 1741 σύνοδος
509 1678 653 1730 κατὰ
681 1677 782 1746 τῆς
817 1677 1027 1738 εἰκόνος
1061 1676 1340 1748 Χριστοῦ,
1381 1674 1518 1730 πολὺ
1555 1693 1853 1745 μεταγενε-

256 1772 428 1841 στέρα
471 1771 570 1839 τῆς
620 1769 758 1840 μετὰ
809 1768 910 1840 τὴν
959 1768 1130 1841 ἕκτην
1161 1768 1651 1840 συναθροισθείσης
1705 1769 1850 1840 ὑπὲρ

251 1864 358 1932 τῆς
383 1863 589 1927 εἰκόνος
622 1861 883 1934 Χριστοῦ.
916 1861 1026 1915 Καὶ
1057 1862 1090 1932 ἡ
1122 1862 1220 1932 μὲν
1251 1861 1658 1932 ἀποδεδεγμένη
1695 1861 1848 1932 παρὰ

249 1957 370 2018 τοῖς
399 1954 559 2007 πέντε
586 1954 971 2026 πατριάρχαις·
1003 1955 1037 2024 ὴ
1061 1954 1118 2007 δὲ
1145 1953 1659 2024 άναθεματιξομένη
1692 1954 1843 2024 παρὰ

250 2049 368 2110 τοῖς
405 2047 699 2117 τέσσαρσιν
735 2046 810 2110 ὡς
851 2045 1258 2116 Χριστομάχος.
1309 2043 1544 2098 Ἔπειτα
1576 2043 1672 2098 καὶ
1709 2045 1743 2116 ἠ
1784 2045 1846 2098 ὲν

250 2138 464 2210 Νικαίᾳ
494 2137 556 2192 τὸ
584 2137 861 2210 δεύτερον,
891 2137 968 2201 ὠς
996 2137 1256 2209 ὁμόφρων
1288 2139 1355 2207 τῇ
1383 2135 1525 2206 μετὰ
1547 2135 1646 2207 τὴν
1675 2136 1844 2207 ἕκτην

252 2231 480 2302 συνόδῳ,
511 2230 836 2303 εὐπρόσιτος
859 2228 1010 2303 παρὰ
1040 2231 1158 2294 τοῖς
1185 2229 1368 2282 πέντε·
1387 2231 1420 2299 ὴ
1445 2228 1500 2280 δὲ
1531 2227 1628 2282 νῦν
1657 2229 1846 2298 ἀθροι-

251 2323 448 2376 σθεῖσα
480 2323 575 2376 ἐπὶ
623 2321 914 2393 βεϐαιώσει
957 2325 1057 2394 τῆς
1095 2324 1155 2376 ὲν
1192 2320 1530 2390 Βλαχέρναις
1572 2321 1713 2374 κατὰ
1743 2322 1844 2390 τῆς

247 2417 459 2480 εἰκόνος
482 2415 742 2487 Χριστοῦ,
775 2417 1124 2478 ἀπόπτυστος
1143 2415 1218 2479 ὼς
1249 2414 1503 2484 κάκείνη.
1539 2413 1689 2483 Δῦτη
1722 2430 1838 2467 τοι-

245 2509 459 2578 γαροῦν
493 2508 758 2580 σύντομος
779 2507 1038 2571 ἀπόδοσις
1065 2507 1167 2578 τῆς
1190 2505 1470 2578 ἀληθείας,
1497 2505 1592 2558 καὶ
1619 2505 1838 2576 ἔλεγχος

243 2599 360 2652 τῶν
387 2599 667 2652 ἐναντίων.

1962 657 2123 712 iidem
2161 674 2312 713 :non
2346 675 2469 715 esse
2513 659 2644 715 illud
2691 661 2857 716 tactui
2918 669 3014 716 aut
3042 660 3213 716 colori
3233 660 3556 724 obnoxium,

1960 765 2088 804 nam
2123 750 2266 806 inter
2293 752 2409 806 hac
2448 753 2688 808 medium
2744 753 2881 809 nihil
2932 754 3200 820 interest,
3264 762 3326 809 ut
3379 769 3556 824 neque

1960 837 2101 894 inter
2129 840 2182 895 id
2212 841 2358 912 quod
2389 843 2621 898 materia
2685 852 2923 910 constat,
2959 853 3012 900 et
3045 845 3098 900 id
3152 844 3300 916 quod
3357 860 3554 912 expers

1959 933 2198 989 materia:
2234 943 2365 994 est:
2406 935 2551 991 inter
2588 936 2641 991 id
2671 937 2817 1007 quod
2877 937 3096 992 videtur
3119 977 3135 1001 ,
3183 945 3241 993 et
3311 937 3364 992 id
3402 938 3550 1007 quod

1958 1024 2127 1080 videri
2160 1026 2369 1097 nequit.
2399 1026 2530 1083 Tale
2564 1039 2749 1084 autem
2813 1031 2995 1085 dicere
3035 1046 3064 1084 a
3110 1029 3333 1086 Christo
3350 1045 3550 1101 corpus

1956 1131 2320 1188 assumptum,
2346 1120 2772 1177 Manichaeorum
2820 1134 2924 1190 est,
2973 1125 3153 1194 specie
3189 1135 3352 1180 tcnus
3404 1134 3456 1179 ct
3492 1124 3547 1178 in

1956 1212 2338 1282 phantasmate
2369 1214 2665 1277 salutarem
2719 1217 2922 1271 Christi
2955 1217 3430 1287 dispensationem
3467 1217 3548 1270 fa-

1957 1313 2097 1359 ctam
2127 1321 2248 1360 esse
2287 1307 2450 1362 stulte
2485 1309 2827 1378 nugantium.
2857 1309 2933 1363 Ad
2983 1310 3280 1365 secundum
3322 1327 3336 1364 :
3371 1324 3547 1380 quan-

1957 1399 2161 1454 tumvis
2193 1400 2272 1455 illi
2300 1401 2586 1456 veritatem
2625 1401 2849 1456 silentio
2909 1415 3185 1472 premant,
3213 1403 3424 1474 lapides
3457 1405 3543 1458 in-

1955 1491 2267 1546 clantabunt
2318 1493 2636 1548 universum
2703 1494 2890 1548 orbem
2926 1494 3126 1549 Christi
3170 1495 3404 1565 imagine
3433 1497 3546 1551 col-

1954 1580 2194 1635 lustrari.
2227 1581 2307 1636 Ad
2344 1582 2562 1637 tertium
2600 1599 2615 1637 :
2658 1583 2750 1653 qui
2791 1584 3083 1654 coryphreo
3135 1582 3316 1649 Petro,
3345 1595 3397 1639 et
3427 1601 3544 1639 ma-

1953 1689 2060 1743 gno
2094 1671 2293 1729 Basilio
2337 1676 2720 1739 adversantur,
2753 1687 2884 1731 sunt
2919 1677 2992 1730 illi
3044 1692 3270 1747 prorsus
3293 1679 3360 1731 ab
3415 1679 3539 1734 ovili

1951 1764 2154 1821 Christi
2214 1766 2402 1822 alieni.
2437 1767 2520 1822 Ad
2589 1779 2847 1839 quartum
2891 1787 2906 1825 :
2951 1769 3203 1842 Synodus
3235 1771 3322 1824 illa
3378 1787 3538 1841 quam

1953 1858 2041 1913 isti
2079 1859 2131 1914 in
2177 1858 2501 1917 Blachernis
2541 1871 2766 1927 vocant,
2815 1864 3081 1919 adversus
3115 1863 3320 1918 Christi
3351 1865 3538 1936 imagi-

1950 1966 2073 2004 nem
2110 1992 2125 2016 ,
2188 1952 2364 2007 multo
2418 1954 2694 2023 posterior
2751 1964 2834 2009 est
2881 1971 2943 2010 ea
2997 1971 3120 2025 quae
3161 1967 3283 2026 post
3327 1966 3533 2013 sextam

1948 2050 2137 2096 coacta
2171 2052 2258 2096 est
2289 2057 2388 2112 pro
2409 2042 2615 2098 Christi
2651 2044 2909 2114 imagine.
2941 2046 3108 2116 Atqui
3168 2046 3283 2102 haec
3313 2048 3530 2117 quidem

1947 2144 2162 2204 recepta
2196 2143 2280 2190 est
2330 2150 2360 2190 a
2411 2135 2654 2206 quinque
2703 2139 3033 2207 patriarchis
3072 2157 3086 2196 :
3141 2140 3231 2194 illa
3280 2150 3459 2194 autent
3499 2157 3530 2196 a

1945 2235 2186 2296 quatuor
2241 2227 2593 2284 anathemate
2645 2229 2929 2298 damnata,
2987 2242 3250 2302 tanquam
3312 2232 3529 2286 inimica

1946 2319 2186 2375 Christo.
2222 2319 2429 2376 Deinde
2461 2330 2514 2376 et
2559 2319 2776 2376 Nicmna
2830 2323 3026 2389 altera,
3059 2332 3249 2392 utpote
3282 2323 3331 2378 ei
3393 2340 3530 2379 con-

1944 2412 2209 2479 sentiens,
2241 2428 2364 2482 qua:
2396 2422 2518 2483 post
2539 2423 2750 2468 sextam
2775 2414 3000 2479 dicitur,
3035 2415 3193 2472 facile
3214 2431 3243 2471 a
3282 2417 3528 2488 quinque

1943 2505 2250 2559 admittitur
2280 2520 2295 2560 :
2335 2521 2461 2575 qua:
2491 2521 2620 2561 vero
2653 2523 2799 2562 nunc
2836 2517 3167 2578 congregata
3195 2517 3278 2564 est
3307 2509 3372 2563 ad
3398 2525 3529 2564 con-

1943 2597 2306 2652 ﬁrmationem
2348 2598 2494 2653 illius
2547 2613 2672 2668 qua:
2722 2599 2775 2652 in
2832 2597 3152 2654 Blachernis
3187 2601 3482 2670 appellatur
3509 2641 3525 2665 ,

245 2695 518 2747 adversus
590 2692 882 2762 imaginem
938 2689 1190 2754 Christi;
1263 2688 1622 2755 delcstabilis,
1658 2689 1736 2744 uti
1787 2697 1843 2745 et
1881 2688 1994 2756 illa,
2057 2697 2163 2744 est.
2224 2689 2350 2746 llaec
2416 2691 2584 2762 igitur
2626 2691 3033 2761 compendiaria
3088 2691 3358 2762 expositio
3387 2691 3527 2747 veri-

247 2787 403 2852 tatis,
433 2791 491 2838 et
512 2783 959 2838 adversariorum
988 2780 1289 2835 confutatin
1318 2791 1419 2836 est.

501 2875 620 2930 01".
657 2903 730 2913 —
760 2873 1114 2941 Ναυκρατίῳ
1150 2872 1361 2937 τέκνῳ.
1397 2871 1587 2943 [abuti]

2321 2866 2555 2922 LXXIII.
2590 2898 2661 2910 —
2689 2867 2985 2924 Naucratio
3037 2872 3172 2941 ﬁlio.

618 2990 695 3040 De
719 2986 906 3038 Leonis
926 2987 1132 3037 Armeni
1159 2987 1550 3037 orthodoxorum
1576 2983 1915 3049 persecutoris
1935 2985 2279 3034 immanissimi
2315 2996 2492 3033 onere.
2529 2986 2733 3044 (Ilaron.
2768 3000 2827 3034 an
2877 2986 2988 3038 821.
3011 3000 3057 3035 ιι.
3081 2986 3186 3040 23.)

316 3075 390 3128 Τὸ
429 3074 526 3143 μὲν
584 3073 730 3143 ἱερὸν
774 3072 1012 3143 γράμμα
1064 3070 1235 3141 φησί·
1300 3068 1472 3135 Φωνὴ
1514 3070 1583 3122 ἐν
1645 3066 1830 3137 Ῥαμᾷ
1861 3075 1905 3133 C

242 3171 518 3238 ἠκούσθη
546 3207 560 3230 ,
606 3165 831 3236 θρῆνος
867 3164 966 3217 καί
1021 3163 1279 3232 ὀδυρμὸς
1320 3164 1534 3228 πολύς.
1597 3161 1828 3230 Ῥαχὴλ

242 3263 548 3316 κλαίουσα
578 3259 651 3312 τὰ
679 3255 861 3310 τέκνα
892 3253 1082 3321 αὐτῆς
1102 3295 1116 3319 ,
1149 3253 1248 3307 καὶ
1277 3255 1390 3307 οὐκ
1429 3253 1608 3322 ἤθελε
1637 3268 1827 3320 napa-

243 3353 566 3422 κληθῆναι.
611 3349 754 3418 Ἐγὼ
770 3349 827 3402 δὲ
851 3347 1067 3408 ότάλας
1096 3344 1452 3417 μεθαρμόσας
1484 3344 1582 3414 τὴν
1619 3343 1824 3412 φωνὴν,

242 3451 420 3500 έκεῖνο
438 3445 504 3499 ἂν
534 3443 764 3505 εἰκότως
794 3441 1090 3512 φράσαιμν
1121 3439 1310 3509 Χαρᾶς
1332 3437 1625 3505 εὐαγγέλια
1656 3434 1824 3506 ηκου-

244 3539 348 3608 σθη
399 3539 532 3609 ἡμῖν
562 3534 714 3606 παρὰ
746 3533 848 3604 τῆς
885 3530 1198 3604 τιμιότητός
1235 3546 1328 3582 σου
1350 3543 1365 3558 ⁶
1401 3529 1488 3596 ἐφ’
1524 3519 1568 3594 ᾧ
1598 3526 1826 3595 σκιρτᾷν

242 3628 410 3689 ἔστιν,
448 3626 510 3678 οὐ
545 3627 644 3696 τὴν
671 3624 824 3677 πόλιν
856 3622 1034 3692 τήνδε,
1073 3623 1104 3691 ἢ
1136 3619 1316 3690 τήνδεο
1361 3618 1498 3672 ἀλλὰ
1529 3617 1712 3687 σχεδὸν
1743 3617 1824 3668 si-

241 3723 366 3773 πεῖν
397 3721 613 3773 ἃπασαν
641 3717 742 3787 τὴν
775 3716 868 3768 ὑπ’
899 3715 1129 3785 οὐρανόν
1155 3730 1165 3741 ·
1197 3713 1281 3765 ὃτι
1331 3709 1546 3763 καθεῖλε
1577 3709 1783 3779 Κύριος
1804 3746 1820 3771 ,

241 3816 300 3867 οὑ
327 3813 418 3865 τὸν
449 3811 604 3880 Σηὼν
638 3808 860 3880 βασιλέα
885 3807 994 3860 τῶν
1040 3803 1405 3876 ’Λμορραίωνο
1436 3802 1556 3854 οὐδὲ
1593 3803 1684 3854 τὸν
1723 3801 1824 3866 Ὢγ

244 3903 470 3974 βασιλέα
499 3903 598 3971 τῆς
659 3899 862 3963 Βασὰν,
920 3897 1162 3968 βασιλεῖς
1198 3893 1432 3966 μικροὺς
1456 3933 1471 3955 ,
1503 3892 1599 3945 καὶ
1627 3891 1825 3962 μικρὸν

245 3998 411 4066 μέρος
435 3995 534 4063 τῆς
560 3993 886 4063 οἰκουμένης
903 3989 1274 4049 ὲκθλίϐονταςσ
1300 3984 1436 4037 ἀλλὰ
1467 3983 1560 4036 τὸν
1587 3983 1822 4052 νεοφανῆ

241 4091 334 4144 καὶ
369 4088 544 4158 μέγαν
569 4088 858 4157 δράκοντα,
894 4082 990 4136 καὶ
1023 4079 1224 4150 πολλὴν
1247 4076 1578 4147 οἰκουμένην
1609 4074 1825 4144 ληΐζον-

237 4200 326 4236 τα·
362 4185 456 4236 τὸν
505 4180 716 4235 σκολιὸν
746 4179 870 4246 ὅφιν
916 4175 1014 4229 καὶ
1054 4171 1347 4244 συρίζοντα
1397 4170 1692 4241 βλάσφημα
1718 4182 1733 4196 ⁶
1764 4165 1826 4219 τὸ

241 4275 517 4346 βδέλυγμα
546 4273 644 4342 τῆς
675 4267 1027 4341 ἐρημώσεως·
1061 4265 1124 4317 τὸ
1159 4261 1355 4324 σκεῦος
1384 4262 1485 4330 τῆς
1511 4259 1703 4330 ὀργῆςο
1733 4258 1826 4310 τὸν

240 4367 352 4419 υἱὸν
403 4365 501 4418 τοῦ
559 4361 812 4434 Ταϐεήλο
860 4361 950 4413 ἵνα
989 4359 1064 4429 μὴ
1111 4357 1253 4425 λέγω
1303 4352 1681 4409 Καϐαλλίνου·
1732 4349 1824 4401 τὸν

2047 3066 2342 3121 Sacrarum
2381 3067 2683 3121 litterarum
2716 3069 2877 3122 verba
2922 3078 3094 3122 sunt:
3133 3069 3243 3122 Vox
3271 3072 3323 3122 in
3358 3069 3525 3126 flama

1930 3160 2116 3212 audita
2147 3171 2246 3224 est,
2275 3161 2521 3229 ploratus
2561 3169 2611 3214 et
2645 3161 2884 3214 ululatus
2919 3163 3116 3216 multus
3146 3179 3166 3218 :
3195 3160 3389 3218 Rachel
3417 3166 3524 3235 plo-

1928 3269 2052 3306 rans
2082 3253 2222 3318 [ilios
2288 3269 2433 3318 suos,
2465 3263 2515 3306 et
2563 3254 2732 3306 noluit
2785 3255 3058 3308 consolari
3099 3256 3154 3310 ⁷.
3214 3255 3329 3327 Ego
3382 3273 3513 3312 vero

1927 3343 2112 3399 infelix
2144 3360 2279 3400 voce
2311 3354 2665 3411 commutata,
2694 3347 2820 3416 jure
2864 3347 2995 3402 illud
3031 3348 3296 3403 dixerim:
3326 3348 3520 3408 Gaudii

1926 3436 2102 3492 fausta
2136 3440 2325 3493 nuntia
2358 3440 2517 3494 nobis
2546 3439 2729 3493 audita
2764 3451 2894 3495 sunt
2924 3457 2989 3494 ex
3024 3444 3340 3510 reverentia
3395 3456 3510 3508 tua,

1923 3548 2158 3602 quorum
2179 3534 2352 3603 gratia
2384 3534 2646 3600 exsultet,
2710 3550 2816 3588 non
2855 3535 3049 3590 civitas
3083 3537 3198 3592 haec
3247 3547 3342 3592 aut
3395 3540 3515 3602 illa,

1923 3625 2018 3678 sed
2070 3640 2238 3694 prope
2268 3626 2446 3680 dicam
2505 3641 2627 3695 quae
2681 3629 2785 3681 sub
2819 3628 2960 3682 ccelo
3022 3639 3152 3684 sunt
3215 3632 3513 3699 universae;

1923 3713 2050 3782 quia
2096 3713 2317 3767 sustulit
2355 3713 2642 3780 Dominus,
2707 3729 2815 3768 non
2867 3715 3045 3771 Sehon
3087 3733 3268 3788 regem
3320 3720 3520 3774 Amor-

1923 3805 2220 3868 rbaaorum,
2255 3821 2434 3874 neque
2473 3804 2552 3875 Og
2588 3822 2772 3876 regem
2841 3806 3043 3875 Basan,
3076 3824 3233 3880 reges
3291 3827 3512 3882 parvos,

1923 3905 1978 3951 et
2006 3912 2226 3966 parvam
2262 3897 2413 3952 orbis
2472 3908 2681 3966 partem
2741 3909 3004 3955 vexantes
3057 3901 3130 3968 ⁸;
3191 3902 3283 3957 sed
3343 3915 3515 3974 imper

1922 4002 2174 4045 exortum
2208 4006 2466 4061 magnum
2493 3991 2811 4055 draconem,
2844 4003 2901 4048 et
2931 4010 3182 4064 magnam
3209 3997 3356 4051 orbis
3387 4014 3513 4068 par-

1924 4089 2032 4135 tem
2063 4082 2415 4152 populantem
2445 4099 2458 4137 :
2487 4091 2796 4138 tortuosum
2823 4093 3133 4153 serpentem
3176 4097 3231 4140 et
3259 4086 3513 4158 blasphe-

1925 4188 2011 4225 tna
2082 4173 2392 4226 sibilantem
2422 4211 2439 4237 ,
2504 4172 2966 4227 abominationem
3011 4173 3388 4240 desolationis,
3416 4192 3513 4233 vas

1925 4264 2038 4328 iraa,
2087 4265 2257 4319 ﬁlium
2287 4264 2507 4328 Tabeel,
2544 4279 2610 4318 ne
2665 4265 2842 4318 dicam
2891 4264 3201 4334 Caballini;
3261 4279 3511 4338 nepotem

1925 4357 2132 4421 Achab,
2162 4355 2362 4410 Juliani
2382 4357 2682 4427 exemplar,
2710 4356 3167 4427 complementum
3193 4360 3342 4422 mali,
3375 4376 3511 4414 con-

236 4457 509 4525 ἀπόγονον
535 4456 630 4509 τοῦ
671 4426 897 4525 Ἀχαάϐ·
925 4426 1000 4505 τὸ-
1019 4426 1387 4520 ὲξεμπλάριον
1423 4442 1731 4499 Ἱουλιανοῦσ
1762 4441 1822 4495 τὸ

1937 4449 2278 4504 lumeliosum
2314 4449 2366 4504 in
2396 4447 2697 4517 Christum,
2730 4449 2978 4520 Deiparte
3033 4451 3270 4518 hostem,
3317 4453 3510 4509 δόνει·-

237 4549 514 4618 πλήρωμα
545 4545 639 4598 τοῦ
681 4543 954 4614 πονηροῦ’
988 4535 1082 4596 τὸν
1113 4539 1376 4612 ὑϐριστὴν
1422 4534 1658 4607 Χριστοῦ
1685 4548 1698 4562 ⁸
1728 4533 1820 4586 τὸν

238 4639 429 4711 ἐχθρὸν
462 4637 562 4706 τῆς
607 4635 871 4690 Θεοτόκου
895 4651 910 4664 ο
954 4635 1046 4686 τὸν
1098 4631 1391 4686 ἀντίπαλον
1419 4628 1529 4680 τῶν
1560 4627 1818 4680 ἁπάντων

235 4727 428 4796 ἁγίων.
464 4718 566 4777 Ὧν
593 4723 703 4792 γὰρ
733 4723 862 4782 τοὺς
893 4721 1127 4783 σεπτοὺς
1151 4719 1503 4789 χαρακτῆρας
1539 4714 1724 4778 ὲδίωξέ
1753 4731 1814 4768 τε

235 4820 332 4872 καὶ
359 4817 591 4887 ἠφάνισε
613 4857 627 4880 ,
663 4815 906 4884 δηλονότι
943 4811 1156 4865 τούτων
1191 4809 1452 4870 ὀλοτελῶς
1497 4807 1689 4876 ἐχθρὸς
1721 4806 1816 4859 καὶ

234 4910 470 4980 διώκτης
505 4908 898 4978 ἐχρημάτισεν.
952 4902 1510 4973 Εὐφραινέσθωσαν
1543 4901 1596 4951 οι
1637 4903 1816 4966 οὐρα-

233 5007 352 5070 νοί,
383 5005 482 5057 καί
520 5001 908 5072 ἀγαναιάσθω
939 5000 978 5066 ἡ
1033 4997 1109 5067 τῆ
1129 5013 1145 5027 ·
1173 4995 1536 5064 ῥανάτωσαν
1579 4992 1654 5045 τὰ
1703 4992 1810 5058 ὄρη

233 5099 616 5166 γλυκασμὸν,
653 5093 752 5148 καί
784 5093 840 5147 οἰ
862 5091 1080 5156 ,βουνοί
1121 5088 1540 5154 δικαιοσύνην.
1585 5085 1812 5137 Πέπτω-

1927 4542 2133 4596 sarium
2168 4550 2485 4596 sanctorum
2505 4543 2768 4596 omnium.
2823 4541 3070 4607 Quorum
3129 4543 3276 4596 enim
3324 4560 3511 4600 sacros

1925 4635 2268 4689 characteres
2327 4645 2645 4702 persecutus
2679 4643 2783 4699 est,
2814 4643 2870 4688 et
2913 4649 2943 4688 ε
3007 4633 3188 4687 medio
3248 4635 3506 4700 sustulit;

1922 4739 2112 4780 eorum
2159 4727 2349 4796 procul
2394 4725 2561 4779 dubio
2617 4724 2790 4778 hostis
2846 4725 3067 4792 penitus
3099 4733 3153 4778 et
3193 4735 3508 4792 persecutor

1925 4816 2046 4870 luit.
2079 4817 2349 4872 Lwtentur
2385 4818 2499 4871 caeli
2521 4826 2571 4870 et
2617 4816 2842 4870 exsultet
2886 4825 3026 4868 terra
3059 4817 3121 4868 ἐ
3157 4815 3324 4882 ﬂuant
3356 4833 3504 4868 mon-

1922 4918 2000 4964 tes
2025 4899 2391 4975 dulcedinem,
2435 4921 2484 4964 et
2528 4909 2686 4963 colles
2717 4909 2989 4976 justitiam
3028 4906 3073 4938 ¹⁶
3106 4945 3123 4961 .
3181 4906 3383 4962 Cecidit
3407 4909 3506 4962 ho-

1915 5006 2017 5058 stis
2050 5021 2064 5058 :
2097 5006 2363 5059 contritus
2387 5013 2469 5058 cst
2489 5003 2580 5072 qui
2619 5017 2715 5055 nos
2743 5001 2986 5054 caedebat
3013 5016 3026 5052 :
3063 4997 3396 5053 Obstructum
3426 5012 3502 5056 est

1914 5112 1972 5150 os
2005 5097 2219 5166 loquens
2249 5097 2433 5165 iniqua
2465 5095 2505 5126 “
2543 5108 2834 5163 ;reprcssa
2892 5108 3088 5148 manus
3137 5093 3494 5149 Abessalom:

235 5208 332 5244 κεν
355 5193 384 5243 ό
410 5189 626 5260 ἐχθρός·
658 5184 946 5256 συνετρίϐη
972 5185 1000 5236 ό
1019 5181 1238 5235 κόπτων
1267 5181 1435 5250 ἡμᾶς.
1480 5175 1811 5246 Ἑνεφρὰγη

1937 5190 2072 5243 »ετιιι
2101 5189 2274 5242 durus
2299 5187 2464 5242 corde
2487 5185 2702 5239 Pharao
2735 5203 2748 5239 :
2785 5195 2839 5239 et
2892 5188 3130 5239 nondum
3173 5186 3306 5240 mihi
3360 5198 3497 5242 tem-

233 5281 434 5346 στόμα
461 5277 699 5334 λαλοῦν
740 5275 936 5328 ἄδικα·
973 5269 1242 5340 ἐπεσχέθη
1273 5269 1395 5338 χεὶρ
1437 5263 1812 5333 Ἀϐεσσαλώμο

235 5370 444 5440 οῖχεται
469 5371 498 5423 ό
529 5368 954 5440 σκληροκάρδιος
997 5362 1216 5435 Φαραώο
1252 5362 1346 5414 καὶ
1377 5360 1530 5412 οὔπω
1564 5374 1653 5427 μοι
1691 5373 1817 5409 και-

238 5462 334 5532 ρὸς
379 5461 473 5514 καὶ
500 5459 662 5523 τόπος
706 5462 986 5531 ἐκφράσαι
1015 5459 1086 5512 τὰ
1110 5458 1280 5527 ἀκοῆς
1311 5454 1436 5520 ἄξια
1466 5451 1560 5506 τοῦ
1594 5465 1816 5518 παγκα-

237 5554 424 5607 κίστου
461 5551 774 5623 δράκοντος.

323 5643 528 5697 Ἐκεῖνο
565 5642 624 5695 δὲ
664 5642 961 5714 προσθείην
997 5644 1108 5705 τοῖς
1139 5640 1448 5712 εἰρημένοις
1472 5653 1486 5668 °
1521 5637 1603 5690 ὃτι
1639 5633 1808 5704 ἐχρῆν

234 5738 329 5792 τὸν
349 5735 664 5805 ἀποστάτην
683 5735 912 5805 τοιούτῳ
933 5734 1120 5804 τρόπῳ
1145 5733 1287 5786 καθὰ
1316 5732 1622 5802 γέγραφας,
1640 5730 1811 5800 ἀπορ-

309 5854 330 5885 ⁷
378 5848 579 5904 Jerem.
625 5846 860 5912 xxxi,15
895 5844 1128 5911 ;Matth.
1159 5861 1194 5898 ιι
1243 5845 1330 5901 l8.

240 5920 385 5978 l‘sal.
434 5934 578 5985 uxt,
605 5918 660 5974 5.
769 5918 809 5949 ¹¹
839 5918 984 5972 ιἐιιι.
1028 5930 1160 5980 un,
1200 5915 1288 5972 12.

1436 5845 1457 5876 ⁸
1517 5841 1679 5897 Num.
1719 5854 1832 5902 xxi,
1885 5853 2014 5895 xxiv
2039 5847 2094 5893 et
2151 5853 2336 5895 xxxn'.

1911 5297 2013 5350 pns
2047 5296 2148 5334 nec
2190 5281 2367 5347 locus,
2403 5288 2462 5334 ut
2507 5278 2695 5334 auditu
2721 5278 2880 5348 digna
2924 5279 3144 5349 eloquar
3164 5280 3232 5334 de
3262 5279 3499 5349 pessimo

1912 5375 2172 5429 dracone.

1988 5633 2101 5688 Hoc
2129 5648 2260 5687 vero
2294 5632 2549 5703 adjiciam
2592 5631 2658 5686 ad
2707 5647 2769 5686 ea
2815 5647 2937 5702 qua:
2971 5632 3083 5688 dixi
3132 5650 3146 5686 :
3186 5631 3496 5704 oportuisse

1918 5733 2224 5796 apostatam
2262 5739 2328 5780 eo
2343 5739 2453 5796 quo
2470 5722 2733 5794 scripsisti
2767 5725 2930 5778 modo
2957 5725 3122 5780 vitam
3142 5724 3491 5798 abrumpere.

2446 5839 2468 5871 ο
2507 5833 2654 5890 Psal.
2687 5849 2806 5903 xcv,
2839 5835 2922 5890 ll.
3034 5837 3077 5869 ¹⁰
3107 5834 3225 5893 Joel
3252 5855 3309 5893 ιιι
3343 5878 3356 5903 ,
3396 5840 3488 5903 18;
