4164 6472
650 388 789 452 1307

1859 397 1920 458 S.
1953 394 2351 459 THEODORI
2390 394 2533 455 STU
2544 395 2740 455 DIT1E

3811 388 3954 454 1308

645 502 948 573 Oportebat
1032 521 1193 566 noctu
1250 512 1601 569 tenebrarum
1649 511 1822 567 lilium
1863 515 2238 567 occumbere:

2363 507 2507 579 δῆξαι
2536 507 2634 579 τὴν
2671 508 2841 579 ζωήν.
2873 509 3021 564 Ἔδει
3052 512 3111 565 ὲν
3127 511 3285 567 νυκτὶ
3312 511 3407 566 τὸν
3443 509 3540 565 τοῦ
3574 509 3809 572 σκότους
3834 509 3953 565 υἱὸν

647 603 937 668 oportebat
970 620 1131 670 eum,
1164 607 1259 677 qui
1310 607 1496 662 divina
1529 607 1732 677 templa
1814 608 2149 673 devastarat,
2187 609 2241 661 in

651 688 867 747 Domini
934 697 1139 766 templo
1199 697 1433 753 nudatos
1491 699 1546 754 in
1594 715 1654 755 se
1712 700 1924 771 gladios
1970 718 2243 759 cernere:

648 784 935 851 Oportebat
997 787 1067 840 ad
1124 786 1376 843 divinum
1431 790 1607 847 altare
1670 794 2079 865 coniugientem
2136 812 2243 851 non

651 874 902 943 salvari,
934 879 1027 947 qui
1091 880 1266 938 altare
1306 883 1487 953 ipsum
1552 886 1957 947 destruxerat:
2004 891 2058 945 in
2122 907 2243 945 eam

650 982 875 1023 manum
901 1010 915 1035 ,
947 986 1070 1041 qua:
1108 983 1335 1031 extensa
1370 977 1424 1030 in
1467 989 1657 1034 sancta
1693 978 1909 1047 fuerat,
1948 984 2245 1039 sectionem

650 1061 840 1115 inferri
876 1082 889 1117 :
938 1063 993 1118 in
1023 1065 1216 1122 fauces
1246 1085 1369 1139 qua:
1402 1071 1570 1141 impia
1604 1083 1942 1140 eructarant,
2004 1075 2245 1145 gladium

648 1155 958 1227 distringi:
1021 1160 1074 1214 in
1121 1162 1417 1219 humerum
1480 1165 1601 1236 ejus
1654 1168 1750 1237 qui
1838 1170 2245 1226 contumeliose

648 1247 872 1305 Christo
904 1251 1221 1320 insultabat,
1252 1268 1625 1328 Opportunum
1652 1262 1856 1318 vulnus
1912 1263 2083 1335 inﬂigi
2112 1283 2125 1319 :
2151 1280 2249 1334 pro

647 1341 780 1411 justi
800 1346 1084 1415 sanguinis
1114 1348 1405 1418 ell'usione,
1438 1353 1703 1423 iujnstum
1736 1358 2055 1427 sanguinem
2091 1374 2249 1428 spar-

654 1434 705 1504 gi
741 1454 753 1490 :
798 1452 898 1506 pro
963 1442 1207 1497 sectione
1249 1454 1305 1499 et
1340 1446 1700 1505 dilaniatione
1739 1453 2111 1507 membrorum
2164 1464 2249 1508 at-

654 1543 765 1597 que
810 1537 1115 1602 tergorum,
1159 1535 1333 1594 invisa
1376 1538 1488 1593 Deo
1538 1542 1781 1597 membra
1835 1546 2098 1601 concidi:
2152 1563 2251 1617 pro

655 1631 833 1674 morte
867 1637 1057 1677 sancta
1084 1626 1304 1696 impiam
1340 1639 1572 1686 mortem
1594 1634 1875 1689 exhiberi:
1920 1647 1975 1691 et
2001 1654 2101 1709 pro
2131 1656 2254 1710 pur-

657 1722 796 1778 pura
862 1717 1189 1773 centonibus
1236 1720 1386 1775 indui
1428 1738 1617 1780 semen
1654 1726 1969 1798 inglorium.
2005 1731 2113 1787 Nec
2163 1749 2253 1789 ve-

658 1817 724 1856 ro
756 1804 824 1858 de
861 1821 992 1861 casu
1033 1810 1185 1880 impii
1220 1814 1488 1883 gaudens,
1543 1819 1673 1887 quin
1694 1836 1916 1891 gemens
1946 1833 2000 1878 et
2037 1825 2249 1896 lugens,

2351 602 2778 655 ὲπικαταλαϐεῖν
2810 601 3047 659 θάνατον
3072 620 3086 635 ·
3114 605 3221 660 ἔδει
3268 607 3363 661 τὸν
3396 607 3529 671 τοὺς
3573 604 3760 668 θείους
3785 605 3958 667 ναοὺς

2352 693 2753 764 ἐρημώσαντα,
2790 697 2847 749 ἐν
2896 696 3011 767 ναῷ
3062 699 3273 769 Κυρίου
3323 700 3455 754 ἰδεῖν
3503 699 3573 754 τὰ
3615 698 3741 752 κατ’
3783 695 3955 749 αὑτοῦ

2354 783 2481 853 ξίφη
2510 785 2885 855 γυμνούμενα⁶
2922 786 3032 840 ἔδει
3063 791 3454 859 προσφυγόντα
3478 788 3563 860 τῷ
3587 788 3722 859 θείῳ
3757 788 3956 840 θυσια-

2354 878 2563 949 στηρίῳ
2593 879 2669 949 μὴ
2704 878 2945 949 σωθῆναι
2971 879 3064 934 τὸν
3097 881 3256 934 τοῦτο
3285 884 3647 950 ἀφανίσαντα·
3681 880 3834 934 κατά
3857 881 3958 949 τῆς

2354 974 2435 1035 εἰς
2488 973 2555 1025 τὰ
2592 971 2724 1039 ἅγια
2778 973 3105 1045 ἐκταθείσης
3158 974 3346 1046 χειρὸς
3392 976 3567 1047 τομὴν
3612 973 3956 1044 ἐπαχθῆναιι

2354 1066 2496 1119 κατά
2522 1065 2616 1119 τοῦ
2640 1067 2913 1137 λάρυγγος
2944 1067 3038 1121 τοῦ
3068 1068 3437 1140 ὲρευξαμένου
3465 1058 3621 1134 άθεα,
3668 1069 3956 1140 μάχαιραν

2354 1159 2600 1213 διελάσαι
2622 1175 2635 1187 ·
2668 1159 2812 1213 κατά
2837 1159 2933 1213 τοῦ
2971 1160 3127 1231 ὤμου
3160 1160 3257 1215 τοῦ
3285 1162 3631 1233 παλλομένου
3671 1160 3762 1229 ἐφ’
3795 1159 3959 1229 ῦϐρει

2356 1248 2627 1320 Χριστοῦ,
2656 1251 2879 1318 καιρίαν
2903 1250 3117 1324 πληγὴν
3162 1252 3425 1306 ὑποδῦναι
3452 1268 3465 1281 ο
3490 1253 3632 1323 ὑπὲρ
3662 1252 3953 1323 ἐκχύσεως

2357 1342 2607 1412 αἱμάτων
2640 1342 2868 1397 δικαίων
2911 1338 3054 1412 αἷμα
3102 1345 3289 1400 ἄδικον
3314 1344 3543 1416 χεθῆναι
3568 1361 3581 1373 ·
3618 1346 3745 1398 ἀντὶ
3776 1344 3959 1415 κοπῆς

2358 1434 2451 1486 καὶ
2489 1433 2709 1504 ξεσμῶν
2753 1434 2933 1505 μελῶν
2962 1437 3058 1489 καὶ
3115 1437 3322 1501 νώτων,
3371 1437 3510 1509 μέλη
3554 1441 3800 1507 κοπῆναι
3837 1439 3955 1490 Oeo-

2358 1527 2531 1595 στυγῆ
2552 1543 2567 1557 ⁸
2601 1528 2725 1581 ἀντὶ
2755 1528 2989 1583 Θανάτου
3019 1529 3192 1594 ὁσίου,
3220 1532 3437 1583 ἀνόσιον
3470 1530 3706 1584 θάνατον
3739 1530 3960 1584 ἀποδει-

2359 1614 2590 1687 χθῆναι,
2630 1618 2726 1671 καὶ
2772 1621 2893 1673 ἀντὶ
2925 1621 3261 1692 πορφυρίδος
3318 1621 3487 1693 ῥάκος
3536 1620 3960 1675 ἐνδύσασθαιὼ

2359 1710 2555 1778 ἄτιμον
2598 1714 2840 1782 σπέρμα.
2875 1714 2986 1766 Kal
3011 1715 3112 1767 οὐκ
3139 1714 3560 1785 έπιχαιρόμενος
3589 1714 3667 1785 τῷ
3694 1714 3959 1785 πτώματι

2358 1802 2454 1855 τοῦ
2486 1803 2754 1871 ἀσεϐοῦς,
2780 1806 2905 1859 ἐπεὶ
2950 1809 3043 1860 καὶ
3075 1810 3280 1860 στένων
3310 1808 3407 1860 καὶ
3437 1806 3666 1875 κλαίων,
3701 1807 3959 1879 κωμῳδῶ

661 1903 858 1955 mortis
902 1917 1073 1971 genus
1095 1906 1291 1975 sugillo
1324 1927 1337 1961 :
1374 1908 1468 1962 sed
1526 1910 1655 1980 quia
1704 1913 1881 1969 malus
1928 1917 2070 1972 male
2130 1934 2251 1989 per-

2363 1896 2445 1949 τον
2470 1896 2672 1967 τρόπον
2693 1896 2787 1950 τοῦ
2818 1898 3050 1952 Θανάτου
3078 1917 3092 1929 ·
3124 1900 3239 1953 ἀλλ’
3294 1901 3376 1953 ὅτι
3415 1900 3585 1967 κακὸς
3614 1900 3811 1963 κακῶς
3857 1903 3960 1954 ἀπ-

660 1992 857 2057 ihit,ut
879 1996 1092 2049 veracis
1116 2006 1200 2050 est
1240 2000 1509 2055 sententia
1548 2003 1590 2033 "
1622 2020 1634 2056 :
1661 2012 1716 2057 et
1736 2008 1918 2061 omnis
1952 2009 2047 2078 qui
2071 2024 2261 2066 contra

661 2086 834 2143 Deum
912 2096 1167 2158 proterve
1222 2092 1479 2165 insurgit,
1538 2097 1807 2169 condigna
1864 2098 2027 2158 factis
2085 2104 2263 2174 capiet

662 2182 825 2235 etiam
862 2183 971 2237 hic.
1008 2182 1249 2239 Necdum
1278 2188 1425 2241 enim
1447 2188 1571 2245 dico
1607 2189 1854 2249 futurum
1878 2205 1933 2251 et
1950 2208 2259 2256 extremum

663 2275 867 2346 ignem,
892 2294 1001 2347 quo
1018 2281 1538 2339 exterminabuntur
1563 2285 1716 2357 impii
1737 2302 1932 2345 omnes
1963 2301 2019 2347 et
2043 2293 2256 2364 injusti.

663 2370 802 2437 Quid
835 2386 961 2426 vero
996 2382 1118 2443 post
1158 2374 1313 2430 haec?
1369 2375 1521 2433 Novo
1559 2377 1711 2435 Josia
1737 2396 1879 2453 opus
1907 2393 2032 2452 est,
2075 2388 2183 2456 vel,
2212 2391 2259 2446 si

662 2464 768 2530 vis,
814 2464 1045 2520 Joviano
1080 2471 1361 2539 quopiam,
1388 2473 1473 2526 vel
1530 2475 1640 2529 alio
1686 2492 1751 2533 ex
1804 2478 2077 2535 similibus
2109 2521 2125 2547 ,
2164 2484 2259 2554 qui

664 2553 883 2611 Domini
943 2558 1058 2613 zelo
1107 2560 1306 2617 ardens
1339 2602 1355 2628 ,
1398 2563 1607 2633 deiecta
1640 2570 1852 2642 erigere
1892 2553 2258 2641 studeat,di-

665 2650 821 2702 vulsa
862 2662 1140 2718 coaptare,
1174 2650 1284 2708 Deo
1310 2655 1535 2713 reddere
1567 2675 1691 2729 qua:
1738 2662 1835 2717 Dei
1889 2676 2021 2721 sunt
2054 2668 2099 2699 ¹⁸
2128 2709 2143 2734 ,
2201 2676 2263 2725 ut

666 2740 892 2807 dicitur,
936 2745 1228 2802 restituere
1269 2747 1563 2821 imaginem
1602 2753 1809 2812 Christi
1836 2765 1891 2813 et
1923 2759 2170 2831 Deipara:
2198 2779 2263 2818 ac

670 2837 849 2891 sancti
932 2840 1247 2910 cujusque:
1291 2858 1403 2899 non
1450 2848 1596 2916 quod
1655 2853 1958 2909 conciderit
2015 2871 2261 2926 unquam

668 2930 875 2986 Christi
908 2933 1112 3003 imago,
1146 2935 1289 2991 absit
1325 2939 1339 2993 !
1385 2941 1481 2995 sed
1521 2951 1583 2996 ut
1607 2958 1710 2998 nos
1742 2947 1836 3014 qui
1862 2962 1959 3016 per
2007 2948 2263 3019 impieta-

670 3032 781 3079 tem
816 3025 1151 3094 cecidimus,
1201 3032 1553 3089 suscitemur.
1608 3033 1748 3091 Eum
1786 3054 1885 3093 nos
1940 3050 2263 3109 peccatores

670 3126 929 3186 optamus
962 3119 1351 3191 imperatorem
1386 3125 1479 3196 qui
1516 3125 1767 3182 videatur
1794 3139 1849 3184 et
1880 3129 1952 3185 sit
1978 3132 2263 3202 piissimus

669 3220 723 3266 et
750 3228 780 3266 a
812 3211 923 3268 Deo
951 3226 1262 3284 promotus.
1294 3215 1434 3273 Etsi
1469 3220 1696 3290 quidem
1724 3222 1796 3277 ita
1841 3225 1954 3292 sit,
1988 3228 2259 3296 optimum

670 3313 725 3359 et
762 3313 968 3361 aeterno
1002 3309 1277 3376 praeconio
1330 3310 1741 3369 celebrandum.
1794 3313 1893 3370 Sin
1923 3317 1995 3372 ob
2037 3329 2262 3388 peccata

670 3410 793 3452 mea
832 3412 939 3452 non
986 3400 1057 3453 ita
1088 3439 1103 3465 ,
1136 3410 1378 3457 attamen
1401 3418 1501 3459 nos
1533 3404 1608 3459 ita
1645 3405 1698 3459 in
1725 3405 1930 3463 Christi
1962 3408 2267 3467 confessio-

673 3506 739 3546 ne
772 3508 786 3544 :
823 3507 932 3547 non
985 3503 1308 3563 spernentes
1364 3511 1585 3551 sacrum
1638 3498 1760 3569 ejus
1800 3514 2103 3571 carcerem,
2160 3519 2262 3560 nec

672 3584 1053 3652 formidantes,
1084 3597 1179 3642 aut
1220 3589 1524 3660 quidquam
1572 3607 1684 3662 pra:
1745 3591 1858 3649 Deo
1908 3606 2256 3665 metuentes,

671 3689 733 3734 ut
763 3677 907 3734 Deus
929 3681 1044 3748 ipse
1099 3680 1371 3738 hortatur.
1412 3682 1536 3739 Haec
1564 3686 1791 3741 ostende
1838 3688 2259 3747 confessoribus

673 3770 839 3825 sociis
874 3771 1018 3827 tuis:
1053 3788 1193 3843 quos
1210 3782 1265 3828 et
1285 3790 1351 3829 ex
1388 3776 1545 3831 nobis
1579 3777 1790 3846 saluta;
1816 3778 2012 3836 deinde
2036 3790 2091 3836 et
2117 3782 2259 3837 ami-

672 3876 770 3915 Cns
796 3870 850 3915 et
880 3862 999 3931 pios
1037 3864 1135 3933 qui
1161 3864 1256 3918 tibi
1300 3866 1510 3935 probati
1548 3869 1775 3924 fuerint.
1816 3867 2039 3926 Utinam
2106 3873 2260 3945 digni

674 3970 923 4010 essemus
959 3956 1165 4026 quibus
1199 3972 1383 4013 coram
1438 3961 1696 4031 congredi
1748 3961 1961 4018 liceret.
2002 3962 2161 4031 Quod
2213 3966 2262 4022 si

675 4064 785 4103 non
816 4060 897 4104 est
930 4049 1024 4104 Dei
1060 4051 1337 4115 voluntas,
1367 4061 1541 4117 utere,
1579 4052 1751 4109 frater
1785 4055 1881 4122 mi,
1929 4058 2163 4127 epistola
2200 4067 2264 4115 ut

679 4144 808 4200 hinc
843 4146 1025 4201 videas
1060 4157 1116 4202 et
1173 4149 1434 4204 videaris.
1482 4148 1678 4206 Frater
1709 4160 1838 4207 tuus
1868 4150 2131 4211 Nicolaus
2159 4156 2264 4211 im-

678 4253 846 4308 pense
890 4241 1112 4296 salutat.

860 4435 1093 4492 LXXIV.
1124 4469 1193 4478 —
1219 4438 1472 4494 Michaeli
1501 4442 1807 4510 imperatori
1834 4442 2084 4513 principi.

2360 1989 2589 2057 ολεῑται,
2618 1990 2693 2055 ὡς
2738 1994 2771 2062 ἡ
2812 1990 2907 2044 τοῦ
2936 1992 3205 2063 ἀψευδοῦς
3228 1994 3537 2063 ἀπόφασις·
3572 1994 3669 2047 καὶ
3697 1996 3812 2057 πᾶς
3835 2011 3960 2047 νεαο

2361 2082 2674 2154 νιευόμενος
2703 2086 2847 2139 κατὰ
2878 2084 3014 2138 Θεοῦ
3048 2086 3326 2156 ἐφάμιλλα
3369 2083 3445 2140 ῶν
3491 2087 3720 2157 ἔδρασεν
3754 2086 3961 2158 ἀπολήο

2360 2175 2521 2245 ψεται
2550 2176 2853 2231 κάνταῦθα.
2896 2176 3064 2231 Οὔπω
3094 2180 3204 2249 γὰρ
3234 2179 3379 2248 λέγω
3408 2180 3469 2232 τὸ
3516 2180 3710 2249 μέλλον
3743 2180 3842 2233 καὶ
3871 2197 3961 2233 τε·

2360 2266 2610 2322 λευταῖον
2665 2268 2779 2341 πῦρ
2804 2311 2819 2334 ,
2899 2263 2945 2339 ᾧ
2967 2270 3443 2341 δοκιμασθήσεται
3478 2274 3587 2334 πᾶς
3613 2272 3825 2343 ἀσεϐὴς
3865 2273 3961 2325 καὶ

2362 2363 2705 2433 παράνομος.
2736 2362 2803 2415 Τί
2836 2357 2929 2417 οῦν
2956 2364 3095 2435 πρὸς
3117 2363 3320 2429 ταῦτα;
3348 2364 3495 2417 Νέου
3538 2365 3747 2419 Ἰωσίου
3774 2365 3957 2436 χρεία’

2362 2453 2412 2505 εί
2437 2451 2493 2505 δὲ
2521 2452 2726 2523 βούλει,
2769 2454 3032 2508 Ὶοϐιανοῦ
3057 2472 3224 2519 τινος,
3262 2456 3295 2527 ἢ
3327 2456 3494 2510 ἄλλου
3531 2457 3641 2509 τῶν
3668 2459 3955 2510 τοιούτων·

2362 2546 2423 2608 ὃς
2459 2545 2640 2617 ζηλῶν
2668 2547 2749 2619 τῷ
2796 2548 3009 2619 Κυρίῳ,
3053 2549 3344 2602 σπεύσειεν
3377 2551 3688 2623 ἀνορθῶσαι
3715 2550 3787 2603 τὰ
3825 2568 3962 2604 κατ-

2363 2635 2722 2706 ερραγμένα,
2767 2637 3007 2707 συνάψαι
3038 2639 3108 2693 τὰ
3153 2639 3426 2695 διεστῶτα
3452 2681 3468 2706 ,
3500 2641 3804 2695 ἀποδοῦναι
3834 2641 3958 2712 Θεῷ

2360 2727 2431 2779 τά
2460 2726 2557 2779 τοῦ
2589 2727 2749 2797 Θεοῦ,
2775 2729 2838 2782 τὸ
2866 2729 2933 2800 δὴ
2955 2730 3270 2801 λεγόμενον,
3302 2734 3611 2803 ἀναστῆσαι
3636 2734 3741 2804 τὴν
3768 2735 3959 2787 εἰκόνα

2362 2817 2625 2888 Χριστοῦ,
2665 2822 2764 2891 τῆς
2790 2837 2851 2873 τε
2878 2821 3169 2885 Θεοτόκου,
3200 2824 3300 2876 καὶ
3326 2825 3560 2878 ἑκάστου
3604 2827 3715 2878 τῶν
3758 2828 3957 2894 ἁγίων*

2363 2908 2465 2979 οὑχ
2488 2910 2571 2962 ὅτι
2603 2910 2861 2965 πέπτωκέ
2895 2930 3025 2966 ποτε
3050 2914 3083 2984 ἡ
3112 2913 3351 2985 Χριστοῦ
3382 2915 3570 2980 εἰκὼν,
3602 2917 3810 2983 ἄπαγε’
3843 2917 3961 2970 ἀλλ’

2366 3023 2455 3078 ἵνα
2482 3028 2534 3077 οῖ
2567 3025 2824 3090 πεσόντες
2854 3028 3040 3099 ἡμεῖς,
3072 3031 3142 3099 τῇ
3190 3028 3418 3101 ἀσεϐείᾳ
3441 3072 3457 3097 ,
3487 3024 3959 3102 ἀνασταθείημεν.

2365 3116 2620 3171 Τοιοῦτον
2643 3119 2990 3190 ἐπευχόμεθα
3020 3121 3069 3173 oi
3101 3122 3422 3191 ἁμαρτωλοὶ
3450 3125 3545 3177 καὶ
3582 3125 3823 3194 φανῆναι
3864 3125 3961 3178 καὶ

2366 3209 2586 3265 ἔσεσθαι
2613 3210 2705 3265 τὸν
2734 3211 3126 3266 εὐσεϐέστατον
3148 3212 3380 3283 βασιλέα
3406 3215 3502 3268 καὶ
3528 3214 3962 3286 θεοπρόϐλητον.

2368 3303 2477 3357 Καὶ
2506 3304 2557 3357 εί
2593 3304 2693 3376 μὲν
2719 3302 2928 3371 οὕτως,
2962 3302 3188 3375 ἄριστον
3238 3306 3336 3358 καὶ
3380 3307 3460 3370 εἰς
3502 3306 3707 3371 αἰῶνας
3754 3309 3960 3379 ὑμνού-

2369 3413 2553 3468 μενον.
2593 3397 2656 3450 Ei
2700 3396 2757 3451 δὲ
2798 3397 2944 3450 κατὰ
2975 3397 3076 3460 τὰς
3119 3396 3401 3467 ἁμαρτίας
3432 3413 3537 3466 μου
3561 3438 3578 3464 ,
3619 3398 3724 3468 οὐχ
3760 3399 3961 3463 οὕτως.

2364 3487 2503 3543 ἀλλά
2535 3505 2601 3558 γε
2651 3491 2814 3561 ἡμεῖς
2846 3489 3020 3554 οὕτως
3052 3491 3111 3543 ὲν
3144 3492 3210 3560 τῇ
3243 3489 3509 3562 ὁμολογίᾳ
3550 3491 3827 3561 Χριστοῦ,
3886 3495 3962 3564 μὴ

2364 3581 2760 3653 ὀλιγωροῦντες
2806 3582 2909 3653 τῆς
2954 3582 3118 3651 ἁγίας
3166 3582 3336 3637 αὑτοῦ
3370 3584 3656 3654 φυλακῆς·
3713 3588 3854 3656 μηδέ
3908 3605 3962 3641 τι

2365 3676 2836 3748 ὑποπτήσσοντες·
2876 3677 3013 3748 μηδὲ
3044 3675 3375 3748 φοϐούμενοι
3406 3677 3534 3731 ἄλλο
3566 3695 3615 3730 τι
3651 3682 3761 3748 πρὸ
3791 3680 3963 3733 Θεοῐν

2364 3770 2442 3836 ὡς
2467 3772 2630 3835 αὐτὸς
2661 3771 2793 3835 Θεὸς
2824 3773 3111 3841 ἐγγυᾶται.
3146 3772 3334 3827 Ταῦτα
3376 3772 3657 3838 ὑπόδειξον
3682 3778 3801 3838 τοῖς
3834 3792 3962 3827 συν-

2367 3867 2729 3938 ομολογηταῖς
2757 3882 2875 3920 σουο
2900 3865 2995 3930 οὓς
3023 3866 3118 3921 καὶ
3139 3866 3272 3937 παρ’
3298 3866 3460 3937 ἡμῶν
3488 3868 3961 3937 προσαγόρευσον·

2368 3958 2491 4009 ἐπεὶ
2525 3961 2621 4010 καὶ
2650 3956 2839 4025 φίλους
2862 3956 2960 4009 καὶ
2987 3946 3232 4017 εὐσεϐεῖς
3261 3952 3356 4017 οῦς
3379 3953 3716 4022 δοκιμάζοις.
3768 3954 3962 4019 Ἀξιω-

2372 4049 2599 4120 θείημεν
2635 4051 2731 4102 καὶ
2762 4049 2855 4101 ἐπὶ
2883 4049 2985 4118 τῆς
3010 4049 3132 4101 κατ’
3162 4048 3478 4116 ὀφθαλμοὺς
3512 4045 3733 4115 όμ.λίας
3762 4046 3960 4100 ἐλθεῖν.

2372 4142 2437 4195 El
2464 4142 2521 4195 δὲ
2553 4142 2616 4195 οὑ
2641 4141 2866 4211 θελητὸν
2894 4139 3035 4208 Θεῷ,
3070 4138 3211 4210 χρῶ,
3254 4138 3453 4201 ἀδελφέ
3497 4154 3619 4209 μου,
3651 4136 3736 4205 τῷ
3772 4138 3961 4208 γράμ-

2374 4251 2527 4305 ματν
2562 4232 2785 4303 θεωρῶν
2811 4233 3059 4287 ἐντεῦθεν
3088 4232 3185 4286 καὶ
3208 4230 3608 4302 θεωρούμενος.
3658 4233 3712 4286 ’0
3728 4231 3963 4302 ἀδελφός

2372 4343 2468 4380 σου
2492 4327 2763 4391 Νικόλαος
2796 4326 3017 4399 θερμῶς
3039 4326 3461 4398 προσαγορεύει.

2444 4446 2563 4499 ΟΔ’.
2599 4475 2666 4485 -
2694 4444 2940 4515 Μιχαὴλ
2969 4444 3363 4515 αὐτοκράτορι
3402 4444 3675 4511 βασιλεῖ.
3753 4441 3959 4517 [υιιδη

997 4555 1190 4606 Novum
1220 4559 1570 4619 imperatorem
1599 4564 1794 4624 magnis
1818 4562 2086 4625 praeconiis
2119 4562 2339 4625 extollit,
2363 4553 2695 4616 orthodoxum
2724 4572 2881 4617 ratus.
2908 4567 3109 4630 (Baron.
3137 4580 3217 4616 an.
3242 4566 3355 4627 82l,
3378 4580 3431 4616 n.
3458 4565 3563 4629 2i.)

750 4659 993 4732 Equum
1043 4671 1322 4731 estquam
1366 4666 1607 4720 maxime
1662 4666 1769 4721 hoc
1800 4676 2046 4736 tempore
2078 4683 2144 4723 ex
2172 4683 2260 4722 ore

2440 4671 2660 4724 Δίκαιόν
2694 4671 2845 4724 ἔστιν
2894 4672 2979 4725 ὅτι
3022 4672 3258 4741 μάλιστα
3301 4673 3361 4724 ὲν
3394 4670 3474 4741 τῷ
3512 4672 3744 4744 παρόντι
3780 4674 3961 4745 καιρῷ

680 4761 945 4821 omnium,
999 4758 1094 4828 qui
1159 4758 1600 4827 persecutionem
1654 4758 1801 4827 passi
1858 4768 2025 4823 sunt,
2079 4760 2268 4829 parari

681 4850 919 4913 laudem,
986 4850 1225 4918 primum
1286 4850 1506 4919 quidem
1578 4849 1800 4905 Christo
1876 4851 2265 4906 universorum

681 4944 794 5013 regi
828 4961 841 4997 :
890 4943 1086 5008 deinde
1115 4950 1319 5008 vestro,
1368 4943 1634 4997 divinitus
1669 4945 1970 5000 constituto
2011 4946 2266 5016 imperio,

679 5051 777 5106 per
814 5036 958 5106 quod
994 5037 1171 5105 adepti
1201 5051 1394 5091 sumus
1420 5036 1810 5091 relaxationem
1842 5039 2034 5105 vincti,
2067 5040 2265 5096 dimis-

680 5129 893 5183 sionem
916 5129 1207 5193 careerati,
1252 5129 1687 5185 consolationem
1727 5130 1935 5196 amicti,
1969 5132 2262 5189 sanitatem

680 5222 977 5287 vulnerati,
1007 5223 1317 5278 libertatem
1348 5222 1727 5287 condemnati,
1755 5225 1991 5280 reditum
2018 5226 2262 5283 exsules.

682 5316 749 5371 Et
767 5317 985 5387 quidem
1011 5327 1156 5372 recte
1170 5316 1359 5372 videor
1376 5316 1691 5372 existimare
1708 5315 2067 5374 imitationem
2098 5320 2264 5376 Chri-

682 5412 754 5467 sti
801 5411 1089 5481 imperium
1147 5420 1388 5465 vestrum
1443 5409 1733 5465 futurum:
1773 5419 1835 5465 ut
1872 5412 2051 5467 simile
2092 5412 2259 5469 simili

682 5502 938 5569 reddens,
970 5503 1116 5558 dicat
1142 5519 1289 5559 nunc
1331 5513 1387 5559 et
1425 5502 1628 5573 ipsum,
1654 5519 1780 5559 cum
1803 5502 2023 5559 Christo
2054 5514 2108 5560 et
2137 5514 2262 5575 post

682 5594 986 5661 Christum,
1026 5597 1107 5649 Itis
1156 5598 1248 5666 qui
1279 5595 1577 5649 uinctisnnt
1608 5609 1627 5648 :
1666 5593 1857 5658 Exite;
1886 5606 1943 5649 et
1969 5596 2049 5650 his
2076 5597 2167 5665 qui
2204 5597 2260 5649 in

685 5686 910 5740 tenebris
943 5702 961 5740 :
999 5686 1322 5741 Revelamini
1345 5688 1385 5718 “
1409 5727 1425 5753 ,
1467 5696 1523 5743 ct
1559 5704 1572 5741 :
1634 5686 1947 5741 Benedictus
2001 5687 2259 5744 Dominus

2372 4763 2438 4815 ἐκ
2477 4763 2746 4833 στόματος
2776 4764 3033 4817 ἁπάντων
3067 4765 3177 4818 τῶν
3212 4764 3590 4834 δεδιωγμένων
3625 4767 3958 4834 καταρτίζε-

2374 4856 2500 4910 σθαι
2534 4853 2702 4920 αἶνον,
2738 4858 3176 4929 προηγουμένως
3218 4857 3317 4928 μὲν
3349 4856 3574 4927 Χριστῷ
3615 4856 3695 4925 τῷ
3734 4857 3954 4927 παμὸα·

2374 4949 2543 5013 σιλεῖ,
2576 4948 2769 5001 ἔπειτα
2796 4950 2875 5018 τῷ
2910 4949 3163 5020 ὑμετέρῳ
3197 4946 3586 5019 θεοπροϐλήτῳ
3618 4946 3817 5017 κράτει
3840 4990 3858 5014 ,
3892 4948 3959 5002 δι’

2372 5034 2433 5094 οῦ
2460 5040 2773 5111 ἐσχήκαμεν
2806 5041 2907 5109 τὴν
2944 5039 3325 5109 ἀπολύτρωσιν
3357 5037 3408 5090 οἱ
3436 5036 3833 5107 πεπεδημένοι,
3861 5038 3958 5109 τὴν

2371 5132 2566 5201 ἄφεσιν
2592 5134 2641 5185 oi
2685 5132 3160 5202 πεφυλακισμένοι
3184 5170 3202 5196 ,
3234 5130 3335 5200 τὴν
3374 5128 3725 5199 παράκλησιν
3768 5131 3817 5182 οἱ
3866 5148 3955 5183 τε-

2371 5226 2737 5296 τρυχωμένοι,
2773 5228 2874 5296 τὴν
2905 5224 3119 5292 ὑγίειαν
3155 5223 3206 5276 oi
3252 5221 3817 5291 τετραυματισμένοι,
3859 5223 3957 5295 τὴν

2370 5318 2693 5389 παρρησίαν
2748 5318 2797 5370 οἱ
2841 5312 3307 5385 κατακεκριμένοι
3335 5310 3490 5384 [Περ.
3546 5314 3663 5369 cod.
3718 5333 3957 5369 κατακε-

2368 5410 2740 5485 κρυμμένοι],
2797 5411 2897 5481 τὴν
2948 5405 3296 5478 ὑποστροφὴν
3344 5407 3396 5459 oi
3454 5407 3951 5479 πεφυγαδευμένοι.

2371 5501 2483 5557 Καὶ
2520 5520 2578 5585 γε
2607 5502 2815 5574 νομίζω
2840 5500 3022 5562 καλῶς
3047 5496 3478 5567 ὑπολαμϐάνειν,
3499 5497 3575 5562 ὡς
3600 5497 3951 5551 ὑποτύπωσιν

2369 5595 2611 5668 Χριστοῦ
2640 5596 2703 5649 τὸ
2728 5596 2828 5665 τῆς
2858 5591 3129 5664 ὑμετέρας
3156 5589 3435 5661 βασιλείας
3465 5590 3641 5655 πάθος
3666 5591 3951 5662 προϋπάρ-

2370 5690 2476 5756 ξαι·
2512 5690 2587 5755 ὡς
2618 5689 2686 5744 ἂν
2717 5687 2795 5759 τῲ
2823 5684 2995 5757 ὁμοίῳ
3023 5683 3083 5738 τὸ
3109 5684 3291 5755 ὅμοιον
3341 5684 3625 5755 δράσασα,
3669 5684 3819 5737 είποι
3860 5681 3951 5737 νῦν

758 5876 1014 5935 "Matth.
1040 5895 1149 5944 xxi,
1188 5879 1266 5934 il.
1330 5879 1370 5910 "
1396 5877 1586 5935 Matth.
1614 5894 1746 5947 nu,
1784 5877 1869 5933 2i.
1935 5877 1977 5910 ⁸³
2011 5876 2112 5933 lsa.
2138 5893 2283 5942 xm,
2312 5876 2365 5930 9.
2410 5908 2416 5915 -
