4164 6484
269 423 415 493 1309

1457 432 1990 494 EPISTULARUM
2046 435 2192 497 LIB.
2237 438 2320 530 ιι.

3388 431 3527 497 1310

266 549 366 599 καὶ
410 543 546 613 αὑτὴ
600 546 698 598 σὺν
729 543 948 615 Χριστῷ
994 546 1085 597 καὶ
1131 550 1269 614 μετὰ
1303 547 1564 617 Χριστοῦ,
1596 548 1723 614 τοῖς
1770 548 1841 603 ἐν

1947 546 2082 603 Deus
2111 551 2308 615 Israel,
2369 552 2621 621 quoniam
2650 552 2815 606 erexit
2839 566 3003 604 cornu
3045 549 3237 603 salutis
3284 547 3526 615 nobis",

264 636 540 706 δεσμοῖς,
577 636 900 700 Ἔξέλοετε·
934 638 1032 689 καί
1056 636 1181 703 τοῖς
1218 637 1288 691 ἐν
1312 636 1393 704 τῷ
1416 641 1621 695 σκότει
1642 641 1841 706 ,Ἀνα-

267 734 674 785 καλύπτεσηε.
712 730 842 794 Καὶ,
876 731 1225 799 Εὐλογητὸς
1250 734 1462 802 Κύριος
1499 738 1532 789 ὁ
1561 736 1706 803 Θεὸς
1732 735 1842 790 τοῦ

280 819 554 888 Ἰσραὴλ,
598 822 687 875 ὅτι
738 821 935 891 ἤγειρε
976 823 1156 891 κέρας
1195 827 1494 893 σωτηρίας
1530 827 1694 897 ἡμῖν,
1749 828 1841 882 τὸν

266 914 391 966 νέον
420 914 600 979 Δαυῖδ,
635 915 728 967 τὸν
757 914 1007 984 δεύτερον
1058 916 1290 981 Ἰωσίαν,
1318 918 1413 971 τὸν
1456 921 1557 989 τῆς
1586 922 1843 990 είρηναρ-

268 1002 399 1070 χίας
431 1002 673 1072 βασιλέα·
717 1004 776 1067 ὃς
818 1006 989 1058 ποιῶν
1018 1008 1236 1079 ποιήσει
1264 1009 1333 1063 τὰ
1364 1010 1573 1080 ἀρεστά
1601 1010 1721 1079 Θεῷ
1741 1026 1754 1039 ·
1784 1010 1845 1072 ὃς

266 1097 342 1148 τὰ
393 1097 717 1149 πεπτωκότα
767 1098 1134 1169 ἀναστήσειέ·
1173 1102 1241 1154 τὰ
1289 1102 1658 1173 διατμηθέντα
1716 1120 1843 1156 συν-

270 1188 456 1253 ἀψειε·
498 1190 729 1257 μοτώσει
761 1192 856 1244 καὶ
886 1194 1101 1259 ὑγιάσει
1127 1210 1142 1224 ·
1179 1196 1272 1247 καὶ
1319 1198 1384 1266 τῇ
1424 1196 1581 1266 τρίτῃ
1630 1197 1842 1267 ἡμέρᾳ,

268 1282 627 1349 προφητικῶς
663 1284 857 1343 είπειν,
888 1285 1261 1354 ἀναστήσειεν.
1309 1287 1527 1357 Ἐπειδὴ
1556 1288 1646 1343 δὲ.
1688 1287 1845 1357 βασι-

268 1372 367 1424 λεῦ
396 1373 829 1444 Χριστομίμητε,
860 1378 911 1428 οἱ
960 1375 1263 1444 φθάσαντες
1290 1378 1347 1429 ἐν
1384 1381 1450 1448 τῇ
1492 1379 1706 1446 αἱρέσει
1750 1396 1841 1432 τε·

268 1464 528 1535 λευτῆσαι
550 1470 606 1519 ὲν
637 1467 813 1536 μερίδι
840 1467 1117 1529 ἀπωλείας
1156 1466 1381 1538 ᾤχοντο,
1414 1469 1648 1539 Χριστὸν
1674 1470 1847 1540 ἠρνη-

272 1559 427 1625 μένοι
460 1561 523 1627 τῇ
560 1558 660 1626 τῆς
697 1559 906 1622 εἰκόνος
953 1559 1118 1612 αὑτοῦ
1151 1560 1411 1630 ἀρνήσει,
1440 1560 1546 1613 κᾶν
1578 1561 1843 1629 Χριστια-

268 1651 355 1702 νοὶ
398 1650 786 1719 ὀνομάζωνται.
837 1652 910 1705 Τὸ
936 1652 1044 1722 γάρ
1075 1670 1156 1704 τοι
1186 1653 1462 1706 πιστεύειν
1495 1656 1577 1716 είς
1611 1655 1845 1724 Χριστὸν

266 1744 422 1794 οὐδὲν
453 1743 638 1811 ἕτερον
667 1744 839 1808 ἐστιν,
880 1743 912 1814 ἢ
964 1744 1047 1796 ὅτι
1076 1744 1104 1795 ὀ
1140 1742 1267 1807 Υἱὸς
1304 1744 1397 1797 τοῦ
1427 1743 1563 1797 Θεοῦ
1606 1748 1705 1799 καὶ
1741 1748 1849 1799 lla-

267 1835 419 1905 τρὸς,
448 1834 731 1905 ἄνθρωπος
756 1834 995 1902 γεγονὼς
1025 1835 1229 1898 τέλειος
1252 1875 1267 1899 ,
1300 1835 1687 1900 ὲξεικονίζεται
1716 1838 1840 1891 καθ’

267 1926 529 1991 ὁμοίωσιν
580 1925 757 1994 ἡμῶν·
801 1925 886 1977 ἵνα
929 1925 1003 1996 μὴ
1057 1924 1188 1978 ἄλλο
1236 1944 1287 1979 τι
1340 1927 1425 1993 εἴη
1475 1928 1607 1997 παρ’
1654 1930 1834 1998 ἡμᾶς·
1871 1906 1915 1961 Β

272 2015 452 2085 μένων
504 2019 533 2070 ὁ
588 2017 750 2079 αὐτὸς
797 2016 1212 2086 ἀπερίγραπτος
1271 2018 1369 2071 σὺν
1422 2018 1596 2091 Πατρί
1642 2037 1701 2073 τε
1745 2020 1841 2075 καὶ

268 2109 573 2178 Πνεύματι,
598 2107 736 2160 καθό
759 2109 875 2160 ἐστι
902 2108 1033 2172 Θεὸς
1055 2108 1326 2179 ἀληθινός.
1351 2109 1539 2171 Οῦτως
1560 2106 1653 2165 οὖν
1673 2114 1842 2166 νοοῖτο

273 2203 500 2271 μεσίτης
528 2201 662 2254 Θεοῦ
702 2202 796 2254 καὶ
847 2199 1171 2270 ἀνθρώπων·
1203 2202 1280 2264 ὼς
1309 2202 1635 2274 ἀμφοτέρων
1667 2204 1843 2271 ἀμφό-

266 2310 403 2363 τερα
444 2294 603 2360 ἔχων,
649 2293 743 2346 καὶ
771 2294 828 2345 ὲν
875 2292 1119 2364 ἑκατέρῳ
1146 2294 1257 2346 οὐδ’
1284 2293 1464 2347 ὁτιοῦν
1499 2293 1838 2365 λειπόμενος·

266 2384 455 2446 καθὼς
488 2385 631 2446 ἄπας
663 2385 690 2436 ὁ
715 2386 825 2438 τῶν
856 2385 1132 2457 θεοφὸρων
1159 2386 1324 2457 χορὸς
1358 2387 1478 2459 βοᾷ.
1510 2389 1621 2442 Καὶ
1653 2388 1841 2458 ὥσπερ

269 2481 364 2531 ὲπὶ
392 2477 488 2531 τοῦ
520 2478 786 2549 ὑμετέρου
814 2479 1104 2550 κράτουςὴ
1135 2480 1416 2552 παραδοχὴ
1446 2484 1545 2551 τῆς
1569 2485 1843 2552 τυπουμέ-

266 2588 367 2639 νης
414 2572 641 2633 εἰκόνος,
690 2572 950 2641 ὁμολογία
1000 2573 1117 2625 ἐστὶ
1161 2573 1256 2627 τοῦ
1308 2574 1613 2643 βασιλεύειν
1660 2579 1841 2647 ὑμᾶς.

268 2662 520 2730 καθάπερ
550 2661 646 2714 καὶ
682 2661 744 2714 τὸ
770 2662 1023 2732 ἔμπαλιν·
1064 2662 1207 2717 οὓτω
1232 2664 1329 2717 καὶ
1358 2666 1451 2718 ἐπὶ
1486 2667 1723 2738 Χριστοῦ
1746 2668 1841 2721 τοῦ

271 2752 533 2821 βασιλέως
569 2752 749 2823 πάσης
781 2754 881 2823 τῆς
918 2755 1054 2824 γῆς,
1093 2755 1154 2807 τὸ
1182 2756 1313 2808 αὐτὸ
1356 2756 1472 2812 ἐστι
1506 2745 1717 2826 λαϐεῖν,
1747 2761 1841 2813 καὶ

271 2843 451 2911 πολλῷ
481 2844 696 2913 μᾶλλον,
722 2846 805 2898 ὅτι
850 2845 960 2913 τῆς
979 2846 1304 2913 βασιλείας
1323 2849 1509 2903 αὐτοῦ
1533 2853 1644 2905 οὐκ
1672 2852 1843 2907 ἔσται

269 2933 465 3000 τέλος.
499 2937 560 2987 Εί
587 2932 681 2988 οὖν
712 2938 770 2987 έν
818 2938 883 3007 τῇ
913 2937 1140 3007 ἀρνήσει
1181 2940 1282 3008 τῆς
1324 2940 1532 3001 εἰκόνος
1579 2942 1839 3014 Χριστοῦ,

270 3024 435 3080 αὑτὸν
460 3027 728 3097 ὴρνῆσθαι
754 3028 990 3097 Χριστὸν
1012 3030 1389 3085 ἀποδέδεικται
1415 3034 1563 3105 πάσῃ
1590 3035 1840 3107 ἀληθείᾳ·

270 3116 514 3184 υηλονότι
561 3120 654 3170 καὶ
694 3118 752 3169 ὲν
798 3121 862 3189 τῇ
924 3118 1181 3188 ἀθετήσει
1233 3123 1334 3190 τῆς
1416 3126 1842 3197 προσκυνήσεως

270 3207 476 3316 αὐτῆςί
493 3208 654 3271 αὑτδς
683 3209 916 3279 Χριστὸς
950 3210 1211 3279 ἠθέτηται
1246 3216 1691 3282 προσκυνεῖσθαι.
1734 3220 1845 3272 Καί⁵
1873 3253 1918 3316 C

270 3298 357 3353 διὰ
384 3299 543 3352 τοῦτο
575 3302 608 3370 ἡ
640 3301 729 3353 ὑπ’
767 3302 996 3372 οὐρανὸν
1026 3304 1122 3356 ἀπ’
1156 3304 1320 3358 αὐτοῦ
1355 3309 1448 3360 τοῦ
1480 3310 1838 3366 ἀποστολικοῦ

273 3390 645 3461 κηρύγματος·
674 3391 748 3455 ὡς
782 3396 1049 3465 μαρτυρεῖ
1087 3396 1182 3448 καὶ
1219 3397 1252 3465 ἡ
1281 3396 1405 3465 ὄψις
1447 3398 1513 3452 δι’
1558 3402 1799 3473 ἱστορίας
1822 3444 1838 3468 ,

273 3485 369 3536 καὶ
412 3483 444 3553 ἡ
482 3484 618 3552 ἀκοὴ
650 3482 738 3536 διὰ
768 3483 1158 3554 λογογραφίας·
1188 3488 1285 3557 τὴν
1313 3490 1475 3557 ἁγίαν
1503 3493 1688 3546 είκόνα
1715 3496 1842 3559 Χρι.

275 3573 426 3634 ατοῦ,
456 3573 557 3642 τῆς
585 3574 882 3637 Θεοτόκου,
920 3574 1032 3627 τῶν
1065 3576 1334 3643 ἀγγέλων·
1369 3580 1555 3652 ἐπειδὴ
1590 3600 1840 3653 σωματο-

272 3665 610 3735 γραφοῦνται
644 3665 739 3717 καὶ
797 3658 942 3719 οὗτοι
992 3665 1417 3735 θεοκελεύστως,
1453 3672 1657 3743 καίπερ
1688 3674 1840 3739 ὄντες

272 3755 576 3826 ἀσώματοι,
603 3757 713 3809 τῶν
741 3758 882 3810 κατὰ
913 3757 1101 3827 καιρὸν
1136 3758 1327 3828 ἁγίων,
1368 3761 1426 3815 ἐν
1450 3779 1508 3814 τε
1535 3768 1648 3829 τοῖς
1677 3766 1841 3832 Θείοις

272 3849 446 3910 ναοῖς,
481 3848 574 3901 καὶ
609 3848 774 3916 ίεροίς
804 3847 1023 3900 σκεύεσι
1056 3850 1296 3918 φέρουσά
1327 3854 1442 3905 ἐστι
1476 3857 1570 3907 καὶ
1604 3874 1845 3925 προσκυ-

272 3938 461 3992 νοῦσα.
504 3939 619 3991 Κᾶν
672 3938 797 4009 ἄρτι
834 3941 866 4006 ἡ
912 3939 1035 3992 καθ’
1079 3943 1228 4011 ἡμᾶς
1282 3942 1578 4013 Ἐκκλησία
1620 3947 1846 4020 διαρρα-

272 4032 435 4097 γείσα
454 4029 563 4081 τῶν
592 4032 876 4100 τεσσάρων
895 4033 1272 4104 πατριαρχῶν,
1301 4035 1543 4106 ὴνόμησε
1564 4038 1840 4111 διακενῆς.

285 4123 447 4176 Ἀλλὰ
503 4123 619 4176 νῦν·
658 4124 861 4192 καιρὸς
902 4125 1380 4192 εὐπρόσδεκτος,
1412 4128 1648 4185 δέσποτα
1691 4134 1844 4201 φιλο-

271 4213 622 4287 χριστὸτατε·
666 4217 783 4269 νῦν
827 4216 1016 4284 ἡμέρα
1061 4218 1395 4287 σωτηρίας,
1440 4222 1846 4294 καταλλαγῆναι

268 4307 422 4376 ἡμᾶς
452 4306 704 4376 Χριστῷ,
739 4309 804 4377 τῇ
848 4308 1098 4377 μεσιτεία
1142 4310 1237 4361 καὶ
1277 4309 1499 4382 εὐδοκία
1528 4312 1625 4381 τῆς
1659 4318 1845 4385 εἰρην-

270 4396 441 4466 άρχου
491 4412 584 4447 σου
641 4395 953 4463 βασιλείας·
1004 4398 1273 4467 ἐνωθῆναι
1323 4402 1472 4470 ἡμᾶς
1521 4406 1586 4473 τῇ
1625 4411 1839 4477 κορυφῇ

269 4484 383 4536 τῶν
422 4484 759 4555 Ἐκκλησιῶν
783 4485 874 4537 τοῦ
897 4485 1031 4537 Θεοῦ
1073 4487 1282 4559 Ῥώμῃ·
1317 4489 1412 4541 καὶ
1438 4489 1508 4543 δι’
1535 4493 1706 4563 αὐτῆς
1732 4497 1845 4556 τοῖς

1942 659 2140 699 novum
2159 644 2344 707 David,
2362 646 2587 699 alterum
2599 642 2823 706 Josiam,
2844 642 3055 714 pacitlci
3074 641 3287 711 imperii
3310 655 3487 709 regem
3509 658 3523 695 :

1941 738 2034 808 qui
2080 737 2284 793 faciens
2311 738 2475 791 faciet
2499 751 2620 807 quae
2644 736 2842 805 placita
2892 744 3018 791 sunt
3043 732 3154 787 Deo
3184 750 3198 788 :
3230 733 3324 802 qui
3375 734 3528 799 lapsa

1942 829 2214 891 restituet,
2254 828 2844 897 dissecta'conjunget,
2892 826 3162 895 percutiet
3189 831 3245 878 et
3278 822 3522 886 sanabit,

1942 931 1997 975 et
2029 922 2186 975 tertia
2219 922 2325 983 die,
2361 930 2421 976 ut
2459 920 2775 990 prophetice
2826 920 3021 988 loquar
3046 918 3114 983 “,
3146 916 3520 971 resuscitabit.

1945 1013 2214 1079 Quoniam
2250 1024 2456 1076 autem,
2487 1012 2695 1067 Christi
2728 1012 2923 1065 azmule
2950 1011 3266 1078 imperator,
3300 1022 3441 1077 quos
3468 1008 3525 1061 in

1947 1104 2137 1159 haeresi
2197 1119 2347 1158 mors
2391 1105 2695 1174 occupavit,
2752 1105 2787 1158 ii
2835 1106 2893 1158 in
2947 1102 3269 1171 perditionis
3315 1110 3526 1171 partem

1947 1198 2221 1260 abierunt,
2261 1197 2539 1251 Christum
2602 1204 2863 1262 negantes
2898 1194 3028 1249 dum
3070 1194 3190 1263 ejus
3232 1193 3529 1264 imaginem

1948 1298 2247 1359 negarunt,
2292 1289 2545 1359 quamvis
2570 1287 2870 1341 Christiani
2923 1287 3348 1356 appellarentur.
3402 1284 3531 1339 Cre-

1947 1381 2076 1435 dere
2102 1381 2247 1435 enim
2284 1382 2338 1434 in
2372 1380 2647 1435 Christum
2695 1380 2830 1432 nihil
2864 1379 3011 1432 aliud
3039 1389 3147 1441 est,
3182 1394 3346 1447 quam
3378 1377 3528 1448 quod

1947 1470 2120 1529 Filius
2161 1472 2252 1528 Dei
2291 1483 2345 1528 et
2371 1472 2575 1539 Patris,
2614 1472 2889 1543 perfectus
2949 1472 3114 1526 homo
3148 1469 3348 1535 factus,
3390 1470 3529 1524 ima-

1948 1564 2073 1634 gine
2092 1565 2419 1633 exprimitur
2443 1564 2746 1619 secundum
2788 1563 3206 1620 similitudinem
3234 1574 3480 1617 nostram
3509 1580 3524 1616 :

1948 1665 2011 1710 ut
2039 1670 2143 1710 non
2173 1657 2247 1710 sit
2275 1656 2422 1710 aliud
2472 1656 2752 1725 quidpiam
2807 1670 2971 1723 quam
3003 1670 3195 1709 sumus
3233 1669 3333 1708 nos
3363 1671 3377 1707 :
3417 1668 3528 1707 ma-

1950 1763 2086 1802 nens
2112 1750 2253 1802 idem
2302 1748 2810 1816 incircumscriptus
2834 1762 2961 1801 cum
3000 1745 3159 1801 Patre
3192 1754 3249 1801 et
3294 1745 3525 1814 Spiritu,

1951 1850 2221 1911 quatenus
2262 1850 2346 1895 est
2403 1856 2566 1895 verus
2610 1842 2769 1895 Deus.
2820 1840 2911 1895 Sic
2950 1840 3137 1911 itaque
3184 1841 3522 1909 intelligatur

1948 1931 2213 1985 mediator
2237 1928 2331 1984 Dei
2354 1937 2408 1984 et
2445 1930 2749 1993 hominum,
2783 1939 3041 2000 tanquam
3069 1930 3356 1999 utriusque
3382 1940 3530 1984 utra-

1948 2038 2054 2091 que
2103 2022 2327 2086 habens,
2364 2030 2419 2077 et
2468 2022 2523 2076 in
2548 2023 2755 2077 utrovis
2798 2023 2946 2076 nulla
2993 2032 3147 2091 parte
3173 2021 3469 2076 destitutus
3510 2041 3524 2076 :

1948 2112 2093 2167 sicut
2125 2112 2302 2165 omnis
2328 2120 2641 2167 sanctorum
2675 2110 2896 2166 Patrum
2931 2112 3135 2166 chorus
3168 2110 3526 2167 vociferatur.

1947 2203 2015 2258 Et
2064 2202 2208 2259 sicut
2262 2204 2316 2258 in
2373 2204 2604 2271 imperio
2668 2214 2889 2267 vestro,
2941 2218 3216 2272 expressa:
3270 2202 3523 2273 imaginis

1948 2294 2244 2363 susceptio,
2276 2294 2553 2350 confessio
2587 2302 2670 2349 est
2698 2295 2907 2364 imperii
2936 2294 3104 2349 vestri
3134 2310 3149 2355 ;
3183 2302 3238 2349 et
3275 2305 3466 2349 contra
3509 2308 3525 2346 :

1948 2386 2023 2440 ita
2051 2394 2105 2441 et
2135 2386 2190 2439 in
2221 2383 2440 2440 Christo
2476 2401 2600 2455 rege
2626 2386 2896 2441 universae
2943 2394 3105 2440 terrae
3141 2386 3280 2440 idem
3310 2399 3528 2440 sumere

1948 2477 2094 2541 licet,
2111 2492 2175 2532 ac
2204 2477 2377 2531 multo
2396 2477 2587 2547 magis,
2607 2477 2737 2547 quia
2767 2478 2916 2548 regni
2936 2477 3049 2546 ejus
3073 2493 3177 2530 non
3205 2476 3305 2530 erit
3327 2477 3524 2545 ﬁnis".

1949 2568 2007 2624 Si
2035 2584 2167 2639 ergo
2195 2568 2246 2622 in
2280 2568 2568 2639 negatione
2596 2567 2852 2638 imaginis
2884 2568 3111 2633 Christi,
3138 2568 3322 2638 negari
3356 2568 3519 2621 Chri-

1949 2670 2093 2715 stum
2127 2661 2329 2730 ipsum,
2361 2661 2511 2714 omni
2544 2659 2774 2714 veritate
2806 2659 3239 2715 demonstratum
3264 2668 3378 2723 est;
3408 2675 3531 2728 per-

1948 2756 2197 2824 spicuum
2246 2763 2413 2809 estet
2444 2755 2498 2808 in
2529 2754 2868 2809 adorationis
2924 2753 3044 2824 ejus
3096 2754 3524 2823 improbationc,

1949 2844 2155 2899 Christi
2194 2858 2413 2915 quoque
2444 2843 2617 2910 ipsius
2640 2843 3017 2899 adorationem
3045 2842 3321 2913 abrOgari.
3349 2844 3529 2912 Atque

1950 2935 2070 2989 ideo
2098 2934 2354 2989 universa
2388 2949 2509 3003 quae
2532 2934 2634 2989 sub
2660 2935 2800 2989 caelo
2830 2943 2933 2999 est,
2970 2936 3040 2988 ab
3065 2934 3184 3004 ipsa
3215 2936 3520 3004 apostolica

1949 3027 2353 3096 praedicatione,
2391 3036 2448 3081 ut
2482 3034 2713 3081 testatur
2736 3035 2791 3080 et
2817 3035 3076 3095 aspectus
3108 3041 3204 3096 per
3228 3027 3523 3095 picturam,

1950 3128 2003 3172 et
2038 3119 2258 3173 auditus
2296 3133 2395 3188 per
2443 3117 2643 3187 scripta
2678 3126 3058 3182 monumenta,
3099 3126 3345 3174 sanctam
3385 3118 3524 3171 ima-

1950 3210 2128 3280 ginem
2191 3208 2415 3275 Christi,
2474 3209 2737 3279 Deiparze,
2795 3209 3114 3279 angelorum
3148 3209 3522 3279 (quandoqui-

1948 3302 2070 3357 dem
2100 3310 2155 3357 et
2185 3303 2271 3357 isti
2312 3317 2436 3357 cum
2484 3316 2718 3371 corpore
2770 3301 3069 3371 pinguntur
3122 3301 3312 3354 divino
3368 3316 3526 3355 man-

1947 3395 2096 3460 dato,
2149 3393 2277 3449 licet
2316 3394 2427 3449 sint
2471 3394 2827 3462 incorporei),
2866 3401 2921 3447 et
2965 3401 3283 3447 sanctorum
3317 3392 3410 3462 qui
3440 3392 3528 3447 di—

1945 3487 2118 3543 versis
2164 3486 2500 3557 temporibus
2557 3484 2799 3550 fuerunt,
2848 3482 2903 3537 in
2955 3482 3157 3538 divinis
3187 3481 3405 3552 templis
3438 3496 3527 3536 sa-

1945 3579 2163 3648 crisque
2207 3579 2352 3632 vasis
2394 3577 2534 3647 gerit
2579 3588 2631 3632 et
2660 3576 2876 3631 adorat.
2923 3574 3192 3641 Quamvis
3217 3589 3393 3642 nuper
3417 3573 3525 3628 Ec-

1945 3671 2109 3725 clesia
2174 3678 2358 3724 nostra
2413 3684 2445 3723 a
2498 3679 2731 3737 quatuor
2778 3662 3107 3737 patriarchis
3151 3664 3385 3729 divulsa,
3430 3680 3528 3720 ne-

1949 3764 2245 3834 quidquam
2296 3761 2648 3831 prazvaricata
2681 3768 2786 3815 est.
2822 3758 2930 3813 Sed
2962 3774 3102 3811 nunc
3140 3766 3340 3827 tempus
3373 3774 3525 3811 accc-

1947 3854 2162 3924 ptabile,
2230 3853 2458 3909 Domine
2511 3851 2717 3907 Christi
2773 3851 3173 3916 amantissime,
3222 3867 3358 3903 nunc
3410 3850 3526 3904 dies

1948 3945 2139 4001 salutis
2162 3946 2207 3978 ¹⁸
2243 3965 2255 4001 :
2296 3956 2356 4000 ut
2408 3946 2824 4001 reconciliemur
2855 3958 2956 3999 nos
2990 3943 3233 4009 Christo,
3293 3944 3522 4013 auspice

1949 4046 2005 4093 et
2036 4038 2387 4094 conciliatore
2432 4047 2623 4108 pacato
2652 4036 2884 4106 imperio
2915 4044 3011 4089 tuo
3044 4052 3059 4089 :
3120 4042 3181 4089 ut
3262 4035 3527 4087 uniamur

1951 4146 2054 4185 nos
2102 4129 2293 4184 vertici
2329 4128 2695 4184 Ecciesiarum
2754 4128 2848 4183 Dei
2903 4126 3111 4191 Romae,
3152 4135 3207 4181 et
3257 4140 3353 4195 per
3400 4138 3524 4178 eam

1950 4223 2123 4277 tribus
2183 4219 2511 4289 patriarchis
2536 4238 2549 4274 :
2590 4229 2651 4274 ut
2683 4219 3019 4273 unanimiter
3048 4234 3159 4272 uno
3189 4231 3286 4272 ore
3316 4214 3525 4285 gloriﬁ-

1947 4329 2137 4368 cemus
2166 4311 2337 4369 Deum
2372 4322 2427 4370 et
2471 4312 2687 4367 Patrem
2735 4311 2950 4367 Domini
2981 4311 3153 4366 nostri
3199 4308 3331 4365 Jesu
3364 4306 3526 4363 Chri-

1945 4404 2038 4468 sti,
2095 4419 2222 4460 cum
2278 4402 2420 4458 Filio
2454 4413 2508 4459 et
2554 4402 2759 4474 Spiritu
2820 4410 3033 4466 sancto,
3079 4401 3417 4457 celebrantes
3470 4403 3528 4452 et

1944 4507 2187 4553 vestrum
2222 4498 2529 4568 piissimum
2564 4508 2618 4552 et
2652 4497 2809 4551 valde
2858 4494 3099 4565 optabile
3136 4493 3452 4563 imperium.
3501 4559 3505 4563 _

266 4578 421 4647 τρισὶ
449 4580 853 4649 πατριάρχαις·
887 4579 973 4631 ἵνα
1017 4580 1362 4650 ὁμοθυμαδὸν
1408 4585 1464 4635 ἐν
1503 4586 1605 4642 ἑνὶ.
1643 4587 1874 4657 στόματι
1908 4588 2221 4663 δοξάζωμεν
2255 4593 2346 4645 τὸν
2379 4590 2514 4644 Θεὸν
2559 4592 2655 4645 καὶ
2708 4590 2929 4659 Πατέρα
2976 4586 3073 4640 τοῦ
3116 4585 3321 4657 Κυρίου
3365 4583 3526 4655 ἡμῶν

284 4670 462 4740 Ἰησοῦ
509 4670 780 4742 Χριστοῦ,
826 4671 923 4724 σὺν
999 4670 1078 4741 τῷ
1110 4672 1225 4743 Υίῷ
1256 4675 1351 4727 καὶ
1399 4676 1678 4741 Πνεύματι
1753 4679 1914 4753 ἁγίῳ·
1953 4684 2349 4753 μεγαλύνοντες
2386 4683 2482 4737 καὶ
2518 4682 2616 4753 τὴν
2658 4682 2935 4753 ὑμετέραν
2977 4677 3383 4749 εὐσεϐεστάτην
3431 4676 3526 4731 καὶ

271 4768 601 4822 πολύευκτον
629 4767 931 4839 βασιλείαν.

476 4902 596 4954 OE'.
621 4929 693 4941 —
712 4899 992 4969 Στεφάνῳ
1032 4886 1412 4969 Ἀονηκρῆτις.
1444 4900 1629 4977 [taken]

2269 4902 2480 4961 LXXV.
2507 4932 2577 4945 —
2609 4902 2875 4971 Stephano
2902 4918 2935 4954 a
2962 4900 3185 4956 Secren's

266 5017 346 5068 De
379 5014 560 5065 Leonis
595 5018 798 5065 Armeni
840 5029 982 5066 nece.
1016 5017 1248 5078 Quaedam
1278 5019 1460 5087 deinde
1500 5033 1588 5079 pro
1630 5022 1923 5087 defensione
1946 5025 2214 5087 imaginum
2240 5037 2252 5072 :
2279 5027 2439 5085 utque
2496 5021 2777 5082 Stephanus
2816 5018 2914 5071 iste
2944 5017 3329 5070 orthodoxorum
3366 5030 3526 5071 causa

1412 5081 1569 5130 faveat
1600 5086 1729 5144 apud
1754 5099 1937 5135 novum
1962 5081 2335 5148 imperatorem.

337 5183 412 5261 Σὺ
462 5185 580 5251 μὲν,
610 5201 656 5237 ω
685 5184 941 5253 φιλότης,
986 5185 1441 5256 προσηγόρευσας
1480 5188 1632 5256 ἡμᾶς
1672 5188 1841 5241 πάλαι

2018 5191 2097 5244 Tn
2163 5189 2408 5259 quidem,
2456 5186 2649 5248 amice,
2708 5184 2918 5238 salvere
2972 5196 3071 5238 nos
3124 5181 3253 5236 olim
3297 5179 3517 5250 iussisti

266 5278 357 5333 διὰ
405 5277 590 5346 φωνῆς
621 5277 715 5330 τοῦ
763 5276 1132 5348 φρουροῦντος
1177 5280 1347 5349 ἡμᾶς·
1397 5272 1459 5331 οὗ
1508 5280 1841 5351 ῥυσθείημεν

267 5369 567 5439 ἀμφότεροι
594 5370 691 5438 τῆς
720 5368 937 5437 μανίας.
979 5368 1242 5439 Ἐπείπερ
1272 5370 1421 5423 ἐστὶν
1471 5371 1841 5442 ὑπερϐαλλόν-

268 5478 379 5523 τως
432 5460 611 5514 πνέων
651 5461 883 5530 ἀπειλῆς
929 5461 1025 5514 καὶ
1071 5461 1244 5533 θυμοῦ
1284 5465 1365 5526 είς
1398 5464 1527 5526 τοὺς
1571 5464 1837 5527 εὐσεϐεῖς·

268 5552 486 5621 δεσμῶν
516 5570 574 5606 τε
622 5556 716 5606 καὶ
759 5552 1032 5623 φρουρῶν,
1067 5553 1296 5618 αίκίζων
1348 5570 1407 5607 τε
1470 5554 1568 5608 καὶ
1620 5555 1842 5626 πορθῶν

269 5651 369 5715 τὰς
402 5650 699 5721 ἐκκλησίας
742 5649 837 5705 τοῦ
872 5649 1007 5704 Θεοῦ
1060 5652 1161 5704 σὺν
1199 5650 1352 5723 πάσῃ
1382 5650 1703 5721 βλασφημίᾳ
1746 5650 1841 5703 καὶ

271 5742 559 5813 παροινίᾳ·
593 5742 668 5805 ὡς
714 5743 814 5795 οὐκ
859 5737 956 5796 οἷδ’
990 5742 1042 5796 εί
1079 5758 1163 5805 τις
1191 5741 1344 5804 ἄλλος
1377 5741 1486 5794 τῶν
1520 5742 1577 5793 ὲν
1613 5740 1840 5811 ἀσεϐείᾳ

346 5857 393 5891 ³⁵
424 5855 555 5912 Luc.
618 5874 655 5922 t,
692 5858 760 5915 68
820 5858 909 5915 69.
990 5860 1031 5891 “
1060 5857 1187 5915 Osc.
1211 5875 1285 5924 vr,
1324 5859 1380 5926 ‘2,
1416 5859 1469 5914 5.

1550 5859 1591 5890 ⁸⁷
1622 5857 1753 5914 Luc.
1788 5873 1828 5923 ι,
1856 5857 1943 5912 55.

1950 5280 2097 5335 illius
2140 5294 2237 5334 ore
2279 5293 2311 5332 a
2350 5291 2462 5347 quo
2490 5277 2689 5346 captivi
2738 5283 2989 5329 tenemur
3021 5290 3036 5327 :
3076 5286 3108 5327 a
3136 5271 3301 5341 cujus
3337 5271 3524 5325 furore

1949 5374 2157 5428 utinam
2183 5372 2345 5427 ambo
2367 5370 2683 5425 liberemur.
2733 5367 2945 5437 Quippe
2994 5365 3173 5419 minas
3201 5378 3364 5432 supra
3397 5378 3523 5417 mo-

1947 5465 2080 5519 dum
2132 5464 2382 5532 iramque
2432 5462 2605 5530 spirat
2636 5460 2691 5514 in
2732 5473 2829 5513 eos
2858 5457 2953 5527 qui
2996 5457 3250 5526 pietatem
3282 5455 3469 5509 colunt
3503 5472 3520 5509 :

1947 5555 2004 5609 in
2037 5554 2258 5608 vincula
2287 5554 2678 5620 custodiasque
2708 5548 3031 5619 conjiciens,
3063 5547 3301 5609 credens,
3357 5553 3525 5613 atque

1946 5646 2220 5703 Ecclesias
2265 5645 2358 5700 Dei
2409 5654 2651 5705 vastans.
2701 5658 2825 5698 cum
2882 5641 3033 5697 omni
3076 5639 3431 5709 blasphemia
3466 5646 3524 5693 et

1946 5739 2292 5797 contumeliae
2336 5753 2579 5809 genere:
2621 5736 2897 5808 quomodo
2944 5734 3087 5791 haud
3129 5734 3243 5790 scio
3279 5747 3348 5787 an
3381 5731 3524 5788 alius

2025 5855 2067 5887 "
2100 5853 2141 5908 ll
2173 5852 2298 5915 Cor.
2337 5868 2408 5916 vr,
2436 5851 2493 5907 2.
