4164 6470
667 403 797 466 1311

1827 407 1890 468 8.
1932 405 2329 468 THEODORI

2401 404 2751 465 STUDIT/E
3801 399 3956 466 1312

660 512 836 580 egerit
862 526 1054 566 eorum
1087 512 1183 583 qui
1239 513 1517 584 impietate
1554 516 1747 570 famosi
1798 517 2080 570 exstitere.
2131 515 2244 584 Ego

2355 511 2840 582 κατεγνωσμένων.
2882 510 3026 578 Ἐγὼ
3061 509 3120 564 δέ
3156 527 3252 564 σου
3283 509 3495 563 ἐπαινῶ
3524 507 3586 562 τὺ
3605 507 3944 577 φιλόσοφον·

657 622 787 661 vero
820 607 1062 661 animum
1119 617 1274 662 tuum
1319 609 1759 678 philosophicum
1821 607 2004 672 laudo,
2039 616 2095 663 et
2120 608 2243 677 qui-

658 699 780 750 dem
812 699 936 767 jure
957 699 1188 766 optimo.
1220 699 1354 754 Nam
1387 701 1697 771 philosophi
1737 700 1862 767 fuit,
1894 715 2042 766 eam,
2075 716 2243 771 quam

657 790 787 854 scis,
826 790 968 859 apud
1004 791 1391 860 imperatorem
1427 793 1666 848 edidisse
1699 809 1912 860 vocem,
1946 795 2164 863 aliaque
2188 800 2247 847 et

657 882 884 946 dixisse,
918 893 971 937 et
1008 884 1258 939 molitum
1297 900 1415 939 esse
1448 901 1548 954 pro
1591 886 1943 940 restitutione
1973 885 2242 941 Ecclesia:

660 983 863 1028 nostra:
888 976 1164 1046 collapsas.
1190 976 1254 1030 Et
1281 992 1414 1033 sane
1440 979 1684 1048 oportuit
1715 979 2017 1048 sapientem
2041 982 2243 1044 virum,

657 1067 815 1136 cujus
849 1067 1022 1136 pietas
1057 1080 1341 1138 perspecta
1370 1081 1535 1135 esset,
1564 1071 1614 1124 id
1647 1082 1907 1141 praestare
1949 1072 2096 1140 quod
2129 1081 2244 1126 tum

656 1177 688 1214 e
725 1176 783 1214 re
833 1175 930 1214 sua
991 1171 1130 1224 erat,
1168 1173 1283 1215 tum
1338 1179 1368 1217 e
1418 1178 1475 1218 re
1527 1165 1695 1220 totius
1731 1166 1984 1235 corporis
2015 1165 2242 1230 Christi,

656 1255 803 1322 quod
848 1254 1018 1308 draco
1059 1255 1146 1309 ille
1197 1272 1432 1326 magnus
1473 1258 1815 1324 dilaceravit,
1854 1260 1948 1313 ille
1973 1270 2245 1328 apostata,

660 1347 749 1400 ille
778 1356 1062 1402 tortuosus
1092 1350 1310 1417 anguis,
1346 1351 1435 1405 ille
1469 1351 1794 1406 Antichristi
1827 1368 2156 1422 praecursor,
2184 1368 2250 1408 os

659 1436 934 1506 impurum
976 1448 1032 1492 et
1093 1442 1408 1506 scelestum,
1461 1442 1551 1496 ille
1594 1442 1688 1511 qui
1739 1458 1905 1510 supra
1954 1458 2117 1497 omne
2153 1443 2248 1498 Dei

660 1532 920 1599 templum
948 1532 1232 1586 extollitur
1254 1535 1320 1598 ",
1379 1549 1536 1589 mens
1588 1535 1676 1588 illa
1704 1536 1950 1605 Assyria,
2000 1535 2250 1589 barbari-

661 1637 759 1674 ens
784 1622 877 1675 ille
907 1623 1160 1688 abortus,
1216 1639 1414 1679 manus
1481 1625 1570 1679 illa
1602 1624 1780 1695 qualis
1835 1623 2070 1695 Rapsaci
2123 1624 2246 1689 fuit,

660 1712 796 1766 illud
826 1729 923 1768 cor
960 1714 1068 1768 Deo
1113 1726 1482 1780 exsecratum,
1535 1717 1625 1771 ille
1697 1727 1847 1773 totus
1889 1729 2132 1788 quantus
2165 1726 2252 1773 est

2344 607 2439 660 καὶ
2468 606 2615 676 μάλα
2661 605 2906 668 εἰκότως.
2931 606 3228 674 Φιλόσοφον
3257 607 3366 675 γὰρ
3394 605 3455 658 τὸ
3488 605 3647 678 ῥῆξαί
3684 621 3747 658 σε
3811 622 3942 673 φωε-

2344 703 2441 768 νὴν
2481 699 2574 751 ἐπὶ
2604 697 2698 750 τοῦ
2728 698 2963 768 κράτους
2987 697 3053 768 ἢν
3105 693 3274 762 οἶδαςο
3306 700 3377 752 τά
3421 715 3481 751 τε
3513 697 3677 750 λοιπά
3707 714 3806 750 σου
3841 697 3951 750 λα-

2344 789 2564 860 λήματᾶ
2626 805 2685 842 τε
2745 790 2842 842 καὶ
2909 788 3305 860 σπουδάσματα
3375 790 3518 862 ὑπὲρ
3577 789 3952 861 ἀνακλήσεως

2344 882 2443 952 τῆς
2476 881 2831 944 πεπτωκυίας
2863 880 2988 936 καθ’
3023 882 3172 951 ἡμᾶς
3199 882 3550 952 Ἐκκλησίας,
3604 883 3718 936 και
3767 883 3953 946 δντως

2346 974 2455 1027 ἔδει
2488 975 2578 1028 τὸν
2613 975 2772 1043 σοφὸν
2800 973 2988 1045 ἄνδρα,
3021 977 3116 1028 καὶ
3143 976 3545 1044 διεγνωσμένον
3575 977 3634 1027 ἐν
3657 974 3951 1045 εὐσεϐείᾳ,

2346 1067 2505 1120 τοῦτο
2549 1069 2702 1139 δρᾷν’
2741 1067 2880 1138 πρός
2908 1085 2968 1121 τε
2999 1069 3060 1121 τὸ
3101 1070 3302 1122 οἰκεῖον
3345 1068 3653 1137 συμφέρον,
3700 1068 3800 1119 καὶ
3851 1067 3952 1119 τοῦ

2349 1160 2471 1212 ὅλου
2500 1161 2755 1230 σώματος
2777 1162 3040 1231 Χριστοῦ·
3064 1163 3092 1215 ὃ
3118 1162 3364 1232 διέτεμεν
3388 1162 3416 1214 6
3444 1161 3662 1231 δράκων
3686 1163 3715 1213 6
3743 1161 3951 1228 μέγας,

2349 1251 2376 1302 6
2418 1253 2752 1318 ἀποστάτης,
2799 1255 2829 1305 6
2882 1253 3094 1316 σκολιὸς
3142 1253 3304 1322 ϐφις,
3345 1253 3409 1307 τὸ
3446 1252 3789 1323 προεισόδιον
3854 1249 3954 1304 τοῦ

2352 1343 2766 1413 Ἀντιχρίστου,
2808 1346 2841 1414 ἡ
2889 1349 3061 1416 μιαρὰ
3111 1348 3206 1398 καὶ
3250 1345 3577 1416 βλάσφημος
3611 1344 3876 1412 γλῶσσα.
3923 1343 3956 1396 6

2353 1435 2791 1506 ὑπεραιρόμενος
2829 1438 2922 1489 ἐπὶ
2958 1437 3138 1490 πάντα
3169 1438 3297 1490 ναὸν
3326 1436 3465 1491 Θεοῦ
3485 1477 3500 1500 ,
3529 1439 3557 1490 6
3586 1435 3713 1498 νοῦς
3742 1437 3772 1487 6
3821 1435 3956 1487 Ἀσ-

2355 1526 2579 1597 σύριος,
2630 1529 2690 1580 τὸ
2733 1529 3068 1600 βαρϐαρικὸν
3113 1528 3407 1598 ἐκτρωμα,
3465 1530 3498 1598 η
3547 1526 3956 1594 Ῥαψακοειδὴς

2352 1624 2475 1692 χεὶρ
2501 1667 2514 1686 ,
2547 1625 2580 1694 ἡ
2616 1623 3020 1696 θεοκατάρατος
3067 1622 3301 1692 καρδία,
3333 1625 3361 1675 6
3398 1622 3674 1690 ὁλόσωμος
3705 1617 3802 1671 τοῦ
3845 1619 3954 1670 Σα-

2352 1719 2492 1770 τανᾶ
2521 1718 2818 1787 ὑπηρέτηςο
2853 1719 2945 1771 καὶ
2975 1717 3075 1770 οὐκ
3108 1711 3248 1768 οἷδ’ὃ
3271 1732 3322 1768 τι
3355 1716 3547 1785 φράσω
3591 1713 3821 1778 ἐπάξιον
3851 1712 3949 1764 τοῦ

663 1803 882 1858 Satanae
909 1794 1197 1875 minister;
1248 1824 1367 1875 nec,
1405 1809 1607 1880 quibus
1638 1812 1822 1866 verbis
1864 1823 2073 1881 pestem
2110 1811 2252 1866 hanc

2356 1809 2639 1879 ἀλιτηρίου
2673 1809 2996 1880 κωμῴδημα
3017 1827 3030 1838 ·
3061 1808 3152 1860 διὰ
3193 1807 3295 1878 τὴν
3328 1807 3681 1875 πολυώνυμον
3713 1803 3812 1857 τοῦ
3859 1805 3954 1867 ἐξ·

664 1897 741 1950 υιὶ
769 1910 1012 1953 ineretur
1038 1901 1368 1965 describam,
1403 1903 1539 1956 satis
1579 1903 1695 1958 scio
1728 1921 1742 1957 :
1781 1919 1905 1958 cum
1938 1904 2128 1958 multis
2155 1921 2252 1974 ap-

2359 1875 2584 1961 αγίστου
2621 1875 3079 1967 ἀσέϐειαί-Πλὴν
3105 1875 3266 1951 sum;
3309 1897 3509 1968 χρόνου
3536 1897 3598 1948 τὸ
3623 1895 3805 1949 ταῦτα
3827 1895 3954 1946 δια-

661 1991 854 2058 pellari
884 1992 1202 2047 nominibus
1243 1995 1420 2064 possit
1462 1994 1660 2049 nefarii
1700 1995 1942 2051 hominis
1975 1997 2248 2067 impietas.

661 2081 768 2137 Sed
806 2085 1034 2139 alterius
1066 2087 1334 2156 temporis
1391 2087 1560 2142 fuerit
1616 2089 1719 2144 ista
1766 2105 2050 2146 enarrare.
2093 2089 2253 2146 Nunc

660 2184 843 2230 autem
878 2179 1011 2231 mihi
1050 2178 1194 2232 istud
1225 2178 1390 2243 refer,
1420 2195 1455 2234 o
1480 2181 1973 2247 desideratissime,
2013 2197 2249 2252 quomo-

660 2269 752 2330 do,
790 2277 1064 2324 transacta
1119 2270 1299 2326 hieme
1331 2313 1346 2336 ,
1399 2271 1703 2334 perfectum
1754 2290 1848 2329 ver
1880 2291 1988 2329 non
2015 2285 2120 2341 est,
2155 2274 2252 2330 sed

661 2369 874 2414 tantum
923 2362 1106 2417 brevis
1136 2362 1386 2432 quaedam
1427 2365 1720 2429 serenitas,
1753 2383 1818 2422 ac
1851 2384 2129 2440 prosperae
2159 2390 2254 2428 na-

662 2452 953 2520 vigationis
983 2469 1107 2523 spes
1135 2455 1423 2526 aﬂ‘ulgens.
1453 2457 1598 2528 Ignis
1625 2461 1936 2517 exslinctus
1967 2472 2052 2518 est
2078 2485 2091 2519 :
2121 2467 2253 2536 quid

663 2543 844 2598 adhuc
879 2541 1015 2597 fumi
1049 2545 1320 2614 reliquum
1349 2548 1481 2601 est?
1515 2546 1756 2603 Rursum
1804 2565 2061 2620 exsurge,
2107 2555 2257 2610 desi-

662 2636 873 2689 derium
907 2651 1113 2701 meum,
1168 2637 1364 2694 fortius
1403 2640 1629 2705 dimica,
1661 2641 1870 2698 Christi
1918 2648 2252 2703 membrum.

663 2729 781 2783 Non
816 2731 1009 2785 videtis
1040 2732 1291 2802 impium,
1325 2743 1382 2786 ut
1409 2733 1530 2804 igne
1555 2745 1819 2799 torretur,
1852 2741 2136 2806 quomodo
2165 2755 2256 2794 ce-

662 2825 857 2878 ciderit
885 2835 1050 2894 caput
1075 2837 1129 2880 et
1158 2827 1308 2880 dictu
1346 2837 1400 2882 et
1422 2829 1613 2882 auditu
1651 2831 2055 2886 exsecrandum
2081 2833 2104 2885 ?
2139 2832 2257 2890 Nisi

665 2933 766 2972 nos
796 2919 959 2988 hujus
1005 2919 1232 2974 exitium
1285 2922 1650 2990 sapientiores
1701 2924 1914 2988 reddat,
1969 2927 2150 2996 inquit
2196 2944 2258 2984 os

667 3011 798 3066 illud
823 3027 1079 3077 aureum,
1113 3013 1235 3082 quis
1266 3014 1442 3068 nostri
1473 3015 1666 3070 deinde
1699 3017 2094 3072 miserebitur?
2137 3018 2255 3074 Non

664 3105 1095 3174 evigilabiinns?
1122 3121 1228 3160 non
1257 3107 1651 3176 intelligemus,
1686 3110 1791 3164 nisi
1817 3109 2076 3166 Christus
2097 3128 2252 3181 spre-

2361 1993 2614 2061 στείχειν.
2648 1991 2762 2044 Νῦν
2789 1991 2843 2043 δέ
2875 2008 2965 2061 μοι
2989 1990 3146 2044 τοῦτο
3178 1989 3353 2056 λέξον,
3383 1983 3427 2042 ὦ
3460 1989 3762 2056 τριπόθητε
3786 2029 3802 2053 ,
3833 1986 3954 2051 πῶς

2358 2083 2453 2136 τοῦ
2504 2083 2772 2153 χειμῶνος
2822 2084 3186 2154 παρελθόντος
3230 2085 3292 2137 οὐ
3344 2083 3533 2136 τέλεον
3565 2084 3700 2150 ξαρ,
3746 2080 3870 2133 ἀλλ’
3917 2079 3952 2151 ἢ

2363 2176 2526 2245 μόνον
2565 2176 2867 2246 καλλιωρία
2907 2193 3010 2239 τις,
3042 2177 3138 2228 καὶ
3169 2174 3537 2244 ἀπαυγασμδς
3570 2172 3954 2241 εύπλοήσεως.

2361 2269 2435 2322 Τὸ
2483 2269 2597 2339 πῦρ
2628 2269 2918 2322 έσϐεσται’
2954 2270 3006 2321 τί
3055 2269 3135 2321 ἔτι
3182 2269 3468 2330 καπνῶδες
3515 2265 3952 2331 ύπολὲλειπταις

2361 2359 2632 2430 Κινήθητι
2659 2360 2772 2422 ἐτι,
2803 2358 3025 2428 πόθημα
3049 2359 3200 2429 ἐμόν·
3229 2359 3552 2426 διαγώνισαι
3587 2356 3816 2426 μᾶλλον,
3854 2357 3952 2426 μὲ-

2360 2450 2450 2514 λος
2479 2451 2740 2523 Χριστοῦ.
2775 2451 2887 2521 υὺχ
2917 2451 3079 2518 ὁρᾶτε
3118 2451 3210 2504 τὸν
3234 2449 3672 2516 ἁσεϐοκαύστην,
3702 2444 3819 2500 οἷον
3855 2449 3955 2501 πέ-

2362 2561 2602 2608 πτωκεν,
2628 2545 2889 2608 ἐξαίσιον,
2923 2546 3016 2598 καὶ
3046 2542 3399 2613 λαλούμενον,
3436 2543 3530 2596 καὶ
3570 2542 3952 2610 ἀκουόμενονς

2375 2635 2501 2686 Ἐὰν
2534 2637 2562 2687 ὁ
2595 2635 2748 2687 τοῦδε
2789 2635 3010 2706 ὄλεθρος
3037 2635 3100 2688 ού
3147 2633 3456 2705 σωφρονίσῃ
3500 2635 3646 2702 ἡμᾶς
3669 2675 3682 2692 ,
3725 2634 3897 2703 φησιν
3926 2634 3956 2684 6

2362 2727 2804 2798 Χρυσοίιρήμων,
2845 2730 2929 2794 τίς
2962 2729 3148 2783 λοιπὸν
3188 2729 3402 2794 ἐλεήσει
3447 2729 3624 2798 ήμᾰς;
3666 2729 3784 2780 Οὐκ
3815 2730 3952 2780 ἀνα-

2363 2819 2606 2889 νήψομεν
2632 2837 2647 2885 ;
2689 2822 2788 2875 οὐκ
2823 2824 3148 2893 ἐννοήσομεν
3177 2822 3259 2873 ὅτι
3288 2824 3336 2874 εί
3374 2819 3448 2890 μὴ
3477 2820 3712 2891 Χριστὸς
3746 2821 3954 2890 ἧρνητο

2362 2911 2734 2982 ἀθετουμένης
2781 2913 2949 2967 αὐτοῦ
2984 2914 3082 2983 τῆς
3131 2913 3295 2980 ἁγίας
3326 2913 3568 2977 εἰκόνος,
3610 2913 3711 2964 οὑκ
3749 2911 3818 2964 ἂν
3863 2910 3955 2961 τὶν

2362 3004 2565 3074 ταύτης
2631 3006 2894 3076 ὑϐριστὴν
2954 3005 3130 3066 οῦτως
3183 3005 3556 3074 ὠλεθρίωσεν;
3619 3003 3956 3055 Ἀκούσατε

2363 3097 2570 3158 ταῦτα,
2585 3100 2780 3152 πάντα
2802 3102 2871 3154 τὰ
2893 3100 3061 3165 ἕθνη⁶
3077 3099 3466 3158 ἐνωτίσασθε,
3487 3095 3710 3158 πάντες
3731 3096 3787 3146 οι
3817 3111 3956 3147 κατ-

667 3212 718 3252 ta
759 3199 930 3266 ipsius
957 3208 1148 3253 sancta
1196 3201 1435 3270 imagine
1484 3212 1800 3270 negaretur,
1856 3220 2139 3274 nunquam
2173 3205 2254 3260 fu-

2363 3190 2675 3256 οικοῡντες
2724 3192 2837 3258 τὴν
2872 3190 3260 3261 οἰκουμένην,
3294 3190 3348 3242 τί
3392 3189 3615 3257 γέγονεν
3666 3190 3725 3240 ἐν
3788 3188 3825 3240 Γ
3833 3204 3955 3257 ραι-

670 3299 852 3341 turum
882 3288 1051 3344 fuisse
1077 3299 1136 3342 ut
1169 3290 1425 3359 imaginis
1472 3302 1907 3362 contemptorem
1943 3297 2022 3350 sic
2062 3299 2254 3364 perde-

2363 3286 2503 3344 xoi;.
2535 3284 2647 3353 Πρὸ
2682 3285 2775 3337 τοῦ
2817 3285 3186 3355 ’Δντιχρίστου
3247 3283 3638 3353 Ἀντίχριστοςο
3687 3281 3836 3352 ἦρθη
3863 3279 3954 3347 ἀφ’

669 3382 783 3435 ret?
818 3383 1008 3435 Audite
1067 3384 1199 3447 hazc,
1234 3400 1410 3438 omnes
1451 3398 1625 3454 gentes
1655 3401 1674 3438 :
1715 3388 1934 3441 auribus
1977 3391 2250 3458 percipite,

2366 3374 2526 3444 ημῶν
2556 3379 2616 3427 τὸ
2650 3379 2876 3446 σημεῖον
2908 3379 3004 3448 τῆς
3036 3377 3315 3448 βασιλείας
3348 3377 3441 3430 τοῦ
3474 3375 3737 3446 Χριστοῦ.

669 3489 844 3525 omnes
874 3475 964 3542 qui
993 3475 1250 3528 habitatis
1290 3477 1466 3529 orbem
1484 3477 1553 3540 '°,
1585 3478 1716 3546 quid
1740 3477 1885 3548 apud
1949 3479 2170 3536 Graecos
2227 3484 2506 3540 acciderit.
2573 3487 2715 3542 Ante
2774 3488 3173 3544 Antichristnin
3220 3487 3596 3542 Antichristus
3634 3503 3648 3540 :
3705 3493 3954 3553 ereptum

673 3569 832 3621 nobis
865 3567 1017 3636 regni
1042 3567 1248 3622 Christi
1285 3568 1527 3637 signum.

741 3659 877 3713 Nam
939 3660 983 3712 si
1015 3662 1158 3714 istud
1197 3660 1341 3729 quod
1385 3669 1469 3714 est
1519 3661 1694 3730 ipsius
1750 3661 1942 3718 formae
1986 3680 2254 3735 corporea

2441 3668 2503 3720 Εί
2539 3667 2646 3738 γὰρ
2679 3666 2752 3738 μὴ
2778 3665 2955 3726 τοῦτο.
2980 3669 3114 3738 ὅπερ
3149 3667 3267 3719 ἐστὶ
3288 3666 3350 3718 τὸ
3381 3665 3610 3733 ῐνδαλμα
3643 3663 3738 3717 τοῦ
3765 3682 3953 3736 σωμα-

673 3751 1049 3813 simulacrum,
1111 3753 1254 3820 apud
1298 3767 1398 3806 nos
1439 3769 1548 3806 non
1582 3765 1808 3824 apparet
1845 3758 2028 3813 crucis
2077 3768 2254 3828 typum

2367 3760 2521 3812 τικοῦ
2549 3758 2712 3812 αὑτοῦ
2747 3759 3095 3828 χαρακτῆρος
3118 3775 3130 3787 ο
3158 3757 3514 3826 ἐμφανίζοιτο
3538 3759 3595 3807 ἐν
3618 3759 3752 3826 ημῖν
3783 3774 3955 3827 καρηο

673 3843 847 3913 capite
885 3858 1116 3913 gerens;
1150 3843 1243 3898 sed
1285 3860 1455 3897 unum
1486 3845 1758 3914 rejicitur,
1798 3847 2029 3901 alterum
2067 3849 2254 3903 admit-

2371 3851 2572 3920 φοροῦν
2599 3852 2692 3903 τὸν
2733 3852 2905 3904 τύπον
2935 3849 3030 3903 τοῦ
3077 3848 3348 3918 σταυροῦο
3391 3848 3528 3902 ἀλλὰ
3569 3849 3632 3900 τὸ
3669 3848 3770 3916 μὲν
3800 3850 3955 3920 ἐκρί·

675 3935 840 3999 titur;
887 3934 1098 3988 divisus
1137 3943 1222 3988 est
1263 3933 1560 3990 Christus:
1613 3937 1697 3992 vel
1737 3937 1924 4008 potius
1960 3937 2254 4008 despicitur

2370 3960 2591 4006 πτοιτο,
2621 3942 2682 3996 τὸ
2712 3942 2769 3996 δέ
2788 3942 3224 4014 προσείληπται·
3271 3941 3602 4012 μεμέρισται
3625 3941 3893 4010 Χριστός·
3921 3941 3953 4011 ἢ

675 4043 766 4081 rex
835 4029 927 4097 qni
980 4027 1259 4082 diabolum
1318 4028 1640 4096 interemit;
1705 4030 1921 4085 hastam
1969 4046 2100 4086 vero
2156 4046 2254 4101 qua

2373 4036 2574 4106 μᾶλλον
2595 4037 2624 4089 6
2643 4034 2896 4106 βασιλεὺς
2915 4035 3262 4089 ἀπέπτυσται
3283 4035 3312 4087 6
3337 4033 3556 4096 κτείνας
3576 4033 3666 4086 τὸν
3685 4033 3952 4087 διάϐολον·

679 4122 888 4174 hostem
917 4119 1180 4187 confodit,
1220 4134 1342 4189 qua:
1372 4129 1456 4174 est
1505 4120 1684 4189 ipsius
1721 4121 1992 4190 potentia,
2021 4121 2254 4191 alligavit

2370 4127 2434 4180 τὸ
2460 4128 2588 4196 δόρυ
2617 4127 2673 4180 δὲ
2707 4126 2772 4181 δι’
2791 4123 2853 4181 οῦ
2871 4128 2961 4181 τὸν
2991 4126 3187 4198 ἐχθρὸν
3205 4124 3428 4195 ἔσφαξε,
3451 4126 3512 4178 τὸ
3535 4124 3728 4177 τούτου
3752 4126 3954 4194 κράτος

680 4212 825 4282 regia
884 4221 1158 4282 potestas;
1210 4227 1334 4266 eum
1387 4212 1481 4281 qui
1534 4211 1828 4276 interemit,
1881 4213 1999 4282 pari
2041 4213 2254 4269 victori:

2375 4221 2675 4291 ἀνεδήσατο
2703 4221 2962 4290 διάδημα’
2988 4221 3073 4273 ἐπ’
3095 4220 3186 4292 ῐσῃ
3214 4220 3342 4292 νίκῃ
3358 4217 3453 4270 τοῦ
3487 4217 3791 4285 σφαγέντος
3822 4219 3953 4270 ὑπο-

681 4320 803 4356 cnm
833 4319 899 4359 eo
935 4306 1028 4374 qni
1069 4315 1384 4374 peremptus
1407 4314 1513 4368 est,
1551 4314 1813 4373 tanquam
1846 4305 2061 4362 hostem
2094 4308 2254 4378 subji-

2373 4313 2562 4378 τάξαν,
2605 4315 2680 4378 ὼς
2713 4315 2929 4385 ἐχθρὸν,
2979 4314 3071 4366 τὸν
3104 4309 3548 4380 κατασφάξαντα.
3593 4312 3827 4376 Ἄκουε,
3855 4313 3953 4364 οὺ-

681 4398 830 4450 ciens
859 4417 870 4448 ε
897 4397 1058 4460 Audi,
1087 4396 1294 4459 caelum,
1317 4405 1365 4450 et
1389 4399 1606 4450 auribus
1623 4399 1854 4466 percipe,
1879 4409 2022 4452 terra
2040 4400 2108 4454 ⁹¹.
2135 4400 2254 4467 Quit

2366 4407 2551 4475 ρανὲ,
2597 4409 2695 4460 καὶ
2731 4407 3028 4468 ἐνωτίζου.
3056 4405 3154 4475 γῆ.
3201 4405 3300 4468 Τίς
3332 4405 3365 4475 η
3403 4403 3660 4466 ἔκστασις
3712 4404 3856 4473 αῦτη
3892 4406 3954 4473 ἢν

683 4493 785 4544 iste
851 4501 1040 4557 stupor
1089 4491 1184 4560 qui
1239 4490 1333 4544 Dci
1384 4492 1647 4559 populum
1676 4491 2051 4545 dementavit?
2095 4493 2254 4557 Audi,

2372 4499 2562 4567 ἐξέστη
2593 4499 2622 4550 6
2650 4498 2774 4568 λαὸς
2803 4497 2895 4550 τοῦ
2920 4496 3055 4549 Θεοῦ
3078 4514 3097 4562 ;
3125 4495 3346 4560 Ἄκουε,
3368 4494 3622 4563 Ἀνατολὴ
3653 4497 3748 4548 καὶ
3776 4497 3953 4558 Δύσις,

683 4580 877 4638 Oriens
903 4592 954 4636 et
985 4581 1274 4646 Occidens,
1328 4584 1604 4651 quomodo
1637 4593 1904 4637 excaecata
1937 4593 2022 4638 est
2060 4582 2254 4654 Byzan-

2375 4590 2524 4652 ὅπως
2577 4588 2922 4659 ἐξετυφλώθη
2971 4591 3004 4657 ἡ
3055 4586 3354 4651 Βυζαντίς’
3389 4586 3538 4650 ὅπως
3591 4585 3950 4656 κεκώφωται,

686 4681 801 4730 tina
849 4677 1038 4746 regio;
1092 4677 1372 4746 quomodo
1403 4676 1716 4741 obsurduit,
1755 4691 1935 4746 neque
1973 4678 2254 4745 reprehen-

2377 4681 2565 4750 φωνῆς
2596 4682 2749 4751 ὑμῶν
2791 4681 3118 4750 ἐλεγκτικῆς
3152 4679 3252 4732 οὐκ
3295 4678 3611 4732 ἀκούσασαι
3649 4678 3955 4730 ύποδεικτι-

683 4769 856 4824 sionis
895 4779 1092 4824 vestrae
1123 4785 1310 4825 vocem
1374 4769 1548 4834 audit,
1607 4784 1705 4824 nec
1761 4770 2061 4823 testimonii
2102 4779 2252 4824 vestr

2378 4777 2481 4844 κῆς
2513 4774 2666 4844 ὑμῶν
2695 4775 3005 4845 μαρτυρίας
3035 4773 3138 4825 οὐκ
3171 4771 3524 4841 ἐμϐλέπουσα
3545 4787 3561 4804 °
3597 4770 3715 4824 ἀλλ’
3759 4769 3952 4825 Ίαννοῦ

683 4864 994 4934 exemplum
1023 4863 1264 4933 inspicit,
1304 4867 1398 4917 sed
1424 4862 1654 4917 Jannem
1687 4870 1741 4916 et
1772 4858 2075 4924 Jambrem,
2109 4862 2254 4916 Chri-

2381 4868 2474 4918 καὶ
2512 4865 2769 4935 Ἰαμϐροῦ
2794 4866 2903 4918 τῶν
2929 4864 3266 4919 ἁντιστατῶν
3295 4862 3560 4934 Χριστοῦ,
3581 4863 3682 4933 τῆς
3710 4861 3953 4933 ὀλεθρίου

687 4956 758 5010 sti
799 4956 1036 5011 hostium
1062 4970 1160 5026 par
1188 4955 1486 5020 exitiabile,
1525 4956 1672 5023 quod
1714 4952 1978 5018 Trinitas,
2011 4963 2095 5008 sat
2119 4955 2254 5015 scio,

2378 4960 2566 5022 δυάδος
2584 4999 2598 5022 ,
2630 4962 2694 5030 ῆν
2724 4954 2782 5012 εὖ
2813 4954 2907 5011 οἷδ’
2933 4959 3013 5011 ὅτι
3042 4956 3270 5027 ήΤριὰς
3299 4958 3357 5008 ἐν
3384 4958 3542 5026 τάχει
3567 4954 3953 5009 καταλύσειεν·

685 5047 837 5103 brevi
879 5047 1142 5103 dissolvet
1187 5064 1201 5100 :
1260 5057 1319 5101 ut
1347 5062 1473 5102 cum
1519 5048 1737 5102 duobus
1787 5048 1970 5118 impiis
2021 5049 2116 5118 qui
2160 5048 2254 5118 jan

2373 5049 2447 5112 ὡς
2501 5048 2567 5101 ἂν
2614 5051 2710 5102 σὺν
2763 5051 2879 5111 τοῖς
2930 5046 3312 5118 προολεσθείσι
3355 5046 3509 5099 δυσὶν
3559 5045 3821 5101 ἀσεϐέσιν
3853 5047 3952 5099 ἀπο

689 5142 996 5211 perierunt,
1054 5141 1278 5196 tollatur
1335 5142 1403 5196 de
1457 5142 1637 5196 medio
1690 5141 1836 5196 istud
1893 5156 2113 5212 quoque
2153 5157 2252 5211 par

2373 5142 2589 5213 αχθεῖεν
2651 5144 2744 5196 καὶ
2804 5141 2943 5211 αῦτη
3008 5144 3040 5211 η
3095 5140 3265 5206 δυὰς,
3304 5138 3366 5192 τδ
3415 5139 3827 5210 τετρακέφαλον
3865 5135 3951 5190 τοῦ

689 5231 1052 5303 quadrijugus
1080 5233 1169 5286 ille
1198 5231 1406 5287 diaboli
1444 5247 1663 5288 eurrus.
1695 5232 1813 5286 Huc
1837 5248 1992 5296 vero,
2023 5232 2130 5286 huc
2161 5230 2254 5286 fra‘

2372 5236 2622 5289 διαϐόλου
2652 5235 2825 5306 ἅρμα.
2846 5234 3016 5305 Δεῦρο
3047 5233 3134 5304 δὴ,
3166 5231 3348 5304 δεῦρο,
3378 5231 3576 5300 ἀδελφέ
3595 5246 3609 5260 °
3633 5228 3941 5284 καταϐαλοῦ

690 5336 816 5379 ter:
859 5326 1054 5380 iterum
1102 5327 1405 5381 certamina
1445 5341 1723 5381 consere:
1774 5325 2044 5380 Dominus
2094 5326 2250 5395 jubet

2377 5329 2459 5382 ἔτι
2487 5330 2704 5398 ἀγῶνας
2727 5345 2739 5359 ·
2770 5329 2970 5400 Κύριος
2999 5326 3238 5384 κελεύει.
3269 5326 3518 5397 Λάλησον
3547 5322 3732 5392 ἀγαθὲ
3761 5325 3842 5386 εις
3867 5322 3956 5386 τὰς

691 5415 841 5472 Bona
876 5420 1044 5474 verba
1071 5419 1400 5474 Venerandis
1424 5419 1654 5473 auribus
1697 5417 1882 5488 ingere
1915 5418 1987 5487 pii
2030 5418 2254 5487 impera-

2383 5422 2573 5492 τιμίας
2612 5420 2783 5484 ἀκοὰς
2811 5419 2904 5473 τοῦ
2947 5418 3206 5483 εὐσεϐοῦς
3246 5417 3515 5490 βασιλέως
3545 5415 3723 5488 ἡμῶν.
3767 5415 3955 5485 Μιμη-

693 5511 831 5566 toris
861 5512 1054 5566 nostri.
1085 5513 1332 5568 Imitetur
1371 5512 1709 5566 celebratum
1746 5512 1900 5565 illum
1931 5509 2161 5565 Josiam.
2194 5508 2250 5564 Si

2387 5513 2572 5568 σάσθω
2624 5513 2836 5566 Ἰωσίαν
2886 5511 2978 5566 τὸν
3012 5512 3280 5583 ἀοίδιμον.
3328 5511 3537 5564 Γίνοιτο
3587 5507 3709 5572 νέος
3763 5506 3955 5573 Δαυτδ,

694 5617 871 5657 novus
903 5601 1093 5670 David,
1124 5605 1239 5659 sive
1275 5613 1336 5659 ut
1365 5604 1612 5669 Saulem,
1664 5603 1782 5658 sive
1825 5611 1886 5658 ut
1922 5607 2248 5658 Ammonem

2384 5606 2496 5658 εἴτε
2545 5605 2621 5668 ὡς
2655 5605 2862 5670 Σαοὺλ,
2898 5606 3008 5659 εἴτε
3047 5604 3124 5668 ὡς
3168 5603 3387 5675 Ἀμὼν,
3435 5604 3505 5656 τὰ
3544 5602 3638 5656 τοῦ
3674 5599 3955 5668 ἐξαγίστου

695 5695 898 5754 Leonis
950 5699 1270 5756 exsecrandi
1321 5709 1442 5754 acta
1498 5698 1836 5764 rescindens,
1900 5713 1954 5753 et
1983 5697 2087 5754 hoc
2115 5700 2254 5752 modi

2386 5697 2613 5761 Λέοντος
2674 5696 3027 5752 καταπτύων⁹
3091 5695 3387 5750 κάντεῦθεν
3433 5694 3569 5749 Θεὸν
3615 5689 3953 5764 ἑξευμενιζό-

767 5883 1101 5944 “ll'l‘bess.
1145 5901 1207 5946 ti.
1247 5884 1300 5942 4.
1404 5886 1449 5919 ’⁸
1476 5883 1622 5942 Psal.
1655 5899 1844 5952 xum,
1875 5883 1930 5938 2.
2007 5885 2046 5916 ³³
2102 5881 2204 5938 lsa.
2243 5894 2282 5947 ι,
2315 5876 2372 5934 2-
