4164 6512
287 436 430 507 1313

1469 439 2005 503 EPISTOLARUM
2060 440 2210 501 LIB.
2257 440 2344 502 ῐῙ.

3393 427 3532 496 1311

284 577 481 629 μενος,
513 558 609 612 καὶ
637 556 716 628 τῷ
741 557 841 628 τῆς
878 554 1232 628 είρηναρχίας
1258 555 1443 624 στέφει
1473 556 1535 608 τὸ
1556 556 1654 625 τῆς
1690 555 1847 625 βασιο

1963 553 2120 609 Deum
2161 553 2411 624 placans,
2461 561 2626 622 atque
2672 550 3170 606 administrationis
3218 547 3534 617 tranquillas

279 648 433 712 λείας
461 645 625 702 αὐτοῦ
655 647 855 714 κράτος
888 645 1140 717 ἀνίκητον
1161 643 1637 715 περιποιούμενος.

498 759 638 826 θεῖ’.
669 786 738 797 -
771 753 1053 824 Στεφάνῳ
1075 754 1403 823 μαγιστρῳ.
1431 752 1634 826 [utﬁt]

1950 660 2152 701 corona
2181 645 2352 700 robur
2380 644 2592 714 imperii
2616 643 2701 696 sui
2733 643 2966 698 reddens
2997 640 3397 712 insuperabile.

2263 755 2496 812 LXXVI.
2525 787 2594 798 -
2619 754 2888 826 Stephano
2939 757 3214 826 magistro.

697 893 897 943 Solatur
931 904 985 940 ιιι
1016 889 1191 940 uxoris
1223 889 1362 939 obitu
1389 904 1402 936 :
1430 897 1533 938 tum
1555 895 1609 938 ut
1637 901 1726 951 pro
1751 886 2052 951 imaginibus
2075 890 2203 953 apud
2235 901 2414 939 novum
2434 888 2709 952 principem
2740 894 2869 950 agat,
2889 887 3132 939 hortatur.

360 991 527 1060 Οἶδα,
572 995 835 1062 δέσποτα,
880 999 1002 1059 ταῖς
1056 995 1352 1065 ὑπεροχαῖς
1403 992 1853 1058 ὑποστέλλεσθαι,

285 1089 385 1142 καὶ
436 1087 668 1157 μάλιστα
705 1088 770 1156 τῇ
814 1087 882 1156 σῇ
940 1085 1358 1157 ἀνυπερϐλήτῳ.
1419 1085 1561 1138 Ἀλλ’
1609 1086 1758 1155 ὅμως
1795 1086 1856 1138 τὸ

286 1177 610 1247 εὑπρόσιτόν
641 1192 734 1232 σου
765 1177 859 1230 καὶ
891 1176 1108 1248 μέτριον
1135 1175 1230 1228 τοῦ
1256 1177 1621 1246 φρονήματος,
1654 1176 1852 1228 ἔδωκεν

285 1273 424 1341 ἡμῖν
454 1267 785 1340 παρρησίαν,
841 1267 934 1321 καὶ
985 1267 1154 1320 πάλαι
1190 1267 1320 1320 ποτὲ
1371 1267 1707 1331 ἐπιστεῖλαι,
1761 1267 1853 1320 καλ⁸

286 1360 414 1429 ἄρτι
453 1359 514 1412 τὸ
561 1357 692 1411 αὑτὸ
732 1357 990 1428 ποιῆσαι,
1039 1356 1329 1420 καλοῦντος
1377 1355 1473 1409 τοῦ
1531 1358 1723 1428 χρόνου
1760 1357 1854 1409 καὶ

286 1451 575 1520 ἀφεμένων
602 1448 762 1519 ἡμῶν
782 1449 889 1502 τῶν
911 1449 1254 1518 ἁμαρτωλῶν
1275 1448 1377 1518 τῆς
1398 1448 1487 1502 διὰ
1519 1449 1723 1518 Κύριον
1757 1465 1858 1515 φυ-

287 1541 465 1611 λακῆς
487 1583 502 1604 ,
533 1542 674 1595 κατὰ
706 1540 804 1611 τὴν
831 1539 926 1593 τοῦ
951 1540 1236 1604 διώκοντος
1269 1539 1480 1594 παῦλαν
1502 1555 1516 1570 ⁸
1543 1540 1666 1610 ἥτις
1695 1539 1858 1592 ἀκου-

291 1633 480 1686 σθεῐσα
505 1633 675 1702 ἤχησε
714 1631 912 1694 παντὸς
957 1630 1249 1699 ἀνθρώπου
1295 1631 1580 1702 ἀμφότερα
1610 1632 1678 1685 τὰ
1703 1623 1820 1684 ὦτα
1840 1648 1852 1662 ·

2020 991 2181 1059 Novi,
2212 994 2454 1060 domine,
2502 993 2798 1064 dignitates
2828 992 3083 1058 revereri,
3126 991 3360 1045 maxime
3394 1006 3531 1046 vero

1951 1087 2240 1142 sublimem
2288 1087 2436 1140 illam
2468 1095 2640 1142 tuam.
2685 1084 2805 1141 Tua
2848 1092 3030 1139 tamen
3075 1082 3308 1138 comitas
3333 1082 3538 1136 animi-

1949 1195 2056 1249 que
2081 1180 2346 1234 modestia
2403 1179 2657 1248 loquendi
2695 1186 3021 1248 potestatem
3085 1175 3244 1229 nobis
3287 1173 3438 1239 fecit,
3480 1182 3536 1228 et

1950 1271 2279 1340 jampridem
2319 1270 2387 1324 ad
2428 1279 2478 1324 te
2506 1270 2866 1336 scribendi,et
2901 1282 3047 1322 nunc
3075 1265 3219 1320 idem
3252 1263 3484 1320 faciendi
3516 1282 3532 1318 :

1954 1363 2212 1431 quoniam
2247 1361 2300 1416 id
2339 1371 2554 1430 tempus
2585 1360 2786 1429 poscit,
2823 1373 3034 1428 nosque
3063 1364 3380 1427 peccatores
3411 1370 3538 1409 car-

1955 1467 2080 1508 cere
2131 1461 2354 1522 propter
2399 1451 2692 1506 Dominum
2736 1451 2970 1504 tolerato
3014 1448 3178 1503 soluti
3221 1462 3412 1502 sumus
3441 1461 3540 1515 per

1955 1543 2236 1597 interitum
2269 1543 2651 1613 persequentis
2682 1559 2696 1596 :
2729 1543 2889 1611 cujus
2915 1550 2972 1595 ut
3002 1540 3143 1595 fama
3169 1539 3535 1610 percrebruit,

1957 1636 2132 1688 amba:
2185 1634 2429 1689 omnium
2485 1635 2770 1688 hominum
2826 1647 2989 1687 aures
3048 1632 3537 1686 tinnieruntznon

287 1725 390 1794 οὐχ
414 1726 497 1778 δτι
532 1724 722 1787 ἀπλῶς
753 1723 897 1795 ήρθη
916 1739 930 1754 ·
965 1722 1079 1776 ἀλλ’
1107 1724 1189 1776 ὅτι
1222 1723 1672 1789 τοιουτοτρόπως.
1703 1721 1852 1792 Δὺτη

1963 1727 2099 1797 quod
2126 1727 2448 1796 simpliciter
2478 1727 2725 1780 sublatus
2764 1725 2831 1780 de
2864 1723 3065 1788 medio,
3111 1721 3205 1777 sed
3252 1721 3396 1790 quod
3440 1720 3536 1774 tali

293 1819 394 1886 μιν
418 1811 568 1886 οῦνὴ
623 1817 896 1886 πρόφασις
945 1818 1044 1886 τῆς
1095 1815 1406 1886 ἐπιστολῆς.
1445 1815 1584 1886 Ἐγὼ
1636 1816 1694 1869 δὲ
1754 1817 1859 1888 πρὸ

290 1909 389 1976 τῆς
413 1907 749 1979 ὀρμηθείσης
777 1925 866 1978 μοι
901 1907 1212 1972 ὑποθέσεως
1232 1909 1312 1972 είς
1332 1909 1392 1962 τὸ
1424 1908 1656 1978 γράψαι,
1683 1911 1860 1962 έκεῖνο

293 1999 576 2070 ὑποδηλῶο
616 2001 698 2052 ὃτι
728 1999 829 2052 οὑκ
874 2000 1223 2063 ἀστενάκτως
1259 1999 1356 2053 καὶ
1388 1999 1614 2063 ἀπαθῶς
1651 2000 1860 2070 ήνεγκα

288 2091 390 2162 τὴν
414 2092 583 2162 ἀκοὴν
615 2089 710 2144 τοῦ
745 2089 978 2143 θανάτου
1012 2091 1110 2162 τῆς
1148 2090 1361 2161 ἀγαθῆς
1404 2091 1497 2144 καὶ
1530 2092 1859 2161 ἀειμνήστου

289 2182 560 2252 ὁμοζύγου
591 2199 683 2235 σου
703 2199 716 2212 ·
755 2181 1159 2252 ἐνθυμούμενος
1203 2184 1400 2253 ἡλίκην
1425 2182 1637 2254 πληγὴν
1668 2183 1860 2236 ἐλαϐεν

291 2275 329 2346 ἠ
353 2275 508 2345 τιμία
534 2291 628 2327 σου
650 2273 796 2346 ψυχὴ
816 2278 882 2347 τῇ
909 2275 1210 2341 διαζεύξει·
1238 2276 1360 2328 επεὶ
1380 2271 1449 2347 ἧν
1475 2277 1722 2347 μακαρία
1750 2274 1860 2328 τῶν

291 2366 459 2430 ὅντως
480 2367 778 2421 ιπαινετῶν
803 2367 1108 2437 γυναικῶνο
1132 2369 1256 2422 ὅσον
1284 2369 1391 2422 ἀπὸ
1415 2369 1512 2438 τῆς
1540 2369 1644 2436 ἔξω
1665 2369 1858 2438 ἀκοῆς,

291 2453 362 2529 ἧς
390 2460 587 2530 πεῖραν
626 2458 782 2528 κάγὼ
832 2459 1038 2531 μικράν
1065 2460 1094 2513 6
1147 2461 1423 2527 ταπεινὸς,
1457 2460 1618 2513 πλέον
1643 2460 1701 2513 δὲ
1728 2462 1863 2525 μᾶλ-

291 2546 384 2600 λον
411 2547 441 2599 6
491 2547 760 2618 μακάριός
819 2565 922 2618 μου
967 2550 1150 2619 πατὴρ
1195 2547 1416 2617 εἴληφε·
1467 2547 1536 2600 τὰ
1571 2546 1628 2600 δὲ
1680 2547 1862 2610 πάντα

293 2637 437 2692 κατά
478 2639 656 2693 πάντα
702 2639 862 2700 αὑτὸς
898 2633 976 2704 εί,
1013 2639 1170 2710 κύριέ
1208 2655 1340 2708 μου,
1390 2636 1565 2700 είδώς,
1612 2639 1860 2708 Ἐκείνης

295 2729 396 2798 μὲν
419 2730 505 2800 εἴη
538 2729 600 2784 τὸ
640 2731 983 2798 μνημόσυνον
1022 2730 1161 2801 μετά
1197 2730 1441 2783 δικαίων.
1476 2729 1860 2799 Τεκμαίρομαι

293 2819 404 2888 γάρ
451 2820 532 2872 ὅτι
581 2819 676 2872 καὶ
725 2818 1010 2890 δρθόφρων
1044 2813 1113 2889 ἦν
1163 2816 1284 2872 λίαν
1343 2817 1482 2889 μετά
1534 2818 1635 2888 τῆς
1694 2817 1861 2887 ἄλλης

291 2912 515 2982 ἀρετῆς.

365 3178 440 3240 Οὖ
468 3185 524 3240 δὲ
551 3185 716 3258 χάριν
746 3187 806 3241 τδ
833 3188 1090 3259 γράμμα,
1132 3187 1398 3259 πρόδηλον
1433 3190 1499 3260 τῇ
1531 3189 1866 3259 μεγαλοφυεῐ

293 3293 392 3331 σου
421 3278 659 3350 ὶξουσίᾳ.
699 3278 982 3348 Ἑπιζητεί
1004 3296 1060 3332 σε
1088 3281 1116 3333 6
1146 3284 1303 3351 χορὸς
1324 3280 1434 3333 τῶν
1462 3280 1829 3349 διδιωγμένων
1847 3297 1862 3311 ·

292 3370 633 3423 ιπικαλεῐταί
660 3387 718 3422 σε
755 3371 781 3424 6
804 3370 961 3439 λόγος
987 3371 1084 3440 τῆς
1112 3369 1399 3436 ἀληθείαςο
1421 3370 1450 3423 6
1494 3370 1594 3438 μὲν
1624 3371 1699 3433 ὠς
1741 3370 1863 3440 φιλ-

291 3459 495 3529 ευσεδῆ
542 3461 639 3514 καὶ
688 3461 1052 3533 φιλομὸναχον
1097 3478 1114 3496 ο
1145 3465 1173 3516 6
1216 3462 1272 3514 δὲ
1302 3461 1378 3525 ὡς
1419 3461 1656 3532 ἐραστὴν
1699 3462 1867 3532 αὐτῆς

292 3552 791 3624 εύπαρῤησίαστον.
851 3555 964 3625 Οὑχ
1019 3555 1101 3609 ὃτι
1153 3555 1253 3608 οὑκ
1304 3554 1568 3626 ὲκινήθης
1634 3556 1740 3619 ἓως
1771 3554 1866 3609 τοῦ

291 3642 392 3698 νῦν
427 3645 730 3716 προμαχιῖη
754 3647 1109 3716 ἀμφοτέρων·
1163 3646 1394 3716 ἐπείπερ
1424 3646 1739 3717 ἠκούσαμεν
1780 3641 1868 3700 οἷα

295 3733 622 3804 θεοκινήτως
656 3733 753 3787 καὶ
801 3736 1095 3805 πέπραχας
1145 3735 1240 3787 καὶ
1271 3735 1526 3805 λέλεχαςο
1560 3736 1677 3788 ἀλλ’
1721 3737 1866 3800 ὅπως

293 3822 392 3875 καὶ⁵
416 3823 554 3893 πρὸς
579 3823 641 3877 τὸ
668 3824 819 3894 ἑξῆς.
864 3823 1027 3895 Ὁρᾷς
1046 3866 1062 3886 ,
1090 3825 1332 3878 δέσποτά
1371 3843 1495 3896 μου,
1528 3821 1642 3879 οἷον
1681 3827 1741 3878 τὸ
1769 3844 1869 3879 κα-

293 3913 393 3967 κὸν
440 3917 542 3983 τῆς
593 3916 894 3985 αίρέσεως;
952 3916 1085 3969 Οὐδὲ
1141 3917 1248 3988 γὰρ
1297 3919 1345 3970 εἰ
1399 3917 1474 3989 μὴ
1506 3919 1863 3990 τηλικοῦτον,

291 4004 538 4059 τοσοῦτοι
583 4007 635 4059 oi
682 4007 1012 4078 πάσχοντες,
1043 4009 1139 4063 καὶ
1167 4010 1406 4064 τοσαῦτα
1446 4011 1516 4064 τὰ
1565 4012 1870 4082 αἰκίσματα

293 4098 392 4152 καὶ
423 4099 756 4171 θλιπτήρια,
804 4099 840 4155 ἃ.
885 4103 1079 4173 μέχρις
1121 4103 1368 4172 ἐσχάτων
1415 4104 1518 4172 τῆς
1546 4105 1870 4174 οίκουμένης

292 4191 571 4262 διέδραμε.
619 4192 844 4257 Βλέπεις
875 4195 1089 4248 καὶτὸν
1134 4196 1228 4248 τοῦ
1270 4195 1558 4261 διώξαντος
1613 4197 1867 4252 θάνατον.

289 4282 709 4354 Παρακλήθητι,
733 4285 1208 4356 ὸεὺπαράκλητος.
1231 4287 1615 4358 Συγκινήθητι,
1634 4291 1662 4341 6
1693 4289 1871 4342 θεοκί-

292 4388 477 4443 νητος.
530 4375 755 4448 Ὅρεξον
795 4379 951 4448 χεῖρα
996 4379 1172 4448 χαμαὶ
1209 4379 1434 4450 κειμένῃ
1467 4381 1534 4450 τῇ
1568 4379 1690 4434 καθ’
1713 4381 1866 4450 ἡμᾶς

306 4465 605 4539 Ἐκκλησία
643 4469 769 4522 ὅσον
817 4468 1090 4538 ἐνδέχεται
1112 4485 1127 4500 ο
1161 4471 1244 4539 ἐφ’
1295 4472 1418 4524 ὅσον
1452 4473 1604 4541 ίσχὺς
1629 4471 1861 4542 λάλησον
1896 4459 1940 4515 D

295 4559 378 4622 είς
406 4559 475 4612 τὰ
510 4553 625 4614 ὦτα
649 4560 746 4613 τοῦ
789 4559 1046 4623 εὐσεϐοῦς
1073 4562 1106 4632 ἡ
1117 4561 1232 4630 μῶν
1257 4561 1522 4631 βασιλέως
1549 4561 1628 4614 ἔτι
1657 4563 1856 4631 ἀγαθά.

306 4649 480 4721 ’Υπὲρ
499 4649 737 4720 Χριστοῦ
763 4667 845 4704 σοι
864 4649 925 4703 τὺ
950 4651 1261 4720 ἀγώνισμα,
1289 4652 1427 4722 ὑπὲρ
1448 4651 1546 4722 τῆς
1573 4651 1861 4716 Θεοτόκου,

298 4737 441 4810 ὑπερ
472 4739 691 4793 πάντων
737 4739 846 4792 τῶν
894 4739 1084 4808 ἀγίων.
1142 4740 1275 4793 Οὐδὲ
1308 4741 1416 4811 γὰρ
1455 4742 1505 4793 εῐ
1531 4758 1613 4805 τις
1644 4744 1745 4812 τῆς
1769 4740 1865 4794 τοῦ

299 4826 562 4898 βασιλέως
586 4827 797 4891 είκόνος
831 4829 1188 4899 ἀντεχόμενος
1229 4829 1378 4898 λέγει
1410 4847 1463 4883 τι
1512 4831 1545 4902 ἢ
1590 4831 1825 4902 πράσσει
1845 4872 1861 4896 ,

294 4915 442 4986 ἄλλῳ
472 4915 579 4968 τινὶ
624 4914 658 4986 ἢ
699 4915 776 4986 τῷ
812 4916 1022 4986 βασιλεῖ
1071 4919 1353 4990 χαρίζεται
1399 4920 1492 4974 τὸν
1520 4921 1696 4990 λόγον.
1756 4923 1867 4976 Καὶ

299 5007 429 5078 περὶ
465 5008 584 5074 ἑνὸς
613 5007 770 5077 ἀγίου
808 5010 858 5062 εί
891 5005 961 5080 ἦν
987 5010 1048 5063 τὸ
1090 5011 1420 5082 λεγόμενονο
1473 5013 1731 5085 μέγιστόν
1782 5032 1866 5068 σοι

298 5100 360 5153 τὸ
387 5095 569 5154 ἆθλον.
603 5102 778 5154 Ὅπου
807 5101 864 5154 δὲ
924 5103 1178 5176 Χριστὸν,
1232 5106 1328 5158 καὶ
1360 5106 1500 5177 ὑπὲρ
1547 5107 1782 5178 Χριστοῦ
1831 5109 1866 5180 ἡ

298 5189 617 5263 διάπραξιςο
668 5187 778 5265 ἄρα
820 5195 940 5265 οὑχὶ
987 5198 1130 5266 χαρά
1165 5214 1280 5261 σοι,
1312 5198 1439 5263 δόξα
1465 5217 1525 5253 τε
1572 5200 1666 5253 καὶ
1693 5202 1866 5269 ἀγαλ-

301 5279 500 5348 λίασις,
527 5285 624 5338 σὺν
647 5286 815 5359 πολλῇ
845 5289 1125 5360 προθυμίᾳ
1150 5291 1272 5344 ὅλον
1297 5292 1524 5345 σεαυτὸν
1549 5293 1828 5347 ἐπιδοῦναι
1850 5311 1865 5359 ;

300 5371 444 5440 Ναὶ,
475 5374 632 5444 κύριέ
668 5393 770 5446 μου
819 5379 1139 5450 ἀειπόθητε,
1186 5381 1484 5434 ὲκδυσωπῶ
1513 5382 1668 5451 κάγὼ
1697 5385 1726 5436 6
1773 5386 1868 5438 τά-

300 5461 420 5526 λας.
458 5466 569 5519 Καὶ
605 5465 780 5532 ἄλλως
811 5469 894 5522 ὅτι
935 5471 1067 5541 ἡμῖν
1118 5472 1303 5537 αὐτοῖς
1335 5475 1735 5546 εὑεργετοῦμεν
1773 5477 1867 5531 τοῦ

302 5553 484 5607 κοινοῦ
519 5557 924 5626 φροντίζοντες·
965 5561 1195 5634 ἐπείπερ
1229 5564 1590 5636 συννοσοῦμεν
1616 5581 1628 5594 ·
1679 5567 1780 5620 κᾶν
1807 5569 1867 5620 οὑ

305 5645 618 5733 φρονήματι
659 5649 937 5721 στρεϐλῷ,
989 5654 1138 5723 ὅμως
1184 5655 1229 5708 δ’
1284 5653 1376 5712 οὖν
1415 5661 1763 5730 χραινόμενοι
1800 5665 1865 5733 τῇ

306 5732 555 5810 αίρετικῇ
617 5740 891 5798 κοινωνία.
947 5744 1094 5817 Αὕτη
1141 5747 1288 5803 ἐστὶν
1333 5751 1367 5821 ἡ
1429 5752 1659 5825 ταπεινὴ
1713 5732 1869 5824 ἡμων

1962 1820 2144 1873 modo.
2199 1818 2326 1874 Haec
2376 1833 2538 1886 porro
2577 1818 2740 1886 hujus
2795 1816 3041 1886 epistolae
3093 1813 3339 1884 praefatio
3385 1823 3528 1868 esto.

1959 1909 2116 1965 Nunc
2138 1925 2266 1965 vero
2299 1919 2590 1978 antequam
2620 1907 2686 1962 ad
2721 1907 3061 1976 propositum
3093 1906 3226 1960 mihi
3257 1905 3536 1960 scribendi

1959 2013 2338 2071 argumentum
2369 2001 2678 2072 aggrediar,
2717 1998 2862 2054 istud
2889 1999 3066 2053 obiter
3103 1997 3388 2068 signitico;
3425 2011 3538 2050 non

1962 2095 2082 2149 sine
2111 2093 2262 2148 luctu
2300 2091 2604 2160 intimoque
2635 2107 2800 2145 sensu
2851 2090 3060 2144 doloris
3111 2090 3390 2158 accepisse
3447 2102 3538 2142 me

1962 2184 2214 2239 nuntium
2255 2183 2322 2238 de
2353 2183 2503 2237 obitu
2530 2181 2752 2252 optima:
2780 2189 3094 2250 aeternaque
3143 2179 3408 2233 memoria
3453 2179 3540 2232 di-

1963 2292 2082 2348 gna:
2113 2275 2362 2346 conjugis
2396 2284 2543 2330 tute:
2596 2287 2721 2328 cum
2763 2273 2905 2341 apud
2947 2288 3034 2327 me
3084 2283 3329 2337 reputem
3361 2286 3540 2340 quan-

1963 2378 2078 2425 tum
2105 2369 2208 2424 hac
2255 2366 2625 2436 disjunctione
2661 2364 2964 2419 veneranda
3004 2364 3187 2418 anima
3220 2372 3312 2417 tua
3337 2363 3540 2416 vulnus

1962 2461 2235 2530 acceperit
2266 2477 2280 2514 :
2311 2456 2752 2529 quandoquidem
2799 2456 2926 2510 felix
2974 2456 3065 2510 illa
3107 2470 3235 2510 vere
3285 2456 3427 2508 inter
3460 2453 3540 2506 fe-

1961 2553 2140 2607 minas
2203 2550 2506 2606 laudabiles
2557 2549 2787 2615 exstitit,
2817 2556 3084 2619 quantum
3123 2548 3345 2618 quidem
3393 2545 3539 2601 fama

1959 2643 2236 2714 popularis
2294 2643 2503 2706 retulit,
2562 2642 2722 2710 cujus
2773 2642 2893 2696 leve
2949 2642 3394 2710 experimentum
3437 2653 3540 2708 ego

1962 2736 2208 2798 humilis.
2241 2735 2410 2789 multo
2439 2748 2570 2788 vero
2594 2734 2770 2800 majus
2797 2733 2994 2788 beatus
3026 2741 3184 2802 pater
3232 2748 3389 2786 meus
3440 2748 3535 2784 ac-

1959 2828 2102 2898 cepit
2130 2845 2143 2881 :
2179 2826 2365 2881 omnia
2392 2842 2520 2881 vero
2546 2827 2772 2881 omnino
2809 2827 2945 2894 ipse,
2977 2823 3204 2878 Domine
3234 2824 3331 2886 nni,
3367 2823 3537 2892 probe

1960 2918 2124 2974 nosti.
2152 2916 2235 2972 Sit
2260 2927 2441 2972 autem
2469 2918 2616 2972 illius
2638 2917 2898 2972 memoria
2923 2916 3248 2985 cumjustis.
3275 2917 3367 2970 Sic
3393 2915 3540 2969 enim

1962 3007 2195 3077 conjicio
2228 3025 2241 3061 :
2270 3007 2531 3077 quoniam
2567 3016 2764 3077 praeter
2799 3015 3026 3062 caeteras
3067 3007 3295 3060 virtutes
3346 3015 3532 3059 erecto

1965 3098 2290 3167 excelsaque
2313 3097 2498 3150 animo
2530 3094 2653 3150 fuit.

2036 3189 2169 3257 Quae
2195 3189 2267 3244 sit
2302 3199 2483 3243 autem
2514 3187 2796 3243 scribendi
2833 3201 3035 3250 causa,
3084 3185 3387 3254 magnifica:
3433 3195 3543 3239 tua:

1965 3281 2220 3354 potestati
2247 3280 2438 3350 liquet.
2468 3277 2642 3333 Tuam
2669 3277 2924 3348 implorat
2945 3292 3104 3347 opem
3135 3285 3314 3330 catus
3343 3291 3534 3330 eorum

1966 3375 2061 3446 qui
2102 3373 2531 3444 persecutionem
2591 3371 2924 3440 patiuntur:
2986 3371 3205 3424 invocat
3257 3378 3308 3424 te
3355 3382 3540 3424 sermo

1965 3465 2210 3521 veritatis
2235 3479 2254 3518 :
2279 3463 2369 3519 ille
2408 3462 2652 3533 quidem,
2699 3471 2758 3515 nt
2793 3461 3009 3531 pictatis
3057 3468 3428 3530 peramantem
3474 3473 3542 3514 ac

1968 3557 2361 3612 monachorum
2393 3555 2562 3619 :iste,
2593 3563 2653 3608 ut
2695 3553 2781 3608 sui
2821 3560 3146 3618 amatorem,
3183 3551 3235 3605 in
3264 3549 3546 3620 loquendo

1970 3649 2221 3703 liberum.
2251 3645 2369 3701 Non
2399 3645 2544 3716 quod
2583 3659 2691 3698 non
2733 3643 2862 3697 olim
2903 3657 3080 3712 usque
3115 3642 3168 3696 in
3215 3641 3362 3696 hunc
3391 3641 3540 3695 diem

1970 3755 2069 3810 pro
2100 3738 2348 3808 utrisque
2370 3737 2566 3791 acriter
2581 3734 2896 3800 dimicaris;
2925 3734 3237 3788 audivimus
3261 3732 3541 3788 enimvero

1969 3832 2150 3903 qualia
2217 3829 2312 3883 Dei
2385 3828 2618 3898 impulsu
2667 3827 2844 3898 egeris
2888 3825 3184 3890 dixerisve;
3255 3824 3349 3879 sed
3398 3831 3542 3881 utet

1970 3926 2246 3994 deinceps.
2280 3921 2464 3984 Vides,
2506 3921 2724 3976 domine
2761 3919 2858 3980 mi.
2893 3926 3094 3988 quanta
3135 3917 3405 3972 haereseos
3437 3917 3541 3971 im-

1970 4018 2214 4089 probitas
2281 4015 2391 4072 sit‘l
2439 4013 2626 4084 Neque
2671 4011 2840 4075 enim,
2897 4009 3003 4064 nisi
3069 4017 3216 4064 tanta
3269 4009 3432 4072 foret,
3462 4016 3543 4063 tot

1970 4118 2152 4166 essent
2174 4109 2265 4178 qui
2296 4117 2631 4177 paterentur:
2663 4118 2764 4158 nec
2791 4113 2868 4158 tot
2895 4101 3240 4157 contumelia:
3260 4110 3312 4156 et
3335 4116 3538 4155 terum-

1973 4218 2074 4266 nae,
2117 4217 2238 4270 quae
2263 4199 2330 4253 ad
2365 4199 2586 4253 ultimos
2634 4195 2784 4250 orbis
2811 4203 3084 4249 terrarum
3118 4193 3325 4247 limites
3352 4209 3540 4262 perve-

1971 4308 2120 4349 nere.
2147 4292 2337 4347 Cernis
2361 4301 2414 4345 et
2437 4290 2813 4360 persequentis
2839 4288 3070 4342 obitum.
3091 4286 3356 4340 Solatium
3384 4301 3539 4356 cape,

1968 4387 2060 4458 qni
2091 4385 2247 4440 facile
2285 4383 2416 4437 illud
2468 4381 2734 4436 admittis.
2788 4380 3202 4441 Commoveare,
3241 4378 3391 4449 quia
3427 4379 3538 4433 Deo

1967 4476 2223 4533 moveris.
2279 4474 2494 4528 Manum
2567 4474 2785 4542 porrige
2837 4470 2989 4525 humi
3025 4470 3226 4540 jacenti
3284 4469 3541 4524 Ecclesia:

1965 4578 2185 4631 nostra,
2217 4576 2477 4635 quantum
2506 4579 2592 4618 res
2617 4564 2822 4632 patitur
2850 4581 2863 4616 :
2917 4570 3186 4632 quantum
3231 4570 3408 4630 potes,
3441 4561 3540 4614 ad-

1966 4659 2074 4715 huc
2102 4661 2155 4712 in
2191 4673 2375 4712 aurem
2410 4657 2482 4726 pii
2513 4656 2685 4710 nostri
2733 4655 3075 4725 imperatoris
3118 4654 3205 4708 dic
3237 4657 3394 4708 bona.
3433 4653 3540 4708 Pro

1967 4751 2186 4806 Christo
2241 4750 2338 4803 tibi
2404 4758 2700 4812 certamen,
2756 4761 2857 4816 pro
2920 4745 3172 4815 Deipara,
3206 4759 3304 4814 pro
3331 4746 3540 4798 sanctis

1966 4839 2240 4894 omnibus.
2292 4836 2478 4906 Neque
2519 4836 2660 4888 enim
2721 4835 2767 4889 si
2840 4835 2966 4903 quis
3024 4834 3367 4904 imperatoris
3424 4848 3542 4886 am-

1967 4929 2165 4998 plexus
2213 4929 2526 4996 imaginem,
2560 4926 2766 4995 aliquid
2798 4926 2930 4979 dicit
2960 4934 3052 4978 aut
3095 4924 3247 4987 facit,
3307 4925 3538 4978 alterum

1967 5022 2272 5092 quempiam
2313 5036 2476 5090 quam
2519 5020 2901 5088 imperatorem
2940 5033 3198 5073 sermone
3225 5018 3538 5087 compellat.

1966 5112 2064 5178 Ac,
2092 5114 2136 5166 si
2166 5129 2335 5166 unum
2375 5127 2406 5167 e
2431 5113 2637 5166 sanctis
2671 5112 2785 5165 haec
2824 5126 2988 5165 causa
3020 5119 3317 5180 spectaret,
3347 5112 3540 5180 ingens

1967 5212 2217 5258 maneret
2253 5213 2304 5257 te
2338 5203 2644 5272 prannium.
2703 5202 2802 5257 Ubi
2866 5217 2997 5256 vero
3037 5203 3312 5266 Christus,
3353 5213 3406 5255 et
3439 5217 3539 5272 pro

1967 5297 2184 5353 Christo
2237 5297 2510 5366 negotium
2548 5304 2672 5358 est;
2715 5310 2822 5348 non
2861 5295 2958 5348 tibi
3003 5293 3210 5357 laetitia,
3247 5295 3438 5363 gloria,
3483 5303 3540 5348 et

1967 5387 2256 5443 exsultatio
2281 5394 2384 5450 est,
2429 5401 2551 5437 cum
2596 5385 2800 5453 ingenti
2847 5385 3128 5439 alacritate
3172 5386 3406 5453 teipsum
3453 5395 3538 5437 to-

1970 5489 2080 5534 tum
2116 5477 2465 5548 impendere?
2495 5474 2711 5546 Utique,
2778 5477 3006 5532 Domine
3050 5477 3122 5531 mi
3179 5477 3536 5532 desideratis-

1969 5572 2125 5634 sime,
2173 5571 2398 5624 obsecro
2428 5577 2481 5623 et
2509 5583 2610 5638 ego
2659 5569 2844 5623 miser.
2887 5567 3212 5638 Quanquam
3246 5578 3298 5622 et
3338 5578 3539 5622 nostra:

1969 5664 2207 5733 ipsorum
2241 5661 2456 5715 utilitati
2487 5661 2776 5726 servimus,
2803 5675 2928 5715 cum
2957 5662 3183 5730 publica:
3212 5662 3288 5714 rei
3325 5661 3537 5730 prospi-

1969 5757 2190 5814 cimus:
2241 5753 2685 5824 quandoquidem
2739 5755 2856 5824 pari
2925 5757 3113 5810 morbo
3170 5754 3533 5810 laboramus:
