4156 6466
693 378 829 444 1315

1872 392 1933 452 S.
1970 392 2365 453 THEODORI
2402 393 2750 453 STUDITAE

3802 383 3947 449 1316

686 507 796 546 non
818 495 963 562 quod
998 508 1255 563 perverse
1284 495 1603 561 sentiamus,
1653 499 1747 554 sed
1778 502 1925 567 quod
1970 503 2254 557 haeretico-

2359 502 2634 572 ἐξαίτησις
2660 540 2677 565 ,
2724 499 2883 554 τοῦτο
2937 501 2999 553 τὸ
3032 500 3359 571 ὑπόμνημαο
3409 498 3505 553 καὶ
3548 498 3633 551 ὅτι
3668 500 3764 551 καὶ
3801 500 3948 563 ὕπερ

683 598 807 638 rum
848 588 1342 642 communicatione
1368 590 1741 657 inquinemur.
1775 590 1972 647 Nostra
2002 596 2118 650 haec
2149 595 2254 648 hu-

684 676 833 731 milis
864 679 1155 746 postulatio
1175 688 1281 743 est,
1319 680 1408 735 hic
1450 691 1637 736 noster
1685 683 1942 739 libellus:
1998 697 2054 742 et
2108 690 2256 757 quod

684 768 769 821 vel
804 784 902 837 pro
930 769 1072 823 bono
1100 770 1365 825 duntaxat
1412 786 1664 826 sermone
1701 790 1810 827 non
1856 779 2257 832 contemnenda

2365 596 2525 663 λόγου
2574 593 2759 657 ἀπλῶς
2807 592 3016 661 ἀγαθοῦ
3068 592 3169 645 οὐκ
3225 590 3689 661 εὐκαταφρόνητοι
3756 588 3949 658 μισθοῖ

2370 703 2452 739 σοι
2482 687 2833 738 ἀπόκεινται·
2892 682 2967 753 μὴ
3002 684 3083 736 ὃτι
3130 700 3197 751 γε
3247 681 3485 751 τοσούτῳ
3519 681 3705 751 μόχθῳ
3749 680 3950 732 ἑαυτὸν

2367 775 2714 839 ὲπιδώσαντι,
2751 773 2891 826 καθά
2935 772 3272 843 ἠκούσαμεν.
3322 772 3489 837 Σὼζοι
3538 789 3597 824 σε
3626 776 3658 842 ἡ
3701 770 3950 841 κραταιά

685 854 780 908 tibi
826 872 1036 912 merces
1093 860 1327 926 reposita
1366 860 1481 925 sit;
1534 860 1706 916 multo
1738 864 1911 933 magis
1968 881 2066 934 pro
2106 875 2256 921 tanto

2368 868 2490 937 χεὶρ
2518 865 2611 919 τοῦ
2644 865 2803 929 Θεοῦ,
2838 866 2930 917 τὸν
2962 864 3038 927 ὡς
3075 863 3293 935 ἀληθῶς
3319 864 3668 932 ἀξιάγαστον,
3714 862 3816 915 καί
3845 862 3949 931 τῆς

683 945 887 1011 labore,
942 960 1208 1019 quantum
1258 959 1310 1005 te
1375 951 1519 1005 ultro
1571 954 1883 1021 suscepisse
1927 956 2256 1024 accepimus.

2371 958 2674 1027 συγκλήτου
2702 956 2990 1027 πρωτόόαθ
3000 972 3111 1025 ρον.

686 1044 877 1097 Servet
905 1054 954 1099 te
1001 1045 1329 1101 incolumem
1357 1059 1661 1120 praepotens
1693 1048 1787 1103 Dei
1832 1066 2047 1115 manus,
2078 1052 2252 1106 virum
2323 1054 2569 1124 profecto
2631 1057 2855 1126 dignum
2909 1053 3288 1116 admiratione,
3331 1050 3697 1121 eumdemque
3728 1049 3946 1119 princi-

682 1150 805 1205 pem
830 1146 1072 1191 senatus.

751 1247 1011 1307 LXXVII.
1074 1282 1145 1293 —
1195 1251 1407 1308 Sanctis
1470 1254 1861 1321 confessoribus
1933 1255 2187 1310 Panibus

1276 1323 1660 1393 fratribusque.

2357 1254 2475 1312 OZ'.
2525 1286 2594 1299 ——
2627 1256 2755 1321 Τοῖς
2796 1255 2990 1323 ἁγίοις
3042 1251 3439 1323 ὁμολογηζαῖς
3508 1248 3780 1319 Πατράσι
3840 1245 3942 1298 καὶ

2878 1320 3177 1392 ἀδελφοῖς.
3215 1320 3404 1394 [νίκη]

1346 1456 1421 1506 De
1444 1457 1769 1519 imperatoris
1788 1458 2093 1509 Iconomachi
2117 1460 2271 1521 obitu,
2294 1461 2455 1523 deque
2482 1458 2844 1521 persecutionis
2866 1460 2961 1508 ﬁne
2986 1457 3278 1519 gratulatur.

748 1562 905 1615 Nunc
930 1571 1145 1632 tempus
1174 1564 1518 1619 exclamandi
1550 1582 1676 1621 cum
1720 1564 1943 1633 Davide,
1972 1583 2036 1623 ac
2066 1567 2258 1621 dicen-

676 1652 733 1709 di
761 1673 774 1707 :
803 1654 1104 1719 Exsultute,
1119 1656 1282 1723 justi,
1310 1657 1365 1709 in
1390 1655 1613 1711 Domino
1650 1674 1669 1710 :
1689 1669 1856 1712 rectos
1880 1659 2022 1713 decet
2060 1660 2263 1712 collau-

676 1747 826 1798 datio
847 1748 915 1802 ".
954 1745 1175 1802 Cantate
1199 1747 1268 1811 ei,
1304 1756 1353 1801 et
1378 1748 1589 1817 psallite
1616 1749 1724 1803 ei“
1752 1765 1771 1802 :
1800 1755 2060 1820 quoniam
2091 1768 2262 1805 exau-

2428 1568 2543 1620 Νῦν
2572 1568 2759 1636 καιρὸς
2779 1565 3041 1635 ἐκϐοῆσαι
3084 1564 3224 1633 μετά
3259 1562 3350 1615 τοῦ
3378 1561 3560 1624 Δαυῒδ.
3592 1564 3690 1616 καὶ
3720 1566 3901 1616 εἰπεῖν
3920 1580 3938 1598 ο

2371 1658 2787 1731 Ἀγαλλιᾶσθε,
2808 1658 3043 1722 δίκαιοι,
3075 1657 3146 1708 ἐν
3169 1657 3383 1723 Κιορίῳ-
3418 1654 3542 1720 τοῖς
3564 1657 3767 1708 εὺθὲσι
3797 1652 3941 1724 πρέ-

2360 1768 2455 1805 πει
2490 1751 2745 1816 ατνεσις.
2783 1753 2995 1819 ’ᾼσατε
3024 1747 3203 1812 αὐτῷ,
3231 1748 3329 1801 καὶ
3362 1746 3600 1815 vallare
3632 1748 3821 1813 αὐτῷ·
3858 1750 3938 1802 ὅτι

678 1840 811 1892 divit
851 1840 1133 1902 Dominus,
1172 1855 1296 1895 cum
1331 1842 1586 1898 omnibus
1639 1843 1734 1913 qui
1778 1851 1906 1898 sunt
1940 1832 2056 1913 pari
2089 1843 2256 1914 gloria

2360 1845 2635 1913 Ξπακήκοε
2680 1842 2901 1913 Κύριος,
2932 1842 3026 1893 σὺν
3072 1840 3241 1895 ἅπασι
3273 1843 3384 1901 τοῖς
3419 1839 3735 1904 ισοκλεέσιν,
3771 1842 3929 1909 ὑμῶν

675 1931 911 1998 praediti,
966 1940 1178 1985 vestras
1226 1932 1479 1987 assiduas
1510 1912 1723 2003 preces.
1758 1912 1968 2005 Ecquid
2007 1912 2139 2003 ergo
2174 1935 2256 1989 fa-

2361 1934 2460 2002 τῆς
2492 1912 2745 1995 ὲκτενοῦς
2770 1912 2773 1913 ν
2799 1930 3101 2000 ἱκετηρίας.
3156 1930 3265 1982 Καὶ
3295 1930 3348 1981 τί
3396 1930 3647 1994 γέγονεν;
3688 1931 3882 1983 Ὠλετο
3910 1933 3939 1984 6

675 2031 824 2075 ctum
880 2022 999 2077 est?
1050 2021 1219 2079 Periit
1260 2024 1483 2092 impius,
1543 2025 1815 2081 contritus
1863 2035 1948 2081 est
2007 2026 2100 2095 qui
2156 2042 2257 2081 nos

677 2108 969 2164 caedebat:
1031 2110 1243 2166 vicistis
1312 2110 1484 2165 filium
1552 2111 1919 2179 iniquitatis:
1977 2112 2254 2166 furentem

675 2199 909 2255 belluam
947 2202 1342 2271 prostravistis,
1381 2210 1619 2256 mentem
1657 2218 1993 2272 perversam.
2037 2200 2083 2256 Ο
2110 2205 2257 2255 desi-

674 2290 1027 2357 deratissimi,
1056 2307 1219 2362 quam
1244 2300 1437 2363 potens
1478 2301 1563 2347 est
1589 2294 1812 2364 sanguis
1844 2295 2059 2347 vester!
2105 2292 2258 2348 Hanc

674 2380 767 2436 ille
809 2392 1038 2451 pestem,
1084 2383 1231 2437 hunc
1276 2383 1590 2439 carnificem
1630 2384 1939 2439 exstinxit:
1974 2384 2065 2439 ille
2094 2384 2255 2439 dete-

675 2474 929 2527 standum
978 2474 1267 2530 homicida
1320 2476 1643 2545 sanguinem
1721 2475 1915 2531 fudit:
1982 2476 2255 2546 siquidem

676 2564 949 2634 pollicitus
995 2578 1077 2620 est
1138 2566 1227 2620 ille
1268 2565 1362 2636 qui
1404 2580 1567 2621 verax
1614 2575 1719 2631 est,
1768 2566 1885 2622 fore
1917 2579 1975 2623 ut
2020 2568 2257 2637 praebeat

676 2673 839 2712 aures
871 2658 937 2713 iis
976 2658 1068 2726 qui
1098 2658 1333 2713 clamant
1358 2658 1424 2713 ad
1462 2674 1521 2713 se
1549 2667 1710 2714 nocte
1745 2674 1810 2713 ac
1842 2661 1950 2723 die,
1988 2670 2049 2715 ut
2080 2676 2254 2715 sacra:

674 2749 887 2818 paginae
917 2748 1234 2819 loquuntur.
1259 2747 1435 2813 Disce,
1460 2749 1667 2804 Christi
1694 2760 2058 2819 contemptor,
2082 2766 2255 2819 quan-

677 2850 790 2895 tum
817 2841 960 2895 illius
1003 2856 1107 2895 vox
1140 2843 1337 2906 valeat,
1361 2840 1521 2910 cujus
1557 2858 1752 2897 carnes
1784 2843 2058 2896 lacerasti.
2097 2842 2250 2906 Vide,

674 2933 993 3004 perduellis,
1025 2944 1293 3003 quantum
1324 2933 1589 2987 adversus
1617 2932 1900 2987 Christum
1931 2932 2251 3002 profeceris.

674 3025 945 3091 Quoniam
995 3026 1260 3078 adversus
1308 3026 1592 3078 stimulum
1638 3025 1967 3090 calcitrasti,
2006 3024 2252 3095 dejectus

674 3132 735 3172 es
768 3117 821 3169 in
851 3131 1090 3186 praeceps
1117 3131 1239 3170 cum
1290 3117 1549 3187 strepitu:
1597 3132 1705 3171 non
1752 3117 1963 3171 viscera
2017 3119 2243 3187 quidem

673 3221 789 3276 tua,
839 3212 931 3267 sed
971 3212 1273 3268 sceleratus
1336 3228 1502 3268 cruor
1545 3212 1753 3269 effusus
1796 3215 2100 3283 tergemino
2144 3214 2252 3268 vul-
2278 3253 2325 3315 Ο

674 3320 827 3371 nere,
857 3304 1059 3375 quippe
1106 3304 1200 3374 qui
1245 3302 1565 3359 Trinitatem
1602 3305 1895 3361 offenderis
1924 3322 2019 3376 per
2050 3318 2249 3361 contu-

674 3397 891 3455 meliam
940 3406 1143 3452 sanctae
1189 3397 1412 3465 imagini
1450 3396 1657 3452 Christi
1696 3399 1927 3452 illatam.
1970 3398 2071 3451 Abi
2128 3414 2255 3453 cum

672 3487 835 3551 Juda,
880 3491 1079 3559 quippe
1128 3490 1223 3558 qui
1264 3489 1341 3544 sis
1386 3488 1542 3543 ludat
1569 3500 1749 3543 mente
1774 3490 1991 3544 similis.
2023 3488 2253 3544 Obviam

675 3580 751 3635 ito
776 3581 923 3636 Patri
947 3592 1039 3637 tuo
1068 3580 1390 3654 Uralyphio,
1420 3583 1509 3637 cui
1537 3596 1568 3635 a
1594 3582 1820 3638 Caballo
1857 3598 2079 3637 nomen.
2126 3581 2257 3637 Bibe

676 3672 782 3727 hoc
811 3676 1067 3743 primum,
1092 3676 1243 3728 utait
1266 3674 1624 3745 propheta”:
1656 3684 1713 3730 et
1740 3674 1794 3728 id
1825 3675 1971 3745 quod
2001 3674 2257 3729 acerbius

674 3762 730 3819 in
766 3766 1097 3820 novissimis.

746 3854 913 3919 Proh,
976 3858 1069 3925 qui
1115 3857 1257 3911 illius
1317 3857 1417 3911 fuit
1458 3857 1510 3911 in
1565 3858 1843 3913 Christum
1900 3856 2091 3912 furor!
2137 3874 2257 3927 qua:

675 3958 853 4002 vestra
907 3947 1229 4002 confessio!
1288 3947 1395 4003 Vos
1467 3951 1567 4002 viri
1632 3949 1910 4003 Christum
1961 3958 2255 4018 gestantes,

680 4038 887 4091 alumni
922 4038 1160 4106 pictatis,
1196 4040 1618 4095 immortalitatis
1641 4041 2257 4109 unguenta,triumpha-

678 4140 824 4185 tores
870 4130 1101 4184 inimici.
1164 4129 1276 4186 Vos
1323 4130 1577 4187 Ecclesiae
1631 4132 1803 4194 nervi,
1856 4130 2254 4185 firmamentum

678 4220 824 4284 fidei,
866 4222 1015 4275 orbis
1055 4222 1295 4275 universi
1344 4223 1532 4277 decus.
1584 4222 2035 4291 Auspicatissima
2092 4224 2255 4275 vestri

678 4311 941 4364 memoria
966 4319 1070 4372 est,
1108 4326 1271 4379 quam
1299 4319 1354 4364 et
1384 4311 1565 4365 futura
1590 4321 1720 4365 aetas
1762 4312 2010 4380 excipiet.
2043 4310 2255 4365 Corona

674 4410 855 4453 vestra
921 4401 1177 4464 caelestis,
1243 4402 1549 4456 divinarum
1611 4404 1826 4455 laudum
1892 4401 2112 4457 ﬂoribus
2157 4403 2257 4456 rite

675 4500 948 4545 contexta.
1001 4491 1140 4557 Quid
1190 4492 1384 4548 deinde
1438 4494 1705 4563 reliquum
1755 4502 1858 4557 est,
1898 4493 2005 4547 nisi
2043 4504 2101 4548 ut
2148 4492 2257 4547 Deo

2357 2024 2580 2093 ἀσεϐὴς,
2615 2021 2902 2092 συνετρίϐη
2932 2022 2961 2073 6
2992 2021 3208 2073 κόπτων
3244 2022 3414 2089 ἡμᾶς.
3466 2020 3810 2089 Νενικὴκατε
3846 2022 3939 2074 τὸν

2355 2114 2453 2181 τῆς
2483 2115 2747 2183 πονηρίας
2774 2111 2890 2164 υἱόν
2909 2129 2922 2141 ·
2958 2110 3285 2164 κατεϐάλετε
3313 2110 3375 2162 τὸ
3400 2109 3589 2180 θηρίον
3616 2110 3717 2178 τῆς
3741 2110 3935 2180 ὀργῆςν

2356 2206 2444 2257 τὸν
2485 2205 2883 2272 σκολιόγνωμον
2908 2203 3049 2257 νοῦν.
3080 2199 3151 2255 Ὦ
3182 2245 3196 2267 ,
3224 2198 3269 2256 ὦ
3321 2203 3640 2273 τριπόθητοι
3675 2220 3690 2234 ·
3745 2197 3834 2254 οἷα
3868 2204 3937 2255 τά

2358 2296 2565 2365 αἵματα
2610 2296 2762 2365 ὑμῶν
2787 2296 2989 2349 δυνατά
3025 2296 3039 2349 ι
3074 2295 3214 2349 Τάδε
3248 2294 3482 2365 ἔρῤαξαν
3530 2294 3624 2346 τὸν
3654 2294 3937 2362 ἀλάστορα

2358 2387 2627 2456 κολαστήν
2646 2406 2659 2417 ·
2692 2388 2864 2441 ταῦτα
2892 2387 3169 2440 ὲκένωσαν
3198 2386 3261 2438 τὸ
3302 2385 3495 2453 ἐναγὲς
3538 2382 3679 2453 αἷμα
3708 2384 3803 2437 τοῦ
3845 2402 3939 2453 φο-

2357 2477 2545 2530 νευτοῦ
2566 2494 2581 2508 ⁸
2609 2479 2766 2547 εῐπερ
2789 2477 3085 2531 ὑπακούειν
3108 2478 3136 2530 ό
3166 2477 3403 2546 ἀψευδὴς
3430 2476 3799 2546 ἐπηγγείλατο
3828 2479 3938 2529 τῶν

2359 2569 2609 2641 βοώντων
2643 2571 2780 2637 πρὸς
2810 2570 2973 2622 αὑτὸν
3005 2568 3200 2631 νυκτὸς
3233 2568 3326 2620 καὶ
3360 2568 3595 2637 ἡμέρας,
3623 2568 3771 2621 καθά
3800 2586 3937 2636 φησι

2354 2663 2422 2715 τά
2451 2661 2642 2728 Δόγια.
2684 2660 2839 2715 Μάθε
2868 2701 2882 2722 ,
2912 2660 3213 2731 Χρίστυϐρι
3232 2699 3248 2724 ,
3273 2658 3398 2712 ὅσον
3440 2659 3658 2727 ῐσχυσεν
3687 2662 3720 2727 ἡ
3767 2660 3865 2729 βοὴ
3894 2655 3936 2728 ᾧ

2357 2750 2510 2823 [Περ.
2536 2754 2650 2806 cod.
2696 2746 2793 2824 ὧν]
2828 2751 3125 2815 κατέξανας
3166 2752 3265 2811 τάς
3310 2749 3538 2818 σάρκας.
3595 2751 3759 2813 Ἰσθι,
3800 2770 3936 2821 μυσ-

2358 2844 2540 2912 ἀρχα,
2587 2843 2770 2911 ἡλίκον
2830 2859 2913 2895 σοι
2958 2844 3019 2895 τὸ
3076 2843 3217 2895 κατά
3270 2842 3505 2911 Χριστοῦ
3547 2842 3932 2911 ἀποτέλεσμα’

2356 2935 2542 3004 ἐπειδὴ
2574 2936 2710 3003 πρὸς
2743 2934 2949 3002 κέντρα
2979 2933 3249 2996 λακτίζων
3274 2929 3362 3001 ἦς,
3388 2934 3666 3003 ὲλάκησας
3694 2936 3930 3004 πρηνής·

2354 3025 2582 3096 ἐξεχύθη
2622 3028 2801 3089 σου,εἰ
2839 3028 2932 3079 καὶ
2957 3026 3017 3078 οὐ
3042 3026 3112 3078 τά
3147 3026 3451 3095 σπλάγχνα,
3483 3027 3618 3079 ἀλλὰ
3650 3027 3711 3079 τὺ
3741 3028 3934 3092 ἐναγὲς

2356 3116 2516 3188 αἷμα,
2547 3121 2801 3188 ἐντομαῖς
2848 3115 3045 3189 τρίσὶν,
3091 3118 3166 3181 ὡς
3195 3121 3261 3189 τῇ
3293 3118 3481 3189 Τριάδι
3512 3120 3932 3189 προσκροῦσαν-

2354 3228 2497 3275 τος.
2523 3210 2610 3263 διὰ
2658 3210 2758 3277 τῆς
2802 3210 3011 3280 ὕϐρεως
3055 3211 3158 3281 τῆς
3201 3211 3363 3277 ἁγίας
3403 3211 3611 3273 εἰκόνος
3668 3213 3929 3281 Χριστοῦ.

2362 3303 2547 3356 Ἄπιθι
2608 3305 2746 3371 μετά
2794 3303 2887 3355 τοῦ
2928 3303 3117 3367 Ἰούδα,
3145 3302 3533 3374 Ἰουδαίοφρον.
3576 3304 3814 3372 Σύντυχε
3856 3294 3931 3371 τῷ

2359 3395 2528 3463 πατρί
2573 3411 2667 3445 σου
2719 3395 3046 3463 Οὐραλυφίῳ
3096 3394 3552 3464 Καϐαλλωνύμῳ.
3619 3396 3719 3448 Πίε
3774 3394 3931 3446 τοῦτο

2360 3484 2595 3553 πρῶτον,
2620 3483 2694 3547 ὣς
2717 3501 2881 3554 φησιν
2905 3484 2933 3535 6
2958 3486 3273 3557 προφήτης,
3300 3486 3392 3537 καὶ
3413 3485 3473 3537 τὸ
3493 3484 3821 3556 δριμύτερον
3847 3486 3927 3536 ἐπ’

2356 3576 2624 3645 ἐσχάτων.

2431 3858 2494 3909 Ὠ
2517 3859 2615 3925 τῆς
2652 3854 2863 3908 ἐκείνου
2899 3854 3335 3923 Χριστομανίας,
3377 3851 3472 3905 καὶ
3512 3854 3611 3921 τῆς
3658 3851 3925 3921 ὑμετέρας

2357 3948 2676 4017 όμολογίαςῑ
2724 3948 2909 4015 Ὑμεῖς
2960 3946 3150 4015 ἄνδρες
3191 3946 3586 4015 Χριστοφόροι,
3638 3944 3928 4015 θρέμματα

2359 4039 2661 4102 εὐσεϐείας,
2700 4038 3020 4107 μυρίσματα
3047 4036 3367 4099 ἀθανασίας,
3402 4036 3811 4105 στηλιτεύματα
3840 4035 3927 4086 τοῦ

2360 4132 2578 4201 ἐχθροῦ.
2646 4131 2837 4200 Ὑμεῖς
2895 4129 3059 4197 νεῦρα
3103 4131 3203 4194 τῆς
3261 4127 3618 4196 Ἐκκλησίας,
3652 4127 3933 4196 ἑδραίωμα

2362 4224 2625 4285 πίστεως,
2662 4223 2816 4283 κλέος
2857 4223 2920 4289 τῇ
2954 4221 3044 4288 ὑφ’
3072 4220 3226 4289 ἡλίῳ.
3272 4218 3461 4287 ’Υμῶν
3492 4218 3553 4269 τὸ
3587 4220 3929 4286 μνημόσυνον

2360 4315 2554 4374 αἶσιον,
2608 4313 2636 4365 6
2680 4314 2773 4364 καί
2802 4315 2830 4365 ό
2884 4314 3089 4383 μέλλων
3138 4310 3448 4375 ὑποδέξοιτο
3493 4311 3706 4380 χρόνος.
3744 4310 3931 4377 ’Υμών

2360 4406 2419 4458 τὸ
2472 4405 2803 4474 στεφάνωμα
2852 4405 3125 4474 οὐράνιον,
3177 4405 3290 4465 τοῖς
3339 4403 3664 4473 ᾀσματικοῖς
3714 4402 3929 4454 ἄνθεσιν

2360 4494 2656 4565 ἀξιοχρέως
2709 4493 3176 4564 συμπλεκόμενον.
3226 4491 3291 4543 Tl
3322 4491 3383 4543 τὸ
3410 4490 3626 4553 λοιπόν;
3688 4490 3930 4541 αἰνετέον

676 4581 890 4646 laudes,
918 4584 1007 4652 pio
1052 4584 1279 4652 principi
1313 4594 1496 4654 grates
1528 4594 1777 4655 agantur,
1803 4585 1947 4653 quod
1969 4600 2249 4640 carcerum

2358 4586 2509 4650 θεὸν,
2541 4586 2891 4656 εὑχαριστέον
2924 4585 3001 4654 τῷ
3037 4584 3251 4637 εὐσεϐεῖ
3288 4582 3517 4653 βασιλεῖ,
3556 4582 3636 4633 ὅτι
3685 4580 3797 4631 τῶν
3833 4598 3930 4647 φυ-

675 4688 741 4728 ac
800 4674 1048 4729 dolorum
1095 4677 1257 4729 linem
1317 4677 1552 4746 denique
1615 4674 1850 4731 fecerit?
1912 4676 2250 4745 Sperandum

674 4762 794 4820 fore
822 4775 882 4820 ut
910 4767 1002 4836 qui
1038 4782 1296 4837 prospera
1329 4768 1476 4823 dedit
1532 4769 1687 4823 initia
1727 4766 1888 4833 Deus,
1944 4768 2165 4837 adjiciat
2195 4777 2254 4823 ut

675 4857 1038 4927 respondeant
1097 4870 1337 4915 extrema
1394 4862 1604 4931 primis,
1639 4870 1693 4915 et
1730 4869 1874 4915 recta
1942 4860 2076 4915 fides
2127 4876 2250 4915 cum

676 4965 807 5020 pace
864 4953 1154 5022 conjuncta
1202 4964 1367 5024 caput
1427 4963 1632 5009 exerat.
1698 4954 1931 5007 Tantum
2000 4954 2249 5016 obsecro,

677 5053 1008 5099 mementote
1041 5045 1147 5099 mei
1179 5047 1233 5099 in
1282 5046 1623 5100 orationibus
1649 5045 1968 5113 impensius,
2005 5060 2069 5098 ac
2100 5045 2253 5098 vobis

678 5134 810 5202 ipsis
832 5150 1045 5205 semper
1072 5137 1354 5191 attendite.
1380 5136 1629 5202 Quandiu
1658 5138 1803 5191 enim
1834 5136 2082 5205 spiritum
2109 5136 2253 5189 hunc

677 5226 895 5281 vitalem
947 5229 1222 5294 ducimus,
1292 5240 1527 5283 tentator
1581 5230 1768 5283 instat.
1823 5227 2013 5283 Frater
2076 5236 2253 5283 vester

678 5315 935 5375 Nicolaus
966 5336 1063 5389 pro
1097 5336 1249 5374 more
1288 5321 1518 5375 salutem
1549 5320 1703 5373 dicit.

962 5434 1295 5489 LXXXVIII.
1322 5466 1389 5476 -—-
1421 5434 1621 5489 Nicetw
1664 5434 1968 5503 prwposito.

2353 4677 2532 4730 λακὼν
2573 4677 2667 4729 καὶ
2702 4676 2903 4729 ὀδυνῶν
2932 4675 3081 4727 εἴασε
3126 4674 3299 4737 τέως·
3346 4674 3440 4725 καὶ
3480 4671 3763 4724 ἑλπιστὲον
3786 4671 3867 4722 ὅτι
3904 4672 3931 4721 6

2352 4771 2474 4832 δοὺς
2512 4770 2643 4831 Θεὸς
2690 4770 2790 4839 τὴν
2830 4769 3083 4838 ἀπαρχὴν
3104 4768 3305 4834 δεξιὰν,
3336 4767 3655 4819 συναποὶσει
3686 4768 3752 4833 τῇ
3784 4766 3925 4831 ἀρχῇ

2353 4861 2528 4914 καὶτὸ
2552 4861 2705 4923 τέλος
2729 4878 2740 4889 ·
2766 4862 2863 4927 τῆς
2880 4859 3231 4931 είρηνοχύτου
3255 4857 3563 4928 όρθοδοξὶας
3589 4854 3927 4919 ὲξανατεῖλαι

2354 4952 2414 5005 τὸ
2465 4953 2651 5021 κέρας.
2709 4952 2884 5005 Μόνον
2944 4950 3247 5022 παρακαλῶ
3317 4949 3677 5020 μνημονεύειν
3726 4963 3829 5015 μου
3876 4946 3929 4995 ὲν

2354 5045 2685 5114 προσευχαῖς
2704 5042 3075 5114 ’θερμότερον.
3110 5044 3205 5096 καὶ
3238 5043 3528 5113 προσέχειν
3550 5041 3767 5101 ἑαυτοῖς
3802 5038 3929 5091 πάν-

2354 5153 2496 5189 τοτε.
2529 5136 2649 5187 Ὀτι
2680 5134 2783 5196 ἕως
2802 5135 2867 5188 ἂν
2897 5136 3245 5206 ἑμπνὲωμεν,
3280 5138 3309 5188 6
3340 5132 3618 5204 πειράζων
3643 5133 3922 5201 πάρεστιν.

2365 5226 2424 5280 Ὀ
2488 5226 2713 5294 ἀδελφὸς
2765 5226 2922 5295 ὑμῶν
2987 5225 3260 5289 Νικόλαος
3314 5225 3625 5288 ἀσπάζεται
3682 5224 3825 5275 κατὰ
3872 5219 3927 5271 τὸ

2367 5316 2613 5386 σύνηθες.

2630 5430 2757 5482 ουν.
2790 5458 2862 5468 -
2887 5427 3117 5497 Nam
3149 5425 3479 5498 ἡγουμένῳ.
3512 5424 3665 5497 [φδη

1626 5547 1699 5596 De
1737 5547 2072 5611 persecutoris
2097 5543 2327 5601 interitu,
2353 5549 2406 5591 et
2432 5547 2599 5591 contra
2626 5541 2988 5591 lconomachos.

755 5653 899 5709 Misit
928 5654 994 5708 ad
1027 5652 1382 5707 humilitatem
1418 5667 1617 5718 meam,
1645 5663 1703 5706 ut
1752 5652 1954 5720 accepi,
1990 5650 2249 5705 sanctitas

755 5810 800 5841 ⁸⁸
836 5808 972 5863 Psal.
1021 5825 1189 5875 χλιιι,
1228 5810 1275 5862 l.
1352 5810 1395 5841 ²⁹
1428 5807 1569 5867 Psal.
1605 5824 1712 5875 ctv,
1739 5810 1791 5862 2.

2438 5645 2808 5715 Ἐπέστειλεν,
2873 5646 2948 5711 ὡς
2995 5645 3215 5717 ἔμαθον,
3271 5646 3305 5717 ἠ
3356 5646 3630 5716 ἁγιωσύνῃ
3664 5662 3757 5697 σου
3792 5643 3914 5716 πρὸς

1888 5812 1928 5842 ’³
1965 5809 2066 5865 lsa.
2097 5822 2168 5875 ts,
2220 5808 2267 5872 l,
2301 5821 2409 5862 scc.
2452 5802 2612 5859 LXX.
