4156 6516
248 439 386 503 1317

1435 447 1975 509 EPISTOLARUM
2031 449 2181 507 LIB.
2223 449 2308 508 II.

3366 450 3503 512 1318

242 555 347 624 τὴν
374 551 705 606 ταπείνωσιν
754 569 891 624 μουο
947 555 1061 608 ἀλλ’
1110 554 1211 608 οὐκ
1265 557 1538 631 ἐδεξάμην
1569 562 1658 615 διά
1701 580 1823 615 τινα

1940 578 2018 616 Lua
2062 563 2270 617 litteras
2297 602 2310 616 .
2362 561 2456 617 sed
2495 575 2601 615 non
2633 569 2761 616 sunt
2787 560 2853 614 ad
2897 575 2983 616 me
3016 562 3199 616 nescio
3232 577 3342 632 quo
3376 578 3505 618 casu

246 643 626 711 περιπέτειαν.
675 642 818 712 Ἐγὼ
864 643 920 697 δὲ
948 644 1022 709 ὡς
1066 647 1398 718 δεξάμενος,
1447 652 1711 722 χαράσσω
1739 667 1824 706 σοι

243 735 365 788 τόδε
397 735 458 787 τὸ
485 735 704 797 εὐτελές
737 753 836 804 μου
867 739 1252 808 γραμμάτιον
1298 743 1673 814 προσηγορίαν
1724 761 1822 797 κο-

247 824 408 892 μίζον
449 824 545 876 καὶ
575 825 660 887 τὸ,
682 827 876 897 Χαῖρε,
899 827 1290 901 φθεγγόμενον.
1326 833 1424 886 Διά
1465 836 1546 898 τίς
1588 837 1669 889 ὅτι
1703 852 1826 889 συν-

245 916 474 985 ετρίϐη,
521 917 720 987 μᾶλλον
772 919 829 972 δὲ
879 923 1155 993 κατεκόπη
1195 924 1225 976 6
1280 925 1497 979 κόπτων
1527 929 1674 996 ἡμᾶς
1700 945 1713 958 ·
1742 930 1824 982 ὅτι

244 1006 451 1077 δέδειχε
497 1009 702 1080 Κύριος
729 1011 786 1062 ὲν
815 1009 1112 1084 ὀφθαλμοῖς
1137 1016 1412 1078 ἁπάντων.
1457 1020 1697 1090 ἀρνητὴν
1725 1020 1823 1072 αὐ-

245 1099 342 1150 τοῦ
396 1095 536 1153 εἶναι
587 1101 678 1154 τὸν
723 1103 823 1170 τῆς
875 1105 1034 1172 ἁγίας
1077 1107 1242 1160 αὐτοῦ
1281 1110 1488 1171 εἰκόνος
1532 1112 1820 1182 ἁθετητήν.

258 1189 349 1250 Ὧς
383 1189 490 1259 γὰρ
527 1191 588 1241 οὐ
631 1191 924 1261 χωρίζεται
955 1196 1113 1256 ἀκτὶς
1140 1196 1247 1247 ἀπὸ
1274 1196 1426 1266 ἡλίου
1449 1214 1462 1227 ·
1493 1197 1662 1259 οὕτως
1701 1199 1824 1250 οὐδὲ

248 1282 414 1334 εἰκὼν
439 1283 532 1336 τοῦ
567 1287 947 1354 πρωτοτύπου,
973 1288 1004 1352 ἢ
1037 1288 1202 1353 μόνον
1244 1290 1384 1342 κατὰ
1422 1290 1481 1342 τὸ
1513 1292 1610 1359 τῆς
1640 1291 1825 1354 οὐσίας

247 1375 526 1445 διάφορον.
586 1378 708 1431 Ἐπὶ
739 1379 847 1432 τῶν
893 1380 1172 1450 τεχνητῶν
1208 1380 1271 1450 δὴ
1305 1380 1474 1455 λέγω,
1516 1381 1653 1433 Ἀλλ’
1677 1383 1825 1451 ὅμως

248 1465 348 1519 καὶ
389 1465 559 1531 οὕτως
613 1470 974 1540 ἀστραψάσης
1021 1473 1122 1542 τῆς
1173 1472 1466 1542 ἀληθείας,
1526 1473 1625 1526 οὐκ
1681 1474 1826 1528 ἔστιν

249 1558 514 1630 ἄθρησις,
559 1563 798 1632 οὐδαμοῦ
839 1563 1127 1634 ἀνάνηψις,
1187 1567 1296 1618 Καὶ
1327 1567 1414 1629 τίς
1449 1567 1510 1620 οὐ
1547 1567 1822 1633 στενάξοις

251 1652 348 1705 καὶ
380 1654 462 1715 τίς
494 1653 594 1706 οὐκ
630 1655 1056 1720 ἀποκλαύσοιτος
1105 1656 1164 1709 οὐ
1197 1659 1322 1721 τοὺς
1359 1658 1824 1728 ἀθλοφοροῦνταςο

253 1744 452 1813 μήτιγέ
509 1761 592 1807 τις
659 1744 814 1798 τοῦτο
849 1745 1142 1800 ὑπολάϐοι·
1177 1750 1293 1812 πῶς
1329 1751 1440 1820 γὰρ
1478 1752 1527 1802 οἱ
1560 1750 1829 1820 θεομακὰ-

256 1855 427 1907 ριστοι
480 1840 902 1910 ὲπικλαύσιμοις
949 1842 1084 1896 ἀλλά
1125 1845 1249 1904 τοὺς
1294 1843 1698 1905 ἁϐλεπτοῦντας
1734 1844 1828 1896 καὶ

1931 652 2168 722 perlatas.
2209 649 2365 706 Nunc
2401 668 2551 717 vero,
2592 662 2853 722 tanquam
2880 653 3238 721 accepissem,
3272 654 3373 708 hoc
3408 654 3509 707 tibi

1930 752 2092 798 tenue
2120 744 2428 814 epistolium
2465 757 2654 808 exaro,
2689 743 2835 812 quod
2869 742 2964 796 tibi
3015 742 3395 797 salutationem
3424 741 3509 797 fe-

1930 843 2036 900 rat,
2058 842 2109 888 et
2141 833 2378 904 gaudere
2411 834 2616 903 jubeat.
2663 835 2937 899 Quorsum
2963 832 2987 886 ?
3015 837 3270 902 quoniam
3300 834 3508 888 contri-

1932 932 2020 977 tus
2045 932 2146 988 est,
2175 925 2257 978 vel
2315 926 2495 993 potius
2539 925 2792 978 concisus
2824 934 2906 979 est
2946 926 3037 994 qui
3076 940 3176 980 nos
3220 924 3505 981 caedebat:

1931 1014 2188 1083 quoniam
2220 1015 2396 1083 palam
2443 1013 2569 1068 fecit
2609 1015 2872 1068 Dominus
2926 1019 2980 1069 in
3032 1025 3324 1083 conspectu
3387 1030 3508 1067 om-

1933 1106 2105 1168 nium,
2136 1115 2451 1176 negatorem
2477 1106 2593 1175 ejus
2623 1121 2763 1169 esse,
2817 1117 3017 1160 sancta:
3050 1107 3222 1175 ipsius
3255 1106 3509 1175 imaginis

1933 1206 2382 1266 contemptorem.
2433 1197 2902 1262 Quemadmodum
2951 1199 3095 1252 enim
3155 1214 3262 1250 non
3299 1197 3509 1264 disjun-

1931 1289 2079 1358 gitur
2126 1304 2159 1343 a
2198 1291 2311 1344 sole
2348 1291 2554 1355 radius,
2605 1293 2683 1344 sic
2713 1306 2887 1359 neque
2933 1292 3112 1360 imago
3141 1308 3170 1344 a
3205 1299 3507 1359 prototypo,

1933 1381 2038 1435 nisi
2079 1381 2195 1435 sola
2225 1383 2544 1436 substantiae
2573 1382 2875 1436 differentia
2907 1401 2919 1436 :
2951 1382 3018 1436 de
3057 1394 3172 1436 arte
3222 1381 3381 1437 factis
3411 1383 3512 1436 uti-

1933 1486 2037 1538 que
2071 1471 2288 1539 loquor.
2324 1473 2393 1523 At
2425 1472 2804 1533 nihilominus,
2830 1488 2953 1525 cum
2999 1481 3279 1540 tantopere
3307 1473 3509 1526 veritas

1934 1561 2156 1632 fulgeat,
2199 1577 2360 1617 nemo
2385 1574 2466 1618 est
2496 1562 2588 1632 qui
2632 1564 2906 1632 respiciat,
2937 1580 3096 1618 nemo
3139 1565 3230 1633 qui
3260 1566 3511 1634 expergi-

1935 1667 2140 1710 scatur.
2168 1655 2232 1708 Et
2255 1656 2377 1724 quis
2401 1671 2562 1725 porro
2596 1674 2701 1710 non
2740 1658 3107 1727 ingemiscat?
3157 1667 3210 1712 et
3249 1659 3372 1725 quis
3402 1675 3511 1712 non

1934 1748 2172 1803 deﬂeat?
2213 1764 2321 1802 non
2348 1764 2443 1803 eos
2498 1750 2589 1818 qui
2624 1748 2833 1803 fortiter
2864 1760 3074 1804 certant
3104 1767 3118 1815 ;
3174 1767 3350 1819 neque
3385 1768 3514 1805 vero

1936 1844 2060 1908 quis
2102 1838 2155 1892 id
2224 1848 2532 1908 suspicetur
2570 1858 2583 1893 :
2621 1855 2744 1893 nam
2800 1842 3074 1910 quomodo
3134 1841 3348 1911 lugendi
3405 1844 3514 1897 sint

250 1931 333 2000 τῷ
363 1932 510 1997 αὐτῷ
541 1931 688 2003 ζόφῳ
721 1934 819 2002 τῆς
859 1934 1114 1998 ἀσεϐείας
1164 1936 1631 2006 ὲπερειδομένους.
1686 1935 1826 2003 Ἐγὼ

1940 1947 2070 2001 quos
2124 1931 2270 1986 Deus
2323 1932 2668 1988 beavit?sed
2703 1947 2796 1988 eos
2824 1933 2917 2003 qui
2966 1934 3281 1998 esecutiunt,
3348 1945 3512 2005 atque

256 2025 360 2095 μὲν
401 2020 493 2078 οὖν
539 2027 567 2078 6
608 2025 778 2088 τάλας
819 2025 961 2078 οὑτω
990 2026 1086 2079 καὶ
1142 2026 1498 2097 διανοοῦμαι,
1542 2027 1682 2080 οὑτω
1733 2027 1830 2080 καὶ

251 2117 646 2188 ἀποκλαίομαι.
697 2120 768 2172 Σύ
813 2119 889 2182 δὲ,
918 2112 962 2171 ὦ
1008 2119 1129 2190 ἱερά
1152 2121 1400 2190 κεφαλὴ,
1435 2121 1529 2172 καὶ
1560 2120 1658 2190 τῆς
1690 2121 1829 2191 ἐμῆς

251 2209 607 2280 οὐθενότητος
632 2211 781 2282 φίλη,
810 2212 884 2282 μὴ
908 2211 1236 2282 ἁπολήξειας
1265 2203 1678 2282 προσευχομένη
1701 2230 1830 2265 κατ-

252 2301 496 2372 ἀλλαγὴν
531 2302 737 2369 φθάσαι
763 2302 970 2357 ἀνωθεν
995 2303 1071 2374 τῷ
1103 2303 1217 2374 λαῷ
1247 2304 1340 2358 τοῦ
1387 2302 1542 2358 Θεοῦ.
1601 2305 1830 2357 Ἔπειτα

252 2394 349 2447 τοῦ
376 2395 469 2447 καὶ
499 2395 646 2464 ἡμᾶς
683 2394 1043 2458 διασώζεσθαι
1087 2396 1216 2459 τοὺς
1258 2396 1514 2463 ἀναξίους
1537 2436 1551 2460 ,
1601 2396 1832 2449 κατόπιν

254 2483 412 2554 ὑμῶν
450 2486 558 2538 τῶν
583 2487 756 2553 ἁγίων
792 2487 991 2552 ἰόντας.
1028 2487 1089 2540 ’0
1123 2490 1222 2542 σὺν
1253 2489 1377 2558 ἐμοὶ
1401 2487 1631 2557 ἀδελφὸς
1661 2504 1834 2557 προσ-

254 2577 530 2647 αγορεύει.
583 2579 723 2641 Τοὺς
758 2580 897 2649 μετὰ
934 2583 1033 2652 τῆς
1078 2582 1388 2651 ἁγιωσύνης
1436 2599 1530 2634 σου
1566 2581 1833 2650 ἀδελφούς

257 2689 364 2741 μου
403 2673 754 2743 ἀσπάζομαι·
800 2674 961 2743 καίγε
1020 2675 1258 2746 μάλιστα
1299 2675 1392 2728 τὸν
1448 2674 1595 2746 ίερδν
1631 2675 1836 2748 Ἀρσέ-

256 2780 394 2818 νιον.

256 2876 377 2930 00'.
403 2907 469 2916 —
490 2879 806 2946 [νικηφόρῳ
830 2877 912 2963 Ῑῷ
939 2878 1239 2947 ἁγιωτάτῳ
1278 2877 1638 2948 πατριάρχῃ.
1675 2877 1847 2953 [φς’.]

1933 2024 1989 2074 in
2037 2022 2152 2088 ipsa
2194 2021 2492 2090 impietatis
2550 2022 2782 2093 caligine
2823 2024 3145 2092 gloriantur.
3209 2022 3320 2094 Ego
3382 2039 3514 2078 sane

1934 2113 2101 2167 miser
2152 2112 2232 2167 sic
2271 2127 2484 2167 mecum
2538 2114 2721 2167 animo
2752 2124 2962 2181 reputo,
3018 2116 3097 2170 sic
3123 2123 3178 2168 et
3215 2115 3392 2184 lugeo.
3430 2115 3512 2169 Tu

1933 2220 2084 2272 vero,
2116 2220 2335 2261 sacrum
2371 2215 2555 2276 caput,
2591 2220 2654 2260 ac
2697 2206 2977 2260 tenuitatis
3026 2217 3224 2261 nostrae
3253 2209 3511 2270 amicum,

1934 2312 2006 2351 ne
2042 2298 2252 2366 precari
2281 2298 2489 2364 desine,
2516 2297 2591 2350 uti
2623 2299 2819 2366 populo
2855 2299 2947 2353 Dei
2988 2299 3204 2355 caelitus
3243 2315 3343 2368 pax
3379 2315 3513 2354 con-

1936 2390 2109 2460 tingat
2150 2405 2165 2443 :
2199 2391 2395 2445 deinde
2427 2399 2485 2444 ut
2518 2398 2572 2444 et
2602 2406 2704 2444 nos
2730 2391 2864 2444 salvi
2894 2393 3091 2456 simus,
3123 2393 3328 2462 indigni
3367 2395 3512 2460 licet,

1936 2481 2163 2551 vestigia.
2188 2491 2366 2536 vestra
2393 2483 2486 2552 qui
2516 2482 2691 2537 sancti
2720 2484 2852 2538 estis
2876 2483 3297 2554 subsequentes.
3323 2485 3517 2541 Frater

1937 2575 2029 2642 qui
2084 2587 2299 2626 meeum
2343 2582 2447 2638 est,
2481 2573 2578 2627 tibi
2629 2574 2858 2628 salutem
2894 2574 3045 2629 dicit.
3083 2575 3300 2630 Fratres
3341 2592 3512 2642 meos,

1936 2666 2029 2735 qui
2086 2679 2209 2720 cum
2250 2664 2537 2718 sanctitate
2588 2674 2679 2718 tua
2713 2665 2935 2736 degunt,
2978 2667 3157 2722 saluto
3194 2687 3207 2722 :
3247 2669 3515 2738 imprimis

1935 2773 2066 2812 vero
2089 2772 2304 2812 sacrum
2323 2756 2635 2811 Arsenium.

1995 2869 2236 2926 LXXIX.
2291 2899 2362 2908 —
2412 2867 2712 2938 Nicephoro
2761 2871 3104 2924 sanctissimo
3136 2871 3477 2940 patriarcha}.

254 2987 522 3038 Dolentem
552 2989 682 3050 quod
707 2990 941 3040 Ecclesia
960 3005 1062 3041 suae
1084 3004 1173 3053 pax
1198 2990 1381 3042 Leonis
1402 2993 1608 3043 Armeni
1630 2999 1835 3101 mortes;

1676 3069 1756 3104 an.

1940 2986 2261 3112 ἰιιὲιῖοοὶωε
2291 2985 2482 3037 reddita
2501 2994 2654 3045 esset,
2677 3001 2767 3049 spe
2786 2985 3053 3035 meliorum
3078 2990 3283 3038 solatur.
3313 2990 3513 3047 (Baron.

1940 3068 1964 3099 l.
2060 3087 2070 3098 .

1676 3069 1756 3104 an.
1780 3065 1892 3112 δτι,
1914 3065 1964 3100 n.
1992 3065 2070 3098 η.

341 3135 659 3188 Ἐπέστειλα
714 3136 884 3190 πάλαι
929 3138 957 3190 6
1011 3139 1214 3206 τάλας,
1251 3141 1312 3194 οὐ
1371 3141 1506 3211 πρὸς
1561 3142 1832 3195 ἀντίδοσιν

258 3229 605 3295 γραμμάτων
657 3227 1016 3281 ἀποσκοπῶν’
1081 3231 1163 3283 ὅτι
1225 3230 1361 3302 μηδὲ
1417 3231 1624 3294 δούλοις
1682 3233 1833 3302 παρὰ

2013 3134 2219 3205 Scripsi
2254 3134 2382 3188 olim
2428 3134 2616 3198 miser,
2647 3150 2756 3189 non
2794 3143 2854 3188 ut
2908 3135 3039 3189 mihi
3077 3135 3318 3189 vicissim
3376 3136 3515 3190 scri-

1937 3229 2096 3283 beres
2129 3245 2141 3281 :
2180 3243 2280 3281 nec
2309 3227 2453 3281 enim
2478 3227 2652 3281 servis
2686 3228 2892 3281 domini
2918 3225 3154 3292 debent;
3204 3228 3296 3282 sed
3333 3243 3515 3283 meum

258 3312 535 3366 δεσποτῶν
564 3314 753 3385 ὀφειλή
775 3332 787 3346 ·
820 3316 958 3369 ἀλλὰ
982 3319 1082 3387 τὴν
1113 3320 1354 3389 ἐμαυτοῦ
1385 3321 1626 3375 διάθεσιν
1653 3323 1835 3393 γλιχό-

1941 3321 2112 3391 ipsius
2151 3319 2400 3375 affectum
2466 3320 2745 3374 declarare
2785 3321 3034 3389 cupiens,
3093 3336 3277 3374 amore
3311 3330 3366 3374 et
3416 3336 3516 3390 op-

262 3419 423 3469 μενος
456 3405 800 3472 ὐπεκφάναι·
844 3406 988 3461 οὕτω
1031 3410 1124 3462 τοῦ
1166 3410 1333 3464 πόθου
1378 3413 1595 3466 καὶτοῦ
1644 3413 1839 3484 καιροῦ

260 3489 617 3561 βιαζομένων,
665 3497 764 3549 οὐκ
815 3497 1141 3563 ἀπεικότως.
1191 3502 1364 3566 Αὐτὸς
1397 3504 1475 3568 δὲ,
1507 3499 1551 3559 ὧ
1589 3504 1708 3559 θεία
1745 3507 1840 3559 καὶ

260 3585 537 3652 κορυφαῖα
574 3585 684 3640 τῶν
746 3589 906 3659 ίερῶν
925 3592 1205 3662 ,κεφαλῶν
1252 3593 1494 3664 ἀκρότης
1520 3639 1536 3661 ,
1570 3597 1628 3648 οὐ
1679 3598 1839 3668 μόνον

261 3676 668 3731 ἀντεπιστεῖλαι
697 3679 940 3748 ἠξίωσας
985 3684 1060 3752 τῷ
1091 3683 1317 3752 ἀναξίῳ,
1366 3685 1717 3759 θεομιμήτως
1741 3688 1838 3760 δη-

257 3768 433 3820 λονότι
460 3771 759 3840 φερόμενος
780 3788 792 3800 ·
827 3772 963 3827 ἀλλά
989 3775 1096 3843 γὰρ
1125 3776 1220 3827 καὶ
1243 3775 1340 3829 ἀπ’
1371 3777 1543 3848 αὐτῆς
1570 3779 1671 3848 τῆς
1702 3798 1838 3850 προ-

259 3862 478 3930 γραφῆς
511 3861 762 3914 τοσοῦτον
802 3864 935 3932 ἡμῖν
969 3863 1023 3916 εδ
1055 3865 1155 3934 τῆς
1202 3868 1706 3938 ταπεινοφροσύνης
1744 3887 1839 3922 σου

263 3955 410 4006 θεῖον
462 3954 593 4022 ὕψος
637 3955 954 4020 ὑπέδειξας,
993 3956 1069 4020 ὡς
1102 3958 1524 4028 καταπλαγῆναι
1556 3960 1714 4032 ἡμῶν
1742 3961 1840 4032 τὴν

259 4047 488 4117 οἰκτρὰν
527 4047 788 4102 διάνοιαν.
822 4050 884 4102 Ὤ
927 4049 1020 4101 τοῦ
1058 4049 1370 4119 θαύματοςὶ
1408 4052 1470 4105 Εἰ
1523 4054 1551 4104 6
1590 4053 1839 4118 τοσοῦτος

262 4142 360 4193 καὶ
406 4140 723 4208 τηλικοῦτος
773 4142 872 4211 τὴν
927 4142 1105 4209 ἀξίαν,
1131 4143 1225 4196 καὶ
1274 4145 1400 4214 τῇδε
1448 4147 1838 4216 συνισουμένην

263 4235 402 4304 ἔχων
451 4234 548 4303 τὴν
587 4234 788 4304 ἀρετὴν
841 4236 1364 4305 ἀναστράπτουσαν,
1399 4237 1474 4301 ὡς
1520 4239 1658 4290 αὐτά
1695 4256 1837 4308 pap—

263 4328 422 4396 τυρεῖ
471 4325 538 4378 τά
570 4326 904 4394 πράγματα,
935 4327 1048 4378 υἱὸν
1083 4329 1275 4380 ἑαυτὸν
1302 4327 1397 4381 τοῦ
1429 4328 1688 4392 ἀσθενοῦς
1729 4331 1838 4382 ἀπ-

265 4419 525 4472 εκάλεσεν
548 4436 560 4448 ο
605 4417 633 4468 6
672 4417 898 4486 οὐθενὴς
945 4419 1040 4471 καὶ
1069 4420 1278 4489 ἀφανὴς
1311 4421 1362 4473 τί
1393 4421 1586 4476 ἑαυτὸν
1637 4422 1837 4492 ὀνομά-

269 4529 416 4577 σειε;
439 4511 548 4564 Καὶ
577 4512 624 4563 εί
654 4512 682 4563 6
714 4511 814 4581 τῆς
873 4512 1184 4582 ἁγιωσύνης
1223 4513 1485 4584 λαμπτὴρ
1517 4515 1838 4585 ἁμαρτωλὸν

268 4603 461 4658 ἑαυτὸν
507 4604 880 4675 ὑπογράφοιεν
900 4620 914 4633 ⁶
950 4605 979 4657 ὁ
1013 4605 1335 4676 ἁμαρτωλὸς
1365 4608 1461 4660 καὶ
1493 4610 1839 4678 ἠπορημένος

267 4698 320 4750 τί
340 4699 382 4749 δ’
409 4697 472 4749 ἄν
494 4698 587 4750 κα)⁸
607 4697 1073 4767 ἀποκριθήσεται;
1105 4700 1246 4769 Ἀρα
1274 4702 1321 4752 εί
1347 4701 1438 4753 καὶ
1465 4701 1632 4772 μηδὲν
1656 4703 1840 4773 ἓτερον

270 4789 583 4858 ἐγέγραπτο
613 4791 680 4860 τῇ
713 4790 970 4860 ἐπιστολῇ
991 4831 1006 4854 ,
1055 4791 1214 4862 ἢρκει
1244 4791 1402 4844 τοῦτο
1457 4793 1616 4861 μόνον
1646 4794 1739 4846 τοῦ
1782 4811 1840 4847 τε

269 4878 564 4948 δεχομένου
588 4878 680 4931 τὸν
704 4879 826 4932 νοῦν
849 4879 1215 4949 ὲκθαμϐῆσαι,
1253 4882 1347 4933 καὶ
1377 4881 1466 4934 τοῦ
1492 4883 1843 4953 πεπομφότος

271 4969 332 5021 τὸ
356 4968 767 5040 ἀνυπέρϐλητον
798 4971 855 5021 ἐν
877 4971 1046 5040 ἀρετῇ
1068 4971 1451 5041 θριαμϐεῦσαι.
1489 4974 1641 5025 Ἐπεὶ
1664 4974 1720 5026 δὲ
1749 4975 1844 5028 καὶ

271 5061 334 5112 τὸ
367 5061 487 5113 ὅλον
514 5059 645 5127 ὖφος
669 5061 762 5113 τοῦ
785 5062 930 5132 ίεροῦ
951 5062 1157 5132 βιϐλίου
1186 5062 1488 5133 διέγνωμεν
1507 5066 1555 5117 οἱ
1576 5066 1843 5130 ταπεινοὶ,

272 5153 397 5205 τότε
438 5152 534 5204 καὶ
569 5151 767 5218 μᾶλλον
793 5154 1058 5224 ἥσθημεν,
1091 5157 1156 5225 τῇ
1186 5155 1434 5223 κεφαλίδι
1464 5157 1523 5208 τὸ
1541 5157 1661 5210 ὅλον
1689 5157 1847 5226 σῶμα

275 5245 376 5312 τῆς
406 5243 694 5309 διαλέξεως
723 5245 1073 5316 καταλλήλως
1094 5247 1388 5318 εὑρηκότες
1417 5249 1844 5321 ἀπηρτισμένον.

279 5334 462 5402 Οἶδας,
493 5339 520 5389 6
564 5337 716 5404 ἆγιος
732 5339 824 5391 τοῦ
861 5340 1018 5404 Θεοῦ,
1050 5334 1161 5409 ,οἷα
1205 5339 1449 5410 ἐφθέγξω
1482 5359 1847 5412 πνευματοκι-

279 5429 490 5497 νήτωςο
540 5429 614 5492 ὡς
655 5431 975 5501 ὲπέρῤωσας
1019 5431 1176 5502 ἡμῶν
1210 5432 1310 5503 τὴν
1357 5433 1559 5502 ἀσθενῆ
1610 5434 1850 5487 διάνοιαν

283 5518 524 5572 ἐπαίνων
570 5522 1072 5590 φαρμακεύμααιν·
1129 5523 1205 5587 ὡς
1255 5526 1661 5596 συνερρίζωσας
1705 5528 1852 5596 ἡμᾶς

1941 3413 2365 3483 portunitateita
2398 3412 2737 3482 cogentibus,
2779 3427 2884 3465 non
2912 3413 3224 3480 incongrue.
3252 3411 3333 3467 Tu
3365 3429 3515 3481 vero,

1943 3517 1976 3557 0
2005 3503 2186 3557 divine
2211 3512 2265 3557 et
2289 3517 2542 3572 supreme
2581 3517 2861 3555 sacrorum
2886 3503 3125 3571 capitum
3165 3514 3372 3568 vertex,
3405 3519 3516 3558 non

1941 3595 2118 3651 solum
2151 3595 2481 3665 respondere
2503 3594 2724 3663 indigno
2749 3594 3000 3662 dignatus
3031 3610 3112 3657 es,
3143 3594 3234 3648 Dei
3268 3595 3518 3650 videlicet

1941 3691 2187 3760 exemplo
2214 3691 2431 3753 ductus,
2455 3689 2546 3743 sed
2581 3700 2634 3742 et
2661 3690 2726 3743 ab
2748 3689 2865 3759 ipso
2895 3689 3264 3758 inscriptionis
3293 3691 3518 3745 exordio

1940 3792 2148 3837 tantum
2179 3782 2338 3837 nobis
2358 3791 2461 3836 tua:
2481 3780 2802 3834 humilitatis
2819 3780 3062 3834 divinum
3090 3781 3307 3834 culmen
3335 3790 3519 3835 osten-

1941 3874 2091 3936 disti,
2120 3885 2177 3927 ut
2210 3884 2487 3941 stuporem
2522 3872 2725 3927 infelici
2773 3873 2940 3925 menti
2989 3881 3188 3926 nostra:
3241 3872 3512 3941 inieceris.

1941 3965 1982 4016 Ο
2014 3979 2126 4016 rem
2175 3964 2587 4018 admirandam!
2648 3962 2704 4017 Si
2744 3972 2928 4016 tantus
2963 3979 3026 4018 ac
3066 3964 3190 4017 talis
3226 3963 3514 4033 dignitate,

1940 4066 1994 4110 et
2023 4056 2149 4110 huic
2173 4056 2388 4125 quidem
2425 4071 2612 4124 parem
2639 4070 2832 4124 gerens
2862 4056 3189 4109 emicantem
3229 4057 3512 4120 virtutem,

1940 4158 2001 4201 ut
2030 4147 2169 4201 facta
2197 4149 2308 4216 ipsa
2338 4157 2625 4211 testantur,
2655 4147 2824 4200 tilium
2848 4162 2905 4202 se
2930 4146 3312 4201 homuncionis
3337 4147 3520 4216 appel-

1940 4240 2069 4294 lavit
2100 4259 2113 4306 ;
2143 4241 2263 4294 vilis
2295 4240 2458 4292 homo
2494 4254 2557 4293 ac
2586 4240 2785 4292 nullius
2813 4240 2972 4308 pretii
3005 4238 3150 4308 quod
3181 4239 3285 4293 sibi
3317 4253 3518 4292 nomen

1941 4333 2229 4403 imponet?
2268 4331 2352 4393 Et,
2401 4332 2446 4386 si
2497 4332 2873 4386 sanctimoniae
2915 4333 3146 4401 lampas,
3177 4341 3516 4400 peccatorem

1940 4427 2178 4495 seipsum
2207 4425 2502 4479 subscribit
2533 4442 2548 4490 ;
2592 4433 2843 4493 peccator
2866 4433 2920 4478 et
2939 4423 3098 4493 inops
3122 4425 3254 4493 quid
3285 4440 3517 4495 respon-

1939 4518 2136 4573 debit?
2176 4515 2338 4586 lgitur
2369 4518 2412 4571 si
2449 4517 2596 4570 aliud
2648 4516 2784 4568 nihil
2818 4516 3082 4584 scriptum
3134 4515 3348 4582 fuisset,
3385 4519 3518 4572 satis

1945 4610 2046 4663 hoc
2074 4624 2244 4661 unum
2276 4617 2394 4663 erat
2419 4619 2472 4662 et
2520 4608 2588 4662 ad
2635 4608 2956 4676 accipientis
2987 4608 3230 4661 animum
3256 4609 3518 4678 obstupe-

1946 4700 2277 4762 faciendum,
2307 4707 2360 4754 et
2385 4700 2450 4752 ad
2484 4698 2768 4753 scribentis
2805 4698 3226 4766 insuperabilem
3257 4699 3517 4753 virtutem

1942 4791 2324 4847 extollendam.
2371 4789 2668 4859 Postquam
2723 4799 2904 4842 autem
2959 4797 3129 4843 totum
3162 4790 3302 4844 sacri
3353 4789 3518 4844 libelli

1944 4891 2261 4936 contextum
2307 4880 2544 4935 humiles
2593 4881 2919 4950 perlegimus
2952 4897 2966 4945 ;
3002 4891 3113 4934 tum
3143 4881 3312 4934 multo
3347 4883 3519 4947 magis

1947 4972 2117 5042 gavisi
2171 4986 2385 5034 sumus,
2449 4981 2618 5024 totum
2669 4973 2936 5025 orationis
2981 4987 3178 5040 corpus
3223 4987 3324 5026 suo
3358 4973 3520 5041 capiti

1948 5071 2069 5131 apte
2097 5061 2426 5130 respondere
2455 5060 2971 5117 animadvertentes.
3003 5061 3145 5125 Scis,
3180 5071 3370 5116 sancte
3400 5062 3517 5127 Dei,

1949 5153 2129 5221 qualia
2169 5151 2374 5221 Spiritu
2406 5164 2655 5206 movente
2692 5153 2909 5207 locutus
2943 5154 3019 5208 sis
3055 5172 3067 5207 :
3124 5154 3398 5222 quomodo
3433 5154 3522 5207 in-

1951 5246 2163 5297 ﬁrmam
2221 5254 2454 5298 mentem
2526 5253 2768 5298 nostram
2819 5245 3044 5298 laudum
3109 5245 3522 5299 medicamentis

1951 5335 2357 5390 conlirmaveris
2389 5354 2403 5388 :
2435 5335 2711 5405 quomodo
2742 5335 2809 5389 ad
2849 5336 3164 5405 patientiam
3187 5352 3284 5390 nos
3333 5351 3522 5389 corro-

1954 5428 2249 5491 boraveris,
2283 5443 2350 5481 ne
2407 5428 2461 5480 in
2509 5427 2893 5482 afﬂictionibus
2943 5429 3426 5496 despondeamus;
3471 5435 3524 5482 et

1957 5534 2290 5589 quaecunque
2320 5519 2424 5571 alia
2454 5519 2632 5571 divina
2663 5517 2926 5586 sapientia
2971 5518 3195 5587 pulchre
3229 5518 3522 5587 suggessit.

287 5611 738 5682 ὑπομονητικῶς,
787 5616 862 5683 μὴ
916 5615 1176 5667 ὲκκακεῖν
1219 5617 1277 5668 ὲν
1311 5619 1428 5679 ταῖς
1464 5617 1706 5686 θλίψεσι,
1763 5621 1835 5668 κα

1958 5609 2060 5664 Sed
2095 5609 2412 5663 benedictus
2442 5609 2606 5671 Deus,
2640 5609 2733 5677 qui
2769 5608 2820 5661 in
2861 5618 3010 5662 tanto
3045 5609 3339 5678 impietatis
3369 5619 3523 5663 motu

268 5701 385 5754 63a
411 5701 545 5755 ἄλλα
575 5702 964 5770 ὑπεσημήνατο
993 5703 1250 5771 θεοσοφία
1282 5705 1675 5774 καλλυνόμενα.
1716 5705 1856 5758 Ἀλλ’

289 5793 580 5862 εὐλογητὸς
606 5797 633 5846 ὁ
661 5794 822 5856 Θεδς,
852 5795 910 5855 ὃς
955 5797 1011 5848 ὲν
1043 5796 1270 5866 τοιούτῳ
1312 5797 1521 5866 σεισμῷ
1567 5797 1823 5861 ἀσεϐείας
1842 5837 1856 5861 ,

291 5885 612 5955 τηλικοῦτον
666 5884 982 5957 ὑπέρμαχον
1044 5887 1177 5958 ὁμοῦ
1234 5888 1328 5944 καὶ
1393 5887 1731 5960 κυϐερνήτην
1792 5891 1857 5960 τῇ

1955 5715 2009 5757 et
2028 5702 2408 5767 concussione,
2445 5701 2604 5755 talem
2641 5712 3090 5771 propugnatorem
3141 5703 3305 5756 simul
3334 5719 3395 5755 ac
3425 5719 3526 5768 gu-

1956 5795 2297 5850 bernatorem
2324 5793 2576 5848 Ecclesia:
2601 5809 2713 5847 sua:
2731 5795 2957 5863 largitus
2985 5803 3087 5854 est,
3112 5793 3522 5856 inconcussum,

1959 5885 2310 5952 immobilem,
2344 5886 2505 5942 verba
2533 5885 2651 5942 vita:
2706 5886 3015 5953 habentem,
3044 5887 3406 5942 confessionis
3444 5887 3517 5940 lu-
