4156 6470
685 372 826 442 1319

1879 378 1941 438 S.
1981 375 2373 436 THEODORI
2417 376 2765 436 STUDITE

3821 369 3955 431 132’)

627 527 630 530 ~
683 505 808 544 men
846 490 1104 544 universo
1136 487 1261 543 orbi
1320 488 1729 544 accendentem.
1775 487 1929 555 Quod
1979 490 2025 544 si
2092 489 2266 542 hiems

2371 487 2565 539 ἑαυτοῦ
2609 483 2908 555 Ἐκκλησία
2930 482 3263 553 ἐδωρήσατο,
3288 480 3564 544 ἄσειστον,
3589 479 3953 550 ἀκράδαντον,

681 583 920 636 nondum
980 581 1261 651 praeteriit,
1312 581 1438 637 licet
1482 597 1647 651 parva
1697 581 1943 650 quaedam
1995 582 2262 637 serenitas

680 675 988 730 aliulserit:
1039 689 1149 728 non
1199 673 1624 744 desperandum,
1670 689 1703 728 ο
1732 685 1814 728 ter
1867 674 2044 728 beate.
2080 675 2265 728 Potest

680 769 825 822 enim
856 769 949 838 qui
986 768 1200 822 brevem
1235 768 1385 837 pacis
1424 767 1716 822 scintillam
1761 766 2032 821 concessit
2079 765 2264 820 Domi-

681 873 807 923 nus,
835 857 1000 913 Deum
1025 858 1370 914 ﬂectentibus
1393 859 1647 929 precibus
1681 858 1788 914 tuis
1811 858 2066 920 inﬂexus,
2095 857 2264 911 etiam

685 962 854 1006 totum
891 953 1210 1007 orthodoxae
1245 951 1365 1006 lidei
1403 967 1496 1006 ver
1525 951 1760 1021 pandere
1797 968 1810 1005 :
1857 959 1910 1004 et
1941 960 2071 1004 tunc
2099 950 2266 1005 nimi-

681 1059 829 1106 rum.
886 1044 1106 1114 quando
1173 1044 1265 1098 ira:
1312 1044 1487 1098 nubes
1548 1043 1775 1097 omnino
1833 1043 2154 1110 mutabitur,
2212 1052 2267 1097 et

683 1142 900 1206 piorum
933 1153 996 1191 ac
1043 1136 1210 1190 Deum
1247 1137 1546 1190 amantium
1579 1152 1736 1191 amor
1771 1136 2034 1207 probatus
2059 1136 2264 1191 clarius

682 1229 868 1282 fuerit.
926 1227 1050 1282 Haec
1111 1244 1278 1282 ausus
1329 1244 1450 1283 sum
1521 1229 1576 1283 in
1643 1230 1929 1299 praesentia
2004 1238 2263 1299 tanquam

680 1317 898 1371 catulus
927 1318 1198 1387 quispiam
1237 1319 1436 1372 mutire
1464 1320 1670 1388 optimo
1717 1335 1839 1372 meo
1869 1334 2054 1373 revera
2085 1321 2268 1373 archi-

682 1409 888 1479 pastori
918 1410 1039 1478 :qui
1058 1421 1112 1464 et
1133 1410 1504 1464 venerandum
1528 1410 1892 1466 encbiridium
1913 1426 2038 1466 cum
2064 1411 2266 1480 ingenti

682 1500 1048 1554 exsultatione
1079 1502 1322 1570 suscepi.

1003 1783 1215 1840 LXXX.
1250 1817 1318 1829 —
1362 1785 1563 1842 Joamti
1614 1786 1938 1859 Logothete.

2368 579 2526 646 λόγον
2578 578 2725 647 ζωῆς
2782 577 3080 646 ἐπέχοντα·
3129 573 3246 644 φῶς
3287 571 3580 643 ὁμολογίας
3633 574 3700 642 τῇ
3741 572 3955 642 ὑφηλίῳ

2367 670 2735 742 πυρσεύοντσ.
2786 669 2852 724 Ei
2877 669 2935 722 δὲ
2981 668 3064 720 ὅτι
3091 668 3120 719 6
3143 664 3354 737 χειμὼν
3381 666 3606 719 οὑτίπου
3642 664 3954 735 παρῆλθεν,

2366 764 2416 815 εί
2461 760 2555 814 καί
2591 776 2678 823 τις
2727 758 2900 828 μικρά
2947 756 3132 828 αἰθρία
3177 755 3564 827 ὑπήστραψενο
3598 756 3702 808 οὑκ
3737 755 3958 824 ἀθυμη-

2366 856 2512 918 τέον,
2566 847 2612 908 ὦ
2676 853 3135 925 τρισμακάριστε.
3195 853 3433 914 Δυνατδς
3482 850 3592 923 γάρ
3649 852 3681 904 6
3721 851 3850 914 δοὺς
3896 850 3957 904 τὸ

2369 944 2543 1016 βραχὺ
2564 948 2664 1016 τῆς
2689 947 2911 1014 εἰρήνης
2949 940 3287 1012 δμπύρευμα
3323 941 3548 1012 Κύριος,
3564 942 3711 1023 ’ταῖς
3743 939 3958 993 θεοκλιο

2367 1039 2484 1092 νέσι
2521 1055 2616 1090 σου
2649 1037 3040 1107 καμπτόμενος
3083 1035 3416 1104 προσευχαῖς
3436 1074 3452 1100 ,
3481 1034 3577 1087 καὶ
3609 1033 3671 1087 τδ
3704 1034 3831 1086 ὅλον
3859 1035 3958 1102 τῆς

2365 1129 2678 1202 όρθοδοξίας
2729 1129 3071 1184 ἀναπετάσαι
3130 1126 3269 1197 ιαρ·
3327 1126 3425 1179 καὶ
3479 1126 3603 1180 τότε
3670 1126 3956 1197 δηλονότι,

2365 1224 2529 1277 ὁπότε
2563 1224 2659 1286 καὶ
2711 1222 2773 1274 τὸ
2818 1223 2918 1292 τῆς
2944 1214 3117 1292 όργῆς
3169 1219 3330 1289 νέφος
3379 1218 3678 1291 ἀμειφθείη
3726 1219 3954 1281 τέλεον,

2367 1316 2462 1368 καὶ
2508 1317 2536 1368 6
2577 1313 2742 1378 πόθος
2795 1313 2908 1367 τῶν
2957 1310 3222 1381 θεοφιλῶν
3270 1310 3629 1380 δοκιμασθείη
3696 1309 3956 1380 λαμπρό-

2366 1423 2545 1476 τερον.
2575 1405 2764 1460 Ταῦτά
2791 1422 2881 1476 μοι
2915 1403 3011 1458 νῦν
3035 1403 3369 1474 τετόλμηται
3403 1401 3596 1473 ὥσπερ
3627 1419 3682 1455 τι
3713 1402 3958 1454 κυνίδιον

2366 1498 2568 1570 γρύξαι
2609 1497 2686 1568 τῷ
2716 1495 2942 1569 χρηστῷ
2991 1513 3097 1567 μου
3160 1495 3238 1559 ὡς
3285 1493 3508 1566 ἀληθῶς
3555 1493 3956 1564 ἀρχιποίμενι,

2367 1590 2612 1662 εἰληφότι
2697 1592 2794 1645 καὶ
2861 1592 2926 1644 τὸ
2987 1587 3375 1661 προσκυνητδν
3438 1589 3766 1659 ἐγχειρίδιον
3834 1585 3957 1657 μεθ’

2367 1682 2815 1754 ὑπερϐαλλούσης
2847 1683 3251 1751 ἀγαλλιάσεως.

2650 1795 2730 1848 η’.
2768 1823 2838 1835 -
2883 1794 3130 1861 Ἰωάννῃ
3166 1788 3482 1861 Acraeam.
3508 1787 3676 1864 [φξι]

1205 1897 1281 1947 De
1318 1897 1500 1949 Leonis
1518 1901 1720 1949 Armeni
1741 1911 1903 1952 morte
1923 1902 2080 1966 ipsius
2105 1908 2383 1957 sceleribus
2411 1916 2740 1972 congruente.
2779 1909 2981 1973 (Baron.
3007 1920 3087 1956 an.
3110 1903 3222 1967 821,
3255 1920 3305 1957 rt.
3328 1905 3435 1968 ει.)

753 1998 1035 2055 Reseravit
1067 2011 1281 2070 tempus
1301 2003 1524 2074 januam
1559 2007 1846 2072 libertatis,
1875 2023 1929 2065 ut
1966 2011 2256 2082 loquamur
2286 2023 2328 2078 Β

682 2107 784 2148 nos
813 2108 937 2148 cum
972 2093 1130 2148 bonis
1161 2096 1296 2150 viris
1329 2097 1490 2151 simul
1521 2107 1574 2152 et
1611 2099 1822 2154 amicis.
1858 2103 1916 2155 ln
1967 2103 2051 2159 his
2077 2116 2258 2160 autem

682 2186 810 2253 quis
858 2186 1124 2255 potiorem
1177 2186 1424 2242 obtineat
1470 2190 1650 2244 locum
1692 2208 1854 2259 quam
1900 2195 2075 2265 pietas
2125 2197 2262 2251 tua?

683 2278 776 2348 qui
831 2279 902 2331 ob
957 2278 1102 2334 hunc
1141 2278 1317 2348 ipsum
1365 2282 1580 2350 pietatis
1636 2283 1842 2338 cultum
1891 2301 1998 2340 non
2038 2289 2262 2358 exiguas

683 2385 976 2440 perpessus
1021 2386 1080 2425 es
1131 2373 1409 2426 molestias
1453 2389 1836 2446 erumnasque
1881 2378 1950 2432 ah
1989 2394 2055 2434 eo
2089 2382 2264 2450 quiet

683 2464 851 2518 Deum
895 2461 1137 2526 otTendit,
1185 2473 1242 2518 et
1276 2465 1540 2518 mundum
1599 2466 1876 2536 impietate
1922 2474 2178 2540 perdidit,
2210 2483 2265 2530 et

683 2568 870 2625 parem
902 2556 1193 2624 apostasia:
1221 2557 1382 2610 vitam
1410 2557 1678 2612 violenter
1702 2559 1893 2625 ﬁnivit,
1922 2578 2028 2618 non
2061 2566 2115 2618 in
2144 2566 2263 2621 loco

685 2647 1042 2708 sancto,licet
1064 2645 1113 2699 id
1138 2646 1396 2702 horribile
1418 2649 1566 2703 dictu
1600 2651 1671 2704 sit
1709 2668 1722 2704 :
1757 2652 1884 2721 quia
1916 2669 2262 2725 nequaquam

684 2738 944 2808 templum
978 2737 1070 2792 Dei
1098 2749 1366 2802 sanctum,
1422 2742 1566 2810 quod
1597 2743 1666 2796 ab
1702 2743 1971 2800 haereticis
2001 2749 2260 2816 profana-

687 2839 799 2882 tum
835 2837 920 2882 est
943 2868 957 2892 ,
994 2829 1088 2882 sed
1111 2830 1304 2884 domus
1338 2831 1564 2899 profana
1597 2842 1700 2898 est,
1731 2835 1876 2889 sicut
1905 2838 1982 2891 ait
2021 2855 2254 2908 magnus

684 2918 923 2974 Basilius
961 2940 973 2974 :
1007 2921 1236 2990 praeside
1267 2921 1412 2976 illius
1444 2925 1636 2991 angelo
1661 2963 1676 2985 ,
1703 2935 1765 2979 ut
1791 2937 1986 2995 praeest
2009 2927 2263 2986 Ecclesia

687 3014 1001 3082 unicuique,
1034 3015 1358 3070 abscedente
1381 3030 1599 3086 propter
1629 3019 1980 3087 impietatem.
2009 3022 2261 3094 Quapro-

688 3114 809 3172 pter
839 3119 937 3158 nec
973 3104 1081 3158 Deo
1111 3117 1332 3175 accepta
1372 3117 1456 3160 est
1485 3122 1606 3176 qua:
1647 3108 1700 3162 in
1727 3125 1792 3164 eo
1820 3111 2134 3167 immolatur
2164 3115 2263 3168 ho-

684 3194 811 3248 stia.
839 3192 901 3248 Et
937 3193 1064 3248 audi
1096 3195 1271 3263 ipsum
1315 3196 1584 3251 dicentem
1619 3215 1633 3252 :
1674 3196 1918 3269 Iniquus.
1954 3205 2044 3272 qui
2070 3205 2261 3257 immo-

685 3288 762 3340 lat
785 3286 914 3339 mihi
939 3286 1184 3351 vitulum,
1217 3289 1371 3357 quasi
1405 3290 1494 3357 qui
1517 3290 1773 3360 interﬁcit
1803 3310 1984 3348 canem
2013 3296 2080 3350 ".
2105 3296 2261 3363 Quod

684 3380 730 3434 si
766 3388 1024 3449 tanquam
1055 3380 1108 3433 in
1139 3380 1335 3450 temple
1390 3391 1670 3437 mortuum
1708 3399 1829 3440 esse
1873 3385 2100 3457 impium
2130 3405 2264 3443 con-
2292 3367 2336 3424 (ἶ

686 3472 919 3536 tendas;
968 3473 1016 3526 id
1055 3473 1127 3525 ita
1187 3475 1478 3528 commode
1533 3476 1919 3544 explicabitur.
1971 3478 2268 3549 Oportebat

686 3561 854 3624 enim.
889 3564 1180 3632 oportebat
1207 3579 1356 3629 eum,
1386 3566 1479 3635 qui
1513 3567 1604 3620 Dei
1637 3569 1852 3638 templis
1886 3569 2086 3625 bellum
2123 3571 2266 3626 indi-

687 3667 864 3720 xerat,
909 3656 964 3709 in
1014 3656 1216 3725 templo
1279 3658 1502 3714 strictos
1563 3659 1616 3714 in
1651 3675 1709 3716 se
1757 3661 1969 3732 gladios
2029 3664 2262 3718 videre:

687 3748 974 3819 oportebat
992 3764 1140 3814 eum,
1170 3749 1263 3820 qui
1283 3751 1525 3805 divinum
1551 3752 1724 3808 altare
1750 3755 2115 3823 destruxerat,
2143 3768 2269 3813 ante

687 3841 858 3895 altare
896 3855 926 3894 a
983 3841 1162 3895 medio
1195 3841 1310 3895 tolli
1347 3859 1360 3896 :
1393 3857 1512 3896 eam
1541 3860 1787 3911 manum,
1823 3864 1947 3918 qua:
2003 3848 2180 3904 fuerat
2212 3851 2264 3905 in

686 3933 889 3986 Christi
920 3932 1176 4002 probrum
1204 3934 1368 3994 elata,
1410 3935 1541 3990 caedi
1571 3949 1625 3991 et
1652 3941 1918 4008 amputari
1951 3957 1966 3994 :
1997 3942 2052 3996 in
2082 3953 2265 4013 caput,

687 4025 833 4094 quod
852 4026 916 4078 ad
934 4025 1224 4094 perniciem
1247 4027 1476 4082 aliorum
1497 4031 2028 4096 movebatur,ensem
2045 4035 2268 4090 distrin-

688 4115 772 4184 gi:
808 4113 1158 4185 lmmero,qui
1179 4114 1243 4168 ad
1259 4115 1472 4185 piorum
1506 4118 1690 4187 plagas
1710 4120 2041 4190 erigebatdr,
2073 4123 2268 4178 lethale

687 4209 884 4262 vulnus
927 4207 1093 4278 inﬂigi
1124 4224 1139 4274 ;
1174 4209 1325 4280 regio
1377 4225 1408 4264 e
1441 4211 1643 4280 palatio
1672 4227 1797 4267 cum
1848 4214 2112 4270 dedecore
2143 4217 2266 4285 pelli

687 4316 834 4363 eum,
861 4301 952 4371 qui
973 4300 1200 4366 Christi,
1231 4303 1326 4372 qui
1359 4301 1620 4372 Deiparze,
1659 4306 1751 4374 qui
1776 4307 1951 4361 sancti
1977 4307 2269 4377 cujuslibet

687 4403 932 4448 sanctam
960 4393 1248 4464 imaginem
1271 4396 1470 4463 probro
1487 4395 1758 4451 aﬂ‘ecerat.
1785 4398 2058 4463 Quorsum
2083 4410 2264 4456 autem

687 4479 809 4544 tibi,
855 4481 1080 4536 Domine
1111 4483 1204 4547 mi,
1237 4483 1485 4537 scelerati
1519 4495 1750 4539 mortem
1778 4487 1832 4539 in
1865 4488 2010 4542 hunc
2041 4491 2263 4544 modum

685 4572 889 4642 tragice
909 4571 1218 4641 descripsi?
1250 4573 1386 4638 Quia
1423 4589 1646 4628 necesse
1666 4587 1749 4629 est
1793 4576 1922 4631 hinc
1960 4594 2068 4632 non
2103 4581 2267 4634 modo

686 4665 836 4734 pium
883 4663 1292 4730 imperatorem,
1323 4677 1713 4736 congruentem
1753 4668 2016 4738 impietati
2056 4672 2261 4726 exitum

687 4755 837 4825 impii
870 4771 1190 4826 agnoscere.
1219 4756 1312 4811 sed
1367 4759 1533 4812 etiam
1578 4759 1854 4814 hominem
1896 4777 2262 4832 unumquem-

685 4861 813 4915 que.
849 4849 927 4901 Ac
958 4847 1130 4901 miror
1168 4847 1420 4917 equidem
1463 4851 1812 4905 vehementer
1841 4854 2116 4923 quomodo
2147 4856 2262 4911 haec

685 4937 993 5008 intelligens
1046 4940 1287 5009 Optimus
1337 4941 1599 4998 Dominus
1645 4953 1851 5009 noster,
1909 4946 1976 5000 de
2042 4946 2261 5003 nefandi

686 5031 1057 5099 persecutoris
1107 5032 1386 5102 impietate
1441 5036 1779 5104 triumphum
1834 5053 1942 5090 non
1985 5049 2132 5108 agat,
2159 5056 2259 5095 nec

685 5121 790 5176 sibi
845 5137 910 5176 ac
940 5123 1176 5177 subditis
1226 5126 1521 5181 orhodoxae
1572 5126 1696 5180 lidei
1755 5130 2256 5184 reconciliationem

687 5212 980 5282 impertiat,
1028 5225 1287 5285 tanquam
1341 5218 1591 5288 princeps
1640 5221 1812 5288 pacis,
1853 5223 1917 5275 ad
1950 5225 2264 5293 exemplum

685 5306 914 5363 Christi.
967 5309 1256 5378 PrOpterea
1289 5321 1434 5380 peto,
1494 5312 1717 5368 humilis
1773 5314 2037 5376 obtestor.
2075 5330 2136 5372 ut
2185 5331 2265 5381 tu,

685 5398 780 5466 qui
827 5401 1023 5454 eximie
1067 5405 1190 5470 pius
1216 5416 1298 5464 es,
1337 5418 1502 5471 porro
1553 5419 1770 5473 pergas,
1802 5407 2264 5475 quemadmodum

688 5488 872 5556 accepi
927 5496 979 5543 te
1028 5499 1223 5558 sponte
1274 5507 1616 5562 aggressum,
1663 5506 1724 5549 ut
1767 5506 1939 5550 totum
1981 5506 2032 5552 te
2083 5499 2266 5553 tradas

687 5578 1037 5722 Lestituendte
1056 5579 1200 5646 lidei,
1231 5579 1285 5634 in
1319 5595 1425 5650 qua
1449 5585 1703 5642 estsalus
1726 5595 1778 5643 et
1801 5587 2014 5659 imperii
2045 5597 2100 5646 et
2127 5591 2257 5646 sub-

728 5669 950 5722 itorum.

728 5669 950 5723 itorutn.

759 5824 808 5855 ³⁸
855 5822 956 5879 lsa.
994 5840 1142 5894 uvt,
1172 5827 1227 5897 ὅ,
1255 5842 1366 5887 sec.
1393 5829 1554 5886 LXX.

2293 4723 2343 4782 1)

2429 2015 2678 2081 Ἤνοιξεν
2721 2017 2960 2085 όκαιρὸς
2995 2015 3166 2086 θύραν
3208 2011 3523 2086 παρρησίας
3546 2053 3564 2078 ,
3611 2011 3955 2082 φθέγξασθαι

2362 2109 2511 2177 ἡμᾶς
2542 2107 2770 2177 ἀγαθοῖς
2799 2105 3238 2178 ἀνδράσιν,όμοῦ
3274 2123 3335 2159 τε
3376 2106 3473 2159 καὶ
3517 2105 3715 2174 φίλοις.
3753 2106 3879 2158 Τῶν
3898 2106 3956 2160 δι

2360 2200 2618 2253 τοιούτων
2661 2200 2742 2264 τίς
2779 2201 2846 2254 ἂν
2883 2200 2968 2271 εῐη
3002 2198 3205 2270 μείζων
3264 2199 3362 2268 τῆς
3397 2197 3497 2268 σῆς
3539 2197 3863 2260 εὐσεϐείαςς
3897 2199 3956 2260 ὃς

2361 2309 2425 2358 γε
2457 2291 2524 2344 δι’
2557 2293 2689 2345 αὑτό
2718 2291 2878 2344 τοῦτο
2906 2292 2968 2344 τδ
2992 2289 3242 2344 εὐσεϐεῖν
3268 2307 3352 2352 σε,
3382 2291 3483 2343 οὐκ
3504 2291 3694 2358 ὀλίγας
3722 2292 3956 2360 ἀνέτλης

2363 2383 2572 2452 θλίψεις
2603 2401 2664 2438 τε
2713 2384 2812 2438 καὶ
2856 2382 3131 2445 κακώσεις
3161 2383 3316 2454 παρά
3351 2382 3448 2436 τοῦ
3483 2383 3581 2436 καὶ
3609 2380 3733 2453 Θεῷ
3778 2400 3952 2453 προσ-

2363 2477 2700 2548 κρούσαντος
2721 2518 2737 2540 ,
2773 2477 2866 2530 καὶ
2893 2477 3100 2546 κόσμον
3127 2475 3418 2540 όλᾶσαντος
3467 2477 3526 2530 ἂν
3557 2476 3808 2546 ἀσεϐείᾳ,
3857 2476 3954 2530 καὶ

2366 2567 2660 2638 ἰσόρροπον
2693 2569 2793 2636 τῆς
2823 2567 3164 2627 ἀποστασίας
3194 2565 3294 2636 τὴν
3334 2567 3479 2637 ζωὴν
3511 2566 3952 2637 ἀπορρήξαντος,

2364 2658 2466 2709 οὑκ
2493 2659 2551 2709 ὲν
2593 2657 2734 2726 άγίῳ
2767 2658 2953 2726 τόπῳ,
3009 2655 3112 2710 κᾶν
3145 2657 3497 2728 μορμολύττῃ
3528 2659 3589 2709 τὸ
3619 2657 3948 2724 λεγόμενον·

2363 2750 2499 2803 διότι
2530 2750 2590 2803 οὺ
2633 2749 2760 2812 ναὸς
2795 2747 2932 2801 Θεοῦ
2970 2747 3128 2816 ἅγιος
3167 2750 3197 2802 6
3234 2748 3324 2815 ὑφ’
3355 2747 3652 2819 αἱρετικῶν
3680 2747 3951 2817 βεϐηλοῦ-

2367 2858 2559 2912 μενος,
2595 2841 2712 2895 ἀλλ’
2759 2836 2908 2904 οἶκος
2953 2841 3156 2907 κοινὸς,
3196 2841 3273 2904 ῶς
3306 2857 3470 2910 φησιν
3507 2841 3536 2892 6
3568 2840 3744 2908 μέγας
3783 2839 3952 2891 Βασί-

2362 2933 2545 2995 λειος’
2603 2933 2698 2986 τοῦ
2755 2933 3065 3002 ἐφεστῶτος
3111 2933 3348 3001 ἀγγέλου
3399 2934 3458 2985 ὲν
3505 2931 3676 3000 αὑτῷ,
3731 2931 3809 2994 ὠς
3868 2933 3954 2998 ἐφ’

2366 3025 2605 3093 ἑκάστης
2648 3025 3000 3094 Ἐκκλησίας.
3034 3023 3412 3086 ὑπεκστάντος
3427 3023 3516 3076 διὰ
3543 3021 3642 3093 τὴν
3669 3022 3950 3076 ἀσέϐειαν.

2363 3116 2565 3185 Διόπερ
2609 3116 2782 3185 οὐδ’ή
2821 3115 3116 3186 τελουμένη
3151 3117 3210 3167 ιν
3247 3113 3398 3184 αὑτῷ
3441 3113 3636 3176 θυσία,
3684 3112 3808 3182 Θεῷ
3860 3114 3951 3166 εὑ-

2365 3207 2716 3278 πρόσδεκτος.
2743 3207 2852 3260 Καὶ
2871 3207 3107 3260 ἄκουσον
3131 3205 3297 3260 αὑτοῦ
3323 3205 3573 3272 λέγοντος
3593 3220 3640 3254 ἰ
3663 3205 3722 3258 '0
3747 3207 3954 3276 ἀσεϐὴς

2367 3299 2396 3350 6
2433 3297 2577 3350 θύων
2620 3314 2711 3366 μοι
2753 3298 2973 3366 μόσχον,
3008 3296 3086 3358 ὡς
3117 3297 3146 3349 6
3177 3295 3515 3349 ἀποκτείνων
3546 3295 3704 3352 κύνα.
3745 3315 3763 3348 i
3799 3297 3862 3350 Et
3899 3297 3956 3350 δὲ

2374 3391 2470 3442 καὶ
2511 3389 2585 3449 ὡς
2614 3388 2712 3440 ἐπὶ
2751 3387 2881 3441 ναοῦ
2909 3387 3098 3450 λάϐοις
3126 3387 3382 3440 τεθνᾶναι
3407 3388 3497 3440 τὸν
3528 3388 3722 3458 ἀσεϐῆ,
3774 3390 3950 3458 ἁρμό-

2375 3496 2485 3532 σειε
2527 3480 2622 3532 καὶ
2651 3475 2858 3542 οὗτοςό
2911 3478 3134 3550 τρόπος.
3171 3477 3320 3532 Ἔδει
3364 3481 3495 3550 γάρ,
3535 3480 3644 3534 εδει
3684 3481 3780 3533 τὸν
3809 3496 3954 3534 κατα

2371 3570 2484 3622 τῶν
2512 3569 2656 3622 ναῶν
2685 3568 2780 3622 τοῦ
2811 3568 2950 3622 Θεοῦ
2980 3574 3294 3640 γενόμενον,
3325 3571 3384 3623 ἑν
3409 3569 3524 3639 ναῷ
3561 3570 3690 3622 ἰδεῖν
3724 3571 3794 3622 τά
3831 3570 3952 3622 κατ’

2374 3663 2539 3716 αὑτοῦ
2580 3661 2933 3732 γυμνούμενα
2981 3660 3151 3732 ξίφη¹
3189 3661 3297 3716 ἔδει
3331 3660 3423 3715 τὸν
3474 3661 3534 3714 τὸ
3567 3661 3716 3713 θεῖον
3761 3661 3952 3714 θυσια-

2375 3757 2606 3824 στήριον
2647 3754 2988 3821 ἀφανίσαντα
3013 3796 3028 3820 ,
3090 3757 3148 3807 ἐν
3183 3754 3554 3825 θυσιαστηρίῳ
3593 3755 3955 3826 ἐξαφανισθῆο

2373 3861 2492 3898 ναιο
2527 3845 2668 3898 κατά
2698 3845 2796 3915 τῆς
2826 3847 3153 3916 ἑκταθείσης
3183 3849 3269 3915 ἐφ’
3303 3845 3457 3918 ὕϐρει
3480 3845 3718 3917 Χριστοῇ
3745 3847 3949 3918 χειρὸς,

2374 3935 2550 4008 τομὴν
2596 3937 2935 4006 ἐπαχθῆναι·
2997 3939 3140 3991 κατά
3180 3937 3281 4006 τῆς
3332 3937 3646 4007 κινηθείσης
3705 3939 3953 4008 κεφαλῆς

2374 4027 2657 4098 ὀλεθρίως,
2693 4027 2847 4097 ξίφος
2877 4027 3157 4082 διελάσαι·
3208 4027 3350 4081 κατά
3387 4027 3482 4081 τοῦ
3530 4025 3683 4096 ὤμου
3732 4028 3833 4081 τοῦ
3864 4031 3934 4080 επ

2375 4124 2620 4194 αἰκισμῷ
2665 4125 2776 4177 τῶν
2805 4123 3048 4176 εὐσεϐῶν
3093 4122 3460 4194 δπαρθᾶντος,
3511 4121 3736 4193 καιρὶαν
3778 4123 3953 4176 ἐλθεῖν

2376 4217 2633 4287 πληγήν·
2670 4216 2866 4286 ἄτιμον
2903 4215 3334 4285 ἀποπεμφθῆναι
3372 4213 3484 4268 τῶν
3524 4214 3824 4284 βασιλικῶν
3857 4215 3953 4267 αὑ-

2375 4309 2484 4362 λῶν
2514 4307 2606 4361 τὸν
2633 4310 2976 4378 ἀτιμάσαντά
3014 4309 3114 4378 τὴν
3154 4306 3318 4375 ἀγίαν
3345 4305 3582 4377 Χριστοῦ
3611 4306 3822 4370 είεκόνα,
3855 4308 3953 4376 τῆς

2373 4403 2680 4466 Θεοτόκου,
2745 4403 2840 4455 καὶ
2889 4398 3201 4455 οὑτινοσοῦν
3256 4399 3368 4451 τῶν
3411 4398 3603 4467 ἁγίων.
3633 4397 3698 4450 Τί
3748 4397 3950 4468 δήποτε

2373 4492 2516 4546 οὕτω
2549 4509 2665 4557 σοι,
2710 4491 2888 4563 Κύριό
2919 4508 3045 4560 μου,
3085 4488 3506 4561 ἑξετραγῷδησα
3535 4489 3631 4543 τοῦ
3658 4487 3952 4558 δξαγίστου

2373 4585 2468 4636 τὸν
2499 4583 2766 4648 θάνατον;
2799 4584 2881 4636 ὅτι
2909 4582 3204 4650 ἀναγκαῖόν
3234 4583 3381 4635 ἐστιν
3409 4579 3664 4634 ἐντεῦθεν
3695 4577 3758 4633 οὐ
3794 4585 3956 4652 μόνον

2371 4673 2464 4726 τὸν
2513 4673 2710 4743 εὐσεϐῆ
2762 4672 2986 4743 βασιλέα
3032 4671 3334 4741 ἀναγνῶναι
3377 4672 3442 4725 τὸ
3497 4671 3838 4743 κατάλληλον
3887 4676 3950 4743 τῇ

2368 4763 2595 4835 ἀσεϐείᾳ
2624 4764 2720 4818 τοῦ
2758 4764 2992 4828 ἀσεϐοῦς
3032 4765 3387 4836 ἀποτέλεσμα
3408 4805 3423 4830 ,
3459 4764 3595 4817 ἀλλά
3644 4765 3740 4818 καὶ⁵
3773 4767 3951 4819 πάντα

2366 4855 2672 4928 ἄνθρωπον.
2731 4857 2841 4909 Καὶ
2883 4855 3097 4926 ἄγαμαι
3143 4855 3267 4911 λίαν
3311 4837 3429 4920 πῶς
3467 4857 3497 4908 6
3536 4857 3738 4926 ἀγαθὸς
3796 4858 3951 4926 ἡμῶν

2368 4949 2648 5016 Δεσπότης
2689 4949 2852 5015 γνοὺς
2892 4947 3089 5010 τοῦτο,
3119 4947 3180 5000 οὑ
3225 4946 3551 5018 θριαμϐεὐει
3591 4947 3692 5017 τὴν
3719 4945 3815 4999 τοῦ
3850 4964 3949 5000 πα·-

2366 5038 2632 5108 λαμναίου
2665 5037 2986 5092 δυσσέϐειαν
3007 5055 3022 5070 ο
3075 5038 3172 5090 καὶ
3225 5037 3512 5110 χαρίζεται
3544 5036 3724 5107 ἐαυτῷ
3756 5054 3816 5089 τε
3857 5038 3949 5090 καὶ

2366 5130 2444 5200 τῷ
2474 5131 2702 5202 ὑπηκόῳ
2752 5132 2816 5184 τὸ
2861 5133 2963 5202 τῆς
2996 5131 3307 5204 ὀρθοδοξίας
3353 5130 3619 5200 ἑξίλασμα
3641 5169 3656 5193 ,
3689 5129 3764 5192 ὡς
3801 5129 3948 5198 βασι.

2375 5224 2500 5286 λεὺς
2540 5225 2895 5295 είρηναρχίας
2919 5226 3406 5295 Χριστομιμήτως.
3437 5225 3537 5276 Διά
3573 5222 3747 5288 ςτοῦτο
3773 5222 3913 5275 αἰτῶ
3932 5261 3947 5285 ,

2365 5315 2631 5368 ἀντιϐολῶ
2665 5319 2694 5369 6
2730 5317 2990 5380 ταπεινὸς
3009 5357 3025 5381 ,
3053 5315 3379 5387 ἑπειχθῆναί
3408 5332 3466 5368 σε
3499 5315 3592 5367 τὸν
3623 5313 3948 5367 εὐσεϐέστα-

2365 5427 2478 5475 τον,
2509 5409 2762 5480 καθάπερ
2784 5411 2877 5462 καὶ
2903 5409 3169 5480 ηκουσταί
3193 5424 3287 5479 μοι
3323 5409 3410 5461 ὅτι
3438 5405 3697 5476 ἑκινήθης
3716 5447 3732 5471 ,
3763 5406 3945 5459 δοῦναι

2368 5500 2565 5553 ἑαυτὸν
2614 5500 2816 5564 ὑλικῶς
2865 5502 2948 5565 εἰς
2978 5500 3282 5571 ἀνόρθωσιν
3331 5501 3435 5568 τῆς
3487 5500 3762 5562 πίστεως’
3800 5502 3858 5553 ἐν
3911 5491 3944 5570 ᾗ

2368 5593 2484 5644 ἐστι
2533 5593 2593 5645 τὸ
2637 5595 2905 5666 σωτήριον
2930 5596 3025 5650 τοῦ
3069 5611 3129 5650 τε
3171 5595 3410 5668 κράτους
3438 5593 3535 5647 καὶ
3577 5591 3673 5646 τοῦ
3706 5590 3949 5667 ὑπηκόου

2372 5684 2594 5748 παντός.
