4156 6494
212 428 346 494 1321

389 543 515 597 DA'.
552 571 625 583 —-
660 544 1065 599 Παντολέοντι
1094 544 1416 614 Λογοθέτῃ.
1443 543 1602 618 [φη’.]

1400 436 1937 498 EPISTOLARUM
1992 437 2139 496 LIB.
2200 436 2277 497 ΙΙ.

3326 436 3465 505 1322

2162 543 2395 600 LXXXI.
2429 576 2498 587 -—-
2530 544 2867 603 Pantoleouli
2896 549 3217 623 Logothetw.

506 652 603 703 Pro
626 652 722 702 ﬁde
755 652 917 703 libere
948 654 1168 704 locutum
1199 654 1362 705 laudat
1387 675 1399 705 :
1425 656 1752 717 hortaturque
1787 658 1844 704 ut
1863 654 2054 705 cultum
2077 651 2345 720 imaginum
2376 669 2503 707 novo
2544 656 2831 722 imperatori
2856 664 3167 725 persuadeat.

283 760 492 815 Ἀλλων
532 762 630 831 μὲν
661 762 695 831 ἡ
726 759 898 831 ἀρετὴ
931 760 991 826 ἐξ
1040 760 1213 832 ἀκοῆς
1246 763 1380 832 ἡμῖν
1428 761 1778 829 διέγνωσταιί

1960 761 2213 817 Aliorum
2267 762 2487 832 quidem
2545 764 2725 820 virtus
2778 766 2937 822 nobis
2980 777 3062 823 est
3091 769 3373 827 auditione
3406 787 3472 825 ac

210 856 309 909 σοῦ
358 856 415 907 δὲ
467 853 563 907 τοῦ
612 838 917 925 ὑπερτίμού
957 854 1221 908 δεσπότου
1248 872 1374 924 μου,
1410 846 1673 927 πρότερον
1717 852 1784 907 δι’

204 949 407 1019 ὅψεως,
449 948 547 1001 νῦν
589 948 646 1001 δὲ
692 948 751 1013 ἐξ
802 948 975 1018 ἀκοῆς
1026 948 1191 1017 μέχρι
1238 948 1340 1018 τῆς
1369 949 1630 1019 ἐσχατιᾶς
1664 941 1785 1022 ὲνῇ

204 1042 374 1111 ἐσμεν
427 1040 733 1110 φθασάσης.
792 1040 891 1103 Τίς
939 1038 997 1093 δὲ
1031 1040 1061 1089 6
1096 1040 1286 1107 λόγος;
1323 1040 1406 1093 ὅτι
1442 1041 1787 1111 ἐπαρρησιά-

207 1133 343 1185 σατό
373 1148 468 1185 σου
494 1132 557 1185 τὸ
588 1131 1091 1201 πνευματοκίνητον
1113 1132 1289 1203 στόμα
1324 1131 1560 1201 λαλῆσαι
1595 1133 1787 1201 σοφίαν

204 1224 365 1288 Θεοῦ,
386 1224 576 1291 λόγους
594 1222 975 1295 ἁληθείας,ὲπ’
1005 1223 1246 1295 ὠφελείᾳ
1283 1225 1376 1278 καὶ
1409 1225 1655 1296 σωτηρίᾳ.
1688 1224 1788 1293 τῆς

204 1334 264 1370 τε
303 1316 515 1379 οίκείας
550 1316 730 1387 ψυχῆς
777 1316 873 1371 καὶ
926 1316 1107 1387 πάσης
1145 1316 1247 1385 τῆς
1298 1315 1421 1371 καθ’
1463 1318 1615 1385 ἡμᾶς
1661 1315 1785 1370 Ἐκ-

206 1405 457 1475 κλησίας.
514 1406 626 1459 Καὶ
684 1406 954 1477 μακάριος
1012 1401 1096 1471 εἶ,
1153 1406 1247 1458 καὶ
1301 1404 1666 1475 εὐλογημένον
1723 1404 1785 1457 τὸ

202 1498 379 1568 ὄνομα
409 1514 535 1551 σουο
569 1497 667 1551 καὶ
700 1498 759 1551 σὲ
787 1498 1105 1552 αίνέσαισαν
1137 1498 1339 1560 πάντες
1371 1497 1418 1550 oi
1452 1496 1786 1561 ἀκούσαντες

203 1590 472 1653 εὐσεϐεῖς.
511 1590 622 1644 Καὶ
648 1590 911 1657 στέφανος
950 1589 1191 1663 χαρίτων
1219 1589 1316 1643 ἐπὶ
1339 1589 1437 1660 τὴν
1467 1590 1660 1661 τιμίαν
1687 1608 1780 1644 σου

202 1681 410 1751 κάραν·
454 1682 546 1734 καὶ
574 1680 758 1744 κλοιὸς
794 1680 1022 1752 χρύσεος
1075 1681 1170 1734 ἐπὶ
1201 1681 1293 1735 τὸν
1340 1682 1485 1752 ἱερόν
1519 1699 1615 1735 σου
1646 1684 1784 1755 τρά-

201 1774 390 1844 χηλον,
423 1775 505 1827 υίὲ
548 1774 829 1845 ὑπακοῆς,
878 1772 1067 1827 τέκνον
1104 1773 1314 1843 φωτὸς,
1349 1774 1573 1845 θρέμμα
1624 1775 1784 1828 εὐσε-

202 1867 377 1929 ϐείας.
401 1866 539 1919 Τάδε
565 1867 713 1935 λέγει
741 1866 945 1935 Κύριος
964 1881 979 1895 ·
1012 1865 1296 1929 Ἀνοιξον
1324 1865 1390 1920 τὸ
1415 1870 1614 1936 στόμα
1638 1882 1779 1929 σου,

202 1957 307 2009 καὶ
370 1956 672 2024 κληρώσω
712 1957 896 2011 αὺτόο
940 1956 1057 2009 ἀνθ’
1108 1949 1182 2011 ὧν
1239 1956 1559 2026 ὑπήκουσας
1600 1959 1783 2028 φωνῆς

206 2065 331 2117 μου.
377 2048 598 2119 Ἐντολὴ
631 2048 741 2119 γὰρ
782 2048 989 2118 Κυρίου
1031 2047 1106 2117 μὴ
1138 2051 1349 2119 σιωπᾷν
1372 2050 1428 2101 ἐν
1453 2050 1634 2121 καιρῷ
1660 2066 1778 2104 κιν-

1890 853 2039 910 fama
2085 865 2415 926 perspecta:
2470 868 2561 911 tua
2614 873 2768 919 vero.
2822 858 3045 915 Domine
3074 865 3146 915 mi
3194 860 3469 932 imprimis

1888 947 2136 1013 colende,
2161 948 2282 1002 visu
2334 949 2594 1016 primum,
2632 965 2777 1004 nunc
2820 965 2949 1004 vero
2975 949 3118 1005 fama
3148 953 3214 1007 ad
3244 954 3469 1009 ultimas

1891 1043 2159 1091 terrarum
2180 1051 2306 1092 oras
2326 1037 2524 1100 delata,
2557 1036 2609 1090 in
2633 1038 2833 1106 quibus
2855 1039 3125 1108 degimus.
3147 1038 3282 1107 Quis
3303 1058 3467 1111 porro

1888 1124 1958 1181 de
1990 1133 2043 1181 te
2068 1142 2250 1182 sermo
2279 1126 2476 1192 ?Quod
2512 1127 2725 1182 aﬂlatus
2758 1128 2987 1197 Spiritu.
3021 1129 3113 1193 Dei
3143 1130 3464 1201 sapientiam

1888 1218 2150 1272 audacter
2180 1234 2245 1273 ac
2270 1219 2437 1274 libere
2474 1220 2553 1274 sis
2596 1219 2834 1285 locutus,
2867 1236 3148 1278 Sermones
3200 1222 3465 1289 veritatis,

1890 1310 1958 1363 ad
1985 1310 2280 1364 utilitatem
2318 1326 2382 1365 ac
2410 1311 2643 1366 salutem
2673 1322 2786 1366 tum
2826 1312 3023 1368 anima:
3064 1313 3316 1383 propriae,
3350 1323 3465 1369 tutu

1886 1411 2090 1456 nostra:
2119 1402 2284 1457 totius
2312 1400 2585 1457 Ecclesiae.
2610 1398 2678 1457 Et
2712 1403 2901 1458 beatus
2930 1419 3010 1465 es.
3036 1415 3089 1458 et
3117 1404 3463 1460 benedictum

1886 1506 2084 1547 nomen
2119 1501 2271 1547 tuum
2306 1510 2320 1546 :
2352 1500 2407 1547 et
2443 1492 2665 1547 laudent
2707 1501 2756 1546 te
2807 1507 2997 1547 omnes
3033 1493 3128 1563 pii,
3151 1494 3244 1562 qui
3271 1496 3463 1549 audie-

1884 1582 2025 1647 rint,
2064 1592 2121 1637 et
2155 1598 2359 1638 corona
2382 1583 2679 1655 gratiarum
2705 1597 2869 1653 super
2903 1586 3271 1639 venerandum
3301 1599 3466 1656 caput

1884 1680 2039 1727 tuum
2064 1690 2078 1727 :
2101 1673 2303 1726 monile
2320 1688 2549 1726 aureum
2578 1672 2720 1726 collo
2744 1687 2904 1727 sacro
2927 1682 3021 1728 tuo
3040 1674 3462 1741 circumdatum,

1884 1764 1959 1818 ﬁli
2009 1763 2352 1828 obedientias,
2411 1764 2552 1817 lucis
2581 1767 2785 1833 proles,
2814 1766 3034 1820 alumne
3068 1766 3306 1836 pietatis.
3340 1766 3464 1822 ilice

1883 1854 2016 1910 dicit
2042 1854 2307 1909 Dominus
2338 1872 2353 1908 :
2405 1856 2567 1924 Aperi
2602 1871 2658 1908 os
2687 1866 2856 1920 tuum,
2892 1865 2941 1908 et
2969 1856 3190 1925 implebo
3221 1857 3356 1911 tilud
3375 1860 3419 1891 ³⁸
3446 1877 3463 1926 ;

1882 1947 2143 2017 quoniam
2170 1947 2368 2002 audisti
2400 1962 2590 2002 vocem
2643 1963 2845 2001 meam.
2880 1946 3065 2003 Jussio
3098 1949 3242 2003 enim
3278 1949 3461 2005 Domi-

1886 2038 1941 2092 ni
1986 2047 2089 2105 est,
2122 2047 2240 2093 tum
2286 2038 2512 2093 minime
2553 2037 2741 2100 silere.
2771 2054 2895 2093 cum
2936 2039 3277 2109 periclitatur
3310 2042 3463 2097 ﬁdes.

199 2116 531 2208 δυνευούσης
574 2116 831 2201 πίστεως.
872 2116 1068 2192 ⁷Λᾱιλει
1106 2140 1239 2209 γὰρ,
1295 2116 1471 2209 -φησὶ,
1538 2116 1634 2193 καλ.
1704 2141 1778 2212 μὴ

1885 2129 2133 2201 Loquere
2170 2130 2339 2196 enim,
2378 2131 2578 2200 inquit,
2616 2141 2666 2186 et
2694 2146 2801 2185 non
2851 2131 2971 2185 sile.
3009 2133 3111 2187 Et:
3146 2134 3209 2188 Si
3246 2134 3461 2189 subtra-

202 2230 405 2285 σιώπα.
452 2232 597 2296 Καὶ,
644 2230 786 2284 Ἐὰν
811 2230 1289 2300 ὑποστέλληται,
1318 2234 1432 2286 οὐκ
1473 2232 1716 2286 εὐδοκεῖ
1744 2233 1778 2301 ἠ

199 2321 373 2391 ψυχή
427 2340 547 2391 μου
587 2322 657 2375 ἐν
707 2321 889 2386 αὐτῷ.
949 2324 1086 2376 Καί’
1153 2325 1296 2378 Ἐὰν
1341 2320 1507 2379 οὗτοι
1555 2326 1783 2395 σιωπή-

199 2427 421 2478 σωσιν,
463 2414 520 2466 ol
550 2414 707 2467 λίθοι
748 2412 1165 2482 κεκράεονται.
1204 2415 1367 2469 Ὥστε
1412 2416 1501 2469 ὅτε
1534 2419 1664 2488 περὶ
1693 2417 1783 2470 πί-

202 2521 375 2569 στεως
419 2504 447 2557 6
497 2503 689 2571 λόγος,
730 2506 833 2558 οὐκ
885 2506 1034 2559 ἐστιν
1082 2508 1280 2571 εἰπεῖν,
1326 2505 1470 2575 Ἐγὼ
1513 2507 1595 2571 τίς
1625 2509 1777 2579 εξμι;

213 2593 451 2666 Ἷερεύς;
500 2595 617 2649 ἀλλ’
656 2596 916 2667 οὐδαμοῦ.
974 2600 1227 2669 Ἀρχων;
1281 2598 1377 2653 καὶ
1428 2599 1542 2653 οὐδ’
1582 2599 1776 2663 οὕτως.

200 2678 548 2759 Στρᾶτιὼτης
568 2707 583 2757 ;
606 2689 701 2742 καὶ
722 2690 859 2757 ποῦς
889 2692 1167 2761 Γεωργόςς
1194 2691 1288 2744 καὶ
1311 2690 1423 2744 οὐδ’
1446 2692 1577 2746 αὐτὸ
1599 2692 1777 2746 τοῦτο.

202 2780 416 2849 Πένης,
467 2783 627 2852 μόνον
675 2782 777 2853 τὴν
824 2766 1104 2853 ὲφήμερον
1156 2783 1361 2853 τροφὴν
1395 2785 1776 2856 ποριζόμενος.

197 2870 393 2935 Οὐδείς
426 2890 515 2941 μοι
544 2873 702 2941 λόγος
728 2874 821 2926 καὶ
853 2875 1074 2945 φροντὶς
1105 2874 1233 2942 περὶ
1263 2874 1361 2957 τοῦ
1392 2880 1777 2948 προκειμένου.

196 2961 337 3026 Οὐὰ,
361 2965 409 3016 οἱ
435 2964 568 3017 λίθοι
597 2967 859 3036 κράξουσι
883 3006 897 3028 .
930 2963 1024 3019 καὶ
1052 2968 1114 3019 σὺ
1147 2967 1423 3039 σιωπηλὸς
1454 2970 1551 3023 καὶ
1581 2970 1782 3041 ἄφρον-

195 3070 320 3117 τιςς
352 3058 384 3124 ἡ
417 3057 747 3125 ἀναίσθητος
778 3042 941 3125 φύσις
976 3057 1114 3110 Θεοῦ
1142 3061 1423 3133 ὲπακήκορ
1443 3102 1457 3125 ,
1494 3063 1588 3115 καὶ
1616 3063 1779 3126 αὐτὸς

197 3144 598 3218 λαιλαπιστήςς
653 3148 682 3201 ὃ
741 3149 816 3219 μὴ
877 3149 1186 3219 ὲψύχωται,
1224 3152 1361 3224 μηδὲ
1411 3154 1470 3205 ὲν
1508 3153 1778 3225 κριτηρίῳ

196 3236 613 3309 λελογοθέτηται
634 3277 649 3301 ,
680 3238 916 3304 δεδοικὸς
943 3242 1110 3296 οίονεὶ
1150 3242 1213 3295 τὸ
1247 3245 1579 3314 πρόσταγμα
1608 3263 1779 3314 φωνο-

194 3327 380 3381 6ολεῖο
436 3330 532 3383 καὶ
583 3331 648 3384 σὺ
690 3332 719 3384 6
768 3332 978 3399 μέλλων
1031 3333 1351 3389 εὐθύνεσθαι
1384 3335 1488 3388 ὑπὸ
1533 3335 1669 3390 Θεοῦ
1720 3338 1778 3393 ἐν

1880 2222 2017 2275 xerit
2054 2238 2127 2281 se.
2178 2238 2283 2276 non
2316 2221 2483 2291 placet
2518 2224 2713 2276 anima:
2754 2239 2883 2277 mea:
2908 2226 2963 2276 in
2987 2240 3045 2277 eo
3068 2225 3135 2281 ’⁷.
3167 2224 3232 2279 Ει
3268 2244 3282 2281 :
3312 2226 3371 2281 Si
3410 2228 3466 2281 hi

1884 2312 2165 2376 tacuerint,
2185 2310 2390 2380 lapides
2414 2312 2721 2365 clamabunt
2744 2311 2788 2344 "
2843 2313 3210 2380 Quamobrem
3238 2318 3460 2385 quando

1880 2401 1949 2457 de
1980 2401 2083 2456 ﬁde
2126 2417 2309 2457 sermo
2356 2411 2459 2469 est,
2493 2418 2600 2456 non
2641 2415 2726 2458 est
2773 2404 2919 2473 quod
2949 2406 3075 2475 quis
3107 2406 3294 2461 dicat:
3325 2406 3460 2475 Quis

1880 2509 1980 2566 ego
2008 2509 2129 2549 sum
2173 2493 2198 2547 ἵ
2235 2492 2554 2549 Sacerdos?
2589 2496 2837 2551 minime.
2880 2496 3183 2567 Princeps?
3218 2514 3286 2554 ne
3312 2501 3455 2555 istud

1880 2586 2123 2658 quidem.
2159 2586 2313 2643 Miles
2343 2588 2367 2640 ?
2400 2588 2491 2642 ubi
2538 2603 2704 2657 porro
2732 2589 3027 2659 ?Agricola
3056 2591 3080 2644 ἲ
3105 2607 3280 2662 neque
3318 2593 3459 2648 istud

1880 2679 2079 2749 ipsum.
2136 2679 2376 2749 Egenus,
2434 2680 2815 2748 quotidianum
2880 2684 3039 2738 modo
3075 2684 3277 2739 victum
3314 2701 3463 2755 qua:-

1880 2771 2073 2826 ritans.
2108 2770 2255 2825 Nihil
2282 2771 2329 2825 id
2357 2772 2500 2841 quod
2529 2771 2721 2827 incidit
2746 2773 2800 2827 in
2828 2772 3279 2844 disputationem,
3307 2778 3459 2833 cura:

1880 2861 2013 2917 mihi
2045 2870 2138 2915 aut
2171 2861 2525 2916 sollicitudini
2555 2871 2660 2918 est.
2696 2862 2835 2929 Vah,
2873 2864 3088 2935 lapides
3116 2867 3457 2933 clamabunt,

1878 2968 1936 3011 et
1979 2955 2170 3011 silebis
2215 2956 2496 3011 securus?
2538 2955 2750 3013 Sensus
2805 2972 2997 3027 expers
3034 2968 3230 3015 natura
3287 2960 3456 3017 Deum

1878 3049 2120 3104 exaudiit
2155 3065 2170 3104 :
2204 3064 2257 3104 et
2280 3062 2334 3105 tu
2372 3066 2538 3105 sensu
2579 3049 2835 3107 audiendi
2873 3067 3030 3109 cares
3053 3054 3076 3108 ?
3099 3054 3253 3122 Quod
3288 3072 3459 3128 neque

1877 3152 1961 3198 est
2004 3144 2327 3209 animatum,
2361 3160 2391 3199 a
2424 3161 2534 3214 quo
2564 3160 2742 3214 neque
2788 3145 2841 3200 in
2871 3145 3083 3217 judicio
3110 3149 3251 3202 ratio
3282 3152 3459 3219 posci-

1877 3244 1992 3301 tur,
2022 3235 2170 3290 velut
2208 3236 2275 3291 ad
2312 3237 2627 3291 mandatum
2679 3252 3049 3309 expavescens
3073 3254 3259 3296 vocem
3299 3242 3411 3297 edit
3443 3259 3456 3294 :

1881 3337 1938 3382 ct
1967 3337 2023 3383 tu
2059 3328 2153 3399 qui
2187 3344 2314 3384 reus
2356 3343 2541 3384 coram
2571 3330 2682 3384 Deo
2729 3332 3071 3401 peragendus
3127 3347 3187 3387 es
3234 3333 3459 3403 inquisi-

198 3423 380 3493 καιρῷ
410 3425 783 3491 ἐτάσεως,καὶ
809 3426 941 3499 περὶ
971 3427 1145 3498 ἀργοῦ
1181 3422 1447 3500 ῥήματος,
1478 3430 1582 3483 κᾶν
1616 3432 1774 3486 ὲπαί-

1880 3421 2045 3476 tionis
2073 3430 2334 3490 tempore,
2365 3437 2427 3476 ac
2457 3421 2525 3476 de
2556 3422 2722 3477 verbo
2767 3424 2945 3479 otioso
2977 3424 3248 3478 rationem
3280 3424 3461 3480 reddi-

204 3532 305 3583 της
349 3509 422 3582 εἴ,
445 3515 648 3570 διδόναι
697 3518 890 3587 λόγον’
950 3518 1131 3587 λέγεις
1179 3520 1427 3589 ἀλογῶν·
1464 3522 1560 3587 Τίς
1596 3541 1685 3593 μοι
1719 3526 1775 3576 ὲν

198 3604 373 3677 τούτῳ
417 3607 664 3678 φροντίςς
724 3609 934 3672 Ταῦτα.
968 3604 1013 3664 ὧ
1058 3611 1321 3677 δέσποτα,
1358 3615 1524 3683 φησὶν
1566 3616 1594 3667 6
1632 3616 1777 3669 Παῦ-

196 3694 308 3759 λος,
341 3697 831 3767 μετεσχημάτισα
854 3704 943 3766 είς
972 3700 1234 3770 ἐμαυτὸν
1259 3704 1356 3755 καί
1401 3705 1674 3759 Ἀπολλὼ
1701 3707 1776 3760 δι’

197 3787 385 3857 ὑμᾶς·
449 3790 550 3843 ἵνα
611 3791 851 3861 ἐνήμῒν
902 3791 1132 3861 μάθητε
1173 3794 1237 3847 τὸ
1261 3795 1349 3864 μὴ
1402 3796 1554 3865 ὑπὲρ
1604 3798 1636 3851 ὃ
1686 3800 1777 3867 γέ-

198 3894 452 3949 γραπται
497 3883 764 3950 φρονεῖν.
812 3884 975 3937 Ὥστε
1004 3887 1099 3938 καὶ
1124 3886 1287 3950 αὐτὸς
1316 3890 1345 3941 6
1393 3889 1563 3960 πένης
1592 3867 1774 3960 πάσης

196 3970 497 4040 ἀπολογίας
538 3975 830 4046 ἐπέρηται
870 3977 927 4029 ἐν
958 3976 1145 4049 ἡμέρᾳ
1193 3980 1449 4050 κρίσεως,
1505 3981 1579 4054 μὴ
1607 3983 1774 4037 τανῦν

192 4064 375 4119 λαλῶν
397 4064 473 4129 ὡς
498 4067 895 4139 κριθησόμενος
922 4070 1018 4122 καὶ
1055 4070 1145 4124 διὰ
1174 4071 1333 4126 τοῦτο
1369 4076 1559 4144 μόνον·
1592 4076 1665 4147 μὴ
1693 4078 1774 4130 ὅτι

194 4156 260 4225 γέ
285 4175 367 4221 τις
388 4157 497 4211 τῶν
530 4160 728 4231 ἐφεξῆς
755 4161 877 4215 καθ’
911 4162 1207 4235 ὑπεροχὴν,
1244 4166 1440 4236 μέχρις
1468 4168 1635 4221 αὑτοῦ
1679 4170 1772 4222 τοῦ

192 4248 255 4302 τδ
296 4249 531 4321 διάδημα
578 4254 972 4325 περικειμένου
998 4270 1013 4285 '
1053 4248 1098 4323 ᾧ
1139 4256 1234 4309 καὶ
1265 4258 1679 4330 ἀνυπέρϐλητον
1714 4262 1774 4315 τὸ

194 4342 368 4410 κρῖμα
391 4358 404 4371 ·
426 4344 678 4398 Δυνατοὶ
703 4344 812 4415 γὰρ
828 4345 1098 4413 δυνατῶς
1117 4347 1584 4418 ἐτασθήσονται,
1610 4354 1768 4422 φησί.

198 4432 334 4485 Καὶ⁸
371 4436 580 4501 Κρίσις
603 4436 905 4505 ἀπότομος
926 4437 997 4490 ἐν
1029 4438 1153 4506 τοῖς
1174 4440 1563 4509 ὑπερέχουσι.
1601 4447 1770 4500 Αάλει

196 4519 314 4590 οὖν,
344 4525 503 4597 κύριέ
532 4544 635 4599 μου
657 4569 672 4594 ,
714 4528 886 4584 λάλει.
921 4531 1019 4584 Διὰ
1062 4531 1221 4586 τοῦτο
1253 4534 1408 4601 κάγὼ
1436 4536 1463 4587 6
1488 4536 1657 4600 τάλας
1683 4540 1772 4591 δε-

189 4616 385 4682 δοικὼς
408 4619 468 4672 τὸ
488 4621 771 4692 κριτήριον
799 4621 965 4675 λαλῶ.
996 4623 1229 4691 Φθέγξαι
1253 4626 1360 4691 ἕως
1386 4627 1495 4680 τῶν
1530 4629 1771 4700 θεοηχῶν

192 4707 349 4762 ὢτων
387 4708 469 4781 [Γ.
523 4710 717 4783 ὼτῶν]
762 4712 858 4765 τοῦ
916 4714 1176 4779 εὐσεϐοῦς
1248 4718 1407 4787 ἡμῶν
1464 4719 1767 4789 βασιλέων

193 4800 427 4870 ἐπείπερ
456 4796 506 4852 εἴ
534 4801 642 4854 τῶν
671 4803 1068 4873 ὑπερεχόντων.

264 4888 501 4959 Οὐδεμία
527 4890 736 4961 αἵρεσις
766 4893 874 4946 τῶν
911 4894 1019 4947 ἀπὸ
1084 4896 1183 4966 τῆς
1256 4897 1584 4971 Ἐκκλησίας
1644 4905 1775 4955 ἀνα-

194 4974 522 5049 ϐρασάντων
550 5022 564 5045 ,
607 4981 708 5052 τῆς
744 4985 1170 5056 είκονομαχικῆς
1228 4988 1435 5060 ταύτης
1510 4993 1774 5061 αἱρέσεως

192 5069 487 5142 δεινοτέρα.
546 5073 781 5143 Χριστὸν
842 5075 1123 5146 ήρνηται,
1198 5080 1279 5142 είς
1367 5081 1771 5148 πρόσωπονδέ-

196 5177 300 5231 ρει,
367 5163 770 5231 πραγματικῶς
824 5166 921 5218 καὶ
951 5165 1185 5234 λογικῶς
1244 5169 1515 5226 λυττῶσα.
1569 5176 1642 5227 Τὸ
1675 5176 1773 5245 μὲν

193 5252 484 5321 φληναςρεῖ,
516 5255 752 5325 Χριστὸν
785 5257 858 5325 μὴ
894 5259 1334 5329 περιγράφεσθαι
1368 5264 1513 5318 κατὰ
1561 5266 1653 5318 τὴν
1674 5267 1768 5319 τοῦ

194 5343 452 5414 σώματος
480 5349 842 5418 χαρακτῆραο
890 5349 1029 5420 ὅπερ
1084 5352 1234 5405 ἐστὶν
1287 5354 1634 5425 ἀναιρετικὸν
1676 5359 1770 5411 τοῦ

195 5435 374 5505 σάρκα
399 5437 655 5504 γενέσθαι
679 5437 770 5493 τὸν
806 5441 995 5508 Λόγον.
1062 5444 1123 5495 ΕΞ
1177 5444 1286 5511 γὰρ
1340 5445 1497 5515 σὰρξ.
1554 5450 1773 5513 πάντως

191 5529 286 5580 καὶ
310 5530 709 5598 περιγράφοιτο
738 5549 751 5563 ·
793 5535 917 5588 ἐπεὶ
953 5535 1244 5603 φάντασμα
1265 5539 1321 5589 τὸ
1351 5539 1773 5611 εὐαγγελιζόμε-

192 5635 281 5671 νον
311 5619 640 5692 Mva
676 5625 1009 5695 φρονήματι.
1042 5627 1116 5680 T6
1157 5628 1214 5680 δὲ
1243 5630 1324 5682 ὅτι
1352 5630 1480 5695 ξέει,
1512 5631 1633 5702 κλᾷ,
1671 5650 1770 5685 κα-

188 5714 517 5778 τασκάπτει,
552 5722 911 5788 πυρικαυστεῖ
956 5720 1132 5775 πάντα
1168 5722 1308 5777 θεῖον
1334 5724 1482 5788 ναὸν,
1540 5726 1648 5778 πᾶν
1698 5728 1772 5778 ls-

266 5878 310 5905 "
337 5874 481 5932 Psal.
519 5893 676 5941 Lxxx.
714 5882 797 5936 ll.
875 5884 918 5914 ’⁷
948 5882 1110 5940 Hebr.
1150 5902 1200 5945 κ,
1234 5886 1321 5941 58.
1400 5889 1442 5919 "‘
1470 5888 1600 5945 Luc.
1633 5906 1741 5957 XIX,
1772 5890 1859 5946 40.

528 5977 793 6034 Parnm“
830 5980 944 6037 Gn.
983 5982 1181 6039 XCIX.

1880 3522 2057 3581 turus,
2109 3514 2191 3567 vel
2231 3514 2277 3568 si
2332 3513 2616 3568 mendicus
2662 3514 2855 3579 fueris,
2902 3516 3066 3572 stulte
3098 3516 3238 3571 dicis
3275 3534 3289 3571 :
3320 3516 3457 3584 Quid

1878 3606 2009 3661 mihi
2068 3607 2209 3661 istud
2243 3622 2389 3661 curae
2438 3606 2563 3661 est?
2623 3606 2773 3669 lla'c.
2818 3608 3047 3664 Domine
3075 3651 3090 3676 ,
3131 3611 3206 3665 ait
3238 3611 3458 3676 Paulus,

1878 3700 2254 3768 transfigurari
2318 3701 2373 3753 in
2419 3717 2497 3753 me
2532 3710 2578 3754 et
2613 3700 2799 3767 Apollo
2853 3714 3064 3770 propter
3096 3720 3183 3757 uos
3216 3720 3235 3757 :
3292 3712 3351 3757 ut
3404 3706 3459 3758 in

1877 3788 2022 3844 nobis
2053 3791 2270 3843 discatis
2294 3807 2358 3844 ne
2375 3807 2537 3858 supra
2559 3808 2715 3861 quant
2742 3794 2999 3863 scriptum
3028 3806 3103 3849 est
3135 3797 3359 3861 sapiatis
3387 3800 3453 3853 ¹⁹.

1877 3878 2241 3946 Quamobrem
2297 3890 2351 3935 et
2394 3883 2681 3935 mendicus
2742 3884 2859 3953 ipse
2909 3886 3058 3938 omni
3103 3889 3460 3944 excusatione

1876 3982 2025 4028 caret
2059 3972 2113 4026 in
2143 3972 2463 4043 diejudicii,
2495 3974 2603 4029 nisi
2632 3975 2684 4029 in
2708 3977 2961 4045 praesenti
2992 3980 3154 4034 veluti
3188 3980 3456 4049 judicium

1876 4064 2163 4119 subiturus
2194 4065 2468 4134 loquatur,
2501 4066 2584 4120 vel
2635 4068 2707 4121 ob
2743 4068 2794 4123 id
2838 4086 3005 4124 unum
3034 4089 3047 4125 :
3085 4074 3253 4126 multo
3285 4076 3459 4145 magis

1874 4154 2147 4225 quispiam
2203 4172 2393 4212 eorum
2439 4158 2534 4227 qui
2596 4160 2859 4229 dignitate
2923 4164 3151 4232 pollent,
3188 4180 3360 4235 usque
3390 4170 3456 4220 ad

1873 4262 1998 4302 eum
2026 4248 2118 4317 qui
2141 4247 2437 4319 insignitus
2463 4251 2771 4308 diademate
2808 4268 2908 4318 est,
2938 4256 3029 4309 cui
3057 4257 3455 4313 intolerandum

1870 4339 2132 4410 judicium
2169 4342 2289 4396 erit.
2341 4342 2587 4398 Potentes
2622 4346 2782 4412 enim,
2828 4347 3027 4417 inquit,
3079 4360 3315 4419 potenter
3344 4361 3457 4405 tor-

1874 4442 2050 4487 menta
2100 4434 2371 4503 patientur
2393 4437 2458 4490 ³⁸.
2517 4436 2601 4503 Ει,
2642 4437 2915 4493 Iudicium
2971 4441 3323 4497 durissimum
3374 4448 3455 4498 his

1872 4528 1962 4598 qui
1993 4540 2226 4597 praesunt
2256 4529 2321 4583 ³⁸.
2348 4528 2596 4599 Loquere
2624 4532 2809 4602 igitur,
2838 4532 3069 4590 Domine
3096 4537 3191 4601 mi,
3212 4536 3454 4605 loquere.

1873 4621 2079 4676 Idcirco
2098 4630 2152 4676 et
2172 4636 2272 4692 ego
2290 4621 2782 4692 inl‘elix,judicium
2808 4627 3013 4681 veritus
3036 4628 3246 4699 loquor.
3267 4628 3455 4701 Usque

1874 4710 1927 4766 in
1952 4711 2166 4766 divinas
2192 4712 2424 4782 religiosi
2445 4713 2707 4782 principis
2731 4718 2902 4770 nostri
2936 4734 3100 4773 aures
3122 4722 3454 4776 vocemmit-

1803 4794 1848 4851 D
1875 4813 1925 4857 te
1950 4821 1961 4855 :
1988 4804 2426 4874 quandoquidem
2446 4820 2510 4859 ex
2527 4821 2714 4859 eorum
2742 4824 2972 4862 numero
3001 4825 3060 4864 es
3077 4813 3168 4880 qui
3192 4821 3454 4881 praesunt.

1941 4893 2099 4950 Nulla
2132 4897 2355 4951 hazrcsis
2382 4913 2449 4951 ex
2482 4898 2550 4953 iis
2581 4916 2703 4969 qua:
2728 4900 2797 4954 ab
2824 4899 3069 4957 Ecclesia
3094 4903 3453 4969 ebullieruut,

1871 4987 1973 5043 hac
2005 4988 2419 5045 lconomachica
2462 4991 2661 5047 hteresi
2705 4994 2963 5048 acerbior
2998 4995 3122 5051 fuit.
3172 4996 3452 5052 Christum

1870 5082 2107 5152 negavit,
2152 5082 2206 5136 in
2239 5081 2437 5138 faciem
2482 5085 2663 5151 credit,
2706 5103 2871 5159 opere
2900 5106 2967 5145 ac
3013 5106 3265 5148 sermone
3297 5094 3452 5149 furit.

1871 5173 2004 5230 Pars
2046 5175 2267 5244 quidem
2312 5176 2450 5232 adeo
2484 5176 2683 5247 desipit
2730 5189 2789 5235 ut
2829 5180 3110 5238 Christum
3154 5197 3311 5257 neget
3342 5188 3455 5241 cir-

1871 5270 2170 5324 cumscribi
2222 5270 2519 5325 secundum
2561 5274 2811 5343 corporis
2850 5274 3086 5332 formam
3130 5297 3144 5331 :
3178 5280 3326 5349 quod
3371 5293 3455 5335 est

1870 5361 2030 5431 plane
2092 5377 2289 5432 negare
2349 5360 2589 5417 Verbum
2646 5379 2872 5422 carnem
2928 5367 3159 5425 factum.
3212 5370 3348 5426 Nam
3406 5377 3450 5428 sl

1870 5466 2021 5517 caro,
2052 5451 2277 5505 omnino
2323 5460 2377 5505 et
2402 5452 2879 5511 circumscribitur
2911 5475 2925 5511 :
2962 5459 3290 5528 phantasma
3308 5462 3452 5517 enim

1872 5556 2015 5607 esse,
2056 5541 2478 5597 Manichaeorum
2532 5545 2810 5617 Evangelii
2850 5551 3123 5605 sententia
3169 5561 3275 5606 est.
3322 5550 3454 5606 Pars

1877 5649 2007 5690 vero
2040 5634 2199 5697 radit,
2234 5631 2454 5704 frangit,
2484 5635 2676 5700 diruit,
2708 5639 2950 5696 incendit
2974 5656 3193 5696 omnem
3238 5657 3449 5697 sacram

1877 5724 2070 5791 tndem,
2112 5740 2332 5780 sacrum
2372 5741 2532 5781 omne
2564 5730 2851 5785 donarium
2904 5732 2955 5784 in
2994 5748 3103 5803 quo
3141 5733 3211 5788 sit
3243 5731 3451 5788 Christi

1976 5892 2019 5921 “
2051 5890 2219 5945 lCor.
2256 5906 2328 5955 tv,
2357 5890 2409 5946 6.
2489 5892 2531 5923 ³³
2562 5891 2689 5963 Sap.
2726 5910 2798 5961 vr,
2828 5893 2879 5946 7.
2956 5894 3000 5925 ³¹
3041 5892 3153 5949 lbid
3210 5892 3244 5947 6

2931 5988 3007 6047 ΑΞ
