4156 6468
712 386 846 448 1323

1897 384 1955 441 S.
1997 380 2387 441 THEODORI
2428 381 2774 441 STUDITJE

3830 376 3969 438 1324

706 503 928 573 clIigies,
964 500 1226 569 Deiparze,
1270 508 1363 552 aut
1392 483 1685 565 cujuslibet
1719 496 1917 551 sancti.
1954 496 2150 549 Actum
2189 504 2273 548 cst

2395 493 2471 544 ιδν
2503 491 2778 563 ἀνάθημα,
2810 494 2895 561 ὶφ⁹
2914 485 2957 561 ᾦ
2985 494 3014 545 ὀ
3052 489 3288 562 Χριστοῦ
3320 491 3627 561 χαρακτὴρ,
3656 489 3759 558 τῆς
3779 489 3973 543 Θεστά-

706 598 773 649 de.
803 595 959 648 nubis
991 592 1342 647 ChriSIianis.
1380 590 1813 657 Prwaccupemus
1850 587 2039 652 faciem
2078 585 2288 639 Christi

706 691 759 740 in
808 687 1129 755 confessione
1154 684 1267 715 ³³·⁸¹
1304 700 1316 735 :
1347 680 1628 735 Christum
1686 681 2097 749 amplectamur.
2122 693 2285 747 quem

708 795 802 850 per
834 780 1008 848 ipsius
1043 785 1249 831 sanctae
1284 773 1539 843 imaginis
1581 780 1953 841 contemptum
1992 782 2279 839 negamus.

833 980 1097 1036 LXXXII.
1128 1012 1197 1023 -—-
1224 975 1537 1031 Demochari
1569 972 1867 1043 Logothela:
1902 972 2154 1041 generali.

2398 604 2517 652 κου,
2548 582 2842 639 είτινοσοῦν
2870 585 2977 638 τῶν
3010 585 3199 651 ἁγίων.
3232 582 3553 652 Χριστιανοὶ
3587 581 3972 651 ἀπολλύμεθα.

2402 676 2849 745 Προφθὰσωμεν
2876 675 2946 728 τὸ
2975 678 3301 742 πρόσωπον
3338 673 3576 742 Χριστοῦ
3600 673 3674 726 ἐν
3695 674 3978 743 ἐξομολο-

2393 770 2565 835 γήσει
2600 786 2613 798 ·
2642 767 3020 836 ἀσπασώμεθα
3045 767 3301 837 Χριστὸν,
3330 767 3388 819 ὅν
3426 766 3495 819 δι’
3531 766 3851 833 ἀθετήσεως
3881 769 3977 836 τῆς

2390 860 2558 913 αὐτοῦ
2590 861 2751 928 ἀγίας
2786 862 2993 923 εἰκόνος
3022 859 3355 930 ἀρνούμεθα.

2500 972 2626 1027 ΠΒ’.
2657 1005 2727 1016 -
2754 976 3054 1043 Δημόχαρι
3088 973 3385 1044 Λογποθέτῃ
3413 975 3649 1044 τενικῷ.
3820 975 3979 1047 [φοι]

771 1113 956 1161 Laudat
976 1111 1107 1173 quod
1128 1112 1334 1171 impium
1354 1110 1591 1159 Joannem
1620 1120 1707 1169 pro
1727 1104 1923 1155 meritis
1948 1106 2270 1169 coarguerit:
2300 1108 2407 1154 tum
2431 1111 2489 1156 ut
2509 1122 2596 1170 pro
2621 1110 2717 1158 ﬁde
2748 1109 2877 1170 apud
2915 1109 3265 1170 imperatorem
3285 1119 3435 1170 agere
3466 1113 3645 1170 pergat
3664 1109 3918 1159 hortatur.

782 1210 1037 1264 Virorum
1106 1210 1403 1279 proborum
1472 1206 1764 1261 aﬂ‘abilitas
1835 1204 1903 1259 ad
1961 1220 2059 1260 eos
2119 1204 2287 1259 libere

711 1302 944 1357 adeundi
1013 1300 1097 1355 vel
1157 1300 1343 1369 ignoto
1432 1299 1630 1368 cuique
1699 1304 2027 1367 potestatem
2092 1295 2285 1351 facil:

719 1395 892 1448 multo
936 1392 1113 1463 magis
1164 1392 1231 1446 iis
1276 1393 1367 1461 qui
1412 1403 1466 1446 et
1519 1391 1633 1445 noti
1683 1398 1835 1452 sunt,
1864 1400 1919 1443 et
1966 1391 2284 1443 earumdem

710 1487 985 1541 comitatis
1030 1485 1466 1555 experimentum
1504 1499 1717 1553 cepere.
1749 1481 1819 1535 Ea
1868 1496 1925 1536 re
1955 1483 2148 1537 conlisi
2189 1498 2289 1537 nos

715 1579 974 1645 humiles,
1008 1578 1076 1631 ad
1138 1577 1396 1631 eximiam
1431 1586 1485 1629 et
1518 1576 1987 1645 religiosissimam
2034 1575 2288 1644 magnili-

712 1672 949 1726 centiam
986 1681 1133 1725 tuam
1171 1669 1380 1723 litteras
1416 1668 1732 1732 scribimus,
1764 1667 2098 1736 gratulantes
2126 1668 2197 1731 ei,
2231 1677 2291 1721 ut

715 1779 811 1831 par
850 1773 955 1824 est.
987 1762 1135 1833 quod
1169 1761 1245 1815 sis
1297 1760 1501 1829 optima
1543 1759 1743 1813 radicis
1786 1759 2017 1829 egregia:
2048 1758 2287 1823 soboles,

710 1854 854 1923 quod
884 1854 1103 1922 sagacis
1134 1851 1442 1921 prudentiae
1475 1849 1716 1903 divinum
1746 1864 1907 1918 opus,
1932 1851 2076 1918 quod
2107 1849 2291 1902 multi-

713 1944 867 2012 plicis
922 1943 1290 1997 institutionis
1340 1940 1509 1994 decus
1565 1940 1937 2009 expetendum
1988 1940 2178 1993 :unde
2236 1948 2289 1994 et

713 2033 935 2103 regibus
978 2042 1237 2099 acceptus
1287 2045 1367 2091 es,
1412 2038 1468 2082 et
1502 2031 1747 2081 omnium
1794 2043 1888 2081 ore
1932 2044 1996 2081 ac
2038 2043 2291 2083 sermone

710 2124 1005 2179 celebraris
1044 2136 1320 2191 :eamque
1370 2121 1441 2173 ob
1480 2133 1702 2174 causam
1755 2118 2108 2187 magistratus
2155 2121 2291 2174 alios

710 2231 778 2269 ex
826 2215 949 2268 aliis
1003 2229 1222 2283 gerens,
1271 2212 1336 2265 ad
1384 2226 1698 2279 supremum
1753 2211 1990 2280 denique
2041 2212 2290 2265 celeriter

709 2307 1033 2376 pervenisti.
1074 2305 1281 2369 Gaude,
1328 2314 1381 2358 et
1408 2302 1533 2373 jure
1578 2306 1797 2375 quidem
1847 2306 2071 2375 optimo.
2106 2304 2290 2371 Quan-

708 2417 874 2471 quam
905 2410 1086 2453 autem
1116 2398 1263 2467 quod
1294 2397 1364 2451 ob
1390 2398 1634 2450 eamdem
1675 2397 1815 2451 hanc
1846 2397 2098 2451 virtutem
2131 2396 2289 2451 nobis

712 2492 973 2547 tenuibus
1018 2490 1353 2544 desiderium
1397 2490 1475 2542 tui
1520 2488 1677 2552 lacis,
1709 2488 1849 2541 haud
1884 2498 2031 2541 tanta
2066 2490 2286 2557 dignum

711 2585 1077 2639 admiratione
1112 2594 1214 2648 est,
1244 2597 1369 2635 cum
1409 2582 1614 2636 nullius
1656 2580 1814 2651 pretii
1850 2583 2025 2635 simus
2060 2600 2072 2634 :
2107 2594 2287 2635 tamen

709 2677 853 2729 ratio
892 2675 1153 2741 temporis
1180 2674 1458 2735 admonet,
1501 2682 1558 2726 ut
1599 2680 1654 2726 et
1685 2687 1716 2726 a
1748 2672 2002 2727 tenuibus
2031 2672 2165 2726 viris
2189 2674 2286 2725 tibi

711 2768 1131 2839 supplicationis
1173 2766 1389 2820 libellus
1439 2764 1740 2819 oIIeratur:
1774 2775 1835 2819 ut
1886 2775 2084 2819 nostra
2125 2765 2288 2819 nimi-

710 2878 833 2917 rum
876 2860 1162 2922 Ecclesia,
1203 2858 1500 2928 impietatis
1542 2858 1703 2911 ruina
1748 2858 2006 2927 collapsa:
2060 2875 2285 2912 manum

2477 1208 2539 1261 Ἥ
2561 1209 2668 1261 τῶν
2696 1209 2919 1277 ἀγαθῶν
2952 1208 3162 1280 ἀνδρῶν
3188 1210 3428 1276 ἔντευξις
3454 1212 3774 1283 παρρησίαν
3794 1213 3977 1267 δίδωσι

2394 1301 2491 1354 καὶ
2520 1302 2921 1370 τούςάγνῶτας
2979 1302 3117 1371 πρὸς
3149 1302 3344 1366 αὐτοὺς
3379 1305 3554 1357 ίεσθαι
3577 1321 3592 1334 ·
3633 1310 3713 1375 μὴ
3748 1307 3978 1369 ὅτιτούς

2393 1394 2722 1465 γνωρίμους,
2767 1395 2859 1448 καὶ
2898 1397 2995 1465 τῆς
3022 1393 3204 1447 αὐτῶν
3237 1395 3619 1467 εὐθημοσύνης
3646 1400 3852 1468 πεῖραν
3901 1401 3979 1451 εί-

2394 1483 2653 1555 ληφότας.
2690 1486 2789 1539 Διά
2818 1484 2977 1538 τοῦτο
3022 1484 3426 1557 τεθαρρηκότες
3460 1489 3512 1539 oi
3546 1491 3822 1555 ταπεινοὶ,
3857 1490 3979 1541 tm-

2398 1574 2694 1645 στέλλομεν
2744 1579 2810 1646 τῇ
2842 1577 3112 1647 ὑπερφυεῖ
3146 1578 3240 1629 καὶ
3261 1576 3629 1649 εὐσεϐεστάτη
3666 1597 3764 1633 σου
3801 1598 3977 1650 μεγα-

2393 1666 2632 1741 λωσύνῃ,
2666 1668 3041 1738 εὐφημοῦντες
3065 1669 3238 1739 αὐτὴν
3272 1670 3409 1722 κατά
3432 1670 3496 1722 τὸ
3528 1672 3698 1737 είκὸς,
3748 1673 3839 1725 ὅτι
3898 1673 3978 1743 ῥί-

2394 1755 2493 1827 ζης
2526 1758 2757 1825 εὐφυοῦς
2787 1759 2991 1826 ἀγαθὸν
3039 1759 3365 1830 βλάστημα⁶
3400 1761 3480 1814 ὅτι
3532 1764 3857 1834 φρονήσεως
3898 1765 3978 1817 δε-

2395 1850 2513 1914 eia;
2548 1850 2693 1921 ἱερὸν
2722 1851 3069 1920 ἀποτέλεσμα
3102 1869 3115 1883 ·
3174 1854 3257 1905 ὅτι
3316 1853 3649 1919 παιδεύσεως
3715 1857 3973 1925 ποικίλης

2392 1941 2674 2011 ἀγλάϊσμα
2730 1944 3239 2011 περισπούδαστον
3300 1945 3451 1998 ἔνθεν
3504 1947 3598 1999 καὶ
3656 1947 3974 2017 βασιλεῦσιν

2392 2035 2797 2106 ἀσπαστὴ,·καὶ
2837 2040 2973 2091 πᾶσι
3026 2039 3347 2109 διαλαλητή.
3380 2040 3504 2092 Κάκ
3538 2039 3734 2093 τούτου
3792 2042 3969 2112 ἀρχὰς

2393 2124 2453 2189 ἐξ
2484 2126 2674 2197 ἀρχῶν
2703 2128 3026 2197 ἀμείϐουσα,
3060 2132 3142 2194 είς
3165 2131 3264 2201 τὴν
3291 2132 3729 2201 κορυφαιοτάτην
3777 2133 3891 2185 τῶν
3920 2137 3972 2184 ἐν

2390 2219 2535 2271 τέλει
2582 2220 2907 2290 ἀνέδραμεν.
2944 2221 3106 2287 Εῦγε,
3140 2222 3236 2275 καὶ
3268 2224 3411 2276 πάνυ
3443 2222 3687 2287 είκότως.
3715 2224 3777 2276 El
3803 2224 3861 2276 δὲ
3883 2227 3973 2277 καί

2391 2312 2473 2363 ὅτι
2506 2313 2638 2381 ἡμῖν
2661 2316 2775 2375 τοῖς
2831 2314 3076 2367 εὐτελέσι
3107 2315 3177 2367 δι’
3235 2315 3407 2385 αὐτὴν
3463 2316 3562 2385 τὴν
3616 2317 3825 2386 ἀρετὴν
3873 2332 3973 2369 πο·

2392 2403 2554 2473 θητὴ,
2583 2405 2643 2455 οὐ
2674 2405 2813 2457 πάνυ
2841 2422 2894 2456 τι
2949 2405 3059 2457 τῶν
3096 2405 3369 2471 ἀγαστῶν,
3408 2405 3495 2458 διά
3530 2405 3589 2458 τὺ
3644 2407 3969 2475 οὐδαμινόν·

2392 2495 2531 2563 πλὴν
2592 2495 2674 2547 ὃτι
2732 2495 3073 2548 ὑποϐαλλοιὸ
3124 2497 3308 2566 καιρὸς
3376 2500 3466 2550 καὶ
3523 2498 3583 2563 ἐξ
3617 2499 3856 2551 εὐτελῶν
3878 2518 3973 2552 πα-

2395 2586 2661 2657 ράκλησίν
2723 2604 2807 2639 σοι
2869 2588 3267 2657 προσάγεσθαι.
3335 2588 3397 2642 'II
3458 2590 3515 2643 δέ
3567 2592 3716 2643 ἐστιν
3785 2593 3971 2662 ὀρέξαι

2394 2693 2453 2727 σε
2530 2681 2687 2747 χεῖρα
2737 2681 2801 2750 τῇ
2876 2679 3267 2753 καταπεωύσῃ
3350 2682 3473 2734 καθ’
3529 2684 3677 2751 ἡμᾶς
3740 2683 3970 2753 Ἐκκλη·

2392 2768 2483 2838 σία
2511 2768 2763 2838 πτώματι
2808 2770 3084 2832 ἀσεϐείας.
3119 2771 3291 2824 Τοῦτο
3316 2772 3380 2843 δὴ
3407 2774 3501 2826 καὶ
3549 2775 3816 2845 ἥκουσται
3844 2778 3970 2845 ἡμῖν

2392 2862 2765 2931 ὲνεργήσαντα
2796 2877 2831 2897 ὀ
2885 2862 2979 2913 καὶ
3032 2862 3309 2932 εὐξάμεθά
3370 2880 3451 2917 σοι
3513 2864 3585 2928 ὡς
3632 2867 3969 2937 ἁμαρτωλοὶ,

712 2954 981 3024 porrigas.
1032 2952 1087 3005 In
1129 2952 1230 3005 hoc
1268 2960 1449 3004 autem
1491 2960 1541 3005 te
1576 2949 1689 3019 jam
1724 2951 2040 3005 elaborasse
2074 2953 2138 3005 ad
2190 2969 2288 3006 nos

2395 2954 2487 3003 καὶ
2528 2953 2905 3021 εὐλογήσαμέν
2946 2972 3002 3006 σε
3037 2954 3145 3007 ἀπὸ
3170 2956 3395 3026 καρδίας
3452 2961 3865 3029 πεπονημένης,
3895 2962 3973 3013 ὅτι

713 3049 857 3099 fama
895 3044 1089 3098 detulit
1119 3062 1132 3097 :
1168 3053 1221 3097 et
1252 3043 1304 3096 id
1346 3051 1405 3096 ut
1434 3058 1654 3110 operam
1682 3042 1865 3104 dares,
1911 3057 2011 3097 nos
2040 3056 2292 3112 peccato-

711 3150 800 3190 res
838 3136 1043 3207 precati
1085 3150 1275 3189 sumus
1308 3152 1321 3188 :
1356 3148 1420 3188 ac
1450 3134 1683 3187 snnnuis
1713 3142 1765 3187 te
1806 3133 2060 3187 laudibus
2091 3136 2291 3187 extuli-

712 3244 837 3283 mus
859 3229 1076 3282 sincero
1095 3227 1262 3281 animi
1290 3227 1511 3289 aﬂ‘ectu,
1534 3225 1677 3295 quod
1699 3225 1845 3293 justa
1866 3225 2291 3295 reprehensione

709 3318 975 3373 Joannem
1007 3318 1305 3387 coarguisti
1353 3315 1648 3385 impietatis
1692 3315 2016 3384 principem,
2052 3331 2114 3368 ea
2149 3317 2291 3384 obji—

712 3413 866 3465 ciens
921 3424 1045 3479 qua:
1096 3410 1390 3464 scelestum
1440 3408 1716 3462 hominem
1771 3406 1961 3460 audire
2008 3422 2105 3475 par
2136 3405 2281 3461 luit:

712 3522 832 3572 qua:
884 3519 1007 3557 cum
1062 3502 1242 3566 nobis,
1290 3510 1401 3554 tum
1451 3500 1709 3570 plurimis
1758 3499 1901 3563 aliis,
1957 3508 2013 3552 ut
2066 3500 2283 3568 Opinor,

2396 3044 2488 3097 καὶ
2506 3043 2722 3114 ὲλεγμῷ
2744 3044 2938 3114 δικαίῳ
2966 3046 3199 3115 ἤλεγξας
3223 3049 3312 3101 τὸν
3338 3050 3651 3121 ἀσεϐἀρχην
3688 3052 3970 3124 Ἰωάννην,

2392 3135 2631 3187 τοσαῦτα
2663 3138 2852 3201 εἰπὼν,
2885 3139 2984 3190 ὅσα
3029 3135 3097 3209 ἦν
3130 3141 3277 3204 ἀξιον
3304 3141 3533 3195 ἀκοῦσαι
3563 3144 3652 3196 τὸν
3682 3147 3929 3215 μυσαρὸν
3955 3162 3967 3174 ·

2394 3227 2532 3279 ἄττα
2566 3228 2822 3297 καὶήμίν,
2853 3226 3029 3296 οἶμαι,
3060 3232 3156 3283 καὶ
3180 3232 3392 3294 πολλοῖς
3410 3232 3589 3296 ἄλλοις
3625 3234 3970 3305 προδεδήλω-

2393 3334 2501 3370 ται.
2553 3318 2704 3370 Ἐπεὶ
2723 3321 2833 3371 οὐκ
2854 3321 2983 3372 ἔστι
2998 3322 3263 3388 κρυπτὸν
3284 3322 3313 3376 ὅ
3327 3326 3399 3377 οὐ
3422 3324 3855 3392 γνωσθήσεται.
3879 3345 3974 3379 κα-

2396 3407 2463 3460 θά
2491 3427 2631 3479 φησι
2656 3410 2723 3462 τὰ
2748 3411 2937 3477 Λόγια.
2967 3413 3075 3465 Καὶ
3104 3414 3276 3477 ἄλλως
3305 3416 3451 3469 ὄτιοί
3484 3418 3741 3479 ἀσεϐείας
3757 3420 3975 3489 ἐξαρχοι

2398 3502 2661 3555 τοιούτων
2680 3504 2937 3573 πράξεων
2959 3503 3132 3574 ἔνοχοι
3153 3506 3511 3571 δικαιοτάτως
3526 3513 3737 3577 πεφανέ
3750 3528 3969 3581 ρωνται.

710 3604 991 3665 Comperta
1056 3593 1292 3648 fuerunt.
1346 3591 1617 3658 Quoniam
1669 3592 1801 3644 nihil
1857 3601 1934 3643 est
1990 3591 2291 3655 occultum,
2364 3593 2503 3662 quod
2549 3610 2649 3645 non
2701 3595 2897 3645 scietur
2959 3596 3023 3660 ",
3083 3606 3142 3651 ut
3203 3598 3355 3652 aiunt
3402 3614 3572 3653 sacrm
3622 3602 3856 3670 paginae.
3909 3602 3971 3655 Et

716 3689 917 3759 alioqui
955 3689 1249 3757 impietatis
1282 3687 1451 3742 duces
1476 3687 1661 3741 talium
1696 3687 1963 3740 scelerum
1998 3686 2074 3739 rei
2108 3687 2397 3744 manifeste
2429 3688 2693 3757 comperti
2716 3690 3061 3759 convictique
3095 3702 3242 3747 sunt.

784 3776 904 3833 Noli
957 3778 1145 3847 igitur,
1195 3776 1426 3830 Domine
1464 3778 1562 3838 mi,
1607 3786 1714 3829 tam
1751 3778 2013 3845 prazclaio
2062 3776 2152 3829 illo
2203 3787 2295 3831 tuo

713 3872 1013 3929 certamine
1059 3871 1366 3925 desistere:
1396 3867 1491 3923 sed
1544 3866 1736 3921 conler
1790 3868 2002 3921 eximia:
2041 3867 2291 3938 dignitati

716 3978 822 4019 tua:
863 3964 1005 4018 haud
1054 3964 1319 4031 imparem
1374 3975 1555 4029 Opem,
1604 3960 1803 4028 quippe
1851 3961 1943 4029 qui
1992 3960 2068 4015 sis
2118 3962 2183 4014 ad
2241 3960 2293 4015 id

714 4074 745 4111 a
767 4056 875 4111 Deo
903 4064 1127 4109 vocatus
1159 4056 1211 4107 in
1244 4053 1326 4107 his
1356 4062 1659 4121 temporum
1686 4067 1749 4105 ac
1781 4067 1963 4104 rerum
2004 4053 2290 4120 angustiis.

706 4151 809 4207 .Sic
836 4149 981 4204 enim
1029 4148 1291 4216 majorem
1334 4146 1563 4216 gloriam
1606 4160 1963 4214 consequere,
1999 4155 2110 4199 tum
2146 4146 2288 4215 apud

718 4242 887 4297 Deum
936 4240 1021 4296 cui
1075 4256 1162 4294 res
1216 4254 1279 4293 ea
1347 4237 1726 4307 acceptissima
1788 4247 1912 4303 est,
1972 4247 2085 4292 tum
2146 4238 2289 4311 apud

717 4334 1107 4403 imperatorem
1142 4332 1236 4401 qui
1276 4329 1388 4400 jam
1442 4329 1725 4400 religionis
1771 4330 1986 4399 signum
2044 4331 2287 4395 sustulit,

717 4436 834 4479 tum
864 4425 1006 4494 apud
1032 4425 1323 4477 universos
1348 4422 1444 4491 qui
1468 4430 1674 4475 rectum
1702 4421 1949 4475 veritatis
1981 4436 2288 4475 sermonem

719 4517 1047 4571 annuntiant
1081 4532 1095 4569 τ
1129 4514 1432 4584 quinetiam
1479 4514 1777 4567 amuletnm
1815 4513 2081 4567 adversus
2115 4512 2287 4565 labent

718 4624 841 4678 quae
873 4610 941 4662 ab
978 4610 1233 4662 hmrctica
1267 4608 1650 4661 communione
1683 4606 1858 4657 oritur
1889 4605 2000 4674 ipse
2035 4604 2127 4655 tibi
2163 4622 2292 4657 cou-

719 4703 887 4756 licius.

718 4814 1003 4871 LXXXIII.
1028 4845 1096 4855 -—-
1126 4812 1335 4867 Sanctis
1376 4809 1620 4863 Patribus
1646 4812 1795 4872 meis,
1824 4819 1872 4862 et
1901 4808 2287 4875 confessoribus

929 4886 1155 4948 Christi,
1182 4882 1404 4946 Joanni,
1455 4880 1726 4945 Nic/moli,
1768 4893 1817 4933 et
1850 4880 2078 4933 Basilio.

2464 3778 2773 3850 Μητοίνυν.
2809 3774 2853 3832 ὦ
2887 3780 3127 3835 δέσποτά
3158 3791 3279 3853 μου,
3312 3782 3642 3855 ἀπολήξειας
3685 3785 3783 3838 τοῦ
3805 3786 3969 3841 καλοῦ

2395 3889 2489 3925 σου
2522 3872 2734 3940 ἀγῶνος
2760 3888 2775 3903 ο
2806 3872 2943 3927 ἀλλά
3014 3878 3427 3945 συνεισένεγκον
3460 3881 3524 3949 τῇ
3583 3879 3822 3951 μεγίστῃ
3870 3897 3962 3934 σου

2394 3964 2634 4033 ὑπεροχῇ
2698 3964 2984 4035 ίσόρῤοπον
3013 3968 3112 4037 τὴν
3139 3968 3411 4037 βοήθειαν,
3446 3970 3519 4032 ὠς
3553 3972 3657 4021 ὐπὸ
3699 3971 3840 4023 Θεοῦ
3896 3974 3972 4035 είς

2391 4053 2595 4124 ταύτην
2630 4055 2997 4124 προσκληθεὶς
3028 4058 3083 4124 ἐξ
3106 4060 3408 4126 ἀναγκαίου
3434 4060 3527 4111 τοῦ
3558 4063 3777 4129 χρόνου.
3820 4063 3973 4115 Οὕτω

2395 4146 2504 4215 γὰρ
2538 4146 2739 4214 μᾶλλον
2767 4146 3114 4221 εὐκλεηθήσῃ
3152 4151 3309 4221 παρά
3352 4168 3413 4203 τε
3466 4151 3583 4203 Θεῶ
3611 4152 3690 4223 τῷ
3745 4153 3971 4225 εὐδοκή-

2399 4244 2574 4303 σαντι,
2611 4240 2706 4291 καὶ
2743 4238 2958 4307 βασιλεί
2984 4242 3063 4311 τῷ
3122 4243 3494 4314 ἀπαρξαμένῳ
3550 4244 3819 4311 εὐσεϐεῖν,
3885 4250 3973 4299 καὶ

2398 4331 2569 4384 ἅπασι
2591 4334 2703 4394 τοῖς
2730 4330 2821 4383 τὸν
2845 4332 3006 4404 ὀρθὸν
3032 4333 3191 4402 λόγον
3217 4335 3317 4404 τῆς
3342 4334 3599 4406 ἀληθείας
3630 4336 3969 4407 πρεσϐεύου-

2399 4438 2501 4475 σιν.
2528 4422 2603 4474 Οὐ
2628 4422 2738 4492 μὴν
2785 4422 2920 4477 ἀλλὰ
2969 4427 3063 4478 καὶ
3094 4426 3304 4496 σεαυτῷ
3345 4429 3443 4495 τῆς
3490 4429 3631 4481 κατὰ
3666 4428 3769 4499 τὴν
3828 4433 3973 4500 αἱρε-

2398 4514 2555 4584 τικὴν
2588 4516 2872 4569 κοινωνίαν
2902 4518 3203 4587 χρέινσεως,
3244 4519 3492 4572 ἐντεῦθεν
3544 4520 3749 4591 χαρίσῃ
3798 4520 3972 4586 ἀλεξι-

2397 4610 2584 4677 τήριον
2615 4610 2927 4679 φάρμακον.

2399 4810 2519 4885 III:'_.
2546 4840 2615 4849 —
2644 4811 2987 4885 Τοῖς-,ἁγίοις
3014 4832 3134 4881 μου
3164 4816 3429 4885 [Interim
3456 4816 3552 4869 καί
3584 4818 3978 4885 ὀμολοτηταῖς

2469 4882 2753 4949 Χριστοῦ,
2778 4884 3046 4951 Ἰωάννῃ,
3074 4883 3339 4952 Μιχαὴλξ
3364 4887 3461 4939 καί
3482 4882 3977 4961 ΒασὶαίείΨ-[φιεό]

1204 5024 1417 5075 Carcere
1437 5029 1585 5082 atque
1611 5024 1795 5069 exsilio
1816 5020 2037 5069 solutum
2061 5029 2117 5067 se
2152 5018 2366 5071 nuntiat,
2394 5028 2451 5063 ac
2481 5014 2639 5063 inulta
2666 5028 2757 5076 pro
2776 5014 2971 5065 Christo
2997 5014 3149 5077 passis
3167 5018 3460 5079 gratulatur.

788 5150 857 5204 Et
891 5164 1035 5204 nunc
1067 5148 1134 5202 ad
1172 5146 1362 5203 Patres
1390 5162 1542 5202 meos
1578 5146 1818 5203 scribere
1847 5159 2061 5214 aequum
2098 5142 2295 5198 existi-

720 5243 885 5306 mavi,
916 5252 970 5297 et
1004 5240 1168 5297 simul
1192 5242 1432 5295 scribere
1462 5250 1719 5311 tauquam
1752 5241 1818 5293 ad
1841 5222 2085 5309 ejusdem
2117 5237 2292 5290 virtu-

719 5335 790 5389 tis
812 5348 875 5388 ac
897 5331 1187 5387 sententia:
1210 5330 1571 5401 martyriique
1599 5346 1697 5400 pro
1722 5330 1948 5383 Christo
1973 5327 2289 5398 participes.

718 5422 1170 5490 Quandoquidem
1223 5420 1369 5474 enim
1418 5418 1528 5474 Deo
1589 5430 1779 5474 nostro
1822 5420 2028 5489 optimo
2068 5417 2291 5487 placuit,

721 5526 779 5568 ut
806 5523 861 5568 et
879 5528 975 5568 nos
999 5521 1317 5583 peccatores
1345 5512 1747 5567 dimitteremur
1770 5529 1799 5565 e
1823 5525 2067 5575 carcere,
2099 5505 2292 5577 optimi

722 5605 984 5675 principis
1042 5606 1353 5659 interventu
1399 5624 1411 5658 :
1466 5605 1639 5658 instar
1691 5603 1980 5672 cujusdam
2044 5601 2293 5654 muneris

726 5703 878 5755 sobis
906 5701 1191 5771 epistolam
1234 5698 1425 5762 oﬂ‘ero,
1470 5697 1735 5767 gaudens,
1773 5694 2165 5764 gratulansth
2202 5708 2295 5761 pa-

796 5839 909 5871 ιι-κι
942 5839 1084 5892 ρειι,
1119 5852 1257 5899 χειν,
1284 5837 1336 5890 2.
1417 5837 1460 5867 "
1491 5834 1678 5887 Malth.
1711 5849 1759 5897 ς,
1791 5831 1879 5883 96.

2472 5140 2580 5191 Καὶ
2610 5138 2703 5191 νῦν
2735 5141 3036 5194 ἐπιστεῖλαι
3063 5137 3123 5195 εῦ
3156 5142 3303 5211 ἔχειν
3355 5142 3657 5212 ἐδοκίμασα
3681 5143 3797 5207 τοτς
3826 5144 3977 5213 ἐμοῖς

2400 5232 2669 5302 Πατράσι,
2699 5233 2791 5285 καί⁵
2814 5235 3118 5288 ἐπιστεῖλαι
3168 5233 3305 5305 ὁμοῦ
3336 5234 3413 5297 ὡς
3440 5234 3539 5301 τῆς
3564 5233 3733 5303 αὐτῆς
3779 5236 3977 5305 ἀρετῆς

2400 5326 2494 5378 καὶ
2540 5326 2814 5394 ὁμονοίας,
2851 5327 3050 5396 μᾶλλον
3099 5327 3155 5380 δὲ
3206 5329 3516 5399 μαρτυρίας
3543 5324 3785 5396 Χριστοῦ
3811 5328 3974 5395 ﬂetu»-

2402 5418 2603 5486 μένοις.
2644 5418 2795 5469 Ἐπεί
2831 5418 2940 5488 γὰρ
2979 5419 3273 5488 εὐδόκησεν
3311 5420 3340 5470 ὁ
3397 5416 3600 5483 ἀγαθὸς
3656 5416 3795 5478 Θεὸς
3825 5417 3976 5487 ήμῶν

2399 5507 2667 5575 ἀφεθῆναι
2707 5508 2803 5560 καὶ
2828 5509 2975 5577 ἡμᾶς
3009 5509 3134 5571 τούς
3178 5506 3536 5577 ἁμαρτωλοὺς
3569 5505 3670 5574 τῆς
3703 5506 3973 5574 φυλακῆς,

2398 5603 2463 5670 τῇ
2496 5601 2744 5670 μεσιτεξᾳ
2776 5600 2869 5651 τοῦ
2893 5600 3099 5667 ἀγαθοῦ
3160 5599 3424 5670 βασιλέως
3448 5616 3464 5631 ·
3500 5599 3692 5669 ὥσπερ
3719 5614 3769 5648 τι
3834 5598 3972 5650 εξνω

2406 5693 2702 5763 προσφέρω
2736 5694 2863 5763 ὑμῖν
2890 5694 2953 5747 τὸ
2980 5695 3234 5765 γράμμα,
3273 5694 3478 5763 χαίρων
3530 5694 3624 5746 atat
3671 5693 3973 5765 συγχαίρειν
