4156 6508
262 481 406 541 1325

1458 474 1995 535 EPISTOLARUM
2049 476 2194 535 LIB.
2242 477 2322 535 11.

3384 478 3532 545 1326

261 598 419 668 ὑμῶν
449 599 515 668 τῇ
542 594 899 667 πατρωσύνῃ,
934 595 1029 649 καὶ
1055 596 1148 666 τῇ,
1167 588 1279 648 οἷον
1300 597 1499 658 ειπεϊν,
1534 593 1678 648 κατὰ
1706 595 1842 661 Χρι-

1953 594 2195 648 ternitati
2239 603 2455 658 vestra,
2498 608 2564 650 ac
2613 604 2921 663 reportatae,
2972 603 3031 650 ut
3076 596 3151 651 ita
3192 595 3394 661 dicam.
3451 618 3531 653 sc-

1804 679 1831 699 τ

262 692 392 743 στὸν
445 691 589 761 νίκῃ.
633 688 744 740 Καὶ
806 688 915 757 γὰρ
951 687 1277 757 νενικήκατε
1317 685 1408 739 τὸν
1469 686 1743 756 πονηρὸν,
1798 685 1844 738 ὦ

264 784 579 854 θαυμάσιοι,
626 782 723 835 καὶ
752 780 899 832 ἔνδον
924 778 1010 832 διὰ
1038 782 1138 849 τῆς
1172 778 1350 849 πάλης
1397 777 1507 833 τῶν
1537 776 1841 847 λογισμῶν,

264 878 362 929 καὶ.
405 875 561 936 ἐκτὸς
590 872 679 926 διὰ
728 873 828 942 τῆς
851 869 1035 923 ἐνθέου
1065 870 1347 941 ὑπομονῆς
1369 886 1385 901 ο
1422 872 1497 941 μὴ
1528 870 1847 942 κάμψαντες

263 969 395 1035 γόνυ
430 965 507 1038 τῷ
543 962 909 1036 ὑπηρετοῦντι
948 961 1227 1035 δράκοντι.
1275 962 1517 1016 Ἐκεῖνον
1550 963 1660 1034 γὰρ
1720 964 1846 1036 ἀρι-

261 1064 441 1131 δηλως
509 1059 785 1131 ὑπουργὸς
815 1058 992 1125 Λέων,
1020 1058 1049 1110 ὀ
1078 1058 1455 1126 παγκάκιστος
1490 1057 1703 1111 ἐκείνου
1756 1058 1846 1111 θε-

264 1153 567 1225 ραπευτὴς,
603 1154 632 1206 ὁ
661 1152 761 1221 τῆς
792 1152 999 1216 είκόνος
1028 1149 1267 1221 Χριστοῦ
1314 1149 1597 1220 ὑϐριστὴς,
1629 1148 1845 1204 καὶτῶν

259 1248 432 1311 ἁγίων
460 1245 743 1315 φονευτής.
788 1244 1088 1315 Ἐκάτερος
1121 1246 1371 1315 ἑκατέρῳ
1417 1244 1790 1312 συμφωνήσας
1823 1259 1840 1275 ο

260 1342 357 1394 καὶ
403 1340 675 1409 συνθήκην
705 1339 873 1408 ἄμφω
895 1337 1259 1408 ποιησάμενοι
1291 1336 1564 1407 περιελεῖν
1591 1336 1651 1388 τὸ
1672 1334 1846 1405 δνομα

251 1408 530 1501 Χριστοῦ.
557 1408 640 1485 διί
674 1430 1019 1499 ἀφαιρέσεως
1043 1427 1135 1481 τοῦ
1188 1428 1337 1481 θείου
1392 1428 1489 1481 καὶ
1526 1445 1844 1500 προσκυνη-

260 1519 355 1572 τοῦ
389 1509 553 1573 αὑτοῦ
602 1518 971 1589 χαρακτῆρος.
1020 1516 1174 1571 Ἐπεὶ
1220 1517 1295 1587 μὴ
1333 1517 1615 1587 πέφθακεν
1650 1520 1679 1571 ό
1721 1534 1846 1573 καις

265 1612 359 1681 ρὸς
406 1604 505 1681 τῆς
534 1610 795 1680 δευτέρας
840 1610 993 1673 θείας
1042 1610 1386 1679 ἐπιφανείας,
1440 1612 1525 1663 ἴνα
1571 1611 1846 1679 ὀλοφανῶς

262 1702 497 1773 Χριστὸς
522 1700 810 1773 ἀρνηθείη.
860 1701 999 1753 Ἀλλ’
1032 1701 1323 1771 εὐλογητὸς
1365 1704 1394 1755 ό
1443 1702 1595 1766 Θεὸς,
1653 1702 1714 1764 ὃς
1751 1704 1847 1757 καὶ

258 1794 351 1849 τὸν
386 1794 623 1862 διώκτην
642 1791 812 1846 ὤλεσε
846 1792 1061 1864 θανάτῳ
1094 1794 1409 1865 περιϐοήτῳ
1439 1794 1534 1846 καὶ
1583 1793 1845 1866 ἀξιολόγῳ

257 1885 358 1953 τῆς
389 1884 731 1948 ἀποστασίας
751 1900 763 1916 ⁶
797 1884 905 1938 ἔδει
934 1885 1044 1957 γὰρ
1082 1886 1173 1938 τὸν
1203 1885 1439 1954 τεμόντα
1462 1886 1523 1938 τὸ
1568 1886 1844 1955 Κυριακὸν

1948 686 2188 740 cundum
2225 685 2503 741 Christum
2536 685 2806 742 victoriae.
2846 686 3157 744 Damonem
3199 690 3346 743 enim
3400 692 3533 745 vici-

1946 777 2083 844 stis,
2142 792 2176 831 o
2240 777 2342 832 viri
2406 778 2717 832 admirandi
2762 793 2779 834 :
2822 786 2937 833 tum
2982 780 3131 836 intus
3180 796 3276 851 per
3326 781 3529 837 luctam

1948 868 2212 923 adversus
2263 868 2626 937 cogitationes
2654 886 2668 922 :
2696 878 2815 923 tum
2862 857 2996 925 foris
3036 885 3136 940 per
3176 872 3530 927 tolerantiam

1948 958 2110 1030 plane
2136 958 2401 1022 divinam,
2454 974 2563 1013 non
2605 959 2888 1016 flectentes
2931 976 3073 1032 genu
3119 977 3308 1018 coram
3349 965 3497 1019 admi

1948 1050 2125 1103 nistro
2164 1050 2338 1119 ipsius
2364 1048 2632 1105 dracone.
2660 1049 2789 1106 Fuit
2816 1053 2962 1107 enim
2990 1052 3136 1109 haud
3162 1054 3329 1110 dubie
3368 1056 3531 1110 mini—

1946 1150 2059 1195 ster
2108 1142 2255 1197 illius
2309 1141 2443 1205 Leo,
2500 1142 2591 1197 ille
2644 1144 2920 1213 pessimus
2977 1145 3154 1215 ipsius
3197 1146 3391 1211 cliens.
3440 1148 3534 1204 ille

1947 1231 2207 1304 imaginis
2235 1233 2441 1289 Christi
2484 1242 2847 1306 contemptor,
2879 1236 2973 1293 ille
3006 1247 3326 1293 sanctorum
3360 1240 3532 1293 inter-

1948 1326 2141 1379 fector.
2204 1324 2671 1395 ConSpirantibus
2730 1331 2877 1384 enim
2947 1330 3183 1387 invicem
3240 1332 3529 1388 sententiis

1948 1417 2129 1475 foedus
2155 1421 2315 1475 ambo
2347 1421 2538 1485 iniere,
2574 1420 2859 1477 ntChristi
2892 1438 3095 1479 nomen
3134 1438 3166 1479 e
3206 1426 3388 1480 medio
3425 1427 3529 1478 tol-

1947 1511 2145 1576 lerent,
2200 1512 2418 1567 sublata
2468 1514 2661 1583 utique
2707 1514 2891 1569 divina
2936 1524 2993 1571 et
3027 1516 3306 1571 adoranda
3356 1518 3531 1587 ipsius

1946 1603 2140 1674 efﬁgie.
2183 1602 2668 1660 Verumenimvero
2726 1607 2969 1661 nondum
3040 1615 3261 1677 tempus
3309 1608 3531 1662 advenit

1946 1696 2171 1752 secundi
2206 1697 2472 1752 adventus
2503 1696 2742 1764 Domini,
2789 1707 2849 1753 ut
2893 1700 3110 1769 penitus
3134 1698 3393 1754 Christus
3436 1715 3532 1753 ne-

1947 1797 2128 1856 getur.
2184 1786 2288 1842 Sed
2340 1788 2657 1845 benedictus
2698 1789 2862 1853 Deus,
2908 1800 3023 1845 tum
3073 1790 3167 1860 qui
3214 1800 3528 1846 vexatorem

1950 1882 2187 1952 perdidit
2235 1882 2559 1949 turpissimo
2609 1884 2760 1938 necis
2802 1898 3022 1952 genere,
3059 1898 3157 1949 pro
3200 1883 3530 1939 defectionis

261 1974 445 2044 σῶμα,
478 1974 622 2044 ξίφει
652 1974 1083 2045 κατατμηθέντα
1134 1973 1444 2047 ἀπορρῆξαι
1502 1976 1601 2047 τὴν
1655 1977 1800 2047 ζωήν
1826 1993 1842 2009 ο

1950 1991 2063 2031 suae
2091 1975 2299 2029 meritis
2327 1975 2595 2046 (oportuit
2624 1977 2770 2032 enim
2806 1992 2931 2031 eum
2958 1978 3052 2048 qui
3084 1976 3301 2033 Domini
3327 1994 3528 2047 corpus

264 2069 359 2119 καὶ
393 2069 539 2137 ὑμᾶς
586 2066 911 2136 στεφανίτας
956 2068 1265 2132 ἀναδείξας.
1327 2068 1483 2132 κλέος
1524 2073 1588 2139 τῇ
1648 2070 1842 2124 ἑαυτοῦ

273 2156 572 2229 Ἐκκλησία
601 2162 1054 2232 περιεποιήσατο,
1082 2163 1286 2236 ἀρετῆς
1338 2165 1600 2229 ἀλείπτας
1621 2182 1635 2196 ’
1698 2165 1846 2238 ἐρεί-

266 2265 413 2317 ματα
443 2246 710 2312 πίστεως,
739 2250 1088 2322 έδραιώματα
1147 2254 1429 2324 ἀληθείας,
1470 2256 1846 2328 ὑποδείγματα

265 2340 581 2410 καρτερίας,
613 2340 690 2411 τῷ
713 2340 826 2395 δντι
854 2343 1196 2413 καθηγητὰς,
1243 2346 1320 2408 ὡς
1388 2345 1609 2415 ἀληθῶς
1671 2364 1846 2418 μονα-

262 2432 416 2497 στὰς,
461 2432 898 2504 ἀπεικονίσματα
917 2436 1023 2488 τῶν
1060 2438 1343 2507 μακαρίων
1365 2439 1588 2492 ἐκείνων
1615 2440 1707 2493 καὶ
1744 2441 1848 2495 πά-

260 2525 352 2578 λαι
399 2526 569 2595 ἁγίων
602 2544 616 2559 ⁸
657 2529 705 2580 οἱ
737 2529 794 2580 ὲν
830 2532 941 2593 τοῖς
970 2531 1175 2600 ὁμοίοις
1226 2531 1470 2601 ἀνδρικοὶ
1533 2534 1843 2602 γεγονότες,

260 2616 342 2688 τῷ
373 2618 672 2689 ἁμαράντῳ
724 2622 823 2690 τῆς
871 2620 1220 2687 δικαιοσύνης
1272 2625 1522 2695 στεφάνῳ
1614 2642 1846 2679 κατεκο-

266 2708 582 2779 σμήθησαν,
636 2710 955 2781 χορεύοντες
990 2712 1204 2767 αἰώνια.
1249 2715 1493 2769 Τοιοῦτοι
1523 2718 1700 2787 ὑμεῖς,
1752 2717 1847 2771 καὶ

264 2798 420 2868 ὑμῶν
445 2799 707 2862 ὁὲπαινος
739 2801 1040 2874 ὑπέρτερος
1069 2804 1170 2874 τῆς
1196 2807 1337 2877 ἐμῆς
1356 2808 1648 2879 ούδαμινῆς
1678 2808 1849 2877 γλώτ-

263 2906 400 2959 της·
444 2890 698 2944 τοσοῦτον
744 2894 800 2947 δὲ
846 2895 1006 2965 μόνον
1045 2896 1304 2968 ᾀδούσης,
1356 2900 1481 2951 ὅσον
1501 2901 1592 2953 τὸν
1651 2902 1846 2971 καιρὸν

263 2981 713 3050 ἀφοσιώσασθαι,
750 2987 843 3059 καὶ
877 2986 967 3039 τὸν
1029 2988 1195 3041 πόθον
1238 2989 1599 3062 θεραπεῦσαι,
1652 2992 1747 3045 καὶ
1786 2993 1846 3046 τὸ

264 3075 485 3146 πνεῦμα
516 3076 971 3149 ἀναζωπυρῆσαι,
1015 3082 1093 3143 είς
1123 3080 1358 3151 ἄληκτον
1383 3082 1565 3153 δέησιν
1602 3083 1697 3136 τοῦ
1724 3086 1843 3137 ἐπι-

273 3169 543 3238 κληθῆναι
571 3169 729 3236 Θεὸν,
761 3171 944 3224 τὲλεον
973 3173 1103 3243 ἡμῖν
1128 3174 1186 3226 τὸ
1212 3174 1311 3244 τῆς
1360 3177 1583 3247 είρήνης
1642 3175 1846 3245 ἀγαθὸν

265 3257 624 3323 ἐξανατεῖλαι.
671 3262 866 3334 Ὁρᾶτε
902 3264 1035 3336 γάρ,
1090 3258 1135 3317 ὦ
1186 3265 1500 3337 σεϐάσμιοι,
1570 3269 1717 3331 ὅπως
1765 3268 1844 3322 ἔτι

266 3351 547 3421 κραδαίνει
572 3353 639 3406 τά
675 3355 1001 3425 πράγματα.
1038 3357 1276 3419 Δυνατὸς
1298 3359 1351 3411 δέ
1403 3360 1520 3411 ἐστι
1567 3363 1632 3431 τῇ
1692 3362 1836 3432 ἀρχῇ

265 3444 363 3495 καὶ⁵
411 3444 472 3496 τὸ
502 3445 655 3508 τέλος
680 3446 853 3512 δεξιὸν
885 3448 1281 3517 συναναφάναι.
1332 3448 1600 3520 Εὔχεσθαι
1658 3469 1841 3522 παρα-

264 3534 500 3605 κλήθητε
557 3538 685 3609 περὶ
760 3538 859 3609 τῆς
935 3538 1318 3604 ταπεινώσεως
1396 3559 1518 3612 μου,
1597 3542 1848 3595 ὰειοέόα-

266 3641 406 3682 στοι.

502 3740 623 3794 IlA'.
652 3772 721 3783 —-
747 3742 1021 3812 Θεοδώρῳ
1047 3745 1383 3814 pomifer-tt.
1416 3745 1609 3819 [φκθ’.]

1947 2067 2190 2131 discidit,
2226 2066 2409 2137 gladio
2439 2069 2760 2123 intercisum
2790 2069 2959 2123 vitam
3002 2068 3374 2139 abrumpere),
3413 2079 3527 2123 tum

1948 2163 2041 2232 qui
2084 2176 2182 2215 vos
2218 2170 2272 2217 et
2302 2161 2539 2215 victores
2576 2161 2849 2227 exhibuit,
2901 2170 2957 2216 et
3004 2161 3059 2215 in
3103 2160 3365 2215 Ecclesia:
3415 2176 3531 2215 suae

1947 2249 2115 2305 decus
2148 2250 2405 2313 servavit,
2445 2251 2667 2304 virtutis
2694 2261 3151 2322 prepugnatores,
3184 2250 3528 2305 ﬁrmamenta

1948 2342 2095 2406 fidei,
2130 2342 2495 2396 stabilimenta
2529 2342 2798 2407 veritatis,
2835 2343 3135 2411 specimina
3167 2339 3525 2405 fortitudinis,

1947 2451 2077 2491 vere
2106 2436 2417 2505 magistros,
2447 2451 2574 2491 vere
2615 2437 2940 2499 monachos,
2988 2435 3274 2489 beatorum
3306 2435 3526 2489 illorum

1948 2542 2011 2583 ac
2049 2529 2254 2581 veteris
2309 2528 2409 2581 aevi
2453 2537 2769 2582 sanctorum
2817 2526 3132 2598 imagines:
3164 2526 3259 2597 qui
3300 2527 3353 2580 in
3410 2528 3525 2597 pari

1948 2620 2251 2674 certamine
2300 2633 2426 2673 cum
2474 2628 2698 2674 strenue
2745 2633 2805 2674 se
2861 2620 3154 2690 gesserint,
3204 2620 3523 2688 incorrupta

1944 2712 2170 2783 iustitiae
2211 2725 2413 2765 corona
2448 2711 2699 2765 exornati
2741 2727 3026 2782 nunquam
3057 2714 3301 2767 desituro
3328 2713 3527 2783 gaudio

1949 2806 2330 2874 perfruuntur.
2367 2803 2529 2858 Tales
2561 2819 2686 2859 cum
2727 2804 2869 2871 sitis,
2904 2814 3083 2860 vestra
3129 2806 3249 2860 laus
3279 2816 3525 2861 nostram

1948 2899 2203 2968 exiguam
2240 2898 2291 2952 in
2336 2897 2574 2952 dicendo
2618 2896 2933 2951 facultatem
2983 2906 3205 2967 superat
3244 2907 3529 2952 :tantum-

1946 3006 2052 3061 que
2099 3004 2497 3053 commemoro,
2555 2998 2824 3058 quantum
2875 2988 3011 3042 satis
3058 2998 3142 3043 est
3192 2995 3251 3041 ut
3298 2987 3528 3057 tempori

1949 3081 2309 3146 satisfaciam,
2344 3090 2398 3133 et
2430 3079 2706 3134 desiderio
2731 3078 3103 3134 obsecundem
3132 3097 3146 3133 :
3176 3086 3237 3133 ut
3279 3079 3523 3134 studium

1950 3171 2238 3225 incendam
2300 3169 2543 3223 assidua:
2594 3167 2974 3237 precationis,
3051 3169 3119 3223 ad
3182 3168 3527 3224 exorandum

1952 3263 2145 3329 Deum,
2174 3273 2233 3318 ut
2258 3262 2514 3333 perfecta:
2534 3262 2953 3330 tranquillitatis
2980 3262 3126 3316 bono
3157 3261 3527 3333 perfruamur.

1954 3353 2167 3407 Videtis
2197 3354 2365 3417 enim,
2412 3367 2447 3407 ο
2480 3352 2804 3417 venerandi,
2848 3352 3314 3422 quemadmodum
3350 3352 3531 3409 adhuc

1950 3462 2040 3503 res
2073 3446 2356 3501 lluctuent.
2393 3444 2499 3501 Sed
2541 3456 2735 3516 potens
2778 3454 2861 3501 est
2906 3444 3051 3499 Deus
3082 3445 3330 3501 felicibus
3360 3446 3533 3501 initiis

1953 3540 2288 3610 conjungere
2315 3555 2639 3609 prosperum
2677 3539 2865 3594 finem.
2902 3537 3070 3593 Orare
3096 3554 3196 3608 pro
3224 3538 3533 3594 humilitate

1957 3649 2077 3687 mea
2115 3650 2180 3688 ne
2210 3634 2534 3703 gravemini,
2566 3649 2598 3686 ο
2632 3648 2848 3702 semper
2873 3632 3190 3687 venerandi.

2222 3747 2515 3802 LXXXIV.
2542 3780 2611 3789 —-
2642 3748 2911 3803 Theodoro
2934 3750 3186 3802 monacho
3206 3749 3295 3820 (‘).

1215 3859 1293 3908 De
1320 3866 1487 3908 sancta
1514 3858 1748 3923 imagine.
1785 3861 1953 3912 Basilii
1975 3864 2159 3913 dictum
2194 3866 2576 3925 interpretatur.

351 3956 493 4024 Ἐγώ
526 3974 620 4012 σου
655 3957 757 4028 τὴν
807 3958 1120 4015 θεοσέϐειαν
1177 3965 1549 4033 παρεκάλεσα,
1585 3969 1696 4021 τῶν
1721 3971 1842 4021 κατ’

264 4048 407 4119 ἰμοῦ
458 4052 750 4120 ἐγκωμίων
798 4052 1106 4123 ἀφέμενον,
1168 4054 1371 4124 μᾶλλον
1430 4058 1841 4129 προσεύχεσθαι,

269 4141 348 4211 μὴ
394 4142 569 4211 πάντη
610 4159 677 4211 με
727 4141 867 4194 Θεοῦ
895 4143 1389 4213 ἀπομακρύνεσθαι
1416 4161 1429 4175 ⁶
1486 4149 1689 4211 καύτὸς
1742 4150 1843 4202 οὐκ

264 4231 365 4286 οἷδ’
391 4233 512 4287 ὅθεν
538 4232 860 4305 φερόμενος,
907 4237 987 4297 είς
1015 4235 1236 4305 μείζους
1264 4237 1504 4307 tamen;
1531 4240 1721 4309 λόγους
1751 4242 1839 4293 αί-

263 4330 482 4392 νέσεως.
522 4330 614 4398 Μὴ
635 4328 795 4391 οὓτω,
827 4331 1028 4402 Πάτερ,
1073 4333 1357 4404 μηδαμῶς.
1410 4335 1481 4387 Ἦ
1524 4335 1624 4388 οὐκ
1682 4330 1840 4390 οἶσθα

260 4421 347 4473 ὅτι
367 4420 670 4491 ἀνθρώπων
703 4422 957 4475 ἁπάντων
973 4426 1083 4491 ἐγὼ
1110 4426 1313 4487 ότάλας
1347 4427 1835 4498 ἁμαρτωλότερος;

264 4513 373 4565 κᾶν
402 4515 501 4566 οὐκ
531 4509 629 4566 οἷδ’
670 4513 821 4577 ὅπως
875 4514 1013 4567 ἐλέει
1076 4516 1212 4569 Θεοῦ
1257 4518 1337 4581 είς
1388 4520 1635 4591 φυλακὴν
1670 4520 1835 4576 αὑτοῦ

2012 3971 2205 4025 Pietati
2242 3984 2346 4026 tua:
2389 3981 2584 4024 auctor
2615 3968 2828 4031 exstiti,
2861 3976 2923 4022 ut
2959 3966 3215 4021 laudibus
3258 3966 3395 4021 meis
3438 3983 3525 4021 sn-

1941 4060 2261 4127 perseilens,
2318 4059 2573 4113 ftmderes
2621 4058 2802 4126 potius
2850 4071 2948 4125 pro
2994 4071 3082 4109 me
3115 4072 3329 4125 preces,
3382 4073 3447 4113 ne
3494 4074 3523 4110 a

1943 4151 2056 4205 Deo
2094 4151 2270 4221 magis
2317 4162 2533 4205 avertar
2564 4167 2578 4203 :
2611 4162 2667 4205 tn
2705 4165 2835 4204 vero
2870 4149 3060 4203 nescio
3104 4164 3209 4219 qua
3253 4148 3526 4220 impulsus

1943 4247 2155 4299 ratione
2204 4245 2258 4297 in
2305 4246 2595 4299 uberiores
2644 4244 2819 4298 multo
2860 4242 3093 4313 erupisti
3125 4243 3331 4298 laudes.
3374 4243 3525 4297 Mitte

1946 4339 2171 4393 omnino
2214 4339 2295 4393 sic
2341 4354 2526 4409 agere,
2559 4337 2739 4391 Pater.
2770 4335 2853 4389 An
2910 4336 3089 4390 nescis
3131 4335 3395 4390 miserum
3435 4351 3524 4390 me

1953 4430 2272 4485 mortalium
2340 4430 2589 4483 omnium
2654 4428 2894 4481 maxime
2951 4442 3075 4481 esse
3127 4428 3371 4496 peccatis
3422 4427 3520 4482 ob-

1944 4520 2210 4574 noxium?
2256 4520 2584 4589 Quanquam
2637 4518 2826 4574 nescio
2858 4534 2965 4587 qua
3005 4517 3097 4573 Dei
3145 4515 3517 4572 misericordia

261 4604 502 4673 ἠξίωμαι
538 4604 822 4658 διατελεῖν.
863 4608 954 4660 Διὸ
983 4608 1077 4661 καὶ
1109 4608 1280 4672 δέδια,
1309 4612 1506 4679 μήπως
1538 4613 1838 4683 ἐπισκεψά-

1946 4610 2049 4665 sub
2081 4611 2199 4679 ejus
2228 4613 2398 4664 t'utela
2434 4610 2799 4681 praesidioque
2843 4624 3060 4678 semper
3089 4624 3212 4663 sum
3246 4618 3513 4663 versatus.

266 4713 430 4764 μενος·
471 4699 528 4748 έν
557 4696 634 4767 τῷ
666 4697 974 4770 τελουμένῳ
1005 4700 1385 4773 ὸμολογητικῷ
1414 4706 1597 4771 γάμῳ,
1628 4705 1726 4758 ἴδοι
1770 4723 1838 4775 με

262 4804 368 4840 ουκ
415 4787 771 4857 ἐνδεδυμένον
802 4789 1007 4860 ἔνδυμα
1052 4791 1256 4861 γάμου,
1286 4790 1499 4847 εἴτόὖν
1536 4795 1842 4867 καθαρότη-

265 4894 356 4941 τος
397 4895 407 4907 ·
443 4882 536 4932 καὶ
557 4880 701 4932 εἴποι
733 4882 843 4943 τοῖς
876 4881 1186 4951 ὑπηρέταις
1223 4885 1506 4954 ἀγγέλοις
1535 4886 1841 4955 Δήσαντες

261 4969 455 5023 αὐτοῦ
492 4969 693 5038 χεῖρας
741 4971 838 5023 καὶ
888 4973 1101 5039 πόδας,
1152 4976 1433 5031 ἐκϐάλετε
1483 4980 1691 5047 αὑτὸν,
1742 4979 1841 5033 καί

270 5060 565 5129 ἕμόἁλετε
609 5064 695 5127 εις
735 5061 800 5114 τὸ
845 5066 1064 5131 σκότος
1108 5068 1172 5119 τὸ
1216 5068 1525 5138 ἐξώτερον·
1560 5072 1635 5133 ὡς
1687 5088 1834 5141 παρ-

264 5152 552 5223 ενείραντα
576 5153 769 5207 ἑαυτὸν
787 5154 1018 5219 ἀναξίως
1046 5160 1155 5221 τοῖς
1171 5161 1525 5233 ὁμολογηταίς
1544 5166 1835 5233 μου.”Ωστε

264 5248 421 5300 τοῦτο
448 5248 629 5311 εἰδὼς,
664 5248 818 5302 κλαῖέ
849 5266 915 5319 με
951 5251 1173 5320 μᾶλλον,
1222 5254 1425 5325 Πάτερ,
1462 5258 1556 5310 καὶ
1609 5258 1840 5328 προσεύ-

262 5356 383 5409 χου,
433 5340 507 5409 μὴ
534 5340 693 5391 τοῦτό
724 5358 814 5408 μοι
843 5344 1141 5412 συμόἦναι.
1197 5345 1306 5399 Καὶ
1371 5341 1472 5399 ὧδε
1514 5348 1611 5419 μὲν
1639 5350 1831 5404 ταῦτα.

265 5432 403 5501 Περὶ
434 5432 492 5484 δὲ.
525 5431 617 5485 τοῦ
641 5435 743 5485 Διὰ
768 5434 859 5484 καὶ
893 5434 1024 5487 Ἀνὰ
1058 5436 1268 5490 ὑπὸτοῦ
1293 5440 1527 5509 μεγάλου
1554 5440 1835 5495 Βασιλείου

260 5525 589 5593 εἰρημένων,
612 5523 855 5594 δηλονότι
887 5526 945 5577 έν
970 5530 1035 5597 τῇ
1060 5531 1252 5601 χρήσει
1282 5532 1551 5600 κειμένων
1578 5532 1688 5585 τῶν
1710 5551 1843 5605 προ-

261 5615 465 5666 θέσεων
491 5613 591 5685 τῆς
623 5614 830 5678 εἰκόνος
855 5632 869 5646 ’
902 5617 999 5688 οὐχ
1032 5620 1136 5673 ὑπὸ
1192 5621 1288 5674 τοῦ
1340 5624 1498 5691 ἁγίου
1557 5623 1704 5676 δοκεῖ
1750 5642 1842 5693 μοι

258 5704 641 5775 ὲκςωνηθῆναι
668 5704 763 5759 καὶ
790 5704 961 5771 οὕτως
996 5709 1088 5763 καὶ
1116 5707 1310 5776 οὕτως,
1328 5712 1442 5766 ἀλλ’
1460 5712 1523 5764 ἐκ
1557 5728 1829 5782 μεταγρα-

336 5826 383 5856 ⁸³
402 5822 596 5877 Matth.
629 5838 785 5886 xxm,
823 5825 908 5883 l5.

373 5941 439 6001 if)
476 5936 808 5990 Domnatica.

1941 4703 2307 4771 Quamobrem
2345 4720 2541 4759 vereor
2564 4720 2654 4771 ne,
2676 4718 2802 4758 cum
2834 4704 3137 4759 visitaverit
3166 4704 3219 4757 in
3253 4719 3516 4759 consum-

1943 4797 2104 4849 matis
2142 4794 2513 4851 confessionis
2562 4795 2791 4865 nuptiis,
2831 4796 3013 4849 videat
3055 4810 3140 4849 me
3196 4810 3305 4849 non
3354 4795 3517 4850 indu-

1942 4897 2057 4943 tum
2090 4898 2239 4943 veste
2271 4892 2610 4958 nuptiarum,
2659 4888 2762 4940 hoc
2795 4897 2881 4941 est
2914 4888 3175 4956 puritatis
3222 4902 3237 4940 :
3274 4887 3517 4956 angelis-

1939 4995 2047 5051 que
2074 4980 2414 5035 administris
2452 4980 2599 5033 dicat
2630 4978 2878 5049 :Ligatis
2919 4980 3163 5031 manibus
3200 4988 3248 5032 et
3296 4980 3514 5045 pedibus

1940 5071 2080 5140 ejus,
2105 5072 2299 5123 mittite
2320 5086 2440 5123 cum
2465 5080 2512 5122 et
2531 5070 2776 5137 projicite
2793 5072 2846 5121 in
2869 5071 3106 5122 tenebras
3130 5071 3415 5124 exteriores
3432 5070 3475 5099 ⁸³
3500 5090 3514 5135 ;

1942 5164 2145 5233 quippe
2175 5163 2268 5231 qui
2301 5179 2359 5216 se
2402 5172 2607 5216 temere
2653 5162 3067 5215 conl‘essorilius
3098 5160 3236 5215 meis
3265 5161 3517 5216 inserue-

1942 5257 2033 5309 rit.
2070 5254 2438 5323 Quamobrem
2486 5254 2592 5307 lioc
2634 5267 2758 5308 cum
2785 5253 2955 5323 probe
3005 5253 3173 5317 scias,
3215 5267 3302 5307 me
3336 5252 3517 5322 potius

1942 5345 2102 5409 defle,
2144 5343 2325 5409 Pater,
2365 5352 2421 5398 et
2464 5359 2532 5397 ne
2577 5344 2722 5398 istud
2764 5344 2897 5398 mihi
2926 5344 3165 5411 eveniat,
3197 5344 3512 5413 deprecare.

1945 5437 2052 5495 Sed
2096 5438 2163 5492 de
2197 5436 2281 5491 his
2316 5443 2606 5490 hactenus.
2634 5435 2711 5490 De
2761 5437 2972 5491 voculis
3003 5446 3183 5492 autem
3213 5437 3303 5489 διὰ
3324 5447 3379 5491 et
3408 5438 3515 5491 δινά

1941 5533 2114 5600 (trans
2136 5539 2192 5584 et
2222 5529 2314 5597 ad)
2337 5543 2477 5596 quas
2503 5526 2739 5581 Basilius
2766 5527 2994 5598 Magnus
3026 5528 3332 5599 usurpavit,
3361 5528 3514 5583 vide~

1940 5621 2071 5678 licet
2120 5622 2177 5676 in
2228 5620 2513 5690 proposito
2565 5620 2634 5674 de
2684 5620 2923 5689 imagine
2981 5630 3304 5690 argumento
3345 5635 3361 5672 :
3402 5633 3512 5672 non

1944 5713 2075 5769 mihi
2130 5712 2385 5767 videntur
2415 5726 2443 5765 a
2472 5722 2665 5767 sancto
2690 5721 2747 5767 et
2787 5714 2898 5768 lure
2935 5723 2988 5767 ct
3020 5713 3109 5767 illa
3141 5714 3387 5782 prolatae,
3417 5710 3512 5765 sed
