4156 6480
705 405 839 468 1327

1894 412 1952 468 S.
1992 411 2092 470 ΤΗ
2102 409 2382 470 EODORI
2420 413 2769 475 STUDIT/E

3826 429 3965 491 1328

704 517 1066 572 exscribentis
1113 529 1354 573 erratum
1411 520 1555 575 istud
1603 532 1686 575 est
1723 542 1733 574 :
1768 537 2081 592 quanquam
2132 524 2261 576 idem

2382 527 2486 595 φῆς
2501 526 2561 577 τὸ
2588 529 2807 597 σφάλμα
2830 546 2841 558 ’
2865 528 3004 598 πλὴν
3031 532 3107 593 εἰς
3128 532 3321 584 ταυτὸν
3342 534 3496 605 φέρει
3519 536 3613 589 τὸν
3627 538 3755 591 νοῦν
3787 544 3965 612 ἀμφο-

698 609 985 664 ambarum
1026 619 1109 664 est
1140 611 1471 666 intellectus.
1507 612 1751 683 Exempli
1796 630 1983 680 causa,
2023 616 2275 686 imaginis

700 703 876 757 honor
914 703 982 757 ad
1012 712 1365 774 prototypum
1415 706 1661 759 ascendit
1691 724 1705 760 ε
1735 706 1898 776 idque
1938 722 2128 762 verum
2170 718 2273 772 est,

698 802 813 847 tum
850 795 905 847 in
937 794 1177 864 imagine
1218 796 1481 854 naturali.
1527 806 1641 851 tum
1678 799 1731 851 in
1766 814 1828 853 ea
1855 814 1977 869 quae
2028 810 2114 856 est
2158 813 2275 857 arte

695 884 838 941 facta
870 903 885 941 :
914 887 1054 941 nihil
1081 888 1227 943 aliud
1261 888 1604 957 signiﬁcante
1636 906 1889 954 ascensu,
1920 909 2087 963 quam
2115 910 2273 948 eum-

694 978 818 1033 dem
847 995 970 1035 esse
997 982 1053 1036 in
1089 991 1207 1037 arte
1235 982 1396 1038 factis
1432 983 1719 1050 honorem,
1751 995 1949 1055 praeter
1975 989 2273 1044 discrimen

695 1071 1022 1127 substantiae
1052 1092 1066 1128 :
1106 1074 1159 1127 in
1207 1076 1557 1130 naturalibus
1586 1091 1737 1142 vero,
1768 1078 1930 1131 etiam
1971 1080 2271 1134 secundum

692 1162 928 1219 similem
991 1166 1280 1221 amborum
1343 1169 1735 1224 substantiam.
1799 1169 2090 1227 Enimvero
2154 1174 2271 1242 ipsa

691 1258 897 1313 veritas
924 1258 1066 1314 dixit
1099 1279 1113 1314 ε
1146 1259 1249 1325 Qui
1283 1278 1372 1315 vos
1417 1265 1637 1329 spernit,
1672 1279 1751 1315 me
1785 1267 1984 1331 spernit
2015 1279 2033 1316 .'
2062 1265 2149 1333 qui
2182 1282 2273 1318 au-

694 1359 796 1401 tem
842 1366 922 1403 me
955 1353 1175 1420 spernit,
1220 1354 1420 1421 spernit
1450 1369 1568 1404 eum
1597 1354 1685 1420 qui
1720 1353 1862 1406 misit
1895 1370 1975 1405 me
1995 1353 2061 1406 ".
2100 1351 2271 1407 Natu-

691 1442 824 1497 ralis
868 1444 1060 1513 utique
1100 1443 1192 1499 Dei
1236 1454 1291 1500 et
1323 1444 1499 1499 Patris
1552 1445 1731 1513 imago
1772 1455 1857 1499 est
1902 1444 2072 1499 Filius
2111 1458 2270 1502 :arte

688 1534 830 1590 facta
873 1552 1003 1590 vero
1034 1537 1154 1591 Filii
1188 1537 1651 1607 quemadmodum
1702 1549 1757 1591 et
1791 1538 1988 1603 Patris,
2025 1555 2125 1593 nos
2173 1556 2268 1594 su-

688 1643 833 1690 mus,
895 1628 1003 1683 hoc
1060 1638 1166 1693 est,
1229 1627 1442 1684 laetitia
1476 1646 1490 1683 :
1526 1628 1687 1681 ﬁctor
1747 1631 1893 1683 enim
1944 1638 1999 1683 et
2063 1630 2266 1683 artifex

686 1720 936 1773 omnium
974 1720 1117 1775 Deus
1151 1736 1284 1775 sane
1316 1720 1645 1790 appelletur.

756 1813 1031 1868 lntellexit
1061 1823 1243 1868 autem
1275 1823 1501 1869 sanctus
1530 1814 1767 1868 Basilius
1797 1824 1913 1868 arte
1950 1813 2180 1881 factum,
2211 1817 2264 1869 in

2384 634 2536 687 τερα.
2567 612 2692 673 Οἷον
2721 638 2739 671 t
2764 620 2826 673 Ἦ
2854 622 2951 691 τῆς
2978 624 3186 688 εἰκόνος
3216 626 3348 696 τιμὴ
3379 629 3473 680 ἐπὶ
3503 629 3565 682 τὺ
3601 632 3963 701 πρωτότυπον

2384 709 2667 764 ἀναϐαίνει
2686 726 2731 763 ⁸)
2754 714 2847 767 καὶ
2881 714 3077 785 ἀληθὲς
3105 716 3265 769 τοῦτο
3290 720 3386 771 καὶ
3418 719 3513 772 ἐπὶ
3543 724 3787 794 φυσικῆς
3819 730 3964 781 εἰκὸ.

2384 818 2491 863 νος,
2513 802 2672 855 τοῦτο
2698 806 2790 856 καὶ
2830 806 2921 857 ἐπὶ
2942 807 3210 877 τεχνητῆς
3242 825 3257 840 ο
3290 810 3390 879 τῆς
3436 813 3760 879 ἀναϐάσεως
3809 820 3963 871 οὖδὲν

2381 892 2510 944 ἄλλο
2546 892 2835 963 δηλούσης,
2871 895 2904 950 ἢ
2933 896 3014 948 ὃτι
3044 898 3075 965 ἡ
3107 898 3245 968 αὐτή
3272 899 3387 951 ἐστι
3414 899 3546 970 τιμὴ
3581 905 3735 972 παρὰ
3774 904 3837 956 τὸ
3864 910 3965 971 τῆς

2380 984 2568 1047 οὐσίας
2595 986 2853 1057 διάφορον
2877 987 2971 1040 ἐπὶ
2998 988 3107 1040 τῶν
3144 991 3422 1060 τεχνητῶν
3445 1008 3459 1022 ⁸
3494 995 3588 1046 ἐπὶ
3617 995 3678 1047 δὲ
3701 996 3813 1047 τῶν
3866 1016 3964 1065 (ρυ-

2383 1079 2568 1140 σικῶν,
2602 1080 2696 1131 καὶ
2734 1080 2875 1133 κατά
2916 1081 2975 1133 τὸ
3006 1082 3107 1149 τῆς
3161 1084 3351 1146 οὐσίας
3378 1086 3573 1138 ταυτὸν
3599 1088 3829 1157 ἀμφοῖν.
3854 1090 3965 1142 Καὶ

2381 1169 2511 1234 γοῦν
2533 1169 2998 1241 αὖτὴήάλήθεια
3050 1173 3311 1241 εἴρηκενο
3377 1173 3430 1226 '0
3494 1176 3725 1229 ἀθετῶν
3780 1178 3962 1249 ὑμᾶς,

2378 1261 2482 1329 ἐμὲ
2510 1261 2705 1314 ἀθετεῖ
2733 1278 2747 1293 ο
2802 1264 2901 1315 καὶ
2937 1268 2969 1316 ό
2997 1263 3101 1332 ἐμὲ
3126 1264 3369 1331 ἀθετῶν,
3410 1267 3609 1320 ἀθετεῖ
3656 1272 3766 1322 τὸν
3817 1272 3964 1341 πέμ-

2378 1354 2580 1421 ψαντά
2602 1372 2697 1423 με.
2730 1356 2937 1426 Φυσικὴ
2960 1353 3055 1408 οὖν
3076 1358 3169 1409 τοῦ
3197 1355 3335 1411 Θεοῦ
3366 1360 3460 1411 καὶ
3520 1361 3734 1429 Πατρός
3796 1366 3964 1417 εἰκὼν

2377 1449 2404 1497 6
2440 1446 2570 1509 Υἱός
2594 1462 2607 1477 ·
2635 1447 2864 1517 τεχνητὴ
2893 1447 2949 1499 δὲ
2964 1448 3055 1499 τοῦ
3076 1448 3223 1507 Υἱοῦ,
3242 1450 3431 1519 ὥσπερ
3466 1452 3563 1503 καὶ
3593 1452 3689 1504 τοῦ
3719 1455 3958 1525 Πατρὸς.

2378 1540 2558 1606 ἡμεῖς.
2590 1539 2756 1607 ἤγουν
2796 1542 3052 1608 ποιητική
3079 1558 3089 1570 ο
3120 1544 3213 1602 καὶ
3247 1543 3477 1613 ποιητὴς
3503 1544 3613 1613 γὰρ
3655 1546 3749 1597 καὶ
3776 1549 3961 1615 τεχνί-

2376 1647 2475 1699 της
2506 1630 2613 1683 τῶν
2642 1631 2898 1684 ἁπάντων
2924 1631 3132 1699 λέγοιτο
3158 1631 3313 1697 Θεός.

2446 1809 2718 1881 Εἵληπται
2757 1812 2812 1865 δὲ
2833 1812 2911 1881 τῷ
2944 1812 3085 1882 ἁγίῳ
3112 1812 3382 1882 Βασιλείῳ
3409 1811 3471 1864 τὸ
3519 1812 3806 1883 τεχνητὸν,
3862 1815 3957 1866 ἐπὶ

708 1905 1021 1974 maginibus
1047 1921 1171 1976 quae
1197 1917 1327 1960 sunt
1364 1906 1419 1960 in
1451 1906 1656 1961 tabulis
1694 1907 1852 1976 pictae
1883 1925 1897 1962 :
1930 1916 1985 1961 et
2018 1907 2160 1962 idem
2200 1909 2261 1962 de

2371 1903 2479 1955 τῶν
2513 1905 2570 1955 ἐν
2596 1904 2813 1968 πίναξιν
2845 1906 3065 1957 εἰκόνων
3100 1920 3111 1932 ’
3160 1906 3255 1957 καὶ
3309 1904 3505 1957 ταυτὸν
3558 1907 3709 1975 ἡμᾶς
3761 1905 3957 1958 λαὸεἰν

686 1996 847 2051 nobis
884 1998 981 2067 qui
1011 1998 1079 2052 ad
1112 1998 1405 2070 imaginem
1436 1997 1529 2055 Dei
1570 1999 1779 2053 conditi
1817 2015 2033 2061 sumus,
2066 1999 2281 2077 intelliz

684 2105 812 2159 gere
855 2100 959 2155 est,
999 2100 1057 2145 et
1086 2105 1204 2145 eam
1260 2106 1428 2160 quam
1477 2107 1580 2147 nos
1626 2091 1727 2160 ipsi
1779 2092 1833 2146 in
1884 2093 2069 2147 tabula
2108 2094 2267 2147 tinxi-

686 2198 811 2238 mus
841 2182 1137 2254 imaginem
1167 2182 1222 2237 in
1258 2192 1374 2237 arte
1405 2183 1563 2238 factis
1595 2198 1842 2239 censere.
1872 2182 2045 2255 Magis
2079 2194 2261 2239 autem

684 2289 749 2328 ac
792 2274 976 2329 verius
1008 2282 1196 2328 nostra
1240 2272 1446 2343 eﬂigies
1486 2288 1655 2327 unum
1692 2282 1746 2327 et
1777 2273 1917 2327 idem
1966 2284 2052 2329 est
2078 2276 2267 2328 nobis-

682 2382 809 2420 cum
862 2364 916 2419 in
979 2365 1341 2419 similitudine
1399 2364 1887 2435 (quemadmodum
1950 2374 2004 2419 et
2061 2364 2263 2434 elIigies

682 2458 890 2512 Christi
918 2473 1043 2512 cum
1074 2458 1217 2527 ipso)
1248 2473 1412 2527 quam
1444 2467 1632 2511 nostra
1664 2474 1790 2512 cum
1830 2458 1937 2511 Deo
1969 2476 1982 2511 :
2015 2458 2264 2528 quando-

682 2550 906 2621 quidem
933 2551 1080 2605 Deus
1105 2560 1159 2604 et
1186 2551 1435 2605 homines
1468 2551 1683 2606 inlinitu
1712 2553 1919 2606 distant
1951 2552 2258 2606 intervallo.

685 2642 819 2695 Nam
854 2642 947 2696 ille
982 2642 1281 2706 increatus,
1317 2642 1920 2710 incomprehensibilis,
1963 2645 2259 2698 incircnm.

692 2734 953 2803 scriptus,
1002 2742 1055 2788 et
1086 2749 1209 2804 qua:
1254 2742 1385 2789 sunt
1431 2733 1676 2802 ejusdem
1718 2736 1978 2803 generis:
2016 2738 2263 2790 homines

681 2844 811 2884 vero
865 2845 953 2884 res
1004 2839 1210 2894 creata,
1264 2844 1487 2897 corpus,
1536 2828 2003 2898 circumscriptio,
2044 2839 2098 2882 et
2140 2844 2263 2898 qua:

680 2932 811 2977 sunt
835 2922 1047 2977 ordinis
1072 2920 1341 2991 ejusdem.
1378 2922 1552 2975 Homo
1579 2931 1759 2975 autem
1790 2932 1844 2976 et
1873 2924 2053 2992 imago
2089 2922 2262 2975 Immi-

680 3016 791 3079 nis,
827 3024 1126 3086 utrumque
1170 3025 1417 3070 creatum
1453 3032 1466 3068 :
1496 3031 1810 3085 quanquam
1845 3024 1931 3069 est
1974 3016 2263 3083 utriusque

678 3106 756 3160 rei
786 3117 983 3161 creatae
1011 3107 1065 3159 in
1090 3107 1395 3161 substantia
1423 3107 1741 3159 discrimen.
1774 3106 1866 3160 Est
1894 3107 2083 3175 utique
2117 3108 2261 3176 quod

677 3200 746 3253 de
776 3200 1051 3268 proposita
1086 3214 1114 3251 a
1146 3209 1197 3253 te
1234 3199 1537 3266 quaestione
1569 3198 1861 3267 gaudeam.
1900 3197 2079 3251 Patnit
2108 3200 2258 3253 enim
2289 3228 2333 3283 ο

678 3291 806 3347 inde
846 3290 1006 3345 nobis
1053 3306 1119 3344 ex
1171 3291 1291 3359 ipso
1342 3290 1530 3344 divino
1568 3290 1814 3354 oraculo,
1860 3301 2042 3354 spreta
2085 3292 2259 3358 ipsius

676 3384 915 3454 imagine
942 3385 1120 3453 ipsum
1156 3384 1339 3451 sperni
1378 3402 1391 3436 :
1428 3394 1613 3451 spreto
1645 3392 1826 3436 autem
1870 3386 1987 3451 ipso
2009 3382 2257 3446 Christo,

675 3477 866 3547 sperni
907 3475 1124 3531 Patrem
1157 3478 1250 3546 qui
1297 3476 1449 3531 misit
1481 3477 1657 3545 ipsum
1694 3495 1705 3528 :
1742 3490 1805 3529 ac
1835 3474 2258 3543 deprehendun-

672 3576 765 3621 tur
796 3565 1144 3623 lconomachi
1198 3582 1304 3621 non
1358 3577 1645 3635 negatores
1672 3566 1876 3621 Christi
1928 3567 2113 3626 modo,
2162 3568 2255 3621 sed

673 3671 727 3713 et
762 3669 843 3713 ter
886 3671 1196 3730 negatores.
1254 3658 1372 3714 Iam
1427 3658 1571 3728 quod
1634 3658 1700 3711 ad
1757 3673 1945 3711 vocem
1989 3659 2256 3711 διαόαἰνει

676 3752 919 3820 (transit)
951 3752 1143 3806 eodem
1176 3752 1367 3805 recidit
1392 3760 1443 3803 et
1471 3751 1736 3803 transitus
1769 3759 1821 3803 et
1852 3766 2133 3805 ascensos.
2171 3752 2257 3805 Ait

677 3842 941 3897 Dominus
966 3860 980 3897 :
1004 3841 1245 3894 Ascendo
1272 3840 1343 3893 ad
1374 3839 1591 3891 Patrem
1618 3857 1785 3891 meum
1806 3840 1873 3895 ⁸⁵.
1908 3840 1971 3893 Ει
2004 3840 2251 3913 Moyses:

679 3930 961 3985 Transiena
1010 3932 1187 3985 videbo
1210 3933 1280 3985 ".
1324 3930 1627 3985 Ambomm
1680 3932 1877 3987 similis
1920 3944 2101 3987 motus
2148 3944 2251 3999 est,

676 4040 851 4093 neque
902 4025 1041 4077 alter
1093 4024 1323 4078 alterum
1380 4023 1685 4078 orbiculata
1730 4023 1813 4076 vel
1868 4024 2035 4077 tortili
2079 4025 2251 4093 ﬁgura

678 4127 1035 4188 repraesentat
1063 4136 1076 4172 :
1109 4118 1202 4172 sed
1236 4118 1509 4187 quidquid
1552 4125 1637 4171 est
1679 4115 2040 4177 discriminis,
2072 4118 2252 4185 quoad

673 4210 842 4263 situm
890 4218 994 4271 est,
1039 4224 1147 4263 non
1178 4210 1357 4279 quoad
1405 4209 1807 4263 habitudinem.
1842 4207 2057 4276 Septem
2104 4210 2248 4262 enim

673 4297 828 4354 aidnt
880 4315 1003 4355 esse
1054 4311 1257 4355 motus.
1306 4303 1587 4355 Ascensus
1633 4308 1843 4365 autem,
1900 4310 1955 4353 ut
1989 4310 2043 4353 et
2077 4300 2250 4370 ﬁgura

674 4405 787 4443 rem
858 4391 1187 4455 exhibeam,
1249 4392 1327 4446 sic
1377 4406 1436 4445 se
1494 4389 1654 4444 habet
1781 4390 2093 4447 :transitns
2146 4392 2251 4447 hoc

670 4490 832 4548 pacto
860 4509 1035 4523 --—
1069 4520 1083 4533 .
1113 4482 1414 4535 Amborum
1446 4480 1629 4549 igitur,
1677 4490 1735 4534 ut
1764 4481 1967 4536 dictum
2007 4492 2113 4545 est.
2153 4500 2254 4553 par

2369 1996 2495 2057 τοὺς
2534 1996 2655 2047 κατ’
2686 1996 2872 2047 εἰκόνα
2898 1994 3035 2047 θεοῦ
3068 1995 3385 2062 γεγονότας,
3418 1996 3509 2047 καὶ
3534 1997 3634 2063 τὴν
3668 1997 3730 2048 ὲν
3763 1996 3952 2049 πίνακι

2367 2083 2455 2153 ὑφ’
2478 2085 2634 2155 ἡμῶν
2662 2086 3144 2155 τεχνουργημένην
3192 2086 3377 2137 εἰκόνα
3422 2086 3516 2137 ἐπὶ
3536 2086 3629 2137 τοῦ
3658 2089 3949 2157 τεχνητοῦ.

2368 2177 2477 2230 Καὶ
2508 2178 2707 2248 μᾶλλον
2735 2178 2931 2248 ἔγγυος
2972 2177 3270 2249 ταυτισμὸς
3293 2178 3386 2229 ἐπὶ
3416 2176 3506 2229 τοῦ
3532 2178 3654 2229 καθ’
3690 2178 3952 2247 ὁμοίωσιν

2366 2273 2393 2323 ὁ
2422 2272 2691 2341 ἡμέτερος
2720 2270 3007 2341 χαρακτὴρ
3035 2271 3170 2341 πρὸς
3214 2273 3379 2342 ἡμᾶς,
3415 2269 3606 2342 ὥσπερ
3639 2273 3735 2322 καὶ
3759 2273 3788 2323 ὁ
3814 2273 3949 2341 X9:-

2369 2363 2495 2416 στοῦ
2529 2364 2665 2433 πρὸς
2696 2364 2883 2424 αὑτὸν,
2922 2364 2955 2435 ἢ
2984 2366 3011 2416 ὁ
3044 2364 3313 2433 ἡμέτερος
3350 2364 3487 2433 πρὸς
3532 2364 3664 2415 Θεόν
3687 2380 3703 2394 ·
3754 2365 3949 2435 ἐπειδὴ

2366 2456 2499 2507 Θεοῦ
2535 2456 2626 2507 καὶ
2650 2454 2952 2527 ἀνθρώπων
2975 2456 3035 2507 τὸ
3055 2456 3216 2525 μέσον
3237 2456 3478 2526 ἄπειρον·
3508 2455 3632 2508 ὅτιό
3661 2454 3762 2523 μὲν
3792 2455 3950 2508 ἀκτιο

2370 2562 2512 2609 στος,
2543 2546 2935 2617 ἀπερίληπτος,
2964 2547 3396 2617 ἀπερίγραπτος,
3421 2546 3515 2599 καὶ
3568 2547 3669 2599 ὅσα
3711 2545 3814 2613 τῆς
3852 2548 3947 2599 αὑ-

2366 2639 2461 2706 τῆς
2496 2640 2835 2708 συστοιχεεας
2860 2655 2873 2669 ·
2905 2639 3185 2710 ἂνθρωποι
3208 2640 3264 2692 δὲ
3292 2640 3519 2709 κτίσμα,
3573 2638 3755 2708 σῶμα,
3792 2657 3946 2710 περι-

2370 2731 2647 2799 γραμμδς.
2681 2731 2896 2784 κα“ιὸσα
2922 2732 3219 2802 ὁμόστοιχα
3251 2732 3474 2785 τούτων.
3512 2732 3841 2800 Ἀνθρωπος
3886 2734 3945 2785 ὁὶ

2368 2822 2459 2873 καὶ
2484 2819 2648 2875 εἰκὼν
2672 2821 2986 2893 ἀνθρώπου,
3030 2824 3271 2894 ἑκάτερτ
3298 2823 3503 2893 κτίσμα
3526 2838 3541 2853 ·
3592 2825 3697 2875 κᾶν
3756 2824 3943 2892 δια-ρο-

2370 2910 2529 2978 ρότης
2572 2914 2797 2972 κτίσεως
2823 2914 2960 2965 κατὰ
2991 2912 3219 2985 Θάτερον
3241 2912 3326 2965 ἐπ’
3360 2912 3537 2983 eicit}.
3577 2914 3686 2967 Καὶ
3721 2912 3852 2981 εὖγε
3883 2915 3945 2967 τὸ

2366 3002 2661 3071 πρόϐλημά
2693 3019 2785 3054 σου
2820 3017 2834 3032 ’
2862 3004 2945 3055 ὅτι
2978 3003 3261 3069 ὑπέδειξεν
3319 3005 3452 3073 ἡμῖν
3512 3004 3569 3069 ἐξ
3628 3005 3799 3075 αὐτῆς
3843 3007 3942 3075 τῆς

2367 3094 2650 3145 Θεολέκτου
2678 3095 2881 3164 φωνῆς,
2906 3096 2965 3146 ἐν
3002 3097 3067 3165 τῇ
3102 3094 3360 3164 ἀθετήσει
3390 3095 3488 3165 τῆς
3520 3097 3732 3157 εἰκόνος
3778 3100 3944 3151 αὐτὸν

2367 3185 2679 3238 ἀθετεῖσθαι
2704 3202 2716 3215 ’
2751 3187 2844 3239 καὶ
2873 3188 2930 3237 ἑν
2958 3189 3024 3256 τῇ
3064 3188 3233 3239 αὑτοῦ
3264 3188 3501 3258 Χριστοῦ
3532 3189 3789 3259 ἀθετήοει
3821 3192 3944 3243 ἀθε-

2366 3276 2572 3329 τεῖσθαι
2601 3275 2693 3329 τὸν
2741 3278 2963 3349 Πατέρα
2992 3280 3083 3331 τὸν
3116 3278 3412 3348 πέμψαντα
3439 3280 3605 3333 αὑτὸν
3632 3297 3643 3309 ·
3694 3284 3794 3334 καὶ
3845 3284 3939 3335 εὑ-

2368 3369 2644 3438 ρίσκονται
2683 3370 2732 3421 οἱ
2761 3369 3124 3441 Εἱκονομάχοι
3159 3374 3259 3423 οὐκ
3310 3373 3722 3445 ἀρνησὶχριστοι
3754 3376 3941 3444 μόνον,

2362 3462 2498 3514 ἀλλά
2528 3463 2635 3532 γὰρ
2665 3464 2759 3515 καὶ
2794 3464 3165 3534 τρισάρνητοι.
3200 3464 3274 3515 Τὸ
3309 3464 3366 3516 δὲ
3397 3467 3712 3529 Διαόαἰνει,
3741 3466 3825 3519 ὅτι
3860 3469 3939 3529 εἰς

2360 3556 2555 3607 ταυτὸν
2586 3556 2742 3626 φέρει
2774 3557 2806 3625 ἡ
2838 3556 3085 3618 διάϐασις
3116 3561 3180 3625 τῇ
3212 3557 3498 3613 ἀναϐάσει.
3542 3552 3711 3611 Εἵπεν
3740 3560 3769 3611 ὁ
3826 3558 3941 3611 Κύ-

2364 3662 2476 3714 ριος
2505 3662 2519 3676 ο
2564 3647 2891 3700 Ἀναϐαίνω
2931 3649 3081 3715 πρὸς
3107 3647 3215 3699 τὸν
3272 3648 3504 3716 Πατέρα
3549 3666 3689 3719 μου.
3747 3650 3862 3701 Καὶ
3912 3650 3940 3699 ὀ

2360 3738 2600 3808 Μωῡσῆς
2626 3755 2639 3769 ·
2672 3740 2881 3804 Διαϐὰς
2916 3740 3156 3808 ὄψομαι.
3195 3739 3765 3811 Ἀμφοῖνόμοιοφανὴς
3796 3743 3831 3810 ἡ
3861 3742 3942 3794 xi-

2358 3847 2536 3900 νησις,
2563 3833 2657 3882 καὶ
2697 3830 2818 3882 οὔτε
2851 3831 3225 3901 κυκλοφορικὴ
3264 3831 3467 3902 θατέρα
3504 3833 3761 3901 Θατέρας,
3816 3833 3938 3887 οὔτε

2358 3924 2656 3991 ἑλικοειδὴς
2691 3941 2705 3956 ·
2740 3924 2854 3975 ἀλλ’
2885 3926 2933 3977 εἰ
2960 3926 3055 3976 καὶ
3076 3923 3356 3993 διάφορος,
3384 3924 3527 3976 κατὰ
3544 3924 3717 3985 θέσιν.
3742 3927 3806 3978 οὐ
3838 3944 3939 3979 καο

2356 4016 2423 4067 τά
2458 4015 2661 4085 σχέσιν.
2701 4016 2875 4068 Ἑπτά
2907 4016 3016 4085 γάρ
3052 4032 3216 4085 φησιν
3254 4011 3405 4068 εἶναι
3447 4016 3547 4077 τὰς
3588 4017 3837 4086 κινήσεις
3862 4035 3875 4046 ⁸
3907 4018 3937 4086 ἠ

2354 4108 2449 4161 οὖν
2480 4108 2765 4170 ἀνάϐασις,
2813 4110 2901 4161 ἵνα
2931 4108 3027 4161 καὶ
3064 4109 3407 4179 σχηματίσω,
3459 4108 3617 4161 τοῦτο
3664 4110 3675 4179 |
3716 4150 3729 4162 .
3766 4111 3877 4162 Καὶ
3906 4113 3938 4178 ἡ

2354 4202 2625 4264 διάδασις,
2684 4200 2841 4254 τοῦτο
2884 4231 2937 4240 -
2968 4230 2994 4241 ο
3021 4230 3106 4254 -.
3158 4202 3383 4271 Ἀμφοὶν
3418 4197 3533 4264 οὖν,
3571 4200 3646 4263 ὡς
3694 4202 3936 4271 εῐρηται,

2358 4294 2605 4363 ἰσοφανῆ.
2634 4294 2867 4365 Γραμμὴ
2896 4296 3005 4364 γὰρ
3036 4293 3399 4363 φιλοωφικῶς
3419 4294 3703 4361 τδδεῑγμα.
3729 4293 3834 4344 Ἤν
3847 4289 3939 4345 οὖν

2353 4387 2468 4456 ἔχει
2498 4386 2681 4455 σχέσιν
2694 4386 2752 4437 τὸ
2766 4387 2876 4439 ἀνω
2895 4386 3028 4454 πρὸς
3052 4385 3114 4438 τὸ
3146 4385 3428 4451 κάτω,τὴν
3454 4383 3625 4453 αὐτὴν
3645 4384 3741 4435 καὶ
3770 4383 3833 4435 τὸ
3855 4384 3938 4435 δε-

2356 4480 2467 4545 ξιὸν
2483 4479 2617 4550 πρὸς
2632 4478 2693 4529 τὸ
2714 4478 3018 4548 ἀριστερόν.
3044 4476 3203 4530 Ὥστε
3220 4478 3281 4530 τὸ
3304 4459 3719 4529 ἀναϐαίνεινκαὶ
3743 4474 3806 4527 τὸ
3824 4476 3938 4529 δια-

672 4573 831 4629 ratio.
870 4571 1037 4627 Linea
1081 4573 1227 4626 enim
1277 4573 1663 4642 philosophice
1694 4587 1847 4627 more
1878 4575 2110 4643 exempli
2162 4577 2249 4630 in-

2366 4573 2566 4625 ὗαενειν
2613 4573 2691 4633 εἰς
2718 4570 2915 4622 ταυτὸν
2947 4570 3121 4641 φέρει.
3159 4572 3267 4622 Καὶ
3302 4572 3348 4622 εἰ
3408 4572 3504 4639 μὲν
3538 4570 3935 4638 ἐπιτετευγμέ-

669 4676 783 4719 star
818 4675 924 4721 est.
958 4666 1134 4731 Quam
1173 4666 1339 4735 igitur
1384 4664 1762 4719 habitudinem
1799 4664 1933 4719 dicit
1969 4681 2245 4721 summum

667 4758 730 4811 ad
768 4760 961 4822 imum,
995 4756 1243 4812 eamdem
1273 4766 1325 4811 et
1351 4757 1607 4811 dextrum
1659 4757 1800 4812 latus
1834 4757 1900 4811 ad
1936 4757 2245 4813 sinistrum.

2355 4683 2444 4727 νος
2478 4666 2507 4717 ὀ
2536 4664 2710 4731 λόγος,
2739 4662 2816 4732 τῷ
2866 4661 2986 4733 Θεῷ
3042 4663 3137 4715 καὶ
3164 4656 3331 4732 Λὸγιεῖ
3378 4663 3536 4733 χάρις
3565 4678 3579 4693 ³
3626 4665 3674 4715 εἰ
3735 4662 3781 4715 δ’
3843 4659 3937 4715 οὖν

2357 4759 2421 4831 [Τ.
2452 4756 2562 4827 06],
2596 4756 2827 4820 δίδαξον,
2864 4755 3061 4825 λῷστε.
3091 4756 3183 4808 τὸν
3212 4755 3401 4825 ἀμαθῆ
3432 4756 3552 4825 ἐμέ.

665 4852 1029 4915 Quamobrem
1083 4848 1382 4904 ascendere
1428 4858 1484 4903 et
1548 4850 1782 4903 transire
1842 4850 2036 4905 eodem
2102 4852 2374 4907 recidunt.
2410 4854 2484 4905 Ac
2536 4850 2580 4903 si
2657 4849 2879 4918 quidem
2955 4859 3143 4902 nostra
3206 4865 3430 4917 scopum
3474 4849 3655 4902 oratio
3731 4848 3931 4918 attigit,

667 4950 897 5009 agantur
923 4939 1033 4995 Deo
1065 4955 1127 4995 ac
1160 4938 1338 4995 Verbo
1367 4941 1554 5009 gratia:
1585 4957 1599 4993 :
1634 4942 1717 4995 sin
1747 4941 1949 5007 minus,
1980 4942 2117 4997 doce
2158 4959 2244 4999 me
2292 4944 2631 5014 imperitum,
2664 4942 2747 4994 vir
2778 4942 3004 5009 optime.

1006 5032 1267 5111 LXXXV.
1301 5086 1371 5097 -
1401 5056 1691 5109 Athanasio
1724 5056 1838 5125 ﬁlio
1860 5057 1947 5126 (·).

2618 5030 2741 5110 llE’.
2776 5086 2846 5097 ——
2878 5056 3199 5121 Ἀίιίινασίῳ
3222 5055 3427 5122 τέκνῳ.
3468 5057 3669 5130 ίφμβκ]

1335 5173 1410 5222 De
1430 5170 1735 5221 sanctissima
1755 5172 1953 5223 Domini
1975 5179 2029 5224 et
2049 5174 2141 5226 Dei
2162 5181 2215 5224 et
2240 5174 2506 5225 Salvatoris
2527 5175 2679 5223 nostri
2702 5173 2821 5222 Jesu
2840 5171 3019 5223 Christi
3045 5170 3278 5235 imagine.

734 5278 1062 5345 Quomodo,
1126 5276 1357 5346 inquis,
1414 5276 1569 5331 latria
1632 5292 1740 5331 non
1802 5276 2005 5331 colitur
2067 5278 2246 5348 imago

662 5370 892 5433 Christi,
937 5367 1031 5423 sed
1074 5366 1169 5436 qui
1222 5368 1279 5421 in
1313 5366 1432 5435 ipsa
1476 5365 1740 5420 adoratur
1788 5365 2089 5421 Christus:
2120 5384 2243 5421 cum

664 5478 769 5517 una
823 5463 879 5516 in
926 5460 1199 5515 ambobus
1248 5460 1320 5513 sit
1360 5458 1651 5512 adoratio?
1697 5456 1968 5523 Quoniam
2020 5458 2073 5512 in
2129 5460 2247 5529 ipso

663 5556 883 5624 quidem
910 5552 1133 5607 Christo
1156 5550 1327 5604 latriaa
1350 5560 1435 5605 est
1463 5549 1714 5605 adoratio
1739 5550 1885 5617 (nam
1915 5565 2039 5603 cum
2066 5550 2243 5619 ipsum

664 5649 856 5713 adoro,
892 5646 1057 5703 simul
1088 5644 1259 5699 adoro
1289 5642 1507 5697 Patrem
1548 5658 1612 5697 ac
1646 5643 1910 5711 bpiritum
1940 5654 2191 5697 sanetum
2232 5662 2243 5696 :

733 5760 778 5789 "
806 5757 938 5813 Luc.
970 5775 1027 5820 Χ,
1062 5756 1148 5811 16.
1226 5754 1455 5809 "Joan.
1492 5772 1582 5819 xx,
1626 5754 1713 5825 l7.
1795 5755 1841 5786 ⁸⁸
1865 5731 2186 5819 Deut..xxv,
2224 5756 2276 5809 5.

777 5878 840 5944 Γ)
878 5874 1192 5946 Dogmatica
1221 5874 1443 5928 omnino
1481 5871 1810 5928 necessaria.

2429 5278 2573 5341 Πῶς,
2609 5279 2737 5349 σὴς,
2769 5278 2829 5330 οὐ
2857 5278 3179 5348 λατρεύεται
3210 5279 3242 5348 ἡ
3269 5278 3435 5332 εἰκὼν
3485 5281 3747 5350 Χριστοῦ,
3813 5273 3929 5337 ἀλλ’

2351 5373 2381 5425 ό
2416 5372 2472 5425 ἐν
2499 5372 2635 5441 αὐτῇ
2666 5372 3142 5443 προσκυνούμενος
3171 5372 3401 5440 Χριστός
3422 5389 3437 5403 ·
3472 5375 3601 5442 μιᾶς
3643 5374 3814 5445 οὖσης
3845 5377 3929 5430 ἐπ’

2352 5466 2555 5535 ἀμφοῖν
2620 5466 3046 5537 προσκυνήσεως
3072 5466 3235 5533 ;"U1t
3284 5468 3371 5521 ἐπ’
3398 5467 3565 5521 αὑτοῦ
3597 5468 3661 5535 δὴ
3690 5470 3928 5541 Χριστοῦ

2353 5556 2679 5628 λατρευτικὴ
2710 5560 2744 5627 ἠ
2777 5557 3169 5628 προσκύνησις.
3213 5559 3547 5629 Προσκυνών
3576 5564 3685 5630 γὰρ
3741 5563 3924 5623 αὑτὸν,

2358 5648 2763 5717 συμπροσκυνῶ
2788 5648 2879 5700 τὸν
2907 5648 3125 5719 Πατέρα
3148 5647 3239 5703 καὶ
3259 5648 3319 5704 τὸ
3345 5650 3500 5717 ἀγιον
3515 5651 3741 5723 Πνεῦμα
3768 5655 3924 5723 ὁμοῦ·
