4156 6508
231 451 259 513 1
275 451 387 514 7129

1436 442 1977 504 EPISTULARUM
2014 441 2165 502 LIB.
2238 440 2295 498 ΓΙ
2310 484 2323 498 .

3387 437 3520 508 1330

226 570 383 638 ὀττερ
403 564 549 619 ἐστὶν
563 564 597 634 ἡ
619 561 869 635 τριαδικὴ
891 560 1052 633 ήμῶν
1064 558 1435 629 προσκύνησις
1449 562 1542 613 καὶ
1569 560 1793 630 λατρεία
1814 575 1829 590 ·

1951 566 2105 629 Itque
2136 557 2251 612 haec
2284 561 2469 610 nostra
2503 563 2587 608 est
2617 552 2907 610 Trinitatis
2950 554 3199 612 adoratio
3230 567 3285 611 et
3310 557 3521 629 latria),

227 659 341 712 ἐπὶ
375 658 433 710 δὲ
458 658 557 728 τῆς
583 654 810 718 εἰκόνος,
836 655 871 725 η
908 653 1048 724 αὐτὴ
1090 652 1188 723 μὲν
1231 650 1373 722 (πῶς
1425 651 1535 722 γὰρ
1588 649 1691 714 ob;
1747 645 1824 703 ὧν

228 750 355 822 γὰρ
386 748 444 801 ἓν
479 746 543 800 τὸ
561 746 784 814 κράτος,
820 744 916 798 καὶ
944 746 979 815 ἡ
1025 742 1153 807 δόξα
1188 741 1306 811 μία,
1361 742 1567 796 τούτων
1621 742 1827 813 δηλαδὴ

228 840 303 893 ἓν
348 840 410 893 τὸ
451 836 640 905 σέϐας,
675 837 770 890 καὶ
820 836 920 907 μία
951 837 985 905 ἡ
1020 832 1417 905 προσκύνησις)
1448 872 1464 897 ,
1499 832 1725 904 σχετικὴ
1770 832 1828 885 δὲ

229 935 415 1005 ὅμως,
438 931 607 1003 ἤγουν
633 928 985 1002 όμωνυμικὴ.
1026 926 1353 997 Προσκυνῶν
1400 926 1509 996 γὰρ
1547 924 1827 1019 αὔξιμοι)

236 1022 771 1097 συμπροσεκύνησα,
794 1020 932 1074 ἀλλά
958 1018 1349 1091 προσεκύνησα
1377 1017 1638 1089 Χριστὸν,
1661 1017 1721 1071 οὐ
1751 1017 1831 1071 δι-

233 1117 574 1189 αιρούμενον
627 1115 750 1169 καθ’
800 1113 1119 1178 ὑπόστασιν,
1177 1112 1319 1167 ἀλλὰ
1403 1113 1833 1186 διαφορούμενον

235 1211 391 1265 ara-ci
419 1209 511 1263 τὸν
533 1206 636 1279 τῆς
659 1206 847 1270 οὐσίας
871 1206 1027 1274 λόγον
1053 1222 1066 1235 ·
1093 1206 1232 1276 ὅπερ
1262 1206 1382 1259 ἐστὶ
1420 1205 1647 1275 σχετικὴ
1667 1248 1683 1271 ,
1716 1204 1831 1258 ἀλλ’

234 1305 304 1358 οὐ
351 1301 712 1374 λατρευτική·
762 1298 865 1353 κᾶν
925 1300 959 1371 ἠ
1009 1299 1170 1368 αὐτὴ,
1198 1300 1316 1352 ἐκεῖ
1366 1298 1467 1367 μὲν
1487 1296 1662 1361 οὕτως
1685 1315 1836 1352 νοου-

243 1397 388 1466 μένη
449 1396 543 1447 καὶ
594 1392 887 1463 λεγομένη,
911 1390 1098 1445 καθότι
1121 1389 1582 1461 τριαδικὴ.ἡγουν
1604 1391 1831 1460 φυσικήο

240 1487 489 1543 ἐνταῦθα
512 1486 570 1539 δὲ
595 1486 657 1539 τὸ
681 1485 942 1555 ἔμπαλιν,
974 1482 1166 1536 καθότι
1213 1481 1465 1553 σχετικὴ,
1496 1481 1665 1551 ἧγουν
1698 1482 1834 1534 ὑπο-

246 1582 504 1652 στατική.
522 1578 705 1649 Εῑγὰρ
734 1579 929 1645 εῐποις,
958 1574 1608 1647 λατρευτικὴ,ὲσήμανας
1636 1591 1835 1645 σεσαρ-

242 1675 482 1740 κῶσθαι,
515 1674 590 1738 ὡς
620 1674 715 1727 τὸν
742 1672 893 1738 Υίὸν,
924 1671 1015 1725 τόν
1040 1687 1099 1724 τε
1120 1669 1362 1740 Πατέρα,
1381 1671 1478 1724 καὶ
1504 1670 1566 1723 τδ
1588 1668 1834 1739 Πνεῦμα’

242 1773 388 1841 ὅπερ
418 1769 563 1822 ἐστὶν
603 1767 854 1820 ἔκτοπον.
881 1763 1183 1835 Τοιγαροῦν
1243 1762 1569 1834 προσκυνῶν
1612 1764 1710 1835 τὴν
1759 1765 1838 1817 εἰ·

242 1861 385 1916 κόνα
408 1857 668 1930 Χριστοῦ,
701 1857 764 1910 οὐ
791 1855 891 1927 τὴν
929 1855 1160 1925 θεότητα
1204 1853 1504 1925 ’προσκυνῶ
1526 1892 1542 1917 ,
1574 1851 1651 1916 ὥς
1695 1853 1841 1917 τινές

1935 652 1989 704 in
2017 649 2259 719 imagine
2293 662 2422 702 vero
2443 646 2634 701 eadem
2665 645 2889 716 quidem
2916 656 2999 703 est
3028 662 3044 701 :
3072 650 3351 718 quomodo
3372 652 3521 705 enim

1938 758 2046 797 non
2073 741 2306 797 eadem?
2340 756 2465 795 nam
2493 754 2734 810 quorum
2766 740 3059 810 imperium
3094 749 3147 797 et
3180 741 3355 812 gloria
3386 757 3521 807 una,

1938 835 2135 891 horum
2171 834 2355 903 utique
2387 842 2444 889 et
2479 832 2663 888 cultus
2691 849 2856 898 unus,
2882 842 2937 889 et
2966 849 3076 889 una
3107 834 3357 889 adoratio
3394 843 3477 889 est
3504 852 3519 889 :

1938 936 1998 981 at
2048 927 2279 982 relativa
2337 935 2559 989 tamen,
2614 925 2732 980 sive
2793 926 3203 999 homonymica.
3267 927 3523 982 Adorans

1938 1020 2085 1075 enim
2122 1020 2326 1090 ipsam,
2361 1020 2649 1077 Christum
2669 1036 2777 1077 non
2810 1020 3127 1082 coadoravi,
3173 1020 3267 1075 sed
3297 1019 3524 1075 adoravi

1941 1128 2050 1167 non
2081 1112 2317 1168 divisum
2347 1115 2654 1170 secundum
2683 1114 3051 1185 hypostasim,
3079 1113 3174 1168 sed
3201 1113 3524 1183 discrepan-

1940 1213 2046 1258 tem
2072 1206 2284 1260 ratione
2310 1206 2654 1270 substantias,
2691 1206 2838 1276 quod
2857 1218 2940 1261 est
2970 1205 3222 1260 adoratio
3264 1205 3491 1260 relativa
3509 1248 3524 1269 ,

1941 1295 2036 1350 sed
2065 1311 2174 1351 non
2198 1296 2517 1364 latreutica;
2547 1314 2868 1370 quanquam
2893 1298 3083 1353 eadem
3108 1315 3123 1365 ;
3160 1298 3273 1353 illic
3302 1298 3525 1368 quidem

1938 1387 2023 1442 sic
2069 1388 2345 1444 intellecta
2391 1390 2651 1462 dictaque
2686 1402 2962 1462 quatenus
3001 1390 3258 1446 Triadica
3292 1400 3377 1446 est
3413 1391 3531 1446 sive

1941 1481 2252 1537 naturalis:
2291 1483 2383 1538 hic
2418 1500 2549 1541 vero
2581 1485 2700 1541 vice
2751 1501 2932 1548 versa,
2980 1495 3254 1555 quatenus
3301 1483 3530 1538 relativa

1940 1582 2028 1627 est
2079 1573 2195 1629 sive
2227 1574 2599 1645 liypostatica.
2653 1576 2791 1631 Nam
2839 1578 2884 1631 si
2935 1577 3109 1632 latria:
3147 1575 3530 1630 adorationem

1944 1665 2175 1729 dixeris,
2206 1667 2466 1723 indicasti
2496 1684 2719 1725 carnem
2760 1669 2991 1724 factum.
3027 1670 3175 1725 sicut
3199 1667 3423 1733 Filium,
3456 1668 3534 1725 ita

1947 1771 2006 1814 ct
2038 1760 2253 1817 Patrem
2279 1771 2335 1816 et
2366 1762 2633 1832 Spiritum
2667 1780 2680 1816 :
2709 1761 2855 1833 quod
2885 1772 2970 1817 est
2998 1761 3324 1817 absurdum.
3348 1760 3535 1831 Itaque

1950 1870 2075 1908 cum
2130 1855 2423 1925 imaginem
2487 1854 2693 1911 Christi
2755 1856 2962 1921 adoro,
3016 1870 3125 1909 non
3185 1854 3534 1910 divinitatem

248 1971 389 2025 φασι
409 1968 424 1984 ο
457 1950 616 2005 τοῦτο
652 1949 763 2019 γάρ
791 1948 892 2018 τῆς
926 1946 1162 2017 Τριὰδος
1218 1946 1558 2016 σημαντικόν
1580 1962 1595 1979 ’
1634 1948 1729 2000 καὶ
1783 1948 1843 2000 οὐ

1951 1946 2140 2011 adoro,
2172 1954 2233 2000 ut
2264 1947 2488 2017 quidam
2518 1948 2675 2002 aiunt
2707 1964 2720 2000 :
2751 1963 2874 2001 nam
2912 1948 2966 2002 id
2999 1945 3330 2002 Trinitatem
3360 1947 3534 2017 signi.

248 2046 599 2118 σεσάρκωται
632 2044 666 2115 ἡ
693 2042 864 2112 Τριάς
890 2058 905 2072 ·
938 2040 1145 2107 ἄπαγε.
1192 2038 1357 2094 Ἀλλά
1393 2039 1486 2104 vi;
1517 2038 1681 2094 αὑτὸν
1703 2040 1841 2110 Χρι-

253 2138 383 2193 στὸν
414 2132 703 2207 σχετικῶς.
735 2133 933 2195 Μόνος.
961 2131 1071 2202 γάρ
1102 2129 1267 2193 αὐτὸς
1289 2131 1319 2183 ό
1361 2130 1671 2202 σαρκωθεις
1708 2130 1841 2194 Θεὸς

247 2231 447 2299 Λόγος.
520 2224 850 2296 Προσκυνῶν
898 2224 961 2277 δὲ
1042 2221 1205 2276 αὑτὸν
1255 2219 1517 2293 Χριστόν,
1596 2221 1842 2293 δηλόνοτι

251 2315 757 2401 συμπροσεκύνησα
800 2313 893 2366 τὸν
922 2311 1145 2382 Πατέρα
1169 2309 1311 2382 όμοῦ
1351 2313 1447 2365 καὶ
1483 2310 1545 2364 τὸ
1591 2310 1839 2381 Πνεῦμα.

244 2400 416 2465 ’Ὥστε
462 2409 555 2462 ἐπὶ
576 2407 673 2478 τῆς
699 2404 921 2466 εἰκόνως
944 2401 1195 2475 [σχετικὴ
1220 2400 1639 2475 προσκύνησις],
1661 2403 1727 2456 ἂν
1756 2420 1845 2457 νο-

246 2510 364 2559 οῖτο
398 2502 492 2557 καὶ
518 2500 730 2569 λέγοιτο
751 2515 766 2531 ο
799 2498 886 2551 ἐπ’
916 2494 1079 2549 αὑτοῦ
1105 2494 1164 2549 δὲ
1194 2495 1434 2565 Χριστοῦ
1471 2495 1802 2567 λατρευτική
1828 2513 1842 2526 ·

246 2596 325 2658 ὡς
362 2591 846 2663 συνεπινοουμένου
878 2606 937 2643 τε
965 2588 1062 2643 καὶ
1107 2588 1698 2659 συμπροσκυνουμένου
1747 2587 1843 2641 τοῦ

247 2707 312 2743 τε
371 2688 585 2758 Πατρδς
636 2686 731 2739 καὶ
779 2684 875 2737 τοῦ
900 2682 1238 2752 Πνεῦματος.

254 2784 399 2851 nq'.
434 2809 506 2821 -
548 2775 877 2851 Ἐπιστολὴ
935 2775 1005 2851 ἐκ
1040 2772 1387 2851 έιιροονῴστοιιΔ
1410 2770 1679 2851 adv-7am
1710 2772 1837 2851 τῶν

358 2848 708 2921 ἡγουμένων
743 2841 895 2915 πρὸς
931 2845 1172 2913 Μιχαὴλ
1194 2844 1484 2908 βασιλέα.
1520 2841 1730 2916 [φμη’.]

1944 2038 2072 2092 fioat
2106 2060 2120 2094 :
2156 2055 2263 2094 non
2312 2047 2400 2094 est
2442 2050 2625 2094 autem
2665 2038 2912 2095 Trinitas
2959 2054 3091 2094 caro
3133 2040 3300 2107 facta,
3342 2038 3534 2093 absit!

1940 2129 2083 2198 Quid
2130 2133 2297 2204 ergo?
2346 2131 2527 2203 ipsum
2557 2132 2840 2188 Christum
2889 2133 3136 2188 relative.
3186 2131 3352 2187 Solus
3386 2131 3534 2185 enim

1944 2224 2059 2293 ipse
2087 2238 2217 2279 caro
2246 2222 2428 2280 factus
2454 2235 2539 2280 est
2573 2223 2718 2281 Deus
2745 2223 3010 2281 Verbum.
3041 2223 3181 2279 Cum
3211 2238 3342 2279 vero
3369 2223 3536 2280 Chri-

1944 2326 2089 2370 stum
2128 2316 2307 2386 ipsum
2338 2315 2533 2381 adoro,
2566 2317 2732 2372 simul
2764 2326 2819 2372 et
2843 2316 3062 2372 Patrem
3092 2316 3306 2372 scilicet
3330 2316 3536 2371 coado-

1954 2409 2092 2472 ravi,
2120 2418 2176 2464 et
2207 2408 2496 2479 Spiritum.
2536 2410 2906 2478 Quamobrem
2939 2411 2993 2469 in
3024 2409 3265 2480 imagine
3297 2407 3534 2463 relativa

1953 2503 2197 2559 adoratio
2249 2513 2395 2559 recte
2450 2504 2782 2574 intelligatur
2825 2513 2879 2558 et
2923 2504 3172 2564 dicatur,
3212 2503 3266 2557 in
3316 2501 3540 2557 Christo

1950 2603 2133 2647 autem
2168 2593 2291 2663 ipso
2317 2595 2535 2650 latriae:
2570 2599 2834 2666 quoniam
2874 2606 3008 2650 tunc
3032 2595 3195 2650 simul
3230 2594 3535 2651 subintelli-

1953 2684 2099 2753 gitur
2125 2695 2292 2755 atque
2330 2688 2595 2742 adoratur
2620 2698 2674 2743 et
2705 2686 2866 2743 Pater
2903 2697 2957 2742 et
2990 2686 3249 2757 Spiritus.

2018 2776 2307 2853 LXXXVI.
2338 2779 2662 2853 —Epistola
2697 2779 3023 2851 ex‘persona
3076 2782 3311 2836 omnium
3341 2799 3543 2853 praepo-

2147 2852 2373 2903 sitorum
2409 2853 2478 2904 ad
2512 2851 2828 2906 Hic/iactent
2851 2853 3247 2923 imperatorem.

254 2966 483 3020 \‘inculis
506 2972 561 3015 et
585 2962 771 3014 exsilio
791 2961 993 3014 liberati
1019 2962 1202 3025 gratias
1230 2966 1406 3024 agunt.
1434 2958 1845 3082 0rant(

1951 2958 2257 3086 {aquitlicgsati
2285 2961 2405 3013 Cum
2428 2962 2681 3013 haereticis
2710 2977 2833 3013 vero
2864 2963 3083 3026 colloqui
3123 2960 3326 3012 minime
3358 2962 3539 3017 licere.

2027 3060 2041 3083 ,
2112 3061 2123 3072 .
2215 3060 2228 3072 .

1779 3057 1790 3069 ο
1816 3057 1898 3073 σοι.
1930 3057 2041 3083 ναι,
2074 3057 2123 3072 ιιι
2148 3057 2228 3072 νυ.

338 3135 533 3204 Ἡμεῖς
562 3130 612 3183 οἱ
647 3130 739 3183 ἐπὶ
763 3129 825 3183 τὸ
858 3128 993 3183 αὐτὸ
1021 3126 1442 3201 συνεληλυθότες
1486 3126 1631 3181 κατά
1656 3126 1845 3181 κέλευ-

2018 3127 2130 3185 Nos
2188 3129 2283 3200 qui
2326 3132 2495 3185 vestri
2548 3146 2581 3186 a
2642 3129 2755 3185 Deo
2818 3133 3071 3187 coronati
3117 3131 3334 3202 imperii
3377 3132 3539 3201 jussu

255 3245 343 3280 σιν
375 3224 670 3279 θεοσέπτου
706 3220 863 3292 ὑμῶν
907 3220 1207 3291 βασιλείας,
1234 3220 1508 3290 ἐλάχιστοι
1533 3218 1844 3272 -ὲπίσκοποί

253 3337 317 3373 τε
346 3320 442 3371 καὶ
458 3316 777 3389 ἡγούμενοι,
806 3313 1030 3385 πρώτην
1054 3312 1239 3383 φωνὴν
1258 3313 1463 3382 ταύτην
1489 3310 1845 3382 φθεγγόμεθα

255 3407 354 3463 ἐπὶ
387 3406 483 3460 τοῦ
518 3404 924 3477 θεοπροὸλήτου
953 3404 1107 3474 ὑμῶν
1128 3402 1390 3475 κράτους,
1422 3401 1846 3473 εὐχαριστήριόν

261 3518 325 3555 τε
359 3500 456 3554 καὶ
489 3498 820 3570 αίνετήριονο
863 3496 949 3550 ὅτι
996 3495 1377 3567 ἀνεκλήθημεν
1410 3496 1459 3548 οἱ
1505 3494 1846 3565 ἀπωσμένοι,

262 3594 351 3647 ὅτι
370 3592 683 3662 ηλεήθημεν
708 3591 757 3643 οί
780 3588 1358 3661 τεταλαιπωρημένοι,
1384 3588 1465 3642 ὅτι
1499 3587 1849 3659 ἀνεψύξαμεν

260 3688 314 3739 οἱ
345 3683 724 3746 ἐκλελοιπότες
748 3698 762 3712 ·
793 3682 902 3736 ἀπὸ
939 3681 1210 3753 χειμῶνος
1236 3682 1317 3744 είς
1358 3680 1459 3752 ἔαρ
1483 3720 1499 3745 ,
1542 3680 1651 3734 ἀπὸ
1681 3680 1851 3751 ζάλης

261 3780 345 3840 εἰς
383 3777 628 3846 γαλήνην
648 3815 663 3837 ,
694 3775 804 3829 ἀπὸ
834 3773 1075 3845 ἀθυμίας
1106 3774 1188 3836 εἰς
1237 3772 1528 3844 εὐθυμίαν·
1559 3771 1685 3836 ξένα
1727 3773 1853 3825 τινὰ

264 3870 363 3924 καὶ
422 3866 705 3938 παράδοξα
745 3866 1071 3937 ἑωρακότες.
1129 3864 1367 3935 Τοιαύτη
1422 3865 1533 3937 γὰρ
1582 3866 1617 3937 ἡ
1667 3864 1853 3919 δικαία

266 3961 424 4033 ὑμῶν
444 3959 698 4028 βασιλεία
718 3958 1083 4030 χαρμόσυνος,
1108 3958 1464 4027 εὐφρόσυνος,
1495 3958 1849 4023 πολύευκτος,

264 4055 593 4125 εἰρήναρχος
618 4092 634 4118 ,
671 4052 1004 4123 φιλοδίκαιος
1024 4094 1039 4119 ,
1071 4052 1295 4119 πολλαῖς
1333 4054 1553 4124 ἑτέραις
1583 4072 1855 4127 προσηγο-

267 4147 417 4219 ρίαις
473 4146 813 4217 ἀξιώνυμοςσ
876 4148 1113 4218 μιμήσει
1164 4147 1405 4218 Χριστοῦ
1448 4148 1543 4201 τοῦ
1594 4134 1853 4218 ἀληθινοῦ

265 4238 405 4294 Θεοῦ
434 4238 615 4310 ἡμῶν,
647 4240 718 4292 τὰ
748 4239 1016 4293 διεστῶτα
1037 4240 1405 4305 συνάπτουσα,
1434 4240 1503 4293 τὰ
1524 4240 1856 4311 νενοσηκότα

266 4332 604 4403 ὑγιάζουσα,
636 4332 705 4386 τά
743 4331 967 4403 λυπηρά
1005 4332 1413 4403 χαροποιοῦσα⁵
1448 4331 1730 4403 ἐξαίρετός
1768 4349 1854 4395 τις

266 4423 405 4478 οῦσα
437 4422 706 4494 βασιλεία,
738 4424 833 4477 καὶ
863 4423 973 4476 τῶν
1008 4423 1179 4477 πάλαι
1217 4424 1678 4496 μακαριζομένων
1711 4425 1855 4497 ίσόρ-

269 4517 463 4589 ροποςο
506 4515 577 4586 ἡν
606 4514 1008 4587 ἁποσεμνύνειν
1037 4519 1154 4578 τοῖς
1182 4517 1482 4589 ἐγκωμίοις
1521 4517 1622 4572 οὐκ
1668 4518 1735 4572 ἂν
1765 4518 1853 4570 εὐ-

270 4606 469 4678 μαρῶς
492 4604 718 4675 γλῶσσα
751 4606 1047 4676 ἀνθρώπου
1075 4606 1449 4680 ἐξαρκέσειεν.
1494 4608 1639 4662 Ἀλλ’
1666 4608 1854 4679 ἐπειδὴ

267 4697 444 4752 ταῦτα
485 4698 700 4764 οὕτως,
752 4698 1185 4771 παρακαλοῦμεν
1237 4701 1333 4754 καὶ
1367 4700 1759 4772 ἀντιϐολοῦμεν
1807 4704 1856 4755 οἱ

268 4787 503 4855 ἀνάξιοι,
532 4790 627 4846 καὶ
660 4792 830 4863 αὐτῆς
866 4794 967 4863 τῆς
1000 4795 1152 4865 ἱερᾶς
1181 4794 1337 4865 ὑμῶν
1370 4794 1502 4859 θέας
1536 4796 1854 4867 ἀξιωθῆναι,

269 4882 366 4934 καὶ
393 4884 575 4953 φωνῆς
604 4881 827 4953 ἡδίστης
850 4882 1085 4937 ἀκοῦσαι
1124 4883 1218 4937 τοῦ
1244 4885 1517 4956 παντίμου
1545 4888 1639 4939 καὶ
1667 4888 1855 4940 θεοσό-

274 4990 378 5043 φου
437 4974 709 5043 στόματος
759 4975 932 5045 ὑμῶν’
975 4975 1051 5038 ὡς
1084 4974 1151 5030 ἂν
1205 4975 1352 5049 ἅπερ
1384 4976 1520 5030 ὠσὶν
1560 4976 1855 5048 ἀκούομεν,

271 5064 449 5119 ταῦτα
479 5067 597 5118 κατ’
624 5065 937 5136 ὀφθαλμοὺς
968 5067 1299 5138 θεασάμενοι
1338 5070 1736 5140 σκιρτήσοιμεν
1778 5070 1858 5141 τῷ

273 5160 569 5230 πνεύμων
602 5158 791 5231 ὥσπερ
818 5176 872 5213 τι
909 5160 1113 5231 ἔνδυμα
1137 5161 1395 5214 πενθικὸν
1419 5162 1519 5231 τὴν
1550 5164 1857 5233 κατήφειαν

277 5251 816 5322 μετενδιδυσκόμενοι
840 5253 1180 5322 εὐφροσύνης
1206 5252 1598 5324 ἀγαλλιάματι.
1638 5253 1855 5325 Ἐπειδὴ

271 5345 329 5397 δὲ
356 5347 382 5398 ὁ
410 5343 661 5415 δεύτερος
690 5343 845 5411 λόγος
870 5345 996 5414 περὶ
1020 5345 1117 5413 τῆς
1145 5344 1474 5415 εἰλικρινοῦς
1498 5362 1559 5399 τε
1587 5347 1682 5399 καὶ
1708 5347 1859 5416 ἀμω-

278 5436 449 5504 μήτου
483 5433 640 5504 ἡμῶν
679 5433 787 5485 τῶν
819 5434 1167 5503 Χριστιανων
1205 5435 1323 5488 ἐστι
1361 5436 1631 5500 πίστεως·
1681 5437 1860 5489 έκεῖνο

278 5526 417 5594 μετά
450 5524 627 5587 αἰδοῦς
659 5524 948 5596 τολμῶμεν
982 5525 1294 5593 ἀνενέγκαι,
1328 5525 1405 5591 ὡς
1432 5529 1480 5580 εί
1512 5527 1613 5598 μὲν
1652 5527 1861 5597 ἀνθρώ-

274 5622 431 5672 πινόν
460 5635 513 5671 τι
541 5614 610 5688 ἦν
634 5619 694 5671 τὸ
724 5618 1040 5688 λεγόμενον,
1076 5620 1173 5671 καὶ¹
1199 5618 1232 5690 ἢ
1269 5619 1407 5689 πρὸς
1433 5619 1528 5673 τοῦ
1552 5622 1858 5689 ἀγιωτάτου

274 5712 434 5781 ἡμῶν
483 5712 784 5784 ἀρχιερέως
806 5750 822 5776 ,
855 5713 887 5782 ἢ
920 5712 1050 5783 παρ’
1070 5711 1239 5782 ,ἡμῶν
1288 5712 1398 5766 τῶν
1432 5713 1667 5779 ἀναξίων
1708 5712 1861 5777 ἐξουο

276 5804 620 5875 σιαζόμενον·
644 5805 761 5859 οὺτί
783 5822 885 5858 που
908 5805 972 5857 τὸ
1009 5804 1228 5876 μικρὸν,
1249 5805 1386 5859 ἀλλά
1406 5806 1517 5877 γὰρ
1541 5806 1635 5859 καὶ
1657 5805 1720 5858 τὸ
1750 5807 1859 5858 πᾶν

277 5900 629 5967 παραγωρείν
682 5898 818 5953 ἔδειυ
869 5896 1012 5951 οὕτω
1065 5898 1164 5966 τῆς
1218 5898 1437 5968 ἐντολῆς
1493 5897 1846 5968 κελευούσης.

1948 3217 2003 3271 in
2028 3234 2200 3273 unum
2219 3218 2605 3283 convenimus,
2635 3219 2846 3273 minimi
2884 3219 3127 3289 episcopi
3159 3229 3214 3274 et
3238 3222 3539 3291 praepositi,

1947 3310 2181 3379 primam
2216 3309 2360 3366 hanc
2415 3325 2602 3366 vocem
2659 3311 2762 3367 sub
2795 3312 3060 3368 divinitus
3094 3314 3397 3369 constituto
3451 3329 3542 3368 re-

1950 3416 2058 3474 gno
2102 3411 2284 3458 vestro
2318 3403 2555 3470 edimus,
2594 3404 2828 3460 actionis
2857 3407 3158 3475 gratiarum
3209 3416 3263 3460 et
3302 3407 3483 3463 laudis
3525 3427 3536 3460 :

1950 3497 2098 3568 quod
2133 3497 2370 3553 revocati
2416 3497 2614 3561 simus,
2647 3498 2742 3569 qui
2799 3497 3083 3556 fueramus
3144 3500 3299 3569 ejecti
3338 3519 3352 3568 ;
3395 3502 3539 3571 quod

1953 3589 2383 3645 misericordiam
2401 3591 2634 3661 experti,
2666 3592 2761 3661 qui
2797 3592 3061 3647 aerumnis
3117 3594 3293 3661 pressi
3324 3610 3340 3659 ;
3396 3594 3542 3663 quod

1955 3680 2246 3738 refocillati
2292 3682 2583 3745 fuerimus,
2635 3684 2728 3753 qui
2786 3684 3230 3750 deficiebamus;
3274 3686 3343 3740 ab
3369 3686 3548 3741 hieme

1954 3775 2021 3829 ad
2053 3790 2166 3841 vcr,
2196 3785 2563 3846 atempestate
2595 3776 2662 3831 ad
2708 3778 3186 3848 tranquillitatem,
3235 3792 3267 3833 a
3311 3794 3548 3833 maerore

1955 3868 2023 3922 ad
2050 3868 2316 3932 laetitiam,
2350 3884 2486 3923 nova
2525 3869 2776 3939 quaedam
2827 3881 2881 3924 et
2936 3870 3276 3925 incredibilia
3316 3886 3546 3926 cernen-

1956 3968 2057 4015 tes.
2090 3958 2221 4015 Tale
2248 3960 2397 4015 cnim
2435 3970 2520 4016 est
2563 3960 2774 4031 justum
2810 3961 3105 4031 imperium
3139 3975 3407 4029 vestrum;
3448 3963 3546 4018 la:—

1957 4061 2097 4121 tum,
2143 4054 2477 4125 jucundum,
2542 4054 2703 4109 valde
2760 4054 3024 4125 optabile,
3060 4066 3340 4125 pacatum,
3402 4057 3547 4127 aequi

1957 4162 2171 4213 amans,
2205 4148 2392 4203 multis
2444 4146 2568 4202 aliis
2601 4147 3060 4217 appellationibus
3086 4148 3313 4219 dignum
3345 4166 3357 4202 :
3400 4150 3549 4219 quod

1959 4240 2028 4295 ad
2064 4239 2269 4295 Christi
2307 4240 2419 4295 veri
2479 4238 2574 4294 Dei
2623 4239 2795 4294 nostri
2830 4242 3168 4311 exemplum,
3226 4241 3549 4298 dissidentia

1957 4340 2197 4401 coaptat,
2231 4347 2372 4402 aegra
2414 4341 2611 4398 sanat,
2665 4331 2842 4387 tristia
2908 4334 3206 4391 exbilarat.
3267 4333 3547 4391 Eximium

1959 4423 2232 4495 quoddam
2268 4438 2455 4479 revera
2507 4424 2821 4494 imperium,
2870 4434 2925 4481 et
2962 4426 3028 4482 iis
3054 4442 3175 4496 qua:
3198 4428 3549 4495 beataquon-

1958 4516 2082 4571 dam
2107 4515 2398 4586 praedicata
2423 4516 2666 4580 fuerunt,
2708 4532 2845 4584 par:
2899 4518 3047 4587 quod
3083 4518 3340 4574 laudibus
3383 4534 3548 4575 exor-

1961 4622 2093 4662 nare
2128 4607 2369 4663 hominis
2408 4609 2590 4679 lingua
2621 4610 2765 4665 haud
2802 4608 2962 4665 facile
2990 4611 3183 4679 possit.
3237 4610 3342 4665 Sed
3373 4626 3551 4679 quan-

1959 4696 2250 4767 doquidem
2286 4697 2402 4752 haec
2431 4698 2505 4751 ita
2532 4712 2591 4752 se
2623 4698 2843 4763 habent,
2876 4714 3099 4752 oramus
3118 4707 3172 4752 et
3202 4697 3548 4753 obteSIamur

1963 4787 2196 4858 indigni,
2232 4797 2293 4843 ut
2336 4804 2497 4844 sacro
2526 4790 2646 4859 ipso
2672 4798 2972 4859 conspectu
3002 4798 3188 4845 vestro
3248 4789 3355 4844 frui
3386 4790 3547 4845 nobis

1963 4880 2145 4947 liccat,
2179 4890 2235 4937 et
2264 4882 2651 4937 suavissimam
2711 4898 2903 4937 vocem
2933 4883 3127 4937 audire
3167 4884 3463 4937 venerandi
3483 4897 3547 4937 ac

1961 4978 2357 5051 sapientissimi
2398 4984 2512 5036 oris
2545 4980 2711 5035 vestri
2740 4994 2757 5035 :
2784 4989 2844 5034 ut
2872 4996 2994 5051 quae
3054 4979 3284 5035 auribus
3329 4981 3546 5051 accepi-

1959 5086 2105 5133 mus,
2128 5071 2304 5125 oculis
2331 5071 2607 5125 intuentes
2640 5070 2828 5124 animo
2876 5069 3238 5136 eXsultemus,
3278 5070 3437 5140 Quasi
3460 5072 3545 5125 lu-

1960 5166 2185 5235 gubrem
2218 5164 2511 5235 quamdam
2553 5175 2755 5219 vestem
2779 5179 3065 5219 monorem
3108 5172 3357 5218 nostrum
3404 5163 3547 5218 hila-

1960 5260 2121 5312 ritate
2151 5268 2543 5328 permutanles.
2575 5256 2640 5311 Et
2669 5258 2930 5327 quoniam
2984 5258 3216 5310 alterum
3248 5255 3407 5310 nobis
3461 5256 3545 5309 lo-

1960 5348 2162 5416 quendi
2192 5357 2574 5418 argumentum
2615 5346 2685 5401 de
2743 5346 2957 5400 sincera
2995 5353 3050 5398 et
3078 5344 3338 5398 inviolata
3380 5344 3544 5399 Chri-

1960 5439 2266 5493 stianorum
2292 5439 2397 5492 fide
2430 5448 2613 5493 nostra
2642 5446 2758 5501 est;
2792 5437 2922 5490 illud
2953 5452 3078 5491 cum
3118 5436 3424 5494 reverentia
3457 5452 3546 5491 re-

1961 5530 2103 5583 ferre
2129 5532 2412 5593 audemus,
2456 5531 2620 5599 quod,
2650 5532 2697 5583 si
2742 5530 3043 5583 humanum
3098 5529 3376 5598 quidpiam
3402 5540 3547 5584 esset

1960 5623 2029 5679 de
2060 5639 2170 5694 quo
2197 5639 2379 5678 sermo
2423 5634 2525 5685 est,
2554 5633 2608 5679 et
2648 5624 2731 5677 vel
2760 5623 2811 5677 in
2842 5622 3177 5678 sanctissimi
3221 5622 3545 5693 patriarchae

1962 5716 2135 5772 nostri
2173 5725 2441 5786 potestate
2464 5716 2654 5781 situm,
2712 5716 2795 5770 vel
2822 5715 2877 5769 in
2943 5725 3164 5780 nostra;
3214 5731 3324 5770 non
3364 5716 3541 5770 solum

1961 5822 2153 5875 parum
2188 5806 2414 5878 aliquid,
2464 5808 2558 5862 scd
2591 5817 2760 5863 totum
2804 5808 2983 5877 ipsum
3012 5807 3204 5863 cedere
3229 5818 3499 5878 oporteret
3527 5850 3541 5874 ,

1959 5900 2031 5955 ita
2081 5901 2305 5970 jubentc
2352 5902 2627 5957 mandato.
2690 5900 2825 5957 Cum
2869 5911 3048 5957 autem
3082 5901 3147 5956 dc
3190 5902 3314 5960 Deo
3360 5918 3540 5956 sermo
