4156 6468
662 381 796 447 133i

1859 383 1921 443 S.
1963 383 2356 445 THEODORI
2398 384 2746 445 STUDITAS

3800 383 3941 445 1332

660 498 753 558 sit,
782 491 910 547 etin
944 490 1114 547 Deum
1146 491 1236 548 cui
1272 493 1520 547 serviunt
1542 492 1726 547 omnia
1761 512 1775 546 :
1812 509 1920 548 non
1970 494 2131 548 modo
2162 494 2251 549 hic

2366 497 2521 550 Ἐπεὶ
2550 497 2607 550 δὲ
2636 497 2765 568 περὶ
2804 495 2943 549 Θεοῦ
2973 496 3069 550 καὶ
3099 499 3175 559 εἰς
3214 496 3349 549 Θεὸν
3376 499 3405 549 ό
3442 494 3636 563 Λόγος,
3665 488 3729 549 οῦ
3773 494 3941 548 δοῦλα

658 592 753 637 aut
782 582 891 647 ille,
942 582 1038 636 sed
1092 597 1269 652 neque
1287 584 1332 637 si
1372 581 1571 637 Petrus
1598 592 1652 637 et
1685 581 1925 645 Paulus,
1978 598 2155 652 neque
2202 583 2250 639 si

657 675 975 743 angelorum
1029 674 1303 745 quispiam
1386 674 1549 740 foret,
1605 675 1894 730 demutare
1961 676 2249 745 quidpiam

656 769 741 821 vel
770 767 1062 821 minimum
1096 769 1343 828 auderet.
1374 777 1636 839 tanquam
1668 784 1863 823 everso
1918 785 1983 823 ea
2039 771 2253 824 ratione

656 859 953 930 Erangelio
978 860 1256 915 universo.
1286 859 1405 915 Jam
1436 876 1568 915 vero
1588 877 1921 927 sermonem,
1969 862 2251 918 refellendi

656 969 842 1018 rausa,
876 969 1001 1007 cum
1036 952 1383 1009 heterodoxis
1404 954 1657 1009 conferre
1683 955 1987 1023 apostolico
2024 954 2252 1009 manda-

658 1058 713 1098 to
749 1055 1017 1116 repugnat
1047 1046 1091 1079 ⁸⁷
1135 1065 1149 1100 :
1195 1048 1535 1116 minimeque
1590 1048 1849 1102 convenit
1894 1048 2000 1102 nisi
2033 1048 2100 1101 ad
2129 1064 2252 1102 cor-

657 1140 959 1207 reptioncm
991 1141 1391 1197 tantummodo.
1461 1139 1755 1211 Propterea
1786 1141 1993 1211 indigni
2048 1156 2147 1197 nos
2175 1141 2251 1212 pii

658 1230 871 1299 imperii
902 1232 1070 1285 vestri
1115 1231 1306 1286 famuli
1356 1248 1426 1287 ne
1462 1232 1676 1288 hiscere
1712 1234 1933 1303 quidem
1964 1234 2251 1288 audemus.

658 1320 813 1387 Quod
839 1324 886 1376 si
911 1326 1041 1392 quid
1064 1334 1149 1379 est
1171 1324 1441 1394 ejusmodi
1473 1324 1542 1380 de
1567 1341 1679 1395 quo
1704 1326 1946 1395 ambigat
1988 1335 2083 1381 aut
2114 1326 2253 1380 diﬂi-

657 1418 752 1467 dat
788 1414 975 1468 divina
1028 1415 1436 1485 magniﬁcentia
1466 1426 1647 1471 vestra
1710 1417 1799 1487 pie
1852 1433 1883 1471 a
1941 1418 2250 1487 patriarcha

654 1508 880 1562 dissolvi
911 1524 1113 1578 posse;
1165 1510 1357 1579 jubeat
1392 1525 1590 1581 magna
1621 1512 1795 1581 ipsius
1823 1522 1877 1566 et
1907 1527 1936 1566 a
1969 1512 2079 1567 Deo
2116 1526 2251 1567 con-

658 1601 874 1653 lirmata
942 1616 1165 1662 manus.
1230 1602 1379 1657 velut
1434 1602 1751 1657 divinorum
1818 1604 2129 1658 amulatrix
2183 1604 2251 1658 ad

657 1706 1006 1747 communem
1034 1693 1341 1757 utilitatem,
1370 1710 1401 1749 a
1424 1704 1607 1751 vetere
1637 1694 1809 1750 lioma
1838 1697 2043 1766 suscipi
2070 1697 2254 1751 decla-

660 1783 953 1849 rationem,
982 1795 1144 1853 prout
1170 1786 1300 1839 olim
1332 1796 1388 1841 et
1412 1788 1481 1841 ab
1516 1788 1671 1843 initio
1701 1799 1925 1858 paterna
1958 1789 2251 1845 traditione

2351 591 2419 645 τὰ
2445 590 2771 661 σύμπαντα·
2802 590 2899 660 ούχ
2931 593 2959 643 ό
2992 590 3136 643 τίσδε
3180 590 3215 661 ἢ
3249 589 3426 641 τίσδε·
3460 589 3578 642 ἀλλ’
3603 588 3715 643 οὐδ’
3738 590 3793 641 εί
3826 590 3939 643 Πέ-

2352 701 2481 756 τρος
2510 686 2606 736 καὶ
2641 682 2873 746 Παῦλος,
2898 682 3007 735 οὐδ’
3030 683 3097 737 ἀν
3124 700 3208 744 τις
3235 681 3341 734 τῶν
3366 681 3616 749 ἀγγέλων
3667 679 3780 749 εἴη,
3811 681 3935 733 τολ-

2383 779 2581 846 μήσιεν
2607 774 2673 829 ἂν
2706 774 2810 829 κᾶν
2844 774 2905 827 τὸ
2934 774 3276 845 βραχύτατον
3318 774 3716 844 παρακινῆσαι·
3745 775 3822 836 ὡς
3848 773 3941 826 διὰ

2352 870 2543 923 τούτου
2572 868 2669 922 τοῦ
2694 870 2896 933 παντὸς
2917 869 3261 937 Εὐαγγελίσυ
3291 869 3763 939 ἀνατρεπομένου.
3792 870 3940 939 Πρός

2352 982 2411 1018 τε
2446 964 2507 1018 τὸ
2539 965 2769 1032 συνᾶραι
2789 964 2949 1031 λόγον
2969 963 3354 1035 ἀντιρῤητικὸν
3390 962 3531 1033 μετά
3552 962 3661 1015 τῶν
3686 963 3941 1035 ἑτεροδό-

2356 1056 2462 1120 ξων
2494 1056 2930 1127 ἐναντιούμενον,
2973 1058 3040 1127 τῇ
3069 1057 3401 1126 ἀποστολικῇ
3450 1056 3809 1127 παραγγελία
3874 1057 3938 1107 ού

2354 1146 2620 1218 καθῆκον·
2656 1149 2707 1199 εἰ
2752 1147 2828 1217 μή
2878 1164 2933 1199 τι
2964 1147 3101 1216 πρὸς
3148 1144 3432 1199 νουθεσίαν
3478 1145 3661 1215 μόνον.
3702 1146 3818 1197 Καὶ
3850 1145 3941 1197 διὰ

2351 1236 2515 1291 τοῦτο
2545 1238 2595 1290 oi
2629 1237 2840 1303 ἀνάξιοι
2867 1235 3043 1290 δοῦλοι
3067 1236 3161 1290 τοῦ
3195 1236 3450 1299 εὐσεϐοῦς
3488 1236 3645 1305 ὑμῶν
3672 1238 3941 1306 κράτους,

2353 1332 2450 1383 καὶ
2481 1329 2678 1401 γρύξαι
2707 1332 2870 1400 μόνον
2899 1331 2962 1383 ού
2997 1328 3452 1398 κατατολμῶμεν.
3484 1329 3547 1382 Εἰ
3582 1328 3639 1381 δέ
3666 1346 3718 1381 τι
3759 1328 3939 1397 ἀμερι-

2354 1422 2685 1493 ϐαλλόμενον
2723 1424 2756 1493 ἢ
2790 1422 3191 1492 ἀπιστούμενον
3219 1424 3283 1491 τῇ
3326 1420 3448 1493 θείᾳ
3491 1420 3650 1491 ὑμῶν
3694 1420 3939 1489 μεγαλο-

2352 1516 2473 1587 νοίᾳ
2527 1514 2841 1568 διαλύεσθαι
2900 1515 3005 1567 ὑπὸ
3061 1513 3156 1567 τοῦ
3215 1513 3515 1585 ἀρχιερέως
3573 1511 3839 1575 εὐσεϐῶς
3902 1514 3936 1581 ἡ

2356 1608 2568 1678 μεγάλη
2619 1605 2714 1660 καὶ
2759 1607 3147 1676 θεοστήρικτος
3189 1606 3362 1675 αὐτῆς
3400 1606 3545 1675 χεὶρ,
3579 1604 3655 1668 ὡς
3703 1604 3939 1675 ζηλοτυ-

2354 1700 2534 1755 ποῦσα
2561 1698 2630 1753 τὰ
2669 1699 2788 1752 θεῖα
2834 1699 2923 1751 ἐπ’
2956 1698 3197 1769 ὼιρελείςι⁵
3230 1697 3324 1750 τοῦ
3357 1698 3586 1760 παντὸς,
3618 1697 3941 1750 κελευσάτω

2355 1792 2508 1861 παρὰ
2533 1793 2630 1861 τῆς
2662 1790 3043 1863 πρεσϐυτέρας
3091 1790 3311 1860 Ῥώμης
3331 1789 3587 1854 δέξασθαι
3608 1788 3709 1858 τὴν
3746 1788 3941 1842 δια.σὰ-

660 1879 1027 1936 transmissus
1065 1896 1189 1937 mos
1224 1882 1350 1937 fuit.
1407 1882 1533 1938 Haec
1589 1885 1757 1948 enim,
1795 1885 2000 1939 Christi
2061 1886 2254 1941 aemule

2360 1900 2549 1954 φησιν,
2583 1884 2659 1946 ὡς
2690 1883 2899 1937 ἄνωθέν
2922 1900 2983 1936 τε
3012 1884 3103 1935 καὶ
3142 1882 3204 1944 ἐξ
3226 1881 3403 1951 ἀρχῆς
3434 1880 3942 1951 πατροπαραδότως

656 1972 977 2041 imperator,
1011 1989 1267 2043 suprema
1302 1987 1386 2029 est
1416 1978 1789 2032 Ecclesiarum
1851 1979 1967 2041 Dei,
2030 1978 2085 2032 in
2144 1994 2251 2047 qua

656 2060 855 2116 Petrus
890 2065 1073 2119 sedem
1103 2068 1312 2133 primus
1332 2070 1530 2131 tonuit,
1557 2071 1622 2123 ad
1667 2085 1829 2139 quem
1860 2070 2126 2125 Dominus
2167 2070 2253 2124 di-

658 2152 736 2205 sit
764 2166 784 2205 :
810 2152 882 2206 Tu
913 2170 966 2207 es
996 2155 1182 2209 l’elrus
1204 2166 1254 2209 et
1274 2172 1430 2225 super
1459 2158 1594 2211 lianc
1622 2170 1829 2225 petram
1853 2159 2131 2227 mdiﬁcabo
2154 2158 2254 2211 Ec-

656 2243 875 2299 clesium
901 2262 1093 2311 meam,
1112 2257 1160 2301 et
1185 2260 1353 2316 porta:
1379 2250 1538 2319 inferi
1553 2266 1656 2303 non
1677 2250 2033 2320 praevalebunt
2062 2258 2251 2303 adver-

656 2352 749 2390 sus
804 2354 926 2390 eant
961 2338 1027 2392 ⁸⁸.
1077 2338 1205 2395 Haec
1226 2352 1309 2395 est
1343 2342 1693 2413 indignorum
1740 2342 2073 2397 famulorum
2129 2353 2253 2397 tuo-

658 2442 782 2482 rum
844 2428 1197 2497 postulatio:
1242 2433 1360 2486 hmo
1422 2444 1613 2488 nostra
1674 2435 1899 2490 humilis
1951 2434 2252 2489 secundum

660 2518 832 2572 Deum
856 2519 1192 2575 exhortatio.
1228 2519 1421 2575 Valida
1452 2539 1557 2591 ego
1593 2524 1686 2580 Dei
1736 2540 1933 2579 manus
1972 2536 2153 2579 servet
2202 2536 2255 2577 te

659 2610 867 2664 mundo
898 2610 1340 2679 desiderabilem,
1374 2615 1637 2685 piumque
1671 2614 2117 2671 Christianorum
2145 2616 2253 2670 im-

660 2709 992 2771 peratorem,
1055 2704 1122 2758 ad
1181 2705 1384 2759 multos
1443 2721 1618 2765 annos
1654 2710 2027 2779 superstitem,
2084 2719 2138 2764 et
2184 2708 2252 2763 ad

662 2806 904 2861 filiorum
956 2804 1100 2860 ﬁlios
1133 2802 1425 2874 imperium
1464 2804 1926 2857 transmittentem
1962 2817 2086 2856 cum
2124 2816 2252 2872 pro-

660 2897 841 2966 speris
870 2897 1251 2959 successibus,
1286 2895 1641 2965 hostiumque
1683 2903 1740 2949 et
1771 2894 2121 2948 inimicorum
2173 2894 2253 2947 vi-

663 2989 877 3043 ctoriis.
902 2988 1047 3054 Fiat,
1074 2989 1198 3042 fiat!

733 3099 1127 3155 LXXXVII.—
1164 3100 1441 3224 Epist-lapis
1477 3109 1693 3223 pzopter
1760 3097 2042 3152 Dominum
2098 3116 2254 3151 exsu-

1345 3190 1361 3223 ι
1402 3188 1499 3224 usi
1557 3182 1588 3224 l.

1345 3182 1459 3224 was
1488 3182 1588 3239 (ι).

2356 1975 2602 2044 ὶξεδόθη.
2642 1974 2791 2045 Αὕτη
2829 1973 2959 2043 γὰρ,
2992 1974 3397 2044 χριστομίμητε
3429 1970 3678 2042 βασιλεῦ,
3712 1973 3748 2041 η
3774 1988 3942 2043 κορυο

2356 2066 2622 2135 φαιοτάτη
2649 2064 2756 2118 τῶν
2785 2065 3124 2135 Ἑκκλησιῶν
3142 2063 3236 2117 τοῦ
3260 2064 3418 2129 Θεοῦ,
3450 2058 3517 2136 ἧς
3546 2065 3757 2134 Πέτρος
3787 2081 3941 2135 πρωρ

2353 2160 2626 2233 τόθρονος,
2652 2160 2789 2231 πρὸς
2814 2160 2875 2213 ὃν
2905 2162 2933 2214 ό
2958 2160 3166 2229 Κύριός
3187 2175 3340 2230 φησί’
3375 2160 3458 2214 Σὺ
3488 2156 3545 2213 εἷ
3568 2160 3816 2228 Πέτρος,
3840 2159 3941 2212 καὶ

2352 2252 2450 2305 ἐπὶ
2480 2253 2669 2319 ταύτῃ
2692 2251 2768 2320 τῇ
2794 2252 2979 2322 πέτρᾳ
3000 2252 3376 2322 οικοδομὴσω
3397 2270 3511 2314 μου
3535 2251 3652 2319 τὴν
3683 2252 3942 2316 Ἐκκλη-

2353 2344 2526 2396 σίαν·
2560 2343 2659 2396 καί
2687 2343 2875 2397 πύλαι
2903 2342 3053 2410 ᾅδου
3097 2345 3169 2397 οὐ
3203 2343 3699 2410 κατισχύσουσιν
3720 2340 3936 2408 αὐτῆς.

2354 2434 2527 2488 Τοῦτο
2571 2434 2730 2505 ἡμῶν
2763 2436 2823 2487 τὸ
2861 2433 3072 2502 αἴτημα
3120 2434 3231 2487 τῶν
3270 2436 3508 2499 ἀναξίων
3548 2434 3754 2488 δούλων
3798 2451 3896 2487 σου
3920 2451 3936 2464 ο

2356 2527 2493 2599 αὕτη
2528 2527 2626 2580 σὺν
2657 2525 2778 2597 Θεῷ
2805 2529 2838 2598 ἡ
2889 2526 3239 2597 παράκλησις
3271 2526 3383 2580 τῶν
3422 2526 3936 2595 τεταπεινωμένων.

2368 2620 2432 2673 Ἡ
2459 2620 2695 2690 κραταιά
2724 2615 2817 2673 οὖν
2842 2618 2965 2689 χεὶρ
2993 2617 3087 2672 τοῦ
3118 2616 3257 2671 Θεοῦ
3287 2616 3451 2681 σώζοι
3483 2635 3565 2678 σε,
3604 2617 3701 2671 τὸν
3735 2634 3941 2687 κοσμο-

2356 2712 2592 2782 πόθητον
2628 2713 2722 2766 καὶ
2752 2711 2981 2781 θεοφιλῆ
3021 2710 3135 2775 τὸν,
3173 2709 3400 2783 βασιλέα
3420 2710 3530 2763 τῶν
3568 2709 3935 2780 Χριστιανῶν,

2355 2806 2416 2857 ιν
2476 2804 2691 2867 πολλοῖς
2726 2806 2943 2874 χρόνοις
2983 2802 3425 2873 διατεινόμενον.
3476 2803 3571 2854 καὶ
3613 2802 3696 2864 είς
3736 2802 3937 2863 παῖδας

2354 2896 2563 2949 παίδων
2593 2897 2655 2948 τὸ
2687 2898 2889 2966 κράτος
2927 2894 3229 2966 ἀμείϐοντα
3278 2896 3338 2948 ὲν
3383 2894 3709 2965 εὐημερίαις
3750 2911 3810 2947 τε
3842 2895 3940 2946 καὶ

2354 2987 2534 3050 νίκαις
2564 2986 2778 3057 ὲχθρῶν
2804 3004 2864 3039 τε
2898 2988 2991 3040 καὶ
3012 2985 3311 3057 πολεμίων.
3348 2987 3586 3048 Γένοιτο,
3616 2986 3863 3056 γένοιτοί

2356 3096 2430 3164 (⁸)
2464 3093 2658 3149 ΠΖ’.-
2688 3094 3073 3160 Ἐπισκόποις
3114 3095 3213 3241 δῑὰ
3227 3098 3459 3241 ἐίύἵιον
3486 3097 3940 3169 augurum-1mg-

2972 3185 3123 3234 νοις.
3186 3185 3222 3237 φ
3259 3176 3328 3238 η’.

2972 3185 3123 3234 νοις.
3162 3176 3328 3238 wary.

1309 3286 1545 3337 Adoratio
1567 3287 1748 3337 Christi
1774 3287 1999 3349 imaginis
2020 3286 2269 3349 quomodo
2292 3285 2641 3349 intelligenda.
2667 3284 2867 3348 (Baron.
2894 3299 2971 3335 an.
2999 3286 3111 3344 8l6,
3139 3299 3187 3335 ο.
3216 3284 3317 3348 Π.)

731 3393 872 3448 Cum
910 3392 978 3448 de
1002 3390 1355 3446 beatitudinis
1385 3403 1577 3447 vestra:
1599 3394 1764 3448 rebus
1792 3409 1966 3463 nuper
1998 3408 2097 3464 ego
2153 3392 2258 3448 hu-
2283 3398 2329 3457 (ζ

662 3485 813 3539 milis
866 3482 1220 3545 audivissent,
1278 3482 1466 3539 Patres
1522 3484 1999 3548 desideratissimi,
2037 3482 2257 3552 gavisus

662 3594 787 3633 sum
814 3592 1166 3647 magnopere,
1203 3586 1256 3632 et
1302 3579 1567 3646 optimum
1622 3576 1791 3631 Deum
1831 3586 2078 3631 nostrum
2140 3575 2256 3631 col-

663 3669 922 3725 laudavi:
971 3668 1119 3739 quod
1152 3684 1260 3723 non
1312 3669 1476 3722 etiam
1521 3670 1706 3724 videre
1764 3685 1883 3734 vos,
1941 3684 2039 3723 nec
2069 3670 2257 3739 gratia:

665 3760 826 3818 donis
850 3778 973 3833 quae
1002 3763 1052 3815 in
1086 3763 1241 3817 vobis
1272 3772 1407 3816 sunt
1429 3762 1533 3817 frui
1563 3762 1739 3827 licuit,
1768 3763 2092 3830 permoleste
2132 3763 2252 3818 tuli.

666 3853 901 3910 Visurus
929 3854 1201 3923 siquidem
1229 3870 1378 3907 eram
1414 3853 1667 3909 homines
1697 3853 1813 3917 Dei,
1842 3854 2127 3924 episcopos
2150 3855 2257 3908 Do-

664 3946 824 4011 mini,
857 3946 1049 4000 beatos
1079 3946 1248 4007 viros,
1280 3947 1465 4000 mundi
1490 3946 1718 4012 lumina,
1745 3947 1867 4001 ﬁdei
1893 3949 2252 4011 ﬁrmamenta,

664 4046 722 4093 et
744 4038 790 4093 si
832 4038 962 4108 quid
1013 4038 1158 4093 aliud
1213 4039 1429 4093 honesti
1476 4051 1582 4106 est,
1631 4054 1745 4093 rem
1796 4041 1914 4108 ejus
1938 4054 2002 4092 ac
2057 4055 2253 4093 nomen

664 4129 997 4185 obtinentes.
1042 4128 1087 4185 Ο
1112 4130 1421 4199 jacturam!
1456 4146 1491 4186 ο
1534 4132 1897 4186 calamitatem
1932 4133 1944 4185 !
1980 4130 2084 4185 Sed
2118 4132 2258 4185 mul-

665 4232 719 4277 ta
770 4221 1033 4277 nimirum
1118 4232 1342 4291 peccata
1397 4232 1587 4279 nostra
1662 4225 1829 4295 hujus
1879 4240 2042 4279 casus
2098 4226 2256 4279 nobis

664 4329 831 4368 causa
860 4314 1105 4369 fuerunt.
1135 4313 1244 4369 Nec
1272 4314 1387 4385 jam
1438 4316 1709 4371 miramur
1736 4316 2129 4382 infortunium,
2161 4317 2256 4371 sed

667 4405 957 4464 otl‘erimus
1005 4407 1487 4477 supplicationem.
1520 4408 1660 4475 Quid
1694 4410 1837 4465 istud
1891 4419 2070 4464 antem
2110 4410 2133 4462 ?
2186 4407 2256 4463 Ut

663 4499 811 4570 quod
844 4498 1041 4565 defuit,
1063 4499 1262 4556 litteris
1314 4502 1703 4571 compensetis,
1740 4501 2097 4567 instruentes,
2130 4500 2254 4554 illu-

668 4592 963 4657 minantes,
1021 4591 1435 4659 conﬁrmantes,
1491 4594 1849 4650 ostendentes
1907 4609 2255 4665 quaecunque

664 4694 793 4733 vera
825 4689 975 4747 sunt,
1012 4696 1136 4749 quae
1193 4679 1446 4748 honesta,
1502 4698 1626 4752 qua:
1654 4683 1825 4753 jnsta,
1858 4700 1980 4754 quae
2029 4686 2095 4738 ad
2128 4684 2251 4739 lidei

2436 3394 2595 3465 Ἀρτι
2628 3392 2976 3455 ἀκουτισθεὶς
3004 3395 3033 3446 ό
3062 3394 3319 3457 ταπεινὸς
3338 3395 3421 3461 {si
3450 3396 3579 3465 περὶ
3614 3394 3719 3466 τῆς
3754 3412 3938 3466 μακε-

2362 3485 2609 3555 ριότητος
2644 3484 2820 3554 ὑμῶν,
2856 3480 2902 3537 ὦ
2933 3484 3250 3555 τριπόθητοι
3285 3487 3545 3557 Πατέρες,
3581 3486 3707 3541 λίαν
3740 3489 3938 3559 ἥσθην,

2358 3579 2452 3630 καί
2482 3576 2711 3641 ἐδόξασα
2738 3576 2832 3629 τὸν
2858 3576 3061 3644 ἀγαθὸν
3092 3579 3124 3647 ἡ
3135 3577 3251 3648 μῶν
3284 3578 3436 3634 Θεόν.
3478 3580 3601 3632 Ὅτι
3630 3579 3756 3634 οὐδὲ
3778 3581 3938 3650 ἠξιώ-

2358 3666 2459 3739 θην
2489 3669 2621 3721 ἰδεῖν
2648 3669 2815 3738 ὑμᾶς,
2841 3670 2933 3722 καὶ
2954 3668 3263 3723 ἀπολαῦσαι
3290 3670 3400 3722 τῶν
3428 3671 3485 3722 ἐν
3513 3671 3641 3739 ύμῖν
3662 3674 3938 3743 χαρισμάο

2356 3776 2489 3824 των,
2526 3760 2622 3814 καὶ
2654 3761 2795 3815 πάνυ
2830 3760 3079 3830 ἠνιάθην.
3122 3759 3390 3831 Ἐμελλον
3422 3762 3529 3833 γὰρ
3558 3763 3695 3833 όρᾷν
3721 3764 3908 3836 ἀνθρώ

2360 3870 2497 3915 πους
2540 3852 2699 3916 Θεοῦ,
2752 3853 3015 3925 ίεράρχας
3068 3853 3296 3925 Κυρίου,
3358 3853 3664 3925 μακαρίους
3709 3853 3933 3923 ἄνδρας.

2358 3950 2657 4020 φωστῆρας
2700 3946 2944 4016 κόσμου,
3000 3946 3305 4017 ἐρείσματα
3343 3948 3583 4010 πίστεως
3621 3948 3678 4001 εῐ
3719 3966 3774 4002 τι
3808 3949 3936 4004 ἄλὶο

2358 4039 2469 4092 τῶν
2510 4038 2715 4102 καλῶν,
2756 4039 2852 4091 καὶ
2884 4037 3045 4101 ὄντας
3074 4039 3170 4091 καὶ
3217 4039 3677 4110 ὀνομαζομένους.
3729 4044 3794 4095 Ὦ
3834 4043 3934 4108 ταῖς

2358 4128 2599 4199 ζημίαςί
2648 4128 2694 4179 ὢ
2724 4127 2825 4193 τῆς
2872 4128 3188 4198 συμφορᾶςί
3231 4128 3377 4201 Πλὴν
3426 4131 3480 4183 αί
3533 4130 3729 4184 πολλαὶ
3776 4134 3935 4201 ἡμῶν

2358 4220 2625 4292 ἁμαρτίαι
2654 4221 2826 4274 αἴτιον
2844 4219 2941 4274 τοῦ
2968 4221 3398 4291 συμϐεϐηκότος.
3430 4221 3543 4275 Καὶ
3569 4222 3629 4274 ού
3652 4221 3934 4293 θαυμάζο-

2361 4329 2460 4382 μεν
2486 4312 2585 4382 τὴν
2614 4312 2841 4382 ἀτυχίαν
2859 4326 2875 4341 ⁸
2919 4312 3056 4365 ἀλλά
3085 4312 3465 4383 προϐάλλομεν
3494 4313 3593 4384 τὴν
3624 4315 3929 4385 ἱκετηρίαν.

2356 4404 2423 4457 Τί
2467 4402 2661 4469 τοῦτο;
2698 4405 2785 4457 ἵνα
2816 4404 3108 4475 γράμμασι
3141 4405 3621 4478 παραμυθήσησθε
3661 4408 3766 4477 τὴν
3794 4409 3930 4461 and-

2354 4496 2552 4565 λειψιν,
2580 4495 2979 4561 νουθετοῦντες,
3011 4496 3361 4566 φωτιοῦντες,
3392 4497 3767 4569 στηρίζοντες,
3800 4501 3932 4555 61:0-

2357 4594 2636 4661 φαίνοντες
2665 4593 2766 4646 ὅσα
2794 4592 2946 4646 ἐστὶν
2984 4591 3185 4664 ἀληθῆ,
3208 4593 3309 4647 ὅσα
3349 4594 3542 4664 σεμνά.
3576 4594 3680 4648 ὅσα
3722 4595 3928 4659 δίκαια,

2356 4685 2455 4739 ὅσα
2485 4685 2801 4747 ἐνστατικὰ,
2830 4685 2931 4738 ὃσα
2961 4685 3178 4739 ῑναθλα.
3214 4684 3282 4739 Et
3301 4702 3387 4750 τις
3422 4686 3614 4759 ἀρετὴ,
3648 4687 3745 4741 καὶ
3773 4690 3830 4741 εἷ
3847 4706 3929 4752 τις

664 4770 1042 4826 defensionem
1124 4787 1187 4828 ac
1218 4782 1497 4830 certamen
1526 4776 1745 4830 idonea.
1777 4776 1837 4831 Si
1880 4792 1987 4846 qua
2026 4777 2200 4831 virtus
2233 4816 2248 4842 ,

2356 4776 2574 4839 ἔπαινος
2594 4775 2907 4847 ὁμολογίας,
2944 4776 3121 4831 ταῦτα
3149 4779 3414 4849 γράφοιτε
3438 4796 3451 4811 ·
3484 4780 3580 4833 καὶ
3612 4779 3735 4845 πῶς
3758 4799 3928 4852 προσ-

665 4865 711 4918 si
741 4880 849 4935 qua
880 4864 1003 4919 laus
1033 4864 1420 4933 confessionis,
1456 4868 1598 4924 hanc
1634 4869 1989 4939 praescribim,
2020 4878 2072 4923 et
2120 4885 2258 4939 quo-

667 4953 831 5011 modo
880 4955 1197 5011 adorandus
1228 4958 1300 5011 sit
1348 4958 1589 5030 imagine
1626 4975 1925 5029 expressus
1953 4959 2206 5015 Christus
2241 4999 2256 5025 ,

666 5048 998 5119 homonyme
1036 5064 1108 5102 an
1136 5064 1490 5123 synonyme:
1534 5055 1797 5124 quoniam
1839 5054 2076 5110 alterum
2134 5055 2259 5124 qui-

664 5140 789 5197 dem
828 5141 1175 5207 orthodoxae,
1232 5143 1467 5199 alterum
1504 5161 1634 5202 vero
1684 5148 1975 5204 contraria:
2016 5157 2102 5203 est
2131 5163 2257 5204 sen-

662 5233 845 5289 tentias
869 5236 918 5267 "
964 5251 981 5289 :
1015 5243 1071 5291 et
1108 5238 1391 5306 quomodo
1425 5239 1762 5312 intelligatur
1815 5240 2063 5297 adoratio
2124 5257 2253 5313 erga

662 5326 950 5382 Christum
1029 5326 1263 5400 ejusque
1324 5331 1674 5403 imaginem:
1729 5348 1913 5389 unane
1954 5349 2023 5390 an
2080 5333 2247 5400 duas;

660 5421 924 5488 quoniam
948 5421 1180 5476 alterunt
1210 5423 1430 5493 quidem
1471 5436 1719 5483 nostrum
1740 5436 1845 5495 est,
1865 5428 2095 5483 alterum
2121 5441 2253 5483 vero

2354 4868 2620 4940 κυνητέον
2679 4866 2918 4938 Χριστὸν
2986 4867 3481 4939 ἐγγεγραμμένον,
3534 4870 3848 4942 ὁμωνύμως
3894 4874 3927 4943 ἦ

2356 4963 2709 5031 συνωνύμως,
2751 4959 2941 5031 ἐπειδὴ
2994 4959 3059 5013 τὸ
3094 4960 3195 5032 μὲν
3232 4960 3563 5031 όρθοδοξίας,
3592 4962 3654 5016 τὸ
3680 4963 3741 5017 δὲ
3779 4966 3930 5018 ἀντι-

2352 5053 2568 5119 δοξίας·
2602 5053 2696 5107 καὶ
2748 5051 2866 5115 πῶς
2909 5050 3011 5120 τῆς
3056 5056 3480 5123 προσκυνήσεως
3516 5055 3825 5126 νοουμένης
3854 5059 3932 5122 είς

2352 5146 2588 5215 Χριστόν
2621 5162 2683 5199 τε
2719 5146 2818 5199 καὶ
2855 5144 2956 5216 τὴν
2998 5143 3164 5199 αὑτοῦ
3216 5145 3436 5208 εἰκόνα,
3494 5146 3628 5216 μιᾶς
3674 5146 3711 5217 ἢ
3750 5150 3928 5202 δυεῖν·

2352 5239 2543 5310 ἐπειδὴ
2563 5239 2624 5292 τὸ
2661 5239 2782 5309 μιν,
2811 5238 3116 5309 ἡμέτερον·
3157 5238 3219 5290 τδ
3247 5238 3327 5301 δὲ,
3357 5237 3467 5292 τῶν
3505 5239 3929 5312 Εἱκονομάχων;

2355 5329 2436 5391 ὦν
2461 5334 2567 5405 γὰρ
2597 5333 2697 5404 μία
2720 5334 2753 5404 ὴ
2785 5330 3125 5403 ύποστατικὴ
3152 5331 3411 5402 ὁμοίωσις
3431 5374 3446 5396 ,
3471 5332 3679 5387 τούτων
3710 5334 3813 5405 μία
3841 5340 3927 5389 καὶ

2358 5427 2394 5497 ἡ
2418 5426 2560 5498 αὑτὴ
2585 5424 2975 5497 ιιιροσκύνίινισις⁸
3008 5423 3161 5495 παρά
3189 5425 3250 5475 τδ
3272 5421 3371 5494 τὴν
3391 5422 3584 5477 ούσίαν
3603 5424 3704 5493 τῆς
3722 5427 3926 5489 εἰκόνος

732 5536 778 5566 ⁸⁷
802 5534 910 5589 Tit.
940 5551 1019 5610 in.
1058 5536 1140 5592 l0.
1183 5537 1262 5610 μεθ
1288 5538 1477 5595 Matth.
1524 5559 1635 5607 xvi,
1686 5544 1772 5598 i8.
1846 5543 1892 5575 "
1935 5541 2094 5599 Eade
2116 5558 2175 5598 re
2205 5540 2484 5598 Petavius.
2544 5543 2637 5597 lib.
2691 5558 2719 5595 v
2755 5541 2829 5595 De
2884 5541 3147 5597 incarnat.
3192 5558 3311 5610 cap.
3376 5543 3431 5606 8.
3476 5561 3530 5597 ιι.
3578 5545 3692 5610 ll);
3749 5556 3806 5599 et
3835 5534 3922 5603 lib.

659 5623 751 5673 sv,
789 5622 910 5675 cap.
960 5608 1043 5671 l5,
1082 5625 1135 5661 ιι.
1178 5607 1231 5662 5.

2185 5743 2417 5799 ΝΟΪΞ.

732 5868 810 5941 (ι)
847 5866 1029 5923 Videri
1061 5876 1242 5922 tamen
1276 5867 1449 5935 possit
1488 5865 1692 5935 scripta
1725 5872 1847 5934 post
1883 5873 2113 5919 mortem
2148 5861 2254 5919 Leo

2357 5902 2370 5919 .
2416 5868 2481 5936 (°)
2516 5865 2648 5922 COd.
2689 5863 2799 5936 Reg
2857 5868 3025 5939 Ἀρχὴ
3052 5868 3257 5937 βιϐλίου
3277 5870 3345 5939 γ’,
3374 5874 3581 5927 initium
3615 5876 3741 5929 libri
3764 5884 3916 5937 tertii.
