4156 6502
655 410 792 474 1335
1854 405 1917 464 S.
1956 402 2349 463 THEODORI
2384 404 2734 464 STUDITJS
3797 405 3949 467 1335

647 518 827 573 oratio
853 516 865 568 ι
900 514 1124 569 haberet
1154 512 1301 567 enim
1338 512 1630 567 calamitas
1661 510 1909 566 modum.
1941 509 2049 565 Sed
2100 507 2247 579 judi-
2276 536 2288 569 λ

2308 538 2317 570 ι
2348 527 2461 575 τον,
2515 510 2626 583 πῦρ
2675 512 2893 565 αἰώνιον
2916 553 2931 575 ,
2974 510 3165 575 σκότος
3196 511 3461 583 ἐξώτερον
3505 514 3601 565 καὶ
3638 513 3949 585 ἀλαμπὲς.

648 610 819 675 cium,
851 608 1041 672 frater,
1074 605 1434 669 inexorabile,
1472 606 1614 675 ignis
1661 604 2049 675 sempiternus,
2090 610 2244 655 tene—

2351 604 2596 675 βρυγμὸς
2623 604 2874 669 ὀδόντων,
2922 603 3144 657 ἅπαντα
3190 604 3259 657 τά
3297 603 3436 657 ἄλλα
3474 606 3848 678 κολαστήρια,
3889 610 3955 661 ὲν

651 705 763 758 bne
793 700 1095 757 exteriores
1122 694 1190 755 ac
1222 698 1538 763 teterrimae,
1570 698 1775 754 stridor
1804 696 2053 752 dentium
2084 738 2101 763 ,
2134 710 2245 751 ca:-

2348 694 2431 762 οἷς
2461 701 2495 768 ή
2535 698 2759 769 εὐθύνη,
2794 698 2891 751 καὶ
2930 696 3071 769 αὕτη
3100 698 3408 769 ἀπέραντος
3436 700 3517 763 είς
3560 699 3791 763 αἰῶνας.
3832 701 3957 754 Καὶ

656 808 769 850 tera
808 792 1102 863 supplicia,
1134 791 1337 861 quibus
1392 789 1627 860 improbi
1664 788 1990 853 multantur,
2044 796 2100 841 et
2158 786 2251 839 illa

2351 794 2505 846 οὔπω
2526 794 2672 862 λέγω
2701 793 2811 847 τῶν
2847 793 3070 862 ἀγαθῶν
3108 791 3207 863 τὴν
3244 794 3590 859 ἀπόπτωσιν,
3626 795 3694 865 ἣν
3722 794 3958 864 σεαυτῷ

654 890 879 957 quidem
930 887 1287 943 interminata
1349 886 1403 939 in
1438 894 1792 955 perpetuum.
1840 882 2048 938 Omitto
2079 881 2254 935 bono-

2356 888 2745 958 προεξενησας.
2775 886 2871 949 Τίς
2897 884 3077 956 aiam;
3120 887 3260 957 μετά
3288 886 3426 941 Θεοῦ
3464 888 3724 957 γενέσθαι
3748 929 3762 951 ,
3798 888 3959 959 χαρά

657 997 777 1036 rum
809 981 1103 1050 iacturam,
1131 995 1296 1048 quam
1335 979 1449 1047 ipse
1479 977 1580 1031 tibi
1611 976 1977 1031 accersivisti.
2003 974 2136 1041 Quae
2162 972 2253 1026 illa

2358 980 2744 1050 ἀνεκλάλητος,
2806 977 2923 1050 ζωὴ
2968 979 3267 1049 ἀκήρατος,
3321 980 3629 1051 εὐφροσύνη
3678 983 3956 1044 αἰώνιος,

656 1088 825 1142 porro
855 1072 878 1125 ?
906 1070 1044 1126 Cum
1078 1068 1190 1123 Deo
1217 1083 1360 1132 esse,
1397 1068 1661 1139 gaudium
1694 1065 2100 1135 inexplicabile,
2147 1062 2256 1117 vita

2357 1072 2537 1141 τρυφὴ
2556 1071 2909 1143 παραδείσου,
2929 1074 3030 1143 τῆς
3042 1072 3206 1141 ἁγίας
3227 1072 3459 1142 Τριάδος
3474 1073 3767 1143 ἐλλαμψις,
3792 1076 3956 1127 πᾶσα

661 1162 1008 1224 immortalis,
1033 1161 1221 1215 laetitia
1282 1162 1643 1229 sempiterna,
1706 1158 1949 1228 paradisi
1986 1156 2196 1210 delicia:
2230 1192 2247 1219 ,

2360 1163 2494 1231 ἄλλη
2527 1165 2617 1217 καὶ
2642 1163 2911 1236 λεγομένη
2947 1166 3042 1218 καὶ
3067 1164 3333 1235 νοουμένη
3365 1166 3727 1237 μακαριότης.
3772 1166 3960 1237 Δεῦρο

657 1266 864 1311 sancta:
890 1254 1182 1309 Trinitatis
1215 1254 1502 1323 splendor,
1534 1251 1741 1321 quaevis
1776 1250 1907 1312 alia,
1947 1258 2001 1303 et
2029 1263 2150 1317 quze
2174 1247 2259 1301 di-

2361 1256 2425 1326 δὴ
2454 1254 2579 1321 οὖν,
2609 1252 2791 1328 δεῦρο,
2820 1256 3033 1322 τέκνον,
3078 1258 3376 1329 ἀνάνηψον,
3416 1259 3782 1330 ἀνακλήθητι,
3819 1261 3955 1313 ἀνα-

659 1350 803 1403 citur
826 1358 880 1402 et
910 1362 1033 1417 qua:
1101 1346 1425 1415 intelligitur
1472 1343 1724 1399 felicitas.
1788 1340 1906 1395 lluc
1937 1344 2087 1405 ades,
2123 1340 2252 1402 huc,

2364 1342 2695 1413 καινίσθητι.
2725 1344 2881 1414 ρίψον
2899 1344 2971 1398 τὰ
2991 1346 3383 1416 συμπλακέντα
3420 1366 3501 1401 σοι
3516 1349 3621 1401 ὑπὸ
3633 1348 3728 1402 τοῦ
3746 1349 3960 1420 ἐχθροῦ

661 1444 929 1512 inquam,
973 1440 1045 1493 lili
1083 1458 1097 1494 :
1132 1440 1516 1508 expergiscere
1542 1478 1557 1501 ,
1593 1445 1899 1498 revertere,
1947 1446 2209 1487 renovare
2243 1451 2258 1485 :

2366 1436 2581 1505 σχοινία
2610 1436 2712 1505 τῆς
2740 1437 3035 1507 ἁμαρτίας·
3068 1438 3401 1510 διατμήθητι
3428 1442 3521 1510 τῆς
3564 1439 3709 1502 Εὔας
3730 1456 3746 1469 ο
3775 1442 3961 1510 πρόσ-

662 1543 859 1587 excute
890 1532 1091 1599 injecta
1130 1530 1226 1583 tibi
1257 1532 1325 1583 ab
1352 1529 1512 1582 hoste
1539 1528 1754 1581 vincula
1776 1526 1981 1595 peccati
2011 1543 2024 1577 :
2058 1525 2126 1578 ab
2155 1524 2263 1577 Eva

2366 1528 2491 1580 ελθε
2534 1528 2611 1599 τῷ
2640 1531 3008 1601 ἀμησικάκῳ
3052 1531 3149 1585 καὶ
3180 1532 3688 1603 φιλανθρωποτάτῳ
3743 1534 3959 1603 Ἰησοῦ.

663 1626 955 1679 divellere:
983 1624 1049 1677 ad
1076 1624 1455 1677 immemorem
1484 1621 1813 1690 iniuriarum
1856 1618 2265 1688 plenissimum-

2372 1621 2667 1693 ’Δντικρυς
2718 1622 2837 1695 βοᾷ·
2875 1624 3054 1679 Δεῦτε
3096 1624 3322 1692 πάντες
3366 1629 3423 1680 οἱ
3471 1625 3805 1692 κοπιῶντες
3859 1629 3963 1680 καὶ

664 1728 773 1783 que
806 1712 1166 1766 humanitatis
1219 1709 1409 1765 Jesum
1475 1711 1695 1764 accede.
1734 1707 1812 1762 Ex
1872 1710 2105 1762 adverso
2148 1707 2264 1761 cla—

2370 1717 2834 1783 πεςρορτισμένοι
2865 1718 2989 1781 τατς
3022 1718 3340 1788 ἁμαρτίαις.
3384 1719 3652 1791 ’Υπαντᾷ,
3687 1720 3966 1791 περιπλέ-

667 1816 811 1860 mat:
848 1804 1049 1867 Venite,
1080 1820 1255 1857 omnes
1290 1803 1379 1872 qui
1422 1802 1679 1855 laboratis
1706 1809 1755 1854 et
1786 1802 1991 1855 onerati
2050 1801 2177 1854 estis
2220 1800 2267 1831 ’°

2372 1825 2549 1868 κεται,
2572 1808 2947 1873 εἰσοικίζεται,
2970 1812 3073 1865 οὐκ
3097 1811 3323 1879 ἐγκαλεῖ
3344 1813 3473 1883 περὶ
3497 1812 3607 1865 τῶν
3638 1814 3961 1883 προτέρων

668 1900 927 1967 pcccatis.
961 1896 1191 1951 Obviam
1228 1895 1475 1965 procedit
1534 1896 1670 1964 ipse,
1704 1894 1814 1947 ruit
1848 1893 1900 1946 in
1934 1892 2267 1962 amplexum,
2302 1894 2309 1949 1

2326 1895 2343 1946 ι
2375 1903 2495 1969 ἄγει
2528 1904 2620 1955 καὶ
2652 1902 2815 1955 πάλιν
2844 1904 3061 1973 ἑορτὴν.
3095 1904 3261 1968 σώζει
3293 1906 3385 1958 τὸν
3416 1906 3825 1961 ἀσωτευθέντα.
3854 1907 3967 1959 Ναὶ

667 1990 894 2044 domum
929 1990 1159 2054 inducit,
1198 2003 1299 2042 nec
1356 1989 1540 2057 priora
1624 1986 1935 2053 exprobrat,
1993 1985 2137 2038 diem
2188 1983 2265 2039 l'c-

2368 1994 2561 2061 δέομαί
2594 2011 2687 2047 σου
2708 2037 2722 2059 ,
2764 1997 2979 2058 τέκνον,
3013 1995 3270 2059 ἄκουσον,
3300 1997 3589 2067 esseom.
3612 2000 3836 2069 τρῶσον
3873 2001 3968 2052 τὸν

670 2094 816 2138 stum
842 2098 1065 2137 rursum
1104 2082 1235 2150 agit,
1294 2080 1583 2151 prodigum
1646 2090 1848 2133 servat.
1914 2075 2113 2147 Utique
2166 2092 2267 2131 oro

2369 2086 2657 2156 τρώσαντά
2699 2106 2779 2141 σε.
2817 2082 2957 2141 Ἦκε
3002 2085 3121 2152 οὖν,
3159 2086 3263 2163 ἧκε
3297 2092 3453 2160 τάχει
3482 2091 3619 2161 πρὸς
3649 2083 3805 2161 ἡμᾶς
3831 2094 3968 2156 τοὺς

674 2187 747 2241 Ie,
779 2176 1045 2241 lili,audi,
1076 2176 1396 2237 exardesce,
1436 2172 1635 2226 vulnus
1657 2172 1799 2226 infer
1825 2172 1877 2225 ei
1920 2172 2015 2240 qui
2050 2170 2145 2224 tibi
2181 2171 2267 2223 in-

2370 2180 2752 2249 ἁμαρτωλούς.
2802 2181 2943 2250 Ἐγώ
2978 2184 3078 2255 τὴν
3106 2184 3287 2255 ψυχήν
3319 2202 3421 2255 μου
3450 2183 3643 2253 τίθημι
3669 2185 3816 2257 ὑπὲρ
3845 2185 3964 2238 σοῦ·

672 2268 817 2322 tulit.
862 2266 993 2322 Veni
1022 2270 1224 2337 itaque.
1285 2266 1408 2319 veni
1458 2264 1752 2319 confestim
1789 2267 1853 2317 ad
1888 2280 1986 2319 nos
2015 2274 2272 2333 peccato-

2371 2270 2483 2336 ὲγὼ
2513 2272 2788 2342 ἐγγυητὴς
2820 2273 2923 2343 τῆς
2959 2274 3233 2346 σωτηρίας
3271 2291 3395 2329 σου’
3431 2276 3541 2343 ἐγώ
3576 2293 3637 2329 σε
3684 2277 3967 2347 ίατρεύσω

673 2374 785 2413 res.
819 2356 932 2428 Ego
990 2359 1230 2411 animam
1276 2372 1453 2411 meam
1492 2371 1636 2425 pono
1660 2369 1759 2424 pro
1784 2365 1834 2409 te
1863 2374 1875 2408 :
1922 2371 2022 2426 ego
2055 2370 2153 2425 pro
2179 2370 2271 2409 sa-

2375 2362 2601 2424 ἀπαλοῖς
2632 2364 2963 2435 φαρμάκοις·
2991 2366 3103 2433 ἐγὼ
3132 2367 3229 2421 σὺν
3252 2366 3372 2436 Θεῷ
3393 2368 3421 2419 ὁ
3441 2367 3611 2430 τάλας
3632 2368 3966 2438 ἀσπάσομαὶ

675 2452 789 2505 lute
825 2460 917 2505 tua
946 2466 1185 2520 sponsor
1225 2468 1239 2503 :
1272 2465 1373 2519 ego
1409 2458 1459 2504 te
1485 2450 1704 2503 lenibus
1737 2448 2150 2503 medicamentis
2178 2463 2270 2503 sa—

2375 2472 2434 2506 σε
2466 2456 2607 2525 ὑπὲρ
2633 2455 2695 2509 τὸ
2728 2460 3016 2529 πρότερον.
3046 2459 3227 2512 Μόνον
3266 2460 3592 2531 πρόσδραμε
3617 2501 3633 2521 .
3682 2462 3851 2530 μόνον
3892 2463 3966 2532 μὴ

678 2544 819 2597 nabu
856 2562 867 2596 :
900 2558 1002 2610 ego
1030 2544 1199 2596 miser
1233 2558 1359 2596 cum
1396 2542 1505 2594 Deo
1529 2542 1807 2596 amantius
1845 2550 1895 2597 te
1926 2556 2093 2610 quam
2124 2540 2256 2594 olim

2378 2547 2507 2615 στῇς
2530 2545 2633 2606 ἔτι,
2655 2545 2791 2600 ἀλλά
2813 2548 2912 2616 τὴν
2945 2547 3045 2617 μὲν
3069 2543 3212 2602 Εὕαν
3234 2548 3370 2617 ἀφες
3394 2552 3472 2612 είς
3496 2549 3698 2620 ἑαυτὴν
3723 2550 3968 2613 παίζειν.

678 2638 1000 2708 amplectar.
1039 2636 1287 2691 Tantum
1313 2637 1505 2691 advola
1530 2677 1546 2702 ,
1574 2646 1784 2690 tantum
1828 2651 1894 2689 ne
1930 2645 2137 2704 perstes
2170 2634 2270 2689 ad-

2376 2636 2438 2688 Ei
2483 2637 2527 2689 δ’
2561 2634 2657 2690 οὖν
2696 2638 2888 2691 ἀκούει
2928 2638 3111 2705 Θείως,
3145 2640 3382 2709 ἒμὸαλον
3410 2644 3489 2705 είς
3521 2645 3801 2711 σεμνεῖονο
3832 2660 3966 2696 σαυ-

679 2735 790 2785 huc
829 2750 843 2785 :
883 2732 979 2787 sed
1015 2729 1181 2785 Evam
1245 2731 1467 2801 quidem
1514 2732 1757 2796 dimitte,
1807 2746 1938 2786 suos
1968 2742 2027 2785 ut
2076 2731 2275 2785 habeat

2375 2730 2468 2782 τὸν
2508 2730 2564 2781 δὲ
2594 2732 2854 2801 παρέξεις
2888 2731 2963 2802 τῷ
3006 2733 3127 2803 Θεῴ
3176 2734 3272 2787 καὶ
3312 2736 3464 2805 ἡμῖν.
3502 2737 3967 2807 Διαμαρτύρομαι

681 2826 786 2880 sibi
821 2826 1005 2880 ludos.
1044 2822 1099 2879 Si
1157 2834 1339 2879 autem
1372 2826 1491 2879 voci
1542 2824 1742 2879 divina:
1794 2825 2159 2894 obtemperat,
2218 2824 2273 2878 in

2377 2821 2472 2875 οὖν
2512 2822 2749 2875 ἐνώπιον
2776 2822 2869 2875 τοῦ
2901 2824 3036 2877 Θεοῦ
3071 2825 3166 2877 καὶ
3215 2826 3324 2879 τῶν
3371 2826 3644 2880 ἐκλεκτῶν
3677 2828 3968 2896 ἀγγέλων,

683 2918 1086 2972 monasterium
1127 2918 1286 2971 trude
1322 2935 1334 2970 :
1385 2917 1621 2985 teipsum
1660 2931 1791 2970 vero
1830 2916 1940 2969 Deo
1990 2913 2277 2969 exbibebis

2384 2914 2468 2966 ἵνα
2523 2915 2727 2967 τούτων
2777 2915 3014 2980 ἀκούων,
3055 2917 3295 2991 ἀλλάξῃς
3344 2920 3560 2981 ἑαυτὸν,
3614 2922 3970 2987 κατεπείγων

682 3018 739 3063 et
789 3008 969 3063 nobis.
1002 3008 1260 3064 Obtestor
1289 3008 1456 3078 igitur
1481 3024 1665 3063 coram
1703 3006 1814 3061 Deo
1852 3018 1906 3063 et
1951 3009 2139 3063 electis
2178 3024 2277 3063 an-

2381 3010 2517 3078 πρὸς
2547 3012 2696 3080 ἡμᾶς
2720 3011 2852 3080 πρὶν
2874 3011 2906 3081 ἢ
2932 3009 3126 3080 φθάσει
3148 3010 3210 3063 τὸ
3229 3012 3403 3077 τέλος·
3430 3015 3557 3083 πρὶν
3584 3013 3619 3084 ἢ
3646 3016 3969 3069 ἀποκλείσει

683 3098 841 3168 gelis,
881 3109 939 3152 ut
968 3098 1083 3152 hac
1121 3097 1351 3152 audiens
1377 3112 1558 3152 mores
1602 3108 1809 3161 mutes,
1850 3107 1901 3151 et
1950 3097 2017 3149 ad
2051 3110 2154 3149 nos
2184 3110 2277 3149 ac-

1800 3137 1809 3160 ,
1850 3107 1901 3151 et
1950 3097 2017 3149 ad
2051 3110 2154 3149 nos
2184 3110 2277 3149 ac-
2381 3106 2523 3165 κατά
2553 3102 2646 3156 σοῦ
2679 3107 2712 3174 ἡ
2744 3105 3120 3174 ἀπαραίτητος
3145 3104 3441 3174 ἀπόφασις.

683 3191 911 3251 celeres.
945 3201 1242 3260 antequam
1269 3190 1394 3244 linis
1419 3189 1695 3253 adveniat,
1728 3198 2029 3258 antequam
2086 3196 2277 3241 contra

689 3298 741 3339 te
771 3285 946 3340 veniae
968 3284 1118 3337 fores
1146 3282 1403 3337 occludat
1434 3281 1774 3336 inexorabile
1793 3294 2139 3349 responsum.
2309 3273 2355 3328 C

973 3396 1262 3451 LXXXIX.
1294 3426 1363 3435 —
1395 3395 1682 3466 Theophila
1721 3394 2028 3465 praeposito.

2629 3398 2753 3451 ηδ’.
2779 3428 2851 3439 —
2875 3399 3140 3465 Θεοφίλῳ
3169 3399 3494 3469 ἡγουμένῳ.
3525 3399 3714 3473 [φοῦη

812 3514 1041 3576 increpat
1064 3515 1195 3578 quod
1217 3514 1592 3578 persecutionis
1616 3520 1844 3573 tempore
1869 3524 1979 3559 cum
2008 3508 2346 3558 Iconomach'ts
2365 3512 2794 3564 eommunicasset.
2820 3513 3058 3563 Hortatur
3090 3520 3145 3563 ut
3164 3512 3357 3576 culpam
3382 3513 3675 3576 paenitentia
3720 3516 3875 3564 eluat.

766 3623 889 3678 Non
927 3637 1104 3693 pauca
1132 3622 1198 3676 ad
1227 3636 1314 3675 me
1361 3620 1540 3674 delata
1576 3628 1707 3674 sunt
1738 3620 1806 3672 de
1837 3626 1929 3672 tua
1958 3618 2287 3683 reverentia,

2466 3622 2579 3674 Οὐκ
2607 3621 2761 3690 ὀλίγα
2793 3620 2862 3674 τὰ
2884 3620 3219 3675 ἀκουσθέντα
3249 3638 3339 3690 μοι
3372 3624 3502 3691 περὶ
3526 3622 3626 3692 τῆς
3649 3627 3967 3694 τιμιότητός

694 3721 766 3774 oh
797 3732 920 3788 qua:
956 3732 1063 3770 non
1100 3714 1363 3769 mediocri
1424 3726 1575 3766 cram
1643 3711 1831 3765 dolore
1867 3710 2097 3765 affectus
2132 3729 2145 3764 :
2196 3712 2291 3765 sed

2394 3730 2512 3775 σου,
2546 3713 2580 3766 ἀ
2612 3715 2704 3767 καὶ
2730 3714 2919 3766 ἐλύπει
2944 3731 3009 3784 με
3039 3716 3099 3765 οὐ
3130 3713 3390 3783 μετρίως
3414 3714 3566 3783 ὅμως
3586 3717 3669 3767 ὅτι
3694 3719 3967 3772 ἀπεσκευο

698 3817 814 3867 Ιι.εο
831 3807 1100 3866 discussit
1130 3807 1441 3861 veneranda
1474 3814 1565 3857 tua
1584 3802 1836 3873 epistola.
1856 3802 2092 3856 Admisit
2120 3803 2287 3867 enim,

2393 3805 2641 3876 ἀσθησαν
2669 3805 2757 3857 διά
2793 3805 2887 3857 τοῦ
2916 3805 3099 3875 τιμίου
3127 3822 3221 3857 σου
3260 3804 3610 3876 γράμματος.
3636 3808 3747 3860 Καί
3786 3826 3850 3877 γε
3888 3810 3966 3862 δέ-

696 3905 871 3960 audeo
928 3902 1146 3965 dicere,
1200 3898 1579 3969 paenitentiam
1643 3903 1795 3950 tuam
1860 3895 2166 3959 Dominus,
2226 3908 2291 3948 ac

2390 3896 2577 3950 δεκταί
2607 3914 2722 3960 σου,
2762 3896 2947 3967 τολμῶ
2978 3897 3176 3965 λέγειν,
3211 3900 3241 3950 ὀ
3278 3898 3481 3969 Κύριος
3511 3900 3609 3969 τὴν
3658 3903 3965 3970 μετάνοιαν.

697 3993 1136 4051 satisfactionem
1169 4006 1270 4061 pro
1300 3990 1618 4045 reversione
1649 3988 1703 4043 in
1734 3988 2127 4043 monasterium
2164 4005 2176 4040 :
2211 3996 2292 4041 et-

2392 3992 2485 4043 κα)⁵
2507 3990 2604 4060 τὴν
2631 3989 2929 4057 ἀπολογίαν
2948 3993 3044 4059 τῆς
3065 3993 3123 4043 ἐν
3140 3989 3218 4058 τῷ
3238 3992 3589 4062 μοναστηρίῳ
3609 3993 3970 4064 ἀνθυποστρο·

698 4088 743 4141 si
802 4084 1110 4155 tuncjusta
1169 4098 1279 4137 non
1345 4081 1473 4147 fuit,
1505 4096 1631 4137 cum
1672 4082 2103 4151 persecutionem
2130 4077 2292 4135 Chri-

2392 4084 2518 4153 φῆς
2565 4086 2613 4135 εἰ
2645 4086 2739 4136 καὶ
2785 4083 2883 4135 οὐκ
2915 4084 3106 4135 ἀστεία
3139 4083 3441 4154 τηνικαῦτα
3482 4080 3570 4155 ἦν,
3612 4086 3702 4139 ὅτε
3736 4088 3965 4158 Χριστὸς

698 4193 818 4235 stus
846 4187 1147 4250 pateretur.
1198 4174 1356 4231 Nunc
1379 4190 1510 4229 vero
1545 4189 1670 4229 cum
1700 4173 2010 4244 persecutio
2030 4172 2285 4233 cessavit,

2392 4174 2667 4228 ἐδιώκετο.
2708 4176 2867 4244 ’Λρτι
2909 4174 2964 4227 δὲ
3007 4175 3147 4228 ἐπὰν
3192 4174 3476 4245 ἐλώφησεν
3520 4178 3549 4228 ὁ
3585 4176 3849 4248 διωγμὸς,
3888 4180 3965 4241 τίς

699 4274 830 4341 quid
854 4270 1038 4344 fugam
1087 4268 1392 4334 meditaris,
1448 4283 1514 4323 ac
1548 4283 1654 4322 non
1728 4277 2005 4323 certamen
2062 4267 2293 4339 potius?

2391 4268 2551 4337 λόγος
2584 4269 2952 4339 ὑποστροφῆς,
2985 4269 3080 4321 καὶ
3104 4269 3225 4340 οὐχὶ
3262 4268 3465 4339 μᾶλλον
3495 4269 3813 4341 ἀθλήσεωςς
3856 4273 3964 4326 Ἀπ’

706 4366 789 4420 Ea:
814 4382 895 4420 me
920 4405 936 4431 ,
971 4364 1188 4435 inquit,
1222 4362 1463 4417 videbitis
1486 4404 1501 4427 ,
1540 4371 1695 4430 atque
1747 4362 1824 4414 ita
1874 4360 2035 4430 facile
2065 4362 2133 4417 θ’.
2176 4361 2292 4415 Hoc

2391 4363 2560 4432 ἐμοῦ,
2593 4366 2776 4433 φησὶν,
2806 4364 3054 4431 ὄψεσθε,
3088 4364 3189 4417 και
3230 4364 3419 4430 οὕτως
3455 4364 3771 4430 ποιήσατε.
3806 4366 3965 4420 Τοῦτό

706 4472 759 4515 te
795 4458 1036 4529 oportuit
1072 4456 1355 4526 discipulis
1405 4454 1626 4517 dicere.
1676 4468 1801 4507 cum
1864 4454 2293 4508 sollicitarentur

2393 4474 2453 4509 σε
2503 4457 2608 4509 ἔδει
2653 4456 2991 4524 φθέγξασθαι
3047 4458 3159 4519 τοῖς
3211 4459 3495 4526 φοιτηταῖς
3548 4458 3963 4529 ἐπικαλουμένοις

706 4552 929 4607 domum
964 4560 1023 4604 ut
1061 4548 1324 4613 redirent,
1356 4562 1465 4601 non
1502 4546 1898 4616 obtemperare,
1932 4556 1987 4600 et
2033 4559 2293 4600 succum-

2393 4552 2532 4603 οἴκοι
2576 4550 2982 4617 ἐπαναδραμείν
3007 4567 3020 4578 ’
3054 4550 3153 4620 οὐχ
3204 4548 3550 4612 ὑπακοῦσαι,
3588 4550 3684 4603 καὶ
3719 4554 3964 4619 γενέσθαι

712 4642 872 4697 bendi
898 4642 1208 4709 exemplum
1237 4640 1347 4693 ﬁeri
1378 4658 1390 4691 :
1426 4648 1481 4693 et
1515 4640 1631 4694 haec
1669 4640 1887 4708 quidem
1920 4650 2038 4707 post
2058 4638 2288 4707 lapsum.

2395 4641 2746 4696 ὑποτύπωσιν
2780 4641 2973 4708 ἣττης·
3018 4641 3110 4693 καὶ
3139 4639 3313 4694 ταῦτα
3350 4641 3487 4711 μετὰ
3518 4642 3616 4710 τὴν
3656 4642 3899 4696 πτῶσιν
3934 4645 3962 4714 ἦ

711 4738 789 4787 An
829 4732 1010 4787 nescis
1051 4732 1321 4801 abnegato
1355 4731 1577 4785 Christo
1612 4731 1779 4786 fuisse
1826 4732 1921 4785 tibi
1947 4732 2293 4785 communio-

2395 4739 2497 4789 οὐκ
2531 4732 2688 4789 οἶσθα
2724 4737 2807 4789 ὅτι
2842 4734 2929 4788 ἐπ’
2981 4735 3207 4806 ἀρνήσει
3253 4733 3492 4803 Χριστοῦ
3530 4730 3599 4803 ἦν
3640 4737 3673 4805 ἠ
3722 4738 3967 4789 κοινωνία

710 4840 832 4881 nem
865 4840 989 4879 cum
1023 4824 1091 4879 iis
1109 4824 1202 4894 qui
1238 4823 1405 4894 impio
1436 4839 1621 4879 errore
1665 4825 1884 4879 abducti
1910 4823 2293 4880 sunt?Deinde
2325 4892 2351 4898 _

2325 4892 2357 4898 _
2399 4826 2482 4879 σοί
2516 4843 2575 4878 τε
2614 4827 2849 4888 καὶτοῖς
2882 4824 3309 4894 συναπιχοεῖσιν
3347 4823 3563 4889 ἀθέωςς
3605 4820 3740 4877 Εἶτα
3790 4827 3965 4898 ἐπειδὴ

711 4928 996 4987 postquam
1057 4892 1435 4986 paenitentiam
1508 4915 1725 4971 subiisti
1759 4931 1854 4986 per
1920 4916 2288 4971 secessionem
2325 4892 2352 4947 ί

2327 4892 2369 4947 D
2398 4920 2540 4973 εἵλου
2570 4919 2857 4989 μετάνοιαν
2879 4916 2969 4970 διὰ
2994 4892 3543 4986 τῆςήῦποχωρήσεως·
3584 4915 3745 4969 τοῦτο
3785 4918 3893 4990 γὰρ

710 5011 836 5077 illoc
866 5008 1015 5063 enim
1070 5009 1405 5077 poenitentia:
1457 5017 1625 5078 caput
1657 5008 1778 5072 iuit,
1825 5008 1943 5063 sine
2008 5024 2119 5077 quo
2145 5009 2291 5062 nulla

2399 5013 2691 5080 κεφάλαιον
2714 5010 2813 5078 τῆς
2844 5008 3155 5079 μετανοίας,
3190 5008 3284 5059 καὶ
3308 5001 3375 5078 ἦς
3402 5007 3530 5061 ἀνευ
3562 5008 3967 5081 ἀμεταμέλητος

708 5104 910 5159 delicto
938 5105 1098 5158 venia
1136 5102 1319 5173 foret),
1370 5104 1502 5174 quid
1538 5120 1757 5159 rursum
1789 5104 1856 5158 ad
1902 5104 2094 5157 vitium
2128 5102 2293 5157 delle-

2400 5106 2433 5169 ὴ
2466 5102 2694 5163 πτῶσις
2737 5100 2787 5153 τί
2832 5098 2993 5153 πάλιν
3020 5100 3113 5153 ἐπὶ
3156 5099 3216 5151 τὸ
3250 5098 3573 5170 πλημμελὲς
3616 5100 3964 5171 ἀνέκαμῴαςς

710 5198 873 5255 xisti?
903 5195 1152 5269 Ignosce,
1180 5196 1338 5252 Pater
1380 5215 1394 5252 :
1432 5212 1557 5253 cum
1603 5198 1896 5253 tradideris
1938 5198 2168 5267 teipsnm
2207 5197 2291 5250 ul-

2400 5195 2704 5264 Σύγγνωοι,
2736 5193 2938 5264 Πάτερ·
2976 5192 3363 5263 ἀναγκάζομαι
3390 5192 3668 5254 ἐπιδόντος
3700 5209 3795 5245 σου
3826 5212 3966 5248 σεαυ-

713 5304 796 5348 tro
828 5291 1127 5347 humilitati
1166 5306 1320 5355 mete,
1359 5305 1529 5361 cogor
1571 5299 1831 5361 tanquam
1868 5306 1930 5345 cx
1961 5289 2295 5344 Dominiore

2401 5291 2491 5341 τὸν
2523 5290 2588 5358 τῇ
2615 5285 2945 5339 ταπεινώσει
2986 5303 3110 5356 μου,
3146 5284 3326 5353 λέγειν
3354 5300 3436 5337 σοι
3473 5284 3549 5347 ὡς
3574 5283 3682 5336 ἀπὸ
3713 5285 3962 5356 στόματος

710 5384 807 5440 tibi
838 5383 1219 5439 convenientia
1250 5382 1420 5453 loqui.
1478 5383 1621 5449 Quin
1680 5384 1987 5445 universos,
2038 5392 2097 5437 ut
2144 5382 2298 5437 simi-

2399 5380 2608 5448 Κυρίου
2644 5378 2714 5431 τὰ
2746 5378 3107 5449 προσήκοντα.
3143 5377 3207 5429 Τί
3246 5378 3306 5430 οὐ
3348 5377 3559 5440 πάντας
3592 5378 3625 5448 ἢ
3654 5378 3961 5451 ὁμοτρόπως

712 5476 833 5532 liter
862 5476 1203 5530 vexationem
1260 5484 1442 5529 tecum
1500 5476 1819 5538 tolerarent,
1857 5474 2246 5530 commonuisti
2280 5475 2301 5528 ?

2401 5470 2789 5524 συνδιώκεσθαί
2826 5487 2909 5523 σοι
2956 5470 3385 5540 νενουθέτηκας·
3426 5470 3458 5540 ἢ
3502 5470 3577 5543 μὴ
3620 5470 3961 5543 βουλομένους

716 5579 808 5623 aut
828 5567 876 5623 si
913 5567 1134 5634 nollent,
1170 5566 1304 5637 quin
1328 5567 1610 5632 dimisisti,
1644 5578 1705 5620 ut
1738 5582 1930 5622 osores
1970 5567 2197 5634 Christi,
2242 5575 2301 5620 ut

2398 5563 2586 5626 εἴασας
2618 5562 2693 5625 ώς
2727 5560 3111 5632 μισοχρίστους
3134 5603 3149 5625 ,
3177 5562 3253 5625 ὡς
3291 5562 3658 5632 φιλοσάρκους
3677 5605 3693 5628 ,
3726 5563 3803 5625 ὡς
3826 5570 3961 5621 ἀπει-

715 5659 899 5713 carnis
956 5667 1255 5721 amatores,
1296 5666 1356 5712 ut
1392 5657 1847 5726 inobsequentes,
1884 5671 1993 5711 non
2022 5666 2203 5711 autem
2238 5656 2301 5708 ll.

2397 5655 2533 5721 θεῖς,
2562 5656 2675 5709 ἀλλ’
2702 5656 2800 5726 οὐχ
2837 5654 3021 5720 υίούς;
3056 5654 3174 5709 Κᾶν
3210 5654 3386 5727 τούτῳ
3416 5657 3510 5709 καὶ
3538 5657 3637 5729 τὴν
3682 5651 3850 5731 ἧτταν
3882 5661 3956 5712 ἀν-

718 5752 866 5806 lios?
919 5750 1058 5818 Quin
1093 5753 1171 5805 vel
1226 5752 1491 5806 minorem
1529 5749 1753 5805 eﬂ'ecisli
1820 5750 2056 5815 cladem,
2090 5748 2293 5805 ctsuh-

2396 5746 2641 5801 εκαλέσω
2683 5744 2885 5812 καλῶς,
2912 5744 3004 5798 καὶ
3028 5746 3143 5807 τοῖς
3170 5743 3273 5797 ὑπὸ
3298 5748 3455 5817 χεῖρα
3479 5746 3667 5815 ἐγένου
3698 5750 3956 5820 ὑπογραμ-

816 5895 855 5920 νν
895 5888 1081 5943 Matth.
1127 5904 1203 5951 xi,
1419 5889 1670 5945 "Judic.
1727 5903 1819 5954 ιιι,
1864 5887 1949 5943 l7-
