4156 6528
244 471 379 535 1337

1424 464 1962 528 EPISTOLARUM
2019 462 2176 524 LIB.
2214 461 2297 524 ΙΙ.

3356 458 3494 523 1338

244 584 347 650 μὸς
379 578 638 650 χρηστὸς,
666 578 761 632 καὶ
799 581 865 650 τῇ
909 577 1207 650 Ἐκκλησία
1247 577 1487 650 Χριστοῦ
1518 575 1707 647 ὤφθης
1734 578 1811 629 οξ-

1928 573 2044 628 litis
2079 571 2255 628 factus
2289 586 2350 627 es
2383 571 2695 641 exemplum
2754 570 3046 641 Optimum,
3082 575 3137 623 et
3195 568 3492 625 Ecclesiaut

242 674 469 745 κοδομὴ,
496 674 615 727 ἀντὶ
638 670 988 735 καταλύσεως
1018 672 1306 743 προτέρας.

315 848 502 912 Οὕτως
532 847 827 918 εἰργάσατο
848 848 877 902 ὁ
915 845 1329 916 θεοφιλέστατος
1366 845 1595 916 ἀδελφὸς
1628 845 1810 916 ήμῶν,

242 943 341 997 καὶ
364 940 660 1011 ἡγούμενος
723 939 816 993 τοῦ
876 939 1176 1010 Μηδικὶου·
1231 937 1405 1002 οὕτως
1448 939 1475 990 ὁ
1507 937 1811 1007 ἀγιώτατος

242 1033 437 1101 Πατὴρ
496 1030 651 1101 ἡμῶν
705 1032 805 1101 τῆς
845 1031 1199 1095 Λαοδικείας·
1262 1032 1387 1085 ἐπεὶ
1456 1033 1553 1086 καὶ
1605 1034 1808 1104 ἕτεροι.

240 1127 397 1176 Δυοῖν
422 1123 679 1192 θάτερον·
708 1124 757 1175 εἰ
784 1116 931 1176 οὗτοι
960 1123 1204 1193 ὲνόμως,
1247 1124 1413 1187 αὐτὸς
1433 1125 1672 1196 ἀνόμως,
1721 1126 1815 1179 καὶ

240 1215 298 1267 εί
335 1215 416 1279 τίς
463 1232 543 1268 σοι
586 1214 787 1285 ὁμοίως
822 1214 1102 1285 δέδρακεν.
1174 1216 1317 1269 Ἀλλ’
1366 1217 1475 1270 είσί
1520 1236 1690 1284 τινες,
1736 1218 1816 1283 ὡς

244 1306 528 1375 μανθάνω,
562 1307 659 1376 τῆς
707 1308 1183 1379 συμπτωματικῆς
1236 1310 1583 1379 συστοιχίας·
1630 1307 1706 1365 ὢν
1746 1312 1815 1366 τά

238 1396 487 1466 ὀνόματα
514 1394 655 1448 ἑκὼν
686 1397 1096 1467 ὑπερϐήσομαι·
1121 1399 1170 1451 οἳ
1194 1399 1445 1462 λέγουσιν
1472 1402 1616 1473 ’ὑπὲρ
1643 1404 1815 1473 αὐτῆς

244 1488 387 1559 μηδ’·
402 1486 583 1541 ὁτιοῦν
609 1490 916 1557 μετανοεῖν,
939 1490 1061 1559 μηδ’
1090 1486 1158 1545 αὖ
1187 1490 1247 1543 ἓν
1278 1493 1695 1563 συγχωρητικὸν
1718 1494 1815 1547 καὶ

242 1581 405 1652 μόνον
435 1580 692 1647 ἐξαιτεῖν,
722 1582 814 1636 καὶ
867 1582 1049 1646 καλῶς
1085 1585 1476 1655 πεποιηκέναι·
1510 1586 1566 1653 ἐξ
1616 1581 1678 1641 οὗ
1723 1587 1816 1641 καὶ

237 1676 291 1727 ol
316 1673 553 1742 ἀδελφοὶ,
586 1674 744 1742 φασὶ.
790 1674 1078 1737 σέσωνται.
1120 1680 1215 1730 καὶ
1257 1679 1307 1731 οί
1354 1678 1474 1731 ναοὶ
1512 1679 1813 1737 ἀσίναντοι.

242 1766 309 1817 Ὢ
361 1764 465 1833 τῆς
529 1765 876 1834 πωρώσεωςί
917 1765 963 1818 ὣ
1024 1766 1125 1837 τῆς
1182 1768 1515 1838 θεομαχίαςί
1578 1770 1816 1842 Χριστὸς

238 1858 465 1928 ἧρνητο,
508 1856 879 1927 άθετουμένης
918 1857 1016 1927 τῆς
1073 1858 1234 1926 ἁγίας
1277 1859 1443 1913 αὑτοῦ
1486 1861 1729 1925 εἰκόνος·
1778 1863 1812 1934 ἡ

1914 663 2113 719 Christi
2144 662 2413 733 aedificare
2469 664 2622 719 visus
2680 677 2739 719 es
2775 702 2792 731 ,
2822 662 2942 717 loco
2999 661 3171 715 ruinae
3214 668 3375 714 antea
3429 658 3493 713 il-

1914 757 2036 812 latae
2058 756 2083 810 Υ

1985 846 2078 901 Sic
2113 846 2222 917 egit
2259 847 2368 902 Deo
2411 846 2782 902 amicissimus
2813 844 2984 901 frater
3027 856 3235 911 noster,
3258 856 3317 903 et
3352 847 3496 902 idem

1913 938 2128 995 Medicii
2161 940 2487 1009 praepositus
2520 957 2535 994 :
2572 940 2655 996 sic
2700 942 3087 996 sanetissimus
3122 941 3282 995 Pater
3310 951 3498 996 noster

1913 1030 2270 1087 Laodicensis
2299 1050 2313 1087 :
2348 1033 2546 1088 deinde
2572 1041 2627 1088 et
2654 1033 2766 1087 alii.
2799 1032 3034 1089 Necesse
3066 1043 3151 1088 est
3168 1034 3495 1089 alterutrum

1914 1124 1985 1179 sit
2020 1139 2052 1179 e
2099 1124 2314 1181 duobus
2348 1142 2361 1179 :
2401 1126 2451 1179 hi
2490 1125 2535 1180 si
2576 1141 2643 1180 ex
2673 1126 2808 1196 legis
2846 1126 3159 1195 prescripto
3185 1126 3401 1191 fecere;
3439 1137 3497 1182 tu

1914 1224 2106 1282 praeter
2140 1216 2335 1287 legem,
2368 1224 2423 1271 et
2463 1217 2717 1287 quisquis
2774 1227 2953 1272 tecum
3002 1220 3153 1289 paria
3206 1219 3357 1276 fecit.
3391 1220 3498 1275 Sed

1914 1307 2158 1359 nonnulli
2200 1316 2349 1374 sunt,
2385 1320 2445 1363 ut
2472 1309 2659 1374 audio,
2693 1324 2926 1379 quorum
2981 1311 3175 1364 similis
3210 1312 3396 1381 lapsus
3418 1323 3500 1367 at-

1914 1412 2026 1467 que
2054 1398 2283 1455 offensio
2316 1411 2422 1466 est,
2446 1417 2678 1470 quorum
2725 1402 2945 1455 nomina
2977 1403 3150 1458 libens
3174 1406 3500 1472 praetermit-

1916 1499 2052 1555 tam,
2093 1493 2184 1561 qui
2216 1507 2314 1562 pro
2347 1508 2414 1548 eo
2446 1494 2597 1563 lapsu
2629 1509 2789 1564 agere
2832 1494 3207 1563 pmuitentiam
3239 1507 3497 1561 renuunt,

1914 1594 2009 1639 aut
2062 1599 2227 1655 porro
2272 1585 2485 1639 veniam
2538 1586 2862 1655 postulare:
2899 1601 3067 1656 seque
3117 1598 3265 1644 recte
3320 1590 3501 1660 egisse

1917 1677 2154 1732 dicunt:
2196 1691 2263 1730 ex
2296 1693 2359 1733 eo
2403 1677 2554 1731 enim
2581 1677 2835 1743 fratrum,
2876 1678 3149 1747 inquiunt,
3180 1681 3341 1735 saluti
3377 1698 3503 1751 pro-

1914 1775 2190 1836 spectum,
2232 1781 2297 1822 ac
2339 1767 2663 1835 templorum
2722 1766 3110 1823 incolumitati.
3166 1766 3210 1822 Ο
3244 1769 3499 1822 duritiem

1915 1858 2137 1912 cordis!
2174 1872 2207 1912 ο
2239 1857 2331 1912 Dei
2359 1859 2575 1912 odiuui!
2609 1856 2849 1928 Negatus
2904 1868 2987 1914 est
3036 1858 3286 1914 Christus
3322 1868 3501 1929 spreta

238 1949 527 2011 Θεοτὸκος,
555 1947 809 2001 ὁστισοῦν
846 1949 958 2002 τῶν
1002 1951 1202 2019 ἀγίων·
1249 1952 1318 2006 δι’
1370 1948 1447 2007 ὧν
1487 1955 1580 2008 καὶ
1620 1956 1809 2027 ἀρχιε-

1928 1949 2264 2005 sanctissima
2321 1950 2493 2019 ipsius
2545 1949 2782 2020 imagine
2815 1968 2830 2006 :
2865 1962 3053 2018 negata
3102 1949 3348 2019 Deipara,
3383 1959 3436 2004 et
3474 1965 3505 2004 e

244 2043 373 2111 ρεὺς
436 2040 712 2106 δεδίωκτο,
757 2042 853 2095 καὶ
916 2044 1211 2100 ἐπίσκοποι
1266 2046 1671 2119 περιορίζοντο,
1718 2049 1816 2102 καὶ

242 2132 540 2204 ἡγούμενοι
588 2134 1079 2202 ταυτοπαθοῦντες,
1116 2140 1340 2209 μοναχοὶ
1402 2142 1497 2193 καὶ
1550 2141 1816 2212 μονάζου-

244 2244 358 2291 σαι,
429 2225 631 2290 λαῖκοὶ,
686 2225 997 2291 λαῖζουσαι·
1045 2231 1093 2282 οἱ
1145 2232 1241 2302 μὲν
1284 2233 1634 2303 τυπτόμενοι,
1673 2234 1724 2288 οί
1759 2235 1817 2288 δὲ

241 2318 640 2390 φρουρούμενοι
674 2335 691 2350 ·
788 2319 938 2375 ἄλλοι
1034 2323 1514 2399 λιμοκτονούμενοι
1552 2370 1569 2396 ,
1638 2331 1818 2399 ἕτεροι

243 2408 514 2479 ξεόμενοι·
549 2408 700 2462 ἄλλοι
730 2408 1206 2483 θαλαττευόμενοι,
1257 2416 1435 2489 ἕτεροι
1478 2418 1815 2491 θανατούμε-

240 2516 323 2552 νοι
350 2514 365 2530 ·
417 2498 569 2553 άλλοι
625 2501 1102 2571 κρυπταζόμενοι,
1139 2504 1322 2577 ἕτεροι
1360 2508 1815 2578 δραπετεύοντες.

241 2595 480 2668 Πλήρεις
509 2595 565 2648 αί
598 2594 831 2666 ὲρημίαι
873 2598 1063 2653 καὶτὰ
1093 2599 1335 2671 σπήλαια
1354 2616 1368 2631 ·
1407 2600 1593 2672 πλήρη
1628 2605 1698 2654 τὰ
1716 2603 1816 2672 ὅρη

240 2692 340 2743 καί
377 2690 436 2743 αί
455 2688 657 2744 νάπαι·
710 2692 913 2762 σάρκες
954 2693 1312 2763 κοπτόμεναι,
1349 2695 1560 2765 αἵματα
1603 2694 1815 2767 ῥέοντα,

243 2780 279 2850 ή
310 2780 436 2833 καθ’
473 2782 620 2851 ἡμᾶς
650 2783 949 2853 οἰκουμένη
990 2784 1406 2855 κωδωνιςομένη
1433 2785 1511 2857 τῷ
1558 2785 1814 2858 διωγμῷ·

244 2873 448 2943 πᾶσαή
483 2874 579 2926 ὑπ’
640 2874 870 2945 ούρανδν
913 2873 990 2938 ὼς
1034 2876 1207 2927 εἰπεῖν
1259 2876 1675 2946 στοναχίζουσα,
1724 2876 1820 2930 καὶ

246 2964 686 3020 κατακλαίουσα·
725 2966 819 3019 καὶ
867 2966 963 3031 σὺ,
1007 2959 1052 3020 ὦ
1112 2966 1414 3037 τρισάθλιε,
1454 2966 1714 3031 ἑαλωκὼς
1750 2970 1816 3041 τῇ

245 3055 577 3128 ψυχοφθόρῳ
604 3058 884 3128 κοινωνίᾳ,
933 3058 1029 3111 καὶ
1060 3058 1237 3129 μένων
1265 3061 1346 3122 εἰς
1397 3060 1459 3111 τὸ
1493 3060 1777 3131 ὁλετήριον
1802 3075 1816 3091 ·

247 3148 337 3201 ἐπ’
367 3146 433 3201 ἂν
462 3148 664 3213 οὕτως·
698 3149 813 3203 ἀλλ’
844 3149 904 3202 οὐ
935 3152 1321 3221 μοναστήριον·
1350 3150 1533 3219 λέγεις
1556 3147 1615 3205 εὖ
1640 3150 1817 3221 ἔχειν·

1918 2042 2123 2095 sanctis
2176 2041 2455 2111 quilibet:
2493 2050 2717 2111 propter
2772 2059 2911 2109 quos
2960 2052 3015 2097 et
3061 2044 3505 2113 archiepiscopus

1917 2138 2144 2183 vexatus
2176 2141 2278 2195 est,
2304 2138 2359 2183 et
2384 2129 2557 2199 fugati
2595 2132 2646 2184 iu
2678 2132 2931 2186 exsilium
2979 2132 3242 2209 episcopi,
3271 2141 3325 2187 et
3364 2148 3505 2203 pra:-

1922 2219 2083 2289 positi
2108 2218 2248 2273 idem
2284 2222 2550 2290 perpessi,
2585 2224 2843 2279 monachi
2874 2239 2936 2279 ac
2964 2226 3252 2293 moniales,
3290 2242 3320 2281 e
3349 2227 3506 2283 laicis

1917 2311 2019 2365 viri
2064 2325 2129 2364 ac
2178 2309 2396 2365 feminae
2427 2330 2440 2365 :
2475 2313 2566 2367 alii
2614 2315 2910 2382 verberati,
2957 2318 3048 2371 alii
3091 2318 3144 2372 in
3200 2318 3504 2373 custodiam

1918 2403 2097 2470 missi,
2131 2403 2221 2456 alii
2259 2402 2401 2458 fame
2430 2406 2631 2469 enecti,
2664 2406 2756 2461 alii
2786 2408 3090 2477 dilacerati,
3121 2410 3212 2464 alii
3246 2411 3297 2463 in
3332 2426 3481 2465 mare

1917 2493 2099 2565 eiecti,
2128 2495 2219 2549 alii
2247 2505 2420 2550 morte
2452 2498 2689 2561 multati,
2721 2498 3107 2555 delitescentes
3130 2502 3242 2564 alii,
3280 2502 3370 2555 alii
3412 2518 3506 2557 ca-

1916 2597 2200 2656 pessentes
2232 2587 2442 2659 fugam.
2496 2588 2678 2645 Plenae
2731 2604 2859 2646 sunt
2912 2594 3235 2649 solitudines
3265 2610 3329 2649 ac
3383 2610 3506 2665 spe-

1919 2679 2096 2736 luncae
2126 2699 2140 2736 :
2173 2681 2317 2751 pleni
2377 2691 2591 2737 montes
2634 2698 2699 2738 ac
2748 2686 2921 2740 saltus
2958 2704 2971 2741 :
3010 2701 3203 2741 carnes
3268 2689 3509 2742 concisa:

1921 2783 2071 2837 sunt,
2104 2775 2324 2843 profluit
2384 2776 2630 2846 sanguis,
2670 2789 2855 2832 nostra
2893 2778 3043 2846 regio
3106 2781 3513 2847 persecutionis

1923 2865 2162 2939 ‘umultu
2214 2875 2493 2938 personat,
2551 2868 2703 2922 orbis
2766 2876 3037 2923 terrarutn
3105 2871 3508 2940 propemodum

1922 2956 2211 3011 universus
2263 2957 2573 3027 iugemiscit
2618 2973 2681 3012 ac
2732 2957 2919 3030 luget:
2952 2969 3009 3012 et
3042 2968 3121 3023 tu,
3182 2962 3511 3029 miserrime,

1925 3061 2050 3100 cum
2080 3057 2130 3101 te
2160 3048 2396 3103 exitialis
2452 3050 2771 3104 communio
2813 3060 3089 3120 captivum
3138 3062 3341 3116 teneat,
3397 3070 3516 3108 ma-

1921 3155 2164 3209 neasque
2188 3140 2240 3193 in
2272 3139 2531 3210 pestifero
2578 3141 2741 3208 loco;
2775 3159 2898 3196 nam
2932 3142 3011 3198 sic
3039 3154 3144 3210 est,
3173 3160 3278 3198 nou
3312 3146 3364 3199 in
3400 3160 3519 3199 mo-

251 3241 348 3294 καὶ
376 3241 607 3312 ὲγγελᾷς
640 3241 943 3305 Ἰουδαϊκῶς
988 3244 1117 3305 τοὺς
1155 3243 1586 3314 Χριστοφὸρους,
1622 3244 1821 3315 μᾶλλον

1928 3232 2167 3287 nasterio
2198 3248 2213 3298 ;
2253 3232 2335 3287 ais
2366 3242 2415 3286 te
2443 3242 2589 3287 recte
2612 3233 2812 3287 habere
2850 3251 2863 3285 :
2899 3249 2962 3288 ac
2990 3234 3302 3290 Judreorutn
3342 3252 3515 3300 more.

248 3334 307 3386 δὲ
338 3332 502 3386 αὑτὸν
530 3332 786 3403 Χριστὸν.
817 3332 958 3403 ὑπὲρ
994 3324 1056 3385 οὗ
1080 3313 1258 3386 καὶτὸ
1282 3313 1538 3405 πάσχειν.
1572 3313 1734 3389 Ποῖον
1763 3335 1820 3389 δὲ

1928 3342 2025 3384 eos
2059 3328 2155 3395 qui
2186 3325 2464 3381 Christum
2492 3338 2708 3398 gestant
2735 3328 2952 3393 irrides,
2988 3330 3098 3385 imo
3120 3330 3400 3385 Christum
3437 3332 3517 3401 ip—

251 3428 349 3479 καὶ
376 3424 620 3479 διεσώσω
656 3427 807 3490 ναὸν,
848 3425 943 3479 τὸν
975 3425 1102 3478 ναδν
1123 3425 1218 3479 τοῦ
1247 3425 1386 3480 Θεοῦ
1416 3426 1617 3496 μιάνας
1658 3445 1824 3481 σεαυο

250 3515 377 3581 τόν;
435 3515 602 3579 Τίνας
644 3516 703 3569 δὲ
758 3516 855 3568 καὶ
893 3515 1158 3587 ἀδελφοὺς
1204 3516 1496 3586 ἐφυλάξω·
1542 3516 1824 3589 διεφθορό-

252 3625 352 3671 τας
410 3609 476 3678 τῇ
521 3606 741 3678 ὀλεθρία
780 3624 875 3659 σου
929 3608 1209 3679 κοινωνίᾳ,
1248 3606 1366 3680 ,κᾶν
1410 3608 1470 3661 ὲν
1530 3608 1823 3680 βρώμασι;

254 3697 554 3752 σκάνδαλον
576 3698 671 3751 τοῦ
707 3698 939 3767 κόσμου,
995 3679 1301 3770 ὑπόδειγμα
1344 3679 1651 3771 ἀρνήσεως,
1686 3716 1828 3771 προ-

252 3790 432 3861 τροπὴ
468 3789 766 3855 ἀπωλείας,
807 3789 965 3862 σάρξ,
999 3789 1115 3843 ἀλλ’
1173 3792 1235 3844 ού
1294 3791 1537 3861 πνεῦμα,
1598 3776 1829 3860 σκοτὴρ,

256 3882 373 3935 ἀλλ’
423 3882 484 3935 οὑ
518 3884 767 3953 φωστήρ.
812 3880 1000 3934 Ταῦτα
1028 3882 1167 3953 αὐτὴ
1217 3884 1251 3953 ή
1282 3882 1510 3953 ἀλήθεια
1565 3882 1664 3954 βοᾷ
1694 3883 1833 3953 πρὸς

253 3977 385 4037 τοὺς
413 3972 586 4037 οὕτως
636 3973 967 4037 ἀσεϐοῦντας
993 3990 1008 4005 ·
1045 3974 1139 4038 οὓς
1188 3977 1237 4029 εί
1272 3974 1349 4046 μὴ
1406 3976 1832 4045 μετανοήσουσιν

253 4066 531 4137 ἐπιλέγειν
560 4067 733 4131 οὓτως
765 4067 920 4130 άθεα,
943 4067 1004 4121 οὐ
1040 4068 1403 4137 Χριστιανοὺς
1432 4066 1688 4140 ἡγητέον.

334 4245 615 4308 Ἤκουσας
664 4244 727 4298 τὸ
788 4247 984 4315 κρῖμα,
1039 4244 1264 4313 Πάτερ·
1319 4245 1651 4316 ἡμάρτηκας
1700 4243 1833 4296 ὑπο-

260 4338 503 4410 στρέψας
541 4340 636 4392 καὶ
666 4337 949 4409 ὴθετηκὼς
973 4337 1075 4409 τὴν
1105 4339 1421 4408 ὑπόσχεσιν.
1456 4338 1603 4409 Πλὴν
1630 4340 1659 4390 ὁ
1694 4339 1834 4405 ἀγα-

260 4433 350 4495 θὸς
377 4430 512 4495 Θεὸς
567 4432 914 4501 συγχωρήσει
957 4447 1060 4484 σοι.
1100 4432 1298 4485 Μεῖνον
1347 4426 1442 4484 οὖν
1471 4432 1596 4501 ἄρτι
1648 4432 1704 4482 έν
1753 4429 1836 4501 τῷ

264 4523 640 4596 μοναστηρίῳ,
678 4523 765 4575 ἐπ’
796 4525 863 4577 ἂν
897 4522 1164 4594 μετῆλθεν
1200 4522 1374 4586 άλλως
1398 4524 1466 4578 τά
1489 4525 1793 4594 πράγματα
1817 4538 1832 4555 ·

260 4617 520 4687 ἐχόμενος
547 4614 643 4668 τοῦ
662 4614 957 4685 ὁμολογοῦν
989 4617 1151 4669 παντὶ
1172 4614 1445 4687 ἀνθρώπῳ
1471 4616 1534 4669 τὸ
1560 4618 1831 4686 ἥμαρτον·

260 4709 338 4772 ὡς
368 4708 434 4763 ἂν
466 4708 494 4760 ὁ
554 4707 688 4770 Θεὸς
748 4706 1117 4779 εὖμενισθείη,
1159 4708 1256 4761 καὶ
1288 4708 1542 4779 ἀναγάγῃ
1573 4724 1632 4759 σε
1665 4710 1742 4767 είς
1774 4706 1836 4759 τὸ

263 4802 534 4873 πρότερον
572 4800 717 4870 φῶς,
759 4801 850 4854 ὅτε
890 4802 1051 4872 ηῦγει
1084 4804 1113 4854 ὁ
1143 4800 1337 4870 λύχνος
1395 4801 1498 4871 τῆς
1553 4799 1837 4863 πολιτείας

264 4908 360 4944 σου
380 4908 394 4921 ·
420 4891 509 4943 ὅτε
541 4884 610 4962 ἧς
640 4888 907 4954 σεδαστὸς
963 4892 1058 4943 καὶ
1090 4889 1405 4960 βασιλεῦσιν
1429 4906 1445 4922 ·
1477 4892 1567 4943 ὅτε
1620 4889 1738 4943 οὐδὲ
1776 4890 1837 4942 τὸ

262 4982 424 5051 τυχὸν
457 4980 738 5053 παροφθὲν
763 4977 832 5052 ἦν
880 4998 965 5034 σοι
995 4981 1471 5053 ἀκαταφρόνητον.
1531 4980 1643 5034 Καὶ
1703 4980 1841 5046 πρὸς

264 5076 327 5128 τὺ
352 5074 480 5144 ἑξῆς
504 5074 581 5138 ὡς
611 5075 961 5143 οίκονομήσει
990 5073 1196 5145 Κύριος
1231 5073 1300 5126 τὰ
1345 5072 1448 5143 τῆς
1487 5070 1837 5141 Ἑκκλησίας,

262 5167 409 5222 οὕτω
448 5168 543 5221 καὶ
568 5168 878 5238 λαλήσομεν
907 5182 922 5196 ·
977 5165 1123 5219 οὕτω
1174 5164 1272 5219 καὶ⁸
1318 5162 1845 5234 συναποθανούμεθά

267 5280 349 5316 σοι
391 5262 481 5314 διὰ
512 5261 612 5331 τὴν
639 5262 863 5331 ἀγάπην
891 5261 948 5312 ὲν
980 5263 1045 5331 τῇ
1077 5260 1291 5329 ἀγάπῃ.
1354 5258 1670 5328 Προσεύχου
1714 5256 1845 5328 περὶ

265 5354 424 5426 ἡμῶν
455 5352 565 5406 τῶν
598 5351 980 5425 ἁμαρτωλῶν·
1016 5351 1113 5403 καὶ
1166 5350 1243 5421 μὴ
1293 5348 1409 5402 οίου
1456 5347 1845 5418 ὑπεροπτικῶς

265 5450 420 5519 ἡμᾶς
448 5447 659 5517 γράψαι
685 5464 699 5478 ·
738 5448 896 5516 ίσμεν
924 5444 1034 5515 γάρ
1069 5445 1297 5507 ἑαυτοὺς
1329 5443 1608 5514 βδέλυγμα
1662 5444 1719 5495 ὲν
1750 5442 1846 5494 ἀν-

266 5542 463 5611 δράσιν
487 5540 686 5604 ὁσίοις·
720 5540 858 5593 ἀλλὰ
884 5538 973 5591 διά
1006 5536 1067 5590 τὸ
1126 5536 1327 5607 ἀληθὲς
1380 5534 1473 5589 καί
1530 5552 1624 5588 σου
1674 5535 1847 5605 σωτή-

271 5652 405 5705 ριον.
454 5633 514 5685 Εἰ
540 5631 597 5685 δὲ
625 5631 718 5685 καὶ
743 5631 942 5695 ἄλλων,
970 5631 997 5683 ὁ
1028 5626 1220 5682 παθὼν
1248 5626 1576 5698 ὁμολογήσοι
1601 5623 1721 5695 Θεῷ
1746 5626 1845 5695 τὴν

270 5745 453 5800 χάριν.

1926 3434 2050 3475 sum
2086 3420 2289 3488 potius,
2324 3419 2483 3488 cujus
2510 3422 2687 3491 gratia
2710 3421 2784 3475 illi
2822 3424 3123 3491 patiuntur.
3153 3424 3325 3489 Quale
3355 3440 3521 3494 porro

1924 3512 2185 3581 templum
2211 3512 2481 3579 servasti;
2523 3528 2649 3567 cum
2686 3516 2945 3585 templum
3000 3515 3091 3570 Dei
3138 3516 3372 3586 teipsum
3420 3518 3523 3573 fa:-

1927 3603 2068 3659 dasti
2084 3604 2106 3657 ’ἰ
2122 3605 2269 3670 Quos
2287 3618 2416 3658 vero
2436 3605 2631 3660 fratres
2644 3608 3111 3674 custodiisti,cum
3131 3610 3346 3664 eosdem
3366 3612 3526 3679 pesti-

1928 3697 2042 3752 fera
2095 3710 2188 3752 tua
2246 3699 2659 3763 communione,
2693 3700 2777 3754 vel
2831 3702 2949 3755 solo
3011 3702 3156 3765 cibo,
3209 3707 3524 3773 corruperis

1931 3790 2123 3845 mundi
2179 3789 2521 3856 scandalum,
2558 3790 2883 3847 defectionis
2941 3795 3275 3863 exemplum,
3308 3795 3374 3849 ad
3403 3797 3523 3849 exi-

1932 3881 2070 3935 tium
2100 3881 2435 3936 adhortator
2470 3901 2484 3936 :
2518 3898 2671 3947 caro,
2705 3892 2761 3937 at
2798 3899 2905 3938 non
2943 3886 3208 3953 spiritus;
3253 3888 3521 3952 tenebrio,

1933 3980 2128 4064 ςιιυιιοη
2160 3973 2276 4027 lux.
2307 3971 2432 4028 Haec
2464 3973 2664 4039 vet-itas
2693 3973 2808 4040 ipsa
2866 3975 3126 4028 inclamat
3175 3977 3242 4031 ad
3290 3993 3385 4031 eos
3427 3980 3521 4047 qui

1968 4081 2020 4121 ιο
2066 4065 2234 4135 impie
2283 4078 2451 4138 agunt
2483 4084 2498 4121 :
2536 4083 2676 4137 quos
2707 4067 2811 4121 nisi
2870 4069 3133 4137 paeniteat
3170 4080 3280 4124 tam
3316 4071 3522 4126 nefaria

1936 4155 2110 4226 loqui,
2145 4172 2254 4210 non
2284 4167 2413 4212 sunt
2436 4158 2470 4212 ii
2491 4158 2794 4213 Christiani
2826 4161 3107 4213 censendi.

2006 4245 2224 4301 Audisti
2265 4246 2562 4316 judicium,
2608 4246 2788 4302 Pater.
2841 4247 3107 4313 Peccasti,
3141 4266 3266 4305 cum
3325 4252 3523 4307 violata

1937 4333 2042 4390 ilde
2078 4347 2225 4406 terga
2257 4336 2491 4390 vertisti.
2548 4335 2655 4392 Sed
2695 4338 2908 4391 veniam
2962 4338 3059 4391 tibi
3106 4338 3252 4396 Deus
3282 4345 3523 4410 optimus

1936 4428 2107 4484 dabit.
2144 4428 2300 4484 Mane
2335 4429 2519 4501 itaque
2552 4446 2696 4485 nunc
2730 4431 2781 4484 iu
2811 4434 3167 4495 monasterio,
3202 4436 3383 4505 quoad
3415 4437 3525 4490 alio

1940 4535 2000 4574 se
2038 4520 2256 4589 negotia
2290 4520 2552 4575 verterint
2587 4539 2601 4574 :
2643 4522 2861 4575 assidue
2886 4522 3027 4575 hanc
3078 4509 3371 4593 unicuique
3419 4525 3522 4578 bo-

1941 4610 2075 4663 tniui
2128 4611 2492 4667 confessionis
2552 4627 2740 4666 vocem
2805 4613 3107 4676 inculcans,
3163 4613 3523 4669 Peccavizut

1941 4709 2197 4756 exoretur
2234 4700 2397 4767 Deus,
2423 4712 2749 4772 revocetque
2781 4711 2831 4757 te
2860 4703 2927 4757 ad
2982 4704 3131 4758 illam
3170 4708 3405 4779 priorem
3436 4707 3521 4761 lu-

1943 4809 2086 4857 eam,
2136 4808 2263 4848 cum
2291 4795 2730 4849 conversationis
2770 4802 2873 4849 tua?
2927 4796 3013 4848 fax
3065 4794 3365 4866 effulgeret,
3396 4813 3520 4852 cum

1943 4900 2094 4941 esses
2122 4885 2460 4955 principibus
2518 4886 2651 4956 ipsis
2709 4888 3075 4950 venerandus,
3106 4902 3340 4958 cumque
3388 4890 3521 4943 nihil

1946 4993 2056 5031 non
2116 4977 2393 5048 despectui
2448 4988 2629 5043 esset,
2662 4978 2753 5034 ubi
2798 4988 2975 5033 tecum
3034 4979 3394 5037 conferretur.
3447 4984 3526 5037 Ac

1949 5070 2224 5139 deinceps,
2255 5080 2412 5139 prout
2444 5071 2699 5126 Ecclesiae
2730 5072 2941 5142 negotia
2966 5072 3224 5129 Dominus
3247 5074 3527 5141 dispensa-

1952 5162 2143 5227 bit,sic
2158 5172 2213 5217 et
2238 5162 2548 5231 loquemur,
2572 5163 2651 5218 sic
2678 5172 2733 5217 et
2758 5164 3183 5217 commorietnur
3208 5165 3302 5217 tibi
3325 5175 3526 5219 unituae

1952 5252 2238 5308 charitatis
2272 5253 2484 5308 olliciis.
2530 5253 2633 5309 Pro
2666 5270 2751 5307 tne
2782 5263 3066 5323 peccatore
3102 5272 3289 5324 preces
3318 5255 3522 5311 funde:

1952 5359 2055 5397 nec
2126 5359 2213 5397 me
2272 5344 2549 5399 existimes
2603 5353 2925 5412 arroganter
2988 5346 3266 5411 scribere;
3324 5349 3525 5403 scimus

1953 5435 2099 5490 enim
2154 5436 2297 5489 inter
2348 5439 2498 5491 viros
2544 5448 2764 5493 sanctos
2804 5454 2925 5493 esse
2960 5456 3062 5493 nos
3105 5441 3529 5499 abominationis

1953 5530 2127 5586 instar
2161 5548 2175 5597 ;
2212 5536 2305 5587 sed
2340 5534 2521 5589 studio
2568 5534 2837 5599 veritatis.
2870 5550 2935 5590 ac
2962 5545 3067 5591 tua:
3094 5537 3285 5592 salutis
3313 5538 3521 5590 deside-

1953 5623 2059 5677 rio.
2115 5622 2270 5690 Quod
2296 5626 2342 5680 si
2372 5626 2485 5680 haec
2528 5637 2583 5680 et
2609 5627 2734 5681 aliis
2786 5628 3037 5697 prosint;
3072 5629 3165 5700 qui
3199 5628 3525 5685 beneﬁcium

1953 5716 2245 5786 acceperit,
2276 5716 2505 5789 gratiam
2544 5717 2589 5774 is
2626 5716 2736 5773 Deo
2766 5718 2981 5776 referat.
