4156 6480
693 394 825 459 1339

1866 404 1930 464 S.
1954 405 2355 467 THEODORI
2407 408 2751 469 STUDITAZ

3811 405 3957 469 1340

688 502 772 553 XC
805 501 988 573 (').-
1038 503 1257 559 Dilectis
1308 508 1675 574 spiritualibus
1726 511 1854 578 ﬁliis
1879 524 1928 565 et
1973 515 2255 583 patribus,

2389 524 2436 583 ι’.
2468 548 2535 561 -
2572 517 2705 583 Τοῖς
2730 515 3135 588 ἠγαπημένοις
3157 516 3581 587 πνευματικοῖς
3613 518 3852 583 τέκνοις
3894 536 3958 571 re

756 591 1060 660 Laurentio,
1106 598 1361 661 Simeoni,
1399 599 1669 670 Dionysio,
1704 599 1967 677 Poemeni,
1995 602 2185 666 Litoio,
2227 617 2279 659 et

756 688 969 755 reliquis
992 689 1091 740 huc
1142 699 1190 741 et
1234 691 1358 742 illuc
1392 692 1662 757 dispersis,
1692 691 1987 748 Theodorus
2032 705 2278 764 peccator

756 782 1042 833 monachus
1059 783 1115 835 in
1148 780 1370 835 Domino
1400 784 1643 837 salutem.

2444 611 2542 664 καί
2590 610 2893 680 ἀδελφοῖς,
2940 610 3298 679 Λαυρεντίῳ,
3332 609 3592 677 Συμεὼν,
3634 612 3956 674 Διονυσίῳ,

2438 702 2696 769 Ποιμένι,
2728 704 2965 767 Λιτωῖῳ,
2996 705 3091 756 καί
3148 703 3272 769 τοῖς
3299 703 3533 767 λοιποῖς
3554 698 3672 755 ὧδε
3708 703 3957 757 κάκεῖσε

2434 792 2892 862 διεσπαρμένοις
2910 834 2925 856 ,
2962 793 3258 861 Θεόδωρος
3295 795 3643 865 ἁμαρτωλὸς
3680 796 3960 865 μοιάχός

2423 880 2506 933 ἐν
2521 884 2714 950 Κυρίῳ
2738 884 2983 953 χαίρειν.
3008 882 3211 955 [φπγ’

1053 1030 1119 1080 Ut
1159 1033 1507 1093 persecutione
1546 1034 1756 1094 liberati,
1782 1042 1833 1083 et
1854 1037 2501 1161 gratiismagptagegéine:
2519 1046 2780 1165 quiidqum
2799 1045 2862 1093 de
2894 1045 3087 1095 virtutis
3106 1046 3270 1094 studio
3308 1047 3575 1097 remittanL

2166 1118 2197 1148 ι.
2219 1118 2297 1150 an.
2330 1118 2440 1164 σει,
2460 1119 2505 1154 n.
2531 1118 2607 1154 Η.

765 1220 1015 1273 Gaudere
1070 1236 1283 1289 semper
1318 1220 1440 1274 licet
1480 1219 1546 1273 iis
1592 1221 1684 1289 qui
1739 1224 2036 1276 secundum
2109 1222 2275 1277 Deum

2454 1229 2681 1299 Χαίρειν
2715 1229 2831 1283 ἔστι
2864 1229 3099 1283 πάντοτε
3126 1234 3241 1294 τοῖς
3283 1231 3426 1284 κατά
3458 1231 3591 1285 Θεὸν
3638 1231 3780 1297 ζῶσι
3804 1252 3819 1265 ο
3856 1234 3963 1286 κᾶν

694 1311 861 1363 \itam
911 1319 1117 1378 agunt:
1152 1314 1315 1365 etiam
1350 1312 1394 1364 si
1427 1311 1479 1363 in
1521 1311 1700 1365 tristia
1746 1322 1800 1365 et
1833 1313 2029 1367 laetitia!
2058 1324 2277 1368 contra~

2389 1321 2491 1383 τοῖς
2525 1321 2623 1390 τῆς
2687 1324 2857 1391 χαρᾶς
2911 1324 3180 1386 ἐναντίοις
3229 1324 3561 1376 ὑποπεσοιεν
3589 1342 3605 1357 ο
3661 1327 3860 1395 ἐπειδὴ
3898 1329 3956 1378 ἓν

697 1403 774 1454 ria
808 1403 1168 1455 devolvantnr
1198 1420 1210 1455 :
1238 1402 1364 1471 quia
1413 1419 1581 1455 unum
1619 1420 1757 1457 verae
1790 1404 1984 1458 laetitia:
2015 1422 2153 1473 opus
2190 1416 2275 1462 est

698 1508 823 1561 Spes
854 1494 905 1546 in
958 1491 1151 1557 Deum,
1187 1509 1251 1547 ac
1311 1509 1405 1561 pro
1432 1494 1548 1560 ipso
1582 1504 1635 1547 et
1666 1510 1761 1563 per
1797 1496 1971 1563 ipsum
2006 1498 2186 1552 vivere
2223 1507 2277 1553 et

700 1584 928 1641 moveri.
973 1593 1027 1636 et
1075 1584 1217 1635 aliud
1272 1584 1487 1652 quidvis
1523 1599 1699 1653 agere.
1733 1583 1887 1649 Quod
1923 1601 2051 1639 vero
2084 1588 2156 1641 ita
2184 1604 2280 1644 vos

698 1676 999 1742 comparati
1050 1675 1195 1735 sitis,
1222 1691 1307 1727 res
1336 1676 1465 1742 ips:e
1497 1683 1786 1727 testantur.
1838 1674 1955 1741 Qua
1994 1679 2138 1731 enim
2172 1680 2277 1734 alia

698 1768 765 1820 de
797 1783 960 1820 causa
986 1768 1257 1835 dispersio
1290 1777 1342 1819 et
1374 1767 1525 1819 labor
1552 1780 1607 1820 et
1645 1769 1856 1822 vexatio
1886 1775 2085 1834 vestra,
2111 1787 2276 1838 quant

700 1867 921 1927 propter
988 1858 1163 1927 ipsum
1221 1858 1421 1911 bonum
1483 1859 1647 1912 Deum
1712 1860 2004 1912 nostrum?
2043 1860 2279 1917 Tametsi

703 1964 869 2006 nunc,
903 1949 1148 2017 ejusdem
1192 1949 1554 2018 providentia,
1588 1964 1681 2018 per
1711 1952 1900 2019 optimi
1932 1952 2279 2019 imperatoris

702 2041 1182 2105 renuntiationem,
1251 2042 1486 2095 cessavit
1544 2044 1853 2110 persecutio
1890 2062 1903 2096 :
1937 2053 1992 2097 et
2054 2045 2121 2099 iis
2185 2045 2280 2114 qui

2380 1411 2721 1483 εὐφροσύνης
2765 1413 3028 1483 ἀληθινῆς
3074 1413 3236 1485 ἔργον
3270 1417 3302 1483 ὴ
3352 1417 3431 1478 είς
3472 1415 3605 1468 Θεὸν
3647 1417 3831 1481 ἐλπὶς,
3865 1432 3963 1470 και

2379 1503 2440 1555 τὸ
2470 1504 2610 1573 ὑπὲρ
2644 1502 2809 1556 αὐτοῦ
2841 1504 2937 1557 καὶ
2964 1505 3031 1557 δι’
3055 1505 3219 1558 αὐτὸν
3250 1505 3384 1574 ζῇν..
3403 1504 3498 1558 καὶ
3524 1507 3819 1568 κινεῖσθαι,
3864 1510 3961 1561 καὶ

2383 1595 2492 1647 πᾶν
2520 1595 2699 1647 ότιοῦν
2741 1594 2868 1648 ἄλλο
2920 1596 3205 1664 πράττειν.
3244 1598 3366 1651 Ὀτι
3430 1597 3486 1651 δὲ
3543 1598 3719 1663 οὕτως
3773 1602 3959 1670 ὑμεῖς,

2383 1689 2655 1754 μαρτυρεῖ
2705 1686 2846 1739 αὐτὰ
2873 1686 2939 1739 τὰ
2971 1689 3295 1756 πράγματα.
3362 1683 3585 1753 Οὖτινος
3629 1693 3744 1761 γὰρ
3790 1691 3959 1744 ἀλλον

2381 1776 2570 1829 ἕνεκεν
2605 1778 2634 1829 ό
2660 1779 2999 1849 σκορπισμὸς
3032 1783 3119 1831 καὶ
3160 1782 3327 1843 κόπος
3350 1784 3447 1835 καὶ
3482 1783 3672 1847 κλόνος
3708 1785 3738 1836 ὐ
3748 1784 3893 1854 μῶν,
3926 1785 3957 1853 ἢ

2382 1866 2450 1919 δι’
2473 1869 2638 1921 αὐτὸν
2670 1870 2760 1921 τὸν
2793 1870 2999 1937 ἀγαθὸν
3030 1870 3162 1923 Θεὸν
3190 1871 3348 1941 ἡμῶν
3376 1890 3389 1936 ;
3424 1873 3488 1927 Εί
3524 1876 3617 1926 καὶ
3650 1875 3734 1927 ὅτι
3766 1874 3865 1926 νῦν
3892 1878 3957 1943 τῇ

2383 1959 2551 2013 αὐτοῦ
2586 1961 2904 2033 προμηθείᾳ
2934 1962 3220 2031 ἐλώφησεν
3250 1966 3278 2015 6
3302 1964 3565 2034 διωγμός.
3622 1966 3961 2037 Ἀναρρήσει

2385 2049 2478 2101 τοῦ
2512 2050 2751 2120 χρηστοῦ
2784 2053 3049 2120 κράτους’
3082 2052 3177 2105 καὶ
3208 2045 3517 2125 παρρησίας
3542 2054 3683 2124 θύρα
3705 2056 3958 2125 ἀνεῴχθη

700 2150 819 2185 eam
863 2132 1228 2201 patiebantur,
1266 2132 1529 2187 libertatis
1561 2133 1764 2187 ostium
1802 2137 2129 2202 patefactum
2176 2146 2279 2200 est,

2389 2144 2495 2204 τοῖς
2523 2143 2925 2213 ὀεδιωγμένοις,
2960 2145 3298 2198 ἀπολαύουσι
3325 2146 3553 2217 μετρίας
3581 2149 3836 2215 ἀφέσεως
3870 2152 3963 2203 καὶ

708 2222 922 2275 modica
954 2221 1062 2275 illis
1104 2221 1440 2274 relaxatione
1468 2229 1523 2274 et
1559 2236 1689 2289 pace
1746 2235 2006 2276 concessa
2066 2237 2158 2291 per
2188 2236 2279 2274 ur-

705 2315 799 2368 bes
832 2314 1072 2382 singulas
1106 2323 1265 2382 atque
1330 2313 1663 2382 provincias.
1723 2313 1842 2379 Quo
1878 2316 2095 2367 nomine
2121 2329 2281 2384 agere

706 2403 934 2458 Domino
962 2405 1166 2473 gratias
1194 2404 1478 2464 debemus.
1516 2403 1729 2470 Patres,
1786 2414 1837 2458 et
1872 2404 2076 2474 precari
2129 2418 2278 2468 eum,

704 2505 815 2546 tum
849 2509 945 2563 pro
976 2494 1359 2547 abundantiori
1405 2511 1559 2563 pace,
1593 2504 1706 2548 tum
1737 2510 1834 2562 pro
1865 2496 2282 2549 coutlrmatione

704 2584 1000 2635 electorum
1035 2598 1063 2634 a
1109 2581 1218 2635 Deo
1252 2583 1640 2651 imperatorum
1676 2593 2012 2636 nostrorum.
2051 2583 2147 2637 llic
2183 2585 2285 2654 igi-

708 2682 796 2724 tur
826 2674 1033 2741 primus
1063 2686 1244 2725 sermo
1276 2682 1479 2725 noster.
1544 2671 1853 2737 Proximus,
1891 2684 1947 2726 ut
1992 2684 2045 2727 et
2102 2690 2202 2729 nos
2231 2684 2285 2730 et

709 2780 808 2817 vos
863 2764 1253 2816 relaxationem
1298 2762 1455 2817 istam
1490 2763 1917 2833 missionemqne
1948 2767 2012 2816 ad
2062 2763 2285 2818 virtutis

706 2855 1033 2906 solutionem
1105 2852 1327 2906 minime
1382 2853 1766 2921 accipiamus;
1810 2853 1903 2906 sed
1970 2852 2284 2922 ubicunque

707 2941 906 3009 singuli
973 2942 1184 2999 simus.
1250 2940 1484 3008 idipsum
1554 2941 1857 2993 sentiamus
1900 2942 1965 3002 η,
2037 2942 2283 2994 eamdem

710 3048 958 3085 normam
999 3042 1306 3094 teneamus,
1342 3032 1393 3084 in
1424 3031 1569 3084 nullo
1601 3032 1784 3085 dantes
1838 3032 2200 3099 o/frnsionem,
2228 3042 2285 3086 ut

710 3140 812 3175 non
842 3125 1167 3192 vituperetur
1199 3124 1553 3176 ministerium
1586 3139 1602 3176 :
1636 3123 1725 3176 sed
1779 3126 1836 3175 iu
1866 3122 2104 3177 omnibus
2133 3124 2287 3176 exhi-

711 3221 924 3269 tieamus
966 3218 1335 3282 nosmetipsos,
1362 3225 1419 3268 ut
1447 3217 1707 3283 scriptum
1738 3223 1841 3279 est,
1874 3216 2009 3267 sicut
2063 3215 2157 3269 Dei
2187 3217 2289 3268 mi~

708 3309 926 3368 nistros,
968 3308 1023 3360 in
1069 3309 1349 3376 patientia,
1400 3308 1455 3359 in
1508 3307 1953 3372 tribulationibus,
2019 3308 2073 3359 in
2124 3324 2289 3377 angu-

708 3400 826 3453 stiis
849 3401 918 3463 ⁹³;
952 3400 1004 3452 in
1028 3400 1151 3453 aliis
1181 3400 1381 3467 quibus
1425 3398 1587 3467 hujus
1631 3400 1891 3467 temporis
1920 3400 2028 3451 vita
2051 3401 2286 3453 obnoxia

710 3500 811 3545 est.
849 3490 922 3545 lla
958 3492 1105 3545 enim
1156 3500 1209 3543 ct
1254 3506 1317 3545 ea
1373 3506 1495 3560 qua:
1525 3490 1637 3558 jam
1676 3501 1889 3558 peracta
1919 3490 2283 3545 suntstabilia
2314 3483 2356 3540 C

712 3582 1183 3636 conﬁrmabimus.
1214 3590 1267 3634 et
1288 3596 1350 3633 ea
1388 3595 1507 3647 qua:
1559 3595 1702 3633 nunc
1757 3582 1980 3641 instant,
2042 3570 2287 3636 faciliora

713 3672 1022 3737 reddemus,
1040 3682 1093 3725 et
1112 3671 1329 3735 futuris,
1357 3682 1407 3723 ul
1435 3672 1616 3740 pietati
1636 3673 1891 3725 convenit
1912 3688 2284 3728 occurremus.

779 3762 890 3819 Nos
949 3766 1037 3817 hic
1088 3778 1281 3818 sumus
1352 3763 1420 3817 ad
1456 3765 1643 3816 urbem
1703 3764 2029 3829 habitantes,
2082 3767 2289 3821 sciente

715 3857 1044 3926 imperatore
1079 3874 1091 3909 :
1122 3858 1370 3909 videmus
1430 3857 1632 3924 pariter
1694 3865 1747 3909 et
1798 3857 2046 3911 videmur
2095 3858 2163 3911 ab
2192 3856 2289 3910 ad-

710 3948 1063 4001 ventantibus
1098 3944 1362 3999 fratribus
1401 3956 1453 3999 et
1484 3943 1736 3999 Patribus
1770 3949 1967 4037 nostris
2000 3965 2013 4001 :
2040 3957 2093 4002 et
2125 3944 2290 4037 libzet-

714 4046 799 4093 tas
829 4038 897 4092 ab
932 4038 1021 4105 pio
1066 4037 1391 4105 imperatore
1415 4037 1707 4089 constituta
1748 4046 1849 4090 cst.
1880 4033 1949 4091 De
1981 4036 2185 4105 futuro,
2219 4027 2290 4092 ‘th

712 4130 907 4198 diriget
969 4129 1249 4188 Dominus.
1292 4135 1345 4180 et
1373 4126 1585 4196 jubebit
1637 4127 1954 4195 imperator,
2019 4128 2137 4182 sive
2200 4130 2289 4185 hic

716 4237 959 4279 manere,
993 4222 1105 4273 sive
1139 4220 1247 4272 alio
1276 4219 1549 4285 secedere,
1588 4218 1689 4271 iter
1719 4217 2003 4274 fat-ieiunus.
2052 4220 2288 4275 Tantum

716 4329 813 4368 vos
843 4314 895 4367 in
932 4328 1069 4382 opus
1106 4322 1342 4365 vestrum
1366 4313 1551 4365 intenti
1586 4312 1841 4375 insistite,
1864 4323 1917 4366 et
1943 4329 2038 4382 pro
2069 4314 2293 4369 humili-

719 4417 828 4461 tate
857 4417 1040 4460 nostra
1095 4406 1315 4459 assidue
1367 4406 1687 4474 precamini,
1719 4414 1779 4457 ut
1817 4406 1935 4458 sine
1975 4405 2289 4461 offensione

716 4498 890 4553 simus
922 4498 1005 4552 bis
1027 4508 1189 4567 atque
1228 4498 1332 4551 illis
1362 4508 1415 4550 et
1469 4496 1721 4551 Ecclesiae
1757 4496 1874 4551 Dei.
1915 4494 2163 4560 Fratres.
2194 4498 2290 4568 qui

717 4590 887 4643 avulsi
917 4604 946 4641 a
988 4591 1143 4643 nobis
1199 4599 1402 4641 temere
1448 4586 1666 4641 fuerunt
1718 4588 1882 4643 Variis
1943 4589 2144 4653 modis,
2196 4606 2295 4661 per

718 4682 972 4735 idoneum
1018 4696 1325 4735 sermonem
1369 4680 1529 4733 nobis
1585 4678 1728 4732 uniri
1774 4680 1980 4749 optimo
2010 4680 2118 4736 Deo
2176 4682 2292 4752 pla-

718 4776 851 4827 cuit.
904 4772 969 4825 Et
999 4774 1167 4843 gavisi
1226 4787 1417 4826 smnus
1443 4772 1647 4842 indigni
1682 4772 1880 4841 gaudio
1910 4788 2130 4843 magno,
2160 4775 2287 4843 quia

717 4881 839 4936 quae
889 4881 993 4919 non
1051 4867 1428 4934 sperabamus,
1478 4864 1713 4917 vidimus
1765 4864 1936 4918 oculis
1992 4867 2217 4929 nostris,
2240 4876 2294 4922 et

718 4958 1026 5013 cicatricem
1069 4957 1415 5011 obduxerunt
1460 4956 1632 5011 divisa
1686 4958 1950 5023 membra,
1989 4967 2043 5012 et
2094 4958 2291 5014 festum

722 5050 948 5105 llomino
974 5050 1187 5115 agimus
1223 5050 1274 5103 in
1313 5050 1741 5119 uniuscujusque
1772 5064 2063 5117 concursu,
2091 5060 2145 5105 et
2160 5067 2294 5107 con-

718 5144 935 5198 ﬁtemur
974 5142 1204 5196 Domino
1234 5154 1285 5197 ct
1316 5144 1518 5213 gratias
1572 5145 1785 5212 agimus
1825 5144 2245 5213 imperatoribus
2274 5162 2291 5211 ;

718 5239 976 5307 quoniam
1019 5237 1064 5291 si
1098 5238 1242 5290 aliud
1297 5236 1451 5300 nihil,
1492 5238 1647 5291 nobis
1701 5247 1848 5291 certe
1910 5253 2163 5308 magnum
2210 5248 2295 5293 est

719 5327 1041 5381 beneﬁcium
1077 5344 1090 5380 :
1128 5326 1321 5381 deinde
1374 5330 1501 5397 quia
1562 5327 1717 5382 nobis
1774 5329 1888 5382 tunc
1952 5344 2293 5400 nequaquam

716 5423 791 5477 ita
830 5432 953 5492 apte
984 5420 1336 5485 cecidissent,
1374 5423 1476 5476 nisi
1528 5437 1558 5475 e
1588 5423 1904 5476 carceribus
1954 5422 2028 5476 ita
2081 5423 2296 5479 dimissi

720 5515 1036 5582 fuissemus,
1060 5516 1186 5570 etin
1217 5516 1309 5569 tali
1343 5515 1461 5569 loco
1492 5514 1953 5570 consedissemus.
1975 5514 2171 5570 Omnia
2192 5531 2293 5571 no-

720 5608 804 5663 bis
834 5609 969 5663 belle
1020 5618 1341 5676 evenerunt,
1378 5619 1442 5661 et.
1459 5608 1729 5671 evenient,
1757 5617 1843 5662 sat
1900 5607 2039 5675 scio,
2077 5609 2289 5668 sanctis

789 5724 836 5754 ν’
872 5721 1104 5791 Philipp.
1131 5738 1192 5785 ιι,
1355 5722 1396 5751 ’⁷
1434 5723 1470 5774 Η
1505 5720 1631 5775 Cor.
1664 5738 1738 5780 vn.
1771 5722 1824 5776 5.

793 5818 853 5865 t'l
879 5813 1237 5868 Culecbctica.

2383 2234 2606 2301 εἰρήνης
2665 2235 2807 2288 κατά
2854 2235 3036 2287 πᾶσαν
3092 2236 3247 2288 πόλιν
3302 2237 3396 2289 καὶ
3452 2236 3657 2307 χώραν.
3709 2240 3829 2307 Ἐφ’
3880 2236 3963 2303 οἷς

2382 2325 2662 2394 ὀφειλέται
2714 2326 2902 2396 ἐσμὲν,
2950 2320 2995 2379 ὦ
3054 2328 3319 2399 Πατέρες,
3380 2328 3735 2399 εὐχαριστίας
3786 2348 3964 2400 προσ-

2384 2418 2541 2485 άγειν
2570 2417 2779 2489 Κυρίῳ,
2816 2418 2912 2471 καὶ
2945 2421 3244 2489 πρεσϐείας
3278 2420 3417 2490 ὑπέρ
3455 2437 3513 2474 τε
3549 2422 3964 2494 πλουσιωτέρας

2384 2511 2628 2579 εἰρήνης,
2714 2510 2809 2563 καὶ
2887 2511 3290 2581 ὲπιστηρίξεως
3353 2511 3462 2565 τῶν
3538 2512 3962 2585 θεοπροδλήτων

2385 2600 2543 2670 ἡμῶν
2579 2599 2863 2670 βασιλέων.
2904 2595 3072 2662 Οὗτος
3102 2597 3195 2655 οὖν
3236 2604 3264 2655 6
3295 2603 3511 2672 πρῶτος
3542 2603 3723 2672 λόγος.
3764 2606 3964 2658 Δεύτε-

2388 2709 2479 2765 ρον
2512 2693 2588 2757 δὲ,
2623 2693 2708 2745 ἵνα
2741 2694 2836 2747 καὶ
2866 2695 3023 2765 ἡμεῖς
3059 2696 3153 2747 καὶ
3187 2697 3345 2763 ὑμεῖς
3383 2697 3457 2768 μὴ
3506 2698 3605 2765 τὴν
3640 2699 3840 2765 ἄφεσιν
3884 2700 3964 2762 εἰς

2387 2784 2630 2838 διάλυσιν
2700 2786 2903 2857 ἀρετῆς
2951 2786 3272 2857 δεξοίμεθα·
3329 2788 3445 2842 ἀλλ’
3490 2790 3734 2860 ὅπουπερ
3798 2792 3965 2860 ἐσμὲν

2386 2874 2617 2938 ἕκαστος
2648 2878 2706 2929 τὸ
2743 2878 2873 2930 αὐτὸ
2904 2882 3144 2947 φρονεῖν,
3180 2878 3257 2948 τῷ
3302 2880 3453 2950 αὐτῷ
3482 2884 3717 2950 στοιχεῖν
3750 2882 3962 2945 κανόνι,

2386 2969 2457 3021 ἐν
2476 2968 2693 3037 μηδενί
2722 2969 2993 3037 διδόντες
3031 2973 3392 3041 προσκοπήν
3414 2990 3427 3004 ⁸
3453 2976 3553 3026 ἵνα
3598 2974 3683 3043 μὴ
3709 2974 3967 3043 μωμηθῇ

2390 3059 2428 3127 ἡ
2454 3058 2730 3113 διακονία
2750 3078 2761 3090 ·
2794 3060 2929 3115 ἀλλ’
2956 3062 3026 3115 ἐν
3060 3064 3239 3116 παντὶ
3277 3064 3661 3132 συνιστῶμεν
3682 3066 3962 3129 ἑαυτοὺς,

2388 3150 2529 3203 καθά
2559 3152 2893 3221 γέγραπται,
2927 3152 3008 3219 ὡς
3034 3154 3179 3208 Θεοῦ
3211 3153 3499 3219 διάκονοι,
3550 3156 3618 3208 ὲν
3647 3156 3954 3223 ὑπομονῇ,

2388 3242 2458 3295 ἐν
2477 3246 2784 3311 θλίψεσιν,
2812 3246 2881 3298 ὲν
2909 3249 3354 3314 στενοχωρίαις,
3388 3250 3443 3299 ἑν
3470 3248 3648 3310 ἄλλοις
3690 3244 3774 3313 οἷς
3798 3252 3827 3302 6
3856 3251 3967 3318 βίος

2388 3332 2498 3385 τῶν
2529 3335 2818 3403 παρουσῶν
2867 3335 3094 3405 ἡμερῶν
3138 3336 3459 3388 ὑποπίπτει.
3512 3337 3669 3390 ωὐτω
3726 3339 3840 3409 γὰρ
3869 3342 3965 3391 καὶ

2388 3426 2456 3477 τὰ
2488 3428 2873 3496 προηνυσμένα
2918 3427 3284 3496 φυλάττοιμεν
3342 3430 3700 3501 ἀναφαίρετα,
3760 3433 3853 3484 καὶ
3900 3433 3967 3485 τά

2391 3516 2495 3587 ήδη
2556 3518 2973 3587 προσπίπτοντα
3027 3520 3449 3589 εὐμαρίζοιμεν,
3482 3524 3577 3575 καὶ
3596 3525 3664 3574 τὰ
3704 3523 3967 3591 μέλλοντα

2391 3607 2712 3679 θεοπρεπῶς
2741 3610 2951 3681 suam;
2962 3628 3167 3681 σοιμεν.

2460 3750 2587 3810 Ὧδε
2616 3758 2783 3828 ἐσμὲν
2814 3760 2919 3831 πρὸ
2954 3759 3049 3813 τοῦ
3087 3760 3295 3822 ἄστεως
3327 3763 3723 3830 παροικοῦντες
3755 3764 3964 3833 etas“:

2391 3847 2494 3918 τῆς
2553 3848 2856 3918 βασιλείας,
2908 3852 3148 3921 ὁρῶντες
3205 3853 3299 3905 καὶ
3354 3856 3621 3923 ὁρώμενοι
3686 3855 3793 3907 ὐπὸ
3862 3858 3967 3908 τῶν

2396 3940 2714 4009 φοιτώντων
2770 3943 3019 4013 ἀδελφῶν
3095 3946 3190 3997 καὶ
3256 3946 3514 4014 Πατέρων
3568 3946 3755 4015 ἡμῶν·
3793 3949 3888 4000 καὶ
3932 3952 3962 4017 ἡ

2393 4034 2680 4104 ἐλευθερία
2712 4036 2849 4103 πρὸς
2882 4035 2977 4089 τοῦ
3002 4035 3211 4104 ἀγαθοῦ
3239 4036 3505 4105 βασιλέως
3534 4040 3964 4109 ὲπιτεταγμένη.

2393 4126 2541 4197 Πρὸς
2596 4126 2657 4179 τὸ
2712 4126 2841 4197 ἑξῆς
2870 4128 2946 4191 ώς
2991 4129 3057 4182 ἂν
3090 4128 3266 4181 εὐοδοῖ
3304 4129 3509 4200 Κύριος
3532 4146 3544 4160 ·
3579 4131 3636 4201 ἢ.
3674 4132 3876 4205 κελεύῃ
3912 4136 3967 4185 τὸ

2392 4219 2593 4289 κράτος
2641 4220 2925 4291 ἐπιμένειν
2973 4220 3231 4284 ἐνταῦθα,
3281 4220 3553 4292 ἢάλλαχῆ
3603 4226 3965 4292 μεταπίπτειν

2390 4326 2451 4363 τε
2488 4310 2581 4362 καὶ
2622 4311 2948 4381 ὑποχωρεῖν,
2999 4312 3143 4365 οὔτω
3199 4313 3293 4365 καὶ
3328 4313 3751 4383 ὲνεχθησόμεθα.
3793 4316 3965 4369 Μόνον

2392 4402 2548 4456 αὐτοὶ
2568 4402 2659 4456 τοῦ
2679 4407 2842 4473 ἔργου
2869 4407 2898 4458 ὐ
2908 4405 3023 4475 μῶν
3044 4406 3317 4475 ἐχόμενοι,
3340 4406 3524 4475 ἔχεσθε
3547 4408 3643 4460 καὶ
3668 4406 3765 4460 τοῦ
3798 4425 3966 4479 προσ-

2393 4494 2650 4565 εύχεσθαι
2711 4498 2842 4567 περὶ
2904 4500 3002 4567 τῆς
3060 4496 3443 4562 ταπεινώσεως
3509 4499 3700 4569 ήμῶνο
3765 4500 3844 4563 ὠς
3905 4502 3964 4552 ἂν

2394 4586 2736 4657 ἀπρόσκοποι
2771 4582 2920 4658 ὦμεν
2952 4588 3130 4641 τοῖσδε
3159 4588 3461 4654 κάκείνοις,
3498 4590 3593 4641 καὶ
3619 4591 3685 4660 τῇ
3736 4589 3965 4657 Ἐκκλη-

2396 4676 2489 4743 σία
2521 4677 2614 4730 τοῦ
2667 4678 2826 4733 Θεοῦ.
2871 4679 3011 4742 Τοὺς
3064 4680 3196 4749 πρὶν
3251 4670 3669 4749 ἀπορραγέντας
3725 4679 3965 4742 ἀϐούλως

2397 4768 2662 4837 ἀδελφοὺς
2696 4768 2839 4823 κατά
2878 4769 3104 4832 πολλοὺς
3154 4768 3387 4839 τρόπους
3432 4770 3728 4839 εὐδόκησεν
3772 4771 3802 4822 ό
3842 4771 3965 4836 Θεὸς

2397 4863 2426 4914 ό
2459 4861 2830 4933 ὐπεράγαθος,
2859 4862 3125 4932 ἑνωθῆναι
3156 4862 3290 4931 ἡμῖν
3313 4863 3453 4930 μετά
3474 4861 3572 4914 τοῦ
3601 4864 3968 4931 προσήκοντος

2396 4953 2580 5023 λόγου.
2618 4956 2727 5007 Καὶ
2777 4954 3056 5024 ἐχάρημεν
3095 4954 3146 5005 οἱ
3194 4953 3406 5018 ἀνάξιοι
3460 4954 3636 5024 χαράν
3688 4956 3963 5025 μεγάλην·

2398 5054 2481 5107 ὅτι
2522 5052 2559 5107 a
2601 5053 2703 5105 οὐκ
2732 5052 3036 5122 ἠλπίζομεν
3074 5051 3299 5119 οἴδαμεν
3337 5052 3395 5103 ὲν
3444 5050 3746 5120 ὀφθαλμοῖς
3793 5053 3964 5122 ἡμῶν,

2399 5146 2497 5199 καὶ
2527 5144 2839 5214 συνουλώθη
2874 5144 2942 5197 τὰ
2972 5142 3383 5198 διασπασθέντα
3414 5142 3573 5213 μέλη,
3600 5144 3693 5195 καὶ
3723 5144 3967 5213 ἑορτάζοο

2403 5256 2503 5309 μεν
2552 5238 2746 5310 ἑορτὴν
2774 5236 2965 5309 Κυρίῳ
3011 5238 3069 5292 ὲν
3125 5238 3191 5309 τῇ
3235 5237 3355 5299 ἑνὸς
3405 5235 3640 5288 ἑκάστου
3672 5235 3963 5307 ωνδρομῇ,

2396 5332 2490 5384 καὶ
2521 5328 3038 5401 ἀνθομολογούμεθα
3057 5328 3137 5397 τῷ
3168 5327 3379 5397 Κυρίῳ,
3406 5328 3500 5379 καὶ
3531 5327 3963 5397 ἀπευχαριστού-

2400 5440 2501 5493 μεν
2554 5424 2667 5486 τοῖς
2705 5422 3033 5493 κρατοῦσιν·
3086 5424 3168 5474 ὅτι
3220 5421 3269 5473 εί
3323 5418 3415 5472 καὶ
3453 5420 3620 5489 μηδὲν
3648 5420 3799 5485 ἄλλο,
3853 5421 3964 5474 ὅσον

2398 5515 2539 5586 πρὸς
2578 5516 2726 5586 ἡμᾶς
2764 5514 2907 5585 μέγα
2940 5514 3002 5567 τὸ
3056 5513 3321 5585 δώρημα·
3361 5513 3457 5565 καὶ
3498 5512 3687 5573 πάλιν,
3737 5513 3821 5565 ὅτι
3874 5516 3963 5565 οὐκ

2400 5607 2466 5664 ἀν
2492 5607 2670 5674 ἄλλως
2700 5607 2936 5673 εὐθέτως
2963 5607 3197 5678 ἔσχομεν
3222 5604 3319 5677 τὴν
3342 5604 3639 5675 σύμσασιν,
3667 5604 3700 5675 ἢ
3723 5605 3784 5659 τὸ
3804 5604 3962 5669 οὕτως
