4156 6512
238 446 368 511 1341

1426 456 1965 520 EPISTOLARUM
2024 461 2172 521 LIB.
2213 460 2304 524 II.

3357 458 3496 527 1342

231 563 507 631 ἀφεθῆναι
565 563 712 631 ἡμᾶς
742 563 852 616 τῶν
909 563 1169 633 φυλακῶν
1189 581 1204 595 ·
1235 567 1331 618 καὶ
1381 566 1717 638 καθεσθῆναι
1749 570 1806 621 ἐν

1916 571 2166 639 precibus
2208 569 2420 625 vestris.
2455 568 2521 624 Et
2547 570 2810 640 quoniam
2861 570 2928 625 de
2977 572 3323 627 revocatione
3353 574 3493 628 inci-

233 656 535 723 καθίσματι
586 656 914 726 τηλικούτῳ.
954 657 1137 709 Πάντα
1187 658 1266 720 εἰς
1308 658 1470 712 καλὸν
1503 661 1635 730 ἡμῖν
1679 677 1809 712 συν-

231 749 459 816 έδραμε,
507 749 600 800 καὶ
649 749 1011 818 συνδραμοιεν
1055 745 1112 801 εὖ
1148 745 1245 801 οἷδ’
1295 751 1375 802 ὅτι
1418 752 1606 821 εὐχαῖς
1656 753 1811 824 ὑμῶν

234 839 440 902 ἁγίαις.
497 840 716 908 Ἐπειδὴ
762 839 818 891 δὲ
861 843 888 892 ὁ
929 840 1086 908 λόγος
1120 843 1249 911 περὶ
1290 841 1679 914 ἀνακλήσεωςο
1717 846 1812 897 ἀν·-

234 931 440 998 εκλήθη
477 935 566 984 καὶ
617 933 800 1002 moon
832 934 963 1002 ἡμῖν
994 935 1091 987 σὺν
1126 938 1239 998 τοῖς
1273 936 1455 998 ἄλλοις
1502 936 1595 989 καὶ
1646 936 1810 989 πλέον

236 1024 442 1090 μᾶλλον
482 1024 588 1075 τῶν
641 1025 815 1076 ἄλλων
865 1027 892 1075 ὁ
935 1028 1430 1096 γραμματηφόρος,
1468 1029 1496 1080 ὁ
1527 1028 1812 1098 ἀγαπητὸς

235 1114 396 1182 ἡμῶν
453 1116 570 1176 υἱὸς
633 1115 855 1185 Κλέμης
905 1118 932 1168 ὁ
1025 1118 1420 1181 εύλαϐέστατος
1483 1119 1804 1192 ἡγούμενος,

232 1207 415 1257 πάντα
447 1208 698 1276 ἀσμένως
729 1207 1110 1276 εἰσδεξάμενος
1128 1208 1164 1261 ἃ
1185 1209 1292 1262 ἔδει
1316 1209 1467 1280 αὐτῷ
1485 1211 1806 1279 λαληθῆναι,

231 1299 329 1349 καὶ
387 1300 514 1366 περὶ
558 1300 776 1351 πάντων
816 1299 1189 1368 ποιησάμενος
1255 1303 1353 1371 τὴν
1422 1304 1810 1372 προσήκουσαν

232 1386 558 1453 ἀπολογίαν.
587 1381 756 1454 Ἐςΐῷ
782 1391 875 1441 καὶ
900 1389 1225 1458 ἁρεσθέντες
1249 1391 1622 1461 ἡσπασάμεθα
1649 1392 1810 1445 αὑτὸν

232 1480 733 1549 ἐνστερνισμένως·
777 1481 1092 1545 ἐλπίζοντες
1142 1485 1235 1536 καί⁵
1275 1483 1342 1538 δι’
1378 1484 1540 1536 αὐτὸν
1587 1483 1810 1555 αὔχημα

231 1573 382 1640 ἔχειν
406 1573 453 1624 οἱ
489 1575 806 1643 ἁμαρτω)οὶ
839 1579 1104 1645 σωτήριον
1137 1576 1270 1629 αὐτὸ
1295 1577 1474 1631 τοῦτο.
1504 1577 1612 1631 Καὶ
1653 1580 1811 1644 ὑμεῖς

233 1667 591 1734 προσήκασθε
625 1669 935 1739 παρακαλῶ
970 1671 1059 1721 τὸν
1104 1670 1332 1738 ἀδελφὸν
1363 1670 1438 1733 ὡς
1485 1671 1726 1738 ἀδελφοὶ,
1753 1671 1816 1722 τὸ

1913 662 1995 716 dit
2021 663 2243 726 mentio,
2279 669 2564 716 revocatus
2600 671 2684 716 est
2715 662 2979 732 nobisque
3012 680 3136 716 cum
3170 664 3301 718 aliis
3361 680 3495 718 con--

1909 753 2154 822 junctus,
2206 755 2317 808 imo
2374 755 2659 824 plusquam
2715 754 2828 819 alii,
2885 755 3202 808 tabellarius
3263 756 3494 811 dilectus

1913 847 2059 901 ﬁlius
2093 858 2278 901 noster
2306 846 2584 912 Clemens,
2639 847 3087 916 religiosissimus
3146 850 3492 916 praepositus.

1913 939 2094 993 omnia
2126 941 2359 994 libenter
2389 941 2685 1009 accipiens,
2713 957 2832 1008 quae
2877 940 2975 1008 ipsi
3041 941 3145 994 dici
3206 956 3303 1008 par
3353 952 3492 1007 erat,

1912 1040 1968 1086 et
2013 1034 2079 1085 de
2128 1033 2386 1087 omnibus
2455 1034 2717 1086 rationem
2780 1032 3032 1085 idoneam
3088 1032 3338 1086 reddens.
3376 1032 3494 1097 Qua

1908 1122 2125 1192 quidem
2160 1139 2217 1178 re
2250 1141 2350 1178 nos
2388 1124 2638 1183 recreati.
2675 1133 2786 1176 toto
2804 1139 2929 1177 eum
2969 1124 3091 1176 sinu
3130 1123 3365 1191 amplexi
3398 1138 3494 1176 su-

1910 1229 2054 1271 mus.
2075 1224 2357 1281 sperantes
2379 1231 2500 1267 eum
2529 1214 2688 1266 etiam
2705 1214 2932 1267 salutari
2949 1213 3104 1267 nobis
3118 1214 3497 1282 peccatoribus

1911 1305 2098 1373 gloriae
2151 1305 2285 1359 fore.
2325 1305 2482 1360 Hunc
2519 1307 2695 1375 ipsum
2731 1315 2783 1359 et
2821 1321 2938 1368 vos,
2972 1322 3180 1374 quzrso,
3227 1305 3498 1360 admittite

1912 1394 2132 1450 fratrem
2168 1408 2225 1450 ut
2256 1397 2476 1462 fratres,
2514 1400 2822 1452 membrum
2864 1408 2916 1452 ut
2950 1399 3220 1459 membra,
3259 1414 3495 1450 consen-

1917 1486 2139 1540 tientem
2176 1501 2235 1541 ut
2267 1492 2689 1545 consentientes.
2751 1489 2841 1542 Sic
2897 1491 3038 1542 enim
3077 1490 3225 1542 illum
3259 1489 3498 1556 reperie-

1919 1577 1990 1632 tis
2046 1580 2245 1633 Christi
2298 1583 2468 1648 gratia
2518 1581 2571 1635 in
2627 1583 2882 1635 omnibus
2919 1590 3064 1634 recte
3100 1581 3410 1642 habentem,
3445 1589 3499 1632 et

1921 1685 2252 1740 quaerentem
2283 1673 2469 1729 Deum.

236 1759 402 1826 μέλος
433 1761 508 1821 ὡς
557 1760 715 1829 μέλη,
754 1761 844 1812 τὸν
880 1762 1161 1829 ὁμόφρονα
1203 1762 1278 1826 ὡς
1344 1761 1667 1832 ὁμόφρονες.
1737 1761 1891 1813 Οὕτω
1930 1761 2038 1832 γὰρ
2090 1764 2252 1815 αὑτὸν
2309 1764 2518 1835 εὕροιτε
2573 1765 2755 1835 χάριτι
2818 1762 3054 1832 Χριστοῦ
3109 1765 3165 1815 ὲν
3219 1763 3383 1815 πᾶσιν
3437 1761 3497 1814 εὖ

231 1860 425 1928 {puta
449 1858 543 1909 καὶ
576 1855 845 1927 ζητοῦντα
871 1856 1024 1912 Θεὸν.

452 1951 528 2002 Δ’.
585 1951 905 2018 Ἡγουμένῃ
938 1949 1046 2016 τῆς
1079 1951 1343 2013 Νικαίας,
1381 1947 1576 2020 [φπε’.]

2298 1943 2431 1998 XCI.
2461 1976 2526 1985 ——
2561 1943 2864 1997 Prwaositw
2896 1941 3117 1999 Nicaeus.

1207 2067 1490 2114 Gratulatur
1523 2064 1587 2114 ob
1607 2063 1928 2114 constantiam
1957 2068 2183 2126 tempore
2214 2060 2597 2126 persecutionis.

305 2169 416 2222 Kal
448 2169 714 2239 πρότερον
759 2171 813 2221 αἱ
851 2170 1098 2238 περὶτῆς
1125 2171 1442 2238 τιμιότητος
1475 2189 1569 2225 σου
1601 2171 1805 2238 ἁγαθαὶ

1981 2166 2046 2220 Ει
2078 2171 2228 2235 prius
2257 2168 2455 2233 Optima
2481 2168 2546 2222 de
2572 2167 2878 2222 reverentia
2924 2175 3014 2220 tua
3079 2183 3200 2221 ama
3257 2184 3357 2221 nos
3395 2171 3498 2222 im-

230 2262 398 2314 ἀκοαὶ
421 2262 679 2313 εἵλκυσαν
721 2262 867 2329 ἡμᾶς
899 2261 1205 2314 ἐπιστεῖλαί
1239 2279 1349 2315 σοι.
1405 2264 1514 2316 Καὶ
1557 2263 1652 2315 νῦν
1692 2266 1812 2326 ταῖς

232 2357 427 2418 αὑταῖς
458 2353 761 2421 εὐφημίαις
792 2352 1208 2421 ἐπερειδόμενοι
1257 2356 1352 2408 καὶ
1393 2356 1682 2427 γράφομεν
1718 2354 1812 2408 καὶ

236 2444 722 2516 προσαγορεύομεν
766 2444 864 2512 τὴν
911 2447 1354 2516 σεμνοπρέπειαν
1389 2464 1514 2500 σου·
1547 2448 1812 2517 ἀποδεχό-

238 2556 392 2610 μενοι
424 2539 514 2591 καὶ
554 2537 979 2607 μακαρίζοντες,
1010 2539 1095 2591 ὅτι
1132 2540 1279 2592 εἵλου
1300 2539 1387 2592 διὰ
1422 2539 1625 2608 Κύριον
1657 2542 1813 2594 ὑπεῖ-

233 2648 326 2683 σαι
370 2630 580 2696 θλίψεις
631 2633 725 2683 καὶ
767 2633 1152 2702 στενοχωρίας.
1202 2631 1444 2701 διωγμὸν
1472 2633 1573 2701 τῆς
1620 2634 1810 2704 μονῆς,

229 2726 327 2777 καὶ
353 2723 567 2794 ὲξορίαν
593 2723 962 2794 μεταθέσεως,
989 2725 1084 2778 καὶ
1115 2723 1238 2777 εἴτι
1265 2725 1393 2779 ἄλλο
1425 2726 1812 2795 περιστατικὸν

229 2818 329 2870 καὶ
381 2817 677 2886 ὁμολογίας
727 2817 1129 2870 ὑποδεικτικόν.
1184 2818 1370 2872 Ταῦτα
1407 2819 1674 2882 αἰνέσεως
1719 2819 1814 2873 καὶ

232 2906 678 2978 ἑξομολογήσεως
701 2922 714 2937 ·
747 2907 922 2961 ταῦτα
937 2908 1173 2978 Νύμφης
1206 2909 1443 2978 Χριστοῦ
1475 2911 1690 2965 ἔπαθλα
1718 2913 1814 2966 καὶ

231 2999 614 3067 ἀγωνίσματα,
644 3000 738 3052 καὶ
770 3000 831 3052 τὸ
869 3000 949 3053 ἔτι
980 3000 1458 3074 ἀξιαγαστότερον,
1497 3005 1532 3074 ὴ
1561 3006 1692 3075 περὶ
1714 3004 1815 3067 τὰς

231 3091 338 3143 ὑπὸ
366 3093 525 3161 χεῖρα
564 3090 801 3158 ἀδελφὰς
844 3092 1060 3163 ὁσιότης
1082 3109 1095 3122 ο
1120 3109 1132 3122 ’
1163 3094 1246 3146 ὅτι
1271 3094 1376 3159 κάξ
1404 3095 1584 3149 αὐτῶν
1610 3096 1815 3149 εἴλοντο

235 3184 715 3237 συναποδύσασθαῐ
771 3202 855 3237 σοι
891 3188 957 3254 τῇ
1020 3186 1304 3258 ὁμολογίᾳ,
1337 3189 1431 3240 καὶ⁸
1457 3176 1810 3260 ἧνδρίσαντο,

234 3276 332 3328 καὶ
377 3277 838 3346 ὲμαστιγώθησαν
874 3276 970 3329 καὶ
1010 3277 1478 3348 περιωρίσθησαν,
1547 3282 1643 3333 καὶ
1701 3281 1815 3333 ἐδό-

235 3369 411 3434 ξασαν
447 3369 540 3422 τὸν
589 3369 722 3422 Θεὸν
774 3372 830 3422 ἐν
873 3369 950 3438 τῷ
993 3369 1207 3440 σώματι
1252 3371 1454 3435 αὐτῶν,
1501 3375 1598 3426 καὶ
1650 3375 1708 3425 ὲν
1737 3372 1815 3442 τῷ

237 3462 537 3531 πνεύματι.
572 3464 636 3517 Ὅ
669 3464 778 3516 τῶν
807 3462 1020 3516 ἄθλωνῐ
1056 3465 1168 3518 οὑὰ¹
1187 3465 1288 3532 τῆς
1322 3465 1498 3529 καλῆς
1532 3465 1812 3533 παιδαγω-

235 3557 364 3622 γξας
391 3558 404 3608 l
435 3551 547 3608 οἷον
579 3556 639 3608 τὸ
669 3556 860 3625 ἄρχον,
885 3557 1129 3608 τοιοῦτον
1153 3558 1246 3610 καὶ
1275 3558 1336 3610 τὸ
1366 3559 1667 3629 ἀρχόμενον
1689 3576 1699 3586 ·
1725 3553 1813 3610 οἷα

236 3652 270 3721 ή
296 3649 647 3710 διδάσκαλος,
672 3648 998 3716 τηλικαῦται
1031 3650 1122 3702 καλ⁴
1163 3651 1220 3702 αἰ
1268 3651 1583 3720 μαθήτριαι.
1625 3652 1714 3703 Σοὶ
1755 3651 1816 3703 εὖ

236 3744 350 3810 ἔχει
381 3741 565 3808 λέγειν
586 3757 599 3770 ·
647 3741 778 3793 Ἰδοὺ
823 3739 934 3807 ἐγὼ
977 3741 1072 3793 καὶ
1100 3742 1166 3793 τὰ
1196 3741 1385 3793 παιδία
1428 3741 1463 3794 ἆ
1496 3759 1584 3811 μοι
1617 3742 1815 3795 ἔδωκεν

235 3836 264 3886 ὁ
319 3834 471 3896 Θεὸς,
524 3833 759 3896 ἕναθλοι,
805 3833 1088 3901 ἁνδρικαὶ,
1153 3833 1491 3902 φιλόχριστοι
1547 3833 1812 3902 μᾶλλονῆ

239 3923 587 3994 φιλόσαρκοι,
619 3923 799 3975 πάντα
830 3921 1076 3974 σκύϐαλα
1106 3923 1431 3992 ἡγούμεναι,
1460 3924 1545 3976 ἵνα.
1580 3925 1815 3995 Χριστὸν

237 4015 589 4084 κερδήσωσιο
623 4014 803 4066 πάντα
822 4015 890 4067 τὰ
925 4013 1060 4083 μέλη
1099 4013 1322 4083 Χριστῷ
1351 4016 1811 4086 προσενέγκασαι,

240 4108 328 4162 ἱνα
376 4109 468 4162 τὸν
528 4109 763 4178 ἐραστὴν
816 4106 1221 4179 θεραπεύσωσι.
1268 4110 1421 4162 Μετὰ
1467 4110 1815 4179 ὁμολογητῶν

238 4201 599 4268 συνετάγητε,
632 4199 769 4268 μετὰ
803 4198 1098 4268 μαρτύρων
1143 4198 1564 4267 ἐστεφανόθητε,
1595 4199 1719 4251 ὅσον
1753 4200 1817 4250 ὲκ

235 4291 333 4344 τοῦ
363 4293 688 4360 φθάσαντος.
738 4291 878 4343 Ἀλλ’
910 4290 1118 4361 ἐπειδὴ,
1147 4285 1190 4343 ὧ
1220 4291 1415 4360 μῆτερ,
1447 4290 1648 4356 οὐδεὶς
1673 4307 1814 4344 στε-

237 4384 554 4452 φανοῦται,
586 4385 694 4437 ἐὰν
733 4383 819 4452 μὴ
858 4384 1120 4454 νομίμως
1168 4383 1433 4450 ἀθλήσῃ,
1485 4384 1718 4453 νόμιμον
1755 4383 1814 4436 δέ

238 4476 356 4527 ἐστι
388 4474 452 4527 τὸ
486 4473 648 4545 μέχρι
670 4473 860 4537 τέλους
890 4475 984 4528 καὶ.
1011 4474 1192 4528 πίστει
1212 4475 1305 4527 καὶ
1331 4475 1432 4545 βίῳ
1455 4475 1811 4543 ἀριστεῦσαιο

239 4566 543 4634 παρακαλῶ
576 4566 671 4619 καὶ
727 4566 1165 4635 ὑπομιμνῄσκω·
1189 4566 1371 4631 ἀξίως
1414 4564 1814 4631 περιπατῆσαι

238 4655 399 4725 ἡμᾶς
427 4655 539 4723 τῆς
590 4654 871 4724 κλήσεως
899 4649 974 4730 ἧς
1009 4653 1383 4723 ἐκλήθημεν·
1414 4655 1564 4723 μετὰ
1611 4655 1815 4719 πάσης

237 4749 805 4816 ταπεινοφροσύνης
837 4747 933 4801 καὶ
967 4746 1321 4813 πραότητος·
1354 4749 1489 4816 μετὰ
1512 4747 1813 4815 ἀσφαλείας

1914 2262 2052 2330 pulit
2082 2271 2139 2314 ut
2177 2262 2242 2314 ad
2280 2271 2329 2314 te
2359 2261 2726 2314 scriberemus
2762 2276 2777 2312 :
2809 2268 2863 2313 et
2911 2275 3058 2313 nunc
3109 2264 3298 2314 eadem
3348 2278 3501 2318 com-

1915 2355 2264 2410 mendatione
2316 2352 2475 2406 fama:
2545 2352 2775 2420 permoti
2848 2363 2958 2406 tum
3015 2353 3333 2414 scribimus,
3386 2367 3498 2408 tum

1913 2443 2231 2512 gravitatem
2285 2450 2433 2494 tuam
2484 2440 2810 2503 salutamus,
2875 2441 3162 2495 laudantes
3193 2457 3254 2495 ac
3286 2443 3496 2496 felicem

1914 2533 2294 2602 praedicantes,
2327 2534 2472 2600 quod
2507 2540 2725 2600 propter
2753 2529 3042 2584 Dominum
3097 2531 3239 2585 ultro
3275 2534 3496 2600 pertuli-

1913 2626 1983 2679 sti
2028 2639 2304 2678 aerumnas
2354 2632 2518 2692 atque
2548 2623 2852 2691 angustias,
2896 2623 3239 2676 vexationem
3307 2639 3465 2680 mona

1916 2717 2066 2772 sterii
2122 2717 2617 2785 abductionemque
2670 2717 2722 2768 in
2768 2715 3045 2777 exsilium,
3087 2727 3143 2769 et
3170 2716 3213 2770 si
3247 2718 3373 2784 quid
3419 2727 3503 2771 est

1915 2807 2064 2861 aliud
2083 2808 2496 2868 calamitosum,
2535 2825 2645 2874 quo
2680 2807 2956 2862 confessio
2985 2811 3322 2874 exploratur.
3358 2807 3500 2862 Lau-

1914 2899 2000 2954 dis
2038 2899 2155 2954 baac
2183 2909 2309 2953 sunt
2341 2908 2394 2952 et
2425 2899 2826 2967 praedicationis
2886 2901 3042 2968 plena
3077 2917 3091 2954 :
3122 2901 3236 2956 haec
3273 2901 3501 2970 Sponsae

1915 2992 2118 3048 Christi
2161 2993 2459 3045 certamina
2491 3002 2545 3045 et
2585 2994 2788 3058 praelia,
2847 3001 2923 3053 et,
2978 2993 3121 3062 quod
3174 3004 3257 3047 est
3305 2995 3496 3061 majori

1917 3084 2280 3140 admiratione
2310 3083 2558 3152 dignum,
2593 3099 2846 3138 sororum
2904 3087 3246 3138 subditarum
3287 3089 3497 3139 sancti-

1917 3179 2100 3234 monia
2138 3196 2152 3232 :
2190 3193 2313 3232 nam
2350 3188 2401 3230 et
2433 3187 2561 3232 sunt
2599 3193 2661 3230 ex
2697 3178 2831 3246 ipsis
2883 3195 3006 3247 qua!
3035 3187 3255 3247 propter
3282 3179 3500 3234 confes-

1917 3272 2126 3325 sionem
2173 3279 2348 3324 tecum
2391 3269 2550 3324 bonis
2594 3282 2769 3324 exutae
2837 3280 2986 3334 sunt,
3037 3283 3091 3325 et
3140 3272 3264 3325 forti
3317 3276 3501 3328 animo

1918 3362 2156 3427 fuerunt,
2181 3373 2233 3416 et
2262 3363 2447 3432 plagas
2473 3373 2829 3431 exceperunt,
2868 3374 2923 3417 et
2953 3365 3137 3434 ejecta:
3160 3379 3285 3420 sunt
3323 3367 3374 3420 in
3403 3385 3499 3420 ex-

1920 3455 2124 3515 silium,
2164 3463 2218 3508 et
2269 3456 2709 3525 gloriﬁcaverunt
2769 3455 2936 3509 Deum
2996 3467 3109 3510 tum
3163 3459 3215 3512 in
3273 3473 3500 3527 corpore

1920 3562 2042 3608 suo,
2077 3556 2188 3600 tum
2223 3561 2352 3600 vero
2378 3559 2430 3601 et
2460 3546 2513 3600 in
2539 3546 2752 3614 spiritu.
2785 3544 2829 3601 Ο
2858 3549 3187 3602 certamina!
3232 3551 3334 3602 vah
3366 3567 3498 3618 prte-

1918 3640 2119 3695 claram
2173 3640 2605 3693 institutionem!
2640 3639 2811 3705 Quale
2842 3642 2985 3710 quod
3021 3641 3274 3710 imperat.
3312 3645 3416 3698 tale
3447 3653 3501 3697 et

1917 3734 2061 3800 quod
2128 3733 2316 3786 subest
2346 3748 2359 3785 :
2390 3733 2568 3800 qualis
2629 3731 2909 3802 magistra,
2951 3734 3083 3787 tales
3113 3742 3166 3787 et
3194 3735 3496 3804 discipulae.

1919 3824 1996 3876 Te
2052 3838 2150 3876 vox
2186 3826 2334 3877 decet
2367 3825 2470 3877 ista
2507 3841 2520 3876 :
2553 3822 2691 3878 Ecce
2731 3839 2832 3893 ego
2865 3835 2916 3877 et
2948 3826 3139 3893 puella:
3200 3843 3331 3880 mea
3363 3844 3499 3896 quas

1917 3916 2064 3969 dedit
2101 3916 2233 3968 mihi
2272 3914 2414 3968 Deus
2441 3917 2510 3976 ",
2548 3925 2807 3979 strenuae,
2842 3916 3033 3980 fortes,
3089 3917 3290 3972 Christi
3330 3921 3498 3986 magis

1915 4023 2079 4078 quam
2113 4008 2294 4061 carnis
2357 4009 2669 4071 amatrices,
2704 4011 2888 4063 omnia
2945 4012 3220 4065 arbitratae
3268 4023 3325 4066 ut
3361 4022 3498 4066 ster-

1918 4117 2066 4164 cora,
2120 4111 2179 4154 ut
2211 4099 2490 4156 Christum
2541 4101 2929 4156 lucrifacerent
2957 4106 3047 4158 "-z
3083 4121 3202 4172 qua:
3255 4110 3495 4160 membra

1917 4195 2100 4248 omnia
2140 4193 2360 4246 Christo
2407 4205 2829 4256 consecrarunt,
2868 4205 2924 4246 nt
2957 4206 3227 4249 amantem
3295 4214 3353 4251 se
3401 4199 3497 4250 de-

1919 4295 2282 4340 mererentur.
2313 4285 2449 4337 Cum
2483 4285 2892 4341 confessor-ibus
2924 4297 3296 4342 annumeratae
3343 4291 3496 4351 esris.

1918 4396 2043 4434 cum
2075 4378 2406 4446 martyribus
2429 4388 2725 4440 coronatae.
2763 4388 3027 4449 quantum
3079 4380 3143 4432 ad
3207 4383 3495 4448 praeterita.

1920 4470 2023 4523 Sed
2060 4467 2526 4538 quandoquidem,
2559 4483 2590 4521 0
2634 4482 2830 4530 mater.
2872 4484 3019 4521 nemo
3080 4479 3368 4522 coronatur
3398 4471 3498 4524 nisi

1918 4563 2142 4632 legitime
2181 4562 2455 4617 certaverit
2483 4561 2528 4592 "
2568 4579 2581 4614 :
2617 4561 2913 4629 legitimum
2955 4571 3039 4615 est
3098 4572 3279 4616 autem
3327 4575 3496 4631 usque

1920 4654 1971 4704 in
2007 4651 2165 4704 finem
2194 4650 2296 4703 fide
2317 4664 2381 4703 ac
2419 4649 2663 4704 moribus
2696 4651 2962 4704 excellere
2999 4668 3011 4704 :
3044 4651 3275 4706 obsecro
3306 4659 3358 4704 et
3392 4651 3498 4721 lad-

1920 4759 2134 4802 moneo,
2169 4754 2227 4797 ut
2254 4744 2410 4812 digne
2468 4743 2795 4798 ambulemus
2858 4746 3129 4798 vocatione
3191 4763 3294 4814 qua
3325 4745 3496 4798 vocati

240 4839 378 4908 πρὸς
411 4837 471 4890 τὸ
499 4837 647 4904 ἑξῆς,
708 4837 845 4906 μήτε
895 4835 1097 4889 ἁλῶναι
1128 4839 1192 4904 τῇ
1248 4835 1328 4888 ἔτι
1383 4835 1812 4906 κορυῦαντιώσει

1923 4854 2129 4897 sumus.
2167 4853 2286 4889 cum
2337 4838 2479 4888 omni
2524 4836 2825 4890 humilitate
2853 4847 2901 4889 et
2953 4840 3350 4891 mansuetudine
3379 4841 3460 4896 "z

239 4929 452 5000 αἱρέσει
480 4928 890 4998 ἀρνησιχρίσῳ·
935 4930 1067 4997 μήτε
1097 4944 1149 4978 τι
1171 4929 1310 4980 κατὰ
1343 4930 1432 4979 τὸν
1465 4927 1818 4997 ὀφειλόμενον

241 5021 624 5084 κανονιζεσθαι
673 5021 974 5088 ἀσκητικὸν
1008 5021 1121 5091 βίον
1172 5021 1650 5092 παρατρέπεσθαι·
1683 5022 1817 5074 ἀλλά

240 5115 422 5168 πάντα
449 5116 623 5166 ποιεῖν
654 5117 735 5176 εἰς
781 5113 938 5177 δόξαν
969 5113 1136 5165 Θεοῦ·
1177 5114 1446 5176 παντοίως
1489 5114 1818 5183 διαλάμπειν

240 5205 318 5274 τῷ
347 5205 620 5273 φωτισμῷ
643 5205 750 5258 τῶν
803 5204 1035 5256 ἐντολῶν
1058 5221 1072 5234 ο
1113 5205 1250 5274 ὅπερ
1295 5204 1538 5257 πιστεύω
1574 5206 1818 5275 ἐνεργεῖν

240 5298 386 5366 ὑμᾶς
415 5299 494 5360 εἰς
531 5297 753 5350 ἔπαινον
773 5296 928 5367 δόξης
952 5298 1212 5366 Χριστοῦ,
1245 5299 1324 5356 εἰς
1351 5296 1576 5366 αὔχημα
1598 5296 1816 5350 αἰώνιον

240 5389 427 5458 ὑμῶν·
465 5389 549 5460 εἴη
596 5389 653 5442 δὲ
707 5392 884 5442 εἰπεῖν
917 5387 1013 5441 καὶ
1070 5389 1227 5458 ἡμῶν
1286 5388 1396 5442 τῶν
1451 5388 1812 5458 ἁμαρτωλῶν.

241 5484 350 5536 Καὶ
406 5483 516 5553 γὰρ
571 5486 618 5536 εἰ
678 5485 798 5545 ἐνὸς
839 5483 1055 5554 Πατρός
1108 5485 1298 5550 ἐσμεν,
1334 5482 1555 5548 ἀδελφοὶ
1615 5482 1813 5544 πάντες

239 5574 487 5644 ἀλλήλων
539 5575 987 5647 χρηματίζομεν³
1049 5575 1144 5628 καὶ
1193 5575 1260 5628 τὰ
1312 5575 1530 5626 πάντων
1583 5573 1816 5627 σπουδά-

240 5685 448 5736 σματα,
476 5668 880 5740 ὲκκαυχήματα
910 5667 960 5720 οἱ
983 5667 1180 5728 πάντες
1201 5665 1616 5728 ούκάπεικότως
1646 5663 1811 5736 ἡγού-

315 5920 364 5953 ιι
402 5919 565 5976 Hebr.
594 5937 652 5989 ιι,

1918 4940 2171 4982 caventes
2217 4928 2406 4980 sedulo
2447 4927 2500 4979 in
2562 4937 2837 4995 posterum
2878 4944 2941 4979 ne
2991 4929 3183 4982 irretiti
3217 4940 3496 4982 tenemnur

1919 5021 2223 5075 insanieute
2249 5021 2426 5074 adhuc
2468 5020 2657 5074 haeresi
2691 5035 2814 5089 qua:
2847 5019 3123 5073 Christum
3155 5033 3312 5090 negat
3348 5042 3358 5075 :
3397 5040 3494 5076 nec

1917 5113 2228 5182 detorqueri
2278 5128 2375 5167 nos
2402 5113 2673 5183 patiamur
2700 5113 2768 5166 ab
2797 5115 3003 5180 Optima
3032 5125 3081 5166 et
3123 5117 3354 5183 regulari
3391 5120 3492 5170 vita

1919 5207 2205 5259 monastici
2239 5207 2469 5260 instituti
2503 5224 2516 5260 :
2550 5207 2643 5259 sed
2676 5207 2859 5259 omnia
2890 5205 3154 5262 faeiamus
3180 5209 3231 5260 in
3266 5210 3491 5278 gloriam

1918 5296 2033 5362 Dei,
2051 5299 2196 5352 omni
2212 5315 2276 5352 ex
2292 5310 2443 5368 parte
2457 5300 2834 5352 mandatorum
2855 5301 3139 5367 splendore
3159 5299 3490 5367 fulgeamus;

1918 5393 2062 5460 quod
2125 5404 2177 5444 et
2235 5393 2490 5446 existimo
2532 5408 2625 5446 vos
2658 5402 2939 5461 praestare,
2976 5392 3030 5445 in
3059 5393 3272 5446 laudem
3310 5398 3495 5463 gloriae

1914 5483 2143 5543 Christi.
2182 5485 2232 5536 in
2260 5483 2632 5550 gloriationetn
2667 5494 2900 5538 vestram
2939 5485 3351 5553 sempiternam,
3391 5489 3497 5539 uti-

1916 5586 2041 5625 nam
2091 5571 2171 5625 fas
2197 5574 2269 5626 sit
2301 5573 2520 5636 addere,
2553 5581 2606 5626 et
2655 5583 2895 5627 nostram
2927 5575 3018 5640 qui
3052 5584 3368 5641 peccatores
3399 5589 3460 5628 su
3481 5602 3497 5614 -

1915 5677 2056 5718 mus.
2089 5660 2220 5716 Nam
2252 5663 2299 5717 si
2331 5679 2394 5717 ex
2433 5680 2541 5717 uno
2589 5664 2747 5720 Patre
2794 5680 3006 5731 sumus,
3039 5680 3231 5721 omnes
3263 5665 3494 5720 invicem

734 5923 814 5976 l5.
892 5925 934 5953 "
969 5921 1200 5993 Philipp.
1236 5939 1318 5988 ιιι,
1358 5926 1409 5977 8.
1477 5923 1522 5955 ⁸⁸
1558 5922 1599 5976 Il
1633 5919 1774 5978 Tim.
1811 5939 1870 5988 ll,
1901 5924 1950 5977 5.
2029 5925 2069 5953 ’τ
2103 5922 2297 5994 Ephes.
2344 5943 2414 5990 tv,
2456 5925 2501 5981 ι.
