4156 6466
676 408 817 474 1343
1872 402 1933 462 S.
1965 398 2360 461 THEODORI
2393 396 2741 458 STUDITIE
3803 396 3940 460 13M

666 519 871 573 fratres
903 516 1243 587 appellamur
1274 531 1289 569 :
1319 524 1377 571 et
1418 513 1667 569 omnium
1699 512 1993 567 virtutibus
2040 509 2261 581 gloriari

2392 510 2533 575 ιεθα,
2572 505 2952 579 Προσεύχεσθε
2998 508 3127 578 περὶ
3161 508 3352 578 ἡμῶν
3390 508 3420 560 ό
3448 508 3749 580 ἀσπασμὸς
3790 508 3949 579 ἡμῶν

671 611 921 683 singulos
954 610 1096 664 haud
1147 618 1351 664 temere
1381 622 1543 679 posse
1568 606 1922 661 arbitramur.
1958 603 2123 660 Orate
2156 617 2255 672 pro

2392 619 2418 653 ν
2461 598 2761 668 Πνεύματι.
2798 599 2859 651 '0
2889 598 3096 669 Κύριος
3141 598 3353 669 Ἰησοῦς
3382 600 3622 670 Χριστὸς
3669 600 3815 672 μετά
3853 600 3948 653 τοῦ

673 704 854 759 nobis.
883 702 1163 757 Salutatio
1209 709 1398 755 nostra
1433 699 1487 753 in
1524 698 1757 769 Spiritu.
1798 696 2066 751 Dominus
2094 692 2256 749 Iesus

2392 688 2685 759 ινεύματος
2723 687 2902 757 ὐμῶν.
2949 689 3142 760 Ἀμήν.
3196 690 3433 757 ’Δκήκοα
3484 690 3567 743 ὅτι
3617 690 3951 760 ἐγκράτειαν

671 794 923 850 Christus
952 808 1077 849 cum
1127 792 1321 863 spiritu
1366 800 1570 845 vestro.
1602 790 1801 844 Amen.
1861 788 2055 841 Audivi
2087 785 2261 841 absti-

2392 782 2545 843 λκεις
2580 779 2806 850 πολλὴν,
2846 781 2940 834 καὶ
2976 781 3186 851 ἦσθηψ
3223 779 3365 850 πλὴν
3398 780 3590 854 ἐπειδὴ
3625 782 3692 835 τὸ
3727 782 3951 853 μέτριον

675 887 918 942 nentiam
954 896 1004 941 te
1036 887 1360 957 protrahere
1413 883 1741 954 longiorem,
1768 891 1824 936 et
1847 881 2071 953 gavisus
2100 894 2217 933 sum
2242 896 2255 931 :

2392 891 2421 925 v
2454 873 2625 925 πᾶσιν
2667 870 2913 941 ἄριστον,
2946 872 3373 942 ὑπομιμνῄσκω,
3415 872 3729 941 μετρίωσον
3754 873 3953 940 ἑαυτὴν

674 977 771 1033 sed
797 991 977 1033 tamen
1007 980 1267 1048 quoniam
1301 976 1497 1032 modus
1525 977 1578 1030 in
1605 976 1769 1031 rebus
1799 972 2058 1028 omnibus
2110 970 2258 1041 opti-

673 1085 798 1125 mus
829 1079 931 1133 est,
955 1085 1279 1125 commoneo
1310 1079 1370 1123 ut
1399 1068 1483 1124 vel
1517 1069 1571 1122 in
1609 1083 1672 1122 ea
1704 1083 1763 1121 re
1799 1065 2020 1120 modum
2051 1072 2260 1126 teneas,

675 1172 737 1218 ut
763 1171 818 1219 et
841 1180 1039 1234 corpus
1070 1163 1124 1217 in
1182 1165 1495 1219 servitutem
1551 1162 1849 1234 redigatur,
1882 1174 1979 1214 nec
2004 1158 2078 1213 sit
2109 1172 2263 1210 man-

675 1254 819 1311 datis
848 1256 1215 1325 exsequendis
1246 1256 1445 1325 impar.

710 1345 877 1401 XCII.
902 1375 973 1386 —
1008 1344 1275 1416 Episcopi:
1302 1356 1515 1471 péqpter
1566 1344 1836 1401 Christum
1879 1340 2149 1397 exsulibus
2179 1339 2233 1390 in

1397 1434 1621 1471 tersone.

1397 1434 1621 1472 tersoue.

2365 967 2471 1020 κάν
2496 964 2697 1035 τούτῳ,
2736 964 2822 1017 ἵνα
2845 963 2940 1015 καὶ
2969 963 3384 1034 δουλαγωγῆται
3414 964 3476 1018 τὺ
3503 963 3687 1035 σῶμα,
3736 966 3835 1017 καὶ
3882 968 3956 1035 μὴ

2368 1063 2535 1132 άτονῇ
2571 1059 2873 1133 ὑπουργεῖν
2898 1060 3019 1121 ταῖς
3045 1058 3307 1123 ἐντολαῖς.

2377 1332 2497 1399 ιβ’.
2528 1358 2599 1372 -
2638 1329 3030 1402 Ἐπισκόποινς
3062 1327 3191 1395 τοῖς
3216 1329 3313 1402 Qui
3343 1331 3603 1402 Χριστόις
3655 1332 3960 1402 φιηπδευ.

2765 1400 2958 1455 θεῖσιν
2975 1401 3045 1453 ἐν
3061 1398 3348 1468 Χερσῶνι.
3390 1400 3599 1473 [uirga]

680 1508 873 1561 Gratias
904 1512 1008 1575 agit
1038 1511 1172 1573 quod
1202 1514 1432 1560 nuntium
1474 1511 1539 1561 de
1570 1509 1679 1560 suis
1703 1505 1957 1575 rebus‘ad
1992 1494 2814 1575 ipfnm,mjsefjj{[3_|3flfmog}109
2858 1494 3065 1575 εξεθξιιεε
3105 1493 3342 1556 praeclara
3387 1492 3571 1556 υδίίίυε
3610 1494 3731 1545 add
3755 1496 3963 1559 Ρίευῑίε

1680 1555 1912 1633 exempla
1944 1555 2268 1631 praebuerint.
2308 1558 2509 1618 (Barca.
2532 1570 2611 1606 an.
2646 1556 2757 1616 8M,
2780 1568 2831 1606 ιι.
2866 1555 2969 1614 δι.)

752 1655 909 1711 Vera:
938 1657 1227 1713 charitatis
1254 1673 1394 1727 opus
1422 1666 1529 1722 est,
1566 1656 1803 1726 ﬁdeique
1837 1671 1945 1709 non
1982 1656 2121 1708 tit-ta:
2176 1649 2276 1704 de-

2458 1642 2750 1713 Ἀληθινῆς
2797 1641 3023 1711 ἀγάπης
3064 1640 3228 1711 ἔργον
3261 1641 3355 1693 καὶ
3393 1640 3633 1705 πίστεως
3662 1644 3965 1714 ἀνυποκρί-

685 1748 1040 1813 monstratio,
1066 1749 1212 1818 quod
1240 1758 1392 1802 tanto
1426 1764 1490 1801 ex
1522 1747 1766 1801 locorum
1796 1745 2082 1799 intervallo
2106 1754 2274 1794 unum

2392 1752 2469 1789 του
2491 1734 2767 1799 ἀπόδειξις
2788 1734 2849 1787 τδ
2896 1737 2961 1787 ὲκ
3009 1731 3273 1786 τοσούτου
3326 1733 3701 1803 διαστήματος
3734 1736 3963 1789 τοπικοῦ

685 1842 753 1897 de
803 1841 1154 1897 coexsnlibus
1206 1842 1469 1895 fratribus
1529 1842 1679 1895 misit
1734 1849 1957 1909 paterna
2012 1834 2275 1891 sanctitas

2392 1826 2691 1880 ιποστεῖλαι
2726 1826 2826 1895 τὴν
2859 1825 3134 1895 πατρικὴν
3184 1824 3341 1894 ὐμῶν
3367 1825 3681 1897 ἁγιωσύνην
3731 1827 3834 1881 ἕνα
3859 1829 3965 1882 τῶν

685 1944 890 1996 vestra,
922 1933 1225 2003 Agapetum
1256 1934 1587 1988 monachum
1622 1930 2161 1993 reverendissimum,
2191 1926 2275 1982 vel

2392 1917 2862 1987 τυνδεδιωγμένων
2901 1916 3172 1985 ἀδελφῶν,
3213 1917 3527 1985 Ἀγαπητὺν
3557 1918 3652 1971 τὸν
3675 1920 3967 1991 αίδεσιμώ-

687 2028 871 2096 potius
925 2025 1329 2089 beatissimum,
1359 2025 1515 2094 juxta
1573 2023 1623 2078 id
1677 2023 1821 2093 quod
1856 2037 1885 2075 a
1916 2020 2145 2075 Domino
2185 2018 2270 2071 di-

2392 2024 2537 2061 :a'tov
2568 2008 2876 2078 μοναστήνυ
2917 2006 3121 2077 μᾶλλον
3162 2006 3220 2059 δέ
3260 2006 3680 2080 μακαριώτατον
3715 2011 3867 2064 κατά
3908 2013 3968 2065 τὸ

688 2126 838 2171 ctum
864 2126 949 2171 est
969 2118 1036 2171 de
1070 2116 1136 2171 iis
1167 2116 1257 2185 qui
1286 2116 1702 2184 persecutionem
1739 2114 2019 2183 patiuntur
2062 2120 2275 2181 propter

2392 2101 2485 2155 ὕπὸ
2507 2101 2716 2171 Κυρίου
2750 2101 3011 2172 ᾀδόμενον
3036 2100 3106 2154 ἐν
3133 2099 3258 2166 τοῖς
3303 2099 3726 2171 δεδιωγμένοις
3758 2104 3970 2159 ἕνεκεν

684 2211 953 2280 Iustitiam
986 2210 1033 2242 "
1068 2228 1081 2264 :
1123 2209 1191 2265 ad
1255 2211 1591 2264 visitandum
1646 2210 1881 2281 primum
1923 2207 2145 2278 quidem
2192 2206 2277 2259 di-

690 2301 877 2357 vinum
914 2317 981 2356 ac
1007 2317 1325 2372 supremum
1350 2312 1546 2372 caput;
1580 2302 1777 2356 deinde
1799 2316 1899 2356 nos
1922 2314 2141 2371 quoque
2173 2299 2277 2352 mi-

690 2394 872 2449 nimos
893 2394 948 2449 in
993 2394 1254 2451 fratribus
1282 2405 1338 2450 et
1388 2396 1514 2450 [iliis
1544 2396 1942 2465 spiritualihus.
1982 2390 2028 2447 Ο
2058 2394 2279 2463 [περια-

691 2500 812 2539 rum
880 2487 1213 2542 consilium!
1249 2505 1282 2543 ο
1307 2488 1575 2543 sinceram
1629 2487 2011 2541 dilectionem!
2046 2496 2101 2540 et
2150 2500 2282 2554 quo-

694 2592 952 2631 rumnam
991 2579 1252 2645 aliorum,
1286 2594 1452 2648 quam
1494 2593 1683 2633 eorum
1743 2577 1838 2649 qui
1877 2589 2098 2647 propter
2122 2576 2283 2630 Chri-

696 2679 840 2724 stum
862 2670 1127 2739 elegerint
1150 2686 1181 2725 a
1200 2671 1519 2727 domesticis
1542 2671 1811 2741 separari,
1848 2679 1903 2725 et
1926 2670 2277 2740 longinquam

697 2762 754 2816 in
801 2777 955 2819 oram
1014 2765 1269 2819 secedere
1331 2776 1482 2819 tanto
1516 2765 1687 2819 maris
1717 2765 1893 2831 spatio
1925 2764 2281 2835 disjunctam.

696 2871 873 2926 eaque
906 2856 1018 2910 illic
1054 2858 1166 2927 pati
1230 2872 1353 2926 quae
1413 2857 1516 2911 fert
1561 2858 1687 2912 talis
1738 2858 1914 2912 exsilii
1976 2857 2256 2913 conditio?

699 2946 1081 3006 Clarissimum
1106 2951 1211 3006 hoc
1239 2961 1429 3007 vestra:
1453 2952 1738 3007 charitatis
1764 2962 2146 3023 argumentum
2178 2960 2282 3005 est.

702 3038 1025 3097 Benedictus
1059 3058 1189 3112 ergo
1219 3040 1485 3098 Dominus
1518 3044 1661 3099 Deus
1705 3044 1801 3113 qui
1833 3058 1927 3097 vos
1958 3058 2085 3113 erga
2115 3045 2286 3098 tenui-

700 3139 864 3186 tatem
908 3143 1152 3188 nostram
1209 3134 1288 3188 sic
1343 3134 1621 3197 excitavit,
1657 3142 1711 3190 et
1741 3136 1887 3189 vires
1940 3148 2004 3188 ac
2056 3134 2285 3203 gratiam

699 3225 947 3296 delegato
990 3225 1159 3290 dedit,
1218 3233 1276 3279 ut
1328 3237 1454 3279 nota
1509 3226 1666 3281 nobis
1711 3226 1911 3282 faceret
1951 3226 2133 3280 omnia
2168 3240 2287 3294 qute

702 3318 1007 3387 peregistis,
1068 3333 1303 3388 qumque
1366 3318 1548 3372 adhuc
1612 3317 1918 3381 sustinetis,
1980 3314 2284 3371 felicissimi

2378 2192 2778 2259 δικαιοσύνης
2804 2208 2817 2223 ·
2858 2194 3163 2263 ἐπισκοπὴν
3197 2195 3583 2265 ποιησόμενον,
3613 2201 3969 2268 προηγουμέ-

2378 2282 2618 2353 νωςμέν
2652 2285 2717 2352 τῇ
2773 2282 2894 2352 θείᾳ
2953 2284 3052 2340 καὶ
3107 2286 3517 2357 κορυφαιοτάτη
3549 2288 3719 2357 κάρᾳ,
3775 2288 3971 2342 ἔπειτα

2382 2377 2515 2446 ἡμῖν
2548 2378 2662 2437 τοῖς
2694 2375 3000 2445 ἐλαχίστοις
3032 2377 3090 2429 ἐν
3115 2376 3370 2445 ἀδελφοῖς
3405 2378 3500 2431 καὶ
3529 2381 3673 2431 υἱέσι
3719 2396 3968 2449 πνευμα-

2378 2465 2578 2525 τικοῖς.
2622 2464 2686 2515 Ὠ
2726 2463 2831 2531 τῆς
2875 2461 3049 2530 καλῆς
3080 2462 3404 2527 εὐϐουλίαςί
3442 2464 3487 2517 ὢ
3510 2466 3614 2534 τῆς
3641 2465 3972 2536 εἰλικρινοῦς

2383 2554 2640 2622 ἀγάπηςί
2670 2553 2767 2605 καὶ
2796 2552 2961 2606 τίνων
2992 2552 3191 2617 ἄλλων,
3226 2552 3261 2612 ἢ
3296 2554 3407 2606 τῶν
3438 2554 3526 2607 διά
3571 2555 3815 2625 Χριστὸν
3852 2554 3970 2609 ἐλο-

2389 2646 2568 2716 μένων
2608 2647 2704 2700 καὶ
2739 2646 2850 2699 τῶν
2886 2646 3106 2700 οἰκείων
3130 2647 3422 2717 ἐκστῆναι,
3450 2650 3546 2701 καὶ
3575 2651 3657 2713 είς
3678 2650 3784 2719 τὴν
3809 2650 3970 2703 ἀλλο-

2383 2738 2565 2808 δαπὴν
2631 2739 3072 2807 ἐκπεφευγέναι’
3129 2739 3375 2809 τοσούτῳ
3460 2742 3629 2810 μήκει
3689 2741 3973 2809 θαλάσσης

2383 2829 2772 2901 διειργομένην
2795 2850 2809 2863 ·
2840 2834 2938 2886 καὶ
2962 2832 3265 2902 τληπαθεϊν
3293 2834 3414 2885 ἐκεῖ
3440 2834 3541 2888 ὅσα
3565 2834 3714 2896 είκδς
3739 2836 3975 2906 ἐπισυμ-

2386 2921 2617 2981 ϐαίνειν.
2668 2921 2831 2976 τοῦτο
2883 2924 3287 2992 ἐναργέστατον
3345 2924 3545 2992 δεῖγμα
3600 2926 3970 2996 καθέστηκεν.

2386 3016 2696 3086 Εὐλογητὸς
2735 3012 2829 3070 οὖν
2878 3015 3084 3086 Κύριος
3114 3019 3143 3071 δ
3175 3016 3332 3081 Θεὸς,
3375 3015 3435 3079 δς
3481 3017 3782 3083 κατένυξεν
3831 3019 3975 3089 ὑμᾶς

2385 3108 2482 3161 ἐπὶ
2528 3108 2787 3163 τοσοῦτον
2839 3108 2976 3179 πρὸς
3022 3107 3122 3179 τὴν
3192 3108 3476 3162 εὐτέλειαν
3528 3109 3718 3178 ἡμῶν·
3759 3112 3856 3165 καὶ
3917 3110 3975 3173 ὃς

2388 3200 2591 3254 ἔδωκεν
2642 3202 2798 3270 ἰσχὺν
2846 3202 2940 3253 καὶ
2988 3202 3149 3271 χάριν
3202 3199 3281 3271 τῷ
3342 3200 3659 3270 Ἀποστόλῳ
3708 3203 3975 3273 γνωρίσαι

2389 3293 2522 3362 ἡμῖν
2577 3294 2778 3355 πάντα,
2814 3291 2959 3362 άπερ
3012 3290 3106 3345 καὶ
3166 3291 3445 3361 ἡνύσατεο
3505 3293 3600 3345 καὶ
3652 3292 3736 3345 In
3779 3295 3974 3365 φέρετε

703 3383 915 3476 l’atres,
966 3383 1343 3478 pro_nomine
1404 3406 1620 3461 Domini
1671 3408 1842 3461 nostri
1876 3404 2004 3461 Jesu
2054 3405 2282 3461 Christi.

2392 3384 2687 3457 τρισόλϐιοι
2718 3384 2963 3456 Πατέρες
2982 3401 2998 3415 ο
3034 3384 3177 3455 ὑπὲρ
3207 3384 3301 3439 τοῦ
3332 3388 3597 3455 ὀνόματος
3629 3384 3727 3438 τοῦ
3770 3388 3975 3457 Κυρίου

702 3501 835 3568 Quae
876 3502 1097 3571 quidem
1130 3501 1415 3555 audientes
1468 3500 1641 3571 gavisi
1674 3516 1885 3565 sumus,
1916 3501 2284 3569 laudavimus,

704 3594 908 3665 gratias
962 3594 1197 3664 egimus.
1225 3602 1278 3645 et
1310 3592 1565 3657 diximus,
1603 3606 1728 3645 vere
1760 3592 1815 3645 in
1846 3592 2005 3647 vobis
2044 3593 2287 3661 compla-

704 3688 872 3743 citum
905 3702 1026 3741 esse
1044 3687 1176 3751 Deo,
1205 3701 1367 3756 quem
1404 3685 1587 3741 colitis
1609 3684 1957 3741 confessione
1987 3687 2253 3741 veritatis.

776 3846 890 3916 Ego
917 3862 1047 3902 vero
1095 3849 1175 3902 sic
1198 3849 1477 3911 existimo,
1511 3862 1621 3901 non
1664 3856 1861 3903 vestrae
1892 3856 2101 3901 tantum
2136 3847 2289 3903 inco-

709 3937 974 3993 lumitatis
998 3939 1172 4011 gratia
1200 3978 1215 4004 ,
1259 3939 1353 3993 sed
1396 3939 1562 3993 etiam
1592 3938 1790 3993 salutis
1824 3938 2128 3993 incolarum
2161 3978 2176 4003 ,
2220 3939 2291 3993 ab

709 4029 957 4083 omnium
1023 4031 1428 4083 conservatrice
1508 4027 1850 4098 providentia
1930 4028 2289 4093 constitutum

710 4117 881 4173 fuisse
899 4127 1138 4173 vestrum
1158 4118 1211 4171 in
1232 4133 1327 4173 eas
1345 4133 1472 4174 oras
1488 4119 1764 4173 exsilium.
1782 4116 1862 4171 Eo
1879 4117 2149 4187 siquidem
2167 4131 2293 4187 pro-

711 4208 876 4275 fecti,
946 4224 1073 4263 mox
1118 4209 1410 4263 luminaria
1459 4208 1509 4261 in
1549 4208 1792 4262 tenebris
1822 4208 2055 4276 vitaeque
2106 4221 2293 4262 errore

715 4302 1059 4359 versantibus
1083 4317 1180 4356 vos
1207 4300 1537 4369 praebuistis,
1559 4300 1729 4355 duces
1753 4314 2047 4364 caecorum,
2072 4299 2292 4354 virtutis

714 4398 1048 4470 magistros,
1100 4411 1379 4468 praecones
1443 4395 1691 4465 pietatis,
1771 4395 1996 4449 nuntios
2043 4393 2291 4448 omnium

714 4507 839 4562 qua
887 4490 977 4546 hic
1007 4499 1196 4546 contra
1240 4487 1525 4544 Christum
1563 4502 1659 4557 per
1698 4487 2031 4542 horrendam
2071 4487 2296 4543 temeri-

716 4591 882 4638 tatem
907 4591 1056 4655 gesta
1088 4590 1236 4636 sunt.
1274 4580 1350 4635 Ita
1380 4589 1435 4635 et
1463 4580 1534 4633 ibi
1585 4589 1641 4635 et
1670 4579 1875 4648 ubique
1906 4588 2177 4633 terrarum
2229 4595 2295 4635 ac

718 4679 923 4745 maris,
966 4676 1132 4732 veluti
1163 4676 1310 4731 faces
1339 4674 1591 4730 accendit
1634 4671 1905 4729 Dominus
1944 4672 2295 4728 confessores

719 4769 785 4823 ad
822 4768 1194 4823 ostensionem
1246 4765 1529 4829 veritatis,
1580 4763 1920 4819 eversionem
1976 4764 2295 4832 impietatis,

722 4859 1183 4931 quemadmodum
1215 4856 1434 4912 saeculis
1458 4855 1857 4925 superioribus.
1880 4852 1947 4907 Et
1976 4855 2299 4924 magniﬁca-

722 4963 837 5008 tum
896 4960 979 5005 est
1045 4964 1243 5003 nomen
1298 4948 1444 5017 ejus,
1510 4958 1567 5003 et
1612 4946 1876 5017 probatus
1931 4954 2016 5001 est
2066 4947 2299 5016 populus

723 5041 927 5099 Christi
960 5038 1196 5102 electus,
1234 5048 1288 5095 et
1318 5038 1523 5095 Christi
1551 5052 1681 5093 osor
1709 5048 1885 5093 coetus
1927 5042 2249 5109 reprobatus
2281 5059 2295 5096 :

725 5134 959 5202 denique
990 5148 1222 5203 magnus
1248 5132 1415 5186 draco
1436 5170 1451 5195 ,
1492 5145 1651 5185 mens
1679 5131 1900 5199 Assyria
1928 5170 1943 5192 .
1989 5132 2153 5187 finem
2181 5136 2307 5191 vitae

726 5226 953 5284 sortitus
979 5235 1062 5281 est
1089 5228 1312 5295 dignum
1347 5225 1655 5280 temeritate
1686 5240 1821 5290 sua,
1850 5241 2017 5296 quam
2050 5228 2107 5281 in
2134 5227 2307 5284 Deum

727 5325 993 5379 exercuit.
1017 5322 1303 5389 Quomodo
1326 5330 1508 5377 autem
1536 5336 1679 5376 nunc
1708 5337 1768 5376 se
1800 5337 1891 5377 res
1928 5323 2016 5377 hic
2046 5324 2307 5393 habeant,

728 5430 1199 5487 supervacaneum
1233 5414 1374 5470 foret
1407 5412 1631 5476 dicere,
1660 5429 1785 5469 cum
1810 5415 2065 5479 idoneus,
2098 5416 2306 5473 Christi

732 5509 928 5581 gratia,
957 5510 1029 5562 sit
1063 5507 1385 5562 tabellarius
1415 5511 1474 5561 ut
1510 5505 1695 5562 omnia
1726 5505 1922 5562 doceat
1948 5517 2141 5563 exacte
2171 5525 2185 5561 :
2218 5510 2307 5566 cui

735 5617 836 5657 nos
854 5616 977 5656 cum
1007 5599 1234 5670 epistola
1252 5599 1691 5655 distributionem
1710 5599 2006 5669 quamdam
2028 5600 2310 5655 commisi-

2327 4726 2374 4785 D

2389 3480 2551 3551 ἡμῶν
2592 3478 2769 3549 Ἰησοῦ
2799 3477 3064 3550 Χριστοῦ.
3112 3478 3233 3548 Ἐφ’
3264 3476 3347 3542 οἷς
3400 3479 3740 3541 ἀκούσαντες
3777 3480 3976 3551 ἐχάρη-

2394 3591 2514 3645 μεν,
2546 3572 2845 3643 ῂνέσαμεν,
2892 3571 3475 3643 ἀνθωμολογησάμεθα
3501 3589 3517 3604 ’
3559 3574 3815 3642 εἴπομεν,
3844 3575 3925 3625 ὅτι
3951 3576 3978 3625 ό

2390 3664 2527 3725 Θεὸς
2584 3664 2754 3728 ὅντως
2805 3665 2865 3717 ἐν
2919 3664 3052 3734 ύμῖν
3128 3665 3277 3717 ἐστιν
3303 3682 3317 3696 ·
3372 3665 3842 3737 εὐαρεστούμενος
3887 3666 3977 3718 καὶ

2392 3755 2836 3827 θεραπευόμενος
2863 3758 2931 3825 τῇ
2959 3753 3105 3823 ὐπέρ
3135 3753 3397 3825 ἀληθείας
3426 3755 3710 3827 ὁμολογία.

2476 3848 2633 3918 Ἑμοὶ
2662 3846 2719 3899 δὲ
2745 3846 2914 3908 δοκεῖ,
2945 3845 3044 3913 οὐχ
3075 3844 3264 3898 εῖνεκα
3287 3845 3445 3914 ὑμῶν
3477 3845 3735 3914 σώματος
3779 3845 3940 3914 μόνον
3960 3861 3973 3874 ι

2393 3940 2531 3994 ἀλλά
2556 3940 2664 4009 γάρ
2690 3937 2787 3991 καὶ
2806 3938 2864 3990 ἐν
2892 3938 3007 3999 τοῖς
3028 3935 3218 3989 αὐτόθι
3249 3936 3524 4008 σωτηρίας
3552 3937 3649 4008 τὴν
3679 3936 3979 4005 φυγαδείαν

2392 4030 2818 4102 οίκονομηθῆναι
2839 4069 2855 4091 ,
2885 4027 3039 4100 παρά
3064 4028 3166 4097 τῆς
3205 4026 3273 4079 τὰ
3311 4030 3491 4082 πάντα
3522 4028 3812 4097 σωζούσης
3852 4045 3980 4097 προ-

2393 4124 2567 4185 νοίας.
2641 4121 2982 4191 Ἐπειδήπερ
3039 4120 3365 4184 ἐπιστάντες
3420 4120 3639 4191 ὥφθητε
3690 4122 3980 4191 φωστῆρες

2393 4217 2503 4268 τῶν
2554 4218 2611 4268 ἐν
2666 4214 2851 4267 σκότει
2912 4215 3010 4267 καὶ
3060 4213 3240 4285 πλάνῃ
3284 4212 3437 4283 βίου,
3482 4213 3669 4281 ὁδηγοὶ
3720 4213 3976 4281 τυφλῶν·

2396 4306 2682 4361 παιδευταί
2722 4305 2946 4376 ἀρετῆς,
3000 4305 3252 4375 κήρυκες
3301 4303 3619 4366 εὐσεϐείας·
3668 4303 3979 4358 διδάσκαλοι

2393 4400 2505 4453 τῶν
2550 4397 2787 4452 ἐνταῦθα
2832 4397 3192 4469 πραχθέντων
3237 4396 3383 4449 κατά
3428 4395 3671 4467 Χριστοῦ
3731 4396 3982 4466 φοϐερῶν

2394 4493 2783 4563 τολμημάτων.
2819 4490 2977 4543 Οὕτω
3006 4490 3103 4543 καὶ
3127 4491 3185 4542 ἐν
3215 4491 3331 4552 τοῖς
3362 4488 3549 4541 αὐτόθι
3574 4488 3669 4542 καὶ
3701 4488 3981 4560 πανταχοῦ

2395 4593 2499 4661 γῆς
2528 4608 2587 4643 τε
2621 4590 2715 4642 καὶ
2746 4587 3031 4657 θαλάσσης
3066 4584 3278 4654 ηὐγασε
3323 4583 3531 4653 Κύριος
3559 4584 3687 4646 τοὺς
3717 4584 3983 4653 ὁμολογη-

2399 4686 2519 4747 τὰς.
2548 4686 2625 4745 εἰς
2649 4682 2874 4747 ἔνδειξιν
2902 4679 3182 4749 ἀληθείας,
3211 4680 3291 4741 είς
3332 4676 3655 4747 ἀποτροπὴν
3684 4675 3947 4737 ἀσεϐείας
3965 4692 3979 4705 ·

2408 4778 2661 4848 καθάπερ
2703 4776 2797 4829 ἐπὶ
2842 4772 2951 4827 τῶν
2974 4772 3182 4826 ἄνωθεν
3219 4772 3428 4843 χρόνων
3452 4787 3466 4800 ’
3510 4770 3604 4824 καὶ⁸
3635 4768 3980 4840 ἐμεγαλύνθη

2406 4869 2467 4921 τὸ
2505 4867 2675 4936 ὄνομα
2716 4863 2916 4928 αὐτοῦ,
2962 4864 3058 4917 καὶ
3107 4860 3446 4933 ἐδοκιμάσθη
3483 4861 3512 4913 δ
3563 4860 3825 4923 ἐκλεκτὸς
3861 4859 3984 4921 λαός

2407 4958 2646 5030 Χριστοῦ
2669 4997 2683 5019 ,
2723 4957 2819 5011 καὶ
2854 4954 3277 5027 ἀπεδοκιμάσθη
3306 4956 3336 5007 ὁ
3370 4952 3719 5023 μισόχριστος
3760 4950 3982 5012 θίασος’

2407 5054 2503 5106 καὶ
2540 5052 2693 5114 τέλος
2742 5049 2935 5103 ἐλαϐεν
2977 5050 3103 5120 ὅρον
3136 5047 3305 5117 ζωῆς,
3344 5046 3566 5109 ἐπάξιον
3591 5047 3688 5113 τῆς
3723 5043 3933 5114 τόλμης
3960 5045 3985 5096 ὁ

2408 5146 2583 5215 μέγας
2625 5144 2864 5215 δράκων,
2896 5144 2926 5195 δ
2983 5142 3268 5212 Ἀσσύριος
3307 5138 3454 5202 νοῦς,
3495 5132 3564 5209 ἦς
3607 5136 3803 5206 ἐδρασε
3848 5137 3986 5188 κατά

2404 5236 2541 5289 Θεοῦ
2560 5252 2575 5267 ·
2610 5236 2673 5288 τὸ
2706 5234 2761 5288 δὲ
2790 5235 2939 5297 ὅπως
2964 5233 3059 5287 νῦν
3088 5234 3201 5303 ἔχει
3235 5232 3305 5285 τά
3329 5230 3587 5292 ἐνταῦθα,
3622 5228 3902 5298 παρέλκον
3926 5228 3987 5282 ἂν

2406 5330 2492 5397 εἴη
2530 5329 2709 5396 λέγειν
2730 5345 2743 5358 ·
2775 5327 2863 5379 διὰ
2892 5327 2954 5381 τὸ
2981 5328 3074 5379 τὸν
3101 5325 3582 5397 γραμματηφόρον
3614 5322 3805 5375 ἱκανὸν
3849 5317 3989 5373 εἶναι

2407 5423 2588 5495 χάριτι
2620 5421 2858 5492 Χριστοῦ
2880 5464 2894 5484 ,
2927 5420 3134 5473 ἕκαστα
3167 5418 3445 5485 ἐκδιδάξαι
3478 5414 3770 5488 ἐμμελῶς’
3813 5406 3859 5481 ᾧ
3901 5413 3989 5467 καὶ

2412 5512 2767 5585 παρεθέμεθα
2797 5512 2937 5582 μετά
2965 5511 3065 5582 τῆς
3102 5509 3396 5575 ἐπιστολῆς
3437 5507 3531 5562 καί
3558 5523 3680 5560 τινα
3707 5502 3988 5573 διανομὴν,

2412 5608 2479 5678 ἢν
2516 5608 2611 5661 καὶ
2659 5604 3034 5673 καταξιώσατε
3074 5601 3441 5669 εἰσδέξασθαι,
3481 5598 3834 5672 χαριζόμενοι
3864 5596 3989 5683 ἡμῖν

737 5708 879 5754 mus,
906 5708 1069 5762 quam
1101 5692 1379 5759 suscipere
1405 5691 1725 5762 dignemini,
1757 5692 2098 5747 venerandas
2125 5708 2283 5763 prece

2416 5700 2509 5764 τὰς
2534 5700 2721 5770 τιμίας
2750 5699 3058 5771 προσευχὰς
3089 5698 3169 5762 εἰς
3203 5694 3508 5768 στηριγμὸν
3534 5690 3731 5764 ψυχῆς.

738 5787 803 5839 ad
836 5784 1077 5838 animum
1111 5784 1577 5841 corroborandum
1611 5783 1764 5838 nobis
1805 5783 2106 5855 largiendo.

809 5898 853 5929 "
886 5896 1072 5952 Matth.
1102 5914 1150 5961 ι’,
1191 5898 1268 5949 l0.
