4156 6512
221 440 364 507 1345

435 560 545 628 ι.;ῐ”’.
582 590 648 601 -
688 562 764 631 7ῖῇ
791 563 1096 635 ἡγουμένῃ
1127 564 1246 620 τῶν
1283 570 1561 637 Γόρδινα.
1593 570 1793 647 [abut]

1415 456 1836 520 EPISTOLAR
1852 461 1962 522 ΗΜ
2020 462 2167 522 LIB.
2228 463 2312 525 Il.

3284 514 3287 517 ι
3374 464 3510 533 1346

2032 575 2220 641 XClll,
2242 607 2315 619 --
2343 576 2654 649 Praepositae
2678 579 3027 637 Gordinensis
3064 588 3393 639 monasterii.

799 676 1082 727 Monasterii
1113 677 1247 728 illius
1281 682 1503 730 alumnas
1527 685 1697 736 laudat
1729 686 1792 735 ob
1814 698 2047 741 constans
2070 692 2186 743 ﬁdei
2219 707 2276 743 ac
2320 692 2527 758 pietatis
2553 710 2685 748 verae
2707 698 2946 748 studium.

308 778 619 849 Ἀτιῄτησεν
656 781 802 851 ἡμᾶς
833 783 861 834 ό
889 781 1175 853 ἀγαπητὸς
1224 786 1381 855 ἡμῶν
1419 788 1652 856 ἀδελφὸς
1695 792 1810 846 Ἀν.

1986 797 2139 856 lianc
2171 802 2457 871 epistolam
2499 820 2531 860 a
2580 806 2739 863 nobis
2789 810 3019 878 expetiit
3064 808 3303 867 dilectus
3340 808 3514 866 frater

218 871 414 935 τὼνιος
466 872 527 926 τὸ
582 875 756 945 παρὸν
803 880 1456 949 γραμματεῖονμλλέγων
1518 884 1602 937 ὅτι
1649 886 1810 939 τοῦτο

221 963 544 1036 ὑπεσχόμην
578 965 745 1019 πάλαι
785 967 1035 1037 ποιῆσαι.
1066 970 1178 1024 Καὶ
1212 971 1281 1025 δι’
1309 973 1443 1026 αὐτὸ
1481 970 1576 1028 οῦν
1607 975 1769 1029 τοῦτο
1795 1018 1809 1042 ,

221 1055 321 1109 καὶ
349 1056 439 1109 διὰ
479 1058 578 1122 τὰς
623 1058 931 1124 ἀποστολὰς
965 1062 1153 1132 ὑμῶν,
1198 1064 1309 1118 ίδοὺ
1350 1066 1813 1139 προσφθέγγομαι

223 1148 321 1200 καλ⁵
349 1150 745 1221 προσαγορεύω
771 1153 946 1223 ὑμᾶς,
975 1152 1051 1218 ὼς
1083 1160 1353 1226 μητέρας.
1387 1156 1462 1221 ὡς
1493 1158 1730 1229 ἀδελφὰς
1754 1162 1812 1212 ἐν

226 1239 456 1310 Κυρίῳ·
511 1243 861 1314 μεμνημένος
905 1244 1008 1315 τῆς
1057 1246 1302 1317 ὑπαντῆς
1346 1247 1534 1319 ὑμῶν,
1575 1250 1671 1303 καὶ
1716 1250 1813 1303 τοῦ

224 1331 399 1384 κόπου
429 1332 528 1403 τῆς
570 1336 793 1408 ἀγάπης
821 1330 889 1408 ἦς
933 1338 1276 1404 ἐνεδείξασθε
1308 1344 1387 1405 είς
1420 1343 1482 1395 τδ
1512 1342 1687 1414 ὄνομα
1716 1345 1818 1398 αὐ-

223 1425 322 1477 τοῦ
342 1442 356 1456 '
382 1426 747 1497 διαφυγοῦσαι
777 1429 877 1501 τὴν
903 1432 1194 1484 κοινωνίαν
1225 1433 1336 1487 τῶν
1359 1434 1681 1506 αίρετικῶν,
1721 1438 1818 1492 καὶ

223 1518 632 1590 διατηρήσασαι
686 1522 950 1587 ἀσπίλους
1009 1525 1211 1588 ἑαυτὰς
1264 1526 1374 1579 ἀπὸ
1422 1527 1518 1580 τοῦ
1577 1528 1813 1599 κόσμου.

225 1610 465 1665 Βλέπετε
516 1608 612 1667 οὖν
683 1616 780 1668 καὶ
845 1616 984 1688 πρὸς
1043 1617 1106 1671 τὸ
1147 1618 1315 1689 ἑξῆς,
1372 1618 1567 1688 ἅγιαι·
1622 1619 1811 1692 ἐπειδὴ

223 1703 503 1760 ἐνίσταται

510 1823 622 1887 ιμιν.
663 1850 733 1862 --
765 1821 1011 1888 meo)“;
1048 1827 1525 1895 uapﬁersvoécr'n.

1913 901 2102 948 noster
2128 894 2401 951 Antonius
2428 937 2443 961 ,
2493 912 2796 968 suggerens
2836 900 3151 970 pollicitum
3184 918 3270 957 me
3300 901 3510 957 dudum

1916 983 1997 1037 sic
2034 998 2155 1039 esse
2186 984 2485 1041 facturum.
2538 986 2606 1040 Et
2633 988 2704 1043 ob
2748 990 2889 1047 hanc
2943 992 3109 1063 igitur
3143 1009 3369 1049 causam
3397 1033 3413 1059 ,
3459 1006 3514 1049 et

1923 1084 2144 1146 propter
2174 1077 2374 1132 missas
2409 1094 2437 1131 a
2492 1080 2645 1135 vobis
2684 1097 2929 1145 sorores,
2975 1100 3104 1140 ecce
3134 1101 3232 1140 vos
3262 1087 3515 1157 alloquor

1915 1178 1969 1221 et
1996 1170 2178 1223 saluto
2204 1178 2463 1240 tanquam
2496 1182 2728 1235 matres,
2763 1184 3023 1245 tanquam
3049 1190 3274 1232 sorores
3308 1178 3361 1231 in
3393 1175 3509 1229 Do-

1918 1260 2088 1323 mino,
2122 1275 2331 1316 memor
2364 1262 2593 1329 periculi
2630 1265 2796 1318 vestri
2834 1273 2889 1319 et
2926 1266 3154 1331 laboris,
3201 1267 3254 1320 in
3286 1282 3396 1337 quo
3427 1278 3515 1321 to-

1916 1352 2144 1406 lerando
2189 1354 2449 1409 eximiam
2498 1355 2622 1425 ejus
2654 1357 2893 1411 nominis
2926 1358 3249 1413 charitatem
3303 1358 3515 1429 signiti-

1916 1442 2087 1496 castis
2114 1483 2126 1495 .
2176 1444 2625 1499 communionem
2668 1445 3055 1502 haereticorum
3106 1458 3413 1515 aversatae,
3449 1461 3515 1502 ac

1928 1546 2141 1589 vosmet
2174 1548 2203 1587 a
2237 1535 2443 1589 mundo
2475 1536 2673 1592 illaesas
2700 1549 3005 1593 servantes.
3039 1538 3232 1595 Videte
3256 1540 3428 1611 igitur
3459 1550 3515 1594 et

1920 1624 1973 1677 in
2006 1635 2287 1694 posterum
2316 1665 2332 1690 ,
2376 1626 2595 1683 femina:
2631 1637 2863 1695 sancte;
2908 1630 3355 1703 quandoquidem
3409 1630 3515 1685 im-

1921 1728 2115 1771 ιιιιηθι.
2159 1756 2173 1771 .
2218 1756 2235 1772 .
2279 1757 2291 1770 ο
2336 1757 2352 1773 ο
2398 1757 2413 1773 ο

2305 1831 2581 1889 XClV.—-
2607 1832 2885 1888 Eudoconi
2916 1836 3131 1905 virgini.

814 1937 1005 1990 Gratias
1030 1944 1133 2004 agit
1154 1943 1217 1991 de
1240 1941 1501 2006 obsequiis
1520 1944 1613 1993 sibi
1657 1943 1706 1993 in
1734 1954 1939 1994 carcere
1964 1944 2224 2009 praestitis.
2265 1950 2472 2013 (Baron.
2495 1965 2574 2001 an.
2600 1951 2713 2012 818,
2738 1965 2788 1999 n.
2814 1950 2914 2010 H.)

754 2043 1205 2117 ἐφυλακίσθημεν
1232 2049 1289 2100 ἐν
1311 2050 1427 2112 τοῖς
1458 2051 1669 2112 αὐτόθι,
1705 2048 1817 2117 ἐγώ
1851 2054 1891 2110 Β

220 2148 284 2183 τε
317 2132 415 2185 καὶ
444 2134 473 2186 ό
506 2133 733 2204 ἀδελφὸς
760 2135 1049 2201 Νικόλαος,
1074 2138 1239 2208 ἡνίκα
1273 2140 1381 2210 πρὸ
1413 2139 1513 2211 τῆς
1541 2140 1683 2210 ὀπῆς
1715 2141 1814 2211 τῆς

224 2224 478 2296 φυλακῆς
508 2225 771 2296 φύλακες,
804 2228 879 2298 μὴ
914 2228 1112 2294 ἐῶντες
1152 2229 1330 2299 θίγειν
1354 2230 1635 2285 ὁντιναοῦν
1668 2232 1816 2285 κατὰ

220 2318 323 2387 τὴν
339 2317 447 2371 τῶν
465 2318 678 2373 ἀσεϐῶν
709 2320 1009 2391 πρόσταξιν
1030 2321 1109 2392 τῷ
1131 2323 1405 2395 φρουρείῳ
1426 2340 1440 2353 °
1470 2325 1617 2388 τότε,
1638 2323 1725 2378 ἵνα
1748 2323 1816 2377 τὰ

224 2408 471 2480 πρότερα
492 2411 638 2464 ἐάσω
663 2410 842 2479 λέγειν
862 2428 877 2443 ·
896 2413 1105 2485 καίπερ
1133 2414 1263 2469 ὄντα
1282 2416 1447 2471 ίκανόι
1467 2431 1479 2445 ’
1502 2419 1817 2490 παρρησιω-

157 2530 161 2532 γ
226 2501 430 2573 ζομένῃ
444 2505 508 2572 τῇ
526 2504 670 2555 κατὰ
686 2503 818 2557 Θεὸν
835 2504 1183 2577 πεποιθήσει·
1208 2506 1477 2577 ἔπεμπες,
1498 2509 1816 2581 ὲγαλούχεις

224 2594 425 2655 οἱονεὶ,
461 2595 776 2665 διέτρεφες,
820 2597 1099 2663 ἐπότιζες,
1151 2601 1521 2671 παρεκάλεις,
1556 2601 1816 2673 ήλειφες,

230 2688 465 2759 σεαυτὴν
505 2688 779 2754 ἐπιδίδους
813 2691 1203 2761 ῥιψοκινδύνως
1248 2695 1327 2757 είς
1361 2693 1594 2750 θάνατον
1618 2713 1633 2727 ·
1680 2698 1818 2768 ὅπερ

232 2780 436 2850 μικροῦ
468 2781 579 2835 δεῖν
602 2824 617 2847 ,
669 2784 717 2835 εί
758 2785 832 2855 μὴ
864 2786 896 2855 ἠ
931 2785 1051 2857 χεὶρ
1090 2785 1187 2839 τοῦ
1238 2786 1377 2840 Θεοῦ
1420 2788 1676 2856 φθάσασα
1706 2783 1818 2842 εῢὲ

231 2890 293 2925 σε
320 2888 334 2900 ’
362 2876 456 2928 καὶ
487 2877 780 2941 ἐνέπιπτες
819 2880 899 2941 εἰς
930 2878 1114 2949 ἔργον.
1148 2875 1314 2944 Οἶδας
1344 2882 1444 2944 τὰς
1481 2882 1819 2953 κατηγορίας

229 2967 340 3022 τῶν
364 2970 811 3037 γειτνιαζόντων,
844 2972 942 3034 τὰς
986 2972 1305 3044 είσπράξεις
1356 2973 1466 3025 τῶν
1504 2976 1816 3045 ἀρχόντων⁸

230 3061 313 3113 ὅτι
344 3060 495 3132 δῶρα
532 3062 763 3132 εῐληφας
810 3064 960 3135 παρὰ
999 3064 1095 3117 τοῦ
1137 3066 1468 3120 καταδίκου’
1501 3068 1582 3120 ὅτι
1628 3067 1820 3137 λόγους

231 3153 494 3221 διαταγῆς
542 3154 875 3218 ὑπακούεις·
917 3155 1097 3222 τοῦτο,
1153 3158 1398 3212 κάκεῖνο.
1465 3159 1608 3213 Ἀλλ’
1643 3161 1818 3230 ὅμως,

231 3242 276 3296 ῶ
302 3245 401 3314 τῆς
436 3244 861 3314 μεγαλοπιστίας
887 3247 900 3299 !
930 3247 1050 3300 οὐδὲ
1075 3247 1220 3301 οὕτω
1248 3249 1455 3302 τούτων
1478 3250 1819 3320 τυρόασθέν-

228 3353 343 3390 των
388 3337 609 3408 ύφῆκας
650 3338 712 3391 τὸ
756 3338 1004 3394 καθόλου.
1056 3340 1198 3393 Ἀλλ’
1234 3340 1310 3404 ῶς
1358 3341 1586 3411 μηδενὸς
1631 3339 1818 3396 καινοῦ

230 3428 532 3496 γεγονότος
557 3469 571 3491 ,
614 3427 739 3499 ἔχου
771 3430 934 3484 πάλιν
979 3430 1079 3500 τῆς
1129 3430 1441 3494 διακονίας·
1475 3431 1672 3503 δώροις
1694 3436 1817 3497 τοὺς

234 3520 485 3589 φύλακας
510 3522 997 3591 ἐξευμενιζομένη,
1027 3522 1121 3574 καὶ
1148 3522 1207 3574 τὸ
1232 3521 1299 3591 δὴ
1339 3522 1652 3593 λεγόμενον,
1689 3524 1821 3578 Θεὸν

233 3612 303 3665 δι’
332 3613 489 3682 ήμῶν
518 3613 626 3666 τῶν
652 3613 995 3682 ἁμαρτωλῶν
1029 3613 1415 3684 θεραπεύουσα
1440 3632 1454 3647 ο
1487 3616 1545 3681 ἐξ
1574 3609 1635 3668 οῦ
1664 3619 1759 3669 καὶ
1784 3619 1817 3687 ἡ

235 3707 465 3778 ἁρπαγὴ
504 3706 613 3759 τῶν
648 3707 939 3762 κινδύνων·
975 3711 1070 3761 καὶ
1104 3708 1137 3778 ἡ
1168 3707 1299 3778 παρ’
1331 3707 1525 3761 ἐλπίδα
1552 3708 1819 3779 σωτηρία.

237 3800 304 3853 Τί
333 3798 495 3853 τοῦτο
531 3798 787 3871 δεύτερον
810 3800 1146 3871 Πρισκίλλης
1193 3802 1285 3854 καὶ
1315 3800 1518 3869 Φοίϐης
1560 3801 1779 3870 ἐκείνης
1805 3818 1818 3831 ’

239 3895 271 3962 ἢ
301 3894 411 3945 τῶν
459 3894 689 3957 ταύταις
729 3894 1076 3947 ὑποστασίων
1101 3895 1245 3946 κατὰ
1284 3895 1381 3965 τὴν
1411 3893 1511 3964 τῆς
1544 3894 1822 3957 διακονίας

241 3983 501 4055 θεωρίαν,
554 3980 704 4059 ἐφ’ᾗ
758 3986 1160 4057 μακαρίζονται
1212 3986 1316 4039 ὑπὸ
1343 3984 1436 4038 τοῦ
1465 3986 1612 4039 θείου
1658 3987 1820 4038 Ἀπο-

241 4076 459 4143 στόλου;
494 4078 745 4149 οὐδαμῶς
768 4078 841 4142 ὡς
874 4078 1062 4149 ἔμοιγε
1088 4079 1255 4144 δοκεῖ,
1282 4081 1329 4132 εἰ
1368 4080 1441 4149 μὴ
1474 4080 1555 4132 ὅτι
1579 4081 1658 4142 είς
1693 4081 1823 4133 ἀνα-

242 4170 391 4235 ξίους
418 4187 431 4201 ·
484 4171 621 4225 ἀλλὰ
667 4174 763 4225 καὶ
804 4171 963 4226 τοῦτο
1010 4173 1214 4245 μᾶλλον
1260 4172 1657 4245 αἰνετώτερον’
1706 4170 1824 4226 ἐκεῖ

241 4265 350 4336 γὰρ
382 4264 444 4318 τὸ
477 4265 821 4335 μεγαλοφυὲς
846 4267 939 4320 τοῦ
977 4268 1272 4337 προσώπου
1301 4267 1444 4338 τάχα
1480 4267 1547 4321 ἂν
1576 4267 1670 4320 καὶ
1696 4268 1823 4330 τοὺς

239 4359 605 4431 ἀναισθήτους
652 4359 832 4423 λίθους
870 4361 1123 4430 ἐκίνησεν
1179 4362 1534 4430 εὐεργετεῖν
1587 4360 1822 4414 ἐνταῦθα

238 4451 299 4505 δὲ
326 4449 674 4512 τούναντίον,
719 4449 813 4503 καὶ
855 4451 983 4512 τοὺς
1031 4450 1392 4520 ἐναισθήτους
1436 4450 1562 4513 νόας
1611 4451 1824 4521 ναρκᾷν

240 4544 430 4597 ἔπεισε
474 4544 535 4597 τὸ
579 4543 926 4597 ἀπόπτυστον
958 4542 1069 4595 τῶν
1116 4542 1522 4611 ὑποκειμένων.
1569 4544 1710 4597 Ἀλλ’
1739 4545 1823 4598 ὃτι

238 4637 400 4691 τοῦτο
431 4636 626 4703 οὕτως,
661 4637 755 4691 καὶ
795 4635 1273 4699 ἁντιπεπονθότως
1314 4636 1504 4707 ὤφθης
1536 4636 1786 4708 δράσασα
1806 4678 1822 4700 ,

2774 2055 2827 2108 in
2870 2069 3095 2110 carcere
3146 2052 3258 2109 illic
3298 2054 3514 2109 detine-

1919 2144 2116 2200 bamur
2146 2161 2246 2215 ego
2278 2146 2559 2218 fraterque
2587 2146 2884 2212 Nicolaus,
2933 2162 3059 2201 cum
3090 2154 3216 2201 ante
3243 2146 3515 2201 custodiae

1918 2236 2165 2294 foramen
2215 2239 2379 2311 positi
2439 2238 2700 2294 custodes
2737 2238 3051 2300 neminem,
3101 2253 3167 2292 ex
3214 2236 3511 2307 impiorum

1918 2331 2258 2399 interdicto,
2301 2332 2529 2403 propius
2572 2330 2896 2401 contingere
2944 2329 3242 2386 sinebant:
3273 2338 3387 2385 tum
3451 2340 3511 2385 tu

1922 2426 2005 2497 (ut
2055 2427 2372 2497 superiora,
2408 2427 2666 2497 quamvis
2700 2423 3108 2487 memorabilia,
3164 2426 3513 2493 praeteream)

1921 2517 2117 2572 ﬁducia
2171 2515 2264 2571 Dei
2317 2515 2476 2579 freta,
2535 2515 2813 2580 mittebas,
2871 2513 3283 2583 quodammodo
3340 2512 3513 2567 lacta-

1918 2609 2039 2676 bas,
2069 2610 2274 2671 aiebas,
2301 2619 2495 2679 polum
2530 2608 2722 2673 dabas,
2749 2606 3157 2668 consolabaris,
3179 2604 3512 2666 hortabaris,

1923 2702 2153 2772 teipsam
2203 2701 2257 2755 in
2303 2711 2562 2771 apertum
2598 2700 2794 2756 mortis
2827 2698 3130 2769 periculum
3162 2696 3509 2766 conjiciens:

1920 2809 2085 2863 quam
2112 2792 2332 2864 quidem
2355 2833 2369 2856 ,
2420 2792 2526 2847 nisi
2556 2801 2609 2847 te
2653 2790 2747 2846 Dei
2790 2806 2995 2845 manus
3030 2798 3366 2860 praeverteris
3401 2787 3513 2843 eri-

1921 2886 2154 2955 puisset,
2184 2900 2244 2939 re
2280 2885 2396 2954 ipsa
2423 2884 2750 2953 pertulisses
2769 2923 2784 2935 .
2814 2881 2971 2939 Nosti
3002 2882 3311 2937 vicinorum
3346 2895 3513 2935 accu-

1921 2978 2208 3039 sationes,
2263 2977 2580 3030 exactiones
2628 2974 3085 3046 mag'stratuum;
3146 2974 3274 3043 quia
3336 2987 3366 3025 a
3416 2985 3513 3025 reo

1922 3083 2154 3125 munera
2188 3068 2487 3139 accepisti;
2523 3067 2651 3138 quia
2686 3083 2875 3121 aurem
2908 3065 3181 3120 mandatis
3208 3063 3511 3134 prmbuisti,

1923 3162 2028 3216 boc
2053 3171 2107 3216 et
2136 3160 2291 3214 illud.
2325 3158 2605 3224 Attamen,
2637 3173 2670 3212 ο
2704 3157 2827 3211 tidei
2871 3156 3309 3227 magnitudinem
3340 3155 3353 3209 !
3414 3169 3515 3208 nec

1923 3254 2004 3309 sic
2034 3254 2252 3324 quidem
2276 3252 2569 3306 commotis
2605 3251 2732 3312 illis,
2766 3250 2877 3305 ullo
2910 3249 3069 3304 modo
3102 3247 3381 3303 destitisti.
3407 3244 3513 3300 Sed

1923 3345 2081 3416 quasi
2113 3344 2239 3399 novi
2272 3342 2411 3398 nihil
2452 3342 2766 3405 accidisset,
2801 3340 3111 3396 ministerio
3153 3339 3352 3393 iterum
3386 3337 3515 3391 insi.

1923 3438 2151 3503 stebas,
2188 3435 2445 3492 custodes
2494 3436 2817 3490 muneribus
2863 3434 3189 3496 concilians,
3239 3444 3315 3495 et,
3366 3429 3514 3501 quod

1922 3532 2030 3587 diei
2063 3531 2221 3593 solet,
2279 3528 2394 3584 Deo
2437 3545 2533 3601 per
2562 3545 2664 3583 nos
2714 3537 3036 3599 peccatores
3096 3526 3437 3587 deserviens,
3485 3538 3514 3577 a

1922 3640 2032 3694 quo
2055 3633 2107 3678 et
2137 3624 2504 3693 periculorum
2539 3623 2814 3687 liberalia,
2846 3631 2902 3675 et
2928 3629 3128 3691 praeter
3160 3634 3312 3689 spem
3340 3616 3510 3672 salus.

1923 3717 2172 3785 Quanam
2208 3718 2261 3770 in
2295 3732 2354 3770 re
2380 3718 2577 3770 cedunt
2609 3717 2713 3770 ista
2747 3714 3015 3769 Priscillae
3054 3723 3108 3768 et
3146 3711 3368 3766 Phcehaa
3400 3708 3475 3763 illi

1923 3821 2018 3863 aut
2051 3824 2240 3863 earum
2277 3807 2582 3878 aequalibus
2637 3806 2693 3860 in
2746 3807 3057 3861 ministerio
3085 3846 3102 3872 ,
3151 3804 3310 3874 cujus
3347 3816 3515 3856 causa

1923 3902 2272 3957 celebrantur
2324 3916 2355 3955 a
2388 3900 2576 3954 divino
2620 3898 2933 3968 Apostolo?
2984 3895 3147 3951 Nullo
3190 3896 3356 3949 modo
3398 3908 3517 3948 mea

1923 3995 2144 4065 quidem
2193 3992 2489 4056 sententia,
2549 3990 2655 4046 nisi
2717 3989 2864 4060 quod
2912 4004 3040 4058 erga
3093 3989 3389 4057 indignos:
3423 3987 3515 4040 sed

1894 4158 1900 4165 .
1926 4090 2031 4142 hoc
2060 4095 2212 4141 tanto
2266 4085 2618 4139 laudabilius.
2651 4081 2730 4136 lbi
2758 4083 2903 4145 enim
2940 4096 3186 4149 personae
3215 4079 3520 4150 amplitudo

1922 4176 2009 4231 vel
2040 4190 2207 4230 sensu
2239 4174 2483 4228 carentia
2538 4188 2668 4227 saxa
2710 4171 2780 4227 ad
2830 4171 3263 4230 beneﬁcentiam
3300 4184 3519 4240 permo-

1922 4272 2125 4325 visset:
2164 4268 2253 4321 hic
2285 4275 2469 4321 autem
2494 4280 2525 4319 e
2549 4264 2828 4320 contrario
2861 4266 3028 4319 etiam
3058 4278 3222 4321 sensu
3255 4262 3517 4333 praeditas

1924 4370 2133 4417 mentes
2198 4360 2459 4429 languere
2522 4366 2744 4427 cogeret
2823 4356 3007 4412 vilitas
3074 4371 3265 4411 eorum
3316 4354 3523 4425 quibus

1924 4453 2356 4509 ministrabatur.
2421 4451 2557 4505 Cum
2608 4464 2741 4520 ergo
2786 4449 2903 4505 haec
2960 4448 3033 4503 ita
3090 4456 3309 4513 essent,
3358 4454 3411 4501 et
3459 4455 3519 4500 tu

1927 4548 2287 4603 nihilominus
2338 4560 2501 4601 serus
2532 4559 2693 4615 agere
2739 4543 2857 4598 visa
2912 4541 3114 4609 fueris;
3173 4542 3298 4597 vide
3349 4555 3517 4611 quam

1928 4641 2142 4696 laudem
2168 4639 2452 4695 merearis.
2479 4636 2839 4706 Suscepimus
2868 4641 3075 4705 itaque,
3108 4635 3321 4706 egregia
3339 4633 3517 4703 virgo,

242 4730 520 4800 σκόπησον
562 4730 625 4782 τὸ
664 4728 965 4798 ἐγκώμιον.
1020 4727 1327 4798 Ἀπέχομεν
1360 4729 1562 4794 τοίνυν,
1613 4722 1658 4781 ῶ
1688 4728 1820 4782 καλ-

1936 4732 2393 4794 misericordiam,
2439 4736 2494 4783 et
2521 4730 2647 4799 jure
2685 4738 2736 4782 te
2768 4727 3081 4791 laudamus,
3123 4726 3519 4795 amplectentes

238 4823 557 4894 λιπάρθενε,
592 4822 652 4876 τὸ
680 4822 851 4885 ἕλεος,
879 4822 973 4876 καὶ
994 4820 1253 4892 αίνοῦμὲν
1275 4836 1336 4874 σε
1367 4822 1612 4883 εἰκότως,
1649 4838 1823 4891 προσ.

241 4914 638 4985 αποδεχόμενοι
682 4915 777 4967 καὶ
827 4914 1306 4976 συνεπαινοῦντες,
1349 4914 1532 4967 καὶτὰ
1561 4913 1697 4967 ἄλλα
1724 4932 1819 4967 σου

242 5008 720 5079 σεμνολογήματα,
759 5007 855 5078 τὴν
885 5008 1233 5077 ἐγκράτειαν,
1264 5005 1364 5077 τὴν
1394 5006 1690 5077 αὐχμηρὰν
1724 5009 1820 5061 κό-

246 5119 377 5174 μην,
404 5100 503 5171 τὴν
531 5099 885 5171 ἠμελημένην
912 5100 1135 5169 ἐσθῆτα,
1175 5103 1274 5169 τὴν
1297 5099 1692 5171 ἐλεημοσύνην,
1727 5104 1823 5155 καὶ

240 5196 329 5249 ἐπ’
369 5193 552 5257 ἄλλοις
577 5192 677 5261 τὴν
714 5191 1051 5260 φιλαγνείαν,
1089 5193 1185 5246 καὶ
1210 5192 1305 5245 ἐπὶ
1331 5193 1511 5264 τούτῳ
1550 5195 1819 5265 μηδαμῶς

245 5284 779 5357 μωμοσκοπηθεῖσαν
818 5284 953 5354 πρδς
990 5283 1236 5336 τινοσοῦν
1270 5283 1381 5337 τῶν
1412 5284 1751 5356 ἀνθρώπων·
1781 5283 1827 5337 ὣ

242 5380 343 5451 τῆς
365 5381 537 5451 καλῆς
562 5397 656 5432 σου
686 5378 946 5450 ἐργασίας
969 5393 983 5407 ο
1016 5376 1183 5447 ὣητῆς
1210 5377 1495 5447 θεοφιλοῦς
1523 5378 1618 5432 καὶ
1648 5394 1826 5449 γηρα-

242 5472 373 5536 λέας
410 5471 682 5541 κεφαλῆςῑ
718 5468 962 5541 ἦνθησας
982 5470 1040 5521 ἐν
1071 5468 1223 5539 μέσῳ
1245 5470 1497 5522 ἀκανθῶν
1521 5469 1597 5530 ὡς
1633 5470 1787 5541 ῥόδον
1808 5484 1825 5500 ο

246 5564 549 5627 εὑωδίασας
579 5566 636 5617 ὲν
668 5563 818 5634 μέσῳ
852 5564 1045 5631 γενεᾶς
1086 5561 1305 5626 σκολιᾶς
1334 5565 1429 5616 καλ⁵
1462 5565 1828 5633 διεστραμμέ-

245 5673 381 5727 νης,
413 5656 489 5718 ῶς
533 5654 798 5726 όρθοιρυές
841 5654 1047 5726 κρίνον.
1084 5653 1149 5707 Τί
1187 5654 1249 5707 τὸ
1290 5654 1515 5721 λοιπόν;
1548 5656 1828 5725 διαμένειν

249 5767 308 5803 σε
332 5749 428 5803 καὶ
461 5748 598 5814 πρὸς
624 5748 685 5801 τὸ
708 5748 836 5819 ἑξῆς
864 5746 1235 5819 ἀπρόσκοπον,
1262 5750 1638 5819 σεσωσμένην,
1673 5749 1828 5817 φιλο-

248 5840 544 5911 κρινοῦσαν
607 5841 787 5896 πᾶσαν
853 5840 1022 5912 ἄλλην
1084 5840 1304 5912 ἐντολὴν
1370 5841 1579 5911 Κυρίου
1606 5858 1620 5871 ο
1684 5840 1829 5893 ὥστε

252 5940 391 6003 μήτε
422 5932 645 6003 ὀμνύειν
674 5934 733 5988 τὸ
749 5933 920 6005 ὄνομα
946 5935 1155 5989 Κυοίου
1184 5934 1246 5987 τὸ
1276 5933 1539 5987 παοάπαν
1564 5950 1576 5965 ·
1613 5934 1749 6001 μήτε
1777 5950 1829 5986 τι

1937 4825 2102 4882 simul
2132 4830 2187 4877 et
2211 4824 2591 4878 collautlantes
2628 4820 2735 4875 alia
2777 4829 2868 4874 tua
2897 4831 3224 4875 ornamenta
3250 4860 3265 4883 ,
3311 4826 3519 4885 tempe-

1937 4918 2194 4979 rantiam,
2242 4915 2574 4984 incomptam
2626 4926 2879 4977 comam,
2937 4912 3239 4981 neglectam
3288 4916 3517 4967 vestem,

1936 5012 1991 5065 in
2027 5010 2165 5063 alios
2212 5021 2435 5077 quoque
2466 5004 2921 5068 beneﬁcentiam,
2974 5016 3217 5055 amorem
3255 4999 3517 5054 castimo-

1938 5106 2063 5167 niue,
2091 5111 2146 5156 et
2179 5099 2327 5169 quod
2350 5100 2417 5153 de
2454 5113 2517 5153 ea
2545 5112 2827 5165 nunquam
2864 5094 3196 5164 reprehensa
3244 5091 3416 5148 fueris
3451 5091 3521 5145 ab

1938 5198 2049 5250 ullo
2075 5193 2412 5249 mortalium.
2464 5190 2509 5244 0
2538 5193 2831 5260 praeclaras
2865 5188 3111 5243 actiones
3147 5186 3302 5240 tuas!
3339 5199 3372 5240 ο
3407 5183 3520 5239 Deo

1929 5291 2157 5341 charum
2186 5294 2241 5339 et
2274 5283 2447 5339 senile
2477 5293 2638 5351 caput
2665 5282 2679 5335 Σ
2717 5278 3010 5333 Eilloruisti
3050 5278 3102 5331 in
3128 5276 3307 5331 medio
3329 5276 3513 5346 spina-

1929 5395 2073 5446 rum,
2108 5377 2252 5433 sicut
2287 5392 2415 5432 rosa
2443 5393 2456 5429 :
2490 5375 2713 5431 odorem
2744 5371 2944 5427 dedisti
2978 5371 3034 5426 in
3064 5370 3245 5425 medio
3278 5368 3516 5423 nationis

1932 5487 2112 5544 prava:
2165 5479 2330 5538 atque
2371 5483 2674 5539 perversae,
2732 5474 2996 5535 tanquam
3056 5472 3265 5517 rectum
3318 5461 3514 5515 lilium.

1933 5566 2073 5633 Quid
2111 5564 2385 5635 reliquum
2416 5560 2534 5615 eSt?
2575 5560 2647 5615 Ut
2696 5558 2844 5613 salva
2899 5569 3223 5626 permaneas
3256 5553 3421 5608 etiam
3465 5551 3516 5605 in

1936 5668 2216 5732 posterum
2282 5654 2490 5723 absque
2544 5650 2874 5712 oilensione,
2929 5660 3263 5716 servansque
3322 5652 3517 5698 ca-tera

1939 5749 2123 5805 omnia
2163 5746 2377 5802 Domini
2409 5744 2662 5798 mandata
2694 5763 2705 5797 :
2736 5750 2794 5795 ut
2824 5754 2925 5795 nec
2956 5753 3183 5810 prorsus
3230 5736 3383 5806 jures
3419 5734 3520 5788 Do—

1940 5842 2074 5897 mini
2108 5854 2331 5900 nomen,
2373 5851 2471 5891 nec
2505 5834 2675 5889 ullum
2731 5832 2877 5887 aliud
2911 5840 3235 5887 contemnas
3270 5845 3336 5884 ex
3369 5842 3511 5882 man-

1939 5933 2100 5990 datis.
2127 5929 2243 5987 lioc
2268 5937 2451 5985 autem
2470 5926 2616 5990 dico,
2641 5939 2751 5981 non
2773 5922 2929 5992 quasi
2958 5931 3011 5978 te
3032 5921 3203 5988 culpa:
3224 5916 3518 5976 obnoxiam
