4156 6512
656 418 791 486 1347

1859 420 1919 478 S.
1943 414 2335 477 THEODORI
2367 413 2716 476 STUDlT/E

3781 398 3935 462 1348

649 547 771 586 esse
804 529 1254 598 deprehenderim
1283 572 1298 597 ,
1341 531 1435 584 sed
1465 531 1609 601 quod
1652 533 1703 584 in
1750 532 2008 585 omnibus
2061 527 2233 598 perfe-

2357 527 2465 580 ἱλλο
2490 525 2875 598 παραθεωρεῖν
2894 523 3005 575 τῶν
3035 519 3437 589 ἐντεταλμένων
3458 533 3472 548 ·
3497 513 3660 570 τοῦτο
3684 513 3745 566 δέ
3774 513 3939 579 λέγω

647 635 790 679 ctam
827 633 877 678 te
911 637 1030 677 esse
1059 622 1295 691 cupiam,
1323 632 1374 675 et
1406 624 1676 691 promissa
1701 623 1826 675 inde
1857 621 1999 675 bona
2028 637 2227 674 conse-

649 718 767 787 qui.
808 716 1019 771 Salutat
1060 725 1111 769 te
1150 713 1320 768 frater
1351 713 1606 769 Nicolaus
1632 729 1646 766 :
1675 725 1728 768 et
1774 730 1876 785 ego
1928 714 2216 767 Dominum

652 823 716 862 ac
746 808 1142 862 causobrinum
1168 814 1346 860 tuum.

1034 1089 1198 1146 XCV.
1228 1122 1295 1131 —
1328 1089 1531 1143 Basilio
1561 1091 1866 1156 praeposito.

2331 619 2429 688 οὐχ
2457 620 2533 680 ὡς
2569 611 3126 694 καταλαμϐανόμενός
3170 627 3229 663 σε
3266 606 3624 663 ὐπαιτιᾶσθαι
3647 622 3661 635 ⁸
3693 605 3816 660 ἀλλ’
3846 607 3939 667 ὡς

2335 712 2474 778 ἔχων
2514 711 2569 762 ἐν
2597 709 2782 775 ἐφέσει
2810 706 2904 759 τοῦ
2936 707 2992 758 ἐν
3035 705 3201 756 πᾶσιν
3237 701 3425 771 ἄρτιον
3460 697 3622 762 εἶναι,
3679 699 3933 752 κάντεῦ-

2337 800 2428 852 θεν
2465 802 2743 869 ἐπιτυχεῖν
2774 798 2882 851 τῶν
2918 799 2973 848 ἐν
3005 795 3355 863 ἐπαγγελίαις
3398 791 3654 859 ἀγαθῶν·
3703 791 3734 841 ὁ
3768 792 3938 842 ἀδελ-

2341 891 2438 957 φὸς
2474 892 2738 952 Νικόλαος
2777 887 3204 960 προσαγορεύειο
3259 885 3415 952 κάγὼ
3443 885 3535 938 τὸν
3570 881 3782 952 Κύριον
3831 890 3936 934 καὶ

2337 980 2654 1050 ἀδελφιδοῦν
2686 1000 2802 1034 σου.

2579 1095 2692 1160 ιε’.
2748 1122 2819 1135 --
2865 1093 3159 1156 Barrus/cp
3197 1091 3528 1158 ἡγουμένῳ.
3573 1095 3697 1159 ιχ’-1

1206 1203 1408 1251 Dolenti
1430 1199 1563 1262 quod
1609 1196 1950 1248 leonomachis
1975 1198 2312 1254 consenserit.
2342 1215 2398 1250 ac
2424 1204 2770 1266 resipiscenti,
2805 1206 3141 1268 paenitentiam
3167 1202 3357 1252 indicit.

726 1308 781 1362 In
807 1309 890 1363 his
915 1325 1037 1378 qua:
1069 1309 1289 1378 scripsit
1319 1308 1618 1362 reverentia
1649 1317 1763 1371 tua,
1797 1307 1990 1372 frater,
2034 1308 2087 1359 in
2113 1321 2232 1374 pue-

660 1404 744 1455 nis
789 1403 930 1455 ultro
962 1402 1285 1467 subeundis,
1320 1400 1670 1470 acquiescere
1701 1415 1759 1454 se
1797 1400 2149 1468 significavit,
2185 1407 2242 1451 et

660 1493 724 1542 ad
759 1493 982 1544 meliora
1020 1507 1182 1560 porro
1209 1490 1339 1544 ferri
1375 1509 1387 1543 :
1425 1491 1884 1554 quemadmodum
1921 1504 2029 1543 non
2071 1489 2242 1543 tabel-

660 1583 830 1635 larius
866 1585 1029 1635 modo
1073 1583 1313 1641 edocuit.
1349 1585 1442 1635 sed
1466 1592 1520 1635 et
1548 1590 1673 1634 ante
1700 1582 1876 1650 ipsum
1905 1581 2244 1635 reverendis—

662 1675 834 1726 simus
871 1672 1040 1726 frater
1082 1685 1268 1727 noster
1303 1672 1518 1739 Petrus,
1549 1683 1605 1726 et
1644 1674 1787 1726 idem
1823 1674 2037 1726 amicus
2070 1682 2194 1728 tuus
2225 1691 2239 1726 :

2426 1311 2513 1364 Ἐν
2535 1307 2614 1375 οἷς
2638 1314 2914 1384 γέγραφεν
2949 1313 2982 1384 ή
3023 1311 3270 1382 τιμιότης
3300 1327 3414 1372 σου,
3450 1307 3665 1371 ἀδελφὲ,
3701 1305 3899 1357 sagae.

2347 1407 2435 1472 ξεν
2460 1407 2660 1477 ἑαυτὴν
2691 1404 3018 1458 εὐὼκοῦσαν
3049 1405 3105 1456 ἐν
3143 1405 3253 1463 τοῖς
3282 1400 3598 1468 ἐπιτιμίοις,
3629 1399 3727 1450 καὶ
3776 1399 3881 1448 ἐπε

2346 1499 2584 1570 γομένην
2637 1498 2772 1569 πρὸς
2813 1499 2883 1550 τὰ
2931 1497 3248 1566 κρείττονα·
3302 1493 3443 1547 καθὰ
3505 1488 3816 1554 ὲξεδίδαξεν
3869 1492 3935 1541 οὐ

2353 1593 2511 1662 μόνον
2543 1594 2572 1644 ό
2603 1590 3079 1661 γραμματηφόρος
3107 1603 3118 1616 ·
3151 1585 3285 1640 ἀλλά
3325 1585 3430 1652 γάρ
3479 1583 3573 1634 xui
3617 1581 3723 1648 πρὸ
3760 1580 3940 1632 αὑτοῦ

2348 1686 2376 1737 ό
2403 1685 2736 1755 τιμιώτατος
2770 1685 2998 1750 ἀδελφὸς
3025 1680 3184 1750 ἡμῶν
3216 1679 3420 1748 Πέτρος
3449 1677 3478 1728 ό
3502 1679 3593 1728 καὶ
3622 1677 3706 1727 σοὶ
3741 1674 3941 1739 φιλού-

660 1768 732 1818 ob
787 1781 910 1833 quae
959 1765 1181 1835 gavisus
1217 1781 1338 1819 sum
1382 1779 1484 1834 ego
1537 1766 1759 1818 humilis
1796 1776 1849 1819 et
1888 1766 2092 1834 gratias
2140 1765 2246 1835 egi.

2357 1793 2517 1843 μενος
2539 1793 2550 1804 ο
2590 1774 2674 1843 ἐφ’
2712 1768 2795 1836 οἷς
2832 1774 3008 1842 ἣσθην
3037 1773 3064 1823 ὁ
3093 1769 3345 1830 ταπεινὸς
3377 1768 3469 1820 xui
3512 1765 3936 1834 ηὐχαρίστησα.

662 1858 847 1926 Neque
863 1860 1007 1911 enim
1033 1859 1146 1912 leve
1167 1868 1251 1912 est
1271 1868 1365 1912 aut
1386 1860 1846 1912 contemnendum
1865 1859 2009 1926 quod
2029 1859 2250 1912 admisi-

663 1965 807 2011 mus,
846 1951 925 2003 vir
952 1951 1178 2019 optime,
1211 1967 1335 2006 cum
1372 1951 1732 2022 negatorihus
1764 1951 2020 2020 imaginis
2043 1948 2250 2004 Christi

663 2043 1149 2106 communicando,
1187 2045 1278 2098 sed
1315 2045 1507 2113 ingens
1536 2044 1834 2112 piaculum,
1866 2051 1920 2096 et
1948 2043 2250 2112 planecum

668 2134 792 2187 tidei
813 2139 1102 2203 negatione
1131 2137 1486 2206 conjunctum
1524 2155 1537 2191 :
1573 2137 1836 2205 quoniam
1866 2134 2121 2203 imaginis
2153 2148 2250 2188 ne-

665 2228 813 2295 gatio
844 2228 909 2281 ad
944 2239 1289 2299 prototypum
1333 2229 1581 2284 ascendit
1620 2244 1633 2282 :
1677 2237 1730 2281 et
1763 2227 1889 2281 huic
1935 2226 2038 2295 ipsi
2083 2240 2252 2294 nega-

666 2320 801 2372 tioni
851 2318 1059 2375 Christi
1092 2322 1599 2380 conununicarunt.
1634 2327 1908 2390 quotquot
1946 2318 2252 2388 quomodo-

666 2426 887 2479 cunque
937 2413 1443 2467 communicarunt.
1501 2413 1796 2482 Postquam
1865 2426 1998 2465 vero
2053 2411 2252 2465 iterum

666 2503 957 2558 c0nfessus
973 2520 1054 2568 es,
1088 2507 1282 2560 sivisse
1314 2514 1386 2568 te,
1417 2516 1564 2559 metu
1598 2503 1999 2573 persequentis,
2035 2513 2093 2556 nt
2119 2504 2254 2556 ima-

671 2597 827 2667 gines
856 2612 887 2650 e
936 2597 1116 2650 medio
1153 2597 1500 2656 tollerentur.
1531 2597 1753 2665 gravius
1799 2595 1939 2649 istud
1986 2595 2251 2663 ﬂagitium

668 2688 943 2755 est.Qnod
971 2699 1149 2742 autem
1164 2698 1219 2742 et
1246 2689 1641 2756 subscripsisse
1668 2697 1721 2740 te
1742 2688 1846 2752 ais,
1873 2697 2253 2741 censummata

675 2781 936 2850 iniquitas
971 2791 1027 2835 et
1064 2784 1282 2851 negatio
1311 2791 1416 2836 est.
1446 2779 1586 2846 Quid
1607 2785 1879 2850 agendum
1913 2780 2101 2848 igitur,
2127 2794 2254 2832 cum

672 2880 727 2923 et
759 2872 951 2925 salutis
997 2871 1296 2925 remedium
1329 2886 1566 2938 quaeras,
1595 2885 1696 2923 nec
1730 2869 1872 2923 ferre
1907 2879 1958 2922 te
1991 2883 2152 2938 posse
2176 2869 2256 2922 di-

672 2980 766 3018 cas
813 2965 1070 3033 exiguum
1105 2964 1238 3017 illud
1271 2963 1416 3033 quod
1452 2962 1823 3032 adjiciendum
1856 2977 2031 3031 pmnaa
2062 2970 2253 3026 restat,

676 3055 1048 3110 valetudinem
1088 3056 1418 3117 obtendens,
1453 3065 1618 3124 atque
1655 3056 1760 3108 hoc
1805 3065 1859 3107 et
1907 3055 2037 3108 illud
2079 3056 2256 3123 potius
2290 3113 2328 3160 Γ

683 3149 872 3201 subire
917 3148 1267 3216 praeoptans?
1318 3147 1590 3214 Utrinque
1625 3146 1680 3198 in
1725 3161 1953 3214 magnas
1980 3149 2260 3214 angustias

686 3242 971 3308 adducor;
1002 3242 1128 3296 hinc
1160 3257 1349 3296 amore
1387 3240 1592 3305 fratris,
1632 3255 1698 3294 ne
1729 3255 1779 3294 te
1812 3241 2061 3295 deseram
2092 3259 2104 3294 :
2143 3241 2266 3295 inde

679 3336 946 3404 gravitate
982 3337 1228 3397 sceleris,
1261 3349 1330 3389 ne
1360 3335 1821 3388 medicamentum
1853 3334 2123 3388 minuam.
2165 3335 2265 3387 At-

681 3440 866 3482 tamen
922 3428 1305 3482 vehementius
1343 3428 1611 3482 eharitate
1671 3427 1939 3495 impulsus
1975 3427 2088 3480 haec
2141 3441 2263 3479 cum

686 3524 882 3575 timore
912 3537 974 3574 ac
1005 3531 1241 3576 tremore
1271 3521 1495 3575 definio.
1542 3518 1660 3574 Uno
1685 3520 1864 3573 adhuc
1885 3533 2049 3579 anno.
2074 3516 2266 3582 frater,

683 3612 860 3666 sacris
917 3611 1192 3681 mysteriis
1249 3610 1485 3674 abstine,
1541 3609 1612 3664 ob
1660 3609 1937 3680 geminum
1986 3607 2267 3671 delictum,

686 3713 1001 3757 sanctarum
1025 3703 1325 3770 imaginum
1384 3703 1726 3756 eversionem
1755 3701 1901 3765 dico,
1937 3709 1989 3754 et
2027 3698 2272 3754 subscri-

688 3798 928 3864 plionetn
964 3793 1579 3864 impiam.Subscriptio
1597 3794 1744 3848 enim
1780 3802 1887 3855 est,
1925 3792 2007 3846 vel
2041 3793 2087 3846 si
2110 3791 2272 3845 modo

693 3889 966 3941 adduetus
1019 3903 1078 3941 es
1116 3899 1173 3940 ut
1227 3888 1413 3940 crucis
1449 3889 1668 3956 signum
1728 3887 2000 3955 pingeres.
2037 3884 2271 3940 Easdem

694 3981 915 4034 interim
948 3994 1142 4046 preces
1164 3995 1392 4049 perages
1416 3995 1478 4033 ac
1503 3977 1932 4048 genuflexiones,
1969 3978 2104 4031 citra
2128 3993 2276 4031 mor-

695 4073 848 4127 bum.
878 4071 1152 4137 Quoniam
1203 4082 1384 4125 autem
1438 4071 1634 4140 exigua
1668 4073 1830 4141 plane
1861 4086 2020 4139 paena
2065 4071 2274 4139 reliqua

691 4175 795 4227 est,
819 4179 1060 4232 congrua
1095 4163 1147 4215 in
1183 4178 1452 4231 pauperes
1477 4163 1727 4231 pecunia:
1749 4163 2066 4233 erogatione
2096 4178 2278 4233 aequa-

693 4259 796 4311 lem
828 4263 1062 4325 repende
1096 4259 1625 4326 compensationem.
1651 4257 1922 4324 Quantam
1946 4269 2126 4315 autem
2154 4274 2278 4315 esse

694 4349 842 4401 illam
874 4357 1144 4418 oporteat,
1178 4349 1600 4402 declarabit.....

1067 4457 1249 4513 XCVI.
1282 4488 1351 4498 —-
1384 4458 1589 4512 Nicetae
1611 4460 1850 4512 curatori
1885 4460 1972 4529 (‘).

959 4582 1384 4635 convenienter:
1419 4591 1584 4649 atque
1616 4583 1752 4634 adeo
1787 4582 2076 4636 dicendum
2112 4585 2218 4638 erit
2258 4605 2272 4641 :
2312 4597 2352 4651 ο

699 4675 815 4729 Non
841 4687 924 4728 est
959 4674 1340 4728 manifestatus
1366 4672 1507 4727 Deus
1536 4674 1589 4726 in
1621 4689 1786 4728 carne
1817 4693 1829 4728 :
1861 4689 1972 4744 quo
1993 4675 2126 4745 quid
2154 4693 2278 4732 esse

699 4781 855 4836 potes
898 4767 1186 4820 .lndaicum
1217 4767 1436 4832 magis?
1468 4765 1593 4819 Haec
1621 4783 1717 4835 pro
1745 4769 1991 4836 epistola:
2014 4770 2280 4824 brevitate

701 4861 846 4913 dicta
880 4863 1011 4912 sint.
1043 4859 1199 4924 Quod
1243 4859 1286 4913 si
1328 4857 1470 4912 Deus
1499 4861 1708 4913 dederit
1749 4875 1848 4914 nos
1890 4861 2108 4915 tandem
2143 4862 2282 4915 invi-

699 4968 815 5003 cem
847 4968 1030 5004 coram
1062 4951 1283 5012 intueri.
1318 4961 1448 5004 tunc
1479 4952 1571 5004 tibi
1606 4962 1683 5004 tot
1716 4952 2064 5021 proferentur
2089 4952 2281 5022 placita

703 5043 970 5107 veritatis,
1016 5044 1081 5094 de
1112 5046 1322 5110 pictura
1367 5053 1421 5096 et
1448 5043 1769 5098 adoratione
1807 5055 2117 5098 sanctarum
2145 5046 2284 5097 ima-

701 5135 913 5202 ginum,
951 5143 1086 5202 quot
1116 5151 1198 5187 Vix
1223 5150 1383 5188 aures
1425 5145 1551 5197 tuae,
1601 5135 1686 5188 vir
1729 5135 2047 5201 reverende,
2081 5150 2278 5206 capere

705 5229 937 5296 possint.

957 5359 1164 5415 XCVll.
1190 5391 1258 5399 —
1283 5359 1490 5413 Basilio
1529 5359 1643 5429 ﬁlio
1677 5360 1970 5428 spirituali.

2351 1870 2426 1922 Οὐ
2457 1869 2568 1939 γάρ
2597 1885 2649 1919 τι
2691 1868 2888 1937 μικρόν
2915 1883 2974 1918 τε
3017 1867 3110 1916 xui
3133 1860 3614 1928 εὐκαταφρόνητον
3655 1857 3684 1908 δ
3728 1860 3940 1907 πεπόν-

2353 1959 2545 2030 Θαμεν.
2587 1952 2633 2011 ὦ
2663 1959 2795 2022 τᾶν,
2825 1957 2916 2010 ἐπὶ
2949 1959 3016 2026 τῇ
3048 1956 3276 2026 ἀρνήσει
3313 1952 3411 2020 τῆς
3443 1948 3684 2020 Χριστοῦ
3719 1949 3941 2005 εἰκόνος

2354 2051 2813 2119 κεκοινωνηκότες
2835 2066 2850 2082 ο
2884 2049 3020 2101 ἀλλά
3060 2049 3155 2100 xui
3185 2046 3306 2098 λίαν
3355 2044 3583 2096 ἔκτοπον
3631 2043 3727 2092 xui
3763 2041 3940 2108 ἀρνη-

2353 2143 2502 2197 τικὸν
2558 2143 2830 2214 ἀριδήλως
2868 2141 2966 2208 τῆς
3010 2140 3278 2202 πίστεως·
3327 2136 3463 2190 διότι
3505 2137 3538 2205 ἡ
3581 2134 3681 2201 τῆς
3721 2131 3938 2192 εἰκόνος

2353 2235 2580 2308 ἄρνησις
2606 2237 2697 2288 ἐπὶ
2729 2234 2788 2287 τὸ
2811 2231 3166 2302 πρωτότυπον
3196 2227 3479 2282 ἀναϐαίνει
3505 2243 3518 2256 ο
3546 2227 3638 2279 xui
3660 2224 3840 2295 ταύτῃ
3873 2226 3937 2294 τῇ

2353 2329 2580 2397 ἀρνήσει
2630 2324 2893 2396 Χριστοῦ,
2942 2324 3142 2383 πάντες
3200 2321 3248 2372 οἰ
3299 2318 3546 2372 ὁπωσοῦν
3595 2333 3940 2384 κεκοινωνη-

2354 2419 2531 2480 κότες.
2557 2416 3037 2485 κεκοινωνήκασιν.
3081 2412 3235 2464 Ἐπεὶ
3264 2412 3319 2464 δέ
3345 2411 3507 2463 πάλιν
3537 2407 3937 2476 ἐξηγόρευσας,

2355 2511 2446 2565 xui
2478 2508 2766 2579 ἐπιτρέψαι
2797 2507 2905 2559 δέει
2935 2505 3028 2557 τοῦ
3061 2504 3355 2565 διώκοντος
3385 2501 3645 2570 ἀφανίσαι
3673 2501 3900 2562 εἰκόνας
3923 2516 3937 2528 ο

2354 2599 2738 2672 χαλεπώτερον
2791 2597 2852 2650 τὸ
2898 2597 3193 2666 ἀνόμημαο
3259 2596 3342 2646 ὅτι
3379 2595 3434 2645 δὲ
3478 2594 3570 2645 xui
3612 2589 3940 2659 ὑπο-γραψαι

2356 2695 2514 2763 ἔφης,
2555 2693 2830 2760 όλόσωμος
2881 2691 2915 2760 ἠ
2960 2689 3204 2761 ἁμαρτία
3250 2688 3406 2756 καὶὴ
3456 2685 3708 2754 ἄρνησις.
3751 2684 3818 2735 Τί
3848 2680 3940 2735 οὖν

2354 2789 2436 2842 δεζ
2468 2789 2662 2850 ποιεῖν,
2711 2787 2793 2839 ὅτι
2844 2786 2938 2837 xui
2983 2783 3300 2854 ἐπιζητοίης
3326 2782 3385 2833 τὸ
3416 2781 3510 2849 τῆς
3544 2779 3757 2846 ὑγιείας
3800 2778 3941 2847 φάρ-

2360 2899 2557 2951 μακον,
2584 2879 2677 2933 xui
2698 2879 2758 2932 οὐ
2791 2878 2977 2947 φέρειν
3004 2876 3168 2929 πάλιν
3194 2877 3299 2944 φὴς
3326 2873 3423 2943 τὴν
3455 2871 3574 2923 κατ’
3611 2869 3792 2937 ὀλίγον
3824 2869 3940 2919 ἐπί-

2360 2973 2509 3026 θεσιν
2532 2989 2546 3004 ο
2581 2972 2864 3025 ἀσθένειαν
2907 2967 3364 3040 προϐαλλόμενος,
3395 2964 3489 3017 καὶ
3527 2961 3686 3014 τοῦτο
3717 2964 3941 3014 κάκεῖνο

2366 3065 2566 3136 μᾶλλον
2611 3063 2948 3128 εἰσδέξασθαι
2984 3060 3449 3129 προαιρούμενοςς
3480 3055 3649 3107 Στενά
3677 3073 3766 3124 μοι
3811 3055 3942 3107 ἐκα-

2315 3150 2328 3166 ’
2365 3157 2618 3229 τέρωθεν,
2651 3157 2744 3209 xui
2803 3155 2962 3207 ἐῶντι
3013 3153 3103 3205 διὰ
3149 3152 3210 3204 τὸ
3259 3149 3625 3220 φιλάδελφον
3668 3149 3764 3202 xui
3810 3165 3944 3216 σμι-

2365 3249 2614 3318 κρύνοντι
2644 3247 2703 3299 τὸ
2728 3247 3018 3314 φάρμακον
3044 3243 3132 3296 διὰ
3161 3243 3222 3295 τὸ
3252 3243 3350 3311 τῆς
3383 3240 3656 3311 ἁμαρτίας
3687 3239 3938 3310 μέγεθος.

2367 3342 2557 3410 Ὅμως
2598 3336 3038 3407 συμπιεζόμενος
3074 3334 3274 3404 μᾶλλον
3299 3336 3365 3404 τῇ
3414 3334 3602 3403 ἀγάπῃ
3642 3331 3811 3402 ὁρίζω
3847 3329 3941 3380 σὺν

2370 3431 2520 3501 φόϐῳ
2574 3429 2667 3481 xui
2717 3429 2904 3499 τρόμῳ
2966 3427 3091 3481 τάδε
3117 3441 3130 3456 ⁸
3189 3424 3249 3476 ἓν
3316 3423 3436 3485 ἐτος
3488 3423 3616 3476 ἀλλο
3660 3421 3939 3489 ἀπόσχου,

2369 3523 2588 3592 ἀδελφέ,
2635 3521 2742 3574 τῶν
2787 3520 3167 3589 ἀγιασμάτων,
3223 3516 3307 3585 ἐφ’
3356 3517 3633 3587 ἑκατέροις
3663 3515 3777 3574 τοῖς
3807 3527 3943 3579 συμ-

2372 3616 2651 3685 πτώμασι,
2681 3614 2778 3681 τῆς
2817 3613 2924 3664 τῶν
2958 3611 3128 3678 ἁγίων
3154 3609 3382 3661 εἰκόνων
3410 3606 3742 3670 κατενέξεως
3775 3602 3940 3669 λέγω,

2373 3712 2468 3763 xui
2512 3707 2741 3770 ἀσεϐοῦς
2797 3702 3152 3774 ὑπογραφῆς’
3209 3699 3503 3770 ὑπογραφὴ
3546 3699 3657 3766 γὰρ
3707 3697 3811 3749 κᾶν
3864 3699 3941 3748 ὅτι

2376 3802 2535 3870 μόνον
2565 3801 2737 3862 ἑάλως
2782 3798 3012 3867 σταυρὸν
3041 3794 3278 3866 χαράξαι
3297 3810 3310 3824 ο
3343 3792 3510 3846 ποιῶν
3533 3792 3746 3851 καὶτὰς
3776 3805 3942 3860 προσ-

2375 3893 2539 3963 ευχάς
2577 3893 2675 3954 τὰς
2724 3891 2894 3952 αὑτάς
2951 3890 3045 3942 xui
3070 3887 3443 3955 γονυκλισίας,
3476 3883 3604 3936 ἀνευ
3638 3881 3938 3942 ἀσθενείας.

2386 3984 2606 4053 Ἐπειδὴ
2641 3983 2697 4036 δὲ
2731 3982 2910 4051 ὀλίγον
2943 3981 3062 4033 λίαν
3098 3981 3158 4032 τὸ
3188 3980 3495 4048 ἐπιτίμιον,
3526 3974 3766 4027 ἐπιδόσει
3797 3973 3942 4040 ἐλεη-

2379 4075 2616 4148 μοσύνης
2675 4075 2902 4146 ίκανῆς,
2946 4071 3348 4142 ἁντισηκοῦσαν
3407 4068 3786 4131 συνεισένεγκε
3849 4063 3941 4130 τὴν

2377 4169 2823 4241 ἀντιστάθμησιν.
2871 4167 3104 4237 Ὀπόσ-ης
3131 4164 3188 4218 δὲ
3216 4163 3443 4232 ταύτης,
3469 4159 3796 4233 δηλώσειν..

2746 4463 2877 4529 ις’.
2913 4487 2982 4499 -
3010 4455 3236 4523 Νικήτᾳ
3275 4451 3616 4521 κουράτωρι.

2571 4584 2896 4655 ἀραρότως·
2967 4581 3062 4634 xui
3109 4578 3283 4639 οὕτως
3324 4577 3538 4641 ἀνάγκη
3587 4571 3804 4638 λέγειν’
3854 4569 3942 4621 οὐκ

2376 4675 2696 4747 ἐφανερώθη
2739 4674 2872 4736 Θεὸς
2897 4673 2957 4724 ἐν
2986 4669 3150 4740 σαρκί
3180 4685 3193 4698 ⁶
3230 4661 3291 4720 οὗ
3324 4665 3378 4718 τί
3410 4665 3475 4718 ἂν
3508 4664 3720 4731 γένοιτο
3751 4661 3940 4714 ίουδαῖ-

2378 4771 2648 4840 κώτερον;
2692 4766 2866 4820 ταῦτα
2911 4766 2986 4826 ὡς
3025 4765 3083 4816 ἐν
3131 4757 3425 4826 ἐπιστολῆς
3456 4757 3640 4826 μέτρῳ
3680 4755 3938 4806 λέλεκται.

2393 4862 2521 4913 Ἐὰν
2554 4859 2611 4912 δέ
2635 4858 2709 4926 δῷ
2737 4856 2870 4918 Θεὸς
2892 4854 2990 4922 ὀψέ
3016 4867 3144 4904 ποτε
3174 4849 3302 4902 ἰδεῖν
3331 4848 3480 4917 ἡμᾶς
3506 4845 3800 4914 ἀλλήλους,
3832 4844 3938 4894 τότε

2379 4950 2617 5005 τοσαῦτά
2650 4965 2733 5000 σοι
2761 4947 3126 5015 λαληθήσεται
3161 4940 3421 5010 ἀληθείας
3457 4937 3708 5007 δόγματα
3739 4937 3863 5004 περί
3889 4951 3938 4986 τε

2385 5044 2600 5114 γραφῆς
2637 5042 2731 5094 xui
2770 5038 3193 5111 προσκυνήσεως
3222 5033 3332 5086 τῶν
3361 5031 3534 5100 ἀγίων
3575 5031 3819 5091 εἰκόνων,
3851 5029 3938 5080 ὅσα

2383 5138 2504 5191 οὐδὲ
2538 5136 2598 5189 τὸ
2623 5134 2804 5204 τίμιόν
2832 5147 2926 5184 σου
2957 5126 3048 5192 οὖς
3077 5126 3331 5197 δυνηθείη
3363 5126 3617 5178 ἀκοῦσαι.

2589 5347 2703 5416 ἰιΖ’.
2740 5377 2811 5387 -
2847 5341 3144 5408 Βασιλείᾳ)
3181 5339 3290 5407 υιῷ
3341 5335 3737 5407 πι-ευμιιτικῷ.

1810 5495 2064 5557 Praecipue
2085 5495 2143 5542 ad
2165 5492 2365 5542 fratrum
2389 5502 2557 5540 curam
2579 5489 2818 5539 hortatur.

774 5601 1110 5671 Optabamus
1137 5622 1257 5657 cum
1287 5606 1489 5658 domno
1514 5604 1778 5672 Gregorio
1809 5616 1861 5658 et
1891 5613 1943 5657 te
1977 5604 2081 5658 illic
2101 5604 2280 5658 intue-

2471 5597 2894 5670 Ἐπεθυμοῦμεν
2937 5597 3037 5651 σὺν
3070 5594 3147 5666 τῷ
3198 5592 3350 5662 κυρῷ
3405 5587 3728 5660 Γρηγορίῳ,
3773 5587 3931 5642 καίσε

2203 5714 2433 5772 NOTAE.

783 5835 851 5899 Γ)
879 5835 1255 5904 Dogtnatieam
1290 5835 1430 5890 hanc
1469 5837 1640 5890 fuisse
1662 5846 1900 5904 apparet.
