4156 6530
217 464 359 529 1349

1410 464 1943 527 EPISTOLARUM
1982 466 2132 529 LIB.
2178 470 2259 531 II.

3350 464 3488 530 1350

213 578 455 635 ἐνταῦθα
496 579 807 653 θεωρῆσαι,
844 592 1035 633 τεκνον
1071 576 1473 649 ἠγαπημένον·
1516 577 1631 632 ἀλλ’
1676 577 1802 631 ἐπεὶ

1915 579 1978 644 ri,
2012 581 2083 632 liti
2115 579 2315 637 dilecte
2346 601 2362 637 :
2406 582 2499 637 sed
2531 581 2755 651 quando
2803 579 2857 636 id
2892 579 3120 635 minime
3151 578 3354 635 factum
3382 593 3488 645 est,

213 675 379 728 τοῦτο
430 674 493 729 ού
532 674 753 744 γέγονε,
813 673 1115 744 γράμμασι
1160 669 1642 743 παραμυθούμεθα
1701 670 1801 742 τὴν

217 767 510 839 ἀπόλειψιν
535 781 548 797 ⁶
600 765 963 839 γνωρίζοντες
998 782 1081 819 σοι
1111 766 1194 818 ὃτι
1238 763 1439 837 ἔχομέν
1466 780 1528 817 σε
1580 763 1668 816 ἀεὶ
1709 761 1802 816 ἐπὶ

217 859 451 927 καρδίας
483 858 641 928 ἡμῶν
686 856 992 925 ταπεινῆς·
1053 855 1338 926 φιλοῦντες
1379 854 1480 928 τὴν
1525 852 1803 925 σωτηρίαν

220 967 319 1002 σου
349 966 409 1002 τε
440 948 666 1003 καὶτῶν
696 947 838 1021 μετὰ
866 947 959 1002 σού
991 947 1258 1017 ἀδελφῶν,
1298 948 1396 1001 καὶ
1417 947 1651 999 τέκνων.
1692 946 1804 1000 Καὶ

218 1044 331 1112 γὰρ
362 1044 532 1115 πατρὶ
574 1042 751 1107 κλέος,
792 1041 910 1096 υἱοῦ
950 1040 1197 1106 εὐδοξίαο
1238 1040 1333 1093 κα)⁵
1382 1038 1610 1110 αὑχημα
1636 1038 1802 1109 ἱερὸν,

218 1136 285 1185 τὸ
324 1136 475 1187 ὑῖκξν
518 1136 926 1205 σεμνολόγημα.
975 1134 1289 1203 Παρακαλῶ
1309 1129 1402 1187 οὖν
1438 1150 1495 1186 σε
1526 1134 1584 1185 ἐν
1613 1130 1805 1203 Κυρίῳ

220 1227 446 1297 ἔχεσθαι
490 1229 552 1282 ού
597 1228 758 1295 μόνον
790 1228 891 1298 τῆς
915 1228 1122 1290 οἰκείας
1157 1224 1508 1289 εὐσταθείας,
1544 1224 1682 1279 ἀλλὰ
1710 1224 1806 1279 καὶ

218 1320 325 1387 τῆς
359 1318 472 1371 τῶν
514 1319 762 1388 ἀδελφῶν
806 1319 1128 1389 ἐπιμελείας
1180 1318 1519 1388 ποθούμενον
1564 1315 1661 1370 καὶ
1705 1330 1804 1367 πο-

223 1409 461 1464 θοῦντα·
511 1411 878 1481 στεργόμενον
934 1414 1029 1466 καὶ
1087 1414 1407 1483 στέργοντα.
1472 1412 1651 1466 Ὅπου
1695 1394 1806 1480 γάρ

220 1506 413 1571 ἀγάπη
460 1506 844 1575 πνευματικὴ,
890 1506 1009 1559 ἐκεῖ
1038 1506 1097 1558 ἐν
1143 1506 1294 1575 μέσῳ
1338 1505 1610 1577 Χριστὸς,
1661 1505 1806 1561 καθὰ

226 1598 615 1668 ἐπηγγείλατο.
663 1598 749 1662 Ὦς
778 1598 941 1663 καλὸς
975 1598 1327 1669 καθηγητὴς,
1356 1599 1457 1667 ἄγε
1483 1598 1611 1663 τοὺς
1637 1599 1808 1669 ἄρνας

226 1692 465 1762 Χριστοῦ
486 1711 500 1724 θ
525 1693 831 1764 συμπαθῶς
856 1693 1235 1764 πεφεισμένως
1255 1694 1601 1765 όνειρόμενος
1625 1694 1807 1748 αὑτῶν

226 1784 303 1847 ὡς
333 1786 553 1838 οίκείων
607 1785 784 1856 μελῶν
809 1802 824 1817 ’
855 1784 1003 1849 οἶδας
1029 1786 1113 1849 τίς
1144 1783 1227 1851 εἴ,
1273 1788 1357 1840 ὅτι
1402 1787 1805 1858 ἀπροσπαθής·

224 1880 308 1932 ὅτι
336 1879 878 1949 συμπεριφερόμενος
897 1895 911 1909 ο
938 1880 1053 1933 ἀλλ’
1072 1875 1166 1933 οὖν
1192 1881 1274 1933 ὃτι
1297 1880 1391 1933 καὶ
1417 1880 1808 1949 ἀκρισολογού-

1907 668 2103 726 litteris
2124 670 2459 728 desiderium
2486 672 2801 741 mitigamus
2831 689 2847 725 :
2882 680 2940 726 ut
2971 673 3244 743 intelligas
3273 689 3301 727 a
3332 676 3490 729 nobis

1910 762 2209 820 humilibus
2258 767 2458 836 gestari
2497 776 2547 820 te
2586 781 2803 836 semper
2828 765 2885 822 in
2933 766 3099 829 sinu;
3144 778 3298 822 tuam
3341 769 3488 823 enim

1910 855 2141 911 salutem
2178 868 2457 927 optamus,
2512 869 2564 912 et
2614 875 2802 912 eorum
2854 859 2947 927 qui
2995 868 3174 914 tecum
3220 870 3352 915 sunt
3381 860 3491 915 fra-

1910 955 2054 1001 trum
2096 963 2161 1003 ac
2220 950 2476 1004 liliorum.
2530 949 2825 1005 Enimvero
2869 951 2965 1005 filii
3008 951 3203 1021 gloria,
3240 953 3362 1007 laus
3397 969 3490 1023 pa-

1910 1039 2012 1093 tris
2068 1050 2155 1094 est
2201 1057 2214 1094 :
2258 1048 2313 1094 et
2367 1041 2453 1111 pie
2496 1041 2807 1096 exsultandi
2858 1058 3041 1105 causa,
3092 1042 3199 1095 vita
3252 1044 3486 1097 filiorum

1912 1130 2095 1200 gravis
2129 1139 2182 1185 et
2213 1132 2541 1201 composita.
2577 1130 2821 1186 Obsecro
2863 1142 2915 1186 te
2942 1134 3122 1201 itaque
3146 1135 3198 1187 in
3232 1132 3486 1199 Domino,

1912 1229 1972 1275 ut
2006 1237 2110 1276 non
2167 1225 2397 1292 propriae
2440 1225 2602 1278 modo
2648 1225 2933 1278 stabilitati
2982 1227 3260 1291 consulas,
3308 1229 3399 1282 sed
3434 1240 3489 1282 et

1913 1314 2140 1368 fratrum
2196 1332 2383 1369 curam
2411 1332 2568 1386 geras
2605 1332 2618 1368 :
2652 1326 2711 1369 ut
2740 1326 2794 1370 ct
2826 1318 2893 1370 ab
2920 1318 2987 1372 iis
3022 1318 3266 1388 diligaris
3309 1330 3365 1373 et
3396 1336 3491 1375 eos

1913 1406 2154 1485 vicissim
2189 1408 2410 1479 diligas,
2444 1420 2504 1462 ut
2538 1410 2741 1464 ameris
2765 1420 2820 1464 et
2848 1426 3018 1464 ames.
3050 1412 3155 1466 Ubi
3180 1412 3327 1466 enim
3358 1414 3480 1466 cha-

1913 1497 2046 1552 ritas
2068 1499 2351 1568 spiritalis,
2391 1500 2460 1554 ibi
2496 1500 2748 1555 Christus
2788 1501 2842 1554 in
2872 1502 3079 1565 medio,
3104 1503 3249 1557 sicut
3278 1503 3491 1572 pollici-

1917 1600 2005 1645 tus
2037 1601 2120 1646 est
2166 1591 2233 1647 ”.
2268 1590 2553 1662 Tanquam
2588 1594 2840 1662 egregius
2886 1593 3101 1656 ductor,
3126 1593 3328 1648 Christi
3360 1611 3492 1649 oves

1915 1685 2064 1753 agito
2101 1701 2114 1737 :
2155 1684 2639 1738 commiseratione
2671 1684 2907 1753 quadam
2939 1694 3103 1755 atque
3148 1686 3491 1752 indulgentia

1920 1775 2073 1845 ipsas
2118 1790 2216 1829 ceu
2251 1776 2470 1844 propria
2508 1776 2751 1829 membra
2795 1775 3047 1845 diligens.
3085 1774 3235 1833 Nosti
3266 1778 3355 1848 qui
3392 1779 3491 1840 sis.

1914 1882 2113 1937 expers
2162 1868 2371 1923 scilicet
2403 1885 2581 1937 pravae
2633 1869 2958 1933 all'ectiouis,
2998 1869 3197 1939 insigni
3231 1869 3493 1927 facilitate

232 1987 391 2040 μενος
410 2010 425 2035 ,
462 1972 590 2040 περὶ
622 1972 723 2035 τὰς
762 1971 983 2035 ἐντολὰς
1024 1972 1119 2025 τοῦ
1145 1971 1305 2027 Θεοῦ.
1340 1969 1464 2026 Εἶεν
1493 1974 1750 2028 ἁπάντων
1776 1974 1809 2045 ἡ

1915 1970 1967 2015 et
1997 1961 2277 2023 comitate,
2308 1971 2496 2015 exacta
2541 1977 2755 2014 morum
2786 1962 3095 2028 disciplina,
3136 1971 3191 2016 et
3233 1965 3492 2018 observa-

225 2062 374 2133 ψυχὴ
406 2063 503 2133 μία
535 2064 625 2117 διὰ
649 2063 743 2115 τοῦ
770 2065 948 2119 πάντα
974 2060 1113 2117 εἶναι
1143 2066 1319 2118 κοινά.
1351 2062 1476 2119 Εἶεν
1512 2066 1811 2136 ἐξαγόρευ-

230 2173 316 2219 σις
341 2155 570 2226 ἐπείπερ
604 2158 713 2209 πᾶν
746 2157 807 2208 τὸ
835 2155 1244 2226 φανερούμενον
1278 2157 1393 2225 φῶς
1425 2159 1593 2221 ἐστιν,
1620 2158 1695 2216 ώς
1717 2158 1812 2212 καὶ

226 2249 290 2301 τὸ
322 2248 597 2319 ἔμπαλινι
655 2244 767 2302 εἷεν
805 2249 1044 2321 ὑπακοὴ,
1098 2250 1189 2319 ὑφ’
1312 2250 1341 2302 ὁ
1376 2251 1579 2323 λῃστὴς
1608 2251 1813 2305 εἴσοδον

229 2340 509 2411 ἐξαπάτης
549 2342 647 2412 οὑχ
688 2343 971 2408 εὑρίσκει·
1005 2339 1114 2397 εἷεν
1139 2343 1504 2409 ταπείνωσις,
1536 2348 1602 2415 ἢν
1628 2345 1811 2415 ἀμπε-

230 2432 461 2501 χόμενος
502 2433 531 2484 ό
570 2432 703 2496 Θεὸς
754 2433 1045 2505 ἄνθρωπος
1092 2436 1324 2504 γέγονε,
1357 2434 1514 2498 θεοὺς
1561 2434 1812 2488 ἐντεῦθεν

228 2523 356 2585 τοὺς
393 2522 715 2594 ἀνθρώπους
747 2525 1119 2599 δημιουργῶν.
1167 2527 1224 2579 Ὠ
1256 2526 1388 2581 καλέ
1419 2526 1689 2591 Basilus,
1712 2527 1813 2597 τὴν

233 2616 706 2688 παρακαταθήκην
733 2618 970 2688 φύλαξον
992 2638 1008 2652 ο
1039 2623 1441 2691 ἐκτρεπόμενος
1462 2619 1532 2673 τὰ
1557 2621 1772 2691 πονηρά
1793 2637 1809 2652 ·

230 2711 670 2781 ὲγκολπούμενος
714 2714 783 2767 τὰ
812 2713 971 2768 θεῖκά
997 2731 1011 2745 ·
1048 2714 1218 2775 τύπος
1268 2714 1636 2786 ἀγαθοεργίας
1660 2714 1809 2785 πάσῃ

229 2807 599 2876 προκείμενος
627 2808 692 2876 τῇ
714 2806 1071 2877 ἀδελφότητι·
1101 2806 1195 2859 καὶ
1216 2805 1390 2869 οὕτως
1414 2807 1443 2860 ὅ
1474 2823 1532 2859 σε
1559 2806 1770 2860 ἀθετῶν
1791 2849 1806 2873 ,

228 2897 417 2952 ἀθετεῖ
435 2898 569 2952 Θεόν
594 2913 607 2927 ⁸
643 2898 737 2952 καὶ
766 2900 795 2951 ό
823 2898 1064 2952 ὑπείκων
1095 2915 1199 2962 σοι,
1233 2898 1448 2952 ὑπείκει
1478 2898 1618 2969 Θεῷ.
1658 2900 1813 2971 Μνη-

233 2990 429 3061 μόνευέ
464 3008 566 3060 μου
594 2990 694 3061 τῆς
721 2990 1108 3053 ταπεινώσεως
1142 2991 1239 3044 σὺν
1270 2993 1382 3055 τοῖς
1410 2992 1681 3061 ἀδελφοῖς.

228 3145 353 3211 IJI'.
396 3176 465 3186 —
521 3147 649 3212 Τοῖς
692 3147 1098 3216 ἠγαπημένοις
1148 3146 1433 3217 ἀδελφοῖς
1481 3150 1809 3217 ΓρητορΙφ.

313 3235 629 3306 Ἰεζεχιὴλ,
705 3239 1002 3307 Ἐράστῳ,
1062 3239 1380 3307 Θεοφάνει,
1444 3241 1671 3308 Ἀνίνᾳ,
1712 3240 1809 3295 καὶ

301 3329 426 3395 τοῖς
466 3329 694 3394 λοιποῖς
732 3332 802 3383 ἐν
841 3329 1107 3383 Ἑλλάδι.
1788 3338 1791 3339 ⁷

1912 2052 2063 2107 tione
2098 2051 2480 2106 mandatorum
2512 2052 2630 2105 Dei.
2658 2050 2913 2106 Omnium
2949 2055 3019 2106 sit
3054 2054 3237 2107 anima
3272 2071 3399 2116 una,
3436 2065 3491 2109 ut

1911 2148 2022 2201 sint
2071 2147 2385 2201 communia
2438 2146 2672 2199 omnia:
2726 2146 2799 2199 sit
2867 2146 3033 2200 animi
3097 2146 3491 2214 manifestatio,

1911 2239 2359 2308 quandoquidem
2404 2253 2565 2292 mune
2617 2237 2761 2306 quod
2791 2238 2841 2291 in
2882 2247 3071 2307 aperto
3109 2248 3212 2301 est,
3247 2239 3336 2293 lux
3369 2250 3489 2294 est:

1910 2341 1965 2385 et
2003 2331 2122 2385 vice
2148 2346 2329 2384 versa.
2367 2327 2452 2384 Sit
2501 2328 2813 2383 obedientia
2853 2345 2866 2380 :
2898 2344 3021 2397 quae
3069 2328 3111 2383 si
3144 2339 3246 2394 est,
3280 2332 3489 2385 nullum

1912 2420 1999 2476 fur
2033 2421 2236 2475 invenit
2273 2420 2581 2489 decipiendi
2610 2419 2790 2473 locum
2829 2438 2841 2473 :
2877 2420 2946 2474 sit
2987 2420 3292 2486 humilitas,
3328 2438 3490 2490 quant

1912 2512 2055 2568 Deus
2074 2514 2364 2583 arnplexus
2389 2514 2555 2567 homo
2588 2511 2765 2567 fartus
2794 2521 2897 2573 est,
2932 2522 2991 2567 ut
3026 2513 3275 2568 homines
3308 2516 3388 2568 vel
3414 2515 3495 2569 sic

1911 2608 2041 2661 deos
2081 2605 2336 2662 efﬁceret.
2389 2604 2433 2660 Ο
2466 2607 2682 2676 egregie
2726 2605 2911 2669 Basili,
2966 2622 3122 2661 serva
3155 2606 3489 2677 depositum,

1910 2713 2075 2767 prava
2099 2713 2389 2768 respuens,
2417 2697 2601 2751 divina
2624 2697 2996 2766 complectens
3024 2713 3037 2748 :
3060 2706 3319 2767 tanquam
3346 2708 3495 2752 recte

1912 2791 2102 2861 agendi
2147 2791 2321 2845 forma
2356 2790 2453 2844 toti
2488 2789 2815 2844 fraternitati
2851 2790 3186 2860 propositus.
3228 2790 3318 2845 Sic
3349 2791 3492 2845 enim

1911 2883 2004 2954 qui
2036 2894 2087 2937 te
2119 2885 2407 2953 spreverit,
2436 2882 2606 2938 Deum
2658 2884 2903 2953 spernit:
2942 2894 2995 2938 et
3024 2884 3117 2952 qui
3153 2884 3245 2939 tibi
3299 2901 3497 2956 parue—

1911 2974 2006 3031 rit.
2041 2973 2150 3029 Deo
2181 2985 2354 3043 paret.
2406 2974 2613 3028 Memor
2646 2985 2764 3029 esto
2803 2991 2907 3027 una
2941 2991 3065 3029 cum
3098 2975 3363 3033 fratribus
3398 2978 3501 3033 liu-

1920 3066 2170 3121 militatis
2204 3083 2356 3121 mea}.

1911 3157 2144 3214 XCVIII.
2181 3189 2252 3201 —
2288 3160 2504 3213 Dileclis
2563 3160 2820 3229 fratribus
2846 3201 2859 3222 ,
2885 3159 3186 3231 Gregorio“
3207 3161 3496 3231 Ezechieli,

1987 3251 2199 3317 Eraslo,
2234 3251 2835 3321 Theophani,Aninw,et
2868 3252 3081 3323 reliquis
3115 3255 3168 3307 in
3200 3253 3427 3312 Crwcia.

1106 3420 1387 3470 Monasticte
1413 3420 1527 3471 vitae
1554 3429 1801 3486 praecepta
1824 3424 1925 3485 dat,
1946 3421 2201 3486 praecipue
2225 3423 2286 3471 de
2312 3430 2620 3487 paupertate.

304 3528 521 3597 Καιρὸς
570 3529 676 3583 τοῦ
721 3529 964 3594 λαλεῖν,
1028 3530 1126 3584 καί
1184 3532 1391 3599 καιρὸς
1442 3530 1548 3584 τοῦ
1603 3532 1805 3601 σιγᾷν.

240 3619 399 3672 Ἐπεὶ
444 3620 537 3673 οὖν
570 3620 663 3673 τοῦ
712 3620 967 3693 δευτέρου
997 3623 1025 3674 ὁ
1051 3622 1207 3691 λόγος
1256 3624 1312 3674 ἐν
1342 3626 1460 3687 ταῖς
1506 3624 1809 3693 προλαϐοῦ-

230 3731 355 3776 cat;
406 3714 677 3783 ἡμέραις’
715 3716 853 3766 εῐπω
900 3714 953 3766 δὲ
1004 3717 1098 3767 καὶ
1131 3718 1188 3768 ἐν
1236 3710 1326 3780 αἷς
1370 3717 1431 3769 τὸ
1475 3716 1668 3787 παρόν.
1710 3718 1811 3773 Διὰ

230 3805 393 3858 τοῦτο
457 3808 609 3874 μόλις
668 3809 763 3860 καὶ
811 3806 935 3876 ἄρτι
1002 3806 1389 3875 ἐξεληλυθότες
1438 3808 1538 3878 τῆς
1600 3808 1810 3873 πόλεως

230 3897 451 3968 εὐδοκία
469 3897 627 3963 θεοῦ,
651 3897 998 3967 φθεγγόμεθα
1012 3897 1163 3965 ὑμῖν,
1183 3900 1420 3969 πατέρες
1444 3900 1539 3953 καὶ
1560 3898 1775 3969 ἀδελφοί
1792 3917 1807 3931 '

235 3989 587 4061 φθεγγόμεθα
633 3991 689 4043 δὲ
739 3989 1122 4052 ἁποστολικαῖς
1174 3993 1397 4059 φωναῖς·
1446 3991 1688 4057 Χαίρετε
1742 3991 1812 4045 ἐν

234 4085 433 4151 Κυρίῳ
445 4082 720 4148 πάντοτε,
736 4084 831 4137 καὶ
852 4083 1037 4137 πάλιν
1050 4082 1183 4152 ἐρῶ,
1199 4084 1433 4153 χαίρετε
1450 4098 1462 4111 ·
1476 4083 1533 4134 ού
1554 4085 1694 4136 κατὰ
1713 4086 1810 4156 τὴν

234 4184 415 4246 χαράν
458 4175 551 4228 τοῦ
597 4176 723 4247 τῇδε
760 4177 998 4246 κόσμου·
1034 4176 1174 4245 πλὴν
1207 4178 1289 4229 ὅτι
1320 4176 1441 4228 οὑδὲ
1473 4174 1637 4245 χαρὰ.
1674 4175 1813 4228 ἀλλὰ

234 4272 379 4321 πάνυ
412 4267 609 4337 θλίψις.
644 4269 1007 4332 ἀτακτοῦντος
1054 4267 1149 4322 τοῦ
1180 4269 1444 4339 ὑπηκόου.
1509 4266 1667 4319 Ἀλλὰ
1694 4268 1816 4338 χαί.

238 4379 361 4431 ρετε
394 4364 535 4413 κατά
569 4360 788 4431 Πνεῦμα
840 4359 1186 4431 ἁγιωσύνης,
1226 4361 1309 4415 ὅτι
1350 4358 1693 4430 ἐλυτρώθητε
1747 4361 1811 4412 ἐκ

233 4454 337 4519 τῖς
367 4450 611 4515 δουλείας
651 4452 745 4505 τοῦ
794 4452 1013 4522 ἐχθροῦ,
1042 4454 1107 4505 ἐκ
1136 4451 1235 4521 τῆς
1266 4450 1497 4521 ματαίας
1538 4452 1811 4521 ἀναστρο-

236 4546 345 4616 φῆς
370 4586 385 4609 ,
420 4547 528 4598 ἀπὸ
566 4530 777 4616 σαρκὸς
818 4546 911 4597 καὶ
966 4546 1227 4613 αἵματος,
1285 4542 1632 4609 δουλεύοντες
1695 4542 1815 4614 Θεῷ

238 4636 403 4699 ζῶντι
444 4635 537 4688 καὶ
575 4632 814 4705 ἀληθινῷ
834 4652 847 4665 ο
884 4634 941 4700 ἐξ
982 4628 1044 4685 οὑ
1076 4636 1171 4685 καὶ
1202 4635 1230 4687 ὁ
1265 4631 1528 4703 πρότερος
1555 4631 1697 4684 κατὰ
1724 4633 1815 4685 τὸν

235 4730 477 4798 διωγμὸν
521 4729 897 4799 μακαρισμὸς,
943 4728 1036 4779 καὶ
1081 4726 1110 4777 ὁ
1148 4725 1243 4779 νῦν
1284 4724 1570 4793 ξενισμός·
1604 4716 1707 4777 ὧδέ
1756 4740 1813 4778 τε

1987 3532 2216 3601 Tempus
2259 3534 2529 3603 loquendi,
2580 3545 2630 3587 et
2662 3545 2865 3601 tempus
2910 3536 3121 3589 tacendi
3156 3536 3196 3589 ¹.
3239 3535 3503 3602 Quando-

1912 3624 2141 3693 quidem
2190 3626 2357 3695 igitur
2391 3607 2664 3697 posterior
2694 3628 2982 3682 sententiae
3018 3643 3144 3695 pars
3191 3629 3372 3682 locum
3403 3630 3503 3683 ha-

1914 3713 2035 3768 buit
2071 3715 2458 3784 superioribus
2491 3715 2708 3779 diebus,
2759 3714 2940 3771 dicam
2970 3724 3025 3771 et
3063 3733 3210 3771 nunc
3241 3732 3363 3787 quae
3396 3717 3504 3774 fert

1911 3821 2155 3875 prazsens
2184 3806 2446 3860 conditio.
2488 3807 2695 3863 Idcirco
2728 3823 2869 3879 aegre
2904 3825 3049 3864 nunc
3088 3809 3305 3863 tandem
3362 3810 3499 3864 urbe

1912 3897 2119 3965 egressi
2176 3894 2271 3951 Dei
2321 3897 2610 3961 beneﬁcio,
2677 3914 2775 3954 vos
2851 3901 3207 3970 alloquimur,
3309 3897 3503 3953 Patres

1913 3983 2237 4057 fratresque.
2337 3988 2685 4056 Alloquimur
2775 3998 2959 4045 autem
3070 3990 3256 4044 verbis
3343 3991 3501 4057 Apo-

1913 4077 2037 4133 stoli
2097 4077 2389 4134 :Gaudele
2457 4079 2510 4133 in
2581 4078 2807 4134 Domino
2906 4098 3131 4151 semper,
3196 4091 3247 4135 et
3298 4083 3495 4135 iterum

1913 4170 2109 4235 dicam,
2142 4170 2364 4241 gaudete
2386 4170 2407 4200 ¹
2433 4186 2447 4237 ;
2474 4184 2580 4223 nou
2616 4171 2915 4225 secundum
2948 4172 3111 4241 hujus
3143 4172 3329 4225 mundi
3364 4187 3504 4242 gau-

1916 4218 2109 4235 """""
2142 4218 2361 4241 ἰ1”“’”⁷’⁷
2433 4218 2447 4237 ⁷
2474 4218 2580 4223 ""'
2617 4218 2915 4225 ”“”“”“”““““’“
2948 4218 3111 4241 ""J""
3143 4218 3329 4225 """"'
3364 4218 3466 4242 0""

1914 4261 2064 4316 dium
2119 4279 2132 4315 :
2173 4277 2349 4331 neque
2406 4264 2554 4316 enim
2585 4263 2871 4333 gaudium,
2918 4263 3010 4317 sed
3051 4265 3234 4330 gravis
3265 4218 3515 4341 alIlietioi

1914 4362 2018 4418 est,
2050 4355 2141 4408 ubi
2173 4354 2429 4409 subditus
2456 4353 2731 4421 ﬂagitiose
2785 4354 2941 4411 vivit.
2981 4354 3085 4409 Sed
3123 4356 3355 4425 gaudete
3410 4368 3515 4425 se-;

1915 4446 2155 4501 cundum
2199 4444 2466 4515 Spiritum
2515 4446 2843 4510 sanctitatis,
2908 4422 3169 4516 quoniam
3199 4448 3268 4501 ab
3311 4422 3515 4502 hostilii

1916 4538 2233 4607 captivitate
2264 4538 2529 4607 redempti
2568 4537 2728 4601 estis,
2762 4538 2830 4592 ab
2867 4538 3015 4591 inani
3048 4538 3499 4605 conversatione,

1916 4647 1947 4685 a
1978 4644 2145 4685 carne
2176 4639 2231 4683 et
2264 4630 2561 4700 sanguine.
2594 4630 2897 4685 servientes
2938 4627 3048 4682 Deo
3081 4629 3205 4697 vivo
3235 4644 3300 4683 ac
3330 4644 3500 4685 vero:

1917 4740 1983 4779 ex
2016 4738 2128 4792 quo
2178 4730 2292 4776 tum
2344 4724 2494 4792 prior
2544 4723 2635 4777 illa
2688 4739 2757 4778 ex
2804 4724 3189 4794 persecutione
3240 4722 3501 4788 felicitas,

235 4824 463 4876 κάκεῖσε
493 4821 907 4890 διεσπαρμένων
951 4819 1105 4889 ὑμῶν
1127 4857 1143 4881 ,
1172 4817 1277 4879 ἐως
1304 4809 1367 4869 οὑ
1404 4814 1579 4868 ἐπίδοι
1609 4816 1810 4886 Κύριος

1920 4824 2031 4869 tum
2058 4814 2201 4867 istud
2218 4813 2360 4883 quod
2393 4830 2539 4869 nunc
2568 4813 2819 4884 perfertis
2847 4815 3128 4878 exsilium,
3168 4814 3275 4867 huc
3338 4825 3504 4883 atque

236 4917 465 4987 εἰρήνην
496 4912 781 4984 βραϐεύων
809 4914 873 4983 τῇ
918 4909 1217 4983 Ἐκκλησία
1245 4907 1433 4972 αὑτοῦ,
1472 4910 1567 4960 καὶ
1604 4910 1816 4962 ἀποκα-

238 5007 439 5062 θιστῶν
467 5008 613 5078 ἡμᾶς
640 5007 734 5059 ἐπί
760 5006 820 5058 τὸ
849 5006 1002 5058 αὑτό.

310 5194 385 5246 Τὸ
410 5191 467 5244 δὲ
490 5190 583 5243 νῦν
604 5190 723 5260 ἔχον
752 5188 942 5258 δέομαι
970 5187 1145 5257 ὑμῶν,
1180 5184 1417 5251 ἀδελφοὶ,
1451 5184 1632 5250 ἀξίως
1654 5198 1817 5254 περι-

237 5282 508 5352 πατῆσαι
549 5281 659 5350 τῆς
691 5281 968 5345 κλήσεως
1003 5275 1081 5347 ἧς
1112 5276 1488 5344 ἐκλήθημενσ
1522 5276 1667 5341 μετὰ
1702 5274 1817 5329 πά-

237 5392 359 5442 σης
388 5372 687 5443 ἀσφαλείας
720 5372 816 5425 καὶ
846 5369 1119 5441 προσοχῆς
1142 5386 1155 5400 θ
1196 5366 1335 5437 μετὰ
1370 5366 1547 5435 πάσης
1574 5383 1822 5420 ταπεινο-

240 5465 519 5535 φροσύνης
557 5465 650 5518 καὶ
670 5464 914 5533 ὑπακοῆς
936 5462 1032 5532 τῆς
1055 5463 1136 5524 εἰς
1166 5459 1429 5531 ἀλλήλους
1452 5475 1464 5488 ·
1490 5458 1704 5528 ἔχοντος
1725 5456 1819 5511 τοῦ

242 5555 663 5628 προηγουμένου
692 5557 782 5609 τὸν
805 5555 969 5608 τόπον
1001 5554 1098 5624 τῆς
1129 5552 1324 5623 ἀρχῆς,
1358 5550 1458 5603 οὐκ
1483 5551 1561 5613 είς
1586 5549 1819 5620 ἔπαρσιν

242 5649 582 5719 δαιμονικὴν,
632 5647 746 5701 ἀλλ’
784 5649 863 5711 είς
900 5645 1070 5701 τύπον
1109 5648 1313 5715 ἀρετῆς
1359 5643 1468 5696 τῶν
1513 5642 1818 5711 ἑπομένων,

244 5743 339 5795 καὶ
375 5741 484 5793 τῶν
514 5741 567 5793 δὲ
601 5740 935 5793 ὑπεικόντων
964 5736 1059 5792 καὶ
1085 5736 1444 5805 πειθομένων,
1469 5734 1544 5797 ὼς
1582 5735 1703 5803 ἐμοὶ
1744 5732 1822 5803 τῷ

246 5832 472 5902 ἀναξίῳ,
504 5832 701 5901 μᾶλλον
753 5831 810 5884 δὲ
864 5828 1102 5899 Χριστῷ,
1149 5829 1217 5882 δι’
1255 5827 1315 5880 ὃν
1360 5826 1457 5880 καὶ
1499 5826 1560 5878 τὸ
1591 5827 1699 5879 πᾶν
1727 5825 1822 5879 τοῦ

1924 4906 2053 4961 illuc
2124 4906 2385 4975 dispersi,
2433 4908 2609 4963 donec
2652 4908 2914 4978 respiciat
2968 4905 3258 4968 Dominus,
3314 4922 3500 4976 pacem

1919 4993 2178 5053 Ecclesiae
2217 5014 2331 5053 sua:
2382 5002 2713 5065 concedens,
2763 5015 2976 5070 nosque
3020 4999 3075 5054 in
3109 5014 3277 5053 unum
3316 5000 3505 5054 conci-

1921 5091 2081 5145 lians.

1993 5181 2050 5238 In
2077 5185 2329 5252 praesenti
2362 5193 2542 5239 autem
2570 5201 2751 5240 rerum
2776 5194 2947 5252 statu,
2984 5201 3086 5242 oro
3124 5202 3249 5253 vos,
3282 5184 3502 5246 fratres,

1924 5285 1982 5328 ut
2015 5275 2170 5346 digne
2215 5276 2497 5330 ambuletis
2531 5278 2799 5330 vocatione
2829 5293 2935 5347 qua
2964 5278 3357 5336 voeatisumus,
3381 5292 3501 5330 cum

1925 5366 2068 5419 omni
2100 5364 2121 5396 ³
2152 5365 2436 5436 diligentia
2477 5376 2532 5421 et
2561 5368 2886 5430 attentione,
2922 5382 3046 5421 cum
3086 5368 3235 5423 omni
3277 5368 3502 5422 humili—

1923 5465 2033 5510 tate
2075 5465 2129 5511 et
2154 5457 2466 5511 obedientia
2501 5458 2735 5512 invicem
2773 5476 2786 5513 :
2829 5457 3166 5529 praefectura:
3194 5460 3375 5514 locum
3423 5468 3503 5513 te—

1926 5559 2086 5604 nente
2121 5551 2434 5620 praeposito,
2468 5565 2575 5605 non
2607 5551 2675 5606 ad
2695 5551 3023 5606 diabolicam
3057 5552 3351 5607 elationem
3379 5551 3501 5605 ani-

1927 5643 2023 5707 mi,
2061 5643 2155 5697 sed
2212 5643 2278 5698 ad
2313 5644 2530 5699 virtutis
2559 5645 2868 5715 exemplum
2898 5644 3159 5709 alumnis,
3201 5646 3378 5715 iisque
3409 5643 3500 5713 qui

1929 5736 2031 5805 ipsi
2080 5736 2461 5806 obtemperant
2489 5751 2552 5791 ac
2596 5751 2802 5791 morem
2828 5743 3023 5806 gerunt
3067 5746 3325 5807 tanquam
3367 5734 3500 5791 mibi

1933 5829 2178 5901 indigno,
2215 5830 2300 5884 vel
2339 5829 2561 5885 Christo
2602 5830 2807 5902 potius,
2850 5840 3071 5901 propter
3116 5845 3278 5899 quem
3303 5838 3360 5886 et
3393 5828 3503 5881 vita

320 5953 364 5980 ”
397 5946 586 6002 Matth.
612 5964 765 6011 mn,
787 5948 877 6001 ΕΠ).
958 5946 1271 6011 ‘Eccle.ttt,
1293 5946 1344 5998 8.
1424 5945 1443 5975 ¹
1478 5944 1676 6013 Philip.
1714 5960 1788 6009 tv,

1955 5944 1973 5974 ³
1994 5945 2191 6014 Ephes.
2231 5959 2306 6011 tv,
2329 5946 2375 5998 l.
