4156 6462
686 360 819 427 1351

1878 376 1939 434 S.
1980 375 2082 434 ΤΗ
2095 373 2373 435 EODORI
2409 378 2757 440 STUDlT/E

3814 386 3958 452 1352

684 484 889 547 omnis,
919 493 973 537 et
1013 483 1325 539 voluntaria
1362 503 1511 541 mors
1538 490 1880 559 quotidiana,
1906 507 1941 546 o
1982 491 2103 553 ﬁlii,
2145 506 2266 545 ma-

2389 493 2489 547 ilou
2520 499 2617 549 καὶ
2641 499 2669 551 ὁ
2698 498 2819 551 καθ’
2848 498 3062 569 ἡμέραν
3094 503 3477 573 προαιρετικὸς
3502 503 3754 569 θάνατος,
3785 498 3833 558 ὦ
3860 509 3957 561 τέ-

684 588 850 643 gnum
877 572 1072 628 salutis
1101 576 1425 646 mysterium
1456 587 1559 633 est.
1599 579 1785 633 Videte
1806 581 2268 645 quemadmodum

685 664 897 733 degatis
930 682 944 718 :
976 678 1084 717 non
1129 679 1186 718 ιιι
1220 665 1367 721 vitiis
1389 667 1634 733 obnoxii,
1665 667 1758 722 sed
1807 677 1866 722 ut
1894 680 2149 738 expertes
2187 686 2272 723 vi-

694 751 938 806 tiorum:
977 769 1084 807 non
1122 764 1177 807 ut
1228 754 1433 820 carnis,
1466 758 1559 810 sed
1590 765 1651 811 ut
1697 755 1794 810 Dei
1851 768 2149 812 amatores.
2196 756 2274 812 Ne

688 844 882 898 oculos
910 845 962 897 in
986 844 1317 900 feminarum
1351 862 1447 901 ora
1486 848 1742 917 conjicite
1778 850 1910 902 :sed
1942 865 2119 919 neque
2145 865 2272 918 erga

693 951 793 991 vos
816 938 1049 992 invicem
1098 938 1387 993 liberiores
1423 940 1478 992 in
1521 941 1733 1010 agendo
1766 951 1966 995 estote.
2003 942 2096 995 Est
2126 942 2272 996 enim

694 1028 937 1093 licentia,
996 1029 1142 1099 ignis
1189 1031 1439 1084 animum
1489 1048 1779 1100 perurens.
1820 1032 2041 1086 Mortem
2090 1034 2275 1087 animo

694 1134 910 1188 semper
941 1118 1201 1191 cogitate,
1232 1134 1289 1176 ut
1312 1124 1437 1177 sitis
1458 1124 1525 1179 ad
1552 1139 1841 1193 egressum
1869 1142 1936 1181 ex
1974 1128 2082 1181 vita
2106 1129 2275 1196 parati

693 1221 749 1267 et
783 1214 1017 1270 alacres.
1059 1215 1415 1271 Traditiones
1455 1228 1670 1272 servate
1706 1237 1720 1273 :
1752 1235 1874 1289 qua:
1902 1231 2033 1275 sunt
2066 1222 2277 1291 praesti-

697 1315 811 1359 tuta
849 1306 1114 1375 perﬁcite,
1149 1317 1261 1362 tum
1305 1324 1425 1378 quae
1464 1311 1827 1379 psalmodiam
1858 1314 2118 1377 attinent,
2161 1323 2275 1367 tum

694 1414 817 1467 quae
843 1400 1147 1453 orationem
1175 1410 1227 1453 et
1259 1402 1478 1471 quidvis
1508 1404 1678 1457 aliud.
1738 1403 1917 1460 Nolite
1950 1422 2143 1459 aurum
2184 1421 2279 1460 vo-

696 1488 784 1543 bis
837 1490 971 1559 ipsis
1001 1492 1280 1563 colligere,
1325 1503 1403 1557 ut,
1437 1511 1561 1549 cum
1592 1497 1747 1551 eritis
1788 1497 1841 1550 in
1873 1514 2040 1551 unum
2077 1498 2277 1564 coacti,

696 1584 1021 1651 pr0pinquis
1055 1596 1109 1637 et
1138 1586 1331 1641 amicis
1356 1586 1489 1639 illud
1524 1587 1782 1643 tribuatis
1821 1606 1835 1643 :
1867 1594 2127 1659 quoniam
2162 1607 2281 1644 mo-

699 1677 941 1731 nasterio
979 1693 1109 1732 cura
1152 1687 1236 1732 est
1274 1694 1459 1733 rerum
1509 1692 1850 1736 nostrarum.
1902 1681 2019 1736 Non
2067 1691 2149 1737 est
2181 1682 2282 1737 hoc

697 1766 937 1822 liliorum
973 1770 1084 1833 Dei,
1113 1771 1204 1824 sed
1236 1786 1426 1824 eorum
1457 1772 1551 1839 qui
1576 1788 1640 1826 ea
1669 1789 1791 1842 qua:
1821 1776 2006 1828 carnis
2035 1782 2165 1827 sunt
2193 1791 2282 1828 sa-

699 1861 878 1929 piunt.
938 1859 1228 1926 Quomodo
1260 1863 1473 1932 igitur?
1519 1874 1578 1918 ut
1618 1865 1672 1918 in
1723 1880 2066 1919 communem
2120 1880 2277 1919 usum
2312 1854 2353 1909 Β

699 1952 1023 2009 conferatur
1054 1972 1066 2006 :
1101 1964 1155 2007 et
1186 1955 1448 2024 quidquid
1476 1957 1788 2025 contigerit,
1821 1955 2147 2011 fraternitati
2177 1958 2277 2010 tri-

698 2042 901 2099 buatur
954 2053 1064 2099 :ut
1137 2060 1202 2099 ex
1236 2046 1539 2102 multorum
1598 2050 1843 2119 symbola
1898 2064 1985 2103 res
2041 2047 2278 2104 cmnobii

700 2136 1101 2189 constituatur.
1136 2133 1261 2191 Haec
1288 2152 1319 2191 a
1352 2155 1439 2191 me
1471 2138 1677 2193 ideirco
1694 2140 1839 2193 dicta
1858 2149 2007 2204 sunt,
2038 2142 2183 2209 quod
2213 2141 2281 2194 ad

701 2241 805 2282 nos
840 2226 982 2281 fama
1015 2229 1209 2284 detulit
1257 2244 1381 2285 esse
1410 2232 1678 2300 quosdam
1712 2235 1805 2300 qui
1860 2233 1975 2302 jam
2013 2249 2159 2288 nunc
2208 2233 2279 2286 ita

700 2326 985 2375 statuant:
1008 2320 1123 2376 Hoc
1148 2336 1339 2391 pecus,
1372 2324 1648 2393 inquiunt,
1675 2335 1729 2379 et
1756 2326 1861 2379 hoc
1881 2325 2282 2391 indumentum,

704 2414 817 2469 sive
846 2415 1125 2484 quidpiam
1155 2418 1322 2484 aliud,
1355 2421 1477 2473 volo
1500 2419 1596 2472 tali
1642 2421 1989 2488 relinquere!
2032 2418 2077 2473 Ο
2112 2419 2285 2474 mise-

706 2505 842 2559 riam
864 2506 879 2559 ι
904 2520 937 2561 o
972 2506 1302 2563 dementiam
1339 2510 1353 2563 !
1388 2509 1552 2580 Atqui
1584 2526 1693 2565 non
1722 2520 1808 2565 est
1838 2525 1868 2564 e
1904 2509 2147 2565 filiorum
2180 2526 2289 2564 nu-

706 2613 857 2653 mero
886 2598 980 2669 qui
1010 2600 1277 2669 ejusmodi
1300 2611 1404 2667 est,
1434 2618 1533 2658 nec
1568 2602 1757 2667 frater,
1790 2604 1883 2657 sed
1907 2603 2145 2665 alienus.
2180 2600 2277 2657 sed

701 2691 1027 2760 sacrilegus,
1057 2692 1215 2761 cujus
1243 2708 1364 2748 sors
1386 2710 1510 2749 cum
1540 2695 1689 2750 Giezi
1726 2694 1939 2749 fure....

989 2804 1179 2861 XCIX.
1203 2838 1274 2848 —
1297 2806 1627 2861 Abruhamio
1657 2810 2033 2878 stpitalario.

2374 604 2497 653 κνα,
2532 591 2671 658 μετὰ
2699 589 2759 643 τὸ
2783 590 2883 660 τῆς
2904 591 3179 661 σωτηρίας
3218 595 3539 664 μυστήριον.
3565 594 3805 650 Βλέπετε
3834 598 3959 662 πῶς

2373 680 2801 770 ἀναστρέφεσθε,
2829 681 2905 751 μὴ
2930 682 3006 745 ὼς
3030 683 3319 752 ὶμπαθεῖς,
3342 686 3457 740 ἀλλ’
3481 687 3557 752 ὡς
3582 688 3852 753 ἀπαθεῖςο
3877 693 3955 761 μὴ

2373 770 2447 833 ὡς
2470 772 2812 843 φιλόσαρκοι,
2874 773 2990 826 ἀλλ’
3014 774 3089 837 ὡς
3120 775 3377 843 φιλόθεοι.
3399 778 3489 849 Μὴ
3508 780 3857 834 ὲπιόἀλλοιτε
3884 784 3958 835 τὰ

2373 862 2599 930 ὄμματα
2641 862 2797 931 ὕψεσι
2841 865 3154 932 γυναικῶν,
3196 867 3333 920 ἀλλὰ
3389 869 3524 939 μηδὲ
3583 872 3664 935 είς
3720 874 3959 937 tauro-4c

2375 954 2524 1024 είητε
2560 957 3041 1027 παρρησιαστικοί.
3074 960 3362 1031 Παρρησία
3396 964 3503 1031 γὰρ
3531 963 3645 1032 πῦρ
3676 965 3955 1032 καταφλέ-

2375 1066 2472 1118 γον
2504 1049 2704 1121 ψυχήν.
2736 1053 3013 1106 Μελετᾶτε
3054 1054 3145 1106 τὸν
3176 1054 3405 1107 θάνατον
3441 1058 3545 1115 ἀεὶ.
3578 1058 3653 1120 ὡς
3696 1058 3762 1111 ἂν
3804 1059 3958 1125 εἴητε

2378 1144 2885 1213 παρεσκευασμένοι
2938 1143 3073 1213 πρὸς
3129 1145 3229 1215 τὴν
3287 1145 3465 1211 ἔξοδον
3520 1150 3578 1200 ὲν
3630 1150 3798 1218 χαρᾷ.
3847 1150 3960 1213 Τὰς

2379 1236 2706 1305 παραδόσεις
2733 1238 2987 1307 κρατεῖτε
3006 1252 3020 1265 ⁸
3065 1236 3133 1290 τὰ
3170 1238 3454 1309 ὡρισμένα
3479 1240 3702 1305 τελεῖτε,
3728 1243 3874 1294 κατά
3899 1259 3959 1295 τε

2377 1328 2697 1398 ψαλμῳδίαν
2728 1330 2821 1381 καὶ
2847 1328 3157 1398 προσευχὴν
3196 1332 3289 1382 καί
3317 1330 3371 1382 εί
3403 1348 3455 1383 τι
3495 1332 3706 1401 ἕτερον.
3740 1333 3836 1401 Μὴ
3864 1332 3961 1402 οης⁵

2383 1422 2677 1491 σαυρίςητε
2709 1421 2920 1485 ἑαυτοῖς
2959 1421 3180 1491 χρυσίον
3217 1425 3299 1486 είς
3330 1424 3391 1476 τὸ
3431 1424 3487 1475 ὲν
3518 1424 3693 1494 καιρῷ
3732 1428 3961 1477 ἐπισυν-

2382 1519 2607 1589 αγωγῆς
2649 1519 3028 1590 παρασχέσθαι
3054 1521 3187 1574 αὐτὸ
3229 1521 3378 1585 ίδίοις
3406 1521 3501 1574 καὶ
3524 1521 3697 1588 φίλοις
3719 1535 3731 1546 ’
3764 1520 3845 1584 ὡς
3870 1520 3961 1573 ita

2381 1610 2443 1662 τὸ
2486 1611 2848 1681 μοναστήριον
2881 1611 3155 1681 φροντίσει
3183 1610 3253 1664 τὰ
3289 1611 3412 1665 καθ’
3442 1612 3611 1681 ἡμᾶς.
3642 1610 3718 1662 Οὐ
3751 1610 3965 1663 τέκνων

2383 1702 2518 1755 Θεοῦ
2542 1702 2717 1767 τοῦτο,
2739 1684 2877 1756 ἀλλά
2902 1704 3289 1774 σαρκοφρόνων
3313 1721 3328 1734 ·
3363 1704 3479 1767 πῶς
3502 1706 3556 1757 δέ
3578 1723 3593 1767 ς
3623 1705 3713 1757 ῖνα
3734 1704 3797 1755 τὸ
3823 1704 3967 1756 κατά

2385 1794 2572 1865 θρείαν
2598 1796 2838 1864 γένοιτω
2873 1797 2968 1849 καὶ
3001 1796 3062 1849 τὸ
3102 1795 3312 1865 φθάσαν
3343 1793 3482 1850 εἶναι
3520 1796 3863 1866 προσενεχθῇ
3898 1798 3963 1867 τῇ

2383 1886 2701 1957 ἀδελφότητι
2728 1904 2741 1918 ·
2766 1888 2855 1941 ἵνα
2883 1889 2946 1941 ἐκ
2972 1887 3182 1939 πολλῶν
3215 1889 3523 1959 προσώπων
3554 1890 3616 1940 τὸ
3640 1888 3967 1941 συστατικὶιν

2383 1979 2470 2049 είη
2495 1980 2590 2033 τοῦ
2620 1980 2917 2033 κοινοδίου.
2948 1980 3131 2033 Ταῦτα
3154 1980 3211 2032 δέ
3240 1997 3331 2051 μοι
3355 1980 3569 2050 εἴρηται
3592 1978 3779 2048 ἐπειδὴ
3800 1980 3967 2049 ἡκου-

2384 2088 2507 2126 σται
2537 2072 2731 2140 ὃτιπέρ
2769 2089 2914 2135 τινες
2958 2072 3058 2144 ἤδη
3104 2072 3436 2126 άπεντεῦθεν
3471 2073 3767 2143 ὁρίζονται.
3810 2072 3964 2135 Τόδε,

2385 2165 2543 2237 φησι,
2572 2165 2634 2217 τὸ
2663 2164 2826 2229 ζῶον,
2858 2165 2953 2216 καὶ
2983 2164 3102 2217 τάδε
3131 2164 3191 2217 τὸ
3224 2165 3458 2233 ἱμάτιον,
3486 2164 3582 2217 εἶτ’
3614 2159 3708 2217 οὖν
3755 2164 3965 2233 ἕτερον,

2387 2256 2649 2327 βούλομαι
2689 2255 2768 2327 τῷ
2802 2256 2934 2309 δεῖνι
2976 2258 3159 2310 ὲᾶσαι.
3193 2258 3256 2310 Ὢ
3283 2258 3384 2327 τῆς
3411 2256 3759 2326 ἁθλιότητοςί
3797 2255 3845 2308 ὢ
3868 2254 3968 2324 τῆς

2385 2351 2731 2423 ἁφροσύνηςῐ
2788 2348 2998 2403 Οὐκοῦν
3030 2349 3154 2403 οὔτε
3202 2350 3389 2403 τέκνον
3437 2353 3465 2404 ὁ
3508 2349 3782 2411 τοιοῦτος,
3844 2346 3967 2400 οὔτε

2388 2445 2615 2512 ἀδελφός
2638 2460 2653 2475 ’
2688 2444 2805 2499 ἀλλ’
2830 2444 3135 2514 ἀλλότριος,
3166 2443 3301 2497 ἀλλὰ
3333 2444 3627 2506 ἱερόσυλος,
3651 2435 3716 2496 οὗ
3744 2443 3779 2510 ή
3812 2439 3968 2510 rupi»;

2394 2537 3672 2610 μετὰΓιεζῆτοῦκλέπ-του.........
3727 2568 3933 2587 ...ο

2730 2802 2846 2870 ἥθ’.
2877 2834 2946 2845 -
2977 2804 3257 2872 Ἀεραμίῳ
3291 2798 3612 2868 ξενοδόχῳ.

1845 2924 2082 2975 Hortatur
2103 2925 2162 2975 ad
2187 2925 2442 2973 lenitatem
2468 2934 2585 2984 erga
2607 2916 2851 2967 subditos.

944 3030 1279 3084 obscuratur
1319 3030 1400 3084 sic
1428 3028 1665 3083 faciendi
1700 3038 1873 3083 metu.
1910 3027 2046 3083 Nam
2084 3028 2176 3083 Dei
2209 3030 2278 3082 ti-

2451 3068 2466 3082 .
2517 3067 2532 3082 .
2575 3066 2589 3081 .
2635 3064 2650 3081 .
2694 3065 2710 3080 .
2756 3020 3110 3085 συσκιάξεται
3146 3019 3299 3090 φόσῳ
3344 3018 3488 3072 οὕτω
3516 3017 3964 3086 διαπράττεσθαι.

703 3138 863 3178 more
893 3123 1030 3177 nihil
1062 3132 1146 3176 est
1180 3123 1362 3191 majus
1398 3140 1411 3175 :
1439 3131 1493 3177 et
1523 3122 1656 3176 nihil
1685 3123 1855 3177 animi
1899 3125 2078 3177 salute
2110 3121 2283 3190 magis

2389 3121 2549 3174 Méou
2585 3119 2693 3188 γὰρ
2740 3114 2876 3169 Θεοῦ
2906 3114 3060 3167 οὐδὲν
3096 3113 3301 3182 μεῖζον,
3336 3113 3429 3165 καὶ
3474 3111 3756 3181 σωτηρίας
3796 3114 3964 3184 ψυχῆς

705 3216 1105 3269 necessarium.
1140 3214 1282 3279 Quid
1304 3215 1443 3268 enim
1471 3215 1707 3283 proderit
1751 3214 1973 3273 homini.
2005 3214 2204 3283 inquit,
2236 3212 2281 3265 si

2389 3212 2529 3265 ιύδὲν
2568 3207 3021 3277 ἀναγκαιότερον.
3063 3206 3123 3257 Τί
3165 3204 3275 3273 γὰρ
3300 3201 3601 3272 ὠφελήσει
3630 3201 3965 3270 ἄνθρωπον,

704 3311 942 3360 ιἰιενειιιν
973 3313 1227 3359 mundum
1255 3316 1447 3370 totum,
1470 3315 1518 3358 et
1543 3306 1917 3360 detrimentum
1950 3306 2143 3359 anima
2176 3320 2285 3359 sum

2389 3306 2568 3373 φησιν,
2600 3303 2710 3355 ἐὰν
2740 3300 2893 3353 ὅλον
2928 3297 3036 3349 τὸν
3066 3297 3299 3362 κόσμον
3330 3296 3619 3363 κερδήσῃ,
3646 3294 3747 3348 καὶ
3771 3294 3969 3364 ζημιω.

706 3399 874 3466 faciat
906 3397 972 3449 "f
1000 3396 1055 3449 Et
1087 3398 1361 3450 medicum
1395 3397 1560 3466 quaeri
1590 3410 1688 3465 par
1718 3398 1877 3450 estin
1904 3397 2131 3451 adversa
2159 3410 2284 3450 cor-

2389 3394 2464 3462 θῇ
2498 3394 2613 3461 τὴν
2642 3390 2857 3461 ⁴Ψυχὴν·
2897 3386 3122 3449 αὑτοῦ;
3159 3387 3268 3437 Καὶ
3298 3389 3325 3439 6
3363 3389 3545 3457 ίατρὸς
3577 3389 3635 3438 ὲν
3657 3389 3781 3450 ταῖς
3817 3404 3970 3459 περι-

705 3489 857 3558 poris
892 3488 1223 3553 valetudine,
1254 3498 1309 3543 et
1365 3489 1419 3543 in
1472 3498 1792 3559 tempestate
1844 3488 2283 3560 gubernatorem.

706 3582 904 3633 Annon
940 3580 1093 3635 vides
1128 3596 1380 3651 magnam
1418 3596 1539 3636 esse
1576 3590 1950 3652 tempestatem
1980 3591 2035 3636 et
2074 3580 2285 3650 plagam

704 3670 975 3724 divinitus
1007 3670 1357 3725 immissam?
1408 3670 1649 3735 Medere,
1684 3672 1927 3736 domine,
1963 3686 2109 3739 rege,
2145 3681 2207 3725 ut
2234 3680 2290 3726 et

709 3764 943 3833 teipsnm
992 3780 1175 3818 serves
1240 3764 1599 3826 incolumem,
1656 3774 1710 3819 et
1743 3780 1839 3819 cos
1877 3765 1969 3834 qui
2026 3764 2104 3819 rei
2159 3772 2290 3820 sunt

708 3869 893 3918 sanes,
930 3865 982 3909 et
1011 3856 1075 3909 ad
1113 3857 1468 3910 stabilitatem
1501 3857 1754 3917 reducas,
1792 3856 1970 3911 minas
1992 3855 2285 3920 cohibens,

707 3963 833 4003 cum
868 3962 921 4002 et
957 3950 1070 4017 ipse
1095 3950 1147 4002 in
1179 3965 1408 4019 corpore
1442 3951 1519 4005 sis
1550 3958 1602 4003 et
1632 3950 1812 4019 lapsui
1851 3950 2143 4004 obnoxius.
2189 3948 2282 4003 Sic

708 4042 855 4093 enim
900 4052 953 4093 et
986 4043 1221 4111 propitio
1252 4042 1423 4094 uteris
1448 4040 1578 4095 Deo.
1625 4041 1732 4095 Deo
1764 4052 1945 4095 autem
1976 4049 2293 4110 protegente

707 4133 835 4202 quis
870 4132 1081 4188 allicere
1118 4137 1261 4188 malo
1317 4136 1529 4203 possit?
1574 4135 1875 4199 Memento,
1909 4134 2136 4187 domine
2193 4133 2289 4197 mi,

708 4225 856 4294 quod
892 4234 946 4280 et
996 4227 1112 4294 ipse
1136 4242 1265 4279 caro
1294 4242 1375 4290 es,
1407 4236 1461 4281 et
1515 4235 1574 4279 ut
1603 4228 1814 4295 lapsum
1855 4225 2080 4289 metuis,
2128 4223 2296 4291 lapsis

712 4316 935 4385 ignosce
973 4333 985 4368 :
1030 4314 1234 4367 Eadem
1264 4318 1456 4385 quippe
1502 4332 1747 4368 mensura
1786 4331 1890 4385 qua
1933 4313 2097 4367 mensi
2129 4313 2294 4382 fueri-

711 4425 849 4472 mus,
900 4408 1203 4461 remetietur
1256 4408 1404 4462 nobis
1430 4413 1473 4462 ⁸.
1522 4408 1817 4471 Memento,
1866 4405 2033 4460 frater
2072 4406 2295 4475 optime,

711 4503 857 4567 quod
882 4500 1040 4554 hodie
1066 4516 1280 4563 sumus,
1312 4515 1409 4554 nec
1441 4501 1647 4554 scimus
1668 4499 1796 4568 quid
1816 4506 2188 4566 superuentura
2206 4512 2301 4566 pa-

713 4593 815 4645 riat
848 4592 958 4645 dies
990 4593 1010 4623 ⁸
1042 4611 1053 4645 :
1095 4603 1242 4645 utne
1275 4591 1624 4646 inveniamur
1657 4591 1826 4644 notati
1862 4604 1985 4643 cum
2023 4587 2301 4641 dedecore

712 4699 777 4737 ac
796 4684 1089 4747 maledicti,
1114 4695 1227 4738 tum
1252 4684 1303 4737 in
1331 4686 1583 4753 prasenti
1612 4683 1832 4747 saeculo,
1859 4691 1971 4735 tum
2004 4681 2057 4733 in
2085 4678 2294 4734 futuro.

2394 3487 2615 3541 στάσεσι
2646 3483 2904 3554 ζητητέος
2924 3494 2939 3510 ⁸
2969 3481 3063 3534 καὶ
3102 3480 3130 3532 ὀ
3161 3478 3504 3549 κυδερνήτης
3536 3483 3593 3531 ὲν
3615 3479 3693 3549 τῷ
3720 3481 3968 3535 κλύδωνι.

2393 3581 2463 3633 Ἦ
2493 3579 2591 3647 οὐχ
2618 3579 2748 3649 ὁρᾷς
2772 3578 2855 3629 ὅτι
2882 3574 3089 3628 κλύδων
3124 3574 3297 3645 μέγας
3328 3574 3422 3624 καί
3453 3572 3726 3641 θεομηνὴς
3752 3573 3929 3641 πληγή
3956 3589 3969 3637 ;

2395 3670 2702 3740 ίέιτρευσον,
2762 3666 3019 3730 δέσποτα,
3076 3662 3437 3735 κυϐέρνησον,
3480 3662 3569 3715 ῖνα
3603 3661 3698 3715 καὶ
3754 3662 3970 3715 σεαυτὸν

2393 3761 2597 3833 σώσῃς,
2627 3759 2720 3812 καὶ
2744 3760 2870 3819 τοὺς
2896 3756 3183 3820 ὑπαιτίους
3217 3755 3431 3827 έξιάσῃ.
3469 3755 3563 3810 καὶ
3592 3755 3971 3825 ἁναστοιχειὼ-

2394 3871 2493 3927 an;
2516 3856 2598 3916 είς
2631 3849 2976 3913 εὐστάθειαν,
3008 3849 3337 3920 ἀνεχόμενος
3362 3848 3461 3921 τὴν
3493 3849 3745 3920 ἀπειλὴν,
3779 3849 3854 3912 ὼς
3882 3848 3972 3901 καὶ

2394 3947 2555 4010 αὐτὸς
2601 3944 2676 3998 ὢν
2725 3945 2782 3996 ὲν
2830 3941 3041 4012 σώματι
3086 3943 3181 3994 καὶ
3226 3942 3333 3995 ὑπὸ
3360 3942 3421 3995 τὸ
3457 3940 3739 3995 πταιστόν.
3789 3941 3972 4005 Οὕτως

2395 4039 2502 4109 γὰρ
2530 4038 2621 4091 καὶ
2650 4035 2781 4088 Θεὸν
2814 4035 2991 4105 κτήσῃ
3024 4033 3174 4087 ἵλεω.
3204 4030 3339 4086 Θεοῦ
3374 4032 3430 4085 δὲ
3458 4032 3812 4102 περιέποντος
3840 4034 3921 4095 τίς
3945 4035 3971 4085 ό

2396 4127 2696 4189 κακώσωνς
2724 4122 3030 4195 Μνήσθητι.
3064 4122 3238 4195 Κύριέ
3263 4140 3385 4193 μου.
3417 4122 3497 4175 ὅτι
3526 4121 3660 4192 σὰρξ
3683 4116 3733 4172 εί
3762 4122 3859 4174 καὶ
3888 4123 3973 4173 αὑ·

2396 4221 2487 4284 τός
2507 4235 2523 4248 ‘
2557 4219 2648 4273 καὶ
2676 4218 2750 4283 ὡς
2786 4217 2923 4288 φοδῇ
2955 4215 3054 4280 τὰς
3084 4216 3320 4285 πληγὰς,
3351 4214 3535 4283 φείδου
3572 4212 3681 4265 τῶν
3710 4212 3934 4281 πληγῶν
3954 4230 3965 4241 ·

2412 4312 2687 4379 Ἐπείπερ
2724 4310 2828 4375 οἵῳ
2870 4308 3063 4378 μέτρῳ
3089 4306 3445 4378 μετροῦμεν.
3473 4305 3971 4375 ἀντιμετρηθήσε-

2400 4420 2494 4457 ται
2554 4402 2716 4472 ἡμῖν.
2769 4401 3077 4472 Μνήσθητι.
3131 4399 3327 4469 ἀδελφέ
3386 4397 3538 4462 καλὲ,
3593 4399 3675 4451 ὅτι
3736 4397 3969 4468 σήμερόλι

2403 4499 2591 4567 ὲσμεν,
2627 4494 2723 4548 κα)⁸
2749 4494 2805 4547 τι
2832 4482 3076 4558 τέξεταί
3096 4493 3134 4561 ἠ
3162 4490 3421 4546 ἐπιοῦσα
3445 4493 3555 4545 οὐκ
3588 4488 3868 4558 οἴδαμεν·
3900 4488 3967 4549 ὡς

2409 4588 2483 4660 μὴ
2530 4586 2819 4659 εὑρεθῆναι
2856 4587 3003 4657 ἡμᾶς
3035 4584 3504 4656 κωμῳδουμένους
3534 4583 3629 4636 καὶ
3658 4582 3969 4653 κατηραμέ·

2405 4697 2551 4743 νους,
2577 4679 2670 4733 καὶ
2695 4679 2753 4731 ἐν
2781 4676 2858 4747 τῷ
2888 4676 2983 4730 νῦν
3012 4676 3169 4730 αἰῶνι
3208 4677 3303 4729 καὶ
3331 4679 3388 4729 ὲν
3420 4674 3498 4746 τῷ
3526 4676 3795 4745 μέλλοντι.
3824 4675 3967 4743 Μνή-

714 4773 985 4827 Memento
1015 4775 1299 4828 horrendae
1328 4774 1479 4827 illius
1513 4773 1982 4841 inexorabilisque
1999 4771 2280 4826 sententia:

2409 4771 2566 4841 σθητι
2613 4772 2712 4841 τῆς
2774 4769 3100 4837 ἀποφάσεως
3164 4769 3378 4835 ἐκείνης
3432 4769 3529 4837 τῆς
3588 4765 3827 4837 φοδερᾶς
3886 4768 3969 4819 καὶ

710 4879 819 4931 qua
837 4863 1297 4918 immisericordes
1312 4864 1363 4916 in
1382 4864 1559 4933 ignem
1581 4864 1969 4917 inesstinctum
1988 4862 2297 4915 mittentur.

711 4955 986 5009 Memento
1013 4955 1129 5008 fore
1166 4964 1223 5007 ut
1267 4956 1425 5009 nobis
1461 4956 1729 5009 sistantur
1763 4956 1832 5009 ob
1863 4954 2051 5008 oculos
2082 4953 2139 5017 ii,
2183 4952 2278 5021 qui

714 5049 917 5104 fuerint
947 5064 976 5102 a
1018 5047 1177 5101 nobis
1206 5057 1301 5101 aut
1337 5047 1605 5102 beneﬁcio
1639 5049 1825 5117 aliquo
1852 5056 1946 5099 aut
1976 5045 2179 5099 damno
2213 5042 2294 5097 af—

716 5141 863 5196 fecti.
905 5141 1111 5209 Ecquid
1142 5149 1255 5193 tum
1288 5140 1531 5209 proderit
1570 5141 1784 5210 egregia
1818 5154 1911 5207 per
1945 5138 2085 5191 lianc
2117 5139 2285 5190 vitam

714 5230 856 5285 fama
897 5230 1106 5284 fuisse?
1132 5229 1205 5284 Ne
1236 5230 1339 5292 sic,
1374 5232 1638 5289 obtestor,
1674 5239 1858 5281 nostro
1888 5242 1986 5279 nos
2023 5226 2123 5296 ipsi
2169 5228 2285 5297 gla-

714 5324 803 5377 dio
826 5322 1161 5392 jugulemus.
1192 5321 1316 5375 Haec
1347 5323 1424 5374 tui
1454 5335 1743 5390 peramans
1766 5320 1911 5380 dico,
1948 5322 2291 5387 maximeque

713 5416 780 5467 de
811 5424 883 5480 te,
915 5414 1157 5477 domine,
1192 5413 1481 5471 sollicitus.
1527 5422 1581 5465 ut
1624 5413 1783 5465 linem
1823 5412 2037 5466 dicendi
2070 5411 2286 5463 faciam.

714 5506 893 5561 Laetos
922 5506 1153 5575 posthac
1188 5506 1409 5559 nuntios
1436 5505 1654 5559 audiam
1684 5506 1749 5557 de
1778 5506 2043 5559 comitate
2074 5504 2127 5557 in
2164 5519 2290 5557 eru-

713 5600 914 5653 diendo
948 5615 1011 5653 ac
1064 5597 1323 5652 facilitate
1374 5598 1579 5651 domini
1642 5598 1790 5651 mei:
1828 5608 1885 5651 ut
1948 5605 2185 5661 cantem,
2229 5604 2289 5649 ut

715 5693 1009 5758 intelligam
1043 5701 1382 5761 quantopere
1430 5690 1562 5744 mihi
1616 5688 1873 5759 deinceps
1897 5688 2109 5743 amicus
2143 5701 2295 5743 meus

785 5803 806 5835 ⁸
836 5802 1001 5856 Marc.
1036 5817 1151 5868 7m,
1185 5802 1275 5858 56.
1385 5802 1406 5833 ⁸
1432 5800 1561 5855 Luc.
1588 5816 1659 5865 γι,
1694 5799 1781 5856 38.

1858 5801 1877 5831 ⁸
1904 5802 2061 5853 Prov.
2090 5814 2255 5863 xxvii,
2290 5798 2335 5850 l.

2402 4861 2867 4933 ἀπαραλογίστου,
2901 4860 2989 4928 ὑφ’
3016 4855 3082 4931 ἦς
3102 4861 3155 4911 οί
3188 4859 3542 4929 ἀνελεήμονες
3576 4860 3654 4920 εἰς
3679 4858 3791 4925 πῦρ
3820 4856 3971 4908 ἄσϐε-

2401 4971 2523 5007 στον
2562 4951 3066 5022 ὲκπεμφθήσονται.
3109 4951 3392 5021 Μνήσθητι
3422 4950 3504 5003 ὅτι
3532 4950 3968 5027 παραστήσονται

2397 5047 2529 5116 ἡμῖν
2572 5049 2641 5097 τὰ
2676 5040 2734 5098 εὖ
2774 5044 3086 5097 πεπονθότα
3117 5042 3405 5114 πρόσωπα,
3437 5042 3533 5094 καὶ
3559 5043 3627 5093 τὰ
3655 5040 3969 5108 δεινοπαθή-

2394 5156 2564 5192 σαντσ.
2609 5139 2698 5209 ὑφ’
2732 5139 2909 5210 ἡμῶν.
2958 5139 3068 5192 Καὶ
3103 5138 3156 5190 τί
3185 5137 3457 5207 ὠφελήσει
3496 5135 3616 5189 τότε
3652 5135 3712 5189 τὸ
3745 5134 3970 5189 ἐνταῦθα

2396 5229 2626 5283 ἀκοῦσαι
2672 5230 2820 5299 ἡμᾶς
2869 5228 3123 5293 ἰκανούς;
3160 5229 3271 5298 Μὴ,
3320 5226 3643 5297 παρακαλῶ,
3682 5225 3756 5296 μὴ
3808 5226 3969 5291 οὕτως

2396 5323 2477 5385 εἰς
2519 5322 2745 5385 ἑαυτοὺς
2776 5321 2837 5373 τὸ
2866 5320 3019 5388 ξίφος
3051 5319 3301 5388 ὼθῶμεν.
3330 5319 3503 5371 Φίλων
3532 5318 3680 5386 λέγω
3709 5317 3805 5370 καὶ
3838 5319 3966 5386 μάλα

2396 5415 2712 5485 κηδόμενος,
2767 5414 3026 5477 δέσποτα,
3077 5410 3228 5475 τέλος
3277 5411 3371 5464 τοῦ
3421 5410 3604 5478 λόγου.
3645 5410 3961 5478 Ἀκούσαιμι

2395 5512 2503 5563 ἀπὸ
2530 5508 2624 5562 τοῦ
2652 5508 2745 5561 νῦν
2772 5507 2981 5575 ἀγαθὰς
3004 5506 3171 5569 ἀκοὰς
3195 5507 3287 5559 καὶ
3315 5505 3715 5576 φιλανθρώπως
3756 5505 3963 5558 παιδευσ

2395 5601 2552 5663 τικὰς
2582 5599 2709 5667 περὶ
2740 5597 2835 5651 τοῦ
2868 5596 3001 5668 ἐμοῦ
3030 5596 3236 5668 Κυρίου
3264 5613 3278 5627 ·
3328 5597 3415 5648 ἵνα
3457 5596 3595 5667 ᾷσω,
3638 5596 3726 5649 ἵνα
3755 5593 3868 5663 γνῶ
3896 5593 3959 5644 ὡς

2404 5691 2811 5760 ὐπακουόμενος
2836 5689 3031 5761 ἔσομαι
3058 5690 3151 5743 καὶ
3183 5687 3318 5758 πρὸς
3342 5688 3403 5741 τὸ
3432 5688 3559 5759 ἑξῆς
3590 5687 3696 5742 ὑπὸ
3717 5676 3814 5741 τοῦ
3839 5681 3953 5755 ipsi}
