4156 6500
1439 404 1969 468 EPISTULARUM
2032 405 2174 464 LIB.
2237 405 2313 463 ll.
3358 397 3493 469 1354

263 415 401 477 1353

258 534 440 602 φίλου.
470 528 611 599 Ἤδη
637 527 745 598 γὰρ
781 526 831 579 oi
858 522 1253 594 γειτνιάζοντες
1286 525 1417 594 ἡμῖν
1455 523 1690 577 ἐνταῦθα
1725 523 1816 593 ἐμ-

1929 523 2280 591 obsequetur.
2320 517 2439 572 Jam
2487 519 2631 573 enim
2662 526 2715 571 et
2756 516 2845 584 qui
2874 515 2962 571 hic
2993 515 3045 571 in
3077 526 3259 574 nostra
3296 521 3492 577 vicinia

255 626 414 695 φοόοι
438 624 533 676 καὶ
557 617 810 691 ἐντρομοί
839 619 978 670 εἰσιν
1009 616 1066 682 ἐξ
1093 609 1169 670 ὧν
1199 615 1458 671 ἀκούουσι
1477 633 1491 646 ·
1515 617 1717 686 καίπερ
1748 616 1816 687 μὴ

1925 622 2079 675 ειιιιι,
2112 619 2307 680 pavent
2341 626 2403 664 ac
2427 607 2862 663 contremiscunt
2891 608 2962 661 ob
2991 623 3052 661 ea
3094 624 3214 677 qnze
3246 611 3310 664 ad
3344 611 3492 679 ipsos

253 715 576 777 ἐπταικότες
607 730 683 766 τι.
713 709 988 780 Τύραννός
1013 711 1160 762 ἐστιν
1196 711 1224 762 6
1251 709 1543 779 ἐρχόμενος
1567 724 1582 739 ⁸
1630 710 1816 777 μάχαι-

1923 703 2290 772 perferuntur,
2343 701 2445 754 etsi
2510 715 2778 769 nusquam
2815 699 3160 754 offenderint.
3204 702 3493 772 Tyrannus

257 825 361 877 ραν
402 804 754 873 ἐπιφέρεται·
785 800 998 871 πτωχὸς
1037 799 1133 869 ούχ
1163 799 1377 852 ύποίσει
1419 800 1683 869 ἀπειλήνο
1725 799 1816 867 οὐχ

1926 795 2193 854 imminet,
2228 792 2466 862 gladium
2524 793 2773 854 intentat,
2809 807 2917 846 non
2973 793 3266 847 sustinebit
3317 795 3495 850 minas

255 898 346 949 ἴνα
392 894 848 963 ἁνταγωνίσηται,
896 892 1126 962 δέχεται,
1165 890 1268 944 κᾶν
1320 891 1394 960 μὴ
1438 890 1697 960 βούλοιτο,
1732 891 1816 943 ἐπὶ

1925 902 2150 955 pauper.
2185 884 2296 938 Non
2325 899 2434 952 quo
2474 885 2768 938 reluctetur
2805 899 2818 934 :
2847 884 2939 937 sed
2975 886 3214 953 excipiet
3243 886 3324 940 vel
3356 887 3494 940 invi-

250 987 429 1055 τούτῳ
453 987 550 1054 οὐχ
581 983 879 1046 ὑπεύθυνος
900 996 913 1011 °
952 981 1072 1034 οὐδὲ
1098 981 1207 1052 γὰρ
1245 980 1407 1053 αύτδς
1445 979 1554 1047 ἐγὼ
1582 981 1816 1048 καταλη-

1934 975 2113 1038 tus,iu
2137 975 2239 1028 hac
2267 991 2324 1028 re
2350 975 2571 1028 minime
2601 975 3077 1042 reprehendendus
3112 994 3123 1028 :
3155 992 3328 1045 neque
3345 978 3492 1031 enim

254 1078 413 1147 φθεὶς
453 1077 648 1138 οὓτως,
682 1073 967 1144 δυνηθείην
997 1072 1063 1126 ἂν
1105 1073 1306 1141 ἑτέρως
1350 1071 1563 1142 δρᾶσαι.
1607 1072 1730 1125 Ἐὰν
1764 1071 1816 1124 δὲ

1933 1083 2034 1138 ego
2064 1067 2110 1121 si
2141 1067 2219 1121 sic
2252 1067 2680 1135 comprehensus
2705 1069 2829 1129 sim,
2864 1068 3067 1134 possim
3105 1068 3262 1123 aliter
3289 1069 3490 1124 facere.

250 1172 397 1239 πέρα
434 1169 607 1239 τούτῳ
632 1169 694 1222 τὸ
725 1167 920 1231 αἴτιον,
955 1165 1173 1229 καλῶς’
1203 1164 1338 1217 ἀλλὰ
1364 1165 1460 1217 καὶ
1490 1164 1660 1225 οὕτως
1689 1181 1816 1233 συμ·

1931 1159 1986 1213 Si
2019 1176 2146 1213 vero
2174 1161 2262 1214 hic
2291 1161 2547 1229 deinceps
2579 1161 2630 1212 in
2657 1162 2869 1229 culpam
2905 1161 3134 1224 incidat,
3166 1170 3316 1216 recte
3343 1180 3358 1217 :
3396 1163 3491 1218 sed

252 1259 442 1319 παθῶς
468 1259 542 1321 ὠς
562 1261 618 1311 ἐν
639 1258 936 1326 ὀφθαλμοῖς
959 1258 1162 1326 Κυρίου
1179 1271 1192 1285 ·
1217 1253 1277 1319 ἐξ
1297 1247 1358 1306 οῦ
1386 1254 1480 1306 καὶ
1505 1254 1816 1321 εὐσταθήσει

1923 1258 1978 1303 et
2013 1256 2127 1303 tum
2160 1265 2283 1303 cum
2316 1251 2552 1318 quadam
2593 1250 3101 1314 commiseratione,
3142 1261 3399 1320 tanquam
3437 1252 3493 1306 in

255 1348 458 1418 μᾶλλον
509 1349 570 1402 τὸ
618 1351 878 1417 ὑπήκοον,
917 1345 1272 1416 δουλούμενον
1316 1346 1499 1416 εὐνοίᾳ
1543 1346 1654 1408 τοῖς
1679 1362 1816 1398 νικο·

1922 1340 2097 1394 oculis
2128 1338 2341 1394 Domini
2379 1362 2390 1394 :
2427 1356 2491 1394 ex
2525 1356 2633 1410 quo
2666 1343 2918 1396 subditus
2945 1344 3124 1411 magis
3143 1342 3492 1398 conﬁrmabi-

249 1442 431 1502 ποιοῖς
453 1436 784 1509 βασιλεῦσιν.

1925 1439 2012 1483 tur
2063 1439 2119 1483 ut
2178 1446 2245 1485 ex
2303 1431 2676 1486 benevolentia
2733 1433 3031 1487 victoribus
3076 1432 3495 1502 imperatoribus

1923 1519 2148 1574 serviat.

598 1616 678 1669 P'.
706 1643 778 1655 —
816 1612 1039 1677 Ὑπάτῳ
1069 1613 1280 1678 τέκνῳ.
1310 1610 1484 1684 [χιγα]

2413 1611 2476 1666 C.
2497 1640 2566 1651 —-
2600 1610 2809 1681 Hypata
2831 1614 2964 1681 ﬁlio.

572 1727 806 1777 Jacobum
823 1727 1129 1786 monachum,
1152 1728 1410 1789 egregium
1430 1723 1608 1777 Christi
1637 1723 1984 1782 confessorem,
2007 1724 2289 1775 defunctum
2314 1727 2492 1776 laudat.
2518 1725 2718 1789 (Baron.
2749 1741 2827 1776 an.
2848 1727 2957 1786 818,
2989 1741 3037 1776 ιι.
3064 1727 3166 1790 25.)

319 1835 435 1888 Οὐκ
473 1832 697 1897 ἀπαθῶς
731 1834 827 1886 καὶ
857 1835 1020 1903 ἡμεῖς
1062 1834 1112 1886 οί
1143 1832 1390 1886 ταπεινοὶ⁵
1423 1831 1740 1902 ἐδεξάμεθα,
1772 1824 1816 1882 ὧ

1993 1833 2101 1887 Nec
2131 1848 2231 1887 nos
2271 1833 2503 1888 humiles
2533 1835 2652 1888 sine
2684 1835 2890 1898 dolore,
2923 1835 3018 1899 fili,
3048 1835 3366 1905 accepimus
3396 1850 3488 1891 sa-

247 1925 461 1987 τέκνον,
493 1925 592 1994 τὴν
618 1924 769 1995 ἱεράν
789 1925 1046 1993 κοίμησιν
1075 1923 1332 1976 Ἰακώϐου
1368 1923 1461 1976 τοῦ
1487 1921 1818 1993 ὁμολογητοῦ

247 2013 508 2086 Χριστοῦ,
551 2013 644 2065 καλ⁸
683 2013 839 2083 ἡμῶν
884 2013 1113 2082 ἀδελφοῦ
1160 2012 1480 2081 ἁξιεράστου
1507 2028 1519 2040 ·
1572 2010 1686 2065 ἀλλ’
1727 2008 1820 2066 οῦν

249 2101 369 2152 οὐδὲ
421 2100 795 2170 άπεριχαρῶς.
855 2100 928 2154 Τὸ
971 2102 1186 2172 πρῶτον
1227 2101 1315 2154 διὰ
1365 2101 1426 2154 τὸ
1455 2103 1820 2172 πνευματικὸν

249 2191 499 2262 φίλτρον·
525 2192 577 2244 τί
605 2193 712 2262 γὰρ
744 2192 777 2263 ἢ
809 2193 944 2256 υἱὸς,
977 2193 1072 2246 καὶ
1097 2192 1211 2255 υίὸς
1239 2192 1576 2264 τηλικοῦτος,
1607 2190 1668 2248 οῦ
1706 2195 1817 2263 ἐγὼ

247 2282 336 2337 διὰ
361 2287 458 2348 τᾲς
490 2285 761 2354 ἁμαρτίας
787 2284 906 2336 οὐδὲ
936 2287 1065 2347 παῖς
1103 2284 1385 2337 καλεῖσθαι
1421 2285 1604 2353 ἄξιοςς
1649 2286 1722 2339 Τὸ
1763 2286 1821 2339 δὲ

249 2373 338 2427 διὰ
368 2373 468 2446 τὴν
492 2375 703 2441 ἐλπίδα,
747 2374 948 2441 μᾶλλον
977 2375 1035 2428 δὲ
1063 2376 1152 2428 διὰ
1192 2376 1253 2429 τὸ
1278 2375 1570 2443 λυσιτελὲς,
1606 2379 1699 2432 καὶ
1725 2379 1821 2450 οὐχ

251 2465 408 2535 ἡμῶν
451 2467 630 2536 μόνον,
658 2459 731 2519 ὧν
756 2465 831 2528 ὡς
858 2465 1016 2536 μέλος
1042 2466 1244 2537 κόσμος
1274 2466 1418 2536 ἱερὸς
1456 2467 1819 2523 καθίστασθαι

251 2559 494 2624 πέφυκεν
514 2575 527 2588 ·
550 2557 684 2610 ἀλλὰ
710 2557 817 2629 γὰρ
844 2558 939 2611 καὶ
970 2557 1150 2628 πάσης
1176 2557 1276 2625 τῆς
1300 2557 1395 2611 τοῦ
1422 2558 1557 2612 Θεοῦ
1594 2560 1821 2632 Ἐκκλη-

253 2647 392 2708 σίας.
428 2647 493 2700 Τί
522 2648 632 2718 γὰρ
667 2649 768 2702 οἴει
815 2649 907 2702 τὸν
953 2649 1157 2719 άνδρα;
1183 2648 1299 2702 ἀλλ’
1334 2649 1817 2722 ὃύχὸμολογητήνς

249 2738 365 2791 ἀλλ’
410 2739 532 2808 οὐχὶ
589 2740 870 2810 μάρτυρας
925 2739 1041 2794 ἀλλ’
1084 2741 1181 2810 οὐχ
1220 2742 1395 2807 ὃσιον;
1442 2742 1538 2797 Ἐκ
1574 2744 1821 2814 νεότητος

252 2829 486 2911 ᾕθλησεν
509 2831 843 2902 ἀσκητικῶς,
870 2818 1448 2902 ὑποταγεὶς’ἐννόμως,
1473 2834 1614 2888 κατὰ
1631 2834 1820 2889 παθῶν

253 2921 664 2993 ἀνδρισάμενος,
707 2921 979 2994 παρθένον
1022 2922 1084 2975 τὸ
1129 2923 1286 2993 σῶμα
1329 2925 1593 2991 φυλάξας,
1621 2925 1687 2978 δι’
1719 2926 1821 2978 ὐπ-

250 2998 552 3084 ωπιασμῶν
584 3015 926 3086 ἐγκρατικῶν
956 3014 1048 3068 καὶ
1079 3014 1458 3085 δουλαγωγιῶν
1477 3034 1490 3048 ·
1540 3017 1712 3080 οὓτως
1741 3016 1817 3081 ὡς

250 3103 439 3172 ἐτυχεν
462 3104 676 3169 ἐσθίων;
706 3104 876 3169 οὕτως
903 3104 1194 3172 καθεύδων,
1219 3105 1298 3159 ἔτι
1328 3106 1606 3175 ὑγιαίνων.
1636 3108 1710 3171 ὼς
1733 3107 1814 3172 ξε·

250 3194 418 3258 νίζειν
447 3196 572 3258 τοὺς
599 3196 844 3266 ὁρῶντας
876 3197 1285 3268 ὑποχωρητικδς
1312 3197 1390 3262 ὡς
1421 3198 1489 3252 τά
1511 3200 1702 3263 πολλὰ,
1729 3201 1814 3270 ἐφ’

1923 1941 2070 1980 cram
2112 1924 2496 1982 dormitionem
2537 1926 2722 1981 Jacobi
2775 1927 3113 1982 confessoris
3159 1925 3383 1992 Christi,
3437 1937 3494 1982 et

1923 2017 2172 2072 amabilis
2200 2016 2383 2072 fratris
2420 2020 2612 2083 nostri,
2637 2035 2737 2074 nec
2763 2035 2927 2090 porro
2959 2021 3078 2076 sine
3118 2021 3323 2075 latitia.
3354 2021 3489 2076 Illud

1921 2111 2137 2180 quidem
2193 2125 2258 2165 ex
2319 2110 2586 2179 spirituaii
2651 2110 2842 2164 affectu
2874 2129 2887 2164 :
2920 2111 3048 2182 quid
3110 2111 3256 2166 enim
3287 2112 3377 2167 ille
3404 2111 3491 2167 ni-

1923 2202 1969 2256 si
2016 2202 2176 2264 iilius,
2210 2210 2264 2255 et
2308 2201 2432 2257 talis
2493 2201 2633 2256 ﬁlius
2683 2202 2843 2271 cujus
2872 2216 2976 2271 ego
3016 2213 3235 2272 propter
3267 2213 3491 2274 peccata

1926 2309 2043 2347 mea
2079 2309 2144 2347 ne
2184 2293 2326 2348 filius
2368 2295 2586 2363 quidem
2614 2295 2721 2348 dici
2765 2295 3055 2349 merebar?
3091 2295 3194 2350 hoc
3220 2311 3348 2350 Vero
3377 2296 3490 2366 spei

1924 2400 2087 2440 causa
2119 2386 2199 2439 vel
2242 2385 2503 2440 utilitatis
2533 2404 2546 2440 :
2581 2401 2681 2440 nec
2708 2395 2908 2441 nostra:
2938 2386 3223 2448 duntaxat,
3255 2401 3488 2456 quormn

1924 2477 2016 2531 ille
2060 2477 2206 2531 velut
2245 2477 2549 2531 membrum
2596 2492 2752 2532 sacer
2802 2486 3030 2532 ornatus
3060 2479 3281 2531 futurus
3325 2477 3490 2530 erat?

1921 2583 2108 2623 verum
2139 2569 2301 2622 etiam
2340 2570 2508 2623 totius
2547 2566 2640 2622 Dei
2674 2567 2951 2623 Ecclesiae.
2982 2565 3124 2633 Quid
3149 2566 3328 2621 enim?
3354 2580 3492 2636 qua.

1922 2659 2026 2714 lem
2071 2661 2247 2713 virum
2316 2661 2550 2716 censes?
2608 2675 2787 2715 annon
2851 2657 3254 2715 confessorem?
3302 2670 3489 2711 annon

1926 2752 2259 2822 martyrem?
2285 2767 2465 2806 annon
2503 2753 2802 2807 sanctum?
2832 2753 2877 2807 A
2905 2751 3092 2821 primis
3119 2749 3278 2804 annis
3313 2750 3366 2802 in
3398 2763 3490 2803 as-

1922 2843 2106 2898 ceticze
2134 2844 2256 2898 vitae
2288 2844 2566 2900 laboribus
2593 2845 2880 2899 desudavit
2924 2843 3163 2914 legitime
3207 2840 3483 2905 subditus,

1925 2935 2212 2996 obediens,
2249 2935 2513 2991 adversus
2540 2936 2709 2991 animi
2741 2945 2924 2990 motus
2955 2933 3186 2988 viriliter
3213 2946 3484 3003 pugnans,

1924 3025 2309 3095 incorruptum
2350 3042 2555 3097 corpus
2584 3026 2970 3082 amictionibus
2999 3025 3339 3087 custodiens,
3360 3023 3489 3091 qui-

1922 3116 2024 3172 bus
2048 3117 2181 3171 illud
2222 3119 2554 3184 continebat,
2611 3129 2666 3173 et
2710 3119 2762 3173 in
2822 3119 3143 3173 servitutem
3178 3115 3482 3185 redigebat,

1918 3210 2036 3265 sine
2063 3210 2276 3266 delectu
2316 3213 2611 3267 comedens
2640 3219 2695 3267 et
2732 3212 3013 3267 dormiens
3040 3227 3164 3267 cum
3191 3211 3371 3265 adhuc
3401 3225 3491 3264 sa-

247 3286 372 3340 6σον
397 3281 508 3339 οἷόν
530 3303 612 3350 τε,
638 3286 732 3339 καὶ
757 3287 837 3351 εἰς
866 3288 1057 3341 ἐαυτὸν
1080 3289 1504 3361 ἐπαναγόμενος,
1528 3291 1816 3347 κάντεῦθεν

1916 3316 2022 3356 nus
2049 3312 2218 3369 esset,
2245 3303 2317 3357 ita
2336 3312 2398 3358 ut
2422 3303 2474 3357 in
2495 3303 2912 3358 admirationem
2935 3313 3152 3372 raperet
3172 3303 3484 3356 intuentes:

250 3375 466 3447 πτερῶν
495 3377 682 3430 ἐαυτὸν
715 3377 852 3448 πρὸς
880 3379 969 3432 τὸν
996 3380 1246 3451 οὐράνιον
1276 3380 1474 3452 ἔρωτα.
1506 3383 1617 3436 Καὶ
1642 3384 1715 3454 μή
1733 3401 1816 3448 τις

1921 3405 2197 3446 secessum
2231 3388 2420 3448 coiens
2451 3401 2509 3446 ut
2536 3392 2831 3462 plurimum
2864 3401 2920 3446 et
2942 3390 3122 3461 quoad
3151 3397 3387 3460 poterat,
3434 3396 3490 3444 et

248 3467 523 3538 νομίσειεν
548 3470 985 3525 ύποπλάττεσθαί
1021 3489 1087 3542 με
1116 3471 1471 3543 ψυχαγωγίας
1501 3473 1686 3527 ἕνεκεν
1710 3474 1816 3528 τῶν

1916 3483 2156 3552 seipsum
2184 3484 2476 3554 colligens,
2509 3494 2672 3554 atque
2700 3485 2764 3539 ad
2794 3485 3069 3541 caelestem
3099 3498 3340 3542 amorem
3359 3481 3486 3536 inde

249 3559 555 3613 ἀκουόντων
579 3559 771 3628 λόγους
791 3576 806 3592 ’
835 3561 1046 3632 μάρτυς
1068 3562 1200 3626 Θεὸς
1232 3563 1325 3616 καὶ
1357 3565 1385 3617 6
1417 3564 1629 3617 ἐκείνου
1659 3567 1819 3619 παιδο

249 3651 463 3719 αγωγὺς
502 3651 795 3715 Λουκιανὸς
823 3654 851 3706 6
888 3654 1051 3723 ίερὸς,
1077 3654 1178 3708 κᾶν
1215 3654 1631 3726 δυσανέγερτοςο
1665 3657 1724 3721 ἐξ
1755 3650 1817 3710 οὗ

251 3760 343 3812 μοι
365 3742 459 3796 καὶ
479 3743 510 3813 ἡ
532 3743 638 3796 τῶν
663 3744 1041 3813 ἀγνοουμένων
1061 3745 1312 3815 δήλωσις.
1339 3745 1521 3800 Ταῦτα
1541 3747 1616 3811 ὡς
1641 3749 1814 3802 ἰνδαλ-

253 3834 330 3902 μά
357 3853 409 3888 τι
440 3834 644 3904 σχέδιον
667 3835 765 3904 τῆς
794 3835 1099 3906 ἀσκήσεως.

1916 3587 2236 3645 assurgens.
2278 3575 2356 3630 Ac
2387 3592 2454 3630 ne
2495 3576 2617 3645 quis
2672 3576 2788 3631 haec
2823 3592 2853 3631 a
2895 3591 2981 3631 me
3041 3574 3169 3646 fingi
3208 3573 3487 3630 existimet

1915 3663 2084 3718 animi
2117 3665 2290 3735 gratia
2323 3676 2545 3736 prapter
2593 3666 2714 3720 illos
2743 3659 2836 3734 qui
2885 3667 3001 3720 haec
3033 3665 3294 3720 audient:
3326 3663 3485 3717 testis
3515 3652 3528 3668 ’

1911 3761 1996 3807 est
2021 3753 2183 3820 Deus,
2210 3765 2266 3811 et
2301 3757 2396 3827 qui
2424 3757 2544 3826 ejus
2574 3757 2900 3826 paedagogus
2955 3755 3059 3809 fuit
3098 3769 3254 3809 sacer
3284 3751 3485 3805 Lucia-

1916 3859 2041 3910 nus,
2093 3849 2342 3915 quamvis
2387 3863 2532 3917 aegre
2587 3847 2812 3918 produci
2850 3847 3046 3916 possit,
3099 3859 3129 3898 a
3187 3860 3296 3914 quo
3348 3843 3481 3898 mihi

248 3943 441 3984 eorum
478 3946 598 4001 quae
627 3929 937 3987 nesciebam
973 3930 1113 3987 facta
1144 3933 1454 4003 explicatio.
1531 3934 1710 4006 Atque
1766 3936 1884 3991 hac
1920 3941 2069 3996 velut
2121 3943 2256 3998 rude
2324 3943 2595 4013 quoddam
2662 3943 2936 4013 specimen
3005 3939 3258 3995 ascetica'.
3321 3938 3485 3992 disci-

250 4021 430 4091 plinze.

337 4116 459 4168 Ἐπὶ
487 4116 542 4168 δὲ
575 4116 672 4186 τῆς
700 4115 987 4187 ὁμολογίας
1043 4117 1206 4170 πόσον
1251 4119 1342 4172 καὶ
1372 4118 1554 4189 ἡλίκον
1586 4119 1809 4191 θέατρον

250 4207 482 4277 ἐγενήθη
508 4207 600 4258 καὶ
624 4207 873 4275 ἀγγέλοις
898 4206 991 4259 καὶ
1012 4206 1336 4277 ἀνθρώποις.
1367 4210 1429 4260 Ὢ
1454 4208 1551 4275 τῆς
1573 4209 1809 4279 εὐθύμου

251 4297 350 4349 καὶ
396 4296 674 4365 θεοφιλοῦς
717 4297 978 4367 καρδίαςι
1020 4296 1265 4368 εἰσῆλθεν
1299 4300 1379 4362 εἰς
1407 4300 1468 4352 τὸ
1498 4301 1708 4353 στάδιον
1735 4299 1811 4362 ὡς

253 4387 489 4466 Χριστοῦ
521 4388 877 4458 στρατιώτης,
901 4388 1226 4456 ἁδείλαντος,
1257 4390 1532 4461 άτρέμας’
1564 4391 1809 4446 ἐντεῦθεν

1988 4122 2044 4176 In
2081 4120 2426 4176 confessione
2454 4131 2634 4176 autem
2676 4130 2936 4191 quantum
2983 4127 3037 4173 et
3077 4117 3237 4187 quale
3275 4125 3483 4185 specta-

1914 4211 2093 4265 culum
2126 4209 2301 4264 factus
2326 4219 2410 4264 est
2451 4219 2506 4264 et
2537 4211 2744 4280 angelis
2778 4219 2832 4263 et
2862 4207 3172 4262 hominibus
3199 4206 3211 4257 !
3245 4202 3289 4258 Ο
3317 4219 3480 4274 gene-

1914 4316 2099 4357 rosum
2134 4303 2349 4372 Deoque
2378 4303 2603 4356 charum
2635 4302 2764 4356 cori
2814 4302 3094 4370 Ingressus
3131 4308 3213 4354 est
3242 4297 3476 4352 stadium

1914 4403 2170 4462 tanquam
2200 4391 2402 4446 Christi
2435 4394 2590 4449 miles
2617 4392 2957 4461 impavidus,
2997 4389 3299 4461 intrepidus
3342 4407 3354 4443 :
3391 4388 3479 4443 hic

253 4470 348 4534 καὶ
391 4479 638 4533 ἐντεῦθεν
675 4481 724 4532 οἱ
771 4481 1038 4550 ὑπηρέται
1088 4481 1182 4535 τοῦ
1237 4482 1458 4545 σκότους
1508 4483 1810 4548 κατέξαναν

1916 4491 1967 4535 et
2006 4483 2133 4537 inde
2165 4482 2515 4536 tenebrarum
2567 4481 2800 4536 ministri
2845 4489 2993 4549 terga
3039 4480 3359 4533 verberibus
3398 4479 3475 4532 la-

251 4575 372 4634 ταῖς
425 4571 659 4640 πληγαῖς
718 4570 880 4636 νῶτα,
936 4573 1149 4643 στέρνα,
1207 4573 1534 4643 βραχίονας’
1590 4575 1808 4647 ἐξέχεαν

1916 4565 2160 4638 uiarunt,
2193 4585 2435 4642 pectora,
2469 4573 2728 4628 brachia:
2764 4571 3089 4641 sanguinem
3127 4571 3429 4626 hauserunt
3456 4611 3471 4634 ,

251 4662 479 4730 αἵματα,
506 4663 775 4732 ύπέτεμον
812 4663 1036 4731 σάρκας,
1068 4664 1256 4718 εἴασαν
1297 4666 1376 4728 είς
1407 4668 1510 4737 γῆν
1540 4668 1808 4738 ἐρριμμέ-

251 4769 342 4804 νον
369 4752 459 4805 τὸν
486 4754 658 4820 ᾰγιον,
687 4754 761 4823 μὴ
791 4755 1090 4824 προέμενον
1115 4757 1263 4826 ῥῆμα
1288 4757 1571 4827 ἀριστερὸν
1594 4758 1654 4811 τὸ
1683 4759 1809 4813 καθ-

251 4841 398 4904 όλου,
427 4841 565 4895 ἀλλὰ
605 4842 821 4913 θεοτελῆ
852 4844 948 4914 τὴν
981 4845 1280 4914 μαρτυρίαν
1319 4844 1637 4914 ποιούμενον
1713 4847 1808 4900 καὶ

249 4929 422 4984 ταῦτα
463 4931 600 5001 ὑπὲρ
651 4931 884 5002 Χριστοῦ
928 4932 1022 4986 τοῦ
1060 4933 1187 4985 Υίοῦ
1231 4934 1322 4986 τοῦ
1360 4935 1492 4987 Θεοῦ
1544 4938 1635 4989 καὶ
1671 4935 1805 4989 Θεοῦ

251 5025 284 5092 ἡ
292 5021 428 5090 μῶν.
453 5023 525 5075 Τὸ
545 5023 653 5093 γάρ
679 5040 746 5075 πε
753 5024 808 5094 pi
829 5025 925 5095 τῆς
943 5025 1105 5094 ἁγίας
1126 5024 1288 5078 αὑτοῦ
1319 5025 1524 5088 εἰκόνος
1543 5027 1803 5092 ἐναθλεῖν,

251 5114 391 5184 ύπέρ
420 5112 584 5166 αὐτοῦ
609 5115 815 5167 ἐκείνου
843 5117 961 5169 ἐστὶ
992 5117 1308 5186 μαρτυρεῖν.
1353 5115 1806 5174 Ἀκουσάτωσαν

249 5201 456 5270 πρᾳεῖς
498 5203 594 5256 καί
630 5203 1134 5273 εὐφρανθήτωσαν
1155 5222 1168 5236 ·
1205 5206 1617 5274 χορευσάτωσαν
1653 5211 1801 5278 φιλο-

253 5295 525 5362 μάρτυρες
566 5293 662 5346 καὶ
702 5294 1115 5364 γεγηθέτωσανο
1153 5297 1490 5365 αἰσχυνέσθω
1521 5299 1760 5362 διάϐολος
1786 5319 1800 5332 ·

250 5385 496 5436 πιπτέτω
525 5384 892 5454 είκονομάχων
920 5385 1103 5452 στίφος
1127 5401 1141 5416 ο
1186 5386 1250 5437 ἐκ
1283 5386 1390 5438 τῶν
1422 5386 1595 5455 ἔργων
1624 5388 1805 5457 ἀμφοο

245 5475 422 5536 τ’ἐρων
448 5473 839 5538 θεοκελεύστως
872 5477 1208 5543 ἐπιγνώσατε
1231 5476 1588 5545 ἀμ’ροτέρους.
1622 5480 1684 5530 Οἱ
1709 5479 1806 5548 μὲν

247 5564 354 5634 γὰρ
385 5565 443 5616 ού
473 5566 620 5618 τόνδε
651 5567 828 5635 μόνον,
861 5567 994 5620 ἀλλὰ
1025 5567 1133 5637 γὰρ
1163 5568 1255 5620 καὶ
1287 5567 1509 5632 πολλοὺς
1535 5570 1642 5622 τῶν
1668 5574 1807 5639 ἡμε-

250 5657 442 5728 τέρων,
473 5660 568 5712 καὶ
617 5663 715 5730 οὐχ
749 5663 1049 5732 ἡμετέρων,
1084 5661 1365 5732 ἡμετέρων
1413 5663 1458 5716 δ’
1487 5659 1577 5717 οὗν
1620 5667 1767 5735 ὅμως
1790 5683 1805 5699 ο

317 5777 337 5809 ⁷
371 5777 513 5832 Psal.
547 5793 750 5842 xxxm,
782 5779 836 5832 Ξ.
911 5778 931 5809 ⁸
957 5777 1143 5831 Matth.
1178 5795 1286 5845 vn,
1321 5778 1413 5836 20.

570 5871 828 5928 PATROL.
872 5870 984 5928 GR.
1023 5870 1238 5930 .\'Cl.\'.

1910 4681 2106 4722 carnes
2149 4665 2544 4728 conciderunt,
2590 4674 2820 4720 stratum
2867 4664 3018 4718 humi
3056 4673 3304 4719 sanctum
3346 4663 3474 4717 reli-

1909 4766 2186 4829 querunt,
2236 4771 2358 4811 cum
2413 4757 2690 4811 sinistram
2740 4771 2925 4810 vocem
2985 4755 3188 4811 nuliam
3245 4768 3473 4826 prorsus

1909 4851 2212 4912 emitteret,
2256 4848 2349 4902 sed
2381 4851 2698 4917 martyrium
2733 4846 2841 4900 Deo
2880 4857 3163 4916 acceptum
3194 4845 3470 4914 expleret,

1908 4948 1963 4995 et
1997 4943 2108 4995 haec
2140 4956 2236 5008 pro
2269 4939 2486 4993 Christo
2528 4937 2663 4992 Filio
2703 4938 2791 4992 Dei
2841 4952 2904 4992 ac
2949 4937 3057 4992 Deo
3089 4945 3296 4992 nostro.
3332 4935 3468 4989 Nam

1912 5048 2012 5104 pro
2058 5042 2246 5087 sancta
2283 5032 2404 5100 ejus
2434 5032 2667 5101 imagine
2709 5029 3027 5092 decertare,
3077 5044 3178 5098 pro
3222 5028 3340 5098 ipso
3387 5035 3472 5082 cst

1911 5129 2228 5196 martyrium
2271 5125 2375 5192 pati
2410 5141 2423 5176 :
2466 5123 2701 5179 Audiam
2735 5122 2998 5177 mansueti
3047 5129 3097 5174 et
3133 5121 3379 5174 («cientur
3403 5119 3467 5184 ’ς

1909 5216 2181 5271 exsultent
2222 5225 2520 5284 martyrum
2562 5222 2832 5268 amatores
2864 5222 2915 5266 et
2958 5212 3254 5279 tripudient
3283 5229 3298 5266 ;
3331 5225 3467 5265 con-

1904 5308 2162 5362 fundatur
2202 5305 2492 5358 diabolus:
2549 5305 2800 5359 concidat
2844 5303 3322 5358 Icouomachorum
3369 5314 3466 5356 ca-

1904 5407 2094 5461 terva,
2143 5412 2208 5450 ex
2255 5405 2609 5465 utrorumque
2666 5394 2960 5464 operibus,
3017 5394 3168 5463 juxta
3219 5394 3464 5447 divinum

1904 5491 2218 5545 mandatum
2250 5491 2293 5554 ⁸,
2327 5498 2584 5559 utrosque
2605 5491 2905 5560 agnoscite.
2928 5487 2992 5544 Hi
3012 5490 3156 5545 enim
3182 5504 3289 5543 non
3319 5489 3466 5542 hunc

1908 5583 2084 5638 solum
2116 5621 2132 5645 ,
2192 5584 2283 5636 sed
2331 5591 2387 5636 et
2431 5583 2634 5637 multos
2671 5598 2700 5636 e
2738 5582 2969 5644 nostris,
3006 5597 3069 5637 ac
3097 5595 3206 5636 non
3239 5581 3464 5644 nostris,

1907 5677 2001 5732 sed
2034 5675 2237 5731 nostris
2271 5686 2486 5742 tamen;
2529 5674 2796 5746 siquidem
2826 5687 3017 5729 omnes
3046 5687 3217 5728 unum
3265 5687 3462 5742 corpus

3042 5874 3116 5935 43
