4156 6464
704 353 842 420 1355

1898 364 1981 423 S.-
1999 362 2391 427 THEODORI
2421 364 2769 427 STUDlT/E

3821 382 3963 454 1356

701 487 897 528 sumus
942 472 997 527 in
1033 471 1257 529 Christo
1298 472 1427 531 Jesu
1483 475 1579 547 qui
1622 484 1707 533 est
1756 488 1924 547 caput
1983 479 2234 534 omnium

2384 480 2573 551 ἐπειδὴ
2602 482 2653 534 οί
2684 484 2887 548 πάντες
2930 484 2989 539 ἓν
3022 485 3179 558 σῶμα
3203 490 3262 543 ὲν
3292 491 3515 565 Χριστῷ
3554 490 3734 569 ’ἰήσοῦ
3776 501 3836 566 δς
3864 521 3961 560 κε-

702 566 911 637 pariter
945 567 1271 623 d-ivexarunt
1293 608 1309 635 ,
1341 568 1695 634 occiderunt,
1720 568 1901 625 inedia
1936 579 2240 626 enecarunt
2264 614 2279 636 ,

700 668 755 715 et
783 675 1126 730 quaecunque
1158 659 1263 714 alia
1301 669 1598 715 consecuta
1626 670 1777 717 sunt.
1823 661 1917 716 llle
1947 676 2076 717 vero
2102 678 2169 717 ex
2198 663 2281 717 di-

700 751 877 807 versis
911 751 1017 807 illis
1040 751 1362 806 vulneribus
1392 752 1659 806 membris
1688 753 1945 809 omnibus
1966 754 2200 819 solutus,
2226 764 2281 810 et

699 846 931 899 artubus
963 842 1181 898 laxatus
1206 883 1220 909 ,
1268 853 1323 898 et
1351 859 1553 915 corpus
1586 845 1967 901 acerbissimis
1994 846 2279 902 doloribus

699 934 1028 1005 chirurgiae
1066 936 1375 992 curationis
1414 936 1690 1006 subjecit,
1722 946 1778 992 et
1810 937 2019 996 fractus
2051 940 2180 994 inde
2210 940 2278 995 ad

698 1028 861 1083 finem
889 1044 1063 1099 usque
1081 1038 1342 1099 tanquam
1365 1030 1609 1100 quotidie
1634 1031 1877 1086 moriens
1899 1032 2064 1087 vitam
2088 1033 2276 1097 traxit,

693 1133 754 1174 et
780 1120 1002 1190 quidem
1035 1137 1159 1177 eum
1190 1122 1492 1191 gratiarum
1524 1123 1758 1187 actione,
1792 1134 1959 1195 atque
1989 1126 2125 1180 adeo
2150 1142 2275 1181 cum

700 1211 1033 1267 humilitate.
1070 1213 1228 1280 Quod
1270 1214 1347 1281 si,
1390 1225 1450 1269 ut
1482 1216 1710 1281 scribis,
1747 1232 1909 1271 suum
1943 1218 2107 1273 etiam
2153 1220 2277 1273 obi-

697 1306 815 1355 tum
846 1303 1139 1372 praedixit,
1176 1304 1279 1359 hoc
1313 1306 1491 1375 ipsum
1528 1315 1646 1362 erat
1681 1322 2026 1378 consequens
2054 1325 2119 1364 ex
2148 1325 2274 1364 cer-

695 1392 1014 1449 taminibus.
1048 1393 1189 1462 Quia
1213 1412 1341 1451 vero
1380 1396 1632 1465 adiecisti
1678 1400 1976 1454 maximum
2010 1402 2076 1456 ad
2107 1400 2274 1457 funus

693 1499 1026 1541 concursum
1053 1487 1223 1542 fuisse
1254 1489 1418 1543 etiam
1456 1489 1754 1545 illustrium
1790 1494 2073 1562 utriusque
2111 1510 2274 1562 gene-

692 1578 803 1643 ris;
850 1577 903 1632 id
934 1594 1152 1650 quoque
1191 1578 1322 1635 facit
1354 1582 1419 1634 ad
1462 1583 1899 1638 testificationem
1932 1601 2120 1640 eorum
2152 1602 2272 1656 qua:

691 1668 837 1725 dico.
861 1669 1047 1742 Neque
1070 1674 1214 1728 enim
1250 1674 1351 1729 nisi
1379 1673 1473 1729 Dei
1504 1686 1637 1730 nutu
1662 1678 1729 1732 ad
1763 1678 2037 1733 hominem
2071 1681 2273 1735 obscu-

692 1778 814 1817 rum
845 1764 1146 1819 secundum
1172 1781 1391 1821 carnem
1422 1767 1546 1822 talis
1574 1767 1752 1824 faetus
1776 1786 2079 1827 concursus
2100 1783 2265 1828 esset.

688 1852 782 1909 Ille
815 1855 981 1925 igitur
1008 1857 1062 1912 in
1088 1859 1288 1914 ccelum
1320 1860 1478 1927 abiit,
1509 1871 1564 1916 et
1595 1862 1881 1933 appositus
1907 1874 1990 1919 est
2014 1866 2082 1919 ad
2118 1881 2266 1921 com-

688 1944 1013 2003 militones:
1059 1956 1364 2020 auctusque
1412 1959 1496 2005 est
1538 1950 1741 2007 chorus
1779 1951 2157 2009 confessorum
2200 1972 2267 2013 ac

692 2048 994 2108 martyrum
1036 2041 1281 2110 priorum
1307 2083 1322 2107 ,
1364 2058 1431 2097 ex
1465 2057 1577 2113 quo
1614 2045 1875 2112 gaudium
1910 2056 1992 2101 est
2037 2046 2091 2101 in
2122 2050 2263 2103 coelo

684 2137 739 2181 et
766 2128 934 2183 animi
969 2129 1176 2198 laetitia,
1201 2132 1361 2202 cujus
1395 2134 1648 2202 precibus
1670 2136 1970 2203 salvemur,
2009 2137 2211 2195 fratres
2243 2159 2256 2195 :

684 2222 799 2290 ipse
832 2232 1015 2278 autem
1049 2225 1265 2295 dignam
1300 2227 1548 2296 obsequii
1602 2230 1687 2283 sui
1732 2232 2037 2287 mercedem
2072 2236 2263 2289 nanci-

682 2322 888 2369 scatur.
912 2312 1063 2370 Beati
1094 2327 1275 2372 autern
1306 2327 1360 2372 et
1392 2319 1485 2388 qui
1514 2331 1904 2388 convenerunt,
1938 2339 2127 2380 revera
2154 2326 2256 2396 pii,

681 2420 869 2458 revera
896 2415 1197 2478 martyrum
1232 2419 1542 2476 amatores,
1586 2428 1823 2481 quorum
1871 2431 1996 2486 pars
2029 2432 2155 2473 cum
2194 2434 2260 2474 80

681 2494 754 2549 sit
792 2510 957 2566 quem
996 2498 1331 2554 extulerunt.
1365 2498 1441 2555 De
1473 2503 1807 2559 venerandis
1829 2503 1948 2571 ejus
1973 2506 2221 2577 reliquiis
2241 2547 2256 2573 ,

678 2587 824 2642 sicut
857 2590 1049 2659 scripsi
1086 2590 1153 2645 de
1185 2605 1395 2648 canone
1422 2634 1437 2659 ,
1474 2593 1673 2649 faciam
1708 2597 1752 2651 si
1783 2596 2014 2652 Domino
2042 2600 2253 2667 placet:

678 2675 925 2733 Salutate
951 2682 1170 2735 invicem
1195 2682 1249 2735 in
1274 2682 1453 2737 osculo
1482 2694 1664 2738 sancto
1682 2686 1724 2741 '.
1756 2686 1971 2743 Etenim
2002 2691 2257 2746 erunibus

677 2770 939 2827 fratribus
970 2774 1084 2829 hac
1115 2773 1363 2843 legenda.
1404 2774 1616 2832 Salutat
1648 2794 1746 2834 vos
1780 2780 2036 2836 dominus
2076 2784 2255 2837 archi-

674 2861 966 2932 episcOpus
988 2904 1003 2929 ,
1054 2866 1504 2937 protopresbyter
1529 2908 1545 2932 ,
1593 2882 1915 2925 ueconomus
1935 2910 1949 2936 ,
1980 2880 2035 2926 et
2063 2872 2254 2942 reliqui

676 2952 894 3011 fratres.
927 2954 1195 3012 Dominus
1224 2958 1295 3013 sit
1321 2959 1631 3016 vobiscum.
1662 2963 1857 3017 Amen.

1041 3154 1127 3211 Cl.
1163 3182 1233 3194 -—-
1269 3153 1432 3211 Petro
1468 3156 1692 3213 Νἰεωιτ.
1727 3161 1791 3231 (⁸)

2385 571 2531 643 φαλὴ
2586 575 2807 629 πάντων
2831 592 2846 607 ·
2895 577 3158 643 ὡσαύτως
3204 582 3490 652 ᾐκίσαντο,
3531 588 3803 659 ἔκτειναν,
3850 598 3963 652 ἑλι-

2385 666 2821 736 μαγχονήσαντο,
2848 669 2946 722 καὶ
2970 669 3069 722 ὅσα
3098 670 3237 727 ἄλλα
3258 673 3469 741 τούτοις
3497 677 3766 748 ἑπόμενα.
3812 684 3874 739 '0
3903 688 3963 742 δὲ

2382 754 2493 805 ἀπὸ
2522 754 2630 807 τῶν
2649 756 3083 829 δυσφορωτάτων
3102 762 3328 818 ἐκείνων
3346 766 3570 840 πληγῶν
3592 774 3961 845 παραλυθεὶς,

2382 844 2477 898 καὶ
2500 845 2891 919 ὲξαρθρωθεὶς,
2916 852 3011 904 καὶ
3042 857 3443 925 χειρουργεῖται
3476 859 3654 925 ἀνίαις
3678 844 3965 934 δριμείαις

2380 936 2443 990 τὸ
2478 938 2658 1009 σῶμα,
2688 941 2782 995 καὶ
2814 942 3001 997 ἔκτοτε
3033 946 3194 1017 μέχρι
3215 948 3400 1013 τέλους
3433 953 3680 1007 ἐντεῦθεν
3707 958 3964 1012 διαλελυ-

2385 1029 2565 1099 μένος,
2582 1030 2658 1095 ὡς
2685 1032 3010 1106 καθημέραν
3029 1038 3389 1110 ἀποθνήσκων
3417 1043 3664 1111 διετέλει,
3693 1049 3794 1102 καί
3813 1067 3879 1119 γε
3904 1054 3965 1107 ὲν

2380 1122 2725 1195 εὐχαριστίᾳ,
2754 1126 2847 1179 καί
2872 1144 2935 1195 γε
2969 1129 3026 1181 ὲν
3059 1134 3552 1208 ταπεινοφροσύνῃ.
3576 1140 3638 1193 ΕΞ
3674 1141 3755 1205 δὲ,
3776 1144 3855 1209 ὡς
3896 1146 3963 1200 σὺ

2380 1214 2507 1285 φὴς,
2542 1217 2639 1269 καὶ
2665 1216 2756 1269 τὸν
2787 1216 3016 1274 θάνατον
3046 1222 3213 1276 αὐτοῦ
3244 1229 3639 1297 προηγόρευσε.
3672 1235 3773 1287 καὶ
3801 1238 3963 1292 τοῦτο

2379 1308 2671 1361 ἀκόλουθον
2730 1310 2840 1363 τῶν
2895 1312 3092 1369 ἄθλων.
3140 1316 3362 1389 Ἐπειδὴ
3408 1320 3464 1373 δὲ
3512 1329 3820 1393 προσεῖπας
3865 1334 3962 1385 καὶ

2377 1398 2803 1471 πολυάνθρωπον
2830 1403 3133 1478 συνδρομὴν
3162 1409 3415 1475 γενέσθαι
3448 1413 3549 1482 τῆς
3585 1417 3832 1488 κηδείας,
3863 1422 3960 1475 καί

2376 1504 2438 1557 γε
2489 1491 2598 1543 ἀπὸ
2630 1492 2739 1545 τῶν
2769 1496 3085 1564 περιφανῶν
3121 1500 3243 1552 κατ’
3270 1502 3577 1574 ἀμφότερα,
3619 1509 3701 1562 ἑτι
3734 1515 3955 1581 μαρτύ-

2378 1595 2492 1650 ριον
2536 1579 2631 1633 τοῦ
2681 1580 2862 1650 λόγου.
2898 1586 2973 1637 ού
3008 1586 3118 1656 γὰρ
3145 1586 3214 1640 ἂν
3241 1590 3321 1653 είς
3354 1591 3637 1665 ἄνθρωπον
3670 1579 3858 1670 ἀφανῆ
3894 1606 3959 1655 τὸ

2374 1672 2517 1723 κατὰ
2543 1672 2745 1742 σάρκα,
2773 1675 2822 1727 εί
2845 1675 2919 1746 μὴ
2946 1675 3081 1729 Θεοῦ
3114 1679 3315 1747 νεύσει,
3343 1684 3377 1753 ἡ
3403 1686 3625 1757 τοιαύτη
3664 1692 3955 1762 συναθροι-

2376 1779 2458 1826 σις
2488 1764 2750 1833 ἐγεγόνει.
2794 1766 3031 1834 Ἐκεῖνος
3070 1770 3170 1839 μὲν
3213 1768 3307 1826 οὖν
3348 1778 3549 1850 μετέϐη
3602 1782 3736 1851 πρὸς
3782 1786 3953 1855 αὖρα.

2303 1830 2343 1883 Β
2372 1856 2486 1920 νὺν,
2529 1830 2631 1911 καὶ
2678 1862 2979 1933 προσετέθη
3009 1830 3128 1927 τοῖς
3168 1830 3471 1938 συναθλοις,
3516 1830 3950 1948 καιὲύέηνσεΐό

2372 1949 2673 2042 χορὸς-τῶν
2710 1952 2808 2005 ἀπ’
2844 1954 3039 2019 αἰῶνος
3082 1958 3430 2033 ὁμολοητῶν
3476 1965 3573 2018 καὶ
3622 1971 3945 2042 μαρτύρων.

2388 2040 2503 2109 Ἐφ’
2529 2033 2573 2108 ᾧ
2605 2043 2748 2114 χαρὰ
2776 2045 2835 2098 ἐν
2854 2046 3067 2117 οὐρανῷ
3096 2050 3190 2102 καὶ
3217 2050 3477 2125 θυμηδίᾳ,
3508 2050 3569 2110 οὗ
3599 2033 3720 2123 ταῖς
3752 2033 3947 2133 εύ-χαῖς

2370 2132 2695 2205 σωθείημεν,
2742 2137 2987 2208 ἀδελφοί·
3018 2140 3168 2213 εὖροι
3215 2162 3276 2199 τε
3326 2147 3746 2217 μισθαποδοσίαν
3785 2132 3945 2220 ἀξίαν

2367 2225 2470 2295 τῆς
2508 2227 2663 2293 ὁσίας
2715 2230 3165 2305 ἑξυπηρετήσεως
3219 2239 3408 2294 αὐτοῦ.
3469 2245 3842 2317 Εὐλογημένοι
3884 2251 3945 2304 δὲ

2368 2318 2463 2370 καὶ
2536 2320 2587 2372 oi
2659 2324 3108 2394 συναγερθέντες,
3141 2328 3217 2392 ὡς
3262 2331 3477 2402 ἀληθῶς
3528 2336 3794 2405 εύσεόεῖς,
3865 2340 3943 2405 ὡς

2385 2408 2601 2481 ἀληθῶς
2650 2413 3057 2488 φιλομάρτυρες
3091 2436 3107 2451 ο
3174 2414 3250 2475 ὧν
3308 2427 3467 2497 μερὶς
3542 2430 3663 2499 μεθ’
3726 2427 3789 2485 οὗ
3850 2434 3941 2500 ἑξ-

2367 2502 2693 2572 εκομίσαντο
2750 2500 2879 2561 εἷεν.
2920 2508 3057 2579 Περὶ
3117 2512 3212 2567 τοῦ
3271 2518 3454 2583 τιμίου
3508 2521 3675 2574 αὐτοῦ
3744 2522 3937 2595 λειψάο

2365 2608 2481 2659 νου,
2516 2594 2592 2658 ὡς
2625 2597 2879 2668 γέγραφα
2920 2604 3051 2674 περὶ
3093 2608 3337 2673 κανόνος,
3382 2611 3432 2663 εί
3471 2612 3684 2667 εύδοκεῖ
3710 2594 3933 2689 Κύριος,

2365 2688 2599 2755 ποιήσω·
2634 2691 3015 2752 Ἀσπάσασθε
3033 2699 3347 2769 ἀλλήλους
3366 2702 3436 2757 ἐν
3456 2708 3746 2778 φιλήματι
3769 2688 3932 2781 ἁγίῳ.

2364 2777 2476 2831 Καὶ
2498 2786 2604 2851 γὰρ
2625 2784 2758 2836 πᾶσι
2779 2790 2891 2851 τοῖς
2913 2789 3161 2859 ἀδελφοῖς
3179 2792 3575 2863 ἀναγνωστέον.
3607 2777 3938 2868 Ἃσπὰζεται

2364 2870 2511 2941 ὑμᾶς
2538 2874 2566 2927 ὁ
2600 2876 2787 2944 κύριος
2811 2877 2841 2930 ὁ
2885 2880 3360 2954 ’Δρχιεπίσκοπος,
3384 2890 3413 2942 ὁ
3446 2895 3934 2965 πρωτοπρεσὸύτε-

2367 2980 2483 3035 ρος,
2524 2968 2552 3019 ὁ
2595 2968 2898 3036 οἰκονόμος,
2928 2973 3017 3025 καὶ
3050 2973 3101 3026 of
3143 2974 3319 3032 λοιποὶ
3348 2980 3587 3053 ἀδελφοί.
3626 2985 3685 3038 ὐ
3736 2986 3935 3057 Κύριος

2365 3056 2488 3126 μεθ’
2518 3057 2692 3127 ὑμῶν.
2730 3059 2923 3131 Ἀμήν.

2678 3167 2803 3225 PA'.
2826 3202 2895 3213 —
2922 3173 3122 3244 Πέτρῳ
3143 3179 3411 3249 Νικαίας.
3453 3181 3622 3260 [χιδᾘ

1627 3270 1804 3335 Lapsis
1830 3278 2029 3339 tempus
2060 3278 2121 3327 ad
2160 3282 2359 3333 modum
2380 3282 2693 3347 paenitentia
2716 3286 3014 3348 praescribit.

742 3350 818 3406 De
853 3350 1285 3424 interrogatione
1312 3352 1527 3410 Domini
1554 3358 1829 3427 prapositi
1860 3358 1963 3413 hoc
1995 3370 2249 3417 nostrum

668 3450 754 3497 est
786 3443 1077 3498 consilium
1102 3484 1118 3510 ,
1156 3452 1215 3499 ut
1255 3458 1426 3515 usque
1457 3446 1525 3501 ad
1556 3458 1783 3504 sanctos
1818 3451 2099 3519 apostolos
2135 3454 2250 3508 sol-

668 3542 866 3587 vantur
902 3548 1095 3590 omnes
1128 3550 1159 3589 a
1183 3536 1539 3607 pmnitentia,
1578 3545 1635 3592 et
1662 3539 1956 3609 participes
1998 3542 2128 3595 fiant
2161 3559 2251 3597 sa—

666 3633 1077 3680 cramentorum
1123 3642 1137 3679 :
1199 3642 1310 3681 non
1360 3635 1541 3683 tamen
1590 3636 1652 3683 ut
1708 3632 2011 3702 presbyteri
2061 3634 2247 3689 munia

666 3717 868 3772 obeant
887 3717 1200 3779 sacerdotii,
1228 3719 1405 3787 quoad
1438 3721 1729 3776 conveniat
1756 3722 2056 3777 orthodoxa
2080 3741 2247 3793 syno-

667 3808 770 3861 dus
793 3846 807 3870 .
852 3807 909 3861 in
957 3823 1065 3877 qua
1101 3809 1306 3879 integra
1350 3811 1457 3864 erit
1495 3811 1770 3869 absolutio
1804 3825 1859 3874 et
1888 3815 2043 3885 plena
2078 3818 2247 3873 animi

666 3898 875 3955 laetitia.
918 3896 977 3953 In
1014 3901 1295 3956 communi
1339 3912 1524 3958 autem
1555 3920 1782 3973 omnes,
1824 3918 1882 3962 ut
1926 3922 2245 3967 communes

665 3990 944 4054 monachi,
971 3990 1087 4046 sive
1110 3994 1284 4047 sacris
1316 3994 1514 4050 initiati
1541 3996 1657 4052 sive
1686 4014 1814 4061 non,
1850 4000 2172 4057 benedicant
2193 4011 2247 4058 et

664 4080 1099 4147 hcnedicantur,
1147 4093 1201 4137 et
1245 4095 1537 4153 precentur
1580 4095 1635 4143 et
1677 4105 1865 4159 preces
1916 4093 2241 4164 suscipiant.

666 4174 731 4230 Et
774 4176 1037 4246 quoniam
1077 4194 1296 4235 necesse
1326 4192 1409 4237 est
1455 4182 1651 4241 Missas
1697 4187 1960 4242 celebrari
2005 4198 2066 4245 ut
2096 4192 2246 4247 ordi-

664 4273 865 4320 nentur
901 4277 957 4321 et
1002 4271 1284 4341 presbyter
1322 4281 1377 4327 et
1428 4273 1725 4345 diaconus,
1767 4278 1864 4349 qui
1912 4295 2104 4337 eorum
2148 4284 2243 4354 qui

662 4360 923 4413 arcentur
954 4361 1102 4416 vices
1135 4363 1392 4432 impleant
1424 4406 1440 4431 ,
1476 4382 1710 4438 quorum
1762 4386 1874 4425 non
1912 4371 2113 4430 invidia
2147 4376 2243 4432 sed

664 4452 963 4519 gratiarum
1016 4454 1162 4508 actio
1204 4456 1558 4514 innOtescat:
1610 4463 2056 4531 quandoquidem
2105 4467 2243 4523 alter

662 4540 880 4596 alterius
902 4560 1064 4598 onera
1096 4555 1309 4613 portare
1340 4550 1383 4581 ¹⁶
1402 4550 1664 4619 jubemur
1696 4555 1874 4611 verbis
1904 4559 2237 4626 apostolicis,

2428 3366 2579 3464 _Ai’rrq
2605 3370 2643 3464 Ai)
2692 3370 2825 3464 παρ’
2853 3371 3014 3443 ἡμῶν
3055 3376 3335 3451 συμϐουλὴ
3368 3382 3508 3451 πρὸς
3536 3384 3636 3457 τὴν
3666 3389 3935 3464 ἐρώτησιν

2356 3457 2451 3513 τοῦ
2483 3461 2678 3531 κυρίου
2709 3460 3037 3533 ἡγουμένου,
3063 3467 3151 3521 ῖνα
3179 3471 3342 3542 μέχρι
3368 3474 3478 3529 τῶν
3504 3479 3677 3547 ἁγίων
3698 3457 3931 3541 datos-tt}

2354 3551 2463 3606 λων
2496 3554 2592 3607 καὶ
2620 3553 2825 3609 λυθῶσι
2857 3558 3058 3623 πάντες
3079 3560 3176 3616 τοῦ
3228 3566 3562 3639 ἐπιστιμίου,
3612 3576 3931 3645 μετέχοντες

2354 3643 2464 3697 τῶν
2493 3645 2853 3716 ἀγιασμὰτων
2877 3664 2894 3682 ο
2925 3650 2986 3703 ού
3021 3651 3203 3723 μέντοι
3228 3657 3473 3728 ἐνεργεῖν
3494 3664 3619 3725 τοὺς
3646 3643 3815 3735 ίερεῖς
3834 3670 3929 3739 τῆς

2356 3737 2677 3809 ἱερωσύνης,
2713 3739 2821 3805 lto;
2866 3742 3132 3811 ἐλεύσεως
3177 3748 3459 3819 ὀρθοδόξου
3511 3756 3750 3824 συνόδων
3800 3763 3859 3815 ἐν

2355 3829 2507 3881 πᾶσα
2557 3826 2710 3891 λύσις
2740 3832 2836 3886 καὶ
2868 3836 3015 3889 πᾶσα
3049 3836 3306 3908 θυμηδία.
3356 3840 3567 3907 Κοινῶς
3613 3846 3672 3899 δὲ
3727 3820 3928 3915 eam:

2352 3917 2426 3983 ὡς
2463 3922 2633 3975 κοινοὶ
2662 3926 2910 3996 μοναχοὶ,
2943 3928 3055 3981 εἴτε
3084 3929 3393 3999 ἱερώμενοι,
3422 3936 3531 3989 εῐτε
3559 3937 3657 4010 μὴ,
3686 3942 3929 4012 εὐλογεί-

2352 4028 2533 4068 τωσαν
2559 4015 2654 4069 καὶ
2682 4017 3135 4087 εύλογείσθωσαν,
3163 4024 3255 4075 καὶ
3280 4024 3622 4096 εύχέσθωσαν
3644 4034 3739 4086 καὶ
3763 4036 3927 4107 εὐχὰς

2351 4102 2802 4176 λαμϐανέτωσαν.
2846 4112 3061 4184 Ἐπειδὴ
3104 4112 3163 4167 δὲ
3205 4114 3500 4186 ἀναγκαῖον
3540 4123 3635 4177 καὶ
3678 4102 3925 4200 λειτουρ-

2351 4195 2477 4265 γίαν
2510 4198 2661 4254 θείαν
2689 4202 3072 4271 ἐπιτελεῖσθαι,
3106 4206 3195 4261 ἵνα
3242 4214 3591 4289 χειροτονηθῇ
3644 4218 3742 4272 καὶ
3787 4195 3926 4295 πρέ-

2353 4287 2614 4361 σϐύτερος
2666 4292 2760 4345 καὶ
2804 4291 3072 4362 διάκονος,
3122 4287 3587 4372 ἀναπληροῦντες*
3615 4307 3710 4361 τὸν

2349 4378 2459 4433 τῶν
2494 4382 2830 4453 είργομένων
2853 4399 2868 4413 °
2926 4378 3004 4439 ὧν
3036 4385 3158 4457 οὐχὶ
3200 4388 3413 4458 φθόνος,
3450 4394 3569 4448 ἀλλ’
3596 4398 3920 4471 εὐχαριστία

2348 4472 2698 4543 γνωριζέσθω
2716 4489 2731 4505 '
2755 4475 2986 4547 ἐπείπερ
3008 4479 3298 4548 ἀλλήλων
3319 4484 3391 4539 τὰ
3410 4486 3573 4555 βάρη
3592 4489 3923 4555 βαστάζειν

2346 4561 2719 4627 ἀποστολικῶς
2738 4565 3159 4639 διατεταγμεθα.
3189 4573 3327 4646 Ἤδη
3356 4575 3546 4630 τούτου
3575 4580 3922 4653 προδιομολο-

662 4628 765 4685 hoc
784 4629 898 4699 jam
933 4632 1003 4687 ah
1031 4634 1289 4689 omnibus
1328 4646 1486 4692 antea
1527 4641 1704 4708 palam
1730 4646 2049 4711 constituto,
2083 4657 2159 4713 ut,
2198 4650 2245 4705 si

662 4718 803 4744 mm
848 4737 944 4744 ,η
1397 4728 1408 4740 .
1806 4734 1818 4744 .
1883 4737 1915 4744 ..
1961 4739 1970 4744 -

2362 4654 2619 4724 γουμένου
2662 4656 2769 4711 ὑπὸ
2817 4628 3074 4714 πάντων
3120 4664 3218 4718 τοῦ
3256 4628 3327 4718 εί.
3350 4628 3919 4744 παραχωξῇᾆῖῖᾷ

659 4718 805 4776 Deus
848 4737 945 4792 per
978 4726 1352 4781 inscrutabilia
1388 4728 1617 4798 justitiae
1664 4747 1777 4788 sua:
1797 4734 2007 4805 judicia
2036 4744 2244 4810 permi-

2341 4745 2488 4801 κατὰ
2518 4746 2588 4801 τὰ
2616 4748 2911 4823 ἀθεώρητα
2939 4753 3104 4808 αὐτοῦ
3144 4756 3391 4826 κρίματα
3422 4761 3521 4833 τῆς
3548 4762 3915 4840 δικαιοσύνης,

661 4812 795 4865 serit
826 4817 1262 4884 persecutionem
1295 4819 1501 4876 iterum
1522 4823 1771 4891 excitari,
1794 4827 2035 4895 perferre
2063 4832 2243 4887 omnia

661 4918 835 4930 ..ηρ-...η
866 4906 928 4930 -.Ι
957 4918 1187 4930 ...υ-...ΑΨ
1238 4913 1359 4930 ..-Αιι
1410 4923 1422 4930 .
1802 4920 1812 4930 .
2034 4924 2043 4930 .

2362 4838 2506 4891 πάλιν
2536 4812 2779 4911 διωγμὸν
2808 4812 3113 4916 ἀναφθῆναι
3130 4861 3146 4876 ⁹
3170 4812 3346 4904 πάντα
3370 4812 3793 4930 russati};

661 4918 837 4974 usque
864 4906 930 4960 ad
957 4918 1191 4963 mortem
1236 4913 1459 4978 malint,
1491 4930 1656 4984 quam
1680 4920 1911 4987 prodere
1936 4924 2239 4980 veritatem.

659 4994 735 5048 Ita
774 5013 871 5051 nos
901 5000 1134 5057 humiles
1160 5005 1447 5068 sentimus,
1485 5016 1647 5078 atque
1672 5013 1926 5069 omnibus
1957 5018 2244 5085 responde-

657 5101 800 5141 mus.
836 5087 989 5155 Quod
1026 5109 1153 5148 vero
1185 5103 1425 5164 paterna:
1466 5100 1740 5155 sanctitati
1784 5112 1890 5158 tuae
1936 5105 2235 5177 videbitur,

656 5176 709 5231 id
742 5195 968 5249 prorsus
1001 5192 1148 5237 recto
1172 5183 1380 5251 judicio
1409 5187 1579 5258 magis
1610 5202 2057 5250 consentaneum.

1058 5295 1167 5353 Cll.
1212 5328 1270 5338 —
1300 5297 1555 5356 Euaresto
1584 5304 1701 5373 ﬁlio
1732 5307 1819 5377 (‘).

2338 4929 2525 4993 νάτου,
2548 4932 2582 5001 ἢ
2608 4934 2707 5002 τὴν
2737 4935 2993 5006 ἀλήθειαν
3018 4939 3325 5010 προδοῦναι.
3358 4942 3545 5009 Οὕτως
3567 4948 3729 5017 ἡμεῖς
3754 4953 3803 5005 οί
3825 4970 3918 5006 τα-

2339 5023 2516 5077 πεινοὶ
2551 5026 2876 5099 φρονοῦμεν,
2907 5031 3027 5083 ἐπεὶ
3058 5033 3152 5085 καὶ
3184 5036 3349 5088 πᾶσιν
3387 5038 3816 5111 ἀποκρινόμεθα’
3841 5046 3916 5111 ὡς

2341 5114 2401 5169 δὲ
2442 5117 2592 5171 δοκεῖ
2620 5122 2685 5189 τῇ
2717 5124 2955 5193 πατρικῇ
2997 5139 3087 5176 σου
3135 5125 3432 5200 ἁγιωσύνῃ,
3473 5130 3557 5201 εἴη
3599 5132 3819 5199 πάντως
3857 5137 3919 5193 τὸ

2343 5206 2639 5279 εὐκριτώτε
2650 5225 2759 5278 ρον.

2614 5320 2735 5376 PB’.
2786 5353 2857 5365 —
2885 5326 3205 5395 Εὐαρέστῳ
3226 5330 3433 5399 τέκνῳ.
3476 5335 3669 5411 [χηγ’.]

1732 5422 2019 5483 Apostatam
2038 5434 2331 5484 monachum
2360 5440 2562 5485 revocat
2586 5436 2645 5485 ad
2663 5436 2898 5487 officium.

725 5511 793 5567 Et
822 5514 971 5584 gravi
1002 5531 1204 5587 angore
1256 5528 1311 5576 et
1357 5522 1535 5579 cordis
1564 5526 1669 5581 mei
1699 5529 1951 5596 angustia
1975 5572 1989 5597 ,
2036 5534 2231 5592 addam

654 5612 709 5659 et
739 5605 1030 5677 laorymis.
1079 5610 1305 5679 epistola
1348 5613 1463 5670 hac
1509 5617 1575 5672 ad
1609 5627 1692 5683 te,
1740 5618 1908 5677 frater
1941 5640 1953 5676 :
1994 5639 2059 5683 eo
2087 5631 2231 5698 quod

723 5744 745 5776 ’
780 5743 795 5796 Ι
828 5743 973 5801 Petr.
1008 5762 1071 5812 v,
1118 5748 1202 5803 Η.
1283 5752 1325 5781 ¹θ
1358 5751 1532 5807 Galat.
1570 5770 1658 5818 v1,
1700 5754 1754 5808 2.

732 5871 791 5930 t‘)
832 5859 1189 5919 Pamnetica.

2423 5539 2517 5593 Ἐκ
2550 5542 2749 5613 πολλῆς
2807 5543 3037 5615 θλίψεως
3090 5549 3185 5603 καὶ
3236 5554 3465 5624 συνοχῆς
3510 5557 3741 5627 καρδίας
3788 5578 3906 5630 μου,

2339 5632 2635 5705 προσθείην
2679 5636 2770 5689 καὶ
2812 5636 3086 5709 δακρύων,
3119 5644 3151 5713 ἡ
3182 5643 3441 5719 ἐπιστολὴ
3488 5649 3627 5720 πρός
3662 5667 3721 5705 σε
3751 5651 3907 5725 αὕτη,
