4156 6508
94 60 519 74 ----“-

217 443 354 509 1357

1398 440 1930 502 EPISTOLARUM
2005 441 2152 501 LIB.
2195 442 2276 501 Π.

3331 433 3465 500 1358

212 551 410 622 ἀδελφέ
433 564 448 580 ο
477 549 613 603 διότι
651 549 868 620 ἀκήκοα
899 549 1190 604 ἀποθανεῖν
1226 567 1284 602 σε
1330 551 1420 604 τὸν
1465 555 1563 622 τῆς
1612 552 1794 622 ἅμαρ-

1920 552 2074 609 ιυόὶνὶ
2117 564 2170 607 te
2201 551 2406 622 peccati
2441 561 2615 605 morte
2645 559 2924 604 mortuum
2959 562 3100 604 esse.
3131 547 3296 602 Aiunt
3322 549 3470 601 enim

209 649 338 705 τίας
369 643 617 699 θάνατον.
649 642 787 697 Φασὶ
815 644 924 714 γὰρ
953 643 1400 715 ἀπορῤιψάμενον
1431 643 1492 696 τὸ
1522 644 1792 712 ὲπάγγελ-

215 757 297 810 μα
322 738 421 809 τῆς
447 737 766 808 παρθενίας,
798 737 858 789 τδ
890 735 1090 807 ἔνδυμα
1112 736 1174 788 τδ
1201 734 1577 805 εὐαγγελικδν,
1604 735 1668 789 τὸ
1702 753 1792 789 σε·

213 832 446 902 ϐάσμιον
475 830 573 883 καὶ
598 829 848 898 ἀγγέλοις
874 829 968 883 καὶ
995 826 1302 898 ἀνθρώποις
1341 828 1661 900 πολίτευμα,
1693 829 1794 882 λαο

213 922 333 976 ϐεῖν
359 939 418 975 σε
445 923 680 991 γυναῖκα
711 919 995 991 μοιχικῶς,
1021 919 1221 991 μᾶλλον
1242 920 1299 974 δὲ
1327 920 1425 991 τὴν
1449 918 1592 973 Εὔαν
1622 922 1796 974 εἰπεῖν

216 1012 570 1084 κυριώτερον.
607 1010 755 1081 Δῦτη
788 1012 897 1081 γάρ
927 1029 986 1064 σε
1027 1011 1122 1065 τοῦ
1149 1010 1478 1082 παραδείσου
1505 1011 1604 1081 τῆς
1635 1010 1797 1079 ἁγίας

217 1102 368 1172 ζωῆς
395 1103 698 1158 ἐκϐαλοῦσα
723 1104 898 1167 ἔθετο,
919 1105 998 1166 εἰς
1021 1101 1216 1166 πένθος
1245 1103 1343 1172 μὲν
1367 1103 1492 1173 ἐμοὶ
1518 1102 1593 1172 τῷ
1618 1103 1799 1173 ἁμαρ⁴

217 1194 376 1265 τωλῷ
408 1212 502 1248 σου
538 1195 727 1267 πατρὶ,
760 1196 840 1259 είς
870 1211 928 1247 τε
953 1192 1215 1264 αἰσχύνην
1246 1192 1348 1262 τῆς
1378 1192 1681 1262 ἀγγᾱικῆς
1703 1209 1796 1245 σου

217 1286 597 1356 ἀδελφότητος,
629 1286 724 1340 καὶ
761 1287 841 1350 εἰς
869 1285 1101 1355 ἔπαρσιν
1130 1286 1226 1339 καὶ
1258 1282 1487 1356 αὔχημα
1512 1283 1590 1356 τῷ
1614 1283 1798 1338 διαϐό-

219 1380 322 1452 λῳ.
353 1381 418 1434 Ὢ
462 1380 516 1434 τί
559 1381 776 1450 γέγονε;
818 1378 948 1449 cpt-:5!
992 1379 1110 1441 πῶς
1146 1396 1208 1432 σε
1237 1377 1569 1450 ἐχειρώσατο
1608 1379 1637 1430 6
1668 1377 1801 1450 δρά-

221 1489 376 1541 κων;
408 1474 488 1537 εἰς
515 1469 627 1526 οἷον
667 1471 725 1525 δέ
770 1488 828 1524 σε
865 1470 1138 1541 ἀπέρριψε
1175 1469 1340 1540 βάθος
1384 1470 1680 1536 δυσωδίας;
1730 1470 1804 1522 Τὸ

224 1565 343 1634 φῶς
394 1564 623 1634 γέγονας
683 1562 909 1626 σκότοςτ
970 1564 1005 1632 ἡ
1046 1561 1282 1632 Χριστοῦ
1328 1560 1525 1615 εὐωδία
1567 1563 1596 1615 6
1638 1550 1801 1632 ἰερδς,

228 1656 453 1728 μιαρός·
485 1657 515 1708 6
542 1654 744 1725 τίμιος,
781 1654 973 1724 ἀτιμος
992 1666 1006 1680 ’
1031 1653 1060 1705 6
1087 1643 1314 1720 ἔνδοξος,
1340 1651 1524 1717 ἄδοξος
1545 1666 1558 1680 ⁶
1585 1653 1614 1706 6
1643 1651 1806 1721 ἄσχε-

225 1766 338 1813 τος,
375 1747 452 1818 τῷ
481 1746 696 1816 δαίμονι
738 1746 1141 1817 χειροδέσμιοςο
1182 1745 1210 1797 6
1253 1744 1498 1814 φιλητὸς,
1543 1743 1803 1816 μισητόςο

1892 646 2161 715 abjecisse
2207 655 2260 700 te
2304 643 2643 714 propositum
2682 641 3051 711 virginitatis,
3095 641 3471 694 indumentum

1892 738 2262 809 evangelicum
2286 775 2302 800 ,
2338 735 2712 791 venerandum
2747 743 2801 788 et
2833 733 3040 802 angelis
3066 741 3123 787 et
3148 732 3474 788 hominibus

1893 829 2019 883 vita:
2049 827 2356 882 institutum
2381 865 2398 890 ,
2428 834 2483 880 et
2507 824 2767 880 feminam
2813 823 3084 878 adulterio
3114 823 3212 876 tibi
3247 824 3475 879 ascivis~

1896 938 1955 977 se
1980 962 1995 986 ,
2031 937 2196 992 quam
2230 920 2453 992 proprie
2493 919 2670 988 magis
2703 917 2870 972 Evam
2905 918 3087 974 dicere
3117 917 3296 972 liceat.
3352 916 3477 970 Haec

1895 1015 2040 1070 enim
2072 1025 2121 1068 te
2145 1014 2212 1068 de
2238 1023 2441 1068 sanctze
2467 1012 2593 1067 vita:
2621 1012 2880 1082 paradiso
2917 1010 3269 1066 exturbatum
3308 1024 3479 1079 expo-

1897 1108 2008 1163 suit
2040 1106 2174 1162 mihi
2203 1106 2420 1176 quidem
2450 1106 2718 1175 peccatori
2743 1102 2895 1158 Patri
2928 1113 3025 1158 tuo
3051 1103 3118 1157 ad
3149 1104 3380 1166 lttctum,
3409 1101 3478 1156 ad

1897 1195 2161 1265 pudorem
2205 1207 2335 1248 vero
2384 1192 2643 1261 angelica:
2692 1189 3132 1244 confraternitati
3175 1198 3317 1254 tuac,
3366 1191 3482 1242 dia-

1901 1288 2026 1342 bolo
2049 1296 2229 1340 autem
2255 1284 2320 1339 ad
2352 1283 2775 1339 ostentationem
2811 1291 2866 1336 et
2889 1282 3241 1351 jactantiam.
3272 1278 3316 1335 Ο
3347 1280 3481 1351 quid

1901 1379 2104 1434 factum
2138 1375 2260 1432 est?
2299 1375 2440 1430 heu!
2481 1391 2590 1446 quo
2622 1384 2780 1444 pacto
2816 1383 2867 1429 te
2912 1374 3230 1444 subiugavit
3273 1372 3484 1428 draco?

1903 1470 2060 1541 quale
2095 1479 2146 1524 te
2175 1469 2229 1523 itt
2267 1467 2455 1524 fetoris
2494 1467 2823 1537 profundum
2856 1466 3156 1522 demersit?
3187 1465 3396 1520 Lumen
3426 1467 3482 1519 in

1905 1562 2178 1627 tenebras,
2202 1560 2406 1616 Christi
2431 1561 2606 1615 bonus
2636 1563 2772 1615 odor
2795 1560 2850 1614 in
2877 1575 3043 1632 grave
3069 1558 3329 1614 olentiam
3361 1572 3484 1611 mu-

1906 1663 2052 1709 tatus
2079 1669 2178 1710 es:
2212 1668 2277 1709 ex
2325 1668 2487 1708 sacro
2520 1653 2820 1722 profanus;
2854 1667 2920 1708 ex
2955 1652 3224 1706 honorato
3255 1651 3478 1704 inhono-

1910 1753 2061 1801 ratus
2090 1787 2106 1811 ,
2173 1760 2236 1800 ex
2276 1745 2517 1814 glorioso
2545 1744 2810 1814 inglorius
2838 1784 2854 1810 ,
2916 1759 2980 1798 ex
3011 1743 3195 1798 soluto
3225 1751 3279 1796 et
3313 1741 3486 1796 libero

226 1841 290 1894 τὸ
347 1839 618 1911 πρόϐατον
683 1838 882 1912 Ἰησοῦ,
944 1835 1305 1908 θηριάλωτον.
1373 1834 1676 1908 Προσθήσω
1740 1842 1808 1890 τά

1920 1839 2240 1909 mancipium
2273 1839 2450 1893 factus
2489 1837 2735 1904 diaboli,
2791 1851 2857 1890 ex
2896 1836 3097 1892 dilecto
3134 1851 3336 1892 exosus
3362 1875 3377 1898 ,
3420 1849 3484 1887 ex

233 1907 427 2003 μείζω.
486 1933 545 1984 '(J
604 1907 964 2001 δεδιωγμένος
1003 1907 1223 1982 Ϋνὲνεκεν
1282 1927 1384 1998 τῆς
1427 1907 1802 1997 δικαιοσύνης.

1920 1907 2109 1981 Christi
2130 1942 2231 1981 ove
2257 1926 2438 1996 praeda
2465 1925 2598 1995 lupi.
2633 1924 2843 1979 Addam
2873 1926 2959 1980 his
2983 1925 3211 1996 majora.
3236 1923 3339 1991 Qui
3368 1940 3490 1994 per-

232 2021 668 2092 κατειλημμένος
718 2022 823 2075 ὐπὸ
873 2022 972 2091 τῆς
1014 2018 1327 2091 ἁμαρτίας·
1375 2020 1404 2072 6
1443 2019 1802 2092 ὁμολογητὴς,

231 2115 509 2186 ἀρνητής·
552 2113 582 2166 6
612 2113 705 2166 τὸν
742 2111 1090 2182 μακαρισμὸν
1134 2111 1223 2162 ἐπὶ
1267 2111 1511 2180 κορυφῆς
1569 2110 1643 2172 ὡς
1695 2109 1808 2164 διά-

230 2206 381 2276 δημα
431 2205 636 2275 φέρων,
667 2203 1026 2276 ἀφῃρημένος
1068 2201 1131 2254 τὸ
1169 2201 1482 2272 θαυμαστὸν
1513 2202 1683 2273 δνομα
1713 2201 1807 2256 τοῦ

234 2297 496 2370 μυναχοῦ.

304 2390 463 2458 Οἴμοι
487 2389 500 2442 !
533 2387 620 2450 τίς
649 2386 888 2450 ἀκούσας
903 2385 965 2439 οὐ
995 2384 1267 2450 στενάξειε
1293 2403 1309 2451 ;
1339 2386 1422 2449 τίς
1437 2386 1495 2438 δὲ
1524 2383 1811 2439 κατανοῶν

232 2482 296 2534 οὐ
329 2479 611 2551 φρίξειενς
646 2478 887 2549 ᾔσχυνας
925 2477 984 2530 τὸ
1018 2477 1332 2547 μοναχικδν,
1363 2477 1639 2548 ἐφόϐησας
1684 2477 1812 2540 τοὺς

233 2573 568 2644 ἑστηκότας,
600 2571 900 2633 ὲσάλευσας
928 2571 1054 2633 τοὺς
1107 2570 1461 2634 ὀκλάζοντας,
1492 2572 1646 2634 ἔπιες
1709 2589 1810 2624 πο-

233 2668 429 2736 τήριον
460 2665 711 2736 ἀνομίας,
743 2663 1002 2727 εἶλκυσας
1020 2664 1081 2716 τὸ
1103 2664 1228 2717 καθ’
1284 2664 1476 2717 ἑαυτὸν
1499 2665 1627 2728 τοὺς
1676 2667 1812 2735 ὁμο-

222 2760 424 2824 ηαγείς
452 2752 863 2822 ἀπογεύσασθαι
891 2755 987 2808 τοῦ
1018 2755 1275 2809 θανάτου.
1305 2758 1370 2809 Ὦ
1397 2757 1491 2809 καὶ
1521 2752 1679 2822 αὖθις
1724 2758 1816 2811 λέ-

237 2869 343 2919 γω,
382 2851 435 2904 τί
464 2849 738 2912 πέπονθας
769 2849 1009 2916 ὲλεεινέ;
1041 2849 1158 2913 πῶς
1190 2853 1219 2904 6
1252 2852 1564 2921 Ἐωσφόρος
1598 2853 1814 2905 ἐσκοτί-

242 2944 378 3011 σθης
405 2961 421 3008 ;
452 2943 571 3005 πῶς
598 2942 658 2995 τὸ
679 2940 1014 3013 χρησιμεῦον
1042 2941 1241 3006 σκεῦος
1293 2942 1618 3015 συνετρίϐης
1644 2962 1658 3011 ;
1715 2944 1817 2997 οὐκ

239 3029 367 3098 αἰδῇ
398 3028 502 3080 κᾶν
523 3027 582 3080 τὸ
610 3026 780 3097 ὄνομά
809 3045 927 3094 σου,
961 3030 1046 3081 ὅτι
1095 3030 1405 3100 Εὐάρεστος
1459 3032 1816 3104 καλούμενος,

243 3119 580 3187 Δυσάρεστος
620 3117 1031 3190 ἐχρημάτισαςς
1073 3121 1150 3172 Οὐ
1182 3121 1379 3192 πέρυσι
1412 3115 1545 3192 ἧκες
1583 3124 1721 3195 πρός
1750 3142 1819 3195 με

1906 2021 2244 2075 secutioncm
2279 2019 2508 2089 justitiae
2536 2034 2702 2074 causa
2734 2018 3040 2088 patiebatur
3063 2027 3300 2088 ,'captns
3333 2027 3419 2073 est
3458 2032 3488 2071 ιι

1907 2123 2159 2183 peccato;
2193 2114 2286 2183 qui
2338 2112 2625 2168 confessor
2673 2122 2835 2177 erat,
2891 2121 3035 2166 nunc
3081 2121 3339 2182 negator;
3395 2112 3491 2180 qui

1909 2206 2298 2261 beatitudinem
2334 2205 2388 2260 in
2416 2207 2621 2262 vertice
2647 2205 2792 2260 velut
2819 2204 3070 2259 diadema
3099 2204 3368 2275 gestabat,
3394 2204 3494 2257 ad-

1910 2297 2162 2351 mirando
2202 2293 2457 2352 monachi
2499 2297 2720 2352 nomine
2760 2294 3029 2362 spoliatus
3067 2305 3170 2348 est.

1985 2389 2083 2446 Hei
2116 2390 2286 2444 mihi!
2329 2390 2455 2459 quis
2491 2390 2608 2444 haec
2648 2389 2878 2443 audiens
2937 2401 3045 2441 non
3098 2384 3319 2456 gemat?
3371 2398 3497 2455 quis

1911 2483 2158 2553 cogitans
2181 2497 2287 2536 non
2321 2481 2716 2537 exhorrescat?
2739 2481 2954 2536 Pudore
2992 2478 3269 2535 suﬂ'udistl
3301 2493 3498 2532 mona-

1913 2577 2066 2639 chos,
2099 2574 2372 2628 stantibus
2405 2583 2675 2629 terrorem
2703 2573 2962 2644 injecisti,
2995 2573 3273 2643 lapsantes
3313 2570 3497 2640 impn-

1915 2667 2261 2733 listi,bibisti
2303 2666 2532 2722 calicem
2567 2667 2898 2736 iniquitatis,
2958 2664 3174 2719 traxisti
3226 2672 3495 2733 quantum

1915 2757 1969 2811 in
2005 2768 2056 2810 te
2094 2754 2197 2809 fuit
2221 2754 2406 2810 socios
2437 2764 2499 2808 ut
2522 2763 2756 2807 mortem
2789 2753 3166 2822 degustarent.
3210 2749 3254 2804 0
3296 2749 3496 2805 iterum

1915 2847 2060 2913 dico,
2095 2848 2225 2918 quid
2259 2862 2459 2917 passus
2481 2861 2566 2912 es,
2590 2844 2796 2899 miser?
2831 2843 3109 2915 quomodo
3141 2841 3385 2897 tenebris
3413 2843 3502 2895 of-

1919 2940 2077 2996 fusus
2097 2957 2178 3003 es,
2209 2938 2468 2994 Lucifer?
2498 2939 2777 3009 quomodo
2812 2953 2909 2992 vas
2939 2937 3073 2991 utile
3104 2938 3381 2993 contritus
3399 2937 3502 2991 es?

1919 3031 2030 3089 Nec
2062 3033 2239 3102 ipsum
2273 3046 2473 3084 nomen
2504 3038 2657 3083 tuum
2699 3028 2992 3094 revereris,
3023 3027 3170 3099 quod
3201 3025 3501 3082 Evarestus

1921 3139 2045 3180 cum
2079 3123 2395 3193 appelleris,
2431 3121 2760 3194 Dysarestus
2813 3121 3080 3176 evasisti?
3121 3119 3315 3175 Nonne
3353 3133 3502 3174 anno

245 3209 370 3260 ἐπεὶ
415 3209 509 3262 καὶ
564 3211 700 3280 πρὸς
735 3211 826 3263 τὸν
860 3209 1020 3280 κῦριν
1080 3210 1172 3264 τὸν
1210 3213 1641 3283 ἀρχιεπίσκοπον
1701 3217 1818 3278 ὅλος

1924 3218 2196 3288 praeterito
2219 3216 2287 3270 ad
2313 3229 2399 3270 me
2428 3214 2630 3270 venisti
2660 3222 2824 3284 atque
2875 3215 2942 3268 ad
2978 3214 3263 3268 dominum
3317 3213 3504 3266 archi-

246 3300 427 3370 ὐγιὴς,
459 3300 714 3372 εὐθυμος,
745 3303 1046 3373 πρόθυμος,
1070 3303 1208 3375 ὑπὲρ
1231 3305 1314 3357 ἑτέ
1326 3321 1418 3375 ρου
1441 3307 1641 3377 μᾶλλον
1669 3308 1824 3360 ἁδελ-

246 3396 350 3460 φοῦ
369 3414 462 3451 σου
480 3415 554 3450 πα
563 3397 853 3468 ρακλήτωρ
870 3399 963 3451 καὶ
980 3400 1292 3472 ἀνορθωτής
1312 3420 1326 3467 ;
1349 3402 1466 3466 πῶς
1481 3402 1722 3467 ὲξέλιπες
1744 3404 1826 3470 ἐξ·

248 3488 418 3543 ἀπινα
434 3505 449 3554 ;
467 3489 584 3554 πῶς
601 3490 1027 3561 άπετυφλώθης;
1050 3491 1166 3556 πῶς
1185 3496 1331 3564 ὴμνη
1341 3493 1579 3564 μόνησας
1589 3495 1680 3547 καὶ
1691 3493 1825 3549 Θεοῦ

248 3584 347 3636 καὶ
377 3582 553 3652 ήμῶν,
586 3582 696 3636 τῶν
721 3600 781 3636 τε
800 3583 1561 3656 προηνυσμένωνάσκητικῶν
1600 3603 1694 3639 σου
1726 3587 1824 3639 πό-

248 3691 358 3728 νων
387 3676 479 3728 κα“ι
498 3674 737 3746 ἱδρώτων
757 3690 771 3705 ·
805 3675 925 3750 ἐπεὶ
943 3672 1008 3746 ἧς
1023 3675 1114 3728 καὶ
1144 3677 1248 3730 τῶν
1265 3677 1571 3750 χρησίμων,
1602 3680 1697 3732 καὶ
1721 3679 1828 3731 τῶν

249 3771 312 3823 ὲν
340 3771 460 3831 ταῖς
501 3768 900 3837 ὑπερεχούσαις
928 3768 1232 3834 διακονίαις
1265 3772 1652 3841 τεταγμένωνς
1692 3768 1828 3825 Εἶτα

249 3859 347 3926 τίς
385 3858 560 3930 μικρὰ
589 3859 866 3931 προσϐολὴ
887 3860 980 3914 τοῦ
1037 3861 1256 3933 ἐχθροῦ,
1312 3862 1583 3931 ἐπιθυμία
1627 3863 1828 3932 ἔχουσα

255 3951 358 4020 μὲν
390 3950 467 4021 τῷ
489 3949 666 4006 δοκεῖν
693 3952 888 4020 γλυκὺ,
927 3953 1310 4023 συνειλιγμένη
1343 3953 1401 4006 δὲ
1428 3953 1668 4024 διστόμῳ
1722 3971 1831 4024 μα⁴

253 4041 444 4114 χαίρᾳ,
470 4037 537 4113 ἦς
566 4043 664 4114 τῆς
693 4045 920 4115 πικρίας
946 4044 1101 4096 οὐδὲν
1160 4044 1579 4114 χολωδέστερον,
1627 4046 1828 4118 δραξα-

255 4135 396 4204 μένη
428 4150 486 4186 σε
516 4137 828 4206 κατήγαγεν
862 4135 938 4194 ὡς
958 4136 1052 4188 ἀπ’
1082 4136 1316 4209 οὐρανοῦ
1339 4138 1439 4209 τῆς
1469 4139 1682 4210 ὑψηλῆς
1740 4157 1829 4193 πο-

253 4226 480 4290 λιτείας,
513 4226 756 4280 δείκνυσι
777 4227 834 4280 δὲ
867 4226 1003 4280 ὡσεὶ
1033 4229 1380 4300 τραυματίαν
1413 4230 1743 4286 καθεύδοντα
1772 4235 1830 4287 ὲν

253 4315 432 4399 τάφῳ.
465 4316 530 4370 Τί
556 4317 663 4386 γάρ
699 4315 828 4370 ἀλλο
862 4318 1012 4371 ἐστὶν
1042 4314 1183 4373 εἶναι
1205 4321 1300 4373 τὸν
1355 4321 1414 4374 ὲν
1445 4323 1511 4393 τῇ
1560 4323 1828 4394 ἁμαρτίᾳ,

257 4407 294 4478 ἦ
351 4408 409 4459 ὲν
437 4405 643 4478 φθορᾷς
675 4405 914 4462 Οὐτίπου
943 4409 1062 4478 φῶς
1104 4410 1313 4481 νοερὸν,
1372 4413 1598 4484 οὐδεμία
1654 4415 1829 4481 ἐλπὶς,

255 4499 484 4570 οὐδεμία
504 4499 778 4572 γλυκύτης
813 4501 1014 4573 ψυχῆς,
1073 4503 1303 4576 οὐδεμία
1347 4505 1623 4578 διανόησις
1685 4508 1828 4580 ἰερά,

1931 3309 2250 3378 episcopum
2289 3318 2435 3362 totus
2469 3322 2659 3373 sanus,
2690 3306 2852 3360 hilari
2889 3307 3076 3360 animo
3104 3313 3158 3360 et
3186 3305 3377 3370 alacri,
3407 3317 3506 3374 pro

1927 3401 2098 3454 altero
2129 3400 2292 3454 etiam
2319 3397 2487 3454 fratre
2512 3407 2609 3454 tuo
2651 3399 2972 3469 deprecator
2997 3408 3052 3454 et
3079 3399 3331 3453 erector?
3356 3397 3506 3461 Ono-

1928 3492 2092 3546 modo
2139 3500 2364 3561 repente
2397 3489 2699 3546 defecisti?
2731 3490 3011 3562 quomodo
3061 3501 3369 3546 excaecatus
3410 3490 3508 3546 es?

1927 3582 2208 3655 quomodo
2239 3582 2331 3637 Dei
2356 3583 2561 3639 oblitus
2579 3599 2638 3639 es
2660 3593 2716 3639 et
2749 3585 2966 3640 nostri?
2988 3593 3422 3654 exactOrumque
3450 3586 3506 3638 in

1928 3676 2162 3732 ascetica
2211 3677 2321 3730 vita
2392 3675 2643 3730 laborum
2712 3676 3108 3746 sttdorumque,
3163 3677 3509 3747 quandoqui-

1928 3768 2050 3823 dem
2080 3783 2202 3824 eras
2234 3769 2379 3824 inter
2408 3769 2597 3834 utiles,
2642 3779 2848 3839 eOSque
2874 3769 2928 3823 in
2961 3769 3155 3838 primis
3187 3768 3509 3825 ministeriis

1929 3861 2330 3931 fungebantur?
2350 3861 2488 3927 Quid
2525 3870 2648 3930 post
2675 3861 2828 3916 haec?
2857 3860 3032 3916 Parva
3065 3861 3241 3917 hostis
3274 3862 3509 3932 impres-

1929 3954 2034 4019 sio,
2086 3954 2356 4024 cupiditas
2393 3954 2578 4022 specie
2637 3953 2858 4023 quidem
2910 3953 3255 4009 dulcedinem
3314 3954 3510 4022 praefe-

1927 4061 2076 4113 rens,
2105 4046 2200 4102 sed
2223 4044 2453 4116 ancipiti
2483 4045 2664 4115 gladio
2697 4045 2987 4114 implicita,
3014 4047 3175 4116 cujus
3213 4047 3512 4101 acerbitate

1929 4138 2066 4193 nihil
2105 4137 2368 4202 amarius,
2394 4136 2677 4206 abreptum
2703 4147 2753 4192 te
2783 4137 2979 4206 dejecit
3001 4147 3260 4208 tanquam
3284 4138 3350 4192 de
3373 4139 3512 4193 cteln

1929 4232 2160 4287 excelsae
2210 4230 2673 4295 conversationis,
2735 4231 3086 4301 ostenditque
3135 4232 3284 4288 velut
3336 4232 3512 4302 plagis

1931 4335 2190 4380 onustum
2224 4326 2274 4379 in
2308 4325 2563 4394 sepulcro
2595 4324 2977 4379 dormientem.
3013 4324 3153 4392 Quid
3183 4326 3329 4380 enim
3363 4325 3513 4379 aliud

1931 4429 2016 4472 est
2049 4418 2101 4469 in
2138 4425 2361 4481 peccato
2409 4430 2533 4470 esse
2590 4429 2756 4484 quam
2794 4415 2850 4469 in
2898 4415 3114 4471 morte?
3157 4413 3376 4470 Nullum
3399 4417 3509 4485 jam

1933 4511 2114 4564 lumen
2144 4510 2488 4574 intellectus,
2523 4509 2669 4564 nulla
2703 4524 2849 4577 spes.
2903 4509 3048 4563 nulla
3097 4509 3343 4565 suavitas
3392 4511 3512 4563 ani-g

257 4592 396 4646 ἀλλά
423 4593 517 4660 νὺξ
550 4595 760 4668 βαθεῖα,
779 4595 940 4665 μύσις
966 4597 1061 4650 τοῦ
1080 4599 1670 4672 διανοητικοῦ,δαγμὺς
1696 4619 1818 4672 καρ-

1935 4613 2057 4662 mae,
2090 4599 2238 4654 nulla
2267 4614 2425 4654 sacra
2451 4600 2714 4670 cogitatio
2745 4615 2758 4652 :
2790 4600 2883 4655 sed
2909 4599 3181 4671 profunda
3204 4616 3333 4666 nox,
3358 4613 3514 4656 inen-

257 4684 467 4747 διακδς,
497 4686 662 4754 φόϐος
697 4687 910 4741 καὶτοῦ
943 4688 1222 4759 τυχόντος,
1274 4694 1331 4743 ὲν
1354 4691 1430 4760 τῷ
1461 4692 1705 4765 βορϐόρῳ
1733 4712 1832 4746 κυ-

258 4774 549 4831 λινδεῖσθαι
579 4778 946 4849 καθεκάστην,
981 4779 1114 4834 ώσεί
1143 4797 1196 4835 τι
1261 4781 1636 4853 ἰλυσπώμενον
1692 4787 1833 4838 κνώ-

259 4871 438 4925 δαλον.
471 4871 536 4924 Τί
565 4873 859 4942 εἰργάσατο
894 4877 923 4928 6
944 4874 1156 4944 δαίμων
1184 4891 1199 4941 ;
1237 4875 1288 4928 τί
1322 4893 1382 4928 σε
1438 4877 1769 4932 ἀπετέλεσεν
1800 4879 1834 4950 ή

264 4963 690 5033 παγκατάρατος
715 4965 1014 5037 ὲπιθυμία;
1040 4967 1106 5020 δι’
1130 4961 1198 5039 ἦς
1228 4968 1338 5021 ἀπὸ
1395 4967 1486 5022 τοῦ
1532 4970 1726 5035 αίῶνος
1785 4972 1835 5024 οἰ

262 5055 626 5125 ἠπατημένοι,
659 5056 782 5110 οὐδὲ
832 5058 901 5112 τὰ
950 5057 1183 5113 ἐνταῦθα
1237 5061 1651 5131 κεκερδάκασιν,
1699 5063 1837 5116 ἀλλὰ

263 5148 359 5199 καὶ
391 5148 458 5200 τά
490 5149 716 5219 οὐράνια
738 5149 1048 5214 ἀπώλεσαν,
1082 5151 1139 5205 ἓν
1157 5151 1663 5226 κληρονομήσαντες
1678 5154 1838 5227 μόνον

263 5237 326 5289 τὸ
356 5237 468 5310 πῦρ
495 5240 556 5291 τὸ
589 5239 831 5294 αἰώνιον.

351 5331 510 5384 Ἀλλά
536 5333 716 5402 δεῦρο,
749 5335 831 5387 υἰὲ
861 5353 984 5406 μου,
1017 5336 1376 5408 ἀνακλήθητι,
1412 5338 1564 5394 καλῶ
1618 5357 1677 5393 σε
1733 5341 1840 5394 ἀπὸ

267 5421 478 5492 βαθέων
512 5427 740 5496 καρδίας
795 5446 918 5499 μου,
967 5431 1077 5483 ἀπὸ
1129 5430 1451 5501 σπλάγχνων
1506 5431 1840 5504 ὲμπυριζόν-

264 5532 375 5568 των
407 5533 474 5586 με
504 5531 520 5547 ⁸
556 5519 748 5588 ἐπειδὴ
781 5521 814 5591 ἡ
845 5521 912 5591 σὴ
939 5522 1065 5585 δόξα
1091 5523 1218 5594 ἐμὴ,
1259 5523 1333 5587 ὡς
1397 5524 1494 5577 καὶ
1542 5524 1775 5595 ἔμπαλιν
1805 5528 1839 5598 ἡ

268 5610 520 5678 αἰσχύνη.
553 5610 743 5681 Δεῦρο,
777 5613 1114 5685 ἐξεγέρθητι,
1144 5619 1173 5668 ὁ
1220 5615 1422 5687 Κύριος
1483 5619 1804 5673 κεκέλευκεν
1825 5637 1840 5652 ο

273 5701 355 5754 οὐ
380 5701 468 5770 μὴ
491 5703 766 5771 μνησθῶ,
799 5709 954 5777 φησὶ,
989 5707 1105 5762 τῶν
1132 5709 1392 5780 ἀνομιῶν
1408 5726 1544 5767 σου.
1581 5714 1687 5768 Καί
1707 5731 1718 5744 ο
1747 5715 1840 5780 Μὴ

345 5878 390 5912 ¹¹
422 5878 529 5934 lsa.
567 5899 718 5947 mu,
752 5885 845 5938 25.

1936 4695 2006 4749 tis
2037 4694 2363 4755 obstructio.
2417 4701 2473 4748 et
2506 4692 2690 4749 cordis
2719 4707 2958 4756 morsus.
3018 4709 3083 4748 ac
3123 4693 3291 4747 timor
3345 4709 3410 4748 ex
3456 4709 3516 4746 re

1938 4788 2229 4858 qualibet:
2270 4788 2324 4842 in
2365 4802 2527 4843 caeno
2546 4788 2758 4843 versari
2811 4786 3053 4852 assidue,
3118 4788 3265 4843 velut
3313 4789 3516 4843 animal

1941 4881 2229 4950 quodpiam
2266 4882 2319 4934 in
2370 4879 2489 4934 luto
2538 4894 2599 4934 se
2652 4880 2928 4934 volutans.
2966 4878 3109 4946 Quid
3143 4890 3407 4950 operatus
3433 4890 3519 4934 est

1940 4970 2200 5024 daemon?
2231 4969 2362 5040 quid
2413 4968 2512 5024 tibi
2551 4971 2786 5024 contulit
2835 4972 3173 5025 exsecranda
3205 4970 3520 5040 cupiditas?

1941 5080 2039 5134 per
2066 5078 2228 5133 quam
2264 5063 2358 5133 qui
2389 5063 2458 5117 ab
2495 5078 2612 5118 aevo
2654 5064 2865 5133 decepti
2892 5063 3064 5129 fuere,
3098 5079 3275 5132 neque
3305 5079 3367 5118 ea
3397 5080 3520 5133 qnze

1945 5157 2032 5211 hic
2053 5167 2177 5211 sunt
2225 5157 2643 5219 lucrifeccrunt,
2671 5165 2724 5210 et
2751 5157 2991 5212 caelestia
3041 5157 3298 5220 amisere,
3349 5172 3518 5210 unum

1944 5249 2120 5305 solum
2161 5249 2477 5304 haereditate
2507 5250 2847 5320 possidentes
2875 5251 3053 5318 ignem
3086 5258 3374 5306 aeternum.

2018 5342 2218 5399 Verum
2273 5342 2381 5397 huc
2427 5342 2578 5407 ades,
2641 5341 2714 5396 fili
2755 5342 2829 5396 mi
2865 5359 2879 5397 :
2911 5343 2980 5396 ab
3011 5343 3122 5396 imo
3170 5344 3336 5398 corde
3385 5358 3522 5397 voco

1949 5448 2020 5503 te,
2051 5452 2117 5492 ex
2135 5435 2439 5490 visceribus
2471 5450 2557 5489 me
2587 5436 3058 5490 intlammantibus
3087 5437 3380 5506 :quoniam
3407 5437 3522 5505 glo—

1947 5532 2026 5585 ria
2056 5539 2171 5595 tna,
2204 5526 2374 5598 gloria
2409 5541 2528 5580 mea
2558 5535 2678 5580 est:
2715 5527 2857 5581 sicut
2886 5527 3118 5584 dedecus
3155 5543 3186 5583 e
3218 5531 3520 5583 contrario.

1949 5627 2080 5692 Age,
2102 5619 2504 5689 expergiscere,
2536 5617 2798 5675 Dominus
2824 5620 3010 5688 jussit.
3034 5619 3156 5674 Non
3183 5621 3520 5685 recordabar,

1952 5714 2145 5784 inquit,
2176 5709 2513 5780 iniquitatum
2546 5718 2756 5764 (uarum
2798 5711 2861 5767 “.
2899 5711 2963 5768 Et
2995 5731 3010 5767 :
3043 5713 3296 5783 Nunquid
3315 5711 3403 5780 qui
3431 5727 3521 5765 ca-
