4156 6476
685 390 823 453 1359

1879 394 1942 452 S.
1985 390 2375 453 THEODORI
2415 389 2762 453 STUDI'I‘A!

3814 393 3963 459 1360

674 506 778 569 dit,
819 519 921 556 non
964 505 1190 574 resurgit
1229 504 1318 557 "?
1357 504 1466 559 Et:
1533 503 1652 559 Vidi
1686 506 1812 577 quia
1868 508 2037 562 tristis
2086 508 2265 561 ambu-

2372 510 2404 560 ό
2442 508 2676 561 πίπτων
2701 508 2812 561 οὐκ
2838 506 3190 570 ἁνίσταται;
3214 506 3326 559 Καί
3349 522 3365 537 ο
3396 502 3576 562 εἶδον
3600 505 3689 561 ὅτι
3721 511 3962 578 πορεύῃ

674 596 759 650 las
793 595 856 646 υ.
894 595 961 649 Et
996 614 1009 651 :
1047 595 1359 651 Remedium
1388 606 1537 651 tuum
1566 599 1818 653 contritio
1838 611 1935 652 tua
1972 600 2036 651 “.
2072 598 2152 654 En
2174 602 2269 655 bo-

676 702 806 742 num
825 689 1016 753 Deum,
1034 704 1100 743 en
1124 690 1394 745 medicum
1411 691 1838 747 misericordem.
1862 691 2065 763 Utique
2077 709 2174 747 oro
2194 702 2267 755 te,

676 779 750 832 ﬁli
773 795 789 845 ;
815 780 957 835 filius
977 781 1124 835 enim
1144 797 1299 837 meus
1321 797 1403 848 es,
1423 784 1641 839 tametsi
1660 794 1947 841 moortuus
1962 801 2043 852 es;
2065 800 2132 839 ne
2148 801 2270 856 per-

679 888 901 930 maneas
930 874 981 928 in
1008 886 1274 945 peccato:
1308 877 1629 948 dirumpens
1658 880 1911 950 dirumpe
1940 880 2266 949 quantocius

679 964 908 1021 innexos
953 965 1101 1019 tibia
1134 965 1353 1022 diabolo
1391 966 1683 1024 funiculos:
1706 979 1760 1023 et
1782 979 2039 1039 tanquam
2065 969 2265 1023 classa

680 1070 980 1125 exsurgens
1002 1057 1213 1111 transili
1236 1042 1289 1111 in
1310 1058 1637 1113 admirabile
1655 1059 1832 1113 lumen
1867 1060 2111 1128 pristina:
2142 1058 2266 1111 vita:

681 1154 806 1198 tnze.
847 1144 911 1198 Et
941 1161 1040 1215 ego
1075 1158 1125 1202 te
1156 1148 1369 1217 supinis
1429 1150 1685 1205 manibus
1732 1150 2149 1219 excipiam,non
2173 1165 2271 1202 ex-

678 1238 944 1304 probrans
969 1241 1061 1293 sed
1089 1241 1489 1297 commiserans
1511 1262 1522 1297 :
1544 1258 1652 1296 non
1684 1257 1991 1312 aggravans
2021 1242 2263 1295 medica-

680 1337 865 1382 menta
899 1330 1261 1397 pmnitentite,
1293 1332 1387 1386 sed
1440 1332 1650 1389 leniens
1694 1332 1787 1386 illa
1826 1339 1881 1387 et
1908 1331 2110 1386 leviora
2141 1332 2264 1385 red-

678 1419 816 1475 dens
878 1422 1055 1489 quoad
1109 1423 1227 1476 lieri
1271 1425 1493 1492 poterit.
1542 1422 1729 1493 Itaque
1762 1422 1984 1487 festina,
2040 1423 2260 1489 festina,

679 1511 1004 1581 priusquam
1043 1522 1265 1583 repente
1295 1514 1478 1568 veniat
1507 1513 1867 1568 inexorabilis
1891 1514 2136 1583 angelus,
2159 1514 2263 1567 mi-

681 1604 977 1658 serandum
1009 1604 1063 1657 in
1101 1604 1321 1659 modum
1357 1616 1407 1659 te
1434 1606 1715 1660 abducens
1748 1620 1779 1660 e
1801 1620 2052 1675 corpore,
2086 1617 2140 1661 et
2192 1607 2260 1661 ad

679 1710 898 1763 poenam
932 1697 1269 1752 transferens
1300 1698 1715 1768 sempiternam.

1050 1811 1179 1867 CIII.
1207 1842 1277 1853 —
1306 1811 1561 1884 Gregorio
1584 1815 1899 1884 pra'posito.

2376 602 2660 667 στυγνός.
2689 598 2835 652 Καί·
2868 600 3045 667 Ἰαμα
3065 598 3132 651 τὸ
3156 598 3494 667 σύντριμμά
3524 613 3663 653 σου.
3687 599 3793 652 Ἴδε
3819 600 3963 662 Θεὸς

2373 689 2601 758 ἀγαθὸς,
2631 688 2707 742 τδε
2737 688 2921 761 [ατρὸς
2955 690 3225 759 ἐλεήμων.
3246 690 3354 742 Ναὶ
3381 688 3702 759 δέομαίσου,
3735 690 3959 742 τέκνονι

2373 780 2565 833 τέκνον
2591 780 2698 850 γάρ
2726 797 2827 851 μου
2867 774 2940 846 εί,
2970 779 3074 834 κᾶν
3096 778 3497 851 ἀποτέθνηκας.
3531 780 3622 851 Μὴ
3645 780 3965 851 ἀναμένῃς

2374 874 2469 927 ἐπὶ
2500 876 2568 944 τῇ
2620 874 2865 945 ἁμαρτίᾳ
2896 888 2909 903 ·
2963 874 3311 944 διαρρήσσων
3342 874 3629 945 adponam
3666 876 3825 946 τάχει
3885 877 3961 927 τὰ

2376 968 2766 1035 συμπλακέντα
2795 983 2877 1019 σοι
2933 966 3038 1019 ὑπὸ
3084 966 3177 1018 τοῦ
3207 966 3453 1019 διαϐόλου
3481 966 3686 1035 σχοινία
3710 983 3725 997 ο
3750 969 3845 1020 καί⁸
3874 967 3960 1028 ὡς

2372 1059 2481 1112 ἀπὸ
2509 1058 2702 1129 βόθρου
2733 1058 2994 1123 ἀναστὰς,
3036 1059 3421 1127 μεταπήδησον
3443 1060 3521 1121 είς
3553 1058 3613 1111 τδ
3634 1056 3960 1127 θαυμαστόν

2375 1170 2469 1205 σου
2497 1154 2597 1220 τῆς
2621 1151 2890 1221 προτέρας
2946 1152 3169 1220 ἀγωγῆς
3200 1150 3337 1219 φῶς.
3404 1149 3574 1217 Κάγὼ
3609 1166 3667 1202 σε
3724 1150 3959 1213 ὑπτίαις

2372 1248 2561 1318 χερσὶν
2602 1246 2954 1316 ὑποδέξομαι,
2997 1247 3097 1299 οὑκ
3132 1246 3411 1308 ὀνειδίζων
3440 1244 3555 1297 ἀλλ’
3607 1244 3903 1313 οἰκτείρων
3935 1259 3953 1273 ο

2370 1340 2432 1394 οὑ
2491 1339 2742 1411 βαρύνων
2776 1341 2844 1391 τὰ
2877 1339 3144 1409 φάρμακα
3170 1337 3269 1407 τῆς
3294 1336 3599 1405 μετανοίας,
3634 1334 3959 1405 summa,

2370 1431 2510 1485 αὑτὰ
2560 1431 2834 1498 κουφίζων
2861 1430 2983 1483 ὅσον
3008 1424 3120 1482 οἷόν
3165 1446 3244 1482 τε.
3293 1428 3467 1495 Καίγε
3498 1427 3751 1493 σπεῦσον,
3778 1426 3959 1479 σπεῦ-

2371 1538 2461 1575 σον
2486 1522 2618 1592 πρὶν
2641 1521 2674 1591 ἢ
2706 1520 2950 1589 ἀφνίδιον
2964 1519 3316 1572 ἐπελεύσεται
3345 1521 3373 1571 ὁ
3395 1517 3664 1588 ἀπότομος
3693 1516 3954 1586 ἄγγελος,

2370 1612 2618 1675 ἐλεεινῶς
2655 1628 2713 1664 σε
2746 1610 2997 1681 χωρίζων
3018 1610 3110 1663 τοῦ
3143 1611 3414 1680 σώματος,
3469 1611 3566 1663 καὶ
3625 1612 3705 1671 είς
3765 1609 3958 1680 κρίσιν

2368 1706 2586 1759 αἰώνιον
2636 1707 2813 1775 ἀποφέ
2821 1724 2950 1777 ρων.

2578 1818 2699 1871 Pl".
2722 1846 2793 1858 —-
2820 1820 2870 1870 Γ
2866 1820 3122 1888 pri-repit,»
3150 1820 3480 1888 ἡγουμένῳ.
3535 1817 3729 1891 [χκς-’.Ῑ

1676 1927 1742 1979 Ut
1758 1928 1901 1990 gregi
1926 1940 2033 1987 suo,
2067 1927 2178 1977 boni
2220 1933 2430 1988 pastoris
2450 1932 2703 1992 exemplo,
2726 1930 2973 1993 invigilet.

748 2040 866 2094 Jam
900 2040 997 2095 tibi
1023 2039 1179 2109 juxta
1204 2038 1625 2109 promissionem
1651 2040 1976 2110 scripsimus
1998 2051 2261 2111 tanquam
2296 2057 2338 2113 Β

680 2132 793 2187 lilio
818 2141 1034 2199 nostro,
1076 2140 1135 2186 ut
1166 2146 1381 2201 gregem
1413 2133 1509 2201 qui
1542 2131 1669 2186 istic
1698 2140 1783 2187 est
1838 2134 2137 2201 prudenter
2171 2152 2262 2204 pa-

680 2240 803 2280 scas
852 2226 1154 2281 secnndnm
1196 2224 1416 2279 Domini
1468 2235 1824 2295 praeceptum.
1865 2225 2000 2279 nihil
2031 2235 2259 2295 prater-

680 2318 901 2373 mittens
932 2333 1120 2373 eorum
1152 2332 1275 2386 qua:
1298 2317 1367 2371 ad
1418 2316 1650 2370 fratrum
1707 2317 1998 2372 utilitatem
2049 2319 2261 2373 condu-

682 2418 830 2463 cant.
862 2408 1075 2464 Etenim
1100 2410 1145 2464 si
1179 2410 1225 2463 is
1255 2410 1345 2463 cui
1386 2418 1641 2478 expertes
1676 2409 1909 2463 rationis
1957 2425 2089 2466 oves
2134 2420 2264 2466 sunt

683 2502 993 2557 commissae
1020 2516 1126 2555 non
1156 2502 1357 2555 dormit
1386 2501 1480 2557 sed
1503 2500 1715 2571 vigilat,
1746 2516 1847 2555 nec
1877 2516 2067 2556 curam
2093 2502 2264 2557 inter-

682 2593 871 2659 mittit,
904 2594 997 2648 sed
1029 2605 1189 2648 nocte
1221 2593 1418 2663 dieque
1456 2603 1628 2647 certat
1658 2610 1724 2647 ne
1769 2609 1876 2664 qua
1929 2595 2012 2649 vel
2059 2609 2091 2649 a
2133 2593 2263 2650 feris

683 2688 953 2757 rapiatur,
984 2687 1067 2741 vel
1107 2686 1339 2755 impasta
1374 2694 1470 2741 aut
1504 2686 1795 2741 macilenta
1822 2696 2072 2753 maneat;
2097 2687 2191 2742 sed
2210 2695 2264 2742 et

684 2779 835 2835 fures
864 2780 1187 2834 aclatrones
1214 2779 1489 2842 observat,
1524 2789 1578 2832 et
1612 2777 1757 2833 feras
1798 2780 1985 2849 abigit,
2016 2791 2071 2834 et
2092 2796 2261 2850 pecu-

684 2872 785 2929 des
814 2870 1030 2934 edatur,
1063 2879 1119 2926 et
1146 2879 1271 2925 ante
1321 2870 1442 2925 illas
1479 2869 1735 2939 gradiens
1768 2881 1982 2939 postum
2020 2871 2099 2925 illi
2131 2886 2263 2941 pro-

682 2972 861 3027 curat,
883 2964 1183 3034 requietem
1226 2978 1397 3033 prope
1434 2978 1607 3033 aquas
1649 2973 1703 3018 et
1751 2963 2072 3019 umbracula
2114 2963 2262 3019 desi-

682 3070 862 3127 gnans
887 3097 903 3123 ,
932 3066 986 3111 et
1006 3056 1110 3111 alia
1130 3069 1473 3125 quaecunque
1496 3055 1681 3110 videre
1740 3068 1825 3111 est
1877 3057 1931 3111 in
1990 3057 2143 3123 virga
2168 3071 2265 3127 pa-

685 3149 901 3203 storitia
939 3165 953 3201 :
985 3147 1116 3218 quid
1146 3156 1201 3201 et
1230 3156 1495 3217 quantum
1520 3156 1606 3202 est
1629 3148 1676 3202 si
1707 3149 1793 3203 cui
1825 3149 2019 3219 obtigit
2047 3151 2264 3205 anima-

684 3254 808 3296 rum
832 3255 1021 3295 curam
1055 3254 1243 3307 gerere
1271 3256 1285 3293 :
1310 3255 1547 3309 quarum
1588 3242 1815 3311 sanguis
1850 3242 1896 3296 si
1940 3258 2050 3312 quo
2099 3244 2263 3300 modo

683 3331 1016 3397 effundatur,
1040 3332 1107 3387 de
1132 3333 1388 3388 manibus
1409 3332 1531 3402 ejus
1560 3334 1893 3403 requiretur,
1938 3335 2084 3391 sicut
2118 3337 2260 3392 scri-

2443 2044 2583 2113 Ἥδη
2625 2041 3024 2110 ὲπεστείλαμέν
3087 2058 3169 2093 σοι
3208 2042 3348 2093 κατὰ
3385 2042 3484 2110 τὴν
3518 2041 3815 2111 ὑπόσχεσιν
3870 2042 3955 2106 ὡς

2365 2135 2621 2205 ἡμετέρῳ
2661 2134 2762 2204 υίῴ
2791 2133 3100 2202 ποιμαίνειν
3151 2132 3213 2184 τὸ
3271 2131 3464 2184 αὑτόοι
3516 2133 3771 2203 ποίμνιον
3827 2132 3954 2204 μετ’

2364 2229 2675 2297 ἐπιστήμης
2710 2230 2829 2280 κατ’
2858 2226 3077 2296 ἐντολὴν
3108 2224 3204 2279 τοῦ
3241 2226 3473 2295 Κυρίου,
3535 2226 3703 2296 μηδὲν
3762 2244 3955 2297 παρα-

2366 2318 2658 2388 θεωροῦντι
2691 2319 2799 2370 τῶν
2835 2318 3217 2371 συντεινόντων
3246 2318 3326 2380 είς
3358 2316 3625 2386 ὠφέλειαν
3652 2317 3764 2373 τῶν
3792 2318 3958 2372 ἀδελ-

2364 2412 2501 2479 φῶν.
2532 2411 2593 2462 Ei
2625 2410 2735 2478 γὰρ
2761 2409 2789 2460 ὁ
2814 2410 2883 2462 τὰ
2915 2410 3089 2477 ἄλογα
3140 2410 3391 2481 πρόόατα
3451 2410 3839 2480 ἰμπιστευθεὶς
3886 2411 3954 2464 οὐ

2365 2505 2617 2558 καθεύδει
2642 2503 2757 2556 ἀλλ’
2786 2505 3081 2573 ἀγρυπνεῖ,
3108 2505 3228 2558 οὐδὲ
3262 2502 3478 2573 ἀμελεῖ,
3512 2502 3651 2557 ἀλλὰ
3686 2504 3957 2558 πυκτεύει

2365 2594 2583 2664 νύκτωρ
2612 2594 2704 2647 καὶ
2744 2594 3089 2664 μεθημέραν,
3121 2596 3261 2665 μήτε
3297 2594 3639 2665 θηριάλωτόν
3668 2610 3725 2649 τι
3776 2596 3957 2666 ἔργά·

2367 2686 2563 2740 σασθαι
2592 2702 2607 2715 ⁸
2633 2688 2707 2755 μή
2730 2702 2787 2738 τε
2805 2686 3100 2739 ἀλίπαντον
3132 2701 3146 2715 ·
3180 2685 3317 2738 ἀλλὰ
3348 2686 3442 2739 καὶ
3467 2686 3706 2749 κλέπτας
3730 2686 3830 2740 καὶ
3856 2688 3957 2759 λη-

2367 2778 2498 2843 στάς
2531 2781 2889 2841 κατααοπεῖ,
2922 2779 3016 2831 καὶ
3066 2777 3241 2847 θῆρας
3265 2776 3547 2840 ἀποσοὸεἴ,
3584 2778 3676 2831 καὶ
3704 2778 3956 2847 προσλα-

2364 2871 2447 2923 λεῖ
2477 2873 2589 2934 τοῖς
2619 2870 2920 2942 Θρέμμασι.
2954 2869 3065 2923 Καὶ
3098 2868 3410 2939 εμπροσθεν
3470 2870 3654 2923 αὑτῶν
3713 2870 3953 2939 πορευό-

2368 2962 2648 3031 μενοςτὰς
2703 2962 2913 3033 τροφὰς
2963 2961 3147 3025 αὑτοῖς
3218 2962 3609 3032 περιποιεῖται,
3667 2961 3755 3031 ἐφ’
3803 2960 3954 3033 ὕδωρ

2364 3049 2727 3107 ἀναπαύσεως
2755 3050 2851 3103 καὶ
2883 3049 3137 3103 σκιαδίων
3174 3049 3521 3121 περιορίζων,
3556 3052 3650 3103 καὶ
3685 3052 3791 3105 ὅσα
3812 3052 3955 3107 ἄλλα

2368 3139 2522 3194 εστιν
2551 3141 2686 3213 ὁρᾷν
2711 3142 2770 3193 ὲν
2797 3144 3132 3211 ποιμαντικῇ
3168 3142 3350 3212 ῥάϐδῳ
3376 3156 3392 3171 ·
3431 3142 3485 3195 τί
3509 3142 3593 3195 δεῖ
3627 3144 3722 3195 καὶ
3752 3145 3949 3211 πόσον,

2365 3228 2507 3287 εἶναι
2539 3233 2647 3286 τῶν
2674 3232 2862 3303 ψυχῶν
2893 3232 3128 3303 λαχόντα
3155 3238 3482 3297 προστατείν
3510 3250 3525 3265 ·
3553 3227 3631 3288 ὧν
3689 3234 3751 3287 τὸ
3805 3231 3951 3306 αἷμα

2366 3326 2416 3379 εί
2456 3326 2601 3379 κατὰ
2620 3341 2675 3377 τι
2694 3323 2915 3395 ,ἀμιγὲς
2944 3325 3169 3392 γίνοιτο,
3192 3326 3257 3377 ὲκ
3286 3325 3398 3378 τῶν
3421 3326 3625 3398 χειρῶν
3651 3325 3822 3380 αὑτοῦ
3855 3328 3951 3380 ικ-

684 3434 837 3493 ptum
873 3434 955 3479 est
988 3424 1055 3476 ¹⁸.
1099 3422 1293 3479 Insiste
1325 3397 1457 3496 ergo
1486 3424 1554 3478 de
1591 3397 1811 3489 caetero,
1844 3397 1944 3489 lili,
1986 3424 2042 3479 in
2082 3426 2262 3497 gregis

2368 3414 2755 3488 ζητηθήσεται,
2776 3415 2919 3470 καθὰ
2951 3397 3584 3489 γέγραπται.Ἐπίστηθι
3621 3416 3717 3474 οὖν
3735 3420 3948 3486 λοιπὸν,

684 3514 1005 3585 ριάιίεοιιιιε
1030 3515 1319 3586 diligenter
1344 3515 1637 3586 invigilans
1666 3530 1679 3566 :
1717 3531 1852 3571 sana
1877 3516 2148 3584 infirmos,
2169 3533 2261 3573 re-

685 3605 793 3661 duc
817 3615 1090 3669 errantes,
1116 3607 1362 3670 bortare,
1399 3606 1656 3670 admone,
1702 3622 1895 3662 revoca
1927 3612 1995 3673 in,
2024 3617 2262 3664 mentem

684 3697 1020 3767 promissum
1050 3698 1118 3753 iis
1150 3715 1374 3767 regnum
1412 3700 1505 3769 qui
1541 3709 1597 3752 ut
1625 3700 1777 3753 decet
1816 3710 2039 3755 sanctos
2063 3702 2260 3755 ambu-

686 3791 822 3856 lant,
861 3799 1023 3860 atque
1054 3805 1117 3844 ex
1166 3793 1397 3845 adverso
1451 3790 1769 3846 indesinens
1825 3790 2156 3861 supplicium
2195 3792 2264 3846 iis

686 3881 778 3951 qui
804 3882 1053 3936 vitiosam
1088 3882 1253 3937 vitam
1305 3892 1517 3953 agunt:
1572 3882 1639 3939 Ut
1676 3885 1897 3952 teipsum
1949 3884 2052 3939 hoc
2103 3893 2263 3954 pacto

684 3974 890 4029 salvum
920 3976 1089 4047 facias
1122 4014 1139 4038 ,
1196 3986 1244 4029 et
1283 3992 1370 4030 eos
1411 3978 1500 4044 qui
1532 3986 1581 4030 te
1624 3976 1849 4030 audiunt
1883 3977 1948 4034 ¹⁶.
1973 3977 2075 4043 Qui
2117 3984 2266 4029 amat

686 4067 931 4122 studiose
966 4067 1237 4136 castigat:
1274 4066 1367 4137 qui
1415 4076 1600 4121 autem
1662 4068 1787 4121 odio
1829 4067 2011 4135 habet,
2057 4082 2265 4138 susque

685 4159 863 4229 deque
891 4160 1077 4213 omnia
1109 4159 1312 4212 habere
1363 4160 1619 4214 subditos
1674 4160 1827 4214 sinit.
1872 4160 1977 4214 Sed
2027 4170 2084 4214 et
2142 4176 2260 4223 vos,

689 4250 889 4306 fratres
918 4261 971 4305 et
1000 4251 1096 4305 filii
1140 4256 1193 4305 in
1233 4252 1485 4316 Domino,
1520 4260 1697 4306 estote
1726 4253 1874 4308 sicut
1900 4267 2051 4316 oves,
2072 4268 2263 4306 aman-

689 4355 769 4399 tes
796 4344 916 4413 ejus
935 4354 1203 4413 prtecepta
1236 4361 1293 4398 se
1307 4360 1485 4409 rvare,
1508 4354 1562 4399 et
1585 4347 1942 4399 monasticam
1979 4347 2143 4398 vitam
2173 4346 2268 4399 du-

686 4451 815 4491 eere
846 4452 954 4490 non
991 4438 1333 4491 saecularem.
1366 4435 1482 4491 Una
1515 4438 1853 4493 sitvoluntas
1877 4439 2142 4502 omnium,
2172 4453 2266 4492 cor

690 4544 885 4593 unum,
932 4529 1119 4585 anima
1178 4545 1308 4595 una,
1363 4546 1472 4584 non
1525 4546 1707 4585 meum
1760 4541 1814 4585 et
1854 4539 2031 4594 tuum,
2081 4530 2265 4585 omnia

689 4618 1023 4683 communia,
1059 4618 1239 4671 omnia
1280 4618 1481 4671 munda
1518 4634 1612 4687 per
1652 4618 2075 4674 confessionem.
2110 4617 2267 4683 Quod

2363 3501 2410 3561 ὧ
2440 3508 2648 3571 τέκνον,
2676 3508 2971 3579 γρηγορῶν
3010 3510 3076 3579 τῇ
3140 3507 3503 3580 ποιμνιαρχίᾳ
3538 3524 3554 3538 ο
3612 3509 3762 3563 ίασαι
3817 3514 3951 3574 τοὺς

2364 3598 2763 3672 ἠσθενηκότας,
2797 3600 3096 3673 ἐπίστρεφε
3130 3602 3258 3665 τοὺς
3318 3601 3791 3672 πεπλανημένους,
3842 3622 3950 3657 πα-

2368 3694 2617 3766 ρακάλει,
2644 3693 2910 3759 νουθέτει,
2954 3695 3346 3767 ὑπομίμνησκε
3372 3695 3474 3767 τὴν
3528 3695 3949 3768 ἐπηγγελμένην

2367 3786 2646 3857 βασιλείαν
2674 3788 2788 3850 τοῖς
2813 3787 3168 3857 ἁγιοπρεπιῖις
3199 3790 3608 3859 πορευομένοις,
3637 3790 3731 3843 καὶ
3752 3790 3821 3843 ἐκ
3848 3789 3948 3843 τοῦ

2365 3876 2612 3931 ἐναντίου
2646 3875 2745 3945 τὴν
2773 3876 3133 3946 ἀτελεύτητον
3158 3878 3342 3948 κρίσιν
3361 3880 3475 3942 τοῖς
3505 3880 3771 3948 ἐμπαθῶς
3827 3881 3949 3935 δια-

2366 3965 2533 4033 ζῶσιν
2562 3985 2579 4002 ⁸
2632 3969 2767 4023 ἰνα
2792 3968 2982 4041 οὕτως
3005 3969 3104 4023 καί
3133 3971 3397 4024 σεαυτὸν
3426 3972 3656 4040 σώσῃς,
3686 3974 3948 4041 καὶτοὺς

2365 4060 2700 4127 ἀκούοντάς
2732 4076 2873 4114 σου.
2902 4039 2979 4113 ’⁸0
3008 4061 3262 4127 ἀγαπῶν,
3291 4062 3568 4131 ἐπιμελῶς
3594 4063 3843 4116 παιδεύει
3871 4081 3887 4096 ο

2365 4151 2423 4204 δὲ
2464 4152 2663 4220 μισῶν,
2693 4153 2755 4222 ἐᾷ
2784 4152 3100 4223 ἀδιαφορεῖν
3128 4154 3256 4216 τοὺς
3283 4154 3606 4225 ἑπομένους.
3655 4156 3820 4209 Ἀλλὰ
3852 4159 3947 4211 καὶ

2367 4244 2544 4314 ὑμεῖς,
2579 4243 2797 4311 ἀδελφοὶ
2837 4246 2933 4297 καὶ
2972 4244 3138 4298 τέκνα
3192 4245 3251 4297 ὲν
3299 4246 3510 4316 Κυρίῳ,
3567 4248 3644 4309 ὡς
3674 4249 3947 4318 δτρόὸατα

2368 4334 2581 4400 ἔσεσθε,
2611 4334 2894 4403 φιλοῦντες
2930 4336 3031 4399 τὰς
3078 4336 3298 4400 ἐντολὰς
3340 4336 3506 4390 αὑτοῦ
3564 4338 3900 4408 ἐργάζεσθαι
3925 4380 3942 4407 ,

2370 4427 2463 4479 καὶ
2498 4427 2809 4497 μοναχικῶς
2835 4427 3296 4497 ἀναστρέφεσθαι,
3332 4429 3467 4482 ἀλλὰ
3532 4429 3605 4501 μὴ
3638 4433 3944 4502 κοσμικῶς,

2369 4514 2429 4567 ἒν
2460 4515 2599 4569 ἔστω
2626 4517 2838 4586 θέλημα
2878 4517 3118 4579 πάντων,
3156 4516 3255 4587 μία
3285 4517 3501 4587 καρδία,
3536 4519 3635 4588 μία
3686 4520 3836 4592 ψυχὴ
3869 4527 3943 4591 μὴ

2370 4607 2467 4661 καὶ
2495 4610 2555 4662 τὸ
2582 4608 2715 4678 ἐμὸν
2736 4608 2797 4662 τὸ
2832 4607 2946 4674 σὺν,
2978 4609 3161 4663 πάντα
3188 4609 3365 4674 κοινὰ,
3397 4611 3575 4665 πάντα
3599 4611 3819 4683 καθαρὰ
3856 4612 3948 4666 διὰ

689 4706 735 4761 si
768 4708 927 4762 aliter
952 4707 1043 4762 liat
1070 4720 1159 4763 :et
1188 4711 1334 4777 quod
1361 4711 1547 4763 saeculi
1580 4720 1697 4765 erat
1731 4711 2014 4776 amisistis,
2048 4721 2103 4766 et
2136 4725 2261 4766 cum

2368 4702 2468 4770 τῆς
2501 4699 2933 4771 ὲξαγορεύσεως.
2962 4702 3026 4755 El.
3055 4702 3112 4755 δὲ
3141 4701 3216 4773 μὴ
3246 4701 3445 4770 οὕτως,
3502 4703 3601 4757 καὶ
3627 4704 3719 4758 τὸν
3749 4720 3947 4775 κοσμιο

689 4797 801 4851 veri
833 4799 1085 4853 monachi
1113 4815 1219 4853 non
1248 4802 1392 4863 sitis,
1423 4800 1589 4867 justa:
1622 4800 1877 4856 vindictae
1904 4802 2128 4857 obnoxii
2156 4801 2263 4855 eri-

689 4887 781 4939 tis.
811 4884 1094 4941 Ch'aritate
1149 4889 1367 4959 impulsi
1414 4891 1962 4945 commonefecimus.
1998 4888 2108 4945 Vos
2137 4903 2267 4943 vero

689 4979 883 5043 valete,
916 4990 969 5033 et
1003 4978 1113 5034 Deo
1154 4981 1393 5048 placete;
1425 4998 1525 5051 pro
1556 4983 1713 5038 nobis
1763 4983 1925 5037 etiam
1966 4982 2270 5053 peccatori-

690 5070 794 5126 bns
820 5084 1065 5135 orantes,
1107 5084 1163 5127 ιιι
1218 5090 1340 5143 qua:
1396 5076 1681 5140 docemus,
1718 5075 1907 5131 eadem
1935 5090 2097 5146 opere
2126 5091 2269 5146 pra:-

690 5172 898 5217 stemus
962 5162 1012 5217 in
1061 5160 1278 5218 Christo
1331 5162 1459 5219 Jesn
1508 5167 1737 5221 Domino
1785 5174 1995 5231 nostro,
2058 5167 2146 5221 cui
2198 5166 2269 5223 sit

690 5255 883 5325 gloria.
916 5257 1108 5309 Amen.

878 5458 1011 5511 CIV.
1047 5457 1213 5512 Irena:
1238 5470 1285 5512 et
1323 5458 1685 5530 Euphrosynw
1722 5463 2057 5519 monialibus.

2368 4792 2463 4845 κδν
2512 4792 2862 4854 ἀπωλέσατε.
2917 4793 3013 4846 καὶ
3064 4793 3289 4864 μοναχοὶ
3337 4793 3412 4864 μὴ
3458 4794 3611 4859 δντες
3660 4795 3943 4864 ἀληθινοὶ,

2370 4884 2619 4937 ὑπόδικοι
2640 4882 2940 4953 γενήσεσθε
2972 4884 3357 4955 κατακρίσεως
3383 4886 3622 4951 δικαίας.
3666 4888 3947 4957 ’Δγαπῶν-

2369 4990 2461 5037 τες
2532 4974 2954 5043 ὑπεμνήσαμεν.
3027 4972 3218 5044 Ὑμεῖς
3283 4974 3338 5027 δὲ
3396 4971 3455 5029 εὖ
3506 4976 3786 5047 πράξοιτε,
3852 4978 3945 5033 καὶ

2369 5065 2448 5137 τῷ
2475 5066 2597 5136 Θεῷ
2628 5066 3076 5138 εὑαρεστήσοιτε,
3134 5066 3420 5139 εὐχόμενοι
3474 5070 3571 5122 καὶ
3614 5070 3745 5141 περὶ
3787 5070 3945 5141 ἡμῶν

2373 5160 2485 5215 τῶν
2511 5159 2880 5229 ἁμαρτωλῶν,
2920 5153 2994 5213 ὧν
3043 5160 3394 5232 διδάσκομεν,
3454 5160 3663 5215 τούτων
3714 5165 3943 5234 ἐργάται

2379 5246 2520 5305 εἰναι
2546 5252 2603 5304 ὲν
2634 5249 2854 5320 Χριστῷ
2896 5250 3073 5320 Ἰησοῦ
3101 5250 3181 5323 τῷ
3203 5252 3393 5324 κυρίῳ
3425 5252 3604 5325 ἡμῶν,
3642 5245 3687 5321 ᾧ
3714 5254 3749 5324 ἠ
3795 5252 3941 5319 δόξα.

2388 5344 2580 5414 Ἀμήν.

2429 5463 2524 5513 ΡΔ⁹
2546 5461 2647 5529 (1).
2675 5491 2742 5501 -
2771 5458 2997 5528 Ειρήνῃ
3039 5459 3551 5603 καὶιεῠφιίοσύνῃ
3599 5458 3887 5529 paratae-

2973 5546 3131 5596 σαις.
3179 5536 3320 5601 χκη’.

2973 5546 3131 5596 σαις.
3156 5536 3320 5601 [χκη’.

1605 5637 1667 5685 Ut
1692 5640 1741 5687 in
1778 5645 1949 5689 sancto
1986 5638 2097 5689 vita
2118 5646 2400 5693 monasticae
2440 5644 2669 5694 instituto
2706 5650 3054 5706 perseverent.

765 5717 1150 5775 Proliciscente
1214 5720 1383 5774 fratre
1439 5732 1851 5788 perreconomo,
1906 5731 2269 5790 opportunum

2454 5727 2856 5797 Είσερχομένου
2874 5726 2979 5781 τοῦ.
3005 5724 3235 5796 ἀδελφοῦ
3266 5742 3363 5781 και
3410 5724 3834 5799 παροικονόμου,
3857 5724 3942 5782 εῦ-

800 5832 843 5864 “
873 5830 1073 5887 πει-ειη.
1107 5847 1224 5897 vni,
1256 5832 1307 5885 4.
1338 5831 1379 5862 ⁸⁸
1408 5827 1546 5883 Gen.
1586 5845 1657 5895 Iv,
1712 5832 1764 5886 6.
1842 5832 1883 5862 ¹⁶
1911 5830 2121 5887 Nahum
2156 5848 2237 5889 ιιι.

2368 5880 2378 5894 .
2462 5840 2504 5871 ⁸⁸
2534 5840 2731 5896 Ezeclt.
2763 5857 2845 5911 ιιι,
2880 5843 2963 5895 18.
3039 5841 3084 5872 ¹⁶
3110 5841 3126 5895 Ι
3150 5841 3293 5897 Tim.
3325 5856 3399 5907 iv,
3434 5838 3521 5894 I6.
