4156 6522
218 499 356 567 1361

1428 491 1965 552 EPISTOLARUM
1996 491 2142 551 LIB.
2179 491 2260 552 II.

3358 488 3378 550 1
3391 492 3497 556 362

209 630 405 687 καιρον
451 610 782 685 ἡγησάμεθα
809 601 1047 682 χαράξαι
1073 609 1202 680 ὑμῖν
1233 606 1495 678 βραχεῖαν
1514 604 1789 677 συλλαϐὴν

1897 606 2156 660 duximus
2179 605 2399 660 brevem
2431 606 2500 659 ad
2522 622 2640 670 vos,
2674 606 2729 659 in
2756 606 2990 661 Domino
3020 620 3241 661 sorores
3290 610 3492 679 episto-

204 708 333 768 ταῖς
390 705 537 760 κατά
585 703 793 776 Κύριον
851 703 1131 773 ἀδελφαῖς.
1177 700 1288 754 Καὶ
1343 700 1410 771 δὴ
1464 700 1786 771 ἐρωτῶμεν,

207 797 331 861 πῶς
372 796 548 868 ἔχειὴ
599 796 732 867 ἁγία
757 796 891 859 δυάς
941 794 1115 865 ὑμῶν,
1194 795 1251 849 αί
1304 796 1479 847 πᾶσαι
1536 792 1787 861 ἀδελφαί.

220 888 417 957 Ὀρᾶτε
447 888 586 952 πῶς,
618 887 715 941 καὶ
739 887 841 941 οὐκ
880 886 1069 949 ἄλλαις
1098 885 1353 955 ἀδελφαῖς
1374 927 1389 950 ,
1428 886 1561 957 ύμῖν
1617 902 1791 957 προσ-

206 977 456 1047 κείμενοι
490 978 634 1032 κατά
665 977 798 1031 Θεὸν
828 977 1123 1048 ἐρωτῶμεν
1147 977 1242 1031 καὶ
1274 976 1668 1047 διαλεγόμεθα·
1697 976 1793 1031 καὶ

206 1065 460 1130 εἰκότωςο
498 1059 561 1121 οῦ
588 1066 698 1139 γὰρ
728 1066 935 1129 πίστις,
969 1067 1089 1120 ἐκεῖ
1112 1068 1208 1119 καὶ
1233 1066 1419 1130 πόθος,
1478 1066 1653 1120 ἕλκων
1696 1066 1796 1121 καὶ⁵

204 1156 605 1228 ἀνθελκόμενος
635 1158 725 1213 διά
764 1156 1084 1229 Πνεύματος
1114 1156 1274 1226 ἀγίου
1301 1174 1318 1191 ο
1365 1149 1427 1211 οὗ
1483 1156 1541 1210 δὲ
1594 1158 1793 1227 ταῦτα,

205 1250 329 1302 ἐκεῖ
367 1249 465 1304 καὶ
495 1250 717 1323 φροντὶς
754 1248 1031 1319 σώματος.
1060 1248 1160 1304 Διά
1185 1250 1345 1303 τοῦτο
1371 1249 1661 1322 γράφομεν
1690 1268 1796 1304 πα-

206 1340 583 1411 ρακαλοῦντες
613 1342 754 1413 ὑπὲρ
778 1341 1020 1414 Χριστοῦ
1040 1341 1090 1394 οί
1116 1342 1328 1408 ἀνάξιοι
1356 1383 1372 1409 ,
1398 1342 1620 1414 ἔχεσθαι
1646 1345 1797 1415 ἡμᾶς

204 1433 307 1503 τῆς
328 1435 501 1506 καλῆς
529 1434 845 1506 ὁμολογίας,
868 1429 937 1507 ἦς
958 1435 1393 1506 ὡμολογήσαμεν
1435 1435 1678 1500 ἅπαντες
1710 1438 1796 1488 ὲν-

205 1529 377 1585 ὡπιον
387 1527 522 1583 Θεοῦ
544 1526 761 1581 καὶτῶν
773 1526 1046 1581 ἐκλεκτῶν
1059 1526 1330 1595 ἀγγέλων·
1344 1525 1510 1598 ζῆσαι
1534 1528 1593 1581 ὲν
1606 1528 1798 1600 Κυρίῳ

206 1624 267 1677 ἐν
296 1626 365 1695 τῇ
390 1620 652 1676 ἀποθέσει
684 1620 780 1674 τοῦ
820 1620 1085 1691 σαρκικοῦ
1109 1621 1460 1692 φρονήματος
1477 1636 1492 1651 ο
1517 1622 1665 1693 ὅπερ.
1679 1621 1799 1675 ἐστὶ

204 1718 268 1769 τὸ
300 1717 538 1787 ῥαγῆναι
561 1711 672 1766 τῶν
696 1705 914 1782 δεσμῶν
937 1712 1039 1782 τῆς
1084 1710 1467 1784 προσπαθείας
1523 1711 1619 1765 τοῦ
1671 1712 1798 1784 τῇδε

205 1808 427 1872 αίῶνος,
468 1805 565 1859 καὶ
601 1804 742 1875 μετά
764 1804 900 1857 Θεοῦ
948 1803 1226 1874 γενέσθαι,
1273 1803 1336 1857 ὃν
1374 1804 1469 1858 καὶ
1506 1804 1799 1874 ἠγαπήσα-

208 1918 334 1972 μεν,
433 1898 530 1951 καὶ
553 1895 998 1967 ἐνυμφεύθημεν,
1035 1894 1153 1967 μεθ’
1183 1888 1248 1951 οὗ
1301 1896 1396 1950 καὶ
1459 1895 1797 1967 συνεσόμεθα

204 1987 400 2043 είσαεί.
421 1985 625 2041 Τοῦτον
657 1987 1058 2058 ὲρωτευιίψεθα
1086 1987 1179 2042 τὸν
1203 1988 1675 2061 ἀληθινδνέρωτα,
1702 1988 1797 2043 τὸν

202 2077 502 2151 ἀπρόσιτον
526 2076 712 2143 πόθον,
741 2076 836 2130 τὸν
869 2077 1029 2147 μόνον
1085 2077 1367 2149 Δεσπότην
1411 2077 1647 2148 ούρανοῦ
1701 2078 1797 2132 καὶ

202 2170 329 2239 γῆς.
380 2163 457 2223 UB
486 2170 521 2240 ἡ
552 2168 690 2240 πρὸς
714 2168 1039 2241 ἀνθρώπους
1068 2170 1349 2242 ἀγάπησις
1401 2169 1665 2241 τοσαύτη,
1720 2170 1796 2234 ὡς

200 2262 392 2315 δούλου
434 2260 648 2334 μορφὴν
683 2261 849 2315 αὐτὸν
876 2260 1191 2326 ἀναλαϐεῖν,
1235 2264 1315 2327 είς
1354 2262 1418 2316 τὸ
1446 2262 1795 2318 ἀνακαλέσα-

203 2354 333 2409 σθαι
375 2354 524 2425 ἡμᾶς
565 2354 668 2425 τῆς
716 2352 948 2425 φθορᾶς,
1000 2355 1096 2409 καὶ
1134 2353 1291 2418 θεοὺς
1345 2355 1791 2427 ἀπεργάσασθαι.
1838 2348 1847 2357 “

213 2445 306 2507 Ὠς
363 2444 596 2514 μεγίστη
636 2446 669 2513 ἠ
703 2442 1031 2512 ἐπαγγελία.
1085 2444 1172 2508 Ὠς
1213 2445 1449 2510 ἐξαίσιον
1486 2446 1550 2499 τὸ
1599 2447 1658 2498 ὲν
1704 2446 1795 2498 ού-

207 2538 394 2607 ρανοῖς
421 2535 760 2605 ἀπάντημαὶ
803 2533 965 2588 Ἐκεῖ
986 2533 1411 2604 ἐκλάμψωσιν
1459 2538 1513 2590 οὶ
1577 2534 1796 2590 δίκαιοι

200 2627 285 2692 ὡς
332 2628 361 2681 6
413 2626 618 2696 ἣλιος·
664 2628 785 2680 ἐκεῖ
828 2626 890 2679 αί
919 2625 1021 2696 τὴν
1083 2626 1387 2698 παρθενίαν
1444 2627 1794 2699 ἑνδεδυμὲναι

199 2714 280 2789 τῷ
332 2717 598 2789 ἀφθάρτῳ
646 2717 865 2789 νυμφίῳ
895 2717 1334 2790 συναφθήσονται
1362 2734 1376 2750 ·
1422 2720 1544 2773 ἐκεῖ
1574 2720 1634 2773 αί
1683 2721 1788 2791 τὴν

200 2806 484 2878 ὑποταγὴν
532 2806 630 2860 καὶ
691 2807 944 2880 ὑπακοὴν
992 2805 1367 2879 ὲξασκήσασαι
1405 2810 1481 2874 ὡς
1525 2813 1792 2882 ἄρχουσαι

200 2898 471 2971 Χριστοῦ,
511 2899 868 2970 χορεύσουσιν
897 2898 1096 2955 αίὼνια
1122 2917 1138 2934 υ
1190 2902 1248 2955 αί
1298 2901 1356 2954 δὲ
1395 2902 1660 2970 ἐναντίαι,
1723 2902 1794 2955 τά

202 2990 448 3053 ἐναντία,
479 2990 724 3062 δηλονότι
773 2992 1083 3046 πείσονται.

278 3082 465 3146 Ὥστε,
493 3070 744 3152 ἀδελφαὶ,
764 3084 1146 3155 σταυροφόροι,
1183 3085 1258 3157 μὴ
1287 3084 1544 3155 λάθωμεν
1570 3086 1792 3148 ἑαυταῖς

200 3171 327 3226 ἀντὶ
351 3171 498 3243 ζωῆς
536 3173 631 3226 καὶ
668 3174 845 3246 χαρᾶς
892 3173 1147 3245 ἀπείρου,
1192 3174 1412 3227 κόλασιν
1444 3176 1539 3228 καὶ
1566 3173 1676 3246 πῦρ
1700 3176 1791 3227 at-

1898 698 2006 753 lam
2030 714 2280 753 exarare.
2305 698 2371 754 Et
2392 700 2612 769 quidem
2638 714 2898 769 rogamus
2919 701 3197 769 quomodo
3215 717 3273 754 se
3295 700 3500 758 habeat

1895 802 2123 850 sanctus
2138 793 2386 847 binarius
2407 802 2606 857 vester,
2631 806 2960 861 sororesque
2976 791 3271 845 universae.
3294 788 3497 848 Videtis

1894 884 2358 957 quemadmodum
2393 885 2549 940 vobis
2586 897 2637 939 et
2670 900 2779 940 non
2813 884 2940 939 aliis
2967 884 3259 939 sororibus
3285 882 3489 938 addicti

1896 980 2199 1036 secundum
2236 979 2406 1034 Deum
2431 979 2789 1035 sciscitamur
2814 988 2869 1034 et
2899 979 3066 1033 verba
3101 976 3358 1033 facimus.
3384 976 3496 1033 Nec

1894 1067 2191 1133 immerito,
2204 1068 2298 1133 ubi
2322 1067 2466 1123 enim
2488 1067 2640 1133 ﬁdes,
2660 1067 2732 1123 ibi
2754 1076 2808 1123 et
2828 1082 3002 1133 amor,
3025 1068 3250 1122 trahens
3268 1075 3504 1123 tractus-

1896 1178 2004 1233 que
2046 1162 2288 1217 vicissim
2321 1178 2419 1232 per
2443 1160 2706 1229 Spiritum
2759 1170 3011 1217 sanctum
3040 1178 3055 1228 ;
3080 1162 3172 1216 ubi
3198 1162 3346 1218 enim
3376 1162 3493 1216 haec

1897 1263 2047 1319 sunt,
2072 1254 2146 1309 ibi
2165 1264 2218 1309 ct
2235 1270 2366 1309 cura
2383 1254 2652 1324 corporis.
2673 1254 2881 1310 Idcirco
2901 1254 3219 1320 scribimus,
3253 1268 3350 1309 vos
3372 1253 3494 1310 vice

1897 1348 2099 1403 Christi
2126 1349 2407 1404 hortantes
2427 1347 2661 1419 indigni,
2695 1357 2754 1402 ut
2789 1349 3147 1418 persistamus
3175 1348 3228 1402 in
3262 1347 3492 1417 pulchra

1899 1442 2150 1512 pactione
2198 1457 2363 1513 quam
2402 1443 2546 1512 pacti
2589 1456 2782 1497 sumus
2818 1456 3012 1496 omnes
3044 1455 3232 1495 coram
3272 1439 3386 1494 Deo
3434 1448 3491 1495 et

1897 1535 2087 1590 electis
2126 1535 2580 1604 angelis;vivere
2634 1534 2688 1587 in
2736 1532 2975 1587 Domino
3024 1532 3086 1586 in
3145 1531 3491 1601 depositione

1899 1643 2096 1683 sensus
2130 1629 2391 1695 carnalis,
2423 1627 2569 1698 quod
2604 1636 2690 1683 est
2714 1626 2995 1697 dirupisse
3026 1625 3249 1679 vincula
3279 1623 3491 1695 cupidi-

1901 1730 2073 1775 tatum
2100 1722 2287 1777 saculi
2321 1721 2508 1792 hujus,
2540 1730 2743 1775 etcum
2784 1718 2899 1774 Deo
2934 1718 3145 1774 versari
3195 1734 3357 1788 quem
3402 1717 3494 1771 di-

1900 1812 2159 1877 leximus,
2208 1823 2260 1868 et
2296 1813 2383 1868 cui
2447 1815 2792 1882 desponsata:
2850 1827 3063 1877 sumus,
3104 1826 3228 1867 cum
3269 1826 3377 1881 quo
3433 1821 3490 1865 ct

1903 1923 2119 1979 semper
2165 1908 2393 1962 erimus.
2453 1905 2611 1962 Hunc
2654 1905 2978 1961 adamemus
3012 1902 3105 1974 qui
3138 1919 3303 1958 verus
3332 1918 3490 1958 amor

1900 2010 2004 2065 est,
2054 2000 2386 2055 desiderium
2441 2000 2807 2065 inaccessum,
2862 1998 3014 2053 solus
3044 1997 3173 2053 coeli
3217 2007 3488 2071 terraeque

1900 2094 2187 2148 Dominus.
2226 2092 2397 2163 Cujus
2456 2108 2587 2161 erga
2633 2092 2886 2147 homines
2949 2099 3100 2146 tanta
3146 2090 3390 2155 dilectio,
3425 2097 3488 2144 ut

1898 2186 2041 2242 servi
2067 2186 2300 2241 formam
2334 2185 2719 2256 assumpserit,
2748 2199 2860 2255 quo
2922 2200 3023 2240 nos
3076 2191 3369 2239 revocaret
3417 2183 3486 2237 ab

1898 2278 2145 2343 interitu,
2179 2286 2233 2333 et
2271 2278 2403 2334 deos
2451 2275 2707 2332 efficeret.
2738 2275 2783 2332 Ο
2817 2276 3113 2330 maximam
3158 2275 3485 2345 promissio-

1898 2371 2054 2425 nem!
2086 2385 2120 2425 ο
2160 2370 2491 2441 stupendum
2535 2371 2590 2424 in
2620 2370 2781 2425 oculis
2812 2384 3106 2425 occursum
3131 2369 3171 2399 "
3204 2370 3217 2423 !
3257 2367 3341 2421 Ibi
3373 2366 3486 2437 ful-

1896 2463 2085 2533 gebunt
2106 2462 2246 2531 justi
2278 2464 2415 2516 sicut
2442 2462 2522 2516 εοι
2548 2478 2566 2515 :
2598 2460 2697 2528 ibi,
2730 2477 2853 2532 qua:
2878 2460 3248 2531 virginitatem
3283 2460 3485 2514 induc-

1896 2565 2047 2619 runt,
2095 2553 2416 2623 incorrupto
2463 2567 2669 2623 sponso
2713 2551 3125 2622 conjungentur
3157 2569 3170 2605 :
3204 2550 3314 2613 ibi,
3358 2566 3485 2619 quae

1896 2646 2288 2715 subjectionem
2322 2653 2378 2700 et
2402 2644 2771 2700 obedientiam
2805 2646 3119 2710 coluerunt,
3156 2644 3305 2700 velut
3327 2644 3482 2714 prin-

1894 2740 2047 2809 cipes
2066 2736 2271 2792 Christi
2301 2745 2570 2807 perpetuo
2602 2735 2983 2806 tripudialiunt
3011 2753 3024 2789 :
3053 2735 3351 2792 contrariis
3377 2751 3480 2791 au-

1895 2843 2002 2888 tem
2025 2830 2305 2887 contraria
2332 2829 2451 2885 sine
2474 2828 2645 2884 dubio
2677 2827 2957 2884 evenient.

1964 3079 2167 3146 Quare,
2228 3092 2472 3145 sorores,
2539 3092 2767 3133 crucem
2831 3085 3121 3148 portantes
3180 3092 3503 3134 caveamus:

1893 3171 2078 3237 nobis,
2113 3185 2181 3225 ne
2211 3186 2310 3241 pro
2340 3170 2449 3225 vita
2478 3178 2533 3225 et
2568 3170 2768 3241 gaudio
2807 3169 3081 3225 immenso
3136 3171 3503 3243 supplicium‘

202 3263 367 3318 ώνιον
392 3263 931 3336 ἁποθησαυρίζουσαι
981 3265 1051 3319 δι’
1119 3266 1383 3348 ἀμελείας
1434 3268 1531 3320 καὶ
1580 3266 1790 3340 φθορᾶς

1897 3265 2185 3333 ignemque
2204 3271 2471 3318 aeternum
2497 3264 2856 3333 acquiramus
2883 3278 2981 3333 per
3008 3264 3401 3335 negligentiam
3426 3273 3482 3319 ct

205 3356 435 3425 σαρκὸς.
468 3356 754 3428 παρακοῆς
780 3373 841 3409 τε
864 3356 961 3411 καὶ
1011 3356 1296 3427 ὲμπαθοῦς
1344 3358 1689 3429 ἀναστροφῆς
1715 3375 1729 3390 ο
1758 3360 1792 3429 ἡ

204 3448 379 3521 ἁρετὴ
408 3450 474 3501 ὲκ
494 3447 629 3501 Θεοῦ
654 3449 751 3502 καὶ
769 3447 918 3502 θείαο
937 3449 972 3518 ἡ
1003 3448 1172 3503 κακία
1211 3449 1274 3501 ἐκ
1300 3449 1533 3514 Σατανᾶ,
1568 3452 1663 3503 καὶ
1684 3452 1791 3504 Σα-

202 3542 397 3604 τανᾶς.
440 3538 504 3594 Οί
535 3539 635 3611 τὴν
662 3537 889 3611 πρώτην
918 3539 1192 3611 ἑλόμενοι,
1226 3540 1352 3594 Geel.
1380 3542 1476 3594 καὶ
1502 3542 1639 3594 Θεοῦ
1667 3558 1681 3572 ·
1742 3544 1792 3596 οἱ

204 3632 309 3703 τὴν
357 3632 620 3703 δευτέραν
670 3632 928 3703 δαίμονες
955 3672 972 3700 ,
1019 3633 1118 3685 καὶ
1165 3630 1258 3685 τοῦ
1308 3634 1548 3688 Σατανᾶ.
1605 3631 1793 3696 Οῦτως

206 3718 354 3794 ὑμᾶς
382 3725 478 3777 καὶ
501 3723 598 3777 νῦν
640 3722 987 3794 δεξιούμεθα.
1020 3722 1134 3777 Καὶ
1166 3722 1242 3795 μὴ
1277 3723 1450 3795 βαρὺς
1483 3724 1612 3796 ύμῖν
1644 3723 1793 3792 λογιο

208 3815 397 3888 σθείην
418 3814 496 3879 ὡς
537 3814 775 3887 φορτικά
816 3814 1025 3883 λαλῶν,
1077 3814 1219 3868 ἀλλά
1262 3815 1466 3886 μᾶλλον
1521 3815 1675 3887 ἡδὺς,
1715 3814 1792 3879 ὡς

209 3909 353 3979 ὑπὲρ
409 3906 547 3962 Θεοῦ
578 3906 883 3978 παραινῶν.
916 3906 1025 3960 Καὶ
1056 3907 1117 3960 οὐ
1183 3906 1322 3976 πρὸς
1357 3908 1458 3971 τὰς
1513 3906 1708 3980 κυρίας
1763 3908 1794 3961 6

208 3997 399 4065 λόγος’
446 3998 611 4052 αὐταὶ
636 3999 748 4068 γὰρ
806 3995 1119 4051 διδάσκαλοι
1183 3996 1279 4050 καὶ
1326 3996 1549 4066 ἐτέρων.
1630 3995 1791 4050 Ἀλλά

210 4089 351 4160 πρὸς
376 4089 437 4142 τὸ
461 4090 560 4159 τῆς
586 4089 942 4161 ἀδελφότητος
970 4086 1247 4160 πλήρωμα
1267 4106 1280 4119 ⁸
1305 4088 1443 4160 ὅπερ
1489 4088 1787 4162 φυλαχθείη

212 4181 297 4235 ετι
342 4196 403 4232 τε
449 4180 548 4233 καὶ
594 4181 696 4247 ἔτι,
742 4180 1019 4247 εύεκτοῦν,
1061 4179 1321 4250 εύθηνοῦν
1376 4181 1457 4242 είς
1502 4179 1785 4251 καύχημα,

212 4273 311 4329 καὶ
358 4271 483 4343 ἐμοὶ
503 4272 579 4335 ὡς
604 4272 1008 4343 παρακλήτορι,
1068 4273 1149 4335 είς
1178 4271 1396 4343 ἡμέραν
1424 4271 1662 4342 Χριστοῦ
1694 4289 1709 4304 ο
1745 4265 1791 4341 ᾧ

213 4368 248 4439 ἡ
274 4363 407 4432 δόξα
449 4364 529 4427 είς
554 4364 682 4427 τοὺς
704 4362 931 4425 αἰῶνας.
980 4362 1179 4433 Ἀμήν.

479 4475 605 4529 Ρεν.
633 4465 705 4515 '-
748 4472 1000 4543 ’Δγθίμῳ
1030 4471 1241 4538 τέκνῳ.
1292 4472 1481 4546 [χκθ⁹.]

1894 3354 2079 3410 carnis
2096 3354 2531 3424 corruptionem,
2563 3368 2662 3423 per
2692 3353 3119 3409 inobedientiam
3143 3355 3483 3410 molliorem-

1894 3463 2001 3517 que
2034 3446 2529 3501 conversationem.
2560 3443 2751 3500 Virtus
2790 3461 2822 3500 a
2868 3443 3001 3510 Deo,
3035 3454 3089 3500 et
3127 3445 3314 3500 divina
3350 3463 3367 3501 :
3402 3447 3503 3503 νίοη

1895 3540 2108 3595 tiositas
2140 3554 2171 3593 a
2203 3537 2429 3603 Satana,
2468 3546 2523 3592 et
2556 3536 2809 3593 Satanas.
2837 3536 2941 3605 Qui
2978 3538 3219 3609 priorem
3248 3537 3480 3609 eligunt,

1894 3634 1970 3687 dii
2009 3640 2141 3687 sunt
2192 3640 2247 3686 et
2296 3630 2393 3686 Dei
2421 3648 2437 3685 :
2466 3630 2564 3717 qui
2610 3632 2997 3700 posteriorem,
3040 3630 3319 3685 dazmones
3354 3638 3485 3685 sunt

1895 3734 1951 3779 et
1988 3723 2276 3779 damonis.
2300 3721 2396 3778 Sic
2431 3738 2536 3791 ego
2555 3737 2655 3777 vos
2704 3736 2854 3777 nunc
2904 3723 3069 3777 etiam
3118 3723 3479 3792 complector.

1902 3816 2011 3871 Nec
2041 3830 2173 3871 vero
2214 3816 2399 3886 gravis
2451 3813 2643 3869 videar
2688 3814 2845 3871 vobis
2895 3824 3156 3886 tanquam
3211 3816 3351 3869 dura
3399 3814 3483 3870 lo-

1898 3924 2096 3977 quens.
2130 3907 2224 3963 sed
2259 3915 2451 3977 gratus
2477 3906 2685 3977 potius,
2717 3916 2779 3961 ut
2808 3908 2904 3977 qui
2953 3922 3052 3976 pro
3085 3906 3199 3960 Deo
3231 3922 3328 3961 vos
3364 3922 3483 3959 mo-

1899 4012 2079 4051 neam.
2111 3994 2298 4066 Neque
2334 3996 2404 4051 ad
2433 3995 2686 4051 dominas
2732 4004 2941 4066 spectat
2994 3995 3083 4051 hic
3117 4012 3336 4063 sermo;
3377 3997 3483 4052 illa:

1897 4091 2042 4146 enim
2068 4090 2299 4144 aliarum
2322 4089 2486 4143 etiam
2506 4097 2637 4145 sunt
2675 4089 2985 4161 magistrae;
3016 4090 3109 4144 sed
3143 4090 3209 4143 ad
3233 4105 3483 4145 commu-

1902 4196 2025 4235 nem
2063 4188 2266 4235 emtum
2286 4194 2535 4234 sororum
2566 4195 2580 4230 :
2610 4179 2703 4249 qui
2729 4180 2903 4249 magis
2926 4178 3212 4249 magisque
3239 4195 3408 4235 sanus
3429 4189 3485 4234 et

1898 4272 2086 4341 vigens
2120 4280 2385 4333 servetur,
2411 4269 2477 4325 ad
2498 4284 2672 4325 meam
2691 4271 2853 4325 etiam
2881 4278 2941 4324 ut
2963 4272 3262 4326 hortatoris
3279 4271 3484 4339 gloria-

1899 4364 2101 4417 tioncm
2131 4363 2186 4417 in
2215 4363 2302 4418 die
2332 4360 2537 4418 Christi
2566 4380 2581 4417 :
2612 4363 2700 4417 cui
2737 4362 2910 4433 gloria
2938 4363 2993 4417 in
3025 4364 3248 4419 sat-cuia.
3282 4366 3478 4418 Amen.

2337 4476 2449 4534 CV.
2473 4508 2545 4521 -κ
2568 4478 2821 4533 Anthimo
2862 4477 2977 4548 ﬁlio
3005 4478 3088 4549 (‘).

1475 4610 1551 4660 Ad
1568 4612 1829 4673 quemdam
1854 4618 1937 4676 qui
1963 4614 2235 4665 deiecerat.

296 4690 357 4744 '0
384 4692 547 4765 νόμος
573 4690 672 4746 τοῦ
698 4690 835 4746 Θεοῦ
859 4694 889 4745 6
916 4691 1082 4763 φόϐος
1106 4709 1166 4746 τε
1191 4692 1289 4746 καὶ
1316 4692 1345 4745 6
1371 4694 1573 4765 τρόμος
1606 4695 1794 4761 αὑτοῦ,

1974 4699 2082 4755 ch
2108 4700 2229 4765 Dei,
2262 4700 2427 4754 timor
2446 4710 2500 4755 et
2542 4708 2749 4755 tremor
2772 4700 2948 4771 ipsius
2986 4700 3078 4771 qui
3112 4700 3193 4754 ait
3225 4718 3239 4754 :
3277 4698 3480 4770 Specu-

214 4784 296 4850 ὣς
333 4800 487 4855 φησι·
521 4783 767 4838 Σκοπόν
815 4798 889 4838 σε
926 4784 1159 4838 τέθεικα
1190 4782 1271 4849 τῷ
1306 4784 1452 4851 οἴκῳ
1516 4786 1785 4854 Ἰσραήλ.

226 4876 289 4930 '0
311 4875 369 4929 δὲ
394 4874 597 4939 σκοπὸς
623 4875 726 4946 τῆς
747 4875 1033 4947 ἀγγελίας,
1083 4876 1365 4947 ἠνάγκασε
1417 4894 1509 4949 με,
1567 4878 1785 4949 ἀδελφὲ,

214 4964 308 5020 διά
358 4966 689 5038 γράμματος
718 4969 882 5023 πάλιν
918 4969 1240 5039 ἀναγγεῖλαί
1302 4986 1385 5024 σοι
1414 4970 1515 5042 τὴν
1555 4972 1789 5044 ἐρχομε-

216 5074 318 5130 νην
348 5058 623 5131 ῥομφαίαν
645 5058 744 5113 τοῦ
770 5059 905 5114 Θεοῦ
936 5062 1031 5115 ἐπὶ
1091 5062 1171 5127 σὲ,
1201 5061 1476 5132 ῥομφαίαν
1526 5064 1787 5135 φοϐεράν,

218 5147 493 5220 ῥομφαίαν
516 5148 762 5220 πύρινον,
796 5149 1069 5220 ῥομφαίαν
1094 5150 1155 5203 οὐ
1205 5150 1385 5221 σῶμα,
1416 5150 1556 5205 ἀλλά
1612 5150 1796 5222 ψυχὴν

218 5238 618 5310 ὲμδάλλουσαν,
667 5240 750 5305 είς
777 5240 1005 5309 γέενναν
1034 5240 1206 5312 πυρὸς
1236 5244 1316 5305 είς
1341 5242 1686 5313 ἀπεράντους
1710 5244 1799 5299 αἱ⁴

216 5329 510 5395 ὦνας.Καὶ
535 5330 757 5403 δακρύω
768 5332 996 5402 γράφων
1024 5333 1054 5387 6
1070 5332 1258 5397 τάλας,
1271 5334 1366 5388 καὶ
1380 5335 1551 5389 στένω
1577 5337 1800 5407 πικρὸν,

1900 4794 2125 4846 latorem
2168 4793 2321 4862 posui
2378 4804 2428 4847 te
2473 4792 2654 4846 domui
2702 4791 2879 4847 Israel
2922 4793 2987 4847 ¹⁸.
3040 4793 3255 4863 Scopus
3297 4805 3477 4851 autem

1899 4884 2143 4940 mandati
2174 4883 2354 4954 coegit
2377 4898 2483 4949 me,
2516 4883 2703 4949 frater,
2749 4900 2847 4956 per
2879 4884 3093 4941 litteras
3134 4886 3330 4948 iterum
3379 4902 3480 4941 an-

1896 4978 2152 5033 nuntiare
2179 4976 2277 5031 tibi
2310 4977 2617 5031 venientem
2649 4991 2814 5047 super
2865 4988 2917 5032 te
2957 4978 3327 5048 rbomphaeam
3360 4980 3474 5045 Dei,

1895 5068 2235 5138 romphaeam
2289 5067 2733 5135 formidabilem,
2792 5070 3169 5141 rhomphaaam
3224 5071 3475 5145 igneam,

1896 5159 2267 5229 rhompbaeam
2304 5175 2426 5229 qua:
2458 5176 2570 5216 non
2609 5176 2815 5231 corpus
2845 5167 2940 5217 sed
2968 5164 3221 5219 animam
3254 5165 3479 5235 conjicit

1900 5252 1955 5307 in
1986 5256 2294 5324 gehennam
2324 5255 2467 5325 ignis
2506 5255 2561 5309 in
2591 5257 2792 5310 saecula
2827 5257 3181 5327 sempiterna.
3217 5257 3477 5314 Scribens

1902 5343 2217 5415 illacrymor
2255 5345 2443 5406 miser,
2474 5355 2529 5399 et
2553 5360 2740 5400 amare
2772 5361 2965 5418 angor,
2998 5348 3144 5417 quod
3178 5349 3247 5403 de
3290 5348 3402 5404 tilio
3423 5359 3479 5403 et

220 5424 305 5476 ὅτι
362 5422 457 5477 ἐπὶ
484 5423 578 5477 τὸν
611 5425 636 5476 ι
644 5424 746 5495 μὸν
776 5425 890 5478 υίδν
913 5426 1008 5480 καὶ
1059 5426 1305 5498 μαθητὴν
1341 5430 1370 5483 ό
1418 5427 1593 5498 λόγος.
1641 5427 1797 5483 Ἀλλά

1906 5434 2178 5505 discipulo
2211 5450 2334 5491 meo
2368 5436 2441 5491 sit
2466 5452 2673 5491 sermo.
2718 5437 2825 5493 Sed
2868 5438 2999 5508 quid
3047 5440 3242 5510 agam?
3273 5440 3330 5494 Si
3367 5456 3478 5495 non

215 5514 269 5568 τί
293 5514 496 5585 πάθω;
524 5514 619 5570 ιάν
650 5516 725 5588 μὴ
756 5517 1083 5586 ἀναγγείλω,
1122 5518 1184 5573 τὸ
1227 5513 1361 5590 αἷμά
1427 5538 1524 5575 σου
1572 5526 1638 5578 ὲκ
1683 5522 1794 5577 τῶν

217 5607 417 5679 χειρῶν
466 5625 569 5679 μου
596 5607 847 5682 ἐπιζητεῖν
878 5610 983 5681 ἔφη
1019 5611 1181 5675 Θεόςο
1206 5613 1361 5667 οὐδὲν
1385 5614 1595 5687 ἕτερον,
1648 5616 1683 5688 ἢ
1730 5615 1792 5670 τὸ

217 5694 350 5751 αὐτό
408 5711 480 5767 με
544 5697 643 5768 τῆς
695 5698 973 5772 τιμωρίας
1031 5701 1440 5759 συναπολαῦσαι
1485 5708 1677 5777 κρῖμα.
1718 5702 1790 5761 Ὠ

1899 5528 2327 5593 annuntiavero,
2358 5528 2685 5599 sanguinem
2736 5539 2890 5584 tuum
2936 5528 3005 5585 de
3036 5530 3294 5586 manibus
3336 5530 3477 5587 meis

1899 5617 2297 5688 requisiturum
2350 5634 2409 5674 se
2468 5619 2603 5675 dicit
2637 5618 2781 5676 Deus
2809 5622 2893 5675 ":
2925 5638 3102 5695 neque
3154 5623 3344 5691 aliam,
3379 5623 3473 5678 sed

1895 5710 2144 5767 eamdem
2176 5709 2352 5783 ipsam
2376 5726 2463 5769 me
2486 5713 2691 5781 pariter
2722 5713 2975 5771 vindicta
3004 5715 3333 5771 sententiam
3374 5729 3476 5772 ex-

292 5832 336 5865 "
362 5830 555 5889 Matth.
599 5852 722 5901 xm,
752 5836 843 5895 63.
885 5838 926 5873 ¹⁸
948 5837 1146 5898 Ezech.
1172 5856 1302 5911 xxx,
1335 5840 1386 5899 7.
1467 5842 1509 5876 "
1542 5841 1735 5901 Ezech.
1762 5861 1842 5913 ιιι,
1866 5845 1944 5904 18.

334 5925 762 5999 (')Paranetica.
