4156 6476
714 431 854 496 1863

1909 437 1970 494 S.
2005 433 2397 495 THEODORI
2435 432 2780 492 STUDlT/E

3839 430 3969 494 1364

709 556 1019 614 cepturum.
1056 541 1100 598 Ο
1129 541 1319 605 frater,
1375 557 1474 596 cur
1516 542 1706 595 oculos
1746 544 1929 597 cordis
1972 542 2044 596 ita
2087 541 2297 597 clausi-

2413 541 2616 609 ὶδελφὲ,
2646 541 2697 593 τί
2742 540 2952 610 ἔμυσας
2993 539 3061 592 τὰ
3101 540 3322 610 ὄμματα
3361 539 3503 593 οὓτω
3550 540 3648 611 τῆς
3708 541 3970 611 καρδίας;

709 635 816 693 sti?
847 651 947 689 cur
977 633 1148 687 Deum
1177 634 1582 701 contempsisti,
1616 633 1774 702 cujus
1819 645 1952 687 nutu
2007 641 2296 686 moventur

713 727 988 788 universa,
1028 741 1128 779 nec
1152 733 1385 794 possunt
1416 723 1654 776 moventi
1697 723 1988 776 resistere?
2021 725 2190 778 Antea
2218 737 2298 773 re-

713 819 902 873 siliisti
935 835 963 872 e
994 819 1248 888 palzestra
1275 821 1548 872 ascetica:
1581 818 1765 870 abiisti
1797 819 1861 870 ad
1896 818 2014 872 loca
2035 833 2157 886 qua:
2189 831 2296 873 non

713 911 937 980 respicit
983 909 1248 964 Dominus
1295 927 1308 963 :
1365 908 1580 963 solvisti
1630 909 1972 980 signaculum
2007 911 2295 974 castitatis,

711 1004 1006 1072 corrupisti
1045 1004 1281 1056 animam
1313 1013 1367 1056 et
1401 1017 1625 1071 corpus,
1666 1004 1844 1057 factus
1882 1020 1940 1057 es
1967 1004 2296 1071 mancipium

713 1094 959 1163 peccati;
987 1094 1183 1148 deinde
1205 1092 1272 1145 ad
1308 1107 1410 1146 nos
1437 1108 1562 1146 sero
1595 1093 1812 1146 tandem
1841 1094 2046 1148 rediisti
2074 1095 2126 1147 in
2149 1095 2299 1164 prin-

716 1185 867 1254 cipio
899 1184 1327 1256 persecutionis,
1380 1185 1668 1246 conﬁtens.
1732 1201 1921 1255 pmnas
1953 1187 2127 1247 luens.
2169 1200 2298 1254 pro-

714 1278 937 1331 mittens
985 1292 1289 1343 regressum
1351 1285 1475 1344 post
1529 1278 1690 1330 tinem
1745 1278 2166 1346 persecutionis.
2219 1279 2300 1331 Ad

718 1370 832 1423 lirec
877 1377 931 1422 et
985 1369 1052 1421 ab
1106 1366 1427 1421 (Economo
1481 1367 1766 1421 institutus
1813 1383 1893 1429 es.
1948 1377 2001 1423 et
2057 1383 2087 1422 a
2132 1367 2301 1422 fratre

715 1457 978 1527 Dionysio
1009 1467 1323 1525 susceptus.
1357 1467 1411 1509 et
1449 1457 1742 1525 pulchrum
1778 1457 2030 1512 exsilium
2065 1457 2299 1524 elegisti,

715 1565 780 1602 ex
844 1551 1004 1602 malis
1061 1549 1196 1602 locis
1243 1549 1505 1616 migrans,
1544 1557 1596 1603 et
1638 1548 1691 1602 in
1749 1548 1908 1602 bonis
1963 1548 2098 1604 locis
2144 1549 2300 1602 babi-

718 1653 842 1697 tans
864 1657 1031 1710 super
1059 1656 1184 1710 qua:
1210 1641 1354 1695 oculi
1382 1639 1625 1705 Domini,
1650 1651 1705 1695 et
1732 1641 2008 1696 beatitudo
2043 1657 2302 1711 persecu-

2398 635 2450 686 τί
2483 634 2899 705 κατεφρόνησας
2931 633 3092 697 Θεοῦ,
3125 625 3186 685 οὗ
3217 631 3295 702 τῷ
3323 632 3597 702 βλέμματι
3627 631 3696 684 τὰ
3719 632 3973 702 σύμπαν-

2399 744 2468 780 τα
2503 727 2706 779 σείεται
2768 727 2862 779 καὶ
2892 727 2953 779 οὐ
2988 726 3143 796 φέρει
3178 727 3401 794 στήκειν
3430 741 3444 788 ;
3481 724 3848 794 ἀπεπήδησας
3873 725 3974 776 παι

2399 818 2488 872 λαι
2537 820 2636 887 τῆς
2665 819 2972 888 ἀσκητικῆς
3009 817 3347 886 παλαίστρας
3369 832 3384 846 ο
3413 815 3722 887 ὲπορεύθης
3773 819 3856 879 εἰς
3887 816 3972 868 τό·

2401 927 2535 972 πους
2592 909 2686 972 οὓς
2719 911 2818 963 οὐκ
2847 911 3134 962 ἐπισκοπεῖ
3178 909 3381 978 Κύριος
3420 922 3434 937 ⁸
3470 909 3663 971 ἔλυσας
3691 909 3792 976 τὴν
3820 925 3977 977 σφρα-

2399 1003 2523 1070 γῖδα
2557 1006 2656 1073 τῆς
2687 1002 2928 1070 ἁγνείας,
2959 1001 3216 1071 ἐφθειρας
3257 1002 3357 1071 τὴν
3408 1000 3586 1070 ψυχὴν
3636 1001 3732 1052 καὶ
3783 1001 3844 1053 τὸ
3873 1000 3976 1052 σῶ-

2405 1114 2501 1167 μα,
2531 1096 2715 1165 ἐγένου
2747 1095 2931 1158 δοῦλος
2951 1095 3050 1164 τῆς
3071 1094 3370 1164 ἁμαρτίας,
3397 1089 3514 1145 εἶτα
3547 1091 3785 1160 seems
3811 1093 3976 1146 ἐπαν-

2401 1188 2532 1257 ῆκες
2564 1187 2698 1258 πρὸς
2713 1187 2862 1254 ἡμᾶς
2890 1187 2947 1237 ὲν
2971 1187 3036 1254 τῇ
3054 1186 3276 1255 ἀπαρχῇ
3314 1182 3408 1236 τοῦ
3433 1181 3694 1253 διωγμοῦ,
3724 1180 3978 1252 ἐξομολο-

2401 1277 2689 1348 γούμενος,
2722 1276 3144 1346 ἐπιτιμώμενος,
3178 1275 3651 1346 ἐπαγγελλόμενος
3704 1275 3810 1346 τὴν
3853 1277 3980 1329 ἀνα-

2400 1369 2608 1440 δρομὴν
2639 1369 2781 1438 μετὰ
2811 1368 2910 1437 τὴν
2936 1367 3148 1421 παῦλαν
3192 1367 3288 1421 τοῦ
3315 1367 3577 1439 διωγμοῦ.
3625 1367 3756 1422 Ἐπὶ
3807 1368 3978 1438 τούτῳ

2403 1463 2498 1515 καὶ
2558 1461 2694 1531 πρὸς
2738 1459 2832 1512 τοῦ
2858 1458 3160 1529 Οἱκονόμου
3220 1458 3633 1530 ἐστοιχειώθης,
3683 1459 3782 1513 καὶ
3831 1461 3980 1528 παρὰ

2403 1552 2496 1606 τοῦ
2529 1551 2761 1621 ἀδελφοῦ
2815 1551 3094 1605 Διονυσίου
3123 1551 3529 1623 προσελήφθης,
3559 1551 3654 1604 καὶ
3680 1551 3784 1620 τὴν
3813 1550 3979 1621 καλὴν

2405 1641 2700 1710 φυγαδείαν
2727 1642 2892 1704 εἵλου,
2926 1643 2990 1695 ὲκ
3014 1642 3196 1695 τόπων
3236 1641 3490 1713 πονηρῶν
3514 1643 3594 1705 είς
3621 1641 3825 1704 τόπους
3851 1643 3983 1708 ἀγα-

716 1735 883 1795 tiouis
931 1750 1096 1804 supra
1146 1744 1313 1803 caput
1357 1742 1510 1789 tuum
1560 1734 2039 1790 circumvolitans.
2073 1734 2137 1790 Et
2169 1752 2304 1807 euge

2413 1732 2532 1796 θοὺς
2556 1731 2932 1802 διαιτώμενος,
2959 1731 3044 1801 ἐφ’
3097 1731 3191 1794 οὒς
3258 1731 3529 1802 ὀφθαλμοὶ
3575 1733 3828 1802 Κυρίουο
3891 1734 3982 1786 καὶ

715 1830 789 1882 ob
842 1827 986 1882 banc
1048 1827 1472 1890 revocatiouem,
1537 1828 1942 1896 purgationem,
2000 1830 2302 1898 angelicam

2413 1827 2435 1878 6
2512 1824 2864 1896 μακαρισμὸς
2919 1823 3016 1878 τοῦ
3077 1822 3323 1894 διωγμοῦ
3388 1825 3528 1895 ὑπὲρ
3589 1823 3836 1893 κεφαλῆς
3891 1841 3981 1879 σου

716 1921 1158 1991 opitulatiouem.
1199 1920 1340 1986 Quid
1371 1936 1502 1990 ergo
1540 1936 1734 1975 rursus
1781 1920 1987 1976 factum
2013 1921 2298 1988 est?Quid

2413 1914 2949 1984 περικυκλούμενοςο
3016 1915 3125 1966 Καὶ
3184 1910 3312 1984 εὖγε
3366 1917 3466 1986 τῆς
3512 1915 3868 1986 ἀνακλήσεως
3890 1919 3984 1984 τῆς

719 2026 796 2072 est
823 2015 967 2084 quod
1009 2031 1038 2068 a
1073 2015 1181 2071 Deo
1215 2026 1264 2067 te
1288 2013 1537 2078 abduxit,
1562 2023 1616 2068 et
1644 2014 1866 2069 diabolo
1902 2015 2302 2072 tradidit?lleu

722 2123 898 2162 meam
953 2107 1332 2162 infelicitatem
1359 2109 1371 2160 !
1409 2107 1682 2162 Reversus
1708 2124 1768 2162 es
1791 2108 1972 2163 denuo
1997 2094 2062 2165 ad
2081 2125 2301 2164 cwnum

719 2198 957 2268 peccati,
1001 2213 1370 2268 corrumpens
1418 2209 1473 2253 et
1531 2211 1824 2268 corruptus
1869 2215 1898 2254 a
1944 2202 2193 2266 muliere,
2220 2202 2304 2256 vel

721 2290 904 2358 potius
922 2303 950 2340 a
975 2287 1316 2345 mulieribus.
1336 2288 1582 2355 Domine,
1603 2288 1892 2353 miserere;
1919 2305 2097 2357 parce,
2128 2290 2302 2358 Deus;

720 2381 931 2435 dimisit
957 2391 1008 2435 te
1034 2391 1221 2436 custos
1247 2389 1372 2434 tuus
1392 2381 1642 2451 angelus,
1674 2383 1916 2451 suscepit
1939 2383 2192 2438 Satanas.
2221 2385 2304 2438 An

724 2473 884 2539 vivis,
909 2471 1113 2525 miser?
1150 2481 1202 2525 et
1231 2471 1508 2540 quomodo
1540 2471 1685 2524 vivat
1727 2473 1772 2525 is
1816 2472 1907 2541 qui
1932 2473 2000 2524 ab
2033 2472 2304 2526 homicida

721 2564 1057 2618 devoratur?
1103 2566 1187 2622 An
1242 2563 1428 2616 lumen
1483 2563 1676 2618 vides?
1719 2574 1772 2617 et
1817 2566 2094 2633 QUOIIIOdO
2126 2566 2306 2620 videat

721 2658 815 2726 qui
839 2655 1051 2726 peccati
1082 2654 1323 2712 tenebris
1347 2664 1430 2709 est
1445 2655 1700 2709 obsitus?
1727 2656 1808 2708 An
1841 2656 2008 2710 Deum
2045 2658 2214 2712 oras?
2252 2666 2307 2711 et

723 2749 1004 2818 quomodo
1053 2748 1119 2802 ad
1176 2747 1468 2802 Dominum
1521 2749 1766 2814 accedat,
1817 2751 1910 2820 qui
1940 2765 2062 2804 sese
2090 2751 2307 2807 diabolo

2406 2005 2746 2077 καθάρσεως,
2800 2005 2902 2076 τῆς
2959 2004 3258 2074 ἁγγελικῆς
3313 2006 3733 2077 ὲπικουρήσεως.
3807 2003 3984 2060 Τίοῦν

2406 2098 2569 2152 πάλιν
2612 2097 2675 2150 τὸ
2726 2098 2983 2165 γεγονός;
3047 2099 3102 2150 τί
3157 2097 3219 2150 τὸ
3270 2099 3544 2168 ὲκστῆσάν
3584 2114 3641 2150 σε
3691 2097 3854 2162 Θεοῦ,
3894 2098 3983 2150 καὶ

2408 2191 2736 2262 παραδῶσαν
2760 2189 2838 2260 τῷ
2865 2189 3135 2260 διαδόλῳ;
3175 2189 3280 2242 Φεῦ
3313 2191 3408 2260 τῆς
3442 2190 3581 2260 ἐμῆς
3629 2190 3978 2260 ἀθλιότητοςι

2418 2281 2788 2352 Ἐπέστρεψας
2809 2283 2970 2336 πάλιν
3001 2283 3080 2344 εἰς
3112 2283 3205 2334 τὸν
3234 2281 3500 2352 βόρϐορον
3549 2281 3647 2351 τῆς
3682 2282 3981 2350 ἁμαρτίας,

2407 2371 2647 2441 φθείρων
2676 2375 2773 2424 καὶ
2816 2371 3199 2442 φθειρόμενος,
3228 2371 3332 2422 ὑπὸ
3362 2370 3646 2438 γυναικὸς,
3688 2371 3894 2440 μᾶλλον
3931 2372 3982 2425 δὲ

2407 2463 2701 2530 γυναικῶν.
2734 2462 2927 2532 Κύριε,
2949 2462 3170 2532 ἐλέησον
3193 2479 3206 2493 ’
3241 2463 3449 2531 φεῖσαι,
3474 2463 3501 2515 ὁ
3516 2462 3666 2525 Θεός.
3688 2463 3894 2534 Ἀφῆκέ
3927 2482 3981 2518 σε

2406 2555 2435 2605 ό
2464 2553 2638 2621 φύλαξ
2662 2569 2755 2605 σου
2795 2553 3047 2620 ἄγγελος,
3080 2551 3447 2621 προσελάδετο
3503 2551 3532 2603 ό
3579 2551 3846 2616 Σατανᾶς.
3882 2557 3982 2624 li;

2410 2643 2536 2717 ἆρα,
2571 2647 2720 2700 ἄθλιε
2753 2663 2768 2706 ;
2800 2647 2897 2699 καὶ
2930 2645 3047 2708 πῶς
3072 2646 3188 2698 ἐστι
3219 2645 3318 2715 ζῇν
3351 2645 3442 2698 τὸν
3474 2646 3578 2699 ὑπὸ
3603 2646 3983 2719 ἀνθρωποκτό-

2409 2755 2500 2792 νου
2522 2737 2941 2809 κατεσθιόμενον
2963 2755 2978 2803 ;
3018 2739 3183 2810 Ὁρᾷς
3209 2733 3317 2808 ἆρα
3338 2738 3399 2790 τὸ
3424 2737 3536 2807 φῶς
3561 2756 3576 2804 ;
3600 2739 3695 2793 καὶ
3723 2741 3845 2804 πῶς
3874 2741 3982 2795 ἔστι

727 2842 1105 2911 mancipavit?
1144 2840 1251 2897 Ubi
1327 2851 1413 2895 est
1474 2843 1798 2909 praclarum
1846 2851 1998 2895 tuum
2057 2843 2310 2897 initium?

2413 2831 2631 2902 βλέπειν
2664 2830 2756 2884 τὸν
2782 2831 3204 2899 ὲσκοστισμένον
3252 2831 3317 2900 τῇ
3352 2829 3637 2901 ἁμαρτίας
3708 2832 3983 2904 προσεύχῃ

727 2935 948 2988 l'ervor?
997 2933 1396 3004 compunctio?
1459 2934 1813 2988 obedientia?
1893 2933 2187 3004 lacrvmze?
2243 2937 2309 2990 ad

2413 2919 2522 2996 ἆρα
2551 2923 2628 2995 τῷ
2666 2923 2785 2993 Θεῴ
2811 2941 2825 2989 ;
2849 2923 2946 2976 καὶ
2972 2921 3091 2986 πῶς
3125 2920 3242 2974 ἐστι
3299 2925 3582 2993 προσιέναι
3638 2925 3855 2994 Κυρίῳ,
3901 2928 3983 2980 τὸν

729 3027 898 3080 lleum
932 3027 1126 3080 volans
1182 3026 1399 3082 oratio?
1431 3027 1671 3082 cmlestis
1711 3030 2094 3083 conversatio?
2145 3031 2310 3084 Abic-

2414 3014 2608 3068 ἑαυτὸν
2646 3013 2992 3066 δουλώσαντα
3018 3010 3097 3081 τῷ
3121 3009 3390 3080 διαδό).ῳ;
3425 3013 3534 3064 Ποῦ
3572 3013 3719 3065 ἐστιν
3759 3015 3795 3082 ἡ
3850 3015 3983 3084 καλή

729 3129 862 3173 runt
887 3121 1094 3182 omnia,
1134 3121 1438 3188 perierunt.
1468 3118 1512 3174 Ο
1548 3121 1778 3174 acerbos
1809 3123 2045 3189 gemitus
2076 3138 2228 3177 meos
2257 3125 2310 3177 in

2416 3123 2509 3158 σου
2541 3107 2683 3176 ἀρχή
2710 3123 2724 3168 ;
2762 3106 2794 3174 ἡ
2831 3104 3012 3175 θέρμη
3043 3121 3058 3169 ;
3088 3105 3120 3174 ή
3152 3101 3450 3169 κατανυξις
3479 3106 3549 3175 ςή
3591 3104 3886 3175 ὑποταγή;
3930 3110 3986 3160 τὸ

728 3221 819 3263 tua
852 3211 1162 3264 dementia!
1204 3211 1417 3266 Utinam
1448 3210 1884 3280 rationisexpers
1909 3213 2110 3266 animal
2137 3229 2308 3278 esses,

2415 3198 2652 3267 δάκρυον
2684 3215 2698 3262 ;
2726 3199 2760 3266 ἡ
2793 3196 3165 3268 θεοπτέρωτος
3197 3199 3514 3270 προσευχῆς
3548 3200 3582 3271 ἡ
3613 3199 3868 3270 οὐράνιος
3894 3218 3985 3254 πο-

727 3304 873 3373 quod
906 3319 1014 3357 non
1045 3312 1128 3357 est
1169 3304 1471 3358 obnoxium
1516 3303 1746 3373 judicio.
1777 3303 1880 3358 Sed
1913 3307 2057 3375 quod
2091 3307 2168 3360 sis
2201 3308 2315 3360 ani-

730 3397 840 3451 mal
875 3412 904 3450 a
938 3395 1045 3451 Deo
1081 3395 1400 3458 formatum,
1435 3397 1582 3466 quod
1637 3407 1906 3463 resurget,
1957 3407 2011 3450 et
2038 3398 2316 3467 judicabi-

732 3501 849 3554 tur;
882 3493 984 3545 hoc
1013 3503 1141 3541 vero
1167 3488 1566 3545 miserandum.
1612 3490 1882 3560 Agedum,
1939 3490 2013 3545 (ili
2070 3491 2168 3558 mi,
2220 3493 2313 3562 qui

733 3583 942 3648 periisti
982 3597 995 3633 :
1033 3596 1154 3651 age,
1185 3581 1250 3635 ad
1285 3579 1578 3636 Dominum
1612 3593 1935 3639 convertere
1977 3601 1990 3637 :
2029 3585 2159 3655 quia
2188 3601 2314 3640 cum

735 3676 1001 3746 benignus
1056 3676 1151 3738 sit.
1209 3675 1408 3729 iterum
1449 3675 1666 3745 recipit,
1733 3679 1932 3731 iterum
1985 3679 2309 3744 sanctilicat,

733 3766 930 3818 iterum
961 3764 1190 3834 nuptiali
1228 3778 1380 3818 veSte
1411 3764 1606 3828 induit,
1660 3763 1854 3817 iterum
1897 3765 2130 3818 vitulum
2163 3767 2310 3834 sagi-

734 3866 922 3910 natum
957 3865 1183 3918 mactat,
1215 3855 1529 3926 etgaudens
1553 3855 1877 3909 convocahit
1901 3871 2165 3925 supernas
2190 3854 2313 3910 Vir-

735 3959 896 4012 tutcs,
925 3949 1052 4019 quia
1091 3949 1347 4002 iuventus
1375 3962 1458 4002 es.
1485 3945 1562 4001 Ne
1593 3947 1760 4017 igitur
1787 3947 1979 4002 audire
2019 3945 2309 4012 detrectes,

733 4044 808 4097 lili
832 4043 928 4105 mi,
962 4043 1034 4096 ﬁli
1069 4043 1142 4096 mi
1186 4060 1200 4096 :
1245 4042 1336 4097 sed
1376 4057 1566 4096 revoca
1603 4048 1675 4105 te,
1722 4040 1819 4095 sed
1889 4051 2182 4108 revertere,
2215 4043 2313 4096 ad-

738 4140 1043 4191 Inercsceus
1061 4137 1281 4206 egregio
1313 4134 1467 4188 fratri
1502 4144 1594 4187 tuo
1611 4133 1892 4205 Dionysio,
1919 4133 2240 4206 priusquam
2263 4143 2317 4192 te

735 4229 930 4282 mortis
963 4239 1182 4281 aeterna:
1215 4225 1530 4296 rbompluea
1563 4225 1806 4280 invadat.

1089 4508 1224 4563 CVI.
1257 4541 1324 4551 —-
1352 4510 1630 4564 Eustratio
1658 4517 1962 4580 pratposilo.

2417 3292 2591 3343 λιτεία
2617 3308 2630 3353 ς
2657 3290 2864 3361 ᾤχοντο
2891 3291 3092 3356 πάντα,
3122 3290 3492 3346 ἀπολώλασιν.
3548 3294 3612 3346 Ὢ
3670 3296 3987 3366 στεναγμῶν

2421 3401 2510 3452 μοι
2542 3383 2756 3453 πικρῶν
2799 3383 2892 3435 ἐπὶ
2921 3385 2990 3454 τῇ
3026 3386 3090 3453 σῇ
3165 3383 3398 3456 ἀλογίαί
3451 3385 3563 3439 ετθε
3613 3386 3751 3451 ζῶον
3803 3388 3987 3455 ἄλογον

2416 3471 2482 3545 ἧς
2515 3491 2528 3505 ⁸
2586 3477 2724 3546 ὅπερ
2755 3476 2847 3539 είς
2896 3476 3077 3546 κρίσιν
3109 3476 3209 3530 οὐκ
3252 3477 3491 3547 ἔρχεται.
3559 3478 3698 3532 Ἀλλ’
3749 3480 3834 3532 ὅτι
3883 3480 3990 3532 θεόο

2417 3570 2674 3634 πλαστον,
2706 3569 3066 3638 ἀνιστάμενον
3103 3570 3204 3622 καὶ
3244 3570 3524 3640 κρίνεσθαι
3573 3570 3786 3639 μέλλον,
3838 3571 3988 3626 τοῦτο

2418 3664 2670 3717 ἐλεεινόν.
2711 3661 2885 3734 Δεῦρο
2911 3662 2996 3731 δὴ,
3031 3663 3061 3714 6
3116 3661 3412 3726 ἀπολωλώς
3474 3678 3576 3732 μου
3639 3662 3777 3724 υἱός.
3804 3663 3989 3734 Δεῦρο,

2419 3754 2752 3826 ὲπίστρεψον
2779 3755 2915 3828 πρὸς
2951 3753 3179 3824 Κύριον,
3211 3754 3295 3806 ὃτι
3319 3753 3702 3824 φιλάνθρωπος
3727 3754 3806 3808 ὢν
3837 3756 3992 3809 πάλιν

2417 3851 2658 3919 δέχεται,
2691 3847 2856 3901 πάλιν
2909 3846 3129 3914 ἁγιάζει
3161 3845 3320 3918 [εἴθε.
3347 3846 3470 3900 cod.
3521 3845 3784 3920 specu],
3839 3848 3993 3902 πάλιν

2421 3942 2800 4014 νυμφοστολεϊ,
2831 3939 2996 3993 πάλιν
3027 3939 3144 3992 θύει
3170 3939 3262 3992 τὸν
3287 3939 3485 4010 μόσχον
3502 3940 3594 3992 τὸν
3621 3941 3889 4007 σιτευτὸν,
3907 3943 3995 3996 καὶ

2421 4039 2628 4110 χαίρων
2665 4033 2991 4103 συγκαλέσει
3011 4034 3113 4097 τὰς
3146 4033 3258 4088 ἂνω
3286 4033 3549 4104 δυνάμεις
3589 4036 3684 4088 επὶ
3716 4038 3782 4105 τῇ
3816 4039 3882 4106 σῇ
3908 4037 3993 4089 εὐε-

2427 4131 2593 4205 ρέσει.
2627 4130 2720 4200 Μὴ
2759 4128 2825 4200 δὴ
2855 4125 2950 4181 οὖν
2975 4126 3303 4199 ἀπειθήσῃς,
3327 4127 3408 4180 υῑέ
3440 4125 3563 4197 μου’,
3600 4127 3681 4181 uit
3714 4145 3850 4195 μου’
3883 4129 3995 4183 ἀλλ’

2424 4223 2783 4293 ἀνακλήθητι,
2812 4220 2928 4274 ἀλλ’
2955 4220 3298 4290 ὑπόστρεψον
3317 4260 3332 4283 ,
3367 4219 3761 4289 συγκολληθεὶς
3793 4221 3872 4292 τῷ
3899 4239 3992 4275 κα-

2424 4315 2502 4385 λῷ
2523 4331 2617 4366 σου
2646 4311 2860 4382 ἁδελφῷ
2899 4310 3181 4379 Διονυσίῳ,
3206 4312 3336 4381 πρίν
3380 4323 3440 4363 σε
3485 4311 3766 4384 καταλάϐῃ
3790 4315 3826 4384 ἡ
3868 4315 3996 4385 ῥομ-

2426 4407 2561 4476 φαία
2609 4405 2704 4458 τοῦ
2755 4403 2974 4458 αἰωνίου
3019 4401 3270 4456 Θανάτου.

2537 4518 2658 4583 pq.
2682 4515 2780 4583 (δ),
2814 4542 2883 4552 -
2906 4513 3252 4580 εὐστρατίφ
3279 4512 3614 4584 ἥιυυμένψο
3650 4514 3802 4591 [Χλὀ]

1461 4605 1688 4667 Lapsum,
1722 4615 1773 4654 et
1794 4609 1959 4658 scelus
1984 4611 2340 4664 defendentem
2377 4611 2620 4674 objurgat.
2647 4608 2848 4673 (Baron.
2871 4620 2950 4656 an.
2972 4606 3084 4666 822,
3106 4619 3153 4653 n.
3183 4607 3285 4669 Π.)

806 4687 1044 4746 Gavisus
1103 4704 1227 4744 sum
1281 4699 1507 4759 accepta
1560 4693 1862 4747 venerabili
1917 4695 2147 4764 epistola
2200 4708 2314 4763 tua,
2350 4703 2392 4757 D

732 4781 960 4840 Patrum
977 4783 1324 4846 cbarissime,
1345 4782 1437 4836 ubi
1458 4781 1526 4836 de
1550 4786 1857 4840 sanctitatis
1884 4796 1989 4841 tua:
2015 4789 2180 4846 rebus
2204 4792 2320 4848 haec

732 4888 787 4932 et
823 4877 911 4936 illa
941 4877 1192 4947 cognovi.
1227 4875 1520 4941 Cancrum,
1555 4879 1700 4946 quod
1733 4894 1797 4933 ex
1833 4882 2042 4937 nuntiis
2078 4892 2316 4948 tantum.

733 4969 828 5024 sed
857 4979 1037 5026 tamen
1063 4969 1170 5026 llde
1193 4968 1376 5039 dignis
1403 4970 1615 5040 accepi,
1648 4974 1933 5042 aegerrime
1968 4976 2065 5029 tuli
2089 4978 2317 5032 audiens

735 5063 916 5115 [ictam
943 5059 1432 5130 subscriptionem.
1465 5060 1543 5115 Ac
1580 5064 1793 5118 sustine
1833 5081 1942 5131 me,
1972 5068 2317 5123 reverendis-

735 5151 909 5212 sime,
961 5148 1194 5202 liberius
1248 5147 1640 5203 disserentem.
1688 5149 1808 5204 Non
1849 5153 1970 5207 sine
2017 5171 2187 5209 causa
2225 5155 2325 5211 luit

733 5241 881 5312 quod
907 5255 1035 5294 cum
1066 5255 1094 5294 a
1129 5239 1281 5309 regio
1326 5241 1579 5295 ministro
1611 5244 1898 5308 tenereris,
1932 5245 2204 5302 indemnis
2229 5245 2318 5301 di~

735 5333 942 5386 missus
996 5330 1170 5385 fuisti.
1197 5328 1312 5386 Hoc
1340 5315 1489 5384 enim
1531 5341 1617 5386 cst
1649 5333 1795 5402 quod
1832 5351 2080 5392 rumores
2107 5339 2200 5408 qui
2234 5339 2318 5408 ja-

734 5435 958 5481 ctantur
981 5423 1220 5478 induxit.
1248 5421 1470 5478 Nullum
1496 5423 1679 5494 itaque
1713 5441 1904 5480 corum
1939 5429 2030 5496 qui
2067 5429 2320 5484 libertate

738 5518 822 5571 usi
852 5525 1001 5578 sunt,
1022 5515 1143 5568 sine
1163 5527 1407 5580 carcere,
1433 5527 1528 5570 aut
1562 5515 1752 5570 saltem
1782 5517 1901 5572 sine
1928 5520 2124 5574 exsilio
2161 5536 2319 5573 man-

736 5613 898 5674 sisse,
962 5609 1015 5662 in
1055 5605 1312 5662 confesso
1347 5618 1450 5662 est.
1488 5608 1591 5674 Qui
1623 5625 1751 5663 vero
1787 5611 1982 5665 harum
2015 5627 2195 5665 rerum
2227 5628 2318 5666 ex—

739 5716 919 5774 pertes
961 5703 1206 5760 fuerunt,
1254 5701 1287 5753 ii
1327 5701 1538 5756 seducti
1572 5713 1723 5767 sunt,
1762 5714 1820 5758 ut
1861 5722 1925 5759 ne
1986 5703 2114 5775 quid
2161 5721 2319 5775 aspe-

737 5799 852 5850 rius
874 5796 1061 5848 dicens
1093 5803 1143 5848 te
1169 5792 1438 5846 oll'endam

807 5959 886 6029 (5)
930 5959 988 6014 ln
1027 5957 1149 6015 cod.
1187 5952 1315 6026 Reg.
1363 5953 1464 6024 pO'.

2503 4693 2742 4764 Ἐχάρην
2769 4689 3064 4760 δεξάμενός
3090 4707 3186 4744 σου
3214 4691 3276 4744 τὸ
3311 4690 3494 4761 τίμιον
3514 4692 3772 4764 γράμμα,
3829 4694 3999 4749 nati-

2423 4807 2532 4857 ρων
2571 4785 2821 4854 φίλτατε,
2847 4783 2941 4837 καὶ
2965 4783 3238 4854 διδαχθεὶς
3277 4782 3348 4836 τὰ
3397 4783 3543 4838 κατὰ
3597 4785 3695 4857 τὴν
3743 4788 3998 4858 όσιότητά

2421 4897 2513 4934 σου
2541 4876 2716 4939 οὕτως
2735 4876 2880 4947 ἔχειν
2897 4877 2992 4930 καὶ
3024 4874 3219 4942 οὕτως,
3263 4877 3408 4942 ἐπεὶ,
3440 4879 3566 4932 ὅσον
3590 4881 3656 4932 ικ
3684 4879 3793 4932 τῶν
3821 4881 3996 4951 ἀπαγ-

2419 4969 2735 5038 γειλάντων,
2771 4968 2948 5023 καίτοι
2978 4967 3328 5035 ἀξιοπίστων,
3384 4969 3653 5042 λυπηρῶς
3694 4972 3998 5043 διεκείμην,

2419 5060 2662 5125 ἀκούσας
2687 5061 2787 5132 τὴν
2813 5061 3174 5132 ὑποκριτικὴν
3207 5061 3553 5134 ὑπογραφὴν.
3585 5065 3699 5118 Καί
3728 5082 3798 5136 με
3830 5066 3994 5132 δέξαι,

2419 5155 2740 5227 τιμιώτατε,
2775 5154 3393 5226 παρρησιαστικώτερον
3424 5155 3836 5225 διαλεγόμενον.
3892 5162 3998 5212 Οὐκ

2423 5246 2530 5312 ἔξω
2552 5245 2730 5308 αἰτίας
2757 5246 2819 5298 τὸ
2855 5244 3264 5315 κατασχεθέντα
3292 5263 3349 5298 σε
3379 5245 3484 5299 ὑπὸ
3509 5247 3794 5316 βασιλικοῦ
3824 5251 3999 5315 μεῖναι

2424 5339 2632 5408 ἀπαθῆ,
2672 5339 2841 5410 ῆγουν
2877 5337 3098 5404 ἄφετον.
3151 5339 3322 5392 Τοῦτο
3347 5339 3456 5408 γὰρ
3496 5339 3606 5392 τῶν
3638 5339 3999 5413 τεθρυλλημέ-

2424 5447 2531 5483 νων
2557 5430 2864 5498 ἐπαγωγόν.
2902 5429 3090 5492 Οὐδεὶς
3122 5424 3216 5484 οὖν
3262 5428 3373 5482 τῶν
3428 5432 4001 5502 πεπαρρησιασμὶνων

2424 5521 2558 5593 ἄτερ
2600 5520 2873 5592 φυλακῆς,
2921 5520 3356 5592 ἢτοῦλάχιστον,
3400 5521 3636 5592 δξορίας,
3685 5524 3805 5594 ἦτοι
3827 5541 4000 5594 φυγαο

2421 5615 2571 5677 δείιις
2608 5613 2955 5685 ὡμολόγηται
2984 5613 3278 5684 διαμεῖναι.
3307 5614 3371 5667 οι
3396 5613 3454 5668 δὲ
3480 5615 3686 5668 τούτων
3719 5617 3902 5682 ἐκτὸς,
3928 5621 4002 5670 ὲν-

2424 5707 2514 5770 τδς
2557 5706 2655 5777 τῆς
2695 5705 3024 5776 ἀπαγωγῆς,
3059 5704 3148 5763 ἵνα
3197 5707 3274 5779 μὴ
3331 5706 3666 5780 τραχύτερον
3713 5707 3889 5764 εἰπὼν
3924 5711 4002 5763 λυ-

2431 5815 2609 5869 rem.
