4156 6522
225 482 364 546 1365

1414 475 1957 537 EPISTOLARUM
2020 474 2166 535 LIB.
2205 435 2314 536 Π.

3375 474 3511 541 1366

298 598 371 650 Ἦ
426 596 488 650 ού
544 593 844 664 διεδλέψω,
895 591 1359 665 διορατικώτατε,
1417 593 1510 646 τὸν
1563 591 1843 662 χαλεπδνλ

1975 590 2175 646 Annon
2206 591 2417 656 vidisti,
2448 591 2534 645 vir
2563 591 2981 658 oculatissime,
3013 607 3236 663 gravem
3271 591 3507 666 Leonis,

219 689 464 760 διωγμὸν
510 688 740 752 Λέοντος
791 686 883 740 τοῦ
931 684 1315 758 θηριωνύμου;
1347 679 1409 738 οὗ
1453 687 1486 756 η
1542 684 1804 755 Ἀχααὸι-

220 782 352 852 τικὴ
379 782 499 854 χεὶρ
526 775 638 833 εἷλε
664 780 760 834 καὶ
788 779 918 843 τοὺς
941 777 1000 844 ἐξ
1029 779 1192 833 ἀλλου
1227 780 1488 851 κράτους,
1515 777 1724 832 ἔκτεινέ
1746 795 1806 833 τε

223 874 324 926 καὶ
357 872 528 925 ὤλεσε
547 887 562 904 ο
587 871 649 926 τό
673 888 738 940 γε
775 870 1286 942 φιλανθρωπότερον
1315 870 1627 942 ὲφρούρησε
1671 869 1809 940 μετά

225 965 435 1018 πικοάν
484 964 858 1036 μαστίγωσινο
891 963 964 1035 μὴ
998 965 1081 1017 δτι
1116 981 1180 1032 γε
1211 965 1337 1028 τοὺς
1375 965 1481 1017 ὑπὸ
1522 966 1701 1036 χεῖρα.
1743 964 1808 1018 Εἰ

223 1059 275 1111 δ’
314 1057 476 1120 αὐτὸς
512 1057 734 1116 ούτίπου
768 1057 878 1110 τῶν
925 1056 1188 1109 τοιούτων
1218 1056 1505 1120 πεπονθὼς
1545 1057 1685 1128 μετὰ
1709 1058 1811 1130 τὴν

227 1146 530 1223 σύλληψιν,
562 1146 870 1215 σύγγνωθι,
921 1146 1196 1217 ὲσυλήθης
1219 1190 1233 1213 ,
1270 1146 1414 1215 ἅγιε.
1469 1148 1578 1202 Καὶ
1614 1149 1689 1219 μή
1721 1165 1812 1218 μοι

225 1239 600 1310 φυλάττεσθαι
656 1239 756 1302 τὰς
823 1238 1031 1303 οἰκείας
1107 1238 1444 1310 Ἐκκλησίας
1496 1239 1662 1309 λέγε,
1720 1243 1814 1295 καὶ

228 1333 378 1396 σώας
421 1332 520 1393 τὰς
579 1331 820 1404 ἱστορίας
876 1334 1090 1404 μένειν,
1139 1335 1242 1404 τήν
1285 1351 1346 1387 τε
1399 1336 1679 1406 ἀναφοράν
1723 1334 1813 1388 τοῦ

229 1426 539 1492 ἀγιωτάτου
576 1426 733 1497 ἡμῶν
773 1427 1138 1499 πατριάρχου.
1176 1426 1348 1481 Τοῦτο
1391 1429 1499 1498 γάρ
1538 1429 1630 1483 καὶ
1663 1425 1814 1480 ἄλλοι

228 1519 571 1590 ἀπαχθέντες
615 1519 1011 1588 φιλολογοῦσιν.
1045 1521 1121 1573 οὐ
1162 1520 1389 1573 δύναται
1429 1519 1602 1574 ταῦτα
1632 1519 1786 1572 διασε

231 1609 473 1674 σῶσθαι,
541 1609 589 1662 εί
659 1609 819 1680 μήτοι
868 1610 1132 1682 προδοσίᾳ
1181 1610 1447 1682 ἀληθινῆς
1512 1610 1817 1674 ὲνστάσεως

229 1701 469 1770 ἐγένετο.
511 1701 577 1754 Τί
625 1701 683 1754 τὸ
716 1702 910 1772 ὄφελος
930 1743 944 1767 ,
989 1705 1038 1756 εἰ
1079 1705 1245 1774 ἡμεῖς
1273 1704 1322 1757 οἰ
1350 1703 1478 1767 ναὸς
1507 1702 1645 1757 Θεοῦ
1666 1743 1682 1768 ,
1724 1702 1819 1757 καὶ⁴

229 1793 386 1857 ὄντες
435 1793 532 1846 καὶ
579 1792 900 1865 λεγόμενοι,
947 1793 1366 1865 ἡχρειώθημεν,
1426 1794 1522 1850 καὶ
1577 1794 1819 1865 ἀψύχους

229 1888 417 1948 οίκους
446 1885 986 1956 περιεποιησάμεθα;
1013 1889 1046 1958 ἡ
1078 1884 1243 1940 εἰκὼν
1270 1885 1367 1940 τοῦ
1396 1886 1662 1956 Χριστοῦ,
1690 1885 1815 1938 οῦτε

229 1977 334 2047 τῆς
385 1978 685 2044 Θεοτόκου,
745 1977 871 2032 οὒτε
913 1979 1059 2042 τινὸς
1102 1977 1258 2048 ἁγίου
1291 1979 1593 2035 διαπίπτει.
1646 1980 1815 2035 Μένει

234 2071 346 2142 γὰρ
377 2071 435 2124 ὲν
472 2071 654 2135 αὐτοῖς
689 2071 765 2134 ὡς
816 2069 1199 2140 πρωτοτύποις
1219 2084 1235 2101 ⁸
1279 2071 1540 2125 πίπτουσι
1571 2073 1627 2126 δὲ
1657 2074 1706 2127 oi
1733 2073 1817 2126 δο-

231 2163 459 2226 κοῦντες
499 2164 784 2233 καθαιρεῖν
835 2163 1040 2226 αὑτάςο
1089 2163 1227 2217 ἀλλά
1269 2165 1378 2236 γὰρ
1417 2165 1512 2218 καὶ
1557 2166 1607 2218 οἰ
1647 2165 1819 2234 φειδοῖ

229 2255 439 2308 τούτων
470 2256 763 2326 προέμενοι
792 2255 892 2326 τὴν
923 2258 1266 2328 παρρησίαν,
1301 2260 1396 2315 καὶ
1425 2259 1522 2330 τὴν
1550 2259 1616 2313 δι’
1648 2259 1819 2330 αὐτῆς

231 2348 498 2403 κάκωσιν.
536 2349 683 2402 Ούάί
728 2347 879 2401 ἄλλοι
910 2348 1379 2422 ἀποθνήσκοντες,
1423 2351 1598 2422 έτεροι
1645 2352 1817 2421 ὑπερ-

230 2439 545 2511 οριξόμενοι
566 2483 581 2506 ,
613 2439 766 2494 ἄλλοι
818 2441 1235 2512 μαστιζόμενοι,
1271 2444 1448 2514 ἕτεροι
1479 2444 1820 2515 φρουρούμε-

234 2549 351 2587 νοι·
386 2534 456 2586 τὰ
503 2533 604 2604 ὅρη
655 2532 849 2603 ἔχοντα
898 2536 993 2588 καὶ
1018 2536 1073 2587 αἱ
1115 2537 1361 2606 ὲρημίαι,
1393 2537 1590 2610 πέτραι
1633 2556 1691 2591 τε
1725 2539 1819 2591 καὶ

235 2625 480 2696 σπήλαια
525 2627 652 2690 τοὺς
708 2627 998 2697 μακαρίως
1037 2628 1432 2699 δεδιωγμένους
1457 2649 1472 2665 ο
1529 2633 1619 2685 καὶ
1657 2634 1819 2703 ἡμεῖς

232 2721 372 2774 οτκοι
417 2721 707 2792 μένοντες,
760 2723 856 2776 καὶ
906 2725 1143 2794 οἰόμενοι
1197 2725 1452 2789 ἀδλαόὦς
1503 2726 1814 2796 διαμένειν;

233 2814 510 2885 οὐδαμῶς.
570 2815 884 2869 Ἀπολέσθω
923 2818 1074 2870 πᾶσα
1102 2819 1135 2886 ἡ
1167 2817 1260 2871 τοῦ
1304 2818 1508 2889 κόσμου
1567 2819 1666 2891 ὓλη
1709 2818 1818 2872 τῶν

232 2906 536 2959 δοκούντων
563 2921 577 2937 '
621 2909 654 2975 ἠ
706 2909 1117 2980 ὁμολογουμένη
1155 2909 1329 2980 βλάϐη
1367 2910 1546 2980 ψυχῆς
1592 2929 1821 2981 προκρι-

234 2997 416 3051 νέσθω
457 2998 525 3070 ἣν
551 2998 763 3070 ύπέστη
812 3002 920 3065 πᾶς
955 3003 1358 3072 προφασιστής.
1409 3003 1596 3056 Ταῦτα
1649 3002 1819 3072 φιλῶν

235 3089 334 3144 καὶ
390 3090 826 3162 ὑπομιμνήσκων
875 3094 1104 3163 εἴρηκα,
1147 3094 1240 3146 καὶ
1285 3094 1359 3157 ὡς
1391 3095 1494 3147 ὑπὸ
1540 3097 1820 3165 ἐπιτιμίαν

238 3179 409 3250 ἐσμὲν
441 3182 582 3247 ἄξιοι
625 3182 801 3236 ἐλθεῖν
828 3200 842 3215 ο
887 3183 981 3236 καὶ
1017 3183 1098 3236 ὅτι
1148 3183 1207 3235 ὲν
1248 3184 1427 3255 καιρῷ
1469 3184 1818 3254 όρθοδοξίας,

1908 684 2134 738 nomine
2159 682 2336 738 ferino
2359 683 2508 751 digiti
2565 686 3004 754 persecutionem
3029 686 3053 738 ?
3077 686 3237 755 cujus
3266 686 3508 743 Acltabi-

1917 776 2021 829 tica
2057 790 2255 831 manus
2283 776 2448 830 etiam
2480 789 2573 831 eos
2597 778 2690 848 qui
2721 778 2825 833 sub
2849 779 2954 833 alio
2984 780 3215 850 imperio
3235 790 3390 836 erant
3414 797 3510 851 ap-

1911 869 2221 937 prehendit,
2257 870 2478 936 occidit,
2510 871 2827 940 interemit,
2865 883 2958 928 aut
2983 916 2998 940 ,
3031 875 3177 942 quod
3215 875 3511 929 humanius

1915 960 2058 1025 fuit,
2116 961 2172 1015 in
2225 977 2499 1017 carcerem
2540 962 2772 1019 detrusit
2807 974 2928 1035 post
2964 967 3140 1020 diram
3190 967 3512 1038 ﬂagellatio-

1912 1067 2034 1106 nem
2066 1074 2079 1107 :
2131 1054 2330 1109 nedum
2361 1054 2430 1108 iis
2465 1071 2695 1125 parcens
2730 1058 2821 1127 qui
2859 1068 3015 1112 erant
3055 1060 3157 1115 sub
3199 1060 3320 1128 ejus
3355 1071 3508 1129 pote-

1913 1155 2075 1204 state.
2126 1147 2282 1214 Quod
2337 1149 2383 1203 si
2443 1161 2501 1203 tu
2543 1149 2684 1202 nihil
2722 1151 3035 1219 hujusmodi
3069 1167 3267 1222 passus
3284 1166 3344 1206 es
3383 1162 3509 1222 post

1913 1241 2487 1311 comprehensionem,
2513 1242 2773 1313 ignosce:
2800 1245 3068 1314 spoliatus
3091 1260 3171 1311 es,
3194 1245 3279 1299 vir
3296 1255 3506 1300 sancte.

1914 1331 2100 1403 Neque
2130 1332 2264 1386 mihi
2300 1332 2504 1389 dixeris
2545 1343 2792 1391 servatas
2826 1335 3000 1391 fuisse
3027 1336 3282 1406 proprias
3330 1335 3509 1391 eccle-

1913 1427 2044 1494 sias,
2079 1434 2134 1482 et
2163 1427 2407 1497 picturas
2439 1430 2682 1500 integras
2714 1444 3057 1499 permanere,
3089 1439 3144 1483 et
3165 1443 3510 1483 commemo-

1915 1521 2182 1574 rationem
2210 1521 2548 1576 sanctissimi
2573 1521 2903 1591 patriarchae
2929 1522 3122 1577 nostri.
3146 1520 3262 1577 Hoc
3286 1523 3430 1576 enim
3456 1533 3510 1575 et

1917 1612 2009 1668 alii
2039 1612 2130 1682 qui
2161 1613 2373 1668 seducti
2407 1614 2631 1668 fuerunt
2662 1615 2880 1670 causari
2914 1615 3113 1669 solent.
3156 1611 3274 1669 Non
3313 1622 3509 1682 potue-

1917 1714 2049 1759 runt
2075 1707 2189 1760 hinc
2219 1707 2448 1771 servari,
2487 1707 2592 1762 nisi
2623 1723 2768 1762 verte
2790 1706 3124 1762 defensionis
3157 1705 3394 1776 proditio
3422 1705 3511 1758 in-

1920 1797 2241 1854 tercederet.
2272 1797 2412 1863 Quid
2457 1803 2678 1868 prodest
2702 1799 2747 1854 si
2788 1814 2890 1853 nos
2928 1799 3020 1868 qui
3048 1797 3141 1852 Dei
3172 1797 3432 1868 templum
3455 1805 3507 1851 et

1921 1905 2108 1946 sumus
2142 1901 2195 1946 et
2217 1891 2456 1945 dicimur
2482 1934 2495 1956 ,
2529 1892 2757 1946 inutiles
2790 1891 2918 1946 facti
2948 1906 3143 1946 sumus
3169 1933 3184 1958 ,
3228 1890 3508 1944 inanimas

1921 1993 2100 2035 autem
2123 1981 2319 2038 domos
2352 1982 2589 2052 integras
2638 1981 2964 2037 servamus?
3024 1982 3206 2051 Imago
3257 1980 3506 2047 Christi,

1920 2089 2020 2129 nec
2056 2073 2305 2144 Deiparze
2334 2114 2348 2138 ,
2407 2090 2507 2129 nec
2556 2074 2736 2129 sancti
2785 2075 2950 2129 ullius
2994 2074 3290 2129 intercidit.
3326 2073 3512 2129 Manet

1918 2167 2063 2221 enim
2088 2167 2141 2221 in
2168 2168 2250 2222 eis
2282 2176 2549 2238 tanquam
2580 2168 2926 2238 prototypis:
2961 2167 3225 2224 excidunt
3259 2181 3388 2220 vero
3414 2166 3510 2236 qui

1920 2261 2040 2315 illas
2089 2277 2121 2315 e
2168 2261 2351 2315 medio
2402 2260 2590 2314 tollere
2641 2261 2746 2316 sibi
2797 2261 3075 2328 videntur,
3120 2268 3235 2315 tum
3289 2267 3343 2313 et
3375 2258 3509 2329 qui,

1920 2363 1981 2408 ut
2011 2355 2096 2410 his
2129 2362 2357 2423 parcant
2387 2392 2401 2417 ,
2437 2354 2743 2408 libertatem
2777 2353 3096 2421 abiecerunt
3121 2393 3136 2417 ,
3179 2362 3253 2420 et,
3286 2369 3406 2423 quae
3441 2366 3511 2406 ex

1920 2461 1982 2499 ea
2021 2446 2291 2514 sequitur,
2334 2445 2707 2500 vexationem.
2737 2444 2862 2500 Vae!
2907 2445 2997 2500 alii
3043 2444 3375 2510 moriuntur,
3416 2445 3510 2500 alii

1919 2536 2193 2602 exsulant,
2239 2537 2332 2591 alii
2389 2536 2622 2608 flagellis
2681 2537 3004 2604 caeduntur,
3055 2535 3148 2591 alii
3197 2535 3510 2591 carceribus

1921 2629 2253 2684 addicuntur
2286 2647 2298 2683 :
2339 2639 2554 2684 montes
2577 2639 2634 2684 et
2660 2629 3011 2692 solitudines,
3047 2642 3176 2682 saxa
3207 2636 3261 2682 et
3283 2627 3510 2698 spelun-

1919 2737 1996 2777 cae
2029 2722 2218 2776 beatos
2244 2721 2364 2778 illos
2388 2723 2477 2791 qui
2506 2721 2944 2791 persecutionem
2965 2720 3272 2790 patiuntur,
3301 2719 3507 2785 passim

1922 2815 2127 2869 habent
2155 2833 2167 2868 :
2204 2824 2257 2870 et
2281 2831 2384 2870 nos
2409 2814 2559 2868 domi
2597 2814 2888 2879 haerentes,
2921 2813 3127 2883 absque
3157 2811 3510 2868 incommodo

1923 2921 2144 2960 manere
2189 2921 2290 2960 nos
2325 2921 2488 2975 posse
2527 2905 2907 2961 arbitramur?
2944 2902 3296 2960 Nullomodo.
3320 2903 3513 2960 Pereat

1922 2999 2180 3053 universa
2215 2997 2406 3051 mundi
2439 2997 2795 3068 aspectabilis
2835 2997 3062 3052 materia
3093 3016 3106 3052 :
3147 3005 3512 3067 anteponatur

1923 3100 2067 3146 certa
2094 3091 2292 3145 anima:
2325 3091 2625 3160 pernicies,
2657 3106 2821 3160 quam
2864 3091 3032 3145 subiit
3061 3091 3312 3162 quisquis
3342 3105 3514 3146 excu-

1923 3183 2193 3237 sationem
2224 3182 2538 3252 praatendit.
2583 3182 2707 3237 Haec
2736 3183 2939 3238 amoris
2974 3197 3104 3252 ergo
3128 3225 3142 3248 ,
3185 3191 3244 3236 ut
3268 3196 3515 3238 commo.

234 3273 392 3326 οὐδὲν
423 3274 782 3346 ἀψηλάφητον
812 3275 1068 3347 ἀφεθείη.
1128 3277 1240 3331 Καὶ
1263 3274 1321 3332 εὖ
1352 3279 1484 3347 ἔχει,
1513 3278 1600 3332 διά
1631 3297 1822 3333 ταπει-

1925 3273 2435 3338 nefaciam,dixi,et
2463 3281 2524 3327 ut
2550 3273 2703 3343 digni
2726 3273 2899 3328 simus
2922 3273 3016 3343 qui
3043 3273 3108 3326 ad
3135 3272 3514 3343 ptenitentiam

237 3365 456 3431 νώσεως
489 3367 743 3438 βαδίσαι,
781 3371 875 3422 καὶ
907 3369 1161 3424 ἰάσασθαι
1215 3371 1276 3424 τὸ
1310 3370 1640 3441 ἠσθενηκὸς,
1663 3370 1696 3436 ἥ
1733 3369 1821 3423 διὰ

238 3461 602 3532 ἀναιτιασμοῦ
633 3461 984 3534 προστρίϐειν
1013 3463 1227 3526 ἑαυτοῖς
1257 3463 1476 3532 μείζονα
1502 3461 1822 3532 αἰτιάματα.

1929 3366 2215 3420 veniamus
2248 3380 2263 3417 :
2314 3372 2369 3419 et
2413 3363 2541 3435 quia
2566 3404 2581 3429 ,
2631 3381 2756 3419 cum
2793 3373 3010 3434 tempus
3043 3365 3165 3420 fidei
3197 3365 3518 3421 orthodoxa:

1933 3471 2302 3530 Opportunum
2328 3459 2429 3514 erit
2453 3498 2468 3524 ,
2503 3458 2641 3512 nihil
2672 3458 3019 3527 relinquetur
3045 3475 3153 3515 non
3179 3473 3475 3515 excussum
3500 3475 3516 3513 :

241 3568 573 3628 praestatque
621 3572 716 3627 per
761 3557 1123 3612 humilitatem
1178 3558 1472 3624 incedere,
1528 3568 1582 3613 et
1632 3556 1817 3614 sanari
1854 3558 2001 3627 quod
2049 3557 2326 3610 infirmum
2370 3564 2498 3620 est,
2555 3569 2722 3625 quam
2772 3570 2868 3625 per
2921 3555 3306 3626 impunitatem
3343 3557 3522 3614 accire

241 3656 345 3711 sibi
379 3655 587 3722 majora
615 3654 833 3709 delicta.

423 3750 523 3802 PZ'
553 3748 655 3819 (4).
690 3777 763 3788 —
791 3747 919 3814 Τοῖς
946 3748 1016 3801 ἐν
1042 3746 1214 3802 ἄστει
1246 3747 1556 3817 ἀδελφοῖς.
1633 3745 1825 3820 [χλγ’.]

2153 3742 2312 3799 CVII.
2340 3773 2412 3786 —-
2434 3741 2722 3799 Fratribus
2746 3744 2799 3798 in
2825 3742 2953 3800 urbe
2978 3744 3306 3816 degentibus.

1121 3862 1355 3921 Quadam
1383 3869 1554 3911 contra
1578 3861 1793 3911 officium
1828 3873 1883 3910 ac
1912 3863 2098 3921 praeter
2122 3856 2190 3906 fas
2208 3863 2417 3920 agentes
2447 3855 2690 3919 increpat.
2788 3858 2794 3872 '

337 3966 613 4038 Εύκαιρον
640 3965 938 4036 ἡγησάμην
969 3965 1136 4018 τανῦν
1165 3966 1428 4030 εἰσιόντος
1477 3965 1571 4019 τοῦ
1603 3965 1837 4033 ἀδελφοῦ

245 4060 476 4122 Λέοντος
507 4059 814 4113 ἐπιστεῖλαι
841 4058 1041 4120 κοινῶς
1067 4059 1258 4123 πᾶσιν,
1289 4057 1654 4129 εὐλογημένοι
1685 4056 1836 4111 ἀδελ-

247 4155 341 4221 φοὶ
374 4152 470 4205 καὶ
526 4151 806 4221 Πατέρες’
840 4151 1426 4222 προσυπομιμνήσκων
1478 4149 1549 4202 τά
1597 4149 1836 4220 ἐχόμενα

248 4246 546 4316 σωτηρίας.
589 4244 807 4315 Ἐπειδὴ
838 4246 940 4298 κάν
973 4247 1038 4315 τῇ
1067 4244 1307 4316 ἀπουσίᾳ
1328 4242 1501 4314 ταύτῃ
1529 4243 1622 4296 καὶ
1649 4243 1835 4314 ἐξορίᾳ

248 4336 488 4406 ἔμφοϐος
515 4337 630 4406 εἰμι
655 4337 749 4390 καὶ
775 4335 1040 4407 ἔντρομος
1076 4335 1214 4406 μετά
1248 4335 1340 4392 τοῦ
1376 4335 1581 4389 οἰκείου
1611 4335 1831 4406 φορτίου
1867 4374 1909 4428 D

246 4427 360 4480 τῶν
399 4429 832 4498 ἁμαρτημάτων,
865 4426 963 4482 καὶ
999 4427 1130 4498 περὶ
1157 4430 1256 4495 τῆς
1285 4427 1597 4499 ἀνηκούσης
1626 4445 1717 4500 μοι
1750 4429 1831 4492 εἰς

249 4521 396 4593 ὑμᾶς
427 4521 709 4590 φροντίδος
759 4520 856 4573 καὶ
891 4521 1247 4589 προστασίας.
1291 4519 1571 4589 Φοϐοῦμαι
1599 4520 1708 4591 γὰρ
1736 4520 1833 4573 καὶ

246 4611 401 4664 δέδια
423 4651 438 4674 ,
469 4612 664 4682 μήπως
695 4610 854 4681 ὑμεῖς
889 4612 937 4664 οἰ
974 4612 1032 4663 ὲν
1058 4611 1214 4665 ἄστει
1245 4611 1646 4683 διατρίὁοντες,
1682 4611 1834 4682 εὑρι-

248 4702 572 4773 πιστότερον
601 4705 681 4768 εἰς
719 4703 1004 4774 ἐμπτωσίν
1032 4721 1156 4758 τινα
1187 4703 1480 4775 ὲμπέσοιτε
1503 4741 1519 4767 ,
1554 4704 1652 4757 καὶ
1689 4703 1832 4775 ἅπερ

247 4795 342 4848 διὰ
381 4795 592 4850 πολλῶν
619 4795 806 4851 κόπων
833 4813 895 4850 τε
929 4798 1026 4850 καὶ
1058 4796 1260 4862 ἄθλων,
1288 4796 1398 4851 τῶν
1425 4796 1534 4868 πρὸ
1562 4796 1830 4867 διωγμοῦ,

251 4889 349 4941 καὶ
391 4887 450 4939 ὲν
475 4887 553 4958 τῷ
588 4885 814 4958 διωγμῷ
848 4887 1290 4958 συνηθροίσαμεν
1323 4887 1832 4958 ἀγαθουργήματα,

249 4976 746 5046 ἀφυλακτήσαντες
794 4974 934 5047 πρὸς
990 4974 1200 5045 βραχὺ,
1236 4973 1406 5055 ἄρδην
1453 4974 1830 5044 ἀπολέσωμεν.

263 5069 476 5122 Ἀκούω
518 5067 820 5135 ἀστασίαν,
853 5067 1190 5138 μεταδασίαν
1213 5083 1230 5099 ο
1260 5066 1422 5122 ἄλλον
1459 5066 1519 5131 ἐξ
1551 5067 1711 5122 ἄλλου
1737 5065 1836 5122 καὶ

250 5159 487 5230 ἀδελφοῦ
513 5162 609 5215 καὶ
637 5161 805 5213 τόπου
833 5159 1234 5230 μεταϐαίνοντα
1257 5175 1271 5190 °
1303 5159 1397 5214 καὶ
1420 5159 1482 5213 τό
1514 5177 1578 5229 γε
1605 5157 1836 5213 ἐλεεινό-

249 5269 448 5324 τερον,
505 5253 666 5322 μόνον
720 5252 882 5306 ἀλλον
926 5251 1297 5322 καθεζόμενον
1321 5289 1336 5314 ,
1374 5252 1470 5305 καὶ
1507 5251 1726 5323 ἕτερον.
1772 5251 1836 5304 τὸ

253 5345 470 5399 κελλίον
509 5347 590 5408 εἰς
625 5344 804 5398 οἰκίαν
842 5344 972 5398 ἔνθα
993 5347 1275 5414 γυναῖκες,
1301 5342 1526 5415 ἔχοντα’
1551 5345 1646 5398 καὶ
1677 5345 1836 5400 ἄλλον

254 5433 424 5487 πάλιν
463 5434 544 5497 εἰς
586 5433 952 5505 μοναστήριον
977 5435 1293 5500 γυναικεῖον
1335 5431 1691 5502 διαιτώμενον
1723 5431 1837 5484 εἰσ-

255 5526 378 5580 αείο
413 5526 601 5597 ἕτερον
665 5526 828 5578 πάλιν
871 5518 975 5578 ὧδέ
1016 5541 1076 5576 τε
1127 5525 1350 5577 κάκεῖσε
1400 5521 1835 5594 οἰκοτριϐοῦντα.

255 5617 386 5670 ἔνθα
433 5619 622 5688 κόραι,
670 5616 799 5670 ἔνθα
853 5616 964 5686 πῦρ
993 5615 1095 5669 οὐκ
1128 5613 1432 5686 ὲμπυρίξον
1469 5615 1682 5686 χόρτον,
1719 5615 1837 5668 ἀλλ’

255 5702 406 5759 οἷκον
443 5706 623 5777 ψυχῆς
645 5722 660 5738 ·
697 5705 874 5769 ἐνίους
910 5705 1071 5759 πάλιν
1106 5704 1535 5776 ἐπιλαθομένους
1562 5705 1664 5774 τῆς
1691 5704 1837 5759 ἐννό-

260 5815 364 5871 μου
405 5798 572 5870 ζωῆς,
606 5799 829 5863 δούλους
853 5797 1244 5870 ὠνησαμένους
1283 5799 1468 5863 αὐτοῖς
1505 5799 1707 5870 συζῇν·
1744 5799 1839 5854 καί

333 5911 410 5981 (4)
447 5912 501 5966 ln
530 5913 652 5968 cod.
679 5913 812 5984 Reg.
846 5913 972 5983 ρια’.

2017 3958 2398 4028 Opportunum
2428 3957 2740 4012 existimavi
2769 3959 3152 4028 protlciscente
3188 3977 3333 4018 nunc
3359 3963 3525 4022 fratre

1935 4045 2141 4111 Leone,
2166 4062 2493 4102 communes
2521 4047 2781 4102 omnibus
2806 4047 3018 4103 litteras
3047 4053 3178 4105 dare
3198 4091 3213 4116 ,
3248 4049 3521 4108 benedicti

1933 4143 2136 4197 fratres
2166 4142 2503 4208 Patresque;
2537 4155 2806 4197 revocans
2834 4141 2888 4195 in
2917 4143 3234 4198 memoriam
3254 4159 3376 4214 quae
3401 4162 3524 4216 per-

1933 4235 2109 4290 tinent
2148 4235 2216 4290 ad
2246 4235 2651 4305 salutem,quia
2681 4251 2777 4306 per
2804 4234 3108 4290 absentiam
3143 4235 3302 4291 istam
3341 4249 3393 4293 et
3425 4254 3527 4293 ex-

1935 4330 2119 4384 silium
2153 4329 2205 4382 in
2237 4338 2382 4383 metu
2415 4339 2470 4384 et
2498 4329 2695 4383 timore
2720 4343 2936 4393 versor,
2966 4327 3038 4383 ob
3068 4327 3215 4383 illam
3243 4345 3362 4400 quae
3395 4331 3526 4386 mihi

1935 4428 2135 4490 praeter
2164 4418 2448 4490 proprium
2481 4426 2832 4488 peccatorum
2863 4434 3006 4474 onus
3041 4418 3331 4485 incumbit,
3359 4421 3526 4478 vestri

1934 4525 2125 4565 curam
2170 4518 2225 4563 et
2265 4509 2672 4580 praefecturam.
2716 4508 2900 4566 Metuo
2939 4511 3088 4566 enim
3125 4527 3192 4568 ac
3233 4527 3426 4568 vereor
3459 4528 3528 4569 ne

1934 4621 2035 4661 vos
2093 4606 2190 4676 qui
2247 4608 2302 4659 in
2360 4605 2496 4660 urbe
2553 4607 2867 4673 habitatis,
2918 4605 3142 4664 facilius
3196 4610 3252 4664 in
3312 4609 3526 4680 lapsum

1936 4700 2178 4769 aliquem
2203 4699 2507 4754 incurratis
2534 4739 2549 4763 ,
2578 4709 2634 4754 et
2657 4715 2779 4770 quae
2811 4699 3002 4757 multis
3031 4700 3320 4757 laboribus
3346 4711 3528 4757 certa-

1936 4792 2289 4860 minibusque
2309 4832 2324 4858 ,
2355 4801 2469 4846 tum
2511 4801 2637 4846 ante
2666 4793 3133 4862 persecutionem,
3169 4804 3287 4849 tum
3322 4796 3378 4850 in
3409 4810 3533 4866 pcr-

1937 4885 2223 4940 secutione
2244 4923 2259 4947 ,
2291 4884 2437 4938 bona
2464 4899 2630 4954 opera
2658 4885 2985 4956 collegimus
3005 4925 3022 4951 ,
3055 4887 3238 4942 brevis
3266 4889 3529 4957 temporis

1939 4973 2269 5044 negligentia
2321 4972 2573 5029 funditus
2603 4975 2989 5044 deperdamus.
3028 4976 3208 5030 Audio
3255 4976 3495 5032 instabili

1938 5075 2133 5129 tatem,
2158 5066 2325 5120 audio
2351 5067 2793 5137 emigrationem,
2821 5068 2992 5126 alium
3026 5068 3098 5124 ab
3126 5070 3235 5125 alio
3264 5080 3320 5126 et
3358 5069 3531 5126 fratre

1937 5168 1992 5213 et
2016 5158 2139 5213 loco
2174 5158 2503 5225 abeuntem;
2527 5169 2604 5225 et,
2626 5159 2772 5230 quod
2797 5161 3169 5218 miserabilius
3195 5170 3315 5228 est,
3358 5164 3527 5220 alium

1939 5249 2118 5305 solum
2153 5250 2509 5317 residentem,
2545 5253 2714 5305 alium
2752 5252 3004 5308 cellulam
3048 5254 3104 5308 in
3135 5255 3301 5310 domo
3331 5255 3387 5311 in
3421 5273 3529 5326 qua

1939 5349 2068 5397 sunt
2101 5341 2364 5397 mulieres
2391 5342 2720 5411 habentem;
2746 5344 2915 5399 alium
2949 5361 3143 5402 rursus
3171 5347 3225 5402 in
3259 5348 3526 5403 muliebri

1938 5433 2276 5488 monasterio
2308 5443 2571 5504 perpetuo
2588 5434 2955 5490 diversantem
2985 5455 2999 5503 ;
3037 5438 3206 5493 alium
3237 5440 3419 5495 denuo
3455 5440 3529 5494 ibi

1940 5528 2281 5600 frequentem
2309 5531 2402 5585 ttbi
2438 5542 2566 5585 sunt
2590 5532 2809 5601 puellae,
2851 5533 2939 5587 ubi
2976 5534 3118 5605 ignis
3158 5551 3270 5589 non
3302 5534 3521 5602 fenum,

1940 5621 2036 5677 sed
2080 5621 2304 5677 domum
2353 5625 2551 5677 anima:
2592 5626 2961 5682 comburens:
3008 5627 3277 5697 quosdam
3332 5645 3531 5684 rursus

1945 5708 2188 5765 astricta:
2220 5709 2434 5779 legibus
2457 5713 2582 5767 vita:
2611 5714 2833 5780 oblitos,
2862 5731 3053 5771 servos
3082 5733 3289 5783 emere,
3322 5728 3376 5774 et
3401 5735 3527 5773 cunt

1946 5801 2056 5858 illis
2078 5802 2307 5870 vivere;
2348 5803 2487 5860 alios
2522 5803 2650 5863 item
2688 5808 2918 5864 mercari
2954 5824 3137 5879 agros.
3175 5808 3221 5865 0
3251 5809 3524 5867 infelicem
