4156 6466
705 398 838 463 1367

1915 399 1974 457 S-
2003 396 2395 457 THEODORI
2428 395 2775 454 STUDITE

3831 395 3851 454 1
3862 396 3962 457 368

699 513 938 567 animam
974 513 1188 568 meam!
1222 514 1501 581 quomodo
1529 512 1586 564 in
1623 512 1708 567 his
1745 528 1852 566 non
1885 511 2278 581 ingemiscant?

2401 508 2512 574 ro-Sv
2546 509 2766 579 ἐτέρους
2806 508 3011 574 ἀγροπ
3037 504 3349 576 ἀγοράζειν.
3385 506 3449 557 Ὢ
3481 505 3581 576 τῆς
3622 505 3820 569 ἀθλίας
3865 524 3963 575 μου

698 603 976 676 quomodo
1019 618 1126 656 non
1177 615 1412 656 metuam
1464 603 1508 657 si
1553 605 1763 671 justum
1816 601 1908 656 Dei
1950 614 2280 672 pra-ceptum

699 709 808 748 non
843 692 1209 746 annuntiem?
1242 691 1478 761 thuid,
1542 693 1766 758 fratres,
1806 692 1872 746 de
1901 701 2044 746 statu
2086 692 2283 746 mentis

699 785 952 838 exiistis?
979 784 1170 854 utquid
1202 783 1420 838 Domini
1472 785 1639 849 servi,
1675 783 1931 838 vitiatum
1984 785 2126 839 servi
2155 784 2282 839 iacti

700 879 874 932 estis?
919 895 1039 930 cum
1075 878 1178 931 sub
1210 879 1325 944 lege
1362 877 1488 932 sitis
1510 918 1525 940 ,
1557 894 1656 932 cur
1684 888 1874 932 contra
1916 879 2086 948 legem
2123 892 2285 948 agere

705 969 1036 1024 sustinetis?
1068 985 1165 1022 cur
1190 968 1394 1024 Christi
1427 970 1666 1024 cultores
1687 1009 1702 1032 ,
1745 969 1838 1024 lilii
1874 974 2282 1033 exaeerbantes,

701 1080 730 1116 a
767 1079 933 1132 prava
971 1063 1297 1117 scductinne
1337 1079 1444 1117 non
1481 1062 1782 1118 receditis?
1817 1079 1924 1118 non
1955 1061 2205 1116 residetis
2231 1065 2283 1115 in

703 1153 837 1209 locis
899 1155 1160 1208 seandalo
1210 1155 1566 1209 carentibus?
1619 1171 1724 1208 non
1781 1155 1892 1208 bini
1935 1165 1990 1208 et
2032 1154 2145 1208 bini
2193 1163 2287 1208 aut

702 1247 864 1302 etiam
893 1248 1076 1317 plures
1107 1249 1270 1303 simul
1295 1249 1433 1302 estis
1463 1263 1616 1301 more
1645 1249 1989 1318 apostolico?

775 1338 867 1392 Va:
903 1339 1003 1392 soli
1032 1357 1044 1392 :
1085 1354 1162 1392 vae
1196 1339 1378 1393 sedem
1417 1355 1523 1392 non
1557 1339 1777 1393 habenti
1811 1357 1823 1392 :
1861 1355 1937 1393 vae
1963 1339 2286 1394 mulieribus

701 1429 890 1482 dedito
937 1443 950 1480 :
1014 1445 1094 1483 va:
1143 1430 1288 1483 servi
1345 1445 1552 1484 servo:
1604 1445 1682 1485 vae
1733 1429 1926 1496 Giezi,
1963 1431 2056 1500 qui
2089 1431 2287 1500 emptis

702 1521 849 1589 agris
879 1531 933 1575 et
965 1521 1198 1586 vinetis,
1245 1522 1407 1592 lepra:
1441 1519 1683 1576 Naaman
1721 1524 1894 1578 heres
1933 1523 2036 1576 fuit
2074 1523 2156 1577 ὀἱ
2204 1524 2287 1578 An

705 1614 903 1668 divinae
933 1630 1096 1668 voces
1127 1630 1234 1668 non
1273 1624 1404 1668 sunt
1445 1615 1573 1669 lue?
1621 1616 1702 1668 An
1738 1629 1838 1680 ego
1865 1630 1895 1668 a
1920 1614 2129 1684 meipso
2159 1629 2288 1683 pro-

705 1699 857 1754 fero?
891 1702 1120 1767 Quando
1162 1701 1405 1757 fervebat
1435 1703 1742 1772 persecutio
1764 1744 1778 1766 ,
1819 1703 2057 1757 habebat
2088 1719 2195 1773 qua
2229 1719 2288 1758 se

704 1792 1021 1846 defenderet
1050 1794 1464 1860 necessitatem,
1491 1795 1585 1866 qui
1629 1795 1681 1848 in
1711 1810 1901 1849 eorum
1944 1811 2066 1864 qua:
2097 1810 2287 1850 recen-

2383 600 2594 668 ψυχῆςῑ
2628 600 2744 662 πῶς
2766 600 2822 651 ὲν
2852 596 3060 660 τούτοις
3085 598 3144 650 οὗ
3175 595 3442 662 στενάξως
3479 597 3597 661 πῶς
3617 597 3673 650 δὲ
3701 598 3764 650 οὐ
3794 597 3966 667 906n-

2386 691 2621 762 Θήσομαι
2655 690 2729 761 μὴ
2763 689 3113 758 ἀναγγέλλων
3155 689 3218 741 τὸ
3246 689 3522 758 δικαίωμα
3561 689 3655 742 τοῦ
3688 689 3875 753 Θεοῦς
3908 691 3968 742 Τί

2383 782 2447 852 δὴ
2489 781 2776 852 ἐξέστητε,
2809 780 3059 848 ἀδελφοῖς
3089 779 3142 833 τί
3171 780 3228 834 δὲ
3266 781 3313 832 οἱ
3347 777 3522 831 δοῦλοι
3552 781 3764 851 Κυρίου
3795 781 3970 833 δοῦλοι

2386 874 2571 927 παθῶν
2605 874 2902 941 γεγόνατες
2947 873 2999 925 τί
3027 872 3078 924 οἱ
3129 873 3188 924 ἐν
3219 871 3371 941 νόμῳ
3410 872 3633 941 ἀνομεῖν
3660 871 3966 941 ἀνέχεσθε;

2384 966 2437 1019 τι
2487 967 2544 1018 δὲ
2588 966 2639 1020 οἱ
2699 965 3034 1036 θεραπευταὶ
3084 963 3358 1034 Χριστοῦ,
3415 963 3521 1015 υἱοὶ
3583 963 3969 1034 παραπικραι-

2386 1075 2594 1122 νοντες,
2631 1059 2692 1111 οὐ
2739 1057 3072 1128 μετέρχεσθε
3112 1057 3210 1129 τῆς
3236 1057 3483 1126 πονηρᾶς
3523 1055 3872 1124 ἀπαγωγῆςς
3909 1056 3968 1108 οὐ

2387 1147 2685 1213 καθέζεσθε
2717 1153 2797 1212 εἰς
2825 1149 3021 1210 τόπους
3059 1147 3521 1209 ἀσκανδαλίστους
3547 1163 3562 1212 ;
3599 1147 3661 1199 οὐ
3685 1146 3784 1200 δύο
3810 1147 3907 1200 δύο
3937 1148 3968 1216 ἢ

2387 1243 2482 1296 καὶ
2515 1242 2653 1313 πρὸς
2672 1284 2685 1305 ,
2719 1241 2944 1294 σύνεστε
2974 1237 3347 1301 ἀποστολικῶς
3373 1255 3387 1301 ;

2457 1336 2595 1386 Οὒαὶ
2619 1333 2696 1402 τῷ
2721 1334 2866 1404 μόνῳ
2889 1335 2900 1386 !
2927 1332 3050 1384 οὐαὶ
3073 1331 3150 1401 τῷ
3172 1330 3480 1399 ἀκαθίστῳῐ
3508 1330 3633 1382 οὐαὶ
3656 1329 3736 1400 τῷ
3753 1331 3973 1397 γυναιά·

2387 1424 2532 1488 ζοντι
2555 1423 2567 1474 !
2596 1421 2814 1492 οὐαὶτῷ
2834 1419 3192 1488 ὁουλοδούλῳῑ
3224 1419 3346 1472 οὐαὶ
3374 1417 3453 1489 τῷ
3470 1418 3508 1468 Γ
3516 1417 3657 1489 ιεξῇ,
3679 1420 3738 1482 ὃς
3764 1419 3973 1488 ὼνησάο

2391 1532 2549 1586 μενος
2567 1514 2793 1584 ἀγροὺς,
2816 1513 2910 1566 καὶ
2929 1512 3278 1583 ἀμπελῶνας,
3299 1509 3751 1582 κεκληρονόμηκε
3773 1513 3872 1580 τὴν
3890 1511 3972 1562 λέ-

2388 1624 2532 1676 πραν
2557 1605 2806 1675 Νεεμάνῐ
2843 1606 2918 1675 μὴ
2944 1607 3064 1675 οὐχὶ
3089 1605 3230 1658 Θεῖαι
3261 1606 3336 1674 μὴ
3374 1603 3550 1671 φωναὶ
3573 1597 3736 1665 αὗται
3761 1620 3776 1666 ;
3821 1605 3896 1670 μή
3922 1621 3972 1654 τι

2388 1697 2498 1766 ἐγὼ
2518 1697 2650 1768 παρ’
2667 1695 2904 1767 ὲμαυτοῦ
2925 1696 3181 1765 εἰσφέρω
3196 1697 3283 1748 ὅτε
3299 1695 3526 1765 ἐσραζεν
3538 1698 3566 1748 ὁ
3578 1695 3845 1766 διωγμὸς,
3863 1692 3974 1766 εἶχέ

2390 1807 2472 1852 τις
2501 1789 2658 1857 λόγον
2698 1789 2757 1854 ἐξ
2787 1786 3031 1857 ἀνάγκης
3050 1827 3064 1852 ,
3094 1786 3150 1838 ἓν
3173 1804 3318 1839 τισιν
3341 1780 3416 1842 ὧν
3451 1788 3972 1858 ἀπηριθμησάμην,

704 1885 918 1938 suimus
964 1885 1144 1954 aliqua
1201 1885 1386 1955 lapsus
1433 1861 1615 1953 esset;
1664 1898 1717 1942 et
1768 1889 1838 1942 ob
1890 1861 2050 1942 ﬁdem
2097 1897 2283 1942 exorta

2401 1880 2689 1949 ἐμπίπτειν
2709 1895 2724 1910 ο
2759 1879 2854 1932 καὶ
2881 1880 2913 1949 ὴ
2943 1877 3034 1930 διά
3065 1877 3163 1947 τὴν
3203 1878 3386 1930 πίστιν
3417 1879 3653 1948 ἀνάγκη,
3685 1880 3860 1944 ἔσωζε
3886 1883 3976 1932 τὸν

706 1977 1008 2029 necessitas
1047 1991 1199 2029 reum
1237 1977 1576 2031 abSolvebat.
1613 1976 1769 2033 Nunc
1811 1995 1939 2033 vero
1981 1979 2164 2034 nullus
2202 1988 2288 2034 est

708 2075 1065 2132 persecutor,
1103 2067 1286 2122 nullus
1319 2069 1414 2138 qui
1447 2070 1737 2138 prohibeat
1775 2071 2072 2140 quominus
2115 2071 2286 2124 hone-

705 2165 789 2212 ste
831 2159 1129 2224 habitetis,
1171 2169 1226 2215 et
1266 2177 1389 2216 cum
1435 2162 1558 2218 aliis
1592 2164 1672 2217 vel
1722 2165 2008 2218 minimum
2045 2165 2283 2219 duobus.

703 2244 841 2304 Nam
878 2252 1020 2307 male
1050 2253 1318 2320 viventes,
1351 2255 1730 2311 condemnatis
1761 2273 1826 2311 ex
1859 2258 2010 2311 vobis
2029 2258 2160 2327 ipsis
2191 2273 2286 2312 eos

703 2342 798 2412 qui
847 2345 1151 2400 secundum
1201 2346 1372 2417 legem
1420 2347 1630 2402 vivunt.
1693 2349 1891 2402 Annon
1943 2349 2058 2403 haec
2109 2360 2287 2404 vestra

708 2431 1039 2489 instabilitas
1070 2435 1278 2491 indicio
1303 2448 1408 2502 est,
1437 2454 1534 2493 vos
1560 2439 1612 2493 in
1643 2455 1775 2509 pace
1811 2441 2036 2495 minime
2055 2456 2292 2495 conven-

707 2526 899 2582 turos?
931 2524 1276 2597 liesipiacite,
1317 2530 1566 2593 obsecro,
1597 2532 1794 2601 fratrea
1830 2539 1928 2587 mei
1964 2534 2158 2598 sancti,
2191 2550 2292 2587 cc-

706 2616 854 2671 mtia
881 2620 1172 2674 vocationis
1202 2621 1489 2690 participes
1515 2623 1592 2678 “z
1633 2624 1738 2678 nisi
1760 2625 2146 2694 corrigamini,
2179 2639 2288 2678 non

706 2707 790 2764 sic
813 2710 1140 2780 appellandi,
1158 2712 1252 2766 sed
1279 2712 1594 2768 nominibus
1615 2714 2086 2785 contrariis,quod
2122 2713 2284 2768 absit.

710 2797 835 2856 Haec
861 2817 960 2872 ego
986 2812 1263 2858 contestor
1288 2820 1473 2860 coram
1503 2805 1612 2861 Deo
1641 2807 1939 2878 electisque
1967 2808 2175 2876 angelis
2202 2824 2214 2860 :
2243 2805 2292 2860 si

707 2890 832 2960 quis
862 2904 1144 2946 correctus
1166 2909 1276 2947 non
1308 2893 1498 2958 fuerit,
1529 2907 1583 2950 et
1605 2907 1726 2966 post
1754 2899 2117 2952 constitutum
2152 2909 2292 2952 tem-

710 2983 860 3052 poris
889 2985 1130 3045 spatium
1161 2987 1461 3054 perstiterit
1489 3030 1504 3053 ,
1557 3004 1585 3042 a
1627 2990 1942 3044 divinorum
1979 3008 2294 3046 sacramen-

710 3080 890 3127 torum
950 3075 1372 3146 participatione
1427 3077 1704 3132 arcebitnr
1756 3094 1855 3148 pro
1910 3096 1972 3133 ea
2032 3090 2294 3150 potestate

2397 1973 2808 2044 εὑρισκόμενον.
2838 1971 2948 2025 Νῦν
2974 1971 3032 2024 δὲ
3059 1972 3234 2034 οὐδεὶς
3269 1973 3297 2024 ὁ
3338 1969 3570 2034 διώκων,
3601 1972 3714 2024 οὐδ’
3746 1975 3775 2024 ὁ
3804 1974 3979 2026 κωλύ-

2399 2084 2508 2120 σων
2548 2066 2730 2129 καλῶς
2771 2067 2919 2136 ἡμᾶς
2957 2064 3314 2129 καθέζεσθαι,
3353 2067 3446 2117 καὶ
3487 2065 3587 2117 σὺν
3621 2065 3807 2128 ἄλλοις
3835 2067 3980 2122 δυοῖν

2400 2155 2537 2213 εἶναι
2581 2158 2956 2228 τούλάχιστον.
3005 2158 3095 2222 Ἐξ
3147 2157 3304 2225 ὑμῶν
3337 2157 3447 2226 γὰρ
3491 2157 3674 2209 αὐτῶν
3709 2160 3980 2229 κατακρί-

2401 2251 2556 2306 vaces
2605 2251 2713 2304 τῶν
2763 2250 3004 2320 ἐννόμως
3059 2249 3403 2315 διαζώντων,
3455 2250 3504 2301 οἱ
3564 2248 3860 2311 κακόζωοι.
3915 2250 3981 2302 ’Ἡ

2398 2345 2518 2414 οὐχὶ
2558 2342 2890 2414 προδήλωμα
2924 2343 3023 2411 τῆς
3057 2343 3115 2393 ὲν
3161 2342 3356 2412 εέίήνῃ
3406 2340 3777 2410 ἀσυνδρομίας
3831 2340 3982 2410 ὑμῶν

2400 2439 2433 2507 ἡ
2465 2435 2715 2506 παροῦσα
2758 2434 2980 2499 deseris;
3022 2434 3394 2502 ’Δνανήψατε,
3436 2431 3779 2503 παρακαλῶ,
3810 2431 3982 2485 ἀδελ-

2399 2529 2501 2595 φοί
2520 2545 2639 2596 μου
2680 2526 2835 2596 ἅγιοι
2858 2565 2873 2590 ,
2905 2524 3181 2593 κλήσεως
3209 2524 3574 2591 ἐπουρανίου
3597 2522 3848 2591 μέτοχοι
3867 2538 3882 2550 '
3921 2524 3981 2575 ἂν

2404 2620 2481 2692 μὴ
2511 2620 2904 2691 διορθωσησθε,
2941 2620 3040 2689 οὐχ
3069 2619 3243 2680 οὕτως
3279 2618 3517 2688 κλητέοι,
3551 2617 3666 2670 ἀλλ’
3698 2618 3979 2678 ἐναντίως,

2403 2716 2541 2785 ὅπερ
2569 2713 2754 2783 ἀπείη.
2781 2712 2966 2766 Ταῦτα
2998 2710 3444 2782 διαμαρτύρομαι
3469 2709 3698 2763 ἐνώπιον
3726 2708 3825 2762 τοῦ
3849 2707 3979 2762 Θεοῦ

2404 2808 2497 2860 καὶ
2523 2806 2632 2859 τῶν
2675 2805 2950 2858 ἐκλεκτῶν
2989 2805 3240 2873 ἀγγέλων
3261 2821 3274 2833 ο
3312 2803 3367 2856 et
3395 2821 3478 2866 τις
3517 2803 3592 2874 μὴ
3619 2802 3982 2874 διορθώσηται

2404 2899 2543 2967 μετά
2596 2898 2696 2968 τὴν
2751 2895 3062 2967 ὡρισμένην
3117 2897 3196 2956 εἰς
3252 2895 3447 2964 χρόνου
3481 2895 3624 2956 τινὸς
3669 2894 3982 2962 σύμφθασιν

2403 2992 2708 3061 ἐπιμονὴν,
2757 2989 2865 3044 τῶν
2911 2989 3271 3058 ἀγιασμάτων
3317 2988 3420 3041 ὑπὸ
3447 2987 3583 3040 Θεοῦ
3634 2988 3714 3048 εἰς
3749 2987 3984 3057 μετάλη-

2402 3084 2494 3152 ψιν
2541 3084 2824 3153 εἴργεται,
2883 3080 3025 3134 κατά
3077 3080 3176 3150 τὴν
3227 3080 3474 3146 ἐξουσίαν
3530 3082 3595 3144 ἦν
3626 3079 3797 3132 ἔδωκέ
3841 3081 3984 3149 μοιό

710 3175 832 3232 quze
881 3164 1016 3218 mihi
1069 3165 1122 3219 in
1163 3181 1260 3221 vos
1297 3181 1327 3219 a
1371 3165 1606 3221 Domino
1635 3168 1760 3221 data
1789 3176 1916 3235 eat;
1959 3169 2024 3221 ad
2063 3170 2294 3222 aediﬁca-

2406 3175 2608 3244 Κύριος
2640 3175 2697 3226 ἐν
2728 3173 2856 3244 ὑμῖν
2879 3188 2892 3201 ·
2929 3173 3008 3234 εἰς
3042 3171 3332 3240 οἰκοδομὴν
3358 3173 3451 3224 καὶ
3479 3173 3578 3224 οὐκ
3614 3172 3696 3230 εἰς
3724 3170 3981 3240 καθαίρει

713 3255 940 3331 tionem,
973 3273 1081 3312 non
1138 3258 1204 3312 ad
1259 3257 1688 3313 destructionem
1741 3259 1952 3328 loquor.
1988 3259 2094 3314 Vos
2125 3275 2254 3315 vero
2281 3300 2296 3325 ,

2407 3282 2490 3318 σιν
2549 3268 2576 3318 ὁ
2606 3265 2785 3334 λόγος.
2862 3263 3052 3333 Ὑμεῖς
3077 3262 3156 3324 δὲ,
3196 3263 3418 3330 ἀδελφοί
3460 3279 3583 3331 μου,
3618 3261 3694 3324 ὡς
3741 3263 3850 3314 υἱοὶ
3896 3263 3986 3314 ὑπο

711 3345 910 3405 fratrea
945 3349 1091 3408 mei.
1130 3359 1389 3420 tanquatn
1443 3352 1534 3405 lilii
1571 3352 1895 3407 obedientia:
1939 3355 2076 3408 bene
2107 3355 2251 3424 agite
2282 3393 2294 3419 ,

2401 3357 2596 3425 ακοῆς,
2628 3354 2690 3410 εὖ
2723 3356 2989 3427 πράξατε,
3025 3354 3112 3407 ἵνα
3139 3355 3233 3407 καὶ
3256 3354 3386 3405 Θεὸν
3415 3353 3813 3424 (tepens-Jonas,
3848 3353 3986 3422 κάμὲ

711 3449 775 3495 ιιι
799 3450 852 3496 et
876 3439 987 3496 Deo
1013 3441 1288 3507 serviatis,
1318 3453 1370 3496 et
1400 3459 1484 3497 me
1516 3443 1778 3498 miserum
1812 3460 1842 3498 a
1879 3446 2085 3514 peccati
2125 3457 2294 3502 morte

2401 3449 2492 3502 τὸν
2517 3449 2746 3502 ἐλεεινὸν
2777 3448 2870 3501 τοῦ
2904 3448 3132 3501 θανάτου
3164 3447 3264 3514 τῆς
3298 3445 3574 3514 ἁμαρτίας
3614 3445 3896 3514 ἐξέλησοε,
3932 3448 3988 3497 ὲν

711 3532 1044 3598 vindicetis,
1091 3534 1145 3588 in
1191 3533 1412 3588 Christo
1457 3531 1582 3588 Jesn
1642 3534 1874 3590 Domino
1931 3547 2124 3592 nostro
2153 3577 2169 3603 ,
2214 3541 2294 3594 cui

2402 3545 2622 3616 Χριστῷ
2674 3543 2850 3614 Ἰησοῦ
2880 3542 2960 3612 τῷ
2999 3542 3188 3612 Κυρίῳ
3219 3539 3377 3610 ἡμῶν
3402 3580 3417 3604 ,
3446 3531 3490 3606 ᾧ
3524 3541 3556 3608 ἡ
3585 3540 3712 3606 δόξα
3751 3541 3850 3595 σὺν
3883 3541 3988 3593 Πα-

712 3623 886 3696 gloria
915 3641 1041 3681 cum
1075 3624 1236 3679 Patre
1265 3635 1319 3680 et
1347 3637 1540 3681 sancto
1583 3625 1812 3696 Spiritu.
1847 3626 2047 3682 Amen.

1095 3736 1277 3795 CVIII.
1308 3766 1373 3777 —
1396 3735 1600 3790 Joamti
1632 3735 1912 3792 Sardemi.

2404 3637 2498 3707 τρὶ
2537 3637 2632 3690 καὶ
2667 3637 2810 3705 ἁγίῳ
2843 3635 3144 3706 Πνεύματι.
3191 3635 3388 3704 Ἀμήν.

2731 3747 2834 3802 PH'
2876 3748 2974 3818 (5).
3012 3777 3082 3786 —
3131 3746 3380 3812 Ἰωάννῃ
3421 3741 3674 3812 Σάρδης.
3705 3741 3890 3816 [χλε’.]

1438 3851 1503 3902 Ut
1527 3865 1589 3900 ex
1615 3851 1752 3915 gravi
1779 3850 1952 3901 morbo
1973 3854 2304 3916 convalescat,
2331 3857 2570 3909 Ecclesiae
2603 3859 2846 3923 imprimis
2873 3874 3017 3910 causa
3042 3866 3289 3922 precatur.

790 3955 1004 4012 Dudum
1028 3956 1340 4013 audivimus
1364 3967 1630 4028 aegrotare
1647 3967 1930 4027 paternam
1955 3960 2298 4016 sanctitatem

715 4061 900 4114 tuam,
932 4066 1077 4104 nunc
1108 4066 1238 4105 vero
1268 4067 1404 4122 pene
1429 4052 1592 4106 etiam
1623 4051 1970 4122 desperatam
2001 4067 2146 4107 esse.
2180 4052 2300 4118 Quo

716 4144 911 4199 nuntio
940 4158 1040 4198 nos
1070 4142 1305 4199 humiles
1336 4145 1408 4199 ita
1435 4160 1629 4199 sumus
1654 4143 2015 4208 consternati,
2043 4154 2302 4215 tantoque

717 4237 955 4308 perculsi
979 4237 1186 4302 dolore,
1225 4246 1281 4291 ut
1309 4237 1581 4307 prollcisci
1611 4239 1752 4294 istuc
1775 4237 1990 4292 animus
2020 4237 2182 4292 fuerit
2203 4280 2218 4299 ,
2251 4247 2305 4292 et

719 4330 995 4401 ingratum
1018 4347 1295 4386 rumorem
1322 4331 1497 4385 oculis
1525 4345 1814 4400 usurpare.
1845 4328 1901 4383 ld
1928 4345 2056 4384 vero
2084 4340 2305 4399 propter

719 4423 980 4478 instantia
1018 4421 1234 4493 negotia
1266 4421 1472 4477 factum
1503 4436 1612 4475 non
1645 4432 1748 4475 est.
1783 4419 1962 4486 Quare
1996 4421 2171 4474 coacti
2199 4421 2305 4473 lui-

718 4528 845 4567 mus
868 4511 1061 4566 litteris
1088 4510 1500 4582 quodammodo
1524 4509 1708 4562 volare
1735 4525 1834 4563 ceu
1863 4524 2116 4578 corpore,
2142 4519 2308 4579 atque

720 4601 920 4656 intueri
952 4614 1004 4656 te
1029 4602 1307 4672 egregium
1342 4609 1577 4670 patrem,
1611 4601 1889 4654 sincerum
1921 4600 2183 4666 amicum,
2212 4615 2305 4669 ge-

721 4710 978 4751 nerosum
1011 4704 1203 4750 testem
1235 4692 1506 4748 veritatis.
1541 4691 1645 4746 Pro
1672 4693 1774 4747 hac
1812 4692 2087 4760 siquidem
2129 4701 2184 4745 et
2210 4707 2307 4745 ex-

2493 3968 2627 4022 ⁹Απὺ
2659 3968 2851 4040 χρόνου
2880 3966 3195 4037 ἠκούσαμεν
3221 3965 3608 4034 νοσηλεύεσθαί
3644 3983 3738 4019 σου
3767 3966 3869 4036 τὴν
3897 3984 3992 4019 πα·

2407 4059 2602 4131 τρικὴν
2640 4057 2974 4130 ἁγιωσύνην,
3026 4058 3153 4128 ἄρτι.
3191 4057 3246 4109 δὲ
3299 4057 3500 4127 μικροῦ
3554 4057 3664 4110 δεῖν
3710 4059 3808 4110 καὶ
3855 4059 3989 4111 ἀπο-

2409 4151 2766 4217 γνωσθεῖσαν.
2812 4151 2922 4203 Καὶ
2961 4149 3217 4203 τοσοῦτον
3250 4149 3594 4220 ὲθροήϐημεν
3627 4151 3674 4202 οἱ
3716 4151 3987 4215 ταπεινοὶ,

2411 4244 2504 4296 καὶ
2557 4242 2991 4313 συνεκινήθημεν
3043 4240 3334 4310 λυπηρῶς,
3369 4241 3442 4302 ὼς
3471 4241 3710 4310 ὁρμῆσαι
3759 4243 3992 4295 καταλα-

2414 4335 2526 4386 6εῖν
2559 4337 2708 4405 ἡμᾶς
2739 4337 2795 4387 ὲν
2839 4338 2952 4398 τοῖς
2995 4333 3216 4396 αὐτόθι,
3274 4334 3369 4388 καὶ
3400 4333 3520 4402 ὄψει
3561 4333 3858 4386 ὑπολαϐεῖν
3897 4335 3992 4404 τὴν

2407 4425 2696 4495 ἀπευκτὴν
2722 4426 2914 4494 ἀκοήν.
2954 4425 3068 4477 Οὐκ
3115 4423 3396 4490 ἐξεγένετο
3424 4423 3480 4475 δὲ
3513 4423 3602 4476 διὰ
3625 4425 3691 4476 τά
3723 4427 3992 4492 παριστα-

2415 4533 2550 4585 μενα
2581 4515 2777 4586 τούτῳ.
2829 4515 2920 4567 Διὸ
2958 4513 3388 4584 ἠναγκάσθημεν
3433 4515 3600 4566 οἱονεὶ
3651 4513 3989 4580 πετασθῆναι

2411 4609 2523 4668 τοῖς
2544 4608 2868 4678 γράμμασιν
2894 4607 2968 4668 ὼς
2992 4607 3049 4658 εν
3071 4605 3302 4676 σώματι,
3335 4607 3429 4658 καὶ
3460 4606 3588 4658 ἰδεῖν
3625 4621 3682 4657 σε
3711 4605 3802 4657 τὸν
3832 4605 3990 4657 καλὸν

2415 4698 2650 4769 πατέρα,
2673 4699 2763 4752 τὸν
2792 4700 3015 4766 γνήσιον
3041 4698 3213 4767 φίλον,
3233 4696 3326 4749 τὸν
3345 4699 3594 4764 γενναῖον
3621 4696 3883 4764 μάρτυρα
3896 4699 3992 4763 τῆς

719 4788 903 4842 silium
933 4785 1242 4855 pertulisti,
1273 4793 1328 4839 et
1354 4785 1593 4839 carceris
1623 4786 1838 4837 vincula
1879 4803 1893 4838 ;
1938 4785 2070 4852 quin
2103 4793 2157 4837 et
2187 4793 2294 4837 antt

2415 4786 2695 4857 ἀληθείας.
2729 4787 2902 4858 Εἴπερ
2950 4787 3092 4857 ὑπὲρ
3124 4787 3294 4856 αὐτῆς
3351 4787 3415 4839 σὺ
3459 4787 3555 4839 καὶ
3582 4785 3862 4855 ὲξόριστος
3903 4786 3994 4839 καὶ

720 4877 834 4931 haec
862 4876 1239 4946 spectaculum
1270 4875 1446 4930 factus
1473 4915 1488 4938 ,
1519 4883 1576 4928 ut
1603 4874 1848 4944 Apostoli
1881 4874 2061 4928 verbis
2088 4883 2212 4927 utar
2234 4876 2313 4948 ⁸⁸,

2419 4877 2877 4947 ᾳρουροδέσμιος·
2916 4877 3010 4931 καί
3047 4894 3111 4945 γε
3145 4876 3252 4947 πρὸ
3284 4876 3488 4929 τούτων
3518 4875 3746 4946 Θέατρον
3769 4877 3996 4946 γενόμε-

716 4978 770 5024 et
804 4968 1014 5040 angelis
1059 4977 1114 5022 et
1159 4968 1474 5022 hominibus
1505 4984 1518 5020 :
1570 4983 1680 5037 quo
1718 4967 1804 5019 die
1836 4966 2052 5020 allisum
2086 4976 2170 5021 est
2199 4966 2294 5019 soli

2419 4985 2542 5030 vo;,
2576 4968 2951 5031 ἀποπολικῶς
2997 4971 3201 5032 εἰπεῖν,
3232 4968 3327 5021 καὶ
3373 4968 3629 5036 ἀγγέλοις
3653 4967 3750 5020 καὶ
3783 4967 3996 5036 ἀνθρώ⁴

721 5060 789 5114 ab
821 5059 1000 5130 impiis
1029 5074 1216 5114 coram
1245 5059 1548 5128 Caiphaico
1586 5057 1820 5112 concilio
1843 5097 1858 5122 ,
1891 5073 2112 5111 sacrum
2151 5073 2288 5126 capu

2423 5075 2567 5122 ποις,
2605 5059 2726 5112 καθ’
2755 5061 2822 5127 ἣν
2851 5059 3066 5130 ἡμέραν
3097 5058 3355 5129 ἔρριπταί
3386 5077 3479 5112 σου
3510 5061 3615 5113 ὑπὸ
3636 5061 3746 5112 τῶν
3764 5060 3996 5123 ἀσεσῶν,

728 5163 908 5204 ιιιιιιη.
944 5148 987 5203 Ο
1017 5149 1148 5220 quid
1178 5150 1337 5204 nobis
1367 5149 1609 5203 accidit?
1647 5149 1788 5216 Quid
1828 5149 1980 5203 abire
2009 5149 2136 5204 hinc
2168 5149 2318 5204 festi-

723 5255 817 5298 nat
873 5244 1131 5298 columna
1184 5244 1482 5298 Ecclesia?
1539 5244 1695 5297 Mane
1749 5242 2077 5307 nobiscum,
2130 5243 2309 5298 adhuc

717 5351 913 5403 inane,
945 5345 1130 5406 patere
1169 5352 1268 5407 pro
1300 5335 1590 5406 Evangelia
1613 5352 1713 5390 ceu
1746 5336 1924 5390 bonus
1946 5335 2122 5390 miles.
2147 5333 2310 5391 Vides

719 5437 777 5482 nt
801 5429 1003 5487 bellum
1029 5430 1227 5486 ardet?
1253 5438 1313 5484 ut
1346 5445 1446 5500 pro
1469 5429 1572 5484 lide
1598 5431 1985 5499 impugnamur
2009 5438 2063 5486 et
2094 5444 2306 5500 pugna-

792 5574 940 5644 εοίν
979 5589 1112 5661 Reg.
1145 5605 1198 5654 v,
1240 5588 1331 5643 9.6.
1413 5591 1453 5620 "
1491 5587 1658 5644 llcbr.
1697 5602 1794 5654 In,
1838 5589 1886 5642 l.

2427 5152 2569 5205 κατά
2597 5151 2891 5222 πρόσωπον
2919 5153 3013 5204 τοῦ
3053 5152 3400 5221 Καῖαφαῖκοῦ
3436 5153 3745 5224 συνεδρίου,
3779 5154 3858 5216 εἰς
3884 5153 3999 5205 τοῦ·

2418 5243 2586 5312 δαφος
2608 5246 2641 5312 ἡ
2671 5245 2791 5314 ἱερά
2824 5248 3060 5315 κορυφή.
3089 5246 3153 5297 Ὢ
3175 5245 3227 5296 τί
3253 5245 3462 5313 γίνεται
3488 5247 3545 5298 ὲν
3570 5244 3812 5315 ἠμῖν;’τί
3841 5243 3997 5298 ἀπαί-

2421 5353 2540 5406 ρειν
2587 5336 2696 5389 τῶν
2726 5337 2854 5406 τῇδε
2903 5337 3125 5389 σπεύδει
3163 5337 3192 5387 ό
3246 5337 3436 5400 στύλος
3475 5341 3576 5408 τῆς
3635 5335 3996 5406 Ἐκκλησῐαςς

2421 5430 2617 5483 Μεῖνον
2655 5429 2774 5500 μεθ’
2808 5432 2841 5500 ἡ
2853 5429 2988 5502 μῶν,
3021 5429 3102 5484 ἐτι
3145 5432 3331 5502 μεῖνον
3351 5446 3368 5464 ο
3400 5429 3898 5502 συγκακυπάθησον
3926 5426 3999 5499 τῷ

1969 5591 2012 5621 ³³
2050 5587 2066 5642 Ι
2097 5588 2224 5647 Cor.
2259 5605 2333 5652 tv,
2373 5587 2424 5640 ε).

2285 5702 2516 5760 ΜΠΛΞ.

793 5825 868 5892 (5)
901 5825 958 5880 In
993 5826 1112 5878 cod.
1151 5826 1281 5893 Heg.
1320 5830 1442 5892 ριγ’.
