4156 6488
292 437 313 500 1
327 439 430 501 369

1474 434 2010 496 EPISTOLARUM
2076 435 2221 495 LIB.
2264 436 2344 496 II.

3393 443 3528 507 1370

291 550 612 622 Εὑαγγελίῳ
653 549 731 615 ὡς
759 547 922 612 καλὸς
954 547 1320 619 στρατιώτης.
1365 546 1528 618 Ὁρᾷς
1577 547 1725 611 ὅπως
1767 547 1851 600 ἐν-

1960 548 2117 603 mus?
2165 548 2296 614 Nae,
2344 564 2564 606 oramus
2616 561 2676 606 ut
2721 566 2962 609 maneas.
3041 556 3191 628 Roga
3251 558 3526 616 Christum

288 663 438 699 εστιν
463 647 492 698 6
509 644 776 714 πόλεμοςς
798 641 948 704 ὅπως
971 639 1279 712 βαλλόμεθα
1299 641 1396 693 καὶ
1429 639 1696 710 βάλλομεν
1717 640 1858 713 ὑπὲρ

286 740 383 793 τοῦ
414 736 611 805 λόγου;
643 737 752 790 Ναὶ
783 733 1192 805 ἀντιϐολοῦμεν,
1215 732 1516 801 ἐπίμεινον.
1542 733 1775 805 Αἶτησαι
1798 733 1858 787 δν

286 829 646 901 ὡμολόγησας
714 827 985 900 Χριστὸν,
1051 827 1146 881 καὶ
1202 823 1487 896 ὁμολογεῖς
1531 827 1859 896 προσκυνεῖν

289 922 774 994 ἀνθρωποπρεπῶς
806 921 1246 992 ἐγγραφόμενονο
1283 919 1379 975 καὶ
1410 918 1725 973 είσακούσει
1758 920 1859 989 τῆς

287 1015 524 1086 δεήσεως
555 1033 669 1072 σου.
691 1016 752 1070 Et
775 1014 834 1069 δὲ
860 1014 1079 1077 πάντως
1111 1013 1397 1084 ἀπαίρεις,
1423 1011 1678 1082 οῦτωτῆς
1708 1013 1851 1081 Προ-

291 1107 437 1171 νοίας
483 1106 834 1176 κελευούσης,
889 1104 1051 1168 αὐτὸς
1090 1104 1191 1174 μὲν
1223 1105 1532 1176 χωρήσεις,
1570 1097 1630 1156 εῦ
1662 1101 1850 1170 ῐσμεν,

286 1197 576 1268 ὁμολογίας
601 1196 835 1251 ἔπαθλον
863 1195 1308 1266 ἀπενεγκάμενος
1325 1211 1342 1228 ο
1373 1197 1508 1267 ἡμῖν
1536 1193 1594 1247 δὲ
1614 1192 1739 1245 ἵλεω
1759 1189 1853 1243 τὸν

1954 657 2115 711 quem
2163 640 2444 711 professus
2491 657 2551 698 es
2598 651 2651 698 et
2699 643 2970 713 profiteris
3017 647 3247 704 adorare
3292 651 3527 708 humana

1954 731 2134 800 specie
2156 731 2462 800 depictum;
2491 744 2543 787 et
2566 733 2816 788 exaudiet
2837 750 3025 804 preces
3050 746 3195 793 tuas.
3230 737 3324 793 Sin
3349 751 3528 796 autem

1953 823 2180 878 omnino
2210 823 2446 879 discedis
2479 824 2552 880 ita
2577 825 2804 895 jubente
2836 825 3216 896 Providentia;
3258 832 3373 900 ipse
3405 833 3498 903 qui

1953 917 2098 983 dem,
2123 925 2210 974 sat
2241 918 2447 974 scimus
2470 959 2486 983 ,
2514 920 2689 976 abibis
2720 921 3080 978 confessionis
3112 922 3353 980 referens
3382 939 3524 994 pra:-

1959 1013 2124 1066 inium
2155 1031 2170 1067 :
2202 1013 2359 1068 nobis
2388 1028 2516 1069 vero
2546 1012 2711 1070 Deum
2743 1016 3008 1086 optimum
3041 1019 3234 1074 reddes
3265 1019 3528 1074 interces-

1959 1099 2114 1155 sione
2139 1109 2231 1156 tua
2255 1103 2582 1172 propitium;
2622 1104 2788 1160 simul
2811 1108 2972 1162 etiam
3005 1118 3065 1163 ut
3089 1108 3308 1164 festinet
3336 1108 3527 1165 Eccle-

1955 1194 2052 1246 size
2080 1205 2193 1247 suae
2219 1194 2551 1263 prospicere.

286 1288 418 1342 Θεὸν
449 1288 541 1341 τὸν
578 1287 782 1357 ἀγαθόν
825 1288 1186 1359 καταστήσεις
1217 1289 1338 1350 ταῖς
1387 1283 1708 1358 πρεσϐείαις
1728 1297 1746 1314 ⁶
1791 1280 1852 1334 οὐ
1885 1280 1994 1355 μὴν
2018 1283 2156 1339 ἀλλά
2188 1286 2282 1340 καὶ
2345 1288 2425 1351 είς
2479 1288 2542 1342 τὸ
2601 1290 2830 1361 ταχῦναι
2851 1293 3250 1366 ἐπισκέψασθαι
3277 1296 3376 1371 τὴν
3402 1299 3522 1355 ἑαυ-

283 1384 379 1441 τοῦ
425 1383 769 1455 Ἐκκλησίαν.

655 1498 758 1553 ΡΘ¹
936 1527 1008 1539 -
1056 1497 1228 1566 Ἠλίᾳ
1265 1495 1474 1564 τέκνῳ.
1496 1493 1683 1568 [χλζ’.]

2413 1494 2640 1551 c1x.-
2677 1495 2810 1552 Ειίω
2836 1497 2950 1568 ﬁlio
2979 1499 3066 1571 (·).

1608 1615 1683 1668 Ad
1709 1617 1969 1680 quemdam
1999 1617 2206 1682 lapsum.

354 1732 452 1797 Τίς
498 1733 527 1786 ό
571 1730 889 1799 ἀναγκάσας
939 1745 1005 1800 με
1051 1722 1355 1781 ἐπιστεῖλαί
1393 1744 1514 1792 σοι,
1554 1725 1846 1797 ἀνθρωπες

2021 1726 2154 1794 Quis
2184 1743 2270 1783 me
2295 1727 2473 1798 coegit
2502 1737 2561 1783 ut
2588 1729 2656 1784 ad
2686 1738 2740 1785 te
2766 1771 2781 1795 ,
2815 1731 2890 1786 mi
2930 1733 3093 1788 homo
3113 1773 3130 1798 ,
3183 1738 3479 1792 scriberem
3500 1739 3526 1793 τ

283 1825 417 1889 Θεὸς
445 1823 684 1892 δηλονότι
716 1822 745 1874 6
783 1822 1131 1892 καταστήσας
1164 1837 1230 1891 με
1264 1821 1356 1873 ἐπὶ
1395 1821 1456 1874 σὲ
1483 1822 1719 1891 ποιμένα
1759 1821 1854 1874 καὶ

285 1915 583 1985 νομοθέτην
605 1929 619 1944 ο
647 1906 692 1981 ᾧ
725 1911 900 1977 δώσω,
937 1913 1012 1974 ὡς
1048 1911 1189 1981 ὑπὲρ
1223 1911 1438 1966 πάντων
1466 1911 1573 1965 τῶν
1605 1913 1851 1981 ἀδελφῶν

287 2025 403 2068 σου,
460 2004 555 2059 καὶ
600 2004 728 2075 περὶ
765 2003 859 2058 σοῦ
904 2003 1081 2072 λόγον.
1129 2002 1410 2070 ’Δπετάξω
1439 2003 1502 2075 δὴ
1539 2001 1631 2058 οῦν
1661 2004 1852 2057 αὐθαι-

288 2100 492 2173 ρέτως,
524 2097 816 2167 «ὑπετάγης
861 2095 1134 2166 εὐηκόως·
1167 2092 1286 2149 εἶτα
1317 2096 1556 2150 ὲσινίασέ
1599 2114 1658 2150 σε
1688 2097 1716 2150 6
1750 2095 1854 2149 Σα-

283 2191 453 2254 τανᾶς
490 2188 807 2262 ἀπορρήξας
837 2187 938 2256 τῆς
968 2186 1118 2251 θείας
1162 2189 1476 2258 συναφείας.
1512 2184 1679 2253 Αὖθις
1712 2188 1852 2244 ἐλέει

283 2281 421 2335 Θεοῦ
479 2281 786 2353 συνήφθης·
829 2280 922 2332 καὶ
960 2278 1126 2333 πάλιν
1158 2279 1411 2350 ἐνεργείᾳ
1455 2279 1710 2350 δαίμονος
1740 2281 1849 2334 ἀπ-

286 2374 588 2444 επήδησας.
617 2373 846 2425 Ἔπειτα
871 2370 1035 2425 πάλιν
1053 2370 1246 2432 ἐλθὼν,
1275 2369 1689 2441 ἑξωμολογήσω,
1718 2373 1852 2426 ὐπο-

285 2465 548 2536 σχόμενος
578 2463 676 2533 τὴν
719 2463 855 2533 πρὸς
885 2463 947 2516 τὸ
991 2461 1120 2528 ἑξῆς
1152 2463 1456 2533 ἀσφάλειαν
1477 2478 1491 2493 ·
1535 2463 1630 2517 καὶ
1663 2462 1850 2534 ἐπειδὴ

274 2555 598 2628 ,ὑποστροφὴ
624 2554 723 2624 τῆς
754 2552 970 2622 ὲξορίας
995 2555 1090 2608 ἐπὶ
1119 2554 1213 2608 τοῦ
1244 2555 1585 2626 Νικηφόρον,
1610 2556 1673 2609 οὐ
1720 2571 1850 2609 συν-

283 2648 451 2720 ἦλθες
483 2649 599 2710 τοῖς
637 2645 843 2709 λοιποῖς
864 2687 879 2712 ,
913 2646 1028 2702 ἀλλ’
1057 2646 1280 2717 ἔμεινας
1320 2649 1406 2717 ἐφ’
1435 2647 1630 2701 ἑαυτοῦ
1670 2647 1853 2701 δελεα-

282 2740 508 2811 ζόμενος
547 2739 652 2792 ὑπὸ
689 2739 784 2792 τοῦ
829 2739 1038 2809 όφεως·
1097 2741 1192 2793 καὶ
1240 2740 1398 2794 τοῦτο
1453 2740 1558 2804 ἕως
1611 2741 1707 2796 τοῦ
1755 2741 1850 2796 νῦν

283 2829 662 2901 βασιλεύοντος
685 2829 950 2900 τετάρτου
984 2827 1120 2898 μετά
1148 2828 1485 2900 Νικηφόρον.
1507 2829 1656 2893 Ἕως
1694 2830 1844 2893 πότε,

281 2920 501 2985 ὲλεεινὲ,
534 2920 763 2992 ὲγκυλίῃ
801 2923 912 2980 τοῖς
956 2920 1056 2990 τῆς
1088 2920 1362 2991 ἁμαρτίας
1405 2920 1697 2991 τέλμασιν;
1746 2922 1850 2984 ἓως

280 3013 424 3077 τίνος
475 3013 576 3066 οὐκ
636 3014 860 3083 ἀνήσεις
907 3013 1237 3082 ἀσχημονεῖν
1286 3012 1519 3067 ἐνώπιον
1566 3013 1703 3067 Θεοῦ
1754 3014 1850 3067 καὶ

1955 1817 2099 1874 Deus
2126 1818 2269 1875 haud
2296 1819 2482 1885 dubie,
2514 1820 2605 1888 qui
2630 1835 2717 1875 me
2745 1821 2839 1876 tibi
2869 1832 3141 1891 pastorem
3167 1834 3223 1879 et
3250 1825 3524 1894 legislato-

1955 1927 2068 1965 rem
2113 1910 2438 1979 constituit;
2476 1912 2564 1967 cui
2599 1912 2916 1968 redditurus
2944 1929 3068 1969 sum
3101 1924 3161 1970 ut
3189 1930 3289 1985 pro
3312 1918 3525 1975 caeteris

1956 2000 2218 2057 fratribus
2242 2002 2350 2059 tuis
2375 2041 2391 2067 ,
2423 2002 2505 2058 sic
2527 2019 2626 2073 pro
2653 2013 2704 2059 te
2729 2020 2948 2075 quoque
2978 2007 3266 2062 rationem.
3298 2008 3522 2065 Renun-

1955 2094 2103 2148 tiasti
2148 2095 2316 2164 igitur
2368 2095 2572 2150 mundo
2623 2104 2716 2149 tua
2757 2098 2945 2167 utique
2991 2097 3164 2168 ipsius
3206 2100 3521 2169 voluntate,

1952 2182 2183 2239 libenter
2212 2184 2462 2240 subditus
2492 2184 2641 2240 fuisti
2670 2205 2683 2240 :
2713 2197 2900 2256 postea
2924 2189 3181 2243 cribravit
3206 2201 3256 2244 te
3290 2192 3522 2247 Satanas

1953 2276 2229 2345 abripiens
2259 2293 2290 2332 a
2317 2276 2500 2332 divina
2533 2278 2810 2333 societate.
2847 2279 3046 2334 lterum
3090 2282 3197 2336 Deo
3226 2283 3521 2340 miserante

1952 2368 2111 2424 nobis
2140 2370 2522 2436 consociatus,
2553 2382 2605 2426 et
2634 2370 2831 2426 iterum
2864 2373 3122 2429 daemonis
3154 2389 3314 2446 opera
3347 2379 3522 2433 resili-

1952 2461 2063 2516 isti.
2096 2460 2225 2517 Post
2248 2462 2362 2516 haec
2391 2463 2569 2518 denuo
2592 2479 2841 2519 reversus
2867 2467 3288 2538 exornologesitu
3320 2469 3516 2537 fecisti,

1951 2553 2300 2608 stabilitatem
2335 2553 2387 2606 in
2418 2563 2696 2623 posterum
2734 2556 3093 2624 promittens:
3144 2571 3198 2612 et
3233 2570 3518 2631 postquam

1950 2645 2126 2699 exsilii
2147 2644 2407 2698 relaxatio
2430 2644 2533 2699 fuit
2563 2646 2664 2699 sub
2680 2645 3008 2715 Nicephoro,
3028 2663 3150 2702 cum
3177 2650 3388 2704 caeteris
3408 2666 3520 2705 non

1951 2734 2196 2800 rediisti;
2230 2735 2321 2789 sed
2352 2734 2493 2804 apud
2521 2743 2574 2788 te
2599 2735 2874 2789 inescatus
2895 2749 2926 2789 a
2954 2745 3203 2804 serpente
3233 2737 3519 2792 mansisti:

1950 2827 2112 2897 idque
2160 2828 2225 2881 ad
2269 2842 2392 2880 eum
2455 2841 2628 2896 usque
2678 2826 2773 2896 qui
2835 2842 2982 2882 nunc
3038 2828 3327 2897 imperium
3377 2837 3524 2884 tenet

1949 2927 2177 2990 quartus
2205 2933 2235 2972 a
2260 2916 2587 2984 Niceplioro.
2615 2917 2907 2988 Quousque
2937 2918 3152 2972 tandem
3174 2920 3437 2976 volutaris
3463 2922 3522 2976 in

1951 3026 2109 3066 manu
2138 3009 2378 3079 peccati?
2399 3007 2695 3075 Quousque
2722 3023 2830 3062 non
2855 3007 3056 3064 desinis
3085 3008 3340 3064 indecore
3360 3025 3524 3080 agere

281 3103 616 3175 ἀνθρώπων;
675 3105 788 3157 Οὐκ
829 3103 908 3155 ἔνι
943 3103 1205 3169 θάνατος;
1254 3104 1356 3158 οὐκ
1401 3105 1482 3158 ἔνι
1526 3106 1845 3176 κριτήριον;

1952 3118 2130 3157 coram
2163 3101 2272 3155 lico
2301 3110 2356 3156 ct
2384 3100 2737 3155 hominibus?
2776 3101 2858 3154 An
2890 3101 3038 3155 nulla
3077 3117 3224 3158 mors
3256 3104 3372 3159 est?
3399 3105 3522 3158 nul-

280 3198 358 3251 υὺ
401 3195 593 3256 δώσεις
637 3197 780 3248 τίσιν
808 3194 1024 3247 αἰώνιον
1048 3235 1064 3258 ,
1103 3191 1170 3266 ἦς
1217 3191 1313 3249 καὶ
1355 3196 1518 3266 μόνον
1548 3196 1849 3266 ὲνθύμησις

281 3286 632 3342 καταστέλλει
666 3285 845 3355 ψυχὴν
882 3286 974 3338 καὶ
1004 3286 1326 3358 ἐπιστρέφει
1359 3288 1494 3358 πρὸς
1523 3285 1844 3356 μετάνοιαν;

294 3379 613 3448 Ἀνάνηψον,
644 3376 922 3446 ἄνθρωπε.
953 3377 1313 3449 ἀνακλήοητι,
1343 3377 1648 3450 παρακαλῶ
1669 3394 1684 3409 ⁸
1711 3379 1849 3448 ἄφες

280 3471 582 3538 οἰκοδομεῖν
618 3468 796 3532 οίκίας
848 3469 1159 3539 κοσμικῶς.
1211 3473 1238 3524 6
1278 3471 1372 3523 τὸν
1420 3466 1569 3524 οἶκόν
1610 3488 1702 3524 σου
1748 3470 1848 3541 τῆς

277 3560 456 3632 ψυχῆς
486 3557 866 3622 καταλελυκώς
886 3574 900 3588 ο
929 3557 991 3610 ἔα
1018 3560 1290 3611 τεκτονεῖν
1314 3557 1388 3620 ὡς
1418 3557 1604 3621 λαῖκὸς
1622 3597 1638 3621 ,
1688 3559 1716 3610 6
1758 3573 1849 3607 τεο

280 3651 633 3720 κταινόμενος
683 3649 788 3703 ὑπὸ
816 3648 908 3702 τοῦ
954 3651 1168 3704 Σατανᾶ
1190 3664 1204 3678 ·
1239 3649 1313 3720 μὴ
1351 3651 1663 3721 προφασίσῃ
1692 3647 1850 3702 τοῦτο

279 3743 534 3798 κακεῖνο·
568 3739 740 3803 οὐδείς
774 3757 833 3793 σε
863 3740 1124 3805 ὲξελεῖται
1168 3743 1232 3795 ἐκ
1275 3741 1457 3813 χειρὸς
1499 3741 1725 3812 Κυρίου.
1755 3741 1847 3810 Μὴ

279 3827 439 3898 εἴπῃς
461 3827 818 3898 ἡμαρτηκὼς⁸
845 3831 958 3881 Οὐκ
982 3831 1110 3882 οἴσω
1143 3830 1240 3891 τάς
1261 3831 1624 3900 ἐπιτιμήσεις.
1646 3834 1846 3896 υῐσεις,

278 3919 467 3974 τέκνον
508 3936 644 3991 μου·
695 3919 845 3973 καλῶ
885 3921 991 3991 γάρ
1048 3937 1105 3973 σε
1157 3920 1327 3981 οὕτως
1360 3923 1532 3975 ἐλπίδι
1571 3923 1668 3992 τῆς
1712 3922 1849 3975 ὑπο-

282 4015 555 4086 στροφῆς,
600 4013 710 4082 ἐγὼ
738 4017 764 4067 ὁ
797 4014 1072 4076 ταπεινός.
1121 4015 1183 4066 Εἰ
1215 4014 1437 4085 Πατὴρ,
1469 4016 1849 4085 πεφεισμένως

284 4106 588 4177 ίατρεύσω,
631 4105 1082 4176 συμπαΟητικῶς,
1113 4107 1499 4176 φιλοστόργως.
1545 4107 1720 4160 Μόνον
1758 4108 1848 4160 θέ-

279 4195 464 4265 λησον,
510 4195 670 4266 μόνον
701 4195 982 4267 κινήθητι,
1026 4196 1316 4269 διάρρηξον
1357 4197 1425 4250 τὰ
1459 4198 1757 4268 κατέχοντά
1787 4215 1846 4250 σε

279 4287 454 4357 δεσμά
486 4287 579 4341 τοῦ
636 4288 903 4341 θανάτου⁹
960 4288 1189 4356 ἐγγύθεν
1232 4289 1366 4342 θεοῦ
1415 4289 1662 4360 βοήθεια,
1700 4291 1792 4344 καὶ
1819 4293 1847 4343 6

280 4378 454 4446 φύλαξ
484 4395 577 4431 σου
603 4379 704 4449 τῆς
737 4378 883 4448 ζωῆς
909 4379 1138 4447 ἄγγελος
1181 4382 1612 4452 προπορεύσεται
1638 4399 1653 4413 ·
1703 4386 1847 4454 χαρά

281 4472 338 4522 ὲν
371 4467 586 4538 οὐρανῷ
638 4471 949 4539 γενήσεται,
1011 4469 1273 4540 Ορηνήσει
1312 4472 1339 4522 6
1380 4471 1658 4538 διάϐολος,
1696 4452 1848 4542 σκιρ-
1885 4452 1923 4504 D

282 4560 433 4630 τὴσω
471 4557 583 4626 ἐγὼ
624 4560 652 4612 6
677 4558 865 4623 τάλας,
905 4558 1152 4629 εὑρηκὼς
1179 4559 1238 4612 τὸ
1266 4561 1542 4624 ἀπολωλός
1574 4580 1677 4632 μου
1716 4564 1848 4634 πρό-

284 4650 469 4715 ϐατον,
495 4651 588 4704 καί
613 4667 676 4718 γε
701 4653 734 4722 ἡ
761 4651 1057 4721 ἀδελφότης
1088 4655 1202 4706 σου.
1234 4653 1366 4707 Εἰδὲ
1392 4654 1487 4724 μὴ,
1513 4655 1609 4727 ἔσῃ
1625 4656 1847 4726 Θήραμα

283 4742 360 4813 τῷ
408 4742 671 4813 διαϐόλῳ,
724 4743 819 4796 τοῦ
872 4745 994 4797 οὐαὶ
1045 4745 1414 4816 κληρονόμος,
1473 4739 1534 4798 οὗ
1592 4748 1848 4818 ῥυσθεξης

285 4834 637 4898 ὑπακούσας,
678 4835 774 4888 καὶ
820 4836 916 4889 σὺν
947 4835 1025 4906 τῷ
1061 4835 1277 4906 ἀδελφῷ
1310 4853 1404 4889 σου
1453 4836 1583 4908 Σίλᾳ
1631 4838 1848 4892 ἐλευσό-

285 4941 466 4996 μενος.

531 5046 615 5100 Pl'
795 5079 862 5088 —
903 5045 982 5116 Τῇ
1019 5046 1257 5118 ὁμόζυγα,
1295 5049 1613 5120 Δημόχαρι.
1658 5047 1844 5121 [χλη¹.]

1949 3194 2060 3248 Ιιιιιι
2104 3192 2408 3263 judicium?
2452 3208 2561 3247 non
2609 3206 2824 3261 poenam
2876 3192 2994 3248 lues
3035 3202 3328 3260 aeternam,
3367 3196 3524 3261 cujus

1949 3285 2063 3341 sola
2117 3284 2378 3354 cogitatio
2436 3294 2652 3340 coercet
2695 3283 2971 3348 animam,
3023 3287 3402 3357 convertitque
3455 3289 3521 3342 ad

1950 3375 2365 3447 pmnitentiain?
2393 3373 2802 3446 Expergiscere,
2838 3375 3023 3442 homo,
3056 3377 3332 3446 resipisce.
3369 3380 3524 3434 obte-

1950 3471 2291 3526 stor.0mitte
2309 3471 2500 3526 domos
2522 3468 2704 3524 saeculi
2722 3483 2873 3524 more
2888 3479 3187 3535 exstruere,
3209 3473 3300 3541 qui
3329 3472 3525 3526 anima:

1951 3572 2056 3618 tua:
2086 3563 2306 3618 domum
2333 3564 2649 3620 destruxisti
2686 3577 2701 3613 :
2734 3562 2921 3618 desine
2950 3571 3006 3616 ut
3040 3563 3214 3618 laicus
3244 3562 3522 3629 fabricari,

1950 3657 2044 3726 qui
2075 3666 2346 3712 structura
2375 3659 2439 3712 lis
2480 3657 2734 3713 Satanae:
2777 3672 2954 3728 neque
2986 3657 3086 3710 hac
3117 3666 3210 3711 aut
3231 3657 3320 3710 illa
3354 3672 3521 3711 excu-

1949 3751 2160 3803 satione
2205 3748 2396 3803 utaris.
2438 3746 2608 3804 Nemo
2641 3759 2692 3805 te
2730 3748 2941 3802 auferet
2977 3748 3040 3801 de
3077 3763 3240 3802 manu
3282 3747 3519 3803 Domini.

1949 3838 2026 3894 Ne
2050 3842 2199 3894 dicas
2219 3848 2501 3909 postquam
2523 3839 2788 3909 peccasti:
2817 3838 3012 3893 Pinnas
3031 3856 3135 3893 non
3154 3839 3316 3893 dabo.
3341 3837 3522 3902 Dabis,

1951 3933 2025 3987 fili
2068 3931 2143 3986 mi
2183 3950 2197 3986 ε
2241 3931 2322 3987 sic
2350 3933 2493 3987 enim
2539 3948 2640 4002 ego
2686 3932 2911 3985 humilis
2941 3945 2992 3985 te
3019 3931 3242 3984 nomino
3272 3947 3368 4002 spe
3389 3948 3524 3987 con-

1951 4025 2242 4081 versionis.
2273 4025 2330 4080 Si
2363 4036 2517 4096 pater
2548 4040 2692 4091 sum,
2719 4025 3042 4080 medicinam
3075 4024 3305 4078 adhibeo
3337 4041 3519 4094 parco,

1949 4121 2431 4186 commiseranter,
2466 4131 2734 4174 amanter.
2780 4116 2925 4173 Velis
2955 4120 3368 4172 tantummodo:
3402 4129 3525 4171 tan-

1951 4212 2229 4266 tummodo
2259 4212 2529 4267 movearis
2558 4230 2571 4266 :
2603 4227 2794 4281 rumpe
2823 4226 2945 4280 qua:
2980 4220 3029 4264 te
3060 4211 3302 4264 detinent
3332 4211 3524 4266 mortis

1949 4306 2185 4360 vincula.
2209 4304 2382 4375 Prope
2408 4305 2562 4360 adest
2590 4304 2681 4358 Dci
2717 4305 2980 4360 auxilium
3002 4343 3017 4366 ,
3047 4313 3102 4357 et
3133 4303 3254 4358 vita:
3287 4313 3392 4358 tua:
3421 4321 3523 4358 cu-

1950 4408 2063 4450 stos
2085 4397 2310 4467 augelus
2333 4395 2611 4466 gradietur
2633 4406 2756 4448 ante
2780 4405 2850 4450 te.
2876 4393 3140 4448 Gaudium
3163 4395 3270 4450 erit
3294 4394 3520 4462 iucmlu,

1953 4489 2155 4560 lugebit
2197 4489 2447 4544 diabolus
2470 4527 2485 4553 ,
2519 4505 2620 4558 ego
2667 4490 2833 4541 miser
2865 4487 3081 4540 inventa
3122 4500 3222 4540 ove
3258 4501 3378 4541 mea
3404 4502 3524 4554 qua:

1955 4581 2188 4651 perierat
2219 4581 2590 4645 exsultabo,et
2625 4581 2811 4650 utique
2839 4580 3031 4636 fratres
3063 4583 3138 4636 tui
3172 4597 3383 4637 omnes.
3425 4581 3522 4637 Sin

1955 4675 2160 4737 minus,
2191 4674 2368 4743 przeda
2396 4674 2503 4728 eris
2534 4673 2758 4735 diaboli,
2788 4682 2842 4728 et
2874 4673 3045 4728 haeres
3079 4672 3474 4727 maledictioiiis
3506 4690 3520 4727 :

1955 4782 2060 4836 qua
2096 4765 2323 4831 utinam,
2356 4765 2488 4819 mihi
2517 4766 2778 4822 obediens
2802 4805 2818 4831 ,
2854 4780 2907 4820 et
2932 4781 3055 4821 cum
3085 4764 3199 4820 Sila
3235 4767 3400 4820 fratre
3434 4776 3526 4820 tuo

1956 4859 2196 4920 veniens,
2233 4857 2498 4912 libereris.

2351 5047 2456 5104 CX.
2477 5079 2546 5088 —-
2576 5047 2742 5103 Uxori
2784 5047 3120 5103 Demochari.

1543 5164 1832 5213 Consolatur
1854 5163 1904 5214 in
1926 5164 2062 5215 obitu
2088 5164 2271 5215 mariti.

383 5267 502 5336 Ἀφ’
521 5261 589 5338 ἦς
618 5268 830 5339 ἡμέρας
861 5269 1134 5340 ἀνηγγέλη
1165 5272 1294 5341 ἡμῖν
1323 5271 1350 5325 6
1373 5269 1598 5335 θάνατος
1623 5272 1715 5325 τοῦ
1745 5291 1850 5342 μα-

283 5361 478 5433 καρίου
513 5364 842 5433 στρατηγοῦ,
885 5364 1047 5435 μέχρι
1072 5363 1168 5417 τοῦ
1195 5364 1387 5436 δεῦρο,
1425 5363 1594 5417 πολλά
1631 5366 1852 5436 δοκιμά-

285 5471 480 5517 σαντες
529 5455 629 5508 οὑκ
681 5456 1043 5527 εὐωδώθημεν
1104 5458 1408 5512 ἐπιστεῖλαι
1461 5461 1528 5530 τῇ
1578 5459 1850 5529 τιμιότητί

285 5561 416 5600 σου·
478 5549 571 5600 καὶ
617 5547 712 5600 νῦν
742 5549 799 5601 δὲ
845 5549 1246 5614 ἐπιστέλλοντες
1282 5551 1434 5605 οὐδέν
1476 5569 1535 5604 σε
1581 5551 1846 5622 ὠφελεῖν,

283 5634 406 5688 οὐδὲ
432 5635 812 5708 ὲλαφροποιεῖν
844 5638 938 5691 τοῦ
971 5638 1170 5708 βάρους
1195 5641 1294 5712 τῆς
1326 5641 1590 5696 ὲνωδύνου
1622 5640 1848 5712 καρδίας

2031 5273 2102 5325 Ex
2131 5287 2240 5341 quo
2267 5270 2426 5326 nobis
2457 5271 2768 5325 renuntiata
2801 5285 2951 5324 mors
2989 5281 3071 5324 est
3099 5271 3238 5326 beati
3274 5273 3518 5341 magistri

1955 5367 2212 5427 militum,
2236 5365 2301 5419 ad
2339 5365 2486 5419 hunc
2515 5379 2690 5432 usque
2719 5363 2884 5424 diem,
2915 5377 3040 5416 cum
3073 5363 3241 5417 multa
3270 5365 3522 5434 explora-

1957 5459 2236 5523 verimus,
2287 5458 2493 5512 nullam
2541 5455 2879 5511 excellentiae
2926 5464 3033 5509 tua:
3075 5455 3346 5510 scribendi
3382 5458 3520 5510 viain

1952 5553 2201 5607 idoneam
2253 5551 2397 5606 nacti
2435 5566 2678 5606 sumus:
2725 5559 2780 5604 et
2830 5564 2977 5604 nunc
3023 5565 3146 5605 cum
3195 5552 3521 5612 scribimus.

1951 5643 2081 5698 nihil
2111 5643 2304 5713 jus-are
2327 5653 2401 5707 te,
2428 5658 2526 5698 nec
2554 5657 2770 5712 gravem
2800 5655 3095 5712 possumus
3119 5643 3300 5700 cordis
3318 5657 3523 5700 maro-

1743 5754 1947 5813 NOTAE
1958 5799 1970 5811 .

360 5869 433 5933 (li)
455 5867 512 5921 lu
550 5867 668 5922 cod.
698 5869 826 5935 Reg.
861 5877 971 5937 ριε⁹.

2068 5875 2141 5940 {7)
2166 5876 2219 5928 lu
2253 5877 2372 5932 cod.
2408 5877 2538 5943 Reg.
2582 5879 2711 5947 ρις’.
2749 5878 2823 5945 (’i
2860 5876 3206 5933 Parznetica.
