4156 6466
697 381 826 446 I371

1897 389 1958 449 S.
1988 386 2385 448 THEODORI
2427 386 2774 454 STUDITA!

3815 377 3970 440 1372

679 514 793 553 rem
823 499 1127 556 sublevare.
1165 501 1298 568 Quae
1336 502 1480 558 enim
1540 505 1763 573 reperiri
1819 517 1987 574 queat
2047 505 2256 568 oratio,

2369 503 2664 572 δυνάμεθα.
2738 503 2836 568 Τίς
2890 501 2999 574 γάρ
3057 502 3152 555 καὶ
3205 497 3516 570 ὲξευρεθεέη
3567 495 3726 564 λόγος
3781 495 3967 561 ἄλγος

679 609 804 662 quae
830 603 988 648 tanto
1017 595 1192 649 dolori
1225 596 1544 650 medeatur?
1583 599 1832 651 Attamen
1873 585 1933 652 ut
1968 596 2118 650 illius
2162 610 2262 649 nos

681 701 903 755 quoque
958 687 1010 740 in
1049 699 1256 757 partem
1300 688 1490 742 venire
1531 691 1931 753 ostendamus,
1983 704 2095 742 non
2141 689 2263 757 ejus

685 786 897 830 tantum
921 791 1088 831 causa
1122 780 1215 848 qui
1248 779 1312 833 ad
1348 779 1641 834 Dominum
1672 781 1843 846 abiit;
1876 780 2147 849 siquidem
2180 779 2264 833 vir

687 863 865 918 bonus
902 874 956 918 et
983 867 1106 934 pius
1129 909 1144 931 ,
1177 868 1441 922 doctrinae
1482 870 1804 923 orthodoxae
1850 880 2223 940 pr0puguator
2244 909 2260 932 ,

683 957 942 1026 pacisque
974 959 1122 1027 pugil
1152 959 1440 1029 dereliquit
1511 977 1632 1024 nos,
1665 976 1699 1015 o
1730 961 2050 1016 calamitas!
2086 951 2265 1016 sed‘et

685 1047 761 1099 lui
803 1048 974 1116 gratia
1007 1064 1126 1116 quae
1148 1049 1404 1104 derelicta
1441 1065 1521 1112 es,
1549 1049 1821 1119 coniugali
1865 1051 2070 1102 auxilio
2099 1049 2265 1104 desti-

684 1147 833 1200 tuta,
867 1140 1164 1207 praesertim
1203 1155 1329 1194 cum
1379 1141 1478 1194 viri
1534 1156 1724 1196 amans
1761 1155 1912 1196 esses
1943 1141 2260 1196 admodum.

685 1230 790 1283 Sed
827 1232 1088 1299 quoniam
1119 1232 1289 1286 divini
1329 1234 1531 1288 decretl
1580 1234 1764 1302 ignara
1815 1249 1923 1287 non
1964 1249 2059 1288 es:
2095 1233 2264 1287 Terra

683 1337 737 1373 es
760 1361 773 1383 ,
813 1330 863 1374 et
904 1323 957 1374 in
991 1322 1189 1376 terram
1218 1328 1486 1378 reverteris
1523 1327 1603 1390 “;
1649 1337 1704 1380 et
1738 1341 1956 1379 rursum
1989 1344 2001 1379 :
2055 1323 2122 1378 Ut
2162 1342 2264 1378 non

685 1414 1074 1466 contristemini
1119 1418 1183 1468 de
1229 1414 1649 1482 dormientibus,
1703 1418 1838 1470 sicut
1880 1428 1929 1470 et
1970 1419 2142 1470 cancri
2173 1420 2263 1488 qui

687 1521 831 1572 spent
863 1523 961 1558 non
990 1507 1180 1561 habent
1217 1508 1295 1573 “;
1332 1524 1456 1562 cum
1498 1510 1571 1563 illi
1605 1525 1632 1563 a
1667 1509 1775 1564 Deo
1806 1510 2106 1565 adducendi
2155 1511 2266 1566 sint

687 1611 811 1652 cum
843 1595 968 1652 Jesu
1013 1599 1066 1653 in
1096 1601 1532 1657 resurrectione:
1567 1602 1849 1657 hortamur
1872 1611 1926 1658 et
1949 1619 2171 1660 oramus
2207 1612 2266 1658 ut

689 1688 918 1743 nimium
951 1690 1194 1744 dolorem
1232 1693 1489 1762 abjicias.
1519 1693 1952 1749 consolationem
2007 1697 2248 1767 aliquam

687 1782 945 1850 accipias,
977 1783 1041 1836 ad
1072 1790 1122 1835 te
1153 1783 1363 1846 redeas,
1397 1783 1639 1836 animum
1671 1785 1982 1840 exhilares:
2013 1788 2263 1856 quando-

688 1872 912 1941 quidem
952 1873 1154 1928 liberos
1217 1873 1408 1936 habes,
1457 1885 1511 1929 et
1566 1873 1771 1929 familia
1825 1877 1918 1930 tibi
1960 1889 2042 1933 est
2085 1879 2266 1936 indole

688 1967 858 2020 animi
898 1978 1192 2036 praestans;
1216 1978 1271 2022 et
1298 1970 1400 2022 nisi
1434 1985 1584 2025 meus
1619 1971 1793 2040 erigat
1820 1986 1877 2026 se
1899 1974 1967 2026 ad
2006 1974 2266 2030 cohiben-

687 2056 818 2110 dum
841 2058 1104 2122 dolorem,
1134 2074 1323 2128 regere
1353 2075 1418 2116 ac
1451 2062 1552 2115 rite
1587 2061 1889 2132 gubernare
1921 2065 2070 2118 nullo
2104 2068 2266 2123 modo

686 2147 906 2216 poterit.
943 2148 1023 2201 Ad
1053 2158 1362 2204 extremum
1397 2152 1560 2206 beato
1589 2152 1749 2206 etiam
1802 2153 1879 2207 illi
1912 2153 2264 2223 profuturum

685 2247 772 2293 est
803 2239 855 2292 id
882 2239 1027 2307 quod
1053 2240 1348 2296 suademus
1375 2260 1388 2295 :
1420 2257 1530 2311 quo
1567 2240 1699 2311 quid
1738 2257 1858 2296 esse
1891 2245 2064 2312 possit
2102 2255 2263 2313 cpta-

687 2327 898 2383 bilius?
929 2328 1067 2394 Quid
1095 2344 1225 2399 ergo
1261 2340 1451 2393 restat,
1489 2330 1748 2384 domina?
1773 2331 1845 2384 Da
1868 2332 2097 2401 gloriam
2125 2333 2268 2389 bono

690 2420 843 2486 Deo;
874 2420 1055 2489 profer
1088 2421 1176 2476 illa
1211 2423 1378 2476 verba
1407 2421 1509 2477 Job
1543 2440 1556 2476 :
1592 2422 1844 2475 Dominus
1869 2425 2034 2489 dedit,
2083 2424 2268 2480 Domi-

689 2529 786 2565 nus
801 2513 1056 2578 abstulit;
1077 2515 1212 2567 sicut
1238 2513 1461 2566 Domino
1481 2515 1683 2583 placuit
1702 2517 1777 2566 ita
1804 2524 1851 2567 et
1879 2515 2076 2576 factum
2107 2519 2264 2575 est".

689 2602 925 2658 Maxima
956 2604 1082 2659 inde
1115 2620 1301 2658 revera
1362 2605 1455 2658 tibi
1520 2606 1639 2659 laus
1701 2605 1897 2671 fuerit,
1956 2609 2268 2680 patebitque

691 2710 860 2764 quam
895 2696 1096 2750 eruditi
1127 2697 1227 2750 viri
1255 2713 1393 2750 uxor
1422 2697 1607 2752 fueris.
1643 2697 1845 2754 Doctus
1877 2701 1966 2756 ille
1994 2702 2266 2772 siquidem

689 2797 746 2839 et
781 2788 1090 2857 sapicns,et
1120 2789 1402 2844 institutor
1431 2806 1540 2845 non
1568 2791 1927 2847 initiatorum.
1954 2793 2134 2860 Quare
2161 2798 2271 2851 sic-

691 2892 752 2937 ut
783 2883 873 2938 ille
927 2884 1061 2940 viris
1090 2885 1414 2954 praeclarum
1445 2886 1547 2940 fuit
1569 2887 1902 2956 exemplum,
1926 2900 2045 2944 esto
2073 2900 2128 2946 et
2153 2891 2269 2960 ipsa

691 2973 1014 3030 mulieribus
1043 3018 1058 3042 ,
1097 2977 1314 3046 lugendi
1347 2977 1587 3031 studium
1627 2978 1927 3044 declinans,
1979 2989 2031 3034 et
2082 2993 2268 3036 osten-

2365 596 2621 650 τοσοῦτον
2646 595 3008 668 θεραπεύειν;
3048 593 3191 649 Ἀλλ’
3219 593 3308 646 ἵνα
3341 589 3680 660 καταδήλους
3714 588 3964 642 ἑαυτοὺς

2365 689 2685 758 ποιήσωμεν
2699 688 2773 751 ὡς
2806 687 3146 758 μετέσχομεν
3169 685 3265 738 καὶ
3294 683 3448 737 αὐτοὶ
3469 681 3669 749 λύπης,
3693 679 3756 731 ού
3786 678 3969 748 μόνον

2365 782 2458 835 ἐπὶ
2494 781 2572 853 τῷ
2606 782 2972 852 ὲνδημήσαντι
3012 779 3148 850 πρὸς
3182 776 3416 848 Κύριον⁶
3449 776 3531 828 ὅτι
3572 773 3717 842 ἀνὴρ
3741 769 3968 838 ἀγαθὸς

2365 874 2460 928 καὶ
2490 873 2758 943 εὐσεϐὴς,
2795 873 3079 944 πρόμαχος
3121 868 3463 941 ὀρθοδοξίας,
3499 865 3594 918 καὶ
3631 861 3966 930 ἀγωνιστὴς

2365 965 2611 1036 εἰρήνης,
2648 965 3004 1018 ἀπολέλοιπεν
3043 965 3212 1033 ἡμᾶς,
3244 959 3289 1013 ὣ
3313 960 3414 1029 τῆς
3442 956 3766 1026 συμφορᾱςί
3808 951 3966 1006 ἀλλά

2366 1059 2459 1110 καὶ
2481 1057 2572 1110 ἐπὶ
2597 1059 2679 1110 σοὶ
2698 1060 2765 1128 τῇ
2799 1055 3222 1126 καταλειφθείσῃ
3253 1053 3446 1123 ἐρήμῳ
3477 1050 3576 1119 τῆς
3605 1045 3962 1116 ὁμοζυγικῆς

2365 1148 2708 1220 ἐπικουρίας,
2745 1148 2924 1211 ἄλλως
2953 1164 3013 1200 τε
3048 1147 3142 1200 καὶ
3182 1142 3550 1214 φιλανδρούσῃ
3575 1139 3719 1191 λίαν.
3752 1135 3961 1197 Οῦτως

2365 1234 2458 1292 οὖν
2512 1237 2942 1309 ἀπαραμύθητον
2996 1235 3056 1288 τὸ
3117 1233 3289 1296 πάθος
3341 1229 3626 1295 ἀπέδειξεν
3683 1228 3713 1280 δ
3761 1225 3956 1291 λόγος.

2378 1328 2516 1380 Ἀλλ’
2558 1330 2681 1381 ἐπεὶ
2709 1329 2808 1381 οὐκ
2840 1323 2888 1379 εί
2921 1327 3208 1388 ἀδίδακτος
3235 1321 3329 1375 τοῦ
3359 1320 3506 1373 θείου
3544 1317 3956 1385 διατάγματος.

2363 1420 2445 1473 ὅτι
2469 1419 2558 1488 Γῆ
2584 1416 2792 1484 ἄνκαὶ
2819 1421 2906 1484 είς
2925 1417 3043 1487 γῆν
3079 1415 3417 1480 ἀπελεὺσῃ.
3456 1411 3565 1464 Καὶ
3589 1408 3773 1462 πάλιν·
3808 1408 3958 1459 Ἵνα

2359 1513 2446 1585 μὴ
2469 1514 2567 1567 ἐπὶ
2592 1512 2717 1579 τοῖς
2733 1509 3184 1579 κεκοιμημένοις
3208 1505 3514 1573 λυπῆσθε,
3541 1502 3732 1567 καθὼς
3765 1499 3870 1553 καὶ
3899 1501 3955 1551 οἱ

2365 1603 2568 1658 λοιποὶ
2603 1604 2658 1656 οι
2701 1602 2782 1670 μὴ
2829 1600 3074 1670 ἔχοντες
3123 1595 3377 1651 ἐλπίδα·
3426 1595 3502 1656 ὡς
3539 1591 3956 1663 ἀχθησομένοις

2367 1696 2466 1748 σὺν
2503 1694 2584 1764 τῷ
2627 1693 2806 1764 Ἰησοῦ
2859 1692 2965 1744 ὑπὸ
3010 1688 3149 1744 Θεοῦ
3189 1689 3248 1742 ἑν
3281 1689 3347 1758 τῇ
3390 1683 3719 1740 ἀναστάσει·
3760 1696 3954 1750 παρα-

2367 1786 2642 1858 καλοῦμεν
2694 1786 2786 1840 καὶ
2837 1781 3228 1852 ἀντιϐολοῦμεν
3279 1777 3514 1832 κενῶσαί
3574 1792 3635 1828 σε
3692 1773 3757 1826 τὸ
3808 1771 3953 1824 πολὺ

2365 1880 2463 1950 τῆς
2485 1877 2696 1949 λύπης,
2748 1875 2935 1930 λαϐεῖν
2968 1871 3318 1945 παραμύθιον
3354 1869 3572 1941 μικρὸν,
3616 1868 3698 1928 είς
3741 1863 3952 1934 ἑαυτὴν

2366 1971 2651 2042 γενέσθαι,
2707 1967 2960 2040 ἱλαρῦναι
3005 1967 3106 2036 τὴν
3154 1965 3362 2034 ψυχήν·
3409 1960 3598 2030 ἐπειδὴ
3643 1959 3738 2012 καὶ
3777 1957 3950 2009 τέκνα

2367 2065 2543 2135 ἔχεις,
2575 2062 2673 2116 καὶ
2720 2061 2871 2115 οίκία
2918 2077 2999 2113 σοι
3054 2059 3291 2128 πάρεστι
3327 2051 3706 2127 μεγαλοφυής’
3756 2050 3855 2104 καὶ
3896 2049 3949 2100 ει

2371 2159 2447 2229 μὴ
2467 2158 2496 2209 ὁ
2521 2156 2646 2219 νοῦς
2665 2154 2948 2222 ἀνενέγκοι
2975 2152 3076 2221 τῆς
3100 2148 3563 2219 κατακρατησεως
3591 2142 3686 2196 τοῦ
3710 2143 3943 2208 πάθους,

2369 2250 2591 2303 διοικεῖν
2617 2247 2711 2299 καὶ
2746 2246 2953 2298 διέπειν
3001 2241 3177 2312 ὀρθῶς
3224 2241 3326 2293 ούκ
3365 2240 3430 2293 ἀν
3479 2253 3610 2290 ποτε
3660 2234 3944 2304 δυνηθείη.

2382 2341 2508 2394 Ἐπὶ
2555 2340 2691 2393 πᾶσι
2719 2337 2775 2390 δὲ
2813 2334 3054 2406 κάκείνῳ
3098 2331 3177 2402 τῷ
3211 2329 3470 2400 μακαρίῳ
3498 2327 3845 2396 λυσιτελήσει
3884 2324 3946 2376 τὸ

2367 2431 2693 2500 λεγόμενον·
2731 2419 2794 2478 οὗ
2838 2425 2889 2478 τί
2931 2424 2998 2478 ἂν
3047 2423 3260 2492 γένοιτο
3312 2419 3940 2492 περισπουδαστότερονς

2369 2522 2435 2575 Τί
2461 2517 2556 2575 οῦν
2585 2517 2792 2582 λοιπὸν,
2834 2511 2880 2570 ὧ
2913 2515 3113 2586 κυρίας
3148 2514 3234 2576 δὸς
3265 2513 3420 2577 δόξαν
3450 2511 3529 2581 τῷ
3567 2508 3759 2579 ἀγαθῷ
3786 2506 3942 2577 Θεῷ·

2370 2611 2596 2682 φθέγξαι
2633 2611 2703 2664 τὰ
2727 2607 2821 2663 τοῦ
2863 2607 3015 2672 Ἰὼϐ,
3057 2607 3112 2658 '0
3141 2606 3356 2673 Κύριος
3381 2605 3624 2666 ἔδωκεν,
3652 2603 3686 2656 ό
3727 2601 3944 2667 Κύριος

2368 2705 2682 2773 ἀφείλετο·
2729 2701 2810 2766 ὡς
2836 2697 2915 2764 τῷ
2947 2698 3142 2766 Κυρίῳ
3175 2695 3409 2760 ἔδοξεν,
3440 2694 3628 2758 οὓτως
3669 2691 3771 2746 καὶ
3814 2690 3942 2760 ἐτέο

2367 2813 2526 2851 rato.
2569 2794 2667 2864 Εῖη
2707 2791 2958 2846 ἐντεῦθεν
2986 2791 3061 2854 ὼς
3086 2788 3300 2858 ἀληθῶς
3334 2785 3590 2858 μέγιστον
3632 2783 3815 2845 κλέος,
3852 2783 3944 2835 καὶ

2371 2888 2597 2958 φανείης
2617 2888 2733 2940 οἴου
2759 2883 3193 2953 πεπαιδευμένου
3221 2879 3414 2950 ἀνδρὸς
3437 2878 3702 2948 ὁμόζυγος
3731 2875 3942 2944 ἐγένου.

2370 2983 2482 3037 Καὶ
2511 2983 2619 3052 γάρ
2645 2982 2848 3043 ἐκεῖνος
2879 2979 2973 3032 καὶ
2998 2974 3321 3046 γνωστικδς,
3355 2973 3448 3027 καὶ
3473 2971 3656 3039 σοφὸς,
3686 2969 3782 3022 καὶ¹
3812 2986 3941 3021 παι-

691 3067 829 3122 dens
887 3075 1125 3124 tutorem
1189 3070 1285 3126 tibi
1346 3070 1515 3124 Deum
1573 3085 1734 3136 esse,
1788 3073 1924 3140 qui,
1985 3089 2108 3128 cum
2157 3091 2267 3130 non

2371 3076 2563 3146 δευτὴς
2597 3075 2701 3126 τῶν
2729 3073 3010 3143 ἀμυήτων.
3056 3069 3144 3132 Ὠς
3187 3067 3297 3138 γάρ
3326 3061 3418 3120 οὖν
3451 3065 3655 3125 ἐκεῖνος
3686 3062 3944 3131 ἀνδράσιν

692 3172 887 3223 esses,
957 3167 1015 3212 ut
1086 3174 1235 3215 esses
1296 3159 1362 3214 de
1421 3160 1595 3215 nihilo
1647 3171 1696 3215 te
1747 3161 2039 3231 produxit,
2095 3173 2149 3216 et
2203 3165 2270 3218 ad

2374 3168 2678 3236 ὑπόδειγμα
2700 3164 2886 3228 καλὸν,
2914 3163 3005 3216 έσο
3041 3161 3136 3214 καὶ
3160 3159 3300 3229 αύτὴ
3318 3156 3587 3226 γυναιξὶν,
3617 3153 3943 3207 ἐκκλίνουσα

693 3246 978 3304 florentem
1029 3259 1242 3304 aetatem
1297 3251 1587 3320 perduxit,
1643 3261 1696 3306 ct
1752 3263 1904 3308 tanto
1965 3256 2086 3308 viro
2141 3271 2270 3310 con-

691 3339 918 3410 junxit,
978 3340 1422 3412 disjunctamque
1478 3343 1672 3398 iterum
1729 3345 1881 3399 uniet
1939 3360 2034 3414 per
2089 3362 2272 3402 resur-

695 3431 1018 3487 rectionem.
1077 3432 1260 3499 Quare
1317 3449 1604 3488 excessum
1658 3435 1828 3504 ipsius
1879 3438 2272 3506 peregrinatio-

699 3538 822 3576 nem
851 3537 974 3578 esse
1012 3525 1216 3594 c0gita.
1273 3525 1468 3578 Annon
1501 3526 1665 3595 igitur
1706 3527 2065 3596 privationem
2099 3528 2270 3586 ferres

699 3618 744 3671 si
796 3632 888 3671 rex
947 3627 1197 3674 terrenus
1242 3621 1568 3674 mandaret?
1604 3621 1725 3687 Fer,
1762 3624 1993 3678 domina
2047 3641 2187 3688 mea,
2218 3633 2273 3679 et

701 3703 860 3756 istam
901 3721 1067 3774 quam
1099 3707 1248 3761 solus
1282 3724 1444 3764 verus
1471 3719 1522 3764 et
1559 3713 1805 3766 omnium
1835 3727 1928 3766 rex
1966 3713 2268 3780 imperavit.

701 3792 776 3847 ita
808 3810 1036 3864 prorsus
1066 3799 1350 3853 hortamur
1382 3817 1396 3853 :
1427 3809 1481 3855 et
1509 3816 1640 3856 vero
1687 3819 1970 3872 speramus
2026 3814 2273 3876 receptu-

705 3901 821 3939 ram
864 3898 916 3942 te
951 3903 1074 3942 eum
1119 3891 1170 3942 in
1215 3892 1302 3945 die
1331 3892 1442 3956 illa,
1507 3906 1793 3963 postquam
1842 3895 2162 3957 viduitatem
2218 3899 2273 3952 in

706 3976 937 4034 Domino
976 3985 1306 4047 servaveris,
1344 3993 1397 4038 et
1425 3986 1638 4054 egregia
1667 3987 1906 4055 germina
1938 4003 2101 4057 quam
2133 3990 2276 4058 Opti-

703 4087 790 4126 me
812 4072 1118 4128 institueris
1149 4091 1162 4126 ε
1195 4091 1316 4144 qua:
1343 4087 1397 4129 et
1423 4092 1524 4130 nos
1553 4079 1874 4142 salutamus,
1907 4087 1961 4132 et
1992 4080 2275 4134 hortamur

705 4171 764 4214 ut
793 4163 908 4231 pari
945 4178 1009 4218 ac
1051 4175 1106 4218 tu
1139 4167 1306 4220 animi
1343 4167 1716 4222 moderatione
1771 4180 2048 4238 paternam
2081 4173 2277 4226 absen-

703 4259 833 4312 tiam
868 4257 1068 4327 ferant,
1104 4273 1159 4317 et
1192 4275 1436 4322 materna
1468 4265 1772 4321 directione
1804 4267 1868 4322 ad
1907 4278 2053 4324 recta
2091 4269 2276 4325 omnia

705 4352 1083 4409 iuformentur.

993 4648 1129 4705 CXI.
1165 4680 1230 4689 —
1264 4649 1539 4705 Jlouachis
1580 4651 1952 4722 Myelensibus.

2370 3258 2432 3310 τὸ
2468 3254 2790 3324 φιλοπενθὲς
2809 3294 2824 3317 ,
2855 3255 2950 3306 καὶ
2984 3250 3307 3305 δεικνύουσα
3335 3249 3418 3300 ὅτι
3457 3265 3540 3301 σοι
3571 3244 3884 3316 προστάτης
3914 3243 3944 3295 ό

2371 3349 2523 3412 Θεὸς,
2557 3349 2616 3412 ὃς
2643 3347 2736 3400 καὶ
2769 3347 2834 3398 ὲκ
2859 3343 2954 3398 τοῦ
2997 3342 3072 3413 μὴ
3103 3342 3256 3404 ὄντος
3298 3341 3378 3402 είς
3419 3339 3481 3392 τὸ
3512 3334 3651 3392 εἷναί
3702 3354 3761 3390 σε
3806 3353 3945 3404 παρ-

2371 3443 2567 3513 ήγαγε,
2603 3442 2696 3494 καὶ
2728 3442 2808 3503 είς
2838 3437 3024 3508 ἀκμὴν
3054 3435 3268 3505 ἡλικίας
3302 3435 3498 3503 ἧγαγε,
3525 3432 3620 3483 καὶ
3642 3430 3945 3501 τηλικούτῳ

2371 3531 2525 3605 ἀνδρὶ
2552 3528 2855 3592 συνέζευξε,
2885 3528 2978 3580 καὶ
2999 3521 3154 3588 αὖθις
3178 3521 3466 3587 διαζεύξας
3494 3518 3714 3573 ὲνὼσειε
3736 3518 3824 3571 διὰ
3849 3519 3943 3585 τῆς

2371 3623 2760 3684 ἀναστάσεως·
2826 3619 2966 3671 ὥστε
3024 3617 3246 3687 νόμισον
3314 3612 3622 3682 ἀποδημίαν
3683 3605 3824 3662 εἶναι
3887 3611 3944 3662 τὸ

2373 3717 2627 3783 πρᾶγμα.
2665 3713 2780 3765 Οὐκ
2829 3702 2937 3780 ἆρα
2967 3711 3197 3780 ἧνεγκες
3241 3708 3340 3779 τὴν
3379 3707 3660 3776 στέρησιν,
3695 3704 3744 3756 εί
3789 3702 3943 3772 βασι-

2372 3807 2494 3870 λεὺς
2535 3807 2778 3871 ἐπίγειος
2807 3803 3139 3874 ὲπέτρεψεν;
3173 3798 3352 3867 Οἷσον,
3388 3797 3650 3853 δέσποινά
3697 3813 3822 3866 μου,
3854 3797 3942 3847 καὶ

2372 3899 2566 3970 τήνδε,
2607 3899 2673 3969 ἢν
2706 3899 2735 3950 ὁ
2779 3896 2940 3967 μόνος
2985 3893 3238 3965 ἀληθινὸς
3286 3892 3382 3944 καὶ
3411 3890 3633 3944 πάντων
3691 3886 3942 3956 βασιλεὺς

2374 3992 2647 4046 ἐκέλευσε.
2711 3990 2840 4056 Ναὶ,
2875 3987 3337 4057 παρακαλοῦμεν,
3390 3983 3486 4036 καί
3517 3999 3581 4050 γε
3619 3979 3943 4048 πιστεύομεν

2373 4082 2748 4155 ἀπολήψεσθαι
2777 4099 2835 4134 σε
2865 4079 3032 4134 αὑτὸν
3061 4079 3119 4130 ὲν
3151 4079 3227 4168 στῇΔ
3267 4076 3453 4168 ἡμέρα
3491 4071 3711 4145 ἐκείνῃ·
3743 4071 3944 4168 φυλάτ-

2374 4191 2572 4228 τουσαν
2604 4172 2704 4240 τὴν
2732 4169 2960 4240 χηρείαν
3005 4169 3063 4221 ὲν
3087 4165 3277 4235 Κυρίῳ
3298 4204 3314 4229 ,
3343 4164 3438 4216 καὶ
3479 4177 3667 4213 τεκνοτ
3679 4164 3944 4230 ροφοῦσαν

2375 4267 2573 4339 ἄριστα
2619 4266 2688 4318 τά
2729 4261 2869 4316 καλά
2914 4261 3308 4334 βλαστήματα·
3359 4257 3505 4328 άπερ
3549 4255 3646 4308 καὶ
3674 4270 3944 4324 προσαγο-

2379 4359 2610 4431 ρεύομεν
2633 4370 2648 4384 ⁶
2683 4356 2779 4409 καὶ
2826 4352 3202 4424 ὁμοιοτρόπως
3244 4367 3327 4403 σοι
3359 4345 3732 4418 παραινοῦμεν
3763 4345 3944 4416 φέρειν

2378 4451 2476 4519 τὴν
2500 4449 2775 4519 πατρικὴν
2807 4447 3083 4516 στέρησιν,
3120 4443 3214 4496 καὶ⁵
3247 4442 3490 4514 μητρικῇ
3525 4435 3944 4493 διαπλάττεσθαι

2300 4525 2346 4581 D
2377 4543 2630 4614 ρυθμίσει
2667 4540 2806 4612 πρὸς
2835 4540 3015 4592 πᾶσαν
3056 4534 3349 4604 εὐθύτητα.

2515 4659 2642 4712 PlA'
2668 4657 2768 4728 (7).
2787 4685 2859 4697 —
2886 4652 3020 4720 Τοῖς
3043 4649 3369 4721 μονάζουσι
3395 4647 3659 4712 Μυέλης.
3745 4639 3936 4716 [χμγ¹.]

1373 4767 1600 4832 Elogium
1631 4768 1854 4832 Dionysii
1888 4772 2109 4822 monachi
2133 4774 2217 4836 qui
2245 4775 2373 4838 apud
2397 4775 2683 4839 lyclenses
2705 4773 2888 4835 hospes
2923 4769 3040 4820 illos
3064 4767 3276 4818 obierat.

775 4872 1039 4928 Dormitlo
1077 4875 1298 4944 quidem
1346 4875 1526 4930 dilecti
1558 4876 1744 4932 fratris
1799 4878 1970 4932 nostri
2011 4877 2274 4951 Dionysii,

703 4965 928 5020 definito
975 4965 1070 5020 Dei
1117 4965 1349 5022 consilio
1398 4977 1525 5022 ante
1566 4969 2009 5024 constitutionem
2063 4972 2270 5038 mundi,

698 5059 813 5130 jam
839 5059 1058 5117 accidit.
1097 5057 1264 5116 Vobis
1301 5075 1449 5126 vero,
1489 5060 1710 5126 fratres,
1753 5060 2056 5117 benefaciat
2093 5063 2275 5118 Domi-

705 5168 833 5218 nus,
889 5153 1034 5222 quod
1093 5153 1246 5208 illum
1309 5155 1503 5208 morbo
1557 5153 1831 5219 affectum,
1888 5156 1940 5209 in
1998 5155 2276 5226 praestanti

706 5245 1043 5300 monasterio
1078 5254 1280 5310 vestro,
1317 5261 1442 5300 cum
1479 5245 1603 5300 illac
1641 5245 1742 5300 iter
1786 5246 2030 5312 haberet,
2061 5250 2280 5320 excepi-

705 5339 806 5394 stis
893 5336 1057 5408 idque
1098 5338 1454 5409 quoadusque
1488 5338 1891 5394 tabernaculum
1922 5341 1974 5393 in
2005 5350 2150 5395 terra
2182 5340 2279 5396 de-

705 5435 905 5502 posuit.
956 5433 1298 5504 evolavitque
1344 5433 1397 5487 in
1439 5434 1658 5488 malum.
1725 5433 1956 5505 Dignum
1987 5449 2151 5504 porro
2183 5435 2276 5505 qui

705 5540 772 5580 eo
805 5525 1112 5595 perveniret
1137 5525 1358 5580 fratrem
1390 5523 1558 5580 fuisse
1599 5526 1768 5580 multa
1823 5535 2111 5581 testantur.
2156 5526 2273 5581 Pri-

777 5640 822 5672 ⁸⁸
854 5640 1052 5696 Gencs.
1081 5639 1275 5706 "1,19.
1351 5640 1443 5694 "l
1477 5639 1672 5697 Thess.
1701 5657 1772 5708 Iv,
1812 5640 1897 5696 1‘2.
1977 5641 2022 5673 "
2055 5638 2156 5696 Job
2190 5655 2228 5692 I.
2259 5637 2354 5694 ‘21.

2461 4885 2526 4937 Ἦ
2550 4883 2648 4955 μὲν
2680 4881 2936 4950 κοίμησις
2959 4877 3054 4932 τοῦ
3087 4872 3372 4947 ἀγαπητοῦ
3397 4871 3554 4945 ἡμῶν
3577 4867 3810 4938 ἀδελφοῦ
3832 4871 3941 4921 Διο-

2379 4974 2584 5039 νυσίου,
2615 4974 2682 5043 τῇ
2715 4970 2994 5042 ὡρισμένῃ
3019 4967 3181 5038 βουλῇ
3218 4965 3317 5020 τοῦ
3343 4962 3480 5018 Θεοῦ
3505 4960 3612 5032 πρὸ
3638 4958 3939 5027 καταδολῆς

2379 5065 2607 5136 κόσμου,
2667 5063 2769 5134 ήδη
2820 5063 2946 5133 ὅρον
3004 5059 3214 5113 ἐλαϐεν.
3253 5057 3413 5126 Ὑμῖν
3479 5054 3559 5117 δὲ,
3610 5052 3851 5120 ἀδελφοὶ,
3883 5047 3936 5104 εὖ

2381 5160 2604 5229 ποιήσαι
2635 5156 2860 5227 Κύριος,
2893 5156 2975 5208 ὅτι
3015 5149 3346 5222 ὑπεδέξασθε
3378 5148 3543 5203 αὑτὸν
3573 5143 3937 5214 ἀσθενήσαντα

2383 5249 2527 5303 κατά
2586 5247 2820 5319 πάροδον
2875 5246 2934 5298 έν
2961 5248 3027 5315 τῇ
3078 5239 3412 5312 διαφεῳύσῃ
3473 5238 3602 5307 ὑμῖν
3639 5237 3776 5305 μονῇ
3803 5250 3818 5266 ο
3851 5233 3936 5286 καὶ

2381 5340 2539 5394 τοῦτο
2571 5339 2765 5410 μέχρις
2795 5337 2862 5391 ἂν
2893 5336 3126 5391 ἀπέθετο
3172 5333 3232 5387 τὸ
3265 5332 3462 5402 σκῆνος
3507 5331 3569 5383 έν
3593 5331 3687 5398 γῇ,
3727 5329 3820 5382 καὶ
3843 5327 3936 5379 ἀπ-

2387 5430 2528 5497 έπτη
2560 5431 2637 5492 είς
2668 5427 2915 5499 οὐρανόν.
2958 5428 3079 5480 Ὀτι
3113 5425 3171 5479 δὲ
3204 5423 3354 5488 ἄξιος
3379 5423 3478 5493 τῆς
3507 5423 3685 5473 ἐκεῖσε
3719 5419 3932 5489 πορείας

2380 5525 2409 5575 ὁ
2433 5521 2681 5593 ἀδελφὸς,
2711 5519 2986 5593 μαρτύρια
3013 5516 3207 5574 πολλά.
3227 5515 3448 5588 Πριῖηον
3474 5513 3573 5586 μὲν
3591 5513 3626 5585 ἡ
3654 5511 3815 5584 μέχρι
3839 5512 3931 5581 τή-

2200 5748 2426 5808 ΝΟΤίΕ.

785 5841 862 5910 (7)
899 5843 952 5896 lu
983 5843 1104 5897 cod.
1132 5843 1264 5910 Reg.
1309 5845 1428 5911 ptfr.
