4156 6498
1486 455 2017 522 EPISTOLARUM
2052 465 2199 529 LIB.
2240 472 2319 531 II.

288 571 420 654 ρρυς
459 555 567 610 ἀπὸ
591 558 861 654 νεότητος,
890 560 1113 631 δόκιμος
1136 564 1302 626 αὑτοῦ
1335 567 1606 643 ὑποταγή.
1629 575 1862 627 Ἔπειτα

1973 600 2116 637 mum
2150 585 2394 651 quidem,
2425 586 2492 640 ab
2526 585 2810 654 iuventute
2845 583 2910 637 ad
2957 584 3168 638 senium
3207 597 3381 650 usque
3410 599 3537 651 spe-

288 644 376 709 δὶς
401 647 760 718 ἐφυλακίσθη,
787 650 935 716 ἅπαξ
955 653 1169 724 ἀπῆρεν
1194 659 1252 709 ἐν
1279 661 1346 728 τῇ
1384 660 1566 726 Δύσει,
1593 664 1733 736 ὑπὲρ
1761 666 1862 736 τῆς

289 739 418 790 καθ’
449 739 595 808 ἡμᾶς
629 739 954 810 Ἐκκλησίας
991 744 1289 811 ἀπόστολος
1316 766 1330 780 σ
1362 752 1533 823 ὅνπερ
1572 754 1863 827 εὐλόγησεν

289 829 646 887 ἀποστολικὸν
675 833 871 904 στόμα,
893 836 1171 907 καὶ,ᾕνεσε
1204 840 1490 913 Ῥωμαίων
1521 847 1819 918 Ἐκκλησία
1844 865 1860 881 ⁶

289 920 350 982 ὃς
373 922 466 973 καὶ
493 925 915 998 μεμαρτύρηται
962 929 1068 983 ὑπὸ
1115 931 1334 997 πολλοῖς
1370 935 1732 1010 ἀδελφότητος
1768 942 1865 995 αὑ-

289 1013 422 1103 τοὺἒ
655 1015 916 1086 δυνατὸς
950 1021 1101 1090 ἔργῳ
1133 1025 1232 1079 καί
1286 1029 1466 1096 λόγῳ,
1500 1032 1739 1103 ἐργάτης
1774 1035 1864 1087 ἐν·

289 1098 463 1154 τολῶν
489 1102 644 1168 Θεοῦ,
672 1104 866 1171 στύλος
901 1110 995 1163 καὶ
1016 1112 1296 1185 ἑδραίωμα
1321 1117 1416 1169 τοῦ
1452 1098 1656 1175 οἰκείου
1685 1098 1866 1176 κοινο-

291 1192 412 1246 ϐίου
437 1210 453 1225 ο
488 1194 658 1250 πολλὰ
687 1199 1066 1272 ἐνδειξάμενος
1093 1205 1297 1275 ἀρετῆς
1333 1208 1621 1279 ἰδιώματα,
1651 1216 1746 1268 καὶ
1770 1216 1865 1271 νῦν

290 1285 427 1339 αὑτὸ
461 1287 618 1342 τοῦτο
645 1291 788 1346 κατά
812 1294 904 1348 τὸν
945 1296 1186 1368 παρόντα
1213 1300 1472 1373 διωγμὸν,
1501 1309 1866 1379 περιερχόμε-

291 1395 386 1442 νος
415 1380 597 1447 πόλεις
627 1401 687 1437 τε
715 1387 810 1439 καὶ
841 1385 1046 1458 χώρας,
1079 1390 1498 1465 ὑστερούμενος,
1520 1397 1862 1471 θλιϐόμενος,

292 1471 354 1564 ἐν
386 1471 462 1544 τῷ
491 1473 762 1529 διακονεῖν
790 1478 883 1531 τὸν
915 1479 1015 1550 τῆς
1043 1481 1300 1554 ἀληθείας
1329 1486 1507 1556 λόγον,
1539 1492 1733 1564 μέχρις
1763 1495 1867 1548 ἀπ-

495 1564 810 1658 ἐκδημήσας
835 1570 972 1641 πρὸς
1005 1572 1230 1644 Κύριον.
1284 1560 1548 1635 Τοιοῦτον
1571 1560 1686 1648 οὖν,
1725 1585 1800 1648 ὡς
1827 1589 1862 1658 ἠ

290 1655 524 1752 ἀλήθεια
744 1660 1110 1734 ἐξεναγήσατε
1152 1667 1341 1722 δοῦλον
1381 1673 1609 1744 Κυρίου,
1641 1678 1736 1732 καὶ
1762 1655 1866 1752 τηέ

289 1743 539 1801 λικοῦτον
566 1747 819 1820 λείψανον
850 1753 1006 1824 ἅγιον
1049 1761 1179 1832 παρ’
1205 1761 1335 1831 ὑμῖν
1373 1764 1700 1840 ᾠκονομήθη
1728 1743 1866 1824 ἀπο-

289 1840 746 1938 θησαυρισθῆναι.
781 1851 874 1904 Διὸ
925 1855 1022 1906 καὶ
1077 1855 1280 1925 μᾶλλον
1329 1862 1743 1933 προσετέθημεν
1793 1869 1861 1938 τῇ

288 1935 453 2026 κατά,
478 1937 610 1991 Θεὸν
661 1941 854 2019 ἀγάπῃ
890 1921 1194 2016 ὑμῶνξκα)⁵
1239 1921 1586 2023 ἐπευχόμεθα
1622 1921 1764 2026 ’ὑμῖν
1795 1921 1865 2014 τά
1901 1921 1941 1976 Β

287 2025 471 2091 ἀγαθά
496 2028 597 2096 τῆς
621 2029 734 2083 ἀνω
776 2032 1158 2110 Ἰερουσαλὴμ,
1189 2038 1307 2093 ἀνθ’
1336 2035 1410 2095 ὧν
1443 2043 1584 2113 μετά
1602 2025 1866 2118 ἀληθινῆς

289 2118 520 2213 καρδίας
546 2121 876 2187 ὑπεδέξασθε
906 2127 999 2181 τὸν
1031 2129 1177 2183 ὅσιον
1202 2134 1500 2204 Διονύσιον,
1522 2131 1586 2210 οὗ
1634 2140 1696 2194 τὸ
1724 2158 1863 2213 μνη-

291 2211 528 2284 μόσυνον
558 2215 699 2284 μετὰ
730 2218 838 2273 τῶν
870 2221 1158 2293 ὁμοταγῶν
1187 2226 1379 2296 ἁγίων.

360 2515 487 2570 PIB'
505 2517 604 2588 (8).
629 2549 699 2560 --
718 2523 1101 2606 Κατηχηᾼτικξ]
1120 2527 1269 2606 πρὸς
1283 2529 1425 2606 fatim
1444 2532 1661 2591 ἑαυτοῦ
1679 2553 1794 2606 μα·-

938 2597 1143 2663 θητὰς.
1177 2596 1368 2674 [χμδκ]

1964 683 2108 730 ctata
2156 674 2260 730 fuit
2303 676 2424 746 ejus
2462 675 2791 731 obedientia.
2844 674 3047 729 Deinde
3093 674 3146 728 in
3179 674 3414 728 vinculis
3455 674 3540 730 his

1965 765 2109 821 fuit:
2163 769 2329 823 semel
2391 770 2447 822 in
2499 766 2847 823 Occidentem
2902 780 3001 837 pro
3047 766 3288 822 Ecclesia
3348 775 3539 821 nostra

1965 861 2175 930 legatus
2204 861 2481 932 profectus
2504 871 2588 917 est
2621 879 2634 916 :
2681 861 2806 917 huic
2845 860 3119 916 benedixit
3166 875 3229 916 os
3270 859 3538 929 apostoli-

1963 963 2086 1004 cum
2117 968 2130 1006 :
2165 951 2310 1006 hunc
2359 952 2602 1006 laudavit
2649 950 2892 1007 Ecclesia
2949 952 3193 1005 Romana
3220 967 3234 1005 :
3261 950 3351 1020 qui
3382 950 3538 1004 testi-

1966 1041 2209 1096 monium
2247 1043 2411 1097 etiam
2447 1043 2639 1098 habuit
2665 1058 2695 1097 a
2746 1041 3011 1096 fratribus
3060 1042 3174 1096 suis
3202 1040 3543 1110 quampluri-

1966 1133 2091 1186 mis.
2160 1131 2254 1186 Vir
2308 1144 2488 1203 potens
2541 1151 2692 1202 opere
2740 1151 2803 1187 ac
2843 1149 3076 1187 sermone
3101 1133 3165 1198 “,
3223 1132 3542 1187 observator

1966 1225 2346 1280 mandatorum
2393 1225 2510 1291 Dei,
2561 1227 2813 1280 columna
2869 1233 2924 1280 et
2979 1226 3381 1279 firmamentum
3429 1240 3541 1279 cm-

1969 1316 2114 1370 nobii
2160 1317 2245 1372 sui
2284 1317 2417 1388 :qui
2449 1318 2616 1372 multa
2651 1317 2900 1371 exhibuit
2941 1317 3159 1371 virtutis
3205 1333 3342 1372 verae
3367 1318 3540 1372 docu-

1967 1419 2167 1476 menta,
2193 1410 2355 1479 idque
2373 1411 2608 1465 maxime
2639 1410 2691 1463 in
2716 1410 2818 1464 hac
2854 1409 3103 1479 praesenti
3135 1394 3537 1478 persecutione,

1966 1503 2128 1557 urbes
2187 1507 2545 1573 regionesque
2615 1518 2973 1573 percurrens,
3034 1518 3222 1574 egens,
3284 1506 3543 1561 aerumnis

1968 1609 2207 1661 pressus,
2263 1595 2389 1648 dum
2456 1595 2702 1650 veritatis
2753 1595 2978 1649 verbum
3029 1595 3332 1664 dispensat,
3366 1597 3542 1652 donec

1966 1686 2203 1739 animam
2257 1684 2454 1740 eltlavit
2497 1687 2563 1741 ad
2604 1688 2889 1741 Dominum
2935 1689 3310 1758 proficiscens.
3352 1688 3540 1743 Talem

1966 1791 2117 1846 ergo,
2167 1784 2223 1830 ut
2263 1791 2322 1831 se
2366 1792 2450 1830 res
2506 1777 2688 1844 habet,
2739 1778 2951 1832 Domini
2997 1777 3260 1833 famulum
3307 1780 3542 1850 hospitio

1968 1868 2262 1937 excepistis
2295 1885 2310 1933 ;
2348 1879 2400 1922 et
2429 1877 2534 1922 tam
2576 1878 2778 1925 sancta:
2829 1870 2970 1939 apud
3030 1885 3130 1925 vos
3196 1870 3439 1940 reliquia:
3485 1879 3546 1925 ut

1973 1960 2420 2025 reconderentur,
2475 1961 2654 2015 divina
2699 1962 3037 2032 providentia
3082 1963 3334 2034 contigit.
3389 1961 3546 2019 Unde

1969 2060 2026 2106 et
2054 2050 2260 2105 arctius
2292 2061 2486 2107 vestrae
2524 2054 2818 2107 secundum
2856 2052 3023 2108 Deum
3057 2053 3310 2108 charitati
3342 2052 3546 2108 obstri-

1970 2145 2042 2200 cti
2107 2159 2320 2210 sumus,
2386 2145 2653 2215 vobisque
2718 2161 2987 2215 suprema:
3041 2145 3344 2204 Jerusalem
3403 2147 3544 2202 bona

1970 2245 2224 2307 Optamus
2281 2250 2382 2306 pro
2425 2251 2490 2292 eo
2541 2237 2686 2308 quod
2740 2240 2954 2294 sincero
3010 2241 3174 2294 corde
3225 2238 3546 2308 suscepistis

1968 2325 2220 2386 sanctum
2253 2329 2593 2401 Dionysium,
2619 2332 2774 2401 cujus
2794 2332 3055 2388 memoria
3079 2342 3164 2389 est
3179 2348 3304 2388 cum
3336 2332 3545 2388 sanctis

1966 2423 2087 2494 ejus
2124 2422 2610 2478 commilitonibus.

2148 2537 2310 2594 CXII.
2335 2566 2408 2578 --
2431 2538 2762 2594 Catechetica
2808 2539 2879 2594 ad
2914 2539 3200 2610 discipulos
3223 2555 3367 2595 suos.

667 2707 742 2758 De
766 2708 907 2758 obitu
931 2710 1154 2773 Dionysii
1177 2720 1230 2763 et
1247 2715 1418 2777 Anthi,
1441 2722 1793 2772 monachorum
1819 2739 1832 2774 :
1865 2733 2074 2784 quorum
2100 2718 2334 2768 virtutem
2366 2733 2423 2768 ac
2447 2719 2570 2768 facta
2591 2719 2824 2781 praeclara
2851 2719 3177 2769 commendat.

376 2785 624 2857 Ἀδελφοὶ
664 2790 756 2842 καὶ
779 2793 1042 2864 Πατέρες.
1073 2796 1255 2851 Ἀλλοι
1293 2802 1392 2870 μὲν
1411 2801 1674 2875 λυπηρῶς
1696 2807 1866 2875 ἀναγ-

288 2878 542 2946 γέλλουσι
602 2883 701 2946 τὰς
749 2885 858 2938 τῶν
901 2886 1117 2940 οἰκείων
1161 2890 1492 2958 ἀποϐιώσεις
1519 2911 1532 2925 ο
1555 2895 1665 2964 ἐγὼ
1689 2897 1745 2951 δὲ
1772 2901 1867 2953 καὶ

291 2971 413 3025 λίαν
444 2976 779 3046 περιχαρῶς.
804 2979 903 3032 Διά
924 2979 1013 3046 τί;
1040 2980 1121 3034 ὃτι
1151 2983 1200 3034 oi
1231 2983 1672 3051 ἀποσεϐιωκότες
1713 2990 1865 3044 ἀδελ-

294 3067 386 3130 φοὶ
420 3067 580 3136 ἡμῶν
609 3057 776 3135 ἅγιοι,
819 3069 1066 3142 κλήσεως
1096 3075 1426 3146 ἐπουρανίου
1458 3081 1698 3152 μέτοχοι,
1736 3086 1868 3138 Ἀν-

295 3153 388 3216 Bo;
417 3155 445 3206 ὁ
476 3158 796 3229 (εερώνυμος
830 3161 1084 3231 ἡνθηκὼς
1111 3163 1208 3228 τὰς
1229 3166 1453 3236 ἀρετὰς,
1482 3171 1576 3222 καὶ
1594 3170 1866 3235 Διονύσιος

295 3249 326 3307 ἁ
352 3247 655 3319 διαπρέψας
686 3255 1054 3319 Διονυσιακῶς
1083 3257 1203 3310 καθ’
1230 3259 1507 3330 ὁσιότητα.
1543 3256 1666 3326 Dio;
1696 3261 1750 3316 δὲ
1774 3264 1867 3316 καὶ

294 3341 325 3392 ὁ
362 3340 591 3404 θάνατος
620 3344 970 3415 ἀμφοτέρων,
996 3348 1207 3403 δίκαιον
1240 3352 1437 3406 εἰπεῖν.
1463 3354 1522 3406 '0
1548 3355 1646 3424 μέν
1674 3356 1867 3426 ἐληλυ-

298 3429 405 3494 θὼς
439 3433 548 3486 ἀπὸ
578 3434 678 3505 τῆς
698 3437 908 3502 οίκείας
940 3437 1118 3504 ξενίας
1141 3442 1287 3514 ἄρτι,
1319 3445 1412 3498 καί
1431 3462 1494 3513 γε
1523 3448 1866 3519 συνταξάμε-

298 3543 385 3588 νος
439 3528 570 3596 ἡμῖν
621 3527 761 3581 αὑτὰ
791 3528 856 3600 δὴ
910 3531 979 3584 τά
1006 3519 1312 3600 τελευταία,
1344 3537 1401 3589 ἐν
1449 3540 1515 3608 τῇ
1548 3539 1861 3614 ὑποστροφῇ

299 3617 424 3670 καθ’
457 3619 574 3672 ὁδὸν
599 3621 945 3691 νοσηλευθεὶς
977 3624 1301 3695 κεκοίμηται
1327 3628 1486 3699 ίερῶς
1511 3632 1568 3683 ἐν
1594 3648 1866 3704 μοναστη-

302 3709 403 3781 ρίῳ
431 3712 531 3780 τῆς
563 3712 804 3782 Μυέλης.
835 3713 893 3767 Ὀ
912 3713 968 3778 δὲ
991 3716 1247 3786 ἀσθενείᾳ
1271 3720 1602 3787 περιπεσὼν,
1635 3722 1866 3796 ὑπέστη,

300 3805 349 3860 εί
384 3803 457 3874 μὴ
490 3805 759 3872 προπετὲς
792 3807 988 3872 είπεῖν,
1020 3808 1088 3861 τὰ
1110 3807 1201 3861 τοῦ
1241 3810 1486 3880 ἀοιδίμου
1524 3812 1643 3866 Ἰὼϐ
1692 3815 1871 3886 παθήο

303 3912 471 3964 ματα.
504 3896 616 3949 Καὶ
644 3896 752 3968 γὰρ
781 3897 877 3961 τὰς
911 3900 1118 3970 σάρκας
1143 3901 1308 3955 αὑτοῦ
1342 3899 1449 3956 εἶδε
1482 3905 1869 3976 ρυῖσκομένας,

301 3989 396 4040 καὶ
417 3989 486 4041 τὰ
499 3989 633 4044 ὀστᾶ
655 3989 1035 4062 κεκολλημένα
1058 3995 1122 4062 τῇ
1150 3994 1333 4063 σαρκί.
1354 3997 1513 4049 Πόνοι
1533 3998 1871 4066 ἀνύποιστοι,

301 4079 510 4149 πληγαὶ
558 4085 911 4154 τραυμάτων,
967 4084 1124 4156 ῥύσις
1177 4088 1278 4156 τῆς
1332 4090 1568 4160 γαστρὸς
1611 4092 1870 4164 ἄμετρος,

304 4171 443 4242 μόνη
482 4174 515 4243 ἡ
548 4174 684 4245 πνοὴ
734 4177 1130 4248 παραμένουσα
1152 4193 1168 4225 °.
1194 4179 1253 4232 ὲν
1284 4174 1366 4244 οἷς
1408 4181 1746 4253 εὐχαρίστως
1780 4187 1874 4239 καὶ

301 4265 466 4328 αὑτὸς
492 4266 627 4337 πρὸς
655 4269 878 4340 Κύριον.
915 4271 1020 4326 Ἴδε
1049 4272 1098 4325 οἱ
1132 4273 1412 4344 μακάριοι,
1456 4273 1533 4340 ὡς
1578 4278 1674 4332 καὶ
1721 4278 1875 4333 αὐτοὶ

305 4360 600 4432 μάρτυρες,
651 4363 925 4428 Διονύσιος
953 4366 982 4418 ὁ
1021 4365 1114 4420 τοῦ
1163 4365 1300 4424 Θεοῦ
1348 4368 1586 4439 ἐργάτης
1628 4369 1874 4441 δόκιμος,

2043 2801 2264 2857 Fratres
2295 2803 2614 2871 Patresque.
2642 2801 2744 2854 Alii
2775 2801 2993 2870 quidem
3047 2802 3293 2855 dolenler
3319 2815 3542 2856 suorum

1972 2897 2155 2950 obitus
2207 2894 2573 2960 annuntiaut;
2607 2909 2711 2962 ego
2753 2909 2882 2948 vero
2923 2908 3116 2962 magna
3166 2909 3288 2948 cum
3339 2892 3543 2947 laetitia.

1973 2986 2116 3051 Quid
2147 2985 2218 3039 ita
2251 2985 2274 3038 τ
2304 2986 2432 3054 quia
2472 2983 2565 3054 qui
2606 2986 2713 3040 vita
2760 2991 3115 3040 excesserunt
3143 2983 3314 3038 sancti
3351 2982 3546 3039 fratres

1974 3078 2171 3141 nostri,
2224 3076 2432 3131 ctelesti
2492 3077 2776 3132 vocatione
2827 3077 3132 3146 potiuntur,
3178 3075 3395 3130 Anthus
3450 3075 3545 3144 qui

1971 3171 2125 3240 juxta
2153 3184 2348 3222 nomen
2370 3183 2529 3222 suum
2560 3169 2853 3223 virtutibus
2880 3167 3061 3223 tloruit
3096 3184 3111 3233 ;
3145 3177 3198 3220 et
3230 3165 3545 3234 Dionysius,

1974 3261 2066 3330 qui
2108 3257 2354 3329 Dionysii
2424 3258 2596 3312 instar
2652 3257 2940 3312 sanctitate
3001 3255 3326 3326 praecelluit.
3359 3254 3548 3321 Qualis

1975 3361 2156 3407 autem
2193 3352 2476 3420 utriusque
2498 3364 2647 3404 mors
2676 3348 2862 3414 fuerit,
2902 3364 3118 3419 aequum
3149 3358 3232 3404 est
3255 3363 3546 3418 exponere.

1976 3428 2071 3498 ille
2115 3443 2385 3512 quidem:
2419 3441 2857 3512 peregrinatione
2903 3456 3002 3496 sua
3049 3439 3160 3509 iam
3191 3440 3382 3506 redux,
3423 3455 3549 3494 cum

1978 3544 2135 3590 antea
2166 3534 2374 3589 scilicet
2401 3532 2654 3587 mandata
2683 3549 2934 3602 suprema
2969 3531 3126 3590 nobis
3163 3531 3546 3595 commisisset,

1981 3628 2035 3681 in
2076 3626 2251 3679 reditu
2286 3623 2479 3678 morbo
2517 3623 2573 3677 in
2621 3623 2707 3677 via
2756 3632 3059 3694 correptus,
3093 3621 3182 3694 pie
3221 3621 3553 3676 obdormivit

1986 3719 2041 3772 in
2073 3716 2412 3771 monasterio
2437 3715 2714 3785 Myelensi.
2741 3714 2839 3770 llic
2869 3730 2998 3769 vero
3026 3713 3356 3769 valetudinis
3396 3713 3551 3766 intir-

1979 3810 2164 3864 mitate
2189 3809 2460 3871 detentus,
2497 3807 2853 3862 celeberrimo
2880 3805 3006 3872 Job,
3056 3807 3160 3861 nisi
3201 3805 3550 3861 temerarium

1980 3913 2060 3957 est
2089 3902 2293 3967 dicere,
2327 3900 2476 3971 paria
2507 3915 2800 3971 perpessus
2823 3908 2924 3954 est.
2954 3897 3088 3953 Nam
3117 3907 3172 3954 et
3199 3913 3392 3953 carnes
3422 3912 3552 3952 suas

1979 3995 2277 4050 detinentes
2311 3993 2467 4058 vidit,
2503 4003 2556 4050 et
2593 4009 2715 4047 ossa
2749 3993 2900 4048 carni
2932 3991 3262 4063 agglutinata
3290 4009 3305 4058 ;
3341 3991 3554 4045 labores

1982 4089 2372 4152 intolerabiles,
2403 4090 2577 4158 plaga:
2616 4085 2877 4143 confracti
2913 4084 3178 4155 corporis,
3223 4083 3552 4154 proﬂuvium

1979 4178 2187 4234 ventris
2230 4178 2606 4239 immodicum,
2653 4176 2804 4232 solus
2839 4185 3054 4231 restans
3076 4175 3355 4230 anhelitus
3388 4191 3401 4228 :
3430 4190 3554 4243 quae

1982 4287 2106 4326 cum
2150 4271 2444 4341 gratiarum
2478 4271 2692 4328 actione
2733 4279 2786 4324 et
2817 4268 3074 4338 patientia
3131 4267 3412 4337 perferens
3450 4269 3556 4320 mi-

1984 4364 2158 4435 gravit
2193 4374 2248 4419 et
2274 4364 2390 4435 ipse
2425 4365 2491 4417 ad
2519 4362 2835 4417 Dominum.
2881 4361 3030 4415 Beati
3058 4375 3266 4427 revera,
3293 4372 3554 4431 tanquam

302 4459 395 4508 καὶ
421 4455 614 4520 Ἀνθος
651 4457 713 4510 τὸ
738 4458 923 4528 ἀρνίον
956 4461 1050 4513 τοῦ
1078 4461 1340 4532 Χριστοῦ.
1391 4464 1670 4529 Διονύσιος
1702 4466 1731 4519 δ
1777 4464 1870 4536 μὲ-

1983 4466 2036 4515 et
2062 4455 2166 4524 ipsi
2197 4466 2486 4526 martyres,
2525 4453 2834 4524 Dionysius,
2868 4454 3070 4524 probus
3101 4453 3195 4509 Dei
3247 4452 3553 4523 operarius,

301 4565 394 4618 χρι
423 4549 626 4620 γήρους
667 4550 731 4603 τὸ
772 4550 871 4620 τῆς
917 4552 1198 4623 ὑποταγῆς
1232 4553 1425 4610 ἄεθλον
1473 4556 1581 4610 ἀπὸ
1606 4558 1870 4629 ,νεότητος

1980 4559 2034 4606 et
2057 4550 2272 4604 Anthus
2303 4547 2552 4617 agnellus
2580 4545 2805 4600 Christi.
2839 4544 3148 4615 Dionysius,
3174 4543 3263 4615 qui
3299 4559 3330 4598 a
3355 4545 3556 4614 juven-

299 4639 598 4703 τετελεκώς
621 4656 635 4669 ·
665 4641 761 4694 καὶ
785 4642 981 4707 Ἀνθος
1005 4646 1034 4698 ὁ
1066 4645 1131 4712 ἐκ
1177 4645 1368 4710 παιδὸς
1413 4649 1664 4713 ὁσιωθεὶς
1710 4652 1878 4721 μέχρι

303 4734 755 4805 μεσηλικιὸτητος
813 4735 937 4789 καθ’
981 4739 1299 4810 ὑποταγὴν·
1343 4740 1645 4812 ἀμφότεροι
1703 4743 1875 4814 σκεύη

301 4825 581 4897 εὑχρηστα
601 4827 679 4898 τῷ
707 4828 954 4903 Δεσπότῃ
981 4829 1122 4901 Θεῷ.
1151 4832 1224 4884 υύ
1263 4833 1427 4902 μόνον
1472 4833 1532 4886 ἐν
1574 4828 1659 4896 οἷς
1701 4833 1877 4904 ὑμνήο

301 4919 476 4988 θησαν
504 4919 766 4991 πρότερον
797 4921 894 4975 καὶ
929 4921 1158 4994 ὕστερον
1182 4938 1196 4953 ·
1227 4922 1365 4995 πρὸς
1390 4923 1448 4977 δὲ
1477 4923 1571 4977 καὶ
1613 4924 1874 4993 φυλακῶν

299 5010 609 5081 διαδήματα
639 5012 826 5067 ἕνεκεν
869 5014 1218 5086 δικαιοσύνης
1267 5016 1678 5088 περιεσάλοντο.
1714 5012 1790 5073 οὑ
1823 5017 1879 5071 τε

299 5102 368 5156 ἂν
394 5104 604 5171 γένοιτο
635 5105 972 5177 ἐνδοξότερον
997 5125 1014 5174 ;
1052 5110 1208 5179 Ἔχει
1238 5109 1295 5164 δὲ
1321 5111 1548 5182 θάτερος
1582 5111 1711 5166 ἄλλο
1738 5111 1876 5166 καύ-

302 5218 479 5271 χημα,
511 5200 573 5253 τὸ
610 5201 1017 5274 ἐξυπηρετῆσαι
1042 5205 1209 5259 αὑτὸν
1240 5205 1318 5277 τῷ
1340 5209 1516 5279 κυρίῳ
1541 5208 1758 5278 ἀδελφῷ
1779 5205 1878 5263 καὶ

300 5291 739 5362 ἀρχιεπισκόπῳ,
769 5293 863 5345 καὶ
881 5294 1054 5367 ἐξυπη
1066 5296 1292 5366 ρέτησιν,
1308 5297 1548 5368 μακρὰν,
1575 5299 1670 5353 καὶ
1699 5300 1760 5352 οὑ
1781 5298 1878 5368 μό-

302 5397 393 5432 νον
423 5383 663 5452 μακρὰν,
698 5383 833 5437 ἀλλά
871 5386 968 5438 καὶ
992 5387 1394 5460 ἐπαινουμένην
1417 5389 1559 5447 λίαν.
1603 5389 1878 5464 Ἀμφοτέά

305 5471 479 5540 ρωθιν
510 5467 603 5525 οὖν
634 5473 962 5542 ἀξιάγαστος
986 5476 1016 5529 δ
1045 5476 1295 5548 ἀδελφός.

370 5745 418 5778 ’⁸
448 5745 576 5800 Luc.
619 5761 766 5812 xxtv,
807 5747 892 5803 l9.

1978 4650 2094 4697 tute
2116 4640 2185 4694 ad
2224 4641 2439 4695 senium
2492 4654 2664 4708 usque
2720 4637 3044 4693 obedientize
3093 4647 3369 4692 certamen
3435 4651 3558 4704 per-

1976 4733 2133 4789 duxit
2168 4751 2184 4798 ;
2225 4741 2280 4785 et
2311 4732 2547 4796 Anthus,
2582 4730 2676 4800 qui
2711 4747 2740 4784 a
2779 4745 2950 4800 puero
2990 4745 3164 4798 usque
3208 4729 3275 4784 ad
3321 4728 3555 4782 mediam

1976 4835 2190 4882 aetatem
2239 4821 2539 4879 obediendo
2592 4821 2939 4880 sanctitatem
2984 4819 3212 4890 adeptus
3254 4829 3356 4874 est.
3381 4818 3557 4873 Ambo

1978 4931 2107 4971 vasa
2138 4914 2287 4968 utilia
2323 4913 2552 4968 Domino
2580 4909 2691 4967 Deo
2720 4928 2733 4966 :
2760 4927 2865 4966 non
2901 4910 2955 4965 in
2985 4911 3054 4966 iis
3105 4910 3269 4966 modo
3315 4926 3556 4981 quorum

1978 5023 2145 5063 causa
2174 5007 2327 5078 prius
2382 5022 2446 5061 ac
2495 5004 2770 5075 posterius
2809 5003 3008 5059 laudati
3066 5014 3239 5069 sunt;
3293 5006 3388 5058 sed
3409 5003 3556 5073 quod

1977 5109 2240 5171 prreterea
2274 5112 2557 5155 carcerum
2599 5096 2819 5152 coronis
2862 5106 3083 5166 propter
3106 5095 3376 5164 justitiam
3404 5094 3555 5152 redi-

1978 5193 2097 5248 miti
2128 5200 2262 5248 sunt
2297 5209 2310 5245 :
2343 5206 2455 5261 quo
2484 5189 2616 5259 quid
2639 5189 2816 5260 possit
2864 5204 2986 5244 esse
3016 5187 3351 5260 gloriosius?
3382 5188 3557 5244 Habet

1977 5297 2159 5342 autem
2201 5288 2339 5340 alter
2392 5285 2534 5340 aliud
2588 5299 2700 5355 quo
2734 5299 2794 5340 se
2836 5283 3025 5354 jactet,
3085 5283 3231 5355 quod
3292 5283 3552 5339 nimirum

1977 5381 2273 5436 famulatus
2318 5377 2389 5434 sit
2427 5378 2647 5433 domino
2691 5375 2847 5432 fratri
2892 5385 2946 5433 et
3002 5378 3415 5448 archiepiscOpo
3501 5387 3557 5432 et

1977 5472 2194 5544 quidem
2247 5471 2407 5541 longo
2452 5468 2739 5534 famulatu,
2791 5482 2890 5524 nec
2940 5468 3102 5540 longo
3150 5469 3349 5532 solum,
3381 5466 3473 5522 sed
3503 5474 3557 5520 et

1982 5565 2138 5620 valde
2182 5563 2417 5617 laudato.
2458 5560 2706 5634 Utroque
2738 5560 2906 5629 igitur
2947 5561 3170 5619 nomine
3195 5558 3556 5618 admiratione

1984 5658 2180 5729 dignus
2209 5664 2292 5712 est
2321 5655 2509 5712 frater.

1818 5843 2048 5899 ΝΟΤ

377 5910 454 5979 (8)
488 5909 544 5968 ln
576 5911 693 5966 cod.
736 5912 864 5980 Reg.
893 5922 994 5979 ρκ’.
