4156 6514
609 423 745 488 1375

1806 426 1868 485 So
1900 423 2294 485 THEODORI
2339 422 2686 484 STUDIT£
2739 452 2746 459 -

3745 414 3900 478 1376

680 539 758 591 Ad
785 536 900 592 haec
929 552 1082 608 ergo,
1119 539 1339 603 fratres,
1364 539 1493 609 quid
1519 538 1764 593 dicemus
1791 541 1814 592 ’ἰ
1847 539 2080 609 Migrare
2103 552 2202 592 nos

2377 535 2442 586 Ti
2469 532 2561 588 οὖν
2611 537 2856 606 εἴπωμεν
2894 535 3030 607 πρὸς
3070 535 3265 598 ταῦτα,
3303 532 3564 600 ἀδελφοί;
3596 531 3679 584 ὅτι
3709 547 3897 599 μετα-

609 629 738 683 hinc
783 644 1012 699 prorsus
1059 639 1331 701 quotquot
1378 631 1626 686 homines
1672 646 1887 696 sumus,
1915 631 2196 700 migratio-

608 737 843 791 nemque
891 737 1015 778 esse
1077 723 1148 778 ab
1214 723 1451 778 incolatu
1499 725 1566 778 ad
1614 739 1794 779 veram
1856 727 2120 794 requiem,
2169 739 2198 778 a

607 813 849 868 tenebris
876 812 946 868 ad
1005 813 1202 879 lucem,
1237 830 1265 866 a
1299 815 1536 868 tumultu
1587 815 1653 868 ad
1718 814 2194 883 tranquillitatem,

606 919 638 958 a
671 904 812 958 bello
850 903 916 958 ad
973 920 1183 975 pacem,
1240 905 1329 959 ubi
1363 921 1471 960 non
1503 918 1588 961 est
1635 906 1894 960 mordens
1947 907 2191 969 coluber,

610 998 700 1050 ubi
757 1012 867 1052 non
901 1007 985 1053 est
1019 999 1339 1054 mutationis
1393 1009 1594 1063 metus,
1637 1000 1728 1054 ubi
1783 1000 1998 1070 recipiet
2027 1016 2196 1054 unus-

606 1090 827 1160 quisque
875 1101 1031 1159 prout
1075 1092 1132 1145 in
1176 1108 1391 1160 corpore
1452 1093 1634 1161 gessit,
1679 1093 1786 1146 sive
1833 1093 2048 1157 bonum,
2095 1093 2203 1145 sive

609 1182 811 1236 malum
835 1183 903 1236 ".
925 1183 1106 1249 Quare
1126 1184 1542 1246 contendamus,
1560 1183 1755 1238 fratres
1777 1189 1902 1246 mei,
1927 1195 1982 1239 ut
2014 1195 2202 1240 sancte

610 1275 950 1340 moriamur;
983 1290 1094 1345 quo
1121 1285 1378 1330 aeternam
1407 1277 1814 1330 danmatiOnem
1842 1275 2195 1345 eﬂ‘ugiatnus,

609 1377 664 1422 et
695 1383 923 1437 regnum
969 1368 1231 1425 ctelorutn
1279 1383 1699 1438 consequamur.
1750 1367 2086 1423 llorrendum
2125 1380 2202 1424 est

609 1460 841 1514 incidere
874 1461 930 1514 in
985 1477 1176 1514 manus
1211 1460 1313 1515 Dei
1344 1461 1558 1516 viventis
1578 1463 1644 1516 ".
1682 1461 1824 1516 Deus
1847 1471 2022 1514 noster
2068 1460 2204 1528 ignis

610 1565 920 1603 consumens
951 1561 1026 1604 est
1052 1552 1117 1605 ".
1139 1550 1626 1617 Pertimescamus,
1661 1553 1754 1606 lilii
1776 1552 1979 1617 dilecti,
2003 1552 2205 1606 exhor-

613 1656 917 1707 rescamus,
951 1642 1218 1698 adversus
1255 1647 1550 1700 draconem
1608 1646 1887 1700 diabolum
1943 1659 2205 1714 exsurga-

611 1749 757 1798 ntus,
788 1743 842 1788 et
882 1735 976 1804 qui
1027 1744 1172 1790 stare
1206 1736 1485 1800 videntur,
1523 1747 1576 1792 et
1605 1739 1695 1806 qui
1733 1739 1997 1807 prostrati
2023 1746 2152 1792 sunt
2187 1756 2201 1792 :

613 1827 877 1895 quoniam
911 1827 1016 1883 illis
1041 1828 1262 1898 quidem
1288 1828 1470 1883 brevis
1493 1831 1756 1884 relaxatio
1783 1846 1972 1886 casum
2007 1831 2200 1884 mortis

611 1917 768 1972 δῦθι-ι
799 1934 814 1982 ;
851 1919 935 1974 his
967 1934 1098 1974 vero
1132 1935 1301 1990 parva
1346 1921 1544 1976 mentis
1589 1922 1797 1975 erectio
1835 1929 2058 1990 praestat
2082 1919 2203 1974 vul-

614 2025 805 2064 nerum
837 2011 1038 2065 anima:
1087 2013 1453 2067 curationem.
1492 2011 1750 2082 Nunquid
1795 2014 1888 2083 qui
1921 2013 2065 2066 cadit
2103 2029 2208 2066 non

614 2104 840 2173 resurgit
873 2105 897 2158 .’
936 2111 1030 2156 aut
1063 2104 1154 2174 qui
1180 2106 1457 2168 auertitur,
1502 2121 1606 2158 non
1639 2107 1920 2159 revertitur
1946 2105 2038 2159 "‘i
2070 2105 2204 2171 lmo,

614 2196 815 2252 fratres
866 2196 972 2250 mei
1015 2214 1030 2252 :
1085 2197 1331 2251 nondum
1371 2197 1560 2251 clausa
1602 2207 1685 2251 est
1725 2195 1919 2264 janua,
1959 2197 2204 2251 nondum

615 2289 832 2344 solutus
851 2299 938 2346 est
971 2301 1299 2344 conventus.
1346 2288 1648 2344 Pareamus
1679 2289 1838 2345 nobis
1869 2290 2004 2360 ipsis
2031 2309 2044 2344 :
2074 2305 2210 2345 con-

616 2382 927 2437 sideremus
973 2383 1440 2452 quemadmodum
1477 2383 1530 2436 in
1583 2383 1716 2437 urbe
1760 2397 2066 2448 versemur,
2112 2383 2206 2437 ubi

618 2475 1030 2540 consideamus,
1067 2476 1398 2546 quibuscum
1448 2478 1608 2532 verba
1650 2478 1937 2541 faciamus,
1970 2489 2209 2549 quantus

617 2568 689 2624 sit
721 2569 879 2624 cibus
909 2578 1113 2633 noster,
1143 2570 1322 2638 quies,
1351 2585 1599 2635 somnus,
1625 2570 2025 2638 confabulatio,
2052 2572 2210 2642 hym-

619 2673 816 2712 norum
861 2659 1198 2726 decantatio,
1252 2669 1363 2716 tota
1429 2661 1542 2717 Deo
1602 2661 1850 2732 placens,
1907 2670 2022 2717 tota
2063 2663 2211 2718 utilis

620 2751 896 2820 proximo.

696 2843 1051 2911 Miseremini,
1103 2847 1472 2912 ausiliamini,
1533 2861 1602 2901 ne
1652 2847 1951 2917 quisquam
2003 2848 2211 2919 aliquid

623 2934 792 2992 faciat
822 2945 1015 2992 contra
1070 2953 1135 2994 ac
1185 2939 1362 2994 decet.
1400 2937 1542 3004 Quid
1589 2940 1763 3009 prosit
1787 2940 1834 2994 si
1875 2940 2059 2995 lucrer
2085 2940 2212 2996 uni-

622 3043 842 3083 versum
875 3029 1163 3096 mundum,
1193 3039 1249 3086 et
1279 3033 1496 3085 miseras
1541 3031 1742 3086 animae
1767 3047 1902 3087 meas
1935 3033 2210 3103 iacturam

625 3118 824 3174 iaciam
852 3119 939 3174 “1
969 3119 1106 3187 Quis
1135 3121 1270 3174 mihi
1323 3121 1489 3190 hujus
1524 3121 1651 3176 vitae
1701 3122 2039 3191 voluptatum
2094 3122 2210 3176 fru-

2301 626 2556 696 6ιίνομεν
2611 627 2828 691 πάντως
2871 632 3068 691 πάντες
3111 627 3391 698 ἄνθρωποι
3421 623 3692 686 ἐντεῦθεν,
3719 623 3822 675 καὶ
3857 623 3896 690 ἡ

2303 719 2602 787 μετάϐασις
2640 720 2748 774 ἀπὸ
2785 721 3082 791 παροικίας
3117 721 3194 782 είς
3210 715 3469 788 ἀληθινὴν
3508 716 3895 775 κατάπαυσιν,

2301 815 2365 864 ὲκ
2398 813 2621 876 σκότους
2645 815 2725 877 είς
2758 814 2894 881 φῶς,
2943 814 3054 867 ἀπὸ
3098 813 3343 885 ταραχῆς
3381 813 3460 874 είς
3496 809 3765 878 γαλήνην,
3823 809 3901 858 ἐκ

2301 907 2540 976 πολέμου
2566 911 2646 970 είς
2667 909 2914 978 εἰρήνην,
2943 909 3079 961 ὅπου
3102 907 3203 960 οὑκ
3221 906 3302 959 ἔνι
3331 905 3541 958 δάκνων
3565 902 3709 970 ὄψις,
3745 902 3898 954 ὅπου

2301 1001 2402 1052 οὐκ
2430 1000 2509 1052 ἔνι
2538 1001 2749 1071 τροπῆς
2774 999 2960 1068 φόϐος,
2990 1001 3127 1052 ὅπου
3159 999 3473 1067 κομίσεται
3519 995 3778 1058 ἕκαστος
3815 992 3902 1044 τὰ

2301 1091 2397 1145 διὰ
2425 1091 2530 1146 τοῦ
2565 1091 2840 1160 σώματος
2880 1093 3031 1160 πρὸς
3074 1091 3113 1144 d
3157 1089 3440 1157 ἔπραξεν,
3469 1088 3589 1140 εἴτε
3633 1085 3900 1153 ἀγαθὸν,

2301 1185 2425 1237 εἴτε
2453 1185 2659 1237 κακόν.
2696 1185 2788 1236 Διὸ
2808 1183 3157 1252 σπεύσωμεν,
3185 1166 3405 1248 ἀδελφοί
3437 1195 3560 1248 μου,
3597 1176 3693 1227 καὶ
3715 1176 3901 1242 ἡμεῖς

2302 1279 2465 1340 ὁσίως
2498 1277 2806 1330 άποϐιῶσαι
2832 1293 2846 1307 ·
2886 1277 2962 1340 ὡς
2985 1276 3052 1328 ἂν
3079 1274 3349 1344 φύγοιμεν
3374 1271 3594 1331 αἰωνίας
3624 1270 3899 1338 κρίσεως,

2303 1373 2399 1425 καὶ
2425 1370 2789 1440 ἀξιωθείημεν
2812 1368 3087 1439 βασιλείας
3109 1366 3378 1438 ούρανῶν.
3403 1362 3665 1430 Φοσερὸν
3685 1361 3750 1412 τὸ
3780 1360 3901 1426 ἐμ-

2303 1460 2517 1514 πεσεῖν
2547 1463 2634 1526 είς
2673 1459 2874 1528 χεῖρας
2923 1458 3072 1514 Θεοῦ
3123 1457 3359 1522 ζῶντος.
3401 1455 3465 1507 Ὀ
3501 1452 3644 1517 Θεὸς
3693 1449 3900 1518 ἡμῶν.

2303 1555 2424 1622 πὶρ
2478 1555 2952 1608 καταναλίσκον.
3006 1547 3557 1620 Φοϐηθῶμεν,τέκνα
3600 1543 3899 1611 ἀγαπητὰ,

2305 1647 2609 1717 φρίξωμεν,
2659 1644 3040 1714 διαναστῶμεν
3085 1643 3228 1697 κατὰ
3255 1640 3348 1694 τοῦ
3377 1639 3669 1709 δράκοντος
3703 1634 3902 1687 διαϐό-

2303 1741 2420 1803 λου,
2453 1741 2548 1793 καὶ
2571 1741 2620 1793 οἱ
2651 1739 2936 1801 δοκοῦντες
2968 1735 3212 1799 ἑστάναι,
3244 1734 3337 1786 καὶ
3376 1731 3425 1784 oi
3467 1727 3904 1783 ὑποσκελισθένς

2305 1851 2398 1896 τες
2425 1849 2439 1864 ο
2471 1833 2554 1886 ὅτι
2589 1835 2700 1893 τοίς
2739 1833 2837 1900 μὲν
2881 1831 3109 1900 βραχεῖα
3157 1825 3428 1896 χαύνωσις
3479 1821 3687 1875 πτῶσιν
3715 1823 3901 1890 άπερ-

2304 1924 2533 1992 γάζεται
2565 1923 2798 1977 Θανάτου
2825 1938 2839 1951 ·
2864 1927 2979 1984 τοῖς
3000 1921 3056 1974 δὲ
3084 1919 3258 1990 μικρὰ
3275 1919 3562 1978 άνάνευσις
3589 1915 3736 1967 ίασιν
3768 1915 3904 1966 άνα-

2303 2019 2448 2072 τελεῖ
2475 2017 2723 2088 ψυχικῶν
2754 2015 3105 2087 τραυμάτων.
3139 2013 3236 2079 Μὴ
3269 2013 3303 2066 ό
3351 2010 3584 2063 πίπτων
3622 2009 3736 2060 οὐκ
3787 2007 3902 2059 ἀν-

2308 2111 2545 2165 ίσταται
2571 2125 2588 2172 ;
2622 2109 2659 2176 ἢ
2683 2111 2715 2162 ό
2739 2107 3141 2176 ἀποστρέφων
3186 2107 3296 2159 οὐκ
3347 2101 3690 2170 ἐπιστρέφει
3708 2116 3728 2165 ;
3759 2099 3900 2160 Ναὶ,

2308 2201 2525 2270 ἀδελφοί
2565 2218 2664 2270 μου
2695 2215 2709 2228 °
2743 2199 2896 2254 οὔπω
2927 2201 2960 2270 ἡ
2993 2198 3136 2269 θύρα
3179 2197 3516 2258 κέκλεισται,
3548 2195 3702 2246 οὔπω
3732 2194 3765 2263 ἡ
3793 2211 3903 2246 παι

2309 2295 2540 2365 νήγυρις
2584 2292 2913 2347 διαλέλυται.
2961 2288 3282 2357 Φεισῶμεθα
3317 2285 3558 2339 ἑαυτῶν·
3597 2284 3901 2353 σκοπῶμεν

2309 2389 2426 2450 πῶς
2453 2391 2510 2440 ὲν
2529 2384 3074 2455 ἄστειδιατρίὸομεν,
3094 2381 3197 2434 ποῦ
3219 2377 3583 2449 καθεζόμεθα.
3611 2377 3730 2447 μεθ’
3755 2377 3890 2430 οἴων

2313 2477 2622 2549 προσώπων
2661 2476 3046 2547 διαλεγόμεθα,
3101 2475 3308 2544 πηλίκη
3351 2474 3385 2542 ἡ
3433 2473 3607 2540 τροφὴ
3637 2471 3820 2541 ἡμῶν,
3865 2489 3902 2536 η

2312 2574 2536 2644 ἡσυχία,
2568 2574 2602 2641 ἡ
2638 2571 2899 2633 ὕπνωσις,
2929 2570 2962 2640 ή
2995 2570 3203 2641 ὁμιλία,
3229 2570 3262 2634 ἠ
3307 2567 3542 2636 ὕμνησις
3569 2579 3582 2592 ·
3615 2565 3711 2636 ὅλη
3765 2566 3904 2636 άρε-

2313 2666 2412 2735 στὴ
2442 2663 2583 2733 Θεῷ,
2615 2663 2710 2733 ὅλη
2745 2661 3033 2732 έπωφελὴς
3063 2661 3140 2733 τῷ
3165 2661 3356 2724 πέλας.

2397 2846 2653 2908 Ἐλεεῖτε,
2690 2843 2936 2916 βοηθεῖτε
2968 2861 2984 2876 ο
3034 2845 3106 2915 μή
3141 2843 3224 2906 τίς
3251 2861 3304 2897 τι
3342 2843 3575 2916 πράττοι
3628 2840 3782 2912 παρὰ
3831 2838 3899 2892 τὸ

2314 2941 2483 3004 εἰκός.
2515 2941 2580 2994 Τί
2610 2941 2806 3009 ὖφελος
2835 2940 2930 2994 ἐάν
2957 2938 3078 2992 ὅλον
3112 2937 3207 2991 τὸν
3239 2938 3444 3009 κόσμον
3479 2937 3752 3009 κερδήσω,
3800 2935 3900 2987 καὶ

2315 3035 2583 3107 ζημιωθῶ
2612 3036 2714 3105 τὴν
2744 3035 2986 3102 ἑλεεινήν
3023 3049 3124 3102 μου
3156 3030 3363 3101 ψυχήνς
3389 3031 3442 3084 τί
3475 3048 3565 3101 μοι
3588 3027 3903 3101 προσθήσε-

2315 3145 2406 3182 ται
2433 3130 2492 3182 ὲν
2525 3127 2708 3198 ἡμέρα
2733 3126 2968 3180 Θανάτου
3017 3123 3126 3176 τῶν
3153 3123 3283 3194 τῇδε
3312 3119 3658 3192 ἡδυπαθειῶν
3689 3119 3752 3171 τὸ
3800 3117 3898 3171 τέ-

626 3222 752 3267 ctus
787 3211 894 3267 erit
926 3213 980 3266 in
1022 3213 1112 3268 die
1139 3213 1377 3267 mortis?
1404 3228 1514 3282 quo
1541 3223 1725 3268 autem
1758 3214 1951 3268 dolore
1983 3214 2209 3281 alliciar,

2318 3221 2448 3286 λος;
2500 3220 2640 3273 τίδὲ
2689 3219 2954 3287 πείσομαι
2984 3216 3112 3269 ὅταν
3157 3216 3286 3277 τοὺς
3334 3214 3626 3283 ὁμοταγεῖς
3669 3228 3768 3282 μου
3804 3211 3902 3265 ῐδω

628 3321 754 3362 cum
779 3306 966 3362 socios
994 3314 1050 3361 et
1073 3307 1315 3376 aequales
1345 3319 1499 3360 meos
1532 3305 1718 3360 videro
1763 3305 1818 3360 in
1860 3303 1954 3360 Dei
1984 3323 2209 3375 regnum

629 3397 811 3461 evehi,
874 3413 960 3453 me
1019 3413 1153 3452 vero
1210 3398 1264 3452 in
1321 3399 1578 3454 tenebras
1633 3398 1941 3455 exteriores
2001 3401 2219 3470 abripi?

632 3487 794 3558 Vere,
826 3489 1022 3546 fratres
1053 3490 1182 3556 mei,
1216 3491 1350 3544 nihil
1389 3500 1475 3546 est
1503 3492 1802 3547 delectatio
1838 3493 2049 3556 carnis,
2081 3495 2218 3550 nihil

632 3598 858 3653 regnum
883 3593 1188 3648 terrenum,
1217 3584 1351 3638 nihil
1388 3585 1570 3654 gloria
1612 3583 1679 3639 ad
1733 3594 1950 3656 tempus
1991 3586 2219 3650 durans,

633 3678 779 3733 nihil
814 3679 1024 3734 divitiae
1058 3677 1222 3734 ﬂuxa
1258 3687 1313 3733 et
1342 3681 1585 3747 caducae,
1641 3681 1778 3734 nihil
1832 3681 2041 3736 deliciae
2101 3697 2222 3751 qua:

633 3769 904 3836 deﬂuunt,
931 3773 1079 3825 nulla
1109 3773 1165 3826 in
1218 3773 1330 3827 ullo
1359 3789 1575 3836 eorum,
1609 3789 1730 3842 quae
1781 3774 1850 3826 ab
1891 3774 2055 3843 hujus
2101 3775 2222 3827 vita:

634 3863 855 3932 cupidis
885 3862 1113 3933 pulchra
1140 3871 1196 3917 et
1253 3865 1504 3935 speciosa
1550 3865 1941 3918 existimantur
1973 3864 2218 3918 utilitas:

634 3955 733 4010 sed
767 3956 949 4008 omnia
975 3955 1182 4009 uanitas
1217 3966 1267 4009 et
1313 3956 1656 4024 superﬂuitas
1707 3958 1926 4022 spiritus
1952 3955 2017 4021 ⁸³,
2060 3963 2118 4007 ut
2147 3956 2225 4008 lo-

636 4048 826 4116 qnitur
861 4047 908 4102 is
942 4047 1035 4115 qui
1066 4062 1259 4101 omnes
1287 4047 1452 4113 hujus
1489 4047 1675 4102 saeculi
1710 4050 2010 4102 suavitates
2046 4046 2226 4101 fuerat

644 4148 930 4208 expertus.
964 4138 1145 4207 Atque
1203 4138 1410 4193 utinam
1459 4140 1675 4194 vanitas
1745 4140 2044 4193 duntaxat:
2097 4155 2222 4193 cum

644 4246 742 4299 pro
769 4230 863 4283 illa
915 4230 1235 4299 sempiterni
1289 4230 1570 4285 cruciatus
1611 4231 1678 4284 iis
1728 4240 1989 4298 parentur
2047 4230 2227 4300 quiin

637 4339 702 4376 ea
722 4323 1066 4377 volutantur.
1087 4321 1253 4378 Nobis
1295 4339 1426 4378 vero
1467 4325 1668 4392 quibus
1690 4323 2031 4390 spiritualem
2060 4324 2228 4378 vitam

645 4417 909 4470 Dominus
935 4416 1163 4486 largitus
1195 4427 1298 4481 est,
1332 4417 1493 4486 quale
1534 4427 1935 4485 quantumque,
1970 4418 2076 4471 nisi
2109 4432 2229 4471 eam

2322 3310 2913 3382 προσλαμϐανομένους
2953 3310 3030 3372 είς
3063 3307 3341 3378 βασιλείαν
3376 3305 3536 3369 Θεοῦ,
3580 3305 3813 3376 ἐμαυτὸν
3841 3303 3902 3356 δὲ

2322 3407 2611 3477 αἰρόμενον
2631 3405 2710 3466 εἰς
2733 3403 2794 3456 τὸ
2823 3400 3091 3472 ἐξώτερον
3121 3400 3344 3464 σκότοςς
3401 3400 3629 3461 Ὄντως,
3682 3394 3902 3462 ἀδελφοί

2327 3516 2451 3569 μου,
2484 3496 2637 3549 οὐδὲν
2675 3496 2709 3565 ὴ
2741 3491 3012 3547 εὐπάθεια
3050 3491 3150 3560 τῆς
3180 3490 3403 3561 σαρκὸς,
3457 3488 3608 3541 οὐδὲν
3657 3484 3904 3554 βασιλεία

2323 3590 2589 3657 ἐπίγειος,
2624 3586 2778 3641 οὐδὲν
2807 3585 2934 3650 δόξα
2958 3583 3316 3653 πρόσκαιρος,
3350 3579 3502 3632 οὐδὲν
3525 3576 3754 3638 πλοῦτος
3776 3577 3904 3645 ῥευ-

2328 3681 2713 3751 ματιζόμενος,
2779 3678 2935 3732 οὐδὲν
2991 3675 3172 3746 τρυφὴ
3236 3673 3606 3742 ἀπορρέουσα,
3659 3668 3813 3722 οὐδὲν
3845 3671 3903 3721 ὲν

2324 3775 2499 3827 ούδενὶ
2542 3772 2652 3825 τῶν
2701 3767 3077 3840 νομιζομένων
3117 3766 3233 3826 τοῖς
3267 3762 3554 3833 φιλοζώοις
3599 3761 3780 3814 καλῶν
3809 3760 3904 3812 καὶ

2325 3867 2545 3939 ὡραίων
2584 3864 2818 3933 ὅφελοςυ
2872 3860 3008 3913 ἀλλὰ
3058 3858 3132 3912 τὰ
3187 3857 3384 3910 πάντα
3423 3855 3747 3925 ματαιότης
3806 3853 3904 3905 καὶ

2327 3961 2644 4028 περίσσεια
2697 3955 3056 4022 πνεύματος,
3089 3950 3166 4011 ῶς
3204 3966 3371 4018 φησιν
3426 3949 3454 4001 ό
3496 3947 3605 3998 τῶν
3651 3947 3900 3999 ἁπάντων

2329 4053 2502 4124 ἡδέων
2526 4050 2620 4104 τοῦ
2651 4050 2776 4120 τῇδε
2803 4045 2998 4109 αἰῶνος
3025 4043 3334 4113 ἀπόπειραν
3374 4041 3766 4110 ποιησάμενος.
3795 4036 3905 4090 Καὶ

2313 4147 2442 4200 ἐἴθε
2479 4143 2776 4216 ματαιότης
2813 4145 3010 4209 μόνον’
3047 4137 3167 4192 ἀλλ’
3216 4138 3299 4190 ὃτι
3328 4135 3443 4188 ἀντ’
3493 4133 3662 4202 αὐτῆς
3699 4147 3906 4184 αιωνιοι

2334 4240 2559 4310 βάσανοι
2615 4233 2972 4305 ταμιεύονται
3040 4232 3154 4293 τοῖς
3210 4226 3692 4296 ὲγκεκυλισμένοις
3743 4223 3901 4290 αὐτῇ.

2349 4333 2512 4402 Ἡμῖν
2565 4329 2622 4381 δὲ
2676 4323 2758 4390 οἷς
2808 4327 2842 4395 ἡ
2879 4320 3228 4392 πνευματικὴ
3264 4318 3377 4388 ζωὴ
3433 4318 3749 4386 κεχάρισται
3803 4313 3906 4365 ὑπὸ

2334 4423 2564 4494 Κυρίου,
2596 4418 2736 4486 πόση
2770 4418 2866 4471 καὶ
2895 4413 3102 4487 πηλίκη
3131 4410 3389 4482 τιμωρία,
3409 4410 3457 4461 ei
3493 4407 3566 4480 μὴ
3601 4406 3907 4476 φευξόμεθα

644 4508 938 4576 fugiamus,
973 4508 1626 4578 imminetsupplieium‘!
1673 4508 1997 4577 Propterea,
2025 4507 2211 4565 fratre:

2331 4516 2523 4584 αὐτῆς,
2556 4511 2948 4568 (immiserat;
2980 4506 3080 4558 Διὰ
3113 4503 3293 4563 τοῦτο,
3323 4500 3540 4569 ἀδελφοί
3603 4517 3726 4569 μου,
3774 4500 3907 4550 ὑπο-

641 4600 771 4666 mei,
804 4614 1020 4662 moneo,
1079 4599 1290 4663 hortor,
1318 4601 1571 4662 obsecro,
1609 4610 1866 4667 tanquam
1913 4599 2128 4651 debitor
2167 4611 2220 4652 ct

643 4706 836 4747 servus
863 4701 1041 4746 vester
1069 4700 1292 4761 propter
1337 4690 1649 4753 Dominum,
1685 4702 1742 4744 ut
1784 4691 1934 4760 juste
1958 4702 2011 4745 et
2033 4701 2224 4745 sancte

644 4783 895 4840 vivamus
917 4785 1081 4839 etiam
1113 4785 1166 4838 in
1187 4792 1487 4853 posterum,
1523 4793 1583 4835 ut
1611 4784 1775 4836 vitam
1805 4791 2073 4836 aeternam
2102 4783 2222 4836 adi-

644 4877 926 4947 piscamur
955 4877 1010 4931 in
1039 4875 1259 4931 Christo
1299 4874 1429 4931 Jesu
1463 4857 1695 4929 Domino
1748 4883 1960 4939 nostro,
1991 4874 2079 4929 cui
2103 4874 2223 4945 glo‘

647 4969 727 5026 tia
755 4968 810 5025 in
845 4969 1068 5025 saecula.
1112 4970 1305 5022 Amen.

931 5083 1118 5142 CXIII.
1136 5115 1207 5126 —
1226 5084 1594 5156 Euphrosyna:
1623 5086 1942 5154 prwpositw.

2333 4607 2650 4677 μιμνήσκω,
2687 4598 2961 4670 παραινῶ.
3002 4594 3330 4668 παρακαλῶ,
3364 4593 3440 4656 ὡς
3475 4592 3778 4660 ὀφειλέτης,
3833 4591 3907 4655 ὡς

2328 4693 2516 4755 δοῦλος
2544 4689 2699 4760 ὑμῶν
2745 4689 2835 4742 διὰ
2863 4686 3098 4759 Κύριον·
3131 4684 3358 4746 δικαίως
3386 4683 3481 4736 καὶ
3533 4680 3695 4744 όσίως
3755 4680 3905 4733 πολι-

2329 4781 2655 4852 τευσώμεθα
2680 4779 2776 4832 καὶ
2802 4777 2937 4849 πρὸς
2985 4777 3047 4830 τὸ
3074 4775 3222 4845 ἑξῆς.
3257 4775 3375 4828 Ἰνα
3409 4773 3907 4844 κληρονομήσωμεν

2331 4875 2478 4944 ζωὴν
2505 4871 2744 4933 αἰώνιον,
2781 4871 2840 4922 ὲν
2862 4867 3083 4939 Χριστῷ
3124 4863 3300 4936 Ἰησοῦ
3330 4863 3410 4924 τῶ
3439 4865 3632 4936 Κυρίῳ
3654 4865 3832 4936 ἡμῶν,
3864 4857 3907 4932 ᾧ

2333 4969 2369 5038 ἠ
2400 4965 2529 5032 δόξα
2557 4964 2636 5027 είς
2667 4963 2793 5027 τοὺς
2823 4961 3045 5025 αἰῶνας.
3095 4960 3292 5031 ’Δμήν.

2553 5083 2697 5135 rm.
2729 5081 2904 5151 (9).—
2931 5079 3299 5148 εὐφροσύνῃ
3318 5078 3645 5147 ἡγουμένῃ.
3722 5047 3902 5148 [χμει]

1914 5196 2209 5246 Consolatur
2242 5195 2292 5245 in
2318 5195 2457 5246 obitu
2484 5194 2673 5245 matris.

720 5308 1046 5365 Postulabat
1092 5309 1198 5366 hoc
1246 5308 1390 5379 quod
1422 5307 1623 5363 accidit
1647 5307 1818 5360 beatae
1845 5305 2083 5360 dominae
2116 5321 2230 5358 ma-

653 5404 830 5475 trique
861 5405 1141 5460 communi
1179 5404 1301 5475 (nec
1329 5403 1474 5460 enim
1513 5401 1778 5470 refugiam
1830 5411 2056 5454 matrem
2090 5416 2229 5469 quo-

655 5512 761 5566 que
800 5507 1044 5552 nostram
1083 5495 1233 5551 illam
1269 5495 1541 5566 appellare
1570 5501 1792 5566 propter
1847 5493 2121 5559 virtutem)
2171 5501 2230 5546 ut

2418 5307 2642 5378 Ἀπῄτει
2697 5304 2752 5357 τὸ
2810 5301 3023 5372 συμϐάν
3057 5301 3186 5372 περὶ⁵
3234 5300 3336 5371 τὴν
3392 5298 3671 5373 μακαρίαν
3719 5300 3906 5368 κυρίαν

2334 5399 2427 5451 καὶ
2453 5398 2635 5467 κοινὴν
2669 5395 2882 5466 μητέρα
2916 5410 2931 5424 ο
2967 5394 3028 5446 οὐ
3051 5391 3160 5473 γάρ
3196 5393 3573 5462 παραιτοῦμαι
3606 5389 3701 5443 καὶ
3757 5387 3904 5458 ἡμῶν

2338 5491 2551 5562 μητέρα
2582 5491 2753 5560 αὐτὴν
2797 5486 3089 5558 ὀνομάζειν
3147 5486 3235 5540 διὰ
3268 5485 3367 5556 τὴν
3418 5485 3622 5556 ἀρετήν
3652 5501 3665 5514 ³
3719 5482 3904 5544 αὐτοὺς

728 5613 772 5642 ’τ
804 5612 848 5667 ll
877 5611 1004 5668 Cor.
1036 5627 1092 5677 v,
1129 5609 1197 5666 10
1295 5612 1340 5645 ⁸³
1368 5609 1531 5667 Hebr.
1566 5627 1621 5678 ι,
1653 5610 1742 5665 3|.
1821 5610 1866 5643 ”
1893 5606 2058 5665 Hebr.
2093 5622 2193 5670 an,

2314 5645 2320 5656 .
2399 5605 2444 5635 ⁸⁸
2475 5602 2677 5660 Jerem.
2711 5619 2826 5670 vin,
2854 5603 2907 5658 ι.
2986 5602 3028 5635 ³⁸
3051 5599 3242 5656 Matth.
3276 5613 3390 5666 svt,
3423 5597 3514 5652 26.
3591 5596 3635 5630 "
3665 5594 3837 5651 Eccle.
3866 5608 3901 5650 ι.

662 5681 751 5737 14.

2167 5755 2397 5816 Νοτιε.

738 5892 813 5963 l9)
847 5891 905 5949 In
936 5890 1060 5948 cod.
1093 5889 1224 5956 Reg.
1271 5882 1409 5957 ρκα’.
