4156 6494
257 435 393 502 1377

1441 437 1976 500 EPISTOLARUM
2043 441 2191 502 LIB.
2225 443 2307 502 ll.

3360 439 3497 505 1378

245 553 400 623 ἡμᾶς
427 548 679 621 ἀφῖχθαι,
712 549 806 603 καὶ
825 549 915 603 τὸν
938 559 1285 621 προσήκοντα
1326 552 1614 620 ἐπιτάφιον
1644 553 1823 624 ἐκείνῃ

1934 567 2035 606 nos
2065 553 2164 622 ipsi
2202 553 2540 620 veniremus,
2577 564 2631 610 et
2677 553 2830 610 illam
2865 553 3083 625 quidem
3111 568 3352 624 congrua
3381 553 3500 606 lau-

253 656 354 716 μεν
381 642 510 717 ᾆσαι
543 659 560 675 ·
586 643 671 697 σοὶ
697 642 754 696 δὲ
790 644 856 713 τῇ
887 642 1345 716 ύπολελειμμένῃ,
1405 646 1502 698 καὶ
1542 645 1705 698 οἱονεὶ
1729 646 1825 713 ὁρ-

250 739 397 808 φανῇ
426 737 524 807 τῆς
548 738 824 808 μητρικῆς
848 751 943 787 σου
966 735 1261 803 συναφείας
1290 753 1350 788 τε
1373 736 1468 790 καὶ
1496 736 1822 806 συμπνοίας,

250 828 593 896 φθέγξασθαι
622 827 973 900 παραμύθιον
998 842 1012 856 ⁸
1041 827 1156 896 εἴγε
1186 829 1281 881 καὶ
1310 827 1617 900 ὲξευρεθείη
1649 829 1826 882 τοιοῦ-

250 938 345 974 τον
383 921 697 993 φάρμακον,
725 920 1024 990 δυνάμενον
1051 919 1434 990 καταπραῧναί
1489 936 1581 973 σου
1616 920 1678 972 τὸ
1725 919 1827 990 τῆς

251 1014 435 1082 ψυχῆς
464 1012 711 1081 ἀλγεινὸν
740 1015 835 1065 καὶ
858 1011 1278 1082 συμπεπτωκός.
1336 1011 1474 1063 Ἀλλ’
1505 1011 1628 1064 ἐπεὶ
1665 1011 1825 1065 τοῦτο

253 1105 356 1158 οὐκ
382 1105 675 1173 ἐνδέχεται.
705 1105 793 1157 διὰ
821 1105 1147 1174 γράμματος
1177 1103 1210 1172 ἡ
1255 1103 1554 1172 ὲπισκοπή.
1597 1103 1660 1154 Ὢ
1707 1103 1825 1166 πῶς

253 1197 476 1266 ἀπέπτη
528 1196 621 1264 ἀφ’
651 1196 806 1264 ἡμῶν
854 1198 887 1265 ή
929 1196 1068 1265 καλὴ
1125 1195 1342 1265 ἀμμάς,
1380 1197 1412 1265 ἡ
1454 1196 1825 1266 Χριστοφόρος

253 1287 413 1356 γυνὴ,
435 1287 495 1338 τιὸ
519 1287 802 1357 κειμήλιον
835 1287 936 1356 τῆς
976 1285 1349 1356 σωφροσύνης,
1403 1286 1464 1339 τὸ
1517 1304 1824 1356 κεχαριτω-

260 1379 422 1447 μὲνον
469 1380 779 1448 πρόσωπον,
814 1377 875 1431 τὸ
940 1379 1039 1448 τῆς
1083 1379 1373 1442 εὐλαϐείας
1429 1379 1682 1449 τέμενος,
1761 1379 1824 1430 τὸ

257 1469 463 1538 πλῆρες
509 1469 750 1539 ἡμερῶν,
808 1469 916 1522 τῶν
960 1486 1021 1522 τε
1072 1469 1351 1539 λυομένων
1402 1470 1496 1524 καὶ
1547 1470 1826 1540 μενουσῶν

255 1560 453 1630 Θέαμα,
473 1563 500 1614 ὁ
523 1563 854 1631 ἡγιασμένος
882 1562 1029 1626 ναὸς,
1059 1565 1087 1616 ὁ
1112 1561 1308 1616 ὲλαιὼν
1334 1564 1432 1633 τῆς
1458 1561 1823 1633 συμπαθείας,

251 1655 279 1706 ό
311 1655 592 1727 οἱκτιρμδς
620 1654 718 1722 τῆς
762 1654 1072 1719 ἐπιδόσεως,
1122 1655 1184 1708 τὸ
1221 1654 1357 1720 ζῶον
1402 1654 1570 1717 ὅντως
1612 1655 1676 1707 τὸ
1704 1653 1826 1706 036-

253 1746 511 1810 πλαστον,
542 1749 568 1800 ὁ
589 1748 816 1814 ἄφθονος
845 1746 1143 1818 ὀφθαλμὸς,
1174 1749 1208 1818 ἡ
1246 1747 1558 1806 ἀϐάσκανος
1603 1749 1824 1818 καρδία,

250 1841 285 1906 ἡ
324 1840 427 1910 πρὸ
455 1839 546 1892 τοῦ
583 1839 812 1892 Θανάτου
835 1839 1077 1908 ’ἔκδημος
1118 1839 1227 1890 τῶν
1253 1839 1383 1908 τῇδε
1433 1838 1524 1891 διά
1577 1838 1667 1892 τὸν
1723 1856 1824 1892 πο·

1925 643 2145 698 datione
2177 643 2394 700 funebri
2421 661 2914 716 prosequeremur;
2947 647 3046 701 tibi
3074 657 3204 702 vero
3228 645 3501 701 derelicta

1925 743 1981 790 et
2007 745 2255 792 materna
2288 739 2697 808 quodammodo
2749 739 2920 792 animi
2975 739 3333 809 corporisque
3368 755 3501 794 con-

1921 826 2209 897 junctione
2233 830 2437 884 orbata:
2483 829 2919 884 consolationem
2984 829 3375 884 adhiberemus
3404 847 3417 883 :
3451 829 3498 884 si

1928 927 2108 973 tamen
2139 922 2440 975 remedium
2473 921 3112 990 im'cuireturejusmodi,
3139 921 3284 990 quod
3315 928 3501 989 posset

1927 1011 2107 1066 amicti
2165 1014 2537 1084 prostratique
2566 1015 2733 1069 animi
2789 1015 3035 1068 dolorem
3086 1013 3354 1084 mitigare.
3393 1013 3501 1068 Sed

1925 1104 2184 1171 quoniam
2222 1104 2274 1157 id
2305 1105 2423 1158 ﬁeri
2477 1106 2686 1175 nequit,
2721 1121 2814 1174 per
2857 1105 3067 1160 litteras
3115 1106 3207 1158 lict
3239 1103 3509 1158 visitatio.‘

1925 1195 1969 1250 Ο
2003 1211 2114 1266 quo
2146 1206 2305 1266 pacto
2331 1213 2360 1250 a
2385 1197 2545 1252 nobis
2581 1199 2818 1252 avolavit
2852 1198 2990 1252 bona
3031 1207 3224 1259 mater,
3266 1195 3503 1250 Christi-

1925 1285 2039 1342 fera
2073 1288 2288 1354 mulier,
2313 1289 2608 1345 thesaurus
2648 1289 3018 1353 continentia:,
3046 1287 3225 1358 gratia
3248 1296 3498 1341 ornatum

1927 1389 2109 1451 caput,
2146 1383 2428 1452 religionis
2479 1384 2804 1446 sacrarium,
2854 1382 3075 1452 plenum
3119 1381 3328 1437 dierum
3383 1389 3500 1435 tum

1927 1466 2250 1522 obeuntium
2335 1479 2452 1524 tum
2553 1472 2994 1541 permanentium
3067 1469 3494 1537 spectaculum,

1926 1560 2188 1628 templum
2254 1563 2675 1629 sanctificatum,
2735 1563 2997 1619 olivetum
3072 1561 3500 1631 compassionis,

1927 1653 2331 1708 commiseratio
2366 1655 2692 1724 largitionis,
2732 1670 2856 1710 vere
2878 1670 2907 1708 a
2931 1653 3042 1709 Deo
3067 1652 3362 1708 formatum
3383 1654 3500 1706 ani-

1929 1743 2058 1806 mal,
2104 1745 2297 1800 oculus
2334 1745 2556 1802 invidia:
2607 1763 2822 1818 expers,
2859 1764 2955 1803 cor
3007 1751 3126 1805 sine
3165 1751 3503 1806 malevolen-

1931 1835 2028 1898 tia,
2065 1836 2116 1890 in
2145 1838 2251 1893 hoc
2293 1840 2478 1894 seculo
2508 1849 2633 1895 ante
2664 1851 2895 1896 mortem
2940 1844 3221 1914 peregrina
3252 1844 3321 1899 ob
3352 1844 3503 1898 desi-

253 1932 517 2001 οούμενον
543 1930 771 2001 νυμφίον
802 1931 1060 2000 Χριστὸν,
1089 1931 1183 1982 καὶ
1207 1929 1297 1982 διὰ
1323 1927 1420 1999 τὴν
1462 1930 1642 1982 ἐκεῖσε
1693 1930 1823 1984 άλυ·

1929 1928 2140 1983 derium
2201 1930 2399 1999 Sponsi
2433 1931 2662 1997 Christi,
2707 1948 2761 1987 et
2809 1945 3032 2004 propter
3093 1933 3339 1990 futuram
3389 1937 3502 1990 illic

252 2040 346 2075 τον
373 2023 516 2092 ζωὴν
536 2023 628 2074 καὶ
655 2024 927 2094 ἀκήρατον
949 2041 962 2087 ;
986 2023 1070 2084 Ὢ,
1104 2022 1169 2085 ῶ,
1203 2023 1342 2073 πόσα
1373 2020 1618 2092 λαλήσας
1667 2021 1825 2090 δυνη-

255 2115 410 2184 Θείην
437 2115 670 2168 κενῶσαι
693 2114 754 2166 τὸ
794 2113 1067 2168 συνωθοῦν
1096 2114 1194 2184 τὴν
1234 2113 1464 2184 καρδίαν
1498 2131 1601 2184 μου
1631 2131 1827 2184 σεμνο-

252 2206 505 2279 λόγημαι
569 2206 829 2275 Καίτοιγε
862 2204 1135 2277 ὀψιμαθὴς
1185 2203 1298 2274 ἐγὼ
1347 2206 1446 2276 τῆς
1497 2207 1693 2275 κυρίας
1731 2211 1826 2259 καῖ¹

252 2301 360 2352 τῶν
386 2300 625 2353 ὲνουσῶν
652 2300 780 2369 ὑμῖν
829 2299 1058 2369 ἀρετῶν,
1106 2297 1201 2351 καὶ
1232 2299 1484 2352 τοσοῦτον
1532 2302 1590 2352 ὲν
1635 2300 1822 2371 πείρᾳ,

251 2394 376 2444 ὅσον
399 2392 556 2462 ἄκρῳ
579 2391 827 2460 δακτύλῳ
853 2389 1204 2459 ὲφαψάμενός
1254 2408 1338 2454 τις
1388 2390 1626 2461 μέλιτος.
1686 2391 1826 2445 Ἀλλ’

250 2485 403 2553 ὅμως
440 2486 472 2554 ἡ
505 2484 733 2554 βραχεῖα
761 2482 950 2552 γεῦσις
980 2482 1216 2553 δήλωσιν
1240 2483 1541 2554 παρίστησι
1567 2483 1669 2553 τῆς
1697 2481 1827 2554 ὅλης

250 2575 608 2645 γλυκύτητος,
634 2575 810 2636 άλλως
834 2590 893 2626 τε
923 2573 1019 2626 καὶ
1049 2574 1200 2648 παρὰ
1235 2574 1345 2628 τῶν
1382 2575 1582 2645 μᾶλλον
1626 2591 1825 2627 πεπει-

252 2669 506 2736 ραμένων
557 2667 710 2736 ὑμῶν
745 2666 845 2734 τῆς
890 2665 1095 2737 ἀρετῆς
1160 2666 1407 2736 ἀδελφῶν
1466 2667 1821 2737 ὲκδιδαχθεὶς,

251 2759 528 2828 ἀρκοῦσαν
571 2760 679 2828 ἔχω
710 2757 809 2829 τὴν
859 2759 990 2830 περὶ
1041 2759 1214 2829 αὐτῆς
1261 2761 1465 2828 γνῶσιν
1517 2763 1573 2814 ὲν
1611 2761 1820 2831 Κυρίῳ.

263 2849 480 2919 Ἐκείνη
501 2848 718 2903 ἀπὸτοῦ
743 2849 986 2903 τοιούτου
1022 2851 1138 2922 βίου
1186 2852 1327 2924 ἤχθη
1353 2856 1433 2916 είς
1484 2853 1604 2906 τόδε
1633 2852 1694 2906 τὸ
1724 2870 1824 2906 πο-

249 2941 500 3011 λίτευμα.
532 2944 623 2994 Δεῖ
649 2941 761 3014 γάρ
793 2960 860 3013 με
897 2943 1106 2997 ἄνωθεν
1135 2944 1445 3011 ὑπολαϐεῖν,
1497 2946 1592 2999 καὶ
1625 2945 1825 3018 μικρόν

246 3050 304 3086 τι
333 3033 670 3105 ἐνδιατρίψαι
699 3033 778 3106 τῷ
796 3036 940 3107 λόγῳ
975 3038 1324 3109 παρηγορίας
1356 3039 1538 3108 χάριν.

323 3209 478 3280 Ἔχει
510 3210 701 3277 οὕτως.
733 3213 854 3266 Τῶν
885 3215 978 3282 ἀφ’
1028 3214 1184 3285 ἡλίου
1229 3214 1506 3268 ἀνατολῶν
1538 3215 1601 3268 τὸ
1641 3216 1820 3284 γένος,

246 3301 345 3354 καὶ
373 3303 514 3356 κατά
542 3304 725 3368 τόπον,
756 3305 1017 3358 καὶκατὰ
1042 3306 1248 3374 τρόπον
1281 3321 1294 3335 ·
1331 3305 1491 3377 εῐπερ
1530 3308 1562 3377 ή
1621 3308 1820 3377 Ἀρμε-

245 3393 356 3459 νία,
389 3394 512 3448 ὅθεν
535 3397 630 3450 καὶ
666 3399 698 3467 ἡ
720 3399 819 3468 ἀρε
831 3398 911 3468 ri].
945 3399 1006 3450 Εί
1028 3399 1084 3451 δὲ
1118 3399 1296 3452 καὶτὸ
1327 3393 1468 3469 αἷμα
1491 3399 1573 3452 δεῖ
1594 3390 1776 3467 ζητεῖν
1802 3416 1818 3432 ο

245 3487 312 3538 ὲκ
333 3485 612 3556 βασιλικοῦ
650 3489 935 3560 κράματος
973 3491 1304 3562 στρατηγίαι
1332 3492 1428 3545 καὶ
1448 3492 1818 3561 δημαγωγίαι,

247 3579 346 3632 καὶ
371 3581 428 3633 ἐν
467 3581 728 3652 Ἀρμενίᾳ
762 3583 857 3637 καὶ⁵
875 3584 1311 3655 ἑνΓραικίᾳηοῦ
1338 3587 1610 3657 ὁμοζύγου
1643 3586 1786 3655 λέγω
1805 3605 1819 3620 ο

250 3673 378 3726 ἐπεὶ
424 3677 518 3728 καὶ
562 3676 660 3746 τὴν
707 3676 930 3748 πρώτην
981 3678 1314 3749 στρατηγίδα
1368 3675 1512 3732 εἷλεν
1564 3680 1819 3746 ἐνταῦθα,

248 3766 438 3836 ὧσπερ
471 3769 566 3820 καὶ
603 3769 702 3839 τὴν
733 3772 1154 3840 πατρικιότητα,
1183 3772 1212 3823 ὁ
1252 3772 1412 3843 ἀνήρ.
1453 3769 1527 3828 Οὗ
1571 3775 1823 3845 ἀπορῤα-

248 3861 412 3925 γεῖσα
437 3860 524 3913 διά
555 3861 810 3927 θανάτου,
839 3862 938 3914 οὐκ
989 3863 1221 3932 ἡνεγκεν
1274 3862 1410 3928 ἄζυξ
1449 3866 1652 3934 μένειν,
1703 3865 1820 3918 ἀλλ’

253 3951 399 4020 ἔχειν
431 3953 720 4022 μνηστῆρα
739 3970 754 3986 ο
780 3953 899 4007 τίνα
920 3953 1056 4024 apd;
1090 3956 1148 4006 ού
1166 3955 1314 4009 τόνδε
1344 3959 1438 4010 καὶ
1457 3957 1606 4011 τόνδε
1624 3958 1821 4029 ἄρχον-

252 4043 374 4115 ταῆ
409 4043 651 4114 βασιλέα,
689 4046 824 4116 ὠςή
882 4048 989 4100 τῶν
1019 4047 1231 4103 πολ-λῶν
1282 4049 1489 4120 ἔφεσις,
1533 4056 1697 4126 σαρκὶ
1730 4052 1824 4106 καὶ

252 4137 447 4205 αἵματι
476 4140 890 4209 προσκειμένων
911 4155 924 4167 ·
958 4139 1097 4194 ἀλλά
1121 4142 1211 4196 τὸν
1244 4144 1404 4211 μόνον
1432 4144 1635 4215 ὡραῖον
1683 4163 1822 4215 νυμ-

254 4229 397 4295 φίον,
430 4229 520 4282 τὸν
543 4231 780 4300 ἄρχοντα
804 4232 904 4301 τῆς
934 4234 1177 4303 εἰρήνης,
1199 4233 1290 4286 Διὸ
1320 4235 1414 4288 καὶ⁹
1450 4236 1824 4306 είρηνώνυμος

250 4323 285 4389 ἠ
309 4320 518 4391 νύμφη,
542 4323 632 4374 τὸν
670 4324 776 4377 τῶν
812 4324 948 4377 ὅλων
969 4325 1193 4392 βασιλέα
1213 4327 1466 4397 Χριστὸν,
1500 4329 1591 4380 τὸν
1619 4328 1823 4399 Κύριον

251 4414 351 4483 τῆς
373 4413 550 4483 δόξης,
582 4415 676 4468 καὶ
704 4415 895 4469 τοῦτον
922 4417 1009 4469 διά
1032 4417 1123 4471 τοῦ
1149 4418 1438 4489 μοναδικοῦ
1471 4421 1825 4491 ἐπαγγέλμα-

252 4521 345 4567 τος
378 4507 852 4576 μνηστευσαμένη.
901 4508 1017 4576 Ἐφ’
1055 4503 1098 4576 ᾧ
1148 4510 1292 4573 ὅπως
1324 4511 1614 4580 ἠρίστευσε
1657 4513 1826 4584 πράτ-

1928 2019 2090 2073 vitam
2149 2020 2584 2076 indissolubilem
2630 2034 2684 2079 et
2735 2026 3139 2081 immortalem?
3192 2029 3334 2095 0,0,
3381 2029 3506 2099 qui-

1926 2106 2158 2163 busnam
2218 2111 2404 2166 verbis
2452 2114 2678 2182 exsequi
2734 2114 2879 2167 illam
2938 2115 3166 2183 possim,
3228 2132 3350 2186 qua:
3407 2132 3505 2172 cor

1928 2217 2109 2256 meum
2163 2202 2462 2256 sollicitum
2494 2204 2677 2269 habet,
2715 2205 3122 2260 laudationem!
3185 2206 3251 2262 Et
3279 2209 3502 2278 quidem

1927 2294 2106 2349 serius
2136 2308 2237 2362 ego
2276 2294 2578 2353 dominam.
2611 2304 2665 2348 et
2691 2295 2922 2352 virtutes
2987 2308 3199 2353 vestras
3247 2300 3499 2369 cognovi,

1927 2398 2028 2438 nec
2058 2383 2406 2452 experientiae
2439 2384 2563 2452 plus
2605 2385 2801 2449 habeo,
2836 2403 2998 2457 quam
3046 2390 3138 2459 qui
3167 2405 3386 2444 summo
3418 2391 3502 2444 di-

1927 2476 2038 2544 gito
2071 2474 2176 2529 mel
2205 2475 2405 2546 attigit.
2445 2478 2696 2531 Attamen
2759 2480 2939 2534 tenuis
2990 2481 3300 2551 degustatio
3333 2482 3502 2536 totius

1927 2567 2231 2621 dulcedinis
2269 2568 2546 2637 specimen
2587 2570 2850 2626 exhibet:
2901 2574 3206 2641 praesertim
3254 2589 3378 2628 cum
3434 2574 3503 2629 ab

1927 2659 1997 2714 iis
2023 2659 2338 2724 sororibus,
2371 2662 2572 2731 quibus
2609 2664 2782 2718 virtus
2815 2675 2992 2719 vestra
3029 2667 3200 2737 magis
3220 2680 3502 2738 perspecta

1925 2761 2060 2816 erat,
2094 2753 2345 2817 edoctus,
2383 2753 2744 2811 subicientem
2776 2757 2843 2812 de
2869 2774 2931 2813 ea
2979 2759 3230 2814 notitiam
3265 2760 3495 2815 habeam

1926 2842 1980 2897 in
2002 2843 2253 2900 Domino.
2282 2846 2419 2901 Vitae
2439 2845 2686 2903 conditio
2715 2863 2744 2903 a
2773 2865 2882 2919 qua
2905 2851 3122 2907 transiit
3151 2853 3243 2907 illa
3267 2855 3333 2908 ad
3355 2853 3500 2908 istud

1925 2935 2260 3001 institutum,
2290 2935 2395 2993 fuit
2428 2938 2770 3009 huiusmodi.
2805 2940 3029 3012 Oportet
3074 2944 3220 2998 enim
3261 2961 3348 3000 me
3386 2961 3500 3001 rem

1925 3027 2090 3084 altius
2142 3038 2406 3098 repetere,
2443 3041 2498 3086 et
2543 3033 2946 3090 consolationis
2993 3035 3169 3104 gratia
3220 3037 3502 3108 paulisper

1925 3118 2160 3174 dicendo
2187 3121 2494 3177 immorari.

1999 3212 2090 3267 Sic
2123 3221 2306 3267 autem
2337 3229 2397 3268 se
2427 3230 2514 3270 res
2558 3214 2740 3270 habet.
2800 3216 2988 3273 Genus
3035 3218 3183 3274 illius
3213 3234 3276 3274 ex
3305 3217 3500 3276 Orien-

1927 3302 2154 3368 talibus,
2185 3311 2239 3356 et
2266 3303 2446 3371 quoad
2471 3304 2674 3371 locum,
2695 3315 2750 3360 et
2774 3308 2954 3376 quoad
2975 3308 3233 3364 indolem
3265 3331 3276 3365 :
3307 3327 3370 3364 ex
3397 3313 3502 3364 Ar-

1923 3394 2102 3448 menia
2134 3393 2362 3461 scilicet,
2395 3395 2538 3450 unde
2565 3406 2620 3450 et
2668 3396 2867 3453 virtus.
2905 3398 3061 3465 Quod
3100 3400 3147 3455 si
3197 3401 3360 3455 etiam
3400 3402 3500 3456 lia-

1923 3484 2098 3540 benda
2127 3486 2271 3541 ratio
2312 3489 2619 3558 sanguinis,
2665 3488 2812 3544 hunc
2849 3505 2975 3545 cum
3011 3492 3232 3562 regibus
3269 3495 3502 3548 commi-

1925 3586 2069 3631 stum
2096 3577 2308 3632 habuit.
2346 3578 2634 3633 Accedunt
2663 3581 2927 3636 militares
2947 3597 3010 3635 ac
3053 3583 3268 3647 civiles,
3302 3592 3416 3637 tum
3446 3583 3501 3636 in

1924 3669 2208 3730 Armenia.
2266 3679 2378 3724 tum
2438 3672 2491 3725 in
2564 3673 2770 3728 Graecia
2829 3673 3186 3740 praefecturae.
3249 3677 3502 3747 conjugis

1923 3757 2088 3823 dico;
2142 3759 2414 3829 siquidem
2453 3760 2773 3830 primariam
2809 3763 2863 3816 iu
2891 3765 3137 3820 exercitu
3180 3765 3498 3836 dignitatem

1925 3851 2237 3920 pariterque
2270 3854 2620 3921 patriciatum
2653 3855 2884 3925 adeptus
2914 3867 3000 3911 est
3036 3857 3120 3911 vir
3165 3859 3275 3913 ille.
3307 3861 3352 3912 A
3390 3876 3503 3928 quo

1924 3958 2020 4014 per
2047 3953 2277 3998 mortem
2304 3945 2537 4010 divulsa,
2565 3947 2853 4015 innuptam
2880 3963 3100 4002 manere
3128 3965 3186 4004 se
3218 3965 3327 4004 non
3353 3951 3501 4017 tulit,

1926 4037 2018 4091 sed
2051 4051 2312 4106 sponsum
2361 4037 2573 4104 habuit,
2636 4053 2931 4109 quemnam
2969 4041 3146 4097 vero?
3186 4058 3294 4096 nou
3356 4043 3504 4097 hunc

1924 4129 2008 4184 vel
2065 4129 2216 4184 illum
2269 4131 2570 4201 principem
2630 4141 2725 4187 aut
2779 4147 2988 4204 regem,
3050 4135 3195 4204 quod
3250 4135 3504 4192 ambiunt

1925 4223 2131 4286 multa},
2164 4224 2318 4278 carni
2360 4234 2415 4279 et
2450 4226 2709 4295 sanguini
2769 4227 3000 4282 addicta:
3034 4245 3048 4295 ;
3101 4229 3194 4282 sed
3250 4244 3372 4282 eum
3406 4231 3499 4300 qui

1926 4317 2078 4371 solus
2105 4326 2188 4370 est
2221 4330 2461 4386 sponsus
2490 4319 2798 4388 speciosus,
2852 4320 3109 4391 princeps
3139 4323 3308 4391 pacis.
3345 4319 3502 4377 Unde

1925 4418 1982 4464 et
2014 4408 2165 4478 pacis
2190 4423 2386 4462 nomen
2421 4410 2629 4464 habens
2651 4425 2874 4480 sponsa,
2909 4411 3294 4465 universorum
3320 4429 3500 4482 regem

1929 4502 2208 4557 Christum
2274 4501 2464 4572 gloria
2519 4503 2834 4567 Dominum,
2869 4503 2971 4558 sibi
3002 4518 3097 4573 per
3135 4505 3500 4559 monasticam

252 4611 421 4648 τουσα
437 4596 505 4648 τά
529 4597 620 4648 τοῦ
651 4597 904 4666 ἐραστοῦ,
938 4600 1347 4672 προδεδήλωκεν
1373 4604 1402 4655 δ
1438 4602 1595 4671 λόγος
1644 4603 1720 4668 ὡς
1764 4607 1819 4657 ἐν

1929 4593 2324 4665 professionem
2348 4609 2616 4664 sponsum
2645 4595 2859 4649 ascivit.
2894 4593 2951 4648 lu
2972 4595 3312 4665 quoquidem
3336 4611 3500 4665 quam

257 4687 617 4757 σκιαγραφίᾳ.
682 4687 900 4758 Ταύτης
941 4691 974 4760 ἡ
1025 4690 1414 4761 ἀστράπτουσα
1456 4695 1756 4765 προσευχὴ,
1791 4697 1824 4767 ἡ

254 4778 550 4844 κατάνυξις
583 4797 597 4810 ·
649 4781 824 4852 ἡτῶν
863 4782 1119 4854 δακρύων
1165 4784 1343 4853 χύσις,
1395 4787 1427 4854 ἡ
1484 4787 1825 4854 ἀκατάλαλος

254 4870 549 4943 γλῶττα,ἠ
595 4872 1048 4946 ἀπαρρησίαστος
1099 4874 1230 4940 ἕξις,
1290 4879 1323 4948 ἡ
1374 4879 1825 4950 Χριστομίμητος

253 4966 752 5037 ταπεινοφροσύνη,
806 4969 838 5039 ἠ
890 4969 1201 5037 ιριλέντολος
1254 4971 1490 5042 δεξιά,ή
1563 4971 1824 5044 Θεηγόρος

253 5059 485 5123 διάνοια,
521 5061 849 5131 ὴκαιομένη
888 5061 964 5133 τῷ
1000 5063 1104 5132 τῆς
1159 5063 1380 5133 ἀγάπης
1409 5065 1647 5136 Χριστοῦ
1693 5068 1826 5139 πυρὶ

254 5151 472 5222 καρδία,
508 5153 603 5204 καὶ
636 5152 786 5216 τέλος
814 5155 846 5223 ἡ
877 5154 1156 5224 ὀρθόδοξος
1183 5157 1427 5226 λατρεία,
1458 5159 1552 5211 καὶ
1574 5159 1634 5210 τὸ
1655 5176 1827 5227 πεφυ-

254 5242 527 5312 λαγμένον
556 5244 653 5314 τῆς
680 5245 960 5316 αίρετικῆς
989 5248 1274 5309 κοινωνίας
1299 5249 1440 5317 μετά
1464 5251 1823 5304 ἀνυποστόλου

256 5337 587 5406 παρρησίας.
626 5338 731 5389 Καὶ
769 5337 953 5407 θαῦμα
981 5339 1096 5403 πῶς
1141 5341 1197 5392 ὲν
1257 5341 1337 5408 τῷ
1380 5342 1824 5410 παριππεύσαντι

254 5427 500 5498 διωγμῶ,
536 5430 596 5481 οὐ
640 5429 800 5498 μόνον
831 5431 1048 5501 ἑαυτὴν,
1073 5431 1207 5484 ἀλλὰ
1244 5433 1338 5485 καὶ
1361 5433 1441 5497 σὲ,
1486 5434 1676 5505 κυρία,
1729 5436 1825 5488 καὶ

254 5521 384 5590 ὃλην
425 5537 519 5574 σου
561 5523 660 5594 τὴν
703 5525 865 5590 ἁγίαν
910 5525 1176 5589 συνοδίαν,
1236 5525 1537 5596 άμέθεκτον
1578 5530 1674 5582 σὺν
1709 5528 1826 5599 Θεῷ

255 5613 462 5681 ταύτης
507 5613 865 5684 διεφυλάξατο
911 5633 925 5646 ο
980 5617 1148 5688 καλὴν
1224 5621 1489 5689 κορωνίδα
1541 5621 1618 5690 τῷ
1682 5622 1823 5673 τέλει

260 5705 779 5776 ἔπισςρραγισαμένη
802 5723 815 5736 ο
851 5709 916 5760 ἐκ
961 5708 1068 5760 τῶν
1107 5707 1404 5777 ὀρθοδόξων
1449 5710 1640 5778 πηγῶν
1668 5727 1826 5780 μετα-

259 5793 464 5863 σχοῦσα
483 5795 588 5848 τῶν
625 5796 1002 5866 άγιασμάτων,
1035 5798 1330 5852 κάντεῦθεν
1373 5799 1655 5871 άπάρασα,
1707 5819 1824 5870 χαι-

263 5884 508 5956 ρομένως
537 5903 549 5917 ο
573 5887 706 5957 ὅπερ
744 5890 968 5958 σημεῖον
1020 5888 1274 5960 μέγιστον
1316 5893 1414 5964 τῆς
1445 5885 1518 5945 ὧν
1567 5893 1820 5946 ὲπεπόθει

1929 4686 2187 4756 praeclare
2219 4685 2413 4755 egerit.
2446 4702 2568 4755 quae
2590 4687 2773 4742 dilecti
2809 4697 2939 4742 sunt
2974 4703 3300 4758 exsequens,
3337 4705 3504 4759 supe-

1929 4779 2044 4832 rior
2070 4792 2250 4832 sermo
2277 4776 2601 4832 adumbrata
2624 4779 2860 4848 quadam
2883 4780 3252 4849 descriptione
3282 4781 3505 4834 demon-

1929 4873 2143 4928 stravit.
2174 4870 2349 4941 Hujus
2381 4872 2560 4926 oratio
2585 4871 2818 4943 fulguris
2842 4872 3017 4928 instar
3045 4874 3313 4939 emicans,
3353 4889 3503 4928 com-

1928 4966 2178 5037 punctio,
2208 4964 2575 5034 lacrymarum
2626 4965 2838 5029 ell'usio,
2871 4965 3005 5020 nulli
3053 4965 3368 5020 obtrectans
3399 4965 3504 5019 lin-

1928 5076 2054 5130 gua,
2096 5059 2388 5114 verecundi
2415 5074 2615 5125 mores,
2638 5060 2916 5115 Christum
2950 5061 3171 5116 imitans
3197 5060 3500 5124 humilitas,

1927 5153 2306 5209 mandatorum
2333 5167 2525 5208 amans
2555 5153 2803 5216 dextera.
2831 5169 2985 5208 meus
3014 5153 3198 5208 divina
3231 5161 3499 5216 tractans,

1928 5264 2022 5304 cor
2051 5247 2245 5302 ardens
2275 5247 2398 5317 igne
2435 5245 2721 5300 cbarilatis
2747 5245 2947 5298 Christi
2973 5284 2986 5306 .
3029 5243 3266 5313 denique
3313 5242 3502 5296 ortho-

1929 5343 2099 5395 doxus
2128 5339 2328 5403 cultus,
2362 5348 2416 5392 et
2445 5347 2602 5391 cauta
2637 5337 2906 5392 lizereticaa
2938 5334 3343 5391 communionis
3369 5349 3497 5388 cum

1929 5426 2196 5495 intrepida
2256 5427 2504 5480 libertate
2529 5425 2817 5480 devitatio.
2851 5425 2926 5479 Ac
2969 5425 3168 5479 mirum
3201 5439 3335 5480 sane
3387 5438 3498 5493 quo

1927 5528 2085 5591 pacto
2137 5535 2243 5572 non
2276 5519 2510 5587 seipsam
2570 5519 2752 5582 modo,
2814 5517 2908 5572 sed
2938 5527 2992 5573 et
3046 5527 3117 5580 te,
3159 5517 3399 5581 domina,
3445 5525 3500 5571 et

1928 5621 2170 5666 sanctam
2221 5611 2691 5681 congregationem
2763 5619 2913 5664 tuam
2979 5611 3308 5671 universam,
3365 5609 3494 5663 dum

1928 5714 2271 5774 grassaretur
2307 5704 2631 5774 persecutio,
2691 5704 2838 5759 illius
2891 5713 3167 5774 expertem
3232 5703 3326 5757 Dei
3395 5717 3497 5774 ope

1928 5797 2301 5862 conservarit;
2337 5795 2621 5866 pulchram
2683 5798 2776 5851 lini
2812 5797 3130 5852 coronidem
3183 5796 3490 5864 imponens,

1929 5891 1995 5944 ab
2028 5888 2347 5946 orthodoxis
2392 5885 2636 5945 fontibus
2687 5905 2842 5946 sacra
2902 5889 3257 5961 participans,
3311 5887 3493 5940 animo
