4156 6466
681 379 818 445 1379

1861 385 1923 446 S.
1955 384 2350 449 THEODORI
2391 387 2532 449 STU
2544 388 2740 450 DITi'E

3792 396 3932 458 1380

679 491 885 577 laetanti
911 489 1180 548 excedens
1201 507 1232 548 e
1259 492 1365 548 vita
1396 511 1410 547 :
1447 494 1594 565 quod
1650 493 1915 551 indicium
1948 507 2034 553 est
2073 499 2248 553 maxi-

2363 503 2706 570 ιπιτεύξεως,
2771 501 3012 573 Χριστοῦ
3060 503 3266 573 τυχεῖν,
3336 503 3435 558 καὶ
3495 503 3637 575 μετά
3688 505 3934 577 Χριστοῦ

677 571 856 652 mum,
886 594 1197 654 compotem
1233 584 1430 642 factam
1471 602 1658 643 eorum
1692 603 1813 645 esse
1847 606 1972 660 qua
2001 591 2254 659 optabat,

675 678 899 734 Christo
927 678 1140 734 scilicet
1187 677 1319 742 frui,
1361 691 1416 734 et
1463 694 1588 735 cum
1637 679 1857 737 Cbristo
1888 681 1944 735 in
1989 693 2255 738 aeternum

677 785 822 826 esse.
861 767 952 825 Sic
979 769 1146 842 igitur
1178 771 1398 826 vivebat
1438 771 1618 837 beata,
1651 773 1731 830 sic
1762 786 1816 830 et
1853 790 2042 836 sancte
2076 781 2253 836 obiit:

677 872 845 933 atque
875 863 948 917 ita
989 879 1113 918 esse
1170 864 1446 920 credimus
1480 881 1581 921 nos
1618 879 1952 936 peccatores.
2009 871 2165 928 Nunc
2189 873 2256 929 ad

681 965 736 1011 te
763 957 1130 1012 convertenda
1171 968 1254 1012 est
1283 959 1484 1013 oratio.
1523 959 1756 1016 Domina
1785 979 1928 1029 mea,
1973 967 2104 1036 quid
2153 968 2257 1022 hoc

679 1059 785 1114 est,
816 1050 985 1119 quod,
1015 1050 1120 1106 etsi
1151 1051 1348 1106 acerba
1396 1060 1482 1106 est
1511 1055 1807 1122 separatio,
1867 1058 2044 1113 tulisti
2073 1068 2257 1115 tamen

680 1155 807 1195 cum
850 1142 1148 1211 gratiarum
1181 1143 1421 1208 actione,
1450 1154 1508 1199 ut
1545 1147 1898 1216 audivimus;
1961 1152 2259 1208 vehemen-

681 1244 874 1305 terque
905 1245 955 1290 te
995 1236 1364 1299 laudavimus,
1397 1253 1504 1292 non
1540 1239 1776 1308 ejulatus
1814 1257 1843 1296 a
1874 1243 2083 1299 ratione
2123 1246 2260 1300 alie-

683 1343 784 1384 nos
822 1327 1187 1395 fundentem;
1236 1345 1340 1384 non
1393 1332 1506 1400 spei
1541 1347 1744 1389 vacuas
1795 1335 2258 1404 lamentationes;

682 1421 778 1476 sed
803 1430 863 1474 ut
891 1421 1177 1489 pulchrum
1203 1429 1323 1475 erat
1347 1431 1401 1477 et
1418 1435 1477 1478 ut
1499 1424 1727 1479 decebat
1755 1440 1936 1482 veram
1965 1429 2258 1484 monialem

683 1520 738 1566 et
769 1512 1032 1581 optimam
1082 1514 1422 1582 magistram,
1454 1515 1708 1584 exemplo
1767 1531 1870 1572 suo
1900 1520 2114 1575 animas
2153 1520 2258 1576 sibi

685 1617 717 1656 a
749 1601 984 1657 Domino
1015 1602 1257 1658 creditas
1311 1603 1724 1671 informantein,
1777 1616 1874 1662 aut
1927 1611 2134 1679 potius,
2201 1618 2262 1666 ut

683 1695 929 1764 apertius
951 1695 1157 1763 dicam,
1187 1696 1512 1751 clarissima:
1555 1698 1702 1752 illius
1733 1708 1787 1754 et
1812 1701 2088 1757 unanima:
2122 1717 2259 1758 con-

685 1789 990 1858 spirantem
1043 1789 1210 1844 filiam
1265 1791 1317 1844 in
1379 1792 1631 1858 Domino,
1693 1809 1890 1848 nurum
1950 1795 2004 1848 in
2071 1811 2259 1860 carne,

685 1880 926 1949 aequales
959 1881 1012 1934 in
1069 1883 1466 1952 gubernatione
1510 1883 1732 1938 virtutis
1765 1886 1777 1937 ι
1819 1884 1994 1940 Unam
2021 1887 2168 1941 enim
2205 1888 2260 1942 in

685 1972 906 2026 duobus
927 1974 1254 2042 corporibus
1286 1975 1529 2029 animam
1557 1975 1752 2040 fuisse,
1773 1985 1828 2030 et
1857 1977 2135 2036 laudabile
2155 1988 2260 2046 est,

687 2073 744 2119 et
774 2064 931 2119 vobis
954 2065 1279 2134 gloriosum.

758 2154 877 2212 Non
911 2173 1041 2228 ergo
1070 2161 1288 2228 penitus
1312 2175 1342 2213 a
1386 2170 1460 2221 te.
1491 2160 1734 2226 domina,
1769 2172 2026 2232 separata
2055 2175 2142 2221 est
2166 2166 2266 2221 do-

690 2248 863 2314 mina,
897 2251 990 2304 sed
1024 2250 1091 2303 ad
1133 2251 1410 2304 modicum
1441 2260 1674 2322 tempus,
1703 2253 1878 2310 donec
1918 2257 2166 2312 eamdem
2207 2266 2264 2313 et

691 2355 796 2394 nos
831 2340 973 2394 viam
1027 2341 1370 2398 insistamus.
1407 2341 1778 2415 Praeterquam
1833 2347 1978 2416 quod
2011 2351 2266 2420 spiritua-

693 2433 820 2488 liter
859 2449 1006 2488 nunc
1027 2434 1194 2489 etiam
1225 2437 1397 2502 adest,
1419 2447 1472 2491 et
1504 2452 1599 2492 sua
1633 2439 1727 2493 tibi
1760 2442 1937 2495 studia
1970 2443 2262 2514 impendit:

693 2525 950 2596 quodque
1007 2527 1188 2596 majus
1248 2539 1350 2593 est,
1406 2527 1517 2584 Deo
1572 2531 1826 2600 proprior
1861 2533 2021 2599 facta,
2064 2552 2164 2606 pro
2211 2549 2266 2594 ιο

693 2619 916 2689 tuisque
968 2619 1314 2688 deprecatur.
1343 2620 1501 2686 Quod
1555 2638 1685 2693 ergo
1725 2634 1914 2688 restat,
1963 2643 2030 2682 ne
2085 2629 2267 2685 animo

693 2710 982 2772 concidas,
1011 2724 1260 2774 oramus,
1295 2711 1450 2781 quasi
1483 2712 1715 2781 praeside
1740 2728 1957 2778 carens,
1984 2726 2078 2769 aut
2107 2718 2266 2786 quasi

695 2801 812 2856 sola
838 2800 1111 2855 derelicta.
1155 2799 1333 2856 Habes
1361 2802 1532 2868 illam,
1559 2813 1614 2857 et
1644 2805 1864 2874 praeilla
1894 2803 2067 2861 Deum
2102 2809 2266 2878 cujus

695 2903 826 2948 sunt
866 2895 1090 2960 omnia;
1131 2894 1224 2948 sed
1279 2903 1333 2950 et
1364 2911 1463 2950 nos
1521 2906 1852 2965 peccatores,
1885 2899 2026 2954 sicut
2071 2901 2163 2954 illa
2214 2910 2269 2955 et

695 2994 822 3038 ante
855 2994 1107 3051 mortem,
1143 2995 1198 3040 et
1242 2985 1296 3040 in
1331 2997 1504 3041 morte
1556 2989 1672 3056 ipsa
1709 2991 2026 3057 postulavit,
2078 2992 2264 3059 habes,

2358 593 2802 650 EosaOauioaei.
2859 594 3046 668 Οῦτως
3093 589 3190 647 οὖν
3233 592 3366 648 ἐϐίω
3411 596 3444 666 η
3500 598 3775 666 μακαρία,
3837 603 3936 652 καὶ

2356 686 2531 749 οῦτως
2558 684 2732 753 ἀγίως
2759 683 2938 756 ἀπῆρε
2971 701 2984 714 ·
3008 671 3104 736 καὶ
3129 684 3305 749 οῦτως
3343 685 3671 756 πιστεύομεν
3698 687 3850 756 ἔχειν
3883 689 3936 740 oi

2358 775 2694 848 ἁμαρτωλοί.
2721 776 2926 830 Λοιπὸν
2949 777 3044 830 ἐπὶ
3077 776 3137 830 σέ
3155 779 3183 830 ό
3200 777 3359 846 λόγος
3421 782 3796 848 μετενεκτέος.
3834 781 3938 832 Δέ-

2360 868 2560 924 σποινά
2590 887 2716 940 μου,
2745 869 2797 923 τί
2823 868 3119 936 τοῦτο;⁴ίνα
3145 871 3194 922 εί
3215 870 3311 923 καὶ
3335 869 3532 942 δριμὺς
3569 873 3598 927 δ
3624 872 3935 942 χωρισμὸς,

2359 963 2474 1018 ἀλλ’
2504 964 2653 1032 ὅμως
2682 963 2915 1035 ἐνέγκῃς
2951 962 3315 1032 εὐχαρίστως,
3349 964 3493 1017 καθά
3523 965 3620 1018 καὶ
3679 966 3936 1036 ἀκηκόα-

2361 1069 2486 1124 μεν,
2515 1053 2610 1107 καὶ
2658 1053 3009 1127 ἐπῃνέσαμεν
3038 1070 3098 1106 σε
3128 1056 3268 1108 πάνυ
3297 1070 3311 1084 ⁶
3349 1056 3424 1126 μὴ
3457 1061 3611 1126 προῑε
3621 1056 3797 1126 μένην
3817 1075 3936 1109 κως

2359 1145 2557 1208 κυτοῦς
2605 1145 2858 1213 ἀλόγους,
2902 1145 2996 1198 καὶ
3058 1145 3291 1216 θρήνους
3347 1146 3703 1210 ἀνελπίστους
3734 1162 3750 1176 ·
3795 1149 3938 1201 ἀλλά

2359 1236 2608 1301 δεόντως,
2642 1236 2738 1290 καὶ
2785 1237 2861 1298 ὡς
2882 1234 3099 1306 ἀληθῶς
3160 1236 3521 1309 μοναζοῦσης,
3571 1239 3665 1292 καὶ
3696 1241 3935 1310 ἀρίστης

2360 1326 2704 1392 διδασκάλου,
2737 1327 3124 1400 ὐποτυπούσης
3171 1329 3248 1399 τῷ
3300 1330 3420 1382 καθ’
3483 1331 3686 1402 ἑαυτὴν
3720 1332 3938 1385 ὑποδεί-

2359 1436 2532 1490 γματι
2551 1421 2652 1483 τὰς
2683 1420 3067 1483 πιστευθείσας
3095 1434 3178 1474 σοι
3206 1421 3385 1492 ψυχάς
3415 1423 3520 1476 ὑπὸ
3539 1425 3768 1496 Κυρίου·
3793 1427 3936 1494 μᾶλ-

2360 1511 2451 1564 λον
2482 1512 2562 1577 δέ,
2617 1513 2702 1566 ἴνα
2751 1510 3171 1582 γνωριμώτερον
3213 1514 3374 1578 είπω,
3428 1514 3505 1577 ὡς
3557 1516 3776 1588 ἐκείνης
3833 1517 3936 1586 τῆς

2359 1603 2605 1674 ἀοιδίμου
2659 1602 2936 1675 όμοψύχου
2983 1604 3367 1674 όμογνώμονος
3412 1603 3679 1677 θυγατρὸς
3719 1609 3780 1660 ἐν
3818 1610 3936 1662 Κυ-

2364 1697 2489 1767 ρίῳ,
2545 1697 2763 1767 νύμφης
2793 1697 2852 1749 ἐν
2882 1695 3068 1767 σαρκὶ,
3125 1695 3378 1767 ίσαρέτου
3415 1699 3474 1751 ἐν
3505 1699 3776 1770 πολιτεία.
3825 1702 3937 1754 Καὶ

2361 1790 2470 1859 γὰρ
2509 1791 2607 1861 μία
2634 1789 2783 1860 ψυχὴ
2830 1792 2888 1843 ἐν
2915 1789 3036 1842 δυσὶ
3083 1787 3300 1860 σώμασι
3353 1789 3415 1843 τδ
3462 1791 3585 1845 καθ’
3625 1793 3794 1864 ὑμᾶς,
3837 1794 3937 1848 καὶ

2363 1883 2574 1936 αίνετὸν
2592 1885 2686 1937 καὶ
2712 1881 3131 1954 δεδοξασμένον.

2438 2149 2512 2202 Οὐ
2539 2148 2716 2202 τοίνυν
2740 2150 2816 2211 et;
2836 2149 2983 2203 ἀπαν
3005 2148 3278 2221 ἐχωρίσθη
3323 2165 3443 2213 σου,
3474 2147 3668 2218 κυρία,
3717 2149 3886 2220 κυρία
3916 2167 3932 2182 ·

2362 2241 2501 2296 ἀλλά
2523 2243 2658 2314 πρὸς
2678 2242 2896 2314 μικρὸν,
2917 2242 3022 2306 ἕως
3050 2243 3118 2296 ἂν
3143 2243 3239 2296 καὶ
3263 2244 3426 2312 ἡμεῖς
3454 2243 3556 2313 τὴν
3585 2242 3758 2312 αὐτὴν
3790 2243 3937 2296 ὁδεῦ-

2367 2350 2552 2402 σωμεν
2582 2333 2736 2387 ὀδόν⁸
2786 2333 2926 2404 πλὴν
2975 2334 3056 2387 ὅτι
3103 2336 3199 2388 καὶ
3247 2335 3633 2405 πνευματικῶς
3685 2337 3782 2390 καὶ
3812 2338 3937 2408 ἄρτι

2363 2427 2594 2496 πάρεστι
2619 2426 2715 2478 καὶ
2741 2425 3014 2495 συμφέρει
3047 2442 3128 2480 σοι
3166 2427 3238 2480 τὰ
3271 2427 3664 2495 σπουδάσματα
3687 2444 3702 2458 ·
3735 2430 3834 2482 καὶ
3877 2429 3939 2481 τὸ

2368 2515 2578 2587 μεῖζον,
2613 2517 2808 2570 ὃτικαὶ
2840 2517 3120 2586 ἐγγυτέρω
3158 2516 3425 2588 γενομένη
3466 2518 3626 2583 Θεοῦ,
3661 2518 3940 2572 ἀντιϐολεῖ

2363 2610 2433 2664 τά
2463 2611 2593 2682 περὶ
2628 2608 2724 2663 σοῦ
2754 2608 2848 2662 καὶ
2883 2607 2993 2660 τῶν
3017 2609 3127 2661 σῶν
3188 2611 3280 2681 Μὴ
3304 2611 3370 2682 δὴ
3396 2607 3494 2665 οῦν
3531 2611 3718 2665 λοιπὸν
3769 2630 3942 2668 κατα-

2367 2701 2574 2764 πέσοις,
2606 2699 3058 2772 παρακαλοῦμεν,
3084 2699 3160 2763 ὡς
3179 2701 3642 2772 ἀπροστάτευτος,
3677 2705 3816 2773 μηδέ
3865 2706 3942 2768 ῶς

2371 2807 2437 2860 με
2447 2792 2756 2863 μονωμένη.
2799 2792 2986 2864 Ἐχεις
3010 2792 3182 2864 αὐτὴν
3211 2794 3306 2846 καὶ
3331 2794 3438 2864 πρὸ
3463 2793 3636 2864 αὐτῆς
3670 2795 3764 2848 τὸν
3785 2794 3938 2857 Θεὸν.

2366 2877 2430 2936 οῦ
2455 2882 2524 2936 τὰ
2550 2883 2727 2935 πάντα
2749 2899 2762 2911 ο
2791 2885 2841 2936 εί
2866 2885 2923 2936 δέ
2939 2886 3213 2956 καηημᾶς
3237 2886 3362 2949 τοὺς
3386 2885 3769 2956 ἁμαρτωλοὺς,
3799 2887 3943 2939 κατά

2365 2974 2465 3046 τὴν
2509 2975 2725 3044 ἐκείνης
2765 2976 2862 3027 καὶ
2891 2977 2998 3045 πρὸ
3044 2978 3305 3041 Θανάτου,
3342 2979 3438 3030 καὶ
3465 2981 3522 3031 ἐν
3553 2979 3629 3049 τῷ
3671 2981 3940 3032 ἀποπνεῖν

696 3076 743 3132 si
771 3075 900 3144 quid
933 3077 1194 3144 prodesse
1217 3088 1382 3146 queat
1412 3077 1577 3131 homo
1612 3092 1883 3146 peccator.
1929 3078 2053 3135 Haec
2078 3090 2261 3136 nostra

2367 3071 2605 3139 αἴτησιν,
2648 3069 2793 3140 ἔχεις
2814 3087 2828 3101 ·
2854 3070 3013 3142 εἰπερ
3036 3089 3088 3124 τι
3136 3074 3228 3126 καὶ
3259 3073 3557 3125 λυσιτελεῖν
3586 3073 3805 3126 δύναιτο
3846 3073 3939 3126 ἇν-

697 3175 784 3220 est
843 3163 1088 3220 funebris
1119 3167 1399 3222 allocutio.
1427 3165 1508 3221 Tu
1565 3183 1714 3232 vero,
1752 3183 1786 3222 ο
1844 3168 1998 3223 beata
2037 3173 2261 3237 anima;

2371 3161 2588 3232 θρωπος
2623 3162 2966 3232 ἁμαρτωλός.
3000 3163 3151 3236 Λῦτη
3189 3165 3350 3235 ἡμῶν
3389 3165 3422 3234 ἡ
3451 3165 3736 3232 ἐπιτάφιος
3770 3180 3943 3235 προσ-

697 3256 767 3310 ad
787 3257 927 3310 lianc
948 3256 1095 3310 enim
1123 3257 1299 3310 oratio
1323 3258 1722 3322 convertenda;
1747 3274 1813 3312 ne
1839 3273 1867 3312 a
1897 3257 2054 3313 nobis
2071 3274 2261 3326 poscas

2372 3255 2636 3324 φώνησις.
2684 3256 2756 3308 Σὺ
2781 3255 2862 3320 δέ,
2893 3250 2938 3308 ὦ
2969 3256 3219 3327 μακαρία
3246 3255 3394 3326 ψυχὴ
3430 3254 3588 3324 (πρὸς
3617 3255 3790 3323 αὐτὴν
3813 3255 3943 3327 ⁸ατὰρ

697 3357 761 3404 ιιι
789 3348 934 3404 Deus
967 3350 1061 3404 tibi
1110 3365 1205 3419 per
1260 3367 1361 3404 nos
1396 3350 1468 3404 sit
1508 3351 1778 3419 prOpitius
1826 3369 1840 3404 :
1876 3352 1971 3406 sed
2014 3360 2070 3406 tu
2115 3353 2261 3406 illum

2374 3346 2810 3418 ἐπιστρεπτέον),
2846 3345 2920 3416 μὴ
2966 3347 3103 3417 πρὸς
3146 3346 3308 3417 ἡμῶν
3355 3345 3509 3402 αίτοῦ
3564 3345 3654 3398 τὸν
3689 3343 3827 3397 Θεόν
3865 3345 3944 3396 σοι

697 3443 860 3497 nobis
891 3443 1120 3498 concilia
1147 3441 1630 3511 deprecationibus
1660 3461 1673 3496 :
1710 3443 1811 3498 hoc
1840 3445 1986 3499 enim
2023 3454 2075 3499 te
2106 3459 2261 3514 posse

2378 3439 2507 3492 ἳλεω
2537 3438 2811 3507 γενέσθαι.
2870 3437 3008 3492 Ἀλλ’
3060 3438 3200 3508 αὑτὴ
3231 3439 3392 3491 αὑτὸν
3441 3439 3574 3508 ἡμῖν
3607 3435 3949 3502 κατάλλαξον

698 3535 1028 3590 conﬁdimus
1062 3552 1076 3588 :
1110 3550 1284 3604 neque
1325 3545 1384 3588 ut
1414 3533 1694 3605 adjutores
1730 3551 1830 3591 nos
1867 3537 2061 3592 habeat
2090 3539 2261 3592 domi-

2381 3534 2502 3594 ταῖς
2527 3532 2846 3601 πρεσϐείαις
2869 3549 2883 3563 ο
2917 3530 3232 3604 θαρροῦμεν
3258 3531 3367 3601 γὰρ
3391 3531 3549 3584 τοῦτο
3599 3530 3811 3600 ίσχύειν
3851 3547 3907 3582 σε
3929 3544 3944 3559 ·

700 3639 792 3691 na,
821 3640 998 3688 soror,
1051 3634 1244 3688 mater,
1297 3623 1405 3679 lilia
1437 3635 1570 3692 tua;
1604 3627 1696 3680 sed
1750 3626 1978 3695 teipsam
2020 3627 2261 3697 impende

2383 3624 2518 3695 μηδὲ
2543 3625 2686 3694 ὑμᾶς
2712 3623 3043 3695 ἐπικούρους
3073 3623 3218 3693 ἔχειν
3261 3623 3362 3693 τὴν
3401 3623 3598 3693 κυρίαν
3633 3623 3944 3692 ἀδελφομη-

701 3719 862 3774 etilli
898 3729 951 3774 et
985 3719 1143 3773 nobis
1173 3727 1226 3771 et
1263 3717 1506 3772 universi
1552 3718 1700 3790 gregi
1750 3729 1866 3784 tuo,
1926 3719 1984 3772 in
2017 3717 2261 3785 Domino,

2376 3717 2665 3781 τρότεκνόν
2694 3733 2809 3770 σου.
2845 3715 3008 3769 Ἀλλά
3047 3717 3254 3786 σαυτὴν
3275 3715 3486 3786 πάρεχε
3526 3715 3620 3767 καὶ
3654 3715 3821 3783 αὐτῇ,
3857 3714 3950 3767 καὶ

701 3815 788 3870 cui
823 3813 996 3886 gloria
1031 3815 1084 3868 in
1107 3812 1329 3868 saecula.
1368 3813 1564 3866 Amen.

2377 3809 2532 3879 ἡμῖν,
2553 3809 2646 3861 καὶ
2673 3807 2768 3878 ὅλη
2802 3810 2866 3878 τῇ
2891 3807 3099 3881 ποίμνῃ
3133 3823 3228 3860 σου
3255 3807 3314 3860 ἐν
3345 3807 3554 3878 Κυρίῳ·
3587 3799 3632 3875 ᾧ
3653 3807 3688 3876 ὴ
3719 3806 3851 3870 δόξα
3874 3807 3951 3868 είς

2378 3901 2506 3964 τοὺς
2541 3900 2764 3962 αίῶνας.
2796 3901 2854 3954 ’Δ
2863 3901 2992 3969 μήν.

1076 4014 1263 4072 CXIV.
1294 4045 1366 4056 —
1399 4014 1621 4069 Iuliano
1649 4016 1906 4070 vestitori.

2566 4014 2710 4070 PIA'.
2741 4014 2876 4086 (10).
2896 4043 2965 4054 —-
2996 4013 3304 4080 Ἰουλιαγῷ
3322 4013 3669 4082 βεστήτορι.
3746 3997 3950 4084 [χμς’.ἶ

1904 4127 2042 4178 Varia
2069 4141 2257 4179 morum
2278 4127 2572 4180 documenta
2595 4126 2762 4177 tradit.

775 4239 1228 4310 Quandoquidem
1277 4252 1375 4309 per
1409 4236 1630 4292 fratrem
1673 4251 1772 4292 nos
1809 4239 2088 4301 salutasti,
2123 4255 2261 4309 prae-

2466 4238 2685 4309 Ἐπειδὴ
2729 4237 3182 4310 προσηγόρευσας
3228 4237 3376 4309 ἡμᾶς
3435 4236 3523 4292 διὰ
3563 4234 3658 4290 τοῦ
3697 4235 3950 4306 ἀδελφοῦ,

706 4334 851 4390 clare
880 4332 1066 4395 frater.
1103 4346 1320 4400 aequum
1375 4330 1504 4385 duxi
1542 4331 1773 4385 salutem
1807 4331 1902 4385 tibi
1935 4347 2031 4400 per
2062 4332 2261 4386 littera:

2380 4332 2577 4400 ἀδελφέ
2605 4330 2761 4394 καλέ,
2783 4331 2948 4384 καλὸν
2979 4331 3276 4402 ἡγησάμην
3301 4330 3388 4384 διὰ
3437 4329 3769 4402 γράμματος
3807 4333 3952 4384 ἀντι-

707 4425 937 4481 reddere
967 4442 982 4478 :
1016 4438 1079 4478 ea
1119 4439 1176 4477 re
1203 4423 1500 4478 ostendens
1526 4422 1750 4476 charam
1774 4423 1908 4478 mihi
1939 4439 2062 4479 esse
2093 4426 2261 4479 excoli

2381 4419 2828 4492 προσαγορεῦσαί
2853 4437 2912 4472 σε
2933 4435 2945 4449 ο
2977 4419 3240 4474 δεικνύων
3257 4417 3527 4482 ἐντεῦθεν,
3556 4419 3630 4482 ῶς
3653 4419 3954 4488 ἀγαπητῶς

708 4510 934 4571 ientiam
973 4525 1162 4581 tuam;
1193 4528 1370 4585 neque
1424 4514 1528 4570 hoc
1567 4515 1769 4577 solum.
1828 4515 1922 4570 sed
1978 4517 2261 4571 sollicitum

2381 4513 2492 4584 Exn)
2509 4515 2636 4585 περὶ
2651 4514 2749 4584 τὴν
2778 4513 3076 4584 τιμιότητά
3107 4530 3201 4566 σου
3222 4528 3238 4543 ·
3272 4513 3333 4566 σὺ
3370 4511 3532 4582 μόνον
3573 4512 3653 4574 δέ,
3683 4513 3823 4566 ἀλλά
3867 4514 3954 4566 καὶ

710 4624 796 4663 me
820 4622 941 4662 esse
986 4616 1044 4660 ut
1077 4606 1263 4662 salvus
1289 4604 1491 4660 evadas
1524 4620 1554 4659 a
1586 4605 1789 4659 diaboli
1826 4607 2224 4662 tentationibus
2255 4625 2261 4673 ;

2387 4605 2804 4677 μεριμνητικῶς
2843 4608 2922 4668 είς
2963 4605 3027 4659 τδ
3073 4604 3344 4669 σώζεσθαι
3377 4605 3546 4675 αὐτὴν
3571 4605 3680 4657 ἀπὸ
3707 4604 3820 4657 τῶν
3865 4605 3952 4658 τοῦ

711 4700 822 4756 scis
845 4699 1012 4764 enim,
1055 4697 1248 4761 amice,
1292 4696 1530 4751 circuire
1563 4696 1715 4750 illum
1765 4712 1980 4767 semper
2015 4707 2257 4768 tanquan

2379 4668 2628 4753 δια-δόλου
2663 4699 3073 4770 πειρατηρίωνο
3126 4668 3233 4751 ίσθι
3266 4698 3397 4769 γὰρ,
3443 4668 3721 4768 ἀγαπητὴ
3768 4699 3854 4752 ὅτι
3886 4700 3956 4762 ὡς

710 4793 948 4857 leonem,
983 4801 1037 4845 et
1059 4805 1300 4860 quaerere
1325 4805 1485 4858 quem
1509 4789 1817 4844 devoret".
1860 4792 2041 4857 Quare
2065 4793 2261 4848 attendi

2384 4790 2522 4844 λέων
2552 4791 2641 4844 ἀεὶ⁵
2663 4791 3020 4861 περιέρχεται
3044 4790 3226 4862 ζητῶν
3247 4792 3370 4844 τίνα
3399 4792 3666 4862 καταπίῃ.
3703 4792 3837 4860 Ἔχε
3869 4787 3954 4844 οῦν

711 4884 1020 4955 diligenter,
1065 4891 1120 4938 et
1145 4883 1458 4952 pactionum
1491 4882 1801 4936 recordare.
1827 4883 2103 4954 Scriptum
2135 4895 2221 4940 est
2257 4905 2261 4940 :

2386 4883 2797 4952 προσεκτικῶς⁶
2825 4881 3074 4954 μέμνησο
3096 4883 3206 4936 τῶν
3242 4883 3552 4952 συνθηκῶν.
3590 4883 3909 4954 Γέγραπται
3939 4898 3952 4911 ·

715 4976 1004 5031 Peccasti?
1033 4990 1135 5027 non
1182 4973 1413 5042 adjicias
1448 4973 1640 5026 iterum
1670 4991 1683 5026 :
1733 4975 1822 5028 sed
1871 4985 1922 5028 et
1949 4976 2012 5028 de
2040 4976 2282 5044 pristinis

712 5071 992 5138 deprecare
1013 5069 1077 5122 ".
1117 5066 1181 5120 Et
1207 5082 1424 5121 rursum
1463 5067 1726 5122 Dominus
1755 5067 1833 5122 ait
1861 5085 1875 5122 :
1914 5068 2134 5123 Omnem
2165 5064 2261 5137 pall

2384 5082 2502 5120 σου
2527 5064 2792 5134 δεήθητι.
2826 5068 2934 5120 Καὶ
2959 5068 3120 5121 πάλιν
3143 5069 3171 5122 δ
3196 5068 3401 5138 Κύριος
3423 5067 3573 5136 λέγει
3601 5083 3616 5097 ⁸
3647 5066 3778 5121 Πᾶν·
3809 5066 3956 5134 κλῆ-

715 5163 895 5214 mitem
929 5176 1031 5213 non
1051 5159 1298 5228 ferentem
1323 5159 1576 5228 fructum,
1613 5159 1750 5214 tollit
1775 5176 1892 5213 eum
1924 5159 2087 5214 Pater
2116 5178 2259 5215 meus

2380 5176 2468 5230 μα
2487 5160 2574 5232 μὴ
2612 5157 2796 5229 φέρον
2824 5161 3076 5228 καρπὸν,
3103 5161 3256 5229 αἴρει
3311 5160 3459 5215 αὐτὸ
3512 5163 3545 5214 ό
3577 5159 3805 5226 Πατὴρ,
3865 5159 3954 5211 καί

714 5266 763 5308 et
795 5256 1038 5325 inignem
1071 5252 1254 5318 mittit,
1285 5262 1335 5306 et
1356 5253 1507 5306 ardet
1535 5252 1605 5307 ".
1644 5251 2090 5308 Reformidemus
2116 5254 2261 5325 igitu;

2385 5255 2470 5318 είς
2525 5251 2645 5321 πῦρ
2723 5252 3041 5316 βάλλεται,
3097 5253 3194 5305 καὶ
3218 5253 3464 5307 καίεται.
3513 5251 3846 5321 Φοόηθῶμεν
3875 5247 3958 5304 οῦν

717 5345 1053 5416 exemplum,
1092 5360 1188 5415 pro
1217 5343 1510 5397 animabus
1543 5344 1747 5397 nostris
1769 5343 2136 5410 decertemus,
2174 5343 2261 5413 pri

2385 5343 2447 5397 τὸ
2467 5343 2770 5415 ὑπόδειγμα
2805 5360 2818 5373 ·
2857 5343 3258 5413 ἀγωνισώμεθα
3289 5345 3428 5415 ὑπὲρ
3446 5344 3553 5397 τῶν
3577 5344 3766 5414 ψυχῶν
3786 5344 3955 5412 ἡμῶν,

723 5453 956 5508 usquam
985 5438 1148 5492 instet
1171 5436 1306 5490 bora
1335 5436 1531 5491 mortis
1558 5453 1572 5491 :
1608 5450 1677 5491 ne
1707 5435 1854 5491 velut
1879 5435 2208 5493 infructuosi
2231 5449 2261 5491 e

2385 5437 2518 5505 πρὶν
2551 5435 2584 5507 ἢ
2615 5437 2904 5509 ἐπιστῆναι
2937 5437 3034 5510 τὴν
3064 5437 3213 5509 ῶραν
3238 5437 3334 5492 τοῦ
3399 5437 3635 5492 θανάτου
3657 5453 3669 5466 ⁸
3707 5437 3787 5508 μὴ
3814 5439 3958 5490 ἐκκο-

2390 4974 2714 5043 Ἦμαρτεω
2735 4975 2821 5044 μὴ
2852 4975 3124 5044 προσθῇς
3149 4993 3164 5008 ·
3198 4975 3296 5030 καί
3329 4976 3461 5044 περί
3512 4973 3632 5029 τῶν
3660 4977 3956 5042 προτέρων

791 5587 1055 5645 ⁸³1Ροιτ.
1087 5606 1140 5656 ν,
1163 5591 1216 5647 8.
1294 5591 1338 5623 ³⁸
1373 5589 1542 5648 Eccli.
1573 5607 1690 5661 ut,
1715 5594 1766 5648 l.
1847 5594 1892 5627 ³⁸
1921 5591 2084 5653 Joan.
2118 5610 2210 5659 xv,
2234 5591 2290 5646 9..

2209 5709 2432 5766 NOTAE.

800 5828 913 5896 (l0)
938 5825 992 5882 In
1017 5826 1132 5883 cod.
1160 5827 1290 5896 Reg.
1321 5833 1464 5898 ρκη⁹.
