4156 6544
203 462 344 529 1381

1402 465 1939 528 EPISTOLARUM
1976 467 2122 529 LIB.
2194 470 2274 530 Il.

3331 469 3470 534 1382

204 578 441 647 φθῶμεν
469 576 544 640 ὡς
566 575 813 649 ἄκαρποι
853 578 949 634 καὶ
997 578 1422 650 ἀτελεσφὸρητοι
1448 581 1552 644 τῆς
1583 580 1791 651 ἀγαθῆς

1911 584 2120 639 ηηιιιίιοε
2148 582 2541 640 abscindamur
2562 598 2592 638 a
2610 582 2752 638 bona
2781 583 2907 648 vite,
2932 597 3054 654 quae
3081 591 3163 638 est
3190 583 3466 638 Christus.

204 667 482 737 ἀμπέλου,
517 668 638 738 ἥτις
689 668 838 723 ἐστὶν
885 671 914 722 ὁ
947 670 1204 740 Χριστός.
1233 671 1337 724 Διὰ
1367 670 1545 724 τοῦτο
1575 667 1788 741 ἦλθον,

208 761 380 831 φησὶν
405 762 434 813 δ
465 759 689 831 Κύριος,
714 762 826 829 οὐχ
849 761 951 814 ἵνα
996 761 1179 829 κρίνω
1220 762 1328 816 τὸν
1364 765 1616 830 κόσμον,
1653 764 1792 818 ἀλλ’

208 843 316 904 ἵνα
337 850 536 904 σώσω.
575 850 686 904 Καὶ
724 851 886 905 πάλιν
934 851 1126 920 λέγει⁸
1177 852 1248 906 Εἰ
1293 854 1378 923 μὴ
1430 850 1640 924 ἦλθον,
1696 853 1795 908 καί

207 942 496 1011 ἐλάλησα
527 943 755 1009 αὐτοῖς,
818 944 1112 1014 ἁμαρτίαν
1147 948 1259 1000 οὐκ
1286 943 1455 1014 εἶχον
1491 962 1505 975 ·
1542 947 1684 1002 ’νῦν
1729 946 1797 999 δὲ

211 1036 522 1101 πρόφασιν
541 1035 652 1086 οὐκ
687 1033 903 1102 ἔχουσι
929 1035 1061 1103 περί
1093 1034 1204 1102 τῆς
1250 1037 1541 1105 ἁμαρτίας
1573 1036 1792 1092 αὐτῶν.

214 1126 330 1177 Καὶ
357 1124 538 1178 πάλινο
583 1125 645 1178 '0
673 1127 858 1196 λόγος
891 1128 963 1180 ὃν
985 1128 1267 1196 ἐλάλησα
1287 1170 1302 1193 ,
1343 1129 1574 1196 ἐκεῖνος
1611 1129 1804 1198 κρινεῖ

213 1216 404 1269 αὑτὸν
417 1216 488 1269 ἐν
514 1216 587 1285 τῇ
609 1217 840 1287 ἐσχάτῃ
864 1219 1076 1289 ἡμέρᾳ.
1104 1222 1268 1291 Ἤδη,
1292 1223 1564 1293 ἁγαπητὲ,
1585 1223 1614 1274 ὁ
1635 1222 1796 1286 καλὸς

214 1309 353 1374 Θεὸς
378 1310 536 1382 ἡμῶν
558 1314 737 1368 πάντα
767 1312 838 1367 τά
867 1315 947 1377 εἰς
981 1317 1130 1385 ἡμᾶς
1168 1316 1487 1389 ἐπλήρωσεν
1512 1333 1526 1348 ο
1573 1318 1667 1371 ἐπὶ
1693 1317 1796 1386 γῆς

215 1401 401 1473 ὤφθη,
439 1402 666 1458 δούλου
700 1405 949 1474 μορφὴν
976 1406 1296 1472 ἀνέλαϐεν,
1353 1408 1622 1474 ὑπήκοος
1671 1407 1798 1476 ἑτέ-

216 1509 357 1548 νετο
385 1493 562 1564 μέχρι
609 1496 890 1562 θανάτου,
924 1497 1183 1551 θανάτου
1239 1498 1307 1551 δὲ
1363 1500 1652 1567 σταυροῦ.
1689 1499 1799 1552 Καὶ

217 1585 394 1641 ταῦτα
439 1588 644 1657 Κύριος
685 1586 761 1641 ῶν
796 1589 897 1660 τῆς
931 1590 1111 1662 δόξης,
1143 1593 1239 1644 καὶ
1281 1591 1351 1645 τὰ
1400 1592 1583 1646 πάντα
1615 1593 1799 1664 φέρων

218 1677 300 1745 τῷ
336 1679 542 1749 ῥήματι
593 1680 697 1751 τῆς
751 1681 1036 1752 δυνάμεως
1078 1682 1245 1737 αὑτοῦ
1285 1701 1300 1716 ο
1361 1683 1800 1754 ἀνακαλούμενος

218 1771 371 1840 ἡμᾶς
399 1771 506 1824 ἀπὸ
543 1772 644 1843 τῆς
673 1774 1041 1846 ἐγγενομένης
1071 1778 1204 1848 ἡμῖν
1228 1775 1318 1829 διὰ
1354 1775 1448 1829 τοῦ
1476 1779 1802 1847 πρωτοπλάκ

221 1879 350 1917 στου
385 1864 627 1936 φθορᾶς⁸
673 1867 770 1920 καὶ
817 1867 878 1920 οὐ
928 1868 1111 1937 μόνον,
1153 1866 1288 1920 ἀλλά
1317 1867 1428 1938 γὰρ
1457 1868 1554 1921 καὶ
1590 1867 1799 1933 θεὼσας

221 1955 372 2026 ἡμᾶς
401 1956 490 2010 διὰ
519 1958 620 2027 τῆς
642 1959 808 2027 ἁγίας
841 1936 1008 2014 αὑτοῦ
1064 1961 1302 2031 σαρκόςο
1352 1936 1412 2015 οὗ
1445 1962 1541 2014 καὶ
1579 1962 1799 2031 ἀδελφοὶ
1831 1936 1871 1991 Β

221 2049 509 2122 ήξιὼμεθα
536 2051 839 2117 καλεῖσθαι,
871 2053 966 2107 καὶ
983 2052 1285 2122 σύσσωμοι,
1317 2054 1411 2106 καὶ
1448 2053 1802 2125 συμμέτοχοι,

224 2143 319 2195 καὶ
348 2143 802 2216 συγκληρονόμοι.
836 2148 929 2199 Δεῖ
958 2141 1052 2199 οὖν
1080 2147 1229 2217 ἡμᾶς
1263 2147 1410 2218 πάσῃ
1457 2146 1672 2216 φυλακῇ
1709 2166 1803 2217 φυ-

223 2229 441 2289 λάττειν
469 2236 717 2301 ἑαυτούς.
774 2237 864 2292 Ἐν
906 2238 1057 2310 μέσῳ
1116 2238 1362 2306 παγίδων
1397 2237 1697 2302 διαδαίνεις
1746 2239 1804 2292 ἐν

224 2328 291 2396 τῇ
341 2328 493 2380 πόλει
524 2327 890 2402 διερχόμενος·
924 2330 1026 2400 δρα
1081 2329 1156 2401 μὴ
1203 2333 1478 2401 ὲμπαρῇς.
1531 2331 1620 2382 Ἐν
1653 2330 1803 2400 φόϐῳ

227 2414 436 2489 κυρίου
467 2421 499 2491 ἡ
523 2422 843 2494 ἀναστροφή
877 2440 970 2476 σου
988 2422 1128 2476 ἔστω
1150 2423 1290 2492 μετά
1311 2423 1522 2495 ἀνδρῶν
1548 2422 1770 2490 ἀγαθῶν
1791 2440 1804 2453 °

227 2509 398 2580 φεῦγε
432 2514 557 2576 τοὺς
587 2514 920 2582 ἀφυλάκτως
953 2515 1161 2579 ζῶντας
1193 2530 1206 2545 ’
1241 2514 1411 2583 φεῦγε
1456 2514 1684 2583 παίγνια
1707 2515 1806 2567 καὶ

224 2603 604 2675 γελοιάσματα
639 2609 976 2677 νεωτερικάο
1021 2607 1191 2678 φεῦγε
1227 2607 1542 2680 κραιπάλας
1577 2608 1670 2661 καὶ
1705 2624 1806 2660 πο-

222 2693 489 2760 λυποσίας
525 2697 887 2769 φθοροποιούς
933 2698 1062 2755 Πᾶν
1085 2699 1254 2769 ῥῆμα
1295 2699 1536 2767 σαπρὸν
1589 2700 1656 2752 ἐκ
1699 2699 1806 2754 τοῦ

222 2789 523 2858 στόματός
550 2807 668 2846 σου
693 2793 781 2862 μὴ
804 2792 1220 2863 ἐκπορευέσθω
1243 2809 1258 2824 ·
1290 2791 1428 2848 ἀλλ’
1456 2793 1512 2846 εί
1541 2811 1596 2846 τι
1617 2792 1806 2846 καλὸν

223 2884 316 2949 εις
388 2884 716 2954 οἰκοδομὴν
776 2885 897 2940 τῶν
959 2887 1327 2940 ἀκουόντων.
1393 2885 1485 2954 Μὴ
1551 2884 1807 2955 φρόντιζε

225 2973 481 3028 πλουτεῖν
514 2993 528 3006 ·
563 2978 644 3030 ὅτι
674 2978 884 3048 γυμνὸς
913 2977 1163 3049 εἰσῆλθες
1194 2980 1273 3042 εἰς
1299 2976 1390 3030 τὸν
1417 2976 1624 3044 κόσμον
1676 2976 1806 3030 τοῦ·

225 3078 340 3132 τον,
374 3067 581 3137 γυμνὸς
601 3070 695 3121 καὶ
719 3059 1025 3142 ἀπελεύσῃ.
1054 3068 1146 3140 Μὴ
1182 3070 1373 3136 ἀγάπα
1397 3069 1495 3138 τὴν
1531 3068 1688 3134 δόξαν
1711 3068 1808 3122 τοῦ

227 3158 437 3228 κόσμου
497 3159 723 3212 τούτου’
784 3161 868 3214 ὃτι
905 3161 981 3224 ὡς
1028 3160 1234 3224 καπνὸς
1289 3160 1651 3231 παρέρχεται.
1712 3161 1808 3212 Ἐν

1897 675 2189 746 Propterea
2214 678 2349 739 veni,
2380 679 2458 731 ait
2494 677 2782 743 Dominus,
2810 694 2913 730 non
2937 682 2995 730 ut
3031 677 3272 746 judicent
3310 692 3470 728 mun-

1895 771 2046 837 dum,
2079 787 2168 824 sea
2212 779 2270 823 ut
2296 771 2582 839 salvi/ieeur
2607 770 2672 824 ".
2702 770 2766 824 Et
2808 770 3005 826 iterum
3048 770 3213 824 dicit:
3251 767 3312 823 Si
3368 784 3471 821 non

1896 865 2170 929 venissem,
2196 873 2244 917 et
2273 863 2480 917 locutus
2513 865 2732 933 fuissem
2758 864 2854 926 eis,
2881 871 3152 931 peccatum
3181 879 3284 915 non
3313 860 3473 914 habe-

1897 966 2010 1008 rent
2042 969 2062 1009 .'
2091 972 2228 1008 nunc
2253 966 2424 1009 autem
2454 957 2848 1010 excusationem
2879 972 2983 1008 non
3028 955 3220 1008 habent
3244 954 3308 1007 de
3349 969 3473 1022 pec-

1897 1057 2017 1102 cato
2046 1063 2141 1101 suo
2171 1047 2237 1101 ³⁷.
2269 1047 2336 1101 Et
2360 1047 2556 1102 iterum
2585 1065 2599 1101 :
2629 1046 2812 1102 Sermo
2857 1064 3010 1117 quem
3067 1047 3274 1100 locutus
3327 1061 3468 1110 sum,

1897 1139 1988 1192 ille
2007 1137 2274 1209 judicabit
2302 1154 2418 1193 eum
2459 1139 2516 1191 in
2570 1139 2861 1192 novissimo
2886 1139 2970 1191 die
2996 1138 3062 1191 ³⁸.
3095 1136 3328 1205 Jamque
3356 1136 3472 1203 ipse

1897 1246 2026 1302 erga
2049 1247 2150 1287 nos
2175 1232 2378 1296 omnia,
2405 1231 2624 1297 dilecte,
2655 1233 2832 1286 bonus
2893 1229 3033 1284 Dens
3068 1238 3255 1282 noster
3285 1228 3473 1296 exple-

1900 1325 1997 1379 vit.
2035 1321 2093 1377 In
2126 1332 2271 1377 terra
2295 1323 2443 1378 visus
2468 1332 2573 1388 est,
2607 1322 2833 1390 formam
2859 1321 2994 1374 servi
3043 1320 3265 1389 accepit,
3298 1319 3473 1389 factus

1899 1426 1976 1471 est
2000 1415 2244 1470 obediens
2275 1432 2436 1486 usque
2465 1413 2534 1467 ad
2582 1426 2825 1477 mortem,
2874 1421 3094 1466 mortem
3138 1422 3316 1465 autem
3351 1428 3477 1464 cru-

1900 1513 1976 1564 cis
2001 1510 2071 1564 ".
2117 1509 2292 1578 Atque
2323 1508 2436 1561 haec
2466 1522 2589 1562 cum
2626 1515 2771 1561 esset
2799 1505 2987 1576 gloriae
3025 1503 3318 1568 Dominus,
3346 1520 3476 1572 por-

1901 1612 2132 1672 tansque
2163 1601 2347 1655 omnia
2381 1600 2549 1654 verbo
2577 1599 2794 1652 virtutis
2830 1613 2944 1653 sua:
2966 1596 3050 1651 ‘°:
3083 1611 3348 1650 revocans
3374 1610 3477 1650 nos

1902 1696 1970 1749 ab
2023 1695 2184 1749 insita
2245 1691 2404 1746 nobis
2442 1706 2537 1760 per
2608 1689 3006 1759 protnplastum
3081 1688 3474 1755 corruptione;

1903 1803 2078 1856 neque
2112 1785 2163 1840 id
2205 1793 2440 1842 tantum.
2475 1782 2570 1836 sed
2604 1794 2702 1851 per
2725 1791 2969 1835 sanetam
3000 1795 3221 1849 quoque
3250 1795 3474 1833 carnem

1905 1894 2060 1934 suam
2114 1893 2212 1932 nos
2249 1874 2551 1930 deilicans:
2586 1873 2747 1941 cujus
2817 1881 2874 1926 et
2956 1871 3151 1926 fratres
3215 1869 3476 1940 appellari

1905 1972 2227 2036 meruimus,
2275 1977 2330 2023 et
2353 1967 2732 2037 concorporei,
2792 1975 2848 2021 et
2878 1974 3188 2028 consortes,
3223 1971 3277 2018 et
3298 1964 3479 2019 cohae-

1903 2063 2084 2117 redes.
2116 2059 2385 2115 Convenit
2408 2073 2538 2127 ergo
2575 2067 2634 2112 ut
2672 2056 2822 2111 omni
2858 2057 3110 2112 custodia
3169 2069 3268 2109 nos
3297 2065 3480 2109 custo-

1905 2154 2144 2208 diamus.
2199 2152 2257 2204 In
2297 2151 2478 2206 medio
2511 2151 2834 2221 laqueorum
2893 2149 3197 2216 ingrederis
3224 2162 3321 2218 per
3345 2146 3481 2201 civi-

1907 2253 2071 2299 tatem
2109 2244 2424 2309 ambulans,
2477 2244 2603 2298 vide
2639 2258 2707 2298 ne
2744 2243 2820 2298 sis
2845 2243 3134 2298 remissus.
3181 2241 3239 2296 In
3284 2241 3481 2295 timore

1907 2337 2122 2390 Domini
2152 2337 2223 2392 sit
2265 2337 2613 2391 conversatio
2645 2345 2736 2391 tua
2768 2352 2891 2391 cum
2941 2336 3076 2390 viris
3106 2336 3300 2391 bonis:
3345 2335 3474 2406 fuge

1907 2429 2032 2484 illos
2063 2429 2156 2498 qui
2191 2431 2310 2484 sine
2337 2430 2596 2483 cautione
2619 2429 2808 2482 vivunt
2840 2448 2852 2483 :
2890 2426 3012 2498 fuge
3043 2428 3199 2483 ludos
3226 2427 3483 2497 risusque

1903 2524 2175 2595 juveniles
2209 2541 2222 2576 :
2253 2522 2378 2591 fuge
2408 2522 2689 2592 crapulam
2709 2534 2762 2575 et
2791 2522 3110 2576 ebrietatem
3145 2519 3481 2591 pestiferam.

1912 2614 2097 2669 Omnis
2123 2629 2294 2667 sermo
2330 2614 2504 2667 malus
2536 2629 2600 2667 ex
2631 2626 2720 2666 ore
2761 2623 2855 2667 tuo
2901 2629 3000 2666 non
3051 2612 3345 2683 procedat;
3392 2610 3484 2664 sed

1909 2708 1956 2762 si
1983 2708 2099 2777 quis
2130 2707 2292 2759 bonus
2336 2707 2406 2759 ad
2456 2707 2870 2774 a'diﬁcationcm
2907 2706 3238 2759 audientium
3264 2703 3332 2756 δ’.
3389 2702 3486 2756 Di-

1911 2806 2122 2853 tescere
2160 2812 2228 2850 ne
2249 2797 2494 2863 studeas,
2549 2797 2677 2865 quia
2710 2795 2894 2849 nudus
2930 2795 2981 2847 in
3037 2795 3184 2847 hunc
3221 2791 3484 2845 mundum

1910 2891 2196 2959 ingressus
2225 2903 2306 2954 es,
2349 2897 2404 2942 et
2451 2888 2631 2943 nudus
2677 2888 2901 2942 recedes
2928 2887 2994 2940 δ’.
3051 2885 3130 2939 Ne
3188 2900 3336 2939 ames
3374 2885 3489 2953 glo-

1909 2981 2050 3035 riam
2081 2979 2274 3033 mundi
2308 2978 2495 3048 hujus,
2543 2978 2673 3049 quia
2704 2978 2846 3033 sicut
2894 2976 3079 3031 fumus
3114 2975 3487 3046 praetervolat.

1911 3072 2092 3128 Unum
2113 3071 2289 3127 solum
2323 3087 2445 3124 ama
2471 3071 2699 3134 bonum,
2731 3085 2929 3139 purum
2963 3070 3127 3124 sorde
3156 3067 3364 3137 peccati
3395 3082 3491 3121 cor

1912 3166 2134 3227 habere,
2171 3179 2401 3233 regnum
2437 3163 2701 3218 ccelorum
2748 3162 2997 3232 adipisci,
3028 3170 3082 3216 et
3121 3171 3376 3215 aeternam
3405 3158 3496 3213 fu-

227 3249 376 3318 φίλει
411 3250 573 3320 μόνον
603 3252 664 3304 τὸ
689 3252 914 3321 ἀγαθὸν,
951 3253 1011 3305 τὸ
1052 3251 1298 3324 καθαρὰν
1337 3252 1481 3322 ἔχειν
1513 3251 1613 3320 τὴν
1672 3268 1809 3321 καρ-

1916 3273 2043 3329 gere
2063 3254 2498 3310 damnationem.
2526 3254 2694 3308 Serva
2729 3261 2986 3308 mandata
3035 3268 3158 3322 quae
3181 3251 3442 3321 accepisti
3473 3269 3486 3305 :

226 3341 349 3395 δίαν
379 3341 488 3394 ἀπὸ
521 3343 621 3413 τῆς
651 3345 906 3416 ῥυπαρᾶς
934 3344 1210 3415 ἀμαρτίας
1230 3360 1244 3375 ο
1269 3344 1331 3395 τὸ
1346 3344 1623 3413 ἐπιτυχεῖν
1655 3343 1807 3412 βασι-

228 3431 379 3497 λείας
410 3435 692 3506 ούρανῶνο
730 3437 825 3490 καὶ
870 3439 1063 3505 φυγεῖν
1095 3436 1335 3508 κρίσεως
1396 3437 1642 3490 αἰωνίου.
1696 3436 1812 3499 Τάς

230 3524 476 3590 ὲντολάς,
511 3526 580 3590 ἀς
614 3527 825 3594 ἔλαϐες,
852 3528 1091 3598 φύλαττε
1113 3544 1127 3558 ⁸
1175 3527 1357 3581 κλῖνον
1395 3527 1601 3599 πτωχῷ
1630 3526 1691 3580 τὸ
1719 3525 1814 3589 οὖς

234 3634 370 3670 σου’
416 3617 581 3688 ἡνίκα
632 3621 746 3690 ἔχει
779 3621 814 3692 ἡ
881 3620 1005 3692 χείρ
1064 3637 1157 3673 σου
1213 3619 1453 3690 βοηθεῖν,
1496 3619 1686 3688 ὄρεξον
1737 3618 1814 3689 τῷ

230 3709 490 3781 δεομένῳ.
523 3711 628 3764 Δύο
686 3712 859 3768 λεπτά
890 3715 1065 3784 χήρας
1119 3713 1340 3782 πτωχῆς
1376 3713 1814 3783 ὑπερηκόντισαν

232 3803 456 3858 πάντων
513 3804 623 3858 τῶν
664 3807 723 3859 ἐν
785 3805 864 3877 τῷ
921 3805 1310 3876 γαζοφυλακίῳ
1364 3805 1814 3876 ἐμϐεϐλημένων.

234 3894 440 3966 Ὅρκος
486 3899 544 3952 ὲν
575 3898 656 3969 τῷ
710 3897 944 3969 στόματί
987 3915 1083 3951 σου
1132 3899 1207 3969 μὴ
1259 3897 1602 3962 αύλιζέσθωο
1635 3899 1665 3950 ὁ
1705 3896 1817 3968 γὰρ

231 3988 453 4058 ὀμνύων
506 3991 568 4044 ού
624 3990 952 4062 σωθήσεται,
1012 3991 1114 4044 κᾶν
1167 3990 1299 4061 δοκῇ
1367 3991 1552 4044 πᾶσαν
1598 3988 1819 4058 ἐντολὴν

231 4081 430 4134 ποιεῖν.
459 4081 822 4138 Ἐπισκὲπτου
852 4082 1142 4154 ἄνθρωπον
1172 4082 1229 4134 ἐν
1268 4080 1508 4151 φυλακῇ,
1544 4079 1631 4133 ἵνα
1693 4081 1818 4132 επι-

234 4171 480 4243 σκεφθῇς
504 4175 609 4226 ὑπὸ
637 4176 863 4244 Κυρίου.
888 4174 1203 4246 Προσεύχου
1231 4189 1492 4244 συνεχως,
1525 4172 1620 4225 καὶ
1648 4170 1819 4240 ψάλλε

232 4263 296 4314 ὲν
322 4264 517 4337 καρδίᾳ
541 4281 556 4297 ο
593 4266 681 4319 ῐνα
696 4267 756 4320 τὸ
776 4267 1002 4338 Πνεῦμα
1024 4268 1085 4321 τὸ
1104 4267 1259 4337 ἅγιον
1275 4265 1512 4336 ὑποδέξῃ
1540 4263 1809 4317 σύνοικον.

233 4353 423 4408 Ταῦτα
447 4357 511 4408 ὲκ
555 4356 766 4411 πολλῶν
802 4357 963 4427 ὀλίγα
1009 4357 1282 4429 δείγματα
1318 4359 1566 4426 ἀγάπης,
1603 4354 1816 4408 ὲντολοιί¹

1915 3363 2104 3402 aurem
2135 3356 2285 3400 tuam
2307 3344 2507 3399 inclina
2536 3345 2825 3398 mendico:
2854 3359 2977 3398 cum
3006 3343 3265 3412 opitulari
3297 3357 3494 3396 manus

1917 3447 2011 3492 tua
2044 3445 2248 3507 potest,
2279 3435 2501 3506 porrige
2529 3435 2813 3506 indigenti.
2845 3436 3057 3489 Minuta
3093 3435 3202 3488 duo
3233 3432 3492 3503 pauperis

1917 3530 2096 3583 viduae
2122 3530 2359 3583 antelata
2392 3539 2524 3583 sunt
2555 3527 2811 3583 omnibus
2841 3543 2963 3598 qua:
3001 3526 3170 3581 missa
3201 3526 3417 3581 fuerant
3438 3527 3496 3580 in

1920 3618 2372 3690 gazophylacium
2395 3619 2462 3673 “.
2490 3618 2873 3674 Juramentum
2910 3635 3020 3674 non
3059 3618 3268 3673 habitet
3311 3619 3364 3672 in
3400 3631 3498 3673 ore

1921 3724 2052 3768 tuo:
2086 3728 2211 3767 nam
2244 3713 2338 3784 qui
2376 3714 2526 3782 juvat
2555 3729 2662 3767 non
2714 3713 3036 3779 salvabitur,
3066 3713 3282 3769 tametsi
3314 3713 3498 3768 omnia

1922 3815 2192 3877 praecepta
2217 3821 2439 3861 servare
2469 3806 2738 3861 videatur.
2769 3805 2942 3860 Visita
2970 3806 3245 3860 hominem
3273 3820 3502 3860 carcere

1922 3899 2227 3962 detentum,
2265 3905 2325 3951 ut
2371 3897 2612 3952 visitet-is
2665 3913 2695 3951 a
2727 3896 2980 3951 Domino.
3006 3895 3240 3952 Assidue
3283 3911 3402 3959 ora,
3436 3904 3492 3951 et

1923 3989 2100 4059 psalle
2146 3988 2201 4043 in
2225 3990 2410 4054 corde,
2445 3998 2504 4043 ut
2543 3988 2812 4057 Spiritum
2839 3998 3092 4043 sanctum
3132 3989 3504 4042 contuberna-

1924 4078 2032 4132 lem
2077 4078 2345 4148 excipias.
2382 4078 2507 4134 Hatc
2536 4093 2708 4148 pauca
2739 4079 2807 4132 de
2839 4079 3026 4133 multis
3074 4079 3330 4148 dogmata
3371 4077 3505 4132 cha-

1927 4169 2131 4234 ritatis,
2165 4170 2307 4225 bona
2350 4183 2636 4241 prtecepta,
2674 4187 2795 4241 quae
2853 4173 3014 4225 amho
3046 4185 3414 4241 exsequamur
3444 4181 3506 4225 ut

1928 4262 2066 4317 salvi
2124 4263 2323 4328 simus,
2358 4264 2411 4318 in
2446 4262 2668 4319 Christo
2719 4263 2845 4319 Jesn
2907 4262 3139 4318 Domino
3176 4272 3389 4331 nostro,
3415 4265 3504 4319 cui

1927 4354 2096 4425 gloria
2135 4355 2187 4408 iu
2213 4355 2411 4410 saecula
2442 4356 2788 4409 sarculorum.
2826 4355 3022 4409 Amen.

232 4450 464 4520 ἀγαθαὶ,
509 4451 578 4517 ἀς
615 4453 918 4526 ἀμφότεροι
979 4453 1304 4526 πράξοιμεν,
1339 4454 1436 4507 καὶ
1483 4451 1811 4522 σωθείημεν,
1850 4451 1909 4503 ὲν
1940 4448 2162 4523 Χριστῷ
2199 4450 2375 4523 Ἰησοῦ
2406 4449 2485 4521 τῷ
2514 4450 2708 4522 Κυρίῳ
2730 4450 2909 4521 ἡμῶν,
2936 4442 2981 4519 ᾧ
3021 4451 3055 4522 ή
3085 4449 3212 4516 δόξα
3241 4451 3320 4514 εἰς
3378 4450 3505 4516 τοὺς

236 4549 442 4612 αἰῶνας
473 4548 583 4601 τῶν
614 4549 851 4604 αἰώνων.
898 4551 1094 4621 Ἀμήν.

453 4646 580 4702 ΡιΕ¹
613 4647 748 4718 (11)·
768 4649 1216 4718 -Εῠφροσύνη
1243 4645 1572 4717 ἡγουμένηο
1613 4641 1814 4718 [xvii-1

2206 4635 2372 4693 CXV.
2408 4666 2477 4677 —
2508 4634 2870 4707 Euphrosynen
2911 4635 3228 4705 praepositae.

1341 4758 1554 4808 Rursum
1576 4759 1642 4806 de
1667 4751 1825 4819 ipsius
1848 4753 2019 4804 matris
2056 4749 2196 4803 obitu
2220 4749 2412 4801 scribit.

328 4867 416 4930 Ὠς
445 4865 589 4920 καλά
620 4865 689 4921 τά
717 4865 1024 4937 γράμματα
1077 4866 1176 4936 τῆς
1220 4865 1531 4937 τιμιότητός
1567 4882 1688 4931 σου,
1729 4863 1809 4917 κατ

2000 4863 2173 4930 Quam
2229 4861 2507 4932 praeclarae
2560 4857 2781 4913 l‘uerunt
2810 4856 3130 4912 reverentia
3161 4866 3269 4912 tua:
3293 4857 3509 4912 littera"

241 4961 308 5015 τὸ
344 4959 592 5030 λυπηρὸν
649 4958 1074 5030 ἐπιδεικνύμενα
1118 4960 1220 5030 τῆς
1248 4960 1342 5013 ἐπὶ
1376 4963 1442 5030 τῇ
1477 4959 1603 5030 ὁσίᾳ
1650 4961 1822 5030 μητρὶ

244 5051 580 5121 κοιμήσεως,
611 5051 786 5104 καὶτὸ
809 5051 1218 5121 ὑπομνηστικδν
1245 5053 1345 5121 τῆς
1362 5052 1572 5115 ἐλπίδος
1601 5051 1826 5121 ἔχονταί

255 5145 349 5208 Ὠς
373 5144 486 5214 γάρ
516 5144 578 5196 τὸ
605 5143 784 5215 πάντη
821 5144 1031 5198 ἄλυπον
1064 5145 1162 5199 καὶ
1213 5146 1422 5214 ἄδακρυ
1476 5145 1569 5197 ἐπὶ
1599 5145 1664 5214 τῇ
1720 5142 1832 5195 τῶν

246 5237 673 5308 κεκοιμημένων
705 5236 998 5302 διαζεύξει,
1020 5239 1415 5307 κατηγορεῖται
1448 5234 1834 5307 (ἀναισθησίας

246 5332 359 5402 γὰρ
384 5331 564 5400 τεκμή
579 5333 742 5401 ριον)·
773 5330 915 5384 οὓτω
945 5331 1007 5383 τὸ
1049 5331 1229 5400 πέραν
1250 5328 1345 5381 τοῦ
1403 5329 1607 5399 μέτρου
1669 5326 1834 5380 πάλιν

251 5423 632 5478 κατακλᾶσθαι
661 5427 726 5495 τῇ
752 5423 922 5495 λύπῃ,
955 5423 1066 5507 τῶν
1097 5423 1170 5493 μὴ
1200 5422 1435 5493 ἑχόντων
1466 5422 1611 5474 ἐστὶν
1640 5418 1835 5472 ἐλπίδα

1927 4970 2050 5026 quae
2077 4964 2132 5008 et
2160 4953 2403 5008 dolorem
2421 4965 2490 5004 ex
2516 4959 2722 5005 sancta:
2743 4948 2936 5003 matris
2958 4949 3109 5002 obitu
3130 4956 3341 5003 testatae
3363 4958 3510 5008 sunt.

1931 5057 1988 5103 et
2025 5047 2140 5116 spei
2189 5045 2520 5100 mentionem
2575 5042 2982 5097 continebant!
3039 5040 3511 5106 Quemadmodum

1929 5141 2074 5196 enim
2100 5155 2206 5194 non
2233 5139 2417 5194 dolere
2437 5151 2686 5207 prorsus,
2717 5150 2817 5188 nec
2853 5134 2981 5188 ﬂere
3020 5141 3366 5187 mortuorum
3392 5133 3510 5187 dis-

1929 5230 2200 5295 cessione,
2243 5228 2441 5283 merito
2516 5223 2986 5296 reprehenditur;
3025 5223 3266 5292 stuporis
3313 5224 3513 5293 quippe

1932 5332 2015 5378 est
2043 5333 2427 5394 argumentum
2463 5340 2475 5378 :
2509 5323 2590 5377 sic
2636 5321 2799 5376 etiam
2840 5319 2983 5373 ultra
3037 5317 3264 5373 modum
3326 5318 3513 5373 dolore

1935 5415 2136 5486 frangi,
2175 5430 2365 5471 eorum
2391 5423 2475 5470 est
2509 5415 2600 5484 qui
2647 5414 3071 5469 resurrectionis
3095 5427 3244 5480 spem
3279 5426 3388 5466 non
3415 5411 3514 5464 ha-

255 5517 632 5579 ἀναστάσεως.
689 5517 864 5588 Δεῦρο
908 5502 1118 5580 λοιπὸν,
1165 5513 1373 5585 ἀδελφὴ
1411 5515 1469 5567 ὲν
1517 5509 1730 5582 Κυρίῳ,
1777 5526 1808 5562 τ

1937 5508 2090 5563 bent.
2125 5511 2238 5578 Age
2269 5523 2416 5562 nunc
2474 5523 2624 5578 ergo,
2653 5521 2817 5562 soror
2866 5506 2918 5560 in
2981 5505 3236 5570 Domino,
3275 5502 3517 5572 legitimo

327 5633 374 5666 ³⁸
399 5633 562 5688 Joan.
599 5635 805 5698 xn,47.
882 5635 924 5680 υ
949 5632 1106 5688 Joan.
1141 5649 1230 5698 xv,
1257 5633 1348 5686 ‘22.
1425 5631 1469 5666 ³⁸
1495 5630 1652 5686 Joan.
1681 5645 1809 5694 ιιι,‹

1980 5626 2026 5658 ⁸⁸
2055 5623 2289 5696 Philipp.
2317 5639 2374 5690 ll,
2418 5621 2470 5688 7,
2505 5623 2561 5679 8.
2638 5622 2684 5654 ⁸⁸
2727 5620 2891 5678 Hebr.
2917 5637 2954 5688 ι,
2988 5620 3040 5676 5.
3119 5620 3161 5651 ⁸⁸
3199 5617 3400 5688 Ephes.
3442 5629 3516 5683 tv,

253 5703 344 5758 29.
419 5707 463 5736 “
495 5702 617 5758 Job.
653 5721 690 5768 ι,
718 5704 807 5759 il.
881 5704 926 5736 “
956 5705 1123 5760 Marc.
1157 5720 1252 5770 xu,
1284 5704 1372 5759 43.

1774 5812 2003 5872 NOTAE.

335 5938 446 6007 (ll)
478 5936 538 5992 In
565 5935 683 5991 cod.
721 5934 849 6007 Reg.
894 5935 1024 6004 ρλγ¹.
