4156 6476
699 412 833 478 1383

1871 410 1929 467 S.
1965 404 2351 467 TIIEODORI
2392 400 2740 464 STUDITJE

3800 384 3936 453 1384

694 530 918 600 planctu
957 524 1250 596 perfuncti,
1276 524 1342 580 ad
1370 537 1467 579 nos
1499 523 1822 578 redeamus:
1857 536 1962 575 non
1987 531 2045 575 ut
2065 529 2265 574 sanctae

2380 520 2551 574 ἱκανὸν
2586 517 2680 571 τοῦ
2740 513 2970 577 πένθους
3025 509 3483 580 ἀφοσιωσάμενοι,
3540 510 3619 571 είς
3697 507 3937 568 ἑαυτοὺς

693 621 840 677 illius
863 619 1219 675 simulacrum
1258 632 1325 674 ex
1358 625 1539 672 mente
1567 616 1893 685 abjiciamus
1919 633 1934 680 ;
1960 616 2122 670 absit.
2155 613 2270 668 Erit

2380 611 2660 682 γενώμεθα
2684 628 2698 642 ·
2733 611 2830 680 οὐχ
2861 610 2944 662 ὅτι
2984 606 3238 660 ἐκϐαλεῖν
3265 604 3363 673 τῆς
3416 602 3644 671 καρδίας
3672 603 3734 654 τὸ
3766 603 3941 656 ἰνδαλ-

695 712 841 766 enim
878 710 1020 781 apud
1074 726 1176 765 nos
1226 710 1407 764 omnis
1465 708 1860 764 adhortationis
1921 708 2270 777 gubernatio-

698 804 896 873 nisque
927 814 1352 856 monumentum
1384 819 1397 854 :
1458 801 1549 856 sed
1583 809 1638 854 ut
1685 800 1949 855 alacriore
1980 799 2165 853 animo
2190 798 2269 852 si-

701 912 844 958 mus,
875 911 940 950 ac
969 910 1298 965 peragamus
1338 893 1672 962 propositum
1702 901 1973 947 certamen
2003 891 2270 946 exercita-

704 987 894 1042 tionis.
927 986 1044 1041 Non
1070 987 1235 1057 igitur
1253 986 1474 1054 reliquit
1501 994 1550 1040 te
1571 993 1742 1038 mater
1768 984 2056 1038 immatura
2087 991 2266 1050 :etate,

705 1097 805 1135 nec
847 1081 1041 1134 rudem
1107 1095 1289 1133 rerum
1355 1079 1688 1142 divinarum,
1753 1092 1853 1133 nec
1905 1076 2269 1130 humanarum

703 1173 1011 1242 imperitam
1044 1189 1060 1237 ;
1093 1171 1216 1232 sed,
1251 1170 1455 1224 Christi
1481 1171 1677 1241 gratia,
1711 1169 1965 1223 omnibus
1995 1172 2162 1222 rebus
2195 1168 2276 1220 in-

702 1274 991 1328 structam,
1018 1272 1072 1316 et
1123 1264 1250 1319 vita
1278 1278 1381 1316 usu
1432 1262 1683 1330 peritam,
1718 1270 1772 1314 et
1824 1261 2124 1330 prudentiae
2159 1259 2274 1328 ple-

705 1372 855 1422 nam,
880 1364 934 1410 et
976 1354 1208 1409 scientia
1241 1353 1592 1423 locupletem,
1627 1361 1682 1407 et
1726 1351 2111 1424 gubernationi
2151 1365 2274 1416 per-

704 1445 977 1502 idoneam.
1013 1445 1255 1513 Cumque
1299 1445 1550 1500 humana:
1581 1446 1708 1500 vita:
1751 1445 1959 1498 definiti
2001 1447 2109 1498 sint
2138 1443 2275 1506 dies,

703 1536 957 1606 prospice
990 1534 1259 1603 imprimis
1313 1535 1546 1604 pr0prize
1602 1533 1906 1593 securitati.
1953 1532 2275 1600 adjutricem

707 1641 996 1680 assumens
1027 1625 1138 1678 sive
1169 1639 1198 1679 e
1227 1625 1413 1686 domo,
1465 1624 1509 1678 si
1553 1633 1826 1693 suppetat,
1865 1623 1981 1678 sive
2010 1623 2280 1677 extrinse-

705 1732 819 1772 cus.
864 1716 1072 1785 Quippe
1100 1715 1213 1768 lieri
1261 1717 1488 1770 omnino
1522 1724 1722 1784 potest,
1781 1723 1838 1768 ut
1880 1713 2136 1768 feminam
2193 1713 2278 1766 in-

706 1809 896 1862 venias
945 1808 1029 1861 cui
1062 1807 1279 1876 negotia
1329 1822 1451 1876 quae
1491 1806 1761 1860 interdum
1815 1815 2109 1861 occurrunt
2145 1804 2278 1859 diﬂi-

2374 723 2450 776 μα
2481 704 2578 773 τῆς
2607 701 2772 770 ἀγίας
2811 700 3028 769 ἐκείνης
3050 714 3063 726 ·
3113 698 3185 767 μή
3229 713 3283 749 τι
3334 694 3544 763 γένοιτο
3568 709 3584 724 ·
3622 693 3712 763 εἴη
3743 693 3854 762 γάρ
3884 694 3941 748 ἐν

2371 797 2504 866 ἡμῖν
2534 793 2832 862 ὑπόμνημα
2855 790 3036 858 πάσης
3066 786 3467 857 παρακλήσεως
3501 782 3600 837 καὶ
3640 783 3942 853 διακυϐερο

2374 890 2584 959 νήσεως
2607 898 2623 913 ⁶
2648 883 2785 938 ἀλλά
2819 883 2884 936 τὸ
2909 879 3139 949 ἄγεσθαι
3165 878 3548 948 εὐθυμότερον,
3581 877 3678 930 καὶ
3705 875 3943 929 διανὺειν

2372 981 2464 1034 τδν
2513 977 2873 1050 προκείμενον
2903 975 3092 1043 ἀγῶνα
3117 973 3217 1043 τῆς
3247 971 3558 1040 ἀσκήσεως.
3605 969 3721 1021 Οὐκ
3763 968 3943 1020 εἴασεν

2372 1068 2467 1127 οὖν
2502 1089 2562 1126 σε
2591 1072 2649 1124 ὲν
2685 1068 2852 1139 ἀώρῳ
2876 1065 3140 1137 ἠλικίᾳοή
3178 1063 3381 1133 μήτηρ,
3433 1061 3541 1114 οὐδ’
3595 1058 3783 1129 ἀμαθῆ
3836 1058 3944 1111 τῶν

2377 1165 2562 1227 θείων,
2605 1161 2716 1216 οὐδ’
2757 1161 2986 1236 ἄπειρον
3035 1155 3145 1209 τῶν
3200 1156 3259 1207 ὲν
3303 1153 3422 1223 βίῳ,
3454 1151 3719 1204 πάντοθεν
3761 1149 3947 1218 χάριτι

2376 1254 2616 1327 Χριστοῦ
2645 1251 3029 1320 ίκανουμένην,
3069 1248 3162 1302 καὶ
3192 1247 3308 1317 βίου
3362 1245 3644 1315 ἔμπειρον,
3677 1244 3777 1295 καὶ
3816 1257 3949 1311 φρο-

2382 1349 2590 1417 νήσεως
2618 1343 2893 1412 ἔμπλεων,
2944 1341 3039 1394 καὶ
3079 1335 3334 1407 γνώσεως
3381 1333 3639 1404 εὔπορον,
3674 1333 3770 1386 καὶ
3814 1330 3948 1383 διοι-

2378 1437 2593 1506 κήσεως
2622 1432 2863 1487 εὔθετον.
2903 1430 3015 1484 Καὶ
3041 1426 3266 1499 ἡμερῶν
3295 1422 3718 1496 ἀπηρτισμένων
3735 1421 3805 1490 τῇ
3837 1418 3947 1490 ζωῇ

2382 1531 2491 1582 τῶν
2528 1527 2854 1597 ἀνθρώπων,
2905 1523 3028 1592 ἔχου
3077 1521 3140 1591 δὴ
3203 1518 3306 1587 τῆς
3362 1517 3567 1579 οἰκείας
3621 1513 3946 1578 ἀσφαλείας,

2379 1620 2735 1691 λαμϐάνουσα
2763 1615 2977 1687 βοηθὸν,
3012 1614 3122 1667 είτε
3155 1610 3387 1678 οἴκοθεν,
3418 1611 3592 1679 ἄνπερ
3633 1607 3728 1660 καὶ
3777 1607 3948 1670 ἐστιν,

2381 1715 2492 1767 εἴτε
2529 1711 2745 1776 ἔξωθεν.
2777 1709 2891 1762 Οὐκ
2948 1707 3153 1773 ἄπορον
3207 1703 3316 1772 γάρ
3364 1701 3542 1773 εὑρεῖν
3576 1699 3814 1768 γυναῖκα
3864 1697 3950 1748 ἐπ’

2381 1805 2633 1859 ἀναθέσει
2664 1801 2770 1855 τῶν
2790 1797 3210 1869 συμπιπτόντων
3238 1795 3385 1848 ἐστιν
3413 1793 3500 1844 ὅτε
3521 1791 3949 1858 δυστεκμάρτων

709 1900 910 1954 cillima
942 1873 1274 1966 committas,
1306 1873 1426 1969 qua:
1463 1898 1719 1968 expedire
1773 1913 1870 1969 per
1895 1913 1954 1953 se
1983 1912 2139 1952 mens
2174 1912 2279 1951 una

2387 1895 2749 1967 πραγμάτων,
2775 1885 2848 1945 ὧν
2878 1891 2976 1962 τὴν
2999 1889 3154 1941 λύσιν
3201 1883 3283 1950 εἷς
3309 1885 3431 1947 νοῦς
3464 1883 3562 1952 οὐχ
3593 1877 3706 1946 οἷός
3738 1881 3802 1933 τέ
3835 1879 3951 1931 ἐστι

709 2002 971 2060 nequeat.

781 2082 1018 2137 Attende
1047 2081 1301 2142 similiter
1349 2082 1692 2138 subditarum
1729 2097 1977 2138 sororum
2011 2081 2284 2151 guberna-

713 2173 850 2229 tioni
885 2190 900 2228 :
933 2190 1127 2246 regens
1162 2174 1286 2230 illas
1319 2175 1371 2228 in
1411 2174 1667 2239 Domino,
1700 2189 1824 2228 cum
1853 2174 2002 2227 omni
2033 2171 2283 2242 longani-

715 2267 905 2322 mitate
935 2277 991 2322 et
1023 2266 1500 2322 commiseratione
1522 2267 1747 2336 exigens
1770 2280 1891 2334 qua:
1912 2274 2040 2319 sunt
2073 2264 2239 2319 officii
2266 2281 2280 2318 :

714 2372 892 2426 neque
931 2373 1134 2428 urgens
1160 2357 1564 2420 vehementius,
1601 2356 1693 2411 scd
1728 2356 1872 2410 sicut
1902 2356 2085 2409 nutrix
2142 2355 2284 2411 filios

714 2463 848 2504 suos
899 2447 1111 2514 fovens,
1153 2457 1432 2516 totamque
1463 2458 1514 2502 te
1568 2447 1678 2502 illis
1710 2447 2028 2517 impendens
2063 2465 2076 2500 :
2119 2447 2192 2501 ita
2228 2455 2288 2501 ut

715 2541 953 2595 animam
995 2540 1168 2609 ipsam
1208 2556 1305 2609 pro
1339 2541 1446 2594 illis
1480 2555 1746 2609 exponas,
1802 2555 1978 2609 neque
2019 2537 2156 2594 freni
2189 2539 2288 2593 ha-

721 2631 891 2687 benas
930 2647 960 2686 e
994 2631 1276 2686 contrario
1327 2632 1546 2700 penitus
1593 2632 1898 2696 remittens,
1953 2646 2074 2701 qua:
2121 2645 2286 2686 causa

721 2739 844 2779 esse
867 2723 1011 2778 solet
1049 2722 1454 2787 dissolutionis,
1479 2721 1839 2786 confusionis,
1873 2733 1925 2776 et
1965 2723 2169 2776 nullius
2201 2739 2290 2778 er-

721 2830 786 2884 ga
817 2812 959 2867 ﬁlios
987 2812 1214 2867 amoris.
1245 2811 1366 2866 Scis
1393 2811 1669 2882 quomodo
1698 2819 1773 2871 te.
1804 2821 2068 2880 praesente
2093 2821 2288 2877 matre,

2381 1989 2582 2044 δοῦναι.

2457 2082 2622 2150 Ἐχου
2645 2078 2710 2146 δὴ
2747 2075 2947 2146 ὁμοίως
2979 2073 3071 2127 καὶ
3120 2070 3221 2140 τῆς
3265 2066 3644 2138 κυϐερνήσεως
3678 2064 3790 2117 τῶν
3849 2060 3953 2115 ὑπὸ

2382 2176 2542 2245 χεῖρα
2569 2168 2838 2238 ἀδελφῶν,
2872 2163 3255 2235 καθηγουμένη
3287 2162 3344 2214 ὲν
3383 2157 3570 2228 Κυρίῳ
3605 2154 3745 2226 μετά
3774 2155 3952 2220 πάσης

2386 2263 2788 2336 μακροθυμίας,
2809 2258 2942 2330 μετά
2959 2274 3021 2310 συ
3030 2253 3321 2324 μπαθείας.
3341 2252 3474 2321 μετά
3487 2250 3688 2317 ἑκζητή
3699 2264 3835 2308 σεως
3848 2245 3953 2336 τῶν

2383 2335 2746 2426 ὀφειλομένων
2759 2368 2773 2382 ·
2803 2352 2935 2420 μήτε
2951 2343 3360 2407 καταπιέζουσα
3375 2339 3637 2410 σφοδρῶς,
3661 2337 3778 2392 ἀλλ’
3798 2336 3872 2399 ὼς
3892 2335 3957 2388 ἀν

2383 2447 2582 2519 τροφὸς
2642 2443 2822 2516 θάλπῃ
2867 2440 2934 2494 τά
2987 2437 3187 2508 ἑαυτῆς
3231 2437 3433 2499 τέκνα,
3489 2431 3558 2484 τά
3612 2429 3736 2484 κατ’
3788 2428 3956 2490 am;

2388 2537 2724 2610 ἀμειϐομένη
2757 2550 2774 2568 ⁸
2817 2534 2893 2596 ὡς
2935 2532 3028 2586 καὶ
3088 2529 3256 2598 αὐτὴν
3314 2527 3413 2596 τὴν
3461 2522 3638 2595 ψυχὴν
3696 2520 3954 2610 προέσθαι

2386 2608 2528 2701 ὑπὲρ
2564 2629 2746 2683 αὐτῶν
2771 2643 2788 2660 ο
2840 2624 2962 2696 μηδ’
2994 2618 3060 2677 αὖ
3087 2623 3274 2676 ἀνεῖσα
3314 2617 3508 2679 ὁλικῶς
3525 2616 3623 2678 τὰς
3677 2614 3835 2683 ἡνίας
3863 2608 3952 2664 τοῦ

2387 2720 2644 2795 χαλινοῦο
2696 2719 2867 2773 αίτιον
2912 2715 3022 2785 γὰρ
3049 2713 3206 2768 τοῦτο
3259 2709 3578 2771 διαλύσεως,
3619 2705 3854 2770 ἀταξίας
3899 2715 3954 2795 τε

2388 2793 2485 2869 καί
2516 2809 2918 2882 ἀφιλοτεκνίας.
2950 2802 3112 2870 Οἶδας
3140 2805 3288 2868 ὅπως
3321 2799 3590 2870 συνούσης
3617 2798 3716 2868 τῆς
3757 2793 3959 2866 μητρθις

723 2924 941 2980 gereres
983 2923 998 2960 :
1036 2908 1145 2963 scis
1180 2907 1232 2962 in
1293 2916 1346 2962 te
1399 2907 1640 2962 omnium
1677 2906 1892 2960 illarum
1946 2906 2138 2961 oculos
2169 2915 2289 2961 tan-

2393 2907 2600 2970 έποίεις
2621 2923 2636 2938 ο
2660 2903 2807 2968 οἶδας
2849 2903 2931 2956 δτι
2959 2900 3010 2955 οἰ
3051 2897 3322 2968 ὀφθαλμοὶ
3367 2893 3559 2949 πασῶν
3589 2889 3770 2980 αὐτῶν
3800 2888 3878 2948 εἰς
3904 2884 3958 2936 οδ

723 3017 886 3071 quam
915 3002 969 3055 in
996 2999 1164 3054 Deum
1194 3014 1315 3054 esse
1339 3013 1650 3064 conversos,
1685 3014 1977 3068 personam
2023 3007 2169 3052 tuam
2207 2999 2289 3053 in-

2393 3000 2679 3071 βλέπουσιν
2719 2996 2794 3057 ὡς
2823 2996 2903 3056 εἰς
2961 2991 3116 3052 θεὸν,
3158 2989 3364 3060 ὁρῶσαι
3394 2985 3458 3038 τδ
3511 2978 3822 3071 πρόσωπόν
3846 2992 3956 3038 σου,

723 3070 994 3148 tuentium
1026 3090 1174 3144 velut
1197 3088 1624 3144 conciliatricem
1658 3088 1802 3158 apud
1835 3085 2026 3141 Deum.
2052 3087 2208 3154 Quod
2243 3087 2289 3142 si

2396 3070 2676 3161 μεσιτεῦον
2708 3088 2900 3148 αὑταῖς
2927 3085 2994 3138 τά
3020 3083 3153 3152 πρὸς
3183 3081 3366 3134 αὐτόν.
3423 3075 3487 3129 Εἰ
3514 3075 3570 3128 δὲ
3602 3073 3740 3141 αὑτὴ
3767 3070 3958 3161 οὕτως,

727 3186 840 3254 ipsa
893 3185 974 3238 sic
1019 3196 1186 3251 agas;
1218 3181 1569 3250 perspicuum
1608 3189 1692 3234 est
1721 3180 1866 3233 aliud
1911 3178 2034 3233 illas
2083 3180 2289 3246 spirare

2399 3160 2557 3250 δῆλον
2581 3181 2663 3232 ὅτι
2706 3179 2988 3239 κάκείναις
3037 3171 3388 3244 ὀφειλόμενόν
3439 3170 3588 3221 ἐστιν
3637 3163 3766 3219 ἀλλο
3797 3160 3960 3232 μηδὲν

729 3253 868 3330 nihil
893 3274 1121 3336 debere,
1147 3287 1311 3342 quam
1341 3272 1485 3342 quod
1523 3281 1576 3324 tu
1630 3271 1887 3340 magistra
1917 3285 1970 3326 et
2018 3271 2194 3339 cupis.
2244 3279 2289 3326 el

2404 3270 2684 3332 ἀναπνεῖν,
2738 3265 2772 3336 ἢ
2817 3265 2954 3334 ὅπερ
2989 3264 3054 3316 σὺ
3087 3264 3121 3333 ἡ
3165 3259 3482 3321 διδάσκαλος
3521 3257 3616 3308 καὶ
3663 3255 3817 3324 ἐρᾷς,
3874 3253 3962 3304 καὶ

727 3369 919 3440 jubes,
950 3378 1004 3422 et
1053 3365 1349 3422 enuntias:
1384 3378 1607 3430 prorsus
1643 3374 1700 3418 ut
1722 3363 1968 3433 genuina:
2001 3363 2122 3417 filiae
2173 3378 2300 3432 erga

732 3469 1005 3523 matrem,
1069 3467 1131 3512 ut
1183 3456 1423 3512 membra
1479 3455 1548 3511 de
1599 3457 1842 3510 membro
1872 3471 2000 3526 erga
2034 3466 2213 3524 caput,
2245 3464 2304 3508 ut

739 3551 904 3607 ﬂores
930 3565 1059 3620 erga
1093 3550 1381 3605 rosarium.
1412 3549 1492 3603 Ad
1521 3549 1622 3604 hoc
1649 3549 1792 3603 enim
1823 3560 1875 3604 et
1906 3550 1959 3604 in
1979 3566 2144 3604 unum
2176 3567 2304 3604 con-

763 3652 1052 3704 venerunt,
1073 3641 1276 3696 mundo
1305 3641 1514 3705 relicto,
1537 3649 1591 3694 et
1623 3640 1688 3695 iis
1717 3656 1836 3710 qua
1853 3642 1905 3695 in
1931 3642 2131 3696 mundo
2153 3650 2301 3706 sunt,

749 3733 1083 3805 parentibus
1109 3747 1172 3788 ac
1214 3730 1494 3796 fratribus,
1531 3732 1853 3786 necessariis
1890 3742 1942 3785 et
1975 3732 2189 3794 amicis,
2225 3733 2304 3785 fa-

755 3827 1054 3883 cultatibus
1075 3834 1129 3879 et
1151 3823 1330 3879 carnis
1359 3822 1661 3887 affectibus,
1688 3823 1990 3877 caalibatum
2019 3823 2301 3892 amplexae,

736 3917 1080 3986 Christoque
1109 3915 1395 3984 desponsa:
1432 3929 1449 3968 :
1474 3924 1532 3968 ut
1559 3924 1746 3968 sancte
1770 3922 1822 3967 et
1849 3914 2302 3982 quemadmodum

736 4008 981 4078 virgines
1017 4007 1175 4060 decet
1221 4006 1487 4069 viventes,
1527 4019 1750 4072 regnum
1797 4003 2062 4058 caelorum
2110 4019 2305 4058 conse-

739 4110 997 4169 quantur,
1025 4097 1334 4163 intrentque
1365 4110 1486 4149 cum
1513 4093 1731 4150 Christo
1761 4095 1813 4148 in
1841 4095 2117 4150 cmlestem
2152 4096 2302 4148 illum

743 4203 796 4243 et
827 4189 1158 4243 ineffabilem
1186 4186 1486 4240 thalamum
1519 4185 1838 4254 nuptialem.
1873 4184 2001 4240 Tale
2034 4195 2087 4239 et
2119 4186 2223 4240 illis
2251 4194 2306 4241 et

741 4281 856 4343 tibi,
918 4280 1158 4338 domina.
1212 4287 1487 4331 certamen
1580 4283 1663 4331 est
1717 4285 1770 4329 et
1826 4274 2144 4344 professio:
2183 4291 2305 4345 pro-

745 4373 868 4425 inde
893 4371 1020 4424 huic
1057 4369 1401 4422 attendamus
1442 4386 1455 4422 :
1500 4368 1555 4421 in
1579 4367 1680 4421 hac
1709 4382 2050 4432 moveamur,
2073 4375 2126 4420 et
2154 4367 2303 4418 viva-

747 4477 868 4514 mus
901 4478 913 4513 :
959 4475 1066 4512 non
1098 4459 1201 4512 huc
1237 4466 1290 4511 et
1326 4458 1454 4512 illuc
1481 4457 1858 4526 respicientes,
1887 4457 2029 4525 quod
2061 4457 2141 4510 sic
2171 4455 2304 4510 illud

2404 3359 2647 3429 ὲντέλλῃ,
2665 3355 2759 3410 καὶ
2781 3354 3118 3425 διαγορεύεις
3137 3368 3154 3384 ο
3181 3351 3278 3406 καὶ
3308 3348 3496 3411 ἁπλῶς
3517 3346 3593 3409 ὡς
3635 3345 3803 3398 τέκνα
3831 3345 3961 3410 γνή-

2405 3469 2495 3505 σια
2523 3450 2658 3520 πρὸς
2690 3447 2924 3518 μητέρα,
2947 3444 3023 3508 ὡς
3053 3443 3185 3514 μέλη
3211 3444 3274 3495 ὲκ
3305 3440 3507 3511 μέρους
3537 3437 3669 3508 πρὸς
3701 3432 3957 3503 κεφαλὴν,

2403 3544 2480 3607 ὡς
2509 3541 2648 3610 ἄνθη
2684 3539 2819 3610 πρὸς
2852 3535 3134 3610 ῥοδωνιὰν.
3176 3534 3300 3588 Ἐπὶ
3345 3531 3521 3600 τούτῳ
3546 3530 3655 3599 γὰρ
3708 3526 3806 3579 καὶ
3839 3524 3960 3589 ἔλη-

2403 3635 2660 3689 λύθεισαν
2698 3633 2790 3685 ἐπὶ
2827 3629 2888 3683 τὸ
2912 3627 3063 3693 αὐτὸ,
3099 3623 3498 3679 καταλιποῦσαι
3525 3621 3730 3688 κόσμον
3766 3618 3865 3670 καὶ
3897 3615 3960 3668 τὰ

2407 3729 2468 3780 ὲν
2502 3727 2714 3795 κόσμῳ.
2745 3725 2922 3791 γονεῖς
2953 3738 3012 3774 τε
3034 3721 3130 3774 καὶ
3165 3716 3452 3785 ἀδελφοὺς,
3476 3713 3710 3773 οἰκείους
3749 3709 3846 3762 καὶ
3883 3708 3961 3776 φί-

2405 3817 2555 3883 λους,
2585 3813 2848 3886 ὑπάρξεις
2877 3830 2938 3865 τε
2961 3811 3054 3865 καὶ
3079 3809 3293 3880 σχέσεις
3320 3804 3542 3876 σαρκὸς,
3572 3803 3805 3867 ἀζυγίαν
3829 3802 3959 3867 ἀγαο

2409 3911 2677 3979 πήσασαι,
2713 3905 2808 3958 καὶ
2852 3903 3084 3973 Χριστὸν
3131 3898 3606 3970 νυμφευσάμεναι.
3657 3895 3775 3947 Ἵνα
3807 3893 3960 3952 ὁσίως

2405 4003 2499 4056 καὶ⁵
2527 3996 2992 4068 παρθενοπρεπῶς
3028 3995 3288 4066 ζήσασαι,
3317 3988 3776 4061 κληρονομήσωσι
3812 3986 3953 4054 βασιο

2403 4090 2552 4145 λείαν
2575 4088 2818 4160 οὐρανῶν
2839 4103 2851 4116 °
2901 4086 2998 4140 καὶ
3027 4085 3096 4138 ’δ
3128 4084 3268 4154 μετὰ
3313 4080 3548 4151 Χριστοῦ
3592 4077 3858 4132 εἰσελθεῖν
3890 4076 3958 4136 εἰς

2403 4189 2495 4238 τὸν
2546 4183 2798 4254 οὐράνιον
2852 4181 3063 4232 ἐκεῖνον
3111 4177 3206 4231 καὶ
3263 4173 3625 4242 ἀνεκλάλητον
3679 4169 3957 4239 νυμφῶνα.

2405 4275 2657 4328 Τοιοῦτον
2685 4272 2781 4327 καὶ
2804 4273 2992 4333 αὐταῖς
3023 4270 3115 4322 καὶ
3131 4270 3235 4333 σοὶ,
3261 4266 3452 4337 κυρία,
3473 4265 3534 4317 τὸ
3559 4262 3852 4331 ἀγώνισμα
3875 4259 3958 4313 καὶ

2407 4365 2762 4434 ἑπάγγελμα’
2805 4362 2982 4430 τούτῳ
3015 4362 3108 4413 καὶ
3151 4359 3508 4432 προσέχωμεν
3535 4371 3548 4384 ⁸
3585 4355 3642 4407 ὲν
3676 4354 3855 4422 τούτῳ
3877 4351 3959 4406 καὶ

2407 4454 2686 4525 κινὼμεθα
2730 4452 2824 4506 καὶ
2861 4449 3132 4520 διαζῶμεν
3155 4465 3170 4480 ο
3211 4448 3284 4518 μὴ
3316 4445 3721 4499 ἀποϐλέπουσαι
3778 4438 3882 4498 ῶδέ
3909 4459 3959 4495 τε

745 4552 1159 4612 monasterium,
1195 4550 1276 4602 vel
1308 4550 1386 4604 sic
1423 4549 1571 4603 aliud
1615 4548 2032 4603 monasterium.
2070 4546 2289 4601 Noxiurr

2380 4579 2381 4588 ι
2410 4547 2588 4609 κάκεῖ,
2621 4545 2702 4597 ὅτι
2731 4541 2902 4603 οὕτως
2937 4541 3112 4592 ἐκεῖνο
3139 4537 3199 4590 τὸ
3249 4535 3630 4604 μοναστήριον,
3663 4534 3756 4586 καὶ
3795 4533 3960 4593 οὕτως

745 4645 848 4698 hoc
889 4652 970 4696 est
1001 4659 1014 4694 :
1051 4657 1171 4694 cum
1197 4655 1262 4693 ex
1320 4647 1712 4708 praeceptorum
1767 4652 1955 4690 norma
1993 4636 2169 4689 metiri
2204 4651 2306 4691 nos

744 4737 1061 4798 debeamus,
1092 4749 1196 4786 non
1225 4741 1404 4786 autem
1435 4746 1501 4784 ex
1556 4729 1771 4783 vicinis.
1807 4727 1942 4780 Hinc
1968 4727 2112 4781 enim
2149 4742 2307 4782 nemo

747 4828 1059 4896 assequitur
1084 4834 1140 4878 ut
1172 4834 1316 4880 recte
1341 4823 1575 4886 incedat,
1611 4821 1828 4890 Deoque
1845 4821 2005 4889 digne
2047 4820 2302 4875 ambulet.

747 4915 884 4981 Quia
911 4929 1148 4983 praesens
1181 4923 1312 4966 aetas
1338 4911 1617 4980 negligens
1644 4918 1748 4970 est,
1785 4919 1838 4962 et
1865 4909 1933 4962 ab
1972 4916 2161 4963 exaota
2192 4909 2307 4963 dis-

749 5007 948 5076 ciplina
996 5006 1244 5070 descivit,
1273 5013 1325 5058 et
1373 5004 1441 5056 ab
1470 5018 1532 5056 ea
1581 5002 1792 5056 vivendi
1829 5002 2072 5071 regulam
2125 5008 2308 5070 petere

747 5116 946 5156 vanum
973 5108 1060 5154 est
1087 5109 1139 5153 et
1178 5098 1403 5162 inutile;
1470 5097 1597 5150 illuc
1642 5105 1952 5165 spectemus
1999 5095 2090 5149 ubi
2117 5102 2304 5150 sancta

747 5192 860 5248 vita
889 5202 941 5245 et
975 5191 1204 5245 Domino
1229 5191 1448 5258 placens
1470 5187 1822 5256 resplenduit.
1855 5184 2041 5249 Vides,
2075 5200 2226 5239 soror
2254 5194 2307 5238 et

753 5293 934 5339 mater
959 5281 1278 5352 spiritualis,
1311 5277 1768 5347 quemadmodum
1804 5277 1983 5344 adegit
2021 5290 2105 5328 me
2129 5275 2308 5329 chari-

753 5388 840 5432 tas
871 5375 961 5429 Dei
1004 5375 1225 5428 liberius
1253 5372 1393 5441 apud
1427 5385 1524 5424 vos
1552 5369 1732 5439 loqui?
1772 5367 1912 5420 Nihil
1937 5366 2169 5435 amplius
2195 5366 2309 5420 fac-

754 5480 918 5526 turus
945 5483 1117 5530 eram,
1143 5467 1185 5519 si
1215 5469 1280 5520 ad
1306 5467 1478 5534 ipsam
1508 5473 1782 5532 parentem
1809 5476 1985 5514 meam
2019 5469 2073 5514 et
2099 5474 2310 5529 germa-

759 5579 858 5618 nas
887 5575 1104 5616 sorores
1128 5557 1290 5611 verba
1324 5555 1594 5610 fecissem.
1634 5552 1997 5620 Praeterquam
2027 5551 2169 5619 quod
2193 5566 2309 5604 oni-

750 5670 850 5709 nes
878 5667 1076 5720 corpus
1109 5649 1310 5704 Christi
1351 5661 1565 5710 sumus,
1606 5654 1658 5698 et
1707 5659 1872 5697 unum
1903 5643 2118 5696 Patrem
2154 5642 2306 5694 invo-

750 5759 940 5802 camus
970 5744 1171 5797 bonum
1219 5738 1389 5793 Deum
1439 5745 1712 5792 nostrum.
1748 5732 1926 5800 Quare
1955 5730 2150 5786 fratres
2179 5745 2309 5798 quo-

753 5851 862 5907 que
889 5848 1080 5890 omnes
1110 5832 1361 5894 invicem,
1390 5837 1446 5884 et
1479 5842 1676 5899 corpus
1710 5839 1899 5888 unum,
1924 5832 1976 5879 ct
1999 5829 2304 5884 consortes,

2406 4635 2467 4688 τὸ
2494 4635 2622 4689 ἀλλο
2673 4631 3055 4701 μοναστήριον.
3115 4626 3386 4695 Βλαϐερδν
3440 4624 3630 4678 τοῦτο·
3665 4627 3732 4693 τῇ
3782 4624 3958 4690 ἐντολῇ

2405 4728 2486 4780 δεῖ
2515 4726 2890 4795 παραμετρεῖν
2920 4721 3165 4783 ἑαυτοὺς,
3214 4718 3350 4770 ἀλλά
3388 4718 3462 4788 μὴ
3480 4719 3594 4778 τοῖς
3622 4715 3816 4778 πέλας.
3853 4716 3961 4768 Ἐν-

2406 4819 2594 4871 τεῦθεν
2621 4816 2728 4886 γὰρ
2752 4815 2851 4867 οὐκ
2875 4813 3096 4884 ἔρχεταί
3135 4828 3220 4874 τις
3256 4813 3335 4874 εἰς
3368 4809 3430 4863 τὸ
3471 4807 3810 4879 ὁρθοποδεῖν,
3851 4804 3958 4859 οὐδέ

2407 4906 2724 4978 θεοπρεπῶς
2777 4902 3120 4976 πορεύεσθαι.
3179 4900 3404 4972 Ἐπειδὴ
3435 4900 3470 4969 ἡ
3523 4898 3774 4966 παροῦσα
3806 4897 3955 4965 γενεά

2406 4999 2503 5053 καὶ
2529 4999 2794 5068 ὀλίγωρός
2847 4999 3014 5060 ἐστιν,
3058 4993 3402 5047 ὲκλελοιπυῖα
3440 4992 3534 5044 τοῦ
3583 4990 3959 5060 ἡκριϐωμὲνου

2410 5089 2548 5160 βίου,
2582 5089 2677 5143 καὶ
2704 5091 2765 5141 τὸ
2791 5089 2885 5141 ἀπ’
2909 5086 3079 5155 αὐτῆς
3107 5083 3484 5147 κανονὶζεσθαι
3519 5081 3688 5133 ἕωλον
3718 5081 3817 5133 καὶ
3838 5080 3959 5133 ἀλυ-

2411 5179 2618 5243 σιτελές
2643 5195 2655 5208 ·
2687 5180 2803 5232 ἐκεῖ
2841 5177 3131 5244 σκοπῶμεν
3156 5171 3217 5228 οῦ
3247 5178 3274 5228 ὁ
3305 5174 3452 5245 ίερδς
3488 5173 3623 5243 βίος,
3656 5171 3786 5225 ἔνθα
3813 5172 3964 5239 ἔλαμ-

2407 5273 2506 5342 ψεν
2533 5275 2565 5342 ἡ
2592 5271 2946 5340 εὐαρέστησις
2977 5267 3187 5338 Κυρίῳ.
3219 5265 3405 5337 ὐρᾷςο
3438 5264 3638 5332 ἀδελφὴ
3665 5264 3756 5315 καὶ
3791 5264 3962 5332 μήτηρ

2414 5363 2776 5434 πνευματικὴ,
2801 5362 2949 5424 ὅπως
2979 5377 3044 5430 με
3068 5359 3430 5428 ὴνάγκασενή
3460 5357 3599 5410 κατά
3621 5355 3753 5408 Θεὸν
3784 5356 3961 5424 ἀγάπη

2410 5453 2890 5527 παρρησιασθῆναι
2941 5454 2998 5505 ὲν
3047 5451 3208 5520 ὑμῖνς
3242 5449 3395 5503 οὐδὲν
3439 5447 3598 5501 πλέον
3641 5445 3865 5513 ἔμελλον
3906 5447 3962 5497 ἂν

2411 5550 2602 5606 ποιεῖν.
2628 5547 2674 5597 εί
2704 5545 2837 5614 πρὸς
2866 5543 3080 5613 μητέρα
3114 5542 3213 5612 τὴν
3243 5540 3398 5610 ἐμὴν,
3424 5541 3515 5594 καὶ
3551 5539 3686 5608 πρὸς
3736 5537 3961 5606 ἀδελφάς

2411 5637 2551 5690 κατὰ
2587 5636 2764 5706 σάρκα
2794 5630 2859 5703 ἦν
2893 5651 2982 5704 μοι
3027 5632 3390 5700 διαλέγεσθαι.
3441 5631 3588 5701 Πλὴν
3623 5630 3708 5682 ὅτι
3768 5629 3960 5689 πάντες

2411 5728 2571 5797 σῶμά
2595 5728 2761 5796 ἐσμεν
2789 5725 3050 5796 Χριστοῦ,
3086 5726 3178 5778 καὶ
3199 5724 3295 5778 ενα
3323 5722 3533 5792 πατέρα
3561 5721 3960 5790 ἐπικαλούμεθα

2409 5819 2501 5873 τὸν
2521 5817 2728 5889 ἀγαθὸν
2757 5817 2889 5871 Θεὸν
2925 5817 3102 5888 ἡμῶν.
3133 5817 3296 5870 Ὥστε
3327 5814 3546 5883 ἀδελφοί
3585 5814 3784 5877 πάντες
