4156 6536
260 467 400 533 1385

1470 480 1942 543 EPIS’I‘OLARU
1954 484 2011 543 Μ
2036 484 2180 543 LIB.
2223 484 2306 543 II.

3395 484 3531 547 1386

256 579 390 642 λων,
418 581 511 634 καὶ⁵
546 585 845 653 συσσωμοι,
881 584 978 638 καὶ
1006 586 1367 657 συμμέτοχοι,
1399 592 1493 643 καὶ
1531 592 1839 663 συγκληρο-

1956 606 1999 649 :t
2046 595 2382 650 cohaeredes.
2443 595 2621 664 Atque
2661 594 2786 648 inde
2819 602 2905 651 est
2946 596 3097 665 quod
3133 611 3236 650 nos
3296 594 3529 650 salutem

255 674 438 743 νόμοι.
468 673 778 728 Κάντεῦθεν
797 675 859 728 τὸ
880 677 1055 742 φιλεῖν
1076 680 1107 747 ή
1118 680 1223 747 μᾶς
1251 682 1347 735 καὶ
1375 681 1644 747 σώζεσθαι
1668 684 1837 754 ὑμᾶς,

254 766 513 835 καθαπερ
538 768 731 837 ἀγαπᾷ
764 765 987 837 Κύριος,
1015 771 1109 825 καὶ
1134 772 1472 828 ἐντέταλται.
1509 775 1719 846 Εἰρήνη
1746 793 1830 828 σοι

252 859 322 927 τῇ
365 857 530 929 κυρία
573 859 761 929 μητρί.
792 859 997 932 Εἰρήνη
1034 866 1155 927 ταῖς
1200 865 1459 935 ἀδελφαῖς
1514 869 1572 920 ἐν
1618 866 1841 939 Χριστῷ

269 948 447 1018 Ἰησοῦ
476 948 554 1013 τῷ
579 951 769 1023 Κυρίῳ
788 953 969 1023 ἡμῶν.
1011 955 1207 1028 Ἀμήν.

540 1062 683 1131 qu’
712 1063 847 1131 (12).
886 1094 959 1107 -—
1000 1050 1248 1138 Ἰωάννῃ
1289 1068 1558 1139 ἑρημίτῃ.
1637 1068 1837 1142 [χμη’.]

1947 697 2187 744 vestram
2248 702 2503 742 amamus
2553 688 2695 742 sicut
2740 698 2887 742 amat
2943 687 3233 753 Dominus,
3283 703 3348 743 ac
3389 687 3534 744 sicut

1947 789 2275 849 praeceptum
2352 786 2457 831 est.
2518 775 2634 830 Pax
2700 777 2797 831 tibi
2849 777 3087 833 domina:
3159 776 3341 831 matri.
3418 775 3528 833 Pax

1949 871 2247 927 sororibus
2282 871 2337 925 in
2374 869 2597 926 Christo
2624 868 2760 927 Jesu
2806 870 3040 927 Domino
3081 880 3299 927 nostro.
3332 870 3530 926 Amen.

2352 1064 2537 1120 CXVI.
2565 1098 2635 1108 —
2656 1068 2851 1123 Joanm
2883 1070 3138 1125 eremitte.

1022 1179 1097 1230 De
1127 1184 1337 1245 quodam
1372 1182 1584 1233 eremita
1605 1182 1845 1233 haeretico
1863 1181 1920 1230 ad
1953 1180 2100 1229 Iidem
2133 1180 2425 1230 catholicam
2455 1180 2761 1232 adducenda.

346 1280 474 1333 Ἡδὺ
503 1280 683 1353 θέαμα
707 1283 911 1338 ὁπόταν
939 1303 1026 1349 τις
1067 1286 1340 1354 θεάσοιτο,
1365 1288 1524 1342 τοῦτο
1553 1289 1649 1343 καὶ
1703 1286 1843 1357 μετὰ

260 1372 364 1444 τὴν
405 1374 757 1446 ἀναχώρησιν
807 1379 889 1442 είς
926 1379 1053 1433 νοῦν
1086 1380 1175 1433 ἀεὶ
1223 1382 1560 1435 ἀναθεωρεῖν
1627 1381 1842 1435 εἴωθεν.

262 1467 456 1531 Οὕτως
488 1465 581 1522 οῦν
609 1471 706 1524 καὶ
749 1474 912 1544 ἡμεῖς
940 1477 989 1528 οἱ
1033 1477 1304 1539 ταπεινοὶ,
1338 1476 1649 1545 θεοτίμητε,
1697 1471 1847 1538 ἅπαξ

265 1576 330 1611 σε
365 1560 680 1629 βλέψαντες,
710 1565 808 1617 καὶ
850 1565 1215 1636 ὡμιληκότες,
1255 1569 1356 1621 οὐκ
1398 1565 1846 1635 ἐπιλελήσμεθα·

264 1651 404 1704 ἀλλὰ
426 1654 835 1725 φανταζόμενον
856 1656 1054 1728 ἔχομεν
1077 1660 1136 1712 ἐν
1161 1662 1227 1731 τῇ
1258 1659 1468 1731 διανοίᾳ
1491 1674 1504 1688 ’
1530 1658 1668 1712 αὐτὸ
1690 1657 1849 1711 τοῦτο

264 1744 596 1815 γαννῦμενοι
644 1749 778 1819 ὁρᾷν
826 1749 1116 1821 ἄνθρωπον
1159 1750 1319 1814 Θεοῦ,
1362 1750 1643 1821 προσώπῳ
1670 1766 1730 1801 τε
1751 1748 1849 1801 καὶ

266 1836 458 1908 ὁμιλίᾳ
493 1839 656 1911 χάριν
700 1839 854 1894 θείαν
886 1841 1196 1911 λάμποντα,
1263 1843 1359 1896 καὶ
1406 1842 1489 1906 είς
1538 1840 1851 1909 δοξολογίαν

267 1930 406 1984 Θεοῦ
449 1936 917 2005 προτρεπόμενον.
957 1936 1157 2007 Ἔσχες
1185 1936 1241 1989 δὲ
1269 1935 1430 1990 τοῦτο
1485 1937 1553 2007 τῇ
1606 1935 1848 2006 ἐρημικῇ

272 2022 531 2091 μονώσει,
586 2027 680 2079 καὶ
730 2029 797 2098 τῇ
856 2030 1232 2100 προσευκτικῇ
1278 2027 1675 2099 προσελεύσειο
1712 2027 1853 2097 λαμ-

270 2116 538 2185 πρυνθεὶς
584 2117 900 2182 Μωσαῖκῶς
965 2120 1067 2191 τὴν
1121 2118 1245 2189 ὄψιν
1300 2119 1407 2191 πρὸ
1461 2117 1558 2173 τοῦ
1603 2119 1849 2191 ἀρρήτου

270 2209 465 2277 φάους.
494 2209 587 2263 Διὸ
628 2210 723 2263 καὶ
772 2206 927 2277 αὖθις
972 2212 1275 2283 γλιχόμεθα
1330 2229 1392 2266 σε
1452 2210 1841 2276 κατοπτεῦσαι,

269 2302 369 2355 καὶ
402 2288 808 2374 συμμετασχεῖν
836 2304 947 2358 τῶν
970 2306 1028 2357 ἐν
1066 2305 1148 2357 σοί
1183 2305 1447 2374 χαρίτων,
1484 2304 1628 2357 κατὰ
1659 2302 1845 2356 δευτέ-

269 2410 442 2461 ρωσιν
474 2394 796 2462 ἁγιαστικοῦ
839 2397 1268 2468 μετουσιασμοῦ,
1308 2398 1371 2451 σὺ
1407 2398 1542 2469 πρὸς
1569 2398 1723 2465 Θεὸν,
1756 2398 1852 2451 καὶ

266 2488 434 2555 ἡμεῖς
461 2487 614 2559 παρὰ
644 2486 763 2542 σοῦ.
809 2487 974 2560 Ὁρᾷς
1000 2490 1124 2544 ὅσον
1151 2508 1210 2544 σε
1261 2491 1392 2556 Θεὸς
1418 2488 1694 2558 ἐδόξασεν,
1727 2493 1852 2545 ἐπεὶ

267 2578 528 2643 ἐδόξασας
548 2580 714 2633 αὐτόν
739 2596 755 2647 ;
791 2580 929 2635 ἀλλὰ
962 2582 1057 2635 καὶ
1094 2582 1175 2637 ἔτι
1203 2582 1478 2649 δοξάσειεν
1506 2586 1565 2637 ἐν
1592 2586 1736 2639 τέλει
1756 2584 1850 2638 τοῦ

268 2671 413 2741 βίου,
439 2671 877 2743 ἀποπεραίνοντα
895 2674 1060 2740 ἀξίως
1084 2675 1176 2728 τὸν
1207 2676 1426 2747 δρόμον.
1461 2677 1623 2747 Ἢμῖν
1656 2677 1713 2731 δὲ
1740 2680 1853 2740 τοῖς

267 2766 615 2838 ἁμαρτωλοῖς
643 2764 827 2831 εὔξαιο
860 2768 964 2821 κᾶν
988 2768 1257 2839 ἄρξασθαι
1290 2768 1380 2822 τοῦ
1412 2772 1681 2843 σωτηρίου
1728 2771 1853 2842 δρό-

270 2873 412 2927 μου·
470 2857 698 2930 ἐπείπερ
732 2859 951 2930 μακρὰν
1009 2861 1117 2913 ἀπὸ
1156 2860 1291 2914 Θεοῦ
1340 2862 1391 2915 οἱ
1444 2863 1747 2935 ἐλάχιστοι,
1787 2864 1852 2917 Ἢ

265 2948 462 3021 πρώτη
490 2950 717 3024 ἐπιϐολὴ
745 2951 839 3005 τοῦ
862 2953 1021 3021 λόγου
1048 2955 1104 3009 ἐν
1126 2953 1358 3019 τούτοις.

343 3130 439 3193 Τίς
472 3134 505 3201 ἡ
537 3132 797 3204 δευτέρα;
843 3134 979 3205 Περὶ
1012 3134 1339 3190 Θεοκτίστου
1392 3136 1487 3189 τοῦ
1544 3137 1807 3209 ἐρημίτου
1835 3155 1850 3170 ⁸

267 3222 329 3283 ὃς
363 3223 513 3287 ὅπως
563 3224 827 3297 διερῤἁγη
873 3226 931 3292 ἐξ
971 3226 1268 3297 αἱρετικῶν
1323 3246 1486 3282 τινων
1543 3229 1853 3283 ὑποθέσεων

268 3313 367 3367 τοῦ
417 3313 666 3384 σώματος
695 3316 797 3386 τῆς
839 3317 1193 3387 Ἐκκλησίας,
1245 3320 1407 3382 αὐτὸς
1448 3320 1606 3391 ήμῶν
1654 3320 1855 3390 μᾶλλον

270 3405 587 3471 ἐπίστασαι,
620 3407 941 3476 τιμιώτατε.
994 3408 1143 3479 Πλὴν
1193 3410 1275 3463 ὃτι
1321 3411 1416 3463 καὶ
1452 3413 1613 3482 ἡμεῖς
1648 3410 1855 3482 προπέ-

275 3511 401 3566 ρυσι
432 3496 831 3567 πλησιάσαντες
862 3502 976 3561 τοῖς
1010 3499 1131 3551 καθ’
1169 3502 1320 3571 ἡμᾶς
1354 3500 1418 3573 [Γ.
1449 3502 1616 3574 ὑμᾶς]
1650 3503 1853 3555 ἐνδιαι-

271 3590 534 3659 τήμασιν,
569 3590 911 3661 ἐξεμάοομεν
940 3593 1092 3663 παρὰ
1129 3593 1238 3645 τῶν
1275 3596 1494 3647 εἰδότων
1534 3596 1603 3648 τὰ
1628 3595 1724 3648 τοῦ
1757 3598 1853 3649 ἀν-

272 3682 421 3751 δρός.
456 3684 529 3735 Οὐ
558 3684 665 3754 μὴν
694 3684 828 3737 ἀλλὰ
859 3686 951 3737 καὶ
980 3684 1068 3736 διὰ
1088 3688 1437 3756 γραμμάτων
1460 3689 1746 3759 ὑπεμνήσα
1757 3706 1855 3758 μεν

275 3777 371 3829 καὶ
404 3777 855 3847 παρεκαλέσαμεν
875 3777 1212 3845 ἀποσχέσθαι
1239 3779 1400 3832 αὐτὸν
1429 3780 1537 3831 τῶν
1565 3781 1855 3833 σκοτεινῶν

274 3867 501 3920 ἐκείνων
530 3869 621 3922 καὶ
652 3867 1048 3938 δαιμονοποιῶν
1077 3869 1430 3941 φθεγμάτων,
1467 3871 1769 3942 ὀρθοδοξεῖν
1802 3873 1857 3926 δὲ

280 3960 481 4031 μᾶλλον
500 3961 590 4015 ἐπί
616 3979 676 4014 τε
698 3963 796 4031 τῆς
826 3961 1101 4031 παναγίας
1116 3964 1403 4029 Θεοτὸκου,
1434 3967 1528 4018 καὶ
1551 3966 1659 4020 τῶν
1682 3966 1858 4020 ἄλλων

274 4052 514 4123 τρόπων.
549 4052 665 4106 Νῦν
690 4049 783 4107 οῦν
816 4053 1077 4126 Νικάνωρ
1101 4058 1130 4109 ὁ
1167 4057 1438 4127 ἡμέτερος
1468 4058 1697 4126 ἀδελφὸς
1742 4076 1859 4127 φοι-

273 4146 449 4216 τήσας
487 4145 627 4216 πρὸς
655 4146 825 4217 ἡμᾶς,
863 4148 1201 4218 ἀπήγγειλεν
1248 4149 1424 4202 ἐλθεῖν
1457 4152 1538 4213 είς
1575 4151 1859 4219 μετάγνω-

278 4251 364 4290 σιν
385 4237 478 4291 τὸν
507 4237 696 4308 ἄνδρα,
718 4243 811 4292 καὶ
834 4239 1040 4293 ἐθέλειν
1060 4243 1384 4313 ὀμοφρονεῖν
1418 4244 1483 4313 τῇ
1524 4242 1824 4313 Ἐκκλησία
1842 4259 1857 4275 °

276 4331 462 4399 λέγειν
498 4330 555 4384 δέ
594 4333 729 4402 μηδέ
779 4334 1019 4404 γράμμα
1068 4334 1201 4405 ἐμὸν
1256 4334 1561 4405 εἰληφέναι,
1606 4336 1742 4389 ἀλλὰ
1768 4337 1861 4389 καὶ

276 4425 409 4494 ἐρᾷν
431 4424 709 4489 δέξασθαι.
761 4424 914 4479 Ἐπεὶ
937 4422 1055 4491 οῦν,
1093 4428 1277 4498 Πάτερ
1333 4427 1477 4496 ἆγιε,
1512 4429 1858 4499 γέγραπται·

286 4515 353 4569 ’0
374 4516 608 4585 ἐξάγων
631 4517 807 4582 ἄξιον
830 4517 901 4583 ἐξ
921 4519 1175 4583 ἀναξίου
1201 4520 1281 4585 ὡς
1301 4523 1497 4590 στόμα
1519 4538 1640 4589 μου
1666 4522 1858 4575 ἔσται.

276 4612 411 4678 Καὶ,
460 4612 521 4665 '0
565 4613 963 4685 ἀποστρέφων
988 4616 1305 4686 ἄνθρωπον
1343 4620 1411 4672 ἐκ
1443 4620 1685 4687 πλάνης
1716 4621 1861 4675 ὀδοῦ

274 4705 488 4771 αὑτοῦ,
521 4708 781 4775 καλύψει
810 4707 1045 4776 πλῆθος
1074 4710 1378 4778 αμαρτιῶν
1402 4728 1417 4743 ο
1450 4711 1532 4764 δεῖ
1564 4713 1661 4781 τὴν
1696 4714 1863 4780 ἁγιω-

279 4799 447 4869 σύνην
482 4816 575 4852 σου
606 4800 979 4872 διαναστῆναι,
1007 4804 1101 4857 καὶ
1129 4803 1311 4856 δοῦναι
1329 4808 1485 4874 χεῖρα
1512 4806 1765 4874 βοηθείας
1787 4805 1862 4876 τῷ

2020 1283 2076 1337 Si
2106 1285 2414 1353 jucundum
2444 1288 2826 1355 spectaculum
2845 1287 3048 1342 viderit
3077 1288 3377 1359 quispiam,
3404 1289 3535 1353 hoc,

1946 1385 2001 1430 et
2021 1388 2313 1447 postquam
2349 1381 2659 1444 recesserit,
2688 1381 2877 1434 animo
2904 1396 3121 1451 semper
3144 1381 3347 1437 intueri
3372 1383 3533 1438 solet.

1954 1464 2049 1521 Sic
2085 1468 2252 1536 igitur
2280 1477 2333 1522 et
2363 1485 2466 1525 nos
2519 1471 2781 1534 humiles,
2814 1472 2899 1525 vir
2926 1486 2956 1525 a
2998 1471 3111 1527 Deo
3158 1472 3443 1540 honorate,
3469 1491 3535 1529 ex

1948 1573 2060 1627 quo
2085 1568 2139 1614 te
2170 1561 2340 1614 semel
2373 1562 2615 1615 vidimus
2647 1572 2701 1617 et
2751 1562 2920 1618 locuti
2953 1574 3134 1618 tecum
3178 1581 3396 1631 smnus,
3430 1568 3541 1621 mi-

1950 1649 2101 1704 nime
2130 1650 2287 1705 obliti
2320 1667 2537 1716 sumus;
2580 1652 2677 1707 sed
2705 1656 3036 1724 impressum
3066 1657 3236 1710 ntenti
3268 1658 3535 1726 gerimus.

1954 1740 2107 1795 illum
2136 1746 2313 1813 ipsum
2341 1746 2525 1801 videre
2545 1747 2837 1817 gestientes
2865 1749 3143 1804 hominem
3164 1748 3281 1817 Dei,
3306 1761 3361 1805 et
3386 1751 3535 1804 vultu

1950 1839 2007 1886 et
2043 1835 2230 1889 verbis
2294 1836 2535 1891 divinam
2594 1840 2828 1904 gratiam
2868 1842 3196 1909 spirantem,
3231 1852 3287 1897 et
3344 1843 3410 1897 ad
3444 1842 3538 1897 Dei

1951 1924 2143 1982 laudes
2178 1928 2521 1984 incitantent.
2560 1932 2678 1987 Hoc
2702 1948 2836 1986 vero
2867 1933 3097 2003 adeptus
3147 1951 3207 1990 es
3256 1937 3538 1990 eremitica

1952 2019 2272 2088 solitudine,
2307 2033 2361 2077 et
2402 2024 2670 2079 orationis
2705 2026 3167 2096 frequentatione,
3203 2028 3401 2083 faciem
3448 2044 3541 2098 ge-

1956 2127 2085 2167 rens
2130 2113 2333 2187 Moysis
2375 2115 2551 2171 instar
2598 2116 2862 2173 inell‘abili
2905 2120 3027 2175 luce
3075 2120 3538 2189 resplendentem.

1956 2206 2225 2272 Quocirca
2259 2219 2312 2264 et
2352 2208 2776 2264 ileruntiutueri
2832 2221 2882 2265 te
2905 2212 3182 2280 cupimus,
3243 2220 3298 2266 et
3354 2212 3542 2282 gratiae

1954 2299 2223 2355 donorum
2256 2316 2376 2368 qua:
2399 2302 2452 2355 in
2481 2312 2531 2356 te
2558 2312 2687 2356 sunt
2730 2302 3026 2372 participes
3058 2303 3195 2367 lieri,
3232 2318 3298 2357 ac
3330 2305 3539 2358 sancti—

1954 2393 2083 2447 tatis
2123 2408 2289 2464 quam
2340 2402 2395 2448 tu
2444 2409 2475 2448 a
2522 2396 2656 2458 Deo,
2713 2410 2816 2449 nos
2867 2394 2967 2449 abs
3009 2402 3082 2459 te,
3125 2396 3311 2449 minus
3355 2404 3537 2449 tamen

1954 2501 2120 2556 quam
2152 2495 2358 2557 quanta
2389 2486 2445 2541 in
2480 2496 2532 2541 te
2584 2496 2689 2549 est,
2745 2488 3091 2542 hauriemus.
3135 2484 3302 2542 Vides
3332 2498 3536 2557 quanta

1956 2588 2010 2634 te
2042 2578 2188 2634 Deus
2214 2581 2389 2649 gloria
2445 2578 2710 2644 all'ecerit,
2741 2580 3019 2649 quoniam
3059 2590 3117 2634 tu
3174 2581 3328 2635 illum
3366 2582 3536 2652 gloria

1956 2674 2225 2729 aﬂecisti?
2279 2673 2459 2743 Atque
2498 2675 2709 2727 utinam
2747 2688 2949 2728 ornare
2991 2683 3042 2727 te
3095 2685 3290 2743 pergat
3338 2674 3390 2728 in
3436 2674 3543 2727 ﬁne

1956 2768 2100 2830 vitae,
2121 2767 2457 2820 curriculum
2479 2774 2537 2819 ut
2560 2782 2658 2831 par
2680 2774 2764 2819 est
2779 2764 3174 2819 absolventem.
3193 2763 3273 2819 Tu
3299 2782 3426 2820 vero
3445 2782 3541 2835 pro

1956 2856 2115 2911 nobis
2148 2871 2244 2909 ora
2280 2856 2682 2926 peccatoribus,
2734 2864 2793 2908 ut
2846 2855 2928 2909 vel
2957 2854 3287 2909 incltoetnus
3335 2857 3543 2909 saltua-

1956 2965 2072 3005 rem
2102 2965 2366 3014 cursum;
2399 2949 2602 3023 quippe
2627 2950 2718 3019 qui
2750 2964 2780 3002 a
2807 2948 2914 3002 Deo
2949 2948 3109 3016 longe
3142 2948 3411 3001 absumus
3447 2950 3544 3001 ho-

1956 3043 2224 3098 munculi.
2257 3042 2438 3112 Atque
2466 3043 2569 3096 hoc
2598 3042 2834 3110 primum
2864 3039 3137 3095 orationis
3173 3043 3541 3110 propositum.

2028 3136 2313 3202 Quodnam
2345 3134 2626 3190 alterum?
2649 3135 2723 3188 De
2751 3132 3081 3189 Theoctisto
3134 3135 3361 3188 eremita
3399 3150 3414 3187 :
3449 3134 3544 3203 qui

1956 3244 2197 3298 quonam
2235 3229 2399 3283 modo
2437 3245 2533 3298 per
2564 3227 2860 3283 ltaareticas
2908 3228 3175 3298 quasdam
3212 3227 3548 3298 qumstiones

1956 3320 2025 3374 ab
2060 3320 2324 3375 Ecclesia:
2354 3334 2588 3389 corpore
2618 3320 2870 3375 divulsus
2911 3322 3001 3385 sit,
3037 3321 3155 3389 ipse
3190 3324 3331 3375 nosti
3353 3320 3550 3376 melius

1959 3428 2125 3482 quant
2172 3427 2293 3476 nos,
2331 3412 2817 3466 reverendissime.
2854 3412 3111 3465 Attamen
3138 3421 3193 3466 et
3222 3412 3325 3482 ipsi
3378 3428 3551 3481 nuper

1880 3512 1923 3571 ς,
1959 3504 2023 3556 ad
2078 3503 2306 3557 cellulas
2337 3512 2551 3557 vestras
2602 3518 2736 3557 cum
2767 3503 3139 3566 venissemus,
3188 3503 3257 3556 de
3308 3502 3549 3557 hominis

1960 3595 2126 3649 rebus
2168 3610 2234 3649 ex
2272 3596 2339 3648 iis
2386 3594 2478 3663 qui
2536 3603 2805 3648 noverant
2835 3594 3148 3649 didicimus.
3204 3592 3348 3660 Quin
3383 3594 3549 3648 etiam

1960 3703 2059 3757 per
2091 3688 2303 3741 litteras
2339 3685 2869 3741 commouefccimus
2909 3687 3223 3754 hortatique
3248 3702 3463 3752 sumus,
3497 3696 3557 3738 ut

1959 3780 2029 3833 ab
2078 3779 2438 3832 tenebrirosrs
2498 3778 2608 3831 illis
2674 3789 2729 3833 et
2773 3778 3136 3833 tltBlllulllaCiS
3197 3780 3554 3833 sermonibus

1960 3872 2285 3935 abstineret,
2349 3882 2403 3925 et
2452 3871 2760 3925 orthodoxe
2802 3873 2988 3941 potius
3032 3874 3262 3926 sentiret
3314 3883 3427 3925 tum
3488 3873 3555 3925 de

1963 3964 2312 4020 sanctissima
2348 3962 2605 4032 Deipara,
2640 3974 2754 4017 tum
2810 3966 2875 4018 de
2909 3964 3034 4018 aliis
3066 3964 3363 4030 capitibus.
3398 3963 3555 4018 Nune

1962 4071 2093 4125 ergo
2157 4054 2399 4111 Nicanor
2446 4054 2616 4109 frater
2670 4066 2876 4110 noster
2911 4058 2986 4129 apd
3014 4070 3115 4111 nos
3154 4056 3383 4110 veniens
3416 4057 3557 4112 tesi--

1963 4152 2150 4219 puisse
2210 4148 2491 4203 hominem
2553 4148 2915 4214 renuntiavit,
2980 4150 3227 4218 velleque
3293 4149 3557 4205 Ecclesia:

1963 4241 2301 4303 consentire,
2339 4256 2539 4309 negare
2569 4250 2754 4294 autem
2789 4256 2849 4295 se
2883 4241 3094 4295 litteras
3128 4256 3281 4297 meas
3306 4245 3557 4312 accepis-

1964 4346 2064 4395 se;
2098 4329 2195 4385 sed
2228 4338 2283 4384 et
2320 4329 2448 4383 illas
2482 4340 2695 4399 Optare.
2750 4330 3019 4396 Quoniam
3078 4330 3244 4398 igitur
3289 4333 3555 4399 scriptum

1964 4434 2068 4489 est,
2122 4422 2285 4477 Pater
2341 4432 2529 4476 sancte
2564 4439 2577 4474 :
2620 4420 2725 4486 Qui
2767 4422 2941 4475 educit
2970 4424 3187 4493 dignum
3220 4440 3284 4476 ex
3316 4426 3556 4496 indigno,

1964 4518 2103 4571 sicut
2126 4534 2182 4569 os
2214 4532 2381 4568 meum
2406 4517 2504 4569 erit
2540 4516 2605 4581 “,
2652 4523 2707 4569 et
2738 4532 2750 4566 :
2791 4514 3146 4579 Quiconrcrti
3170 4516 3353 4585 fecerit
3387 4518 3559 4571 hami-

1966 4625 2082 4663 nent
2112 4609 2175 4661 ab
2205 4624 2385 4661 errore
2402 4608 2500 4661 via:
2533 4622 2663 4671 suae,
2702 4609 2897 4676 aperiet
2921 4608 3317 4662 multitudinem
3369 4627 3557 4674 pecca-

1966 4712 2141 4755 torum
2173 4702 2251 4764 ης
2313 4699 2663 4752 sanctitatem
2701 4713 2848 4751 tuam
2882 4714 3179 4767 exsurgere
3211 4710 3447 4770 oportet,
3502 4714 3557 4755 et

1967 4789 2155 4842 auxilii
2196 4804 2415 4842 manum
2453 4789 2732 4857 porrigere
2757 4790 2984 4841 erranti.
3038 4789 3091 4841 lu
3130 4791 3231 4844 huc
3263 4792 3407 4844 enim
3462 4790 3554 4844 Dei

402 4852 413 4869 Ι
666 4852 677 4854 ⁷
734 4852 789 4854 7"
812 4852 868 4872 “Ἰ
907 4852 979 4868 'VV'
1009 4852 1099 4857 "'V'
1136 4852 1485 4874 '—'Vﬁ"u"lvv‘
1512 4852 1763 4874 r"l""“
1798 4852 1852 4876 ’Τ

278 4892 642 4961 πλανωμένῳ.
706 4895 796 4949 Ἐν
826 4895 1002 4965 τούτῳ
1065 4898 1173 4968 γὰρ
1227 4896 1361 4949 Θεοῦ
1423 4900 1683 4969 συνεργὸς
1734 4901 1852 4971 ἔσῃ.

1967 4883 2183 4951 adjutur
2213 4881 2343 4935 eris.
2382 4880 2487 4945 Qui
2540 4895 2669 4933 vero
2698 4881 2749 4933 id
2786 4882 2914 4933 lict?
2950 4880 3015 4935 Ut
3069 4880 3450 4936 Theoctistum
3488 4885 3555 4937 ad

282 4985 476 5037 Ἔσται
506 4986 563 5038 δὲ
587 4985 747 5040 τοῦτο
780 4988 937 5055 πῶς;
987 4989 1075 5042 ἵνα
1097 4989 1376 5059 δηλώματι
1422 4992 1569 5056 ἄξοις
1608 4992 1699 5045 τὸν
1729 4994 1859 5047 Θεό-

278 5092 499 5129 κτιστον
518 5078 655 5147 πρὸς
690 5079 772 5141 σὲ,
806 5079 983 5142 εἴποις
1017 5097 1075 5132 τε
1121 5082 1214 5133 καὶ
1236 5081 1522 5153 διαλεχθῇς
1553 5084 1620 5135 τα
1649 5085 1855 5139 εἰκότα.

285 5168 393 5220 Καὶ
416 5170 464 5221 εί
493 5170 591 5239 μὲν
618 5169 798 5241 εῦροις
819 5172 981 5224 αὑτὸν
1004 5173 1221 5225 εἴκοντα
1244 5172 1321 5243 τῷ
1341 5173 1468 5243 θείῳ
1488 5175 1651 5244 λόγῳ,
1685 5175 1859 5238 εἴποις

281 5261 378 5313 καὶ
407 5262 538 5331 περὶ
568 5262 704 5331 ἐμοῦ
735 5262 831 5315 τοῦ
869 5264 1151 5324 ταπεινοῦ,
1185 5267 1265 5318 ὅτι
1308 5266 1386 5328 είς
1418 5266 1549 5319 αὐτὸ
1582 5267 1738 5318 τοῦτο
1767 5285 1859 5320 κε-

282 5355 513 5421 κίνημαι
537 5353 706 5422 φιλῶν
734 5356 833 5425 τὴν
856 5358 1133 5426 σωτηρίαν
1162 5355 1328 5409 αὑτοῦ
1356 5371 1369 5384 ’
1392 5356 1495 5408 κᾶν
1518 5357 1856 5424 δοκιμαζοις,

281 5445 311 5496 ὁ
351 5444 564 5513 Πατὴρ,
585 5446 837 5507 κάκεῖνος
888 5447 1008 5516 ἐρᾷ,
1057 5444 1348 5498 ἐπιστείλω
1406 5447 1553 5516 αὐτῷ
1600 5447 1856 5511 εὐθέτως,

284 5535 429 5587 ὥστε
455 5536 851 5608 ἀμφοτέρωθεν
885 5538 1241 5606 ἑλκυσθῆναι,
1282 5540 1376 5590 καὶ
1409 5539 1739 5609 κερδηθῆναι
1764 5541 1857 5591 τὸν

284 5628 683 5698 ἀπολλύμενον.
716 5629 887 5683 Τοῦτο
916 5631 1027 5700 γὰρ
1071 5630 1319 5700 βούλεται
1355 5630 1508 5695 Θεὸς,
1552 5632 1655 5684 κᾶν
1698 5631 1858 5685 τοῦτο

354 5744 403 5776 ’⁸⁸
423 5742 626 5800 Jerem.
652 5762 741 5811 tv,
776 5745 864 5802 l9.
943 5747 985 5810 '3"
1010 5746 1121 5801 Jztt'.
1156 5763 1204 5809 ν,
1245 5747 1330 5801 ‘20.

1415 5748 1662 5801 “Matth.
1695 5765 1842 5815 \\'lll,
1867 5752 1953 5807 15.

1970 4984 2021 5028 te
2051 4976 2309 5035 advoces,
2342 4972 2505 5041 eique
2538 4973 2693 5025 dicas
2727 4981 2781 5025 et
2808 4973 3086 5027 edisseras
3115 4989 3243 5041 quae
3291 4991 3390 5043 par
3424 4977 3551 5029 erit.

1969 5065 2100 5119 Etsi
2128 5065 2351 5134 quidem
2389 5064 2583 5117 cedere
2619 5065 2773 5116 illunt
2805 5064 3012 5118 videris
3043 5064 3234 5118 divino
3263 5067 3541 5132 sermoni;

1966 5161 2033 5213 de
2059 5176 2144 5213 me
2174 5160 2335 5211 etiam
2366 5158 2559 5210 humili
2596 5157 2894 5226 signiﬁces,
2927 5159 3175 5211 eamdem
3202 5174 3378 5212 nteant
3405 5176 3551 5213 mem

1970 5260 2074 5303 tem
2134 5265 2274 5312 esse,
2310 5248 2431 5315 ejus
2467 5247 2661 5301 salutis
2719 5246 2993 5301 desiderio
3027 5270 3038 5302 ;
3073 5256 3146 5312 et,
3175 5247 3222 5300 si
3265 5250 3549 5315 probabis,

1967 5342 2149 5404 Pater,
2194 5341 2358 5410 idque
2387 5340 2476 5393 ille
2497 5348 2733 5406 expetet,
2769 5340 3012 5392 scribam
3049 5340 3116 5393 ad
3175 5340 3329 5393 illum
3378 5356 3551 5410 appo-

1966 5441 2087 5498 site.
2121 5449 2179 5492 ut
2214 5448 2443 5508 utraque
2476 5446 2627 5506 parte
2662 5435 2934 5496 trahatur,
2970 5443 3024 5488 et
3056 5434 3401 5503 lucriﬁatqui
3428 5452 3553 5505 per-

1964 5535 2023 5587 it.
2058 5531 2171 5586 Hoc
2230 5531 2374 5584 enim
2405 5529 2521 5581 vult
2563 5526 2726 5591 Deus,
2766 5536 2819 5580 et
2848 5526 3016 5595 hujus
3052 5527 3226 5596 gratia
3260 5527 3314 5580 in
3350 5536 3547 5581 terram

1965 5627 2131 5689 venit,
2166 5625 2305 5694 quod
2346 5623 2579 5691 perierat
2614 5634 2866 5689 qmcreus
2902 5619 3160 5673 reducere
3191 5616 3258 5671 “z
3308 5627 3360 5672 et
3400 5634 3549 5674 amo-

1836 5868 1972 5924 ΝΟΤ
1982 5868 2041 5920 Αἰ
2052 5908 2063 5919 .

357 5975 470 6043 (ίῖ)
508 5976 563 6028 In
600 5978 721 6029 eod.
749 5977 880 6044 Reg.
917 5979 1046 6045 {.26’.

526 6086 796 6143 ΡΑΤαοι..
826 6086 942 6147 Gtt.
983 6086 1173 6145 XCIX
