4156 6476
633 438 771 503 1387
1838 431 1900 489 S.
1942 425 2334 490 THEODORI
2371 425 2720 486 STUDl'l‘fn‘.
3789 411 3925 476 1388

633 568 755 609 rem
786 550 1024 621 proximi
1056 564 1178 605 esse
1208 548 1365 620 jubet
1421 548 1578 603 nobis
1616 545 1825 603 amoris
1854 561 1983 617 erga
2043 560 2103 600 se
2139 559 2229 597 ar-

2349 537 2503 611 ἢλθεν
2572 540 2667 591 ἐπὶ
2727 537 2826 605 τῆς
2889 536 2992 607 γῆς
3048 534 3108 587 τὺ
3170 530 3449 595 ἀπολωλὸς
3504 527 3757 601 δκζητῶν
3805 530 3928 580 tm—

632 654 981 716 gumentum.
1014 641 1291 711 Omnique
1317 648 1519 696 conatu
1551 639 1780 695 excitari
1812 653 1916 692 nos
1946 638 2225 701 convenit,

2349 636 2571 705 στρέψαι
2596 651 2609 664 ·
2664 631 2871 701 καὶτῆς
2888 633 2969 693 είς
2999 627 3163 682 αὐτὸν
3182 627 3405 696 ἀγάπης
3424 620 3702 686 ἀπόδειξιν
3714 619 3815 686 τὴν
3828 618 3925 670 τοῦ

634 735 801 791 Pater
824 744 1016 791 sancte
1043 754 1055 789 :
1098 736 1153 790 in
1193 735 1338 787 hunc
1367 733 1514 786 enim
1550 732 1714 786 tinem
1744 740 1803 785 ut
1827 731 1896 784 ad
1938 741 1990 785 te
2022 730 2227 784 scribe-

2349 724 2509 788 πέλας
2541 724 2727 795 φιλίαν
2779 724 3017 776 ποιεῖται
3048 722 3202 790 ἡμῖν.
3256 718 3368 771 Καὶ
3393 716 3474 770 δεῖ
3519 712 3687 767 παντὶ
3745 711 3929 762 σθένει

634 843 753 883 rem
778 838 1060 898 permotus
1091 842 1235 881 sum.
1274 824 1432 891 Quod
1496 825 1541 879 si
1594 836 1715 894 post
1763 824 1923 877 talem
1966 832 2227 877 conatum

2349 820 2632 889 κινηθῆναι
2663 819 2834 889 ἡμᾶς,
2873 816 3059 885 Πάτερ
3089 814 3203 866 ὄσιε
3230 827 3246 844 ο
3294 813 3377 873 εἰς
3412 808 3570 862 τοῦτο
3605 807 3715 876 γὰρ
3766 801 3928 869 κάγὼ

636 894 952 974 detrectans
1010 933 1121 971 non
1164 916 1520 986 obsequetur,
1576 915 1767 969 videbit
1796 915 2009 984 iniquus
2038 913 2105 967 ".
2140 912 2231 967 Ait

2349 912 2585 983 κινηθεὶς
2612 910 2831 981 ἔγραψά
2861 894 3065 960 σοι.Ἐί
3095 905 3151 958 δὲ
3179 902 3320 973 μετά
3361 903 3461 971 τὴν
3494 898 3751 966 τοιαύτην
3801 898 3929 948 ἐπι-

638 1012 909 1067 Dominus
948 1009 1161 1066 :Sinite
1215 1011 1361 1074 illos,
1417 1010 1544 1063 βαιοὶ
1592 1021 1714 1063 sunt
1749 1008 1815 1063 ⁸⁸.
1848 1008 2018 1076 Quem
2064 1008 2230 1075 igitur

2349 1006 2598 1077 χείρησιν
2629 1000 2873 1056 ἀπειθῶν
2903 997 3146 1061 ἀπειθεῖ,
3168 997 3379 1064 ὄψεται
3406 996 3439 1046 d
3461 989 3704 1059 ἀνομῶν
3725 1007 3737 1018 ·
3771 988 3929 1077 λέγει

640 1122 963 1162 successum
993 1105 1260 1160 Dominus
1289 1105 1523 1169 dederit,
1570 1104 1814 1157 iudicare
1838 1104 1998 1167 mihi,
2041 1102 2226 1166 Pater,

2349 1076 2574 1169 Κύριος·
2614 1097 2833 1164 ’Ἅφετε
2887 1093 3132 1158 αὐτοὺς,
3189 1088 3411 1159 τυφλοί
3464 1088 3665 1139 εἰσινο
3702 1082 3780 1146 ὡς
3832 1076 3930 1134 οὖν

638 1198 976 1253 venerandis
1008 1198 1115 1252 tuis
1138 1196 1336 1252 litteris
1367 1197 1585 1251 bonitas
1618 1206 1712 1250 tua
1753 1210 1821 1249 ne
1848 1204 2122 1267 gravetur.

982 1394 1195 1452 CXVII.
1233 1425 1306 1437 -—
1332 1395 1586 1453 Mariano
1621 1397 1916 1466 spat/tario.

2336 1192 2515 1245 εὐοδοῖ
2544 1189 2776 1261 Κύριος,
2819 1187 3185 1257 ἀγαθύνθητι,
3219 1186 3423 1256 Πάτερ,
3448 1178 3811 1253 δηλοποιῆσαί
3838 1192 3931 1247 μοι

2339 1284 2637 1357 γράμματί
2675 1300 2772 1338 σου
2812 1282 3003 1353 τιμίῳ.

2574 1398 2699 1451 PlZ'
2735 1398 2869 1467 (l3).
2906 1426 2978 1437 —
2999 1391 3283 1463 Μαριανῷ
3310 1380 3856 1458 σπαθαρίφ.[χνη’.]

1984 1509 2062 1560 De
2101 1511 2271 1560 mundi
2303 1519 2614 1577 contemptu.

711 1621 1001 1691 Compellit
1036 1634 1124 1676 me
1152 1620 1217 1674 ad
1250 1620 1597 1676 scribendum
1612 1618 1787 1689 pietas
1819 1629 1932 1681 tua,
1970 1626 2229 1686 tanquam

644 1715 772 1770 inde
817 1713 1083 1779 fructum,
1120 1712 1321 1783 inquit,
1348 1714 1610 1783 capiens;
1641 1727 1742 1781 ego
1773 1726 1904 1765 vero
1934 1725 2040 1764 non
2074 1720 2230 1778 puto,

642 1808 773 1877 quia
803 1818 985 1859 sermo
1010 1814 1221 1867 noster,
1254 1802 1722 1874 quemadmodum
1766 1810 1819 1855 et
1854 1802 1986 1866 vita,
2022 1800 2233 1855 inutilis

641 1910 747 1962 est;
772 1898 867 1953 sed
896 1906 954 1951 ut
982 1895 1252 1951 charitate
1284 1896 1469 1965 potius
1506 1897 1753 1951 incitata.
1788 1892 2038 1949 Charitas
2059 1893 2231 1959 enim,

643 1993 722 2047 ait
750 1992 1071 2062 Apostolus,
1106 2005 1209 2042 non
1237 1990 1438 2060 cogitat
1468 1988 1670 2042 malum
1699 1989 1764 2042 δ’.
1799 1986 2067 2041 Caeterum
2096 1999 2236 2055 quo-

643 2085 923 2157 quomodo
958 2098 1044 2139 res
1064 2098 1123 2138 se
1146 2083 1366 2147 habeat,
1396 2084 1531 2139 cedo
1555 2082 1899 2153 etobseqnor
1922 2082 2101 2135 amico
2132 2095 2233 2133 no-

644 2188 785 2243 stro,
816 2177 936 2231 viro
968 2177 1136 2240 bono,
1170 2175 1555 2230 laudatissima
1594 2175 1837 2245 praesidi,
1870 2173 2096 2227 alumno
2122 2171 2237 2241 pie-

643 2272 799 2329 tatis.
847 2271 1116 2324 doctrinae
1146 2269 1472 2323 orthodoxae
1513 2267 1809 2338 discipulo,
1856 2266 2063 2321 homini
2116 2263 2235 2329 Dei,

644 2363 1045 2419 monachorum
1106 2363 1361 2417 amatori.
1426 2360 1591 2416 Multa
1625 2370 1755 2416 sunt
1806 2358 2055 2415 encomia
2120 2368 2234 2420 tua,

644 2458 863 2528 egregia
920 2455 1186 2510 facinora.
1248 2453 1357 2509 Sed
1390 2455 1537 2517 vide.
1571 2455 1795 2509 domine
1823 2453 1921 2516 mi,
1954 2451 2236 2521 quomodo

646 2548 933 2608 ambules;
996 2548 1101 2601 hoc
1144 2546 1291 2601 enim
1330 2547 1533 2600 clamat
1566 2544 1863 2613 Apostolus
1886 2542 1933 2573 '°
1966 2558 1980 2593 :
2042 2556 2150 2594 non
2178 2547 2241 2593 ut

646 2644 935 2713 insipiens,
996 2641 1089 2696 sed
1120 2650 1177 2694 ut
1198 2639 1453 2711 sapiens;
1483 2654 1589 2691 non
1617 2647 1676 2691 ut
1699 2637 1851 2690 carni
1880 2635 2118 2695 deditus,
2144 2634 2239 2687 scd

648 2741 710 2785 ut
757 2746 949 2785 amans
1002 2729 1204 2795 Deum;
1271 2745 1380 2783 non
1434 2738 1695 2797 tanquam
1751 2726 2095 2786 immortalis,
2144 2722 2240 2776 sed

648 2836 911 2895 tanquam
958 2824 1024 2879 de
1062 2825 1217 2878 exitu
1270 2822 1541 2877 sollicitus
1604 2820 1914 2875 Commune
1962 2828 2044 2872 est
2081 2814 2241 2871 debi—

650 2932 788 2983 tum,
816 2919 1073 2989 praefixus
1098 2917 1370 2971 terminus
1406 2916 1499 2985 qui
1540 2914 1857 2969 transcendi
1889 2929 1995 2965 non
2039 2917 2238 2979 potest.

650 3010 777 3067 Non
795 3023 868 3067 est
892 3013 1064 3076 enim,
1104 3011 1200 3077 ait,
1229 3011 1320 3081 qui
1358 3010 1491 3064 vivet
1508 3017 1557 3063 et
1582 3024 1686 3061 non
1709 3006 1902 3061 videbit
1924 3016 2145 3057 mortem
2172 3004 2239 3054 δι.

650 3108 911 3173 Quaenam
955 3120 1110 3177 ergo,
1159 3105 1331 3170 dices,
1385 3115 1752 3172 utrorumque
1819 3099 2053 3170 propria:
2110 3106 2243 3152 sunt

651 3201 833 3256 nota?
866 3199 1003 3271 Ego,
1040 3198 1239 3264 amice,
1272 3197 1373 3251 tibi
1402 3210 1699 3267 exponam.
1735 3193 1989 3248 Priorum
2020 3189 2241 3261 quidem

2431 1620 2624 1673 Ἐλκει
2649 1619 2810 1690 ’ἡμᾶς
2839 1617 2875 1688 ἡ
2904 1612 3159 1669 εὐσέϐειά
3183 1628 3277 1665 σου
3308 1607 3447 1679 πρὸς
3469 1606 3533 1660 τὸ
3555 1605 3816 1677 γράφειν.
3851 1601 3933 1663 ὡς

2341 1712 2763 1782 δφελος,φησὶν,
2796 1708 3165 1781 εὐρίσκουσα⁶
3211 1700 3309 1756 καὶ
3367 1700 3429 1755 οὐ
3478 1697 3655 1753 δοκῶ·
3695 1694 3932 1764 ἐπείπερ

2340 1802 2505 1875 ἡμῶν
2530 1803 2631 1856 σὺν
2658 1802 2737 1872 τῷ
2768 1801 2892 1872 βίῳ,
2939 1798 3034 1852 καὶ
3061 1799 3091 1851 δ
3126 1796 3288 1865 λόγος
3334 1792 3612 1863 ἄχρηστος
3632 1803 3647 1817 ⁸
3704 1787 3823 1842 ἀλλ’
3853 1788 3933 1850 ὡς

2342 1898 2536 1969 ἀγάπῃ
2566 1894 2868 1968 φερομένη.
2914 1892 2982 1951 Ἡ
2998 1890 3201 1961 ἀγάπη
3235 1888 3369 1960 γὰρ,
3410 1885 3575 1956 φησὶν
3597 1885 3625 1936 ό
3664 1880 3935 1934 ’Δτοόστο-

2341 1989 2455 2055 λος,
2509 1989 2577 2041 τὸ
2620 1986 2811 2040 κακὸν
2865 1986 2939 2040 οὐ
2986 1979 3302 2053 λογίζεται.
3354 1978 3503 2049 Πλὴν
3548 1972 3830 2045 ὁποτέρως
3862 1972 3934 2025 ἀν

2344 2084 2479 2153 ἔχοι,
2512 2082 2646 2135 εἵκω
2699 2079 2798 2134 καὶ
2846 2076 3111 2147 πείθομαι
3154 2074 3233 2146 τῷ
3264 2073 3523 2145 ἡμετέρῳ
3560 2068 3793 2142 ἐραστῇ,
3851 2064 3934 2134 τῷ

2342 2174 2537 2245 ἀγαθῷ
2560 2173 2740 2245 ἀνδρὶ,
2766 2172 2846 2243 τῷ
2888 2170 3235 2240 πανευφήμφ
3271 2166 3516 2237 ἄρχοντι,
3562 2163 3640 2233 τῷ
3671 2160 3933 2233 τροφίμῳ

2345 2269 2444 2339 τῆς
2475 2267 2782 2331 εὐσεϐείας,
2813 2265 2893 2336 τῷ
2918 2265 3198 2337 θρέμματι
3232 2261 3331 2331 τῆς
3356 2257 3693 2330 ὀρθοδοξίας,
3729 2254 3807 2324 τῷ
3838 2257 3935 2309 ἀν-

2347 2366 2557 2439 θρώπῳ
2590 2365 2689 2419 τοῦ
2720 2363 2881 2431 Θεοῦ,
2910 2362 2987 2434 τῷ
3016 2362 3217 2432 φιλητῇ
3253 2356 3363 2410 τῶν
3394 2354 3703 2427 μαίας-τῶν.
3750 2350 3936 2405 Πολλά

2348 2477 2445 2513 σου
2490 2459 2562 2512 τὰ
2601 2455 2878 2527 ἐγκώμια,
2913 2452 3178 2507 κάλλιστα
3229 2450 3297 2505 τά
3322 2446 3727 2520 ἀριστεύματα.
3775 2442 3935 2497 Ἀλλὰ

2349 2551 2591 2622 βλέποις.
2614 2552 2642 2604 ὀ
2672 2548 2941 2619 δεσπότης
2971 2563 3098 2617 μου,
3118 2545 3236 2608 πῶς
3262 2542 3583 2615 περιπατεῖς
3599 2556 3613 2569 ’
3641 2536 3803 2591 τοῦτο
3825 2534 3935 2605 γὰρ

2350 2644 2450 2715 βοᾷ
2482 2646 2510 2697 ὁ
2547 2642 2893 2706 Ἀπόστολος,
2938 2637 3013 2711 μὴ
3052 2637 3128 2701 ὡς
3183 2636 3409 2704 ἄσοφος,
3464 2632 3581 2687 ἀλλ’
3612 2630 3687 2695 ὡς
3724 2631 3929 2698 σοφός’

2352 2737 2427 2808 μὴ
2452 2736 2527 2800 ὡς
2558 2736 2911 2807 φιλόσαρκος,
2940 2731 3056 2787 ἀλλ’
3089 2730 3165 2792 ὡς
3192 2727 3441 2799 φιλόθεος
3468 2741 3483 2755 ⁸
3519 2725 3595 2795 μὴ
3625 2724 3704 2786 ὡς
3726 2721 3937 2778 ἀθάνα-

2346 2845 2460 2893 τος,
2495 2826 2610 2880 ἀλλ’
2644 2826 2719 2889 ὡς
2769 2824 3115 2895 ὲμμέριμνος
3160 2817 3381 2885 ἐξόδουο
3412 2818 3475 2870 τὸ
3520 2814 3702 2868 κοινὸν
3743 2812 3934 2882 χρέος,

2347 2923 2409 2975 τδ
2438 2921 2821 2991 ἀνυπέρϐατον
2867 2918 3165 2989 δροθέσιον.
3205 2916 3331 2969 Οὐκ
3382 2912 3516 2969 ἐστι
3554 2908 3685 2980 γὰρ,
3742 2908 3933 2978 φησὶν,

2351 3015 2420 3081 ὃς
2467 3013 2733 3082 ζήσεται,
2770 3014 2867 3066 καὶ
2925 3014 3037 3065 οὐκ
3084 3010 3295 3078 ὄψεται
3349 2997 3631 3062 θάνατον.
3665 3000 3805 3053 Τίνα
3844 2994 3938 3053 οὖν

2350 3107 2680 3177 ἀμφοτέρων
2699 3105 2768 3158 τὰ
2789 3103 3075 3174 ἰδιώματα,
3097 3104 3271 3164 εἴποις
3286 3099 3351 3156 ἀν
3371 3118 3386 3167 ;
3404 3096 3547 3167 Ἐγώ
3571 3112 3653 3149 σοι
3670 3093 3936 3162 διεξίημι.

2352 3198 2474 3269 φίλε
2502 3216 2515 3230 ·
2558 3197 2652 3252 τοῦ
2696 3198 2795 3267 μὲν
2862 3194 3082 3267 πρώτου
3140 3191 3482 3264 χορεύματα,
3528 3186 3937 3256 γελοιάσματα,

653 3296 887 3353 choreae.
907 3294 1074 3357 risus,
1102 3291 1235 3356 ludi,
1264 3290 1619 3360 turpiloquia,
1641 3289 1959 3352 ebrietates,
1978 3286 2236 3355 crapulae,

2358 3293 2605 3361 παίγνια,
2648 3289 3152 3360 αίσχρολογήματα,
3183 3283 3546 3355 οἱνοφλυγίαι,
3593 3293 3943 3351 γαστριμαρ-

652 3386 780 3440 elati
809 3386 1056 3455 spiritus,
1082 3384 1272 3439 inanes
1294 3383 1596 3451 jactantiae,
1624 3381 1882 3451 exquisiti
1915 3380 1981 3433 ad
2016 3380 2243 3449 gloriam

654 3486 885 3531 ornatus
924 3476 1016 3530 alii
1050 3476 1171 3531 aliis
1195 3476 1573 3538 succedentes,
1597 3473 1911 3527 divitiarum
1946 3470 2243 3535 desideria,

655 3583 888 3636 quaque
931 3567 1018 3621 his
1048 3567 1200 3635 plura
1230 3575 1285 3619 ct
1318 3566 1573 3636 graviora
1606 3564 1675 3619 ob
1698 3563 1984 3634 dignitatis
2018 3572 2122 3614 tua:
2162 3575 2247 3613 re-

656 3659 961 3715 verentiam
1004 3660 1379 3728 praetermitto.
1416 3658 1481 3711 Et
1510 3658 1757 3727 quidem,
1784 3657 1875 3725 qui
1903 3655 2035 3707 talia
2058 3662 2245 3722 agunt,

658 3769 878 3823 regnum
934 3750 1030 3806 Dei
1080 3768 1185 3805 non
1240 3751 1712 3821 consequentur",
1765 3758 1823 3803 ut
1869 3746 2250 3819 pronuntiavit

658 3848 980 3917 Apostolus.
1003 3851 1117 3912 Age
1141 3861 1270 3900 vero
1284 3845 1514 3900 alterius
1535 3858 1758 3913 quoque
1786 3843 1962 3911 partis
1984 3858 2106 3911 qua:
2136 3841 2249 3895 sint

659 3941 881 4011 prOpria
944 3940 1256 3993 ostendam.
1314 3936 1621 4007 Paupertas
1676 3936 1929 4006 spiritus,
1978 3949 2249 4004 compun-

661 4034 861 4088 ctionis
908 4032 1185 4103 lacrytnte,
1216 4030 1605 4094 mansuetudo,
1642 4046 1769 4101 pax,
1841 4027 2247 4092 misericordia,

660 4125 864 4181 mentis
891 4125 944 4179 in
969 4124 1135 4177 Deum
1154 4122 1569 4194 contemplatio,
1606 4131 1956 4190 contemptus
1978 4119 2246 4188 pecuniae,

662 4216 849 4270 odium
888 4215 1103 4277 mundi,
1135 4212 1449 4283 frugalitas,
1481 4212 1823 4267 continentia
1849 4225 1948 4280 pro
1977 4210 2251 4279 cujusque

662 4308 863 4361 virium
889 4305 1148 4361 facultate
1182 4320 1195 4356 :
1238 4319 1403 4374 supra
1431 4302 1744 4373 conjugetn,
1776 4317 1940 4371 supra
1970 4301 2132 4367 filios,
2160 4316 2253 4354 su-

662 4412 760 4469 pra
785 4408 1060 4467 parentcs,
1088 4409 1253 4466 supra
1302 4394 1522 4461 fratres,
1567 4411 1735 4466 supra
1777 4410 1969 4449 omnes
2018 4395 2249 4449 omnino

663 4506 853 4546 amare
875 4488 1169 4543 Dominum
1196 4490 1289 4559 qui
1313 4489 1441 4544 fecit
1473 4503 1594 4555 nos,
1625 4490 1719 4558 qui
1741 4490 1985 4559 seipsutn
2009 4490 2075 4542 ad
2104 4503 2252 4542 mor-

665 4596 776 4640 tem
818 4584 1043 4639 tradidit
1068 4598 1166 4652 pro
1193 4598 1527 4654 unoquoque
1557 4592 1827 4638 nostrum.

2348 3385 2489 3454 γίαι,
2523 3377 2916 3455 μετεωρίσμοὶ,
2974 3380 3200 3434 διάκενα
3252 3379 3591 3448 φυσήματα,
3653 3374 3941 3428 καλλωπί-

2351 3493 2533 3546 σματα
2564 3474 2968 3543 ἀλλεπάλληλα,
3008 3471 3413 3541 φιλοπλουτίαι,
3458 3470 3687 3541 ἔρωτες,
3738 3469 3836 3519 καὶ
3870 3466 3940 3519 τὰ

2349 3567 2523 3621 πλείω
2550 3568 2650 3620 καὶ
2679 3566 2959 3638 βαρύτερα
2984 3566 3127 3619 αἰδοῖ
3149 3565 3249 3634 τῆς
3297 3561 3551 3627 ἐξουσίας
3582 3578 3676 3614 σου
3709 3560 3937 3629 ἀφίημι.

2349 3660 2462 3714 Καί
2487 3677 2551 3730 γε
2567 3664 2620 3713 oi
2650 3660 2721 3713 τὰ
2750 3659 2996 3713 τοιαῦτα
3013 3657 3402 3727 πράσσοντες
3423 3656 3763 3720 ,Βασιλείαν
3787 3652 3939 3707 Θεοῦ

2349 3755 2421 3807 οὐ
2484 3754 3100 3823 κληρονομήσουσιν,
3161 3751 3443 3822 ἀπέφηνεν
3501 3752 3530 3805 ὁ
3586 3749 3937 3813 ’Δπόστολος.

2351 3844 2522 3917 Δεῦρύ
2558 3864 2641 3900 σοι
2687 3848 2783 3900 καὶ
2820 3846 2916 3900 τοῦ
2970 3848 3157 3920 ἑτέρου
3209 3847 3558 3918 ὐποδείξαιμι
3609 3847 3678 3900 τὰ
3730 3848 3934 3916 κράτη.

2351 3939 2603 4009 Πτωχεία
2644 3939 2981 4010 πνεύματος,
3007 3939 3360 4007 κατανύξεως
3392 3941 3630 4010 δάκρυα,
3664 3941 3936 4011 πραότης.

2351 4033 2568 4103 εἰρήνη,
2601 4032 2967 4105 ἐλεημοσύνη,
2996 4034 3089 4087 νοῦ
3115 4034 3254 4105 πρὸς
3285 4033 3419 4086 Θεὸν
3446 4032 3671 4103 θεωρία,
3702 4032 3943 4103 ἀφιλαρ-

2350 4127 2540 4198 γυρία,
2600 4128 2955 4199 μισοκοσμία,
3018 4126 3344 4197 αὐτάρκεια,
3398 4126 3741 4195 ἐγκράτεια·
3796 4126 3943 4179 κατά

2351 4218 2584 4291 δύναμιν
2618 4221 2719 4291 τῆς
2749 4220 2835 4290 ἐφ’
2870 4220 3090 4291 ἑκάστῳ
3119 4219 3432 4290 δυνάμεως,
3466 4222 3607 4292 ὑπὲρ
3642 4221 3940 4290 ὁμόζυγον,

2354 4313 2502 4385 ὑπὲρ
2528 4313 2714 4376 τέκνα,
2740 4313 2880 4383 ὑπὲρ
2901 4314 3105 4382 γονεῖς,
3132 4314 3274 4385 ὑπὲρ
3299 4312 3585 4381 ἀδελφοὺς,
3604 4312 3746 4384 ὑπὲρ
3770 4314 3944 4367 ἀπαν-

2350 4424 2451 4471 τας
2471 4407 2679 4473 ἁπλῶς,
2712 4407 2935 4478 ἀγαπᾷν
2957 4406 3047 4459 τὸν
3072 4406 3277 4477 Κύριον
3303 4405 3395 4459 τὸν
3426 4406 3734 4476 ποιήσαντα
3768 4408 3940 4477 ἡμᾶς,

2352 4501 2446 4555 τὸν
2488 4501 2632 4573 ὑπὲρ
2670 4500 2791 4564 ἑνὸς
2820 4502 3057 4555 ἑκάστου
3096 4498 3440 4554 ἐκδεδωκότα
3481 4499 3676 4553 ἑαυτὸν
3729 4500 3811 4563 είς
3842 4500 3942 4553 θά-

2354 4610 2513 4648 νατον
2520 4633 2535 4647 ο

736 4678 865 4735 Haec
893 4688 1056 4748 atque
1091 4677 1176 4732 his
1202 4677 1430 4743 similia,
1464 4678 1577 4731 veri
1617 4688 1745 4731 sunt
1768 4676 2094 4733 Christiani.
2121 4674 2243 4731 Noli

2422 4682 2608 4737 Ταῦτα
2634 4682 2725 4735 καὶ
2752 4681 2823 4735 τά
2844 4681 3060 4745 τούτοις
3078 4683 3264 4753 ὅμοια,
3288 4682 3386 4737 καί⁵
3403 4683 3499 4736 τοῦ
3520 4682 3782 4753 ἀληθινοῦ
3804 4686 3941 4754 Χρι-

667 4774 814 4829 enim
855 4773 923 4827 de
950 4773 1224 4827 monacho
1258 4772 1631 4841 interpretari,
1662 4770 1904 4837 domine,
1940 4787 2063 4841 qua:
2104 4773 2247 4827 dicta

668 4876 819 4932 sunt,
836 4876 891 4923 et
918 4881 1025 4921 non
1054 4867 1121 4920 de
1150 4865 1293 4920 laico
1323 4864 1608 4935 aequaliter
1646 4865 1830 4920 omnia
1862 4867 1881 4935 (
1911 4866 2126 4921 tametsi
2172 4844 2249 4921 ode

667 4956 941 5012 monacho
982 4954 1319 5026 impensius)
1354 4965 1553 5025 praeter
1582 4956 1976 5011 continentiam
2032 4966 2085 5013 et
2117 4972 2251 5027 pau—

669 5062 957 5121 pertatem,
984 5051 1051 5104 de
1080 5049 1281 5119 quibus
1312 5049 1596 5105 saacularis
1632 5066 1740 5105 non
1772 5051 2245 5107 condemuabitur.

670 5144 739 5199 Et
775 5153 959 5197 tamen
989 5142 1115 5197 istic
1144 5156 1364 5211 quoque
1383 5150 1777 5211 sunttempora
1800 5142 2172 5207 continentiae,
2199 5154 2254 5198 et

670 5236 1007 5309 frugalitatis
1060 5235 1227 5305 leges.
1259 5234 1529 5289 Habentes
1558 5236 1705 5289 enim
1745 5236 2024 5300 alimenta,
2059 5236 2254 5305 inquit,

672 5340 722 5386 et
750 5331 940 5400 quibus
972 5340 1231 5405 tegantur,
1264 5328 1344 5383 liis
1377 5329 1605 5382 contenti
1645 5328 1812 5381 simus
1830 5328 1897 5381 ".
1941 5327 2045 5393 Qui
2080 5339 2256 5383 autem

671 5426 862 5480 divites
891 5424 1010 5493 ﬁeri
1033 5424 1237 5491 uolunt,
1268 5423 1506 5476 incidunt
1538 5422 1590 5475 in
1612 5421 1935 5475 barathrum
1986 5421 2255 5476 inelucta-

673 5517 781 5573 bile
803 5516 869 5570 ⁵⁸.
899 5514 965 5570 Et
986 5531 1234 5580 rursum,
1266 5512 1332 5569 Ut
1362 5524 1410 5567 et
1434 5513 1523 5585 qui
1544 5512 1737 5567 habent
1766 5528 1978 5579 uxores,
2002 5524 2257 5585 tanquam

2355 4771 2597 4827 στιανοῦ.
2650 4773 2742 4843 Μὴ
2788 4774 2897 4843 ¹γάρ
2932 4790 3016 4826 τοι
3055 4774 3306 4846 νομίσῃς,
3338 4774 3614 4838 δέσποτα,
3650 4776 3746 4829 ἐπὶ
3776 4777 3943 4846 μονά-

2353 4863 2537 4928 ζοντος
2589 4863 2659 4917 τὰ
2695 4864 2977 4935 λεχθέντα,
3032 4865 3149 4918 ἀλλ’
3200 4866 3322 4936 οὐχὶ
3371 4867 3468 4920 καὶ
3519 4867 3612 4920 ἐπὶ
3645 4867 3840 4922 λαῖκοῦ
3875 4871 3942 4923 τὰ

2352 4958 2531 5011 πάντα
2567 4957 2766 5028 ἐπίσης
2789 4957 2915 5028 (κᾶν
2946 4958 3005 5010 ὲν
3035 4957 3113 5028 τῷ
3139 4959 3427 5028 μονάζοντι
3456 4961 3897 5031 ἐπιτεταμένως)

2354 5050 2494 5122 πλὴν
2520 5050 2766 5120 ἀγαμίας
2812 5050 2909 5104 καὶ
2948 5050 3362 5123 ἀκτημοσύνης,
3398 5055 3458 5106 ὲν
3486 5050 3570 5117 οἷς
3600 5054 3631 5106 ὁ
3674 5054 3944 5124 κοσμικδς

2354 5144 2416 5196 οὐ
2440 5143 2838 5214 κατακέκριται
2861 5159 2875 5173 ·
2895 5144 3048 5213 ὅμως
3071 5144 3353 5199 κάνταῦθα
3383 5146 3713 5217 ἐγκρατείας
3738 5149 3943 5219 καιροὶ,

2356 5239 2454 5289 καὶ
2484 5236 2825 5305 αὐταρκείας
2884 5236 3102 5319 θεσμοί.
3141 5239 3431 5307 Ἔχοντες
3458 5242 3589 5312 γὰρ,
3620 5243 3780 5309 φησι,
3821 5242 3944 5296 δια·

2356 5328 2581 5396 τροφὰς
2601 5327 2700 5379 καί
2715 5328 3137 5397 σκεπάσματα,
3165 5332 3400 5397 τούτοις
3420 5332 3941 5403 ἀρκεσθησόμεθα.

2354 5423 2419 5473 οι
2442 5419 2511 5473 δὲ
2533 5420 2903 5489 βουλόμενοι
2944 5423 3256 5487 πλουτεῖν,
3312 5424 3723 5494 ἐμπίπτουσιν
3767 5430 3845 5492 εἰς
3885 5427 3944 5479 τὸ

2360 5514 2603 5583 ἄφυκτον
2635 5512 2930 5586 βάραθρον.
2976 5516 3087 5569 Καὶ
3106 5516 3293 5585 πάλιν,
3321 5518 3459 5573 ἰνα
3489 5518 3589 5572 καὶ
3618 5522 3675 5574 οι
3698 5521 3942 5591 ἔχοντες

745 5633 790 5705 ⁵7
821 5631 1105 5705 Psal._qi,
1133 5631 1219 5683 l0.
1296 5630 1343 5705 ‘f
1365 5626 1765 5705 Matinum,“
1842 5625 1923 5705 ξ’]
1942 5626 2070 5685 Cor.
2098 5645 2219 5692 xm,
2243 5629 2297 5683 5.
2375 5626 2420 5659 “
2443 5625 2646 5697 Epltes.
2674 5626 2827 5688 v.15.
2906 5627 2948 5659 ⁵³
2979 5627 3126 5685 Psal.
3180 5610 3449 5699 uxxvttt,
3482 5631 3575 5690 49.
3652 5636 3701 5667 "
3738 5633 3938 5705 Ephes.

676 5719 727 5771 ν,
754 5704 808 5758 4.
883 5704 931 5735 ³³
968 5703 983 5756 ι
1015 5699 1159 5753 Tun.
1189 5716 1266 5763 vn,
1308 5701 1360 5755 8.
1440 5700 1525 5752 “l
1557 5698 1683 5754 Cor.
1711 5715 1807 5761 vn,
1843 5697 1935 5753 ‘29.

2189 5810 2419 5868 ΝΟΤΑΣ.

750 5910 862 5979 (15)
896 5908 955 5963 lu
982 5908 1105 5963 cod.
1142 5907 1275 5974 Reg.
1319 5912 1455 5975 pza'.
