4156 6530
220 514 373 583 1389

1438 503 1979 565 EPISTOLARUM
2043 504 2189 563 LIB.
2225 503 2306 563 ῐΙ.

3368 502 3506 567 1390

214 631 540 704 γυναῖκας,
600 627 682 695 ὡς
719 624 808 697 μὴ
847 624 1093 694 ἔχοντες
1133 615 1304 677 ὦσιν.
1364 617 1523 683 Ἰδοὺ,
1580 613 1817 673 δέσποτά

1919 632 2023 672 non
2050 618 2299 671 habentes
2333 617 2440 670 sint
2469 616 2536 670 ".
2575 614 2738 678 Ecce,
2771 614 2845 670 mi
2870 612 3116 680 domine,
3151 614 3384 686 adegisti
3418 631 3506 670 me

223 745 356 800 μου,
385 720 707 793 ἠνάγκασας
741 735 811 790 με
845 717 907 770 τὸ
948 714 1227 785 δικαίωμα
1261 711 1358 766 τοῦ
1391 712 1528 766 Θεοῦ
1557 712 1813 779 ἀναγγεῖ-

223 819 313 875 λαί
371 833 475 871 σοι.
528 813 864 881 Σπεύσωμεν
902 807 1205 879 ἀμφότεροι
1239 804 1503 876 σωθῆναι.
1553 801 1813 873 Ἀρκετὸς

226 911 356 981 ἡμῖν
380 911 409 962 ό
437 903 830 979 παρεληλυθὼς
864 903 1056 974 χρόνος
1083 901 1180 955 τοῦ
1215 900 1353 972 βίου,
1384 899 1446 952 τὸ
1477 898 1688 969 θέλημα
1711 897 1812 969 τῆς

220 1002 429 1073 σαρκός
476 996 953 1070 κατεργάσασθαι.
1006 994 1159 1056 Νῦν,
1191 994 1408 1063 φησὶνό
1462 991 1805 1057 Ἀπόστολος,

213 1098 421 1163 καιρὸς
446 1091 891 1161 εὐπρόσδεκτος
915 1126 931 1152 ,
959 1086 1080 1141 νῦν
1104 1086 1296 1156 ἡμέρα
1319 1084 1639 1153 σωτηρίας.
1679 1083 1811 1137 Ἰδοὺ

216 1188 249 1238 ὁ
279 1186 485 1255 ἀγαθὸς
520 1184 653 1248 Θεὸς
685 1183 972 1252 ἐκδέχεται
1005 1180 1113 1242 ἓως
1151 1178 1390 1249 ἐσχάτης
1411 1176 1690 1246 ἀναπνοῆς
1718 1176 1812 1231 τὸν

219 1280 441 1351 καρπὸν
479 1278 672 1350 ὴμῶνο
730 1274 805 1346 μὴ
838 1275 1022 1327 εἴποι·
1080 1273 1395 1337 Ἐκκοψον
1447 1270 1657 1329 αὐτὸν,
1709 1268 1812 1321 ἵνα

217 1374 282 1428 τί
305 1376 404 1428 καὶ
435 1374 549 1439 τὴν
581 1368 699 1439 γῆν
748 1365 1066 1437 καταργεῖ;
1120 1364 1196 1435 μὴ
1234 1363 1428 1435 κλείσῃ
1459 1360 1585 1415 καθ’
1622 1360 1804 1431 ἡμῶν,

220 1464 320 1519 καὶ
349 1463 452 1517 οὐκ
480 1461 628 1513 ἔστιν
659 1458 889 1524 ἄνοιξις·
928 1456 1003 1525 μὴ
1036 1453 1194 1507 λάϐοι
1227 1454 1375 1522 ἡμᾶς
1398 1454 1426 1505 ὁ
1457 1451 1701 1513 διάϐολος
1727 1451 1806 1514 είς

224 1558 394 1628 μέρος
431 1550 620 1617 αὐτοῦ,
677 1548 1190 1619 συγκολαζομένους
1231 1542 1462 1599 αἰώνια·
1524 1543 1600 1615 μὴ
1644 1542 1813 1611 ἀνάρ-

222 1664 426 1703 παστοι
451 1646 605 1713 ἄφνω
638 1641 953 1713 γενοίμεθα.
982 1640 1223 1702 Ποσάκις
1243 1638 1450 1706 ἐγγύας
1468 1636 1808 1705 δεδώκαμεν,

222 1741 302 1802 ὼς
326 1739 374 1791 ei
394 1739 493 1806 τῆς
527 1733 834 1800 ἀσθενείας,
871 1732 903 1805 ἢ
934 1731 1089 1786 τοῦδε
1126 1729 1222 1784 τοῦ
1263 1729 1541 1795 κινδύνου,
1574 1730 1607 1800 ἢ
1643 1728 1810 1799 τῆσδε

220 1836 326 1899 τῆς
355 1832 587 1900 θλίψεως
620 1829 929 1900 ῥυσθῶμεν,
968 1826 1087 1899 Θεῷ
1134 1826 1375 1897 γνησίως
1407 1824 1771 1893 δουλεύσομεν
1792 1837 1808 1853 ⁸

223 1925 323 1981 καὶ
364 1924 526 1978 πάλιν
585 1919 966 1991 ἐπελαϐόμεθα
1013 1919 1126 1972 τῶν
1169 1917 1488 1990 συνθηκῶν;
1540 1915 1647 1979 ἕως
1678 1914 1810 1968 πότε

222 1976 479 2084 ἀνέξεται
501 2032 516 2081 ;
541 2015 647 2078 ἕως
679 1976 997 2077 τίνοςιὲὰσει
1023 2029 1038 2075 ;
1083 1976 1338 2082 Ἀνάγκη
1360 2010 1579 2072 πάντως
1613 1976 1809 2079 μικρὸν
1842 1976 1885 2032 Β

224 2112 457 2182 ὓστερον
477 2107 716 2174 ἐξελθεῖν
748 2105 857 2159 τῶν
891 2102 1130 2159 ἐνθένδε.
1160 2104 1252 2175 Μὴ
1282 2103 1465 2157 τοίνυν
1487 2098 1811 2172 εύρεθῶμεν

222 2201 716 2274 ἀπαρασκεύαστοι
771 2198 880 2251 τῶν
925 2196 1153 2266 ἀγαθῶν
1198 2196 1402 2269 ἔργων,
1450 2195 1544 2249 ἵνα
1611 2192 1688 2264 μὴ
1749 2191 1813 2245 τὸ

220 2298 349 2350 οὐαὶ
374 2298 509 2367 ἡμῖν
539 2295 622 2365 είη
650 2290 875 2346 αἰώνιον
901 2290 998 2343 καὶ
1024 2288 1335 2360 ἀπέραντον
1364 2305 1380 2319 ·
1413 2287 1529 2342 ἀλλ’
1570 2286 1630 2339 ἐν
1661 2286 1806 2339 ἐτοι-

227 2390 399 2461 μασίᾳ
454 2385 895 2459 εὐαρεστήσεως,
938 2382 1087 2446 ὅπως
1142 2379 1568 2452 συμϐασιλεύειν
1621 2377 1815 2451 Κυρίῳ

224 2478 658 2549 καταξιωθῶμεν
696 2476 777 2540 εἰς
805 2475 1203 2544 ἀτελευτήτους
1228 2473 1462 2537 αίῶνας.
1497 2470 1739 2524 Γένοιτο.

438 2586 575 2641 PIH’
607 2583 744 2655 (I4).
784 2614 852 2623 —
876 2584 1247 2655 Εὐφροσύνῃ
1275 2582 1605 2653 ἡγουμένῃ.
1634 2579 1819 2654 [χνγ’.]

1914 720 1976 765 ιιι
2008 709 2214 780 justam
2242 707 2338 764 Dei
2390 708 2568 779 legem
2620 710 3007 762 annuntiarem
3039 707 3157 762 tibi.
3202 707 3509 762 Contenda-

1914 818 2038 858 mus
2068 803 2230 857 ambo
2256 811 2316 856 ut
2335 802 2472 858 salvi
2495 802 2689 857 simus.
2720 800 2868 856 Satis
2893 801 3050 855 nobis
3088 799 3254 856 fuerit
3277 809 3506 871 praeter-

1916 895 2050 950 itum
2084 896 2212 950 vitae
2265 905 2503 966 tempus,
2540 905 2602 948 ut
2630 895 2901 950 desideria
2926 894 3114 948 carnis
3140 894 3507 963 expleremus.

1916 988 2097 1053 Nunc,
2124 989 2201 1043 ait
2252 987 2573 1059 Apostolus,
2607 997 2811 1056 tempus
2844 985 3186 1056 acceptabile,
3227 1002 3365 1040 nunc
3395 989 3510 1039 dies

1913 1080 2104 1135 salutis
2134 1081 2203 1133 ⁸⁸.
2250 1079 2390 1136 Ecce
2428 1079 2607 1135 bonus
2672 1079 2815 1133 Deus
2867 1094 3045 1148 usque
3094 1079 3160 1132 ad
3199 1089 3507 1133 extrenmm

1913 1174 2168 1244 spiritum
2192 1180 2478 1243 exspectat
2502 1171 2739 1228 fructum
2763 1187 2793 1226 a
2819 1172 3016 1239 nobis;
3049 1187 3117 1226 ne
3150 1170 3336 1226 dicat:
3375 1170 3513 1226 Suc-

1913 1267 2029 1321 cide
2055 1266 2231 1328 illum.
2262 1275 2317 1319 ut
2340 1266 2467 1335 quid
2491 1265 2653 1318 etiam
2683 1275 2879 1318 terram
2907 1274 3130 1331 occupat
3156 1265 3239 1317 l‘7?
3267 1279 3334 1318 ne
3357 1266 3512 1318 clau—

1915 1358 2012 1414 dat
2050 1358 2233 1423 nobis,
2268 1368 2460 1413 etnon
2494 1357 2565 1412 sit
2593 1358 2685 1426 qui
2722 1358 2934 1426 aperiat
2968 1376 2979 1410 :
3023 1372 3092 1411 ne
3125 1366 3377 1411 assumat
3409 1371 3511 1410 nos

1914 1451 2168 1507 diabolus
2201 1451 2256 1505 in
2282 1461 2487 1506 sortem
2514 1466 2669 1505 suam
2696 1465 2821 1503 cum
2856 1449 2974 1519 ipso
3010 1448 3065 1503 in
3103 1458 3373 1503 aeternum
3407 1464 3508 1517 pu-

1914 1545 2150 1600 niendos
2184 1560 2197 1597 :
2236 1558 2306 1598 ne
2330 1552 2556 1613 repente
2592 1541 2767 1611 abripi
2804 1557 2904 1595 nos
2939 1542 3247 1609 contingat.
3280 1540 3511 1608 Quoties

1913 1635 2334 1707 spopondimus,
2357 1648 2481 1697 nos,
2515 1633 2562 1687 si
2597 1634 2666 1688 ab
2696 1634 3037 1697 inlirinitate,
3062 1634 3108 1687 si
3136 1634 3205 1687 ab
3231 1633 3334 1687 hoc
3364 1636 3512 1702 peri-

1913 1727 2061 1790 culo,
2111 1724 2159 1781 si
2194 1725 2263 1780 ab
2293 1724 2399 1779 hac
2457 1739 2704 1779 aerumna
2737 1724 3125 1789 liberaremur,
3160 1724 3270 1779 Deo
3296 1725 3514 1780 sincere.

1913 1820 2245 1875 servituros:
2278 1825 2333 1871 et
2356 1826 2546 1887 postea
2573 1817 2888 1886 pactionum
2908 1817 3063 1871 obliti
3092 1832 3288 1872 sumus
3314 1816 3337 1871 ?
3359 1818 3513 1884 Quo-

1920 1927 2096 1982 usque
2128 1910 2348 1965 tandem
2401 1909 2744 1964 sustinebit?
2781 1925 3073 1980 quousque
3099 1910 3382 1965 cessabit?
3409 1910 3516 1965 Ne-

1912 2020 2067 2061 cesse
2101 2014 2187 2060 est
2209 2017 2442 2073 prorsus
2472 2002 2633 2071 paulo
2662 2011 2788 2071 post
2815 2003 2944 2058 hinc
2975 2004 3150 2058 abire.
3180 2002 3300 2058 Non
3341 2004 3514 2075 igitur

1910 2097 2397 2168 deprehendamur
2424 2110 2454 2149 a
2482 2094 2643 2151 bonis
2662 2095 2919 2164 operibus
2944 2096 3221 2165 imparati,
3260 2113 3328 2152 ne
3353 2097 3515 2154 nobis

1910 2201 2179 2245 aeternum
2222 2197 2279 2243 et
2308 2190 2415 2243 line
2459 2202 2657 2243 carens
2680 2201 2762 2240 va:
2807 2186 3069 2243 obveniat
3100 2206 3115 2254 ;
3167 2189 3265 2243 sed
3298 2204 3513 2258 prtepa-

1910 2290 2103 2336 rantes
2150 2295 2254 2336 nos
2298 2279 2366 2334 ad
2400 2276 2756 2335 obtinendam
2787 2278 2885 2335 Dei
2914 2295 3122 2350 pacem,
3162 2291 3221 2336 ut
3244 2298 3370 2337 cum
3402 2281 3515 2336 Do-

1914 2373 2065 2428 mino
2096 2386 2330 2444 regnare
2359 2386 2675 2427 mereamur
2698 2369 2755 2425 in
2795 2373 2997 2428 saecula
3026 2388 3136 2427 non
3174 2375 3509 2430 desinentia.

1916 2465 2060 2521 Fiat.

2175 2577 2415 2634 CXVIII.
2442 2610 2511 2620 —
2546 2578 2915 2652 Euplirosynw
2948 2580 3271 2651 praeposita.

465 2699 533 2750 Ut
553 2697 743 2759 matris,
768 2697 914 2759 cujus
939 2696 1130 2746 obitum
1163 2696 1459 2757 deﬂeverat,
1496 2698 1709 2745 virtutes
1734 2693 1913 2745 imitari
1948 2694 2166 2755 studeat,
2190 2692 2472 2757 praesertim
2500 2693 2549 2744 in
2577 2695 2867 2746 monasterii
2893 2695 3276 2760 gubernatione.

300 2809 462 2880 Ἀρτι
518 2807 722 2879 μᾶλλον
776 2806 1116 2877 ἀποδέχομαι
1171 2807 1274 2878 τὴν
1326 2806 1622 2877 τιμιότητά
1674 2823 1769 2859 σου
1797 2821 1813 2836 ⁸

222 2900 732 2971 ἀποκλαυσαμένην
751 2899 852 2970 τὴν
886 2900 1169 2969 μακαρίαν
1206 2898 1427 2969 μητέρα
1451 2914 1465 2928 ⁸
1506 2899 1597 2951 ὅτε
1625 2897 1817 2969 ἐξελη-

223 2992 404 3056 λυθὼς
432 2994 461 3046 ὁ
487 2991 795 3062 οἰκονόμος,
824 2990 1133 3062 ἀπήγγειλε
1160 2988 1618 3061 παρακεκλῆσθαι
1646 2988 1818 3060 αὐτὴν

224 3088 287 3140 ἐν
334 3085 546 3156 Κυρίῳ.
592 3084 706 3154 Ἐφ’
764 3076 809 3152 ᾧ
867 3084 962 3138 καὶ
999 3085 1034 3154 ἡ
1086 3082 1423 3146 ταπείνωσις
1488 3099 1588 3152 μου
1624 3081 1815 3152 ἀνείθη

224 3176 611 3249 φροντίζοντος
652 3174 724 3230 τὰ
757 3174 898 3229 κατὰ
939 3175 1000 3229 σὲ
1050 3176 1125 3240 ὡς
1170 3174 1413 3244 ἀδελφῆς
1461 3174 1519 3226 ὲν
1567 3173 1807 3245 Χριστῷ.

225 3273 324 3324 Δεῖ
348 3270 481 3339 γὰρ,
509 3263 555 3323 ὦ
580 3268 772 3340 κυρία,
802 3271 861 3322 ἐν
879 3270 992 3331 τοῖς
1025 3268 1330 3338 φιλτάτοις,
1353 3266 1453 3321 καὶ
1476 3266 1655 3337 τὸτῆς
1674 3266 1813 3336 ἀγά-

228 3380 343 3435 πης
366 3360 846 3431 ἐνδεικνυμένους,
878 3358 1154 3429 πενθῆσαι
1181 3354 1457 3428 φυσικῶς,
1479 3360 1575 3410 καὶ
1606 3357 1685 3428 τῷ
1719 3357 1817 3427 τῆς

229 3452 447 3516 ἐλπίδος
470 3449 923 3522 ἐπερειδομένους
954 3450 1212 3518 δόγματι,
1246 3447 1670 3519 παρακληθῆναι
1694 3447 1815 3501 θεο-

229 3543 484 3615 πρεπῶς,
513 3544 635 3615 μηδ’
660 3540 942 3612 ὁποτέρως
971 3540 1324 3612 λυμήνασθαι
1361 3540 1424 3594 τὸ
1455 3538 1641 3593 καλόν.
1673 3541 1817 3593 Ἴσον

226 3639 341 3708 γάρ
393 3639 541 3691 ἐστιν
592 3634 933 3707 ἀναλγησίας
979 3637 1015 3707 ἠ
1074 3635 1424 3707 ύπὲρμετρος
1459 3632 1815 3706 περιωδυνία.

229 3733 476 3804 Μέτροις
510 3730 760 3801 ἀγόμεθα
785 3729 881 3783 καὶ
904 3729 1093 3783 κανόσι
1120 3728 1311 3794 θείοις,
1349 3728 1445 3782 καὶ
1498 3727 1733 3798 μάλιστα
1768 3725 1820 3778 οἱ

229 3826 295 3880 τὸ
365 3826 463 3897 τῆς
534 3823 875 3891 τελειότητος
962 3820 1297 3891 ἐπάγγελμα
1378 3818 1815 3891 ἐπανῃρημένοι.

232 3916 511 3970 Ἐκλαυσε
536 3916 631 3969 καὶ
664 3913 870 3968 Μωσέα
898 3912 991 3966 τὸν
1027 3911 1309 3983 θεόπτηνὸ
1342 3910 1493 3975 λαὸς,
1526 3909 1665 3963 ἀλλά
1694 3926 1818 3962 τεσ-

232 4010 546 4082 σαράκοντα
589 4008 841 4081 ἡμέρας·
909 4008 1006 4062 καὶ
1078 4005 1283 4077 Ῥαχὴλ
1347 4006 1448 4077 τὴν
1504 4003 1819 4075 θαυμασίαν

244 4102 443 4157 Ἰακὼϐ
471 4104 500 4156 ό
525 4106 876 4174 πατριάρχης
920 4103 1018 4155 σὺν
1049 4101 1266 4163 τέκνοις
1289 4114 1304 4130 ο
1352 4098 1490 4153 ἀλλὰ
1533 4097 1820 4169 βραχείαις

232 4198 511 4267 ἡμέραιςο
563 4195 659 4249 καὶ
688 4195 852 4248 αὐτὸν
891 4194 1091 4266 Ἰωσὴφ
1120 4196 1150 4249 ό
1211 4191 1675 4264 πολυθρύλλητος,
1722 4188 1822 4245 καὶ

232 4289 434 4351 ἄλλους
464 4288 617 4342 ἄλλοι
654 4286 712 4340 ἐν
743 4303 803 4339 τε
849 4286 1063 4358 Παλαιᾷ
1090 4286 1187 4340 καὶ
1229 4285 1349 4357 Νέᾳ
1374 4284 1624 4356 Διαθήκη
1648 4303 1663 4318 ·
1699 4282 1818 4338 ἀλλ’

232 4380 581 4452 ὡρισμένως,
611 4380 707 4433 καὶ
727 4379 829 4433 οὐκ
850 4380 963 4432 ἀεί⁹
986 4378 1131 4433 οὓτω
1160 4378 1227 4447 δὴ
1261 4378 1356 4432 καὶ
1378 4377 1519 4449 αὐτὴ
1544 4378 1822 4448 ποιήσασα

233 4477 333 4529 καὶ
365 4472 615 4536 ποιοῦσα,
647 4470 931 4543 ἐπαινετὴ,
958 4470 1112 4542 παρά
1138 4485 1200 4522 τε
1223 4468 1343 4540 Θεῷ
1360 4469 1457 4522 καὶ
1483 4468 1815 4541 ἀνθρώποις.

1984 2805 2145 2860 Nunc
2186 2803 2301 2875 jam
2342 2805 2520 2877 magis
2548 2806 2713 2862 laudo
2739 2806 3107 2862 reverentiam
3143 2815 3316 2865 tuam.
3364 2802 3513 2876 quod

1916 2897 2140 2952 beatam
2175 2908 2404 2954 matrem
2441 2900 2677 2955 deﬂendi
2709 2900 2873 2955 ﬁnem
2903 2899 3052 2967 fecit,
3090 2898 3314 2970 quando
3331 2913 3518 2968 egres-

1914 3003 2009 3043 sus
2032 2988 2384 3043 OEconomus
2416 2998 2470 3045 te
2496 2990 2935 3046 consolationem
2969 2991 3024 3045 in
3070 2990 3306 3047 Domino
3349 2991 3520 3046 admi-

1914 3080 2052 3136 sisse
2079 3082 2436 3137 renuntiavit.
2484 3081 2563 3137 Ex
2597 3098 2708 3153 quo
2734 3092 2789 3138 et
2818 3083 3069 3138 dolorem
3106 3098 3329 3155 quoque
3358 3083 3492 3139 renti

1916 3175 1988 3229 sit
2050 3175 2339 3230 humilitas
2384 3191 2527 3242 mea,
2574 3176 2643 3233 de
2697 3186 2750 3233 te
2800 3186 3065 3249 tanquam
3111 3177 3179 3232 de
3238 3192 3428 3233 sorore
3460 3176 3517 3232 in

1918 3266 2142 3321 Christo
2174 3268 2431 3324 sollicita.
2473 3267 2637 3324 Decet
2666 3284 2928 3338 namque,
2965 3269 3214 3335 domina,
3248 3279 3312 3325 ut
3339 3268 3504 3323 amici

1921 3358 2067 3415 inter
2095 3374 2154 3415 se
2194 3369 2247 3416 et
2272 3362 2561 3416 charitatis
2612 3361 2891 3432 specimen
2924 3362 3119 3417 dantes
3154 3361 3377 3433 lugeant
3414 3375 3511 3416 na-

1920 3461 2056 3508 turae
2081 3453 2273 3519 ductu,
2314 3462 2367 3508 et
2398 3454 2466 3509 iis
2497 3469 2620 3526 qum
2660 3469 2788 3525 spes
2814 3454 2974 3509 docet
3004 3453 3181 3508 innixi
3214 3454 3516 3510 secundum

1923 3547 2093 3602 Deum
2158 3547 2537 3614 consolentur,
2585 3557 2955 3617 neutramque
2991 3546 3045 3600 in
3097 3556 3310 3616 partem
3346 3546 3521 3600 bone-

1920 3647 2066 3693 stum
2091 3639 2348 3694 violetur.
2392 3638 2494 3692 Par
2544 3639 2690 3693 enim
2736 3648 2819 3693 est
2862 3646 3099 3708 stupori,
3148 3638 3241 3707 qui
3290 3638 3515 3693 modum

1922 3732 2140 3786 excedit
2172 3732 2383 3786 nimius
2412 3731 2595 3785 dolor.
2646 3729 2920 3785 Mensuris
2958 3745 3189 3800 agamur
3217 3739 3272 3784 et
3317 3732 3520 3801 regulis

1924 3824 2150 3890 divinis,
2182 3840 2286 3880 nos
2315 3823 2558 3878 maxime
2591 3822 2687 3893 qui
2722 3820 3081 3894 perfectionis
3113 3823 3517 3891 professionem

1922 3917 2214 3988 elegimus.
2252 3916 2474 3972 Planxit
2504 3924 2559 3971 et
2589 3915 2824 3988 Moysern
2856 3913 2952 3971 Dei
2975 3926 3393 3987 conspectorem
3417 3932 3520 3987 po-

1922 4011 2104 4081 pulus,
2158 4010 2251 4064 sed
2323 4009 2517 4063 diebus
2576 4009 2946 4081 quadraginta
2985 4026 3000 4064 :
3038 4017 3095 4063 et
3135 4007 3519 4063 admirandam

1924 4104 2220 4160 Rachelem
2262 4118 2388 4159 cum
2434 4103 2566 4157 ﬁliis
2591 4103 2908 4173 patriarcha
2960 4100 3157 4168 Iacob,
3209 4104 3301 4157 sed
3331 4105 3523 4174 paucis

1922 4198 2117 4254 diebus
2154 4212 2172 4252 :
2212 4205 2265 4251 et
2295 4197 2440 4252 hunc
2464 4196 2647 4267 ipsum
2683 4195 3080 4251 celeberrimus
3107 4194 3333 4265 Joseph.
3359 4197 3527 4251 alios-

1924 4304 2032 4360 que
2088 4289 2179 4343 alii
2205 4297 2320 4343 tum
2375 4288 2430 4343 in
2462 4287 2677 4354 Vetere,
2712 4297 2827 4343 tum
2862 4288 2917 4343 in
2959 4287 3113 4343 Novo
3141 4287 3521 4345 Testamento.

1923 4382 2019 4438 sed
2047 4393 2200 4438 certo
2224 4393 2493 4452 tempore,
2525 4397 2633 4437 non
2665 4395 2904 4452 semper.
2932 4380 3091 4447 Quod
3115 4391 3170 4436 et
3192 4393 3246 4436 tu
3271 4381 3528 4437 similiter

1925 4490 2051 4531 cum
2097 4474 2277 4544 egeris
2309 4489 2575 4545 agasque,
2632 4472 2934 4530 laudabilis
2960 4490 3021 4529 es
3066 4475 3212 4544 apud
3263 4474 3436 4528 Deum
3473 4489 3527 4528 et

234 4565 469 4626 Βλέποις
492 4562 581 4616 ἀεὶ⁵
617 4563 759 4616 κατά
800 4562 927 4616 νοῦν
963 4561 1064 4633 τὴν
1099 4560 1472 4633 ποθουμένην,
1530 4560 1625 4613 καὶ
1668 4559 1814 4631 μάλα

1921 4564 2065 4635 apud
2113 4564 2390 4619 homines.
2423 4566 2649 4619 Intuere
2681 4579 2901 4635 semper
2949 4565 3142 4620 animo
3172 4580 3339 4636 quam
3372 4566 3526 4621 desi-

236 4655 628 4727 συμϐουλεύωο
666 4656 725 4721 ἐξ
750 4650 813 4710 οῦ
846 4655 1253 4719 εύκατάνυκτος
1290 4653 1411 4728 ἔσῃ,
1455 4654 1812 4725 μισόκοσμος,

234 4748 507 4817 φιλόθεος,
557 4749 984 4820 ὲμπαράσκευος
1038 4746 1181 4819 πρὸς
1231 4745 1333 4818 τὴν
1380 4745 1551 4818 αὐτὴν
1601 4745 1813 4811 ἐξοδονθ

232 4835 298 4895 οὗ
329 4841 381 4895 τί
406 4841 475 4895 ἀν
497 4840 713 4911 γένοιτο
755 4839 1307 4912 σωτηριωδέστερον;

310 5015 387 5070 Τδ
414 5015 704 5069 πιστευθέν
730 5031 816 5068 σοι
863 5014 1113 5084 ποίμνιον
1156 5012 1249 5069 τοῦ
1306 5013 1444 5067 Θεοῦ
1503 5013 1820 5085 ποιμαίνοις

234 5112 402 5173 ὁσίως
430 5109 503 5173 ὥς
533 5110 721 5181 μήτηρ
745 5110 1118 5180 ¹ιιννευματικὴ,
1150 5108 1267 5162 ἀλλ’
1290 5109 1393 5163 ούκ
1424 5108 1672 5182 ἄρχουσα
1721 5110 1821 5165 ἀν-

238 5203 555 5275 θρωπίνως,
579 5203 656 5267 ὡς
682 5201 929 5257 τυποῦσα
961 5202 1029 5256 δι’
1058 5202 1258 5271 ἑαυτῆς
1296 5203 1355 5255 ἐν
1382 5206 1497 5267 τοῖς
1540 5203 1663 5257 κατ’
1734 5206 1822 5258 ἐν-

234 5300 424 5367 τολὴν,
452 5298 567 5353 ἀλλ’
600 5298 702 5351 οὐκ
732 5296 1041 5353 ἀπαιτοῦσα
1086 5296 1157 5352 τὰ
1226 5296 1367 5367 ὑπὲρ
1423 5296 1655 5369 δύναμιν
1678 5312 1691 5327 ⁸
1748 5298 1824 5362 ὡς

235 5392 439 5464 ἐπίσης
468 5392 528 5444 ἐν
552 5391 754 5454 πάσαις
786 5394 855 5461 τῇ
884 5392 1076 5463 ἀγάπῃ
1130 5389 1636 5461 καταμεριζομένη,
1704 5390 1823 5445 ἀλλ’

235 5481 299 5537 ού
361 5480 765 5553 προστιθεμένη
802 5480 938 5551 ἄλλῃ
966 5480 1145 5545 ἄλλως
1195 5480 1264 5535 δι’
1311 5481 1546 5552 αἵματος
1597 5481 1819 5553 τρόπον.

248 5573 418 5645 Ὁρᾷς
439 5574 589 5636 ὅπως
606 5571 1079 5643 νενομοθετήμεθα
1102 5571 1238 5643 πρὸς
1252 5572 1349 5644 τῆς
1370 5572 1631 5645 ἀληθείας
1652 5591 1666 5639 ς
1700 5573 1820 5625 ’Λλ-

1921 4657 2085 4712 deras
2121 4675 2135 4711 :
2163 4672 2496 4728 magnopere
2518 4656 2569 4711 id
2600 4656 2840 4725 suadeo;
2867 4672 2933 4711 ex
2960 4672 3073 4727 quo
3099 4667 3153 4713 et
3178 4657 3343 4714 facile
3365 4672 3523 4712 com-

1924 4750 2210 4821 pungeris,
2238 4760 2293 4805 et
2342 4751 2531 4805 odium
2564 4750 2814 4820 concipis
2846 4750 3064 4819 mundi,
3098 4766 3344 4807 amorem
3401 4749 3521 4817 Dei,

1928 4854 2090 4915 teque
2116 4843 2185 4899 ad
2220 4855 2452 4899 mortem
2480 4844 2657 4915 ipsam
2692 4844 3042 4913 comparabis
3069 4861 3085 4899 :
3116 4858 3230 4915 quo
3250 4843 3382 4915 quid
3399 4858 3525 4901 esse

1928 4945 2109 5008 potest
2137 4934 2202 4989 ad
2234 4935 2467 4990 salutem
2490 4934 2993 4991 accommodatius?

1992 5028 2359 5084 Commissum
2392 5028 2485 5084 tibi
2523 5027 2617 5082 Dei
2652 5042 2870 5099 gregem
2930 5036 3123 5085 sancte
3165 5029 3431 5100 guberna,
3462 5037 3526 5085 ut

1920 5120 2223 5192 spiritualis
2256 5131 2449 5185 mater,
2483 5135 2591 5175 non
2620 5128 2680 5175 ut
2710 5121 2954 5176 humano
2986 5136 3141 5178 more
3170 5123 3471 5194 prasidens
3498 5141 3515 5178 :

1922 5223 1984 5269 ut
2014 5228 2110 5284 per
2132 5213 2361 5279 teipsam
2402 5213 2541 5269 dans
2576 5214 2883 5285 exemplum
2917 5215 2971 5269 in
3014 5215 3083 5271 iis
3113 5232 3236 5287 qua:
3283 5232 3524 5287 praecep-

1923 5316 1976 5361 ta
2011 5314 2159 5371 sunt,
2195 5319 2305 5359 non
2332 5320 2456 5375 quae
2479 5321 2645 5377 supra
2669 5306 2814 5361 vires
2843 5307 3066 5377 exigens
3092 5324 3107 5374 ;
3142 5318 3399 5379 tanquam
3449 5323 3515 5363 ex

1929 5412 2089 5468 :equo
2135 5396 2459 5451 charitatem
2525 5398 2783 5453 omnibus
2813 5399 3153 5469 impertiens,
3185 5417 3291 5455 non
3355 5400 3519 5454 aliam

1933 5488 2025 5542 alii
2088 5501 2186 5557 per
2269 5485 2523 5542 allectum
2591 5488 2876 5558 sanguinis
2940 5497 3300 5558 anteponens.
3354 5487 3522 5544 Vides

1935 5594 2057 5650 quae
2085 5579 2229 5652 leges
2255 5578 2524 5651 impositte
2558 5579 2716 5635 nobis
2745 5580 2853 5635 sint
2898 5596 2927 5635 a
2952 5581 3178 5637 veritate
3206 5581 3231 5635 τ
3262 5580 3364 5637 Sed
3387 5578 3521 5652 quid

348 5710 394 5741 ⁸⁸
421 5707 592 5765 lCor.
627 5708 837 5775 "1,29.
916 5709 964 5742 ³⁸
989 5707 1033 5766 II
1062 5708 1192 5768 Cor.
1224 5725 1300 5781 γι,
1332 5710 1389 5771 2.
1465 5711 1511 5744 ⁸⁷
1553 5709 1686 5768 Luc.
1722 5727 1844 5777 xui,
1881 5711 1933 5767 7.

1776 5869 2003 5927 ΝΟΤίΕ.

315 5983 429 6053 (41)
457 5984 516 6040 In
549 5987 675 6041 cod.
706 5984 840 6055 Reg.
888 5987 1030 6057 ρκη⁰.
