4156 6466
687 417 817 481 1391

1882 423 1941 479 S.
1983 418 2377 479 THEODORI
2421 418 2769 478 STUDITJE

3848 422 3981 484 1392

680 538 759 588 ait
806 550 1037 603 magnus
1079 534 1329 589 Petrus?
1380 534 1448 589 Et
1490 553 1607 589 cum
1669 539 1977 605 apparuerit
2044 539 2284 607 princeps

2393 536 2456 589 λά
2482 537 2535 588 τί
2562 553 2732 606 φησιν
2759 536 2788 588 6
2820 535 2997 603 μέγας
3052 533 3296 603 Πέτροςς
3352 535 3460 588 Kal
3526 538 3981 606 φανερωθέντος

680 639 959 698 pastorum
991 668 1007 691 ,
1050 630 1346 698 percipietis
1390 630 1884 684 immarcescibilem
1950 632 2137 701 gloria
2194 647 2283 683 co-

682 738 872 776 ronam
918 722 985 775 ⁸⁸.
1074 721 1292 788 Quanta
1318 722 1415 777 tibi
1462 722 1583 777 laus
1613 725 1719 778 erit
1773 739 1959 779 coram
2007 723 2280 788 Domino,

675 815 993 871 exclamare
1022 832 1035 869 :
1061 814 1194 869 Ecce
1228 832 1322 887 ego
1360 826 1410 869 et
1436 817 1627 886 puellae
1656 833 1789 887 quas
1839 816 2034 869 dedisti
2064 817 2194 869 mihi
2212 816 2281 868 ³⁹.

682 905 893 960 Addam
947 912 1003 959 et
1057 904 1191 959 illud
1249 902 1426 961 :Non
1498 922 1614 959 sum
1691 906 2016 976 defatigatus
2080 916 2128 959 te
2203 921 2286 959 se-

683 1014 847 1068 quens
884 1014 904 1052 :
930 1007 979 1052 et
1014 998 1157 1052 diem
1183 998 1415 1052 hominis
1456 1016 1561 1053 non
1598 999 1894 1053 desiderari
1923 1040 1939 1065 ,
1968 999 2187 1053 Domine
2216 999 2282 1053 “.

683 1090 899 1147 Etenim
946 1091 1029 1146 sic
1093 1106 1156 1147 se
1220 1106 1310 1146 res
1366 1092 1553 1157 habet,
1613 1092 1807 1145 Omnia
1869 1090 1982 1147 Deo
2042 1090 2286 1153 dedisti,

683 1183 873 1238 omnia
907 1183 1243 1238 existimasti
1295 1192 1355 1236 nt
1382 1192 1652 1247 stercora,
1695 1192 1756 1237 ut
1794 1183 2073 1239 Christum
2119 1180 2287 1235 lucri-

684 1273 862 1330 facias
894 1274 941 1305 “
995 1312 1011 1329 .
1050 1274 1255 1340 Quare,
1307 1273 1355 1329 si
1388 1290 1511 1343 qua:
1567 1284 1698 1329 sunt
1747 1275 1914 1329 etiam
1980 1274 2288 1330 tribulatio-

684 1381 805 1431 nes,
846 1364 1049 1436 quibus
1084 1364 1476 1421 conﬂictantur
1500 1365 1592 1435 qui
1619 1367 1924 1421 secundum
1977 1366 2148 1421 Deum
2203 1367 2289 1421 vi-

686 1470 797 1516 tam
855 1468 1065 1530 agunt;
1121 1458 1224 1526 fer,
1286 1461 1532 1515 domina.
1596 1459 1786 1515 Multte
1810 1461 1949 1515 enim
1984 1461 2289 1515 tribulatio-

685 1570 777 1607 nes
790 1552 1064 1622 justornm
1102 1552 1172 1619 “,
1226 1562 1285 1607 ut
1313 1560 1543 1609 testatur
1576 1565 1801 1609 sanctus
1830 1553 2025 1618 David,
2056 1570 2179 1626 quae
2236 1564 2291 1610 et

688 1648 746 1701 in
780 1656 963 1703 mente
995 1655 1051 1701 et
1084 1646 1138 1700 in
1201 1646 1467 1702 sensibus
1522 1645 1594 1701 ab
1651 1647 1876 1702 inimico
1937 1648 2286 1715 excitantur;

687 1740 846 1809 cujus
906 1749 964 1795 tu
1034 1738 1270 1810 cogitata
1372 1740 1628 1809 ignorare
1712 1740 1863 1804 noli,
1923 1742 2083 1812 cujus
2166 1758 2290 1798 rer-

686 1834 861 1889 sutias
919 1832 1029 1887 tuis
1067 1833 1326 1903 precibus
1391 1840 1596 1897 averte,
1659 1831 1784 1887 Non
1812 1843 1889 1888 est
1929 1834 2079 1888 nobis
2120 1834 2289 1889 collu-

684 1926 875 1990 ctatio,
910 1933 970 1979 ut
1020 1925 1097 1979 ait
1128 1924 1451 1995 Apostolus,
1505 1926 1756 1981 adversus
1814 1943 2027 1980 carnem
2073 1936 2123 1981 et
2158 1944 2284 1981 san-

685 2018 918 2085 guinem,
958 2016 1049 2070 sed
1073 2016 1327 2071 adversus
1354 2017 1690 2086 principatus
1725 2028 1775 2072 et
1809 2028 2094 2087 potestates
2125 2035 2283 2073 mun-

684 2109 740 2161 di
768 2108 926 2177 hujus
951 2107 1041 2163 “z
1096 2123 1332 2179 quarum
1395 2110 1625 2179 laqueos
1674 2109 1931 2177 evadere,
1983 2111 2164 2181 magni
2200 2121 2285 2166 est

686 2213 877 2253 revera
903 2200 1241 2255 certaminis.
1273 2200 1529 2255 Animam
1562 2200 1765 2257 habeas
1798 2201 1851 2256 in
1882 2217 1989 2272 qua
2021 2212 2284 2257 retractes

684 2308 808 2363 qua:
842 2293 1187 2361 contingunt.
1255 2292 1394 2349 Hinc
1433 2295 1581 2349 enim
1614 2292 1830 2349 frenum
1864 2305 1949 2349 est
2021 2293 2231 2365 peccati
2265 2333 2279 2357 ,

685 2394 740 2439 et
791 2385 1058 2439 auxilium
1095 2386 1363 2440 divinum.
1408 2385 1690 2457 Tanquam
1736 2402 2011 2457 germana:
2065 2402 2285 2442 sorores

690 2475 789 2528 tibi
819 2476 933 2529 sint
994 2476 1196 2546 quibus
1227 2491 1448 2546 praes:
1502 2486 1716 2546 oportet
1761 2478 1908 2530 enim
1954 2485 2010 2529 ut
2056 2475 2284 2544 singula:

686 2583 819 2622 suos
843 2568 939 2623 tibi
974 2568 1203 2624 aﬂ‘ectus
1236 2579 1616 2639 exponant,et
1664 2586 1830 2640 quam
1867 2570 1933 2623 ad
1978 2585 2093 2624 rem
2143 2585 2283 2623 una-

687 2676 919 2733 qumque
949 2662 1019 2716 sit
1048 2663 1378 2731 proclivior:
1423 2673 1479 2718 tu
1514 2677 1644 2717 vero
1696 2662 1817 2716 illas
1874 2662 2107 2731 benigne
2140 2663 2285 2715 exci-

687 2758 828 2825 pias,
856 2764 911 2809 et
943 2754 1085 2809 hanc
1138 2755 1361 2825 quidem
1389 2756 1713 2819 consoleris,
1752 2754 1882 2809 huic
1943 2755 2159 2809 animos
2188 2754 2286 2808 ad-

687 2851 835 2911 das,
876 2848 1025 2902 illam
1084 2851 1401 2916 conlirmes,
1468 2857 1523 2903 et
1558 2853 1701 2919 quod
1772 2848 1999 2918 singulis
2062 2847 2282 2901 demum

690 2939 823 2993 utile
850 2947 933 2995 est
959 2938 1233 2995 conferas.
1275 2937 1387 2995 Nec
1428 2954 1561 2994 vero
1610 2938 1828 2992 taedium
1872 2939 1973 2993 hac
2015 2939 2069 2993 in
2126 2954 2184 2994 re
2235 2951 2286 2996 te

690 3030 892 3099 capiat.
926 3029 1071 3085 Deus
1130 3030 1351 3101 adiutor
1385 3030 1654 3087 Dominus
1693 3030 2058 3085 corroborans
2088 3048 2103 3097 ;
2146 3032 2285 3086 inci-

691 3125 909 3193 piamus
940 3139 1042 3179 nos
1068 3134 1323 3192 tantum;
1382 3136 1435 3180 et
1477 3126 1596 3195 ipse
1652 3126 1800 3177 docet
1864 3124 2142 3177 scientiam
2172 3123 2217 3154 “
2268 3162 2281 3177 .

692 3214 948 3270 aemulor
983 3233 1095 3281 vos,
1154 3218 1334 3287 inquit
1397 3218 1709 3287 Apostolus,
1753 3218 2091 3271 a'mulutione
2142 3217 2285 3271 Dei:

693 3310 948 3375 despondi
997 3326 1085 3363 vos
1144 3310 1236 3361 uni
1283 3309 1419 3373 viro,
1473 3309 1728 3379 rirginem
1794 3324 1999 3361 castam
2051 3310 2290 3363 exhibere

694 3401 907 3455 Christo
931 3401 976 3432 “
1008 3441 1022 3455 .
1046 3402 1140 3455 Sic
1180 3416 1269 3455 res
1302 3410 1521 3455 nostras
1550 3416 1607 3453 se.
1630 3400 1831 3455 habere
1871 3400 2071 3469 cogita,
2105 3417 2287 3469 quan-

695 3504 809 3547 tum
853 3492 1022 3561 hujus
1050 3491 1467 3546 assimilatiouis
1501 3506 1794 3561 possumus
1864 3492 2081 3561 assequi
2115 3509 2129 3557 ;
2166 3492 2292 3545 licet

694 3584 898 3654 alioqui
931 3596 1245 3653 peccatores
1281 3583 1475 3637 simus.
1516 3583 1581 3637 Et
1616 3582 1760 3638 Deus
1809 3585 1981 3653 pacis,
2046 3584 2138 3654 qui
2197 3598 2292 3638 co-

697 3678 1010 3749 gnOmillem
1074 3676 1226 3746 pacis
1287 3676 1500 3730 lrenem
1555 3686 1785 3730 matrem
1838 3686 1983 3730 tuam
2011 3677 2077 3730 ad
2119 3691 2179 3731 se
2237 3676 2291 3731 in

696 3786 829 3841 pace
852 3781 906 3826 et
928 3772 1224 3825 sanctitate
1255 3770 1583 3839 assumpsit,
1615 3786 1713 3840 per
1749 3770 1894 3823 illius
1939 3770 2171 3840 vestigia
2205 3770 2288 3823 vi-

699 3876 806 3917 tam
824 3870 877 3917 et
908 3862 1382 3918 conversationem
1418 3870 1566 3915 tuam
1620 3862 1857 3929 dirigere
1891 3861 2165 3932 dignetur,
2192 3876 2289 3931 pa-

696 3971 859 4011 scens
880 3965 1219 4026 pascentem,
1265 3954 1567 4024 ducemque
1623 3954 1925 4019 deducens,
1969 3956 2023 4009 in
2062 3956 2284 4010 Christo

1093 4068 1356 4124 CXIX.—
1380 4066 1581 4121 Jacobo
1622 4068 1898 4122 monacho.

2386 625 2492 679 τοῦ
2530 625 2980 693 ἀρχιποίμενος,
3031 624 3386 693 κομίσοισθε
3428 622 3539 677 τὸν
3569 626 3984 695 ἀμαράντινον

2385 717 2491 786 τῆς
2529 718 2717 784 δόξης
2747 718 3077 786 στέφανον.
3119 715 3339 769 Ἥλίκον
3373 732 3456 769 σοι
3486 715 3684 787 βοῆσαι
3744 720 3982 777 ἐνώπιον

2388 812 2599 881 Κυρίου
2621 827 2635 840 ·
2673 809 2832 865 Ἰδοὺ
2859 809 2975 879 ἐγὼ
3013 806 3113 862 καὶ
3145 808 3218 863 τὰ
3247 808 3455 862 παιδία
3486 809 3525 864 ἅ
3551 828 3655 880 μοι
3690 810 3981 880 δέδωκας.

2389 904 2696 975 Προσθείην
2730 903 2773 955 δ’
2797 902 2865 957 ἂν
2895 902 3118 955 κάκεῖνο
3144 916 3159 930 ·
3204 900 3347 972 Ἐγὼ
3380 904 3494 957 οὐκ
3537 904 3850 959 ἐκοπίασα
3877 924 3983 962 κα-

2387 994 2776 1051 τακολουθῶν
2799 1010 2921 1057 σοι,
2959 994 3057 1047 καὶ
3087 991 3318 1062 ἡμέραν
3358 992 3677 1062 ἀνθρώπου
3704 999 3824 1051 οὐκ
3881 999 3983 1051 ἐκ·

2390 1091 2685 1159 εθύμησα,
2718 1089 2911 1155 Κύριε.
2942 1088 3053 1140 Καὶ
3076 1087 3189 1155 γὰρ
3225 1087 3400 1151 οὕτως
3455 1086 3589 1157 ἔχει.
3622 1089 3817 1145 Πάντα
3864 1091 3984 1163 Θεῷ

2387 1183 2651 1245 δέδωκας,
2686 1182 2865 1234 πάντα
2891 1181 3083 1250 ἡγήσω
3109 1178 3378 1242 σκύϐαλα,
3434 1180 3520 1233 ἶνα
3548 1181 3791 1252 Χριστὸν
3853 1201 3984 1256 κερ-

2388 1275 2579 1347 δήσῃς.
2614 1274 2782 1327 Ὥστε
2810 1275 2859 1326 εί
2885 1272 2982 1327 καὶ
3004 1272 3237 1342 θλίψεις,
3282 1269 3371 1337 αἷς
3403 1273 3641 1338 συζῶσιν
3704 1277 3758 1329 οἱ
3824 1279 3985 1343 θείως

2388 1366 2763 1431 διαϐιοῦντες,
2793 1367 2985 1438 φέροις
3007 1406 3022 1430 ,
3055 1367 3496 1437 κυρία.Πο.1.1αὶ
3521 1368 3631 1437 γὰρ
3651 1371 3714 1421 αι
3741 1372 3985 1439 θλίψεις

2390 1454 2512 1509 τῶν
2539 1455 2791 1509 δικαίων
2813 1495 2829 1520 ,
2870 1455 2947 1517 ὡς
2978 1456 3076 1526 βοᾷ
3101 1458 3131 1509 6
3165 1457 3319 1524 ἅγιος
3351 1455 3537 1523 Δαυῒδ,
3568 1458 3778 1526 verr:th
3805 1476 3872 1512 τε
3896 1463 3988 1514 καὶ

2391 1550 2672 1620 αἰσθητῶς
2707 1551 3083 1619 ἀναπτάμεναι
3110 1550 3261 1620 παρὰ
3287 1549 3383 1603 τοῦ
3416 1549 3631 1621 ἐχθροῦ.
3663 1546 3743 1605 Οὗ
3765 1554 3841 1604 τά
3872 1556 3989 1623 vei}.

2394 1664 2543 1717 ματα
2581 1647 2656 1716 μὴ
2683 1645 2871 1713 ἀγνόει
2900 1662 2915 1677 ³
2958 1640 3021 1700 οῦ
3042 1645 3141 1709 τὰς
3174 1645 3456 1716 μεθοδείας
3485 1649 3609 1710 ταῖς
3644 1652 3987 1719 προσευχαῖς

2391 1738 2620 1807 τραποῦ,
2653 1740 2775 1791 Οὐκ
2806 1738 2980 1792 ἐστιν
3014 1738 3162 1806 ἡμῖν
3187 1738 3225 1804 ἡ
3258 1740 3423 1806 πάλη
3478 1740 3629 1807 πρὸς
3676 1735 3826 1808 αἷμα
3887 1742 3985 1794 καί

2393 1828 2616 1898 σάρκα,
2651 1829 2727 1889 ὥς
2754 1832 2979 1899 φησινό
3043 1831 3392 1895 ’Λπόστολος,
3454 1834 3619 1885 ἀλλὰ
3667 1832 3825 1900 πρὸς
3876 1836 3985 1900 τὰς

2390 1921 2580 1990 ἀρχὰς
2610 1920 2709 1975 καί
2734 1921 3025 1988 ἐξουσίας
3054 1922 3161 1976 τοῦ
3190 1920 3335 1989 τῇδε
3375 1924 3611 1992 κόσμου
3635 1939 3650 1953 ’
3684 1917 3761 1977 ὦν
3784 1922 3985 1992 διαφυ-

2392 2016 2511 2083 γεῖν
2537 2014 2637 2077 τὰς
2665 2014 2921 2081 παγίδας,
2942 2016 3304 2083 ἀγωνιστικὸν
3333 2014 3412 2085 τῷ
3436 2016 3570 2069 δντι.
3591 2016 3780 2086 Ἐχοις
3803 2017 3985 2088 ψυχὴν

2390 2108 2451 2158 ὲν
2542 2105 2795 2177 ἀναϐήσῃ
2830 2107 2901 2160 τὰ
2928 2105 3319 2177 συμϐαίνοντα.
3361 2106 3643 2161 Ἐντεῦθεν
3678 2111 3791 2178 γάρ
3834 2112 3984 2179 χαλι-

2391 2196 2481 2261 νὸς
2515 2198 2795 2267 ἁμαρτίας
2828 2199 2923 2251 καὶ
2976 2196 3201 2269 βοήθεια
3256 2197 3396 2253 θεία.
3460 2191 3586 2251 Οἷον
3640 2199 3698 2250 αἱ
3749 2199 3982 2267 ἀδελφαὶ

2390 2289 2491 2361 τὴν
2521 2290 2620 2360 σὴν
2652 2290 2873 2361 ἔχουσαι
2909 2290 3251 2359 προστασίαν
3273 2306 3285 2319 ·
3316 2291 3401 2343 δεῖ
3428 2290 3538 2362 γὰρ
3578 2291 3752 2355 αὐτὰς
3795 2294 3983 2346 ἀνατί-

2393 2382 2584 2435 Θεσοαί
2625 2399 2707 2435 σοι
2741 2382 2839 2446 τὰς
2871 2382 3085 2439 ἑαυτῶν
3118 2382 3319 2453 ὁρμὰς,
3355 2384 3451 2437 καὶ
3495 2384 3635 2453 πρὸς
3666 2383 3722 2437 τί
3775 2385 3980 2455 ἑκάστη

2392 2474 2861 2545 ἑπιρῤεπέστερον
2900 2475 3037 2545 ἔχει,
3070 2477 3167 2529 καὶ
3216 2476 3389 2546 αὐτὴν
3422 2476 3826 2547 ὑποδέχεσθαι·
3888 2480 3979 2531 καὶ

2391 2570 2490 2640 τὴν
2528 2571 2629 2639 μὲν
2660 2571 3020 2642 παρακαλεῖν,
3053 2572 3152 2641 τὴν
3180 2571 3237 2624 δὲ
3300 2573 3728 2643 προθυμεῖσθαι,
3780 2574 3883 2645 τὴν
3924 2577 3977 2630 δὲ

2394 2662 2818 2731 ἀσφαλίζεσῡαι,
2889 2665 2983 2716 καὶ
3041 2663 3227 2726 ἁπλῶς
3264 2664 3326 2717 τὸ
3372 2665 3682 2736 πρόσφορον
3738 2666 3980 2729 άπάσαις

2393 2754 2755 2825 προσφέρειν.
2793 2755 2903 2807 Καὶ
2955 2755 3122 2824 μήτοι
3166 2755 3470 2825 άκηδιάσῃς
3528 2757 3585 2811 ὲν
3634 2756 3798 2827 τῷδε.
3851 2759 3979 2822 Θεὸς

2396 2849 2790 2917 συνασπιστὴς,
2820 2847 3025 2918 Κύριος
3057 2850 3364 2920 ὑπερείδων
3398 2867 3411 2879 ο
3438 2852 3599 2920 ἡμεῖς
3660 2852 3828 2920 μόνον
3880 2854 3980 2921 ἀρε

2396 2938 2616 3008 ξώμεϐα
2646 2957 2660 2971 ο
2686 2942 2779 2994 καὶ
2822 2942 2985 3005 αὐτὸς
3016 2942 3285 2995 διδάσκει
3321 2943 3567 3011 γνῶσιν.
3597 2944 3777 3010 Ζηλᾶ)
3800 2944 3975 3014 ὑμᾶς,

2396 3035 2561 3103 φησιν
2592 3035 2619 3085 6
2658 3032 3180 3102 Ἀπόστολος,ζ’ή.ιῳ
3204 3035 3352 3087 Θεοῦ
3389 3052 3402 3064 ·
3426 3036 3799 3106 ἡρμοσάμην
3819 3036 3976 3106 ὑμᾶς

2395 3124 2487 3177 ἐνὶ
2520 3126 2714 3191 ἀνδρὶ,
2743 3126 3049 3193 παρθένον
3079 3125 3277 3193 ἁγνὴν
3318 3128 3709 3195 παραστῆσαι
3740 3128 3823 3194 τῷ
3848 3133 3977 3200 Χρι-

2394 3212 2538 3279 στῷ.
2574 3214 2761 3277 Οῦτως
2793 3214 3148 3284 ὑπολάμϐανε
3174 3216 3242 3267 τὰ
3276 3216 3397 3269 καθ’
3430 3219 3600 3286 ἡμᾶς,
3656 3220 3782 3272 ὅσον
3840 3224 3979 3274 κατὰ

2393 3306 2621 3375 ἔσχατον
2650 3307 2921 3377 ἀπήχημα
2949 3307 3345 3377 ἀφομοιώσεως
3365 3325 3378 3339 ⁸
3407 3309 3511 3362 κᾶν
3554 3310 3731 3373 ἄλλως
3795 3314 3979 3383 ἀμαρ-

2390 3399 2554 3452 τωλοὶ
2584 3400 2765 3469 ἡμεῖς.
2794 3401 2902 3452 Καὶ
2927 3402 2955 3452 6
2979 3400 3111 3464 Θεὸς
3140 3401 3239 3471 τῆς
3262 3403 3506 3473 εἰρήνης,
3538 3403 3567 3455 6
3605 3405 3700 3456 καὶ
3730 3406 3831 3475 τὴν
3858 3424 3978 3459 συν-

2392 3488 2609 3558 ώνυμον
2646 3490 2873 3561 εἰρήνην
2908 3490 3208 3562 κληθεῖσάν
3243 3509 3339 3545 σου
3409 3494 3621 3563 μητέρα
3673 3498 3732 3548 ἐν
3784 3500 3973 3567 εἰρήνη

2394 3584 2490 3634 καὶ
2518 3582 2760 3651 ὁσιότητι
2786 3584 2924 3655 πρὸς
2949 3584 3139 3637 ἑαυτὸν
3156 3585 3617 3655 προσλαϐόμενος,
3650 3590 3746 3641 καὶ
3777 3593 3836 3641 σὲ
3858 3590 3975 3643 κατ’

2396 3674 2540 3744 ἴχνος
2566 3676 2780 3747 ἐκείνης
2810 3676 3187 3730 πολιτεύεσθαι
3218 3677 3497 3744 ἀξιώσειε,
3531 3680 3841 3749 ποιμαίνων
3869 3699 3978 3733 ποια

2398 3766 2723 3834 μαίνουσαν,
2751 3769 2845 3819 καὶ
2877 3767 3090 3836 ὁδηγῶν
3116 3767 3441 3839 ὁδηγοῦσαν,
3468 3769 3527 3823 ἐν
3563 3770 3716 3841 αὐτῷ
3756 3772 3976 3844 Χριστῷ

2392 3857 2471 3926 τῷ
2528 3858 2648 3929 Θεῷ
2709 3858 2890 3929 ἡμῶν,
2952 3851 2997 3913 ὦ
3018 3862 3051 3929 ἡ
3080 3859 3207 3927 δόξα
3234 3862 3317 3924 είς
3343 3862 3474 3925 τοὺς
3506 3862 3736 3925 αἰῶνας.
3783 3864 3974 3935 Ἀμήν.

2393 3947 2504 4005 Deo
2526 3961 2735 4013 uestro,
2781 3953 2870 4006 cui
2901 3953 3070 4023 gloria
3112 3953 3167 4007 in
3208 3955 3430 4009 sacula.
3464 3955 3658 4010 Amen.

2576 4064 2701 4118 rte'
2732 4065 2864 4136 (ιδ).
2911 4066 3164 4133 Ἰακώϐῳ
3190 4068 3526 4137 μονάζοντι.
3551 4068 3734 4144 [χνδη

882 4188 1007 4239 Cum
1027 4197 1090 4235 eo
1122 4186 1231 4247 qui,
1253 4189 1366 4247 post
1385 4181 1595 4243 lapsum,
1623 4180 1842 4231 retineat
1878 4180 2239 4244 episcopatum,
2271 4179 2732 4230 communicandum
2754 4192 2851 4229 non
2883 4192 3015 4240 esse,
3036 4179 3233 4231 etiamsi
3256 4194 3482 4231 errorem
3502 4181 3829 4233 damnaverit.

770 4294 1010 4351 Tardius
1038 4292 1201 4347 etiam
1235 4290 1303 4344 ad
1362 4289 1773 4344 rescribendum
1814 4290 1910 4344 tibi
1937 4306 2037 4345 nos
2055 4289 2296 4344 accinxi-

700 4406 849 4454 mus,
886 4389 1055 4442 frater
1091 4384 1431 4446 honorande,
1463 4394 1687 4453 propter
1747 4385 2008 4454 temporis
2056 4382 2297 4439 dillicul-

703 4494 871 4538 tatem
920 4499 934 4535 :
991 4490 1232 4534 attamen
1282 4479 1394 4547 pari
1454 4478 1741 4531 charitatis
1813 4493 2071 4531 mensura
2125 4477 2297 4531 vicem

704 4575 802 4631 tibi
826 4574 1128 4637 reddimus,
1155 4572 1383 4625 moleste
1411 4570 1631 4640 quidem
1655 4570 1893 4624 ferentes
1906 4574 2155 4624 cncomia
2178 4584 2299 4638 quae

705 4674 758 4725 in
800 4684 903 4724 nos
945 4668 1288 4735 excogitasti,
1319 4667 1412 4735 qui
1449 4665 1610 4718 laude
1645 4664 1870 4732 dignum
1938 4663 2077 4717 nihil
2126 4662 2294 4717 habe-

705 4775 869 4825 mus;
902 4756 1134 4812 recreati
1168 4765 1349 4810 autem
1394 4754 1605 4809 ardenti
1673 4754 1789 4807 zelo
1839 4765 2111 4807 accuratae
2155 4768 2292 4807 con-

705 4852 1029 4908 versationis
1069 4859 1197 4913 tute,
1248 4864 1356 4920 qua
1397 4862 1557 4902 caves
1590 4860 1655 4899 ne
1690 4860 1801 4915 quo
1849 4846 2013 4899 modo
2067 4844 2295 4915 tepidio-

706 4956 826 4996 rum
898 4938 1240 5009 negligentia:
1274 4934 1613 5006 adjungaris,
1644 4934 1711 4987 de
1740 4949 1847 5003 qua
1884 4934 1979 4988 tibi
2002 4934 2184 4989 omnis
2211 4942 2296 4988 est

707 5048 912 5089 sermo.
952 5033 1065 5103 Ego
1096 5045 1226 5084 vero
1262 5069 1275 5094 ,
1330 5029 1679 5090 cbarissime,
1743 5043 1850 5081 non
1898 5037 2034 5097 puto
2089 5027 2236 5082 illum
2280 5066 2296 5091 ,

707 5140 871 5195 quem
906 5124 1184 5187 indicasti,
1220 5122 1301 5177 sic
1330 5120 1481 5189 loqui
1526 5129 1623 5173 aut
1650 5135 1834 5188 agere.
1877 5121 1998 5185 Quo
2033 5120 2176 5173 enim
2200 5136 2298 5189 pa-

707 5229 796 5272 cto
826 5217 919 5287 qui
954 5217 1019 5269 ad
1050 5215 1373 5270 hierarchize
1404 5213 1634 5283 gradum
1670 5221 1959 5282 provectus
1993 5224 2096 5278 est,
2130 5212 2194 5266 ad
2215 5213 2299 5266 in-

710 5312 835 5363 tima
869 5310 1210 5379 deprimatur
1238 5308 1261 5360 ?
1306 5305 1584 5375 quomodo
1610 5306 1701 5373 qui
1732 5303 2100 5359 confessionis
2122 5313 2299 5358 certa-

711 5417 835 5455 men
884 5400 1171 5463 sustinuit,
1225 5413 1351 5453 cum
1404 5396 1679 5450 illaudatis
1731 5394 2088 5466 profanisque
2154 5397 2301 5451 abri-

712 5494 892 5563 piatur
924 5492 948 5545 ?
980 5493 1076 5545 Ais
1129 5492 1274 5545 enim
1299 5488 1572 5545 afﬁrmare
1606 5487 1783 5551 illum,
1812 5486 1959 5555 quod
2018 5488 2071 5541 in
2110 5488 2299 5543 cathe-

784 5607 879 5661 "l
921 5608 1065 5661 Pclr.
1101 5624 1131 5659 ν
1166 5649 1179 5669 ,
1220 5606 1285 5659 4ο

712 5680 757 5712 ⁸⁸
814 5678 1011 5748 Ephes.
1047 5696 1116 5744 νι,
1158 5679 1241 5731 i2.

1397 5606 1441 5636 ³⁸
1495 5604 1598 5659 lsa.
1660 5620 1775 5665 \‘lll,
1818 5604 1898 5658 l8.

1354 5677 1399 5706 “
1461 5676 1602 5729 l’Sal.
1679 5690 1831 5739 acut,
1914 5674 1998 5728 10.
2092 5677 2134 5705 ⁸⁵

1992 5605 2035 5635 ⁸⁸
2088 5603 2291 5658 Jerem.
2329 5621 2463 5671 xm,
2505 5605 2589 5659 iG.

2190 5676 2231 5729 ll
2272 5676 2399 5729 Cor.
2442 5693 2513 5738 XI,
2555 5678 2608 5729 ‘3.

2468 4288 2694 4359 Βραδεῖς
2726 4290 2819 4343 καὶ
2851 4291 3016 4359 ἡμεῖς
3043 4290 3181 4361 πρὸς
3217 4291 3318 4359 τὴν
3342 4289 3452 4342 τῶν
3489 4290 3841 4359 γραμμάτων
3887 4292 3973 4344 ἀνα

2398 4376 2598 4429 τὶδοσιν
2628 4379 3055 4449 ἀπηντήκαμεν,
3087 4378 3287 4447 ἀδελφὲ
3329 4379 3651 4448 τιμιώτατε,
3708 4380 3857 4433 οῦτω
3887 4380 3976 4435 τοῦ

2398 4472 2593 4540 χρόνου
2625 4470 3094 4541 δυσκολήσαντοςο
3126 4469 3243 4523 ἀλλ’
3303 4470 3453 4539 ὅμως
3510 4470 3864 4540 ἀμειδόμεθά
3922 4490 3975 4525 σε

2398 4566 2509 4624 τοῖς
2545 4564 2683 4625 ῐσοις
2710 4564 2807 4632 τῆς
2831 4563 3055 4633 ἀγάπης
3096 4563 3318 4634 μέτροις
3338 4581 3352 4594 ·
3382 4562 3830 4633 δυσχεραίνοντες
3887 4566 3977 4635 μὲν

2398 4656 2484 4725 ἐφ’
2516 4650 2598 4718 οἷς
2631 4655 2855 4726 ἐξεῦρες
2880 4654 3003 4708 καθ’
3037 4654 3195 4724 ἡμῶν
3222 4654 3546 4724 ἐγκωμίοις,
3581 4654 3657 4717 ὡς
3682 4656 3786 4707 οὐκ
3830 4657 3975 4725 ἑχόν-

2402 4764 2513 4800 των
2541 4748 2768 4799 ὲπαίνου
2822 4746 2981 4814 λόγον
3002 4761 3017 4775 ⁸
3041 4746 3470 4816 εὐφραινόμενοι
3500 4746 3556 4799 δὲ
3584 4746 3679 4797 ἐπὶ
3704 4749 3775 4817 τῇ
3801 4746 3977 4800 διαπύ-

2402 4856 2481 4909 ρῳ
2514 4838 2819 4910 ζηλοτυπίᾳ
2857 4841 2954 4909 τῆς
2982 4838 3373 4909 ἡκριὸωμὲνης
3398 4855 3493 4891 σου
3527 4838 3804 4901 πολιτείας
3831 4856 3845 4869 ’
3881 4857 3973 4907 φυ-

2399 4929 2705 5001 λαττούσης
2760 4930 2958 5001 ἑαυτὴν
3021 4931 3404 4984 ἀκατάτακτον
3469 4929 3579 4983 τῶν
3617 4931 3974 5002 χυδαιομένων

2402 5027 2469 5095 τῇ
2501 5024 2819 5095 ἀδιαφορία,
2853 5025 2986 5097 περὶ
3015 5020 3082 5098 ἦς
3115 5042 3198 5078 σοι
3230 5025 3325 5078 καὶ
3357 5026 3386 5077 6
3432 5026 3543 5088 πᾶς
3579 5024 3759 5094 λόγος.
3844 5026 3974 5095 Ἐγὼ

2394 5117 2451 5171 δὲ
2486 5119 2586 5171 οὐκ
2615 5120 2818 5188 οἴομαι,
2880 5119 3127 5187 φίλτατε,
3164 5120 3304 5187 ὅπερ
3349 5120 3633 5189 ἑσήμανας
3691 5120 3973 5191 πρόσωπον

2396 5209 2543 5263 οῦτω
2575 5212 2671 5265 καὶ
2696 5211 2873 5278 λέγειν
2906 5211 3001 5263 καὶ
3028 5210 3311 5280 πράττειν.
3340 5211 3452 5264 Καὶ
3464 5213 3582 5275 πῶς
3609 5212 3719 5282 γὰρ
3746 5215 3776 5266 ὁ
3808 5216 3864 5265 ὲν
3885 5212 3970 5281 βα-

2398 5302 2427 5355 0
2436 5302 2521 5374 μῴ
2541 5302 2823 5373 ἱεραρχίας
2840 5304 3148 5373 ἀνηγμένος
3167 5302 3528 5374 χαμαιζήλως
3550 5305 3735 5371 ἄγοιτο
3754 5321 3770 5369 ;
3789 5304 3901 5368 πῶς
3922 5304 3971 5356 δὲ

2398 5394 2494 5446 καὶ
2528 5393 2557 5444 6
2599 5392 2855 5463 ἠθληκὼς
2910 5392 2978 5446 δι’
3037 5394 3331 5464 ὁμολογίας
3390 5396 3832 5465 ωνυποφὲρεται
3872 5396 3971 5457 τοῖς

2402 5485 2705 5557 ἀζηλὼτοις
2734 5488 2829 5539 καὶ
2849 5485 3092 5557 άνιέροις
3122 5503 3138 5553 ς
3168 5485 3275 5558 φὴς
3307 5487 3420 5559 γὰρ
3448 5486 3627 5555 λέγειν
3685 5487 3870 5551 αὐτὸν,
3899 5488 3970 5539 ὅτι

2684 5606 2724 5637 ⁸⁸
2760 5604 2997 5676 Philipp.
3052 5620 3137 5673 ιιι,
3171 5605 3226 5661 8.
3336 5605 3383 5637 ⁸⁸
3433 5603 3580 5662 Psal.
3637 5622 3830 5689 antu,
3889 5606 3964 5662 ΞΟ.

2238 5790 2467 5847 NOTAE.

787 5893 901 5965 (15)
933 5892 991 5947 In
1023 5891 1146 5946 cod.
1194 5890 1327 5958 Reg.
1366 5893 1511 5955 ροντ’⁹
