4156 6492
302 414 321 474 1
334 413 442 476 393

1500 424 2045 485 EPISTOLARUM
2106 427 2254 490 LIB.
2300 430 2386 491 ΙΙ.

3444 442 3578 508 1394

293 534 360 585 τὸ
385 531 713 596 καθέζεσθαι
749 536 832 599 είς
882 536 1259 604 ἑπισκοπεῖον,
1293 540 1352 593 ὲν
1402 534 1556 612 ᾧπερ
1610 542 1864 613 ὴσέϐησεπ

1988 541 2087 596 dra
2118 545 2414 615 episcopali
2439 546 2631 603 sedere
2696 546 2831 603 nihil
2885 551 3173 620 prohibeat
3217 569 3363 622 eum,
3396 560 3486 627 qui
3523 565 3575 615 in

294 626 324 677 ὁ
356 624 629 693 κατέχων,
659 625 723 680 τὸ
753 626 963 680 κωλύον
991 630 1147 683 οὐδέν
1172 647 1185 661 ·
1222 631 1318 685 καὶ
1351 632 1413 686 τὸ
1468 636 1619 704 παρὰ
1677 652 1885 703 συγκαο

291 716 550 770 ταϐατῶν
583 718 973 773 ἀνεπισκόπων
1000 721 1327 786 σιτίζεσθαι,
1359 725 1514 778 οὐδὲν
1534 726 1771 797 μάχεται
1800 727 1881 797 τῷ

292 810 486 863 κανόνι
518 812 618 881 τῆς
643 810 948 875 εὐσεϐείας.
981 814 1095 868 Καὶ
1118 815 1239 878 πῶς
1266 814 1426 869 τοῦτο
1455 818 1517 870 οὐ
1549 818 1786 889 μάχεται
1813 823 1882 891 τῇ

292 901 521 971 ἀληθείᾳ
542 919 557 963 ;
590 900 684 955 τοῦ
713 902 872 970 ἁγίου
888 904 1053 958 Δαυῒδ
1064 904 1358 975 ψάλλοντος
1385 923 1398 937 ·
1422 908 1672 963 Ἐλαιον
1697 910 1883 980 ἀμαρ-

289 991 490 1046 τωλοῦ
507 991 596 1062 μὴ
622 994 931 1048 λιπανάτω
960 996 1076 1064 τὴν
1130 1000 1411 1069 κεφαλήν
1469 1018 1615 1070 μου.
1682 1003 1791 1057 Τοῦ
1820 1021 1881 1058 τε

290 1084 449 1153 ἁγίου
489 1084 810 1141 Ἀθανασίου
852 1091 1313 1159 προστάσσοντος,
1365 1094 1641 1166 μηδεμίαν
1682 1114 1877 1152 κοινωο

287 1178 412 1232 νίαν
442 1179 588 1249 ἔχειν
616 1180 765 1249 ἡμᾶς
804 1180 943 1252 πρὸς
963 1183 1437 1256 τοὺςαίρετικοὺς,
1468 1188 1606 1242 ἀλλά
1637 1189 1743 1261 μὴν
1769 1208 1876 1262 μη-

285 1266 348 1320 δὲ
383 1268 523 1338 πρὸς
545 1269 671 1332 τοὺς
717 1271 1117 1338 κοινωνοῦντας
1144 1275 1285 1342 μετά
1312 1276 1425 1330 τῶν
1453 1278 1688 1333 ἀσεϐῶν.
1751 1279 1877 1344 Πῶς

284 1359 344 1411 δὲ
371 1359 430 1411 οὐ
462 1360 744 1425 κοινωνία,
774 1360 938 1434 εἴπερ
960 1363 1044 1417 δεῖ
1068 1365 1403 1431 καθέζεσθαι
1455 1371 1515 1422 ὲν
1564 1371 1716 1441 τόπῳ
1764 1388 1875 1425 τοι·

284 1451 453 1522 ούτῳ,
477 1455 587 1508 κάκ
626 1454 737 1507 τῶν
759 1456 1023 1513 τοιούτων
1048 1459 1351 1524 σιτίζεσθαι
1378 1478 1395 1529 ;
1430 1464 1533 1517 οὐκ
1564 1464 1677 1535 ἔχει
1710 1465 1875 1534 φύσιν

284 1544 395 1598 κᾶν
434 1546 508 1617 μὴ
539 1548 725 1601 ἐκεῖσε
758 1550 997 1621 κάθηταί
1039 1569 1145 1618 τις,
1198 1555 1413 1609 ἐκεῖθεν
1475 1557 1532 1611 δὲ
1590 1559 1871 1629 τρέφοιτο,

283 1634 426 1707 αὕτη
477 1637 510 1707 ἡ
535 1633 683 1701 δόσις
705 1640 801 1692 καὶ
823 1639 988 1710 λῆψις
1016 1644 1309 1699 κοινωνίαν
1372 1648 1685 1718 ἐργάζοιτο⁵
1738 1652 1875 1722 φησὶ

283 1727 397 1800 γὰρ
429 1730 458 1782 ὁ
502 1730 828 1796 Ἀπὸστολος
851 1749 866 1763 ’
898 1734 1111 1790 Οἴδατε
1144 1737 1245 1790 καὶ
1275 1739 1447 1807 ὑμεῖς
1472 1743 1872 1808 Φιλιππήσιοι

283 1819 379 1874 ὅτι
415 1822 514 1876 ὅτε
543 1822 813 1892 ἐξῆλθον
859 1827 979 1881 ἀπὸ
1018 1829 1418 1899 Μακεδονίας,
1465 1833 1714 1903 οὐδεμία
1768 1853 1870 1905 μοι

299 1912 636 1983 Ἐκκλησία
665 1917 1034 1987 ἐκοινώνησε
1062 1920 1241 1991 χάριν
1264 1898 1494 1991 δόσεώς
1515 1942 1580 1979 τε
1603 1898 1712 1980 *καὶ
1757 1898 1869 1996 ίῖή-
1904 1898 1946 1953 Β

279 2015 466 2075 Ψεως,
495 2010 546 2062 εί
578 2009 665 2077 μὴ
695 2009 867 2079 ὑμεῖς
891 2013 1088 2081 μόνον
1110 2026 1125 2040 ⁸
1156 2012 1247 2066 ὅτι
1271 2014 1372 2068 καὶ
1395 2015 1467 2069 ἐν
1493 2017 1868 2073 Θεσσαλονί-

280 2114 363 2167 κῃ
390 2096 552 2162 ᾶπαξ
579 2100 679 2152 καί
713 2099 808 2168 δὶς
830 2104 921 2169 είς
969 2100 1087 2172 τὴν
1129 2104 1341 2171 χρείαν
1390 2122 1496 2174 μοι
1536 2107 1868 2177 ἐπέμψατε.

280 2188 349 2240 Εἰ
394 2185 489 2240 οὖν
531 2188 595 2241 τὸ
624 2188 793 2257 ἅπαξ,
830 2193 923 2245 καὶ
949 2190 1030 2255 δὶς
1053 2192 1260 2259 λαϐεῖν,
1296 2197 1585 2251 κοινωνίαν
1617 2199 1868 2272 ἀπέφηνε

277 2281 344 2335 τὸ
394 2282 630 2349 φῶςτοῦ
661 2285 907 2355 κόσμου’
936 2285 995 2339 τὸ
1050 2288 1140 2341 ἀεὶ
1193 2289 1498 2360 λαμϐάνειν
1559 2293 1643 2357 τίς
1686 2293 1752 2348 ἂν
1806 2291 1868 2350 εὖ

277 2374 495 2443 φρονῶν
524 2375 585 2427 οὑ
620 2375 873 2444 φεύξοιτο
916 2377 993 2442 ὼς
1016 2380 1297 2436 ἀντίθετον
1327 2384 1547 2453 φωτός;

350 2469 443 2518 Δεῖ
468 2467 528 2519 δὲ
567 2484 664 2537 την
715 2468 1028 2542 ἁγιωσύνην
1055 2489 1151 2527 σου
1175 2477 1438 2541 επιεικῶς
1469 2479 1565 2532 καὶ
1611 2496 1867 2535 ταπεινο-

277 2559 493 2629 φρόνως
545 2560 627 2629 τῷ
658 2561 835 2634 Πατρὶ
890 2564 991 2629 τὰς
1042 2567 1382 2641 ὑπομνήσεις
1431 2573 1664 2627 είσοῖσαι
1694 2592 1708 2606 ·
1761 2576 1867 2631 κᾶν

280 2652 384 2720 μὲν
408 2650 627 2722 πεισθῇ,
664 2654 1046 2727 ὲκερδήσαμεν
1075 2659 1169 2713 τὸν
1221 2662 1441 2734 Πατέρα
1472 2679 1486 2694 ·
1550 2669 1599 2719 εί
1652 2668 1708 2721 δὲ
1762 2670 1862 2741 μὴ,

273 2742 339 2795 τὸ
370 2743 580 2797 ἑαυτῶν
614 2745 857 2815 ἀσφαλὲς
904 2749 979 2821 μὴ
1041 2750 1366 2823 προώμεθα.
1422 2757 1558 2827 Περὶ
1609 2760 1717 2830 γὰρ
1768 2762 1864 2815 τοῦ

274 2834 467 2889 παιδία
495 2835 876 2907 βαπτίζεσθαι,
925 2841 1032 2924 ὑπο
1052 2842 1243 2908 τῶνδε,
1273 2847 1371 2916 τὴν
1398 2849 1687 2922 ἐπιστολὴν
1734 2853 1864 2924 ὃλην

270 2929 344 2999 ἢν
389 2930 519 3002 πρὸς
585 2932 674 2986 τὸν
725 2933 893 2988 αὑτὸν
946 2921 1321 3003 ὲγῖιαλέσαντα
1380 2943 1510 3013 περὶ
1552 2921 1650 2995 τοῦ
1695 2921 1861 2999 αὐτοῦ

273 3020 602 3090 πράγματος
632 3021 897 3093 ὲχάραξα,
931 3027 1025 3079 καὶ
1051 3030 1116 3097 τῇ
1151 3032 1216 3100 σῇ
1238 3032 1513 3102 τιμιότητι
1541 3034 1859 3102 ἀπέστειλα,

273 3115 533 3186 περιττὸν
576 3119 927 3190 ἡγησάμενος
956 3121 1036 3184 δὶς
1075 3125 1169 3177 ἐπὶ
1212 3124 1274 3178 τὸ
1309 3127 1858 3199 αύτὸ¹εἰκαιολογεῖν.

1988 633 2075 688 illa
2109 636 2306 692 sedens
2336 637 2503 708 impie
2534 654 2595 694 se
2615 641 2823 711 gessit;
2865 652 2919 697 et
2971 645 3114 713 quod
3144 660 3176 699 a
3237 648 3579 706 condescen-

1985 724 2246 783 dentibus
2300 730 2788 801 pseudoepiscopis
2826 735 2983 805 pasci
3015 737 3214 804 ipsum,
3243 739 3460 807 pietatis
3487 759 3578 798 re-

1983 818 2123 888 gula:
2157 836 2263 874 non
2305 834 2591 893 repugnet.
2625 823 2690 878 Et
2736 842 2847 895 quo
2879 837 3040 897 pacto
3080 829 3295 885 veritati
3327 831 3430 888 hoc
3463 849 3575 890 non

1982 923 2245 983 repugnet
2276 914 2301 968 ἲ
2332 931 2456 970 cum
2483 928 2709 974 sanctus
2743 918 2912 975 David
2961 932 3126 978 canat
3156 923 3223 977 '°:
3252 922 3573 995 Oleumpec-

1982 1002 2179 1055 catoris
2209 1018 2315 1055 non
2345 1004 2639 1075 impinguet
2666 1018 2822 1077 caput
2854 1025 3048 1075 meum,
3076 1019 3132 1067 et
3154 1023 3382 1069 sanctus
3405 1013 3577 1071 Atha-

1981 1090 2175 1144 nasius
2208 1092 2508 1163 praecipiat,
2564 1110 2634 1150 ne
2693 1097 2859 1151 ullam
2920 1113 3045 1153 cum
3104 1100 3373 1157 haereticis
3418 1116 3570 1159 com-

1981 1178 2649 1248 munionemhabeamus,
2696 1200 2761 1239 ac
2812 1200 2881 1241 ne
2915 1203 3040 1242 cum
3090 1188 3158 1245 iis
3212 1192 3436 1261 quidem
3476 1195 3573 1264 qui

1978 1285 2101 1325 cum
2138 1272 2319 1343 impiis
2360 1277 2800 1335 communicant.
2857 1277 2963 1346 Qui
3008 1290 3192 1336 autem
3251 1289 3572 1342 communio

1976 1377 2087 1417 non
2123 1363 2213 1430 sit,
2231 1364 2278 1419 si
2305 1366 2401 1420 tali
2434 1367 2486 1421 in
2511 1368 2632 1423 loco
2668 1370 2895 1434 sedere,
2945 1381 3115 1442 atque
3179 1389 3210 1427 a
3248 1376 3454 1434 talibus
3494 1380 3573 1433 ci-

1977 1454 2107 1509 bum
2162 1457 2416 1527 accipere
2473 1462 2784 1530 oporteat?
2846 1458 2966 1518 Non
3021 1472 3107 1520 est
3156 1466 3252 1521 ita.
3325 1468 3572 1528 Tametsi

1976 1546 2271 1614 quisquam
2301 1546 2378 1602 ibi
2408 1564 2517 1602 non
2542 1551 2751 1616 sedeat,
2780 1553 2825 1608 si
2853 1563 3035 1609 tamen
3063 1558 3187 1612 inde
3208 1559 3408 1626 alatur,
3431 1578 3571 1632 pra:-

1976 1636 2112 1690 bitio
2140 1638 2256 1706 ipsa
2290 1648 2344 1693 et
2370 1642 2617 1711 acceptio
2675 1647 3125 1702 communionem
3154 1648 3373 1705 eiliciet.
3425 1650 3571 1710 Dicit

1973 1732 2119 1785 enim
2166 1733 2459 1803 Apostolus
2496 1752 2509 1789 :
2545 1736 2707 1792 Scitis
2750 1748 2802 1793 et
2839 1756 2954 1808 vos,
3007 1741 3393 1814 Philippenses,
3428 1749 3568 1818 quod

1973 1827 2184 1895 quando
2216 1829 2487 1896 profectus
2519 1846 2636 1883 sum
2684 1848 2718 1885 a
2749 1831 3090 1901 Macedonia,
3124 1838 3273 1891 nulla
3301 1840 3431 1893 mihi
3462 1840 3568 1894 Ec-

1975 1918 2137 1973 clesia
2170 1922 2578 1975 communicavit
2607 1924 2665 1976 in
2699 1927 2905 1980 ratione
2960 1928 3078 1982 dati
3105 1938 3155 1984 et
3204 1933 3423 2001 accepti,
3464 1934 3570 1988 nisi

1975 2026 2064 2064 vos
2091 2011 2212 2076 soli,
2245 2013 2371 2080 quia
2400 2024 2447 2066 et
2483 2012 2915 2071 Thessalonicam
2946 2020 3106 2074 semel
3135 2030 3186 2075 et
3227 2021 3306 2076 bis
3333 2024 3387 2079 in
3413 2041 3568 2079 usum

1973 2106 2106 2159 milii
2149 2108 2372 2161 misistis
2411 2109 2478 2162 ⁸⁷.
2527 2110 2584 2164 Si
2644 2126 2778 2182 ergo
2834 2115 3003 2169 semel
3039 2125 3094 2171 et
3150 2117 3237 2172 bis
3294 2120 3564 2190 accipere,

1973 2201 2415 2254 communionem
2458 2204 2753 2272 appellavit
2812 2206 2903 2261 lux
2949 2208 3185 2275 mundi;
3225 2225 3442 2281 semper
3473 2228 3568 2268 ac—

1973 2287 2152 2356 cipere
2183 2290 2309 2358 quis
2341 2299 2489 2345 recte
2558 2295 2805 2350 sentiens
2842 2311 2954 2352 non
3014 2297 3251 2370 refugiat
3302 2308 3565 2371 tanquam

1973 2382 2165 2437 lumini
2185 2386 2576 2441 contrarium?

2041 2473 2268 2545 Oportet
2296 2488 2481 2533 autem
2513 2481 2861 2536 sanctitatem
2904 2490 3059 2537 tuam
3084 2487 3332 2539 modeste
3352 2498 3407 2541 et
3458 2488 3565 2542 bu-

1968 2568 2173 2623 militer
2198 2569 2345 2624 Patri
2396 2572 2800 2628 admonitiones
2832 2588 3125 2643 suggerere
3166 2591 3181 2640 ;
3213 2590 3298 2640 ac,
3333 2578 3380 2632 si
3437 2581 3569 2649 qui-

1968 2661 2091 2715 dem
2134 2678 2456 2730 persuasum
2486 2667 2533 2718 ei
2556 2664 2742 2726 fuerit.
2787 2666 2983 2721 lucrati
3043 2667 3263 2724 Patrem
3311 2686 3508 2728 sumus
3544 2689 3559 2728 :

1967 2753 2052 2807 sin
2083 2754 2286 2818 minus,
2309 2756 2454 2825 quod
2485 2764 2664 2812 tutum
2692 2758 2851 2814 nobis
2883 2770 2969 2815 est
3001 2776 3112 2815 non
3174 2762 3507 2831 abjiciamus
3543 2805 3560 2822 .

1969 2844 2042 2901 De
2075 2845 2375 2902 infantibus
2405 2859 2588 2904 autem
2620 2850 2713 2920 qui
2760 2851 2829 2905 ab
2868 2851 2953 2907 bis
2978 2855 3063 2908 vel
3094 2854 3164 2909 ab
3216 2855 3325 2912 illis
3382 2857 3560 2928 bapti-

1966 2944 2182 2998 zantur,
2219 2935 2489 3007 integram
2549 2935 2861 3008 epistolam,
2896 2954 3061 3008 quam
3108 2940 3175 2997 ad
3229 2957 3354 2997 eum
3380 2943 3562 3014 ipsum

1963 3028 2057 3097 qui
2100 3028 2427 3085 criminatus
2457 3039 2545 3085 est
2584 3032 2650 3086 de
2685 3034 2878 3088 eadem
2910 3048 2971 3087 re
3020 3036 3261 3102 exaravi,
3303 3037 3371 3092 ad
3404 3052 3561 3093 reve-

1965 3122 2196 3176 rentiam
2244 3132 2638 3192 quoquetuam
2663 3124 2832 3191 misi,
2869 3140 3345 3195 supervacaneum
3402 3140 3558 3186 ratus

271 3207 460 3273 Οὖτως
507 3204 601 3264 οὖν
642 3210 753 3281 ἐγὼ
778 3213 1083 3279 ὀταπεινὸς
1111 3217 1318 3288 φρονῶ,
1374 3220 1471 3274 καὶ
1521 3223 1858 3292 φρονοῦντας

1966 3212 2047 3267 bis
2084 3212 2152 3266 de
2172 3213 2361 3266 eadem
2395 3228 2454 3268 re
2483 3212 2690 3269 frustra
2736 3215 2910 3284 loqui.
2977 3216 3071 3273 Sic
3123 3218 3295 3290 igitur
3332 3222 3560 3279 humilis

269 3300 400 3363 τοὺς
453 3301 643 3370 ἁγίους
706 3304 840 3374 ὁρῶ,
892 3305 969 3372 ὡς
1011 3306 1069 3360 δὲ
1114 3308 1333 3381 ἑκάστῳ
1382 3310 1534 3365 δοκεῖ
1575 3312 1720 3385 ἔχειν
1765 3315 1858 3368 εὗ-

273 3408 440 3462 ροιεν.
486 3395 650 3459 Ἴσως
695 3395 751 3449 δὲ
778 3396 965 3468 φαίηό
1005 3399 1389 3473 ἁρτιξόμενος,
1445 3405 1509 3459 ὲκ
1556 3405 1652 3460 τοῦ
1694 3406 1855 3478 ὀρθο-

270 3483 647 3554 φρονήσαντος
707 3487 804 3541 καὶ
843 3489 1263 3561 ὲπιτιμηθέντος
1313 3489 1455 3547 εῖναι
1496 3494 1595 3566 τὴν
1642 3497 1807 3569 λῆψιν
1838 3515 1852 3529 ·

269 3576 386 3630 ἀλλ’
416 3576 572 3633 οὔπω
595 3578 785 3635 ταῦτα.
814 3581 959 3645 Ἕως
986 3583 1111 3638 δ’ἂν
1142 3586 1366 3657 κατέχοι
1390 3588 1491 3659 τὴν
1522 3590 1851 3661 ἐπισκοπὴν,

270 3667 321 3718 τί
368 3668 464 3721 καὶ
507 3669 583 3738 μὴ
608 3670 905 3742 ίερουργεῖ,
950 3673 1085 3743 μηδὲ
1117 3676 1336 3747 μετέχοι
1362 3679 1471 3731 τῶν
1496 3680 1856 3750 ἀγιασμάτων

282 3757 348 3810 Ἦ
394 3758 450 3811 δὲ
479 3760 688 3831 ἀληθὴς
731 3763 1011 3832 μετάνοια,
1040 3764 1119 3837 τῷ
1143 3767 1357 3837 ὰφῆσαι
1388 3771 1488 3842 τὴν
1522 3773 1851 3843 ἐπισκοπὴν,

269 3851 365 3902 καὶ
410 3850 599 3923 πόρρω
650 3854 927 3921 γενέσθαι,
970 3855 1163 3928 ὥσπερ
1192 3860 1339 3925 τινὲς
1389 3861 1656 3933 ἐποίησαν
1684 3882 1699 3898 ο
1758 3866 1853 3936 ἀφ’

268 3936 346 3997 ὧν
378 3943 615 4009 ἀϐλαϐὲς
639 3945 701 3999 τὸ
731 3946 793 3999 λσ
806 3948 1062 4018 μϐἀνειν*
1115 3952 1235 4022 μεθ’
1253 3946 1330 4007 ὧν
1364 3955 1697 4010 καταδεκτὸν
1758 3960 1855 4011 καὶ

266 4034 330 4089 τὸ
379 4037 701 4093 συνεσθίειν.
757 4040 921 4093 Ἀλλο
947 4059 1000 4095 τι
1023 4042 1202 4111 λέγειν
1241 4045 1341 4099 οὐκ
1371 4046 1483 4117 ἔχω
1506 4062 1520 4077 ⁸
1570 4046 1603 4119 ἢ
1651 4048 1711 4101 τὸ
1750 4067 1854 4102 πα-

269 4127 613 4198 ρακληθῆναι
669 4144 726 4181 σε
746 4130 1144 4201 προσεύχεσθαι
1174 4134 1307 4204 περὶ
1340 4135 1440 4205 τῆς
1467 4135 1850 4202 ταπεινώσεως

271 4234 376 4287 μου
406 4234 420 4248 ⁸
459 4221 520 4273 οὐ
571 4220 733 4290 μόνον
784 4220 1154 4292 ὀρθολεκτεῖν,
1186 4224 1325 4280 ἀλλὰ
1379 4227 1475 4281 καὶ
1530 4227 1850 4299 ὁρθοποδεῖν

267 4325 338 4362 πε
347 4310 399 4379 pi
424 4312 524 4382 τὴν
554 4312 778 4383 πρᾶξιν.

399 4438 513 4492 PK’
548 4439 683 4511 (l6).
712 4468 781 4481 -—
810 4441 1039 4511 Νικήτςι
1060 4445 1460 4517 τοποτηρητῇ.
1510 4445 1704 4522 [χνς·¹.]

1960 3318 2060 3375 ego
2085 3304 2263 3359 sentio
2289 3321 2304 3359 :
2330 3304 2412 3360 sic
2434 3306 2633 3371 sentio,
2692 3315 2748 3361 et
2771 3316 2995 3365 sanctos
3020 3312 3094 3365 ita
3119 3313 3324 3367 sentire
3350 3314 3509 3370 video
3538 3332 3555 3370 :

1962 3406 2021 3450 ut
2062 3398 2298 3467 quisque
2322 3406 2505 3453 autem
2546 3400 2766 3463 sentiet,
2799 3401 2879 3457 sic
2969 3402 3234 3459 inveniat.
3302 3403 3560 3463 Fortasse

1959 3495 2142 3542 autem
2195 3488 2397 3543 dixerit
2437 3490 2532 3558 qui
2577 3491 2848 3560 pascitur,
2880 3506 2941 3548 se
2974 3508 3003 3546 a
3042 3505 3189 3549 recte
3231 3496 3499 3552 sentiente
3534 3538 3555 3565 ,

1958 3577 2163 3648 quique
2201 3580 2579 3647 pmnitentiam
2612 3583 2898 3653 suscepit,
2953 3584 3243 3653 accipere:
3295 3587 3392 3642 sed
3443 3605 3555 3646 non

1958 3670 2033 3723 ita
2067 3680 2171 3723 εει.
2220 3670 2475 3735 Quandiu
2554 3686 2686 3726 vero
2751 3672 2950 3728 retinet
2997 3675 3416 3744 episcopatum,
3448 3680 3555 3735 etsi

1957 3762 2382 3828 nonsacrilicat,
2418 3777 2522 3818 nec
2582 3764 2757 3819 sacris
2809 3766 3122 3836 participet.
3177 3765 3313 3822 Vera
3365 3782 3554 3826 autem

1958 3852 2306 3923 poenitentia,
2340 3855 2725 3924 episcopatum
2762 3858 3039 3922 abdicare,
3074 3868 3129 3912 et
3159 3861 3351 3928 procul
3373 3861 3551 3926 abire,

1957 3945 2103 4015 quod
2139 3946 2365 4016 quidam
2416 3946 2708 4013 fecerunt;
2744 3964 2775 4003 a
2828 3949 3035 4019 quibus
3090 3952 3339 4022 accipere
3390 3953 3553 4009 inno-

1956 4037 2105 4091 xium
2152 4050 2275 4103 est;
2320 4054 2444 4093 cum
2469 4039 2673 4109 quibus
2712 4048 2769 4094 et
2800 4042 2942 4095 vesci
3000 4040 3083 4096 fas
3112 4053 3219 4098 est.
3275 4043 3435 4097 Aliud
3465 4043 3555 4099 di-

1956 4142 2079 4183 cere
2111 4144 2219 4183 non
2245 4130 2419 4184 habeo
2452 4167 2468 4194 ,
2493 4129 2597 4183 nisi
2641 4129 2848 4184 hortari
2877 4138 2929 4185 te
2971 4142 3027 4186 ut
3062 4147 3187 4187 ores
3220 4148 3320 4201 pro
3364 4133 3549 4188 bumi-

1956 4220 2114 4275 litate
2146 4235 2266 4274 mea
2297 4237 2312 4286 ;
2346 4235 2456 4274 non
2488 4220 2667 4275 solum
2695 4233 2756 4275 ut
2791 4234 2939 4277 recte
2970 4224 3164 4292 loquar
3184 4256 3199 4287 ,
3230 4239 3419 4280 verum
3468 4234 3549 4281 et-

1952 4314 2062 4368 iam
2095 4322 2156 4369 ut
2187 4322 2332 4370 recte
2384 4313 2545 4367 mein
2594 4311 2907 4384 faetisipsis
2946 4330 3159 4384 geram.

2260 4443 2428 4501 (.KX.
2461 4472 2533 4485 —-
2567 4443 2774 4501 Niceta:
2813 4452 2987 4501 locum
3014 4454 3231 4505 tenenti.

917 4600 1015 4651 Pro
1038 4600 1331 4653 muneribus
1358 4603 1417 4654 ab
1447 4603 1535 4654 illo
1560 4603 1724 4656 missis
1744 4610 1930 4671 gratias
1964 4607 2083 4673 agit,
2104 4618 2162 4656 ac
2179 4604 2367 4656 monita
2385 4605 2620 4657 salutaria
2641 4607 2897 4671 rependit.

347 4727 567 4799 Ἐπειδὴ
593 4728 1006 4802 ὲδωροφόρησεν
1036 4732 1227 4803 ἡμῖνὴ
1259 4731 1567 4802 φιλέντολός
1611 4751 1706 4787 σου
1758 4736 1847 4788 δε-

2023 4732 2480 4803 Quandoquidem
2512 4733 2598 4788 bis
2626 4734 2736 4789 illis
2786 4736 3112 4794 muneribus
3142 4755 3265 4805 nos,
3298 4742 3541 4808 domine,

262 4819 373 4888 ξιά,
418 4820 581 4873 τοῦτο
605 4822 845 4887 κάκεῖνο,
891 4822 1147 4887 δέσποτα,
1179 4824 1389 4889 δέξοιτο
1435 4827 1532 4879 καὶ
1574 4827 1642 4879 τὰ
1700 4828 1842 4898 πρὸς

259 4912 421 4983 ἡμῶν
463 4913 574 4965 τῶν
602 4912 854 4968 εὐτελῶν.
907 4916 973 4968 Ai
998 4916 1291 4987 ἡμέτεραι,
1320 4916 1640 4982 ἀποστολαὶ,
1671 4934 1842 4988 προσο

258 5005 442 5075 ευχαὶ,
493 5006 837 5078 εὐχαριστίαι
863 5048 879 5071 ,
912 5009 963 5061 εί
998 5008 1055 5061 δέ
1093 5025 1146 5061 τι
1190 5008 1283 5062 καὶ
1329 5008 1519 5080 ἕτερον
1544 5008 1625 5061 δεῖ
1671 5026 1843 5081 προσ-

258 5098 457 5164 θεῖναι,
495 5099 799 5153 νουθεσίαι.
840 5100 954 5154 Καὶ
978 5099 1121 5163 τίνες
1153 5094 1352 5168 abeat;
1381 5101 1668 5170 φοϐεῖσθαι
1696 5102 1843 5172 ὑμᾶς

256 5192 351 5245 τδν
398 5192 555 5258 Θεὸν,
592 5192 777 5246 πίστιν
804 5193 951 5264 ἔχειν
978 5192 1169 5265 ὀρθὴν,
1203 5192 1506 5265 ἀπέχεσθαι
1563 5194 1845 5261 σαρκικῶν

255 5282 586 5355 ἐπιθυμιῶν,
619 5284 903 5354 πορνείας,
940 5284 1207 5355 μοιχείας,
1237 5283 1601 5355 ἀκαθαρσίας,
1662 5287 1845 5356 πάσης

253 5376 423 5447 ἄλλης
450 5377 739 5446 ἀσελγείας
768 5393 784 5409 °
826 5378 1099 5450 αἱρεῖσθαι
1154 5378 1211 5431 δὲ
1258 5376 1329 5431 τὰ
1382 5376 1504 5431 θεῖα
1554 5379 1840 5448 πράττειν,

1950 4830 2334 4885 mandatorum
2382 4842 2579 4883 amans
2618 4829 2841 4885 dextera
2886 4840 2979 4886 tua
3020 4833 3348 4903 cumulavit,
3393 4837 3541 4891 acci—

1951 4924 2064 4992 piat
2112 4921 2357 4977 vicissim
2413 4936 2536 4991 qua:
2569 4936 2599 4975 a
2632 4922 2791 4978 nobis
2840 4924 3042 4980 vilibus
3088 4926 3540 4996 proficiscuntur.

1950 5014 2178 5070 Munera
2207 5025 2394 5070 nostra
2419 5024 2549 5071 sunt
2570 5031 2786 5085 preces,
2824 5018 3127 5089 gratiarum
3162 5022 3431 5085 aetimies,
3462 5032 3539 5086 et,

1951 5110 1996 5165 si
2033 5109 2162 5180 quid
2199 5118 2461 5179 praeterea
2520 5119 2605 5165 est
2630 5110 2965 5178 addendum,
3011 5111 3439 5170 admonitiones.
3475 5115 3543 5170 Et

1948 5218 2201 5273 quamam
2246 5201 2366 5257 liae?
2404 5202 2624 5257 Timere
2652 5219 2750 5258 vos
2780 5203 2976 5269 Deum,
3014 5204 3173 5259 ﬁdem
3220 5218 3425 5260 reetam
3456 5214 3539 5261 te-

1948 5309 2101 5359 nere,
2132 5294 2407 5348 abstinere
2446 5310 2475 5347 a
2525 5293 2820 5349 desideriis
2849 5294 3188 5356 carnalibus.
3219 5294 3538 5350 fornicatio-

1945 5383 2054 5447 nis,
2087 5383 2362 5451 adulterii,
2406 5385 2759 5455 impunitatis,
2809 5385 2994 5441 omnis
3039 5386 3269 5441 alterius
3297 5387 3536 5457 impudi-

254 5467 427 5522 ἐλεεῖν
454 5469 692 5539 πτωχὸν,
746 5468 1025 5538 φείδεσθαι
1068 5469 1293 5534 δούλων,
1331 5469 1549 5539 ὀρέγειν
1578 5473 1740 5540 χεῖρα
1760 5470 1839 5541 τῷ

1966 5475 2125 5539 :itiae;
2178 5478 2340 5531 malle
2374 5490 2557 5533 autem
2575 5478 2760 5533 divina
2790 5478 3042 5550 exsequi,
3082 5494 3383 5548 pauperum
3430 5478 3536 5534 mi-

253 5559 506 5631 πλησίον,
538 5564 1005 5631 ταπεινοφρονεῖν,
1039 5560 1473 5632 συνεσταλμένον
1520 5557 1684 5625 εἶναι,
1741 5564 1839 5616 καὶ

1966 5569 2135 5635 ereri,
2186 5569 2360 5625 servis
2396 5585 2643 5639 parcere,
2689 5586 2911 5627 manum
2961 5572 3205 5642 praebere
3260 5570 3531 5642 proximo,

321 5671 371 5705 ⁸⁸
437 5670 583 5729 Psal.
632 5687 758 5737 οτι,
829 5672 884 5727 5.
1004 5674 1047 5705 ⁸⁷
1102 5673 1351 5744 Philipp.
1388 5688 1459 5739 tv,
1506 5674 1605 5738 15,
1669 5673 1752 5729 16.

1783 5786 2011 5842 ΝΟΤΛΞ.

326 5882 439 5951 (16)
470 5881 527 5935 In
558 5883 679 5937 eod.
728 5882 859 5950 lieg.
895 5882 1027 5949 ρλα’.
