4156 6464
676 371 819 436 1395

1873 377 1933 434 S.
1968 378 2068 436 ΤΗ
2081 377 2361 438 EODOBI
2403 382 2756 443 S'I‘UDiTxl‘I

3813 403 3962 474 1396

670 490 900 544 humilia
954 492 1180 556 sentire,
1235 492 1495 562 colligere
1531 507 1612 554 se.
1648 509 1747 550 nec
1777 494 2013 549 etfusum
2040 512 2165 552 esse
2191 499 2258 552 liv

2369 500 2442 570 μὴ
2490 501 2884 573 διακεχυμένον
2926 509 3045 572 ταῖς
3101 510 3412 582 αἰσθήσεσι,
3460 517 3530 572 δι’
3579 512 3658 575 ὧν
3719 523 3964 593 θάνατος

670 581 854 636 centia
896 597 1185 648 sensuum,
1225 598 1321 653 per
1373 599 1516 654 quos
1547 587 1757 654 peccati
1795 603 1944 641 mors
1975 591 2258 652 ascendit;

672 673 862 740 paucis
907 681 1228 727 contentum
1275 689 1422 739 esse,
1457 691 1559 729 non
1594 676 1850 730 inebriari
1873 679 2014 742 vina,
2052 681 2107 732 in
2137 697 2259 749 quo,

671 773 731 817 ut
763 764 1005 833 loquitur
1047 767 1367 833 Apostolus,
1418 778 1494 822 est
1528 769 1747 822 luxuria
1766 771 1810 802 ⁸⁸
1841 789 1856 836 ;
1888 787 1998 824 non
2039 775 2262 829 studere

669 857 998 922 avaritiae”,
1060 858 1116 912 in
1163 875 1269 929 qua
1322 862 1480 916 radix
1526 873 1611 916 est
1654 865 1923 918 malorum
1956 868 2258 930 omnium;

669 948 953 1003 assiduum
1012 965 1136 1006 esse
1187 953 1243 1007 in
1304 956 1670 1022 orationibus,
1714 958 1766 1012 in
1813 959 2163 1026 lectionibus,
2203 963 2258 1016 in

669 1040 1013 1108 psalmodiis,
1044 1044 1100 1098 in
1134 1047 1329 1101 mortis
1373 1049 1748 1116 meditatione,
1783 1052 1836 1104 in
1879 1070 1984 1122 qua
2018 1063 2103 1109 est
2136 1056 2264 1108 ani-

670 1148 772 1186 ma:
807 1137 1162 1203 compunctio
1197 1154 1325 1192 cum
1361 1139 1642 1210 lacrymis.
1680 1141 2071 1214 Lacrymarum
2116 1148 2259 1202 enim

668 1233 755 1279 est
811 1241 1051 1294 praesens
1093 1230 1230 1295 vita,
1273 1245 1307 1284 ο
1356 1230 1679 1296 Christiani,
1741 1237 1837 1290 sed
1876 1253 1980 1290 non
2023 1239 2256 1294 risuum.

667 1311 830 1370 Nullo
865 1317 1029 1372 modo
1053 1319 1263 1388 jurare,
1297 1337 1400 1377 nec
1426 1325 1796 1380 venerandum
1835 1327 1925 1382 Dei
1961 1345 2156 1385 nomen
2205 1332 2258 1386 in

665 1405 994 1475 juramentis
1039 1428 1353 1482 usurpare:
1407 1417 1608 1471 salvari
1652 1420 1798 1473 enim
1837 1422 1930 1488 qui
1965 1422 2117 1491 jurat
2150 1439 2256 1477 non

671 1509 870 1566 potest.
906 1501 1212 1560 Immunem
1243 1522 1363 1562 esse
1395 1508 1462 1561 ab
1487 1510 1613 1564 odio
1639 1511 1930 1576 Cainitico.
1964 1517 2033 1568 ab
2063 1518 2261 1571 exitio-

671 1602 731 1640 sa
755 1589 1113 1658 detractione,
1139 1595 1210 1650 ab
1231 1597 1355 1649 odio
1382 1597 1473 1651 Dei
1507 1598 1748 1666 inimico,
1782 1618 1810 1656 a
1839 1605 2090 1660 convicio
2114 1609 2259 1677 quod

671 1678 914 1733 excludit
943 1696 974 1734 a
1003 1697 1170 1751 regno
1203 1685 1471 1739 ccelorum
1501 1704 1514 1739 :
1554 1702 1734 1758 regem
1763 1693 2037 1746 honorare
2073 1710 2137 1748 ac
2168 1711 2260 1764 pa-

671 1777 895 1823 rentes:
954 1771 1242 1841 conjugetn
1305 1783 1364 1826 ut
1391 1776 1630 1843 seipsum
1683 1778 1910 1848 diligere
1941 1823 1954 1845 ,
1987 1796 2085 1836 nec
2113 1782 2256 1836 aliud

672 1855 1034 1915 fornicarium
1084 1861 1229 1916 latus
1283 1879 1638 1934 cognoscere,
1683 1867 1736 1920 in
1767 1883 1877 1935 quo
1902 1870 1979 1923 ira
2011 1879 2096 1925 est
2125 1871 2217 1925 Dei
2248 1890 2261 1926 :
2299 1882 2339 1936 Β

673 1947 1050 2007 Fornicatores
1071 1954 1212 2007 enim
1230 1965 1280 2009 et
1317 1957 1585 2011 adulteros
1601 1959 1867 2026 judicabit
1907 1963 2043 2016 Deus
2061 1966 2128 2018 ⁷ο.
2166 1965 2258 2019 Fi-

670 2040 774 2095 lios
827 2044 1134 2100 secundum
1194 2046 1366 2102 Deum
1416 2050 1726 2116 instituere,
1777 2063 1830 2107 et
1858 2056 2168 2126 exemplum
2203 2074 2261 2112 se

670 2129 780 2186 illis
811 2132 876 2186 ad
906 2135 1253 2202 prudentiam
1288 2139 1563 2207 praebere;
1594 2151 1648 2195 et
1687 2143 1792 2197 alia
1821 2160 2161 2216 quaecunque
2193 2150 2258 2204 ad

671 2224 871 2280 anima:
903 2228 1138 2284 salutem
1172 2243 1440 2300 praecepta
1471 2243 1620 2289 sunt.
1663 2233 1789 2289 Haec
1827 2247 1975 2300 sunt,
2013 2239 2256 2306 domine,

670 2332 792 2387 qua:
821 2320 1053 2389 egregiis
1083 2325 1407 2381 muneribus
1437 2328 1545 2382 tuis
1574 2330 1927 2396 rependimus
1970 2349 1982 2384 :
2027 2348 2148 2402 qua:
2191 2351 2261 2390 ne

671 2411 968 2477 spreveris,
998 2417 1218 2469 tametsi
1248 2417 1317 2471 ab
1347 2417 1618 2473 inltonoro
1639 2421 1822 2489 capite
1863 2421 2103 2492 profecta
2127 2427 2258 2481 sint.

671 2499 768 2556 Dei
798 2503 943 2558 enim
977 2507 1232 2561 mandata
1257 2510 1430 2577 pluris
1463 2511 1712 2567 facienda
1742 2523 1871 2568 sunt
1897 2530 2060 2585 quam
2098 2531 2262 2574 omne

670 2607 866 2649 aurum
894 2603 950 2650 et
977 2595 1117 2667 lapis
1144 2601 1438 2668 pretiosus.

739 2705 930 2766 CXXI.
968 2741 1040 2753 ο-
1074 2712 1287 2769 Thomas
1320 2719 1646 2787 patriarcha
1686 2719 2195 2796 Hierosolymitano.

671 2902 865 2956 Gratias
887 2906 990 2971 agit
1015 2921 1104 2972 pro
1128 2911 1348 2976 acceptis
1369 2914 1430 2964 ab
1453 2913 1563 2979 ipso
1588 2917 1775 2969 litteris
1809 2936 1820 2969 :
1853 2927 1954 2972 tum
1977 2924 2143 2975 laudat
2164 2931 2728 3064 quogztiihrisgsciusam

2153 3003 2232 3039 an.
2363 3034 2376 3058 ,
2400 3012 2446 3050 ιι.
2491 3002 2500 3012 ’
2540 3040 2550 3049 .

2153 3003 2232 3039 an.
2265 3002 2376 3058 821,
2400 3012 2446 3050 ιι.
2472 3002 2550 3049 55.

741 3073 965 3140 Quanto
1003 3091 1106 3133 nos
1155 3077 1392 3137 humiles
1421 3081 1601 3140 ati‘ecti
1654 3085 1924 3143 fuerimus
1954 3091 2156 3157 gaudio
2193 3111 2258 3150 ex
2288 3104 2331 3162 α

671 3169 1076 3238 sapientissima
1124 3187 1234 3242 qua
1283 3189 1385 3230 nos
1425 3192 1521 3246 per
1561 3179 1848 3246 epistolam
1895 3185 2101 3255 dignati
2134 3188 2265 3243 estis

671 3261 1036 3326 allocutione,
1089 3265 1401 3335 perspicere
1442 3277 1625 3337 potest
1668 3287 1923 3340 suprema
1988 3276 2266 3332 beatitudo

672 3364 854 3408 vestra
893 3370 906 3407 :
938 3353 1137 3423 quippe
1165 3357 1259 3424 qui
1291 3361 1594 3426 apostolico
1631 3363 1799 3432 gradu
1848 3369 2266 3434 supereminen-

673 3457 778 3504 tes.
817 3455 872 3500 et
909 3445 1099 3500 fratris
1136 3445 1350 3503 Domini
1389 3466 1486 3519 per
1511 3453 1812 3523 legitimam
1857 3463 2262 3517 successionem

673 3552 962 3606 personam
1003 3549 1274 3610 gerentes,
1326 3544 1408 3597 vel
1459 3545 1576 3600 solo
1623 3548 1787 3602 aifatu
1837 3552 2110 3607 honorare
2161 3571 2261 3610 nos

673 3629 939 3700 inglorios
996 3634 1195 3688 merito
1250 3639 1552 3704 poteratis:
1592 3642 1791 3695 nedum
1835 3651 2109 3699 tantarum
2140 3647 2262 3701 lau-

672 3720 802 3773 dum
839 3719 1099 3791 fastigiis,
1143 3740 1172 3777 a
1203 3725 1403 3794 quibus
1449 3744 1550 3783 nos
1599 3740 1709 3784 tam
1770 3733 1927 3803 longe
1969 3737 2258 3802 absumus,

673 3818 734 3862 ut
781 3825 918 3879 pene
949 3812 1206 3867 arbitrari
1245 3830 1353 3869 non
1403 3819 1652 3873 ausimus
1684 3821 1750 3874 de
1785 3823 1943 3878 nobis
1968 3825 2109 3880 dicta
2149 3827 2261 3883 haec

673 3918 704 3953 ιι
743 3903 897 3957 vobis
922 3902 1092 3960 fuisse
1123 3922 1135 3959 :
1172 3923 1236 3960 ac
1271 3924 1338 3963 ne
1367 3911 1532 3966 ullius
1571 3913 1793 3981 quidem
1831 3932 1894 3970 ex
1925 3917 1990 3971 iis
2021 3923 2113 3988 qui
2146 3920 2259 3974 for-

673 3996 800 4049 titer
838 4011 897 4051 se
919 4010 1206 4067 gesserunt
1235 4015 1356 4056 esse
1392 4002 1505 4057 htec
1549 4007 1818 4070 encomia,
1856 4009 1948 4064 sed
1981 4011 2260 4067 divinissi-

675 4086 744 4139 mi
810 4089 1070 4144 antistitis
1121 4093 1316 4157 nostri,
1382 4093 1434 4148 in
1481 4111 1643 4164 quem
1706 4101 1903 4154 merito
1967 4105 2259 4159 conveniat

671 4179 928 4247 quaelibet
965 4182 1348 4254 cujuscunque
1396 4187 1727 4244 laudationis
1761 4195 1959 4247 oratio.
2011 4196 2114 4250 Sed
2163 4199 2258 4267 qui

671 4272 828 4325 aliter
882 4272 1150 4342 patefacta
1214 4274 1409 4331 fuisset
1474 4278 1785 4350 benignitas
1844 4295 2022 4340 vestra
2058 4287 2258 4343 divinae

671 4363 887 4427 aemula,
931 4365 1034 4420 nisi
1068 4370 1310 4436 paternis
1335 4370 1618 4427 aﬂ‘ectibns
1646 4376 1930 4443 splendide
1956 4394 2100 4432 esset
2130 4395 2257 4449 pro-

671 4454 827 4510 dita:
870 4455 1016 4509 sicut
1055 4467 1107 4511 et
1152 4460 1283 4514 solis
1316 4461 1408 4513 lux
1453 4478 1748 4532 erumpens
1801 4469 1964 4522 radiis
1991 4470 2251 4524 dilfuudi-
2287 4452 2328 4507 D

672 4548 792 4600 tur?
841 4548 944 4613 Qui
986 4551 1146 4604 aliter
1193 4553 1467 4609 unanimis
1502 4567 1554 4610 et
1590 4562 1916 4628 conspirans
1967 4563 2252 4618 uobiscum

671 4656 866 4693 sensus
899 4653 1324 4712 agnosceretur;
1355 4647 1458 4701 nisi
1501 4650 1569 4705 ab
1615 4651 1678 4704 iis
1719 4666 2117 4721 secerneretur,
2159 4659 2254 4726 qui

670 4733 740 4789 ad
769 4735 1136 4803 adversarios,
1185 4741 1601 4815 qualescunque
1635 4746 1709 4800 illi
1751 4749 1882 4812 sint,
1925 4763 2122 4818 sponte
2158 4756 2254 4809 de-

668 4825 957 4882 fecerunt?
1007 4829 1084 4884 De
1130 4832 1352 4900 quibus,
1421 4840 1521 4890 etsi
1565 4839 1824 4895 audacius
1866 4843 1937 4896 sit
1993 4861 2020 4897 a
2072 4847 2251 4913 nobis,

667 4934 886 4988 aequum
938 4929 1116 4976 tamen
1162 4933 1244 4979 est
1281 4926 1411 4989 dici,
1448 4929 1578 4999 quid
1628 4933 1890 4987 tandem?
1921 4937 2063 5005 quod
2095 4937 2250 4993 ebul-

669 5011 833 5067 lieute
865 5013 1085 5069 ltmresis
1112 5019 1496 5084 persecutione
1535 5026 1898 5079 conveniebat
1934 5031 2248 5085 sublimium

669 5105 878 5159 sedium
940 5107 1239 5177 antistites,
1280 5122 1539 5183 tanquam
1580 5117 1819 5183 Spiritus
1854 5121 2157 5191 adjutores,
2199 5137 2251 5181 et

667 5199 981 5272 apostolicis
1027 5202 1470 5262 institutionibus
1519 5209 1730 5277 plenos,
1771 5212 2015 5270 fraterno
2063 5220 2250 5273 animo

666 5295 1021 5361 commoveri,
1074 5313 1295 5353 manum
1338 5317 1436 5367 pro
1465 5306 1686 5360 veritate
1729 5312 2069 5368 certantibus
2097 5330 2249 5368 eom-

666 5385 922 5453 patiendo
945 5389 1239 5458 porrigere.
1281 5392 1338 5446 Si
1369 5396 1497 5464 quid
1522 5399 1682 5461 enim,
1713 5400 1809 5467 ait,
1840 5406 2045 5471 patitur
2083 5424 2244 5461 unum

734 5498 781 5533 ⁸⁸
806 5500 1002 5570 Ephes.
1033 5520 1084 5569 v,
1121 5505 1205 5561 18.

1309 5509 1391 5563 ⁸⁵1
1422 5509 1565 5567 Tim.
1603 5530 1672 5581 vr,
1709 5513 1796 5577 10.
1873 5521 1918 5550 ⁷⁰
1950 5519 2112 5576 Hebr.
2148 5541 2267 5583 xm.
2321 5527 2365 5578 ’t.

2363 593 2640 664 ἁμαρτίας
2664 597 2891 663 ἄνεισιν,
2950 602 3287 674 αὐταρκείας
3329 609 3571 680 ἔχεσθαι,
3630 616 3721 687 μὴ
3769 626 3965 689 μεθύ-

2361 691 2618 741 σκεσθαι
2649 689 2815 755 οἴνῳ.
2841 692 2912 745 ἐν
2965 688 3014 760 ᾧ
3077 696 3270 764 ἐστιν,
3317 702 3694 773 ἀποστολικῶς
3750 714 3962 779 εἰπεῖν,

2361 780 2628 834 ἀσωτιαο
2665 782 2739 853 μὴ
2782 785 3167 858 φιλαργυρεϊν,
3206 792 3264 845 ἐν
3303 786 3348 862 ᾧ
3373 797 3405 866 ἡ
3432 797 3554 867 ῥίζα
3582 802 3805 857 πάντων
3844 809 3963 860 τῶν

2363 870 2549 923 κακῶν
2583 874 2697 926 ἐστι
2723 891 2736 904 ·
2768 876 3050 946 σχολάζειν
3076 882 3136 934 ἐν
3165 883 3436 955 δεήσεσιν,
3463 891 3521 944 ἑν
3554 893 3961 965 ἀναγνώσεσιν,

2360 964 2418 1015 ὲν
2449 963 2813 1034 ψαλμῳδίαις,
2846 970 2904 1024 ὲν
2934 972 3172 1046 μερίμνῃ
3221 976 3480 1046 Θανάτου,
3517 981 3663 1061 ἐφ’ᾖ
3713 963 3965 1044 κατάνυέ

2363 1053 2442 1151 Et;
2487 1056 2662 1128 ψυχῆς
2694 1061 2789 1113 καὶ
2815 1061 3049 1135 δάκρυα.
3084 1068 3349 1140 Δακρύων
3395 1074 3504 1146 γὰρ
3535 1076 3564 1128 ὀ
3600 1053 3796 1150 παρὼν
3818 1083 3962 1151 βίος,

2361 1140 2406 1199 ὧ
2449 1148 2786 1217 Χριστιανοὶ,
2839 1154 2958 1207 ἀλλ’
2982 1157 3041 1209 οὐ
3065 1157 3342 1225 γελώτων.
3366 1140 3652 1237 Μηδαμῶς
3682 1140 3960 1241 diutine:

2364 1239 2500 1310 μηδὲ
2537 1242 2721 1308 ὅρκιον
2745 1246 2806 1299 τὸ
2842 1248 3138 1319 πολύτιμον
3164 1253 3255 1307 δνο
3268 1274 3346 1324 μα
3373 1259 3469 1311 τοῦ
3496 1261 3632 1316 Θεοῦ
3678 1239 3771 1319 διὰ
3831 1271 3963 1321 στό-

2365 1347 2534 1428 ματος
2565 1333 2754 1402 φέρειν
2779 1351 2794 1366 ο
2829 1338 2891 1390 οὐ
2931 1340 3038 1409 γὰρ
3068 1340 3189 1396 ἔστι
3217 1345 3310 1398 τὸν
3349 1347 3619 1418 ὀμνύοντα
3682 1357 3958 1428 σωθῆναι,

2364 1417 2704 1490 Καθαρεύετν
2717 1423 2914 1492 φθόνου
2932 1429 3027 1483 τοῦ
3058 1431 3285 1496 Καῖνου.
3316 1417 3648 1507 καταλαλιᾶς
3675 1449 3778 1518 τῆς

2363 1507 2739 1579 θρίου,μίσους
2755 1517 2848 1570 τοῦ
2865 1519 3450 1599 ὲχθροθέου,λοιδορίας
3467 1535 3566 1603 τῆς
3586 1535 3691 1601 ἔξω
3707 1507 3961 1612 τεθείσης

2365 1601 2644 1670 βασιλείας
2664 1609 2932 1677 οὐρανῶψ
2965 1618 3131 1686 τιμᾷν
3148 1619 3240 1672 τὸν
3269 1621 3516 1692 βασιλέα,
3541 1630 3666 1693 τοὺς
3697 1639 3961 1706 γεννήτο-

2365 1711 2467 1796 ρας
2492 1711 2506 1724 ·
2539 1699 2761 1796 alarii;
2795 1702 2872 1766 ὠς
2897 1706 3090 1760 ἑαυτὸν
3120 1711 3219 1779 τὴν
3248 1715 3544 1786 ὁμόζυγον,
3574 1722 3670 1774 καὶ
3704 1724 3781 1796 μὴ
3813 1699 3961 1794 γνωο

2365 1966 2569 2034 ἐνθέως
2597 1973 2665 2025 τὰ
2693 1975 3008 2042 τέκνα,.καὶ
3034 1983 3229 2040 ἑαυτὸν
3277 1989 3584 2064 ὑπόδειγμα
3599 1966 3821 2056 τιθέναι
3852 2005 3960 2072 τῆς

2365 2059 2546 2112 αὐτῶν
2597 2065 2867 2130 συνέσεως
2891 2085 2906 2100 ο
2945 2074 3039 2125 καὶ
3088 2076 3187 2130 ὅσα
3253 2080 3392 2136 ἄλλα
3422 2085 3450 2137 ὁ
3607 2091 3831 2163 ἐντολῆς
3863 2059 3957 2149 16';

2364 2166 2461 2217 γος
2480 2155 2704 2207 ἀπαιτεῖ
2725 2160 2806 2221 είς
2839 2168 3115 2233 σωτηρίαν
3148 2169 3349 2242 ψυχῆς.
3387 2155 3590 2246 Ταῦτα,
3612 2176 3658 2235 ὦ
3690 2155 3952 2253 δέσποτα,

2364 2242 2712 2346 ἀμειπτήρια
2743 2250 2854 2304 τῶν
2884 2255 3068 2309 καλῶν
3112 2277 3208 2314 σου
3271 2269 3524 2339 παροχῶν
3555 2242 3584 2302 ’⁷
3634 2274 3670 2328 ἃ
3699 2278 3773 2348 μὴ
3830 2242 3954 2334 ἀτι-ἰ

2365 2333 2583 2444 μάσοις,
2613 2340 2716 2393 κᾶν
2749 2342 2808 2408 ἐξ
2835 2344 3034 2416 ἀτίμου
3068 2333 3646 2434 στόματοςνπροήχθη.
3677 2333 3818 2422 ἀεδῦ
3842 2373 3960 2444 γὰρ

2362 2427 2577 2570 ὲνέτολαὶ
2597 2437 2798 2502 παντὸς
2833 2441 3058 2511 χρυσίου
3093 2447 3188 2499 καὶ
3215 2447 3380 2504 λίθων
3413 2427 3728 2529 πολυτίμων
3756 2427 3955 2535 τιμαλζ

2364 2537 2401 2570 o
2440 2537 2654 2570 στεοαι-

2364 2537 2654 2592 φεστεραι.

2381 2729 2540 2784 PKA'
2599 2733 2734 2805 (17).
2761 2769 2827 2780 -
2861 2743 3034 2814 Θωμᾷ
3070 2751 3429 2894 [ῗνίςιῇιὰρχῃ
3498 2755 3945 2834 Ἱεροσολύμων.

2750 2945 2991 2999 adversus
3023 2950 3376 3009 Icouomachos
3397 2961 3704 3016 defenderit.
3739 2968 3943 3031 (Barea.

2447 3103 2664 3160 Ἠλίκον
2688 3110 2941 3183 ἥσθημεν
2965 3118 3013 3168 οί
3041 3121 3290 3174 ταπεινοὶ
3318 3124 3417 3194 τῆς
3445 3126 3534 3180 διὰ
3559 3130 3652 3183 τοῦ
3684 3135 3949 3206 γράμμα-

2365 3210 2458 3256 τος
2485 3199 2761 3269 πανσόφου
2795 3204 2948 3273 ὑμῶν
2977 3214 3418 3282 προσφωνήσεως
3465 3199 3949 3290 ἠξιωμένοι,συν-

2366 3290 2498 3358 ορᾷν
2560 3294 2797 3362 πάρεστι
2831 3300 2897 3368 τῇ
2933 3303 3206 3374 κορυφαίᾳ
3239 3306 3395 3376 ὑμῶν
3426 3317 3832 3387 μακαριότητι·
3870 3323 3948 3376 οτ-

2365 3397 2428 3448 γε
2457 3382 2534 3451 τῷ
2567 3387 2912 3459 ἀποστολικῷ
2949 3391 3145 3463 βαθμῷ
3193 3396 3688 3471 ὑπερανεστῶτες,
3725 3382 3829 3462 ⁷καὶ
3889 3414 3946 3467 τὸ

2365 3472 2459 3523 τοῦ
2489 3473 2811 3543 ἀδελφοθέου
2841 3480 2910 3532 δι’
2937 3481 3161 3553 ἐννόμου
3193 3485 3448 3558 διαδοχῆς
3464 3493 3756 3562 ἐπέχοντες
3779 3502 3946 3571 πρόσο

2364 3579 2532 3629 ωπον,
2594 3568 2686 3620 καὶ
2735 3569 2862 3642 ,ἶνιλῇ
2900 3577 3210 3646 προσρήσει
3243 3583 3410 3651 τιμᾷν
3441 3583 3616 3654 ἔχοιτε
3646 3591 3775 3654 τοὺς
3823 3568 3944 3648 καθ’

2366 3658 2511 3726 ἡμᾶς
2537 3660 2894 3732 ἀγεράστους,
2956 3670 3182 3724 κατὰτὸ
3209 3674 3356 3737 είκός
3383 3691 3398 3705 °
3454 3677 3528 3749 μὴ
3587 3680 3738 3750 ὃτιγε
3795 3688 3947 3759 τηλι-

2364 3751 2572 3805 κούτων
2600 3755 2838 3810 ἐπαίνων
2867 3758 3161 3830 ὑψώμασιν
3192 3781 3206 3794 ο
3239 3759 3316 3820 ὧν
3345 3769 3508 3840 ἡμεῖς
3528 3775 3785 3830 τοσοῦτον
3807 3781 3942 3834 ἁποο

2362 3843 2573 3915 δέομεν,
2601 3848 2678 3912 ὠς
2728 3853 2928 3921 μικροῦ
2956 3854 3065 3908 δεῖν
3097 3844 3252 3927 ’μηδὲ
3295 3862 3500 3934 τολμᾷν
3555 3867 3764 3924 οἴεσθαι
3815 3876 3942 3944 περὶ

2360 3939 2392 4005 ἡ
2403 3939 2518 4006 μῶν
2548 3939 2638 4009 ὑφ’
2669 3942 2821 4012 ὑμῶν
2846 3943 3017 3997 ταῦτα
3045 3945 3298 4017 λελέχθαι
3317 3967 3330 3980 ·
3368 3953 3483 4006 ἀλλ’
3508 3957 3628 4010 οὐδέ
3659 3977 3806 4025 τινος
3837 3939 3940 4017 τῶν

2363 4029 2632 4101 ἀνδρικῶν
2660 4029 2888 4087 εἶναιτὰ
2919 4036 3175 4108 ἐγκώμια
3195 4055 3207 4068 ⁸
3241 4042 3410 4112 ἤγουν
3439 4044 3532 4098 τοῦ
3563 4048 3942 4108 θεσπεσιωτεὶ-

2360 4139 2454 4175 του
2487 4124 2643 4194 ἡμῶν
2672 4127 3064 4198 ἀρχιποίμενος
3087 4149 3099 4161 ’
3127 4133 3213 4202 ἐφ’
3240 4129 3284 4202 ᾧ
3311 4139 3417 4201 πᾶς
3443 4140 3538 4193 καὶ
3557 4144 3758 4208 παντὸς
3788 4149 3816 4200 ὀ
3845 4149 3938 4218 τῆς

2360 4212 2636 4282 εὐφημίας
2671 4218 2895 4283 εἰκότως
2922 4222 3219 4277 ἀνάπτοιτο
3242 4225 3419 4296 λόγος.
3485 4231 3645 4287 Ἀλλὰ
3700 4237 3819 4301 πῶς
3872 4212 3935 4293 αν

2359 4303 2532 4367 ἄλλως
2553 4305 2615 4358 τὸ
2639 4307 2971 4381 θεομίμητον
3002 4315 3158 4384 ὑμῶν
3210 4319 3302 4372 καὶ
3354 4322 3786 4398 εὐσυμπάθητον
3835 4332 3935 4385 ὕπ-

2359 4393 2574 4465 εδείχθη
2600 4410 2615 4424 ⁶
2653 4399 2726 4469 μὴ
2772 4401 2894 4470 οὐχὶ
2920 4407 3040 4468 ταῖς
3082 4407 3385 4476 Πατρικαῖς
3427 4393 3707 4470 διαθέσεσι
3735 4420 3935 4491 Θριαμ-

2360 4485 2653 4558 ϐευόμενον
2675 4507 2688 4520 ·
2725 4492 2800 4555 ὡς
2827 4495 2920 4546 καὶ
2951 4497 3100 4566 ἡλίου
3130 4499 3341 4572 ἔξαλμα
3397 4506 3585 4560 ἀκτῖσι
3637 4485 3934 4567 κατασπει-

2361 4581 2623 4651 ρόμενον;
2677 4585 2800 4649 Πῶς
2830 4586 2875 4638 δ’
2900 4587 2967 4641 ἂν
2997 4591 3202 4662 ἑτέρως
3226 4596 3286 4646 τὸ
3319 4597 3604 4670 σύμψυχον
3655 4605 3788 4674 ἡμῖν
3844 4609 3933 4661 καὶ

2358 4673 2677 4743 ὁμόγνωμον
2744 4678 3099 4754 ὲγνιι›ρίσθνι’
3161 4686 3236 4756 μὴ
3287 4690 3407 4759 οὐχὶ
3459 4693 3599 4763 πρὸς
3651 4697 3781 4760 τοὺς
3827 4704 3932 4763 τοῖς

2357 4763 2626 4828 ἐναντίοις
2659 4767 2834 4819 ὁποῖοί
2859 4785 2990 4822 ποτε
3037 4767 3178 4843 ἦσαν
3222 4777 3702 4851 αὐτομολήσαντας
3732 4789 3934 4861 διακρι-

2357 4857 2581 4926 νόμενον
2607 4878 2620 4921 ς
2645 4862 2730 4929 ἐφ’
2757 4857 2838 4924 οἷς
2874 4863 2923 4917 εί
2995 4868 3089 4920 καὶ
3121 4868 3412 4940 τολμηρὸν,
3445 4875 3583 4947 πρὸς
3606 4880 3764 4948 ήμῶν
3791 4857 3931 4952 ὁμῶς

2355 4949 2560 5004 ἔνδικόν
2591 4954 2704 5006 ἐστι
2737 4955 2938 5022 φάναι·
2967 4959 3032 5012 Τί
3053 4959 3249 5027 τοῦτο;
3286 4965 3368 5017 ὅτι
3394 4967 3494 5035 τῆς
3523 4970 3789 5038 αἱρέσεως
3813 4949 3932 5030 διω-

2356 5044 2560 5108 κτικῶς
2584 5047 3082 5123 ἀναπαφλασάσης,
3133 5055 3304 5126 ἐχρῆν
3356 5060 3485 5124 τοὺς
3541 5062 3652 5114 τῶν
3715 5065 3930 5138 ὑψηλῶν

2355 5135 2560 5207 θρόνων
2590 5141 2828 5210 ἐξόχους,
2858 5143 2934 5206 ὠς
2970 5144 3067 5198 τοῦ
3091 5147 3412 5220 Πνεύματος
3444 5156 3793 5228 συμμάχους,
3814 5135 3825 5138 —
3844 5163 3931 5219 καὶ

2354 5227 2460 5280 τῶν
2497 5231 2871 5289 ἁποστολικῶν
2901 5236 3508 5311 ὑποθηκῶνὲμπλέους,
3539 5253 3929 5323 συγκινηθῆναι

2358 5320 2718 5394 φιλαδέλφως,
2753 5331 2911 5399 χεῖρα
2941 5331 3126 5401 ὀρέξαι
3170 5338 3283 5398 τοῖς
3343 5339 3484 5411 ὑπὲρ
3531 5320 3795 5413 ἀληθείας
3832 5320 3929 5401 ’κά-

2358 5430 2552 5481 μνουσι
2592 5421 3078 5494 συμπαθοπρεπῶς
3103 5467 3116 5480 .
3133 5427 3268 5484 Εἴτε
3283 5429 3416 5501 γὰρ,
3433 5435 3590 5504 φησὶ,
3621 5437 3843 5510 πάσχει
3868 5439 3922 5497 ἓν

2186 5676 2413 5737 NOTAE.

735 5814 846 5884 (l7)
889 5815 944 5869 lu
981 5818 1103 5872 eod.
1144 5819 1273 5890 Heg.
1303 5822 1434 5892 ρλβ’.
