4156 6498
321 436 465 502 1397

1519 422 2058 484 EPISTOLARUM
2119 420 2268 480 LlB.
2317 418 2400 477 II.

3462 417 3600 483 1398

309 557 525 630 μέλος,
581 553 933 624 συμπάσχει
961 547 1159 604 πάντα
1191 545 1264 602 τὰ
1310 546 1498 615 μέλη·
1547 547 1668 600 εἴτε
1728 544 1901 610 δοξά-

2013 541 2332 604 membrum,
2365 538 2762 608 compatiuntur
2787 538 2965 592 omnia
3021 535 3256 589 membra
3293 551 3312 589 :
3358 537 3464 590 sive
3488 537 3601 608 glo-

315 648 474 709 ᾰῖται
520 647 590 700 ἓν
613 644 816 715 μέλος,
848 641 1160 710 συγχαΙρει
1182 636 1379 692 πάντα
1404 637 1478 692 τὰ
1499 636 1660 706 μέλη
1680 653 1697 669 ο
1730 654 1897 705 κεφαο

314 741 419 812 λῆς
439 737 639 810 δηλαδὴ
664 736 832 809 οὔσης
860 732 956 787 τοῦ
1012 730 1471 801 ἐκκλησιαστικοῦ
1530 729 1653 784 ὅλου
1711 728 1902 797 σώμα-

313 851 413 896 τος
497 828 738 901 Χριστοῦ
803 826 897 881 τοῦ
976 824 1236 899 ἀληθινοῦ
1322 825 1530 896 Κυρίου
1598 824 1694 877 καὶ
1765 823 1903 877 Θεοῦ

315 928 355 996 ἡ
366 924 504 995 μῶν.

392 1039 569 1105 Ὅπερ
602 1034 744 1104 ὁτῆς
769 1033 986 1096 Δύσεως
1029 1030 1386 1092 ἀποστολικὸς
1439 1025 1738 1099 πεπραχὼς
1773 1027 1898 1080 ὅσον

313 1127 680 1200 ὥνησε,τίδεῖ
707 1124 1000 1192 καῗλὲγειν
1025 1141 1041 1190 ;
1073 1122 1396 1196 ἐπιρρώσας
1424 1121 1526 1189 μὲν
1555 1119 1625 1176 τὰ
1671 1118 1780 1173 τῶν
1813 1120 1904 1172 ὲν-

319 1223 624 1290 ισταμὲνων
640 1218 722 1270 ὅτι
749 1216 983 1286 μάλιστα
1007 1214 1353 1285 φρονήματα.
1380 1212 1554 1282 Εἴπερ
1581 1209 1678 1263 καὶ
1695 1209 1906 1280 σμικρά

319 1312 464 1383 ῥοπὴ
488 1310 674 1372 σθένος
701 1308 954 1380 ἐμποιεῖν
982 1305 1141 1358 εἴωθε
1169 1303 1249 1374 τῷ
1279 1303 1565 1372 κάμνοντι,
1599 1303 1903 1372 ἐπιρραπί-

317 1419 418 1465 σας
434 1402 490 1456 δὲ
505 1401 584 1472 τῷ
597 1417 727 1453 πνευ
737 1397 1080 1470 ματοκινήτῳ
1109 1395 1234 1463 ὲλεγ
1243 1392 1326 1464 μῷ
1337 1393 1444 1448 τῶν
1469 1390 1810 1444 ἀσεϐούντων
1837 1389 1906 1443 τὰ

315 1497 655 1566 φρυάγματα
687 1506 702 1520 ⁶
768 1485 829 1544 οῦ
859 1488 911 1544 τί
961 1489 1026 1542 ἂν
1080 1486 1294 1555 γένοιτο
1341 1482 1900 1553 σωτηριωδέστερον;

315 1582 401 1650 οἷς
431 1586 488 1639 δέ
524 1583 683 1638 τοῦτο
739 1584 915 1636 ποιεῖν
946 1581 1084 1645 ἐξὸν,
1136 1578 1364 1633 οὑτίπου
1417 1578 1698 1648 ποιήσασι,
1748 1575 1905 1628 τούν-

317 1680 502 1732 αντίον
528 1676 606 1741 δὲ,
660 1676 760 1730 οὐκ
782 1674 890 1744 ἔχω
942 1673 1124 1741 λέγειν
1170 1671 1200 1724 ὁ
1235 1669 1426 1732 τάλας,
1459 1668 1600 1723 αίδοῖ
1649 1665 1746 1720 τοῦ
1803 1667 1906 1736 τῆς

321 1769 726 1841 μακαριότητος
757 1765 913 1837 ἡμῶν
943 1763 1203 1832 ἀγγέλου,
1241 1764 1366 1815 ὅσον
1401 1760 1469 1814 ἂν
1528 1761 1615 1829 εἴη
1664 1759 1726 1812 τὸ
1772 1776 1906 1812 κατ-

2007 633 2182 685 riatur
2239 647 2405 684 unum
2461 631 2773 696 membrum,
2831 628 3162 700 congaudent
3223 631 3403 683 omnia
3431 644 3598 682 mom-

2007 727 2104 780 bra
2129 727 2170 756 '”
2198 743 2214 791 ;
2260 724 2387 794 quia
2421 724 2681 778 nimirum
2718 732 2885 792 caput
2919 733 3003 778 est
3033 723 3203 777 totius
3234 722 3598 778 ecclesiastici

2007 817 2255 886 corporis
2306 815 2581 880 Christus,
2643 831 2807 870 verus
2859 816 3129 871 Dominus
3187 830 3251 870 ac
3302 813 3445 869 Deus
3501 830 3603 869 no-

2007 918 2140 962 ster.

2077 1023 2234 1091 Quod
2295 1022 2606 1078 Occidentis
2660 1023 2998 1092 apostolicus
3047 1038 3172 1077 cum
3221 1022 3595 1092 praestitisset,

2006 1127 2271 1186 quantum
2307 1115 2594 1185 profuerit,
2621 1116 2750 1184 quid
2782 1115 3221 1170 attinetdicere?
3247 1114 3446 1185 partim
3477 1115 3602 1184 qui-

2007 1211 2128 1265 dem
2155 1210 2484 1265 certantium
2540 1220 2752 1264 mentes
2804 1223 3156 1279 summopere
3211 1208 3596 1263 confirmans:

2008 1304 2274 1374 siquidem
2320 1305 2577 1374 exiguum
2628 1313 2963 1357 momentum
3000 1304 3111 1358 vim
3146 1313 3200 1358 et
3226 1304 3398 1358 robur
3437 1302 3598 1358 fessis

2006 1405 2061 1452 et
2117 1397 2492 1450 laborantibus
2543 1396 2741 1450 addere
2800 1396 2988 1450 solet:
3043 1395 3242 1465 partim
3297 1395 3597 1462 impiorum

2010 1489 2262 1544 fremitus
2306 1504 2336 1542 a
2389 1489 2594 1558 Spiritu
2641 1487 2885 1558 profec1a
2921 1487 3348 1557 reprehensione
3376 1503 3600 1556 compe-

2009 1597 2216 1637 scens:
2269 1597 2382 1651 quo
2435 1581 2568 1651 quid
2641 1581 2759 1635 fieri
2819 1583 2995 1651 potuit
3023 1579 3359 1635 salutarius?
3395 1577 3596 1634 Contra

2007 1691 2138 1729 vero
2176 1676 2270 1745 qui
2298 1676 2440 1729 idem
2483 1675 2661 1729 facere
2691 1691 2815 1729 cum
2847 1683 3092 1744 possent,
3127 1673 3353 1728 minime
3379 1672 3598 1741 praesti-

2009 1776 2216 1829 terunt,
2238 1768 2419 1822 dicere
2435 1770 2603 1822 miser
2626 1783 2820 1823 vereor
2843 1777 3064 1837 pr0pter
3089 1767 3266 1838 angeli
3294 1767 3595 1822 beatitudi-

315 1863 602 1933 ηγόρημα.
649 1858 786 1913 Ἀλλ’
821 1860 1004 1910 ἐκεῖνα
1038 1856 1138 1927 μὲν
1165 1854 1341 1925 πέρας
1375 1855 1617 1924 εἴληφεν,
1648 1847 1760 1906 οἷον
1811 1851 1901 1906 καὶ

2011 1860 2096 1914 nis
2130 1870 2324 1915 vestra:
2347 1860 2734 1925 reverentiam,
2760 1871 2964 1930 quanta
2988 1861 3096 1914 illis
3117 1861 3380 1915 debeatur
3415 1874 3599 1928 repre-

318 1957 646 2025 ἐξὴκουσται
674 1953 854 2006 ἅπασί
879 1967 893 1982 ·
921 1950 1016 2002 τοῦ
1045 1947 1254 2017 ἀγαθοῦ
1279 1946 1415 1999 Θεοῦ
1439 1947 1504 2000 ἐκ
1542 1946 1720 2000 ποδῶν
1749 1946 1902 2016 ποιήο

319 2061 512 2106 σαντος
543 2043 634 2096 τὸν
663 2042 938 2111 ἀλιτήριον
965 2039 1258 2110 δράκοντα,
1284 2036 1376 2090 καί
1426 2053 1489 2104 γε
1514 2035 1733 2105 θανάτῳ
1753 2035 1902 2098 ἐξαι-

320 2135 422 2203 σίῳ
454 2134 547 2185 καὶ
571 2129 670 2200 τῆς
693 2129 1032 2190 ἀποστασίας
1062 2127 1275 2194 ἐνδίκῳ.
1310 2125 1386 2178 Οὐ
1421 2125 1528 2196 μὴν
1555 2125 1626 2179 τά
1653 2125 1903 2196 παρόντα

317 2225 504 2288 καθὼς
533 2221 844 2277 ὑπετόπασέ
876 2237 1012 2282 πως.
1047 2220 1170 2273 Ὀτι
1198 2219 1226 2271 δ
1253 2217 1352 2289 μὲν
1377 2217 1586 2289 χειμὼν
1621 2216 1900 2288 παρῆλθεν

316 2318 542 2372 οὑτίπου
571 2315 628 2368 δέ
660 2313 721 2367 τὸ
744 2311 1081 2382 ποθούμενον
1108 2312 1209 2384 ἔαρ
1237 2330 1250 2343 ο
1282 2311 1315 2382 ἢ
1365 2311 1489 2364 ὅσον
1513 2309 1731 2379 αίθρίαν
1775 2307 1900 2362 τινὰ

319 2410 658 2478 ὑπαυγάσαι,
695 2407 790 2460 καὶ
817 2406 977 2475 τήνδε
1007 2404 1096 2459 διὰ
1123 2404 1184 2458 τὸ
1213 2406 1310 2458 ἀπ’
1336 2402 1466 2472 ἠοῦς
1525 2402 1708 2471 νέφος.
1775 2403 1902 2472 ’Δρ-

320 2505 438 2557 κεῖν
462 2504 574 2572 γὰρ
603 2497 850 2568 ἡγοῦμαι
885 2498 980 2550 ἐπὶ
1007 2497 1107 2567 τῆς
1131 2497 1341 2560 εἰκόνος
1366 2497 1527 2550 ἐᾶσαι
1569 2494 1662 2547 τὸν
1715 2493 1897 2562 λόγον,

323 2596 463 2666 μήτε
491 2597 590 2662 τῆς
622 2590 776 2660 ὑμῶν
807 2588 1163 2658 μεγαλονοίας
1193 2587 1520 2658 ἐνδεομένης
1566 2585 1860 2657 μαθήσεως
1881 2601 1896 2617 ·

324 2689 448 2758 μήτ’
478 2685 546 2740 αῦ
575 2683 668 2738 τοῦ
712 2681 904 2752 καιροῦ
927 2678 1317 2749 ἐπιτρέποντος
1344 2679 1512 2749 φαίην
1539 2678 1891 2746 ἐκδηλότερα.

322 2775 398 2833 υἷι
427 2780 587 2849 χάριν
613 2776 706 2829 καὶ
735 2775 792 2827 αἱ
823 2775 965 2844 ἱεραὶ
984 2774 1012 2826 ὑ
1022 2772 1140 2843 μῶν
1168 2774 1390 2843 κεραῖαι
1416 2770 1748 2825 ἀνεπίδοτοι.
1774 2768 1900 2832 Πῶς

320 2873 430 2942 γὰρ
454 2871 520 2923 ἂν
547 2869 641 2922 καὶ
670 2867 1026 2945 ἐπεδόθησαν,
1055 2865 1211 2936 ἡμῶν
1237 2864 1346 2916 τῶν
1375 2862 1610 2916 εὐτελῶν
1637 2855 1738 2914 ὦδὲ
1789 2877 1897 2913 που

322 2959 659 3033 πορρωτέρω
689 2957 782 3010 τοῦ
809 2956 1002 3017 ἄστεος
1032 2952 1526 3026 παρερῤιμμένων·
1560 2951 1750 3020 ῶσπερ
1805 2949 1900 3002 καὶ

321 3037 498 3111 ἄλλων
542 3050 750 3121 ἀλλαχῆ
795 3049 904 3102 τῶν
953 3047 1364 3117 δεδιωγμένων;
1390 3045 1502 3099 Καὶ
1529 3043 1660 3112 γοῦν
1684 3043 1778 3096 καὶ
1807 3043 1900 3094 λο-

319 3144 462 3216 γίαι,
499 3145 690 3214 ὥσπερ
715 3141 1041 3211 ἐποθοῦμεν,
1077 3138 1230 3192 οῦπω
1261 3139 1510 3207 ἐγένοντο
1535 3153 1549 3168 ο
1583 3136 1721 3206 πλὴν
1742 3137 1775 3203 ή
1807 3151 1901 3202 γε-

2005 1951 2218 2007 hensio.
2258 1951 2459 2006 Verum
2493 1953 2608 2008 haec
2638 1954 2734 2017 ita,
2760 1961 2815 2007 ut
2846 1967 3036 2007 omnes
3067 1951 3384 2016 audierunt,
3431 1950 3596 2004 finem

2002 2058 2216 2114 cepere,
2243 2043 2355 2099 Deo
2373 2045 2517 2099 bono
2541 2043 2819 2100 funestum
2844 2045 3140 2098 draconem
3164 2043 3590 2108 exterminante,

2001 2145 2057 2191 et
2108 2136 2330 2206 quidem
2390 2137 2560 2191 atroci
2609 2147 2785 2192 morte
2829 2145 2884 2191 et
2914 2137 3204 2205 apostasia:
3235 2145 3594 2205 congruente.

2003 2227 2112 2283 Nec
2167 2238 2352 2283 tamen
2404 2243 2470 2283 eo
2514 2230 2634 2284 loco
2687 2237 2816 2284 sunt
2857 2244 3256 2298 usquequaque
3302 2231 3598 2299 praesentia

2003 2335 2112 2388 quo
2149 2320 2464 2388 suspicatus
2487 2335 2566 2374 es.
2597 2320 2869 2384 Quoniam
2902 2319 3078 2374 hiems
3101 2320 3322 2388 quidem
3354 2319 3597 2383 transiit,

2002 2411 2248 2464 nondum
2286 2421 2464 2464 tamen
2505 2411 2661 2464 adest
2689 2425 2784 2463 ver
2816 2419 3157 2478 exoptatum.
3185 2409 3292 2464 nisi
3318 2419 3598 2478 quatenus

2002 2503 2271 2558 serenitas
2304 2503 2553 2570 quadam
2586 2501 2828 2572 affulget,
2865 2513 2921 2558 et
2953 2503 3068 2557 lucc
3098 2517 3194 2572 per
3232 2501 3494 2556 nebulum
3523 2502 3592 2554 al)

2001 2609 2222 2649 aurora.
2258 2594 2469 2650 Sufﬁcit
2507 2595 2675 2656 enim.
2725 2595 2944 2664 opinor,
2994 2595 3234 2662 imagine
3272 2592 3594 2648 adumbrari

2000 2690 2348 2741 orationem:
2409 2687 2537 2756 quia
2571 2703 2672 2742 nec
2716 2687 2900 2741 doceri
2940 2699 3080 2754 opus
3107 2694 3194 2740 est
3241 2684 3596 2754 prudentiam

2001 2788 2264 2843 vestram,
2306 2794 2483 2848 neque
2505 2795 2626 2850 ego,
2659 2779 2742 2831 vel
2778 2778 2822 2832 si
2865 2788 3079 2847 tempus
3112 2777 3468 2847 permitteret,
3491 2775 3604 2830 cla-

2001 2870 2148 2924 riora
2174 2870 2434 2925 dicerem.
2464 2871 2597 2937 Quaa
2615 2873 2782 2926 etiam
2809 2886 2976 2927 causa
3020 2871 3122 2925 fuit
3168 2885 3271 2926 cur
3303 2871 3446 2926 sacri
3476 2871 3600 2939 api-

2001 2978 2092 3018 ces
2136 2961 2300 3016 vestri
2356 2965 2678 3034 erogatione
2728 2964 3086 3033 pecuniarum
3136 2963 3435 3018 caruerint.
3496 2962 3598 3028 Qui

2001 3052 2149 3106 enim
2181 3053 2326 3106 illam
2357 3053 2711 3122 accepissent
2745 3070 2773 3107 a
2815 3055 2974 3109 nobis
3002 3055 3206 3110 nullius
3222 3056 3385 3125 pretii
3426 3055 3603 3108 homi-

2003 3144 2164 3197 nibus
2194 3146 2286 3212 qui
2316 3145 2369 3198 in
2407 3145 2554 3199 hunc
2597 3145 2776 3199 locum
2825 3145 3015 3214 procul
3042 3146 3111 3200 ab
3146 3146 3281 3200 urbe
3306 3145 3468 3214 ejecti
3509 3161 3605 3198 su-

320 3239 525 3310 νομένη
555 3237 628 3300 ὡς
659 3239 716 3288 ἐν
739 3233 818 3305 τῷ
867 3232 1212 3304 ἐμϐολιμαίῳ
1245 3232 1518 3302 πιττακίῳ
1565 3229 1861 3301 δεδήλωται
1881 3244 1894 3258 ⁸

2005 3250 2148 3297 mus,
2203 3235 2347 3288 sicut
2384 3244 2440 3288 et
2499 3236 2607 3290 alio
2660 3237 2754 3290 alii
2785 3253 2850 3290 ex
2892 3235 2960 3290 iis
3016 3235 3111 3304 qui
3164 3236 3602 3305 persecutionem

319 3330 432 3384 τῶν
459 3327 861 3392 ἐπιδωσάντων,
897 3326 1178 3396 εἰληφέναι
1215 3325 1417 3394 μᾶλλον
1446 3324 1479 3394 ἢ
1508 3323 1774 3394 προέσθαι
1806 3321 1902 3391 χά-

324 3441 409 3494 ριν
462 3419 871 3490 ὁμολογούντων
899 3433 913 3448 ο
963 3416 1046 3468 ὅτι
1110 3414 1369 3484 ἠξίωνται
1437 3413 1722 3466 κοινωνίαν
1777 3413 1900 3464 τινὰ

322 3523 470 3590 σχεῖν
491 3521 550 3572 ἐν
572 3522 684 3582 τοῖς
712 3516 1037 3586 ἁγιωτάτοις
1069 3513 1278 3575 τόποις,
1317 3508 1403 3577 ἐφ’
1427 3501 1510 3570 οἷς
1550 3505 1609 3558 τὸ
1635 3505 1778 3575 μέγα
1803 3505 1902 3572 τῆς

319 3611 600 3674 εὑσεὸείας
629 3607 969 3676 ἀπετελέσθη
1025 3606 1348 3678 μυστήριον,
1374 3599 1508 3661 Θεὸς
1554 3599 1612 3650 ἐν
1641 3596 1719 3667 τῷ
1777 3594 1902 3650 καθ’

323 3707 470 3774 ἡμᾶς
503 3705 691 3773 ὀφθεὶς
725 3703 876 3756 εἴδει.

2003 3334 2134 3379 sunt
2168 3326 2360 3394 passi?
2391 3328 2469 3381 Ita
2496 3344 2562 3382 ne
2607 3329 2851 3383 collectae
2885 3327 3105 3398 quidem
3143 3328 3602 3399 quemadmodum

2003 3418 2361 3487 cupiebamus
2395 3421 2552 3476 facta:
2574 3432 2726 3486 sunt,
2756 3431 2954 3490 praeter
2976 3438 3098 3476 eam
3125 3423 3192 3476 de
3219 3437 3326 3492 qua
3356 3423 3411 3475 in
3443 3422 3606 3476 sche-

2005 3510 2070 3565 da
2120 3513 2314 3566 litteris
2356 3515 2558 3569 inserta
2619 3515 2916 3571 indicatum
2946 3524 3030 3572 est
3065 3534 3079 3570 :
3115 3516 3184 3571 iis
3223 3515 3317 3586 qui
3347 3514 3606 3569 contule-

2008 3610 2158 3665 runt,
2191 3605 2470 3672 accepisse
2501 3607 2684 3672 potius
2718 3607 2946 3674 gratiam
2976 3623 3141 3677 quam
3183 3607 3404 3662 dedisse
3433 3604 3570 3672 proli
3590 3631 3606 3642 -

2011 3695 2292 3761 tentihus;
2328 3697 2475 3767 quod
2509 3698 2656 3767 digni
2709 3697 2918 3754 fuerint
2942 3700 3037 3769 qui
3067 3697 3440 3754 sanctissimis
3470 3694 3606 3758 loci.

325 3796 819 3857 communicarent,
855 3791 910 3844 in
968 3786 1170 3858 quibus
1238 3796 1496 3854 magnum
1553 3781 1772 3851 pietatis
1837 3783 2159 3853 mysterium
2195 3797 2480 3856 peractum
2511 3796 2618 3854 est,
2675 3788 2818 3845 Deus
2851 3789 2908 3844 in
2965 3791 3147 3860 specie
3183 3800 3372 3848 nostra
3425 3811 3609 3867 appa-

325 3899 474 3942 TORS.

397 4028 464 4079 Ὢ
487 4025 581 4079 τοῦ
606 4025 952 4096 παναρῤἠτου
984 4021 1294 4093 θσύματοςί
1349 4019 1563 4090 Ὀνπερ
1593 4020 1906 4089 ἐγγεγραμ-

331 4119 491 4190 μένον
515 4117 616 4170 κάν
643 4119 708 4186 τῇ
748 4117 964 4186 Γραφῇ,
996 4111 1514 4185 πατροπαραδότως,
1549 4111 1676 4180 ἦτοι¹
1707 4109 1906 4177 θεοκη-

329 4212 565 4285 ρύκτως,
601 4210 784 4281 ἡμεῖς,
812 4207 1009 4278 μᾶλλον
1047 4206 1103 4258 δὲ
1139 4207 1173 4276 ὴ
1203 4205 1294 4256 ὑπ’
1322 4201 1573 4273 οὐρανὸν,
1609 4198 1908 4270 ὁμολογοῦ-

331 4303 431 4374 μέν
481 4320 542 4355 τε
585 4301 680 4354 καὶ
724 4295 1158 4368 προσκυνοῦμεν,
1196 4295 1256 4360 ἐξ
1286 4296 1456 4362 αὐτῆς
1504 4291 1754 4363 βαλϐίδος
1807 4290 1903 4344 τοῦ

327 4394 704 4464 κηρύγματος.
730 4391 804 4445 Οὐ
827 4391 934 4459 γὰρ
956 4389 1020 4443 ἂν
1039 4389 1211 4447 ἄλλως
1236 4385 1622 4458 ὁμολογηθείεν
1645 4383 1902 4456 Χριστὸς,

325 4487 402 4547 ῶς
432 4488 480 4538 oi
513 4483 918 4554 μακαριώτατοι
948 4481 1228 4535 διδάσκετε
1249 4521 1264 4545 ,
1287 4481 1553 4551 ἠρνηνται
1576 4478 1635 4530 δὲ
1677 4479 1902 4531 Ἰουδαῖ-

2080 4014 2125 4071 O
2164 4015 2442 4072 ineffabile
2470 4032 2706 4087 prorsus
2755 4019 3088 4075 miraculum
3115 4021 3129 4074 ί
3161 4019 3335 4087 Quem
3380 4023 3603 4092 quidem

2006 4109 2172 4163 etiam
2221 4109 2434 4179 pictura
2485 4125 2834 4180 expressum,
2885 4123 3119 4182 paterna
3163 4114 3474 4181 traditione,
3505 4131 3604 4171 seu

2007 4203 2192 4272 potius
2231 4203 2418 4258 divina
2450 4219 2582 4258 voce
2607 4219 2729 4268 nos,
2764 4205 2848 4260 vel
2884 4207 3067 4274 putius
3101 4207 3254 4262 urbis
3286 4209 3601 4275 universus,

2006 4294 2336 4348 conlltemur
2410 4303 2464 4349 et
2527 4295 2828 4352 adoramus
2882 4297 2951 4351 ab
3005 4299 3122 4368 ipso
3197 4300 3603 4368 praedicationis

2009 4386 2260 4440 exordio.
2297 4386 2471 4441 Aliter
2495 4389 2642 4442 enim
2687 4404 2794 4442 non
2841 4390 3236 4446 conﬁteremur
3271 4393 3552 4449 Christum
3584 4412 3599 4448 :

2008 4482 2150 4538 sicut
2178 4497 2277 4537 vus
2313 4482 2617 4536 beatissimi
2649 4483 2880 4546 docetis,
2904 4494 3105 4552 negant
3131 4499 3259 4538 vero
3287 4483 3602 4541 Judaeorum

327 4577 441 4635 κῶς
469 4579 517 4630 oi
548 4578 857 4646 δυσώνυμοι
904 4575 1282 4644 Είκονομάχοι,
1308 4573 1384 4637 ὼς
1431 4572 1534 4626 ὑπὸ
1588 4570 1901 4641 πνεύματος

2011 4588 2164 4628 more
2220 4573 2568 4628 detestabiles
2634 4571 3007 4637 lconomachi,
3076 4585 3336 4641 tanquam
3384 4589 3414 4628 a
3455 4573 3601 4628 malo

327 4669 568 4742 πονηροῦ
594 4669 996 4739 ἐνεργούμενοι.
1029 4667 1138 4722 Καὶ
1171 4665 1229 4718 ὃν
1260 4668 1380 4721 ταῖς
1409 4662 1708 4717 θεοκλινὲσι
1738 4677 1901 4731 προσ-

2012 4665 2210 4734 spiritu
2259 4664 2474 4736 agitati.
2524 4665 2697 4731 Quem
2734 4663 2914 4734 ipsum
2949 4674 3005 4719 tu
3053 4665 3457 4734 acceptissimis
3486 4665 3599 4721 Deo

329 4765 516 4833 ευχαῖς
573 4761 701 4814 ἴλεω
753 4763 1060 4828 ποιήσειας,
1095 4754 1140 4812 ὧ
1176 4758 1296 4810 θεία
1342 4756 1438 4809 καὶ
1499 4757 1619 4826 ἱερά
1673 4754 1901 4823 κεφαλὴ,

2013 4757 2268 4826 precibus
2313 4755 2606 4826 propitium
2650 4755 2868 4820 reddas.
2921 4773 2954 4811 ο
2995 4757 3244 4812 divinum
3285 4767 3339 4812 et
3373 4774 3598 4812 sacrum

330 4849 595 4918 ἐκτρέψαι
621 4848 718 4918 τὴν
739 4848 1042 4902 λαοπλάνον
1077 4848 1310 4916 αἳρεσιν,
1349 4844 1552 4914 ἀνάψαι
1596 4842 1901 4912 ὀρθοδοξίας

2013 4859 2221 4917 caput:
2269 4858 2331 4903 ut
2378 4849 2562 4919 populi
2611 4849 2975 4905 seductriccm
3024 4849 3276 4904 haeresim
3326 4849 3598 4919 profliget,

326 4940 500 5010 ἥλιον·
545 4935 662 4992 εἶτα
694 4941 789 4993 καὶ
824 4941 970 5010 ἡμᾶς
1003 4940 1130 5002 τοὺς
1166 4942 1223 4992 ὲν
1249 4939 1458 4998 τέκνοις
1499 4953 1593 4988 σου
1617 4935 1901 4999 τελοῦντας

2014 4941 2248 5011 fideique
2274 4942 2588 4996 orthodoxa:
2633 4941 2802 4996 solem
2844 4941 3109 4996 accendat
3142 4960 3156 4996 :
3194 4941 3393 4996 deinde
3426 4951 3480 4996 et
3503 4957 3601 4996 nos

327 5031 647 5101 ἐλαχίστους
695 5030 1176 5103 περιποιήσασθαι,
1237 5027 1533 5098 ἑπομένους
1591 5025 1669 5096 τῷ
1724 5043 1901 5097 μακα-

2013 5036 2106 5104 qui
2145 5033 2359 5088 minimi
2395 5034 2447 5087 in
2499 5033 2626 5088 filiis
2660 5035 2768 5088 tuis
2802 5048 3016 5096 sumus,
3053 5031 3255 5097 foveat,
3296 5031 3601 5087 beatissimi

332 5122 584 5194 ριωτάτῳ
641 5122 816 5191 Πατρὶ
851 5122 946 5175 καὶ
1003 5122 1250 5192 ἀρχιερεῖ
1307 5118 1486 5190 ἡμῶν.
1556 5115 1701 5174 Εἶεν.
1763 5116 1901 5182 Τοὺς

2015 5126 2192 5181 Patris
2242 5138 2296 5182 et
2335 5126 2586 5195 praesulis
2632 5125 2806 5179 nostri
2847 5125 3094 5192 vestigiis
3125 5125 3475 5181 inlmrentes.
3522 5123 3599 5179 Ita

330 5215 870 5284 ἐξυπηρετουμένους
897 5215 1024 5284 ὑμῖν
1054 5213 1302 5282 Πατέρας
1337 5213 1431 5265 καὶ
1471 5211 1716 5274 κλεινοὺς
1746 5210 1901 5266 ἀδελ-

2015 5217 2107 5272 sit.
2139 5217 2246 5271 Eos
2276 5217 2371 5286 qui
2435 5217 2748 5272 ministrant
2787 5217 2943 5271 vobis
2989 5227 3170 5286 patres
3197 5217 3600 5286 praeclarasque

331 5311 466 5378 φοὺς
510 5307 689 5378 ἡμῶν,
723 5305 835 5375 ἐγώ
887 5323 946 5358 τε
975 5307 1070 5359 καὶ
1109 5307 1138 5359 ὁ
1193 5305 1325 5376 ἐμὸς
1379 5303 1630 5372 ἀδελφὸς,
1695 5302 1901 5356 Θεσσα-

2009 5307 2210 5362 fratres
2269 5317 2506 5371 nostros,
2550 5324 2651 5378 ego
2693 5317 2748 5363 et
2785 5308 2954 5362 frater
2986 5324 3140 5364 meus
3189 5307 3600 5363 Thessalonica:

328 5401 552 5469 λονίκης
612 5400 641 5452 ὁ
697 5397 1110 5468 θεοφιλέστατος
1171 5395 1620 5468 ἀρχιεπίσκοπος,
1680 5394 1901 5448 πλεῖστα

2011 5400 2454 5470 archiepiscopus
2490 5401 2598 5454 Deo
2651 5401 3016 5456 charissimus
3068 5399 3364 5471 plurimum
3391 5400 3599 5454 saluta-

329 5491 834 5562 προσαγορεύομεν.
875 5491 1002 5546 Ἐπὶ
1047 5491 1154 5564 γὰρ
1187 5491 1266 5561 τῷ
1317 5491 1457 5562 ἁγίῳ
1485 5508 1579 5545 σου
1606 5488 1901 5561 προσώπῳ,

2013 5506 2154 5545 mus.
2219 5491 2417 5546 Coram
2475 5499 2663 5545 sancta
2710 5489 2855 5545 enim
2909 5490 3050 5544 facie
3095 5501 3209 5557 tua,
3278 5500 3405 5544 ante
3432 5487 3598 5558 pedes

330 5584 438 5654 πρὸ
461 5585 570 5635 τῶν
595 5585 770 5638 ποδῶν
800 5601 918 5649 σου,
957 5584 1156 5655 μᾶλλον
1191 5582 1549 5654 εὐλογηθῆναι
1593 5581 1780 5654 ἄμφω,
1813 5581 1901 5637 καὶ

2014 5595 2162 5649 tuos,
2209 5583 2645 5638 benedictionem
2695 5584 2944 5654 accipere
2977 5599 3079 5640 nos
3113 5582 3306 5638 ambos
3353 5590 3598 5650 etquot-

329 5676 446 5729 δσοι
478 5675 588 5728 τῶν
617 5677 715 5729 σὺν
742 5677 894 5747 ἡμῖν,
927 5679 1100 5732 εἰπεῖν
1130 5676 1599 5748 πρεπωδέστερον.

2007 5684 2142 5746 quot
2185 5675 2466 5732 nobiscum
2514 5685 2661 5743 sunt,
2711 5678 2881 5734 multo
2911 5675 3326 5734 convenientia:
3359 5673 3593 5730 dicatur.

441 5877 486 5907 ’ί
517 5876 532 5929 l
567 5875 696 5933 Cor.
732 5892 828 5932 xu.
850 5875 941 5931 Q6.
