4156 6464
630 372 770 439 1399

907 483 1118 540 CXXII.
1151 515 1219 526 -
1256 484 1525 539 Theodoro
1553 485 1929 553 liospitalario.

1828 377 1887 438 S.
1931 374 2325 436 THEODOBI
2358 376 2708 437 STUDITJE

3777 374 3923 436 1400

2583 485 2738 539 PKB’
2762 487 2895 558 (18).
2923 518 2993 529 —-
3018 486 3293 557 Θεοόάδοῳ
3325 488 3848 563 ξετοδόχῳ.ίχνη’.]

1621 601 1838 662 Rogatus
1862 598 2067 662 exponit
2087 612 2198 661 qua:
2218 598 2319 648 sint
2340 599 2555 649 hominis
2574 599 2837 652 Christiani
2859 602 3039 653 ofﬁcia.

693 690 772 742 En
816 688 935 748 tibi,
982 686 1230 752 domine,
1291 686 1508 741 litteras
1534 702 1673 755 quas
1724 690 1881 755 petis,
1926 697 1978 740 et
2008 686 2228 739 absolve
2257 694 2302 744 Α

623 799 723 839 nos
784 783 853 835 ab
912 782 1295 835 accusatione.
1348 779 1462 834 Cur
1494 797 1643 844 vero,
1677 780 1848 844 dices,
1879 796 1985 834 nou
2023 780 2219 833 citius?

620 878 758 943 Quia
817 874 994 945 pudor
1023 873 1181 927 nobis
1215 882 1356 937 erat,
1399 874 1485 927 vel
1529 874 1823 938 hortando,
1861 874 1941 926 vel
1968 873 2219 927 docendo

620 967 982 1024 reverentiam
1042 975 1192 1019 tuam
1249 965 1478 1035 alloqui.
1507 968 1577 1019 At
1632 966 1760 1035 quia
1789 965 2091 1028 desideras,
2124 981 2216 1019 ac-

618 1066 757 1131 cipe,
794 1060 1197 1115 amantissime.
1228 1057 1373 1113 Nihil
1403 1075 1535 1129 ergo
1565 1060 1713 1113 aliud
1741 1068 1827 1113 est
1860 1076 2023 1113 verus
2056 1059 2216 1113 Chri-

618 1156 851 1217 stianus,
882 1169 1046 1222 quam
1072 1152 1477 1206 imitamentum
1506 1162 1561 1207 et
1598 1152 1941 1219 signaculum
1970 1154 2172 1206 Christi
2199 1171 2212 1206 :

618 1266 741 1303 cuiu
798 1248 875 1301 illi
918 1248 1203 1301 conciliari
1238 1246 1318 1301 sic
1368 1245 1587 1309 debeat,
1636 1256 1697 1301 ut
1728 1247 1971 1301 membra
2001 1248 2216 1316 singula

618 1340 811 1409 capiti,
840 1349 894 1393 et
928 1340 1137 1406 palmes
1166 1339 1283 1391 viti.
1340 1337 1609 1392 Dominus
1633 1340 1835 1409 quippe
1872 1341 1988 1409 ipse
2026 1340 2161 1393 dixit
2198 1356 2211 1391 :

622 1432 731 1504 Ego
762 1451 879 1489 sum
904 1436 1049 1496 vitis,
1082 1452 1170 1488 vos
1199 1435 1444 1503 palmites
1471 1434 1615 1487 "'".
1646 1434 1709 1487 Et
1734 1449 1951 1488 rursum
1976 1434 2209 1503 Apostoo

617 1527 703 1580 lus
733 1544 745 1579 :
789 1524 887 1578 Vos
918 1528 1044 1579 estis
1074 1543 1266 1595 corpus
1324 1525 1547 1591 Christi,
1578 1536 1628 1579 et
1674 1527 1909 1580 membra
1953 1525 2018 1578 de
2051 1541 2214 1578 mem-

620 1620 711 1671 bro
729 1620 794 1673 7“.
823 1618 1083 1674 Fructum
1129 1635 1257 1689 ergo
1298 1619 1563 1686 feramus,
1596 1620 1840 1683 domine.
1875 1636 2009 1674 uvas
2038 1621 2215 1674 virtu-

620 1722 757 1771 tum,
784 1722 837 1765 et
876 1727 944 1767 ne
984 1710 1314 1767 infructuosi
1360 1713 1556 1767 simus.
1591 1715 1681 1767 Ait
1727 1715 1872 1769 enim
1901 1713 2164 1768 Dominus
2199 1733 2212 1769 :

620 1803 809 1858 Omnis
833 1805 1035 1873 palmes
1074 1808 1163 1876 qui
1195 1822 1300 1861 non
1332 1806 1462 1874 facit
1493 1807 1732 1876 fructum
1762 1807 1978 1874 bonum,
2011 1810 2216 1863 excidi-

619 1908 727 1959 tur,
790 1903 841 1951 et
901 1900 956 1951 in
1014 1900 1184 1968 ignem
1238 1900 1473 1952 mittitur
1497 1900 1564 1964 ⁷⁷,
1627 1904 1891 1971 gehennte
1944 1901 2215 1957 videlicet.

2413 690 2570 751 Ἰδοὺ,
2616 690 2872 753 δέσποτα,
2901 692 2963 743 τὸ
2996 692 3232 761 γράμμα
3256 689 3601 757 ἀπαιτοῦντι,
3637 691 3736 745 καί
3777 693 3923 745 ἀπό-

2325 782 2486 834 λυσον
2517 783 2664 853 ἡμᾶς
2696 784 2795 852 τῆς
2844 784 3178 853 ἐγκλῄσεως.
3208 787 3308 838 Διὰ
3359 785 3413 839 τί
3457 787 3536 848 δὲ,
3585 786 3777 854 φαίης,
3843 788 3924 855 μὴ

2325 874 2553 943 τάχιον;
2607 876 2731 928 Ὀτι
2775 876 3109 946 αίδουμένως
3173 878 3392 946 εἴχομεν
3457 876 3790 941 νουθετικῶς
3852 880 3923 948 τῇ

2324 965 2596 1032 τιμιότητί
2626 984 2721 1019 σου
2748 968 3085 1037 προσφέρειν
3112 968 3207 1021 τὸν
3236 968 3418 1035 λόγον.
3458 969 3613 1023 Ἐπεὶ
3658 968 3922 1038 ποθοίης,

2324 1058 2525 1123 δέξαιο,
2566 1061 3022 1129 προσφιλέστατε,
3057 1062 3224 1115 Οὐδὲν
3252 1059 3345 1115 οῦν
3377 1063 3505 1117 ἄλλο
3535 1064 3685 1118 ἐστὶν
3715 1066 3744 1117 6
3776 1064 3923 1134 ἀλη-

2325 1157 2423 1227 θὴς
2452 1157 2795 1225 Χριστιανὸς,
2825 1158 2857 1227 ἢ
2894 1156 3131 1225 Χριστοῦ
3166 1157 3396 1226 μίμημα
3424 1160 3518 1212 καὶ
3559 1160 3922 1229 ἀποσφράγι-

2326 1265 2438 1317 σμα
2486 1264 2500 1277 ·
2534 1247 2787 1301 τοσοῦτον
2837 1249 3067 1314 ὀρείλων
3096 1247 3435 1301 οἰκειοῦσθαι
3487 1251 3656 1319 αὐτῷ,
3691 1250 3770 1312 ὡς
3797 1250 3922 1319 ἔχει

2327 1339 2483 1409 μέλος
2514 1339 2745 1392 ’ἑκαστον
2776 1338 2913 1408 πρὸς
2942 1340 3204 1409 κεφαλὴν,
3236 1340 3332 1392 καὶ
3366 1340 3551 1409 κλῆμα
3606 1342 3748 1409 πρὸς
3806 1343 3923 1409 ἄμ-

2322 1431 2508 1485 πελον.
2557 1432 2730 1493 Αὐτὸς
2779 1432 2889 1503 γὰρ
2922 1433 2951 1483 6
2981 1432 3185 1502 Κύριος
3237 1434 3481 1503 εἴρηκεν·
3527 1434 3673 1502 Ἐτιὶι
3719 1436 3844 1501 ειμι
3878 1435 3919 1502 ή

2320 1524 2611 1593 ἄμπελος.
2666 1523 2839 1592 ὑμεῖς
2872 1524 2946 1578 τὰ
2983 1523 3278 1591 κλήματα.
3317 1524 3429 1577 Καὶ
3476 1524 3639 1577 πάλιν
3678 1526 3709 1578 6
3752 1525 3923 1577 ’Λπό-

2325 1617 2544 1680 στολος·
2595 1616 2780 1684 Ὑμεῖς
2821 1616 2965 1671 ἐστε
3010 1616 3185 1685 σῶμα
3217 1615 3497 1683 Χριστοῦ,
3529 1617 3628 1670 καί
3646 1616 3808 1685 μέλη
3847 1616 3921 1671 ἐκ

2318 1708 2557 1780 μέρους.
2591 1711 3121 1781 Καρποφορήσωμεν
3154 1704 3268 1775 οῦν,
3297 1704 3342 1762 ὦ
3365 1708 3621 1773 δέσποτα,
3645 1712 3776 1773 τοὺς
3802 1709 3922 1763 τῶν

2323 1804 2535 1874 ἀρετῶν
2569 1804 2823 1874 βότρυας,
2857 1804 2951 1857 καὶ
2983 1802 3059 1873 μὴ
3086 1803 3330 1873 ἄκαρποι
3357 1795 3529 1872 ὦμεν.
3565 1803 3708 1873 Φησί
3747 1803 3863 1874 γὰρ
3888 1803 3919 1855 6

2326 1893 2529 1965 Κύριος
2553 1909 2569 1924 ·
2619 1891 2753 1947 Πᾶν
2805 1892 3011 1962 κλῆμα
3037 1893 3122 1962 μὴ
3176 1893 3394 1948 ποιοῦν
3427 1894 3663 1961 καρπόν
3692 1894 3918 1960 καλὸν,

619 1987 1015 2045 Formidabiles
1058 1991 1239 2046 minas
1292 1992 1799 2061 pertimescamus:
1846 1995 2216 2064 glorilicemus

2324 1987 2699 2049 ἐκκόπτεται,
2724 1986 2822 2039 καί
2852 1989 2935 2049 εἰς
2967 1985 3089 2054 πῦρ
3116 1986 3437 2051 βάλλεται,
3464 1987 3526 2040 τὸ
3546 1986 3648 2057 τῆς
3682 1986 3918 2057 γεέννης

618 2084 785 2136 Deum
804 2082 866 2135 ’in
896 2098 1127 2153 corpore
1154 2093 1345 2137 nostro
1404 2093 1459 2138 et
1490 2085 1543 2138 in
1574 2086 1766 2155 spiritu
1817 2097 2028 2141 nostro.
2067 2087 2217 2142 Pras-

2324 2080 2545 2151 δηλαδή.
2582 2079 2921 2151 Φοϐηθῶμεν
2951 2081 3052 2149 τὴν
3086 2080 3324 2152 φοϐεράν
3361 2081 3634 2151 ἀπει).ήν’·
3670 2080 3918 2146 δοξάσει»⁶

616 2175 751 2245 cipit
786 2176 985 2231 iterum
1015 2178 1356 2245 Apostolus;
1392 2178 1514 2247 ejus
1543 2180 1691 2233 enim
1723 2181 1888 2234 ctiam
1927 2190 2057 2236 sunt
2090 2184 2214 2236 ista:

622 2267 829 2322 'l'ollens
860 2286 983 2339 ergo
1015 2272 1249 2323 membra
1278 2270 1500 2338 Christi,
1554 2273 1756 2343 faciam
1786 2278 2019 2329 membra
2051 2294 2217 2331 men-

619 2361 811 2415 criris?
858 2361 1012 2415 Absit
1035 2362 1124 2416 "l
1165 2361 1257 2417 Sic
1307 2364 1690 2420 observemus.
1722 2368 1982 2421 Amemus
2019 2384 2219 2424 uxores

619 2462 839 2507 nostras
865 2454 1010 2507 sicut
1058 2469 1294 2524 corpora
1326 2466 1512 2511 nostra
1539 2475 1552 2521 ;
1594 2470 1650 2512 et
1678 2459 1951 2528 impudica
1982 2476 2215 2529 corpora

617 2554 725 2595 non
755 2541 1087 2597 amabimus.
1129 2539 1295 2608 Uxor,
1328 2544 1529 2614 inquit,
1554 2547 1728 2599 virum
1758 2547 1941 2601 timeat
1961 2549 2029 2601 ⁷⁹.
2052 2549 2220 2602 Δηιο-

617 2634 661 2686 ri
687 2635 837 2688 enim
879 2644 1088 2690 metum
1123 2637 1385 2701 miscens,
1405 2648 1613 2694 rectam
1644 2640 1815 2694 vitam
1843 2643 2027 2697 (lucet.
2057 2641 2216 2706 Filii,

616 2725 819 2780 obedite
842 2729 1174 2797 parentibus,
1217 2737 1277 2783 ut
1311 2746 1533 2786 rursum
1562 2732 1785 2787 dicit".
1817 2732 2039 2788 Justum
2072 2736 2218 2788 enim

616 2826 699 2869 est
730 2829 983 2885 parentes
1010 2818 1272 2873 honorari
1306 2820 1439 2875 etin
1470 2822 1627 2875 senio
1661 2826 1961 2877 sustentari
1998 2839 2028 2877 a
2062 2824 2212 2878 liliis.

618 2906 721 2974 Ipsi
757 2908 902 2963 enim
942 2910 1051 2965 illis
1078 2912 1381 2967 secundum
1417 2911 1587 2967 Deum
1617 2924 1876 2970 auctores
1914 2928 2042 2971 sunt
2072 2918 2218 2973 vitae.

620 2999 685 3052 Et
725 3019 739 3054 ε
784 3000 1093 3058 Benedictio
1119 3006 1292 3072 patris
1340 3006 1521 3073 ﬁrmat
1553 3007 1736 3062 domos
1768 3009 2004 3077 ﬁliorum
2036 3028 2054 3075 ;
2104 3028 2225 3065 ma-

619 3092 833 3147 ledictio
866 3106 1045 3149 autem
1087 3099 1283 3151 matris
1351 3100 1595 3152 eradicat
1640 3102 2075 3169 fundamenta“.
2108 3102 2217 3159 Et:

620 3183 833 3245 Patres,
868 3201 1065 3241 rursus
1118 3189 1214 3253 ait,
1250 3187 1413 3242 nolite
1450 3190 1519 3242 ad
1562 3192 1905 3245 iracundiam
1937 3210 2223 3261 provocare

620 3278 764 3345 ﬁlios
802 3292 1036 3335 vestros:
1068 3282 1160 3335 sed
1186 3281 1407 3336 educata
1434 3283 1556 3337 illos
1608 3285 1663 3339 in
1706 3286 1993 3355 disciplina
2022 3297 2071 3341 et
2102 3305 2223 3341 cor-

623 3373 854 3440 reptione
878 3372 1093 3427 Domini
1111 3374 1178 3425 ⁸³.
1211 3371 1402 3445 Itaque
1424 3388 1711 3445 parentum
1742 3393 1883 3447 opus
1912 3389 1997 3433 est
2026 3395 2223 3447 pacare

615 3465 782 3530 ﬁlios,
820 3464 1093 3521 instruere
1120 3474 1177 3521 et
1204 3466 1446 3521 formare
1475 3468 1600 3523 illos
1630 3471 1951 3527 charactere
1973 3474 2218 3543 pietatis.

620 3556 761 3623 Quid
791 3558 1105 3627 reliquum?
1142 3575 1334 3615 servos
1376 3561 1575 3631 subjici
1599 3562 1841 3618 dominis
1864 3579 1990 3619 cum
2026 3567 2225 3622 timore

619 3659 675 3703 et
717 3658 977 3714 tremore,
1034 3650 1157 3706 sine
1186 3651 1337 3715 dolo,
1371 3663 1426 3707 et
1467 3653 1603 3708 forti
1628 3655 1851 3709 animo:
1916 3657 2009 3712 sed
2042 3668 2097 3713 et
2124 3659 2225 3713 do-

625 3738 803 3793 minos
829 3740 1167 3797 remittentes
1198 3742 1398 3808 minas,
1424 3744 1619 3813 :equali
1650 3760 1782 3799 cura
1810 3761 2003 3800 omnes
2042 3748 2224 3802 intue-

622 3832 690 3891 ri.
721 3832 959 3889 scientes
990 3850 1157 3888 unnm
1193 3849 1316 3889 esse
1353 3837 1599 3891 omnium
1636 3836 1925 3893 Dominum
1958 3840 2209 3896 Deum”.

626 3924 691 3977 Et
744 3923 833 3979 hic
888 3924 1110 3995 quidem
1143 3935 1229 3980 est
1259 3927 1521 3991 servitus,
1575 3929 1720 3984 sicut
1767 3942 1821 3983 et
1874 3932 2079 4001 nuptiae
2112 3951 2125 3987 :
2157 3935 2213 3987 in

623 4012 806 4069 futuro
838 4024 1022 4069 autem
1054 4015 1256 4071 saeculo
1283 4025 1513 4086 utraque
1546 4018 1844 4073 cessabunt
1871 4037 1887 4075 :
1915 4035 2218 4092 omnesque

626 4122 796 4161 unum
834 4118 1017 4172 erunt,
1056 4109 1200 4163 sicut
1236 4110 1434 4177 angeli.

2326 2191 2424 2245 μεν
2454 2175 2547 2227 τὸν
2574 2175 2708 2227 Θεὸν
2729 2176 2788 2227 ὲν
2816 2171 2896 2244 τῷ
2946 2177 3163 2243 σώματι
3218 2174 3377 2245 ἡμῶν
3418 2174 3515 2227 καὶ
3546 2176 3604 2227 ὲν
3630 2172 3711 2243 τῷ
3744 2172 3919 2226 πνεύ-

2325 2285 2456 2339 ματι
2486 2267 2664 2339 ἡμῶν.
2690 2266 2917 2321 Κελεύει
2956 2268 3118 2321 πάλιν
3146 2268 3175 2320 6
3225 2266 3568 2329 Ἀπόστολοςο
3611 2266 3778 2331 αὐτὸς
3804 2266 3917 2338 γὰρ

2321 2363 2417 2415 καὶ
2446 2362 2653 2415 ταῦτα’
2688 2363 2872 2430 Ἀριις
2901 2357 3016 2416 οὖν
3045 2360 3119 2413 τὰ
3152 2360 3308 2430 μέλη
3337 2358 3619 2427 Χριστοῦ,
3671 2360 3918 2423 ποιήσω

2320 2458 2552 2521 napi-1m
2603 2453 2795 2524 μέλης
2842 2452 2940 2521 Μὴ
2989 2451 3260 2522 γένοιτο]
3289 2451 3449 2505 Οὕτω
3483 2450 3913 2521 φυλαττώμεθα.

2334 2548 2665 2616 Ἀγαπῶμεν
2714 2546 2814 2609 τὰς
2864 2544 3073 2600 ἑαυτῶν
3131 2546 3421 2611 γυναῖκας,
3453 2543 3530 2606 ὼς
3578 2544 3647 2596 τά
3697 2543 3917 2595 ἑαυτῶν

2323 2636 2587 2707 σώματα·
2621 2638 2713 2691 καί⁵
2746 2638 2846 2690 οὐκ
2880 2636 3299 2708 ὲρασθησόμεθα
3327 2633 3595 2703 ἀσελγοῦς
3631 2633 3912 2702 σώματος.

2333 2730 2397 2784 Ἠ
2429 2728 2607 2799 γυνὴ,
2654 2728 2844 2799 φησὶν.
2884 2728 2986 2782 ἵνα
3013 2726 3269 2797 φοϐῆται
3296 2726 3406 2781 τὸν
3426 2726 3634 2793 ἄνδρα.
3666 2724 3760 2795 Τῷ
3791 2728 3915 2793 φίλ-

2322 2839 2438 2893 τρῳ
2468 2822 2578 2894 γὰρ
2611 2824 2707 2875 τὸν
2742 2822 2906 2892 φόϐον
2938 2821 3205 2892 κιρνῶσα,
3240 2822 3463 2890 ἄριστον
3499 2818 3718 2888 βιώσειε
3775 2819 3911 2890 βίον.

2327 2920 2405 2973 Τὰ
2455 2918 2659 2982 τέκνα,
2714 2917 3054 2972 ὑπακούετε
3107 2915 3234 2982 τοῖς
3286 2914 3594 2985 γονεῦσιν,
3646 2912 3723 2976 ὥς
3779 2930 3914 2984 φησι

2323 3011 2508 3065 πάλιν.
2551 3011 2771 3063 Δίκαιον
2795 3010 2905 3078 γὰρ
2929 3009 3056 3070 τοὺς
3089 3008 3281 3074 γονέας
3309 3005 3573 3075 τιμᾶσθαι
3618 3006 3717 3058 καὶ
3746 3022 3917 3076 γηρο-

2322 3103 2616 3175 κομεῖσθαι
2641 3102 2745 3154 ὑπὸ
2786 3100 2896 3154 τῶν
2928 3100 3153 3154 παίδων.
3182 3097 3350 3153 Αὐτοὶ
3390 3099 3502 3169 γὰρ
3548 3098 3715 3152 αἴτιοι
3774 3098 3916 3170 μετά

2322 3197 2455 3251 Θεὸν
2493 3194 2589 3249 τοῦ
2624 3189 2765 3248 εἶναι
2812 3193 3010 3257 αὐτοὺς
3042 3195 3124 3255 είς
3151 3190 3288 3260 φῶς.
3326 3191 3470 3247 Καί*
3509 3193 3775 3263 Erum-la
3804 3208 3917 3246 za-

2322 3288 2463 3357 τρὸς
2486 3286 2745 3355 στηρίξει
2769 3288 2977 3352 οἴκους
3014 3285 3269 3340 thr-ww
3317 3284 3547 3353 κατάρα
3591 3284 3660 3337 δὲ
3685 3285 3915 3354 μητρὸς

2328 3378 2548 3449 ἐκριζοῖ
2570 3378 2833 3448 θεμέλια.
2858 3378 2967 3431 Καί
2985 3394 3000 3409 ·
3041 3380 3105 3432 Ol
3134 3376 3411 3445 πατέρες,
3441 3375 3606 3433 πάλιν
3646 3377 3805 3446 φησὶ,
3826 3374 3914 3443 μὴ

2328 3470 2705 3541 παροργίζετε
2738 3471 2811 3524 τὰ
2835 3468 3016 3523 τέκνα
3041 3467 3230 3537 ὑμῶν’
3260 3468 3402 3521 ἀλλ’
3420 3464 3737 3535 ἐκτρέφετε
3760 3467 3915 3520 αὐτὰ

2326 3566 2397 3617 ἐν
2433 3564 2670 3630 παιδείᾳ
2721 3562 2817 3616 καί
2862 3562 3151 3627 νουθεσίᾳ
3199 3561 3444 3627 Κυρίου.
3479 3560 3644 3611 Ὥστε
3678 3558 3776 3611 καὶ
3818 3576 3916 3628 γο-

2328 3657 2509 3710 νεῦσιν
2559 3657 2744 3727 εργον,
2785 3656 3093 3725 εἰρηνεύειν
3126 3653 3196 3707 τά
3242 3652 3432 3715 τέκνα,
3468 3651 3771 3721 στοιχειοῦν
3819 3652 3915 3706 καὶ

2326 3751 2586 3803 πλάττειν
2619 3748 2903 3811 εὐσεϐείας
2936 3746 3267 3817 χαρακτῆρι.
3301 3745 3369 3798 Τί
3416 3744 3638 3809 λοιπόνς
3690 3744 3916 3810 δούλους

2323 3840 2611 3901 δεσπόταις
2659 3839 3057 3893 ὑποτάττεσθαι
3097 3836 3237 3907 μετά
3288 3835 3457 3905 φόϐου
3513 3836 3609 3889 καὶ
3665 3837 3914 3908 τρόμου.

2313 3931 2516 3993 ἀδόλως
2545 3931 2642 3984 καὶ
2673 3929 2949 4000 εὐψύχως⁸
2979 3928 3118 3983 ἀλλά
3141 3930 3236 3983 καί⁵
3260 3929 3391 3992 τοὺς
3417 3929 3691 3993 δεσπότας
3722 3931 3911 3985 ἀνιένο

2316 4040 2416 4085 τας
2464 4022 2563 4086 τὰς
2593 4023 2847 4087 ἀπειλὰς,
2882 4022 3162 4094 ἰσομοιρίᾳ
3216 4023 3498 4093 φροντίδος
3541 4024 3671 4087 τοὺς
3703 4024 3915 4087 πάντας

2319 4114 2454 4186 ὀρᾷν
2476 4130 2491 4145 ’
2530 4114 2739 4177 εἰδότας
2769 4114 2854 4167 ὅτι
2896 4108 2978 4178 εἷς
3011 4112 3219 4183 Κύριος
3244 4114 3485 4180 πάντων,
3532 4116 3561 4167 6
3592 4114 3746 4179 Θεός.
3802 4115 3915 4169 Καὶ

626 4196 726 4253 ὧδε
751 4199 851 4269 μὲν
879 4202 913 4272 ἡ
936 4201 1151 4255 δουλεία
1186 4202 1261 4265 ὡς
1297 4202 1391 4256 καί
1413 4201 1443 4254 6
1467 4202 1666 4273 γάμοςο
1697 4204 1757 4258 ἐν
1776 4204 1831 4259 δὲ
1866 4205 1943 4278 τῷ
1973 4206 2225 4279 μέλλοντι
2261 4207 2444 4276 αἰῶνι,
2479 4207 2588 4261 τῶν
2626 4207 2956 4279 ἀμφοτέρων
3015 4205 3299 4279 ἀναίρεσις
3325 4222 3339 4236 ·
3413 4207 3465 4259 οἱ
3516 4207 3721 4270 πάντες
3744 4207 3804 4260 δὲ
3841 4208 3900 4260 ιν

625 4293 813 4365 ῶσπερ
835 4293 883 4347 οἰ
917 4293 1159 4363 ἄγγελοι.

694 4386 1068 4453 Quamobrem
1115 4388 1434 4457 quicunque
1461 4389 1577 4443 vult
1607 4391 1795 4447 salvus
1822 4392 1959 4459 ﬁeri,
1993 4394 2217 4466 vigilare

624 4480 785 4534 debet
818 4488 877 4532 ut
905 4478 1062 4547 juxta
1117 4492 1448 4549 praeceptum
1480 4481 1630 4535 vivat
1663 4500 1676 4536 :
1721 4499 1830 4536 non
1876 4483 2049 4553 juret.
2105 4500 2214 4539 non

623 4572 935 4635 extollatur,
986 4585 1093 4624 non
1156 4571 1347 4635 rideat,
1404 4587 1511 4626 non
1558 4573 1867 4638 delicietur,
1899 4589 2006 4627 non
2044 4574 2215 4642 ludat,

626 4679 735 4717 non
784 4662 1169 4728 excandescat,
1211 4679 1318 4717 non
1373 4663 1696 4733 fornicetur,
1731 4681 1839 4720 non
1894 4667 2219 4735 inebrietur,

2394 4388 2495 4443 Διά
2521 4387 2682 4442 τοῦτο
2711 4386 3086 4458 γρηγορητέον
3115 4384 3279 4438 παντί
3303 4384 3383 4454 τῷ
3410 4384 3621 4438 θέλοντι
3646 4386 3890 4459 σωθῆναι

2324 4484 2447 4537 κατ’
2474 4480 2696 4551 ἐντολὴν
2744 4478 2845 4551 ζῇν
2869 4494 2883 4507 ·
2938 4477 3012 4551 μὴ
3064 4476 3308 4547 ὀμνύειν,
3342 4476 3421 4546 μὴ
3457 4479 3907 4550 μετεωρίζεσθαι,

2330 4576 2407 4647 μὴ
2433 4574 2618 4645 γελᾷν,
2669 4571 2745 4643 μὴ
2798 4571 3032 4642 τρυφᾷν,
3069 4568 3145 4641 μὴ
3184 4568 3427 4641 παίζειν,
3461 4569 3537 4640 μὴ
3576 4570 3907 4640 θυμοῦσθαι,

2332 4666 2407 4737 μὴ
2436 4663 2741 4736 πορνεῦειν,
2770 4661 2847 4733 μὴ
2898 4660 3139 4733 μεθύειν,
3167 4660 3243 4733 μὴ
3278 4660 3629 4733 θησαυρίζειν
3666 4664 3870 4734 χρυσόν
3892 4680 3908 4695 '

628 4773 735 4812 non
758 4766 1049 4828 congreget
1078 4773 1273 4813 aurum
1302 4773 1317 4813 :
1348 4757 1444 4813 sed
1472 4756 1640 4829 quid?
1673 4769 1813 4822 oret,
1840 4761 2044 4831 lugeat,
2064 4760 2218 4832 hym-

2325 4728 2463 4812 ἀλλά
2512 4728 2609 4824 ἰτίς
2657 4728 3084 4827 προσεῦχεσθαι,
3134 4728 3511 4825 προσκλαίειν,
3564 4728 3906 4825 ὑμνολογεῖν,

629 4865 731 4904 nos
757 4858 963 4914 cantet,
1000 4850 1257 4905 mandata
1292 4866 1390 4920 pm
1419 4852 1628 4907 viribus
1670 4862 1874 4915 servet,
1919 4853 2110 4921 paucis
2141 4852 2216 4907 sit

627 4949 939 5008 contentus,
969 4941 1200 4995 humilia
1252 4943 1450 5013 sapiat,
1496 4943 1809 5015 proximum
1854 4944 2063 5014 diligat,
2104 4956 2213 4996 non

628 5034 889 5104 loquatur
926 5035 1193 5089 adversus
1220 5032 1471 5102 fratrem,
1509 5053 1618 5091 non
1659 5038 1919 5103 invideat,
1958 5054 2065 5091 non
2089 5052 2215 5092 suc-

627 5133 866 5191 censeat,
894 5134 1121 5195 paratus
1152 5127 1223 5181 sit
1254 5142 1472 5197 semper
1499 5128 1563 5181 ad
1605 5129 1891 5183 subeunda
1937 5143 2037 5199 pro
2068 5140 2217 5183 recto

626 5216 947 5271 discrimina
979 5233 993 5270 :
1027 5229 1231 5287 praeter
1270 5218 1476 5271 bonum
1523 5216 1717 5284 Deum,
1764 5219 1933 5273 alium
1980 5219 2033 5272 in
2068 5228 2214 5273 terra

628 5325 735 5363 non
800 5309 1057 5365 formidet
1093 5328 1108 5365 :
1148 5312 1259 5380 regi
1318 5310 1601 5380 subjectus
1632 5312 1706 5365 sit
1741 5313 1793 5365 iu
1824 5313 1892 5366 iis
1928 5312 1981 5366 in
2014 5312 2217 5382 quibus

625 5402 721 5456 Dei
767 5404 1085 5458 mandatum
1115 5420 1223 5459 non
1258 5404 1493 5459 violatur
1531 5421 1545 5457 ε
1591 5406 1818 5462 honoret
1862 5407 2218 5478 magistratus

627 5502 885 5565 tanquam
913 5495 1215 5567 disciplina:
1246 5495 1605 5554 administros
1638 5516 1651 5552 :
1678 5500 1913 5569 gaudeat
1942 5501 2000 5554 in
2030 5500 2218 5555 Domi-

718 5609 841 5642 ’Μ’
886 5607 1047 5663 Joan.
1097 5625 1188 5675 xv,
1220 5610 1273 5664 5.
1412 5610 1456 5642 ’⁸
1512 5610 1530 5665 l
1576 5610 1705 5666 Cor.
1765 5627 1906 5674 ινιι,
1958 5612 2051 5676 3‘2.

624 5676 671 5711 “
695 5678 893 5749 Eplies.
924 5696 999 5743 νι,
1030 5680 1080 5734 1.

689 5867 803 5933 (18)
843 5868 898 5922 1η
931 5868 1049 5922 coll.
1088 5868 1218 5939 Reg.
1260 5868 1394 5937 ph".

2166 5612 2208 5644 '"
2241 5608 2434 5664 Matth.
2468 5626 2567 5672 νιι,
2599 5612 2685 5664 19.

1188 5682 1231 5712 ⁸³
1271 5680 1437 5737 Eccli.
1470 5697 1553 5746 Ill,
1582 5682 1668 5737 11.
1744 5683 1789 5716 ⁸¹
1824 5682 2026 5754 Ephcs.
2061 5700 2134 5749 Vl,
2159 5684 2213 5739 4.
2290 5682 2490 5736 "ibid.
2554 5681 2671 5738 5-9.

2226 5772 2455 5831 ΝΟΤΛΕ.

2322 4852 2686 4906 ὲντολοποιεϊν
2739 4850 2883 4904 κατά
2920 4848 2982 4902 τὸ
3032 4849 3281 4911 δυνατὸν,
3314 4847 3749 4920 ὀλιγαρχεῖσθαι,
3810 4867 3907 4905 τα-

2323 4944 2721 5013 πεινοφρονεῖν,
2770 4942 2992 5013 ἀγαπᾷν
3045 4940 3137 4994 τὸν
3180 4940 3432 5011 πλησίον,
3468 4940 3545 5011 μὴ
3581 4941 3908 4997 καταλαλείν

2320 5035 2576 5104 ἀδελφοῦ,
2628 5036 2703 5105 μὴ
2734 5034 2973 5104 φθονεῖν,
3004 5034 3082 5105 μὴ
3112 5033 3430 5105 ὀργίζεσθαι
3465 5049 3480 5064 ο
3516 5034 3737 5106 ἕτοιμον
3766 5031 3907 5091 εἶναι

2320 5130 2408 5182 ἀεὶ
2443 5128 2578 5199 πρὸς
2605 5130 2730 5189 τοὺς
2760 5127 2901 5197 ὑπὲρ
2928 5126 3021 5179 τοῦ
3052 5126 3259 5195 ἀγαθοῦ
3287 5127 3591 5193 κινδύνους,
3621 5130 3698 5199 μὴ
3726 5130 3907 5197 φοϐεί-

2328 5221 2451 5274 σθαι
2486 5220 2625 5289 πλὴν
2654 5218 2789 5272 Θεοῦ
2818 5219 2913 5272 τοῦ
2943 5218 3174 5287 ἀγαθοῦ,
3206 5219 3365 5273 ἄλλον
3392 5219 3488 5272 ἐπὶ
3522 5220 3649 5290 γῆς’
3676 5222 3908 5276 ὑποτάτ-

2326 5311 2513 5366 τεσθαι
2540 5310 2751 5381 βασιλεί
2774 5312 2832 5363 ὲν
2863 5304 2947 5371 οἷς
2969 5310 3158 5381 ἐντολὴ
3184 5310 3320 5364 Θεοῦ
3345 5312 3405 5365 οὺ
3427 5313 3902 5383 παραϐλάπτεται·

2325 5405 2491 5475 τιμᾷν
2522 5404 2790 5473 ἄρχοντας
2821 5403 2897 5467 ὡς
2948 5403 3231 5467 διακόνους
3264 5404 3520 5472 εὐταξίας
3545 5423 3560 5437 ·
3610 5406 3827 5477 χαίρειν
3853 5409 3907 5461 tv

2328 5495 2519 5566 Κυρίῳ
2553 5495 2782 5548 πάντοτε
2816 5510 2829 5523 ⁸
2860 5494 2966 5549 κᾶν
2998 5495 3275 5567 σύμϐασις
3296 5491 3406 5549 εἶεν
3431 5496 3713 5568 λυπηρῶν,
3746 5499 3906 5569 εὐχα-

2780 5611 2827 5644 ²⁸
2859 5608 2879 5665 1
2916 5611 3046 5669 Cor.
3087 5628 3163 5677 vr,
3195 5612 3281 5668 15.
3416 5614 3463 5646 ’⁸
3503 5612 3709 5685 Ephes.
3745 5630 3796 5678 ν.
3819 5615 3904 5671 53.
