4156 6506
164 460 305 529 14θ1
378 466 385 471 ’

1362 461 1899 524 EPISTOLARUM
1940 461 2099 520 LIB.
2134 461 2218 520 ΙΙ.

3316 460 3455 520 1402

164 588 374 658 ριστεῖν
412 582 603 656 Κυρίῳ
631 582 716 652 ἐφ’
740 577 821 648 οἷς
858 582 927 637 ἃν
978 582 1240 653 οίκονομῇ
1295 581 1366 635 τά
1419 580 1541 635 κατ’
1567 582 1750 637 αὐτόν.

1863 591 1932 631 no
1957 592 2174 646 semper
2205 595 2219 631 :
2255 588 2329 642 et,
2368 578 2415 633 si
2459 578 2689 633 molesta
2720 578 2991 649 quaepiam
3025 578 3296 644 accidant,
3328 596 3453 650 gra-

162 679 358 733 Ταῦτα
393 676 469 740 ὡς
513 680 572 730 ὲν
606 675 811 744 ὀλίγοις
868 674 1163 745 ὑπέμνησα
1215 674 1316 745 τὴν
1376 674 1752 746 εὐλογημένην

1851 670 1957 725 tias
1981 668 2213 725 Domino
2238 682 2384 741 agat,
2416 686 2640 740 quoque
2669 671 2834 726 modo
2863 686 2950 727 res
2983 670 3156 740 ipsius
3177 672 3457 741 disponat.

163 788 264 823 σου
290 768 472 838 ψυχήν
505 784 519 797 ·
550 767 637 820 ἵνα
665 765 918 836 γνωρίσω
970 765 1046 830 ὡς
1099 764 1269 835 φιλῶν
1306 768 1424 834 είμι
1469 765 1563 818 τὸν
1620 767 1750 836 ὲμὺν

1853 759 1975 816 Haec
2028 762 2220 830 paucis
2276 764 2527 833 suggessi
2574 763 2877 819 benedictae
2944 764 3145 823 anima:
3180 774 3336 819 tute:
3395 774 3457 820 ut

160 861 481 933 ὁμώνυμον,
516 860 609 914 καὶ
652 859 851 928 εὐσεόἦ
903 857 1094 929 ἄνδρα,
1143 858 1239 911 καὶ
1287 856 1440 927 φίλον
1468 857 1749 927 διάπυρον.

176 954 309 1006 Ἐὰν
358 953 415 1007 δὲ
467 953 547 1005 ἔτι
601 951 809 1022 ζῶμεν,
843 951 924 1004 ἔτι
982 950 1310 1021 λαλήσομεν,
1366 949 1447 1002 ἔτι
1497 966 1751 1020 παρακα-

158 1046 420 1115 λέσομεν,
456 1045 537 1098 ἔτι
568 1042 1093 1114 συμϐουλευσόμεθα
1133 1043 1310 1096 πάντα
1354 1041 1584 1112 δεύτερα
1611 1042 1755 1112 ήγή-

162 1140 362 1193 σασθαι
388 1142 488 1211 τῆς
534 1137 669 1193 Θεοῦ
731 1139 973 1208 ἀγάπης.
1037 1137 1099 1191 Τί
1152 1136 1262 1207 γὰρ
1308 1134 1612 1206 ὠφελήσει
1644 1134 1751 1188 ἅν-

159 1237 427 1300 θρωπον,
457 1231 566 1284 ἐὰν
605 1231 757 1285 ὅλον
785 1231 894 1282 τὸν
944 1231 1182 1299 κόσμον
1211 1229 1501 1299 κερδήσῃ,
1535 1229 1653 1298 τὴν
1682 1229 1752 1283 δὲ

157 1323 381 1392 ψυχὴν
426 1322 613 1379 αὐτοῦ
648 1320 904 1392 ζημιωθῇ
920 1340 939 1387 ;
988 1314 1064 1374 Ob
1123 1322 1393 1392 φύγοιμεν
1422 1338 1437 1354 α
1492 1321 1750 1393 εὕροιμεν

157 1418 220 1469 δὲ
272 1417 423 1480 ἔλεος
479 1418 539 1469 ὲν
589 1417 776 1487 ήμέρᾳ
824 1415 1098 1485 κρίσεως,
1151 1415 1249 1467 καὶ
1302 1414 1364 1467 τὸ
1418 1415 1556 1484 μετά
1611 1412 1749 1473 Θεοῦ

158 1508 423 1578 γενέσθαι
448 1509 509 1560 ἐν
546 1508 693 1578 χαρᾷ
723 1505 1075 1577 ἀνεκλαλήτῳ
1107 1507 1189 1569 είς
1214 1506 1341 1569 τοὺς
1367 1505 1591 1568 αἰῶνας.

310 1731 461 1789 ΡΚΓ
489 1732 625 1804 (l9).
646 1765 717 1776 —
746 1731 1115 1802 Εὐφροσύνῃ
1143 1730 1470 1802 ἡγουμένῃ.
1562 1729 1753 1805 [χξα’.]

1847 854 2135 908 ostendam
2168 869 2357 910 amare
2387 872 2475 910 me
2509 855 2898 926 cognominem
2928 871 3112 911 meum
3134 898 3150 922 ,
3190 859 3456 926 piumque

1848 946 2053 1012 virum,
2103 958 2157 1003 et
2196 948 2430 1002 amicum
2488 947 2794 1003 ardentem.
2832 948 2989 1015 Quod
3017 950 3062 1005 si
3094 949 3276 1006 adhuc
3298 950 3454 1004 vive-

1854 1053 1979 1094 mus
2010 1078 2026 1104 ,
2056 1039 2238 1096 adbuc
2274 1040 2603 1110 loquemur,
2650 1040 2832 1095 adhuc
2874 1040 3243 1109 hortabimur,
3278 1040 3460 1095 adhuc

1858 1131 2237 1195 suadebimus,
2271 1141 2329 1185 ut
2375 1132 2559 1186 omnia
2592 1132 2853 1187 inferiora
2902 1134 3074 1189 ducas
3122 1147 3311 1187 amore
3338 1132 3456 1187 Dei.

1859 1223 2004 1290 Quid
2048 1224 2189 1277 enim
2236 1224 2472 1292 proderit
2502 1226 2706 1279 homini
2736 1228 2784 1280 si
2835 1228 3140 1281 universum
3199 1226 3458 1279 mundum

1856 1315 2112 1381 lucretur,
2156 1319 2349 1372 anima:
2377 1334 2495 1372 vero
2524 1319 2899 1373 detrimentum
2928 1318 3232 1390 patiatur“
3257 1319 3282 1373 ’ί
3303 1318 3459 1383 Quod

1855 1404 2172 1477 fugiamus:
2208 1418 2269 1462 ut
2295 1409 2651 1464 inveniamus
2689 1410 3122 1465 misericordiam
3162 1410 3215 1463 in
3246 1411 3334 1464 die
3364 1410 3460 1477 ju-

1854 1498 2007 1565 dicii,
2046 1509 2254 1555 etcum
2313 1499 2427 1556 Deo
2460 1503 2642 1557 simus
2675 1502 2732 1555 in
2773 1503 2972 1572 gaudio
3010 1501 3370 1557 inenarrabili
3401 1502 3460 1554 in

1858 1590 2082 1647 saecula.

2105 1734 2341 1791 CXXIII.
2371 1766 2441 1776 —-
2476 1734 2843 1807 Euphrosynae
2894 1736 3216 1806 prwpositw.

763 1845 1065 1897 Monasterio
1100 1844 1416 1909 praepositam
1448 1845 1678 1897 hortatur
1702 1857 1759 1898 ut
1779 1862 1842 1898 eo
1863 1863 2072 1900 munere
2097 1856 2268 1900 sancte
2305 1864 2360 1900 ae
2385 1852 2624 1914 praeclare
2647 1851 2900 1915 fungatur.

248 1951 533 2024 ’Λκηκοὼς
565 1952 660 2007 καὶ
685 1950 781 2005 νῦν
809 1952 892 2004 ὅτι
914 1948 1285 2022 παρεμυθήθη
1315 1965 1409 2001 σου
1440 1949 1473 2020 ἡ
1501 1949 1750 2020 τιμιότης

1926 1949 2065 2005 Cum
2099 1966 2249 2007 nunc
2296 1965 2520 2021 quoque
2568 1951 2757 2005 audivi
2810 1951 3080 2017 dolorem,
3111 1966 3274 2022 quem
3309 1970 3465 2012 reve-

157 2047 275 2102 ἀπὺ
303 2047 400 2100 τοῦ
430 2047 559 2118 περὶ
586 2045 687 2118 τὴν
719 2044 998 2117 μακαρίαν
1029 2042 1243 2115 μητέρα
1271 2040 1501 2105 πάθους,
1529 2042 1750 2114 εὐχαρί-

161 2157 345 2211 στησα
373 2139 451 2211 τῷ
488 2138 680 2211 Κυρίῳ
709 2154 724 2170 ο
757 2140 815 2202 ὂς
845 2136 1112 2210 ἐγνώρισέ
1165 2155 1224 2191 σε
1258 2137 1356 2191 καὶ
1410 2136 1749 2207 φιλομήτορα

158 2233 585 2305 γνησιεύουσαν,
628 2233 723 2285 καὶ
770 2231 1019 2301 φιλόθεον
1063 2228 1499 2302 ἀριστεύουσανο
1543 2228 1606 2281 τὸ
1649 2229 1750 2299 μὲν

156 2329 251 2382 διὰ
279 2328 374 2382 τοῦ
404 2325 753 2396 άγαπητικοῦ
793 2323 1063 2395 λυπηροῦ·
1100 2323 1161 2376 τὸ
1197 2322 1255 2376 δὲ
1283 2322 1372 2376 διὰ
1403 2320 1496 2374 τοῦ
1530 2336 1748 2391 συμμε-

163 2421 515 2492 μετρημένου
544 2416 957 2489 παρακλητικοῦ
992 2433 1006 2448 ο
1034 2415 1093 2482 ἐξ
1125 2408 1201 2468 ὧν
1234 2413 1636 2476 ἀποδέδεικται,
1666 2413 1749 2465 ὅτι

158 2511 260 2564 καὶ
297 2511 511 2581 μητέρα
543 2510 637 2562 καὶ
670 2507 801 2561 Θεὸν
830 2508 1143 2577 ἠγάπησας.
1163 2507 1324 2561 Ἀλλὰ
1353 2507 1533 2575 δεῦρο,
1560 2506 1746 2577 κυρία,

154 2601 429 2672 χαίρουσα
470 2601 565 2654 καὶ
594 2599 872 2671 τρέμουσα
925 2598 1110 2670 βάδιζε
1137 2600 1238 2672 τὴν
1270 2600 1392 2655 ὁδόν
1442 2617 1569 2653 σου·
1626 2601 1751 2671 χαί-

161 2709 336 2763 ρουσα
381 2692 502 2763 μὲν,
535 2693 616 2745 ὃτι
646 2691 881 2763 ἠξίωσαι
921 2693 1183 2763 τοιαύτης
1238 2693 1445 2764 μητρὸς
1500 2693 1749 2766 θυγάτηρ

158 2782 504 2856 χρηματίσαι
529 2799 545 2815 ο
601 2783 878 2854 τρέμουσα
906 2783 986 2848 δὲ,
1024 2785 1106 2838 ὅτι
1160 2784 1223 2838 τὸ
1260 2784 1364 2854 τῆς
1410 2785 1751 2854 προστασίας

159 2878 585 2950 φροντιστήριον
618 2893 702 2930 σοι
728 2876 997 2945 πάρεστιν
1028 2899 1044 2913 ·
1077 2870 1139 2931 οὗ
1173 2877 1273 2948 οὐχ
1299 2880 1327 2931 ὁ
1358 2877 1536 2948 τυχὼν
1574 2877 1746 2947 ἀγὼν,

156 2971 285 3025 οὐδὲ
324 2970 801 3040 εὐκαταφρόνητος
824 2969 853 3020 ό
885 2968 1074 3038 μισθός
1096 2985 1111 2999 ·
1143 2968 1282 3022 ἀλλὰ
1323 2970 1418 3022 καὶ
1465 2967 1589 3022 λίαν
1645 2972 1751 3040 ἀμ-

159 3059 478 3131 φοτέρωθεν
526 3060 588 3113 τὸ
630 3057 832 3129 ὕψωμα
876 3061 992 3123 τοῖς
1021 3057 1146 3113 νοῦν
1186 3057 1387 3129 ἔχουσι.
1431 3059 1504 3113 Σὺ
1532 3057 1626 3112 οῦν
1672 3058 1749 3123 ὼς

157 3154 434 3225 ἐχέφρων,
471 3150 548 3205 ὡς
580 3149 799 3222 συνετὴ,
832 3150 908 3215 ὡς
944 3149 1213 3222 μητρόθεν
1238 3150 1457 3220 ἠγμένη
1486 3151 1544 3203 ὲν
1575 3149 1749 3203 Πνεῦ-

162 3264 322 3319 ματι,
356 3244 581 3314 ἄριστον
622 3244 736 3315 βίον
792 3244 886 3297 καὶ
952 3243 1409 3311 κεκανονισμένον
1457 3241 1705 3296 διέλασον
1730 3257 1745 3273 ⁸

157 3314 337 3393 τύπον
378 3335 579 3407 ἑαυτὴν
608 3314 875 3405 προθεῖσα
903 3335 1101 3403 άγαθοε
1113 3334 1270 3405 ργίας
1316 3336 1437 3397 ταῖς
1465 3334 1743 3403 ἀδελφαῖς.
1776 3314 1820 3373 c-

158 3429 257 3501 Μὴ
288 3424 523 3501 νυστάξῃ
550 3426 612 3478 τὸ
639 3424 796 3495 ὃμμα
827 3424 927 3494 τῆς
954 3423 1183 3495 καρδίας
1218 3442 1312 3477 σου
1364 3424 1471 3477 ἀπὸ
1498 3425 1747 3495 φυλακῆς

157 3520 273 3573 τῶν
301 3517 532 3572 ἐντολῶν
562 3516 656 3570 τοῦ
698 3515 857 3571 Θεοῦ.
891 3518 983 3587 Μὴ
1034 3516 1205 3589 βύσῃς
1229 3518 1291 3571 τὸ
1317 3516 1411 3581 οῦς
1438 3517 1537 3589 τῆς
1568 3518 1749 3589 ψυχῆς

159 3611 473 3667 εἰσακούειν
526 3611 713 3681 φωνῆς
766 3608 1157 3681 διδασηλικῆς
1184 3625 1213 3685 ο,
1248 3610 1613 3682 διδασκομένη
1653 3612 1750 3665 καὶ

159 3704 490 3759 διδάσκουσα
511 3718 528 3733 ο
559 3700 907 3773 φωτιζομένη
937 3701 1034 3755 καὶ
1088 3701 1399 3770 φωτίζουσα
1419 3719 1434 3733 ⁶
1474 3719 1745 3773 χειραγω-

161 3798 407 3870 γουμένη
441 3798 536 3852 καὶ
571 3795 991 3869 χειραγωγοῦσα
1016 3813 1030 3827 ο
1064 3796 1453 3868 προσαγομένη
1504 3796 1626 3867 Θεῷ
1655 3797 1750 3851 καὶ⁵

162 3891 545 3963 προσάγουσα.
582 3887 870 3943 ’Δκουστδν
920 3889 1007 3959 εἴη
1046 3890 1107 3942 τὺ
1137 3888 1306 3961 ὖνομά
1338 3907 1432 3943 σου
1477 3893 1534 3945 ἐν
1567 3892 1747 3963 ἀγαθῇ

162 3983 435 4054 πολιτείᾳ·
462 3982 537 4044 ὡς
566 3982 633 4035 ἂν
654 3980 945 4052 δοξάζηται
966 3981 1097 4045 Θεὸς
1112 3982 1178 4055 έν
1202 3985 1283 4036 σοὶ
1311 3984 1407 4036 καὶ
1436 3984 1496 4036 έν
1514 3986 1580 4055 τῇ
1612 3986 1747 4055 μονῇ

164 4094 264 4131 σου
294 4094 308 4108 ·
344 4076 420 4147 μὴ
450 4073 811 4145 χυδαιουμένη
839 4072 980 4129 κατὰ
1023 4071 1121 4145 τὴν
1147 4074 1255 4127 τῶν
1286 4073 1498 4129 πολλῶν
1527 4076 1746 4149 χλιαρόο

160 4183 327 4239 τητα,
376 4163 493 4219 ἀλλ’
520 4164 929 4237 άκριϐαζομὲνη
986 4165 1130 4219 κατὰ
1182 4165 1284 4235 τὴν
1332 4165 1596 4238 διαταγὴν
1651 4168 1747 4223 τοῦ

163 4257 509 4329 Πνεύματος,
554 4259 613 4311 ὲν
659 4257 740 4311 ἑνὶ
770 4258 1102 4328 φρονήματι,
1133 4259 1192 4311 ἐν
1236 4258 1317 4311 ἑνὶ
1360 4258 1649 4329 θελήματι,
1689 4262 1750 4313 ὲν

167 4352 269 4423 μιᾷ
299 4350 502 4422 καρδία
528 4366 587 4402 τε
618 4348 712 4404 καὶ
743 4349 915 4419 ψυχῇ,
952 4350 1184 4421 μιμήσει
1208 4349 1320 4403 τῶν
1349 4352 1407 4405 ὲν
1456 4351 1747 4407 ἀποστολιο

164 4448 291 4508 καῖς
326 4444 597 4515 Πράξεσιν
626 4442 1031 4514 ἱστορουμένων
1062 4442 1256 4510 ἁγίων.
1282 4438 1405 4498 Ἦν
1426 4445 1555 4516 γὰρ,
1589 4445 1745 4516 φησὶ,

164 4533 412 4590 πάντων
440 4536 549 4605 μία
574 4535 746 4603 ψυχὴ
787 4533 887 4588 καὶ
920 4532 1133 4601 καρδία
1152 4548 1167 4566 ο
1190 4532 1287 4587 καὶ
1320 4534 1525 4602 οὐδείς
1548 4554 1603 4590 τι
1632 4535 1751 4591 τῶν

166 4627 565 4695 ὑπαρχόντων
583 4624 745 4691 αὺτῷ
765 4625 978 4696 ἔλεγεν
1001 4625 1160 4679 ἴδιον
1190 4621 1365 4681 εἶναι.

1853 2045 2029 2099 rentia
2065 2053 2158 2099 tua
2198 2059 2265 2098 ex
2319 2045 2492 2099 beatae
2532 2045 2727 2099 matris
2768 2045 2923 2100 obitu
2955 2058 3197 2115 ceperat,
3231 2047 3459 2120 mitiga-

1855 2146 1971 2189 tum
2006 2150 2171 2203 esse;
2203 2137 2287 2205 egi
2314 2135 2551 2192 Domino
2591 2138 2828 2206 gratias,
2874 2139 2966 2209 qui
3006 2150 3057 2193 te
3086 2149 3143 2193 et
3169 2141 3222 2195 in
3256 2144 3457 2199 matris

1852 2242 2041 2283 amore
2090 2230 2359 2284 sinceram
2399 2232 2648 2300 agnovit.
2695 2241 2752 2284 et
2779 2232 2833 2285 in
2876 2232 2968 2286 Dei
3012 2248 3201 2289 amore
3225 2237 3455 2304 praecel-

1853 2319 2051 2373 lentem
2079 2338 2092 2374 :
2127 2320 2261 2375 illud
2290 2323 2511 2392 quidem
2539 2338 2636 2387 per
2654 2324 2860 2380 amoris
2888 2325 3107 2394 plenam
3146 2328 3456 2398 tristitiam,

1852 2411 1960 2468 hoc
1987 2428 2116 2467 vero
2150 2430 2247 2484 per
2273 2428 2669 2488 congruentem
2698 2419 3148 2476 consolationem
3188 2441 3202 2478 :
3245 2439 3312 2479 ex
3338 2428 3463 2495 qui-

1852 2503 1957 2560 bus
2008 2507 2190 2576 patuit
2248 2509 2395 2577 quod
2446 2521 2501 2564 et
2556 2519 2788 2565 matrem
2823 2520 2880 2566 et
2925 2511 3099 2568 Deum
3155 2517 3455 2572 amaveris.

1851 2592 1955 2648 Sed
1984 2610 2104 2664 age,
2148 2596 2395 2661 domina,
2437 2599 2680 2667 gaudens
2718 2606 2774 2654 et
2814 2608 3061 2657 tremens
3105 2601 3251 2657 viam
3302 2612 3458 2659 tuam

1854 2687 2091 2742 insiste:
2142 2690 2388 2758 gaudens
2448 2691 2699 2760 quidem,
2748 2693 2896 2764 quod
2954 2696 3079 2751 talis
3125 2699 3316 2753 matris
3338 2699 3451 2754 lilia

1852 2779 1961 2833 diei
2000 2781 2271 2839 merueris
2307 2800 2320 2836 :
2373 2783 2573 2841 timens
2631 2801 2786 2851 vero,
2839 2788 2967 2859 quia
3003 2789 3097 2844 tibi
3126 2794 3452 2849 monasterii

1853 2870 2185 2942 praefectura
2210 2875 2500 2943 incumbit,
2542 2878 2706 2948 cujus
2745 2896 2855 2935 non
2892 2881 3010 2937 leve
3038 2894 3316 2941 certamen
3350 2898 3461 2952 est,

1853 2978 1955 3018 nec
2014 2980 2227 3021 merces
2275 2972 2703 3036 contemnenda,
2749 2973 2847 3027 sed
2885 2976 3122 3031 sublime
3164 2988 3462 3049 utrumque

1852 3057 1997 3127 apud
2036 3073 2133 3114 eos
2168 3059 2262 3129 qui
2313 3070 2463 3116 recte
2502 3062 2745 3132 sapiunt.
2793 3063 2875 3119 Tu
2910 3081 3043 3137 ergo
3098 3076 3159 3123 ut
3205 3070 3445 3139 sapiens,

1850 3161 1913 3204 ut
1941 3150 2204 3219 prudens,
2239 3159 2502 3223 tanquam
2539 3169 2569 3208 a
2609 3166 2785 3213 matre
2812 3156 2865 3211 in
2900 3158 3097 3227 spiritu
3129 3160 3347 3226 educta,
3376 3164 3460 3217 vi-

1855 3248 1962 3294 tam
1984 3256 2084 3312 age
2104 3258 2270 3312 quam
2302 3244 2569 3313 optimam
2592 3254 2651 3300 et
2682 3248 2990 3318 regularem
3024 3267 3040 3304 :
3105 3252 3335 3323 teipsam
3366 3270 3461 3309 so-

1853 3331 2072 3387 roribus
2102 3334 2156 3387 in
2196 3334 2507 3400 exemplum
2562 3345 2714 3391 recte
2740 3340 2941 3409 agendi
2975 3354 3313 3412 proponens.
3354 3343 3449 3400 Vi-

1855 3425 1984 3495 gilet
2028 3426 2211 3481 cordis
2242 3427 2320 3482 tui
2356 3428 2552 3484 oculus
2606 3430 2674 3485 ad
2717 3432 3020 3487 custodiam
3073 3436 3457 3493 mandatorum

1858 3518 1972 3593 Dei=
2000 3516 2077 3574 Ne
2106 3518 2328 3575 obtures
2353 3536 2545 3575 aurem
2568 3522 2767 3579 animae
2796 3524 2865 3579 ad
2895 3525 3231 3582 audiendam
3268 3544 3458 3586 vocem

1855 3609 2106 3665 docentis
2157 3627 2173 3664 :
2226 3611 2447 3666 discens
2499 3622 2554 3667 et
2597 3614 2826 3676 docens.
2863 3616 3046 3673 lumen
3095 3620 3372 3691 accipiens
3402 3632 3460 3679 et

1856 3700 2195 3767 illuminans,
2239 3706 2569 3760 manuducta
2600 3719 2655 3763 et
2691 3710 3093 3777 manuducens,
3135 3714 3316 3769 oblata
3346 3716 3457 3772 Deo

1853 3804 1911 3849 et
1957 3793 2214 3850 ollerens.
2264 3796 2495 3853 Celebre
2543 3799 2615 3854 sit
2642 3816 2840 3856 nomen
2875 3814 3031 3859 tuum
3066 3805 3121 3859 in
3149 3806 3293 3864 bona
3322 3825 3453 3865 con-

1856 3889 2187 3952 versatione,
2228 3899 2289 3944 ut
2338 3890 2671 3958 gloriﬁcetur
2720 3892 2865 3951 Deus
2902 3896 2957 3951 in
2995 3906 3045 3953 te
3074 3907 3130 3955 et
3168 3899 3225 3955 in
3256 3918 3456 3958 mona-

1857 3980 2029 4034 sterio
2053 3988 2151 4035 tuo
2183 3998 2198 4035 :
2245 3997 2425 4051 neque
2475 3983 2611 4039 illud
2656 3987 2996 4044 dissolvatur
3021 4006 3119 4061 per
3153 3994 3451 4051 multarunt

1858 4070 2214 4140 tepiditatem,
2268 4072 2365 4126 sed
2396 4072 2687 4144 diligenter
2718 4078 2774 4131 in
2828 4077 3012 4135 ollicio
3050 4093 3270 4138 maneat
3294 4083 3456 4153 juxta

1855 4159 2213 4215 directionem
2271 4160 2528 4231 Spiritus,
2570 4164 2627 4220 in
2675 4182 2786 4222 uno
2814 4184 3001 4237 sensu,
3036 4172 3090 4226 in
3119 4189 3228 4228 una
3266 4178 3456 4232 volun-

1857 4262 1989 4317 tate,
2021 4252 2076 4306 in
2112 4266 2222 4307 uno
2270 4257 2434 4311 corde
2462 4267 2515 4313 et
2545 4258 2752 4325 anima,
2784 4260 2852 4314 ad
2883 4264 3195 4333 exemplum
3230 4278 3455 4323 sancto-

1856 4360 2003 4406 rum,
2034 4345 2130 4415 qui
2170 4346 2223 4399 in
2255 4347 2488 4403 Actibus
2526 4351 2852 4419 apostolicis
2881 4368 3284 4412 memorantur.
3314 4358 3455 4416 Erat

1855 4436 2027 4502 enim,
2051 4437 2249 4507 inquit,
2278 4440 2512 4492 omnium
2544 4442 2727 4495 anima
2754 4459 2861 4497 una
2896 4454 2946 4499 et
2981 4462 3073 4499 cor
3101 4464 3263 4502 unum
3298 4464 3317 4502 :
3361 4467 3458 4505 nec

1854 4531 2136 4601 quisquam
2182 4551 2363 4589 eorum
2386 4552 2504 4607 qum
2538 4538 2864 4609 possidebat,
2904 4542 3109 4613 aliquid
3158 4561 3316 4599 suum
3345 4564 3456 4601 esse

1855 4622 2065 4678 dicebat
2080 4625 2125 4657 ³⁵

426 4716 540 4786 ζωὴ
560 4689 763 4785 ἀγαθή,
794 4689 933 4787 αῦτη
968 4719 1128 4789 μερὶς
1168 4719 1374 4791 Κυρίου
1404 4734 1418 4750 ·
1452 4720 1610 4774 τοῦτο
1634 4737 1740 4775 κοι-

1932 4714 2058 4772 Haec
2080 4717 2222 4773 bona
2242 4727 2326 4774 est
2358 4721 2490 4787 vita,
2517 4721 2634 4778 haec
2656 4724 2835 4794 portio
2858 4724 3101 4790 Domini.
3129 4728 3235 4787 hoc
3260 4746 3451 4789 verunt

166 4809 347 4863 v66tov
369 4808 644 4879 ἀληθινόν.
664 4802 738 4863 Ob
766 4808 823 4861 δὲ
846 4812 907 4863 οὐ
929 4809 1123 4877 ταῦτα,
1146 4810 1457 4865 τούναντίον
1484 4812 1730 4882 δηλονότι

181 4901 376 4972 Ἦλίκη
403 4918 486 4954 σοι
510 4902 656 4973 χαρὰ
679 4902 773 4956 καὶ
805 4901 954 4970 δόξα,
987 4904 1291 4974 τιμιωτάτη
1312 4944 1328 4968 ,
1360 4904 1497 4958 ἀλλὰ
1526 4908 1634 4977 γάρ
1656 4906 1754 4961 καὶ

165 4997 283 5058 τοῖς
314 5000 525 5058 τέκνοις
556 5011 670 5061 σου,
698 4995 1072 5061 άποστολικῶς
1100 4995 1511 5052 πολιτεύεσθαι·
1541 5015 1753 5072 πατρο-

166 5086 514 5158 παραδότως,
544 5087 773 5156 ἄγεσθαι
821 5088 1274 5159 εὐγενοπρεπῶςί
1302 5090 1462 5144 τοῦτο
1501 5091 1612 5163 γὰρ
1662 5092 1753 5145 εὐ-

168 5181 379 5251 γένεια,
426 5178 732 5250 θεαρέστως
784 5178 906 5251 ζῇν,
952 5182 1304 5249 ἀγιοπρεπῶς
1348 5183 1749 5249 πολιτεύεσθαι,

166 5275 329 5342 γένος
358 5273 503 5343 ὑμᾶς
532 5272 894 5343 χρηματίζειν
945 5273 1222 5339 ἐκλεκτὸν,
1251 5276 1476 5347 σπέρμα
1510 5276 1751 5347 ἔντιμον,

166 5367 350 5429 τίνος;
382 5365 589 5436 Θέκλης
624 5367 839 5437 ἐκείνης
872 5366 971 5435 τῆς
1005 5369 1496 5441 πρωτομάρτυρος,
1531 5370 1754 5442 Φεῦρω-

169 5456 313 5521 νίας,
341 5454 674 5526 Εὐπραξίας,
705 5454 799 5509 τοῦ
824 5460 939 5509 κατ’
970 5458 1140 5520 αὐτάς
1171 5458 1317 5529 ἱεροῦ
1345 5463 1440 5513 καὶ
1477 5460 1752 5530 μακαρίου

170 5543 499 5612 καταλόγου.
546 5544 612 5601 Εἰ
656 5545 781 5617 γὰρ.
818 5546 1024 5617 κόσμον
1073 5547 1428 5614 κατελίπατε,
1476 5550 1525 5603 εί
1575 5549 1754 5618 γονεῖς

240 5701 291 5735 ⁸⁵
326 5699 519 5757 Matth.
547 5718 660 5770 xvt,
698 5703 790 5759 26.
886 5702 933 5737 "
958 5705 1082 5762 Act.
1107 5722 1183 5775 tv,
1213 5705 1303 5765 52.

1860 4808 2193 4864 coenobium.
2257 4808 2358 4865 Ubi
2406 4827 2533 4867 vero
2591 4814 2706 4869 haec
2754 4832 2862 4870 non
2916 4826 3067 4885 sunt,
3101 4824 3451 4879 contrarium

1819 4956 1831 4968 ,
1860 4900 2069 4970 utique.
2111 4900 2328 4967 Quanta
2370 4904 2558 4959 laetitia
2587 4912 2641 4959 et
2680 4906 2855 4975 gloria
2896 4908 3016 4973 tibi,
3061 4913 3455 4969 reverendissi-

1860 5010 1971 5059 ma,
2002 5003 2058 5049 et
2091 4992 2309 5051 ﬁliabus
2357 4997 2487 5064 tuis,
2520 4999 2820 5067 apostolica
2861 5001 3067 5068 vivere,
3103 5004 3449 5063 traditionem

1859 5089 2117 5159 patritam
2166 5089 2450 5145 retinendo
2490 5091 2745 5147 nobiliter
2787 5094 2991 5165 agere?
3036 5095 3159 5152 Haec
3188 5100 3331 5153 enim
3367 5110 3453 5156 est

1856 5179 2136 5245 nobilitas,
2183 5192 2463 5249 acceptam
2515 5182 2625 5237 Deo
2670 5184 2838 5239 vitam
2875 5187 3099 5253 ducere,
3132 5193 3450 5248 conversari

1854 5280 1916 5325 ut
1944 5281 2166 5327 sanctos
2192 5273 2368 5340 decet,
2406 5288 2581 5344 genus
2620 5276 2857 5331 electum
2892 5294 2991 5335 vos
3019 5283 3307 5352 appellari,
3349 5299 3441 5340 se-

1856 5378 1981 5417 men
2044 5365 2382 5430 lionorabile,
2438 5368 2774 5435 cuiusnam?
2821 5368 3035 5427 Thecla:
3087 5375 3227 5429 illius
3260 5388 3449 5445 proto-

1856 5456 2131 5527 martyris,
2157 5455 2459 5524 Febronim,
2496 5459 2800 5530 Eupraxite,
2830 5472 2887 5518 et
2918 5464 3116 5536 reliqui
3142 5468 3450 5526 secundum

1855 5549 1978 5605 illas
2034 5552 2179 5607 sacri
2224 5567 2290 5609 ac
2334 5554 2481 5610 beati
2535 5556 2788 5627 catalogi.
2838 5558 3052 5617 Etenim
3097 5563 3144 5621 si
3181 5563 3448 5620 mundum

1709 5826 1936 5888 ΝΟΤᾸΞ.

258 5934 373 6005 (l9)
409 5934 467 5992 In
502 5935 627 5991 cod.
658 5936 794 6007 Reg.
841 5935 970 6005 ρλε’.
