4156 6470
748 381 883 449 1403

1934 388 1993 447 S.
2037 387 2434 449 THEODORI
2472 388 2819 450 STUDITAZ

3883 388 4013 458 1404

742 497 1059 568 reliquistis,
1108 497 1154 553 si
1216 510 1470 570 parentes
1517 501 1853 573 abnegastis,
1880 502 1925 557 si
1961 505 2323 573 virginitatem

2435 502 2763 575 ἠρνήσασθε,
2791 505 2840 556 εί
2866 500 3168 573 παρθενίαν
3210 499 3443 564 εἵλεσθε,
3474 502 3524 553 εί
3572 501 3804 573 Χριστῷ
3852 505 4016 572 ὲνυμρ

737 591 997 661 elegistis,
1030 591 1075 645 εἰ
1104 590 1329 647 Christo
1352 594 1641 662 desponsa:
1682 595 1835 659 estis,
1865 595 1909 648 si
1946 610 2171 665 regnum
2208 612 2322 651 cte-

739 684 913 743 lorum
939 685 1264 749 adamastis,
1301 700 1400 741 cur
1425 700 1533 739 non
1560 686 1797 741 studium
1826 695 2066 740 vestrum
2098 703 2323 741 curam-

735 789 847 843 que
903 790 1121 831 omnem
1182 777 1249 831 ad
1312 777 1417 832 hoc
1459 778 1803 833 conferatis?
1839 781 2139 848 gaudentes
2179 782 2366 850 quod-

737 869 830 921 tali
866 884 1093 924 munere
1116 878 1172 924 et
1204 869 1313 924 Deo
1356 870 1592 941 dignata:
1636 874 1791 934 estis,
1821 872 2085 941 dignitate
2113 873 2325 927 incomc

736 961 967 1030 parabili
1009 976 1024 1013 :
1084 978 1193 1017 non
1240 962 1363 1017 dico
1413 964 1714 1017 secundum
1771 965 2009 1018 humana
2058 982 2071 1017 :
2128 965 2323 1019 umbra

735 1052 881 1105 enim
906 1052 1019 1107 haec
1044 1064 1172 1109 sunt
1213 1065 1269 1109 et
1299 1056 1511 1110 somnia
1534 1095 1551 1119 ,
1593 1072 1716 1121 qua:
1752 1072 1877 1110 cum
1927 1058 2180 1125 praesenti
2217 1072 2325 1111 ειε-

736 1144 862 1200 culo
890 1146 1191 1202 interibunt
1222 1164 1237 1201 :
1272 1148 1368 1202 sed
1420 1148 1721 1204 secundum
1755 1150 2062 1217 spiritualia
2100 1168 2113 1203 :
2144 1150 2321 1219 siqui-

735 1233 858 1288 dem
911 1233 1193 1303 virginitas
1249 1246 1303 1290 et
1360 1247 1650 1307 paupertas
1708 1240 1850 1294 inter
1893 1240 2129 1294 tnaxima
2178 1242 2324 1297 dona

737 1326 1095 1395 praecipuum.
1128 1328 1285 1393 Quod
1309 1329 1357 1383 si
1390 1344 1497 1383 non
1528 1331 1872 1385 exsatiantnr
1899 1333 1993 1401 qui
2031 1332 2084 1386 in
2116 1334 2324 1388 mundo

735 1425 886 1479 sunt,
927 1427 976 1470 et
1004 1418 1301 1486 acquirunt
1337 1418 1520 1473 inania
1545 1429 1598 1474 et
1627 1422 1867 1489 peritura
1902 1438 1917 1475 :
1968 1438 2133 1491 quam
2170 1426 2322 1477 insa-

737 1508 999 1563 turabiles
1027 1526 1126 1564 nos
1154 1526 1275 1564 esse
1314 1511 1576 1565 debemus
1611 1512 1662 1564 in
1705 1514 1984 1581 perpetuis
2009 1526 2063 1569 et
2094 1514 2324 1569 inenar-

736 1602 1004 1656 rabilibus
1054 1602 1240 1657 bonis?
1284 1603 1483 1673 Utique
1537 1604 1745 1666 hortor.
1806 1606 1993 1675 utique
2044 1608 2317 1663 obsecro:

733 1694 1003 1764 acquirite
1040 1698 1312 1757 caelestia,
1354 1698 1477 1753 lilia:
1513 1696 1605 1751 Dei
1636 1708 1830 1764 estote,
1868 1699 2068 1768 regime
2099 1700 2153 1753 in
2180 1701 2322 1755 cmlo

736 1788 1007 1857 gloriosae,
1037 1804 1251 1859 sponsa:
1278 1790 1503 1855 Christi,
1529 1789 1733 1846 Christi
1776 1790 2111 1852 coliteredes,
2147 1792 2238 1845 lux
2265 1793 2320 1847 in

2427 596 2687 667 φεύθητε,
2737 597 2788 649 εί
2842 595 3122 666 βασιλείαν
3157 594 3405 667 οὐρανῶν
3434 596 3788 666 ἡγαπήσατε,
3834 599 3890 650 τί
3945 600 4014 668 μὴ

2427 690 2607 741 πᾶσαν
2636 687 2791 758 ὑμῶν
2835 687 2937 760 τὴν
2966 687 3201 749 σπουδὴν
3234 688 3328 741 καὶ
3354 687 3627 759 μέριμναν
3687 690 3833 760 πρὸς
3859 690 4016 743 τοῦτο

2426 778 2624 849 ἔχοιτε,
2659 780 2947 851 χαίρουσαι
2968 780 3052 833 ὅτι
3071 779 3313 833 τοιούτου
3337 779 3618 835 θεοσδότου
3648 780 3834 852 δώρου
3863 784 4015 850 ἡξιὼ-

2428 872 2577 942 θητε,
2603 870 2914 943 ἀξιώματος
2943 869 3354 941 ἀνυπερϐλήτου
3382 883 3400 899 ’
3455 871 3517 925 οὐ
3564 871 3712 940 λέγω
3769 876 3922 927 κατά
3953 874 4014 925 τὰ

2426 961 2745 1033 ἀνθρώπινα
2787 960 2940 1031 (σκιά
2972 961 3081 1031 γὰρ
3122 960 3299 1015 ταῦτα
3338 960 3433 1015 καὶ
3466 960 3743 1032 ὀνείρατα,
3789 964 3889 1015 καὶ
3945 964 4016 1031 τῷ

2425 1056 2654 1124 παρόντι
2708 1053 2863 1107 αίῶνι
2898 1052 3431 1124 συγκαταλυόμενα),
3475 1053 3610 1106 ἀλλά
3638 1058 3735 1106 καὶ
3764 1056 3918 1107 κατὰ
3954 1060 4014 1108 τὰ

2427 1146 2777 1215 πνευματικά
2807 1163 2822 1178 ·
2857 1146 3016 1215 εῐπερ
3048 1144 3318 1215 παρθενία
3366 1146 3461 1198 καὶ
3506 1144 3872 1214 ἀκτημοσύνη
3912 1146 4013 1197 τῶν

2430 1238 2702 1308 μεγίστων
2733 1235 2953 1307 δωρεῶν
2995 1234 3058 1289 τὸ
3094 1234 3409 1305 ὲξαίρετον;
3438 1237 3532 1289 καὶ
3564 1237 3613 1288 εί
3640 1235 4013 1305 ἀπληστεύονο

2423 1346 2512 1382 ται
2537 1330 2585 1381 oi
2611 1327 2754 1381 κατά
2784 1328 2990 1397 κόσμον
3014 1328 3306 1396 μετασχεῖν
3326 1326 3435 1379 τῶν
3461 1326 3708 1395 ματαίων
3730 1326 3831 1378 καὶ
3853 1327 4013 1379 dmi.

2424 1420 2697 1492 λυμένωνο
2734 1420 2789 1473 τί
2822 1420 2917 1475 καὶ
2964 1420 3128 1472 πόσον
3158 1421 3321 1490 ἡμεῖς
3371 1418 3662 1489 ὀφείλομεν
3693 1420 4009 1489 ἀκορέστιιρς

2424 1517 2567 1587 ἔχειν
2598 1517 2656 1569 ὲν
2683 1517 2795 1578 τοῖς
2842 1513 3147 1585 ἀμηρύτοις
3198 1514 3294 1567 καὶ
3330 1512 3715 1581 ἀνεκλαλήτοις
3750 1509 4004 1577 ἀγαθοῖξς

2424 1608 2554 1674 Ναὶ,
2614 1606 2936 1678 παρακαλῶ·
2997 1606 3105 1672 ναὶ,
3170 1604 3453 1671 ἀντιϐολῶ,
3492 1602 3923 1674 κατακτήσασθε
3950 1606 4010 1659 τὰ

2424 1700 2651 1769 οὐράνια
2671 1715 2685 1728 ’
2728 1697 2972 1767 γένοισθε
3002 1696 3138 1751 Θεοῦ
3170 1696 3496 1766 θυγατέρες,
3527 1695 3804 1766 βασιλίδες
3848 1696 4008 1766 οὐρα-

2426 1792 2727 1863 νοτίμητοι,
2745 1791 2988 1861 Χριστοῦ
3018 1789 3254 1861 νύμφαι,
3287 1787 3525 1859 Χριστοῦ
3554 1788 4008 1859 συγκληρονόμοι,

738 1882 965 1946 mundo,
1015 1898 1195 1937 sermo
1233 1894 1480 1947 sanctus,
1524 1885 1872 1938 conversatio
1909 1884 2067 1939 laude
2111 1884 2319 1955 digna:

2429 1883 2543 1951 φῶς
2580 1884 2638 1934 ἑν
2667 1882 2878 1952 κόσμῳ,
2902 1881 3118 1951 λάλημα
3140 1879 3316 1948 ἅγιον,
3339 1878 3639 1947 πολίτευμα
3669 1878 4008 1944 ἀξιέπαινον.

736 1984 795 2029 ιιι
824 1976 1067 2045 quidem,
1114 1976 1337 2030 domina
1382 1976 1607 2031 antistes
1654 1987 1707 2031 et
1758 1978 1818 2030 in
1862 1976 2082 2031 Christo
2131 1978 2326 2046 praesi-

735 2066 891 2127 dens,
922 2076 975 2121 et
1008 2083 1103 2122 vos
1125 2068 1338 2136 egregia
1374 2069 1623 2137 pignora,
1657 2068 1781 2123 tiliae
1811 2083 2065 2137 superna:
2090 2066 2322 2123 Jerusa-

735 2154 867 2220 lem,
898 2157 953 2209 In
984 2155 1205 2211 Christo
1234 2154 1365 2212 Jesu
1399 2157 1629 2213 Domino
1682 2168 1890 2223 nostro,
1921 2159 2008 2213 cui
2040 2157 2214 2228 gloria
2266 2158 2324 2212 in

734 2250 953 2305 secula.
982 2250 1177 2306 Amen.

909 2363 1146 2421 CXXIV.
1178 2396 1245 2409 —-
1268 2364 1567 2422 Catecltesis
1591 2366 1661 2423 ad
1683 2366 1971 2437 discipulos
1996 2384 2143 2424 suos.

2424 1974 2497 2027 Σύ
2528 1991 2588 2027 τε
2610 1976 2642 2044 ἡ
2671 1975 2836 2044 κυρία
2862 1971 3275 2043 καθηγουμένη,
3300 1971 3395 2025 καὶ
3418 1970 3477 2023 ἐν
3496 1968 3718 2039 Χριστῷ
3743 1971 4009 2039 ἄρχουσα,

2423 2065 2583 2135 ὑμεῖς
2612 2081 2671 2117 τε
2704 2066 2760 2117 αί
2802 2063 3143 2117 καλλίτεκνοι
3178 2061 3478 2131 θυγατέρες
3517 2059 3757 2129 ﬁgam
3809 2057 4009 2128 Ἰερου-

2424 2158 2627 2229 σαλὴμ,
2653 2160 2713 2211 ὲν
2748 2156 2974 2229 Χριστῷ
3012 2156 3189 2229 ’ἰησοῦ
3211 2156 3290 2228 τῷ
3319 2156 3512 2229 Κυρίῳ
3533 2152 3715 2225 ἡμῶν,
3740 2150 3789 2223 ᾧ
3825 2156 3862 2227 ἡ
3886 2153 4013 2219 δόξα

2421 2252 2502 2313 είς
2527 2250 2656 2312 τοὺς
2680 2250 2906 2313 αἰῶνας.
2957 2248 3152 2320 ’Δμήν.

2430 2361 2583 2417 ΡΚΔ⁹
2618 2362 2753 2433 (‘20).
2788 2392 2854 2403 —
2889 2361 3235 2431 Κατήχησις
3264 2361 3441 2433 ’πρὸς
3469 2359 3614 2428 τοὺς
3648 2359 3878 2417 ἑαυτοῦ
3900 2377 4013 2433 μαι

2995 2433 3199 2500 θητάς-
3262 2431 3444 2506 [χιε]

1692 2542 1879 2595 Horum
1904 2545 2255 2597 contentiones
2273 2546 2407 2598 inter
2428 2559 2506 2607 se,
2526 2552 2582 2597 et
2598 2548 2821 2609 quedam
2844 2545 2939 2597 alia
2960 2546 3185 2611 castigat.

809 2659 1203 2714 Catechesihus
1232 2674 1335 2731 ego
1372 2659 1601 2716 humilis
1628 2675 1851 2730 Operam
1880 2662 1973 2724 do,
2005 2677 2112 2716 non
2138 2672 2325 2717 osten-

741 2750 960 2804 tationis
987 2751 1191 2815 studio,
1228 2767 1409 2820 neque
1442 2767 1509 2807 ex
1560 2753 1798 2807 absurda
1831 2754 2032 2807 mentis
2066 2754 2319 2822 elatione,

740 2845 834 2899 sed
865 2859 932 2898 ex
972 2858 1118 2898 metu
1160 2860 1225 2900 ac
1268 2856 1526 2911 tremore,
1584 2860 1652 2900 ex
1688 2846 1856 2900 corde
1914 2848 2079 2902 anxio
2113 2858 2167 2902 et
2197 2849 2325 2904 cha-

738 2938 923 3003 ritate,
950 2936 1148 2992 fratres
1182 2947 1496 3009 patresque.
1528 2937 1784 2996 Amantis
1813 2939 2082 3011 siquidem
2107 2943 2322 3012 signum

2504 2639 2707 2731 ’Ἔργον
2752 2660 2865 2727 ἐγὼ
2896 2661 2925 2713 ό
2958 2658 3209 2721 ταπεινὸς
3240 2655 3548 2728 ἐργάζομαι
3598 2657 3657 2712 ὲν
3712 2659 3838 2722 ταῖς
3886 2675 4014 2711 κατ-

2429 2756 2714 2825 ηχήσεοιν,
2755 2756 2857 2809 οὐκ
2879 2756 2937 2823 ἐξ
2968 2752 3401 2825 ἐπιτηδεύματος
3433 2752 3839 2824 φανητιασμοῦ,
3893 2752 4013 2805 οὐδὲ

2425 2846 2534 2898 ἀπὸ
2568 2846 2954 2917 συνεπάρσεως
2981 2844 3219 2909 διανοίας
3252 2844 3569 2899 ἀλλοκότων
3609 2846 3727 2899 ἀλλ’
3753 2848 3821 2897 ὲκ
3845 2844 4011 2913 φόϐου

2426 2938 2521 2991 καὶ
2546 2939 2777 3009 τρόμου,
2814 2938 2873 3003 ἐξ
2901 2938 3162 2991 ἐπιπόνου
3201 2940 3431 3009 καρδίας
3462 2940 3559 2992 καὶ
3583 2938 3830 3009 ἀγάπης,
3862 2938 4015 2993 ἀδελ-

736 3043 818 3086 est
856 3032 1089 3087 sollicite
1116 3032 1334 3087 docere.
1378 3031 1573 3099 Argue,
1621 3032 1821 3102 inquit,
1867 3034 2101 3101 increpa,
2133 3049 2325 3102 oppor—

2429 3030 2522 3097 φοὶ
2572 3032 2664 3084 καὶ
2697 3028 2960 3099 Ιῐατέρες.
2990 3028 3163 3099 Εἴπερ
3192 3029 3515 3097 ἀγαπῶντος
3548 3029 3749 3099 δεῖγμα
3777 3030 3841 3083 τὸ
3887 3032 4012 3083 ἑπι-

740 3135 883 3191 tune,
934 3127 1317 3192 importune".
1360 3125 1439 3179 Ad
1500 3126 1635 3191 haec,
1686 3126 1925 3188 hortare,
1976 3127 2223 3191 instrue,
2271 3136 2326 3183 et

736 3234 1078 3290 quaecunque
1130 3218 1232 3271 alia
1292 3217 1455 3273 habet
1513 3218 1597 3272 lex
1648 3216 1741 3273 Dei
1795 3234 1859 3274 ac
1886 3220 2152 3289 praecipit.
2184 3219 2327 3288 Quid

737 3326 869 3381 ergo
897 3310 1205 3377 significare
1234 3309 1488 3363 volumus
1521 3308 1607 3362 his
1636 3308 1861 3364 verbis?
1892 3310 1966 3365 De
1997 3313 2325 3381 petulantia;

736 3403 885 3474 quod
953 3401 1021 3457 ad
1080 3402 1443 3472 psalmodiam
1476 3418 1504 3456 a
1538 3402 1641 3473 piis
1699 3411 1753 3457 et
1803 3403 2075 3473 religiosis
2126 3406 2324 3471 vocati,

738 3512 849 3550 non
880 3494 1023 3550 sicut
1067 3496 1222 3550 decet
1251 3493 1557 3549 convenitis
1602 3505 1657 3549 et
1683 3502 1894 3550 noctem
1939 3496 2138 3552 ducitis
2177 3514 2192 3551 :
2230 3496 2327 3551 sed

736 3589 793 3643 in
843 3590 1133 3642 verborum
1180 3586 1651 3653 contentionibus,
1698 3588 2002 3658 primisque
2035 3589 2316 3643 consessi-

736 3682 862 3736 bus.
894 3680 1220 3749 Auticipasti
1248 3689 1329 3747 tu,
1380 3681 1579 3751 inquit,
1607 3690 1662 3735 et
1691 3696 1777 3735 me
1817 3695 1925 3734 non
1974 3680 2328 3749 exspectasti.

739 3776 1024 3847 Propriam
1076 3792 1290 3833 coenam
1321 3776 1628 3846 sumpsisti,
1671 3786 1725 3831 et
1760 3791 1846 3831 me
1879 3790 1987 3830 non
2020 3775 2325 3831 advocasti.

738 3868 853 3940 Ego
891 3868 1120 3924 chorum
1154 3868 1501 3935 moderabor,
1534 3876 1588 3922 et
1626 3882 1735 3923 non
1791 3877 1870 3931 tu,
1905 3866 2104 3931 inquit.
2150 3868 2329 3939 Atque

737 3961 857 4016 haec
883 3961 935 4014 in
993 3958 1239 4015 Ecclesia
1272 3976 1287 4014 :
1320 3967 1483 4028 atque
1531 3958 1648 4012 haec
1702 3956 2055 4012 audientibus
2098 3956 2205 4013 illis
2232 3956 2330 4027 qui

739 4055 1045 4111 invitarunt
1081 4071 1097 4108 :
1145 4067 1213 4107 ex
1252 4052 1453 4123 quibus
1482 4051 1560 4105 ira
1594 4049 1819 4121 quidem
1849 4050 2033 4105 divina
2075 4050 2331 4106 invisibi-

738 4134 832 4211 lis,
858 4145 1013 4201 dolor
1048 4160 1175 4199 vero
1213 4154 1267 4199 et
1319 4142 1549 4199 offensio
1591 4152 1781 4213 aperta
1828 4141 2202 4197 invitantium.
2246 4141 2332 4197 An

739 4248 1059 4312 potestatem
1113 4253 1223 4292 non
1273 4237 1511 4302 habetis,
1549 4235 1596 4292 si
1634 4236 1767 4307 quid
1808 4236 2072 4292 molestia:
2099 4234 2332 4301 incidat,

739 4332 994 4403 privatim
1026 4330 1322 4387 accusandi
1370 4339 1587 4395 mutuo,
1618 4339 1673 4383 et
1701 4344 1826 4400 quae
1870 4339 2169 4389 occurrunt
2200 4344 2335 4384 con-

2432 3118 2609 3189 μελῶς
2659 3112 2957 3173 παιδεύείν.
3016 3119 3333 3187 Ἐλεγ-ξον,
3382 3121 3568 3191 φησιν,
3626 3119 4012 3190 ἐπιτίμησον,

2426 3212 2740 3277 εὐκαίρως,
2775 3211 3056 3279 ἀκαίρως.
3097 3212 3252 3265 Ἐπεὶ
3303 3213 3399 3265 καὶ
3452 3212 3861 3284 παρακάλεσον.
3896 3231 4016 3269 von.

2429 3300 2674 3370 θέτησον,
2726 3302 2827 3354 ὅσα
2867 3301 3003 3355 ἄλλα
3051 3303 3080 3356 ό
3110 3302 3205 3357 τοῦ
3237 3301 3375 3356 Θεοῦ
3400 3304 3562 3374 νόμος
3612 3303 3726 3373 εχει
3766 3307 3867 3357 καὶ
3901 3305 4015 3357 δια-

2430 3393 2731 3448 κελεύεται.
2764 3395 2832 3447 Τί
2866 3395 2931 3467 δὴ
2957 3392 3051 3450 οὖν
3079 3396 3328 3467 βούλεταί
3370 3400 3514 3469 μοιό
3539 3398 3693 3467 λόγος
3735 3399 4016 3468 ὑποδηλῶ-

2432 3501 2523 3538 σαι
2548 3502 2563 3549 ;
2589 3485 2724 3557 Περὶ
2756 3486 3005 3553 ἀταξίας·
3036 3488 3120 3541 ὅτι
3145 3488 3615 3559 προσκαλούμενοι
3642 3489 3748 3541 ὑπὸ
3776 3490 4015 3542 εὐσεὸῶν

2429 3578 2509 3641 είς
2543 3576 2880 3647 ψαλμῳδίας,
2921 3579 2985 3633 οὒ
3019 3578 3161 3632 κατά
3185 3579 3246 3632 τὸ
3274 3579 3561 3650 πρεπῶδες
3595 3580 4014 3651 συναθροίζεσθε

2431 3672 2527 3724 καὶ
2556 3673 2915 3743 παννυχίζετε
2937 3714 2952 3739 ,
2982 3673 3095 3726 ἀλλ’
3158 3675 3217 3726 ὲν
3268 3673 3625 3746 λογομαχίαις
3662 3677 3761 3729 καὶ
3799 3693 4015 3747 πρωτοο

2433 3767 2689 3830 κλισίαις.
2716 3765 3033 3837 Προῦλαϐες
3060 3768 3149 3832 σὺ,
3179 3768 3338 3839 φησὶ,
3379 3769 3522 3841 κάμὲ
3551 3770 3653 3823 οὐκ
3700 3768 4014 3838 ἀνέμειναε.

2432 3859 2507 3912 Τδ
2558 3859 2687 3912 ῐδιον
2733 3859 2950 3913 δεῖπνον
3011 3858 3237 3929 ἔφαγες,
3298 3860 3442 3931 κάμὲ
3504 3860 3567 3914 οὐ
3626 3862 4013 3922 συνεκάλεσας.

2445 3948 2587 4019 Ἐγὼ
2618 3952 3113 4023 κανοναρχήσαιμι,
3146 3951 3263 4006 ἀλλ’
3300 3951 3363 4006 οὐ
3392 3952 3480 4018 σὺ,
3509 3953 3665 4025 φησί.
3695 3953 3811 4006 Καὶ
3845 3951 4016 4007 ταῦτα

2434 4040 2493 4093 ὲν
2534 4040 2821 4114 ἐκκλησίᾳσ
2863 4042 2957 4096 καὶ
2980 4042 3152 4096 ταῦτα
3180 4043 3488 4097 ἀκουόντων
3511 4044 3620 4097 τῶν
3646 4044 4010 4114 κεκληκότων·

2434 4132 2519 4203 ἐφ’
2547 4129 2628 4197 οἷς
2654 4133 2792 4207 ὀργὴ
2824 4135 2925 4205 μὲν
2952 4134 3089 4188 Θεοῦ
3116 4136 3363 4208 ἀοράτως
3390 4152 3405 4167 ·
3450 4136 3595 4207 λύπη
3632 4136 3689 4190 δὲ
3719 4140 3813 4190 καὶ
3845 4135 4013 4207 βλάϐη

2436 4225 2844 4298 ὁμολογουμένη
2876 4226 2987 4280 τῶν
3016 4226 3385 4298 κεκληκότων.
3418 4227 3510 4299 Μὴ
3541 4228 3651 4298 γάρ
3704 4228 3894 4299 χώραν
3920 4230 4014 4283 οὐκ

2439 4317 2621 4389 ἔχητε,
2656 4320 2705 4371 εί
2743 4318 2837 4372 καί
2866 4336 2919 4372 τι
2950 4319 3158 4387 γίνοιτο
3181 4317 3485 4383 θλιπτικὸν,
3517 4320 3597 4382 είς
3618 4317 3681 4371 τὸ
3715 4318 3827 4389 ἰδία
3859 4320 4015 4388 ἐγκα-

740 4422 961 4478 ciliandi
986 4436 1081 4491 per
1143 4420 1573 4476 satisfactionem
1623 4427 1679 4474 et
1725 4434 2024 4489 congruam
2061 4420 2326 4474 humilita-

2443 4409 2557 4462 λείν
2577 4408 2848 4481 ἀλλήλοις,
2880 4410 2974 4463 καὶ
2997 4409 3068 4463 τά
3094 4409 3481 4479 συμπίπτοντα
3520 4410 3925 4465 καταλλάσσειν
3954 4412 4013 4465 δι’

740 4515 887 4570 tem?
946 4514 1048 4567 Sed
1107 4511 1279 4567 frater
1340 4529 1464 4569 cum
1495 4513 1664 4568 fratre
1714 4513 2021 4575 contendit,
2051 4513 2331 4580 irascitur,

742 4608 940 4679 injuria
969 4606 1154 4672 allicit,
1181 4606 1496 4662 indecenter
1516 4622 1577 4662 se
1606 4606 1744 4677 gerit
1770 4606 1823 4660 in
1849 4606 2025 4663 oculis
2052 4606 2328 4661 omnium.

743 4700 787 4756 0
838 4698 1237 4772 petulantiam?
1270 4713 1305 4753 ο
1350 4698 1594 4753 alienum
1644 4712 1675 4753 α
1714 4697 2001 4753 monachis
2044 4706 2336 4769 spectacu-

741 4792 855 4847 lum
890 4791 904 4846 l
933 4806 968 4847 ο
997 4791 1307 4847 divinarum
1334 4787 1515 4860 legum
1543 4788 1953 4860 contemptum!

817 4966 1023 5022 Deinde
1078 4982 1243 5022 causa
1287 4967 1582 5038 praeposito
1622 4966 1962 5022 attribuitur.
2010 4965 2194 5034 Talis,
2244 4966 2331 5021 in-

2437 4500 2735 4570 ἀπολογίας
2762 4502 2857 4554 καὶ
2884 4500 2984 4571 τῆς
3004 4500 3235 4572 δεούσης
3258 4501 3678 4570 ταπεινώσεως;
3710 4502 3855 4556 Ἀλλ’
3871 4502 4018 4557 ἀδελ-

2439 4592 2538 4662 φὸς
2572 4591 2691 4662 μετ’
2719 4591 2947 4661 ἀδελφοῦ
2978 4593 3235 4663 μάχεται,
3265 4593 3565 4664 ὀργίζεται,
3585 4593 3819 4665 ὑϐρίζει,
3843 4596 4016 4666 ἀσχη-

2440 4684 2612 4755 μονεῖ,
2660 4684 2755 4737 ἐπὶ
2792 4682 3085 4755 προσώπου
3124 4686 3365 4740 πάντων.
3400 4687 3465 4741 Ὠ
3509 4685 3610 4757 τῆς
3652 4686 3926 4755 ἀταξίαςι
3974 4686 4017 4741 ὦ

2435 4775 2535 4845 τῆς
2583 4774 2859 4846 ἀμονάχου
2897 4774 3165 4849 θεωρίαςι
3198 4776 3244 4830 ὣ
3272 4776 3374 4848 τῆς
3422 4777 3889 4849 καταφρονήσεως
3913 4780 4015 4833 τῶν

2441 4866 2605 4921 θείων
2633 4867 2815 4938 νόμων
2839 4870 2853 4923 l

2512 4954 2645 5013 Εἶτα
2690 4959 2724 5030 ἡ
2767 4958 2914 5013 αἰτία
2955 4958 3049 5015 ἐπὶ
3098 4960 3191 5014 τὸν
3249 4959 3686 5031 καθηγούμενον.
3740 4960 4007 5021 Τοιοῦτον,

744 5059 965 5129 quiunt,
1016 5055 1263 5127 magistri
1296 5057 1432 5113 tales
1477 5066 1533 5112 et
1559 5056 1833 5126 discipuli.
1866 5056 2066 5109 Annon
2100 5069 2326 5109 exosum

2442 5052 2598 5122 φησὶ,
2630 5050 2950 5105 διδασκάλου
2980 5052 3289 5123 τηλικοῦτοι
3320 5053 3417 5107 καὶ
3457 5052 3718 5125 μαθηταί.
3742 5043 3875 5123 'Ap‘
3908 5052 4007 5114 οὖλέ

746 5165 834 5204 me
863 5149 930 5203 iis
976 5150 1141 5203 etiam
1178 5148 1274 5219 qui
1314 5149 1367 5206 in
1401 5150 1535 5203 urbe
1564 5158 1694 5202 sunt
1736 5145 2091 5201 reddidistis?
2126 5146 2326 5201 Annon

2445 5142 2673 5213 μισητόν
2702 5159 2769 5213 με
2800 5143 3139 5214 πεποιήκατε
3169 5144 3265 5197 καὶ
3302 5147 3412 5208 τοῖς
3438 5146 3497 5198 ἐν
3527 5145 3681 5198 ἄστει
3707 5162 3723 5210 ;
3748 5140 3878 5215 'Ap’
3908 5143 4009 5212 οὐχι

746 5240 1073 5310 praclarum
1141 5254 1381 5302 nomen,
1434 5238 1579 5308 quod
1629 5238 1682 5291 in
1744 5244 1933 5291 sancta
1989 5234 2326 5291 fraternitate

2439 5235 2501 5288 τὸ
2531 5234 2695 5287 καλὸν
2721 5234 2893 5305 ὄνομα
2913 5234 2975 5288 τὸ
3002 5235 3300 5307 ἐπικληθὲν
3326 5238 3422 5291 ἐπὶ
3449 5240 3516 5308 τῇ
3548 5237 3670 5307 eat;
3699 5234 4015 5304 ἀδελφότητι

747 5342 935 5387 nostra
973 5332 1307 5388 celebratum
1335 5331 1457 5397 fuit,
1491 5331 1546 5387 in
1583 5332 1922 5386 contrarium
1953 5330 2326 5385 convertitur?

2442 5326 2622 5397 ἡμῶν,
2662 5326 2741 5391 είς
2779 5326 3091 5381 τούναντίον
3140 5330 3575 5401 περιτρέπεταις
3636 5326 3895 5397 Μάχεσθε
3933 5326 4017 5381 καὶ

751 5424 1015 5495 Pugnatis
1058 5435 1113 5481 et
1146 5424 1481 5498 belligeratis
1510 5442 1525 5479 :
1580 5422 1869 5482 comeditis
1902 5431 1958 5481 et
1987 5422 2194 5491 bibitis,
2226 5437 2326 5477 non

2443 5418 2730 5490 πολεμεῖτε
2759 5435 2771 5449 ·
2826 5418 3069 5492 τρώγετε
3112 5427 3209 5478 καὶ
3251 5421 3434 5476 πίνετε
3458 5437 3473 5453 ·
3504 5421 3606 5476 οὐκ
3631 5420 3898 5488 εὐλαδῶς,
3929 5417 4017 5487 οὐχ

843 5540 889 5571 ⁸⁸
920 5537 965 5593 ll
1009 5536 1153 5594 Tim.
1184 5553 1261 5604 tv,
1299 5537 1355 5592 2.

2273 5710 2502 5767 ΝΟΤΔΕ.

834 5832 946 5902 (20)
972 5831 1031 5889 In
1071 5831 1192 5888 cod.
1223 5830 1357 5900 Reg.
1411 5827 1553 5901 ρλς’.
