4156 6536
218 475 363 541 1405

1410 483 1942 547 EPISTOLARUM
1983 486 2128 545 LIB.
2171 486 2254 547 II.

3338 477 3473 542 ιιοδ

214 591 460 663 ἡσύχως,
497 589 614 646 ἀλλ’
637 589 891 662 ὰσέμνως
914 633 931 660 ,
976 594 1094 649 ἀλλ’
1122 597 1432 670 ἀμονάχως.
1487 602 1625 656 Είτε
1678 597 1792 657 οὖν

1915 611 2208 657 'everenter
2256 609 2310 656 et
2378 600 2622 669 pacillce,
2660 595 2754 653 sed
2789 596 3096 659 inhoneste,
3158 595 3253 649 sed
3283 604 3477 650 contra

214 682 471 746 ἐσθίετε,
524 683 646 737 εἶτε
698 686 924 750 πίνετε,
965 687 1086 741 ειτε
1139 691 1202 742 τι
1256 691 1497 755 ποιεῖτε,
1547 694 1714 763 φησὶν
1764 696 1793 748 6

226 770 574 838 Ἀπόστολος,
604 772 804 826 πάντα
825 775 916 840 είς
942 775 1131 840 δόξαν
1159 779 1308 833 Θεοῦ
1340 781 1580 834 ποιεῖτε.
1606 782 1795 852 Ὑμεῖς

216 861 277 914 δὲ
311 863 406 933 οὐχ
440 863 633 931 οὕτως,
666 865 763 918 καὶ
793 867 1182 937 καταισχύνετε
1234 869 1295 923 τὸ
1355 871 1509 940 ἅγιον
1568 874 1754 944 σχῆμα
1774 888 1792 906 θ

218 953 603 1019 σκανδαλίζετε
647 958 773 1019 τοὺς
795 958 1065 1026 εὐλαϐεῖς,
1122 961 1324 1030 μᾶλλον
1361 961 1419 1015 δὲ
1447 964 1544 1017 καὶ
1571 965 1798 1018 ἁνευλα-

217 1043 356 1103 ὁεῖς.
433 1044 558 1097 Εἴθε
633 1047 864 1115 ἠκούετο
932 1052 1062 1122 περὶ
1119 1051 1238 1117 ἑνὸς
1316 1054 1548 1128 ἐκάστιλυ
1617 1057 1794 1126 ὑμῶν.

231 1135 448 1190 Ὀποίον
471 1137 695 1203 εὐλαϐὲς
715 1140 1006 1210 πρόσωπον
1036 1143 1190 1214 φέρει
1213 1147 1241 1199 6
1258 1145 1438 1200 δεῖναί
1468 1148 1582 1201 Οὐὰ
1607 1148 1796 1219 ἡλίκον

217 1227 282 1280 τὸ
340 1230 612 1317 σιωπηλὸν
670 1231 767 1284 τοῦ
811 1231 991 1288 δείναί
1053 1231 1183 1303 εὖγε
1240 1237 1302 1290 τὸ
1350 1239 1799 1311 ἀπαρρησίαστον

220 1319 456 1372 ἐκείνου·
489 1320 583 1373 τοῦ
621 1321 678 1374 δὲ
713 1323 774 1375 τὸ
804 1325 1083 1378 τακτικόνο
1123 1325 1287 1380 ἄλλου
1313 1327 1375 1380 τὸ
1408 1329 1797 1397 σεμνόψαλτονσ

220 1410 416 1482 ἐτέρου
455 1413 514 1465 τὸ
562 1414 968 1486 εύαπάντητονι
1021 1417 1210 1472 Ταῦτα
1261 1420 1356 1474 καὶ
1403 1421 1529 1484 τοὺς
1576 1421 1802 1492 ἔχοντας

225 1505 501 1569 καλλύνει,
551 1508 645 1560 καὶ
670 1510 796 1571 τοὺς
831 1509 1170 1581 Θεωροῦντας
1201 1512 1432 1583 ὀνίνησι,
1456 1514 1549 1566 τόν
1577 1531 1637 1567 τε
1666 1514 1800 1568 Θεδν

223 1596 528 1666 εὐφραίνει,
568 1601 712 1670 κάμὲ
762 1600 852 1654 τὸν
912 1603 1236 1672 ἁμαρτωλὸν
1284 1605 1558 1675 σεμνύνει.
1597 1605 1713 1659 Νῦν
1744 1607 1802 1660 δὲ

225 1687 372 1738 κατὰ
401 1688 498 1750 τὰς
537 1690 811 1761 ἁμαρτίας
847 1709 949 1762 μου
982 1694 1336 1764 ἀντίστροφα.
1365 1697 1474 1751 Καὶ
1502 1696 1562 1750 οὐ
1585 1697 1802 1751 πάντων

227 1776 598 1848 καθάπτομαι·
640 1783 763 1835 ἐπεὶ
802 1784 987 1838 πολλοὶ
1020 1785 1202 1856 χάριτι
1229 1786 1385 1854 Θεοῦ,
1408 1789 1551 1850 οἵους
1584 1791 1738 1861 ζητεί
1773 1790 1802 1842 6

226 1867 407 1934 λόγος·
439 1869 553 1922 ἀλλ’
582 1870 806 1926 ἐκείνων
830 1872 938 1926 τῶν
988 1876 1174 1945 ἐνισχη
1185 1875 1362 1944 μένων
1390 1880 1457 1948 τῇ
1480 1878 1800 1950 ἀπροσεξίᾳ.

228 1960 542 2030 Παρακαλῶ
597 1960 690 2016 οὖν
746 1967 910 2033 ὑμᾶς,
953 1967 1155 2036 μᾶλλον
1182 1968 1237 2021 δὲ
1265 1969 1604 2040 ἐντέλλομαι,
1637 1971 1803 2026 ἀλλά-

227 2049 359 2115 Εατε
382 2053 448 2104 τὰ
472 2054 684 2123 πονηρὰ
711 2055 815 2124 ήθη
847 2056 941 2110 καὶ
969 2056 1087 2127 ἔθη,
1121 2059 1248 2121 τοὺς
1279 2060 1518 2130 τρόπους
1558 2061 1652 2114 καὶ
1677 2064 1806 2126 τοὺς

229 2140 444 2211 λόγους·
470 2146 536 2196 τὰ
566 2147 823 2214 σχήματα
850 2148 944 2199 καὶ
972 2147 1040 2200 τὰ
1070 2151 1332 2218 στόματα.
1360 2151 1515 2204 Ἐπεὶ
1535 2152 1618 2216 τίς
1646 2153 1805 2222 χρεία

228 2234 354 2287 ἀντὶ
384 2235 588 2304 ἀγαθοῦ
621 2237 885 2308 πονηρίαν
938 2239 1310 2294 ὑποδεικνύειν
1357 2244 1470 2304 τοῖς
1522 2241 1802 2313 κλήτορσι,

227 2325 364 2379 Θεόν
405 2343 465 2378 τε
509 2327 718 2393 λυπεῖν,
769 2329 916 2398 κάμὲ
953 2331 1045 2386 τὸν
1098 2332 1330 2388 ἐλεεινὸν
1385 2336 1802 2406 καταισχύνειν;

243 2419 680 2492 Ἀκουσθήσομαι
708 2463 723 2489 ,
780 2423 998 2494 ἀδελφοί
1065 2442 1166 2495 μου
1194 2467 1209 2490 ,
1247 2427 1370 2480 ἐπεὶ
1436 2428 1618 2499 βοήσω
1668 2429 1806 2500 πρὸς

229 2510 437 2582 Κύριον
472 2514 500 2565 6
551 2514 789 2579 ἀνάξιος.
830 2517 1062 2570 Ἔπειτα
1118 2519 1211 2572 καὶ⁵
1260 2519 1645 2589 διαστελοῢμαι
1699 2521 1806 2574 ἀπὸ

229 2602 327 2654 τοῦ
362 2602 740 2669 ἀπειθοῦντος.
779 2606 989 2670 Ἀπλῶς
1033 2608 1089 2660 δὲ
1143 2609 1286 2677 λέγω
1325 2610 1485 2680 τυχὸν
1517 2611 1611 2664 καὶ
1653 2611 1806 2664 ἀδια-

231 2695 416 2763 φόρως
447 2697 686 2768 φέρομαι
714 2715 728 2730 ο
783 2699 858 2770 μὴ
910 2699 1234 2754 διαστέλλων
1257 2700 1346 2754 τὸν
1371 2703 1518 2755 ὅσιον
1565 2701 1673 2756 ἀπὸ
1710 2699 1805 2754 τοῦ

230 2790 469 2845 ἀνοσίου.
515 2790 706 2861 ’Υμεῖς
761 2795 893 2848 Θεὸν
943 2797 1003 2848 οὺ
1057 2795 1342 2863 φοϐεῖσθε;
1401 2797 1536 2866 Οὐχὶ
1591 2797 1648 2849 δέ
1679 2797 1808 2867 περὶ

229 2881 403 2951 ἀργοῦ
459 2885 704 2955 ῥήματος
765 2885 1010 2956 δώσομεν
1064 2888 1257 2956 λόγον;
1326 2889 1388 2942 '0
1441 2888 1587 2954 Θεὸς
1638 2886 1808 2956 ἡμῶν

232 2974 355 3040 πῦρ
395 2978 870 3043 καταναλίσκον,
927 2979 1168 3048 ἀδελφοί.
1233 2983 1330 3034 “Ov
1382 2981 1733 3051 φοϐηθῶμεν,
1764 2977 1809 3048 ᾧ

233 3064 344 3117 ἀπὸ
393 3065 486 3119 τοῦ
548 3067 709 3138 δευρο
758 3069 1132 3140 δουλεύσωμεν
1195 3072 1400 3135 όσίως’
1458 3073 1546 3126 ἵνα
1609 3073 1809 3136 κακίας

235 3155 454 3227 ἁπάσης
504 3158 668 3231 μέχρι
708 3162 804 3214 καὶ
858 3162 1182 3233 ἀργολογίας
1207 3164 1555 3233 ἀπεχόμενοι,
1608 3166 1809 3234 ἀρετῆς

231 3247 295 3300 δὲ
347 3250 593 3320 ἐχόμενοι
628 3292 642 3316 ,
714 3254 1042 3324 κληρονόμοι
1102 3255 1398 3324 γενοίμεθα
1464 3255 1610 3327 ζωῆς
1665 3259 1810 3310 αἰω-

233 3340 371 3393 νίου·
406 3343 668 3411 φυγόντες
691 3345 758 3399 τὰ
781 3345 1120 3416 ἠπειλημένα
1143 3348 1475 3420 κολαστήρια
1501 3351 1612 3413 τοῖς
1642 3367 1812 3404 κατα·

237 3436 535 3505 φρονηταῖς
567 3475 582 3499 ,
623 3438 680 3489 ἐν
720 3437 944 3508 Χριστῷ
987 3438 1160 3510 Ἰησοῦ
1210 3439 1289 3510 τῷ
1333 3440 1525 3512 Κυρίῳ
1565 3442 1744 3513 ήμῶν,
1770 3435 1815 3510 ᾧ

237 3528 274 3595 ἡ
308 3526 436 3592 δόξα
485 3529 578 3581 καὶ
610 3531 671 3582 τὸ
720 3531 922 3600 κράτος
974 3533 1069 3586 σὺν
1102 3531 1182 3602 τῷ
1219 3533 1395 3604 Πατρὶ
1442 3534 1641 3604 καὶτῷ
1671 3535 1816 3605 ἁγίῳ

239 3617 540 3688 Πνεύματι,
597 3618 692 3672 νῦν
739 3621 835 3674 καὶ
880 3621 989 3684 ἀεὶ,
1020 3622 1115 3675 καὶ
1165 3624 1247 3686 εἰς
1293 3624 1422 3686 τοὺς
1469 3623 1672 3690 αἰῶνας
1709 3626 1818 3681 τῶν

238 3713 474 3768 αἰώνων.
504 3715 695 3784 Ἀμήν.

351 3831 504 3888 ΡΚΕ⁹
539 3834 675 3906 (21).
715 3865 786 3877 -
834 3835 1198 3904 Κανονικαῖς
1244 3840 1573 3908 πριγκίπου
1632 3837 1817 3911 [χξθ’.]

1897 709 2102 747 morem
2139 692 2552 747 monasticum:
2607 677 2728 746 Sive
2787 705 2913 757 ergo
2951 687 3312 750 manducetis,
3373 689 3480 743 sive

1898 786 2100 850 bibitis,
2136 786 2241 838 sive
2270 783 2397 854 quid
2421 783 2570 836 aliud
2594 783 2793 852 facitis,
2821 782 2896 835 ait
2943 779 3259 849 Apostolus,
3297 781 3479 832 omnia

1895 878 1952 930 in
1976 877 2199 947 gloriam
2229 875 2325 929 Dei
2349 876 2510 945 facite
2526 875 2592 928 ⁸⁷.
2618 874 2728 928 Vos
2755 888 2885 926 vero
2935 887 3042 925 non
3085 871 3163 925 sie
3192 888 3206 923 τ
3240 879 3294 924 et
3325 870 3484 940 igno-

1897 970 2067 1023 minia
2097 968 2310 1023 allicitis
2343 984 2558 1023 Sacrum
2611 967 2854 1020 habitum
2901 981 2915 1017 :
2946 962 3276 1018 verecundis
3312 962 3486 1016 offen-

1897 1061 2079 1116 diculo
2129 1062 2280 1125 estis,
2347 1061 2454 1114 imo
2484 1059 2666 1128 potius
2710 1055 3120 1112 inverecundis.
3162 1052 3384 1108 Utinam
3419 1054 3487 1108 de

1902 1168 2233 1222 unoquoque
2264 1162 2511 1240 vestrum
2539 1151 2795 1204 audiatur
2824 1166 2838 1202 ι
2873 1148 3148 1214 Quantam
3194 1146 3344 1200 vultu
3371 1160 3488 1198 mo-

1900 1245 2129 1300 destiam
2166 1244 2386 1315 praefert
2423 1238 2542 1298 ille!
2593 1241 2638 1298 Ο
2668 1251 2935 1312 quantum
2999 1239 3200 1294 silentii
3246 1238 3486 1292 studium

1900 1347 1984 1392 est
2016 1337 2126 1390 illi!
2164 1350 2370 1405 quanta
2426 1334 2693 1389 modestia
2742 1343 2827 1387 est
2863 1332 3046 1399 istius,
3099 1329 3311 1384 ordinis
3355 1342 3491 1380 cura

1903 1428 1958 1482 in
1993 1429 2116 1495 hoc,
2166 1427 2220 1482 in
2253 1427 2361 1481 alio
2413 1426 2652 1496 gravitas
2699 1433 2915 1484 cantus,
2959 1423 3012 1477 in
3063 1423 3173 1476 alio
3217 1419 3487 1474 comitas!

1905 1517 2030 1574 Hac
2084 1526 2138 1572 et
2190 1518 2312 1571 illos
2356 1517 2448 1583 qui
2494 1516 2579 1570 his
2617 1515 2829 1584 praediti
2886 1521 3013 1567 sunt
3041 1517 3260 1572 ornant,
3285 1518 3340 1562 et
3367 1523 3493 1577 spe-

1906 1618 2114 1666 ctantes
2141 1609 2358 1678 juvant.
2402 1607 2681 1674 Deumque
2724 1605 3052 1663 exhilarant,
3085 1611 3140 1655 et
3180 1615 3265 1653 me
3300 1614 3495 1665 pecca-

1906 1710 2078 1756 torem
2129 1701 2443 1755 honestant.
2474 1698 2629 1752 Nunc
2681 1712 2831 1762 vero,
2880 1694 3028 1765 quod
3062 1692 3301 1763 peccatis
3354 1691 3494 1744 meis

1909 1794 2157 1857 debetur,
2199 1794 2382 1848 omnia
2437 1790 2739 1846 contraria.
2789 1786 2902 1842 Nec
2933 1798 3119 1841 tamen
3153 1798 3345 1838 omnes
3367 1797 3496 1851 per-

1908 1887 2114 1956 stringo
2155 1903 2169 1940 :
2231 1885 2356 1954 quia
2397 1899 2494 1954 per
2524 1882 2617 1936 Dei
2659 1880 2888 1952 gratiam
2931 1878 3087 1932 multi
3132 1884 3262 1930 sunt
3303 1874 3494 1943 quales

1836 1965 1878 2018 B
1905 1981 2071 2050 exigit
2100 1979 2241 2034 ratio
2266 1998 2280 2033 :
2311 1978 2404 2034 sed
2427 1979 2550 2032 illos
2572 1977 2664 2046 qui
2695 1974 3023 2046 negligentia
3049 1968 3311 2038 implicati
3338 1975 3492 2023 sunt.

1908 2073 2107 2128 Hortor
2138 2087 2268 2141 ergo
2295 2086 2409 2133 vos,
2443 2079 2540 2124 aut
2564 2069 2750 2138 potius
2775 2064 3033 2135 praecipio
3073 2080 3086 2117 :
3125 2070 3330 2116 mutate
3364 2074 3492 2126 per-

1905 2177 2096 2218 versos
2151 2176 2330 2216 mores
2362 2168 2416 2213 et
2446 2154 2891 2217 consuetudines,
2939 2151 3159 2205 modum
3201 2145 3394 2216 agendi
3441 2152 3494 2196 et

1906 2254 2183 2325 loquendi,
2216 2261 2402 2322 gestus
2441 2258 2604 2317 atque
2635 2247 2750 2300 oris
2784 2245 3059 2299 habitum.
3100 2239 3313 2294 Etenim
3362 2233 3495 2304 quid

1902 2349 2056 2418 juvat
2115 2345 2239 2400 boni
2292 2344 2415 2398 loco
2469 2340 2737 2396 malitiam
2781 2336 3074 2392 ostendere
3119 2328 3494 2390 vocatoribus,

1907 2440 2188 2508 Deumque
2241 2437 2588 2499 contristare,
2620 2441 2675 2487 et
2707 2447 2793 2484 me
2820 2429 3083 2484 miserum
3118 2424 3327 2494 pudore
3369 2421 3493 2475 alli—

1906 2531 2372 2596 cere?Exaudiar,
2407 2529 2607 2583 fratres
2632 2525 2762 2587 mei,
2797 2538 2921 2577 cum
2951 2520 3204 2574 clamabo
3233 2516 3496 2584 indiguus

1907 2625 1973 2678 ad
2008 2623 2319 2677 Dominum.
2352 2618 2558 2674 Deinde
2580 2615 2881 2672 subducam
2912 2627 2998 2664 me
3029 2610 3098 2663 ab
3125 2607 3494 2662 inobediente.

1907 2715 2162 2769 Fortasse
2215 2721 2400 2765 autem
2449 2708 2630 2762 minus
2667 2704 2966 2776 prudenter
3019 2701 3233 2768 loquor,
3296 2706 3351 2752 et
3410 2697 3497 2750 in-

1906 2803 2323 2859 discriminatim
2345 2800 2508 2862 feror,
2543 2796 2691 2866 pium
2715 2795 2784 2849 ab
2811 2792 2980 2862 impio
3002 2805 3108 2844 non
3129 2789 3498 2857 distinguens.

1907 2896 2018 2950 Vos
2059 2894 2228 2949 Deum
2281 2907 2391 2946 non
2436 2887 2694 2944 timetis?
2746 2887 2947 2939 Annon
2984 2883 3052 2937 de
3092 2882 3272 2934 otioso
3331 2882 3502 2933 verbo

1908 2990 2173 3044 rationem
2207 2985 2499 3040 reddemus
2519 2982 2603 3035 ⁸⁸⁸1
2658 2979 2796 3033 Deus
2877 2987 3058 3030 noster
3110 2974 3248 3044 ignis
3313 2988 3506 3025 consu-

1911 3095 2054 3132 mens
2077 3077 2232 3140 est”,
2273 3074 2494 3128 fratres.
2527 3071 2684 3125 Illum
2714 3068 3028 3130 timeamus,
3059 3064 3134 3118 illi
3161 3074 3350 3118 sancte
3381 3076 3501 3115 ser-

1911 3172 2124 3225 viamus
2183 3168 2236 3221 in
2293 3174 2593 3236 posterum,
2637 3170 2697 3216 ut
2751 3176 2784 3214 a
2832 3159 2977 3212 malo
3019 3157 3170 3211 omni
3214 3169 3391 3223 usque
3436 3153 3504 3206 ad

1917 3263 2144 3319 verbum
2174 3259 2410 3314 otiosum
2436 3255 2795 3318 abstinentes,
2829 3249 3130 3319 virtutique
3161 3246 3502 3306 insistentes,

1920 3353 2163 3409 haeredes
2191 3352 2385 3405 ﬁamus
2415 3349 2538 3402 vitae
2581 3358 2818 3406 aeternae,
2851 3343 3119 3397 intentata
3153 3344 3506 3404 contempto-

1921 3447 2073 3502 ribus
2099 3443 2362 3515 supplicia
2399 3440 2760 3511 elIugientes;
2807 3436 2861 3490 in
2897 3434 3118 3490 Christo
3146 3431 3275 3487 Jesu
3323 3427 3511 3484 Domi-

1923 3554 1996 3594 no
2053 3547 2262 3601 nostro,
2316 3535 2404 3590 cui
2451 3532 2618 3604 gloria
2648 3541 2702 3586 et
2731 3529 3024 3600 imperium
3076 3542 3202 3582 cum
3251 3524 3410 3578 Patre
3457 3529 3513 3575 et

1925 3639 2115 3686 sancto
2145 3628 2374 3698 Spiritu,
2410 3641 2556 3681 nunc
2583 3633 2638 3679 ct
2668 3638 2904 3692 semper,
2935 3629 2990 3676 et
3018 3620 3074 3674 in
3102 3617 3302 3674 saecula
3341 3627 3518 3670 saecu-

1925 3725 2126 3780 lorum.
2153 3723 2352 3778 Amen.

2145 3837 2354 3894 CXXV.
2382 3866 2453 3879 -—
2481 3836 2564 3890 Ad
2595 3833 2877 3889 canonicos
2917 3831 3297 3903 principensss.

981 3950 1164 3999 Harum
1203 3949 1415 4001 virtutes
1440 3951 1619 4009 laudat,
1643 3959 1697 4001 et
1725 3954 1783 4001 ad
1807 3953 2076 4015 perfectam
2109 3950 2482 4003 sanctimoniam
2512 3950 2759 3999 hortatur.

316 4055 458 4119 Χθές
518 4054 640 4109 ἰδὼν
689 4055 834 4127 ὑμᾶς
867 4057 967 4120 τὰς
1026 4060 1084 4110 ἐν
1133 4058 1323 4130 Κυρίῳ
1373 4059 1646 4129 ἀδελφὰς,
1699 4061 1824 4113 ἐπεὶ

245 4151 575 4217 κατεπεῖγον
599 4144 668 4218 ἦν
691 4148 779 4202 διὰ
799 4149 901 4219 τὴν
943 4147 1039 4202 τοῦ
1089 4150 1510 4221 Θεοφιλεστάτου
1564 4153 1824 4223 ἁρχιεπι-

248 4241 457 4292 σκόπου
515 4239 838 4304 ἀσθένειαν,
892 4240 1179 4313 ἐκωλύθην
1231 4243 1362 4314 ὑμῖν
1411 4242 1645 4314 λαλῆσαι
1700 4245 1825 4297 ὅσον

246 4332 442 4402 ἐχρῆν.
510 4333 646 4385 Νυνὶ
697 4333 753 4385 δὲ
802 4332 892 4386 διὰ
964 4333 1058 4386 τοῦ
1113 4334 1444 4406 γράμματος
1493 4337 1555 4389 τὸ
1606 4336 1826 4400 ἐλλιπὲς

247 4424 642 4494 ἀναπληρῶσαι
677 4424 857 4488 καλῶς
899 4423 1043 4494 ἐχειν
1077 4425 1328 4494 ἐνόμισα.
1358 4422 1511 4479 Εἶδον
1552 4425 1708 4496 ὑμῶν
1733 4426 1832 4497 τὴν

249 4514 590 4584 ἀδελφότητα
635 4518 735 4585 ὅση
782 4517 876 4569 καὶ
916 4516 1103 4586 ἡλίκη,
1155 4517 1240 4570 ὅτι
1268 4533 1329 4569 τε
1358 4517 1553 4588 πλήθει
1583 4519 1834 4588 ηὐξημέ-

251 4625 342 4676 νη,
380 4610 473 4660 καὶ
507 4609 719 4661 συνέσει
747 4608 1120 4678 διαφέρουσα·
1169 4608 1265 4662 καὶ
1305 4607 1534 4674 ἐδόξασα
1567 4611 1655 4662 τὸν
1690 4611 1831 4679 ἀγα-

252 4699 345 4751 Οὸν
375 4699 508 4751 Θεὸν
534 4700 727 4768 ἡμῶν·
764 4699 822 4764 ὃς
872 4701 1182 4772 συνήγαγεν
1216 4701 1362 4769 ὑμᾶς
1407 4699 1664 4753 τοσοῦτον
1696 4702 1831 4771 πλῆ-

2004 4062 2138 4117 Cum
2174 4075 2271 4113 vos
2303 4059 2552 4112 hesterna
2596 4056 2684 4109 die
2723 4055 2776 4108 in
2824 4051 3060 4106 Domino
3107 4062 3332 4105 sorores
3367 4046 3504 4115 vidi,

1933 4154 2060 4224 quia
2096 4161 2317 4223 propter
2356 4147 2705 4203 dilectissimi
2737 4147 2844 4200 Deo
2876 4140 3277 4212 archiepiscopi
3308 4139 3516 4193 valetu-

1934 4246 2114 4300 dinem
2168 4259 2256 4298 res
2296 4240 2545 4311 urgebat,
2577 4236 2892 4307 prohibitus
2941 4248 3064 4288 sum
3107 4247 3208 4285 vos
3243 4240 3512 4300 quantum

1934 4353 2071 4409 npus
2104 4347 2220 4391 erat
2247 4332 2472 4403 alloqui.
2501 4329 2657 4384 Nunc
2693 4343 2823 4382 vero
2853 4340 3164 4396 congruum
3196 4324 3515 4380 existimavi

1934 4445 2031 4500 per
2069 4428 2278 4483 litteras
2313 4423 2566 4492 supplere
2594 4420 2736 4487 quod
2765 4419 2958 4473 defuit.
2993 4415 3114 4471 Vidi
3145 4432 3386 4486 namque
3422 4432 3512 4470 so-

1934 4519 2186 4575 cietatem
2232 4525 2492 4577 vestram,
2542 4519 2744 4581 quanta
2783 4510 3075 4579 qualisque
3123 4509 3215 4573 sit,
3267 4507 3413 4576 quod
3462 4516 3519 4563 et

1937 4626 2166 4667 numero
2199 4608 2398 4677 ampla,
2438 4614 2496 4662 et
2533 4604 2820 4674 prudentia
2857 4611 3124 4670 praestans
3155 4619 3168 4654 :
3200 4599 3516 4669 bonumque

1937 4702 2104 4756 Deum
2137 4706 2387 4752 nostrum
2430 4693 2754 4766 gloriﬁcavi,
2799 4693 2892 4761 qui
2930 4701 3082 4745 tanta
3119 4706 3217 4744 vos
3264 4691 3515 4745 multitu-

253 4792 344 4856 θος
379 4794 471 4846 ἐπὶ
517 4795 578 4846 τὸ
627 4794 778 4860 αὐτὸ,
835 4794 916 4865 τῷ
965 4796 1323 4866 σταυροφόρῳ
1382 4794 1482 4866 βίῳ
1553 4794 1815 4848 δουλεύειη

1935 4792 2060 4847 dine
2092 4791 2146 4844 in
2178 4804 2347 4842 unum
2368 4785 2735 4855 congregavit,
2765 4792 2823 4836 ut
2853 4782 2956 4836 sub
2979 4796 3143 4835 cruce
3166 4781 3430 4846 viventes,
3459 4783 3516 4835 in

251 4886 403 4955 αὐτῷ
449 4888 506 4936 ὲν
541 4887 780 4956 ὁσιότητι
832 4887 927 4940 καὶ
987 4887 1328 4958 δικαιοσύνῃ.
1362 4888 1498 4940 Τίνα
1549 4882 1643 4939 οὖν
1681 4889 1838 4940 ἐπαι-

253 4978 429 5043 viam;
470 4979 568 5048 τὴν
607 4979 1032 5050 καθηγουμένην
1088 4980 1270 5044 πλέον,
1306 4979 1340 5050 ἢ
1388 4980 1534 5051 ὑμᾶς
1572 4981 1670 5043 τὰς
1709 4981 1837 5032 ἐπο-

258 5073 426 5141 μένας
457 5073 552 5125 καὶ
603 5073 1092 5143 ὑποτασσομέναςς
1152 5073 1486 5143 Ἀμφότεραι
1541 5072 1832 5142 ἐγκωμίων

256 5165 508 5234 πλήρεις,
534 5167 697 5218 αῐνων
729 5166 825 5219 καὶ
857 5166 1116 5221 ἐπαίνων.
1171 5167 1280 5220 Καὶ
1306 5167 1366 5219 οὐ
1406 5165 1565 5235 μόνον
1599 5166 1742 5219 κατὰ
1773 5164 1836 5217 τὸ

257 5258 492 5324 συναφὲς
538 5258 634 5327 τῆς
671 5257 1049 5328 πνευματικῆς
1083 5258 1231 5327 ζωῆς
1252 5298 1267 5323 ,
1301 5257 1417 5311 ἀλλ’
1449 5258 1533 5310 ὅτι
1579 5257 1673 5310 καὶ
1731 5256 1831 5327 βίῳ

255 5351 646 5422 ὴκριὸωμὲνῳ,
713 5352 855 5405 κατά
909 5367 970 5404 τε
1009 5350 1374 5420 ἐγκράτειαν,
1429 5351 1522 5402 καὶ
1582 5348 1682 5416 τὴν
1747 5348 1832 5417 ἐφ’

258 5444 478 5505 laeui;
515 5443 762 5495 δουλείαν
795 5443 892 5497 ita).
935 5445 1115 5496 πᾶσαν
1138 5442 1438 5506 διακονίαν,
1470 5440 1612 5494 καθὰ
1653 5439 1840 5511 μεμά-

261 5536 406 5609 θηκα
434 5576 448 5600 ,
483 5535 852 5606 διατηρεῖσθε.
905 5537 1287 5606 Εὑλογημέναι
1313 5536 1472 5606 ὑμεῖς
1509 5535 1569 5588 ἐν
1604 5533 1797 5604 Κυρίῳ
1819 5548 1834 5563 ·

264 5632 536 5702 μακάριον
563 5628 624 5682 τὸ
651 5629 940 5701 σύνταγμα
976 5629 1130 5700 ὑμῶν
1150 5645 1162 5662 ο
1189 5628 1402 5682 αἰνετδν
1435 5627 1496 5683 τὸ
1535 5626 1838 5696 πολίτευμα

1937 4882 2230 4938 sanctitate
2285 4888 2339 4932 et
2383 4878 2597 4947 justitia
2649 4875 2910 4930 serviatis
2963 4874 3061 4927 illi.
3125 4873 3298 4938 Quam
3345 4873 3514 4944 igitur

1937 4971 2216 5029 laudabo?
2267 4970 2546 5024 Ducemue
2593 4976 2832 5022 vestram
2877 4965 3081 5035 potius,
3135 4980 3203 5018 an
3252 4980 3352 5020 vos
3391 4980 3518 5034 quae

1936 5064 2226 5136 sequimini
2260 5073 2315 5117 et
2359 5060 2592 5115 subditas
2638 5059 2808 5114 estis?
2839 5057 3029 5112 Ambae
3060 5057 3206 5112 enim
3249 5057 3516 5111 encomiis

1935 5158 2246 5218 cumulatae,
2282 5154 2534 5208 laudibus
2563 5162 2617 5208 et
2644 5151 2957 5223 praeconiis.
2995 5148 3112 5204 Nec
3140 5150 3261 5203 ideo
3303 5157 3515 5202 tantum

1941 5252 2086 5323 quod
2112 5248 2412 5319 spiritualis
2440 5247 2563 5300 vita:
2598 5262 2738 5301 nexu
2763 5243 3034 5312 copulata:
3064 5244 3218 5307 estis,
3255 5241 3350 5296 sed
3372 5239 3517 5308 quod

1941 5352 2132 5402 exacta
2159 5341 2448 5409 disciplina
2478 5349 2532 5394 et
2569 5339 2961 5393 continentiam
2991 5337 3047 5391 et
3090 5346 3340 5390 mutuum
3376 5337 3519 5388 inter

1943 5454 2043 5493 vos
2093 5435 2415 5491 famulatum
2468 5447 2533 5486 ac
2577 5431 2941 5486 ministerium
2993 5429 3397 5500 quodcunque,
3457 5435 3520 5481 ut

1945 5529 2133 5592 didici,
2161 5525 2484 5583 observatis.
2524 5523 2829 5579 Benedicta:
2858 5537 2958 5576 vos
2988 5521 3042 5576 in
3078 5519 3310 5574 Domino
3338 5536 3353 5573 :
3390 5518 3521 5571 bea-

1946 5635 2036 5678 tus
2081 5631 2254 5678 caelus
2301 5627 2482 5673 vester
2517 5637 2529 5673 :
2568 5615 2859 5672 laudabilis
2909 5614 3258 5671 conversatio
3291 5619 3465 5669 vestra
3498 5625 3517 5666 :

352 5747 396 5778 "
426 5747 444 5800 Ι
476 5744 606 5800 Cor.
649 5762 702 5810 χ,
732 5745 819 5800 ⁸51.
899 5745 945 5777 ⁸⁸
968 5743 1156 5800 Matth.
1193 5760 1289 5812 xu,
1317 5740 1408 5799 36.
1483 5741 1529 5774 "
1555 5739 1712 5797 Deut.
1749 5753 1822 5802 tv,
1851 5737 1943 5791 9.4.

1803 5831 2040 5890 NOTAE.

342 5933 455 6003 (2|)
481 5933 537 5987 lu
566 5933 684 5989 cod.
725 5933 855 6003 Reg.
895 5931 1023 6001 ρλζ’.
