4156 6464
708 380 839 441 1407

1898 385 1958 445 S.
1998 386 2396 451 THEODORI
2436 388 2786 451 STUDITIE

3847 384 3976 448 M08

704 510 897 549 omnes
937 508 1159 563 sponsae
1187 493 1392 551 Christi
1424 514 1436 550 :
1467 499 1621 568 virgo
1654 513 2018 571 unaquaeque,
2058 514 2120 559 ιιι
2144 504 2294 558 Can-

2397 504 2590 573 O‘pé'w'
2630 504 2805 556 πᾶσαι
2855 500 3065 570 νύμφαι
3109 497 3380 568 Χριστοῦ·
3424 498 3630 568 ἑκάστη
3683 497 3972 564 παρθένος,

704 586 936 640 ticorum
970 588 1149 642 verbis
1177 588 1372 657 loquar
1407 589 1589 644 hortus
1620 592 1924 655 conclusus,
1956 594 2077 662 [om
2111 597 2294 666 signa-

706 690 786 731 tus
809 678 879 743 ’°,
907 695 1034 733 rosa
1063 680 1191 734 boni
1233 682 1421 736 odoris
1449 681 1583 749 Deo,
1618 683 1794 737 lilium
1836 685 2287 756 incorruptiouis.

707 768 749 821 Ο
780 769 1067 837 pulchrum
1104 770 1455 838 paradisum!
1497 786 1531 826 ο
1562 781 1803 840 pratum,
1841 788 1952 843 quo
1985 775 2294 830 delectatur

704 860 850 916 Deus
923 861 1177 918 Christus
1204 864 1260 917 in
1289 863 1472 919 medio
1500 878 1772 928 vestrum,
1806 868 1900 936 qui
1943 866 2160 939 lignum
2207 877 2295 924 est

703 958 850 1009 vita.

777 1047 882 1103 Sed
916 1050 1180 1121 quoniam
1216 1050 1284 1106 ad
1324 1051 1763 1122 experimentum
1800 1052 2295 1124 probationemque

705 1137 930 1193 virtutis
975 1151 1061 1195 est
1105 1140 1272 1195 etiam
1317 1142 1485 1196 arbor
1544 1142 1729 1206 vetita,
1782 1158 1904 1213 qua:
1948 1144 2176 1213 pulchra
2223 1145 2294 1201 ad

706 1232 1213 1301 contemplandum,
1258 1249 1364 1289 nec
1416 1243 1500 1289 est
1556 1250 1689 1290 sane
1735 1236 1788 1291 id
1847 1236 1994 1306 quod
2040 1237 2290 1303 videtur;

706 1321 821 1377 imo
864 1338 1052 1378 amara
1099 1334 1152 1380 et
1203 1325 1491 1380 mortifera
1538 1326 1584 1381 si
1629 1328 1865 1381 edatur:
1900 1338 1955 1381 et
1997 1328 2132 1397 quid
2189 1328 2293 1383 hoc

707 1415 854 1469 aliud
902 1428 985 1472 est
1027 1433 1195 1487 quam
1235 1419 1513 1489 voluptas,
1544 1435 1652 1489 qua
1707 1418 1817 1473 Eva
1864 1420 2038 1489 prima
2090 1435 2292 1491 parens

706 1518 865 1576 capta
905 1508 1023 1563 est?
1054 1509 1482 1567 Commonemus
1522 1527 1623 1567 vos
1657 1522 1711 1567 et
1740 1512 2045 1577 hortamur,
2089 1528 2158 1568 ne
2189 1530 2293 1567 un-

706 1613 873 1668 quam
910 1598 1169 1656 lethalem
1213 1601 1454 1658 fructum
1495 1605 1801 1676 attingatis,
1834 1605 1929 1659 sed
1970 1605 2290 1661 mandatum

704 1690 989 1761 arripiatis
1032 1693 1271 1761 speciosi
1301 1694 1667 1764 undequaque
1694 1710 1759 1749 ac
1790 1695 1903 1749 veri
1952 1696 2129 1765 reipsa
2172 1698 2293 1751 fru-

704 1791 851 1846 ctus,
883 1782 1255 1838 obedientiam
1287 1794 1343 1839 et
1368 1784 1732 1839 humilitatem
1768 1786 2108 1850 excolcntes,
2153 1787 2289 1843 cha-

2406 597 2757 670 ’ᾼσματικῶς
2801 595 3013 657 εἰπεῖν,
3067 592 3263 660 κῆπος
3324 591 3780 659 κεκλεισμένος,
3815 606 3979 657 amr-1;

2390 687 2865 759 ἐσφραγισμένη,
2902 686 3053 757 ῥόδον
3076 685 3341 754 εὐοσμίας
3367 682 3528 747 Θεοῦ,
3553 684 3742 752 κρῖνον
3764 684 3977 751 ἀχραν-

2390 783 2547 845 τίαςί
2599 782 2664 833 Ὠ
2710 779 2877 834 καλοῦ
2928 778 3299 848 παραδείσουί
3332 777 3397 829 Ὢ
3435 775 3714 847 λειμῶνος
3759 774 3979 844 θεοτερ-

2392 874 2551 938 ποῡς,
2584 873 2821 945 Χριστὸς
2858 874 2918 925 ὲν
2954 871 3104 942 μέσῳ
3150 869 3328 941 ὑμῶν,
3354 869 3415 933 ὃς
3443 871 3564 922 ἐστι
3593 867 3659 921 τὸ
3687 866 3855 935 ξύλον
3879 871 3978 937 τῆς

2392 968 2559 1037 ζωῆς.

2476 1058 2819 1132 ’Λλλ⁹ὲπειδὴ
2851 1057 2990 1128 πρὸς
3008 1058 3207 1123 πεῖραν
3237 1054 3333 1109 καὶ
3359 1052 3595 1125 δοκιμὴν
3616 1053 3830 1124 ἀρετῆς
3859 1054 3974 1106 ἐστι

2392 1153 2485 1206 καὶ
2506 1152 2569 1205 τὺ
2596 1152 2765 1221 φυτὸν
2783 1151 2845 1204 τὸ
2860 1149 3239 1220 ἀπειρημένον
3257 1163 3272 1177 ⁸
3304 1148 3442 1219 ὅπερ
3466 1145 3670 1217 ὡραῖον
3694 1146 3779 1208 εἰς
3801 1161 3979 1197 κατα-

2393 1247 2608 1316 νόησινο
2635 1246 2697 1299 οῦ
2721 1244 2830 1316 μὴν
2855 1244 2993 1315 ὅπερ
3005 1240 3252 1312 φαίνοιτό
3279 1239 3452 1305 ἐστιν,
3477 1239 3616 1293 ἀλλὰ
3640 1239 3849 1309 πικρὸν
3884 1237 3978 1289 καὶ

2392 1337 2694 1406 θανάσιμον
2742 1340 2809 1407 τῇ
2850 1334 3175 1406 μεταλήψεν
3194 1334 3291 1387 καὶ
3307 1334 3361 1386 τί
3380 1331 3561 1395 τοῦτο,
3581 1329 3791 1402 ἀλλ’[ῆ]
3817 1329 3977 1399 ἡδονὴ

2392 1429 2483 1498 ὑφ’
2510 1423 2580 1499 ἧς
2605 1427 2750 1481 ἑάλω
2780 1425 2894 1479 Εὕα
2920 1428 2954 1497 ὴ
2980 1424 3323 1497 προμήτωρ;
3350 1422 3857 1492 ὑπομιμνήσκομεν
3885 1419 3979 1471 καὶ

2394 1518 2789 1591 παραινοῦμεν,
2822 1522 3036 1587 μήποτε
3058 1514 3299 1585 ἅψασθαι
3344 1514 3488 1584 ὑμᾶς
3526 1510 3622 1564 τοῦ
3670 1509 3978 1579 θανασίμου

2393 1606 2641 1677 καρποῦο
2672 1606 2811 1659 ἀλλὰ
2838 1604 3285 1675 μεταλαμϐάνειν
3310 1602 3413 1672 τῆς
3443 1602 3665 1673 ἐντολῆς
3704 1599 3803 1653 τοῦ
3840 1617 3981 1652 παν-

2393 1699 2597 1770 ωραίου
2651 1700 2748 1752 καὶ
2799 1696 3059 1767 ἀληθινοῦ
3095 1696 3172 1758 ὡς
3212 1693 3431 1764 άληθῶς
3463 1692 3717 1763 καρποῦ*
3756 1691 3978 1760 ὑπακοῇ

2394 1790 2490 1843 καὶ
2542 1787 3019 1861 ταπεινοφροσύνῃ
3069 1785 3459 1857 κεκρημένας·
3516 1784 3712 1857 ἀγάπῃ
3767 1786 3839 1854 τῇ
3898 1786 3979 1846 εἰς

706 1874 927 1928 ritatem
960 1876 1030 1931 ad
1062 1876 1297 1931 invicem
1342 1886 1399 1932 et
1433 1893 1663 1933 vacuam
1696 1878 1900 1933 invidia
1950 1880 2288 1947 aequitatem,

2397 1881 2635 1952 ἀλλήλας
2657 1883 2749 1935 καὶ
2777 1878 3029 1950 ἀφθονίᾳ,
3065 1875 3427 1949 ἁκτημοσῦνῃ
3453 1877 3553 1931 καὶ
3597 1875 3975 1946 είρηνοποιία.

706 1976 1132 2039 paupertatem,
1189 1970 1454 2040 pacisque
1506 1986 1699 2026 curam
1764 1984 1818 2029 et
1868 1976 2135 2031 studium.
2199 1975 2291 2030 Sic

708 2057 856 2112 enim
894 2059 1143 2115 viventes
1183 2060 1571 2130 glorilicabitis
1608 2061 1779 2118 Deum
1825 2064 1881 2119 in
1922 2082 2158 2135 corpore
2200 2082 2293 2121 vc-

705 2158 825 2203 stro
857 2158 913 2204 et
942 2150 998 2205 in
1037 2151 1259 2221 spiritu,
1294 2153 1439 2207 sicut
1480 2164 1707 2210 sanctus
1749 2158 2009 2224 praedicat
2052 2160 2290 2228 Aposto-

706 2242 795 2298 lus
817 2242 885 2297 ".
962 2240 1056 2298 Sic
1104 2254 1160 2299 et
1211 2245 1450 2315 amplius
1513 2248 2016 2317 multiplicabimini
2057 2252 2186 2305 :sic
2236 2260 2293 2304 et

706 2335 1023 2389 sanctitatis
1080 2351 1282 2391 nomen
1330 2338 1387 2392 in
1441 2338 1545 2393 hac
1590 2340 1700 2393 vita
1744 2341 2089 2402 obtinebitis,
2129 2351 2183 2397 et
2236 2343 2290 2396 in

708 2424 895 2480 futuro
948 2426 1150 2481 saeculo
1208 2427 1385 2496 gloria
1444 2429 1609 2483 simul
1668 2429 1951 2485 l'ruemiui.
2005 2432 2287 2501 Scriptum

705 2528 791 2574 est
824 2537 839 2574 :
869 2516 931 2573 Si
959 2521 1337 2589 rompatimur,
1363 2531 1412 2575 et
1435 2522 1958 2592 conglori/icabimur
1974 2525 2041 2579 ".
2068 2525 2137 2579 Et
2158 2525 2288 2595 quid

705 2610 927 2665 tandem
1004 2610 1163 2667 vobis
1215 2611 1478 2667 decorum
1540 2614 1754 2683 magis?
1816 2616 1947 2685 quid
2003 2617 2293 2687 augustius

706 2716 873 2769 quam
910 2702 1003 2756 Dei
1031 2702 1171 2758 tilias
1193 2703 1323 2765 dici,
1354 2719 1511 2759 sacra
1539 2706 1790 2770 donaria,
1827 2709 2027 2777 templa
2060 2709 2292 2779 virgini-

705 2792 879 2847 tatis?
904 2791 1041 2847 Cum
1070 2808 1200 2864 ergo
1237 2793 1353 2849 haec
1391 2795 1464 2850 ita
1510 2797 1642 2860 sint,
1677 2798 1931 2867 gaudete,
1974 2813 2196 2855 sorores
2234 2800 2291 2854 in

706 2882 951 2949 Christo,
1006 2886 1262 2954 gaudete,
1325 2886 1456 2942 odio
1508 2889 1776 2944 habentes
1850 2888 2105 2945 allectum
2161 2908 2291 2964 erga

708 2993 876 3032 carne
909 2978 1152 3048 junctos,
1190 2978 1319 3033 odio
1350 2979 1615 3034 habentes
1642 2988 1846 3035 sortem
1889 2981 1943 3035 in
1988 2989 2133 3036 terra
2164 2998 2293 3050 pos-

710 3071 915 3137 sidere,
970 3070 1100 3127 odio
1160 3070 1427 3127 habentes
1484 3072 1668 3127 omnia
1730 3088 1852 3143 qua:
1909 3073 2177 3143 optabilia
2234 3075 2291 3129 in

712 3166 919 3220 mundo
958 3174 1087 3220 sunt
1115 3182 1128 3219 :
1160 3165 1421 3234 quoniam
1458 3167 1807 3220 conversatio
1830 3178 2013 3223 vestra
2051 3167 2107 3222 in
2137 3168 2292 3223 ccelis

710 3263 829 3318 est,
881 3264 937 3309 et
989 3255 1279 3311 hereditas
1326 3272 1555 3325 regnum
1607 3257 1899 3323 ccelorum,
1947 3268 2001 3313 et
2053 3274 2293 3329 sponsus

712 3347 971 3403 Christus
996 3348 1135 3418 ipse,
1169 3348 1264 3417 qui
1297 3364 1394 3403 vos
1418 3349 1635 3403 vocavit
1669 3358 1726 3403 ut
1748 3350 1925 3419 ipsum
1951 3353 2290 3422 sequamini:

710 3440 808 3509 qui
858 3450 913 3494 et
964 3455 1062 3495 vos
1126 3456 1223 3511 per
1290 3445 1847 3509 consummationem,
1910 3444 1967 3499 in
2014 3447 2293 3503 caelestem

713 3532 1018 3586 thalamum
1047 3548 1170 3586 cum
1215 3532 1574 3602 prudentibus
1605 3536 1914 3607 virginibus
1962 3538 2291 3596 introducet.

716 3623 846 3679 Haec
874 3641 977 3694 ego
1012 3625 1225 3693 paucis,
1264 3632 1324 3678 ut
1358 3626 1675 3695 agnoscatis
1705 3642 1792 3682 me
1832 3628 1885 3682 in
1916 3627 2124 3699 Spiritu
2168 3646 2297 3687 san-

715 3730 806 3771 cto
833 3725 1089 3786 tanquam
1118 3730 1337 3771 sorores
1361 3732 1454 3771 vos
1484 3717 1766 3783 habuisse,
1792 3718 2057 3791 vobisque
2089 3722 2298 3792 optima

716 3811 901 3866 omnia
932 3818 1220 3879 exoptare.

997 3928 1237 3990 CXXVI.
1267 3959 1338 3971 -
1364 3929 1644 3986 Monacln's
1674 3930 2006 3989 Photinudii.

2394 1972 2555 2027 Οῦτω
2579 1973 2689 2043 γὰρ
2713 1971 2928 2043 βιοῦσαι
2957 1971 3236 2038 δοξάσοιτε
3266 1970 3361 2024 τὸν
3384 1969 3520 2022 Θεὸν
3551 1971 3609 2022 tv
3639 1968 3720 2039 τῷ
3754 1969 3976 2038 σώματι

2394 2064 2551 2137 ὑμῶν
2584 2067 2679 2118 καὶ
2714 2066 2773 2118 ὲν
2806 2064 2886 2135 τῷ
2906 2062 3212 2133 πνεύματι·
3244 2062 3389 2117 καθὰ
3421 2061 3521 2134 βοᾷ
3556 2062 3587 2114 6
3615 2062 3765 2133 ἱερὸς
3808 2063 3978 2116 Ἀπὸο

2394 2156 2581 2218 στολος
2599 2154 2772 2209 ὀὕτω
2801 2157 2896 2209 καὶ
2923 2155 3125 2225 μᾶλλον
3148 2153 3595 2225 πληθυνθήσεσθε
3616 2169 3631 2184 ·
3657 2153 3806 2206 οῦτω
3838 2155 3975 2207 καν-

2393 2248 2569 2302 ταῦθα
2602 2248 3048 2319 ὀνομασθήσεσθε
3079 2248 3306 2318 ὀνόματι
3332 2247 3635 2316 ὁσιότητος,
3682 2246 3779 2299 καὶ
3815 2248 3874 2298 ὲν
3902 2246 3979 2316 τῷ

2396 2338 2646 2408 μέλλοντι
2680 2339 2837 2392 αίῶνι
2884 2337 3413 2408 συνδοξασθήσεσθε.
3450 2339 3634 2408 Εἴπερ
3665 2339 3780 2410 γὰρ
3824 2354 3980 2407 συμ-

2392 2432 2730 2501 πάσχομεν,
2776 2432 2876 2485 καὶ
2922 2430 3575 2501 συνδοξασθησόμεθα,
3634 2433 3975 2502 γέγραπται.

2394 2524 2505 2576 Καὶ
2530 2522 2583 2575 τί
2613 2522 2800 2576 λοιπὸν
2823 2521 3156 2594 ὡραιότερον
3189 2522 3381 2591 ὺμῶν;
3425 2522 3476 2574 τί
3507 2521 3563 2575 δὲ
3596 2522 3981 2591 σεϐασμιώτε-

2395 2630 2528 2685 ρον;
2562 2613 2872 2686 θυγατέρας
2908 2614 3044 2668 Θεοῦ
3089 2614 3399 2679 καλεῖσθαι,
3438 2613 3793 2684 ἀναθήματα,
3832 2618 3977 2687 ἱερά,

2395 2710 2557 2772 ναοὺς
2587 2709 2911 2779 παρθενίας.
2966 2707 3121 2762 Ἐπεὶ
3160 2703 3253 2762 οὖν
3272 2706 3483 2789 ταῦτα..
3516 2708 3767 2779 χαίρετε,
3818 2710 3978 2763 ἁδελ-

2394 2798 2496 2867 φαὶ
2525 2801 2584 2852 ὲν
2637 2798 2859 2868 Κυρίῳ,
2899 2799 3146 2869 χαίρετε,
3194 2796 3455 2870 μισοῦσαι
3493 2798 3591 2867 τὴν
3644 2799 3824 2868 χαρὰν
3884 2797 3980 2853 τοῦ

2394 2893 2632 2962 κόσμου’
2681 2891 2938 2962 μισοῦσαι
2958 2892 3019 2945 τὸ
3052 2892 3189 2963 πρὸς
3238 2892 3367 2955 τοῦς
3417 2889 3560 2943 κατὰ
3592 2891 3773 2960 σάρκα
3805 2890 3976 2953 ἰδίους

2393 2984 2743 3057 προσπαθές·
2789 2983 3047 3056 μισοῦσαι
3110 2984 3171 3037 τὸ
3226 2983 3430 3055 κλῆρον
3470 2984 3617 3053 ἔχειν
3670 2986 3769 3036 ἐπὶ
3836 2985 3978 3055 γῆς·

2396 3077 2651 3149 μισοῦσαι
2676 3078 2745 3131 τὰ
2777 3079 2920 3132 κατὰ
2941 3077 3147 3148 κόσμον
3183 3075 3393 3147 ἐραστά
3419 3077 3659 3130 ἅπαντα.
3711 3076 3980 3148 Ἐπείπερ

2395 3170 2550 3241 ὑμῶν
2595 3170 2657 3223 τὸ
2682 3170 2984 3239 πολίτευμα
3027 3172 3087 3222 tv
3128 3170 3404 3239 οὐρανοῖς,
3451 3170 3549 3222 καὶ
3598 3169 3909 3240 κληρουχία
3944 3173 3977 3241 ή

2402 3262 2650 3333 βασιλεία
2678 3260 2788 3314 τῶν
2810 3261 3086 3333 οὑρανῶνο
3124 3262 3222 3314 καί⁵
3248 3261 3481 3331 νυμφίος
3512 3262 3675 3325 αὐτὸς
3712 3263 3978 3334 Χριστὸς.

2398 3358 2427 3409 ὁ
2454 3353 2740 3426 κεκληκὼς
2762 3356 2908 3425 ὑμᾶς
2931 3353 3109 3409 ὀπίσω
3128 3352 3296 3407 αὐτοῦ
3338 3354 3654 3410 ἀκολουθεῖν
3675 3371 3691 3386 ·
3735 3356 3835 3409 καὶ
3852 3359 3979 3433 εἰσ-

2399 3443 2546 3511 άξων
2579 3445 2669 3499 διὰ
2698 3444 3034 3509 τελειώσεως
3072 3445 3154 3509 είς
3179 3444 3274 3497 τὸν
3315 3444 3643 3516 ἐπουράνιον
3674 3445 3969 3516 νυμφῶνα,

2402 3540 2544 3611 μετὰ
2598 3538 2707 3592 τῶν
2780 3538 3066 3611 φρονίμων
3126 3536 3438 3609 παρθένων.
3516 3536 3705 3591 Ταῦτα
3774 3537 3834 3590 δὲ
3895 3535 3983 3591 ἐπ’

2398 3631 2615 3699 ὀλίγον,
2658 3631 2736 3695 ὡς
2797 3632 2864 3685 ἂν
2915 3630 3092 3699 γνῶτε
3128 3631 3212 3684 ὅτι
3274 3632 3334 3685 ὲν
3393 3627 3678 3699 Πνεῦματι
3714 3632 3865 3702 ἁγίῳ
3908 3632 3981 3693 ὡς

2398 3724 2635 3794 ἀδελφὰς
2688 3724 2835 3794 ὑμᾶς
2896 3721 3285 3795 λελογίσμεθα,
3338 3721 3439 3776 καὶ
3503 3721 3858 3791 ὲπευχόμεθα
3916 3724 3982 3775 τε

2398 3816 2707 3888 κρείττονα.

2397 3937 2571 4005 Ρκςν
2599 3935 2735 4007 (εε).
2795 3965 2868 3977 -
2953 3932 3435 4078 Τοῖἕίοῦιοῃῖῒς
3504 3928 3615 3987 τοῦ
3662 3933 3985 3987 mturar-

778 4111 853 4162 De
875 4114 1035 4160 morte
1059 4107 1266 4168 abbatis,
1288 4119 1433 4169 quam
1456 4105 1620 4156 laudat
1646 4120 1658 4154 :
1683 4110 1789 4155 tum
1814 4105 1878 4157 de
1899 4120 2215 4173 successore,
2248 4127 2399 4177 quem
2416 4115 2641 4168 hortatur
2665 4123 2720 4168 nt
2739 4117 2874 4167 bene
2905 4116 3095 4181 prasit,
3118 4130 3175 4167 ac
3209 4120 3496 4179 monachos,
3520 4124 3578 4168 ut
3606 4116 3657 4167 ei
3699 4124 3927 4181 pareant.

793 4218 1061 4274 La-titiam
1120 4214 1339 4285 quidem
1404 4213 1563 4269 vobis
1618 4212 1815 4275 aﬂert,
1870 4213 2101 4281 fratres,
2151 4220 2300 4287 quod

719 4314 923 4377 scribo,
976 4311 1071 4367 sed
1110 4324 1383 4364 summam
1424 4307 1707 4363 tristitiam
1739 4320 2125 4381 argumentum
2161 4314 2299 4369 scri-

719 4408 923 4480 ptionis
955 4423 968 4459 :
996 4404 1124 4475 quia
1155 4401 1452 4472 dereliquit
1478 4416 1575 4457 vos
1598 4412 1785 4471 pastor
1811 4405 2010 4469 bonus,
2042 4404 2207 4462 Pater
2239 4410 2297 4463 in

722 4499 972 4563 Domino,
1000 4496 1107 4556 via.
1132 4497 1242 4549 dux
1282 4504 1336 4549 et
1363 4495 1573 4559 lumen,
1605 4496 1700 4564 qui
1741 4496 1929 4552 multis
1962 4499 2124 4554 annis
2156 4502 2297 4555 mul-

721 4601 806 4646 tas
830 4604 962 4645 oves
994 4592 1159 4659 pavit,
1188 4598 1242 4643 et
1273 4588 1485 4643 caulam
1514 4589 1757 4645 alumnis
1794 4590 2010 4659 plenam
2051 4594 2297 4665 reliquit,

722 4682 912 4752 viginti
947 4690 1331 4735 numerantem
1361 4694 1526 4750 supra
1561 4681 1833 4736 ducentos
1868 4699 1882 4735 :
1913 4683 1996 4737 vir
2036 4698 2301 4741 veneran-

721 4774 847 4836 dus,
876 4782 930 4828 et
957 4772 1156 4827 divinae
1178 4772 1371 4842 gratiae
1400 4787 1629 4843 compos
1661 4790 1677 4828 :
1706 4772 1978 4829 candidus
2005 4776 2300 4833 admodum

720 4866 955 4937 capillis,
978 4877 1032 4921 et
1058 4864 1354 4921 candidum
1394 4864 1562 4921 simul
1603 4880 1700 4920 cor
1730 4880 1959 4937 gerens;
1991 4867 2145 4924 dives
2171 4871 2303 4926 cha-

721 4959 921 5023 ritate,
979 4957 1259 5027 ditiorque
1309 4957 1693 5013 misericordia
1744 4975 1758 5012 :
1807 4944 2058 5027 plurimis
2112 4976 2303 5017 revera

725 5051 1022 5107 virtutibus
1052 5059 1309 5117 ornatus,
1340 5065 1411 5107 ne
1440 5050 1688 5121 singulas
1710 5051 2047 5107 recensendo
2087 5053 2302 5126 longio-

723 5160 839 5200 rem
889 5144 1084 5199 faciam
1135 5144 1466 5199 orationem.
1531 5142 1716 5198 Eheu!
1772 5143 1947 5197 eheu!
1992 5160 2103 5215 quo
2138 5153 2301 5216 pacto

722 5237 907 5307 gravia
939 5237 1057 5291 haec
1089 5251 1200 5291 non
1238 5236 1388 5291 sint?
1418 5250 1530 5305 quo
1561 5246 1721 5306 pacto
1748 5250 1856 5291 non
1885 5236 2179 5293 luctuosa?
2205 5249 2300 5294 aut

722 5329 850 5398 quis
879 5328 1188 5384 desolatum
1219 5328 1453 5398 posthac
1475 5343 1693 5398 gregem
1726 5344 1833 5383 non
1865 5330 2067 5395 videat,
2101 5330 2145 5385 si
2177 5331 2302 5401 quis

722 5436 787 5475 ea
819 5428 1030 5491 spectet
1073 5434 1197 5490 quae
1242 5419 1599 5475 acciderunt?
1632 5418 1828 5475 Verum
1872 5421 2005 5490 quid
2043 5423 2301 5479 tandem?

728 5509 921 5569 Utrum
969 5512 1023 5566 in
1058 5515 1208 5566 luctu
1236 5511 1636 5581 persistemus?
1669 5528 1739 5567 an
1797 5528 2035 5569 tnmrore
2070 5515 2299 5585 dejicie-

2478 4222 2677 4293 Χαρᾶς
2707 4220 2810 4291 μὲν
2845 4222 2879 4291 ὴ
2912 4224 3207 4294 προγραφὴ
3242 4225 3391 4294 ὑμῖν,
3422 4224 3643 4293 ἀδελφοί
3662 4241 3677 4255 ·
3715 4224 3901 4296 λύπης
3929 4225 3983 4279 δὲ

2404 4312 2489 4365 ὄτι
2514 4314 2750 4382 μάλιστα
2780 4314 2814 4383 ή
2843 4313 2937 4366 ἐπὶ
2962 4313 3026 4367 τὸ
3051 4315 3287 4385 γράφειν
3336 4316 3593 4380 ὑπόθεσις
3612 4332 3627 4347 °
3662 4317 3749 4370 ὅτι
3792 4319 3983 4372 ἀπολέ-

2403 4404 2590 4459 λοιπεν
2618 4407 2762 4476 ὑμᾶς
2783 4407 2813 4459 6
2843 4405 3051 4477 ποιμὴν
3087 4408 3116 4460 6
3148 4405 3333 4471 καλὸς,
3370 4410 3401 4461 6
3446 4410 3504 4462 tv
3542 4408 3737 4479 Κυρίῳ
3766 4410 3981 4481 Πατὴρ,

2400 4499 2428 4550 ὁ
2455 4498 2650 4568 ὀδηγὸς
2684 4500 2781 4554 καὶ
2816 4502 3068 4572 φωστὴρ,
3106 4501 3136 4552 6
3188 4498 3410 4565 πολλοῖς
3458 4499 3608 4554 ἐτεσι
3658 4503 3758 4555 καὶ
3808 4504 3983 4557 πολλὰ

2401 4589 2651 4659 πρόδατα
2709 4591 3007 4662 ποιμάνας,
3067 4592 3163 4646 καὶ
3212 4592 3314 4663 τὴν
3345 4590 3500 4647 λείαν
3566 4593 3737 4658 ἐάσας
3798 4596 3982 4668 πλήρη

2401 4681 2760 4753 θρεμμάτων.
2825 4683 3003 4758 Εἴπερ
3083 4687 3143 4741 tv
3199 4686 3497 4751 διακοσίοις
3557 4688 3711 4759 παρὰ
3776 4692 3985 4744 εῐκοσιν

2400 4774 2788 4847 ἡριθμημένην
2809 4792 2823 4806 ·
2864 4779 2893 4831 6
2918 4777 3203 4848 αἰδέσιμος
3232 4776 3373 4850 ἀνὴρ
3404 4780 3504 4832 καὶ
3545 4780 3775 4850 χάριτος
3834 4781 3982 4845 θείας

2406 4866 2632 4937 μέτοχος
2654 4884 2668 4897 ·
2704 4870 2733 4921 6
2761 4868 2957 4933 λευκὸς
2979 4870 3122 4939 ἄγαν
3152 4869 3253 4939 τὴν
3291 4871 3475 4943 τρίχα,
3522 4873 3616 4927 καὶ
3662 4872 3747 4926 ἐτι
3797 4875 3979 4928 λελευ-

2404 4959 2678 5029 κασμένος
2696 4960 2797 5032 τὴν
2818 4962 3079 5033 καρδίαν·
3123 4965 3152 5019 6
3182 4964 3440 5028 πλούσιος
3468 4964 3569 5036 τὴν
3600 4965 3853 5037 ἀγάπην,
3895 4970 3981 5021 καὶ

2407 5050 2808 5125 πλουσιώτερος
2837 5054 2938 5125 τὴν
2967 5054 3373 5127 ἐλεημοσύνηνο
3424 5058 3454 5111 6
3479 5057 3726 5111 πλείοσιν
3762 5059 3980 5129 ἀρεταῖς

2405 5144 2484 5207 ὡς
2512 5143 2728 5217 άληθῶς
2754 5147 3319 5219 κατακεκοσμημένος
3340 5164 3354 5178 ’
3384 5150 3476 5203 ἴνα
3533 5150 3608 5221 μὴ
3655 5151 3716 5203 ἓν
3764 5152 3889 5205 καθ’
3924 5151 3979 5203 ἒν

2405 5237 2890 5308 ἀπαριθμούμενος
2940 5240 3152 5309 μακρὸν
3194 5240 3405 5312 εὐρεθῶ
3449 5243 3755 5298 ἀποτείνων
3807 5246 3975 5313 λόγον.

2413 5328 2515 5382 Ὠῐ
2548 5328 2629 5382 ῶί
2668 5330 2784 5394 πῶς
2816 5331 2876 5383 οὐ
2922 5331 3096 5384 ταῦτα
3130 5331 3425 5397 θλιπτικά;
3470 5334 3588 5397 πῶς
3612 5334 3672 5388 6t
3702 5334 3806 5389 οὐκ
3824 5336 3975 5403 ὀδυρ-

2407 5421 2572 5487 τικάς
2608 5421 2725 5486 πῶς
2769 5422 2828 5475 δὲ
2871 5422 2973 5477 οὐκ
3002 5424 3091 5479 ἐπ’
3137 5425 3374 5496 ἐρημίας
3409 5428 3443 5495 ἡ
3497 5427 3704 5498 θεωρία
3730 5429 3832 5497 τῆς
3862 5427 3975 5482 ποί-

2409 5530 2549 5585 μνης
2576 5516 2703 5570 ὅσον
2729 5514 2873 5570 κατὰ
2927 5516 2999 5571 τά
3027 5516 3347 5587 φθάσαντας
3389 5518 3553 5575 Ἀλλὰ
3580 5520 3633 5574 τί
3664 5520 3818 5593 ἄρας
3862 5523 3976 5576 tut-

792 5650 1022 5708 ”Cant.
1056 5667 1131 5715 iv,
1165 5648 1253 5705 12.
1331 5649 1419 5703 "l
1454 5650 1582 5705 Cor.
1621 5668 1696 5715 vr,
1724 5650 1814 5707 20.
1892 5653 1936 5685 θ’
1963 5652 2122 5708 Rom.
2156 5669 2275 5719 vm,
2306 5656 2396 5709 Π.

2240 5747 2464 5807 ΝΟΤΑΞ.

808 5837 919 5907 (29.)
948 5837 1005 5893 Ιιι
1044 5838 1169 5893 cod.
1207 5838 1338 5907 Reg.
1370 5838 1505 5907 ρλη’.
