4156 6512
245 451 390 514 1409

1447 454 1990 518 EPISTOLAIIUM
2041 458 2186 518 LIB.
2247 459 2329 516 Il.

3394 452 3527 518 1l10

243 568 536 637 μείνωμεν
588 564 666 633 τῷ
726 565 951 633 πένθει;
999 569 1432 639 κατηφιάσωμεν
1502 571 1838 642 δυσθυμότε-

1944 592 2064 630 mus
2112 573 2396 629 animum?
2444 589 2512 627 an
2569 573 2748 627 dolori
2801 572 3266 628 succumbemus?
3312 571 3528 641 Nequa-

245 671 377 725 ρον;
427 651 784 722 ἑναφεθῶμεν
832 651 909 721 τῷ
959 654 1162 719 πάθει;
1224 655 1529 726 Οὑμενοῦν,
1569 655 1614 712 ὦ
1683 660 1839 712 ἀδελ-

243 746 374 816 φοί·
405 745 521 800 ἀλλ’
561 744 764 809 είδότες
801 746 886 799 ὅτι
919 745 1100 817 δόγμα
1148 747 1283 802 Θεοῦ
1320 751 1485 802 πᾶσιν
1531 751 1842 823 ἀνθρώποις

243 843 332 904 είς
365 840 579 908 γένεσιν
609 839 859 894 ἐλθοῦσιν
887 835 1049 904 αὖθις
1073 841 1352 905 ἀναλύειν,
1387 843 1486 896 καὶ
1521 843 1620 915 τὴν
1653 845 1838 916 κρείτ-

243 951 378 987 τονα
411 931 504 984 καὶ
534 931 797 1002 ἀπήμονα
825 932 1270 1003 μεταλαμϐάνειν
1302 934 1473 1006 ζωὴν.
1503 930 1572 1007 ἦς
1616 936 1842 1008 ἀπαρχὴ

244 1023 484 1094 Χριστὸς
501 1025 527 1076 6
550 1024 684 1087 Θεὸς
710 1023 890 1094 ἡμῶν,
913 1026 942 1078 ὁ
960 1025 1062 1095 τῆς
1088 1025 1232 1096 ζωῆς
1253 1027 1518 1098 ἀρχηγὸςο
1550 1028 1841 1097 παρακλη-

245 1118 436 1185 θῶμεν
476 1115 821 1187 παρακλήσει
852 1117 1012 1180 Θεοῦ,
1049 1119 1129 1182 είς
1158 1120 1385 1182 ἑαυτοὺς
1412 1119 1704 1190 γενώμεθα
1726 1137 1740 1150 ο
1765 1121 1844 1172 εῖ-

246 1226 447 1278 πωμεν
465 1226 479 1240 ο
514 1210 576 1262 '0
601 1210 820 1278 Κύριος
850 1210 1097 1277 ἔδωκεν,
1122 1213 1156 1266 ό
1172 1212 1391 1278 Κύριος
1418 1213 1723 1280 ἀφείλετο,
1749 1213 1842 1265 τὸν

246 1305 416 1358 καλὸν
445 1305 794 1372 διδάσκαλον,
817 1307 929 1368 ,τὸν
975 1308 1122 1378 ἱερὸν
1160 1307 1542 1378 καθηγεμόνα.
1605 1309 1699 1372 Τίς
1731 1310 1842 1380 γάρ

246 1397 424 1450 ἐστιν
444 1397 758 1467 ἄνθρωπος
787 1397 857 1464 ὃς
879 1398 1142 1468 ζήσεται,
1162 1401 1262 1455 καὶ
1284 1403 1397 1456 οὐκ
1416 1402 1630 1471 ὄψεται
1653 1403 1841 1459 θάνα-

249 1505 397 1554 τον;
429 1490 516 1545 ῖνα
545 1491 641 1545 τοῦ
696 1491 970 1563 ἡμετέρου
1004 1493 1221 1563 Πατρὸς
1248 1493 1566 1558 ξενοπαθεῖν
1601 1495 1838 1568 ἔχωμεν.

250 1581 748 1658 Εὐχαριστίητ]ἐον
787 1585 869 1637 ὃτι
896 1584 1141 1639 τοιούτου
1171 1586 1471 1658 ἠξιώμεθαο
1497 1590 1594 1642 καὶ
1624 1589 1707 1642 ὃτι
1738 1589 1843 1654 ἕως

250 1676 460 1747 γήρους
485 1678 578 1730 καὶ
608 1675 903 1747 πρεσϐείου
940 1679 974 1750 ἡ
997 1679 1225 1750 χρονικὴ
1251 1680 1560 1751 παράτασις
1586 1698 1600 1713 ο
1637 1682 1731 1734 καὶ
1759 1683 1841 1736 ὅτι

251 1785 317 1835 γε
349 1769 730 1836 ἐγκατέλιπεν,
762 1769 863 1822 οὐκ
900 1771 1544 1840 ἀπροστατεύτους,ούδὲ
1573 1774 1838 1844 ἐρήμουςο

249 1860 393 1913 ἀλλά
417 1862 512 1914 καὶ
537 1860 836 1932 εὐλόγησεν
888 1861 1088 1928 ὲξόδια,
1141 1865 1237 1917 καὶ
1266 1865 1544 1935 ἐπηύξατο
1567 1866 1836 1937 ἀρμόδιαο

1944 685 2134 739 quam,
2181 667 2417 722 fratres?
2464 668 2557 722 scd
2588 682 2713 722 cum
2757 669 2999 722 sciamus
3030 673 3294 721 statulum
3343 680 3464 718 esse
3495 679 3527 718 a

1943 761 2056 816 Deo
2098 762 2355 814 omnibus
2396 763 2448 814 in
2506 761 2682 815 lucem
2735 759 3136 828 prodeuntibus
3189 758 3526 822 hominibus,

1942 871 2164 910 rursum
2209 855 2480 922 dissolvi,
2528 869 2582 910 et
2629 855 2909 909 meliorem
2968 853 3208 921 malique
3247 860 3525 919 expertem

1942 948 2110 1001 vitam
2157 949 2434 1018 recipere,
2491 948 2653 1015 cujus
2703 947 2960 1016 primitiae
3016 946 3271 1001 Christus
3294 945 3340 976 “
3385 945 3530 998 Deus

1944 1052 2133 1096 uoster
2190 1043 2285 1112 qui
2338 1043 2598 1111 princeps
2650 1049 2735 1094 est
2791 1040 2954 1105 vitm;
3016 1039 3368 1093 consolemur
3427 1051 3530 1090 nos

1944 1135 2323 1189 consolatione
2357 1134 2471 1200 Dei,
2499 1133 2565 1188 ad
2595 1149 2693 1189 nos
2721 1133 2869 1204 ipsos
2894 1132 3209 1195 redeamus,
3241 1129 3492 1183 dicamus
3513 1143 3528 1154 ·

1944 1224 2204 1279 Dominus
2244 1225 2408 1290 dedit,
2464 1224 2724 1278 Dominus
2773 1223 2996 1278 abstulit
3019 1223 3064 1254 “
3105 1223 3311 1276 bonum
3355 1220 3532 1288 magi-

1946 1325 2146 1380 strum,
2193 1331 2410 1370 sacrum
2467 1315 2860 1369 institutorem.
2898 1312 3029 1379 Quis
3076 1312 3223 1367 enim
3266 1322 3342 1364 est
3373 1311 3530 1362 homo

1945 1411 2036 1478 qui
2067 1409 2196 1462 vivet
2224 1418 2273 1462 et
2324 1425 2426 1462 non
2453 1409 2647 1462 videbit
2686 1419 2911 1461 mortem
2933 1407 3020 1458 "?
3051 1415 3111 1459 ut
3140 1404 3320 1459 Patris
3357 1403 3531 1458 nostri

1945 1500 2280 1555 desiderium
2310 1499 2452 1555 ferre
2473 1514 2882 1554 assuescamus.
2914 1496 3151 1567 Agendaz
3188 1506 3318 1552 sunt
3342 1496 3532 1565 gratiae

1945 1593 2094 1662 quod
2131 1593 2294 1647 talem
2327 1593 2509 1662 adepti
2545 1591 2776 1656 fuimus,
2820 1599 2874 1644 et
2917 1589 3066 1656 quod
3115 1589 3183 1643 ad
3213 1597 3527 1659 provectam

1947 1699 2122 1755 usque
2149 1695 2367 1739 :etatem
2407 1684 2738 1754 seniumque
2767 1683 3093 1754 perductum
3130 1690 3214 1736 est
3247 1683 3370 1750 ejus
3406 1681 3533 1734 vita:

1944 1785 2184 1842 tempus,
2213 1783 2267 1829 et
2300 1773 2447 1844 quod
2480 1775 2599 1829 sine
2631 1781 2843 1829 rectore
2886 1787 2986 1827 nos
3019 1787 3126 1826 non
3157 1771 3400 1840 reliquit,
3432 1786 3532 1826 nec

1947 1869 2268 1934 solitarios;
2302 1868 2394 1922 sed
2430 1876 2486 1921 et
2524 1869 2714 1922 abiens
2755 1867 3059 1931 benedixit,
3094 1875 3148 1920 et
3171 1866 3528 1935 congruentia

251 1955 347 2007 καὶ
379 1954 476 2008 ἕνα
505 1954 616 2009 τῶν
649 1956 747 2009 σὺν
769 1956 899 2027 ὑμῖν
924 1959 1268 2029 κατέστησεν
1302 1960 1390 2030 ἐφ’
1419 1962 1565 2031 ὑμᾶς
1594 1979 1837 2034 προστα-

1949 1971 2201 2032 precatus
2233 1968 2338 2020 est.
2379 1969 2434 2013 et
2473 1974 2643 2014 unum
2676 1973 2706 2014 e
2736 1959 2897 2013 vobis
2934 1958 3221 2013 constituit
3245 1957 3336 2027 qui
3370 1955 3529 2010 vobis

249 2047 555 2102 τεύσονταο
613 2049 675 2103 ὃν
732 2052 1115 2122 παραινοῦμεν
1171 2053 1454 2118 ζώσασθαι
1510 2057 1587 2120 ὡς
1632 2057 1841 2112 τέλειον

251 2142 422 2214 ἄνδρα
449 2143 550 2215 τὴν
578 2144 772 2214 ὀσφῦν,
797 2146 894 2199 καὶ
918 2147 1357 2220 Χριστομιμήτῳ
1384 2148 1714 2204 ταπεινώσει
1741 2153 1841 2223 τῆς

251 2235 716 2308 ὲμπιστευθείσης
753 2237 906 2309 αὐτῷ
932 2239 1212 2304 διακονίας
1250 2241 1505 2312 ἔχεσθαι·
1531 2243 1717 2297 κανόνι
1745 2244 1842 2298 καὶ

253 2329 391 2398 ῖχνει
428 2329 526 2383 τοῦ
585 2330 861 2401 μακαρίου
905 2331 1119 2386 ἐκείνου
1171 2332 1551 2404 πορευόμενον
1584 2333 1664 2405 τῷ
1713 2335 1838 2389 κατ’

251 2419 476 2491 ἐντολὴν
499 2420 637 2474 Θεοῦ
677 2421 844 2494 λόγῳ.

325 2511 763 2584 Παρακαλοῦμεν
791 2514 848 2566 δὲ
875 2514 1140 2579 ὡσαύτως
1183 2520 1278 2572 καὶ
1313 2519 1480 2590 ὑμᾶς,
1521 2521 1623 2592 τὴν
1666 2521 1840 2593 καλὴν

249 2603 614 2676 ἀδελφότητα,
655 2606 970 2678 ὁμογνώμῳ
1023 2610 1209 2663 πίστει
1267 2630 1326 2665 τε
1375 2615 1470 2667 καὶ⁵
1526 2615 1717 2690 ἀγάπῃ
1758 2615 1838 2686 τῷ

253 2705 551 2768 νεοκτίστῳ
576 2699 916 2770 καθηγεμόνι
939 2701 1187 2756 ὑπείκειν
1215 2705 1274 2757 ὲν
1297 2706 1490 2777 Κυρίῳ
1512 2723 1526 2737 ·
1548 2706 1642 2760 καί
1670 2707 1840 2773 δεῖξαι

253 2791 334 2844 ὅτι
360 2790 532 2853 ὅντως
561 2793 590 2844 6
621 2792 756 2856 Θεὸς
786 2795 844 2846 ὲν
875 2794 1002 2863 ὑμῖν
1040 2797 1190 2857 ἐστι’
1235 2797 1330 2849 καὶ
1368 2800 1396 2851 6
1453 2799 1602 2862 ὅσιος
1648 2799 1839 2871 Πατὴρ

254 2882 709 2954 προθυμούμενος
736 2884 832 2939 καὶ
885 2885 1122 2938 συνδέων
1173 2888 1408 2952 πάντας,
1475 2889 1556 2952 εἰς
1585 2890 1841 2959 ὁμόνοιάν

253 2993 314 3030 τε
345 2976 440 3029 ml.
474 2975 804 3047 σύμπνοιαν.
834 2978 966 3044 Ναὶ,
995 2979 1219 3049 ἀδελφοὶ
1257 2980 1584 3052 ἐπιπόθητοι
1604 2997 1620 3012 ο
1665 2982 1841 3048 οὕτως

255 3069 467 3135 ἔσεσθε,
550 3068 695 3124 οὕτω
763 3070 1121 3142 παγιώθητε·
1189 3073 1296 3126 κᾶν
1336 3076 1487 3127 πᾶσα
1543 3075 1688 3146 ἀρχὴ
1738 3077 1841 3130 οὐκ

253 3161 560 3232 εὐμάρειαν
603 3161 756 3232 ἔχοι·
810 3163 991 3234 χρόνῳ
1017 3164 1074 3217 δὲ
1118 3164 1408 3236 προϊοῦσα,
1449 3169 1530 3229 είς
1561 3164 1676 3232 ἕξιν
1716 3169 1840 3221 ἐπι-

254 3253 590 3325 στημονικὴν
648 3254 1014 3310 καθίσταται·
1071 3258 1208 3328 μηδὲ
1259 3259 1563 3328 ὁμοιωθῆτε
1605 3262 1722 3324 τοῖς
1774 3262 1839 3314 ὲκ

1943 2054 2131 2123 praesit
2164 2070 2178 2106 :
2210 2068 2375 2123 quem
2421 2055 2708 2106 hortamur
2742 2059 2804 2105 ut
2837 2059 3098 2120 tanquam
3132 2051 3215 2103 vir
3254 2049 3531 2119 perfectus

1945 2147 2161 2200 lumbos
2192 2146 2464 2214 accingat,
2496 2152 2549 2199 et
2593 2143 2798 2198 Christi
2831 2143 3028 2198 scurrula
3067 2143 3380 2196 humilitate
3422 2141 3529 2194 im-

1943 2238 2183 2308 positum
2215 2235 2318 2292 sibi
2367 2236 2734 2290 ministerium
2775 2235 3159 2304 amplectatur,
3192 2234 3336 2288 beati
3379 2233 3529 2286 illius

1943 2331 2146 2401 regulae
2177 2338 2232 2384 et
2268 2329 2512 2400 vestigiis
2541 2328 2823 2395 incedens,
2860 2328 2966 2384 hoc
3003 2337 3108 2391 est,
3150 2325 3243 2380 Dei
3280 2327 3444 2381 verbo
3473 2335 3528 2380 et

1943 2422 2226 2480 mandato.

2014 2513 2313 2570 Hortamur
2339 2522 2520 2570 autem
2553 2523 2608 2571 et
2637 2529 2737 2570 vos
2780 2518 3012 2584 pariter.
3060 2514 3379 2583 praeclaram
3416 2513 3529 2568 fra-

1941 2610 2281 2674 ternitatem,
2320 2619 2380 2662 ut
2410 2607 2655 2662 unanimi
2691 2606 2795 2661 fide
2843 2615 2897 2662 et
2940 2606 3207 2662 charitate
3253 2621 3394 2659 novo
3441 2621 3530 2660 re-

1943 2704 2084 2759 ctori
2115 2703 2511 2772 obtemperetis
2541 2701 2594 2754 in
2622 2700 2894 2756 Domino:
2918 2699 3332 2768 ostendatisque
3359 2701 3524 2752 Deum

1943 2811 2133 2852 revera
2187 2796 2330 2848 inter
2381 2809 2480 2849 vos
2533 2809 2677 2858 esse,
2737 2803 3104 2862 sanctumque
3154 2791 3394 2855 Patrem,
3432 2791 3524 2860 qui

1943 2902 2137 2943 omnes
2173 2886 2461 2948 accendat,
2511 2896 2914 2957 connectatque
2959 2887 3027 2941 ad
3077 2885 3430 2942 concordiam
3474 2895 3530 2940 et

1943 2994 2298 3035 consensum.
2330 2977 2554 3049 Utique,
2582 2977 2778 3034 fratres
2809 2979 3198 3038 amantissimi.
3223 2979 3304 3032 sic
3329 2988 3524 3042 estote,

1943 3073 2024 3128 sic
2063 3072 2447 3127 stabiliamini.
2507 3071 2768 3138 Quamvis
2817 3072 3149 3142 principium
3202 3086 3366 3125 omne
3417 3087 3524 3124 non

1943 3166 2129 3222 statim
2160 3163 2478 3219 facilitatem
2509 3163 2706 3215 habeat
2736 3181 2747 3216 :
2783 3178 3079 3234 progressu
3108 3173 3286 3217 tamen
3317 3174 3530 3231 tempo-

1944 3257 2024 3310 ris
2060 3273 2221 3311 usum
2251 3267 2305 3312 et
2332 3241 2620 3311 scientiam
2668 3255 3011 3324 adipiscitur.
3052 3255 3159 3309 Nec
3198 3257 3409 3309 similes
3446 3255 3527 3308 eis

253 3319 558 3413 e68b;(sicl
587 3346 882 3420 φιλαρχίας
923 3319 1180 3415 ἀστάτοις
1226 3319 1322 3405 καί
1375 3319 1834 3424 ἀνεπιστήμοσιν.

1945 3347 2182 3411 fueritis,
2218 3348 2312 3418 qui
2347 3365 2411 3402 ex
2445 3348 2767 3402 dominandi
2811 3347 2996 3401 studio
3034 3349 3265 3416 inquieti
3319 3359 3449 3402 sunt
3475 3357 3529 3401 et

267 3438 486 3505 Ἐπειδὴ
509 3439 566 3491 δὲ
599 3442 694 3493 ἐπὶ
747 3441 910 3511 ξυροῦ
944 3444 1004 3494 τὸ
1047 3442 1142 3496 τοῦ
1190 3443 1436 3516 διωγμοῦ
1468 3448 1727 3516 πρᾶγμαν
1763 3448 1840 3519 μὴ

255 3531 526 3601 προδῶτε,
560 3531 715 3602 ὑμῶν
751 3533 964 3604 δέομαι,
991 3535 1092 3604 τὴν
1127 3535 1334 3596 πίστιν.
1379 3536 1515 3607 μηδὲ
1551 3539 1650 3607 τὴν
1688 3538 1842 3590 εὐσέ-

254 3626 438 3677 ϋειαν·
465 3624 583 3677 ἀλλ’
628 3627 678 3678 εί
735 3626 854 3696 ἥξει
907 3627 1176 3700 μηδαμῶς
1206 3632 1322 3688 τοῖς
1374 3633 1680 3701 αἱρετικοῖς
1713 3631 1841 3684 καθ’

253 3711 367 3770 οἷον
396 3717 598 3788 δήποτε
630 3719 832 3788 τρόπον
855 3721 1293 3791 συνυπαχθῆναι.
1325 3723 1396 3773 Φέ
1411 3739 1554 3792 ροιτε
1573 3724 1839 3791 γενναίως

257 3811 439 3862 πάντα
491 3810 723 3882 δεύτερα
767 3813 1085 3882 ἡγούμενοι,
1148 3813 1222 3884 μὴ
1266 3815 1428 3885 μόνον
1465 3817 1840 3887 μοναστήρια,

255 3901 352 3952 καὶ
409 3901 476 3952 τὰ
531 3902 591 3954 ἐν
648 3904 1033 3974 μοναστηρίοις
1096 3903 1333 3966 ἅπαντα,
1387 3905 1491 3958 κᾶν
1531 3901 1642 3958 εἷεν
1701 3905 1843 3974 ὑπὲρ

255 3994 375 4046 λίαν
408 3994 611 4064 ἄπειρα
633 4013 645 4025 ·
678 3996 814 4050 ἀλλὰ
843 3998 953 4066 γὰρ
982 3999 1079 4051 καὶ
1105 3999 1174 4052 τὰ
1199 3997 1412 4051 ἑαυτῶν
1445 3998 1703 4068 σώματθν
1737 3999 1838 4070 τὴν

257 4087 430 4157 καλὴν
488 4089 785 4157 φυγαδείαν
851 4092 1121 4162 ἑλόμενοι,
1195 4093 1420 4146 καὶ-τὸν
1467 4092 1561 4146 τοῦ
1597 4091 1841 4165 διωγμοῦ

259 4183 616 4250 μακαρισμὸν
668 4184 1102 4254 στεφανούμενοι
1180 4185 1272 4239 τὸν
1331 4185 1691 4257 ὑπερένδοξον
1747 4185 1844 4239 καὶ

256 4273 721 4344 ύπερθαύμαστον
743 4291 758 4306 ο
786 4275 930 4329 καθὰ
969 4277 1064 4330 καὶ
1094 4277 1408 4332 ἐντέταλται
1443 4279 1570 4348 ύμῖν
1599 4279 1628 4330 6
1658 4278 1839 4347 μακά-

259 4383 395 4436 ριος.
458 4367 522 4420 Εἰ
576 4367 634 4420 δὲ
685 4369 769 4421 ὅτι
828 4369 972 4422 ἑάλω
1008 4371 1248 4431 ἐκεῖνος·
1291 4370 1381 4424 ναὶ
1435 4370 1529 4422 κιιῖ¹
1588 4369 1691 4438 φεῦ
1743 4369 1842 4438 τῆς

254 4460 456 4530 ἦττηςί
492 4460 632 4532 πλὴν
667 4460 750 4514 ὅτι
772 4460 1181 4531 ἀνακέκληταισ
1224 4460 1364 4532 πλὴν
1397 4462 1478 4514 ὅτι
1517 4460 1840 4532 ἐπιτετίμη-

254 4570 368 4617 ται,
429 4555 525 4606 καὶ
586 4555 726 4624 μετά
780 4554 888 4606 τῶν
951 4555 1195 4608 εύσεὸῶν
1253 4555 1560 4624 συνῆπται,
1598 4556 1693 4608 καὶ
1754 4548 1840 4616 εἷς

1945 3440 2294 3510 impatientes
2311 3440 2637 3509 disciplinac.
2663 3437 2932 3492 Cmterum
2955 3439 3212 3508 quoniam
3235 3440 3288 3492 in
3311 3454 3530 3493 summo

1943 3535 2268 3589 discrimine
2295 3531 2695 3602 persecutionis
2728 3546 3040 3593 versamur,
3077 3532 3237 3585 fidem
3265 3542 3525 3595 vestram,

1945 3628 2197 3690 obsecro,
2235 3626 2603 3696 pietatemque
2639 3639 2708 3680 ne
2750 3625 2999 3694 prodatis
3029 3641 3043 3678 :
3077 3624 3171 3678 sed
3208 3625 3251 3678 si
3284 3625 3522 3689 ingruat,

1946 3720 2172 3773 minime
2229 3733 2355 3772 cum
2417 3718 2692 3772 haereticis
2749 3733 3081 3788 quocunque
3137 3730 3296 3788 pacto
3349 3718 3527 3771 abdu-

1944 3813 2170 3868 camini.
2217 3809 2367 3866 Forti
2402 3811 2587 3864 animo
2631 3812 2920 3875 sustinete,
2959 3811 3146 3865 omnia
3193 3811 3528 3879 posthaben-

1946 3916 2052 3969 tes,
2083 3920 2194 3958 non
2233 3904 2412 3960 solum
2444 3903 2804 3970 monasteria,
2845 3911 2900 3958 et
2928 3918 3268 3972 quaecunque
3309 3908 3365 3957 in
3412 3920 3529 3956 mo-

1945 3997 2202 4053 nasteriis
2245 4004 2400 4064 sunt,
2448 3995 2755 4065 Quamlibet
2800 4011 2964 4066 supra
3011 3996 3233 4050 modum
3273 3997 3385 4051 sint
3432 4011 3530 4051 co-

1944 4091 2122 4161 piosa,
2157 4091 2251 4144 sed
2289 4090 2509 4160 prapria
2541 4089 2707 4142 etiam
2737 4104 2966 4158 corpora
2992 4089 3314 4158 :pulchram
3344 4088 3525 4158 fugam

1943 4183 2233 4253 eligentes,
2293 4192 2346 4237 et
2403 4182 2801 4252 persecutionis
2863 4182 3202 4236 beatitudine
3255 4183 3528 4247 coronati,

1944 4292 2067 4346 qua:
2113 4275 2340 4345 gloriam
2385 4275 2762 4329 incredibilem
2811 4284 2866 4328 et
2896 4274 3277 4328 admirabilem
3320 4275 3524 4328 habet:

1944 4369 2411 4438 quemadmodum
2460 4369 2652 4424 beatus
2700 4367 2867 4422 etiam
2907 4367 3000 4422 ille
3040 4367 3195 4421 vobis
3246 4369 3524 4436 praecepit.

1945 4463 2100 4529 Quod
2150 4463 2198 4518 si
2245 4462 2370 4532 quis
2417 4463 2627 4516 victum
2680 4461 2836 4515 illum
2896 4459 3069 4514 fuisse
3112 4461 3282 4524 dicat,
3337 4461 3526 4530 utique

1944 4566 1999 4612 et
2031 4555 2367 4625 deploranda
2411 4555 2597 4610 clades
2635 4570 2649 4607 :
2683 4562 2740 4608 at
2783 4563 3079 4608 revocatus
3110 4563 3214 4617 est,
3265 4563 3320 4607 at
3353 4552 3532 4622 paeni-

254 4646 373 4697 ἐστι
417 4645 525 4697 τῶν
552 4645 798 4714 ἀδελφῶν
848 4647 942 4700 καὶ
983 4648 1248 4718 Πατέρων
1275 4647 1436 4717 ἡμῶν
1459 4665 1470 4676 ο
1503 4648 1696 4700 καθότι
1748 4647 1843 4699 καὶ

1949 4649 2176 4703 tentiam
2226 4649 2356 4716 egit,
2397 4657 2452 4701 at
2485 4647 2591 4717 piis
2627 4660 2958 4718 aggregatus
3005 4657 3109 4712 est,
3145 4663 3401 4716 unusque
3447 4655 3532 4700 est

255 4737 596 4790 εἰσδέδεκται
630 4739 766 4810 πρὸς
823 4740 918 4793 τοῦ
943 4739 1313 4811 ίεροτελεστοῦ
1365 4739 1526 4810 ἡμῶν
1553 4757 1844 4810 μακαριω-

1943 4741 2175 4794 fratrum
2206 4739 2544 4808 Patrumque
2573 4746 2914 4792 nostrorum.
2942 4737 3131 4808 Itaque
3160 4747 3412 4806 receptus
3446 4746 3531 4790 cst

253 4829 422 4883 τάτου
487 4832 856 4901 πατριάρχου.
915 4830 1103 4885 Ταῦτα
1181 4825 1273 4883 οὖν
1338 4830 1562 4896 εἰδότες,
1598 4831 1842 4899 ἀδελφοὶ,

1944 4829 2106 4883 etiam
2157 4827 2226 4880 ab
2280 4827 2536 4881 antistite
2587 4836 2799 4892 nostro,
2835 4829 3155 4882 beatissimo
3191 4827 3528 4897 patriarcha.

253 4921 625 4992 εύψυχήσατε,
655 4924 1051 4994 εὐτακτήσατε,
1099 4918 1160 4976 εὖ
1203 4922 1489 4993 πράξοιτε,
1524 4925 1582 4976 ὲν
1612 4923 1836 4994 Χριστῷ

268 5015 448 5084 Ἰησοῦ
509 5014 586 5085 τῷ
633 5017 824 5087 Κυρίῳ
866 5018 1047 5087 ἡμῶν,
1099 5017 1158 5081 δς
1198 5019 1454 5070 κάκεῖνον
1501 5017 1845 5070 ἀναπαύσειε

259 5109 403 5180 μετὰ
452 5109 700 5173 δικαίων,
758 5111 855 5162 καὶ
906 5111 1050 5180 ὑμᾶς
1109 5109 1498 5179 καταρτίσειεν
1561 5111 1618 5162 ὲν
1672 5111 1842 5163 πᾶσιν

255 5202 507 5272 ἀγαθοῖς,
532 5204 885 5274 ἠγαπημένοι
914 5205 947 5274 ὴ
956 5203 1072 5274 μῶν
1102 5203 1342 5272 ἀδελφοί.

542 5393 846 5466 PKZ'(25).
880 5395 1081 5464 Πέτρῳ
1109 5395 1379 5460 Νικαίας.
1419 5397 1540 5466 [χοα
1559 5395 1602 5467 .]

1946 4919 2072 4972 Ilaec
2095 4918 2266 4988 igitur
2299 4933 2425 4972 cum
2458 4917 2612 4972 vobis
2645 4929 2930 4987 comperta
2963 4919 3096 4981 sint,
3130 4917 3350 4979 fratres,
3383 4917 3530 4970 bono

1947 5009 2141 5063 animo
2193 5019 2392 5071 estote,
2423 5010 2777 5078 disciplinam
2812 5019 3046 5075 servate,
3087 5010 3222 5064 bene
3259 5011 3431 5064 valete
3474 5011 3529 5062 in

1952 5102 2173 5156 Christo
2203 5100 2331 5156 Jesu
2377 5101 2611 5157 Domino
2661 5110 2878 5166 nostro,
2928 5103 3023 5173 qui
3080 5114 3132 5155 et
3183 5102 3257 5155 illi
3289 5104 3526 5172 quietem

1955 5194 2160 5248 tribuat
2198 5210 2323 5249 cum
2350 5196 2540 5264 justis,
2577 5206 2634 5250 et
2663 5210 2760 5250 vos
2799 5198 2852 5248 in
2889 5197 3049 5249 bonis
3079 5195 3333 5250 omnibus
3359 5195 3529 5264 perli-

1953 5287 2081 5351 ciat,
2118 5286 2304 5342 dilecti
2331 5287 2530 5341 fratres
2562 5288 2758 5342 nostri.

2333 5399 2594 5454 CXXVII.
2619 5429 2690 5438 —
2723 5397 2874 5454 Petro
2925 5399 3138 5455 Nicone.

1043 5528 1366 5593 Apologetica
1386 5530 1624 5578 adversus
1655 5528 2057 5581 calumniatores.
2084 5533 2284 5597 (Baron.
2311 5550 2394 5588 an.
2417 5537 2529 5598 825,
2556 5551 2608 5587 η.
2648 5536 2748 5600 19.)

331 5641 449 5699 Νῦν
520 5641 855 5714 εύοδούμεθα
926 5641 1232 5694 ἐπιστεῖλαι
1291 5642 1358 5709 τῇ
1433 5643 1677 5711 πατρικῇ
1743 5658 1838 5693 σου

332 5763 380 5797 ⁸³
409 5762 422 5813 Ι
448 5742 574 5815 Cor.
601 5777 688 5824 xv,
722 5761 790 5815 20
890 5758 1061 5815 "Job
1093 5775 1130 5826 ι,
1163 5757 1254 5812 2|.
1330 5759 1376 5789 9’
1404 5755 1550 5810 Psal.
1591 5774 1748 5822 xvm,
1785 5757 1874 5812 49.

2023 5644 2181 5702 Nunc
2232 5655 2541 5719 opportuna
2609 5647 2884 5704 scribendi
2944 5658 3184 5718 paterna:
3249 5645 3532 5703 sanctitati

1774 5851 2006 5907 ΝΟΤΑΕ.

337 5949 448 6018 (~23)
475 5947 534 6004 In
564 5947 686 6003 cod.
714 5947 845 6018 Reg.
909 5943 1039 6016 ρλϐ’.
