4156 6500
679 390 815 458 1411

1874 403 1936 463 S.
1974 402 2368 466 THEODORI
2405 402 2756 465 STUDITIE

3824 400 3971 464 1412

677 517 788 563 tua:
831 507 995 563 datur
1042 508 1291 573 occasio,
1333 519 1628 581 postquam
1680 512 1755 568 ab
1809 516 2005 573 exsilio
2055 518 2259 574 reversi

2364 518 2675 588 ἁγιωσύνῃ·
2730 515 2972 588 ὁπηνίκα
3040 514 3569 586 ἀνθυπεστρέψαμεν
3609 513 3718 584 τῆς
3774 534 3970 585 φυγαο

676 617 892 657 sumus.
953 602 1240 670 Siquidem
1297 602 1556 658 incursus
1594 604 1836 660 Arabum
1893 622 1997 663 nos
2044 624 2265 681 quoque

679 694 915 748 humiles
961 710 1087 749 cum
1134 696 1261 750 aliis
1288 696 1578 765 permultis
1619 697 1848 766 ejicieus
1885 701 1954 753 ab
1996 700 2260 771 hospitio,

678 787 732 839 in
774 788 1081 857 principem
1124 788 1358 842 insulam
1414 799 1541 843 ante
1589 792 1781 844 urbem
1816 792 2019 863 abegit.
2062 792 2118 847 ln
2154 812 2261 864 qua

677 881 881 949 quibus
911 884 1176 936 arumnis
1198 881 1379 936 affecti
1406 881 1674 937 fuerimus
1704 886 1903 953 partim
1934 902 1963 940 a
1996 886 2263 957 profugo-

679 990 801 1027 rum
837 984 1063 1043 urgente
1090 988 1189 1028 nos
1218 975 1398 1039 turba,
1426 975 1624 1043 partim
1650 977 1719 1028 ab
1749 989 1885 1031 aestu
1918 988 1971 1032 et
2000 980 2160 1047 aquis
2194 978 2263 1031 ad

680 1077 871 1135 potum
940 1066 1169 1120 minime
1221 1067 1459 1131 idoneis,
1522 1068 1655 1137 quid
1712 1083 1853 1138 opus
1906 1081 1992 1126 est
2040 1071 2265 1126 dicere?

679 1156 874 1211 Postea
923 1172 1075 1222 vero,
1133 1167 1194 1211 ut
1238 1159 1363 1212 inde
1399 1160 1673 1229 progressi
1721 1176 1917 1217 sumus
1967 1162 2035 1216 ad
2086 1163 2261 1216 vicina

679 1248 1019 1304 Clialeedoni
1058 1250 1200 1313 loca,
1244 1251 1311 1304 ad
1347 1250 1448 1304 ista
1481 1252 1593 1304 duo
1630 1252 1884 1317 accessit,
1935 1262 1990 1308 et
2037 1254 2143 1308 hoc
2184 1252 2266 1307 al-

682 1349 885 1406 terum,
922 1342 1069 1410 quod
1120 1341 1174 1395 in
1227 1342 1613 1412 gravissimum
1664 1343 1961 1399 incidimus
2014 1346 2263 1400 morbum

680 1433 775 1503 qui
825 1434 1091 1489 miserum
1147 1448 1351 1503 corpus
1407 1442 1656 1488 nostrum
1716 1444 1862 1491 totos
1906 1447 2115 1507 septem
2145 1438 2265 1493 dies

682 1542 867 1579 rerum
911 1524 1196 1580 doloribus
1235 1524 1428 1580 afﬂixit
1461 1548 1474 1580 ι
1509 1538 1674 1596 atque
1728 1538 1789 1580 ut
1843 1529 2013 1583 semel
2063 1530 2261 1595 dicam,

681 1617 843 1686 plane
875 1617 1218 1672 laboriosum
1256 1618 1359 1671 iter
1402 1627 1650 1671 nostrum
1691 1616 1817 1672 fuit.
1860 1620 2117 1675 Attamen
2161 1622 2264 1674 tria

681 1706 797 1760 haec
827 1706 1016 1759 divino
1058 1722 1283 1760 munere
1330 1705 1489 1761 nobis
1524 1707 1847 1777 obtigerunt
1880 1726 1893 1762 :
1924 1711 2163 1779 primum
2208 1718 2267 1764 ut

681 1796 1060 1851 beatissimum
1095 1797 1406 1866 pontificem
1453 1807 1704 1852 nostrum
1735 1798 2129 1864 salutaremus,
2178 1816 2267 1855 εε-

2364 610 2548 674 δείας·
2586 608 2822 680 ἐπείπερ
2875 610 2910 679 ἡ
2962 608 3071 661 τῶν
3129 606 3415 680 Ἀρῤάὸων
3448 607 3640 678 ἔφοδος
3678 607 3784 659 σὺν
3831 608 3974 661 πολ-

2366 703 2474 765 λοῖς
2510 701 2691 765 ἀλλοις
2740 702 2836 756 καὶ
2868 704 3016 773 ἡμᾶς
3061 703 3188 765 τοὺς
3230 702 3523 762 ταπεινοὺς
3562 699 3800 771 μεθεῖσα
3866 705 3974 769 τῆς

2366 794 2570 861 ξενίας,
2600 795 2859 864 ἀπήγαγε
2910 793 3018 864 πρὸ
3052 793 3146 846 τοῦ
3171 794 3366 856 ἄστεος
3420 793 3481 844 ἐν
3536 794 3604 863 τῇ
3657 792 3973 863 Πριγκίπῳ

2367 890 2535 956 νήσῳ.
2597 881 2751 961 Ἐνῇ
2798 887 2921 939 ὅσον
2977 886 3541 956 ἐταλαιπωρήσαμεν,
3596 886 3709 939 ἀπό
3764 903 3825 939 τε
3866 884 3969 937 τοῦ

2367 978 2682 1048 συνέχοντος
2714 978 2861 1046 ἡμᾶς
2911 976 3313 1046 φυγαδευτικοῦ
3356 974 3489 1028 λαοῦ
3521 989 3535 1002 ·
3581 974 3677 1027 τοῦ
3709 993 3774 1029 τε
3826 973 3975 1029 καύ-

2368 1087 2564 1137 σωνος,
2594 1068 2829 1123 καὶτῶν
2886 1068 3169 1121 δυσπότων
3219 1068 3452 1129 ὑδάτων,
3490 1065 3543 1119 τί
3590 1066 3674 1118 δεῖ
3721 1069 3820 1121 καὶ
3878 1067 3972 1119 λέ-

2365 1180 2517 1233 γειν;
2554 1159 2689 1217 Εἶτα
2718 1162 2911 1233 ἐπειδὴ
2946 1160 3271 1233 προύσημεν
3329 1158 3615 1230 ἐγγυτέρω
3661 1162 3812 1213 κατά
3864 1161 3973 1230 τὴν

2365 1256 2705 1326 Χαλκηδόνα,
2744 1256 2861 1309 ἐκεῖ
2910 1258 3024 1307 τοῖν
3069 1255 3215 1308 δυοῖν
3256 1252 3512 1324 θάτερον·
3566 1253 3971 1323 κατεπέσαμεν

2366 1351 2424 1403 ἐν
2456 1349 2711 1421 ἀσθενείᾳ
2737 1349 3005 1419 δυσοίστῳ
3031 1349 3366 1419 νεφριτικοῖς
3402 1347 3588 1410 πόνοις
3609 1346 3971 1422 παιδευούση

2366 1441 2522 1511 ἡμῶν
2547 1444 2644 1511 τὴν
2676 1440 2914 1507 ἐλεεινὴν
2946 1442 3125 1512 σάρκα
3159 1442 3357 1509 μέχρις
3385 1438 3779 1508 ἐϐδοματιαίου
3810 1442 3966 1510 χρό-

2365 1550 2487 1586 νου·
2514 1534 2613 1587 καὶ
2646 1532 2840 1597 ἁπλῶς
2886 1535 3085 1596 είπεῖν,
3118 1531 3512 1603 ἀργαλεωτέρα
3542 1528 3701 1601 ἡμῶν
3746 1532 3783 1601 ἡ
3837 1533 3969 1596 ὁδὸς

2367 1625 2632 1693 ἐγεγόνει.
2668 1626 2864 1695 Ὅμως
2900 1624 3029 1695 τρία
3080 1624 3258 1677 ταῦτα
3286 1624 3515 1691 γέγονεν
3558 1624 3692 1692 ἡμῖν
3735 1624 3967 1677 ἐπιτεύο

2366 1735 2557 1788 γματα
2582 1718 2725 1771 Θεοῦ
2764 1719 2953 1789 χάριτι
2970 1733 2986 1748 ·
3018 1717 3111 1771 τόν
3136 1734 3196 1773 τε
3226 1715 3647 1789 μακαριώτατον
3673 1715 3835 1787 ἡμῶν
3855 1721 3967 1790 ἁρ-

2366 1810 2555 1882 χιερέα
2600 1814 2980 1881 προσκυνῆσαι
3022 1808 3417 1881 κομισαμένοις
3457 1810 3560 1872 τάς
3598 1808 3756 1877 ίεράς
3789 1826 3966 1879 προσ-

680 1887 794 1940 cris
828 1886 948 1954 ejus
988 1887 1248 1955 precibus
1275 1886 1557 1953 fruentes;
1585 1888 1783 1943 deinde
1811 1891 1911 1944 ltos
1938 1904 2101 1961 atque
2140 1891 2261 1946 illos

2364 1903 2528 1971 ευχάς
2556 1902 2750 1955 αὑτοῦ·
2813 1902 3009 1954 ἔπειτα
3042 1899 3233 1954 τούσδε
3268 1899 3367 1954 καὶ
3404 1900 3593 1954 τούσδε
3631 1899 3743 1952 τῶν
3787 1900 3963 1969 ίερῶν

680 1994 870 2034 sacros
897 1980 1088 2034 Patres
1122 1997 1188 2035 ac
1214 1980 1448 2048 fratres;
1496 1997 1561 2036 ac
1594 1984 1776 2047 tertio,
1822 1991 1881 2036 ut
1918 1984 2257 2054 objectiones

678 2084 734 2129 ct
799 2075 1226 2130 criminationes
1291 2074 1388 2129 Dei
1447 2074 1827 2131 misericordia
1884 2076 2257 2145 diluerentur,

677 2182 819 2237 quas
859 2174 1052 2220 contra
1104 2181 1228 2228 nos.
1276 2168 1466 2221 nescio
1518 2167 1687 2230 unde,
1732 2168 2079 2223 suseitaruut
2110 2169 2261 2240 pacis

678 2259 930 2329 opifices.
984 2259 1381 2314 Scliismaticos
1439 2275 1541 2314 nos
1589 2268 1747 2315 antea
1797 2261 2189 2331 depinxerunt,
2229 2277 2260 2317 a

677 2352 845 2405 divini
878 2352 1160 2420 pontificis
1193 2352 1365 2405 nostri
1415 2352 1698 2407 consortio
1742 2367 1968 2409 aversos
2000 2370 2015 2408 :
2050 2355 2260 2424 privata

677 2445 1004 2499 auctoritate
1060 2458 1191 2497 usos
1220 2441 1393 2498 fuisse
1436 2443 1779 2498 allirmarunt
1820 2445 1876 2498 in
1908 2460 2098 2500 eorum
2144 2460 2263 2516 po:-

675 2536 804 2599 nis,
864 2534 957 2605 qui
1008 2535 1281 2588 heretica:
1341 2536 1720 2588 communioni
1779 2536 2264 2590 adhzeseruntzet

675 2630 783 2684 alia
823 2629 992 2683 multa
1023 2644 1144 2697 qua:
1188 2629 1416 2697 epistola
1449 2629 1731 2684 includere
1760 2628 2036 2685 difﬁcilius
2074 2638 2180 2684 est.

752 2721 957 2777 Verum
994 2723 1061 2775 ad
1105 2719 1345 2790 singula,
1394 2728 1453 2774 ut
1481 2720 1743 2785 diximus,
1782 2722 1988 2775 auxilio
2029 2736 2256 2791 precum

678 2825 901 2869 tuarum
938 2813 1189 2883 apposite
1231 2813 1648 2881 respondentes.
1672 2822 1727 2867 et
1759 2828 1884 2867 cum
1923 2827 2087 2869 sacro
2122 2828 2261 2883 pon-

680 2908 826 2963 tifice
862 2920 1052 2963 nostro
1086 2909 1499 2963 communicare
1526 2923 1628 2963 nos
1657 2908 2024 2974 ostendimus,
2063 2908 2160 2978 qui
2203 2917 2259 2964 et

677 3015 896 3055 summa
929 3000 1275 3055 humanitate
1302 3014 1405 3054 nos
1428 2999 1664 3069 excepit,
1696 3008 1751 3054 et
1779 3008 2028 3054 amanter
2056 3009 2262 3054 tracta-

680 3096 849 3146 vitet
885 3092 1119 3156 dimisit,
1169 3091 1319 3145 nulla
1364 3092 1644 3145 mentione
1692 3090 1834 3147 facta
1883 3107 2099 3154 eorum,
2140 3108 2263 3161 qua:

682 3200 783 3254 per
807 3185 993 3239 dolum
1025 3184 1259 3239 conficta
1288 3182 1525 3239 fuerant.
1559 3183 1871 3250 Quinetiam
1897 3200 2021 3239 cum
2054 3185 2259 3238 mentio
2284 3222 2329 3285 Ο

677 3277 835 3332 fieret
885 3278 953 3331 de
1003 3275 1235 3331 Domino
1280 3276 1441 3333 beato
1490 3275 1723 3332 Tarasio
1770 3279 1921 3347 (nam
1974 3286 2029 3331 ct
2071 3277 2141 3330 ab
2194 3291 2261 3331 eo

682 3371 963 3435 dixerant,
995 3367 1217 3423 Patrum
1244 3368 1453 3423 scilicet
1478 3377 1774 3435 amatores,
1806 3383 1906 3423 nos
1938 3366 2259 3434 descivisse,

679 3472 737 3516 et
771 3463 1073 3517 secundam
1116 3460 1171 3515 in
1211 3458 1389 3515 Nicaea
1420 3474 1672 3516 sanctam
1707 3460 2002 3532 synodum,
2034 3460 2259 3515 localem

679 3555 1000 3623 appellare),
1030 3568 1131 3609 nos
1152 3568 1287 3609 vero
1317 3553 1677 3625 probavimus
1696 3564 1751 3608 et
1780 3552 1931 3607 illum
1966 3554 2019 3607 in
2054 3554 2261 3609 sanctis

679 3648 943 3704 Patribus
997 3647 1223 3711 habere.
1268 3656 1325 3703 et
1374 3648 1643 3719 synodum
1691 3647 1875 3702 verbis
1929 3647 2263 3717 scriptisque

679 3740 1081 3795 (ecunienicam
1113 3740 1359 3795 confiteri
1395 3760 1409 3794 :
1447 3741 1573 3795 licet
1622 3739 1833 3809 uspiam
1871 3739 2167 3810 aliquando
2208 3748 2265 3795 et

678 3832 867 3901 aliquo
908 3834 1072 3886 modo
1112 3842 1167 3886 et
1194 3831 1525 3903 quibusdam
1580 3831 1739 3887 aliter
1788 3832 2258 3903 responderimus.

679 3925 815 3991 Qua:
847 3924 1071 3995 quidem
1118 3937 1227 3980 non
1274 3933 1514 3995 oportet,
1562 3924 1709 3979 sicut
1738 3940 1842 3980 nec
1893 3941 1956 3981 ea
1984 3942 2106 3997 quae
2145 3938 2260 3982 tum

681 4018 843 4073 aliter
873 4025 994 4072 acta
1023 4015 1271 4084 fuerunt,
1304 4033 1455 4073 nunc
1484 4018 1763 4087 inquirere
1788 4028 1843 4074 et
1878 4018 2161 4075 refricare.
2204 4017 2263 4074 id

678 4112 829 4166 enim
868 4111 1143 4167 tumultus
1176 4126 1401 4167 causam
1442 4111 1667 4181 prabet,
1700 4125 1801 4166 nec
1828 4111 2258 4167 emolumentum

683 4202 855 4256 ullum
890 4201 1067 4264 aﬂ‘ert,
1103 4202 1197 4258 sed
1234 4202 1622 4259 altercationes
1652 4202 1835 4272 potius
1869 4213 1923 4258 et
1953 4204 2261 4260 olfendicu-

681 4297 796 4351 lum
829 4296 1097 4351 Ecclesia:
1128 4296 1243 4351 Dei.
1281 4294 1398 4351 Hoc
1424 4308 1480 4353 et
1507 4298 1603 4352 illo
1642 4298 1805 4353 modo
1841 4297 1897 4353 lii
1937 4298 2094 4354 etilli
2125 4298 2264 4355 scri-

680 4401 915 4461 pserunt
969 4404 1034 4445 ac
1077 4399 1357 4459 egerunt:
1390 4390 1593 4461 singuli
1644 4406 1703 4445 se
1748 4389 2030 4445 veritatem
2077 4401 2264 4447 tenere

680 4481 1033 4535 arbitrantes.
1079 4479 1261 4534 Multis
1308 4482 1493 4547 annis,
1533 4489 1592 4534 ut
1644 4481 1813 4547 nosti,
1860 4484 2259 4548 amantissime,

2365 1996 2623 2067 Πατέρων
2646 1995 2741 2049 καὶ
2765 1995 3009 2065 ἀδελφῶν
3034 2011 3051 2026 ·
3076 1993 3174 2049 καί⁸
3202 1995 3407 2065 τρίτον,
3432 1994 3494 2048 τὸ
3523 1993 3780 2048 διαλῦσαι
3807 1995 3959 2050 ἐλέει

2361 2088 2497 2143 Θεοῦ
2522 2089 2619 2153 τὰς
2654 2092 2940 2152 ἐνστάσεις
2991 2087 3088 2141 καὶ
3129 2088 3652 2159 ἀπιπαραστάσεις,
3706 2085 3777 2149 ἃς
3824 2089 3960 2143 καθ’

2360 2183 2524 2253 ήμῶν
2551 2183 2652 2235 οὐκ
2676 2176 2774 2235 οἷδ’
2802 2180 2926 2235 ὅθεν
2969 2179 3188 2251 ἀνῆψαν
3216 2182 3265 2235 οί
3289 2180 3391 2251 τῆς
3411 2181 3639 2252 εἰρήνης
3678 2179 3957 2253 δημιουρο

2363 2274 2451 2342 γοί
2470 2290 2484 2304 ·
2511 2271 2906 2343 σχισματικοὺς
2936 2271 3088 2341 ἡμᾶς
3115 2271 3702 2341 προανεζωγράφησαν
3732 2272 3833 2342 τῆς
3855 2273 3959 2326 τοῦ

2364 2366 2653 2421 θεσπεσίου
2699 2365 2858 2435 ήμῶν
2903 2365 3211 2438 ἀρχιερέως
3252 2364 3581 2434 συναφείας·
3648 2364 3960 2437 ίδιονόμους

2361 2460 2710 2530 ἀπεφήναντο
2734 2460 2794 2511 ἐν
2832 2460 2955 2522 ταῖς
3000 2460 3313 2532 ἐπιτιμίαις
3367 2457 3477 2512 τῶν
3525 2458 3857 2515 ἑαλωκότων
3884 2464 3955 2533 τῇ

2361 2552 2615 2621 αίρετικῇ
2649 2550 2926 2621 κοινωνίᾳ.

2438 2727 2611 2783 ’Δλλα
2662 2728 2800 2783 ἄττα
2855 2727 3260 2801 ἐργωδέστερον
3305 2727 3385 2798 τῷ
3417 2729 3709 2799 γράμματι
3756 2732 3957 2784 ἐπικυ-

2361 2820 2531 2876 κλεῖν.
2593 2818 2761 2891 Πλὴν.
2802 2819 2877 2885 ὡς
2932 2820 3285 2891 προείρηται,
3332 2822 3522 2891 εὐχαῖς
3571 2839 3667 2876 σου
3714 2823 3855 2893 πρὸς
3892 2820 3955 2874 ἐν

2363 2913 2594 2967 ἕκαστον
2650 2913 3064 2983 ἀπαντήσαντες
3120 2911 3463 2977 εύθυδὸλως,
3513 2914 3611 2968 καὶ
3658 2915 3755 2969 τοῦ
3798 2912 3951 2984 ἱεροῦ

2361 3006 2394 3073 ἠ
2406 3003 2523 3074 μῶν
2541 3004 2879 3074 πατριάρχου
2909 3006 3218 3057 κοινωνικοὶ
3238 2999 3381 3057 εἶναι
3403 3005 3858 3076 ἀποδεδείχαμεν·
3889 3005 3951 3071 ὃς

2362 3097 2459 3150 καὶ
2485 3096 2623 3165 μετά
2653 3093 3103 3165 ὑπερϐαλλούσης
3132 3095 3601 3164 συγκατασάσεως
3623 3098 3720 3150 καὶ
3755 3095 3952 3162 ἐδέξα-

2360 3204 2422 3241 το
2456 3188 2553 3242 καὶ
2592 3186 3081 3259 ἐφιλοφρονήσατο,
3130 3187 3226 3241 καὶ
3274 3186 3596 3241 ἀπέστειλεν
3640 3189 3825 3257 ἡμᾶς·
3873 3189 3948 3258 μή

2366 3296 2514 3343 τινος
2535 3279 2697 3349 λόγου
2728 3280 2835 3333 τῶν
2869 3278 3329 3349 σκαιωρηθέντων
3354 3279 3946 3351 ἐπιμνηματισθέντος·

2367 3371 2428 3424 ού
2453 3372 2560 3441 μὴν
2585 3370 2721 3424 ἀλλά
2740 3371 2837 3424 καὶ⁵
2861 3370 2957 3425 τοῦ
2999 3370 3193 3443 κυρίου
3222 3371 3499 3443 Ταρασίου
3540 3372 3635 3425 καὶ
3673 3372 3733 3423 ἐν
3770 3373 3951 3439 ἁγίοις

2371 3463 2880 3537 μνημονευομένου·
2918 3462 3127 3533 ἔφασαν
3154 3462 3263 3534 γάρ
3300 3464 3351 3516 οἱ
3382 3461 3545 3532 δῆθεν
3583 3461 3949 3532 φιλοπάτορες

2367 3558 2464 3612 καὶ
2490 3556 2682 3611 τούτου
2702 3557 2853 3626 ἡμᾶς
2865 3554 3189 3624 διεσχίσθαι,
3219 3554 3317 3609 καὶ
3346 3555 3451 3625 τήν
3480 3571 3542 3623 γε
3571 3556 3630 3608 ἐν
3660 3556 3949 3627 Νικαίᾳτδ

2367 3651 2616 3722 δεύτερον
2636 3650 2801 3719 ἁγίαν
2834 3648 3051 3703 σύνοδον
3073 3648 3310 3719 τοπικὴν
3324 3646 3622 3702 ἀποκαλεῖν
3645 3664 3662 3681 ·
3691 3650 3859 3719 ἡμεῖς
3889 3648 3947 3702 δι

2370 3742 2819 3815 συνεστησάμεθα
2835 3743 3087 3805 ἑαυτοὺς,
3100 3740 3196 3794 καὶ⁷
3214 3740 3377 3793 αὑτὸν
3392 3741 3451 3793 ἐν
3474 3740 3755 3812 Πατράσιν
3772 3740 3948 3807 ἁγίοις

2367 3836 2549 3906 ἐχειν·
2574 3834 2668 3888 καὶ
2695 3834 2795 3903 τήν
2848 3849 2913 3900 γε
2951 3831 3174 3885 σύνοδον
3214 3830 3604 3902 οίκουμενικὴν
3656 3831 3942 3901 ὁμολογεῖν

2369 3928 2656 3997 ἐγγράφως
2682 3943 2741 3979 τε
2759 3926 2853 3979 καὶ
2874 3925 3171 3995 ἀγράφως·
3202 3924 3251 3976 εί
3279 3922 3375 3976 καί
3402 3940 3529 3987 που,
3560 3923 3653 3975 καί
3683 3923 3945 3988 ποτε,καί

2367 4036 2485 4083 πως
2507 4019 2599 4071 καί
2624 4035 2765 4071 τισιν
2797 4016 3180 4087 ἀπεκρίθημεν
3202 4013 3429 4084 ἑτέρως.
3467 4016 3537 4068 Ἀ
3564 4014 3627 4067 ού
3657 4013 3740 4068 δεῖ
3759 4015 3945 4087 ὥσπερ

2367 4112 2463 4166 καὶ
2496 4112 2568 4165 τά
2597 4108 2903 4183 τηνικαῦτα
2956 4108 3163 4177 ἐτέρως
3203 4107 3577 4179 πεπραγμένα
3607 4106 3702 4160 νῦν
3746 4107 3945 4176 ἀναζη-

2366 4208 2479 4259 τεῖν
2508 4204 2605 4259 καὶ
2642 4203 2985 4270 ἀναξαίνειν·
3025 4201 3145 4255 ἐστι
3182 4200 3292 4272 γὰρ
3339 4202 3585 4270 ταραχῆς
3614 4200 3812 4260 αἴτιον,
3851 4198 3945 4251 καὶ

2367 4295 2517 4350 οὐδὲν
2542 4294 2725 4362 ὄνησιν
2771 4291 2937 4363 φέρον
2956 4306 2969 4320 ·
2996 4290 3030 4363 ἢ
3066 4289 3267 4361 μᾶλλον
3289 4288 3624 4359 λογομαχίαν
3666 4290 3761 4342 καὶ
3784 4304 3943 4357 προσο

2368 4386 2546 4457 κοπὴν
2588 4388 2655 4455 τῇ
2692 4381 2994 4454 Ἐκκλησία
3048 4382 3143 4435 τοῦ
3196 4380 3370 4435 Θεοῦ·
3408 4380 3583 4445 οὕτως
3621 4381 3717 4435 καὶ
3750 4381 3940 4447 οὕτως,

2367 4478 2475 4531 οἶδε
2499 4479 2591 4531 καὶ
2623 4476 2754 4541 οἵδε,
2781 4474 3049 4547 ἔγραψανν
3082 4473 3341 4545 ἔδρασαν·
3394 4474 3617 4527 ἕκαστοι
3649 4474 3710 4527 τὸ
3746 4472 3941 4544 ἀληθὲς

678 4582 968 4643 peractum
1010 4571 1134 4636 fuit,
1185 4570 1331 4641 quod
1388 4571 1440 4626 in
1499 4587 1597 4627 ore
1649 4588 1798 4628 nunc
1854 4582 1939 4628 est
1989 4576 2259 4641 omnium,

2366 4570 2509 4639 ἔχειν
2544 4568 2799 4637 οἰόμενοι.
2822 4567 3069 4636 Μακροῖς
3090 4565 3293 4631 ἐτεσιν,
3310 4564 3385 4628 ὡς
3423 4561 3601 4629 οἶσθα,
3626 4565 3939 4636 τριπόθητε,

678 4666 939 4735 quodque
970 4665 1176 4719 Orienti
1204 4675 1370 4734 atque
1391 4662 1676 4720 Occidenti
1705 4664 1944 4721 innotuit
1965 4681 2086 4736 quae
2110 4676 2263 4735 gesta

678 4765 735 4812 et
763 4758 972 4827 scripta
1020 4765 1151 4812 sunt
1182 4766 1433 4812 evertere
1460 4766 1655 4811 neutra
1696 4772 1824 4826 pars
1864 4769 2063 4829 potest.
2108 4758 2265 4816 Nunc

678 4860 898 4918 tempus
930 4858 1016 4903 est
1050 4849 1385 4912 concordiae,
1414 4863 1564 4904 nunc
1613 4857 1832 4920 tempus
1878 4850 1930 4904 in
1968 4865 2264 4907 commune

680 4942 1020 4997 decertandi.
1053 4942 1255 4997 Eorum
1276 4942 1371 5013 qui
1401 4941 1535 5013 quid
1556 4942 1853 5013 scripsere,
1877 4954 2257 5010 monumenta,

679 5036 727 5090 si
761 5036 984 5105 quidem
1024 5044 1169 5091 recte
1198 5038 1402 5091 habere
1431 5036 1667 5107 posteris
1691 5036 2044 5105 videbuntur,
2091 5048 2259 5094 erunt

677 5126 843 5181 laude
873 5127 1035 5197 digna
1071 5145 1085 5181 :
1120 5128 1206 5182 sin
1237 5127 1440 5193 minus,
1475 5143 1657 5184 secus.
1690 5126 1892 5185 Fidelis
1920 5145 2122 5197 sermo,
2155 5146 2259 5187 nec

676 5218 828 5273 aliud
858 5219 961 5274 hac
990 5219 1057 5274 de
1075 5234 1133 5275 re
1158 5220 1342 5275 dicere
1372 5220 1521 5283 libet,
1552 5234 1731 5291 neque
1758 5220 1814 5275 in
1847 5236 2115 5291 praesens,
2154 5238 2253 5280 ne-

673 5325 785 5380 que
814 5309 868 5364 in
903 5318 1206 5379 posterum.
1238 5312 1306 5365 Et
1336 5310 1608 5377 ostendet,
1655 5311 1853 5383 inquit.
1890 5314 2011 5372 dies
2046 5316 2258 5371 revela-

673 5401 869 5466 tionis,
916 5412 970 5457 et
1017 5402 1359 5458 novissimus
1404 5402 1547 5473 ignis
1592 5418 1706 5473 quo
1744 5403 2068 5474 iudicantur
2112 5405 2254 5462 facta

675 5502 867 5549 nostra
912 5504 967 5549 et
1002 5504 1305 5566 purgantur
1325 5496 1393 5549 “.
1434 5494 1561 5551 Haec
1594 5496 1795 5565 partim
1840 5498 2085 5567 quidem,
2129 5507 2252 5553 tan-

674 5600 838 5656 quam
863 5585 1129 5641 unanimo
1151 5587 1292 5656 patri
1321 5595 1376 5641 et
1396 5588 1549 5653 pacis
1574 5590 1827 5660 auctori;
1858 5588 2059 5657 partim
2081 5588 2247 5644 etiam

673 5679 805 5749 quia
858 5676 1067 5733 doloris
1117 5679 1567 5735 commemoratio
1618 5680 1878 5738 solatium
1932 5680 2253 5736 dolentibus

670 5770 871 5826 aﬂ‘erre
908 5770 1212 5836 consuevit,
1270 5772 1583 5829 necessario
1635 5788 1665 5829 a
1714 5787 1800 5832 me
1840 5772 2045 5844 scripta
2099 5783 2249 5831 sunt.

745 5886 793 5919 "
824 5882 866 5938 ll
887 5882 1080 5942 Thess.
1119 5900 1159 5948 ι,
1192 5883 1244 5947 7,
1281 5885 1335 5940 8.

2362 4663 2425 4717 τὸ
2458 4660 2856 4733 θρυλλούμενον
2910 4657 3313 4731 κατεπράχθη,
3357 4659 3617 4731 ’Δνατολῇ
3655 4660 3749 4715 καὶ
3782 4660 3937 4713 Δύσει

2359 4753 2638 4825 γνώριμον
2665 4751 2962 4823 γενόμενον
2988 4768 3001 4780 ·
3043 4751 3114 4805 τὰ
3144 4752 3513 4823 πεπραγμένα
3563 4753 3657 4805 καὶ
3690 4769 3937 4824 γεγραμ-

2363 4846 2521 4916 μένα,
2556 4844 2671 4898 οὗθ’
2708 4845 2897 4916 ἕτερον
2931 4842 3103 4915 μέρος
3150 4843 3483 4913 ἀνατρέπειν
3528 4836 3645 4897 οἷόν
3685 4862 3746 4898 τε
3797 4848 3929 4899 ἐστι.

2358 4935 2473 4989 Νῦν
2510 4936 2700 5006 καιρὸς
2730 4933 3005 5003 ὁμονοίας,
3056 4932 3151 4985 νῦν
3206 4934 3398 5005 καιρὸς
3430 4933 3843 5005 συναθλήσεως·
3874 4935 3933 4987 τὰ

2365 5025 2850 5095 ἐγκαταλείμματα
2860 5024 2954 5077 τοῦ
2973 5025 3337 5096 γεγραφότος,
3357 5028 3406 5079 εἰ
3432 5027 3531 5098 μὲν
3553 5027 3615 5081 εῦ
3631 5027 3776 5093 ἕξειν
3801 5027 3936 5081 δοκεῖ

2363 5122 2476 5183 τοῖς
2516 5118 2816 5190 μετέπειτα
2838 5116 3065 5170 ἐπαίνου
3082 5117 3269 5171 ἔνδικα
3287 5135 3301 5149 ·
3326 5118 3375 5170 εί
3391 5117 3449 5170 δὲ
3484 5118 3583 5191 μὴ,
3606 5120 3928 5173 τούναντίον.

2361 5215 2560 5279 Πιστὸς
2584 5214 2613 5266 ὁ
2646 5212 2822 5281 λόγος,
2853 5212 2949 5264 καὶ
2978 5210 3109 5281 περὶ
3134 5210 3329 5265 τούτου
3350 5212 3535 5281 λέγειν
3569 5212 3697 5265 ἄλλο
3720 5215 3784 5265 οὐ
3808 5212 3927 5283 βου-

2358 5306 2596 5379 λόμεθα·
2627 5303 2751 5357 οὔτε
2777 5303 2893 5367 νῦν,
2919 5300 3045 5355 οὔτε
3071 5302 3209 5373 πρὸς
3238 5302 3300 5357 τὸ
3339 5303 3488 5375 ἑξῆς.
3522 5304 3633 5357 Καὶ
3666 5303 3926 5374 δηλώσει,

2358 5399 2545 5469 φησιν,
2582 5395 2744 5466 ήτῆς
2784 5392 3183 5464 ἀποκαλύψεως
3226 5394 3446 5467 ἡμέρα,
3493 5396 3589 5449 καὶ
3641 5396 3703 5449 τὸ
3749 5397 3929 5448 τελευ-

2354 5494 2505 5545 ταῖον
2532 5488 2663 5561 πῦρ,
2686 5481 2729 5555 ᾧ
2754 5486 2996 5560 κρίνεται
3026 5488 3123 5541 καὶ
3161 5487 3483 5558 καθαίρεται
3537 5486 3608 5541 τὰ
3667 5487 3922 5558 ἡμέτερα.

2361 5582 2548 5637 Ταῦτα
2566 5580 2702 5651 ὁμοῦ
2732 5582 2832 5651 μὲν
2862 5579 2938 5643 ὡς
2965 5580 3139 5650 Πατρὶ
3172 5580 3445 5652 συμψύχῳ
3467 5580 3566 5634 καὶ
3599 5580 3921 5653 είρηνάρχῳ·

2358 5673 2495 5747 ὁμοῦ
2524 5674 2582 5727 δὲ
2615 5674 2712 5728 καὶ
2756 5672 2839 5735 είς
2873 5672 2935 5726 τὸ
2980 5672 3217 5737 ἐξειπεῖν
3258 5674 3328 5727 τὰ
3364 5673 3608 5745 λυπηρὰ.
3646 5674 3922 5746 ῥαστώνην

2358 5766 2466 5827 οἵδε
2520 5770 2710 5843 φέρειν
2748 5769 2807 5824 ἐν
2862 5769 2977 5833 τοῖς
3030 5767 3433 5837 ὀδυνωμένοις,
3480 5769 3796 5838 ἀναγκαίως
3842 5768 3917 5837 γι-
