4156 6506
159 440 202 503 1
222 440 333 504 413

1386 444 1923 507 EPISTOLARUM
1985 443 2134 503 LIB.
2186 444 2266 505 II.

3318 437 3457 501 1414

145 571 458 622 γραπται.
509 552 573 605 El
609 552 665 605 δὲ
706 552 1098 625 παρακληθεὶς
1135 553 1309 626 ὀφθῇς
1346 558 1481 626 ἡμῖν
1524 561 1640 621 τοῖς
1681 577 1776 612 τα-

1893 559 2037 626 )ιιοι]
2078 559 2124 613 si
2158 559 2569 614 consolatorem
2596 566 2650 614 te
2681 561 2844 613 nobis
2879 557 3177 612 humilibus
3210 558 3459 628 praebue-

153 646 418 707 πεινοῖς,
468 641 638 694 κόπον
699 642 923 709 ἀγάπης
973 642 1523 712 ἀναλαμϐανόμενος,
1553 645 1777 707 πάντως

161 737 356 797 ἰδίους
404 735 552 804 ἡμᾶς
600 735 890 804 ποιήσειας
942 733 1073 805 ’περὶ⁸
1117 735 1316 790 πάντα.
1369 737 1432 788 Οί
1484 737 1581 789 σὺν
1641 737 1778 806 ήμῖν

161 826 663 898 ’προσαγορεύουσι
695 827 926 878 πλεῖστα
959 825 1058 896 τὴν
1109 826 1427 897 ἁγιωσύνην
1477 845 1593 881 σου.
1631 828 1778 891 Τοὺς

166 923 290 974 σὺν
319 921 400 972 σο¹ι
426 919 524 972 καὶ
556 920 717 990 ήμεῖς
750 916 982 970 πλεῖστα
1021 918 1550 990 προσφθεγγόμεθα,
1598 937 1776 973 πανα-

163 1027 448 1079 γιωτατε.

443 1126 600 1182 ΡΚΗ¹
623 1127 758 1199 (24).
789 1127 984 1196 Μαρίᾳ
1013 1127 1497 1195 παρθενευούσῃ.
1575 1126 1767 1201 [χος¹.]

1883 654 1984 718 ris,
2025 651 2311 708 charitatis
2360 652 2607 706 laborem
2662 652 3010 721 suscipiens;
3052 651 3280 706 omnino
3332 662 3458 706 tuos

1881 761 1987 800 nos
2019 744 2217 800 reddes
2252 745 2306 799 in
2358 746 2641 800 omnibus.
2675 744 2780 812 Qui
2830 746 3123 800 nobiscum
3172 754 3302 800 sunt
3330 761 3460 800 san-

1882 838 2129 892 ctitatem
2162 845 2312 891 tuam
2353 838 2651 906 plurimum
2690 839 2930 893 salutant
2963 856 2984 893 a
3009 853 3106 892 eos
3148 840 3239 907 qui
3281 847 3459 894 tecum

1883 936 2018 983 sunt
2043 929 2348 984 salutamus
2380 938 2436 984 et
2463 944 2567 984 nos
2597 929 2925 999 plurimum,
2958 930 3327 985 sanctissime.

2049 1128 2336 1184 CXXVIII.
2362 1160 2432 1170 —
2463 1130 2656 1186 Maria:
2687 1132 3044 1200 virginitatem
3083 1130 3293 1185 colenti.

1488 1243 1565 1295 De
1593 1244 1823 1296 laudibus
1848 1244 2167 1311 virginitatis.

278 1349 504 1421 Ἐπειδὴ
549 1348 647 1402 καὶ
697 1349 847 1413 ἅπαξ
899 1349 995 1403 καί⁷
1041 1350 1123 1414 δὶς
1177 1352 1482 1417 ἀποστολὰς
1545 1351 1784 1420 ἐφθάσα-

196 1460 304 1513 μεν
339 1442 490 1513 παρά
518 1442 616 1512 τῆς
639 1441 963 1510 τιμιότητός
999 1459 1094 1495 σου
1144 1442 1430 1509 δέξασθαι,
1479 1444 1783 1510 ἀναγκαῖον

194 1536 498 1608 ἐκρίναμεν
536 1534 611 1605 μὴ
644 1535 808 1604 μόνον
853 1534 983 1606 ψιλῇ
1027 1537 1355 1607 προσρήσει,
1390 1537 1529 1591 ἀλλά
1557 1538 1653 1590 καὶ
1696 1536 1786 1589 διά

193 1630 537 1699 γράμματος
569 1626 1016 1697 προσαγορεῦσαι
1043 1626 1146 1698 τὴν
1183 1627 1628 1699 σεμνοπρέπειάν
1663 1642 1780 1680 σου·

195 1723 300 1775 καὶ
327 1722 388 1774 οὐ
418 1719 674 1774 τοσοῦτον
729 1720 819 1773 διὰ
857 1721 958 1784 τὰς
991 1720 1330 1785 ἀποστολὰς,
1378 1721 1503 1773 ὅσον
1546 1718 1636 1772 διὰ
1683 1715 1785 1789 τὴν

198 1811 518 1882 σεμνότητά
548 1827 664 1865 σου.
701 1811 1069 1880 Μανθάνομεν
1098 1811 1208 1883 γὰρ
1243 1812 1324 1864 ὅτι
1355 1811 1447 1864 τὸν
1494 1813 1552 1864 ὲν
1580 1808 1789 1879 παρθε-

195 1904 295 1977 νίᾳ
321 1903 436 1975 βίον
487 1904 717 1975 ἑλομένη
768 1903 1042 1956 δουλεύειν
1066 1903 1143 1974 τῷ
1194 1902 1386 1974 Κυρίῳ
1435 1900 1790 1966 κατεδέξωὲν

193 2000 449 2071 ὁσιότητι
492 2001 587 2053 καὶ
645 1997 983 2071 δικαιοσύνῃ.
1027 1998 1094 2052 Τί
1145 1997 1254 2070 γὰρ
1289 1999 1543 2068 κρεῖττον
1582 1996 1791 2065 παρθε-

198 2093 322 2157 νίας
350 2109 366 2158 ;
428 2087 496 2164 ἦς
557 2093 591 2163 ἡ
649 2092 896 2162 μέριμνα
949 2090 1067 2153 πῶς
1100 2089 1288 2160 ἀρέσει
1322 2089 1400 2158 τῷ
1430 2087 1644 2159 Κυρίῳ,
1670 2085 1790 2150 πῶς

196 2186 555 2251 ἑπιτεύξεται
584 2185 694 2238 τῶν
728 2184 1034 2256 μελλόντων
1066 2180 1290 2252 ἀγαθῶν
1317 2196 1333 2210 °
1384 2181 1501 2245 πῶς
1525 2179 1784 2251 δυνηθείη

193 2275 493 2347 διαδράσαι
523 2275 623 2338 τὰς
649 2272 1025 2336 πολυπλόκους
1053 2271 1336 2342 μεθοδείας
1382 2270 1477 2325 τοῦ
1511 2270 1782 2324 διαϐόλου.

207 2370 277 2422 Ἠ
297 2369 355 2422 δὲ
379 2368 484 2421 ὑπὸ
507 2367 682 2437 γάμον
698 2364 954 2430 τελοῦσα,
979 2365 1318 2427 τούναντίον,
1344 2363 1466 2426 πῶς
1486 2362 1678 2433 ἀρέσει
1708 2361 1787 2432 τῷ

195 2459 383 2530 ἀνδρὶ,
403 2457 522 2520 πῶς
549 2457 650 2519 τὰς
682 2454 777 2509 τοῦ
804 2455 1015 2524 κόσμου
1038 2449 1098 2507 εὖ
1126 2452 1362 2523 διαθείη·
1389 2453 1424 2523 ή
1461 2451 1789 2522 περικλυζο-

196 2551 342 2622 μένη
366 2552 479 2614 τοῖς
498 2549 762 2622 ἁλμυροῖς
780 2547 846 2600 κύ
857 2564 992 2618 μασι
1011 2546 1106 2600 τοῦ
1135 2545 1277 2617 βίου,
1298 2547 1356 2598 ὲν
1375 2545 1453 2615 τῷ
1476 2542 1789 2616 φροντίζειν

197 2646 334 2718 περὶ
359 2645 568 2698 τέκνων
590 2660 652 2696 τε
678 2643 776 2696 καὶ
805 2641 1010 2695 δούλων
1044 2640 1138 2694 καὶ
1159 2638 1414 2693 δουλίδων
1435 2656 1450 2671 ·
1481 2639 1578 2690 καὶ
1591 2637 1698 2708 πρό
1723 2653 1787 2704 γε

198 2738 438 2805 τούτων,
471 2737 540 2790 τὰ
564 2736 696 2808 περὶ
722 2734 1023 2806 ἀρέσκειαν
1047 2732 1142 2786 τοῦ
1179 2730 1372 2803 ἀνδρός
1393 2746 1409 2763 ο
1440 2730 1595 2784 οὔπω
1625 2731 1785 2782 δυνα⁶

209 2830 352 2901 μένη
389 2828 833 2899 ὑπερανεστάναι
856 2826 966 2879 τῶν
1008 2825 1259 2896 στροφῶν
1289 2824 1385 2876 τοῦ
1427 2823 1662 2892 κόσμου,
1692 2820 1789 2874 καὶ

200 2923 284 2994 τῷ
315 2924 414 2991 τῆς
438 2922 678 2986 διανοίας
703 2920 890 2992 πτερῷ
925 2917 1280 2988 κουφίζεσθαι
1304 2917 1445 2987 πρὸς
1465 2915 1692 2986 Κύριον.
1716 2915 1789 2967 Σὺ

206 3013 322 3081 οὖν,
350 3010 394 3068 ὢ
415 3014 679 3085 καλλίστη
715 3012 1014 3083 γυναικῶν,
1045 3008 1293 3081 μακαρία
1321 3008 1396 3071 ὡς
1417 3007 1659 3076 ἀληθῶς,
1694 3007 1791 3060 καὶ

204 3107 616 3178 τρισμακαρία,
647 3107 730 3158 ὅτι
758 3106 858 3175 τὴν
888 3103 1103 3174 ἀγαθὴν
1138 3101 1332 3173 μερίδα
1361 3099 1612 3166 ἐξελέξω,
1648 3099 1790 3169 μετά

206 3200 430 3269 Μαρίαν
489 3198 709 3268 ἐκείνην
765 3199 864 3268 τὴν
911 3195 1181 3265 ἀοίδιμον,
1243 3193 1411 3247 οἱονεὶ
1465 3192 1790 3265 παρακαθε-

207 3289 415 3359 ζομένη
457 3288 610 3358 παρά
632 3289 760 3350 τοὺς
788 3287 953 3347 πόδας
980 3283 1074 3336 τοῦ
1122 3283 1299 3354 Ἰησοῦ
1326 3324 1340 3349 ,
1390 3281 1487 3334 καὶ
1514 3279 1792 3335 ἀκούουσα

205 3380 276 3434 δι’
307 3380 840 3454 ἀπραγμονεστέρου
883 3377 1001 3448 βίου
1047 3377 1139 3429 τὸν
1169 3375 1330 3443 λόγον
1367 3373 1535 3426 αὐτοῦ
1558 3389 1571 3402 °
1623 3374 1789 3444 ήγία-

1962 1350 2234 1418 Quoniam
2277 1354 2447 1408 semel
2477 1353 2786 1425 iterumque
2810 1375 2843 1428 a
2868 1355 3172 1409 reverentia
3205 1363 3298 1408 tua
3329 1370 3468 1408 nun-

1885 1443 1993 1500 tias
2039 1447 2378 1516 accepimus,
2429 1448 2805 1502 necessarium
2845 1447 3104 1502 duximus
3148 1463 3256 1500 non
3303 1448 3468 1501 nudis

1887 1536 2067 1590 solum
2108 1538 2315 1602 verbis,
2365 1538 2462 1593 sed
2491 1539 2654 1592 etiam
2705 1538 2906 1593 litteris
2943 1538 3096 1592 aﬂ‘ari
3142 1539 3466 1607 gravitatem

1887 1637 2038 1683 tuam
2074 1647 2088 1683 :
2124 1643 2301 1698 neque
2332 1630 2439 1684 hoc
2472 1639 2578 1684 tam
2612 1639 2835 1700 propter
2858 1631 3106 1696 nuntias,
3139 1646 3304 1700 quam
3339 1646 3468 1700 pro-

1886 1729 2008 1790 pter
2057 1721 2535 1776 honoriﬁcentiam
2591 1731 2762 1777 tuam.
2816 1722 3144 1778 Audivimus
3194 1723 3341 1777 enim
3392 1733 3467 1788 te,

1886 1821 2140 1882 suscepta
2168 1813 2506 1881 virginitatis
2545 1814 2917 1883 professione,
2971 1813 3205 1869 Domino
3236 1815 3291 1868 in
3340 1831 3469 1869 san-

1886 1906 2074 1960 ctitate
2111 1905 2397 1972 etjustitia
2452 1908 2664 1961 servire
2713 1907 3092 1962 constituisse.
3143 1906 3286 1973 Quid
3319 1907 3466 1962 enim

1887 1997 2241 2068 praestantius
2288 1997 2630 2066 virginitate,
2683 1999 2844 2066 cujus
2893 2014 3024 2052 cura
3067 2007 3151 2053 est
3189 1999 3470 2068 quomodo

1887 2091 2102 2160 placeat
2145 2088 2465 2158 Domino",
2509 2090 2791 2161 quomodo
2844 2090 3030 2146 futura
3077 2093 3220 2146 bona
3274 2107 3468 2147 conse-

1889 2193 2113 2254 quatur,
2146 2185 2429 2254 quomodo
2461 2184 2792 2254 multiplices
2820 2192 2988 2254 queat
3012 2185 3216 2238 diaboli
3249 2182 3470 2238 fraudes

1889 2275 2188 2329 declinare.
2243 2271 2378 2339 Qua:
2430 2289 2562 2329 vero
2606 2275 2958 2328 matrimonio
3011 2276 3232 2345 alligata
3285 2283 3391 2341 est,
3439 2291 3471 2330 e

1890 2368 2192 2428 contrario,
2235 2367 2515 2436 quomodo
2549 2367 2759 2436 placeat
2789 2368 2908 2422 viro
2929 2368 2998 2434 ⁸⁸,
3038 2367 3315 2438 quomodo
3349 2383 3472 2436 quae

1890 2459 2080 2512 mundi
2127 2469 2254 2514 sunt
2301 2468 2448 2514 recte
2490 2469 2767 2528 procuret,
2815 2461 3021 2515 amaris
3052 2461 3180 2515 vita:
3210 2460 3470 2515 ﬂuctibus

1890 2564 2156 2619 aestuans,
2205 2554 2336 2608 dum
2369 2554 2606 2609 sollicita
2637 2564 2720 2608 est
2755 2555 2822 2608 de
2850 2554 3059 2618 liberis,
3097 2555 3382 2624 servisque
3419 2564 3473 2608 et

1891 2647 2187 2709 ancillulis,
2227 2657 2282 2701 et
2330 2663 2445 2718 prae
2491 2648 2578 2702 bis
2626 2647 2912 2712 omnibus,
2957 2663 3160 2702 curans
3196 2663 3319 2718 quae
3353 2649 3473 2702 viro

1891 2749 2041 2809 grata
2079 2740 2190 2794 sint
2228 2758 2240 2794 :
2270 2743 2512 2794 nondum
2551 2741 2737 2795 valens
2768 2742 2954 2795 mundi
2987 2743 3259 2796 versutias
3287 2754 3473 2796 trans-

1891 2829 2144 2892 cendere,
2186 2838 2240 2883 et
2269 2830 2466 2885 mentis
2508 2830 2612 2884 alis
2653 2829 2871 2885 evolare
2920 2830 2986 2884 ad
3021 2829 3341 2887 Dominum.
3390 2830 3470 2884 'I‘u

1890 2934 2042 2989 ergo.
2094 2919 2425 2974 feminarum
2475 2917 2954 2989 praestantissima,
2997 2918 3154 2973 beata
3200 2934 3388 2972 revera
3420 2929 3474 2972 et

1893 3024 1977 3071 ter
2008 3015 2187 3073 beata.
2230 3015 2359 3083 quia
2385 3013 2652 3083 optimam
2684 3019 2892 3081 partem
2921 3009 3155 3080 elegisti,
3193 3018 3317 3079 post
3354 3009 3473 3064 Ma-

1893 3107 2032 3162 riam
2094 3106 2240 3159 illam
2298 3104 2754 3168 celeberrimam,
2823 3103 3019 3158 sedens
3074 3103 3474 3173 quodammodo

1894 3214 2056 3254 secus
2095 3200 2263 3267 pedes
2289 3196 2417 3250 Jesu
2445 3198 2492 3227 ’9
2529 3215 2544 3251 :
2574 3205 2626 3249 ct
2662 3211 2760 3265 per
2791 3196 3118 3264 quietiorem
3151 3195 3318 3248 vitam
3357 3210 3477 3248 ver-

1893 3295 2022 3349 bum
2069 3293 2215 3348 illius
2263 3291 2517 3355 audiens,
2549 3289 2916 3345 Sanctiﬁcasti
2987 3290 3242 3358 teipsam,
3306 3289 3473 3342 vitam

1896 3395 2046 3441 tuam
2089 3384 2200 3438 Deo
2247 3383 2301 3437 in
2344 3397 2547 3436 munus
2585 3379 2843 3435 offerens.
2886 3378 3198 3434 Nobilitasti
3250 3378 3477 3448 sangui-

211 3491 313 3537 σας
347 3473 551 3543 ἑαυτὴν
580 3471 656 3535 ὼς
685 3469 971 3542 κειμήλιον
997 3467 1119 3537 Θεῷ
1166 3466 1476 3537 ἀναθεμένη
1517 3465 1616 3537 τὴν
1645 3466 1791 3536 ζωήν

1896 3495 2020 3534 nem
2063 3487 2220 3531 tuum
2246 3475 2300 3528 in
2334 3474 2542 3544 Spiritu
2574 3483 2788 3537 sancto,
2823 3471 3253 3542 pulcherrimum
3287 3485 3476 3525 exem-

213 3583 331 3620 σου.
387 3565 768 3632 Ἐξευγένισας
795 3563 855 3616 τὸ
878 3557 1020 3631 αἷμά.
1060 3577 1155 3612 σου
1187 3563 1245 3612 ὲν
1304 3559 1584 3628 Πνεύματι
1628 3557 1791 3628 ἁγίῳ,

212 3661 381 3715 καλὸν
431 3659 738 3728 ὑπόδειγμα
785 3655 988 3724 ἑαυτὴν
1039 3652 1381 3724 προθεμένη,
1437 3653 1502 3704 Τί
1554 3652 1662 3723 γὰρ
1700 3653 1797 3705 καὶ

213 3749 577 3821 κερδήσουσιν
625 3750 681 3800 αἱ
729 3745 835 3799 ὑπὸ
876 3743 1146 3811 ζυγόν;εί
1210 3745 1283 3815 μή
1315 3761 1370 3795 τι
1418 3742 1526 3812 ἀρα
1566 3743 1800 3812 ἐκζητή-

217 3861 361 3898 σοιεν
413 3842 508 3895 καὶ
550 3841 932 3911 ψηλαφήσοιεν
989 3840 1084 3891 καὶ
1122 3836 1286 3889 αὐταὶ
1353 3838 1444 3889 τὸν
1500 3837 1634 3890 Θεὸν
1673 3836 1797 3891 καθ’

213 3941 341 3993 ὅσον
369 3929 480 3989 οἶόν
531 3951 612 3988 τε.
669 3932 807 4002 Οὐχὶ
859 3931 1032 3985 πᾶσαι
1066 3928 1321 3997 συζυγίαι
1359 3927 1798 3998 ἀποζεύγνυνται

214 4032 310 4085 διὰ
365 4028 630 4094 θανάτου;
678 4025 776 4095 οὐχ
819 4023 895 4086 ὡς
951 4023 1086 4096 ὗναρ
1132 4023 1202 4074 τὰ
1272 4022 1450 4094 ὡραῖα
1518 4023 1615 4076 τοῦ
1669 4023 1798 4095 τῇδε

218 4126 337 4196 βίου
387 4121 758 4190 ἀπέρχονταις
809 4117 949 4171 Ὅσα
979 4115 1036 4168 δὲ
1075 4115 1203 4185 περὶ
1227 4116 1319 4167 τὸν
1349 4116 1528 4184 γάμον
1560 4115 1795 4171 ἐλεεινάῐ

214 4221 264 4270 οί
321 4215 423 4286 μὲν
497 4211 748 4273 ἄπαιδες,
802 4210 851 4262 οί
901 4206 960 4261 δὲ
1028 4206 1385 4269 κακόπαιδες.
1448 4207 1663 4273 Πενίαι,
1704 4209 1802 4260 καὶ

214 4309 476 4364 πλοῦτοι·
515 4307 571 4358 αί
623 4304 722 4375 μὲν
747 4301 1060 4366 πιέζουσαι,
1109 4301 1203 4353 καὶ
1247 4302 1411 4354 οἱονεὶ
1468 4301 1801 4372 ἀποτηγανί-

217 4405 434 4467 Caesar
494 4401 541 4452 οἱ
612 4397 668 4450 δὲ
734 4393 1272 4466 μεταρριπτούμενοι
1347 4394 1422 4457 ὡς
1491 4396 1549 4447 ὲν
1612 4394 1801 4458 κύϐοις

217 4503 284 4554 ὲκ
314 4497 480 4551 τῶνδε
524 4497 606 4557 είς
650 4492 838 4545 τόνδε³
890 4488 1166 4552 παστάδες
1214 4490 1605 4560 ὲγειρόμεναι·
1663 4488 1802 4543 ἀλλά

219 4593 313 4645 καὶ
358 4590 497 4660 μετά
537 4588 772 4659 θρήνους
825 4583 1273 4654 καταλυόμεναι·
1317 4582 1510 4654 θρῆνοι
1556 4584 1652 4636 καὶ
1704 4600 1800 4637 κο-

218 4684 412 4742 πετοίο
494 4679 891 4748 ἀλλεπάλληλοι
937 4675 1255 4747 συμφοραί·
1329 4670 1405 4731 ὧν
1488 4675 1702 4747 πλήρης
1771 4677 1801 4730 ὀ

217 4776 352 4846 βίος,
382 4773 477 4826 καὶ
505 4771 574 4825 τὰ
601 4769 1028 4842 παραδείγματα
1057 4766 1163 4836 πρὸ
1196 4763 1516 4836 ὀφθαλμῶν.

1896 3572 2046 3643 plum
2091 3570 2146 3623 in
2185 3581 2236 3622 te
2272 3567 2388 3637 ipsa
2431 3580 2763 3636 proponens.
2802 3563 2943 3630 Quid
2975 3563 3121 3618 enim
3157 3562 3296 3617 lucri
3338 3561 3478 3615 refe-

1898 3674 2018 3720 rent
2065 3677 2187 3732 qua‘.
2235 3660 2337 3716 sub
2382 3658 2516 3729 jugo
2572 3665 2722 3722 sunt,
2780 3657 2887 3711 nisi
2934 3665 2988 3710 et
3053 3657 3184 3725 ipsa
3230 3666 3478 3722 quzerant

1898 3767 1954 3810 et
2004 3759 2298 3807 attrectent
2358 3748 2530 3803 Deum
2585 3757 2854 3817 quantum
2909 3747 3228 3816 possunt“!
3279 3749 3477 3800 Annon

1900 3845 2157 3913 conjugia
2203 3841 2388 3895 omnia
2440 3846 2619 3894 morte
2663 3839 3078 3893 dissolvuntur?
3109 3840 3305 3891 Annon
3358 3852 3478 3904 spe-

1900 3939 2050 3993 ciosa
2107 3937 2273 4005 hujus
2329 3936 2456 3988 vita
2518 3933 2722 3986 abeunt
2777 3932 2954 3985 instar
3014 3929 3256 3984 somnii?
3302 3927 3478 3994 Quam

1902 4031 2074 4086 multa
2103 4044 2232 4082 vero
2259 4029 2312 4081 in
2338 4024 2545 4096 nuptiis
2569 4022 2920 4078 miseranda?
2947 4022 3037 4076 alii
3064 4022 3251 4076 liberis
3270 4030 3458 4076 carent

1902 4126 1992 4180 alii
2028 4125 2297 4195 pessimos
2339 4122 2564 4175 habent.
2597 4118 2850 4189 Egestas,
2881 4126 2935 4171 et
2969 4116 3172 4171 divitia:
3206 4133 3219 4169 :
3252 4115 3344 4170 illa
3378 4133 3481 4169 an-

1901 4235 2058 4290 gens,
2117 4225 2172 4270 et
2226 4213 2634 4285 quodaminodo
2689 4224 3008 4279 excoquens
3055 4226 3070 4274 ;
3123 4209 3206 4263 ha:
3252 4209 3320 4262 ab
3378 4209 3484 4263 isto

1902 4309 1971 4364 ad
2027 4308 2212 4370 illum,
2274 4305 2512 4359 talorum
2573 4303 2767 4365 instar,
2816 4300 3174 4368 emigrantes.
3231 4296 3481 4351 Thalami

1904 4397 2175 4468 nuptiales
2216 4392 2504 4456 exstructi,
2532 4392 2628 4446 sed
2679 4398 2734 4444 et
2785 4405 2911 4443 cum
2955 4389 3104 4442 luctu
3160 4387 3429 4442 destructi
3466 4406 3478 4441 :

1902 4489 2140 4544 lamenta
2189 4496 2244 4541 et
2279 4486 2553 4555 planctus,
2606 4489 2660 4535 et
2693 4480 2918 4534 alternae
2957 4477 3325 4543 calamitates,
3356 4480 3483 4548 qui-

1902 4580 2006 4636 bus
2036 4579 2239 4634 relerta
2267 4585 2350 4631 est
2378 4576 2509 4640 vita,
2537 4583 2594 4630 et
2617 4588 2853 4645 quorum
2879 4572 3131 4643 exempla
3163 4574 3236 4627 ob
3267 4572 3481 4628 oculos.

286 4867 361 4920 Συ
391 4865 447 4918 δὲ
495 4863 701 4916 τούτων
744 4861 965 4915 πάντων
993 4859 1310 4928 ἀπέφυγες,
1369 4857 1791 4929 καλλιπάρθενε,

1972 4853 2054 4906 'I‘u
2086 4866 2215 4906 vero
2231 4849 2345 4904 hazc
2365 4849 2551 4902 omnia
2568 4845 2810 4911 evasisti,
2834 4845 2984 4917 virgo
3001 4845 3482 4918 prmstantissima,

215 4958 554 5014 κατοικοῦσα
594 4954 946 5027 μονοτρόπως
985 4955 1042 5006 ἐν
1081 4952 1250 5024 οίκῳο
1287 4953 1670 5023 φυλαττομένη
1718 4952 1794 5015 ὡς

218 5053 370 5124 ῥόδον
402 5049 630 5112 εὐωδίας
661 5047 848 5117 Κυρίῳ
878 5048 945 5116 τῇ
985 5044 1281 5116 παρθενίᾳσ
1303 5044 1505 5114 ἔχουσα
1531 5043 1796 5114 μενοῦνγε

218 5145 437 5205 πάντως
483 5142 579 5195 καὶ
627 5138 886 5192 θλιπτικά
936 5135 999 5188 ἐκ
1055 5154 1117 5188 τε
1168 5137 1382 5207 ὁρατῶν
1417 5137 1511 5189 καί¹
1545 5136 1796 5207 ἀοράτων

215 5239 310 5308 ὲχθ
322 5237 450 5308 ρῶν.
479 5234 700 5303 Ἐπειδὴ
725 5234 857 5286 ὅπου
879 5231 1142 5303 ἀνάθημα
1163 5229 1375 5301 Κυρίῳ,
1398 5231 1514 5282 ἐκεῖ
1541 5233 1568 5282 ό
1595 5229 1797 5302 λῃστὴς

216 5327 499 5399 ἰφεδρεύει
529 5327 729 5396 κλέψαι
753 5327 848 5379 καὶ
878 5324 1113 5395 συλῆσαι
1143 5323 1202 5375 τὸ
1226 5323 1390 5391 ἱερόν.
1425 5321 1588 5375 Ἀλλὰ
1609 5322 1802 5391 θάρσει

217 5426 275 5476 ἐν
327 5421 538 5492 Κυρίῳ,
577 5422 634 5474 ὲν
667 5413 711 5488 ᾧ
741 5418 1028 5482 πέποιθας,
1056 5418 1114 5469 ὲν
1167 5409 1211 5483 ᾧ
1241 5415 1493 5485 στέργεις
1537 5416 1664 5477 τοὺς
1710 5413 1803 5466 κό-

217 5534 389 5578 πους·
421 5518 504 5570 ὅτι
554 5514 720 5578 αὐτὸς
763 5512 939 5584 φύλαξ
982 5513 1086 5583 τῆς
1119 5510 1268 5580 ζωῆς
1331 5525 1460 5563 σουο
1510 5509 1801 5579 ἐπίκουρος

1903 4946 2134 5002 seorsim
2188 4941 2334 4997 domi
2387 4940 2660 5001 habitans,
2711 4947 2770 4992 ut
2825 4939 3150 4992 suaveolens
3207 4954 3327 4993 rasa
3391 4956 3484 5008 per

1901 5038 2264 5108 virginitatem
2286 5031 2515 5085 Domino
2530 5029 2800 5085 custodita
2831 5047 2843 5083 :
2872 5029 3079 5083 habens
3103 5038 3156 5082 et
3178 5029 3294 5097 ipsa
3327 5045 3484 5098 prur—

1905 5147 2000 5186 sus
2027 5127 2408 5184 tribulationes
2433 5140 2464 5179 a
2482 5123 2793 5178 visibilibus
2819 5132 2875 5177 et
2901 5122 3271 5177 invisibilibus
3293 5122 3483 5176 inimi-

1904 5227 1984 5282 cis
2019 5243 2031 5279 :
2066 5226 2266 5295 quippe
2295 5222 2386 5275 ubi
2414 5219 2702 5274 donarium
2734 5227 2819 5272 est
2849 5215 3101 5280 Domino,
3133 5215 3203 5270 ibi
3235 5216 3322 5270 fur
3349 5217 3478 5270 insi-

1900 5321 2103 5381 diatur,
2147 5326 2206 5370 ut
2252 5315 2396 5385 quod
2427 5330 2644 5369 sacrum
2691 5322 2775 5368 est
2810 5313 2987 5383 rapiat
3009 5322 3059 5365 et
3094 5313 3431 5379 deprzedetur
3463 5331 3474 5364 :

1900 5413 1995 5468 sed
2026 5412 2239 5466 conﬁde
2272 5411 2324 5462 in
2358 5407 2611 5474 Domino,
2650 5408 2705 5462 in
2745 5423 2855 5477 quo
2905 5422 3055 5477 spem
3089 5406 3388 5468 collocasti,
3423 5406 3478 5458 in

1899 5521 2010 5575 quo
2041 5520 2318 5560 aerumnas
2351 5504 2730 5574 amplecteris:
2756 5503 3020 5574 quoniam
3049 5502 3165 5572 ipse
3187 5510 3368 5557 custos
3398 5511 3482 5555 est

290 5677 377 5731 "I
409 5678 538 5734 Cor.
579 5693 679 5743 vn,
711 5677 802 5733 52.
878 5679 924 5710 ’⁸
957 5676 1088 5732 ibid.
1131 5676 1222 5732 3/0.
1298 5675 1343 5710 ”
1374 5675 1506 5731 Luc.
1539 5691 1589 5741 χ,
1627 5676 1715 5739 42.

1893 5677 1963 5724 ct.
2003 5685 2138 5734 xvii,
2173 5667 2264 5721 Τί.

1741 5783 1970 5842 ΝΟΤᾸΕ.

293 5905 407 5963 (24ὶ
434 5905 491 5958 In
530 5905 648 5958 end.
684 5905 815 5971 Reg.
847 5912 994 5971 9313'.
