4156 6460
762 381 906 449 1415

1952 384 2013 441 S.
2047 380 2441 443 THEODORI
2480 380 2828 442 STUDITE

3896 360 4034 422 1416

749 496 877 551 vita
926 505 1050 559 tuze,
1086 494 1306 564 adjutor
1341 502 1396 549 et
1420 493 1715 550 auxiliator
1745 493 1799 548 in
1833 493 2294 550 tribulationibus
2322 511 2335 549 :

2443 495 2540 548 καὶ
2573 493 2769 564 βοηθὸς
2800 492 2859 544 tv
2891 490 3013 551 ταῖς
3044 486 3293 556 θλίψεσιν
3326 484 3386 545 ὃς
3414 481 3511 536 καὶ
3545 477 3776 534 τελειῶν
3808 492 3917 531 σου
3942 479 4030 529 τὸν

750 588 846 658 qui
876 602 1102 641 cursum
1147 595 1299 639 tuum
1333 600 1745 648 consummans,
1778 585 1984 640 coalesti
2027 600 2194 655 regno
2231 601 2333 641 suo

755 686 808 732 te
853 677 1075 747 dignam
1127 674 1344 729 efficiet.
1375 674 1501 730 Haec
1524 689 1554 729 a
1586 675 1746 730 nobis
1778 676 2159 743 peccatoribus
2207 690 2335 744 pro-

752 769 860 822 lata
910 778 1057 827 sunt.
1100 777 1160 821 ut
1186 767 1331 822 scias
1364 775 1415 821 te
1446 765 1653 821 Domini
1688 766 1946 820 famulam
2002 782 2102 820 nos
2140 766 2328 831 etiam,

751 858 842 927 qui
877 858 1111 913 Domino
1164 858 1373 912 servire
1419 857 1728 919 studemus,
1762 856 1966 912 habere
2004 857 2099 911 tibi
2137 856 2333 912 fratres

752 950 806 1003 in
842 947 1072 1019 Spiritu,
1100 951 1243 1005 sicut
1282 958 1337 1003 et
1366 959 1565 1004 natura
1625 964 1919 1004 conservos
1959 967 1974 1004 :
2013 950 2107 1020 qui
2152 958 2206 1003 et
2237 963 2334 1018 pro

752 1042 1055 1097 reverentia
1090 1052 1181 1098 tua
1210 1056 1455 1097 oramus.

1093 1237 1333 1295 CXXIX.
1364 1269 1437 1281 ——
1462 1239 1624 1295 Leoni
1660 1241 1963 1297 sacellario.

2437 586 2661 655 δρόμον,
2720 584 2880 649 ἀξίαν
2909 598 2971 634 σε
3015 582 3233 648 ποιήσει
3284 575 3389 645 τῆς
3432 572 3689 645 οὐρανίου
3742 570 4031 640 βασιλείας

2439 676 2627 731 αὑτοῦ.
2686 675 2873 729 Ταῦτά
2932 689 3015 725 σοι
3073 672 3207 739 παρ’
3287 667 3447 737 ἡμῶν
3499 666 3607 719 τῶν
3671 662 4031 735 ἁμαρτωλῶν

2438 757 2928 835 προσπεφώνηταιέ
2952 761 3039 813 ἴνα
3061 757 3259 828 εἰδείης
3289 758 3373 810 ὅτι
3399 758 3433 825 ἡ
3473 755 3571 808 τοῦ
3608 754 3825 825 Κυρίου
3860 753 4029 821 δούλη

2437 857 2531 913 καὶ
2579 857 2729 927 ἡμᾶς
2786 856 2915 916 τοὺς
2971 852 3303 912 σπεύδοντας
3348 846 3623 901 δουλεύειν
3673 843 3757 915 τῷ
3800 844 4030 913 Κυρὲῳ,

2438 949 2584 1019 ἔχεις
2620 947 2764 1001 κατὰ
2810 944 3027 1013 πνεῦμα
3069 941 3332 1010 ἀδελφούς
3360 958 3477 1003 σου,
3508 939 3700 1009 ὥσπερ
3738 938 3843 990 καὶ
3900 938 4034 1004 ὀμο-

2440 1039 2660 1103 δούλους
2707 1036 2849 1091 κατὰ
2896 1034 3083 1105 φύσιν,
3136 1031 3616 1105 ὑπερευχομένους
3658 1046 3759 1082 σου
3793 1027 3902 1097 τῆς
3953 1043 4033 1077 τι·

2446 1132 2721 1202 μιόεητος.

2570 1240 2726 1295 ΡΚΘ¹
2764 1239 2901 1311 (25).
2940 1269 3011 1283 -
3033 1236 3244 1292 Λέοντι
3278 1232 3675 1301 σακελλαρίῳ,
3712 1227 3885 1303 [χπ’.]

1183 1356 1604 1421 Disceptationem
1628 1359 1692 1409 de
1718 1357 2014 1423 imaginibus
2038 1372 2198 1409 coram
2233 1346 2537 1422 imperatore
2572 1356 2683 1407 ﬁeri
2711 1370 2810 1406 non
2830 1355 3222 1405 debere.Baron.
3243 1364 3323 1400 an.
3350 1350 3429 1410 δε,
3446 1364 3497 1399 n.
3520 1348 3571 1397 9.

822 1466 1029 1537 Ingenti
1058 1467 1353 1537 gratiarum
1378 1476 1432 1522 et
1458 1470 1872 1537 responsionum
1890 1485 2026 1540 quas
2040 1470 2325 1534 debemus,

753 1558 977 1612 nomine
998 1558 1270 1620 obstricti,
1298 1573 1520 1627 parvam
1552 1560 1847 1629 quamdam
1903 1561 2070 1615 debiti
2116 1571 2324 1630 partem

749 1650 979 1704 reddere
1004 1667 1104 1705 nos
1134 1665 1422 1707 censemus
1442 1668 1536 1722 per
1556 1652 1766 1708 litteras
1796 1654 1861 1707 ad
1896 1654 2327 1709 laudatissimatn

750 1758 817 1796 ac
843 1740 1373 1798 desideratissimam
1413 1745 1790 1800 excellentiam
1827 1753 1973 1800 tuam
2007 1747 2075 1799 ab
2106 1746 2330 1800 humili-

750 1842 863 1888 tate
883 1846 1067 1888 nostra
1085 1844 1355 1888 exaratas.
1376 1832 1510 1889 Nam
1533 1848 1587 1891 et
1605 1852 1749 1891 uunc
1768 1837 1972 1891 Silvani
1996 1836 2181 1893 fratris
2201 1854 2332 1894 cau-

752 1940 813 1979 sa
829 1923 960 1994 quid
986 1924 1483 1992 respondebimus?
1512 1925 1753 1981 Primum
1766 1929 2009 1998 quidem,
2035 1931 2181 1999 quod
2204 1946 2327 1986 cum

750 2032 876 2071 eum
902 2017 956 2071 in
990 2029 1342 2089 conspectum
1364 2034 1524 2073 suum
1561 2018 1846 2075 admiserit
1885 2019 1998 2075 Deo
2023 2021 2189 2075 chara
2208 2022 2331 2075 ani-

751 2121 840 2159 ma
869 2115 985 2171 tua,
1014 2107 1171 2176 quasi
1208 2122 1376 2161 unum
1400 2122 1465 2161 ex
1493 2106 2325 2175 familiaribus,melleaaﬂ‘abili-

754 2204 884 2261 tate,
918 2195 1189 2266 hilarique
1220 2196 1373 2251 vultu
1416 2212 1539 2252 cum
1571 2198 1795 2253 homine
1827 2201 1977 2254 tenui
2010 2200 2333 2271 colloquens

753 2303 819 2344 ac
849 2298 1111 2345 tractans.
1131 2288 1335 2345 Deinde
1373 2290 1518 2360 quod
1542 2290 1610 2345 de
1635 2292 1803 2345 rebus
1829 2292 2054 2357 nostris,
2086 2293 2182 2362 qui
2208 2308 2333 2363 pec-

756 2389 971 2435 catores
1023 2395 1237 2446 sumus,
1266 2389 1320 2434 et
1363 2382 1430 2435 de
1482 2380 1769 2451 utriusque
1815 2391 2062 2436 nostrum
2114 2382 2334 2436 humilis

755 2471 1003 2542 corporis
1029 2471 1343 2527 inﬁrmitate
1368 2471 1645 2528 sciscitata
1669 2472 1757 2536 sit,
1789 2480 1845 2527 et
1868 2473 1993 2527 aliis
2017 2473 2194 2529 modis
2222 2488 2335 2528 sua:

754 2562 810 2617 in
846 2576 946 2615 nos
976 2561 1260 2617 cbaritatis
1292 2560 1541 2617 aﬂ‘ectum
1574 2562 1895 2627 ostenderit,
1930 2563 2067 2617 adeo
2093 2571 2151 2617 ut
2185 2562 2334 2617 dice-

754 2663 880 2709 ret:
913 2650 1027 2723 Ego
1063 2652 1118 2707 in
1168 2654 1535 2722 suspicionem
1579 2655 1721 2723 apud
1774 2668 1868 2709 eos
1923 2654 2016 2724 qui
2061 2667 2190 2724 erga
2238 2668 2336 2710 vos

752 2745 898 2799 male
945 2744 1124 2800 affecti
1155 2754 1285 2799 sunt
1317 2747 1498 2811 venio,
1538 2745 1684 2815 quod
1714 2744 1927 2799 Studita
1960 2746 2062 2799 sim
2110 2760 2125 2798 :
2158 2753 2213 2800 et
2237 2744 2333 2800 de-

756 2845 1096 2904 precaretur,
1149 2853 1217 2891 ne
1269 2837 1405 2892 tanti
1460 2836 1666 2891 amoris
1726 2835 2041 2905 conjunctio
2086 2849 2333 2905 unquam

754 2929 1132 2985 labefactetur.
1162 2928 1289 2985 Haec
1323 2945 1422 2984 nos
1454 2929 1645 2983 omnia
1680 2928 2044 2985 devinxerunt
2070 2937 2127 2985 et
2165 2928 2337 2998 magis

756 3023 1041 3096 magisque
1068 3023 1122 3077 in
1148 3022 1361 3077 sincera
1382 3021 1673 3076 dilectione
1704 3019 2101 3077 confirmarunt
2131 3027 2193 3074 ut
2223 3019 2338 3075 haec

752 3113 923 3167 verba
968 3126 1363 3181 usurparemus
1401 3128 1415 3165 :
1444 3108 1757 3179 Nunquam,
1796 3124 1830 3164 ο
1858 3108 2085 3164 Domine
2114 3110 2336 3164 univer-

759 3217 969 3269 sorum,
993 3202 1243 3258 oblivisci
1271 3217 1370 3255 nos
1406 3201 1555 3255 sinas
1578 3200 1782 3271 egregii
1818 3201 2202 3267 benefactoris,
2222 3202 2334 3267 fidi,
2363 3236 2406 3293 ϐ

756 3296 1056 3361 unanimis,
1110 3294 1329 3365 probati
1380 3296 1661 3360 amatoris,
1716 3295 1860 3349 sacri
1918 3294 2179 3357 hominis,
2235 3311 2331 3365 per

755 3388 941 3443 omnia
971 3397 1025 3441 et
1057 3387 1111 3441 in
1143 3387 1401 3442 omnibus
1431 3388 1627 3442 tutoris
1656 3404 1719 3443 ac
1748 3387 1985 3458 patroni,
2013 3385 2253 3458 Herique
2279 3396 2332 3443 et

757 3480 976 3537 Domini
1029 3480 1204 3535 nostri
1242 3498 1255 3532 :
1289 3480 1384 3535 sed
1419 3480 1621 3535 haereat
1655 3481 1707 3535 in
1735 3482 1891 3536 nobis
1923 3480 2127 3535 inﬁxus
2177 3495 2335 3534 amor

758 3570 923 3625 etiam
958 3582 1077 3641 post
1106 3580 1357 3638 mortem,
1392 3588 1609 3641 unaque
1640 3573 1692 3626 in
1722 3571 1906 3626 futuro
1934 3573 2134 3627 saeculo
2162 3572 2335 3626 comi-

760 3673 929 3729 tetur,
952 3664 1174 3733 quando
1202 3679 1303 3717 nos
1332 3663 1564 3717 invicem
1596 3666 1914 3733 cognituros
1945 3678 2252 3733 speramus,
2281 3673 2335 3718 et

759 3758 1241 3829 congratulaturos
1270 3758 1321 3810 in
1348 3758 1454 3811 Deo
1481 3758 1547 3812 iis
1580 3758 1672 3826 qui
1704 3755 1942 3827 Spiritus
1972 3758 2208 3827 impulsu
2235 3773 2335 3811 nos

758 3852 1017 3904 amarint.
1056 3849 1253 3905 Verum
1288 3851 1416 3905 hiuc
1446 3852 1731 3920 egrediens
1762 3850 1959 3912 oratio,
2005 3849 2057 3903 iu
2104 3850 2329 3919 duplici,

758 3942 806 3998 si
848 3940 1028 4011 jubes,
1063 3950 1386 4010 argumento
1427 3940 1753 3995 versabitur.
1785 3939 1845 3993 In
1896 3940 2074 4009 priore
2118 3940 2336 4009 itaque,

758 4035 853 4106 qui
882 4050 1076 4089 sensus
1104 4046 1229 4089 tuus
1268 4032 1453 4095 fuerit,
1482 4033 1704 4086 domine
1735 4033 1831 4098 mi,
1870 4032 2011 4086 idem
2047 4041 2103 4086 et
2152 4043 2337 4087 uoster

760 4126 887 4181 erit.
921 4124 1012 4179 Sic
1056 4125 1223 4195 igitur
1255 4124 1559 4179 ordiamur.

2509 1468 2715 1523 Πολλοῦ
2750 1467 2947 1538 χρέους
2979 1461 3339 1535 εὐχαριστιῶν
3372 1460 3471 1515 καὶ
3506 1458 3819 1527 ἀπολογιῶν
3854 1458 3998 1511 ὑπεύ

2438 1563 2586 1617 Θυνοι
2649 1561 2826 1623 ὄντες,
2912 1557 3115 1628 μικράν
3157 1569 3281 1609 τινα
3337 1551 3633 1623 νομίζομεν
3705 1549 4025 1603 ἀποδιδόναι

2436 1655 2660 1725 ὀφειλὴν
2693 1654 2750 1705 ἐν
2787 1655 2910 1716 ταῖς
2945 1650 3082 1722 πρὸς
3111 1648 3211 1718 τὴν
3262 1645 3620 1715 πανεύφημον
3666 1644 3764 1698 καὶ
3793 1644 4025 1711 παμπόο

2439 1746 2603 1817 θητόν
2636 1762 2729 1798 σου
2781 1742 3060 1813 ὑπεροχὴν
3116 1739 3222 1792 ὑπὸ
3273 1738 3373 1808 τῆς
3418 1734 3804 1798 ταπεινώσεως
3861 1734 4023 1805 ἡμῶν

2439 1835 2943 1909 ἐγχαραττομέναις
2974 1831 3307 1894 ἐπιστολαῖς.
3356 1830 3510 1882 Ἐπεὶ
3538 1828 3633 1881 καὶ
3661 1827 3758 1880 νῦν
3801 1828 3905 1880 ἐπὶ
3946 1827 4022 1897 τῷ

2434 1928 2649 1998 ἀδελφῷ
2686 1924 2980 2007 Σιλουανῶ,
3014 1923 3067 1977 τί
3116 1924 3212 1977 καὶ
3248 1919 3739 1991 ἀπολογησόμεθας
3797 1920 4021 1990 πρῶτον

2438 2021 2537 2092 μιν
2586 2021 2668 2074 ὅτι
2709 2016 2881 2081 οὕτως
2927 2017 3092 2071 αὑτὸν
3130 2019 3445 2087 προσήκατο
3482 2012 3609 2065 ἰδεῖν
3660 2012 3695 2081 ὴ
3761 2009 4021 2079 θεοφιλής

2437 2127 2531 2163 σου
2561 2108 2709 2179 ψυχή
2738 2124 2751 2137 ·
2786 2108 2861 2169 ὡς
2905 2107 3003 2159 ἕνα
3046 2107 3168 2159 τινὰ
3215 2105 3325 2157 τῶν
3383 2102 3629 2172 συνήθων
3656 2114 3673 2130 ·
3728 2100 4017 2172 μειλιχίῳ.

2434 2201 2557 2273 ἡθει
2607 2200 2702 2253 καὶ
2764 2198 3071 2269 εὐπροσίτῳ
3129 2195 3411 2267 προσώπῳ
3476 2193 3867 2263 συλλαλήσασα
3928 2194 4022 2245 καὶ

2436 2292 2912 2363 συνανακραθεῖσα
2963 2293 3103 2361 μετά
3170 2287 3267 2341 τοῦ
3335 2285 3608 2350 εὐτελοῦς.
3667 2286 3908 2339 Ἔπειτα
3954 2286 4021 2336 τὰ

2437 2386 2567 2456 περὶ
2604 2384 2763 2455 ἡμῶν
2818 2383 2928 2436 τῶν
2985 2380 3325 2451 ἁμαρτωλῶν
3375 2379 3549 2442 οῦτως
3601 2380 4016 2448 συνανακρῖναι,

2436 2480 2536 2548 τήν
2587 2495 2647 2531 τε
2702 2476 2794 2531 τοῦ
2851 2475 3182 2547 ἀμφοτέρων
3238 2473 3397 2544 ἡμῶν
3445 2471 3705 2525 ταπεινοῦ
3764 2472 4017 2541 σώματος

2435 2568 2753 2630 ἀσθένειαν,
2800 2568 2895 2621 καὶ
2948 2567 3045 2635 τὴν
3108 2564 3275 2631 ἀλλην
3323 2562 3606 2632 ὑποφῆναι
3660 2556 4015 2631 ἀγαπητικὴῖι

2438 2661 2809 2715 ωνδιάθεσιν·
2868 2658 2944 2721 ὡς
2985 2656 3241 2711 τοσοῦτον
3288 2656 3494 2709 εἰπεῖν·
3549 2654 3631 2707 ὅτι
3675 2655 3773 2706 καὶ
3848 2654 4014 2706 Στου-

2436 2751 2636 2821 διώτης
2702 2748 3082 2816 ὑποπτεύομαι
3126 2747 3264 2817 πρός
3318 2762 3484 2799 τινων
3535 2744 3645 2796 τῶν
3715 2744 4013 2805 ἀντιθέτως

2440 2842 2576 2912 πρὸς
2629 2842 2773 2910 ὑμᾶς
2806 2841 3077 2911 ἐχόντων’
3114 2840 3211 2894 καὶ
3261 2840 3324 2893 τὸ
3370 2836 3713 2902 ἀπεύεασθαι
3748 2839 3826 2907 μή
3885 2853 4014 2890 ποτε

2447 2933 2705 3001 γενέσθαι
2756 2933 2877 2986 τινὰ
2940 2932 3148 3002 τρῶσιν
3202 2932 3304 3001 τῆς
3374 2929 3715 3001 τηλικαύτης
3794 2927 4015 2997 φιλικῆς

2439 3025 2813 3095 ἀνακράσεως.
2863 3024 3036 3079 Τοῦτο
3072 3024 3193 3078 ὅλον
3215 3024 3455 3088 ἐξένισεν
3515 3024 3685 3093 ἡμᾶς,
3738 3022 3841 3074 καὶ
3888 3036 4013 3072 συνο

2441 3116 2707 3189 ερρίζωσε
2773 3116 2973 3187 μᾶλλον
3043 3116 3138 3169 καὶ
3200 3115 3405 3187 μᾶλλον
3460 3114 3519 3167 tv
3574 3116 3642 3184 τῇ
3725 3112 4016 3183 εἰλικρινεῖ

2440 3209 2611 3278 αὐτῆς
2642 3210 2917 3280 ἀγαπήσει
2945 3207 3015 3261 τὰ
3044 3208 3183 3261 αὑτά
3222 3207 3497 3274 λέγοντες·
3536 3207 3625 3272 Μή
3663 3222 3823 3268 ποτε,
3860 3199 3906 3258 ὦ
3934 3204 4013 3256 δέ-

2440 3318 2634 3366 σποτα,
2683 3301 2793 3355 τῶν
2856 3300 3118 3355 ἁπάντων
3159 3298 3303 3369 δῴης
3348 3302 3482 3369 ἡμῖν
3533 3296 3891 3351 ἐπιλαθέσθαι
3923 3295 4013 3348 τοῦ

2438 3392 2603 3446 καλοῦ
2642 3393 2930 3462 εὐεργέτου
2954 3433 2969 3456 ,
2988 3393 3083 3446 τοῦ
3107 3393 3317 3445 πιστοῦ·
3335 3408 3399 3444 συ
3408 3390 3643 3460 μύύχου,
3668 3387 3764 3440 τοῦ
3789 3388 4012 3457 δοκίμου

2438 3484 2693 3556 ἐραστοῦ,
2721 3486 2817 3539 τοῦ
2874 3485 3022 3552 ίεροῦ
3059 3484 3373 3556 ἀνθρώπου,
3416 3481 3511 3535 τοῦ
3565 3480 3709 3535 κατά
3745 3480 3931 3533 πάντα
3961 3481 4013 3531 ἐν

2439 3577 2573 3627 πᾶσι
2627 3575 2722 3628 καὶ
2777 3576 3079 3645 προστάτου
3128 3575 3225 3627 καὶ
3279 3572 3599 3642 κηδεμόνος,
3652 3572 3748 3625 καὶ
3808 3572 4012 3642 Κυρίου

2446 3664 2605 3735 ⁴ἡμῶν
2642 3666 2739 3717 καὶ
2766 3664 3039 3717 Δεσπότου
3062 3682 3078 3697 σ
3123 3663 3238 3717 ἀλλ’
3269 3663 3356 3733 εἴη
3386 3662 3447 3715 τὸ
3475 3660 3699 3732 φίλτρον
3750 3662 3847 3714 καὶ
3882 3660 4012 3729 μετὰ

2440 3757 2649 3825 πότμον
2675 3755 2919 3819 ὲνιζάνον
2961 3758 3019 3809 ἐν
3043 3757 3178 3825 ἡμῖν
3200 3771 3215 3786 ο
3255 3754 3455 3825 μᾶλλον
3496 3754 3553 3807 δὲ
3580 3755 3675 3807 καί⁵
3706 3770 4015 3823 συμμετερ-

2439 3847 2665 3916 χύμενον
2714 3847 2773 3900 tv
2810 3847 2890 3918 τῷ
2952 3847 3199 3916 μέλλοντι
3244 3847 3425 3911 αἰῶνι,
3479 3848 3538 3899 ἐν
3586 3839 3633 3915 ᾧ
3684 3845 4012 3913 πιστεύομεν

2440 3939 2731 4009 γνωρίζειν
2775 3938 3044 4009 ἀλλήλους
3072 3955 3088 3971 ’
3135 3939 3231 3992 καὶ
3274 3938 3598 4009 συγχαίρειν
3639 3940 3697 3991 tv
3736 3936 3859 4008 θεῷ
3891 3938 4013 4001 τοὺς

2439 4027 2778 4099 φιλήσαντας
2815 4030 3042 4093 ἑαυτοὺς
3073 4032 3611 4100 πνευματοκινήτως.
3662 4028 3804 4081 Ἀλλ’
3834 4028 4011 4081 ἐντεῦ-

2437 4120 2529 4174 θεν
2581 4124 2610 4176 ὁ
2659 4122 2816 4190 λόγος
2850 4120 3124 4193 μετελθὼν
3165 4123 3224 4175 tv
3263 4123 3384 4184 ταῖς
3442 4122 3596 4174 δυσὶν
3654 4122 4009 4205 ὑποθέσεσιν9

760 4217 1123 4287 ἐνδιατρίψειε
1156 4215 1297 4269 κατά
1334 4215 1435 4285 τὴν
1473 4214 1755 4267 κέλευσιν·
1792 4212 1884 4265 ἐπὶ
1938 4212 2038 4281 μὲν
2077 4205 2171 4265 οῦν
2228 4209 2327 4281 τῆς
2364 4209 2607 4281 πρώτης,
2674 4212 2749 4274 ὡς
2792 4212 2958 4283 ἔχεις,
2988 4214 3016 4265 ὁ
3046 4211 3237 4282 κύριος
3303 4211 3485 4282 ήμῶν,
3521 4210 3696 4276 οὕτως
3726 4215 3827 4267 καὶ
3854 4217 4009 4286 ἡμεῖς

758 4306 1135 4376 διατιθέμεθα.
1177 4304 1603 4375 Προδιαιτείσοω
1629 4304 1683 4357 δὲ
1712 4307 1741 4357 ὁ
1774 4304 1929 4371 λόγος
1959 4302 2154 4365 οὕτως*

833 4402 1116 4457 Homicida
1144 4410 1430 4470 postquam
1465 4399 1641 4454 victus
1683 4398 1865 4461 fuerit,
1888 4397 2096 4452 debitas
2124 4397 2337 4467 legibus

760 4509 953 4567 pmuas
978 4493 1149 4547 dabit.
1174 4490 1328 4546 Nunc
1352 4501 1533 4546 autem
1569 4491 1727 4545 civile
1752 4490 1950 4543 bellum
1979 4491 2151 4554 adest,
2170 4489 2334 4553 quod,

763 4586 907 4640 sicut
949 4584 1053 4638 alia
1088 4583 1182 4636 ira:
1212 4581 1411 4635 divinzn
1440 4583 1614 4651 signa,
1647 4590 1806 4634 terrm
1841 4587 2023 4631 motus
2050 4587 2104 4631 et
2146 4578 2336 4643 fames,

762 4676 1043 4731 eluviones
1089 4676 1255 4729 maris
1297 4683 1460 4741 atque
1507 4673 1794 4738 incendia;
1842 4675 1906 4725 ad
1938 4671 2337 4741 correptionem

2506 4390 2763 4451 Φονίσκος
2802 4388 2892 4442 ἐπ’
2920 4387 2987 4441 ἂν
3015 4389 3285 4459 κρατηθῇ,
3312 4388 3541 4452 δικαίως
3584 4390 3840 4442 ἀποτίσει
3881 4391 4009 4461 πρὸς

2435 4481 2529 4535 τοῦ
2557 4484 2724 4551 νόμου
2757 4478 2855 4549 τὴν
2879 4480 3283 4549 ἀντισηκοῦσαν
3320 4482 3536 4551 ποινήν.
3568 4481 3708 4534 Νυνὶ
3735 4481 3794 4533 δέ
3839 4482 4007 4551 ἐμφύ-

2436 4574 2552 4638 λιος
2584 4575 2821 4643 πόλεμος
2861 4572 3150 4642 πρόκειται
3175 4587 3189 4601 ·
3221 4570 3279 4635 ὃς
3308 4570 3497 4643 ῶσπερ
3533 4572 3591 4624 αί
3618 4572 3776 4624 ἄλλαι
3812 4573 4006 4643 θεομη-

2439 4664 2586 4717 νίαι·
2646 4661 2857 4731 σεισμοί
2912 4676 2972 4712 τε
3032 4660 3127 4712 καὶ
3178 4659 3361 4730 λιμοὶ,
3418 4663 3857 4731 καταποντισμοὶ
3919 4663 4003 4715 καὶ

764 4780 1008 4825 nostram
1058 4783 1090 4823 a
1140 4766 1250 4821 Deo
1297 4776 1380 4822 est
1408 4767 1557 4832 justo
1585 4764 1793 4833 judicio
1816 4764 2130 4827 excitatum,
2162 4772 2215 4815 et
2244 4777 2335 4830 po-

2445 4755 2750 4824 ὲμπρήσεις
2836 4752 2986 4821 παρά
3034 4751 3168 4803 Θεοῦ
3220 4752 3355 4821 πρὸς
3398 4755 3778 4823 σωφρονισμὸν
3838 4754 4003 4824 ἡμῶν,

763 4856 875 4927 puli
928 4856 1035 4908 vim
1094 4863 1323 4915 tantam,
1362 4862 1565 4922 quanta
1605 4851 1781 4918 periit,
1817 4851 2139 4919 absumpsit.
2178 4850 2336 4904 Post-

766 4961 925 5016 quam
970 4960 1099 5014 ergo
1154 4944 1413 4998 misertus
1478 4942 1738 4995 Dominus
1796 4942 2006 5010 plagam
2059 4942 2337 5009 repressit,

768 5035 996 5088 minime
1018 5036 1130 5088 vult
1151 5033 1473 5102 superstites
1508 5032 1718 5099 perire;
1756 5030 1959 5098 alioqui
1992 5043 2339 5083 communem

767 5124 1015 5177 omnium
1058 5125 1291 5187 cladem,
1339 5121 1803 5191 quemadmodum
1836 5119 2023 5172 diluvii
2074 5127 2337 5185 tempore,

768 5214 1087 5269 induxisset.
1132 5211 1275 5277 Quid
1330 5212 1535 5284 igitur?
1584 5210 1806 5264 Servari
1860 5210 1973 5263 vult
2004 5224 2098 5264 eos
2128 5209 2220 5278 qui
2254 5225 2341 5261 re-

770 5305 885 5361 licti
918 5314 1065 5367 sunt,
1091 5314 1145 5359 et
1172 5303 1327 5358 venia
1358 5306 1557 5371 dignos
1589 5303 1725 5356 lteri.
1755 5302 1844 5356 Ait
1888 5302 2031 5356 enim
2064 5302 2117 5355 in
2153 5299 2333 5353 Evauo

769 5396 959 5469 geliis’
986 5415 1000 5451 :
1027 5394 1313 5458 Dimittite,
1336 5405 1383 5449 et
1412 5396 1707 5448 dimittetur
1732 5394 1891 5447 vobis.
1922 5390 1989 5445 Et
2016 5391 2154 5447 beati
2184 5391 2337 5445 Pauli

770 5502 946 5546 voce:
984 5486 1068 5542 Ne
1102 5487 1216 5558 quia
1261 5487 1459 5540 malum
1495 5502 1589 5556 pro
1619 5486 1760 5540 malo
1790 5484 1952 5539 alicui
1992 5484 2177 5539 reddat
2201 5525 2215 5545 .
2255 5484 2344 5538 sed

841 5626 863 5659 ¹
890 5626 1081 5683 Matth.
1123 5642 1197 5684 τι.
1231 5624 1321 5679 lt.

2441 4846 2624 4915 δικαία
2636 4844 2814 4913 κρίσει
2833 4843 3223 4914 ἀνερῤιπῐσθη,
3242 4842 3401 4895 ὀλέσα
3411 4859 3479 4895 σα
3492 4843 3748 4896 τοσοῦτον
3761 4845 4001 4915 αριθμὸν,

2438 4937 2560 4998 ὅσος
2585 4936 2679 4988 καὶ
2708 4934 2915 4985 ῶλλυτο
2935 4952 2947 4965 ·
2992 4935 3115 4986 ἐπεὶ
3152 4929 3246 4986 οὖν
3283 4934 3706 5004 σπλαγχνισθεὶς
3734 4938 4001 4987 κεκόπακε

2437 5028 2537 5095 τὴν
2557 5026 2785 5097 θραῦσιν
2819 5027 3042 5096 Κύριος,
3072 5026 3132 5077 οὐ
3163 5024 3410 5094 βούλεται
3434 5027 3561 5088 τοὺς
3583 5026 3998 5095 ὑπολειφθέντας

2437 5120 2715 5173 ὅλλυσθαι.
2765 5118 2923 5171 Ἐπεὶ
2959 5120 3175 5182 πάντως
3212 5118 3572 5187 πανολεθρίαν
3601 5119 3997 5188 είργάσατο,ὼ;

2439 5211 2532 5263 ἐπὶ
2573 5211 2667 5264 τοῦ
2722 5210 3136 5279 κατακλυσμοῦ.
3173 5210 3332 5263 Ἀλλὰ
3377 5210 3462 5274 τίς
3523 5209 3586 5262 τὸ
3650 5211 3993 5263 διασεσῶσθαι

2440 5305 2568 5368 τοὺς
2599 5303 2879 5367 ἐαθέντας,
2911 5306 3007 5357 καὶ
3055 5303 3271 5373 φειδοῦς
3318 5302 3574 5370 γενέσθαι
3615 5303 3835 5367 ἀξίους·
3878 5306 3992 5372 φησὶ

2444 5396 2553 5468 γὰρ
2598 5398 2655 5450 ἐν
2685 5398 2797 5459 τοῖς
2840 5396 3212 5464 Εὑαγγελίοις·
3261 5397 3477 5464 Ἅφετε
3519 5396 3617 5448 καί
3644 5396 3991 5464 ἀφεθήσεται

2451 5489 2611 5558 ὑμῖν.
2639 5491 2748 5543 Καὶ
2792 5488 2879 5544 διὰ
2913 5488 3006 5542 τοῦ
3042 5489 3315 5559 μακαρίου
3354 5486 3596 5541 Παύλου*
3633 5489 3728 5554 Μή
3778 5490 3864 5552 τίς
3893 5506 3988 5542 τινι

2265 5713 2498 5769 ΝΟΤᾸΣ.

851 5808 963 5878 (25)
998 5808 1058 5861 ιιι
1090 5808 1211 5861 cod.
1244 5806 1376 5869 Reg.
1413 5809 1557 5872 ppy'.
