4156 6520
241 451 385 521 1417

1437 468 1977 530 EPISTOLARUM
2033 470 2206 548 LIB._
2236 471 2314 532 11.

3376 475 3517 539 1418

243 578 437 628 κακεν
462 574 595 629 ἀντὶ
642 578 835 633 κακοῦ
865 580 1199 635 ἀποδιδότω
1218 600 1231 614 ³
1274 584 1438 640 ἀλλὰ
1480 588 1738 642 πάντοτε
1768 588 1832 641 τὸ

1943 587 2076 658 quod
2108 589 2300 642 bonum
2330 597 2407 641 est
2436 589 2716 642 sectamini
2750 591 2803 642 in
2840 592 3084 656 invicem,
3111 603 3161 645 et
3193 597 3248 645 in
3271 609 3448 648 omnes
3472 594 3513 656 ³,

243 667 478 739 ἀγαθὸν
524 668 786 736 διώκετε,
820 671 919 726 καὶ
948 676 1036 739 εἰς
1069 675 1408 744 ἀλλήλους,
1435 679 1529 731 καὶ
1558 682 1647 743 εις
1681 679 1830 733 πᾶν·

225 778 383 828 τας.
415 763 491 816 Οὐ
529 763 638 835 μὴν
686 766 1121 839 ἀνεπιτιμήτως.
1184 772 1340 827 Ἐπεὶ
1377 754 1475 828 και
1522 776 1665 829 Κάῖν
1734 794 1831 846 φο-

246 853 451 918 νεύσας
518 854 613 908 τὺν
657 857 888 925 ἀδελφὸν
913 900 928 925 ,
989 859 1050 913 τὸ
1093 859 1371 926 πολυειδὲς
1419 866 1515 918 καὶ⁵
1574 865 1833 936 ᾀδόμενον

248 944 529 1013 ἐπιτίμιον
582 948 807 1011 εἰκότως
883 951 1126 1021 εἴληφεν.
1214 953 1633 1029 Ἐπιτετίμηται
1694 962 1832 1031 πρὸς

251 1036 449 1089 ἑαυτοῦ
525 1042 617 1093 καὶ
691 1040 923 1112 Λάμεχ,
978 1045 1073 1096 καὶ
1129 1046 1533 1121 Ἀϐεσσαλὼμ,
1602 1053 1832 1121 ἀδελφὸν

262 1127 482 1196 ’Δμνὼν
514 1131 756 1195 κτείνας,
776 1132 913 1204 ἐάθη
947 1135 1053 1187 ὑπὸ
1078 1136 1174 1189 τοῦ
1204 1140 1437 1205 πατρὸς,
1472 1144 1613 1196 κατὰ
1642 1145 1703 1198 τὸ
1728 1146 1833 1199 ὑπὸ

250 1220 357 1291 τῆς
400 1221 759 1293 Θεοκοήτιδος
824 1227 1121 1299 πρόσλημα
1173 1230 1480 1298 άκταντος·
1522 1238 1617 1290 καὶ
1670 1239 1834 1303 αὐτὸς

250 1312 421 1366 Δαυῖδ
446 1315 546 1368 οὐκ
576 1315 829 1371 ἐϐούλετο
857 1320 948 1373 τὸν
984 1322 1365 1395 Ἀσεσσαλὼμ,
1388 1327 1481 1381 τὸν
1509 1329 1835 1401 πατρολῴαν

251 1406 559 1462 κτενέσθαι.
600 1408 739 1462 Ἀλλ’
766 1411 887 1464 οὐδὲ
909 1414 1039 1477 τοὺς
1061 1420 1650 1490 συναποστατήσαντας
1684 1422 1834 1493 αὐτῷ

254 1500 400 1567 μετὰ
432 1499 532 1571 τὴν
555 1500 760 1554 παῦσιν
790 1502 885 1556 τοῦ
911 1506 1155 1577 πολέμου
1186 1508 1499 1580 γέγραπται
1528 1514 1833 1582 προστάξαι

263 1590 621 1660 φονεύεσθαι’
650 1595 890 1649 τοσαῦτα
928 1597 1004 1661 ὡς
1041 1602 1160 1653 κατ’
1192 1602 1463 1674 ἐπιτομὴν
1496 1607 1628 1675 περὶ⁵
1653 1607 1834 1661 τοῦδε.

264 1682 551 1753 Ἐλεήμων
602 1687 712 1757 γὰρ
760 1685 890 1743 ὣνὸ
942 1689 1095 1755 Θεὸς,
1140 1691 1285 1747 θέλει
1338 1694 1407 1747 δι’
1458 1697 1836 1768 ἐπιτιμήσεων

255 1774 428 1845 ἧγουν
454 1778 700 1849 ὲξοριῶν,
730 1780 1012 1847 φυλακῶν,
1032 1785 1209 1838 ἄλλων
1237 1786 1402 1840 τινῶν
1426 1788 1744 1844 ὑποθέσεων
1775 1792 1836 1845 τὸ

250 1866 356 1937 τῆς
393 1871 687 1936 μετανοίας
720 1873 907 1939 αὐτοῖς
936 1876 1025 1929 διὰ
1052 1876 1198 1946 ζωῆς
1230 1880 1637 1950 συντηρεῖσθαι.

1934 682 2004 735 At
2030 695 2138 733 non
2172 679 2291 733 sine
2316 680 2511 733 multa.
2545 677 2679 733 Nam
2707 691 2760 734 et
2787 680 2922 736 Cain
2950 697 3074 737 cum
3114 682 3337 739 fratrem
3367 686 3514 741 occi-

1932 773 2123 835 disset,
2157 770 2545 826 multiformem
2585 782 2638 825 et
2666 773 2994 828 celebratam
3047 790 3266 845 pmnam
3303 778 3502 831 merito

1934 865 2125 919 subiit.
2175 865 2397 919 Pteuam
2430 879 2649 933 quoque
2678 881 2707 918 a
2770 866 2952 930 seipso
2982 869 3199 936 repetiit
3226 867 3463 924 Lameeh
3497 909 3515 933 .

1932 967 1987 1011 et
2018 956 2283 1019 Absalon,
2314 957 2409 1024 qui
2442 954 2664 1009 fratrem
2692 958 2911 1011 Amnon
2954 970 3198 1024 uecarat,
3242 976 3271 1015 a
3318 971 3472 1031 patre
3500 1003 3515 1019 .

1930 1049 2086 1117 juxta
2118 1046 2459 1102 Thccuitidis
2492 1048 2796 1117 problema,
2823 1064 3165 1119 nequaquam
3193 1066 3370 1107 caesus
3398 1061 3516 1117 est;

1935 1154 2039 1194 uec
2074 1140 2311 1194 Absalou
2361 1142 2694 1210 parricidam
2726 1156 2886 1197 suum
2923 1143 3098 1219 occidi
3136 1144 3357 1199 volebat
3403 1146 3521 1215 ipse

1934 1228 2127 1295 David,
2158 1232 2251 1286 sed
2286 1247 2464 1301 neque
2492 1248 2589 1287 eos
2624 1234 2718 1302 qui
2759 1240 2885 1288 eum
2931 1234 3124 1289 eodem
3172 1236 3517 1302 defecerant,

1935 1333 2059 1392 post
2084 1323 2209 1379 belli
2240 1325 2403 1378 tinem
2430 1327 2623 1395 perimi
2646 1327 2883 1395 jussi‘sse
2912 1328 3190 1396 proditum
3210 1342 3315 1385 est.
3345 1328 3423 1385 Ac
3452 1332 3521 1386 de

1936 1411 2024 1466 his
2077 1411 2343 1471 haetenus
2388 1414 2558 1469 veluti
2608 1416 2957 1485 compendio.
3010 1415 3324 1474 Misericors
3373 1419 3516 1474 enim

1937 1503 2083 1560 Deus
2111 1519 2209 1575 per
2242 1506 2641 1577 castigationes
2665 1547 2680 1572 ,
2728 1507 2782 1561 id
2815 1516 2900 1562 est
2927 1549 2941 1572 ,
2978 1510 3195 1574 exsilia,
3225 1524 3477 1566 carceres
3502 1551 3519 1575 ,

1937 1606 1992 1651 et
2016 1597 2239 1663 similia,
2269 1599 2652 1669 paenitentiam
2678 1599 2748 1655 ab
2778 1601 2890 1657 illis
2921 1609 3033 1659 tota
3059 1603 3169 1658 vita
3202 1604 3317 1658 vult
3338 1604 3525 1660 obser-

1936 1704 2075 1745 V3".

341 1962 466 2016 Ἐπὶ
492 1963 551 2017 δὲ
581 1968 648 2036 τῇ
675 1966 839 2040 ἑτέρᾳ
862 1970 1142 2034 ὑποθέσει,
1166 1971 1219 2024 τί
1244 1976 1339 2027 καὶ
1372 1975 1599 2045 φῶμεν;
1632 1978 1835 2044 εἰδότος

2008 1959 2085 2015 De
2112 1959 2287 2015 altero
2322 1971 2504 2016 autem
2531 1961 2712 2031 capite
2750 1963 2882 2033 quid
2915 1963 3192 2029 dicemus,
3246 1981 3373 2022 cum
3403 1982 3530 2038 per-

253 2072 353 2109 σου
386 2055 481 2109 τοῦ
525 2059 824 2131 ὲχέφρονος
869 2064 964 2114 καὶ
1016 2062 1344 2136 δραστηρίου
1379 2069 1473 2122 νοῦ
1520 2070 1591 2122 τὰ
1630 2072 1830 2126 πάντα.

255 2148 353 2212 Εἰς
386 2150 521 2204 αὐτὸ
537 2152 698 2205 τοῦτο
719 2154 752 2222 ἡ
770 2153 864 2207 τοῦ
889 2156 1266 2226 προάρξαντος
1292 2160 1524 2223 Λέοντος
1553 2161 1831 2230 ἔνστασις,

256 2241 493 2312 συνᾶραι
530 2245 678 2314 ἡμᾶς
711 2243 868 2311 λόγον
900 2247 1039 2315 μετὰ
1079 2247 1189 2301 τῶν
1223 2250 1549 2322 ἑτεροδόξων
1580 2269 1594 2284 ο
1620 2253 1836 2306 ἀντιθε-

253 2332 425 2396 τικῶς
468 2334 650 2404 κρίσιν
704 2336 1052 2403 ἀποίσοντος,
1102 2340 1179 2405 ὡς
1204 2342 1481 2413 ἐνόμιζεν.
1540 2344 1702 2399 Ἀλλὰ
1740 2346 1837 2400 καὶ

256 2424 425 2479 αὐτοῦ
449 2426 547 2496 ἤδη
576 2428 671 2481 τοῦ
696 2427 1079 2498 βασιλεύοντος
1106 2435 1298 2506 ήαὺτὴ
1324 2435 1573 2502 ἔνστασις
1598 2438 1836 2507 ὁπηνίκα

258 2517 407 2569 κατὰ
434 2518 731 2587 πρόσωπον
757 2522 866 2592 πρὸ
896 2524 1066 2594 τριῶν
1098 2526 1236 2580 ἐτῶν
1261 2528 1510 2601 διελέχθη
1544 2532 1675 2603 ἡμῖν
1693 2549 1708 2563 ⁸
1737 2535 1838 2586 οὐκ

256 2606 425 2659 αὑτοῦ
445 2607 698 2677 λέγοντος
720 2614 928 2682 κρίνειν
969 2616 1071 2685 τὴν
1097 2618 1463 2687 διαδικασίαν,
1485 2622 1621 2676 ἀλλὰ
1650 2623 1838 2678 τοῦτον

258 2700 515 2754 κάκεῖνον
554 2702 664 2757 τῶν
708 2704 869 2777 δῆθεν
917 2709 1239 2779 ὁμοφρόνων
1291 2711 1445 2783 ἡμῖν.
1521 2714 1662 2766 Ἀλλ’
1712 2715 1837 2768 οὔτε

257 2794 421 2863 ἡμεῖς
459 2794 509 2847 οἱ
556 2798 825 2867 παρόντες
874 2801 1017 2853 κατὰ
1065 2803 1389 2874 πρόσωπον*
1419 2804 1543 2859 οὔτε
1568 2808 1596 2860 ὁ
1630 2806 1839 2873 κλεινὸς

262 2884 422 2954 ἡμῶν
449 2887 743 2957 ἀρχιερεὺς
765 2890 1048 2961 ἠνέσχετο.
1077 2894 1154 2957 ὡς
1184 2895 1454 2967 ἔκθεσμον
1476 2900 1571 2952 καὶ
1593 2899 1800 2953 ὀθνεῖον
1820 2919 1835 2933 ο

258 2976 399 3045 ὅπερ
430 2976 526 3030 καὶ
573 2978 795 3047 ἀληθὲς,
848 2984 1175 3059 παμπόθητε
1206 2986 1365 3057 ήμῶν
1406 2988 1682 3043 δέσποτα·
1717 2993 1839 3045 οὐδὲ

237 3064 371 3136 ’γὰρ
405 3068 534 3138 περὶ
564 3067 837 3137 βιωτικῶν
862 3074 957 3125 καὶ
988 3076 1271 3144 σαρκικῶν
1299 3080 1327 3130 ὁ
1356 3078 1545 3147 λόγος·
1576 3074 1651 3133 ὧν
1680 3081 1840 3152 βασι-

256 3154 385 3218 λεὺς
408 3157 469 3209 τὸ
499 3158 699 3226 κράτος
729 3158 843 3228 εχει
890 3160 987 3214 τοῦ
1042 3163 1268 3233 κρίνειν,
1318 3168 1414 3219 καὶ
1462 3167 1524 3220 τὸ
1591 3168 1841 3238 βιωτικὸν

256 3249 546 3318 κριτήριον
567 3266 582 3279 ⁸
613 3248 752 3303 ἀλλὰ
770 3253 901 3324 περὶ
928 3252 1088 3306 θείων
1111 3256 1206 3308 καὶ
1222 3256 1492 3322 οὐρανίων
1519 3257 1807 3329 δογμάτων
1822 3301 1836 3323 ,

255 3337 287 3390 ὃ
326 3338 507 3404 ἄλλοις
553 3341 654 3394 οὐκ
683 3344 1103 3416 ἐπιτέτραπται,
1138 3346 1171 3417 ἤ
1223 3349 1493 3415 ἐκείνοις,
1545 3347 1627 3417 οἷς
1671 3371 1838 3423 φησιν

258 3430 423 3491 αὐτὸς
452 3433 481 3485 ὁ
503 3432 638 3498 Θεὸς
664 3436 837 3505 Λόγος
859 3454 872 3467 ’
901 3438 1059 3493 Ὅσα
1084 3440 1162 3494 ἂν
1183 3440 1410 3510 δήσητε
1432 3443 1532 3497 ἐπὶ
1566 3445 1676 3513 τῆς
1702 3445 1836 3516 γῆς,

256 3522 431 3576 ἔσται
456 3522 744 3595 δεδεμένα
794 3530 864 3583 ἐν
910 3530 991 3595 τῷ
1024 3534 1286 3601 οὐρανῷ,
1327 3538 1428 3590 καὶ
1457 3536 1574 3591 ὅσα
1598 3537 1676 3593 ὃν
1727 3541 1837 3594 λῦ-

256 3630 409 3681 σητε
439 3616 537 3671 ἐπὶ
590 3618 703 3686 τῆς
757 3621 891 3691 γῆς,
945 3622 1117 3677 ἔσται
1163 3628 1473 3697 λελυμένα
1515 3630 1585 3683 ἐν
1623 3628 1702 3695 τῷ
1741 3633 1840 3684 οὺ-

252 3705 445 3773 ρανῷ.
477 3708 636 3773 Τίνες
670 3712 729 3764 δὲ
768 3707 915 3766 οὗτοι
949 3716 998 3766 οί
1036 3716 1451 3787 ὲντεταλμένοις
1498 3721 1835 3785 Ἀπόστολοι,

260 3800 356 3852 καὶ
382 3801 432 3853 οἱ
464 3802 671 3857 τούτων
707 3803 965 3876 διάδοχοι.
992 3807 1151 3870 Τίνες
1183 3808 1227 3861 δ’
1252 3808 1349 3862 οὖν
1367 3814 1415 3863 οί
1469 3813 1739 3883 διάδοχοι;
1781 3814 1838 3868 Ὀ

257 3891 362 3962 τῆς
395 3892 688 3966 Ῥωμαίων
717 3898 836 3950 νννὶ
869 3900 1268 3972 πρωτόθρονος,
1302 3905 1330 3956 ὀ
1361 3905 1461 3974 τῆς
1489 3907 1839 3961 Κωνσταντι-

259 3988 569 4052 νουπόλεως
590 3990 943 4061 δευτερεύων,
983 3994 1394 4066 Ἀλεξανδρείας
1416 4014 1474 4049 τε
1504 3998 1598 4050 καὶ
1636 3999 1839 4051 Ἀντιο-

254 4080 435 4150 χείας,
458 4082 555 4137 καῖ
577 4084 607 4135 ὁ
661 4084 1070 4157 Ἰεροσολύμων.
1113 4087 1285 4141 Τοῦτο
1318 4089 1381 4141 τὸ
1427 4089 1839 4161 πεντακόρυφον

261 4175 463 4244 κράτος
486 4175 591 4245 τῆς
634 4177 984 4249 Ἐκκλησῐας.
1026 4181 1187 4252 Παρὰ
1220 4180 1434 4245 τούτοις
1458 4182 1519 4235 τὸ
1544 4181 1652 4235 τῶν
1678 4184 1838 4236 θείων

258 4262 551 4334 δογμάτων
577 4269 887 4341 κριτήριον.
916 4270 1195 4325 Βασιλέων
1229 4271 1284 4324 δὲ
1326 4273 1423 4325 καὶ
1446 4273 1751 4344 ἡγεμόνων,
1778 4274 1840 4325 τὸ

263 4363 684 4430 συνεπικουρεῖν
721 4364 815 4415 καὶ
863 4365 1385 4435 συνεπισφραγίζειν
1408 4364 1479 4418 τὰ
1508 4365 1837 4437 δεδογμένα·

262 4446 361 4500 καὶ
399 4448 741 4506 διαλλάττειν
793 4453 863 4508 τά
923 4456 1207 4526 σαρκικῶς
1247 4456 1676 4527 διαφορούμενα.
1725 4458 1841 4511 Οὐκ

260 4539 392 4594 ἄλλο
418 4559 469 4595 τι
510 4544 569 4596 ἐν
608 4548 724 4610 τοῖς
764 4546 931 4611 θείοις
970 4549 1257 4619 δόγμασιν,
1306 4549 1431 4603 οὔτε
1462 4551 1673 4605 δέδοται
1703 4552 1842 4623 πρὸς

260 4631 421 4696 Θεοῦ,
461 4633 587 4689 οὒτε
620 4640 988 4711 γενησόμενον
1014 4642 1295 4711 στήσεται.
1321 4643 1420 4695 Διά
1453 4642 1611 4695 τοῦτο
1646 4644 1843 4696 ἀπεδο-

262 4725 509 4797 κιμάσθη
544 4728 637 4781 ἐπὶ
675 4729 769 4782 τοῦ
834 4731 1103 4802 δόγματος
1144 4732 1254 4784 τῶν
1302 4732 1472 4786 θείων
1520 4734 1743 4787 εἰκόνων
1776 4734 1844 4785 τὰ

261 4818 356 4871 ἐπὶ
395 4817 489 4872 τοῦ
522 4820 691 4874 πάλαι
722 4823 1142 4877 Κωνσταντίνου
1193 4825 1289 4877 καὶ
1318 4825 1548 4888 Λέοντος
1578 4824 1843 4895 βασιλικῷ

261 4907 458 4979 κράτει
498 4912 592 4963 καὶ
645 4910 835 4982 θράσει
869 4913 1326 4984 συνεδριασθέντα
1359 4928 1420 4967 τε
1456 4917 1551 4968 καὶ
1597 4915 1846 4987 βατταρι-

264 5000 462 5055 σθέντα
480 5017 495 5033 ⁸
521 5003 609 5071 ἐφ’
636 5001 717 5066 οἷς
735 5006 949 5076 ἐτμήθη
974 5009 1006 5077 ἡ
1028 5008 1158 5078 τῇδε
1182 5007 1478 5077 Ἐκκλησία
1505 5008 1615 5062 τῶν
1641 5009 1843 5080 ἐτέρων

262 5095 539 5166 τεττάρων
588 5095 1054 5167 άναθεματισμοῖς
1104 5098 1521 5169 ὑποϐαλλομένη
1558 5101 1803 5163 αἰωνίοις
1828 5142 1841 5163 ,

262 5188 522 5257 σφραγῖδι
579 5189 674 5242 τοῦ
721 5182 879 5257 ἁγίου
928 5192 1266 5263 Πνεύματος.
1329 5190 1462 5246 Εἶτα
1528 5193 1664 5263 ἐλέῳ
1709 5193 1844 5246 Θεοῦ

258 5280 469 5351 ἠγέρθη
502 5279 670 5350 κέρας
693 5280 1003 5351 ὀρθοδοξίας
1032 5284 1124 5334 ἐπὶ
1154 5284 1389 5354 Εἰρήνης
1437 5285 1535 5352 τῆς
1578 5285 1721 5337 πάνυ
1748 5285 1846 5337 σὺν

258 5370 339 5442 τῷ
386 5372 560 5442 αὐτῆς
593 5372 852 5443 ραδάμνῳ
878 5392 891 5404 ·
926 5375 1012 5441 ἐφ’
1046 5370 1113 5447 ἧς
1168 5376 1419 5446 συνήφοη
1455 5377 1523 5427 τὰ.
1579 5375 1846 5428 διεστῶτα

265 5466 465 5536 μέχρις
489 5468 721 5529 Λέοντος
739 5467 834 5519 τοῦ
854 5467 1163 5538 προσεχοῦς
1186 5486 1200 5498 ·
1230 5470 1314 5537 ἐᾷ’
1335 5462 1379 5535 ᾧ
1403 5465 1557 5530 αὖθις
1580 5467 1845 5538 διετμήθη

258 5560 299 5631 η’
324 5559 452 5629 τῇδε
492 5558 813 5630 Ἐκκλησία,
849 5561 1365 5632 ἀναθεματιζομένη
1413 5562 1518 5614 ὑπὸ
1562 5561 1673 5613 τῶν
1706 5577 1843 5631 προ-

261 5650 317 5707 τέ
324 5669 432 5722 ρων
470 5652 800 5724 ίσοῤῥόπως.

1937 2060 2122 2119 specta
2163 2051 2275 2105 sint
2309 2052 2496 2105 omnia
2530 2053 2782 2121 prudenti
2829 2068 2894 2108 ac
2922 2054 3111 2109 solerti
3152 2058 3324 2110 menti
3374 2059 3528 2112 tum?

1936 2140 2140 2198 Eodem
2180 2144 2444 2199 nimirum
2487 2145 2746 2200 tendebat
2776 2145 2980 2202 Leonis
3016 2162 3194 2216 nuper
3228 2149 3527 2219 imperato-

1937 2233 2015 2287 ris
2048 2243 2318 2295 eonatus,
2356 2244 2416 2288 ut
2465 2249 2566 2290 nos
2618 2251 2745 2291 cum
2806 2234 3161 2295 heterodoxis
3211 2255 3523 2297 sermonem

1937 2325 2319 2382 conferremus
2352 2327 2698 2398 disceptante
2736 2330 2867 2385 illo:
2895 2340 2955 2386 ut
2999 2333 3337 2388 contrariam
3365 2335 3524 2389 nobis

1939 2419 2267 2474 sententiam
2310 2414 2500 2485 ferret,
2541 2420 2687 2475 sicut
2726 2423 2973 2492 putabat.
3001 2423 3145 2490 Quin
3184 2433 3238 2479 et
3266 2424 3387 2494 ejus
3428 2428 3523 2496 qui

1940 2525 2088 2564 nunc
2121 2510 2387 2578 imperat,
2441 2526 2598 2568 meus
2632 2513 2823 2567 eadem
2852 2497 3011 2579 fuit,
3068 2530 3191 2570 cum
3245 2525 3371 2571 ante
3414 2526 3527 2572 tres

1939 2615 2117 2656 annos
2166 2602 2453 2658 nobiscum
2511 2617 2699 2658 coram
2738 2604 2870 2674 egit,
2918 2605 2993 2659 ita
3028 2614 3206 2661 tamen
3234 2616 3295 2662 ut
3319 2621 3528 2678 nequa-

1940 2710 2105 2764 quam
2138 2695 2380 2765 judicem
2414 2712 2474 2751 se
2504 2695 2753 2751 futurum
2786 2697 3022 2760 diceret,
3061 2700 3155 2755 sed
3182 2700 3331 2755 hunc
3363 2712 3528 2770 atque

1942 2786 2094 2839 illum
2147 2786 2360 2841 scilicet
2405 2802 2473 2841 ex
2512 2787 2580 2842 iis
2631 2787 2725 2857 qui
2757 2788 3053 2844 nobiscum
3086 2790 3276 2845 eadem
3318 2793 3527 2847 sentie-

1940 2878 2093 2933 bant.
2129 2877 2235 2932 Sed
2266 2894 2445 2948 neque
2476 2893 2579 2933 nos
2611 2879 2707 2949 qui
2745 2891 3043 2948 praesentes
3069 2881 3387 2950 aderamus,
3424 2900 3528 2940 nc-

1941 2987 2050 3042 que
2079 2972 2318 3043 inclytus
2354 2971 2599 3042 pontifex
2636 2981 2827 3027 noster
2878 2973 2931 3028 id
2984 2975 3129 3037 tulit,
3166 2974 3371 3045 quippe
3420 2976 3529 3031 ini-

1943 3080 2112 3134 quum
2158 3077 2219 3120 et
2263 3064 2530 3132 alienum,
2565 3065 2714 3135 quod
2746 3080 2881 3121 sane
2914 3078 3102 3120 verum
3135 3076 3219 3121 est
3241 3107 3257 3130 ,
3305 3068 3529 3124 domine

1942 3157 2018 3211 mi
2042 3157 2532 3214 desideratissime.
2560 3157 2678 3213 Non
2710 3159 2858 3213 enim
2893 3158 2961 3214 de
2988 3159 3152 3214 rebus
3188 3160 3378 3215 saeculi
3403 3176 3529 3215 ear-

1946 3252 2145 3320 nisque
2173 3264 2362 3306 sermo
2391 3260 2495 3317 est,
2518 3251 2585 3306 de
2615 3252 2818 3321 quibus
2852 3253 3135 3322 judicandi
3165 3267 3328 3323 penes
3357 3253 3530 3323 impe-

1946 3352 2185 3397 ratorem
2217 3352 2455 3413 potestas
2481 3353 2585 3408 est,
2611 3353 2665 3398 et
2696 3344 2966 3413 judicium
3002 3345 3263 3399 saeculare
3291 3361 3304 3397 :
3331 3345 3425 3400 sed
3462 3346 3530 3400 de

1946 3435 2148 3499 divinis
2186 3424 2249 3490 ac
2276 3435 2595 3491 caelestibus
2634 3435 3002 3505 dogmatibus,
3051 3451 3174 3505 qua:
3223 3436 3347 3491 aliis
3379 3452 3533 3491 eom-

1948 3527 2113 3583 missa
2142 3542 2249 3581 non
2282 3538 2412 3583 sunt
2445 3543 2611 3597 quam
2639 3528 2705 3581 iis
2732 3528 2935 3597 quibus
2970 3527 3112 3581 Deus
3148 3527 3265 3597 ipse
3284 3527 3527 3583 Verbum

1947 3620 2121 3674 dixit:
2157 3619 2495 3689 Quwcuuque
2550 3619 2841 3689 Iigaven‘tis
2921 3634 3077 3687 super
3127 3629 3320 3672 terram
3371 3632 3528 3674 erunt

1945 3711 2114 3781 ligata
2170 3721 2219 3765 et
2266 3712 2321 3764 in
2369 3711 2496 3764 caelo
2526 3726 2543 3764 :
2578 3720 2627 3765 et
2667 3726 2985 3780 qumcunque
3043 3710 3303 3764 solvet-itis
3373 3727 3532 3777 super

1949 3815 2169 3865 terram,
2202 3813 2356 3856 erunt
2388 3804 2564 3857 soluta
2590 3814 2639 3856 et
2670 3806 2725 3856 in
2751 3802 2878 3857 ca’lo
2904 3804 2946 3857 ⁸.
2989 3802 3221 3869 Quinam
3261 3813 3439 3859 autem
3474 3806 3528 3861 hi

1949 3906 2078 3949 sunt
2110 3897 2313 3964 quibus
2360 3896 2462 3948 hoc
2499 3895 2716 3963 jussum
2756 3895 2891 3956 fuit?
2939 3896 3184 3965 Apostoli
3232 3904 3286 3951 et
3336 3912 3526 3951 eorum

1948 4001 2316 4042 successores.
2353 3986 2585 4051 Quinam
2633 4002 2797 4055 porro
2847 3996 2976 4040 sunt
3008 3987 3399 4041 successores?
3426 3988 3529 4053 Qui

1950 4079 2252 4134 Romanam
2307 4095 2454 4133 nunc
2496 4080 2729 4149 primam
2779 4081 2961 4133 sedem
2994 4089 3179 4134 leuet:
3241 4082 3352 4153 qui
3381 4078 3529 4136 Con-

1952 4171 2491 4241 stantiuopolitauam
2526 4172 2861 4237 secundam;
2933 4189 3026 4242 qui
3060 4173 3483 4227 Alexandrinam
3512 4217 3527 4239 ,

1948 4275 2003 4318 et
2062 4263 2500 4324 Antiochenam,
2551 4270 2604 4315 et
2654 4261 2747 4329 qui
2783 4260 3356 4335 Hiemsolymitanam,
3408 4261 3533 4317 llaec

1949 4355 2293 4425 quinivertex
2344 4360 2585 4423 potestas
2640 4351 2899 4407 Ecclesia:
2944 4371 2957 4407 :
3005 4368 3173 4423 penes
3236 4353 3337 4409 hos
3393 4354 3534 4408 divi-

1949 4461 2145 4500 norqu
2198 4445 2512 4514 dogmatqu
2566 4442 2864 4509 judicium.
2940 4443 3335 4512 lmperatorum
3404 4459 3533 4498 vero

1950 4549 2004 4594 et
2036 4538 2330 4610 prtesidum
2361 4545 2447 4592 cst
2480 4551 2636 4604 opem
2692 4534 2852 4601 ferre,
2909 4545 2963 4590 et
3009 4538 3368 4607 comprobare
3411 4554 3533 4608 qua:

1951 4633 2170 4687 decreta
2218 4638 2386 4693 sunt,
2445 4638 2499 4683 et
2553 4628 2908 4683 reconciliare
2938 4629 3031 4698 qui
3081 4630 3377 4684 carnaliter
3416 4631 3532 4683 dis-

1947 4726 2125 4780 sident
2172 4739 2236 4778 ac
2284 4723 2619 4791 discrepant.
2678 4720 2833 4774 Haud
2908 4721 3054 4775 aliud
3109 4722 3403 4791 quidquam
3467 4723 3534 4777 dc

1944 4818 2148 4872 divinis
2174 4816 2552 4884 dogmatibus,
2584 4830 2762 4884 neque
2796 4830 2825 4867 a
2858 4812 2971 4867 Deo
2999 4816 3261 4867 traditum
3294 4826 3397 4877 est,
3433 4831 3532 4869 nec

1947 4913 1994 4967 si
2026 4912 2138 4975 fiat,
2168 4909 2355 4963 stabit.
2405 4908 2700 4978 Propterea
2732 4908 2962 4976 explosa
2988 4918 3041 4962 et
3066 4907 3267 4977 rejecta
3306 4906 3531 4961 fuerunt

1948 5005 2094 5059 circa
2140 5002 2451 5055 divinarum
2512 5001 2813 5068 imaginum
2850 5001 3043 5067 dogma
3074 5040 3089 5062 ,
3144 5014 3206 5052 ea
3253 5015 3375 5069 qua:
3432 5002 3531 5053 sub

1948 5094 2311 5150 Constantino
2342 5093 2578 5163 quodam
2609 5101 2662 5145 et
2692 5090 2875 5145 Leone
2912 5091 3060 5160 regia
3094 5096 3335 5160 potentia
3360 5100 3529 5161 atque

1949 5186 2178 5239 audacia
2232 5185 2287 5237 iu
2335 5181 2702 5237 eoneiliabulo
2758 5190 2877 5234 aeta
2928 5191 2983 5235 et
3050 5196 3331 5249 perperam
3386 5182 3532 5236 dicta

1951 5285 2097 5332 sunt.
2131 5275 2379 5342 Quorum
2422 5291 2588 5329 causa
2636 5272 2814 5327 divisa
2868 5272 2984 5326 haec
3045 5286 3232 5327 nostra
3292 5272 3532 5327 Ecclesia

1950 5370 2051 5425 fuit
2100 5385 2131 5423 a
2161 5369 2368 5425 exteris
2390 5379 2647 5438 quatuor,
2702 5366 3177 5423 auathematismis
3212 5366 3404 5421 affecta
3437 5382 3535 5436 pc-

1949 5465 2215 5519 reuuibus
2248 5504 2263 5528 ,
2305 5462 2642 5531 approbante
2671 5458 2878 5531 Spiritu
2924 5470 3137 5513 Sancto.
3189 5459 3319 5515 Post
3377 5461 3533 5524 luce,

1950 5556 2060 5611 Deo
2094 5556 2409 5617 miserante,
2431 5564 2675 5608 erectum
2708 5560 2794 5605 est
2830 5565 3003 5604 cornu
3032 5552 3157 5605 tidci
3187 5553 3531 5619 orthodoxae,

1950 5665 2149 5720 magna
2180 5648 2335 5703 lreue
2370 5646 2659 5725 imperium
2692 5643 2976 5698 obtinente
3007 5658 3131 5697 eum
3161 5646 3386 5699 surculo
3411 5662 3535 5708 suo,

260 5759 374 5817 quo
417 5752 662 5813 tempore
694 5759 818 5814 quae
857 5743 1073 5800 divulsa
1122 5755 1281 5800 erant
1318 5747 1647 5802 coaluerunt
1701 5760 1877 5814 usque
1917 5745 1984 5799 ad
2034 5741 2348 5811 proximum
2400 5739 2635 5795 Leonem
2672 5758 2687 5793 :
2721 5736 2824 5793 sub
2853 5750 2961 5806 quo
3014 5736 3216 5792 iterum
3262 5737 3535 5812 discerpta

263 5847 349 5895 est
375 5835 621 5892 Ecclesia
646 5845 929 5900 uostra.et
954 5838 1023 5892 ab
1050 5838 1243 5893 iisdem
1273 5842 1475 5910 pariter
1496 5842 1851 5897 anathemate
1889 5839 2145 5894 damnata

364 5936 385 5966 ³
420 5934 437 5988 Ι
474 5930 684 5988 Thess.
732 5949 795 5993 ν,
830 5934 920 5990 15.
1025 5936 1046 5965 ⁸
1072 5934 1272 5992 .Matth.
1318 5955 1427 6003 xu,
1467 5938 1552 5994 l9.

556 6026 830 6089 Ριταοι..
875 6029 990 6087 Gn.
1024 6030 1237 6089 XCIX.
