4156 6484
696 405 830 471 1419

1884 412 1941 470 S.
1975 409 2369 470 THEODORI
2410 408 2755 470 STUDlT/E

758 508 908 568 ‘l‘ieri
944 529 1077 584 ergo
1113 513 1261 567 nulla
1309 513 1521 569 ratione
1556 522 1759 585 potest,
1800 514 2054 579 domine,
2084 526 2143 570 ut
2170 530 2267 569 sze-
2292 519 2342 577 Α

3814 410 3949 472 1490

2456 516 2763 585 Ἀμήχανον
2792 509 2887 568 οὖν
2930 515 3100 580 ἐστιν,
3133 508 3179 568 ῶ
3228 515 3485 580 δέσποτα,
3534 517 3782 589 βιωτικῷ
3823 537 3944 589 κρι-

692 608 867 662 culari
897 607 1107 675 judicio
1158 607 1403 661 divinum
1450 605 1724 677 judicium
1764 618 2137 677 comparetur,
2173 616 2269 661 aut

2380 606 2539 678 τηρίῳ
2561 606 3008 677 παραϐάλλεσθαι
3037 607 3098 659 τδ
3113 606 3256 659 θεῖον
3271 608 3583 677 κριτήριον,
3605 608 3637 678 ἦ
3659 608 3946 677 συναφθῆς-

696 710 755 753 nt
800 700 1073 761 coalescat
1132 698 1249 753 haec
1307 698 1553 753 Ecclesia
1614 713 1723 753 non
1795 698 2269 754 consentientibus

2380 717 2457 752 ναι
2488 700 2647 770 τήνδε
2679 700 2781 770 τὴν
2823 698 3174 769 Ἐκκλησίαν,
3206 699 3282 770 μὴ
3303 700 3425 771 οὐχ).
3449 701 3823 767 ὁμονοούντων
3842 702 3949 754 τῶν

690 793 936 863 quinque
980 791 1335 861 patriarchis.
1366 790 1524 857 Quod
1553 792 1598 847 si
1637 802 1791 863 roget
1816 792 2124 863 quispiam,
2156 807 2269 860 quo

691 899 851 955 pacto
896 888 952 941 id
1002 888 1119 941 tieri
1165 888 1383 957 possit?
1437 885 1496 941 Si
1534 889 1823 951 excedant,
1856 886 2121 957 inquam,
2173 885 2269 940 Dei

694 981 952 1034 Ecclesiis
987 980 1307 1034 heterodoxi
1334 1020 1349 1044 ,
1401 988 1457 1032 et
1506 979 1782 1049 propriam
1813 977 2001 1034 sedem
2042 979 2273 1048 recipiat

690 1070 969 1139 quondam
999 1070 1342 1138 Nicephorus
1376 1085 1530 1124 sacer
1562 1072 1893 1141 patriarcha.
1928 1070 2054 1138 Qui,
2082 1082 2274 1127 coacto

690 1179 881 1218 eorum
928 1172 1201 1217 conventu
1262 1176 1388 1217 cum
1434 1163 1639 1231 quibus
1681 1172 1962 1219 certamen
2012 1164 2275 1219 sustinuit

696 1257 763 1311 tsi
793 1255 908 1309 ﬁeri
956 1270 1063 1309 non
1104 1256 1284 1324 possit
1316 1264 1375 1309 ut
1416 1254 1485 1309 ab
1524 1255 1649 1311 aliis
1704 1256 2047 1326 patriarchis
2092 1257 2276 1311 adsint

695 1345 881 1399 vicarii
906 1384 921 1408 ,
954 1346 1100 1414 quod
1135 1356 1282 1401 certe
1312 1346 1428 1401 ﬁeri
1465 1356 1681 1416 petest,
1719 1347 1931 1419 si‘velit
1975 1348 2273 1418 imperator

695 1436 1101 1491 Occidentalem
1140 1437 1430 1503 interesse,
1464 1438 1553 1493 eui
1583 1449 1633 1493 et
1665 1449 1910 1508 potestas
1942 1454 2157 1495 summa
2180 1440 2275 1495 de-

698 1528 1069 1597 t‘ertursynodi
1095 1528 1494 1597 meumeuicte),
1524 1537 1760 1582 attamen
1804 1544 1989 1599 pacem
2020 1529 2277 1584 conficiat

693 1628 747 1672 et
777 1619 1224 1687 conjunctiouem
1253 1658 1268 1679 .
1319 1620 1606 1691 synodicas
1640 1636 1769 1675 suas
1801 1621 1869 1675 ad
1905 1622 2098 1691 prima:
2127 1623 2275 1676 sedis

692 1711 982 1779 praesulem
1049 1711 1337 1765 mittendo.
1399 1710 1557 1778 Quod
1600 1713 1647 1768 si
1692 1713 1799 1768 hoc
1851 1715 2080 1768 minime
2142 1730 2274 1785 pro-

693 1802 788 1858 bet
839 1804 1173 1875 imperator,
1216 1804 1585 1874 deﬂexitque,
1637 1815 1698 1860 ut
1766 1806 1884 1877 ipse
1934 1807 2049 1874 ait,
2099 1822 2130 1861 a
2180 1822 2274 1861 ve-

2371 793 2534 844 πέντε
2584 792 2965 862 πατριαρχῶν.
3018 792 3081 845 Εἰ
3144 793 3204 845 δέ
3240 809 3324 855 τις
3374 793 3609 863 ἐρωτοίη
3676 795 3775 848 καὶ
3831 794 3950 857 πῶς

2370 884 2643 954 ἐνδέχεται
2669 882 2829 937 τοῦτο
2858 883 3150 953 γενέσθαιο
3186 884 3265 955 τῷ
3304 887 3563 957 ἐκστῆναι
3604 887 3734 951 τοὺς
3762 890 3951 957 ἑτερο⁹

2372 976 2558 1043 δόξους
2600 978 2710 1030 τῶν
2756 977 2853 1031 τοῦ
2908 977 3041 1031 Θεοῦ
3089 978 3458 1049 Ἐκκλησιῶνο
3510 981 3605 1033 καὶ
3648 980 3951 1033 ἀπολαϐεῖν

2376 1069 2469 1118 τὸν
2500 1068 2699 1121 οἰκεῖον
2727 1067 2918 1137 θρόνον
2939 1068 3254 1139 Νικηφόρον
3275 1069 3366 1121 τὸν
3404 1069 3548 1140 ἱερὸν
3574 1072 3949 1141 πατριάρηεν

2373 1156 2433 1219 ὃς
2484 1158 2845 1226 συνεδρεύσας
2906 1158 3024 1227 μεθ’
3074 1152 3151 1211 ὧν
3182 1159 3518 1229 συνήθλησεν
3547 1162 3620 1230 (εἰ
3666 1162 3771 1213 οὐκ
3803 1162 3952 1213 ἑνδέ-

2376 1266 2532 1319 χεται
2552 1252 2617 1302 ὲκ
2644 1250 2754 1303 τῶν
2775 1250 2951 1304 ἄλλων
2973 1252 3332 1322 πατριαρχῶν
3357 1256 3616 1323 παρεῖναι
3639 1253 3953 1324 ἀντιπροσ-

2374 1342 2578 1407 ώπους.
2616 1344 2793 1414 Ὅπερ
2842 1343 3069 1397 δυνατόν
3100 1346 3273 1411 ἐστιν,
3306 1347 3352 1398 εί
3395 1345 3538 1399 θέλοι
3568 1346 3827 1415 βασιλεὺς
3864 1346 3955 1399 τον

2375 1435 2438 1487 ἐκ
2465 1434 2682 1498 Δύσεως
2715 1437 3017 1506 παρεῖναιξ
3052 1426 3097 1502 ᾧ
3140 1435 3237 1488 καὶ
3270 1435 3330 1488 τὸ
3376 1436 3578 1506 κράτος
3614 1435 3956 1506 ἀναφέρεται

2374 1527 2474 1595 τῆς
2504 1528 2895 1599 οἰκουμενικῆς
2932 1526 3203 1599 συνόδου),
3258 1528 3594 1597 ἀποπεράνοι
3642 1528 3713 1581 ἂν
3766 1528 3831 1581 τὸ
3857 1527 3957 1598 τῆς

2376 1622 2623 1693 εἰρήνης,
2652 1622 2747 1675 καὶ
2767 1621 2829 1674 τὸ
2850 1620 2953 1691 τῆς
2973 1621 3273 1689 συναφείας
3302 1621 3725 1693 βραὸευτήριον,
3758 1621 3957 1691 δηλον-

2375 1716 2457 1767 ότι
2498 1713 2567 1768 δι’
2616 1714 2835 1768 οίκείων
2869 1713 3163 1768 συνοδικῶν
3188 1713 3667 1783 ἀποστελλομένων
3695 1713 3776 1782 τῷ
3799 1732 3957 1783 πρω-

2376 1808 2638 1879 τοθρόνῳ.
2673 1809 2737 1862 EE
2784 1808 2843 1862 δὲ
2896 1808 2957 1861 οὑ
2989 1807 3149 1861 τοῦτο
3188 1807 3551 1861 καταδεκτέον
3585 1807 3665 1877 τῷ
3720 1807 3955 1877 βασιλεῖ,

694 1896 858 1951 ritate
884 1895 1232 1965 Nicephorus
1262 1897 1574 1967 patriarcha
1601 1915 1616 1953 :
1649 1898 1914 1953 mittenda
1948 1910 2032 1954 est
2062 1900 2131 1953 ad
2164 1898 2274 1953 Ro-

2380 1901 2476 1953 καὶ
2528 1899 2604 1963 ῶς
2634 1917 2770 1971 φησι
2820 1901 3151 1971 παρετράπη
3205 1900 3305 1953 σὺν
3357 1902 3491 1969 ἡμῖν
3544 1900 3642 1970 τῆς
3691 1900 3958 1971 ἀληθείας

696 2007 925 2045 manum
960 2008 1025 2045 ex
1066 2003 1299 2060 utraque
1333 2002 1488 2060 parte
1514 1994 1715 2063 legatio
1740 2034 1755 2057 ,
1799 2003 1849 2047 et
1879 1995 2003 2048 inde
2032 1995 2158 2065 ﬁdei
2186 2012 2279 2049 ac-

695 2085 939 2153 cipienda
980 2086 1264 2140 certitudo.
1304 2087 1519 2139 Etenim
1571 2087 1651 2141 sic
1700 2101 1787 2141 res
1835 2085 2042 2152 habet,
2080 2098 2177 2154 ut,
2230 2088 2275 2143 si

694 2178 910 2233 aberret
945 2196 1089 2233 unus
1120 2195 1149 2233 e
1181 2180 1538 2249 patriarchis,
1576 2194 1605 2232 a
1648 2179 1861 2234 caeteris
1899 2179 2149 2249 ejusdem
2186 2194 2278 2234 or-

694 2270 873 2335 dinis,
928 2272 1392 2340 quemadmodum
1444 2271 1669 2324 divinus
1726 2269 2021 2342 Dionysius
2071 2272 2277 2339 tradit,

693 2361 1098 2416 correctionem
1127 2360 1404 2426 admittat,
1442 2376 1551 2415 non
1592 2360 1660 2414 ab
1694 2360 2114 2430 imperatoribus
2138 2364 2281 2432 judi-

695 2462 1218 2523 eetur:exsurgant
1272 2453 1403 2508 licet
1452 2468 1643 2507 omnes
1696 2461 1968 2523 quotquot
2032 2470 2276 2523 unquam

695 2546 922 2600 fuerunt
990 2547 1354 2612 imperatores
1401 2544 1713 2599 orthodoxi.
1768 2545 1945 2614 Atque
1996 2546 2100 2599 hoc
2144 2560 2278 2601 sane

695 2647 863 2707 caput
904 2636 1190 2707 despicere
1242 2636 1470 2690 minime
1514 2635 1677 2689 debet
1724 2636 2021 2705 imperator
2071 2645 2277 2706 noster,

696 2728 793 2782 sed
841 2738 968 2782 ante
1000 2727 1183 2781 omnia
1219 2727 1403 2797 magni
1452 2725 1636 2780 facere
1712 2726 1768 2781 in
1816 2742 1926 2797 quo
1974 2736 2029 2782 et
2067 2729 2278 2798 imperii

696 2819 953 2885 felicitas,
1003 2828 1057 2873 et
1098 2820 1249 2889 juste
1296 2818 1565 2889 regnandi
1620 2834 1822 2874 munus
1876 2820 2115 2889 positum
2170 2827 2276 2875 est.

698 2912 861 2965 Aliud
900 2911 1035 2964 nihil
1069 2912 1340 2965 sentimus
1370 2925 1471 2965 nos
1504 2910 1739 2965 humiles
1771 2920 1827 2966 et
1857 2911 2084 2981 indigni,
2118 2928 2282 2967 oran-

703 3012 786 3057 tes
832 3018 934 3073 pro
986 3003 1249 3073 optabilis
1283 3003 1408 3056 vita:
1456 3011 1562 3056 tua:
1603 3002 1984 3071 prosperitate.
2036 3002 2093 3057 Si
2150 3006 2280 3074 quid

700 3094 939 3165 denique
971 3096 1100 3150 huic
1132 3094 1380 3164 epistol-.2
1408 3093 1593 3159 deest,
1646 3094 1714 3149 de
1741 3108 1809 3149 eo
1842 3096 2279 3150 veneramlorum

698 3184 1058 3254 vestigiorum
1119 3192 1339 3237 tuorum
1386 3181 1645 3236 adorator
1688 3182 2009 3239 tabellarius
2053 3200 2280 3256 respon-

701 3275 871 3332 debit.

949 3385 1164 3442 CXXX.
1190 3418 1260 3429 --
1283 3386 1658 3442 Cizarensium
1691 3388 2039 3452 fraternitati.

2378 1991 2695 2061 Νικηφόρος
2746 1993 2775 2045 ὁ
2806 1992 3093 2062 πρόεδρος,
3142 1991 3203 2056 ἐξ
3246 1992 3507 2061 ἑκατέρου
3560 1993 3764 2062 μέρους
3817 1992 3957 2044 ἁπο-

2378 2082 2634 2135 σταλτέον
2667 2082 2807 2153 πρὸς
2846 2082 2937 2135 τὸν
2984 2082 3228 2153 Ῥώμης.
3268 2082 3553 2137 Κάκεῖθεν
3582 2081 3853 2151 δεχέσθω
3889 2081 3955 2135 τὸ

2376 2176 2659 2245 ἀσφαλὲς
2694 2174 2805 2245 τῆς
2835 2167 3119 2242 πίστεως.
3153 2176 3267 2229 Καὶ
3325 2176 3433 2245 γὰρ
3481 2176 3652 2239 οὕτως
3697 2177 3814 2246 ἔχει
3837 2193 3854 2208 ο
3906 2178 3955 2228 εί

2380 2271 2717 2341 παρατραπῇ
2751 2261 2835 2332 εἷς
2862 2269 2929 2321 ἐκ
2958 2268 3070 2321 τῶν
3099 2266 3461 2337 πατριαρχῶν
3480 2266 3587 2320 ὑπὸ
3610 2266 3721 2319 τῶν
3751 2268 3954 2334 ὁμοτα-

2377 2362 2511 2431 γῶν,
2544 2361 2687 2415 καθά
2710 2364 2919 2433 φησινό
2945 2362 3087 2425 θεῖος
3122 2361 3423 2422 Διονύσιος,
3444 2361 3544 2431 τὴν
3575 2360 3954 2432 ἐπανόρθωσιν

2378 2454 2671 2525 λήψεσθαι,
2698 2456 2798 2525 οὐχ
2824 2455 2931 2507 ὑπὸ
2964 2454 3231 2526 βασιλέων
3262 2454 3575 2527 κρίνεσθαι·
3614 2456 3724 2509 κᾶν
3759 2456 3955 2520 ἐξανα-

2380 2546 2548 2599 στῶσι
2578 2546 2782 2609 πάντες
2801 2547 2853 2599 οἱ
2868 2545 3328 2617 ὀρθοδοξήσαντες
3348 2545 3585 2617 βασιλεῖς
3606 2562 3622 2577 ο
3649 2546 3747 2599 κα)ι
3761 2545 3953 2598 τούτου

2377 2638 2473 2693 τοῦ
2530 2640 2829 2709 κεφαλαίου
2869 2640 2970 2693 οὐκ
3018 2640 3226 2708 ὀφείλει
3273 2639 3563 2708 ἁφειδῆσαι
3615 2640 3646 2691 ὁ
3698 2638 3955 2709 βασιλεὺς

2378 2729 2557 2800 ήμ-ῶν.
2600 2731 2761 2784 Ἀλλά
2813 2732 2908 2785 καὶ
2943 2731 3053 2803 πρὸ
3102 2732 3322 2786 πάντων
3353 2748 3417 2801 γε
3454 2731 3741 2802 φροντίσαι
3763 2747 3782 2763 ο
3827 2731 3886 2783 ἓν
3910 2723 3955 2799 ᾧ

2379 2825 2476 2877 καὶ
2505 2824 2565 2877 τὸ
2597 2824 2873 2893 βασίλειον
2915 2826 3190 2895 μακάριον
3214 2841 3228 2855 ’
3261 2825 3356 2877 καὶ
3382 2823 3445 2876 τὸ
3479 2822 3785 2893 βασιλεύειν
3808 2823 3950 2875 ἐννό-

2382 2930 2499 2982 μως
2526 2911 2852 2983 δεδώρηται.
2890 2913 3054 2967 ’Δλλο
3084 2929 3138 2965 τι
3184 2912 3245 2965 οὐ
3295 2912 3599 2984 φρονοῦμεν
3632 2914 3682 2964 οἱ
3710 2914 3956 2965 ταπεινοὶ

2381 3005 2478 3058 καὶ
2536 3004 2777 3069 ἀνάξιοιο
2836 3006 3263 3076 ὑπερευχόμενοι
3314 3005 3413 3075 τῆς
3474 3004 3810 3057 πολυεύκτου
3866 3019 3954 3056 σου

2382 3097 2635 3161 εὐζωῖας.
2688 3096 2752 3150 Εἰ
2805 3097 2860 3151 δέ
2914 3115 2967 3150 τι
3002 3097 3219 3161 ἐλλιπὲς
3257 3098 3315 3148 ἐν
3367 3099 3481 3159 τοῖς
3534 3097 3883 3167 γράμμασιν.
3929 3095 3957 3146 ὁ

2383 3189 2778 3261 προσκυνητὴς
2818 3189 2928 3243 τῶν
2964 3190 3166 3261 τιμίων
3203 3206 3299 3243 σου
3334 3190 3494 3259 ἰχνῶν
3540 3189 3638 3241 καὶ
3666 3188 3958 3258 ὶπιστολη·

2309 3263 2353 3322 C
2386 3281 2549 3353 φόρος
2582 3282 2823 3353 ἁπολογή
2832 3298 3003 3335 σεται.

2560 3395 2661 3450 PA’
2698 3396 2832 3466 (26).
2862 3426 2933 3436 -—
2963 3394 3043 3464 Τῆ
3064 3395 3427 3465 ἀδελφότητι
3450 3393 3732 3463 Κιζὰρων.
3764 3392 3956 3465 [χπδκ]

1720 3501 1797 3551 De
1828 3502 1965 3552 obitu
1994 3503 2204 3566 abbatis,
2228 3519 2378 3569 quem
2424 3522 2725 3573 magnopere
2758 3511 2941 3559 laudat.

774 3615 1009 3677 Nuntius
1025 3614 1371 3669 dormitionis
1388 3615 1690 3684 spiritualis
1711 3614 1887 3672 Patris
1911 3618 2085 3672 nostri
2112 3635 2176 3673 ac
2202 3636 2287 3675 ve-

702 3710 823 3777 stri,
847 3710 1190 3765 dilectissimi
1216 3708 1433 3773 fratres,
1454 3711 1692 3763 animam
1712 3721 1951 3765 nostram
1968 3721 2284 3766 consterna-

706 3803 805 3868 vit,
838 3813 897 3857 ut
927 3819 1023 3872 par
1046 3812 1183 3867 erat,
1207 3802 1577 3873 acerbumque
1610 3803 1871 3873 gemitum
1923 3805 2147 3869 elicuit,
2177 3822 2284 3860 non

704 3896 908 3949 mortui
942 3910 1143 3961 causa;
1184 3896 1375 3951 beatus
1404 3898 1552 3951 enim
1586 3896 1699 3961 ille,
1732 3898 1825 3965 qul
1856 3896 2073 3951 beatam
2109 3899 2285 3953 vitam

702 3988 1625 4058 consummavit:quandoquidem
1674 3998 1728 4042 et
1777 3987 1982 4056 probus
2014 3987 2116 4042 fuit
2164 4004 2282 4043 mo-

703 4080 918 4135 nachus
953 4092 1006 4136 et
1042 4081 1303 4150 prmclare
1333 4096 1391 4135 se
1420 4080 1667 4135 exercuit
1700 4095 1872 4150 usque
1916 4081 1984 4135 ad
2022 4082 2233 4136 senium
2266 4121 2281 4147 ,

702 4173 957 4243 quodque
988 4184 1153 4243 caput
1186 4183 1291 4239 est,
1333 4172 1695 4228 orthodoxam
1736 4173 1895 4228 [idem
1943 4189 2283 4231 conservans

702 4269 846 4323 inter
874 4268 1287 4337 persecutiones
1306 4278 1361 4322 et
1394 4276 1677 4337 susceptas
1705 4282 1804 4337 pro
1826 4276 1976 4323 recto
2006 4282 2283 4324 aerumnas

707 4360 945 4416 excessit
1008 4376 1039 4415 e
1093 4362 1205 4415 vita
1242 4400 1259 4425 ,
1317 4361 1545 4431 iustitia:
1602 4361 2008 4429 quodammodo
2064 4370 2283 4431 propter

701 4452 903 4507 Christi
932 4450 1340 4507 confessionem
1370 4467 1573 4506 corona
1611 4453 1898 4506 redimitus
1924 4469 1939 4505 :
1968 4451 2063 4507 sed
2103 4453 2280 4507 nostri

701 4557 901 4609 causa,
952 4552 1046 4598 aut
1096 4543 1265 4598 vestri
1342 4543 1587 4613 ipsorum
1627 4544 1840 4611 potius,
1878 4543 1970 4613 qui
2028 4544 2276 4598 derelicti

702 4636 870 4699 estis,
924 4637 1067 4691 velut
1112 4650 1242 4705 grex
1284 4635 1413 4690 boni
1466 4636 1702 4706 pastoris
1746 4638 1899 4691 obitu
1962 4638 2275 4694 destitutus.

702 4724 997 4782 Enimvero
1074 4728 1614 4782 eommiserationem
1682 4727 2038 4797 doloremque
2097 4729 2279 4785 cordis

702 4827 967 4889 provocat
1018 4820 1270 4889 praesulis
1301 4820 1610 4874 recordatio
1638 4860 1653 4884 ,
1699 4819 1826 4873 dum
1853 4822 2097 4873 animum
2135 4821 2279 4875 subit

2469 3624 2537 3677 Ἦ
2599 3624 2825 3693 ἀγγελία
2882 3625 2982 3694 τῆς
3060 3624 3373 3694 κοιμήσεως
3430 3620 3524 3672 τοῦ
3588 3618 3960 3688 πνευματικοῦ

2388 3716 2547 3788 ἡμῶν
2605 3720 2697 3769 καὶ
2760 3716 2915 3786 ὑμῶν
2988 3716 3236 3786 Πατρός,
3304 3712 3651 3783 ἠγαπημένοι
3718 3710 3959 3777 ἀδελφοὶ,

2389 3810 2651 3882 ὲθρόησεν
2702 3811 2859 3880 ἡμῶν
2896 3809 2997 3878 τὴν
3050 3808 3250 3879 ψυχὴν,
3297 3808 3373 3870 ὡς
3411 3807 3471 3860 τὸ
3516 3806 3684 3870 εἰκὸς,
3734 3808 3830 3859 καὶ
3884 3806 3962 3867 εἰς

2390 3901 2694 3972 στεναγμὸν
2725 3903 2901 3971 ηγαγε
2926 3901 3236 3954 θλιπτικόν·
3262 3901 3323 3953 οὐ
3356 3899 3447 3953 διὰ
3470 3898 3561 3951 τὸν
3586 3897 3927 3968 κοιμηθέντα
3945 3912 3957 3924 '

2391 3995 2659 4065 μακάριος
2712 3996 2821 4063 γὰρ
2882 3995 3091 4056 ἐκεῖνος
3154 3992 3412 4065 μακαρίῳ
3464 3990 3571 4061 βίῳ
3628 3989 3959 4052 τελειωθεὶς,

2387 4087 2575 4156 ἐπειδὴ
2613 4086 2706 4140 καὶ
2753 4088 3003 4155 μονάζων
3051 4086 3309 4156 δόκιμοςσ
3340 4086 3435 4138 καὶ
3478 4084 3583 4147 ἕως
3623 4085 3829 4153 γήρους
3874 4082 3959 4145 ὲξ’

2386 4176 2645 4250 ησκηκὼς
2666 4178 3008 4251 ἄριστα,“καὶ
3027 4178 3086 4231 τὸ
3104 4178 3426 4247 κεφάλαιον,
3450 4175 3854 4248 πεφυλαγμένη
3872 4177 3960 4228 καὶ

2385 4270 2652 4341 ὀρθοδόξῳ
2704 4272 2885 4325 πίστει
2918 4273 3058 4341 μετᾶ
3106 4271 3364 4341 διωγμῶν
3393 4272 3489 4325 κα)⁸
3534 4270 3644 4323 τῶν
3693 4269 3837 4339 ὑπὲρ
3868 4267 3957 4321 τοῦ

2385 4362 2553 4416 καλοῦ
2588 4363 2972 4435 ταλαιπωριῶν
3022 4363 3360 4434 ἐξεληλυθὼς
3408 4363 3519 4415 τῶν
3574 4361 3811 4428 ἐνθένδε,
3868 4362 3960 4413 καὶ

2383 4460 2549 4514 οίονεὶ
2593 4459 3046 4529 ἐστεφανωμένος
3077 4460 3177 4529 τῆς
3212 4459 3354 4528 ὑπὲρ
3390 4456 3633 4528 Χριστοῦ
3668 4455 3959 4525 ὁμολογίας

2382 4548 2701 4621 δικαιοσύνῃ
2722 4562 2737 4577 ⁸
2767 4548 2905 4602 ἀλλὰ
2939 4548 3008 4601 δι’
3059 4549 3229 4619 ἡμᾶς,
3266 4546 3473 4617 μᾶλλον
3518 4545 3575 4599 δὲ
3600 4546 3745 4614 ὑμᾶς
3767 4545 3958 4607 αὐτοὺς

2384 4641 2524 4715 lead.
2590 4642 2719 4713 Reg.
2772 4642 2865 4695 καὶ
2932 4638 3084 4712 τοὺς]
3136 4639 3503 4710 ὲναφεθέντας
3562 4638 3637 4700 ὡς
3712 4637 3958 4706 ποίμνιον

2380 4730 2732 4801 ἠπορημένον
2777 4732 2843 4799 τῇ
2895 4728 2989 4783 τοῦ
3047 4728 3215 4782 καλοῦ
3274 4730 3535 4798 ποιμένος
3603 4728 3954 4796 μεταστάσει.

2388 4824 2497 4876 Καὶ
2529 4823 2636 4893 γὰρ
2674 4821 2822 4875 ἕλκει
2858 4822 2994 4892 πρὸς
3024 4817 3207 4875 οἶκτον
3234 4822 3328 4874 καὶ
3360 4818 3699 4890 συντριμμδν
3732 4818 3956 4889 καρδίας

702 4910 1011 4981 eujusmodi
1046 4912 1209 4966 fuerit
1241 4914 1359 4982 ejus
1402 4913 1453 4966 in
1504 4913 1736 4967 Domino
1778 4913 2101 4983 gubernatio
2130 4936 2140 4967 :
2172 4930 2279 4983 quo

2385 4917 2418 4985 ἡ
2476 4914 2568 4966 τοῦ
2614 4914 2958 4983 προεστῶτος
3019 4915 3233 4984 μνήμη.
3298 4913 3758 4983 ἀναθεωρουμένη
3821 4914 3957 4964 κατά

703 5014 862 5070 pacto
912 5002 1059 5057 hunc
1109 5003 1330 5073 quidem
1378 5005 1679 5071 collapsum
1734 5005 2013 5058 solabatnr
2046 5044 2060 5069 ,
2128 5004 2281 5057 illum

702 5110 834 5149 vero
864 5096 1207 5166 pervicacem
1267 5097 1633 5166 objurgahat:
1678 5095 1845 5149 alium
1899 5093 2055 5149 frena
2105 5098 2285 5149 detre-

704 5196 944 5241 etantem
980 5188 1323 5250 hortabatur,
1354 5191 1520 5243 alium
1574 5199 1971 5258 torpesccntcm
1991 5188 2282 5252 excitabat,

706 5282 1124 5336 mansuetudine
1159 5292 1213 5335 et
1238 5283 1494 5351 aequitate
1531 5297 1726 5349 regens
1759 5280 1826 5334 ad
1871 5279 2041 5348 ipsius
2072 5278 2282 5334 Domini

706 5372 1042 5441 exemplum,
1075 5372 1166 5443 qui
1200 5374 1337 5428 dixit
1368 5390 1384 5427 :
1418 5372 1619 5427 Discite
1650 5389 1682 5423 α
1715 5388 1795 5424 me
1832 5372 1957 5441 quia
1984 5371 2127 5424 mitis
2163 5388 2280 5424 sunt

702 5473 751 5515 et
786 5462 1003 5516 Immitis
1043 5466 1237 5517 corde:l
1268 5483 1282 5519 :
1318 5474 1481 5534 atque
1509 5464 1563 5518 in
1595 5464 1848 5518 omnibus
1881 5464 2123 5528 demum,
2156 5464 2280 5531 qui-

705 5552 809 5606 bus
848 5552 901 5605 in
948 5553 1130 5608 medio
1166 5564 1408 5609 vestrum
1443 5553 1589 5608 velut
1620 5554 1777 5609 stella
1810 5554 2076 5609 matutina
2114 5552 2277 5608 reful-

779 5668 800 5698 ⁸
830 5664 1023 5722 Matth.
1056 5682 1135 5733 xl,
1166 5667 1257 5721 29.

2384 5003 2545 5055 τόπον
2580 5004 2671 5056 καὶ
2702 5004 2901 5073 τρόπον
2946 5002 3046 5073 τῆς
3100 5005 3158 5054 ἐν
3206 5003 3394 5074 Κυρίῳ
3433 5005 3811 5073 ἀφηγήσεωςι
3843 5003 3955 5063 πῶς

2383 5096 2442 5148 δν
2480 5096 2577 5165 μὲν
2640 5094 2946 5164 παρεκάλει
3002 5096 3421 5163 συμπίπτοντα·
3455 5096 3515 5148 ὃν
3565 5097 3620 5148 δὲ
3648 5096 3955 5164 ἐπέπληττε

2384 5183 2825 5253 θρασυνόμενον·
2887 5183 3075 5252 ἓτερον
3126 5184 3523 5254 προσεκαλεῖτο
3568 5186 3954 5252 ἁφηνιὰζοντα,

2386 5277 2481 5329 καὶ
2539 5275 2696 5327 ἄλλον
2760 5273 3005 5337 διύπνιζε
3060 5274 3484 5347 νωθρευὸμενον,
3542 5276 3816 5344 πραότητι
3870 5278 3957 5327 καὶ

2387 5367 2659 5434 ἐπιεικείᾳ
2686 5366 2905 5431 διέπων,
2932 5365 3078 5419 κατά
3112 5367 3346 5437 μίμησιν
3376 5366 3540 5421 αὐτοῦ
3577 5367 3672 5420 τοῦ
3714 5368 3956 5427 εἰπόντος

2389 5461 2665 5513 Δεσπὸτου
2694 5476 2708 5491 ·
2742 5458 2972 5514 Μάθετε
3010 5459 3111 5513 ἀπ’
3146 5459 3293 5528 ἐμοῦ
3334 5459 3423 5512 ὅτι
3468 5456 3660 5528 πρᾶός
3701 5462 3823 5527 εἰμι
3861 5460 3951 5510 καὶ

2387 5554 2669 5620 ταπεινὸς
2696 5552 2768 5622 τῇ
2816 5551 3068 5622 medio};
3113 5554 3204 5606 καὶ
3231 5552 3417 5617 ἁπλῶς
3461 5555 3519 5607 ὲν
3552 5554 3719 5606 πᾶσιν
3770 5546 3850 5616 οἷς
3877 5550 3951 5605 δι·-

2232 5760 2464 5816 NOTAE.

780 5852 891 5920 (26)
917 5852 973 5905 In
1007 5852 1127 5907 cod.
1162 5853 1292 5921 Reg.
1320 5858 1457 5922 ρμέ.
