4156 6524
236 484 374 550 1421

1419 475 1955 538 EPISTOLARUM
2008 474 2154 539 LIB.
2206 475 2287 533 ΙΙ.

3336 476 3473 541 149.2

225 603 472 668 ἔπρεπεν
501 596 559 651 ἐν
600 600 750 668 μέσῳ
779 596 932 668 ὑμῶν
954 593 1029 659 ὡς
1066 594 1286 656 ἑωθινὸς
1318 593 1495 666 ἀστήρ
1518 610 1533 624 ·
1564 593 1801 647 ἄλλωστε

1914 593 2019 647 sit:
2049 608 2176 647 cum
2219 591 2518 661 prmsertim
2563 607 2630 647 ex
2674 591 2931 648 diuturna
2969 595 3133 650 etiam
3174 608 3475 651 consuetu-

227 692 332 745 καὶ
362 690 442 760 τῷ
479 688 814 760 πολυχρονίῳ
836 688 949 742 ἔθει
968 728 983 753 ,
1020 685 1272 758 βαρύνειν
1301 685 1461 739 εἴωθε
1493 686 1594 757 τὴν
1620 686 1769 756 ψυχὴ

234 780 447 851 σφόδρα
470 780 499 831 ὁ
536 780 631 831 τοῦ
657 779 875 848 [ἰατρὸς
905 776 1205 849 χωρισμός.
1750 795 1762 803 ⁴

314 871 479 924 Ἀλλά
506 870 559 923 τί
602 872 929 942 ποιήσομεν,
970 868 1210 937 ἀδελφοὶ,
1242 868 1389 939 πρὸς-
1430 868 1598 938 νόμον
1659 865 1797 919 Θεοῦ

229 963 377 1015 οὕτω
407 961 698 1015 κελεύοντα
721 978 735 991 ·
771 960 861 1029 Γῆ
888 956 963 1024 εἴ,
1001 960 1099 1013 καί
1166 962 1255 1026 είς
1286 959 1403 1029 γῆν
1452 959 1801 1025 (insulamn;

236 1055 442 1125 μᾶλλον
467 1055 523 1108 δὲ
556 1054 791 1124 ὲκδημία
847 1052 984 1123 πρὸς
1019 1052 1245 1123 Κύριον,
1278 1054 1310 1120 ὴ
1332 1051 1627 1118 διάζευξις.
1671 1050 1803 1103 Ἐπ-

234 1145 451 1215 ετράπη
485 1144 585 1214 τὴν
641 1145 999 1214 μετάστασιν,
1056 1142 1150 1195 καὶ⁴
1180 1140 1371 1211 ἐξῆλθε
1400 1141 1495 1193 τοῦ
1527 1138 1799 1209 σώματος.

245 1234 552 1305 Ἐχωρίσθη
600 1236 695 1302 ἀφ’
747 1233 921 1303 ὐμῶν,
978 1232 1074 1299 καὶ
1123 1231 1429 1302 προσετέθη
1487 1229 1628 1299 πρὸς
1677 1228 1805 1290 τοὺς

234 1328 481 1395 πατέρας
526 1326 715 1379 αὐτοῦ.
744 1325 925 1379 Καλὸν
979 1324 1288 1394 ὑπόδειγμα
1321 1324 1413 1375 τὸν
1464 1318 1659 1374 ἑαυτοῦ
1691 1319 1804 1389 βίον

233 1418 337 1487 τῆς
366 1417 568 1488 ἀρετῆς
610 1416 865 1486 ὁμοίωσιν
919 1412 1396 1483 ὲγκαταλελοιπὼς
1442 1412 1594 1479 ὑμῖν.
1621 1409 1686 1463 Τί
1711 1409 1804 1462 οῦν

234 1511 425 1564 λοιπόν
455 1512 574 1562 ἐστι
606 1509 665 1561 τὸ
697 1509 1066 1579 ζητούμενον;
1098 1506 1193 1568 Εἰς
1230 1505 1457 1567 ἑαυτοὺς
1484 1504 1627 1573 ὑμᾶς
1648 1501 1803 1571 γενέ-

237 1602 387 1668 σθαι,
422 1602 517 1655 καὶ
563 1598 1227 1673 παρακαλέσαιάλλήλους
1253 1600 1311 1651 ἐν
1340 1596 1618 1667 Πνεύματι
1641 1595 1800 1666 ἁγίῳ.

236 1697 352 1748 Καὶ
378 1694 559 1757 καθὼς
590 1696 717 1763 ὑμῖν
747 1694 899 1746 εἴασε
931 1693 1023 1745 τὸν
1063 1691 1253 1761 κύριον
1317 1688 1599 1743 Ἀντώνιον
1665 1686 1802 1741 καθ-

237 1784 571 1854 ηγούμενον,
600 1781 679 1852 τῷ
713 1780 864 1851 αὐτῷ
899 1778 1089 1833 κανόνι
1122 1778 1354 1841 καὶτοῖς
1401 1776 1586 1837 αὐτοῖς
1633 1776 1805 1842 ἴχνεσι

237 1877 339 1946 τῆς
400 1874 682 1937 εὐσεϐείας
748 1870 1100 1943 ἀπάρξασθαι
1176 1870 1319 1940 ὑμᾶς
1399 1864 1803 1926 πολιτεύεσθαι,

1900 686 2028 740 dine
2060 700 2289 756 gravare
2332 684 2575 738 animum
2624 686 2973 741 vehementer
3023 688 3199 743 soleat
3246 698 3474 758 paterna

1902 777 2199 847 separatio.
2926 795 2931 801 -

1976 866 2085 920 Sed
2132 866 2262 935 quid
2319 881 2571 935 agemus,
2625 864 2843 932 fratres,
2891 867 3151 924 adversus
3188 867 3283 923 Dei
3305 869 3472 938 legem

1902 959 1985 1014 sic
2040 958 2442 1027 praecipientem
2472 979 2485 1015 :
2539 960 2706 1015 Terra
2743 976 2818 1025 es,
2850 973 2901 1014 et
2930 963 2985 1015 in
3018 972 3218 1016 terram
3248 972 3475 1015 reverte-

1905 1044 1981 1099 ris
2011 1045 2031 1076 ⁸
2050 1046 2083 1097 -?
2108 1044 2250 1110 Quin
2283 1047 2463 1116 potius
2507 1049 2769 1118 profectio
2793 1058 2878 1105 est
2902 1050 2971 1104 ad
3012 1050 3324 1113 Dominum.
3362 1053 3479 1107 haec

1903 1136 2218 1204 disiunctio.
2248 1136 2438 1193 Jussus
2466 1150 2550 1195 est
2581 1143 2836 1211 migrare,
2878 1152 2933 1197 et
2971 1143 3106 1197 abiit
3132 1158 3199 1197 ex
3224 1157 3474 1213 corpore.

1905 1230 2201 1299 Separatus
2251 1240 2390 1285 esta
2442 1233 2617 1299 vobis,
2659 1244 2720 1309 et
2747 1236 3030 1307 appositus
3082 1245 3167 1290 est
3198 1238 3265 1291 ad
3295 1250 3477 1307 patres

1906 1336 2056 1385 suos,
2139 1324 2460 1391 pra-clarum
2520 1328 2798 1396 exemplar
2854 1344 3012 1383 suam
3072 1329 3246 1399 ipsius
3310 1332 3477 1384 vitam

1904 1412 2122 1466 virtutis
2164 1412 2389 1484 elIigiem
2436 1417 2590 1471 vobis
2614 1419 2946 1489 relinquens.
2978 1420 3119 1486 Quid
3158 1436 3288 1493 ergo
3312 1432 3482 1475 restat

1906 1503 2291 1574 inquirendum
2325 1508 2348 1561 ?
2378 1508 2446 1564 Ut
2468 1510 2536 1563 ad
2564 1525 2663 1564 vos
2696 1513 2843 1580 ipsos
2871 1514 3126 1579 redeatis,
3157 1526 3213 1569 et
3243 1516 3478 1570 invicem

1906 1611 2004 1652 vos
2059 1600 2419 1655 consoletnini
2460 1604 2514 1656 in
2563 1600 2769 1672 Spiritu
2808 1615 3019 1659 sancto.
3056 1606 3119 1660 Et
3150 1610 3279 1676 quia
3306 1607 3483 1671 domi-

1906 1702 2038 1742 num
2092 1692 2389 1747 Antonium
2447 1703 2716 1749 rectorem
2774 1696 2928 1751 vobis
3002 1698 3261 1761 instituit.
3289 1700 3483 1754 eadem

1906 1795 2145 1844 norma,.
2173 1782 2478 1851 iisdemque
2517 1786 2738 1853 pietatis
2787 1788 3032 1859 vestigiis
3058 1790 3218 1844 iidem
3250 1804 3480 1845 conser-

1907 1883 2119 1939 vantcs,
2149 1883 2202 1928 et
2230 1889 2329 1944 pro
2357 1891 2422 1929 eo
2447 1878 2557 1946 pati
2589 1879 2762 1947 parati
2807 1880 2891 1933 vel
2928 1895 3100 1950 usque
3124 1883 3191 1934 ad
3231 1890 3482 1948 mortem,

239 1963 614 2036 φρουροῦντας
643 1964 742 2033 τὴν
770 1963 978 2025 πίστιν,
1012 1961 1108 2014 καὶ
1159 1960 1302 2029 ὑπὲρ
1335 1958 1508 2027 αὐτῆς
1550 1971 1804 2009 κακοπα-

1914 1966 1954 2019 si
1977 1982 2116 2036 opus
2144 1968 2235 2033 sit,
2259 1968 2415 2038 juxta
2440 1982 2761 2039 praaseutem
2797 1974 3251 2041 persecutionem.
3278 1972 3487 2029 Verita-

240 2059 377 2123 θεῖν,
430 2058 480 2110 εἰ
514 2056 647 2121 δέοι,
714 2055 877 2125 μέχρι
914 2053 1171 2114 θανάτου,
1214 2068 1357 2105 κατα
1402 2049 1495 2101 τὸν
1564 2046 1813 2138 παρόντα

240 2150 486 2221 διωγμόν
516 2166 530 2180 ’
570 2149 667 2202 καὶ
732 2146 1002 2218 μηδαμῶς
1040 2144 1333 2216 προδοῦναι
1390 2142 1488 2211 τὴν
1529 2140 1808 2211 ἀλήθειαν,

240 2245 346 2311 τήν
373 2258 432 2293 τε
465 2239 688 2308 ἀγάπην
716 2239 868 2307 οπρὸς
908 2236 1197 2306 ἀλλήλους,
1250 2235 1346 2291 καὶΙ
1396 2233 1495 2303 τὴν
1535 2231 1673 2303 πρὸς
1718 2230 1813 2284 τὸν

242 2334 659 2405 καθηγούμενον
722 2331 969 2400 ὑπακοὴν
1007 2329 1174 2381 παντὶ
1221 2327 1397 2380 σοένει
1438 2322 1811 2387 ἀσπάσασθαι,

243 2428 418 2481 Τοῦτο
457 2428 566 2498 γάρ
590 2426 724 2498 πρὸς
758 2425 856 2486 τὴν
887 2423 1041 2493 ὐμῶν
1078 2420 1381 2493 σωτηρίανο
1422 2419 1580 2471 τοῦτο
1602 2416 1812 2490 καύχη-

245 2538 327 2589 μα
351 2518 446 2571 καὶ
488 2520 567 2588 τῷ
600 2516 856 2587 μακαρίῳ
906 2514 1103 2580 ἐκείνῳ
1152 2516 1233 2575 εἰς
1277 2511 1496 2580 ἡμέραν
1530 2508 1768 2578 Χριστοῦ
1795 2522 1809 2536 ·

242 2608 401 2663 τοῦτο
434 2609 528 2660 καὶ
555 2610 689 2678 ἡμῖν
718 2611 832 2669 τοῖς
867 2605 1041 2674 φίλοις
1066 2606 1160 2656 καὶ
1199 2602 1450 2671 ἀδελφοῖς
1499 2600 1656 2670 ὑμῶν
1684 2599 1815 2669 ἐρα-

244 2697 575 2768 σμιώτατον.
641 2694 796 2749 Οὕτω
852 2695 960 2763 γάρ
1027 2691 1459 2764 περιπατοῦντες
1528 2689 1811 2751 κάλλιστα,

234 2789 394 2853 ’έξετε
450 2789 596 2859 ἡμᾶς
622 2786 1023 2856 συνεπομένους
1053 2786 1204 2854 ὐμῐν,
1232 2782 1354 2836 ὅσον
1388 2776 1501 2835 οἷόν
1524 2793 1607 2845 τε,
1631 2780 1711 2841 είς
1742 2776 1811 2831 τὰ

245 2880 390 2951 πρὸς
435 2881 661 2950 Κύριον,
702 2876 922 2945 ἀδελφοὶ
947 2875 1289 2946 τιμιώτατοι.

245 2987 1011 3063 ΡΛΔ⁹.(27).-Κατηχητική
1032 2986 1179 3057 πρὸς
1195 2985 1338 3051 τοὺς
1348 2983 1865 3053 ἐαυτοῦμαθητάς.

1910 2064 2018 2109 tem
2085 2056 2273 2125 utique
2321 2073 2669 2129 nequaquam
2742 2061 3005 2129 prodatis,
3051 2062 3487 2132 cbaritatemque

1911 2147 2053 2201 inter
2094 2161 2191 2203 vos
2243 2157 2512 2208 mutuam.
2541 2158 2596 2203 et
2636 2150 3002 2205 obedientiam
3056 2168 3183 2223 erga
3213 2164 3483 2209 rectorem

1909 2253 2010 2310 pro
2050 2239 2259 2294 viribus
2300 2242 2553 2295 omnibus
2599 2241 3037 2310 amplectamiui-
3072 2244 3186 2299 Hoc
3242 2247 3386 2299 enim
3417 2246 3487 2300 ad

1914 2328 2145 2382 salutem
2178 2341 2411 2385 vestram
2449 2347 2462 2384 :
2496 2330 2612 2384 haec
2638 2330 2798 2385 beato
2838 2332 2915 2385 illi
2948 2332 3002 2386 in
3037 2335 3123 2389 die
3150 2334 3369 2390 Domini
3402 2338 3489 2392 fu-

1913 2426 2035 2472 tura
2074 2419 2323 2488 gloriatio
2355 2436 2371 2475 :
2430 2419 2533 2475 hoc
2563 2436 2780 2492 quoque
2834 2424 3015 2491 nobis,
3048 2426 3243 2482 amicis
3293 2439 3347 2483 et
3376 2429 3490 2483 fra-

1914 2510 2088 2567 tribus
2112 2513 2330 2575 vestris,
2380 2514 2807 2583 optatissinmm.
2863 2517 2953 2573 Sic
2997 2519 3141 2574 enim
3186 2521 3492 2577 rectissime

1912 2602 2279 2669 ambulantes,
2328 2618 2431 2659 nos
2470 2606 2673 2675 pariter
2713 2616 2985 2664 sectantes
3034 2611 3087 2664 in
3136 2612 3220 2666 via
3252 2612 3488 2678 Domini,

1913 2705 2179 2764 quantum
2208 2696 2293 2752 fas
2317 2698 2445 2763 erit,
2476 2698 2769 2766 habebitis,
2802 2699 3000 2757 fratres
3030 2704 3489 2761 reverendissitni.

2063 2981 2299 3038 CXXXI.
2329 3012 2398 3023 —-
2420 2982 2748 3040 Catecltetica
2776 2988 2844 3041 ad
2886 3002 3008 3041 suos
3044 2990 3348 3058 discipulos.

1389 3100 1511 3151 Vitae
1532 3099 1814 3150 monastica:
1836 3099 1992 3150 ofﬁcia
2022 3101 2349 3152 commendat.

320 3213 616 3281 Θεόδωρος
672 3210 992 3280 ἐλάχιστος
1030 3209 1435 3277 πρεσϐύτερος
1487 3208 1813 3277 scabrum}-

1993 3204 2297 3260 Theodorus
2330 3207 2580 3260 minimus
2633 3207 2902 3276 presbyter
2940 3204 3117 3261 Studii
3155 3208 3489 3276 prwpositus,

244 3322 429 3374 μενος
456 3302 574 3356 τῶν
595 3300 906 3366 Στουὸίου,
933 3297 1342 3367 ἠγαπημένοις
1386 3295 1673 3365 ἀδελφοῖς
1691 3314 1813 3365 μου

249 3396 349 3449 καί
412 3392 838 3463 πνευματικοῖς
874 3391 1057 3455 υἱέσι,
1108 3388 1232 3454 τοῖς
1279 3386 1379 3442 διὰ
1419 3389 1639 3455 Κύριον
1697 3381 1815 3440 ὦδε

247 3488 495 3542 κάκεῖσε
526 3484 1007 3555 διεσπαρμένοις.
1622 3476 1815 3549 [χπε’.]

323 3602 499 3670 Χάρις
541 3598 673 3666 ὑμῖν
714 3596 810 3649 καὶ
874 3596 1066 3665 εἰρήνη
1122 3591 1229 3646 ἀπὸ
1273 3588 1410 3642 Θεοῦ
1454 3589 1670 3660 Πατρὸς
1720 3588 1817 3641 καὶ

248 3692 455 3765 Κυρίου
507 3688 681 3758 Ἰησοῦ
733 3689 970 3760 Χριστοῦ
1016 3683 1113 3738 τοῦ
1146 3684 1520 3755 χαρισαμένου
1552 3683 1682 3752 ὑμῖν
1724 3681 1816 3734 τὸν

251 3786 395 3855 ὑπὲρ
415 3783 509 3837 τοῦ
539 3782 803 3852 ὀνόματος
831 3778 997 3832 αὐτοῦ
1022 3777 1282 3848 διωγμόν.
1316 3779 1410 3839 Ὃς
1438 3777 1533 3830 καὶ
1568 3777 1616 3828 εί
1646 3774 1815 3845 lunt}.

253 3879 347 3950 ρδς
403 3876 547 3929 κατὰ
606 3876 807 3944 σάρκα,
858 3870 998 3924 ἀλλά
1042 3868 1337 3940 χαροποιὸς
1392 3866 1535 3921 κατά
1566 3865 1813 3937 πνεῦμα⁶

254 3965 627 4042 μακαρισμῶν
671 3963 782 4035 γὰρ
828 3961 1126 4015 θεολέκτων
1166 3958 1360 4024 αἴτιος,
1394 3960 1489 4011 καὶ
1536 3957 1818 4027 στεφάνων

251 4059 487 4116 αἰωνίων
522 4057 801 4129 πρόξενος.
844 4047 918 4108 Οὐ
963 4053 1124 4123 χάριν
1157 4051 1312 4118 κάγὼ
1349 4052 1377 4103 ὁ
1418 4049 1641 4119 εὐτελὴς
1675 4050 1819 4119 χαρᾷ

250 4150 429 4222 χαίρω
452 4149 548 4202 καὶ
577 4145 897 4215 ἀγαλλιάσει
925 4142 1296 4213 ἀγαλλιῶμαι,
1322 4143 1406 4195 ὅτι
1429 4141 1669 4211 ἡξίωμαι
1690 4141 1817 4202 τοὺς

250 4242 421 4312 ἐμοὺς
444 4236 759 4307 άγαπητούς
788 4234 914 4288 ἰδεῖν
947 4232 1243 4303 ὲντοιαύτῃ
1278 4235 1551 4302 προκοπῇ,
1584 4234 1644 4284 ἐν
1663 4232 1815 4302 τηλιο

250 4332 431 4402 κοῦτῳ
448 4329 643 4401 βαθμῷ
657 4331 756 4399 τῆς
772 4326 942 4395 καλῆς
955 4324 1270 4395 ὁμολογίας,
1293 4323 1359 4393 ῆν
1377 4322 1817 4393 ὡμολογήσαμεν

251 4422 481 4478 ἐνώπιον
524 4418 659 4474 Θεοῦ
718 4419 811 4472 καλ⁸
859 4414 1184 4485 ἀνθρώπων,
1222 4416 1550 4483 προσκυνεῖν
1582 4413 1816 4484 Χριστὸν

249 4511 702 4583 ἐγγεγραμμένον
725 4510 890 4580 ἤγουν
915 4503 1373 4572 ὲξεικονισμένον,
1404 4501 1587 4567 καθὼς
1616 4506 1816 4565 πάντες

249 4608 300 4660 oi
324 4606 472 4673 ἆγιοι
494 4601 737 4671 Πατέρες
765 4598 944 4679 ἡμῶν.
963 4598 1139 4651 Μόνον
1162 4594 1465 4667 παρακαλῶ
1492 4594 1588 4648 καὶ
1615 4594 1816 4664 ὐπομι-

254 4699 502 4770 μνήσκω,
520 4695 685 4762 ἀξίως
699 4692 792 4746 τοῦ
812 4690 1158 4759 ⁴Εὐαγγελίου
1177 4687 1270 4741 τοῦ
1292 4688 1534 4757 Χριστοῦ
1554 4688 1696 4757 ὑμᾶς
1716 4704 1817 4741 πο-

248 4787 582 4843 λιτεύεσθαι.
601 4785 712 4856 Τὴν
732 4779 1267 4853 ’ἁναστροφὴνύμῶν
1295 4778 1521 4847 ἔχοντας
1543 4780 1737 4849 καλὴν,
1762 4780 1820 4829 ἐν

249 4878 331 4945 οἷς
346 4877 653 4949 διατρίϐετε
682 4875 777 4928 καὶ
789 4874 975 4935 τόποις
995 4872 1091 4925 καὶΙ
1114 4870 1428 4942 προσώποις
1447 4886 1460 4899 ·
1476 4872 1567 4923 τὸν
1579 4870 1736 4939 λόγον
1764 4873 1821 4923 ἐν

251 4972 438 5044 χάριτι
491 4969 650 5023 ἆλατι
683 4966 1023 5037 ἡρτυμένονσ
1056 4963 1155 5034 τὴν
1181 4963 1295 5029 ἕξιν
1354 4962 1612 5033 εὐλαϐείᾳ
1645 4980 1818 5033 μεμε-

252 5062 561 5133 στωμένην.
611 5057 725 5129 Τὴν
762 5056 965 5126 βρῶσιν
1000 5055 1096 5107 καὶ
1152 5054 1253 5122 τὴν
1299 5053 1459 5106 πόσιν
1519 5054 1820 5125 αὐταρκείᾳ

249 5151 631 5225 τετηρημένην
651 5165 665 5178 ·
689 5146 749 5201 τὸ
775 5148 980 5217 ἔνδυμα
1004 5147 1100 5199 καὶ
1124 5146 1360 5215 βάδισμα
1391 5146 1603 5199 συνέσει
1620 5145 1819 5198 τεθεω-

252 5244 522 5314 ρημένον·
554 5241 629 5304 ὡς
677 5239 744 5293 ἂν
794 5237 1071 5306 φωτισμός
1100 5238 1224 5287 ὲστε
1277 5236 1387 5313 τῶν
1429 5235 1654 5301 λαῖκῶν,
1685 5236 1820 5291 ἀλλὰ

254 5334 332 5405 μὴ
385 5332 737 5387 τούναντίονο
806 5330 1064 5391 ὑπόθεσις
1130 5329 1284 5391 θείας
1350 5328 1817 5399 ἐξομολογήσεως,

250 5421 393 5475 ἀλλά
422 5424 499 5492 μὴ
536 5421 868 5475 τούναντίον.
925 5419 1227 5482 ’Ἕκαστος
1277 5416 1471 5481 καθὼς
1508 5418 1686 5470 ἔλαϐε
1708 5416 1817 5486 χά·-

245 5528 468 5582 ρισμα,
520 5515 605 5580 είς
635 5512 887 5577 ἑαυτοὺς
929 5510 1076 5563 αὐτὸ
1115 5508 1503 5573 διοικοῦντες,
1534 5508 1613 5575 ὼς
1646 5510 1818 5564 καλοὶ

324 5690 347 5722 ⁸
377 5691 516 5748 Gen.
565 5709 649 5748 ιιι.
681 5687 769 5750 l9.

320 5900 435 5976 (27)
472 5904 533 5959 in
561 5903 687 5963 cod.
710 5907 849 5979 Reg.
889 5915 1040 5981 ppg'.

1915 3298 2120 3352 dilectis
2163 3298 2420 3368 fratribus
2468 3301 2617 3364 meis,
2651 3310 2701 3354 et
2750 3302 2878 3369 ﬁliis
2899 3300 3265 3367 spiritualibus
3304 3300 3404 3355 huc
3443 3310 3492 3355 et

1916 3390 2045 3443 illuc
2070 3399 2285 3460 propter
2325 3390 2611 3445 Dominum
2653 3390 2927 3460 dispersis.

1988 3573 2172 3629 Gratia
2206 3575 2359 3630 vobis
2386 3587 2438 3631 et
2468 3592 2569 3647 pax
2611 3594 2641 3632 a
2672 3578 2783 3635 Deo
2826 3580 2988 3637 Patre
3018 3592 3073 3639 et
3099 3582 3330 3640 Domino
3364 3583 3494 3641 Jesu

1917 3662 2157 3731 Christo,
2191 3667 2281 3735 qui
2311 3667 2459 3722 dedit
2490 3670 2643 3725 vobis
2660 3686 2758 3740 pro
2789 3672 2960 3742 ipsius
2990 3676 3209 3730 nomine
3235 3691 3493 3745 persecu-

1921 3756 2119 3809 tionem
2160 3758 2271 3824 pati
2301 3774 2464 3829 ;'qu:e
2493 3763 2595 3816 etsi
2622 3763 2789 3819 tristis
2815 3775 2899 3820 est
2920 3768 3219 3821 secundum
3248 3784 3492 3833 cat-neut,

1918 3858 1976 3903 at
2024 3850 2225 3906 laetitize
2268 3853 2426 3922 plena
2474 3857 2772 3911 secundum
2803 3859 3075 3928 spiritum.
3106 3859 3241 3915 Nam
3271 3874 3326 3918 et
3360 3845 3493 3919 bea-

1921 3940 2212 3996 titudinum
2261 3944 2572 4001 divinarum
2620 3965 2787 4006 causa
2833 3963 2935 4019 est,
2960 3964 3016 4007 et
3049 3965 3375 4012 antemarum
3405 3973 3497 4012 co-

1918 4046 2179 4087 ronarum
2226 4038 2589 4095 conciliatrix.
2635 4034 2979 4114 Quapropter
3021 4056 3075 4101 et
3101 4063 3199 4117 ego
3247 4048 3494 4118 abjectus

1918 4124 2115 4195 gaudio
2139 4129 2348 4197 gaudeo
2377 4140 2431 4184 et
2457 4135 2818 4189 exsultatione
2849 4138 3089 4202 exsulto,
3128 4140 3275 4210 quod
3297 4142 3494 4213 dignus

1918 4215 2135 4272 habitus
2164 4220 2265 4273 sim
2294 4222 2387 4291 qui
2421 4222 2646 4281 dilectos
2692 4242 2842 4283 meos
2872 4231 3109 4285 viderem
3143 4233 3277 4289 adeo
3310 4235 3493 4305 profe-

1918 4310 2080 4375 cisse,
2109 4326 2172 4365 ac
2201 4316 2516 4381 pervenisse
2543 4320 2610 4371 ad
2641 4318 2927 4375 sublimem
2961 4325 3188 4393 gradum
3220 4330 3494 4399 praclarze

1918 4402 2300 4471 confessionis,
2349 4422 2511 4476 quam
2548 4424 2732 4465 coram
2784 4411 2911 4467 'Dco
2940 4425 2993 4469 et
3018 4416 3333 4475 hominibus
3366 4437 3494 4491 pro-

1921 4491 2050 4549 fessi
2082 4511 2292 4562 sumus,
2332 4498 2398 4553 de
2431 4500 2711 4558 adorando
2737 4503 2954 4561 Christo
2981 4510 3189 4578 pictura
3213 4512 3328 4567 sive
3352 4514 3494 4569 ima-

1921 4586 2045 4653 gine
2072 4602 2354 4656 expresso,
2384 4590 2539 4659 juxta
2569 4608 2759 4649 omnes
2778 4608 2997 4652 sanctos
3035 4597 3223 4656 Patres
3253 4613 3491 4669 nostros,

1918 4674 2099 4730 Unum
2152 4679 2342 4733 hortor
2384 4690 2438 4735 ct
2489 4698 2685 4739 moneo
2732 4702 2850 4752 vos,
2900 4699 2960 4743 ut
3006 4694 3293 4750 atubuietis
3331 4696 3495 4767 digne

1918 4767 2213 4837 Evangelio
2262 4772 2488 4839 Christi,
2527 4777 2724 4829 bonam
2764 4780 3083 4836 exhibentes
3122 4788 3493 4841 conversatio-

1920 4879 2042 4919 nem
2070 4872 2330 4931 vestram,
2354 4866 2555 4935 quihus
2585 4869 2638 4922 in
2667 4870 2799 4924 locis
2820 4878 2873 4925 et
2896 4873 3221 4942 quibuscum
3244 4883 3495 4947 personis

1923 4957 2118 5027 degitis
2153 4974 2502 5024 ;sermonem
2534 4962 2587 5015 in
2614 4964 2799 5032 gratia:
2839 4966 2951 5019 sale
2976 4970 3253 5025 conditum
3289 4990 3304 5038 ;
3341 4981 3493 5029 teno-

1928 5063 2039 5100 rem
2058 5049 2222 5102 animi
2254 5051 2741 5121 circumspectione
2762 5056 3002 5125 plenum,
3024 5060 3203 5115 cibum
3226 5072 3279 5117 et
3303 5046 3494 5134 pot‘utn

1926 5135 2255 5209 frugalitate,
2286 5145 2536 5197 vestitum
2587 5154 2640 5201 et
2694 5146 2969 5203 incessum
3024 5155 3307 5220 prudentia
3357 5167 3493 5211 tem-

1926 5240 2196 5298 peratum.
2237 5241 2297 5285 ut
2333 5234 2484 5288 laicis
2531 5234 2624 5289 lux
2667 5237 2808 5304 sitis,
2849 5254 2956 5293 non
3001 5253 3188 5296 contra

1927 5324 2287 5377 confessionis
2335 5339 2736 5394 argumentum,
2774 5340 3110 5385 non’coutra
3148 5351 3161 5387 :
3205 5333 3494 5407 Unusquis-

1927 5429 2025 5482 que
2047 5412 2183 5467 sicut
2215 5418 2413 5485 accepit
2439 5422 2666 5489 gratiam
2694 5422 2749 5474 in
2779 5422 3091 5477 alterutrum
3120 5426 3272 5480 illaut
3321 5431 3494 5483 admi-

1931 5506 2237 5571 nistrantes,
2272 5518 2523 5579 tanquam
2556 5512 2675 5566 boni
2724 5512 3109 5583 dispensatores
3151 5518 3493 5590 multiformis

3227 5264 3240 5298 :
3299 5247 3494 5304 divina:

1784 5816 2027 5875 ΝΟΤΕ.
