4156 6466
714 402 849 465 1423

1893 395 1952 455 S.
1992 394 2382 453 THEODORI
2426 393 2769 455 STUDITJE

3820 395 3951 458 1424

709 516 899 585 gratia:
926 513 1043 576 Dei,
1084 511 1229 565 sicut
1291 500 1553 579 scripturn
1617 519 1718 563 est.
1774 508 1833 563 Si
1873 510 1990 579 quis
2026 511 2279 579 loquitur,

2386 512 2684 578 οἰκονόμοι
2737 509 3023 575 ποικίλης
3055 507 3295 576 χάριτος
3334 507 3501 570 Θεοῦ,
3540 508 3722 571 καθὼς
3749 512 3954 579 γέγρα-

708 620 959 676 tanquam
988 621 1253 659 sermones
1284 604 1400 665 Dei,
1434 618 1539 656 non
1593 603 1883 657 inanitates
1915 620 1927 655 :
1965 605 2012 656 si
2035 606 2150 671 quis
2184 605 2309 656 ιιιὶι

708 703 921 768 nistrat,
959 708 1207 769 tanquam
1248 714 1312 750 σα
1346 698 1533 749 virtute
1557 697 1597 760 ⁷,
1638 710 1746 749 non
1784 711 1879 765 per
1931 698 2282 764 superbiam:

709 792 755 845 si
802 793 923 860 quis
986 790 1196 843 laborat
1238 786 1471 855 propriis
1510 785 1785 845 manibus.
1851 798 1919 837 ne
1976 785 2160 852 gravis
2190 784 2283 845 sit,

710 897 818 935 non
856 891 1036 935 autem
1072 895 1139 933 ne
1193 888 1449 946 tanquam
1482 876 1692 930 otiosus
1738 875 2025 927 damnetur
2071 882 2125 926 et
2178 888 2283 925 non

710 972 1019 1024 manducet.
1057 967 1112 1022 Si
1140 969 1261 1036 qais
1296 968 1349 1020 in
1395 966 1651 1020 omnibus
1686 964 2004 1018 mandatum
2032 963 2286 1031 exsequi-

709 1073 820 1129 tur,
855 1072 915 1116 ut
951 1063 1235 1131 aperarius
1270 1060 1384 1123 Dei,
1416 1074 1523 1113 non
1556 1068 1735 1112 autem
1768 1072 1835 1110 ne
1875 1057 2190 1111 scandalum
2217 1057 2288 1111 sit

709 1157 1003 1225 proximo;
1044 1163 1098 1207 et
1145 1162 1203 1206 ut
1256 1152 1309 1205 in
1354 1151 1611 1206 omnibus
1655 1150 1987 1222 gloriticetur
2020 1148 2186 1212 Deus,
2234 1158 2289 1203 et

710 1261 810 1316 ego
832 1246 999 1299 miser
1020 1244 1269 1310 audiens,
1292 1244 1564 1298 exbilarer
1592 1252 1647 1297 et
1691 1243 1981 1313 gaudeam.

780 1446 999 1501 Cernite
1022 1460 1310 1515 perversas
1340 1445 1776 1515 conspirationes
1811 1461 1824 1496 :
1867 1444 2070 1499 cernite
2092 1442 2289 1513 perni-

713 1540 916 1594 ciosam
976 1540 1320 1593 libertatem:
1370 1538 1575 1593 cernite
1614 1535 2007 1591 adulteriorum
2058 1545 2289 1589 matrem

712 1630 1057 1685 edacitatem.
1095 1628 1285 1686 Nullus
1334 1643 1459 1683 cum
1508 1628 1737 1683 muliere
1778 1627 2123 1696 colloquatur
2172 1626 2291 1681 sine

714 1722 1080 1777 necessitate:
1130 1720 1315 1774 nullus
1358 1719 1544 1774 sedeat
1581 1719 1904 1774 solitarius:
1937 1719 2118 1774 nullus
2164 1734 2291 1773 ava-

716 1813 853 1865 ritiae
902 1810 1137 1876 studeat,
1179 1811 1332 1865 lucro
1375 1809 1587 1865 lucrum
1648 1810 1931 1880 adjiciens,
1987 1820 2040 1865 et
2094 1826 2287 1864 aurum

714 1919 947 1971 augens,
988 1904 1040 1958 in
1071 1920 1180 1975 quo
1204 1904 1356 1959 radix
1392 1911 1479 1959 est
1506 1903 1734 1973 peccati.
1776 1911 1828 1957 et
1862 1901 2013 1957 Iuda:
2043 1902 2222 1971 portio
2243 1902 2285 1956 '.

712 1990 903 2050 Nullus
931 2005 1227 2065 comparet.
1269 2010 1395 2049 cum
1430 1996 1787 2049 monasticam
1842 1994 2143 2048 libertatem
2169 2008 2292 2063 pos-

713 2088 905 2151 sideat,
933 2088 1236 2156 emptitium
1266 2103 1506 2141 servum.
1534 2088 1612 2141 Eo
1628 2102 1803 2155 usque
1825 2087 1971 2141 enim
2001 2100 2289 2155 progressa

711 2186 799 2233 est
832 2178 1200 2247 ‘quorumdant
1232 2178 1493 2247 nequitia,
1526 2178 1618 2248 qui
1666 2178 1881 2233 vitiosis
1918 2175 2199 2232 affectibus
2232 2191 2291 2232 se

714 2272 1115 2339 manciparunt,
1145 2281 1196 2325 et
1219 2273 1535 2326 monastica:
1555 2272 1833 2341 dignitatis
1855 2271 2124 2340 jacturam
2149 2269 2289 2324 fece-

714 2376 861 2418 runt.
894 2362 1083 2418 Nullus
1112 2364 1240 2417 vino
1262 2381 1319 2418 sc
1347 2364 1659 2434 ingurgitet,
1678 2364 1998 2433 Apostolum
2020 2363 2285 2417 audiens:

713 2454 927 2508 Modico
953 2457 1070 2507 vina
1103 2464 1267 2519 utere,
1302 2467 1513 2525 propter
1540 2456 1867 2508 stomachum
1902 2465 2045 2508 tuum
2097 2463 2146 2508 et
2175 2470 2288 2507 cre-

716 2547 836 2599 bras
883 2548 1222 2615 inﬁrmitates
1268 2559 1389 2602 tuas
1422 2548 1465 2602 ’.
1525 2546 1600 2600 Ex
1643 2548 1842 2617 quibus
1888 2546 2053 2601 rebus
2099 2547 2287 2601 incen-

715 2636 920 2689 duntur
970 2636 1231 2692 adversus
1293 2638 1530 2691 animam
1592 2638 1831 2691 carnalia
1896 2635 2188 2699 desideria,
2234 2645 2289 2690 et

713 2729 965 2783 exuritur
1013 2728 1207 2783 domus
1248 2729 1361 2794 Dei,
1390 2730 1482 2801 qui
1519 2731 1742 2784 interior
1775 2730 1938 2785 homo
1968 2740 2153 2784 noster
2183 2738 2284 2783 est.

716 2820 822 2875 Sed
868 2829 1127 2890 tanquam
1175 2822 1419 2892 hospites
1455 2832 1507 2877 et
1533 2824 1802 2893 peregrini
1853 2822 2045 2886 simus,
2086 2822 2286 2892 singuli

712 2922 978 2979 vestrum,
1006 2912 1223 2980 fratres,
1258 2916 1311 2968 in
1347 2915 1445 2968 hac
1474 2914 1851 2983 persecutione
1872 2914 2027 2983 quasi
2057 2916 2285 2967 morien-

714 3016 812 3068 tes,
836 3015 885 3059 et
910 3021 1024 3059 ecce
1050 3008 1267 3061 vivimus
1298 3021 1317 3059 :
1354 3014 1411 3059 ut
1443 3007 1693 3076 castigati
1717 3014 1765 3059 et
1803 3022 1904 3059 non
1928 3007 2235 3075 morti/icaIi
2268 3023 2287 3061 :

712 3097 865 3165 quasi
896 3098 1092 3161 tristes,
1116 3114 1317 3167 semper
1344 3109 1518 3151 autem
1543 3098 1826 3167 gaudentes
1851 3112 1870 3151 :
1903 3097 2037 3151 sicut
2058 3108 2283 3167 egentes,

2387 619 2539 654 πται·
2567 602 2639 655 Et
2660 619 2751 666 τις
2765 601 2947 655 λαλεῖ
2961 602 3044 666 ὡς
3066 602 3241 670 λόγια
3258 600 3426 663 Θεοῦ,
3452 599 3589 653 ἀλλὰ
3620 603 3695 672 μὴ
3729 620 3956 671 ματαιο-

2384 695 2572 761 λογίας
2601 710 2615 724 ·
2652 694 2706 747 ετ
2741 712 2829 760 τις
2871 692 3164 756 διακονεῖ,
3212 693 3292 758 ὡς
3339 692 3409 756 ἐξ
3441 694 3676 761 ίσχύος,
3709 694 3849 747 ἀλλά
3882 693 3954 765 μὴ

2385 786 2508 840 καθ’
2579 786 2987 857 ὑπερηφανίαν·
3025 786 3196 847 εἴτις
3262 782 3556 854 ἐργάζεται
3617 788 3741 847 ταῖς
3796 785 3955 847 ἰδίαις

2386 879 2565 949 χερσὶ,
2607 879 2743 948 πρὸς
2805 878 2867 930 τὸ
2910 876 2985 947 μὴ
3028 876 3297 945 ἑπιῦαρὴς
3352 871 3511 939 εἶναι,
3565 875 3704 928 ἀλλὰ
3769 878 3847 945 μὴ
3882 878 3955 935 ὡς

2386 971 2555 1041 ἀργὸς
2617 970 3085 1039 κατακρινόμενος
3148 968 3241 1021 καὶ
3278 967 3373 1020 τοῦ
3423 966 3649 1021 ἐσθίειν.
3691 968 3761 1021 Εἴ
3794 986 3883 1030 τις
3903 977 3958 1021 εν

2388 1066 2522 1116 πᾶσι
2547 1062 2667 1115 κατ’
2716 1060 2935 1130 ἐντολὴν
2960 1062 3216 1132 πράσσει,
3243 1060 3319 1121 ὡς
3358 1060 3599 1129 ἐργάτης
3624 1059 3786 1123 Θεοῦ,

2392 1156 2466 1224 μὴ
2493 1154 2636 1207 κατὰ
2678 1153 2973 1207 σκάνδαλον
3035 1152 3360 1222 γιγνόμενος
3405 1150 3499 1203 τοῦ
3536 1151 3709 1215 πέλας
3732 1171 3747 1183 ·
3782 1154 3873 1206 ἴνα
3904 1157 3957 1206 ἐν

2392 1247 2524 1298 πᾶσι
2578 1245 2866 1314 δοξάζηται
2923 1246 2952 1297 ὁ
2992 1244 3162 1307 Θεός’
3221 1244 3379 1312 κάγὼ
3437 1246 3466 1297 ὸ
3510 1244 3679 1308 τάλας
3719 1246 3957 1309 ἁκούων,

2390 1337 2613 1406 εὐθυμῶ
2644 1340 2739 1389 καὶ
2765 1336 2960 1407 χαίρω.

2459 1448 2692 1501 Βλέπετε
2717 1449 2843 1512 τοὺς
2892 1451 3097 1512 κακοὺς
3144 1448 3554 1518 συνδυασμούς·
3600 1447 3831 1518 βλέπετε

2390 1540 2641 1610 ὀλεθρίαν
2664 1540 2980 1612 παρρησίαν
3003 1558 3018 1572 ·
3048 1541 3274 1612 βλέπετε
3322 1540 3422 1611 τὴν
3471 1541 3801 1613 πορνοποιδν
3828 1542 3960 1612 ἀδη-

2392 1632 2629 1701 φαγίαν·
2672 1635 2833 1703 μήτις
2876 1630 3014 1702 μετὰ
3044 1632 3303 1701 γυναικὸς
3337 1632 3594 1702 όμιλείτω
3622 1632 3753 1684 ἄνευ
3784 1634 3960 1701 ἀνάγ-

2392 1741 2522 1793 κης·
2562 1725 2721 1795 μήτις
2760 1724 3164 1793 μεμονωμένως
3194 1723 3506 1785 καθεζέσθω
3526 1740 3541 1753 ο
3569 1726 3733 1793 μήτις
3758 1723 3959 1792 ςιὶαρ-

2392 1815 2633 1884 γυρείτω
2681 1815 2919 1885 κέρματι
2972 1815 3152 1885 κέρμα
3203 1815 3543 1885 προστιθεὶς,
3619 1817 3715 1868 καὶ
3782 1814 3962 1882 αὔξων

2391 1908 2637 1978 χρυσίον,
2669 1908 2729 1961 ὲν
2761 1901 2804 1975 ᾧ
2834 1906 3079 1977 ριζοῦται
3111 1910 3143 1978 ἠ
3177 1908 3440 1978 ἁμαρτία,
3474 1908 3568 1961 καὶ
3600 1909 3633 1979 ἡ
3678 1908 3839 1978 μερὶς
3868 1909 3961 1961 τοῦ

2405 1995 2594 2051 Ἰούδα.
2626 1998 2805 2069 Μῆτις
2829 1996 3239 2068 ἀπεμπολείτω,
3279 1998 3381 2068 τὴν
3408 1998 3709 2069 μοναχικὴν
3737 1998 3963 2051 ἐλευθε-

2393 2087 2517 2157 ρίαν
2569 2087 2867 2158 κτώμενος,
2937 2087 3326 2159 άργυρώνητον
3366 2088 3571 2144 δοῦλον.
3618 2091 3800 2159 Μέχρι
3854 2091 3963 2159 γάρ

2388 2179 2541 2231 τοῦδε
2580 2179 2815 2249 εσθασεν
2858 2181 2893 2251 ἦ
2940 2199 3105 2235 τινων
3160 2183 3416 2252 πονηρία,
3470 2182 3851 2236 δουλωθέντων
3897 2188 3958 2254 τῇ

2391 2270 2754 2343 προσπαθεία,
2786 2273 2881 2325 καὶ
2921 2271 3344 2325 ἀπολωλεκότων
3375 2272 3437 2325 τὸ
3470 2274 3764 2343 μοναχικδν
3794 2274 3961 2340 ἀξίω-

2392 2374 2489 2425 μα.
2514 2358 2695 2429 Μήτις
2731 2360 3141 2429 οίνοφλυγείτω,
3178 2360 3393 2415 ἀκούων
3441 2362 3538 2415 τοῦ
3587 2363 3919 2417 Ἀποστόλου
3942 2382 3957 2396 ’

2400 2447 2613 2516 Ὀλίγῳ
2649 2450 2791 2513 οϊνῳ
2833 2449 2977 2517 χρῶ,
3007 2449 3105 2503 διὰ
3163 2452 3270 2505 τὸν
3325 2452 3635 2520 στόμαχον
3676 2468 3800 2507 σου
3863 2454 3959 2507 καί

2389 2535 2494 2600 τὰς
2522 2537 2757 2603 πυκνάς
2802 2553 2920 2591 σου
2967 2539 3307 2606 ἀσθενείας.
3356 2543 3474 2611 Ἀφ’
3522 2534 3597 2594 ὧν
3620 2542 3956 2596 ἀνάπτονται

2388 2629 2532 2683 κατὰ
2554 2630 2653 2699 τῆς
2675 2631 2855 2701 ψυχῆς
2896 2634 2951 2685 αἱ
3008 2635 3270 2703 σαρκικαὶ
3310 2633 3620 2705 ἐπιθυμίαι,
3660 2635 3756 2687 καὶ
3785 2636 3961 2704 ἑμπυ·

2391 2722 2603 2791 ρίζεται
2654 2723 2682 2773 ὁ
2740 2720 2889 2787 οἶκος
2941 2724 3035 2778 τοῦ
3090 2725 3249 2791 θεοῦ,
3300 2728 3362 2790 ὅς
3405 2727 3600 2781 ὲστινό
3631 2727 3742 2780 Esto
3802 2728 3959 2798 ἡμῶν

2388 2813 2675 2883 ἄνθρωπος
2758 2812 2899 2868 Ἀλλ’
2928 2815 3005 2878 ὡς
3052 2814 3193 2881 ξένοι
3235 2818 3330 2869 καὶ
3368 2816 3740 2885 παρεπίδημοι
3783 2811 3955 2887 ὦμεν,

2387 2899 2433 2958 ὧ
2462 2908 2702 2977 ἀδελφοὶ,
2730 2909 2963 2973 ἕκαστος
2988 2910 3144 2977 ὑμῶν
3198 2911 3256 2961 ἐν
3285 2909 3420 2979 τῷδε
3462 2909 3540 2979 τῷ
3582 2908 3832 2979 διωγμῷ,
3880 2913 3960 2977 ὡς

2386 2998 2905 3065 ἀποθνήσκοντες,
2939 3000 3036 3051 καί
3073 2999 3201 3051 ἰδοὺ
3234 2999 3419 3068 ζῶμεν
3442 3016 3457 3030 ·
3499 3000 3579 3065 ὡς
3602 3000 3953 3070 παιδευόμε-

2387 3108 2500 3154 νοι,
2530 3091 2628 3144 καί
2652 3090 2739 3160 μὴ
2762 3092 3211 3159 θανατούμενοι’
3244 3092 3325 3155 ὡς
3348 3094 3739 3160 λυπούμενοι.
3774 3095 3865 3148 ἀεὶ
3894 3095 3960 3148 δὲ

714 3188 909 3243 multos
948 3199 1123 3243 autem
1166 3190 1519 3259 spiritualiter
1560 3188 1987 3257 Iocupletantes;
2035 3199 2286 3257 tanquam

2389 3184 2701 3251 χαίροντες
2729 3198 2743 3212 ο
2778 3183 2859 3249 ὠς
2881 3183 3121 3252 πτωχοί,
3178 3184 3413 3238 πολλοὺ
3464 3184 3533 3237 δὲ
3574 3188 3957 3254 πνευματικῶς

716 3281 849 3334 nihil
870 3283 1137 3344 habentes,
1176 3293 1220 3335 et
1246 3283 1421 3335 omnia
1457 3283 1782 3350 possidentes
1808 3282 1875 3347 ¹⁶,
1930 3291 1990 3337 ιιι
2026 3283 2286 3353 apostoli-

715 3372 795 3425 cis
818 3374 1001 3427 verbis
1049 3382 1287 3427 utamur.
1310 3372 1463 3429 Oculi
1513 3374 1618 3428 mei
1668 3390 1883 3445 semper
1918 3376 1984 3429 ad
2023 3391 2123 3430 vos
2151 3391 2289 3445 quos

714 3464 963 3519 desidero
991 3482 1004 3518 :
1036 3479 1141 3519 cor
1196 3480 1374 3520 meum
1419 3466 1473 3519 in
1512 3465 1664 3521 vobis
1700 3467 1854 3521 ardet
1909 3467 1963 3521 in
2016 3467 2285 3523 Domino:

715 3570 912 3610 sensus
964 3556 1067 3610 mei
1108 3557 1500 3625 percelluntur,
1527 3573 1651 3611 cum
1693 3557 1977 3613 sinistrum
2004 3558 2286 3629 quidpiam

714 3648 878 3701 audio
912 3648 976 3701 de
1004 3634 1223 3716 aliquo:
1255 3663 1380 3703 cum
1409 3648 1618 3718 accipio
1656 3650 1995 3705 aversionem
2021 3649 2131 3704 Deo
2158 3665 2286 3704 exo-

711 3754 851 3806 sam,
886 3739 1151 3811 lacrymas
1172 3738 1583 3795 fonduntoculi.
1607 3740 1918 3796 Conteritur
1934 3743 2113 3796 anima
2145 3758 2287 3807 mea.

714 3832 759 3885 si
789 3831 1006 3900 quando
1040 3842 1231 3886 contra
1276 3832 1619 3886 traditionem
1647 3842 1701 3886 et
1727 3835 2196 3897 constitutionem.
2233 3843 2288 3890 et

713 3938 903 3977 eorum
931 3939 1053 3994 qua:
1070 3935 1195 3979 ante
1222 3923 1364 3979 dicta
1392 3935 1520 3979 sunt
1542 3927 2063 3982 demonstrationem
2089 3930 2286 3983 ambu-

718 4016 791 4069 lct
823 4017 948 4086 quis
978 4015 1148 4069 Deum
1181 4032 1286 4069 non
1312 4032 1525 4071 amans.
1562 4018 1807 4082 Exiistis,
1838 4029 2044 4088 patres.
2071 4036 2137 4073 ex
2170 4036 2287 4074 mo-

720 4107 957 4162 nasterio
990 4107 1055 4161 ad
1089 4108 1337 4162 altiorem
1376 4108 1550 4162 lucem
1583 4111 1999 4178 persecutionis.
2031 4110 2285 4181 Nunquid

712 4200 855 4253 enim
886 4198 954 4254 ad
990 4199 1263 4265 tenebras,
1299 4197 1533 4270 Spiritus
1564 4200 1825 4271 impulsu,
1861 4203 2081 4258 discreti
2110 4203 2284 4258 ab‘in-

710 4289 885 4342 vicem
934 4288 1169 4343 sumus?
1217 4288 1471 4358 Nunquid
1512 4298 1572 4343 ut
1623 4291 1944 4361 voluptuose
1980 4293 2285 4347 vivamus?

712 4378 968 4449 Nunquid
1018 4378 1160 4435 Deus
1189 4395 1298 4435 non
1344 4381 1532 4435 videt!
1580 4381 1835 4451 Nunquid
1886 4383 1951 4436 ad
2000 4382 2282 4438 hominum

713 4485 876 4525 aures
928 4485 1067 4540 opus
1104 4471 1533 4542 uniuscujusque
1564 4488 1670 4527 non
1702 4474 1965 4543 pervenit,
1990 4489 2099 4543 quo
2123 4474 2280 4530 modo

712 4561 1108 4615 conversemini
1133 4562 1158 4613 ‘3

778 4764 925 4827 Ilaec,
950 4764 1042 4833 qui
1061 4780 1247 4819 servos
1263 4764 1492 4828 habetis,
1520 4762 1702 4819 audite
1726 4780 1740 4828 ;
1762 4763 1853 4835 qui
1878 4764 1980 4819 soli
2002 4764 2276 4833 habitatis,

710 4856 804 4927 qui
846 4857 1101 4910 mulieres
1139 4855 1447 4919 sectamini,
1480 4870 1548 4909 ne
1594 4855 1723 4925 quid
1780 4858 2017 4925 amplius
2049 4857 2225 4911 dicam
2260 4876 2275 4913 :

712 4948 886 5015 avari,
938 4947 1212 5019 gyrovagi.
1263 4946 1379 5001 Non
1439 4946 1614 5002 libens
1662 4946 1930 5015 vitupero,
1974 4947 2275 5016 ignoscite:

710 5040 805 5094 sed
835 5053 979 5107 aegre
1009 5052 1229 5100 accuso,
1260 5043 1519 5107 tanquam
1544 5038 1609 5091 ad
1637 5036 1739 5091 hoc
1757 5038 2090 5093 constitutus
2121 5057 2134 5092 :
2166 5037 2279 5091 Im-

710 5130 844 5200 plete
882 5130 1134 5200 gaudium
1172 5145 1363 5193 meum,
1408 5128 1549 5196 ﬁlii,
1583 5137 1641 5181 ut
1687 5129 1825 5181 idem
1854 5130 2163 5199 sapiatis“,
2194 5144 2283 5183 ea-

709 5223 831 5277 dem
860 5237 1048 5276 norma
1074 5220 1382 5283 ambulatis,
1422 5220 1562 5273 bona
1585 5220 1829 5289 exempla
1864 5231 1917 5274 et
1954 5222 2279 5275 documenta

709 5316 763 5368 in
792 5314 1006 5369 animas
1037 5313 1363 5367 intuentium
1403 5311 1775 5379 imprimentes
1806 5312 1872 5365 ad
1900 5312 2127 5381 gloriam
2160 5311 2279 5380 Dei,

707 5404 773 5460 ad
795 5405 960 5460 decus
996 5413 1239 5458 vestrum
1288 5402 1615 5466 immortale,
1668 5402 1733 5456 ad
1764 5402 2005 5457 laetitiam
2055 5419 2275 5473 quoque

709 5511 883 5550 meam
937 5495 1029 5566 qui
1064 5502 1318 5563 peccator
1356 5509 1497 5557 sum,
1549 5494 1614 5547 ad
1656 5493 1870 5549 laudem
1922 5495 2277 5550 fraternitatis

707 5597 899 5644 vestra:
924 5587 978 5641 in
1029 5584 1248 5641 Christo
1280 5582 1405 5639 Jesu
1441 5583 1668 5637 Domino
1715 5594 1938 5645 nostro;
1978 5587 2064 5639 cui
2101 5585 2269 5656 gloria

774 5770 1125 5877 ’1Ροιτ.ιν,
1160 5813 1244 5879 10,
1280 5813 1366 5866 ll.
1448 5812 1467 5843 '
1501 5812 1516 5866 Ι
1549 5809 1690 5865 Tim.
1732 5820 1802 5874 ιι,
1840 5811 1919 5865 I0.
1997 5814 2015 5842 ⁹
2051 5810 2068 5863 1
2104 5812 2242 5865 Tim.
2284 5826 2333 5876 ι’,

2391 3273 2815 3338 πλουτίζοντες
2839 3291 2857 3306 ·
2892 3275 2973 3341 ὡς
3001 3275 3195 3345 μηδὲν
3222 3274 3492 3346 ἔχοντες,
3523 3276 3620 3333 καὶ
3652 3279 3725 3331 τὰ
3756 3280 3955 3333 πάντα

2390 3364 2767 3433 κατέχοντες,
2799 3367 3176 3431 άποστολικῶς
3204 3369 3401 3424 εἰπεῖν.
3442 3371 3505 3423 Οί
3533 3371 3808 3440 ὀφθαλμοί
3853 3390 3955 3443 μου

2388 3457 2476 3509 διὰ
2505 3458 2705 3521 παντὸς
2730 3458 2867 3525 πρὸς
2909 3459 3053 3529 ὑμᾶς
3080 3461 3206 3523 τοὺς
3234 3460 3509 3530 ποθητούς
3553 3480 3655 3530 μου
3677 3479 3691 3493 ·
3742 3464 3776 3532 ἡ
3824 3481 3959 3533 καρ-

2387 3546 2473 3599 δία
2509 3564 2611 3617 μου
2646 3548 2912 3621 καιομένη
2938 3551 2996 3601 ἐν
3028 3550 3157 3619 ὑμῖν
3186 3551 3244 3603 ἐν
3268 3552 3459 3622 Κυρίῳ
3485 3569 3499 3581 ·
3542 3551 3958 3624 τὰαίσθητήριά

2392 3656 2493 3709 μου
2525 3640 2833 3711 μαιμάσσει
2884 3658 2973 3711 με,
3017 3642 3181 3711 ἡνίκα
3209 3642 3431 3695 ἀκούσω
3476 3644 3760 3714 ἀπευκτὴν
3790 3644 3956 3713 ἀκοὴν

2389 3732 2482 3785 ἐπί
2533 3749 2672 3785 τινι·
2706 3732 2793 3785 ἐπ’
2844 3732 2909 3786 ἂν
2968 3732 3125 3802 μάθω
3186 3732 3460 3803 ἐκτροπὴν
3512 3732 3874 3802 θεομίσητον·
3909 3737 3953 3787 0i

2387 3823 2657 3893 ὀφθαλμοί
2712 3840 2813 3892 μου
2872 3824 3173 3891 κατάγουσι
3206 3823 3441 3893 δάκρυα.
3520 3823 3584 3877 Ἦ
3639 3825 3787 3895 ψυχή
3854 3844 3953 3897 μου

2390 3912 2755 3982 συντρὶὗεται,
2798 3914 3001 3965 ὁπόταν
3049 3914 3200 3984 παρὰ
3250 3914 3349 3984 τὴν
3408 3916 3707 3984 παράδοσιν
3740 3917 3835 3970 καὶ
3859 3935 3954 3971 κα-

2385 4006 2649 4058 τάστασιν
2674 4006 2768 4059 καὶ
2806 4006 2904 4076 τὴν
2930 4006 3040 4058 τῶν
3069 4007 3482 4077 προειρημένων
3504 4007 3770 4075 ἔκφανσιν
3799 4028 3953 4081 περι.

2386 4105 2548 4151 πατεῖ
2591 4101 2619 4152 ό
2655 4098 2959 4167 άφιλόθεος.
3012 4100 3424 4173 Ἐξςληλύθατε,
3454 4096 3500 4155 ὢ
3552 4105 3823 4174 Πατέρες,
3848 4105 3951 4158 άπὸ

2382 4188 2477 4241 τοῦ
2511 4190 2877 4259 μοναστηρίου
2910 4192 2987 4251 είς
3029 4190 3363 4263 ὑψηλότερον
3397 4190 3530 4260 φάος
3565 4192 3659 4244 τοῦ
3683 4193 3943 4262 διωγμοῦ.

2384 4280 2476 4351 Μὴ
2518 4280 2627 4350 γὰρ
2657 4281 2738 4344 είς
2787 4281 3151 4335 ὲπισκότωσιν
3184 4282 3516 4353 διῃρέθημεν
3561 4284 3657 4336 ἀπ’
3705 4284 3948 4352 ἀλλήλων

2384 4371 2947 4441 πνευματοκινήτωςς
2994 4374 3067 4443 μὴ
3122 4375 3229 4441 γάρ
3278 4374 3364 4426 ⁶ιῖνα
3408 4375 3729 4446 περιπαθῶς
3772 4373 3946 4441 ζήσω-

2386 4479 2521 4531 μεν;
2555 4462 2629 4531 μὴ
2670 4462 2779 4532 γὰρ
2807 4464 2835 4515 ὁ
2876 4463 3008 4527 Θεὸς
3036 4465 3133 4533 οὐχ
3162 4466 3302 4535 όρᾷ;
3356 4465 3432 4537 μὴ
3491 4467 3600 4536 γάρ
3638 4467 3742 4519 οὐκ
3786 4468 3947 4518 ἀκου-

2302 4528 2357 4587 D
2384 4528 2507 4607 στὸν
2538 4528 2788 4623 γίγνεται
2848 4555 3079 4609 ἑκάστου
3104 4528 3206 4608 "rei
3240 4528 3436 4627 toro),
3682 4560 3945 4630 ἀναστρέ-

2383 4647 2570 4716 φοισθε
2594 4664 2608 4712 ;

2450 4762 2517 4816 Οἱ
2546 4761 2669 4824 τοὺς
2698 4761 2917 4825 δούλους
2945 4762 3178 4831 ἔχοντες,
3208 4761 3381 4815 ταῦτα
3414 4761 3641 4815 ἀκούετε
3662 4779 3677 4793 ·
3712 4764 3761 4816 οί
3786 4780 3944 4833 μονο-

2380 4855 2649 4917 κάθιστοι,
2681 4856 2729 4909 οἱ
2782 4855 3239 4925 γυναικιζόμενοι,
3283 4846 3371 4908 ἵνα
3416 4856 3550 4925 μήτι
3586 4854 3745 4909 πλέον
3775 4856 3942 4923 λέγω·

2379 4952 2429 5003 0i.
2464 4948 2809 5019 φιλάργυροι,
2862 4948 2911 4999 oi
2957 4946 3259 5018 φιλόγυροι.
3310 4949 3421 5016 Οὐχ
3476 4945 3618 4999 ἑκὼν
3668 4947 3939 5011 ὀνειδίζω,

2383 5040 2695 5106 σύγγνωτε’
2760 5036 2895 5090 ἀλλά
2927 5036 3105 5090 πονῶν
3155 5036 3469 5107 κατηγορῶ,
3525 5037 3601 5099 ὡς
3655 5038 3737 5100 εἰς
3783 5036 3939 5090 τοῦτο

2388 5131 2656 5200 κείμενος.
2703 5126 3069 5195 Πληρώσατέ
3092 5145 3213 5197 μου
3246 5127 3361 5196 τὴν
3400 5126 3613 5195 χαρὰν,
3649 5122 3697 5181 ὦ
3739 5128 3937 5189 τέκνα,

2379 5224 2480 5275 ira
2510 5221 2575 5274 τό
2603 5220 2748 5274 αὐτὸ
2789 5217 3073 5288 φρονῆτε,
3125 5218 3205 5288 τῷ
3234 5218 3382 5288 αὐτῷ
3414 5210 3662 5289 στοιχῆτε
3710 5220 3896 5273 κανόνι
3924 5236 3935 5248 ·

2378 5307 2557 5374 ἀγαθά
2593 5306 2962 5375 ὑποδείγματα
2992 5308 3085 5359 καὶ
3134 5306 3504 5376 ὑπομνήματα
3541 5307 3937 5375 ἐναποσφραγί-

2380 5398 2563 5461 ζοντες
2601 5400 2720 5460 ταῖς
2744 5398 2943 5468 ψυχαῖς
2990 5396 3097 5451 τῶν
3144 5394 3421 5467 ὁρώντων,
3455 5397 3536 5460 εἰς
3592 5397 3753 5461 δόξαν
3780 5395 3931 5456 θεοῦ.

2378 5493 2457 5552 εἰς
2501 5490 2657 5551 κλέος
2708 5489 2862 5558 ὑμῶν
2917 5488 3197 5551 ἄσϐεστον,
3247 5488 3326 5546 είς
3380 5488 3718 5559 εὐφροσύνην
3762 5486 3930 5557 κάμοῦ

2380 5579 2473 5631 τοῦ
2520 5578 2867 5650 άμαρτωλοῦ,
2896 5585 2974 5642 εἰς
3008 5579 3227 5632 ἔπαινον
3259 5578 3358 5644 τῆς
3398 5578 3763 5650 άδελφότητος
3788 5580 3928 5651 ὑμῶν

2392 5808 2482 5864 es.
2561 5810 2603 5839 ιο
2633 5807 2673 5862 ιι
2700 5807 2827 5863 Cor.
2859 5823 2931 5863 \‘l.
2972 5809 3026 5864 9.
3084 5807 3127 5840 ιι
3166 5807 3399 5878 Philipp.
3430 5822 3494 5876 ιι,
3528 5807 3583 5864 ι.
