4156 6530
239 475 384 543 1425

1428 484 1970 547 EPIS’I‘OLARUM
2027 488 2176 550 LIB.
2229 489 2311 548 ΙΙ.

3368 486 3508 553 1426

236 590 300 644 ὲν
323 588 546 662 Χριστῷ
596 587 768 659 Ἰησοῦ
799 589 875 658 τῷ
923 589 1114 662 Κυρίῳ
1147 591 1303 661 ἡμῶν
1330 608 1343 622 ·
1383 586 1428 660 ᾧ
1471 596 1504 663 ἠ
1561 594 1689 659 δόξα
1727 597 1822 650 καὶ

1937 605 1974 650 2t
2005 596 2293 666 imperium
2333 612 2454 652 ctnn
2490 597 2648 650 Patre
2673 606 2728 650 ct
2771 595 2974 664 Spiritu
3029 607 3242 663 sancto,
3276 613 3421 654 nunc
3453 610 3508 654 et

234 687 302 740 τδ
328 685 552 758 κράτος,
584 681 702 753 ἅμα
731 681 811 754 τῷ
845 685 1024 756 Πατρὶ
1054 687 1150 739 καὶ
1197 687 1274 758 τῷ
1316 687 1460 760 ἁγίῳ
1520 690 1820 760 Ιινεύματι,

235 776 337 830 νῦν
396 775 491 826 καὶ
542 773 632 826 ἀεὶ
695 775 789 828 καὶ
840 775 925 838 είς
975 777 1104 840 τοὺς
1153 777 1358 841 αἰῶνας
1417 779 1531 833 τῶν
1585 781 1822 836 αἰώνων.

249 867 446 936 ’Δμήν.

408 982 558 1036 ΡΑΒ⁹
595 983 732 1055 (28).
759 1015 832 1026 —
859 981 939 1052 Τῇ
960 984 1268 1054 ἡγουμένῃ
1316 987 1545 1056 Ἰχ-νῶν.
1621 988 1789 1116 [χέτζν.

1932 703 2148 759 semper
2175 697 2232 743 et
2261 688 2314 742 in
2346 689 2542 744 saecula
2577 688 2923 743 smeulurum.
2954 689 3150 744 Amen.

2238 979 2494 1036 CXXXII.
2515 1011 2583 1020 —
2601 979 2914 1050 Pra'positw
2937 979 3210 1051 Ignarum.

1179 1101 1241 1151 Ut
1273 1096 1747 1164 sanctimonialibds,
1781 1103 1965 1166 quibus
2002 1106 2204 1167 praest,
2231 1098 2296 1148 sit
2334 1096 2583 1160 exemplo.

339 1203 696 1276 Λπεδεξάμην
711 1205 810 1277 τὴν
831 1207 1116 1264 εὐλάϐειάν
1141 1227 1258 1273 σου,
1288 1212 1493 1282 ἀδελφὴ
1520 1216 1576 1267 ἐν
1608 1215 1820 1287 Κυρίῳ,

237 1295 338 1347 καὶ
364 1298 448 1364 ἐφ’
486 1291 568 1360 οἷς
627 1298 960 1364 ἀπέστειλας
993 1300 1208 1372 δώροιςο
1243 1304 1338 1358 καὶ
1364 1305 1422 1356 ἐν
1457 1299 1545 1369 αἶς
1575 1307 1823 1360 διαθέσε-

239 1402 330 1439 σιν
359 1387 764 1459 ὑπολαμϐἀνεις
820 1391 890 1444 τὰ
951 1393 1075 1446 καθ’
1115 1395 1302 1465 ἡμᾶς-
1339 1395 1480 1450 Ἀλλ’
1508 1398 1568 1450 οὐ
1615 1399 1824 1452 τοιοῦτο

238 1479 404 1548 ἡμεῖς
433 1497 447 1510 υ
477 1478 530 1532 οἵ
579 1495 643 1547 γε
675 1479 799 1532 οὐδὲ
857 1482 1076 1550 ἑαυτοῖς
1135 1485 1433 1557 ἀρκοῦντες
1485 1491 1542 1542 ἐν
1573 1489 1822 1557 ἀγαθοῖς,

241 1571 366 1636 πῶς
416 1571 481 1626 ἂν
509 1571 691 1636 ἄλλοις
746 1576 1111 1648 μεταδοίημεν
1161 1580 1516 1648 ἀγαθοειδοῦς
1561 1584 1820 1638 διδασκα-

241 1662 400 1732 λίας;
435 1664 653 1717 Γένοιτο
701 1663 759 1718 δὲ
792 1668 938 1722 κατά
994 1669 1094 1741 τὴν
1141 1672 1326 1726 πίστιν
1356 1690 1452 1728 σου
1504 1676 1824 1749 θεοπρεπῶς

244 1754 648 1823 πολιτεύεσθαι,
687 1758 779 1810 τὸν
823 1760 882 1813 έν
912 1759 1180 1834 παρθενίᾳ
1222 1763 1334 1834 βίον
1368 1765 1678 1836 ἀμέμπτως
1704 1768 1823 1822 δια-

242 1845 528 1900 τελοῦσανο
576 1847 638 1899 οὐ
695 1848 802 1919 μὴν
828 1889 842 1914 ,
911 1849 1048 1904 ἀλλά
1104 1855 1198 1906 καὶ
1234 1854 1326 1907 τὸν
1355 1857 1456 1927 τῆς
1489 1860 1826 1929 προστασίας

1999 1211 2262 1266 Pietatem
2293 1218 2446 1264 tuam
2499 1207 2713 1264 laudavi
2744 1224 2810 1262 ac
2838 1206 3084 1277 probavi,
3112 1220 3272 1261 soror
3310 1205 3363 1259 in
3409 1206 3511 1258 Do-

1927 1305 2099 1365 ιηὶηο,
2126 1312 2240 1359 tum
2281 1303 2336 1357 in
2382 1303 2449 1358 iis
2505 1302 2666 1357 donis
2718 1317 2841 1371 qua:
2896 1300 3116 1364 misisti,
3161 1311 3273 1354 tum
3337 1299 3391 1354 in
3446 1315 3513 1350 eo

1924 1395 2122 1450 atl‘ectu
2167 1410 2277 1465 quo
2317 1404 2504 1448 nostra
2541 1393 2764 1462 accipis.
2807 1390 2953 1446 Nihil
2999 1392 3180 1446 simile
3228 1401 3408 1445 autem
3456 1391 3512 1441 in

1927 1486 2086 1542 nobis
2111 1485 2324 1554 est,qui
2353 1500 2477 1539 cum
2514 1499 2614 1539 nec
2650 1485 2784 1562 satis
2825 1483 2928 1553 ipsi
2961 1483 3211 1538 instructi
3238 1499 3269 1536 a
3311 1481 3514 1536 virtute

1925 1580 2122 1644 simus,
2157 1578 2433 1647 quomodo
2463 1577 2584 1632 aliis
2634 1576 3193 1632 doctrinamvirtutis
3233 1573 3512 1645 impertie-

1926 1669 2092 1728 ιιιυεῖ
2130 1671 2347 1728 Utinam
2372 1680 2552 1724 autem
2604 1667 2904 1729 secundum
2931 1667 3089 1722 ﬁdem
3130 1675 3279 1720 tuam
3330 1665 3514 1719 divino

1928 1776 2080 1814 more
2113 1759 2478 1824 converscris,
2519 1759 2797 1828 vitamque
2845 1759 2900 1812 in
2941 1757 3256 1827 virginitate
3285 1763 3514 1826 peragas

1927 1853 2242 1923 inculpate:
2271 1863 2437 1924 atque
2468 1857 2605 1906 adeo
2659 1847 2993 1922 praefectura:
3043 1865 3263 1922 quoque
3311 1864 3514 1902 rutulus

245 1938 456 2009 βαθμὸν
482 1940 868 2010 ἀκατακρίτως
897 1944 1208 2017 περιέπειν.
1239 1946 1380 2002 Ἴσοι
1408 1949 1517 2020 γὰρ
1556 1951 1632 2016 ὼς
1655 1953 1823 2005 πολύ-

1937 1947 2050 2001 sine
2084 1947 2509 2016 reprehensione
2543 1947 2728 2001 obeas!
2768 1946 2890 2001 Scis
2923 1945 3066 1998 enim
3097 1960 3208 1998 rem
3237 1957 3360 2010 esse
3388 1957 3512 1997 cum

247 2029 444 2100 μισθον
474 2031 536 2083 τὸ
587 2034 818 2103 πρᾶγμα
851 2049 864 2062 ·
915 2035 1031 2088 ἀλλ’
1075 2031 1172 2090 οὖν
1222 2054 1284 2106 γε
1340 2041 1454 2103 τοῖς
1517 2039 1595 2112 μὴ
1660 2059 1825 2113 προσ-

245 2125 436 2192 έχουσι
457 2123 553 2176 καὶ
579 2125 940 2191 ἐπικίνδυνον,
963 2125 1152 2198 ψυχῶν
1166 2130 1358 2199 ἀρχειν
1375 2130 1483 2185 τῶν
1504 2136 1627 2186 κατ’
1641 2135 1826 2188 εἰκόνα

243 2213 386 2266 Θεοῦ
439 2216 850 2286 πεποιημένων.
914 2218 1006 2283 Ὠς
1062 2218 1155 2274 οὖν
1216 2224 1274 2275 ὲν
1333 2224 1525 2296 Κυρίῳ
1581 2225 1826 2297 ἄρχουσα.

245 2310 407 2380 ἡγοῦ,
442 2312 536 2365 καὶ
569 2313 862 2368 κατευοδοῦ
893 2316 995 2386 τῆς
1044 2316 1282 2387 ποίμνης
1308 2335 1425 2381 σου,
1449 2321 1652 2385 παντὸς
1684 2322 1826 2390 ἀγα-

246 2402 346 2457 θοῦ
369 2403 712 2476 προτύπωμα
731 2407 929 2478 ἑαυτὴν
945 2409 1157 2463 τιθεῖσα
1177 2427 1193 2443 ⁶
1228 2411 1316 2464 ἵνα
1340 2411 1580 2484 ἀξιωθῇς
1611 2415 1786 2484 εἰπεῖν
1809 2430 1822 2444 ο

258 2493 408 2558 Ἰδοὺ
445 2494 581 2566 ἐγὼ,
614 2497 709 2550 καὶ
748 2497 819 2552 τὰ
873 2498 1064 2554 παιδία
1101 2500 1138 2556 ἅ
1165 2519 1270 2571 μοι
1295 2503 1522 2558 ἔδωκεν
1578 2507 1611 2558 ό
1658 2506 1826 2573 Θεός.

245 2585 382 2650 Θεὸς
411 2585 520 2656 γὰρ
548 2588 908 2658 παραδέδωκε
945 2608 1030 2644 σοι
1068 2592 1166 2656 τὰς
1199 2593 1377 2665 ψυχὰς
1405 2595 1474 2649 δι’
1505 2585 1788 2668 ἀποταγῆς
1809 2615 1824 2628 ·

248 2676 344 2728 καὶ
375 2676 525 2748 αὐτῷ
543 2677 652 2731 δεῖν
673 2696 732 2732 σε
761 2681 930 2746 αὑτὰς
963 2683 1232 2751 προσὰξαι
1259 2685 1335 2749 ῶς
1366 2686 1557 2740 Θυσίαν
1589 2691 1825 2760 εὐπρόσ-

249 2767 438 2821 δεκτον
465 2783 481 2799 ο
521 2769 626 2822 κάν
655 2771 832 2844 τούτῳ
889 2773 1062 2838 πολύς
1092 2792 1186 2829 σου
1215 2778 1242 2830 ὁ
1271 2777 1462 2847 μισθὸς
1496 2779 1554 2831 ὲν
1581 2779 1829 2850 οὐρανοῖς

248 2857 505 2929 ὑπάρξει.
535 2858 766 2914 Δίδασκε
797 2862 961 2924 αὐτὰ,
998 2863 1244 2918 νουθέτει
1273 2867 1343 2918 τὰ
1371 2866 1620 2939 σωτήρια
1642 2867 1829 2920 ἐντάλ-

254 2967 403 3020 ματα
432 2990 450 3018 ,
486 2951 672 3006 ποθεῖν
701 2953 871 3023 μόνον’
906 2957 1162 3028 Χριστὸν,
1201 2957 1338 3012 ἀλλά
1387 2959 1459 3030 μὴ
1490 2946 1701 3031 σάρκας
1734 2961 1828 3014 καὶ

250 3042 466 3112 αῖματα
487 3059 500 3072 °
534 3045 890 3116 ἀκτημονεῖν,
925 3047 1065 3103 ἀλλὰ
1089 3048 1259 3121 μηδὲν
1312 3049 1463 3121 ἔχειν
1497 3052 1828 3121 ἰδιὸκτητον·

252 3133 657 3205 ἀπροσπαθεῖν,
731 3137 867 3192 ἀλλά
926 3141 1001 3211 μὴ
1074 3140 1427 3210 φιλοῐδιάζειν
1495 3143 1634 3215 πρὸς
1706 3147 1834 3208 τοὺς

252 3226 716 3296 ἀγχιστεύονταςο
774 3230 1237 3304 προθυμοεργεῖν,
1287 3235 1424 3289 ἀλλά
1477 3236 1552 3308 μὴ
1581 3238 1831 3308 ὀκνηρῶς

253 3318 401 3389 ἔχειν
427 3319 565 3391 πρὸς
591 3320 690 3391 τὴν
717 3321 974 3395 ἄσκησιν.
1009 3303 1110 3378 “Av
1144 3327 1252 3399 γὰρ
1297 3303 1495 3393 οὕτως,
1528 3303 1832 3398 ἀπαντνησει
1861 3303 1903 3358 C

245 3403 452 3473 ἀὑταῖς
477 3412 505 3464 ὁ
530 3413 762 3481 νυμφίος
788 3411 1030 3483 Χριστὸς
1059 3417 1254 3488 μικρὸν
1281 3416 1515 3491 ὔστερον
1537 3420 1832 3494 λαμπαδη-

258 3503 575 3573 φορούσαις,
605 3507 699 3558 καὶ
727 3505 1178 3578 ἀπαντηθήσεται
1202 3511 1520 3582 περιχαρῶς
1540 3531 1554 3545 ο
1583 3513 1831 3567 ἀσπάσε-

254 3611 350 3648 ται
379 3595 476 3649 καὶ
526 3598 939 3671 ἀσπασθήσεται
974 3600 1320 3674 ἱεροπρεπῶς
1344 3619 1358 3633 ο
1393 3602 1596 3668 ἀνοίξει
1640 3605 1834 3668 αὑταῖς

255 3689 354 3740 τὸν
393 3689 644 3760 οὐράνιον
695 3692 792 3746 καὶ
837 3693 1255 3765 ἀχειρότευκτον
1309 3696 1609 3766 νυμφῶνα·
1668 3697 1834 3750 δώσει

259 3777 452 3843 αὑταῖς
476 3779 753 3850 βασιλείαν
775 3783 1042 3854 οὐρανῶν,
1091 3784 1305 3857 τρυφὴν
1343 3787 1700 3858 παραδείσου,
1739 3788 1836 3840 πό-

264 3861 740 3946 ματαάθανασίας,
759 3877 1127 3950 γλυκάσματα
1143 3880 1421 3946 ἀειζωίαςο
1441 3880 1650 3934 ὲνδὺσει
1669 3880 1840 3944 αὑτὰς

263 3966 496 4040 περισλή
505 3985 648 4038 ματα
666 3971 957 4042 φωτοειδῆ,
973 3974 1240 4046 κοσμήσει
1265 3971 1491 4043 κόσμοις
1505 3973 1836 4044 ἀφθαρσίας,

263 4064 720 4131 νυμφαγωγικοῖς
747 4063 1072 4134 διαδήμασιν
1101 4079 1115 4094 ⁸
1151 4064 1427 4134 ἐμπλήσει
1451 4063 1558 4118 τῶν
1593 4064 1840 4135 ἀπείρων

264 4149 508 4218 ἀγαθῶν,
537 4153 618 4214 είς
653 4151 856 4216 αἰῶνας
885 4153 1116 4209 αἰώνων.
1159 4156 1258 4209 Διά
1291 4155 1469 4209 ταῦτα
1508 4155 1607 4209 καὶ
1642 4156 1706 4209 σὺ
1737 4159 1841 4209 κὰ-

265 4241 442 4294 κεῖναι
497 4239 805 4311 μοχθήσατε
827 4256 843 4272 ⁸
878 4241 1106 4306 διῶξατε
1131 4241 1196 4314 [ι.
1244 4239 1615 4313 ὲμοχθήσατε]
1654 4242 1840 4314 ἡμέρᾳ

264 4331 364 4386 καὶ
388 4330 572 4403 ἡμέρᾳ
591 4329 1030 4399 κατεργάζεσθαι
1052 4333 1153 4402 τὴν
1173 4331 1379 4385 ἑαυτῶν
1397 4331 1691 4404 σωτηρίαν·
1713 4331 1844 4384 ἀνα-

1931 2037 2132 2108 ingenti
2151 2037 2399 2092 mercede
2415 2038 2788 2108 conjunctatn,
2809 2035 2901 2090 sed
2920 2046 2975 2089 et
2992 2035 3057 2090 iis
3074 2033 3166 2103 qui
3183 2041 3314 2088 sunt
3331 2033 3514 2086 minus

1928 2131 2094 2192 cauti,
2122 2115 2350 2199 periculi
2384 2130 2622 2199 plenam.
2652 2141 2886 2198 prmesse
2927 2126 3129 2182 animis
3157 2125 3223 2179 ad
3252 2125 3513 2180 similitu-

1927 2221 2111 2276 dinem
2175 2221 2273 2276 Dei
2328 2222 2590 2277 cunditis.
2626 2221 2814 2291 Itaque
2867 2230 3125 2290 tanquam
3179 2219 3232 2272 in
3283 2217 3516 2271 Domino

1929 2313 2264 2368 moderatrix
2290 2300 2554 2384 ‘przecsw,
2589 2321 2643 2367 et
2673 2327 2890 2384 gregem
2924 2321 3076 2366 tuum
3125 2310 3359 2365 feliciter
3391 2325 3517 2380 rege

1932 2405 2160 2474 leipsam
2192 2405 2372 2460 omnis
2397 2406 2524 2462 boni
2555 2403 2787 2474 etligiem
2821 2405 3074 2474 praebens
3116 2421 3131 2470 ;
3160 2402 3413 2472 utpossis
3435 2403 3520 2454 di-

1928 2495 2244 2550 cere:Ecce
2272 2513 2365 2568 ego
2421 2497 2714 2566 ctpuelhe,
2766 2513 2898 2567 quas
2944 2495 3090 2549 dedit
3126 2495 3254 2548 mihi
3291 2493 3514 2548 Deus".

1933 2588 2180 2643 Tradidit
2206 2589 2353 2643 enim
2387 2589 2480 2644 libi
2509 2589 2725 2651 animas
2743 2587 2889 2642 Deus
2907 2604 3002 2659 per
3024 2586 3515 2645 renuntiationcm:

1932 2689 2096 2749 atque
2121 2679 2186 2734 ad
2227 2680 2407 2750 ipsum
2451 2680 2646 2734 adduci
2682 2697 2709 2734 a
2745 2689 2795 2734 te
2822 2681 2922 2734 has
2975 2688 3211 2749 oportet,
3253 2688 3517 2748 tanquam

1935 2772 2170 2826 hostiam
2227 2781 2800 2840 acceptamzeamque
2851 2770 2919 2824 ob
2978 2783 3091 2822 rem
3140 2768 3381 2822 maxima
3421 2767 3520 2822 tibi

1934 2880 2143 2920 merces
2172 2865 2225 2918 in
2265 2864 2423 2918 coctis
2456 2863 2582 2918 erit.
2615 2861 2724 2918 l'las
2754 2862 2912 2929 doce,
2945 2861 3209 2918 salutaria
3259 2861 3344 2916 his
3378 2877 3520 2932 prte-

1933 2965 2088 3024 cepta
2116 2955 2512 3027 ingere,unum
2555 2970 2741 3009 amare
2795 2951 3102 3015 Christum,
3141 2970 3250 3008 non
3292 2969 3517 3009 carnem

1933 3057 1990 3102 et
2014 3047 2360 3118 sanguinem,
2398 3047 2615 3114 inopem
2669 3046 2837 3104 vitam
2885 3047 3106 3110 ducere,
3139 3046 3274 3099 nihil
3317 3045 3520 3101 habere

1935 3138 2211 3206 privatim,
2241 3137 2390 3190 nullo
2427 3136 2619 3191 allecti]
2649 3135 2843 3200 teneri,
2875 3151 2974 3190 nec
2997 3137 3334 3206 prepinquos
3357 3151 3520 3206 pecu-

1938 3229 2144 3282 liariter
2181 3227 2411 3300 diligere
2442 3246 2456 3282 :
2489 3229 2697 3284 alacres
2747 3228 3009 3283 exhibere
3058 3244 3139 3294 se,
3187 3244 3286 3284 nec
3315 3227 3520 3285 essein

1936 3322 2186 3377 instituto
2219 3323 2525 3378 monastico
2585 3337 2801 3393 segnes.
2863 3320 3000 3378 Nam
3036 3323 3086 3378 si
3133 3323 3207 3378 ita
3258 3323 3350 3392 sit,
3385 3323 3522 3395 ipsis

1938 3431 2067 3471 suas
2109 3415 2384 3484 lampades
2413 3417 2724 3486 gerentibus
2755 3416 2917 3485 paulo
2951 3425 3076 3486 post
3099 3431 3337 3486 sponsus
3367 3417 3525 3471 Chri-

1937 3521 2055 3564 ειυς
2075 3518 2345 3567 occurret.
2382 3519 2437 3563 et
2459 3509 2923 3578 excipieturidem
2951 3523 3076 3562 cum
3105 3509 3526 3578 gaudio,sacros

1937 3601 2180 3654 vicissim
2216 3599 2445 3668 accipiet
2469 3615 2534 3653 ac
2556 3599 2744 3653 reddet
2766 3615 2848 3652 am
2857 3598 3072 3669 plexus,
3088 3599 3364 3654 cmlestem
3390 3600 3527 3669 ipsis

1938 3708 2041 3746 nec
2074 3689 2440 3746 inannl'actum
2474 3692 2771 3746 thalamum
2795 3691 3024 3760 aperiet.
3062 3691 3289 3746 donabit
3334 3691 3416 3748 eis
3446 3706 3527 3746 re-

1941 3800 2105 3856 gnum
2135 3783 2424 3848 cazlorum,
2463 3783 2704 3852 paradisi
2737 3783 3096 3854 voluptatem,
3127 3783 3380 3851 potiones
3413 3783 3518 3836 im-

1942 3874 2312 3939 mortalitatis,
2360 3873 2688 3929 suavitatem
2735 3873 2862 3928 vitaa
2907 3873 3255 3943 sempiterna:
3288 3890 3302 3926 :
3340 3873 3552 3933 induet.

1940 3984 2036 4023 eas
2065 3967 2267 4022 amictu
2294 3964 2498 4030 lucido,
2536 3965 2964 4035 ineorrnptionis
2993 3965 3192 4019 decore
3213 3964 3527 4024 exornabit.

1941 4064 2181 4135 sponsali
2202 4062 2540 4118 diademate:
2560 4059 2862 4116 innumeris
2881 4059 3041 4114 bonis
3058 4059 3112 4115 in
3133 4060 3525 4130 sempiternum

1941 4173 2118 4213 aevum
2161 4155 2480 4210 cumulabit.
2546 4151 2770 4223 Propter
2815 4151 2932 4207 haec
2947 4162 3000 4207 et
3029 4161 3086 4206 tu
3109 4161 3164 4208 et
3198 4153 3304 4206 illa:
3323 4168 3536 4220 atrum-V

1944 4265 2045 4305 nas
2063 4247 2363 4320 pertulistis
2381 4265 2395 4301 :
2415 4261 2611 4321 magno
2629 4246 2812 4301 studio
2827 4244 3072 4315 quotidie
3089 4246 3358 4300 enitentes
3375 4253 3432 4298 ut
3447 4259 3531 4299 sa-

1944 4342 2110 4396 lutem
2145 4350 2381 4397 vestram
2409 4338 2795 4409 operaremini.
2821 4337 2957 4409 Spes
2988 4353 3085 4393 vos
3113 4337 3203 4393 illa
3235 4337 3528 4393 rellciatac

263 4423 467 4494 ψύχετε
484 4426 606 4487 ταῖς
642 4423 824 4478 ἐλπίσι
842 4439 856 4454 ·
877 4423 1134 4478 σϐέννυτε
1165 4425 1228 4480 τὸ
1253 4427 1688 4497 ὲπεισαγόμενον
1728 4424 1833 4496 πῦρ

1944 4443 2172 4491 recreet.
2206 4433 2494 4488 lnductum
2521 4431 2576 4485 in
2605 4431 2822 4487 animos
2863 4431 2932 4486 ab
2958 4429 3310 4501 bosteignem
3339 4431 3528 4484 divino

266 4522 422 4592 παρὰ
449 4519 766 4592 τοῦ.ὲχθροῦ
797 4522 854 4575 έν
877 4520 1110 4592 ψυχαῖς,
1131 4521 1208 4592 τῷ
1239 4520 1369 4592 θείῳ
1424 4520 1588 4592 ἔρωτι
1611 4537 1623 4550 ·
1653 4520 1736 4574 ὅτι
1777 4520 1833 4572 ἂν

1947 4525 2135 4583 amore
2181 4525 2535 4598 exstinguite.
2572 4523 2728 4592 Quod
2750 4523 2798 4578 si
2818 4522 2949 4594 quid
2981 4522 3130 4578 aliud
3158 4523 3214 4578 in
3241 4521 3527 4593 disciplina

266 4613 396 4668 ἄλλο
407 4611 643 4684 ἐπαχθὲς
654 4613 755 4685 τῆς
770 4615 1075 4686 ἀσκήσεως.
1095 4614 1226 4678 Ταῖς
1241 4613 1480 4685 ἀναλήψε
1488 4632 1540 4668 σι
1552 4614 1663 4667 τῶν
1680 4612 1738 4666 θε
1749 4612 1833 4666 {an

1948 4637 2110 4693 grave
2138 4629 2221 4676 est
2251 4635 2314 4675 ac
2349 4618 2674 4681 molestum,
2717 4617 2770 4671 id
2823 4615 3058 4671 lectione
3104 4630 3260 4672 sacra
3311 4626 3528 4686 arrepta

268 4704 716 4777 ἀναγνωσμάτων
769 4722 830 4758 τε
906 4705 1002 4759 καὶ
1058 4706 1321 4778 ᾀσμάτων
1395 4705 1833 4777 παραμυθεῖσθε,

1952 4713 2280 4784 hymnisque
2313 4709 2878 4767 decantandislenitcr
2910 4724 2974 4763 ac
3004 4709 3268 4779 mitigate,
3299 4710 3368 4763 ab
3416 4708 3528 4762 ha:-

269 4797 739 4870 περιφρουροῦσαι
763 4797 860 4852 καὶ
883 4787 954 4852 ’τὸ
1001 4797 1368 4870 ἀκοινώνητον
1395 4798 1497 4869 τῆς
1525 4801 1790 4870 αἱρέσεως
1823 4815 1838 4831 ο

268 4889 376 4944 κᾶν
403 4889 503 4962 δέῃ
527 4889 670 4962 ὑπὲρ
706 4889 872 4944 αὐτοῦ
915 4890 1111 4946 παθεῖν
1144 4908 1196 4944 τι
1230 4890 1396 4962 μέχρι
1430 4890 1527 4944 καὶ
1555 4890 1790 4946 θανάτου
1824 4905 1838 4918 ·

270 4981 540 5052 μηδαμῶς
573 4980 874 5051 προέμεναι
924 4982 1023 5053 τὴν
1071 4981 1276 5036 πίστιν.
1332 4981 1444 5052 Τῆς
1473 4980 1582 5053 γὰρ
1619 4982 1844 5053 ἀγάπης

270 5074 510 5146 Χριστοῦ
554 5075 707 5129 οὐδὲν
743 5077 1176 5148 προτιμότερονο
1237 5075 1423 5141 καθὼς
1449 5076 1747 5142 ἀπέδειξαν
1784 5077 1842 5131 αἰ

270 5168 369 5224 ἀπ’
391 5168 589 5232 αἰῶνος
626 5169 886 5241 παρθένοι
927 5170 1092 5240 μέχρι
1144 5169 1240 5223 τοῦ
1293 5169 1492 5242 δεῦρο’
1543 5169 1842 5240 ἐπειδήπερ

271 5261 383 5316 εἰσὶ
415 5261 511 5316 καὶ
542 5260 638 5315 νῦν
679 5261 1035 5332 διωκόμεναι.
1064 5261 1158 5314 καὶ
1199 5261 1309 5314 τῶν
1353 5261 1531 5332 μονῶν
1557 5260 1843 5326 ἐξωθεῖσαι

269 5349 363 5405 διά
415 5348 674 5422 Χριστὸν,
715 5349 750 5421 ἦ
803 5352 1096 5420 μετασχεῖν
1153 5349 1250 5403 τοῦ
1318 5350 1597 5422 αίρετικοῦ
1656 5351 1843 5421 ἄρτου.

272 5440 460 5495 Ταῦτα
495 5441 571 5505 ῶς
607 5441 748 5495 κατά
778 5442 1012 5514 Χριστὸν
1058 5441 1260 5512 ἀδελφῇ
1283 5441 1422 5516 οὔσῃ
1462 5442 1559 5497 καὶ⁵
1589 5442 1843 5514 θυγατρὶ,

1953 4806 2117 4860 retica
2145 4805 2531 4860 communione
2561 4802 2754 4858 sedulo
2781 4810 3034 4857 caventes
3058 4819 3071 4856 :
3095 4802 3180 4856 vel
3205 4803 3253 4857 si
3305 4816 3530 4857 necesse

1953 4898 2026 4952 sit
2069 4897 2233 4967 hujus
2264 4897 2341 4951 rei
2373 4911 2540 4950 causa
2599 4909 2776 4964 usque
2805 4894 2873 4948 ad
2915 4903 3148 4959 mortem
3214 4893 3350 4964 pali,
3381 4893 3531 4946 nullo

1951 4998 2112 5059 pacto
2149 4988 2464 5059 abjicientes
2484 4987 2668 5042 ﬁdem.
2693 4985 2838 5041 Nihil
2869 4987 3014 5042 enim
3060 4985 3422 5056 prastabilitts
3448 4995 3533 5039 est

1952 5081 2156 5138 Christi
2191 5082 2462 5137 charitate
2494 5099 2509 5136 :
2543 5080 3000 5152 quemadmodum
3051 5094 3164 5148 pra:
3198 5094 3256 5134 se
3288 5079 3532 5134 tulerunt

1952 5173 2020 5227 ab
2044 5163 2196 5227 oinni
2225 5189 2342 5229 aevo
2365 5173 2604 5243 virgines
2623 5188 2797 5242 usque
2827 5173 2894 5226 ad
2919 5172 3245 5226 hunediem.
3275 5170 3533 5236 Quando-

1949 5264 2171 5334 quidem
2207 5253 2355 5321 nunc
2374 5279 2594 5334 quoque
2625 5272 2756 5318 sunt
2783 5278 2908 5334 quae
2933 5274 3228 5326 vexantur,
3268 5272 3431 5332 atque
3464 5279 3528 5317 ex

1952 5357 2298 5436 monasteriis
2327 5365 2547 5427 propter
2579 5356 2861 5411 Christum
2892 5363 3129 5412 extrusa:
3150 5365 3298 5418 sunt,
3331 5371 3397 5435 ne
3420 5355 3532 5410 ha:-

1952 5433 2416 5518 reticum‘panem
2449 5449 2863 5520 participarent,
2896 5446 3021 5502 Haec
3040 5445 3137 5502 tibi
3162 5433 3415 5516 tanquam
3444 5461 3533 5500 so-

273 5532 534 5605 γέγραφά
586 5550 669 5587 σοι
707 5533 803 5588 καὶ
852 5535 974 5598 ταῖς
1033 5533 1171 5604 μετά
1219 5535 1320 5588 σέ·
1373 5534 1450 5599 ὡς
1497 5534 1566 5589 ἂν
1609 5533 1740 5599 ἴδοις
1767 5535 1827 5588 ὅτ

1954 5539 2066 5595 rori
2117 5541 2172 5596 in
2201 5540 2422 5600 Christo
2465 5556 2530 5599 ac
2572 5540 2697 5597 tilize
2726 5540 2946 5611 scripsi,
2977 5539 3121 5598 etiis
3173 5555 3290 5611 qua:
3351 5549 3554 5600 tecum.

340 5713 390 5750 ³³
417 5712 525 5769 lsa.
556 5727 675 5778 vin,
719 5711 802 5768 18.

1785 5803 2015 5861 ΝΟΤᾹΕ.

353 5916 468 5989 (89)
499 5915 555 5975 ln
579 5918 700 5977 cod.
724 5918 855 5992 Reg.
893 5918 1031 5993 ρμζ’.
