4156 6478
723 448 857 511 1427

1902 434 1963 492 S.
2003 430 2391 492 THEODOIKI
2429 429 2567 489 STU
2577 427 2769 490 DIT.E

3817 417 3964 481 1428

714 566 873 615 sunt:
891 565 950 609 ιιι
972 551 1242 619 intelligas
1254 558 1303 603 et
1320 558 1663 601 communem
1684 540 1841 596 nobis
1869 542 2155 595 Dominum
2175 553 2292 591 am-

2404 536 2571 597 κοινός
2602 536 2747 585 ἐστιν
2781 534 2809 585 6
2834 531 3108 598 Δεσπότης
3142 526 3465 598 ἀμφοτέρων
3501 526 3691 595 ἠμῶνο
3750 526 3848 576 xui.
3884 526 3964 585 ὡς

714 649 897 705 bobus
919 658 1061 709 esse,
1080 652 1133 696 et
1158 650 1421 710 quantum
1447 651 1637 690 omnes
1660 650 1778 688 esse
1802 632 1982 685 salvos
2000 638 2251 699 optemus
2272 667 2287 687 ,

716 742 917 811 quippe
954 736 1047 807 qui
1077 734 1187 789 sint
1217 732 1379 787 unius
1425 726 1669 797 corporis
1702 724 1930 788 Christi,
1959 732 2121 790 atque
2136 736 2200 773 ex
2220 733 2286 773 eo

717 834 917 886 fratres
947 828 1178 883 invicem
1210 821 1490 894 appellati.
1519 818 1653 873 Nam
1687 818 1740 870 in
1775 815 1995 869 Christo
2025 812 2150 866 Jesu
2186 828 2287 864 non

2391 623 2652 691 φιλοῦμεν
2682 623 2889 684 πάντας
2921 619 3189 682 σώζεσθαι
3222 633 3236 647 ·
3272 617 3347 679 ὡς
3381 615 3496 677 ἑνὸς
3523 615 3674 677 ὀντες
3702 612 3964 682 σώματος

2386 715 2647 787 Χριστοῦ,
2680 715 2775 767 καὶ
2812 715 2906 766 ἀπ’
2944 709 3107 765 αὑτοῦ
3144 708 3365 776 ἀδελφοὶ
3403 707 3649 775 ἀλλήλων
3679 706 3964 775 χρηματέ-

2391 810 2575 872 ζοντες
2604 822 2621 837 ·
2652 808 2709 858 ἐν
2739 806 2845 876 γάρ
2897 802 3117 874 Χριστῷ
3158 801 3356 871 Ἰησοῦ,
3393 801 3530 853 οὒτε
3570 800 3778 867 ἄρσεν,
3821 800 3968 854 οὕτε

713 935 791 978 est
824 921 1086 976 masculus
1115 933 1274 987 neque
1321 914 1537 983 femina,
1566 912 1653 963 sed
1696 908 1873 961 omnia
1893 916 1941 959 et
1971 908 2023 958 in
2054 903 2293 958 omnibus

2404 900 2549 968 917.11)
2570 941 2583 962 ,
2624 899 2783 953 ἀλλὰ
2813 897 3009 950 πάντα
3041 895 3139 948 καὶ
3185 893 3336 950 πᾶσι
3373 893 3653 962 Χριστὸς,
3677 893 3739 958 ὃς
3766 892 3970 947 διασὼ-

715 1014 956 1067 Christus
976 1011 1041 1073 ’⁸,
1062 1009 1153 1079 qui
1183 1018 1237 1061 et
1260 1020 1358 1059 vos
1387 1013 1442 1057 et
1474 1017 1574 1055 nos
1619 1008 1795 1054 servet
1828 995 2152 1051 incolumes.

742 1126 1028 1184 CXXXIII.
1050 1157 1119 1169 —
1136 1123 1393 1193 Ephmim
1418 1132 1463 1174 et
1483 1118 1747 1190 Agathoni
1791 1116 2092 1183 ueterisque
2114 1112 2264 1182 ﬁliis.

2399 1010 2511 1045 σειε
2540 992 2635 1045 καὶ⁵
2657 992 2799 1061 ὑμᾶς
2823 990 2919 1041 καὶ
2945 989 3110 1058 ἡμᾶς.

2399 1112 2567 1166 PAF’.
2592 1109 2938 1179 —'E_;;pai‘;t,
2971 1107 3068 1179 καὶ
3113 1105 3407 1179 ’Λγάᾂωνι,
3438 1104 3551 1179 ’καὶ
3576 1103 3701 1168 τοῖς
3727 1099 3968 1165 λοιποῖς

2955 1178 3218 1241 τέκνοις.

1921 1297 1975 1345 1η
1998 1296 2185 1345 obitum
2214 1296 2464 1346 Laurentii
2487 1294 2755 1358 praepositi.

788 1412 940 1479 Quod
966 1411 1161 1465 beatus
1184 1406 1511 1463 Laurentius
1539 1406 1682 1458 diem
1716 1403 1873 1463 obiit,
1902 1417 2050 1456 mors
2079 1400 2288 1469 illiqui-

718 1508 839 1559 dem
861 1517 959 1573 pro
986 1502 1172 1571 requie
1206 1509 1283 1553 est
1316 1516 1331 1549 :
1364 1512 1484 1551 nam
1507 1500 1597 1567 qui
1623 1497 1794 1567 possit
1820 1510 1927 1548 non
1947 1494 2019 1546 ita
2038 1508 2158 1547 esse
2172 1493 2290 1546 viro

2459 1402 2580 1455 Ὀτι
2648 1400 2916 1471 ἐκοιμήθη
2966 1400 2995 1450 6
3049 1398 3314 1467 μακάριος
3354 1394 3718 1465 Λαυρέντιος,
3769 1398 3969 1462 ἐκείνῳ

2390 1493 2490 1563 μὲν
2530 1494 2838 1553 ἀνάπαυσις
2892 1493 2920 1543 ὁ
2959 1488 3223 1551 θάνατος·
3256 1487 3411 1557 ἀνδρὶ
3437 1490 3544 1558 γάρ
3595 1486 3788 1558 ἀγαθῷ
3845 1488 3968 1552 πῶς

719 1594 901 1649 bono?
934 1594 1089 1647 Illum
1123 1592 1175 1644 in
1204 1590 1365 1658 hujus
1396 1590 1520 1643 vita:
1550 1602 1772 1657 egressu
1820 1584 1974 1654 quies
2013 1598 2042 1637 a
2098 1597 2290 1636 mona-

2404 1588 2507 1655 ιύχὶ
2536 1586 2692 1639 τοῦτο
2718 1586 3104 1654 ἀπαντήσεται,
3129 1582 3236 1635 ἀπὸ
3269 1583 3454 1635 κόπων
3469 1581 3781 1650 ἀσκητικῶν
3801 1599 3972 1650 μετα-

717 1684 867 1739 ειίείε
901 1682 1024 1735 vita:
1043 1680 1341 1742 Iahon-ibus,
1377 1678 1459 1731 vel
1494 1676 1672 1745 potius
1694 1691 1723 1727 a
1755 1675 2042 1728 vexatione
2072 1684 2291 1742 propter

2390 1677 2547 1731 ϐάντι
2590 1676 2683 1729 τοῦ
2706 1677 2845 1746 βίου,
2886 1677 3086 1744 μᾶλλον
3109 1677 3164 1728 δὲ
3194 1674 3302 1730 ἀπὸ
3327 1673 3421 1727 τοῦ
3446 1674 3586 1725 κατά
3618 1673 3971 1743 δικαιοσύνην

712 1774 981 1844 justitiam
1007 1771 1259 1838 excipiet,
1309 1770 1628 1839 migrantem
1658 1768 1721 1819 ad
1756 1766 2044 1819 Dominum
2084 1784 2096 1819 :
2135 1768 2292 1833 cujus

2404 1769 2637 1839 διωγμοῦ
2667 1766 3033 1838 ὲνδηρήσαντι
3057 1768 3193 1836 πρὸς
3230 1764 3432 1835 Κύριον
3456 1780 3472 1793 ·
3496 1760 3556 1817 οῦ
3600 1764 3709 1817 τῶν
3754 1765 3970 1832 ἀρετῶν

716 1868 980 1919 virtutum
1012 1874 1175 1917 testes
1215 1860 1623 1930 quamplurinii.
1651 1856 1818 1913 Vobis
1863 1868 2065 1920 autem,
2096 1855 2293 1911 fratres

715 1954 1182 2019 reveremlissimi,
1205 1953 1398 2007 deinde
1416 1962 1467 2006 et
1486 1952 1642 2005 nobis
1674 1951 1992 2014 humilibus,
2014 1949 2168 2002 triste
2191 1949 2293 2002 hoc

715 2062 769 2104 et
795 2049 1051 2103 acerbum
1082 2045 1301 2109 accidit,
1330 2046 1423 2112 qui
1458 2043 1741 2112 probatum
1776 2043 2101 2095 monachum
2148 2041 2286 2093 alni-

718 2142 914 2202 simus,
956 2136 1315 2194 reverendam
1370 2134 1617 2199 fratrem,
1649 2137 2003 2189 constitutum
2039 2146 2098 2187 ut
2132 2142 2294 2201 caput

717 2240 865 2283 esset
910 2245 972 2283 ae
1030 2226 1332 2297 spiritualis
1358 2226 1458 2277 viae
1505 2224 1634 2278 dux.
1666 2221 1769 2277 Sed
1832 2222 2051 2275 tristitia
2112 2232 2291 2273 tamen

720 2323 966 2390 utrisque
1017 2335 1172 2375 versa
1194 2327 1278 2373 est
1326 2319 1379 2371 in
1424 2318 1704 2387 gaudium,
1733 2315 1879 2385 quod
1932 2315 2140 2369 electus
2199 2311 2291 2365 Dei

720 2424 907 2483 raptus
932 2422 1016 2467 est
1044 2428 1073 2466 a
1111 2411 1289 2474 nobis,
1318 2410 1509 2479 optimi
1540 2409 1634 2462 Dei
1689 2408 1873 2477 jussu,
1903 2410 1954 2461 in
2007 2406 2296 2461 sanctitate

718 2518 771 2561 et
800 2507 1034 2576 justitia.
1067 2504 1409 2574 Quapropter
1435 2512 1488 2556 et
1516 2518 1615 2572 ego
1652 2501 1876 2555 humilis
1904 2502 2136 2571 gaudeo,
2171 2514 2290 2570 gra-

722 2600 980 2668 tulorque
1026 2597 1182 2651 vobis
1204 2596 1347 2666 quod
1400 2596 1505 2647 tale
1536 2610 1629 2648 vas
1671 2594 1735 2647 ad
1800 2591 1969 2647 Deum
2029 2591 2296 2661 prtemisi-

722 2704 848 2743 mus
878 2707 891 2743 :
924 2703 1109 2742 revera
1141 2687 1287 2742 enim
1320 2702 1416 2739 vas
1470 2685 1753 2739 electionis
1804 2682 2124 2737 Laurentius
2171 2682 2293 2745 fuit,

724 2778 960 2846 primum
996 2777 1215 2847 quidem
1247 2777 1459 2831 sincera
1495 2775 1900 2829 reuuntiatione
1954 2784 2117 2844 atque
2161 2775 2295 2828 obe-

727 2869 954 2929 dientia,
992 2866 1189 2921 deinde
1240 2867 1422 2920 studio
1470 2880 1870 2937 progressuque
1911 2867 2195 2931 virtutum,
2227 2867 2297 2921 ob

726 2975 869 3028 quas
894 2969 949 3014 et
977 2959 1284 3014 sacci-dono
1314 2958 1515 3029 dignus
1541 2970 1622 3013 est
1646 2959 1884 3025 habitus,
1914 2974 1979 3014 ac
2003 2962 2295 3014 multorum

732 3055 961 3105 fratrum
996 3050 1375 3121 praefecturam
1405 3052 1667 3121 suscepit,
1710 3052 1810 3106 hos
1836 3052 2068 3121 benigne
2102 3067 2295 3121 regens

727 3145 881 3200 utilis
909 3145 1086 3215 gregi,
1118 3143 1230 3198 Deo
1255 3145 1442 3197 vivens
1478 3158 1664 3196 revera
1694 3158 1756 3195 ac
1816 3146 2107 3212 μικροείιο
2165 3158 2290 3204 suo,
2328 3170 2370 3227 ο

726 3254 837 3292 non
870 3238 1096 3299 mundo,
1123 3251 1221 3291 nec
1249 3235 1437 3289 mundi
1458 3235 1695 3304 negotiis
1723 3252 1735 3289 :
1762 3234 1922 3303 cujus
1962 3242 2016 3289 et
2056 3245 2182 3288 nota
2205 3252 2300 3289 ex-

730 3327 852 3380 silia
903 3339 1120 3396 propter
1154 3326 1466 3388 Dominum,
1494 3336 1547 3380 et
1574 3326 1892 3381 vexationes
1926 3336 2037 3381 tum
2094 3329 2304 3397 priores

730 3430 848 3473 tum
899 3419 1227 3488 posteriores
1259 3436 1273 3473 :
1303 3419 1459 3488 cujus
1488 3432 1541 3473 et
1574 3419 1808 3487 speciosi
1858 3420 2041 3488 pedes,
2074 3430 2134 3475 ut
2180 3435 2305 3475 cum

732 3511 1015 3580 Scriptura
1042 3510 1276 3580 loquar:
1302 3526 1425 3565 cum
1457 3511 1565 3565 huc
1593 3520 1646 3566 et
1677 3512 1805 3567 illuc
1830 3512 2025 3574 obiret,
2055 3524 2108 3567 et
2136 3528 2305 3567 evan-

730 3603 993 3672 gelizaret
1036 3601 1299 3657 fratribus
1332 3603 1594 3656 salutaria
1631 3612 1921 3673 praecepta.
1956 3604 2303 3673 Unguentum

733 3695 1040 3764 spiritualis
1073 3695 1193 3764 ejus
1246 3694 1455 3748 sudor:
1488 3709 1580 3747 ros
1617 3710 1793 3757 sacer,
1825 3704 2100 3748 certamen
2158 3694 2302 3747 illius

732 3796 788 3841 et
816 3782 1047 3841 virtutis
1074 3786 1429 3841 curriculum.
1463 3784 1565 3851 Qui
1602 3785 1655 3838 in
1687 3786 1788 3839 hac
1836 3784 2086 3854 praisenti
2122 3797 2305 3852 perse-

736 3881 957 3935 cutione
996 3890 1332 3949 assumptus,
1361 3877 1492 3948 quid
1518 3876 1664 3931 aliud
1698 3892 1861 3945 quam
1914 3873 2304 3929 beatitudinem

735 3989 765 4024 a
799 3972 1029 4027 Domino
1085 3972 1321 4029 obtinuit
1346 3972 1369 4025 ?
1399 3970 1463 4025 Et
1491 3985 1636 4025 nunc
1663 3969 1753 4023 ille
1807 3968 2025 4037 quidem
2074 3969 2128 4022 in
2165 3968 2305 4021 cmlo

690 4093 692 4095 ν
735 4073 839 4128 est,
873 4064 926 4117 in
960 4062 1205 4117 eamdem
1235 4078 1358 4116 cum
1389 4062 1667 4119 sodalibus
1700 4060 1969 4117 civitatem
1994 4060 2304 4129 ascriptus:

738 4172 841 4211 nos
870 4165 1053 4210 autem
1097 4155 1276 4210 adhuc
1304 4155 1356 4208 in
1382 4154 1680 4209 certamine
1719 4152 2016 4215 constituti,
2052 4162 2214 4218 atque
2255 4152 2308 4204 in

737 4258 887 4303 metu
948 4265 1015 4303 ne
1042 4248 1383 4318 dejiciamur.
1413 4244 1599 4316 Neque
1621 4247 1766 4301 enim
1802 4253 2181 4301 consummata
2210 4243 2312 4297 ho-

740 4339 872 4391 mini
906 4337 1136 4391 felicitas
1166 4339 1307 4391 inest
1337 4345 1462 4390 ante
1490 4350 1777 4391 excessum
1805 4350 1835 4389 e
1868 4336 1976 4388 vita
2016 4353 2029 4388 :
2068 4348 2191 4388 cum
2242 4331 2315 4387 sit

738 4424 982 4478 incertus
1007 4424 1208 4478 exitus.

2401 1862 2579 1929 μάρτυ
2589 1877 2675 1929 ρες
2692 1858 2904 1924 πο>.).οἰ;
2926 1857 3081 1927 Ὑμῖν
3094 1856 3148 1909 δὲ
3162 1854 3382 1923 συνέϐη.
3396 1854 3612 1923 ἀδελφοὶ
3623 1853 3965 1923 τιμιώτατοι,

2401 1958 2522 2009 ἐπεὶ
2553 1958 2647 2006 καὶ
2680 1955 2810 2024 ἡμῖν
2834 1955 2947 2015 τοῖς
2978 1951 3253 2012 ταπεινοῖς
3274 1948 3336 2001 τὸ
3360 1947 3624 2016 λυπηρὸν,
3662 1944 3967 1999 ἀπολέσασι

2399 2046 2623 2115 δόκιμον
2683 2045 2979 2115 μοναστὴν,
3047 2042 3229 2111 τίμιον
3276 2040 3525 2108 ἀδελφὸν,
3584 2040 3664 2099 εἰς
3720 2038 3968 2106 κεφαλὴν

2401 2136 2806 2205 καθιστάμενον
2836 2138 2933 2204 τῆς
2964 2132 3103 2185 κατά
3139 2130 3316 2201 ψυχὴν
3357 2129 3598 2199 ὁδηγίας.
3640 2128 3782 2182 Ἀλλ’
3814 2130 3969 2197 ὅμως

2400 2228 2460 2278 τὸ
2490 2226 2734 2295 λυπηρὸν
2763 2226 2842 2286 εἰς
2867 2223 3041 2293 χαρὰν
3062 2222 3392 2291 ἀμφοτέροις
3423 2222 3763 2292 περιετράπη
3786 2259 3801 2280 ,
3833 2220 3971 2272 διότι

2402 2317 2656 2379 ἐκλεκτὸς
2682 2315 2815 2368 Θεοῦ
2852 2317 2879 2368 6
2910 2313 3213 2384 ἁρπασθεὶς
3247 2312 3339 2382 ἀφ’
3369 2312 3525 2383 ἡμῶν
3551 2310 3799 2364 κελεύσει
3828 2310 3966 2364 Θεοῦ

2400 2407 2493 2461 τοῦ
2525 2406 2752 2475 ἀγαθοῦ,
2794 2407 2849 2460 ἒν
2876 2406 3115 2477 ὁσιότητι
3144 2405 3239 2458 καὶ
3266 2402 3603 2473 δικαιοσύνῃ.
3632 2404 3724 2455 Διὸ
3745 2403 3902 2471 κάγὼ
3930 2404 3971 2456 6

2399 2500 2657 2562 ταπεινὸς
2685 2499 2860 2568 χαίρω
2898 2501 2990 2551 καὶ
3021 2499 3302 2569 συγχαίρω
3356 2498 3483 2568 ὑμῖν
3512 2536 3529 2559 ,
3561 2498 3643 2549 ὅτι
3677 2496 3971 2566 παρεπέμ-

2399 2589 2582 2659 ψαμεν
2622 2590 2757 2659 πρδς
2781 2588 2873 2640 τὸν
2911 2588 3043 2641 Θεὸν
3074 2588 3389 2659 τηλικοῦτον
3441 2587 3654 2649 σκεῦος.
3699 2587 3968 2661 Ἐκλογῆἶ

2402 2680 2512 2750 γὰρ
2544 2680 2733 2743 σκεῦος
2772 2680 2847 2745 ὡς
2869 2680 3085 2751 ἀληθῶς
3113 2682 3462 2752 Δαυρέντιος,
3504 2682 3721 2751 πρῶτον
3752 2681 3852 2749 μὲν
3880 2682 3969 2735 δια

2402 2771 2503 2841 τῆς
2538 2771 2803 2841 ἀψευδοῦς
2834 2775 3116 2844 ἀποταγῆς
3136 2775 3227 2826 καὶ
3256 2774 3531 2842 ὑποταγῆς
3555 2789 3568 2802 ·
3607 2764 3862 2841 δεῦτερον
3880 2772 3968 2825 διά

2402 2862 2502 2931 τῆς
2528 2862 2814 2934 φιλαρέτου
2857 2864 3089 2933 σπουδῆς
3137 2880 3193 2916 τε
3229 2865 3318 2917 καὶ
3350 2864 3659 2933 προκοπῆς·
3688 2863 3747 2929 ἐξ
3770 2857 3845 2916 ὧν
3871 2866 3967 2917 καὶ

2405 2957 2706 3027 ἱερωσύνης
2738 2957 2985 3025 ἠξίωται,
3016 2957 3111 3009 καὶ
3140 2956 3351 3008 πολλῶν
3378 2955 3618 3024 ἀδελφῶν
3642 2957 3968 3019 ἐπιστασίας

2404 3048 2689 3111 ἀνεδέξατο
2716 3047 2953 3116 ἀξεωμα,
2985 3048 3223 3117 φιλητῶς
3256 3048 3569 3115 ποιμαίνειν
3589 3050 3868 3119 χρήσιμος
3899 3053 3965 3119 τῇ

2404 3140 2625 3211 ποίμνῃ·
2642 3140 2748 3202 ζῶν
2765 3140 2879 3191 6εώ
2905 3140 2995 3191 καὶ
3010 3139 3085 3209 τῷ
3106 3140 3347 3208 καθηγου
3357 3140 3501 3211 μένῳ
3514 3141 3588 3203 ὡς
3602 3142 3839 3211 άληθῶς,
3855 3142 3972 3195 ἀλλ’

2404 3234 2464 3286 οὐ
2488 3233 2675 3302 κόσμῳ
2706 3234 2933 3293 καὶτοῖς
2965 3232 3104 3284 κατὰ
3136 3232 3338 3301 κόσμον
3386 3233 3705 3302 πράγμασιν
3729 3249 3745 3265 ο
3786 3228 3848 3286 οὗ
3879 3234 3972 3286 καὶ

2406 3321 2612 3392 ὲξορίαι
2643 3322 2730 3374 διὰ
2762 3322 2986 3391 Κύριον,
3036 3323 3131 3374 καὶ
3156 3322 3413 3391 διωγμοὶ,
3437 3325 3532 3375 καὶ
3567 3324 3833 3394 πρότερον
3875 3325 3972 3375 καὶ

2408 3412 2634 3481 ὕστερον
2663 3428 2677 3441 ·
2711 3408 2771 3465 οῦ
2804 3414 2897 3465 καὶ
2924 3414 2973 3465 οἱ
3001 3413 3156 3473 πόδες
3175 3413 3385 3482 ὡραῖοι,
3433 3413 3721 3482 γραφικῶς
3752 3416 3926 3465 εἰπεῖν
3952 3453 3970 3477 ,

2405 3498 2508 3557 ὧδέ
2536 3519 2596 3557 τε
2632 3507 2792 3558 κάκεῖ
2834 3504 3158 3575 περιιόντος,
3192 3506 3287 3564 καὶ
3338 3506 3827 3573 εὐαγγελιζομένου
3862 3506 3974 3563 τοῖς

2408 3596 2659 3665 ἀδελφοῖς
2731 3595 2801 3649 τὰ
2867 3597 3113 3665 σωτήρια
3190 3597 3609 3663 ἐπαγγέλματα.
3662 3596 3875 3663 Μύρον,
3943 3597 3971 3645 ὁ

2408 3686 2779 3756 πνευματικὸς
2802 3688 2966 3740 αὐτοῦ
2998 3687 3153 3756 ἱδρώς
3177 3703 3188 3714 ·
3223 3688 3410 3755 δρόσος
3438 3688 3598 3756 ἱερὸς,
3622 3689 3651 3739 6
3678 3686 3971 3754 ἐναγώνιος

2406 3781 2571 3835 αὐτοῦ
2605 3781 2803 3852 δρόμος
2826 3781 2924 3849 τῆς
2956 3780 3177 3849 ἀρετῆς.
3219 3782 3313 3853 ’ος
3349 3780 3715 3848 προσληφθεὶς
3742 3781 3799 3833 ἐν
3828 3780 3977 3850 αὑτῷ

2409 3873 2487 3943 τῷ
2518 3872 2747 3943 παρόντι,
2782 3870 3027 3940 διωγμῷ,
3062 3870 3113 3923 τί
3144 3870 3271 3924 ἄλλο
3314 3870 3346 3941 ἢ
3383 3871 3472 3924 τὸν
3503 3871 3605 3923 ὑπὸ
3632 3873 3839 3942 Κυρίου
3868 3890 3974 3941 μα-

2409 3963 2681 4032 καρισμὸν
2710 3962 3040 4031 ἀνεδήσατο;
3071 3962 3179 4014 Καὶ
3235 3962 3328 4015 νῦν
3369 3964 3576 4028 ἐκεῖνος
3610 3963 3707 4032 μέν
3738 3965 3886 4015 ἐστιν
3918 3965 3977 4014 ἐν

2409 4054 2621 4123 οὐρανῷ
2659 4051 3014 4121 συμπολεῦων
3045 4055 3154 4115 τοῖς
3187 4052 3515 4120 ὁμπαγέσιν
3547 4067 3559 4079 ·
3609 4053 3771 4121 ἡμεῖς
3809 4052 3864 4104 δὲ
3897 4052 3976 4102 ἔτι

2412 4143 2505 4196 ἐπὶ
2530 4143 2624 4196 τοῦ
2674 4144 2882 4212 ἀγῶνος
2930 4134 3257 4214 ἱστάμενοι,
3307 4142 3402 4197 καὶ
3449 4143 3542 4195 ἐπὶ
3573 4142 3739 4210 φόϐον
3771 4144 3975 4211 τροπῆς

2413 4235 2677 4305 κείμενοι.
2724 4236 2798 4289 Οὐ
2837 4236 2946 4306 γάρ
2980 4238 3096 4288 ἐστι
3141 4235 3487 4306 μακαρισμὸς
3528 4236 3732 4297 τέλειος
3769 4235 3977 4305 ἀνθρώ-

2415 4344 2523 4399 mp,
2555 4329 2658 4391 ἕως
2684 4328 3036 4391 ἀποδιώσεως
3056 4368 3071 4392 ,
3099 4328 3188 4391 διὰ
3220 4329 3279 4381 τὸ
3308 4329 3503 4399 ἄδηλον
3541 4330 3639 4399 τῆς
3676 4329 3973 4391 ἐκϐάσεως.

814 4515 1179 4582 Quamobrem
1212 4515 1439 4570 obsecro
1485 4529 1603 4577 vos,
1632 4513 1846 4579 fratres,
1880 4523 1940 4568 ut
1981 4514 2215 4583 vigiletis
2244 4528 2302 4567 ac

2426 4522 2429 4525 ’
2481 4511 2573 4563 Διὸ
2636 4511 2941 4580 παρακαλῶ
3007 4502 3189 4582 ὑμᾶς,
3241 4512 3492 4581 ἀδελφοὶ,
3547 4516 3841 4584 γρηγορεῖν
3887 4516 3978 4566 καὶ

741 4605 912 4660 sobrii
950 4606 1091 4669 sitis,
1146 4605 1369 4659 utvirili
1402 4622 1465 4659 ac
1508 4604 1632 4659 forti
1694 4604 1879 4658 animo
1922 4604 1976 4659 in
2029 4603 2310 4673 proposito

743 4701 1042 4755 certamine
1073 4710 1186 4754 tum
1217 4699 1587 4769 intelligibilis,
1626 4708 1736 4751 tum
1782 4697 2063 4753 sensibilis
2124 4711 2311 4765 perse-

739 4793 1002 4849 cutionis.
1031 4791 1135 4858 Qui
1165 4792 1309 4847 enim
1352 4791 1650 4847 secundum
1692 4789 1862 4842 Deum
1897 4788 2051 4853 vivit,
2099 4803 2313 4857 semper

738 4884 948 4954 patitur
986 4883 1418 4953 persecutionem
1481 4881 1551 4936 ab
1613 4880 1875 4935 invisibili
1918 4891 2194 4940 vexatore,
2250 4888 2312 4932 ut

739 4984 993 5030 teneatur
1010 4974 1215 5045 peccati
1234 4973 1467 5042 laqueo:
1496 4987 1727 5043 quem,o
1753 4972 1959 5027 strenui
1983 4971 2180 5026 Christi
2210 4970 2312 5023 mi-

740 5068 889 5130 lites,
918 5066 1215 5137 fugiamus.
1249 5065 1380 5132 Qua:
1432 5050 1596 5134 porro
1631 5064 1772 5135 fugae
1804 5066 1943 5119 ratio
1972 5061 2316 5131 estYNeinpe

742 5158 791 5212 si
810 5157 914 5213 sub
946 5157 1148 5226 potenti
1182 5172 1346 5210 manu
1390 5154 1482 5209 Dei
1530 5156 1725 5219 simus,
1749 5156 1802 5208 in
1836 5155 2092 5208 omnibus
2124 5155 2175 5207 ei
2203 5154 2317 5223 pla-

742 5255 950 5300 centes.
1001 5246 1054 5300 Id
1081 5260 1209 5300 vero
1248 5245 1683 5316 conscquemini,
1732 5246 1925 5300 sinon
1975 5261 2042 5300 ex
2091 5245 2314 5315 proprio

742 5338 1006 5392 arbitratu
1033 5337 1128 5393 sed
1169 5352 1236 5393 ex
1288 5337 1565 5393 communi
1599 5338 1717 5407 lege
1767 5337 1995 5390 vivatis:
2046 5337 2307 5391 habentes

741 5432 993 5487 videlicet
1016 5430 1235 5485 fratrem
1255 5430 1511 5501 prraim
1542 5430 1596 5483 in
1615 5428 1887 5500 praepositi
1909 5430 2308 5498 vicem,quem-

742 5522 1033 5577 admodum
1064 5531 1121 5576 et
1163 5522 1253 5576 ille
1281 5521 1582 5586 consensit,
1611 5531 1666 5575 et
1703 5534 1805 5575 nos
1843 5519 2049 5575 assensi
2094 5536 2305 5584 sumus,

741 5620 797 5666 et
824 5626 1040 5682 tempus
1071 5628 1135 5668 ac
1180 5613 1321 5667 ratio
1355 5613 1651 5683 postulant.
1680 5610 1801 5666 Sint
1842 5612 2030 5666 omnia
2063 5626 2311 5683 commu-

744 5704 831 5758 nia
861 5723 874 5759 :
903 5718 1082 5758 meum
1102 5717 1165 5759 ac
1188 5712 1343 5759 tuum
1378 5702 1589 5759 exsulet
1623 5721 1636 5756 :
1673 5701 1912 5758 charitas
1946 5702 2307 5774 exprimatur,

815 5867 856 5899 "
896 5862 1073 5921 Galat.
1110 5883 1185 5937 ιιι,
1210 5865 1281 5921 28
1310 5883 1325 5934 ;
1355 5865 1568 5939 Coloss;
1592 5880 1668 5931 ιιι,
1700 5864 1789 5918 Η.

2408 4604 2619 4672 νήφειν,
2654 4603 2997 4671 ἀνδρίζεσθαι
3066 4606 3159 4658 καὶ
3190 4604 3583 4674 κραταιοῦσθαι
3634 4608 3691 4658 ἐν
3742 4606 3821 4674 τῷ
3854 4621 3981 4677 προ-

2411 4697 2649 4765 κειμένῳ
2722 4696 2892 4762 ἀγῶνι
2966 4696 3061 4749 τοῦ
3152 4714 3212 4750 τε
3302 4698 3496 4766 νοητοῦ
3562 4700 3657 4751 καὶ
3719 4700 3976 4768 αἰσθητοῦ

2409 4787 2675 4858 διωγμοῦ.
2736 4787 3031 4841 Δεδίωκται
3092 4789 3199 4860 γὰρ
3263 4790 3351 4847 ἀεὶ
3402 4792 3430 4843 6
3481 4792 3623 4843 κατά
3674 4790 3806 4844 Θεὸν
3871 4791 3977 4856 ζῶν

2412 4880 2519 4933 ὑπὸ
2568 4878 2663 4932 τοῦ
2717 4882 2951 4949 ἀοράτου
3015 4879 3241 4934 διώκτου
3302 4882 3381 4943 εἰς
3428 4882 3731 4952 κατάληψιν
3802 4885 3981 4954 ἀμαρο

2411 4971 2559 5033 τίαςο
2604 4971 2662 5025 ὃν
2710 4971 2969 5041 φύγωμεν
3034 4974 3271 5039 γενναῖοι
3334 4972 3663 5042 στρατιῶται
3720 4974 3975 5044 Χριστοῦ.

2414 5062 2539 5135 Πῶς
2587 5062 2644 5115 δὲ
2682 5061 2801 5115 εστι
2831 5065 3062 5131 φυγεῖνς
3123 5061 3212 5130 Τῷ
3246 5060 3351 5113 ὑπὸ
3382 5062 3479 5130 τὴν
3525 5063 3794 5131 κραταιὰν
3826 5067 3979 5132 χεῖρα

2412 5154 2506 5208 τοῦ
2567 5155 2703 5208 Θεοῦ
2767 5155 3066 5224 γενέσθαι,
3112 5154 3201 5207 διὰ
3265 5155 3362 5225 τῆς
3427 5158 3506 5219 εἰς
3572 5155 3715 5209 ἅπαν
3789 5157 3980 5225 εὖαρε·

2416 5247 2663 5316 στήσεως
2687 5244 2875 5298 αὑτοῦ.
2936 5246 3130 5299 Ἔσται
3164 5244 3221 5297 δὲ
3267 5245 3455 5323 τοῦτο,
3494 5246 3590 5299 ἐὰν
3635 5246 3711 5315 μὴ
3768 5246 3980 5301 [8:060:3-

2416 5336 2544 5399 ).m;,
2602 5336 2736 5389 ἀλλά
2794 5336 3151 5401 κοινοϐιακῶς
3180 5336 3381 5407 ζήσητε
3409 5354 3423 5367 ο
3471 5336 3715 5407 δηλονότι
3767 5338 3977 5409 ἔχοντες

2414 5425 2507 5477 τὸν
2567 5424 2799 5492 ἀδελφὺν
2868 5424 3106 5495 Ἐφραῖμ
3177 5425 3719 5495 προκαῦηγούμενον,
3800 5427 3977 5489 καθὼς

2417 5517 2668 5579 κάκεῖνος
2724 5516 2897 5581 εἴασε,
2957 5519 3053 5569 καὶ
3106 5518 3265 5587 ἡμεῖς
3323 5517 3775 5589 συνευδοκοῦμεν,
3823 5520 3914 5572 καὶ
3947 5521 3975 5571 ὁ

2418 5605 2608 5675 χρόνος
2662 5607 2756 5659 καὶ
2802 5608 2829 5659 6
2866 5605 3067 5677 τρόπος
3123 5606 3403 5676 ἀπαιτοίη.
3464 5608 3748 5662 Ἔστωσαν
3805 5611 3972 5661 πάντα

2418 5689 2593 5765 κοῖνα,
2627 5696 2687 5751 τὸ
2721 5696 2857 5768 ἐμὸν
2883 5698 2977 5752 καὶ
3006 5696 3099 5751 σὺν
3127 5695 3457 5769 ὲξοριζὲσθω
3477 5716 3490 5732 ο
3529 5700 3564 5770 ή
3594 5699 3781 5769 ἀγάπη
3806 5692 3968 5771 χὶιρα-
