4156 6530
238 457 380 525 1433

1432 465 1977 529 EPISTOLARUM
2040 466 2188 526 LIB.
2230 466 2312 525 Il.

3354 469 3494 534 1434

226 580 637 652 προσεύχεσθαι
677 598 744 634 πε
754 582 809 653 pl.
834 582 994 653 ἡμῶν
1018 582 1128 635 τῶν
1153 583 1499 653 ἁμαρτωλῶν
1531 583 1809 654 παρακλήο

1913 591 1972 636 ιιι
2002 597 2125 652 qua:
2153 583 2417 638 docemus
2460 598 2577 649 ore,
2606 597 2669 637 ea
2698 598 2865 654 opere
2891 585 3154 656 perficere
3183 588 3496 658 conspicia-

227 672 355 744 θητι
388 690 403 705 θ
440 674 527 726 ἵνα
555 668 630 728 ὧν
653 673 829 742 λόγων
858 674 1026 745 ἐσμὲν
1054 675 1386 733 διδάσκαλοι,
1419 675 1627 729 τούτων
1657 678 1810 747 ὲνερ-
1840 710 1841 713 η

224 769 346 834 γεῖς
377 766 636 839 ὀφθῶμεν
686 768 1002 839 πράκτορες
1026 783 1042 796 ’
1080 768 1174 821 καὶ
1218 767 1484 838 σωθῶμεν
1536 769 1636 821 σὺν
1677 769 1810 839 ὑμῖν

224 862 287 912 ἐν
313 864 381 932 τῇ
420 860 677 932 βασιλείᾳ
700 860 812 914 τῶν
835 859 1109 930 οὐρανῶν.

508 995 657 1052 ΡΛΕ¹
677 996 810 1068 (26).
839 1027 906 1037 -
937 994 1340 1065 Κατηχητική.
1376 993 1565 1069 [χι.,α’.]

1915 689 2061 741 mur,
2088 688 2153 729 ac
2185 673 2321 729 salvi
2350 672 2631 729 vobiscum
2663 675 2839 730 simus
2859 676 2915 731 in
2946 691 3119 749 regno
3147 678 3414 735 calorum

2337 993 2601 1051 CXXXV.
2619 1027 2689 1038 —
2717 994 3070 1055 Catecltetica.

1008 1108 1218 1159 Pietatis
1251 1109 1544 1159 documenta
1576 1110 1725 1161 tradit
1750 1111 1800 1161 in
1822 1120 2063 1163 sacratum
2086 1112 2481 1176 Quadragesimaa
2504 1120 2718 1175 tempus.

301 1218 425 1271 Ὀτι
450 1216 791 1288 ἐπεζήτησεν
831 1216 865 1287 ἡ
907 1217 1163 1286 τιμιότης
1210 1232 1306 1269 σου
1333 1215 1494 1286 λόγον
1520 1218 1803 1283 νουθεσίας

224 1311 379 1382 παρά
406 1310 506 1379 τῆς
546 1307 936 1369 ταπεινώσεως
985 1306 1141 1377 ἡμῶν
1167 1325 1181 1339 ο
1213 1308 1310 1360 καὶ
1354 1310 1383 1360 ό
1433 1308 1591 1376 λόγος
1649 1310 1807 1380 ἡμῶν

224 1400 674 1471 ἐξουθενημένος,
700 1402 792 1454 καὶ
839 1403 867 1454 ό
896 1400 1008 1471 βίος
1039 1401 1197 1473 ἡμῶν
1222 1402 1590 1473 ἠμελημένος.
1619 1404 1809 1474 Ὅμως

220 1500 307 1551 ὅτι
350 1497 567 1569 ἐρῶμεν
614 1498 712 1564 τῆς
774 1498 1050 1567 σωτηρίας
1091 1514 1186 1549 σου
1214 1537 1229 1561 ,
1284 1497 1473 1550 καθότι
1523 1499 1619 1550 καὶ
1666 1514 1807 1567 παρ-

224 1588 377 1651 θένος
427 1583 478 1639 εἷ
526 1586 713 1657 νύμφη
782 1586 1063 1660 Χριστοῦ,
1126 1587 1409 1658 κειμήλιον
1465 1589 1754 1659 ἁγιότητος
1787 1629 1803 1654 ,

226 1682 322 1735 καὶ
370 1679 551 1744 καθὼς
603 1682 670 1733 ἐκ
721 1680 1100 1749 πεποιθήσεως
1152 1679 1431 1749 ἐπιζητεῖς
1487 1681 1646 1749 ἡμῶν
1699 1682 1799 1750 τὴν

223 1772 541 1828 νουθεσίαν·
566 1772 849 1841 ἐπιζητεῖς
888 1772 947 1825 δὲ
999 1771 1168 1841 αὐτὴν
1210 1772 1301 1824 διὰ
1323 1771 1421 1841 τὴν
1457 1772 1551 1824 ἐπὶ
1603 1771 1800 1841 θύραις

223 1863 601 1932 ἐσισταμένην
674 1862 835 1930 ἁγίαν
888 1861 1340 1932 τεσσαρακοστήν
1371 1876 1384 1890 ⁸
1430 1863 1524 1913 καὶ
1572 1863 1606 1931 ἡ
1666 1861 1803 1931 ἀλη-

225 1956 350 2024 θινὴ
413 1954 684 2025 παρθένος
727 1954 966 2025 Χριστοῦ
1019 1954 1118 2005 οὐκ
1167 1954 1226 2005 ἐν
1297 1952 1538 2023 ἡμέραις
1590 1954 1805 2023 ἀφωρι-

1981 1220 2139 1286 Quod
2169 1220 2477 1273 reverentia
2513 1228 2601 1272 tua
2631 1233 2941 1272 sermonem
2994 1216 3397 1272 adhortationis
3424 1221 3494 1272 ab

1912 1310 2227 1365 humilitate
2250 1318 2434 1364 nostra
2465 1308 2761 1379 ﬂagitavit-
2821 1324 2922 1363 nec
2974 1324 3157 1364 sermo
3188 1319 3377 1364 noster
3403 1310 3491 1364 ul—

1914 1401 2024 1455 lius
2054 1402 2209 1471 pretii
2234 1411 2335 1462 est,
2366 1409 2419 1455 et
2442 1400 2551 1453 vita
2580 1399 2952 1468 despicabilis.
2992 1398 3264 1465 Quoniam
3308 1409 3491 1455 tamen

1912 1494 2231 1549 salutistuze
2261 1493 2545 1563 percupidi
2574 1509 2789 1558 sumus,
2819 1502 3107 1562 propterea
3138 1494 3283 1562 quod
3309 1504 3363 1548 et
3393 1494 3495 1547 vir-

1912 1602 1980 1656 go
2002 1602 2061 1640 es
2080 1585 2281 1640 Christi
2314 1601 2537 1655 sponsa,
2562 1587 2838 1654 specimen
2868 1586 3202 1651 sanctitatis,
3234 1601 3299 1639 ac
3327 1586 3493 1640 veluti

1905 1694 1974 1733 ex
2030 1679 2229 1734 liducia
2261 1689 2507 1731 nostram
2550 1678 2835 1731 desideras
2888 1677 3374 1731 adhortationem:
3414 1676 3495 1731 id-

1906 1774 2057 1827 circo
2137 1786 2318 1827 autem
2391 1771 2669 1827 desideras
2736 1773 2882 1841 quod
2955 1773 3122 1827 veluti
3188 1788 3288 1843 pro
3352 1774 3492 1828 fort-

1908 1866 2013 1919 bns
2052 1874 2196 1920 astat
2252 1876 2442 1919 sancta
2476 1864 2907 1933 Quadragesima
2942 1904 2958 1928 ,
3001 1881 3065 1919 ac
3106 1880 3236 1920 vera
3268 1867 3492 1937 quidem

1911 1956 2117 2011 Christi
2170 1955 2325 2026 virgo
2378 1973 2484 2009 non
2549 1958 2713 2011 certis
2769 1972 2832 2011 ac
2864 1956 3104 2011 deﬁnitis
3149 1957 3364 2022 diebus,
3396 1960 3492 2015 sed

226 2046 479 2116 σμέναις,
503 2044 617 2098 ἀλλ’
654 2046 711 2097 ἐν
740 2043 904 2097 παντὶ
936 2041 1133 2113 καιρῷ,
1170 2041 1266 2094 καὶ
1296 2044 1353 2094 ὲν
1385 2043 1594 2113 ἑκάστῃ
1624 2044 1806 2114 ἡμέρᾳ.

1910 2051 2061 2103 οηιηί
2090 2060 2337 2119 tempore
2358 2058 2412 2104 et
2439 2050 2685 2119 quolibet
2707 2050 2795 2104 die
2828 2050 3063 2104 sollicita
3093 2059 3177 2106 est
3214 2054 3494 2120 quomodo

225 2140 381 2208 ζητεῖ
397 2137 512 2200 πῶς
541 2136 819 2208 ἀρέσειτῷ
847 2136 1035 2205 Κυρίῳ
1058 2135 1153 2187 καὶ
1172 2134 1411 2206 Νυμφίῳ
1434 2136 1623 2204 αὐτῆς.
1652 2135 1807 2205 Ἔχει

224 2234 285 2286 δὲ
317 2251 372 2285 τι
423 2233 642 2295 πάντως
687 2233 836 2285 καὶὸ
886 2229 995 2283 τῶν
1056 2229 1320 2299 νηστειῶν
1370 2229 1561 2298 χρόνος
1608 2228 1807 2297 ἰδίωμα

228 2320 465 2397 σπουδῆς
511 2326 768 2395 ἐναρέτου
811 2323 947 2393 πρὸς
978 2323 1067 2376 τὸν
1090 2324 1211 2377 ὅλον
1252 2323 1501 2375 ἐνιαυτόν
1535 2339 1548 2352 ·
1576 2338 1803 2391 τοιγαρο

226 2421 342 2483 οὖν,
367 2413 412 2472 ὧ
434 2418 763 2489 τιμιωτάτη,
793 2416 884 2469 τὸν
917 2417 1123 2487 συνήθη
1178 2433 1272 2470 σου
1321 2416 1525 2469 κανόνα
1558 2416 1659 2485 τῆς
1709 2417 1807 2468 ἀσ-

226 2513 447 2584 κήσεως
471 2512 715 2580 ἐνεργεῖν
745 2510 841 2562 καὶ
863 2508 988 2579 ἄρτι
1021 2508 1408 2580 προθυμήθητι
1445 2524 1458 2537 ·
1493 2509 1555 2561 οὐ
1580 2510 1690 2578 γὰρ
1714 2508 1808 2561 δυ-

224 2605 443 2675 νάμεθα
483 2602 757 2672 όροθετεῖν
783 2602 941 2657 τοῦτο
969 2603 1211 2668 κάκεῖνο,
1244 2603 1276 2672 ἦ
1312 2603 1417 2668 σοὶ,
1452 2602 1630 2673 ἦταίς
1665 2601 1806 2672 μετά

230 2698 330 2753 σοῦ
357 2696 846 2767 συνασκουμέναις,
876 2698 963 2750 διὰ
995 2697 1055 2749 τὸ
1081 2700 1248 2767 μήπω
1284 2696 1483 2748 εἰδέναι
1528 2696 1629 2767 τὴν
1653 2696 1807 2760 τάξιν

226 2794 323 2846 καὶ
345 2790 445 2860 τὴν
464 2790 685 2859 ἀγωγὴν
715 2788 895 2859 ὑμῶν.
921 2782 1015 2852 Εἷς
1044 2788 1102 2842 δέ
1131 2791 1256 2859 ὅρος
1284 2788 1377 2839 καὶ
1396 2787 1576 2841 κανὼν
1607 2805 1806 2841 κοινω-

227 2882 396 2951 φελὴς
417 2884 552 2935 πᾶσι
587 2880 1089 2951 κεχρεωστημένος,
1119 2880 1215 2933 καὶ
1248 2880 1488 2948 μάλιστα
1526 2880 1639 2943 τοῖς
1699 2879 1799 2931 ἀν-

224 2976 527 3051 ῃρημένοις
588 2975 650 3026 τὸ
684 2974 976 3043 μοναχικὸν
1006 2974 1355 3043 ὲπάῃγελμα,
1383 2973 1444 3026 τὸ
1484 2972 1650 3043 μηδὲν
1700 2971 1805 3038 ἔξω

226 3069 339 3123 τῶν
389 3065 979 3137 ἀπαρεσκόντωνπθεῷ
1013 3066 1277 3135 πράττειν
1325 3067 1495 3136 ἡμᾶς,
1549 3066 1687 3119 ἀλλ’
1736 3065 1807 3117 ἐν

227 3163 394 3231 φόϐῳ
426 3161 523 3213 κα)
574 3160 771 3229 τρόμῳ
807 3160 923 3226 τὴν
952 3160 1254 3226 σωτηρίαν
1297 3158 1468 3226 ἡμῶν
1518 3158 1805 3229 κατεργά-

228 3256 467 3317 ζεσθαιο
504 3253 599 3305 καὶ
644 3255 754 3323 γὰρ
782 3252 1006 3322 νηστεία
1028 3250 1254 3321 ἀληθὴς,
1290 3252 1323 3320 ἡ
1380 3251 1583 3314 παντὸς
1632 3249 1802 3303 κακοῦ
1841 3238 1853 3255 ’

230 3346 436 3416 ἁποχή.
487 3343 894 3415 Νηστεύσωμεν
959 3340 1177 3410 πρῶτον
1230 3340 1329 3409 μὲν
1391 3341 1500 3394 ἀπὸ
1559 3339 1653 3392 τοῦ
1726 3339 1801 3408 μὴ

1912 2142 2124 2212 placeat
2149 2141 2379 2197 Domino
2406 2157 2470 2197 ac
2500 2142 2717 2211 Sponso
2750 2158 2869 2197 suo.
2902 2143 3075 2198 Habet
3134 2153 3316 2199 tamen
3368 2161 3489 2199 om-

1913 2235 2048 2289 nino
2067 2235 2404 2304 jejuniorum
2438 2241 2652 2303 tempus
2680 2234 3010 2303 peculiarem
3039 2235 3146 2289 vim
3170 2238 3489 2305 quamdam,

1911 2338 1975 2383 ut
2008 2330 2249 2383 studium
2274 2336 2437 2383 acuat
2454 2329 2804 2397 capessendae
2822 2344 2915 2398 per
2944 2336 3115 2382 totum
3143 2343 3351 2382 annum
3379 2330 3494 2384 vir-

1912 2423 2065 2478 tutis.
2098 2421 2485 2487 Quamobrem,
2508 2435 2542 2475 o
2578 2421 3059 2485 reverendissima,
3090 2421 3159 2476 da
3192 2422 3336 2477 ultro
3359 2437 3490 2492 ope-

1911 2527 2029 2566 ram
2064 2522 2123 2566 ut
2153 2522 2474 2567 consuetam
2520 2512 2617 2567 tibi
2655 2512 2706 2565 in
2738 2512 3077 2567 monasterio
3102 2512 3320 2567 vivendi
3354 2529 3487 2569 nor-

1912 2619 2057 2658 mam
2088 2621 2232 2660 nunc
2260 2620 2481 2675 quoque
2517 2614 2705 2660 teneas
2746 2622 2759 2659 :
2794 2619 2972 2674 neque
2998 2605 3144 2659 enim
3187 2621 3486 2674 possumus

1912 2694 2019 2748 hoe
2049 2695 2130 2751 vel
2155 2694 2288 2748 illud
2321 2695 2572 2759 delinire,
2603 2709 2699 2750 seu
2725 2695 2849 2758 tibi,
2876 2710 2973 2751 seu
3009 2696 3236 2766 reliquis
3267 2714 3392 2767 quae
3412 2707 3492 2753 te-

1909 2802 2032 2841 cum
2068 2796 2414 2853 exercentur,
2462 2787 2609 2857 quod
2643 2797 2823 2842 vestra
2858 2788 2994 2842 mihi
3026 2789 3216 2845 minus
3271 2791 3344 2845 sit
3394 2807 3488 2846 co-

1908 2879 2059 2948 gnita
2090 2879 2216 2933 vitae
2248 2879 2545 2935 institutio.
2581 2878 2696 2935 Una
2727 2896 2857 2936 vero
2902 2881 3012 2947 lex,
3039 2884 3224 2954 regula
3255 2900 3362 2940 una
3405 2895 3491 2940 est

1908 2986 2072 3040 quam
2108 2986 2208 3041 par
2261 2983 2345 3026 est
2375 2974 2635 3028 omnibus
2686 2989 2809 3029 esse
2844 2989 3215 3042 communem,
3246 2978 3341 3032 sed
3374 2993 3493 3033 ma-

1908 3064 2055 3117 xime
2092 3064 2160 3118 iis
2190 3064 2285 3134 qui
2345 3067 2711 3121 monasticum
2742 3068 2865 3122 vitm
2894 3068 3201 3123 institutum
3236 3069 3491 3138 proﬁten-

1908 3165 1997 3209 tur
2024 3172 2039 3222 ;
2073 3156 2210 3209 nihil
2239 3164 2297 3211 ut
2332 3158 2576 3213 exterius
2604 3172 2830 3227 agamus
2864 3173 3055 3212 eorum
3083 3174 3206 3228 quae
3242 3159 3350 3215 Deo
3382 3161 3491 3215 mi-

1907 3263 2015 3303 nus
2050 3249 2270 3316 placent
2300 3266 2314 3302 :
2343 3249 2434 3302 sed
2479 3250 2535 3302 in
2572 3250 2759 3304 timore
2785 3266 2847 3304 ac
2876 3261 3102 3306 tremore
3125 3252 3358 3307 salutent
3397 3272 3492 3308 no-

1907 3349 2075 3391 stram
2098 3356 2371 3407 operentur
2391 3341 2488 3395 ‘3‘.
2510 3340 2711 3396 Verum
2744 3345 2889 3398 enim
2918 3333 3186 3413 jejunium
3204 3389 3217 3410 ,
3246 3347 3314 3400 ab
3340 3349 3490 3403 omni

229 3437 620 3503 είσοικίζεσθαι
654 3438 780 3501 τοὺς
808 3435 1077 3507 πονηροὺς
1114 3434 1407 3503 λογισμοὺς
1423 3437 1479 3485 ἐν
1496 3436 1562 3504 τῇ
1583 3432 1803 3503 καρδίᾳ,

1913 3432 2056 3484 malo
2087 3431 2418 3487 abstinentia
2440 3443 2543 3489 est.
2571 3433 2660 3489 Sic
2684 3435 2852 3505 igitur
2883 3438 3116 3505 primum
3153 3437 3488 3507 jejunemus,

230 3530 528 3587 κάντεῦθεν
556 3528 896 3585 ἀνάπτεσθαι
935 3530 1015 3590 εἰς
1037 3525 1337 3595 ἐπιθυμίας
1361 3526 1648 3589 ἐκτόπους.
1691 3524 1805 3577 Μία

228 3628 339 3697 γὰρ
361 3623 627 3691 ἐπιθυμία
662 3622 757 3675 καὶ
788 3615 868 3684 εἷς
890 3620 1032 3690 ἔρως
1064 3616 1341 3686 ἀληθινὸς,
1369 3618 1397 3670 ό
1422 3617 1623 3688 Κύριος
1650 3616 1806 3686 ἡμῶν

241 3721 452 3787 Ἰησοῦς
497 3715 754 3788 Χριστὸς,
781 3716 809 3767 ό
844 3713 1008 3775 καλὸς
1049 3710 1141 3763 καὶ
1165 3710 1368 3779 ὡραῖος
1417 3709 1670 3779 Νυμφίος
1694 3724 1708 3737 ·
1744 3700 1805 3761 οὗ

230 3814 263 3881 ἡ
307 3810 571 3880 ἐφιεμὲνη
616 3806 674 3873 ἐξ
740 3805 1034 3875 ὁλοκλήρου
1082 3801 1252 3871 ψυχὴ,
1294 3802 1445 3870 μισεῖ
1485 3801 1664 3870 σάρκα
1709 3799 1805 3853 καὶ

230 3901 369 3974 αἷμα
397 3943 413 3967 ,
448 3902 542 3956 καὶ
588 3902 767 3953 πάντα
794 3898 863 3951 τὰ
889 3897 987 3964 τῆς
1014 3894 1221 3965 φθορᾶς
1253 3893 1551 3962 ἰνδάλματα
1580 3911 1594 3926 ·
1626 3893 1714 3945 ἀεὶ
1748 3892 1806 3944 δὲ

233 3996 584 4070 πτερουμένη
629 3994 709 4064 τῷ
764 3995 894 4064 περὶ
951 3988 1116 4045 αὑτὸν
1173 3987 1366 4057 πόθῳ,
1398 3985 1805 4056 ἀποστρέφεται

235 4091 425 4163 σχεδὸν
448 4092 641 4153 εἰπεῖν,
672 4086 768 4140 καὶ
788 4085 952 4138 αὑτὸν
980 4079 1255 4152 τὸνῆλιον
1288 4081 1423 4151 όρᾷν
1448 4095 1463 4111 ’
1493 4078 1588 4131 καὶ
1613 4076 1807 4146 σφαδά-

232 4186 317 4250 ζει
358 4183 453 4237 καὶ
498 4180 592 4233 τοῦ
629 4178 881 4248 σώματος
907 4175 1152 4244 ἐκϐῆναι,
1187 4173 1279 4225 καὶ
1312 4172 1449 4241 πρὸς
1475 4172 1569 4224 τὸν
1606 4168 1806 4222 ποθού-

235 4289 399 4348 μενον
446 4271 699 4341 γενέσθαι
728 4288 742 4301 ’
770 4271 907 4338 ὅπερ
953 4266 1071 4319 ἐστὶ
1122 4268 1185 4318 τὸ
1230 4263 1534 4334 ἀκρότατον
1578 4260 1806 4333 ὀρεκτὸν

231 4374 348 4432 τοῖς
384 4368 547 4436 λόγου
584 4362 952 4435 μετειληφόσι.
990 4358 1394 4430 Νηστεύσωμεν
1417 4355 1482 4421 δὴ
1523 4355 1666 4409 κατά
1693 4352 1809 4406 δεύ-

230 4477 393 4531 τερον
420 4459 602 4528 λόγον,
637 4455 731 4508 καὶ
778 4453 889 4507 ἀπὸ
921 4452 1231 4522 βρωμάτων
1266 4447 1568 4515 ποσότητός
1617 4462 1675 4499 τε
1713 4444 1807 4497 καὶ

234 4553 523 4623 ποιότητος
547 4565 561 4580 ·
590 4549 683 4601 καὶ
716 4545 993 4607 τοσοῦτον,
1020 4542 1218 4596 ὁπόσον
1245 4544 1279 4613 ἠ
1318 4540 1551 4610 δύναμις
1580 4539 1674 4592 τοῦ
1703 4538 1807 4591 σώ-

238 4661 409 4719 ματος
458 4642 614 4713 φέρει
645 4657 659 4671 ·
692 4638 828 4708 φησὶ
870 4636 980 4706 γὰρ
1024 4638 1053 4689 ό
1105 4632 1429 4695 Ἀπόστολος
1457 4647 1471 4663 ·
1506 4633 1808 4696 Ἕκαστος

234 4738 431 4803 καθὼς
477 4731 837 4802 προαιρεῖται
882 4727 956 4796 τῇ
985 4726 1200 4795 καρδίᾳ
1225 4769 1239 4789 ,
1269 4725 1354 4795 μὴ
1398 4725 1466 4777 ἐκ
1502 4724 1725 4790 λύπης,
1766 4723 1804 4789 ἢ

234 4831 304 4894 ἐξ
350 4825 619 4895 ἀνάγκης
648 4840 662 4854 ο
696 4820 762 4875 τὸ
808 4819 1018 4889 ἱλαρὸν
1053 4819 1163 4887 τὰρ
1194 4814 1396 4887 ἀγαπᾷ
1429 4816 1461 4868 ό
1490 4815 1635 4880 Θεός
1668 4830 1684 4844 ·
1714 4814 1809 4865 καὶ

234 4919 298 4973 τὸ
319 4916 463 4971 κατὰ
493 4913 745 4983 δύναμιν.
781 4910 955 4963 Τοῦτο
994 4908 1051 4962 δὲ
1080 4908 1172 4961 ἐπὶ
1198 4906 1294 4961 συῦ
1327 4907 1424 4977 τῆς
1457 4903 1809 4975 καθηγουμέο

237 5030 337 5087 νης
368 5007 835 5082 κυριολεκτεῖσθαι
869 5004 1093 5058 δύναται
1128 5020 1141 5034 ο
1176 5003 1270 5055 ἐπὶ
1292 5002 1348 5055 δὲ
1385 5002 1485 5071 τῆς
1510 4998 1809 5069 ἀδελφότη-

235 5125 329 5171 τος
376 5106 475 5159 οὐκ
522 5102 635 5174 ἔχει
664 5100 895 5169 δύναμιν
928 5115 943 5129 ο
978 5097 1068 5151 διὰ
1114 5098 1178 5149 τὸ
1227 5094 1368 5148 κατὰ
1420 5096 1518 5165 τὴν
1555 5093 1663 5147 ὑπὸ
1712 5089 1808 5144 σοῦ

237 5194 530 5265 δεδομένην
574 5189 819 5254 διάταξιν
846 5189 940 5243 καὶ
979 5188 1179 5241 ἐσθίειν
1210 5187 1305 5239 καὶ
1338 5186 1535 5248 πίνειν,
1572 5186 1666 5238 καὶ
1712 5182 1811 5253 τὴν

239 5281 407 5349 ἀλλην
473 5277 698 5348 ἀγωγὴν
761 5273 903 5330 εἶναι
957 5277 1041 5345 ἐφ’
1114 5270 1369 5345 ἑκάστης,
1426 5274 1565 5327 ὥστε
1596 5273 1808 5343 διακρι-

237 5370 394 5424 τικοῦ
426 5369 672 5439 ὅμματὸς
707 5359 789 5421 σοὶ
810 5367 969 5437 χρεία
1000 5366 1391 5437 προσηκόντως
1419 5365 1485 5417 τὰ
1507 5363 1811 5426 κατάὑτάς

240 5462 585 5531 ἐπιθεωρεῖν.
614 5460 822 5523 Κοινῶς
864 5459 920 5513 δὲ
965 5462 1058 5513 ἐπὶ
1090 5460 1244 5521 πᾶσι,
1268 5462 1328 5509 τὸ
1365 5457 1665 5528 ἀπέχεσθαι
1711 5472 1814 5531 μα-

241 5552 551 5622 ταιολογίας
595 5552 831 5624 ἀκαίρου
860 5593 876 5620 ,
932 5551 1233 5623 βασκανίας
1295 5550 1500 5605 ἀτόπου
1536 5589 1552 5617 ,
1615 5548 1814 5619 ἀργίας

322 5740 401 5773 ’⁸⁸
437 5736 677 5808 Philipp.
713 5752 773 5802 ll,
813 5735 901 5791 l8.
984 5735 1028 5768 ι’
1061 5732 1106 5791 li
1123 5733 1253 5791 Cor.
1271 5734 1426 5804 ,tx,7.

1911 3531 2064 3577 utne
2099 3540 2297 3593 pravas
2331 3526 2699 3598 cogitationes
2734 3528 2921 3583 subire
2952 3529 3005 3582 in
3034 3529 3279 3583 animum
3312 3533 3492 3601 patia-

1910 3634 2055 3682 mur,
2089 3628 2255 3688 atque
2302 3620 2355 3673 in
2412 3621 2680 3676 scelerata
2711 3620 2911 3676 deinde
2941 3623 3208 3679 desideria
3264 3625 3496 3681 exarde-

1910 3726 2087 3765 scere.
2120 3709 2298 3765 Unum
2338 3713 2619 3767 enimvero
2674 3714 3005 3769 desiderium
3061 3726 3114 3770 et
3163 3732 3305 3772 unus
3336 3733 3493 3772 amor

1907 3818 2091 3864 verus.
2148 3803 2413 3859 Dominus
2464 3813 2652 3860 noster
2690 3806 2850 3862 Jesus
2881 3787 3181 3874 .Christus,
3241 3810 3517 3881 Sponsus

1908 3897 2160 3965 egregius
2192 3912 2255 3951 ac
2281 3897 2567 3966 speciosus
2607 3922 2618 3954 :
2652 3916 2815 3970 quem
2852 3917 2975 3972 qua:
3018 3904 3200 3960 anima
3262 3908 3493 3962 omnino

1908 3986 2207 4053 desiderat,
2268 4004 2488 4044 carnem
2558 3992 2674 4047 odit
2712 4003 2765 4047 et
2797 3996 3145 4065 sanguinem,
3194 4014 3493 4071 omnesque

1906 4095 2091 4134 rerum
2125 4083 2564 4151 corruptibilium
2592 4085 2861 4155 imagines
2898 4106 2911 4142 :
2942 4102 3161 4160 semper
3189 4100 3370 4146 autem
3425 4094 3494 4147 il-

1908 4169 2017 4226 lius
2049 4171 2325 4227 desiderio
2388 4174 2440 4229 in
2474 4175 2705 4229 sublime
2740 4178 2984 4245 evolans,
3041 4180 3289 4249 rcfugit,‘
3324 4197 3493 4254 prope

1906 4262 2163 4325 dixerim,
2220 4262 2307 4316 vel
2352 4263 2529 4333 ipsum
2561 4265 2760 4320 intueri
2791 4268 2960 4322 solem
3003 4272 3324 4341 :gestitque
3362 4284 3417 4330 et
3462 4292 3494 4328 ο

1907 4368 2137 4423 corpore
2164 4354 2337 4420 exire,
2372 4363 2578 4410 etcum
2620 4372 2686 4412 eo
2709 4372 2869 4427 quem
2903 4368 3051 4414 amat
3071 4360 3273 4417 versari
3311 4367 3489 4436 :quod

1908 4454 2071 4515 caput
2091 4461 2155 4500 ac
2186 4460 2404 4501 summa
2443 4456 2693 4527 votorum
2740 4459 2827 4506 est
2869 4451 2935 4507 iis
2972 4453 3064 4522 qui
3113 4452 3276 4510 Verbi
3324 4462 3491 4527 parti-

1906 4537 2057 4607 cipes
2082 4539 2362 4593 exstitere.
2398 4526 2781 4609 Jejunabimus
2826 4541 3016 4611 utique
3071 4526 3488 4615 secundoiloco,

1908 4638 2022 4685 tum
2058 4632 2360 4701 quantitate
2388 4632 2661 4699 ciborum,
2704 4643 2819 4686 tum
2848 4649 2878 4688 a
2905 4636 3189 4703 qualitate,
3215 4646 3269 4693 et
3297 4653 3492 4711 quate-

1842 4762 1885 4817 ο
1912 4739 2016 4779 nus
2046 4724 2265 4793 coporis
2298 4724 2442 4779 vires
2463 4724 2665 4780 ferunt.
2693 4727 2943 4782 Aitenim
2970 4727 3261 4798 Apostolus
3286 4732 3493 4788 :Unus-

1913 4816 2127 4884 quisque
2178 4825 2333 4883 prout
2354 4816 2716 4870 destinavitin
2747 4818 2903 4872 corde
2930 4836 3026 4873 suo
3050 4836 3069 4874 :
3096 4838 3199 4875 non
3229 4840 3294 4877 ex
3326 4829 3492 4881 tristi-

1915 4905 2011 4969 tia,
2066 4915 2162 4958 aut
2216 4921 2283 4960 ex
2331 4908 2687 4962 necessitate:
2732 4908 3060 4964 hilaritatem
3116 4893 3255 4979 enini
3316 4920 3492 4990 diligit

1914 4996 2056 5051 Deus
2078 4998 2122 5030 ¹⁹
2154 5016 2168 5052 :
2199 5008 2253 5053 et
2278 5013 2375 5068 pro
2410 5000 2623 5055 ratione
2648 5000 2866 5056 virium.
2890 5001 3004 5058 Hoc
3031 5021 3159 5060 vero
3194 5008 3248 5061 in
3278 5019 3348 5076 te,
3372 5026 3493 5080 qua:

1914 5091 2201 5160 przeposita
2240 5106 2322 5155 es,
2355 5091 2631 5158 designari
2669 5094 2925 5149 distincte
2969 5105 3183 5165 potest:
3227 5099 3279 5153 in
3337 5118 3492 5158 soro-

1916 5197 2037 5236 rum
2067 5191 2234 5244 cmtu,
2278 5198 2384 5235 non
2416 5191 2593 5251 potest
2626 5199 2640 5235 :
2668 5182 2813 5252 quod
2834 5198 2899 5238 ex
2932 5185 3129 5240 tradita
3149 5187 3245 5241 abs
3270 5198 3319 5242 te
3355 5191 3491 5260 lege,

1919 5283 1972 5325 et
2005 5271 2202 5326 edendi
2234 5282 2289 5326 et
2324 5271 2541 5325 bibendi
2576 5274 2793 5335 modus,
2830 5282 2885 5329 et
2919 5275 3127 5344 reliqua
3166 5276 3380 5331 vivendi
3412 5296 3493 5333 ra‘

1921 5366 1995 5421 tio
2025 5366 2365 5432 singularum
2396 5366 2632 5436 pendere
2662 5365 3261 5433 debeat.Quamobrem
3283 5372 3495 5441 perspi-

1920 5457 2035 5512 caci
2066 5456 2158 5511 tibi
2185 5457 2342 5512 oculo
2372 5466 2459 5513 est
2501 5472 2659 5527 opus,
2684 5466 2742 5511 ut
2775 5474 2897 5527 quae
2948 5460 3178 5529 singulis
3207 5460 3493 5531 expediant

1921 5548 2327 5620 contempleris.
2375 5549 2643 5607 Convenit
2676 5559 2860 5607 autem
2918 5567 2986 5607 ex
3023 5566 3180 5622 atquo
3209 5552 3493 5621 omnibus,

1751 5821 1981 5880 ΝΟΤΑΕ.

322 5930 434 6001 (26)
463 5929 519 5986 lu
545 5928 669 5987 cod.
702 5925 834 5997 Reg.
869 5923 967 5997 ρν⁹.
