4156 6476
721 409 857 474 1435
1901 408 1961 467 S.
2000 404 2294 467 THEODG

2432 402 2777 464 STUDIT/E
3815 404 3964 470 1436

718 520 1099 590 intempestiva
1127 520 1446 590 garrulitate
1476 520 1773 583 abstinere,
1825 519 2009 587 inepta
2056 514 2285 571 aemula-

2395 514 2683 585 περιέργου
2709 528 2725 543 “
2765 512 2969 583 μᾶλλον
2993 513 3093 583 μὲν
3107 507 3201 567 οὖν
3219 513 3449 584 ἡσυχίαν
3478 512 3635 583 ἄγειν
3664 512 3925 581 εὔκαιρον
3946 528 3964 543 ο

718 614 885 678 tione,
936 612 1115 667 inutili
1149 614 1264 665 otio
1297 630 1311 665 :
1348 627 1415 667 ac
1466 613 1647 681 potius
1699 610 2082 680 tempestivum
2114 608 2283 662 silen-

2395 609 2483 661 καὶ
2508 608 2668 675 λόγον
2693 604 3024 677 φθέγγεσθαι
3055 605 3245 659 δέοντα
3280 620 3294 635 ο
3327 607 3425 659 καὶ
3446 607 3664 675 ἀγαπᾷν
3696 608 3792 659 καί
3816 606 3969 675 στέρ-

720 707 853 757 Iium
887 719 1129 768 servare,
1170 704 1318 774 loqui
1367 714 1691 773 opportune,
1734 716 1918 756 amare
1946 700 2176 754 invicem
2220 714 2287 753 ac

2395 716 2508 768 γειν
2544 699 2780 769 ἀλλήλας
2812 698 2955 751 κατά
2988 696 3227 769 Κύριον·
3260 698 3357 751 καὶ
3391 698 3571 751 πάντα
3598 699 3759 751 κοινά
3792 697 3963 767 ἔχειν,

717 794 947 864 diligere
973 796 1277 851 secundum
1321 793 1621 849 Dominum
1650 812 1664 847 :
1698 804 1753 847 et
1804 793 2005 848 habere
2034 806 2285 847 commu-

2395 792 2484 845 καὶ
2505 790 2672 862 μηδὲν
2693 790 3150 860 ἀπο-τεταγμένως
3177 789 3372 843 ἴδιον...
3397 790 3599 844 Actaei
3622 793 3757 844 σελ.
3782 796 3855 845 α’.

716 888 805 942 nia
828 888 1034 953 omnia,
1064 898 1119 944 et
1148 890 1282 943 nihil
1310 888 1559 960 privatim
1592 886 1911 957 sepositum.

2055 981 2075 1051 (
2096 980 2246 1034 Deest
2276 980 2473 1049 pagina
2495 995 2622 1034 una.
2646 978 2666 1048 )

1016 1074 1301 1131 CXXXVI.
1326 1105 1393 1115 —
1421 1075 1690 1130 Theodoro
1731 1084 1981 1144 stratego.

2706 1068 2891 1137 PAG‘.
2915 1100 2984 1110 —
3014 1068 3287 1139 Θεοδώρῳ
3311 1068 3644 1140 στρατηγῷ.

1907 1167 2116 1229 Lapsum
2154 1163 2339 1216 excitat
2364 1167 2424 1215 ad
2447 1163 2811 1229 penitentiam.

937 1268 1265 1325 Contrarias
1320 1281 1571 1327 eventus.
1604 1270 1648 1326 Ο
1682 1272 2083 1326 calamitatem!
2127 1272 2289 1339 Que-

2471 1271 2747 1342 (27).......
2775 1268 2894 1325 οὖσι
2923 1271 2987 1324 τὸ
3026 1270 3265 1325 ἑναντίον
3284 1272 3677 1342 ἀπάντημα.Ὢ
3703 1273 3802 1341 τῆς
3826 1289 3967 1342 συμ-

717 1378 847 1418 nam
882 1364 985 1417 ista
1007 1373 1091 1417 est
1133 1363 1503 1419 involuntaria
1553 1365 1845 1419 abductio?
1903 1381 2155 1435 quaenam
2195 1382 2289 1435 per

2395 1364 2561 1435 φορᾶς
2583 1362 2696 1425 ιτες
2724 1362 2864 1432 αὕτη
2889 1364 2923 1432 ἠ
2948 1361 3199 1425 ἀκούσιος
3221 1364 3531 1431 ἀπαγωγῆς
3552 1359 3637 1425 τίς
3663 1361 3722 1414 δὲ
3742 1364 3775 1432 ἡ
3798 1365 3975 1429 ἀναγο

718 1455 828 1508 vim
869 1453 1019 1508 illata
1048 1454 1417 1523 participatio,
1449 1456 1727 1511 intentans
1773 1458 1955 1511 carnis
1983 1459 2287 1527 periculum

2395 1454 2627 1523 καστικὴ
2662 1451 2877 1523 μέθεξις
2906 1452 3279 1506 ὲπαπειλοῦσα
3331 1452 3426 1506 τὸν
3460 1452 3600 1504 κατά
3629 1452 3813 1523 σάρκα
3850 1454 3971 1505 κεν-

722 1547 773 1600 ei
810 1546 903 1615 qui
953 1546 1091 1599 nolit
1122 1546 1513 1602 heterodoxum
1563 1564 1756 1618 panem
1789 1550 2155 1619 participare?
2184 1549 2291 1605 Vo-

2395 1544 2546 1597 δυνον
2568 1545 2626 1596 ὲν
2652 1543 2730 1614 τῷ
2764 1546 2839 1614 μὴ
2884 1545 3266 1616 προαιρεῖσθαι
3302 1544 3549 1614 μεθέξειν
3574 1542 3669 1596 τοῦ
3716 1545 3971 1615 ἑτεροδό-

721 1637 1019 1691 lnntarium
1044 1638 1396 1703 sacriﬁcium,
1437 1655 1469 1694 ο
1515 1640 1969 1695 cliristianissima
2001 1642 2291 1711 cogitatio!

2395 1636 2484 1703 ξου
2514 1637 2681 1707 ἄρτου
2716 1655 2731 1704 ;
2764 1636 3142 1690 ἑκουσιόθυτον
3179 1653 3193 1668 ο
3251 1630 3296 1688 ὧ
3348 1633 3836 1705 χριστιανικὼτατε
3876 1634 3971 1686 λα)-⁵

720 1737 926 1792 corpus
961 1734 1017 1778 et
1046 1726 1272 1795 sanguis
1311 1726 1524 1781 Domini
1568 1730 1740 1782 nostri
1788 1728 1914 1785 Jesu
1944 1729 2169 1785 Christi.
2205 1731 2293 1786 Ait

2395 1728 2559 1797 γισμέ
2591 1744 2607 1760 ·
2644 1728 2702 1780 τὸ
2734 1728 2891 1797 σῶμα
2933 1728 3027 1781 καὶ
3051 1722 3191 1797 αἷμα
3223 1724 3320 1779 τοῦ
3352 1724 3560 1794 Κυρίου
3586 1724 3746 1793 ἡμῶν
3787 1723 3968 1793 Ἰησοῦ

719 1816 869 1870 enim
909 1830 1141 1887 magnus
1165 1818 1459 1887 Apostolus
1486 1820 1552 1873 de
1577 1836 1664 1885 eo,
1698 1823 1802 1887 Qui
1839 1839 1959 1875 cum
2000 1825 2053 1876 in
2120 1824 2293 1893 [arma

722 1907 824 1961 Dei
884 1918 1040 1974 esset,
1096 1926 1150 1963 se
1219 1926 1326 1963 non
1383 1912 1626 1979 rapinam
1689 1914 1981 1969 arbitratus
2046 1925 2123 1969 est
2186 1934 2295 1973 esse

721 2000 977 2069 «aqualem
1001 2000 1107 2053 Deo
1136 2017 1155 2057 :
1186 2000 1277 2054 sed
1322 2004 1655 2070 semetipsum
1700 2006 2007 2072 exinanivit,
2067 2007 2293 2073 formam

722 2093 856 2143 servi
891 2092 1170 2173 accipiens,
1195 2096 1251 2147 iu
1301 2095 1705 2150 similitudinem
1756 2098 2027 2152 hominum
2082 2099 2291 2168 factus,

722 2192 769 2235 et
800 2182 987 2235 habitu
1025 2185 1261 2239 inventus
1313 2196 1369 2238 ut
1406 2187 1579 2241 ltomo.
1613 2188 1926 2243 Humiliavit
1960 2194 2295 2259 semetipsum

724 2275 897 2340 {artus
950 2276 1188 2330 obediens
1223 2294 1383 2346 usque
1438 2279 1507 2331 ad
1555 2291 1793 2345 mortem,
1849 2293 2071 2336 mortem
2119 2294 2294 2336 autem

722 2367 897 2419 crucis
922 2367 1007 2421 ¹⁹·.
1043 2367 1310 2432 Quoniam
1375 2371 1537 2438 igitur
1570 2372 1933 2425 voluntarium
1966 2373 2295 2427 sacrilicium

724 2466 781 2510 et
808 2458 1116 2514 voluntarie
1143 2460 1330 2514 datum
1375 2461 1701 2527 volentibus,
1740 2478 1846 2515 non
1876 2473 2058 2518 autem
2110 2465 2297 2519 nolen-

727 2548 889 2603 tibus.
928 2548 1139 2603 Etcnim
1179 2548 1445 2606 Dominus
1480 2552 1595 2621 ipse
1635 2553 1687 2605 in
1717 2553 2024 2624 Evangeliis
2057 2557 2135 2610 ait
2173 2571 2299 2627 apo-

721 2639 881 2693 stolis
910 2656 925 2693 :
958 2638 1215 2710 Nunquid
1257 2652 1307 2696 et
1355 2658 1443 2696 vos
1479 2644 1639 2698 vultis
1672 2645 1817 2699 abire
1832 2647 1914 2700 ὀἳ
1951 2657 2171 2719 propter
2203 2665 2297 2705 eos

724 2730 819 2798 qui
845 2730 957 2798 jam
987 2731 1432 2788 diseasserantab
1451 2749 1537 2796 eo,
1560 2735 1653 2805 qui
1676 2736 1930 2807 discipuli
1955 2739 2293 2794 videbantur:

724 2830 780 2873 et
832 2823 1013 2891 magni
1067 2822 1213 2878 Petri
1263 2827 1552 2896 responsio
1592 2828 1906 2897 huiusmodi
1953 2846 1967 2883 :
2015 2830 2097 2882 Ad
2147 2848 2298 2901 quem

725 2909 918 2964 ibimus
943 2914 969 2967 ?
1007 2911 1172 2967 Verba
1202 2916 1327 2970 vita:
1366 2927 1579 2973 (sternte
1599 2920 1781 2973 habes.
1820 2922 1887 2975 Et
1928 2938 2019 2975 nos
2070 2924 2299 2977 credidi-

2394 1820 2651 1889 Χριστοῦ.
2680 1822 2817 1887 Φησὶ
2842 1820 2949 1890 γὰρ
2973 1822 3002 1873 ὁ
3027 1819 3200 1889 μέγας
3251 1816 3571 1879 ’Δπόστολος
3600 1815 3726 1879 περὶ
3758 1815 3929 1867 αὑτοῦ
3951 1830 3965 1842 ’

2400 1914 2505 1976 ’ος
2532 1911 2811 1980 ἑνμορφῇ
2838 1910 2986 1965 Θεοῦ
3002 1909 3287 1979 ὑπάρχων
3325 1910 3437 1976 οὐχ
3471 1906 3789 1975 ἁρπαγμὸν
3811 1907 3967 1975 ἡγή-

2394 2018 2544 2056 σατο
2601 2000 2752 2055 εἶναι
2814 2004 2920 2063 ισα
2977 2000 3098 2065 Θεῷ
3133 2015 3147 2031 ·
3202 2001 3341 2055 ἀλλ’
3395 2000 3615 2053 ἑαυτὸν
3662 2000 3930 2051 trees-were
3953 2041 3969 2060 ,

2390 2094 2633 2164 μορφὴν
2660 2094 2885 2148 δούλου
2923 2093 3125 2147 λαϐὼν
3173 2092 3243 2145 ἑν
3283 2091 3602 2161 ὁμοιώματι
3637 2090 3971 2157 ἀνθρώπων

2396 2190 2736 2254 γενόμενος,
2767 2185 2868 2237 καὶ
2900 2182 3167 2252 σχήματι
3202 2183 3469 2250 εὑρεθεὶς
3502 2183 3583 2247 ὠς
3605 2182 3920 2250 ἅνθρωπος
3951 2195 3967 2209 '

2395 2278 2797 2330 ἐταπείνωσεν
2840 2276 3077 2340 ἑαυτὸν,
3112 2277 3433 2343 γενόμενος
3480 2274 3751 2339 ὑπήκοος
3789 2273 3970 2342 μέχρι

2397 2367 2679 2431 θανάτου,
2710 2367 2970 2423 θανάτου
2986 2368 3055 2420 δὲ
3079 2366 3364 2435 σταυροῦ.
3414 2364 3568 2419 Ἐπεὶ
3596 2365 3690 2419 οὖν
3721 2368 3970 2419 ἑκουσιό·

2398 2459 2557 2512 θυτον
2614 2460 2707 2511 καὶ
2743 2452 3114 2513 ἑκουσιὸδοτον
3172 2462 3287 2523 τοῖς
3345 2458 3643 2525 ἐθέλουσιν,
3666 2459 3784 2511 ἀλλ’
3837 2460 3965 2527 οὐχὶ

2396 2553 2511 2614 τοῖς
2552 2550 2626 2621 μὴ
2675 2550 2937 2605 ἐθέλουσι.
2965 2553 3076 2605 Καὶ
3107 2553 3218 2623 γὰρ
3250 2552 3415 2614 αὐτὸς
3448 2553 3478 2604 ὁ
3503 2552 3711 2620 Κύριος
3762 2555 3821 2602 ἐν
3854 2555 3969 2611 τοῖς

2397 2641 2753 2709 Εύαγγελίοις
2784 2644 2920 2711 φησὶ
2966 2643 3103 2713 πρὸς
3140 2643 3267 2703 τοὺς
3305 2643 3639 2705 ἀποστόλους
3670 2657 3684 2670 ⁸
3720 2642 3819 2708 Μὴ
3865 2644 3967 2695 καὶ

2394 2732 2563 2801 ὑμεῖς
2585 2735 2789 2787 θέλετε
2835 2733 3166 2799 ἀπελθεῖν;
3198 2733 3290 2787 διὰ
3319 2734 3449 2796 τοὺς
3493 2734 3595 2803 ήδη
3629 2734 3968 2797 ἀπελθόντας

2396 2824 2491 2877 ἀπ’
2516 2823 2682 2876 αὐτοῦ
2707 2824 2813 2875 τῶν
2845 2824 3148 2878 δοκούντων
3174 2824 3469 2896 μαθητιᾷν.
3497 2826 3607 2879 Καὶ
3632 2828 3665 2895 ἡ
3689 2828 3841 2896 παρά
3871 2826 3967 2879 τοῦ

2401 2914 2637 2984 μεγάλου
2663 2914 2871 2985 Πέτρου
2895 2914 3189 2994 ἀπόκρισις
3214 2916 3392 2968 τοιάδε
3430 2930 3444 2943 ’
3468 2916 3626 2983 Πρὸς
3663 2918 3803 2969 τίνα
3853 2918 3969 2971 dx-

726 3018 867 3063 mus.
898 3014 949 3057 et
992 3007 1351 3075 cognovimus,
1380 3010 1505 3079 quia
1556 3019 1610 3063 tu
1633 3027 1686 3065 es
1719 3012 1959 3069 Christus
1992 3013 2167 3070 Filius
2200 3017 2294 3071 Dei

2397 3006 2810 3074 ελευσόμεθα;
2838 3005 3094 3073 Ῥήματα
3132 3002 3280 3073 ζωῆς
3318 3007 3560 3061 αἰωνίου
3614 3006 3799 3076 ἔχεις.
3855 3010 3965 3063 Καὶ

726 3094 1063 3153 viventis‘”.
1114 3097 1181 3153 Et
1242 3115 1435 3157 rursus
1478 3119 1707 3174 magnus
1741 3105 1932 3161 Petrus
1964 3109 2016 3161 in
2054 3107 2294 3179 Epistula

2398 3097 2570 3166 ἡμεῖς
2613 3098 3116 3165 πεπιστεύκαμεν,
3155 3098 3253 3151 καὶ
3293 3098 3559 3168 ἔγνωμεν
3596 3100 3685 3153 ὅτι
3729 3102 3813 3155 σὺ
3835 3099 3894 3155 εἶ
3932 3106 3968 3155 δ

728 3200 851 3252 sua,
895 3184 1205 3245 Voluntarie
1230 3208 1443 3261 pascere
1472 3204 1687 3267 Oportet
1717 3213 1819 3251 non
1854 3209 2030 3253 coacte
2056 3200 2122 3253 ἰ.

799 3446 1146 3518 Cognoscant
1184 3450 1411 3519 proinde
1444 3454 1539 3523 qui
1579 3455 1826 3510 nolentes
1870 3454 1918 3508 vi
1965 3456 2189 3510 trahunt
2226 3456 2294 3510 ad

732 3556 889 3596 suam
918 3544 1382 3609 communionem,
1413 3561 1471 3601 se
1492 3548 1730 3617 gentium
1762 3562 1911 3602 more
1937 3548 2039 3603 hoc
2069 3548 2250 3603 facere
2278 3568 2293 3604 :

732 3648 842 3687 non
892 3648 1095 3705 corpus
1152 3634 1357 3690 Christi
1407 3637 1554 3706 quod
1610 3647 1804 3706 sponte
1872 3638 2115 3691 oblatum
2167 3649 2293 3701 est,

729 3726 1098 3796 porrigentes,
1122 3728 1215 3782 sed
1245 3738 1461 3791 contra,
1481 3728 1627 3798 quod
1650 3729 1884 3784 victima:
1913 3730 2073 3785 idalis
2102 3730 2297 3785 oblatae

730 3817 968 3885 speciem
1014 3817 1233 3884 habeat,
1270 3828 1432 3889 prout
1464 3831 1714 3876 coactum
1754 3830 1841 3877 est
1880 3822 2207 3877 sacriﬁcium
2240 3824 2295 3877 in

731 3908 1089 3965 libationibus
1110 3910 1343 3965 daemoni
1373 3914 1614 3982 acceptis
1636 3929 1760 3983 qua:
1788 3914 1931 3983 apud
1966 3913 2114 3984 ipsos
2135 3917 2291 3969 liunt.

729 3996 799 4052 Et
823 4015 983 4056 verus
1012 4010 1095 4055 est
1134 4018 1336 4066 sermo,
1367 4013 1421 4058 et
1453 4006 1853 4059 demonstratio
1882 4008 2169 4075 perspicua
2197 4025 2210 4059 :
2239 4014 2294 4062 et

729 4105 893 4145 nemo
927 4092 1097 4145 audit.
1146 4093 1250 4147 Sed
1282 4093 1469 4157 Parce,
1498 4095 1735 4161 Domine,
1782 4112 1939 4165 parce
1969 4112 1988 4149 :
2018 4105 2068 4150 et
2106 4114 2168 4151 ne
2204 4104 2293 4154 des

728 4182 1087 4237 hereditatem
1140 4196 1290 4239 tuam
1332 4188 1388 4239 in
1422 4189 1759 4256 opprobrium
1792 4190 2081 4259 perfectum
2101 4192 2193 4255 ¹¹’,
2238 4201 2297 4246 ιιι

731 4273 932 4327 alicubi
980 4276 1059 4329 ait
1099 4275 1323 4346 quidam
1370 4293 1400 4333 e
1432 4280 1736 4349 prophetis.
1774 4280 1916 4347 Quid
1959 4297 2087 4336 vero
2136 4284 2294 4340 nobis

2398 3189 2652 3256 Χριστὸς
2674 3193 2708 3244 ό
2734 3190 2865 3256 Υἱὸς
2883 3190 2991 3245 τοῦ
3011 3189 3160 3244 Θεοῦ
3186 3190 3291 3243 τοῦ
3335 3190 3567 3257 ζῶντος.
3599 3194 3710 3245 Καὶ
3741 3195 3902 3247 πάλιν
3938 3198 3968 3248 ὀ

2402 3280 2573 3349 μέγας
2600 3281 2804 3351 Πέτρος
2848 3284 2907 3334 ὲν
2950 3284 3015 3352 τῇ
3060 3282 3240 3353 οἰκεία
3296 3281 3575 3353 ἐπιστολῇ,
3639 3282 3966 3349 Ἑκουσίως

2399 3372 2732 3439 ποιμαίνειν
2762 3372 2870 3435 δεῖ,
2906 3374 3044 3427 ἀλλ’
3075 3374 3188 3427 οὐκ
3220 3373 3698 3441 ἀνατιαστικῶς.

2468 3461 2761 3516 Γνώτωσαν
2789 3461 2882 3517 οὖν
2911 3465 3096 3518 λοιπὸν
3121 3465 3171 3517 οἱ
3202 3463 3499 3533 βιαστικῶς
3528 3466 3785 3527 ἕλκοντες
3826 3468 3966 3537 πρὸς

2396 3552 2498 3622 τὴν
2546 3552 2753 3606 ἑαυτῶν
2782 3555 3067 3607 κοινωνίαν
3088 3556 3216 3619 τοὺς
3247 3558 3323 3626 μὴ
3362 3556 3852 3627 προαιρουμένους.
3881 3558 3960 3621 ὡς

2396 3644 2745 3715 ἑλληνοειδῶς
2774 3644 2931 3699 τοῦτο
2956 3647 3286 3715 πράττουσιν
3308 3664 3324 3679 ’
3357 3649 3419 3702 ού
3444 3648 3604 3719 σῶμα
3625 3650 3863 3719 Χριστοῦ
3901 3652 3963 3704 τὸ

2396 3738 2709 3792 ἔθελόθυτον
2752 3738 3107 3808 παρέχοντες,
3138 3740 3273 3794 ἀλλά
3318 3743 3629 3796 τούναντίον
3678 3743 3961 3796 εἰδωλοθύ-

2394 3847 2488 3883 sou
2509 3830 2630 3900 ἔχον
2653 3830 2912 3899 ἔμφασιν,
2948 3831 3091 3883 κατά
3119 3832 3218 3899 τὴν
3248 3833 3506 3887 ἀκούσιον
3544 3834 3639 3888 τοῦ
3693 3833 3959 3903 θυομένου

2396 3924 2455 3975 ἐν
2482 3923 2601 3983 ταῖς
2621 3922 2741 3974 κατ’
2789 3920 2972 3975 αὐτῶν
3010 3920 3352 3991 φιλοδαίμοσι
3379 3925 3654 3988 σπονδαῖς.
3685 3926 3796 3978 Καὶ
3820 3926 3848 3976 ὀ
3873 3926 3960 3978 λὸο

2395 4030 2493 4081 γος
2534 4012 2765 4083 ἀληθὴς,
2797 4014 2891 4066 καὶ
2941 4013 3169 4084 ήδείξις
3210 4015 3465 4087 ἐναργὴς,
3520 4019 3617 4071 καὶ
3666 4020 3696 4071 ὁ
3747 4016 3958 4071 ἀκούων

2394 4106 2588 4169 οὐδείς.
2637 4106 2818 4168 Ἀλλὰ,
2842 4106 3068 4172 Φεῑσαι,
3090 4107 3287 4175 Κύριε,
3326 4108 3550 4177 φεῖσαι,
3580 4111 3679 4165 καὶ
3718 4109 3805 4180 μὴ
3843 4108 3959 4175 δῷς

2394 4198 2509 4266 τὴν
2533 4183 2936 4266 κληρονομίαν
2962 4212 3078 4252 σου
3108 4200 3199 4263 εἰς
3225 4198 3453 4266 ὄνειδος
3473 4201 3725 4265 τέλειον,
3759 4201 3835 4263 ὦς
3856 4200 3955 4252 πού

2394 4302 2478 4349 τις
2518 4285 2623 4354 ἔφη
2668 4286 2779 4339 τῶν
2833 4286 3154 4355 προφητῶν.
3180 4286 3244 4340 Τί
3302 4288 3360 4341 δὲ
3404 4290 3563 4359 ἡμεῖς
3610 4284 3958 4357 πάθωμεν,ὧ

730 4363 964 4428 eveniet,
990 4379 1023 4418 ο
1053 4365 1541 4435 desideratissime,
1571 4381 1625 4425 et
1656 4372 1725 4427 ab
1754 4374 2012 4430 omnibus
2044 4374 2294 4430 laudate?

2396 4375 2693 4446 τριπόθητε
2752 4376 2847 4428 καὶ
2902 4376 3257 4447 πανεύφημες
3289 4378 3581 4450 Εἰρήσεται
3618 4383 3748 4453 γὰρ,
3778 4383 3841 4436 Εἰ
3866 4382 3958 4434 καὶ

732 4454 956 4511 Dicetur
1004 4458 1149 4513 enim
1177 4460 1339 4516 nobis
1369 4480 1383 4516 :
1416 4461 1693 4533 Siquidem
1718 4469 1985 4537 asperius.
2018 4471 2295 4538 quomodo

730 4548 970 4602 amicitia
995 4550 1116 4604 est?
1146 4550 1419 4609 Cedamus
1459 4555 1639 4611 adhuc
1673 4560 1926 4629 tempori.
1953 4558 2297 4615 Reformida-

729 4639 912 4697 bimus
944 4650 1267 4710 potestatem
1302 4646 1590 4718 plusquam
1633 4650 1918 4706 honestum
1952 4652 2069 4707 est?
2107 4653 2171 4705 Et
2202 4652 2294 4707 ubi

730 4745 837 4784 vox
874 4730 1091 4789 Domini
1123 4752 1247 4806 qua:
1289 4738 1539 4795 liu'mines
1589 4741 1768 4796 timeri
1814 4751 1978 4808 vetat,
2015 4752 2071 4799 et
2101 4743 2295 4799 'statuit

731 4830 789 4875 ut
816 4826 997 4892 potius
1029 4828 1284 4883 timeatur
1322 4829 1463 4887 Deus
1491 4833 1661 4899 solus,
1698 4834 1753 4889 in
1780 4850 1891 4904 quo
1927 4836 2107 4891 omnis
2139 4846 2290 4905 pote-

730 4923 845 4968 stas
886 4922 941 4969 et
977 4917 1171 4984 virtus,
1199 4936 1306 4989 qua
1348 4932 1527 4992 potest
1565 4926 1809 4979 animum
1852 4935 1906 4981 et
1937 4941 2136 4997 corpus
2165 4944 2292 4998 pcr—

729 5004 859 5060 dere
889 5006 943 5060 in
971 5010 1276 5077 gehennam
1314 5014 1455 5084 ignis
1479 5015 1565 5069 "T
1607 5015 1721 5072 lleu
1759 5018 2010 5087 lapsum!
2057 5034 2090 5075 o
2121 5020 2293 5090 trepi-

730 5095 1037 5155 dationem!
1094 5103 1151 5156 in
1204 5105 1447 5174 qualibet
1506 5121 1764 5178 persons.
1820 5119 1876 5165 et
1932 5111 2171 5166 maxime
2234 5112 2289 5165 in

727 5187 1062 5247 Christiano.
1106 5193 1491 5253 Verumtamen
1542 5200 1648 5255 huc
1686 5203 1815 5256 ades
1848 5203 2067 5266 iterum,
2116 5204 2290 5259 amice

730 5293 795 5334 ac
828 5279 1051 5338 domine
1092 5286 1321 5355 optime,
1360 5288 1683 5354 excitemur,
1732 5292 2109 5360 pmnitentiam
2159 5306 2289 5361 aga-

728 5388 875 5429 mus.
906 5372 1079 5446 Prope
1107 5386 1186 5431 est
1216 5377 1473 5433 Dominus
1502 5381 1853 5449 querentibus
1883 5381 2037 5435 illum
2060 5383 2158 5449 ""‘,
2195 5398 2294 5437 nec

2396 4467 2749 4536 τραχύτερον,
2790 4466 2909 4528 πῶς
2950 4466 3104 4535 φιλία
3162 4469 3190 4520 ὁ
3217 4468 3412 4539 λόγος;
3451 4472 3833 4544 ἀπαχθιίημεν
3881 4476 3958 4544 τῷ

2395 4558 2571 4627 καιρῷ
2604 4558 2684 4611 έτι
2718 4573 2733 4588 ·
2765 4558 3150 4628 ύποπτήξομεν
3184 4560 3283 4630 τὴν
3306 4562 3559 4627 ὲξουσίαν
3590 4564 3756 4618 πλέον
3784 4566 3817 4636 ἢ
3849 4584 3950 4618 κα-

2394 4649 2501 4715 λῶς
2516 4650 2627 4721 εχει
2648 4667 2664 4716 ;
2684 4652 2779 4704 καὶ
2814 4650 2964 4721 ποῦή
2991 4653 3142 4722 φωνὴ
3170 4653 3264 4706 τοῦ
3292 4656 3498 4726 Κυρίου
3529 4657 3956 4726 ἀπαγορεύουσα

2392 4742 2485 4795 τὸν
2511 4742 2849 4813 ἀνθρώπινον
2879 4742 3064 4810 φόϐον,
3098 4744 3193 4796 καὶ
3232 4744 3435 4815 μᾶλλον
3475 4748 3841 4818 καθορξζουσα
3867 4748 3955 4801 τὸν

2394 4834 2528 4887 Θεὸν
2562 4834 2739 4905 μόνον,
2765 4828 2911 4904 ὲφίἶι
2936 4836 2970 4905 ἡ
2994 4836 3141 4889 πᾶσα
3162 4836 3401 4902 ἐξουσία,
3427 4836 3523 4892 καὶ
3546 4840 3581 4907 ἡ
3609 4839 3839 4909 δύναμις
3860 4839 3952 4892 τοῦ

2394 4927 2488 4978 καὶ
2518 4925 2696 4996 ψυχὴν
2720 4927 2813 4978 καὶ⁵
3070 4926 3329 4996 ἐμϐαλεῖν
3367 4930 3447 4991 εἰς
3488 4928 3715 4997 γέενναν
3750 4908 3950 4998 πυρόςς

2392 5018 2496 5072 Φεῦ
2551 5020 2649 5087 τῆς
2708 5016 3126 5087 συμπτώσεωςι
3181 5018 3369 5072 ’Δϐἀλε
3407 5020 3506 5090 τῆς
3564 5020 3946 5089 ὑποπτήξεωςε

2395 5111 2480 5178 ἐφ’
2517 5112 2623 5179 ὅτῳ
2656 5105 2749 5163 οὖν
2774 5108 3053 5181 προσώπῳ
3081 5109 3174 5162 καὶ
3205 5109 3441 5179 μάλιστά
3462 5125 3524 5174 γε
3549 5108 3947 5179 χριστιωνύμῳ.

2398 5203 2546 5271 Πλὴν
2577 5203 2726 5272 ὅμως
2753 5200 2914 5273 δεῦρο
2972 5200 3158 5265 πάλιν,
3184 5201 3306 5271 φίλε
3338 5201 3431 5254 καὶ
3462 5200 3619 5270 κύριε
3650 5199 3805 5263 καλὲ,
3829 5201 3951 5253 ἀνα-

2399 5292 2703 5362 κληθιῖῳεν,
2753 5293 3241 5365 μεταμεληθῶμεν.
3288 5290 3496 5361 Ἐγγύς
3561 5292 3778 5358 Κύριος
3832 5291 3963 5357 τοῖς,

2400 5383 2681 5451 ζητοῦσιν
2700 5385 2906 5449 αὐτὸν,
2962 5386 3055 5438 καὶ
3088 5385 3149 5438 οὐ
3189 5381 3433 5454 βούλεται
3483 5382 3582 5452 μὲν
3617 5382 3716 5451 τὴν
3743 5381 3947 5435 πτῶσιν

802 5508 879 5586 ξιξ
919 5508 1151 5586 Philipp.
1184 5514 1390 5586 nati-8.
1465 5517 1510 5549 ”
1549 5516 1708 5573 Joan.
1739 5534 1812 5584 vr,
1842 5518 1930 5576 68.
2010 5519 2089 5553 W‘
2126 5520 2260 5575 ibid.
2292 5535 2294 5560 ι

2456 5521 2499 5553 ¹¹
2542 5520 2563 5575 l
2593 5520 2736 5577 Pctr.
2776 5536 2827 5586 v,
2858 5521 2915 5577 2.
2991 5522 3068 5555 W‘
3102 5520 3218 5577 Joel
3250 5536 3311 5585 tt,
3344 5519 3432 5574 17.
3509 5519 3554 5552 ¹¹
3599 5517 3734 5574 Luc.
3765 5534 3860 5582 xu,
3894 5517 3944 5571 5.

2230 5659 2451 5715 Νυτιε.

802 5742 917 5831 (27)
959 5744 1036 5802 lbi
1074 5747 1477 5821 inscriptionem
1505 5768 1612 5812 non
1644 5753 1845 5813 habent
1876 5755 2090 5814 codices
2122 5769 2284 5825 mss.;
2330 5748 2427 5813 sed
2451 5756 2613 5818 istam
2651 5766 3002 5831 repraesentat
3024 5756 3195 5815 codex
3216 5753 3418 5827 Regius
3448 5752 3503 5811 in
3528 5751 3709 5809 Indice
3737 5750 3939 5822 Episto~

731 5577 811 5609 η*
836 5578 979 5638 Psal.
1012 5577 1191 5649 cmv,
1224 5584 1311 5639 18.

728 5812 925 5867 larum.
