4156 6496
298 457 435 520 1437
1488 460 2028 523 EPISTOLARUM
2085 463 2233 523 LIB.
2272 462 2356 524 II.

3393 463 3529 527 1438

295 570 459 644 ἡμῶν
498 569 644 625 κατά
682 587 736 623 τι
791 568 902 623 τῶν
954 570 1421 641 ἁμαρτανομένων
1456 586 1470 600 ·
1505 570 1772 636 πεσόντας
1805 573 1862 626 δὲ

1965 571 2081 626 vult
2126 571 2345 626 ruinam
2395 578 2643 624 nostram
2694 578 2920 641 propter
2973 570 3196 642 aliquod
3250 587 3537 644 perperam

295 668 398 737 ἐρᾷ
421 664 741 719 ἀνίστασθαι
767 663 915 733 ἡμᾶς
930 662 1141 726 θᾶττον,
1166 665 1261 716 καὶ
1292 664 1702 733 ἁμαρτάνοντας
1750 668 1864 720 ἐπι-

1971 663 2175 718 factum
2202 663 2286 717 ²³ι
2318 662 2411 718 sed
2442 678 2566 717 cum
2600 663 2983 727 ceciderimus,
3011 673 3165 733 optat
3199 681 3303 721 nos
3350 681 3537 722 resur-

296 758 576 829 στρέφειν⁶
599 758 693 812 καὶ
718 755 875 810 τοῦτο
902 755 1090 819 ὁσάκις
1114 755 1180 809 ἂν
1204 759 1299 809 καὶ
1316 757 1554 827 συμϐαίη
1579 756 1719 811 κατά
1744 774 1864 812 τινα

1969 770 2095 826 gere
2150 753 2471 820 confestim,
2523 763 2579 809 et
2622 764 2914 824 peccantes
2972 756 3346 813 convertitct
3401 758 3536 822 hoc,

294 852 649 923 περιπέτειαν
710 848 986 912 ἀϐουλίας.
1032 848 1191 902 Εἴποι
1236 849 1280 901 δ’
1328 849 1395 902 ἂν
1432 848 1596 919 τυχὸν
1634 851 1668 919 ή
1706 847 1864 919 τίμία

1965 847 2406 916 quotiescunque
2455 847 2784 917 contigerit,
2840 862 2907 903 ex
2956 848 3199 917 qualibet
3247 851 3539 905 occasione

295 961 390 997 σου
411 944 580 1015 ψυχή’
614 944 673 995 '0
706 938 886 1012 βαλὼν
914 941 1009 993 καὶ
1056 939 1265 993 ίάσεται
1288 957 1303 971 ’
1336 936 1560 993 καὶοῖον
1592 941 1655 995 τὸ
1684 940 1861 994 ἐπιτί-

297 1053 422 1108 μιον
448 1054 463 1067 ·
496 1036 651 1091 οὐδὲν
681 1034 791 1106 γάρ
828 1033 1181 1104 ἀνιάτρευτον
1202 1031 1660 1102 θεραπευόμενον·
1678 1034 1739 1087 οὐ
1766 1032 1864 1103 βαι

293 1130 394 1200 ρὺς
424 1129 552 1200 ὑμῖν
572 1131 601 1183 ό
619 1132 719 1200 τῆς
750 1124 995 1198 ἰατρείας
1024 1124 1205 1193 λόγος.

431 1332 580 1388 PAZ’
612 1330 837 1404 (‘28).f—
865 1330 1519 1401 Προκοπίῳμονὰζοντι.
1553 1330 1738 1406 [χι.,δ’.]

1963 939 2370 1008 imprudentiae.
2429 938 2636 992 Dixerit
2690 947 2873 992 autem
2938 938 3173 995 fortasse
3232 941 3537 995 veneranda

1968 1033 2153 1087 anima
2194 1045 2286 1087 tua
2318 1052 2331 1087 :
2360 1033 2462 1098 Qui
2506 1034 2779 1102 percussit
2802 1044 2856 1087 et
2892 1033 3244 1088 sanabit'“:
3273 1044 3327 1090 et
3358 1035 3537 1105 possi-

1967 1124 2094 1179 hilis
2127 1135 2210 1179 est
2257 1125 2575 1194 poenitentia
2607 1144 2619 1178 :
2651 1125 2788 1177 nihil
2819 1126 2967 1178 enim
3012 1126 3319 1181 insanabile
3365 1126 3413 1181 si
3452 1142 3539 1180 cu-

1966 1227 2137 1273 retur.
2174 1215 2292 1271 Non
2324 1218 2506 1287 gravis
2538 1217 2692 1271 vobis
2720 1228 2804 1272 est
2842 1217 3129 1272 medicina:
3165 1218 3390 1272 mentio.

2259 1332 2566 1389 CXXXVII.
2597 1362 2667 1375 —-
2688 1332 2949 1402 Procopio
2977 1334 3251 1387 monac/to.

1331 1443 1675 1506 Reprehendit
1697 1445 1826 1507 quod
1849 1449 1990 1496 extra
2013 1444 2291 1497 coenobium
2312 1446 2547 1509 degeret.

390 1556 528 1625 Δρτι
573 1551 877 1610 ἐπιστέλλω
922 1555 989 1624 τῇ
1043 1551 1323 1623 τιμιότητί
1375 1571 1492 1618 σου,
1542 1555 1704 1607 ὁπότε
1766 1554 1857 1609 τὸν

288 1643 537 1699 διάκονον
564 1644 660 1698 τοῦ
677 1644 1005 1716 γράμματος
1044 1643 1176 1713 ἐμόν
1206 1660 1266 1695 τε
1313 1643 1406 1695 καὶ
1447 1644 1539 1695 σὺν
1578 1637 1755 1714 εὗρον,
1791 1644 1854 1697 οὐ

291 1737 403 1808 μὴν
432 1737 569 1791 ἀλλά
596 1737 691 1789 καὶ
743 1733 1183 1804 παρορμήσαντά
1219 1751 1286 1804 με
1313 1736 1393 1797 εἱς
1418 1735 1547 1786 αὐτὸ
1574 1734 1749 1801 τοῦτο,
1781 1734 1857 1798 ὡς

288 1832 388 1883 καὶ
418 1829 517 1899 τῆς
547 1828 825 1892 εὐσεϐείας
857 1843 950 1880 σου
1009 1827 1180 1890 οὕτως
1226 1827 1611 1898 ἐπιζητούσης,
1642 1828 1736 1881 καὶ
1765 1844 1855 1897 φι-

286 1920 510 1991 λούσης.
558 1920 717 1974 Ἀλλά
772 1921 950 1989 χαῖρε,
978 1912 1023 1972 ὦ
1052 1919 1301 1990 ἄνθρωπε
1344 1919 1436 1973 τοῦ
1468 1919 1624 1973 Θεοῦ.
1664 1920 1855 1991 Χαῖρε,

288 2011 463 2080 φίλων
487 2012 696 2083 ἄριστε,
729 2014 824 2066 καὶ
849 2012 991 2082 μάλα
1029 2012 1138 2064 τῶν
1187 2012 1446 2083 ἀρχαίων.
1479 2015 1668 2083 Χαῖρε,
1705 2008 1749 2066 ὦ
1771 2014 1858 2067 εὑ-
1889 2001 1929 2054 Β

286 2103 487 2176 λαϐείᾳ
513 2104 663 2176 υἷες.
691 2112 804 2158 cod.
856 2105 884 2157 ό
914 2102 1215 2177 εὐλαϐείᾳ]
1275 2105 1619 2176 περιϐόητος,
1647 2106 1742 2159 καὶ
1798 2107 1856 2160 ὲν

286 2193 491 2261 γνώσει
545 2195 1049 2264 ὲξακουτιζόμενος.
1116 2196 1226 2250 Ποῦ
1290 2214 1420 2250 ποτε
1493 2196 1858 2261 ἀπολέλοιπας

288 2288 762 2357 ἡμᾶς,τοσούτοις
808 2289 1023 2359 χρόνοις
1067 2288 1392 2359 ὐποκρύψας
1442 2307 1534 2342 σου
1571 2290 1631 2343 τὸ
1678 2289 1858 2359 τίμιον

288 2380 615 2450 πρόσωπον;
652 2383 749 2446 Τίς
771 2382 828 2435 δὲ
856 2383 885 2433 ὁ
909 2382 1111 2452 τρόπος
1135 2382 1231 2451 τῆς
1260 2381 1400 2435 κατὰ
1427 2382 1525 2450 τὴν
1548 2381 1729 2435 ἑστίαν
1759 2398 1859 2433 πε-

291 2474 581 2544 ριορίσεώς
603 2491 696 2527 σου
718 2515 732 2538 ,
771 2474 938 2544 μήπω
968 2474 1250 2543 προϊόντος
1282 2474 1375 2526 καὶ
1420 2472 1858 2543 ὲμφανιζομένου

287 2565 560 2635 δημοσίας
588 2565 682 2621 καὶ
714 2564 915 2635 τρίτον,
950 2562 1037 2616 ἵνα
1060 2562 1666 2635 παρρησιαστικώτερον
1681 2564 1859 2634 φήσω,

296 2654 499 2723 μᾶλλον
567 2655 665 2725 μὲν
731 2652 824 2710 οὖν
880 2656 1368 2726 ἀγαπητικώτερον
1397 2671 1412 2686 ’
1468 2656 1689 2724 ἀγάπης
1751 2653 1860 2724 γὰρ

295 2746 451 2808 ῐδιον,
479 2746 539 2799 τὸ
576 2746 649 2817 μὴ
691 2746 1116 2801 ὑποστέλλεσθαι
1158 2750 1217 2801 ὲν
1250 2750 1372 2811 ταῖς
1404 2746 1699 2817 ὠφελίμοις
1725 2746 1862 2817 πρὸς

290 2834 385 2887 τὸν
400 2836 769 2907 ἀγαπώμενον
790 2839 1128 2910 ὑπομνήσεσι
1150 2856 1166 2870 ο
1179 2839 1263 2903 τίς
1281 2843 1312 2910 ή
1328 2842 1557 2908 ἐργασία
1577 2858 1671 2892 σου
1686 2838 1825 2909 αῦτη
1843 2857 1857 2871 ⁸

293 2930 629 2996 πεφευγότος
680 2931 885 3000 κόσμον
914 2932 1001 2986 διὰ
1037 2932 1141 3001 τῆς
1178 2933 1479 3004 μοναχικῆς
1508 2932 1859 2996 τελειώσεως,

295 3021 395 3073 καὶ
418 3023 601 3076 οἴκαδε
631 3023 796 3077 πάλιν
825 3025 1265 3096 ἀναστρέψαντος
1296 3042 1311 3056 ο
1343 3025 1595 3089 λυθέντος
1645 3025 1862 3092 δεσμῶν

292 3113 662 3182 προπαθείας,
678 3114 838 3168 τοῦτο
867 3117 978 3186 γάρ
1009 3118 1040 3186 ή
1074 3116 1342 3187 ἀποταγὴ,
1373 3118 1465 3170 καὶ
1494 3114 1652 3180 αὖθις
1683 3115 1865 3169 δεθέν-

294 3219 390 3264 τος
408 3204 474 3273 τῇ
512 3207 822 3275 συνοικήσει
846 3208 945 3277 τῆς
971 3206 1168 3275 κυρίας
1192 3207 1291 3274 τῆς
1320 3206 1612 3277 ὁμοζύγου,
1634 3208 1727 3258 καὶ
1756 3204 1864 3258 τῶν

296 3295 682 3363 θεοφυλάκτων
711 3298 945 3362 τέκνων;
977 3299 1071 3351 καὶ
1119 3298 1147 3351 ὃ
1189 3297 1271 3350 ἔτι
1318 3296 1693 3370 ξενικώτερον,
1730 3298 1866 3350 ἀπο-

295 3388 598 3459 καρθέντος
632 3387 710 3459 τῷ
748 3390 849 3457 τῆς
889 3389 1099 3452 ἑνιαίας
1141 3388 1288 3458 ζωῆς
1340 3389 1724 3458 ίδιώματι,καὶ
1778 3406 1866 3441 τε-

294 3482 608 3546 λειωθέντος
636 3482 715 3552 τῷ
744 3481 871 3552 θείῳ
921 3485 1412 3553 μυσταγωγήματι,
1446 3484 1540 3535 καὶ
1576 3478 1732 3543 αὖθις
1763 3500 1866 3535 κα-

300 3573 647 3643 ρηκομῶντος
694 3575 1064 3645 ὲρημικοειδεί
1119 3574 1478 3645 πολιτεύματι
1504 3592 1521 3642 ;
1549 3575 1863 3637 Ἕκαστος,

275 3662 433 3731 ,φησὶ
486 3662 517 3715 ὁ
588 3665 930 3729 ’Δπόστολος,
978 3667 1048 3721 ἐν
1093 3664 1169 3734 τῇ
1229 3667 1467 3732 κλήσει,
1615 3663 1864 3731 ἐκλήθη,

291 3758 539 3826 μενέτω.
566 3758 675 3811 Καὶ
707 3759 869 3812 πάλιν
907 3759 1135 3831 ἑτέρωθι
1155 3775 1171 3791 ·
1206 3760 1597 3824 Ἀπρόσκοποι
1628 3758 1868 3827 γίνεσθε

298 3847 402 3901 καὶ
441 3848 775 3915 Ἰουδαίοις,
798 3850 898 3902 καὶ
927 3851 1208 3919 "Ellum.
1244 3852 1345 3904 καὶ
1404 3848 1480 3919 τῇ
1537 3849 1868 3917 Ἐκκλησίᾳ

294 3940 407 3994 τοῦ
439 3942 607 3996 Θεοῦ.
645 3944 755 4010 Καὶ
796 3943 1028 4013 ἀλλαχοῦ
1058 3946 1217 3997 πάλιν
1259 3944 1419 4006 αὐτὸς
1450 3943 1581 4013 περὶ
1628 3940 1823 3996 ἑαυτοῦ
1849 3958 1863 3973 ·

301 4036 386 4087 Οὐ
422 4033 505 4103 μὴ
557 4033 725 4104 φάγω
772 4034 917 4104 κρέα
968 4037 1056 4100 εις
1096 4036 1205 4089 τὸν
1242 4035 1447 4097 αἰῶνα,
1487 4036 1587 4087 ἵνα
1641 4034 1725 4104 μὴ
1760 4033 1866 4087 τὸν

297 4115 570 4194 ἀδελφόκ
613 4144 732 4195 μου
774 4126 1186 4183 σκανδαλίσω.
1215 4129 1325 4180 Καὶ
1375 4127 1608 4189 ἕκαστος
1658 4127 1721 4178 ὲκ
1769 4123 1864 4177 τοῦ

302 4219 437 4273 ἰδίου
469 4220 751 4289 σχήματος
794 4219 1071 4292 γνώριμον
1110 4221 1302 4273 ἑαυτὸν
1343 4220 1657 4290 καθίστησι,
1695 4235 1864 4289 στρα-

294 4312 502 4383 τιώτης
532 4314 597 4365 ὲκ
630 4312 723 4365 τοῦ
773 4316 964 4383 φορεῖν
1015 4311 1311 4384 μάχαιραν,
1350 4312 1573 4377 ἀστικὸς
1615 4311 1723 4364 ἀπὸ
1767 4310 1864 4363 τοῦ

276 4404 489 4486 Ψφορεῖν
517 4418 583 4454 πε
594 4401 883 4473 ριϐόλαιον.
925 4403 1037 4457 Καὶ
1065 4403 1251 4466 ἁπλῶς
1284 4402 1512 4465 ἕκαστος
1541 4400 1726 4471 σχεδὸν
1756 4400 1867 4452 τῶν

296 4498 355 4548 ὲν
380 4496 592 4566 ἀρχαῖς,
646 4494 679 4565 ἢ
727 4496 966 4565 τέχναις,
1018 4496 1051 4566 ἢ
1106 4497 1349 4567 μεθόδοις
1403 4496 1473 4549 τά
1523 4497 1868 4566 προσήκοντα

296 4587 447 4657 αύτῷ
481 4587 648 4660 σκεύη
698 4588 1021 4658 ἐπιφέρεται
1056 4607 1069 4621 ι
1094 4588 1218 4641 οὔτε
1261 4589 1371 4659 γάρ
1408 4587 1590 4659 ίατρὸς
1643 4603 1869 4659 ποιμαν-

2036 1556 2230 1611 Scribo
2264 1571 2411 1611 nunc
2448 1554 2785 1610 exeellbntite
2813 1562 2939 1619 tuae,
2978 1551 3201 1623 quando
3226 1551 3531 1606 litterarum

1963 1650 2277 1703 ministrum
2334 1662 2517 1701 meum
2561 1655 2822 1716 tuumque
2878 1654 3072 1700 nactus
3118 1660 3263 1711 sum,
3321 1646 3413 1715 qui
3466 1646 3533 1699 ad

1962 1740 2068 1795 hoc
2114 1742 2289 1810 ipsum
2338 1739 2506 1793 etiam
2558 1753 2645 1792 me
2682 1738 2986 1808 instigavit,
3041 1737 3195 1807 quasi
3230 1739 3401 1806 pietas
3443 1747 3531 1791 tua

1960 1832 2014 1887 id
2041 1832 2226 1900 exigat
2264 1839 2318 1885 et
2365 1838 2531 1885 amet.
2575 1829 2735 1885 Salve
2764 1830 2952 1899 igitur,
2992 1829 3157 1882 homo
3186 1828 3301 1881 Dei.
3349 1828 3529 1893 Salve,

1962 1923 2265 1977 amicorum
2310 1922 2537 1991 optime,
2575 1930 2629 1976 et
2660 1921 2880 1991 quidem
2925 1919 3310 1974 vetustiorum.
3347 1918 3528 1982 Salve,

1958 2012 2118 2083 cujus
2155 2013 2576 2081 circumspectio
2612 2023 2668 2067 et
2708 2012 2941 2067 scientia
2985 2011 3039 2065 in
3089 2026 3185 2066 ore
3223 2020 3276 2065 et
3305 2011 3535 2066 auribus

1959 2116 2045 2163 est
2084 2107 2354 2161 omnium.
2402 2104 2635 2160 Ubinam
2674 2106 2889 2159 tandem
2940 2118 3040 2158 nos
3092 2103 3404 2166 deseruisti,
3455 2113 3535 2158 tot

1959 2200 2119 2255 annis
2152 2198 2509 2254 abscondens
2544 2196 2922 2253 honorandam
2958 2195 3149 2251 faciem
3187 2196 3373 2250 tuam?
3400 2195 3534 2261 Quis

1960 2306 2127 2362 porro
2157 2291 2247 2346 hic
2279 2291 2499 2354 modus,
2539 2304 2650 2360 quo
2679 2300 2731 2344 te
2763 2288 2907 2343 intra
2936 2288 3161 2342 domum
3187 2287 3532 2347 conclusisti,

1961 2398 2231 2453 nusquam
2267 2384 2521 2453 prodiens
2543 2390 2598 2436 et
2642 2397 2910 2451 apparens
2941 2380 3197 2450 publice?
3225 2380 3304 2434 Ac
3348 2379 3531 2443 tertio,

1962 2483 2024 2528 ut
2058 2473 2283 2528 liberius
2319 2474 2535 2543 loquar,
2571 2472 2653 2524 vel
2688 2471 2895 2540 potius,
2946 2479 3004 2523 ut
3037 2470 3337 2534 amantius,
3375 2483 3532 2522 amo-

1963 2566 2040 2621 ris
2086 2564 2350 2635 siquidem
2397 2564 2678 2633 praprinm
2710 2572 2816 2625 est,
2860 2574 2969 2614 non
3012 2558 3340 2614 subtrahere
3382 2572 3442 2612 se
3476 2557 3531 2611 in

1962 2658 2283 2731 opportunis
2310 2672 2438 2726 erga
2470 2671 2594 2710 eum
2637 2670 2799 2724 quem
2841 2668 2992 2708 ames
3022 2651 3486 2707 admonitionibus
3516 2668 3530 2703 :

1961 2767 2212 2823 quaenam
2246 2760 2334 2805 tua
2373 2749 2564 2803 isthmc
2603 2747 2798 2816 agendi
2836 2746 2999 2809 ratio,
3048 2754 3107 2799 ut
3136 2745 3229 2815 qui
3266 2743 3530 2798 mundum

1962 2862 2060 2916 per
2111 2845 2472 2898 monasticam
2525 2839 2920 2911 perfectionem
2972 2836 3261 2907 cll‘ugeras,
3309 2838 3535 2891 domum

1963 2940 2160 2995 iterum
2191 2939 2269 2993 sis
2290 2951 2544 2991 reversus
2576 2952 2589 2986 :
2619 2934 2713 3003 qui
2739 2932 3091 2987 aiTectionum
3116 2931 3334 2986 vincula
3365 2945 3535 2985 exue-

1963 3048 2090 3098 ras;
2121 3032 2224 3085 hoc
2256 3030 2401 3085 enim
2451 3038 2531 3083 est
2569 3025 2947 3090 renuntiatio;
2979 3025 3217 3079 dominae
3257 3023 3533 3093 conjugis,

1963 3134 2018 3181 et
2048 3126 2158 3179 Deo
2191 3124 2483 3179 charorum
2534 3120 2830 3174 liberorum
2885 3118 3290 3173 cohabitatioue
3335 3116 3535 3171 iterum

1965 3213 2330 3285 astringaris?
2392 3211 2488 3276 Et,
2547 3210 2691 3281 quod
2750 3209 3078 3278 stupendum
3139 3208 3348 3276 magis,
3408 3205 3535 3275 qui,

1967 3309 2113 3380 quod
2142 3306 2398 3363 solitaria:
2422 3304 2545 3359 vitae
2568 3303 2802 3374 insigne,
2835 3303 3100 3358 detonsus
3128 3301 3332 3367 fueras,
3365 3308 3419 3353 et
3456 3298 3536 3353 di~

1968 3404 2095 3457 vina
2150 3401 2457 3455 initiatione
2507 3408 2902 3460 consecratus,
2960 3395 3287 3465 promissam
3340 3406 3539 3447 rursus

1969 3507 2182 3547 comam
2215 3491 2330 3545 alas
2367 3490 2422 3544 in
2467 3503 2673 3543 morem
2723 3485 3117 3545 eremitarum?
3150 3481 3536 3552 Unusquisque,

1968 3585 2044 3637 ait
2091 3582 2406 3651 Apostolus,
2444 3580 2498 3632 in
2543 3595 2652 3649 qua
2680 3577 2952 3631 vocatione
2996 3584 3210 3629 vocatus
3250 3583 3350 3636 est,
3381 3574 3437 3626 in
3476 3590 3540 3625 ea

1967 3682 2270 3745 permaneat
2291 3673 2356 3726 “.
2380 3671 2444 3725 Et
2474 3671 2673 3725 iterum
2699 3669 2859 3724 alibi:
2886 3667 3011 3722 Sine
3034 3666 3321 3735 offensione
3351 3673 3537 3726 estote,

1967 3777 2015 3822 et
2044 3766 2267 3829 Juda‘is,
2320 3774 2369 3819 et
2398 3764 2658 3835 gentibus,
2706 3773 2758 3816 et
2798 3761 3040 3814 Ecclesia
3084 3759 3182 3812 Dei
3200 3759 3266 3813 ".
3316 3757 3381 3811 Et
3430 3757 3540 3810 alio

1970 3874 2189 3915 rursum
2228 3858 2348 3912 loco
2381 3858 2496 3926 ipse
2538 3855 2605 3910 de
2630 3854 2812 3924 seipso
2841 3870 2857 3908 :
2892 3851 3017 3906 Non
3058 3848 3388 3903 manducabo
3420 3864 3541 3901 car-

1969 3968 2085 4007 nem
2154 3952 2213 4005 in
2266 3959 2561 4012 a’ternum,
2624 3955 2683 3999 ut
2746 3960 2846 3998 non
2904 3941 3262 3998 scandalizent
3318 3941 3538 4010 fratrem

1968 4061 2141 4098 meum
2162 4043 2232 4095 ".
2265 4041 2332 4096 Et
2364 4039 2744 4109 unusquisque
2769 4052 2835 4091 ex
2866 4035 3085 4107 propria
3118 4033 3295 4088 forma
3340 4047 3542 4103 cogno-

1969 4138 2231 4193 scendum
2274 4150 2333 4190 se
2373 4133 2580 4205 praebet
2613 4150 2626 4186 :
2660 4131 2819 4185 miles
2859 4129 3103 4200 gladium
3156 4137 3409 4197 portans,
3448 4141 3540 4180 ur-

1968 4228 2144 4283 banus
2179 4236 2357 4298 togam
2393 4239 2607 4292 gerens.
2639 4224 2817 4293 Atque
2840 4222 2893 4275 in
2930 4235 3147 4275 summa
3182 4218 3383 4288 singuli
3410 4234 3540 4287 pro-

1969 4322 2283 4393 pemodum,
2321 4318 2415 4389 qui
2465 4318 2874 4387 magistratum,
2899 4313 2985 4367 vel
3027 4322 3226 4378 artem,
3255 4313 3336 4366 vel
3380 4311 3541 4379 opifi-

1970 4414 2115 4468 cium
2144 4411 2363 4481 aliquod
2394 4411 2741 4479 proﬁtentur,
2773 4405 3128 4476 congruentia
3163 4403 3267 4458 sibi
3303 4402 3539 4471 insignia

1971 4503 2287 4578 praeferunt.
2323 4501 2436 4556 Nec
2482 4501 2627 4555 enim
2669 4498 3013 4569 pastoritiam
3043 4496 3253 4566 virgam
3293 4494 3539 4549 medicus

1971 4596 2290 4668 gestandatn
2335 4592 2649 4663 sumpserit,
2700 4604 2801 4645 nec
2850 4597 3040 4659 pastor
3083 4587 3306 4656 prOprio
3338 4584 3536 4640 medici

295 4679 456 4752 τικὴν
480 4680 673 4751 ῥάϐδον
704 4680 878 4734 ἕλοιτο
907 4680 1193 4751 βαστάζειν
1216 4697 1231 4711 ο
1258 4680 1381 4734 οὔτε
1427 4681 1635 4751 ποιμὴν
1688 4682 1864 4751 ίατρι-

1974 4690 2346 4745 instrumento
2394 4698 2617 4739 manum
2663 4679 2987 4737 admoverit.
3023 4679 3178 4746 Quod
3228 4677 3273 4733 si
3304 4676 3421 4731 haec
3466 4675 3537 4730 ita

298 4773 395 4827 κδν
449 4774 682 4845 ὄργανον
733 4774 827 4827 ἐπὶ
884 4776 1044 4844 χεῖρα
1090 4775 1225 4844 ἔχοι.
1251 4776 1313 4827 Ei
1355 4774 1412 4826 δὲ
1458 4774 1630 4828 ταῦτα
1665 4772 1864 4838 οὕτως,

298 4866 480 4937 πολλῷ
507 4883 571 4934 γε
619 4866 818 4937 μᾶλλον
849 4866 1078 4920 ἐπὶτῶν
1118 4866 1501 4937 πνευματικῶν
1559 4870 1653 4921 κα)⁸
1710 4868 1866 4939 μεγί-

1973 4794 2034 4834 se
2078 4776 2298 4840 habent,
2333 4774 2505 4828 multo
2553 4787 2689 4827 sane
2731 4770 2906 4841 magis
2956 4770 3011 4824 in
3066 4768 3449 4838 spiritualihus
3485 4778 3541 4821 et

1974 4866 2232 4924 maximis
2273 4880 2379 4919 non
2417 4863 2578 4918 debet
2606 4861 2917 4932 quisquam,
2952 4868 3149 4929 praeter
3182 4874 3245 4913 ea
3273 4872 3393 4927 quae
3425 4866 3539 4909 sta-

301 4976 444 5013 στων
463 4959 563 5013 οὐκ
610 4960 813 5026 ὀφείλει
844 4978 926 5025 τις
966 4960 1116 5031 παρὰ
1148 4960 1216 5013 τά
1240 4962 1425 5014 οἰκεῖα
1457 4962 1555 5031 τῆς
1590 4960 1864 5014 καταστά-

1970 4972 2062 5018 tus
2098 4967 2230 5016 sunt
2254 4957 2497 5028 propria,
2528 4956 2615 5010 vel
2642 4955 2697 5008 in
2730 4955 2862 5020 vita,
2886 4952 2971 5007 vel
3000 4954 3055 5006 in
3086 4951 3275 5005 habitu
3311 4958 3541 5004 externo

302 5065 463 5112 σεως,
497 5048 622 5103 οὔτε
656 5050 755 5121 ζῇν
781 5051 906 5105 οὔτε
942 5051 1560 5123 μετασχηματίζεσθαι·
1596 5051 1684 5104 ἵνα
1707 5051 1782 5122 μὴ
1806 5050 1864 5103 τὸ

1972 5066 2082 5124 prze
2122 5064 2182 5105 se
2230 5046 2397 5112 ferre,
2442 5061 2512 5101 ne
2561 5044 2880 5113 impendens
2920 5058 2951 5097 a
2998 5040 3231 5095 Domino
3272 5038 3539 5108 judicium

300 5140 688 5210 ἐπηρτημένον
711 5141 862 5212 παρὰ
874 5142 969 5195 τοῦ
991 5143 1197 5214 Κυρίου
1218 5144 1413 5213 κρῖμα,
1443 5142 1519 5206 ὡς
1540 5142 1637 5195 τὸν
1664 5144 1864 5212 κόσμον

1975 5140 2251 5213 perferat,
2306 5146 2569 5208 tanquam
2612 5135 2875 5190 mundum
2923 5131 3326 5188 scandalizans.
3381 5128 3538 5195 Quod

303 5232 680 5297 σκανδαλίζων
710 5235 912 5307 ἀποίσῃ
944 5251 957 5265 ο
1010 5227 1073 5288 οὗ
1130 5238 1421 5306 φύγοιμεν,
1460 5231 1504 5288 ὦ
1533 5235 1828 5305 τριπόθητε
1852 5247 1864 5264 ·

1969 5232 2268 5300 fugiamus,
2320 5245 2353 5284 o
2403 5226 2729 5284 charissime
2761 5244 2776 5281 :
2809 5241 2909 5279 nos
2952 5224 3279 5294 praesertim,
3315 5221 3408 5291 qui
3445 5235 3539 5276 co-

300 5324 398 5376 καὶ
429 5325 663 5394 μάλιστα
693 5328 856 5397 ἡμεῖς
893 5328 941 5379 oi
959 5329 1053 5381 καὶ
1068 5327 1265 5396 γνώσει
1283 5329 1375 5381 καὶ
1399 5326 1592 5398 βαθμῷ
1612 5327 1720 5382 τῶν
1742 5326 1864 5378 πολ-

1969 5323 2210 5393 gnitione
2230 5330 2285 5375 et
2310 5319 2480 5391 gradu
2507 5318 2645 5373 alios
2671 5317 2833 5387 vulgo
2859 5314 3237 5386 praecellimus.
3271 5311 3538 5398 Quoniam

301 5414 414 5467 λῶν
441 5396 815 5490 διαφέροντες.
852 5418 1089 5487 Ἐπειδὴ
1105 5420 1303 5488 κρίσις
1328 5396 1626 5489 ἀπότομος
1655 5418 1724 5473 ἐν
1744 5417 1864 5482 τοῖς

1965 5414 2229 5485 judicium
2268 5413 2617 5467 durissimum
2658 5410 2741 5465 his
2765 5410 2859 5480 qui
2896 5415 3150 5479 praesunt,
3180 5406 3290 5476 ﬁet.
3324 5396 3539 5475 Exiguo

300 5508 727 5579 ὑπερέχουσιν.
767 5511 914 5566 'oee
942 5511 1265 5582 ἐλάχιστος
1295 5512 1705 5584 συγγνωστὸς,
1727 5510 1864 5564 καθὰ

1968 5509 2108 5563 enim
2139 5506 2445 5560 conceditur
2474 5504 2867 5568 misericordia,
2909 5503 3054 5563 sicut
3082 5502 3348 5572 scriptum
3372 5500 3536 5556 est".

374 5709 422 5743 “
443 5708 639 5767 Ezecb.
659 5725 855 5778 xum,
889 5712 977 5765 ll.
1052 5712 1131 5747 "’V‘
1152 5711 1381 5788 Osceyt,
1408 5714 1453 5771 ι.
1528 5711 1615 5769 ’⁷⁵1
1644 5712 1770 5772 Cor.
1802 5726 1897 5777 vn,
1926 5710 2016 5766 9.0.
2094 5708 2178 5769 "l
2208 5707 2333 5767 Cor.
2356 5724 2412 5779 ι,
2441 5706 2532 5766 32.
2606 5704 2693 5763 ποι
2719 5704 2841 5764 Cor.
2862 5720 2979 5775 vni,
3010 5705 3098 5762 l5.
3171 5703 3215 5738 ³⁷
3240 5700 3463 5777 Sap.vt,
3483 5701 3536 5758 6.

1796 5827 2025 5884 NOT/E.

378 5898 490 5971 (28)
526 5897 580 5954 In
606 5899 727 5959 cod.
770 5901 902 5971 Reg.
935 5888 1069 5975 ρνβκ
