4156 6484
678 424 694 485 1
707 425 816 491 439

1863 429 1922 486 S.
1958 429 2061 488 ΤΗ
2067 428 2351 488 EODORI
2384 426 2730 487 STUDI'DE

3775 414 3913 479 1440

664 544 735 598 Et
769 557 988 597 rursum
1024 542 1289 595 Dominus
1321 558 1334 593 :
1366 539 1466 595 Cui
1508 542 1731 594 multant
1768 542 1951 595 datum
1991 555 2090 607 est,
2120 560 2235 597 am-

2355 546 2677 614 γέγραπται.
2698 540 2806 591 Καὶ
2834 537 3042 593 πάλινό
3067 535 3269 607 Κύριος
3288 550 3303 565 ’
3325 526 3401 604 *ῼ
3416 530 3702 599 παρέθετο
3727 530 3907 593 πολὺ,

665 632 806 702 ptius
851 633 1149 701 requiratur
1192 633 1256 686 ab
1311 649 1370 687 eo
1397 634 1463 687 ".
1508 630 1586 687 Nc
1626 648 1725 689 nos
1773 635 1959 704 igitur,
1987 636 2236 700 obsecro,

665 726 759 795 qui
810 725 905 779 lux
969 740 1093 780 esse
1152 725 1451 789 debemus,
1511 740 1707 782 eorum
1770 738 1964 781 contra
2019 729 2112 797 qui
2182 729 2237 781 in

666 817 909 872 tenebris
947 828 1262 880 versamur,
1293 833 1323 873 e
1358 833 1593 871 numero
1636 819 1809 873 simus
1840 837 1854 871 :
1884 833 2005 882 nec,
2040 818 2135 887 qui
2172 820 2237 871 ad

668 906 1061 974 condiendum,
1102 907 1259 975 juxta
1316 906 1765 976 Evangelium",
1813 909 2097 963 constituti
2147 923 2236 962 su-

670 1012 831 1061 mus,
884 996 1219 1052 infatuemur
1268 1010 1365 1065 per
1412 996 1935 1050 inconsiderantiam
1986 1013 1999 1049 :
2049 993 2242 1049 Omnia

668 1090 882 1143 honeste
915 1099 966 1142 et
1011 1089 1295 1143 secundum
1345 1089 1583 1142 ordinem
1612 1088 1745 1157 ﬁant
1766 1088 1830 1151 ⁸⁸,
1862 1089 2062 1142 clamat
2096 1088 2242 1157 Apo-

670 1182 852 1235 stolus
906 1199 919 1234 :
970 1182 1158 1236 omnia
1226 1181 1293 1235 ad
1345 1182 1636 1235 utilitatem
1696 1180 1952 1248 proximi,
2010 1194 2116 1233 non
2174 1179 2243 1233 ad

674 1272 963 1326 damnum.
1019 1274 1239 1327 Etcum
1288 1274 1341 1326 in
1386 1274 1456 1327 iis
1505 1272 1662 1341 ipsis,
1702 1286 1823 1340 qua:
1863 1270 2025 1325 nobis
2063 1270 2244 1323 indui-

675 1373 895 1431 gentur,
937 1362 1135 1417 scissio
1168 1364 1353 1426 fuerit,
1388 1362 1491 1415 hoc
1517 1376 1737 1413 rursum
1770 1361 1971 1414 clamat
2012 1373 2244 1428 magnus

671 1453 932 1522 Basilius,
964 1470 1027 1508 ac
1056 1463 1228 1509 totum
1272 1469 1495 1522 prorsus
1528 1454 1693 1507 Vetus
1716 1463 1771 1506 et
1801 1451 2007 1506 Novum
2055 1449 2243 1505 Testa-

672 1556 945 1611 mentum,
981 1548 1037 1601 in
1075 1548 1314 1617 propriis
1347 1562 1620 1617 quemque
1662 1548 1863 1601 Iinibus
1892 1561 1956 1600 ac
1992 1544 2245 1599 moribus

670 1652 993 1707 permanere
1013 1638 1279 1708 praecipit.
1308 1639 1493 1708 Neque
1523 1652 1653 1692 vero
1687 1653 1794 1701 me,
1814 1638 2059 1700 domine,
2093 1652 2246 1690 arro-

674 1739 868 1796 ganter
898 1730 956 1784 in
992 1739 1044 1785 te
1080 1731 1353 1785 invectum
1393 1732 1698 1791 existimes.
1744 1730 1837 1786 sed
1864 1731 2022 1784 valde
2050 1744 2245 1783 aman-

672 1830 755 1875 ter
806 1822 1023 1891 potius,
1086 1832 1143 1876 et
1192 1824 1484 1878 studiose:
1545 1834 1605 1878 ut
1648 1826 1744 1893 qui
1800 1839 1921 1892 qua:
1972 1832 2065 1876 tua
2115 1830 2246 1876 sunt

2340 634 2774 704 περισσότερον
2813 628 3245 694 ἀπαιτήσουσι.
3273 627 3366 695 Μὴ
3417 620 3533 689 οὖν,
3588 622 3909 691 παρακαλῶ,

2340 730 2505 797 ἡμεῖς
2532 727 2583 778 οί
2612 723 2919 793 ὀφείλοντες
2950 721 3067 791 φῶς
3091 716 3230 773 εἶναι
3260 717 3371 771 τῶν
3413 719 3473 769 ὲν
3517 716 3726 777 σκότει,
3788 715 3913 767 τού-

2341 819 2552 873 ναντίον
2580 810 2731 886 ὦμεν
2766 834 2780 847 ·
2819 813 2954 885 μηδὲ
2999 814 3049 865 οί
3096 811 3303 875 ἁλίζειν
3346 806 3722 876 εὖαγγελικῶς
3750 822 3910 858 τετα-

2342 910 2557 980 γμένοι,
2594 905 3014 980 μωρανθείημεν
3039 903 3098 969 ἐξ
3124 899 3461 972 ἀπροσεξίας
3488 917 3502 929 ·
3536 898 3744 953 Πάντα
3816 899 3914 950 εὑ-

2342 1001 2665 1069 σχημόνως
2697 997 2796 1051 καί
2842 996 2991 1049 κατὰ
3045 992 3219 1056 τάξιν
3240 990 3519 1060 γενέσθω,
3555 989 3651 1060 βοᾷ
3689 990 3720 1041 ὁ
3760 988 3916 1040 Ἀπὸ-

2346 1093 2531 1153 στολος
2563 1103 2578 1118 ⁸
2613 1089 2788 1143 πάντα
2825 1086 2961 1157 πρὸς
2984 1083 3250 1153 ὠφέλειαν
3268 1081 3362 1135 τοῦ
3399 1080 3649 1149 πλησίον,
3669 1078 3808 1133 ἀλλά
3842 1081 3913 1148 μὴ

2344 1185 2481 1253 πρὸς
2507 1181 2730 1254 βλάδην.
2789 1179 2905 1233 Κᾶν
2938 1178 3025 1231 ἐπ’
3051 1176 3231 1232 αὐτῶν
3258 1174 3366 1227 τῶν
3391 1172 3910 1241 συγκεχωρημένων

2344 1275 2477 1343 ἡμῖν
2517 1269 2846 1339 σκινδαλμὺς
2885 1267 3110 1333 γίνοιτο,
3141 1263 3304 1317 τοῦτο
3352 1260 3516 1315 πάλιν
3552 1259 3650 1329 βοᾷ
3676 1262 3707 1312 ὁ
3746 1261 3917 1329 μέγας

2345 1364 2644 1425 Βασίλειος,
2677 1360 2772 1413 καὶ
2810 1358 2961 1410 πᾶσα
3000 1356 3187 1419 ἁπλῶς
3220 1354 3255 1424 ἦ
3297 1370 3359 1406 τε
3408 1349 3626 1406 Παλαιὰ
3677 1353 3773 1402 καὶ
3803 1351 3915 1404 Νὲα

2345 1458 2634 1527 Διαθήκη,
2690 1455 2748 1507 ὲν
2798 1453 2911 1514 τοῖς
2977 1450 3128 1514 ἰδίοις
3173 1448 3321 1518 ὅροις
3376 1444 3474 1499 καὶ
3521 1443 3744 1514 τρόποις
3788 1442 3918 1493 ἔκαε

2347 1569 2473 1605 στον
2493 1542 2767 1619 διαμένειν
2790 1544 3171 1615 ὶγκελεύεται·
3220 1541 3317 1595 καὶ
3349 1541 3425 1610 μή
3460 1538 3795 1610 Favoniana
3830 1537 3917 1589 6i-

2347 1659 2541 1705 σποτα,
2581 1637 3003 1712 κατεπαρτικῶς
3029 1652 3110 1689 σοι
3139 1631 3430 1704 ἐνεχθῆναι
3453 1630 3652 1685 ’ἀλλά
3670 1629 3769 1682 καὶ
3799 1627 3919 1679 λίαν

2344 1731 2710 1804 ἀγαπητικῶς
2732 1732 2827 1783 καὶ
2858 1730 3289 1798 πεπονημένως’
3320 1722 3718 1794 ἀναδεχόμενον
3741 1720 3810 1771 τὰ
3854 1719 3919 1770 σᾶ

2346 1827 2405 1878 ὲν
2428 1826 2571 1895 ἐμοὶ,
2596 1822 2735 1877 κατά
2762 1822 2864 1893 τὴν
2889 1819 2997 1889 τῆς
3032 1820 3255 1890 ἀγάπης
3282 1816 3609 1883 ἀνάκρασιν,
3643 1813 3739 1865 καὶ
3771 1811 3920 1879 ἐφιέ-

675 1910 733 1964 in
791 1926 879 1966 me
926 1912 1210 1981 recipiam,
1255 1912 1412 1980 juxta
1460 1913 1748 1968 cliaritatis
1788 1911 2245 1967 communicatio-

2355 1884 2512 1989 μενον
2555 1884 2617 1969 τὸ
2663 1884 3093 1984 σωτήριονττῆςτ
3123 1884 3311 1981 τιμίας
3352 1925 3446 1961 σου
3494 1905 3695 1975 ψυχῆς,
3724 1902 3804 1965 ὥς
3864 1902 3922 1955 τὸ

673 2015 835 2067 nem;
876 2011 931 2057 et
954 2003 1207 2073 pretiosae
1243 2004 1439 2058 anima:
1467 2014 1573 2058 tua:
1602 2004 1833 2060 salutem
1865 2003 2080 2072 cupiam
2121 2015 2247 2069 per-

674 2094 803 2147 inde
839 2110 903 2149 ac
940 2111 1141 2149 meam.
1173 2095 1332 2162 Quod
1380 2096 1425 2151 si
1466 2096 1595 2166 quid
1635 2106 1788 2151 extra
1834 2111 1997 2165 quam
2037 2095 2246 2156 deceat,

2348 2009 2587 2081 ἐμαυτοῦ
2616 2024 2631 2038 ’
2662 2010 2711 2061 εἰ
2742 2007 2800 2061 δέ
2828 2023 2883 2060 τι
2916 2004 3022 2071 ἔξω
3060 2004 3157 2058 τοῦ
3212 2002 3425 2061 εἰκότος
3460 1999 3488 2049 ὁ
3528 1998 3687 2064 λόγος
3724 1996 3859 2066 ἔχει.
3892 1997 3919 2047 ὁ

2350 2102 2503 2173 παρὰ
2550 2099 2645 2154 σοῦ
2691 2099 2852 2167 λόγος
2904 2095 3193 2161 διδαξάτω,
3225 2095 3319 2148 καὶ
3362 2090 3609 2146 πεισάτω
3658 2088 3920 2158 τὴνέμὴν

674 2198 706 2236 a
737 2198 824 2237 me
857 2184 1061 2239 dictum
1093 2196 1212 2251 est;
1256 2186 1447 2241 doceat
1480 2187 1662 2241 oratio
1693 2199 1808 2253 tua,
1840 2184 2249 2253 humilitatique

2355 2195 2699 2257 ταπείνωσιν,
2720 2192 2787 2244 τὰ
2831 2189 3019 2244 εἰκότα
3058 2205 3119 2241 σε
3157 2187 3421 2259 πράττειν
3448 2185 3508 2237 ιν
3550 2184 3663 2244 τοῖς
3693 2181 3923 2249 ἀπελεγ-

674 2290 881 2333 nostrae
910 2281 1259 2349 persuadeat,
1299 2281 1555 2335 decenter
1583 2289 1636 2336 te
1661 2295 1824 2351 agere
1851 2280 1906 2333 in
1936 2280 2005 2334 iis
2034 2292 2157 2348 quae
2186 2284 2248 2331 ut

2355 2285 2555 2355 χθεῑσιν
2586 2282 2833 2345 ἐκτόπως
2862 2282 3027 2351 ἔχειν.

674 2369 913 2427 absurda
944 2374 1278 2440 reprehensa
1307 2382 1463 2427 sunt.

934 2478 1269 2536 CXXXVIII.
1300 2514 1371 2524 —
1397 2480 1691 2537 Theoctisto
1722 2484 1970 2537 eremitte.

2482 2479 2633 2531 PAH'
2664 2476 2796 2547 (29).
2823 2505 2886 2517 --
2911 2476 3247 2544 Θεοκτιστφ
3278 2474 3544 2547 ἐρημίτῃ.
3582 2467 3780 2547 kac'.)

1826 2591 2077 2641 Revocare
2098 2603 2125 2639 ι
2158 2601 2301 2649 prava
2331 2587 2563 2638 doctrina
2586 2588 2777 2638 nititur.

748 2690 1067 2748 Mandatum
1109 2691 1227 2759 Dei,
1260 2693 1407 2764 quod
1457 2694 1629 2765 exigit
1674 2703 1734 2749 ut
1767 2696 2001 2751 invicem
2049 2694 2246 2765 diliga-

2440 2696 2503 2749 Ἥ
2544 2694 2640 2750 τοῦ
2672 2694 2808 2749 Θεοῦ
2854 2696 3043 2767 ἐντολὴ
3084 2697 3119 2767 ἡ
3159 2693 3469 2749 ἀπαιτοῦσα
3511 2696 3660 2767 ἡμᾶς
3704 2696 3922 2763 ἀγαπᾷν

677 2798 823 2845 mus,
863 2793 918 2837 et
948 2799 1126 2853 usque
1163 2784 1321 2849 adeo,
1376 2793 1438 2839 ut
1474 2786 1714 2839 animam
1764 2785 1900 2839 alter
1931 2800 2029 2855 pro
2073 2785 2248 2839 altero

2355 2788 2638 2854 ἀλλήλους,
2673 2789 2770 2842 καὶ
2798 2789 3051 2843 τοσοῦτον
3073 2789 3199 2841 ὅσον
3219 2787 3320 2856 τὴν
3348 2786 3527 2858 ψυχὴν
3552 2788 3759 2842 τιθέναι
3785 2787 3920 2853 ὑπὲρ

678 2888 949 2943 ponamus
969 2874 1037 2939 ³¹,
1086 2875 1268 2947 adegit
1296 2892 1404 2941 me,
1450 2877 1753 2945 spirituslis
1799 2875 1989 2942 frater,
2038 2887 2099 2931 ut
2146 2877 2251 2931 ite-

2356 2879 2619 2949 ἀλλήλων,
2650 2881 2928 2950 ηνάγκασι
2958 2896 3047 2950 με,
3077 2879 3275 2948 ἀδελφὴ
3305 2879 3663 2949 πνευματικὲ,
3689 2880 3784 2933 καὶ
3814 2879 3918 2931 πά-

678 2977 801 3021 rato
839 2967 907 3021 ad
955 2978 1006 3021 te
1046 2968 1307 3031 scribam,
1337 2970 1404 3024 de
1436 2971 1616 3025 salute
1648 2982 1742 3025 tua
1782 2978 2041 3038 satagens
2075 2988 2089 3023 :
2122 2984 2248 3023 cum

2358 2971 2441 3024 λιν
2469 2973 2770 3026 ἐπιστεῖλαί
2797 2989 2903 3036 σοι,
2931 2970 3199 3024 πονοῦντα
3228 2970 3484 3041 περὶτῆς
3514 2968 3787 3041 σωτηρίας
3808 2984 3918 3023 σου·

680 3060 900 3115 audiam
930 3059 1069 3114 inter
1099 3075 1199 3115 vos
1218 3069 1272 3116 et
1294 3062 1433 3117 alios
1462 3061 1661 3117 fratres
1686 3061 2094 3116 schismaticam
2126 3074 2250 3114 esse

2357 3065 2451 3118 καὶ
2493 3064 2761 3119 ἀκούοντα
2809 3064 3071 3132 διαίρεσιν
3120 3057 3263 3116 εῖναι
3308 3060 3670 3131 σχισματικὴν
3722 3060 3920 3131 μεταξὺ

681 3151 1028 3217 divisionem,
1071 3166 1181 3206 non
1219 3152 1516 3221 vulgarem,
1554 3153 1649 3207 sed
1676 3153 1831 3208 valde
1878 3167 2129 3223 gravem,
2175 3152 2251 3207 ita

2359 3158 2517 3229 ὑμῶν
2560 3159 2653 3213 καὶ
2690 3156 2893 3227 ἑτέρων
2923 3153 3167 3224 ἀδελφῶν
3196 3154 3260 3209 οὐ
3300 3152 3404 3225 τὴν
3453 3150 3748 3224 τυχοῦσαν,
3790 3153 3924 3206 ἀλλὰ

680 3250 745 3296 ιιι
772 3242 827 3295 in
855 3242 993 3296 duas
1025 3254 1203 3311 partes
1232 3244 1510 3312 oppositas
1545 3243 1757 3298 divulsa
1780 3243 1850 3299 sit
1889 3242 2073 3313 populi
2109 3244 2252 3297 mul-

2357 3225 2453 3304 καὶ
2489 3250 2608 3303 λίαν
2641 3225 2903 3319 χαλεπὴν,
2925 3246 3065 3301 ὥστε
3102 3247 3198 3301 καὶ
3231 3242 3711 3318 ωναπορῥαγῆναι
3736 3243 3818 3308 εις
3836 3241 3928 3297 δύο

682 3333 884 3397 titudo,
932 3333 1103 3388 altera
1135 3334 1291 3388 alteri
1338 3336 1597 3399 instante,
1639 3335 1934 3405 proculque
1988 3349 2019 3389 a
2067 3344 2257 3390 mutua

683 3422 1073 3477 communione
1116 3422 1460 3477 abscedente.
1514 3420 1713 3477 Totum
1765 3422 1871 3478 hoc
1917 3430 2100 3477 autem
2159 3422 2261 3477 Sa-

687 3523 851 3579 tanae,
888 3515 1097 3583 antiqui
1151 3514 1457 3583 homicidae,
1502 3524 1587 3569 cst
1630 3530 1789 3586 opus,
1836 3525 1891 3570 et
1940 3515 2257 3570 scandalum

688 3605 887 3676 ingens
917 3622 932 3659 :
966 3620 1094 3661 cum
1125 3619 1156 3659 a
1190 3604 1423 3660 Domino
1470 3606 1674 3661 dictum
1708 3607 1779 3661 sit
1809 3625 1822 3660 :
1862 3606 1950 3661 Va:
1986 3605 2184 3659 munda
2226 3622 2261 3658 a

688 3697 959 3752 scandulis
977 3696 1064 3751 ⁸¹·.
1109 3695 1175 3750 Et
1203 3712 1420 3751 rursum
1469 3695 1746 3766 :Expedit
1797 3705 1853 3749 ut
1905 3697 2263 3764 suspendatnr

690 3788 835 3843 mola
862 3788 1105 3842 asinaria
1133 3789 1186 3842 in
1218 3787 1354 3841 collo
1384 3788 1519 3856 ejus,
1551 3799 1599 3842 et
1628 3788 1962 3857 demergatur
1992 3789 2044 3841 in
2090 3805 2258 3853 mare,

689 3897 849 3953 quam
894 3888 952 3935 ut
983 3880 1313 3936 scandalizet
1356 3899 1521 3936 unum
1566 3882 1629 3935 de
1657 3882 1870 3949 pusillis
1922 3882 2043 3936 istis
2067 3883 2131 3937 ³⁸.
2165 3882 2264 3936 Μί-

689 3987 896 4043 rorque
924 3988 1034 4043 quo
1067 3983 1226 4043 pacto
1271 3975 1573 4029 reverentia
1605 3983 1713 4036 tua,
1751 3989 1871 4043 qua:
1911 3984 1989 4029 tot
2010 3975 2122 4045 jam
2169 3990 2266 4029 an-

691 4080 890 4121 norum
928 4065 1108 4135 spatio
1150 4075 1455 4131 exercetur,
1499 4065 1719 4136 Deoque
1747 4067 2010 4134 adhmret,
2060 4068 2127 4123 de
2161 4068 2267 4123 ltoc

692 4156 940 4225 pericqu
984 4157 1119 4211 nihil
1169 4157 1402 4213 sollicita
1455 4158 1570 4213 sit:
1608 4158 1775 4228 quod,
1826 4158 1932 4213 nisi
1981 4159 2127 4213 omni
2172 4168 2267 4214 tuo

693 4247 877 4303 studio
908 4264 974 4305 ac
1008 4250 1288 4322 diligentia
1329 4250 1655 4320 corrigatur,
1700 4266 1808 4305 non
1835 4250 2011 4315 modo
2049 4250 2268 4305 inanem

694 4340 911 4410 penitus
953 4344 1399 4398 exercitationem
1448 4353 1595 4397 tuam
1629 4342 1835 4406 reddet,
1870 4358 2057 4397 verum
2102 4344 2267 4398 etiam

695 4442 771 4503 te,
796 4436 942 4506 quod
972 4435 1138 4497 absit,
1170 4435 1326 4505 longe
1368 4450 1398 4488 a
1435 4433 1546 4489 Deo
1592 4435 1957 4489 submovebit.
1996 4432 2119 4501 Quo
2169 4434 2270 4489 im-

696 4527 889 4599 pulsus
916 4525 1103 4581 fratris
1139 4541 1351 4591 amans,
1386 4524 1575 4589 frater,
1610 4537 1737 4581 ante
1776 4536 1884 4582 tres
1915 4542 2108 4591 annos,
2139 4543 2264 4582 cum

699 4622 929 4692 Smyrna
951 4618 1166 4675 rediens
1188 4620 1365 4674 isthuc
1382 4619 1927 4689 appropinquassem,
1949 4628 2002 4673 et
2025 4619 2263 4674 sclilsma

698 4711 1037 4778 didicissem,
1064 4710 1257 4780 scripsi
1283 4710 1349 4765 ad
1368 4722 1419 4765 te
1442 4727 1563 4781 qua:
1586 4711 1889 4775 audieram,
1911 4719 1966 4765 et
1988 4712 2265 4781 quomodo

698 4803 768 4858 de
816 4804 1044 4857 veritate
1105 4802 1308 4857 sentire
1370 4812 1421 4857 te
1479 4810 1785 4871 oporteret,
1852 4811 1907 4858 et
1952 4803 2268 4873 impendens

701 4893 949 4949 scaudali
997 4891 1301 4963 periculum
1337 4893 1597 4964 effugere.
1639 4891 1720 4946 Tu
1746 4908 1878 4948 vero
1922 4908 2032 4947 non
2074 4892 2269 4947 rescri-

699 4985 858 5056 psisti
893 4984 1025 5039 mihi
1060 4992 1159 5039 :et
1195 4985 1393 5039 iterum
1425 4983 1748 5056 significavi,
1784 4992 1839 5039 et
1871 4984 2004 5039 mihi
2042 4999 2150 5039 non
2180 4999 2268 5039 re-

701 5077 997 5148 spondisti.
1029 5076 1187 5145 Quod
1222 5078 1441 5149 quidem
1480 5076 1833 5133 manifestum
1871 5088 1953 5133 est
1980 5093 2276 5148 argumen-

704 5180 841 5234 tum,
880 5169 1022 5225 nolle
1048 5180 1099 5224 te
1127 5169 1237 5224 Deo
1267 5171 1496 5233 servire,
1526 5184 1627 5223 nec
1652 5168 1797 5224 circa
1828 5170 2108 5223 veritatem
2132 5178 2278 5223 recte

702 5262 979 5317 incedere.
1017 5261 1246 5334 Ignosce
1292 5264 1451 5328 milii,
1506 5277 1609 5317 nec
1647 5278 1789 5332 aegre
1820 5262 1963 5317 feras
2013 5277 2100 5316 me
2129 5262 2273 5331 quod

700 5368 892 5410 verum
940 5363 1024 5411 est
1068 5355 1272 5411 dicere.
1327 5353 1602 5425 Scriptum
1659 5363 1790 5409 est:
1832 5352 2022 5407 Palam
2082 5370 2272 5424 argues

703 5446 1005 5514 proximum
1044 5456 1214 5513 tuam,
1268 5456 1319 5501 et
1351 5462 1454 5500 non
1486 5445 1909 5518 coinquinaberis
1953 5454 2167 5515 peccato
2204 5444 2271 5499 il-

788 5635 835 5669 ³⁸
860 5632 996 5691 Luc.
1035 5648 1137 5703 xu,
1170 5634 1261 5691 ιε.
1320 5635 1367 5667 ⁸⁸
1388 5633 1580 5692 Matth.
1614 5650 1669 5704 v,
1699 5634 1787 5693 15.
1864 5633 2101 5691 "ICor.
2139 5648 2253 5697 xiv.

2355 5646 2379 5685 ι.
2442 5632 2483 5666 ³⁸
2506 5631 2662 5692 loan.
2698 5650 2787 5703 xv,
2820 5635 2905 5692 I2.

2362 3341 2501 3410 μέρη
2528 3338 2884 3408 ἀντικείμενα
2910 3338 3001 3392 τδν
3040 3338 3292 3407 ἀγελαῖον
3322 3336 3472 3397 λαὸν.
3501 3336 3769 3405 ἑκατέρου
3802 3336 3927 3388 ἐκα-

2357 3431 2967 3501 τέρῳοπροσκειμένου,
3016 3430 3112 3484 καὶ
3164 3429 3354 3502 πόρῤω
3402 3427 3773 3499 ἀφισταμένου
3830 3429 3925 3496 τῆς

2360 3521 2688 3592 ἁλληλούχου
2744 3524 3059 3587 κοινωνίας’
3112 3523 3206 3576 καὶ
3256 3521 3416 3575 τοῦτο
3465 3521 3586 3574 δλον
3624 3520 3785 3589 ἔργον
3835 3519 3926 3571 τοῦ

2362 3614 2575 3668 Σατανᾶ
2624 3614 2720 3668 τοῦ
2786 3616 3015 3686 ἀρχαίου
3072 3613 3521 3684 ἀνθρωποκτόνου
3546 3630 3559 3643 ·
3635 3612 3729 3665 καὶ
3776 3609 3928 3663 τοῦτο

2364 3704 2660 3759 σκάνδαλον
2707 3706 2878 3776 μέγα⁶
2926 3704 3022 3759 καὶ
3066 3704 3314 3759 λέλεκται
3354 3704 3509 3773 παρά
3551 3701 3647 3757 τοῦ
3694 3701 3923 3773 Κυρίου·

2366 3800 2513 3853 Οὐαί
2543 3797 2623 3863 τῷ
2642 3796 2857 3867 ’κόσμῳ
2881 3798 2997 3852 ἀπὸ
3026 3795 3147 3850 τῶν
3173 3794 3555 3851 σκανδάλων.
3590 3793 3701 3850 Καὶ
3729 3794 3891 3848 πάλιν
3912 3809 3924 3823 ·

2366 3889 2659 3959 Συμφέρει
2688 3891 2788 3943 ἵνα
2811 3889 3005 3959 μύλος
3048 3888 3250 3954 ὀνικὸς
3283 3886 3427 3954 ὄεθῇ
3472 3886 3607 3955 περὶ
3647 3887 3756 3941 τὸν
3797 3886 3926 3954 τρά-

2364 3985 2560 4051 χηλον
2586 3981 2806 4073 αὑτοῦ,
2834 3981 2933 4034 καί
2952 3978 3105 4049 pisci
3132 3982 3220 4047 είς
3251 3977 3364 4045 τὴν
3389 3977 3737 4042 θάλασσαν,
3768 3977 3805 4044 ἣ
3834 3978 3929 4029 ἵνα

2366 4067 2775 4140 σκανδαλίσῃ
2800 4071 2910 4125 ἕνα
2969 4072 3197 4125 τούτων
3246 4068 3365 4125 τῶν
3411 4067 3773 4138 ἐλαχίστων.
3822 4068 3928 4121 Καὶ

2370 4160 2633 4233 θαυμάζω
2678 4162 2795 4226 πῶς
2837 4162 2872 4233 ἡ
2906 4161 3158 4231 τιμιότης
3200 4178 3315 4224 σου,
3359 4158 3605 4214 ἀσκοῦσα
3632 4159 3725 4212 καὶ
3764 4173 3927 4228 προσ·

2370 4253 2598 4323 κειμένη
2643 4252 2763 4323 Θεῷ
2796 4254 2854 4306 ιν
2881 4252 3157 4317 τοσούτοις
3187 4251 3385 4318 ἐτεσιν,
3418 4248 3789 4322 ἀφροντίστως
3822 4249 3928 4317 ἔχει

2371 4347 2499 4417 περὶ
2544 4344 2638 4399 τοῦ
2683 4344 2931 4399 κινδύνου
2958 4344 3181 4399 τούτου·
3223 4343 3282 4407 ὃς
3317 4344 3367 4397 εί
3412 4342 3487 4415 μὴ
3530 4340 3812 4412 διωρθωθῇ
3848 4338 3930 4392 διὰ

2372 4438 2554 4507 πάσης
2583 4436 2821 4506 σπουδῆς
2853 4452 2944 4489 σου
2974 4435 3070 4489 καὶ
3098 4435 3417 4505 ἐπιμελείας
3440 4475 3458 4501 ,
3486 4434 3548 4487 οὐ
3577 4434 3737 4505 μόνον
3776 4432 3932 4501 κενὴν

2296 4564 2343 4619 D
2373 4529 2554 4583 πᾶσάν
2582 4544 2679 4619 σου
2712 4528 2816 4596 τὴν
2843 4526 3075 4619 ἄσκησιν
3108 4526 3437 4619 ἐργάσεται,
3626 4524 3934 4619 statu-adﬁatu

2370 4636 2430 4673 σε
2471 4618 2606 4673 θεοῦ
2651 4619 2903 4689 ποιήσει,
2943 4617 2972 4672 δ
3005 4616 3081 4687 μὴ
3106 4617 3340 4686 γένοιτο.
3385 4616 3485 4670 Διά
3510 4614 3691 4682 τοῦτο,
3720 4616 3933 4684 ἀδελφὲ,

2365 4711 2700 4782 φιλαδέλφως
2748 4708 2991 4781 κινηθεὶς
3020 4708 3128 4779 πρὸ
3156 4708 3323 4782 τριῶν
3374 4708 3510 4763 ἑτῶν
3531 4748 3548 4773 ,
3576 4709 3739 4778 ἡνίκα
3774 4708 3936 4779 ἐπλη-

2367 4804 2531 4859 σίασα
2582 4805 2694 4867 τοῖς
2740 4801 2931 4856 αὐτόθι
2978 4801 3087 4855 ἀπὸ
3139 4783 3396 4873 Σμύρνης
3447 4800 3686 4855 ἐπανιὼν
3741 4803 3835 4855 καὶ
3879 4800 3937 4855 τὺ

2368 4894 2577 4967 σχίσμα
2607 4893 2963 4965 μεμαθηκὼς,
2996 4892 3211 4965 ἔγραψά
3254 4910 3338 4947 σοι
3380 4892 3524 4964 ἀπερ
3572 4893 3807 4964 ἀκήκοα,
3844 4897 3938 4946 καὶ

2366 4988 2441 5051 ὡς
2465 4987 2546 5040 δεῖ
2571 5003 2629 5039 σε
2658 4988 2877 5057 φρονεῖν
2908 4986 3039 5055 περὶ
3064 4986 3165 5056 τῆς
3204 4985 3483 5056 ἀληθείας,
3514 4986 3610 5040 καὶ
3635 4985 3712 5049 ὡς
3750 4987 3939 5055 φυγεῖν

2367 5080 2460 5134 τὸν
2493 5078 2877 5150 ἐπηρτημένον
2910 5078 3153 5132 κίνδυνον
3177 5076 3272 5131 τοῦ
3323 5079 3645 5134 σκανδάλου.
3692 5079 3804 5131 Καὶ
3841 5078 3937 5130 οὐκ

2368 5171 2712 5244 ἀπέγραψάς
2778 5186 2904 5242 μοι’
2958 5171 3055 5225 καὶ
3106 5172 3270 5226 πάλιν
3319 5170 3637 5242 δεδήλωκα,
3692 5171 3786 5225 καὶ
3841 5170 3938 5223 οὐκ

2371 5263 2681 5335 ἀπεκρίθης
2730 5278 2855 5333 μοι·
2892 5263 3170 5318 καὶτοῦτο
3212 5265 3514 5336 κατηγορία
3545 5263 3808 5334 ἐναργὴς,
3845 5262 3936 5316 τοῦ

2375 5352 2453 5423 μὴ
2477 5352 2653 5406 θέλειν
2678 5368 2735 5405 σε
2764 5352 2895 5406 Θεὸν
2922 5353 3271 5426 θεραπεύειν,
3306 5354 3443 5427 μηδὲ
3472 5353 3783 5425 ὀρθοποδεῖν
3810 5354 3936 5421 περὶ

2370 5445 2469 5517 τὴν
2496 5445 2777 5517 ἀλήθειαν.
2804 5446 2915 5500 Καὶ
2943 5446 3321 5520 συγχώρησον,
3347 5448 3423 5519 μὴ
3450 5446 3934 5517 καταγανακτήσῃς

3016 5636 3083 5671 ³⁸·
3105 5633 3293 5693 Matth.
3322 5647 3479 5703 xvut,
3508 5632 3563 5690 7.
3640 5633 3685 5667 ³⁹
3708 5630 3842 5691 ibid.
3875 5628 3927 5688 6.

2214 5746 2444 5806 ΝΟΤᾹΞ.

782 5844 895 5919 (ιο)
928 5846 987 5902 In
1016 5845 1138 5904 cod.
1179 5846 1309 5919 Reg.
1337 5850 1470 5918 ρνγ’.
