4156 6510
302 442 435 507 1441

1496 451 2032 517 EPISTOLARUM
2082 454 2230 514 LIB.
2271 453 2357 513 ΙΙ.

3422 446 3558 509 1449.

301 577 406 630 μου
447 557 699 627 λέγοντος
720 558 781 612 τὸ
802 556 1021 629 ἀληθές.
1040 558 1387 629 Γέγραπται·
1419 562 1676 635 Ἐλεγμῷ
1707 568 1873 637 ἑλέτ-

1983 568 2089 623 lt’us
2112 568 2178 621 ³³.
2203 568 2279 621 En
2311 580 2413 635 ego
2443 563 2631 627 miser,
2664 564 2880 619 tametsi
2906 572 2959 619 te
2988 578 3268 635 nunquam
3296 562 3429 627 vidi,
3453 563 3559 618 hoc

301 654 429 720 ξεις
472 652 577 706 τὸν
626 650 897 718 πλησίον
934 665 1073 716 σου,
1119 653 1218 706 καὶ
1252 655 1325 708 οὐ
1362 655 1533 723 λήψῃ
1571 656 1646 709 δι’
1691 659 1881 712 αὐτὸν

298 744 615 815 ἁμαρτίαν.
643 742 775 796 Ἰδοὺ
800 740 910 809 ἐγὼ
935 742 964 794 ό
983 742 1171 808 τάλας,
1198 742 1400 812 καίπερ
1424 745 1497 816 μὴ
1525 746 1646 801 ἰδών
1676 766 1736 801 σε
1760 747 1877 808 πώ·-

298 855 467 902 ποτε,
513 835 630 889 ἀλλ’
660 835 742 888 ὃτι
771 835 1003 905 ἀδελφὸς
1048 835 1191 889 κατά
1234 836 1494 906 Χριστὸν,
1536 840 1639 892 οὐκ
1673 841 1881 911 ἤνεγκα

298 930 398 997 τὴν
447 925 617 995 ἀκοὴν
648 925 831 996 φόϐῳ·
875 926 1093 998 ἑλεγμῷ
1144 927 1201 981 δὲ
1243 928 1485 998 ἧλεγξα·
1540 934 1879 1000 παρακαλῶν

300 1019 677 1090 παρεκάλεσα,
706 1019 1072 1089 ἀποδυόμενος
1094 1019 1155 1073 τὸ
1187 1023 1385 1092 κρῖμα,
1428 1025 1524 1075 καὶ
1574 1024 1744 1091 φιλῶν
1781 1026 1879 1097 τὴν

300 1110 581 1181 σωτηρίαν
610 1128 728 1165 σου.
758 1111 882 1175 Πῶς
908 1111 1075 1175 αὐτὸς
1102 1113 1131 1165 ὁ
1172 1112 1483 1183 ἐγκληθεὶς,
1510 1115 1605 1167 καὶ
1628 1115 1722 1169 τοῦ
1763 1118 1880 1186 σχί-

298 1220 511 1272 σματος
537 1203 754 1274 πατὴρ,
780 1204 945 1266 οἴσεις
986 1203 1048 1256 τὸ
1089 1206 1299 1274 κρίμας
1333 1204 1450 1269 πῶς
1477 1206 1532 1258 δὲ
1564 1207 1877 1280 ἀπολογήσῃ

296 1293 379 1363 τῷ
407 1294 629 1364 Χριστῷ
662 1294 802 1363 ὑπὲρ
824 1293 1083 1347 τοσούτου
1120 1292 1252 1347 λαοῦ
1280 1294 1879 1365 εὐθυνόμενοςςξἸωάν-

297 1402 392 1437 νου
418 1383 513 1436 τοῦ
543 1384 854 1454 προδρόμου
904 1385 953 1436 εἰ
984 1383 1047 1436 τὸ
1090 1383 1254 1454 ἔργον
1285 1383 1453 1454 ἔχοις,
1496 1386 1651 1437 κενόν
1684 1402 1744 1438 σε
1781 1388 1880 1456 τῆς

299 1477 579 1547 βασιλείας
606 1477 923 1547 ἀποπέμψει
950 1476 1047 1530 τοῦ
1079 1477 1236 1543 Θεοῦ,
1259 1479 1308 1530 εί
1336 1477 1411 1549 μὴ
1444 1478 1879 1551 προκαταλάϐοις

296 1569 719 1639 διορθώσασθαι.
764 1568 860 1633 Τίς
897 1568 953 1622 δὲ
988 1571 1022 1639 ἡ
1053 1568 1371 1640 διόρθωσις;
1418 1571 1468 1622 εί
1516 1570 1614 1640 μέν
1654 1564 1764 1624 οἷόν
1794 1587 1878 1633 τε,

298 1660 397 1713 σοῦ
430 1661 595 1714 αὑτοῦ
663 1661 957 1728 παρόντος·
1009 1661 1058 1713 εί
1099 1660 1157 1713 δὲ
1198 1660 1304 1731 μὴ,
1338 1660 1405 1714 δι’
1446 1662 1745 1715 ἀποστόλου
1784 1679 1878 1715 σου

297 1751 569 1823 ἀπολογία
597 1754 961 1824 γραμματικῇ
992 1754 1119 1821 περὶ
1144 1746 1220 1805 ὧν
1246 1752 1514 1825 πρότερον
1555 1752 1875 1825 ὲνεκλήθης,

298 1841 495 1896 ἀθωῶν
526 1844 718 1897 ἑαυτὸν
765 1843 853 1897 διὰ
896 1843 997 1912 τῆς
1029 1843 1352 1912 ἀπολογίας,
1386 1844 1480 1897 καὶ
1507 1844 1876 1898 ὑποδεικνύων

1979 675 2091 714 uno
2127 659 2275 730 quod
2304 657 2477 712 frater
2522 658 2577 710 in
2610 656 2833 711 Christo
2869 671 3028 712 meus
3065 671 3148 719 es,
3181 656 3328 723 quod
3371 655 3560 709 audie-

1980 767 2094 806 ram
2138 761 2283 806 metu
2330 765 2439 803 non
2490 749 2616 803 silui
2649 767 2663 803 :
2692 748 2785 803 sed
2816 763 3051 818 arguens
3103 748 3283 819 argui,
3334 747 3559 802 hortans

1979 843 2226 897 hortatus
2260 856 2381 895 sum
2404 840 2674 909 judicium
2719 856 2951 903 exuens,
3000 850 3048 894 et
3088 854 3283 893 amans
3315 838 3557 893 salutem

1979 939 2151 984 tuam.
2191 929 2478 995 Quomodo
2519 929 2634 997 ipse
2663 929 2755 998 qui
2803 929 3106 992 accusaris,
3144 934 3198 981 et
3232 925 3556 981 schismatis

1977 1038 2037 1077 es
2077 1030 2287 1084 auctor,
2325 1019 2589 1089 judicium
2633 1020 2969 1073 sustinebis?
3000 1019 3287 1083 Quomodo
3336 1019 3555 1072 Christo

1978 1112 2373 1183 respondebis,
2428 1126 2526 1179 pro
2560 1118 2711 1165 tanto
2764 1121 2909 1165 cmtu
2959 1110 3229 1164 rationem
3277 1108 3555 1163 reddens?

1978 1203 2128 1258 Licet
2156 1201 2382 1256 Joannis
2427 1203 2778 1271 praecursoris
2822 1217 2984 1268 onera
3055 1200 3279 1255 fecisses
3319 1216 3550 1255 vacuum

1979 1304 2031 1350 te
2060 1311 2089 1350 a
2130 1311 2298 1363 regno
2332 1296 2420 1349 Dei
2456 1295 2793 1359 amandabit,
2827 1294 2933 1347 nisi
2987 1303 3228 1348 matures
3267 1293 3552 1347 correctio-

1977 1404 2123 1442 nem.
2182 1389 2441 1454 Quaenam
2495 1403 2661 1457 porro
2718 1394 2801 1441 est
2865 1385 3181 1441 correctio?
3235 1385 3283 1440 si
3331 1384 3550 1454 quidem

1980 1479 2093 1533 lieri
2138 1486 2339 1548 potest,
2390 1480 2565 1548 teipso
2608 1486 2904 1548 prtesente;
2951 1476 3035 1531 sin
3095 1477 3299 1541 minus,
3346 1486 3406 1529 ut
3456 1491 3553 1545 per

1976 1569 2253 1623 hominem
2283 1570 2381 1623 abs
2416 1577 2467 1622 te
2494 1568 2717 1632 misum,
2750 1568 3019 1623 insontem
3046 1574 3096 1621 te
3127 1567 3332 1636 scripta
3364 1567 3551 1621 defen-

1978 1662 2132 1717 sione
2166 1661 2491 1732 comprobes
2521 1660 2573 1713 in
2606 1660 2673 1715 iis
2705 1660 2771 1714 de
2795 1659 2997 1729 quibus
3028 1659 3291 1714 hactenus
3318 1674 3546 1713 accusa-

1978 1762 2066 1809 tus
2092 1769 2171 1820 es,
2211 1763 2415 1809 rectam
2453 1752 2637 1817 tidem,
2677 1761 3001 1821 rectumque
3033 1751 3086 1804 in
3119 1750 3376 1805 omnibus
3407 1751 3549 1804 veri-

1978 1845 2106 1900 tatis
2145 1861 2455 1900 sermonem
2504 1844 2819 1899 ostendens.
2850 1841 3028 1912 Atque
3066 1843 3170 1897 hoc
3208 1841 3375 1896 modo
3406 1840 3548 1895 Facta

296 1934 465 2005 ὀρθὴν
511 1934 610 2005 τὴν
655 1934 859 1997 πίστιν,
908 1934 1002 1987 καὶ
1035 1934 1135 2005 τὴν
1164 1936 1250 2003 ἐφ’
1292 1933 1497 1988 ἆπασιν
1543 1935 1872 2006 ὀρθοτομίαν

1979 1936 2028 1987 in
2073 1935 2307 1989 Domino
2360 1934 2675 1997 concordia.
2736 1950 2845 1987 non
2897 1934 3075 1988 dicam
3126 1947 3250 1986 cum
3308 1932 3415 1987 hoc
3462 1937 3545 1985 vel

295 2026 392 2079 τοῦ
424 2026 583 2095 λόγου
609 2028 708 2099 τῆς
733 2027 1010 2099 ἀληθείας.
1056 2028 1165 2080 Καὶ
1191 2025 1363 2090 οὕτως
1406 2028 1703 2098 γενομένης
1737 2030 1871 2097 ὀμο-

296 2119 447 2182 νοίας
479 2121 537 2173 ὲν
588 2120 778 2190 Κυρίῳ
804 2162 820 2186 ,
860 2119 921 2172 οὐ
959 2119 1104 2186 λέγω
1155 2119 1293 2188 μετὰ
1337 2119 1493 2172 τοῦδε
1549 2120 1645 2173 καὶ
1691 2120 1867 2184 τοῦδε,

296 2208 442 2263 ἀλλά
469 2209 587 2280 μετ’
615 2210 751 2281 ἐμοῦ
786 2210 948 2281 μόνου
980 2209 1074 2263 τοῦ
1107 2209 1389 2275 ταπεινοῦ,
1433 2209 1573 2281 ήρθη
1604 2210 1664 2264 τὸ
1704 2209 1868 2264 σκάνα-

297 2300 458 2354 δαλον
485 2302 549 2354 ἐκ
578 2303 780 2371 μέσου,
831 2300 928 2354 καὶ
971 2300 1217 2370 συνήφθη
1254 2293 1329 2353 ’τά
1377 2301 1670 2355 διεστῶτα’
1712 2302 1805 2354 καὶ
1843 2302 1871 2353 ὀ

298 2390 505 2463 Κύριος
546 2393 605 2446 έν
650 2384 799 2463 μέσῳ
825 2392 1004 2464 ἡμῶν,
1060 2394 1155 2447 καὶ
1179 2394 1240 2446 οὐ
1282 2393 1772 2465 βλασφημούμενον
1808 2393 1871 2447 τὸ

296 2488 466 2559 δνομα
487 2488 649 2543 αὑτοῦ
667 2489 734 2542 δι’
755 2491 899 2559 ἡμᾶς
920 2504 933 2517 ·
953 2489 1013 2542 οὐ
1044 2489 1189 2556 λέγω
1213 2489 1270 2540 έν
1292 2491 1402 2552 τοῖς
1427 2488 1656 2551 ἔθνεσιν,
1674 2488 1787 2540 ἀλλ’
1810 2489 1870 2540 έν

295 2579 409 2639 τοῖς
428 2578 789 2648 Χριπιανοῖς.
807 2579 924 2633 Κάν
939 2595 1084 2641 τινες
1108 2577 1472 2647 διαφέρωνται
1496 2577 1635 2648 μετά
1653 2577 1751 2647 τὴν
1788 2578 1869 2641 είς

298 2668 567 2739 ἀλλήλους
590 2670 908 2742 συμφωνίαν
936 2668 1346 2742 διδαχθὴσονται
1376 2671 1471 2724 καὶ
1496 2671 1867 2741 συναφθήσον-

298 2779 391 2816 ται
418 2762 487 2816 δι’
522 2763 678 2835 ἡμῶν
707 2763 884 2817 αὐτῶν
908 2762 1019 2816 τῶν
1046 2762 1320 2816 ταπεινῶν
1351 2763 1868 2833 ὑπερασπιζομένων

300 2872 383 2919 σε,
428 2855 503 2919 ὡς
548 2856 806 2925 ἐμαυτόν.
840 2856 948 2908 Καὶ
981 2855 1142 2917 ἵλεως
1190 2853 1344 2908 ἔσται
1377 2856 1529 2919 Θεὸς,
1564 2855 1658 2907 καὶ
1689 2858 1717 2908 ὁ
1755 2853 1870 2924 βίος

300 2962 396 2998 σου
426 2946 568 2999 οὓτω
601 2947 893 3017 μακάριος,
920 2946 1016 2999 καὶ
1044 2946 1106 2999 τὸ
1126 2946 1278 3009 τέλος
1305 2963 1397 3001 σου
1426 2946 1661 3012 αἰνετὸν,
1681 2948 1777 2999 καὶ
1801 2946 1870 2999 τὰ

301 3038 786 3110 ἑγκαταλείμματά
827 3056 921 3092 σου
948 3027 1006 3092 ἔν
1034 3038 1368 3111 δικαιοσύνῃ.
1407 3039 1538 3092 Ἰδοὺ
1571 3038 1796 3109 δευτέρα
1832 3040 1865 3109 ή

301 3131 563 3202 ἐπιστολή
598 3148 701 3202 μου
744 3131 881 3201 αὕτη
912 3133 946 3203 ἡ
974 3131 1221 3200 εὐτελής.
1264 3132 1375 3184 Καὶ
1415 3132 1463 3183 εί
1512 3129 1612 3200 μὲν
1650 3130 1869 3200 δράσεις

299 3223 369 3275 τὰ
396 3222 603 3287 δέοντα,
626 3221 802 3293 δηλῶν
826 3223 919 3277 καὶ
940 3222 1377 3293 ἀπολογούμενος
1405 3239 1471 3275 πε
1481 3223 1533 3292 pl.
1555 3223 1772 3277 πάντων
1792 3215 1867 3274 ὧν
1893 3256 1941 3318 c

298 3313 506 3384 ἐγκαλῇ
532 3353 547 3379 ,
583 3314 886 3386 έκερδήθης
929 3316 960 3368 ό
1000 3314 1226 3384 ἁδελφὸς
1274 3314 1453 3386 ἡμῶν,
1503 3314 1868 3384 κυριολέκτως

299 3408 502 3472 εἰπεῖν,
530 3408 624 3460 καὶ
648 3408 909 3479 χαίρομεν
940 3407 1034 3462 ἐπὶ
1058 3408 1141 3460 σοὶ
1166 3407 1311 3477 μέγα
1334 3409 1385 3461 οἱ
1411 3408 1676 3462 ταπεινοί.
1698 3408 1760 3461 Εἰ
1786 3408 1865 3472 δὲ,

297 3500 438 3570 ὅπερ
470 3500 659 3571 ἀπείη,
708 3500 973 3572 ἑμμείνῃς
1004 3502 1064 3555 ὲν
1090 3503 1156 3572 τῇ
1183 3501 1321 3572 αὐτῇ
1350 3503 1525 3571 σιωπῇ
1555 3501 1649 3554 καὶ
1695 3502 1869 3554 ἀπει-

298 3592 442 3662 θείᾳ,
478 3592 767 3663 βαστάσοις
797 3592 859 3646 τὸ
881 3594 1057 3663 κρίμα
1100 3592 1340 3657 αἰώνιον,
1372 3594 1629 3663 ἄπρακτα
1659 3592 1866 3657 ἀσκῶν,

303 3685 505 3753 μᾶλλον
532 3684 590 3738 δὲ
631 3684 889 3755 ὀλεθρίως
931 3686 1133 3756 σχίζων
1157 3686 1248 3738 τὸν
1284 3684 1410 3738 λαὸν
1442 3684 1535 3738 τοῦ
1571 3684 1706 3737 Θεοῦ
1729 3724 1744 3747 ,
1784 3684 1870 3737 διὰ

298 3775 400 3844 τῆς
425 3776 635 3839 οἰκείας
667 3776 1033 3848 ίδιοπραγίας.
1082 3777 1273 3847 Ἡμεῖς
1318 3776 1373 3829 δὲ
1421 3776 1756 3845 προσέξομεν
1792 3775 1869 3845 τῷ

312 3866 621 3939 ’Δποστόλῳ
645 3868 854 3937 λέγοντι
876 3883 890 3898 ⁸
906 3868 1215 3936 Αιρετικὸν
1233 3869 1547 3937 ἄνθρωπον
1563 3870 1711 3937 μετὰ
1725 3868 1873 3936 μίαν

298 3957 399 4010 καὶ
424 3957 714 4029 δευτέραν
743 3962 1071 4015 νουθεσίαν
1099 3961 1410 4030 παραιτοῦ,
1457 3960 1628 4025 εἰδὼς
1657 3960 1745 4014 ὅτι
1774 3960 1873 4023 ἐξ·-

297 4049 624 4115 έστραπται
670 4053 704 4103 ό
756 4050 1044 4116 τοιοῦτος,
1075 4051 1175 4104 καὶ
1215 4049 1534 4120 ἁμαρτάνει
1576 4049 1664 4102 ὢν
1698 4050 1873 4102 αὺτο-

298 4140 673 4209 κατάκριτος.

457 4279 607 4334 ΡΛΘ’
637 4280 774 4353 (30).
797 4282 1158 4352 -Στεφάνῳ
1186 4282 1513 4352 ἡγουμένῳ.
1548 4280 1706 4355 Nam]

1972 2027 2088 2092 illo,
2134 2027 2226 2082 sed
2259 2042 2381 2081 cum
2432 2028 2550 2082 solo
2594 2044 2682 2081 me
2727 2026 2945 2092 humili,
3000 2026 3220 2080 tolletur
3248 2024 3316 2079 de
3360 2026 3547 2079 medio

1971 2119 2310 2185 scandalum,
2340 2126 2393 2173 et
2418 2119 2729 2174 coalescent
2756 2132 2878 2187 qua:
2906 2116 3118 2171 divulsa
3156 2124 3282 2171 sunt
3312 2124 3413 2175 εει
3439 2113 3547 2168 Do-

1971 2211 2155 2265 minus
2194 2211 2247 2265 in
2291 2210 2473 2265 medio
2507 2219 2750 2266 nostrum
2781 2228 2795 2265 :
2826 2221 2882 2264 et
2926 2223 3032 2263 non
3078 2207 3546 2277 blasphemabitur

1971 2319 2171 2357 nomen
2214 2303 2335 2374 ejus
2376 2312 2598 2372 propter
2649 2316 2773 2365 nos,
2823 2317 2934 2355 non
2979 2302 3103 2356 dico
3149 2302 3295 2355 inter
3336 2310 3543 2369 gentes,

1972 2397 2067 2453 sed
2106 2398 2249 2452 inter
2292 2396 2656 2451 Christianos.
2708 2394 2864 2462 Quod
2918 2393 2964 2449 si
2998 2394 3089 2463 qui
3119 2403 3243 2464 post
3297 2405 3543 2448 mutuam

1971 2489 2319 2545 concordiam
2370 2487 2749 2549 dissenserint,
2791 2486 3153 2549 docebuntur,
3195 2494 3251 2540 et
3286 2484 3546 2540 unientur

1970 2599 2066 2654 per
2110 2597 2212 2637 nos
2244 2580 2502 2643 humiles,
2538 2580 2631 2649 qui
2672 2588 2723 2634 te
2767 2579 2910 2634 sicut
2954 2592 3057 2633 nos
3112 2577 3264 2646 ipsos
3290 2576 3547 2632 defende-

1972 2691 2117 2732 mus.
2162 2674 2230 2729 Et
2263 2674 2532 2745 propitius
2581 2672 2685 2727 erit
2724 2673 2889 2733 Deus,
2924 2680 2980 2725 et
3008 2671 3117 2724 vita
3160 2678 3253 2723 tua
3281 2668 3460 2734 beata,
3492 2683 3547 2723 et

1972 2770 2096 2824 ﬁnis
2134 2777 2261 2823 tuus
2312 2765 2626 2831 laudabilis,
2679 2772 2735 2819 et
2782 2762 3025 2833 reliquiae
3066 2770 3172 2816 tua:
3220 2760 3275 2814 in
3303 2760 3541 2830 justitia.

1970 2860 2111 2917 Ecce
2156 2860 2274 2914 hzec
2304 2858 2546 2914 secunda
2590 2866 2674 2911 est
2715 2871 2836 2910 mea
2881 2855 3059 2909 tenuis
3101 2852 3351 2922 epistola.
3381 2851 3460 2908 Ac
3498 2853 3547 2907 si

1972 2955 2196 3025 quidem
2225 2969 2349 3023 quae
2375 2950 2710 3007 conveniunt
2756 2949 2952 3020 egeris,
2998 2948 3284 3002 declarans
3318 2960 3543 3016 respon-

1972 3050 2217 3117 deusque
2254 3048 2323 3101 de
2352 3045 2612 3102 omnibus
2651 3058 2887 3113 quorum
2930 3042 3292 3103 insimularis,
3324 3036 3546 3094 lucrifa-

1972 3151 2091 3195 ctus
2112 3154 2171 3193 es
2205 3136 2373 3191 frater
2402 3144 2609 3198 noster,
2640 3145 2699 3187 ut
2733 3132 2947 3186 Domini
2981 3145 3113 3185 voce
3144 3140 3363 3184 utamur
3386 3128 3452 3194 ",
3489 3136 3545 3182 et

1970 3233 2037 3287 de
2093 3240 2147 3287 te
2193 3230 2429 3285 humiles
2473 3240 2804 3297 magnopere
2858 3224 3181 3295 gaudemus.
3236 3222 3331 3277 Sin
3387 3236 3542 3285 vero,

1967 3324 2111 3396 quod
2140 3323 2304 3387 absit,
2346 3322 2399 3375 in
2446 3322 2637 3377 eodem
2671 3318 2889 3374 silentio
2926 3325 2982 3371 et
3011 3315 3383 3371 inobedientia
3418 3329 3543 3384 per-

1968 3415 2194 3481 stiteris,
2228 3413 2502 3484 judicium
2539 3410 2781 3482 perieres
2808 3408 3226 3478 sempiternum,
3258 3409 3540 3461 incassum

1968 3517 2025 3562 te
2053 3520 2341 3570 exercens,
2380 3512 2477 3559 aut
2518 3506 2701 3573 potius
2729 3502 2961 3558 exitiose
3002 3500 3249 3555 dividens
3277 3500 3541 3569 populum

1970 3598 2066 3655 Dei
2091 3614 2188 3669 per
2217 3598 2482 3668 privatam
2514 3606 2662 3651 tuam
2687 3597 2985 3651 actionem.
3010 3592 3119 3648 Nos
3146 3607 3275 3646 vero
3300 3593 3540 3661 Aposto-

1966 3692 2083 3746 lum
2119 3690 2409 3745 audiemus
2439 3689 2704 3743 dicentem
2733 3706 2747 3743 :
2782 3686 3106 3741 ereticum
3134 3684 3393 3737 hominem
3421 3690 3541 3751 post

1972 3801 2131 3840 unam
2169 3793 2219 3837 et
2248 3783 2531 3837 secundum
2576 3781 2951 3849 correptionem
2979 3779 3173 3841 devita,
3218 3777 3388 3831 sciens
3417 3777 3543 3843 quia

1973 3876 2251 3932 subversas
2288 3876 2477 3944 estqui
2508 3872 2768 3942 ejusmodi
2790 3879 2887 3932 est,
2927 3879 2977 3924 et
3013 3868 3291 3941 delinquit,
3323 3882 3442 3919 cum
3472 3865 3543 3917 sit

1973 3972 2187 4041 proprio
2214 3969 2425 4038 judicio
2452 3968 2832 4021 condemnatus
2854 3964 2901 3995 ³⁸

2243 4277 2526 4336 CXXXIX.
2556 4308 2624 4319 --
2659 4273 2922 4345 Stephano
2970 4271 3274 4343 praeposito.

812 4392 944 4445 Nihil
969 4402 1139 4444 vetare
1160 4395 1421 4457 quominus
1453 4395 1639 4445 mensis
1658 4393 1975 4456 benedicant,
2007 4392 2093 4457 qui
2126 4400 2236 4455 post
2259 4394 2451 4455 lapsum
2485 4387 2831 4454 pienitentiam
2856 4398 3026 4448 egere.

385 4500 450 4553 Ἢ
501 4499 762 4571 συχνότης
798 4500 907 4554 τῶν
945 4501 1288 4572 γραμμάτων
1332 4500 1715 4571 πυκνουμένην
1762 4502 1870 4555 δεί-

2042 4498 2319 4555 Crebritas
2351 4498 2654 4550 litterarum
2685 4492 3059 4547 vehementem
3087 4485 3324 4542 ostendit
3356 4484 3540 4539 chari-

300 4609 458 4647 κνυσι
480 4592 577 4664 τὴν
606 4595 828 4662 ἀγάπην
858 4596 955 4665 τῆς
983 4595 1297 4665 τιμιότητός
1328 4611 1449 4659 σου,
1475 4593 1727 4663 πατρικῷ
1754 4593 1866 4646 ἔθει

302 4685 746 4767 ἐπερειδομένην.
792 4687 1056 4749 Κάκεῖνος
1080 4687 1189 4757 γὰρ
1209 4688 1249 4739 ’ό
1285 4687 1552 4756 μακάριος
1582 4687 1718 4756 πρὸς
1753 4688 1867 4748 τοῖς

299 4773 482 4838 ἄλλοις
519 4776 683 4829 αὑτοῦ
726 4776 1140 4847 κατορθώμασι,
1182 4780 1277 4830 καὶ
1301 4778 1437 4847 τῷδε
1468 4776 1547 4847 τῷ
1577 4777 1867 4846 ἐπιτηδεό-

304 4883 437 4935 ματι
464 4866 809 4939 δημιουργῶν
838 4864 904 4940 ἦν
928 4869 1061 4939 πρὸς
1081 4871 1206 4931 τοὺς
1236 4868 1495 4936 ἀδελφοὺς
1519 4868 1581 4921 τὸ
1606 4870 1701 4937 τῆς
1731 4868 1867 4934 ἀγά-

303 4973 415 5028 πης
448 4957 631 5014 καλόν.
659 4960 842 5031 Γράφε
875 4960 1077 5027 τοίνυν,
1125 4953 1170 5013 ὧ
1215 4961 1527 5031 τριπόθητε,
1565 4962 1866 5032 πατρώζων

303 5050 363 5102 ὲν
403 5048 612 5117 τούτῳ,
654 5052 800 5121 ἡμᾶς
846 5070 906 5105 τε
952 5052 1135 5123 ἡδίους
1184 5052 1351 5107 ποιῶν
1396 5053 1473 5123 τῷ
1518 5056 1731 5123 συνεχεί
1774 5054 1868 5107 τοῦ

304 5137 641 5209 φθέγματος.
706 5142 797 5213 Μὴ
869 5144 1053 5214 μέντοι
1112 5145 1350 5210 ἐπαίνει,
1418 5147 1550 5215 μηδὲ
1610 5147 1870 5217 σύγκρινε

304 5230 491 5300 χρυσῴ
517 5231 788 5301 μόλιϐδον,
822 5235 955 5304 μηδὲ
988 5237 1299 5307 μαργαρίτῃ
1332 5237 1523 5306 πηλόν.
1558 5238 1869 5307 Προσεύχου

301 5322 361 5375 δὲ
408 5323 628 5388 μᾶλλον,
678 5327 773 5379 καὶ
812 5327 965 5397 ὑμῶν
993 5328 1099 5381 τῶν
1142 5329 1353 5381 ἐκείνου
1394 5328 1609 5381 ὀπαδῶν
1642 5330 1869 5382 κατόπιν

306 5412 479 5466 ἰέναι·
506 5416 593 5469 διὰ
622 5417 683 5469 τὸ
721 5418 940 5489 ἀχρεῖον
986 5436 1051 5489 με
1097 5415 1237 5473 εἶναι
1269 5422 1326 5472 έν
1362 5422 1527 5473 πᾶσι⁸
1565 5420 1666 5474 κᾶν
1704 5420 1868 5483 αὐτὸς

303 5506 631 5576 ὠφελεῖσθαι
657 5510 838 5579 λέγοις
862 5497 999 5584 πρὸς
1023 5514 1180 5584 ἡμῶν
1204 5513 1309 5569 τῶν
1330 5513 1618 5583 ἀνωφελῶν
1644 5515 1868 5584 ἀγαπη-

376 5628 424 5660 ³³
446 5628 610 5686 Eccli.
637 5647 750 5692 xu.
786 5634 888 5703 i7;
932 5650 1069 5699 χχιι,
1105 5635 1187 5690 15.
1266 5638 1310 5668 ³⁵
1334 5634 1522 5693 Matth.
1556 5652 1708 5703 xvm,
1750 5636 1833 5691 15.

1971 4601 2132 4647 tatem
2181 4589 2496 4645 reverentiae
2536 4597 2661 4651 tum,
2706 4586 2760 4640 in
2810 4593 3037 4654 paterno
3081 4595 3233 4636 more
3282 4588 3541 4633 constan—

1970 4698 2100 4743 tem.
2133 4688 2268 4741 Nam
2297 4697 2351 4742 et
2374 4688 2569 4742 beatus
2592 4687 2702 4751 ille,
2726 4685 2867 4738 inter
2889 4682 2991 4737 alia
3023 4680 3237 4751 egregia
3270 4676 3538 4736 facinora,

1969 4785 2073 4838 hoc
2106 4784 2269 4838 etiam
2312 4783 2603 4853 pulchrum
2654 4778 2938 4834 charitatis
2972 4776 3211 4830 studium
3251 4770 3393 4841 apud
3430 4769 3542 4822 fra-

1971 4884 2081 4930 tres
2131 4875 2363 4930 l'ovebat.
2416 4873 2606 4928 Scribe
2662 4871 2848 4940 igitur,
2901 4868 3280 4929 dilectissime,
3323 4861 3538 4916 Patrem

1973 4970 2195 5023 imitans
2231 4968 2333 5022 hac
2380 4966 2433 5021 in
2469 4973 2643 5035 parte,
2692 4977 2901 5031 nosque
2945 4961 3263 5014 exhilarans
3304 4954 3540 5009 assidui—

1971 5066 2084 5113 tate
2126 5057 2417 5113 scrmonis.
2472 5057 2720 5109 Attamen
2775 5067 2842 5106 nc
2875 5050 3059 5111 lauda,
3114 5061 3214 5101 nec
3253 5044 3537 5115 plumbum

1972 5165 2099 5204 cum
2146 5164 2281 5202 auro
2331 5160 2609 5215 compara,
2662 5158 2762 5197 nec
2812 5142 2988 5196 lutum
3036 5154 3160 5194 cum
3222 5133 3536 5204 margarita.

1972 5241 2114 5308 Quin
2156 5242 2336 5310 potius
2391 5254 2487 5293 ora
2546 5245 2605 5289 ut
2651 5250 2749 5289 vos
2800 5234 2948 5288 illius
2985 5238 3344 5286 assectatorcs
3397 5241 3540 5295 pone

1973 5334 2406 5400 subsequantur;
2443 5328 2570 5399 quia
2606 5327 2813 5381 inutilis
2850 5340 2952 5395 ego
2978 5338 3099 5379 sum
3138 5323 3191 5375 in
3234 5319 3491 5374 omnibus
3524 5334 3536 5369 :

1975 5424 2191 5479 tametsi
2223 5422 2424 5477 amoris
2456 5422 2504 5475 vi
2545 5421 2823 5490 abreptus,
2849 5419 3028 5489 juvari
3062 5427 3112 5471 te
3150 5415 3302 5470 dicas
3332 5410 3541 5466 inutili-

1976 5515 2079 5568 bus
2110 5512 2459 5568 sermonibus
2497 5510 2722 5568 nostris.
2768 5508 2921 5574 Quod
2954 5508 2999 5565 si
3049 5520 3155 5577 qua
3192 5503 3289 5559 tibi
3331 5500 3543 5558 utilitas

1924 5636 1967 5668 ⁸⁸
1992 5635 2100 5691 Tit.
2132 5650 2214 5702 III,
2244 5633 2331 5690 10.

1798 5754 2023 5810 NOTAE.

377 5864 487 5936 (30)
519 5864 575 5921 In
607 5866 725 5923 (od.
765 5866 894 5939 lleg.
934 5875 1058 5940 pva'.
1135 5822 1141 5828 ι
