4156 6470
659 398 797 463 1443

1856 404 1917 463 S.
1962 402 2353 464 THEODORI
2398 403 2541 464 STU
2551 404 2744 465 DIT/E

3804 397 3936 463 1444

656 515 869 585 obtigit,
906 514 1017 568 Deo
1078 515 1463 570 ascribendum
1510 522 1619 578 est,
1652 515 1746 586 qui
1787 531 1909 585 qua:
1954 515 2242 586 profutura

2346 516 2510 580 τικῶς
2559 518 2885 587 φερόμενος.
2921 516 2982 570 Et
3018 515 3078 569 δὲ
3108 514 3202 569 καί
3249 532 3303 568 τι
3346 513 3677 585 ὀνησιφόρον
3721 530 3817 568 σου
3853 515 3936 582 γί-

657 621 811 672 snnt,
859 610 1000 664 inter
1048 610 1151 665 hos
1199 610 1433 679 illosque
1476 622 1669 665 mutuo
1705 611 2010 680 dispensat.
2060 612 2243 681 Atque

655 704 773 757 ha-c
816 704 889 757 ita
927 704 1057 758 sint.
1108 702 1185 758 De
1237 719 1304 757 eo
1350 714 1531 758 autem
1572 706 1721 773 quod
1767 708 1835 757 ab
1884 704 1954 758 iis
1999 705 2093 774 qui
2145 720 2269 774 per‘

655 798 1033 865 pcenitentiam
1080 797 1246 851 creati
1299 806 1447 867 sunt,
1499 796 1717 865 signum
1783 796 1836 850 in
1893 812 2099 859 mensa.
2147 806 2245 851 aut

654 888 762 942 alia
811 889 1071 959 quapiam
1112 889 1407 943 occasione
1450 889 1575 944 fieri
1606 890 2029 958 approbaverint
2079 892 2115 944 ii
2148 891 2241 959 qui

654 980 869 1048 lapsum
893 983 1003 1050 jam
1031 990 1350 1045 evaserant;
1378 982 1492 1049 jam
1522 996 1551 1033 a
1574 982 1781 1035 sanctis
1800 980 2055 1035 Patribus
2075 995 2246 1050 prope

655 1072 888 1125 dixerim
921 1073 1180 1144 synodice
1203 1073 1535 1142 inquisitum
1568 1081 1623 1128 et
1654 1074 1935 1127 decretum
1966 1085 2066 1137 est,
2104 1073 2245 1127 bene

654 1161 875 1225 habere,
915 1165 959 1217 si
995 1173 1049 1217 et
1080 1179 1183 1219 nos
1217 1164 1454 1218 humiles
1499 1180 1614 1218 rem
1663 1166 1860 1220 merito
1903 1165 2242 1235 probandam

656 1254 1060 1320 custodiamus,
1094 1264 1147 1309 et
1188 1256 1313 1309 aliis
1339 1255 1645 1310 tradamus.

730 1428 786 1483 Si
818 1446 948 1501 ergo
983 1441 1037 1485 et
1068 1431 1181 1499 ipse
1213 1431 1295 1485 vis
1336 1430 1390 1484 id
1435 1444 1675 1495 servare,
1734 1438 1788 1485 et
1842 1430 2134 1485 laudamus
2193 1437 2249 1485 et

655 1521 1022 1577 admittimus.
1064 1521 1221 1587 Quod
1250 1523 1394 1577 enim
1423 1532 1659 1576 renuunt
1690 1524 1937 1592 quidam,
1968 1523 2242 1590 superstio

657 1612 825 1665 tionis
878 1627 1016 1681 opus
1056 1623 1160 1675 cst,
1200 1629 1363 1681 quam
1406 1614 1758 1683 reprehendit
1794 1613 2109 1683 Apostolus,
2152 1615 2247 1668 sed

655 1719 777 1772 qua!
810 1720 911 1758 nec
956 1704 1059 1772 legi
1093 1715 1458 1759 consentanea
1510 1706 1600 1769 sit,
1654 1721 1754 1760 nec
1793 1705 2050 1763 fraterna:
2106 1705 2246 1760 dile-

655 1797 844 1850 ctioni.
886 1794 1043 1850 Unde
1084 1811 1321 1865 namque
1371 1806 1547 1851 tutum
1581 1798 1635 1852 id
1668 1814 1788 1853 csse
1810 1798 2240 1863 contirmabunt,

654 1905 779 1942 cum
810 1904 913 1942 nec
951 1904 1127 1943 canon
1172 1896 1348 1943 exstet
1409 1892 1504 1959 qui
1554 1892 1764 1945 sanciat
1797 1932 1813 1957 ,
1869 1907 1970 1946 nec
2020 1892 2239 1949 divinus
2274 1887 2315 1941 Β

655 1979 947 2033 hierarcha
1011 1988 1198 2035 noster
1239 1980 1343 2035 hoc
1399 1982 1567 2051 recipi
1598 1998 1627 2036 a
1657 1984 1815 2037 nobis
1847 1983 2013 2038 velit?
2039 1986 2236 2038 Annon

653 2072 839 2139 potius
870 2072 1102 2127 destruit
1132 2074 1533 2141 pinniteutiam,
1572 2084 1626 2129 et
1666 2076 2107 2143 desperationem
2153 2077 2237 2131 af-

654 2163 762 2217 fert
790 2164 1026 2219 salutis?
1057 2173 1134 2230 ut,
1168 2166 1255 2219 cui
1288 2176 1630 2221 sacramenta
1670 2168 1997 2236 participare
2043 2183 2241 2224 concc-

654 2256 823 2317 ditur,
867 2266 921 2308 et
959 2259 1177 2325 signare
1229 2260 1474 2328 seipsum
1529 2276 1749 2314 crucem
1788 2261 2048 2331 imagine,
2110 2263 2237 2321 huic

655 2361 767 2399 non
810 2346 968 2399 liceat
1000 2347 1183 2400 cibum
1218 2362 1565 2402 communem
1604 2348 1688 2403 vel
1718 2351 1973 2419 privatim
2023 2354 2111 2408 vel
2136 2370 2239 2424 pu-

653 2436 796 2490 blice
826 2437 1157 2508 obsignare?
1202 2439 1284 2491 An
1332 2440 1611 2495 nescimus
1664 2440 1870 2495 bonum
1917 2442 2087 2497 Deum
2142 2462 2239 2499 no-

654 2540 827 2583 strum
868 2540 922 2584 et
965 2529 1279 2595 Dominum,
1335 2531 1427 2601 qui
1480 2532 1634 2587 solus
1666 2549 1863 2603 expers
1894 2545 1978 2590 est
2008 2540 2235 2606 peccati,

654 2633 707 2675 et
733 2622 875 2675 tollit
908 2633 1191 2691 peccatum
1233 2626 1449 2690 mundi,
1485 2627 1777 2695 pertulisse
1823 2638 1879 2681 ut
1915 2628 2238 2685 immacula-

658 2726 741 2769 tos
773 2715 945 2785 ipsius
976 2716 1141 2784 pedes
1172 2718 1431 2771 meretrix
1465 2718 1723 2774 manilius
1749 2730 2019 2790 tangeret,
2064 2738 2237 2793 unge-

654 2816 844 2876 retqne
905 2809 1161 2879 lacrymis
1217 2811 1420 2879 pariter
1457 2820 1510 2865 et
1546 2815 1861 2883 unguento?
1900 2814 2005 2870 Sed
2027 2826 2080 2871 et
2112 2833 2235 2871 cum

656 2900 965 2968 publicanis
1024 2902 1340 2966 manducat,
1381 2912 1436 2957 et
1495 2905 1636 2974 apud
1673 2906 2020 2975 publicanos,
2059 2922 2113 2962 et
2136 2926 2238 2979 pu-

657 2993 904 3048 blicauos
933 2991 1095 3048 habet
1135 2995 1439 3064 discipulos
1482 3012 1497 3050 :
1544 2999 1788 3069 nihilque
1819 3001 1896 3053 illi
1940 3001 2075 3056 adeo
2105 3003 2239 3058 cha—

658 3102 779 3139 rum
810 3096 911 3153 est,
943 3103 1007 3142 ac
1032 3091 1321 3143 conversio
1350 3106 1377 3143 a
1412 3101 1655 3160 peccato.
1702 3104 1753 3147 et
1784 3104 1973 3148 mutua
1998 3096 2238 3151 dilectio.

657 3179 786 3232 lndc
820 3189 874 3233 et
919 3181 1139 3249 agnosci
1193 3181 1494 3250 discipulos
1543 3198 1674 3237 suos
1714 3183 2000 3252 designat:
2038 3194 2094 3241 et
2117 3189 2242 3257 qui-

2349 626 2515 671 νοιτο,
2539 609 2658 676 Θεῷ
2680 610 2740 663 τὸ
2764 610 2997 681 πρᾶγμα
3019 607 3335 670 ἀναθετέον,
3359 606 3440 677 τῷ
3472 605 3541 658 δι’
3565 606 3818 677 ἀλλήλων
3842 609 3936 659 καί

2350 701 2408 753 ὲν
2437 700 2691 770 ἀλλήλοις
2734 697 3111 767 οἰκονομοῦντι
3158 698 3229 750 τὰ
3257 698 3401 751 κατά
3447 697 3659 768 χρείαν.
3710 692 3835 749 Εἶεν
3872 697 3936 768 δὴ

2350 793 2547 847 ταῦτα.
2597 794 2739 864 Πρὸς
2786 792 2843 845 δὲ
2891 792 3001 844 τῶν
3052 792 3117 844 ὲκ
3172 792 3461 860 μετανοίας
3505 791 3936 861 ἀνασφηλάντων

2353 887 2627 957 σφραγῖδα
2653 887 2745 938 ἐπὶ
2773 884 3078 955 τραπέζης,
3104 883 3137 954 ἦ
3177 884 3320 936 κατά
3348 884 3516 953 ἀλλην
3536 884 3662 937 τινὰ
3696 882 3934 954 περιπέ-

2350 994 2503 1031 τειαν
2528 977 2773 1046 δεδέχθαι
2797 976 2924 1040 τοὺς
2952 974 3056 1044 ἤδη
3097 974 3539 1044 διαπεφευγότας
3576 975 3669 1027 τὸν
3692 973 3932 1027 ὄλισθον

2352 1071 2455 1142 ἤδη
2500 1070 2594 1122 ἐπὶ
2649 1068 2909 1138 Πατέρων
2967 1066 3139 1135 ἁγίων
3178 1066 3366 1136 σχεδὸν
3411 1066 3588 1117 είπεῖν
3639 1064 3936 1128 συνοδικῶς

2355 1159 2693 1230 συνεζητήθη
2722 1161 2818 1212 καὶ
2852 1156 3251 1229 συνεκροτήθη,
3284 1153 3344 1211 εὖ
3373 1157 3518 1226 ἔχειν
3545 1156 3795 1225 καὶαὴμῖν
3822 1160 3935 1220 τοῖς

2350 1256 2627 1315 ταπεινοῖς
2657 1251 3022 1305 εὐαπόδεκτον
3046 1252 3107 1304 τὸ
3131 1252 3366 1320 πρᾶγμα
3388 1249 3820 1319 φυλαττόμενον,
3842 1250 3935 1301 καὶ

2353 1345 2534 1407 ἄλλοις
2562 1342 2998 1412 μεταδιδόμενον.

2425 1437 2488 1489 Εἰ
2519 1435 2613 1489 οῦν
2643 1436 2737 1487 καὶ
2764 1434 2929 1498 αὐτὸς
2962 1432 3107 1488 οὕτω
3136 1433 3349 1504 βούλοιο
3377 1435 3619 1505 κρατεῖν,
3646 1434 3741 1486 καὶ
3775 1436 3933 1487 ἐπαι-

2354 1528 2553 1597 νοῦμεν
2596 1527 2691 1579 καὶ
2735 1526 3132 1596 ἀποδεχόμεθα.
3180 1525 3254 1579 Τὸ
3295 1529 3406 1598 γάρ
3436 1544 3592 1590 τινας
3637 1526 3935 1579 ἀπαναίνε-

2356 1619 2502 1689 σθαι,
2542 1618 2998 1688 ὲθελοθρησκείας
3045 1618 3194 1671 ἐστὶν
3230 1617 3396 1688 ἔργον
3440 1616 3933 1687 κατηγορουμένης

2356 1712 2462 1765 ὑπὸ
2489 1712 2585 1765 τοῦ
2626 1711 2976 1774 ’Δποστόλου,
3005 1710 3121 1765 ἀλλ’
3151 1711 3252 1765 οὐκ
3277 1710 3509 1782 ἐχούσης
3535 1711 3661 1765 οὕτε
3689 1712 3750 1763 τὸ
3782 1713 3932 1763 ἒννο-

2360 1822 2479 1875 μον,
2512 1802 2638 1857 οὔτε
2681 1803 2742 1855 τὸ
2785 1802 3128 1873 φιλάδελφον.
3163 1802 3334 1855 Πόθεν
3377 1802 3487 1873 γὰρ
3535 1803 3833 1873 ἔρείδονται
3871 1802 3933 1854 τὸ

2344 1898 2584 1967 ἀσφαλὲς
2617 1898 2760 1967 ἔχειν
2788 1939 2802 1960 ,
2844 1898 2985 1968 μήτε
3018 1896 3243 1960 κανόνος
3275 1895 3647 1960 θεσπίζοντος,
3670 1896 3810 1965 μήτε
3836 1894 3929 1947 τοῦ

2345 1990 2634 2044 θεσπεσίου
2681 1990 2839 2060 ἡμῶν
2883 1990 3137 2060 ἱεράρχου
3176 1988 3538 2059 ἀπείργοντος
3581 1989 3729 2059 ἡμᾶς
3769 1986 3929 2040 τοῦτο

2343 2082 2624 2153 δέχεσθαις
2660 2082 2731 2135 Ἦ
2774 2082 2895 2150 οὐχὶ
2942 2080 3143 2150 μᾶλλον
3200 2080 3547 2148 ἀναιρετικόν
3592 2080 3712 2131 ὲστι
3763 2094 3929 2146 μετα·

2344 2177 2510 2239 νοὶας,
2570 2174 2664 2227 καὶ
2714 2172 3130 2239 ἀπογνωστικόν
3190 2174 3309 2225 ἐστι
3360 2171 3661 2242 σωτηρίας;
3723 2170 3788 2223 τὸ
3836 2171 3928 2222 τὸν

2344 2266 2665 2335 ἀξιούμενον
2715 2262 2969 2333 μετέχειν
2996 2262 3106 2315 τῶν
3135 2262 3517 2331 ἀγιασμάτων,
3548 2262 3641 2339 καὶ
3666 2260 3928 2328 σημειοῦν

2346 2362 2537 2413 ἑαυτὸν
2561 2362 2627 2429 τῇ
2658 2358 2996 2428 σταυροειδεῖ
3025 2358 3193 2409 είκόνι
3219 2395 3235 2419 ,
3269 2357 3344 2426 μὴ
3376 2354 3580 2423 ἐξεῖναι
3602 2354 3926 2424 σφραγίζειν

2347 2451 2543 2522 βρῶμα
2576 2450 2777 2511 κοινὸν,
2812 2448 2919 2501 εἴτε
2953 2447 3059 2519 ἰδίᾳ
3084 2445 3199 2499 εἴτε
3226 2445 3463 2515 δημοσίᾳ
3489 2462 3503 2508 ;
3535 2446 3606 2497 Ἢ
3636 2446 3737 2497 οὐκ
3767 2445 3925 2513 ἴσμεν

2343 2544 2427 2596 ὅτι
2453 2545 2480 2594 ὀ
2514 2540 2716 2609 ἀγαθὸς
2762 2538 2920 2609 ἡμῶν
2964 2539 3097 2601 Θεὸς
3144 2538 3240 2590 καὶ
3275 2536 3502 2607 Κύριος,
3548 2536 3579 2587 ὁ
3630 2534 3791 2604 μόνος
3834 2536 3926 2587 ἀν-

2345 2635 2683 2704 αμάρτητος,
2735 2634 2828 2685 καὶ
2870 2632 3045 2699 αῖρων
3091 2628 3191 2700 τὴν
3234 2628 3511 2699 ἁμαρτίαν
3557 2626 3653 2679 τοῦ
3690 2628 3921 2696 κόσμου,

2345 2725 2450 2779 ὑπὸ
2516 2724 2721 2793 πόρνης
2767 2722 2895 2785 τοὺς
2941 2720 3247 2791 ἀχράντους
3300 2719 3469 2782 πόδας
3518 2716 3781 2787 ἠνέσχετο
3830 2717 3926 2769 καὶ

2344 2819 2780 2893 χειραπτεῖσθαι,
2828 2818 2924 2871 καὶ
2962 2816 3361 2885 ὑπαλείφεσθαι
3408 2815 3693 2883 δάκρυσιν,
3736 2812 3925 2880 ὥσπερ

2346 2917 2439 2969 καί
2470 2913 2661 2985 μύρῳς
2700 2913 2861 2966 Ἀλλὰ
2893 2912 2987 2965 καὶ
3021 2909 3159 2979 μετά
3184 2908 3435 2962 τελωνῶν
3461 2906 3630 2960 ἐσθίει
3656 2906 3753 2957 καὶ
3774 2904 3925 2973 παρά

2345 3007 2605 3070 τελώναις
2629 3046 2644 3068 ,
2684 3006 2776 3059 καὶ
2811 3003 3106 3075 μαθητεύει
3132 2999 3372 3064 τελώνας
3392 3016 3407 3031 ·
3449 3000 3541 3053 καὶ
3591 2998 3744 3051 οὐδὲν
3774 2995 3923 3064 αὐτῷ

2346 3096 2488 3148 οὕτω
2521 3094 2742 3164 φιλητὸν
2781 3093 2858 3156 ώς
2896 3092 2957 3145 τὸ
3000 3090 3390 3162 ὲπιτρεπτικδν
3419 3090 3478 3157 ἐξ
3512 3088 3788 3159 ἀμαρτίας
3828 3086 3923 3139 καὶ

2348 3186 2693 3257 ἀγαπητικὸν
2719 3187 2809 3239 ἐπ’
2832 3184 3105 3255 ἀλλήλοις.
3147 3183 3429 3240 Ἐντεῦθεν
3462 3183 3558 3235 καὶ
3586 3180 3924 3251 χαρακτηρί-

658 3270 784 3325 dem
819 3272 1033 3325 beatum
1064 3270 1302 3335 Petrum,
1337 3280 1457 3340 post
1488 3274 1859 3343 negationem,
1903 3276 2237 3346 reliquorum

2349 3250 2537 3343 ζεσθαι
2566 3279 2693 3340 τοὺς
2740 3250 2993 3348 μαθητὰ-ς
3025 3275 3191 3329 αὐτοῦ
3238 3250 3701 3344 ὑπογράφειέκαί
3734 3287 3800 3339 γε
3834 3271 3924 3322 τὸν

660 3364 1035 3429 apostolorum
1069 3365 1368 3435 principem
1399 3369 1674 3421 renuntiat
1708 3383 1853 3437 :quo
1898 3370 2028 3437 qttid
2062 3371 2239 3439 majus

659 3458 725 3511 ad
782 3459 857 3511 rei
933 3460 1225 3527 propositae
1309 3460 1816 3516 conlirmationem?
1895 3462 2035 3529 Quid
2109 3480 2238 3520 vero

659 3548 966 3604 dementius
997 3551 1064 3603 iis
1093 3551 1332 3620 quieos,
1374 3554 1467 3614 qui
1510 3569 1575 3607 ex
1612 3556 1930 3622 ptenitentia
1980 3557 2236 3612 meliores

655 3640 767 3708 jam
800 3640 927 3697 facti
963 3654 1109 3705 sunt,
1141 3644 1358 3713 signare
1401 3653 1455 3698 et
1498 3658 1679 3709 orare,
1723 3647 1971 3716 imperite
2001 3659 2057 3702 et
2086 3663 2237 3703 arro-

660 3745 850 3803 ganter
888 3751 993 3789 non
1024 3737 1313 3791 admittunt
1338 3738 1361 3789 ?
1386 3734 1497 3792 Nos
1526 3738 1707 3808 itaque
1731 3740 1966 3795 humiles
1994 3742 2076 3796 sic
2106 3758 2237 3797 sen-

662 3828 847 3890 timus,
899 3838 958 3881 ut
996 3829 1199 3883 dictum
1248 3842 1348 3895 est,
1385 3838 1440 3884 ct
1478 3833 1633 3885 vobis
1686 3832 1737 3885 id
1775 3834 2092 3889 suademus.
2132 3836 2239 3891 Alii

660 3920 754 3989 qui
788 3921 947 3974 aliter
976 3922 1238 3987 sentiunt,
1263 3921 1329 3976 de
1354 3926 1456 3976 hoc
1484 3923 1764 3981 videbunt.
1794 3923 1904 3980 Nos
1931 3926 1998 3981 ad
2028 3944 2089 3980 ea
2117 3943 2239 3998 qua:

662 4016 882 4069 Simeon
926 4012 1096 4069 frater
1151 4026 1338 4070 noster
1388 4009 1747 4087 interrogavit
1795 4020 2177 4089 respondimus
2218 4037 2233 4075 :

658 4109 1017 4177 cupimusque
1051 4108 1324 4172 humiles,
1376 4118 1435 4162 ut
1480 4110 1657 4173 vobis,
1694 4111 1827 4166 viris
1876 4113 2235 4180 honoraudis,

660 4200 727 4254 ad
758 4200 991 4269 quietem
1024 4200 1216 4255 cedant
1248 4199 1301 4253 in
1326 4200 1581 4257 onmibus
1608 4218 1624 4269 ;
1663 4212 1718 4257 et
1750 4212 2001 4273 optamus
2034 4204 2235 4262 illaesos

660 4308 758 4347 vos
784 4293 837 4345 in
868 4292 1127 4347 onmihus
1161 4292 1450 4347 custodiri.

912 4484 1072 4540 CXL.
1105 4514 1179 4530 --
1204 4484 1537 4543 Catechetica
1564 4489 1633 4541 ad
1659 4488 1968 4560 Cyzicenos.

2350 3372 2876 3442 μακάριονἹΙέτρον,
2908 3370 3044 3440 μετὰ
3075 3368 3173 3438 τὴν
3202 3367 3451 3437 ἄρνησιν,
3470 3365 3798 3437 πρώταρχον
3818 3362 3924 3415 τῶν

2346 3461 2548 3514 λοιπῶν
2599 3459 2913 3513 ἀποστόλων
2954 3457 3361 3512 ἀναδείκνυσιν·
3404 3449 3467 3508 οὗ
3515 3455 3569 3506 τί
3617 3454 3806 3523 μεῖζον
3846 3455 3925 3516 είς

2341 3550 2688 3618 παράστασιν
2718 3548 2813 3602 τοῦ
2850 3547 3215 3618 προκειμένου
3254 3544 3447 3613 λόγου;
3474 3544 3527 3596 τί
3558 3544 3614 3596 δὲ
3646 3540 3923 3595 ἀσυνετώ-

2336 3659 2492 3712 τερον
2532 3643 2640 3695 τῶν
2683 3640 2915 3712 ἀμαθῶς
2944 3641 3038 3694 καὶ
3064 3638 3409 3711 οίηματικώς
3445 3638 3521 3707 μὴ
3551 3634 3922 3705 καταδεχομέ-

2337 3751 2467 3797 νων,
2503 3734 2829 3804 σφραγίζειν
2859 3734 2957 3786 καὶ
2990 3730 3391 3805 προσεύχεσθαι
3423 3730 3552 3792 τοὺς
3578 3728 3685 3799 ήδη
3722 3731 3793 3796 τῇ
3824 3743 3921 3797 με-

2339 3824 2532 3895 τανοίᾳ
2566 3822 2998 3893 βελτιωθέντας;
3038 3824 3233 3892 Ἡμεῖς
3256 3820 3548 3893 τοιγαροῦν
3574 3821 3624 3873 οἱ
3674 3819 3923 3873 ταπεινοὶ

2336 3915 2511 3980 οὓτως
2539 3917 2760 3987 ἔχομεν,
2790 3917 2866 3979 ὡς
2891 3916 3241 3987 προείρηται,
3274 3916 3369 3969 καὶ
3393 3916 3524 3985 ὑμῖν
3559 3912 3924 3985 συμϐουλεύο-

2348 4027 2467 4079 μεν.
2502 4009 2687 4063 Ἀλλοι
2714 4010 2770 4063 δὲ
2799 4010 2973 4074 ἄλλως
3005 4009 3223 4079 ἔχοντες
3246 4050 3261 4074 ,
3290 4009 3512 4081 ὄψονται
3547 4009 3679 4079 περὶ
3705 4009 3917 4063 τούτου.

2345 4104 2490 4173 Πρὸς
2517 4103 2553 4157 ἃ
2589 4104 2646 4157 δὲ
2691 4106 2719 4157 ό
2763 4102 2992 4172 ἀδελφὸς
3018 4103 3174 4174 ἡμῶν
3202 4103 3428 4171 Συμεὼν
3455 4100 3767 4171 ἠρώτησεν,
3811 4102 3920 4154 ἀτι-

2344 4193 2647 4271 εκρίθημεν
2696 4195 2791 4247 καὶ
2839 4194 3203 4263 ἐφιέμεθαιιὲν
3252 4196 3385 4247 πᾶσι
3436 4192 3572 4263 πρὸς
3615 4192 3920 4246 ἀνάπαυσιν

2345 4286 2501 4357 ὑμῶν
2521 4282 2659 4339 εἶναι
2689 4286 2796 4339 τῶν
2823 4286 3134 4357 σεϐασμίων
3158 4287 3210 4339 οί
3228 4287 3477 4340 ταπεινοί
3496 4302 3510 4315 θ
3531 4286 3626 4339 καὶ
3652 4284 3918 4356 εὐχόμεθα

2344 4381 2549 4444 ἀσινεῖς
2577 4381 2721 4451 ὑμᾶς
2753 4378 3214 4449 διαφυλαττεσθαι
3237 4380 3295 4432 ἐν
3325 4382 3513 4435 πᾶσιν.
3664 4368 3667 4369 ν

2333 4496 2449 4550 PM'
2474 4494 3064 4567 (31).-Κατηχητικὴ
3088 4497 3236 4566 πρὸς
3254 4495 3396 4564 τοὺς
3412 4496 3483 4550 ἐν
3502 4494 3748 4563 Κυζίκῳ.
3763 4492 3914 4568 [ψβκ]

1455 4627 1531 4677 Ad
1552 4628 1975 4690 perseverantiam
1996 4638 2051 4681 et
2075 4633 2361 4685 monasticai
2392 4634 2506 4685 vita:
2531 4634 2895 4699 perfectionem
2927 4634 3177 4683 hortatur.

729 4735 985 4791 Libenter
1012 4735 1250 4791 vidimus
1279 4750 1402 4789 cum
1449 4737 1515 4791 iis
1550 4738 1642 4809 qui
1686 4754 1793 4793 una
1824 4750 2113 4808 venerunt,
2148 4741 2227 4796 Si-
2271 4750 2316 4805 Ι)

660 4844 910 4883 meonem
956 4828 1221 4894 fratrem,
1271 4830 1363 4898 qui
1406 4830 1561 4886 vobis
1618 4843 1783 4902 caput
1820 4844 2110 4903 rectorque
2164 4844 2247 4891 est

658 4921 989 4975 constitutus
1018 4937 1030 4971 :
1066 4922 1261 4989 partim
1297 4921 1370 4975 ob
1402 4922 1720 4977 diuturnam
1762 4924 2091 4989 absentiam,
2117 4944 2246 4997 par-

662 5016 758 5067 tim
810 5013 879 5067 ob
921 5014 1195 5082 egregiam
1234 5018 1730 5073 conversationem.
1786 5017 1933 5073 Bona
1974 5020 2246 5089 siquidem

660 5107 1011 5161 conversatio
1044 5114 1097 5159 et
1136 5107 1239 5176 ipsi
1277 5118 1329 5161 et
1366 5109 1521 5163 nobis
1546 5152 1560 5175 ,
1635 5112 1778 5181 quod
1816 5121 1925 5164 tam
1988 5114 2143 5167 multi
2193 5115 2246 5168 in

661 5213 827 5250 unum
847 5196 1045 5251 fratres
1066 5196 1227 5251 simul
1248 5198 1433 5251 vivant
1453 5202 1788 5269 temporibus
1820 5204 2240 5271 persecutionis.

667 5288 767 5342 Ubi
822 5289 961 5341 enim
996 5291 1101 5340 duo
1130 5288 1208 5341 vel
1266 5298 1369 5342 (res
1426 5290 1624 5357 fuerint
1654 5290 1737 5359 ",
1788 5293 1946 5347 laude
2008 5295 2235 5363 dignum

661 5391 746 5437 est
772 5398 787 5447 ;
812 5396 933 5434 cum
951 5379 1205 5434 Christus
1223 5379 1274 5432 in
1296 5382 1476 5435 medio
1490 5383 1578 5449 sit,
1599 5382 1756 5451 juxta
1783 5387 2233 5454 promissionem.

661 5472 765 5528 Tot
781 5487 906 5527 vero
924 5488 1153 5526 numero
1169 5488 1293 5527 esse
1315 5482 1486 5530 totum
1508 5480 1920 5545 monasterium,
1953 5494 2237 5549 magnam-

660 5581 765 5635 que
816 5564 1314 5635 congregationem,
1363 5568 1671 5624 encomiutu
1730 5572 1963 5630 estsine
2011 5583 2234 5629 contro-

730 5681 775 5713 ⁸³
807 5679 998 5735 Matth.
1032 5697 1188 5748 xvttt,
1224 5679 1316 5735 90.

2425 4746 2629 4808 Ἥδέως
2660 4744 2873 4815 εἴδομεν
2904 4743 2999 4797 τοῦ
3031 4742 3160 4811 περὶ
3201 4740 3293 4795 τὸν
3322 4739 3547 4809 ἀδελφὸν
3576 4737 3803 4809 Συμεὼν
3830 4737 3917 4792 τὸν

2343 4837 2421 4898 εἰς
2454 4834 2695 4905 κεφαλὴν
2736 4833 2891 4904 ὑμῶν
2940 4832 3275 4903 τεταγμένον
3296 4846 3310 4860 ·
3342 4828 3405 4883 τὸ
3440 4830 3541 4901 μὲν
3572 4829 3660 4882 διὰ
3687 4829 3787 4898 τὴν
3824 4827 3916 4880 τοῦ

2344 4929 2538 5000 χρόνου
2568 4928 2873 4981 ἀπουσίαν·
2923 4927 2985 4979 τὸ
3029 4926 3086 4979 δὲ
3129 4925 3218 4978 διά
3268 4924 3369 4995 τὴν
3416 4922 3589 4991 καλὴν
3620 4921 3915 4976 πολιτείαν.

2358 5013 2559 5084 ’Λγαθὴ
2592 5015 2699 5083 γὰρ
2736 5014 2981 5067 πολιτεία
3008 5014 3105 5067 καὶ
3143 5011 3293 5082 αύτῷ
3326 5012 3419 5064 καὶ
3447 5013 3611 5081 ἡμῖν·
3635 5012 3697 5065 τὸ
3735 5012 3919 5064 τοσού-

2343 5124 2470 5169 τους
2511 5106 2777 5175 ἀδελφοὺς
2822 5105 2914 5157 ἐπὶ
2942 5105 3003 5157 τὸ
3033 5103 3165 5158 αύτδ
3217 5102 3390 5174 ωξῇν
3438 5104 3497 5156 ἐν
3539 5103 3919 5172 δεδιωγμένοις

2352 5200 2783 5271 χρονοις.Ὅπου
2812 5198 2922 5267 γὰρ
2951 5196 3062 5252 δύο
3090 5197 3128 5265 ἢ
3163 5196 3319 5264 τρεῖς
3341 5195 3702 5265 τυγχάνοιεν
3726 5194 3913 5259 ὄντες,

2348 5292 2573 5344 ἐπαίνου
2607 5289 2777 5355 ἄξιον,
2823 5290 2899 5352 ὡς
2943 5289 3037 5341 τοῦ
3065 5286 3303 5360 Χριστοῦ
3348 5284 3742 5357 μεσιτεύοντος,
3782 5283 3917 5338 κατά

2345 5386 2444 5456 τὴν
2493 5381 2846 5452 ἐπαγγελίαν.
2884 5381 2958 5435 Τὸ
2998 5380 3054 5433 δὲ
3121 5380 3407 5442 τοσούτους
3466 5374 3608 5431 εῖναι
3651 5377 3773 5430 ὅλον
3822 5394 3916 5447 μο⁸

2345 5478 2660 5547 ναστήριον,
2699 5476 2795 5529 καὶ
2837 5473 3081 5545 μεγάλην
3129 5471 3394 5534 συνοδίαν,
3428 5470 3824 5541 ἀναντίρρητον
3858 5467 3917 5520 τὸ

2344 5568 2643 5640 ἐγκώμιον.
2670 5567 2783 5622 Καὶ¹
2810 5566 2972 5639 χάρις
3009 5564 3221 5639 Κυρίῳ,
3254 5563 3317 5631 ὃς
3346 5563 3546 5618 ἔδωκεν
3590 5563 3724 5634 ἡμῖν
3750 5562 3810 5617 ὲν
3838 5560 3915 5614 ἐνὶ

2173 5775 2408 5834 NOTAE.

734 5868 845 5937 (5|)
872 5867 929 5923 ιιι
959 5867 1079 5924 c0d.
1111 5866 1242 5940 Reg.
1279 5863 1421 5937 pvc'.
