4156 6504
265 460 410 525 1445

1458 460 1996 522 EPISTULABUM
2048 462 2195 521 LIB.
2256 462 2338 521 II.

3369 465 3509 527 1446

255 570 565 641 πνεύματι,
604 570 701 642 μιᾷ
725 569 870 642 ψυχῇ
902 568 1186 623 συναθλεῖν
1210 571 1276 641 τῇ
1318 568 1499 624 πίστει
1526 571 1637 624 τοῦ·
1650 570 1828 637 Εὐαγ-

1933 571 2131 625 versia.
2158 569 2223 625 Et
2243 571 2352 625 Deo
2374 572 2513 638 laus,
2547 572 2638 641 qui
2670 572 2827 629 nobis
2871 573 3020 628 dedit
3061 575 3114 629 in
3159 590 3270 631 uno
3290 578 3506 646 spiritu,

255 661 471 729 γελίου,
504 660 600 714 καὶ
626 660 903 729 διαφέρειν
953 661 1013 713 έν
1051 661 1231 730 ταυτῖῖ)
1259 660 1350 713 τὴν
1393 662 1685 731 ἀσκητικὸν
1722 662 1833 732 βίον

254 752 479 805 δίαθλον
523 752 617 804 καὶ
649 750 882 821 διαυγῆ,
922 751 1019 805 καὶ
1049 750 1315 821 διαστεφῆ
1361 751 1546 819 ἀγῶνα
1572 753 1630 805 ὲν
1657 752 1833 823 τούτῳ

254 842 652 913 περαιοῦσθαι.
688 842 1050 913 Ἐϐουλόμεθα
1079 842 1136 895 δὲ
1165 844 1261 895 καὶ
1296 842 1443 911 ὑμᾶς
1471 844 1669 906 αὐτοὺς
1705 846 1830 906 τοὺς

257 935 510 997 ἀπόντας
538 934 659 986 κατ’
689 933 1004 1003 ὀφθαλμοὺς
1037 933 1185 999 ἰδεῖν,
1239 936 1337 988 καὶ
1364 935 1830 1008 συμπαρακληθῆ-

256 1042 353 1077 ναι
387 1028 452 1096 τῇ
484 1025 743 1096 κοινωνίᾳ
774 1023 870 1076 τοῦ
903 1023 1212 1094 πνεύματος
1231 1041 1244 1054 ·
1263 1027 1338 1089 ὼς
1356 1027 1422 1081 ἂν
1446 1027 1540 1081 καὶ
1568 1026 1824 1097 τοῦνομα,

258 1118 360 1169 καὶ
393 1116 706 1187 πρόσωπον,
755 1116 851 1169 καὶ
896 1111 1048 1186 ἦθος,
1081 1118 1178 1169 καὶ
1214 1118 1409 1186 λόγους
1449 1119 1567 1182 ἑνὸς
1595 1120 1826 1173 ἑκάστου

259 1206 671 1276 κατεμάθομεν.
712 1206 854 1259 Ἀλλ’
894 1208 1017 1260 ἐπεὶ
1048 1208 1206 1262 τοῦτο
1249 1209 1501 1279 ἠδυνάτει
1538 1211 1824 1280 γενέσθαι·

260 1299 479 1368 εἴδομεν
513 1300 657 1365 ὑμᾶς
701 1299 801 1370 ἤδη
849 1299 937 1353 διὰ
983 1299 1078 1353 τοῦ
1123 1302 1535 1373 προηγουμένου
1580 1304 1679 1357 καὶ
1719 1305 1828 1357 τῶν

257 1389 551 1457 ὁμοταγῶν
580 1388 755 1459 ὑμῶν,
799 1386 873 1443 ὧν
902 1392 934 1460 ἡ
966 1391 1065 1443 θέα
1106 1389 1333 1462 ἔθρεψεν
1360 1392 1646 1463 ήμῶν¹τὰς
1687 1411 1825 1466 καρ-

258 1481 383 1543 δίας
414 1480 671 1552 εὐλαϐείᾳ
695 1484 1265 1556 κεχαρακτηρισμένῃ.
1297 1484 1362 1537 Τί
1387 1480 1481 1539 οῦν
1506 1488 1622 1540 ἐστι
1644 1485 1826 1540 λοιπὸν

261 1574 471 1638 είπεῖν;
502 1574 587 1627 ἵνα
626 1573 809 1637 καθὼς
839 1574 1020 1645 χάριτι
1057 1574 1151 1628 τοῦ
1200 1576 1407 1647 Κυρίου
1438 1578 1594 1647 ἡμῶν
1651 1579 1824 1649 Ἰησοῦ

261 1665 499 1735 Χριστοῦ
571 1665 931 1739 ἠθροίσθητε,
981 1667 1077 1720 καὶ
1141 1667 1514 1738 συνηρτήθητε
1588 1670 1824 1741 ἁρμονίᾳ

261 1761 638 1829 πνευματικῇ,
652 1759 747 1813 καὶ
767 1759 1048 1831 συμψυχίᾳ
1070 1761 1397 1830 όμονοητικῇ
1420 1760 1824 1831 διαλάμψαντες

260 1852 323 1903 ὲν
348 1851 461 1912 τοῖς
489 1850 676 1903 αὐτόθι
718 1850 968 1919 καθάπερ
993 1850 1136 1913 τινὲς
1175 1850 1405 1920 ἀστέρες
1433 1853 1491 1904 ὲν
1515 1854 1582 1922 τῇ
1619 1854 1823 1924 ζοφερᾷ

258 1938 362 2008 τῆς
405 1938 666 2010 αἱρέσεως
697 1943 873 2005 νυκτὶ,
918 1940 1013 1994 καὶ
1039 1939 1176 2011 πρὸς
1202 1938 1262 1991 τὸ
1286 1938 1411 2009 ἑξῆς
1436 1940 1485 1993 οί
1518 1942 1671 1994 αὐτοὶ
1705 1942 1822 1997 δια-

263 2031 519 2100 μεξνοιτε,
554 2029 848 2101 σύμψυχοι,
868 2031 932 2084 τὺ
956 2030 1014 2083 ἒν
1047 2029 1391 2100 φρονοῦντες,
1417 2031 1818 2103 ὁμογνώμονες,

258 2120 635 2186 ὺποτακτικοὶ,
666 2119 953 2192 πειθήνιοι,
986 2120 1222 2189 εὺὴκοοι,
1260 2119 1594 2190 εὐχάριστοι,
1628 2121 1824 2192 εῦκλη-

258 2232 366 2281 τοι,
414 2215 699 2285 φίλαγνοι,
747 2214 1057 2286 σώφρονες,
1104 2216 1566 2286 ἀπαρῤησίαστοι,
1619 2214 1819 2287 ἄρτιοι,

257 2309 685 2379 κατηρτισμένοι
717 2309 774 2361 ὲν
797 2308 960 2360 παντὶ
980 2307 1124 2378 ἔργῳ
1150 2307 1339 2379 ἀγαθῷ
1357 2324 1369 2337 ·
1390 2308 1471 2361 ἐτι
1494 2308 1821 2378 λάμποντες,

259 2398 343 2451 ἔτι
366 2398 815 2467 αὐγάζοντες,ἔτι
844 2400 1299 2468 φωτοϐολοῦντες,
1320 2400 1399 2453 ἔτι
1426 2400 1719 2466 ἀλίζοντες,
1748 2400 1823 2464 ὡς

261 2488 329 2541 ἂν
377 2489 624 2559 καὶπερὶ
667 2489 822 2559 ὑμῶν
848 2490 1071 2553 εἰκότως
1094 2490 1284 2561 ῥηθείη
1322 2488 1427 2542 ὑπὸ
1461 2490 1555 2543 τοῦ
1584 2489 1818 2561 Κυρίουο

271 2579 469 2648 ’Υμεῖς
488 2579 628 2634 ἐστε
648 2581 715 2635 τὸ
742 2580 866 2651 φῶς
890 2582 995 2637 τοῦ
1018 2582 1250 2650 κόσμου
1270 2600 1285 2614 ο
1301 2581 1395 2635 καὶ
1411 2578 1569 2645 αὖθις
1585 2597 1599 2611 ⁸
1629 2581 1824 2652 Ὑμεῖς

258 2673 401 2726 ἐστε
429 2672 496 2726 τὸ
519 2672 672 2741 ἅλας
708 2673 820 2744 τῆς
848 2674 982 2744 γῆς.
1012 2674 1165 2744 Τάχα
1188 2673 1244 2726 δὲ
1273 2674 1462 2746 ἐπειδὴ
1489 2674 1587 2746 τὴν
1611 2674 1824 2746 ὀρεινὴν

260 2764 610 2837 καταλλήλως
639 2767 891 2839 ἑπᾴδοιτο
922 2767 1143 2820 κακεῖνο
1170 2772 1301 2839 περὶ
1327 2767 1480 2838 ὑμῶν
1498 2783 1511 2796 ·
1540 2769 1621 2822 Οὐ
1646 2767 1825 2821 δύνα-

260 2872 356 2908 ται
379 2858 560 2922 πόλις
587 2855 875 2924 κρυϐῆναι
917 2856 1118 2910 ἐπάνω
1148 2856 1325 2934 ὄρους
1360 2858 1599 2927 κειμένη
1618 2874 1632 2887 '
1667 2859 1826 2929 ὅρους

260 2946 462 3017 δηλαδὴ
490 2947 698 3019 ὑψηλῆς
731 2947 1028 3014 πολιτείας,
1058 2950 1143 3019 ἐφ’
1237 2950 1286 3002 οἱ
1319 2948 1825 3019 ὲπιϐεϐηκότες,ὠς

260 3040 322 3094 ὲν
346 3041 581 3112 οὐρανῷ,
615 3040 710 3094 ἐπὶ
734 3039 837 3111 τῆς
862 3041 963 3112 γῆς
988 3041 1355 3113 διατρίϐουσιν
1374 3035 1493 3095 ’ὧν
1523 3042 1634 3095 οὐκ
1661 3040 1827 3107 ἄξιος

262 3135 296 3187 ό
322 3134 570 3203 κόσμος,
598 3133 738 3187 κατὰ
761 3133 821 3187 τὸ
847 3133 1221 3197 ἁποστολικῶς
1255 3133 1566 3203 εἰρημένον.

334 3226 593 3289 Βλέπετε,
637 3228 803 3280 τέκνα
848 3228 943 3282 καὶ
990 3226 1232 3296 ἀδελφοὶ,
1278 3226 1427 3289 ὅπως
1454 3226 1598 3297 ὑμᾶς
1626 3219 1760 3297 ἦρεν
1797 3225 1825 3276 ό
1850 3262 1894 3320 c

1933 662 2114 717 anima
2153 678 2259 717 una
2280 663 2617 719 collaborare
2668 664 2798 720 fidei
2848 663 3168 737 Evangelii;
3203 680 3257 725 et
3308 675 3507 726 asceti-

1932 768 2050 808 cam
2079 754 2245 808 vitam
2287 754 2451 809 simul
2497 755 2715 821 ducere,
2746 766 2801 811 et
2841 761 3162 828 praeclarum
3194 776 3508 833 coronaque

1930 843 2157 914 dignum
2220 847 2323 899 hoc
2376 855 2650 902 certamen
2688 863 2965 920 peragere.
3027 853 3262 911 Animus
3321 866 3505 912 autem

1937 946 2179 991 eratvos
2229 938 2389 992 etiam
2455 938 2623 1008 ipsos,
2654 939 2748 1009 qui
2788 940 3015 1005 abestis,
3050 946 3231 1001 oculis
3261 961 3507 1011 cernere,

1929 1036 1985 1082 et
2018 1029 2403 1083 communione
2438 1030 2661 1099 spiritus
2689 1032 2962 1087 consolari
3010 1050 3023 1088 :
3069 1045 3129 1089 ut
3152 1043 3207 1091 et
3234 1053 3430 1092 nomen
3454 1048 3511 1094 ct

1929 1135 2215 1190 personam
2248 1122 2696 1191 uniuscujusque,
2751 1131 2806 1177 et
2857 1139 3058 1191 mores,
3108 1136 3162 1181 et
3193 1142 3505 1184 sermonem

1927 1224 2400 1279 cognosceremus.
2431 1211 2535 1268 Sed
2574 1215 2702 1283 quia
2740 1215 2793 1269 id
2833 1216 2948 1271 fieri
2986 1233 3097 1273 non
3144 1229 3385 1289 poterat,
3428 1224 3509 1277 vi-

1926 1299 2106 1355 dimus
2126 1302 2239 1370 jam
2271 1318 2366 1357 vos
2393 1319 2488 1372 per
2516 1308 2862 1375 praepositum
2903 1311 3229 1381 sodalesque
3264 1324 3504 1383 vestros,

1936 1402 2168 1457 quorum
2224 1402 2549 1460 conspectus
2615 1395 2826 1451 animos
2881 1408 3099 1454 nostros
3152 1402 3508 1470 expressione

1926 1481 2144 1551 pietatis
2196 1482 2403 1537 refecit.
2460 1481 2603 1550 Quid
2658 1500 2786 1556 ergo
2834 1498 3007 1543 restat
3054 1490 3402 1548 dicendum?
3444 1503 3509 1549 ut

1926 1573 2382 1641 quemadmodum
2426 1576 2595 1645 gratia
2636 1576 2856 1633 Domini
2905 1581 3080 1637 nostri
3119 1581 3250 1639 Jesu
3294 1585 3501 1642 Christi

1927 1664 2242 1733 congregati
2270 1667 2423 1731 estis,
2458 1676 2513 1721 et
2542 1670 2773 1723 connexi
2804 1682 3072 1726 concentu
3119 1675 3415 1742 spirituali,
3451 1687 3511 1733 et.

1925 1755 2169 1809 unanimi
2186 1756 2475 1810 concordia
2496 1759 2799 1828 conspicui,
2819 1762 2937 1816 istis
2954 1762 3005 1816 in
3026 1763 3161 1819 locis
3177 1765 3323 1820 velut
3338 1767 3509 1821 stellae

1925 1843 2249 1914 quaedamin
2274 1845 2569 1915 caliginosa
2588 1848 2810 1904 heresis
2843 1862 3001 1907 nocte
3030 1854 3396 1925 refulgentes;
3424 1859 3507 1912 sic

1925 1936 2176 2007 deinceps
2205 1938 2364 1991 iidem
2394 1942 2777 2008 permaneatis,
2808 1945 3116 2011 unanimes,
3143 1948 3380 2019 idipsum
3413 1966 3507 2006 sa-

1920 2029 2129 2099 pientes
2144 2029 2643 2098 ",consentientes,
2664 2035 2916 2103 subjecti,
2937 2040 3217 2109 morigeri,
3244 2042 3506 2098 obedien-

1922 2130 2022 2186 tes,
2042 2120 2199 2191 grati,
2226 2121 2353 2176 boni
2382 2123 2813 2193 nominis,casti,
2834 2127 3024 2195 sobrii,
3058 2128 3254 2194 timidi,
3287 2133 3503 2204 integri,

1920 2208 2141 2278 perfecti
2192 2211 2247 2265 in
2270 2212 2419 2265 omni
2470 2227 2632 2281 opere
2672 2212 2852 2279 bono,
2888 2214 3070 2272 adhuc
3094 2218 3358 2285 lucentes,
3407 2223 3508 2277 ad-

1923 2298 2030 2353 huc
2055 2299 2419 2369 splendentes,
2454 2301 2632 2355 adhuc
2657 2302 2935 2359 radiantes
2958 2344 2973 2371 ,
3026 2307 3207 2363 adhuc
3240 2311 3506 2367 condien-

1921 2399 2004 2445 tes
2030 2408 2045 2445 :
2075 2400 2133 2444 ut
2153 2398 2208 2445 et
2240 2391 2307 2446 de
2349 2392 2506 2447 vobis
2536 2393 2732 2447 merito
2758 2395 2964 2451 dictum
3011 2400 3083 2453 sit
3132 2414 3164 2454 a
3217 2399 3455 2457 Domino
3483 2420 3500 2458 :

1932 2482 2038 2537 Vos
2086 2485 2214 2537 estis
2260 2483 2353 2538 lux
2400 2486 2583 2539 mundi
2608 2486 2687 2553 “;
2719 2498 2772 2542 et
2812 2504 3029 2545 rursum
3069 2507 3083 2543 :
3126 2491 3228 2548 Vos
3260 2495 3387 2550 estis
3417 2496 3505 2551 sal

1927 2586 2081 2629 terra:
2114 2575 2177 2628 ”.
2236 2574 2441 2630 Forsan
2493 2578 2682 2644 etiam,
2745 2581 2873 2650 quia
2936 2597 3192 2639 montana
3239 2587 3502 2653 incolitis,

1923 2675 2288 2737 congruenter
2309 2677 2362 2722 et
2391 2668 2525 2723 illud
2580 2669 2647 2725 de
2699 2674 2852 2728 vobis
2892 2677 3174 2731 occinatur
3208 2696 3223 2732 :
3259 2678 3381 2733 Non
3412 2697 3506 2751 po-

1926 2768 2023 2812 test
2062 2759 2251 2814 civitas
2290 2761 2543 2815 abscondi
2584 2778 2746 2828 supra
2776 2777 3001 2820 montem
3044 2770 3219 2832 posita
3239 2769 3317 2838 ⁸ος
3351 2789 3508 2827 mon-

1925 2861 2031 2906 tem
2060 2853 2272 2908 scilicet
2309 2852 2537 2910 excelsae
2588 2860 3022 2915 conversationis
3052 2877 3067 2914 ι
3096 2863 3164 2917 ad
3196 2880 3359 2934 quam
3408 2867 3506 2937 qui

1923 2945 2383 3012 conscenderunt,
2423 2948 2501 3001 sic
2532 2948 2587 3001 in
2623 2961 2766 3003 terra
2795 2958 3055 3022 tanquam
3097 2954 3151 3009 in
3180 2956 3321 3011 caelo
3353 2972 3506 3012 com-

1924 3044 2243 3101 morantur;
2276 3038 2463 3106 quibus
2489 3039 2679 3109 dignus
2701 3056 2805 3094 non
2834 3050 2911 3096 est
2933 3049 3160 3098 mundus
3178 3047 3246 3111 “,
3269 3047 3414 3102 sicut
3438 3048 3506 3103 ab

1923 3127 2184 3197 Apostolo
2215 3128 2418 3183 dictum
2448 3138 2549 3185 est.

1997 3218 2223 3286 Videtis,
2252 3220 2345 3276 filii
2377 3238 2442 3277 ac
2472 3222 2689 3291 fratres,
2709 3241 2818 3296 quo
2848 3237 3004 3297 pacto
3032 3246 3128 3286 vos
3161 3246 3341 3287 sermo
3366 3235 3508 3289 veri-

261 3316 422 3385 λόγος
461 3320 561 3388 τῆς
598 3316 876 3388 ἀληθείας,
917 3319 1029 3373 ἄνω
1056 3317 1167 3382 θεὶς
1207 3317 1321 3378 τοῖς
1354 3318 1687 3386 ἐγκωμίοις,
1729 3315 1824 3368 καὶ¹

1929 3314 2054 3367 tatis
2086 3315 2345 3381 evexerit,
2376 3315 2428 3368 in
2462 3318 2679 3371 sublimi
2703 3320 2979 3377 collocans
2999 3326 3284 3391 encomiis,
3318 3343 3505 3383 veros-

262 3407 555 3475 ὑποδείξας
602 3408 891 3480 ἀληθινοὺς
939 3404 1081 3462 εἶναι
1144 3407 1434 3479 μοναστὰς,
1487 3404 1824 3479 ὁμολογητὰς

263 3500 528 3570 Χριστοῦ,
576 3503 821 3571 φυγάδας
869 3502 1096 3571 κόσμου,
1142 3501 1341 3573 ἄνδρας
1378 3498 1681 3570 ἐπιθυμιῶν
1716 3497 1825 3550 τῶν

263 3595 615 3665 κρειττόνων,
680 3594 882 3667 σαρκὸς
935 3594 1331 3659 παθοκτόνους,
1385 3591 1711 3661 στεφανίτας
1768 3591 1826 3644 ὲν

264 3687 561 3756 πνεύματι.
591 3687 701 3742 Καὶ
722 3688 896 3740 ταῦτα
924 3688 1021 3757 μὲν
1048 3687 1197 3755 λόγοι
1230 3686 1431 3756 γυμνοὶ
1459 3686 1560 3754 τῆς
1594 3685 1826 3739 ἀνταποι

262 3780 469 3843 δόσεως
500 3780 643 3851 ἄρτι.
689 3780 814 3833 Ἐὰν
854 3778 911 3831 δὲ
941 3778 1032 3834 τὸν
1065 3779 1254 3847 ἀγῶνα
1292 3778 1446 3850 ὑμῶν
1474 3778 1573 3846 τῆς
1599 3793 1659 3829 τε
1699 3776 1830 3828 ὑπο-

262 3873 440 3941 ταγῆς
472 3875 566 3926 καὶ
607 3873 899 3942 ὁμολογίας
934 3872 1259 3942 ὲκτελέσητε
1302 3871 1649 3942 κυριώτατα·
1681 3886 1833 3938 τηνι-

263 3965 448 4019 καῦτα
490 3966 906 4036 μεταϐαίνοντες
933 3966 1027 4018 τοῦ
1061 3964 1175 4035 βίου
1219 3964 1320 4034 τὴν
1351 3962 1460 4016 τῶν
1490 3963 1668 4034 ἔργων
1697 3963 1833 4014 ἀπο-

263 4058 502 4129 λήψεσθε
558 4059 966 4132 μακαριότητα,
1024 4054 1092 4131 ἦς
1149 4058 1361 4127 γένοιτο
1410 4057 1617 4116 πάντας
1687 4054 1834 4124 ἡμᾶς

264 4154 560 4222 ἐπιτυχεῖν,
592 4154 775 4223 χάριτι
801 4152 894 4206 τοῦ
920 4154 1128 4223 Κυρίου
1161 4149 1317 4222 ἡμῶν
1361 4148 1535 4219 Ἰησοῦ
1572 4144 1832 4217 Χριστοῦ,

262 4235 363 4311 ᾧὴ
393 4240 519 4307 δόξα
549 4241 720 4295 καὶτὸ
744 4242 945 4313 κράτος
970 4243 1053 4306 είς
1075 4242 1203 4304 τοὺς
1227 4239 1430 4303 αἰῶνας
1454 4238 1564 4292 τῶν
1593 4236 1824 4291 αἰώνων.

276 4332 470 4402 Ἃμήν.

545 4453 704 4509 νων
737 4453 876 4524 (32).
905 4480 975 4492 —-
996 4450 1360 4521 Ἡγουμένῳ.
1394 4446 1551 4521 [φοι]

1928 3422 2032 3477 que
2061 3410 2355 3463 monachos
2382 3423 2504 3464 esse
2539 3414 2849 3479 ostendens,
2884 3414 3229 3472 confessores
3278 3417 3505 3486 Christi,

1929 3499 2186 3571 fugitivos
2214 3500 2423 3563 mundi,
2453 3502 2846 3560 desideriorum
2874 3508 3022 3563 viros
3044 3510 3353 3576 meliorum,
3377 3528 3503 3567 car-

1932 3597 2018 3649 nis
2042 3593 2333 3648 all'ectunm
2356 3604 2726 3664 peremptores
2753 3598 2808 3651 in
2843 3598 3039 3668 spiritu
3088 3613 3401 3658 coronatos.
3438 3603 3508 3661 Et

1933 3684 2047 3739 haec
2077 3685 2295 3755 quidem
2329 3685 2488 3740 verba
2518 3696 2647 3742 sunt
2692 3688 2872 3743 adhuc
2924 3694 3381 3750 remunerationis
3404 3711 3505 3751 ex-

1932 3777 2122 3848 pertia.
2165 3776 2458 3845 Postquam
2487 3793 2618 3834 vero
2650 3789 2893 3836 vestrum
2926 3782 3251 3840 obedientiaa
3284 3796 3338 3841 et
3364 3802 3507 3843 con-

1934 3867 2190 3925 fessionis
2237 3880 2510 3924 certamen
2541 3872 2759 3941 proprie
2794 3875 3114 3944 peregeritis
3146 3916 3161 3941 ,
3191 3886 3303 3931 tum
3333 3894 3364 3933 e
3397 3880 3508 3936 vita

1937 3961 2233 4030 migrantes
2283 3975 2507 4029 operum
2552 3962 2941 4019 beatitudinem
2992 3967 3288 4036 recipietis,
3340 3986 3506 4041 quam

1938 4054 2148 4109 utinam
2194 4054 2352 4107 nobis
2412 4055 2669 4111 omnibus
2712 4056 2942 4127 adipisci
2997 4061 3299 4131 contingat,
3331 4066 3507 4133 gratia

1940 4147 2155 4202 Domini
2183 4146 2355 4202 nostri
2380 4145 2510 4201 Jesu
2533 4148 2757 4216 Christi,
2789 4152 2874 4205 cui
2904 4152 3078 4223 gloria
3110 4164 3163 4210 et
3209 4154 3505 4226 imperium

1934 4242 1992 4296 in
2024 4238 2223 4296 saecula
2254 4240 2601 4294 saeculorum.
2624 4241 2820 4296 Amen.

2408 4441 2591 4499 CXLI.
2622 4475 2690 4486 --
2720 4444 3037 4516 Praposilo.

998 4566 1279 4617 Gratulatur
1306 4566 1369 4614 de
1391 4564 1633 4615 Ammone
1654 4574 1802 4624 quem
1824 4563 2020 4608 curator
2042 4558 2101 4607 ad
2122 4555 2475 4607 monasterium
2500 4560 2792 4609 reduxerat.

335 4649 607 4720 Μέγιστον
647 4651 819 4721 δῶρον
860 4651 1089 4706 δέδωκεν
1120 4653 1149 4705 ό
1185 4653 1317 4715 Θεὸς
1344 4654 1403 4705 ὲν
1429 4656 1495 4722 τῇ
1526 4651 1647 4705 καθ’
1688 4651 1828 4721 ἡμᾶς

2014 4645 2307 4701 Maximum
2336 4647 2478 4701 Deus
2504 4647 2797 4716 provinciae
2827 4659 3027 4705 nostra:
3051 4649 3252 4705 donum
3282 4651 3506 4724 largitus

263 4742 527 4813 ἐπαρχίᾳ,
556 4744 851 4814 τιμιώτατε
894 4743 1107 4812 ἀδελφὲ,
1145 4744 1235 4797 τὸν
1260 4743 1646 4797 εὐκλεέστατον
1694 4759 1823 4794 κου-

266 4836 512 4908 ράτωρα,
566 4836 659 4903 καὶ
704 4836 993 4907 κράτιστον
1036 4837 1094 4888 ἐν
1141 4835 1423 4905 εὐσεϐείᾳ⁶
1459 4834 1541 4887 ὅτι
1589 4829 1823 4905 Χριστοῦ

266 4928 482 4992 ἔκδικος
527 4927 784 4999 γεγονὼς,
817 4924 1000 4983 εἷλκεν
1032 4926 1136 4981 ὑπὸ
1181 4930 1338 4998 χεῖρα
1385 4927 1475 4979 τὸν
1519 4924 1825 4996 λῃστρικῶς

266 5022 676 5092 πολιτευόμενον
712 5024 769 5074 ὲν
798 5024 910 5085 τοῖς
951 5022 1314 5091 Χριστιανοῖς,
1359 5020 1559 5088 καίπερ
1600 5017 1728 5069 ὄντα
1764 5012 1826 5066 τὸ

268 5116 532 5186 πρότερον
562 5113 814 5184 ἀνάθημα
856 5113 990 5166 Θεοῦ
1016 5113 1109 5166 διὰ»
1129 5114 1226 5183 τῆς
1274 5111 1562 5183 μοναδικῆς
1604 5104 1822 5161 τελειῶ-

270 5223 429 5268 σεως.
465 5206 708 5277 ’Λμμοῦν
730 5206 872 5273 λέγω
892 5206 984 5259 τόν
1016 5221 1147 5257 ποτε
1172 5206 1438 5275 ἡμέτερον
1467 5195 1825 5269 ἁδελφὸν,νῦν

266 5298 324 5351 δὲ
362 5299 468 5351 ὑπὸ
499 5300 657 5368 χεῖρά
697 5316 789 5350 σου
834 5296 1087 5350 τελοῦντα
1126 5297 1214 5349 διὰ
1249 5292 1527 5364 μεσιτείας
1563 5290 1656 5345 τοῦ
1711 5289 1828 5353 ἀξι-

270 5392 508 5458 αγάστου
538 5390 750 5461 ἀνδρὸς,
778 5393 844 5461 τῇ
875 5389 1093 5459 εὐδοκία.
1118 5387 1282 5441 αὐτοῦ
1312 5386 1570 5459 Χριστοῦ,
1596 5385 1689 5439 τοῦ
1709 5385 1828 5455 χαί-

275 5500 459 5553 ροντος
488 5484 583 5535 ἐπὶ
615 5483 857 5553 σωτηρίᾳ.
882 5481 975 5535 τοῦ
1002 5479 1363 5543 ἀπολωλότος.
1398 5480 1484 5543 Ὠς
1516 5477 1830 5547 θαυμαστὸν

273 5576 431 5647 ἔργον
479 5574 750 5628 τετέλεται
800 5575 936 5644 πρὸς
978 5573 1071 5628 τοῦ
1119 5572 1395 5642 θεοφιλοῦς
1455 5571 1826 5642 κουράτωρος,

345 5690 388 5723 ³⁷
425 5687 658 5760 Philipp.
690 5705 751 5756 ιι,
778 5689 834 5742 2.
907 5690 953 5721 ³³
986 5688 1177 5744 Matth.
1203 5704 1254 5755 v,
1282 5687 1366 5745 Η.
1443 5687 1486 5721 ³⁸
1518 5686 1650 5743 ibid.
1683 5687 1769 5742 15.

1930 4749 2034 4804 est,
2070 4739 2234 4794 frater
2284 4740 2725 4807 honoratissime,
2772 4742 3231 4809 gloriosissimum
3281 4756 3508 4803 curato-

1930 4847 2044 4886 rem
2066 4872 2083 4899 ,
2114 4841 2169 4887 et
2200 4832 2396 4901 pietate
2438 4833 2955 4901 praestantissimum
2987 4852 3001 4889 :
3034 4836 3127 4905 qui
3172 4835 3373 4893 Christi
3406 4839 3505 4895 de-

1930 4924 2115 4979 fensor
2154 4923 2371 4989 factus,
2432 4927 2536 4979 sub
2589 4937 2911 4996 potestatem
2966 4928 3175 4998 redegit
3210 4945 3355 4997 eum,
3408 4933 3505 5003 qui

1932 5020 2203 5090 praedonis
2237 5036 2387 5075 more
2416 5020 2554 5074 inter
2577 5020 2919 5076 Christianos
2941 5022 3283 5090 versabatur,
3312 5041 3503 5095 quam-

1931 5113 2014 5166 vis
2053 5121 2210 5165 antea
2241 5109 2349 5165 Deo
2376 5112 2589 5165 dicatus
2624 5109 2818 5166 fuisset
2860 5127 2956 5180 per
2988 5114 3347 5167 monasticam
3376 5130 3501 5183 per-

1932 5200 2240 5255 fectionem.
2265 5202 2585 5254 Ammonem
2608 5201 2729 5254 dico
2768 5200 2896 5254 olim
2952 5198 3172 5254 fratrem
3226 5212 3498 5266 nostrum.

1931 5307 2079 5347 nunc
2144 5293 2447 5346 admirandi
2492 5291 2589 5345 viri
2635 5307 2800 5361 opera
2850 5292 2943 5345 tibi
2985 5292 3261 5348 subditum
3308 5312 3321 5348 :
3372 5298 3502 5365 quia

1944 5386 2166 5441 Christo
2209 5386 2291 5440 sic
2356 5386 2534 5440 visum
2581 5393 2686 5449 est,
2721 5386 2787 5440 de
2835 5386 2980 5439 illius
3026 5387 3116 5453 qui
3149 5386 3382 5455 perierat
3410 5404 3501 5441 sa-

1935 5480 2047 5534 lutc
2104 5478 2410 5549 gaudentis.
2480 5478 2655 5545 Quam
2713 5480 3089 5534 admirandum
3146 5494 3343 5550 opusa
3404 5478 3499 5533 Dei

1938 5580 2152 5626 amante
2207 5578 2455 5624 curatore
2511 5569 2805 5638 perfectum
2832 5579 2951 5637 est,
2997 5586 3267 5643 quamque
3329 5570 3500 5642 ipsius

1844 5685 1891 5718 ⁸ο
1916 5687 2045 5743 ibid.
2119 5686 2162 5719 δι
2194 5684 2358 5741 llcbr.
2394 5701 2470 5753 χι,
2499 5684 2589 5741 51.

1780 5806 2011 5865 ΝΟΤᾹΣ.

353 5878 464 5943 (5'2)
492 5878 549 5931 In
576 5880 694 5933 cod.
728 5878 855 5948 Rt‘g.
897 5878 1027 5946 951'.
