4156 6474
683 414 821 481 1447

1877 418 1939 477 8.
1976 415 2373 478 ΤΗΕΟῡΟΒῐ
2408 415 2760 477 ΞΤῙΙΒΙΤᾹΞ

3818 404 3957 474 1448

678 528 884 582 virtute
927 524 1153 589 dignum
1180 540 1195 590 ;
1246 523 1341 579 sed
1370 532 1426 577 et
1455 532 1508 578 te
1536 523 1740 594 pariter
1779 524 2055 594 spirituali
2086 535 2265 595 patre,

2383 522 2465 575 tal
2509 522 2660 589 ἀξιον
2681 522 2784 591 τῆς
2817 520 2940 575 κατ’
2966 520 3130 574 αὑτὸν
3172 519 3371 590 ἀρετῆς
3392 534 3407 547 ⁸
3447 519 3509 572 ού
3544 519 3654 589 μὴν
3682 518 3822 574 ἀλλά
3861 524 3957 575 καὶ

680 618 774 688 qui
810 615 1079 686 perditum
1112 615 1256 670 sicut
1278 616 1531 670 Christus
1566 614 1619 669 in
1650 614 1910 671 humeros
1960 615 2260 670 sustulisti!

681 708 924 765 lactans
960 724 1080 765 sum
1104 709 1288 779 itaque
1322 708 1551 763 humilis
1581 723 1707 777 ego,
1725 717 1781 763 et
1806 709 2097 773 exsultavi,
2126 724 2265 778 quo-

683 805 831 857 niam
898 803 993 872 qui
1025 802 1260 872 perierat
1289 800 1543 854 inventus
1567 808 1688 867 est,
1710 809 1764 855 et
1792 802 1886 870 qui
1909 801 2118 870 ejectus
2143 800 2266 854 fue-

684 905 791 960 rat,
831 896 1058 951 domum
1111 894 1369 947 reduetus
1400 891 1468 945 “.
1492 891 1555 946 Et
1576 892 1753 963 gratia
1787 893 2038 962 potestati
2069 906 2135 946 ac
2161 890 2264 945 mi-

685 987 1000 1042 sericordiae
1028 984 1215 1056 gloriae
1243 982 1358 1045 Dei.
1388 983 1484 1053 qui
1506 994 1562 1038 et
1611 984 1761 1039 illius
1791 984 2049 1037 misertus
2069 992 2174 1046 est,
2209 992 2265 1039 et

686 1096 774 1135 me
818 1080 1083 1133 humilem
1136 1092 1374 1131 maerore
1428 1078 1699 1131 liberavit.
1729 1074 2024 1130 Mmrebam
2051 1076 2195 1130 enim
2233 1091 2264 1129 a

687 1172 877 1226 multis
909 1171 1070 1225 anuis
1090 1169 1162 1223 ob
1186 1169 1285 1223 tilii
1339 1169 1445 1223 mei
1498 1170 1740 1223 ruinam.
1788 1166 1869 1221 Tu
1904 1168 2071 1238 igitur
2114 1177 2269 1238 pater

688 1260 837 1316 illius
874 1274 1021 1314 nunc
1046 1258 1141 1313 Dei
1192 1259 1549 1314 miseratione
1576 1257 1751 1313 factus
1776 1273 1856 1317 es.
1887 1258 2013 1312 boni
2065 1258 2271 1311 media-

689 1350 828 1406 toris
848 1364 1007 1419 opem
1038 1348 1221 1403 ferens
1256 1368 1269 1403 :
1303 1358 1357 1402 et
1393 1359 1449 1403 tu
1505 1349 1658 1403 illum
1709 1348 1967 1417 deinceps
2000 1347 2064 1402 ad
2098 1346 2267 1402 Deum

689 1440 947 1496 adduces.
978 1438 1118 1495 Ecce
1144 1440 1290 1495 enim
1316 1439 1469 1494 illum
1507 1441 1563 1494 in
1608 1454 1804 1495 manus
1830 1449 1974 1501 tuas.
2002 1455 2067 1493 ac
2096 1442 2142 1494 si
2175 1454 2272 1493 co-

2375 614 2469 666 σοῦ
2499 614 2593 667 τοῦ
2625 613 2998 683 πνευματικοῦ
3020 613 3265 682 πατρὸς.
3293 612 3388 664 καὶ
3412 610 3503 664 τὸν
3533 612 3860 665 ἀπολωλότα
3881 613 3958 675 ὼς

2370 704 2608 775 Χριστὸς
2641 706 2735 756 ἐπὶ
2760 704 2869 757 τῶν
2896 701 3064 772 ῶμων
3088 701 3473 776 ἀναλαϐόντος.
3501 702 3836 773 Εὐφράνθην
3863 704 3957 757 οὖν

2373 799 2403 850 ό
2434 797 2691 859 ταπεινὸς
2715 795 2845 863 ἐγὼ.
2874 796 2971 849 καὶ
2996 794 3441 864 ὴγαλλιασάμην.
3474 794 3556 848 ὅτι
3586 794 3647 848 τὸ
3673 796 3959 859 ἀπολωλὸς

2377 884 2613 953 εὑρέθη,
2660 882 2721 935 τὸ
2775 884 3104 952 ἀπωσμένον
3139 883 3461 954 είσῳκίσθη.
3501 884 3615 937 Kal
3669 886 3835 955 χάρις
3888 885 3960 955 τῷ

2377 977 2573 1045 κράτει
2608 977 2703 1028 καὶ
2732 976 2874 1046 ξλέει
2907 976 3009 1043 τῆς
3035 974 3131 1028 τοῦ
3178 974 3317 1029 Θεοῦ
3360 975 3549 1045 δόξης,
3579 976 3675 1029 τοῦ
3704 980 3960 1032 κάκεῖνον

2376 1067 2721 1135 ἱλεήσαντος,
2753 1068 2897 1135 κάμὲ
2923 1068 3015 1119 τὸν
3037 1068 3294 1121 ταπεινὸν
3322 1068 3387 1121 ἐκ
3418 1067 3522 1137 τῆς
3550 1068 3792 1137 ἀθυμίας
3818 1069 3957 1122 ἀνα-

2376 1162 2725 1229 κομίσαντος.
2766 1159 3042 1228 Ὴθύμουν
3070 1162 3181 1230 γὰρ
3214 1159 3322 1213 ἀπὸ
3355 1160 3566 1213 πολλῶν
3594 1160 3732 1211 ἐτῶν
3771 1160 3869 1212 ἐπὶ
3894 1165 3957 1229 τῇ

2372 1252 2621 1321 ἀπωλείᾳ
2657 1252 2753 1303 τοῦ
2800 1250 2919 1304 υίοῦ
2969 1270 3089 1322 μου.
3143 1253 3215 1305 Σὺ
3256 1249 3350 1306 οὖν
3381 1254 3506 1323 ἄρτι
3565 1252 3752 1322 πατὴρ
3790 1252 3957 1304 αὑτοῦ

2373 1344 2515 1398 ἐλέει
2539 1344 2674 1398 Θεοῦ
2714 1347 3157 1417 κεχρημάτικας,
3187 1350 3255 1417 τῇ
3287 1346 3582 1417 ἐπικουρίᾳ
3612 1345 3708 1398 τοῦ
3749 1344 3961 1412 ἀγαθοῦ

2378 1442 2601 1507 μεσίτου
2622 1454 2638 1469 ’
2671 1439 2767 1491 καὶ
2791 1441 2854 1491 σὺ
2884 1440 3048 1492 αὐτὸν
3076 1439 3403 1509 προσάξειας
3420 1439 3539 1508 6εῷ
3568 1439 3704 1508 πᾴς
3726 1438 3789 1490 τὸ
3809 1438 3960 1507 ἑξῆς.

687 1548 805 1588 ram
836 1533 909 1589 oh
942 1534 1153 1596 oculos,
1194 1534 1517 1588 commendo
1547 1549 1567 1587 :
1590 1541 1646 1588 et
1689 1532 1991 1603 discipulus
2020 1541 2148 1585 tuus
2175 1547 2274 1584 vo.

2386 1530 2520 1583 Ἰδοὺ
2546 1530 2656 1601 γὰρ
2684 1531 3033 1602 παραδίδωμι
3065 1532 3226 1586 αὑτὸν
3272 1534 3353 1595 είς
3381 1533 3568 1603 χεῖράς
3600 1549 3717 1596 σου,
3748 1532 3826 1594 ὡς
3856 1532 3965 1584 ἀπὸ

688 1633 865 1689 cetur,
899 1634 957 1679 et
980 1640 1011 1680 a
1040 1636 1090 1679 te
1117 1624 1296 1680 discat
1321 1640 1494 1695 usque
1529 1626 1586 1679 in
1626 1624 1785 1679 linem
1818 1642 1833 1679 :
1869 1633 2036 1694 tuque
2059 1639 2271 1679 merce-

689 1714 815 1769 dem
840 1716 989 1771 iliius
1017 1717 1285 1786 percipies
1310 1717 1361 1770 in
1388 1716 1796 1785 saeculaAtque
1816 1716 1957 1771 hanc
1985 1716 2270 1787 epistolam

689 1804 838 1876 leges
874 1806 999 1877 ipsi.
1025 1816 1085 1862 ut
1108 1822 1339 1863 securus
1378 1807 1466 1873 sit,
1498 1808 1964 1877 quemadmodum
1998 1808 2101 1875 ipsi
2131 1808 2271 1861 scri-

2376 1625 2641 1693 αύτοψίας
2671 1624 2988 1696 ὀφθαλμῶν.
3020 1626 3117 1678 καὶ
3145 1625 3418 1679 καλείσθω
3447 1642 3542 1678 σου
3576 1625 3852 1696 μαθητὴς,
3871 1627 3965 1677 καὶ

2380 1717 2713 1787 μαθητεύσει
2747 1735 2828 1770 σοι
2858 1719 2962 1781 ἕως
2993 1718 3211 1780 τέλουςο
3251 1719 3347 1771 καὶ
3391 1717 3832 1789 κληρονομήσας
3872 1718 3965 1769 τὸν

2382 1811 2575 1879 μισθὸν
2606 1810 2775 1865 αὐτοῦ
2822 1813 2902 1874 εἰς
2936 1812 3067 1873 τοὺς
3110 1810 3335 1873 αἰῶνας.
3370 1812 3482 1864 Kal
3511 1810 3667 1883 τήνδε
3696 1811 3799 1879 τὴν
3837 1812 3964 1863 ἑπι-

690 1896 816 1965 psi;
872 1904 929 1950 et
990 1907 1048 1952 ut
1102 1897 1391 1967 impleatur
1418 1899 1565 1968 quod
1612 1900 1681 1953 ab
1706 1899 1968 1969 Apostolo
2006 1898 2270 1967 scriptum

2383 1902 2573 1972 στολὴν
2612 1902 3020 1971 ὲπαναγνὼσεις
3049 1902 3220 1972 αὐτῷ.
3246 1903 3324 1967 ὼς
3359 1903 3425 1956 ἀν
3458 1879 3576 1973 ἔχοι⁷
3602 1903 3664 1956 τδ
3694 1904 3965 1972 ἀσφαλὲς,

690 1997 817 2043 est:
852 1988 1004 2043 Alter
1030 1988 1253 2045 alterius
1282 2007 1444 2045 onera
1475 2001 1709 2059 portate.
1743 2002 1792 2045 et
1815 1992 1889 2044 sic
1919 1990 2276 2060 adimplcbilis

693 2078 862 2152 legent
890 2080 1091 2136 Christi
1117 2082 1205 2148 ⁵³;
1238 2084 1331 2153 qui
1358 2093 1410 2138 te
1441 2098 1565 2137 cum
1607 2084 1861 2138 universa
1900 2098 1929 2137 ε
1960 2081 2070 2136 Deo
2104 2083 2276 2137 electa

692 2174 953 2229 societate
1014 2185 1108 2229 tua
1146 2175 1443 2240 custodiat,
1498 2175 1722 2230 meliora
1766 2190 1867 2246 pro
1905 2174 2068 2229 nobis
2108 2173 2274 2228 etiam

694 2264 1081 2329 peccatoribus
1106 2273 1374 2319 orantem.

1041 2567 1246 2626 CXLII.
1271 2599 1342 2611 —
1371 2568 1573 2623 Basilio
1604 2570 1908 2638 purposito.

2374 1995 2521 2048 καθά
2551 1996 2791 2065 κάκείνῳ
2816 1997 2965 2066 αύτῷ
2986 1998 3241 2069 γέγραφα
3258 2014 3273 2028 ⁸
3300 2001 3397 2051 καὶ
3425 1998 3758 2067 πληρούσθω
3787 1999 3851 2051 τὸ
3872 1998 3965 2052 τοῦ

2387 2088 2712 2142 Ἀποστόλου
2787 2091 3105 2154 Ἀλλήλων
3144 2092 3217 2145 τὰ
3248 2090 3412 2160 βάρη
3458 2092 3830 2157 βαστάζετε,
3865 2094 3966 2146 καὶ

2373 2181 2565 2247 οὕτως
2604 2182 3087 2248 ἀναπληρώσατε
3115 2184 3221 2237 τόν
3258 2188 3453 2255 νόμον
3501 2185 3608 2239 τοῦ
3659 2186 3928 2253 Χριστοῦ

2372 2276 2430 2338 ὃς
2464 2277 2719 2344 φυλάξετε
2754 2296 2812 2331 σε
2849 2280 2986 2346 μετά
3021 2280 3203 2349 πάσης
3239 2284 3337 2350 τῆς
3388 2282 3673 2335 θεολέκτου
3709 2299 3804 2333 σου
3846 2299 3971 2334 συν-

2372 2368 2539 2432 οδίας,
2582 2373 3024 2442 προσευχόμενον
3058 2373 3153 2427 καὶ
3200 2373 3329 2444 περὶ
3362 2376 3520 2445 ήμῶν
3558 2374 3667 2428 τῶν
3703 2376 3971 2447 ἁμαρτω.

2373 2460 2480 2513 λῶν
2518 2463 2585 2515 τὰ
2625 2465 2934 2534 κρείττονα.

2487 2572 2644 2628 PMB’
2676 2578 2809 2647 (35).
2840 2606 2912 2617 —
2948 2576 3245 2646 Βασιλείῳ
3269 2577 3603 2648 ἡγουμένω.
3648 2579 3844 2653 [dum]

1368 2684 1567 2749 Arguit,
1594 2686 1725 2750 quod
1748 2686 1807 2735 ab
1843 2683 2148 2748 imperatore
2175 2688 2306 2738 haud
2346 2691 2465 2741 salis
2485 2693 2762 2743 orthodoxo
2787 2708 2994 2745 munera
3020 2696 3295 2760 acceperit.

765 2799 898 2866 Qua:
927 2812 1091 2866 supra
1128 2798 1378 2852 meritum
1417 2806 1664 2852 nostrum
1702 2800 1813 2853 sint
1828 2801 2091 2863 scribere,
2133 2816 2281 2856 sem-

693 2908 791 2964 per
828 2892 1067 2948 fraterna
1125 2891 1427 2948 reverentia
1468 2900 1559 2945 tua
1620 2894 1925 2954 consuevit.
1963 2893 2280 2948 tenuitatem

696 2996 941 3044 nostram
986 2986 1237 3040 laudibus
1274 2996 1329 3039 et
1365 2984 1631 3038 encomiis
1674 3000 1972 3047 exornans,
2014 3000 2115 3040 nos
2155 3001 2283 3040 vero

697 3078 935 3147 propriis
975 3077 1177 3130 tiuihus
1199 3091 1302 3130 nos
1335 3077 1619 3130 continere
1643 3076 1961 3140 didicimus,
2002 3087 2057 3131 et
2099 3078 2279 3142 nihili,

2450 2806 2531 2858 Τὰ
2570 2807 2711 2877 ὑπὲρ
2745 2805 2843 2875 τὴν
2892 2805 3053 2871 ἀξίαν
3085 2806 3245 2875 ἡμῶν
3277 2805 3511 2859 πάντοτε
3563 2805 3596 2874 ἡ
3644 2804 3853 2875 ἀδελφὴ
3892 2824 3971 2859 τι·

2384 2900 2572 2968 μιότης
2603 2916 2698 2950 σου
2729 2898 3075 2951 ἐπιστέλλειν
3109 2899 3293 2963 εἴωθε,
3317 2902 3510 2968 τιμαῖς
3540 2900 3636 2950 καλ⁵
3666 2898 3967 2967 εὐφημίαις

2378 2990 2833 3057 ἀποσεμνύνουσι
2874 2990 2973 3060 τὴν
3023 2990 3309 3045 ούθένειαν
3343 2991 3526 3061 ἡμῶνι
3564 2993 3727 3061 ἡμεῖς
3758 2991 3816 3043 δὲ
3861 2992 3968 3043 τῶν

2378 3081 2596 3134 οίκείων
2645 3083 2861 3153 μέτρων
2910 3082 2985 3154 μὴ
3028 3083 3347 3150 ἐξίστασθαι
3391 3082 3756 3152 δεδιδάγμεθα
3784 3126 3799 3145 ,
3855 3083 3967 3135 ἀλλ’

696 3170 845 3242 quod
883 3186 1074 3225 sumus
1110 3184 1212 3225 nos
1249 3170 1639 3225 2stimare.Ac
1676 3170 1743 3225 de
1784 3171 1869 3225 his
1913 3172 2065 3226 satis.
2105 3169 2278 3225 Caete-

2383 3174 2634 3243 ὴγεῖσθαι
2681 3175 2911 3238 ἑαυτοὺς
2959 3176 3137 3242 οὐθὲν,
3192 3176 3329 3245 ὅπερ
3376 3177 3565 3246 ἐσμέν.
3605 3176 3717 3229 Kal
3764 3175 3969 3228 τούτων

698 3280 819 3319 rum
880 3264 1110 3320 tarditas
1140 3264 1533 3318 venerabilium
1577 3264 1880 3318 litterarum
1917 3274 2135 3319 tuarum
2176 3265 2281 3319 mi-

697 3359 850 3415 nime
888 3373 987 3413 nos
1008 3356 1368 3412 contristavit.
1411 3357 1523 3411 Cur
1543 3357 1689 3411 enim
1716 3357 1739 3411 ?
1763 3367 1857 3413 aut
1892 3373 2016 3427 qua:
2041 3357 2143 3413 fuit
2182 3373 2281 3412 ne-

702 3453 972 3508 cessitas?
1019 3450 1379 3506 Contristavit
1412 3459 1593 3505 autem
1621 3450 1934 3521 (aperienda
1972 3450 2119 3503 enim
2158 3465 2281 3519 qua:

700 3546 759 3601 in
781 3545 968 3600 animo
1002 3546 1159 3611 sunt)
1193 3554 1283 3599 tua
1330 3544 1381 3597 in
1421 3543 1555 3598 urbe
1589 3544 2062 3607 commemoratio,
2123 3552 2177 3597 et
2213 3544 2281 3598 ad

700 3638 1085 3708 imperatorem
1126 3650 1327 3701 sermo,
1363 3638 1594 3705 ejusque
1640 3636 1927 3699 allocutio,
1970 3638 2279 3704 responsio,

701 3740 759 3786 et
794 3726 921 3786 tuus
950 3745 1015 3785 ex
1056 3730 1313 3784 mandato
1352 3730 1660 3796 discessus;
1692 3745 1817 3784 cum
1846 3729 1900 3782 iu
1937 3729 2130 3782 iisdem
2180 3742 2282 3781 nos

702 3823 900 3878 iterum
939 3822 1301 3877 incommodis
1344 3837 1645 3884 versemus,
1703 3822 1809 3875 sub
1844 3837 2007 3874 manu
2060 3820 2281 3874 hetero-

701 3917 971 3970 doxorum
1002 3915 1228 3969 delenti.
1282 3914 1584 3983 Adjecerim
1634 3923 1813 3967 autem
1852 3922 1907 3967 et
1958 3913 2280 3968 missionem

704 4020 994 4062 meonemo
1028 4006 1095 4059 ad
1138 4005 1435 4073 principem
1464 4004 1740 4069 eumdem,
1777 4015 1832 4059 et
1879 4004 1985 4059 cibi
2025 4020 2281 4058 conmm-

704 4099 948 4161 nioucm,
1000 4107 1053 4152 et
1092 4098 1496 4153 abductiouem.
1546 4096 1671 4151 Htec
1709 4096 1891 4151 omnia
1932 4111 2034 4151 nos
2077 4096 2281 4151 contri-

706 4200 945 4254 staruut,
989 4191 1493 4245 reverendissime:
1538 4200 1592 4244 et
1640 4190 1850 4244 inhibet
1887 4205 1987 4243 nos
2034 4190 2281 4258 ignosce.

706 4282 954 4351 deceptio
991 4291 1190 4342 vestra.
1224 4283 1569 4352 congressio,
1602 4290 1657 4335 et
1696 4282 2060 4346 conversatio,
2094 4297 2285 4334 mune.

711 4393 830 4432 rum
872 4377 1118 4444 exceptio
1168 4384 1222 4428 et
1252 4375 1498 4435 donatio.
1554 4384 1611 4429 et
1670 4375 1715 4428 si
1757 4376 1848 4443 qui
1891 4374 2286 4429 benevolentia:

711 4469 910 4523 indicia
936 4469 1042 4521 alia
1082 4467 1334 4536 usurpari
1396 4477 1679 4531 consueta,
1742 4464 1809 4519 Ut
1845 4467 1971 4536 quid
1992 4468 2153 4528 enim,
2201 4467 2284 4519 in-

2384 3268 2485 3335 μὲν
2512 3268 2651 3330 ἃλις.
2688 3268 2753 3321 ἠ
2768 3268 2824 3321 δὲ
2848 3268 3121 3339 βραδύτης
3142 3268 3253 3321 τῶν
3276 3268 3475 3337 τιμίων
3501 3286 3597 3321 σου
3622 3268 3969 3338 γραμμάτων

2381 3360 2443 3412 ού
2490 3360 2555 3429 δή
2609 3378 2713 3414 που
2752 3361 3066 3431 λελύπηκεν
3108 3361 3278 3429 ἡμᾶς.
3309 3360 3410 3413 Διά
3456 3360 3509 3412 τί
3551 3361 3698 3429 γάρς
3743 3363 3839 3412 καὶ
3884 3351 3966 3427 ἐφ’

2380 3445 2530 3521 ᾧτινι
2571 3455 2632 3507 τὸ
2670 3455 3015 3523 ἀναγκάζονς
3055 3453 3347 3523 Δελύπηκε
3384 3453 3479 3517 δὲ,
3524 3453 3635 3504 δεῖν
3663 3452 3775 3521 γὰρ
3804 3454 3968 3505 ἑκκα-

2381 3545 2549 3615 λύψαι
2577 3546 2647 3599 τά
2672 3548 3083 3616 παριστάμενα,
3113 3548 3146 3612 ὴ
3179 3546 3239 3598 ἐν
3271 3545 3351 3615 τῷ
3378 3544 3532 3598 ἄστει
3565 3543 3843 3614 διατριϐὴ,
3874 3545 3967 3595 καὶ

2383 3640 2416 3708 ἡ
2449 3639 2584 3709 πρὸς
2614 3638 2708 3691 τὸν
2743 3640 3047 3708 κρατοῦντα
3095 3640 3261 3706 φάσις
3304 3638 3402 3691 καὶ
3447 3637 3769 3708 ἀντίφασις,
3807 3637 3901 3689 xal
3934 3638 3967 3707 ἡ

2383 3730 2492 3782 ὑπὸ
2544 3730 2794 3783 κέλευσιν
2848 3731 3045 3795 ἔξοδος·
3096 3733 3190 3784 ἐπὶ
3218 3731 3329 3785 τῶν
3373 3730 3554 3783 αὐτῶν
3594 3731 3758 3784 πάλιν
3799 3730 3969 3783 όντων

2384 3822 2543 3890 ἡμῶν
2590 3824 3117 3893 πρακτικευμάτων,
3170 3824 3271 3893 τῆς
3305 3824 3622 3892 ὑποχειρίου
3649 3824 3760 3875 τῶν
3789 3825 3970 3895 ἑτερο-

2376 3913 2551 3979 δόξων
2598 3914 2831 3983 κατοχῆς
2860 3931 2875 3944 ⁸
2902 3914 3276 3985 προσθείημεν
3304 3915 3351 3967 δ’
3392 3914 3478 3978 ἂν,
3511 3915 3603 3967 καὶ
3630 3918 3664 3985 ἡ
3707 3916 3845 3985 πρὸς
3874 3915 3967 3968 τοῦ

2384 4004 2671 4070 οἰκονόμου
2712 4002 2801 4054 ἐπ’
2832 4002 2997 4055 αὑτοῦ
3047 4002 3140 4054 τοῦ
3210 4004 3447 4073 κράτους
3497 4002 3774 4072 ἀποστολὴ
3798 4043 3814 4064 ,
3848 4020 3970 4055 συν-

2385 4094 2628 4157 εστίασίς
2690 4112 2749 4148 τε
2801 4096 2894 4147 xal
2942 4096 3342 4163 συναπαγωγή.
3372 4093 3561 4148 Ταῦτα
3600 4094 3782 4147 πάντα
3820 4094 3970 4147 λελύ-

2386 4204 2563 4257 πηκεν
2588 4189 2733 4257 ἡμᾶς
2756 4228 2772 4252 ,
2818 4182 2865 4242 ὦ
2892 4186 3220 4257 τιμιώτατε,
3259 4189 3354 4241 καὶ
3404 4187 3579 4257 εἴργει
3623 4188 3806 4255 ἡμᾶς,
3841 4189 3969 4255 σύγ⁴

2387 4266 2558 4348 γνωθὶ
2580 4320 2594 4345 ,
2627 4281 2661 4351 ἡ
2692 4280 2828 4350 πρὸς
2856 4282 3004 4350 ὑμᾶς
3031 4282 3217 4350 ἀπάτη
3239 4321 3255 4341 .
3289 4283 3385 4335 καὶ
3418 4282 3845 4350 συνανάχρασις,
3877 4300 3968 4335 και

2390 4372 2803 4441 συναναστροφὴ
2826 4411 2841 4434 ,
2881 4371 3045 4441 λῆψίς
3073 4389 3133 4423 τε
3163 4373 3261 4424 καὶ
3289 4373 3438 4436 δόσις
3460 4414 3477 4437 ,
3530 4374 3626 4426 καὶ
3667 4375 3718 4425 εί
3762 4390 3817 4424 τι
3844 4374 3969 4427 ἄλλο

2390 4464 2499 4516 τῶν
2526 4464 2778 4530 φιλικῶν,
2822 4463 2917 4517 καὶ
2960 4463 3020 4529 ἐξ
3050 4464 3228 4527 ἔθους.
3260 4465 3394 4519 Ἵνα
3425 4465 3485 4518 τί
3513 4467 3646 4535 γὰρ,
3695 4467 3882 4534 φησὶν,
3931 4468 3966 4532 ἠ

616 4555 620 4558 ⁴
708 4562 850 4631 quit,
900 4558 1115 4612 libertas
1161 4574 1274 4610 mea
1315 4558 1599 4626 judicatur
1651 4556 1715 4609 ab
1779 4557 1953 4610 aliena
2018 4560 2278 4610 conscien-

2388 4554 2695 4621 ἐλευθερία
2723 4572 2841 4624 μου
2870 4557 3130 4624 κρίνεται
3153 4555 3272 4611 ὑπὸ
3305 4557 3503 4624 ἄλλης
3527 4555 3968 4623 συγειδιὲσεωω

710 4648 787 4702 tia
805 4647 890 4701 “‘I
922 4645 987 4699 Et
1025 4644 1468 4717 quandoquidem
1507 4644 1737 4697 antehac
1782 4644 1917 4698 satis
1948 4644 2287 4712 dispensavi—

708 4756 857 4804 mus,
900 4739 1089 4810 idque,
1128 4746 1189 4791 ut
1228 4736 1372 4791 Deus
1404 4736 1556 4791 solus
1596 4736 1765 4800 novit,
1807 4752 1931 4790 cum
1973 4752 2172 4807 magno
2202 4734 2287 4790 af-

708 4833 856 4891 fectu
886 4842 942 4889 et
966 4831 1372 4894 misericordia;
1402 4845 1551 4884 nunc
1582 4830 1744 4883 etiam
1782 4830 2103 4899 dispensare
2126 4845 2289 4900 opor-

710 4939 809 4995 tet,
837 4936 892 4981 et
924 4941 1031 4981 non
1064 4934 1297 4993 utraque
1329 4939 1391 4978 ex
1426 4921 1977 4992 parledetrimentum
2001 4924 2131 4991 pati,
2165 4938 2287 4987 nec,

712 5021 891 5075 aliena
934 5026 1268 5087 usurpantes
1311 5026 1548 5080 ;nostra
1606 5015 1919 5068 inconsulto
1998 5014 2283 5084 projicere.

714 5114 1030 5172 Scientibus
1079 5114 1275 5184 loquor
1314 5129 1328 5165 :
1364 5110 1532 5167 Nemo
1579 5122 1745 5178 potest
1798 5110 2002 5164 duobus
2059 5111 2287 5163 dominis

713 5209 907 5263 servire
938 5205 1008 5270 ",
1048 5207 1253 5259 veritas
1319 5202 1713 5273 pronuntiavit.
1774 5200 1986 5254 Domini
2052 5200 2186 5254 estis
2235 5209 2289 5253 ct

716 5302 831 5356 lteri
863 5311 919 5355 et
959 5306 1202 5354 rectores
1234 5295 1575 5365 propriorum
1602 5292 2054 5347 monasteriorum
2079 5301 2133 5344 et
2160 5308 2291 5345 con-

715 5396 964 5451 siliorum
1003 5410 1017 5447 :
1055 5406 1155 5445 nos
1192 5404 1322 5445 vero
1354 5390 1588 5443 humiles
1634 5398 1688 5441 et
1734 5386 2028 5441 errabundi
2064 5387 2208 5439 hunc
2234 5386 2286 5437 in

722 5488 898 5541 locum
959 5484 1117 5554 ejecti
1159 5482 1231 5537 ob
1278 5482 1739 5550 persecutionem.
1794 5478 2087 5534 Concedite
2144 5479 2286 5533 hanc

793 5668 838 5698 δ’
867 5666 1000 5722 Luc.
1027 5681 1117 5732 xv,
1144 5665 1235 5720 2i.
1310 5667 1356 5699 "
1385 5666 1560 5722 Galat.
1588 5680 1663 5733 VI,
1695 5665 1749 5719 2.
1825 5664 1868 5697 “
1902 5665 1919 5718 l
1955 5662 2080 5721 Cor.
2114 5680 2165 5729 κ,
2196 5663 2287 5720 20.

2391 4649 2502 4702 Kal
2553 4649 2739 4718 ἐπειδὴ
2781 4650 2982 4712 ἱκανῶς
3022 4649 3456 4728 ᾠκῆονομήσαμεν
3501 4652 3559 4703 ὲν
3603 4652 3719 4711 τοῖς
3768 4650 3968 4718 προλα-

2393 4740 2585 4804 ϐοῦσι,
2620 4742 2748 4801 καὶ.
2798 4740 2876 4803 ὡς
2917 4740 3051 4804 Θεὸς
3095 4742 3258 4811 μόνος
3296 4739 3441 4807 οἶδε,
3482 4742 3582 4794 σὺν
3636 4739 3806 4808 πολλῇ
3856 4739 3969 4791 δια-

2392 4833 2540 4887 θέσει
2575 4835 2669 4886 καὶ
2697 4833 3062 4905 ἐλεημοσύνη·
3094 4834 3209 4886 δεῖν
3253 4833 3380 4904 ἄρτι
3433 4833 3528 4886 xal
3578 4831 3965 4902 οίκοδομῆσαι,

2391 4925 2487 4979 καὶ
2534 4927 2609 4997 μὴ
2663 4927 3057 4997 ἀμφοτέρωθεν
3105 4926 3479 4996 ζημιοῦσθαι,
3532 4927 3670 4997 μήτε
3706 4925 3769 4977 τὸ
3815 4924 3967 4977 ἀλλό-

2394 5037 2546 5089 τριον
2599 5019 3189 5091 προλαμϐανομένους,
3244 5021 3339 5073 καὶ
3381 5020 3441 5071 τὸ
3508 5021 3709 5071 οἰκεῖον
3766 5018 3968 5084 ἀλόγως

2398 5112 2685 5183 προέσθαι.
2738 5111 2947 5165 Εἰδότιν
2978 5115 3007 5166 ό
3036 5112 3195 5181 λόγος
3223 5128 3237 5141 ο
3266 5111 3476 5178 Οὐδεὶς
3538 5112 3789 5166 δύναται
3832 5109 3965 5163 δυσί

2398 5206 2627 5270 κυρίοις
2688 5204 3026 5266 δουλεύειν.
3085 5207 3119 5273 ὴ
3172 5204 3402 5275 ἀλήθεια
3470 5206 3811 5274 ἀπεφήνατο.
3861 5201 3964 5254 Κύ-

2400 5296 2504 5366 ριοί
2559 5298 2683 5347 ἐστε
2751 5297 2847 5348 καὶ
2920 5295 3180 5349 δεσπόται
3251 5298 3346 5349 καὶ
3412 5296 3815 5367 καθηγούμενοι
3863 5293 3962 5347 τῶν

2399 5387 2545 5441 ίδίων
2598 5388 2777 5457 μονῶν
2829 5389 2923 5440 καὶ
2966 5387 3377 5459 βουλευμάτων
3422 5391 3585 5459 ἡμεῖς
3624 5389 3681 5440 δὲ.
3726 5384 3963 5439 ταπεινοὶ

2395 5478 2491 5531 καὶ
2516 5478 2772 5549 smnpm
2810 5474 2912 5535 ὦδέ
2952 5498 3054 5535 που
3096 5481 3533 5553 παρερριμμένοι
3559 5481 3645 5535 διὰ
3693 5481 3783 5534 τὸν
3810 5478 3960 5545 διωγ-

2379 5662 2425 5694 ⁸⁹
2458 5662 2650 5719 Matth.
2681 5681 2757 5729 νι,
2780 5663 2870 5719 24.

2232 5780 2465 5839 ΝΟΤᾸΞ.

797 5878 907 5948 (5'5;
936 5878 992 5931 in
1019 5876 1136 5931 cod.
1170 5876 1299 5943 Reg.
1347 5873 1479 5943 9553'.
