4156 6532
220 459 367 525 1449

1410 456 1966 519 EPISTOLARUM
2004 459 2151 518 LIB.
2212 460 2293 518 ll.

3344 457 3480 520 1450

224 570 352 641 μόν.
392 567 705 639 Χαρίτασθε
772 569 902 638 ἡμῖν
949 567 1048 636 τὴν
1086 566 1399 635 ἐλευθερίαν
1440 566 1667 636 ταύτην,
1701 567 1795 619 καὶ

1921 568 2056 622 nobis
2087 569 2415 633 libertatem,
2468 577 2527 621 ut
2582 567 2786 622 nostris
2830 568 3073 637 peccatis
3116 568 3478 624 indoleamus.

221 664 289 713 τὸ
340 663 451 724 τοῖς
493 661 716 723 οίκείοις
765 660 1184 729 ὲπιστυγνάζειν
1241 660 1625 731 ἁμαρτήμασι.
1696 660 1803 712 Καὶ

222 743 346 804 οἶδα
377 750 473 819 μὲν
500 750 582 802 ὅτι
617 748 857 818 λυπηρὸν
903 748 964 801 τὸ
992 750 1227 819 γράμμα
1256 752 1323 818 τῇ
1354 746 1631 817 τιμιότητί
1675 763 1802 811 σου,

223 841 421 913 ὥσπερ
470 842 565 896 καὶ
606 843 761 912 ἡμῖν,
800 840 938 894 ἀλλὰ
981 843 1079 911 τῆς
1107 840 1200 893 τοῦ
1236 839 1374 892 Θεοῦ
1406 840 1626 907 ἀγάπης
1653 838 1803 892 οὐδὲν

226 934 644 1004 προτιμότερον
672 934 739 987 δι’
780 936 845 1005 ἢν
878 935 972 987 καὶ
1009 936 1170 1005 ἡμεῖς
1205 933 1300 985 σὺν
1338 933 1449 994 τοῖς
1484 931 1659 998 ἁγίοις
1686 930 1803 982 Πα-

226 1025 423 1098 τράσιν
463 1025 621 1097 ἡμῶν
671 1027 767 1080 ἰπὶ
799 1029 866 1098 τῇ
899 1025 1056 1096 ῦϐρει
1096 1022 1334 1095 Χριστοῦ
1373 1021 1731 1094 ἠρνησάμεοα
1765 1019 1802 1074 ἃ

230 1117 610 1189 ὴρνησάμεθα,
639 1119 734 1171 καὶ
760 1115 1172 1189 προαιρούμεθα
1200 1117 1237 1169 ἃ
1265 1113 1661 1185 προϊσχόμεθαλ

522 1318 675 1375 PM!"
721 1321 855 1389 (54).
897 1348 957 1360 -
1010 1317 1094 1384 Τῷ
1125 1314 1304 1384 αὐτῷ.
1342 1313 1542 1387 [ψιβ.]

1906 657 1971 712 Ει
2000 661 2115 713 scio
2165 660 2387 729 quidem
2431 659 2784 729 injucundam
2843 659 3163 713 reverentiae
3203 666 3311 713 ture
3342 660 3485 715 hanc

1903 750 2193 817 epistolam
2225 750 2362 816 fore,
2395 753 2541 807 sicut
2573 761 2625 806 et
2681 750 2839 805 nobis
2872 768 2885 803 :
2915 750 3013 805 sed
3047 751 3187 805 nihil
3219 761 3303 807 est
3325 761 3483 806 ante—

1904 842 2217 910 ponendum
2252 842 2345 898 Dei
2376 844 2632 899 charitati
2660 862 2673 898 :
2711 853 2934 914 propter
2962 860 3126 913 quam
3146 854 3201 899 et
3234 860 3337 900 nos
3358 860 3483 900 cum

1904 933 2109 989 sanctis
2144 935 2401 992 Patribus
2430 937 2653 1001 nostris,
2713 939 2781 993 ob
2829 937 3032 992 Christi
3070 937 3480 1001 contumeliam,

1904 1024 2222 1092 negavimus
2260 1042 2383 1097 qua:
2440 1030 2781 1099 negavimus,
2826 1038 2880 1084 et
2936 1029 3315 1097 amplectimur
3362 1045 3486 1098 qua:

1910 1114 2139 1185 professi
2164 1133 2371 1174 sumus.

2418 1318 2645 1374 CXLIII.
2677 1348 2747 1361 --
2779 1320 2983 1376 Eidem.

842 1433 1142 1493 Gratulatur,
1160 1446 1268 1481 cum
1293 1430 1580 1488 audivisset,
1624 1428 1805 1490 ipsum,
1824 1418 1940 1472 ﬁdei
1992 1438 2156 1488 causa,
2179 1430 2241 1479 de
2268 1431 2588 1494 praepositum
2613 1434 2884 1484 decedere.

304 1540 485 1611 Βραχύ
519 1558 572 1593 τι
602 1540 967 1611 παρεμυθήθη
1011 1540 1073 1593 τὸ
1106 1540 1235 1611 περὶ
1265 1539 1411 1609 ὑμᾶς
1438 1538 1564 1601 τοὺς
1608 1552 1805 1603 τιμιω-

234 1635 429 1694 τάτους
450 1632 691 1701 λυπηρὸν
719 1631 818 1702 τῆς
842 1630 1021 1701 ψυχῆς
1041 1632 1220 1701 ἡμῶνο
1253 1629 1367 1696 εῐγε
1389 1627 1466 1692 ὡς
1490 1626 1805 1696 γεγράφατε
1849 1644 1857 1652 ’

236 1725 370 1794 ἔχει,
385 1724 483 1775 καὶ
508 1724 841 1793 ὑποχωρεῖτε
863 1725 960 1793 τῆς
980 1723 1349 1793 ἡγουμενικῆς
1369 1720 1633 1787 διακρατὴ
1644 1733 1799 1778 σεως.

1982 1532 2304 1592 Nonnullam
2334 1542 2766 1598 consolationem
2798 1546 3159 1616 capitanimze
3195 1557 3400 1601 nostra:
3421 1547 3488 1603 de

1911 1625 2065 1681 vobis
2111 1632 2581 1689 reverendissimis
2622 1637 2954 1693 tristitia:si
2994 1654 3184 1692 verum
3217 1649 3302 1693 est
3338 1643 3486 1709 quod

1912 1718 2214 1787 scripsistis
2235 1760 2250 1784 ,
2284 1731 2336 1776 et
2366 1726 2743 1794 praepositum
2790 1738 3064 1798 potestate
3091 1730 3305 1786 ceditis.
3332 1729 3486 1785 Nulla

237 1815 478 1884 Οὐδεμία
514 1816 619 1885 γὰρ
651 1813 924 1881 κοινωνία,
952 1808 996 1867 ὦ
1026 1812 1270 1882 φιλότης,
1304 1808 1680 1878 δεδιωγμένοις
1710 1806 1804 1860 καὶ

1921 1810 2079 1873 enim,
2120 1816 2310 1880 amice,
2368 1820 2805 1886 persecutionem
2862 1823 3041 1891 passis
3062 1825 3378 1878 communio
3407 1835 3489 1878 est

236 1906 525 1968 ἀδιὼκτοις
549 1946 564 1970 ,
594 1906 688 1958 καὶ
718 1906 777 1957 οὐ
824 1905 983 1975 μόνον
1025 1902 1311 1964 ἀδιώκτοις
1334 1941 1349 1964 ,
1382 1900 1516 1952 ἀλλὰ
1549 1899 1642 1951 καὶ
1672 1899 1806 1949 ὑπο-

236 2000 453 2054 τελοῦσι
477 2002 590 2063 τοῖς
620 1999 872 2062 διώκταις
901 1994 1424 2066 καθηγεμονιώντων
1450 1985 1592 2046 ὦνπε
1603 2010 1633 2063 ρ
1660 1991 1810 2055 ἐξου-

239 2094 488 2157 σιάζουσι
524 2089 921 2163 μοναστηρίων·
950 2093 997 2141 εἰ
1027 2087 1101 2158 μὴ
1123 2086 1231 2157 ἄρα
1259 2102 1344 2148 τις
1371 2085 1627 2139 κοινωνία.
1659 2084 1807 2154 ὠμο-

238 2188 465 2256 λόγηται
496 2188 634 2257 φωτὶ
669 2188 804 2257 πρὸς
830 2187 1039 2248 σκότος.
1092 2182 1229 2237 Ἀλλ’
1259 2184 1359 2236 οὐκ
1397 2184 1692 2253 ἐνδέχεται,
1734 2180 1813 2247 ὡς

238 2278 269 2329 ό
309 2276 453 2347 ίερὸς
483 2276 639 2345 λόγος
670 2277 1005 2346 ἀπεφήνατο.
1036 2274 1108 2327 Τδ
1142 2273 1251 2344 γὰρ
1282 2274 1387 2337 ἕως
1419 2273 1515 2327 τοῦ
1545 2272 1812 2342 παρόντος

241 2369 520 2423 ἐπιδοῦναι
566 2369 791 2430 ἑαυτοὺς
833 2371 890 2421 ὲν
936 2369 1049 2430 τοῖς
1096 2365 1284 2419 ἁλοῦσι
1328 2364 1397 2419 δι’
1446 2364 1813 2426 ὑποπτάωεως

245 2461 501 2531 ἰατρικῆς
524 2501 539 2522 ,
572 2461 712 2513 κατὰ
747 2458 896 2512 τόνδε
922 2459 1015 2513 τὸν
1039 2458 1242 2530 τρόπον
1276 2458 1468 2525 γέγονε
1490 2497 1504 2520 ,
1534 2456 1598 2509 τὸ
1626 2456 1813 2510 λαϐεῖν

243 2556 393 2625 ἡμᾶς
432 2552 672 2620 ἐγγύας,
730 2552 866 2621 μήτε
912 2551 1055 2620 λόγῳ
1079 2591 1094 2613 ,
1146 2552 1280 2621 μήτε
1316 2550 1498 2620 ἔργῳ,
1530 2549 1654 2603 καθ’
1702 2543 1814 2602 οἷον

241 2645 445 2716 δήποτε
464 2644 663 2715 τρόπον
706 2642 1016 2713 ὑπαχθῆναι
1074 2642 1235 2696 πάλιν
1282 2646 1395 2706 τοῖς
1442 2641 1814 2710 ὲτεροδόξοις,

245 2739 340 2792 καὶ
393 2732 505 2789 οἷον
557 2740 615 2789 ἐν
661 2736 967 2807 μεταιχμίῳ
1018 2737 1207 2789 ἑστᾶσι
1242 2733 1560 2806 κρατήσεως
1612 2734 1705 2786 καὶ
1753 2733 1814 2785 οὐ

246 2831 565 2902 κρατήσεως
595 2829 705 2884 τῶν
747 2829 947 2900 μονῶνο
980 2829 1074 2882 καὶ⁹
1105 2830 1167 2882 τὸ
1195 2829 1315 2883 ὅλον
1352 2829 1550 2893 εἰπεῖν,
1584 2826 1658 2890 ὼς
1726 2825 1813 2879 νό-

252 2941 417 2994 μιμον
455 2924 708 2991 γενέσθαι
730 2924 830 2995 τὴν
858 2924 1147 2994 ὁμολογίαν
1169 2924 1259 2978 διὰ
1290 2924 1390 2993 τῆς
1419 2923 1529 2977 τῶν
1556 2923 1816 2977 ἐναντίων

248 3017 633 3085 ὑφελκύσεως,
686 3020 779 3071 καὶ
829 3017 939 3071 τῶν
996 3017 1366 3087 ἐνισταμένων
1417 3018 1814 3085 ἀντιπράξεως.

260 3107 380 3161 Ἐπ’
403 3106 470 3160 ἂν
495 3107 551 3160 δὲ
586 3108 775 3175 καιρὸς
802 3102 905 3177 ἧκε
939 3106 1032 3160 τοῦ
1064 3107 1425 3177 ζητουμένου,
1475 3108 1566 3160 καὶ
1597 3107 1658 3159 τὸ
1686 3108 1817 3176 όμο-

1911 1916 2036 1956 cum
2066 1904 2132 1958 iis
2160 1905 2251 1973 qui
2286 1908 2434 1976 passi
2480 1924 2591 1965 non
2650 1909 2893 1976 fuerunt,
2932 1914 3131 1983 quique
3184 1929 3293 1967 non
3329 1916 3490 1968 modo

1910 1994 2051 2061 passi
2112 2010 2220 2049 non
2276 2008 2426 2063 sunt,
2466 2002 2557 2055 sed
2594 2010 2648 2055 et
2688 2003 2755 2055 iis
2801 2004 2894 2070 qui
2934 2005 3273 2058 insectantur
3312 2006 3489 2059 tribu-

1912 2095 2027 2140 tum
2071 2090 2317 2156 pendunt
2346 2094 2700 2160 praesidentes
2768 2097 3118 2151 monasteriis
3162 2113 3285 2166 quae
3309 2098 3491 2166 possic

1911 2176 2043 2232 dent
2074 2196 2087 2231 :
2117 2179 2222 2234 nisi
2262 2180 2405 2237 forte
2439 2185 2673 2239 societas
2717 2186 2901 2255 aliqua
2947 2200 3071 2241 esse
3113 2186 3330 2241 dicatur
3380 2188 3488 2241 luci

1911 2265 1979 2320 ad
2002 2270 2251 2323 tenebras
2285 2268 2331 2301 “
2358 2289 2373 2324 :
2400 2287 2521 2341 qua:
2553 2273 2700 2327 nulla
2719 2289 2841 2329 esse
2862 2283 3060 2345 potest,
3098 2282 3155 2331 ut
3182 2291 3362 2331 sermo
3400 2293 3492 2332 sa-

1913 2370 2006 2412 Cer
2039 2361 2299 2413 ostendit.
2327 2359 2483 2427 Quod
2518 2363 2663 2417 enim
2714 2364 2978 2419 hactenus
3016 2366 3271 2435 propensi
3321 2365 3491 2422 fueri-

1915 2463 2038 2503 mus
2081 2466 2207 2519 erga
2247 2450 2430 2521 lapsos
2474 2469 2569 2523 per
2606 2456 2875 2509 medicam
2931 2456 3360 2527 indulgentiam;
3403 2474 3492 2513 res

1917 2540 2022 2596 hoc
2056 2544 2219 2597 modo
2245 2553 2393 2612 gesta
2433 2556 2535 2609 est,
2563 2547 2709 2616 quod
2741 2549 3073 2617 promissum
3126 2551 3281 2605 nobis
3325 2562 3491 2613 esset,

1917 2634 2039 2687 illos
2072 2650 2246 2703 neque
2272 2636 2456 2700 verbo,
2489 2654 2665 2708 neque
2694 2638 2840 2693 facto
2885 2643 3119 2711 amplius
3175 2644 3494 2699 adhaesuros

1918 2726 2031 2779 ullo
2068 2726 2230 2780 modo
2256 2728 2624 2794 heterodoxis,
2652 2740 2707 2785 et
2736 2732 2806 2787 iis
2831 2734 2924 2802 qui
2961 2744 3223 2804 tanquam
3287 2736 3342 2791 in
3378 2752 3493 2791 me-

1918 2816 2007 2871 dio
2039 2818 2201 2886 positi
2229 2828 2405 2882 erant,
2437 2830 2497 2874 ut
2524 2836 2701 2891 neque
2732 2826 3072 2879 monasteria
3120 2829 3491 2897 possiderent,

1920 2924 2098 2977 neque
2135 2926 2241 2963 non
2277 2913 2641 2979 possiderent,
2672 2929 2736 2967 ac
2762 2914 2999 2985 denique
3037 2920 3109 2971 ita
3151 2928 3210 2973 ut
3253 2919 3495 2990 legitima

1918 3010 2065 3055 esset
2088 3004 2395 3081 concessio,
2442 3004 2815 3060 subtrahendo
2846 3023 2905 3061 se
2958 3010 3027 3064 ab
3053 3010 3404 3080 adversariis,
3442 3021 3495 3068 et

1920 3096 2356 3163 oppugnantibus
2388 3100 2713 3153 resistendo.
2763 3099 3058 3171 Postquam
3106 3119 3239 3159 Vero
3280 3106 3499 3160 advenit

246 3200 477 3271 λογηθὲν
511 3199 612 3252 οὐκ
642 3197 908 3268 ἐξηνύσθη
944 3197 1172 3251 ἐνώπιον
1197 3197 1333 3250 Θεοῦ
1365 3199 1457 3250 καὶ
1494 3192 1819 3267 ἀνθρώπων,

1925 3189 2003 3241 rei
2025 3190 2316 3256 postulata:
2362 3199 2598 3259 tempus,
2637 3201 2752 3245 tum
2798 3209 2929 3247 vero
2989 3194 3041 3248 id
3085 3196 3232 3264 quod
3268 3206 3494 3266 pactum

250 3294 385 3363 πρὸς
414 3290 808 3362 ἀκριϐεστέραν
840 3291 939 3359 τῆς
965 3288 1237 3360 προτέρας
1271 3286 1638 3352 ὑποπτώσεως
1672 3286 1817 3352 ἐξία-

249 3396 357 3436 σιν⁸
389 3381 525 3435 ἀλλὰ
554 3382 714 3435 πάλιν
747 3382 1039 3451 ἀπαγωγὴ,
1066 3380 1162 3434 καὶ
1192 3379 1354 3433 πάλιν
1387 3380 1736 3444 ἁπόπτωσις,
1763 3378 1819 3430 ἐν

246 3491 308 3527 τε
342 3474 521 3543 λόγοις
553 3475 645 3527 καὶ
673 3473 877 3545 ἔργοις·
914 3474 989 3536 ὡς
1015 3471 1152 3526 αὐτὰ
1177 3472 1244 3526 τὰ
1275 3473 1576 3543 πράγματα
1609 3488 1820 3542 μαρτυ-

253 3568 375 3635 ρεῖ,
419 3568 530 3619 κάκ
580 3565 688 3619 τῶν
719 3566 937 3618 εἰδότων
979 3565 1317 3635 ἀκηκόαμεν·
1352 3567 1444 3617 καὶ
1488 3563 1652 3617 πάλιν
1686 3566 1820 3617 καο-

248 3658 516 3728 ηγεμόνες
556 3658 1014 3727 ἀπαρασάλευτοι,
1036 3656 1122 3709 διὰ
1152 3658 1250 3726 τῆς
1284 3656 1405 3726 ἄρτι
1430 3656 1535 3709 ὑπὸ
1556 3656 1651 3709 τοῦ
1683 3657 1821 3726 κρά-

248 3767 379 3810 τους
428 3750 697 3819 ὑποδοχῆς
755 3750 849 3802 καὶ
910 3749 1235 3818 ἀποστολῆς.
1299 3748 1356 3800 '0
1400 3748 1557 3815 λόγος
1605 3748 1661 3802 δὲ
1732 3751 1822 3801 ἐπὶ

250 3842 471 3893 πάντων
497 3841 606 3893 τῶν
635 3841 806 3902 οῦτως
844 3841 1206 3910 πεπραχότων
1228 3857 1242 3870 ·
1278 3842 1373 3891 καὶ
1416 3840 1625 3907 γελοῖόν
1674 3843 1824 3893 ἐστιν

251 3932 379 4001 ἄρτι
413 3933 471 3985 τὸ
500 3934 779 4003 ἐπιτιμᾷν,
808 3934 1006 4001 μᾶλλον
1032 3934 1089 3986 δὲ
1118 3934 1510 4003 φρενοϐλάϐεια
1550 3934 1657 3987 τῶν
1700 3937 1825 3988 tm-

251 4025 559 4094 τιμώντων,
586 4026 676 4078 καὶ
706 4024 1028 4095 σκινδαλμὸς
1053 4025 1162 4078 τῶν
1196 4026 1585 4088 εὐσεϐούντων,
1618 4027 1822 4096 σύγχυ-

256 4118 342 4179 σίς
384 4134 444 4170 τε
479 4118 573 4170 καὶ
610 4117 840 4188 ἀϐλεψία
884 4121 976 4171 ἐπὶ
1007 4121 1071 4189 τῇ
1112 4120 1345 4190 Χριστοῦ
1384 4119 1662 4190 ὁμολογίᾳ.
1705 4122 1828 4172 Δεῖν

253 4208 350 4261 τοῦ
405 4210 731 4261 ’Λποστόλου
763 4208 994 4263 ἀκοῦσαι
1026 4210 1276 4277 λέγοντος
1297 4228 1310 4241 ·
1345 4215 1634 4267 Στέλλετε
1672 4212 1828 4282 ὑμᾶς

254 4297 376 4353 άπὸ
426 4300 651 4365 παντὸς
690 4299 959 4370 ἀδελφοῦ
994 4301 1263 4367 ἀτάκτως
1312 4304 1783 4371 περιπατοῦντος
1811 4346 1826 4369 ,

256 4390 359 4443 καὶ
389 4390 474 4458 μὴ
496 4391 645 4445 κατὰ
674 4392 788 4459 τὴν
813 4392 1174 4461 παράδοσιν,
1207 4392 1287 4460 ἢν
1322 4396 1665 4463 παρέλαϐον
1692 4397 1828 4465 παρ’

257 4485 449 4553 ήμῶν-ο
490 4484 691 4552 μᾶλλον
732 4485 789 4537 δὲ
825 4487 929 4538 ὑπὸ
960 4486 1054 4540 τοῦ
1088 4487 1221 4540 Θεοῦ
1265 4489 1354 4541 διὰ
1398 4490 1492 4541 τοῦ
1544 4495 1827 4560 προφήτου

261 4576 512 4645 βοῶντος
561 4577 857 4640 Ἐξέλθετε
887 4578 957 4632 ἐκ
991 4579 1185 4647 μέσου
1231 4580 1451 4645 αὐτῶν,
1494 4584 1591 4635 καὶ
1623 4586 1827 4652 ἀφορί-

259 4675 465 4733 σθητε,
500 4669 599 4720 καὶ
642 4668 981 4737 ἀκαθάρτου
1011 4670 1097 4739 μὴ
1137 4671 1418 4726 ἅπτεσθε*
1452 4673 1606 4741 κάγὼ
1645 4676 1827 4729 εἰσδέ-

261 4759 425 4827 ξομαι
456 4759 597 4828 ὑμᾶς
616 4798 631 4823 ,
670 4762 797 4823 τοὺς
838 4761 1011 4824 οὕτως
1040 4762 1519 4834 διαστελλομένους
1543 4766 1788 4834 δηλονότι
1812 4809 1826 4832 ,

261 4851 359 4902 καὶ
391 4850 465 4919 μὴ
492 4851 820 4920 συγχέοντας
858 4852 958 4922 τὴν
988 4854 1228 4923 Χριστοῦ
1266 4856 1577 4923 ὁμολογίαν.
1611 4857 1676 4908 Τί
1723 4859 1831 4928 γὰρ

263 4944 551 5011 φήσουσιν,
587 4938 632 4997 ὦ
664 4944 983 5011 τιμιώτατε,
1006 4947 1035 4999 ὅ
1058 4963 1119 4998 τε
1155 4946 1263 4999 τῶν
1288 4947 1492 5017 κωμῶν
1531 4947 1832 5017 ἡγούμενος

264 5034 361 5085 καὶ
389 5036 417 5087 ό
443 5033 537 5088 τοῦ
569 5033 847 5101 Γουλαίου,
884 5036 979 5089 σὺν
1008 5041 1119 5098 τοῖς
1148 5037 1350 5103 ὁμοίως
1384 5036 1508 5106 ἄρτι
1526 5036 1832 5105 διωχθτίσω

264 5124 324 5174 ὲν
364 5127 430 5193 τῇ
476 5124 763 5193 ὲνστιὶσιι⁸
807 5125 965 5196 εἰπερ
997 5126 1196 5196 ὁρῶσιν
1227 5126 1370 5195 ὑμᾶς
1414 5128 1539 5189 τοὺς
1573 5128 1833 5198 προδοσίᾳ

264 5215 367 5282 τῆς
397 5215 653 5284 ἀληθείας
682 5218 1012 5286 κατέχοντας
1039 5220 1107 5269 τὰ
1154 5218 1497 5287 μοναστήρια
1520 5257 1536 5280 ,
1564 5220 1659 5271 καὶ
1686 5219 1832 5287 ἡμᾶς

268 5307 401 5375 ὑμῖν
431 5309 936 5376 συναπαγομένουςς
965 5308 1019 5360 τί
1051 5307 1107 5360 δὲ
1132 5308 1181 5360 οἱ
1205 5310 1262 5359 δν
1290 5309 1401 5369 τοῖς
1432 5307 1582 5378 όρεσι
1621 5306 1831 5376 τληπαο

268 5396 490 5459 θοῦντες
540 5400 677 5450 κατὰ
711 5398 771 5450 τὸ
808 5398 899 5451 τοῦ
946 5398 1184 5467 διωγμοῦ
1220 5401 1723 5468 στενοχωρητικόνς
1772 5402 1832 5454 οῦ

270 5490 617 5554 στενάξουσιν
639 5507 653 5555 ;
674 5492 772 5543 οὐκ
800 5489 1143 5559 οἱμώξουσινς
1171 5490 1269 5559 οὐχ
1290 5492 1587 5560 ἡγήσονται
1612 5493 1835 5548 παιδιὰν

1920 3278 2119 3342 fuerat,
2147 3280 2422 3348 expletum
2446 3296 2553 3334 non
2596 3283 2697 3336 fuit
2720 3298 2905 3339 coram
2935 3282 3045 3340 Deo
3075 3298 3129 3341 et
3157 3287 3496 3353 hominibus,

1921 3370 1990 3424 ad
2032 3372 2429 3426 accuratiorem
2484 3373 2729 3445 pristinae
2771 3376 2946 3431 ruina:
2998 3379 3372 3446 curationem;
3404 3382 3497 3434 sed

1922 3478 2138 3516 rursum
2195 3462 2474 3529 abductio,
2519 3480 2741 3520 rursum
2773 3470 2955 3534 ruina,
2985 3472 3109 3524 etin
3142 3470 3324 3525 verbis
3362 3483 3416 3524 et
3446 3472 3497 3522 in

1924 3553 2103 3619 factis,
2134 3554 2281 3609 sicut
2310 3571 2395 3609 res
2442 3558 2573 3625 ipsa:
2631 3568 2922 3624 testantur.
2956 3577 3167 3631 nosque
3212 3563 3371 3618 abiis
3404 3561 3498 3632 qui

1923 3646 2180 3700 viderunt
2236 3648 2592 3717 accepimus:
2628 3659 2683 3705 et
2732 3653 3005 3721 βιωτιοεὶιί
3056 3669 3275 3709 rursum
3312 3656 3502 3712 incon-

1924 3739 2096 3803 cussi,
2158 3748 2449 3809 postquam
2496 3750 2551 3795 et
2584 3745 2791 3812 accepti
2825 3744 3058 3813 benigne
3086 3762 3117 3799 a
3149 3747 3415 3817 principe,
3448 3760 3502 3805 ct

1924 3830 2138 3884 remissi
2170 3829 2417 3886 fuerunt.
2439 3832 2513 3886 De
2540 3834 2799 3890 omnibus
2829 3851 3011 3890 sermo
3038 3840 3248 3909 ρει.ουί
3274 3841 3357 3895 sic
3379 3857 3503 3913 ege-

1926 3930 2091 3977 runt:
2127 3938 2193 3977 ac
2222 3923 2513 3978 ridiculum
2562 3934 2647 3980 est
2706 3941 2923 3996 pinnam
2976 3930 3137 3983 modo
3169 3932 3446 4001 imponere
3485 3949 3497 3983 :

1928 4015 2040 4069 imo
2071 4016 2122 4069 id
2153 4016 2266 4068 fieri
2308 4032 2415 4069 non
2459 4029 2635 4085 potest
2659 4020 2777 4074 sine
2812 4021 3206 4088 imponentium
3239 4026 3501 4090 amentia,

1928 4113 1981 4156 et
2006 4103 2215 4171 piorum
2246 4104 2391 4157 iuani
2427 4108 2661 4174 argutia,
2695 4119 2749 4161 et
2772 4111 3199 4177 perturbatione,
3219 4122 3273 4167 et
3308 4114 3503 4168 incon-

1930 4196 2229 4249 siderantia
2276 4197 2328 4250 in
2366 4197 2567 4253 Christi
2630 4200 3000 4257 confessione.
3035 4205 3237 4258 Audire
3288 4217 3506 4271 oportet

1929 4288 2249 4357 Apostolum
2303 4290 2704 4357 praecipientem
2740 4292 3092 4349 :Subtrahite
3123 4312 3213 4350 vos
3253 4297 3316 4351 ab
3362 4300 3503 4351 omm’

1932 4377 2097 4445 fratre
2134 4380 2439 4433 ambulante
2468 4382 2767 4436 inordinate
2791 4396 2840 4437 et
2884 4401 2985 4437 non
3014 4387 3301 4439 secundum
3328 4389 3503 4441 tradi-

1936 4474 2147 4537 tionem,
2215 4489 2373 4542 quam
2439 4486 2749 4544 acceperunt
2811 4494 2844 4530 a
2901 4480 3048 4532 nobis
3076 4479 3120 4510 ⁸⁷
3150 4499 3162 4533 ;
3197 4480 3278 4534 vel
3324 4482 3503 4550 potius

1942 4564 2109 4619 Deum
2166 4566 2344 4635 ipsum
2394 4569 2486 4636 qui
2536 4585 2631 4639 per
2689 4571 3009 4640 prophetam
3063 4574 3313 4627 clamat:
3345 4572 3504 4627 Exite

1925 4657 1989 4708 de
2018 4655 2190 4710 medio
2222 4674 2423 4719 eorum,
2450 4669 2499 4711 et
2534 4663 2780 4723 recedite.
2808 4673 2857 4715 et
2901 4664 3160 4732 pullulant
3194 4668 3357 4720 nolite
3384 4677 3504 4720 tau—

1928 4765 2045 4817 gere
2077 4748 2162 4814 ‘3;
2195 4758 2248 4803 et
2299 4765 2398 4819 ego
2432 4753 2693 4820 recipiam
2729 4769 2864 4819 vos;
2892 4770 2989 4810 eos
3021 4756 3268 4811 videlicet
3318 4760 3412 4829 qui
3447 4775 3508 4813 se

1932 4843 2038 4897 hoc
2060 4842 2225 4897 modo
2258 4845 2607 4907 subtrahunt,
2633 4855 2688 4898 et
2731 4845 3134 4903 confessionem
3161 4850 3365 4904 Christi
3396 4866 3507 4905 non

1933 4936 2445 5003 confundunt.Quid
2465 4939 2610 4992 enim
2651 4938 2854 5003 dicent,
2885 4941 3363 5008 reverendissime,
3392 4954 3505 4997 tum

1933 5030 2180 5084 vicorum
2213 5034 2557 5101 praepositus,
2595 5042 2711 5085 tum
2738 5041 2793 5087 et
2824 5030 3013 5099 Gulaai,
3055 5050 3177 5089 cum
3226 5036 3348 5091 aliis
3390 5037 3505 5106 qui,

1934 5126 2079 5193 quod
2116 5126 2458 5191 resisterent,
2514 5125 2767 5180 similiter
2821 5128 2994 5182 vexati
3048 5128 3210 5182 modo
3240 5140 3412 5196 sunt;
3461 5130 3507 5183 si

1934 5216 2157 5271 videant
2210 5231 2307 5271 vos
2356 5217 2604 5272 veritatis
2638 5218 2945 5287 proditione
2991 5219 3319 5274 monasteria
3376 5220 3509 5274 reti-

1936 5326 2087 5373 nere,
2128 5322 2182 5366 et
2212 5329 2311 5367 nos
2355 5313 2635 5367 vobiscum
2674 5312 2877 5382 pariter
2904 5313 3121 5384 abripi?
3150 5314 3288 5380 Quid
3324 5324 3505 5391 autem

1941 5402 1978 5455 ii
2007 5403 2100 5472 qui
2133 5402 2187 5457 in
2219 5405 2497 5460 montibus
2517 5405 2652 5459 dura
2694 5405 2974 5474 patiuntur
3012 5405 3083 5460 ob
3110 5404 3508 5472 persecutionis

1938 5496 2324 5565 asperitatem?
2351 5495 2468 5553 Non
2496 5497 2798 5567 lugebunt?
2818 5513 2925 5552 non
2961 5495 3255 5567 plangent?
3280 5513 3388 5550 non
3423 5497 3508 5549 lu-

296 5606 347 5640 “
389 5606 429 5661 il
460 5606 588 5659 Cor.
646 5620 714 5671 vt,
769 5605 855 5658 Η.
910 5606 955 5636 ⁵⁷
990 5604 1031 5657 li
1077 5605 1269 5660 Thess.
1330 5622 1412 5669 ιιι,
1445 5604 1497 5659 6.
1570 5608 1613 5637 ⁸⁸
1645 5608 1747 5663 lsa.
1793 5626 1887 5676 LII,
1918 5611 2004 5664 11.

1782 5768 2013 5826 NOTAE.

343 5878 457 5948 (δι)
490 5877 543 5931 ltt
569 5878 689 5931 cod.
722 5877 848 5948 Reg.
891 5879 1021 5951 ρξγ¹.

562 5975 834 6037 Ριτιιοι.
867 5976 1216 6038 Gn.XCIX.

3018 5964 3092 6025 Ιιϐ
