4156 6498
742 399 875 466 1ό51

1926 412 1987 472 S.
2028 414 2419 476 THEODORI
2460 419 2808 482 STUDITE

3858 435 4011 503 1452

729 535 936 590 dicram
993 537 1389 593 existimabunt
1446 541 1851 597 confessionem
1891 545 2137 601 Christi?
2175 548 2287 613 Qui.

2391 530 2515 601 silv
2539 532 2828 603 ὁμολογίαν
2855 535 2949 590 τοῦ
2990 537 3259 609 Χριστοῦς
3295 538 3360 593 Τί
3384 542 3441 596 δὲ
3474 544 3522 595 oi
3548 544 4008 617 ήγουμενεύσαν-

728 645 856 683 vero
882 629 976 700 qui
1007 632 1358 686 monasteriis
1388 643 1546 687 antea
1582 635 1935 703 praefuerunt,
1989 648 2045 691 et
2091 650 2287 708 propteJ

2416 636 2509 685 τες
2539 622 2649 675 τῶν
2678 627 3055 696 μοναστηρίων
3078 630 3367 700 ἀπαρχῆς,
3397 633 3490 686 καὶ
3517 633 3606 687 διὰ
3637 637 3874 709 Χριστὸν
3898 641 4001 693 δε-

726 721 1005 777 Christum
1038 724 1325 779 nobiscum
1350 727 1560 796 expulsi
1594 730 1756 781 sunt?
1796 726 1989 785 Nonne
2014 734 2308 785 confirma-

2413 714 2704 784 διωγμένοι
2761 719 2859 771 σὺν
2914 722 3081 789 mihi:
3154 723 3217 774 οὐ
3279 728 3859 795 κατασφραγίσονται,
3912 732 4003 796 ὡς

725 812 861 868 bunt
914 814 1187 869 ludicrum
1249 818 1510 886 quiddam
1561 833 1684 873 esse
1741 820 1795 874 id
1841 822 1987 890 quod
2032 824 2287 890 patitnur‘

2414 808 2741 875 παιγνιῶδες
2787 828 2839 864 τι
2892 814 3212 883 πασχόντων
3247 816 3448 886 ήμῶν;
3499 820 3595 885 Μὴ
3643 824 3992 890 πλανᾶσθε,

724 902 908 959 Nolite
948 922 1147 972 errare,
1196 908 1375 978 inquit
1430 910 1743 977 Apostolus,
1798 912 1935 967 Deus
1973 930 2076 967 non
2109 915 2303 969 irride-

722 1005 808 1048 tur
840 997 907 1050 ".
961 998 1164 1053 Christi
1222 1000 1493 1056 confessio
1558 1002 1844 1071 profanata
1894 1020 2003 1060 non
2058 1014 2163 1069 est,
2199 1006 2301 1061 etsi

719 1088 972 1143 nonnulli
1002 1091 1162 1145 aliter
1192 1095 1399 1149 sentire
1433 1104 1486 1149 et
1513 1095 1657 1166 loqui
1690 1098 2097 1152 existimantur.
2120 1096 2301 1165 Quare

717 1181 762 1233 si
802 1182 905 1245 vis,
937 1182 1135 1237 dilecte
1179 1182 1386 1249 frater,
1420 1187 1703 1241 nobiscum
1737 1189 2036 1244 humilibus
2055 1191 2294 1255 censeri,

715 1275 910 1328 secede
946 1290 975 1327 a
1008 1276 1327 1330 monasterii
1366 1279 1735 1346 possessione,
1778 1279 1920 1335 sicut
1951 1281 2293 1349 promisisti:

713 1367 818 1420 hoc
874 1367 1015 1420 enim
1052 1376 1104 1421 te
1144 1369 1473 1425 hortamur:
1528 1371 1598 1424 ob
1625 1371 1766 1426 hanc
1792 1387 2017 1427 causam
2045 1389 2291 1439 oramus,

712 1469 773 1512 nt
830 1458 975 1513 sicut
1031 1459 1285 1527 interius,
1340 1462 1414 1515 ita
1460 1462 1627 1516 etiam
1672 1464 1914 1518 exterius
1970 1465 2047 1519 sis
2102 1466 2293 1520 ortho-

709 1550 909 1615 doxus,
954 1566 1181 1606 servans
1256 1553 1553 1622 pretiosam
1599 1553 1839 1608 animam
1888 1564 2059 1620 tuam,
2125 1571 2289 1623 quam

706 1644 1047 1713 aequiparare
1088 1642 1223 1697 nihil
1257 1653 1433 1713 potest
1452 1660 1642 1699 eorum
1674 1661 1796 1716 quae
1843 1647 2018 1702 oculis
2054 1661 2290 1701 cernun-

706 1744 817 1790 tur.
862 1735 1127 1790 Dominus
1184 1736 1627 1807 archiepiscopus
1662 1738 1954 1807 plnrimum
2004 1749 2055 1794 te
2095 1738 2286 1793 nobis-

705 1845 829 1885 cum
858 1829 1083 1892 salutat,
1129 1828 1367 1884 salutem
1402 1842 1549 1885 tuam
1578 1845 1773 1887 amans
1808 1832 2092 1902 impense;
2129 1832 2281 1885 item-

703 1937 809 1992 que
835 1922 1019 1978 (επιεῐί
1056 1920 1281 1977 fratres.

1032 2032 1261 2090 CXLIV.
1292 2064 1359 2074 —
1391 2034 1662 2091 Theodoro
1694 2039 1942 2108 patricia.

2411 901 2579 969 φησὶν
2624 904 2653 955 6
2718 903 3038 968 ’Λπόστολος
3066 946 3081 970 ,
3118 908 3263 973 Θεὸς
3318 910 3392 962 οὐ
3434 913 3875 979 μυκτηρίζεται.
3919 919 3995 970 Ἡ

2408 990 2665 1060 ὁμολογία
2698 993 2933 1063 Χριστοῦ
2968 996 3029 1047 οὐ
3076 998 3418 1051 κεκοίνωται·
3450 1003 3552 1055 κάν
3580 1020 3725 1065 τινες
3762 1008 3991 1059 οἴωνται

2408 1083 2583 1147 ἄλλως
2612 1088 2831 1155 φρονεῖν
2872 1087 2966 1140 καὶ
3017 1088 3213 1156 λέγειν.
3248 1089 3411 1143 Ὥστε
3455 1094 3503 1144 εἰ
3549 1092 3748 1163 βούλει.
3781 1098 3991 1167 ἀδελφέ

2405 1174 2752 1245 ἡγαπημένε,
2778 1176 2897 1246 μεθ’
2932 1178 3087 1247 ⁴ἡμῶν
3110 1180 3217 1231 τῶν
3238 1182 3511 1235 ταπεινῶν
3535 1186 3818 1255 τετάχθαι,
3850 1190 3992 1240 ὑπο-

2402 1267 2653 1338 χιῦρησον
2683 1269 2789 1337 τῆς.
2806 1271 3041 1341 κατοχῆς
3071 1271 3165 1324 τοῦ
3218 1276 3583 1345 μοναστηρίου
3603 1317 3617 1339 ,
3668 1279 3851 1342 καθὼς
3884 1282 3989 1333 καὶ

2400 1362 2675 1433 ὑπέσχουο
2713 1363 2873 1416 τοῦτο
2906 1365 3016 1434 γὰρ
3065 1367 3160 1419 καὶ
3205 1366 3651 1441 παρακαλοῦμεν*
3694 1374 3774 1435 εἰς
3816 1375 3986 1427 τοῦτο

2400 1454 2495 1506 καὶ
2540 1454 2975 1523 προσευχόμεθα·
3018 1456 3104 1509 ἵνα
3135 1456 3210 1520 ὠς
3239 1458 3299 1511 τὸ
3343 1460 3495 1523 ἐντὸς
3517 1501 3533 1525 ,
3580 1462 3754 1527 οὕτως
3788 1467 3884 1517 καὶ
3913 1466 3984 1519 τὸ

2398 1546 2556 1609 ἐκτὸς
2586 1546 2864 1615 ὁρθόδοξος
2889 1548 3159 1619 ὑπαρχῃς,
3192 1550 3291 1618 τὴν
3320 1554 3508 1621 τιμίαν
3533 1571 3626 1607 σου
3654 1557 3832 1627 ψυχὴν
3865 1558 3977 1610 σῶ-

2396 1636 2526 1703 ζων,
2570 1633 2637 1710 ἦς
2677 1639 2829 1692 οὐδὲν
2867 1640 3115 1706 ἀντάξιον
3164 1642 3274 1695 τῶν
3307 1646 3621 1715 ὁρωμένων.
3683 1649 3741 1701 '0
3781 1649 3979 1719 κύριος

2393 1731 2826 1800 ἀρχιεπίσκοπος
2869 1733 2964 1784 σὺν
3012 1735 3145 1802 ἡμῖν
3194 1734 3421 1789 πλεῖστα
3456 1740 3851 1809 προσαγορεύει
3884 1759 3974 1807 σε,

2393 1822 2563 1891 φιλῶν
2597 1822 2693 1891 τὴν
2736 1822 3010 1891 σωτηρίαν
3064 1840 3158 1877 σου
3207 1826 3368 1894 ἄγαν,
3411 1830 3532 1881 ἐπεὶ
3581 1832 3675 1883 καὶ
3712 1832 3762 1883 οἱ
3792 1831 3978 1886 λοιποὶ

2320 1921 2360 1975 Β
2389 1914 2630 1983 ἀδελφοί.

2528 2030 2679 2083 ΡΜΔ¹
2723 2028 2858 2099 (55).
2893 2057 2960 2069 -
2990 2028 3264 2098 Θεοδώρῳ
3292 2032 3596 2100 πατρικίῳ.
3626 2031 3822 2105 [spx-:2]

1983 2155 2273 2206 Consolatur
2308 2154 2361 2204 in
2378 2148 2517 2201 obitu
2541 2142 2727 2195 uxoris.

2458 2251 2667 2324 Βραδὺς
2689 2248 2783 2301 τοῦ
2824 2246 3016 2319 καιροῦ
3049 2245 3110 2301 τὸ
3138 2250 3537 2319 γραμματεῖον,
3582 2248 3697 2300 ἀλλ’
3738 2251 3821 2302 ὅτι
3869 2252 3969 2305 ira!

2384 2343 2602 2414 βράδιον
2644 2339 3047 2410 ἠκουτίσθημεν
3099 2339 3201 2409 τὴν
3250 2340 3594 2393 ἀπευκταίαν
3646 2342 3818 2412 ἀκοὴν
3865 2344 3968 2412 τῆς

2380 2433 2717 2500 ἐπελθούσης
2749 2433 3034 2501 συμφορᾶς
3066 2430 3143 2501 τῷ
3192 2432 3449 2502 ἡμετέρῳ
3482 2432 3741 2503 δεσπότῃ.
3779 2436 3888 2487 Καὶ
3917 2435 3968 2487 ὣ

2379 2523 2480 2592 τῆς
2512 2523 2874 2589 στενακτικῆς
2912 2522 3287 2591 ἀπαγγελίαςὶ
3331 2526 3713 2578 ’Δπολέλοιπεν
3748 2529 3896 2597 ἡμᾶς
3926 2530 3961 2596 ἠ

2380 2615 2593 2685 ποθητὴ
2623 2616 2811 2685 κυρία⁸
2845 2614 3091 2685 ὲτμήθης
3115 2616 3216 2684 τῆς
3258 2616 3428 2685 καλῆς
3461 2617 3757 2685 ὁμοζύγου“
3787 2621 3963 2689 ἀπεβι-

2380 2708 2556 2777 ρἀης
2582 2707 2683 2774 τῆς
2707 2706 3102 2776 ἐπαινουμένης
3133 2708 3354 2777 σαρκὸς,
3383 2703 3525 2779 ᾖπέρ
3552 2725 3718 2777 φησιν
3752 2713 3781 2763 ὁ
3816 2698 3962 2781 tege}

2378 2800 2555 2867 λόγος*
2590 2802 2878 2854 Ἔσονται
2904 2802 2957 2852 οι
2988 2799 3097 2853 δύο
3130 2802 3215 2867 είς
3261 2800 3461 2868 σάρκα
3483 2802 3651 2869 μίαν.
3682 2803 3745 2855 Ei
3776 2803 3834 2855 δὲ
3858 2802 3959 2873 μία

2380 2890 2517 2961 σὰρξ
2546 2892 2994 2959 ὁμολογουμένως
3015 2932 3030 2955 ,
3060 2891 3303 2959 δηλονότι
3340 2893 3368 2943 ὁ
3404 2891 3773 2963 διαχωρισμδς
3802 2894 3956 2963 τηλι-

773 2255 906 2307 Sera
938 2252 1103 2309 nimis
1126 2254 1355 2324 epistola
1384 2254 1516 2310 :sed
1542 2255 1670 2325 quia
1703 2255 1878 2312 serius
1919 2258 2169 2314 nuntium
2202 2258 2283 2315 fe-

701 2346 869 2400 ralem
901 2346 1218 2415 accepimus
1240 2346 1307 2400 de
1332 2347 1642 2401 calamitate
1676 2362 1799 2417 quae
1840 2349 2065 2405 domino
2095 2362 2284 2407 nostro

698 2436 919 2492 accidit.
980 2435 1025 2492 Ο
1074 2437 1472 2507 gemebundam
1518 2439 1930 2495 narrationem!
1980 2440 2284 2513 Dereliquit

700 2542 802 2583 nos
832 2527 1208 2583 desiderabilis
1254 2528 1511 2594 domina;
1560 2530 1783 2585 avulsus
1835 2546 1895 2587 es
1949 2532 2019 2585 ab
2065 2533 2284 2604 egregia

700 2617 971 2688 conjuge;
1002 2618 1267 2689 abruptus
1313 2634 1344 2673 a
1392 2620 1611 2674 laudata
1658 2636 1858 2688 carne,
1901 2624 2041 2679 sicut
2101 2640 2283 2680 sermo

700 2727 857 2767 sacer
906 2712 1146 2779 loquitur
1177 2730 1191 2767 :
1229 2711 1404 2767 Erunt
1440 2719 1545 2767 duo
1586 2715 1641 2768 in
1668 2731 1825 2769 carne
1864 2734 1969 2771 una
2000 2718 2067 2772 ”.
2120 2717 2279 2784 Quod

698 2802 745 2856 si
781 2802 943 2871 plane
970 2815 1102 2855 caro
1135 2816 1242 2855 una
1268 2839 1283 2861 .
1338 2801 1483 2854 haud
1534 2802 1695 2856 dubie
1744 2806 2018 2873 separatio
2074 2816 2279 2861 tantam

700 2892 914 2964 plagam
948 2892 1111 2948 infert
1151 2892 1219 2947 iis
1249 2892 1341 2962 qui
1378 2901 1726 2962 separantur,
1764 2905 2026 2964 quantam
2066 2897 2280 2967 gladius

695 2985 877 3051 efﬁcit,
911 2983 1188 3039 hominem
1210 2999 1379 3038 unum
1402 2984 1456 3038 in
1484 2984 1621 3040 duas
1656 2995 1839 3055 partes
1868 3001 2079 3043 secans.
2111 2991 2279 3044 Acer-

699 3075 766 3128 ha
803 3090 1033 3145 prorsus
1066 3075 1274 3128 sectio:
1303 3074 1531 3143 fluitque
1559 3077 1962 3145 quodaminodo
1994 3080 2062 3134 ab
2101 3082 2278 3138 oculis

697 3167 895 3222 vestris
927 3166 1149 3237 sanguis
1179 3182 1192 3218 :
1226 3181 1325 3221 nec
1348 3176 1430 3220 est
1454 3166 1724 3237 malagma
1765 3169 1911 3240 quod
1941 3172 2275 3241 imponatur,

697 3274 801 3313 nec
837 3257 1001 3312 fascia
1030 3273 1153 3327 qua:
1181 3258 1547 3328 circumliget,
1576 3269 1839 3329 quantum
1875 3263 1943 3317 ad
1967 3278 2125 3333 opem
2174 3265 2275 3319 hu-

698 3365 914 3404 manam
941 3350 1152 3404 attinet.
1186 3348 1553 3420 Praeterquam
1570 3352 1716 3420 quod
1753 3368 1874 3423 quae
1895 3354 2048 3419 obiit,
2072 3356 2275 3426 conjux

2391 3356 2497 3409 ιὺδὲ
2543 3352 2956 3422 καταδέσμους,
3004 3352 3130 3404 ὅσον
3176 3350 3235 3415 ἐξ
3285 3351 3633 3420 ἀνθρωπείας
3673 3350 3948 3420 βοηθείας.

694 3451 818 3497 erat
849 3457 954 3495 non
993 3440 1234 3510 vulgaris
1261 3442 1442 3511 pretii,
1476 3443 1569 3497 sed
1603 3445 1875 3499 laudanda
1907 3446 2059 3502 valde
2093 3458 2147 3502 et
2171 3450 2271 3503 ad-

2391 3445 2591 3506 Ἀλλως
2618 3443 2698 3496 ὅτι
2746 3442 2841 3495 καὶ
2874 3442 2908 3510 ὴ
2938 3439 3316 3502 ἀπολιποῦσα,
3364 3441 3466 3509 οὐχ
3509 3440 3584 3502 ὡς
3630 3441 3788 3510 ἔτυχε
3840 3442 3950 3497 τῶν

696 3533 968 3587 miranda.
1009 3530 1255 3585 Primum
1300 3531 1518 3603 quidem
1576 3534 1700 3589 fidei
1758 3535 2014 3606 pietatem
2063 3538 2271 3595 habens

2391 3534 2681 3605 ipoCdywv,
2713 3530 2850 3583 ἀλλὰ
2902 3529 2997 3583 καὶ
3046 3528 3167 3581 λίαν
3215 3529 3477 3599 ἐπαινετὴ
3520 3531 3616 3581 καὶ
3646 3528 3944 3599 θαυμασία.

695 3624 931 3688 firmam,
964 3622 1179 3693 virique
1207 3637 1473 3691 amorem,
1506 3625 1551 3680 si
1572 3625 1817 3695 quaealia
1841 3644 1854 3679 :
1876 3629 2019 3697 quod
2044 3641 2271 3685 sanctus

2391 3624 2597 3693 Ἰρῶτον
2622 3623 2719 3693 μὲν
2747 3617 2840 3675 οὖν
2864 3621 3065 3691 ἔχουσα
3084 3621 3145 3673 τὸ
3165 3620 3392 3683 εὐσεϐὲς
3410 3619 3512 3690 τῆς
3536 3620 3773 3685 πίστεως
3800 3621 3946 3674 ἀκλι-

693 3720 989 3789 Apostolus
1035 3728 1164 3773 ante
1203 3718 1385 3773 omnia
1415 3719 1647 3788 requirit
1670 3719 1724 3774 in
1750 3721 2020 3792 conjugiis
2044 3724 2111 3774 ⁸¹.
2143 3721 2271 3778 lnde

2391 3718 2482 3782 θὲς,
2513 3717 2575 3770 τὸ
2603 3716 2909 3785 φίλανδρον,
2936 3716 2987 3768 εί
3015 3715 3108 3768 καί
3132 3731 3217 3777 τις
3240 3714 3395 3783 ἄλλη·
3431 3715 3568 3784 ὅπερ
3597 3714 3821 3767 ἀπαιτεῖ
3841 3714 3945 3785 πρὸ

691 3823 745 3867 et
781 3828 879 3883 pro
909 3812 1013 3865 viri
1049 3812 1229 3881 capite
1250 3826 1441 3881 preces
1471 3812 1646 3882 ipsius
1668 3821 1722 3868 et
1748 3814 2028 3869 orationes
2058 3815 2269 3870 clamo-

2391 3814 2591 3866 τάντων
2617 3813 2676 3865 ἂν
2704 3814 2825 3871 ταῖς
2865 3808 3153 3878 συζυγίαις
3197 3811 3225 3862 6
3270 3809 3415 3879 ἱερὸς
3453 3808 3796 3871 Ἀπόστολος.
3851 3809 3940 3874 Ἐξ

694 3920 912 3975 resque,
952 3913 1007 3959 et
1059 3903 1355 3959 assiduitas
1385 3904 1529 3973 apud
1569 3904 1782 3971 Deum;
1836 3920 1963 3961 cum
1999 3918 2268 3963 nocturna

2391 3900 2431 3959 ιῦ
2463 3906 2557 3958 καὶ
2582 3904 2723 3973 ὑπὲρ
2751 3902 2851 3973 τῆς
2881 3901 3122 3971 κεφαλῆς
3154 3901 3368 3970 δεήσεις
3396 3916 3457 3953 τε
3502 3900 3595 3953 καὶ
3619 3900 3935 3970 προσευχαὶ,

692 3998 888 4051 itinera
921 3995 1084 4050 nudis
1107 3995 1336 4065 pedibus
1378 3996 1536 4051 iniret
1563 3995 1719 4051 beata
1752 3997 1968 4064 mulier,
2022 4007 2082 4053 ut
2125 4000 2267 4056 Deus

2391 4000 2589 4066 ιοήσεις
2620 4013 2680 4049 τε
2709 3995 2805 4047 καὶ
2836 3992 3151 4064 προσεδρίαι
3181 3991 3322 4061 Θεῷ.
3362 3991 3811 4061 γυμνοποδούσης
3840 3992 3938 4061 τῆς

694 4085 779 4139 his
801 4083 967 4138 rebus
991 4082 1057 4137 ad
1091 4082 1525 4138 misericordiam
1556 4082 1885 4142 flecteretur.
1914 4086 2055 4152 Quid
2082 4096 2263 4143 autem

2391 4086 2649 4156 ιακαρίας
2687 4088 2746 4139 εν
2792 4086 2913 4147 ταῖς
2951 4083 3373 4153 νυκτοπορίαις,
3404 4081 3480 4143 ὡς
3522 4081 3588 4135 ἂν
3638 4081 3937 4134 κάντεῦθεν

689 4190 822 4232 cura
850 4174 1085 4230 domus?
1116 4174 1248 4245 quid
1303 4174 1599 4229 liberorum
1642 4176 1935 4231 educatio?
1967 4176 2097 4247 quid
2142 4194 2268 4248 pro-

2391 4180 2673 4249 εάμπτοιτο
2700 4177 2837 4248 πρὸς
2873 4176 3022 4229 ἔλεον
3062 4174 3215 4238 Θεός.
3254 4173 3321 4226 Τί
3362 4172 3419 4227 δὲ
3458 4173 3521 4226 τὸ
3560 4174 3840 4243 oixoupév;
3880 4172 3935 4225 τί

690 4269 858 4322 teetio
882 4266 1211 4322 servorum?
1255 4281 1470 4321 morum
1520 4267 1748 4332 candor,
1796 4277 1849 4323 et
1901 4270 2074 4340 gratia
2122 4270 2265 4340 apud

2391 4273 2421 4325 ι
2450 4272 2513 4325 τὸ
2547 4268 2937 4340 τεκνοτρεφές;
2975 4268 3028 4321 τί
3070 4266 3128 4319 δὲ
3161 4266 3223 4319 τὸ
3262 4265 3399 4333 πρὸς
3429 4266 3555 4327 τοὺς
3583 4266 3804 4328 δούλους
3832 4282 3931 4318 πε-

690 4358 944 4414 amicos'f
979 4360 1195 4429 generis
1210 4357 1566 4413 conciliatio?
1596 4358 1742 4413 nulla
1770 4358 2033 4416 adversus
2058 4361 2265 4418 honore

2391 4364 2738 4434 »ιποιητικόνς
2787 4361 2849 4414 τό
2887 4377 2948 4413 τε
2988 4358 3192 4413 ἁπλοῦν
3233 4357 3329 4411 τοῦ
3377 4357 3572 4429 ἧθους,
3608 4358 3703 4409 καὶ
3744 4358 3931 4427 χαρίεν

689 4464 850 4519 pares
887 4448 1131 4504 invidia?
1160 4450 1214 4503 in
1241 4449 1404 4504 rebus
1434 4455 1617 4503 autem
1646 4451 1904 4505 omnibus
1938 4452 2178 4522 gravitas
2210 4463 2265 4509 et

2391 4456 2501 4527 πρὸς
2563 4456 2690 4518 τοὺς
2743 4452 2971 4522 φίλους;
3022 4452 3115 4505 καὶ
3166 4450 3499 4504 συναπτικὺν
3551 4449 3645 4502 τοῦ
3700 4452 3925 4517 γένουςς

689 4541 1003 4597 modestia?
1025 4557 1148 4612 qua:
1172 4556 1269 4612 pro
1299 4540 1599 4595 monilibus
1626 4542 1831 4607 aureis,
1868 4542 2263 4614 ordinibusque

2391 4546 2593 4615 ἱφθονόν
2613 4562 2673 4598 τε
2704 4544 2839 4613 πρὸς
2863 4544 2959 4606 τὰς
2994 4542 3298 4605 ἰσοκλεεῖςς
3334 4543 3428 4595 καὶ
3475 4541 3537 4594 τὸ
3580 4542 3710 4611 περὶ
3755 4542 3927 4595 πάντα

688 4634 1127 4702 margaritarum,
1160 4642 1214 4689 et
1247 4632 1490 4689 vestibus
1518 4632 1773 4703 pretiosis
1824 4633 2258 4691 laudatissimam

2391 4635 2741 4707 ἐμνοπρεπές
2768 4652 2827 4687 τε
2858 4636 2952 4688 καὶ
2986 4634 3245 4704 κόσμιονς
3282 4634 3425 4703 ἅπερ
3454 4633 3594 4703 ὑπὲρ
3619 4632 3924 4702 εμπλοκίων

685 4723 945 4779 feminam
975 4740 1164 4780 revera
1203 4726 1492 4790 ornabant,
1551 4731 1606 4778 et
1649 4724 1794 4778 domi
1848 4737 2175 4791 manentem,
2206 4736 2261 4783 et

2391 4731 2607 4800 ςρυσέων
2644 4730 2738 4781 καὶ
2776 4728 3191 4797 διακοσμήσεων
3233 4727 3611 4797 μαργαριτῶν,
3641 4726 3738 4779 καὶ⁸
3766 4726 3924 4796 ἐσθής

686 4816 834 4872 foras
865 4817 1266 4887 procedentem,
1306 4825 1361 4871 et
1392 4831 1518 4872 cum
1543 4816 1598 4871 in
1628 4816 1794 4887 regiis
1819 4818 2037 4887 palatiis
2066 4834 2257 4875 eerne-

2391 4839 2465 4875 ων
2494 4820 2823 4886 πολυτελῶν,
2854 4820 3133 4889 διεκόσμει
3174 4819 3345 4881 ὅντως
3380 4820 3482 4889 τὴν
3510 4818 3754 4888 ἀοίδιμον
3786 4817 3918 4871 ὲκεί-

686 4908 865 4963 batur.
887 4909 1135 4963 Attamen
1152 4908 1403 4963 abierunt
1423 4908 1539 4964 haec
1562 4908 1766 4972 omnia,
1791 4907 2028 4977 factique
2042 4926 2253 4975 sumus,
2286 4914 2287 4917 “

2391 4930 2476 4984 ην,
2523 4914 2618 4967 καὶ
2650 4912 2787 4966 οἶκοι
2823 4912 3112 4983 μένουσαν,
3159 4912 3255 4965 καὶ
3287 4910 3543 4981 προόδους
3575 4910 3917 4981 ποιουμένην,

686 5010 743 5055 ιιι
771 5017 839 5055 ex
875 5001 1179 5055 vehementi
1212 5000 1408 5057 affectu
1444 5001 1657 5072 loquar,
1683 5001 1987 5058 semineces
2004 5012 2061 5060 et
2088 5004 2255 5058 abru-

2391 5008 2451 5059 αὶ
2478 5008 2535 5059 ὲν
2567 5006 2853 5077 βασιλείοις
2879 5006 3069 5068 αὐλαῖς
3098 5005 3403 5075 ὁρωμένην.
3443 5003 3583 5056 Ἀλλ’
3607 5004 3757 5073 ὅμως
3782 5004 3919 5073 οἶχε-

683 5096 794 5163 pti;
830 5095 913 5149 vel
954 5104 1013 5149 ut
1056 5110 1180 5150 cum
1212 5095 1437 5165 psalmis
1473 5096 1659 5166 potius
1684 5095 1888 5161 dicam,
1922 5098 2059 5151 sicut
2082 5100 2255 5169 nycti-

2391 5118 2446 5153 αι
2471 5099 2643 5152 ταῦτα
2677 5098 2873 5163 πάντα,
2902 5099 2997 5151 καὶ
3028 5096 3350 5167 ἐγενόμεθα,
3370 5096 3688 5168 περιπαθῶς
3730 5099 3914 5157 εἰπεῖν.

683 5205 847 5241 corax
880 5190 932 5242 in
958 5188 1252 5251 domicilio,
1301 5198 1349 5243 et
1395 5189 1532 5243 sicut
1564 5204 1747 5259 passer
1783 5189 2055 5244 solitarius
2087 5192 2144 5247 in
2178 5201 2254 5246 te-

2398 5190 2608 5262 μιθνεῖς
2638 5191 2730 5244 καὶ
2758 5190 3167 5260 ἀπερῤωγότες·
3200 5188 3400 5258 μᾶλλον
3431 5188 3509 5252 δὲ,
3532 5188 3818 5258 ψαλμικῶς
3845 5191 3917 5241 εί-

683 5292 763 5337 cto
776 5283 843 5347 ι’,
870 5282 1091 5337 domum
1114 5282 1516 5352 conspicientes
1538 5281 1770 5352 praeside
1792 5297 1891 5337 sua
1914 5283 2250 5351 destitutam,

2391 5288 2496 5345 εῖν,
2525 5282 2667 5338 ὡσεί
2695 5282 3055 5351 νυκτικόραξ
3083 5283 3152 5334 ἐν
3175 5282 3484 5347 οίκοπέδφ,
3506 5283 3587 5348 ὡς
3608 5284 3917 5350 στρουθίον·

683 5386 848 5446 atque
883 5375 937 5429 in
967 5375 1141 5431 oculis
1172 5376 1368 5431 vestris
1404 5374 1626 5439 liberos,
1658 5374 1752 5445 qui
1783 5389 1882 5429 vos
1910 5376 2250 5444 amplectun-

2391 5373 2604 5435 ονάζον
2634 5375 2733 5428 ἐπὶ
2778 5374 3033 5444 δώματι·
3070 5374 3306 5445 ὁρῶντες
3343 5374 3444 5444 τὴν
3489 5375 3668 5427 οίκίαν
3722 5373 3915 5445 ἔρημον

682 5477 769 5523 tur
801 5476 854 5522 et
894 5483 1031 5537 quos
1060 5465 1473 5537 amplectimini,
1499 5480 1607 5521 non
1638 5465 1900 5521 habentes
1934 5466 2025 5520 ubi
2060 5480 2252 5522 eorum

2391 5462 2451 5529 ἧς
2499 5460 2943 5531 προστατούσης·
2974 5462 3043 5516 τὰ
3081 5462 3250 5516 τέκνα
3290 5463 3399 5535 πρὸ
3429 5462 3729 5534 ὀφθαλμῶν
3775 5463 3914 5536 ὑμῶν

2379 2984 2587 3054 καύτην
2636 2983 2735 3054 τὴν
2776 2983 2993 3053 πληγὴν
3037 2983 3211 3053 ἐνίησι
3258 2986 3371 3046 τοῖς
3420 2984 3789 3054 χωρισθεῖσιν,
3836 2986 3958 3038 οἷαν

2378 3078 2528 3131 ποιεί
2562 3078 2808 3148 μάχαιρα
2830 3074 3104 3145 τέμνουσα
3129 3076 3209 3137 εἰς
3240 3075 3335 3127 δύο
3381 3076 3475 3128 τὸν
3517 3076 3612 3129 ἕνα
3642 3076 3951 3147 ἄνθρωπον.

2389 3169 2642 3239 ’Δλγεινὴ
2672 3170 2706 3240 ὴ
2729 3170 2871 3237 τομὴ
2892 3166 2969 3237 τῷ
2997 3167 3133 3232 δντι,
3158 3166 3251 3219 καὶ
3279 3166 3339 3218 τὸ
3358 3160 3499 3236 αἷμα
3520 3168 3682 3220 οἱονεὶ
3719 3170 3803 3236 ῥεῖ
3832 3166 3952 3221 κατ’

2376 3262 2690 3333 ὀφθαλμοὺς
2733 3260 2908 3329 ὑμῶν’
2940 3261 3034 3314 καὶ
3069 3260 3169 3312 οὐκ
3198 3260 3314 3313 ἔστι
3358 3260 3624 3331 μάλαγμα
3658 3260 3948 3327 ἐπιθεῖναι,

751 5650 795 5680 δ’
826 5646 1003 5700 Galat.
1032 5660 1106 5708 vr,
1142 5646 1195 5698 ’1.
1270 5646 1315 5679 ³⁸
1342 5645 1476 5703 Gen.
1511 5663 1567 5713 ιι,
1595 5647 1687 5704 ει.
1768 5648 1809 5680 ⁸¹
1842 5646 1949 5701 Tit.
1989 5660 2049 5712 tt,
2084 5646 2138 5702 4.
2214 5644 2259 5677 ”

2398 5646 2432 5700 Ι.
2472 5664 2545 5711 cr,
2583 5648 2632 5703 7.

2178 5758 2407 5815 ΝΟΤΑΞ.

748 5849 859 5920 (55)
894 5850 949 5904 Ιιι
974 5851 1091 5905 cod.
1133 5850 1261 5918 Reg.
1291 5851 1414 5920 ρξε’.
