  <div class='ocr_page' id='page_1' title='image "/cluster/home/n/w/nwhite01/storage/ocr_20150623/99/uva.x002264937/766.png"; bbox 0 0 4156 6568; ppageno 0'>
   <div class='ocr_carea' id='block_1_1' title="bbox 224 502 362 567">
    <p class='ocr_par' dir='ltr' id='par_1_1' title="bbox 224 502 362 567">
     <span class='ocr_line' id='line_1_1' title="bbox 224 502 362 567; baseline -0.014 0"><span class='ocrx_word' id='word_1_1' title='bbox 224 502 362 567; x_wconf 74' lang='grc'><strong>1453</strong></span> 
     </span>
    </p>
   </div>
   <div class='ocr_carea' id='block_1_2' title="bbox 1416 503 2295 565">
    <p class='ocr_par' dir='ltr' id='par_1_2' title="bbox 1416 503 2295 565">
     <span class='ocr_line' id='line_1_2' title="bbox 1416 503 2295 565; baseline -0.002 -1"><span class='ocrx_word' id='word_1_2' title='bbox 1416 504 1953 565; x_wconf 78' lang='lat' dir='ltr'><strong>EPISTOLARUM</strong></span> <span class='ocrx_word' id='word_1_3' title='bbox 2008 503 2158 563; x_wconf 86' lang='lat' dir='ltr'><strong>LIB.</strong></span> <span class='ocrx_word' id='word_1_4' title='bbox 2202 503 2295 562; x_wconf 81' lang='lat' dir='ltr'><strong>II.</strong></span> 
     </span>
    </p>
   </div>
   <div class='ocr_carea' id='block_1_3' title="bbox 3346 498 3483 565">
    <p class='ocr_par' dir='ltr' id='par_1_3' title="bbox 3346 498 3483 565">
     <span class='ocr_line' id='line_1_3' title="bbox 3346 498 3483 565; baseline 0.007 -2"><span class='ocrx_word' id='word_1_5' title='bbox 3346 498 3483 565; x_wconf 71' lang='grc'><strong>1454</strong></span> 
     </span>
    </p>
   </div>
   <div class='ocr_carea' id='block_1_4' title="bbox 216 619 1826 694">
    <p class='ocr_par' dir='ltr' id='par_1_4' title="bbox 216 619 1801 694">
     <span class='ocr_line' id='line_1_4' title="bbox 216 619 1801 694; baseline -0.003 -18"><span class='ocrx_word' id='word_1_6' title='bbox 216 620 655 694; x_wconf 80' lang='grc' dir='ltr'>περικυκλοῦντα</span> <span class='ocrx_word' id='word_1_7' title='bbox 682 622 774 673; x_wconf 69' lang='grc' dir='ltr'><strong>καὶ</strong></span> <span class='ocrx_word' id='word_1_8' title='bbox 814 620 1306 692; x_wconf 78' lang='grc' dir='ltr'>περικυκλούμενα,</span> <span class='ocrx_word' id='word_1_9' title='bbox 1334 621 1435 674; x_wconf 77' lang='grc' dir='ltr'><strong>οὐκ</strong></span> <span class='ocrx_word' id='word_1_10' title='bbox 1471 622 1664 691; x_wconf 76' lang='grc' dir='ltr'>ἔχοντα</span> <span class='ocrx_word' id='word_1_11' title='bbox 1696 619 1801 672; x_wconf 74' lang='grc' dir='ltr'><strong>ποῦ</strong></span> 
     </span>
    </p>
   </div>
   <div class='ocr_carea' id='block_1_5' title="bbox 1932 619 3486 694">
    <p class='ocr_par' dir='ltr' id='par_1_5' title="bbox 1932 619 3486 685">
     <span class='ocr_line' id='line_1_5' title="bbox 1932 619 3486 685; baseline 0 -11"><span class='ocrx_word' id='word_1_12' title='bbox 1932 636 2102 675; x_wconf 84' lang='lat' dir='ltr'><strong>nanus</strong></span> <span class='ocrx_word' id='word_1_13' title='bbox 2126 619 2451 685; x_wconf 86' lang='lat' dir='ltr'><strong>innitantur,</strong></span> <span class='ocrx_word' id='word_1_14' title='bbox 2480 620 2623 674; x_wconf 88' lang='lat' dir='ltr'><strong>unde</strong></span> <span class='ocrx_word' id='word_1_15' title='bbox 2649 619 2839 673; x_wconf 78' lang='lat' dir='ltr'><strong>matris</strong></span> <span class='ocrx_word' id='word_1_16' title='bbox 2865 621 3074 681; x_wconf 83' lang='lat' dir='ltr'><strong>oscula,</strong></span> <span class='ocrx_word' id='word_1_17' title='bbox 3104 619 3331 675; x_wconf 86' lang='lat' dir='ltr'><strong>lacteam</strong></span> <span class='ocrx_word' id='word_1_18' title='bbox 3363 626 3486 674; x_wconf 73' lang='lat' dir='ltr'><strong>vitae</strong></span> 
     </span>
    </p>
   </div>
   <div class='ocr_carea' id='block_1_6' title="bbox 216 712 1805 785">
    <p class='ocr_par' dir='ltr' id='par_1_6' title="bbox 216 712 1805 785">
     <span class='ocr_line' id='line_1_6' title="bbox 216 712 1805 785; baseline -0.001 -17"><span class='ocrx_word' id='word_1_19' title='bbox 216 714 539 785; x_wconf 85' lang='grc' dir='ltr'>ἀπερείσειε</span> <span class='ocrx_word' id='word_1_20' title='bbox 580 714 679 775; x_wconf 81' lang='grc' dir='ltr'>τὰς</span> <span class='ocrx_word' id='word_1_21' title='bbox 707 716 902 783; x_wconf 84' lang='grc' dir='ltr'>χεῖρας</span> <span class='ocrx_word' id='word_1_22' title='bbox 922 752 937 777; x_wconf 91' lang='grc'><strong>,</strong></span> <span class='ocrx_word' id='word_1_23' title='bbox 969 712 1093 766; x_wconf 82' lang='grc' dir='ltr'>ὅθεν</span> <span class='ocrx_word' id='word_1_24' title='bbox 1116 712 1334 768; x_wconf 76' lang='grc' dir='ltr'>λάϐοιεν</span> <span class='ocrx_word' id='word_1_25' title='bbox 1362 715 1638 783; x_wconf 76' lang='grc' dir='ltr'>μητρικὸν</span> <span class='ocrx_word' id='word_1_26' title='bbox 1664 730 1805 766; x_wconf 83' lang='grc' dir='ltr'>ποπ-</span> 
     </span>
    </p>
   </div>
   <div class='ocr_carea' id='block_1_7' title="bbox 217 803 1807 875">
    <p class='ocr_par' dir='ltr' id='par_1_7' title="bbox 217 803 1807 875">
     <span class='ocr_line' id='line_1_7' title="bbox 217 803 1807 875; baseline -0.001 -16"><span class='ocrx_word' id='word_1_27' title='bbox 217 806 461 875; x_wconf 63' lang='grc' dir='ltr'>πυσμὸν,</span> <span class='ocrx_word' id='word_1_28' title='bbox 506 803 831 874; x_wconf 71' lang='grc' dir='ltr'>γαλουχικὸν</span> <span class='ocrx_word' id='word_1_29' title='bbox 879 803 1214 875; x_wconf 78' lang='grc' dir='ltr'>ἐμψύχωμα·</span> <span class='ocrx_word' id='word_1_30' title='bbox 1268 807 1468 874; x_wconf 79' lang='grc' dir='ltr'>στεγνὴ</span> <span class='ocrx_word' id='word_1_31' title='bbox 1520 807 1553 875; x_wconf 82' lang='grc' dir='ltr'>ἡ</span> <span class='ocrx_word' id='word_1_32' title='bbox 1620 804 1807 868; x_wconf 77' lang='grc' dir='ltr'>ἑστία,</span> 
     </span>
    </p>
   </div>
   <div class='ocr_carea' id='block_1_8' title="bbox 216 892 1808 966">
    <p class='ocr_par' dir='ltr' id='par_1_8' title="bbox 216 892 1808 966">
     <span class='ocr_line' id='line_1_8' title="bbox 216 892 1808 966; baseline -0.003 -16"><span class='ocrx_word' id='word_1_33' title='bbox 216 898 383 950; x_wconf 70' lang='grc' dir='ltr'>οἱονεὶ</span> <span class='ocrx_word' id='word_1_34' title='bbox 407 896 561 965; x_wconf 80' lang='grc' dir='ltr'>ἡλίου</span> <span class='ocrx_word' id='word_1_35' title='bbox 590 894 760 966; x_wconf 80' lang='grc' dir='ltr'>αὐτὴν</span> <span class='ocrx_word' id='word_1_36' title='bbox 801 892 1184 959; x_wconf 79' lang='grc' dir='ltr'><strong>ἀπολιπόντος·</strong></span> <span class='ocrx_word' id='word_1_37' title='bbox 1221 894 1436 948; x_wconf 80' lang='grc' dir='ltr'>κελαδεῖ</span> <span class='ocrx_word' id='word_1_38' title='bbox 1458 895 1514 947; x_wconf 82' lang='grc' dir='ltr'>δὲ</span> <span class='ocrx_word' id='word_1_39' title='bbox 1542 895 1718 957; x_wconf 76' lang='grc' dir='ltr'>οὐδεὶς</span> <span class='ocrx_word' id='word_1_40' title='bbox 1750 895 1808 947; x_wconf 77' lang='grc' dir='ltr'>ἐν</span> 
     </span>
    </p>
   </div>
   <div class='ocr_carea' id='block_1_9' title="bbox 215 985 1811 1049">
    <p class='ocr_par' dir='ltr' id='par_1_9' title="bbox 215 985 1811 1049">
     <span class='ocr_line' id='line_1_9' title="bbox 215 985 1811 1049; baseline -0.003 -9"><span class='ocrx_word' id='word_1_41' title='bbox 215 1004 279 1040; x_wconf 86' lang='grc' dir='ltr'><strong>τε</strong></span> <span class='ocrx_word' id='word_1_42' title='bbox 306 990 420 1049; x_wconf 83' lang='grc' dir='ltr'>τοῖς</span> <span class='ocrx_word' id='word_1_43' title='bbox 453 987 557 1040; x_wconf 79' lang='grc' dir='ltr'><strong>ὠσὶ</strong></span> <span class='ocrx_word' id='word_1_44' title='bbox 600 985 696 1040; x_wconf 85' lang='grc' dir='ltr'><strong>σοῦ</strong></span> <span class='ocrx_word' id='word_1_45' title='bbox 726 1003 787 1039; x_wconf 92' lang='grc' dir='ltr'><strong>τε</strong></span> <span class='ocrx_word' id='word_1_46' title='bbox 819 988 912 1040; x_wconf 73' lang='grc' dir='ltr'><strong>καὶ</strong></span> <span class='ocrx_word' id='word_1_47' title='bbox 944 986 1053 1040; x_wconf 78' lang='grc' dir='ltr'>τῶν</span> <span class='ocrx_word' id='word_1_48' title='bbox 1098 987 1304 1039; x_wconf 82' lang='grc' dir='ltr'>τέκνων</span> <span class='ocrx_word' id='word_1_49' title='bbox 1330 987 1423 1039; x_wconf 78' lang='grc' dir='ltr'>καὶ</span> <span class='ocrx_word' id='word_1_50' title='bbox 1452 985 1671 1038; x_wconf 86' lang='grc' dir='ltr'>πάντων</span> <span class='ocrx_word' id='word_1_51' title='bbox 1700 985 1811 1038; x_wconf 80' lang='grc' dir='ltr'><strong>τῶν</strong></span> 
     </span>
    </p>
   </div>
   <div class='ocr_carea' id='block_1_10' title="bbox 219 1076 1811 1149">
    <p class='ocr_par' dir='ltr' id='par_1_10' title="bbox 219 1076 1811 1149">
     <span class='ocr_line' id='line_1_10' title="bbox 219 1076 1811 1149; baseline -0.001 -18"><span class='ocrx_word' id='word_1_52' title='bbox 219 1077 576 1148; x_wconf 79' lang='grc' dir='ltr'>ὑποχειρίων,</span> <span class='ocrx_word' id='word_1_53' title='bbox 605 1077 855 1149; x_wconf 83' lang='grc' dir='ltr'><strong>ἀπούσης</strong></span> <span class='ocrx_word' id='word_1_54' title='bbox 875 1078 1091 1147; x_wconf 73' lang='grc' dir='ltr'>ἐκείνης</span> <span class='ocrx_word' id='word_1_55' title='bbox 1116 1076 1217 1146; x_wconf 82' lang='grc' dir='ltr'>τῆς</span> <span class='ocrx_word' id='word_1_56' title='bbox 1247 1077 1415 1140; x_wconf 76' lang='grc' dir='ltr'>ὅντως</span> <span class='ocrx_word' id='word_1_57' title='bbox 1439 1076 1811 1145; x_wconf 83' lang='grc' dir='ltr'>καλλοφὼνου,</span> 
     </span>
    </p>
   </div>
   <div class='ocr_carea' id='block_1_11' title="bbox 218 1167 1813 1238">
    <p class='ocr_par' dir='ltr' id='par_1_11' title="bbox 218 1167 1813 1238">
     <span class='ocr_line' id='line_1_11' title="bbox 218 1167 1813 1238; baseline -0.001 -17"><span class='ocrx_word' id='word_1_58' title='bbox 218 1170 316 1221; x_wconf 78' lang='grc' dir='ltr'><strong>καὶ</strong></span> <span class='ocrx_word' id='word_1_59' title='bbox 336 1168 647 1237; x_wconf 84' lang='grc' dir='ltr'>τερπούσης</span> <span class='ocrx_word' id='word_1_60' title='bbox 663 1168 792 1229; x_wconf 84' lang='grc' dir='ltr'>τοὺς</span> <span class='ocrx_word' id='word_1_61' title='bbox 818 1167 1111 1227; x_wconf 80' lang='grc' dir='ltr'>ὲπαῖοντας</span> <span class='ocrx_word' id='word_1_62' title='bbox 1139 1169 1205 1238; x_wconf 79' lang='grc' dir='ltr'>τῇ</span> <span class='ocrx_word' id='word_1_63' title='bbox 1235 1167 1309 1231; x_wconf 83' lang='grc' dir='ltr'>ὡς</span> <span class='ocrx_word' id='word_1_64' title='bbox 1340 1167 1557 1237; x_wconf 78' lang='grc' dir='ltr'>ἀληθῶς</span> <span class='ocrx_word' id='word_1_65' title='bbox 1586 1167 1813 1237; x_wconf 81' lang='grc' dir='ltr'>ἐμμελεῖ</span> 
     </span>
    </p>
   </div>
   <div class='ocr_carea' id='block_1_12' title="bbox 218 1256 1813 1328">
    <p class='ocr_par' dir='ltr' id='par_1_12' title="bbox 218 1256 1813 1328">
     <span class='ocr_line' id='line_1_12' title="bbox 218 1256 1813 1328; baseline -0.001 -16"><span class='ocrx_word' id='word_1_66' title='bbox 218 1258 457 1323; x_wconf 75' lang='grc' dir='ltr'><strong>διαλέξει</strong></span> <span class='ocrx_word' id='word_1_67' title='bbox 484 1276 541 1311; x_wconf 90' lang='grc' dir='ltr'><strong>τε</strong></span> <span class='ocrx_word' id='word_1_68' title='bbox 566 1258 661 1311; x_wconf 75' lang='grc' dir='ltr'>καὶ</span> <span class='ocrx_word' id='word_1_69' title='bbox 690 1259 1012 1328; x_wconf 79' lang='grc' dir='ltr'>ὑπαντήσει.</span> <span class='ocrx_word' id='word_1_70' title='bbox 1041 1258 1283 1311; x_wconf 83' lang='grc' dir='ltr'>Ἑλεεινὰ</span> <span class='ocrx_word' id='word_1_71' title='bbox 1306 1257 1479 1311; x_wconf 86' lang='grc' dir='ltr'>ταῦτα</span> <span class='ocrx_word' id='word_1_72' title='bbox 1502 1256 1690 1321; x_wconf 75' lang='grc' dir='ltr'>ὅντως,</span> <span class='ocrx_word' id='word_1_73' title='bbox 1718 1258 1813 1312; x_wconf 73' lang='grc' dir='ltr'>καὶ</span> 
     </span>
    </p>
   </div>
   <div class='ocr_carea' id='block_1_13' title="bbox 222 1350 1809 1420">
    <p class='ocr_par' dir='ltr' id='par_1_13' title="bbox 222 1350 1809 1420">
     <span class='ocr_line' id='line_1_13' title="bbox 222 1350 1809 1420; baseline -0.001 -16"><span class='ocrx_word' id='word_1_74' title='bbox 222 1351 576 1410; x_wconf 71' lang='grc' dir='ltr'>στενακτικὰ,</span> <span class='ocrx_word' id='word_1_75' title='bbox 623 1352 719 1404; x_wconf 73' lang='grc' dir='ltr'><strong>καὶ</strong></span> <span class='ocrx_word' id='word_1_76' title='bbox 748 1350 1264 1420; x_wconf 82' lang='grc' dir='ltr'>τροπολογούμενα,</span> <span class='ocrx_word' id='word_1_77' title='bbox 1302 1350 1397 1403; x_wconf 77' lang='grc' dir='ltr'>καὶ</span> <span class='ocrx_word' id='word_1_78' title='bbox 1431 1350 1809 1417; x_wconf 88' lang='grc' dir='ltr'>διανοούμενα.</span> 
     </span>
    </p>
   </div>
   <div class='ocr_carea' id='block_1_14' title="bbox 310 1436 1815 1514">
    <p class='ocr_par' dir='ltr' id='par_1_14' title="bbox 310 1436 1815 1514">
     <span class='ocr_line' id='line_1_14' title="bbox 310 1436 1815 1514; baseline 0.001 -18"><span class='ocrx_word' id='word_1_79' title='bbox 310 1445 474 1497; x_wconf 82' lang='grc' dir='ltr'><strong>Ἀλλά</strong></span> <span class='ocrx_word' id='word_1_80' title='bbox 504 1444 557 1496; x_wconf 88' lang='grc' dir='ltr'><strong>τί</strong></span> <span class='ocrx_word' id='word_1_81' title='bbox 592 1444 877 1513; x_wconf 77' lang='grc' dir='ltr'><strong>πάθωμεν,</strong></span> <span class='ocrx_word' id='word_1_82' title='bbox 910 1436 956 1497; x_wconf 80' lang='grc' dir='ltr'><strong>ὦ</strong></span> <span class='ocrx_word' id='word_1_83' title='bbox 1007 1442 1283 1507; x_wconf 84' lang='grc' dir='ltr'>δέσποτα;</span> <span class='ocrx_word' id='word_1_84' title='bbox 1314 1442 1451 1495; x_wconf 82' lang='grc' dir='ltr'>Θεοῦ</span> <span class='ocrx_word' id='word_1_85' title='bbox 1484 1444 1815 1514; x_wconf 81' lang='grc' dir='ltr'>πρόσταγμά</span> 
     </span>
    </p>
   </div>
   <div class='ocr_carea' id='block_1_15' title="bbox 223 1534 1816 1609">
    <p class='ocr_par' dir='ltr' id='par_1_15' title="bbox 223 1534 1816 1609">
     <span class='ocr_line' id='line_1_15' title="bbox 223 1534 1816 1609; baseline -0.001 -18"><span class='ocrx_word' id='word_1_86' title='bbox 223 1540 364 1601; x_wconf 80' lang='grc' dir='ltr'>ἐστι,</span> <span class='ocrx_word' id='word_1_87' title='bbox 400 1538 600 1607; x_wconf 79' lang='grc' dir='ltr'>μᾶλλον</span> <span class='ocrx_word' id='word_1_88' title='bbox 630 1536 686 1589; x_wconf 82' lang='grc' dir='ltr'>δὲ</span> <span class='ocrx_word' id='word_1_89' title='bbox 725 1535 1027 1606; x_wconf 77' lang='grc' dir='ltr'>ἀπόφασις,</span> <span class='ocrx_word' id='word_1_90' title='bbox 1073 1534 1162 1589; x_wconf 83' lang='grc' dir='ltr'>διὰ</span> <span class='ocrx_word' id='word_1_91' title='bbox 1202 1534 1296 1589; x_wconf 87' lang='grc' dir='ltr'><strong>τοῦ</strong></span> <span class='ocrx_word' id='word_1_92' title='bbox 1329 1535 1473 1589; x_wconf 91' lang='grc' dir='ltr'>θείου</span> <span class='ocrx_word' id='word_1_93' title='bbox 1501 1535 1662 1589; x_wconf 82' lang='grc' dir='ltr'><strong>Δαυῖδ</strong></span> <span class='ocrx_word' id='word_1_94' title='bbox 1690 1537 1816 1609; x_wconf 75' lang='grc' dir='ltr'>ᾅδο-</span> 
     </span>
    </p>
   </div>
   <div class='ocr_carea' id='block_1_16' title="bbox 230 1627 1816 1700">
    <p class='ocr_par' dir='ltr' id='par_1_16' title="bbox 230 1627 1816 1700">
     <span class='ocr_line' id='line_1_16' title="bbox 230 1627 1816 1700; baseline -0.002 -16"><span class='ocrx_word' id='word_1_95' title='bbox 230 1648 351 1700; x_wconf 63' lang='grc' dir='ltr'>ρεν*</span> <span class='ocrx_word' id='word_1_96' title='bbox 412 1634 533 1685; x_wconf 81' lang='grc' dir='ltr'><strong>οὐκ</strong></span> <span class='ocrx_word' id='word_1_97' title='bbox 585 1630 758 1683; x_wconf 77' lang='grc' dir='ltr'>ἔστιν</span> <span class='ocrx_word' id='word_1_98' title='bbox 806 1629 1120 1697; x_wconf 77' lang='grc' dir='ltr'>ἄνθρωπος</span> <span class='ocrx_word' id='word_1_99' title='bbox 1170 1628 1239 1695; x_wconf 76' lang='grc' dir='ltr'>ὃς</span> <span class='ocrx_word' id='word_1_100' title='bbox 1285 1627 1527 1693; x_wconf 70' lang='grc' dir='ltr'>ζήσεται</span> <span class='ocrx_word' id='word_1_101' title='bbox 1561 1628 1659 1681; x_wconf 79' lang='grc' dir='ltr'>καὶ</span> <span class='ocrx_word' id='word_1_102' title='bbox 1704 1631 1816 1683; x_wconf 79' lang='grc' dir='ltr'>οὐκ</span> 
     </span>
    </p>
   </div>
   <div class='ocr_carea' id='block_1_17' title="bbox 227 1720 1818 1793">
    <p class='ocr_par' dir='ltr' id='par_1_17' title="bbox 227 1720 1818 1793">
     <span class='ocr_line' id='line_1_17' title="bbox 227 1720 1818 1793; baseline -0.003 -16"><span class='ocrx_word' id='word_1_103' title='bbox 227 1725 440 1793; x_wconf 68' lang='grc' dir='ltr'>ὄψεται</span> <span class='ocrx_word' id='word_1_104' title='bbox 464 1722 745 1777; x_wconf 79' lang='grc' dir='ltr'>θάνατον.</span> <span class='ocrx_word' id='word_1_105' title='bbox 783 1720 943 1775; x_wconf 83' lang='grc' dir='ltr'>Οῦτω</span> <span class='ocrx_word' id='word_1_106' title='bbox 969 1723 1079 1784; x_wconf 79' lang='grc' dir='ltr'><strong>πᾶς</strong></span> <span class='ocrx_word' id='word_1_107' title='bbox 1108 1738 1195 1784; x_wconf 89' lang='grc' dir='ltr'><strong>τις</strong></span> <span class='ocrx_word' id='word_1_108' title='bbox 1224 1723 1332 1774; x_wconf 72' lang='grc' dir='ltr'>ἀπὸ</span> <span class='ocrx_word' id='word_1_109' title='bbox 1374 1720 1545 1790; x_wconf 80' lang='grc' dir='ltr'>Ἀδὰμ</span> <span class='ocrx_word' id='word_1_110' title='bbox 1572 1720 1667 1774; x_wconf 90' lang='grc' dir='ltr'><strong>τοῦ</strong></span> <span class='ocrx_word' id='word_1_111' title='bbox 1690 1738 1818 1789; x_wconf 55' lang='grc' dir='ltr'><strong>’προ⁶</strong></span> 
     </span>
    </p>
   </div>
   <div class='ocr_carea' id='block_1_18' title="bbox 226 1811 1819 1887">
    <p class='ocr_par' dir='ltr' id='par_1_18' title="bbox 226 1811 1819 1887">
     <span class='ocr_line' id='line_1_18' title="bbox 226 1811 1819 1887; baseline -0.001 -18"><span class='ocrx_word' id='word_1_112' title='bbox 226 1818 468 1887; x_wconf 84' lang='grc' dir='ltr'>πάτορος</span> <span class='ocrx_word' id='word_1_113' title='bbox 519 1815 675 1885; x_wconf 76' lang='grc' dir='ltr'>ἡμῶν</span> <span class='ocrx_word' id='word_1_114' title='bbox 726 1814 891 1885; x_wconf 82' lang='grc' dir='ltr'>μέχρι</span> <span class='ocrx_word' id='word_1_115' title='bbox 942 1813 1038 1866; x_wconf 86' lang='grc' dir='ltr'><strong>τοῦ</strong></span> <span class='ocrx_word' id='word_1_116' title='bbox 1086 1812 1247 1884; x_wconf 88' lang='grc' dir='ltr'>δεῦρο</span> <span class='ocrx_word' id='word_1_117' title='bbox 1301 1813 1561 1868; x_wconf 74' lang='grc' dir='ltr'>εἰσελθὼν</span> <span class='ocrx_word' id='word_1_118' title='bbox 1607 1816 1687 1877; x_wconf 85' lang='grc' dir='ltr'>εἰς</span> <span class='ocrx_word' id='word_1_119' title='bbox 1729 1811 1819 1867; x_wconf 74' lang='grc' dir='ltr'>τὸν</span> 
     </span>
    </p>
   </div>
   <div class='ocr_carea' id='block_1_19' title="bbox 228 1904 1820 1978">
    <p class='ocr_par' dir='ltr' id='par_1_19' title="bbox 228 1904 1820 1978">
     <span class='ocr_line' id='line_1_19' title="bbox 228 1904 1820 1978; baseline -0.001 -16"><span class='ocrx_word' id='word_1_120' title='bbox 228 1910 435 1978; x_wconf 84' lang='grc' dir='ltr'>κόσμον</span> <span class='ocrx_word' id='word_1_121' title='bbox 468 1908 556 1960; x_wconf 75' lang='grc' dir='ltr'><strong>διά</strong></span> <span class='ocrx_word' id='word_1_122' title='bbox 584 1908 923 1978; x_wconf 82' lang='grc' dir='ltr'>γεννήσεως,</span> <span class='ocrx_word' id='word_1_123' title='bbox 972 1904 1139 1959; x_wconf 85' lang='grc' dir='ltr'>πάλιν</span> <span class='ocrx_word' id='word_1_124' title='bbox 1186 1906 1351 1971; x_wconf 81' lang='grc' dir='ltr'>ἔξεισι</span> <span class='ocrx_word' id='word_1_125' title='bbox 1393 1907 1463 1960; x_wconf 79' lang='grc' dir='ltr'>δι’</span> <span class='ocrx_word' id='word_1_126' title='bbox 1508 1904 1820 1970; x_wconf 82' lang='grc' dir='ltr'>ἀναλύσεως</span> 
     </span>
    </p>
   </div>
   <div class='ocr_carea' id='block_1_20' title="bbox 226 1997 1819 2070">
    <p class='ocr_par' dir='ltr' id='par_1_20' title="bbox 226 1997 1819 2070">
     <span class='ocr_line' id='line_1_20' title="bbox 226 1997 1819 2070; baseline -0.003 -15"><span class='ocrx_word' id='word_1_127' title='bbox 226 2004 311 2066; x_wconf 83' lang='grc' dir='ltr'><strong>είς</strong></span> <span class='ocrx_word' id='word_1_128' title='bbox 344 2001 437 2054; x_wconf 81' lang='grc' dir='ltr'><strong>τὸν</strong></span> <span class='ocrx_word' id='word_1_129' title='bbox 466 1999 645 2054; x_wconf 76' lang='grc' dir='ltr'>ἐκεῖσε</span> <span class='ocrx_word' id='word_1_130' title='bbox 672 2001 877 2070; x_wconf 82' lang='grc' dir='ltr'>κόσμον</span> <span class='ocrx_word' id='word_1_131' title='bbox 908 1997 1241 2069; x_wconf 77' lang='grc' dir='ltr'>ύψηλότερόν</span> <span class='ocrx_word' id='word_1_132' title='bbox 1278 2017 1337 2052; x_wconf 90' lang='grc' dir='ltr'><strong>τε</strong></span> <span class='ocrx_word' id='word_1_133' title='bbox 1367 2000 1461 2052; x_wconf 77' lang='grc' dir='ltr'><strong>καὶ</strong></span> <span class='ocrx_word' id='word_1_134' title='bbox 1490 1998 1819 2053; x_wconf 83' lang='grc' dir='ltr'>θεοειδέστε-</span> 
     </span>
    </p>
   </div>
   <div class='ocr_carea' id='block_1_21' title="bbox 232 2087 1820 2165">
    <p class='ocr_par' dir='ltr' id='par_1_21' title="bbox 232 2087 1820 2165">
     <span class='ocr_line' id='line_1_21' title="bbox 232 2087 1820 2165; baseline -0.004 -19"><span class='ocrx_word' id='word_1_135' title='bbox 232 2110 347 2165; x_wconf 92' lang='grc' dir='ltr'>ρον.</span> <span class='ocrx_word' id='word_1_136' title='bbox 377 2091 689 2159; x_wconf 84' lang='grc' dir='ltr'>Σπείρεται</span> <span class='ocrx_word' id='word_1_137' title='bbox 720 2090 851 2158; x_wconf 72' lang='grc' dir='ltr'>γὰρ,</span> <span class='ocrx_word' id='word_1_138' title='bbox 888 2092 1075 2161; x_wconf 73' lang='grc' dir='ltr'>φησὶν,</span> <span class='ocrx_word' id='word_1_139' title='bbox 1107 2091 1177 2143; x_wconf 82' lang='grc' dir='ltr'><strong>ὲν</strong></span> <span class='ocrx_word' id='word_1_140' title='bbox 1204 2087 1417 2158; x_wconf 70' lang='grc' dir='ltr'>φθορᾷ,</span> <span class='ocrx_word' id='word_1_141' title='bbox 1441 2088 1725 2157; x_wconf 78' lang='grc' dir='ltr'>ἐγείρεται</span> <span class='ocrx_word' id='word_1_142' title='bbox 1751 2088 1820 2140; x_wconf 80' lang='grc' dir='ltr'><strong>ἐν</strong></span> 
     </span>
    </p>
   </div>
   <div class='ocr_carea' id='block_1_22' title="bbox 229 2180 1817 2254">
    <p class='ocr_par' dir='ltr' id='par_1_22' title="bbox 229 2180 1817 2254">
     <span class='ocr_line' id='line_1_22' title="bbox 229 2180 1817 2254; baseline 0.008 -20"><span class='ocrx_word' id='word_1_143' title='bbox 229 2183 557 2254; x_wconf 68' lang='grc' dir='ltr'>ἀφθαρσίψ</span> <span class='ocrx_word' id='word_1_144' title='bbox 586 2183 894 2251; x_wconf 76' lang='grc' dir='ltr'>σπείρεται</span> <span class='ocrx_word' id='word_1_145' title='bbox 914 2183 985 2237; x_wconf 79' lang='grc' dir='ltr'><strong>ἐν</strong></span> <span class='ocrx_word' id='word_1_146' title='bbox 1008 2182 1231 2250; x_wconf 80' lang='grc' dir='ltr'><strong>ἀτιμίᾳ,</strong></span> <span class='ocrx_word' id='word_1_147' title='bbox 1254 2182 1538 2251; x_wconf 75' lang='grc' dir='ltr'>ἐγείρεται</span> <span class='ocrx_word' id='word_1_148' title='bbox 1563 2181 1632 2234; x_wconf 77' lang='grc' dir='ltr'><em>ἐν</em></span> <span class='ocrx_word' id='word_1_149' title='bbox 1647 2180 1817 2249; x_wconf 70' lang='grc' dir='ltr'><strong>δόξ’ζΓ</strong></span> 
     </span>
    </p>
   </div>
   <div class='ocr_carea' id='block_1_23' title="bbox 230 2272 1819 2345">
    <p class='ocr_par' dir='ltr' id='par_1_23' title="bbox 230 2272 1819 2345">
     <span class='ocr_line' id='line_1_23' title="bbox 230 2272 1819 2345; baseline -0.003 -14"><span class='ocrx_word' id='word_1_150' title='bbox 230 2276 541 2344; x_wconf 83' lang='grc' dir='ltr'>σπείρεται</span> <span class='ocrx_word' id='word_1_151' title='bbox 590 2276 659 2329; x_wconf 82' lang='grc' dir='ltr'><strong>ἐν</strong></span> <span class='ocrx_word' id='word_1_152' title='bbox 708 2277 994 2344; x_wconf 74' lang='grc' dir='ltr'>ἀσθενείᾳ</span> <span class='ocrx_word' id='word_1_153' title='bbox 1017 2316 1033 2341; x_wconf 89' lang='grc'><strong>,</strong></span> <span class='ocrx_word' id='word_1_154' title='bbox 1090 2275 1377 2345; x_wconf 83' lang='grc' dir='ltr'>ἐγείρεται</span> <span class='ocrx_word' id='word_1_155' title='bbox 1426 2275 1496 2328; x_wconf 81' lang='grc' dir='ltr'><strong>ἐν</strong></span> <span class='ocrx_word' id='word_1_156' title='bbox 1547 2272 1819 2343; x_wconf 67' lang='grc' dir='ltr'>δυνάμευ</span> 
     </span>
    </p>
   </div>
   <div class='ocr_carea' id='block_1_24' title="bbox 230 2365 1821 2439">
    <p class='ocr_par' dir='ltr' id='par_1_24' title="bbox 230 2365 1821 2439">
     <span class='ocr_line' id='line_1_24' title="bbox 230 2365 1821 2439; baseline -0.003 -15"><span class='ocrx_word' id='word_1_157' title='bbox 230 2370 541 2439; x_wconf 81' lang='grc' dir='ltr'>σπείρεται</span> <span class='ocrx_word' id='word_1_158' title='bbox 582 2369 754 2436; x_wconf 87' lang='grc' dir='ltr'>σῶμα</span> <span class='ocrx_word' id='word_1_159' title='bbox 780 2369 1071 2438; x_wconf 69' lang='grc' dir='ltr'>ψυχικὸν,</span> <span class='ocrx_word' id='word_1_160' title='bbox 1104 2369 1390 2439; x_wconf 84' lang='grc' dir='ltr'>ἐγείρεται</span> <span class='ocrx_word' id='word_1_161' title='bbox 1420 2365 1591 2433; x_wconf 82' lang='grc' dir='ltr'>σῶμα</span> <span class='ocrx_word' id='word_1_162' title='bbox 1636 2383 1821 2421; x_wconf 83' lang='grc' dir='ltr'>πνευ-</span> 
     </span>
    </p>
   </div>
   <div class='ocr_carea' id='block_1_25' title="bbox 225 2458 1824 2533">
    <p class='ocr_par' dir='ltr' id='par_1_25' title="bbox 225 2458 1824 2533">
     <span class='ocr_line' id='line_1_25' title="bbox 225 2458 1824 2533; baseline -0.003 -18"><span class='ocrx_word' id='word_1_163' title='bbox 225 2462 507 2533; x_wconf 83' lang='grc' dir='ltr'>ματικόν.</span> <span class='ocrx_word' id='word_1_164' title='bbox 542 2460 843 2529; x_wconf 82' lang='grc' dir='ltr'>’ἰσάγγελοι</span> <span class='ocrx_word' id='word_1_165' title='bbox 877 2460 987 2531; x_wconf 83' lang='grc' dir='ltr'><strong>γάρ</strong></span> <span class='ocrx_word' id='word_1_166' title='bbox 1017 2460 1155 2532; x_wconf 81' lang='grc' dir='ltr'>ὲσόμ</span> <span class='ocrx_word' id='word_1_167' title='bbox 1192 2460 1281 2525; x_wconf 79' lang='grc' dir='ltr'><strong>θα,</strong></span> <span class='ocrx_word' id='word_1_168' title='bbox 1307 2459 1402 2513; x_wconf 68' lang='grc' dir='ltr'><strong>κα)⁸</strong></span> <span class='ocrx_word' id='word_1_169' title='bbox 1436 2460 1545 2512; x_wconf 74' lang='grc' dir='ltr'>υἱοὶ</span> <span class='ocrx_word' id='word_1_170' title='bbox 1572 2458 1673 2528; x_wconf 80' lang='grc' dir='ltr'>τῆς</span> <span class='ocrx_word' id='word_1_171' title='bbox 1694 2459 1824 2512; x_wconf 85' lang='grc' dir='ltr'>ἁνα-</span> 
     </span>
    </p>
   </div>
   <div class='ocr_carea' id='block_1_26' title="bbox 236 2544 1819 2622">
    <p class='ocr_par' dir='ltr' id='par_1_26' title="bbox 236 2544 1819 2622">
     <span class='ocr_line' id='line_1_26' title="bbox 236 2544 1819 2622; baseline -0.001 -16"><span class='ocrx_word' id='word_1_172' title='bbox 236 2553 502 2616; x_wconf 82' lang='grc' dir='ltr'>στάσεως,</span> <span class='ocrx_word' id='word_1_173' title='bbox 537 2550 632 2604; x_wconf 81' lang='grc' dir='ltr'><strong>τοῦ</strong></span> <span class='ocrx_word' id='word_1_174' title='bbox 684 2550 881 2622; x_wconf 80' lang='grc' dir='ltr'>θνητοῦ</span> <span class='ocrx_word' id='word_1_175' title='bbox 922 2551 1026 2605; x_wconf 79' lang='grc' dir='ltr'>ὑπὸ</span> <span class='ocrx_word' id='word_1_176' title='bbox 1058 2552 1158 2620; x_wconf 85' lang='grc' dir='ltr'><strong>τῆς</strong></span> <span class='ocrx_word' id='word_1_177' title='bbox 1197 2544 1347 2620; x_wconf 79' lang='grc' dir='ltr'>ζωῆς</span> <span class='ocrx_word' id='word_1_178' title='bbox 1391 2549 1819 2614; x_wconf 81' lang='grc' dir='ltr'>καταποθέντος.</span> 
     </span>
    </p>
   </div>
   <div class='ocr_carea' id='block_1_27' title="bbox 246 2640 1822 2717">
    <p class='ocr_par' dir='ltr' id='par_1_27' title="bbox 246 2640 1822 2717">
     <span class='ocr_line' id='line_1_27' title="bbox 246 2640 1822 2717; baseline -0.002 -18"><span class='ocrx_word' id='word_1_179' title='bbox 246 2645 435 2717; x_wconf 85' lang='grc' dir='ltr'>Ὁρᾷς,</span> <span class='ocrx_word' id='word_1_180' title='bbox 461 2640 514 2698; x_wconf 81' lang='grc' dir='ltr'><strong>’ὦ</strong></span> <span class='ocrx_word' id='word_1_181' title='bbox 564 2645 826 2710; x_wconf 82' lang='grc' dir='ltr'>δέσποτα,</span> <span class='ocrx_word' id='word_1_182' title='bbox 861 2645 946 2699; x_wconf 75' lang='grc' dir='ltr'><strong>δτι</strong></span> <span class='ocrx_word' id='word_1_183' title='bbox 980 2647 1027 2698; x_wconf 88' lang='grc' dir='ltr'>εἰ</span> <span class='ocrx_word' id='word_1_184' title='bbox 1066 2646 1159 2698; x_wconf 77' lang='grc' dir='ltr'><strong>καὶ</strong></span> <span class='ocrx_word' id='word_1_185' title='bbox 1192 2644 1549 2698; x_wconf 81' lang='grc' dir='ltr'>ἀπολέλοιπεν</span> <span class='ocrx_word' id='word_1_186' title='bbox 1593 2645 1741 2714; x_wconf 82' lang='grc' dir='ltr'>ἡμᾶς</span> <span class='ocrx_word' id='word_1_187' title='bbox 1789 2645 1822 2713; x_wconf 84' lang='grc' dir='ltr'>ἡ</span> 
     </span>
    </p>
   </div>
   <div class='ocr_carea' id='block_1_28' title="bbox 235 2736 1826 2812">
    <p class='ocr_par' dir='ltr' id='par_1_28' title="bbox 235 2736 1826 2812">
     <span class='ocr_line' id='line_1_28' title="bbox 235 2736 1826 2812; baseline -0.003 -18"><span class='ocrx_word' id='word_1_188' title='bbox 235 2740 442 2812; x_wconf 84' lang='grc' dir='ltr'>κυρία,</span> <span class='ocrx_word' id='word_1_189' title='bbox 487 2740 601 2793; x_wconf 75' lang='grc' dir='ltr'>ἀλλ’</span> <span class='ocrx_word' id='word_1_190' title='bbox 654 2742 732 2802; x_wconf 84' lang='grc' dir='ltr'><strong>είς</strong></span> <span class='ocrx_word' id='word_1_191' title='bbox 770 2740 887 2809; x_wconf 78' lang='grc' dir='ltr'>φῶς</span> <span class='ocrx_word' id='word_1_192' title='bbox 934 2737 1253 2809; x_wconf 78' lang='grc' dir='ltr'>ἐξελήλυθεν</span> <span class='ocrx_word' id='word_1_193' title='bbox 1296 2736 1403 2791; x_wconf 80' lang='grc' dir='ltr'>ἀπὸ</span> <span class='ocrx_word' id='word_1_194' title='bbox 1443 2738 1702 2802; x_wconf 78' lang='grc' dir='ltr'>σκότους,</span> <span class='ocrx_word' id='word_1_195' title='bbox 1733 2736 1826 2790; x_wconf 72' lang='grc' dir='ltr'>καὶ</span> 
     </span>
    </p>
   </div>
   <div class='ocr_carea' id='block_1_29' title="bbox 234 2826 1826 2903">
    <p class='ocr_par' dir='ltr' id='par_1_29' title="bbox 234 2826 1826 2903">
     <span class='ocr_line' id='line_1_29' title="bbox 234 2826 1826 2903; baseline -0.004 -16"><span class='ocrx_word' id='word_1_196' title='bbox 234 2833 349 2887; x_wconf 65' lang='grc' dir='ltr'><strong>ἀπὸ</strong></span> <span class='ocrx_word' id='word_1_197' title='bbox 376 2826 522 2903; x_wconf 76' lang='grc' dir='ltr'>ζωῆς</span> <span class='ocrx_word' id='word_1_198' title='bbox 550 2834 816 2903; x_wconf 81' lang='grc' dir='ltr'>ὲπικήρου</span> <span class='ocrx_word' id='word_1_199' title='bbox 847 2833 950 2897; x_wconf 65' lang='grc' dir='ltr'>είςί</span> <span class='ocrx_word' id='word_1_200' title='bbox 971 2832 1242 2886; x_wconf 81' lang='grc' dir='ltr'>ἀθάνατον</span> <span class='ocrx_word' id='word_1_201' title='bbox 1265 2830 1421 2900; x_wconf 82' lang='grc' dir='ltr'>λῆξιν</span> <span class='ocrx_word' id='word_1_202' title='bbox 1447 2846 1461 2896; x_wconf 91' lang='grc'><strong>;</strong></span> <span class='ocrx_word' id='word_1_203' title='bbox 1501 2831 1621 2883; x_wconf 78' lang='grc' dir='ltr'>ἐκεῖ</span> <span class='ocrx_word' id='word_1_204' title='bbox 1657 2829 1826 2898; x_wconf 86' lang='grc' dir='ltr'>αὐτὴν</span> 
     </span>
    </p>
   </div>
   <div class='ocr_carea' id='block_1_30' title="bbox 237 2920 1826 2995">
    <p class='ocr_par' dir='ltr' id='par_1_30' title="bbox 237 2920 1826 2995">
     <span class='ocr_line' id='line_1_30' title="bbox 237 2920 1826 2995; baseline -0.004 -17"><span class='ocrx_word' id='word_1_205' title='bbox 237 2923 358 2995; x_wconf 71' lang='grc' dir='ltr'>ὄψει</span> <span class='ocrx_word' id='word_1_206' title='bbox 390 2924 587 2994; x_wconf 86' lang='grc' dir='ltr'>μικρὸν</span> <span class='ocrx_word' id='word_1_207' title='bbox 642 2923 895 2995; x_wconf 75' lang='grc' dir='ltr'>ὕστερον,</span> <span class='ocrx_word' id='word_1_208' title='bbox 936 2922 1282 2994; x_wconf 76' lang='grc' dir='ltr'>μεταϐαίνων</span> <span class='ocrx_word' id='word_1_209' title='bbox 1312 2922 1407 2975; x_wconf 72' lang='grc' dir='ltr'><strong>καὶ</strong></span> <span class='ocrx_word' id='word_1_210' title='bbox 1444 2920 1631 2983; x_wconf 78' lang='grc' dir='ltr'>αὐτός.</span> <span class='ocrx_word' id='word_1_211' title='bbox 1665 2920 1826 2973; x_wconf 82' lang='grc' dir='ltr'>Ὥστε</span> 
     </span>
    </p>
   </div>
   <div class='ocr_carea' id='block_1_31' title="bbox 235 3013 1829 3088">
    <p class='ocr_par' dir='ltr' id='par_1_31' title="bbox 235 3013 1829 3088">
     <span class='ocr_line' id='line_1_31' title="bbox 235 3013 1829 3088; baseline -0.007 -14"><span class='ocrx_word' id='word_1_212' title='bbox 235 3017 322 3088; x_wconf 79' lang='grc' dir='ltr'><strong>μὴ</strong></span> <span class='ocrx_word' id='word_1_213' title='bbox 346 3018 673 3087; x_wconf 70' lang='grc' dir='ltr'>λυπώμεθα</span> <span class='ocrx_word' id='word_1_214' title='bbox 704 3016 898 3083; x_wconf 83' lang='grc' dir='ltr'>καθὼς</span> <span class='ocrx_word' id='word_1_215' title='bbox 932 3018 1031 3070; x_wconf 76' lang='grc' dir='ltr'>καὶ</span> <span class='ocrx_word' id='word_1_216' title='bbox 1071 3016 1125 3070; x_wconf 80' lang='lat' dir='ltr'><strong>oi</strong></span> <span class='ocrx_word' id='word_1_217' title='bbox 1153 3014 1355 3070; x_wconf 77' lang='grc' dir='ltr'>λοιποὶ</span> <span class='ocrx_word' id='word_1_218' title='bbox 1385 3016 1439 3068; x_wconf 88' lang='lat' dir='ltr'><strong>ol</strong></span> <span class='ocrx_word' id='word_1_219' title='bbox 1463 3013 1551 3084; x_wconf 82' lang='grc' dir='ltr'><strong>μὴ</strong></span> <span class='ocrx_word' id='word_1_220' title='bbox 1582 3013 1829 3083; x_wconf 79' lang='grc' dir='ltr'>ἔχοντες</span> 
     </span>
    </p>
   </div>
   <div class='ocr_carea' id='block_1_32' title="bbox 240 3102 1831 3179">
    <p class='ocr_par' dir='ltr' id='par_1_32' title="bbox 240 3102 1831 3179">
     <span class='ocr_line' id='line_1_32' title="bbox 240 3102 1831 3179; baseline -0.006 -16"><span class='ocrx_word' id='word_1_221' title='bbox 240 3109 483 3163; x_wconf 71' lang='grc' dir='ltr'>ἐλπίδα*</span> <span class='ocrx_word' id='word_1_222' title='bbox 528 3107 840 3172; x_wconf 69' lang='grc' dir='ltr'>ἐλπίζοντες</span> <span class='ocrx_word' id='word_1_223' title='bbox 868 3109 935 3179; x_wconf 82' lang='grc' dir='ltr'>τῇ</span> <span class='ocrx_word' id='word_1_224' title='bbox 983 3106 1282 3160; x_wconf 83' lang='grc' dir='ltr'>ἀναστάσει</span> <span class='ocrx_word' id='word_1_225' title='bbox 1340 3103 1701 3175; x_wconf 84' lang='grc' dir='ltr'>βελτιωθῆναι</span> <span class='ocrx_word' id='word_1_226' title='bbox 1748 3102 1831 3166; x_wconf 88' lang='grc' dir='ltr'><strong>είς</strong></span> 
     </span>
    </p>
   </div>
   <div class='ocr_carea' id='block_1_33' title="bbox 242 3197 1830 3273">
    <p class='ocr_par' dir='ltr' id='par_1_33' title="bbox 242 3197 1830 3273">
     <span class='ocr_line' id='line_1_33' title="bbox 242 3197 1830 3273; baseline -0.006 -17"><span class='ocrx_word' id='word_1_227' title='bbox 242 3203 504 3273; x_wconf 75' lang='grc' dir='ltr'>ἀπήμονα</span> <span class='ocrx_word' id='word_1_228' title='bbox 528 3202 694 3272; x_wconf 80' lang='grc' dir='ltr'>ζωήν.</span> <span class='ocrx_word' id='word_1_229' title='bbox 725 3199 819 3263; x_wconf 85' lang='grc' dir='ltr'>Είς</span> <span class='ocrx_word' id='word_1_230' title='bbox 847 3200 1085 3264; x_wconf 65' lang='grc' dir='ltr'>ἑαυτοὺς)</span> <span class='ocrx_word' id='word_1_231' title='bbox 1097 3198 1154 3252; x_wconf 83' lang='grc' dir='ltr'>δὲ</span> <span class='ocrx_word' id='word_1_232' title='bbox 1173 3199 1392 3271; x_wconf 76' lang='grc' dir='ltr'>μᾶλλον,</span> <span class='ocrx_word' id='word_1_233' title='bbox 1408 3197 1830 3269; x_wconf 73' lang='grc' dir='ltr'>ὑπομιμνῄσκω,</span> 
     </span>
    </p>
   </div>
   <div class='ocr_carea' id='block_1_34' title="bbox 1909 709 3486 782">
    <p class='ocr_par' dir='ltr' id='par_1_34' title="bbox 1909 709 3486 782">
     <span class='ocr_line' id='line_1_34' title="bbox 1909 709 3486 782; baseline -0.001 -16"><span class='ocrx_word' id='word_1_234' title='bbox 1909 712 2322 782; x_wconf 85' lang='lat' dir='ltr'><strong>inspirationem</strong></span> <span class='ocrx_word' id='word_1_235' title='bbox 2351 709 2622 767; x_wconf 79' lang='lat' dir='ltr'><strong>hauriant.</strong></span> <span class='ocrx_word' id='word_1_236' title='bbox 2649 712 2839 768; x_wconf 67' lang='lat' dir='ltr'><strong>Maesta</strong></span> <span class='ocrx_word' id='word_1_237' title='bbox 2881 713 3098 778; x_wconf 90' lang='lat' dir='ltr'><strong>domus,</strong></span> <span class='ocrx_word' id='word_1_238' title='bbox 3129 720 3187 765; x_wconf 92' lang='lat' dir='ltr'><strong>ut</strong></span> <span class='ocrx_word' id='word_1_239' title='bbox 3209 728 3369 781; x_wconf 90' lang='lat' dir='ltr'><strong>quam</strong></span> <span class='ocrx_word' id='word_1_240' title='bbox 3405 712 3486 767; x_wconf 90' lang='lat' dir='ltr'><strong>sol</strong></span> 
     </span>
    </p>
   </div>
   <div class='ocr_carea' id='block_1_35' title="bbox 1910 805 3455 860">
    <p class='ocr_par' dir='ltr' id='par_1_35' title="bbox 1910 805 3455 860">
     <span class='ocr_line' id='line_1_35' title="bbox 1910 805 3455 860; baseline 0 -2"><span class='ocrx_word' id='word_1_241' title='bbox 1910 805 2216 860; x_wconf 73' lang='lat' dir='ltr'><strong>deseruerit</strong></span> <span class='ocrx_word' id='word_1_242' title='bbox 2245 825 2257 860; x_wconf 89' lang='lat'><strong>:</strong></span> <span class='ocrx_word' id='word_1_243' title='bbox 2294 821 2395 860; x_wconf 86' lang='lat' dir='ltr'><strong>nec</strong></span> <span class='ocrx_word' id='word_1_244' title='bbox 2431 805 2573 860; x_wconf 93' lang='lat' dir='ltr'><strong>ullus</strong></span> <span class='ocrx_word' id='word_1_245' title='bbox 2599 821 2737 860; x_wconf 90' lang='lat' dir='ltr'><strong>sono</strong></span> <span class='ocrx_word' id='word_1_246' title='bbox 2776 806 2977 860; x_wconf 78' lang='lat' dir='ltr'><strong>mulcet</strong></span> <span class='ocrx_word' id='word_1_247' title='bbox 3009 812 3133 859; x_wconf 89' lang='lat' dir='ltr'><strong>tuas</strong></span> <span class='ocrx_word' id='word_1_248' title='bbox 3159 814 3253 859; x_wconf 90' lang='lat' dir='ltr'><strong>aut</strong></span> <span class='ocrx_word' id='word_1_249' title='bbox 3282 805 3455 859; x_wconf 86' lang='lat' dir='ltr'><strong>libero</strong></span> 
     </span>
    </p>
   </div>
   <div class='ocr_carea' id='block_1_36' title="bbox 1912 897 3488 965">
    <p class='ocr_par' dir='ltr' id='par_1_36' title="bbox 1912 897 3488 965">
     <span class='ocr_line' id='line_1_36' title="bbox 1912 897 3488 965; baseline -0.001 -13"><span class='ocrx_word' id='word_1_250' title='bbox 1912 915 2030 953; x_wconf 90' lang='lat' dir='ltr'><strong>rum</strong></span> <span class='ocrx_word' id='word_1_251' title='bbox 2054 899 2469 954; x_wconf 88' lang='lat' dir='ltr'><strong>subditorumve</strong></span> <span class='ocrx_word' id='word_1_252' title='bbox 2494 899 2741 953; x_wconf 90' lang='lat' dir='ltr'><strong>omnium</strong></span> <span class='ocrx_word' id='word_1_253' title='bbox 2763 914 2947 961; x_wconf 84' lang='lat' dir='ltr'><strong>aures,</strong></span> <span class='ocrx_word' id='word_1_254' title='bbox 2966 899 3190 953; x_wconf 87' lang='lat' dir='ltr'><strong>absente</strong></span> <span class='ocrx_word' id='word_1_255' title='bbox 3222 899 3310 951; x_wconf 87' lang='lat' dir='ltr'><strong>illa</strong></span> <span class='ocrx_word' id='word_1_256' title='bbox 3329 897 3488 965; x_wconf 84' lang='lat' dir='ltr'><strong>cujus</strong></span> 
     </span>
    </p>
   </div>
   <div class='ocr_carea' id='block_1_37' title="bbox 1913 991 3490 1061">
    <p class='ocr_par' dir='ltr' id='par_1_37' title="bbox 1913 991 3490 1061">
     <span class='ocr_line' id='line_1_37' title="bbox 1913 991 3490 1061; baseline -0.001 -16"><span class='ocrx_word' id='word_1_257' title='bbox 1913 1008 2019 1046; x_wconf 82' lang='lat' dir='ltr'><strong>vox</strong></span> <span class='ocrx_word' id='word_1_258' title='bbox 2057 1006 2183 1046; x_wconf 92' lang='lat' dir='ltr'><strong>vere</strong></span> <span class='ocrx_word' id='word_1_259' title='bbox 2227 991 2516 1060; x_wconf 64' lang='lat' dir='ltr'><strong>praeclara,</strong></span> <span class='ocrx_word' id='word_1_260' title='bbox 2569 1000 2623 1044; x_wconf 91' lang='lat' dir='ltr'><strong>et</strong></span> <span class='ocrx_word' id='word_1_261' title='bbox 2681 1007 2803 1061; x_wconf 67' lang='lat' dir='ltr'><strong>qua:</strong></span> <span class='ocrx_word' id='word_1_262' title='bbox 2840 992 3127 1046; x_wconf 82' lang='lat' dir='ltr'><strong>audientes</strong></span> <span class='ocrx_word' id='word_1_263' title='bbox 3184 991 3490 1045; x_wconf 83' lang='lat' dir='ltr'><strong>oblectabat</strong></span> 
     </span>
    </p>
   </div>
   <div class='ocr_carea' id='block_1_38' title="bbox 1912 1082 3489 1152">
    <p class='ocr_par' dir='ltr' id='par_1_38' title="bbox 1912 1082 3489 1152">
     <span class='ocr_line' id='line_1_38' title="bbox 1912 1082 3489 1152; baseline -0.002 -13"><span class='ocrx_word' id='word_1_264' title='bbox 1912 1083 2182 1139; x_wconf 91' lang='lat' dir='ltr'><strong>concinno</strong></span> <span class='ocrx_word' id='word_1_265' title='bbox 2220 1097 2450 1152; x_wconf 86' lang='lat' dir='ltr'><strong>prorsus</strong></span> <span class='ocrx_word' id='word_1_266' title='bbox 2487 1082 2707 1151; x_wconf 89' lang='lat' dir='ltr'><strong>eloquio</strong></span> <span class='ocrx_word' id='word_1_267' title='bbox 2767 1090 2821 1136; x_wconf 86' lang='lat' dir='ltr'><strong>et</strong></span> <span class='ocrx_word' id='word_1_268' title='bbox 2866 1098 3120 1137; x_wconf 91' lang='lat' dir='ltr'><strong>occursu.</strong></span> <span class='ocrx_word' id='word_1_269' title='bbox 3181 1082 3489 1136; x_wconf 83' lang='lat' dir='ltr'><strong>Miseranda</strong></span> 
     </span>
    </p>
   </div>
   <div class='ocr_carea' id='block_1_39' title="bbox 1913 1175 3492 1247">
    <p class='ocr_par' dir='ltr' id='par_1_39' title="bbox 1913 1175 3492 1247">
     <span class='ocr_line' id='line_1_39' title="bbox 1913 1175 3492 1247; baseline -0.003 -15"><span class='ocrx_word' id='word_1_270' title='bbox 1913 1177 2137 1232; x_wconf 83' lang='lat' dir='ltr'><strong>omnino</strong></span> <span class='ocrx_word' id='word_1_271' title='bbox 2182 1178 2299 1232; x_wconf 57' lang='lat' dir='ltr'><strong>hate</strong></span> <span class='ocrx_word' id='word_1_272' title='bbox 2325 1177 2533 1241; x_wconf 83' lang='lat' dir='ltr'><strong>omnia,</strong></span> <span class='ocrx_word' id='word_1_273' title='bbox 2560 1185 2616 1230; x_wconf 90' lang='lat' dir='ltr'><strong>et</strong></span> <span class='ocrx_word' id='word_1_274' title='bbox 2646 1175 3051 1247; x_wconf 81' lang='lat' dir='ltr'><strong>ingemiscenda</strong></span> <span class='ocrx_word' id='word_1_275' title='bbox 3076 1217 3092 1242; x_wconf 93' lang='lat'><strong>,</strong></span> <span class='ocrx_word' id='word_1_276' title='bbox 3138 1191 3234 1231; x_wconf 91' lang='lat' dir='ltr'><strong>seu</strong></span> <span class='ocrx_word' id='word_1_277' title='bbox 3263 1175 3492 1243; x_wconf 87' lang='lat' dir='ltr'><strong>Iigurale</strong></span> 
     </span>
    </p>
   </div>
   <div class='ocr_carea' id='block_1_40' title="bbox 1913 1269 2687 1338">
    <p class='ocr_par' dir='ltr' id='par_1_40' title="bbox 1913 1269 2687 1338">
     <span class='ocr_line' id='line_1_40' title="bbox 1913 1269 2687 1338; baseline -0.005 -13"><span class='ocrx_word' id='word_1_278' title='bbox 1913 1272 2188 1335; x_wconf 88' lang='lat' dir='ltr'><strong>dicantur,</strong></span> <span class='ocrx_word' id='word_1_279' title='bbox 2215 1285 2312 1325; x_wconf 88' lang='lat' dir='ltr'><strong>seu</strong></span> <span class='ocrx_word' id='word_1_280' title='bbox 2353 1269 2687 1338; x_wconf 82' lang='lat' dir='ltr'><strong>cogitentur.</strong></span> 
     </span>
    </p>
   </div>
   <div class='ocr_carea' id='block_1_41' title="bbox 1990 1432 3492 1518">
    <p class='ocr_par' dir='ltr' id='par_1_41' title="bbox 1990 1432 3492 1518">
     <span class='ocr_line' id='line_1_41' title="bbox 1990 1432 3492 1518; baseline -0.005 -14"><span class='ocrx_word' id='word_1_281' title='bbox 1990 1449 2096 1504; x_wconf 86' lang='lat' dir='ltr'><strong>Sed</strong></span> <span class='ocrx_word' id='word_1_282' title='bbox 2126 1432 2256 1518; x_wconf 83' lang='lat' dir='ltr'><strong>quid</strong></span> <span class='ocrx_word' id='word_1_283' title='bbox 2288 1447 2523 1517; x_wconf 87' lang='lat' dir='ltr'><strong>agimus,</strong></span> <span class='ocrx_word' id='word_1_284' title='bbox 2552 1444 2817 1499; x_wconf 90' lang='lat' dir='ltr'><strong>domine?</strong></span> <span class='ocrx_word' id='word_1_285' title='bbox 2852 1442 2947 1497; x_wconf 89' lang='lat' dir='ltr'><strong>Dei</strong></span> <span class='ocrx_word' id='word_1_286' title='bbox 3000 1453 3084 1498; x_wconf 90' lang='lat' dir='ltr'><strong>est</strong></span> <span class='ocrx_word' id='word_1_287' title='bbox 3139 1450 3492 1512; x_wconf 77' lang='lat' dir='ltr'><strong>praeceptum,</strong></span> 
     </span>
    </p>
   </div>
   <div class='ocr_carea' id='block_1_42' title="bbox 1918 1536 3491 1615">
    <p class='ocr_par' dir='ltr' id='par_1_42' title="bbox 1918 1536 3491 1615">
     <span class='ocr_line' id='line_1_42' title="bbox 1918 1536 3491 1615; baseline -0.008 -15"><span class='ocrx_word' id='word_1_288' title='bbox 1918 1555 2012 1601; x_wconf 86' lang='lat' dir='ltr'><strong>aut</strong></span> <span class='ocrx_word' id='word_1_289' title='bbox 2044 1544 2228 1615; x_wconf 77' lang='lat' dir='ltr'><strong>potius</strong></span> <span class='ocrx_word' id='word_1_290' title='bbox 2277 1541 2566 1603; x_wconf 85' lang='lat' dir='ltr'><strong>sententia,</strong></span> <span class='ocrx_word' id='word_1_291' title='bbox 2627 1556 2725 1609; x_wconf 87' lang='lat' dir='ltr'><strong>per</strong></span> <span class='ocrx_word' id='word_1_292' title='bbox 2767 1539 3011 1593; x_wconf 90' lang='lat' dir='ltr'><strong>divinum</strong></span> <span class='ocrx_word' id='word_1_293' title='bbox 3067 1552 3287 1607; x_wconf 87' lang='lat' dir='ltr'><strong>quoque</strong></span> <span class='ocrx_word' id='word_1_294' title='bbox 3325 1536 3491 1589; x_wconf 85' lang='lat' dir='ltr'><strong>David</strong></span> 
     </span>
    </p>
   </div>
   <div class='ocr_carea' id='block_1_43' title="bbox 1916 1628 3495 1702">
    <p class='ocr_par' dir='ltr' id='par_1_43' title="bbox 1916 1628 3495 1702">
     <span class='ocr_line' id='line_1_43' title="bbox 1916 1628 3495 1702; baseline -0.008 -10"><span class='ocrx_word' id='word_1_295' title='bbox 1916 1640 2241 1694; x_wconf 84' lang='lat' dir='ltr'><strong>decantata:</strong></span> <span class='ocrx_word' id='word_1_296' title='bbox 2277 1633 2399 1687; x_wconf 86' lang='lat' dir='ltr'><strong>Non</strong></span> <span class='ocrx_word' id='word_1_297' title='bbox 2432 1642 2507 1687; x_wconf 86' lang='lat' dir='ltr'><strong>est</strong></span> <span class='ocrx_word' id='word_1_298' title='bbox 2538 1632 2692 1685; x_wconf 84' lang='lat' dir='ltr'><strong>homo</strong></span> <span class='ocrx_word' id='word_1_299' title='bbox 2742 1632 2831 1702; x_wconf 94' lang='lat' dir='ltr'><strong>qui</strong></span> <span class='ocrx_word' id='word_1_300' title='bbox 2869 1632 3017 1693; x_wconf 74' lang='lat' dir='ltr'><strong>tinet,</strong></span> <span class='ocrx_word' id='word_1_301' title='bbox 3059 1639 3108 1683; x_wconf 88' lang='lat' dir='ltr'><strong>et</strong></span> <span class='ocrx_word' id='word_1_302' title='bbox 3158 1646 3258 1681; x_wconf 85' lang='lat' dir='ltr'><strong>non</strong></span> <span class='ocrx_word' id='word_1_303' title='bbox 3302 1628 3495 1682; x_wconf 80' lang='lat' dir='ltr'><strong>videbit</strong></span> 
     </span>
    </p>
   </div>
   <div class='ocr_carea' id='block_1_44' title="bbox 1920 1723 3496 1797">
    <p class='ocr_par' dir='ltr' id='par_1_44' title="bbox 1920 1723 3496 1797">
     <span class='ocr_line' id='line_1_44' title="bbox 1920 1723 3496 1797; baseline -0.007 -11"><span class='ocrx_word' id='word_1_304' title='bbox 1920 1744 2141 1786; x_wconf 85' lang='lat' dir='ltr'><strong>mortem</strong></span> <span class='ocrx_word' id='word_1_305' title='bbox 2170 1729 2236 1785; x_wconf 81' lang='grc'>⁸⁸.</span> <span class='ocrx_word' id='word_1_306' title='bbox 2304 1727 2396 1783; x_wconf 89' lang='lat' dir='ltr'><strong>Sic</strong></span> <span class='ocrx_word' id='word_1_307' title='bbox 2444 1727 2756 1797; x_wconf 87' lang='lat' dir='ltr'><strong>quicunque</strong></span> <span class='ocrx_word' id='word_1_308' title='bbox 2815 1725 2883 1778; x_wconf 88' lang='lat' dir='ltr'><strong>ab</strong></span> <span class='ocrx_word' id='word_1_309' title='bbox 2925 1724 3094 1777; x_wconf 84' lang='lat' dir='ltr'><strong>Adam</strong></span> <span class='ocrx_word' id='word_1_310' title='bbox 3147 1723 3496 1793; x_wconf 79' lang='lat' dir='ltr'><strong>progenitore</strong></span> 
     </span>
    </p>
   </div>
   <div class='ocr_carea' id='block_1_45' title="bbox 1921 1816 3494 1889">
    <p class='ocr_par' dir='ltr' id='par_1_45' title="bbox 1921 1816 3494 1889">
     <span class='ocr_line' id='line_1_45' title="bbox 1921 1816 3494 1889; baseline -0.008 -9"><span class='ocrx_word' id='word_1_311' title='bbox 1921 1834 2111 1880; x_wconf 87' lang='lat' dir='ltr'><strong>nostro</strong></span> <span class='ocrx_word' id='word_1_312' title='bbox 2144 1825 2208 1878; x_wconf 90' lang='lat' dir='ltr'><strong>ad</strong></span> <span class='ocrx_word' id='word_1_313' title='bbox 2246 1823 2387 1877; x_wconf 88' lang='lat' dir='ltr'><strong>hanc</strong></span> <span class='ocrx_word' id='word_1_314' title='bbox 2420 1836 2594 1889; x_wconf 88' lang='lat' dir='ltr'><strong>usque</strong></span> <span class='ocrx_word' id='word_1_315' title='bbox 2635 1820 2800 1879; x_wconf 91' lang='lat' dir='ltr'><strong>diem,</strong></span> <span class='ocrx_word' id='word_1_316' title='bbox 2841 1816 3117 1873; x_wconf 86' lang='lat' dir='ltr'><strong>nascendo</strong></span> <span class='ocrx_word' id='word_1_317' title='bbox 3148 1816 3200 1870; x_wconf 91' lang='lat' dir='ltr'><strong>in</strong></span> <span class='ocrx_word' id='word_1_318' title='bbox 3229 1816 3494 1871; x_wconf 89' lang='lat' dir='ltr'><strong>mundum</strong></span> 
     </span>
    </p>
   </div>
   <div class='ocr_carea' id='block_1_46' title="bbox 1921 1908 3495 1985">
    <p class='ocr_par' dir='ltr' id='par_1_46' title="bbox 1921 1908 3495 1985">
     <span class='ocr_line' id='line_1_46' title="bbox 1921 1908 3495 1985; baseline -0.007 -14"><span class='ocrx_word' id='word_1_319' title='bbox 1921 1916 2246 1985; x_wconf 88' lang='lat' dir='ltr'><strong>ingreditur,</strong></span> <span class='ocrx_word' id='word_1_320' title='bbox 2275 1929 2468 1969; x_wconf 88' lang='lat' dir='ltr'><strong>rursus</strong></span> <span class='ocrx_word' id='word_1_321' title='bbox 2502 1928 2597 1982; x_wconf 93' lang='lat' dir='ltr'><strong>per</strong></span> <span class='ocrx_word' id='word_1_322' title='bbox 2624 1910 2900 1966; x_wconf 90' lang='lat' dir='ltr'><strong>interitum</strong></span> <span class='ocrx_word' id='word_1_323' title='bbox 2926 1910 3120 1979; x_wconf 83' lang='lat' dir='ltr'><strong>migrat</strong></span> <span class='ocrx_word' id='word_1_324' title='bbox 3143 1908 3195 1963; x_wconf 92' lang='lat' dir='ltr'><strong>in</strong></span> <span class='ocrx_word' id='word_1_325' title='bbox 3229 1908 3495 1962; x_wconf 90' lang='lat' dir='ltr'><strong>mundum</strong></span> 
     </span>
    </p>
   </div>
   <div class='ocr_carea' id='block_1_47' title="bbox 1924 1998 3499 2073">
    <p class='ocr_par' dir='ltr' id='par_1_47' title="bbox 1924 1998 3499 2073">
     <span class='ocr_line' id='line_1_47' title="bbox 1924 1998 3499 2073; baseline -0.008 -9"><span class='ocrx_word' id='word_1_326' title='bbox 1924 2010 2075 2064; x_wconf 90' lang='lat' dir='ltr'><strong>illum</strong></span> <span class='ocrx_word' id='word_1_327' title='bbox 2106 2016 2160 2063; x_wconf 90' lang='lat' dir='ltr'><strong>et</strong></span> <span class='ocrx_word' id='word_1_328' title='bbox 2200 2006 2583 2061; x_wconf 88' lang='lat' dir='ltr'><strong>sublimiorem</strong></span> <span class='ocrx_word' id='word_1_329' title='bbox 2616 2013 2669 2058; x_wconf 91' lang='lat' dir='ltr'><strong>et</strong></span> <span class='ocrx_word' id='word_1_330' title='bbox 2699 2002 3151 2073; x_wconf 62' lang='lat' dir='ltr'><strong>praastautiorem.</strong></span> <span class='ocrx_word' id='word_1_331' title='bbox 3192 1998 3499 2055; x_wconf 86' lang='lat' dir='ltr'><strong>Seminatur</strong></span> 
     </span>
    </p>
   </div>
   <div class='ocr_carea' id='block_1_48' title="bbox 1921 2092 3498 2166">
    <p class='ocr_par' dir='ltr' id='par_1_48' title="bbox 1921 2092 3498 2166">
     <span class='ocr_line' id='line_1_48' title="bbox 1921 2092 3498 2166; baseline -0.005 -13"><span class='ocrx_word' id='word_1_332' title='bbox 1921 2101 2083 2161; x_wconf 90' lang='lat' dir='ltr'><strong>enim,</strong></span> <span class='ocrx_word' id='word_1_333' title='bbox 2125 2099 2234 2163; x_wconf 87' lang='lat' dir='ltr'><strong>ait,</strong></span> <span class='ocrx_word' id='word_1_334' title='bbox 2292 2098 2349 2150; x_wconf 86' lang='lat' dir='ltr'><strong>in</strong></span> <span class='ocrx_word' id='word_1_335' title='bbox 2387 2097 2739 2166; x_wconf 80' lang='lat' dir='ltr'><strong>corruptione,</strong></span> <span class='ocrx_word' id='word_1_336' title='bbox 2778 2093 2947 2163; x_wconf 80' lang='lat' dir='ltr'><strong>surgit</strong></span> <span class='ocrx_word' id='word_1_337' title='bbox 2981 2094 3035 2145; x_wconf 87' lang='lat' dir='ltr'><strong>in</strong></span> <span class='ocrx_word' id='word_1_338' title='bbox 3060 2092 3498 2159; x_wconf 82' lang='lat' dir='ltr'><strong>incorruptione:</strong></span> 
     </span>
    </p>
   </div>
   <div class='ocr_carea' id='block_1_49' title="bbox 1923 2186 3498 2261">
    <p class='ocr_par' dir='ltr' id='par_1_49' title="bbox 1923 2186 3498 2261">
     <span class='ocr_line' id='line_1_49' title="bbox 1923 2186 3498 2261; baseline -0.007 -14"><span class='ocrx_word' id='word_1_339' title='bbox 1923 2195 2220 2248; x_wconf 77' lang='lat' dir='ltr'><strong>seminatur</strong></span> <span class='ocrx_word' id='word_1_340' title='bbox 2243 2193 2297 2245; x_wconf 84' lang='lat' dir='ltr'><strong>in</strong></span> <span class='ocrx_word' id='word_1_341' title='bbox 2337 2190 2691 2261; x_wconf 87' lang='lat' dir='ltr'><strong>ignobilitate,</strong></span> <span class='ocrx_word' id='word_1_342' title='bbox 2723 2189 2890 2258; x_wconf 84' lang='lat' dir='ltr'><strong>surgit</strong></span> <span class='ocrx_word' id='word_1_343' title='bbox 2926 2188 2981 2240; x_wconf 86' lang='lat' dir='ltr'><strong>in</strong></span> <span class='ocrx_word' id='word_1_344' title='bbox 3011 2186 3184 2256; x_wconf 83' lang='lat' dir='ltr'><strong>gloria</strong></span> <span class='ocrx_word' id='word_1_345' title='bbox 3217 2203 3234 2240; x_wconf 91' lang='lat'><em>:</em></span> <span class='ocrx_word' id='word_1_346' title='bbox 3265 2186 3498 2239; x_wconf 83' lang='lat' dir='ltr'><strong>semina-</strong></span> 
     </span>
    </p>
   </div>
   <div class='ocr_carea' id='block_1_50' title="bbox 1925 2271 3501 2353">
    <p class='ocr_par' dir='ltr' id='par_1_50' title="bbox 1925 2271 3501 2353">
     <span class='ocr_line' id='line_1_50' title="bbox 1925 2271 3501 2353; baseline -0.008 -15"><span class='ocrx_word' id='word_1_347' title='bbox 1925 2296 2011 2339; x_wconf 88' lang='lat' dir='ltr'><strong>tur</strong></span> <span class='ocrx_word' id='word_1_348' title='bbox 2041 2300 2229 2353; x_wconf 87' lang='lat' dir='ltr'><strong>corpus</strong></span> <span class='ocrx_word' id='word_1_349' title='bbox 2256 2280 2509 2346; x_wconf 84' lang='lat' dir='ltr'><strong>animale,</strong></span> <span class='ocrx_word' id='word_1_350' title='bbox 2550 2278 2719 2349; x_wconf 84' lang='lat' dir='ltr'><strong>surgit</strong></span> <span class='ocrx_word' id='word_1_351' title='bbox 2757 2293 2943 2347; x_wconf 81' lang='lat' dir='ltr'><strong>corpus</strong></span> <span class='ocrx_word' id='word_1_352' title='bbox 2972 2274 3251 2344; x_wconf 82' lang='lat' dir='ltr'><strong>spirituale</strong></span> <span class='ocrx_word' id='word_1_353' title='bbox 3278 2274 3343 2324; x_wconf 74' lang='lat'><strong>“.</strong></span> <span class='ocrx_word' id='word_1_354' title='bbox 3394 2271 3501 2326; x_wconf 88' lang='lat' dir='ltr'><strong>Pa-</strong></span> 
     </span>
    </p>
   </div>
   <div class='ocr_carea' id='block_1_51' title="bbox 1923 2366 3500 2447">
    <p class='ocr_par' dir='ltr' id='par_1_51' title="bbox 1923 2366 3500 2447">
     <span class='ocr_line' id='line_1_51' title="bbox 1923 2366 3500 2447; baseline -0.01 -12"><span class='ocrx_word' id='word_1_355' title='bbox 1923 2395 2011 2435; x_wconf 85' lang='lat' dir='ltr'><strong>res</strong></span> <span class='ocrx_word' id='word_1_356' title='bbox 2045 2378 2191 2433; x_wconf 90' lang='lat' dir='ltr'><strong>enim</strong></span> <span class='ocrx_word' id='word_1_357' title='bbox 2246 2376 2458 2447; x_wconf 78' lang='lat' dir='ltr'><strong>angelis</strong></span> <span class='ocrx_word' id='word_1_358' title='bbox 2487 2377 2727 2437; x_wconf 87' lang='lat' dir='ltr'><strong>erimus,</strong></span> <span class='ocrx_word' id='word_1_359' title='bbox 2784 2381 2839 2425; x_wconf 87' lang='lat' dir='ltr'><strong>et</strong></span> <span class='ocrx_word' id='word_1_360' title='bbox 2900 2370 2995 2424; x_wconf 83' lang='lat' dir='ltr'><strong>ﬁlii</strong></span> <span class='ocrx_word' id='word_1_361' title='bbox 3054 2366 3500 2431; x_wconf 84' lang='lat' dir='ltr'><strong>resurrectionis,</strong></span> 
     </span>
    </p>
   </div>
   <div class='ocr_carea' id='block_1_52' title="bbox 1924 2455 3501 2533">
    <p class='ocr_par' dir='ltr' id='par_1_52' title="bbox 1924 2455 3501 2533">
     <span class='ocr_line' id='line_1_52' title="bbox 1924 2455 3501 2533; baseline -0.01 -9"><span class='ocrx_word' id='word_1_362' title='bbox 1924 2486 2047 2525; x_wconf 92' lang='lat' dir='ltr'><strong>cum</strong></span> <span class='ocrx_word' id='word_1_363' title='bbox 2086 2469 2314 2523; x_wconf 84' lang='lat' dir='ltr'><strong>mortale</strong></span> <span class='ocrx_word' id='word_1_364' title='bbox 2354 2467 2460 2519; x_wconf 91' lang='lat' dir='ltr'><strong>hoc</strong></span> <span class='ocrx_word' id='word_1_365' title='bbox 2510 2463 2827 2533; x_wconf 86' lang='lat' dir='ltr'><strong>absorptum</strong></span> <span class='ocrx_word' id='word_1_366' title='bbox 2892 2459 3056 2515; x_wconf 80' lang='lat' dir='ltr'><strong>fuerit</strong></span> <span class='ocrx_word' id='word_1_367' title='bbox 3089 2476 3116 2512; x_wconf 90' lang='lat' dir='ltr'><strong>a</strong></span> <span class='ocrx_word' id='word_1_368' title='bbox 3150 2458 3283 2512; x_wconf 92' lang='lat' dir='ltr'><strong>vita.</strong></span> <span class='ocrx_word' id='word_1_369' title='bbox 3316 2455 3501 2521; x_wconf 81' lang='lat' dir='ltr'><strong>Vides,</strong></span> 
     </span>
    </p>
   </div>
   <div class='ocr_carea' id='block_1_53' title="bbox 1925 2549 3500 2630">
    <p class='ocr_par' dir='ltr' id='par_1_53' title="bbox 1925 2549 3500 2630">
     <span class='ocr_line' id='line_1_53' title="bbox 1925 2549 3500 2630; baseline -0.01 -13"><span class='ocrx_word' id='word_1_370' title='bbox 1925 2561 2182 2625; x_wconf 91' lang='lat' dir='ltr'><strong>domine,</strong></span> <span class='ocrx_word' id='word_1_371' title='bbox 2209 2561 2355 2630; x_wconf 85' lang='lat' dir='ltr'><strong>quod</strong></span> <span class='ocrx_word' id='word_1_372' title='bbox 2387 2558 2485 2614; x_wconf 89' lang='lat' dir='ltr'><strong>etsi</strong></span> <span class='ocrx_word' id='word_1_373' title='bbox 2529 2555 2750 2626; x_wconf 87' lang='lat' dir='ltr'><strong>reliquit</strong></span> <span class='ocrx_word' id='word_1_374' title='bbox 2789 2568 2891 2609; x_wconf 92' lang='lat' dir='ltr'><strong>nos</strong></span> <span class='ocrx_word' id='word_1_375' title='bbox 2923 2552 3167 2616; x_wconf 88' lang='lat' dir='ltr'><strong>domina,</strong></span> <span class='ocrx_word' id='word_1_376' title='bbox 3217 2551 3271 2603; x_wconf 92' lang='lat' dir='ltr'><strong>in</strong></span> <span class='ocrx_word' id='word_1_377' title='bbox 3321 2549 3500 2605; x_wconf 89' lang='lat' dir='ltr'><strong>lucem</strong></span> 
     </span>
    </p>
   </div>
   <div class='ocr_carea' id='block_1_54' title="bbox 1927 2644 3502 2715">
    <p class='ocr_par' dir='ltr' id='par_1_54' title="bbox 1927 2644 3502 2715">
     <span class='ocr_line' id='line_1_54' title="bbox 1927 2644 3502 2715; baseline -0.01 -4"><span class='ocrx_word' id='word_1_378' title='bbox 1927 2666 2106 2711; x_wconf 86' lang='lat' dir='ltr'><strong>tamen</strong></span> <span class='ocrx_word' id='word_1_379' title='bbox 2138 2653 2274 2709; x_wconf 88' lang='lat' dir='ltr'><strong>abiit</strong></span> <span class='ocrx_word' id='word_1_380' title='bbox 2296 2668 2362 2707; x_wconf 83' lang='lat' dir='ltr'><strong>ex</strong></span> <span class='ocrx_word' id='word_1_381' title='bbox 2394 2652 2654 2715; x_wconf 85' lang='lat' dir='ltr'><strong>tenebris,</strong></span> <span class='ocrx_word' id='word_1_382' title='bbox 2692 2656 2748 2703; x_wconf 88' lang='lat' dir='ltr'><strong>et</strong></span> <span class='ocrx_word' id='word_1_383' title='bbox 2777 2664 2843 2703; x_wconf 83' lang='lat' dir='ltr'><strong>ex</strong></span> <span class='ocrx_word' id='word_1_384' title='bbox 2872 2648 2981 2702; x_wconf 88' lang='lat' dir='ltr'><strong>vita</strong></span> <span class='ocrx_word' id='word_1_385' title='bbox 3024 2644 3241 2701; x_wconf 88' lang='lat' dir='ltr'><strong>mortali</strong></span> <span class='ocrx_word' id='word_1_386' title='bbox 3274 2644 3339 2699; x_wconf 86' lang='lat' dir='ltr'><strong>ad</strong></span> <span class='ocrx_word' id='word_1_387' title='bbox 3381 2658 3502 2697; x_wconf 88' lang='lat' dir='ltr'><strong>sor-</strong></span> 
     </span>
    </p>
   </div>
   <div class='ocr_carea' id='block_1_55' title="bbox 1929 2735 3503 2811">
    <p class='ocr_par' dir='ltr' id='par_1_55' title="bbox 1929 2735 3503 2811">
     <span class='ocr_line' id='line_1_55' title="bbox 1929 2735 3503 2811; baseline -0.011 -5"><span class='ocrx_word' id='word_1_388' title='bbox 1929 2761 2035 2806; x_wconf 89' lang='lat' dir='ltr'><strong>tem</strong></span> <span class='ocrx_word' id='word_1_389' title='bbox 2067 2745 2482 2803; x_wconf 84' lang='lat' dir='ltr'><strong>immortalem?</strong></span> <span class='ocrx_word' id='word_1_390' title='bbox 2511 2744 2588 2797; x_wconf 88' lang='lat' dir='ltr'><strong>lhi</strong></span> <span class='ocrx_word' id='word_1_391' title='bbox 2616 2742 2763 2796; x_wconf 87' lang='lat' dir='ltr'><strong>illam</strong></span> <span class='ocrx_word' id='word_1_392' title='bbox 2798 2740 3147 2811; x_wconf 91' lang='lat' dir='ltr'><strong>postmodum</strong></span> <span class='ocrx_word' id='word_1_393' title='bbox 3173 2735 3503 2806; x_wconf 78' lang='lat' dir='ltr'><strong>conspiries,</strong></span> 
     </span>
    </p>
   </div>
   <div class='ocr_carea' id='block_1_56' title="bbox 1928 2823 3505 2912">
    <p class='ocr_par' dir='ltr' id='par_1_56' title="bbox 1928 2823 3505 2912">
     <span class='ocr_line' id='line_1_56' title="bbox 1928 2823 3505 2912; baseline -0.011 -13"><span class='ocrx_word' id='word_1_394' title='bbox 1928 2843 2201 2912; x_wconf 85' lang='lat' dir='ltr'><strong>emigrans</strong></span> <span class='ocrx_word' id='word_1_395' title='bbox 2229 2848 2284 2895; x_wconf 90' lang='lat' dir='ltr'><strong>et</strong></span> <span class='ocrx_word' id='word_1_396' title='bbox 2306 2838 2444 2910; x_wconf 91' lang='lat' dir='ltr'><strong>ipse.</strong></span> <span class='ocrx_word' id='word_1_397' title='bbox 2471 2836 2651 2903; x_wconf 89' lang='lat' dir='ltr'><strong>Quare</strong></span> <span class='ocrx_word' id='word_1_398' title='bbox 2680 2851 2783 2889; x_wconf 88' lang='lat' dir='ltr'><strong>non</strong></span> <span class='ocrx_word' id='word_1_399' title='bbox 2832 2833 3208 2887; x_wconf 75' lang='lat' dir='ltr'><strong>contristamur</strong></span> <span class='ocrx_word' id='word_1_400' title='bbox 3238 2823 3505 2883; x_wconf 36' lang='lat' dir='ltr'><strong>sicut&#39;caz-</strong></span> 
     </span>
    </p>
   </div>
   <div class='ocr_carea' id='block_1_57' title="bbox 1931 2924 3508 3006">
    <p class='ocr_par' dir='ltr' id='par_1_57' title="bbox 1931 2924 3508 3006">
     <span class='ocr_line' id='line_1_57' title="bbox 1931 2924 3508 3006; baseline -0.011 -16"><span class='ocrx_word' id='word_1_401' title='bbox 1931 2937 2031 2991; x_wconf 86' lang='lat' dir='ltr'><strong>teri</strong></span> <span class='ocrx_word' id='word_1_402' title='bbox 2064 2936 2154 3006; x_wconf 88' lang='lat' dir='ltr'><strong>qui</strong></span> <span class='ocrx_word' id='word_1_403' title='bbox 2199 2950 2342 3004; x_wconf 75' lang='lat' dir='ltr'><strong>spem</strong></span> <span class='ocrx_word' id='word_1_404' title='bbox 2390 2948 2495 2985; x_wconf 88' lang='lat' dir='ltr'><strong>non</strong></span> <span class='ocrx_word' id='word_1_405' title='bbox 2548 2929 2738 2983; x_wconf 77' lang='lat' dir='ltr'><strong>habent</strong></span> <span class='ocrx_word' id='word_1_406' title='bbox 2769 2930 2854 2994; x_wconf 63' lang='lat'><strong>5&#39;;</strong></span> <span class='ocrx_word' id='word_1_407' title='bbox 2901 2924 3023 2982; x_wconf 81' lang='lat' dir='ltr'><strong>eum</strong></span> <span class='ocrx_word' id='word_1_408' title='bbox 3070 2937 3354 2993; x_wconf 89' lang='lat' dir='ltr'><strong>speremus</strong></span> <span class='ocrx_word' id='word_1_409' title='bbox 3407 2935 3508 2991; x_wconf 88' lang='lat' dir='ltr'><strong>per</strong></span> 
     </span>
    </p>
   </div>
   <div class='ocr_carea' id='block_1_58' title="bbox 1931 3016 3509 3087">
    <p class='ocr_par' dir='ltr' id='par_1_58' title="bbox 1931 3016 3509 3087">
     <span class='ocr_line' id='line_1_58' title="bbox 1931 3016 3509 3087; baseline -0.012 -1"><span class='ocrx_word' id='word_1_410' title='bbox 1931 3028 2414 3087; x_wconf 85' lang='lat' dir='ltr'><strong>resurrectionem,</strong></span> <span class='ocrx_word' id='word_1_411' title='bbox 2473 3039 2571 3078; x_wconf 89' lang='lat' dir='ltr'><strong>nos</strong></span> <span class='ocrx_word' id='word_1_412' title='bbox 2601 3022 2654 3077; x_wconf 91' lang='lat' dir='ltr'><strong>in</strong></span> <span class='ocrx_word' id='word_1_413' title='bbox 2693 3021 2972 3075; x_wconf 88' lang='lat' dir='ltr'><strong>meliorem</strong></span> <span class='ocrx_word' id='word_1_414' title='bbox 3006 3027 3201 3074; x_wconf 87' lang='lat' dir='ltr'><strong>statum</strong></span> <span class='ocrx_word' id='word_1_415' title='bbox 3246 3016 3509 3087; x_wconf 85' lang='lat' dir='ltr'><strong>migratu-</strong></span> 
     </span>
    </p>
   </div>
   <div class='ocr_carea' id='block_1_59' title="bbox 1931 3109 3505 3180">
    <p class='ocr_par' dir='ltr' id='par_1_59' title="bbox 1931 3109 3505 3180">
     <span class='ocr_line' id='line_1_59' title="bbox 1931 3109 3505 3180; baseline -0.01 -3"><span class='ocrx_word' id='word_1_416' title='bbox 1931 3137 2024 3177; x_wconf 87' lang='lat' dir='ltr'><strong>ros</strong></span> <span class='ocrx_word' id='word_1_417' title='bbox 2064 3120 2182 3175; x_wconf 77' lang='lat' dir='ltr'><strong>vita:</strong></span> <span class='ocrx_word' id='word_1_418' title='bbox 2207 3118 2374 3173; x_wconf 89' lang='lat' dir='ltr'><strong>nullis</strong></span> <span class='ocrx_word' id='word_1_419' title='bbox 2398 3116 2556 3171; x_wconf 89' lang='lat' dir='ltr'><strong>malis</strong></span> <span class='ocrx_word' id='word_1_420' title='bbox 2603 3114 2873 3169; x_wconf 68' lang='lat' dir='ltr'><strong>obnoxiae.</strong></span> <span class='ocrx_word' id='word_1_421' title='bbox 2904 3113 3044 3179; x_wconf 88' lang='lat' dir='ltr'><strong>Quin</strong></span> <span class='ocrx_word' id='word_1_422' title='bbox 3073 3111 3139 3166; x_wconf 90' lang='lat' dir='ltr'><strong>ad</strong></span> <span class='ocrx_word' id='word_1_423' title='bbox 3173 3125 3274 3165; x_wconf 90' lang='lat' dir='ltr'><strong>nos</strong></span> <span class='ocrx_word' id='word_1_424' title='bbox 3302 3109 3505 3180; x_wconf 89' lang='lat' dir='ltr'><strong>potius,</strong></span> 
     </span>
    </p>
   </div>
   <div class='ocr_carea' id='block_1_60' title="bbox 1932 3203 3507 3278">
    <p class='ocr_par' dir='ltr' id='par_1_60' title="bbox 1932 3203 3507 3278">
     <span class='ocr_line' id='line_1_60' title="bbox 1932 3203 3507 3278; baseline -0.011 -7"><span class='ocrx_word' id='word_1_425' title='bbox 1932 3212 2479 3278; x_wconf 85' lang='lat' dir='ltr'><strong>suadeo,redeamus,</strong></span> <span class='ocrx_word' id='word_1_426' title='bbox 2503 3216 2557 3264; x_wconf 86' lang='lat' dir='ltr'><strong>et</strong></span> <span class='ocrx_word' id='word_1_427' title='bbox 2587 3209 2810 3263; x_wconf 92' lang='lat' dir='ltr'><strong>domum</strong></span> <span class='ocrx_word' id='word_1_428' title='bbox 2845 3216 3117 3269; x_wconf 86' lang='lat' dir='ltr'><strong>tueamur,</strong></span> <span class='ocrx_word' id='word_1_429' title='bbox 3138 3213 3191 3260; x_wconf 89' lang='lat' dir='ltr'><strong>et</strong></span> <span class='ocrx_word' id='word_1_430' title='bbox 3213 3203 3507 3258; x_wconf 86' lang='lat' dir='ltr'><strong>liberorum</strong></span> 
     </span>
    </p>
   </div>
   <div class='ocr_carea' id='block_1_61' title="bbox 242 3286 1826 3377">
    <p class='ocr_par' dir='ltr' id='par_1_61' title="bbox 242 3286 1826 3366">
     <span class='ocr_line' id='line_1_61' title="bbox 242 3286 1826 3366; baseline -0.005 -18"><span class='ocrx_word' id='word_1_431' title='bbox 242 3295 569 3366; x_wconf 83' lang='grc' dir='ltr'>γενώμεθα,</span> <span class='ocrx_word' id='word_1_432' title='bbox 625 3295 721 3348; x_wconf 73' lang='grc' dir='ltr'>καὶ</span> <span class='ocrx_word' id='word_1_433' title='bbox 774 3296 874 3364; x_wconf 79' lang='grc' dir='ltr'>τῆς</span> <span class='ocrx_word' id='word_1_434' title='bbox 911 3291 1089 3355; x_wconf 77' lang='grc' dir='ltr'>οἰκίας</span> <span class='ocrx_word' id='word_1_435' title='bbox 1125 3290 1520 3361; x_wconf 84' lang='grc' dir='ltr'>ἀντεχώμεθα,</span> <span class='ocrx_word' id='word_1_436' title='bbox 1563 3288 1660 3342; x_wconf 74' lang='grc' dir='ltr'>καὶ</span> <span class='ocrx_word' id='word_1_437' title='bbox 1720 3286 1826 3341; x_wconf 83' lang='grc' dir='ltr'><strong>τῶν</strong></span> 
     </span>
    </p>
   </div>
   <div class='ocr_carea' id='block_1_62' title="bbox 1932 3286 3511 3377">
    <p class='ocr_par' dir='ltr' id='par_1_62' title="bbox 1932 3296 3511 3377">
     <span class='ocr_line' id='line_1_62' title="bbox 1932 3296 3511 3377; baseline -0.01 -14"><span class='ocrx_word' id='word_1_438' title='bbox 1932 3322 2121 3363; x_wconf 89' lang='lat' dir='ltr'><strong>curam</strong></span> <span class='ocrx_word' id='word_1_439' title='bbox 2152 3319 2427 3377; x_wconf 80' lang='lat' dir='ltr'><strong>geramus,</strong></span> <span class='ocrx_word' id='word_1_440' title='bbox 2484 3312 2538 3359; x_wconf 88' lang='lat' dir='ltr'><strong>et</strong></span> <span class='ocrx_word' id='word_1_441' title='bbox 2571 3317 2679 3373; x_wconf 76' lang='lat' dir='ltr'><strong>pra:</strong></span> <span class='ocrx_word' id='word_1_442' title='bbox 2716 3300 2972 3356; x_wconf 89' lang='lat' dir='ltr'><strong>omnibus</strong></span> <span class='ocrx_word' id='word_1_443' title='bbox 3011 3298 3259 3369; x_wconf 77' lang='lat' dir='ltr'><strong>pretiosa:</strong></span> <span class='ocrx_word' id='word_1_444' title='bbox 3312 3296 3511 3349; x_wconf 67' lang='lat' dir='ltr'><strong>anima:</strong></span> 
     </span>
    </p>
   </div>
   <div class='ocr_carea' id='block_1_63' title="bbox 244 3380 1825 3457">
    <p class='ocr_par' dir='ltr' id='par_1_63' title="bbox 244 3380 1825 3457">
     <span class='ocr_line' id='line_1_63' title="bbox 244 3380 1825 3457; baseline -0.006 -15"><span class='ocrx_word' id='word_1_445' title='bbox 244 3388 456 3442; x_wconf 82' lang='grc' dir='ltr'>παίδων</span> <span class='ocrx_word' id='word_1_446' title='bbox 490 3387 889 3457; x_wconf 80' lang='grc' dir='ltr'>φροντίσωμεν,</span> <span class='ocrx_word' id='word_1_447' title='bbox 925 3384 1019 3438; x_wconf 74' lang='grc' dir='ltr'>καὶ</span> <span class='ocrx_word' id='word_1_448' title='bbox 1065 3385 1171 3457; x_wconf 83' lang='grc' dir='ltr'><strong>πρό</strong></span> <span class='ocrx_word' id='word_1_449' title='bbox 1222 3401 1285 3452; x_wconf 92' lang='grc' dir='ltr'><strong>γε</strong></span> <span class='ocrx_word' id='word_1_450' title='bbox 1334 3383 1571 3447; x_wconf 82' lang='grc' dir='ltr'>πάντων,</span> <span class='ocrx_word' id='word_1_451' title='bbox 1618 3381 1719 3451; x_wconf 84' lang='grc' dir='ltr'>τῆς</span> <span class='ocrx_word' id='word_1_452' title='bbox 1753 3380 1825 3434; x_wconf 81' lang='grc' dir='ltr'><strong>οἱ·</strong></span> 
     </span>
    </p>
   </div>
   <div class='ocr_carea' id='block_1_64' title="bbox 246 3475 1818 3550">
    <p class='ocr_par' dir='ltr' id='par_1_64' title="bbox 246 3475 1818 3550">
     <span class='ocr_line' id='line_1_64' title="bbox 246 3475 1818 3550; baseline -0.004 -17"><span class='ocrx_word' id='word_1_453' title='bbox 246 3480 405 3543; x_wconf 88' lang='grc' dir='ltr'>κείας</span> <span class='ocrx_word' id='word_1_454' title='bbox 454 3480 640 3549; x_wconf 91' lang='grc' dir='ltr'>τιμίας</span> <span class='ocrx_word' id='word_1_455' title='bbox 688 3478 898 3550; x_wconf 80' lang='grc' dir='ltr'>ψυχῆς,</span> <span class='ocrx_word' id='word_1_456' title='bbox 935 3479 1054 3532; x_wconf 86' lang='grc' dir='ltr'>κατ’</span> <span class='ocrx_word' id='word_1_457' title='bbox 1100 3476 1314 3547; x_wconf 78' lang='grc' dir='ltr'>ἐκείνην</span> <span class='ocrx_word' id='word_1_458' title='bbox 1360 3476 1459 3546; x_wconf 82' lang='grc' dir='ltr'><strong>τὴν</strong></span> <span class='ocrx_word' id='word_1_459' title='bbox 1517 3475 1818 3546; x_wconf 82' lang='grc' dir='ltr'>μακαρίαν,</span> 
     </span>
    </p>
   </div>
   <div class='ocr_carea' id='block_1_65' title="bbox 247 3570 1825 3645">
    <p class='ocr_par' dir='ltr' id='par_1_65' title="bbox 247 3570 1825 3645">
     <span class='ocr_line' id='line_1_65' title="bbox 247 3570 1825 3645; baseline -0.005 -16"><span class='ocrx_word' id='word_1_460' title='bbox 247 3576 473 3645; x_wconf 84' lang='grc' dir='ltr'>ἀρεταῖς</span> <span class='ocrx_word' id='word_1_461' title='bbox 502 3573 891 3644; x_wconf 81' lang='grc' dir='ltr'>κοσμούμενοι,</span> <span class='ocrx_word' id='word_1_462' title='bbox 916 3572 1011 3626; x_wconf 75' lang='grc' dir='ltr'><strong>καὶ</strong></span> <span class='ocrx_word' id='word_1_463' title='bbox 1038 3571 1213 3642; x_wconf 83' lang='grc' dir='ltr'>τούτῳ</span> <span class='ocrx_word' id='word_1_464' title='bbox 1239 3572 1546 3641; x_wconf 86' lang='grc' dir='ltr'>χαίροντες,</span> <span class='ocrx_word' id='word_1_465' title='bbox 1574 3570 1656 3623; x_wconf 86' lang='grc' dir='ltr'>ὅτι</span> <span class='ocrx_word' id='word_1_466' title='bbox 1684 3586 1825 3639; x_wconf 86' lang='grc' dir='ltr'>παρ-</span> 
     </span>
    </p>
   </div>
   <div class='ocr_carea' id='block_1_66' title="bbox 248 3659 1827 3734">
    <p class='ocr_par' dir='ltr' id='par_1_66' title="bbox 248 3659 1827 3734">
     <span class='ocr_line' id='line_1_66' title="bbox 248 3659 1827 3734; baseline -0.003 -18"><span class='ocrx_word' id='word_1_467' title='bbox 248 3663 578 3734; x_wconf 67' lang='grc' dir='ltr'>επέμψαμεν</span> <span class='ocrx_word' id='word_1_468' title='bbox 640 3660 906 3733; x_wconf 75' lang='grc' dir='ltr'>ὀμόζυγον</span> <span class='ocrx_word' id='word_1_469' title='bbox 949 3661 1157 3716; x_wconf 82' lang='grc' dir='ltr'>ἱκέτιδα</span> <span class='ocrx_word' id='word_1_470' title='bbox 1189 3664 1326 3732; x_wconf 81' lang='grc' dir='ltr'>πρὸς</span> <span class='ocrx_word' id='word_1_471' title='bbox 1356 3660 1509 3726; x_wconf 84' lang='grc' dir='ltr'>Θεὸν,</span> <span class='ocrx_word' id='word_1_472' title='bbox 1555 3659 1651 3713; x_wconf 72' lang='grc' dir='ltr'><strong>καὶ</strong></span> <span class='ocrx_word' id='word_1_473' title='bbox 1695 3659 1827 3713; x_wconf 81' lang='grc' dir='ltr'>ὑπό-</span> 
     </span>
    </p>
   </div>
   <div class='ocr_carea' id='block_1_67' title="bbox 248 3752 1824 3827">
    <p class='ocr_par' dir='ltr' id='par_1_67' title="bbox 248 3752 1824 3827">
     <span class='ocr_line' id='line_1_67' title="bbox 248 3752 1824 3827; baseline -0.004 -17"><span class='ocrx_word' id='word_1_474' title='bbox 248 3757 451 3827; x_wconf 83' lang='grc' dir='ltr'>δειγμα</span> <span class='ocrx_word' id='word_1_475' title='bbox 500 3755 665 3810; x_wconf 84' lang='grc' dir='ltr'>καλοῦ</span> <span class='ocrx_word' id='word_1_476' title='bbox 708 3754 848 3825; x_wconf 84' lang='grc' dir='ltr'>βίου,</span> <span class='ocrx_word' id='word_1_477' title='bbox 893 3756 1258 3825; x_wconf 85' lang='grc' dir='ltr'>ὲπαφήσασαν</span> <span class='ocrx_word' id='word_1_478' title='bbox 1298 3755 1431 3825; x_wconf 77' lang='grc' dir='ltr'>ἡμῖν</span> <span class='ocrx_word' id='word_1_479' title='bbox 1461 3769 1521 3805; x_wconf 83' lang='grc' dir='ltr'><strong>τε</strong></span> <span class='ocrx_word' id='word_1_480' title='bbox 1551 3752 1646 3805; x_wconf 74' lang='grc' dir='ltr'><strong>καὶ</strong></span> <span class='ocrx_word' id='word_1_481' title='bbox 1690 3753 1824 3804; x_wconf 82' lang='grc' dir='ltr'>πᾶσι</span> 
     </span>
    </p>
   </div>
   <div class='ocr_carea' id='block_1_68' title="bbox 249 3849 728 3920">
    <p class='ocr_par' dir='ltr' id='par_1_68' title="bbox 249 3849 728 3920">
     <span class='ocr_line' id='line_1_68' title="bbox 249 3849 728 3920; baseline 0 -17"><span class='ocrx_word' id='word_1_482' title='bbox 249 3851 367 3913; x_wconf 83' lang='grc' dir='ltr'>τοῖς</span> <span class='ocrx_word' id='word_1_483' title='bbox 406 3849 728 3920; x_wconf 85' lang='grc' dir='ltr'>γνωρίμοις.</span> 
     </span>
    </p>
   </div>
   <div class='ocr_carea' id='block_1_69' title="bbox 254 3960 1830 4104">
    <p class='ocr_par' dir='ltr' id='par_1_69' title="bbox 254 3960 1830 4104">
     <span class='ocr_line' id='line_1_69' title="bbox 254 3960 1830 4104; baseline -0.003 -85"><span class='ocrx_word' id='word_1_484' title='bbox 254 3962 419 4019; x_wconf 85' lang='lat' dir='ltr'><strong>PME&#39;</strong></span> <span class='ocrx_word' id='word_1_485' title='bbox 447 3964 580 4033; x_wconf 75' lang='lat'><strong>(&#39;56).</strong></span> <span class='ocrx_word' id='word_1_486' title='bbox 602 3993 673 4003; x_wconf 87' lang='lat'><strong>--</strong></span> <span class='ocrx_word' id='word_1_487' title='bbox 700 3962 778 4031; x_wconf 70' lang='grc' dir='ltr'><em>Τῇ</em></span> <span class='ocrx_word' id='word_1_488' title='bbox 842 3962 1300 4104; x_wconf 50' lang='grc' dir='ltr'>Τοινρᾷιὲἕῆίσσῃ</span> <span class='ocrx_word' id='word_1_489' title='bbox 1344 3961 1454 4030; x_wconf 83' lang='grc' dir='ltr'>τῆς</span> <span class='ocrx_word' id='word_1_490' title='bbox 1516 3960 1830 4028; x_wconf 73' lang='grc' dir='ltr'>Ἑλλάδος.</span> 
     </span>
    </p>
   </div>
   <div class='ocr_carea' id='block_1_70' title="bbox 1024 4041 1127 4086">
    <p class='ocr_par' dir='ltr' id='par_1_70' title="bbox 1024 4041 1127 4086">
     <span class='ocr_line' id='line_1_70' title="bbox 1024 4041 1127 4086; baseline 0 0"><span class='ocrx_word' id='word_1_491' title='bbox 1024 4041 1127 4086; x_wconf 63' lang='grc' dir='ltr'>κδ’.</span> 
     </span>
    </p>
   </div>
   <div class='ocr_carea' id='block_1_71' title="bbox 1934 3389 3507 3474">
    <p class='ocr_par' dir='ltr' id='par_1_71' title="bbox 1934 3389 3507 3474">
     <span class='ocr_line' id='line_1_71' title="bbox 1934 3389 3507 3474; baseline -0.01 -17"><span class='ocrx_word' id='word_1_492' title='bbox 1934 3402 2189 3474; x_wconf 65' lang='lat' dir='ltr'><strong>propriae,</strong></span> <span class='ocrx_word' id='word_1_493' title='bbox 2227 3398 2545 3461; x_wconf 83' lang='lat' dir='ltr'><strong>virtutibus,</strong></span> <span class='ocrx_word' id='word_1_494' title='bbox 2599 3396 2666 3451; x_wconf 90' lang='lat' dir='ltr'><strong>ad</strong></span> <span class='ocrx_word' id='word_1_495' title='bbox 2699 3396 2869 3450; x_wconf 71' lang='lat' dir='ltr'><strong>beatae</strong></span> <span class='ocrx_word' id='word_1_496' title='bbox 2903 3393 3048 3447; x_wconf 92' lang='lat' dir='ltr'><strong>illius</strong></span> <span class='ocrx_word' id='word_1_497' title='bbox 3078 3392 3273 3454; x_wconf 85' lang='lat' dir='ltr'><strong>instar,</strong></span> <span class='ocrx_word' id='word_1_498' title='bbox 3307 3389 3507 3450; x_wconf 78' lang='lat' dir='ltr'><strong>ornati,</strong></span> 
     </span>
    </p>
   </div>
   <div class='ocr_carea' id='block_1_72' title="bbox 1932 3479 3511 3557">
    <p class='ocr_par' dir='ltr' id='par_1_72' title="bbox 1932 3479 3511 3557">
     <span class='ocr_line' id='line_1_72' title="bbox 1932 3479 3511 3557; baseline -0.013 -7"><span class='ocrx_word' id='word_1_499' title='bbox 1932 3505 1988 3551; x_wconf 90' lang='lat' dir='ltr'><strong>et</strong></span> <span class='ocrx_word' id='word_1_500' title='bbox 2034 3494 2141 3548; x_wconf 90' lang='lat' dir='ltr'><strong>hoc</strong></span> <span class='ocrx_word' id='word_1_501' title='bbox 2172 3490 2396 3546; x_wconf 88' lang='lat' dir='ltr'><strong>nomine</strong></span> <span class='ocrx_word' id='word_1_502' title='bbox 2435 3488 2756 3557; x_wconf 74' lang='lat' dir='ltr'><strong>gaudentes,</strong></span> <span class='ocrx_word' id='word_1_503' title='bbox 2790 3484 2936 3554; x_wconf 89' lang='lat' dir='ltr'><strong>quod</strong></span> <span class='ocrx_word' id='word_1_504' title='bbox 2981 3498 3206 3537; x_wconf 83' lang='lat' dir='ltr'><strong>uxorem</strong></span> <span class='ocrx_word' id='word_1_505' title='bbox 3241 3479 3511 3551; x_wconf 74' lang='lat' dir='ltr'><strong>prtcmisi-</strong></span> 
     </span>
    </p>
   </div>
   <div class='ocr_carea' id='block_1_73' title="bbox 1933 3570 3513 3656">
    <p class='ocr_par' dir='ltr' id='par_1_73' title="bbox 1933 3570 3513 3656">
     <span class='ocr_line' id='line_1_73' title="bbox 1933 3570 3513 3656; baseline -0.011 -15"><span class='ocrx_word' id='word_1_506' title='bbox 1933 3601 2059 3640; x_wconf 85' lang='lat' dir='ltr'><strong>mus</strong></span> <span class='ocrx_word' id='word_1_507' title='bbox 2086 3599 2206 3656; x_wconf 68' lang='lat' dir='ltr'><strong>quae</strong></span> <span class='ocrx_word' id='word_1_508' title='bbox 2223 3582 2365 3652; x_wconf 89' lang='lat' dir='ltr'><strong>apud</strong></span> <span class='ocrx_word' id='word_1_509' title='bbox 2387 3580 2556 3636; x_wconf 88' lang='lat' dir='ltr'><strong>Deum</strong></span> <span class='ocrx_word' id='word_1_510' title='bbox 2586 3577 2871 3647; x_wconf 89' lang='lat' dir='ltr'><strong>supplicet,</strong></span> <span class='ocrx_word' id='word_1_511' title='bbox 2895 3583 3087 3641; x_wconf 84' lang='lat' dir='ltr'><strong>etquae</strong></span> <span class='ocrx_word' id='word_1_512' title='bbox 3102 3574 3224 3628; x_wconf 77' lang='lat' dir='ltr'><strong>vita:</strong></span> <span class='ocrx_word' id='word_1_513' title='bbox 3244 3570 3513 3641; x_wconf 61' lang='lat' dir='ltr'><strong>praeclarae</strong></span> 
     </span>
    </p>
   </div>
   <div class='ocr_carea' id='block_1_74' title="bbox 1934 3664 3227 3747">
    <p class='ocr_par' dir='ltr' id='par_1_74' title="bbox 1934 3664 3227 3747">
     <span class='ocr_line' id='line_1_74' title="bbox 1934 3664 3227 3747; baseline -0.011 -14"><span class='ocrx_word' id='word_1_514' title='bbox 1934 3675 2241 3747; x_wconf 84' lang='lat' dir='ltr'><strong>exemplum</strong></span> <span class='ocrx_word' id='word_1_515' title='bbox 2270 3673 2427 3729; x_wconf 90' lang='lat' dir='ltr'><strong>nobis</strong></span> <span class='ocrx_word' id='word_1_516' title='bbox 2450 3680 2503 3728; x_wconf 90' lang='lat' dir='ltr'><strong>et</strong></span> <span class='ocrx_word' id='word_1_517' title='bbox 2528 3672 2672 3726; x_wconf 88' lang='lat' dir='ltr'><strong>notis</strong></span> <span class='ocrx_word' id='word_1_518' title='bbox 2698 3669 2955 3724; x_wconf 87' lang='lat' dir='ltr'><strong>omnibus</strong></span> <span class='ocrx_word' id='word_1_519' title='bbox 2985 3664 3227 3735; x_wconf 86' lang='lat' dir='ltr'><strong>reliquit.</strong></span> 
     </span>
    </p>
   </div>
   <div class='ocr_carea' id='block_1_75' title="bbox 2221 3948 3230 4015">
    <p class='ocr_par' dir='ltr' id='par_1_75' title="bbox 2221 3948 3230 4015">
     <span class='ocr_line' id='line_1_75' title="bbox 2221 3948 3230 4015; baseline -0.013 0"><span class='ocrx_word' id='word_1_520' title='bbox 2221 3956 2426 4015; x_wconf 78' lang='lat' dir='ltr'><strong>CXLV.</strong></span> <span class='ocrx_word' id='word_1_521' title='bbox 2458 3988 2526 3997; x_wconf 94' lang='lat'><strong>—</strong></span> <span class='ocrx_word' id='word_1_522' title='bbox 2566 3952 2955 4008; x_wconf 76' lang='lat' dir='ltr'><strong>Turmaclu&#39;ssa:</strong></span> <span class='ocrx_word' id='word_1_523' title='bbox 2992 3948 3230 4002; x_wconf 54' lang='lat' dir='ltr'><strong>Graeciaa.</strong></span> 
     </span>
    </p>
   </div>
   <div class='ocr_carea' id='block_1_76' title="bbox 1249 4132 2530 4202">
    <p class='ocr_par' dir='ltr' id='par_1_76' title="bbox 1249 4132 2530 4202">
     <span class='ocr_line' id='line_1_76' title="bbox 1249 4132 2530 4202; baseline -0.012 -5"><span class='ocrx_word' id='word_1_524' title='bbox 1249 4146 1541 4199; x_wconf 87' lang='lat' dir='ltr'><strong>Consolatur</strong></span> <span class='ocrx_word' id='word_1_525' title='bbox 1558 4146 1622 4195; x_wconf 88' lang='lat' dir='ltr'><strong>de</strong></span> <span class='ocrx_word' id='word_1_526' title='bbox 1642 4150 1803 4195; x_wconf 88' lang='lat' dir='ltr'><strong>morte</strong></span> <span class='ocrx_word' id='word_1_527' title='bbox 1824 4142 1932 4202; x_wconf 79' lang='lat' dir='ltr'><strong>lilii,</strong></span> <span class='ocrx_word' id='word_1_528' title='bbox 1962 4142 2014 4193; x_wconf 87' lang='lat' dir='ltr'><strong>in</strong></span> <span class='ocrx_word' id='word_1_529' title='bbox 2040 4140 2179 4191; x_wconf 85' lang='lat' dir='ltr'><strong>bello</strong></span> <span class='ocrx_word' id='word_1_530' title='bbox 2197 4132 2530 4197; x_wconf 86' lang='lat' dir='ltr'><strong>.interempti.</strong></span> 
     </span>
    </p>
   </div>
   <div class='ocr_carea' id='block_1_77' title="bbox 329 4233 1826 4326">
    <p class='ocr_par' dir='ltr' id='par_1_77' title="bbox 329 4253 1826 4326">
     <span class='ocr_line' id='line_1_77' title="bbox 329 4253 1826 4326; baseline -0.002 -17"><span class='ocrx_word' id='word_1_531' title='bbox 329 4256 498 4309; x_wconf 82' lang='grc' dir='ltr'>Ὅσον</span> <span class='ocrx_word' id='word_1_532' title='bbox 565 4254 674 4309; x_wconf 79' lang='grc' dir='ltr'>ἀπὸ</span> <span class='ocrx_word' id='word_1_533' title='bbox 722 4254 881 4323; x_wconf 84' lang='grc' dir='ltr'>λόγου</span> <span class='ocrx_word' id='word_1_534' title='bbox 930 4253 1327 4325; x_wconf 75' lang='grc' dir='ltr'>ἀσυνοψίσεως,</span> <span class='ocrx_word' id='word_1_535' title='bbox 1371 4256 1472 4307; x_wconf 83' lang='grc' dir='ltr'><strong>οὐκ</strong></span> <span class='ocrx_word' id='word_1_536' title='bbox 1536 4254 1826 4326; x_wconf 65' lang='grc' dir='ltr'>ὲμέλλομει</span> 
     </span>
    </p>
   </div>
   <div class='ocr_carea' id='block_1_78' title="bbox 1932 4233 3515 4326">
    <p class='ocr_par' dir='ltr' id='par_1_78' title="bbox 2006 4233 3515 4304">
     <span class='ocr_line' id='line_1_78' title="bbox 2006 4233 3515 4304; baseline -0.013 0"><span class='ocrx_word' id='word_1_537' title='bbox 2006 4248 2122 4304; x_wconf 80' lang='lat' dir='ltr'><strong>Hoc</strong></span> <span class='ocrx_word' id='word_1_538' title='bbox 2155 4260 2243 4301; x_wconf 89' lang='lat' dir='ltr'><strong>me</strong></span> <span class='ocrx_word' id='word_1_539' title='bbox 2281 4243 2613 4300; x_wconf 83' lang='lat' dir='ltr'><strong>deteruisset</strong></span> <span class='ocrx_word' id='word_1_540' title='bbox 2639 4256 2670 4294; x_wconf 92' lang='lat' dir='ltr'><strong>a</strong></span> <span class='ocrx_word' id='word_1_541' title='bbox 2697 4236 2991 4295; x_wconf 87' lang='lat' dir='ltr'><strong>scribendo</strong></span> <span class='ocrx_word' id='word_1_542' title='bbox 3018 4233 3360 4291; x_wconf 61' lang='lat' dir='ltr'><strong>excellentiae</strong></span> <span class='ocrx_word' id='word_1_543' title='bbox 3384 4240 3515 4294; x_wconf 71' lang='lat' dir='ltr'><strong>tuae,</strong></span> 
     </span>
    </p>
   </div>
   <div class='ocr_carea' id='block_1_79' title="bbox 255 4324 1826 4421">
    <p class='ocr_par' dir='ltr' id='par_1_79' title="bbox 255 4324 1826 4421">
     <span class='ocr_line' id='line_1_79' title="bbox 255 4324 1826 4421; baseline -0.004 -15"><span class='ocrx_word' id='word_1_544' title='bbox 255 4350 597 4408; x_wconf 74' lang='grc' dir='ltr'>ἐπιστέλλειν</span> <span class='ocrx_word' id='word_1_545' title='bbox 645 4351 713 4421; x_wconf 75' lang='grc' dir='ltr'>τῇ</span> <span class='ocrx_word' id='word_1_546' title='bbox 764 4349 1041 4420; x_wconf 85' lang='grc' dir='ltr'>τιμιότητί</span> <span class='ocrx_word' id='word_1_547' title='bbox 1089 4366 1220 4410; x_wconf 88' lang='grc' dir='ltr'>σου.</span> <span class='ocrx_word' id='word_1_548' title='bbox 1271 4349 1542 4418; x_wconf 79' lang='grc' dir='ltr'>ἄγνωστοι</span> <span class='ocrx_word' id='word_1_549' title='bbox 1573 4324 1826 4419; x_wconf 68' lang='grc' dir='ltr'>αλλήλοις</span> 
     </span>
    </p>
   </div>
   <div class='ocr_carea' id='block_1_80' title="bbox 1932 4324 3518 4421">
    <p class='ocr_par' dir='ltr' id='par_1_80' title="bbox 1937 4324 3518 4411">
     <span class='ocr_line' id='line_1_80' title="bbox 1937 4324 3518 4411; baseline -0.012 -15"><span class='ocrx_word' id='word_1_550' title='bbox 1937 4339 2085 4411; x_wconf 91' lang='lat' dir='ltr'><strong>quod</strong></span> <span class='ocrx_word' id='word_1_551' title='bbox 2104 4338 2335 4394; x_wconf 85' lang='lat' dir='ltr'><strong>invicem</strong></span> <span class='ocrx_word' id='word_1_552' title='bbox 2356 4335 2527 4407; x_wconf 81' lang='lat' dir='ltr'><strong>ignoti</strong></span> <span class='ocrx_word' id='word_1_553' title='bbox 2558 4347 2734 4403; x_wconf 88' lang='lat' dir='ltr'><strong>neque</strong></span> <span class='ocrx_word' id='word_1_554' title='bbox 2755 4344 2993 4400; x_wconf 91' lang='lat' dir='ltr'><strong>unquam</strong></span> <span class='ocrx_word' id='word_1_555' title='bbox 3014 4324 3292 4397; x_wconf 83' lang='lat' dir='ltr'><strong>congressi</strong></span> <span class='ocrx_word' id='word_1_556' title='bbox 3322 4324 3518 4381; x_wconf 86' lang='lat' dir='ltr'><strong>simus.</strong></span> 
     </span>
    </p>
   </div>
   <div class='ocr_carea' id='block_1_81' title="bbox 256 4418 1826 4513">
    <p class='ocr_par' dir='ltr' id='par_1_81' title="bbox 256 4418 1826 4513">
     <span class='ocr_line' id='line_1_81' title="bbox 256 4418 1826 4513; baseline -0.004 -14"><span class='ocrx_word' id='word_1_557' title='bbox 256 4447 358 4499; x_wconf 70' lang='grc' dir='ltr'><strong>καὶ</strong></span> <span class='ocrx_word' id='word_1_558' title='bbox 393 4418 711 4513; x_wconf 61' lang='grc' dir='ltr'>ἀσυνήθεις.</span> <span class='ocrx_word' id='word_1_559' title='bbox 751 4418 891 4494; x_wconf 77' lang='grc' dir='ltr'>Ἀλλ’</span> <span class='ocrx_word' id='word_1_560' title='bbox 922 4418 1113 4512; x_wconf 73' lang='grc' dir='ltr'>ἐπειδὴ</span> <span class='ocrx_word' id='word_1_561' title='bbox 1140 4443 1206 4495; x_wconf 82' lang='grc' dir='ltr'>ὲκ</span> <span class='ocrx_word' id='word_1_562' title='bbox 1235 4441 1515 4511; x_wconf 79' lang='grc' dir='ltr'>θεοφιλοῦς</span> <span class='ocrx_word' id='word_1_563' title='bbox 1543 4418 1826 4512; x_wconf 83' lang='grc' dir='ltr'>προσώποι</span> 
     </span>
    </p>
   </div>
   <div class='ocr_carea' id='block_1_82' title="bbox 1932 4418 3541 4513">
    <p class='ocr_par' dir='ltr' id='par_1_82' title="bbox 1941 4418 3541 4502">
     <span class='ocr_line' id='line_1_82' title="bbox 1941 4418 3541 4502; baseline -0.013 -14"><span class='ocrx_word' id='word_1_564' title='bbox 1941 4432 2043 4487; x_wconf 89' lang='lat' dir='ltr'><strong>Sed</strong></span> <span class='ocrx_word' id='word_1_565' title='bbox 2074 4438 2363 4502; x_wconf 86' lang='lat' dir='ltr'><strong>postquam</strong></span> <span class='ocrx_word' id='word_1_566' title='bbox 2414 4442 2446 4480; x_wconf 91' lang='lat' dir='ltr'><strong>a</strong></span> <span class='ocrx_word' id='word_1_567' title='bbox 2499 4423 2750 4495; x_wconf 83' lang='lat' dir='ltr'><strong>religiosa</strong></span> <span class='ocrx_word' id='word_1_568' title='bbox 2785 4435 3019 4492; x_wconf 82' lang='lat' dir='ltr'><strong>persona</strong></span> <span class='ocrx_word' id='word_1_569' title='bbox 3055 4418 3321 4487; x_wconf 88' lang='lat' dir='ltr'><strong>nobisque</strong></span> <span class='ocrx_word' id='word_1_570' title='bbox 3364 4425 3541 4481; x_wconf 67' lang='lat' dir='ltr'><strong>nata;</strong></span> 
     </span>
    </p>
   </div>
   <div class='ocr_carea' id='block_1_83' title="bbox 258 4508 1826 4605">
    <p class='ocr_par' dir='ltr' id='par_1_83' title="bbox 258 4508 1826 4605">
     <span class='ocr_line' id='line_1_83' title="bbox 258 4508 1826 4605; baseline -0.003 -16"><span class='ocrx_word' id='word_1_571' title='bbox 258 4553 353 4589; x_wconf 83' lang='grc' dir='ltr'><strong>και</strong></span> <span class='ocrx_word' id='word_1_572' title='bbox 402 4508 746 4605; x_wconf 76' lang='grc' dir='ltr'>ἐγνωσμένου</span> <span class='ocrx_word' id='word_1_573' title='bbox 785 4535 943 4604; x_wconf 69' lang='grc' dir='ltr'>ἡμῖν,</span> <span class='ocrx_word' id='word_1_574' title='bbox 966 4508 1112 4599; x_wconf 80' lang='grc' dir='ltr'>λέγω</span> <span class='ocrx_word' id='word_1_575' title='bbox 1149 4532 1214 4603; x_wconf 85' lang='grc' dir='ltr'>δὴ</span> <span class='ocrx_word' id='word_1_576' title='bbox 1263 4508 1366 4601; x_wconf 81' lang='grc' dir='ltr'>τῆς</span> <span class='ocrx_word' id='word_1_577' title='bbox 1412 4508 1826 4602; x_wconf 73' lang='grc' dir='ltr'>ἀγχιστευούσης</span> 
     </span>
    </p>
   </div>
   <div class='ocr_carea' id='block_1_84' title="bbox 1932 4508 3522 4605">
    <p class='ocr_par' dir='ltr' id='par_1_84' title="bbox 1948 4508 3522 4599">
     <span class='ocr_line' id='line_1_84' title="bbox 1948 4508 3522 4599; baseline -0.013 -17"><span class='ocrx_word' id='word_1_578' title='bbox 1948 4522 2549 4599; x_wconf 84' lang='lat' dir='ltr'><strong>propinqua,&#39;inquam,</strong></span> <span class='ocrx_word' id='word_1_579' title='bbox 2573 4513 3008 4581; x_wconf 88' lang='lat' dir='ltr'><strong>tua,clarissima</strong></span> <span class='ocrx_word' id='word_1_580' title='bbox 3044 4510 3269 4581; x_wconf 87' lang='lat' dir='ltr'><strong>patricia</strong></span> <span class='ocrx_word' id='word_1_581' title='bbox 3300 4551 3316 4575; x_wconf 90' lang='lat'><strong>,</strong></span> <span class='ocrx_word' id='word_1_582' title='bbox 3372 4517 3427 4563; x_wconf 89' lang='lat' dir='ltr'><strong>et</strong></span> <span class='ocrx_word' id='word_1_583' title='bbox 3453 4508 3522 4562; x_wconf 89' lang='lat' dir='ltr'><strong>ab</strong></span> 
     </span>
    </p>
   </div>
   <div class='ocr_carea' id='block_1_85' title="bbox 260 4621 1847 4695">
    <p class='ocr_par' dir='ltr' id='par_1_85' title="bbox 260 4621 1847 4695">
     <span class='ocr_line' id='line_1_85' title="bbox 260 4621 1847 4695; baseline -0.003 -15"><span class='ocrx_word' id='word_1_584' title='bbox 260 4644 348 4680; x_wconf 85' lang='grc' dir='ltr'><strong>σοι</strong></span> <span class='ocrx_word' id='word_1_585' title='bbox 383 4625 744 4695; x_wconf 78' lang='grc' dir='ltr'>πανευφήμου</span> <span class='ocrx_word' id='word_1_586' title='bbox 775 4622 1096 4693; x_wconf 86' lang='grc' dir='ltr'>Πατρικίας,</span> <span class='ocrx_word' id='word_1_587' title='bbox 1140 4622 1235 4675; x_wconf 76' lang='grc' dir='ltr'>καὶ</span> <span class='ocrx_word' id='word_1_588' title='bbox 1277 4625 1378 4693; x_wconf 82' lang='grc' dir='ltr'>τῆς</span> <span class='ocrx_word' id='word_1_589' title='bbox 1407 4622 1611 4692; x_wconf 85' lang='grc' dir='ltr'>ταύτης</span> <span class='ocrx_word' id='word_1_590' title='bbox 1649 4621 1847 4692; x_wconf 84' lang='grc' dir='ltr'>κυρίας</span> 
     </span>
    </p>
   </div>
   <div class='ocr_carea' id='block_1_86' title="bbox 260 4710 1849 4788">
    <p class='ocr_par' dir='ltr' id='par_1_86' title="bbox 260 4710 1849 4788">
     <span class='ocr_line' id='line_1_86' title="bbox 260 4710 1849 4788; baseline -0.004 -16"><span class='ocrx_word' id='word_1_591' title='bbox 260 4716 637 4788; x_wconf 70' lang='grc' dir='ltr'>εὐλογημένης</span> <span class='ocrx_word' id='word_1_592' title='bbox 682 4715 983 4787; x_wconf 84' lang='grc' dir='ltr'>θυγατρὸς,</span> <span class='ocrx_word' id='word_1_593' title='bbox 1037 4716 1073 4785; x_wconf 79' lang='grc' dir='ltr'><strong>η</strong></span> <span class='ocrx_word' id='word_1_594' title='bbox 1127 4714 1435 4785; x_wconf 73' lang='grc' dir='ltr'>προτροπὴ,</span> <span class='ocrx_word' id='word_1_595' title='bbox 1492 4710 1611 4767; x_wconf 79' lang='grc' dir='ltr'>εἶτα</span> <span class='ocrx_word' id='word_1_596' title='bbox 1650 4714 1745 4766; x_wconf 76' lang='grc' dir='ltr'><strong>καὶ</strong></span> <span class='ocrx_word' id='word_1_597' title='bbox 1788 4712 1849 4775; x_wconf 78' lang='grc' dir='ltr'><strong>ἐξ</strong></span> 
     </span>
    </p>
   </div>
   <div class='ocr_carea' id='block_1_87' title="bbox 260 4802 1850 4877">
    <p class='ocr_par' dir='ltr' id='par_1_87' title="bbox 260 4802 1850 4877">
     <span class='ocr_line' id='line_1_87' title="bbox 260 4802 1850 4877; baseline -0.003 -16"><span class='ocrx_word' id='word_1_598' title='bbox 260 4808 429 4862; x_wconf 80' lang='grc' dir='ltr'>αὑτοῦ</span> <span class='ocrx_word' id='word_1_599' title='bbox 459 4807 551 4860; x_wconf 84' lang='grc' dir='ltr'><strong>τοῦ</strong></span> <span class='ocrx_word' id='word_1_600' title='bbox 585 4805 1059 4877; x_wconf 80' lang='grc' dir='ltr'>γραμματηφόρου</span> <span class='ocrx_word' id='word_1_601' title='bbox 1112 4804 1394 4872; x_wconf 79' lang='grc' dir='ltr'>Ἰγνατίου,</span> <span class='ocrx_word' id='word_1_602' title='bbox 1427 4802 1520 4855; x_wconf 90' lang='grc' dir='ltr'><strong>τοῦ</strong></span> <span class='ocrx_word' id='word_1_603' title='bbox 1552 4820 1850 4873; x_wconf 88' lang='grc' dir='ltr'>πνευματι-</span> 
     </span>
    </p>
   </div>
   <div class='ocr_carea' id='block_1_88' title="bbox 262 4892 1848 4969">
    <p class='ocr_par' dir='ltr' id='par_1_88' title="bbox 262 4892 1848 4969">
     <span class='ocr_line' id='line_1_88' title="bbox 262 4892 1848 4969; baseline -0.005 -17"><span class='ocrx_word' id='word_1_604' title='bbox 262 4897 365 4953; x_wconf 87' lang='grc' dir='ltr'><strong>κοῦ</strong></span> <span class='ocrx_word' id='word_1_605' title='bbox 406 4899 563 4969; x_wconf 79' lang='grc' dir='ltr'>ἡμῶν</span> <span class='ocrx_word' id='word_1_606' title='bbox 613 4895 753 4959; x_wconf 79' lang='grc' dir='ltr'>υἱοῦ,</span> <span class='ocrx_word' id='word_1_607' title='bbox 792 4898 827 4963; x_wconf 82' lang='grc' dir='ltr'>ἠ</span> <span class='ocrx_word' id='word_1_608' title='bbox 879 4896 1017 4967; x_wconf 82' lang='grc' dir='ltr'>πρὸς</span> <span class='ocrx_word' id='word_1_609' title='bbox 1052 4895 1202 4965; x_wconf 78' lang='grc' dir='ltr'>ἡμᾶς</span> <span class='ocrx_word' id='word_1_610' title='bbox 1252 4911 1343 4947; x_wconf 87' lang='grc' dir='ltr'><strong>σου</strong></span> <span class='ocrx_word' id='word_1_611' title='bbox 1386 4893 1515 4957; x_wconf 82' lang='grc' dir='ltr'>τοὺς</span> <span class='ocrx_word' id='word_1_612' title='bbox 1554 4892 1848 4955; x_wconf 81' lang='grc' dir='ltr'>ταπεινοὺς</span> 
     </span>
    </p>
   </div>
   <div class='ocr_carea' id='block_1_89' title="bbox 264 4985 1847 5061">
    <p class='ocr_par' dir='ltr' id='par_1_89' title="bbox 264 4985 1847 5061">
     <span class='ocr_line' id='line_1_89' title="bbox 264 4985 1847 5061; baseline -0.004 -16"><span class='ocrx_word' id='word_1_613' title='bbox 264 4990 609 5061; x_wconf 80' lang='grc' dir='ltr'>προσηγορία</span> <span class='ocrx_word' id='word_1_614' title='bbox 630 4990 892 5057; x_wconf 76' lang='grc' dir='ltr'>ἐγεγόνει·</span> <span class='ocrx_word' id='word_1_615' title='bbox 917 4990 1228 5056; x_wconf 82' lang='grc' dir='ltr'>ἀναγκαίως</span> <span class='ocrx_word' id='word_1_616' title='bbox 1252 4986 1488 5059; x_wconf 74' lang='grc' dir='ltr'>ἤλθομεν</span> <span class='ocrx_word' id='word_1_617' title='bbox 1512 4987 1605 5039; x_wconf 75' lang='grc' dir='ltr'><strong>ἐπὶ</strong></span> <span class='ocrx_word' id='word_1_618' title='bbox 1632 4986 1694 5039; x_wconf 80' lang='grc' dir='ltr'><strong>τὸ</strong></span> <span class='ocrx_word' id='word_1_619' title='bbox 1714 4985 1847 5056; x_wconf 87' lang='grc' dir='ltr'>γρά-</span> 
     </span>
    </p>
   </div>
   <div class='ocr_carea' id='block_1_90' title="bbox 264 5079 1842 5153">
    <p class='ocr_par' dir='ltr' id='par_1_90' title="bbox 264 5079 1842 5153">
     <span class='ocr_line' id='line_1_90' title="bbox 264 5079 1842 5153; baseline 0.004 -19"><span class='ocrx_word' id='word_1_620' title='bbox 264 5084 364 5153; x_wconf 74' lang='grc' dir='ltr'><strong>ψαι</strong></span> <span class='ocrx_word' id='word_1_621' title='bbox 390 5082 548 5150; x_wconf 88' lang='grc' dir='ltr'>λόγον</span> <span class='ocrx_word' id='word_1_622' title='bbox 573 5081 976 5151; x_wconf 86' lang='grc' dir='ltr'>παρακλήσεως</span> <span class='ocrx_word' id='word_1_623' title='bbox 1012 5083 1078 5151; x_wconf 78' lang='grc' dir='ltr'>τῇ</span> <span class='ocrx_word' id='word_1_624' title='bbox 1109 5079 1498 5151; x_wconf 81' lang='grc' dir='ltr'>τετρυχωμένῃ</span> <span class='ocrx_word' id='word_1_625' title='bbox 1538 5096 1632 5132; x_wconf 89' lang='grc' dir='ltr'><strong>σου</strong></span> <span class='ocrx_word' id='word_1_626' title='bbox 1672 5080 1842 5148; x_wconf 66' lang='grc' dir='ltr'>ψυχῇ,</span> 
     </span>
    </p>
   </div>
   <div class='ocr_carea' id='block_1_91' title="bbox 266 5170 1843 5244">
    <p class='ocr_par' dir='ltr' id='par_1_91' title="bbox 266 5170 1843 5244">
     <span class='ocr_line' id='line_1_91' title="bbox 266 5170 1843 5244; baseline -0.004 -14"><span class='ocrx_word' id='word_1_627' title='bbox 266 5180 335 5230; x_wconf 83' lang='grc' dir='ltr'>ὲκ</span> <span class='ocrx_word' id='word_1_628' title='bbox 355 5175 449 5229; x_wconf 87' lang='grc' dir='ltr'><strong>τοῦ</strong></span> <span class='ocrx_word' id='word_1_629' title='bbox 487 5174 861 5244; x_wconf 77' lang='grc' dir='ltr'>συμπεσόντος</span> <span class='ocrx_word' id='word_1_630' title='bbox 886 5173 1026 5243; x_wconf 81' lang='grc' dir='ltr'>αὐτῇ</span> <span class='ocrx_word' id='word_1_631' title='bbox 1060 5172 1356 5235; x_wconf 82' lang='grc' dir='ltr'>τεθνεῶτος</span> <span class='ocrx_word' id='word_1_632' title='bbox 1391 5174 1451 5225; x_wconf 82' lang='grc' dir='ltr'>ὲν</span> <span class='ocrx_word' id='word_1_633' title='bbox 1495 5171 1572 5242; x_wconf 84' lang='grc' dir='ltr'><strong>τῷ</strong></span> <span class='ocrx_word' id='word_1_634' title='bbox 1601 5170 1843 5241; x_wconf 80' lang='grc' dir='ltr'>πολέμῳ.</span> 
     </span>
    </p>
   </div>
   <div class='ocr_carea' id='block_1_92' title="bbox 280 5266 1843 5335">
    <p class='ocr_par' dir='ltr' id='par_1_92' title="bbox 280 5266 1843 5335">
     <span class='ocr_line' id='line_1_92' title="bbox 280 5266 1843 5335; baseline -0.004 -14"><span class='ocrx_word' id='word_1_635' title='bbox 280 5269 444 5321; x_wconf 81' lang='grc' dir='ltr'>Ἀλλὰ</span> <span class='ocrx_word' id='word_1_636' title='bbox 472 5268 624 5320; x_wconf 78' lang='grc' dir='ltr'>ποῖον</span> <span class='ocrx_word' id='word_1_637' title='bbox 651 5266 717 5319; x_wconf 80' lang='grc' dir='ltr'>ἂν</span> <span class='ocrx_word' id='word_1_638' title='bbox 765 5266 860 5320; x_wconf 70' lang='grc' dir='ltr'>καὶ</span> <span class='ocrx_word' id='word_1_639' title='bbox 889 5266 1199 5335; x_wconf 83' lang='grc' dir='ltr'>ὲξευρεθείη</span> <span class='ocrx_word' id='word_1_640' title='bbox 1242 5266 1532 5335; x_wconf 80' lang='grc' dir='ltr'>φάρμακον</span> <span class='ocrx_word' id='word_1_641' title='bbox 1582 5282 1843 5334; x_wconf 87' lang='grc' dir='ltr'>παραμυ-</span> 
     </span>
    </p>
   </div>
   <div class='ocr_carea' id='block_1_93' title="bbox 270 5353 1848 5424">
    <p class='ocr_par' dir='ltr' id='par_1_93' title="bbox 270 5353 1848 5424">
     <span class='ocr_line' id='line_1_93' title="bbox 270 5353 1848 5424; baseline -0.003 -15"><span class='ocrx_word' id='word_1_642' title='bbox 270 5358 393 5420; x_wconf 78' lang='grc' dir='ltr'>θίας</span> <span class='ocrx_word' id='word_1_643' title='bbox 426 5359 506 5419; x_wconf 87' lang='grc' dir='ltr'>εἰς</span> <span class='ocrx_word' id='word_1_644' title='bbox 557 5354 700 5409; x_wconf 85' lang='grc' dir='ltr'>ῐασιν</span> <span class='ocrx_word' id='word_1_645' title='bbox 728 5355 826 5424; x_wconf 85' lang='grc' dir='ltr'>τῆς</span> <span class='ocrx_word' id='word_1_646' title='bbox 864 5354 1120 5407; x_wconf 84' lang='grc' dir='ltr'>δυσιάτου</span> <span class='ocrx_word' id='word_1_647' title='bbox 1167 5353 1413 5421; x_wconf 82' lang='grc' dir='ltr'>πληγῆς;</span> <span class='ocrx_word' id='word_1_648' title='bbox 1448 5355 1512 5405; x_wconf 83' lang='grc' dir='ltr'><strong>Ὢ</strong></span> <span class='ocrx_word' id='word_1_649' title='bbox 1544 5355 1641 5422; x_wconf 83' lang='grc' dir='ltr'><strong>τῆς</strong></span> <span class='ocrx_word' id='word_1_650' title='bbox 1666 5354 1760 5405; x_wconf 77' lang='grc' dir='ltr'>καὶ</span> <span class='ocrx_word' id='word_1_651' title='bbox 1790 5354 1848 5403; x_wconf 83' lang='grc' dir='ltr'><strong>ἐν</strong></span> 
     </span>
    </p>
   </div>
   <div class='ocr_carea' id='block_1_94' title="bbox 271 5442 1850 5519">
    <p class='ocr_par' dir='ltr' id='par_1_94' title="bbox 271 5442 1850 5519">
     <span class='ocr_line' id='line_1_94' title="bbox 271 5442 1850 5519; baseline -0.005 -17"><span class='ocrx_word' id='word_1_652' title='bbox 271 5451 411 5519; x_wconf 78' lang='grc' dir='ltr'>ἀκοῇ</span> <span class='ocrx_word' id='word_1_653' title='bbox 440 5448 574 5518; x_wconf 78' lang='grc' dir='ltr'>μόνῃ</span> <span class='ocrx_word' id='word_1_654' title='bbox 605 5446 1043 5518; x_wconf 79' lang='grc' dir='ltr'>ὲξηγορουμένης</span> <span class='ocrx_word' id='word_1_655' title='bbox 1074 5446 1389 5515; x_wconf 73' lang='grc' dir='ltr'>συμφορᾶςί</span> <span class='ocrx_word' id='word_1_656' title='bbox 1426 5444 1598 5514; x_wconf 75' lang='grc' dir='ltr'>ὤχετο</span> <span class='ocrx_word' id='word_1_657' title='bbox 1634 5442 1850 5511; x_wconf 77' lang='grc' dir='ltr'>ἔντιμον</span> 
     </span>
    </p>
   </div>
   <div class='ocr_carea' id='block_1_95' title="bbox 274 5536 1849 5614">
    <p class='ocr_par' dir='ltr' id='par_1_95' title="bbox 274 5536 1849 5614">
     <span class='ocr_line' id='line_1_95' title="bbox 274 5536 1849 5614; baseline -0.008 -16"><span class='ocrx_word' id='word_1_658' title='bbox 274 5543 523 5614; x_wconf 82' lang='grc' dir='ltr'>σπέρμα,</span> <span class='ocrx_word' id='word_1_659' title='bbox 557 5541 809 5612; x_wconf 87' lang='grc' dir='ltr'>μητρῷος</span> <span class='ocrx_word' id='word_1_660' title='bbox 851 5539 1154 5610; x_wconf 72' lang='grc' dir='ltr'>ὀφθαλμὸς,</span> <span class='ocrx_word' id='word_1_661' title='bbox 1190 5538 1479 5609; x_wconf 74' lang='grc' dir='ltr'>ἐγκάρδιον</span> <span class='ocrx_word' id='word_1_662' title='bbox 1522 5536 1849 5605; x_wconf 83' lang='grc' dir='ltr'>σπλάγχνον,</span> 
     </span>
    </p>
   </div>
   <div class='ocr_carea' id='block_1_96' title="bbox 274 5618 1849 5701">
    <p class='ocr_par' dir='ltr' id='par_1_96' title="bbox 274 5618 1849 5701">
     <span class='ocr_line' id='line_1_96' title="bbox 274 5618 1849 5701; baseline -0.008 -14"><span class='ocrx_word' id='word_1_663' title='bbox 274 5633 470 5695; x_wconf 80' lang='grc' dir='ltr'>κλάδος</span> <span class='ocrx_word' id='word_1_664' title='bbox 500 5631 708 5701; x_wconf 78' lang='grc' dir='ltr'>εὐφυὴς</span> <span class='ocrx_word' id='word_1_665' title='bbox 729 5671 745 5696; x_wconf 92' lang='grc'><strong>,</strong></span> <span class='ocrx_word' id='word_1_666' title='bbox 780 5629 901 5683; x_wconf 84' lang='grc' dir='ltr'>ὅλον</span> <span class='ocrx_word' id='word_1_667' title='bbox 941 5628 1009 5682; x_wconf 83' lang='grc' dir='ltr'>δι’</span> <span class='ocrx_word' id='word_1_668' title='bbox 1045 5628 1170 5682; x_wconf 85' lang='grc' dir='ltr'>δλου</span> <span class='ocrx_word' id='word_1_669' title='bbox 1200 5629 1299 5700; x_wconf 80' lang='grc' dir='ltr'>τῆς</span> <span class='ocrx_word' id='word_1_670' title='bbox 1325 5626 1590 5696; x_wconf 83' lang='grc' dir='ltr'>τεκούσης</span> <span class='ocrx_word' id='word_1_671' title='bbox 1622 5626 1681 5678; x_wconf 77' lang='grc' dir='ltr'>τὸ</span> <span class='ocrx_word' id='word_1_672' title='bbox 1713 5618 1849 5692; x_wconf 78' lang='grc' dir='ltr'>φῶς,</span> 
     </span>
    </p>
   </div>
   <div class='ocr_carea' id='block_1_97' title="bbox 1951 4600 3523 4688">
    <p class='ocr_par' dir='ltr' id='par_1_97' title="bbox 1951 4600 3523 4688">
     <span class='ocr_line' id='line_1_97' title="bbox 1951 4600 3523 4688; baseline -0.013 -14"><span class='ocrx_word' id='word_1_673' title='bbox 1951 4619 2117 4688; x_wconf 87' lang='lat' dir='ltr'><strong>hujus</strong></span> <span class='ocrx_word' id='word_1_674' title='bbox 2150 4614 2389 4670; x_wconf 76' lang='lat' dir='ltr'><strong>domina:</strong></span> <span class='ocrx_word' id='word_1_675' title='bbox 2417 4613 2525 4665; x_wconf 88' lang='lat' dir='ltr'><strong>lilia</strong></span> <span class='ocrx_word' id='word_1_676' title='bbox 2553 4607 2860 4672; x_wconf 88' lang='lat' dir='ltr'><strong>benedicta,</strong></span> <span class='ocrx_word' id='word_1_677' title='bbox 2898 4605 3240 4668; x_wconf 83' lang='lat' dir='ltr'><strong>mandatum,</strong></span> <span class='ocrx_word' id='word_1_678' title='bbox 3276 4616 3341 4656; x_wconf 91' lang='lat' dir='ltr'><strong>ac</strong></span> <span class='ocrx_word' id='word_1_679' title='bbox 3365 4600 3523 4656; x_wconf 82' lang='lat' dir='ltr'><strong>dein-</strong></span> 
     </span>
    </p>
   </div>
   <div class='ocr_carea' id='block_1_98' title="bbox 1950 4693 3521 4777">
    <p class='ocr_par' dir='ltr' id='par_1_98' title="bbox 1950 4693 3521 4777">
     <span class='ocr_line' id='line_1_98' title="bbox 1950 4693 3521 4777; baseline -0.012 -12"><span class='ocrx_word' id='word_1_680' title='bbox 1950 4712 2019 4765; x_wconf 90' lang='lat' dir='ltr'><strong>de</strong></span> <span class='ocrx_word' id='word_1_681' title='bbox 2064 4724 2160 4777; x_wconf 90' lang='lat' dir='ltr'><strong>per</strong></span> <span class='ocrx_word' id='word_1_682' title='bbox 2190 4708 2371 4777; x_wconf 88' lang='lat' dir='ltr'><strong>ipsum</strong></span> <span class='ocrx_word' id='word_1_683' title='bbox 2404 4704 2499 4774; x_wconf 92' lang='lat' dir='ltr'><strong>qui</strong></span> <span class='ocrx_word' id='word_1_684' title='bbox 2550 4703 2763 4757; x_wconf 86' lang='lat' dir='ltr'><strong>litteras</strong></span> <span class='ocrx_word' id='word_1_685' title='bbox 2798 4698 2999 4757; x_wconf 90' lang='lat' dir='ltr'><strong>attulit,</strong></span> <span class='ocrx_word' id='word_1_686' title='bbox 3043 4695 3310 4767; x_wconf 87' lang='lat' dir='ltr'><strong>lgnatium</strong></span> <span class='ocrx_word' id='word_1_687' title='bbox 3356 4693 3521 4763; x_wconf 89' lang='lat' dir='ltr'><strong>spiri-</strong></span> 
     </span>
    </p>
   </div>
   <div class='ocr_carea' id='block_1_99' title="bbox 1948 4784 3525 4855">
    <p class='ocr_par' dir='ltr' id='par_1_99' title="bbox 1948 4784 3525 4855">
     <span class='ocr_line' id='line_1_99' title="bbox 1948 4784 3525 4855; baseline -0.012 1"><span class='ocrx_word' id='word_1_688' title='bbox 1948 4801 2154 4855; x_wconf 85' lang='lat' dir='ltr'><strong>tualem</strong></span> <span class='ocrx_word' id='word_1_689' title='bbox 2197 4798 2368 4853; x_wconf 82' lang='lat' dir='ltr'><strong>tilium</strong></span> <span class='ocrx_word' id='word_1_690' title='bbox 2398 4804 2645 4850; x_wconf 88' lang='lat' dir='ltr'><strong>nostrum</strong></span> <span class='ocrx_word' id='word_1_691' title='bbox 2666 4832 2680 4854; x_wconf 89' lang='lat'><strong>.</strong></span> <span class='ocrx_word' id='word_1_692' title='bbox 2718 4803 2810 4846; x_wconf 86' lang='lat' dir='ltr'><strong>tua</strong></span> <span class='ocrx_word' id='word_1_693' title='bbox 2843 4788 3007 4845; x_wconf 90' lang='lat' dir='ltr'><strong>simul</strong></span> <span class='ocrx_word' id='word_1_694' title='bbox 3040 4786 3338 4842; x_wconf 89' lang='lat' dir='ltr'><strong>humilibus</strong></span> <span class='ocrx_word' id='word_1_695' title='bbox 3363 4784 3525 4838; x_wconf 84' lang='lat' dir='ltr'><strong>nobis</strong></span> 
     </span>
    </p>
   </div>
   <div class='ocr_carea' id='block_1_100' title="bbox 1950 4876 3524 4953">
    <p class='ocr_par' dir='ltr' id='par_1_100' title="bbox 1950 4876 3524 4953">
     <span class='ocr_line' id='line_1_100' title="bbox 1950 4876 3524 4953; baseline -0.013 -5"><span class='ocrx_word' id='word_1_696' title='bbox 1950 4894 2115 4949; x_wconf 90' lang='lat' dir='ltr'><strong>allata</strong></span> <span class='ocrx_word' id='word_1_697' title='bbox 2148 4900 2232 4945; x_wconf 88' lang='lat' dir='ltr'><strong>est</strong></span> <span class='ocrx_word' id='word_1_698' title='bbox 2265 4887 2559 4953; x_wconf 87' lang='lat' dir='ltr'><strong>salutatio;</strong></span> <span class='ocrx_word' id='word_1_699' title='bbox 2600 4882 2912 4940; x_wconf 85' lang='lat' dir='ltr'><strong>necessario</strong></span> <span class='ocrx_word' id='word_1_700' title='bbox 2943 4879 3162 4935; x_wconf 89' lang='lat' dir='ltr'><strong>adducti</strong></span> <span class='ocrx_word' id='word_1_701' title='bbox 3210 4893 3405 4933; x_wconf 90' lang='lat' dir='ltr'><strong>sumus</strong></span> <span class='ocrx_word' id='word_1_702' title='bbox 3430 4876 3524 4935; x_wconf 65' lang='lat' dir='ltr'><strong>ad</strong></span> 
     </span>
    </p>
   </div>
   <div class='ocr_carea' id='block_1_101' title="bbox 1952 4968 3527 5041">
    <p class='ocr_par' dir='ltr' id='par_1_101' title="bbox 1952 4968 3527 5041">
     <span class='ocr_line' id='line_1_101' title="bbox 1952 4968 3527 5041; baseline -0.013 -1"><span class='ocrx_word' id='word_1_703' title='bbox 1952 4984 2296 5041; x_wconf 88' lang='lat' dir='ltr'><strong>scribendam</strong></span> <span class='ocrx_word' id='word_1_704' title='bbox 2348 4977 2776 5035; x_wconf 89' lang='lat' dir='ltr'><strong>consolationem</strong></span> <span class='ocrx_word' id='word_1_705' title='bbox 2826 4974 3023 5028; x_wconf 59' lang='lat' dir='ltr'><strong>animae</strong></span> <span class='ocrx_word' id='word_1_706' title='bbox 3055 4980 3162 5025; x_wconf 67' lang='lat' dir='ltr'><strong>tuae</strong></span> <span class='ocrx_word' id='word_1_707' title='bbox 3192 4968 3404 5023; x_wconf 77' lang='lat' dir='ltr'><strong>amicta:</strong></span> <span class='ocrx_word' id='word_1_708' title='bbox 3455 4968 3527 5021; x_wconf 88' lang='lat' dir='ltr'><strong>ob</strong></span> 
     </span>
    </p>
   </div>
   <div class='ocr_carea' id='block_1_102' title="bbox 1951 5060 3525 5144">
    <p class='ocr_par' dir='ltr' id='par_1_102' title="bbox 1951 5060 3525 5144">
     <span class='ocr_line' id='line_1_102' title="bbox 1951 5060 3525 5144; baseline -0.013 -10"><span class='ocrx_word' id='word_1_709' title='bbox 1951 5090 2251 5134; x_wconf 67' lang='lat' dir='ltr'><strong>aerumnam</strong></span> <span class='ocrx_word' id='word_1_710' title='bbox 2286 5089 2406 5144; x_wconf 67' lang='lat' dir='ltr'><strong>qua:</strong></span> <span class='ocrx_word' id='word_1_711' title='bbox 2433 5072 2537 5141; x_wconf 87' lang='lat' dir='ltr'><strong>ipsi</strong></span> <span class='ocrx_word' id='word_1_712' title='bbox 2567 5068 2816 5139; x_wconf 86' lang='lat' dir='ltr'><strong>contigit,</strong></span> <span class='ocrx_word' id='word_1_713' title='bbox 2844 5082 2909 5121; x_wconf 83' lang='lat' dir='ltr'><strong>ex</strong></span> <span class='ocrx_word' id='word_1_714' title='bbox 2943 5065 3087 5120; x_wconf 87' lang='lat' dir='ltr'><strong>beati</strong></span> <span class='ocrx_word' id='word_1_715' title='bbox 3140 5063 3235 5117; x_wconf 82' lang='lat' dir='ltr'><strong>lilii</strong></span> <span class='ocrx_word' id='word_1_716' title='bbox 3263 5062 3438 5124; x_wconf 85' lang='lat' dir='ltr'><strong>ubitu,</strong></span> <span class='ocrx_word' id='word_1_717' title='bbox 3470 5060 3525 5113; x_wconf 89' lang='lat' dir='ltr'><strong>in</strong></span> 
     </span>
    </p>
   </div>
   <div class='ocr_carea' id='block_1_103' title="bbox 1952 5154 3529 5237">
    <p class='ocr_par' dir='ltr' id='par_1_103' title="bbox 1952 5154 3529 5237">
     <span class='ocr_line' id='line_1_103' title="bbox 1952 5154 3529 5237; baseline -0.013 -10"><span class='ocrx_word' id='word_1_718' title='bbox 1952 5171 2094 5227; x_wconf 86' lang='lat' dir='ltr'><strong>bello</strong></span> <span class='ocrx_word' id='word_1_719' title='bbox 2127 5167 2459 5237; x_wconf 88' lang='lat' dir='ltr'><strong>interempti.</strong></span> <span class='ocrx_word' id='word_1_720' title='bbox 2501 5163 2704 5220; x_wconf 79' lang='lat' dir='ltr'><strong>Verum</strong></span> <span class='ocrx_word' id='word_1_721' title='bbox 2755 5160 3031 5231; x_wconf 90' lang='lat' dir='ltr'><strong>quodnam</strong></span> <span class='ocrx_word' id='word_1_722' title='bbox 3078 5156 3296 5211; x_wconf 87' lang='lat' dir='ltr'><strong>tandem</strong></span> <span class='ocrx_word' id='word_1_723' title='bbox 3345 5154 3529 5210; x_wconf 88' lang='lat' dir='ltr'><strong>solatii</strong></span> 
     </span>
    </p>
   </div>
   <div class='ocr_carea' id='block_1_104' title="bbox 1954 5248 3530 5325">
    <p class='ocr_par' dir='ltr' id='par_1_104' title="bbox 1954 5248 3530 5325">
     <span class='ocr_line' id='line_1_104' title="bbox 1954 5248 3530 5325; baseline -0.01 -7"><span class='ocrx_word' id='word_1_724' title='bbox 1954 5261 2254 5318; x_wconf 84' lang='lat' dir='ltr'><strong>remedium</strong></span> <span class='ocrx_word' id='word_1_725' title='bbox 2307 5258 2535 5313; x_wconf 82' lang='lat' dir='ltr'><strong>inveniri</strong></span> <span class='ocrx_word' id='word_1_726' title='bbox 2592 5263 2759 5325; x_wconf 73' lang='lat' dir='ltr'><strong>qut-at</strong></span> <span class='ocrx_word' id='word_1_727' title='bbox 2798 5250 3045 5307; x_wconf 88' lang='lat' dir='ltr'><strong>sanando</strong></span> <span class='ocrx_word' id='word_1_728' title='bbox 3080 5250 3333 5312; x_wconf 87' lang='lat' dir='ltr'><strong>vulneri,</strong></span> <span class='ocrx_word' id='word_1_729' title='bbox 3369 5248 3530 5317; x_wconf 86' lang='lat' dir='ltr'><strong>cujus</strong></span> 
     </span>
    </p>
   </div>
   <div class='ocr_carea' id='block_1_105' title="bbox 1954 5342 3531 5416">
    <p class='ocr_par' dir='ltr' id='par_1_105' title="bbox 1954 5342 3531 5416">
     <span class='ocr_line' id='line_1_105' title="bbox 1954 5342 3531 5416; baseline -0.008 -6"><span class='ocrx_word' id='word_1_730' title='bbox 1954 5354 2266 5410; x_wconf 81' lang='lat' dir='ltr'><strong>dillicillima</strong></span> <span class='ocrx_word' id='word_1_731' title='bbox 2306 5362 2390 5406; x_wconf 88' lang='lat' dir='ltr'><strong>est</strong></span> <span class='ocrx_word' id='word_1_732' title='bbox 2433 5349 2679 5405; x_wconf 89' lang='lat' dir='ltr'><strong>curatio?</strong></span> <span class='ocrx_word' id='word_1_733' title='bbox 2715 5346 2759 5401; x_wconf 89' lang='grc' dir='ltr'><strong>Ο</strong></span> <span class='ocrx_word' id='word_1_734' title='bbox 2788 5362 2911 5416; x_wconf 71' lang='lat' dir='ltr'><strong>qua:</strong></span> <span class='ocrx_word' id='word_1_735' title='bbox 2935 5344 3017 5399; x_wconf 88' lang='lat' dir='ltr'><strong>vel</strong></span> <span class='ocrx_word' id='word_1_736' title='bbox 3056 5342 3241 5397; x_wconf 89' lang='lat' dir='ltr'><strong>auditu</strong></span> <span class='ocrx_word' id='word_1_737' title='bbox 3287 5342 3405 5396; x_wconf 90' lang='lat' dir='ltr'><strong>solo</strong></span> <span class='ocrx_word' id='word_1_738' title='bbox 3437 5343 3531 5397; x_wconf 85' lang='lat' dir='ltr'><strong>de-</strong></span> 
     </span>
    </p>
   </div>
   <div class='ocr_carea' id='block_1_106' title="bbox 1956 5436 3531 5503">
    <p class='ocr_par' dir='ltr' id='par_1_106' title="bbox 1956 5436 3531 5503">
     <span class='ocr_line' id='line_1_106' title="bbox 1956 5436 3531 5503; baseline -0.008 -1"><span class='ocrx_word' id='word_1_739' title='bbox 1956 5447 2197 5503; x_wconf 88' lang='lat' dir='ltr'><strong>claratur</strong></span> <span class='ocrx_word' id='word_1_740' title='bbox 2219 5444 2533 5501; x_wconf 82' lang='lat' dir='ltr'><strong>calamitas!</strong></span> <span class='ocrx_word' id='word_1_741' title='bbox 2566 5441 2735 5497; x_wconf 87' lang='lat' dir='ltr'><strong>Periit</strong></span> <span class='ocrx_word' id='word_1_742' title='bbox 2753 5454 2936 5495; x_wconf 88' lang='lat' dir='ltr'><strong>semen</strong></span> <span class='ocrx_word' id='word_1_743' title='bbox 2960 5438 3311 5498; x_wconf 85' lang='lat' dir='ltr'><strong>honoratum,</strong></span> <span class='ocrx_word' id='word_1_744' title='bbox 3334 5436 3531 5489; x_wconf 87' lang='lat' dir='ltr'><strong>oculus</strong></span> 
     </span>
    </p>
   </div>
   <div class='ocr_carea' id='block_1_107' title="bbox 1957 5531 3531 5610">
    <p class='ocr_par' dir='ltr' id='par_1_107' title="bbox 1957 5531 3531 5610">
     <span class='ocr_line' id='line_1_107' title="bbox 1957 5531 3531 5610; baseline -0.008 -16"><span class='ocrx_word' id='word_1_745' title='bbox 1957 5550 2259 5606; x_wconf 89' lang='lat' dir='ltr'><strong>maternus,</strong></span> <span class='ocrx_word' id='word_1_746' title='bbox 2287 5554 2416 5610; x_wconf 86' lang='lat' dir='ltr'><strong>pars</strong></span> <span class='ocrx_word' id='word_1_747' title='bbox 2436 5538 2620 5593; x_wconf 86' lang='lat' dir='ltr'><strong>cordis</strong></span> <span class='ocrx_word' id='word_1_748' title='bbox 2643 5537 2854 5597; x_wconf 89' lang='lat' dir='ltr'><strong>intima,</strong></span> <span class='ocrx_word' id='word_1_749' title='bbox 2884 5548 3070 5587; x_wconf 88' lang='lat' dir='ltr'><strong>ramus</strong></span> <span class='ocrx_word' id='word_1_750' title='bbox 3104 5531 3407 5593; x_wconf 85' lang='lat' dir='ltr'><strong>virescens,</strong></span> <span class='ocrx_word' id='word_1_751' title='bbox 3443 5537 3531 5583; x_wconf 87' lang='lat' dir='ltr'><strong>to-</strong></span> 
     </span>
    </p>
   </div>
   <div class='ocr_carea' id='block_1_108' title="bbox 1959 5624 3536 5701">
    <p class='ocr_par' dir='ltr' id='par_1_108' title="bbox 1959 5624 3536 5701">
     <span class='ocr_line' id='line_1_108' title="bbox 1959 5624 3536 5701; baseline -0.005 -18"><span class='ocrx_word' id='word_1_752' title='bbox 1959 5640 2069 5684; x_wconf 88' lang='lat' dir='ltr'><strong>tum</strong></span> <span class='ocrx_word' id='word_1_753' title='bbox 2102 5645 2329 5701; x_wconf 89' lang='lat' dir='ltr'><strong>prorsus</strong></span> <span class='ocrx_word' id='word_1_754' title='bbox 2352 5630 2538 5686; x_wconf 89' lang='lat' dir='ltr'><strong>lumen</strong></span> <span class='ocrx_word' id='word_1_755' title='bbox 2565 5627 2863 5700; x_wconf 89' lang='lat' dir='ltr'><strong>genitricis,</strong></span> <span class='ocrx_word' id='word_1_756' title='bbox 2896 5634 3152 5696; x_wconf 89' lang='lat' dir='ltr'><strong>paternas</strong></span> <span class='ocrx_word' id='word_1_757' title='bbox 3172 5624 3225 5678; x_wconf 88' lang='lat' dir='ltr'><strong>in</strong></span> <span class='ocrx_word' id='word_1_758' title='bbox 3251 5636 3311 5677; x_wconf 89' lang='lat' dir='ltr'><strong>se</strong></span> <span class='ocrx_word' id='word_1_759' title='bbox 3336 5634 3536 5691; x_wconf 83' lang='lat' dir='ltr'><strong>gerens</strong></span> 
     </span>
    </p>
   </div>
   <div class='ocr_carea' id='block_1_109' title="bbox 348 5762 2215 5833">
    <p class='ocr_par' dir='ltr' id='par_1_109' title="bbox 348 5762 2215 5833">
     <span class='ocr_line' id='line_1_109' title="bbox 348 5762 2215 5833; baseline -0.001 -9"><span class='ocrx_word' id='word_1_760' title='bbox 348 5770 395 5800; x_wconf 83' lang='grc'><strong>⁵³</strong></span> <span class='ocrx_word' id='word_1_761' title='bbox 427 5769 574 5824; x_wconf 85' lang='lat' dir='ltr'><strong>Psal.</strong></span> <span class='ocrx_word' id='word_1_762' title='bbox 601 5782 866 5833; x_wconf 75' lang='lat' dir='ltr'><strong>LXXXVIII,</strong></span> <span class='ocrx_word' id='word_1_763' title='bbox 895 5766 985 5823; x_wconf 66' lang='lat'><strong>49.</strong></span> <span class='ocrx_word' id='word_1_764' title='bbox 1062 5764 1155 5818; x_wconf 75' lang='grc'><strong>⁸⁸1</strong></span> <span class='ocrx_word' id='word_1_765' title='bbox 1189 5766 1315 5822; x_wconf 86' lang='lat' dir='ltr'><strong>Cor.</strong></span> <span class='ocrx_word' id='word_1_766' title='bbox 1352 5782 1442 5833; x_wconf 83' lang='lat' dir='ltr'><strong>xv,</strong></span> <span class='ocrx_word' id='word_1_767' title='bbox 1475 5764 1564 5820; x_wconf 71' lang='grc'><strong>42.</strong></span> <span class='ocrx_word' id='word_1_768' title='bbox 1645 5766 1691 5798; x_wconf 78' lang='grc'><strong>⁸⁵</strong></span> <span class='ocrx_word' id='word_1_769' title='bbox 1733 5763 1748 5815; x_wconf 94' lang='grc' dir='ltr'><strong>Ι</strong></span> <span class='ocrx_word' id='word_1_770' title='bbox 1786 5762 1982 5822; x_wconf 87' lang='lat' dir='ltr'><strong>Thess.</strong></span> <span class='ocrx_word' id='word_1_771' title='bbox 2018 5783 2089 5833; x_wconf 82' lang='lat' dir='ltr'><strong>tv,</strong></span> <span class='ocrx_word' id='word_1_772' title='bbox 2133 5768 2215 5823; x_wconf 76' lang='lat'><strong>12.</strong></span> 
     </span>
    </p>
   </div>
   <div class='ocr_carea' id='block_1_110' title="bbox 1774 5877 1996 5935">
    <p class='ocr_par' dir='ltr' id='par_1_110' title="bbox 1774 5877 1996 5935">
     <span class='ocr_line' id='line_1_110' title="bbox 1774 5877 1996 5935; baseline 0.009 -3"><span class='ocrx_word' id='word_1_773' title='bbox 1774 5877 1996 5935; x_wconf 58' lang='lat' dir='ltr'><strong>NOTJE.</strong></span> 
     </span>
    </p>
   </div>
   <div class='ocr_carea' id='block_1_111' title="bbox 358 5950 1053 6021">
    <p class='ocr_par' dir='ltr' id='par_1_111' title="bbox 358 5950 1053 6021">
     <span class='ocr_line' id='line_1_111' title="bbox 358 5950 1053 6021; baseline -0.003 -16"><span class='ocrx_word' id='word_1_774' title='bbox 358 5950 473 6021; x_wconf 80' lang='grc'><strong>(56)</strong></span> <span class='ocrx_word' id='word_1_775' title='bbox 504 5951 560 6005; x_wconf 86' lang='lat' dir='ltr'><strong>In</strong></span> <span class='ocrx_word' id='word_1_776' title='bbox 592 5952 713 6006; x_wconf 83' lang='lat' dir='ltr'><strong>cod.</strong></span> <span class='ocrx_word' id='word_1_777' title='bbox 746 5950 877 6019; x_wconf 75' lang='lat' dir='ltr'><strong>Reg.</strong></span> <span class='ocrx_word' id='word_1_778' title='bbox 915 5951 1053 6013; x_wconf 60' lang='lat' dir='ltr'><strong>plg&#39;.</strong></span> 
     </span>
    </p>
   </div>
  </div>
