4156 6480
685 418 820 481 1455

1863 417 1922 474 S.
1965 411 2359 474 THEODOHI
2386 410 2733 471 STUDlT/E

3785 408 3925 470 1456

679 536 857 589 notas,
889 533 942 579 et
963 524 1241 579 viduitatis
1270 523 1640 583 solitudinem,
1664 523 1845 591 quoad
1874 524 1988 577 ﬁeri
2020 531 2249 593 paterat,

2360 521 2519 590 φέρον
2564 522 2693 583 τοὺς
2746 520 3030 590 πατρῴους
3066 523 3124 573 ἐν
3179 518 3354 589 ἐαυτῷ
3393 520 3780 592 χαρακτῆρας·
3828 528 3927 577 καὶ

676 620 997 683 sublevans,
1031 618 1125 688 qni
1167 618 1333 671 totius
1365 617 1489 672 vita:
1520 616 1773 672 solatium
1810 628 1950 680 erat,
1987 628 2099 670 tum
2123 630 2249 684 erga

679 710 955 779 prepriam
1004 709 1253 771 domum,
1300 718 1413 763 tum
1448 723 1577 778 erga
1607 709 2068 779 consanguineos.
2110 706 2251 773 Quid

679 812 862 856 autem
898 804 1097 855 factum
1129 810 1213 855 est
1236 800 1474 855 avolavit
1501 814 1568 854 ex
1596 800 1771 855 oculis
1799 800 2079 863 maternis,
2106 798 2252 852 exci-

678 909 775 948 sus
823 902 907 947 est
945 908 975 947 a
1011 893 1152 947 bona
1191 892 1374 946 radice
1415 910 1428 946 :
1470 907 1537 946 ac
1586 907 1760 960 neque
1806 892 1861 945 in
1895 892 2067 946 oculis
2103 905 2251 944 mors

678 984 941 1053 contigit;
977 981 1121 1037 unde
1152 981 1584 1037 consolationem
1624 996 1689 1035 ex
1723 982 2036 1036 novissimis
2074 980 2253 1035 verbis

680 1084 734 1147 et
762 1090 826 1129 ex
854 1083 1042 1129 sancta
1066 1073 1350 1143 sepultura
1382 1072 1604 1141 capiunt
1629 1072 1723 1141 qui
1754 1072 2081 1127 domesticos
2114 1087 2253 1141 prae-

680 1166 925 1220 mittunt.
957 1162 1114 1218 Nunc
1148 1179 1296 1228 vero,
1349 1172 1544 1232 praeter
1564 1162 1669 1216 alia
1691 1202 1706 1225 ,
1741 1162 1847 1216 lioc
1892 1164 2053 1217 etiam
2102 1162 2250 1216 leva-

680 1264 866 1310 mento
901 1254 1080 1309 orbati
1108 1270 1334 1318 sumus;
1366 1254 1568 1308 eximio
1604 1254 1827 1309 surculo
1860 1255 2055 1325 gladiis
2083 1254 2254 1310 bosti-

680 1345 825 1400 libus
848 1344 1058 1399 exciso.
1108 1342 1153 1399 Ο
1200 1345 1563 1397 miserandam
1610 1345 1962 1414 tragoediam!
1998 1362 2030 1400 ο
2063 1362 2251 1401 casum

682 1438 1169 1492 inconsolabilem!
1224 1436 1477 1492 Fluctuat
1518 1454 1662 1494 nunc
1695 1440 1915 1494 animus
1953 1440 2250 1509 brretque.

678 1543 979 1582 wrumnam
1011 1528 1364 1583 considerans
1386 1568 1401 1592 ,
1442 1527 1534 1583 ubi
1567 1538 1621 1583 et
1648 1532 1926 1598 quomodo
1976 1547 2064 1585 res
2103 1543 2253 1601 gesta

682 1619 776 1685 sit,
808 1634 973 1690 quam
1014 1620 1070 1674 in
1098 1622 1346 1689 corporis
1377 1633 1585 1691 partem
1616 1629 1839 1676 cruenta
1871 1636 2069 1675 manus
2099 1622 2255 1675 incu-

680 1710 878 1775 buerit,
925 1724 1034 1781 quo
1065 1711 1186 1765 loco
1242 1710 1357 1781 ipse
1405 1712 1605 1766 cadens
1642 1715 1878 1766 animam
1923 1711 2255 1767 eillaritzan

681 1802 866 1857 subito
899 1820 914 1869 ;
948 1818 1016 1856 an
1049 1818 1158 1857 uno
1188 1802 1258 1857 ab
1296 1803 1449 1869 ictu;
1481 1818 1547 1857 an
1576 1803 1857 1873 quidpiam
1878 1804 2091 1858 elfatus.
2140 1801 2253 1859 Heu

681 1893 1091 1963 spectaculum!
1126 1892 1271 1947 Proh
1319 1893 1508 1947 horam
1544 1893 1726 1948 illam!
1760 1892 2099 1949 Thesauruni
2129 1910 2254 1948 cum

682 1986 823 2039 bona
849 2001 945 2056 spe
974 1986 1303 2051 dimisimus,
1331 1997 1383 2040 ct
1418 1986 2054 2072 luctum‘ineluctabilem
2088 1986 2257 2041 colle-

681 2092 881 2146 gnnus.

756 2253 821 2308 Et
854 2255 981 2325 quis
1019 2270 1317 2309 :erumnam
1350 2257 1639 2325 deplorans
1661 2298 1677 2322 ,
1709 2258 1931 2328 dignum
1959 2260 2255 2331 quidquam

685 2348 865 2417 eloqui
902 2348 1115 2417 possit?
1144 2347 1399 2404 Fortasse
1432 2362 1485 2404 et
1526 2350 1606 2405 sol
1640 2351 1753 2421 ipse
1780 2352 2045 2418 insuavis,
2083 2364 2136 2409 et
2172 2355 2259 2407 in-

686 2437 839 2491 visus
879 2454 993 2500 aer,
1046 2446 1098 2491 et
1124 2452 1271 2491 mare
1302 2438 1681 2506 injucundum,
1713 2449 1768 2493 et
1796 2448 1938 2493 terra
1966 2456 2073 2494 non
2104 2451 2260 2510 opta-

684 2531 831 2596 bilis,
855 2540 909 2583 et
932 2530 1128 2583 malum
1148 2530 1419 2592 odiosum,
1444 2530 1858 2585 intellectualem
1878 2533 2085 2585 stellam
2114 2541 2258 2585 tuam

688 2635 794 2673 non
830 2620 1056 2673 habens.
1091 2618 1215 2671 Haec
1269 2628 1430 2688 atque
1486 2618 1574 2673 bis
1635 2621 1787 2689 plura
1831 2621 2069 2673 animam
2113 2631 2258 2674 tuam

686 2711 1055 2766 concutiet-tia
1077 2749 1093 2774 ,
1126 2726 1221 2764 cor
1248 2710 1698 2778 cunstringentiu,
1731 2720 1784 2763 et
1822 2713 2059 2765 calentes
2089 2711 2262 2780 lacry-

688 2826 805 2865 mas
830 2808 1136 2876 fundentia,
1171 2821 1224 2864 et
1245 2809 1478 2877 ejulatns
1502 2808 1811 2872 edentia,et
1846 2809 1912 2863 ad
1948 2811 2070 2863 vita:
2104 2808 2262 2863 istius

688 2903 908 2958 tzedium
945 2902 1263 2973 redigentia.
1328 2901 1524 2955 Verum
1562 2917 1681 2970 age,
1720 2903 1961 2966 domina,
2005 2917 2124 2972 age,
2176 2917 2262 2955 re-

688 2996 937 3061 valesce;
995 3006 1208 3066 tempus
1257 3004 1341 3049 est
1405 3003 1461 3047 ut
1522 2998 1761 3047 animum
1818 2996 2051 3049 relicias.
2102 2994 2262 3063 Aperi

689 3103 872 3149 aures,
913 3086 1126 3141 divinas
1150 3103 1313 3142 voces
1337 3085 1653 3139 exaudiens.
1690 3084 1862 3139 llomo
1885 3086 2020 3139 sicut
2047 3086 2261 3154 fenum:

2350 614 2449 685 τὴν
2480 614 2717 683 ἐρημίαν
2754 614 2853 682 τῆς
2878 614 3107 683 χηρείας
3160 612 3283 665 καθ’
3320 615 3443 667 ὅσον
3475 608 3589 667 οἷόν
3619 630 3679 666 τε
3718 615 3923 668 ὑποτε-

2356 706 2649 776 μνόμενον,
2684 705 2777 758 καὶ⁵
2803 705 2927 758 ὅλου
2947 705 3039 757 τοῦ
3066 705 3183 775 βίου
3211 706 3271 759 ὃν
3301 706 3667 775 παραμύθιον,
3700 709 3843 759 κατά
3864 724 3926 759 τε

2350 797 2449 866 τὴν
2482 797 2619 849 ἰδίαν
2649 798 2853 861 ἑστίαν,
2894 800 2987 849 καὶ
3018 800 3146 861 τοὺς
3180 797 3272 866 ἀφ’
3305 798 3557 868 αίματος.
3592 799 3701 851 Καὶ
3729 798 3784 849 τί
3831 800 3929 863 γέ-

2352 906 2539 957 γονεν,
2569 889 2813 959 Ἀπέπτη
2859 891 2966 943 τῶν
3013 891 3294 959 μητρικῶν
3331 890 3643 961 ὀφθαλμῶν,
3684 890 3929 957 ἐξεκόπη

2351 984 2449 1051 τῆς
2478 980 2691 1049 ἀγαθῆς
2734 981 2917 1051 ῥίζης*
2963 983 3057 1034 καὶ
3090 981 3208 1034 οὐδὲ
3248 983 3369 1033 κατ’
3408 981 3719 1050 ὀφθαλμοὺς
3746 983 3773 1032 6
3818 979 3928 1031 θά-

2351 1089 2512 1135 νατος
2536 1087 2549 1102 ⁸
2588 1072 2675 1139 ἐφ’
2703 1066 2747 1139 ᾧ
2794 1073 2889 1127 καὶ
2939 1074 3284 1143 παρηγορίαν
3306 1074 3396 1126 διὰ
3432 1074 3539 1127 τῶν
3569 1073 3784 1139 ἐξοδίων
3818 1076 3929 1141 ρη-

2356 1166 2565 1235 μάτων,
2620 1166 2715 1217 καὶ
2757 1165 2856 1227 τῆς
2903 1166 3057 1227 ὁσίας
3108 1170 3284 1233 ταφῆς
3328 1166 3665 1234 ἐρανίζονται
3707 1168 3755 1217 οἱ
3796 1167 3933 1227 τοὺς

2352 1256 2586 1315 οἰκείους
2631 1256 3070 1325 προπέμποντες.
3111 1256 3224 1310 Νῦν
3258 1257 3315 1310 δὲ
3337 1298 3351 1321 ,
3406 1257 3543 1326 μετά
3572 1256 3682 1309 τῶν
3715 1256 3927 1317 ἄλλων,

2353 1346 2713 1419 ἀφῃρέθημεν
2743 1348 2837 1400 καὶ
2864 1346 3027 1414 τῆσδε
3055 1347 3154 1417 τῆς
3198 1347 3619 1418 παρακλήσεως,
3646 1346 3740 1399 τοῦ
3781 1349 3927 1413 ἁγα-

2354 1438 2450 1492 θοῦ
2494 1437 2681 1506 ἔρνους
2730 1437 2978 1507 μαχαίρᾳ
3021 1437 3293 1507 πολεμικῇ
3336 1434 3654 1506 τμηθέντος.
3712 1434 3777 1486 Ὠ
3820 1437 3930 1502 τῆς

2354 1528 2596 1596 ἐλεεινῆς
2634 1527 2976 1597 τραγῳδίαςί
3004 1527 3051 1580 ὦ
3094 1527 3192 1596 τῆς
3235 1527 3623 1597 ἀπαρακλήτου
3666 1526 3933 1595 συμπτώο

2358 1620 2529 1682 σεωςί
2592 1619 2839 1671 ’Δστατεί
2878 1618 3003 1689 ἄρτι
3035 1620 3064 1671 6
3108 1618 3231 1682 νοῦς
3272 1618 3598 1688 ἀναθεωρῶν
3625 1616 3688 1670 τὸ
3713 1616 3888 1675 πάθος
3911 1658 3927 1677 ,

2359 1712 2459 1765 ποῦ
2500 1713 2593 1765 καὶ
2643 1712 2760 1776 πῷς
2805 1711 3085 1783 ὑπήρχθη,
3133 1712 3273 1765 κατὰ
3318 1714 3472 1764 ποῖον
3508 1711 3726 1780 μέλοςη
3764 1710 3932 1777 φονία

2356 1807 2480 1877 χεὶρ
2516 1805 2704 1875 ἐτάθη,
2760 1806 2903 1857 κατὰ
2939 1806 3062 1857 τίνα
3098 1805 3264 1857 τόπον
3294 1803 3476 1857 πεσὼν
3515 1802 3772 1856 ἀπέπνει·
3812 1798 3931 1870 ἆρα

2359 1896 2549 1950 θᾶττον
2575 1913 2589 1927 ⁸
2621 1892 2731 1967 ἆρα
2764 1898 2828 1950 ἐκ
2868 1897 2997 1964 μιᾶς
3031 1894 3277 1966 πληγῆς·
3301 1890 3412 1965 ἆρά
3435 1912 3490 1946 τι
3528 1893 3787 1946 ἐπειπών.
3815 1892 3930 1943 tlte-3

2356 1990 2456 2059 τῆς
2492 1989 2765 2058 ἱστορίαςί
2812 1989 3008 2042 ’Λϐάλε
3046 1988 3147 2057 τῆς
3177 1986 3328 2058 ὥρας
3356 1986 3597 2057 ἐκείνηςί
3645 1986 3931 2041 Ἀπεστείο

2356 2080 2531 2151 λαμεν
2572 2081 2693 2149 μετ’
2755 2080 2969 2143 ἐλπίδος
3022 2083 3266 2150 χρηστῆς
3314 2080 3408 2132 τὸν
3468 2078 3769 2149 θησαυρὸν,
3829 2080 3932 2131 καὶ

2357 2174 2745 2242 ἐτρυγήσαμεν
2772 2172 3214 2242 ἀπαραμύθητον
3239 2170 3494 2242 ὀδυρμόν.

2430 2262 2539 2314 Καὶ
2568 2263 2619 2314 τί
2655 2264 2718 2314 ἄν
2747 2279 2831 2325 τις
2857 2264 3001 2317 εῐποι
3019 2262 3168 2328 ἀξιον
3200 2262 3429 2335 θρήνους
3450 2262 3827 2331 ἐλεεινολογῶν
3866 2264 3933 2317 τὸ

2359 2352 2526 2416 πάθος
2548 2370 2564 2419 ;
2593 2353 2745 2422 Τάχα
2782 2370 2862 2405 σοι
2890 2358 2983 2406 καὶ
3005 2357 3033 2405 ὁ
3053 2353 3202 2422 ἥλιος
3224 2356 3468 2421 στυγνὸς,
3490 2359 3582 2405 καὶ
3605 2356 3633 2405 6
3668 2355 3775 2422 ἀὴρ
3795 2370 3930 2404 κατ-

2358 2442 2526 2509 ηφὴς,
2558 2440 2653 2493 καὶ
2682 2444 2714 2510 ἡ
2750 2440 2994 2494 θάλασσα
3019 2443 3117 2512 οὐχ
3147 2444 3319 2511 ήδεῑα,
3355 2444 3496 2512 καὶὴ
3522 2446 3591 2511 γῆ
3616 2443 3715 2495 οὐκ
3737 2443 3930 2513 ἐφετὴ,

2359 2536 2453 2585 καὶ
2501 2535 2529 2585 6
2561 2534 2787 2603 οὐρανὸς
2831 2535 3096 2604 ἐπαχθὴς,
3136 2538 3236 2588 οὐκ
3272 2534 3412 2605 ἔχων
3446 2550 3552 2587 »σου
3602 2534 3695 2588 τὸν
3740 2537 3932 2604 νοητὸν

2360 2624 2587 2694 ἀστέρα.
2624 2624 2873 2677 Τοσαῦτα
2906 2627 2999 2677 καὶ
3020 2626 3100 2679 ἐτι
3136 2625 3305 2679 πλείω
3340 2623 3545 2678 τούτων
3588 2626 3657 2679 τά
3701 2626 3930 2696 κραδαί-

2360 2717 2519 2769 νοντά
2550 2733 2642 2768 σου
2672 2716 2769 2786 τὴν
2815 2717 3009 2786 ψυχὴν,
3050 2717 3145 2770 καὶ
3192 2718 3484 2789 συνέχοντα
3530 2719 3627 2790 τὴν
3676 2719 3928 2789 καρδίαν,

2363 2807 2458 2859 καὶ
2520 2806 2823 2879 προχέοντα
2875 2810 2944 2861 τὰ
2996 2808 3173 2879 θερμὰ
3214 2811 3449 2881 δάκρυα,
3519 2810 3614 2864 καὶ
3675 2812 3932 2882 ἀναπέμ-

2364 2917 2533 2954 ποντα
2552 2899 2651 2964 τὰς
2680 2901 2948 2971 οίμωγάς,
2990 2906 3084 2955 καὶ
3114 2903 3492 2973 ἐξαποροῦντα
3524 2905 3615 2955 καὶ
3640 2903 3806 2957 αὑτοῦ
3832 2904 3931 2956 τοῦ

2364 2990 2485 3062 ζῇν.
2529 2992 2688 3045 Ἀλλὰ
2712 2990 2890 3062 δεῦρο,
2938 2994 3124 3065 κυρία,
3163 2994 3346 3062 δεῦρο,
3384 2994 3734 3065 ἀναψύχησον
3761 3011 3773 3022 ’
3804 3012 3935 3051 καί-

2367 3082 2457 3153 ρὺς
2486 3083 2594 3152 γὰρ
2626 3084 2973 3151 ἀνακλήσεως
2993 3101 3005 3114 ”
3032 3084 3242 3149 ἇνοιξὸν
3261 3102 3353 3138 σου
3385 3084 3455 3138 τά
3481 3079 3615 3145 ὦτα,
3649 3090 3935 3156 ἐπακροω-

689 3179 800 3232 dies
848 3180 959 3246 ejus
1002 3187 1251 3248 tanquam
1313 3180 1409 3244 [los
1445 3179 1582 3246 agri,
1643 3177 1717 3229 sic
1760 3178 2057 3245 dcﬂorcscet
2090 3178 2156 3230 '°.
2190 3206 2258 3215 —

2369 3172 2507 3243 μένη
2555 3173 2663 3226 τῶν
2702 3174 2860 3227 θείων
2904 3178 3113 3243 φωνῶν,
3153 3178 3488 3244 Ἀνθρωπος
3542 3177 3683 3231 ὡσεὶ
3718 3178 3937 3247 χόρτος

694 3269 817 3322 Non
843 3270 943 3321 erit
976 3272 1129 3321 homo
1181 3272 1269 3339 qui
1306 3272 1452 3331 τίνει,
1493 3280 1540 3320 ct
1578 3283 1679 3320 non
1710 3268 1895 3320 ridebit
1947 3277 2165 3320 mortem
2192 3270 2257 3321 ⁵⁷.

690 3389 761 3399 -
800 3359 860 3413 Si
888 3360 1152 3411 credimus
1193 3362 1329 3427 quod
1372 3356 1527 3411 Jews
1559 3367 1792 3410 nmrtuus
1822 3366 1896 3409 est
1936 3366 1984 3409 et
2031 3373 2264 3409 resurre-

691 3455 769 3506 xit
794 3468 815 3518 ,'
845 3454 920 3505 ita
943 3463 990 3505 et
1009 3451 1147 3506 Deus
1178 3468 1261 3505 eos
1288 3453 1376 3517 qui
1398 3451 1718 3503 dormierunt
1748 3466 1838 3518 per
1858 3447 2064 3513 Iesum,
2096 3450 2267 3502 addu-

693 3555 769 3599 cet
808 3560 925 3597 cum
958 3560 1017 3596 eo
1044 3542 1109 3596 ⁸⁸.
1141 3540 1257 3596 Non
1300 3542 1461 3612 igitur
1491 3557 1718 3611 prorsus
1743 3541 2029 3597 amisimus
2059 3541 2263 3607 lilium;

694 3635 787 3690 sed
824 3635 986 3703 paulo
1030 3642 1195 3703 post,
1250 3649 1372 3687 cum
1408 3634 1713 3687 insonuerit
1768 3634 2066 3687 novissima
2115 3633 2265 3697 tuba,

694 3735 943 3797 resurget
976 3727 1029 3779 in
1061 3741 1349 3780 occursum
1386 3724 1595 3779 Domini
1636 3726 1687 3777 in
1739 3740 1887 3788 aera,
1924 3733 1976 3777 et
2016 3725 2085 3777 ibi
2115 3726 2264 3777 illum

694 3819 1001 3873 videbimus
1023 3818 1089 3871 ".
1125 3817 1330 3869 Letbali
1376 3819 1529 3885 plaga
1571 3817 1691 3869 istic
1726 3831 1900 3869 caesus
1940 3826 2024 3869 est
2055 3832 2069 3867 :
2105 3826 2161 3869 at
2195 3816 2267 3869 ibi

695 3923 931 3962 mmrorc
955 3907 1285 3976 sempiterno
1316 3923 1423 3960 non
1458 3907 1737 3968 allicietur,
1791 3906 2013 3960 Christo
2045 3907 2267 3961 indutus

694 4015 791 4069 per
818 3999 1174 4067 baptismum,
1210 3997 1481 4066 iidemque
1528 3998 1885 4051 orthodoxam
1927 3998 2266 4067 complexus,

695 4104 760 4143 ac
789 4088 977 4144 saeculi
1010 4088 1173 4157 liuius
1201 4088 1571 4156 voluptatibus
1597 4088 1815 4140 vixdum
1845 4104 2062 4141 summo
2100 4088 2269 4158 digito

695 4196 793 4250 per
820 4180 1114 4251 iuvenilem
1148 4190 1361 4234 aetatem
1390 4180 1714 4248 degustatis.
1747 4178 1920 4244 Quam
1954 4179 2025 4234 ob
2042 4195 2267 4234 causam

697 4271 973 4327 credimus
1006 4270 1157 4323 illum
1182 4270 1394 4323 veniam
1425 4285 1617 4323 eorum
1646 4308 1660 4334 ,
1693 4286 1813 4339 qua:
1848 4279 1906 4324 ut
1944 4270 2105 4325 homo
2134 4286 2270 4339 pra»

698 4364 931 4419 termisit
956 4362 1040 4416 vel
1071 4362 1292 4416 admisit
1318 4401 1332 4425 ,
1389 4376 1483 4430 per
1535 4362 1881 4414 immaturam
1920 4370 1973 4415 et
2010 4362 2267 4430 injustam

696 4436 840 4510 lianc
870 4464 1103 4509 mortem
1148 4452 1585 4523 impetraturum.
1639 4451 1813 4517 Quam
1866 4452 2051 4508 multis
2095 4456 2266 4515 enim,

2362 3266 2422 3317 al
2443 3263 2655 3333 ἡμέραι
2696 3265 2881 3321 αὑτοῦ
2905 3282 2919 3296 ·
2956 3266 3098 3321 ὡσεὶ
3144 3267 3327 3334 ἄνθος
3377 3268 3483 3323 τοῦ
3507 3269 3720 3338 ἀγροῦ,
3745 3271 3935 3336 οὕτως

2362 3356 2908 3424 ἐξακθήσει.-Οὐκ
2930 3360 3102 3413 ἔστιν
3126 3360 3435 3428 ἄνθρωπος
3463 3360 3530 3426 ὃς
3562 3361 3817 3425 ζήσεται,
3834 3362 3935 3414 καὶ

2363 3451 2474 3503 οὐκ
2494 3449 2702 3517 ὄψεται
2735 3449 3154 3503 θάνατον.-Ει
3182 3451 3541 3519 πιστεύομεν
3569 3451 3657 3503 ὅτι
3693 3452 3936 3519 Ἰησοῦς

2364 3538 2627 3593 ἀπέθανε
2656 3540 2752 3591 καὶ
2785 3539 3033 3605 ἀνέστη,
3057 3537 3245 3604 οὕτως
3276 3540 3373 3592 καί
3402 3543 3434 3594 ό
3473 3540 3614 3604 Θεὸς
3636 3541 3775 3605 τοὺς
3805 3558 3933 3594 κοι-

2359 3631 2657 3700 μηθέντας
2687 3629 2783 3683 διὰ
2814 3630 2919 3683 τοῦ
2956 3630 3158 3697 Ἰησοῦ
3202 3630 3333 3695 ἄξει
3360 3631 3481 3684 σὺν
3508 3631 3686 3697 αὐτῷ.
3708 3634 3783 3685 Οὐ
3815 3633 3935 3684 τοὶ-

2365 3736 2461 3772 νυν
2486 3720 2672 3771 λοιπὸν
2712 3719 3080 3791 ἀπολώλαμεν
3101 3720 3190 3773 τὸν
3224 3722 3337 3775 υἱόν
3359 3738 3375 3752 ’
3398 3721 3530 3774 ἀλλά
3560 3723 3756 3792 μικρὸν
3779 3722 3939 3775 ὓστε-

2368 3829 2479 3882 ρον,
2518 3813 2680 3880 ἡνίκα
2712 3815 2743 3882 ἡ
2771 3812 2975 3883 ἐσχάτη
3004 3813 3238 3881 σάλπιγξ
3269 3815 3527 3883 φωνήσει,
3567 3816 3937 3885 ἀναστήσεται

2366 3905 2444 3967 είς
2476 3904 2782 3975 ἀπάντησιν
2828 3904 3179 3975 τοῦΚυρίου
3226 3909 3304 3968 εἰς
3357 3906 3529 3975 ἀέρα’
3565 3910 3727 3959 κάκεῖ
3772 3908 3936 3960 αὑτὸν

2365 3995 2630 4066 ὀψόμεθα-
2690 3996 2933 4067 Ἑπλήγη
2980 3999 3203 4069 καιρίαν
3251 3997 3483 4052 ἐνταῦθα
3524 3997 3774 4069 πληγὴν,
3819 3997 3936 4051 ἀλλ’

2368 4086 2547 4138 ἐκεῖσε
2580 4086 2738 4149 ἀνίας
2762 4089 2983 4140 αἰωνίου
3032 4089 3093 4141 οὐ
3143 4088 3555 4160 πειραθήσεται,
3588 4090 3824 4161 Χριστὸν
3846 4093 3933 4143 ἐν-

2367 4175 2657 4245 δεδυμένος
2701 4177 2787 4229 διά
2826 4177 2921 4230 τοῦ
2961 4177 3355 4248 βαπτίσματος,
3401 4181 3497 4249 τήν
3537 4196 3598 4232 τε
3631 4180 3812 4232 πίστιν
3835 4181 3933 4250 ὁρ-

2370 4265 2583 4331 θόδοξον
2626 4268 2894 4339 ἐσχηκὼς,
2938 4270 3033 4322 καὶ
3082 4270 3234 4323 οὔπω
3281 4272 3612 4340 ἐμπλησθεὶς
3660 4272 3771 4326 τῶν
3807 4276 3935 4343 τῇδε

2369 4357 2560 4427 ἡδέων,
2586 4358 2709 4410 ὅσον
2735 4358 2892 4428 ἄκρῳ
2921 4359 2999 4429 τῷ
3029 4359 3277 4429 δακτύλῳ
3297 4359 3703 4428 ἀπογεύσασθαι
3725 4363 3811 4415 διὰ
3836 4364 3933 4431 τὴν

2369 4449 2622 4518 νεότητα.
2650 4442 2726 4503 Ob
2759 4451 2923 4519 χάριν
2961 4450 3289 4518 πιστεύομεν
3318 4450 3538 4503 καὶτῶν
3556 4452 3631 4514 ὡς
3656 4452 3932 4522 ἀνθρώπῳ

695 4550 948 4611 domina,
983 4547 1035 4600 in
1066 4560 1230 4600 carne
1274 4559 1520 4604 manens,
1553 4544 1892 4597 exercendus
1916 4544 2076 4597 malis
2104 4545 2259 4598 erat!

2369 4538 2517 4609 αὐτῷ
2543 4539 2989 4610 παρεωραμένων
3019 4542 3113 4593 καὶ
3144 4541 3715 4612 πεπλημμελημένων,
3735 4544 3823 4596 διά
3842 4548 3931 4596 τὶν

693 4641 891 4692 Annon
924 4635 1019 4689 tibi
1050 4634 1263 4688 videtur
1299 4634 1414 4687 haec
1441 4634 1550 4686 vita
1581 4632 1787 4686 homini
1815 4635 1880 4686 ad
1911 4635 2264 4688 tentationem

695 4727 1002 4783 attributa?
1039 4726 1323 4795 coniugem
1378 4726 1645 4795 accipere.
1704 4725 1906 4780 liberos
1953 4740 2263 4795 procreare,

694 4821 891 4885 servis,
920 4818 1149 4887 aliisque
1179 4818 1342 4871 rebus
1384 4817 1453 4870 ad
1486 4818 1651 4870 vitam
1684 4808 1908 4873 utilibus
1942 4818 2218 4872 abundare
2247 4835 2263 4871 :

698 4912 998 4967 addiderim
1043 4920 1099 4965 et
1151 4916 1381 4964 terrenae
1416 4908 1602 4979 gloria:
1633 4922 1999 4979 progressum.
2058 4908 2266 4975 Quibus

694 5005 953 5058 omnibus
984 5002 1289 5072 expeditus,
1339 5015 1592 5069 magnam
1631 5000 1918 5055 habiturus
1948 5010 2033 5055 est
2072 5002 2266 5055 animae

696 5095 1026 5157 libertatem,
1060 5090 1172 5147 Deo
1195 5092 1541 5154 conjunctus,
1587 5098 1643 5143 et
1670 5088 1831 5143 salsis
1860 5091 1983 5144 vita:
2012 5089 2265 5145 ﬂuctibus

696 5187 937 5239 animam
975 5183 1167 5237 leviter
1192 5195 1471 5251 aspersus.

2366 4630 2608 4684 τοιοῦτον
2644 4633 2821 4703 ἄωρον
2846 4634 2943 4686 καὶ
2979 4635 3164 4688 ἄδικον
3197 4635 3425 4689 θάνατον
3457 4636 3801 4707 συγχώρησιν
3839 4637 3932 4708 λή-

2366 4722 2586 4792 ψεσθαι.
2620 4724 2809 4778 Πόσων
2838 4727 2947 4797 γὰρ
2970 4726 3213 4796 ἔμελλεν,
3245 4722 3290 4780 ὦ
3324 4729 3508 4799 κυρία,
3541 4730 3819 4798 ἐπιμένων
3862 4733 3929 4801 τῇ

2368 4825 2535 4888 σαρκί
2583 4818 2966 4888 ἐμφορηθῆναι
2992 4820 3216 4887 κακῶν;
3243 4819 3276 4890 ἢ
3307 4822 3367 4873 οὐ
3390 4821 3538 4874 δοκεῖ
3567 4838 3647 4874 σοι
3672 4824 3753 4875 ὅτι
3777 4825 3805 4877 6
3834 4827 3929 4893 τῇ·

2365 4907 2425 4960 δε
2457 4906 2571 4977 βίος
2630 4911 2988 4980 πειρατήριον
3032 4910 3109 4980 τῷ
3144 4910 3413 4982 ἀνθρώπῳ
3468 4911 3814 4981 καθέστηκε;
3844 4930 3930 4965 συ-

2367 4997 2534 5066 ζύγου
2566 4998 2750 5069 λῆψις,
2779 5000 2983 5053 τέκνων
3014 5002 3228 5069 κτῆσις,
3252 5002 3454 5056 δούλων
3488 5006 3581 5055 καὶ
3619 5004 3794 5057 ἄλλων
3822 5006 3929 5057 τῶν

2366 5091 2507 5143 κατά
2548 5091 2641 5143 τὸν
2674 5091 2789 5161 βίον
2810 5094 3256 5163 χρησιμευόντων
3281 5096 3567 5163 περιουσία
3592 5110 3606 5125 '
3636 5096 3929 5167 προσθείην

2366 5180 2411 5232 δ’
2458 5182 2523 5235 ἂν
2571 5184 2667 5236 καὶ
2712 5186 2960 5252 ἐπιγείου
3008 5186 3201 5250 κλέους
3252 5188 3491 5261 πρόοδος.
3526 5182 3627 5240 Ὧν
3676 5189 3931 5241 ἁπάντων

697 5278 1055 5345 ἀπαλλαγεὶς,
1086 5274 1287 5344 πολλὴν
1340 5271 1452 5337 ἔξει
1482 5271 1579 5340 τῆς
1607 5270 1788 5342 ψυχῆς
1840 5273 1939 5340 τὴν
1972 5269 2306 5340 ἐλευθερίαν,
2341 5271 2419 5341 τῷ
2452 5271 2571 5342 Θεῷ
2608 5276 3115 5346 προσοικειούμενος
3137 5293 3151 5308 ·
3181 5278 3275 5330 καὶ
3303 5279 3456 5345 ὀλίγα
3514 5278 3822 5350 ῥαπισθεὶς
3868 5283 3930 5333 ἐκ

694 5370 796 5439 τῆς
822 5368 1069 5437 ἁλμυρᾶς
1098 5365 1192 5418 τοῦ
1222 5364 1337 5433 βίου
1378 5361 1674 5433 τρικυμίας
1715 5364 1813 5432 τὴν
1840 5365 2034 5434 ψυχήν.

769 5460 905 5513 llinc
926 5459 1089 5527 igitur
1119 5458 1332 5511 remitte
1373 5472 1435 5509 ac
1461 5455 1692 5523 depone,
1734 5455 1977 5520 domina,
2006 5459 2261 5514 inconso-

698 5549 912 5604 labilem
946 5548 1190 5603 dolorem
1221 5562 1234 5597 ε
1267 5556 1444 5599 statue
1497 5546 1787 5600 terminum
1824 5560 2080 5601 a‘rumna:
2125 5564 2261 5603 con-

699 5651 978 5713 gruentem
1010 5658 1023 5693 :
1055 5637 1282 5693 Immola
1306 5638 1409 5691 Deo
1428 5638 1651 5691 hostiam
1683 5638 2007 5694 laudationis
2034 5640 2100 5706 ‘°,
2128 5655 2260 5694 con-

2458 5455 2737 5510 Ἐντεῦθεν
2757 5454 3067 5527 τοιγαροῦν,
3085 5459 3229 5523 ἄνες,
3248 5458 3402 5527 ἄφες,
3419 5460 3690 5524 δέσποινα,
3710 5464 3770 5516 τὸ
3790 5466 3929 5517 άπαο

2376 5547 2677 5617 ρηγόρητον
2710 5544 2972 5615 λυπηρὸν,
3002 5546 3169 5616 πῆξον
3196 5550 3322 5617 ὅρον
3361 5548 3440 5619 τῷ
3484 5550 3645 5603 πάθει
3696 5551 3925 5623 διαρκῆ·

2372 5639 2572 5694 Θῡσον
2588 5636 2665 5704 τῷ
2686 5636 2805 5704 Θεῷ
2830 5642 3048 5694 θυσίαν
3088 5641 3393 5707 αἰνέσεως,
3432 5642 3927 5716 ἀνθομολογήσεως.

769 5818 815 5849 ⁸⁸
848 5816 993 5871 Psal.
1025 5831 1117 5883 cn,
1152 5817 1238 5871 15.
1315 5818 1359 5849 ⁸⁷
1403 5817 1545 5874 Psal.
1589 5832 1817 5883 unm,
1849 5816 1938 5871 49.
2015 5817 2060 5849 ⁵³
2094 5815 2254 5872 l'l'lie

2372 5834 2444 5883 tv,
2486 5819 2571 5873 l3.
2649 5820 2692 5851 '°
2724 5818 2855 5874 ibid.
2892 5819 2977 5878 15.
3052 5820 3096 5851 ⁸⁵
3126 5817 3270 5875 l‘sal.
3300 5835 3445 5884 uix,
3478 5820 3565 5875 Η.
