4156 6532
242 486 383 549 1457

1435 481 1973 543 EPISTOLARUM
2015 482 2162 541 LIB.
2207 481 2263 540 ΙΙ
2276 526 2290 541 .

3358 478 3492 542 1458

238 597 376 651 Εἰπὲ
404 596 543 665 μετά
565 596 659 650 τοῦ
689 595 962 667 μακαρίου
1006 590 1129 644 ’ῐώδ
1148 605 1161 617 ·
1208 588 1270 641 '0
1301 587 1511 656 Κύριος
1532 587 1819 652 Edmund

1930 585 2195 641 fessionis.
2267 583 2362 639 Dic
2415 600 2537 639 cum
2602 586 2763 640 beato
2823 584 3256 642 Johzbominus
3326 590 3493 651 dedit,

237 690 457 756 Κύριος
482 688 759 756 ἀφείλετο
780 702 793 716 ·
809 688 888 751 ὠς
910 681 988 749 τῷ
999 680 1191 750 Κυρίῳ
1212 678 1444 743 ἔδοξεν,
1473 680 1661 745 οὕτως
1712 677 1812 732 καὶ

235 780 495 849 ἐγένετο.
527 780 759 848 Φοέγξαι
818 779 886 831 τὰ
941 775 1139 829 Δαυῖδ·
1186 774 1603 841 Ἐπίστρεψον,
1640 771 1811 841 ψυχή

233 891 378 943 μου,
397 876 482 938 εις
506 872 621 938 τὴν
663 869 1015 925 ἀνάπαυσιν
1036 881 1174 920 σου.
1202 866 1364 934 Ψυχὴ
1392 865 1499 934 γάρ
1525 881 1641 928 σου,
1667 862 1810 934 ήτοῦ

236 967 358 1020 υἱοῦ
391 965 708 1026 ἀποϐίωσις·
738 963 873 1031 πρὸς
895 962 951 1014 δὲ
1000 960 1098 1030 τὴν
1145 957 1375 1028 χηρείαν
1430 956 1811 1009 ἀνασλέπουσα

241 1056 405 1130 {Reg
445 1056 569 1110 cod.
618 1047 1053 1125 ἀποελέπουσα],
1087 1046 1414 1120 ἀνάκραξον·
1445 1049 1658 1115 Κύριος
1684 1046 1813 1116 ἐμοὶ

232 1149 467 1215 ,βοηθός
490 1164 502 1177 ·
533 1148 605 1201 οὐ
638 1143 1051 1214 φοϐηθήσομαι
1079 1144 1134 1194 τί
1161 1142 1402 1206 ποιήσει
1441 1158 1544 1210 μοι
1593 1140 1814 1207 ἄνθρω-

238 1256 377 1305 πος.
419 1238 576 1292 Οὕτω
608 1238 718 1307 γὰρ
766 1233 1117 1303 διατιθεμένη
1166 1232 1391 1300 ἑαυτὴν,
1448 1230 1665 1302 πρῶτον
1717 1230 1815 1300 μὲν

238 1330 374 1382 Θεὸν
388 1329 679 1399 εὐφρανεῖς
697 1326 772 1388 ὡς
792 1323 1131 1393 αὐθαιρέτως
1145 1321 1359 1384 θυσίαν,
1379 1321 1520 1375 κατὰ
1543 1319 1814 1390 Ἀϐραὰμ,

237 1422 333 1475 τὸν
361 1420 474 1473 υἱὸν
506 1418 912 1489 προσφέρουσα.
950 1410 1087 1469 Εἶτα
1127 1413 1225 1468 καὶ
1280 1413 1430 1483 αὐτῷ
1465 1412 1543 1482 τῷ
1576 1413 1818 1482 φιλτάτῳ

238 1514 418 1583 τέκνῳ
448 1511 648 1584 χαρίσῃ
679 1512 747 1563 τὰ
796 1510 1093 1581 κράτιστα,
1139 1506 1334 1576 ὁρῶντί
1387 1522 1446 1559 σε
1480 1504 1818 1576 εὐχαρίστως

240 1607 541 1675 φέρουσαν.
578 1604 702 1665 Τοῖς
732 1619 793 1654 τε
827 1600 1007 1663 ἀλλοις
1042 1598 1247 1653 ἅπασιν
1280 1598 1584 1668 ὑπόδειγμα
1614 1599 1820 1667 ὑπομο-

240 1696 344 1765 νῆς
368 1695 581 1765 ἀγαθῆς
607 1693 1008 1763 καταστήσειας
1044 1691 1102 1743 ἐν
1128 1688 1350 1759 Χριστῷ
1394 1688 1569 1758 Ἰησοῦ
1599 1688 1677 1759 τῷ
1701 1690 1818 1742 κυ-

244 1786 350 1858 ρίῳ
367 1786 525 1857 ἡμῶν
543 1802 556 1816 ·
578 1785 638 1839 ὃν
659 1784 930 1854 εὐχόμεθα
951 1782 1228 1851 ἁψάμενόν
1258 1798 1353 1834 σου
1380 1781 1479 1847 τῆς
1499 1782 1725 1850 καρδίας
1751 1781 1821 1835 ἐν

240 1876 400 1930 ἐλέει
423 1877 514 1929 καὶ
534 1874 876 1943 οὶκτιρμοῒς,
892 1872 1189 1943 ἐμποιῆσαι
1207 1888 1290 1924 σοι
1304 1870 1417 1939 φῶς
1433 1871 1819 1943 εὐπαρηγόρη-

1916 678 2172 732 Dominus
2206 678 2464 741 abstulit;
2510 679 2645 731 sicut
2691 677 2916 733 Domino
2948 682 3187 748 placuit,
3219 682 3296 734 ita
3328 691 3377 736 et
3407 683 3493 751 [a-

1913 784 2055 827 ctum
2084 784 2161 827 est
2190 775 2254 825 ⁶¹.
2291 772 2467 827 Επδτε
2498 773 2626 826 illttd
2664 772 2879 827 Davidis
2909 792 2923 828 :
2954 774 3284 842 Convertere,
3311 778 3495 832 anima

1915 884 2052 931 mea,
2087 869 2140 920 iu
2165 868 2390 937 requiem
2425 877 2571 920 tuam
2586 867 2652 918 θ’.
2686 867 2878 920 Anima
2919 868 3064 921 enim
3104 878 3215 934 tua,
3255 869 3348 924 filii
3381 870 3496 924 obi-

1914 968 2025 1015 tus.
2061 959 2143 1013 Ad
2177 959 2493 1012 viduitatem
2538 974 2666 1013 vero
2715 960 3029 1028 respiciens.
3060 962 3303 1015 exclama
3340 979 3354 1015 :
3389 963 3497 1015 Do-

1918 1052 2089 1104 minus
2140 1051 2266 1103 mihi
2305 1050 2565 1119 adjutor:
2598 1067 2700 1104 non
2742 1038 2938 1104 timebo
2972 1052 3097 1121 quid
3146 1053 3312 1123 faciat
3364 1054 3495 1108 milii

1918 1146 2071 1199 homo
2098 1146 2163 1200 ⁸³.
2209 1146 2301 1199 Sic
2330 1147 2476 1200 enim
2532 1162 2866 1217 componens
2924 1148 3149 1216 teipsam
3180 1187 3194 1211 ,
3254 1145 3491 1215 primum

1918 1237 2137 1307 quidem
2173 1238 2338 1291 Deum
2364 1237 2683 1300 oblectabis,
2725 1246 2982 1305 tanquam
3010 1236 3312 1291 voluntarie
3340 1235 3497 1289 victi-

1921 1345 2085 1391 mam,
2119 1329 2259 1382 sicut
2287 1328 2581 1393 Abraham,
2604 1328 2768 1381 lilium
2797 1327 3052 1382 olierens.
3093 1326 3289 1381 Deinde
3308 1334 3362 1380 et
3392 1328 3492 1395 ipsi

1919 1421 2366 1475 cltarissimoﬁlio
2381 1419 2746 1490 gratissimam
2773 1434 2885 1472 rem
2910 1417 3095 1482 facies,
3113 1434 3236 1472 cum
3264 1427 3316 1471 te
3339 1426 3495 1486 grato

1920 1510 2105 1564 animo
2148 1508 2413 1563 ferentem
2455 1508 2701 1577 aspiciet.
2736 1506 2964 1562 Casteris
3018 1508 3181 1561 etiam
3238 1505 3496 1560 omnibus

1919 1602 2224 1670 exemplum
2244 1610 2447 1655 sanctae
2468 1600 2740 1670 patientia:
2763 1598 3028 1668 prmbehis
3054 1600 3107 1652 in
3124 1596 3341 1652 Christo
3366 1594 3493 1651 Jesu

1920 1693 2156 1747 Domino
2185 1702 2411 1756 nostro;
2439 1706 2599 1760 quem
2629 1706 2853 1745 oramus
2883 1698 2941 1743 ut
2972 1705 3069 1745 cor
3093 1700 3243 1743 tuum
3270 1698 3498 1759 tangens

1920 1787 1976 1839 iu
2006 1784 2369 1838 misericordia
2394 1793 2443 1837 et
2485 1783 2909 1836 miserationibus
2931 1784 3000 1847 “,
3038 1782 3218 1836 lumen
3247 1781 3499 1836 consola-

1924 1878 2089 1933 tionis
2126 1877 2224 1931 tibi
2266 1875 2537 1939 infundat,
2565 1891 2629 1930 ac
2656 1876 2821 1929 vitam
2854 1875 3206 1945 tranquillam
3242 1887 3501 1944 peragere

241 1985 357 2031 τον,
386 1966 693 2020 διατελέσαι
715 1983 775 2018 τε
797 1964 895 2036 τὴν
916 1963 1064 2031 ζωήν
1090 1981 1183 2016 σου
1224 1962 1610 2032 είρηνεύουσαν
1635 1978 1649 1992 ⁸
1687 1966 1820 2019 κάν-

1930 1968 2226 2034 concedat;
2262 1968 2482 2036 vitaque
2520 1968 2625 2021 hac
2674 1966 2972 2021 secundum
3025 1965 3197 2020 Deum
3257 1973 3498 2034 peracta,

240 2062 424 2117 ταῦθα
452 2063 736 2133 ἀραμένην
767 2059 986 2129 θεοτελῆ
1024 2058 1136 2129 βίον
1161 2056 1493 2122 καταξιῶσαι
1521 2060 1622 2129 τῆς
1642 2077 1702 2113 τε
1725 2063 1818 2117 τοῦ

242 2159 365 2214 υἱοῦ
396 2176 489 2211 σου
522 2157 874 2227 συνοψίσεως,
924 2157 1017 2209 καὶ
1057 2153 1526 2221 συναγαλλιάσεως
1553 2158 1792 2213 αἰωνίου.

317 2273 491 2344 PMC'
523 2272 818 2346 (57).-Τῇ
838 2271 1199 2339 ἀδελφότητι
1227 2271 1591 2339 Πελεκήτης.
1613 2272 1822 2345 [dixe-2]

1930 2063 2023 2117 lilii
2056 2063 2135 2119 tui
2176 2073 2522 2132 conspectus,
2550 2072 2605 2117 et
2632 2072 2848 2116 talenta:
2874 2076 2998 2117 cum
3025 2075 3091 2115 eo
3122 2059 3503 2115 exsultationis

1932 2170 2236 2230 compotem
2271 2159 2456 2215 faciat.

2212 2274 2440 2331 CXLVI.
2464 2308 2531 2317 —-
2563 2274 2917 2329 Frateruitali
2943 2274 3222 2329 Pelecetes.

1377 2390 1441 2440 Ut
1474 2404 1602 2440 novo
1627 2392 1893 2455 praeposito
1918 2394 2016 2443 rite
2044 2394 2414 2456 obtemperent.

319 2500 577 2573 Δυπηρδν
624 2501 722 2569 μὲν
765 2497 826 2552 τὸ
870 2496 1219 2569 συμϐεϐηκὸς
1251 2500 1315 2568 τῇ
1342 2498 1617 2568 τιμιότητι
1644 2498 1820 2568 ὑμῶν,

246 2595 467 2663 ἀδελφοὶ
514 2593 606 2645 καλ⁵
654 2590 916 2660 Πατέρες.
952 2591 1074 2653 Πῶς
1129 2590 1237 2660 γὰρ
1296 2589 1357 2642 οῦ
1389 2607 1404 2655 ;
1433 2592 1515 2643 ὅτι
1568 2590 1660 2643 τὸν
1706 2607 1824 2644 ποι-

1995 2501 2172 2556 Triste
2210 2501 2342 2555 illud
2376 2501 2595 2571 quidem
2642 2504 2788 2571 quod
2846 2501 3004 2557 vobis
3042 2502 3281 2565 accidit,
3332 2501 3508 2555 hono-

1925 2593 2078 2647 randi
2108 2592 2309 2647 fratres
2333 2592 2652 2663 Patresque.
2686 2591 2789 2660 Qui
2842 2595 2988 2648 enim
3023 2593 3221 2649 secus?
3259 2608 3385 2648 cum
3416 2609 3509 2663 pa-

252 2689 393 2758 μὲνα
426 2684 579 2755 ὑμῶν
599 2682 1035 2753 ἀποϐεϐλήκατε,
1068 2682 1162 2734 καὶ⁵
1192 2681 1445 2749 ἐγένεσθε
1471 2682 1546 2743 ὡς
1571 2681 1824 2752 ποίμνιον

1930 2696 2126 2739 stoan
2152 2695 2397 2739 veStrum
2429 2686 2728 2739 amiseritis
2746 2725 2762 2750 ,
2791 2684 3032 2755 factique
3054 2684 3173 2739 sitis
3193 2685 3341 2739 velut
3365 2684 3507 2738 ovile

244 2778 623 2852 ἠπορημένον,
654 2777 747 2831 καί
775 2777 943 2830 ταῦτα
970 2777 1026 2828 ἐν
1053 2775 1285 2845 ἡμέραις
1311 2772 1613 2839 τοιαύταις,
1635 2775 1718 2843 ἐφ’
1737 2771 1825 2837 αἷς

1930 2776 2273 2841 destitutum,
2297 2776 2461 2846 idque
2490 2776 2542 2830 in
2574 2776 2661 2831 his
2685 2776 2899 2843 diebus,
2923 2792 3019 2847 per
3047 2792 3186 2847 quos
3215 2777 3325 2848 lupi
3357 2787 3507 2831 atro-

247 2870 406 2922 λύκοι
434 2867 622 2939 βαρεῖς
649 2867 742 2919 ἐπὶ
792 2865 861 2918 τὰ
904 2864 1131 2935 ποίμνια
1182 2862 1277 2916 τοῦ
1321 2861 1562 2933 Χριστοῦ
1602 2863 1824 2933 ἐπερχό-

1931 2883 2021 2921 ces
2055 2866 2258 2922 Christi
2299 2869 2486 2923 caulas
2515 2854 2918 2940 ingrediuntur,
2974 2880 3027 2924 et
3056 2871 3269 2924 animas
3300 2870 3507 2940 deprte-

253 2978 428 3031 μενοι.
474 2959 567 3013 καὶ
618 2957 959 3025 συλαγωγείν
1017 2955 1199 3025 ψυχὰς
1263 2953 1633 3023 σοφιζόμενοι.
1688 2954 1826 3007 Ἀλλ’

1933 2960 2047 3013 dari
2086 2968 2264 3015 avent.
2299 2960 2577 3026 Attamen,
2604 2963 2863 3031 quoniam
2892 2978 2921 3017 a
2953 2961 3061 3017 Deo
3080 2972 3164 3017 est
3193 2962 3340 3031 quod
3372 2978 3507 3017 con-

248 3052 401 3120 ὄμως
432 3049 620 3119 ἐπειδὴ
650 3048 801 3116 παρά
826 3046 964 3099 θεοῦ
996 3045 1056 3098 τὸ
1091 3044 1326 3114 συμϐὰν,
1358 3044 1453 3115 καὶ
1501 3046 1631 3116 παρ’
1658 3044 1824 3098 αὑτοῦ

1934 3052 2072 3123 tigit,
2104 3054 2172 3107 ab
2199 3069 2376 3123 eoque
2411 3061 2727 3121 assumptus
2763 3064 2846 3107 est
2878 3064 3069 3123 pastor
3117 3062 3298 3107 vester
3321 3093 3336 3117 ,
3397 3069 3508 3122 quo

240 3138 607 3211 ’προσελήφθη
636 3137 665 3188 ὁ
694 3137 899 3206 ποιμὴν
932 3135 1105 3205 ὑμῶν,
1145 3134 1265 3187 καθ’
1295 3134 1355 3187 ὃν
1381 3134 1571 3206 καιρὸν
1612 3135 1729 3205 ᾔδει
1767 3136 1826 3188 τὸ

1933 3152 2175 3209 tempore
2204 3143 2453 3211 utrisque
2480 3142 2737 3209 expedire
2760 3153 3010 3204 noverat.
3065 3143 3158 3212 qui
3213 3142 3397 3195 omnia
3453 3142 3506 3193 iu

257 3232 536 3308 συμφέρον
568 3229 917 3299 ἀμεροτέρων,
945 3230 974 3281 ὁ
1011 3226 1079 3279 τά
1104 3226 1283 3279 πάντα
1301 3228 1358 3279 ἐν
1398 3230 1464 3296 τῇ
1487 3227 1651 3281 αὐτοῦ
1672 3229 1829 3297 σοφίᾳ

1935 3232 2200 3300 sapientia
2223 3248 2324 3286 sua
2349 3234 2589 3302 disponit
2622 3232 2918 3298 Dominus;
2955 3233 3158 3303 gratias
3183 3247 3343 3301 agere
3376 3246 3510 3286 con-

252 3322 472 3375 διοικῶν
498 3322 703 3391 Κύριος
728 3336 741 3349 ⁸
774 3321 1218 3390 εὑχαριστητέον,
1255 3320 1351 3372 καὶ
1378 3320 1479 3372 οὐκ
1513 3320 1826 3387 ἀγανακτη-

250 3414 397 3467 τέον.
430 3413 603 3477 Αὐτὸς
629 3411 738 3483 γάρ
772 3411 1017 3476 ἔδωκεν,
1056 3411 1220 3474 αὐτὸς
1263 3412 1357 3464 καὶ
1392 3411 1823 3479 προσελάϐετο,

252 3505 353 3557 καὶ
385 3505 463 3570 ὡς
486 3503 568 3570 τῷ
598 3504 793 3571 Κυρίῳ
848 3502 1081 3568 ἔδοξεν,
1113 3503 1299 3569 οὕτως
1344 3502 1441 3556 καὶ
1472 3504 1731 3573 ἐγένετο.
1764 3503 1829 3556 Τί

252 3591 351 3649 οὖν
403 3597 518 3647 ἐστι
560 3593 620 3647 τὸ
680 3592 1107 3663 ἐπιζητούμενον
1134 3610 1148 3655 ;
1177 3594 1296 3645 Ἵνα
1331 3594 1409 3654 εἰς
1450 3593 1675 3657 ἑαυτοὺς
1706 3594 1831 3663 ἄρτι

253 3688 486 3758 γένησθε
507 3705 520 3719 ·
551 3688 645 3740 καὶ
680 3684 861 3747 καθὼς
898 3684 1225 3755 ᾑρετίσασθε
1250 3684 1463 3737 ἑλέσθαι
1486 3686 1721 3755 ποιμένα
1742 3685 1833 3738 τὸν

254 3779 446 3849 κύριον
461 3778 681 3849 Σέργισν
696 3777 786 3829 τὸν
803 3776 1195 3828 εὐλαὸέστατον
1214 3775 1441 3843 ἀδελφὸν
1464 3776 1640 3845 ἡμῶν
1677 3779 1833 3845 εῐπερ

259 3873 338 3943 μή
369 3872 485 3924 ἐστί
508 3887 561 3923 τι
596 3870 731 3940 πρὸς
754 3869 845 3921 τὸν
878 3867 1065 3936 κύριον
1098 3868 1389 3939 Μακάριον
1418 3869 1510 3921 τὸν
1534 3885 1834 3938 πνευματι-

254 3965 353 4018 κὸν
382 3962 537 4034 ἡμῶν
572 3962 789 4031 Πατέρα
809 3959 1079 4024 ἐνδοιάζον
1100 3976 1113 3990 ·
1139 3960 1458 4029 ἐπιμεὶνητε
1478 3961 1833 4030 εὐθυνόμενοι

256 4058 355 4111 καὶ
393 4054 685 4125 ἀρχόμενοι
709 4055 801 4106 ὑπ’
832 4053 1019 4116 αὑτοῦ,
1042 4047 1102 4107 οὗ
1126 4052 1441 4119 ἐξελέξασθε
1461 4051 1833 4124 πνευματικοῦ

258 4149 487 4220 πατρὸς,
520 4150 600 4211 εἰς
634 4146 988 4200 ὲπισύστασιν
1040 4146 1195 4214 ὑμῶν
1257 4146 1586 4209 θεόσωστον,
1621 4146 1717 4199 καὶ
1758 4146 1839 4208 είς

255 4241 675 4311 ἁποπεραίωσιν
701 4239 816 4309 βίου
848 4237 1158 4300 θεοκλινοῦς
1190 4252 1204 4266 ·
1230 4236 1304 4299 ὡς
1325 4238 1391 4291 ἂν
1414 4237 1514 4307 τὴν
1539 4237 1713 4306 ζάλην
1733 4238 1840 4290 τῶν

258 4333 555 4403 αἱρετικῶν
585 4331 913 4401 πνευμάτων
943 4329 1280 4397 διαφύγοιτε,
1300 4330 1394 4382 καὶ
1420 4330 1500 4392 είς
1518 4330 1712 4400 λιμένα
1737 4346 1841 4381 σω⁹

257 4427 458 4496 τηρίας
485 4423 870 4495 ἐμὸιδάζοισθε
890 4440 904 4453 ο
935 4425 1015 4486 εἰς
1046 4422 1105 4475 τὸ
1154 4421 1229 4493 μὴ
1280 4421 1740 4494 βλασφημηθῆναι
1774 4420 1839 4472 δι’

258 4516 409 4584 ὑμᾶς
428 4514 487 4567 τὸ
507 4514 678 4585 ὄνομα
692 4513 787 4566 τοῦ
809 4513 966 4578 Θεοῦ,
990 4511 1186 4581 μᾶλλον
1208 4513 1266 4566 δὲ
1311 4513 1640 4582 δοξασθῆναι
1656 4529 1671 4543 ο
1702 4512 1843 4565 κατὰ

257 4607 364 4676 τὴν
394 4608 853 4675 προκρατήσασαν
884 4603 1061 4673 εὐαγῆ
1077 4604 1356 4673 διαγωγὴν
1379 4604 1476 4667 τῆς
1497 4604 1641 4673 ζωῆς
1663 4602 1837 4672 ὑμῶν.

260 4698 337 4751 Σὺ
373 4697 451 4760 δὲ,
487 4696 682 4765 ἀδελφὲ
725 4696 994 4764 ἀγαπητὲ,
1031 4696 1129 4748 οὐκ
1154 4694 1259 4760 ἔξω
1281 4682 1374 4746 τοῦ
1400 4694 1610 4756 εἰκότος
1628 4694 1841 4763 πέπρα-

262 4789 498 4860 χας,ἐπ“
553 4787 618 4840 ἂν
667 4785 841 4849 οὕτως
879 4786 1117 4853 ἐγένετο,
1183 4783 1566 4855 κατεληλυθὼς
1625 4786 1689 4836 ὲκ
1740 4783 1841 4851 τῆς

262 4880 405 4949 ὀπῆς
446 4880 545 4949 τῆς
599 4880 827 4947 πέτρας,
868 4877 958 4929 καὶ
1002 4876 1349 4947 ἡγησάμενος
1419 4877 1526 4928 τῶν
1567 4874 1838 4942 ἀδελφῶν.

264 4972 379 5026 Καὶ
405 4970 513 5041 γὰρ
592 4968 795 5038 Κύριος
827 4968 983 5037 ἡμῶν
1027 4968 1231 5037 Ἰησοῦς
1272 4967 1506 5037 Χριστὸς
1568 4982 1841 5033 συγκατα-

263 5065 426 5117 δάσει
454 5062 819 5132 χρησάμενος,
846 5061 908 5111 τὸ
952 5060 1051 5129 τῆς
1098 5059 1412 5130 οἰκονομίας
1438 5059 1712 5123 ἐξετέλεσε
1744 5075 1842 5128 μυε-

268 5158 490 5226 στήριον
522 5156 613 5209 ἐπὶ
649 5154 893 5224 σωτηρίᾳ.
929 5153 1023 5205 τοῦ
1053 5154 1272 5216 παντός.
1335 5154 1498 5223 Στῆθι
1539 5148 1656 5218 οὖν,
1708 5152 1843 5205 καθὸ

266 5246 557 5313 κέκρικας,
592 5244 685 5295 κα)⁸
718 5244 969 5312 κέκριται
994 5243 1099 5294 ὑπὸ
1129 5242 1237 5295 τῶν
1277 5244 1543 5309 ἀδελφῶν,
1569 5244 1672 5305 ’ἐως
1703 5242 1840 5312 ἡμέ-

271 5354 374 5408 ρας
411 5336 735 5399 ἀναδείξεως
763 5334 855 5387 τοῦ
879 5334 1024 5398 ἱεροῦ
1052 5335 1210 5405 ἡμῶν
1240 5337 1542 5406 ἀρχιερέως
1563 5353 1575 5364 ⁸
1604 5336 1699 5387 καὶ
1720 5335 1843 5386 τότε

269 5431 562 5498 γενήσεται
584 5427 613 5478 ὃ
636 5428 717 5479 δεῖ
745 5426 1006 5495 γενέσθαι
1033 5427 1413 5500 νομιμώτερόν
1453 5444 1511 5479 τε
1552 5428 1644 5479 καὶ
1684 5443 1844 5477 κανο-

269 5521 584 5592 νικώτερον.
620 5520 765 5581 Ἕως
822 5517 881 5571 δέ
936 5518 1002 5571 ἂν
1042 5520 1115 5589 μὴ
1161 5524 1311 5591 παρῇ
1393 5520 1581 5590 καιρὸς
1652 5518 1847 5586 ἐπιζη-

336 5699 383 5732 ⁶¹
416 5697 521 5753 Job
544 5714 579 5762 ι,
609 5699 701 5752 21.
776 5699 818 5731 “
854 5696 996 5752 Psal.
1028 5713 1173 5759 CMV,
1217 5696 1267 5751 Ἰ.
1356 5696 1397 5728 ⁶³
1434 5696 1578 5750 Psal.
1612 5709 1778 5757 exue,
1811 5693 1863 5747 6.

1927 3320 2092 3383 venit,
2132 3335 2240 3373 nott
2284 3336 2428 3391 aegre
2472 3321 2606 3377 fere.
2636 3322 2757 3391 Ipse
2789 3338 3025 3393 namque
3052 3323 3217 3387 dedit,
3245 3323 3362 3393 ipse
3386 3323 3510 3375 abs-

1929 3410 2088 3475 tulit;
2128 3421 2183 3465 et
2217 3413 2357 3466 sicut
2402 3412 2628 3468 Domino
2662 3417 2861 3483 placuit
2898 3417 2975 3469 ita
3012 3424 3062 3469 et
3097 3416 3297 3484 factum
3327 3424 3405 3468 est
3439 3414 3504 3467 ".

1929 3500 2069 3567 Quid
2095 3516 2225 3574 ergo
2258 3506 2645 3569 exspectatur?
2672 3514 2731 3559 ut
2759 3508 2825 3559 ad
2854 3521 2950 3560 vos
2982 3508 3126 3576 ipsos
3143 3520 3287 3560 nunc
3320 3504 3511 3560 redea-

1930 3595 2001 3648 tis
2032 3612 2045 3648 :
2078 3610 2312 3664 cumque
2339 3595 2491 3650 Vobis
2532 3596 2709 3649 visum
2747 3598 2819 3651 sit
2860 3606 3134 3667 pastorem
3180 3596 3382 3665 eligere
3414 3596 3513 3650 do—

1931 3686 2137 3740 minum
2160 3684 2437 3756 Sergium,
2458 3688 2936 3757 religiosissimum
2969 3688 3188 3741 fratrem
3218 3694 3465 3740 nostrum
3490 3704 3510 3754 ;

1933 3773 2040 3829 nisi
2062 3772 2423 3830 dubitationis
2448 3775 2654 3844 aliquid
2673 3791 2703 3829 a
2737 3776 2962 3829 domino
2987 3774 3222 3829 Macario
3244 3775 3511 3846 spirituali

1934 3864 2097 3921 Patre
2136 3875 2328 3922 nostro
2360 3868 2696 3934 intercedat;
2735 3868 2974 3938 pergatis
3012 3868 3081 3923 ab
3129 3868 3223 3923 illo
3267 3869 3423 3941 dirigi
3460 3882 3517 3924 et

1913 3958 2229 4028 .guliernari
2304 3974 2466 4029 quem
2502 3960 2802 4030 spiritalem
2844 3959 3061 4016 Patrem
3110 3961 3393 4031 elegistis.
3445 3965 3510 4015 ad

1937 4052 2233 4107 salutarem
2268 4054 2633 4106 constantiam
2667 4061 2905 4108 vestram
2931 4096 2946 4119 ,
2996 4062 3051 4109 et
3082 4056 3513 4109 consummatio-

1932 4158 2059 4207 nem
2088 4140 2213 4197 vitta
2244 4144 2356 4197 Deo
2405 4143 2615 4198 devota:
2642 4161 2657 4209 ;
2710 4156 2769 4198 ut
2798 4145 3095 4214 procellam
3130 4146 3514 4202 hereticorum

1939 4235 2231 4304 Spirituum
2279 4236 2568 4299 devitetis,
2600 4244 2655 4291 et
2698 4234 2754 4289 in
2796 4236 2990 4291 salutis
3023 4247 3240 4305 portum
3287 4237 3483 4292 inveha

1941 4329 2075 4384 mini
2109 4346 2121 4382 :
2154 4343 2224 4381 ne
2276 4328 2688 4397 hlaspbemetur
2739 4340 2963 4397 pr0pter
2994 4342 3093 4383 vos
3148 4342 3347 4382 nomen
3400 4328 3516 4393 Dei.

1943 4420 2037 4474 sed
2068 4419 2250 4490 potius
2275 4418 2628 4488 gloriﬁcetur,
2658 4419 2812 4488 juxta
2842 4434 2961 4473 eam
2987 4434 3110 4489 qua:
3139 4429 3298 4473 antea
3327 4419 3517 4491 viguit,

1945 4514 2068 4567 vitae
2096 4522 2289 4567 vestrae
2327 4521 2573 4566 sanctam
2602 4511 3024 4568 institutionem.
3057 4510 3139 4566 ’l‘u
3162 4527 3314 4577 vero,
3352 4496 3523 4568 frater

1946 4602 2290 4671 charissime,
2321 4618 2430 4656 non
2466 4604 2765 4673 incongrue
2793 4603 2987 4668 fecisti,
3026 4602 3248 4673 quando
3301 4604 3376 4658 ita
3434 4620 3522 4658 res

1942 4696 2131 4761 cessit,
2172 4696 2315 4765 quod
2348 4710 2413 4749 ex
2446 4696 2598 4763 rupis
2628 4710 2861 4749 cavet-na
2889 4695 3161 4765 prodiisti,
3198 4709 3264 4749 ac
3289 4693 3519 4749 lratrutn

1944 4785 2325 4857 praefecturam
2383 4785 2699 4855 suscepisti.
2733 4784 2867 4841 Nam
2915 4795 2972 4840 et
3022 4784 3287 4841 Dominus
3335 4793 3522 4840 noster

1941 4879 2100 4935 Jesus
2128 4879 2380 4933 Christus
2403 4877 2887 4933 condescendendo
2906 4877 3299 4931 incarnationis
3316 4888 3519 4948 myste-

1944 4973 2086 5026 rium
2111 4971 2177 5026 ad
2223 4972 2453 5026 salutem
2504 4973 2889 5026 universorum
2922 4970 3149 5040 peregit.
3194 4968 3289 5023 Sta
3335 4970 3519 5040 igitur,

1948 5064 2407 5135 quemadmodum
2460 5064 2773 5128 decrevisli,
2816 5064 3205 5133 decretumque
3224 5072 3308 5117 est
3338 5079 3370 5117 ει
3410 5061 3523 5117 fra-

1946 5158 2161 5222 tribus’,
2209 5156 2389 5226 quoad
2424 5156 2742 5227 designetur
2773 5168 3001 5213 sanctus
3025 5155 3256 5210 antistes
3294 5162 3523 5220 noster;

1948 5259 2001 5302 et
2028 5254 2160 5302 tunc
2202 5247 2452 5301 exactius
2488 5247 2616 5301 fient
2642 5264 2765 5318 qua:
2794 5248 2949 5317 juxta
2991 5248 3135 5318 leges
3178 5255 3236 5301 et
3289 5257 3525 5298 canones

1948 5338 2251 5407 prazstanda
2274 5348 2423 5393 sunt.
2449 5337 2632 5393 Donec
2656 5354 2786 5394 vero
2803 5340 2945 5393 absit
2968 5346 3186 5407 tempus
3204 5334 3524 5404 expetitum,

1943 5438 2146 5498 prarsto
2198 5428 2483 5496 fratribus,
2531 5440 2583 5485 et
2618 5445 2940 5499 prosperare
2974 5428 3027 5482 in
3061 5426 3295 5481 Domino
3322 5466 3338 5493 ,
3404 5436 3527 5478 tau-

1946 5534 2109 5589 quam
2141 5535 2238 5590 pl'O
2261 5521 2556 5578 animabus
2590 5521 2817 5576 illorum
2850 5522 3117 5577 rationem
3176 5517 3519 5576 redditurus.

1944 5696 1987 5725 “
2024 5694 2164 5755 Psal.
2194 5712 2287 5762 Cll,
2314 5697 2368 5751 li.
2438 5666 2677 5762 "Juba,
2722 5698 2813 5752 2|.

1789 5833 2021 5893 NDT/E.

340 5910 454 5980 (57)
484 5909 541 5964 ln
576 5910 695 5965 cod.
722 5908 849 5981 Reg.
878 5916 972 5979 μ’.
