4156 6476
688 414 823 478 1459
1871 414 1931 472 S.
1974 408 2284 471 THEODO.

2407 411 2750 471 STUDITzE
3802 410 3961 473 1460

682 529 777 584 sed
804 535 857 582 et
881 534 1140 595 tanquam
1176 524 1704 589 mercedem,eorum
1728 538 1913 587 causa,
1931 532 2263 592 recepturus.

2386 521 2648 589 τοῦμενυς,
2682 518 2819 590 ἡγοῦ
2850 517 2954 569 τῶν
2985 517 3252 587 ἀδελφῶν,
3286 520 3380 571 καὶ
3406 518 3697 572 κατευοδοῦ
3724 521 3785 573 ὲν
3819 522 3955 573 Κυ-

683 622 903 688 Quanto
929 620 1075 675 enim
1116 619 1293 691 majus
1325 627 1408 675 est
1439 618 1631 689 jugum
1671 618 2009 687 praal'ectura:
2039 657 2054 680 ,
2105 626 2258 671 tanto

2386 614 2489 683 >ίῳ,
2520 613 2594 675 ὡς
2618 612 2778 679 λόγον
2814 610 3114 664 ἀποδώσων
3159 610 3301 680 ὑπὲρ
3345 610 3454 664 τῶν
3484 611 3675 681 ψυχῶν
3736 613 3959 666 αὐτῶν,

694 728 906 769 merces
932 713 1225 783 copiosior.

2388 704 2536 759 Λλλά
2559 703 2655 757 καὶ
2698 704 2774 766 ὡς
2806 702 2899 756 τὸν
2926 703 3066 772 ὑπὲρ
3099 703 3279 756 αὐτῶν
3329 702 3957 775 μισθὴνκομιούμενος.

2363 796 2504 848 Καθ’
2535 795 2659 849 ὅσον
2689 794 2797 865 γάρ
2834 795 3007 864 μέγας
3082 793 3248 863 ζυγὸς
3283 796 3383 864 τῆς
3414 798 3774 865 προστασίας,
3800 799 3964 851 κατὰ

756 977 995 1031 Tantum
1026 974 1220 1030 oculos
1253 974 1395 1030 habe
1425 982 1486 1030 ut
1533 974 1746 1037 videas,
1786 980 1842 1027 et
1878 984 2038 1025 aures
2062 968 2263 1038 quibus

686 1068 899 1130 audias,
955 1082 1049 1122 cor
1107 1067 1341 1135 vigilans
1374 1076 1427 1121 et
1474 1066 1643 1120 Deum
1680 1079 1952 1136 quaerens,
2011 1060 2263 1115 aﬂ‘ectum

687 1162 1036 1231 pastoralem,
1068 1176 1375 1215 sermonem
1399 1170 1586 1229 aptum
1622 1158 1687 1213 ad
1725 1156 2051 1217 docendum,
2083 1166 2265 1208 mores

688 1253 1046 1319 compositos,
1075 1258 1279 1305 statum
1310 1261 1364 1305 et
1382 1250 1655 1304 incessum
1690 1247 1864 1302 fausta
1887 1246 2261 1301 denotantem.

688 1344 1007 1397 Sermonem
1030 1343 1180 1397 omni
1208 1357 1274 1396 ex
1314 1350 1466 1411 parte
1502 1341 1643 1396 ratio
1683 1340 1937 1394 observet
1980 1350 2045 1391 ac
2092 1344 2262 1405 regat.

687 1438 765 1490 Ac
798 1436 991 1491 beatus
1021 1450 1103 1501 es,
1158 1435 1517 1504 apostolicum
1570 1447 1709 1502 opus
1756 1445 2039 1502 peragens.
2076 1426 2265 1483 Domi-

688 1544 795 1583 nus
822 1527 1114 1597 siquidem,
1150 1527 1485 1597 praecipuam
1524 1524 1730 1578 amoris
1780 1536 1909 1591 erga
1965 1521 2142 1590 ipsum
2171 1520 2266 1573 de-

688 1619 1142 1675 monstrationem
1182 1634 1326 1681 esse,
1359 1616 1520 1671 Petro
1564 1616 1854 1687 coryphaao
1891 1610 2264 1683 apostolorum

689 1712 950 1775 ostendit,
1009 1711 1217 1781 virgam
1274 1709 1606 1781 pastoralem
1648 1726 1662 1763 :
1700 1705 1962 1775 Sidiligis
2021 1720 2123 1769 me,
2184 1703 2268 1757 in-

2364 885 2623 940 τοσοῦτον
2656 886 2753 939 καὶ
2778 885 3134 955 πολύμισθος.

2433 977 2608 1031 Μόνον
2662 977 2752 1047 ἔχε
2804 976 3116 1047 ὀφθαλμοὺς
3174 976 3267 1029 τοῦ
3314 978 3468 1048 δρᾷν,
3519 978 3614 1030 καὶ
3671 970 3785 1031 ὦτα
3851 978 3967 1031 τοῦ

2362 1072 2605 1135 ἀκούειν,
2634 1069 2862 1139 καρδίαν
2885 1069 3162 1138 ἄγρυπνον
3188 1071 3282 1123 καὶ
3306 1069 3653 1139 θεοζήτητον,
3685 1069 3797 1134 ἕξιν
3828 1087 3970 1123 ποι-

2368 1162 2655 1233 μαντικὴν,
2709 1161 2869 1231 λόγον
2901 1161 3305 1225 διδασκαλικὸν,
3341 1160 3617 1231 εὔρυθμον
3650 1156 3802 1231 ἦθος,
3858 1160 3966 1215 εῦ-

2368 1272 2542 1325 σημον
2572 1255 2761 1308 στάσιν
2795 1255 2890 1307 καὶ
2919 1253 3075 1323 βάσιν
3094 1269 3109 1283 ·
3137 1255 3165 1305 ὁ
3188 1254 3342 1321 λόγος
3364 1254 3432 1307 δι’
3459 1254 3580 1307 ὅλου
3606 1254 3711 1307 ὑπὸ
3740 1253 3836 1306 τοῦ
3871 1254 3971 1306 λόο

2366 1363 2466 1415 γου
2498 1346 2935 1418 συντηρούμενος
2974 1348 3068 1399 καὶ
3114 1345 3547 1416 διευθυνόμενος.
3597 1346 3710 1400 Καὶ
3767 1346 3967 1417 μακάο

2371 1452 2483 1505 ριος
2516 1430 2567 1488 εἳ
2613 1436 2972 1490 ἀποστολικδν
3002 1436 3161 1507 ἔργον
3181 1436 3461 1495 διατελῶν.
3491 1438 3602 1492 Καὶ
3631 1438 3743 1509 γὰρ
3777 1440 3807 1491 ό
3832 1440 3965 1494 Κύ-

2370 1544 2487 1599 ριος
2520 1527 2799 1595 ἀπόδειξιν
2819 1529 2917 1599 τῆς
2946 1530 3027 1593 είς
3055 1530 3220 1583 αὐτὸν
3246 1530 3431 1600 φιλίας
3469 1529 3811 1601 προῦχονσαν
3837 1533 3964 1587 ὑπ-

2369 1618 2537 1685 έδειξε
2576 1618 2653 1689 τῷ
2686 1618 2973 1690 κορυφαίῳ
2987 1619 3101 1673 τῶν
3126 1620 3443 1674 ἀποστόλων
3460 1622 3673 1692 Πέτρῳ,
3704 1624 3805 1694 τὴν
3831 1642 3970 1678 ποι-

2373 1710 2641 1780 μαντικὴν
2667 1709 2893 1779 ρἀδονο
2925 1712 2994 1764 El
3029 1710 3227 1780 φιλεῖς
3272 1728 3351 1781 με
3394 1712 3527 1783 γὰρ,
3570 1715 3724 1782 φησι,
3766 1712 3973 1768 πλέον·

688 1803 830 1874 quit,
849 1802 965 1872 plus
981 1802 1084 1867 his,
1112 1800 1291 1865 Patre,
1316 1817 1473 1866 pasce
1500 1816 1616 1853 oves
1639 1815 1780 1852 meas
1806 1798 1872 1849 “.
1902 1797 2071 1851 Pasce
2103 1794 2269 1864 igitur

2386 1802 2617 1864 τούτων,
2673 1802 2879 1872 Πέτρε,
2937 1806 3217 1873 ποίμαινε
3252 1805 3323 1858 τὰ
3369 1805 3631 1873 πρόϐατά
3656 1824 3797 1875 μου.
3829 1807 3973 1861 Ilo!—

689 1913 821 1953 oves
857 1895 1114 1961 Domini;
1148 1903 1298 1949 tutas
1332 1893 1456 1949 illas
1493 1902 1761 1963 praestans
1813 1890 1867 1943 in
1901 1889 2129 1944 mandra
2168 1902 2265 1942 or-

2386 1910 2534 1961 μαινε
2554 1890 2647 1947 οὖν
2670 1896 2739 1947 τὰ
2768 1895 3021 1967 πρόϐατα
3063 1896 3293 1966 Κυρίου.
3337 1897 3793 1969 Ἀσφαλιζόμενος
3819 1899 3971 1952 αὐτὰ

689 1988 942 2045 ιὶιοάοιαι
1002 1988 1147 2052 ﬁdei,
1211 1987 1457 2041 nutriens
1511 1985 1635 2041 illas
1684 1982 1930 2055 gramine
1970 1980 2261 2037 mandato-

2386 1988 2431 2038 ιν
2456 1988 2521 2055 τῇ
2557 1986 2771 2057 μάνδρα
2798 1988 2896 2057 τῆς
2932 1987 3260 2058 όρθοδοξίας,
3290 1990 3385 2043 καὶ
3414 1990 3695 2061 ὲκτρέφων
3716 1991 3856 2045 αὐτὰ
3878 1992 3971 2045 εἰς

689 2096 810 2134 rum
840 2080 982 2149 ejus,
1014 2088 1068 2133 et
1098 2079 1373 2134 collocans
1412 2093 1578 2148 pr0pe
1618 2092 1816 2146 aquam
1862 2075 2124 2146 requietis
2170 2089 2265 2128 vo—

2386 2078 2537 2148 χλόην
2569 2079 2677 2132 τῶν
2706 2078 2935 2132 ἐντολῶν
2962 2080 3148 2143 αὐτοῦ,
3190 2083 3286 2135 καὶ
3320 2083 3675 2153 κατασκηνῶν
3713 2085 3807 2137 ἐπὶ
3837 2084 3972 2138 66a-

688 2172 919 2228 luntatis
948 2172 1087 2241 ejus.
1129 2168 1263 2226 Vide
1288 2186 1355 2225 ne
1386 2180 1480 2224 aut
1520 2169 1815 2239 abripiaris
1858 2168 1994 2237 ipse,
2034 2178 2128 2222 aut
2161 2166 2269 2221 ulla

2386 2188 2477 2233 τος
2506 2170 2866 2234 ἀναπαύσεως
2885 2170 2979 2224 τοῦ
3007 2171 3311 2243 θελήματος
3340 2174 3529 2228 αὐτοῦ.
3560 2174 3734 2229 Βλέπε
3754 2177 3829 2247 μή
3855 2195 3971 2231 που

691 2265 875 2319 ovium
918 2274 1158 2327 tuarum,
1192 2264 1259 2317 ab
1290 2262 1559 2317 haereticis
1586 2261 1808 2317 belluis.
1845 2258 2132 2315 Sufﬁciunt
2155 2273 2277 2329 qua

2386 2263 2780 2334 ὑφαρπαγῇςῆ
2819 2263 3073 2334 αὑτὸς,ἢ
3126 2263 3235 2317 τῶν
3290 2265 3489 2318 σαυτοῦ
3541 2282 3596 2318 τι
3649 2268 3970 2337 προϐάτων,

695 2358 963 2413 hactenus
1011 2356 1308 2425 contigere.
1358 2354 1515 2409 Nunc
1579 2370 1773 2409 secure
1826 2352 2175 2407 ambulemus
2218 2362 2273 2406 et

2386 2356 2489 2408 ὑπὸ
2521 2357 2629 2409 τῶν
2653 2356 2946 2425 αἱρετικῶν
2979 2355 3181 2427 θηρῶν.
3226 2358 3414 2427 ’Δρκεῖ
3443 2357 3512 2412 τὰ
3542 2358 3884 2429 προλαϐόντα
3908 2362 3973 2414 ἐν

694 2450 815 2505 sine
844 2450 998 2520 lapsu
1034 2466 1047 2501 :
1090 2448 1224 2502 nulli
1255 2447 1331 2501 rei
1366 2455 1673 2516 parcentes,
1698 2445 1743 2501 si
1770 2461 1860 2501 res
1886 2444 2148 2513 postulat,
2174 2458 2274 2497 nec

2386 2452 2493 2512 τοῖς
2526 2448 2882 2519 προλαϐοῦσι.
2921 2448 3034 2501 Νῦν
3078 2449 3135 2503 δὲ
3171 2450 3433 2519 ἀσφαλῶς
3476 2453 3969 2523 περιπατήσωμεν,

694 2544 831 2614 ipsis
861 2544 1025 2597 etiam
1074 2541 1420 2611 corporibus,
1472 2540 1673 2597 nedum
1721 2538 1879 2592 alteri
1915 2537 2157 2606 cuipiam
2194 2535 2272 2589 rei

2386 2540 2475 2591 καὶ
2506 2539 2877 2611 ἀνεμπτώτως
2901 2558 2916 2572 ο
2954 2542 3131 2595 πάντα
3164 2541 3398 2614 δεύτερα
3435 2544 3749 2615 ἡγούμενοι,
3770 2544 3969 2615 καιροῦ

695 2634 1058 2704 corruptibili,
1094 2647 1190 2703 pro
1230 2631 1522 2687 dilectione
1576 2630 1701 2697 Dei;
1735 2629 1893 2699 cujus
1919 2643 2029 2699 pax
2085 2634 2276 2697 regnet

2386 2630 2700 2696 καλοῦντος,
2742 2634 2838 2685 καὶ
2861 2633 3091 2707 αὐτὰτὰ
3136 2632 3389 2705 σώματα,
3424 2635 3500 2706 μὴ
3538 2636 3623 2688 δτι
3672 2653 3733 2704 γε
3758 2637 3889 2691 ἀλλο
3914 2656 3971 2691 τι

696 2724 753 2779 in
784 2724 1045 2779 cordibus
1099 2724 1298 2779 vestris
1316 2731 1371 2777 et
1395 2722 1448 2776 in
1479 2720 1913 2791 cogitationibus
1942 2719 2167 2779 vestris,
2217 2726 2274 2770 et

2386 2723 2485 2777 τῶν
2518 2723 2913 2794 φθειρομένων,
2946 2726 3085 2797 ὑπὲρ
3118 2726 3220 2794 τῆς
3253 2728 3479 2797 ἀγάπης
3516 2729 3612 2782 τοῦ
3644 2729 3782 2782 Θεοῦ
3810 2748 3822 2761 ·
3843 2726 3910 2785 οὗ
3934 2734 3971 2803 ἡ

699 2815 899 2887 dirigat
919 2815 1061 2869 viam
1082 2823 1319 2869 vestram
1345 2813 1398 2865 in
1427 2812 1645 2868 Christo
1670 2810 1797 2867 Jesu
1822 2810 2054 2867 Domino
2073 2818 2278 2865 nostro.

824 3125 1077 3180 CXLVII.
1110 3156 1178 3167 —
1220 3124 1561 3181 Catechetica
1602 3124 1671 3175 ad
1705 3140 1829 3177 suos
1860 3124 2167 3191 discipulos.

2388 2819 2579 2889 είρήνη
2616 2816 2907 2887 βραδεῦσει
2938 2818 3039 2882 τάς
3086 2818 3314 2889 καρδίας
3360 2820 3535 2888 ὑμῶν,
3577 2823 3675 2874 καὶ
3710 2823 3779 2875 τὰ
3829 2825 3968 2893 νοή-

2391 2925 2537 2976 ματα
2570 2908 2724 2977 ὐμῶν
2744 2925 2756 2938 ·
2788 2909 2883 2960 καὶ
2920 2909 3248 2963 κατευθύναι
3278 2911 3376 2980 τὴν
3396 2911 3516 2965 ὁδὸν
3554 2912 3709 2983 ὑμῶν
3741 2916 3801 2967 ὲν
3833 2915 3973 2987 Χρι-

2393 2999 2502 3067 στῷ
2544 2998 2720 3068 Ἰησοῦ
2750 2998 2828 3069 τῷ
2862 3001 3053 3071 Κυρίῳ
3080 3000 3258 3071 ἡμῶν.

2452 3114 2605 3166 PMZ'
2627 3115 3230 3188 ('58).—Katnzn_tmij
3260 3117 3410 3184 πρὸς
3438 3117 3580 3184 τοὺς
3604 3118 3823 3175 ἑαυτοῦ
3846 3135 3967 3188 μα·

2952 3186 3156 3252 θητάς.
3190 3187 3387 3260 [ψκθ’.]

1259 3320 1323 3369 Ut
1346 3319 1785 3379 Quadragesimam
1808 3324 1981 3368 sancte
2003 3326 2240 3380 peragant
2267 3333 2277 3366 :
2309 3334 2364 3368 ae
2385 3320 2634 3383 praaeipue
2654 3319 2922 3369 mulierum
2944 3321 3191 3384 colloquia
3213 3323 3420 3385 fugiant.

774 3424 1017 3480 Instante
1056 3439 1217 3480 sacra
1245 3424 1703 3495 Quadragesima,
1758 3433 2126 3495 opportunum
2156 3422 2284 3478 duxi

2461 3426 2574 3495 Τῆς
2607 3426 2757 3497 ἱεράς
2779 3426 3241 3497 Τεσσαρακοστῆς
3267 3426 3367 3498 ἤδη
3391 3426 3675 3497 ἐπιούσης,
3707 3428 3965 3500 εὔκαιρον

704 3518 897 3589 paucis
922 3532 1020 3573 vos
1054 3517 1234 3583 aﬂari,
1258 3516 1357 3572 ﬁlii
1397 3518 1738 3582 charissimi,
1778 3518 2085 3587 fratresque
2116 3517 2290 3571 hono-

704 3611 966 3667 ratissimi
1017 3627 1032 3664 :
1066 3620 1121 3665 et
1150 3612 1369 3682 quidem
1403 3612 1472 3666 ab
1528 3613 1793 3681 Apostolo
1839 3611 2154 3665 admonitus
2188 3610 2289 3663 ob-

705 3718 947 3769 secrare,
997 3720 1252 3775 arguere,
1342 3705 1649 3774 increpare,
1698 3714 2023 3775 Opportune,
2086 3704 2291 3772 impor-

709 3809 845 3851 tune
867 3795 935 3849 ".
966 3794 1123 3850 Nunc
1161 3810 1290 3850 vero
1312 3794 1510 3864 jejunii
1538 3804 1749 3864 tempus
1792 3810 1889 3864 per
1922 3794 2163 3863 seipsum
2192 3792 2290 3848 ad-

708 3890 1077 3945 hortationem
1108 3888 1291 3955 habet,
1315 3888 1515 3958 quippe
1548 3889 1695 3958 quod
1718 3888 1871 3943 novit
1890 3888 2056 3942 etiam
2088 3886 2288 3940 durum

710 3996 776 4035 ac
818 3978 1166 4050 praefractum
1223 3993 1613 4048 compungere.
1645 3977 1923 4049 Suscipite
1952 3978 2141 4048 igitur,
2174 3976 2288 4032 ira-

712 4084 845 4137 tres,
865 4072 1052 4127 libenti
1081 4072 1265 4126 animo
1295 4071 1414 4126 dies
1436 4070 1670 4134 laetitiae;
1700 4071 2080 4138 unusquisque
2102 4070 2157 4123 in
2179 4083 2290 4139 quo

709 4167 1016 4223 diversorio
1071 4165 1401 4234 hospitatur,
1433 4179 1554 4233 quae
1612 4163 1783 4217 moris
1837 4174 1966 4217 sunt
2024 4178 2289 4232 peragens

710 4277 812 4334 pro
838 4261 1045 4314 viribus
1066 4300 1080 4323 ,
1112 4268 1169 4312 ιιι
1193 4274 1289 4326 per
1338 4258 1614 4311 silentium
1648 4254 1937 4323 victusque
1971 4254 2288 4322 parcitatem

710 4370 805 4412 cor
840 4367 1161 4424 purgemus,
1208 4351 1451 4404 animam
1481 4348 1805 4410 evellamus,
1834 4348 1963 4401 vitia
1996 4346 2289 4401 conculce-

714 4462 858 4501 mus.
890 4442 1006 4499 Hoc
1044 4444 1187 4497 enim
1210 4440 1504 4511 jejunium,
1537 4441 1641 4494 hoc
1667 4440 1971 4502 silentium,
1997 4440 2100 4493 hoc
2131 4454 2289 4492 man-

710 4542 898 4593 datum
928 4537 1098 4605 exigit
1136 4550 1149 4587 :
1177 4536 1281 4589 hoc
1305 4534 1498 4589 salutis
1521 4543 1720 4588 nostra:
1748 4540 1832 4588 est
1863 4541 2059 4602 caput;
2091 4547 2154 4585 ex
2180 4546 2291 4599 quo

711 4640 767 4684 et
810 4629 879 4684 ad
920 4627 1300 4699 participanda
1360 4640 1708 4680 sacramenta
1760 4624 1936 4680 facilis
1999 4625 2156 4678 nobis
2188 4623 2291 4677 erit

711 4721 919 4783 aditus,
945 4730 1109 4788 atque
1135 4718 1270 4772 adeo
1300 4719 1425 4771 vitae
1464 4728 1680 4772 αξιοι-ηπ
1712 4717 1989 4771 viaticum.
2027 4714 2129 4781 Qui
2151 4715 2289 4768 enim

714 4812 1001 4865 manducat
1025 4820 1075 4865 et
1106 4811 1233 4865 bibit
1255 4812 1487 4880 indigne,
1515 4812 1619 4863 hoc
1642 4821 1746 4873 est,
1775 4824 1883 4864 non
1912 4824 2067 4877 pure,
2107 4808 2285 4877 quoad
2321 4788 2365 4843 D

714 4902 907 4955 humili
932 4910 1141 4956 natura:
1166 4907 1369 4954 nostrae
1392 4900 1537 4966 licet,
1560 4900 1828 4968 judicium
1868 4900 1969 4951 sibi
2000 4898 2285 4949 manducat

713 5007 762 5050 et
789 4995 939 5061 bibit,
967 4995 1125 5064 juxta
1171 4995 1500 5048 sententiam
1539 4992 1918 5061 apostolicam,
1944 5006 2047 5043 non
2080 4989 2285 5058 dijudi-

713 5102 841 5139 cans
872 5100 1062 5152 corpus
1106 5083 1320 5136 Domini
1350 5083 1417 5138 ⁸⁸.
1447 5082 1792 5151 Quapropter
1835 5082 1966 5135 eniti
2004 5080 2285 5145 debemus,

714 5178 911 5232 fratres
929 5176 1057 5238 mei,
1091 5185 1150 5229 ut
1180 5176 1249 5228 ab
1273 5176 1543 5229 indecenti
1585 5174 1878 5236 desiderio,
1908 5183 1961 5226 et
1993 5173 2060 5227 ab
2088 5172 2287 5227 invidia

712 5284 836 5339 quae
872 5269 1111 5322 animam
1160 5267 1343 5321 exedit
1392 5267 1538 5322 etab
1588 5264 1817 5318 avaritia
1875 5279 1996 5332 qua:
2049 5271 2283 5316 mentem

715 5361 1039 5430 submergit,
1066 5369 1120 5414 et
1143 5360 1210 5413 ab
1242 5360 1427 5414 acedia
1462 5374 1583 5427 qua:
1619 5358 1815 5411 animae
1840 5356 2000 5411 oculo
2032 5355 2285 5409 tenebras

716 5454 968 5521 oﬂ‘undit,
1001 5470 1170 5525 puros
1202 5469 1300 5509 nos
1344 5454 1721 5509 custodiamus
1755 5491 1771 5515 ,
1826 5465 2044 5521 semper
2090 5464 2284 5519 exspe-

715 5556 925 5602 ctantes
953 5549 1203 5617 corporis
1248 5548 1476 5609 exitum,
1534 5561 1642 5613 quo
1674 5544 1803 5599 vitia
1834 5552 2181 5607 exarescunt,
2232 5550 2286 5596 et

788 5666 831 5699 “
860 5665 1016 5721 Joan.
1050 5681 1161 5728 χιιι,
1203 5668 1288 5720 15.
1326 5667 1368 5696 ⁸⁷
1396 5664 1438 5718 ll
1476 5664 1616 5721 Tim.
1645 5682 1717 5726 tv,
1752 5665 1806 5718 9..
1842 5665 1885 5697 ⁸⁸
1923 5664 1939 5719 l
1973 5664 2192 5721 Comm,
2224 5662 2312 5715 ‘29.

2392 3520 2691 3589 ἡγησάμην
2720 3520 2931 3591 βραχέα
2955 3518 3296 3589 φθέγξασθαι
3324 3520 3463 3593 πρὸς
3492 3520 3660 3591 ὑμᾶς,
3712 3515 3758 3575 ὦ
3801 3522 3966 3576 τέκνα

2390 3613 2753 3682 ἡγαπημένα,
2785 3615 2880 3666 καὶ
2906 3614 3131 3682 ἀδελφοὶ
3159 3611 3484 3681 τιμιώτατοι
3511 3632 3525 3647 ο
3576 3615 3821 3682 καίτοιγε
3863 3616 3968 3669 ὑπὸ

2389 3704 2487 3757 τοῦ
2534 3704 2865 3778 Ἀποστόλου
2887 3705 3246 3776 παρακαλεῖν,
3274 3706 3540 3776 ἐλέγχειν,
3560 3707 3841 3778 ἐπιτιμᾷν,
3874 3708 3966 3760 εῦο

2392 3775 2622 3868 καίριός,
2655 3797 2907 3869 ἀκαίρως
2956 3775 3431 3869 προτρεπόμενος.
3463 3798 3579 3851 Νῦν
3610 3795 3667 3851 δὲ
3756 3775 3852 3867 τῆς
3874 3817 3967 3870 νη·

2393 3890 2579 3953 στείας
2629 3890 2822 3961 καιρὸς
2855 3889 3240 3944 αὐτοδίδακτον
3291 3890 3406 3960 ἔχει
3450 3894 3551 3962 τὴν
3599 3893 3958 3963 παράκλησιν,

2391 3981 2757 4035 κατανύσσειν
2813 3979 2969 4043 εἰδὼς
3028 3981 3122 4033 καὶ
3161 3981 3254 4034 τὸν
3290 3982 3626 4052 ἀτεράμονα.
3673 3983 3962 4049 ’Υποδέξα-

2392 4072 2489 4125 σθε
2522 4067 2637 4137 οὖν,
2668 4066 2713 4125 ὦ
2740 4072 2983 4140 ἀδελφοὶ,
3021 4072 3251 4141 ἄσμενοι
3290 4072 3388 4134 τάς
3440 4071 3680 4143 ίλαρίους
3710 4072 3921 4141 ἡμέρας
3942 4090 3958 4107 ο

2390 4166 2622 4228 ἕκαστος
2649 4166 2707 4218 ὲν
2734 4163 2811 4235 τῷ
2844 4164 3193 4235 καταλύματι
3220 4156 3266 4233 ᾧ
3294 4164 3584 4230 ξενίζεται,
3634 4163 3703 4217 τά
3736 4163 3960 4217 εἰωθότα

2392 4258 2533 4310 κατά
2557 4256 2787 4327 δύναμιν
2821 4257 3086 4310 ἐπιτελῶν
3108 4273 3123 4287 ³
3165 4256 3241 4318 ὡς
3271 4256 3339 4309 ἂν
3370 4255 3462 4309 διὰ
3494 4256 3595 4325 τῆς
3621 4257 3849 4327 ἡσυχίας
3870 4257 3961 4308 καὶ

2392 4350 2808 4422 μετριοτροφίας
2842 4346 3174 4419 καθάρωμεν
3196 4348 3447 4420 καρδίαν,
3467 4350 3840 4421 πτερῶσωμεν
3862 4354 3962 4417 ψυ-

2399 4442 2523 4510 χὴν,
2551 4442 2930 4513 πτερνίσωμεν
2958 4440 3105 4512 πάθη
3152 4440 3324 4494 Τοῦτο
3346 4442 3455 4511 γάρ
3482 4443 3516 4512 ἡ
3546 4442 3788 4512 νηστεία·
3807 4440 3959 4494 τοῦτο

2392 4534 2591 4603 ἡσυχία
2613 4550 2628 4565 ·
2666 4532 2828 4587 τοῦτο
2866 4535 2899 4604 ἡ
2933 4534 3122 4604 ἐντολὴ
3149 4532 3485 4601 ἐπιζητοῦσα
3511 4548 3526 4563 ·
3554 4532 3713 4585 τοῦτο
3744 4532 3839 4603 τῆς
3860 4550 3958 4585 σω-

2390 4626 2585 4695 τηρίας
2608 4625 2764 4696 ἡμῶν
2804 4626 3100 4695 κεφάλαιον
3121 4642 3134 4656 ο
3162 4624 3224 4689 ἑξ
3248 4617 3309 4678 οὗ
3341 4624 3434 4678 καὶ
3469 4624 3531 4677 τὸ
3561 4626 3811 4694 μετέχειν
3855 4626 3957 4677 τιὶν

2395 4715 2757 4785 ἀγιασμάτων
2781 4715 2867 4787 εἴη
2898 4717 2964 4769 ἂν
2993 4718 3126 4787 ἡμῖν
3151 4716 3493 4787 εὐπρόσιτον,
3527 4716 3729 4785 μᾶλλον
3750 4717 3804 4769 δὲ
3822 4715 3957 4781 ζωῆς

2394 4805 2612 4859 αἰωνίου
2636 4808 2865 4878 ἐφόδιον.
2905 4809 2960 4861 '0
2978 4810 3086 4878 γὰρ
3100 4810 3321 4864 ἐσθίων
3337 4810 3438 4864 και
3471 4812 3665 4863 πίνων
3682 4810 3954 4874 ἀναξίως,

2395 4901 2561 4969 ἤγουν
2590 4900 2663 4971 μὴ
2696 4902 2974 4971 καθαρῶς,
3004 4904 3129 4957 ὅσον
3155 4904 3425 4973 ἐνδέχεται
3456 4906 3522 4974 τῇ
3548 4906 3777 4973 ταπεινῇ
3806 4906 3837 4973 ἡ
3848 4904 3957 4973 μῶν

2396 4992 2576 5060 φύσει,
2634 4995 2809 5063 κρῖμα
2854 4994 3047 5060 ἑαυτῷ
3105 4996 3293 5049 ἐσθίει
3337 4996 3435 5049 καὶ
3482 4997 3662 5060 πίνει,
3690 4997 3831 5048 κατά
3866 4995 3956 5065 τὴν

2396 5080 2761 5152 ἀποστολικὴν
2797 5083 3093 5152 ἀπόφασιν,
3120 5084 3209 5153 μὴ
3231 5084 3553 5154 διακρίνων
3571 5085 3640 5138 τὸ
3666 5085 3838 5155 σῶμα
3860 5086 3956 5138 τοῦ

2396 5174 2638 5241 Κυρίου.
2684 5175 2783 5229 Διά
2825 5175 2979 5229 τοῦτο
3016 5175 3369 5245 ἀγωνιστέον,
3419 5175 3640 5245 ἀδελφοί
3694 5194 3821 5248 μου,
3869 5177 3956 5230 καὶ

2394 5264 2505 5318 ἀπὸ
2534 5267 2827 5337 ἐπιθυμίας
2857 5268 3116 5331 ὲκτόπου,
3156 5267 3254 5321 καὶ
3284 5267 3396 5320 ἀπὸ
3423 5265 3621 5336 φθόνου
3656 5268 3957 5321 κατεσθίον-

2392 5373 2482 5419 τος
2508 5358 2707 5429 ψυχὴν,
2739 5360 2834 5413 καὶ
2860 5360 2969 5413 ἀπὸ
3015 5360 3382 5433 φιλαργυρίας
3440 5358 3767 5430 βυθιζοῦσης
3816 5359 3954 5426 νοῦν,

2393 5454 2487 5501 καὶ
2515 5451 2623 5503 ἀπὸ
2644 5451 2876 5521 ἀκηδίας
2906 5452 3261 5523 σκοτιζούσης
3284 5451 3564 5522 ὀφθαλμὸν
3579 5451 3780 5522 ψυχῆς,
3805 5452 3958 5506 καθα-

2396 5544 2523 5612 ροὺς
2584 5545 2812 5609 ἑαυτοὺς
2853 5547 3152 5618 διατηρεῖν,
3205 5544 3676 5617 προσδεχομένους
3732 5544 3819 5599 ἀεὶ
3864 5541 3956 5613 τὴν

2231 5776 2456 5831 ΝΟΪᾹΣ.

788 5874 985 5947 (58)1η
1018 5872 1139 5929 cod.
1173 5872 1301 5945 Heg.
1344 5873 1471 5945 ροβ’⁸
