4156 6504
281 441 422 510 1461

1472 445 2008 507 EPISTOLARUM
2065 448 2213 508 LIB.
2258 421 2350 512 11;

3397 449 3531 515 1462

279 556 380 609 τοῦ
411 554 663 626 σώματος
691 554 890 621 ἔξοδον,
918 555 1001 623 ἐφ’
1022 549 1067 623 ᾧ
1096 555 1322 624 τήκεται
1344 552 1413 608 τὰ
1429 556 1598 625 πάθη,
1624 558 1716 610 καὶ
1738 574 1851 610 νευ-

1965 557 2146 611 anima
2199 556 2608 614 corroboratur.
2662 555 2910 612 Claudite
2954 556 3179 614 auditus
3231 558 3529 615 vitiorum:

284 649 474 718 ροῦται
503 648 674 718 ψυχή.
709 647 934 699 Κλείετε
958 647 1058 710 τὰς
1085 646 1327 709 είσόδους
1353 647 1462 700 τῶν
1478 648 1667 700 παθῶν
1690 663 1703 676 ⁸
1725 647 1859 713 φεύ-

279 756 405 804 γετε
437 742 561 800 τοὺς
589 737 700 789 τῶν
727 738 1041 806 πτωμάτων
1093 737 1292 798 τόπους
1321 751 1334 766 ·
1371 736 1604 804 φεύγετε
1631 737 1730 799 τὰς
1761 754 1859 805 γυο

278 832 530 893 ναικείας
553 829 772 899 ὁμιλίας
799 830 892 882 καὶ
927 829 1351 897 συνδιαιτήσεις.
1381 828 1507 892 Πῶς
1535 829 1643 900 γὰρ
1669 829 1734 883 ἂν
1765 830 1861 883 καὶ

282 925 361 992 μὴ
396 922 653 991 φλεχθείη
683 922 904 991 καρδία,
931 921 1132 992 μᾶλλον
1163 921 1220 973 δὲ
1251 921 1641 992 ὲμπυρισθείη,
1669 921 1857 990 λόγους

279 1013 501 1066 διδοῦσα
528 1013 620 1065 καὶ
647 1012 1001 1081 λαμϐάνουσα
1033 1012 1170 1081 μετὰ
1215 1011 1484 1081 παρθένου
1509 1031 1521 1074 ;
1562 1014 1700 1081 μετὰ
1722 1011 1860 1081 ψαλ-

282 1105 517 1175 λούσης;
555 1106 673 1175 μεθ’
720 1105 838 1168 οἵας
878 1105 1074 1176 δήποτε
1129 1103 1424 1173 γυναικός;
1474 1104 1633 1167 Πῶς,
1687 1106 1858 1176 φησὶ,

282 1196 611 1264 θεολογικῶς
642 1197 837 1259 εἰπεῖν,
875 1194 1038 1247 σώσει
1070 1197 1102 1265 ἡ
1138 1193 1395 1264 ἀλλοτρία
1423 1195 1482 1248 ὃν
1517 1195 1798 1248 ἀπώλεσεν
1827 1198 1860 1268 ἡ

285 1288 393 1339 ίδία
420 1306 432 1351 ;
467 1287 569 1339 κᾶν
586 1287 695 1357 γὰρ
721 1286 1121 1357 πραγματικῶς
1145 1287 1317 1350 δόξειέ
1352 1305 1435 1350 τις
1459 1287 1824 1356 φυλάττεσθαι
1844 1305 1857 1318 ·

281 1381 423 1433 ἀλλά
450 1397 512 1448 γε
546 1378 860 1450 καρδιακῶς
888 1380 946 1431 ού
978 1378 1237 1450 διασωθῇ,
1265 1379 1404 1432 κατὰ
1448 1379 1545 1451 τὴν
1588 1379 1861 1448 ἀπόφασιν

281 1470 377 1522 τοῦ
408 1471 633 1540 Κυρίου.

369 1560 425 1616 Ὀ
450 1561 688 1630 διωγμὸς
714 1555 808 1614 οὖν
855 1561 915 1614 οὐ
945 1561 1015 1614 δι’
1053 1561 1351 1625 ἀπώλειαν,
1391 1560 1528 1614 ἀλλὰ
1558 1561 1647 1616 διὰ
1684 1579 1860 1632 σωτη-

1960 649 2332 705 offensionum
2366 650 2484 703 loca
2511 648 2715 719 fugite:
2750 648 2919 720 fugite
2935 651 3225 707 muliebria
3262 653 3532 723 colloquia

1959 750 2013 795 et
2033 741 2418 797 contubernia.
2447 741 2566 807 Quo
2590 743 2735 796 enim
2763 752 2922 812 pacto
2944 758 3055 798 non
3086 744 3274 800 ardeat
3303 761 3422 812 cor,
3452 747 3534 800 vel

1960 832 2143 902 potius
2169 847 2274 886 non
2302 833 2565 901 ignescat,
2610 842 2830 886 mutuos
2853 847 3139 888 sermones
3157 850 3280 888 cum
3322 836 3535 907 virgine

1961 926 2118 992 dans,
2155 935 2209 980 et
2230 926 2539 994 accipiens?
2568 941 2691 979 cum
2719 926 3021 995 psallente?
3045 941 3170 980 cum
3204 943 3537 998 quacunque

1961 1017 2182 1072 demum
2216 1016 2478 1070 muliere?
2501 1016 2804 1082 Quomodo,
2833 1027 2890 1070 ut
2914 1017 3150 1088 theologi
3182 1017 3365 1073 verbis
3390 1029 3534 1081 utar,

1961 1111 2195 1166 salvabit
2237 1110 2445 1176 aliena,
2488 1126 2651 1180 quem
2695 1113 2914 1181 propria
2961 1110 3231 1181 perdidit?
3270 1110 3538 1178 Quamvis

1961 1204 2106 1258 enim
2136 1203 2314 1272 reipsa
2339 1204 2592 1258 videatur
2614 1204 2885 1274 quispiam
2917 1203 3022 1260 sibi
3051 1218 3248 1258 cavere
3271 1223 3285 1271 ;
3305 1214 3360 1259 at
3385 1205 3537 1259 cordi

1962 1296 2274 1350 consultum
2344 1297 2479 1353 satis
2543 1311 2654 1351 non
2714 1296 2848 1360 erit,
2903 1296 3055 1366 juxta
3127 1295 3341 1352 Domini
3404 1295 3538 1351 effa-

1961 1395 2075 1441 tum
2108 1386 2171 1437 ⁸⁸.

2033 1565 2223 1635 itaque
2248 1563 2562 1634 persecutio
2584 1579 2691 1620 non
2733 1564 2799 1619 ad
2845 1563 3096 1627 exitium,
3143 1563 3237 1618 sed
3286 1563 3350 1618 ad
3387 1565 3538 1618 salu-

280 1651 426 1721 ρίανο
440 1652 559 1704 οὐδὲ
574 1651 807 1721 τοσαύτη
825 1653 957 1720 ἀνάγ
966 1670 1034 1721 κη
1053 1652 1452 1720 κατεπείγουσα
1467 1654 1545 1716 είς
1556 1653 1614 1706 τὸ
1633 1654 1851 1708 συνδιαι-

1963 1663 2070 1709 tem
2111 1673 2123 1708 :
2167 1672 2343 1726 neque
2375 1665 2523 1710 tanta
2555 1666 2639 1711 est
2689 1655 3014 1720 necessitas,
3066 1665 3125 1709 ut
3163 1669 3286 1708 cum
3337 1654 3539 1708 femina

279 1744 478 1795 τᾶσθαι
510 1759 753 1810 γυναικι,
783 1741 963 1808 καθὼς
995 1745 1053 1797 ὲν
1083 1746 1194 1807 τοῖς
1223 1745 1468 1813 Πατράσι
1511 1746 1571 1797 τὸ
1603 1762 1862 1815 περιστα-

277 1834 433 1886 τικδν
461 1835 770 1904 ⁴ὴνάγκασεν
812 1835 916 1887 ὑπὸ
949 1835 1205 1906 παρθένῳ
1227 1836 1320 1889 τὸν
1359 1836 1603 1907 ἀοίδιμον
1643 1837 1863 1891 Ἀθανά-

1962 1751 2175 1805 versari
2207 1760 2385 1821 cogat,
2421 1751 2564 1804 sicut
2595 1750 2738 1805 inter
2758 1747 2947 1803 Patres
2975 1748 3270 1818 gloriosum
3298 1747 3540 1800 Athana-

1964 1843 2105 1896 sium
2135 1843 2435 1913 adegerunt
2456 1843 2739 1911 angustiae,
2767 1850 2828 1895 ut
2849 1849 3057 1910 septem
3091 1854 3265 1895 annos
3297 1840 3400 1895 sub
3430 1839 3540 1893 vir-

280 1945 398 1980 σιον
430 1929 794 1997 ὲπταετῆσαιο
827 1929 858 1999 ἢ
892 1929 1043 1982 τόνδε
1088 1930 1182 1982 καὶ
1230 1929 1381 1982 τόνδε
1423 1928 1513 1982 τὸν
1561 1932 1716 1999 ἆγιον
1756 1931 1851 1984 ὑπὲ

1965 1931 2110 2001 ginis
2139 1907 2270 1986 cura
2293 1907 2656 2000 transigeret;
2693 1939 2789 1984 aut
2813 1907 2959 1984 hunc
2982 1929 3064 1984 vel
3091 1929 3241 1982 illum
3264 1937 3536 1990 sanctum,

278 2019 545 2087 γυναικὸς
572 2019 1069 2091 ὲξυπηρετηθῆναι.
1113 2018 1274 2072 Ἀλλὰ
1301 2019 1395 2072 νῦν
1427 2021 1520 2072 καὶ
1552 2022 1736 2083 πόλεις
1766 2023 1862 2074 καὶ

280 2111 457 2182 χῶραι
481 2114 541 2164 τὸ
580 2112 888 2182 ἐλευθέριον
915 2110 1121 2181 ἔχουσι,
1155 2111 1256 2181 τῆς
1290 2111 1647 2182 ἀσυνδυάστῳ
1675 2114 1860 2185 τρόπῳ

280 2205 498 2272 γυναιξὶ
525 2205 723 2269 ξενίας.
760 2205 832 2257 Σὺ
859 2205 914 2257 δὲ
944 2205 1106 2276 δῆθεν
1134 2203 1428 2272 ὁμολογίας
1476 2206 1570 2258 κα)⁸
1617 2205 1858 2276 διωγμοῦ

280 2315 379 2350 του
415 2298 552 2367 ὑπὲρ
582 2296 819 2366 Χριστοῦ
853 2297 992 2349 κατὰ
1018 2296 1110 2350 τοῦ
1142 2297 1381 2368 Χριστοῦ
1413 2314 1734 2366 κινουμενος
1759 2299 1859 2351 οὐκ

280 2391 592 2460 ἐπαισθάνῃ
673 2388 889 2458 γυναιξὶ
954 2390 1174 2453 πυκνῶς
1228 2391 1465 2460 ὁμιλῶν·
1529 2390 1857 2460 συμψάλλων

283 2485 414 2545 ἴσως
436 2499 450 2513 ο
491 2483 628 2552 τάχα
645 2482 701 2534 δὲ
726 2482 819 2534 καὶ
844 2481 1186 2553 σονεσθίωνῆ
1210 2484 1302 2535 καὶ
1330 2483 1592 2536 συνοικῶν
1610 2500 1624 2512 ο
1662 2481 1856 2535 ἐσθίων

277 2574 379 2644 τὴν
416 2573 537 2642 ὄψιν
573 2575 676 2641 τῆς
725 2573 998 2635 συνοίκου,
1039 2573 1135 2626 καὶ
1182 2574 1495 2645 ἐσθιόμενος
1540 2574 1644 2628 ὑπὸ
1694 2573 1856 2645 τῆσδε

279 2665 543 2734 ὀλεθρίως
569 2681 583 2731 ;
615 2664 822 2730 Φύγετε
854 2664 929 2727 ὡς
958 2665 1066 2716 ἀπὸ
1091 2665 1258 2736 πυρὸς
1296 2666 1391 2718 καὶ
1416 2667 1463 2717 οί
1517 2665 1706 2734 ἄνδρες
1748 2664 1857 2717 ἀπὸ

278 2755 574 2824 γυναικῶν,
603 2755 695 2808 καὶ
751 2757 806 2807 αἱ
851 2757 1102 2823 γυναῖκες
1147 2755 1256 2810 ἀπὸ
1299 2755 1408 2808 τῶν
1455 2756 1698 2826 ἀνδρῶν⁸
1724 2757 1773 2807 εί
1799 2757 1856 2808 δὲ

281 2849 377 2901 καὶ
409 2847 680 2917 σύμϐασιν
711 2848 792 2900 δεῖ
819 2847 1092 2919 γενέσθαι,
1128 2848 1383 2901 τοσοῦτον
1409 2849 1534 2900 ὅσον
1571 2851 1604 2919 ἡ
1636 2849 1851 2918 ἀνάγκη

278 2940 376 2992 καὶ
405 2941 436 3008 ὴ
464 2938 620 3009 χρεία
661 2938 943 3008 ἀπαιτοίη,
996 2938 1501 3009 διαδιδράσκοντες,
1549 2941 1641 2992 καὶ
1685 2940 1745 2992 τὸ
1772 2958 1855 2992 τι-

279 3031 430 3084 θέναι
462 3029 757 3083 σκάνδαλον
798 3031 1000 3092 ἄλλοις.
1037 3029 1176 3082 Ἵνα
1217 3031 1272 3083 τί
1295 3031 1405 3099 γὰρ
1455 3033 1493 3098 ἡ
1544 3031 1855 3100 ἐλευθερία

271 3141 414 3193 μου,
444 3124 596 3193 φησὶ,
619 3124 880 3192 κρίνεται
902 3123 1018 3177 ὑπὸ
1035 3123 1231 3189 ἄλλης
1248 3122 1660 3191 συνειδήσεως
1681 3141 1700 3188 ;
1719 3124 1849 3186 Καὶ,

276 3219 347 3269 Et
368 3215 578 3285 βρῶμα
608 3215 991 3276 σκανδαλίζει
1023 3216 1130 3268 τὸν
1154 3215 1421 3284 ἀδελφόν
1458 3234 1578 3284 μου
1599 3256 1614 3281 ,
1663 3218 1735 3270 οὺ
1765 3216 1850 3286 μὴ
1880 3258 1923 3313 C

273 3308 441 3376 φάγω
469 3310 609 3375 κρέα
627 3311 714 3374 εὶς
735 3309 841 3362 τὸν
870 3308 1074 3373 αἰῶνα,
1092 3308 1192 3361 ἵνα
1213 3309 1296 3377 μὴ
1323 3309 1429 3360 τὸν
1455 3309 1722 3377 ἀδελφόν
1733 3325 1852 3377 μου

275 3398 688 3452 σκανδαλίσω.
743 3399 1208 3462 ’Δσκανδαλίστως
1258 3395 1350 3453 οὖν
1400 3399 1771 3465 πολιτεύεσθε,
1806 3395 1851 3453 ὧ

274 3492 462 3555 τέκνα,
492 3492 591 3545 καὶ
618 3491 1043 3558 άπροσκόπως,
1085 3491 1183 3544 καὶ
1217 3491 1548 3558 Ἰουδαίοις,
1575 3491 1673 3545 καὶ
1706 3492 1852 3546 ’Ἔλ-

271 3587 443 3649 λησι,
472 3584 568 3637 καὶ
592 3582 665 3652 τῇ
709 3585 1032 3650 Ἐκκλησία
1083 3583 1188 3637 τοῦ
1225 3583 1397 3648 Θεοῦ,
1435 3583 1617 3645 καθὼς
1641 3583 1844 3652 γέγραο

275 3692 446 3728 πται·
478 3666 820 3738 ἐπινοοῦντες
870 3678 963 3729 καὶ
1011 3676 1073 3728 τὸ
1117 3675 1308 3746 ἄδηλον
1353 3675 1448 3728 τοῦ
1487 3668 1716 3729 θανάτου
1747 3677 1850 3747 ἢδη

274 3766 520 3836 παρῆλθε
548 3767 639 3821 καὶ
673 3770 700 3819 ὸ
727 3766 948 3835 ἀδελφὸς
989 3766 1175 3832 Σίλας,
1224 3767 1316 3818 καὶ
1357 3767 1465 3838 πρό
1498 3784 1562 3836 γε
1601 3768 1791 3821 τούτου
1823 3769 1850 3820 ό

274 3857 448 3918 esea;
476 3857 805 3920 Θεόσωστος,
839 3856 933 3908 καί
963 3872 1024 3923 γε
1044 3858 1072 3908 ὁ
1120 3855 1351 3924 ἀδελφὸς
1396 3857 1723 3927 Προκόπιος,
1755 3856 1850 3910 καὶ

271 3948 451 4011 οὐδεὶς
476 3949 747 4018 ὲπιμενεί.
783 3947 892 4000 Καὶ
926 3948 1197 4018 μακάριος
1221 3951 1248 4001 ὁ
1288 3948 1490 4001 συνιῶν
1516 3947 1843 4017 ἀκατάγνω-

275 4057 418 4101 στως
461 4041 747 4111 παρελθεῖν
789 4039 880 4092 τὸν
914 4038 1040 4109 τῇδε
1094 4038 1227 4108 βίον.
1296 4038 1668 4109 Προσεύχεσθε
1718 4041 1845 4110 περ)⁸

271 4131 434 4202 ἡμῶν
503 4133 612 4185 τῶν
689 4131 962 4185 ταπεινῶν
1032 4131 1443 4201 ἁνεπιλήστως,
1497 4131 1582 4184 ἵνα
1649 4130 1842 4195 σωζοί-

274 4221 438 4292 μεθα.
516 4217 523 4224 ’

454 4336 617 4389 PMH'
643 4334 776 4406 (59).
808 4362 878 4373 —
898 4336 1202 4404 Δημητρίῳ
1231 4333 1450 4399 ὑπάτῳ.
1487 4331 1678 4406 [ψλα’.]

1963 2031 2024 2076 ut
2061 2021 2316 2077 muliebri
2374 2021 2679 2076 ministerio
2722 2029 3003 2075 uterentur
3026 2021 3093 2074 ⁷ο.
3151 2017 3256 2074 Sed
3294 2034 3439 2073 nunc
3485 2028 3552 2074 et.

1953 2115 2127 2170 urbes
2167 2124 2222 2169 et
2255 2115 2506 2184 regiones
2540 2113 2773 2168 liberum
2813 2112 3056 2183 praebent
3088 2111 3382 2181 hospitium
3412 2149 3427 2174 ,
3463 2109 3540 2163 ita

1961 2215 2022 2260 ut
2045 2221 2268 2261 necesse
2296 2221 2404 2260 non
2447 2205 2520 2261 sit
2548 2222 2654 2259 una
2683 2221 2809 2260 cum
2845 2206 3175 2260 mulieribus
3199 2199 3428 2258 versari.
3455 2201 3538 2257 Tu

1959 2312 2091 2352 vero
2118 2312 2225 2352 non
2262 2297 2656 2352 animadvertis
2695 2297 2907 2352 scilicet
2952 2306 3002 2351 te
3035 2295 3439 2351 confessionem
3481 2306 3540 2350 et

1959 2388 2395 2458 persecutionem
2435 2401 2535 2456 pro
2593 2384 2846 2452 Christo,
2934 2387 3196 2441 adversus
3252 2385 3536 2440 Christum

1960 2487 2297 2541 convertere,
2333 2478 2462 2532 dum
2493 2477 2806 2546 frequenter
2836 2478 3170 2544 colloqueris
3195 2493 3318 2533 cum
3349 2477 3540 2532 mulie-

1960 2571 2149 2635 ribus;
2181 2585 2286 2624 una
2311 2567 2499 2638 psaltis
2516 2569 2766 2634 fortasse,
2800 2585 2864 2625 ac
2896 2569 3133 2625 fortasse
3159 2570 3325 2625 simul
3349 2585 3537 2625 come-

1957 2664 2064 2725 dis,
2104 2675 2157 2717 et
2214 2662 2378 2717 simul
2435 2663 2669 2726 habitas,
2709 2663 2826 2716 visu
2862 2673 2912 2718 te
2947 2677 3176 2732 pascens
3221 2662 3534 2732 huiusmodi

1958 2753 2368 2807 contubernalis
2389 2791 2403 2815 ,
2438 2767 2504 2808 ac
2533 2753 2682 2806 illam
2723 2753 3007 2806 oblectans
3046 2753 3313 2807 exitiose?
3343 2751 3536 2824 Fugite

1957 2854 2216 2915 tanquam
2247 2845 2313 2898 ab
2344 2844 2477 2914 igni,
2513 2853 2565 2898 et
2608 2844 2712 2898 viri
2756 2860 2785 2898 a
2815 2843 3159 2910 mulieribus,
3183 2854 3238 2900 et
3278 2845 3536 2902 mulieres

1956 2953 1986 2992 a
2015 2938 2168 2992 viris.
2200 2937 2353 3003 Quod
2379 2937 2424 2991 si
2454 2938 2748 2992 convenire
2799 2936 3105 3005 oportebit,
3166 2937 3218 2990 id
3267 2939 3541 3007 tantisper

1956 3032 2050 3085 fiat
2077 3040 2340 3100 quantum
2366 3045 2499 3085 usus
2522 3030 2688 3100 exigit
2717 3046 2783 3085 ac
2805 3031 3106 3085 necessitas
3141 3048 3154 3084 :
3182 3029 3437 3099 fugiendo
3480 3031 3536 3085 id

1955 3138 2118 3176 omne
2147 3121 2292 3191 quod
2315 3122 2437 3176 aliis
2467 3122 2786 3177 scandalum
2825 3123 3064 3191 praebere
3083 3133 3263 3192 queat.
3308 3120 3375 3175 Ut
3406 3122 3534 3191 quid

1955 3214 2094 3266 enim
2123 3212 2339 3266 libertas
2375 3229 2489 3265 mea
2530 3211 2833 3281 judicatur,
2875 3213 3074 3283 inquit,
3104 3213 3170 3267 ab
3201 3213 3380 3268 aliena
3411 3230 3536 3267 con-

1959 3305 2182 3358 scientia
2214 3305 2280 3357 ".
2314 3303 2399 3368 Et,
2437 3303 2496 3358 Si
2532 3321 2651 3358 esca
2690 3305 3023 3358 scandalizat
3071 3306 3292 3374 fratrem
3337 3321 3533 3369 meum,

1958 3413 2060 3450 non
2104 3396 2432 3452 manducabo
2475 3413 2689 3450 carnem
2737 3397 2791 3449 in
2843 3407 3119 3463 aeternum,
3179 3413 3241 3449 ne
3312 3396 3534 3465 fratrem

1958 3505 2130 3542 meum
2160 3487 2520 3542 scandalizem
2550 3490 2615 3543 τ’.
2648 3487 2780 3543 Sine
2821 3489 3080 3544 seandalo
3109 3490 3278 3558 igitur
3300 3505 3533 3544 conver-

1955 3580 2176 3644 samini,
2205 3596 2237 3633 o
2261 3580 2443 3640 filii,et
2466 3581 2577 3633 sine
2603 3580 2910 3648 o/fensione,
2943 3589 2992 3633 et
3028 3577 3259 3644 Judwis,
3297 3591 3344 3632 et
3380 3579 3532 3634 Grie-

1951 3673 2049 3736 cis,
2085 3682 2132 3726 et
2163 3671 2413 3726 Ecclesia?
2443 3670 2562 3735 Dei,
2610 3673 2757 3726 sicut
2792 3673 3057 3742 scriptum
3106 3683 3194 3729 est
3219 3675 3302 3739 ⁷³;
3354 3673 3533 3749 incer-

1951 3774 2064 3818 tum
2091 3779 2310 3833 quoque
2341 3763 2538 3818 mortis
2583 3773 2796 3833 tempus
2831 3776 3162 3834 reputantes.
3198 3766 3315 3820 Jan:
3341 3781 3534 3821 exces-

1950 3856 2025 3910 sit
2046 3865 2101 3909 et
2131 3853 2303 3908 frater
2343 3853 2509 3920 Silas,
2540 3866 2595 3908 et
2621 3863 2751 3909 ante
2795 3854 2939 3909 hunc
2969 3855 3139 3908 abbas
3167 3855 3529 3919 Theosostus,

1951 3945 2120 4002 frater
2152 3946 2338 4001 itidem
2365 3944 2673 4016 Procopius
2699 3965 2714 4002 :
2747 3962 2848 4002 nec
2883 3946 3030 4002 ullus
3058 3947 3112 4001 in
3138 3947 3246 4001 vita
3269 3954 3532 4017 perpetuo

1951 4039 2212 4092 manebit.
2235 4039 2304 4091 At
2336 4037 2532 4093 beatus
2548 4039 2640 4108 qui
2663 4039 2819 4094 novit
2869 4040 2991 4096 sine
3054 4055 3197 4094 noxa
3234 4040 3531 4110 transigere

1951 4129 2094 4184 hanc
2124 4130 2314 4185 vitam.
2338 4127 2631 4202 Nunquam
2657 4130 3063 4185 obliviscamini
3117 4145 3276 4187 orare
3298 4145 3397 4201 pro
3428 4147 3529 4187 no-

1951 4221 2039 4276 bis
2061 4221 2388 4285 humilibus.
2417 4231 2477 4277 ut
2497 4222 2634 4277 Salvi
2665 4223 2862 4279 simus.
2893 4263 2896 4266 ~

2269 4331 2546 4390 CXLVIII.
2569 4365 2638 4375 —
2665 4334 2930 4390 Demetrio
2959 4334 3184 4388 consuli.

1351 4446 1419 4496 Ut
1445 4459 1648 4510 gemino
1681 4445 1970 4509 magistratu
2001 4446 2158 4510 probe
2193 4444 2445 4509 fungatur.

356 4552 418 4606 Ἦ
452 4552 687 4606 ἀπουσία
712 4549 807 4605 τοῦ
851 4551 1101 4623 σώματος
1127 4552 1248 4607 τίνα
1276 4552 1442 4625 ἄλλην
1471 4553 1620 4625 εὖροι
1659 4570 1838 4624 παρα-

2011 4554 2276 4609 Absentia
2300 4556 2550 4625 corporis
2564 4570 2792 4626 ecquam
2812 4555 3240 4611 consolationem
3262 4557 3522 4618 inveniat,

273 4645 492 4716 μυθίαν,
524 4646 555 4715 ἦ
590 4646 687 4715 τὴν
717 4644 806 4697 διὰ
846 4645 940 4697 τοῦ
979 4646 1304 4715 γράμματος
1339 4647 1633 4715 συνάφειαν
1658 4663 1673 4711 ;
1697 4644 1840 4698 Ταύ-

267 4755 338 4807 τῃ
376 4737 685 4809 τοιγαροῦν,
720 4732 764 4790 ὦ
808 4737 976 4806 φίλων
1035 4737 1246 4808 ἄριστε,
1304 4738 1687 4808 συναπτόμεθά
1744 4755 1838 4790 σου

266 4834 335 4902 τῇ
366 4832 554 4901 ἀγάπῃ
595 4834 642 4884 oi
687 4833 935 4885 ταπεινοὶ
983 4833 1045 4884 τὸ
1075 4833 1270 4903 παρὸν,
1329 4830 1838 4902 προσπτυσσὸμενοί

267 4942 326 4977 σε
356 4923 432 4991 τῷ
457 4923 746 4992 πνεύματι,
787 4927 880 4978 καὶ
911 4925 1268 4997 γνωρίζοντες
1296 4927 1377 4979 ὅτι
1420 4926 1540 4994 οὐχὶ
1582 4926 1615 4995 η
1667 4925 1836 4976 ἀπου-

267 5018 356 5068 σία
382 5014 619 5079 διέζευξε
651 5017 748 5085 τὴν
779 5017 1000 5088 ἀγάπην
1033 5034 1046 5046 ο
1094 5017 1230 5072 ἀλλὰ
1255 5019 1348 5070 καὶ
1407 5016 1605 5086 μᾶλλον
1661 5017 1830 5067 ἐκκα-

265 5111 440 5162 λεῖται
485 5109 654 5180 αὐτὴν
685 5109 928 5178 διψῶσαν
962 5109 1024 5167 τὸ
1079 5110 1317 5182 φίλτρον,
1354 5109 1606 5177 καθάπερ
1658 5109 1709 5160 οἱ
1748 5109 1831 5160 δι-

261 5202 476 5272 ψαλέως
505 5201 716 5270 ἔχοντες
761 5202 1109 5272 ἐπιτρέχουσι
1166 5203 1300 5273 πρὸς
1338 5203 1436 5266 τάς
1483 5201 1666 5272 πηγὰς
1719 5202 1829 5252 τῶν

262 5293 494 5347 ὑδάτων.
543 5293 702 5346 Ἀλλά
751 5293 811 5344 τὸ
847 5296 944 5362 μὲν
970 5293 1069 5361 τῆς
1096 5293 1315 5364 ἀγάπης
1339 5293 1604 5346 δεικτικὸν
1637 5291 1827 5347 τοσού-

259 5396 371 5432 τον.
411 5379 530 5441 Πῶς
569 5379 624 5431 δὲ
654 5381 814 5444 αὐτὸς
841 5381 1137 5450 διατελοίης
1157 5384 1213 5432 ὲν
1246 5385 1310 5450 τῇ
1340 5380 1690 5452 πιστευθείσῃ
1720 5395 1827 5433 πα-

263 5472 335 5542 ρὰ
362 5473 470 5524 τῶν
502 5471 764 5539 βασιλέων
795 5475 961 5543 ἀρχῇ,
1008 5471 1308 5542 ἀγνοοῦμεν
1334 5488 1349 5504 ⁸
1401 5473 1600 5543 μᾶλλον
1651 5473 1707 5525 δὲ
1737 5470 1833 5523 καὶ

1941 4657 2137 4719 praeter
2169 4663 2525 4720 congressum
2563 4664 2658 4718 per
2687 4648 2897 4703 litteras
2922 4648 2946 4701 ?
2973 4648 3067 4702 Illo
3099 4649 3285 4719 igitur,
3313 4647 3522 4702 amico-

1941 4758 2062 4796 rum
2096 4742 2320 4811 optime,
2363 4750 2467 4796 tua}
2505 4757 2651 4796 nunc
2687 4740 2941 4796 charitati
2971 4740 3206 4795 humiles
3234 4739 3526 4809 conjungi-

1941 4849 2086 4899 mur,
2127 4833 2514 4903 amplectentes
2558 4840 2610 4887 te
2650 4833 2866 4904 spiritu,
2909 4844 2965 4888 et
2995 4834 3285 4888 certiorem
3318 4831 3523 4887 facien-

1943 4935 2046 4991 tes,
2095 4927 2414 4981 charitatem
2460 4925 2705 4980 absentia
2745 4939 2853 4979 non
2888 4938 3010 4979 esse
3052 4923 3395 4987 dissolutam,
3425 4925 3519 4979 sed

1939 5019 2120 5089 potius
2159 5019 2308 5073 illam
2343 5018 2614 5074 sitientem
2643 5017 2840 5072 attrahi
2872 5016 3072 5087 philtro
3112 5035 3126 5083 ;
3163 5018 3520 5087 quemadmo-

1937 5110 2064 5161 dum
2091 5107 2184 5178 qui
2215 5107 2303 5162 siti
2331 5119 2584 5173 uruntur,
2611 5111 2907 5161 accurrunt
2928 5106 2994 5159 ad
3019 5104 3199 5160 fontes
3228 5120 3515 5174 aquarum.

1945 5198 2139 5253 Verum
2182 5199 2446 5254 hactenus
2497 5198 2565 5253 de
2617 5198 2900 5253 charitatis
2957 5195 3353 5252 testificatione.
3399 5195 3519 5262 Quo

1934 5298 2113 5345 autem
2142 5299 2297 5357 pacto
2324 5288 2706 5343 demandatam
2733 5287 2830 5342 tibi
2856 5287 2923 5342 ab
2945 5286 3362 5357 imperatoribus
3395 5299 3520 5353 pro-

1933 5381 2168 5435 vinciam
2191 5396 2377 5450 gerere
2395 5395 2605 5450 pergas,
2625 5382 2956 5451 ignoramus;
2982 5388 3074 5433 aut
3095 5379 3271 5448 potius
3288 5375 3436 5430 anxii
3465 5384 3520 5429 et

1939 5471 2158 5527 solliciti
2184 5487 2377 5528 sumus
2409 5491 2423 5526 :
2455 5473 2712 5542 quoniam
2745 5471 3018 5535 audimus,
3049 5479 3242 5540 praeter
3275 5467 3513 5537 priorem

342 5587 380 5660 ξ’
413 5587 602 5660 Matth.
642 5604 708 5660 κν,
749 5587 837 5643 28.
877 5590 922 5622 '°
950 5590 1240 5645 Sozomen.
1298 5589 1388 5644 lib.
1423 5605 1474 5656 v,
1494 5604 1610 5660 cap.
1673 5587 1812 5652 6;et
1850 5583 2058 5640 Pallad.
2095 5585 2148 5639 in
2178 5583 2428 5641 Lausiac.
2469 5585 2512 5615 ⁷¹
2542 5584 2556 5637 l
2587 5584 2710 5640 Cor.
2762 5598 2813 5646 χ,
2877 5582 2964 5637 9.9.
3008 5582 3051 5614 ⁷³
3085 5577 3100 5634 1
3131 5579 3254 5637 Cor.
3299 5578 3510 5644 vnu,l3.

261 5659 309 5690 ⁷³
343 5655 361 5710 l
391 5659 516 5714 (Lor.
551 5675 606 5723 ι,
637 5659 736 5722 32,

1707 5741 1913 5799 NOTAE
1926 5785 1938 5799 .

340 5865 450 5936 (59)
485 5867 540 5921 ln
575 5868 693 5922 cod.
724 5868 853 5939 Reg.
893 5871 1023 5937 ρογ’.
