4156 6480
656 398 801 469 1463

1855 405 1916 465 S.
1956 402 2351 464 THEODORI
2386 400 2733 462 STUDIT/E

3780 399 3927 464 1464

650 514 1006 586 provinciam.
1022 514 1331 586 impositam
1355 514 1449 570 tibi
1469 515 1690 570 alteram
1718 514 1906 582 fuisse,
1927 531 2033 570 non
2060 515 2233 568 volen-

2348 514 2704 585 ίμμερίμνως
2760 512 2995 582 εχομεν·
3053 512 3242 583 ἑπτιδὴ
3290 511 3386 567 καὶ
3449 512 3794 583 μανθάνομεν
3854 516 3927 585 τῇ

652 606 715 664 ti.
749 605 840 659 sed
875 606 1119 675 principe
1143 606 1223 661 sic
1243 606 1469 675 jubente
1497 617 1693 676 :atque
1720 608 1880 668 hanc.
1904 624 2029 662 cum
2053 608 2237 678 priore

651 695 722 748 sit
763 696 1023 749 remotior
1050 697 1287 751 vicinam
1320 713 1441 751 esse
1485 696 1743 752 Barbaris
1774 715 1789 765 ;
1820 698 2053 768 ideoque
2090 707 2235 752 metu

649 786 805 851 allici,
840 788 1100 854 utaiunt,
1130 798 1475 857 praestantem
1502 792 1741 845 animam
1768 800 1917 845 tuam
1958 809 1971 845 :
2007 799 2067 843 ut
2103 806 2227 861 qua!

650 894 750 934 nec
781 881 931 945 velit,
964 897 1064 937 nec
1104 897 1379 952 propensa
1421 884 1493 937 sit
1519 884 1583 938 ad
1615 884 1938 954 gestandum
1968 884 2230 953 gladium,

652 970 968 1043 bellumque
999 974 1082 1029 vel
1138 974 1484 1030 inferendum
1523 977 1607 1030 vel
1636 976 2043 1031 sustinendum.
2108 974 2233 1029 Hzec

647 1066 830 1119 omnia
861 1083 963 1123 nos
995 1070 1159 1123 etiam
1188 1080 1574 1138 permoverunt
1604 1070 1671 1125 ad
1705 1084 1893 1138 preces
1925 1070 2234 1124 orationes‘

647 1173 754 1226 que
783 1158 1109 1224 fundendus,
1155 1172 1216 1217 ut
1248 1163 1326 1217 sis
1357 1163 1410 1217 in
1455 1174 1689 1233 utroque
1738 1163 2058 1233 magistratu
2086 1163 2236 1217 inco—

648 1252 831 1306 lumis.
874 1252 941 1308 Et
985 1268 1114 1309 vero
1159 1271 1446 1325 speramus
1489 1256 1698 1311 salvum
1754 1267 1806 1311 te
1859 1254 2012 1321 fore,
2048 1256 2093 1310 si
2129 1270 2238 1323 pra:

646 1344 819 1398 oculis
853 1345 1054 1401 habeas
1086 1346 1336 1400 timorem
1370 1345 1485 1410 Dei,
1517 1355 1571 1401 et
1604 1346 1749 1415 quod
1789 1346 1913 1399 inde
1940 1346 2239 1401 advocatur

2344 608 2585 679 προτέρᾳ
2608 608 2753 678 ἀρχῇ
2784 607 2879 659 καὶ
2906 606 3101 678 ἑτέραν
3150 606 3468 675 ἐπιτεθῆναι
3507 623 3589 659 σοι
3646 606 3745 661 οὐκ
3798 608 3929 663 ἑθέ-

2342 703 2511 764 λοντι,
2543 701 2681 755 ἀλλὰ
2735 700 3166 772 προστάσσοντος
3192 699 3286 753 τοῦ
3314 698 3641 770 κρατοῦντος
3659 717 3672 730 ο
3717 702 3814 753 καὶ
3842 704 3924 756 ὅτι

2343 792 2679 864 πορρωτέρω
2734 793 2833 861 τῆς
2862 793 3132 863 προτέρας
3178 788 3366 855 οὖσαν,
3408 789 3615 859 ἐγγίζει
3646 794 3759 855 τοῖς
3785 792 3930 862 βαρ-

2343 888 2534 955 ϐάροις
2560 904 2574 919 ο
2608 888 2692 955 ἐφ’
2722 880 2767 953 ᾧ
2792 888 2884 939 καὶ
2906 887 3021 949 δέος
3048 888 3337 956 ἐσχηκέναι
3368 888 3468 955 τὴν
3488 886 3675 956 τιμίαν
3698 903 3791 939 σου
3816 886 3931 953 ψυ-

2342 977 2463 1047 χὴν,
2512 975 2587 1038 ὥς
2616 993 2766 1045 φασι,
2801 978 2939 1046 μήτε
2989 976 3297 1037 ἐθέλουσαν,
3345 976 3480 1045 μήτε
3540 974 3932 1046 ἐξηρτημένην

2341 1071 2421 1132 είς
2453 1068 2514 1121 τὸ
2539 1071 2725 1138 φορεῖν
2751 1068 3048 1140 μάχαιραν,
3080 1071 3173 1122 καὶ
3202 1070 3464 1138 πολεμεῖν
3510 1070 3606 1121 καὶ
3665 1069 3933 1135 πολεμεί-

2344 1162 2488 1214 σθαι.
2522 1161 2708 1215 Ταῦτα
2744 1162 2965 1214 ἅπαντα
2992 1162 3310 1231 συνεκίνησε
3353 1163 3449 1215 καὶ
3502 1163 3651 1231 ἡμᾶς
3701 1161 3932 1230 δεήσεις

2341 1254 2436 1307 καὶ
2476 1253 2787 1324 προσευχὰς
2821 1252 3090 1307 ποιεῖσθαι
3135 1254 3274 1324 ὑπὲρ
3297 1253 3393 1306 τοῦ
3429 1253 3687 1323 ἀπήμονά
3716 1270 3777 1305 σε
3810 1269 3931 1321 φυ-

2343 1346 2633 1400 λάττεσθαι
2660 1348 2716 1399 ὲν
2748 1347 3088 1418 ἀμφοτέραις
3126 1350 3245 1411 ταῖς
3296 1349 3518 1418 ἀρχαῖς.
3571 1345 3679 1399 Καί
3703 1363 3769 1414 γε
3826 1362 3932 1397 πι-

647 1437 934 1497 auxilium.
976 1437 1077 1493 Ubi
1130 1440 1275 1493 enim
1339 1439 1481 1493 Deus
1531 1438 1780 1507 adjutor,
1824 1438 1971 1492 illinc
2008 1438 2241 1494 facesset

2344 1437 2600 1508 στεύομεν
2617 1438 2990 1509 διατηρεῖσθαί
3018 1456 3076 1493 σε
3102 1440 3259 1505 σῶον,
3278 1440 3470 1511 ἔχοντα
3494 1439 3599 1510 πρὸ
3625 1439 3931 1509 ότθαλμῶν

646 1545 809 1584 omne
840 1532 1067 1587 malum.
1119 1532 1376 1587 Immittet
1423 1531 1568 1585 enim
1618 1530 1848 1602 inngelus
1900 1530 2133 1595 Domini,
2160 1532 2245 1586 in-

646 1623 783 1691 quit,
820 1624 877 1675 in
926 1624 1157 1677 circuitu
1199 1625 1493 1677 timentium
1534 1639 1674 1688 eum,
1702 1632 1751 1675 et
1802 1623 1986 1691 eripiet
2030 1639 2117 1677 eos
2176 1623 2240 1677 ⁷⁸.

2335 1530 2428 1582 τὸν
2458 1531 2626 1599 φόϐον
2674 1532 2767 1585 τοῦ
2800 1532 2960 1597 Θεοῦ,
2997 1534 3093 1586 καὶ
3120 1533 3220 1605 τὴν
3272 1534 3481 1587 ἐκεῖθεν
3512 1534 3930 1600 ὲκκαλουμένην

2340 1623 2613 1693 βοήθειαν.
2653 1622 2730 1681 OB
2753 1627 2863 1695 γὰρ
2903 1627 3034 1690 Θεὸς
3062 1627 3373 1697 ἐπίκουρος.
3395 1629 3513 1679 ἐκεῖ
3536 1624 3777 1679 ικποδὼν
3806 1626 3931 1677 πᾶν

647 1720 813 1772 κακὸν
837 1720 1061 1787 γίνοιτο.
1103 1720 1479 1789 Παρεμόαλεῐ
1510 1720 1618 1789 γὰρ
1677 1719 1934 1789 ἅγγελος
1989 1722 2234 1789 Κυρίου,
2273 1722 2426 1791 φησι,
2494 1722 2702 1787 κύκλῳ
2762 1720 2881 1774 τῶν
2926 1721 3311 1791 φοϐουμένων
3365 1722 3571 1785 αὑτὸν,
3602 1720 3699 1773 καί
3731 1720 3933 1785 ρύσετ

646 1827 740 1866 ται
773 1814 1018 1877 αὐτούς.

716 1905 865 1961 Talis
898 1906 1065 1977 igitur
1094 1915 1214 1961 esto
1234 1915 1288 1960 ct
1317 1917 1397 1971 tu,
1431 1906 1653 1962 domine
1681 1918 1871 1965 noster
1904 1910 2233 1971 desiderate,

2410 1904 2664 1968 Τοιοῦτος
2692 1900 2783 1959 οῦν
2812 1906 2903 1959 ἔσο
2938 1908 3029 1958 καὶ
3054 1905 3237 1968 αὐτὸς,
3266 1905 3504 1957 δέσποτα
3531 1902 3688 1974 ἡμῶν
3723 1904 3930 1956 ἐπιπό-

646 2015 739 2065 per
768 1999 1028 2068 pietatem
1086 2008 1231 2052 tuam
1284 1999 1537 2069 bonaque
1588 2016 1789 2069 opera,
1840 2002 1944 2056 sub
1994 2002 2237 2057 custodis

653 2093 776 2146 vitae
810 2102 918 2146 tua:
954 2093 1132 2161 angeli
1160 2093 1434 2162 praesidio.
1465 2092 1637 2161 Vigila
1672 2094 1726 2147 in
1753 2095 2122 2159 orationibus,
2153 2104 2236 2149 at-

647 2184 810 2237 tende
845 2182 1121 2253 precibus,
1150 2183 1361 2251 justum
1398 2182 1579 2253 profer
1608 2183 1908 2253 judicium,
1941 2185 2236 2256 benignum

646 2276 865 2345 pauperi
894 2275 1113 2329 oculum
1157 2273 1373 2335 exhibe,
1421 2272 1680 2329 defensor
1717 2284 1837 2331 esto
1894 2291 2085 2332 eorum
2142 2275 2239 2346 qui

650 2366 907 2435 injuriani
942 2366 1240 2435 patiuntur,
1266 2366 1318 2418 in
1342 2365 1465 2419 cibo
1496 2377 1738 2435 potuque
1763 2368 1987 2423 modum
2016 2368 2192 2422 retine
2220 2385 2234 2421 :

650 2459 1065 2528 intemperantia
1129 2458 1331 2527 quippe
1387 2458 1657 2512 malorum
1722 2468 1915 2515 mater.
1956 2459 2013 2515 Si
2051 2461 2242 2515 ludant

649 2550 743 2607 alii
774 2559 827 2606 et
849 2550 1098 2614 redeant,
1145 2551 1367 2605 domine
1406 2550 1503 2615 mi,
1526 2551 1651 2605 audi
1677 2550 1966 2607 Dominum
1993 2554 2239 2608 omnium

649 2644 923 2699 dicentem
954 2664 967 2698 :
1006 2642 1095 2698 Vw
1129 2644 1446 2705 ridentibus,
1477 2645 1604 2712 quia
1657 2646 1907 2715 lugebunt
1964 2648 2031 2702 ’⁸.
2061 2646 2117 2702 Si
2146 2646 2238 2701 alii

652 2736 829 2805 turpia
868 2738 1179 2806 loquantur,
1211 2745 1289 2800 tn,
1326 2736 1579 2801 obsecro,
1624 2753 1788 2794 aures
1829 2739 1945 2808 sepi
1980 2756 1995 2804 ;
2028 2754 2237 2794 sermo-

651 2841 748 2881 nes
774 2826 921 2881 enim
958 2828 1024 2880 ad
1053 2840 1142 2881 res
1166 2827 1313 2896 ipsas
1343 2828 1485 2880 viam
1516 2836 1790 2881 sternunt.
1823 2829 1879 2882 Si
1913 2829 2001 2883 alii
2044 2845 2238 2883 mune-

654 2916 808 2970 ribus
846 2918 1071 2971 destras
1130 2932 1262 2971 suas
1297 2916 1523 2985 implent
1554 2935 1569 2983 ;
1604 2928 1659 2971 tu
1690 2918 1786 2987 qni
1840 2917 2008 2973 Deum
2066 2935 2241 2981 amas,

651 3018 941 3063 contentus
968 3010 1046 3063 sis
1067 3010 1315 3065 obsoniis
1340 3049 1355 3074 ,
1396 3018 1453 3062 ut
1482 3026 1609 3063 cum
1635 3008 1932 3081 Evangelio
1957 3013 2150 3081 loquar
2174 3013 2240 3074 ",

649 3117 772 3168 qua:
813 3115 964 3155 more
994 3103 1223 3171 antiquo
1250 3102 1367 3155 dari
1410 3102 1607 3158 solent.
1646 3099 1703 3155 Si
1733 3103 1897 3172 impie
1934 3113 2097 3175 agant
2125 3104 2240 3168 alii,

652 3201 708 3244 tu
741 3193 865 3260 pius
900 3200 1019 3246 esto
1054 3210 1069 3259 ;
1100 3192 1411 3248 subducens
1444 3200 1527 3257 te,
1561 3191 1743 3260 quoad
1792 3194 1907 3247 ﬁeri
1965 3204 2164 3263 potest,
2212 3207 2239 3246 a

654 3285 880 3339 nefariis
918 3285 1257 3341 hominibus.
1289 3284 1440 3340 Nosti
1478 3286 1622 3340 enim
1651 3286 1917 3340 mundum
1957 3287 2126 3352 bunc,
2155 3286 2240 3340 in-
2268 3263 2309 3320 Ο

653 3391 767 3433 star
801 3381 1023 3444 somnii,
1053 3380 1307 3450 decipere
1342 3381 1464 3435 illos
1490 3381 1581 3450 qui
1611 3380 1713 3449 ipsi
1746 3379 2083 3436 serviunt.Et
2117 3380 2243 3450 quid

651 3475 886 3541 proderit
911 3474 1133 3537 homini,
1158 3475 1205 3527 si
1231 3474 1487 3525 mundum
1513 3474 1816 3527 universum
1846 3473 2097 3535 lucretur,
2127 3474 2243 3526 ani-

654 3582 755 3621 ma:
778 3583 895 3621 vero
933 3584 1047 3621 sua:
1085 3568 1463 3621 detrimentum
1522 3568 1764 3637 patiatur
1798 3569 1843 3599 ⁷⁷
1866 3569 1890 3623 τ
1917 3567 2071 3634 Quod
2102 3568 2243 3621 absit

652 3662 721 3712 de
780 3660 1101 3714 excellentia
1160 3669 1255 3714 tua
1310 3662 1757 3731 cogitare?qua2
1801 3660 2022 3715 insitam
2084 3661 2245 3715 habet

654 3754 937 3817 virtutem,
980 3752 1200 3822 Deoque
1264 3754 1471 3808 servire
1534 3762 1707 3818 amat,
1762 3754 1855 3823 qui
1880 3770 1944 3808 ex
1991 3754 2166 3808 nibilo
2194 3763 2245 3808 te

653 3845 935 3913 produxit,
965 3860 1031 3898 ac
1068 3845 1234 3897 vitam
1264 3845 1462 3915 ipsam,
1495 3854 1550 3898 et
1580 3855 1817 3905 motum.
1840 3855 1895 3899 et
1925 3845 2244 3915 respiratio-

652 3948 778 3989 nem
808 3933 974 3987 dedit.
1033 3934 1215 3999 Quare
1276 3936 1586 4005 depositum
1629 3940 1777 4006 quod
1828 3937 2109 3992 commisit.
2148 3935 2245 3990 tibi

653 4042 751 4096 per
777 4026 1041 4097 Spiritum
1074 4038 1353 4093 sanctum,
1392 4030 1685 4099 iidemque,
1721 4041 1775 4085 et
1800 4040 2005 4086 rectam
2053 4045 2247 4101 opera-

655 4122 882 4187 tionem,
916 4122 1067 4187 vide,
1100 4135 1159 4178 ut
1190 4124 1398 4180 salvam
1454 4126 1529 4180 illi
1574 4125 1771 4180 reddas
1805 4125 1859 4179 in
1899 4127 2077 4179 exitus
2112 4134 2247 4177 tem-

657 4230 807 4285 pore,
838 4216 1131 4272 auditurus
1159 4219 1227 4270 ab
1257 4219 1377 4287 ipso
1412 4237 1426 4272 :
1462 4218 1608 4288 Euge
1628 4235 1771 4271 serve
1797 4220 1923 4270 bone
1947 4227 1995 4270 et
2029 4214 2245 4286 ﬁdelis;

653 4325 812 4379 super
833 4327 1006 4380 pauca
1070 4311 1223 4379 fuisti
1254 4312 1430 4381 ﬁdelis
1462 4327 1481 4365 :
1524 4328 1683 4381 super
1745 4311 1916 4365 multa
1966 4320 2013 4364 te
2046 4310 2247 4364 consti-

657 4412 845 4467 tuam;
871 4404 1014 4456 intra
1033 4404 1088 4456 in
1117 4405 1373 4473 gaudium
1399 4403 1612 4458 Domini
1638 4403 1800 4456 tui".
1831 4406 2007 4473 Atque
2037 4403 2246 4456 utinam

655 4494 750 4547 tibi
773 4496 1057 4565 contingat
1078 4495 1220 4550 hanc
1253 4510 1439 4550 vocem
1473 4495 1686 4551 audire.
1711 4503 1910 4549 etcum
1938 4503 2051 4548 tota
2081 4495 2246 4548 domo

656 4586 883 4651 salvari,
919 4587 971 4639 in
1002 4584 1225 4642 Christo
1252 4584 1381 4639 Jesu
1421 4582 1653 4638 Domino
1684 4584 1908 4637 nostro!
1942 4581 2137 4636 Anien.

2339 1999 2490 2070 θητε,
2527 1998 2616 2051 διὰ
2645 1999 2744 2067 τῆς
2771 1997 3051 2061 εύσεόείας
3086 2015 3178 2050 σου
3236 1998 3329 2050 καὶ
3371 1997 3757 2066 ἀγαθοεργίας,
3814 1994 3929 2047 ὑπὸ

2338 2092 2431 2145 τοῦ
2480 2091 2720 2160 φύλακος
2744 2092 2845 2160 τῆς
2873 2089 3021 2159 ζωῆς
3052 2107 3147 2143 σου
3196 2088 3431 2158 ἀγγέλου
3486 2089 3923 2160 φρουρούμενος.

2340 2184 2606 2254 Γρηγόρει
2639 2187 2697 2237 ὲν
2736 2185 3087 2255 προσευχαῖς,
3118 2184 3256 2255 νῆφε
3298 2186 3355 2237 ὲν
3393 2184 3660 2253 δεήσεσιν,
3714 2182 3926 2253 ἔκφερε

2340 2276 2545 2329 ἔνδικον
2580 2279 2776 2347 κρῖμα,
2824 2276 3167 2330 ἑπιδείκνυσο
3206 2278 3435 2347 εὐμενὲς
3482 2277 3635 2347 δμμα
3692 2274 3923 2345 πτωχῷ,

2344 2368 2727 2440 προασπιστὴς
2782 2367 2943 2436 γενοῦ
2993 2368 3103 2421 τῶν
3148 2369 3540 2439 ἀδικουμένων,
3591 2370 3927 2440 μετριότητα

2341 2463 2398 2514 ἓν
2446 2478 2506 2513 τε
2533 2461 2733 2531 βρώσει
2765 2460 2857 2512 καὶ
2883 2460 3038 2513 πόσει
3068 2461 3250 2533 φέρων
3277 2475 3292 2490 ⁸
3330 2462 3363 2531 ἡ
3386 2462 3495 2532 γὰρ
3524 2462 3785 2531 ἀκρασία,
3809 2461 3926 2513 τῶν

2341 2552 2528 2607 κακῶν
2554 2554 2761 2623 μήτηρ.
2816 2552 2914 2605 “Av
2975 2552 3122 2606 ἄλλοι
3175 2552 3536 2617 παίζωσικαὶ
3589 2552 3841 2621 γελῶσιν,
3896 2556 3928 2606 ό

2341 2646 2529 2716 κύριός
2574 2664 2697 2717 μου,
2756 2645 2923 2700 ἄκουε
2968 2645 3063 2699 τοῦ
3113 2645 3321 2717 Κυρίου
3379 2647 3597 2701 πάντων
3647 2646 3926 2713 λέγοντος·

2344 2738 2490 2791 Οὐαὶ
2523 2741 2576 2791 οι
2605 2737 2918 2807 γελῶντες,
2948 2738 3038 2793 ὅτι
3071 2740 3464 2793 κλαύσονται.
3510 2739 3607 2791 Ἂν
3635 2738 3784 2791 ἄλλοι
3830 2742 3927 2791 αί-

2345 2830 2713 2900 σχρολογῶσιν
2748 2871 2763 2895 ,
2813 2831 3010 2895 αὐτὸς,
3068 2830 3413 2901 παρακαλῶ,
3474 2829 3803 2899 ὲπιφράξιιο
3853 2833 3927 2884 τὸ.

2342 2916 2476 2977 ὦτα.
2525 2906 2671 2987 ὐδδς
2716 2924 2826 2993 γὰρ
2856 2926 2949 2977 ἐπὶ
2972 2924 3043 2976 ea
3071 2925 3374 2995 πράγματα
3418 2924 3470 2976 si
3520 2923 3669 2991 λόγοι
3713 2924 3928 2994 τυγχά-

2346 3032 2547 3068 νουσιν.
2582 3016 2679 3067 Ἀν
2708 3015 2856 3069 ἄλλοι
2880 3014 3128 3085 πληρὼσι
3155 3015 3343 3084 δώρων
3382 3015 3482 3078 τὰς
3514 3014 3694 3081 δεξιὰς
3716 3015 3923 3081 αὐτῶν,

2344 3104 2372 3155 ὀ
2416 3102 2661 3170 φιλόθεός
2690 3120 2816 3173 μου,
2850 3103 3185 3174 ἀρκούμενος
3229 3104 3348 3174 είης
3375 3102 3501 3167 τοῖς
3528 3105 3799 3173 ὀψωνίοις,
3831 3106 3928 3157 εύ-

2344 3192 2653 3261 αγγελικῶς
2724 3197 2921 3262 εἰπεῖν,
2971 3198 3082 3259 τοῖς
3133 3197 3275 3250 κατὰ
3342 3197 3631 3269 συνήθειαν
3680 3199 3928 3269 ἀρχικῶς

2343 3286 2656 3353 διδομένοις.
2696 3288 2795 3340 Ἀν
2823 3288 2971 3343 ἄλλοι
2990 3289 3284 3354 ἀσεὸὦσιν,
3309 3291 3470 3355 αὐτὸς
3495 3292 3707 3345 εύσέδει
3742 3308 3757 3324 ·
3798 3295 3927 3346 ὅσον

2343 3373 2558 3432 οἷόντε
2620 3381 2973 3452 στελλόμενος
3020 3384 3130 3437 τῶν
3174 3385 3495 3441 ἀτασθάλων
3559 3387 3789 3457 ἀνδρῶν.
3834 3381 3930 3438 υἷ-

2347 3472 2449 3522 σθει
2497 3473 2607 3542 γὰρ
2637 3474 2719 3526 ὅτι
2770 3477 2798 3527 ό
2826 3475 2938 3545 βίος
2969 3471 3120 3539 οὗτος
3149 3476 3356 3548 ὀνείρου
3382 3477 3539 3547 δίκην
3564 3479 3927 3546 παραπέμπι

2344 3568 2473 3630 τοὺς
2494 3566 2946 3638 λειτουργοῦντας
2997 3569 3167 3639 αὐτῷ.
3210 3570 3320 3622 Καὶ
3376 3570 3434 3621 τί
3466 3568 3769 3637 ὠφελήσει
3822 3569 3929 3621 ἇν-

2346 3663 2600 3727 θρωπος,
2633 3661 2743 3715 ἐὰν
2788 3661 2937 3714 ὅλον
2963 3662 3069 3713 τὸν
3096 3663 3329 3731 κόσμον
3364 3662 3668 3731 κερδήσει,
3713 3662 3828 3730 τὴν
3853 3662 3929 3716 δὲ

2346 3754 2561 3824 ψυχὴν
2608 3754 2797 3807 αὑτοῦ
2851 3753 3154 3823 ζημιωθῆ;
3206 3755 3384 3826 Ὅπερ
3440 3756 3605 3826 ἀπείη
3660 3758 3786 3825 περὶ
3826 3758 3927 3825 τῆς

2346 3846 2659 3915 τιμιότητός
2699 3864 2793 3900 σου
2824 3848 3027 3900 ἐννοεῖν
3046 3861 3061 3875 ⁸
3096 3846 3325 3919 ἐχούσης
3352 3847 3593 3917 ἔμφυτον
3612 3848 3673 3900 τὸ
3698 3847 3925 3916 ἀγαθὸν,

2350 3939 2444 3991 καὶ
2474 3933 2735 4008 φιλούσης
2770 3938 2903 3991 Θεὸν
2938 3938 3287 4007 θεραπεύειν,
3320 3938 3411 3991 τὸν
3440 3941 3505 3991 ἐκ
3533 3937 3627 3991 τοῦ
3667 3938 3743 4009 μὴ
3773 3938 3927 4000 δντος

2348 4032 2429 4092 εἰς
2474 4031 2534 4083 τὸ
2580 4024 2721 4083 εἶναι
2753 4032 3146 4100 παραγαγόντα
3186 4047 3267 4095 σε,
3300 4030 3397 4084 καὶ
3426 4030 3556 4084 αὐτὸ
3580 4031 3643 4083 τὸ
3698 4030 3800 4101 ζῇν
3840 4031 3925 4082 δι-

2346 4122 2526 4186 δόντα,
2559 4123 2653 4175 ml.
2696 4121 2758 4175 τὸ
2780 4122 3069 4189 κινεῖσθαι,
3123 4123 3222 4177 καὶ
3284 4124 3561 4177 ἀναπνεῖν.
3622 4122 3785 4174 ’Ὥστε
3826 4123 3929 4193 τὴν

2348 4214 2679 4286 παραθήκην
2713 4213 2783 4286 ἢν
2814 4214 3087 4285 παρέθετό
3148 4231 3229 4268 σοι
3260 4214 3348 4268 διὰ
3399 4212 3715 4282 Πνεύματος
3741 4212 3926 4280 ἁγίου,

2348 4305 2447 4374 τήν
2475 4321 2533 4373 τε
2577 4305 2761 4357 πίστιν
2790 4304 2884 4356 καὶ
2912 4303 3011 4375 τὴν
3055 4303 3239 4368 δεξιὰν
3266 4302 3462 4373 πρᾶξιν
3510 4300 3745 4371 φυλάξαι
3794 4302 3931 4353 ἀπο-

2348 4394 2531 4448 δοῦναι
2560 4394 2711 4463 αύτῷ
2754 4392 2907 4447 σώαν
2948 4396 3007 4447 ὲν
3045 4392 3221 4464 καιρῷ
3245 4392 3448 4458 ἐξόδου,
3502 4391 3752 4445 ἀκούσων
3800 4393 3931 4461 παρ’

2350 4487 2515 4540 αὑτοῦ
2548 4503 2563 4519 ’
2593 4483 2681 4541 Εὖ
2714 4486 2901 4541 δοῦλε
2927 4487 3113 4555 ἀγαθὲ
3142 4486 3244 4539 καὶ
3269 4485 3469 4552 πιστέ,
3492 4486 3592 4539 ἐπὶ
3646 4487 3823 4555 ὀλίγα
3854 4482 3931 4554 ἧς

2350 4580 2592 4646 πιστὸς,
2651 4578 2751 4633 ἐπὶ
2806 4578 3055 4633 πολλῶν
3106 4596 3182 4633 σε
3227 4578 3590 4645 καταστήσω
3626 4596 3641 4609 ·
3690 4580 3933 4633 εἴσελθε

651 4684 741 4749 εἰς
771 4681 886 4751 τὴν
908 4683 1105 4751 χαρὰν
1135 4680 1243 4736 τοῦ
1287 4681 1511 4749 Κυρίου
1535 4694 1676 4733 σου.
1724 4678 1836 4732 Καὶ
1883 4677 2091 4746 γένοιτό
2154 4692 2237 4728 σοι
2275 4674 2477 4745 ταύτης
2526 4678 2623 4745 τῆς
2692 4679 2877 4750 φωνῆς
2933 4677 3266 4742 ὑπακοῦσαι,
3296 4676 3390 4729 καλ⁸
3424 4676 3668 4747 σωθῆναι
3707 4673 3930 4731 πανοικὶ

652 4779 713 4829 έν
742 4774 964 4847 Χριστῴ
1011 4773 1188 4846 Ἰησοῦ
1215 4773 1294 4846 τῷ
1322 4773 1515 4844 Κυρίῳ
1541 4772 1721 4843 ἡμῶν.
1762 4771 1959 4841 Ἀμήν.

1008 4896 1243 4953 CXLIX.
1275 4925 1344 4936 —
1383 4894 1605 4966 Lycaste
1656 4894 1885 4948 consuli.

2554 4887 2709 4941 PMO’
2740 4884 3255 4954 (40).-Δυκάστφ
3273 4883 3498 4953 ὑπάτῳ.
3532 4884 3715 4958 [ψλδκ]

1550 5010 1847 5062 Consolatur
1867 5008 1930 5058 de
1957 5005 2145 5067 uxoris,
2168 5004 2264 5069 piae
2292 5002 2554 5052 admodum
2593 5000 2839 5061 mulieris,
2872 4998 3031 5049 obitu.

723 5125 827 5191 Qui
858 5122 1197 5179 excellentiae
1248 5128 1358 5175 tua:
1388 5120 1599 5175 litteras
1655 5120 1859 5183 attulit,
1900 5119 2041 5173 idem
2078 5117 2239 5171 nobis

2428 5112 2600 5175 Αὐτὸς
2637 5112 2666 5163 ό
2702 5110 2764 5162 τὸ
2805 5109 3159 5180 γραμμάτιον
3197 5110 3600 5181 ἐπιφερόμενος
3637 5114 3704 5184 τῇ
3751 5114 3931 5184 τιμιό-

654 5218 1019 5274 calamitatem
1056 5229 1176 5285 quae
1228 5214 1327 5268 tibi
1360 5212 1633 5267 acciderat
1685 5212 1957 5266 nuntiavit
1992 5229 2007 5277 ;
2050 5226 2114 5265 ac
2150 5220 2232 5263 te-

656 5308 777 5377 tigit
807 5320 909 5360 nos
959 5303 1205 5374 profecto
1263 5301 1417 5373 dolor
1450 5310 1596 5355 tuns.
1648 5299 1801 5355 Tuus
1827 5300 1972 5354 enim
2007 5315 2149 5362 sum,
2186 5307 2243 5351 et

653 5400 1019 5469 propinquus,
1054 5405 1109 5451 et
1168 5396 1334 5451 simul
1380 5396 1642 5464 antiquus
1674 5394 1909 5456 amicus,
1941 5402 1994 5449 et
2042 5402 2241 5448 comta-

655 5507 795 5547 nens
821 5509 835 5546 :
857 5490 1087 5560 ﬁerique
1120 5503 1228 5544 non
1250 5496 1430 5559 potest
1454 5490 1585 5557 quin
1609 5487 1656 5544 is
1690 5488 1783 5558 qui
1822 5488 2035 5542 sincere
2072 5492 2239 5550 amat,

724 5634 769 5665 “
806 5632 951 5689 Psal.
990 5646 1187 5694 sum,
1215 5630 1269 5684 8.
1302 5630 1347 5661 ⁷⁸
1379 5628 1516 5688 Luc.
1546 5645 1623 5694 vt,
1649 5628 1739 5683 25.

2348 5210 2471 5277 τητί
2505 5225 2620 5272 σου,
2655 5207 2989 5278 ἀπήγγειλεν
3019 5209 3151 5277 ἡμῖν
3182 5207 3280 5279 τὴν
3308 5207 3645 5262 ἐπλθοῦσάν
3684 5225 3767 5261 σοι
3796 5226 3929 5279 συμ-

2349 5304 2543 5370 φορὰν,
2574 5300 2669 5353 καὶ
2696 5300 2773 5370 τῷ
2810 5300 2923 5353 em
2946 5299 3231 5372 καθήψατο
3262 5300 3421 5372 ἡμῶν
3450 5302 3483 5370 ἠ
3519 5301 3644 5371 περὶ
3679 5301 3739 5354 σὲ
3761 5302 3924 5370 λύπη.

2354 5396 2514 5458 Ἴδιος
2544 5396 2651 5464 γάρ
2682 5412 2767 5448 σοι
2798 5394 2895 5448 καὶ
2929 5394 3291 5465 ἀγχιστέυων,
3344 5392 3480 5463 όμοῦ
3523 5410 3581 5445 τε
3618 5390 3772 5462 φίλος
3822 5392 3924 5465 ἀρ-

2351 5489 2502 5556 χαῖος
2534 5487 2629 5539 καὶ
2662 5484 3061 5557 συνηλικιώτης
3080 5502 3095 5515 ο
3132 5484 3229 5539 καὶ
3255 5484 3357 5537 οὐκ
3385 5482 3499 5535 εστι
3527 5483 3620 5537 τὸν
3665 5482 3924 5552 φιλοῦντα

1819 5629 1863 5659 τι
1908 5625 2039 5681 Luc.
2071 5624 2205 5692 x,7,
2249 5623 2302 5679 8.
2380 5624 2645 5682 "Matth.
2678 5643 2789 5694 ιη,
2830 5625 2921 5683 26.
3000 5624 3044 5656 τ·
3082 5622 3275 5679 Matth.
3304 5639 3433 5691 ω,
3466 5622 3557 5678 εδο

2219 5735 2449 5794 ΝΟἸἈΕ.

733 5878 847 5951 (ιο)
879 5875 936 5930 ln
968 5872 1091 5929 cod.
1124 5870 1257 5939 Reg.
1296 5866 1419 5937 ροδό
