4156 6532
274 481 417 543 1465

1456 465 1991 530 EPISTOLARUM
2043 468 2194 528 LIB.
2241 467 2316 530 ΙΙ.

3370 473 3504 537 1466

273 584 517 658 γνησίως
557 582 632 654 μὴ
665 581 1008 651 συμπάσχειν
1032 578 1110 649 τῷ
1138 576 1446 647 φιλουμένῳ
1465 593 1479 608 ο
1509 578 1584 640 ὼς
1616 578 1709 630 καὶ
1749 575 1845 644 ἔμ-

1959 575 1994 627 ei
2027 591 2188 645 quem
2224 585 2371 631 amat
2407 577 2771 646 compatiatur
2805 596 2818 632 :
2846 587 2903 633 ut
2927 587 3139 642 contra,
3170 580 3216 636 si
3247 582 3298 636 in
3327 583 3510 640 latitia

275 679 444 732 παλιν
479 676 570 729 ἐπὶ
614 678 680 743 τῇ
708 674 870 743 χαρᾷ.
920 670 1059 724 Ἀλλ’
1089 669 1134 722 ῶ
1161 671 1260 738 τῆς
1289 668 1622 730 ἁπευκταίας
1671 666 1844 734 ἀγγε-

275 771 421 831 λίαςί
469 767 844 822 Ἀπολέλοιπεν
867 766 1013 833 ἡμᾶς
1060 765 1093 833 ἡ
1139 763 1302 832 κυρία
1361 761 1653 822 ύπάτισσα,
1701 759 1762 810 τὸ
1783 759 1846 827 δὴ

274 862 590 930 λεγόμενον,
621 857 755 927 γυνὴ
821 855 926 908 τῶν
977 855 1399 924 ἐπαινουμένων,
1447 853 1522 914 ὡς
1569 851 1662 905 καὶ
1716 851 1845 919 παρ’

278 954 455 1007 ἄλλων
501 949 838 1018 ἀκηκόαμεν,
876 947 968 1000 καὶ
991 945 1144 999 αύτοὶ
1173 947 1332 1014 ἡμεῖς
1391 943 1690 1012 ὀφθαλμοῖς
1741 942 1846 994 ὑπ-

280 1043 570 1112 ελάϐομεν.
601 1039 822 1109 Πρῶτον
893 1038 991 1106 μὲν
1046 1038 1126 1090 ὅτι
1155 1035 1472 1106 φίλανδρος·
1512 1035 1540 1086 ὃ
1592 1033 1695 1088 ὑπὸ
1749 1032 1843 1086 τοῦ

292 1133 616 1187 Ἀποστόλου
632 1129 1000 1185 ύποτυποῢται
1032 1130 1316 1182 κάλλιστον
1339 1124 1476 1180 εἶναι
1503 1130 1559 1180 ὲν
1590 1129 1842 1198 συζυγίᾳ·

281 1226 566 1295 φρόνιμος,
584 1221 847 1291 οἰκουρὸς,
871 1219 1701 1290 εύαπάντητος,εύπροσήγορος,
1723 1220 1847 1288 φιλ-

281 1317 535 1387 ευσεόὴς,
570 1315 903 1384 φιλόπτωχος
927 1331 940 1345 ·
975 1313 1036 1366 τὸ
1083 1310 1300 1381 μεῖζον,
1350 1311 1670 1382 σωφροσύνῃ
1718 1329 1849 1364 κατ-

284 1407 648 1479 ηγλαῖσμένη,
674 1406 766 1458 καὶ
786 1403 1061 1475 ὀρθοδοξίᾳ
1077 1402 1593 1474 περιηργυρωμὲνη·
1607 1397 1672 1472 ἦς
1687 1403 1779 1454 καὶ
1801 1403 1850 1454 οἰ

281 1499 491 1570 καρποὶ
519 1498 768 1550 τὰτέκνα
801 1493 1096 1565 μαρτύριον
1152 1495 1251 1564 τῆς
1312 1494 1637 1563 ἀμφοτέρων
1692 1491 1849 1562 ὑμῶν

281 1589 536 1653 εὐζωῖας.
596 1587 704 1638 Καὶ
729 1585 837 1654 γὰρ
863 1583 1048 1654 ὥσπερ
1075 1585 1140 1635 ὲκ
1170 1581 1262 1635 τοῦ
1293 1579 1506 1649 καρποῦ
1539 1580 1602 1633 τὸ
1634 1580 1850 1649 δένδρον

280 1679 725 1747 ἐπιγινώσκεται,
757 1676 930 1739 οὕτως
957 1676 1066 1728 κάκ
1087 1675 1195 1727 τῶν
1244 1674 1448 1726 παίδων
1479 1675 1526 1725 οἰ
1579 1672 1851 1741 φύσαντες

279 1774 453 1825 ὁποῖοί
495 1772 600 1822 εἱσι
629 1773 721 1822 καὶ
765 1768 964 1838 ἡλίκοι.
1013 1768 1122 1819 Καὶ
1177 1765 1328 1818 οὔπω
1390 1765 1610 1835 βαθεῖαν
1657 1767 1851 1834 πεῖραν

278 1861 530 1930 ἐσχηκὼς
577 1862 674 1929 τῆς
699 1859 972 1929 μακαρίας
1022 1858 1256 1926 ἐκείνης,
1298 1856 1415 1920 πῶς
1471 1857 1539 1910 ἂν
1585 1856 1851 1925 δυναίμην

279 1954 562 2006 ἐκθειάσαι
597 1953 665 2004 τὰ
688 1953 808 2005 κατ’
835 1952 1048 2020 αὑτήν;
1081 1950 1115 2020 ἢ
1172 1950 1334 2019 μόνον
1394 1949 1477 2009 δὶς
1527 1949 1663 2018 αὐτῇ
1727 1965 1853 2000 συνο

281 2042 556 2111 οψισθεὶς,
587 2043 679 2094 καὶ
708 2044 787 2102 εἰς
821 2041 1037 2108 ὁμιλίαν
1062 2041 1250 2104 ἐλθὼν,
1300 2041 1469 2106 ἔγνων
1509 2041 1592 2092 ὅτι
1619 2041 1852 2106 γυναῖκα

277 2133 571 2205 ἐχαρίσατό
603 2150 684 2185 σοι
708 2135 736 2186 6
763 2133 893 2194 Θεὸς
920 2133 995 2202 τῷ
1029 2131 1143 2186 ὄντι
1181 2131 1400 2202 βοηθόνθ
1454 2131 1515 2183 ού
1551 2130 1693 2183 κατὰ
1752 2131 1852 2200 τὴν

277 2229 449 2282 πάλαι
482 2227 826 2297 προμήτορα,
861 2225 1078 2296 ἀπάτης
1107 2224 1275 2288 αἰτία,
1304 2223 1441 2276 ἀλλά
1476 2241 1540 2290 γε
1575 2224 1853 2294 σωτηρίας

277 2319 538 2380 ὑπόθεσις
570 2318 862 2387 γενηθεῖσὰ
915 2333 998 2369 σοι
1045 2316 1132 2369 διὰ
1187 2316 1390 2378 παντὸς
1449 2315 1542 2366 τοῦ
1571 2314 1709 2384 βίου.

356 2413 422 2463 Ὢ
464 2411 562 2479 τῆς
592 2410 913 2479 συμφορᾶςί
946 2408 1116 2479 ᾤχετο
1145 2407 1539 2477 εΰτηοὰπέπτη
1569 2407 1628 2470 ἐξ
1650 2407 1851 2474 ὀφθαλ-

281 2503 401 2574 μῶν
440 2502 592 2571 ὑμῶν
613 2518 626 2530 ο
652 2501 1009 2568 ἐγκατέλιπεν
1040 2501 1184 2569 ὑμᾶς
1212 2499 1458 2570 ἡμιθνεῖς
1505 2497 1851 2569 ἀπορραγέν-

275 2609 379 2651 τας
405 2587 500 2660 τῆς
524 2591 692 2658 καλῆς
719 2589 1008 2660 ὁμοζύγου.
1044 2591 1159 2643 Ούκ
1182 2588 1374 2659 ἔχομεν
1402 2587 1699 2658 ὀφθαλμοῖς
1719 2589 1850 2658 όρᾷν

276 2686 343 2738 τὸ
371 2686 510 2754 ὑπὲρ
551 2686 731 2736 πᾶσαν
770 2682 1038 2752 θυμηδίαν
1077 2682 1464 2753 παραμύθιονο
1534 2683 1594 2734 οὑ
1637 2683 1736 2751 τὴν
1790 2683 1850 2732 ὲν

280 2779 494 2848 θλίψεσι
532 2777 872 2846 παράκλησιν
897 2793 911 2806 ⁶
950 2777 1010 2830 ού
1041 2776 1140 2845 τὴν
1169 2778 1226 2828 ὲν
1254 2777 1557 2846 συμφοραῖς
1604 2791 1850 2845 παρηγο-

284 2871 439 2941 ρίαν’
472 2869 534 2922 οὐ
567 2869 664 2938 τὴν
699 2870 755 2920 ὲν
779 2869 1083 2930 ἆπσσιτοῖς
1127 2867 1495 2937 ὀφειλομένοις
1542 2867 1849 2936 ὑπόμνησιν

287 2963 386 3016 καὶ
417 2961 698 3031 συνεργὸν,
731 2959 824 3012 καὶ
853 2958 1184 3028 σύμπραειν.
1225 2957 1282 3012 '0
1336 2959 1485 3029 ἥλιος
1521 2959 1618 3027 τῆς
1667 2958 1849 3022 ἑστίας

285 3055 403 3107 ἱδυ·
437 3055 521 3116 τίς
552 3054 580 3105 6
610 3052 971 3120 bﬂawﬁaow;
1003 3051 1085 3112 τίς
1108 3053 1135 3103 ὁ
1158 3049 1549 3120 χαριούμενος;
1577 3049 1664 3111 τίς
1694 3051 1721 3102 6
1745 3065 1848 3102 m-

1953 667 2041 722 sit.
2077 667 2180 722 Sed
2203 685 2236 722 ο
2270 669 2478 724 tristem
2510 671 2757 724 nuntium
2789 673 2801 723 ἰ
2829 671 3123 742 Dercliquit
3153 689 3253 730 nos
3293 676 3514 733 domina

1952 762 2279 823 consulissa,
2313 770 2371 814 ut
2402 760 2542 815 fama
2570 773 2653 818 est
2682 783 2696 818 :
2723 765 2919 818 mulier
2950 767 3258 830 laudabilis,
3285 769 3427 824 sicut
3461 781 3514 826 et

1949 852 2016 905 ab
2055 853 2176 906 aliis
2225 852 2554 918 audivimus,
2601 864 2654 908 et
2709 855 2808 923 ipsi
2866 857 3038 911 oculis
3106 861 3513 926 usurpavimus.

1953 947 2192 1000 Primum
2233 947 2473 1014 quidem,
2521 947 2648 1015 quia
2685 947 2783 999 viri
2832 963 3042 1011 amans,
3075 950 3218 1016 quod
3252 951 3319 1003 ab
3367 951 3516 1018 Apo-

1955 1040 2092 1093 stolo
2119 1041 2162 1076 "
2202 1049 2455 1109 tanquam
2481 1039 2880 1109 pulcherrimus
2901 1044 2954 1094 in
2977 1042 3230 1112 conjugio
3263 1043 3518 1114 designa-

1954 1139 2084 1185 tur:
2118 1132 2388 1200 prudens,
2427 1133 2620 1186 domus
2657 1147 2839 1186 curam
2894 1133 3120 1196 habens,
3152 1136 3342 1200 comis,
3381 1135 3518 1190 all‘ao

1954 1222 2095 1287 bilis,
2129 1222 2236 1290 pia,
2277 1238 2570 1290 pauperum
2603 1223 2835 1276 amatrix
2864 1240 2878 1288 ;
2912 1235 2984 1284 et,
3031 1226 3174 1292 quod
3205 1226 3383 1295 majus
3412 1237 3517 1293 est,

1949 1315 2197 1368 castitate
2239 1314 2489 1376 illustris,
2527 1325 2580 1369 et
2608 1315 2907 1369 orthodoxa
2953 1315 3055 1369 ﬁde
3085 1328 3272 1371 ornata
3305 1334 3319 1381 ;
3359 1319 3518 1387 cujus

1949 1408 2112 1458 etiam
2149 1403 2374 1469 fructus,
2407 1405 2576 1468 liberi,
2607 1413 2765 1458 rectae
2793 1403 3073 1474 utriusque
3113 1419 3350 1460 vestrum
3394 1408 3520 1461 vita;

1953 1497 2113 1552 tidem
2149 1496 2380 1552 faciunt.
2420 1497 2626 1552 Etenim
2661 1497 2801 1552 sicut
2825 1499 2988 1551 arbor
3009 1514 3075 1552 ex
3105 1498 3281 1552 fructu
3311 1513 3518 1569 cogno-

1953 1591 2128 1644 scitur
2160 1630 2174 1651 ,
2232 1589 2311 1644 sic
2342 1606 2406 1644 ex
2448 1591 2634 1644 liberis
2686 1599 2958 1658 parentes,
3016 1592 3204 1660 quales
3229 1601 3282 1644 et
3331 1591 3518 1659 quanti

1954 1682 2083 1736 sint.
2121 1682 2254 1736 Cum
2290 1693 2469 1737 autem
2517 1683 2684 1736 beata:
2719 1683 2864 1736 illius
2895 1699 2999 1735 non
3035 1698 3284 1751 magnam
3311 1684 3521 1737 habue-

1953 1773 2055 1826 rim
2088 1774 2334 1827 notitiam
2369 1791 2384 1837 ;
2415 1772 2506 1841 qui
2545 1772 2745 1841 possim
2780 1788 2866 1826 res
2897 1773 3018 1840 ejus
3059 1772 3319 1826 extollere
3342 1773 3521 1827 laudi-

1955 1862 2104 1918 bus?
2142 1865 2245 1917 nisi
2306 1863 2449 1932 quod
2495 1863 2577 1916 bis
2627 1871 2831 1915 tantum
2881 1863 2949 1915 ab
2970 1878 3030 1915 ea
3087 1873 3434 1931 conspectus,
3469 1873 3524 1918 et

1952 1958 2276 2021 collocutus,
2349 1955 2704 2009 animadverti
2763 1970 2792 2008 a
2849 1957 2954 2008 Deo
3002 1955 3182 2008 datam
3229 1954 3323 2008 tibi
3354 1954 3526 2009 fuisse

1952 2049 2240 2117 conjugem
2264 2048 2440 2116 reipsa
2472 2046 2816 2115 adjutricem,
2847 2061 2968 2115 quae
2996 2061 3125 2109 non,
3153 2056 3210 2098 ut
3232 2045 3319 2098 illa
3343 2060 3524 2114 quon-

1951 2143 2079 2195 dam
2122 2140 2289 2208 prima
2337 2155 2554 2209 parens,
2590 2138 2925 2207 deceptionis
2973 2152 3158 2197 causa,
3193 2137 3287 2190 sed
3333 2136 3523 2191 salutis

1954 2233 2052 2287 tibi
2087 2247 2181 2301 per
2207 2241 2375 2286 totam
2405 2231 2566 2283 vitam
2601 2229 2818 2282 occasio
2875 2227 3057 2281 fuerit.

2018 2405 2062 2462 Ο
2091 2408 2452 2463 calamitatem
2475 2407 2487 2460 l
2511 2404 2641 2459 abiit
2675 2405 2762 2457 illa
2784 2423 2796 2458 :
2818 2404 2992 2459 oculis
3029 2403 3227 2458 vestris
3251 2402 3477 2458 evolavit
3505 2420 3520 2456 :

1951 2499 2167 2568 reliquit
2197 2515 2291 2554 vos
2314 2497 2720 2560 semimortuos,
2747 2496 2816 2549 ab
2853 2495 3067 2566 egregia
3095 2495 3329 2564 conjuge
3366 2495 3525 2548 abre-

1948 2596 2225 2665 ptos.Jam
2269 2611 2377 2649 non
2405 2608 2696 2662 possumus
2736 2593 2909 2646 oculis
2948 2606 3176 2646 cernere
3208 2591 3338 2644 illud
3374 2590 3524 2643 omni

1949 2690 2214 2742 suavitate
2251 2687 2428 2756 majus
2458 2686 2747 2749 solatium;
2773 2701 2878 2739 non
2903 2700 3021 2736 eam
3042 2698 3163 2752 qua:
3185 2684 3238 2736 in
3270 2682 3528 2735 omnibus

1947 2782 2202 2834 arumnis
2229 2779 2589 2832 levamentum
2613 2784 2727 2829 erat
2745 2793 2758 2842 ;
2776 2791 2881 2828 non
2905 2791 3022 2829 eam
3053 2789 3173 2842 qua:
3193 2775 3527 2828 calamitates

1949 2868 2200 2933 leniebat,
2233 2878 2286 2921 et
2317 2880 2437 2933 quae
2463 2865 2516 2918 in
2543 2865 2817 2926 omnibus,
2856 2865 3169 2930 ubicunque
3197 2879 3332 2932 opus
3364 2861 3524 2923 foret,

1947 2961 2192 3025 consilio,
2232 2969 2287 3012 et
2314 2973 2498 3028 opera,
2524 2967 2575 3011 et
2607 2958 2760 3012 lactis
2787 2957 2990 3010 auxilio
3019 2967 3155 3014 erat.
3188 2955 3280 3010 Sol
3310 2955 3528 3009 familia:

1946 3052 2161 3106 occidit:
2176 3049 2298 3118 quis
2311 3049 2522 3102 obviam
2537 3047 2816 3101 occurret?
2836 3047 2958 3115 quis
2971 3043 3526 3117 gratiﬁcabitur?quis

288 3146 609 3216 ρακαλέσων
631 3160 646 3208 ;
678 3145 776 3215 ἠδη
805 3141 1145 3210 ἐγενήθημεν
1161 3143 1236 3205 ὼς
1260 3142 1410 3212 μόλις
1437 3142 1845 3211 ἀποκειραμένη

1959 3142 2277 3198 hortabitur?
2295 3141 2411 3195 Jam
2435 3140 2560 3196 facti
2578 3156 2767 3195 sumus
2784 3148 2842 3193 ut
2862 3141 3055 3194 civitas
3075 3145 3395 3192 ornamento
3425 3150 3528 3191 suo

283 3238 376 3289 τὸν
411 3235 610 3306 ἑαυτῆς
645 3235 849 3304 κόσμον
877 3250 891 3264 °
933 3233 1028 3297 Ὠς
1065 3234 1387 3299 στρουθίον
1442 3232 1696 3301 μονάζον
1754 3234 1850 3286 ἐπὶ

1959 3239 2182 3307 spoliata
2231 3234 2426 3289 :Sicut
2449 3251 2632 3302 passer
2680 3233 2956 3288 solitarius
3002 3234 3056 3285 in
3080 3231 3298 3296 tecto",
3327 3239 3524 3284 utcum

283 3324 526 3391 δώματι,
561 3324 864 3387 Δαυῖτικῶς
889 3325 1081 3375 εἰπεῖν.
1123 3322 1187 3375 Τί
1209 3318 1331 3386 οὗν;
1351 3321 1678 3389 λυπηθιῦμεν
1710 3323 1852 3392 πέρα

1959 3329 2153 3383 Davide
2183 3328 2492 3395 loquamur.
2533 3327 2668 3394 Quid
2703 3327 2958 3395 ergo?an
2993 3326 3331 3379 tristabimur
3353 3321 3528 3378 ultra-

284 3417 381 3470 τοῦ
416 3419 648 3488 μέτρους
689 3418 782 3471 καὶ
798 3414 1241 3487 περιϐαλούμεθα
1265 3413 1695 3484 ἀπαραμύθητον
1724 3417 1853 3468 πέν-

288 3509 407 3574 θος;
444 3509 707 3577 Οὐδαμῶς
729 3506 841 3572 οὖν,
872 3505 1142 3574 οὐδαμῶς,
1173 3499 1218 3558 ὦ
1241 3505 1555 3576 τριπόθητε,
1584 3507 1700 3560 ἀλλ’
1723 3507 1858 3559 εἰδόο

287 3615 382 3663 τις
413 3602 493 3654 ὅτι
517 3601 546 3652 6
573 3600 697 3661 δοὺς
720 3603 850 3668 ἡμῖν
880 3598 1049 3668 αὐτὴν
1081 3597 1214 3660 Θεὸς
1243 3597 1312 3650 τὰ
1341 3597 1534 3667 πρῶτα
1562 3599 1642 3658 εἰς
1670 3613 1858 3650 κοινω-

291 3690 412 3744 νίαν
443 3690 582 3760 βίου,
614 3690 775 3752 αὐτός
808 3691 954 3742 ἐστιν
982 3690 1010 3740 ὁ
1051 3689 1146 3740 νῦν
1178 3687 1664 3760 προσλαϐόμενοςη
1701 3689 1858 3741 οῖσωο

295 3799 398 3850 μεν
429 3781 765 3852 εὐχαρίστως
795 3782 856 3833 τὸ
889 3779 1125 3848 συμϐὰν,
1166 3779 1494 3848 μιμούμενοι
1546 3780 1642 3848 τὴν
1681 3797 1860 3849 μακα-

295 3872 418 3941 ρίαν
447 3871 660 3941 ἐκείνην
686 3871 890 3941 φωνην,
924 3869 990 3940 ἥν
1024 3872 1230 3932 ἐκεῖνος
1251 3871 1350 3922 ούκ
1383 3871 1473 3922 ἐπὶ
1500 3869 1739 3942 ἀποδολῇ
1761 3890 1858 3939 γυ-

293 3959 500 4023 ναικὸς,
532 3961 648 4012 ἀλλ’
680 3963 772 4012 ἐπὶ
798 3965 956 4015 παισὶ
1011 3962 1142 4014 δέκα
1189 3963 1326 4030 όμοῦ
1388 3961 1696 4032 τεθνηκόσι,
1764 3966 1860 4018 σὺν

291 4053 414 4114 ταῖς
436 4050 784 4121 προτεραίαις
810 4051 920 4103 τῶν
955 4053 1110 4114 ἐκτὸς
1126 4051 1342 4104 πάντων
1369 4052 1695 4120 ἀφαιρέσεσι
1718 4071 1732 4084 ο
1766 4054 1862 4106 καὶ

293 4143 432 4212 αὐτῇ
460 4144 528 4212 τῇ
563 4140 826 4212 ὑστεραία
853 4140 1032 4211 πληγῇ
1062 4140 1154 4194 τοῦ
1191 4142 1444 4211 σώματος
1462 4157 1476 4171 ο
1512 4143 1604 4194 ἐπὶ
1633 4143 1864 4213 κοπρίας

295 4235 324 4288 6
355 4233 485 4302 πρὶν
517 4232 770 4302 βασιλεὺς
800 4231 1132 4301 καθήμενος,
1171 4235 1265 4287 καὶ
1301 4233 1433 4298 ξέων
1483 4235 1606 4297 τοὺς
1661 4235 1864 4305 ἰχῶρας

293 4325 404 4379 τῶν
433 4323 624 4378 ἑαυτοῦ
648 4323 866 4393 σαρκῶν
900 4323 1118 4392 βὼλαξι,
1153 4325 1278 4378 τάδε
1313 4326 1479 4396 φησίν
1503 4343 1516 4357 ·
1566 4326 1628 4378 '0
1650 4328 1865 4394 Κύριος

296 4419 542 4481 ἔδωκεν,
565 4419 598 4471 d
627 4417 839 4485 Κύριος
864 4415 1142 4484 ἀφειλετο
1164 4431 1177 4445 ·
1201 4417 1280 4482 ὡς
1299 4415 1379 4483 τῷ
1407 4419 1602 4486 Κυρίῳ
1630 4417 1860 4484 ἔδοξεν,

297 4513 488 4577 οὕτως
521 4509 623 4564 καί
648 4510 907 4578 ἐγένετο.

381 4690 506 4743 Ἐὰν
526 4683 619 4742 οὖν
646 4687 841 4754 ταῦτα,
869 4681 914 4740 ῶ
950 4688 1191 4759 φιλότης,
1229 4689 1314 4758 ἐφ’
1343 4689 1560 4753 ἑαυτοῖς
1592 4691 1686 4743 καὶ
1746 4692 1863 4745 δια-

301 4781 522 4851 θώμεθα
573 4781 668 4832 καὶ
708 4778 1088 4848 φθεγξώμεθα,
1150 4779 1211 4832 οὐ
1274 4780 1490 4850 μακρὰν
1545 4782 1735 4851 εἴημεν
1763 4783 1865 4853 τῆς

303 4871 516 4943 μερίδος
551 4871 774 4924 ἐκείνων
807 4886 820 4899 ·
861 4871 996 4925 ἀλλὰ
1049 4872 1164 4940 γὰρ
1208 4872 1301 4924 καὶ
1338 4875 1404 4943 τῇ
1457 4876 1701 4944 μακαρίᾳ
1723 4875 1864 4928 ὲκεί-

301 4979 370 5037 νῃ
424 4963 581 5016 τοῦτο
638 4963 802 5016 καλὸν
861 4964 1147 5032 ἐπιτάφιον
1220 4965 1612 5035 ποιησαίμεθαο
1677 4969 1877 5037 αύτούς

301 5071 363 5107 τε
392 5056 518 5116 τοὺς
549 5056 613 5106 ὲκ
640 5054 774 5106 Θεοῦ
805 5055 1056 5118 δοθέντας
1079 5057 1215 5126 ἡμῖν
1239 5056 1468 5119 κλάδους
1521 5058 1878 5116 ύποτυπωσό-

309 5148 450 5213 μεθα
473 5145 539 5198 δι’
580 5146 793 5199 ἑαυτῶν
818 5149 896 5209 εἰς
933 5151 1116 5201 εἰκόνα
1143 5147 1468 5218 θεοτερποῦς
1497 5149 1764 5220 βιώσεωςο
1786 5155 1880 5208 καὶ

307 5239 486 5293 πάντα
538 5239 666 5308 ὑμῖν
708 5239 955 5292 ἐντεῦθεν
989 5244 1068 5301 εἰς
1094 5241 1258 5294 καλὸν
1289 5243 1611 5312 ἁπαντὴσοι.
1654 5247 1719 5297 ’Δ
1771 5249 1878 5317 γὰρ

305 5333 335 5383 6
365 5329 498 5392 Θεὸς
551 5332 580 5382 6
604 5331 820 5394 αἰώνιος
849 5333 875 5384 6
909 5334 1015 5384 τῶν
1043 5333 1297 5386 ἁπάντων
1325 5336 1602 5404 Δεσπότης
1631 5339 1798 5390 ποιῶν
1820 5341 1877 5391 ἐν

306 5423 442 5490 ἡμῖν
473 5420 682 5492 εὕροιεν
712 5423 954 5491 εύμενῶς
984 5423 1304 5493 δεχομένους
1326 5441 1338 5453 ·
1380 5425 1496 5486 πῶς
1537 5430 1636 5478 οὑκ
1664 5429 1727 5480 ἂν
1781 5431 1877 5483 καὶ

308 5515 378 5566 τὰ
408 5515 650 5582 παρόντα
681 5514 813 5583 ἡμῖν
843 5511 900 5568 εὖ
942 5515 1214 5584 διάθηται,
1256 5519 1320 5586 τῇ
1379 5519 1720 5588 παρακλήσει
1780 5521 1875 5573 τοῦ

310 5606 470 5673 ἁγίου
513 5607 675 5659 αὑτοῦ
711 5609 1019 5677 Πνεύματος
1047 5626 1060 5638 ·
1095 5612 1188 5662 καὶ
1243 5611 1309 5663 τὰ
1343 5611 1601 5678 μέλλοντα
1653 5615 1874 5682 ἑτοιμά-

315 5712 460 5749 σειεν
492 5697 902 5766 ἁπολαυστήρια
930 5700 986 5749 ὲν
1021 5699 1210 5751 αἰῶσιν
1243 5702 1489 5772 ἀπείροις
1510 5720 1523 5767 ;
1547 5701 1730 5754 Ταῦτα
1764 5705 1872 5771 ἐγὼ

387 5876 433 5907 ⁷⁸
466 5875 568 5928 Tit.
608 5893 661 5936 It,
693 5887 744 5928 4.

825 5877 870 5906 ⁸⁸
905 5876 1046 5929 Psal.
1086 5892 1155 5937 Cl,
1203 5877 1268 5931 3,
1335 5879 1374 5908 ⁸⁸
1418 5877 1517 5933 Job
1568 5896 1602 5938 ι.
1634 5879 1722 5932 21.

1955 3422 2206 3486 modum,
2238 3431 2289 3475 et
2315 3437 2547 3476 maerore
2585 3418 2958 3474 inconsolabili
3001 3417 3348 3472 conliciemur
3369 3415 3393 3468 ?
3413 3415 3524 3468 Ne-

1955 3529 2225 3584 quaquam
2250 3513 2456 3581 utique,
2479 3525 2842 3580 nequaquam,
2862 3524 2895 3563 o
2915 3507 3373 3563 desideratissime
3393 3521 3407 3571 ;
3429 3504 3524 3560 sed

1957 3608 2192 3659 scientes
2226 3603 2416 3668 Deum,
2447 3602 2538 3671 qui
2571 3602 2712 3654 hanc
2760 3599 2909 3670 prius
2946 3599 3012 3652 ad
3049 3599 3170 3651 vitae
3205 3597 3522 3650 societatem

1960 3697 2117 3751 nobis
2149 3695 2391 3757 dederat,
2427 3693 2602 3762 ipsum
2626 3707 2747 3747 esse
2776 3692 2868 3761 qui
2900 3691 3040 3744 banc
3073 3703 3218 3743 nunc
3258 3685 3521 3751 abstulit;

1960 3803 2084 3842 cum
2116 3787 2413 3854 gratiarum
2444 3785 2663 3838 actione
2691 3797 2879 3837 casum
2910 3781 3056 3836 hunc
3085 3778 3347 3841 feramus,
3378 3777 3524 3831 cele-

1961 3878 2260 3933 berrimum
2301 3875 2404 3930 Job
2436 3877 2729 3938 imitantes,
2760 3873 3083 3940 beatamque
3117 3869 3262 3923 illam
3297 3868 3417 3936 ejus
3439 3881 3528 3920 vo-

1961 3986 2078 4025 cem
2113 3978 2464 4038 usurpantes,
2499 3981 2663 4036 quam
2723 3965 2831 4027 ille,
2875 3977 2982 4016 non
3020 3961 3251 4031 conjuge
3301 3961 3525 4025 amissa,

1961 4063 2054 4116 sed
2085 4076 2207 4114 cum
2239 4060 2423 4114 decem
2455 4057 2548 4111 lilii
2571 4072 2635 4110 ac
2659 4056 2782 4110 tilia:
2831 4054 2992 4109 simul
3021 4053 3358 4107 interiissent
3382 4091 3396 4114 ,
3436 4065 3528 4104 or-

1964 4155 2232 4222 batusque
2264 4161 2420 4205 antea
2452 4149 2609 4203 bonis
2639 4147 2895 4202 omnibus
2927 4145 3170 4200 externis
3225 4142 3440 4207 fuisset,
3465 4157 3530 4198 ac

1963 4244 2262 4298 novissime
2319 4241 2566 4310 corporis
2602 4240 2755 4308 plaga
2831 4252 3146 4307 Oppressus,
3184 4236 3237 4290 in
3289 4235 3528 4302 sterqui-

1964 4337 2119 4400 linio,
2166 4335 2257 4403 qui
2293 4349 2385 4386 rex
2429 4342 2552 4386 ante
2582 4331 2782 4394 fuerat,
2841 4329 3066 4399 jaoeret,
3102 4328 3420 4395 saniemque
3464 4340 3530 4378 ex

1964 4426 2240 4482 ulceribus
2296 4425 2412 4480 suis
2461 4431 2770 4477 manantem
2822 4430 2958 4474 testa
2986 4419 3224 4482 raderet,
3263 4416 3528 4487 protulit;

1972 4519 2228 4573 Dominus
2248 4519 2413 4579 dedit,
2441 4515 2696 4570 Dominus
2719 4514 2937 4568 abstulit
2965 4528 2984 4566 :
3007 4513 3146 4566 sicut
3171 4511 3395 4565 Domino
3416 4509 3534 4578 pla-

1891 4588 1939 4645 Ῑ)
1965 4610 2095 4668 cuit,
2120 4610 2196 4661 ita
2230 4609 2427 4677 factum
2453 4617 2527 4660 est
2559 4606 2627 4659 ".

2043 4698 2099 4753 Si
2130 4715 2259 4768 ergo
2296 4700 2409 4753 haec
2457 4698 2596 4767 apud
2646 4713 2768 4762 nos,
2801 4712 2834 4751 ο
2861 4697 3052 4761 amice,
3083 4693 3535 4751 constituerimus

1971 4803 2024 4847 et
2051 4792 2390 4856 dixerimus;
2427 4792 2497 4846 ab
2547 4791 2762 4846 illorum
2799 4801 2946 4844 sorte
2989 4805 3097 4844 non
3133 4788 3324 4859 procul
3357 4785 3535 4841 aberi-

1971 4900 2096 4939 mus
2125 4901 2141 4950 ;
2173 4883 2266 4938 sed
2319 4894 2373 4938 et
2415 4885 2584 4938 beatzn
2618 4883 2694 4936 illi
2727 4883 3012 4952 pulchrum
3068 4883 3171 4935 hoc
3197 4880 3534 4950 epitaphium

1974 4967 2371 5032 confecerimus
2402 4977 2694 5045 ;ipsosqne
2718 4991 2747 5029 a
2781 4974 2891 5029 Deo
2921 4975 3080 5029 datos
3103 4973 3262 5027 nobis
3287 4973 3536 5027 surculos

1974 5069 2391 5124 informabimus
2422 5083 2515 5137 per
2547 5083 2645 5121 nos
2689 5066 2834 5134 ipsos
2861 5065 2927 5119 ad
2974 5064 3264 5133 imaginem
3302 5061 3411 5115 Deo
3440 5077 3533 5115 ac-

1975 5171 2143 5232 ceptae
2166 5162 2290 5214 vita:
2323 5180 2334 5214 :
2363 5169 2416 5213 et
2449 5159 2633 5211 omnia
2668 5158 2792 5211 inde
2825 5156 2980 5209 vobis
3025 5168 3285 5223 prospere
3344 5167 3538 5207 succe-

1975 5253 2122 5307 dent.
2159 5252 2214 5306 Si
2264 5252 2409 5305 eniui
2456 5249 2908 5309 Deus'aeternus,
2953 5246 3196 5300 omnium
3251 5245 3535 5306 Dominus,

1979 5357 2099 5410 quae
2129 5343 2286 5396 nobis
2313 5341 2522 5405 fecerit,
2549 5356 2611 5394 ea
2640 5341 2866 5394 libenter
2915 5349 3255 5406 acceptantes
3293 5339 3489 5392 viderit
3520 5379 3536 5404 ,

1979 5434 2254 5504 quomodo
2307 5448 2409 5486 non
2464 5443 2518 5487 et
2571 5435 2854 5502 praesentia
2891 5432 3047 5486 nobis
3080 5440 3224 5487 recte
3256 5430 3541 5499 dispertict

1979 5524 2283 5577 interventu
2315 5525 2486 5578 sancti
2516 5523 2688 5594 ipsius
2725 5522 2976 5593 Spiritus,
3001 5533 3054 5577 et
3083 5522 3295 5576 futuras
3328 5521 3542 5590 parabit

1976 5615 2194 5670 delicias
2240 5617 2293 5670 in
2339 5616 2554 5671 saeculis
2611 5617 2973 5671 interminatis
3021 5616 3045 5668 ?
3095 5613 3221 5669 llmc
3279 5628 3397 5684 ego,
3436 5611 3539 5666 etsi

1977 5722 2164 5775 pauca,
2195 5716 2372 5763 tamen
2406 5718 2462 5763 ut
2496 5719 2616 5764 tuus
2640 5709 2692 5764 in
2723 5709 3005 5774 cbaritale,
3034 5717 3088 5764 et
3110 5707 3304 5777 scripsi
3327 5745 3340 5770 ,
3366 5713 3419 5760 et
3440 5703 3541 5758 ad-
