4156 6474
691 405 824 470 1467
1877 405 1938 466 S.
1978 403 2284 466 THEODO

2401 404 2749 466 STUDITE
3804 389 3940 452 1468

688 520 935 570 hortatus
964 532 1108 572 sum.
1137 514 1217 570 Tu
1246 531 1396 581 vero,
1429 514 1678 579 Domine,
1708 515 1856 584 ipsos
1890 514 2090 568 liberos
2133 524 2257 569 tuos
2282 587 2284 593 ι

2386 514 2462 566 ιὲν
2494 516 2543 566 εξ
2582 515 2674 566 καὶ
2706 509 2934 582 βραχέα,
2968 507 3120 576 ὅμως
3165 503 3241 566 ὡς
3271 500 3360 564 σδς
3392 498 3677 594 ὲνᾼάγάῃ
3698 497 3796 594 καὶ
3853 499 3944 565 γέ-

687 607 978 678 praeclaros
1010 609 1190 664 verbis
1237 608 1438 664 nostris
1469 608 1710 663 salutare
1742 621 1810 659 ne
1839 605 2109 676 graveris.

2386 623 2551 674 τραφα
2626 605 2722 658 καὶ
2781 599 3156 672 παρεκάλεσα.
3224 593 3397 653 Αὐτὸς
3451 592 3529 656 δὲ,
3578 585 3623 643 ὦ
3657 591 3941 654 δέσποτα,

2366 695 2509 747 αὐτὰ
2571 695 2640 748 τὰ
2690 693 2848 763 τίμιά
2899 709 2994 744 σου
3017 689 3185 742 τέκνα
3231 688 3555 758 προσειπεῖν
3607 684 3738 753 περί
3787 683 3946 752 ἡμῶν

2368 787 2622 842 ἀξίωσον.

2443 787 2622 842 ίωσον.

2409 787 2437 852 ξ
2512 902 2618 954 PN'
2652 900 2785 972 (ιι).
2810 929 2881 941 -
2904 898 3267 968 Εὐφροσύνῃ
3287 892 3616 968 ἡγουμένῃ.
3654 889 3841 964 [mea]

1369 1021 1432 1069 Ut
1453 1018 1894 1069 sanctimonialium
1926 1018 2268 1080 prefecturam
2297 1033 2392 1082 qua
2413 1033 2500 1082 par
2532 1018 2891 1082 est'diligentia
2916 1017 3250 1067 administret.

1040 903 1595 972 CL.—Euphrosyna:
1631 901 1945 970 praepositae.

761 1129 918 1196 Quod
950 1145 1097 1184 cura:
1134 1130 1294 1186 nobis
1337 1130 1406 1184 sit
1454 1132 1757 1184 reverentia
1806 1140 1919 1196 tua,
1976 1131 2132 1184 testis
2181 1141 2266 1186 est

2442 1131 2565 1185 Ὀτι
2601 1132 2754 1200 μέλει
2783 1132 2915 1202 ἡμῖν
2943 1129 3074 1200 περὶ
3101 1128 3199 1198 τῆς
3227 1122 3546 1196 τιμιότητός
3571 1138 3687 1185 σου,
3733 1120 3946 1189 μαρτύ-

696 1233 882 1276 nostra
928 1222 1040 1275 haec
1070 1224 1249 1277 tenuis
1298 1223 1552 1290 epistola.
1588 1224 1724 1277 Cum
1786 1224 1929 1276 enim
1960 1223 2130 1276 beatae
2187 1224 2264 1278 illi

2386 1241 2484 1277 διον
2501 1223 2563 1276 τὸ
2590 1223 2715 1292 τῇδε
2747 1223 2904 1292 ἡμῶν
2932 1219 3191 1275 ταπεινὸν
3243 1218 3495 1288 γράμμα.
3549 1214 3682 1268 Οὐδὲ
3734 1212 3844 1282 γάρ
3892 1211 3950 1264 δν

695 1322 1002 1382 sanctasque
1033 1314 1189 1366 matri
1222 1312 1443 1382 polliciti
1475 1315 1649 1368 simus
1673 1315 1852 1369 verbis
1885 1315 2110 1376 nostris,
2149 1313 2267 1369 fore

2386 1317 2523 1384 ιόγον
2551 1313 2901 1383 ὑπεσχόμεθα
2947 1315 3013 1382 τῇ
3051 1308 3302 1381 μακαρίᾳ
3333 1306 3520 1376 ἐκείνῃ
3551 1306 3643 1358 καὶ
3676 1302 3810 1371 ἁγίᾳ
3842 1319 3950 1371 μη-

699 1414 757 1458 nt
791 1406 1110 1475 dignitatem
1159 1414 1329 1466 tuam,
1357 1405 1538 1472 quoad
1569 1404 1683 1459 ﬁeri
1716 1416 1917 1473 posset,
1953 1405 2263 1462 foveremus

2386 1410 2482 1481 τρὶ,
2514 1408 2606 1461 ἐπὶ
2652 1407 2712 1461 τὸ
2745 1404 3027 1476 περιέπειν
3061 1403 3207 1475 ἡμᾶς
3238 1400 3339 1471 τὴν
3371 1396 3809 1469 σεμνοπρέπειάν
3857 1411 3949 1446 σου

694 1499 998 1560 visitando,
1050 1499 1163 1551 sive
1201 1497 1437 1566 longius,
1467 1496 1580 1551 sive
1625 1501 1848 1569 propius
1900 1501 2265 1566 abessemus;

2386 1509 2432 1559 ὲν
2459 1509 2526 1575 τῇ
2550 1503 2638 1558 διὰ
2669 1502 2830 1570 λόγου
2861 1498 3174 1568 ἐπισκέψει,
3205 1496 3328 1550 καθ’
3356 1496 3481 1548 ὅσον
3503 1486 3712 1553 οἷόντε,
3745 1488 3953 1558 μακρό-

697 1589 884 1643 fallere
915 1587 1066 1642 nefas
1101 1586 1282 1640 fuerit.
1314 1585 1378 1638 Et
1423 1601 1571 1651 vero,
1607 1591 1822 1646 etiamsi
1857 1592 1995 1645 ratio
2039 1608 2139 1646 nos
2181 1593 2271 1647 illa

2386 1597 2530 1668 θενῆ
2569 1595 2798 1665 ἐγγύθεν
2825 1594 3008 1658 ὄντας,
3072 1593 3217 1646 ὅσιον
3279 1583 3695 1657 διαψεύσασθαι.
3757 1580 3952 1634 Καίτοι

699 1695 814 1734 non
856 1690 1118 1742 moveret,
1150 1678 1264 1747 ipsa
1297 1690 1385 1732 tua
1414 1677 1480 1731 de
1525 1680 1684 1735 nobis
1725 1682 2022 1736 humilibus
2054 1683 2270 1749 fiducia,

2386 1705 2444 1757 γε
2474 1690 2522 1741 εί
2555 1689 2651 1740 καὶ
2681 1688 2756 1756 μὴ
2808 1683 3021 1738 ἐκεῖθεν
3054 1684 3275 1752 είχομεν
3300 1681 3392 1733 τὸν
3416 1678 3596 1745 λόγον,
3621 1674 3724 1740 κάξ
3784 1673 3954 1742 αὐτῆς

700 1782 904 1841 tuaque
937 1786 1062 1840 erga
1090 1787 1189 1823 nos
1224 1771 1415 1850 merita
1441 1773 1855 1839 persuaderent,
1890 1785 1945 1827 ut
1968 1776 2062 1830 tibi
2088 1792 2275 1830 curam

2386 1755 2474 1835 σου
2512 1755 2804 1850 μόνηςγτῆς
2827 1777 2956 1846 περὶ
2987 1776 3133 1846 ἡμᾶς
3149 1773 3275 1837 τοὺς
3304 1770 3548 1834 εὐτελεῖς
3576 1764 3954 1836 πεποιθήσεως

701 1879 795 1934 per
820 1865 1029 1918 litteras
1059 1863 1514 1932 impenderetnus.
1539 1862 1699 1919 Salve
1718 1866 1905 1934 igitur,
1923 1868 2121 1923 femina
2145 1870 2278 1923 mihi

2386 1889 2439 1926 τε
2468 1872 2562 1924 καὶ
2591 1869 2994 1940 περιποιήσεως
3024 1863 3355 1933 ὲπειθόμεθα
3394 1861 3460 1915 ἂν
3488 1860 3576 1914 διὰ
3619 1857 3715 1911 τοῦ
3772 1856 3958 1940 γράμ-

703 1955 1145 2018 honorntissima,
1183 1965 1235 2007 et
1264 1969 1511 2023 gregem,
1545 1971 1704 2021 quem
1741 1958 1836 2011 tibi
1868 1969 2053 2014 sancta
2085 1969 2278 2024 mater,

704 2057 798 2099 aut
819 2047 996 2115 potius
1030 2045 1172 2099 Deus
1207 2062 1300 2115 per
1332 2048 1476 2098 illam
1498 2049 1795 2112 commisit,
1818 2066 1942 2118 rege
1971 2067 2280 2122 congruen-

704 2149 785 2192 ter
845 2138 950 2193 lteo
1001 2155 1062 2193 ac
1105 2140 1354 2193 sollicite.
1401 2139 1550 2193 Scito
1583 2142 1882 2196 maximum
1914 2160 2038 2200 esse
2084 2161 2278 2200 munus

707 2229 1045 2298 prtefccturte
1094 2246 1256 2299 quam
1320 2231 1628 2300 suscepisti.
1688 2233 1935 2303 Agnosce
1975 2237 2280 2291 animarum

706 2337 827 2389 quae
852 2321 953 2373 sub
980 2336 1142 2374 manu
1175 2330 1262 2374 tua
1283 2331 1407 2374 sunt
1425 2321 1816 2376 conditionem.
1851 2323 2280 2393 Receptacnlum

705 2414 904 2481 quippe
935 2422 1018 2466 est
1058 2427 1379 2478 sponsarum
1423 2410 1587 2481 Regis
1637 2415 1925 2481 ccelorum,
1956 2418 2126 2472 solius
2156 2434 2281 2489 spe-

707 2506 843 2558 ciosi
865 2517 916 2558 et
945 2505 1265 2558 immortalis
1292 2505 1489 2574 Sponsi
1515 2504 1718 2560 Christi
1755 2526 1767 2561 :
1797 2510 1890 2578 qui
1923 2525 2031 2564 non
2066 2511 2280 2564 unicam

711 2596 806 2649 tibi
841 2611 1091 2665 sponsam
1145 2597 1394 2660 credidit,
1429 2596 1480 2648 in
1525 2597 1666 2650 diem
1702 2597 2140 2668 desponsationis
2171 2616 2284 2656 suae

711 2705 804 2758 per
833 2688 1268 2757 conjunctionem
1321 2689 1372 2741 in
1428 2687 1634 2756 Spiritu
1679 2700 1915 2756 sancto;
1955 2693 2046 2745 sed
2078 2700 2156 2745 tot
2182 2707 2284 2744 nu-

711 2794 860 2832 IIICI'O
897 2789 1025 2848 quot
1063 2780 1228 2832 habes
1262 2793 1424 2832 :cum
1469 2788 1523 2832 tu
1555 2779 1692 2847 ipsa,
1735 2781 1909 2849 prima
1948 2781 2023 2835 sis
2054 2797 2278 2850 sponsa.

712 2869 1020 2940 Despondet
1039 2871 1181 2923 enim
1209 2867 1368 2924 Jesus
1395 2869 1555 2922 etiam
1584 2886 1704 2937 quas
1735 2871 1876 2925 sicut
1910 2883 1962 2924 ιιι
1991 2871 2058 2925 de
2080 2873 2281 2926 saeculo

712 2971 1020 3027 venerunt;
1067 2972 1325 3030 tanquam
1380 2961 1672 3013 multarum
1730 2971 1891 3030 atque
1942 2961 2281 3015 inlinitarum

2384 1978 2556 2032 ματος
2588 1939 2899 2032 προσοίσειν
2928 1955 3270 2026 ἐπιμέλειαν.
3309 1953 3552 2022 Ὑγίαινε
3579 1939 3955 2018 τοιγαροῦνμῖι

2380 2055 2685 2127 τιμιωτάτη
2736 2069 2851 2122 μοι.
2882 2050 2976 2103 καὶ
3009 2048 3162 2116 ἀγοιο
3187 2047 3248 2100 τὸ
3295 2046 3567 2115 ποίμνιον,
3623 2043 3651 2096 ὃ
3691 2039 3960 2110 παρέθετό

2384 2166 2467 2201 σοι
2499 2148 2532 2218 ἡ
2569 2147 2699 2214 ἁγία
2726 2142 2938 2214 ἀμμάς,
2977 2141 3177 2212 μᾶλλον
3214 2139 3270 2193 δὲ
3299 2139 3366 2191 δι’
3398 2138 3565 2207 αὐτῆς
3587 2139 3614 2189 ὁ
3661 2134 3793 2195 Θεὸς
3839 2131 3957 2184 θεο-

2383 2240 2608 2312 πρεπῶς
2635 2237 2730 2291 καὶ
2757 2233 3051 2304 ἐπιμελῶς.
3082 2230 3222 2284 Ἰσθι
3249 2230 3323 2292 ὡς
3347 2229 3605 2300 μέγιστον
3620 2227 3680 2278 τὸ
3701 2225 3798 2293 τῆς
3824 2239 3959 2291 προ-

2384 2335 2613 2396 στασίας
2654 2348 2748 2383 σου
2781 2329 3108 2397 ἐγχείρημα.
3150 2324 3325 2378 Γνῶθι
3343 2323 3451 2376 τῶν
3483 2321 3588 2374 ὐπὸ
3644 2317 3808 2387 χεῖρά
3864 2333 3955 2369 σου

2381 2426 2570 2496 ψυχῶν
2600 2424 2660 2476 τὸ
2699 2420 2964 2491 θεώρημα
2987 2435 3001 2447 ·
3047 2418 3128 2471 ὅτι
3152 2411 3700 2487 νυμφοφυλακτήριόν
3731 2410 3846 2461 ἐστι
3865 2408 3958 2461 τοῦ

2387 2517 2652 2589 βασιλέως
2687 2513 2796 2566 τῶν
2832 2498 3103 2580 οὐρανὶῦν,
3133 2509 3226 2562 τοῦ
3268 2509 3433 2578 μόνου
3461 2503 3666 2574 ὡραίου
3704 2503 3800 2554 καὶ
3855 2503 3960 2568 ἁφ-

2384 2613 2580 2682 θάρτου
2611 2607 2865 2677 Νυμφίου
2896 2605 3160 2674 Χριστοῦ.
3199 2606 3294 2665 Ὃς
3317 2602 3376 2653 οὐ
3411 2600 3540 2670 μίαν
3593 2597 3811 2666 νύμφην
3879 2611 3960 2647 σοι

2383 2704 2653 2774 παρέθετο
2682 2702 2761 2763 είς
2795 2700 3010 2772 ἡμέραν
3039 2695 3395 2768 νυμφεύσεως
3423 2689 3611 2753 αὐτοῦ,
3656 2690 3744 2742 διὰ
3773 2688 3876 2757 τῆς
3903 2687 3961 2737 ὲν

2382 2798 2522 2866 ἁγίῳ
2553 2793 2832 2864 Πνεύματι
2865 2791 3161 2858 συναφείας
3185 2803 3200 2816 ⁸
3234 2786 3372 2840 ἀλλά
3415 2783 3682 2843 τοσαύτας
3710 2783 3842 2842 ὅσας
3897 2794 3960 2846 γε

2383 2894 2480 2946 καὶ
2506 2890 2648 2960 ἔχοις
2669 2905 2681 2918 °
2733 2887 2826 2941 σοῦ
2855 2905 2916 2941 τε
2947 2883 3120 2953 αὐτῆς
3148 2878 3547 2948 πρωτονύμφου
3564 2873 3957 2945 τυγχανούσης.

2383 2981 2741 3054 Νυμφεύεται
2773 2980 2882 3050 γὰρ
2922 2975 3128 3048 Ἰησοῦς
3162 2972 3256 3027 καὶ
3313 2972 3414 3032 τὰς
3458 2969 3534 3033 ὼς
3589 2969 3651 3020 σὺ
3702 2967 3789 3019 διὰ
3846 2963 3959 3032 βίου

725 3049 994 3119 Sponsus,
1032 3065 1333 3119 omnesque
1385 3059 1498 3104 tum
1534 3049 1774 3102 virorum
1829 3058 1943 3104 tum
1992 3052 2280 3106 mulierum

2386 3049 2725 3145 ἐληλυθυίας,
2753 3073 2829 3134 ὡς
2853 3049 3216 3138 γπολύνυμφος
3247 3066 3342 3119 καὶ
3397 3061 3826 3133 ἀπειρόνυμφος,
3870 3057 3962 3148 καὶ

715 3143 926 3198 animas
981 3143 1222 3210 copulari
1277 3142 1381 3196 sibi
1439 3141 1796 3196 desiderans:
1850 3143 1916 3196 ad
1950 3143 2282 3212 implendum

717 3250 1015 3303 supernum
1052 3235 1326 3299 conclave,
1368 3233 1420 3286 in
1462 3249 1570 3302 quo
1630 3233 1809 3288 multa:
1846 3235 2155 3288 mansiones
2193 3250 2285 3288 ve-

718 3328 798 3381 lut
837 3327 1055 3380 thalami
1091 3328 1310 3397 quidam
1335 3342 1364 3380 a
1401 3325 1557 3380 Patre
1586 3327 1758 3394 parati
1797 3327 2109 3392 animabus,
2164 3342 2285 3396 quae

717 3420 893 3489 dignae
922 3419 1117 3472 habitae
1174 3418 1373 3472 fuerint
1424 3433 1518 3488 per
1579 3419 1741 3472 vitam
1775 3435 1962 3486 puram
1995 3459 2008 3480 ,
2044 3427 2093 3471 et
2125 3419 2283 3472 tidem

720 3510 1011 3573 sinceram,
1045 3519 1122 3574 ut,
1172 3524 1294 3564 cum
1329 3519 1540 3578 tempus
1563 3511 1822 3564 adventus
1857 3509 2053 3579 Sponsi
2088 3509 2282 3574 aderit,

721 3612 842 3674 post
872 3604 1020 3656 illum
1051 3613 1315 3665 currant,
1345 3612 1398 3655 et
1446 3603 1608 3656 simul
1664 3603 1863 3657 intrent
1911 3602 1963 3655 in
2005 3602 2284 3663 conclave,

721 3697 1015 3765 laetitiaque
1043 3695 1131 3750 illa
1161 3705 1359 3750 aeterna
1383 3695 1727 3766 perfruantur
1752 3696 1806 3750 in
1830 3693 2026 3751 satcula
2057 3692 2286 3749 steculo-

721 3791 920 3844 lorum.

792 3982 930 4038 Ecce
958 3984 1387 4040 demonstratum
1432 3985 1523 4040 tibi
1558 3995 1640 4039 est
1684 3983 2044 4038 ministerium
2075 3983 2220 4053 quod
2255 3999 2286 4038 a

723 4070 952 4125 Domino
999 4073 1295 4141 accepisti,
1329 4085 1382 4127 et
1435 4089 1713 4145 magnum,
1752 4083 1804 4127 et
1842 4074 2006 4128 multa
2040 4072 2092 4127 in
2136 4073 2289 4128 caelis

724 4165 972 4219 mercede
1030 4167 1490 4234 compensandum
1529 4176 1635 4232 ;ut
1679 4182 1787 4220 non
1840 4176 1892 4221 te
1941 4166 2137 4231 solam,
2195 4166 2290 4222 sed

723 4257 922 4312 multas
959 4267 1161 4313 aeterno
1206 4258 1418 4327 Sponso
1471 4275 1698 4328 sponsas
1739 4260 1976 4314 adducas
2008 4278 2022 4326 ;
2053 4275 2148 4326 pro
2169 4259 2291 4330 qui-

725 4348 828 4403 bus
856 4361 1059 4419 quanta
1109 4359 1163 4404 et
1191 4351 1367 4420 qualis
1405 4351 1736 4405 retributio?
1773 4350 2074 4406 Collocabit
2125 4361 2174 4405 te
2205 4351 2290 4405 in-

2390 3169 2566 3229 πάσας
2593 3165 2768 3234 ψυχὰς
2798 3160 3006 3231 ἀνδρῶν
3040 3176 3099 3213 τε
3129 3155 3528 3225 καὶγυναικῶν
3582 3150 3720 3220 ἐρῶν
3788 3147 3962 3234 ἁρμοῖ

2389 3232 2711 3321 ζεσθαι,ίείς
2739 3255 2799 3306 τδ
2831 3251 3126 3321 πληρῶσαι
3161 3249 3253 3302 τὸν
3309 3249 3424 3302 ἀνω
3479 3244 3744 3314 νυμφῶνα
3768 3261 3780 3272 ·
3815 3243 3871 3293 ἐν
3918 3232 3961 3306 ᾧ

2390 3348 2582 3402 πολλαὶ
2631 3347 2686 3398 αἱ
2720 3346 2880 3416 μοναὶ
2909 3338 2997 3399 οἷά
3035 3361 3179 3404 τινες
3210 3341 3446 3411 θάλαμοι
3474 3337 3620 3409 παρά
3643 3336 3734 3388 τοῦ
3749 3334 3960 3403 [ἰατρὸς

2389 3435 2802 3506 ἡτοιμάσθησαν
2825 3437 2947 3498 ταῖς
2973 3433 3441 3505 ἁξιωθησομέναις
3469 3430 3692 3499 ψυχαῖς,
3725 3427 3813 3478 διὰ
3845 3425 3958 3494 βίου

2389 3527 2631 3598 καθαροῦ
2663 3529 2760 3581 καὶ
2786 3527 3031 3589 πίστεως
3062 3525 3392 3597 εἰλικρινοῦς
3423 3542 3435 3554 ·
3468 3522 3630 3592 ἡνίκα
3683 3519 3880 3583 φθάσει
3934 3518 3962 3569 ὁ

2387 3620 2577 3692 καιρὸς
2605 3620 2701 3689 τῆς
2727 3617 3122 3688 ἀποκαλύψεως
3147 3618 3240 3672 τοῦ
3274 3615 3554 3685 Νυμφίου,
3588 3613 3765 3664 ὀπίσω
3793 3611 3960 3664 αὐτοῦ

2388 3712 2621 3784 δραμεῖν
2660 3713 2755 3765 καὶ
2787 3710 3152 3765 συνεισελθεῖν
3184 3712 3241 3762 ὲν
3275 3708 3354 3777 τῷ
3383 3703 3654 3775 νυμφῶνι,
3727 3703 3825 3756 καὶ
3862 3703 3960 3770 τῆς

2388 3809 2694 3880 ἀπεράντου
2723 3809 2898 3880 χαρᾶς
2924 3807 3138 3877 ἐκείνης
3167 3802 3474 3859 ἀπολαῦσαι
3503 3801 3582 3863 είς
3598 3798 3802 3860 αἰῶνας
3832 3794 3960 3847 αἰώ-

2389 3919 2517 3955 νων.

2475 3994 2606 4048 Ἰδοὺ
2635 3993 3008 4048 ὐποδέδεικταί
3036 4009 3128 4045 σου
3153 3991 3187 4060 ἡ
3244 3987 3485 4042 διακονία
3529 3987 3596 4056 ἦν
3653 3983 3957 4054 παρέλαϐες

2392 4087 2545 4156 παρὰ
2575 4086 2804 4155 Κυρίου,
2844 4083 3055 4154 μεγάλη
3080 4098 3161 4142 τε,
3195 4081 3289 4132 καὶ
3320 4078 3532 4133 πολλῶν
3556 4076 3820 4147 ἀμοιϐαία
3867 4093 3953 4143 μι-

2394 4177 2537 4231 σθῶν
2568 4176 2836 4246 οὐρανίων
2862 4192 2875 4204 ·
2898 4175 2972 4237 ὡς
3009 4173 3083 4243 μὴ
3117 4172 3274 4242 μόνον
3304 4171 3389 4233 σὲ,
3445 4170 3581 4222 ἀλλά
3619 4171 3714 4222 καὶ
3760 4167 3958 4227 πολλὰς

2393 4267 2610 4336 νύμφας
2637 4269 2920 4336 προσοῖσαι
2946 4263 3022 4334 τῷ
3059 4263 3313 4332 ἀθανάτῳ
3375 4259 3644 4330 Νυμφίῳ·
3700 4257 3842 4326 ὑπὲρ
3889 4249 3960 4309 ὧν

2394 4359 2492 4427 ὅση
2520 4359 2615 4413 καὶ
2636 4357 2794 4430 ἡλίκη
2826 4359 2858 4427 ἡ
2889 4355 3270 4417 ἀνταπόδοσιςί
3303 4351 3585 4416 τετάξεταί
3616 4367 3674 4403 σε
3702 4350 3760 4400 ὲν
3791 4348 3958 4418 πρού-

724 4453 806 4496 ter
835 4444 1199 4512 praecellentes
1251 4459 1478 4511 sponsas
1503 4485 1515 4507 ,
1554 4443 1691 4496 inter
1729 4445 1930 4499 electas
1971 4445 2284 4498 adolescen-

2389 4447 2608 4517 χούσαις
2635 4446 2893 4515 νύμφαις,
2918 4447 2974 4497 ὲν
2999 4445 3279 4508 ὲκλεκταῖς
3297 4443 3529 4495 νεάνισιν
3549 4457 3563 4473 ο
3592 4439 3865 4510 έμπλόκιά
3882 4452 3960 4490 σοι

725 4533 911 4592 ιυιες,ο;
945 4532 1164 4586 monilia
1188 4532 1278 4586 tibi
1302 4533 1598 4597 exhibebit,
1621 4533 1874 4601 perennia
1904 4535 2138 4603 Spiritus
2155 4534 2283 4589 cha-

723 4624 969 4687 rismata,
1011 4624 1330 4678 vestimenta
1360 4624 1556 4688 lucida,
1588 4624 2099 4694 incorruptibilitate
2122 4641 2284 4680 coru-

723 4717 929 4769 scantia
963 4733 976 4770 :
1010 4715 1290 4769 coronabit
1347 4724 1399 4770 te
1461 4730 1661 4770 corona
1709 4715 1932 4784 jnstitia:
1981 4717 2284 4770 :choream

721 4821 851 4876 ages
883 4807 1333 4871 indissolubilem,
1365 4806 1618 4877 angelicae
1654 4823 1861 4876 parem,
1890 4823 2014 4861 cum
2047 4807 2288 4861 exsulta-

722 4898 869 4950 tione
895 4897 1241 4964 sempiterna.
1273 4895 1427 4961 Quod
1461 4896 1729 4964 reliquum
1784 4905 1888 4961 est,
1927 4896 2069 4962 vide,
2105 4895 2286 4950 domi-

723 5003 814 5052 na,
842 4997 895 5041 et
934 4988 1148 5041 attende
1198 4987 1292 5040 tibi
1331 4988 1431 5057 ipsi
1470 5005 1485 5054 ;
1523 4988 1836 5058 Christique
1886 5006 2116 5060 sponsas
2163 5006 2286 5045 cum

720 5095 850 5134 cura
882 5080 1092 5134 custodi
1128 5079 1285 5134 :ciba
1317 5080 1436 5133 illas
1465 5095 1600 5149 puro
1641 5096 1780 5149 pane
1806 5083 2064 5136 doctrina:
2100 5083 2290 5136 ortho-

721 5169 874 5223 doxa:
909 5185 921 5221 :
954 5180 1077 5238 pcta
1127 5169 1330 5224 ﬂuento
1369 5170 1524 5224 bonae
1561 5173 1894 5240 operationis
1923 5190 1935 5237 ;
1971 5189 2028 5226 ut
2063 5173 2290 5243 pingues

720 5261 832 5316 sint
858 5269 912 5314 et
950 5261 1226 5329 speciosae,
1257 5261 1323 5314 de
1356 5264 1555 5318 animus
1593 5263 1993 5332 pulchritudine
2019 5274 2072 5318 ct
2107 5264 2287 5333 specie

720 5352 937 5422 loquor,
967 5369 1126 5421 quam
1168 5351 1527 5424 concupiscit,
1566 5357 1703 5411 sicut
1738 5357 2021 5427 pollicetur
2065 5367 2286 5412 sanctus

722 5442 912 5510 David,
940 5444 1186 5501 Christus
1232 5445 1373 5501 Deus
1429 5457 1628 5502 noster.
1670 5449 1762 5503 Sic
1790 5449 1934 5504 enim
1968 5450 2076 5504 ait:
2123 5449 2285 5514 Audi,

722 5535 858 5604 ﬁlia,
889 5545 940 5590 et
970 5537 1103 5602 vide,
1138 5547 1186 5591 et
1220 5538 1415 5591 inclina
1453 5556 1632 5594 aurem
1685 5551 1833 5596 tuam
1867 5558 1885 5608 ;
1915 5553 1963 5597 et
1987 5542 2287 5598 obliviscere

2381 4539 2675 4609 παράσχοι.
2707 4537 2774 4590 τὰ
2822 4537 2915 4589 τοῦ
2950 4535 3264 4605 Πνεύματος
3295 4534 3440 4588 ἀΐδια
3471 4533 3804 4603 χαρίσματα’
3841 4532 3958 4582 ἐπι-

2382 4630 2480 4700 ὁλή
2489 4647 2633 4699 ματα
2651 4627 2933 4700 φωτοειδῆ,
2948 4627 3252 4698 ἀφθαρσίαν
3269 4627 3664 4696 ἀστράπτονταο
3685 4619 3961 4690 στεφανώ-

2383 4737 2466 4773 σει
2495 4739 2554 4774 σε
2575 4721 2654 4792 τῷ
2679 4722 2778 4792 τῆς
2795 4719 3140 4789 δικαιοσύνης
3157 4719 3422 4788 στεφάνῳ·
3445 4715 3726 4786 χορεύσεις
3745 4715 3958 4785 χορείαν

2381 4813 2595 4878 ἀλυτον,
2627 4814 2714 4866 ῐσα
2761 4814 2852 4866 καὶ
2893 4811 3162 4881 ἀγγέλοις,
3213 4811 3310 4864 σὺν
3350 4809 3662 4877 ἀγαλλιάσει
3701 4808 3959 4877 ἀκηράτῳ

2391 4904 2535 4979 [cod.
2561 4905 3015 4978 Reg.dy.qpti'rtp].
3035 4905 3207 4958 Βλέπε
3234 4902 3438 4968 λοιπὸν,
3468 4902 3652 4970 κυρία,
3680 4901 3775 4952 καὶ
3796 4900 3959 4969 πρόσ-

2391 5013 2483 5067 εχε
2511 4999 2704 5066 σαυτῇ,
2735 4997 2938 5059 καὶτὰς
2953 4999 3167 5066 νύμφας
3180 4992 3273 5048 τοῦ
3292 4991 3529 5064 Χριστοῦ
3547 4991 3836 5060 φυλάττοιο
3864 5007 3958 5041 πε-

2397 5088 2740 5158 ριμερίμνως
2764 5101 2779 5116 ’
2808 5087 3030 5157 τρέφοις
3058 5086 3226 5148 αὐτάς
3248 5083 3326 5153 τῷ
3351 5082 3578 5154 καθαρῷ
3594 5082 3847 5151 ἄρτῳτῖμς
3871 5082 3957 5150 ὁρ-

2393 5177 2635 5242 θοδοξίας
2658 5193 2674 5208 ·
2707 5179 2941 5243 ποτίζοις
2969 5178 3044 5247 τῷ
3073 5177 3277 5248 νάματι
3315 5176 3416 5246 τῆς
3450 5173 3772 5245 εὐπραξίας,
3801 5172 3876 5234 ὡς
3895 5172 3957 5224 ἂν

2394 5266 2503 5323 εἶεν
2526 5272 2728 5335 πίονες,
2759 5270 3088 5341 ὡραιοειδεῖς
3115 5285 3130 5300 σ
3165 5269 3300 5340 πρὸς
3331 5269 3394 5320 τὸ
3436 5266 3630 5328 κάλλος
3657 5265 3757 5334 τῆς
3783 5264 3956 5334 ψυχῆς

2391 5365 2420 5415 ὁ
2446 5363 2638 5431 λόγος’
2702 5359 2763 5417 οῦ
2817 5365 2910 5416 καὶ
2965 5362 3243 5432 ἐπιθυμεῖ,
3306 5361 3490 5424 καθὼς
3540 5359 3877 5429 ὑπισχνεῖται
3929 5359 3956 5408 ὁ

2389 5451 2542 5520 ἅγιος
2568 5451 2748 5519 Δαυτδ,
2777 5451 3194 5524 ΧριστδςὸΘεὸς
3221 5450 3397 5521 ἡμῶν.
3420 5449 3677 5521 Φησὶγάρ
3703 5465 3720 5479 ο
3749 5449 3955 5501 ’Δκου-

2396 5560 2532 5609 σον,
2566 5545 2837 5614 θύγατερ,
2866 5545 2966 5600 καὶ
2985 5544 3098 5602 ιδε.
3126 5545 3221 5600 καί
3251 5541 3462 5598 κλῖνον
3486 5541 3554 5596 τὸ
3577 5535 3688 5605 οὖς
3703 5554 3843 5602 σου,
3861 5534 3955 5592 καὶ

2237 5730 2477 5791 NOTAE.

795 5841 908 5914 (41)
942 5844 996 5899 Ιιι
1031 5846 1152 5901 cod.
1188 5847 1319 5918 Reg.
1358 5854 1481 5919 poz'.
