4156 6518
270 470 412 533 1469

1451 462 1982 528 EPISTOLARUM
2018 465 2167 526 LIB.
2224 468 2308 526 II.

3351 466 3488 532 1470

265 563 560 614 ἐπιλάθου
589 560 692 613 τοῦ
730 561 882 616 λαοῦ
915 576 1055 628 σου,
1090 561 1187 614 καὶ
1220 562 1326 616 τοῦ
1362 562 1531 616 οἴκου
1568 560 1676 615 τοῦ
1719 571 1859 616 παο.

1935 563 2180 625 populum
2214 569 2381 622 tuum,
2419 567 2468 612 et
2497 559 2709 612 domum
2738 560 2908 628 patris
2943 561 3040 625 tui,
3071 569 3120 614 et
3165 565 3492 631 concupiscet

265 654 407 719 τρός
421 669 556 717 σου,
575 652 673 705 καὶ
695 652 1050 721 ἐπιθυμήσει
1072 656 1103 707 ὀ
1113 655 1412 718 ,ϐασιλεὺς
1426 654 1531 708 τοῦ
1561 653 1831 720 κάλλους

266 760 386 796 σου
412 758 427 773 ⁸
459 743 547 796 ὅτι
573 744 754 809 αὐτός
779 744 911 797 ἐστι
940 745 1153 812 Κύριός
1172 760 1310 808 σου,
1346 745 1446 798 καὶ
1487 743 1831 813 προσκυνή-

265 848 400 897 σεις
416 831 594 897 αὐτῷ.
627 833 789 904 Ὀρᾷς
815 834 894 887 ὅτι
919 837 975 887 ὲν
1005 834 1081 904 τῷ
1097 835 1442 889 ἐπιλαθέσθαι
1467 836 1630 905 ὑμᾶς,
1662 836 1830 905 ἤγουν

266 923 643 987 ἀποτάξασθαι
670 925 937 992 γονεῦσιν.
981 926 1226 994 ἀδελφοῖς
1279 943 1339 979 τε
1392 927 1487 980 καὶ
1520 926 1827 994 συγγενέσι,

266 1015 445 1084 φίλοις
483 1033 542 1069 τε
592 1018 686 1070 καὶ
719 1019 850 1071 πᾶσι
879 1020 991 1081 τοῖς
1027 1019 1163 1071 κατὰ
1190 1019 1281 1072 τὸν
1310 1018 1441 1088 βίον,
1488 1017 1830 1088 ἐπεθύμησεν

265 1109 422 1176 ὑμῶν
465 1111 492 1162 ό
522 1109 771 1179 βασιλεὺς
794 1112 888 1164 τοῦ
921 1112 1149 1174 κάλλους
1170 1112 1267 1182 τῆς
1287 1113 1465 1184 ψυχῆς
1485 1114 1564 1175 είς
1587 1113 1834 1183 νυμφίω-

265 1218 382 1267 σιν;
417 1202 488 1255 Τὸ
515 1203 591 1268 δὲ,
615 1205 803 1268 Αὐτός
827 1204 956 1256 ἐστι
985 1205 1198 1271 Κύριός
1229 1219 1365 1270 σου,
1434 1205 1530 1257 καὶ
1565 1220 1831 1274 προσκυ-

262 1290 477 1357 νήσεις
506 1292 686 1357 αὐτῷ,
719 1295 1007 1364 γενήσεται
1037 1295 1165 1365 ὑμῖν
1204 1296 1262 1348 ὲν
1279 1297 1345 1365 τῇ
1378 1295 1560 1366 ἡμέρᾳ
1591 1296 1689 1366 τῆς
1712 1296 1835 1349 ἑπι-

264 1383 495 1451 φανείας
529 1384 714 1439 αὑτοῦ.

341 1474 425 1537 Ὠ,
458 1472 524 1539 ὣ,
560 1468 670 1528 οἷον
704 1476 1042 1546 ἐφρονησατε
1072 1475 1459 1547 ὲπιλαθόμεναι
1500 1476 1610 1530 τῶν
1661 1477 1834 1532 ἀπάν-

260 1567 392 1617 τωνι
423 1565 614 1629 Βαῦαὶ,
644 1566 954 1636 βαὸαὶ,οῖου
983 1567 1272 1637 έπετύχετε
1300 1569 1550 1639 Νυμφίου
1579 1571 1591 1623 ι
1616 1570 1835 1639 Κροτή-

262 1675 414 1711 σατε
438 1657 639 1726 χεῷας
663 1658 1006 1722 ἀλαλάξατε
1041 1659 1122 1725 τῷ
1167 1658 1288 1725 Θεῷ
1315 1660 1384 1714 ὲν
1435 1661 1604 1730 φωνῇ
1659 1663 1834 1732 ἀγαλ-

262 1744 526 1811 λιάσεως
556 1761 570 1774 ⁸
600 1747 681 1798 ὅτι
710 1746 849 1817 ὑπὲρ
892 1747 1072 1810 πάσας
1125 1749 1224 1811 τὰς
1259 1749 1350 1801 ἐπὶ
1399 1750 1504 1818 γῆς
1554 1750 1832 1820 βασιλείας

264 1835 516 1907 ὑψώθητε
542 1854 556 1868 ⁸
591 1839 728 1908 ὑπὲρ
760 1839 935 1893 πάντα
961 1839 1217 1911 τὰώραῖα
1237 1841 1336 1907 τῆς
1365 1842 1469 1910 γῆς
1497 1841 1828 1912 ώραῖσθητε.

1927 664 2020 702 rea:
2043 649 2279 703 decorem
2307 659 2455 703 tuum
2478 665 2497 703 :
2517 652 2765 719 quoniam
2797 653 2915 720 ipse
2939 659 3016 705 est
3057 652 3313 706 Dominus
3347 663 3492 718 tuus,

1927 753 1978 797 et
2008 745 2253 797 adorabis
2282 759 2399 797 eum
2429 743 2493 796 ⁸³.
2531 742 2690 797 Vides
2747 747 2889 814 quod
2933 787 2948 810 ,
2979 746 3108 799 dum
3167 746 3349 800 oblitas
3397 761 3495 802 vos

1928 842 2082 899 estis,
2123 836 2227 890 hoc
2256 843 2360 901 est,
2397 838 2747 892 renuntiastis
2799 828 3137 906 parentibus,
3201 838 3491 893 fratribus-

1929 941 2036 996 que
2106 936 2158 981 et
2236 930 2498 996 cognatis,
2556 929 2853 998 amicisque
2929 938 2984 984 et
3048 930 3258 984 cunctis
3334 929 3495 997 hujus

1931 1018 2111 1073 saeculi
2148 1019 2333 1081 rebus,
2363 1021 2672 1089 concupivit
2695 1036 2786 1074 rex
2816 1021 3271 1089 pulchritudinem
3301 1024 3496 1077 anima}

1929 1121 2123 1165 vestra:
2173 1112 2239 1164 ad
2266 1111 2737 1181 desponsationem
2788 1111 2812 1164 ?
2865 1111 2996 1165 lllud
3059 1127 3228 1166 vero:
3262 1115 3388 1176 Ipse
3417 1122 3494 1166 est

1933 1202 2188 1256 Dominus
2222 1212 2340 1256 tuus
2365 1243 2379 1268 ,
2430 1213 2479 1258 et
2517 1205 2762 1258 adorabis
2813 1220 2928 1256 eum
2958 1202 3004 1234 ⁸³
3033 1218 3049 1268 ;
3087 1203 3264 1267 vobis,
3321 1205 3374 1257 in
3407 1205 3497 1258 die

1932 1294 2197 1349 adventus
2236 1295 2405 1365 ipsius
2431 1295 2702 1350 obveniet.

2003 1471 2069 1536 0,
2086 1487 2119 1526 ο
2134 1488 2294 1542 quam
2317 1473 2590 1542 sapienter
2608 1474 2793 1543 egistis
2811 1475 3187 1530 obliviscentes
3212 1477 3454 1530 omnium
3477 1477 3491 1529 !

1931 1561 2109 1633 Papze,
2136 1579 2304 1633 papae,
2342 1567 2555 1632 qualem
2588 1563 2856 1632 Sponsum
2889 1566 3095 1635 adepta:
3141 1568 3292 1621 estis!
3329 1566 3497 1620 Plau-

1933 1658 2039 1711 dite
2083 1658 2346 1721 manibus,
2373 1656 2600 1725 jubilate
2629 1657 2731 1711 Deo
2759 1659 2813 1711 in
2857 1674 2976 1711 voce
3003 1658 3377 1711 exsultationis
3409 1659 3494 1714 ’δε

1932 1764 1998 1804 eo
2036 1749 2177 1818 quod
2207 1764 2372 1818 super
2404 1749 2585 1802 omnia
2618 1759 2773 1802 terra:
2823 1764 2987 1817 regna
3027 1749 3277 1802 exaltata:
3318 1749 3450 1805 estis
3480 1767 3495 1803 :

1935 1854 2098 1908 super
2123 1839 2305 1893 omnia
2358 1839 2602 1908 speciosa
2651 1850 2806 1893 terra:
2851 1839 3113 1908 speciosae
3149 1838 3303 1892 factae
3340 1841 3496 1895 estis.

261 1905 546 1981 Αἰδοῦνται
566 1905 709 1999 ὑμᾶς
738 1932 832 1983 καὶ
856 1905 1104 2000 ἄγγελοι,
1132 1905 1483 2003 περιέπουσιν
1541 1905 1684 2004 μᾶς
1732 1905 1831 1988 οιαὶ

1935 1929 2271 1984 Revereatur
2298 1945 2396 1986 vos
2435 1931 2595 1986 etiam
2652 1925 2848 1997 angeli,
2895 1929 3252 1984 circumstant
3301 1946 3399 1983 vos
3444 1941 3498 1984 et

262 2022 594 2091 αρχὰγγελοι
613 2040 627 2053 ⁸
657 2023 984 2094 προὺχουσαι
1010 2026 1165 2097 ὑμεῖς
1180 2025 1446 2095 βασιλίδες
1478 2028 1535 2079 έν
1560 2028 1827 2098 οὐρανοῖς,

262 2112 521 2181 ὑπεράνω
555 2114 747 2167 πασῶν
783 2116 1031 2188 μητέρων
1074 2117 1166 2169 καὶ
1194 2116 1508 2186 θυγατέρων
1557 2117 1664 2171 τῶν
1723 2120 1831 2173 ἀπὸ

263 2206 469 2273 σαρκὸς
514 2206 836 2275 ἐρχομένων.
871 2206 1075 2260 Οὐκοῦν
1099 2206 1337 2277 χαίρετε,
1365 2210 1460 2261 καὶ¹
1507 2210 1830 2279 συγχαίρετε

263 2296 542 2365 ἀλλήλαις·
575 2296 643 2348 τὰ
675 2296 906 2349 ἐπίπονα
933 2296 1179 2349 ἐντεῦθεν
1217 2299 1316 2368 τῆς
1367 2300 1674 2365 ἀσκήσεως,
1730 2301 1827 2354 εἴτ’

261 2382 359 2437 οὖν
413 2385 818 2454 θαλαμεὺσεως,
851 2387 1107 2456 φέρουσαι
1157 2388 1440 2459 εὐψύχως·
1496 2391 1709 2447 εἰδυῖαι
1741 2392 1829 2447 ὅτι

262 2475 435 2530 πᾶσα
467 2476 623 2544 σὰρξ
677 2479 926 2545 χόρτος⁸
976 2475 1144 2533 πᾶσα
1190 2479 1340 2542 δόξα
1384 2480 1697 2548 ἀνθρώπου
1751 2483 1832 2549 ὠς

262 2571 447 2636 ἄνθος
475 2571 692 2639 χόρτου
716 2587 730 2601 ⁸
764 2570 933 2624 πᾶσαί
958 2589 1017 2623 τε
1049 2571 1331 2643 ἐπιθυμίαι
1359 2573 1451 2626 τοῦ
1482 2573 1674 2638 αἰῶνος
1707 2575 1832 2628 τοὺ-

260 2681 360 2716 του
413 2667 476 2716 ὲκ
506 2665 708 2735 φθορᾶς
734 2663 827 2717 καὶ
854 2666 933 2727 είς
961 2664 1167 2736 φθορὰν
1200 2668 1602 2737 καταλήγουσαι
1627 2685 1640 2699 ⁸
1672 2670 1831 2740 μόνον

261 2757 324 2809 δὲ
357 2756 510 2826 ὑμῶν
538 2756 732 2827 ὁιέρως
759 2757 852 2809 καὶ
878 2759 910 2826 ἡ
941 2760 1207 2829 ἐπιθυμία
1246 2761 1471 2831 ἄπειρος
1501 2763 1594 2814 καὶ
1621 2762 1832 2831 ἄφθαρ-

261 2866 377 2910 τος.
415 2849 624 2918 Μικρὸν
651 2847 836 2900 λοιπὸν
889 2850 1014 2902 ὅσον
1061 2852 1415 2921 ἀναμείνατε,
1477 2853 1827 2923 ὑπομείνατε,

264 2940 702 3010 ὑποτασσόμεναι
737 2940 832 3010 μὲν
875 2942 1032 3012 ὑμεῖς
1063 2947 1130 3013 τῇ
1159 2943 1324 3014 κυρία
1355 2946 1419 3016 τῇ
1451 2946 1832 3018 πρωτονὺμφῳ

264 3031 448 3092 καλῶς
481 3030 575 3082 καὶ
607 3030 870 3099 εὑηκόως,
902 3031 970 3085 τὰ
995 3031 1373 3102 τοῦ⁴Νυμφίου
1406 3035 1642 3105 Χριστοῦ
1693 3039 1831 3107 ἐρω-

263 3124 395 3177 τικὰ
440 3122 702 3192 ἰδιώματα
731 3126 825 3177 καὶ
855 3125 1178 3194 φυλάγματα
1230 3125 1593 3197 ὲπιταττοὺσῃ
1621 3143 1633 3158 ⁸
1695 3125 1831 3196 αὑτὴ

1930 2023 2237 2091 archangeli
2268 2041 2281 2075 :
2326 2022 2689 2092 praecellentes
2719 2023 2771 2074 in
2806 2021 2957 2076 caelis
2982 2022 3178 2090 reginae
3228 2035 3323 2073 vos
3363 2022 3499 2075 estis

1930 2128 2093 2182 supra
2143 2129 2334 2168 omnes
2391 2123 2592 2168 matres
2635 2129 2700 2167 ac
2732 2114 2870 2168 tilias
2908 2128 3029 2182 quas
3071 2128 3134 2166 ex
3190 2127 3353 2166 carne
3391 2129 3494 2166 na-

1930 2214 2178 2259 scuntur.
2209 2203 2546 2274 Quapropter
2594 2205 2839 2274 gaudete,
2887 2214 2939 2258 et
2968 2203 3302 2273 congaudete
3357 2204 3500 2256 invi-

1929 2312 2044 2352 cem
2073 2317 2085 2351 :
2114 2297 2323 2351 labores
2353 2297 2477 2352 inde
2506 2297 2758 2351 asceticae
2784 2296 2929 2358 vitm,
2957 2305 3216 2366 tanquam
3257 2295 3346 2349 illa
3380 2295 3499 2349 tha—

1932 2391 2107 2444 lamus
2142 2390 2211 2443 sit
2254 2390 2428 2455 vobis,
2463 2387 2695 2444 ferentes
2751 2390 3034 2455 alacriter;
3078 2389 3311 2443 scientes
3351 2389 3498 2456 quod

1933 2485 2101 2537 omnis
2135 2499 2257 2536 caro
2292 2483 2470 2552 fenum
2492 2499 2510 2536 .'
2537 2484 2704 2538 omnis
2758 2483 2926 2552 gloria
2965 2482 3190 2535 hominis
3223 2483 3357 2534 sicut
3402 2482 3500 2550 ﬂos

1931 2576 2115 2645 feni“;
2134 2576 2379 2630 etomnia
2400 2577 2561 2645 hujus
2579 2574 2758 2629 saeculi
2779 2574 3042 2629 desideria
3064 2589 3128 2628 ex
3147 2575 3500 2643 corruptione

1931 2669 1984 2722 in
2016 2669 2420 2738 corruptionem
2444 2667 2730 2732 desinunt;
2760 2667 2908 2720 solus
2925 2680 3053 2718 vero
3070 2681 3225 2718 amor
3243 2675 3421 2720 vester
3447 2674 3502 2718 et

1932 2759 2259 2814 desiderium
2283 2775 2477 2829 expers
2493 2769 2577 2814 est
2599 2758 2722 2813 ﬁnis
2746 2767 2799 2812 et
2827 2758 3208 2827 corruptionis.
3234 2757 3500 2811 Pusillum

1931 2851 2074 2921 quod
2102 2859 2273 2905 restat
2300 2858 2630 2920 exspectate,
2661 2849 2922 2904 sustinete
2951 2863 2964 2900 :
2991 2863 3084 2902 vos
3128 2847 3344 2916 quidem
3380 2862 3502 2914 qua:

1937 2943 2003 2998 ad
2037 2941 2241 2998 Christi
2277 2941 2476 3012 Sponsi
2532 2955 2772 2995 amorem
2827 2939 3234 2994 conciliandum
3273 2949 3326 2992 et
3369 2955 3502 2992 con-

1933 3037 2255 3092 servandum
2291 3035 2517 3099 iaciunt,
2555 3033 2842 3102 imperanti
2873 3031 3185 3086 ohedientes
3207 3041 3263 3084 ut
3304 3030 3458 3084 decet
3487 3048 3504 3096 ;

1935 3130 2051 3198 ipsa
2097 3144 2226 3182 vero
2261 3127 2505 3189 domina,
2548 3134 2608 3178 ut
2663 3123 2934 3192 Sponsum
2988 3132 3402 3192 repraesentans,
3453 3131 3507 3176 et

265 3216 323 3268 δὲ
356 3216 520 3284 κυρία
545 3215 618 3276 ὡς
645 3215 1033 3285 νυμφιοφόρος,
1061 3216 1153 3268 καὶ
1183 3214 1281 3286 τὴν
1301 3215 1477 3286 ψυχὴν
1507 3216 1823 3286 προϊεμένη,

1944 3220 2178 3271 animam
2213 3232 2520 3287 exponens,
2577 3231 2646 3269 ne
2701 3215 2807 3268 alia
2863 3215 3063 3278 dicam,
3099 3213 3167 3268 ad
3203 3213 3504 3283 puellarum

271 3309 346 3377 μὴ
375 3308 455 3358 ὅτι
490 3306 553 3373 γέ
589 3323 641 3359 τι
690 3306 796 3360 τῶν
826 3306 1022 3370 ἄλλων,
1057 3307 1136 3369 είς
1159 3307 1507 3378 περιποίησιν
1536 3309 1644 3361 τῶν
1708 3326 1833 3362 νεα-

267 3400 448 3462 νίδων,
485 3399 545 3452 οὑ
584 3399 726 3467 λέγω
760 3399 939 3469 ψυχῆς
968 3399 1156 3468 μόνης,
1218 3400 1352 3452 ἀλλὰ
1411 3401 1502 3452 καὶ
1548 3399 1796 3470 σώματος
1820 3417 1832 3430 ⁸

267 3490 552 3560 πληροῦσα
579 3491 637 3542 τὸ
674 3492 777 3542 ὑπὸ
807 3491 897 3543 τοῦ
943 3492 1260 3544 Ἀποστόλου
1293 3493 1579 3561 εἰρημένον
1605 3508 1618 3522 ⁸
1667 3493 1836 3561 Ἰμει-

257 3580 505 3649 ρόμενοι
534 3580 900 3649 εὐδοκοῦμεν
917 3582 1279 3650 μεταδοῦναι
1310 3582 1472 3647 ὑμῖν,
1525 3583 1595 3635 οὐ
1641 3584 1832 3650 μόνον

268 3673 333 3725 τὸ
367 3671 735 3739 Εὑαγγέλιον
764 3672 865 3725 τοῦ
906 3673 1073 3739 Θεοῦ,
1125 3673 1284 3726 ἀλλὰ
1335 3674 1431 3725 καὶ
1469 3673 1575 3739 τὰς
1607 3672 1834 3727 ἑαυτῶν

245 3762 495 3832 -ψυχὰς,
529 3765 586 3814 ὲν
617 3762 838 3832 Χριστῷ
883 3761 1055 3833 Ἰησοῦ
1085 3760 1161 3830 τῷ
1196 3762 1383 3832 Κυρίῳ
1409 3762 1598 3833 ὴμῶνο
1632 3763 1690 3814 ὃν
1741 3766 1834 3817 καὶ

267 3858 400 3924 περὶ
428 3855 584 3926 ἡμῶν
613 3857 846 3908 αἰτεῖσθε
861 3855 957 3926 τὴν
989 3855 1258 3924 σωτηρίαν
1271 3857 1367 3925 τῆς
1388 3857 1647 3924 ταπεινῆς
1675 3858 1706 3926 ἡ
1718 3856 1832 3926 μῶν

266 3947 444 4016 ψυχῆς
469 3963 483 3975 ⁸
510 3947 593 3997 ἴνα
633 3940 713 4007 οἷς
745 3945 1174 4014 ἐνουθετήσαμεν
1231 3945 1683 4016 νενουθετήμεθα,
1741 3950 1833 4002 καὶ

270 4036 580 4107 σωζοίμεθα
631 4038 830 4100 πάντες
858 4036 965 4090 ἀπὸ
995 4035 1087 4088 τοῦ
1112 4037 1379 4108 ΙΙονηροῦ.

267 4151 422 4206 ΡΝΛ¹
462 4151 595 4222 (42).
633 4177 702 4189 -·
737 4147 1077 4218 Σευηριανῷ
1126 4149 1235 4216 υἱῷ
1275 4153 1652 4221 πνευματικῷ
1693 4154 1827 4226 (45).

1937 3310 2305 3365 defensionem
2357 3327 2371 3374 ;
2413 3323 2590 3377 neque
2633 3308 2826 3361 animze
2884 3316 3090 3360 tantum
3127 3348 3142 3372 ,
3189 3307 3284 3361 sed
3342 3308 3506 3359 etiam

1936 3403 2182 3470 corporis
2231 3424 2243 3458 ε
2303 3403 2533 3472 implens
2581 3400 2724 3469 quod
2777 3399 2908 3454 dicit
2940 3399 3231 3468 Apostolus
3269 3397 3505 3466 :Cupide

1936 3496 2236 3551 volebamus
2260 3496 2464 3549 tradere
2486 3495 2648 3556 vobis,
2682 3508 2782 3545 non
2813 3492 2981 3545 solum
3012 3491 3353 3560 Evangelium
3386 3491 3504 3553 Dei,

1938 3591 2026 3643 sed
2053 3591 2213 3642 etiam
2234 3589 2441 3641 animas
2469 3597 2678 3640 nostras
2697 3585 2762 3648 ⁸⁸,
2788 3585 2840 3638 in
2867 3582 3086 3637 Christo
3119 3580 3245 3635 Jesu
3272 3581 3504 3634 Domino

1939 3689 2174 3748 nostro;
2213 3696 2242 3734 a
2273 3696 2380 3748 quo
2409 3689 2461 3733 et
2501 3695 2596 3733 vos
2650 3693 2747 3747 pro
2790 3677 2948 3731 nobis
3007 3674 3235 3729 salutem
3285 3674 3509 3727 humilis

1940 3775 2136 3828 animae
2193 3784 2392 3827 nostra:
2435 3772 2599 3842 petite
2633 3790 2646 3824 :
2677 3780 2737 3824 ut
2769 3771 2834 3824 de
2861 3770 3061 3838 quibus
3097 3768 3232 3821 alios
3295 3766 3510 3819 monui-

1940 3881 2085 3928 mus,
2122 3879 2310 3918 eorum
2354 3863 2764 3918 meminerimus
2803 3860 2940 3930 ipsi,
2980 3868 3034 3913 et
3062 3872 3092 3912 a
3118 3857 3262 3910 malo
3316 3871 3509 3910 omnes

1937 3957 2251 4012 liberemur.

2167 4155 2294 4211 CLI.
2332 4184 2402 4195 —
2436 4152 2718 4209 Severiano
2750 4151 2863 4222 [ilio
2902 4149 3177 4221 spirituali
3201 4149 3285 4221 (‘).

654 4264 795 4323 Quod
820 4276 986 4325 neque
1008 4261 1229 4314 Christus
1259 4263 1312 4314 in
1343 4280 1428 4315 sua
1454 4265 1667 4330 imagine
1686 4267 1865 4318 colitur
1895 4270 2073 4330 latria;
2108 4283 2273 4331 neque
2308 4267 2467 4330 imago
2499 4266 2678 4318 Christi
2701 4266 2840 4317 latria
2869 4265 3094 4315 colenda.

338 4353 503 4404 Ὅσον
550 4349 816 4419 εὔφρανεν
859 4350 1001 4418 ἡμᾶς
1037 4349 1070 4417 ἡ
1124 4351 1295 4420 μικρὰ
1329 4351 1834 4420 έπιστολὴ,τέκνον,

265 4444 524 4498 τοσοῦτον
549 4442 876 4510 ὲλὺπησενή
916 4441 1135 4509 μείζων.
1183 4443 1270 4505 Ὠς
1303 4442 1414 4511 γὰρ
1455 4445 1639 4514 μήπω
1680 4446 1836 4515 κινή-

2013 4356 2229 4420 Quanto
2261 4369 2359 4406 nos
2387 4352 2587 4422 gaudio
2618 4350 2874 4404 aﬂ'ecerat
2906 4351 3085 4404 brevis
3130 4344 3362 4416 epistola
3390 4355 3507 4404 tua,

1946 4447 2040 4506 ﬁli,
2066 4456 2278 4499 tantum
2315 4444 2520 4500 doloris
2541 4459 2606 4498 ex
2641 4443 2935 4512 prolixiore
2971 4440 3236 4508 cepimus.
3273 4438 3508 4493 Perinde

272 4534 467 4593 σαντός
533 4549 624 4584 σου
656 4531 812 4597 λόγον
839 4533 967 4600 περὶ
1004 4529 1112 4581 τῶν
1153 4531 1211 4582 ὲν
1256 4532 1392 4600 αὑτῇ
1445 4534 1834 4603 ἐμφερομένων

1943 4539 2083 4593 enim
2113 4553 2178 4592 ac
2206 4538 2252 4593 si
2282 4537 2348 4591 de
2380 4535 2650 4591 contentis
2679 4535 2732 4586 in
2759 4548 2819 4586 ea
2851 4530 3322 4602 propositionibus
3366 4545 3507 4582 non-

269 4625 624 4697 προτάσεων·
665 4620 802 4691 μήτε
836 4620 1133 4690 ἀκηκοότος
1179 4621 1315 4692 πρὸς
1361 4622 1516 4691 ἡμῶν
1565 4624 1626 4677 τὸ
1672 4625 1830 4678 δέον⁸

268 4718 443 4789 ἦχθης
475 4715 568 4768 νῦν
615 4716 890 4786 προτεῖναι
933 4714 1032 4775 τὰς
1077 4715 1279 4780 φωνὰς,
1330 4715 1489 4782 δῆθεν
1545 4719 1642 4786 μὲν
1693 4719 1836 4790 ἄλλῳ

274 4809 584 4879 μαχόμενος
635 4804 934 4876 προσώπῳ,
971 4801 1170 4873 μᾶλλον
1221 4806 1317 4874 μὲν
1349 4801 1443 4858 οὖν
1488 4809 1554 4877 τῇ
1610 4808 1838 4881 ἀληθείᾳ

270 4900 792 4967 ἁντικαθιστάμενος
819 4913 833 4927 ⁸
890 4897 1067 4949 καίτοι
1128 4895 1203 4966 μὴ
1247 4897 1478 4966 ὀφείλων
1525 4899 1796 4956 διδάσκειν
1823 4919 1837 4933 ⁸

270 4995 330 5046 οὑ
364 4992 507 5060 λέγω
528 4990 783 5043 τοσοῦτον
814 4988 900 5041 διὰ
935 4990 994 5040 τὸ
1023 4989 1312 5057 ὑφειμένον
1339 5006 1398 5042 σε
1441 4985 1578 5044 εἶναι
1606 5009 1618 5022 ⁸
1649 4995 1743 5046 καί
1775 5012 1838 5062 γε

273 5089 405 5156 φέρε
442 5082 811 5153 μακροθύμως
839 5095 852 5108 ⁸
888 5079 1023 5130 ἀλλὰ
1052 5080 1159 5148 γὰρ
1186 5081 1280 5132 καὶ
1299 5080 1387 5132 διὰ
1420 5082 1481 5133 τὸ
1513 5084 1640 5145 τοὺς
1681 5085 1838 5137 ἁλόν-

271 5197 371 5241 τας
409 5181 476 5247 τῇ
534 5176 781 5245 αἱρετικῇ
829 5170 1107 5241 κοινωνία,
1137 5171 1195 5238 ἐξ
1240 5165 1313 5224 ὧν
1346 5166 1427 5234 εἷς
1467 5173 1555 5236 σὺ,
1592 5175 1667 5246 μὴ
1693 5177 1839 5246 ἔχειν

269 5270 587 5341 παρῤησίαν
614 5268 848 5334 ἀνοίγειν
877 5268 936 5319 τὺ
982 5266 1156 5334 στόμα
1182 5281 1194 5294 ’
1232 5265 1415 5334 μένειν
1449 5265 1505 5318 δὲ
1544 5269 1604 5320 ἐν
1637 5269 1839 5342 ἠσυχίᾳ

274 5361 614 5432 καθηκοὺσῃ,
661 5359 756 5411 καί
805 5357 1070 5410 αἰτεῖσθαι
1115 5356 1446 5428 συγγνώμην
1508 5357 1671 5427 μέχρι
1718 5360 1834 5428 βίου

346 5478 392 5508 ⁸³
423 5476 566 5531 Psal.
601 5489 745 5538 XLIV,
778 5473 865 5536 11,
909 5471 995 5525 12.
1024 5471 1070 5502 ⁸³
1098 5470 1232 5524 ibid.
1292 5470 1378 5523 12.

1940 4629 2068 4682 dum
2095 4628 2254 4682 verba
2287 4626 2477 4681 feceris
2503 4666 2519 4689 ,
2581 4639 2754 4694 neque
2808 4639 2838 4677 a
2888 4623 3044 4677 nobis
3083 4622 3226 4691 quod
3265 4635 3361 4689 par
3391 4628 3510 4674 erat

1944 4722 2255 4785 audiveris;
2291 4721 2347 4774 in
2383 4721 2515 4774 istas
2561 4733 2708 4772 nunc
2741 4729 2902 4771 voces
2931 4717 3196 4785 erutnpis,
3254 4730 3349 4784 per
3380 4729 3507 4782 spe-

1939 4813 2076 4867 ciem
2114 4813 2327 4881 quidem
2360 4811 2515 4881 quasi
2549 4825 2671 4864 cum
2703 4809 2809 4862 alio
2846 4808 3118 4862 dimicans
3140 4846 3155 4869 ,
3201 4808 3376 4874 reipsa
3406 4821 3506 4857 au-

1943 4916 2049 4961 tem
2102 4905 2315 4959 veritati
2355 4917 2663 4974 repugnans
2697 4919 2710 4956 :
2744 4901 2996 4970 quamvis
3043 4901 3241 4953 docere
3280 4898 3506 4952 omnino

1939 4999 2035 5052 tibi
2068 5013 2173 5050 non
2206 4997 2384 5050 liceat.
2421 4994 2528 5049 Nec
2554 4994 2730 5048 solum
2758 4994 2828 5046 ob
2867 4991 3185 5046 tenuitatem
3223 5001 3372 5043 tuam
3403 4987 3508 5039 hoc

1945 5091 2090 5154 dico,
2121 5089 2387 5158 patienter
2411 5085 2641 5147 sustine,
2673 5085 2765 5139 sed
2795 5084 2922 5153 quin
2948 5082 3040 5151 qui
3070 5081 3322 5134 haeretica
3351 5092 3505 5131 com-

1948 5182 2209 5236 munione
2240 5178 2485 5233 obstricti
2519 5185 2800 5236 tenentur,
2829 5188 3060 5243 quorum
3105 5187 3135 5226 e
3183 5184 3410 5224 numero
3448 5179 3505 5221 tu

1947 5288 2089 5326 unus
2113 5287 2191 5336 es,
2215 5269 2326 5324 oris
2356 5265 2628 5322 reserandi
2664 5264 2971 5318 facultatem
3005 5278 3109 5316 non
3143 5261 3344 5314 habent
3373 5277 3385 5311 :
3413 5258 3506 5312 sed

1947 5363 2002 5418 in
2036 5361 2378 5417 convenienti
2407 5357 2624 5414 silentio
2655 5370 2873 5410 manere
2902 5395 2917 5419 ,
2965 5371 3029 5409 ac
3075 5353 3286 5407 veniam
3326 5359 3507 5420 petere

1477 5470 1526 5502 ⁸⁸
1551 5470 1695 5529 Psal.
1741 5491 1862 5532 τινι
1897 5517 1911 5540 ,
1948 5480 2004 5536 2.
2078 5480 2126 5512 ⁸⁸
2169 5478 2273 5532 lsa.
2305 5494 2390 5542 XL,
2423 5475 2478 5531 6.
2551 5473 2597 5506 ⁸⁸
2633 5472 2652 5526 1
2686 5470 2878 5528 Thess.
2909 5485 2967 5534 ll,
2993 5469 3046 5523 8.

1782 5566 2009 5624 NOTAE.

349 5665 462 5731 (ιε)
487 5663 546 5717 In
568 5660 691 5716 cod.
720 5660 848 5726 Reg.
870 5659 968 5728 ρδν.

351 5727 464 5803 (45)
487 5731 607 5786 Η;ιξε
628 5727 1080 5803 epistula,et_qn2e
1106 5736 1408 5803 sequuntur
1429 5741 1598 5798 uSqne
1624 5728 1686 5781 ad
1715 5727 1836 5789 174,

280 5809 332 5859 in
363 5800 490 5858 cod.
530 5803 694 5871 Regio
722 5800 1262 5871 separatitnscripla;
1319 5809 1447 5850 sunt
1503 5809 1628 5871 ante
1685 5813 1843 5871 supc-

283 5879 452 5929 riores
498 5868 724 5935 omnes,
766 5881 925 5939 atque
974 5869 1165 5923 ibidem
1205 5868 1460 5922 dicuntur
1500 5869 1565 5922 ad
1623 5869 1840 5922 tertium

1944 5659 2219 5715 Theodori
2277 5659 2528 5713 exsilium
2581 5657 2894 5722 pertinere,
2945 5651 3251 5720 habentque
3290 5648 3507 5702 titulum

1947 5732 2113 5793 hunc,
2145 5731 2312 5799 Ἀρχὴ
2339 5729 2433 5780 τοῦ
2471 5725 2690 5796 πρώτου
2721 5725 2949 5794 βιϐλίου.

2021 5802 2084 5871 (⁸)
2118 5799 2442 5869 Dogtnalica.
