4156 6476
721 409 853 474 1471

1909 406 1969 465 S.
2006 401 2400 464 THEODORI
2432 398 2779 460 STUDszE

3831 391 3980 453 1472

718 527 835 571 tota
867 514 976 568 vita
1013 514 1230 568 debent.
1260 513 1482 568 Accedit
1504 551 1518 575 ,
1550 511 1694 582 quod
1727 525 1834 565 non
1868 521 2020 565 tanta
2056 511 2295 564 scicntia

2399 509 2621 566 παντός.
2663 507 2917 568 Ἔπειτα,
2951 502 3070 556 οὐδὲ
3093 501 3326 572 τοσαύτη
3346 519 3426 554 σοι
3461 502 3741 572 εὐτεχνίας
3761 500 3984 569 δογμα-

718 607 1040 678 dogmaticae
1080 607 1272 676 peritia
1301 615 1385 660 est
1419 605 1538 668 tibi,
1564 613 1623 659 ut
1652 613 1906 659 accurate
1940 603 2086 671 loqui
2115 603 2290 655 scias:

719 714 844 753 cum
874 713 976 751 nec
1008 698 1447 766 grammaticam,
1468 710 1566 749 nec
1583 694 1985 765 phil050phiam
2012 692 2290 762 attigeris:

719 806 955 860 cumque
990 790 1024 843 ii
1059 789 1224 843 etiam
1271 790 1363 859 qui
1411 789 1462 842 in
1503 788 1587 843 his
1623 788 1869 858 apprime
1904 787 2106 840 versati
2145 793 2291 849 sunt,

719 885 787 938 de
821 883 928 937 Deo
957 883 1238 953 proprium
1272 883 1469 952 dogma
1511 882 1720 936 tmllum
1761 881 1990 936 all‘erant
2026 881 2147 950 ipsi,
2200 878 2293 933 sed

719 975 1032 1029 divinorum
1083 977 1327 1028 virorum
1389 976 1634 1044 vestigiis
1685 975 1963 1029 insistant.
2009 972 2291 1026 Undenam

721 1082 852 1137 ergo
896 1067 990 1120 tibi
1014 1109 1028 1133 ,
1079 1083 1288 1138 quaso,
1323 1068 1490 1121 subiit
1521 1069 1741 1121 dicere:
1777 1065 1878 1118 Per
1918 1061 2290 1117 habitudinem

721 1173 829 1212 non
860 1160 1120 1213 adoratur
1147 1160 1325 1228 imago
1351 1158 1594 1211 Christi?
1623 1159 1702 1210 An
1755 1158 1896 1210 nosti
1925 1155 2052 1224 quid
2095 1153 2164 1207 sit
2194 1153 2294 1205 ha-

722 1249 960 1303 bitudo?
993 1248 1264 1302 llabitndo
1302 1264 1490 1302 eorum
1515 1258 1598 1302 est
1627 1263 1748 1317 qua:
1779 1256 1905 1300 sunt
1942 1247 2008 1299 ad
2040 1244 2246 1314 aliquid
2276 1262 2291 1299 :

725 1341 789 1395 ad
821 1341 1027 1410 aliquid
1063 1331 1193 1396 vero
1227 1350 1572 1410 prototypum
1594 1380 1607 1400 .
1658 1350 1711 1393 et
1742 1339 1884 1408 quod
1922 1338 2044 1391 inde
2073 1351 2296 1405 expres-

726 1449 846 1488 sum
880 1440 1009 1487 est:
1052 1432 1200 1485 verbi
1237 1434 1442 1501 gratia,
1493 1431 1745 1486 Christus
1793 1439 1849 1484 et
1903 1430 2022 1495 eius
2068 1430 2291 1498 imago:

725 1524 854 1592 quia
894 1533 1187 1591 utrumque
1211 1524 1262 1575 in
1297 1534 1529 1590 utroque
1559 1521 1807 1582 habetur,
1839 1535 1937 1573 nec
1962 1519 2293 1588 disjunctum

724 1624 809 1668 est
842 1615 924 1668 vel
951 1614 1213 1682 potentia,
1255 1613 1340 1667 vel
1378 1614 1571 1679 gloria.
1601 1610 1759 1673 Ecce,
1789 1611 2058 1679 imperite,
2093 1611 2292 1674 nescis,

725 1717 887 1777 atque
911 1710 1011 1762 hoc
1032 1723 1300 1778 usurpare
1326 1709 1484 1762 licet:
1513 1706 1632 1760 Vidi
1666 1707 2004 1774 iniquitatem
2033 1705 2133 1758 sub
2157 1706 2291 1768 sole,

2394 598 2551 666 τικῆς
2579 598 2884 665 ἐπιστήμη,
2930 596 3005 658 ὼς
3055 595 3253 648 εἰδέναι
3300 594 3543 664 ἀκριϐῶς
3590 593 3980 660 φθέγγεσθαι,

2399 693 2537 762 μήτε
2597 690 3014 760 γραμματικῆς,
3094 690 3232 759 μήτε
3297 687 3614 756 φιλοσοφίας
3661 684 3977 756 ἁψαμένῳ·

2395 783 2553 834 ὁπότε
2579 783 2675 834 καὶ
2707 781 2754 834 oi
2782 781 2987 833 τούτων
3022 781 3387 848 ἐπιστήμονες
3404 779 3546 831 κατὰ
3562 778 3692 830 Θεὸν
3714 780 3815 831 οὐκ
3836 778 3982 830 ῑδιόν

2394 889 2448 923 τι
2485 870 2918 939 δογματίζουσιν,
2940 871 3054 924 ἀλλ’
3082 870 3362 938 ἑπομένως
3383 871 3495 933 τοῖς
3536 869 3838 939 θεοφόροις.
3869 870 3984 921 Πό-

2397 966 2486 1018 θεν
2519 961 2611 1018 οὖν
2637 981 2718 1017 σοι
2769 963 3023 1033 ἐπῆλθεν,
3085 961 3294 1033 ἐρωτῶ,
3341 960 3546 1027 λέγειν’
3581 961 3655 1012 Οὐ
3704 961 3983 1029 σχετικῶς

2397 1058 2782 1126 προσκυνεῖται
2829 1057 2860 1122 ἡ
2917 1052 3079 1105 εἰκὼν
3121 1051 3216 1104 τοῦ
3267 1049 3542 1120 Χριστοῦ;
3575 1045 3720 1110 οἶδας
3766 1050 3880 1117 γὰρ
3926 1049 3981 1101 τί

2397 1152 2511 1202 ἐστι
2537 1150 2718 1218 σχέσις
2743 1165 2757 1212 ;
2799 1148 2859 1201 Ἦ
2879 1148 3062 1216 σχέσις
3089 1148 3198 1200 τῶν
3223 1147 3358 1216 πρός
3387 1146 3439 1198 τί
3470 1147 3622 1198 ὲστι·
3652 1143 3787 1214 πρός
3812 1161 3864 1194 τι
3894 1142 3977 1205 δὲ,

2393 1242 2457 1295 τὸ
2485 1242 2842 1312 πρωτὸτυπον
2869 1241 2966 1294 καὶ
2989 1242 3321 1308 παράγωγον
3340 1257 3354 1270 ο
3392 1239 3512 1309 ἤτοι
3541 1238 3569 1288 ό
3588 1281 3590 1284 .
3612 1236 3848 1305 Χριστος
3879 1237 3981 1287 καὶ

2397 1335 2430 1402 ἡ
2459 1333 2622 1386 αὐτοῦ
2653 1333 2836 1395 εἰκὼν,
2871 1333 2952 1385 ὅτι
2980 1332 3161 1401 ἔχεται
3193 1335 3250 1384 ὲν
3275 1331 3525 1400 ἐκατέρῳ
3561 1330 3846 1397 ἑκάτερον,
3881 1328 3981 1379 καὶ

2394 1426 2493 1478 οὐκ
2514 1425 2837 1495 ἀπέσχισται
2871 1423 2996 1476 οὔτε
3026 1424 3102 1492 τῷ
3133 1423 3348 1495 κράτει,
3379 1421 3503 1474 οὔτε
3535 1424 3599 1490 τῇ
3631 1420 3779 1490 δόξῃ.
3812 1417 3976 1481 Ἰδοὺ,

2395 1517 2734 1587 ἀμαθαίνων,
2753 1518 2815 1571 οὐ
2834 1514 3011 1583 οἶσθα,
3039 1517 3136 1568 καὶ
3165 1515 3345 1577 καλῶς
3372 1515 3520 1567 ἔστιν
3550 1514 3729 1566 ἐκεῖνο
3758 1513 3943 1564 εἰπεῖν
3961 1527 3974 1539 ·

2396 1606 2548 1662 Εἶδον
2573 1610 2804 1679 ἀνομίαν
2827 1610 2931 1662 ὑπὸ
2943 1609 3033 1661 τὸν
3052 1609 3224 1678 ἥλιον,
3243 1607 3410 1678 ἄνδρα
3433 1604 3660 1671 δόξαντα
3685 1605 3815 1675 παρ’
3843 1606 3979 1657 ἑαυ-

2395 1701 2472 1771 τῷ
2503 1701 2665 1769 σοφὸν
2699 1697 2858 1762 εἶναι,
2921 1702 3033 1764 καὶ,
3072 1701 3100 1753 ὃ
3149 1699 3339 1753 τούτου
3392 1697 3796 1771 χαλεπώτερον,
3835 1715 3976 1750 παι-

724 1799 900 1852 vlrum
956 1801 1048 1869 qui
1102 1801 1204 1854 sibi
1258 1815 1448 1869 sapere
1487 1799 1805 1864 videbatur;
1858 1806 1932 1862 et,
1960 1797 2105 1868 quod
2141 1796 2295 1867 pejus

2399 1793 2574 1846 δεύειν
2605 1793 2798 1856 ἄλλους
2827 1792 3261 1861 φιλονεικοῦντα.

724 1902 828 1953 est,
859 1892 994 1950 alios
1029 1894 1226 1946 docere
1260 1893 1586 1946 conabatur.
1935 1955 1949 1969 .

795 1983 982 2050 Qualis
1009 2000 1175 2055 porro
1206 1994 1288 2037 est
1328 1985 1562 2040 secunda
1604 1994 1690 2036 tua
1724 1983 2067 2053 propositio?
2110 1983 2293 2037 Latria

724 2075 925 2129 colitur
957 2077 1010 2129 in
1059 2077 1294 2145 imagine
1324 2094 1419 2131 sua
1456 2077 1707 2131 Christus
1735 2095 1747 2130 :
1787 2078 1968 2145 itaque
2005 2077 2156 2130 latria
2189 2077 2294 2130 coli

724 2168 1059 2222 debetctiam
1079 2169 1278 2239 imago.
1316 2168 1470 2223 Unde
1505 2170 1580 2222 vel
1611 2184 1765 2237 aquo
1788 2168 2024 2222 didicisti
2053 2169 2151 2222 ista
2174 2186 2296 2238 qua:

724 2260 892 2315 doces
929 2259 951 2311 ?
986 2259 1120 2314 Nam
1171 2271 1488 2316 sanctorum
1552 2261 1732 2316 nullus
1773 2261 1873 2316 hoc
1910 2262 2126 2325 dixerit,
2177 2264 2292 2327 sed,

725 2353 942 2406 adorari
1007 2353 1060 2406 in
1114 2353 1348 2424 imagine
1406 2368 1502 2408 sua
1535 2352 1834 2417 Christum,
1868 2362 1920 2407 et
1963 2355 2296 2408 adorandum

726 2460 849 2499 esse
884 2446 1200 2515 imaginem,
1234 2446 1284 2500 id
1319 2455 1422 2510 est,
1466 2447 1864 2508 honorandam,
1901 2463 1995 2499 seu
2032 2463 2298 2501 veneran-

725 2538 849 2590 dam
884 2538 1192 2607 (amborum
1237 2538 1380 2592 enim
1429 2537 1571 2592 idem
1616 2546 1700 2592 est
1732 2537 1951 2608 sensus)
1977 2546 2031 2590 et
2062 2540 2294 2592 merito:

725 2630 986 2697 quoniam
1016 2628 1195 2689 latria,
1248 2629 1390 2683 sicut
1425 2639 1478 2684 et
1508 2627 1664 2695 lides,
1693 2631 1795 2685 soli
1826 2639 2027 2684 sancta:
2048 2627 2296 2684 Trinitati

727 2722 988 2788 competit
1017 2739 1028 2773 :
1062 2722 1166 2775 alia
1189 2737 1318 2777 vero
1356 2723 1500 2785 aliis,
1533 2723 1838 2786 Matri.Dei,
1885 2734 2086 2777 sanctaa
2124 2723 2295 2787 cruci,

727 2811 956 2874 sanctis,
987 2812 1312 2866 veneranda:
1340 2813 1560 2882 imagini
1586 2802 1810 2877 Cliristi,
1830 2822 1883 2866 et
1901 2814 2021 2868 aliis
2042 2814 2298 2868 omnibus

728 2903 958 2958 sacratis
989 2904 1316 2973 imaginibus
1349 2923 1361 2957 :
1397 2913 1556 2974 atque
1620 2906 1674 2957 in
1725 2915 1969 2967 tantum,
2035 2914 2296 2974 quantum

729 2994 1140 3064 supereminent
1184 3005 1469 3064 prototypa
1511 2995 1578 3049 iis
1623 3010 1746 3064 qua:
1789 3010 1853 3048 ex
1903 2995 2008 3048 illis
2044 3010 2297 3063 expressa

727 3097 875 3143 sunt.
912 3087 1066 3154 Quod
1097 3089 1140 3142 si
1173 3088 1330 3142 latria
1362 3088 1581 3148 colitur,
1603 3097 1661 3140 ut
1688 3087 1788 3148 ais,
1811 3087 1862 3140 in
1887 3087 2118 3158 imagine
2138 3089 2298 3142 Chri-

2467 1985 2592 2045 Οἷον
2614 1992 2667 2044 δέ
2696 2010 2788 2044 σου
2823 1993 2917 2044 καὶ
2946 1992 3011 2045 τὸ
3035 1992 3286 2064 δεύτερον
3312 1993 3606 2063 πρόϐλημα
3635 2009 3649 2058 ;
3691 1990 3977 2061 Λατρεὺε-

2396 2100 2486 2136 ται
2524 2085 2551 2133 ὁ
2585 2085 2821 2154 Χριστὸς
2857 2086 2914 2136 ὲν
2972 2085 3038 2154 τῇ
3088 2084 3252 2137 αὑτοῦ
3289 2084 3495 2137 εἱκόνι”
3536 2085 3677 2136 ὥστε
3706 2084 3803 2136 καὶ
3830 2086 3863 2154 ή
3898 2085 3973 2136 sl-

2398 2174 2509 2229 κὼν
2532 2176 2826 2246 λατρευτή.
2860 2175 3028 2228 Πόθεν
3056 2175 3266 2245 τοῦτοῆ
3299 2180 3447 2245 παρὰ
3477 2177 3622 2237 τίνος
3645 2175 3838 2246 μαθὼν
3889 2177 3979 2229 δο-

2397 2269 2718 2338 γματίζείς;
2748 2268 2922 2330 οὐδεὶς
2949 2267 3056 2338 γάρ
3088 2283 3174 2319 πω
3219 2267 3330 2319 τῶν
3383 2270 3555 2334 ἁγίων
3582 2269 3740 2321 τοῦτο
3794 2270 3932 2338 φαίη
3959 2286 3973 2300 ·

2398 2359 2534 2423 ἀλλ’,
2568 2361 2648 2413 ὃτι
2677 2362 3064 2430 προσκυνεῖται
3099 2361 3240 2429 ἐντῇ
3284 2360 3450 2412 αὑτοῦ
3501 2363 3668 2414 εἰκόνι
3710 2360 3972 2431 Χριστὸς,

2400 2451 2492 2503 καὶ
2523 2451 2872 2522 προσκυνητὴ
2913 2455 2944 2522 ἡ
2976 2452 3168 2515 εἰκὼν,
3204 2447 3413 2505 εἶτόὖν
3441 2453 3723 2523 τιμητικὴ.
3751 2451 3853 2504 εἶτ’
3878 2446 3974 2504 οὖν

2402 2543 2636 2609 σεδαστή
2663 2559 2677 2571 ·
2710 2543 2997 2614 ἀμφότερα
3032 2544 3140 2615 γὰρ
3171 2545 3252 2608 είς
3280 2543 3472 2596 ταυτὸν
3499 2545 3652 2613 φέρει
3680 2544 3771 2597 τὸν
3803 2543 3932 2597 νοῦν
3957 2561 3971 2575 ·

2400 2635 2493 2687 καὶ
2518 2635 2741 2699 εἰκότως
2761 2651 2774 2664 ·
2802 2637 2992 2706 ἐπειδὴ
3024 2639 3057 2704 ἡ
3093 2637 3340 2707 λατρεία,
3372 2637 3559 2705 ὥσπερ
3581 2636 3672 2687 καὶ
3701 2637 3734 2703 ἡ
3766 2636 3970 2698 πίστις.

2399 2732 2462 2794 τῆ
2500 2728 2633 2799 ἁγίᾳ.
2673 2729 2864 2799 Τριάδι
2921 2730 3058 2800 μόνῃ
3097 2731 3464 2799 ἀναφέρεται·
3513 2729 3578 2780 τὰ
3607 2727 3650 2780 δ’
3681 2727 3816 2781 ἄλλα
3858 2733 3974 2791 τοῖς

2399 2819 2600 2883 ἄλλοις,
2638 2822 2704 2890 τῇ
2741 2821 2930 2892 Μητρὶ
2957 2820 3051 2873 τοῦ
3083 2821 3239 2884 Θεοῦ,
3290 2821 3366 2890 τῷ
3407 2823 3548 2890 ἁγίῳ
3581 2819 3822 2890 σταυρῷ,
3861 2824 3973 2884 τοῖς

2398 2909 2594 2976 ἁγίοις,
2629 2913 2694 2979 τῇ
2724 2914 2894 2982 σεπτῇ
2929 2911 3097 2964 εἰκόνι
3130 2912 3388 2982 Χριστοῦ,
3420 2914 3517 2965 καὶ
3545 2913 3744 2973 πάσαις
3781 2911 3972 2974 ἄλλαις

2401 3001 2717 3068 ἀγιωτικαῖς
2756 3003 2968 3055 εἰκόσι·
2995 3005 3088 3056 καὶ
3141 3003 3391 3056 τοσοῦτον
3423 3007 3548 3057 ὅσον
3600 3004 3859 3071 ὑπερέχει
3904 3004 3973 3055 τὰ

2404 3092 2739 3159 πρωτὸτυπα
2785 3095 2894 3145 τῶν
2940 3095 3078 3148 κατὰ
3125 3096 3296 3147 ταῦτα
3352 3097 3722 3164 παραγώγων.
3765 3096 3829 3148 Εἰ
3880 3091 3972 3148 οῦν

727 3191 847 3238 stus
879 3198 894 3235 :
924 3198 1045 3236 cum
1076 3179 1363 3235 Trinitatis
1395 3181 1671 3250 proprium
1705 3184 1774 3235 sit
1806 3182 1958 3234 latria
1990 3182 2116 3242 t'Oli,
2141 3181 2293 3234 latria

2400 3183 2741 3250 λατρεύεται,
2765 3185 2840 3246 ὡς
2877 3187 3001 3254 φὴς,
3031 3188 3091 3238 ὲν
3135 3189 3199 3256 τῇ
3247 3190 3419 3240 εικόνι
3469 3188 3705 3256 Χριστός
3730 3203 3742 3215 ·
3780 3187 3970 3256 ἐπειδὴ

726 3274 896 3329 simul
925 3274 1125 3328 colitur
1168 3273 1220 3326 in
1258 3272 1493 3341 imagine
1521 3282 1573 3326 et
1606 3273 1763 3326 Pater
1785 3283 1838 3327 et
1872 3274 2127 3341 Spiritus.
2157 3272 2296 3338 Quid

727 3376 911 3420 autem
940 3365 1067 3420 inde
1101 3367 1430 3419 coniicitur?
1461 3365 1523 3419 Et
1555 3365 1766 3419 Patrem
1793 3375 1845 3419 et
1876 3365 2133 3433 Spiritum
2178 3382 2299 3420 car-

727 3473 852 3511 nem
884 3458 1127 3512 induisse
1153 3473 1292 3526 :quo
1321 3458 1540 3525 quidem
1578 3459 1800 3526 impium
1834 3458 2003 3526 magis
2036 3459 2137 3512 dici
2169 3458 2298 3528 quid

727 3550 952 3621 possit?
983 3550 1044 3603 Et
1069 3565 1260 3604 rursus
1291 3569 1303 3603 :
1338 3549 1630 3614 Quoniam,
1673 3560 1732 3604 ut
1757 3551 1860 3613 ais,
1918 3551 2069 3604 latria
2112 3551 2298 3605 itidem

727 3643 957 3699 colenda
992 3653 1073 3697 est
1103 3644 1279 3712 imago
1297 3642 1496 3696 Christi
1521 3658 1892 3711 ;consequens
1913 3654 1996 3697 est
2023 3654 2080 3698 ut
2107 3643 2298 3698 Tetra-

727 3735 842 3789 dita
889 3733 1315 3802 deprehendaris
1346 3771 1362 3795 ,
1419 3735 1573 3786 latria
1621 3734 1806 3788 colens
1862 3751 1983 3788 cum
2033 3735 2302 3791 Trinitate

729 3827 1024 3898 imaginem
1047 3827 1276 3881 Christi.
1317 3825 1385 3880 At
1423 3842 1550 3880 vero
1579 3828 1622 3880 si
1653 3826 1776 3894 quis
1807 3824 2130 3882 Trinitatem
2163 3829 2299 3883 ado-

728 3933 836 3985 ret,
875 3937 1084 3978 necnon
1118 3920 1506 3989 etimaginem,
1575 3935 1682 3974 non
1731 3920 1869 3974 idem
1919 3914 2176 3989 sequetur
2203 3921 2301 3976 ab~

730 4018 980 4071 surdum.
1017 4014 1229 4067 Dictum
1259 4021 1342 4065 est
1374 4013 1542 4075 enim,
1575 4013 1834 4065 honorem
1857 4013 2296 4068 etadorationem

731 4108 1125 4165 communicari
1158 4106 1321 4160 etiam
1357 4106 1562 4159 homini
1616 4106 1847 4174 simplici
1878 4126 1891 4160 :
1925 4123 2033 4161 non
2063 4123 2193 4163 vero
2235 4109 2299 4162 ll-

730 4205 852 4257 dem
885 4213 938 4255 et
968 4201 1205 4254 latriam.
1247 4199 1716 4264 Quemadmodum
1766 4199 1912 4253 enim
1959 4200 2301 4255 solummodo

731 4296 786 4349 in
811 4294 1022 4347 Patrem
1046 4302 1100 4348 et
1116 4291 1312 4346 Filium
1353 4301 1407 4345 et
1433 4290 1692 4360 Spiritum
1715 4301 1962 4346 sanctum
1995 4291 2297 4347 credimus:

730 4388 812 4442 sic
840 4397 895 4440 et
919 4384 1134 4439 latriam
1160 4383 1503 4439 exhibemus.
1547 4378 1640 4435 His
1681 4397 1839 4436 aures
1865 4383 2112 4450 praebens
2150 4398 2300 4437 rece-

727 4481 819 4545 de,
858 4478 1046 4542 frater,
1088 4492 1206 4541 oro,
1257 4492 1287 4531 a
1321 4477 1634 4544 vaniloquio
1685 4475 1909 4530 haeresis
1963 4474 2293 4546 szcaliczc;

731 4572 846 4626 sive
874 4568 1295 4632 Centucladicw,
1351 4583 1471 4635 qua:
1521 4582 1586 4620 ex
1637 4565 1905 4621 diametro
1934 4576 2136 4637 pugnat
2172 4583 2297 4621 cum

731 4661 1169 4717 lconomacbica.
1208 4658 1303 4712 Sin
1337 4666 1542 4721 autem,
1583 4658 1725 4726 quod
1775 4658 1937 4721 absit,
1973 4660 2299 4728 perstiteris,

732 4755 873 4811 scito
902 4764 953 4809 te
982 4754 1295 4816 nobiscum,
1348 4751 1431 4803 vel
1460 4750 1638 4819 potius
1669 4764 1791 4803 cum
1823 4751 2078 4806 omnibus
2108 4753 2301 4806 ortho-

733 4849 910 4910 iloxis,
939 4857 1148 4918 partem
1182 4861 1287 4898 non
1316 4844 1536 4899 habere.
1559 4841 1785 4898 Nonnisi
1813 4859 1954 4915 aagre
1985 4847 2126 4900 banc
2151 4846 2220 4900 ad
2251 4855 2302 4900 te

733 4941 1017 5012 epistolam
1048 4938 1269 4994 dictavi.

1034 5135 1194 5191 CLII.
1234 5167 1299 5178 —
1332 5135 1600 5192 Theodoro
1630 5137 1885 5191 monacho
1915 5137 2000 5206 (').

2400 3276 2500 3345 τῆς
2532 3278 2758 3349 Τριάδος
2772 3279 2830 3331 τὸ
2857 3279 3240 3349 λατρεύεσΘαι,
3273 3281 3692 3351 συλλατρεύεται
3715 3281 3771 3332 ἐν
3799 3283 3864 3349 τῇ
3895 3282 3970 3331 εἰ-

2399 3370 2516 3422 κόνι
2549 3373 2644 3423 καὶ
2670 3372 2697 3422 ὁ
2727 3370 2932 3441 Πατὴρ.
2967 3372 3059 3423 καὶ
3091 3371 3152 3423 τὸ
3185 3371 3428 3442 Πνεῦμα.
3456 3373 3569 3426 Καὶ
3597 3371 3649 3425 τί
3697 3373 3754 3424 τὸ
3785 3371 3967 3424 ἐντεῦ-

2401 3462 2492 3514 Θεν
2522 3462 2916 3531 συναγόμενονς
2941 3462 3022 3525 τὸ,
3057 3462 3256 3514 καὶτὸν
3284 3463 3504 3533 Πατέρα
3536 3464 3630 3516 καὶ
3659 3461 3721 3513 τὸ
3740 3460 3963 3530 Πνεῦμα

2403 3552 2781 3622 σεσαρκῶσθαι
2809 3569 2822 3581 ⁸
2864 3548 2924 3606 οῦ
2951 3553 3003 3604 τί
3032 3552 3097 3605 ἂν
3126 3554 3334 3620 γένοιτο
3367 3554 3758 3624 ἀσεϐέστερονς
3792 3553 3967 3605 Ἐπει-

2400 3643 2462 3712 δὴ
2491 3643 2547 3697 δὲ
2579 3639 2734 3706 αὖθις
2778 3644 2904 3714 φὴς,
2954 3644 3236 3716 Λατρευτὴ
3285 3647 3377 3697 καὶ
3423 3647 3457 3716 ἡ
3496 3644 3727 3714 Χριστοῦ
3767 3642 3964 3695 εἰκών·

2402 3735 2539 3787 κατὰ
2575 3735 2634 3787 τὸ
2666 3733 2980 3801 ἀκόλουθον,
3016 3736 3170 3790 οὐδὲν
3223 3736 3352 3789 ἄλλο
3379 3737 3409 3807 ἥ
3439 3737 3766 3807 Τετραδίτης
3809 3737 3964 3804 εὑρε-

2402 3825 2543 3896 Οήσῃ
2569 3868 2580 3889 ,
2622 3825 2904 3895 λατρεύων
2953 3827 3090 3896 μετὰ
3141 3826 3242 3896 τῆς
3284 3827 3512 3897 Τριάδος
3553 3831 3646 3880 καὶ
3683 3831 3748 3897 τῇ
3799 3827 3963 3879 εἰκόνι

2401 3918 2664 3986 Χριστοῦ.
2697 3918 2771 3972 Οὐ
2807 3918 2936 3988 μὴν,
2971 3920 3051 3971 ὅτι
3088 3919 3178 3973 καὶ
3223 3919 3616 3988 προσκυνοῦντι
3648 3922 3714 3989 τῇ
3756 3919 3963 3988 Τριάὂι,

2402 4009 2587 4075 ἐπειδὴ
2618 4009 2713 4062 καὶ
2734 4013 2798 4080 τῇ
2838 4009 3030 4070 εἰκόνι,
3077 4009 3136 4062 τὸ
3170 4009 3302 4062 αὐτὸ
3339 4010 3693 4081 ἀκολουθήσει
3744 4011 3960 4064 ἄτοπον.

2403 4101 2630 4171 Εἰρηται
2669 4102 2798 4172 γὰρ.
2829 4103 2910 4155 ὃτι
2942 4104 2975 4172 ἡ
3011 4101 3144 4172 τιμὴ
3170 4104 3262 4154 καὶ
3304 4105 3336 4173 ἡ
3379 4103 3750 4174 προσκύνησις
3795 4119 3964 4154 κοινο-

2402 4193 2680 4246 ποιοῦνται
2705 4193 2863 4264 μέχρι
2893 4194 2988 4246 καὶ
3017 4195 3110 4246 τοῦ
3143 4195 3394 4263 τυχόντος
3409 4194 3698 4264 ἀνθρώπου
3728 4211 3742 4224 ο
3775 4195 3832 4246 οὐ
3864 4195 3964 4262 μὴν

2403 4285 2434 4353 ἠ
2463 4285 2644 4348 πίστις
2671 4289 2766 4338 καὶ
2793 4288 2826 4357 ή
2859 4287 3108 4357 λατρεία.
3147 4287 3359 4357 Ὥσπερ
3383 4287 3492 4354 γὰρ
3528 4286 3857 4356 πιστεύομεν
3889 4290 3963 4349 εἰς

2401 4378 2622 4448 Πατέρα
2670 4378 2764 4431 καὶ
2818 4378 2946 4432 Υίὸν
2991 4379 3087 4430 καὶ
3135 4379 3289 4445 ἆγιον
3332 4378 3556 4447 Πνεῦμα
3597 4380 3796 4448 μόνον·
3828 4377 3964 4432 οὕτω

2402 4472 2497 4524 καὶ
2527 4470 2882 4541 λατρεύομεν.
2915 4470 3098 4524 Ταῦτα
3131 4471 3441 4534 ἐνωτισθεὶς
3471 4470 3734 4540 ἁπόσχου,
3754 4470 3960 4540 ἀδελφὲ,

2402 4564 2722 4634 παρακαλῶ,
2751 4564 2849 4634 τῆς
2884 4565 3219 4633 κενοφωνίας
3257 4567 3348 4617 καὶ
3379 4565 3746 4633 Τζυκαλικῆς,
3804 4565 3962 4635 ἤγουν

2402 4655 2871 4726 Κεντουκλαδικῆς
2905 4657 3188 4728 αἱρέσεως,
3223 4658 3344 4726 ἥτις
3386 4657 3451 4709 ὲκ
3485 4657 3782 4726 διαμέτρου
3836 4657 3962 4726 πρὸς

2398 4749 2496 4819 τὴν
2521 4750 2955 4819 Εἰκονομαχικὴν
2988 4750 3364 4819 ἀντιφέρεται.
3400 4751 3461 4802 Εἰ
3491 4750 3570 4815 δὲ,
3600 4751 3740 4820 ὅπερ
3771 4750 3844 4820 μὴ
3881 4749 3962 4819 γέ·

2399 4855 2564 4904 νοιτο,
2593 4843 2889 4912 ὲπιμενεῖς,
2916 4843 3150 4909 γίνωσκε
3177 4843 3345 4912 μέρος
3375 4842 3494 4910 μεθ’
3513 4843 3672 4910 ἡμῶν
3706 4840 3782 4910 μὴ
3805 4842 3957 4909 ἔχειν,

2401 4933 2602 5004 μᾶλλον
2633 4933 2689 4986 δὲ
2718 4934 2849 5002 μηδὲ
2889 4934 3025 5002 μετὰ
3060 4934 3259 4996 παντὸς
3287 4933 3590 5004 όρθοδόξου.
3619 4933 3774 4985 Μετὰ
3796 4931 3948 4984 πόνου

2413 5041 2504 5092 μοι
2531 5025 2658 5094 περὶ
2681 5024 2775 5076 σοῦ
2815 5024 3168 5096 ὑπηγορεύθη
3200 5028 3233 5096 ἡ
3263 5025 3522 5095 ἐπιστολὴ
3549 5023 3706 5092 αῦτη.

2499 5137 2634 5189 ΡΝΒ
2680 5137 2811 5206 (44).
2850 5171 2919 5179 —
2968 5138 3245 5208 Θεοδώρῳ
3307 5138 3644 5207 μονάζοντι.
3686 5134 3872 5208 [χκζη

733 5250 810 5303 De
842 5251 1177 5301 sacerdotibus
1204 5257 1250 5301 et
1276 5249 1492 5300 diaconis
1533 5250 1677 5314 lapsis
1699 5265 1789 5315 per
1819 5250 2238 5360 subscriptione":1
2265 5255 2314 5318 et
2338 5247 2730 5358 cognmlunionem
2759 5248 3066 5298 haereticam:
3095 5256 3148 5298 et
3175 5251 3239 5299 de
3272 5247 3515 5299 Ecclesiis
3537 5260 3648 5308 quae
3681 5245 3740 5293 ab
3763 5245 3953 5295 hmreli-

2118 5327 2190 5360 εις
2245 5320 2382 5360 etme
2421 5323 2480 5357 an
2508 5323 2582 5358 ur.

2118 5320 2190 5362 ClS
2210 5320 2582 5361 detinebantur.

804 5417 1093 5488 Voluptate
1142 5435 1248 5473 non
1279 5420 1529 5475 molestia
1577 5437 1662 5476 me
1685 5422 1995 5479 affecerunt
2020 5437 2080 5477 ea
2099 5421 2296 5491 quibus

737 5527 823 5567 mc
869 5513 1236 5582 perstrinxisti
1265 5555 1280 5578 ,
1333 5514 1416 5568 vir
1465 5517 1778 5571 reverende.
1821 5515 1938 5570 Non
1997 5516 2138 5568 enim
2176 5527 2294 5566 sum

2485 5413 2774 5485 Ἥδύνθην,
2800 5416 2898 5470 οὐκ
2945 5416 3196 5487 ὲδάχθην,
3227 5417 3314 5487 ἐφ’
3336 5410 3417 5481 οἷς
3438 5415 3540 5470 καθ
3553 5415 3670 5484 ἥψω
3724 5433 3844 5484 μου,
3887 5435 3951 5470 τεο

2407 5507 2662 5577 μιὼτατε.
2713 5510 2845 5562 Οὐδὲ
2897 5509 3002 5581 γὰρ
3059 5509 3233 5574 οὕτως
3259 5509 3617 5581 ἀνουθέτητός
3649 5508 3785 5578 εἰμι,
3809 5507 3878 5572 ὡς
3901 5510 3950 5561 ὲν

2231 5717 2453 5774 ΝΟΤᾸΕ.

805 5881 867 5945 (⁸)
894 5875 1223 5946 Dogmatica.

2487 5873 2594 5945 (ιι)
2628 5873 2683 5927 ln
2717 5873 2838 5928 cod.
2872 5872 3006 5942 Reg.
3033 5873 3148 5943 ρς’.
