4156 6522
244 454 388 522 1473

1439 458 1975 521 EPISTULARUM
2032 459 2178 520 LIB.
2221 458 2310 518 II.

3361 445 3496 510 1474

242 575 370 633 ταῖς
402 569 772 639 ἁγαπητικαῖς
835 568 1202 637 ὐποκρούσεσι
1244 567 1643 638 δυσχεραίνειν.
1677 568 1820 622 Εἰδέ

1943 569 2062 624 ideo
2101 566 2375 630 indocilis,
2429 575 2487 620 ut
2539 564 2746 620 amicas
2810 565 3222 636 objurgationes
3260 563 3497 632 graviter

246 665 506 733 ἐδὰχθην,
536 661 597 714 οὐ
627 661 713 714 διὰ
743 662 845 730 τὴν
895 661 1223 729 ὑπόμνησιν,
1254 660 1389 713 ἁλλὰ
1434 659 1521 713 διὰ
1566 660 1665 730 τὴν
1696 659 1825 713 ἐκὰ-

249 772 380 808 στου
408 755 621 824 αἰρεσιν
641 768 656 782 ·
693 751 753 817 ἐξ
785 747 851 821 ἦς
883 752 1148 821 τέτμηται
1176 752 1237 804 τὸ
1264 753 1422 820 σῶμα
1450 752 1549 805 τοῦ
1583 752 1822 823 Χριστοῦ

251 846 335 905 εἰς
361 842 558 913 μυρίας
599 840 756 904 δόξας
807 838 1205 909 διαιρούμενον.
1256 838 1397 908 Ἐγὼ
1440 841 1619 893 τοίνυν
1652 841 1737 894 ῖνα
1761 843 1826 894 ἐκ

252 933 504 1003 βαλϐίδος
532 933 907 1003 ἁφηγήσωμαι
952 930 1051 997 (δεῖ
1098 931 1204 999 γάρ
1263 924 1329 1000 μέ
1380 932 1826 1004 ἀπολογήσασθαι

250 1025 641 1097 ἐγκληθέντα),
682 1025 801 1087 δοὺς
825 1023 1102 1092 ἐπιτίμιον
1152 1022 1698 1092 καταναγκαζόμενος
1721 1023 1828 1077 ἀπὸ

249 1117 481 1188 πρώτης
513 1119 743 1188 ἡμέρας,
777 1118 869 1169 καὶ
912 1115 1069 1168 τοῦτο
1114 1114 1222 1168 ἀπὸ
1265 1114 1510 1182 φυλακῆς
1532 1115 1618 1167 διὰ
1646 1131 1827 1185 γραμ-

253 1209 478 1278 μάτων·
512 1209 594 1260 ὂτι
645 1208 743 1259 καὶ
791 1205 877 1257 διὰ
924 1205 1248 1275 γράμματος
1281 1204 1314 1273 ἡ
1355 1202 1632 1275 ἐξαίτησις
1665 1221 1827 1273 μονα-

251 1301 456 1365 ζόντων
487 1317 546 1352 τε
576 1299 669 1353 καὶ
712 1298 1023 1368 ἱερωμένων
1044 1313 1057 1326 ⁸
1095 1296 1252 1350 τοῦτο
1271 1295 1576 1367 ἀπεκρίθην
1608 1296 1684 1360 ὡς
1731 1297 1831 1366 οὐχ

253 1392 572 1464 ὁριστικώς,
601 1389 738 1443 ἀλλὰ
772 1388 1250 1458 συμϐουλευτικῶς
1289 1387 1425 1459 πρὸς
1468 1387 1603 1457 ἐμοῦ
1632 1388 1693 1440 τὸ
1716 1389 1834 1440 ἐπι-

251 1482 457 1551 τίμιον.
494 1479 594 1532 Διὰ
627 1479 718 1543 τί;
750 1478 832 1531 ὅτι
856 1478 956 1547 οὐχ
1008 1477 1268 1548 ίεράρχης
1321 1476 1451 1546 ἐγὼ,
1489 1476 1604 1529 ἁλλ’
1631 1476 1829 1542 ἱερεὺς,

253 1574 397 1644 πρὸς
433 1571 529 1642 μὲν
580 1573 709 1634 τούς
753 1570 988 1633 οἰκείους
1027 1570 1274 1641 μαθητὰς
1316 1570 1643 1633 νουθετικῶς
1671 1569 1832 1644 [Reg.

256 1664 385 1718 cod.
443 1660 837 1733 νομοθετικῶς]
876 1664 1142 1732 ἀγόμενος
1166 1679 1182 1695 ο
1220 1662 1355 1733 πρὸς
1386 1663 1441 1716 δέ
1493 1662 1686 1727 ἄλλους
1738 1664 1835 1733 οὐχ

251 1753 429 1817 οὕτως
459 1769 473 1783 ⁸
511 1753 627 1806 ἁλλ’
653 1752 728 1815 ὼς
766 1753 1002 1822 εἴρηται,
1044 1751 1372 1822 ἀναθέμενος
1421 1752 1512 1805 τὸν
1558 1752 1714 1821 λόγον
1741 1753 1837 1805 αὐ-

256 1846 374 1903 τοῖς
403 1846 508 1905 ἓως
539 1842 731 1913 καιροῦ
756 1844 999 1913 εἰρήνης,
1036 1844 1132 1897 καὶ
1157 1844 1461 1915 τηνικαῦτα
1504 1845 1642 1915 ὅπερ
1669 1846 1826 1916 διορι-

1925 660 2123 715 feram.
2158 658 2317 725 Quod
2364 659 2411 713 si
2456 673 2562 727 qua
2592 656 2842 711 molestia
2891 654 3013 720 fuit,
3067 669 3132 711 ea
3171 670 3279 709 non
3314 654 3501 723 utique

1926 753 1998 808 ob
2022 750 2525 814 commonitionem,
2559 749 2653 803 sed
2686 749 2755 803 ob
2788 748 3055 817 cujusque
3084 747 3356 810 haeresim,
3391 761 3496 816 qua

1926 843 2127 900 Christi
2152 856 2356 911 corpus
2397 840 2687 902 scinditur,
2730 839 2907 893 varias
2945 838 3000 891 in
3052 838 3342 906 Opiniones
3362 835 3501 889 divi-

1928 952 2072 992 sum.
2104 934 2299 988 Verum
2339 941 2398 986 ut
2428 949 2459 986 a
2491 932 2761 1002 principio
2796 946 2911 985 rem
2942 945 3252 999 exponam;
3285 936 3502 999 oportet

1929 1028 2077 1083 enim
2131 1034 2189 1079 ut
2236 1032 2522 1079 accusatus
2567 1023 2837 1093 mcipsum
2892 1021 3213 1087 defendam;
3276 1021 3423 1091 quod
3469 1036 3497 1074 a

1929 1119 2103 1191 prima
2138 1117 2225 1170 die
2259 1130 2447 1184 pcenas
2495 1115 2740 1184 irrogare
2770 1122 2994 1169 coactus
3052 1112 3168 1176 fui,
3216 1112 3379 1183 idque
3433 1127 3499 1167 ex

1930 1224 2149 1265 carcere
2172 1222 2268 1277 per
2299 1207 2505 1261 litteras
2531 1223 2546 1271 ;
2576 1208 2834 1276 quoniam
2866 1209 3069 1278 pariter
3109 1220 3203 1275 per
3237 1206 3498 1271 scriptum

1932 1300 2186 1357 monachi
2220 1310 2273 1354 et
2306 1298 2617 1354 sacerdotes
2651 1314 2749 1367 pro
2769 1316 2829 1354 se
2862 1300 3137 1369 deprecati
3177 1306 3336 1361 sunt;
3370 1296 3501 1351 illud

1930 1409 2031 1463 ego
2068 1408 2176 1446 non
2205 1401 2463 1461 tanquam
2486 1389 2766 1443 delinirent
2794 1390 2998 1459 aliquid
3021 1428 3036 1454 ,
3101 1390 3194 1443 sed
3242 1396 3503 1456 tanquam

1931 1484 2220 1540 consilium
2256 1482 2391 1536 dans
2431 1481 2681 1550 respondi
2717 1480 2861 1534 circa
2903 1495 3092 1549 poenas
3116 1494 3145 1532 a
3178 1494 3265 1533 me
3294 1481 3505 1547 irroga-

1933 1585 2035 1631 tas.
2070 1576 2181 1630 Cur
2204 1575 2319 1629 ita?
2352 1574 2611 1644 quoniam
2647 1588 2745 1643 ego
2776 1573 3064 1643 episcopus
3098 1586 3205 1625 non
3240 1587 3381 1635 sunt,
3411 1570 3503 1625 sed

1934 1668 2189 1720 sacerdos
2210 1704 2225 1728 ,
2256 1666 2349 1733 qui
2381 1664 2630 1733 proprios
2667 1662 2888 1733 quidem
2939 1661 3241 1731 discipulos
3272 1661 3503 1730 castigo,

1935 1757 2073 1811 alios
2105 1772 2234 1811 vero
2272 1771 2379 1809 non
2410 1756 2560 1817 item,
2583 1754 2675 1810 sed
2702 1754 3048 1832 sententiam,
3080 1764 3139 1807 ut
3165 1753 3371 1808 dictum
3401 1761 3507 1818 est,

1938 1850 2110 1922 ipsius
2143 1851 2403 1920 proposui
2440 1863 2610 1918 usque
2634 1849 2699 1904 ad
2731 1848 2882 1918 pacis
2915 1857 3150 1915 tempus.
3204 1855 3368 1916 atque
3420 1844 3511 1897 in-

260 1933 364 2004 σθῇ
397 1934 552 2002 παρὰ
580 1911 673 1986 τοῦ
706 1911 1007 2002 ἁγιωτάτου
1047 1911 1413 2006 πατριάρχου,
1445 1936 1541 1987 σὺν
1564 1911 1835 2006 ἐπικρίσει

1943 1944 2095 1997 terim
2133 1944 2182 1997 id
2215 1942 2509 1996 admittere
2560 1940 2701 2011 quod
2737 1956 2767 1994 a
2817 1940 3166 1995 sanctissimo
3199 1935 3507 2007 patriarcha

256 2026 362 2095 τῆς
394 2025 556 2094 ἁγίας
579 2025 819 2091 συνόδου,
847 2027 1209 2092 εἰσδέξασθαι,
1234 2026 1344 2079 εἴτε
1366 2026 1657 2097 πρόσθεσιν
1684 2026 1835 2095 ἔχον-

253 2134 350 2180 τος
375 2115 469 2169 τοῦ
494 2116 792 2189 ἐπιτιμίου,
813 2119 922 2171 εἴτε
948 2117 1158 2186 ὕφεσιν.
1195 2117 1307 2173 Καὶ
1346 2119 1446 2171 οὐκ
1504 2118 1630 2183 ἔξω,
1657 2114 1832 2187 οῐμαι,

254 2210 354 2263 τοῦ
409 2210 621 2273 εἰκότος
675 2211 990 2282 πεποίηκα-
1025 2208 1218 2281 ὀρέξας
1264 2211 1421 2280 χεῖρα
1461 2212 1573 2274 τοῖς
1618 2226 1835 2262 πεπτω-

256 2303 384 2356 κόσι
416 2302 815 2373 φιλανθρώπως
840 2318 854 2333 ’
881 2304 941 2356 οὐ
982 2302 1088 2372 μὴν
1120 2303 1201 2364 εἰς
1223 2302 1460 2373 ἐμαυτὸν
1495 2303 1835 2374 περιστήσας

254 2395 322 2449 τὸ
346 2395 577 2466 κράτος·
611 2396 747 2465 ὅπερ
783 2394 1031 2448 ἔκτοπον.
1058 2394 1122 2446 Τί
1170 2394 1225 2447 ’ὲ
1273 2394 1333 2448 τὸ
1363 2394 1679 2465 ἐπιτίμιονς
1720 2412 1839 2447 ποι-

258 2486 413 2539 κίλον
433 2487 525 2539 ἐπί
584 2485 851 2549 ποικίλοις
903 2487 1013 2548 τοῖς
1068 2486 1461 2556 ἁμαρτήμασιν
1515 2485 1659 2557 [c0d.
1702 2483 1833 2553 Reg.

258 2576 754 2651 παραπτώμασιν]
787 2593 800 2605 '
829 2579 967 2650 ὅπερ
988 2576 1087 2631 οὐκ
1106 2577 1397 2646 ἐπιστολῆς
1421 2578 1617 2649 μέτρον
1646 2577 1838 2645 ἐξαγα-

260 2670 434 2741 ρεύει.
484 2670 571 2724 Ἐν
606 2672 887 2743 κεφαλαίῳ
915 2671 972 2724 δὲ
1025 2670 1221 2734 εἰπεῖν,
1253 2670 1343 2723 τὸν
1388 2670 1420 2740 ἦ
1466 2672 1755 2741 ὑπογραφῇ
1802 2670 1834 2739 ἢ

258 2762 522 2832 κοινωνίᾳ
552 2763 806 2833 αἰρετικῇ
844 2762 1042 2815 ἁλόντα
1087 2761 1261 2830 ἱερέα,
1302 2760 1334 2824 ἢ
1367 2760 1549 2824 ἁπλῶς
1595 2761 1839 2814 διάκονον

261 2856 550 2926 εἴργεσθαι
584 2856 899 2921 παντάπασι
933 2858 1031 2925 τῆς
1072 2854 1383 2925 ἱερουργίας
1408 2852 1590 2907 (ἀλλὰ
1611 2854 1720 2924 γὰρ
1740 2854 1839 2905 καὶ

260 2949 361 3017 τῆς
392 2946 678 3011 κοινωνίας
702 2963 716 2977 ο
742 2948 877 3017 μετὰ
898 2946 956 3000 δὲ
979 2945 1077 3017 τὴν
1093 2945 1190 3016 τῆς
1207 2945 1491 3015 ἐπιτιμίας
1514 2944 1835 3015 περαίωσιν,

260 3038 372 3091 τῶν
401 3038 500 3108 μὲν
532 3037 888 3108 ἁγιασμάτων
940 3036 1209 3106 μετέχειν,
1252 3036 1351 3104 τῆς
1385 3035 1441 3087 δὲ
1480 3033 1839 3103 λειτουργίας

260 3130 537 3200 οὐδαμῶς,
580 3130 686 3193 ἕως
735 3129 897 3196 ἁγίας
948 3128 1167 3180 συνόδου
1200 3142 1212 3154 ·
1248 3127 1489 3195 εὐλογεῖν
1529 3125 1644 3195 δέἢ
1682 3123 1838 3192 εὐχε-

1936 2035 2219 2090 detinitum
2283 2041 2368 2089 est
2422 2047 2547 2086 cum
2593 2041 2795 2087 sancta:
2851 2030 3042 2102 synodi
3093 2028 3511 2099 approbatione,

1937 2128 2052 2182 sive
2078 2130 2222 2195 quod
2263 2140 2480 2196 poenam
2507 2125 2888 2193 imponendam
2924 2130 3169 2192 spectat,
3216 2120 3331 2175 sive
3363 2119 3508 2188 quod

1937 2215 2340 2271 remittendam.
2373 2215 2557 2285 Neque
2579 2214 2899 2284 quidquam,
2932 2222 2992 2266 ut
3024 2227 3168 2276 reor,
3204 2218 3394 2281 praater
3418 2208 3510 2279 jus

1938 2308 2039 2364 feci
2074 2326 2086 2361 :
2120 2308 2291 2377 lapsis
2318 2306 2593 2362 dexteram
2629 2307 2859 2375 benigne
2894 2304 3247 2376 protendens,
3274 2317 3385 2356 non
3415 2316 3513 2355 au-

1941 2410 2046 2455 tem
2084 2408 2404 2470 pctestatem
2445 2396 2578 2451 mihi
2630 2412 2938 2466 arrogans,
3001 2395 3146 2464 quod
3204 2402 3351 2448 certe
3402 2408 3511 2446 non

1938 2489 2138 2546 decuit.
2181 2488 2441 2556 Quaenam
2475 2500 2655 2542 autem
2692 2504 2849 2558 pugna
2884 2486 2975 2540 illa
2999 2486 3022 2539 ?
3047 2487 3260 2541 diversa
3292 2499 3390 2555 pro
3428 2484 3513 2538 di-

1937 2583 2112 2639 versis
2140 2582 2377 2651 peccatis
2412 2600 2424 2634 :
2454 2580 2505 2633 id
2544 2580 2688 2650 quod
2746 2579 2992 2649 epistolae
3045 2576 3282 2631 brevitas
3328 2574 3515 2628 decla-

1938 2692 2061 2730 rare
2092 2690 2198 2729 non
2222 2673 2369 2729 sinit.
2397 2671 2793 2727 Utsummatim
2817 2680 3001 2725 autem
3050 2670 3251 2735 dicam,
3276 2667 3513 2738 quicun-

1940 2782 2048 2836 que
2086 2766 2379 2832 sacerdos,
2416 2774 2474 2819 ut
2524 2780 2686 2835 porro
2736 2765 3000 2819 diaconus
3027 2762 3310 2818 convictus
3348 2759 3516 2815 fuerit

1940 2859 2359 2927 subscriptionis
2401 2866 2497 2912 aut
2545 2857 2951 2912 communionis
3015 2871 3140 2910 cum
3218 2853 3510 2915 haereticis,

1939 2966 2170 3021 prorsus
2202 2951 2353 3005 illum
2382 2965 2412 3004 a
2442 2949 2743 3005 ministerio
2788 2963 2946 3003 sacro
2975 2948 3175 3009 arceri,
3216 2946 3513 3015 quinetiam

1941 3056 1974 3096 a
2002 3041 2386 3096 communione
2414 3057 2427 3092 :
2453 3049 2741 3108 postquam
2773 3047 2952 3093 autem
2984 3052 3178 3107 pinnas
3199 3035 3512 3095 exsolverit.

1941 3141 2413 3187 sacramentorum
2450 3130 2669 3200 quidem
2703 3130 3020 3199 participem
3060 3129 3177 3184 fieri
3208 3167 3224 3191 ,
3291 3136 3348 3182 at
3400 3141 3513 3181 non

264 3216 390 3268 σθαι
442 3216 516 3277 ώς
561 3220 737 3269 κοινὸν
790 3216 1050 3285 μοναχὸν,
1076 3216 1173 3284 οὐχ
1224 3216 1298 3277 ὡς
1344 3214 1675 3284 ἱερωμένον
1705 3212 1839 3264 ἀλλὰ

1944 3222 2236 3277 ministerii
2268 3223 2408 3276 sacri
2434 3262 2449 3284 ,
2492 3236 2664 3291 usque
2695 3221 2759 3275 ad
2797 3229 3040 3275 sanctam
3070 3223 3339 3290 synodum
3369 3233 3383 3269 :
3422 3218 3515 3271 sed

265 3307 550 3363 καὶτοῦτο
579 3310 717 3363 μετὰ
772 3307 1175 3377 συμπλήρωσιν
1213 3307 1623 3375 ἐπιτιμητικήν.
1667 3304 1757 3365 Εἰς
1782 3320 1842 3355 τε

263 3398 367 3462 τὰς
424 3401 528 3453 ὐπὸ
576 3401 871 3472 αἱρετικῶν
912 3399 1282 3467 κατεχομένας
1312 3394 1611 3467 ἐκκλησίας
1637 3396 1709 3466 μὴ
1736 3398 1849 3448 εἰσ-

271 3492 428 3555 ιέναι,
480 3493 618 3563 μήτε
668 3493 761 3546 ἐὰν
805 3491 937 3562 ἐαθῇ
1011 3491 1159 3551 ναὸς,
1208 3487 1660 3559 κρατεῖσθαιύπὺ
1690 3487 1846 3557 ὀρθο-

266 3581 422 3647 δόξου
453 3586 590 3653 μετὰ
618 3587 679 3638 τὸ
700 3588 875 3639 ἐκεῖσε
922 3584 1205 3655 αἰρετικὰς
1257 3580 1531 3651 ἀναφορὰς
1575 3580 1847 3648 γενέσθαι,

268 3673 607 3745 λειτουργεῖν
623 3678 711 3729 τὸν
727 3676 1031 3748 ὀρθόδοξον,
1052 3675 1179 3729 ἄνευ
1207 3673 1412 3736 λύσεως
1435 3671 1848 3743 ὁρθοδοξοῦντος

270 3769 597 3822 ἐπισκόπου.

358 3948 513 4001 Ἑπεί
537 3947 632 4002 οὖν
683 3946 904 4015 εὐδοκία
937 3946 1073 3999 Θεοῦ
1110 3947 1417 4018 ἁφείθημεν
1459 3946 1569 3999 τῶν
1596 3944 1850 4013 φυλακῶν

274 4043 372 4092 καὶ
427 4039 782 4109 συνήφθημεν
833 4038 911 4108 τῷ
964 4056 1021 4091 τε
1067 4042 1355 4112 ἁγιωτάτῳ
1383 4040 1721 4110 πατριάρχῃ,
1755 4036 1851 4090 καὶ

273 4134 387 4194 τοῖς
437 4133 613 4197 ἁγίοις
662 4131 1003 4193 ἐπισκόποις,
1041 4132 1177 4199 πρὸς
1228 4133 1283 4184 δὲ
1343 4134 1437 4198 καὶ
1478 4131 1646 4194 ὁσίοις
1682 4133 1847 4200 ήγου-

280 4222 463 4293 μένοις
511 4222 813 4291 ἁνεθέμεθα
837 4222 963 4283 τοὺς
990 4221 1200 4289 λόγους,
1258 4223 1351 4275 καὶ
1398 4222 1497 4274 οὐκ
1558 4219 1849 4291 ἐμέμφθη-

278 4328 381 4383 μεν
455 4311 608 4381 παρά
664 4329 806 4373 τινος
854 4314 911 4365 ἐν
965 4310 1181 4363 οὐδενί·
1238 4310 1270 4380 ἢ
1325 4311 1482 4379 μόνον
1546 4310 1681 4379 πρὸς
1733 4308 1850 4371 ἐνὸς

275 4403 373 4463 ἐπὶ
409 4403 489 4470 τῷ
511 4404 752 4470 εὐλογεῖν
776 4420 789 4433 ο
817 4396 969 4469 ᾧτινι
1020 4401 1467 4471 ἁπεκρινάμεθαξθ
1509 4402 1591 4453 ὅτι
1631 4403 1679 4453 εἰ
1709 4416 1850 4469 μεμ-

275 4498 479 4549 ιτιιτὲον⁸
526 4494 844 4563 Ἔξενεχθῇ
886 4496 1021 4562 ὅρος
1056 4495 1216 4560 παρὰ
1263 4493 1373 4561 τῆς
1409 4491 1712 4562 κεφαλῆς-ο
1756 4491 1851 4545 καὶ

1948 3312 2268 3366 benedicere
2292 3321 2348 3364 et
2378 3326 2535 3365 orare
2560 3322 2819 3380 tanquam
2855 3310 3185 3364 monachum
3216 3308 3515 3379 duntaxat,

1949 3420 2057 3459 non
2094 3415 2151 3458 ut
2175 3405 2509 3459 sacerdotem
2540 3422 2553 3458 :
2583 3405 2674 3459 sed
2702 3419 2877 3473 neque
2908 3402 2959 3455 id
2995 3403 3313 3472 priusquam
3344 3402 3487 3470 ι)ωηί

1948 3498 2172 3552 tentiam
2194 3497 2490 3566 expleverit
2522 3514 2534 3548 :
2565 3510 2741 3565 neque
2770 3492 2979 3563 ingredi
3008 3493 3061 3546 in
3097 3492 3357 3547 ecclesias
3396 3507 3518 3560 qua:

1949 3590 2018 3645 ab
2050 3590 2320 3644 haereticis
2350 3598 2624 3650 tenentur,
2655 3603 2852 3657 neque,
2886 3587 2931 3642 si
2964 3586 3222 3655 templum
3240 3594 3362 3653 post
3389 3600 3516 3654 per-

1952 3691 2104 3735 actas
2160 3679 2234 3733 ibi
2268 3678 2551 3731 luereticas
2578 3676 2912 3740 oblationes,
2965 3691 2995 3728 a
3052 3673 3321 3729 catholico
3348 3673 3518 3727 teneri

1948 3770 2247 3839 contingat,
2303 3768 2358 3821 in
2388 3783 2453 3823 eo
2493 3782 2648 3821 sacra
2683 3768 2861 3820 facere
2891 3766 3277 3830 orthodoxum,
3311 3764 3520 3834 absque

1947 3863 2217 3933 permisso
2242 3859 2479 3929 episcopi
2504 3858 2814 3913 orthodoxi.

2020 3954 2249 4019 Quando
2278 3951 2461 4022 igitur,
2503 3950 2595 4003 Dei
2650 3949 2985 4019 benignitate
3005 3988 3019 4012 ,
3051 3946 3263 4002 dimissi
3296 3963 3361 4001 ex
3390 3962 3517 4002 car-

1949 4062 2094 4111 cere,
2128 4056 2182 4100 et
2211 4060 2333 4099 cum
2366 4044 2714 4099 sanctissimo
2748 4041 3057 4112 patriarcha
3093 4050 3147 4095 et
3169 4041 3373 4096 sanctis
3400 4040 3518 4110 epi-

1950 4139 2132 4209 scopis
2185 4136 2453 4193 conciliati
2523 4151 2747 4199 sumus,
2803 4144 2965 4204 atque
3038 4136 3260 4203 insuper
3314 4136 3519 4189 sanctis

1949 4227 2253 4298 praepositis
2293 4227 2556 4280 rationem
2591 4224 2943 4289 reddidimus,
2994 4241 3170 4295 neque
3215 4226 3323 4279 ulla
3359 4226 3413 4280 in
3464 4242 3521 4281 re

1947 4320 2014 4375 de
2058 4319 2218 4387 nobis
2276 4318 2567 4387 quisquam
2638 4327 2970 4386 conquestus
3028 4329 3155 4383 est,
3212 4319 3318 4372 nisi
3378 4334 3520 4374 unus

1950 4410 2006 4465 in
2036 4428 2101 4467 eo
2134 4411 2275 4480 quod
2308 4420 2517 4479 spectat
2560 4410 2626 4463 ad
2680 4411 3140 4476 benedictionem;
3168 4411 3255 4466 cui
3288 4412 3389 4466 hoc
3436 4427 3522 4466 re-

1951 4499 2311 4569 spondimus:
2346 4499 2401 4552 Si
2430 4497 2787 4553 offensionem
2820 4499 2981 4554 habet
3012 4500 3157 4553 istud
3192 4518 3205 4554 :
3240 4497 3393 4555 Mons
3428 4514 3522 4553 ea:-

272 4590 440 4659 ήμεῖς
478 4589 791 4658 σιωπῶμεν.
846 4589 1010 4641 Ὥστε
1045 4590 1093 4641 οί
1144 4586 1521 4657 ἐγκαλοῦντες,
1562 4587 1636 4657 μὴ
1682 4588 1834 4658 ἡμῖν,

1943 4591 2081 4644 cisus
2108 4599 2183 4641 est
2202 4590 2266 4643 ab
2285 4590 2397 4658 ipso
2414 4590 2604 4643 uertice
2626 4588 2781 4657 '7'“;
2803 4606 2904 4646 nos
2922 4606 3049 4645 vero
3077 4591 3360 4646 silebimus
3386 4610 3399 4646 :
3428 4607 3523 4647 acv-

280 4680 424 4735 ἁλλὰ
460 4683 573 4744 τοῖς
638 4682 849 4751 κυρίοις
890 4681 1211 4742 ἐπισκόποις
1270 4678 1679 4747 ἐγκαλείτωσαν
1706 4693 1719 4706 °
1771 4670 1853 4738 οἷς

277 4774 442 4845 ἡμεῖς
490 4774 539 4825 οί
567 4773 799 4835 εὐτελεῖς
827 4772 919 4825 καὶ
955 4772 1235 4842 ὐφειμένοι
1264 4772 1521 4841 ἑπόμενοι
1549 4786 1563 4799 ο
1593 4769 1687 4823 καὶ
1719 4770 1850 4839 παρ’

278 4866 461 4920 αὐτῶν
517 4864 936 4933 ἁναγκαστικῶς
985 4866 1419 4936 προτρεπόμενοι
1487 4863 1648 4935 μέχρι
1682 4863 1852 4933 σήμε-

283 4974 378 5023 ρον
426 4956 522 5010 καὶ
573 4956 857 5025 ἐδώκαμεν
926 4956 1180 5025 ἐπιτίμια
1262 4956 1403 5009 κατὰ
1463 4955 1553 5009 τὸν
1619 4953 1852 5026 είρημέο

282 5066 372 5103 νον
420 5050 645 5119 εἱρμὸν,
694 5049 788 5103 καὶ
857 5048 1198 5117 ἐπιδιδοῦμεν
1289 5048 1450 5101 ὁπότε
1494 5047 1655 5119 τύχη.
1719 5048 1856 5100 Σκο-

289 5141 565 5193 πείτωσαν
589 5139 645 5192 δέ
679 5142 725 5191 οἱ
752 5139 1208 5208 φιλεγκλήμονες,
1243 5138 1435 5207 μήπως
1482 5137 1574 5189 τὸν
1619 5135 1858 5189 κώνωπα

288 5230 642 5295 δι’ὐλίζοντες,
688 5229 947 5299 λελήθασι
981 5232 1082 5298 τὴν
1130 5227 1378 5298 κάμηλον
1424 5226 1813 5288 καταπίνοντες
1840 5241 1854 5256 σ

288 5325 385 5380 καὶ
405 5322 475 5376 τὰ
497 5322 681 5392 κάρφη
707 5322 1087 5391 ψηλαφῶντες,
1119 5323 1219 5375 οὐκ
1269 5318 1615 5374 αἰσθάνονται
1639 5318 1737 5388 τήν
1770 5317 1856 5370 δο-

286 5416 387 5468 κδν
413 5414 827 5485 περιφέροντες.
874 5413 1066 5483 Ἡμεῖς
1086 5408 1179 5465 οῦν
1197 5411 1361 5473 οῦτω,
1383 5409 1676 5479 θεοτίμητε
1704 5407 1859 5462 ἀδελ-

286 5506 379 5577 φέ,
415 5506 493 5567 ὡς
526 5505 631 5558 ὐπὸ
686 5504 804 5575 Θεῷ
851 5505 1088 5575 μάρτυρι
1140 5504 1490 5573 διεγενόμεοα
1550 5503 1862 5573 συμπαθείᾳ

286 5596 385 5651 καὶ
409 5595 753 5667 φιλαδελφίᾳ,
778 5596 838 5647 οὐ
874 5595 1032 5647 κατὰ
1064 5594 1421 5662 πρόσκλησιν,
1458 5594 1491 5664 ἦ
1533 5611 1655 5645 τινα
1688 5592 1855 5659 ἄλλην

289 5686 650 5756 περιπέτειαν
672 5685 1036 5756 ἀνθρωπίνην.
1087 5686 1147 5737 '0
1187 5684 1255 5738 δὲ
1309 5684 1631 5754 ταράσσων
1678 5682 1856 5752 ἡμεῖς,

292 5778 458 5845 φησὶν
505 5777 534 5829 ὁ
574 5776 913 5840 Ἀπόστολος,
960 5776 1262 5841 ,ϐαστάσει
1327 5778 1393 5830 τὸ
1446 5776 1642 5846 κρῖμα,
1693 5776 1862 5839 ὅστις

293 5866 373 5922 ἂν
401 5860 462 5935 ᾗ.

367 5982 484 6016 ειη
512 5982 645 6039 Dan.
678 6000 739 6051 tt,
765 5985 853 6038 54.
929 5987 975 6019 ⁸⁹
1006 5986 1195 6043 Matth.
1230 6003 1326 6053 VII,
1366 5988 1427 6054 5i

1959 4689 2238 4735 cusatores
2266 4680 2431 4749 igitur
2449 4695 2555 4734 non
2582 4680 2695 4750 jam
2719 4696 2840 4744 nos,
2864 4683 2958 4737 sed
2990 4682 3242 4738 dominos
3264 4691 3523 4738 accusent

1956 4771 2266 4841 episc0pos,
2302 4784 2443 4838 quos
2484 4770 2765 4838 sequimur
2812 4784 2913 4824 nos
2944 4769 3179 4825 humiles
3212 4780 3264 4825 et
3305 4770 3519 4824 intimi:

1958 4872 2122 4933 atque
2154 4862 2223 4917 ab
2253 4861 2318 4917 iis
2340 4862 2495 4930 quasi
2532 4877 2628 4931 per
2660 4862 2767 4915 vim
2815 4862 3034 4933 impulsi
3077 4864 3143 4918 ad
3175 4864 3320 4917 hunc
3350 4880 3523 4932 usque

1958 4956 2123 5021 diem,
2149 4964 2202 5010 et
2224 4970 2414 5025 ptenas
2447 4955 2807 5025 imposuimus
2837 4970 2903 5009 eo
2931 4972 3093 5026 quem
3119 4957 3357 5011 diximus
3393 4957 3522 5022 ritu,

1955 5056 2010 5102 et
2037 5062 2160 5101 cum
2188 5062 2326 5117 opus
2348 5055 2426 5102 est
2456 5047 2807 5117 imponimus.
2842 5048 3071 5103 Videant
3111 5058 3289 5102 autem
3317 5048 3526 5101 delato-

1956 5154 2045 5195 res
2093 5139 2209 5203 illi,
2256 5156 2324 5195 ne
2376 5140 2606 5194 culicem
2640 5141 2975 5201 excolantes.
3007 5140 3277 5195 camelum
3319 5140 3523 5195 incauti

1954 5230 2323 5300 deglutiant“
2359 5248 2373 5284 :
2406 5246 2541 5285 neve
2578 5230 2705 5285 dum
2740 5231 3011 5300 vestigant
3035 5229 3292 5286 festucas.
3316 5232 3522 5285 trabem

1955 5322 2309 5379 circumferre
2350 5338 2407 5378 se
2441 5338 2549 5377 non
2586 5325 2848 5378 sentiant.
2896 5321 3005 5379 Nos
3056 5324 3243 5392 igitur.
3296 5322 3464 5376 frater
3493 5338 3523 5375 a

1956 5416 2069 5470 Deo
2103 5416 2393 5480 honorate,
2438 5415 2518 5471 sic
2546 5425 2804 5486 tanquam
2833 5416 2936 5470 sub
2972 5414 3083 5470 Deo
3113 5423 3249 5469 teste
3276 5428 3526 5483 perseve-

1957 5510 2200 5563 ravimus
2258 5508 2311 5562 in
2356 5509 2640 5563 concordia
2696 5518 2751 5563 et
2789 5509 3123 5578 benignitate
3170 5508 3222 5561 in
3278 5509 3525 5571 fratrem,

1962 5615 2070 5655 non
2107 5602 2261 5669 juxta
2291 5601 2709 5670 propensionem
2738 5600 2929 5663 animi,
2956 5611 3046 5653 aut
3076 5599 3301 5654 alterius
3337 5598 3529 5651 huma-

1966 5695 2021 5748 ni
2054 5694 2275 5749 atfectus
2309 5696 2689 5748 temeritatem.
2724 5693 2828 5758 Qui
2878 5702 3052 5747 autem
3080 5691 3359 5746 conturbat
3408 5705 3525 5747 nos.

1969 5787 2043 5838 ait
2062 5784 2918 5855 Apostolus,portabitjudicium,
2936 5786 3225 5855 quicunque
3249 5792 3322 5835 est
3347 5780 3435 5835 ille
3457 5782 3522 5835 '°.

1480 6004 1636 6053 χχιιι,
1661 5987 1750 6042 ‘24.
1827 5987 1872 6020 ’°
1905 5987 2082 6043 Galat.
2112 6002 2163 6051 ν,
2204 5986 2287 6042 i0.
