4156 6468
715 371 855 439 1475

1085 492 1268 550 XLIII.
1294 526 1365 535 —
1392 494 1685 552 Laurentio
1707 498 1821 568 ﬁlio
1844 501 1932 566 (°).

1899 384 1959 444 S.
1986 382 2376 445 THEODORI
2412 380 2761 445 STUDIT/B

3810 382 3974 447 1476

2553 506 2707 560 PN!"
2737 500 2872 573 (45).
2902 530 2969 541 -
2997 498 3334 566 Λαυρεντίῳ
3390 496 3599 564 τέκνῳ.
3635 494 3825 569 [χλβ⁹.]

1051 609 1127 661 Ne
1151 613 1235 661 ﬂat
1258 613 1445 664 oblatio
1470 624 1523 666 et
1562 631 1648 668 res
1671 632 1811 669 sacra
1834 634 1925 683 pro
1962 621 2171 681 quodam
2202 622 2288 683 qui
2312 634 2368 671 se
2391 621 2572 683 laqueo
2612 619 2958 681 suspenderat,
2984 616 3075 665 sed
3099 614 3261 664 solum
3286 612 3626 671 cleemosyna.

783 720 863 774 Ad
902 735 1065 775 aures
1094 730 1312 776 nostras
1354 726 1602 792 pervenit
1638 726 1874 791 facinus,
1908 727 1981 781 fili
2010 726 2289 793 Laurenti,
2316 730 2369 789 Α

717 813 865 883 quod
918 813 1044 865 mali
1096 813 1364 867 daemonis
1428 816 1689 873 instinctu
1749 820 1802 873 in
1852 819 2290 874 Antisarensinm

714 903 995 971 Comopoli
1026 912 1299 971 patratum
1328 914 1413 959 est
1440 924 1453 972 ;
1482 907 1709 976 ejusque
1740 923 1901 962 causa
1944 909 2292 964 vehementer

714 992 1105 1062 ingemuimus,
1136 1002 1247 1046 tum
1280 1009 1346 1048 ex
1372 999 1649 1051 communi
1682 999 1795 1069 lege
1828 1000 2077 1053 humanae
2104 1000 2289 1055 chari-

714 1084 843 1135 tatis
867 1123 881 1146 ,
914 1093 1028 1136 tum
1066 1084 1193 1153 quia
1242 1083 1397 1139 fratri
1428 1087 1733 1143 Athanasio
1782 1090 2285 1161 protopresbytero,

713 1176 873 1241 cujus
904 1190 1030 1245 ergo
1060 1176 1327 1231 adductus
1352 1192 1471 1232 sum
1521 1190 1580 1233 ut
1631 1180 1923 1234 scriberem
1951 1218 1967 1243 ,
2024 1181 2288 1250 sanguine

709 1266 935 1337 junctus
961 1279 1079 1322 erat
1108 1269 1152 1323 is
1183 1271 1276 1339 qui
1305 1271 1543 1341 seipsum
1584 1272 1915 1344 prafocavit.
1948 1270 1991 1327 Ο
2016 1276 2284 1345 tragicum

712 1360 1120 1432 spectaculum!
1154 1362 1430 1416 hominem
1466 1364 1792 1419 honoratum
1815 1406 1829 1429 ,
1877 1363 2146 1435 indigenis
2180 1366 2280 1423 loci

2474 718 2766 779 Ἀκουστδν
2793 727 2927 794 ἡμῖν
2958 722 3195 790 ἐγένετο,
3220 720 3410 773 τέκνον
3460 720 3781 790 Λαυρέντιε,
3832 718 3982 790 ὅπερ

2396 819 2461 870 ἐκ
2490 816 2583 869 τοῦ
2612 814 2851 885 πονηροῦ
2873 814 3125 883 δαίμονος
3159 809 3411 879 ἐτελέσθη
3435 809 3617 879 δρᾶμα
3651 810 3708 859 ἐν
3738 811 3805 879 τῇ
3852 809 3988 859 Ἀν-

2390 910 2633 977 τισάρων
2680 906 2828 979 [cod.
2866 904 3001 976 Reg.
3067 900 3426 972 ’Δντιξάρχῳ]
3473 902 3819 969 κωμοπόλει*
3881 901 3985 952 καὶ

2390 999 2757 1069 ἐστέναξαμεν
2786 997 2876 1051 ἐπ’
2908 997 3055 1067 αὑτῴ
3088 996 3363 1065 μεγάλως,
3387 993 3483 1045 καὶ
3505 992 3645 1044 κατὰ
3668 993 3761 1044 τὸν
3787 992 3981 1045 κοινὸν

2388 1091 2555 1159 νόμον
2588 1091 2687 1160 τῆς
2716 1089 3062 1160 ἀνθρωπίνης
3119 1087 3363 1154 ἀγάπης,
3423 1083 3517 1137 καὶ
3569 1083 3707 1135 διότι
3752 1084 3846 1150 ἀφ’
3884 1081 3982 1133 αῖ-

2390 1198 2560 1247 ματος
2592 1180 2685 1233 τοῦ
2718 1180 2949 1249 ἀδελφοῦ
2985 1178 3306 1231 ’Δθανασίου
3338 1176 3433 1227 καὶ
3475 1172 3980 1245 πρωτοπρεσόυτέ-

2386 1290 2483 1342 ρου
2517 1273 2629 1342 (ὑφ’
2656 1265 2717 1325 οὗ
2774 1272 2867 1325 καὶ
2892 1270 3133 1340 κινηθεὶς
3157 1268 3376 1338 γράφω)
3413 1268 3569 1319 ἐστὶν
3605 1266 3632 1316 6
3669 1267 3983 1334 ἀπαγχονιο

2385 1364 2552 1427 σθείς.
2588 1365 2651 1416 Ὠ
2680 1363 2913 1433 φοδεροῦ
2947 1362 3374 1433 τραγῳδήματος
3404 1357 3727 1427 ιᾶνθρωπος
3758 1358 3817 1409 ἐν
3835 1360 3978 1427 τιμῇ

712 1450 1150 1513 antecellentem,
1201 1452 1286 1505 cui
1337 1453 1541 1508 aﬂ‘atim
1582 1456 1707 1510 vitae
1750 1454 1996 1509 subsidio
2025 1465 2281 1525 suppete-

2381 1454 2476 1521 ὢν,
2508 1456 2945 1525 προφερέστερος
2966 1455 3072 1506 τῶν
3090 1455 3267 1505 ἐκεῖσε
3300 1450 3660 1521 αὐτοχθόνων,
3681 1450 3978 1519 αὐτάρκης

711 1540 863 1603 bant,
892 1543 1067 1595 virum
1102 1543 1443 1611 prudentem,
1472 1546 1524 1599 in
1560 1548 1900 1601 orationibus
1924 1549 2281 1617 precibusque

2381 1547 2526 1600 κατά
2554 1547 2646 1600 τὸν
2678 1546 2815 1617 βίον,
2842 1546 2984 1618 ἀνὴρ
3030 1545 3270 1606 συνετὸς,
3300 1541 3729 1614 προσκαρτερῶν
3777 1543 3979 1610 εὐχαῖς

710 1630 995 1685 assiduum
1021 1674 1035 1698 ,
1068 1642 1230 1702 atque
1270 1634 1325 1687 in
1360 1635 1576 1703 reliquo
1626 1638 1747 1691 vita:
1774 1654 1938 1692 cursu
1967 1638 2277 1706 probatum,

2376 1657 2435 1691 τε
2464 1640 2557 1693 καὶ
2578 1641 2820 1710 δεήσεσι,
2840 1640 2936 1692 καὶ
2966 1641 3030 1708 τῇ
3056 1638 3215 1707 λοιπῇ
3238 1636 3337 1706 τῆς
3357 1635 3504 1705 ζωῆς
3534 1637 3727 1705 ἀγωγῇ
3752 1635 3975 1702 ἐμπρέο

710 1738 835 1777 cum
873 1724 1008 1777 nihil
1041 1725 1330 1780 accidisset
1362 1726 1569 1782 sinistri
1600 1738 1847 1791 eventus,
1879 1746 1999 1799 qua:
2038 1745 2278 1799 persaepe

2376 1748 2494 1786 πων
2517 1749 2532 1763 ο
2568 1732 2796 1802 μηδενὸς
2826 1728 3215 1801 περιστατικοῦ
3247 1746 3310 1779 συ
3322 1727 3682 1796 μόεδηκότος,
3714 1726 3774 1789 ἐξ
3794 1720 3976 1794 οὗπερ

708 1828 872 1868 causa
903 1824 988 1868 est
1017 1816 1086 1869 ab
1115 1816 1291 1871 oﬂicio
1324 1817 1679 1885 deﬂectendi;
1713 1822 1791 1875 sic
1825 1821 1878 1873 in
1915 1822 2060 1875 nulla
2091 1838 2272 1877 rerum

2376 1823 2633 1886 πολλάκις
2664 1818 2783 1875 ἔστι
2819 1819 3362 1894 περιτρέπεσθαιτοῦ
3386 1818 3597 1881 δέοντος
3619 1817 3763 1869 κατά
3790 1834 3843 1867 τι
3879 1834 3977 1882 μι-

706 1906 1114 1974 perturbatione
1143 1908 1193 1961 id
1228 1909 1450 1965 sceleris
1480 1910 1787 1976 admisisse,
1815 1922 1874 1966 ut
1907 1912 2157 1983 laqueum
2186 1914 2271 1967 in-

2376 1916 2501 1984 κρόν
2520 1931 2534 1946 ο
2554 1916 2726 1975 οὕτως
2739 1917 2795 1967 ἐν
2809 1913 3080 1984 ἀταραξίᾳ
3100 1911 3445 1982 πραγμάτων
3460 1908 3776 1980 τηλικοῦτον
3797 1909 3973 1960 κακὸν

706 1996 915 2051 dueret.
966 1996 1030 2062 Ο,
1063 2007 1116 2052 et
1149 1999 1345 2053 iterum
1382 2000 1558 2055 dicam
1586 2042 1601 2066 ,
1640 2002 2007 2057 detestandam
2036 2019 2224 2058 vocem
2254 2006 2267 2058 l

2376 2006 2787 2078 ἀπεργάσασθαι
2813 2006 3018 2078 ἀγχόνῃ
3032 2004 3379 2074 χρησάμενος
3400 2004 3413 2055 I
3441 2003 3523 2063 Ὃ,
3545 2003 3637 2053 καὶ
3657 1996 3816 2062 αὖθις
3831 1999 3967 2069 ἐρῶ,

709 2088 868 2143 Tales
900 2098 1029 2144 sunt
1058 2090 1258 2145 diaboli
1288 2093 1741 2150 machinationes.
1779 2094 1882 2147 Ille
1921 2096 2186 2150 homicida
2208 2097 2272 2150 ab

2376 2098 2473 2162 τῆς
2523 2096 2805 2165 ἀπευκτῆς
2850 2098 3035 2165 φωνῆς
3091 2094 3236 2167 [cod.
3265 2096 3397 2165 Reg.
3434 2091 3629 2164 ἀκοῆς]
3673 2095 3685 2144 !
3722 2092 3970 2144 Τοιαῦτα

705 2178 884 2243 initio,
912 2192 969 2234 ut
990 2182 1065 2235 ait
1098 2182 1361 2239 Dominus
1382 2186 1448 2240 ⁹¹.
1480 2186 1574 2242 Ille
1604 2188 1837 2257 primum
1856 2189 2075 2258 quidem
2113 2190 2277 2243 Achi-

2376 2187 2471 2240 τοῦ
2500 2188 2743 2240 διαϐόλου
2766 2204 2833 2240 τα
2854 2189 3071 2257 μηχανή
3081 2187 3311 2256 ματα.Ἔ
3318 2187 3514 2249 κεῖνος
3551 2185 3693 2250 tis-0p
3704 2183 3971 2236 ωποκτό-

705 2270 910 2337 tophel,
947 2270 1143 2325 deinde
1168 2270 1363 2327 .Iudam
1392 2274 1570 2345 adegit
1596 2278 1661 2331 ad
1690 2278 2044 2347 suspendium
2081 2296 2095 2331 :
2130 2288 2184 2333 et
2210 2280 2276 2334 ad

2378 2295 2484 2341 νος
2504 2278 2605 2331 ἀπ’
2630 2275 2844 2345 ἀρχῆς,
2867 2275 3052 2339 καθὼς
3082 2277 3230 2347 ἔφηὸ
3248 2277 3471 2346 Κύριος.
3494 2276 3734 2335 Ἐκεῖνος
3764 2274 3967 2343 πρῶτα

704 2358 849 2414 hanc
885 2375 1059 2429 usque
1098 2362 1239 2415 diem
1283 2378 1389 2415 non
1442 2374 1623 2418 cessat
1668 2365 1809 2420 idem
1846 2366 2181 2435 persuadere
2210 2366 2277 2421 iis

704 2452 795 2519 qui
825 2452 924 2518 ipsi
957 2452 1357 2521 obtemperant.
1388 2454 1609 2511 Duobus
1638 2465 1839 2522 autem,
1867 2457 2080 2525 opinor,
2101 2458 2277 2511 modis

705 2538 982 2592 hominem
1019 2543 1310 2607 prazdatnr,
1337 2544 1477 2596 sicut
1505 2545 1837 2611 experientia
1865 2548 2235 2614 comperimus
2259 2564 2273 2599 :

703 2642 798 2683 aut
839 2646 903 2685 ex
958 2633 1146 2687 dolore
1200 2636 1378 2688 cordis
1406 2634 1819 2699 inconsolabili,
1853 2646 1947 2690 aut
1986 2653 2052 2692 ex
2084 2639 2276 2693 insana

704 2720 1017 2785 cupiditate,
1037 2724 1285 2776 tenebras
1302 2723 1603 2786 oII'undens,
1622 2734 1673 2780 et
1689 2726 2065 2796 pessumdans.
2079 2728 2277 2795 Quem-

706 2812 998 2865 admodum
1026 2814 1169 2867 enim
1209 2814 1262 2867 in
1286 2816 1598 2882 homicidio,
1629 2819 1713 2872 vel
1739 2819 2006 2875 adulterio
2032 2860 2048 2884 ,
2094 2822 2179 2876 vel
2222 2823 2275 2876 in

708 2903 917 2957 caeteris
942 2904 1184 2973 ﬂagitiis,
1222 2908 1473 2962 tenebras
1507 2908 1728 2963 exhibet
1759 2911 1917 2979 quasi
1964 2911 2170 2976 lucem,
2223 2921 2278 2966 et

705 3006 955 3045 amarum
988 3002 1047 3046 ut
1077 2994 1275 3061 dulce;
1304 3011 1479 3064 neque
1510 2996 1677 3062 enim,
1722 2998 1827 3053 nisi
1880 2999 1953 3053 ita
1980 3000 2184 3053 sentire
2210 3000 2278 3054 de

706 3083 871 3137 rebus
911 3085 1148 3147 doceret,
1180 3089 1361 3140 venari
1405 3097 1458 3141 et
1480 3103 1674 3157 capere
1710 3105 1808 3144 nos
1838 3101 2025 3160 posset
2062 3108 2075 3144 :
2110 3092 2189 3145 sic
2222 3099 2277 3144 et

706 3176 760 3229 iu
781 3178 1097 3245 suspendio,
1119 3177 1331 3231 dulcem
1357 3177 1482 3233 fecit
1505 3190 1756 3245 mortem,
1780 3184 2020 3237 tenebris
2039 3191 2273 3237 mentem

704 3267 955 3330 obduxit,
990 3269 1197 3339 peregit
1224 3271 1599 3340 suspendium.
1632 3272 1807 3327 Credo
1825 3274 2110 3344 equidem;
2141 3291 2278 3346 qua-

704 3360 775 3414 lis
800 3370 883 3415 est
909 3361 1074 3416 draco
1110 3362 1219 3427 ille,
1248 3371 1304 3417 et
1331 3379 1492 3429 quam
1520 3364 1704 3419 multis
1734 3368 2060 3437 prastigiis;
2098 3368 2274 3421 homi-

704 3464 803 3506 nes
826 3451 1028 3521 ubique
1060 3453 1354 3519 interimet,
1380 3453 1481 3507 hoc
1504 3454 1668 3509 istum
1693 3456 1877 3521 modo,
1902 3458 2066 3512 alium
2087 3460 2270 3524 aliter;

705 3558 805 3596 nec
832 3544 1121 3612 quisquam
1150 3554 1233 3598 est
1260 3544 1355 3613 qui
1390 3543 1511 3614 ejus
1567 3545 1785 3615 pedicas
1807 3548 2030 3612 evadat,
2066 3549 2274 3617 absque

704 3632 799 3688 Dei
836 3635 1059 3699 auxilio,
1088 3635 1231 3705 quod
1260 3634 1435 3691 aderit
1477 3636 1680 3691 viventi
1716 3636 1943 3693 ﬁdeliter
1971 3652 2095 3693 cum
2126 3650 2271 3695 metu

703 3736 758 3780 et
791 3733 1050 3792 tremore,
1070 3725 1227 3795 juxta
1256 3726 1429 3798 ipsius
1462 3730 1777 3783 mandatum
1803 3730 1870 3784 “.

779 3902 883 3958 Sed
917 3903 982 3959 ad
1012 3904 1315 3960 institutum
1350 3905 1533 3960 veniat
1564 3907 1759 3961 oratio.
1790 3906 2118 3978 Significasti
2148 3924 2269 3965 om-

704 4011 801 4050 nes
835 3996 941 4051 loci
980 3996 1123 4050 illius
1170 3996 1376 4052 incolas
1431 3999 1670 4053 aversari
1702 3999 1923 4053 domum
1954 4000 2129 4071 ipsius
2154 4040 2170 4066 ,
2217 4014 2273 4057 et

705 4107 955 4155 uxorem,
990 4102 1045 4147 et
1072 4093 1295 4159 liberos,
1333 4109 1509 4164 neque
1537 4103 1914 4162 contrectare,
1958 4096 2127 4161 velle,
2178 4108 2273 4154 aut

704 4185 971 4253 attingere
1014 4185 1335 4255 quidquam,
1379 4201 1444 4241 ac
1476 4202 1544 4241 ne
1581 4202 1773 4257 panem
1813 4190 2029 4259 quidem
2082 4199 2273 4247 mutuo

703 4275 915 4330 datum.
946 4274 1011 4329 Et
1040 4278 1259 4346 quidem
1292 4278 1338 4331 si
1364 4277 1504 4346 ejus,
1535 4280 1629 4348 qui
1660 4295 1721 4334 se
1751 4283 2129 4351 strangulavit,
2176 4283 2273 4338 fa-

704 4367 946 4422 miliares
974 4368 1161 4421 dicunt
1190 4377 1335 4422 recte
1369 4370 1518 4423 illum
1552 4370 1769 4439 fecisse,
1802 4390 1970 4443 seque
1999 4387 2184 4445 optare
2213 4386 2271 4432 ut

702 4458 807 4513 sibi
845 4458 985 4512 idem
1015 4461 1195 4514 exitus
1223 4460 1505 4529 contingat
1534 4478 1548 4526 ;
1610 4464 1805 4517 merito
1836 4466 2224 4535 relinquuntur
2250 4485 2265 4534 ;

703 4566 1013 4620 quanquam
1046 4566 1223 4622 neque
1269 4552 1321 4606 id
1361 4553 1569 4607 statim.
1604 4554 1901 4624 Oportebat
1929 4558 2075 4611 enim
2117 4561 2267 4628 prius

701 4659 799 4699 eos
826 4644 1044 4709 docere,
1080 4644 1405 4708 illuminare,
1440 4645 1648 4701 hortari
1693 4658 1750 4701 ut
1800 4648 2046 4719 fugerent
2074 4650 2265 4705 interi-

701 4747 815 4789 tum
844 4754 857 4790 :
886 4735 989 4790 hoc
1038 4736 1181 4791 enim
1224 4737 1662 4793 Christianorum
1715 4746 1800 4793 est
1849 4758 1862 4793 :

700 4828 1033 4894 amantium;
1082 4829 1208 4898 quia
1251 4838 1306 4883 et
1350 4827 1639 4897 Dominus,
1658 4846 1782 4885 cum
1808 4833 1974 4887 sciret
2028 4834 2159 4903 quid
2190 4834 2269 4889 fa-

700 4933 891 4975 cturus
940 4930 1087 4977 esset
1113 4920 1325 4987 Iudas,
1378 4924 1564 4979 multis
1590 4924 1982 4982 benevolentia:
2030 4928 2265 4996 indiciis,

700 5013 1020 5083 idoneisque
1053 5015 1119 5069 ad
1153 5016 1550 5086 correptionem
1593 5018 2035 5087 prtedictionibus
2079 5020 2267 5076 deter-

701 5120 821 5157 rere
853 5105 1001 5158 illum
1030 5109 1349 5173 conabatur,
1378 5125 1457 5163 vae
1487 5109 1587 5177 ipsi
1623 5110 1949 5166 denuntians
1969 5152 1984 5176 ,
2016 5124 2071 5166 et
2096 5128 2263 5182 expe-

697 5197 813 5249 dire
841 5197 1027 5254 dicens
1048 5212 1106 5253 ut
1130 5210 1289 5255 natus
1319 5217 1425 5255 non
1443 5211 1588 5256 esset
1620 5201 1783 5257 homo
1809 5203 1898 5258 ille
1917 5205 1983 5259 ’³.
2023 5204 2127 5260 Sed
2156 5224 2261 5262 non

698 5286 963 5342 intellexit
993 5288 1177 5344 miser.
1217 5288 1373 5356 Quod
1407 5291 1493 5355 si,
1531 5299 1589 5345 ut
1638 5291 1721 5347 ais
1745 5330 1761 5356 ,
1800 5302 1855 5347 et
1896 5294 2047 5348 illum
2078 5295 2261 5365 lugent

696 5378 791 5445 qui
821 5378 1011 5433 eodem
1041 5394 1106 5435 ac
1138 5379 1306 5437 Judas
1332 5383 1499 5436 exitio
1520 5383 1701 5452 periit,
1726 5391 1780 5438 et
1824 5384 1892 5439 ab
1916 5385 2062 5441 omni
2100 5386 2259 5441 Chri-

2381 2369 2480 2438 μὲν
2501 2369 2589 2421 τὸν
2630 2369 2935 2438 Ἀχιτόφελ,
2965 2369 3155 2421 ἔπειτα
3183 2370 3273 2421 τὸν
3318 2368 3516 2421 Ἰούδαν
3536 2366 3753 2418 ἔπεισεν
3782 2368 3960 2433 ἀπάγ-

2378 2461 2610 2527 ξασθαι·
2644 2460 2700 2523 ὃς
2721 2461 2781 2512 οὐ
2846 2460 3083 2513 παύεται
3119 2462 3213 2514 καὶ
3248 2460 3410 2529 μέχρι
3451 2458 3693 2527 σήμερον
3742 2458 3803 2508 τὸ
3829 2456 3965 2508 αὐτὸ

2377 2550 2659 2603 ἀποτελεῖν
2684 2551 2881 2612 ἐντοῖς
2909 2550 3249 2619 πειθομένοις
3292 2546 3457 2617 αὐτῷ.
3495 2542 3664 2616 Οἶμαι
3707 2546 3762 2598 δὲ
3820 2546 3964 2597 κατά

2377 2642 2473 2695 δύο
2530 2642 2767 2712 τρόπους
2824 2643 2989 2713 συλᾷν
3028 2643 3117 2694 τὸν
3142 2642 3447 2708 ἄνθρωπον.
3482 2640 3555 2701 ὡς
3592 2640 3755 2708 πείρα
3790 2639 3961 2703 ἔγνω-

2384 2750 2523 2804 μεν·
2553 2734 2585 2804 ἢ
2613 2734 2720 2787 ἀπὸ
2766 2733 2959 2804 ὀδύνης
3006 2732 3233 2802 καρδίας
3294 2732 3705 2801 ἀπαρακλήτου.
3751 2729 3783 2797 ἦ
3850 2726 3962 2779 ἀπὸ

2380 2826 2622 2895 ἐφέσεως
2652 2827 2959 2895 ἀλογίστου,
2991 2824 3291 2885 σκοτώσεις.
3324 2823 3421 2875 καὶ
3470 2819 3826 2891 περιτρέψας.
3871 2818 3962 2881 Ὠς

2378 2918 2491 2988 γὰρ
2522 2920 2615 2970 ἐπὶ
2642 2919 2827 2987 φόνου,
2862 2918 2894 2988 ἢ
2936 2914 3184 2985 μοιχείας
3226 2916 3320 2967 καὶ
3349 2914 3455 2966 τῶν
3494 2914 3694 2982 ὁμοίων
3721 2910 3959 2980 ἀσελγη-

2381 3010 2585 3078 μάτων,
2642 3007 2987 3061 ὑποδείκνυσι
3028 3010 3088 3059 τὸ
3132 3007 3321 3068 σκότος
3350 3007 3485 3075 φῶς,
3540 3006 3635 3056 καὶ
3666 3004 3726 3055 τὸ
3758 3003 3957 3071 πικρὸν

2376 3098 2600 3168 γλύκιον
2644 3099 2725 3169 (οὐ
2758 3099 2865 3167 γὰρ
2895 3097 2984 3160 ἂν,
3018 3099 3067 3150 εί
3095 3099 3169 3168 μὴ
3190 3098 3361 3159 οὕτως
3386 3093 3835 3163 ἀναστοιχειὼσει
3867 3095 3955 3145 λο-

2376 3191 2653 3260 γίσασθαι,
2711 3191 2859 3259 ἡμᾶς
2920 3189 3148 3260 εὑρίσκῃ
3198 3187 3515 3256 θηρεῦσαι)·
3549 3185 3692 3238 οὕτω
3734 3188 3829 3238 καὶ⁸
3860 3185 3955 3237 ἐπὶ

2378 3286 2475 3356 τῆς
2506 3283 2762 3353 ἀγχόνης,
2782 3281 2955 3353 -ἠδυνε
2995 3282 3087 3335 τὸν
3118 3282 3369 3343 θάνατον,
3406 3280 3647 3346 ὲζόφωσε
3683 3280 3774 3331 τὸν
3806 3279 3949 3336 νοῦν,

2378 3375 2671 3443 ἀπετέλεσε
2720 3373 2817 3445 τὴν
2869 3374 3127 3444 ἀγχόνην.
3169 3369 3334 3441 Οἶμαι
3370 3371 3515 3441 [cod.
3550 3369 3679 3440 Reg.
3714 3372 3781 3424 Οἵ
3814 3372 3950 3442 μοι),

2374 3461 2485 3529 οἷός
2538 3466 2685 3519 ἔστιν
2711 3468 2739 3519 6
2770 3465 3004 3536 δράκων,
3050 3464 3145 3518 καὶ
3182 3464 3267 3531 ἐφ’
3294 3466 3441 3526 ὅσοις
3497 3464 3950 3533 μαγγανεύμασιν

2373 3557 2811 3627 ἀνθρωποκτονεῖ
2832 3559 3112 3611 ἑκάστοτε.
3160 3554 3364 3608 Τοῦτον
3414 3556 3609 3619 οὕτως,
3656 3555 3813 3608 ἄλλον
3857 3557 3950 3631 ἀλ-

2373 3649 2481 3712 λως
2503 3666 2518 3680 ο
2548 3650 2643 3703 καὶ
2676 3649 2774 3702 οὐκ
2809 3648 2955 3701 ἔστιν
2983 3648 3040 3711 ὃς
3072 3648 3395 3716 ἐκφεύξεται
3422 3649 3522 3709 τάς
3546 3649 3727 3713 πάγας
3760 3649 3949 3710 αὑτοῦ,

2373 3740 2503 3794 ἄνευ
2546 3739 2800 3810 βοηθείας
2842 3738 2937 3791 τοῦ
2973 3738 3130 3804 Θεοῦ,
3156 3740 3279 3808 ἦτις
3323 3740 3408 3809 εἴη
3459 3739 3597 3806 μετά
3642 3737 3806 3806 φόϐου
3857 3739 3950 3792 καὶ

2372 3832 2575 3905 τρόμου
2602 3830 2677 3900 τῷ
2707 3829 2830 3883 κατ’
2860 3830 3078 3900 ἐντολὴν
3105 3828 3271 3881 αὑτοῦ
3325 3828 3533 3890 πιστῶς
3574 3829 3801 3897 βιοῦντι.

2456 3924 2595 3977 Ἀλλ’
2635 3923 2727 3976 ἐπὶ
2754 3923 2815 3975 τὸ
2856 3926 3187 3991 κατεπεῖγον
3218 3925 3245 3976 ὀ
3294 3923 3469 3991 λόγος.
3513 3924 3843 3994 Ἐδήλωσας,
3873 3923 3946 3985 ὡς

2371 4016 2422 4070 οί
2448 4014 2542 4068 τοῦ
2571 4016 2771 4085 χωρίου
2794 4015 2931 4086 ὁμοῦ
2955 4015 3195 4078 ἅπαντες
3220 4014 3630 4086 ἀποτρέπονται
3653 4017 3751 4086 τῆς
3773 4016 3946 4077 οἰκίας

2372 4107 2563 4174 αὑτοῦ,
2604 4110 2772 4180 ἤγουν
2825 4108 3104 4177 γυναικὸς,
3154 4109 3249 4163 καὶ
3300 4110 3528 4174 τέκνων,
3588 4112 3725 4180 μήτε
3779 4110 3944 4162 ἀπτε-

2373 4202 2518 4266 σθαι,
2550 4202 2686 4273 μήτε
2726 4200 2919 4271 θίγειν,
2958 4202 3119 4272 μέχρι
3151 4202 3247 4255 καὶ
3276 4203 3614 4272 μεταδόσεως
3648 4203 3811 4271 ἄρτου
3850 4203 3942 4256 δα·-

2371 4291 2609 4345 νειακοῦ.
2654 4291 2765 4345 Καὶ
2812 4293 2859 4344 εί
2910 4293 3255 4359 ἐπιλέγουσιν
3305 4294 3352 4345 oi
3414 4292 3509 4344 τοῦ
3560 4293 3941 4361 ἀπαγξαμένω

2372 4382 2541 4451 καλὴν
2571 4378 2708 4437 εἶναι
2742 4382 2839 4453 τὴν
2872 4384 3073 4454 πρᾶξιν
3114 4387 3212 4453 τῆς
3257 4384 3690 4453 ἀπαγχονίσεως,
3723 4385 3819 4436 καὶ
3849 4388 3942 4453 τὴν

2370 4471 2539 4541 αὐτὴν
2564 4471 2713 4539 αὐτῴ
2738 4472 2913 4538 φιλεῖν
2939 4471 3156 4524 τελέσαι
3178 4474 3416 4525 κάκεῖνοι
3444 4489 3459 4502 ·
3481 4473 3661 4535 καλῶς
3679 4476 3936 4541 ἀφίσταν-

2366 4577 2492 4613 ται·
2523 4562 2683 4614 ὁπότε
2730 4561 2836 4613 οὺδ⁸
2867 4560 3040 4625 οὕτως
3084 4562 3267 4623 εὐθύς.
3310 4566 3428 4615 Δεῖν
3476 4564 3584 4635 γὰρ
3615 4565 3829 4633 πρῶτον
3866 4566 3939 4618 δι-

2366 4652 2541 4719 δάξαι,
2597 4653 2849 4722 φωτίσαι,
2894 4653 3277 4722 παρακαλέσαι
3325 4658 3519 4723 φυγεῖν
3564 4658 3655 4709 τὸν
3681 4657 3932 4726 ὄλεθρονο

1912 4740 2011 4795 hoc
2068 4740 2265 4798 fratres
2296 4761 2342 4819 ι)
2366 4744 2525 4797 τοῦτο
2552 4745 2659 4815 γὰρ
2695 4746 3039 4815 Χριστιανῶν
3059 4762 3073 4776 ·
3101 4746 3259 4799 τοῦτο
3310 4747 3651 4814 φιλαδέλφων
3674 4766 3688 4781 ι
3722 4751 3803 4801 ὅτι
3847 4750 3933 4802 καὶ

2363 4838 2392 4889 6
2419 4837 2622 4906 Κύριος
2649 4837 2740 4889 τὸν
2783 4837 2983 4891 Ἰούδαν
3008 4838 3224 4903 πολλοῖς
3250 4840 3654 4909 χρηστεύμασι,
3678 4844 3775 4895 καὶ⁵
3801 4844 3934 4912 διορ-

2366 4929 2615 4993 θωτικοῖς
2682 4930 3157 5000 προφητεύμασιν,
3229 4932 3385 4995 εἰδὼς
3417 4932 3445 4985 ὃ
3496 4932 3691 5002 ἔμελλε
3746 4938 3929 4997 ποιεῖν,

2364 5020 2621 5088 ἐπειρᾶτο
2646 5019 2986 5071 ἀναπείθειν
3016 5021 3076 5072 τὸ
3108 5021 3231 5073 οὐαὶ⁸
3262 5022 3409 5092 αὑτῷ
3445 5022 3926 5093 ἐπιφθεγγόμενος,

2364 5112 2555 5173 καὶτὸ,
2584 5130 2603 5162 ι
2625 5112 2926 5182 Συνέφερεν
2955 5114 3002 5166 εί
3028 5115 3129 5167 οὐκ
3158 5116 3423 5185 ἐγεννήθη
3446 5118 3473 5169 6
3493 5117 3587 5170 ἀνθ
3599 5134 3778 5187 ρωπος
3795 5120 3927 5170 ἐκεῖ·

2371 5220 2485 5267 νος,
2514 5221 2532 5253 ³
2564 5202 2759 5271 λέγων.
2778 5205 2882 5257 κάν
2916 5206 2976 5257 οὐ
3005 5207 3237 5275 συνῆκεν
3256 5210 3284 5260 ό
3318 5208 3502 5269 τάλας.
3529 5208 3590 5261 ΕΞ
3614 5208 3777 5271 δὲ,ὼς
3808 5207 3923 5278 φὴς,

2367 5298 2461 5350 καὶ
2491 5296 2998 5367 καταθρηνοῦσιτδν
3027 5298 3460 5365 Ἰουδοτέλεστον,
3489 5304 3582 5354 καὶ
3604 5301 3922 5371 ἀπεύχονται

2362 5388 2460 5458 τῆς
2494 5388 2711 5460 μερίδος
2740 5390 2954 5460 ἐκείνης
2976 5390 3156 5444 πάντα
3178 5391 3524 5463 Χριστιανὸν,
3552 5392 3646 5446 καὶ
3676 5394 3921 5446 ἔκστασιν

763 5516 813 5551 ’ί
837 5516 999 5574 Joan.
1033 5536 1152 5588 vm,
1182 5522 1272 5578 ﬂ.
1332 5524 1379 5556 ⁹²
1408 5521 1605 5595 Philip.
1640 5538 1701 5595 ιι,
1735 5525 1818 5581 I2.
1893 5527 1939 5560 ”
1975 5524 2165 5583 Matth.
2190 5542 2344 5594 xxvi,
2380 5526 2473 5583 ει.

2195 5670 2425 5728 NOTAE.

763 5794 823 5864 (’)
855 5794 1184 5865 Dogmatica.

2433 5804 2543 5875 (55)
2569 5802 2627 5862 In
2666 5804 2786 5860 cod.
2816 5805 2948 5877 Reg.
2985 5811 3121 5877 ρνγδ.
