4156 6530
251 468 390 533 1477

1433 465 1970 527 EPISTOLARUM
2007 466 2156 530 LIB.
2217 466 2301 528 II.

3348 469 3482 537 1‘78

245 585 547 652 ἐξέστησαν
581 580 921 653 ἀναφορήτου
966 580 1221 651 θλίψεως,
1251 581 1347 637 καὶ
1377 579 1600 654 ζητοῦσι
1635 582 1817 652 παρά-

1933 581 2095 636 ιιίιιιιο
2115 591 2316 637 sortem
2344 582 2492 638 illam
2518 582 2896 653 deprecantur,
2920 583 3273 641 intoleranda:
3302 598 3482 645 autem

243 678 479 747 κλησιν’
518 675 574 728 τί
621 673 781 727 τοῦτο
833 675 971 746 ὅπερ
1020 674 1204 746 διηγῇ.
1256 676 1289 747 ἢ
1349 674 1431 728 ὅτι
1488 673 1566 744 τῷ
1599 673 1818 745 Χριστῷ

246 766 621 820 ἐναντιοῦνται
644 765 694 817 οἱ
718 768 967 835 χωρῖται,
1010 766 1105 818 καὶ
1154 764 1233 836 τῷ
1282 765 1513 834 διαϐόλῳ
1545 764 1819 833 ἀνοίγουσι

248 859 420 929 θύραν
442 858 717 921 ἀπωλείας
732 858 840 909 τῶν
857 856 1369 928 ἀξιοπαρακλήτων;
1398 857 1535 910 Οὐαὶ
1549 861 1658 919 τοῖς
1680 856 1821 909 οὕτω

249 950 532 1011 ποιοῦσιν,
561 950 644 1003 ὅτι
699 946 953 1016 συνεργοί
990 949 1097 999 είσι
1147 945 1243 999 τοῦ
1306 946 1569 1000 διαϐόλου.
1627 945 1822 1008 Καλῶς

246 1035 345 1091 οὖν
378 1042 406 1091 ὁ
456 1038 645 1108 κύριος
664 1038 951 1109 Μακάριος
971 1038 1064 1091 καὶ
1085 1038 1450 1107 πνευματικὸς
1468 1039 1655 1110 Πατὴρ
1684 1055 1825 1109 παρ-

248 1130 480 1182 εκάλεσε
499 1130 626 1191 τοὺς
651 1128 923 1189 τοιούτους
948 1144 962 1159 ο
991 1128 1174 1191 καλῶς
1197 1128 1292 1181 καὶ⁸
1319 1128 1541 1199 ὲστιάθη
1568 1131 1625 1182 ὲν
1643 1129 1824 1200 ἐκείνῃ

248 1222 318 1288 τῇ
352 1219 527 1287 οἰκίαν
561 1218 656 1271 καὶ
687 1218 872 1288 μηδεὶς
904 1218 1229 1288 Χριστιανὸς
1266 1218 1588 1288 διακρινέτω
1614 1218 1675 1270 τὸ
1694 1217 1825 1271 αὐτὸ

252 1313 450 1362 ποιεῖν.
496 1308 715 1380 Ἐπειδὴ
764 1310 821 1362 δὲ
878 1309 1036 1377 λόγος
1085 1311 1215 1379 περὶ
1265 1311 1578 1378 ἐπιτιμίου·
1608 1310 1707 1380 οὐχ
1742 1310 1825 1362 ὅτι

252 1403 498 1455 ὑπαίτιοι
554 1403 876 1469 (Ἕκαστος
902 1403 1035 1470 γὰρ,
1055 1404 1239 1473 φησὶν,
1270 1403 1340 1455 ἐν
1363 1402 1438 1470 τῇ
1451 1403 1702 1472 ἁμαρτίᾳ
1722 1405 1827 1456 ai)-

253 1493 362 1546 τοῦ
395 1492 801 1556 ἀποθανεῖται,
858 1493 957 1546 καί
1009 1496 1120 1547 οὐκ
1166 1495 1608 1549 ἀποθανοῦνται
1645 1494 1829 1547 τέκνα

255 1585 411 1652 ὑπὲρ
439 1587 730 1653 πατέρων,
759 1588 833 1651 ὼς
867 1588 959 1640 κα)⁸
982 1587 1263 1658 ἔμπαλιν),
1309 1588 1443 1658 πρὸς
1486 1587 1543 1639 δὲ
1577 1604 1825 1657 παρηγο-

255 1676 404 1746 ρίαν,
457 1679 554 1748 μιᾷ
598 1678 1018 1750 Τεσσαρακοστῇ
1075 1681 1395 1748 φυλάξονται
1451 1680 1823 1751 κρεωφαγίας,

251 1768 499 1837 δηλονότι
532 1772 626 1823 καὶ
655 1771 751 1825 τοῦ
785 1772 861 1843 μὴ
892 1774 1141 1843 μετέγειν
1181 1774 1288 1825 τῶν
1323 1775 1698 1843 ἁγιασμάτων.
1733 1775 1827 1837 Είς

252 1860 313 1912 δὲ
347 1861 444 1931 τὴν
497 1862 796 1932 ἐκκλησίαν
845 1864 1162 1917 είσιέτωσαν
1191 1865 1493 1935 εὐχόμενοι,
1533 1865 1692 1935 μέχρι
1720 1866 1826 1918 τῶν

254 1930 679 2024 κατηχουμένων
734 1956 1107 2025 ἐπιμένοντες,
1154 1930 1393 2009 δότωσαν
1434 1930 1544 2009 καὶ-
1578 1930 1678 2029 την
1736 1958 1828 2010 ἀνα
1862 1930 1901 1986 Β

254 2046 500 2115 ήκουσαν
535 2050 728 2117 μοῖραν
762 2048 857 2100 τοῦ
888 2047 1073 2101 ἀθλίου
1098 2051 1208 2112 τοῖς
1237 2052 1475 2119 πτωχοῖς
1512 2048 1671 2121 [Reg.
1702 2049 1827 2105 cod.

254 2139 339 2199 εἰς
390 2136 681 2209 πτωχούς].
730 2138 1026 2209 Προσφορά
1074 2141 1173 2209 μὲν
1220 2140 1329 2210 γὰρ
1376 2142 1470 2194 καὶ
1525 2140 1832 2211 λειτουργία

257 2228 402 2298 ὑπὲρ
422 2229 585 2281 αύτοῦ
619 2230 680 2281 οὐ
714 2229 873 2298 θέμις
906 2229 1154 2298 γίνεσθαι
1202 2231 1416 2304 πάντηξ·
1457 2232 1571 2303 ἡδὲ
1606 2232 1833 2302 ὲλεημου

259 2320 396 2389 σύνη
430 2320 663 2387 γινέσθω
688 2336 701 2350 ·
734 2323 936 2392 ὠφελεῖ
981 2325 1094 2396 γὰρ
1142 2324 1280 2393 αὕτη
1318 2328 1413 2378 καὶ
1459 2327 1539 2389 είς
1580 2326 1828 2391 ἄπιστον,

257 2411 337 2474 ὥς
362 2430 523 2483 φησιν
555 2416 583 2466 ό
610 2414 997 2486 Χρυσόστομος
1019 2432 1033 2445 ·
1070 2416 1163 2469 καὶ
1204 2417 1378 2481 ἄλλως
1416 2418 1497 2470 ότι
1527 2417 1621 2472 τοῦ
1660 2417 1833 2472 ’ἰούδα

257 2506 328 2557 τὰ
366 2505 606 2573 ἀγκτικά
640 2507 882 2578 ἀργύρια
926 2511 1007 2571 είς
1049 2511 1225 2579 ταφὴν
1266 2513 1381 2573 τοῖς
1432 2510 1603 2575 ξένοις
1649 2511 1830 2583 ἐδόθη.

260 2596 599 2666 Πηξάτωταν
638 2601 823 2654 καὶτὸ
876 2605 1101 2671 σημεῖον
1148 2603 1239 2656 τοῦ
1273 2602 1536 2668 ζωοποιοῦ
1597 2603 1832 2676 σταυροῦ

259 2692 342 2751 εἰς
371 2692 463 2743 τὸν
490 2692 671 2755 τόπον,
699 2688 762 2747 οὗ
791 2695 823 2764 ἡ
855 2694 1059 2767 ἀγχόνη
1082 2713 1096 2727 ·
1133 2697 1213 2749 ὅτι
1244 2699 1337 2749 καὶ
1360 2698 1521 2761 αὐτὸς
1540 2700 1568 2750 ό
1600 2698 1833 2769 σταυρὸς

261 2783 322 2833 ὲν
353 2782 429 2850 τῷ
443 2782 682 2853 Κρανίου
704 2784 854 2855 τόπῳ
882 2786 1158 2856 πήγνυται
1183 2803 1197 2817 '
1226 2788 1359 2841 διότι
1384 2791 1500 2841 ἐκεῖ
1522 2788 1613 2841 τοῦ
1629 2789 1836 2859 ἀνθρω-

260 2873 687 2944 ποκτονηθέντος
729 2875 899 2946 Ἀδὰμ
926 2877 990 2931 τὸ
1016 2881 1256 2948 κρανίον,
1281 2880 1373 2948 ἀφ’
1402 2875 1462 2934 οὗ
1492 2880 1588 2933 καὶ
1611 2880 1829 2950 ὠνόμα-

262 2981 408 3019 σται.
432 2967 679 3020 Τοσαῦτα
700 2966 896 3039 ἔχομεν
913 2970 1094 3038 λέγειν
1131 2976 1195 3025 ἐκ
1217 2972 1327 3025 τῶν
1342 2974 1400 3025 ὲν
1433 2973 1676 3044 Γραφαῖς
1700 2988 1715 3003 '
1740 2970 1837 3024 atati.

259 3057 390 3119 τοὺς
431 3057 529 3126 μὲν
556 3058 717 3111 τοῦτο
749 3060 1021 3125 παθόντας
1053 3063 1496 3133 παρακαλοῦντες
1531 3062 1835 3133 καταλῆξαι

260 3148 361 3215 τῆς
390 3146 593 3216 πολλῆς
620 3148 821 3221 λύπης,
870 3152 968 3205 καὶ
982 3151 1050 3205 δι’
1071 3153 1423 3223 εὐχαριστίας
1446 3154 1542 3206 καὶ
1567 3154 1835 3222 ἀγαθοερ-

1920 672 2228 729 amictionis
2253 675 2595 729 vehementia
2628 687 2777 730 extra
2810 692 2867 730 se
2897 677 3099 747 positi,
3151 681 3485 737 consolatio-

1920 781 2043 819 nem
2073 776 2357 835 quierunt;
2386 768 2513 837 quid
2552 768 2653 822 hoc
2684 777 2766 823 est
2793 773 2934 838 quod
2961 786 3175 832 narras.
3214 773 3314 827 nisi
3342 773 3486 843 quod

1920 855 2139 911 Christo
2192 858 2553 912 adversantur
2616 858 2830 925 vicani,
2888 868 2942 914 et
2991 860 3207 917 diabolo
3261 865 3484 932 januam

1922 946 2173 1016 aperiunt
2193 948 2259 1002 ad
2287 948 2578 1017 perniciem
2609 965 2797 1003 eorum
2825 949 2918 1019 qui
2944 952 3321 1007 consolatione
3340 956 3485 1022 digni

1924 1040 2087 1093 sunt?
2116 1039 2205 1092 Va:
2238 1039 2304 1094 iis
2336 1040 2427 1109 qui
2460 1041 2537 1095 sic
2570 1050 2755 1111 agunt,
2789 1042 2917 1111 quia
2946 1054 3328 1112 cooperatores
3361 1055 3490 1100 sunt

1922 1130 2145 1184 diaboli.
2182 1131 2345 1185 Recte
2370 1132 2528 1201 igitur
2558 1133 2812 1188 dominus
2853 1134 3122 1190 Macarius
3152 1145 3205 1190 et
3234 1138 3490 1205 spiritua-

1924 1222 1993 1276 lis
2031 1221 2191 1276 Pater
2224 1223 2357 1277 istos
2381 1225 2692 1277 consolatus
2731 1236 2845 1290 est;
2884 1235 3031 1280 recte
3053 1237 3105 1281 et
3131 1228 3181 1279 in
3214 1228 3300 1281 illa
3328 1229 3490 1282 domo

1925 1314 2102 1370 cibum
2133 1315 2398 1383 sumpsit;
2453 1330 2554 1369 ncc
2596 1316 2739 1369 ullus
2767 1316 3117 1372 Christianus
3143 1318 3283 1372 idem
3311 1319 3489 1374 facere

1926 1414 2230 1461 cunctetur.
2248 1405 2513 1470 Quoniam
2548 1416 2726 1460 autem
2750 1408 2813 1461 de
2833 1408 3112 1464 indicenda
3131 1426 3291 1479 ptena
3311 1427 3490 1467 sermo

1924 1507 2038 1562 est;
2073 1513 2178 1550 non
2205 1499 2349 1566 quod
2374 1500 2484 1551 sint
2508 1498 2759 1567 culpandi
2783 1516 2796 1551 :
2824 1496 3185 1570 Unusquisque
3207 1504 3365 1562 enim,
3393 1504 3490 1569 ait,

1927 1590 1982 1643 in
2013 1601 2220 1659 peccato
2247 1607 2343 1643 suo
2377 1591 2661 1653 morietur;
2702 1599 2749 1643 et
2797 1607 2897 1643 non
2950 1596 3241 1647 morientur
3269 1596 3370 1662 ﬁlii
3396 1612 3492 1665 pro

1925 1683 2163 1753 patribus
2188 1683 2255 1735 ’⁸.
2290 1684 2399 1737 Aut
2426 1684 2545 1738 vice
2576 1699 2733 1738 versa
2764 1702 2777 1738 :
2809 1683 2902 1738 sed
2929 1686 2992 1739 ad
3022 1688 3450 1741 consolationem
3476 1707 3490 1742 :

1926 1773 2352 1844 Quadragesima
2383 1789 2490 1828 una
2530 1774 2598 1827 ab
2618 1789 2712 1828 esu
2753 1776 3000 1829 carnium
3024 1775 3407 1837 abstineliunt,
3444 1786 3498 1829 et

1929 1870 2119 1938 utique
2150 1867 2513 1923 sacramentis
2561 1883 2778 1938 quoque
2813 1884 2920 1923 non
2967 1870 3391 1938 participabunt.
3436 1870 3499 1923 In

1930 1958 2227 2015 Ecclesiam
2256 1968 2436 2011 autem
2472 1957 2842 2027 ingrediantur
2872 1956 3104 2019 oraturi,
3139 1956 3323 2009 tandiu
3366 1956 3499 2009 dum

1930 2049 2310 2107 catechumeni
2375 2050 2754 2109 dimittantur.
2816 2055 3230 2117 permanentes;
3289 2058 3496 2116 partem

1928 2144 2093 2199 etiam
2126 2156 2247 2212 qua:
2279 2140 2344 2195 ad
2375 2140 2637 2195 miserum
2670 2138 2825 2193 illum
2852 2138 3171 2208 pertinebat,
3209 2138 3337 2192 dent
3364 2154 3501 2208 pau-

1929 2236 2173 2306 peribus.
2206 2232 2340 2287 Nam
2367 2232 2695 2286 oblationem
2738 2242 2791 2284 et
2825 2230 3097 2300 liturgiam
3136 2245 3233 2298 pro
3267 2230 3358 2284 illo
3387 2229 3501 2283 fieri

1929 2327 2153 2383 omnino
2204 2341 2309 2379 non
2355 2324 2521 2378 licet:
2552 2323 2896 2394 eleemosyna
2943 2336 3071 2376 vero
3115 2324 3205 2375 liat
3237 2341 3249 2375 ε
3284 2322 3501 2391 prodest

1929 2418 2074 2473 enim
2113 2417 2226 2471 hanc
2260 2418 2421 2471 etiam
2455 2413 2681 2477 inﬁdeli,
2720 2423 2779 2466 ut
2804 2413 2937 2467 dicit
2960 2412 3420 2483 Clirysostomus;
3449 2422 3503 2468 et

1930 2526 1996 2566 ex
2029 2507 2181 2564 Judae
2214 2509 2412 2579 laqueo
2444 2506 2652 2561 nummi
2680 2505 2921 2574 argentei
2949 2506 3012 2558 ad
3054 2505 3386 2573 sepulturam
3408 2521 3500 2573 pe-

1932 2601 2271 2670 regrinorum
2298 2599 2481 2654 donati
2506 2607 2653 2652 sunt.
2686 2595 2912 2665 Signum
2941 2597 3101 2649 etiam
3135 2597 3361 2650 vivilica:
3385 2612 3505 2650 cru-

1932 2691 2013 2745 cis
2028 2691 2080 2744 in
2099 2706 2165 2745 eo
2182 2691 2303 2743 loco
2323 2690 2579 2759 deligant,
2606 2686 2696 2740 ubi
2714 2685 3041 2757 praefocatus
3065 2684 3167 2739 fuit
3190 2703 3202 2738 :
3229 2686 3500 2755 siquidem

1934 2797 2067 2836 crux
2100 2782 2216 2850 ipsa
2250 2782 2301 2834 in
2329 2780 2592 2835 Calvariae
2624 2778 2746 2833 loco
2775 2778 2954 2832 deﬁxa
2986 2776 3124 2840 fuit,
3154 2793 3220 2831 eo
3247 2778 3391 2847 quod
3428 2777 3499 2831 ibi

1934 2875 2175 2930 hominis
2228 2872 2424 2926 mortui
2474 2872 2644 2925 Adam
2691 2868 2974 2926 calvaria:
3010 2870 3153 2924 unde
3206 2880 3258 2924 et
3305 2884 3502 2924 nomen

1935 2969 2059 3022 loco
2091 2968 2298 3022 datum.
2330 2964 2455 3019 Haec
2480 2962 2775 3017 habuimus
2823 2977 2943 3030 qua:
2968 2976 3031 3014 ex
3081 2960 3381 3031 Scripturis
3421 2963 3505 3015 di-

1937 3074 2220 3124 ceremus;
2248 3072 2357 3125 quo
2383 3056 2503 3109 illos
2533 3055 2880 3108 hortaremur
2900 3051 3098 3122 quibus
3124 3050 3175 3105 id
3198 3052 3415 3114 accidit,
3446 3059 3507 3106 ut

1937 3169 2137 3226 magno
2167 3152 2344 3208 dolori
2384 3152 2546 3206 linem
2603 3150 2905 3219 imponant,
2953 3157 3009 3202 et
3051 3162 3177 3202 cum
3208 3148 3506 3217 gratiarum

261 3235 389 3303 γίας
418 3238 799 3313 προσεδρεύειν
818 3242 897 3315 τῷ
927 3242 1119 3314 ἀγαθῷ
1157 3244 1295 3313 Θεῷ.
1341 3245 1480 3308 Τοὺς
1510 3245 1567 3298 δὲ
1597 3244 1690 3297 τοῦ
1722 3263 1830 3315 Χον-

1939 3248 2172 3311 actione,
2222 3246 2365 3298 bona
2410 3257 2575 3312 opera
2619 3243 2763 3296 bono
2805 3239 2917 3296 Deo
2964 3241 3154 3295 sedulo
3191 3242 3505 3295 exhibeant.

266 3325 384 3397 ρίου
414 3329 811 3399 παραινοῦντες
853 3334 1161 3403 ἀφεμένους
1202 3334 1302 3403 τῆς
1345 3336 1587 3405 πονηρᾶς
1621 3334 1834 3405 διακρί-

1938 3340 2173 3394 Vicanos
2189 3350 2316 3391 vero
2340 3334 2720 3400 admonemus,
2748 3342 2810 3388 ut
2834 3349 3001 3403 pravo
3022 3332 3214 3388 all‘ectu
3239 3334 3503 3404 deposito,

266 3435 425 3485 σεως,
484 3424 777 3487 κοινωνοὺς
825 3424 970 3495 ἔχειν
1025 3425 1103 3488 ὡς
1149 3426 1279 3497 πρὶν
1329 3426 1455 3490 τοὺς
1502 3426 1603 3496 τῆς
1658 3426 1838 3490 οίκίας

263 3510 523 3582 ἐκείνης,
579 3515 638 3567 ἐν
702 3516 925 3589 Χριστῷ
998 3517 1174 3590 Ἰησοῦ
1243 3518 1321 3590 τῷ
1382 3518 1575 3590 Κυρίῳ
1653 3517 1832 3590 ἡμῶν.

279 3599 476 3675 Ἀμήν.

442 3744 738 3820 ρΝΑ’(ιθ).
766 3780 836 3790 -
859 3750 1086 3819 Νικήτᾳ
1113 3752 1441 3822 ἡγουμένῳ.
1469 3751 1653 3826 [χλβ’.]

1936 3445 2061 3486 cum
2095 3428 2162 3483 iis
2188 3427 2282 3497 qui
2325 3425 2379 3478 in
2413 3424 2576 3478 domo
2616 3424 2705 3478 illa
2736 3433 2884 3487 sunt,
2924 3425 3151 3494 pristino
3178 3440 3329 3479 more
3358 3440 3510 3479 com-

1935 3521 2238 3582 municent,
2275 3518 2328 3572 in
2359 3515 2577 3571 Christo
2595 3514 2728 3571 Jesu
2762 3514 2994 3570 Domino
3021 3524 3232 3570 nostro.
3275 3515 3470 3571 Amen.

2248 3740 2425 3798 CLIV.
2457 3770 2527 3779 —-
2564 3738 2764 3795 Nicetis
2793 3742 3072 3811 praeposito
3094 3740 3184 3812 (⁵).

272 3888 413 3947 Quod
439 3890 745 3955 participath
765 3896 820 3941 et
839 3890 1117 3943 communio
1140 3892 1271 3943 idem
1296 3892 1416 3943 sint:
1444 3899 1594 4006 anule
1619 3893 1744 4003 δόξα

1548 3969 1620 4005 cis
1648 3968 1675 4004 c
1710 3968 1755 4003 ω

1933 3886 2293 3996 ὴωτεῑίξὲοςυιτη,
2314 3896 2426 3932 cum
2460 3878 2783 3944 participatur
2836 3881 2896 3930 ab
2919 3864 3185 3944 aliquibus,
3208 3892 3321 3929 cum
3349 3879 3514 3930 here-

1933 3957 2033 4000 stes
2053 3963 2081 3998 e
2138 3960 2212 3995 cta
2247 3974 2260 3985 -

348 4059 457 4114 Οὐκ
504 4062 752 4134 ἄκαιρον,
807 4058 999 4136 οἶμαι,
1037 4063 1099 4118 τδ
1136 4064 1310 4136 παρὸν
1348 4065 1730 4136 γραμματεῖον
1770 4065 1838 4135 τῇ

269 4156 514 4224 πατρικῇ
549 4171 639 4207 σου
669 4157 948 4230 ἁγιωσύνῃ
972 4171 987 4187 ο
1023 4156 1085 4209 οὐ
1122 4155 1284 4225 μόνον
1306 4156 1387 4210 ὅτι
1416 4156 1477 4210 τὸ
1496 4156 1597 4226 τῆς
1617 4154 1841 4225 ἀγάπης

270 4245 472 4313 πληροῖ
494 4262 508 4275 ·
545 4247 660 4299 ἀλλ’
687 4249 770 4303 ὅτι
816 4250 911 4303 καὶ
953 4250 1197 4320 λυπηρόν
1224 4267 1278 4303 τι
1315 4248 1560 4314 ὲνιζάνον
1586 4248 1747 4320 ἡμῶν
1771 4249 1838 4318 τῇ

268 4339 500 4407 ταπεινῇ
524 4337 669 4410 ψυχῇ
690 4381 705 4405 ,
738 4345 1107 4411 φανεροποιεϊ.
1141 4343 1269 4407 Καὶ,
1301 4343 1349 4395 εί
1374 4341 1642 4407 κελεύεις,
1666 4342 1838 4413 πρόσο

270 4440 368 4497 χες
430 4430 541 4491 τοῖς
602 4428 938 4500 λεγομένοις.
986 4430 1122 4486 Μεθ’
1168 4431 1519 4502 ὑποστροφὴν
1544 4432 1646 4503 τῆς
1673 4433 1733 4486 ὲν
1760 4429 1838 4502 τῷ

284 4517 511 4591 ’Δκρίτᾳ
561 4522 833 4593 συνόψεως
867 4524 1025 4595 ἡμῶν
1062 4524 1170 4578 τῶν
1209 4526 1380 4595 ἁγίων
1403 4524 1683 4593 Πατέρων,
1715 4541 1842 4578 συν-

272 4608 466 4681 έτυχον
492 4612 566 4682 τῷ
596 4614 849 4686 ἡμετέρῳ
872 4616 1086 4686 ἀδελφῷ
1122 4616 1448 4686 Ἀθανασίῳ,
1481 4615 1842 4686 διηγούμενος

271 4701 479 4756 ἕκαστα
510 4705 617 4758 τῶν
646 4709 703 4759 ἐν
728 4708 918 4780 Κυρίῳ
936 4708 1340 4781 διειλεγμένωψ
1364 4707 1627 4774 ἐπειπὼν,
1652 4708 1732 4761 ὅτι
1749 4708 1846 4762 καὶ

2015 4059 2134 4115 Νοη
2182 4057 2491 4127 importuna
2541 4052 2663 4117 erit,
2694 4053 2910 4123 opinor,
2945 4051 3065 4107 haec
3119 4051 3353 4122 epistola
3412 4068 3514 4123 pa-

1942 4164 2115 4208 ternm
2136 4148 2411 4206 sanctitati
2444 4155 2552 4203 tua:
2595 4165 2609 4201 :
2651 4160 2761 4200 non
2795 4146 2972 4200 solum
3012 4146 3139 4216 quia
3178 4143 3354 4199 ollicio
3384 4144 3515 4199 fun-

1942 4243 2087 4315 gitur
2126 4240 2409 4297 cliaritatis
2434 4256 2449 4306 ;
2489 4252 2678 4294 verum
2704 4236 2869 4292 etiam
2899 4236 3027 4307 quia
3054 4236 3210 4290 triste
3231 4236 3514 4303 quiddam,

1941 4335 2087 4406 quod
2140 4335 2194 4389 in
2222 4331 2416 4388 humili
2469 4331 2653 4386 anima
2728 4338 2912 4384 nostra
2956 4328 3173 4395 insidet,
3233 4327 3512 4398 patefacit.

1943 4426 2028 4491 Et,
2072 4427 2119 4481 si
2166 4426 2345 4497 iubes,
2380 4423 2598 4478 attende
2625 4436 2749 4493 quae
2805 4421 3005 4476 dicam.
3040 4418 3174 4476 Post
3215 4421 3447 4476 reditum
3484 4436 3514 4475 ι

1939 4527 2233 4588 conspectu
2290 4524 2489 4571 sancta
2556 4511 2906 4584 paternitatis
2966 4519 3164 4566 vestra:
3202 4509 3256 4564 in
3304 4510 3513 4577 Acrita,

1939 4622 2265 4676 congressus
2326 4619 2448 4660 sum
2504 4618 2629 4658 cum
2706 4602 2875 4657 fratre
2916 4610 3105 4657 nostro
3176 4600 3515 4666 Athanasio,

1941 4699 2155 4769 singula
2191 4711 2454 4752 enarratis
2507 4695 2576 4751 de
2608 4694 2805 4765 quibus
2852 4694 2908 4747 in
2966 4692 3195 4748 Domino
3230 4691 3513 4747 disserue-

271 4796 301 4847 ὁ
328 4796 422 4849 τοῦ
458 4798 747 4867 Μηδικίου,
792 4801 1071 4871 συνίστησι
1127 4801 1218 4855 τὸν
1273 4799 1579 4871 Μαξιμίνου
1634 4800 1725 4853 ἐπὶ
1770 4802 1834 4871 τῇ

1946 4807 2132 4846 ramus
2175 4808 2189 4845 :
2236 4790 2441 4845 addens
2496 4788 2741 4858 insuper,
2776 4786 2922 4856 quod
2991 4784 3333 4840 Mediciensis
3360 4799 3517 4839 com-

272 4887 537 4960 καλλίστῃ
567 4892 835 4963 μεταϐολῇ
860 4892 1046 4958 αὑτοῦ,
1083 4894 1249 4965 ἤγουν
1284 4893 1549 4962 ἀπολογία
1590 4892 1689 4945 καὶ
1722 4894 1845 4961 ὀμο-

272 4978 453 5051 λογίᾳ.
498 4980 556 5033 '(l
582 4983 637 5035 δὲ
663 4983 941 5048 ἀνένευσε,
973 4986 1069 5038 καὶ
1109 4986 1210 5056 τὴν
1255 4985 1439 5040 αἰτίαν
1484 4986 1582 5056 τῆς
1615 4983 1843 5039 ἀνανεύ-

276 5087 449 5135 σεως⁶
480 5071 590 5141 ἐγὼ
639 5075 739 5143 μὲν
786 5076 1051 5147 ἀπῄτουν,
1081 5078 1288 5141 ἐκεῖνος
1332 5077 1390 5131 δέ
1427 5093 1613 5147 φησιν·
1654 5075 1842 5147 Ἐντῷ

273 5160 685 5234 ’Δπολογητικῴ
701 5166 839 5237 ὅπερ
858 5167 1255 5237 συνεγράψατο,
1275 5166 1371 5219 καλ⁸
1391 5166 1554 5231 αὐτὸς
1578 5165 1840 5235 ἀνέγνων,

274 5254 423 5323 λέγει
457 5256 781 5326 μεταλαϐεῖν
804 5274 818 5289 ⁸
859 5259 973 5312 ἀλλ’
1003 5259 1124 5329 οὐχὶ
1155 5259 1505 5329 κοινωνῆσαι,
1530 5258 1625 5311 καὶ
1641 5259 1847 5311 οἰκονο-

278 5349 412 5420 μίαν
437 5344 579 5403 εῐναι
603 5351 727 5408 καθ’
752 5350 945 5419 ὕφεσιν
971 5351 1261 5423 ἀκριϐείας
1281 5390 1295 5413 ,
1314 5352 1430 5406 ἀλλ’
1457 5352 1556 5405 οὐκ
1571 5350 1847 5404 ἔκπτωσιν

1949 4884 2168 4939 mendat
2205 4880 2557 4935 Maximinum
2590 4880 2645 4934 in
2683 4877 3053 4950 pulcherrima
3105 4878 3223 4945 ejus
3281 4892 3519 4932 conver-

1950 4976 2127 5041 sione,
2145 4974 2247 5029 boc
2257 4982 2362 5037 est,
2376 4973 2430 5026 in
2446 4971 2696 5042 apologia
2715 4980 2769 5025 et
2785 4967 3151 5026 confessione.
3172 4966 3266 5023 Ille
3283 4983 3409 5022 vero
3422 4968 3519 5024 ab-

1947 5073 2096 5127 nuit:
2115 5083 2353 5138 cumque
2367 5082 2588 5123 causam
2604 5080 2853 5135 rogarem
2871 5079 2969 5118 cur
2985 5063 3251 5117 abnueret
3274 5062 3363 5131 :[ln
3381 5062 3521 5132 Apo-

1941 5163 2196 5235 logetico,
2211 5160 2406 5231 inquit,
2425 5173 2585 5229 quem
2610 5156 2958 5225 conscripsit,
2976 5164 3031 5210 et
3064 5169 3227 5224 quem
3252 5155 3370 5223 ipse
3390 5154 3517 5225 legi,

1945 5257 2023 5312 ait
2071 5254 2449 5326 participasse,
2491 5266 2597 5305 non
2639 5258 2821 5304 autem
2856 5246 3315 5308 communicasse,
3357 5253 3521 5315 atque

1955 5347 2061 5403 hoc
2101 5344 2565 5415 dispensationem
2597 5356 2739 5405 esse,
2770 5355 2876 5409 qua
2908 5337 3269 5407 exactumjus
3299 5337 3519 5391 emitta-

275 5441 538 5511 ἀληθείας
566 5442 745 5497 τοῦτο.
773 5445 838 5497 Τί
863 5442 1054 5507 ταῦτα,
1078 5437 1122 5496 ὦ
1160 5444 1340 5511 Πάτερ
1361 5442 1663 5513 τιμιώτατε
1689 5458 1704 5507 ;
1739 5440 1834 5512 Ού)

1945 5448 2058 5504 tur,
2080 5438 2282 5493 veritas
2302 5444 2483 5490 autem
2510 5449 2617 5489 non
2646 5432 2948 5487 amittatur.
2984 5430 3255 5498 Quidnam
3288 5438 3391 5484 hoc
3414 5435 3517 5493 est,

275 5533 552 5604 ὁμολογεῖ,
580 5533 656 5599 ὡς
684 5536 742 5588 ὲν
767 5534 922 5607 τύπῳ
945 5537 1140 5603 εἰπεῖν,
1180 5536 1262 5589 ὅτι
1295 5536 1469 5606 φειδοῖ
1487 5533 1582 5589 τοῦ
1619 5534 1845 5607 γὴρους,

353 5668 404 5702 ’⁸
436 5671 589 5726 Deut.
638 5686 789 5737 xxw,
831 5670 919 5727 16.

1948 5530 2107 5587 Pater
2124 5526 2578 5585 bonoratissime?
2608 5524 2802 5580 Annon
2824 5524 2907 5581 sic
2920 5523 3231 5589 conﬁtetur,
3258 5529 3321 5577 ut
3363 5534 3519 5575 sum-

1793 5780 2019 5839 ΝΟΤᾸΞ.

361 5898 476 5969 (46)
510 5898 566 5954 In
594 5900 714 5957 cod.
743 5898 871 5973 Reg.
910 5902 1027 5973 ριδ’.

2010 5899 2087 5969 (³⁸)
2124 5895 2455 5969 Dogmatica.
