4156 6462
709 379 846 445 1479

1888 381 1947 439 5.
1991 375 2382 438 THEODORI
2416 376 2761 436 STUDITE

3812 372 3966 437 “80

707 492 895 545 matim
928 488 1106 543 dicam
1138 506 1151 543 :
1186 486 1459 543 Senectuti
1513 502 1765 557 parcens,
1806 490 2043 543 animam
2096 504 2269 543 meam

2380 486 2547 541 ὧλεσά
2578 504 2683 557 μου
2709 489 2806 555 τὴν
2835 488 3033 556 ψυχὴν,
3078 488 3416 555 κοινωνήσας
3458 487 3549 540 ἐπὶ
3591 489 3659 557 τῇ
3714 488 3965 558 ἀρνήσει

705 582 936 653 perdidi,
962 581 1444 635 communicansin
1469 583 1754 651 negatione
1774 582 2024 651 imaginis
2044 581 2270 647 Christi,

704 681 759 728 et
780 672 1043 741 Deiparaa,
1067 681 1492 741 sanctorumque
1516 673 1760 726 omnium
1796 693 1811 726 :
1848 674 1963 728 hmo
1984 674 2127 727 enim
2156 674 2274 727 leo-

706 764 1023 818 nomachica
1046 772 1128 817 est
1145 762 1390 826 haeresis,
1422 771 1583 831 atque
1618 764 1670 816 in
1700 764 1801 817 hoc
1830 779 1952 817 cum
1978 763 2158 833 impiis
2178 778 2274 833 ag-

707 863 963 922 gregatus
988 868 1132 907 sum.
1180 850 1385 907 Deinde
1411 853 1477 906 ad
1506 852 1668 907 tinem
1701 869 1873 923 usque
1904 853 1959 907 in
2001 864 2277 908 monaste-

708 945 793 997 rio
828 960 946 998 meo
976 944 1251 1013 permansi
1280 944 1683 1013 persecutionis
1732 960 1945 1014 expers,
1982 960 2106 999 cum
2159 944 2275 1014 agi-

709 1044 916 1088 taretur
941 1033 1181 1089 Ecclesia
1214 1046 1420 1090 nostra.
1446 1037 1642 1091 Annon
1686 1037 1758 1091 ita
1783 1037 2069 1091 contltetur
2096 1046 2146 1090 et
2176 1036 2277 1091 de-

709 1126 918 1196 plorat?
950 1124 1148 1179 Verum
1188 1142 1359 1196 nugas
1410 1127 1532 1183 illas
1562 1129 1782 1194 occinit,
1810 1139 1989 1198 atque,
2024 1137 2083 1183 ut
2113 1128 2277 1183 refert

709 1219 757 1274 is
786 1218 877 1286 qui
910 1218 1041 1271 mihi
1071 1220 1311 1272 narravit
1331 1216 1399 1272 ad
1431 1234 1587 1274 suam
1618 1218 1988 1273 defensionem
2016 1218 2273 1273 Dianium

709 1308 999 1377 quemdam
1026 1322 1057 1362 e
1091 1306 1348 1364 Patribus
1404 1309 1674 1379 producit.
1730 1310 1824 1378 qui
1888 1309 2028 1363 idem
2065 1308 2274 1371 fecerit,

710 1407 765 1453 et
795 1416 824 1453 a
873 1409 1065 1455 sancto
1124 1399 1349 1467 Basilio,
1407 1408 1467 1455 ut
1514 1402 1610 1467 ait,
1662 1411 1948 1471 susceptus
2002 1401 2124 1467 sit;
2163 1410 2276 1455 tum

711 1493 876 1546 etiam
920 1503 1126 1562 patrem
1170 1492 1415 1562 Gregorii
1449 1491 1730 1564 Theologi.
2231 1557 2241 1571 ι

781 1582 825 1638 Ο
888 1584 1090 1653 justam
1153 1585 1616 1655 indignationem.
1677 1594 1732 1641 et
1800 1585 1942 1641 sacri
2017 1586 2279 1641 antistitis

710 1673 911 1738 nostri,
943 1681 997 1728 et
1030 1674 1195 1729 totius
1227 1673 1605 1729 confessorum
1648 1676 1837 1731 chori!
1881 1675 1938 1730 Si
1984 1676 2131 1730 enim
2177 1677 2280 1730 hoc

713 1770 1121 1825 communicare
1189 1782 1299 1821 non
1346 1776 1451 1829 est,
1515 1782 1689 1837 neque
1737 1768 1991 1838 prolabi;
2023 1770 2273 1837 quisnam

714 1860 928 1916 fructus
987 1868 1069 1915 est
1122 1868 1499 1929 susceptorum
1546 1859 1615 1912 ab
1671 1859 1781 1914 illis
1828 1859 2187 1913 certaminum
2222 1868 2277 1914 et

713 1954 1047 2025 przliorum,
1082 1968 1146 2007 ac
1194 1952 1475 2024 sanguinis
1511 1949 1717 2022 profusi
1777 1960 1832 2006 et
1857 1967 2222 2007 aerumnarum
2252 1952 2276 2005 ?

715 2061 815 2100 cur
840 2054 893 2100 et
926 2044 1040 2114 ipse
1102 2044 1379 2099 abscissus
1400 2041 1529 2098 est?
1562 2059 1661 2098 cur
1691 2044 2084 2098 monasterium
2116 2044 2277 2099 relin-

712 2136 879 2206 quit?
911 2151 1009 2190 cur
1041 2135 1318 2189 inhibetur
1347 2150 1378 2189 a
1410 2133 1715 2190 sacriﬁcio?
1738 2135 1803 2200 Ο,
1830 2147 1884 2190 et
1905 2136 2102 2192 iterum
2133 2138 2275 2202 dico,

715 2229 956 2283 divinam
994 2228 1418 2299 indignationem
1457 2245 1471 2281 :
1504 2229 1647 2297 quod
1705 2231 1984 2284 veritatem
2028 2230 2084 2284 in
2132 2230 2279 2301 inju-

715 2320 864 2376 stitia
896 2318 1143 2374 detinens
1175 2320 1242 2383 ",
1274 2319 1415 2374 idem
1446 2321 1589 2389 quod
1623 2321 1737 2389 ipse
1790 2319 1937 2386 fecit,
1971 2321 2160 2377 Patres
2196 2324 2279 2377 le-

716 2415 859 2471 cisse
887 2414 1186 2469 existimat.
1218 2414 1327 2483 Age
1376 2429 1521 2482 ergo,
1556 2414 1921 2468 inconsultum
1972 2428 2279 2468 sermonem

715 2508 1102 2579 expendamus.
1121 2507 1466 2575 Participavi.
1506 2507 1601 2562 sed
1623 2524 1728 2562 non
1752 2508 2174 2563 communicavi.
2194 2508 2283 2562 Ait

715 2598 900 2667 itaque
958 2598 1169 2667 uspiam
1220 2598 1596 2666 theologorum
1636 2599 2029 2655 celeberrimus
2063 2617 2076 2653 :
2114 2599 2284 2653 Parti-

718 2704 846 2758 eeps
874 2688 1052 2745 iactus
1110 2705 1231 2744 sum
1260 2690 1535 2759 imaginis,
1576 2700 1762 2745 etnon
1813 2692 2110 2746 eustodivi.
2149 2689 2283 2746 Par-

720 2782 888 2851 tireps
929 2781 985 2835 lit
1017 2796 1149 2836 mea:
1191 2781 1543 2847 inﬁrmitatis,
1578 2794 1636 2837 ut
1684 2795 1738 2838 et
1766 2784 2052 2855 imaginem
2082 2793 2283 2849 servet,

720 2877 774 2923 et
812 2884 1031 2923 carnem
1075 2870 1239 2923 morti
1298 2872 1499 2925 tradat.
1554 2872 1803 2927 Secunda
1869 2888 1999 2942 ergo
2036 2888 2283 2928 commu-

721 2962 885 3015 nione
931 2962 1379 3026 communicavit,
1421 2978 1543 3032 qua
1581 2964 1755 3032 priori
1786 2964 1944 3034 longe
1996 2963 2286 3019 admirabi-

721 3051 829 3107 lior
863 3060 965 3107 est.
995 3052 1133 3108 Ecce
1169 3069 1356 3107 vocem
1392 3054 1553 3118 hanc,
1580 3055 1918 3123 participaui,
1948 3055 2288 3109 communio—

720 3163 843 3202 nem
884 3146 1193 3214 signilicare
1238 3158 1522 3199 ostensum
1552 3154 1656 3200 est.
1722 3144 2073 3214 Participatio
2137 3147 2281 3200 enim
2312 3177 2354 3235 ο

720 3254 815 3294 seu
879 3237 1195 3307 μετάληψις,
1249 3246 1301 3291 et
1352 3237 1799 3305 communicatio,
1833 3238 1971 3293 idem
2008 3247 2287 3304 sunt;at-

720 3346 825 3399 que
864 3329 953 3383 illa
1008 3330 1227 3397 quidem
1283 3329 1361 3383 sic
1391 3329 1534 3382 dicta
1577 3345 1641 3383 ex
1678 3345 1743 3383 eo
1776 3332 1922 3399 quod
1982 3341 2067 3387 est
2121 3333 2285 3389 simul

721 3420 949 3485 haberi;
988 3422 1102 3474 haec
1131 3430 1312 3474 autem
1342 3436 1407 3475 ex
1446 3436 1512 3475 eo
1541 3421 1689 3489 quod
1720 3423 1812 3491 qui
1860 3424 2028 3478 simul
2060 3425 2283 3491 habent,

720 3526 1010 3567 commune
1045 3511 1265 3565 faciant.
1300 3511 1605 3567 Etdivinus
1641 3515 1767 3567 item
1793 3515 2087 3583 Apostolus
2126 3534 2141 3569 :
2179 3516 2283 3572 Ca-

722 3606 801 3659 ti:
830 3605 1196 3658 benedictionis
1230 3605 1315 3658 cui
1342 3606 1710 3670 benedicimus,
1738 3622 1905 3661 nonne
1930 3611 2287 3662 communica-

724 3700 796 3751 tio
837 3697 1108 3766 sanguinis
1148 3696 1356 3749 Domini
1388 3697 1511 3749 est?
1547 3698 1699 3766 panis
1753 3714 1906 3769 quem
1968 3700 2287 3769 frangimus,

724 3807 891 3845 nonne
924 3790 1271 3858 participatio
1302 3790 1537 3858 corporis
1599 3790 1812 3844 Domini
1843 3791 1969 3844 est?
2025 3789 2287 3855 Quoniam

724 3899 857 3935 unus
884 3883 1059 3950 panis,
1096 3897 1257 3933 unum
1294 3897 1484 3947 corpus
1532 3881 1689 3933 multi
1741 3897 1950 3944 sumus,
1992 3897 2169 3935 omnes
2198 3882 2288 3951 qui

724 3975 788 4027 de
823 3992 925 4027 uno
946 3988 1078 4041 pane
1102 3974 1476 4041 participantus
1512 3974 1577 4025 ".

797 4066 935 4121 Ecce
968 4067 1054 4119 hic
1109 4066 1270 4119 etiam
1308 4065 1400 4133 qui
1443 4064 1630 4118 mundi
1661 4064 1843 4118 lumen
1876 4063 1999 4131 fuit,
2028 4065 2288 4133 ostendit,

730 4156 1195 4225 participationem
1226 4153 1339 4207 sive
1402 4154 1634 4222 μετοχὴν
1665 4167 1787 4207 esse
1824 4153 2288 4208 communionem.

730 4246 900 4301 Nemo
957 4254 1133 4299 autem
1174 4244 1373 4298 mentis
1433 4259 1680 4314 compos,
1721 4243 1814 4312 qui
1846 4253 2000 4314 neget
2058 4246 2291 4314 μετοχὴν

728 4356 851 4395 esse
874 4338 1196 4409 μετάληψιν.
1224 4335 1378 4391 Sicut
1414 4352 1543 4407 ergo
1566 4336 1786 4391 divinus
1807 4336 1963 4405 panis
1999 4338 2068 4391 ab
2096 4339 2288 4393 ortho-

731 4428 886 4485 doxis
935 4426 1308 4498 participatus,
1366 4440 1557 4479 omnes
1602 4424 1694 4494 qui
1747 4426 2071 4493 participant
2122 4442 2287 4481 unum

2374 580 2474 648 τῆς
2502 582 2713 643 εἰκόνος
2744 580 3001 649 Χριστοῦ,
3038 580 3135 648 τῆς
3166 596 3226 632 τε
3255 579 3542 643 θεοτόκου,
3590 582 3686 634 ita!
3724 581 3965 632 πάντων

2376 672 2765 737 ἀγίων·τοῦτο
2824 672 2933 741 γάρ
2993 672 3026 741 ἡ
3084 671 3489 739 Εἰκονομαχικὴ
3558 673 3809 740 αἵρεσις·
3850 674 3965 724 κάν

2375 763 2551 832 τούτῳ
2579 762 2905 831 συνηλίσθην
2930 764 3041 823 τοῖς
3059 762 3333 816 ἀσεϐέσιν.
3364 757 3495 814 Εἶτα
3518 763 3607 814 καὶ
3630 762 3735 821 ἕως
3758 760 3966 822 τέλους

2377 855 2626 923 ἔνέμεινα
2654 856 2711 907 ὲν
2727 854 2803 923 τῷ
2831 853 3176 923 μοναατηρίῳ
3202 870 3300 921 μου
3323 853 3588 915 ἀδίωκτος
3614 853 3768 905 δονου
3780 853 3963 921 μένης

2377 946 2477 1014 τῆς
2507 946 2628 999 καθ’
2652 947 3153 1017 ἡμᾶςιῈκκλησίας
3188 944 3331 1017 [cod.
3375 944 3506 1014 Reg.
3556 944 3960 1015 οίκουμένης].

2379 1038 2491 1106 υὺχ
2511 1036 2683 1100 οὕτως
2715 1038 3114 1107 ὲξομολογεῐται
3164 1037 3258 1090 καὶ
3300 1037 3620 1107 προσκλαίιι
3648 1053 3665 1103 ;
3714 1037 3859 1088 ἀλλά
3889 1042 3962 1089 τά

2381 1127 2793 1199 βαπαρίσματα
2818 1130 3008 1180 ἐκεῖνα
3040 1130 3195 1197 φαίη,
3224 1130 3320 1181 καὶ
3361 1126 3436 1189 ὥς
3466 1145 3630 1195 φησιν
3658 1130 3685 1180 ὁ
3720 1127 3962 1195 ὲξηγούο

2382 1237 2562 1290 μενος,
2595 1220 2677 1272 ὅτι
2698 1237 2759 1284 γε
2795 1221 2889 1273 καὶ
2918 1220 3159 1287 παράγει
3183 1222 3262 1281 εἰς
3285 1218 3613 1288 συνηγορίαν
3631 1218 3800 1270 αὑτοῦ
3824 1218 3962 1269 Attio

2377 1313 2488 1365 νιόν
2516 1329 2635 1365 τινα
2662 1311 2769 1364 τῶν
2794 1310 3051 1381 Πατέρων
3081 1310 3246 1362 ταυτδ
3266 1310 3622 1380 πεποιηκότα,
3651 1309 3731 1370 ὃν,
3758 1309 3959 1376 φησιν,

2378 1404 2681 1470 εἰσεδέξατο
2713 1406 2741 1456 ό
2765 1403 2919 1471 ἅγιος
2949 1401 3228 1465 Βασίλειος
3249 1418 3262 1432 ο
3291 1404 3413 1454 ἐπεὶ
3456 1402 3549 1455 καὶ
3584 1402 3676 1454 τὸν
3730 1402 3960 1469 πατέρα

2377 1494 2681 1566 Γρηγορίου
2711 1492 2804 1545 τοῦ
2835 1492 3125 1561 Θεολόγου.

2449 1587 2514 1637 Ὦ
2531 1583 2741 1645 δικαίας
2763 1585 3203 1653 ἀγανακτήσεως,
3217 1582 3313 1635 τοῦ
3332 1600 3391 1635 τε
3408 1583 3452 1635 ίε
3462 1583 3554 1652 ροῦ
3570 1584 3602 1651 ἡ
3610 1581 3726 1651 μῶν
3747 1583 3956 1653 ἀρχιε-

2382 1679 2542 1749 ρέως,
2583 1677 2677 1729 καὶ⁵
2727 1676 2923 1738 παντὸς
2939 1675 3035 1728 τοῦ
3052 1673 3440 1745 ὁμολογητικοῦ
3467 1673 3837 1743 πληρώματος
3860 1674 3960 1726 ιει

2378 1771 2486 1839 γὰρ
2499 1770 2671 1822 ἐκεῖνο
2683 1767 2743 1819 οὐ
2763 1767 3038 1829 κοινωνία,
3053 1767 3170 1820 οὐδὲ
3185 1768 3453 1829 ἔκπτωσις
3465 1781 3480 1795 ·
3497 1767 3549 1819 τί
3560 1765 3619 1817 τδ
3634 1766 3827 1834 wax
3841 1764 3960 1817 τῶν

2375 1860 2602 1923 ἐκείνοις
2626 1858 2850 1927 ἀγώνων
2885 1874 2946 1910 τε
2974 1860 3067 1911 καὶ
3083 1858 3279 1923 ἄθλων,
3297 1859 3615 1928 αἱμάτωντε
3643 1858 3737 1911 καὶ
3755 1858 3958 1910 ταλαι-

2377 1951 2731 2021 πωρημάτων
2758 1946 2926 2012 ςτίδὲ
2980 1947 3075 2000 καὶ
3123 1948 3284 2009 αὐτὸς
3316 1947 3579 2017 ἀπεμήθη
3625 1944 3776 2017 [cod.
3815 1944 3956 2013 Reg.

2375 2040 2703 2113 ἐπετιμήθη]
2726 2058 2742 2107 ;
2768 2040 2821 2092 τί
2848 2039 2905 2092 δὲ
2935 2040 3031 2091 καὶ¹
3082 2038 3279 2107 ἀφίησι
3306 2038 3367 2090 τὸ
3400 2040 3760 2109 μοναστὴριον
3781 2055 3796 2099 ;
3820 2040 3873 2091 τί
3898 2038 3959 2090 δὲ

2376 2137 2726 2207 καὶεῖργεται
2772 2134 2872 2203 τῆς
2905 2132 3257 2203 ἰερουργίαςζ
3310 2132 3396 2194 Ὠ,
3440 2134 3532 2182 καὶ
3579 2127 3737 2193 αὖθις
3783 2131 3956 2198 λέγω.

2376 2228 2472 2297 τῆς
2495 2227 2643 2290 θείας
2672 2226 3098 2295 ἀγανακτήσεως
3125 2225 3138 2277 ι
3172 2224 3253 2275 ὅτι
3275 2222 3375 2292 τὴν
3402 2223 3660 2291 ἀλήθειαν
3684 2226 3740 2274 ὲν
3767 2223 3958 2291 ἀδικία

2377 2316 2641 2385 κατέχων.
2664 2317 2831 2368 οἴεται
2876 2316 2970 2367 καὶ
3024 2315 3149 2376 τοὺς
3194 2314 3444 2384 Πατέρας
3465 2314 3828 2365 ταυτοπαθεῑν
3849 2313 3957 2365 αὺ-

2379 2406 2472 2478 eo.
2488 2408 2622 2474 Φέρε
2640 2402 2753 2471 οὖν,
2772 2407 3067 2475 ίδωμεντδν
3089 2404 3368 2472 ἀλόγιστον
3391 2404 3546 2471 λόγον
3577 2421 3592 2436 ο
3617 2402 3956 2468 Μετέλαεον,

2380 2499 2492 2553 ἀλλ’
2523 2499 2621 2551 οὐκ
2674 2499 3027 2566 ἐκοινώνησα.
3055 2496 3217 2563 Λέγει
3266 2495 3556 2565 τοιγαροῦν
3582 2489 3685 2547 ὧδέ
3702 2512 3805 2547 που
3841 2496 3957 2547 τῶν

2382 2585 2644 2653 θεολόγων
2676 2591 2703 2637 ο
2718 2583 3015 2653 διαϐόητος·
3035 2583 3343 2637 Μετὲλαῦον
3361 2585 3456 2653 τῆς
3476 2583 3701 2645 εἰκόνος,
3727 2584 3822 2634 καὶ
3850 2584 3957 2634 οὐκ

2380 2679 2617 2749 ἐφύλαξα
2640 2694 2651 2708 ·
2688 2676 3101 2748 μεταλαμσάνει
3130 2678 3226 2748 τῆς
3249 2678 3387 2747 ἐμῆς
3407 2675 3719 2739 ἀσθενείας,
3747 2676 3839 2728 ἵνα
3862 2676 3958 2728 καὶ

2380 2769 2476 2840 τὴν
2505 2770 2685 2822 εἰκόνα
2719 2767 2889 2838 σώσῃ,
2922 2766 3015 2819 καὶ
3044 2765 3140 2837 τὴν
3177 2768 3356 2837 σάρκα
3398 2766 3723 2836 ἀθανατίσῃ.
3757 2765 3955 2817 Δευτέ-

2386 2876 2483 2928 ραν
2509 2855 2601 2911 οὖν
2632 2860 2919 2911 κοινωνίαν
2946 2858 3213 2921 κοινωνεῖ,
3265 2858 3357 2908 καὶ
3384 2857 3517 2909 πολὺ
3546 2856 3645 2924 τῆς
3671 2857 3955 2924 προτέρας

2383 2951 2829 3023 παραδοξοτέραν.
2855 2950 3011 3012 Ἰδοὺ,
3039 2949 3120 3014 τὸ,
3137 2946 3483 3017 μετέλαϐον,
3519 2950 3823 3013 κοινωνεῖν,
3857 2947 3956 2999 ὲκ-

2383 3045 2675 3110 πέφασται.
2709 3040 3060 3110 Μετὰληψις
3114 3042 3222 3108 γάρ
3263 3040 3356 3093 καὶ
3425 3041 3680 3093 κοινωνία
3713 3038 3952 3093 ταυτόνο

2386 3138 2420 3205 ἡ
2450 3136 2549 3207 μὲν
2579 3139 2642 3187 ἐκ
2669 3136 2760 3188 τοῦ
2817 3136 3139 3205 μετέχεσθαι
3165 3136 3239 3201 ’ἡ
3276 3134 3332 3185 δὲ
3383 3138 3447 3187 ὲκ
3495 3134 3591 3187 τοῦ
3639 3134 3769 3199 τοὺς
3823 3149 3954 3205 μετ-

2387 3231 2608 3300 έχοντας
2652 3226 3091 3288 κοινοποιεῖσθαι.
3123 3226 3523 3299 ὀνομαζομένη.
3582 3228 3695 3281 Καὶ
3723 3228 3902 3279 τοίνυν
3925 3228 3956 3279 ό

2385 3320 2666 3386 θεσπέσιος
2709 3320 3065 3382 Ἀπόστολος·
3107 3320 3176 3372 Τὸ
3200 3319 3487 3385 ποτήριον
3529 3318 3636 3384 τῆς
3673 3320 3957 3388 εὐλογίας

2356 3415 2829 3488 ’δεὺλογοῦμεη
2864 3412 2999 3480 οὺχί
3050 3412 3329 3464 κοινωνία
3380 3410 3487 3463 τοῦ
3547 3412 3789 3477 αἵματος
3850 3410 3953 3462 τοῦ

2387 3510 2604 3575 Κυρίου
2624 3509 2757 3561 ἐστι
2776 3523 2795 3570 ;
2815 3507 2918 3558 τὸν
2932 3504 3133 3573 ἄρτον.
3153 3504 3225 3557 ὃν
3238 3500 3497 3572 κλῶμεν,
3521 3502 3653 3568 οὐχί
3677 3501 3955 3554 κοινωνία

2386 3598 2493 3652 τοῦ
2520 3588 2789 3665 σώματος
2825 3593 2930 3647 τοῦ
2960 3595 3182 3661 Κυρίου
3213 3594 3421 3656 ἐστίν;
3445 3592 3534 3646 ὅτι
3559 3586 3645 3656 εἷς
3668 3591 3862 3657 ἄρτος.
3886 3590 3953 3642 ἐν

2387 3686 2557 3757 σῶμα
2586 3690 2639 3741 οι
2670 3686 2887 3739 πολλοί
2915 3685 3121 3755 ἐσμεν·
3156 3686 3209 3738 οι
3236 3683 3345 3755 γὰρ
3367 3682 3588 3748 πάντες
3606 3684 3673 3736 ἐκ
3697 3683 3800 3737 τοῦ
3817 3684 3952 3747 ἐνὸς

2388 3777 2567 3847 ἄρτου
2586 3778 2943 3847 μετέχομεν.

2473 4062 2603 4115 Ἰδοὺ
2630 4060 2827 4131 δέδειχε
2874 4060 3151 4114 κάνταῦθα
3190 4060 3253 4112 τὸ
3298 4059 3411 4127 φῶς
3448 4059 3542 4112 τοῦ
3591 4057 3800 4127 κόσμου
3830 4096 3844 4119 ,
3877 4058 3953 4110 ὅτι

2391 4154 2643 4206 κοινωνία
2670 4156 2814 4207 ἐστὶν
2841 4155 2872 4220 ἡ
2890 4153 3117 4223 μετοχή
3142 4170 3155 4181 ·
3184 4154 3283 4205 οὐκ
3302 4153 3367 4206 ἄν
3392 4170 3474 4215 τις
3501 4152 3557 4204 δὲ
3590 4151 3805 4221 φρενῶν
3828 4150 3955 4202 εἵσω

2390 4245 2487 4312 ὢν,
2517 4245 2635 4315 οὐχὶ
2668 4247 2766 4313 τὴν
2781 4246 3070 4314 μετοχὴν,
3107 4247 3451 4313 μετάληψιν
3495 4246 3659 4296 εἰποι.
3702 4243 3790 4305 Ὧς
3814 4240 3904 4295 οὖν
3929 4244 3956 4294 ὀ

2394 4336 2535 4399 θεῖος
2564 4337 2726 4406 ἄρτος
2761 4338 2865 4390 ὑπὸ
2899 4336 3007 4390 τῶν
3030 4336 3327 4407 ὁρθοδόξων
3352 4337 3732 4405 μετεχόμενος,
3754 4336 3955 4397 πάντας

2391 4429 2518 4492 τοὺς
2554 4429 2813 4497 μετόχους
2842 4428 2901 4480 ἓν
2930 4429 3086 4498 σῶμα
3121 4428 3407 4482 ἀποτελεῖ·
3445 4428 3588 4481 οὕτω
3622 4428 3686 4498 δὴ
3717 4429 3806 4479 καὶ
3833 4429 3955 4479 bai-

729 4535 927 4588 eorpus
994 4517 1179 4583 eﬂicit,
1253 4518 1334 4572 sic
1386 4514 1628 4587 proiecto
1681 4524 1735 4571 et
1795 4517 2080 4572 haereticus
2133 4519 2285 4588 panis

2397 4519 2610 4590 ρετικὸς
2644 4520 2807 4588 ἄρτος
2840 4519 3131 4582 κοινωνοὺς
3166 4521 3290 4581 τοὺς
3321 4519 3465 4573 οὓτω
3492 4517 3656 4571 αὑτοῦ
3714 4519 3955 4587 μετέχον·

728 4611 1064 4680 coniungens
1103 4610 1244 4663 inter
1264 4623 1321 4664 se
1354 4623 1448 4661 eos
1465 4608 1556 4678 qui
1586 4608 1733 4661 illum
1756 4609 2098 4679 participant,
2122 4626 2289 4664 unum

731 4716 932 4769 corpus
993 4701 1304 4769 oppositum
1342 4698 1561 4753 Christo
1618 4698 1956 4753 exhibet:et
2002 4701 2094 4769 qui
2142 4700 2291 4756 aliud

732 4792 931 4856 eﬂutit,
982 4791 1162 4860 inepte
1208 4800 1262 4845 et
1294 4788 1500 4844 frustra
1529 4791 1788 4859 loquitur.
1831 4788 1987 4855 Quod
2020 4790 2064 4844 si
2114 4806 2289 4857 mens,

735 4890 867 4935 tunc
885 4896 1008 4934 cum
1028 4881 1144 4950 ipse
1169 4879 1543 4950 participabat,
1574 4884 1715 4934 laeto
1752 4895 1859 4933 non
1890 4880 2291 4947 consentiebat;

737 4974 841 5027 hoc
874 4973 1047 5041 magis
1077 4986 1278 5042 negare
1304 4982 1410 5036 est,
1442 4972 1511 5038 si,
1546 4985 1653 5026 non
1687 4971 1941 5041 ignorans
1972 4972 2204 5027 absurde
2242 4989 2300 5027 se

737 5080 921 5134 agere,
982 5064 1036 5117 in
1095 5066 1322 5119 scientia
1376 5074 1553 5118 tamen
1613 5064 1874 5131 peccavit,
1934 5077 2041 5116 non
2099 5063 2299 5119 veritus

740 5158 931 5223 Deum,
972 5156 1067 5226 qui
1113 5164 1170 5211 et
1216 5156 1452 5210 animam
1484 5164 1540 5209 et
1583 5169 1782 5224 corpus
1833 5154 2048 5218 occidit,
2080 5156 2300 5211 mittens

742 5251 795 5303 in
847 5255 1146 5319 gehennam
1176 5266 1191 5310 ;
1236 5249 1328 5302 sed
1361 5248 1513 5301 illum
1570 5247 1842 5302 reveritus
1868 5248 1960 5315 qui
1991 5262 2190 5317 corpus
2233 5251 2297 5302 ait

741 5351 953 5411 tempus
995 5341 1170 5395 caedit.
1221 5338 1359 5406 Quid
1408 5341 1603 5409 juvant
1643 5354 1763 5409 qua?
1794 5354 1899 5393 non
1956 5341 2304 5409 congruunt?

740 5432 879 5498 Quid
918 5432 1158 5486 faventes
1184 5432 1286 5486 sibi
1313 5441 1463 5501 putat
1492 5443 1733 5496 sanctos,
1766 5432 1859 5501 qui
1885 5434 2304 5488 contradicunt?

742 5521 965 5576 Illorum
1020 5522 1247 5591 judicio,
1285 5524 1545 5578 annuisse
1582 5523 1844 5577 duntaxat
1888 5523 1969 5578 vel
2022 5525 2300 5589 abnuisse,

746 5630 868 5669 eum
897 5616 963 5670 de
1004 5614 1347 5670 confessione
1382 5626 1474 5670 aut
1523 5619 1807 5687 negatione
1851 5619 2049 5689 agitur,
2082 5623 2301 5691 perinde

814 5795 859 5823 "
889 5794 1044 5848 Rom.
1079 5811 1116 5862 ι,
1155 5795 1241 5850 18.
1319 5798 1364 5828 ⁹⁶
1397 5796 1437 5851 ll
1475 5798 1601 5853 Cor.
1632 5816 1687 5864 κ,
1718 5798 1905 5854 16-18.

2396 4630 2493 4676 τας
2516 4611 2759 4681 ἀλλήλων
2783 4610 3248 4682 ἀπεργαζόμενος,
3277 4612 3335 4663 ἓν
3357 4612 3512 4684 σῶμα
3534 4612 3811 4665 ἀντίθετον
3830 4612 3952 4681 Χρι-

2400 4704 2508 4774 στῴ
2539 4704 2866 4774 παρίστησι·
2907 4705 3001 4757 καὶ
3053 4706 3082 4756 ό
3119 4705 3405 4771 κενολόγος
3446 4705 3621 4775 μάτην
3666 4704 3950 4771 κενολογεῖ.

2397 4794 2461 4846 Εἰ
2486 4795 2543 4846 δὲ
2570 4794 2651 4846 ὅτι
2689 4796 2717 4846 ὁ
2746 4792 2890 4855 νοῦς,
2927 4793 3088 4846 ὁπότε
3138 4792 3564 4864 μετελάμϐανεν.
3596 4794 3657 4845 οὗ
3706 4794 3953 4845 συνδιετίο

2403 4885 2526 4939 θετο
2552 4885 2633 4955 τῷ
2669 4886 3050 4955 πραττομένῳ,
3091 4885 3248 4938 τοῦτό
3283 4887 3398 4938 ἐστι
3431 4886 3493 4937 τὸ
3524 4885 3724 4955 μᾶλλον
3751 4887 3957 4955 ἀναιρε-

2398 4978 2550 5029 τικόν
2579 4993 2593 5007 ο
2627 4978 2707 5029 ὃτι
2735 4978 2935 5046 καίπερ
2964 4973 3120 5040 εἰδὼς
3138 4978 3544 5046 ὲκτοπουργεῖν,
3566 4978 3715 5047 ὅμως
3743 4980 3801 5029 ὲν
3826 4976 3954 5044 γνὼ-

2402 5086 2483 5122 σει
2519 5071 2825 5138 ἡμάρτανε,
2872 5070 2946 5139 μὴ
2988 5068 3244 5139 φοϐηθεὶς
3284 5069 3376 5121 τὸν
3423 5068 3789 5121 ἀποκτένοντα
3835 5068 3954 5120 Θεὸν

2401 5163 2493 5213 καὶ
2514 5162 2692 5230 ψυχὴν
2749 5163 2840 5213 καὶ
2906 5161 3064 5230 σῶμα
3122 5161 3211 5213 διὰ
3253 5161 3351 5231 τῆς
3391 5162 3448 5213 ὲν
3483 5162 3678 5230 γεέννῃ
3709 5160 3949 5229 ὲμῦολῆς.

2403 5254 2537 5306 ἀλλᾶ
2570 5254 2659 5306 τὸν
2684 5255 3031 5323 προσκαίρως
3065 5254 3223 5322 σῶμα
3262 5253 3549 5306 τύπτοντα.
3589 5254 3653 5305 Τί
3705 5254 3954 5322 συμφέρει

2404 5346 2473 5398 τά
2500 5346 2785 5414 ἀσύμϐατα
2812 5364 2827 5411 ;
2857 5346 2907 5397 τί
2928 5347 3098 5398 οἴεται
3122 5347 3452 5416 συνηγόρους
3489 5346 3615 5406 τοὺς
3637 5346 3953 5417 ἀντηγόρους

2407 5435 2571 5491 αὑτοῦ
2602 5436 2828 5503 ἀγίουςς
2865 5436 2970 5505 ἥδη
3000 5437 3094 5488 καὶ
3132 5438 3289 5506 μόνον
3332 5438 3653 5500 κατάνευσις
3686 5437 3718 5505 ἦ
3746 5438 3953 5490 ἀνάνευ·

2409 5546 2517 5591 σις.
2557 5529 2647 5581 ὲπί
2675 5544 2732 5579 τε
2753 5528 3038 5595 ὁμολογίας
3067 5528 3161 5580 καὶ
3188 5530 3488 5599 ἀρνήσεως,
3511 5528 3675 5598 ἔργον
3696 5530 3952 5598 πλήρωσις

2411 5620 2589 5682 αὐτοῖς
2614 5617 3001 5688 ὃογματίζεται
3022 5636 3035 5649 ·
3067 5619 3156 5672 καὶ
3185 5618 3307 5672 οὐδὲ
3340 5620 3628 5691 ὑπόκρισιν
3659 5622 3735 5683 εἰς
3766 5620 3952 5690 μαρτύ-
