4156 6504
237 421 376 485 1481
1431 425 1821 488 EPISTOLAI

1920 429 1967 488 Μ
2027 427 2173 486 LIB.
2218 425 2300 486 Il.
3353 421 3494 485 1482

235 556 360 611 ριον
387 540 757 611 προσήκαντο,
788 539 883 593 τοῦ
921 545 1080 611 μόνον
1122 540 1367 609 ἅψασθαι
1416 543 1681 615 θύματος,
1720 561 1821 597 ουκ

1923 556 2004 598 est
2046 559 2110 599 ac
2164 558 2304 612 opus
2366 543 2544 611 ipsum
2601 539 2899 610 perfecisse
2935 559 2949 593 :
2984 552 3047 592 ac
3089 553 3157 594 ne
3193 537 3504 594 simulatio-

236 633 550 698 ειδωλικοῦ,
584 632 697 685 ἀλλ’
719 632 841 686 οὐδὲ
870 631 1130 685 ίδιοθύτου
1152 648 1166 661 ·
1194 634 1290 686 καὶ
1313 634 1380 685 τὰ
1399 636 1821 708 παραδείγματα

1927 651 2049 690 nem
2098 637 2318 706 quidem
2376 633 2676 688 admittunt
2706 630 2990 702 tangenda:
3043 629 3302 694 victimae,
3332 647 3509 699 neque

237 725 467 795 ἄπειρα.
499 724 563 777 Τί
593 724 657 793 δὴ
684 723 780 777 οὖν
804 723 933 777 ἄλλο
967 723 1000 794 ἦ
1031 723 1194 779 τοῦτο
1227 726 1355 796 ὲνῆν
1389 727 1466 797 τῷ
1494 729 1823 799 προλαϐόντι

235 815 467 886 διωγμῷ
496 833 512 882 ;
559 815 616 869 '0
650 815 796 886 ἱερὸς
824 819 1170 886 πατριάρχης
1195 819 1525 891 κατηνέχθη,
1547 821 1825 893 ἐξωστρα-

236 906 429 978 κίσθη,
469 906 810 978 περιωρίσθη
835 908 893 960 ὲν
923 907 1261 980 παραϐύστῳ
1289 909 1442 979 τόπῳ
1463 927 1476 941 ο
1509 912 1824 982 ἀντίθρονος

237 999 626 1069 Χριστομὰχος
645 1014 659 1028 ⁸
711 997 927 1063 σύνοδος
955 999 1296 1053 ἁθετούντων
1319 1019 1332 1032 ·
1379 1001 1823 1075 ἁναθεματισμὸς

234 1093 343 1161 τῆς
376 1090 433 1143 ὲν
457 1090 666 1159 Nimia
694 1090 858 1159 ἁγίας
893 1091 1116 1144 συνόδου
1144 1109 1158 1124 ο
1195 1092 1502 1164 ἀνάρρησις
1529 1095 1630 1165 τῆς
1653 1096 1822 1151 πάλαι

236 1181 694 1253 ἁντιχριστούσης
720 1200 736 1216 ο
771 1183 1063 1254 ὑπερορίαι
1089 1183 1196 1238 τῶν
1223 1186 1396 1253 ἁγίων
1426 1187 1744 1242 ἐπισκόπων
1761 1205 1821 1242 τε

238 1276 341 1330 καὶ
367 1277 707 1347 ἡγουμένων,
766 1276 1110 1345 μοναζόντων
1167 1278 1262 1330 καὶ
1304 1277 1653 1347 μοναζουσῶν
1681 1296 1694 1309 ο
1731 1280 1818 1333 αῖ-

240 1386 391 1438 ματα
424 1368 682 1438 χεόμενα,
716 1367 936 1421 θάνατοι
960 1368 1153 1439 ἄωροι,
1192 1368 1432 1440 είρκταὶ,
1487 1371 1821 1442 λιμαγχονή-

237 1473 378 1522 σεις,
407 1455 694 1527 λεηλασίαι
719 1473 733 1488 ο
762 1457 824 1509 τὸ
872 1457 1252 1529 φοϐερώτερον
1295 1459 1389 1513 καὶ
1425 1457 1704 1530 ὁρώμενον
1727 1462 1822 1515 καὶ

236 1549 659 1620 ἀκουόμενον,ή
695 1549 868 1620 σεπτὴ
915 1550 1082 1604 είκὼν
1126 1551 1222 1604 τοῦ
1263 1552 1504 1624 Χριστοῦ
1544 1553 1823 1624 ὲνυϐριζο-

240 1641 406 1713 μένη,
437 1643 923 1713 καταπατουμένη,
959 1642 1060 1711 τῆς
1111 1643 1401 1708 Θεοτόκου,
1437 1645 1543 1697 τῶν
1568 1647 1822 1700 ἁπάντων

239 1732 415 1800 ἁγίων
436 1749 450 1762 ·
483 1734 621 1787 οἵτε
653 1735 772 1787 ναοὶ
804 1737 898 1789 καὶ
928 1736 996 1788 τὰ
1017 1735 1380 1807 θυσιαστήρια
1429 1737 1818 1809 ἐρειπούμεναο

235 1819 308 1870 τὰ
337 1817 471 1886 ἆγια
521 1819 918 1892 βεϐηλούμενα,
944 1823 1096 1893 ,πυρὶ
1123 1825 1546 1894 παραδιδόμενα.
1604 1826 1822 1882 Τούτων

236 1909 416 1973 οὕτως
448 1912 701 1982 ἐχόντων,
730 1914 789 1967 οὐ
827 1914 935 1977 πᾶς
967 1914 995 1967 ό
1019 1916 1357 1985 κοινωνήσας
1385 1917 1552 1986 ἤγουν
1586 1920 1820 1987 μεταλαο
1853 1896 1894 1953 Β

239 2002 354 2054 ϐὼν
402 2002 497 2056 τοῦ
553 2004 759 2057 ίοϐὀλου
810 2004 1002 2076 ἄρτου,
1055 2006 1512 2077 ἁρνησίχριστος,
1574 2009 1818 2076 ἕκθετος,

234 2095 454 2158 ἀνόσιος
478 2110 494 2125 ο
524 2098 573 2149 εί
615 2099 751 2168 μήτε
796 2097 885 2150 διὰ
933 2097 1224 2166 μετανοίας
1265 2100 1546 2172 ἀνακληθῇ
1585 2119 1599 2167 ;
1633 2101 1819 2167 Οὕτως

239 2187 359 2256 ἔχει
395 2189 429 2257 ἡ
464 2187 692 2258 ἀλήθεια
711 2202 726 2216 ⁶
755 2188 850 2242 καὶ
879 2189 1050 2260 ταύτῃ
1073 2190 1493 2264 ἀπεκτάνθησαν
1524 2195 1571 2246 oi
1604 2195 1820 2267 μάρτυ-

237 2294 354 2348 ρες,
390 2279 487 2332 καὶ
517 2279 745 2333 ὐποῖσαν
781 2281 998 2335 ἅπαντα
1038 2283 1088 2335 οί
1118 2284 1489 2356 ἀντεχόμενοι.
1520 2290 1628 2343 Καὶ
1652 2289 1707 2342 ετ
1728 2307 1816 2356 τις

233 2367 318 2433 τῷ
351 2371 565 2424 κανόνι
590 2369 779 2436 τούτῳ
821 2374 1074 2442 στοιχεῐ,
1116 2378 1278 2448 φησὶν
1303 2379 1332 2430 ό
1367 2377 1710 2445 ’Λπόστο).ος,
1737 2385 1818 2435 εί-

229 2458 394 2528 ρήνη
423 2461 519 2513 ἐπ’
548 2461 758 2525 αὐτὸν,
805 2465 907 2520 καί
952 2466 1148 2534 ἕλεος,
1179 2469 1279 2522 καί
1313 2470 1411 2524 ἐπὶ
1440 2471 1547 2524 τὸν
1578 2473 1818 2542 Ἰσραὴλ

232 2551 347 2605 τοῦ
377 2551 548 2607 Θεοῦ.
577 2553 619 2606 Τ
623 2554 651 2606 ὸ
676 2555 783 2626 γὰρ
811 2557 904 2610 τοῦ
930 2558 1169 2622 Διανίου,
1204 2562 1300 2613 καὶ
1355 2564 1448 2616 τοῦ
1485 2563 1696 2633 Πατρὸς
1723 2567 1816 2619 τοῦ

235 2640 524 2709 Θεολόγου,
560 2642 614 2695 εί
640 2661 693 2698 τι
719 2647 815 2699 καὶ
838 2649 1078 2703 τοιοῦτον
1101 2650 1287 2722 ἕτερον
1320 2668 1334 2682 ο
1364 2655 1614 2724 τεχνικοῦ
1641 2658 1818 2729 γράμ-

238 2749 412 2804 ματος
483 2734 588 2789 ὖπὺ
651 2738 946 2810 αἱρετικῶν
1013 2743 1486 2815 σκαιωρηθέντοςο
1517 2748 1691 2820 κλοπὴ
1747 2747 1818 2822 ἦν

238 2825 545 2895 ἁπλότητος
577 2832 1106 2902 κατασοφισθέντων,
1133 2839 1229 2889 καὶ⁸
1259 2837 1359 2890 οὐκ
1377 2839 1442 2890 ἐκ
1463 2838 1629 2908 φόϐου
1650 2842 1815 2906 τινὸς,

234 2914 460 2985 ἄπαγει
494 2919 931 2991 ὑπογραψάντων
971 2925 1083 2979 τῶν
1113 2927 1286 2996 ἁγίων
1319 2929 1564 2986 ἐκείνων.
1619 2933 1816 3002 Διόπερ

235 3005 423 3070 αὑτοίς
463 3007 625 3072 εὐθὺς
654 3010 772 3080 ἅμα
801 3011 894 3066 τοῦ
925 3015 1128 3082 γνῶναι
1154 3018 1246 3070 τὸν
1273 3018 1422 3073 δόλον
1453 3022 1486 3090 ἠ
1514 3022 1815 3094 ἀνάκτησις

240 3097 345 3150 καὶ
371 3098 405 3169 η
435 3097 702 3170 εῦθαρσος
727 3100 1015 3172 ἀπολογία.
1044 3104 1248 3172 Ταῦτα,
1280 3111 1458 3182 Πάτερ
1484 3113 1625 3181 am,
1655 3114 1708 3166 εῑ
1734 3132 1816 3169 σοι

237 3187 481 3298 θεμιτὸν,
510 3190 1050 3298 ἑκξρερομύθησοντῷ
1071 3198 1244 3270 ἀνδρὶ,
1264 3200 1352 3255 ἵνα
1380 3201 1534 3267 εἰδὼς
1567 3205 1666 3276 τὴν
1689 3206 1816 3278 ἁλήο
1840 3239 1884 3298 c

238 3279 417 3344 θειαν,
445 3283 745 3354 ἀπορῤίψοι
777 3287 877 3360 τὴν
903 3289 1089 3344 ἄδικον
1115 3297 1690 3369 συγγραφηνὲκείνην,
1719 3301 1815 3353 καὶ

239 3374 388 3446 μετὰ
418 3375 660 3431 εὐσεϐῶν
687 3379 932 3434 τάττοιτο
957 3399 970 3412 ’
1006 3384 1095 3436 ἐπ’
1127 3384 1194 3438 ἂν
1224 3389 1318 3438 καὶ
1342 3387 1544 3458 γέρων,
1571 3391 1666 3442 καὶ
1692 3392 1813 3442 ὲπι-

234 3465 516 3538 τιμηθεὶς,
553 3470 647 3522 καὶ
693 3469 783 3523 διά
817 3489 899 3524 τοι
947 3471 1103 3526 τοῦτο
1137 3474 1307 3540 ἐάσας
1341 3477 1440 3549 τὴν
1491 3480 1816 3552 περιϐόητον

240 3558 434 3629 μονήν.
466 3558 529 3611 Ei
558 3559 616 3613 δὲ
651 3560 750 3631 μὴ,
775 3561 890 3614 ἀλλ’
920 3564 1053 3631 ἡμῖν
1079 3580 1143 3630 γε
1187 3563 1342 3631 εὖξαι
1396 3571 1666 3641 μηδεμίαν
1701 3590 1818 3624 κοι-

235 3650 435 3702 νωνίαν
458 3648 604 3721 ἔχειν
626 3653 684 3703 ὲν
707 3651 844 3718 τῷδε
871 3652 948 3722 τῷ
973 3653 1132 3725 μέρει
1151 3660 1290 3725 μετὰ
1309 3660 1404 3714 τοῦ
1421 3661 1633 3734 ἀνδρὸς,
1659 3664 1815 3734 είπερ

240 3739 339 3792 καὶ
370 3740 432 3793 οὐ
461 3740 848 3811 μεταμέλοιτο.

365 4049 517 4104 PNE’
538 4051 672 4122 (47).
700 4082 769 4094 --
795 4054 1058 4122 Θεοφίλῳ
1073 4052 1184 4122 τῆς
1209 4056 1481 4126 Ἐρέσου.
1525 4060 1702 4132 [χλθ’.]

1924 730 2103 784 solum
2141 727 2463 784 sacriﬁcate
2496 724 2678 788 idolis,
2712 724 2806 778 sed
2860 737 2961 780 nec
3018 722 3273 792 privatim
3303 739 3457 779 caesae
3489 743 3504 778 ε

1924 818 2234 884 cujusmodi
2261 817 2506 886 exempla
2534 825 2664 870 sunt
2709 814 3020 868 innumera.
3058 812 3191 880 Quae
3217 814 3366 869 enim
3403 816 3505 869 alis

1923 927 2086 982 quam
2119 912 2232 966 haec
2269 920 2424 964 erant
2466 910 2518 962 in
2552 907 2719 978 priori
2752 905 3175 977 persecutione?
3203 907 3374 962 Sacer
3405 923 3508 978 pa-

1924 1004 2160 1060 triarcha
2193 1004 2442 1058 detentus
2466 1011 2572 1066 est,
2630 1002 2684 1056 in
2725 999 2981 1056 exsilium
3042 1000 3261 1070 pulsus,
3297 1000 3353 1055 in
3405 1000 3510 1056 ob-

1923 1113 2146 1152 scurum
2207 1096 2386 1150 locum
2445 1095 2772 1165 relegatus:
2811 1093 2869 1147 in
2929 1092 3049 1160 ejus
3098 1093 3230 1147 sede
3285 1093 3504 1148 locatus

1925 1189 2086 1243 homo
2131 1187 2586 1242 Christomachus
2616 1204 2630 1240 :
2659 1185 2903 1256 synodus
2935 1185 3342 1256 abrogantium,
3375 1201 3507 1240 ana-

1922 1278 2292 1333 thematizatio
2368 1288 2575 1332 sanctae
2620 1275 2814 1346 synodi
2873 1274 3125 1339 Nicaeum,
3179 1275 3508 1329 instauratio

1923 1371 2047 1426 belli
2077 1381 2266 1426 contra
2294 1370 2595 1434 Christum,
2621 1369 2815 1424 exsilia
2849 1376 3168 1424 sanctorum
3207 1368 3498 1438 episcopo-

1922 1479 2041 1517 rum
2064 1473 2117 1518 ct
2145 1463 2587 1533 praepositorum,
2619 1462 3018 1515 monachorum
3049 1473 3114 1514 ac
3143 1458 3502 1513 monialium:

1922 1554 2146 1625 sanguis
2173 1553 2404 1618 eﬁ‘usus,
2434 1562 2641 1608 mortes
2701 1552 3029 1616 immaturae,
3085 1565 3353 1612 carceres,
3404 1550 3504 1603 ho-

1921 1649 2098 1701 mines
2128 1645 2270 1700 fame
2298 1645 2475 1700 enecti
2509 1661 2524 1698 :
2553 1642 2991 1714 depraedationes
3022 1650 3098 1707 et,
3131 1641 3273 1710 quod
3329 1642 3506 1696 oculis

1921 1740 2258 1809 auribusque
2290 1739 2648 1802 horrendum,
2681 1735 3084 1791 contumeliose
3142 1735 3350 1801 habita,
3377 1751 3507 1803 pro-

1922 1833 2156 1897 culcata,
2212 1831 2391 1900 imago
2443 1827 2647 1884 Christi
2689 1827 3026 1892 veneranda,
3062 1824 3332 1895 Deiparae,
3388 1841 3507 1879 om-

1923 1928 2073 1982 nium
2125 1935 2440 1983 sanctorum
2475 1943 2488 1979 :
2523 1925 2720 1994 templa
2773 1933 2828 1979 et
2881 1923 3078 1977 altaria
3119 1923 3237 1976 solo
3269 1931 3501 1989 :rquata,

1921 2030 2107 2075 sancta
2135 2017 2443 2090 profanata,
2479 2017 2701 2087 ignique
2735 2016 2956 2070 tradita.
3021 2013 3156 2080 Quae
3183 2028 3307 2067 cum
3337 2012 3408 2064 ita
3437 2025 3499 2063 se

1923 2113 2189 2178 habeant,
2238 2112 2552 2182 quicunque
2607 2109 2977 2165 communicat
3039 2121 3137 2162 seu
3212 2102 3505 2174 participat

1921 2213 2244 2259 venenatum
2312 2217 2529 2272 panem,
2601 2214 2782 2254 nonne
2841 2196 3046 2252 Christi
3100 2206 3186 2250 est
3232 2202 3499 2263 negator;

1919 2299 2148 2367 ejectus,
2183 2296 2404 2365 impius,
2467 2295 2574 2350 nisi
2612 2310 2707 2365 per
2727 2293 3104 2364 paenitentiam
3163 2289 3448 2358 resipiscat
3479 2290 3502 2340 ?

1920 2395 2011 2448 Sic
2041 2395 2197 2447 habet
2229 2394 2530 2446 veritaszet
2556 2405 2655 2462 pro
2678 2390 2780 2445 hac
2797 2389 2964 2445 occisi
2988 2398 3115 2442 sunt
3139 2395 3424 2455 martyres,
3445 2395 3502 2436 et

1919 2487 2100 2541 onmia
2127 2499 2224 2554 pro
2249 2484 2395 2539 illius
2423 2482 2743 2538 defensione
2777 2481 3116 2551 pertulerunt
3147 2495 3160 2532 :
3197 2476 3261 2530 Et
3299 2475 3345 2530 si
3378 2476 3498 2545 quis

1918 2575 2054 2628 hanc
2103 2573 2338 2643 regulam
2387 2585 2593 2627 secutus
2651 2571 2834 2640 fuerit,
2870 2570 2950 2623 ait
3004 2567 3329 2638 Apostolus,
3393 2578 3502 2633 pax

1918 2684 2072 2736 super
2102 2668 2296 2735 ipsum,
2331 2674 2381 2719 et
2436 2663 2823 2727 misericordia,
2850 2672 2899 2717 et
2923 2677 3078 2725 super
3107 2658 3280 2714 Israel
3307 2657 3399 2710 Dei
3429 2659 3497 2709 ".

1918 2756 2071 2822 Quod
2101 2756 2248 2810 enim
2283 2755 2350 2810 de
2380 2753 2595 2817 Dianio,
2625 2761 2680 2808 et
2709 2751 2777 2806 de
2827 2749 3092 2822 Theologi
3145 2758 3319 2818 patre,
3366 2756 3422 2801 et
3451 2746 3499 2801 si

1917 2848 2044 2918 quid
2081 2847 2226 2900 aliud
2279 2845 2573 2914 ejusmodi,
2626 2842 3011 2898 haereticorum
3070 2840 3306 2895 artiﬁcio
3356 2837 3496 2893 scri-

1919 2950 2071 3006 ptum
2105 2947 2159 2992 et
2205 2937 2576 3007 excogitatum
2603 2976 2619 3000 ,
2661 2936 2814 2990 fraus
2843 2933 2947 2988 fuit
2977 2933 3046 2988 ad
3073 2931 3342 2986 fallendos
3366 2930 3498 2985 sim-

1919 3032 2176 3101 pliciores
2198 3070 2214 3093 ,
2249 3043 2357 3083 non
2388 3028 2534 3097 quod
2573 3028 2769 3081 timore
2801 3027 3009 3096 aliquo,
3060 3024 3227 3089 absit,
3254 3022 3495 3077 subscri-

1919 3123 2126 3191 pserint
2177 3121 2356 3174 sancti
2413 3118 2512 3172 illi.
2568 3115 2835 3182 Quocirca
2869 3113 3034 3170 simul
3096 3124 3259 3183 atque
3310 3111 3496 3166 dolum

1917 3226 2276 3284 agnoverunt,
2310 3218 2637 3265 revocarunt
2687 3224 2766 3272 se,
2799 3215 2857 3261 et
2884 3221 3009 3262 cum
3041 3205 3240 3260 ﬁducia
3272 3217 3500 3274 respon-

1915 3311 2132 3365 derunt.
2165 3305 2311 3370 llaec,
2334 3304 2495 3358 Pater
2519 3310 2730 3367 sancte,
2763 3301 2810 3355 si
2840 3299 2923 3356 fas
2950 3299 3074 3366 erit,
3116 3298 3235 3353 viro
3291 3311 3499 3351 renun-

1917 3402 1988 3454 tia
2039 3419 2052 3454 :
2107 3409 2165 3452 ut
2237 3397 2416 3466 agnita
2485 3395 2733 3459 veritate,
2803 3392 3063 3459 injustam
3129 3388 3495 3461 syngrapham

1926 3492 2075 3546 illam
2113 3489 2354 3557 ahjiciat,
2383 3495 2438 3541 et
2493 3487 2548 3540 in
2602 3500 2892 3540 numerum
2923 3484 3136 3554 piorum
3166 3480 3498 3537 ascribatur.

1921 3581 2355 3654 quandoquidem
2389 3588 2442 3634 et
2492 3592 2678 3643 senex,
2711 3586 2766 3631 et
2809 3576 3199 3646 reprehensus,
3259 3583 3313 3627 et
3367 3585 3494 3640 pro-

1922 3685 2104 3742 pterea
2169 3670 2390 3739 reliquit
2465 3665 2880 3722 celeberrimum
2932 3662 3328 3718 monasterium
3362 3676 3377 3726 ;
3410 3660 3494 3714 sin

1920 3766 2101 3819 minus
2125 3781 2137 3815 :
2162 3771 2218 3815 at
2264 3775 2362 3830 pro
2391 3758 2550 3814 nobis
2579 3773 2700 3822 ora,
2727 3765 2789 3812 ut
2816 3755 3019 3811 nullam
3047 3769 3169 3808 cum
3204 3753 3319 3806 viro
3340 3765 3495 3805 com-

1919 3855 2233 3909 munionem
2307 3852 2605 3906 habeamus
2633 3848 2689 3901 in
2748 3848 2852 3903 hac
2904 3856 3080 3916 parte,
3110 3846 3217 3900 nisi
3253 3844 3496 3899 animqu

1922 3957 2116 4002 mutet.

2261 4055 2418 4114 CLV.
2454 4087 2524 4098 —
2553 4053 2834 4124 Theophila
2879 4052 3065 4122 Ephesi
3105 4055 3190 4121 (‘).

1223 4173 1364 4231 Quod
1398 4175 1662 4225 haereticos
1683 4174 1871 4235 doceri,
1892 4189 1992 4224 non
2015 4171 2229 4225 interﬁci
2251 4177 2498 4234 oporteat.

313 4249 546 4304 Ἕλαϐον
574 4250 666 4303 ἐπὶ
681 4253 872 4321 χεῖρας
889 4253 950 4306 τὸ
970 4259 1371 4326 γραμματεῖον,
1393 4259 1488 4311 ’ὁπε
1497 4278 1527 4330 ρ
1563 4261 1813 4313 ἐπέστει-

234 4340 330 4395 λεν
362 4343 396 4413 ἠ
433 4341 555 4412 ἱερά
581 4359 675 4395 σου
705 4343 919 4416 κορυφὴ
953 4345 1257 4418 Ἀθανασίῳ
1291 4348 1370 4419 τῷ
1393 4352 1648 4421 ἡμετέρῳ
1666 4353 1816 4406 ἁδελ-

239 4433 350 4503 φῷ,
383 4433 478 4486 καὶ
505 4435 773 4501 ἀναγνοὺς
801 4437 1103 4509 ἐλυπήθην,
1127 4441 1424 4510 τιμιώτατέ
1483 4462 1585 4514 μου
1613 4445 1814 4515 Πάτερ,

239 4522 910 4623 λύττηνίκανήνίΠριῖὗτον
939 4528 1038 4597 μὲν
1079 4531 1160 4583 ὅτι
1201 4533 1259 4584 ἐν
1304 4533 1434 4602 ἡμῖν
1485 4535 1669 4599 αὐτοῖς
1705 4537 1813 4598 τοῖς
1849 4569 1890 4623 D

235 4616 593 4688 ὀρθοτομοῦσι
623 4618 715 4670 τὸν
741 4619 897 4688 λόγον
941 4620 1043 4689 τῆς
1085 4621 1340 4690 ἀληθείας
1386 4627 1526 4678 κατὰ
1564 4625 1662 4698 τὴν
1718 4627 1812 4680 νῦν

239 4707 521 4764 λυττῶσαν
565 4712 779 4782 αἵρεσιν
815 4715 924 4768 τῶν
945 4717 1352 4789 Είκονομάχων,
1391 4721 1692 4793 ἐρεσχελίαι
1721 4723 1809 4790 γί-

241 4819 446 4869 νονται,
484 4805 578 4857 καὶ
603 4807 879 4878 σχίσματα
925 4810 1243 4879 ἐπιφύονται
1265 4829 1278 4842 ο
1314 4813 1502 4866 ἔπειτα
1532 4816 1614 4868 ὃτι
1640 4816 1810 4885 ἀναγ-

241 4895 483 4965 κάζομαι
503 4897 530 4950 ό
560 4899 842 4969 ἐλάχιστος
868 4902 1222 4969 ἀντιθετικῶς
1266 4905 1364 4977 τὴν
1392 4905 1624 4972 διάλεξιν
1651 4911 1810 4978 ποιήοι

240 4986 465 5043 σασθαι.
532 4989 691 5044 Ἀλλὰ
739 4997 1158 5060 συγγινωσκέτω
1205 4998 1238 5066 ἡ
1272 4999 1626 5068 μεγαλειότης
1685 5017 1809 5054 σου·

242 5081 372 5150 περὶ
391 5081 499 5150 γὰρ
527 5081 786 5152 ἀληθείας
815 5084 843 5136 ὀ
875 5084 1030 5153 λόγος
1050 5102 1064 5116 ·
1101 5082 1169 5156 ἦς
1207 5087 1356 5140 οὐδὲν
1398 5091 1812 5160 προτιμότερον.

240 5172 361 5226 οὐδὲ
391 5173 813 5245 αίδεσιμώτερον
839 5175 988 5250 [cod.
1018 5177 1151 5250 Reg.
1192 5179 1686 5254 αἰδεστικώτερον].
1745 5183 1812 5236 Τί

239 5263 296 5316 δὲ
352 5264 415 5318 τδ
473 5266 840 5338 ἐμφερόμενον
892 5270 952 5322 ἐν
1003 5273 1118 5334 τοῖς
1179 5272 1492 5344 γράμμασι,
1530 5271 1739 5346 περἰοὖ
1778 5277 1812 5347 ἡ

240 5354 430 5426 λύπης
470 5358 683 5428 Ἡμεῖς,
723 5363 912 5430 φησὶν,
951 5362 1075 5416 οὔτε
1134 5365 1419 5419 κτένεσθαι
1467 5369 1594 5430 τοὺς
1640 5369 1816 5422 Μανι-

243 5448 454 5518 χαίους,
485 5448 612 5502 οὔτε
649 5452 724 5520 μὴ
761 5453 1080 5517 κτένεσθαι,
1102 5457 1626 5528 συνεϐουλεύσαμεν.
1663 5460 1721 5511 Εἰ
1750 5459 1808 5512 δὲ

241 5541 338 5594 καὶ
354 5540 757 5612 ἐπετρέψαμεν,
782 5545 891 5598 τῶν
909 5546 1208 5602 καλλίστων
1237 5550 1298 5603 τὸ
1320 5551 1573 5620 μέγιστον
1598 5552 1817 5622 εἴχομεν

342 5653 388 5685 ’⁷
417 5652 594 5710 Galat.
638 5671 716 5720 νι,
751 5655 838 5711 16.

1989 4258 2212 4327 Sumpta
2245 4257 2301 4311 in
2348 4270 2545 4310 manus
2583 4253 2814 4322 epistola
2849 4266 3016 4320 quam
3055 4265 3212 4305 sacra
3248 4249 3500 4305 sublimi.

1925 4365 2008 4406 tas
2060 4360 2151 4404 tua
2212 4348 2367 4403 fratri
2432 4358 2622 4402 nostro
2649 4343 2951 4399 Athanasio
3011 4343 3186 4408 misit,
3221 4342 3318 4396 ubi
3358 4342 3498 4398 hanc

1918 4444 2042 4514 legi,
2087 4443 2236 4513 gravi
2282 4441 2467 4495 dolore
2497 4437 2723 4493 allectus
2762 4452 2907 4500 sum,
2939 4434 3102 4490 Pater
3149 4436 3222 4488 mi
3257 4434 3498 4488 honora-

1919 4537 2168 4598 tissime;
2215 4535 2448 4604 primum
2504 4530 2722 4601 quidem
2777 4528 2923 4598 quod
2975 4528 3140 4582 etiam
3202 4526 3344 4581 inter
3398 4543 3499 4581 nos

1920 4631 2088 4699 ipsos,
2135 4627 2228 4697 qui
2289 4624 2499 4679 furente
2532 4637 2676 4677 nunc
2714 4621 3206 4675 lconomachorum
3280 4619 3495 4681 haeresi,

1917 4737 1980 4775 cx
2034 4735 2223 4774 norma
2267 4716 2508 4771 veritatis
2538 4704 2838 4784 loquimur,
2870 4713 3002 4766 rixae
3033 4711 3286 4766 oriantur
3315 4720 3369 4764 et
3399 4727 3497 4763 ex-

1917 4816 2113 4872 sistant
2173 4812 2467 4867 schismata
2505 4827 2518 4862 :
2551 4807 2748 4862 deinde
2806 4806 2951 4877 quod
3006 4820 3172 4874 cogar
3200 4819 3300 4875 ego
3333 4803 3498 4856 mini-

1922 4923 2041 4962 mus
2097 4905 2422 4961 contrariam
2459 4917 2525 4957 ex
2549 4902 2780 4955 adverso
2831 4900 3270 4954 dissertationem
3335 4897 3494 4952 insti-

1921 5012 2094 5055 tuere.
2153 4997 2258 5052 Scd
2302 4997 2550 5065 ignoscat
2608 4993 3009 5064 magniﬁcentia
3068 5001 3204 5057 tua;
3265 5005 3390 5044 cum
3428 4988 3494 5042 de

1921 5095 2146 5148 veritate
2178 5100 2390 5160 agatur,
2428 5104 2533 5159 qua
2565 5089 2702 5141 nihil
2747 5097 2827 5140 est
2882 5086 3113 5150 honore,
3150 5084 3286 5138 nihil
3329 5099 3492 5137 vene-

1919 5185 2133 5239 ratione
2166 5180 2402 5251 dignius.
2459 5178 2600 5244 Quid
2635 5186 2811 5231 autem
2853 5185 2937 5232 est
2967 5177 3020 5231 in
3047 5176 3242 5231 litteris
3274 5176 3340 5230 de
3380 5190 3493 5246 quo

1919 5276 2035 5345 ipsa
2091 5273 2313 5329 doleat?
2351 5270 2482 5334 Nos,
2555 5271 2757 5339 inquis,
2817 5284 2991 5339 neque
3048 5277 3107 5323 ut
3174 5267 3494 5322 occidantur

1920 5365 2222 5429 Manichaei,
2275 5370 2532 5432 nequeut
2565 5376 2672 5415 non
2698 5359 3044 5425 occidantur,
3076 5359 3372 5414 consilium
3397 5357 3492 5411 de-

1923 5460 2122 5512 dimus.
2178 5455 2230 5510 ld
2283 5470 2410 5509 vero
2459 5453 2505 5508 si
2559 5453 3026 5523 permitteremus,
3097 5449 3492 5522 pulcherrima-

1926 5567 2045 5604 rum
2088 5565 2266 5605 rermn
2303 5545 2596 5602 maximam
2655 5545 2980 5601 faceremus.
3049 5543 3187 5611 Quid
3223 5543 3326 5609 ais,
3351 5541 3434 5596 vir
3459 5554 3489 5592 a

1745 5747 1970 5804 NOT/E.

319 5833 434 5907 (67)
466 5836 522 5892 In
548 5838 668 5893 cod.
703 5839 836 5908 Reg.
869 5837 989 5906 ριζ’.

579 5930 844 5990 ΡΑτιιοι..
877 5929 993 5989 Gn.
1033 5927 1248 5988 XCIX.

2014 5838 2084 5908 (⁸)
2123 5839 2455 5909 Dogmatica.
