4156 6472
704 401 840 464 1483

1890 399 1950 455 S.
1989 392 2381 455 THEODORI
2423 391 2564 450 STU
2576 388 2769 449 DIT/E

3829 395 3980 461 1484

697 514 809 568 Deo
851 511 1168 567 honorate?
1208 511 1470 566 Dominus
1516 512 1568 564 in
1624 510 1927 578 Evangeliis
1971 509 2158 565 vetuit.
2191 505 2269 558 di-

2393 501 2444 553 ῑιν
2480 501 2725 568 ποιῆσαι.
2767 499 2830 550 Ti
2867 499 2991 567 φὴς,
3020 494 3064 552 ὦ
3087 499 3375 571 θεοτίμητε
3402 518 3417 567 ;
3445 504 3473 556 ὁ
3506 503 3714 574 Κύριος
3745 507 3974 578 ἀπηγό-

697 621 826 661 cens
859 624 873 661 :
914 603 1058 671 Non,
1096 620 1158 656 ne
1187 604 1324 672 forte
1355 604 1653 673 colligentes
1715 602 1946 663 zizania,
1994 599 2272 654 eradicetis

698 699 860 752 simul
913 713 1032 750 cum
1080 698 1154 750 eis
1216 697 1474 749 triticum.
1526 693 1697 749 Sinite
1754 709 1982 747 crescere
2013 707 2177 761 usque
2206 690 2273 741 ad

699 806 914 843 messem
941 791 1007 843 ’⁸.
1057 789 1122 842 Et
1152 801 1207 844 tu
1240 789 1732 859 pulcherrimarum
1769 803 1950 841 rerum
1982 786 2274 840 maximam

699 882 925 947 dixeris,
990 882 1415 935 eradicationem
1498 879 1852 948 permittere?
1900 875 2058 943 Quod
2131 876 2276 930 enim

701 979 911 1032 zizania
948 978 1158 1032 vocarit
1185 976 1490 1040 lirereticos,
1527 984 1644 1029 tum
1677 990 1772 1028 eos
1825 973 1918 1043 qui
1960 981 2089 1026 tunc
2125 976 2280 1023 erant

701 1070 970 1135 videlicet,
1012 1080 1127 1124 tum
1182 1083 1376 1122 omnes
1409 1069 1502 1136 qui
1562 1076 1750 1136 postea
1819 1065 2016 1120 orituri
2069 1071 2278 1125 essent,

701 1155 1151 1226 Chrysostomum
1191 1157 1478 1209 audiamus
1529 1156 1631 1210 hoc
1677 1156 1853 1224 ipsum
1921 1154 2282 1222 interpretan-

704 1257 812 1301 tem
867 1247 949 1300 his
999 1248 1178 1301 verbis
1208 1249 1252 1280 θ’
1282 1265 1296 1300 :
1330 1264 1348 1296 ι
1387 1246 1525 1312 Quid
1560 1263 1687 1316 ergo
1718 1255 1860 1300 vetat
1916 1245 2177 1298 Dominus
2205 1244 2284 1297 di-

701 1356 831 1396 cens
866 1360 878 1393 :
914 1339 996 1393 Ne
1026 1341 1162 1408 forte
1208 1339 1486 1392 eradicetis
1519 1340 1679 1392 simul
1725 1356 1842 1392 cum
1891 1338 1964 1391 eis
2019 1337 2280 1389 triticum.

703 1435 818 1489 Hoc
851 1448 979 1487 vero
1008 1433 1206 1496 aiebat,
1243 1434 1378 1486 bella
1413 1444 1622 1498 vetans,
1656 1442 1709 1486 ct
1756 1433 2076 1500 sanguinem
2132 1429 2284 1482 fundi

703 1533 759 1578 et
788 1524 963 1578 caedes
996 1522 1132 1576 lteri.
1198 1520 1315 1575 Non
1345 1522 1490 1576 enim
1550 1531 1763 1591 Oportet
1793 1522 2076 1575 haereticos
2138 1521 2285 1573 occi-

703 1614 881 1680 dere;
927 1614 1134 1683 alioqui
1187 1614 1388 1668 bellum
1427 1613 1768 1683 implacabile
1821 1615 1876 1666 in
1927 1614 2088 1666 terris
2139 1610 2286 1665 l'utu-

704 1721 826 1761 rum
857 1705 1090 1760 erat.-'Et
1115 1715 1237 1774 post
1263 1706 1366 1759 alia
1396 1723 1410 1759 :
1445 1707 1582 1771 Quid
1615 1721 1778 1775 porro
1808 1705 1978 1770 aliud,
2038 1704 2115 1759 Ne
2167 1721 2288 1758 era-

705 1796 894 1850 dicetis
927 1812 1042 1849 cum
1071 1799 1145 1848 eis
1180 1796 1438 1860 triticum,
1495 1812 1658 1865 quam
1719 1796 1822 1850 hoc
1862 1795 2089 1849 innuit?
2127 1793 2282 1859 Quod

707 1890 752 1944 si
783 1903 936 1942 arma
970 1903 1190 1941 movere
1214 1889 1514 1954 cteperitis,
1553 1895 1607 1942 et
1637 1888 1923 1941 haereticos
1947 1887 2272 1950 interlicere,

705 1979 910 2033 multos
941 1993 1160 2049 quoque
1187 1979 1254 2032 de
1281 1978 1499 2034 Sanctis
1531 1995 1636 2032 una
1670 1979 1843 2048 perire
1875 1993 2095 2033 necesse
2123 1989 2226 2033 est.
2262 1999 2279 2028 ι

708 2068 863 2134 Quod
898 2078 952 2123 et
970 2069 1307 2138 temporibus
1329 2072 1533 2125 nostris
1562 2071 1778 2124 accidit.
1810 2068 1943 2123 Nam
1978 2079 2031 2123 et
2065 2071 2286 2139 sanguis

707 2161 936 2225 «trusus,
977 2171 1031 2217 et
1082 2163 1260 2218 caedes
1317 2164 1595 2232 regionem
1653 2173 1894 2217 nostram
1925 2165 2284 2232 complevere,

713 2253 976 2323 multique
1004 2253 1070 2308 de
1098 2269 1329 2308 numero
1356 2263 1671 2308 sanctorum
1709 2255 1871 2310 simul
1913 2255 2109 2308 sublati
2139 2267 2284 2318 sunt,

711 2353 766 2400 et
799 2346 1022 2399 verbum
1060 2345 1270 2400 Domini
1307 2363 1412 2399 non
1435 2346 1637 2400 excidit
1671 2365 1683 2400 :
1719 2348 1859 2400 sicut
1897 2357 2151 2400 testatum
2207 2359 2288 2399 est

713 2435 858 2504 apud
893 2435 1113 2489 multos.
1148 2434 1289 2500 Quid
1321 2446 1503 2491 autem
1527 2438 1780 2502 dicimus,
1817 2453 1922 2491 non
1971 2439 2287 2506 permitten-

713 2526 846 2581 dum
881 2537 941 2582 ut
976 2528 1300 2582 occidantur
1333 2529 1616 2583 haeretici?
1653 2529 1758 2582 illis
1803 2544 1872 2583 ne
1913 2529 2132 2599 quidem
2186 2530 2287 2582 iiii-

713 2623 924 2692 precari
952 2636 1276 2677 concessum
1313 2623 1471 2677 nobis
1516 2633 1617 2677 est.
1654 2622 1955 2678 Audiamus
1994 2625 2138 2679 enim
2172 2641 2292 2680 rur-

715 2728 812 2768 sus
865 2713 1156 2770 Dominum
1189 2726 1379 2769 sancto
1412 2714 1612 2784 Carpo,
1662 2727 1719 2769 ut
1752 2717 2137 2784 sapientissimi
2169 2717 2289 2772 Dio-

716 2808 858 2875 nysii
915 2808 1078 2862 verba
1137 2809 1546 2870 insinuant,sic
1593 2809 1903 2878 loquentem
1940 2827 1952 2862 :
1991 2831 2010 2859 «
2063 2809 2292 2865 Percute

718 2913 806 2952 me
834 2898 1128 2968 deinceps;
1158 2907 1382 2967 paratus
1408 2899 1550 2952 enim
1595 2915 1714 2954 sum
1748 2916 1846 2968 pro
1878 2901 2157 2954 hominum
2199 2917 2288 2956 sa-

718 2990 830 3042 lute
857 2996 913 3041 et
947 2989 1144 3042 iterum
1190 2990 1300 3058 pati
1334 3007 1348 3043 :
1384 2998 1696 3058 pergratum
1728 2991 1929 3058 quippe
1961 2989 2064 3044 hoc
2114 2992 2244 3044 mihi
2275 3009 2289 3056 ;

717 3081 847 3134 dum
875 3081 964 3135 alii
989 3081 1241 3137 homines
1272 3095 1380 3134 non
1413 3090 1659 3150 peccent.
1702 3081 1972 3138 Caeterum
2038 3085 2160 3139 vide
2220 3101 2289 3138 an

2381 609 2572 662 ρευσεν
2599 595 2657 644 ὲν
2687 595 2800 653 τοῖς
2832 593 3188 658 Εὑαγγελίοις
3221 593 3399 657 τοῦτο,
3447 597 3616 648 εἰπών
3640 615 3655 628 ·
3692 601 3777 652 Οὐ
3806 618 3819 630 ·
3847 603 3979 670 μή..

2380 699 2522 736 ποτε
2555 699 2636 736 συ
2653 684 2962 751 ιλέγοντες
2983 685 3050 736 τὰ
3073 683 3306 746 ζὶζάνια,
3333 686 3691 755 ἐκριζώσητε
3715 692 3838 760 ἅμα
3860 698 3976 748 αὐ-

2379 775 2498 840 τοῖς
2536 775 2642 827 τὸν
2664 775 2855 828 σῖτον.
2901 778 3116 842 Ἅφετε
3137 777 3632 840 συναυξάνεσθαι
3660 784 3837 852 μέχρι
3861 788 3975 840 τοῦ

2382 870 2684 936 θερισμοῦ.
2703 869 2809 920 Καὶ
2828 869 2987 928 αὐτὸς
3002 869 3106 920 τῶν
3124 869 3424 922 καλλίστων
3443 873 3501 923 τὸ
3522 873 3775 941 μέγιστον
3798 880 3973 947 φαίης

2383 955 2544 1022 εἶναι,
2577 962 2675 1029 τὴν
2732 960 3035 1030 ἐπιτροπὴν
3083 961 3181 1030 τῆς
3241 962 3587 1032 ἑκριζώσεως
3614 981 3629 1028 ;
3658 967 3770 1018 Καὶ
3796 969 3881 1021 ὅτι
3904 971 3974 1020 τὰ

2384 1053 2600 1117 ζιζάνια
2629 1054 2752 1114 τοὺς
2783 1054 3095 1122 αἰρετικοὺς
3127 1054 3314 1125 εἴρηκε
3335 1095 3349 1118 ,
3383 1055 3511 1118 τούς
3555 1075 3615 1109 τε
3655 1061 3974 1127 τηνικαῦτα

2384 1145 2648 1214 δηλονότι,
2674 1146 2767 1196 καὶ
2792 1147 2918 1206 τοὺς
2945 1147 3034 1211 ὑφ’
3056 1146 3281 1214 ἑτέρων,
3310 1147 3480 1216 ἤγουν
3506 1148 3775 1213 ἅπαντας,
3797 1153 3973 1204 ἀκου-

2389 1235 2609 1305 σώμεθα
2668 1236 2757 1287 τοιῖ
2809 1237 3195 1303 Χρυσοστὸμου
3233 1238 3367 1289 αὐτὸ
3415 1239 3575 1291 τοῦτο
3623 1241 3971 1311 ἑρμηνεύον-

2385 1344 2514 1389 τος·
2563 1327 2650 1393 ἐφ’
2708 1319 2752 1394 ᾧ
2804 1328 2956 1379 τάδε·
3031 1346 3048 1376 ι
3108 1328 3171 1380 Τί
3205 1324 3300 1382 οὖν
3335 1330 3364 1382 ὁ
3423 1332 3698 1401 Δεσπότης
3763 1334 3973 1386 κωλύει

2387 1419 2582 1487 λέγων,
2619 1418 2863 1484 Μήποτε
2883 1419 3237 1486 ἐκριζώσητε
3264 1420 3384 1489 ἅμα
3401 1422 3607 1488 αὐτοῖς
3627 1424 3733 1476 τὸν
3752 1424 3934 1477 σῖτον
3954 1443 3975 1489 ;

2390 1512 2559 1564 Τοῦτο
2595 1511 2650 1563 δὲ
2682 1511 2859 1578 ἔλεγε,
2887 1511 3109 1563 κωλύων
3163 1511 3428 1580 πολέμους
3472 1515 3717 1582 γίνεσθαι
3753 1517 3852 1569 καὶ
3881 1517 3973 1568 αἴ·

2394 1621 2539 1673 ματα
2565 1606 2658 1657 καὶ
2690 1606 2925 1673 σφαγάς.
2980 1606 3053 1657 Ub
3091 1605 3197 1675 γὰρ
3225 1605 3308 1657 δεῖ
3333 1607 3578 1677 ἀναιρεῖν
3610 1611 3926 1679 αἱρετικούς
3954 1625 3972 1641 ο

2391 1696 2512 1747 ἐπεὶ
2536 1697 2564 1747 ὁ
2595 1695 2829 1765 πόλεμος
2864 1696 3128 1758 ἄσπονδος
3151 1696 3374 1767 ἔμελλεν
3401 1700 3482 1760 εἰς
3509 1699 3608 1770 τὴν
3636 1703 3976 1772 οἰκουμένην

2317 1846 2358 1900 Β
2392 1786 2762 1854 εἰσάγεσθαι.»
2800 1786 2910 1838 Kal.
2945 1787 3066 1855 μεθ’
3097 1788 3262 1858 ἕτερα
3290 1804 3304 1818 ⁸
3335 1807 3354 1840 ι
3386 1788 3450 1843 Τί
3477 1790 3532 1842 δὲ
3554 1790 3699 1854 ἄλλο,
3730 1794 3821 1845 διὰ
3845 1794 3970 1859 τοῦ,

2388 1878 2482 1943 Μὴ
2543 1876 2897 1946 ἐκριζώσητε
2949 1878 3068 1946 ἅμα
3127 1879 3331 1944 αὐτοῖς
3375 1878 3478 1932 τὸν
3515 1880 3770 1952 σῖτον,ἢ
3811 1883 3972 1936 τοῦτό

2389 1985 2574 2036 φησιν,
2596 1969 2675 2020 ὃτι
2704 1969 2764 2019 ΕΞ
2800 1968 3041 2036 μέλλοιτε
3080 1973 3243 2022 κινεῖν
3263 1971 3420 2034 ὅπλα,
3439 1973 3532 2025 καὶ
3559 1974 3969 2040 κατασφάττειν

2389 2062 2718 2126 αἱρετικοὺς.
2753 2061 2966 2129 ἀνάγκη
2995 2061 3224 2125 πολλοὺς
3252 2063 3345 2115 καὶ
3383 2064 3492 2115 τῶν
3541 2065 3717 2131 ἁγίων
3749 2084 3966 2134 συγκα-

2389 2148 2774 2202 ταδάλλεσθαι.
2839 2167 2858 2198 ι
2895 2149 3072 2218 Ὅπερ
3132 2152 3223 2203 καὶ
3279 2152 3503 2218 γέγονεν
3565 2155 3624 2206 ὲν
3678 2159 3793 2216 τοῖς
3843 2157 3971 2210 καθ’

2391 2244 2536 2310 ἡμᾶς
2571 2241 2806 2310 χρόνοις.
2840 2241 2948 2293 Καὶ
2982 2242 3091 2312 γὰρ
3119 2243 3324 2310 αἵματα
3356 2244 3449 2295 καὶ
3484 2247 3687 2312 σφαγαὶ
3709 2247 3972 2317 ἐπλήρωα

2392 2348 2492 2384 σαν
2519 2334 2613 2400 την
2640 2332 2760 2385 καθ’
2778 2333 2924 2402 ἡμᾶς
2938 2333 3267 2402 οἰκουμένην
3295 2350 3310 2365 '
3339 2333 3431 2386 καὶ
3459 2335 3646 2388 πολλοὶ
3659 2337 3766 2388 τῶν
3796 2339 3974 2406 ἁγίων

2393 2425 2773 2492 συναπῆλθον·
2815 2425 3139 2493 καὶὸλόγος
3185 2426 3276 2479 τοῦ
3323 2429 3528 2498 Κυρίου
3580 2429 3642 2480 οὐ
3694 2429 3967 2495 διέπεσεν,

2393 2517 2467 2578 ὼς
2500 2517 2844 2586 ὡμολόγηται
2887 2519 3038 2586 παρὰ
3072 2519 3306 2582 πολλοῖς.
3334 2521 3444 2572 Καὶ
3477 2521 3529 2572 τί
3571 2521 3802 2591 λέγομεν
3839 2526 3971 2592 περὶ

2392 2606 2486 2658 τοῦ
2521 2605 2595 2676 μὴ
2656 2606 2972 2675 ἐπιτρέπειν
3029 2609 3314 2660 κτένεσθαι
3367 2610 3707 2678 αἱρετικούς;
3746 2612 3868 2665 οὐδέ
3905 2630 3968 2678 γε

2395 2699 2755 2769 κατεύχεσθαι
2801 2701 2979 2753 αὐτῶν
3027 2703 3442 2774 συγκεχώρηται
3491 2707 3643 2774 ἡμῖν.
3694 2707 3970 2760 Ἀκουσώ-

2398 2791 2536 2861 μεοα
2564 2793 2673 2860 γὰρ
2704 2791 2859 2854 αὖθις
2893 2792 2987 2845 τοῦ
3019 2794 3224 2863 Κυρίου
3249 2795 3382 2865 πρὸς
3416 2797 3642 2866 Κάρπον
3669 2797 3757 2849 τὸν
3785 2801 3967 2864 ἆγιον,

2393 2885 2466 2947 ὡς
2497 2885 2898 2954 ὑποδεδήλωται
2930 2886 3016 2938 διὰ
3038 2887 3222 2954 φωνῆς
3241 2890 3516 2940 Διονυσίου
3545 2889 3640 2942 τοῦ
3663 2891 3965 2958 πανσόφου,

2395 2975 2645 3042 λέγοντος
2674 2993 2687 3006 ·
2747 2994 2765 3024 ι
2805 2978 2938 3029 Παῖε
2976 2976 3096 3028 κατ’
3139 2977 3274 3046 ἐμοῦ
3332 2979 3550 3032 λοιπόν·
3582 2982 3798 3051 ἕτοιμος
3858 2987 3968 3054 γάρ

2398 3069 2512 3134 ειμι
2548 3071 2641 3120 καὶ
2671 3064 2827 3130 αὖθις
2870 3068 3009 3138 ὑπὲρ
3060 3069 3364 3139 ἀνθρώπων
3412 3073 3843 3144 ἀνασωζομένων
3872 3093 3969 3128 πα-

717 3188 748 3223 c
772 3186 832 3224 re
858 3179 949 3224 tua
977 3171 1068 3237 sit,
1095 3170 1487 3224 habitationem
1517 3171 1567 3222 in
1596 3173 1853 3240 voragine
1873 3187 1995 3226 cum
2033 3175 2293 3241 serpenti-

2399 3159 2511 3212 θεῖν
2530 3179 2544 3193 ·
2587 3161 2882 3230 προσφιλές
2914 3179 3003 3230 μοι
3025 3160 3182 3214 τοῦτο
3208 3179 3221 3192 ο
3247 3161 3320 3232 μὴ
3350 3162 3527 3216 ἄλλων
3543 3167 3966 3235 ἁμαρτανόντων

717 3264 845 3327 bus,
894 3275 1210 3332 permutare
1253 3278 1378 3317 cum
1410 3262 1500 3316 illa
1548 3278 1669 3331 quae
1698 3278 1820 3316 cum
1851 3264 1960 3318 Deo
1993 3275 2078 3318 est
2106 3266 2293 3320 bonis-

719 3370 829 3426 que
881 3364 937 3410 et
993 3356 1245 3409 homines
1280 3355 1590 3409 amantibus
1624 3356 1832 3424 angelis
1865 3357 1903 3410 ¹.
1937 3375 1955 3406 ι
1993 3354 2177 3422 Vides,
2215 3358 2297 3410 vir

716 3447 1164 3518 prudentissime,
1190 3446 1429 3501 divinam
1468 3446 1914 3514 indignationem,
1937 3463 2001 3502 eo
2022 3450 2166 3517 quod
2211 3449 2297 3503 ille

720 3550 911 3598 contra
971 3541 1255 3595 hereticos
1317 3547 1656 3609 precaretur,
1717 3549 1775 3593 ut
1826 3557 1858 3594 e
1911 3540 2020 3593 vita
2065 3542 2294 3595 excede-

723 3641 845 3686 rent
880 3649 894 3685 :
933 3639 986 3685 et
1006 3645 1116 3700 quo
1143 3640 1302 3700 pacto
1325 3630 1772 3684 condemnandus
1798 3640 1916 3685 erat
1946 3633 2027 3685 vir
2050 3641 2296 3695 sanctus,

723 3724 769 3777 si
805 3723 859 3776 in
894 3722 1176 3792 proposito
1229 3723 1578 3789 perstitisset.
1634 3720 1986 3791 Nequaquam
2043 3738 2192 3792 ergo,
2243 3735 2300 3777 ut

722 3815 927 3870 veritas
971 3812 1318 3876 monstravit,
1355 3813 1644 3881 imprecari
1696 3812 1779 3867 las
1807 3824 1891 3868 est
1919 3833 1931 3867 :
1960 3815 2069 3868 imo
2119 3816 2300 3884 potius

720 3920 822 3976 pro
852 3905 940 3959 his
970 3904 1236 3958 orandum
1268 3921 1280 3957 :
1315 3903 1458 3957 sicut
1497 3903 1756 3958 Dominus
1793 3906 1903 3974 ipse
1925 3921 2045 3959 cum
2089 3917 2298 3974 patere-

724 4009 835 4063 tur,
871 3997 1086 4052 Patrein
1137 4012 1296 4051 suum
1345 3996 1521 4049 Oravit
1579 3997 1768 4052 dicens
1810 3997 2045 4062 :Pater,
2094 4001 2303 4053 dimitte

721 4088 832 4140 illis
891 4098 1216 4156 peccatum:
1251 4103 1356 4139 non
1420 4086 1559 4140 enim
1633 4087 1806 4139 sciunt
1865 4088 1990 4157 quid
2028 4087 2298 4156 faciunt’.

722 4180 877 4248 Quod
923 4194 1053 4235 vero
1101 4179 1235 4234 dicit
1285 4179 1548 4233 sanctitas
1592 4189 1706 4242 tua,
1738 4179 1939 4234 habere
1969 4194 2027 4233 se
2089 4179 2302 4246 aliquos

723 4278 943 4322 sanctos
963 4267 1056 4337 qui
1105 4267 1160 4319 in
1184 4267 1374 4319 eadem
1411 4282 1474 4318 ac
1507 4275 1563 4318 tu
1586 4265 1854 4318 sententia
1877 4263 1986 4319 sint
2011 4282 2024 4330 ;
2063 4264 2300 4336 ignosce,

726 4362 908 4426 l‘ater,
950 4369 1266 4415 sanctorom
1293 4358 1456 4412 verba
1487 4373 1594 4412 non
1622 4366 1768 4412 recte
1791 4358 2110 4427 accipimus,
2142 4368 2304 4427 atque

725 4455 850 4508 inde
885 4451 1241 4521 intelligimur
1269 4451 1524 4505 Patribus
1582 4459 1636 4504 et
1668 4448 1776 4504 Deo
1805 4449 1906 4520 ipsi
1973 4464 2297 4520 repugnare.

2403 3251 2727 3321 ἀνθρώπων.
2767 3252 2912 3319 ιιλὴν
2941 3253 3041 3321 ὅρα
3071 3254 3118 3305 εί
3149 3252 3329 3314 καλῶς
3373 3254 3486 3324 ἔχει
3521 3272 3623 3316 σοι,
3656 3259 3756 3327 τὴν
3799 3259 3857 3309 ἐν
3890 3258 3968 3328 τῷ

2400 3344 2638 3412 χάσματι
2671 3343 2804 3412 μετὰ
2827 3342 2936 3394 τῶν
2970 3344 3146 3409 ὄφεων
3188 3343 3356 3412 μονὴν
3409 3345 3840 3412 ἀνταλλάξασθαι
3869 3350 3970 3418 τῆς

2403 3435 2541 3502 μετά
2568 3434 2700 3487 Θεοῦ
2723 3435 2816 3486 καὶ
2846 3434 2954 3485 τῶν
2979 3433 3200 3499 ἀγαθῶν
3235 3435 3327 3485 καὶ
3358 3434 3756 3505 φιλανθρώπων
3791 3441 3963 3507 ἀγγέ-

2400 3525 2527 3578 λων.
2571 3546 2589 3578 ›
2640 3527 2821 3596 Ὁρᾷς,
2871 3525 3174 3588 θεοσύνετε,
3223 3523 3321 3594 τὴν
3362 3523 3510 3577 θείαν
3555 3528 3964 3598 ἀγανάκτησιν·

2400 3618 2585 3688 ἐπειδὴ
2623 3618 2924 3686 κατηύχετο
2964 3617 3074 3669 τῶν
3117 3617 3412 3688 αἱρετικῶν
3462 3619 3844 3688 ἀπαλλαγῆναι
3872 3622 3968 3690 τῆς

2403 3708 2547 3776 ζωῆς
2573 3724 2585 3736 °
2624 3708 2716 3760 mi.
2738 3709 2905 3771 ὅπως,
2939 3710 2985 3759 εἰ
3018 3708 3292 3777 ἐπιμένων
3322 3711 3389 3779 τῇ
3417 3709 3656 3762 διαθέσει
3677 3715 3849 3782 ταύτῃ
3878 3707 3966 3781 ἦν,

2402 3802 2625 3872 ἔμελλεν
2658 3805 2685 3853 ὁ
2709 3801 2862 3868 ἅγιος
2889 3800 3366 3865 καταδικάξεσθαι.
3399 3802 3536 3855 Οὔτε
3568 3803 3682 3869 οὖν,
3710 3804 3785 3868 ὡς
3814 3807 3969 3860 δέδει-

2404 3911 2496 3962 χεν
2524 3895 2556 3962 ὴ
2583 3892 2828 3962 ἀλήθεια,
2886 3893 3248 3963 κατεύχεσθαι
3283 3893 3364 3946 δεῖ
3411 3895 3544 3956 ὅλως
3573 3911 3586 3924 °
3627 3897 3827 3964 μᾶλλον
3874 3900 3967 3967 μὲν

2403 3979 2494 4036 οὖν
2524 3982 2926 4054 ὑπερεύχεσθαι
2954 4000 2966 4013 ·
2998 3983 3072 4046 ὡς
3097 3984 3261 4045 αὐτὸς
3290 3985 3317 4035 ὁ
3351 3983 3552 4053 Κύριος
3598 3986 3871 4050 ὑπέδειξεν
3914 3989 3968 4038 ἐν

2401 4076 2480 4145 τῷ
2512 4076 2608 4130 τοῦ
2633 4075 2836 4140 πάθους
2862 4075 3057 4145 καιρῷ,
3090 4075 3262 4142 λέγων
3314 4076 3448 4145 πρὸς
3475 4075 3566 4128 τὸν
3604 4076 3799 4131 ἑαυτοῦ
3859 4079 3966 4132 [Ια-

2405 4173 2575 4241 τέραο
2616 4170 2828 4238 Πάτερ,
2855 4169 3005 4237 ἄφες
3044 4168 3249 4234 αὐτοῖς
3274 4168 3387 4237 τὴν
3411 4171 3732 4238 ἁμαρτίαν
3759 4174 3831 4226 οὐ
3865 4173 3968 4241 γὰρ

2404 4263 2606 4316 οῖδασι
2640 4263 2697 4315 τι
2724 4262 2987 4315 ποιοῦσι.
3018 4259 3092 4314 Τὸ
3119 4260 3170 4313 δὲ
3195 4262 3359 4329 φάναι
3389 4277 3480 4312 σου
3510 4261 3608 4331 τὴν
3660 4264 3968 4334 ἁγιωσύνην

2404 4355 2547 4425 ἔχειν
2584 4355 2783 4416 αὐτοὺς
2818 4351 3240 4422 συμφωνοῦντας
3261 4355 3318 4405 ὲν
3350 4352 3426 4420 τῷ
3450 4353 3799 4423 προϐλήματι
3823 4355 3964 4428 [c0d.

2410 4447 2540 4517 Reg.
2573 4445 3004 4518 προδηλώματι]
3033 4444 3220 4496 τούσδε
3250 4447 3374 4508 τοὺς
3424 4447 3641 4511 ἁγίους·
3677 4447 3968 4514 σύγγνωθι,

728 4544 953 4598 ltivinus
982 4544 1127 4597 enim
1157 4540 1394 4612 Cyrillus
1443 4541 1498 4594 in
1555 4555 1719 4611 opere
1757 4549 1945 4595 contra
1997 4540 2293 4605 lulianum,

2414 4541 2617 4610 Πάτερ,
2647 4540 2706 4591 οὐ
2745 4538 2924 4599 καλῶς
2960 4536 3374 4606 ὲκλαμὸάνομεν
3419 4539 3513 4597 τὰς
3545 4539 3652 4588 τῶν
3683 4539 3854 4605 ἁγίων
3874 4557 3972 4607 φω-

723 4640 893 4708 juxta
921 4637 974 4692 id
1002 4637 1146 4706 quod
1177 4634 1307 4689 olim
1340 4633 1612 4688 sancitum
1672 4631 1873 4696 fuerat,
1910 4631 2129 4686 locutus
2171 4641 2255 4686 est
2288 4652 2300 4685 :

729 4747 836 4786 non
892 4730 1307 4788 Testamentum"
1357 4725 1528 4780 Vetus
1568 4740 1692 4779 cum
1715 4722 1867 4778 Novo
1906 4723 2253 4779 committens
2288 4742 2302 4790 ;

729 4822 913 4888 absit;
944 4836 1121 4891 neque
1169 4819 1311 4874 enim
1368 4817 1664 4880 nesciebat,
1711 4831 2053 4884 quaecunque
2108 4816 2190 4870 lex
2235 4817 2308 4869 ιυ-

729 4917 941 4986 quitur,
974 4915 1043 4970 iis
1081 4914 1174 4982 qui
1214 4914 1316 4967 sub
1347 4912 1461 4980 lege
1505 4919 1682 4975 erant,
1711 4909 1860 4978 loqui
1889 4927 1901 4962 :
1936 4924 2110 4978 neque
2156 4910 2308 4979 igno-

733 5011 886 5063 rabat
916 5005 1380 5076 comparationem
1408 5018 1511 5072 qua
1547 5003 1704 5056 utitut
1745 5001 2015 5065 Salvator,
2040 5018 2164 5056 cum
2196 5004 2270 5056 ait
2299 5023 2308 5055 :

730 5103 946 5157 Dictum
1001 5109 1077 5153 est
1113 5099 1248 5151 illud
1289 5096 1564 5163 antiquis;
1623 5111 1712 5164 ego
1743 5103 1916 5146 autem
1948 5095 2043 5147 lioc
2071 5094 2186 5148 dico
2226 5114 2316 5148 ro-

733 5197 809 5248 bis
835 5195 876 5248 ³.
927 5192 1127 5259 Quare,
1166 5190 1309 5243 sicut
1383 5187 1700 5255 DemOphilo
1735 5186 1949 5240 cuidam
1983 5185 2202 5240 divinus
2232 5188 2316 5239 di-

731 5292 806 5344 cit
859 5285 1172 5356 Dionysius,
1215 5281 1441 5335 minime
1497 5279 1833 5334 aemulandos
1890 5279 2127 5349 impetus
2197 5290 2320 5334 tuos

732 5398 842 5436 non
872 5376 1316 5451 approbabimus,
1352 5373 1455 5427 etsi
1488 5371 1686 5426 millies
1733 5370 1976 5441 proferas
2002 5371 2233 5428 Pliinees
2267 5389 2319 5432 et

733 5475 929 5530 Eliam.
974 5469 1099 5524 Haec
1155 5468 1299 5523 enim
1356 5481 1480 5520 cum
1518 5465 1732 5519 audiret
1762 5464 1946 5530 Jesus,
1976 5483 2316 5537 nequaquam

733 5562 841 5633 ipsi
873 5562 1199 5632 placuerunt
1230 5558 1396 5625 hujus
1428 5555 1698 5609 mansueti
1737 5565 1792 5608 et
1817 5557 1943 5610 boni
1976 5559 2205 5627 spiritus
2226 5575 2319 5612 ex-

736 5665 918 5726 pertes
951 5651 1227 5722 discipuli.
1258 5649 1391 5703 Nam
1424 5658 1478 5702 et
1503 5647 1880 5706 divinissimus
1914 5659 2097 5707 noster
2120 5666 2309 5707 sacro-

2410 4632 2528 4696 νας,
2563 4629 2857 4682 κάντεῦθεν
2890 4625 3256 4697 εὑρισκόμεθα
3319 4629 3725 4698 πατρομαχίαν,
3776 4632 3971 4699 μᾶλλον

2411 4723 2467 4775 δὲ
2501 4719 2799 4789 θεομαχίαν
2830 4717 3194 4786 εἰσφέροντες.
3239 4716 3295 4767 Ὀ
3325 4719 3432 4785 γάρ
3478 4734 3560 4769 τοι
3612 4718 3754 4781 θεῖος
3778 4720 3971 4788 K690.-

2413 4815 2502 4878 λος
2534 4817 2591 4867 ὲν
2620 4815 2732 4877 τοῖς
2779 4812 2918 4865 κατὰ
2958 4810 3245 4864 Ἰουλιανὺν
3297 4812 3438 4862 κατὰ
3473 4812 3532 4863 τὸ
3561 4812 3730 4866 πάλαι
3760 4831 3972 4882 νενομο-

2417 4908 2712 4978 θετημένον
2745 4906 3028 4976 προῦτεινε
3074 4903 3172 4975 τὴν
3217 4904 3404 4973 ῥῆσιν·
3446 4903 3545 4955 οὐκ
3596 4905 3889 4974 ἐφάμιλλον
3911 4910 3972 4977 τῇ

2414 5005 2530 5073 Νέᾳ
2561 5002 2656 5072 τὴν
2715 4999 2958 5051 Παλαιὰν
2996 4995 3317 5065 συμϐάλλων
3338 5011 3352 5024 ο
3390 4995 3461 5064 μὴ
3511 4996 3718 5063 γένοιτο
3744 5015 3756 5026 ·
3786 4999 3846 5050 οὐ
3873 4999 3973 5069 γὰρ

2414 5097 2598 5167 ἠγνόει
2633 5096 2714 5146 ὅτι
2744 5095 2843 5143 ὅσα
2871 5093 2902 5141 ὁ
2925 5089 3084 5152 νόμος
3118 5089 3284 5154 λέγει,
3315 5091 3423 5150 τοῖς
3455 5089 3509 5139 ὲν
3540 5089 3615 5158 τῷ
3644 5089 3791 5159 νόμῳ
3813 5091 3969 5145 λαλεῖ,

2417 5189 2549 5242 Οὐδὲ
2579 5187 2678 5256 τὴν
2714 5183 2806 5237 τοῦ
2841 5181 3088 5251 Σωτῆρος
3114 5179 3422 5247 σύγκρισιν,
3448 5182 3504 5231 ὲν
3593 5199 3759 5249 φησιν
3789 5200 3802 5212 .
3849 5184 3970 5250 Ἔῤ,

2412 5278 2570 5345 ῥήοη
2605 5275 2723 5340 τοῖς
2752 5275 3022 5341 ἀρχαίοις
3048 5269 3206 5323 τόδε·
3239 5269 3350 5336 ἐγὼ
3379 5271 3446 5321 δὲ
3469 5272 3624 5338 λέγω
3663 5273 3804 5340 ὑμῖν
3829 5275 3969 5327 τόδε,

2427 5373 2612 5432 Ὥστε,
2649 5365 2791 5418 καθά
2827 5381 2988 5432 φησιν
3013 5365 3040 5414 ὁ
3067 5362 3380 5431 θεοφάντωρ
3405 5362 3681 5425 Διονύσιος
3706 5365 3840 5432 πρός
3865 5383 3972 5419 τινα

2425 5451 3228 5533 Δημόφιλονρὺκἁποδεξόμεθά
3247 5469 3335 5503 σου
3354 5452 3448 5514 τὰς
3465 5453 3772 5521 ἀξηλώτους
3792 5458 3926 5526 ὁρμά
3958 5497 3972 5521 ,

2426 5557 2528 5608 κᾶν
2554 5558 2600 5605 εἰ
2619 5552 2760 5623 [ρυιι.
2780 5549 2911 5618 lli-.3.
2929 5547 3034 5599 οὐδ’
3053 5544 3126 5617 εί]
3147 5544 3406 5613 μυριάκις
3426 5546 3789 5608 ὲπαναλάϐοις
3804 5549 3889 5599 τὸν
3903 5551 3976 5600 liv.-

2429 5649 2542 5710 νεὲς
2567 5646 2659 5699 καὶ⁵
2685 5643 2776 5696 τὸν
2809 5639 3016 5694 Ἠλίαν.
3040 5635 3224 5690 Ταῦτα
3236 5635 3344 5707 γὰρ
3363 5636 3626 5688 ἀκούοντα
3641 5637 3732 5690 τὸν
3759 5639 3974 5707 Ἰησοῦν,

807 5797 852 5829 ιιι
881 5793 1074 5848 “amb
1104 5807 1223 5853 χιιι,
1264 5789 1352 5842 9,9,
1429 5784 1676 5860 "‘lloin.
1716 5788 1782 5840 t7
1819 5789 1869 5840 in
1911 5787 2099 5843 Matth.
2181 5791 2194 5820 ¹
2233 5790 2405 5860 Epist.
2452 5787 2502 5848 7,
2544 5782 2607 5837 ad
2667 5777 3039 5848 Doniopliilum
3112 5770 3460 5834 monachum.
3495 5788 3645 5827 num.
3678 5774 3730 5830 6.
3809 5777 3828 5808 ³
3858 5775 3972 5832 Luc.

740 5882 892 5932 unt,
928 5865 1016 5920 δι.
1097 5863 1118 5894 ³
1149 5860 1338 5916 Matth.
1373 5872 1422 5918 γ,
1456 5855 1545 5919 2|,
1585 5858 1674 5907 22.
