4156 6534
207 487 349 552 i485

1401 489 1940 552 EPISTOLARUM
1980 490 2132 551 LIB.
2177 489 2259 550 ΙΙ.

3325 482 3462 547 1486

202 606 309 658 οὐκ
335 605 575 677 ἤρεσκον
608 605 656 658 oi
677 604 772 659 τοῦ
801 605 1005 677 πραέος
1031 623 1224 660 τουτου
1269 608 1364 662 καὶ
1385 609 1594 675 άγάθοῦ
1624 612 1784 663 πνεύο

1891 625 2006 664 rum
2039 609 2318 663 institutor
2347 605 2400 660 in
2447 602 2862 659 mansuetudine
2890 600 3050 656 docet
3078 612 3173 655 eos
3229 599 3322 668 qui
3362 598 3464 652 do-

207 712 382 766 ματος
405 697 666 767 άμέτοχοι
696 699 958 768 μαθηταί.
993 701 1104 754 Καὶ
1158 702 1266 773 γάρ
1304 704 1396 756 καὶ
1443 701 1472 755 6
1511 704 1785 766 θειότατος

203 787 365 858 ἡμῶν
397 787 673 858 ἱεροθιὲτης
706 791 764 840 ὲν
796 790 1064 860 πραότητι
1089 791 1332 851 διδάσκει
1391 795 1517 857 τοὺς
1541 795 1783 847 ἀντιδια-

203 881 528 950 τιθεμένους
573 885 637 951 τῇ
681 882 1002 955 διδασκαλίᾳ
1059 887 1152 937 τοῦ
1208 886 1370 939 Θεοῦ.
1427 888 1785 941 Διδάσκεσθαι

204 973 341 1044 γὰρ,
375 974 434 1026 οὑ
457 975 820 1044 τιμωρεῖσθαι
868 977 969 1047 χρὴ
1021 979 1146 1040 τοὺς
1168 979 1516 1046 ἀγνοοῦντας.
1559 970 1787 1035 Ἠνωτί-

207 1066 388 1135 σμεθα
417 1066 533 1129 οὖν,
567 1060 612 1118 ὦ
643 1068 851 1139 μάκαρ,
884 1069 919 1122 ἃ
965 1071 1146 1140 λέλεχε
1190 1075 1285 1126 καὶ
1305 1074 1332 1126 6
1364 1076 1504 1146 ἱερὸς
1553 1075 1785 1142 Παῦλος,

203 1160 234 1211 6
261 1157 414 1228 ἥλιος
443 1158 544 1227 τῆς
575 1159 668 1211 ὑπ’
703 1159 951 1230 οὐρανόν,
975 1163 1138 1230 Λέγει
1163 1165 1343 1218 τοίνυν
1367 1169 1459 1218 καὶ
1482 1167 1510 1218 6
1530 1167 1787 1241 θεοφόρος

217 1250 482 1318 Ἰγνάτιος
507 1268 520 1280 ·
547 1253 685 1316 Τοὺς
722 1253 1017 1322 μισοῦντας
1042 1251 1139 1309 οὖν
1173 1258 1263 1310 τὸν
1293 1258 1424 1311 Θεὸν
1457 1265 1633 1329 μισεῖν
1659 1264 1782 1333 χρὴ,

204 1343 307 1395 καὶ
335 1344 428 1395 ἐπὶ
451 1346 562 1404 τοῖς
593 1345 808 1413 ἐχθροῖς
848 1347 1014 1400 αὐτοῦ
1052 1351 1411 1421 ἐκτετηκέναι
1437 1369 1449 1382 °
1485 1354 1546 1405 οὑ
1596 1355 1702 1424 μὴν
1730 1354 1786 1407 δὲ

203 1435 428 1491 διώκειν
463 1440 612 1507 ἡμᾶς
651 1439 852 1502 αὐτοὺς
906 1439 938 1510 ἦ
984 1438 1247 1494 τύπτειν
1284 1443 1534 1514 καθάπερ
1563 1446 1632 1497 τὰ
1661 1445 1787 1516 ἔθνη

205 1529 277 1582 τὰ
312 1531 386 1599 μὴ
419 1531 599 1582 εἰδότα
631 1531 722 1582 τὸν
755 1529 912 1585 Θέόν.
943 1534 1003 1586 Ei
1036 1534 1092 1586 δὲ
1120 1535 1180 1586 οὐ
1229 1534 1453 1589 τύπτειν
1487 1537 1585 1603 δεῖ,
1623 1540 1785 1610 σχολῇ

205 1619 342 1688 γοῦν
376 1620 575 1683 αὐτοὺς
607 1623 841 1676 κτένειν.
890 1623 1106 1693 Ἐπειδὴ
1134 1625 1192 1678 δὲ
1233 1627 1440 1679 καὶτὸν
1491 1627 1646 1695 ἅγιον
1680 1631 1786 1680 Συ-

212 1711 362 1780 μεὼν
386 1712 478 1764 τὸν
528 1712 624 1764 τοῦ
679 1713 995 1782 θαυμαστοῦ
1034 1716 1192 1788 ὅρους
1243 1717 1490 1787 εἴληφας,
1529 1719 1785 1785 δέσποτα,

207 1805 462 1858 συνάδειν
501 1822 604 1858 σοι·
655 1809 730 1876 μὴ
761 1808 920 1859 τοῦτο
947 1809 1085 1872 οἴου,
1114 1809 1245 1880 ἱερὲ,
1286 1811 1361 1874 ὡς
1389 1811 1619 1882 μάχεται
1652 1815 1788 1885 Χρι-

208 1896 347 1963 στῷ,
379 1895 412 1964 ἦ
447 1899 559 1957 τοῖς
589 1897 728 1967 ὑπὲρ
759 1899 921 1951 αὑτὸν
964 1901 1327 1965 διδασκάλοις.
1368 1903 1528 1956 Ἀλλά
1573 1906 1663 1971 τίς
1698 1908 1788 1960 ἐπὶ

1887 701 2074 754 ctrina:
2114 699 2208 753 Dei
2265 699 2642 753 adversantur.
2695 693 2889 749 Doceri
2925 691 3070 747 enim
3120 706 3227 745 non
3281 687 3464 758 puniri

1886 801 2097 861 Oportet
2135 793 2472 862 ignorantes.
2503 789 2827 843 Audivimus
2857 787 3042 857 igitur,
3074 798 3107 838 ο
3136 784 3311 846 beate,
3342 796 3466 850 quae

1887 885 2194 939 dixitsacer
2216 884 2442 945 Paulus,
2485 884 2565 937 sol
2599 881 2748 935 orbis
2789 877 3050 933 universi.
3084 874 3174 930 Ait
3197 882 3375 929 autem
3411 881 3466 926 et

1888 975 2060 1030 deifer
2091 975 2328 1046 Ignalius
2349 975 2370 1006 δ
2390 975 2556 1030 :Odio
2584 974 2767 1042 itaque
2789 971 2958 1025 Deum
2985 969 3246 1023 habentes
3260 978 3464 1021 conve-

1888 1069 1966 1124 nit
2001 1069 2127 1122 odio
2164 1069 2386 1133 habere,
2423 1076 2478 1123 et
2502 1082 2667 1136 super
2721 1064 2973 1118 inimicos
3000 1061 3123 1130 ejus
3145 1060 3463 1121 tabescere;

1890 1168 2207 1213 nontamen
2239 1159 2360 1212 illos
2385 1156 2634 1227 persequi
2657 1154 3074 1218 autverberare,
3103 1152 3247 1206 sicut
3275 1157 3466 1218 gentes

1888 1267 2007 1321 quae
2025 1267 2134 1305 non
2174 1259 2444 1304 noverunt
2496 1249 2685 1303 Deum.
2744 1247 2897 1313 Quod
2955 1246 2998 1300 si
3031 1245 3317 1298 verberare
3358 1255 3465 1293 non

1890 1352 2121 1413 oportet,
2181 1341 2333 1396 nullo
2377 1341 2564 1409 utique
2616 1339 2778 1393 modo
2831 1336 2953 1389 illos
2985 1334 3254 1388 occidere.
3297 1327 3466 1395 Quod

1888 1444 2066 1489 autem
2119 1435 2171 1489 id
2226 1434 2528 1500 sumpsisti,
2560 1444 2811 1486 sanctum
2875 1441 3094 1497 quoque
3132 1425 3464 1482 Simeonem,

1889 1529 1982 1597 qui
2031 1527 2084 1579 in
2132 1526 2456 1580 admirando
2491 1533 2676 1576 monte
2703 1531 2806 1585 est,
2833 1530 3032 1584 tecum,
3065 1515 3307 1578 domine,
3337 1528 3470 1567 con-

1889 1619 2091 1673 sentire
2124 1634 2138 1670 ε
2171 1617 2280 1671 noli
2323 1617 2424 1671 hoc
2461 1615 2800 1678 existimare,
2834 1612 2916 1664 vir
2958 1624 3134 1671 sacer,
3182 1605 3330 1676 quod
3378 1603 3470 1658 ille

1888 1711 2106 1764 Christo
2168 1718 2448 1779 repugnet,
2485 1715 2578 1760 aut
2625 1704 2899 1775 magistris
2942 1699 3250 1772 potioribus
3301 1711 3466 1767 quam

1891 1805 2006 1872 ipse
2036 1803 2124 1857 sit.
2181 1801 2285 1856 Sed
2319 1801 2448 1871 quid
2479 1799 2502 1851 ?
2544 1798 2738 1853 Sermo
2783 1796 2860 1850 illi
2895 1804 3012 1849 erat
3037 1791 3378 1847 hortatorius
3400 1788 3469 1843 ad

1892 1894 2036 1949 illius
2090 1895 2349 1962 temporis
2410 1893 2814 1962 imperatorem,
2856 1889 2923 1942 de
2961 1896 3120 1958 gente
3149 1899 3270 1954 qua:
3296 1897 3470 1952 popu-

206 1988 357 2041 ἔθνει
424 1991 855 2059 τραυματίζοντι
913 1992 973 2044 τὸ
1015 1995 1339 2060 Χριστιανὸν
1384 1996 1602 2064 φῦλονὸ
1630 1998 1786 2067 λόγος

1891 1988 2000 2042 lum
2046 1986 2417 2043 Christianum
2445 1985 2740 2040 infestabat
2772 2001 2786 2036 :
2817 1997 2885 2036 ne
2915 1997 2943 2034 a
2967 1978 3254 2034 Samaritis
3281 1976 3470 2045 oppri-

206 2082 362 2153 αὐτῷ
392 2085 493 2151 τῆς
517 2084 653 2150 πρὸς
680 2083 770 2135 τὸν
787 2085 1092 2153 τηνικαῦτα
1116 2085 1340 2154 βασιλέα
1363 2088 1783 2158 παρακλήσεως,

201 2174 286 2236 ὼς
319 2174 384 2227 ἂν
422 2175 495 2246 μὴ
533 2176 821 2245 πορθοῖντο
844 2176 946 2228 ὑπὸ
980 2176 1334 2248 Σαμαρειτῶν
1369 2180 1418 2231 οἱ
1448 2181 1784 2250 Χριστιανοί.

206 2266 322 2320 Καὶ
354 2261 486 2334 εὖγε
515 2267 649 2337 ἔχει.
681 2268 792 2320 Καὶ
822 2268 917 2321 νῦν
947 2269 1112 2321 ταυτὸ
1135 2270 1292 2323 τοῦτο
1329 2271 1785 2341 παρακαλοῦμεν·

206 2357 310 2412 καὶ
343 2358 556 2420 Σκύθας
582 2359 674 2411 καὶ
713 2360 997 2431 Ἀρῤαϐας
1036 2359 1397 2425 θανατοῦντας
1429 2363 1520 2415 τὸν
1540 2363 1665 2416 λαὸν
1693 2363 1787 2417 τοῦ

204 2447 350 2501 Θεοῦ
415 2448 693 2518 πολεμεῖν,
728 2449 822 2501 καὶ
877 2449 951 2518 μὴ
1011 2450 1288 2518 φείδεσθαι
1338 2453 1463 2513 τοὺς
1509 2451 1786 2521 βασιλέας.

211 2540 382 2592 Ἀλλο
411 2539 588 2602 τοῦτο,
621 2541 843 2592 κάκεῖνο
871 2542 1058 2611 ἓτερον
1085 2557 1098 2572 ·
1129 2541 1189 2594 τὸ
1219 2542 1317 2611 μὲν
1352 2544 1444 2595 ἐπὶ
1477 2545 1603 2607 τοὺς
1625 2544 1786 2597 πολεο

212 2631 410 2700 μέουςο
439 2631 502 2682 τὸ
567 2631 623 2682 δὲ
692 2633 784 2684 ἐπὶ
837 2634 962 2694 τοὺς
1005 2632 1109 2684 ὑπὸ
1157 2635 1315 2701 χεῖρα
1357 2633 1684 2702 αἰρετικούς.
1717 2634 1791 2688 Τὸ

209 2721 324 2792 γάρ
355 2736 436 2772 τοι
464 2722 593 2792 περὶ
623 2721 715 2774 τοῦ
744 2723 1055 2791 Νηστευτοῦ
1098 2723 1344 2776 Ἰωάννου
1378 2723 1470 2776 τοῦ
1500 2725 1596 2794 τῆς
1636 2725 1791 2778 Κων-

213 2811 716 2874 σταντινουπό).εως
746 2811 1034 2881 προέδρου,
1066 2811 1127 2865 οῦ
1158 2831 1248 2884 μοι
1275 2813 1522 2880 φαίνεται
1570 2815 1788 2885 ἀληθὲς,

211 2900 510 2971 ἐπιτρέψαι
583 2901 1115 2977 ἀνασκολοπισθῆναι
1176 2904 1302 2966 τοὺς
1365 2904 1606 2972 γόητας,
1659 2906 1795 2958 ἀλλὰ

214 2991 768 3063 παρακεχωρηκέναι.
814 2994 999 3055 Φονεῖς
1047 2994 1156 3064 γὰρ
1215 2995 1439 3048 καύτοί·
1476 2998 1560 3065 ἐφ’
1592 2996 1687 3060 οὓς
1731 2997 1793 3051 οὐ

213 3083 489 3137 κωλυτέον
517 3085 630 3146 τοῖς
680 3085 944 3152 κρατοῦσι
968 3086 1037 3139 τά
1082 3086 1192 3138 τῶν
1239 3087 1565 3157 Ῥωμαϊκῶν
1615 3089 1795 3157 νόμων

214 3176 375 3246 δρᾷνκ.
412 3176 494 3228 Οὐ
526 3173 636 3242 γὰρ
668 3173 820 3243 εικῆ,
845 3177 997 3246 φησι,
1018 3177 1134 3243 τὴν
1146 3176 1447 3245 μάχαιραν
1466 3179 1760 3246 φοροῦσιν
1777 3194 1792 3209 θ

214 3265 448 3319 ἔκδικοι
471 3268 589 3319 εισι
621 3265 700 3331 τῷ
726 3268 792 3319 τὸ
834 3264 1023 3321 κακὸν
1063 3268 1400 3337 πράσσοντι
1426 3285 1439 3299 ·
1473 3270 1535 3322 οὐ
1581 3269 1687 3340 μὴν
1710 3269 1794 3338 ἐφ’

1888 2088 2164 2132 merentur
2190 2076 2508 2131 Christiani.
2541 2074 2698 2141 Quod
2727 2075 2865 2128 bene
2897 2071 3079 2126 habet.
3122 2069 3278 2124 Nunc
3301 2068 3468 2122 etiam

1890 2171 2124 2240 idipsum
2150 2170 2510 2234 obtestamur,
2547 2178 2608 2222 ut
2637 2166 2871 2238 Scythas
2893 2173 2947 2219 et
2979 2163 3213 2226 Arabas,
3246 2161 3342 2230 qui
3374 2159 3469 2214 Dei

1891 2263 2150 2333 populum
2216 2264 2512 2331 perimunt,
2546 2261 2688 2314 bello
2736 2267 2941 2328 petant,
2976 2271 3080 2311 nec
3113 2249 3194 2309 illi
3245 2263 3470 2324 parcant

1889 2357 2266 2425 imperatores.
2316 2354 2423 2408 Sed
2466 2363 2550 2408 est
2597 2352 2737 2408 istud
2786 2352 2853 2405 ab
2887 2350 2981 2405 illo
3013 2349 3326 2414 diversum;
3364 2346 3470 2400 hoc

1889 2447 2030 2503 enim
2065 2447 2329 2501 adversus
2369 2446 2571 2510 hostes,
2605 2444 2730 2498 illud
2762 2452 2950 2497 contra
3000 2439 3250 2495 subditos
3291 2439 3467 2492 han-e-

1891 2539 2049 2592 ticos.
2086 2535 2288 2602 Quare,
2321 2537 2464 2606 quod
2491 2537 2558 2590 de
2590 2535 2807 2590 Joanne
2831 2532 3162 2602 jejunatore,
3199 2530 3472 2586 Constan-

1890 2630 2257 2699 tinopolitano
2313 2627 2556 2683 antistite
2597 2628 2799 2690 lerunt,
2840 2627 3134 2681 mandasse
3160 2635 3222 2679 ut
3248 2630 3468 2693 praestt-

1892 2723 2130 2790 giatores
2162 2723 2215 2775 in
2240 2736 2459 2777 crucem
2495 2728 2807 2791 agerentur,
2841 2719 2976 2772 mihi
3016 2733 3204 2772 verum
3255 2731 3365 2770 non
3391 2714 3474 2768 vi-

1891 2815 2071 2878 detur,
2101 2813 2191 2867 sed
2221 2812 2558 2881 permisisse.
2592 2807 2890 2864 Homicida:
2937 2822 3176 2874 namque
3229 2817 3356 2862 sunt
3415 2814 3474 2860 et

1893 2904 2036 2973 ipsi:
2065 2905 2132 2958 de
2164 2904 2363 2973 quibus
2411 2904 2704 2958 vetandum
2759 2916 2868 2956 non
2914 2907 3017 2966 est,
3049 2900 3344 2970 quominus
3377 2900 3471 2967 qui

1894 3012 2075 3050 rerum
2129 2997 2432 3065 potiuntur,
2468 3011 2534 3050 ex
2591 2995 2802 3064 legibus
2859 2993 3124 3047 Romanis
3151 2993 3470 3047 decernant.

1896 3087 2021 3142 Non
2072 3090 2210 3141 enim
2258 3088 2370 3141 sine
2421 3104 2606 3151 causa,
2639 3086 2837 3156 inquit,
2901 3085 3140 3153 gladium
3196 3093 3454 3152 portant;

1894 3180 2121 3233 vindices
2154 3189 2274 3233 sunt
2306 3181 2355 3233 ei
2375 3181 2465 3249 qui
2502 3179 2705 3233 malum
2732 3179 2840 3248 agit
2869 3178 2971 3244 ⁶⁶⁷;
3012 3177 3106 3232 sed
3133 3190 3238 3230 non
3278 3177 3330 3230 in
3379 3189 3476 3231 eos

1896 3269 1964 3323 de
1988 3269 2189 3338 quibus
2220 3268 2485 3324 Dominus
2540 3269 2839 3339 prohibuit,
2871 3266 3187 3336 permittere
3239 3271 3472 3334 oportet.

215 3358 314 3421 οὓς
343 3361 371 3411 6
401 3357 602 3428 Κύριος
636 3359 932 3424 ἐκώλυσεν,
980 3335 1296 3431 ἐπιτρέπειν
1344 3361 1474 3430 χρή.
1517 3335 1790 3430 Σωμάτων

1897 3357 2000 3423 Qui
2029 3360 2175 3414 enim
2209 3361 2530 3429 corporibus
2555 3368 2818 3430 praesunt,
2841 3358 2926 3413 bis
2966 3358 3090 3412 licet
3121 3357 3357 3427 plectere
3382 3369 3477 3410 eos

215 3450 329 3519 γὰρ
360 3451 638 3521 ἄρχοντες,
677 3452 802 3514 τοὺς
834 3453 891 3504 ἐν
921 3456 1034 3515 τοῖς
1065 3456 1398 3522 σωματικοῖς
1422 3453 1648 3516 ἁλόντας
1675 3452 1795 3519 ἐξὸν

217 3544 407 3604 αὐτοῖς
433 3541 685 3605 κολάζειν
707 3560 720 3573 ο
755 3542 876 3613 οὐχὶ
903 3545 1030 3607 τοὺς
1050 3547 1106 3596 ἐν
1129 3546 1243 3608 τοῖς
1276 3546 1417 3598 κατὰ
1439 3547 1618 3616 ψυχήν
1643 3562 1656 3577 ·
1689 3547 1797 3599 τῶν

219 3634 332 3703 γὰρ
355 3632 541 3703 ψυχῶν
564 3633 846 3703 ἀρχόντων
878 3634 1037 3686 τοῦτο
1068 3651 1080 3663 ·
1106 3627 1180 3686 ῶν
1211 3635 1279 3688 τὰ
1306 3634 1663 3707 κολαστήρια,
1694 3638 1798 3705 ἁφ-

220 3727 467 3797 ορισμοὶ,
505 3727 597 3777 καὶ
631 3727 688 3778 αἱ
715 3725 900 3777 λοιπαὶ
919 3725 1213 3797 ὲπιτιμίαι.

294 3816 486 3880 Οῦτως
530 3810 645 3880 οὖν,
683 3813 728 3872 ῶ
756 3818 1009 3881 δέσποτα,
1037 3820 1199 3890 ἡμεῖς
1223 3821 1272 3872 οἱ
1298 3818 1537 3880 εὐτελεῖς
1570 3819 1797 3892 φρονοῦ-

223 3926 359 3979 μενν
391 3908 486 3960 καί
513 3925 598 3974 γε,
626 3909 710 3960 ἵνα
755 3910 813 3960 ὲν
842 3906 1126 3977 ἀφροσύνῃ
1151 3908 1421 3977 εἴποιμεν,
1458 3907 1553 3961 καὶ
1579 3909 1798 3979 παρρη-

221 4000 318 4070 σία
350 3998 729 4070 λελαλήκαμεν
756 3998 833 4068 τῷ
857 3999 954 4069 μὲν
987 3999 1394 4068 μακαριωτάτῳ
1421 4000 1453 4068 ἡ
1464 3998 1580 4068 μῶν
1603 4015 1798 4068 πατρι-

219 4092 371 4162 άρχῃ
399 4131 414 4154 ,
462 4093 544 4144 ὃτι
595 4091 837 4162 μαχαίρᾳ
870 4093 903 4162 ή
944 4091 1242 4161 Ἐκκλησία
1272 4092 1374 4144 οὐκ
1422 4091 1663 4154 ἐκδικεῖ,
1704 4092 1797 4144 καὶ

219 4182 554 4234 κατένευσεο
587 4186 698 4246 τοῖς
735 4182 791 4234 δὲ
817 4181 916 4251 τὴν
949 4183 1164 4250 σφαγὴν
1189 4182 1424 4252 δράσασι
1472 4180 1792 4252 βασιλεῦσι·

217 4273 301 4342 τῷ
334 4274 432 4342 μὲν
462 4271 684 4342 πρώτῳ,
713 4273 802 4324 ὅτι
829 4273 944 4325 Οὐκ
969 4273 1174 4343 ἠρέσθη
1208 4274 1337 4337 Θεὸς
1361 4275 1452 4326 ἐπὶ
1481 4279 1544 4343 τῇ
1574 4280 1797 4343 τοιαυτῃ

216 4363 538 4431 ἀναιρέσει·
585 4363 667 4432 τῷ
710 4362 765 4414 δὲ
800 4362 1038 4432 δευτέρῳ
1072 4363 1389 4416 ἀπαιτοῦντι
1429 4365 1527 4434 τὴν
1563 4380 1796 4432 συνηγο-

221 4457 350 4525 ρίαν
392 4454 492 4522 τῆς
534 4453 892 4524 ἀναιρέσεως,
925 4455 1008 4507 ὃτι
1042 4455 1314 4528 Πρότερον
1356 4457 1389 4526 ἡ
1437 4456 1647 4526 κεφαλή
1692 4473 1795 4525 μου

216 4548 459 4618 αἴρεται,
490 4548 635 4616 ἥπερ
671 4547 965 4600 συνθέσθαι
1009 4564 1076 4617 με
1118 4549 1311 4618 τούτῳ.
1347 4547 1534 4601 Ταῦτα
1560 4548 1625 4615 δὴ
1664 4547 1796 4618 παρ’

216 4637 380 4707 ἡμῶν
409 4638 519 4690 τῶν
550 4638 1119 4710 άμαρτωλῶν.⁹Υμεῖς
1145 4639 1223 4703 δὲ,
1258 4638 1575 4707 ἁγιώτατοι,
1600 4642 1646 4693 εί
1673 4641 1794 4694 ἓτε-

217 4748 315 4800 ρον
348 4730 680 4798 Εὑαγγέλιον
714 4731 1011 4798 ἀνέγνωτε,
1047 4733 1183 4803 ὅπερ
1214 4733 1374 4802 ἡμεῖς
1402 4733 1501 4785 οὐκ
1535 4733 1712 4802 ἴσμεν,
1733 4727 1792 4786 εὖ

216 4822 287 4874 ἂν
320 4820 434 4890 ἔχοι
456 4836 470 4849 ’
502 4823 550 4873 εί
582 4821 640 4873 δὲ
678 4819 774 4891 μὴ,
809 4821 1124 4890 σκοπήσατε
1158 4821 1209 4872 τί
1241 4822 1270 4872 6
1308 4820 1630 4885 Ἀπόστολος
1659 4823 1796 4874 ἀπο-

215 4929 491 4981 φαινοιτο.

215 5028 389 5094 PNG’
423 5027 556 5095 (48).
589 5058 656 5067 -
687 5027 764 5094 Τῇ
796 5025 1057 5153 περὶότὸν
1089 5028 1411 5095 Πατρίκιον
1444 5028 1580 5082 υἱὸν
1617 5028 1794 5084 ἀδελ-

887 5118 927 5153 <ε
968 5115 1114 5153 τητι.

885 5115 1114 5168 φοτητι.

1896 3451 1992 3521 qui
2043 3452 2098 3505 in
2147 3454 2522 3521 corporalibus
2572 3452 2806 3507 convicti
2851 3451 3098 3506 fuerint:
3135 3465 3240 3504 non
3294 3460 3476 3503 autem

1895 3558 1991 3599 eos
2016 3543 2109 3612 qui
2140 3545 2193 3598 in
2219 3545 2598 3615 spiritualibus
2627 3562 2640 3610 ;
2681 3545 2785 3598 hoc
2845 3543 2990 3598 enim
3045 3557 3239 3596 eorum
3266 3553 3351 3597 est
3380 3541 3474 3611 qui

1896 3637 2107 3691 animas
2134 3648 2328 3708 regunt
2358 3655 2372 3705 ;
2415 3652 2650 3707 quorum
2679 3635 3180 3709 animadversiones
3210 3646 3338 3690 sunt
3366 3651 3466 3691 ex-

1896 3729 2442 3794 communicationes,
2473 3738 2528 3784 et
2555 3729 2778 3798 reliquae
2819 3742 3012 3797 preme.

1970 3821 2060 3875 Sic
2088 3836 2242 3891 ergo,
2267 3821 2507 3888 domine,
2535 3837 2637 3876 nos
2681 3821 2914 3876 humiles
2942 3819 3241 3875 sentimus:
3269 3826 3323 3874 et
3353 3830 3460 3885 qu.-

1896 3914 2042 3978 dem,
2079 3923 2137 3967 ut
2159 3914 2211 3966 in
2244 3913 2559 3983 insipientia
2587 3913 2856 3977 dicamus,
2891 3911 3060 3966 libere
3089 3911 3253 3966 locuti
3282 3926 3476 3966 sumus

1896 4003 2212 4057 beatissimo
2246 4004 2574 4073 patriarchae
2612 4012 2828 4066 nostro,
2856 4004 3000 4072 quod
3031 3999 3269 4056 Ecclesia
3294 4000 3476 4072 gladio

1896 4110 2004 4148 non
2039 4095 2278 4149 vindicet
2307 4113 2323 4161 ;
2356 4097 2451 4165 qui
2512 4095 2730 4164 quidem
2765 4093 2956 4148 annuit
2986 4108 3002 4159 ;
3060 4092 3476 4156 imperatoribus

1895 4201 2046 4251 vero,
2084 4187 2178 4255 qui
2213 4187 2416 4241 caedem
2469 4195 2775 4256 patrarunt,
2826 4185 2996 4255 priori
3051 4186 3291 4255 quidem,
3330 4184 3475 4254 quod

1899 4279 2009 4332 Deo
2055 4279 2180 4332 talis
2211 4278 2386 4333 caedes
2425 4293 2535 4331 non
2595 4277 2902 4347 placuerit;
2937 4274 3229 4346 posteriori
3267 4285 3473 4338 autem,

1896 4384 2023 4424 cum
2051 4370 2216 4425 credis
2250 4369 2620 4425 defensionem
2659 4371 2918 4439 exigeret,
2966 4370 3117 4436 prius
3165 4366 3299 4420 mihi
3357 4364 3476 4420 adi-

1898 4463 2154 4516 mendum
2212 4473 2394 4531 caput,
2462 4478 2626 4533 quam
2681 4471 2740 4516 ut
2771 4462 2853 4517 his
2895 4462 3280 4517 consentirem.
3352 4456 3476 4513 Haec

1898 4552 2086 4623 itaque
2117 4569 2146 4608 a
2175 4555 2333 4609 nobis
2372 4543 2773 4624 peccatoribus.
2805 4553 2910 4607 Vos
2933 4566 3082 4616 vero,
3115 4549 3473 4612 sanctissimi,

1825 4684 1868 4738 Β
1897 4646 1942 4700 si
1971 4647 2117 4701 aliud
2136 4648 2492 4718 Evangelium
2518 4647 2743 4717 legistis,
2763 4645 2908 4714 quod
2940 4660 3041 4699 nos
3065 4658 3176 4698 non
3197 4642 3473 4707 novimus,

1899 4740 2037 4794 bene
2091 4741 2354 4805 habebit;
2405 4741 2487 4794 sin
2544 4742 2748 4806 minus,
2805 4737 3151 4792 considerate
3171 4736 3300 4807 quid
3327 4737 3476 4792 dicat

1900 4831 2217 4900 Apostolus.

1962 5030 2144 5089 CLVI.
2171 5064 2239 5074 —
2267 5031 2554 5087 Fratribus
2579 5034 2666 5104 qui
2696 5051 2816 5087 cum
2846 5032 3082 5088 Patricio
3106 5032 3219 5103 ﬁlio
3244 5041 3364 5086 sunt
3385 5031 3473 5101 (‘).

718 5216 791 5263 De
815 5215 1106 5279 Tbeologia,
1135 5223 1188 5263 et
1212 5215 1276 5278 de
1301 5215 1607 5265 immaculata
1640 5213 1850 5277 imagine
1869 5225 2003 5263 sacra
2037 5213 2232 5264 Domini
2257 5219 2310 5264 et
2331 5213 2425 5265 Dei
2449 5214 2608 5264 nostri
2632 5215 2752 5264 Jesu
2786 5211 2978 5264 Christi.

305 5320 552 5387 Ἀδελφοὶ
575 5323 671 5376 καὶ
697 5323 960 5393 Πατέρες,
991 5324 1372 5394 παρακληθεὶς
1400 5328 1549 5394 παρὰ
1578 5323 1671 5376 τοῦ
1688 5325 1794 5375 Ila-

217 5411 349 5482 τρὸς
380 5410 559 5480 ὑμῶν,
585 5411 659 5473 ὡς
692 5411 884 5482 Πατὴρ
917 5411 1169 5464 κάκείνου
1197 5451 1212 5476 ,
1243 5414 1338 5465 καὶ
1366 5413 1519 5480 ὑμῶν
1549 5412 1614 5464 δι’
1650 5412 1796 5464 ὲκεί-

216 5519 338 5567 νου,
371 5503 604 5572 λαλῆσαι
634 5504 765 5574 ὑμῖν
797 5504 865 5557 τὰ
894 5505 1028 5577 πρὸς
1062 5502 1364 5573 σωτηρίαν·
1415 5503 1509 5557 καὶ
1536 5501 1797 5573 ἐπείσθην

220 5595 474 5660 εἰκότως,
525 5596 618 5648 καὶ
647 5595 960 5665 φθέγγομαι
1000 5598 1027 5650 6
1057 5595 1311 5660 ταπεινὸς
1347 5595 1499 5649 ἐνθεν
1535 5595 1690 5649 ἑλών·
1733 5595 1800 5647 Ἦ

1975 5323 2200 5378 Fratres
2245 5323 2564 5393 Patresque,
2596 5334 2817 5395 rogatus
2851 5340 2882 5378 a
2910 5324 3071 5380 Patre
3120 5330 3326 5389 vestro,
3355 5329 3476 5376 tan-

1903 5431 2068 5484 quam
2113 5427 2166 5470 et
2224 5416 2374 5471 illius
2426 5427 2600 5487 pater,
2633 5426 2687 5473 et
2738 5427 2914 5472 vester
2942 5432 3036 5487 per
3067 5415 3265 5486 ipsum,
3294 5413 3362 5470 ad
3387 5430 3477 5471 sa-

1907 5507 2135 5560 lutarem
2157 5521 2463 5562 sermonem
2485 5508 2638 5564 vobis
2661 5509 3075 5580 impertiendum
3097 5516 3180 5574 ;et
3201 5506 3476 5577 acquievi.

1909 5607 1968 5652 ut
2013 5613 2110 5667 par
2157 5608 2295 5665 erat,
2331 5607 2387 5653 et
2416 5600 2544 5656 inde
2598 5601 2747 5673 loqui
2801 5600 3024 5658 humilis
3052 5599 3275 5670 incipio.
3314 5596 3478 5653 Salus

311 5711 334 5737 ¹⁴
357 5711 532 5772 Epist.
554 5713 878 5784 interpolata
909 5717 976 5770 ad
1003 5713 1343 5785 Philadelph.
1378 5731 1434 5769 η.
1465 5715 1517 5769 5.
1593 5715 1613 5746 ⁸
1647 5711 1795 5769 Psal.
1828 5726 2052 5778 uxvm,
2079 5711 2129 5766 6.
2209 5713 2275 5744 ⁶·⁷
2307 5714 2465 5768 Rom.
2497 5731 2613 5784 xm,
2634 5720 2683 5774 ι.

1749 5823 1981 5881 NOTAE.

293 5921 409 5989 (48)
439 5919 495 5974 in
524 5920 645 5977 cod.
683 5920 818 5990 Reg.
852 5926 960 5992 ριηέ

1980 5914 2054 5985 (⁸)
2083 5913 2410 5985 Dogmatica.
