4156 6464
717 399 851 463 M87

1898 399 1960 456 S.
2000 392 2392 458 THEODORI
2433 397 2780 459 STUDITB

3833 399 3980 463 1488

715 516 924 568 nostra,
960 504 1053 559 lilii
1094 505 1429 569 charissimi,
1466 516 1613 561 recte
1666 507 1888 563 credere
1944 508 1999 561 in
2036 517 2282 561 sanctam

2409 508 2640 577 πωτηρία
2672 508 2851 580 ἡμῶν,
2891 508 3057 561 τέκνα
3100 509 3433 580 ὴγαπημένα
3462 508 3617 582 [Reg
3662 512 3789 566 end.
3824 513 3978 580 ἀγα-

713 598 1059 665 Triuitatem,
1082 608 1139 654 et
1162 614 1328 669 opera
1349 600 1529 655 facere
1560 616 1682 670 qua:
1720 616 1748 650 a
1779 599 1984 654 sanctis
2011 600 2103 654 Dei
2132 615 2290 655 man-

716 691 863 749 datis
904 690 1282 747 testimonium
1326 690 1583 746 habeant.
1620 690 1688 744 In
1731 690 1942 746 Christo
1968 692 2108 745 enim
2136 690 2287 757 Iesu,

717 781 1179 852 quemadmodum
1229 782 1309 836 ait
1367 782 1682 853 Apostolus.
1741 797 1903 853 neque
1958 781 2291 836 circumcisio

717 873 924 945 aliquid
970 873 1127 939 valet,
1179 889 1341 943 neque
1389 876 1727 942 praputium,
1778 876 1869 929 sed
1897 875 2027 944 ﬁdes
2060 890 2177 945 quae
2202 890 2294 944 per

718 966 1033 1021 charitatem
1087 976 1337 1036 operatur
1365 967 1409 1020 '.
1456 966 1521 1021 Et
1564 969 1689 1023 lidei
1752 967 1972 1039 quidem
2027 970 2170 1023 ratio
2224 968 2293 1024 ad

720 1059 919 1128 dogma
942 1058 1318 1124 orthodoxiaz;
1341 1058 1627 1115 charitatis
1655 1076 1806 1124 vero,
1832 1060 1899 1115 ad
1924 1061 2079 1116 bona:
2099 1070 2295 1131 opera-‘-

721 1150 889 1206 tionis
929 1149 1421 1205 considerationem
1464 1150 1765 1206 reducitur.
1829 1150 2119 1208 Credimus
2161 1167 2297 1224 ergo

721 1239 779 1296 in
799 1240 1013 1296 Patrem
1045 1253 1100 1295 et
1132 1238 1331 1295 Filium
1361 1250 1415 1295 et
1440 1240 1704 1310 Spiritum
1735 1251 2007 1309 sanctum,
2038 1256 2161 1312 qua
2186 1251 2297 1297 tres

723 1340 855 1388 ιιιηι
910 1346 1180 1402 ρει-σομε,
1249 1340 1447 1387 natura
1514 1348 1644 1399 una,
1699 1348 1803 1389 una
1837 1342 2099 1404 potestas,
2125 1347 2295 1388 unum

722 1424 966 1481 omnium
995 1423 1249 1495 princeps
1277 1439 1527 1495 regnum,
1556 1425 1613 1481 in
1651 1440 1779 1491 uno,
1833 1434 1895 1481 ut
1944 1433 2165 1491 natura,
2219 1425 2300 1480 sic

722 1524 781 1574 et
818 1516 1123 1581 voluntate,
1169 1526 1226 1572 et
1264 1519 1586 1587 Operatione
1634 1519 1921 1576 adoratum
1979 1520 2211 1591 imperio
2246 1527 2301 1573 et

723 1608 917 1679 gloria.
972 1607 1264 1665 Credimus
1308 1609 1455 1679 quod
1496 1626 1641 1666 unus
1702 1610 1771 1667 de
1799 1621 1989 1668 sancta
2015 1610 2298 1676 Trinitate,

724 1700 897 1757 Filius
928 1708 985 1757 et
1012 1698 1252 1756 Verbum
1285 1699 1380 1755 Dei
1419 1710 1477 1756 et
1532 1700 1731 1769 Patris,
1773 1718 1867 1773 per
1906 1718 2177 1759 summam
2206 1703 2305 1757 bo-

2390 597 2562 671 πητὰ]
2589 639 2605 662 ,
2649 600 2925 652 πιστεύειν
2951 599 3128 671 ὀρθῶς
3153 602 3232 663 είς
3258 601 3357 669 τὴν
3397 600 3557 668 ἁγίαν
3586 601 3798 671 Τριάδα
3817 642 3835 664 ,
3880 605 3982 657 καὶ

2392 684 2531 755 ἔργα
2573 686 2719 755 ἔχειν
2769 686 3190 756 μαρτυρούμενα
3237 688 3342 741 ὑπὸ
3373 688 3483 740 τῶν
3524 689 3697 756 ἁγίων
3736 691 3981 744 svio).th

2390 776 2485 830 τοῦ
2514 777 2674 833 Θεοῦ.
2712 778 2815 832 Ἐν
2840 778 2952 847 γὰρ
2978 779 3211 847 Χριστῷ
3265 781 3482 847 Ἰησοῦ,
3523 780 3706 845 καθώς
3739 798 3918 852 φησιν
3950 786 3980 835 6

2406 868 2751 935 Ἀπόστολος,
2781 870 2922 924 οὔτε
2948 870 3234 939 περιτομὴ
3278 872 3478 939 ισχύει
3502 912 3515 933 ,
3551 873 3689 927 οὔτε
3711 873 3978 940 ἀκροϐυ-

2393 962 2564 1015 στία’
2591 962 2751 1017 ἀλλὰ
2787 964 2993 1028 πίστις
3028 962 3104 1016 δι’
3135 964 3369 1033 ἀγάπης
3397 965 3820 1035 ἐνεργουμένη.
3860 968 3979 1019 Καὶ

2393 1056 2423 1108 6
2449 1053 2547 1123 μὲν
2572 1054 2672 1124 τῆς
2714 1054 2951 1117 πίστεως
2982 1054 3141 1121 λόγος
3162 1094 3177 1119 ,
3206 1058 3288 1117 είς
3315 1054 3379 1108 τὸ
3406 1056 3509 1126 τῆς
3535 1056 3850 1128 όρθοδοξία..
3889 1058 3977 1111 δό-

2395 1161 2513 1217 γμα
2538 1162 2555 1178 '
2594 1149 2624 1201 6
2649 1146 2709 1201 δὲ
2739 1148 2839 1215 τῆς
2877 1146 3119 1220 ἀγάπης,
3162 1148 3242 1211 είς
3267 1148 3331 1201 τὸ
3361 1148 3463 1216 τῆς
3504 1149 3809 1221 εὐπραξίας
3839 1151 3976 1203 θεὼ-

2399 1256 2554 1311 ρημα
2584 1240 2939 1311 ἀναφέρεται.
2989 1241 3326 1310 Πιστεύομεν
3368 1238 3464 1295 οὖν
3507 1244 3587 1306 είς
3618 1244 3843 1315 Πατέρα
3878 1246 3976 1297 καὶ

2399 1332 2529 1386 Υίδν
2565 1333 2658 1386 καὶ
2684 1332 2843 1401 ἆγιον
2886 1332 3146 1402 Πνεῦμα·
3175 1334 3319 1403 ᾇπερ
3358 1334 3474 1386 ἐστὶ
3505 1335 3631 1405 τρία
3674 1339 3974 1403 πρόσωπα,

2403 1422 2501 1492 μία
2546 1422 2729 1493 φύσις,
2778 1425 2877 1493 μία
2904 1422 3152 1493 δύναμις,
3204 1424 3303 1494 μία
3330 1424 3536 1495 ἀρχικὴ
3571 1424 3679 1478 τῶν
3709 1426 3978 1481 ἁπάντων

2403 1514 2680 1584 βασιλεία’
2714 1516 2772 1569 ὲν
2800 1517 2899 1578 ἑνὶ,
2951 1516 3026 1580 ὡς
3056 1516 3241 1584 φύσει.
3279 1518 3374 1570 καὶ
3406 1517 3657 1587 θελήσει.
3694 1520 3792 1571 καὶ
3820 1520 3978 1589 ἐνερ-

2402 1606 2528 1677 γείᾳ
2558 1608 3015 1678 προσκυνουμένη
3059 1608 3250 1677 κράτει
3292 1609 3389 1661 καὶ
3434 1609 3602 1664 κλέει.
3634 1609 3978 1681 Πιστεύομεν

2401 1698 2479 1764 ὠς
2510 1700 2540 1753 6
2571 1694 2653 1764 εἷς
2682 1701 2783 1771 τῆς
2827 1700 2987 1769 ἁγίας
3033 1701 3293 1771 Τριάδος,
3327 1705 3354 1755 6
3386 1702 3515 1767 Υίὺς
3549 1702 3642 1755 καὶ
3669 1703 3842 1772 Λόγος
3882 1706 3975 1757 τοῦ

724 1794 953 1849 nitatem
1003 1791 1307 1849 exinanivit
1355 1794 1731 1863 semetipsum,
1778 1806 1835 1851 et
1874 1794 2106 1851 formam
2158 1797 2299 1850 servi

2409 1787 2543 1842 Θεοῦ
2598 1789 2695 1842 καὶ
2747 1790 2996 1861 Πατρὸς,
3040 1789 3107 1842 δι’
3155 1790 3333 1860 ἄκραν
3376 1788 3688 1859 ἀγαθότητσ
3727 1788 3978 1850 κενώσας

724 1872 959 1956 accepit,
989 1884 1045 1940 in
1070 1883 1246 1941 forma
1280 1896 1472 1941 nostra
1506 1899 1855 1958 conspectus.
1905 1886 2020 1945 Hoc
2042 1888 2186 1944 enim
2218 1898 2302 1944 est

2409 1880 2622 1943 ἑαυτὸν,
2655 1854 3074 1952 μορφὴν-δούλου
3105 1854 3296 1933 ἔλαϐεν
3320 1881 3377 1934 ὲν
3508 1854 3629 1934 καθ-⁸
3661 1883 3810 1952 ἡμᾶς
3848 1881 3977 1934 εῖδει

724 1978 874 2049 quod
904 1978 983 2032 ait
1006 1974 1320 2048 Theologus
1368 1993 1387 2033 :
1415 1977 1485 2033 Et
1522 1976 1748 2033 Verbum
1768 1996 1894 2035 caro
1914 1981 2112 2050 factum
2138 1990 2217 2035 est
2235 1981 2256 2014 '
2284 1996 2300 2043 ;

728 2080 783 2126 ct
820 2068 968 2140 quod
1017 2083 1251 2139 magnus
1298 2069 1591 2139 Apostolus
1646 2070 1816 2125 dicit:
1870 2068 2013 2125 Deus
2052 2070 2301 2140 apparuit

726 2162 785 2217 in
811 2177 971 2217 carne
1002 2161 1066 2217 “.
1100 2159 1167 2217 Et
1204 2176 1345 2216 unus
1384 2161 1640 2233 idemque
1673 2172 1757 2218 est
1802 2163 1857 2217 in
1892 2163 2105 2219 duabus
2139 2173 2301 2217 natu-

728 2254 829 2319 ris,
858 2252 1137 2325 perfectus
1164 2251 1327 2315 Deus,
1360 2263 1415 2307 et
1439 2253 1714 2323 perlectus
1744 2256 1946 2310 homo:
1980 2264 2033 2311 et
2058 2256 2113 2310 in
2149 2266 2304 2310 utro—

728 2362 839 2418 que
890 2345 1133 2418 perfecto
1162 2345 1548 2417 proprietatem
1594 2348 1801 2403 nullam
1836 2365 1943 2404 non
1976 2348 2299 2418 assumpsit,

731 2438 941 2495 habens
960 2438 1171 2494 scilicet
1198 2446 1257 2493 ut
1288 2437 1434 2494 Deus
1491 2442 1680 2495 omnia
1748 2456 1871 2511 qua:
1910 2439 2093 2496 Patris
2123 2451 2251 2496 sunt
2283 2457 2299 2506 ;

729 2536 785 2583 et
806 2536 866 2583 ut
889 2527 1077 2593 homo,
1106 2530 1291 2584 omnia
1323 2543 1447 2597 qua:
1491 2528 1704 2594 Matris,
1733 2544 1990 2601 tanquam
2015 2546 2305 2601 germanus

731 2618 899 2676 ﬁlius.
933 2618 1403 2687 Quemadmodum
1439 2636 1570 2693 ergo
1614 2638 1680 2677 ex
1712 2621 1870 2677 Patre
1898 2621 2305 2677 incircumscri-

732 2722 881 2782 ptus,
922 2712 1005 2767 sic
1051 2726 1121 2767 ex
1171 2709 1345 2767 Matre
1397 2712 1852 2783 circumscriptus
1878 2754 1893 2778 ,
1928 2713 2029 2765 hoc
2058 2721 2161 2778 est,
2210 2713 2302 2781 qui

731 2816 832 2876 per
858 2804 1174 2875 imaginem,
1193 2803 1419 2875 perinde
1441 2819 1506 2859 ac
1524 2814 1717 2869 mater,
1742 2804 2099 2874 exprimatur.
2123 2804 2305 2870 Quare

736 2896 1112 2962 lconomachi,
1144 2897 1212 2952 ad
1243 2912 1385 2966 quos
1425 2898 1660 2966 pertinet
1686 2898 1801 2953 haec
1828 2897 2167 2967 disceptatio,
2194 2912 2303 2953 non

733 2989 1058 3045 conﬁtentes
1116 2989 1270 3044 illum
1323 2990 1728 3051 circumscribi,
1794 2990 1937 3045 haud
1997 2989 2161 3044 dubie
2204 3005 2307 3045 nec

734 3096 1058 3153 germanum
1086 3080 1275 3138 Matris
1293 3082 1465 3137 lilium
1498 3082 1747 3137 conllteri
1797 3079 2304 3151 deprehenduntur,

2406 1971 2611 2041 ὀφθείς.
2636 1971 2807 2025 Τοῦτο
2838 1974 2949 2044 γάρ
2976 1975 3124 2025 ἐστιν
3150 1973 3178 2025 ὅ
3208 1989 3371 2041 φησιν
3411 1975 3441 2025 6
3478 1971 3769 2040 Θεολόγος’
3805 1972 3917 2026 Καί
3947 1977 3977 2026 ό

2408 2065 2599 2133 Λόγος
2642 2065 2799 2132 σὰρξ
2845 2064 3113 2134 ἐγένετοο
3157 2066 3253 2119 καὶ
3281 2066 3309 2119 6
3338 2082 3503 2135 φησιν
3530 2068 3559 2119 6
3598 2065 3771 2135 μέγας
3818 2066 3975 2118 Ἀπόο

2411 2157 2623 2220 στολος’
2660 2159 2804 2223 Θεὸς
2847 2157 3186 2225 ἐφανερώθη
3212 2157 3283 2210 ἐν
3313 2158 3514 2225 σαρκί.
3560 2158 3671 2211 Καὶ
3712 2156 3863 2210 ἔστιν
3901 2151 3977 2213 εξ

2408 2247 2504 2299 καὶ
2530 2248 2558 2300 ὁ
2583 2246 2743 2310 αὐτὸς
2772 2248 2830 2298 ἐν
2861 2246 2982 2299 δυσὶ
3010 2244 3202 2315 φύσεσι
3230 2244 3431 2310 τέλειος
3460 2246 3615 2311 Θεὸς,
3652 2248 3749 2300 καὶ
3776 2246 3977 2309 τέλειος

2409 2338 2716 2408 ἄνθρωπος,
2768 2338 2866 2391 καὶ
2915 2338 2974 2390 ὲν
3020 2338 3267 2408 ἑκατέρῳ
3316 2336 3508 2408 τελείῳ
3567 2338 3666 2407 οὐχ
3716 2337 3876 2406 ngat;
3926 2353 3977 2391 τι

2414 2428 2611 2498 ἰδίωμα
2642 2429 3046 2500 ἀπρόσ).ηπτον,
3088 2429 3225 2499 ἔχων
3256 2429 3314 2483 δὲ
3352 2430 3553 2499 μᾶλλον
3584 2432 3653 2483 τὰ
3680 2431 3862 2483 πάντα
3885 2430 3974 2484 τοῦ

2412 2521 2625 2591 Πατρὺς
2658 2519 2875 2584 θεῖκῶς,
2908 2522 3001 2574 καὶ
3033 2521 3298 2575 πάντατὰ
3326 2522 3425 2591 τῆς
3456 2520 3673 2591 Μητρὸς.
3704 2521 3977 2591 ἀνθρωπι-

2410 2612 2542 2675 κῶς,
2597 2612 2674 2675 ὡς
2738 2612 2853 2675 υἱὸς
2907 2613 3151 2681 γνήσιος.
3202 2612 3290 2676 Ὠς
3344 2608 3439 2667 οὖν
3490 2613 3556 2667 ἐκ
3612 2612 3707 2666 τοῦ
3768 2615 3975 2685 Πατρδς

2409 2704 2824 2774 ἀπερίγραπτος
2846 2745 2862 2768 ,
2896 2702 3070 2766 οὕτως
3095 2705 3161 2757 ὲκ
3188 2706 3289 2775 τῆς
3315 2702 3538 2774 Μητρὸς
3567 2707 3971 2775 περιγραπτδς.

2410 2797 2578 2867 ἤγουν
2610 2795 3067 2867 ἐξεικσνιζὸμενος
3103 2795 3472 2867 μητρομοίως.
3520 2797 3582 2849 Οί
3627 2790 3721 2849 οῦν
3764 2796 3976 2849 Είκονο-

2413 2889 2580 2958 μάχοι
2601 2928 2617 2955 ,
2647 2890 2776 2960 περὶ
2806 2881 2882 2943 ὧν
2911 2889 3007 2942 καὶ
3037 2890 3097 2941 τὸ
3123 2887 3297 2942 ταῦτα
3328 2886 3697 2959 δογματίζειν,
3733 2887 3809 2958 μὴ
3851 2888 3975 2958 ὁμο·

2411 2980 2698 3049 λογοῦντες
2739 2981 2901 3035 αὑτὸν
2932 2980 3397 3052 περιγράφεσθαι,
3429 2980 3773 3050 εὑρίσκονται
3804 2981 3976 3049 ἀσφα-

2411 3074 2517 3137 λῶς
2550 3074 2686 3143 μηδὲ
2705 3073 2989 3143 ὁμολογεῖν
3017 3074 3180 3127 αὐτὸν
3209 3076 3435 3142 γνήσιον
3463 3074 3577 3127 υίδν
3606 3072 3705 3143 τῆς
3729 3072 3972 3145 Μητρός

736 3176 833 3232 sed
885 3174 1123 3231 alienum
1157 3174 1355 3243 potius.
1400 3173 1505 3240 Qui
1537 3174 1683 3228 enim
1733 3188 2073 3243 germanum,
2116 3183 2171 3228 et
2199 3190 2304 3228 non

2414 3162 2518 3217 ποῦ
2543 3167 2651 3233 γὰρ
2676 3164 2734 3216 τὸ
2764 3164 3010 3233 γνήσιον,
3030 3164 3125 3215 καὶ
3139 3163 3201 3215 οὐ
3231 3164 3412 3231 πάντη
3448 3162 3648 3233 μᾶλλον
3678 3162 3973 3233 ἀλλότριον,

737 3267 975 3322 alienum
1007 3266 1251 3337 penitus,
1300 3266 1402 3321 nisi
1436 3266 1491 3320 in
1527 3266 1788 3321 omnibus
1826 3274 2033 3319 natura:
2066 3267 2311 3335 proprie-

736 3359 945 3413 tatibus
988 3356 1238 3429 genitrici
1278 3357 1457 3412 simile
1510 3357 1581 3412 sit
1620 3357 1765 3426 quod
1798 3370 1867 3410 ex
1897 3354 1989 3409 illa
2022 3356 2313 3426 genitum?

739 3446 813 3505 Ut
855 3448 999 3502 enim
1041 3448 1343 3503 secundum
1397 3448 1967 3517 circumscriptionem
2021 3462 2315 3503 commune

739 3538 878 3595 nihil
908 3538 1071 3594 habet
1100 3554 1223 3594 cum
1250 3536 1433 3603 Patre,
1466 3539 1560 3594 sed
1602 3554 1726 3593 cum
1759 3537 1954 3604 Matre,
2010 3538 2085 3593 ita
2118 3554 2316 3594 secun—

739 3630 872 3683 dum
910 3628 1558 3699 incircumscriptionem,
1596 3628 1716 3684 vice
1735 3644 1887 3693 vera,
1908 3644 2032 3684 cum
2059 3629 2317 3685 Genitore

740 3719 1062 3775 communio
1090 3727 1193 3780 est,
1221 3733 1329 3773 non
1360 3733 1483 3773 cum
1525 3717 1822 3775 Genitrice.

813 3806 907 3865 Sic
943 3824 1003 3865 se
1055 3808 1217 3863 habet
1259 3817 1469 3864 rectum
1501 3808 1753 3863 veritatis
1776 3809 1977 3878 dogma
2008 3826 2021 3861 :
2056 3808 2168 3862 lucc
2187 3823 2318 3877 apo-

742 3903 933 3958 stolica
978 3902 1158 3956 lides:
1211 3900 1690 3969 circumscriptum
1740 3899 1986 3953 conliteri
2034 3900 2315 3953 Christum

744 3996 797 4047 in
821 4008 1007 4049 carne.
1051 3991 1145 4047 Sic
1173 3990 1319 4045 enim
1350 4006 1581 4058 magnus
1620 3988 1890 4046 Basilius:
1930 4011 1948 4043 ι
1983 3989 2319 4060 Depingatur

744 4083 798 4137 in
823 4082 1009 4137 tabula
1048 4081 1411 4135 certaminum
1459 4094 1661 4150 praeses
1708 4078 1985 4136 Christus.
2024 4099 2043 4131 ι
2072 4080 2137 4134 Et
2165 4082 2317 4151 depi-

742 4186 887 4229 ctum
943 4174 1235 4243 imaginem
1281 4172 1551 4239 venerari,
1600 4180 1862 4243 tanquam
1909 4173 2137 4230 adorato
2172 4175 2226 4229 in
2257 4190 2320 4231 ea

742 4263 984 4321 Christo.
1024 4261 1083 4317 In
1113 4263 1350 4332 imagine
1389 4263 1591 4333 quippe
1624 4263 1808 4319 videre
1834 4280 1894 4320 se
1926 4266 2178 4337 angelum
2214 4266 2323 4321 cla-

743 4367 857 4410 mat
893 4369 1098 4409 aureus
1141 4351 1595 4424 Chrysostomus.
1629 4351 1687 4406 Si
1724 4362 1906 4407 autem
1943 4355 2319 4422 incorporeum

744 4447 799 4501 iu
817 4446 1076 4515 imagine,
1097 4455 1303 4515 quanto
1328 4444 1503 4513 magis
1526 4458 1754 4513 corpore
1778 4445 2026 4498 indutum
2053 4444 2325 4499 Verbum?

2413 3255 2478 3307 ἂν
2513 3255 2587 3324 μὴ
2617 3254 2759 3307 κατὰ
2802 3254 2901 3323 τὴν
2934 3253 3274 3323 γεννήσασαν
3307 3253 3365 3305 ὲν
3392 3253 3527 3305 πᾶσι
3571 3253 3684 3315 τοῖς
3735 3255 3977 3319 φυσικοῖς

2415 3345 2703 3415 ίδιώμασιν
2748 3338 2859 3399 εἷεν
2892 3345 2959 3398 ἂν
2993 3346 3085 3398 καὶ
3116 3344 3181 3398 τὸ
3225 3344 3507 3416 γέννημα;
3566 3342 3655 3407 Ὦς
3687 3344 3799 3411 γὰρ
3836 3344 3973 3398 κατὰ

2410 3436 2509 3508 τὴν
2537 3436 2887 3507 περιγραφὴν
2937 3436 3196 3507 οὐδεμίαν
3244 3436 3529 3490 κοινωνίαν
3566 3435 3679 3505 εχει
3718 3436 3857 3505 πρὸς
3890 3437 3975 3488 τὸν

2415 3531 2639 3602 Πατέρα
2660 3570 2675 3593 ,
2707 3530 2844 3584 ἀλλὰ
2870 3530 3005 3601 πρὸς
3027 3531 3127 3600 τὴν
3164 3530 3426 3599 Μητέρα·
3466 3527 3638 3593 οὕτως
3681 3528 3804 3582 οὐδὲ
3842 3527 3977 3581 κατὰ

2413 3622 2511 3692 τὴν
2543 3622 2819 3691 ἀγραφίαν
2850 3621 2912 3673 τὸ
2936 3620 3173 3689 ἔμπαλιν
3194 3634 3208 3649 ·
3235 3621 3372 3690 πρὸς
3402 3619 3493 3673 τὸν
3516 3621 3852 3691 γεννήσαντα
3873 3622 3978 3691 γὰρ

2414 3713 2448 3783 ἡ
2480 3712 2758 3775 κοινωνία,
2789 3712 2850 3762 οὐ
2888 3710 3023 3779 πρὸς
3057 3708 3155 3778 τὴν
3183 3708 3470 3763 τεκοῦσαν.

2485 3800 2670 3865 Οῦτως
2688 3800 2750 3853 τὸ
2777 3799 2937 3870 ὀρθὸν
2964 3799 3141 3869 δόγμα
3163 3799 3260 3869 τῆς
3291 3798 3552 3869 ἀληθείας
3572 3813 3589 3830 ⁶
3606 3798 3745 3870 αὕτη
3769 3801 3803 3867 ἠ
3843 3801 3975 3853 ἀπο-

2417 3891 2637 3963 στολικὴ
2663 3891 2846 3954 πίστις
2869 3907 2883 3921 ·
2919 3890 3299 3962 περιγραπτὸν
3328 3891 3611 3960 ὁμολογεῖν
3632 3890 3723 3945 τὸν
3750 3892 3983 3964 Χριστὸν

2415 3985 2473 4037 ιν
2500 3984 2685 4053 σαρκί.
2720 3982 2830 4036 Καὶ
2862 3982 2993 4051 γοῦν
3014 3984 3043 4035 6
3076 3982 3248 4054 μέγας
3282 3982 3598 4047 Basilum,"
3642 4002 3661 4035 ι
3681 3982 3982 4055 Ἐγγραφέ-

2418 4074 2533 4129 σθω
2563 4076 2642 4147 τῷ
2671 4076 2859 4129 πίνακι
2901 4075 2996 4129 καὶ
3023 4078 3053 4129 ὁ
3074 4075 3185 4128 τῶν
3218 4075 3620 4147 παλαισμάτων
3645 4075 3983 4147 ἀγωνοθέτης

2422 4168 2679 4239 Χριστός.
2702 4188 2721 4221 ι
2758 4168 2868 4222 Καὶ
2893 4168 2991 4238 τὴν
3015 4170 3474 4239 ὲγγεγραμμένην
3508 4169 3692 4222 εἰκόνα
3712 4171 3896 4239 τιμᾷν,
3912 4169 3982 4231 ὡς

2422 4261 2479 4313 ἐν
2508 4260 2645 4330 αὐτῇ
2684 4261 3161 4331 προσκυνουμένου
3191 4260 3449 4332 Χριστοῦ.
3482 4260 3569 4313 Ἐν
3602 4262 3710 4330 γὰρ
3730 4263 3795 4330 τῇ
3818 4259 3983 4312 είκόνι

2425 4355 2523 4426 βοᾷ
2551 4355 2580 4406 6
2612 4352 2849 4422 χρυσοῦς
2891 4353 3278 4422 Χρυσόστομος
3329 4351 3456 4403 ίδεῖν
3489 4350 3740 4417 ἄγγελον.
3795 4350 3903 4403 Καὶ
3935 4350 3981 4401 εί

2422 4446 2514 4499 τὸν
2543 4446 2835 4511 ἀσώματον
2861 4444 2919 4495 ὲν
2944 4447 3115 4498 είκὸνι
3137 4460 3152 4475 ·
3185 4445 3335 4513 πόσῳ
3358 4439 3449 4496 οὖν
3477 4439 3679 4510 μᾶλλον
3701 4441 3793 4493 τὸν
3823 4440 3984 4493 ἐνσώ-

744 4534 903 4602 Quod
951 4535 997 4590 si
1029 4534 1197 4598 videt,
1253 4543 1462 4589 certum
1502 4541 1588 4589 est
1629 4532 1777 4602 quod
1835 4533 2001 4588 etiam
2048 4536 2235 4588 adoret
2268 4535 2309 4588 in

2430 4556 2598 4609 ματον
2641 4541 2849 4607 Λόγον;
2880 4539 2990 4592 Καὶ
3026 4540 3074 4591 εί
3106 4538 3229 4607 ὁρᾷ,
3263 4536 3420 4606 δῆλον
3459 4537 3542 4588 ὅτι
3572 4537 3667 4589 καὶ
3694 4537 3986 4604 προσκυνεῖ

746 4627 982 4696 imagine
1044 4625 1349 4697 angelum:
1402 4624 1868 4696 quemadmodum
1924 4634 1980 4679 et
2024 4625 2323 4681 Christum.

746 4721 808 4773 ιη
842 4719 1076 4789 imagine
1107 4718 1253 4773 etaim
1300 4719 1482 4773 videre
1515 4717 1806 4783 meruisse,
1841 4732 1942 4787 par
1982 4727 2066 4773 est
2098 4732 2164 4773 ac
2193 4718 2325 4773 ado-

746 4825 872 4865 rare
903 4826 919 4864 :
960 4828 979 4862 ι
1006 4808 1457 4879 Quandoquidem
1498 4808 1673 4863 honor
1704 4808 1956 4878 imaginis
1983 4809 2049 4863 ad
2081 4818 2327 4881 prototy-

746 4918 877 4974 pum
948 4903 1165 4971 transit,
1201 4921 1219 4955 ι
1261 4911 1320 4955 ut
1366 4916 1582 4955 rursum
1649 4900 1724 4954 ait
1780 4916 2013 4971 magnus
2067 4900 2324 4958 Basilius.

747 4993 1047 5066 Negatores
1074 4993 1255 5062 itaque
1274 5002 1402 5046 sunt
1422 4991 1647 5057 Christi,
1678 4990 2167 5061 quicontumeliosi
2199 5001 2326 5047 sunt

750 5086 805 5140 in
850 5085 1142 5155 imaginem
1178 5102 1192 5138 :
1226 5093 1389 5153 atque
1419 5082 1559 5137 hanc
1590 5093 1931 5152 spernentes,
1962 5084 2325 5153 contemptio-

751 5191 876 5234 nem
936 5175 993 5229 in
1070 5174 1246 5244 ipsum
1299 5172 1658 5241 transferunt,
1702 5173 1828 5227 licet
1875 5173 2156 5227 Christum
2187 5189 2322 5229 con-

753 5266 891 5324 llteri
925 5281 987 5323 se
1044 5267 1225 5322 dicant
1261 5284 1275 5321 :
1323 5264 1601 5336 quomodo
1647 5264 1924 5321 daemones
1954 5267 2118 5321 etiam
2151 5264 2322 5321 conli-

749 5369 936 5417 tentur
969 5358 1035 5425 ",
1078 5358 1277 5428 inquit,
1326 5356 1628 5423 Christum,
1669 5354 1827 5412 factis
1871 5371 2001 5411 vero
2026 5368 2225 5428 negant
2254 5356 2318 5411 ".

750 5454 946 5526 Magna
972 5451 1159 5523 igitur,
1184 5448 1404 5513 fratres,
1427 5450 1679 5521 impietas
1702 5449 1943 5515 illorum,
1978 5458 2032 5505 et
2061 5449 2319 5519 praeclara

751 5545 1023 5603 confessio
1074 5552 1287 5603 nostra,
1344 5542 1517 5597 nihilo
1556 5541 1782 5596 inferior
1818 5558 1982 5612 quam
2022 5551 2319 5611 martyrum

753 5633 1128 5704 antiquorum.
1179 5629 1330 5686 State
1358 5630 1523 5703 igitur
1559 5631 1791 5697 fortiter,
1836 5632 2149 5687 nullatenus
2193 5633 2324 5685 titu-

2426 4634 2488 4685 ὲν
2531 4632 2699 4685 εἰκόνι
2730 4632 2823 4684 τὸν
2853 4630 3113 4699 ἄγγελον·
3155 4628 3344 4698 ὥσπερ
3372 4629 3468 4681 καὶ
3495 4628 3589 4680 τὸν
3618 4628 3869 4697 Χριστόν.
3917 4626 3985 4679 Τδ

2426 4726 2535 4795 γὰρ
2583 4723 2882 4794 ἀξιωθῆναι
2918 4724 3046 4776 ίδεῖν
3072 4724 3130 4774 ὲν
3157 4722 3348 4791 Γραφῇ
3371 4721 3509 4783 ,ἴσον
3552 4720 3671 4773 ἐστὶ
3701 4719 3778 4789 τῷ
3814 4736 3980 4790 προσ-

2426 4819 2641 4871 κυνεῖν·
2680 4834 2700 4868 t
2748 4815 3010 4883 Ἐπείπερ
3048 4815 3143 4868 καὶ
3167 4814 3200 4884 ἡ
3226 4812 3326 4881 τῆς
3367 4812 3572 4874 εἰκόνος
3603 4811 3761 4882 τιμὴ,
3801 4812 3895 4865 ἐπὶ
3929 4811 3986 4865 τὸ

2428 4911 2785 4981 πρωτότυπον
2840 4907 3139 4971 ἀναϐαίνει,
3178 4926 3198 4959 s
3249 4906 3325 4970 ὡς
3386 4905 3543 4959 πάλιν
3589 4907 3755 4975 φησιν
3812 4907 3841 4958 6
3898 4905 3987 4976 μέ-

2432 5019 2535 5071 γας
2584 5000 2731 5073 [cod.
2768 4998 2903 5071 Reg.
2934 4998 3072 5069 φαίη
3114 5000 3143 5051 6
3187 4994 3353 5060 θεῖος]
3396 4994 3695 5057 Βασίλειος.
3741 4993 3988 5065 ’Δρνηταὶ

2428 5089 2719 5161 τοιγαροῦν
2749 5090 2856 5142 είσι
2884 5087 3143 5160 Χριστοῦ,
3169 5087 3219 5139 οἱ
3269 5085 3370 5154 τῆς
3398 5083 3606 5146 εἰκόνος
3637 5082 3804 5137 αὑτοῦ
3838 5082 3987 5153 ὑδρι-

2431 5183 2574 5245 σταὶ,
2621 5180 2709 5233 διὰ
2742 5180 2844 5250 τῆς
2872 5181 2961 5234 ἐπ’
2996 5178 3164 5248 αὐτῆς
3194 5175 3505 5245 ἁθετήσεως
3530 5215 3546 5239 ,
3581 5175 3664 5237 εἰς
3695 5174 3860 5227 αὐτὸν
3894 5174 3983 5243 τὴν

2429 5272 2687 5341 ἀθέτησιν
2731 5272 3092 5342 ἀναφέροντες
3112 5286 3124 5301 ·
3156 5269 3259 5322 κᾶν
3285 5266 3518 5335 λέγωσιν
3544 5267 3829 5337 ὁμολογεῖν
3857 5266 3985 5336 Χρι-

2430 5361 2589 5414 στόν*
2618 5360 2743 5413 ἐπεὶ
2766 5360 2949 5412 καὶτὰ
2986 5357 3243 5427 δαιμόνια
3272 5354 3617 5426 ὁμολογοῦσι,
3648 5355 3801 5425 φησὶ,
3837 5354 3981 5412 Θεὸν.

2428 5454 2539 5515 τοῖς
2579 5451 2635 5505 δὲ
2686 5452 2867 5522 ἔργοις
2914 5450 3225 5521 ἀρνοῦνται.
3276 5448 3436 5517 Μέγα
3479 5442 3593 5508 οὖν,
3642 5446 3893 5514 ἀδελφοί,
3929 5446 3985 5497 τὸ

2430 5542 2685 5612 ἀσέϐημα
2718 5543 2893 5595 αὐτῶν
2914 5559 2927 5573 ⁸
2962 5542 3052 5595 καὶ
3085 5540 3294 5610 μεγάλη
3322 5541 3356 5611 ὴ
3378 5538 3639 5609 ὁμολογία
3667 5540 3699 5609 ὴ
3709 5537 3828 5605 μῶν
3850 5554 3865 5569 ο
3894 5536 3983 5590 καὶ

2431 5634 2655 5689 οὑτίπου
2705 5632 3008 5686 ἀποδέουσα
3035 5630 3144 5683 τῶν
3183 5628 3350 5684 πάλαι
3378 5628 3689 5701 μαρτῦρων.
3709 5625 3877 5696 Στῆτε
3900 5622 3987 5679 οῦν

830 5815 1048 5876 'Galat.
1080 5830 1135 5877 v,
1177 5818 1231 5880 6.
1305 5813 1328 5845 ⁹
1356 5809 1510 5867 Joan.
1545 5828 1581 5877 ι,
1614 5811 1701 5867 Η.
1779 5812 1821 5843 ¹⁹
1852 5810 1869 5866 Ι
1904 5809 2047 5869 Tim.
2085 5826 2164 5881 ut,
2197 5810 2261 5866 l6

2431 5809 2545 5866 Jac.
2580 5828 2637 5875 tt,
2680 5812 2761 5866 l9.
2841 5812 2882 5843 "
2910 5810 2995 5867 Tit
3043 5828 3089 5882 ι,
3124 5809 3207 5866 l6.
