4156 6524
214 453 356 520 1489

1409 443 1947 507 EPISTOLARUM
1988 445 2142 508 LIB.
2212 445 2296 505 ΙΙ.

3357 441 3493 510 1490

212 565 502 638 κραταιῶς
531 560 677 634 [cod.
709 560 846 632 Reg.
879 556 1168 632 κραταιοὶ]
1202 557 1446 630 μηδόλως
1487 557 1809 622 όκλάζοντες

1931 565 2110 612 iantes
2166 556 2218 610 in
2263 555 2350 611 his
2394 570 2517 628 quae
2555 569 2680 611 vera
2723 569 2848 612 esse
2889 555 3327 611 demonstratum
3358 564 3492 623 est;

214 659 352 728 περὶ
412 656 521 708 τῶν
576 654 680 725 ἥδη
743 647 1148 714 ἀποδεικτικῶς
1211 647 1630 719 ἠληθευμένωνο
1670 648 1806 703 ἀλλά

211 749 390 819 ταύτῃ
420 751 485 820 τῇ
527 747 709 800 πίστει
744 744 936 816 μέχρις
968 742 1201 812 αἵματος
1225 782 1239 807 ,
1275 743 1324 796 εί
1369 740 1561 810 καλοίη
1593 741 1804 812 καιρὸς,

216 841 580 910 ὑποδυόμενοι
631 840 756 903 τοὺς
789 836 1032 907 ἀγῶνας.
1071 835 1352 890 Ἐντεῦθεν
1396 833 1676 890 ἀνατέλλει
1713 834 1810 888 καὶ

217 939 247 991 6
279 935 501 1007 φαεινὸς
527 934 665 1005 βίος,
699 933 757 999 ἐξ
786 932 939 1003 ἡλίου
969 932 1123 1003 ἥλιος
1143 947 1157 961 ·
1195 931 1428 1002 ἐπείπερ
1456 930 1685 1002 θάτερον
1715 930 1811 984 θα-

215 1028 380 1098 τέρου
430 1024 733 1098 μαρτύριον
786 1025 815 1076 6
867 1021 1191 1091 ἀδελφόθεος
1239 1020 1585 1092 ἀποδέδειχεν
1640 1016 1800 1074 εἶναι.

230 1119 511 1187 Ἀγαπᾶτε
538 1117 630 1170 τὸν
669 1115 803 1176 Θεὸν
850 1113 911 1179 ἐξ
951 1112 1250 1184 ὁλοκλήρου
1288 1112 1396 1166 τῶν
1429 1110 1600 1183 τριῶν
1645 1111 1809 1165 δυνά-

223 1226 394 1281 μεων,
452 1206 635 1271 καθὼς
666 1207 698 1277 ἡ
729 1204 918 1275 ἐντολὴ
952 1203 1190 1258 κελεύει.
1239 1203 1516 1270 Ἀγαπᾶτε
1549 1203 1646 1256 καὶ
1682 1203 1809 1256 ἑαυ-

218 1304 354 1364 τοὺς
389 1301 463 1364 ῶς
493 1299 632 1370 μέλη
655 1297 916 1369 Χριστοῦ.
977 1299 1073 1350 Ἐν
1099 1297 1285 1359 τούτῳ
1311 1295 1441 1363 γὰρ,
1479 1297 1638 1366 φησὶ,
1663 1297 1813 1364 γνώ-

219 1408 439 1448 σονται
466 1393 711 1459 πάντες,
741 1392 831 1445 ὅτι
878 1391 1008 1461 ἐμοὶ
1033 1390 1295 1460 μαθηταί
1327 1390 1493 1454 ἐστε,
1524 1387 1633 1442 ἐὰν
1663 1386 1813 1458 ἀγά-

220 1503 353 1555 πην
399 1487 573 1556 ἔχετε
627 1486 698 1539 ἐν
727 1483 1047 1553 ἀλλήλοις.
1092 1481 1194 1535 Διά
1236 1480 1472 1544 πίστεως
1520 1479 1684 1549 ἀγετε
1723 1479 1816 1533 τὸν

221 1577 641 1648 καθηγούμενον
691 1577 885 1648 ὑμῶν’
938 1573 1129 1645 μηδεὶς
1188 1572 1331 1627 ἔστω
1388 1571 1816 1640 ἀνεξαγόρευτος

222 1669 381 1740 αὐτῷ
401 1685 415 1701 ·
449 1673 478 1723 6
508 1669 617 1741 γὰρ
642 1668 884 1732 τοιοῦτος
912 1666 1256 1737 ὀεριοτρόφος.
1292 1665 1499 1736 Μηδεὶς
1527 1664 1816 1734 χλιαρόπι-

226 1779 356 1826 στος
375 1777 388 1791 ·
419 1765 449 1816 ό
480 1763 591 1834 γάρ
617 1759 860 1823 τοιοῦτος
895 1759 1162 1830 ἀμέτοχος
1189 1758 1288 1828 τῆς
1327 1756 1420 1809 τοῦ
1453 1755 1612 1823 ἁγίου
1641 1753 1814 1808 Πνεύ-

229 1869 407 1925 ματος
434 1851 660 1917 ζέσεως.
693 1851 898 1920 Μηδεὶς
965 1850 1392 1921 κρυφιοκτήμων
1411 1863 1424 1877 ο
1449 1848 1477 1899 ὁ
1505 1846 1616 1917 γὰρ
1640 1844 1817 1899 τοιοῦ-

1912 651 2008 706 sed
2052 664 2158 720 pro
2204 649 2307 704 hac
2339 649 2446 704 tlde
2492 649 2796 706 certamina
2835 665 3013 720 usque
3058 649 3125 704 ad
3148 646 3494 720 sanguinein,

1911 741 1959 798 si
2013 757 2104 797 res
2155 742 2356 813 exigat,
2403 755 2512 796 non
2562 742 2912 812 refugientes.
2970 741 3112 797 Hinc
3155 741 3404 796 exoritur
3440 750 3498 798 et

1911 832 2095 888 lucida
2127 833 2260 899 vita,
2287 849 2351 887 ex
2389 833 2503 888 sole
2543 833 2624 888 sol
2653 853 2666 900 ;
2718 835 2951 888 alterum
2982 831 3252 904 siquidem
3270 832 3499 889 alterius

1915 926 2179 981 indicium
2217 940 2339 982 esse
2372 925 2541 982 frater
2576 926 2790 981 Domini
2840 926 3219 996 comprobavit
3248 927 3316 982 “.
3361 924 3499 981 Dill-

1915 1019 2024 1088 gite
2063 1019 2230 1074 Deum
2271 1033 2338 1074 ex
2377 1020 2505 1076 totis
2533 1019 2710 1076 tribus
2762 1018 3110 1074 facultatibus
3143 1019 3500 1090 quemadmo-

1915 1114 2046 1169 dum
2099 1113 2344 1184 praacipit
2383 1114 2702 1169 mandatum
2736 1113 2802 1168 ⁸⁸.
2840 1113 3056 1184 Diligite
3088 1121 3144 1168 et
3206 1127 3301 1167 vos
3349 1113 3500 1182 ipsos

1915 1205 2070 1260 velut
2107 1205 2351 1260 membra
2374 1203 2601 1260 Christi.
2649 1203 2714 1257 In
2747 1204 2844 1257 hoc
2870 1205 3030 1268 enim,
3063 1203 3159 1269 ait,
3190 1214 3501 1274 cognoscent

1919 1314 2118 1364 omnes,
2170 1297 2296 1367 quia
2351 1297 2604 1364 discipuli
2654 1298 2758 1351 mei
2813 1297 2938 1351 estis
2967 1299 3012 1350 si
3045 1297 3382 1352 dilectionem
3401 1297 3502 1352 Ita-

1919 1390 2136 1444 bueritis
2181 1391 2249 1442 ad
2311 1390 2535 1443 inuicem
2569 1390 2632 1442 ⁸⁸.
2677 1388 2862 1443 Fidem
2905 1390 3104 1444 habete
3145 1389 3445 1459 praeposito
3483 1406 3498 1444 :

1922 1497 2084 1536 nemo
2132 1481 2206 1537 sit
2235 1481 2330 1552 qui
2382 1495 2441 1536 se
2471 1479 2548 1534 illi
2599 1494 2709 1535 non
2770 1481 3023 1550 aperiat:
3058 1481 3150 1551 qui
3181 1480 3332 1535 enim
3376 1480 3501 1534 talis

1921 1584 2005 1630 est
2037 1583 2346 1644 serpentem
2368 1575 2556 1627 nutrit.
2585 1571 2779 1629 Nullus
2805 1573 3038 1642 tepidam
3083 1572 3242 1627 fidem
3271 1571 3464 1627 habeat
3488 1591 3500 1626 :

1921 1669 2014 1739 qui
2050 1668 2194 1722 enim
2229 1668 2354 1722 talis
2394 1675 2496 1730 est,
2521 1667 2567 1720 is
2612 1665 2848 1736 Spiritus
2878 1666 3053 1722 sancti
3095 1664 3364 1720 fervorem
3395 1680 3503 1720 nou

1922 1759 2230 1830 participat.
2276 1757 2471 1813 Nullus
2509 1758 2649 1814 clam
2705 1760 2844 1814 bona
2875 1759 3158 1829 possideat
3193 1776 3206 1814 :
3238 1757 3331 1829 qui
3359 1755 3504 1813 enim

1924 1850 2050 1905 talis
2088 1858 2193 1911 est,
2223 1849 2477 1905 occultus
2511 1858 2598 1904 est
2639 1847 2832 1905 ludas.
2861 1848 3055 1904 Nullus
3083 1848 3321 1919 promite
3345 1854 3506 1902 tenax

225 1917 324 2006 τος
359 1917 794 2013 ’ίουδοκλέπτης.
810 1917 1017 2010 Μηδεὶς
1038 1917 1376 2010 ἰδιόγνωμοςο
1403 1940 1430 1990 6
1451 1937 1559 2008 γὰρ
1577 1936 1816 2000 τοιοῦτος

1931 1940 2210 1996 sententia:
2240 1940 2316 1996 sit
2342 1958 2356 1995 :
2382 1939 2474 2010 qui
2502 1941 2645 1996 enim
2689 1941 2812 1994 talis
2839 1950 2944 2004 est,
2993 1917 3148 1995 extra
3177 1917 3507 1994 monachum

228 2033 603 2106 ὲξωμόναχος.
636 2033 840 2101 Μηδεὶς
869 2032 1335 2104 παρρησιοποιός·
1376 2032 1405 2085 6
1439 2031 1548 2108 γὰρ
1581 2029 1819 2093 τοιοῦτος

230 2127 638 2200 φθορεργάτης.
673 2124 881 2196 Μηδεὶς
920 2122 1295 2194 κλεψιφάγος·
1344 2125 1374 2177 6
1417 2123 1527 2193 γὰρ
1580 2122 1821 2184 τοιοῦτος

229 2219 570 2290 δουλόμοιος.
603 2219 810 2287 Μηδεὶς
835 2217 907 2270 ἐν
925 2215 1140 2286 μηδενὶ
1167 2215 1377 2283 διδοὺς
1416 2215 1784 2288 προσκοπήν
1804 2231 1818 2246 ⁸

231 2312 340 2366 ἵνα
366 2309 454 2380 μὴ
475 2307 728 2380 μωμηθῇ
755 2309 793 2378 ἦ
827 2307 1138 2374 διακονίαν
1181 2307 1254 2371 ὡς
1285 2307 1384 2378 βοᾷ
1414 2309 1443 2362 ὁ
1479 2305 1820 2368 Ἀπόστολος’

235 2404 382 2458 ἀλλ’
411 2402 482 2455 ἐν
515 2401 696 2454 παντί
758 2398 1074 2455 συνιστῶν
1105 2398 1328 2454 ἑαυτὸν
1355 2399 1434 2465 ὡς
1462 2398 1610 2453 Θεοῦ
1633 2395 1826 2451 διάκο-

231 2511 370 2558 νον,
394 2493 464 2546 ἐν
491 2491 770 2562 ὑπομονῇ
799 2491 1002 2560 πολλῇ
1027 2531 1042 2556 ,
1071 2491 1142 2546 ἐν
1170 2493 1476 2561 θλίψεσιν,
1516 2490 1586 2544 ἐν
1612 2507 1824 2544 στενο-

239 2588 513 2656 χωρίαις,
547 2587 643 2638 καὶ
675 2587 787 2647 τοῖς
822 2585 1050 2649 λοιποῖς,
1078 2579 1160 2648 οἷς
1187 2583 1350 2647 αὐτὸς
1376 2582 1822 2654 ἀπηριθμήσατο,

235 2675 590 2748 καταρτίζων
631 2676 722 2728 τὸν
757 2674 1010 2746 ἀληθινὸν
1055 2675 1403 2747 Χριστιανὸν.
1436 2675 1498 2726 Εί
1543 2674 1603 2726 δὲ
1642 2675 1671 2726 6
1723 2673 1827 2725 ῦπ-

236 2771 407 2843 ήκοος
449 2769 625 2832 οὕτως
647 2785 661 2799 ο
708 2768 761 2820 τί
787 2769 880 2822 καὶ
910 2769 1076 2822 πόσον
1119 2771 1404 2828 ἀπαιτοῖτο
1428 2770 1455 2822 6
1480 2767 1827 2840 καθηγούμε⁴

237 2879 354 2927 νος,
385 2861 553 2924 τύπος
585 2858 787 2928 ἀγαθὸς
813 2853 887 2912 ῶν
927 2859 1171 2914 διδάσκει
1201 2859 1434 2929 ὀφείλων
1469 2859 1824 2928 προκεῖσθαι;

238 2954 434 3022 Μέγας
471 2954 500 3006 ό
528 2951 711 3020 ἀγῶν’
758 2951 896 3005 ἀλλά
936 2952 1030 3005 καὶ
1075 2953 1103 3004 ὁ
1153 2951 1340 3022 μισθὸς
1372 2949 1825 3020 ἀπειροπλάσιος,

243 3043 499 3116 βασιλεία
524 3042 793 3113 οὐρανῶν,
823 3037 892 3115 ἦς
921 3028 1285 3110 ἀξιωθείημεν
1311 3042 1406 3094 καὶ
1435 3039 1696 3109 ἄρχοντες
1736 3045 1828 3092 καὶ

243 3135 566 3207 ἀρχόμενοι,
614 3134 776 3197 θείως
805 3133 1142 3205 βιοτεύοντες
1191 3135 1248 3185 ὲν
1281 3131 1503 3201 Χριστῷ
1540 3131 1714 3198 Ἰησοῦ
1752 3130 1829 3199 τῷ

1921 2039 2027 2086 εει.
2053 2029 2270 2086 Nullius
2303 2045 2484 2086 sermo
2509 2029 2582 2086 sit
2616 2030 2866 2084 licentior
2899 2046 2913 2094 ;
2951 2028 3046 2098 qui
3077 2028 3223 2084 enim
3259 2026 3383 2082 talis
3401 2035 3507 2092 est,

1927 2122 2226 2192 perniciem
2271 2129 2552 2192 operatur.
2593 2119 2788 2175 Nullus
2830 2120 3017 2174 furtim
3077 2119 3331 2175 comedat
3367 2135 3382 2186 ;
3416 2119 3511 2191 qui

1923 2215 2069 2272 enim
2105 2213 2227 2269 talis
2270 2221 2374 2278 est,
2411 2227 2629 2268 servum
2682 2212 2950 2266 imitatur.
2995 2209 3191 2267 Nullus
3218 2211 3277 2266 in
3313 2210 3428 2265 ulla
3457 2226 3514 2266 re

1923 2305 2009 2360 det
2033 2305 2370 2374 offensionem
2397 2344 2412 2369 ,
2469 2311 2528 2357 ut
2592 2319 2698 2357 non
2749 2304 3075 2375 vituperetur
3107 2303 3464 2358 ministerium
3495 2343 3510 2367 ,

1925 2397 2070 2451 sicut
2125 2396 2326 2452 clamat
2378 2396 2724 2465 Apostolus;
2781 2395 2871 2449 sed
2906 2396 2961 2449 in
2986 2395 3228 2450 omnibus
3271 2395 3514 2450 exhibeat

1925 2491 2155 2558 seipsum
2179 2490 2319 2542 sicut
2347 2487 2445 2542 Dei
2475 2489 2800 2550 ministrum,
2833 2490 2887 2542 in
2931 2493 3101 2544 multa
3154 2490 3436 2558 patientia,
3457 2489 3516 2544 in

1929 2581 2384 2649 tribulationibus,
2442 2581 2501 2636 in
2556 2582 2820 2652 angustiis
2857 2583 2922 2648 “,
2966 2591 3021 2637 et
3073 2583 3321 2654 reliquis,
3392 2599 3518 2654 qua:

1928 2675 2074 2731 idem
2105 2683 2375 2741 recenset,
2405 2675 2695 2745 perliciens
2717 2691 2906 2730 verum
2932 2675 3333 2732 Christianum.
3359 2676 3520 2745 Quod

1929 2769 1975 2824 si
2013 2768 2128 2823 haec
2167 2782 2197 2820 a
2230 2769 2450 2823 subdito
2477 2809 2492 2833 ,
2545 2769 2742 2838 ecquid
2793 2779 2848 2824 et
2892 2781 3160 2841 quantum
3204 2772 3520 2842 requiratur

1929 2875 1962 2916 a
2018 2859 2334 2930 praposito,
2374 2862 2469 2930 qui
2520 2861 2590 2916 iis
2617 2875 2756 2931 quos
2778 2862 2955 2930 docet,
2999 2871 3260 2932 tanquam
3302 2863 3519 2936 egregia

1930 2947 2107 3002 forma
2157 2949 2390 3018 proponi
2432 2948 2590 3005 debet
2623 2951 2645 3004 ?
2690 2951 2946 3022 Magnum
2979 2961 3255 3007 certamen
3291 2953 3430 3007 :sed
3463 2961 3522 3009 et

1930 3055 2143 3096 merces
2177 3041 2412 3106 infinita,
2456 3057 2684 3114 regnum
2721 3045 2991 3099 caelorum
3022 3061 3039 3112 ;
3071 3059 3182 3115 quo
3217 3045 3431 3100 utinam
3463 3056 3521 3102 et

1933 3133 2190 3202 praesides
2223 3144 2277 3188 et
2330 3134 2533 3189 subditi
2582 3135 2872 3204 donemur,
2928 3136 3041 3191 Deo
3077 3137 3239 3207 digne
3270 3137 3519 3194 viventes

241 3228 438 3299 Κυρίῳ
467 3220 723 3301 iusdiva
751 3229 785 3300 η
813 3228 941 3294 δόξα
977 3226 1154 3279 καὶτὸ
1183 3224 1386 3294 κράτος
1415 3225 1512 3276 σὺν
1542 3224 1621 3294 τῷ
1652 3225 1829 3293 Πατρὶ

1933 3223 2223 3281 iuChristo
2255 3224 2381 3280 Jesu
2412 3225 2645 3281 Domino
2686 3238 2895 3293 nostro,
2925 3227 3016 3284 cui
3047 3228 3224 3300 gloria
3255 3237 3311 3286 et
3350 3230 3522 3301 impe-

243 3321 342 3374 καὶ
385 3319 464 3390 τῷ
519 3320 661 3392 ἁγίῳ
701 3318 1004 3391 Πνεύματι,
1039 3317 1135 3372 νῦν
1177 3318 1272 3372 καὶ
1315 3316 1425 3385 ἀεὶ,
1462 3315 1556 3369 καὶ
1581 3317 1661 3379 εἰς
1705 3316 1828 3382 τοὺς

1937 3317 2081 3370 rium
2118 3333 2245 3372 cum
2292 3316 2451 3372 Patre
2481 3325 2537 3372 et
2564 3328 2756 3374 sancto
2786 3319 2995 3390 Spiritu
3031 3335 3182 3377 nunc
3207 3329 3264 3377 et
3282 3335 3518 3394 semper.

245 3411 452 3476 αἰῶνας
485 3411 598 3466 τῶν
629 3412 864 3466 αἰώνων.
906 3411 1100 3481 ’Δμήν.

390 3525 540 3581 PNZ'
573 3526 707 3598 (49).
733 3523 1100 3589 -Ἆντωγίῳ
1125 3522 1205 3590 τῷ
1239 3523 1596 3594 Δυρῤαχιου.
1623 3521 1825 3594 [χμθ’.]

1936 3418 1992 3463 ει
2020 3409 2074 3463 in
2102 3409 2299 3464 saacula
2332 3411 2684 3469 saeculorum.
2721 3413 2918 3468 Amen.
2954 3447 2970 3461 ι

2213 3524 2414 3582 CLVII.
2446 3557 2518 3567 —
2545 3529 2777 3584 Antonio
2805 3528 3126 3600 Dyrrhachii
3158 3528 3248 3602 (‘).

1362 3643 1439 3694 De
1469 3641 1713 3706 baptismo
1733 3639 1818 3704 qui
1854 3641 1908 3692 ﬁt
1933 3654 1998 3692 ex
2029 3643 2350 3696 necessitate.

338 3753 466 3825 Ὀψὲ
501 3752 600 3824 μὲν
627 3750 722 3805 τοῦ
750 3748 969 3822 καιροῦ,
1015 3751 1168 3821 ὅμως
1197 3750 1280 3804 ὅτι
1309 3750 1688 3822 κατελάϐομεν
1726 3749 1830 3804 τῶν

254 3848 427 3902 πάλαι
455 3842 859 3916 γεγραμμένων
879 3841 1166 3911 ἐπιστολὴν
1192 3841 1383 3913 τιμίαν
1407 3841 1501 3895 τοῦ
1529 3840 1834 3909 ἀγιωτάτου

254 3939 415 4013 ἡμῶν
447 3937 682 4008 Πατρός,
712 3935 854 3990 πάνυ
879 3934 1129 4006 ἥσθημεν
1157 3935 1207 3987 oi
1237 3933 1506 3987 ταπεινοίο
1539 3933 1695 3987 οὐδὲν
1724 3931 1835 4004 γὰρ

255 4035 431 4098 οῦτως
465 4034 672 4088 συνδεῖν
705 4029 847 4086 οἶδεν
894 4033 1117 4101 ἀγάπην
1146 4032 1242 4084 καὶ
1269 4030 1697 4085 ἀδιασκέδαστον
1729 4047 1833 4098 φυ-

257 4127 475 4180 λάττειν
494 4162 510 4189 ,
537 4124 612 4188 ὡς
640 4122 1021 4192 ἀντιδιδομένη
1054 4121 1318 4186 διάθεσις.
1361 4121 1527 4175 Ἀλλά
1549 4121 1600 4173 τί
1630 4123 1712 4174 ὅτι
1738 4119 1830 4175 οῦ-

254 4238 386 4284 τως,
414 4212 457 4272 ὧ
503 4217 760 4281 δέσποτα,
807 4212 940 4289 ἦρες
976 4217 1052 4287 τῷ
1101 4214 1526 4286 ἐγκωμιαστικῷ
1557 4213 1700 4285 λόγῳ
1737 4216 1836 4285 τῆς

256 4313 565 4382 πολυσόφου
613 4329 707 4365 σου
765 4310 1052 4381 γλώττης,
1080 4310 1150 4363 τὰ
1183 4308 1304 4362 καθ’
1351 4310 1502 4380 ἡμᾶς
1549 4308 1676 4372 τοὺς
1710 4306 1834 4378 μηδ’

255 4403 438 4459 ὁτιοῦν
464 4402 666 4471 ἀγαθὸν
708 4401 970 4472 έχονταςς
1009 4402 1079 4454 Ἦ
1133 4399 1351 4462 πάντως
1381 4401 1415 4470 ἡ
1446 4399 1637 4468 ἀγάπη
1668 4399 1839 4462 αἰτία,

259 4496 569 4552 κλέπτουσα
598 4495 646 4547 τ’
694 4493 869 4563 ἀληθῆ
895 4532 909 4555 ,
941 4493 1035 4544 καὶ
1066 4492 1136 4546 τά
1185 4491 1260 4563 μὴ
1292 4491 1426 4545 ὅντα
1457 4491 1531 4554 ὡς
1562 4490 1692 4544 ὄντα
1729 4492 1843 4551 τοῖς

2016 3749 2152 3807 Sero
2193 3753 2436 3822 quidem,
2485 3755 2614 3825 quia
2644 3763 2825 3809 tamen
2870 3755 3079 3811 dudum
3103 3755 3366 3828 scriptam
3397 3773 3526 3815 san-

1942 3845 2176 3900 ctissimi
2216 3845 2396 3900 Patris
2441 3845 2617 3903 nostri
2665 3847 2952 3918 epistolam
3001 3849 3339 3921 accepimus,
3367 3851 3526 3910 valde

1943 3955 2043 3993 nos
2073 3939 2304 3994 humiles
2334 3940 2507 4010 gavisi
2575 3957 2788 3997 sumus.
2832 3940 2979 3998 Nihil
3004 3943 3150 3999 enim
3176 3943 3314 4000 adeo
3339 3944 3527 4002 chari-

1943 4038 2108 4084 tatem
2138 4031 2414 4102 colligare,
2446 4033 2996 4104 indissolubilemque
3025 4049 3247 4091 servare
3269 4037 3430 4103 solet,
3459 4053 3526 4096 ac

1942 4123 2221 4192 reciproca
2245 4125 2702 4181 communicatio.
2731 4125 2838 4182 Sed
2867 4128 3002 4198 quid
3031 4128 3109 4184 ita
3135 4144 3257 4196 nos,
3278 4129 3524 4196 domine.

1942 4215 2034 4286 qui
2057 4216 2285 4271 omnino
2313 4217 2449 4272 nihil
2473 4218 2604 4272 boui
2629 4219 2919 4287 habemus,
2940 4222 3352 4280 encomiasticis
3378 4225 3528 4296 peri.

1943 4309 2167 4363 tissime:
2196 4309 2395 4380 linguae
2429 4319 2535 4367 tute
2576 4312 2761 4368 verbis
2804 4313 3093 4370 extulisti?
3125 4315 3210 4371 An
3248 4331 3417 4374 causa
3441 4329 3528 4377 est

1947 4415 2175 4470 prorsus
2234 4402 2499 4472 charitas,
2558 4419 2686 4461 vera
2728 4405 3104 4477 supprimens,
3151 4418 3206 4464 et
3244 4423 3367 4479 qua:
3412 4425 3526 4467 non

1947 4501 2099 4559 sunt,
2148 4506 2213 4549 ac
2257 4493 2306 4549 si
2347 4503 2554 4565 essent,
2603 4496 2797 4552 amicis
2855 4497 3171 4568 adaptatis?
3208 4499 3329 4556 Nisi
3377 4501 3528 4573 quod

258 4587 606 4659 φιλουμένοις
662 4587 1024 4649 ἀνάπτουσα;
1080 4585 1228 4655 Πλὴν
1277 4585 1359 4637 ὅτι
1412 4586 1472 4636 ἐν
1517 4600 1691 4652 τουτῳ
1744 4582 1829 4634 καὶ

1949 4584 2214 4641 habemus
2266 4600 2320 4642 et
2350 4603 2451 4642 nos
2483 4589 2628 4644 istud
2660 4600 2809 4645 certe
2845 4589 3184 4661 (dicendum
3215 4603 3302 4648 est
3330 4594 3524 4667 enim)

258 4682 421 4750 ἡμεῖς
455 4681 649 4750 ἔχομεν
681 4675 1160 4750 (είρήσεταιγάρ),
1189 4677 1237 4727 εί
1274 4675 1347 4745 μὴ
1381 4673 1750 4744 ἀπατώμεθα,
1779 4673 1840 4726 τὸ

261 4773 516 4843 στέργειν
557 4775 650 4826 καὶ
697 4773 922 4844 ἀγαπᾷν
950 4770 1079 4834 τοὺς
1124 4768 1386 4836 ἀδελφοὺς
1424 4769 1521 4820 καὶ
1567 4767 1837 4839 Πατέρας,

260 4867 355 4919 καί
380 4882 442 4934 γε
473 4867 596 4930 τοὺς
644 4861 756 4931 οἶος
805 4867 871 4921 σὺ
919 4861 1001 4930 εἴ,
1034 4863 1208 4919 ἕλκων
1253 4865 1318 4934 τῇ
1369 4861 1698 4933 χρηστότητι
1733 4860 1840 4915 τῶν

260 4957 484 5026 ἀγαθῶν
533 4957 751 5028 τρόπων
809 4957 944 5027 πρὸς
993 4955 1180 5024 φιλίαν
1223 4955 1318 5006 καὶ
1361 4954 1454 5006 τὸν
1499 4951 1843 5022 ἠγριωμένον

261 5050 406 5122 nec...
439 5049 626 5103 Ταῦτα
658 5050 757 5121 μὲν
794 5043 887 5101 οὖν
918 5050 1051 5119 παρ’
1077 5047 1410 5118 ἀμφοτέρων
1435 5046 1590 5116 ἡμῶν
1625 5048 1690 5114 τῇ
1720 5046 1844 5116 ίερᾷ

263 5161 358 5198 σου
411 5145 624 5214 κορυφῇ
677 5141 904 5212 βραχέσι
952 5139 1243 5202 συλλαϐαῖς
1293 5138 1688 5209 ἀμειψαμένων
1742 5138 1841 5206 τὴν

263 5236 590 5304 πολύστιχον
641 5235 737 5287 καὶ
801 5231 1099 5286 πολύολϐον
1149 5231 1458 5301 ἐπιστολήν.
1497 5231 1566 5283 Ἀ
1604 5230 1658 5282 δὲ
1706 5229 1842 5300 πρὸς

261 5326 423 5396 ἡμῶν
454 5329 534 5389 είς
565 5325 864 5393 ἀπολογίαν
892 5325 992 5394 τῆς
1022 5323 1154 5395 περὶ
1188 5323 1280 5374 τὸν
1311 5321 1540 5390 ἀδελφὸν
1581 5321 1850 5390 Ἔραστον

263 5421 600 5489 ἔγκλήσεως,
652 5420 709 5470 ὲν
764 5416 1002 5479 τούτοις.
1049 5416 1267 5486 Ἡμεῖς,
1323 5413 1603 5484 ἱερώτατε,
1649 5414 1698 5465 εἰ
1756 5412 1852 5464 καὶ

261 5511 439 5574 ἄλλως
469 5510 705 5570 εὐτελεῖς
755 5510 945 5580 ἐσμεν,
999 5508 1063 5561 ού
1118 5506 1226 5578 μὴν
1279 5504 1453 5569 οῦτως
1500 5503 1769 5574 ἀμαθεῖς,
1814 5503 1847 5574 ἦ

337 5648 382 5681 ⁸³
414 5647 531 5703 Jac.
570 5663 630 5711 ti,
663 5645 752 5702 i8.
831 5645 876 5678 “
905 5643 1093 5702 Matth.
1148 5657 1260 5700 χιιι
1310 5643 1402 5698 27.
1483 5642 1525 5674 ³⁸
1553 5639 1712 5698 Joan.
1741 5656 1837 5707 XII,
1876 5640 1964 5696 35.

1942 4678 2109 4747 quod,
2145 4679 2190 4734 si
2243 4695 2354 4736 non
2402 4681 2661 4748 fallimur,
2705 4683 2898 4738 fratres
2937 4693 3226 4753 patresque
3276 4701 3528 4746 amamus

1941 4779 1997 4824 et
2047 4771 2348 4842 diligimus,
2404 4788 2500 4828 eos
2553 4777 2857 4843 praesertim
2908 4777 3003 4846 qui
3034 4765 3528 4847 similessunttui,

1943 4864 2034 4932 qui
2092 4864 2304 4936 egregia
2360 4880 2577 4921 morum
2627 4868 2897 4937 probitate
2948 4869 3002 4923 in
3054 4885 3298 4926 amorem
3342 4872 3530 4930 trahas

1949 4956 2114 5009 etiam
2165 4958 2397 5026 agrestis
2448 4958 2652 5031 ingenii
2720 4959 3019 5018 hominem.
3071 4963 3251 5034 Atque
3294 4965 3408 5022 hac
3463 4966 3533 5023 de

1953 5057 2184 5117 utroque
2211 5062 2485 5115 nostrum,
2521 5067 2681 5106 sacro
2712 5053 2902 5108 vertici
2947 5063 3043 5108 tuo
3073 5071 3268 5125 pauca,
3301 5056 3368 5111 ad
3398 5071 3529 5128 pro-

1950 5139 2116 5193 lixam
2145 5148 2200 5192 et
2241 5141 2562 5212 locupletem
2597 5145 2883 5215 epistolam
2927 5146 3162 5204 breviter
3193 5151 3532 5220 responden-

1951 5241 2050 5285 tes.
2100 5229 2233 5296 Quae
2285 5247 2415 5290 vero
2463 5234 2533 5290 ad
2572 5236 2758 5293 fratris
2785 5237 2985 5304 Erasti,
3043 5255 3207 5311 quem
3247 5251 3533 5309 accusant,

1949 5321 2324 5379 defensionem
2375 5325 2666 5390 habemus.
2715 5331 2832 5385 hinc
2869 5337 3022 5386 sunt.
3070 5331 3201 5399 Nos,
3232 5333 3316 5386 vir
3344 5346 3537 5387 sacra-

1952 5413 2182 5477 tissime,
2225 5416 2328 5470 etsi
2387 5417 2521 5472 viles
2557 5419 2761 5491 alioqui
2794 5438 3006 5489 sumus,
3038 5439 3149 5478 non
3185 5432 3367 5478 tamen
3393 5421 3534 5479 adeo

1951 5507 2210 5578 imperiti,
2243 5519 2338 5564 aut
2385 5512 2692 5568 divinarum
2753 5515 3209 5572 constitutionum
3286 5522 3536 5570 contem-

2046 5645 2088 5675 ¹⁵
2121 5646 2135 5696 Ι
2173 5645 2296 5700 Cor.
2331 5663 2403 5712 νι,
2436 5647 2490 5711 5,
2526 5647 2578 5703 «ί.

1776 5759 2004 5817 NOTAE.

339 5880 454 5955 (19)
487 5881 546 5938 In
571 5881 694 5938 cod.
742 5880 871 5949 lleg.
907 5881 1022 5950 ptO'.

1996 5875 2068 5946 (‘)
2103 5875 2415 5949 Dogmatica
