4156 6484
681 380 814 446 1491

1869 382 1930 440 S.
1968 377 2361 441 THEODORI
2405 380 2746 442 STUDIT/E

3818 386 3972 451 1492

676 504 884 563 ptores,
942 497 1003 544 ut
1053 489 1327 561 discipulo
1388 499 1603 556 nostro,
1670 499 1826 545 extra
1892 490 2293 552 sacerdotium.

2391 489 2474 541 ’ὠν
2504 490 2662 542 Θείων
2691 488 2966 558 διαταγῶν
3012 493 3422 561 καταφρονηταὶ
3455 535 3468 557 ,
3499 493 3574 555 ὡς
3604 493 3972 549 ἐντείλασθαι

678 581 998 643 constituto,
1057 581 1480 651 praciperemus
1526 590 1588 636 ut
1615 598 1738 650 qua:
1785 582 2091 636 sacerdotis
2118 591 2266 646 sunt,

682 673 900 743 aggredi
925 672 1174 737 auderet,
1197 689 1263 729 ac
1285 675 1514 745 proinde
1543 675 1799 744 parvulos
1821 675 2120 744 baptizare.
2145 673 2271 729 Haec

681 767 828 820 enim
851 777 935 822 est
965 770 1270 822 accusatio.
1315 767 1472 834 Quod
1524 769 1570 822 si
1623 769 1972 824 necessitatis
2033 771 2171 822 ratio
2217 768 2271 822 id

682 859 934 930 exigebat
975 860 1043 915 iis
1093 860 1312 924 diebus,
1354 861 1410 915 in
1460 862 1663 930 quibus
1733 861 1960 916 haeresis
2009 862 2272 930 populum

686 950 953 1007 seducens
1003 952 1360 1022 grassabatur
1406 970 1420 1018 ;
1475 956 1824 1022 maximeque
1885 953 1938 1006 in
1984 954 2274 1022 praeteritis

685 1043 1206 1113 depraedationibus,
1238 1046 1457 1114 quando
1482 1046 1532 1102 ei
1563 1046 1658 1116 qui
1707 1047 1811 1100 sibi
1844 1057 2062 1101 cautum
2095 1047 2271 1111 vellet,

687 1150 791 1190 nec
820 1145 972 1191 extra
1008 1136 1360 1191 domuncula:
1413 1138 1650 1193 latebras
1684 1139 2000 1208 prospicere
2029 1138 2228 1193 licebat
2257 1156 2272 1203 ;

688 1241 800 1282 non
834 1240 1080 1296 possum,
1114 1242 1213 1298 pro
1260 1230 1456 1298 exigua
1505 1244 1624 1283 mea
1677 1229 2059 1300 intelligentia,
2100 1245 2277 1300 neque

692 1317 838 1372 hunc
873 1319 1226 1385 monachum,
1261 1334 1437 1390 neque
1463 1322 1630 1376 alium
1674 1321 1941 1376 damnare
1973 1340 1987 1388 ;
2024 1324 2275 1392 quando-

693 1412 914 1481 quidem
943 1427 1012 1466 ex
1064 1413 1414 1478 necessitate,
1455 1414 1590 1484 legis
1650 1430 1869 1484 quoque
1920 1418 2170 1470 mutatio.
2209 1417 2279 1471 Et

692 1502 913 1571 quidem
961 1503 1157 1573 priscis
1211 1505 1551 1572 temporibus
1599 1505 1726 1559 talia
1779 1506 1918 1560 facta
1949 1508 2276 1574 cernimus;

695 1605 860 1664 atque
891 1595 1037 1649 hunc
1067 1610 1230 1650 arena
1281 1595 1481 1659 inlusa,
1521 1597 1574 1650 in
1599 1599 1838 1662 deserto,
1867 1613 1934 1653 eo
1963 1599 2106 1668 quod
2134 1615 2280 1654 mors

697 1686 947 1749 instaret,
986 1686 1293 1756 baptizasse
1323 1698 1376 1741 et
1436 1688 1769 1756 baptizatum
1802 1703 1942 1752 esse,
2003 1699 2057 1743 et
2112 1690 2279 1743 alium

697 1779 856 1834 aliter
890 1797 904 1834 :
936 1795 1036 1834 nec
1065 1795 1194 1834 vero
1227 1780 1618 1850 perfectionem
1665 1791 1812 1834 tuam
1843 1781 2031 1847 latent,
2063 1797 2185 1851 quae
2214 1782 2279 1836 ad

699 1879 953 1923 sanctum
1010 1879 1255 1939 spectant
1320 1870 1707 1925 Athanasium.
1765 1874 2015 1926 Attamen
2060 1872 2285 1942 puerilis

701 1960 845 2015 actio
891 1976 922 2015 a
973 1961 1289 2016 beatissimo
1326 1961 1636 2016 Alexandro
1693 1972 2010 2031 conspecta,
2067 1973 2283 2032 recepta

700 2060 786 2107 est
812 2062 1074 2124 tanquam
1104 2054 1366 2109 divinitus
1395 2057 1532 2109 facta
1565 2071 1579 2108 :
1617 2063 1671 2108 et
1711 2057 1804 2124 qui
1834 2057 2089 2122 initiavit,
2133 2056 2286 2112 babi-

705 2157 794 2200 tus
822 2161 921 2216 pro
945 2147 1228 2201 sacerdote
1258 2163 1272 2212 ;
1305 2155 1358 2202 et
1388 2147 1481 2216 qui
1505 2146 1770 2210 initiatus,
1820 2163 1916 2216 pro
1947 2159 2284 2218 regenerato,

702 2253 1018 2308 quanquam
1051 2239 1194 2292 nulla
1232 2249 1359 2294 tunc
1400 2249 1520 2294 erat
1566 2244 1888 2296 necessitas.
1929 2239 2032 2295 Sed
2058 2252 2111 2294 et
2135 2251 2288 2296 sexta

705 2331 949 2400 synodus
981 2329 1036 2384 in
1075 2329 1276 2384 divinis
1309 2331 1614 2387 canonibus
1639 2332 1904 2402 permittit
1935 2333 1998 2394 ",
2031 2344 2090 2387 ut
2119 2333 2289 2388 laicus

705 2439 772 2478 ex
802 2425 1152 2486 necessitate,
1186 2424 1234 2479 si
1273 2439 1381 2478 non
1411 2425 1555 2478 adsit
1580 2425 1859 2487 sacerdos,
1898 2426 2001 2479 sibi
2036 2428 2136 2493 ipsi
2167 2442 2290 2495 por-

706 2517 847 2587 rigat
896 2527 1284 2572 sacramenta:
1328 2517 1474 2585 quod
1542 2517 1762 2587 quidem
1817 2519 1953 2572 citra
2011 2530 2290 2588 urgentem

707 2610 978 2665 rationem
1007 2625 1116 2664 non
1151 2617 1235 2664 est
1265 2610 1660 2678 recipiendum.

778 2701 961 2772 Quare
1016 2702 1063 2756 si
1111 2702 1216 2758 hoc
1265 2705 1425 2758 modo
1472 2718 1559 2758 res
1603 2715 1752 2774 gesta
1783 2714 1912 2769 est;
1950 2706 2188 2776 ignosce,
2212 2707 2294 2760 vir

711 2795 1160 2860 honoratissime,
1219 2811 1328 2849 non
1379 2797 1648 2850 audemus
1693 2807 1884 2865 praeter
1911 2813 1973 2851 ea
2006 2814 2128 2867 quae
2158 2798 2294 2853 divi-

709 2890 861 2942 nitus
895 2902 923 2939 a
959 2886 1213 2942 Patribus
1255 2895 1553 2940 monstrata
1599 2898 1746 2952 sunt,
1784 2890 1964 2944 dicere
1995 2891 2291 2960 quidquam

709 2985 806 3030 aut
856 2977 1273 3045 reprehendere.
1321 2975 1660 3046 Comprobat
1703 2989 1884 3032 autem
1946 2979 2164 3034 fratrem
2216 2983 2297 3036 sic

711 3069 930 3134 fecisse,
984 3071 1146 3140 idque
1199 3085 1400 3140 magno
1444 3087 1568 3124 cum
1595 3072 1764 3124 animi
1799 3087 2023 3140 angore,
2061 3076 2293 3142 primum

2376 581 2594 653 μαθητῇ
2641 584 2672 650 ἡ
2683 584 2799 651 μῶν
2831 583 2936 647 ἔξω
2973 584 3272 654 ἱερωσύνης
3301 585 3568 651 τελοῦντι,
3597 588 3973 660 κατατολμᾷν

2373 676 2645 745 ἐγχειρεῖν
2675 675 2746 728 τὰ
2786 677 2883 746 τῆς
2935 677 3266 747 ἱερωσύνης,
3321 679 3618 733 κάντεῦθεν
3663 680 3973 750 βαπτίζειν

2373 766 2564 819 παιδία
2583 782 2597 796 ο
2626 767 2781 819 τοῦτο
2811 768 2920 837 γὰρ
2962 769 3024 820 τὸ
3052 767 3320 839 ἔγκλημα.
3354 770 3418 823 Εἱ
3447 770 3504 824 δὲ
3532 773 3560 824 6
3593 771 3750 840 λόγος
3779 773 3974 839 ἀνάγ-

2375 877 2480 930 κης
2521 861 2802 931 ἀπῄτησεν
2843 863 2902 915 ἐν
2939 862 3166 924 ταύταις
3199 867 3320 926 ταῖς
3365 865 3626 933 ἡμέραις,
3665 867 3724 916 ὲν
3751 859 3847 926 αἷς
3877 865 3973 918 αῖ-

2378 971 2528 1023 ρεσις
2557 954 2879 1018 λαοπλάνος,
2908 955 3000 1007 καὶ
3043 955 3279 1025 μάλιστα
3313 958 3372 1008 ἐν
3402 959 3522 1020 ταῖς
3552 958 3975 1028 προλαϐούσαις

2376 1045 2714 1116 λεηλασίαις,
2748 1046 2834 1114 ἐφ’
2870 1043 2960 1110 αἷς
3001 1048 3121 1100 οὐδὲ
3152 1049 3492 1117 προκύπτειν
3523 1045 3590 1119 ἦν
3621 1049 3714 1102 τὸν
3747 1051 3974 1118 φυλατ-

2376 1134 2605 1203 τόμενον
2630 1134 2726 1187 τοῦ
2773 1136 3077 1206 κρυπτικοῦ
3107 1137 3384 1206 δωματίου
3409 1154 3423 1168 ο
3457 1139 3556 1191 οὐκ
3583 1137 3691 1208 ἔχω
3719 1139 3977 1207 ἀποκρί-

2379 1245 2512 1292 νειν,
2562 1229 2704 1282 κατὰ
2736 1229 2834 1297 τὴν
2869 1229 3100 1282 ἐνοῦσάν
3138 1246 3229 1299 μοι
3266 1229 3526 1299 βραχεῖαν
3554 1230 3793 1297 σύνεσιν,
3835 1230 3976 1284 οὕτε

2379 1321 2528 1374 τόνδε
2571 1321 2664 1374 τὸν
2717 1321 3058 1392 μονάζοντα,
3107 1320 3220 1373 οὔτ’
3270 1322 3339 1375 αὖ
3385 1323 3608 1393 ἕτερον’
3658 1322 3855 1393 ἐπειδὴ
3915 1321 3983 1387 ἐξ

2379 1413 2626 1484 ἀνάγκης
2663 1414 2759 1468 καὶ
2789 1413 2957 1483 νόμου
2986 1413 3298 1484 μετάθεσις.
3320 1415 3494 1484 Καιγε
3525 1414 3742 1486 ὁρῶμεν
3768 1417 3827 1467 έν
3852 1417 3980 1478 τοῖς

2383 1507 2551 1560 πάλαι
2578 1508 2792 1577 χρόνοις
2824 1507 3049 1560 τοιαῦτα
3077 1509 3406 1575 γιγνόμενα’
3431 1509 3526 1560 καὶ
3551 1507 3609 1560 ὃν
3637 1508 3737 1576 μὲν
3768 1508 3978 1576 ἀμμώ-

2381 1597 2461 1651 δει
2509 1598 2763 1667 ἐπιχύσει
2796 1598 2918 1652 κατ’
2959 1600 3218 1669 ἐρημίαν.
3255 1599 3442 1670 ἐπειδὴ
3481 1599 3711 1661 Θάνατος
3752 1599 3973 1670 παρῆν,

2386 1692 2730 1762 βαπτίσαντα
2761 1693 2854 1744 καὶ
2886 1691 3271 1761 βαπτισθέντα,
3306 1694 3398 1745 καὶ
3429 1692 3588 1746 ἀλλον
3615 1691 3820 1755 ἄλλως·
3870 1692 3979 1745 οὐκ

2386 1787 2490 1852 ἔξω
2513 1787 2569 1839 δὲ
2591 1786 2850 1855 γνώσεως
2877 1789 2945 1856 τῇ
2967 1787 3268 1856 τελειότητι
3304 1804 3399 1840 σου
3425 1787 3494 1840 τὰ
3521 1785 3662 1839 κατά
3682 1787 3777 1839 τὸν
3805 1787 3977 1852 ἆγιον

2401 1879 2742 1934 Ἀθανάσιον.
2761 1879 2953 1948 Ὅμως
2980 1881 3013 1948 ἠ
3053 1881 3278 1951 παιδικὴ
3312 1881 3511 1950 πρᾶξις
3539 1881 3800 1952 ὀραθεῖσα
3825 1881 3979 1950 πρὸς

2388 1975 2481 2027 τοῦ
2512 1977 2934 2045 μακαριωτάτου
2966 1973 3341 2044 Ἀλεξάνδρου,
3377 1974 3636 2044 ἐνεκρίθη
3680 1974 3756 2038 ὠς
3792 1974 3978 2027 θεοτε-

2388 2067 2488 2137 λὴς
2512 2109 2527 2133 ,
2579 2070 2672 2120 καὶ
2709 2068 2966 2137 ἐλογίσθη
2995 2067 3024 2120 6
3055 2067 3277 2129 τελέσας
3320 2067 3395 2130 ὼς
3427 2067 3608 2136 ἱερεὺς
3632 2107 3648 2129 ,
3692 2066 3790 2119 καὶ
3820 2067 3851 2119 6
3878 2083 3977 2118 τεο

2389 2159 2618 2222 λειώσας
2644 2159 2718 2221 ὡς
2749 2158 3140 2228 ἀναγεννηθείς
3163 2173 3176 2187 ⁸
3209 2157 3412 2226 καίπερ
3442 2159 3543 2212 οὐκ
3573 2157 3630 2222 ἐξ
3664 2159 3921 2226 ἀνάγκης
3949 2161 3978 2210 6

2391 2251 2599 2320 καιρός.
2658 2249 2985 2318 Παραχωρεῖ
3018 2248 3074 2299 δὲ
3122 2249 3216 2300 καὶ
3262 2249 3295 2316 ὴ
3339 2248 3473 2317 ἕκτη
3519 2248 3732 2311 σύνοδος
3766 2250 3826 2300 ἐν
3855 2251 3978 2312 τοῖς

2392 2343 2558 2405 θείοις
2583 2343 2824 2404 κανόσιν,
2851 2343 2900 2395 εἱ
2922 2341 2997 2411 μὴ
3023 2343 3290 2411 πάρεστιν
3310 2341 3624 2410 ἱερωμένος,
3647 2342 3978 2413 ἐξάνάγκης

2392 2433 2580 2487 λαῖκδν
2610 2433 2788 2501 ἐαυτῷ
2815 2431 3141 2502 μεταὸοὖναι
3169 2433 3277 2484 τῶν
3310 2434 3699 2502 ἀγιασμάτων·
3729 2436 3874 2506 ὅπερ
3913 2437 3974 2489 ού

2395 2527 2634 2597 θεμιτὸν,
2667 2526 2794 2579 ἀνευ
2829 2525 3219 2596 περιστατικοῦ
3255 2526 3438 2594 λόγου.

2468 2702 2656 2764 Οὕτως
2683 2699 2776 2756 οὖν
2808 2705 2856 2755 εἱ
2889 2702 3134 2770 γέγονεν,
3168 2705 3349 2773 ἡμεῖς,
3376 2702 3673 2771 σύγγνωθι,
3703 2702 3972 2773 πάντιμε,

2395 2796 2460 2849 ού
2487 2795 2780 2866 τολμῶμεν
2827 2796 2976 2865 παρά
3015 2798 3084 2849 τά
3116 2795 3352 2860 θειωδιῖκ
3397 2799 3511 2860 τοῖς
3557 2798 3840 2868 Πατράσιν
3879 2799 3976 2850 έκ-

2398 2887 2727 2958 πεφασμένα
2755 2887 2932 2940 εἰπεῖν
2959 2905 3012 2939 τι
3036 2887 3067 2956 ἢ
3103 2889 3449 2957 ἐπιτιμῆσαι.
3483 2889 3779 2956 Συνίσττ,σι
3800 2889 3859 2942 δὲ
3886 2891 3976 2943 τὸν

2397 2980 2630 3048 ἀδελφὺν
2675 2979 2820 3032 οὓτω
2843 2979 3150 3050 πράξαντα,
3189 2979 3286 3031 καὶ
3315 2979 3454 3048 μετά
3482 2980 3682 3049 πολλῆς
3710 2981 3970 3048 ἀγωνίας,

2399 3072 2620 3142 πρῶτον
2665 3073 2765 3141 μὲν
2813 3072 2976 3134 αὐτὸς
3017 3073 3046 3125 6
3081 3071 3422 3139 ἀναγκάσας,
3457 3075 3550 3127 καὶ
3582 3073 3727 3126 ἐστιν
3769 3076 3798 3126 6
3836 3073 3974 3143 ἀνὴρ

711 3163 931 3233 quidem
964 3163 1080 3232 ipse
1113 3164 1204 3232 qui
1236 3165 1437 3232 coegit,
1471 3165 1551 3218 vir
1577 3164 1717 3219 inter
1743 3166 1982 3234 insignes
2016 3170 2214 3236 pietate
2241 3184 2293 3225 ac

2404 3163 2514 3216 τῶν
2540 3164 2656 3215 λίαν
2685 3164 2777 3215 καὶ
2803 3162 3045 3215 εύσεδῶν
3080 3163 3175 3215 καὶ
3199 3163 3511 3234 ἐμφρόνων,
3545 3163 3702 3230 καίγε
3735 3179 3974 3234 περιφαο

710 3252 1023 3326 prudentia,
1059 3264 1223 3323 atque
1253 3256 1398 3308 inter
1438 3256 1698 3320 illustres,
1761 3256 2004 3309 Thomas
2029 3259 2220 3312 consul
2244 3269 2298 3312 et

711 3347 1080 3401 chartularius
1117 3364 1131 3400 :
1188 3347 1384 3401 deinde
1412 3346 1652 3404 Iacobus
1702 3349 2147 3418 religiosissimus
2177 3366 2296 3406 mo-

713 3439 944 3502 nachus,
987 3439 1073 3492 cui
1114 3453 1243 3508 pars
1281 3440 1428 3492 nulla
1475 3456 1600 3494 cum
1644 3441 1836 3495 haeres:
1873 3460 1886 3494 :
1922 3452 2032 3496 tum
2089 3442 2297 3514 Euthy-

716 3529 882 3593 mius,
912 3533 1254 3584 venerandus
1289 3530 1423 3583 alter
1449 3532 1752 3585 monachus
1777 3542 1829 3586 et
1863 3537 2295 3601 persecutionem

714 3638 930 3692 passus.
971 3621 1035 3676 In
1061 3624 1266 3676 duobus
1295 3624 1372 3677 vel
1418 3625 1586 3677 (ribus
1631 3626 1845 3679 testibus
1894 3627 2077 3690 stabit,
2102 3629 2299 3700 inquit,

715 3732 869 3770 omne
899 3717 1108 3770 verbum
1139 3717 1202 3770 ".
1234 3717 1350 3782 Ais,
1393 3717 1629 3782 domine,
1658 3732 1765 3772 non
1801 3719 1871 3771 ita
1907 3735 2021 3773 rem
2058 3719 2256 3774 habere
2283 3736 2298 3785 ;

717 3819 778 3864 tu
828 3809 1050 3879 quidem
1105 3811 1362 3864 omnibus
1411 3810 1555 3863 haud
1605 3810 1768 3864 dubie
1817 3811 2102 3866 illustrior.
2161 3810 2300 3876 Quid

718 3903 884 3972 igitur
917 3901 1138 3964 faciam,
1172 3904 1225 3955 in
1264 3903 1443 3956 medio
1477 3911 1751 3956 tantorum
1788 3904 2004 3957 testium
2033 3905 2302 3960 constitu-

717 4006 810 4052 tus
838 3995 862 4049 ἱ
891 3995 949 4050 Si
976 3996 1051 4050 ita
1100 4010 1188 4048 res
1219 3995 1382 4048 habet
1416 4003 1472 4047 ut
1499 3995 1655 4059 dicis,
1690 4004 1852 4063 atque
1877 3995 1963 4049 ille
2000 3996 2303 4050 astantibus

718 4090 1077 4161 presbyteris.
1141 4089 1458 4142 dominandi
1516 4089 1699 4143 studio
1763 4090 2125 4142 sacerdotium
2199 4089 2302 4144 sibi

719 4183 1068 4253 despondens
1100 4183 1205 4237 hoc
1241 4182 1368 4253 egit,
1402 4198 1681 4252 nunquam
1712 4184 1852 4251 apud
1884 4200 1982 4238 nos
2027 4187 2093 4238 ad
2128 4185 2304 4255 digni-

721 4287 889 4332 tatem
944 4275 1238 4331 sacerdOtii
1278 4275 1633 4344 provehetur,
1668 4283 1861 4345 praeter
1901 4276 2037 4330 alias
2091 4291 2302 4346 poenas.

723 4371 839 4425 Hoc
868 4371 1013 4424 enim
1044 4369 1278 4438 justum.
1327 4365 1422 4422 Sin
1453 4378 1635 4422 autem
1681 4378 1926 4435 coactus,
1963 4379 2021 4423 ut
2058 4379 2222 4425 testes
2253 4379 2308 4424 et

721 4463 953 4530 ipsemet
991 4468 1238 4520 narrant,
1273 4468 1326 4513 et
1360 4473 1484 4512 cum
1533 4459 1639 4510 duo
1669 4460 1944 4527 proposita
1983 4469 2186 4519 essent,
2215 4468 2308 4513 aut

2405 3259 2533 3321 νῶν,
2563 3257 2763 3326 Θωμᾶς
2791 3258 2820 3308 6
2860 3256 3064 3319 ὕπατός
3109 3272 3168 3308 τε
3202 3257 3299 3308 καὶ
3334 3257 3752 3325 χαρτουλάριος”
3784 3257 3975 3309 ἔπειτα

2418 3351 2674 3413 Ἰάκωϐος
2702 3351 2730 3402 6
2757 3349 3151 3410 εύλαϐέστατος
3184 3345 3456 3418 μονάζων,
3483 3349 3574 3401 καὶ
3597 3348 3694 3416 τῆς
3714 3349 3974 3418 αἱρέσεως

2405 3442 2691 3511 ἀμέτοχος.
2726 3438 2862 3498 Εῐτα
2891 3443 2988 3494 καὶ
3018 3440 3311 3512 Εὐθύμιος,
3340 3441 3526 3510 ἔτερος
3578 3442 3856 3511 αἰδέσιμος
3889 3459 3974 3511 μο-

2407 3535 2606 3598 νάζων,
2643 3535 2735 3586 καὶ
2765 3532 3139 3601 δεδιωγμένος.
3181 3531 3311 3586 Ἐπὶ
3352 3531 3460 3585 δύο
3498 3531 3596 3584 καὶ
3637 3529 3814 3599 τριῶν
3830 3549 3974 3601 μαρ-

2408 3629 2602 3694 τύρων
2639 3625 3029 3693 σταθήσεται,
3077 3625 3242 3694 φησὶ,
3282 3622 3406 3681 πᾶν
3440 3623 3626 3694 ῥῆμα.
3677 3625 3908 3692 Λέγεις,
3945 3624 3974 3677 6

2408 3719 2697 3786 δεσπότης,
2731 3717 2830 3786 ούχ
2861 3715 3033 3777 οὓτως
3069 3716 3243 3784 ἔχειν’
3292 3715 3386 3769 καὶ
3416 3716 3853 3786 προφερέστερος
3881 3716 3972 3786 δη-

2408 3809 2582 3862 λονότι
2608 3807 2714 3860 τῶν
2744 3807 2988 3860 πάντων.
3017 3803 3083 3856 Τί
3106 3803 3238 3873 γοῦν
3270 3805 3482 3873 ποιήσω
3507 3802 3617 3871 ἐγὼ
3639 3803 3974 3873 ἀπειλημμέ-

2409 3919 2497 3964 νος
2523 3904 2580 3954 έν
2605 3901 2755 3971 μέσῳ
2772 3899 3040 3952 τοσούτων
3061 3897 3351 3969 μαρτύρων
3370 3914 3384 3963 ;
3402 3895 3550 3962 Ἐάν,
3571 3897 3644 3958 ὡς
3667 3897 3827 3960 αὐτὸς
3851 3898 3970 3966 φῂς,

2411 3994 2509 4065 ἔχῃ
2535 4035 2548 4057 ,
2582 3996 2662 4048 ὅτι
2695 3994 2978 4063 παρόντων
3009 3991 3223 4063 ἱερέων,
3272 3989 3539 4060 φιλαρχίᾳ
3573 3989 3972 4059 -προμνηστευό-

2415 4104 2575 4157 μενος
2620 4086 2770 4156 αύτῷ
2815 4083 3136 4156 ἱερωσύνην,
3179 4081 3338 4135 τοῦτο
3371 4081 3694 4151 εἰργάσατο·
3724 4080 3808 4149 είη
3846 4079 3972 4149 πρὸς

2411 4176 2571 4246 ἡμῶν
2605 4179 2814 4246 μήποτε
2842 4178 2920 4237 εἰς
2961 4174 3022 4226 τὸ
3054 4173 3151 4243 τῆς
3183 4171 3484 4243 ἱερωσύνης
3512 4170 3728 4241 ἀξίωμα
3768 4170 3972 4244 προδαί·

2412 4289 2539 4334 νων,
2561 4269 2700 4340 μετά
2731 4269 2826 4324 καὶ⁸
2853 4269 3056 4340 ἑτέρων
3085 4267 3379 4336 ἐπιτιμίων
3397 4286 3412 4298 ο
3437 4266 3643 4320 δίκαιον
3665 4266 3794 4336 γάρ.
3815 4265 3872 4319 Εἱ
3899 4266 3970 4333 δὲ,

2413 4366 2489 4428 ὡς
2533 4365 2583 4417 οἱ
2647 4364 2920 4434 μάρτυρες,
2962 4364 3056 4415 καὶ
3083 4362 3244 4424 αὐτὸς
3272 4362 3558 4431 διηγεῖται,
3596 4361 3970 4429 ἀναγκασθεὶς,

2419 4461 2513 4516 καὶ
2546 4458 2693 4512 δυοῖν
2723 4457 3101 4529 προκειμένων
3122 4473 3136 4487 ·
3172 4455 3205 4526 ἢ
3237 4456 3480 4525 ἀμύητον
3517 4455 3577 4506 τὸ
3619 4453 3818 4525 βρέφος
3847 4454 3972 4505 ἀπο-

723 4552 990 4608 infalitem
1024 4565 1134 4604 non
1171 4549 1446 4604 initiatum
1481 4551 1642 4614 mori,
1677 4550 1824 4618 quod
1871 4551 1922 4602 in
1964 4551 2177 4606 duobus
2217 4567 2293 4603 an

2417 4551 2704 4604 τεθνάναι·
2741 4551 2878 4618 ὅπερ
2901 4547 3102 4602 ἔπαθεν
3131 4549 3188 4600 ἐν
3221 4547 3342 4599 δυσὶ
3375 4546 3638 4616 πρότερον
3657 4545 3716 4596 ού
3748 4543 3973 4608 πεισθεὶς

723 4655 811 4700 tea
859 4644 1064 4714 pueris,
1125 4642 1253 4712 quia
1299 4643 1675 4711 obtemperare
1737 4644 1929 4707 noluit,
1982 4645 2311 4708 acciderat;

723 4748 820 4796 aut
852 4735 1126 4791 haereticis
1160 4734 1326 4803 objici
1355 4750 1451 4788 eos
1482 4739 1575 4804 qui
1607 4735 1861 4804 pietatem
1904 4735 2268 4790 observabant
2297 4748 2311 4788 :

726 4832 863 4886 nihil
917 4829 1092 4883 ausim
1123 4843 1227 4896 ego
1259 4838 1514 4892 peccator
1561 4829 1862 4898 iniungere,
1899 4828 2080 4896 quoad
2119 4828 2313 4882 beatis-

724 4923 904 4980 simus
934 4933 1220 4976 sacrorum
1246 4919 1474 4972 antistes
1515 4927 1701 4974 noster
1730 4935 1786 4974 re
1817 4920 2161 4974 considerata
2185 4935 2314 4990 pro-

726 5015 866 5070 ferat
905 5009 1256 5067 sententiam.
1290 5007 1369 5062 'l‘u
1400 5025 1529 5066 vero
1561 5012 1822 5066 vilitatem
1869 5029 2065 5077 meam,
2091 5013 2311 5067 Patrum

725 5105 1085 5168 amicissime,
1127 5117 1196 5156 ne
1237 5106 1486 5171 deplores
1519 5123 1532 5158 :
1577 5107 1671 5161 sed
1713 5109 1891 5174 potius
1931 5123 2050 5171 ora,
2084 5119 2140 5162 ut
2170 5108 2311 5160 intra

725 5202 1012 5258 modulum
1029 5209 1278 5253 nostrum
1299 5197 1685 5265 consistamus,
1701 5200 2127 5268 mendosamque
2148 5200 2312 5254 vitam

725 5296 1090 5365 corrigamus.
1132 5291 1207 5347 De
1233 5292 1358 5346 aliis
1408 5302 1589 5348 autem
1617 5297 1834 5356 erratis,
1889 5309 2120 5363 quorum
2165 5293 2317 5347 indi-

725 5391 872 5444 cium
925 5386 1088 5442 nobis
1130 5385 1324 5456 religio
1377 5395 1468 5440 tua
1525 5395 1579 5440 et
1626 5386 2079 5456 signiﬁcationem
2143 5385 2312 5446 dedit,

726 5483 878 5538 nullo
909 5482 1074 5536 modo
1106 5479 1291 5550 inique
1322 5479 1474 5533 illum
1504 5480 1683 5548 egisse
1714 5479 2155 5533 existimavimus
2183 5496 2196 5540 ;
2221 5477 2312 5532 sed

728 5589 841 5628 rem
897 5572 1057 5626 laude
1109 5571 1349 5642 dignam,
1375 5571 1441 5636 si,
1474 5572 1742 5640 quosdam
1775 5571 2035 5628 mmehari
2063 5570 2312 5635 audiens,

732 5665 935 5721 veritus
989 5678 1097 5717 non
1147 5671 1231 5718 est
1291 5677 1405 5717 rem
1445 5663 1769 5718 denuntiare
1812 5664 1878 5718 iis
1931 5663 2026 5734 qui
2072 5663 2316 5718 inhibere

807 5840 844 5873 ⁸⁷
875 5836 1050 5893 Trull.
1088 5851 1211 5892 can.
1250 5836 1338 5891 58.
1420 5837 1460 5868 ¹⁸
1494 5835 1651 5894 Deut.
1697 5853 1806 5903 xix,
1847 5836 1931 5890 l5.

2417 4644 2635 4696 παισίν⁶
2665 4642 2697 4712 ἢ
2733 4641 2996 4713 προέσθαι
3025 4643 3139 4702 τοῖς
3167 4639 3468 4709 αἱρετικοῖς
3492 4638 3620 4700 τοὺς
3648 4637 3972 4707 φυλαττομέ-

2418 4754 2541 4800 νους
2567 4738 2668 4806 τὴν
2697 4733 2983 4787 εὐσέϐειαν
3008 4749 3021 4762 ·
3059 4733 3212 4786 οὐδὲν
3251 4730 3363 4800 ἐγὼ
3397 4731 3425 4782 6
3457 4731 3780 4802 ἁμαρτωλὸς
3808 4729 3972 4800 τολμῶ

2420 4829 2744 4898 ἐπισκῆψαι,
2794 4827 2905 4890 ἓως
2933 4825 3000 4882 ἂν
3029 4827 3057 4879 6
3089 4821 3505 4895 μακαριώτατος
3540 4823 3694 4892 ἡμῶν
3729 4823 3974 4892 ἱεροτελε-

2420 4921 2550 4990 στὴς
2596 4919 2981 4988 ἐπιθεωρήσας
3010 4917 3204 4980 ἐξοίσει
3253 4915 3453 4986 κρίσιν.
3500 4915 3610 4970 Καὶ
3646 4915 3718 4984 μή
3758 4931 3854 4984 μου
3887 4915 3973 4978 τῆς

2419 5010 2839 5072 ταπεινώσεως,
2893 5011 3156 5080 Πατέρων
3192 5008 3433 5078 φίλτατε,
3498 4990 3970 5072 κατᾶστενάξειας·

2421 5107 2533 5158 ἀλλ’
2594 5109 2627 5176 ἢ
2687 5104 2886 5175 μᾶλλον
2937 5104 3240 5174 προσεύχου
3291 5103 3348 5156 ὲν
3399 5105 3511 5164 τοῖς
3574 5101 3722 5163 ἱδίοις
3780 5101 3972 5169 μέτροις

2422 5203 2678 5263 ἑστάναι,
2747 5201 2840 5252 καὶ
2896 5198 2986 5250 τὸν
3033 5195 3372 5266 ἐσφαλμένον
3436 5194 3549 5264 βίον
3602 5193 3971 5263 διορθώσασθαι

2422 5293 2591 5361 ἡμᾶς.
2621 5292 2754 5360 Περὶ
2783 5289 2837 5342 δὲ
2867 5289 3068 5357 ἑτέρων
3097 5288 3447 5358 σφαλμάτων,
3477 5281 3553 5340 ὧν
3595 5287 3795 5340 ἔδωκεν
3818 5285 3968 5354 ἐμφα-

2425 5403 2510 5438 σιν
2560 5387 2592 5453 ἡ
2643 5383 2921 5436 θεοσέὸειά
2969 5399 3103 5446 σου,
3157 5383 3250 5435 καὶ
3297 5381 3658 5452 ὲξηγόρευσεν
3705 5381 3855 5450 ἡμῖν,
3891 5379 3967 5431 καὶ

2421 5477 2530 5529 οὐδ’
2585 5477 2720 5538 ὅλως
2781 5475 3150 5544 ἐπενοήσαμεν
3198 5473 3478 5543 ἐκθέσμως
3545 5471 3708 5525 αὑτὸν
3767 5470 3965 5542 πρᾶξαι,

2420 5567 2535 5624 ἀλλ’
2572 5567 2604 5636 ἢ
2635 5567 2726 5621 καὶ
2757 5566 2981 5620 ἐπαίνου
3039 5565 3218 5630 ἄξιον,
3263 5566 3311 5618 εἱ
3363 5563 3717 5633 μοιχεύοντας
3761 5561 3964 5624 ἀκούων,

2423 5667 2520 5731 οὐχ
2547 5659 2905 5713 ὑπεστείλατο
2945 5659 3022 5730 μὴ
3053 5659 3172 5729 ούχὶ
3201 5657 3521 5726 ἀναγγεῖλαι
3543 5659 3654 5720 τοῖς
3687 5654 3964 5723 δυναμένοις
