  <div class='ocr_page' id='page_1' title='image "/cluster/home/n/w/nwhite01/storage/ocr_20150623/99/uva.x002264937/786.png"; bbox 0 0 4156 6536; ppageno 0'>
   <div class='ocr_carea' id='block_1_1' title="bbox 249 481 389 544">
    <p class='ocr_par' dir='ltr' id='par_1_1' title="bbox 249 481 389 544">
     <span class='ocr_line' id='line_1_1' title="bbox 249 481 389 544; baseline -0.029 0"><span class='ocrx_word' id='word_1_1' title='bbox 249 481 389 544; x_wconf 68' lang='grc'><strong>1493</strong></span> 
     </span>
    </p>
   </div>
   <div class='ocr_carea' id='block_1_2' title="bbox 1434 465 2306 533">
    <p class='ocr_par' dir='ltr' id='par_1_2' title="bbox 1434 465 2306 533">
     <span class='ocr_line' id='line_1_2' title="bbox 1434 465 2306 533; baseline -0.009 -1"><span class='ocrx_word' id='word_1_2' title='bbox 1434 470 1972 533; x_wconf 77' lang='lat' dir='ltr'><strong>EPISTOLARUM</strong></span> <span class='ocrx_word' id='word_1_3' title='bbox 2017 468 2163 527; x_wconf 83' lang='lat' dir='ltr'><strong>LIB.</strong></span> <span class='ocrx_word' id='word_1_4' title='bbox 2223 465 2306 525; x_wconf 88' lang='grc' dir='ltr'><strong>ΙΙ.</strong></span> 
     </span>
    </p>
   </div>
   <div class='ocr_carea' id='block_1_3' title="bbox 3359 455 3495 519">
    <p class='ocr_par' dir='ltr' id='par_1_3' title="bbox 3359 455 3495 519">
     <span class='ocr_line' id='line_1_3' title="bbox 3359 455 3495 519; baseline 0 -1"><span class='ocrx_word' id='word_1_5' title='bbox 3359 455 3495 519; x_wconf 69' lang='grc'><strong>1494</strong></span> 
     </span>
    </p>
   </div>
   <div class='ocr_carea' id='block_1_4' title="bbox 244 575 1845 666">
    <p class='ocr_par' dir='ltr' id='par_1_4' title="bbox 244 586 1822 666">
     <span class='ocr_line' id='line_1_4' title="bbox 244 586 1822 666; baseline -0.007 -17"><span class='ocrx_word' id='word_1_6' title='bbox 244 596 507 666; x_wconf 83' lang='grc' dir='ltr'>ἁπεῖρξαι</span> <span class='ocrx_word' id='word_1_7' title='bbox 539 593 599 645; x_wconf 88' lang='grc' dir='ltr'><strong>τὸ</strong></span> <span class='ocrx_word' id='word_1_8' title='bbox 629 591 887 659; x_wconf 78' lang='grc' dir='ltr'>ἀσέϐημα</span> <span class='ocrx_word' id='word_1_9' title='bbox 919 589 1067 661; x_wconf 72' lang='grc' dir='ltr'>[οοὰ.</span> <span class='ocrx_word' id='word_1_10' title='bbox 1117 589 1253 658; x_wconf 79' lang='lat' dir='ltr'><strong>Reg.</strong></span> <span class='ocrx_word' id='word_1_11' title='bbox 1305 587 1652 666; x_wconf 82' lang='grc' dir='ltr'>ἀσέλγημα]·</span> <span class='ocrx_word' id='word_1_12' title='bbox 1694 587 1726 656; x_wconf 83' lang='grc' dir='ltr'>ἢ</span> <span class='ocrx_word' id='word_1_13' title='bbox 1763 586 1822 638; x_wconf 91' lang='grc' dir='ltr'><strong>τὸ</strong></span> 
     </span>
    </p>
   </div>
   <div class='ocr_carea' id='block_1_5' title="bbox 1948 575 3502 666">
    <p class='ocr_par' dir='ltr' id='par_1_5' title="bbox 1948 575 3502 652">
     <span class='ocr_line' id='line_1_5' title="bbox 1948 575 3502 652; baseline -0.005 -14"><span class='ocrx_word' id='word_1_14' title='bbox 1948 592 2172 640; x_wconf 59' lang='lat' dir='ltr'><strong>tolerant</strong></span> <span class='ocrx_word' id='word_1_15' title='bbox 2213 580 2544 652; x_wconf 74' lang='lat' dir='ltr'><strong>impietatem</strong></span> <span class='ocrx_word' id='word_1_16' title='bbox 2579 620 2594 645; x_wconf 95' lang='lat'><strong>,</strong></span> <span class='ocrx_word' id='word_1_17' title='bbox 2619 586 2750 642; x_wconf 84' lang='lat' dir='ltr'><strong>aut,</strong></span> <span class='ocrx_word' id='word_1_18' title='bbox 2819 591 2942 632; x_wconf 92' lang='lat' dir='ltr'><strong>cum</strong></span> <span class='ocrx_word' id='word_1_19' title='bbox 2988 575 3064 631; x_wconf 90' lang='lat' dir='ltr'><strong>uti</strong></span> <span class='ocrx_word' id='word_1_20' title='bbox 3112 575 3306 644; x_wconf 81' lang='lat' dir='ltr'><strong>laqueo</strong></span> <span class='ocrx_word' id='word_1_21' title='bbox 3335 575 3502 631; x_wconf 85' lang='lat' dir='ltr'><strong>vellet</strong></span> 
     </span>
    </p>
   </div>
   <div class='ocr_carea' id='block_1_6' title="bbox 242 678 1814 756">
    <p class='ocr_par' dir='ltr' id='par_1_6' title="bbox 242 678 1814 756">
     <span class='ocr_line' id='line_1_6' title="bbox 242 678 1814 756; baseline -0.006 -17"><span class='ocrx_word' id='word_1_22' title='bbox 242 689 318 756; x_wconf 78' lang='grc' dir='ltr'>τῇ</span> <span class='ocrx_word' id='word_1_23' title='bbox 358 683 648 754; x_wconf 84' lang='grc' dir='ltr'>κομιτίσσῃ</span> <span class='ocrx_word' id='word_1_24' title='bbox 685 681 984 752; x_wconf 74' lang='grc' dir='ltr'>αἱρουμένη</span> <span class='ocrx_word' id='word_1_25' title='bbox 1036 680 1238 750; x_wconf 82' lang='grc' dir='ltr'>ἀγχόνῃ</span> <span class='ocrx_word' id='word_1_26' title='bbox 1294 679 1630 749; x_wconf 77' lang='grc' dir='ltr'>χρήσασθαι·</span> <span class='ocrx_word' id='word_1_27' title='bbox 1689 678 1814 729; x_wconf 80' lang='grc' dir='ltr'>ἰδεῖν</span> 
     </span>
    </p>
   </div>
   <div class='ocr_carea' id='block_1_7' title="bbox 243 764 1818 846">
    <p class='ocr_par' dir='ltr' id='par_1_7' title="bbox 243 764 1818 846">
     <span class='ocr_line' id='line_1_7' title="bbox 243 764 1818 846; baseline -0.009 -17"><span class='ocrx_word' id='word_1_28' title='bbox 243 778 318 829; x_wconf 79' lang='grc' dir='ltr'><strong>τά</strong></span> <span class='ocrx_word' id='word_1_29' title='bbox 343 773 687 846; x_wconf 80' lang='grc' dir='ltr'>προσήκοντα</span> <span class='ocrx_word' id='word_1_30' title='bbox 720 769 1149 840; x_wconf 76' lang='grc' dir='ltr'>ὲπιπράξασθαι.</span> <span class='ocrx_word' id='word_1_31' title='bbox 1179 769 1316 822; x_wconf 86' lang='grc' dir='ltr'>Τάδε</span> <span class='ocrx_word' id='word_1_32' title='bbox 1347 768 1454 838; x_wconf 84' lang='grc' dir='ltr'>γὰρ</span> <span class='ocrx_word' id='word_1_33' title='bbox 1479 764 1618 821; x_wconf 78' lang='grc' dir='ltr'>οἶδεν</span> <span class='ocrx_word' id='word_1_34' title='bbox 1640 767 1818 835; x_wconf 64' lang='grc' dir='ltr'>ὠφλη-</span> 
     </span>
    </p>
   </div>
   <div class='ocr_carea' id='block_1_8' title="bbox 245 857 1818 930">
    <p class='ocr_par' dir='ltr' id='par_1_8' title="bbox 245 857 1818 930">
     <span class='ocr_line' id='line_1_8' title="bbox 245 857 1818 930; baseline -0.007 -10"><span class='ocrx_word' id='word_1_35' title='bbox 245 869 426 930; x_wconf 83' lang='grc' dir='ltr'><strong>κέναι,</strong></span> <span class='ocrx_word' id='word_1_36' title='bbox 459 867 551 919; x_wconf 83' lang='grc' dir='ltr'>κα“ι</span> <span class='ocrx_word' id='word_1_37' title='bbox 577 865 677 916; x_wconf 82' lang='grc' dir='ltr'><strong>οὐκ</strong></span> <span class='ocrx_word' id='word_1_38' title='bbox 714 862 843 916; x_wconf 77' lang='grc' dir='ltr'>ἄλλο</span> <span class='ocrx_word' id='word_1_39' title='bbox 862 875 875 889; x_wconf 89' lang='grc'><strong>·</strong></span> <span class='ocrx_word' id='word_1_40' title='bbox 906 863 1001 913; x_wconf 75' lang='grc' dir='ltr'>καὶ</span> <span class='ocrx_word' id='word_1_41' title='bbox 1025 861 1222 930; x_wconf 79' lang='grc' dir='ltr'>πολλῆς</span> <span class='ocrx_word' id='word_1_42' title='bbox 1250 857 1524 928; x_wconf 68' lang='grc' dir='ltr'>εὐφημίας</span> <span class='ocrx_word' id='word_1_43' title='bbox 1555 857 1689 929; x_wconf 86' lang='grc' dir='ltr'>πρὸς</span> <span class='ocrx_word' id='word_1_44' title='bbox 1712 857 1818 909; x_wconf 86' lang='grc' dir='ltr'><strong>τῶν</strong></span> 
     </span>
    </p>
   </div>
   <div class='ocr_carea' id='block_1_9' title="bbox 243 951 1820 1028">
    <p class='ocr_par' dir='ltr' id='par_1_9' title="bbox 243 951 1820 1028">
     <span class='ocr_line' id='line_1_9' title="bbox 243 951 1820 1028; baseline -0.005 -17"><span class='ocrx_word' id='word_1_45' title='bbox 243 958 507 1028; x_wconf 82' lang='grc' dir='ltr'><strong>ἀνωτέρω</strong></span> <span class='ocrx_word' id='word_1_46' title='bbox 542 953 892 1021; x_wconf 76' lang='grc' dir='ltr'><strong>δηλωθέντων</strong></span> <span class='ocrx_word' id='word_1_47' title='bbox 939 952 1168 1021; x_wconf 84' lang='grc' dir='ltr'>ἀνδρῶν,</span> <span class='ocrx_word' id='word_1_48' title='bbox 1221 951 1296 1014; x_wconf 89' lang='grc' dir='ltr'><strong>ώς</strong></span> <span class='ocrx_word' id='word_1_49' title='bbox 1341 951 1607 1020; x_wconf 80' lang='grc' dir='ltr'>αὐτήκοος</span> <span class='ocrx_word' id='word_1_50' title='bbox 1640 951 1820 1018; x_wconf 80' lang='grc' dir='ltr'>ἐγενό-</span> 
     </span>
    </p>
   </div>
   <div class='ocr_carea' id='block_1_10' title="bbox 252 1041 1821 1121">
    <p class='ocr_par' dir='ltr' id='par_1_10' title="bbox 252 1041 1821 1121">
     <span class='ocr_line' id='line_1_10' title="bbox 252 1041 1821 1121; baseline -0.006 -18"><span class='ocrx_word' id='word_1_51' title='bbox 252 1069 388 1121; x_wconf 85' lang='grc' dir='ltr'>μην,</span> <span class='ocrx_word' id='word_1_52' title='bbox 420 1047 825 1118; x_wconf 83' lang='grc' dir='ltr'>προανεδήσατο</span> <span class='ocrx_word' id='word_1_53' title='bbox 848 1047 876 1098; x_wconf 98' lang='lat'><strong>6</strong></span> <span class='ocrx_word' id='word_1_54' title='bbox 903 1044 1129 1112; x_wconf 69' lang='grc' dir='ltr'>ἁδελφὸς</span> <span class='ocrx_word' id='word_1_55' title='bbox 1156 1043 1422 1112; x_wconf 81' lang='grc' dir='ltr'><strong>Ἔραστος</strong></span> <span class='ocrx_word' id='word_1_56' title='bbox 1457 1041 1821 1104; x_wconf 82' lang='grc' dir='ltr'>ἐπαίνους.οὐ</span> 
     </span>
    </p>
   </div>
   <div class='ocr_carea' id='block_1_11' title="bbox 249 1133 1823 1210">
    <p class='ocr_par' dir='ltr' id='par_1_11' title="bbox 249 1133 1823 1210">
     <span class='ocr_line' id='line_1_11' title="bbox 249 1133 1823 1210; baseline -0.007 -14"><span class='ocrx_word' id='word_1_57' title='bbox 249 1145 454 1208; x_wconf 82' lang='grc' dir='ltr'>τοίνυν,</span> <span class='ocrx_word' id='word_1_58' title='bbox 492 1140 636 1210; x_wconf 70' lang='grc' dir='ltr'>ἅγιε,</span> <span class='ocrx_word' id='word_1_59' title='bbox 664 1139 752 1194; x_wconf 85' lang='grc' dir='ltr'><strong>διά</strong></span> <span class='ocrx_word' id='word_1_60' title='bbox 784 1138 844 1190; x_wconf 85' lang='grc' dir='ltr'><strong>τὸ</strong></span> <span class='ocrx_word' id='word_1_61' title='bbox 872 1135 1198 1205; x_wconf 83' lang='grc' dir='ltr'>σκινδαλμὸν</span> <span class='ocrx_word' id='word_1_62' title='bbox 1229 1134 1389 1188; x_wconf 74' lang='grc' dir='ltr'>αὐτὸν</span> <span class='ocrx_word' id='word_1_63' title='bbox 1427 1133 1724 1204; x_wconf 71' lang='grc' dir='ltr'><strong>ἐμποιῆσαι</strong></span> <span class='ocrx_word' id='word_1_64' title='bbox 1765 1137 1823 1186; x_wconf 82' lang='grc' dir='ltr'><strong>ἐν</strong></span> 
     </span>
    </p>
   </div>
   <div class='ocr_carea' id='block_1_12' title="bbox 250 1223 1823 1299">
    <p class='ocr_par' dir='ltr' id='par_1_12' title="bbox 250 1223 1823 1299">
     <span class='ocr_line' id='line_1_12' title="bbox 250 1223 1823 1299; baseline -0.008 -10"><span class='ocrx_word' id='word_1_65' title='bbox 250 1239 368 1299; x_wconf 84' lang='grc' dir='ltr'>τοῖς</span> <span class='ocrx_word' id='word_1_66' title='bbox 393 1234 602 1298; x_wconf 86' lang='grc' dir='ltr'>αὐτόθι,</span> <span class='ocrx_word' id='word_1_67' title='bbox 628 1231 764 1286; x_wconf 79' lang='grc' dir='ltr'>ἀλλὰ</span> <span class='ocrx_word' id='word_1_68' title='bbox 791 1231 878 1284; x_wconf 83' lang='grc' dir='ltr'>διὰ</span> <span class='ocrx_word' id='word_1_69' title='bbox 907 1230 977 1282; x_wconf 79' lang='grc' dir='ltr'><strong>τά</strong></span> <span class='ocrx_word' id='word_1_70' title='bbox 1006 1227 1310 1299; x_wconf 80' lang='grc' dir='ltr'><strong>ἀδιόρθωτα</strong></span> <span class='ocrx_word' id='word_1_71' title='bbox 1340 1226 1632 1290; x_wconf 84' lang='grc' dir='ltr'>σκάνδαλα,</span> <span class='ocrx_word' id='word_1_72' title='bbox 1669 1223 1823 1292; x_wconf 80' lang='grc' dir='ltr'>εἷρξα</span> 
     </span>
    </p>
   </div>
   <div class='ocr_carea' id='block_1_13' title="bbox 250 1318 1823 1394">
    <p class='ocr_par' dir='ltr' id='par_1_13' title="bbox 250 1318 1823 1394">
     <span class='ocr_line' id='line_1_13' title="bbox 250 1318 1823 1394; baseline -0.006 -13"><span class='ocrx_word' id='word_1_73' title='bbox 250 1327 348 1381; x_wconf 88' lang='grc' dir='ltr'><strong>τὸν</strong></span> <span class='ocrx_word' id='word_1_74' title='bbox 383 1326 608 1394; x_wconf 83' lang='grc' dir='ltr'>ἀδελφὸν</span> <span class='ocrx_word' id='word_1_75' title='bbox 631 1324 729 1393; x_wconf 76' lang='grc' dir='ltr'>τῆς</span> <span class='ocrx_word' id='word_1_76' title='bbox 770 1321 1128 1390; x_wconf 70' lang='grc' dir='ltr'>παλινῳδίαςσ</span> <span class='ocrx_word' id='word_1_77' title='bbox 1159 1318 1232 1382; x_wconf 85' lang='grc' dir='ltr'>ὡς</span> <span class='ocrx_word' id='word_1_78' title='bbox 1261 1319 1326 1377; x_wconf 79' lang='grc' dir='ltr'>ἂν</span> <span class='ocrx_word' id='word_1_79' title='bbox 1356 1318 1604 1371; x_wconf 80' lang='grc' dir='ltr'>ἐντεῦθεν</span> <span class='ocrx_word' id='word_1_80' title='bbox 1635 1319 1823 1371; x_wconf 82' lang='grc' dir='ltr'>άθωω-</span> 
     </span>
    </p>
   </div>
   <div class='ocr_carea' id='block_1_14' title="bbox 253 1409 1826 1492">
    <p class='ocr_par' dir='ltr' id='par_1_14' title="bbox 253 1409 1826 1492">
     <span class='ocr_line' id='line_1_14' title="bbox 253 1409 1826 1492; baseline -0.01 -17"><span class='ocrx_word' id='word_1_81' title='bbox 253 1422 377 1490; x_wconf 86' lang='grc' dir='ltr'>θείη</span> <span class='ocrx_word' id='word_1_82' title='bbox 413 1422 509 1492; x_wconf 85' lang='grc' dir='ltr'>μὲν</span> <span class='ocrx_word' id='word_1_83' title='bbox 537 1423 565 1471; x_wconf 93' lang='lat'><strong>6</strong></span> <span class='ocrx_word' id='word_1_84' title='bbox 596 1413 1072 1485; x_wconf 75' lang='grc' dir='ltr'>κατηγορούμενος</span> <span class='ocrx_word' id='word_1_85' title='bbox 1103 1410 1211 1463; x_wconf 87' lang='grc' dir='ltr'><strong>τῶν</strong></span> <span class='ocrx_word' id='word_1_86' title='bbox 1239 1409 1605 1480; x_wconf 75' lang='grc' dir='ltr'>ἐγκλημάτων</span> <span class='ocrx_word' id='word_1_87' title='bbox 1624 1427 1637 1439; x_wconf 91' lang='grc'><strong>·</strong></span> <span class='ocrx_word' id='word_1_88' title='bbox 1672 1411 1826 1480; x_wconf 73' lang='lat' dir='ltr'><strong>sip-q-</strong></span> 
     </span>
    </p>
   </div>
   <div class='ocr_carea' id='block_1_15' title="bbox 253 1502 1824 1575">
    <p class='ocr_par' dir='ltr' id='par_1_15' title="bbox 253 1502 1824 1575">
     <span class='ocr_line' id='line_1_15' title="bbox 253 1502 1824 1575; baseline -0.009 -7"><span class='ocrx_word' id='word_1_89' title='bbox 253 1515 510 1566; x_wconf 77' lang='grc' dir='ltr'>νεύσειαν</span> <span class='ocrx_word' id='word_1_90' title='bbox 562 1511 619 1564; x_wconf 78' lang='grc' dir='ltr'>δὲ</span> <span class='ocrx_word' id='word_1_91' title='bbox 668 1509 718 1561; x_wconf 84' lang='grc' dir='ltr'><strong>οἱ</strong></span> <span class='ocrx_word' id='word_1_92' title='bbox 773 1505 1236 1575; x_wconf 81' lang='grc' dir='ltr'>φιλεγκλήμονες,</span> <span class='ocrx_word' id='word_1_93' title='bbox 1293 1503 1399 1556; x_wconf 67' lang='grc' dir='ltr'>,καὶ</span> <span class='ocrx_word' id='word_1_94' title='bbox 1458 1502 1824 1573; x_wconf 86' lang='grc' dir='ltr'>παθοπράται.</span> 
     </span>
    </p>
   </div>
   <div class='ocr_carea' id='block_1_16' title="bbox 260 1592 1830 1671">
    <p class='ocr_par' dir='ltr' id='par_1_16' title="bbox 260 1592 1830 1671">
     <span class='ocr_line' id='line_1_16' title="bbox 260 1592 1830 1671; baseline -0.01 -14"><span class='ocrx_word' id='word_1_95' title='bbox 260 1605 332 1657; x_wconf 81' lang='grc'><strong>’0</strong></span> <span class='ocrx_word' id='word_1_96' title='bbox 352 1621 408 1655; x_wconf 89' lang='grc' dir='ltr'><strong>τε</strong></span> <span class='ocrx_word' id='word_1_97' title='bbox 455 1598 872 1671; x_wconf 83' lang='grc' dir='ltr'>μακαριώτατος</span> <span class='ocrx_word' id='word_1_98' title='bbox 909 1595 1066 1666; x_wconf 81' lang='grc' dir='ltr'>ἡμῶν</span> <span class='ocrx_word' id='word_1_99' title='bbox 1097 1597 1285 1664; x_wconf 82' lang='grc' dir='ltr'>Πατὴρ</span> <span class='ocrx_word' id='word_1_100' title='bbox 1318 1592 1703 1656; x_wconf 76' lang='grc' dir='ltr'>ὐπακουσθεὶς,</span> <span class='ocrx_word' id='word_1_101' title='bbox 1733 1610 1830 1661; x_wconf 86' lang='grc' dir='ltr'><strong>χα-</strong></span> 
     </span>
    </p>
   </div>
   <div class='ocr_carea' id='block_1_17' title="bbox 263 1681 1831 1764">
    <p class='ocr_par' dir='ltr' id='par_1_17' title="bbox 263 1681 1831 1764">
     <span class='ocr_line' id='line_1_17' title="bbox 263 1681 1831 1764; baseline -0.007 -20"><span class='ocrx_word' id='word_1_102' title='bbox 263 1694 393 1764; x_wconf 77' lang='grc' dir='ltr'>ρίσῃ</span> <span class='ocrx_word' id='word_1_103' title='bbox 421 1694 552 1762; x_wconf 79' lang='grc' dir='ltr'>ἡμῖν</span> <span class='ocrx_word' id='word_1_104' title='bbox 577 1690 675 1752; x_wconf 87' lang='grc' dir='ltr'>τὰς</span> <span class='ocrx_word' id='word_1_105' title='bbox 707 1687 1000 1748; x_wconf 83' lang='grc' dir='ltr'>θεοκλινείς</span> <span class='ocrx_word' id='word_1_106' title='bbox 1055 1701 1147 1737; x_wconf 87' lang='grc' dir='ltr'><strong>σου</strong></span> <span class='ocrx_word' id='word_1_107' title='bbox 1191 1684 1536 1754; x_wconf 82' lang='grc' dir='ltr'>προσευχὰς,</span> <span class='ocrx_word' id='word_1_108' title='bbox 1581 1683 1702 1734; x_wconf 75' lang='grc' dir='ltr'>ἐπεὶ</span> <span class='ocrx_word' id='word_1_109' title='bbox 1742 1681 1831 1733; x_wconf 74' lang='grc' dir='ltr'>καὶ</span> 
     </span>
    </p>
   </div>
   <div class='ocr_carea' id='block_1_18' title="bbox 259 1778 983 1857">
    <p class='ocr_par' dir='ltr' id='par_1_18' title="bbox 259 1778 983 1857">
     <span class='ocr_line' id='line_1_18' title="bbox 259 1778 983 1857; baseline -0.012 -17"><span class='ocrx_word' id='word_1_110' title='bbox 259 1785 342 1857; x_wconf 83' lang='grc' dir='ltr'><strong>τῷ</strong></span> <span class='ocrx_word' id='word_1_111' title='bbox 370 1783 583 1852; x_wconf 78' lang='grc' dir='ltr'>ἀδελφῷ</span> <span class='ocrx_word' id='word_1_112' title='bbox 615 1778 983 1850; x_wconf 79' lang='grc' dir='ltr'>συγχώρησιν.</span> 
     </span>
    </p>
   </div>
   <div class='ocr_carea' id='block_1_19' title="bbox 494 1885 1587 1963">
    <p class='ocr_par' dir='ltr' id='par_1_19' title="bbox 494 1885 1587 1963">
     <span class='ocr_line' id='line_1_19' title="bbox 494 1885 1587 1963; baseline -0.007 -16"><span class='ocrx_word' id='word_1_113' title='bbox 494 1892 650 1948; x_wconf 78' lang='lat' dir='ltr'><strong>PNH’</strong></span> <span class='ocrx_word' id='word_1_114' title='bbox 687 1888 820 1963; x_wconf 79' lang='lat'><strong>(50).</strong></span> <span class='ocrx_word' id='word_1_115' title='bbox 859 1916 931 1928; x_wconf 90' lang='lat'><strong><em>—</em></strong></span> <span class='ocrx_word' id='word_1_116' title='bbox 975 1885 1222 1954; x_wconf 77' lang='grc' dir='ltr'>Ἰωάννῃ</span> <span class='ocrx_word' id='word_1_117' title='bbox 1257 1886 1587 1955; x_wconf 80' lang='grc' dir='ltr'>Σπαθαρίῳ.</span> 
     </span>
    </p>
   </div>
   <div class='ocr_carea' id='block_1_20' title="bbox 1917 666 3498 743">
    <p class='ocr_par' dir='ltr' id='par_1_20' title="bbox 1917 666 3498 743">
     <span class='ocr_line' id='line_1_20' title="bbox 1917 666 3498 743; baseline -0.007 -11"><span class='ocrx_word' id='word_1_118' title='bbox 1917 677 2198 734; x_wconf 89' lang='lat' dir='ltr'><strong>comitissa</strong></span> <span class='ocrx_word' id='word_1_119' title='bbox 2224 716 2240 742; x_wconf 91' lang='lat'><strong>,</strong></span> <span class='ocrx_word' id='word_1_120' title='bbox 2276 675 2457 729; x_wconf 85' lang='lat' dir='ltr'><strong>videre</strong></span> <span class='ocrx_word' id='word_1_121' title='bbox 2488 672 2618 743; x_wconf 91' lang='lat' dir='ltr'><strong>quid</strong></span> <span class='ocrx_word' id='word_1_122' title='bbox 2653 671 2796 726; x_wconf 85' lang='lat' dir='ltr'><strong>facto</strong></span> <span class='ocrx_word' id='word_1_123' title='bbox 2818 679 2961 726; x_wconf 88' lang='lat' dir='ltr'><strong>esset</strong></span> <span class='ocrx_word' id='word_1_124' title='bbox 3009 685 3164 739; x_wconf 87' lang='lat' dir='ltr'><strong>opus.</strong></span> <span class='ocrx_word' id='word_1_125' title='bbox 3203 666 3327 723; x_wconf 66' lang='lat' dir='ltr'><strong>Haec</strong></span> <span class='ocrx_word' id='word_1_126' title='bbox 3351 668 3498 722; x_wconf 90' lang='lat' dir='ltr'><strong>enim</strong></span> 
     </span>
    </p>
   </div>
   <div class='ocr_carea' id='block_1_21' title="bbox 1919 762 3496 832">
    <p class='ocr_par' dir='ltr' id='par_1_21' title="bbox 1919 762 3496 832">
     <span class='ocr_line' id='line_1_21' title="bbox 1919 762 3496 832; baseline -0.003 -12"><span class='ocrx_word' id='word_1_127' title='bbox 1919 767 2078 821; x_wconf 84' lang='lat' dir='ltr'><strong>ofﬁcii</strong></span> <span class='ocrx_word' id='word_1_128' title='bbox 2123 769 2210 823; x_wconf 91' lang='lat' dir='ltr'><strong>sui</strong></span> <span class='ocrx_word' id='word_1_129' title='bbox 2255 767 2426 821; x_wconf 86' lang='lat' dir='ltr'><strong>fuisse</strong></span> <span class='ocrx_word' id='word_1_130' title='bbox 2468 766 2639 828; x_wconf 89' lang='lat' dir='ltr'><strong>novit,</strong></span> <span class='ocrx_word' id='word_1_131' title='bbox 2669 773 2722 818; x_wconf 88' lang='lat' dir='ltr'><strong>et</strong></span> <span class='ocrx_word' id='word_1_132' title='bbox 2763 779 2868 818; x_wconf 91' lang='lat' dir='ltr'><strong>non</strong></span> <span class='ocrx_word' id='word_1_133' title='bbox 2901 762 3074 826; x_wconf 86' lang='lat' dir='ltr'><strong>aliud,</strong></span> <span class='ocrx_word' id='word_1_134' title='bbox 3129 771 3184 816; x_wconf 90' lang='lat' dir='ltr'><strong>et</strong></span> <span class='ocrx_word' id='word_1_135' title='bbox 3220 775 3496 832; x_wconf 83' lang='lat' dir='ltr'><strong>magnasa</strong></span> 
     </span>
    </p>
   </div>
   <div class='ocr_carea' id='block_1_22' title="bbox 1923 854 3500 929">
    <p class='ocr_par' dir='ltr' id='par_1_22' title="bbox 1923 854 3500 929">
     <span class='ocr_line' id='line_1_22' title="bbox 1923 854 3500 929; baseline -0.001 -18"><span class='ocrx_word' id='word_1_136' title='bbox 1923 860 2056 914; x_wconf 89' lang='lat' dir='ltr'><strong>viris</strong></span> <span class='ocrx_word' id='word_1_137' title='bbox 2093 875 2258 929; x_wconf 84' lang='lat' dir='ltr'><strong>supra</strong></span> <span class='ocrx_word' id='word_1_138' title='bbox 2280 857 2615 920; x_wconf 81' lang='lat' dir='ltr'><strong>memoratis,</strong></span> <span class='ocrx_word' id='word_1_139' title='bbox 2651 867 2709 910; x_wconf 90' lang='lat' dir='ltr'><strong>ut</strong></span> <span class='ocrx_word' id='word_1_140' title='bbox 2755 856 2870 924; x_wconf 90' lang='lat' dir='ltr'><strong>ipse</strong></span> <span class='ocrx_word' id='word_1_141' title='bbox 2917 855 3123 919; x_wconf 85' lang='lat' dir='ltr'><strong>audivi,</strong></span> <span class='ocrx_word' id='word_1_142' title='bbox 3171 854 3358 909; x_wconf 83' lang='lat' dir='ltr'><strong>laudes</strong></span> <span class='ocrx_word' id='word_1_143' title='bbox 3410 869 3500 908; x_wconf 88' lang='lat' dir='ltr'><strong>re-</strong></span> 
     </span>
    </p>
   </div>
   <div class='ocr_carea' id='block_1_23' title="bbox 1926 945 3503 1028">
    <p class='ocr_par' dir='ltr' id='par_1_23' title="bbox 1926 945 3503 1028">
     <span class='ocr_line' id='line_1_23' title="bbox 1926 945 3503 1028; baseline -0.002 -25"><span class='ocrx_word' id='word_1_144' title='bbox 1926 952 2047 1006; x_wconf 86' lang='lat' dir='ltr'><strong>tulit</strong></span> <span class='ocrx_word' id='word_1_145' title='bbox 2089 953 2256 1006; x_wconf 81' lang='lat' dir='ltr'><strong>frater</strong></span> <span class='ocrx_word' id='word_1_146' title='bbox 2299 951 2546 1006; x_wconf 88' lang='lat' dir='ltr'><strong>Erastus.</strong></span> <span class='ocrx_word' id='word_1_147' title='bbox 2589 948 2940 1028; x_wconf 37' lang='lat' dir='ltr'><strong>Ncn‘igitur,</strong></span> <span class='ocrx_word' id='word_1_148' title='bbox 2973 948 3058 1003; x_wconf 89' lang='lat' dir='ltr'><strong>vir</strong></span> <span class='ocrx_word' id='word_1_149' title='bbox 3102 954 3312 1028; x_wconf 82' lang='lat' dir='ltr'><strong>sancte,</strong></span> <span class='ocrx_word' id='word_1_150' title='bbox 3353 945 3503 1016; x_wconf 85' lang='lat' dir='ltr'><strong>quod</strong></span> 
     </span>
    </p>
   </div>
   <div class='ocr_carea' id='block_1_24' title="bbox 1923 1022 3504 1110">
    <p class='ocr_par' dir='ltr' id='par_1_24' title="bbox 1923 1022 3504 1110">
     <span class='ocr_line' id='line_1_24' title="bbox 1923 1022 3504 1110; baseline -0.005 -12"><span class='ocrx_word' id='word_1_151' title='bbox 1923 1044 2211 1098; x_wconf 61' lang='lat' dir='ltr'><strong>discordiae</strong></span> <span class='ocrx_word' id='word_1_152' title='bbox 2244 1044 2348 1098; x_wconf 91' lang='lat' dir='ltr'><strong>illis</strong></span> <span class='ocrx_word' id='word_1_153' title='bbox 2373 1044 2422 1098; x_wconf 91' lang='lat' dir='ltr'><strong>in</strong></span> <span class='ocrx_word' id='word_1_154' title='bbox 2455 1044 2591 1098; x_wconf 91' lang='lat' dir='ltr'><strong>locis</strong></span> <span class='ocrx_word' id='word_1_155' title='bbox 2629 1022 2746 1110; x_wconf 75' lang='lat' dir='ltr'><strong>ipse</strong></span> <span class='ocrx_word' id='word_1_156' title='bbox 2769 1049 2959 1094; x_wconf 86' lang='lat' dir='ltr'><strong>auctor</strong></span> <span class='ocrx_word' id='word_1_157' title='bbox 3005 1038 3190 1101; x_wconf 88' lang='lat' dir='ltr'><strong>fuerit,</strong></span> <span class='ocrx_word' id='word_1_158' title='bbox 3239 1025 3335 1093; x_wconf 85' lang='lat' dir='ltr'><strong>sed</strong></span> <span class='ocrx_word' id='word_1_159' title='bbox 3375 1051 3504 1106; x_wconf 84' lang='lat' dir='ltr'><strong>pro-</strong></span> 
     </span>
    </p>
   </div>
   <div class='ocr_carea' id='block_1_25' title="bbox 1925 1129 3501 1204">
    <p class='ocr_par' dir='ltr' id='par_1_25' title="bbox 1925 1129 3501 1204">
     <span class='ocr_line' id='line_1_25' title="bbox 1925 1129 3501 1204; baseline -0.004 -16"><span class='ocrx_word' id='word_1_160' title='bbox 1925 1143 2044 1204; x_wconf 85' lang='lat' dir='ltr'><strong>pter</strong></span> <span class='ocrx_word' id='word_1_161' title='bbox 2091 1149 2340 1204; x_wconf 87' lang='lat' dir='ltr'><strong>perversa</strong></span> <span class='ocrx_word' id='word_1_162' title='bbox 2371 1134 2653 1197; x_wconf 89' lang='lat' dir='ltr'><strong>scandala,</strong></span> <span class='ocrx_word' id='word_1_163' title='bbox 2685 1131 2830 1186; x_wconf 84' lang='lat' dir='ltr'><strong>vetui</strong></span> <span class='ocrx_word' id='word_1_164' title='bbox 2867 1147 2934 1186; x_wconf 92' lang='lat' dir='ltr'><strong>ne</strong></span> <span class='ocrx_word' id='word_1_165' title='bbox 2964 1129 3133 1185; x_wconf 86' lang='lat' dir='ltr'><strong>frater</strong></span> <span class='ocrx_word' id='word_1_166' title='bbox 3163 1129 3501 1200; x_wconf 85' lang='lat' dir='ltr'><strong>palinodiam</strong></span> 
     </span>
    </p>
   </div>
   <div class='ocr_carea' id='block_1_26' title="bbox 1926 1221 3505 1292">
    <p class='ocr_par' dir='ltr' id='par_1_26' title="bbox 1926 1221 3505 1292">
     <span class='ocr_line' id='line_1_26' title="bbox 1926 1221 3505 1292; baseline -0.005 -11"><span class='ocrx_word' id='word_1_167' title='bbox 1926 1235 2145 1281; x_wconf 89' lang='lat' dir='ltr'><strong>caneret</strong></span> <span class='ocrx_word' id='word_1_168' title='bbox 2169 1244 2183 1292; x_wconf 93' lang='lat'><strong>;</strong></span> <span class='ocrx_word' id='word_1_169' title='bbox 2211 1235 2270 1282; x_wconf 89' lang='lat' dir='ltr'><strong>ut</strong></span> <span class='ocrx_word' id='word_1_170' title='bbox 2293 1237 2347 1282; x_wconf 89' lang='lat' dir='ltr'><strong>et</strong></span> <span class='ocrx_word' id='word_1_171' title='bbox 2368 1234 2658 1281; x_wconf 82' lang='lat' dir='ltr'><strong>accusatus</strong></span> <span class='ocrx_word' id='word_1_172' title='bbox 2706 1223 3020 1278; x_wconf 73' lang='lat' dir='ltr'><strong>absolvatur</strong></span> <span class='ocrx_word' id='word_1_173' title='bbox 3067 1221 3419 1285; x_wconf 84' lang='lat' dir='ltr'><strong>criminibus,</strong></span> <span class='ocrx_word' id='word_1_174' title='bbox 3450 1230 3505 1274; x_wconf 90' lang='lat' dir='ltr'><strong>et</strong></span> 
     </span>
    </p>
   </div>
   <div class='ocr_carea' id='block_1_27' title="bbox 1928 1313 3492 1390">
    <p class='ocr_par' dir='ltr' id='par_1_27' title="bbox 1928 1313 3492 1390">
     <span class='ocr_line' id='line_1_27' title="bbox 1928 1313 3492 1390; baseline -0.003 -18"><span class='ocrx_word' id='word_1_175' title='bbox 1928 1319 2214 1388; x_wconf 89' lang='lat' dir='ltr'><strong>quiescant</strong></span> <span class='ocrx_word' id='word_1_176' title='bbox 2236 1320 2329 1390; x_wconf 89' lang='lat' dir='ltr'><strong>qui</strong></span> <span class='ocrx_word' id='word_1_177' title='bbox 2354 1319 2763 1375; x_wconf 85' lang='lat' dir='ltr'><strong>criminationes</strong></span> <span class='ocrx_word' id='word_1_178' title='bbox 2789 1327 2991 1380; x_wconf 90' lang='lat' dir='ltr'><strong>amant,</strong></span> <span class='ocrx_word' id='word_1_179' title='bbox 3012 1324 3063 1368; x_wconf 91' lang='lat' dir='ltr'><strong>et</strong></span> <span class='ocrx_word' id='word_1_180' title='bbox 3087 1315 3214 1368; x_wconf 89' lang='lat' dir='ltr'><strong>vitia</strong></span> <span class='ocrx_word' id='word_1_181' title='bbox 3233 1313 3492 1368; x_wconf 87' lang='lat' dir='ltr'><strong>vendunt.</strong></span> 
     </span>
    </p>
   </div>
   <div class='ocr_carea' id='block_1_28' title="bbox 1929 1406 3503 1479">
    <p class='ocr_par' dir='ltr' id='par_1_28' title="bbox 1929 1406 3503 1479">
     <span class='ocr_line' id='line_1_28' title="bbox 1929 1406 3503 1479; baseline -0.004 -15"><span class='ocrx_word' id='word_1_182' title='bbox 1929 1411 2121 1479; x_wconf 89' lang='lat' dir='ltr'><strong>Tuque</strong></span> <span class='ocrx_word' id='word_1_183' title='bbox 2168 1411 2517 1466; x_wconf 80' lang='lat' dir='ltr'><strong>beatissimus</strong></span> <span class='ocrx_word' id='word_1_184' title='bbox 2553 1409 2712 1464; x_wconf 90' lang='lat' dir='ltr'><strong>Pater</strong></span> <span class='ocrx_word' id='word_1_185' title='bbox 2747 1422 2934 1462; x_wconf 87' lang='lat' dir='ltr'><strong>noster</strong></span> <span class='ocrx_word' id='word_1_186' title='bbox 2971 1407 3056 1462; x_wconf 89' lang='lat' dir='ltr'><strong>his</strong></span> <span class='ocrx_word' id='word_1_187' title='bbox 3083 1406 3282 1460; x_wconf 88' lang='lat' dir='ltr'><strong>auditis</strong></span> <span class='ocrx_word' id='word_1_188' title='bbox 3314 1418 3503 1474; x_wconf 87' lang='lat' dir='ltr'><strong>preces</strong></span> 
     </span>
    </p>
   </div>
   <div class='ocr_carea' id='block_1_29' title="bbox 1933 1497 3500 1573">
    <p class='ocr_par' dir='ltr' id='par_1_29' title="bbox 1933 1497 3500 1573">
     <span class='ocr_line' id='line_1_29' title="bbox 1933 1497 3500 1573; baseline -0.006 -12"><span class='ocrx_word' id='word_1_189' title='bbox 1933 1517 2054 1561; x_wconf 89' lang='lat' dir='ltr'><strong>tuas</strong></span> <span class='ocrx_word' id='word_1_190' title='bbox 2110 1504 2277 1560; x_wconf 89' lang='lat' dir='ltr'><strong>Deum</strong></span> <span class='ocrx_word' id='word_1_191' title='bbox 2331 1505 2667 1559; x_wconf 84' lang='lat' dir='ltr'><strong>inﬂectentes</strong></span> <span class='ocrx_word' id='word_1_192' title='bbox 2713 1501 2964 1573; x_wconf 80' lang='lat' dir='ltr'><strong>largiaris</strong></span> <span class='ocrx_word' id='word_1_193' title='bbox 3021 1501 3204 1564; x_wconf 87' lang='lat' dir='ltr'><strong>nobis,</strong></span> <span class='ocrx_word' id='word_1_194' title='bbox 3235 1509 3290 1554; x_wconf 86' lang='lat' dir='ltr'><strong>et</strong></span> <span class='ocrx_word' id='word_1_195' title='bbox 3341 1497 3500 1553; x_wconf 77' lang='lat' dir='ltr'><strong>fratri</strong></span> 
     </span>
    </p>
   </div>
   <div class='ocr_carea' id='block_1_30' title="bbox 1931 1613 2146 1652">
    <p class='ocr_par' dir='ltr' id='par_1_30' title="bbox 1931 1613 2146 1652">
     <span class='ocr_line' id='line_1_30' title="bbox 1931 1613 2146 1652; baseline -0.009 0"><span class='ocrx_word' id='word_1_196' title='bbox 1931 1613 2146 1652; x_wconf 80' lang='lat' dir='ltr'><strong>veniam</strong></span> 
     </span>
    </p>
   </div>
   <div class='ocr_carea' id='block_1_31' title="bbox 2251 1889 3184 1959">
    <p class='ocr_par' dir='ltr' id='par_1_31' title="bbox 2251 1889 3184 1959">
     <span class='ocr_line' id='line_1_31' title="bbox 2251 1889 3184 1959; baseline -0.006 -12"><span class='ocrx_word' id='word_1_197' title='bbox 2251 1890 2454 1947; x_wconf 82' lang='lat' dir='ltr'>CLVIII</span> <span class='ocrx_word' id='word_1_198' title='bbox 2466 1921 2550 1945; x_wconf 90' lang='lat'><strong>.-—</strong></span> <span class='ocrx_word' id='word_1_199' title='bbox 2565 1889 2765 1944; x_wconf 76' lang='lat' dir='ltr'><strong>Joanni</strong></span> <span class='ocrx_word' id='word_1_200' title='bbox 2795 1889 3078 1959; x_wconf 83' lang='lat' dir='ltr'><strong>Spathario</strong></span> <span class='ocrx_word' id='word_1_201' title='bbox 3096 1889 3184 1957; x_wconf 68' lang='grc'>(⁸).</span> 
     </span>
    </p>
   </div>
   <div class='ocr_carea' id='block_1_32' title="bbox 748 1992 2921 2073">
    <p class='ocr_par' dir='ltr' id='par_1_32' title="bbox 748 1992 2921 2073">
     <span class='ocr_line' id='line_1_32' title="bbox 748 1992 2921 2073; baseline -0.002 -21"><span class='ocrx_word' id='word_1_202' title='bbox 748 2069 752 2073; x_wconf 25' lang='grc'><strong><em>¹</em></strong></span> <span class='ocrx_word' id='word_1_203' title='bbox 848 2001 922 2052; x_wconf 89' lang='lat' dir='ltr'><strong>De</strong></span> <span class='ocrx_word' id='word_1_204' title='bbox 954 1998 1244 2062; x_wconf 85' lang='lat' dir='ltr'><strong>Theologia,</strong></span> <span class='ocrx_word' id='word_1_205' title='bbox 1272 2003 1326 2048; x_wconf 89' lang='lat' dir='ltr'><strong>et</strong></span> <span class='ocrx_word' id='word_1_206' title='bbox 1348 1999 1411 2048; x_wconf 90' lang='lat' dir='ltr'><strong>de</strong></span> <span class='ocrx_word' id='word_1_207' title='bbox 1435 1996 1596 2048; x_wconf 85' lang='lat' dir='ltr'><strong>divina</strong></span> <span class='ocrx_word' id='word_1_208' title='bbox 1615 1996 1969 2058; x_wconf 86' lang='lat' dir='ltr'><strong>incarnatione,</strong></span> <span class='ocrx_word' id='word_1_209' title='bbox 2003 2009 2055 2052; x_wconf 88' lang='lat' dir='ltr'><strong>et</strong></span> <span class='ocrx_word' id='word_1_210' title='bbox 2079 1992 2144 2051; x_wconf 85' lang='lat' dir='ltr'><strong>de</strong></span> <span class='ocrx_word' id='word_1_211' title='bbox 2166 2000 2345 2051; x_wconf 82' lang='lat' dir='ltr'><strong>sanctis</strong></span> <span class='ocrx_word' id='word_1_212' title='bbox 2365 2013 2421 2049; x_wconf 90' lang='lat' dir='ltr'><strong>ac</strong></span> <span class='ocrx_word' id='word_1_213' title='bbox 2440 1999 2590 2049; x_wconf 88' lang='lat' dir='ltr'><strong>sacris</strong></span> <span class='ocrx_word' id='word_1_214' title='bbox 2610 1998 2921 2062; x_wconf 80' lang='lat' dir='ltr'><strong>imaginibus.</strong></span> 
     </span>
    </p>
   </div>
   <div class='ocr_carea' id='block_1_33' title="bbox 342 2108 1845 2183">
    <p class='ocr_par' dir='ltr' id='par_1_33' title="bbox 342 2111 1835 2183">
     <span class='ocr_line' id='line_1_33' title="bbox 342 2111 1835 2183; baseline -0.004 -12"><span class='ocrx_word' id='word_1_215' title='bbox 342 2116 416 2171; x_wconf 87' lang='grc' dir='ltr'>Τὸ</span> <span class='ocrx_word' id='word_1_216' title='bbox 465 2113 797 2183; x_wconf 67' lang='grc' dir='ltr'>Εὐαγγέλιω</span> <span class='ocrx_word' id='word_1_217' title='bbox 846 2111 946 2182; x_wconf 85' lang='grc' dir='ltr'>τῆς</span> <span class='ocrx_word' id='word_1_218' title='bbox 1001 2111 1274 2181; x_wconf 80' lang='grc' dir='ltr'>σωτηρίας</span> <span class='ocrx_word' id='word_1_219' title='bbox 1321 2111 1414 2164; x_wconf 86' lang='grc' dir='ltr'><strong>τοῦ</strong></span> <span class='ocrx_word' id='word_1_220' title='bbox 1472 2111 1835 2182; x_wconf 82' lang='grc' dir='ltr'>εὐλογημένου</span> 
     </span>
    </p>
   </div>
   <div class='ocr_carea' id='block_1_34' title="bbox 1948 2108 3510 2183">
    <p class='ocr_par' dir='ltr' id='par_1_34' title="bbox 2012 2108 3510 2177">
     <span class='ocr_line' id='line_1_34' title="bbox 2012 2108 3510 2177; baseline -0.005 -9"><span class='ocrx_word' id='word_1_221' title='bbox 2012 2113 2247 2168; x_wconf 86' lang='lat' dir='ltr'><strong>Faustus</strong></span> <span class='ocrx_word' id='word_1_222' title='bbox 2280 2114 2348 2169; x_wconf 89' lang='lat' dir='ltr'><strong>de</strong></span> <span class='ocrx_word' id='word_1_223' title='bbox 2381 2113 2558 2169; x_wconf 84' lang='lat' dir='ltr'><strong>salute</strong></span> <span class='ocrx_word' id='word_1_224' title='bbox 2593 2111 2866 2168; x_wconf 87' lang='lat' dir='ltr'><strong>benedicti</strong></span> <span class='ocrx_word' id='word_1_225' title='bbox 2897 2110 3102 2165; x_wconf 92' lang='lat' dir='ltr'><strong>domini</strong></span> <span class='ocrx_word' id='word_1_226' title='bbox 3153 2109 3258 2163; x_wconf 89' lang='lat' dir='ltr'><strong>mei</strong></span> <span class='ocrx_word' id='word_1_227' title='bbox 3304 2117 3360 2162; x_wconf 82' lang='lat' dir='ltr'><strong>et</strong></span> <span class='ocrx_word' id='word_1_228' title='bbox 3395 2108 3510 2177; x_wconf 81' lang='lat' dir='ltr'><strong>spi-</strong></span> 
     </span>
    </p>
   </div>
   <div class='ocr_carea' id='block_1_35' title="bbox 271 2203 1838 2282">
    <p class='ocr_par' dir='ltr' id='par_1_35' title="bbox 271 2203 1838 2282">
     <span class='ocr_line' id='line_1_35' title="bbox 271 2203 1838 2282; baseline -0.004 -18"><span class='ocrx_word' id='word_1_229' title='bbox 271 2227 377 2282; x_wconf 84' lang='grc' dir='ltr'><strong>μου</strong></span> <span class='ocrx_word' id='word_1_230' title='bbox 410 2209 672 2263; x_wconf 78' lang='grc' dir='ltr'>δεσπότου</span> <span class='ocrx_word' id='word_1_231' title='bbox 705 2204 796 2261; x_wconf 81' lang='grc' dir='ltr'><strong>καὶ</strong></span> <span class='ocrx_word' id='word_1_232' title='bbox 835 2205 1207 2275; x_wconf 80' lang='grc' dir='ltr'>πνευματικοῦ</span> <span class='ocrx_word' id='word_1_233' title='bbox 1233 2203 1466 2273; x_wconf 75' lang='grc' dir='ltr'>ἀδελφοῦ</span> <span class='ocrx_word' id='word_1_234' title='bbox 1492 2205 1584 2257; x_wconf 79' lang='grc' dir='ltr'><strong>καὶ</strong></span> <span class='ocrx_word' id='word_1_235' title='bbox 1612 2205 1719 2274; x_wconf 89' lang='grc' dir='ltr'><strong>πρὸ</strong></span> <span class='ocrx_word' id='word_1_236' title='bbox 1744 2204 1838 2257; x_wconf 88' lang='grc' dir='ltr'><strong>τοῦ</strong></span> 
     </span>
    </p>
   </div>
   <div class='ocr_carea' id='block_1_36' title="bbox 267 2295 1841 2372">
    <p class='ocr_par' dir='ltr' id='par_1_36' title="bbox 267 2295 1841 2372">
     <span class='ocr_line' id='line_1_36' title="bbox 267 2295 1841 2372; baseline -0.005 -16"><span class='ocrx_word' id='word_1_237' title='bbox 267 2303 602 2372; x_wconf 80' lang='grc' dir='ltr'>γράμματος</span> <span class='ocrx_word' id='word_1_238' title='bbox 632 2296 1000 2366; x_wconf 83' lang='grc' dir='ltr'>άπαγγελθὲν,</span> <span class='ocrx_word' id='word_1_239' title='bbox 1039 2295 1417 2366; x_wconf 79' lang='grc' dir='ltr'>ἧδυνεν’ἡμῶν</span> <span class='ocrx_word' id='word_1_240' title='bbox 1446 2296 1542 2354; x_wconf 85' lang='grc' dir='ltr'>τὰς</span> <span class='ocrx_word' id='word_1_241' title='bbox 1578 2297 1841 2360; x_wconf 87' lang='grc' dir='ltr'>ταπεινὰς</span> 
     </span>
    </p>
   </div>
   <div class='ocr_carea' id='block_1_37' title="bbox 274 2385 1840 2465">
    <p class='ocr_par' dir='ltr' id='par_1_37' title="bbox 274 2385 1840 2465">
     <span class='ocr_line' id='line_1_37' title="bbox 274 2385 1840 2465; baseline -0.007 -17"><span class='ocrx_word' id='word_1_242' title='bbox 274 2393 532 2465; x_wconf 82' lang='grc' dir='ltr'>καρδίας·</span> <span class='ocrx_word' id='word_1_243' title='bbox 577 2392 698 2444; x_wconf 69' lang='grc' dir='ltr'>ἐπεὶ</span> <span class='ocrx_word' id='word_1_244' title='bbox 728 2390 786 2443; x_wconf 83' lang='grc' dir='ltr'>δὲ</span> <span class='ocrx_word' id='word_1_245' title='bbox 820 2389 914 2442; x_wconf 81' lang='grc' dir='ltr'><strong>καὶ</strong></span> <span class='ocrx_word' id='word_1_246' title='bbox 943 2386 1256 2455; x_wconf 78' lang='grc' dir='ltr'>ἀνεγνώσθη</span> <span class='ocrx_word' id='word_1_247' title='bbox 1285 2428 1299 2452; x_wconf 90' lang='grc'><strong>,</strong></span> <span class='ocrx_word' id='word_1_248' title='bbox 1341 2386 1559 2448; x_wconf 80' lang='grc' dir='ltr'>τελείως</span> <span class='ocrx_word' id='word_1_249' title='bbox 1603 2385 1840 2457; x_wconf 81' lang='grc' dir='ltr'>εὐφρανε</span> 
     </span>
    </p>
   </div>
   <div class='ocr_carea' id='block_1_38' title="bbox 272 2478 1840 2556">
    <p class='ocr_par' dir='ltr' id='par_1_38' title="bbox 272 2478 1840 2556">
     <span class='ocr_line' id='line_1_38' title="bbox 272 2478 1840 2556; baseline -0.008 -15"><span class='ocrx_word' id='word_1_250' title='bbox 272 2489 370 2541; x_wconf 77' lang='grc' dir='ltr'><strong>καὶ</strong></span> <span class='ocrx_word' id='word_1_251' title='bbox 397 2485 757 2556; x_wconf 74' lang='grc' dir='ltr'>ὶχαροποίησε</span> <span class='ocrx_word' id='word_1_252' title='bbox 781 2499 794 2512; x_wconf 90' lang='grc'><strong>·</strong></span> <span class='ocrx_word' id='word_1_253' title='bbox 831 2482 924 2534; x_wconf 79' lang='grc' dir='ltr'><strong>καὶ</strong></span> <span class='ocrx_word' id='word_1_254' title='bbox 950 2479 1048 2549; x_wconf 82' lang='grc' dir='ltr'>οὐχ</span> <span class='ocrx_word' id='word_1_255' title='bbox 1079 2480 1226 2548; x_wconf 76' lang='grc' dir='ltr'>ἡμᾶς</span> <span class='ocrx_word' id='word_1_256' title='bbox 1272 2478 1628 2547; x_wconf 78' lang='grc' dir='ltr'>μόνουςτούς</span> <span class='ocrx_word' id='word_1_257' title='bbox 1658 2480 1840 2548; x_wconf 78' lang='grc' dir='ltr'>ἁμαρ‹</span> 
     </span>
    </p>
   </div>
   <div class='ocr_carea' id='block_1_39' title="bbox 273 2567 1841 2638">
    <p class='ocr_par' dir='ltr' id='par_1_39' title="bbox 273 2567 1841 2638">
     <span class='ocr_line' id='line_1_39' title="bbox 273 2567 1841 2638; baseline -0.008 -8"><span class='ocrx_word' id='word_1_258' title='bbox 273 2575 502 2638; x_wconf 82' lang='grc' dir='ltr'>τωλοὺς,</span> <span class='ocrx_word' id='word_1_259' title='bbox 544 2572 679 2626; x_wconf 80' lang='grc' dir='ltr'>ἀλλὰ</span> <span class='ocrx_word' id='word_1_260' title='bbox 721 2573 815 2624; x_wconf 80' lang='grc' dir='ltr'><strong>καὶ</strong></span> <span class='ocrx_word' id='word_1_261' title='bbox 858 2570 954 2632; x_wconf 83' lang='grc' dir='ltr'>τὰς</span> <span class='ocrx_word' id='word_1_262' title='bbox 1002 2567 1301 2637; x_wconf 77' lang='grc' dir='ltr'>ἁγγελικὰς</span> <span class='ocrx_word' id='word_1_263' title='bbox 1349 2567 1631 2636; x_wconf 87' lang='grc' dir='ltr'>δυνάμεις·</span> <span class='ocrx_word' id='word_1_264' title='bbox 1684 2568 1841 2638; x_wconf 83' lang='grc' dir='ltr'>εἴπερ</span> 
     </span>
    </p>
   </div>
   <div class='ocr_carea' id='block_1_40' title="bbox 274 2659 1843 2736">
    <p class='ocr_par' dir='ltr' id='par_1_40' title="bbox 274 2659 1843 2736">
     <span class='ocr_line' id='line_1_40' title="bbox 274 2659 1843 2736; baseline -0.006 -16"><span class='ocrx_word' id='word_1_265' title='bbox 274 2667 363 2736; x_wconf 74' lang='grc' dir='ltr'><strong>ἐφ’</strong></span> <span class='ocrx_word' id='word_1_266' title='bbox 387 2668 469 2720; x_wconf 67' lang='grc' dir='ltr'>έν).</span> <span class='ocrx_word' id='word_1_267' title='bbox 490 2663 758 2736; x_wconf 80' lang='grc' dir='ltr'>ἀνθρώπῳ</span> <span class='ocrx_word' id='word_1_268' title='bbox 795 2659 1142 2732; x_wconf 79' lang='grc' dir='ltr'>μετανοοῦντι</span> <span class='ocrx_word' id='word_1_269' title='bbox 1168 2659 1311 2730; x_wconf 83' lang='grc' dir='ltr'>χαρὰ</span> <span class='ocrx_word' id='word_1_270' title='bbox 1339 2662 1395 2712; x_wconf 85' lang='grc' dir='ltr'>ὲν</span> <span class='ocrx_word' id='word_1_271' title='bbox 1423 2664 1670 2730; x_wconf 79' lang='grc' dir='ltr'>οὐρανοῖς</span> <span class='ocrx_word' id='word_1_272' title='bbox 1699 2661 1843 2728; x_wconf 82' lang='grc' dir='ltr'>γίνε-</span> 
     </span>
    </p>
   </div>
   <div class='ocr_carea' id='block_1_41' title="bbox 275 2750 1845 2827">
    <p class='ocr_par' dir='ltr' id='par_1_41' title="bbox 275 2750 1845 2827">
     <span class='ocr_line' id='line_1_41' title="bbox 275 2750 1845 2827; baseline -0.007 -13"><span class='ocrx_word' id='word_1_273' title='bbox 275 2777 390 2824; x_wconf 86' lang='grc' dir='ltr'>ται,</span> <span class='ocrx_word' id='word_1_274' title='bbox 420 2761 560 2812; x_wconf 85' lang='grc' dir='ltr'>κατὰ</span> <span class='ocrx_word' id='word_1_275' title='bbox 591 2757 661 2810; x_wconf 84' lang='grc' dir='ltr'><strong>τά</strong></span> <span class='ocrx_word' id='word_1_276' title='bbox 686 2756 809 2827; x_wconf 81' lang='grc' dir='ltr'>ίερὰ</span> <span class='ocrx_word' id='word_1_277' title='bbox 853 2753 1036 2821; x_wconf 80' lang='grc' dir='ltr'>λόγια.</span> <span class='ocrx_word' id='word_1_278' title='bbox 1075 2752 1212 2805; x_wconf 87' lang='grc' dir='ltr'>Ἀλλ’</span> <span class='ocrx_word' id='word_1_279' title='bbox 1249 2750 1540 2826; x_wconf 73' lang='grc' dir='ltr'>εὐλογητὸς</span> <span class='ocrx_word' id='word_1_280' title='bbox 1568 2754 1596 2804; x_wconf 89' lang='lat'><strong>6</strong></span> <span class='ocrx_word' id='word_1_281' title='bbox 1619 2751 1750 2814; x_wconf 76' lang='grc' dir='ltr'>Θεὸς</span> <span class='ocrx_word' id='word_1_282' title='bbox 1788 2751 1845 2812; x_wconf 84' lang='grc' dir='ltr'>ὃς</span> 
     </span>
    </p>
   </div>
   <div class='ocr_carea' id='block_1_42' title="bbox 276 2845 1844 2920">
    <p class='ocr_par' dir='ltr' id='par_1_42' title="bbox 276 2845 1844 2920">
     <span class='ocr_line' id='line_1_42' title="bbox 276 2845 1844 2920; baseline -0.006 -15"><span class='ocrx_word' id='word_1_283' title='bbox 276 2853 379 2905; x_wconf 92' lang='grc' dir='ltr'><strong>οὐκ</strong></span> <span class='ocrx_word' id='word_1_284' title='bbox 407 2852 554 2905; x_wconf 76' lang='grc' dir='ltr'>εἴασε</span> <span class='ocrx_word' id='word_1_285' title='bbox 583 2849 683 2920; x_wconf 80' lang='grc' dir='ltr'><strong>τὴν</strong></span> <span class='ocrx_word' id='word_1_286' title='bbox 711 2847 1002 2919; x_wconf 86' lang='grc' dir='ltr'>τιμιότητά</span> <span class='ocrx_word' id='word_1_287' title='bbox 1033 2863 1126 2900; x_wconf 91' lang='grc' dir='ltr'><strong>σου</strong></span> <span class='ocrx_word' id='word_1_288' title='bbox 1151 2845 1254 2908; x_wconf 82' lang='grc' dir='ltr'>’έως</span> <span class='ocrx_word' id='word_1_289' title='bbox 1283 2845 1470 2907; x_wconf 84' lang='grc' dir='ltr'>τέλους</span> <span class='ocrx_word' id='word_1_290' title='bbox 1495 2845 1844 2914; x_wconf 83' lang='grc' dir='ltr'>συναπαχθῆ-</span> 
     </span>
    </p>
   </div>
   <div class='ocr_carea' id='block_1_43' title="bbox 279 2937 1847 3016">
    <p class='ocr_par' dir='ltr' id='par_1_43' title="bbox 279 2937 1847 3016">
     <span class='ocr_line' id='line_1_43' title="bbox 279 2937 1847 3016; baseline -0.007 -15"><span class='ocrx_word' id='word_1_291' title='bbox 279 2965 368 3001; x_wconf 89' lang='grc' dir='ltr'><strong>ναι</strong></span> <span class='ocrx_word' id='word_1_292' title='bbox 406 2949 473 3016; x_wconf 77' lang='grc' dir='ltr'>τῇ</span> <span class='ocrx_word' id='word_1_293' title='bbox 508 2944 722 3015; x_wconf 84' lang='grc' dir='ltr'>πονηρᾷ</span> <span class='ocrx_word' id='word_1_294' title='bbox 755 2941 965 3013; x_wconf 80' lang='grc' dir='ltr'>αἱρέσει</span> <span class='ocrx_word' id='word_1_295' title='bbox 1003 2941 1111 2992; x_wconf 88' lang='grc' dir='ltr'><strong>τῶν</strong></span> <span class='ocrx_word' id='word_1_296' title='bbox 1137 2939 1563 3008; x_wconf 74' lang='grc' dir='ltr'>Χριστομάχωνο</span> <span class='ocrx_word' id='word_1_297' title='bbox 1595 2937 1730 2990; x_wconf 76' lang='grc' dir='ltr'>ἀλλὰ</span> <span class='ocrx_word' id='word_1_298' title='bbox 1761 2938 1847 2990; x_wconf 74' lang='grc' dir='ltr'><strong>διὰ</strong></span> 
     </span>
    </p>
   </div>
   <div class='ocr_carea' id='block_1_44' title="bbox 279 3029 1847 3109">
    <p class='ocr_par' dir='ltr' id='par_1_44' title="bbox 279 3029 1847 3109">
     <span class='ocr_line' id='line_1_44' title="bbox 279 3029 1847 3109; baseline -0.008 -17"><span class='ocrx_word' id='word_1_299' title='bbox 279 3041 379 3109; x_wconf 82' lang='grc' dir='ltr'>τῆς</span> <span class='ocrx_word' id='word_1_300' title='bbox 405 3038 574 3107; x_wconf 80' lang='grc' dir='ltr'>καλῆς</span> <span class='ocrx_word' id='word_1_301' title='bbox 607 3037 701 3088; x_wconf 81' lang='grc' dir='ltr'>καὶ</span> <span class='ocrx_word' id='word_1_302' title='bbox 724 3033 1001 3104; x_wconf 85' lang='grc' dir='ltr'>μακαρίας</span> <span class='ocrx_word' id='word_1_303' title='bbox 1036 3029 1300 3100; x_wconf 89' lang='grc' dir='ltr'>θυγατρὸς</span> <span class='ocrx_word' id='word_1_304' title='bbox 1327 3029 1662 3099; x_wconf 69' lang='grc' dir='ltr'>ἐπέστρεψεν</span> <span class='ocrx_word' id='word_1_305' title='bbox 1689 3030 1767 3090; x_wconf 81' lang='grc' dir='ltr'><strong>εἰς</strong></span> <span class='ocrx_word' id='word_1_306' title='bbox 1790 3032 1847 3080; x_wconf 89' lang='grc' dir='ltr'><strong>τὸ</strong></span> 
     </span>
    </p>
   </div>
   <div class='ocr_carea' id='block_1_45' title="bbox 282 3119 1846 3200">
    <p class='ocr_par' dir='ltr' id='par_1_45' title="bbox 282 3119 1846 3200">
     <span class='ocr_line' id='line_1_45' title="bbox 282 3119 1846 3200; baseline -0.009 -15"><span class='ocrx_word' id='word_1_307' title='bbox 282 3131 399 3200; x_wconf 84' lang='grc' dir='ltr'>φῶς</span> <span class='ocrx_word' id='word_1_308' title='bbox 446 3130 544 3199; x_wconf 83' lang='grc' dir='ltr'>τῆς</span> <span class='ocrx_word' id='word_1_309' title='bbox 575 3127 853 3195; x_wconf 85' lang='grc' dir='ltr'>ἀληθείας.</span> <span class='ocrx_word' id='word_1_310' title='bbox 902 3124 1011 3177; x_wconf 68' lang='grc' dir='ltr'>Καὶ</span> <span class='ocrx_word' id='word_1_311' title='bbox 1055 3122 1100 3175; x_wconf 84' lang='grc' dir='ltr'><strong>ὣ</strong></span> <span class='ocrx_word' id='word_1_312' title='bbox 1147 3122 1238 3175; x_wconf 88' lang='grc' dir='ltr'><strong>τοῦ</strong></span> <span class='ocrx_word' id='word_1_313' title='bbox 1284 3121 1578 3190; x_wconf 86' lang='grc' dir='ltr'>θαύματος,</span> <span class='ocrx_word' id='word_1_314' title='bbox 1622 3122 1715 3173; x_wconf 73' lang='grc' dir='ltr'>καὶ</span> <span class='ocrx_word' id='word_1_315' title='bbox 1752 3119 1846 3172; x_wconf 86' lang='grc' dir='ltr'><strong>τοῦ</strong></span> 
     </span>
    </p>
   </div>
   <div class='ocr_carea' id='block_1_46' title="bbox 283 3211 1848 3291">
    <p class='ocr_par' dir='ltr' id='par_1_46' title="bbox 283 3211 1848 3291">
     <span class='ocr_line' id='line_1_46' title="bbox 283 3211 1848 3291; baseline -0.008 -17"><span class='ocrx_word' id='word_1_316' title='bbox 283 3221 667 3291; x_wconf 84' lang='grc' dir='ltr'>γεννήσαντος,</span> <span class='ocrx_word' id='word_1_317' title='bbox 703 3218 796 3271; x_wconf 66' lang='grc' dir='ltr'><strong>κα)⁸</strong></span> <span class='ocrx_word' id='word_1_318' title='bbox 823 3217 922 3286; x_wconf 79' lang='grc' dir='ltr'><strong>τῆς</strong></span> <span class='ocrx_word' id='word_1_319' title='bbox 957 3213 1344 3284; x_wconf 85' lang='grc' dir='ltr'>γεννηθείσηςί</span> <span class='ocrx_word' id='word_1_320' title='bbox 1377 3213 1440 3264; x_wconf 81' lang='grc' dir='ltr'><strong>Ὢ</strong></span> <span class='ocrx_word' id='word_1_321' title='bbox 1468 3212 1568 3281; x_wconf 80' lang='grc' dir='ltr'>τῆς</span> <span class='ocrx_word' id='word_1_322' title='bbox 1596 3211 1702 3263; x_wconf 88' lang='grc' dir='ltr'><strong>τῶν</strong></span> <span class='ocrx_word' id='word_1_323' title='bbox 1739 3213 1848 3280; x_wconf 80' lang='grc' dir='ltr'><strong>ἀμ-</strong></span> 
     </span>
    </p>
   </div>
   <div class='ocr_carea' id='block_1_47' title="bbox 285 3302 1850 3382">
    <p class='ocr_par' dir='ltr' id='par_1_47' title="bbox 285 3302 1850 3382">
     <span class='ocr_line' id='line_1_47' title="bbox 285 3302 1850 3382; baseline -0.008 -17"><span class='ocrx_word' id='word_1_324' title='bbox 285 3314 529 3382; x_wconf 81' lang='grc' dir='ltr'>φοτέρων</span> <span class='ocrx_word' id='word_1_325' title='bbox 559 3307 881 3379; x_wconf 82' lang='grc' dir='ltr'>εἰλικρινοῦς</span> <span class='ocrx_word' id='word_1_326' title='bbox 914 3305 1163 3376; x_wconf 76' lang='grc' dir='ltr'>ἀγάπηςι</span> <span class='ocrx_word' id='word_1_327' title='bbox 1205 3304 1302 3373; x_wconf 86' lang='grc' dir='ltr'><strong>τῆς</strong></span> <span class='ocrx_word' id='word_1_328' title='bbox 1355 3303 1451 3373; x_wconf 83' lang='grc' dir='ltr'><strong>μὲν</strong></span> <span class='ocrx_word' id='word_1_329' title='bbox 1483 3302 1850 3372; x_wconf 83' lang='grc' dir='ltr'>φροντισάσης</span> 
     </span>
    </p>
   </div>
   <div class='ocr_carea' id='block_1_48' title="bbox 285 3394 1848 3464">
    <p class='ocr_par' dir='ltr' id='par_1_48' title="bbox 285 3394 1848 3464">
     <span class='ocr_line' id='line_1_48' title="bbox 285 3394 1848 3464; baseline -0.008 -8"><span class='ocrx_word' id='word_1_330' title='bbox 285 3403 374 3458; x_wconf 76' lang='grc' dir='ltr'><strong>ἐπ’</strong></span> <span class='ocrx_word' id='word_1_331' title='bbox 419 3402 608 3462; x_wconf 87' lang='grc' dir='ltr'>αὐταῖς</span> <span class='ocrx_word' id='word_1_332' title='bbox 649 3402 769 3462; x_wconf 89' lang='grc' dir='ltr'>ταῖς</span> <span class='ocrx_word' id='word_1_333' title='bbox 801 3398 1130 3459; x_wconf 84' lang='grc' dir='ltr'>τελευταίαις</span> <span class='ocrx_word' id='word_1_334' title='bbox 1158 3397 1455 3456; x_wconf 82' lang='grc' dir='ltr'>ἀναπνοαῖς</span> <span class='ocrx_word' id='word_1_335' title='bbox 1486 3395 1548 3446; x_wconf 89' lang='grc' dir='ltr'><strong>τὸ</strong></span> <span class='ocrx_word' id='word_1_336' title='bbox 1586 3394 1848 3464; x_wconf 80' lang='grc' dir='ltr'>πατρικὸν</span> 
     </span>
    </p>
   </div>
   <div class='ocr_carea' id='block_1_49' title="bbox 288 3462 1922 3562">
    <p class='ocr_par' dir='ltr' id='par_1_49' title="bbox 288 3462 1922 3562">
     <span class='ocr_line' id='line_1_49' title="bbox 288 3462 1922 3562; baseline -0.009 -12"><span class='ocrx_word' id='word_1_337' title='bbox 288 3494 517 3562; x_wconf 84' lang='grc' dir='ltr'>σῶσμα⁶</span> <span class='ocrx_word' id='word_1_338' title='bbox 565 3491 660 3544; x_wconf 82' lang='grc' dir='ltr'><strong>τοῦ</strong></span> <span class='ocrx_word' id='word_1_339' title='bbox 704 3491 762 3543; x_wconf 80' lang='grc' dir='ltr'>δὲ</span> <span class='ocrx_word' id='word_1_340' title='bbox 808 3490 1088 3548; x_wconf 85' lang='grc' dir='ltr'>κλίναντος</span> <span class='ocrx_word' id='word_1_341' title='bbox 1126 3485 1444 3556; x_wconf 85' lang='grc' dir='ltr'>θεοπρεπῶς</span> <span class='ocrx_word' id='word_1_342' title='bbox 1496 3486 1556 3537; x_wconf 87' lang='grc' dir='ltr'><strong>τὸ</strong></span> <span class='ocrx_word' id='word_1_343' title='bbox 1602 3462 1714 3548; x_wconf 77' lang='grc' dir='ltr'>οὖς,</span> <span class='ocrx_word' id='word_1_344' title='bbox 1757 3486 1849 3537; x_wconf 74' lang='grc' dir='ltr'><strong>καὶ</strong></span> <span class='ocrx_word' id='word_1_345' title='bbox 1878 3462 1922 3520; x_wconf 77' lang='lat' dir='ltr'>c</span> 
     </span>
    </p>
   </div>
   <div class='ocr_carea' id='block_1_50' title="bbox 285 3577 1850 3657">
    <p class='ocr_par' dir='ltr' id='par_1_50' title="bbox 285 3577 1850 3657">
     <span class='ocr_line' id='line_1_50' title="bbox 285 3577 1850 3657; baseline -0.009 -18"><span class='ocrx_word' id='word_1_346' title='bbox 285 3583 657 3657; x_wconf 81' lang='grc' dir='ltr'>χαρισαμένου</span> <span class='ocrx_word' id='word_1_347' title='bbox 703 3583 768 3650; x_wconf 84' lang='grc' dir='ltr'>τῇ</span> <span class='ocrx_word' id='word_1_348' title='bbox 822 3580 1161 3650; x_wconf 78' lang='grc' dir='ltr'>αἰτησαμένη</span> <span class='ocrx_word' id='word_1_349' title='bbox 1227 3578 1389 3631; x_wconf 86' lang='grc' dir='ltr'>καλὸν</span> <span class='ocrx_word' id='word_1_350' title='bbox 1437 3577 1704 3644; x_wconf 76' lang='grc' dir='ltr'>ἐντάφιον,</span> <span class='ocrx_word' id='word_1_351' title='bbox 1753 3577 1850 3644; x_wconf 79' lang='grc' dir='ltr'>τὴν</span> 
     </span>
    </p>
   </div>
   <div class='ocr_carea' id='block_1_51' title="bbox 286 3667 1853 3748">
    <p class='ocr_par' dir='ltr' id='par_1_51' title="bbox 286 3667 1853 3748">
     <span class='ocr_line' id='line_1_51' title="bbox 286 3667 1853 3748; baseline -0.008 -18"><span class='ocrx_word' id='word_1_352' title='bbox 286 3675 568 3748; x_wconf 81' lang='grc' dir='ltr'>όρθόδοξον</span> <span class='ocrx_word' id='word_1_353' title='bbox 595 3672 947 3742; x_wconf 81' lang='grc' dir='ltr'>ἐπιστροφήν.</span> <span class='ocrx_word' id='word_1_354' title='bbox 993 3669 1258 3738; x_wconf 81' lang='grc' dir='ltr'>Ἀπῆλθεν</span> <span class='ocrx_word' id='word_1_355' title='bbox 1289 3670 1321 3738; x_wconf 86' lang='grc' dir='ltr'><strong>ἡ</strong></span> <span class='ocrx_word' id='word_1_356' title='bbox 1357 3667 1454 3738; x_wconf 84' lang='grc' dir='ltr'><strong>μὲν</strong></span> <span class='ocrx_word' id='word_1_357' title='bbox 1484 3667 1680 3736; x_wconf 79' lang='grc' dir='ltr'>ἔχουσα</span> <span class='ocrx_word' id='word_1_358' title='bbox 1717 3668 1853 3736; x_wconf 82' lang='grc' dir='ltr'><strong>μετὰ</strong></span> 
     </span>
    </p>
   </div>
   <div class='ocr_carea' id='block_1_52' title="bbox 287 3760 1852 3837">
    <p class='ocr_par' dir='ltr' id='par_1_52' title="bbox 287 3760 1852 3837">
     <span class='ocr_line' id='line_1_52' title="bbox 287 3760 1852 3837; baseline -0.007 -16"><span class='ocrx_word' id='word_1_359' title='bbox 287 3769 387 3837; x_wconf 81' lang='grc' dir='ltr'>τῆς</span> <span class='ocrx_word' id='word_1_360' title='bbox 418 3765 626 3829; x_wconf 77' lang='grc' dir='ltr'>οἰκείας</span> <span class='ocrx_word' id='word_1_361' title='bbox 659 3763 1065 3831; x_wconf 85' lang='grc' dir='ltr'>καλοκαγαθίας</span> <span class='ocrx_word' id='word_1_362' title='bbox 1097 3762 1268 3828; x_wconf 81' lang='grc' dir='ltr'>ξένιον</span> <span class='ocrx_word' id='word_1_363' title='bbox 1297 3762 1525 3831; x_wconf 75' lang='grc' dir='ltr'>τερπνὸν</span> <span class='ocrx_word' id='word_1_364' title='bbox 1565 3760 1852 3829; x_wconf 84' lang='grc' dir='ltr'>προσοῖσαι</span> 
     </span>
    </p>
   </div>
   <div class='ocr_carea' id='block_1_53' title="bbox 287 3852 1854 3932">
    <p class='ocr_par' dir='ltr' id='par_1_53' title="bbox 287 3852 1854 3932">
     <span class='ocr_line' id='line_1_53' title="bbox 287 3852 1854 3932; baseline -0.007 -19"><span class='ocrx_word' id='word_1_365' title='bbox 287 3860 369 3932; x_wconf 83' lang='grc' dir='ltr'>τῷ</span> <span class='ocrx_word' id='word_1_366' title='bbox 397 3858 538 3929; x_wconf 82' lang='grc' dir='ltr'>Θεῷ,</span> <span class='ocrx_word' id='word_1_367' title='bbox 572 3859 632 3911; x_wconf 84' lang='grc' dir='ltr'><strong>τὸ</strong></span> <span class='ocrx_word' id='word_1_368' title='bbox 666 3856 916 3928; x_wconf 87' lang='grc' dir='ltr'>πατρῷον</span> <span class='ocrx_word' id='word_1_369' title='bbox 944 3861 1236 3926; x_wconf 62' lang='grc' dir='ltr'>σωτήριον</span> <span class='ocrx_word' id='word_1_370' title='bbox 1268 3857 1296 3908; x_wconf 92' lang='lat'><strong>6</strong></span> <span class='ocrx_word' id='word_1_371' title='bbox 1329 3854 1385 3906; x_wconf 76' lang='grc' dir='ltr'>δὲ</span> <span class='ocrx_word' id='word_1_372' title='bbox 1411 3853 1663 3921; x_wconf 74' lang='grc' dir='ltr'>ἐπέμεινε</span> <span class='ocrx_word' id='word_1_373' title='bbox 1692 3852 1854 3918; x_wconf 84' lang='grc' dir='ltr'>θυγα-</span> 
     </span>
    </p>
   </div>
   <div class='ocr_carea' id='block_1_54' title="bbox 288 3942 1853 4024">
    <p class='ocr_par' dir='ltr' id='par_1_54' title="bbox 288 3942 1853 4024">
     <span class='ocr_line' id='line_1_54' title="bbox 288 3942 1853 4024; baseline -0.007 -19"><span class='ocrx_word' id='word_1_374' title='bbox 288 3953 417 4024; x_wconf 85' lang='grc' dir='ltr'>τρὸς</span> <span class='ocrx_word' id='word_1_375' title='bbox 447 3951 599 4020; x_wconf 79' lang='grc' dir='ltr'>ἱερᾶς</span> <span class='ocrx_word' id='word_1_376' title='bbox 630 3949 851 4012; x_wconf 79' lang='grc' dir='ltr'>εὐσεϐὲς</span> <span class='ocrx_word' id='word_1_377' title='bbox 884 3945 1333 4017; x_wconf 81' lang='grc' dir='ltr'>ἐγκαλλώπισμα,</span> <span class='ocrx_word' id='word_1_378' title='bbox 1367 3947 1462 3997; x_wconf 72' lang='grc' dir='ltr'><strong>καλ⁸</strong></span> <span class='ocrx_word' id='word_1_379' title='bbox 1493 3949 1708 3997; x_wconf 90' lang='grc' dir='ltr'>πάντων</span> <span class='ocrx_word' id='word_1_380' title='bbox 1745 3942 1853 3994; x_wconf 83' lang='grc' dir='ltr'><strong>τῶν</strong></span> 
     </span>
    </p>
   </div>
   <div class='ocr_carea' id='block_1_55' title="bbox 290 4031 1853 4112">
    <p class='ocr_par' dir='ltr' id='par_1_55' title="bbox 290 4031 1853 4112">
     <span class='ocr_line' id='line_1_55' title="bbox 290 4031 1853 4112; baseline -0.007 -15"><span class='ocrx_word' id='word_1_381' title='bbox 290 4043 588 4112; x_wconf 81' lang='grc' dir='ltr'>όρθοδόξων</span> <span class='ocrx_word' id='word_1_382' title='bbox 619 4043 692 4105; x_wconf 89' lang='grc' dir='ltr'><strong>ώς</strong></span> <span class='ocrx_word' id='word_1_383' title='bbox 727 4041 940 4111; x_wconf 85' lang='grc' dir='ltr'>άληθῶς</span> <span class='ocrx_word' id='word_1_384' title='bbox 977 4041 1391 4110; x_wconf 80' lang='grc' dir='ltr'>εὐφραντήριον.</span> <span class='ocrx_word' id='word_1_385' title='bbox 1430 4039 1490 4091; x_wconf 82' lang='lat' dir='ltr'><strong>Tl</strong></span> <span class='ocrx_word' id='word_1_386' title='bbox 1527 4039 1636 4106; x_wconf 75' lang='grc' dir='ltr'>γὰρ</span> <span class='ocrx_word' id='word_1_387' title='bbox 1665 4031 1853 4101; x_wconf 79' lang='grc' dir='ltr'>οἶδας,</span> 
     </span>
    </p>
   </div>
   <div class='ocr_carea' id='block_1_56' title="bbox 291 4125 1854 4206">
    <p class='ocr_par' dir='ltr' id='par_1_56' title="bbox 291 4125 1854 4206">
     <span class='ocr_line' id='line_1_56' title="bbox 291 4125 1854 4206; baseline -0.006 -18"><span class='ocrx_word' id='word_1_388' title='bbox 291 4134 431 4206; x_wconf 76' lang='grc' dir='ltr'>φησὶ</span> <span class='ocrx_word' id='word_1_389' title='bbox 453 4174 468 4199; x_wconf 88' lang='grc'><strong>,</strong></span> <span class='ocrx_word' id='word_1_390' title='bbox 492 4135 689 4203; x_wconf 80' lang='grc' dir='ltr'>γύναι,</span> <span class='ocrx_word' id='word_1_391' title='bbox 743 4136 795 4186; x_wconf 81' lang='grc' dir='ltr'>εὶ</span> <span class='ocrx_word' id='word_1_392' title='bbox 827 4134 934 4185; x_wconf 81' lang='grc' dir='ltr'>τὸν</span> <span class='ocrx_word' id='word_1_393' title='bbox 971 4132 1158 4200; x_wconf 79' lang='grc' dir='ltr'>ἄνδρα</span> <span class='ocrx_word' id='word_1_394' title='bbox 1191 4132 1412 4195; x_wconf 87' lang='grc' dir='ltr'>σώσεις</span> <span class='ocrx_word' id='word_1_395' title='bbox 1431 4146 1448 4193; x_wconf 88' lang='grc'><strong><em>;</em></strong></span> <span class='ocrx_word' id='word_1_396' title='bbox 1480 4128 1518 4196; x_wconf 78' lang='grc' dir='ltr'>ἡ</span> <span class='ocrx_word' id='word_1_397' title='bbox 1551 4131 1607 4181; x_wconf 88' lang='grc' dir='ltr'><strong>τί</strong></span> <span class='ocrx_word' id='word_1_398' title='bbox 1649 4125 1814 4192; x_wconf 75' lang='grc' dir='ltr'>οἶδας</span> <span class='ocrx_word' id='word_1_399' title='bbox 1841 4167 1854 4190; x_wconf 89' lang='grc'><strong>,</strong></span> 
     </span>
    </p>
   </div>
   <div class='ocr_carea' id='block_1_57' title="bbox 291 4219 1858 4293">
    <p class='ocr_par' dir='ltr' id='par_1_57' title="bbox 291 4219 1858 4293">
     <span class='ocr_line' id='line_1_57' title="bbox 291 4219 1858 4293; baseline -0.006 -14"><span class='ocrx_word' id='word_1_400' title='bbox 291 4227 458 4293; x_wconf 75' lang='grc' dir='ltr'>ἆνερ,</span> <span class='ocrx_word' id='word_1_401' title='bbox 502 4227 555 4278; x_wconf 81' lang='grc' dir='ltr'><strong>εί</strong></span> <span class='ocrx_word' id='word_1_402' title='bbox 599 4224 714 4291; x_wconf 78' lang='grc' dir='ltr'><strong>τὴν</strong></span> <span class='ocrx_word' id='word_1_403' title='bbox 756 4223 1008 4293; x_wconf 76' lang='grc' dir='ltr'>γυναῖκα</span> <span class='ocrx_word' id='word_1_404' title='bbox 1051 4223 1306 4288; x_wconf 87' lang='grc' dir='ltr'>σώσεις;</span> <span class='ocrx_word' id='word_1_405' title='bbox 1350 4223 1512 4291; x_wconf 79' lang='grc' dir='ltr'>Ἡμῖν</span> <span class='ocrx_word' id='word_1_406' title='bbox 1559 4223 1614 4272; x_wconf 80' lang='grc' dir='ltr'><strong>δὲ</strong></span> <span class='ocrx_word' id='word_1_407' title='bbox 1665 4219 1858 4288; x_wconf 86' lang='grc' dir='ltr'>μικρὸν</span> 
     </span>
    </p>
   </div>
   <div class='ocr_carea' id='block_1_58' title="bbox 295 4310 1858 4384">
    <p class='ocr_par' dir='ltr' id='par_1_58' title="bbox 295 4310 1858 4384">
     <span class='ocr_line' id='line_1_58' title="bbox 295 4310 1858 4384; baseline -0.007 -13"><span class='ocrx_word' id='word_1_408' title='bbox 295 4315 690 4378; x_wconf 86' lang='grc' dir='ltr'>ὐπαλλακτέον,</span> <span class='ocrx_word' id='word_1_409' title='bbox 711 4315 792 4367; x_wconf 85' lang='grc' dir='ltr'>ὅτι</span> <span class='ocrx_word' id='word_1_410' title='bbox 821 4313 1024 4366; x_wconf 77' lang='grc' dir='ltr'>ἔσωσεν</span> <span class='ocrx_word' id='word_1_411' title='bbox 1051 4315 1085 4384; x_wconf 79' lang='grc' dir='ltr'><strong>ἡ</strong></span> <span class='ocrx_word' id='word_1_412' title='bbox 1110 4313 1352 4382; x_wconf 83' lang='grc' dir='ltr'>θυγάτηρ</span> <span class='ocrx_word' id='word_1_413' title='bbox 1371 4312 1463 4364; x_wconf 89' lang='grc' dir='ltr'><strong>τὸν</strong></span> <span class='ocrx_word' id='word_1_414' title='bbox 1496 4311 1726 4380; x_wconf 84' lang='grc' dir='ltr'>πατέρα.</span> <span class='ocrx_word' id='word_1_415' title='bbox 1751 4310 1858 4361; x_wconf 72' lang='grc' dir='ltr'>Καὶ</span> 
     </span>
    </p>
   </div>
   <div class='ocr_carea' id='block_1_59' title="bbox 280 4396 1859 4478">
    <p class='ocr_par' dir='ltr' id='par_1_59' title="bbox 280 4396 1859 4478">
     <span class='ocr_line' id='line_1_59' title="bbox 280 4396 1859 4478; baseline -0.006 -17"><span class='ocrx_word' id='word_1_416' title='bbox 280 4407 544 4478; x_wconf 44' lang='grc' dir='ltr'>’μακαρία</span> <span class='ocrx_word' id='word_1_417' title='bbox 575 4405 758 4474; x_wconf 70' lang='grc' dir='ltr'>ἐκείνη</span> <span class='ocrx_word' id='word_1_418' title='bbox 793 4407 826 4475; x_wconf 78' lang='grc' dir='ltr'>ἡ</span> <span class='ocrx_word' id='word_1_419' title='bbox 857 4404 998 4466; x_wconf 84' lang='grc' dir='ltr'>ὁσία,</span> <span class='ocrx_word' id='word_1_420' title='bbox 1036 4405 1300 4474; x_wconf 85' lang='grc' dir='ltr'>μακάριος</span> <span class='ocrx_word' id='word_1_421' title='bbox 1327 4405 1423 4456; x_wconf 78' lang='grc' dir='ltr'>καὶ</span> <span class='ocrx_word' id='word_1_422' title='bbox 1470 4404 1555 4464; x_wconf 80' lang='grc' dir='ltr'><strong>σὺ,</strong></span> <span class='ocrx_word' id='word_1_423' title='bbox 1597 4396 1642 4454; x_wconf 78' lang='grc' dir='ltr'><strong>ὦ</strong></span> <span class='ocrx_word' id='word_1_424' title='bbox 1671 4401 1859 4471; x_wconf 81' lang='grc' dir='ltr'>τριπό-</span> 
     </span>
    </p>
   </div>
   <div class='ocr_carea' id='block_1_60' title="bbox 295 4492 1860 4569">
    <p class='ocr_par' dir='ltr' id='par_1_60' title="bbox 295 4492 1860 4569">
     <span class='ocr_line' id='line_1_60' title="bbox 295 4492 1860 4569; baseline -0.007 -16"><span class='ocrx_word' id='word_1_425' title='bbox 295 4501 447 4569; x_wconf 79' lang='grc' dir='ltr'>θητε.</span> <span class='ocrx_word' id='word_1_426' title='bbox 481 4496 748 4566; x_wconf 86' lang='grc' dir='ltr'>Πείθομαι</span> <span class='ocrx_word' id='word_1_427' title='bbox 772 4496 880 4566; x_wconf 87' lang='grc' dir='ltr'><strong>γὰρ</strong></span> <span class='ocrx_word' id='word_1_428' title='bbox 908 4495 989 4548; x_wconf 81' lang='grc' dir='ltr'><strong>ὅτι</strong></span> <span class='ocrx_word' id='word_1_429' title='bbox 1015 4495 1108 4548; x_wconf 78' lang='grc' dir='ltr'><strong>σὺν</strong></span> <span class='ocrx_word' id='word_1_430' title='bbox 1131 4494 1214 4547; x_wconf 73' lang='grc' dir='ltr'><strong>σοὶ</strong></span> <span class='ocrx_word' id='word_1_431' title='bbox 1243 4495 1337 4547; x_wconf 79' lang='grc' dir='ltr'>καὶ</span> <span class='ocrx_word' id='word_1_432' title='bbox 1359 4493 1489 4563; x_wconf 78' lang='grc' dir='ltr'>ὅλην</span> <span class='ocrx_word' id='word_1_433' title='bbox 1508 4492 1860 4560; x_wconf 79' lang='grc' dir='ltr'>οἱκίαν,τάχα</span> 
     </span>
    </p>
   </div>
   <div class='ocr_carea' id='block_1_61' title="bbox 293 4585 1855 4658">
    <p class='ocr_par' dir='ltr' id='par_1_61' title="bbox 293 4585 1855 4658">
     <span class='ocr_line' id='line_1_61' title="bbox 293 4585 1855 4658; baseline -0.006 -12"><span class='ocrx_word' id='word_1_434' title='bbox 293 4593 355 4646; x_wconf 83' lang='grc' dir='ltr'>δὲ</span> <span class='ocrx_word' id='word_1_435' title='bbox 406 4592 500 4645; x_wconf 80' lang='grc' dir='ltr'><strong>καὶ</strong></span> <span class='ocrx_word' id='word_1_436' title='bbox 545 4590 701 4658; x_wconf 86' lang='grc' dir='ltr'>γένος</span> <span class='ocrx_word' id='word_1_437' title='bbox 748 4588 1108 4658; x_wconf 84' lang='grc' dir='ltr'>προσαγάγῃς</span> <span class='ocrx_word' id='word_1_438' title='bbox 1146 4585 1458 4658; x_wconf 82' lang='grc' dir='ltr'>ὀρθοδοξοῦν</span> <span class='ocrx_word' id='word_1_439' title='bbox 1500 4585 1580 4655; x_wconf 80' lang='grc' dir='ltr'><strong>τῷ</strong></span> <span class='ocrx_word' id='word_1_440' title='bbox 1609 4585 1855 4654; x_wconf 80' lang='grc' dir='ltr'>Δεσπότῃ</span> 
     </span>
    </p>
   </div>
   <div class='ocr_carea' id='block_1_62' title="bbox 295 4676 1859 4755">
    <p class='ocr_par' dir='ltr' id='par_1_62' title="bbox 295 4676 1859 4755">
     <span class='ocr_line' id='line_1_62' title="bbox 295 4676 1859 4755; baseline -0.007 -16"><span class='ocrx_word' id='word_1_441' title='bbox 295 4682 549 4755; x_wconf 78' lang='grc' dir='ltr'>Χριστῷο</span> <span class='ocrx_word' id='word_1_442' title='bbox 579 4682 664 4735; x_wconf 83' lang='grc' dir='ltr'><strong>ἵνα</strong></span> <span class='ocrx_word' id='word_1_443' title='bbox 693 4682 759 4733; x_wconf 79' lang='grc' dir='ltr'>ὲκ</span> <span class='ocrx_word' id='word_1_444' title='bbox 806 4679 1016 4733; x_wconf 84' lang='grc' dir='ltr'>πολλῶν</span> <span class='ocrx_word' id='word_1_445' title='bbox 1052 4678 1372 4750; x_wconf 83' lang='grc' dir='ltr'>προσώπων,</span> <span class='ocrx_word' id='word_1_446' title='bbox 1403 4676 1462 4732; x_wconf 87' lang='grc' dir='ltr'><strong>τὸ</strong></span> <span class='ocrx_word' id='word_1_447' title='bbox 1489 4680 1566 4740; x_wconf 87' lang='grc' dir='ltr'>εἰς</span> <span class='ocrx_word' id='word_1_448' title='bbox 1597 4678 1740 4747; x_wconf 82' lang='grc' dir='ltr'>ὑμᾶς</span> <span class='ocrx_word' id='word_1_449' title='bbox 1764 4677 1859 4747; x_wconf 82' lang='grc' dir='ltr'><strong>χά-</strong></span> 
     </span>
    </p>
   </div>
   <div class='ocr_carea' id='block_1_63' title="bbox 1941 2203 3512 2266">
    <p class='ocr_par' dir='ltr' id='par_1_63' title="bbox 1941 2203 3512 2266">
     <span class='ocr_line' id='line_1_63' title="bbox 1941 2203 3512 2266; baseline -0.003 -5"><span class='ocrx_word' id='word_1_450' title='bbox 1941 2207 2153 2262; x_wconf 89' lang='lat' dir='ltr'><strong>ritualis</strong></span> <span class='ocrx_word' id='word_1_451' title='bbox 2179 2205 2366 2261; x_wconf 75' lang='lat' dir='ltr'><strong>fratris</strong></span> <span class='ocrx_word' id='word_1_452' title='bbox 2398 2205 2628 2260; x_wconf 90' lang='lat' dir='ltr'><strong>nuntius</strong></span> <span class='ocrx_word' id='word_1_453' title='bbox 2657 2215 2783 2259; x_wconf 89' lang='lat' dir='ltr'><strong>ante</strong></span> <span class='ocrx_word' id='word_1_454' title='bbox 2801 2205 3010 2259; x_wconf 90' lang='lat' dir='ltr'><strong>litteras</strong></span> <span class='ocrx_word' id='word_1_455' title='bbox 3046 2203 3264 2266; x_wconf 87' lang='lat' dir='ltr'><strong>allatus,</strong></span> <span class='ocrx_word' id='word_1_456' title='bbox 3283 2203 3512 2257; x_wconf 86' lang='lat' dir='ltr'><strong>humilia</strong></span> 
     </span>
    </p>
   </div>
   <div class='ocr_carea' id='block_1_64' title="bbox 1941 2295 3514 2370">
    <p class='ocr_par' dir='ltr' id='par_1_64' title="bbox 1941 2295 3514 2370">
     <span class='ocr_line' id='line_1_64' title="bbox 1941 2295 3514 2370; baseline -0.005 -13"><span class='ocrx_word' id='word_1_457' title='bbox 1941 2301 2105 2357; x_wconf 89' lang='lat' dir='ltr'><strong>corda</strong></span> <span class='ocrx_word' id='word_1_458' title='bbox 2143 2309 2332 2355; x_wconf 92' lang='lat' dir='ltr'><strong>nostra</strong></span> <span class='ocrx_word' id='word_1_459' title='bbox 2377 2298 2719 2361; x_wconf 78' lang='lat' dir='ltr'><strong>oblectabat;</strong></span> <span class='ocrx_word' id='word_1_460' title='bbox 2765 2306 2890 2367; x_wconf 79' lang='lat' dir='ltr'><strong>pOst</strong></span> <span class='ocrx_word' id='word_1_461' title='bbox 2923 2298 3094 2352; x_wconf 87' lang='lat' dir='ltr'><strong>lectas</strong></span> <span class='ocrx_word' id='word_1_462' title='bbox 3129 2310 3259 2354; x_wconf 86' lang='lat' dir='ltr'><strong>vero</strong></span> <span class='ocrx_word' id='word_1_463' title='bbox 3300 2295 3514 2370; x_wconf 83' lang='lat' dir='ltr'><strong>litteras</strong></span> 
     </span>
    </p>
   </div>
   <div class='ocr_carea' id='block_1_65' title="bbox 1941 2380 3515 2462">
    <p class='ocr_par' dir='ltr' id='par_1_65' title="bbox 1941 2380 3515 2462">
     <span class='ocr_line' id='line_1_65' title="bbox 1941 2380 3515 2462; baseline -0.003 -16"><span class='ocrx_word' id='word_1_464' title='bbox 1941 2393 2098 2461; x_wconf 84' lang='lat' dir='ltr'><strong>plene</strong></span> <span class='ocrx_word' id='word_1_465' title='bbox 2125 2407 2190 2446; x_wconf 90' lang='lat' dir='ltr'><strong>ac</strong></span> <span class='ocrx_word' id='word_1_466' title='bbox 2219 2391 2455 2462; x_wconf 80' lang='lat' dir='ltr'><strong>perfecte</strong></span> <span class='ocrx_word' id='word_1_467' title='bbox 2484 2391 2810 2446; x_wconf 79' lang='lat' dir='ltr'><strong>exhilaravit</strong></span> <span class='ocrx_word' id='word_1_468' title='bbox 2840 2399 2895 2445; x_wconf 92' lang='lat' dir='ltr'><strong>et</strong></span> <span class='ocrx_word' id='word_1_469' title='bbox 2924 2380 3114 2445; x_wconf 75' lang='lat' dir='ltr'><strong>lzetitia</strong></span> <span class='ocrx_word' id='word_1_470' title='bbox 3149 2387 3362 2455; x_wconf 76' lang='lat' dir='ltr'><strong>aﬂ&#39;ecit;</strong></span> <span class='ocrx_word' id='word_1_471' title='bbox 3417 2402 3515 2442; x_wconf 81' lang='lat' dir='ltr'><strong>ne-</strong></span> 
     </span>
    </p>
   </div>
   <div class='ocr_carea' id='block_1_66' title="bbox 1942 2480 3513 2553">
    <p class='ocr_par' dir='ltr' id='par_1_66' title="bbox 1942 2480 3513 2553">
     <span class='ocr_line' id='line_1_66' title="bbox 1942 2480 3513 2553; baseline -0.003 -16"><span class='ocrx_word' id='word_1_472' title='bbox 1942 2500 2046 2553; x_wconf 93' lang='lat' dir='ltr'><strong>que</strong></span> <span class='ocrx_word' id='word_1_473' title='bbox 2095 2499 2197 2540; x_wconf 84' lang='lat' dir='ltr'><strong>nos</strong></span> <span class='ocrx_word' id='word_1_474' title='bbox 2242 2484 2421 2539; x_wconf 90' lang='lat' dir='ltr'><strong>solum</strong></span> <span class='ocrx_word' id='word_1_475' title='bbox 2458 2492 2814 2553; x_wconf 86' lang='lat' dir='ltr'><strong>peccatores,</strong></span> <span class='ocrx_word' id='word_1_476' title='bbox 2868 2484 2962 2537; x_wconf 89' lang='lat' dir='ltr'><strong>sed</strong></span> <span class='ocrx_word' id='word_1_477' title='bbox 3018 2483 3299 2551; x_wconf 84' lang='lat' dir='ltr'><strong>angelicas</strong></span> <span class='ocrx_word' id='word_1_478' title='bbox 3344 2480 3513 2536; x_wconf 88' lang='lat' dir='ltr'><strong>etiam</strong></span> 
     </span>
    </p>
   </div>
   <div class='ocr_carea' id='block_1_67' title="bbox 1943 2572 3514 2643">
    <p class='ocr_par' dir='ltr' id='par_1_67' title="bbox 1943 2572 3514 2643">
     <span class='ocr_line' id='line_1_67' title="bbox 1943 2572 3514 2643; baseline 0 -19"><span class='ocrx_word' id='word_1_479' title='bbox 1943 2574 2174 2626; x_wconf 84' lang='lat' dir='ltr'><strong>virtutes</strong></span> <span class='ocrx_word' id='word_1_480' title='bbox 2214 2589 2228 2624; x_wconf 93' lang='lat'><strong>:</strong></span> <span class='ocrx_word' id='word_1_481' title='bbox 2278 2572 2546 2642; x_wconf 89' lang='lat' dir='ltr'><strong>siquidem</strong></span> <span class='ocrx_word' id='word_1_482' title='bbox 2574 2573 2641 2627; x_wconf 90' lang='lat' dir='ltr'><strong>de</strong></span> <span class='ocrx_word' id='word_1_483' title='bbox 2696 2574 2916 2626; x_wconf 86' lang='lat' dir='ltr'><strong>homine</strong></span> <span class='ocrx_word' id='word_1_484' title='bbox 2973 2587 3084 2627; x_wconf 93' lang='lat' dir='ltr'><strong>uno</strong></span> <span class='ocrx_word' id='word_1_485' title='bbox 3135 2572 3514 2643; x_wconf 68' lang='lat' dir='ltr'><strong>paenitentiam</strong></span> 
     </span>
    </p>
   </div>
   <div class='ocr_carea' id='block_1_68' title="bbox 1944 2663 3515 2768">
    <p class='ocr_par' dir='ltr' id='par_1_68' title="bbox 1944 2663 3515 2768">
     <span class='ocr_line' id='line_1_68' title="bbox 1944 2663 3515 2768; baseline -0.002 -49"><span class='ocrx_word' id='word_1_486' title='bbox 1944 2675 2137 2768; x_wconf 60' lang='lat' dir='ltr'><strong>agente</strong></span> <span class='ocrx_word' id='word_1_487' title='bbox 2164 2665 2426 2736; x_wconf 82' lang='lat' dir='ltr'><strong>gaudium</strong></span> <span class='ocrx_word' id='word_1_488' title='bbox 2452 2674 2536 2720; x_wconf 91' lang='lat' dir='ltr'><strong>est</strong></span> <span class='ocrx_word' id='word_1_489' title='bbox 2559 2667 2612 2719; x_wconf 91' lang='lat' dir='ltr'><strong>in</strong></span> <span class='ocrx_word' id='word_1_490' title='bbox 2636 2665 2810 2729; x_wconf 84' lang='lat' dir='ltr'><strong>caelis,</strong></span> <span class='ocrx_word' id='word_1_491' title='bbox 2837 2665 2992 2734; x_wconf 82' lang='lat' dir='ltr'><strong>juxta</strong></span> <span class='ocrx_word' id='word_1_492' title='bbox 3024 2680 3178 2720; x_wconf 88' lang='lat' dir='ltr'><strong>sacra</strong></span> <span class='ocrx_word' id='word_1_493' title='bbox 3211 2663 3515 2734; x_wconf 81' lang='lat' dir='ltr'><strong>eloquia&quot;,</strong></span> 
     </span>
    </p>
   </div>
   <div class='ocr_carea' id='block_1_69' title="bbox 1945 2757 3516 2825">
    <p class='ocr_par' dir='ltr' id='par_1_69' title="bbox 1945 2757 3516 2825">
     <span class='ocr_line' id='line_1_69' title="bbox 1945 2757 3516 2825; baseline -0.001 -13"><span class='ocrx_word' id='word_1_494' title='bbox 1945 2757 2048 2813; x_wconf 91' lang='lat' dir='ltr'><strong>Séd</strong></span> <span class='ocrx_word' id='word_1_495' title='bbox 2093 2758 2412 2813; x_wconf 87' lang='lat' dir='ltr'><strong>benedictus</strong></span> <span class='ocrx_word' id='word_1_496' title='bbox 2454 2758 2594 2812; x_wconf 89' lang='lat' dir='ltr'><strong>Deus</strong></span> <span class='ocrx_word' id='word_1_497' title='bbox 2622 2795 2638 2821; x_wconf 88' lang='lat'><strong>,</strong></span> <span class='ocrx_word' id='word_1_498' title='bbox 2690 2758 2783 2825; x_wconf 91' lang='lat' dir='ltr'><strong>qui</strong></span> <span class='ocrx_word' id='word_1_499' title='bbox 2832 2757 3304 2811; x_wconf 85' lang='lat' dir='ltr'><strong>honoriﬁcentiam</strong></span> <span class='ocrx_word' id='word_1_500' title='bbox 3363 2764 3516 2811; x_wconf 85' lang='lat' dir='ltr'><strong>tuam</strong></span> 
     </span>
    </p>
   </div>
   <div class='ocr_carea' id='block_1_70' title="bbox 1951 2848 3520 2920">
    <p class='ocr_par' dir='ltr' id='par_1_70' title="bbox 1951 2848 3520 2920">
     <span class='ocr_line' id='line_1_70' title="bbox 1951 2848 3520 2920; baseline 0 -18"><span class='ocrx_word' id='word_1_501' title='bbox 1951 2865 2061 2904; x_wconf 92' lang='lat' dir='ltr'><strong>non</strong></span> <span class='ocrx_word' id='word_1_502' title='bbox 2099 2849 2354 2920; x_wconf 86' lang='lat' dir='ltr'><strong>permisit</strong></span> <span class='ocrx_word' id='word_1_503' title='bbox 2381 2865 2554 2918; x_wconf 89' lang='lat' dir='ltr'><strong>usque</strong></span> <span class='ocrx_word' id='word_1_504' title='bbox 2587 2849 2643 2902; x_wconf 90' lang='lat' dir='ltr'><strong>in</strong></span> <span class='ocrx_word' id='word_1_505' title='bbox 2689 2848 2851 2902; x_wconf 82' lang='lat' dir='ltr'><strong>linem</strong></span> <span class='ocrx_word' id='word_1_506' title='bbox 2885 2849 3079 2904; x_wconf 89' lang='lat' dir='ltr'><strong>abduci</strong></span> <span class='ocrx_word' id='word_1_507' title='bbox 3111 2863 3368 2918; x_wconf 89' lang='lat' dir='ltr'><strong>perversa</strong></span> <span class='ocrx_word' id='word_1_508' title='bbox 3407 2850 3520 2902; x_wconf 66' lang='lat' dir='ltr'><strong>hae-</strong></span> 
     </span>
    </p>
   </div>
   <div class='ocr_carea' id='block_1_71' title="bbox 1948 2940 3521 3011">
    <p class='ocr_par' dir='ltr' id='par_1_71' title="bbox 1948 2940 3521 3011">
     <span class='ocr_line' id='line_1_71' title="bbox 1948 2940 3521 3011; baseline -0.001 -16"><span class='ocrx_word' id='word_1_509' title='bbox 1948 2943 2055 2996; x_wconf 83' lang='lat' dir='ltr'><strong>resi</strong></span> <span class='ocrx_word' id='word_1_510' title='bbox 2092 2941 2631 2996; x_wconf 88' lang='lat' dir='ltr'><strong>Christomachorum</strong></span> <span class='ocrx_word' id='word_1_511' title='bbox 2659 2955 2673 2992; x_wconf 89' lang='lat'>:</span> <span class='ocrx_word' id='word_1_512' title='bbox 2703 2940 2798 2995; x_wconf 86' lang='lat' dir='ltr'><strong>sed</strong></span> <span class='ocrx_word' id='word_1_513' title='bbox 2830 2955 2926 3004; x_wconf 85' lang='lat' dir='ltr'><strong>per</strong></span> <span class='ocrx_word' id='word_1_514' title='bbox 2987 2941 3262 3011; x_wconf 78' lang='lat' dir='ltr'><strong>egregiam</strong></span> <span class='ocrx_word' id='word_1_515' title='bbox 3302 2950 3356 2997; x_wconf 89' lang='lat' dir='ltr'><strong>et</strong></span> <span class='ocrx_word' id='word_1_516' title='bbox 3389 2941 3521 2995; x_wconf 85' lang='lat' dir='ltr'><strong>bea-</strong></span> 
     </span>
    </p>
   </div>
   <div class='ocr_carea' id='block_1_72' title="bbox 1947 3031 3518 3098">
    <p class='ocr_par' dir='ltr' id='par_1_72' title="bbox 1947 3031 3518 3098">
     <span class='ocr_line' id='line_1_72' title="bbox 1947 3031 3518 3098; baseline 0.002 -15"><span class='ocrx_word' id='word_1_517' title='bbox 1947 3039 2057 3083; x_wconf 87' lang='lat' dir='ltr'><strong>tam</strong></span> <span class='ocrx_word' id='word_1_518' title='bbox 2095 3031 2259 3084; x_wconf 81' lang='lat' dir='ltr'><strong>filiam</strong></span> <span class='ocrx_word' id='word_1_519' title='bbox 2304 3032 2570 3086; x_wconf 85' lang='lat' dir='ltr'><strong>convertit</strong></span> <span class='ocrx_word' id='word_1_520' title='bbox 2610 3031 2676 3085; x_wconf 93' lang='lat' dir='ltr'><strong>ad</strong></span> <span class='ocrx_word' id='word_1_521' title='bbox 2711 3031 2887 3086; x_wconf 87' lang='lat' dir='ltr'><strong>lucem</strong></span> <span class='ocrx_word' id='word_1_522' title='bbox 2914 3033 3182 3089; x_wconf 85' lang='lat' dir='ltr'><strong>veritatis.</strong></span> <span class='ocrx_word' id='word_1_523' title='bbox 3217 3031 3301 3098; x_wconf 88' lang='lat' dir='ltr'><strong>Et,</strong></span> <span class='ocrx_word' id='word_1_524' title='bbox 3341 3049 3374 3087; x_wconf 92' lang='grc' dir='ltr'><strong>ο</strong></span> <span class='ocrx_word' id='word_1_525' title='bbox 3403 3044 3518 3086; x_wconf 87' lang='lat' dir='ltr'><strong>rem</strong></span> 
     </span>
    </p>
   </div>
   <div class='ocr_carea' id='block_1_73' title="bbox 1950 3121 3518 3193">
    <p class='ocr_par' dir='ltr' id='par_1_73' title="bbox 1950 3121 3518 3193">
     <span class='ocr_line' id='line_1_73' title="bbox 1950 3121 3518 3193; baseline 0.003 -20"><span class='ocrx_word' id='word_1_526' title='bbox 1950 3121 2165 3186; x_wconf 90' lang='lat' dir='ltr'><strong>miram,</strong></span> <span class='ocrx_word' id='word_1_527' title='bbox 2203 3131 2314 3175; x_wconf 94' lang='lat' dir='ltr'><strong>tum</strong></span> <span class='ocrx_word' id='word_1_528' title='bbox 2342 3123 2395 3175; x_wconf 91' lang='lat' dir='ltr'><strong>in</strong></span> <span class='ocrx_word' id='word_1_529' title='bbox 2421 3122 2685 3193; x_wconf 79' lang='lat' dir='ltr'><strong>genitore,</strong></span> <span class='ocrx_word' id='word_1_530' title='bbox 2715 3133 2832 3177; x_wconf 86' lang='lat' dir='ltr'><strong>tum</strong></span> <span class='ocrx_word' id='word_1_531' title='bbox 2875 3124 2926 3176; x_wconf 91' lang='lat' dir='ltr'><strong>in</strong></span> <span class='ocrx_word' id='word_1_532' title='bbox 2952 3124 3157 3193; x_wconf 87' lang='lat' dir='ltr'><strong>genita!</strong></span> <span class='ocrx_word' id='word_1_533' title='bbox 3188 3138 3221 3178; x_wconf 92' lang='grc' dir='ltr'><strong>ο</strong></span> <span class='ocrx_word' id='word_1_534' title='bbox 3247 3124 3518 3178; x_wconf 90' lang='lat' dir='ltr'><strong>sinceram</strong></span> 
     </span>
    </p>
   </div>
   <div class='ocr_carea' id='block_1_74' title="bbox 1951 3213 3521 3285">
    <p class='ocr_par' dir='ltr' id='par_1_74' title="bbox 1951 3213 3521 3285">
     <span class='ocr_line' id='line_1_74' title="bbox 1951 3213 3521 3285; baseline 0.002 -19"><span class='ocrx_word' id='word_1_535' title='bbox 1951 3213 2237 3277; x_wconf 85' lang='lat' dir='ltr'><strong>utriusque</strong></span> <span class='ocrx_word' id='word_1_536' title='bbox 2271 3215 2633 3268; x_wconf 88' lang='lat' dir='ltr'><strong>charitatem!</strong></span> <span class='ocrx_word' id='word_1_537' title='bbox 2674 3213 2835 3283; x_wconf 87' lang='lat' dir='ltr'><strong>hujus</strong></span> <span class='ocrx_word' id='word_1_538' title='bbox 2861 3217 3108 3284; x_wconf 89' lang='lat' dir='ltr'><strong>quidem,</strong></span> <span class='ocrx_word' id='word_1_539' title='bbox 3141 3215 3291 3285; x_wconf 84' lang='lat' dir='ltr'><strong>quod</strong></span> <span class='ocrx_word' id='word_1_540' title='bbox 3333 3214 3387 3269; x_wconf 89' lang='lat' dir='ltr'><strong>in</strong></span> <span class='ocrx_word' id='word_1_541' title='bbox 3421 3230 3521 3269; x_wconf 86' lang='lat' dir='ltr'><strong>ex-</strong></span> 
     </span>
    </p>
   </div>
   <div class='ocr_carea' id='block_1_75' title="bbox 1951 3303 3520 3376">
    <p class='ocr_par' dir='ltr' id='par_1_75' title="bbox 1951 3303 3520 3376">
     <span class='ocr_line' id='line_1_75' title="bbox 1951 3303 3520 3376; baseline 0.003 -20"><span class='ocrx_word' id='word_1_542' title='bbox 1951 3313 2124 3357; x_wconf 87' lang='lat' dir='ltr'><strong>tremo</strong></span> <span class='ocrx_word' id='word_1_543' title='bbox 2156 3303 2276 3372; x_wconf 90' lang='lat' dir='ltr'><strong>ipso</strong></span> <span class='ocrx_word' id='word_1_544' title='bbox 2332 3305 2526 3375; x_wconf 72' lang='lat' dir='ltr'><strong>Spiritu</strong></span> <span class='ocrx_word' id='word_1_545' title='bbox 2568 3315 2808 3375; x_wconf 66' lang='lat' dir='ltr'><strong>paternae</strong></span> <span class='ocrx_word' id='word_1_546' title='bbox 2857 3307 3050 3362; x_wconf 89' lang='lat' dir='ltr'><strong>salutis</strong></span> <span class='ocrx_word' id='word_1_547' title='bbox 3088 3322 3276 3362; x_wconf 82' lang='lat' dir='ltr'><strong>curam</strong></span> <span class='ocrx_word' id='word_1_548' title='bbox 3307 3307 3520 3376; x_wconf 77' lang='lat' dir='ltr'><strong>gessit;</strong></span> 
     </span>
    </p>
   </div>
   <div class='ocr_carea' id='block_1_76' title="bbox 1951 3397 3525 3470">
    <p class='ocr_par' dir='ltr' id='par_1_76' title="bbox 1951 3397 3525 3470">
     <span class='ocr_line' id='line_1_76' title="bbox 1951 3397 3525 3470; baseline 0.003 -22"><span class='ocrx_word' id='word_1_549' title='bbox 1951 3397 2101 3450; x_wconf 88' lang='lat' dir='ltr'><strong>illius</strong></span> <span class='ocrx_word' id='word_1_550' title='bbox 2137 3411 2265 3451; x_wconf 88' lang='lat' dir='ltr'><strong>vero</strong></span> <span class='ocrx_word' id='word_1_551' title='bbox 2297 3399 2438 3466; x_wconf 91' lang='lat' dir='ltr'><strong>quod</strong></span> <span class='ocrx_word' id='word_1_552' title='bbox 2488 3409 2668 3454; x_wconf 89' lang='lat' dir='ltr'><strong>autem</strong></span> <span class='ocrx_word' id='word_1_553' title='bbox 2704 3401 2792 3470; x_wconf 89' lang='lat' dir='ltr'><strong>pie</strong></span> <span class='ocrx_word' id='word_1_554' title='bbox 2826 3400 3186 3465; x_wconf 86' lang='lat' dir='ltr'><strong>inclinaverit,</strong></span> <span class='ocrx_word' id='word_1_555' title='bbox 3219 3408 3274 3453; x_wconf 90' lang='lat' dir='ltr'><strong>et</strong></span> <span class='ocrx_word' id='word_1_556' title='bbox 3307 3400 3525 3469; x_wconf 89' lang='lat' dir='ltr'><strong>roganti</strong></span> 
     </span>
    </p>
   </div>
   <div class='ocr_carea' id='block_1_77' title="bbox 1956 3487 3525 3561">
    <p class='ocr_par' dir='ltr' id='par_1_77' title="bbox 1956 3487 3525 3561">
     <span class='ocr_line' id='line_1_77' title="bbox 1956 3487 3525 3561; baseline 0.002 -20"><span class='ocrx_word' id='word_1_557' title='bbox 1956 3487 2213 3556; x_wconf 86' lang='lat' dir='ltr'><strong>pulchras</strong></span> <span class='ocrx_word' id='word_1_558' title='bbox 2262 3491 2571 3558; x_wconf 79' lang='lat' dir='ltr'><strong>exsequias,</strong></span> <span class='ocrx_word' id='word_1_559' title='bbox 2610 3491 2935 3561; x_wconf 77' lang='lat' dir='ltr'><strong>persolverit</strong></span> <span class='ocrx_word' id='word_1_560' title='bbox 2984 3491 3402 3547; x_wconf 85' lang='lat' dir='ltr'><strong>conversionem</strong></span> <span class='ocrx_word' id='word_1_561' title='bbox 3431 3507 3525 3547; x_wconf 69' lang='lat' dir='ltr'><strong>oro</strong></span> 
     </span>
    </p>
   </div>
   <div class='ocr_carea' id='block_1_78' title="bbox 1957 3579 3523 3650">
    <p class='ocr_par' dir='ltr' id='par_1_78' title="bbox 1957 3579 3523 3650">
     <span class='ocr_line' id='line_1_78' title="bbox 1957 3579 3523 3650; baseline 0.004 -19"><span class='ocrx_word' id='word_1_562' title='bbox 1957 3579 2273 3633; x_wconf 75' lang='lat' dir='ltr'><strong>thodoxam.</strong></span> <span class='ocrx_word' id='word_1_563' title='bbox 2348 3580 2589 3636; x_wconf 89' lang='lat' dir='ltr'><strong>Decessit</strong></span> <span class='ocrx_word' id='word_1_564' title='bbox 2647 3581 2740 3634; x_wconf 90' lang='lat' dir='ltr'><strong>illa</strong></span> <span class='ocrx_word' id='word_1_565' title='bbox 2795 3583 3036 3650; x_wconf 84' lang='lat' dir='ltr'><strong>quidem,</strong></span> <span class='ocrx_word' id='word_1_566' title='bbox 3098 3582 3328 3646; x_wconf 88' lang='lat' dir='ltr'><strong>habens,</strong></span> <span class='ocrx_word' id='word_1_567' title='bbox 3396 3598 3523 3638; x_wconf 94' lang='lat' dir='ltr'><strong>cum</strong></span> 
     </span>
    </p>
   </div>
   <div class='ocr_carea' id='block_1_79' title="bbox 1955 3668 3526 3742">
    <p class='ocr_par' dir='ltr' id='par_1_79' title="bbox 1955 3668 3526 3742">
     <span class='ocr_line' id='line_1_79' title="bbox 1955 3668 3526 3742; baseline 0.004 -23"><span class='ocrx_word' id='word_1_568' title='bbox 1955 3670 2178 3737; x_wconf 89' lang='lat' dir='ltr'><strong>propria</strong></span> <span class='ocrx_word' id='word_1_569' title='bbox 2214 3668 2504 3724; x_wconf 88' lang='lat' dir='ltr'><strong>sanctitate</strong></span> <span class='ocrx_word' id='word_1_570' title='bbox 2528 3711 2542 3737; x_wconf 95' lang='lat'><strong>,</strong></span> <span class='ocrx_word' id='word_1_571' title='bbox 2589 3671 2896 3740; x_wconf 86' lang='lat' dir='ltr'><strong>jucundum</strong></span> <span class='ocrx_word' id='word_1_572' title='bbox 2929 3688 3128 3727; x_wconf 90' lang='lat' dir='ltr'><strong>munus</strong></span> <span class='ocrx_word' id='word_1_573' title='bbox 3161 3674 3306 3742; x_wconf 89' lang='lat' dir='ltr'><strong>quod</strong></span> <span class='ocrx_word' id='word_1_574' title='bbox 3335 3673 3526 3728; x_wconf 73' lang='lat' dir='ltr'><strong>offerat</strong></span> 
     </span>
    </p>
   </div>
   <div class='ocr_carea' id='block_1_80' title="bbox 1958 3760 3526 3833">
    <p class='ocr_par' dir='ltr' id='par_1_80' title="bbox 1958 3760 3526 3833">
     <span class='ocr_line' id='line_1_80' title="bbox 1958 3760 3526 3833; baseline 0.004 -22"><span class='ocrx_word' id='word_1_575' title='bbox 1958 3760 2101 3825; x_wconf 90' lang='lat' dir='ltr'><strong>Deo,</strong></span> <span class='ocrx_word' id='word_1_576' title='bbox 2135 3768 2414 3828; x_wconf 86' lang='lat' dir='ltr'><strong>paternam</strong></span> <span class='ocrx_word' id='word_1_577' title='bbox 2461 3762 2727 3828; x_wconf 84' lang='lat' dir='ltr'><strong>salutem;</strong></span> <span class='ocrx_word' id='word_1_578' title='bbox 2783 3763 2870 3815; x_wconf 68' lang='lat' dir='ltr'><strong>hic</strong></span> <span class='ocrx_word' id='word_1_579' title='bbox 2917 3779 3043 3818; x_wconf 77' lang='lat' dir='ltr'><strong>vero</strong></span> <span class='ocrx_word' id='word_1_580' title='bbox 3093 3765 3446 3833; x_wconf 76' lang='lat' dir='ltr'><strong>exspectabat</strong></span> <span class='ocrx_word' id='word_1_581' title='bbox 3494 3780 3526 3818; x_wconf 83' lang='lat' dir='ltr'><strong>a</strong></span> 
     </span>
    </p>
   </div>
   <div class='ocr_carea' id='block_1_81' title="bbox 1956 3853 3526 3925">
    <p class='ocr_par' dir='ltr' id='par_1_81' title="bbox 1956 3853 3526 3925">
     <span class='ocr_line' id='line_1_81' title="bbox 1956 3853 3526 3925; baseline 0.004 -21"><span class='ocrx_word' id='word_1_582' title='bbox 1956 3866 2114 3905; x_wconf 90' lang='lat' dir='ltr'><strong>sacra</strong></span> <span class='ocrx_word' id='word_1_583' title='bbox 2150 3853 2260 3906; x_wconf 81' lang='lat' dir='ltr'><strong>lilia</strong></span> <span class='ocrx_word' id='word_1_584' title='bbox 2314 3854 2460 3922; x_wconf 91' lang='lat' dir='ltr'><strong>pium</strong></span> <span class='ocrx_word' id='word_1_585' title='bbox 2497 3858 2903 3919; x_wconf 81' lang='lat' dir='ltr'><strong>ornamentum,</strong></span> <span class='ocrx_word' id='word_1_586' title='bbox 2936 3858 3287 3925; x_wconf 89' lang='lat' dir='ltr'><strong>omniumque</strong></span> <span class='ocrx_word' id='word_1_587' title='bbox 3337 3872 3526 3912; x_wconf 86' lang='lat' dir='ltr'><strong>revera</strong></span> 
     </span>
    </p>
   </div>
   <div class='ocr_carea' id='block_1_82' title="bbox 1957 3943 3527 4012">
    <p class='ocr_par' dir='ltr' id='par_1_82' title="bbox 1957 3943 3527 4012">
     <span class='ocr_line' id='line_1_82' title="bbox 1957 3943 3527 4012; baseline 0.003 -17"><span class='ocrx_word' id='word_1_588' title='bbox 1957 3943 2390 3998; x_wconf 88' lang='lat' dir='ltr'><strong>orthodoxorum</strong></span> <span class='ocrx_word' id='word_1_589' title='bbox 2423 3946 2870 4000; x_wconf 85' lang='lat' dir='ltr'><strong>exsultationem.</strong></span> <span class='ocrx_word' id='word_1_590' title='bbox 2905 3945 3051 4000; x_wconf 86' lang='lat' dir='ltr'><strong>Unde</strong></span> <span class='ocrx_word' id='word_1_591' title='bbox 3083 3947 3222 3999; x_wconf 83' lang='lat' dir='ltr'><strong>em’m</strong></span> <span class='ocrx_word' id='word_1_592' title='bbox 3253 3947 3379 4012; x_wconf 76' lang='lat' dir='ltr'><strong>scis,</strong></span> <span class='ocrx_word' id='word_1_593' title='bbox 3407 3963 3527 4000; x_wconf 77' lang='lat' dir='ltr'><strong>mu-</strong></span> 
     </span>
    </p>
   </div>
   <div class='ocr_carea' id='block_1_83' title="bbox 1959 4035 3526 4107">
    <p class='ocr_par' dir='ltr' id='par_1_83' title="bbox 1959 4035 3526 4107">
     <span class='ocr_line' id='line_1_83' title="bbox 1959 4035 3526 4107; baseline 0.004 -20"><span class='ocrx_word' id='word_1_594' title='bbox 1959 4037 2075 4100; x_wconf 84' lang='lat' dir='ltr'><strong>lier,</strong></span> <span class='ocrx_word' id='word_1_595' title='bbox 2109 4035 2306 4105; x_wconf 90' lang='lat' dir='ltr'><strong>inquit,</strong></span> <span class='ocrx_word' id='word_1_596' title='bbox 2339 4037 2385 4090; x_wconf 73' lang='lat' dir='ltr'><strong>si</strong></span> <span class='ocrx_word' id='word_1_597' title='bbox 2418 4037 2587 4090; x_wconf 81' lang='lat' dir='ltr'><strong>virum</strong></span> <span class='ocrx_word' id='word_1_598' title='bbox 2618 4038 2821 4091; x_wconf 80' lang='lat' dir='ltr'><strong>salvum</strong></span> <span class='ocrx_word' id='word_1_599' title='bbox 2849 4038 3052 4106; x_wconf 76' lang='lat' dir='ltr'><strong>facies?</strong></span> <span class='ocrx_word' id='word_1_600' title='bbox 3095 4051 3183 4092; x_wconf 79' lang='lat' dir='ltr'><strong>aut</strong></span> <span class='ocrx_word' id='word_1_601' title='bbox 3214 4041 3350 4093; x_wconf 81' lang='lat' dir='ltr'><strong>unde</strong></span> <span class='ocrx_word' id='word_1_602' title='bbox 3398 4057 3526 4107; x_wconf 71' lang='lat' dir='ltr'><strong>acts,</strong></span> 
     </span>
    </p>
   </div>
   <div class='ocr_carea' id='block_1_84' title="bbox 1959 4129 3524 4204">
    <p class='ocr_par' dir='ltr' id='par_1_84' title="bbox 1959 4129 3524 4204">
     <span class='ocr_line' id='line_1_84' title="bbox 1959 4129 3524 4204; baseline 0.004 -24"><span class='ocrx_word' id='word_1_603' title='bbox 1959 4131 2058 4192; x_wconf 84' lang='lat' dir='ltr'><strong>vir,</strong></span> <span class='ocrx_word' id='word_1_604' title='bbox 2093 4129 2138 4181; x_wconf 74' lang='lat' dir='ltr'><strong>si</strong></span> <span class='ocrx_word' id='word_1_605' title='bbox 2176 4129 2448 4182; x_wconf 81' lang='lat' dir='ltr'><strong>mulierem</strong></span> <span class='ocrx_word' id='word_1_606' title='bbox 2494 4130 2696 4183; x_wconf 80' lang='lat' dir='ltr'><strong>salvam</strong></span> <span class='ocrx_word' id='word_1_607' title='bbox 2728 4131 2892 4200; x_wconf 80' lang='lat' dir='ltr'><strong>[acies</strong></span> <span class='ocrx_word' id='word_1_608' title='bbox 2914 4132 3000 4184; x_wconf 69' lang='lat'><strong>&quot;2&#39;</strong></span> <span class='ocrx_word' id='word_1_609' title='bbox 3044 4130 3212 4187; x_wconf 85' lang='lat' dir='ltr'><strong>Nobis</strong></span> <span class='ocrx_word' id='word_1_610' title='bbox 3242 4136 3524 4204; x_wconf 86' lang='lat' dir='ltr'><strong>paululum</strong></span> 
     </span>
    </p>
   </div>
   <div class='ocr_carea' id='block_1_85' title="bbox 1960 4223 3525 4298">
    <p class='ocr_par' dir='ltr' id='par_1_85' title="bbox 1960 4223 3525 4298">
     <span class='ocr_line' id='line_1_85' title="bbox 1960 4223 3525 4298; baseline 0.005 -24"><span class='ocrx_word' id='word_1_611' title='bbox 1960 4223 2385 4288; x_wconf 86' lang='lat' dir='ltr'><strong>immutandum,</strong></span> <span class='ocrx_word' id='word_1_612' title='bbox 2417 4223 2543 4293; x_wconf 87' lang='lat' dir='ltr'><strong>quia</strong></span> <span class='ocrx_word' id='word_1_613' title='bbox 2579 4225 2807 4280; x_wconf 87' lang='lat' dir='ltr'><strong>salvavit</strong></span> <span class='ocrx_word' id='word_1_614' title='bbox 2851 4226 2961 4281; x_wconf 85' lang='lat' dir='ltr'><strong>lilia</strong></span> <span class='ocrx_word' id='word_1_615' title='bbox 3013 4239 3243 4298; x_wconf 84' lang='lat' dir='ltr'><strong>patrem.</strong></span> <span class='ocrx_word' id='word_1_616' title='bbox 3290 4227 3355 4283; x_wconf 85' lang='lat' dir='ltr'><strong>Et</strong></span> <span class='ocrx_word' id='word_1_617' title='bbox 3398 4228 3525 4283; x_wconf 77' lang='lat' dir='ltr'><strong>felix</strong></span> 
     </span>
    </p>
   </div>
   <div class='ocr_carea' id='block_1_86' title="bbox 1962 4314 3526 4388">
    <p class='ocr_par' dir='ltr' id='par_1_86' title="bbox 1962 4314 3526 4388">
     <span class='ocr_line' id='line_1_86' title="bbox 1962 4314 3526 4388; baseline 0.006 -21"><span class='ocrx_word' id='word_1_618' title='bbox 1962 4315 2050 4368; x_wconf 91' lang='lat' dir='ltr'><strong>illa</strong></span> <span class='ocrx_word' id='word_1_619' title='bbox 2113 4322 2344 4370; x_wconf 84' lang='lat' dir='ltr'><strong>sancta:</strong></span> <span class='ocrx_word' id='word_1_620' title='bbox 2383 4325 2433 4369; x_wconf 82' lang='lat' dir='ltr'><strong>et</strong></span> <span class='ocrx_word' id='word_1_621' title='bbox 2483 4325 2537 4370; x_wconf 93' lang='lat' dir='ltr'><strong>tu</strong></span> <span class='ocrx_word' id='word_1_622' title='bbox 2583 4333 2803 4388; x_wconf 88' lang='lat' dir='ltr'><strong>quoque</strong></span> <span class='ocrx_word' id='word_1_623' title='bbox 2863 4314 3074 4387; x_wconf 79' lang='lat' dir='ltr'><strong>beatus,</strong></span> <span class='ocrx_word' id='word_1_624' title='bbox 3113 4335 3147 4376; x_wconf 96' lang='lat' dir='ltr'><strong>o</strong></span> <span class='ocrx_word' id='word_1_625' title='bbox 3185 4321 3526 4376; x_wconf 86' lang='lat' dir='ltr'><strong>charissime.</strong></span> 
     </span>
    </p>
   </div>
   <div class='ocr_carea' id='block_1_87' title="bbox 1961 4403 3532 4469">
    <p class='ocr_par' dir='ltr' id='par_1_87' title="bbox 1961 4403 3532 4469">
     <span class='ocr_line' id='line_1_87' title="bbox 1961 4403 3532 4469; baseline 0.006 -13"><span class='ocrx_word' id='word_1_626' title='bbox 1961 4403 2288 4459; x_wconf 83' lang='lat' dir='ltr'><strong>Persuasum</strong></span> <span class='ocrx_word' id='word_1_627' title='bbox 2320 4408 2463 4460; x_wconf 90' lang='lat' dir='ltr'><strong>enim</strong></span> <span class='ocrx_word' id='word_1_628' title='bbox 2498 4407 2672 4462; x_wconf 84' lang='lat' dir='ltr'><strong>habeo</strong></span> <span class='ocrx_word' id='word_1_629' title='bbox 2706 4407 2821 4462; x_wconf 89' lang='lat' dir='ltr'><strong>fore</strong></span> <span class='ocrx_word' id='word_1_630' title='bbox 2850 4418 2908 4462; x_wconf 92' lang='lat' dir='ltr'><strong>ut</strong></span> <span class='ocrx_word' id='word_1_631' title='bbox 2941 4418 3108 4465; x_wconf 91' lang='lat' dir='ltr'><strong>totam</strong></span> <span class='ocrx_word' id='word_1_632' title='bbox 3153 4420 3328 4465; x_wconf 86' lang='lat' dir='ltr'><strong>tecum</strong></span> <span class='ocrx_word' id='word_1_633' title='bbox 3372 4411 3532 4469; x_wconf 85' lang='lat' dir='ltr'><strong>fami-</strong></span> 
     </span>
    </p>
   </div>
   <div class='ocr_carea' id='block_1_88' title="bbox 1965 4498 3526 4570">
    <p class='ocr_par' dir='ltr' id='par_1_88' title="bbox 1965 4498 3526 4570">
     <span class='ocr_line' id='line_1_88' title="bbox 1965 4498 3526 4570; baseline 0.006 -21"><span class='ocrx_word' id='word_1_634' title='bbox 1965 4498 2119 4560; x_wconf 89' lang='lat' dir='ltr'><strong>liam,</strong></span> <span class='ocrx_word' id='word_1_635' title='bbox 2149 4513 2213 4552; x_wconf 89' lang='lat' dir='ltr'><strong>ac</strong></span> <span class='ocrx_word' id='word_1_636' title='bbox 2241 4499 2470 4554; x_wconf 77' lang='lat' dir='ltr'><strong>fortasse</strong></span> <span class='ocrx_word' id='word_1_637' title='bbox 2490 4501 2894 4570; x_wconf 86' lang='lat' dir='ltr'><strong>cognationem.</strong></span> <span class='ocrx_word' id='word_1_638' title='bbox 2919 4504 3279 4557; x_wconf 80' lang='lat' dir='ltr'><strong>orthodoxam</strong></span> <span class='ocrx_word' id='word_1_639' title='bbox 3310 4503 3526 4570; x_wconf 88' lang='lat' dir='ltr'><strong>reddas,</strong></span> 
     </span>
    </p>
   </div>
   <div class='ocr_carea' id='block_1_89' title="bbox 1961 4588 3532 4663">
    <p class='ocr_par' dir='ltr' id='par_1_89' title="bbox 1961 4588 3532 4663">
     <span class='ocr_line' id='line_1_89' title="bbox 1961 4588 3532 4663; baseline 0.003 -20"><span class='ocrx_word' id='word_1_640' title='bbox 1961 4602 2014 4644; x_wconf 87' lang='lat' dir='ltr'><strong>et</strong></span> <span class='ocrx_word' id='word_1_641' title='bbox 2048 4588 2118 4643; x_wconf 89' lang='lat' dir='ltr'><strong>ad</strong></span> <span class='ocrx_word' id='word_1_642' title='bbox 2166 4590 2447 4645; x_wconf 89' lang='lat' dir='ltr'><strong>Christum</strong></span> <span class='ocrx_word' id='word_1_643' title='bbox 2479 4591 2770 4646; x_wconf 89' lang='lat' dir='ltr'><strong>Dominum</strong></span> <span class='ocrx_word' id='word_1_644' title='bbox 2825 4595 3102 4649; x_wconf 88' lang='lat' dir='ltr'><strong>adducas:</strong></span> <span class='ocrx_word' id='word_1_645' title='bbox 3131 4603 3188 4648; x_wconf 89' lang='lat' dir='ltr'><strong>ut</strong></span> <span class='ocrx_word' id='word_1_646' title='bbox 3227 4609 3291 4647; x_wconf 88' lang='lat' dir='ltr'><strong>ex</strong></span> <span class='ocrx_word' id='word_1_647' title='bbox 3348 4609 3532 4663; x_wconf 85' lang='lat' dir='ltr'><strong>perso-</strong></span> 
     </span>
    </p>
   </div>
   <div class='ocr_carea' id='block_1_90' title="bbox 1965 4683 3531 4755">
    <p class='ocr_par' dir='ltr' id='par_1_90' title="bbox 1965 4683 3531 4755">
     <span class='ocr_line' id='line_1_90' title="bbox 1965 4683 3531 4755; baseline 0.003 -21"><span class='ocrx_word' id='word_1_648' title='bbox 1965 4696 2158 4735; x_wconf 90' lang='lat' dir='ltr'><strong>narum</strong></span> <span class='ocrx_word' id='word_1_649' title='bbox 2201 4697 2472 4742; x_wconf 83' lang='lat' dir='ltr'><strong>numero.</strong></span> <span class='ocrx_word' id='word_1_650' title='bbox 2519 4683 2840 4738; x_wconf 87' lang='lat' dir='ltr'><strong>benetlcium</strong></span> <span class='ocrx_word' id='word_1_651' title='bbox 2892 4687 3034 4755; x_wconf 91' lang='lat' dir='ltr'><strong>quod</strong></span> <span class='ocrx_word' id='word_1_652' title='bbox 3088 4685 3375 4754; x_wconf 86' lang='lat' dir='ltr'><strong>accepistis</strong></span> <span class='ocrx_word' id='word_1_653' title='bbox 3435 4700 3531 4755; x_wconf 91' lang='lat' dir='ltr'><strong>per</strong></span> 
     </span>
    </p>
   </div>
   <div class='ocr_carea' id='block_1_91' title="bbox 297 4771 1845 4850">
    <p class='ocr_par' dir='ltr' id='par_1_91' title="bbox 297 4771 1845 4850">
     <span class='ocr_line' id='line_1_91' title="bbox 297 4771 1845 4850; baseline -0.006 -19"><span class='ocrx_word' id='word_1_654' title='bbox 297 4796 471 4850; x_wconf 87' lang='grc' dir='ltr'>ρισμα</span> <span class='ocrx_word' id='word_1_655' title='bbox 491 4777 579 4831; x_wconf 86' lang='grc' dir='ltr'>διὰ</span> <span class='ocrx_word' id='word_1_656' title='bbox 611 4775 822 4830; x_wconf 83' lang='grc' dir='ltr'>πολλῶν</span> <span class='ocrx_word' id='word_1_657' title='bbox 854 4775 1220 4846; x_wconf 84' lang='grc' dir='ltr'>εὐχαριστηθῇ</span> <span class='ocrx_word' id='word_1_658' title='bbox 1252 4773 1392 4845; x_wconf 84' lang='grc' dir='ltr'>ὑπὲρ</span> <span class='ocrx_word' id='word_1_659' title='bbox 1417 4771 1593 4842; x_wconf 86' lang='grc' dir='ltr'>ὑμῶν.</span> <span class='ocrx_word' id='word_1_660' title='bbox 1624 4771 1845 4824; x_wconf 80' lang='grc' dir='ltr'>Τοιαύττ</span> 
     </span>
    </p>
   </div>
   <div class='ocr_carea' id='block_1_92' title="bbox 1948 4771 3530 4850">
    <p class='ocr_par' dir='ltr' id='par_1_92' title="bbox 1969 4774 3530 4848">
     <span class='ocr_line' id='line_1_92' title="bbox 1969 4774 3530 4848; baseline 0.003 -22"><span class='ocrx_word' id='word_1_661' title='bbox 1969 4774 2174 4828; x_wconf 91' lang='lat' dir='ltr'><strong>multos</strong></span> <span class='ocrx_word' id='word_1_662' title='bbox 2213 4788 2335 4826; x_wconf 85' lang='lat' dir='ltr'><strong>cum</strong></span> <span class='ocrx_word' id='word_1_663' title='bbox 2369 4774 2668 4842; x_wconf 84' lang='lat' dir='ltr'><strong>gratiarum</strong></span> <span class='ocrx_word' id='word_1_664' title='bbox 2703 4777 2916 4831; x_wconf 89' lang='lat' dir='ltr'><strong>actione</strong></span> <span class='ocrx_word' id='word_1_665' title='bbox 2953 4794 3052 4848; x_wconf 90' lang='lat' dir='ltr'><strong>pro</strong></span> <span class='ocrx_word' id='word_1_666' title='bbox 3093 4777 3248 4832; x_wconf 83' lang='lat' dir='ltr'><strong>vobis</strong></span> <span class='ocrx_word' id='word_1_667' title='bbox 3289 4776 3530 4833; x_wconf 80' lang='lat' dir='ltr'><strong>celebre-</strong></span> 
     </span>
    </p>
   </div>
   <div class='ocr_carea' id='block_1_93' title="bbox 294 4862 1856 4940">
    <p class='ocr_par' dir='ltr' id='par_1_93' title="bbox 294 4862 1856 4940">
     <span class='ocr_line' id='line_1_93' title="bbox 294 4862 1856 4940; baseline -0.006 -18"><span class='ocrx_word' id='word_1_668' title='bbox 294 4874 331 4940; x_wconf 79' lang='grc' dir='ltr'>ὴ</span> <span class='ocrx_word' id='word_1_669' title='bbox 360 4869 480 4922; x_wconf 88' lang='grc' dir='ltr'>θεία</span> <span class='ocrx_word' id='word_1_670' title='bbox 511 4867 795 4939; x_wconf 79' lang='grc' dir='ltr'>προσφορά</span> <span class='ocrx_word' id='word_1_671' title='bbox 821 4906 836 4934; x_wconf 85' lang='grc'><strong>,</strong></span> <span class='ocrx_word' id='word_1_672' title='bbox 863 4867 958 4919; x_wconf 73' lang='grc' dir='ltr'><strong>καὶ</strong></span> <span class='ocrx_word' id='word_1_673' title='bbox 986 4866 1244 4936; x_wconf 83' lang='grc' dir='ltr'>καλλίστη</span> <span class='ocrx_word' id='word_1_674' title='bbox 1279 4883 1372 4918; x_wconf 90' lang='grc' dir='ltr'><strong>σου</strong></span> <span class='ocrx_word' id='word_1_675' title='bbox 1402 4866 1435 4935; x_wconf 84' lang='grc' dir='ltr'>ἡ</span> <span class='ocrx_word' id='word_1_676' title='bbox 1471 4862 1752 4934; x_wconf 73' lang='grc' dir='ltr'>ὁμολογία,</span> <span class='ocrx_word' id='word_1_677' title='bbox 1791 4864 1856 4931; x_wconf 78' lang='grc' dir='ltr'>ἣν</span> 
     </span>
    </p>
   </div>
   <div class='ocr_carea' id='block_1_94' title="bbox 295 4954 1861 5032">
    <p class='ocr_par' dir='ltr' id='par_1_94' title="bbox 295 4954 1861 5032">
     <span class='ocr_line' id='line_1_94' title="bbox 295 4954 1861 5032; baseline -0.007 -17"><span class='ocrx_word' id='word_1_678' title='bbox 295 4965 358 5016; x_wconf 72' lang='grc' dir='ltr'>ιν</span> <span class='ocrx_word' id='word_1_679' title='bbox 398 4963 511 5024; x_wconf 89' lang='grc' dir='ltr'>τοίς</span> <span class='ocrx_word' id='word_1_680' title='bbox 561 4960 888 5032; x_wconf 86' lang='grc' dir='ltr'>γράμμασιν</span> <span class='ocrx_word' id='word_1_681' title='bbox 935 4958 1288 5029; x_wconf 84' lang='grc' dir='ltr'>ὡμολόγησας</span> <span class='ocrx_word' id='word_1_682' title='bbox 1327 4957 1556 5011; x_wconf 74' lang='grc' dir='ltr'>ἐνώπιον</span> <span class='ocrx_word' id='word_1_683' title='bbox 1594 4954 1728 5009; x_wconf 82' lang='grc' dir='ltr'>Θεοῦ</span> <span class='ocrx_word' id='word_1_684' title='bbox 1768 4954 1861 5007; x_wconf 80' lang='grc' dir='ltr'><strong>καὶ</strong></span> 
     </span>
    </p>
   </div>
   <div class='ocr_carea' id='block_1_95' title="bbox 295 5050 623 5123">
    <p class='ocr_par' dir='ltr' id='par_1_95' title="bbox 295 5050 623 5123">
     <span class='ocr_line' id='line_1_95' title="bbox 295 5050 623 5123; baseline -0.015 -14"><span class='ocrx_word' id='word_1_685' title='bbox 295 5053 396 5109; x_wconf 83' lang='grc' dir='ltr'>ἀνθ</span> <span class='ocrx_word' id='word_1_686' title='bbox 404 5050 623 5123; x_wconf 85' lang='grc' dir='ltr'>ρώπων.</span> 
     </span>
    </p>
   </div>
   <div class='ocr_carea' id='block_1_96' title="bbox 370 5139 1865 5213">
    <p class='ocr_par' dir='ltr' id='par_1_96' title="bbox 370 5139 1865 5213">
     <span class='ocr_line' id='line_1_96' title="bbox 370 5139 1865 5213; baseline -0.005 -16"><span class='ocrx_word' id='word_1_687' title='bbox 370 5143 527 5202; x_wconf 77' lang='grc' dir='ltr'>Οὕτω</span> <span class='ocrx_word' id='word_1_688' title='bbox 559 5143 666 5213; x_wconf 85' lang='grc' dir='ltr'>γὰρ</span> <span class='ocrx_word' id='word_1_689' title='bbox 698 5141 980 5212; x_wconf 78' lang='grc' dir='ltr'>ὴάληθινὴ</span> <span class='ocrx_word' id='word_1_690' title='bbox 1011 5141 1190 5203; x_wconf 80' lang='grc' dir='ltr'>πίστις</span> <span class='ocrx_word' id='word_1_691' title='bbox 1214 5139 1320 5192; x_wconf 85' lang='grc' dir='ltr'><strong>τῶν</strong></span> <span class='ocrx_word' id='word_1_692' title='bbox 1344 5139 1702 5209; x_wconf 59' lang='grc' dir='ltr'>Χριστιανῶν</span> <span class='ocrx_word' id='word_1_693' title='bbox 1724 5139 1865 5190; x_wconf 86' lang='grc' dir='ltr'>κατά</span> 
     </span>
    </p>
   </div>
   <div class='ocr_carea' id='block_1_97' title="bbox 302 5231 1863 5307">
    <p class='ocr_par' dir='ltr' id='par_1_97' title="bbox 302 5231 1863 5307">
     <span class='ocr_line' id='line_1_97' title="bbox 302 5231 1863 5307; baseline -0.004 -19"><span class='ocrx_word' id='word_1_694' title='bbox 302 5234 406 5307; x_wconf 72' lang='grc' dir='ltr'>μὶν</span> <span class='ocrx_word' id='word_1_695' title='bbox 441 5235 503 5288; x_wconf 88' lang='grc' dir='ltr'><strong>τὸ</strong></span> <span class='ocrx_word' id='word_1_696' title='bbox 532 5236 631 5306; x_wconf 80' lang='grc' dir='ltr'>τῆς</span> <span class='ocrx_word' id='word_1_697' title='bbox 667 5233 945 5301; x_wconf 85' lang='grc' dir='ltr'>θεολογίας</span> <span class='ocrx_word' id='word_1_698' title='bbox 977 5233 1155 5304; x_wconf 88' lang='grc' dir='ltr'>δόγμα</span> <span class='ocrx_word' id='word_1_699' title='bbox 1209 5233 1484 5285; x_wconf 76' lang='grc' dir='ltr'>πιστεύειν</span> <span class='ocrx_word' id='word_1_700' title='bbox 1518 5232 1596 5294; x_wconf 90' lang='grc' dir='ltr'><strong>είς</strong></span> <span class='ocrx_word' id='word_1_701' title='bbox 1627 5231 1863 5299; x_wconf 88' lang='grc' dir='ltr'>Πατέρα,</span> 
     </span>
    </p>
   </div>
   <div class='ocr_carea' id='block_1_98' title="bbox 300 5319 1866 5395">
    <p class='ocr_par' dir='ltr' id='par_1_98' title="bbox 300 5319 1866 5395">
     <span class='ocr_line' id='line_1_98' title="bbox 300 5319 1866 5395; baseline -0.006 -13"><span class='ocrx_word' id='word_1_702' title='bbox 300 5329 398 5382; x_wconf 77' lang='grc' dir='ltr'><strong>καὶ</strong></span> <span class='ocrx_word' id='word_1_703' title='bbox 417 5326 568 5387; x_wconf 87' lang='grc' dir='ltr'>Υίὸν,</span> <span class='ocrx_word' id='word_1_704' title='bbox 599 5327 694 5378; x_wconf 75' lang='grc' dir='ltr'>καὶ</span> <span class='ocrx_word' id='word_1_705' title='bbox 723 5334 877 5393; x_wconf 87' lang='grc' dir='ltr'>αγιον</span> <span class='ocrx_word' id='word_1_706' title='bbox 910 5326 1130 5395; x_wconf 84' lang='grc' dir='ltr'>Πνεῦμα</span> <span class='ocrx_word' id='word_1_707' title='bbox 1151 5340 1164 5354; x_wconf 85' lang='lat'><strong><em>°</em></strong></span> <span class='ocrx_word' id='word_1_708' title='bbox 1191 5327 1247 5377; x_wconf 77' lang='grc' dir='ltr'>ὲν</span> <span class='ocrx_word' id='word_1_709' title='bbox 1271 5319 1352 5386; x_wconf 79' lang='grc' dir='ltr'>οἷς</span> <span class='ocrx_word' id='word_1_710' title='bbox 1380 5326 1474 5376; x_wconf 79' lang='grc' dir='ltr'><strong>καὶ</strong></span> <span class='ocrx_word' id='word_1_711' title='bbox 1500 5323 1560 5376; x_wconf 85' lang='grc' dir='ltr'><strong>τὸ</strong></span> <span class='ocrx_word' id='word_1_712' title='bbox 1585 5324 1866 5393; x_wconf 85' lang='grc' dir='ltr'>βάπτισμα</span> 
     </span>
    </p>
   </div>
   <div class='ocr_carea' id='block_1_99' title="bbox 299 5412 1863 5487">
    <p class='ocr_par' dir='ltr' id='par_1_99' title="bbox 299 5412 1863 5487">
     <span class='ocr_line' id='line_1_99' title="bbox 299 5412 1863 5487; baseline -0.003 -19"><span class='ocrx_word' id='word_1_713' title='bbox 299 5420 402 5487; x_wconf 75' lang='grc' dir='ltr'><strong>τὴν</strong></span> <span class='ocrx_word' id='word_1_714' title='bbox 423 5415 704 5470; x_wconf 81' lang='grc' dir='ltr'>τελείωσιν</span> <span class='ocrx_word' id='word_1_715' title='bbox 726 5416 839 5486; x_wconf 73' lang='grc' dir='ltr'>ἔχει</span> <span class='ocrx_word' id='word_1_716' title='bbox 860 5430 874 5445; x_wconf 72' lang='grc' dir='ltr'><strong><em>ο</em></strong></span> <span class='ocrx_word' id='word_1_717' title='bbox 902 5415 1034 5469; x_wconf 84' lang='grc' dir='ltr'>Θεὸν</span> <span class='ocrx_word' id='word_1_718' title='bbox 1063 5415 1156 5468; x_wconf 89' lang='grc' dir='ltr'><strong>τὸν</strong></span> <span class='ocrx_word' id='word_1_719' title='bbox 1189 5415 1429 5484; x_wconf 89' lang='grc' dir='ltr'>Πατέρα,</span> <span class='ocrx_word' id='word_1_720' title='bbox 1447 5413 1578 5466; x_wconf 85' lang='grc' dir='ltr'>Θεὸν</span> <span class='ocrx_word' id='word_1_721' title='bbox 1604 5412 1693 5466; x_wconf 89' lang='grc' dir='ltr'><strong>τὸν</strong></span> <span class='ocrx_word' id='word_1_722' title='bbox 1714 5412 1863 5476; x_wconf 82' lang='grc' dir='ltr'>Υίὸν,</span> 
     </span>
    </p>
   </div>
   <div class='ocr_carea' id='block_1_100' title="bbox 299 5503 1860 5575">
    <p class='ocr_par' dir='ltr' id='par_1_100' title="bbox 299 5503 1860 5575">
     <span class='ocr_line' id='line_1_100' title="bbox 299 5503 1860 5575; baseline -0.004 -15"><span class='ocrx_word' id='word_1_723' title='bbox 299 5507 437 5560; x_wconf 84' lang='grc' dir='ltr'>Θεὸν</span> <span class='ocrx_word' id='word_1_724' title='bbox 469 5505 530 5560; x_wconf 84' lang='grc' dir='ltr'><strong>τὸ</strong></span> <span class='ocrx_word' id='word_1_725' title='bbox 556 5505 780 5575; x_wconf 77' lang='grc' dir='ltr'>Πνεῦμα</span> <span class='ocrx_word' id='word_1_726' title='bbox 799 5505 860 5559; x_wconf 90' lang='grc' dir='ltr'><strong>τὸ</strong></span> <span class='ocrx_word' id='word_1_727' title='bbox 887 5505 1041 5575; x_wconf 73' lang='grc' dir='ltr'>ἅγιον</span> <span class='ocrx_word' id='word_1_728' title='bbox 1058 5522 1072 5537; x_wconf 91' lang='grc'><strong>·</strong></span> <span class='ocrx_word' id='word_1_729' title='bbox 1091 5505 1171 5568; x_wconf 85' lang='grc' dir='ltr'><strong>είς</strong></span> <span class='ocrx_word' id='word_1_730' title='bbox 1199 5505 1296 5559; x_wconf 74' lang='grc' dir='ltr'>ἕνα</span> <span class='ocrx_word' id='word_1_731' title='bbox 1316 5504 1469 5570; x_wconf 85' lang='grc' dir='ltr'>Θεὸν,</span> <span class='ocrx_word' id='word_1_732' title='bbox 1485 5503 1580 5558; x_wconf 75' lang='grc' dir='ltr'>καὶ</span> <span class='ocrx_word' id='word_1_733' title='bbox 1603 5504 1662 5558; x_wconf 87' lang='grc' dir='ltr'><strong>οὐ</strong></span> <span class='ocrx_word' id='word_1_734' title='bbox 1692 5505 1860 5575; x_wconf 80' lang='grc' dir='ltr'>τρεῖς,</span> 
     </span>
    </p>
   </div>
   <div class='ocr_carea' id='block_1_101' title="bbox 377 5640 1421 5707">
    <p class='ocr_par' dir='ltr' id='par_1_101' title="bbox 377 5640 1421 5707">
     <span class='ocr_line' id='line_1_101' title="bbox 377 5640 1421 5707; baseline -0.005 -8"><span class='ocrx_word' id='word_1_735' title='bbox 377 5644 419 5674; x_wconf 86' lang='grc'><strong>¹⁹</strong></span> <span class='ocrx_word' id='word_1_736' title='bbox 448 5641 580 5698; x_wconf 88' lang='lat' dir='ltr'><strong>Luc.</strong></span> <span class='ocrx_word' id='word_1_737' title='bbox 640 5659 726 5706; x_wconf 87' lang='lat' dir='ltr'><strong>xv,</strong></span> <span class='ocrx_word' id='word_1_738' title='bbox 757 5643 805 5699; x_wconf 87' lang='lat'><strong>7.</strong></span> <span class='ocrx_word' id='word_1_739' title='bbox 896 5643 956 5674; x_wconf 68' lang='lat'><strong>&quot;°</strong></span> <span class='ocrx_word' id='word_1_740' title='bbox 1015 5641 1032 5694; x_wconf 93' lang='lat' dir='ltr'>I</span> <span class='ocrx_word' id='word_1_741' title='bbox 1065 5641 1190 5697; x_wconf 86' lang='lat' dir='ltr'><strong>Cor.</strong></span> <span class='ocrx_word' id='word_1_742' title='bbox 1210 5656 1302 5707; x_wconf 78' lang='lat' dir='ltr'><strong>vit,</strong></span> <span class='ocrx_word' id='word_1_743' title='bbox 1335 5640 1421 5695; x_wconf 75' lang='grc'><strong>16.</strong></span> 
     </span>
    </p>
   </div>
   <div class='ocr_carea' id='block_1_102' title="bbox 1967 4863 3532 4940">
    <p class='ocr_par' dir='ltr' id='par_1_102' title="bbox 1967 4863 3532 4940">
     <span class='ocr_line' id='line_1_102' title="bbox 1967 4863 3532 4940; baseline 0.004 -22"><span class='ocrx_word' id='word_1_744' title='bbox 1967 4874 2075 4919; x_wconf 90' lang='lat' dir='ltr'><strong>tur.</strong></span> <span class='ocrx_word' id='word_1_745' title='bbox 2111 4863 2258 4920; x_wconf 85' lang='lat' dir='ltr'><strong>Talis</strong></span> <span class='ocrx_word' id='word_1_746' title='bbox 2307 4876 2392 4919; x_wconf 87' lang='lat' dir='ltr'><strong>est</strong></span> <span class='ocrx_word' id='word_1_747' title='bbox 2437 4865 2621 4920; x_wconf 87' lang='lat' dir='ltr'><strong>divina</strong></span> <span class='ocrx_word' id='word_1_748' title='bbox 2667 4869 2908 4934; x_wconf 85' lang='lat' dir='ltr'><strong>oblatio,</strong></span> <span class='ocrx_word' id='word_1_749' title='bbox 2957 4880 3012 4925; x_wconf 89' lang='lat' dir='ltr'><strong>et</strong></span> <span class='ocrx_word' id='word_1_750' title='bbox 3039 4868 3406 4940; x_wconf 86' lang='lat' dir='ltr'><strong>pulcherrima</strong></span> <span class='ocrx_word' id='word_1_751' title='bbox 3440 4879 3532 4925; x_wconf 79' lang='lat' dir='ltr'><strong>tua</strong></span> 
     </span>
    </p>
   </div>
   <div class='ocr_carea' id='block_1_103' title="bbox 1967 4956 3532 5030">
    <p class='ocr_par' dir='ltr' id='par_1_103' title="bbox 1967 4956 3532 5030">
     <span class='ocr_line' id='line_1_103' title="bbox 1967 4956 3532 5030; baseline 0.005 -19"><span class='ocrx_word' id='word_1_752' title='bbox 1967 4956 2272 5024; x_wconf 77' lang='lat' dir='ltr'><strong>confessio,</strong></span> <span class='ocrx_word' id='word_1_753' title='bbox 2332 4974 2496 5027; x_wconf 85' lang='lat' dir='ltr'><strong>quam</strong></span> <span class='ocrx_word' id='word_1_754' title='bbox 2546 4975 2643 5030; x_wconf 90' lang='lat' dir='ltr'><strong>per</strong></span> <span class='ocrx_word' id='word_1_755' title='bbox 2691 4961 2900 5018; x_wconf 86' lang='lat' dir='ltr'><strong>litteras</strong></span> <span class='ocrx_word' id='word_1_756' title='bbox 2930 4962 3215 5018; x_wconf 86' lang='lat' dir='ltr'><strong>confessus</strong></span> <span class='ocrx_word' id='word_1_757' title='bbox 3251 4978 3313 5018; x_wconf 84' lang='lat' dir='ltr'><strong>es</strong></span> <span class='ocrx_word' id='word_1_758' title='bbox 3343 4978 3532 5019; x_wconf 84' lang='lat' dir='ltr'><strong>coram</strong></span> 
     </span>
    </p>
   </div>
   <div class='ocr_carea' id='block_1_104' title="bbox 1969 5049 2516 5108">
    <p class='ocr_par' dir='ltr' id='par_1_104' title="bbox 1969 5049 2516 5108">
     <span class='ocr_line' id='line_1_104' title="bbox 1969 5049 2516 5108; baseline 0.011 -6"><span class='ocrx_word' id='word_1_759' title='bbox 1969 5049 2079 5104; x_wconf 88' lang='lat' dir='ltr'><strong>Deo</strong></span> <span class='ocrx_word' id='word_1_760' title='bbox 2107 5059 2160 5104; x_wconf 89' lang='lat' dir='ltr'><strong>et</strong></span> <span class='ocrx_word' id='word_1_761' title='bbox 2185 5050 2516 5108; x_wconf 89' lang='lat' dir='ltr'><strong>hominibus.</strong></span> 
     </span>
    </p>
   </div>
   <div class='ocr_carea' id='block_1_105' title="bbox 2039 5139 3535 5214">
    <p class='ocr_par' dir='ltr' id='par_1_105' title="bbox 2039 5139 3535 5214">
     <span class='ocr_line' id='line_1_105' title="bbox 2039 5139 3535 5214; baseline 0.004 -19"><span class='ocrx_word' id='word_1_762' title='bbox 2039 5139 2132 5196; x_wconf 88' lang='lat' dir='ltr'><strong>Sic</strong></span> <span class='ocrx_word' id='word_1_763' title='bbox 2180 5143 2326 5196; x_wconf 91' lang='lat' dir='ltr'><strong>enim</strong></span> <span class='ocrx_word' id='word_1_764' title='bbox 2369 5159 2497 5198; x_wconf 83' lang='lat' dir='ltr'><strong>vera</strong></span> <span class='ocrx_word' id='word_1_765' title='bbox 2527 5143 2662 5199; x_wconf 83' lang='lat' dir='ltr'><strong>ﬁdes</strong></span> <span class='ocrx_word' id='word_1_766' title='bbox 2712 5144 3184 5214; x_wconf 84' lang='lat' dir='ltr'><strong>Christianorum;</strong></span> <span class='ocrx_word' id='word_1_767' title='bbox 3234 5146 3535 5211; x_wconf 86' lang='lat' dir='ltr'><strong>secundum</strong></span> 
     </span>
    </p>
   </div>
   <div class='ocr_carea' id='block_1_106' title="bbox 1969 5233 3539 5304">
    <p class='ocr_par' dir='ltr' id='par_1_106' title="bbox 1969 5233 3539 5304">
     <span class='ocr_line' id='line_1_106' title="bbox 1969 5233 3539 5304; baseline 0.005 -18"><span class='ocrx_word' id='word_1_768' title='bbox 1969 5233 2254 5303; x_wconf 69' lang='lat' dir='ltr'><strong>theologia:</strong></span> <span class='ocrx_word' id='word_1_769' title='bbox 2303 5235 2522 5304; x_wconf 87' lang='lat' dir='ltr'><strong>quidem</strong></span> <span class='ocrx_word' id='word_1_770' title='bbox 2576 5235 2794 5304; x_wconf 87' lang='lat' dir='ltr'><strong>dogma,</strong></span> <span class='ocrx_word' id='word_1_771' title='bbox 2845 5238 3067 5293; x_wconf 79' lang='lat' dir='ltr'><strong>credere</strong></span> <span class='ocrx_word' id='word_1_772' title='bbox 3112 5239 3162 5292; x_wconf 88' lang='lat' dir='ltr'><strong>in</strong></span> <span class='ocrx_word' id='word_1_773' title='bbox 3212 5237 3452 5304; x_wconf 87' lang='lat' dir='ltr'><strong>Patrem,</strong></span> <span class='ocrx_word' id='word_1_774' title='bbox 3483 5248 3539 5294; x_wconf 89' lang='lat' dir='ltr'><strong>et</strong></span> 
     </span>
    </p>
   </div>
   <div class='ocr_carea' id='block_1_107' title="bbox 1967 5323 3538 5400">
    <p class='ocr_par' dir='ltr' id='par_1_107' title="bbox 1967 5323 3538 5400">
     <span class='ocr_line' id='line_1_107' title="bbox 1967 5323 3538 5400; baseline 0.003 -22"><span class='ocrx_word' id='word_1_775' title='bbox 1967 5323 2187 5389; x_wconf 83' lang='lat' dir='ltr'><strong>Filium,</strong></span> <span class='ocrx_word' id='word_1_776' title='bbox 2218 5334 2270 5380; x_wconf 91' lang='lat' dir='ltr'><strong>et</strong></span> <span class='ocrx_word' id='word_1_777' title='bbox 2303 5325 2564 5396; x_wconf 84' lang='lat' dir='ltr'><strong>Spiritum</strong></span> <span class='ocrx_word' id='word_1_778' title='bbox 2599 5336 2876 5394; x_wconf 86' lang='lat' dir='ltr'><strong>sanctum,</strong></span> <span class='ocrx_word' id='word_1_779' title='bbox 2918 5334 2975 5384; x_wconf 87' lang='lat' dir='ltr'><strong>in</strong></span> <span class='ocrx_word' id='word_1_780' title='bbox 3044 5330 3244 5400; x_wconf 85' lang='lat' dir='ltr'><strong>quibus</strong></span> <span class='ocrx_word' id='word_1_781' title='bbox 3275 5338 3328 5384; x_wconf 87' lang='lat' dir='ltr'><strong>et</strong></span> <span class='ocrx_word' id='word_1_782' title='bbox 3358 5329 3538 5399; x_wconf 81' lang='lat' dir='ltr'><strong>bapti-</strong></span> 
     </span>
    </p>
   </div>
   <div class='ocr_carea' id='block_1_108' title="bbox 1967 5416 3536 5490">
    <p class='ocr_par' dir='ltr' id='par_1_108' title="bbox 1967 5416 3536 5490">
     <span class='ocr_line' id='line_1_108' title="bbox 1967 5416 3536 5490; baseline 0.001 -18"><span class='ocrx_word' id='word_1_783' title='bbox 1967 5431 2087 5472; x_wconf 85' lang='lat' dir='ltr'><strong>sma</strong></span> <span class='ocrx_word' id='word_1_784' title='bbox 2114 5416 2502 5488; x_wconf 85' lang='lat' dir='ltr'><strong>perfectionem</strong></span> <span class='ocrx_word' id='word_1_785' title='bbox 2545 5421 2742 5476; x_wconf 89' lang='lat' dir='ltr'><strong>habet:</strong></span> <span class='ocrx_word' id='word_1_786' title='bbox 2781 5421 2949 5476; x_wconf 89' lang='lat' dir='ltr'><strong>Deum</strong></span> <span class='ocrx_word' id='word_1_787' title='bbox 2983 5421 3410 5490; x_wconf 85' lang='lat' dir='ltr'><strong>Patrem,Deum</strong></span> <span class='ocrx_word' id='word_1_788' title='bbox 3443 5419 3536 5474; x_wconf 81' lang='lat' dir='ltr'><strong>Fi-</strong></span> 
     </span>
    </p>
   </div>
   <div class='ocr_carea' id='block_1_109' title="bbox 1965 5507 3537 5582">
    <p class='ocr_par' dir='ltr' id='par_1_109' title="bbox 1965 5507 3537 5582">
     <span class='ocr_line' id='line_1_109' title="bbox 1965 5507 3537 5582; baseline 0.004 -21"><span class='ocrx_word' id='word_1_789' title='bbox 1965 5507 2129 5575; x_wconf 88' lang='lat' dir='ltr'><strong>lium,</strong></span> <span class='ocrx_word' id='word_1_790' title='bbox 2164 5508 2333 5565; x_wconf 90' lang='lat' dir='ltr'><strong>Deum</strong></span> <span class='ocrx_word' id='word_1_791' title='bbox 2359 5509 2622 5581; x_wconf 89' lang='lat' dir='ltr'><strong>Spiritum</strong></span> <span class='ocrx_word' id='word_1_792' title='bbox 2651 5521 2900 5570; x_wconf 89' lang='lat' dir='ltr'><strong>sanctum</strong></span> <span class='ocrx_word' id='word_1_793' title='bbox 2922 5556 2938 5582; x_wconf 88' lang='lat'><strong>,</strong></span> <span class='ocrx_word' id='word_1_794' title='bbox 2969 5515 3022 5571; x_wconf 90' lang='lat' dir='ltr'><strong>in</strong></span> <span class='ocrx_word' id='word_1_795' title='bbox 3055 5529 3225 5571; x_wconf 87' lang='lat' dir='ltr'><strong>unum</strong></span> <span class='ocrx_word' id='word_1_796' title='bbox 3253 5512 3447 5580; x_wconf 85' lang='lat' dir='ltr'><strong>Deum,</strong></span> <span class='ocrx_word' id='word_1_797' title='bbox 3481 5523 3537 5568; x_wconf 82' lang='lat' dir='ltr'><strong>et</strong></span> 
     </span>
    </p>
   </div>
   <div class='ocr_carea' id='block_1_110' title="bbox 1795 5757 2024 5815">
    <p class='ocr_par' dir='ltr' id='par_1_110' title="bbox 1795 5757 2024 5815">
     <span class='ocr_line' id='line_1_110' title="bbox 1795 5757 2024 5815; baseline 0.009 -4"><span class='ocrx_word' id='word_1_798' title='bbox 1795 5757 2024 5815; x_wconf 69' lang='lat' dir='ltr'><strong>NOTA&#39;I.</strong></span> 
     </span>
    </p>
   </div>
   <div class='ocr_carea' id='block_1_111' title="bbox 378 5893 1067 5966">
    <p class='ocr_par' dir='ltr' id='par_1_111' title="bbox 378 5893 1067 5966">
     <span class='ocr_line' id='line_1_111' title="bbox 378 5893 1067 5966; baseline -0.001 -17"><span class='ocrx_word' id='word_1_799' title='bbox 378 5894 488 5964; x_wconf 76' lang='grc'><strong>(50)</strong></span> <span class='ocrx_word' id='word_1_800' title='bbox 513 5893 569 5948; x_wconf 82' lang='lat' dir='ltr'><strong>lu</strong></span> <span class='ocrx_word' id='word_1_801' title='bbox 604 5893 723 5949; x_wconf 90' lang='lat' dir='ltr'><strong>cod.</strong></span> <span class='ocrx_word' id='word_1_802' title='bbox 753 5894 883 5965; x_wconf 71' lang='lat' dir='ltr'><strong>Reg.</strong></span> <span class='ocrx_word' id='word_1_803' title='bbox 922 5895 1067 5966; x_wconf 83' lang='grc' dir='ltr'>ρκς’.</span> 
     </span>
    </p>
   </div>
   <div class='ocr_carea' id='block_1_112' title="bbox 2051 5895 2498 5968">
    <p class='ocr_par' dir='ltr' id='par_1_112' title="bbox 2051 5895 2498 5968">
     <span class='ocr_line' id='line_1_112' title="bbox 2051 5895 2498 5968; baseline 0.007 -19"><span class='ocrx_word' id='word_1_804' title='bbox 2051 5896 2123 5968; x_wconf 59' lang='grc'><strong>(⁸)</strong></span> <span class='ocrx_word' id='word_1_805' title='bbox 2166 5895 2498 5968; x_wconf 78' lang='lat' dir='ltr'><strong>Dogtnalica.</strong></span> 
     </span>
    </p>
   </div>
  </div>
