  <div class='ocr_page' id='page_1' title='image "/cluster/home/n/w/nwhite01/storage/ocr_20150623/99/uva.x002264937/787.png"; bbox 0 0 4156 6472; ppageno 0'>
   <div class='ocr_carea' id='block_1_1' title="bbox 707 399 844 468">
    <p class='ocr_par' dir='ltr' id='par_1_1' title="bbox 707 399 844 468">
     <span class='ocr_line' id='line_1_1' title="bbox 707 399 844 468; baseline 0.036 -4"><span class='ocrx_word' id='word_1_1' title='bbox 707 399 844 468; x_wconf 72' lang='grc'><strong>1495</strong></span> 
     </span>
    </p>
   </div>
   <div class='ocr_carea' id='block_1_2' title="bbox 1898 396 2779 459">
    <p class='ocr_par' dir='ltr' id='par_1_2' title="bbox 1898 396 2779 459">
     <span class='ocr_line' id='line_1_2' title="bbox 1898 396 2779 459; baseline -0.001 -3"><span class='ocrx_word' id='word_1_2' title='bbox 1898 402 1956 456; x_wconf 65' lang='lat'><strong>5‘.</strong></span> <span class='ocrx_word' id='word_1_3' title='bbox 1987 398 2375 459; x_wconf 75' lang='lat' dir='ltr'><strong>THEODORI</strong></span> <span class='ocrx_word' id='word_1_4' title='bbox 2437 396 2779 458; x_wconf 69' lang='lat' dir='ltr'><strong>STUDIT£</strong></span> 
     </span>
    </p>
   </div>
   <div class='ocr_carea' id='block_1_3' title="bbox 3834 395 3986 465">
    <p class='ocr_par' dir='ltr' id='par_1_3' title="bbox 3834 395 3986 465">
     <span class='ocr_line' id='line_1_3' title="bbox 3834 395 3986 465; baseline 0.026 -4"><span class='ocrx_word' id='word_1_5' title='bbox 3834 395 3986 465; x_wconf 75' lang='grc'><strong>1496</strong></span> 
     </span>
    </p>
   </div>
   <div class='ocr_carea' id='block_1_4' title="bbox 702 515 2298 596">
    <p class='ocr_par' dir='ltr' id='par_1_4' title="bbox 702 518 2289 596">
     <span class='ocr_line' id='line_1_4' title="bbox 702 518 2289 596; baseline -0.006 -17"><span class='ocrx_word' id='word_1_6' title='bbox 702 537 816 579; x_wconf 83' lang='lat' dir='ltr'><strong>non</strong></span> <span class='ocrx_word' id='word_1_7' title='bbox 844 534 988 587; x_wconf 84' lang='lat' dir='ltr'><strong>tres,</strong></span> <span class='ocrx_word' id='word_1_8' title='bbox 1037 523 1214 590; x_wconf 84' lang='lat' dir='ltr'><strong>absit;</strong></span> <span class='ocrx_word' id='word_1_9' title='bbox 1250 524 1510 596; x_wconf 89' lang='lat' dir='ltr'><strong>quoniam</strong></span> <span class='ocrx_word' id='word_1_10' title='bbox 1556 537 1664 576; x_wconf 89' lang='lat' dir='ltr'><strong>una</strong></span> <span class='ocrx_word' id='word_1_11' title='bbox 1700 520 1879 575; x_wconf 88' lang='lat' dir='ltr'><strong>deitas</strong></span> <span class='ocrx_word' id='word_1_12' title='bbox 1903 565 1915 581; x_wconf 82' lang='lat'><strong>,</strong></span> <span class='ocrx_word' id='word_1_13' title='bbox 1967 533 2075 572; x_wconf 92' lang='lat' dir='ltr'><strong>non</strong></span> <span class='ocrx_word' id='word_1_14' title='bbox 2114 518 2289 572; x_wconf 84' lang='lat' dir='ltr'><strong>divisa</strong></span> 
     </span>
    </p>
   </div>
   <div class='ocr_carea' id='block_1_5' title="bbox 2401 515 3986 596">
    <p class='ocr_par' dir='ltr' id='par_1_5' title="bbox 2401 515 3986 587">
     <span class='ocr_line' id='line_1_5' title="bbox 2401 515 3986 587; baseline 0.001 -19"><span class='ocrx_word' id='word_1_15' title='bbox 2401 517 2576 584; x_wconf 73' lang='grc' dir='ltr'>ἄπαγε</span> <span class='ocrx_word' id='word_1_16' title='bbox 2602 532 2615 545; x_wconf 89' lang='grc'><strong>·</strong></span> <span class='ocrx_word' id='word_1_17' title='bbox 2653 517 2888 586; x_wconf 78' lang='grc' dir='ltr'>ἐπείπερ</span> <span class='ocrx_word' id='word_1_18' title='bbox 2921 515 3018 586; x_wconf 87' lang='grc' dir='ltr'><strong>μία</strong></span> <span class='ocrx_word' id='word_1_19' title='bbox 3047 517 3079 585; x_wconf 82' lang='grc' dir='ltr'>ἡ</span> <span class='ocrx_word' id='word_1_20' title='bbox 3113 516 3338 586; x_wconf 83' lang='grc' dir='ltr'>Θεότης,</span> <span class='ocrx_word' id='word_1_21' title='bbox 3379 515 3441 569; x_wconf 74' lang='grc' dir='ltr'>οὔ</span> <span class='ocrx_word' id='word_1_22' title='bbox 3467 515 3828 587; x_wconf 73' lang='grc' dir='ltr'><strong>διαιρουμένη</strong></span> <span class='ocrx_word' id='word_1_23' title='bbox 3852 521 3986 582; x_wconf 79' lang='grc' dir='ltr'>ταῖς</span> 
     </span>
    </p>
   </div>
   <div class='ocr_carea' id='block_1_6' title="bbox 706 610 2289 687">
    <p class='ocr_par' dir='ltr' id='par_1_6' title="bbox 706 610 2289 687">
     <span class='ocr_line' id='line_1_6' title="bbox 706 610 2289 687; baseline -0.004 -17"><span class='ocrx_word' id='word_1_24' title='bbox 706 617 882 670; x_wconf 89' lang='lat' dir='ltr'><strong>trihus</strong></span> <span class='ocrx_word' id='word_1_25' title='bbox 918 617 1339 687; x_wconf 83' lang='lat' dir='ltr'><strong>hypostasibus,</strong></span> <span class='ocrx_word' id='word_1_26' title='bbox 1377 617 1475 672; x_wconf 88' lang='lat' dir='ltr'><strong>sed</strong></span> <span class='ocrx_word' id='word_1_27' title='bbox 1510 623 1621 670; x_wconf 88' lang='lat' dir='ltr'><strong>tota</strong></span> <span class='ocrx_word' id='word_1_28' title='bbox 1676 613 1731 669; x_wconf 93' lang='lat' dir='ltr'><strong>in</strong></span> <span class='ocrx_word' id='word_1_29' title='bbox 1779 610 2008 681; x_wconf 79' lang='lat' dir='ltr'><strong>singulis</strong></span> <span class='ocrx_word' id='word_1_30' title='bbox 2040 611 2289 680; x_wconf 83' lang='lat' dir='ltr'><strong>personis</strong></span> 
     </span>
    </p>
   </div>
   <div class='ocr_carea' id='block_1_7' title="bbox 705 686 2285 777">
    <p class='ocr_par' dir='ltr' id='par_1_7' title="bbox 705 686 2285 777">
     <span class='ocr_line' id='line_1_7' title="bbox 705 686 2285 777; baseline -0.006 -16"><span class='ocrx_word' id='word_1_31' title='bbox 705 686 964 777; x_wconf 81' lang='lat' dir='ltr'><strong>spectata</strong></span> <span class='ocrx_word' id='word_1_32' title='bbox 987 686 1264 763; x_wconf 67' lang='lat' dir='ltr'><strong>indivisim</strong></span> <span class='ocrx_word' id='word_1_33' title='bbox 1289 725 1304 762; x_wconf 89' lang='lat'><strong>:</strong></span> <span class='ocrx_word' id='word_1_34' title='bbox 1333 705 1480 777; x_wconf 89' lang='lat' dir='ltr'><strong>quod</strong></span> <span class='ocrx_word' id='word_1_35' title='bbox 1524 707 1688 771; x_wconf 84' lang='lat' dir='ltr'><strong>plane</strong></span> <span class='ocrx_word' id='word_1_36' title='bbox 1726 701 2142 771; x_wconf 71' lang='lat' dir='ltr'><strong>intelligentiam</strong></span> <span class='ocrx_word' id='word_1_37' title='bbox 2187 713 2285 752; x_wconf 78' lang='lat' dir='ltr'><strong>ex-</strong></span> 
     </span>
    </p>
   </div>
   <div class='ocr_carea' id='block_1_8' title="bbox 705 795 2289 871">
    <p class='ocr_par' dir='ltr' id='par_1_8' title="bbox 705 795 2289 871">
     <span class='ocr_line' id='line_1_8' title="bbox 705 795 2289 871; baseline -0.008 -13"><span class='ocrx_word' id='word_1_38' title='bbox 705 802 897 858; x_wconf 87' lang='lat' dir='ltr'><strong>cedit:</strong></span> <span class='ocrx_word' id='word_1_39' title='bbox 928 799 1100 857; x_wconf 88' lang='lat' dir='ltr'><strong>Deum</strong></span> <span class='ocrx_word' id='word_1_40' title='bbox 1147 802 1331 858; x_wconf 85' lang='lat' dir='ltr'><strong>dicere</strong></span> <span class='ocrx_word' id='word_1_41' title='bbox 1374 812 1825 871; x_wconf 82' lang='lat' dir='ltr'><strong>unumquemque</strong></span> <span class='ocrx_word' id='word_1_42' title='bbox 1851 838 1868 862; x_wconf 91' lang='lat'><strong>,</strong></span> <span class='ocrx_word' id='word_1_43' title='bbox 1910 805 1964 850; x_wconf 91' lang='lat' dir='ltr'><strong>et</strong></span> <span class='ocrx_word' id='word_1_44' title='bbox 2011 795 2066 848; x_wconf 95' lang='lat' dir='ltr'><strong>in</strong></span> <span class='ocrx_word' id='word_1_45' title='bbox 2116 808 2289 848; x_wconf 91' lang='lat' dir='ltr'><strong>unum</strong></span> 
     </span>
    </p>
   </div>
   <div class='ocr_carea' id='block_1_9' title="bbox 707 888 2292 967">
    <p class='ocr_par' dir='ltr' id='par_1_9' title="bbox 707 888 2292 967">
     <span class='ocr_line' id='line_1_9' title="bbox 707 888 2292 967; baseline -0.005 -19"><span class='ocrx_word' id='word_1_46' title='bbox 707 893 880 948; x_wconf 85' lang='lat' dir='ltr'><strong>Deum</strong></span> <span class='ocrx_word' id='word_1_47' title='bbox 936 894 1258 967; x_wconf 76' lang='lat' dir='ltr'><strong>recolligere</strong></span> <span class='ocrx_word' id='word_1_48' title='bbox 1304 893 1757 950; x_wconf 83' lang='lat' dir='ltr'><strong>confessionem:</strong></span> <span class='ocrx_word' id='word_1_49' title='bbox 1795 888 2103 946; x_wconf 88' lang='lat' dir='ltr'><strong>secundum</strong></span> <span class='ocrx_word' id='word_1_50' title='bbox 2163 901 2292 940; x_wconf 80' lang='lat' dir='ltr'><strong>vero</strong></span> 
     </span>
    </p>
   </div>
   <div class='ocr_carea' id='block_1_10' title="bbox 707 977 2292 1058">
    <p class='ocr_par' dir='ltr' id='par_1_10' title="bbox 707 977 2292 1058">
     <span class='ocr_line' id='line_1_10' title="bbox 707 977 2292 1058; baseline -0.006 -18"><span class='ocrx_word' id='word_1_51' title='bbox 707 986 1106 1042; x_wconf 78' lang='lat' dir='ltr'><strong>incarnationis</strong></span> <span class='ocrx_word' id='word_1_52' title='bbox 1145 988 1380 1058; x_wconf 89' lang='lat' dir='ltr'><strong>dogma,</strong></span> <span class='ocrx_word' id='word_1_53' title='bbox 1438 1001 1658 1040; x_wconf 85' lang='lat' dir='ltr'><strong>rursum</strong></span> <span class='ocrx_word' id='word_1_54' title='bbox 1707 981 1931 1038; x_wconf 84' lang='lat' dir='ltr'><strong>credere</strong></span> <span class='ocrx_word' id='word_1_55' title='bbox 1979 979 2126 1050; x_wconf 90' lang='lat' dir='ltr'><strong>quod</strong></span> <span class='ocrx_word' id='word_1_56' title='bbox 2161 977 2292 1033; x_wconf 84' lang='lat' dir='ltr'><strong>Ver-</strong></span> 
     </span>
    </p>
   </div>
   <div class='ocr_carea' id='block_1_11' title="bbox 708 1068 2292 1148">
    <p class='ocr_par' dir='ltr' id='par_1_11' title="bbox 708 1068 2292 1148">
     <span class='ocr_line' id='line_1_11' title="bbox 708 1068 2292 1148; baseline -0.006 -16"><span class='ocrx_word' id='word_1_57' title='bbox 708 1078 832 1132; x_wconf 84' lang='lat' dir='ltr'><strong>bum</strong></span> <span class='ocrx_word' id='word_1_58' title='bbox 859 1094 986 1132; x_wconf 83' lang='lat' dir='ltr'><strong>caro</strong></span> <span class='ocrx_word' id='word_1_59' title='bbox 1018 1079 1226 1148; x_wconf 80' lang='lat' dir='ltr'><strong>factum</strong></span> <span class='ocrx_word' id='word_1_60' title='bbox 1247 1080 1407 1143; x_wconf 81' lang='lat' dir='ltr'><strong>est“,</strong></span> <span class='ocrx_word' id='word_1_61' title='bbox 1437 1079 1553 1133; x_wconf 84' lang='lat' dir='ltr'><strong>sive</strong></span> <span class='ocrx_word' id='word_1_62' title='bbox 1601 1089 1749 1130; x_wconf 87' lang='lat' dir='ltr'><strong>unus</strong></span> <span class='ocrx_word' id='word_1_63' title='bbox 1790 1073 1860 1128; x_wconf 91' lang='lat' dir='ltr'><strong>de</strong></span> <span class='ocrx_word' id='word_1_64' title='bbox 1899 1079 2087 1127; x_wconf 81' lang='lat' dir='ltr'><strong>sancta</strong></span> <span class='ocrx_word' id='word_1_65' title='bbox 2110 1068 2292 1124; x_wconf 83' lang='lat' dir='ltr'><strong>Trini-</strong></span> 
     </span>
    </p>
   </div>
   <div class='ocr_carea' id='block_1_12' title="bbox 706 1165 2289 1237">
    <p class='ocr_par' dir='ltr' id='par_1_12' title="bbox 706 1165 2289 1237">
     <span class='ocr_line' id='line_1_12' title="bbox 706 1165 2289 1237; baseline -0.003 -14"><span class='ocrx_word' id='word_1_66' title='bbox 706 1179 820 1224; x_wconf 89' lang='lat' dir='ltr'><strong>tate</strong></span> <span class='ocrx_word' id='word_1_67' title='bbox 896 1179 1060 1226; x_wconf 89' lang='lat' dir='ltr'><strong>natus</strong></span> <span class='ocrx_word' id='word_1_68' title='bbox 1126 1180 1212 1226; x_wconf 89' lang='lat' dir='ltr'><strong>est</strong></span> <span class='ocrx_word' id='word_1_69' title='bbox 1265 1187 1332 1226; x_wconf 83' lang='lat' dir='ltr'><strong>ex</strong></span> <span class='ocrx_word' id='word_1_70' title='bbox 1387 1169 1742 1225; x_wconf 78' lang='lat' dir='ltr'><strong>immaculata</strong></span> <span class='ocrx_word' id='word_1_71' title='bbox 1794 1167 2003 1237; x_wconf 77' lang='lat' dir='ltr'><strong>virgine</strong></span> <span class='ocrx_word' id='word_1_72' title='bbox 2070 1165 2289 1231; x_wconf 80' lang='lat' dir='ltr'><strong>Maria;</strong></span> 
     </span>
    </p>
   </div>
   <div class='ocr_carea' id='block_1_13' title="bbox 711 1257 2289 1331">
    <p class='ocr_par' dir='ltr' id='par_1_13' title="bbox 711 1257 2289 1331">
     <span class='ocr_line' id='line_1_13' title="bbox 711 1257 2289 1331; baseline -0.001 -17"><span class='ocrx_word' id='word_1_73' title='bbox 711 1276 946 1316; x_wconf 86' lang='lat' dir='ltr'><strong>manens</strong></span> <span class='ocrx_word' id='word_1_74' title='bbox 977 1261 1196 1331; x_wconf 85' lang='lat' dir='ltr'><strong>quidem</strong></span> <span class='ocrx_word' id='word_1_75' title='bbox 1228 1261 1280 1316; x_wconf 92' lang='lat' dir='ltr'><strong>id</strong></span> <span class='ocrx_word' id='word_1_76' title='bbox 1313 1261 1462 1330; x_wconf 89' lang='lat' dir='ltr'><strong>quod</strong></span> <span class='ocrx_word' id='word_1_77' title='bbox 1517 1269 1656 1324; x_wconf 86' lang='lat' dir='ltr'><strong>erat,</strong></span> <span class='ocrx_word' id='word_1_78' title='bbox 1692 1258 1836 1315; x_wconf 88' lang='lat' dir='ltr'><strong>Deus</strong></span> <span class='ocrx_word' id='word_1_79' title='bbox 1887 1257 2248 1312; x_wconf 83' lang='lat' dir='ltr'><strong>immutabilis</strong></span> <span class='ocrx_word' id='word_1_80' title='bbox 2273 1300 2289 1323; x_wconf 89' lang='lat'><strong>,</strong></span> 
     </span>
    </p>
   </div>
   <div class='ocr_carea' id='block_1_14' title="bbox 713 1351 2292 1422">
    <p class='ocr_par' dir='ltr' id='par_1_14' title="bbox 713 1351 2292 1422">
     <span class='ocr_line' id='line_1_14' title="bbox 713 1351 2292 1422; baseline -0.001 -16"><span class='ocrx_word' id='word_1_81' title='bbox 713 1364 769 1406; x_wconf 90' lang='lat' dir='ltr'><strong>et</strong></span> <span class='ocrx_word' id='word_1_82' title='bbox 800 1351 946 1407; x_wconf 87' lang='lat' dir='ltr'><strong>Patri</strong></span> <span class='ocrx_word' id='word_1_83' title='bbox 999 1363 1337 1418; x_wconf 78' lang='lat' dir='ltr'><strong>coaeternus;</strong></span> <span class='ocrx_word' id='word_1_84' title='bbox 1392 1353 1488 1408; x_wconf 91' lang='lat' dir='ltr'><strong>sed</strong></span> <span class='ocrx_word' id='word_1_85' title='bbox 1517 1360 1799 1422; x_wconf 81' lang='lat' dir='ltr'><strong>assumpta</strong></span> <span class='ocrx_word' id='word_1_86' title='bbox 1857 1360 2054 1406; x_wconf 90' lang='lat' dir='ltr'><strong>natura</strong></span> <span class='ocrx_word' id='word_1_87' title='bbox 2103 1359 2292 1406; x_wconf 86' lang='lat' dir='ltr'><strong>nostra</strong></span> 
     </span>
    </p>
   </div>
   <div class='ocr_carea' id='block_1_15' title="bbox 716 1447 2288 1518">
    <p class='ocr_par' dir='ltr' id='par_1_15' title="bbox 716 1447 2288 1518">
     <span class='ocr_line' id='line_1_15' title="bbox 716 1447 2288 1518; baseline -0.001 -16"><span class='ocrx_word' id='word_1_88' title='bbox 716 1464 815 1517; x_wconf 92' lang='lat' dir='ltr'><strong>per</strong></span> <span class='ocrx_word' id='word_1_89' title='bbox 863 1448 1190 1518; x_wconf 78' lang='lat' dir='ltr'><strong>virginalem</strong></span> <span class='ocrx_word' id='word_1_90' title='bbox 1247 1449 1298 1502; x_wconf 93' lang='lat' dir='ltr'><strong>in</strong></span> <span class='ocrx_word' id='word_1_91' title='bbox 1354 1449 1560 1518; x_wconf 88' lang='lat' dir='ltr'><strong>Spiritu</strong></span> <span class='ocrx_word' id='word_1_92' title='bbox 1609 1456 1802 1503; x_wconf 88' lang='lat' dir='ltr'><strong>sancto</strong></span> <span class='ocrx_word' id='word_1_93' title='bbox 1855 1447 2288 1517; x_wconf 84' lang='lat' dir='ltr'><strong>generationem.</strong></span> 
     </span>
    </p>
   </div>
   <div class='ocr_carea' id='block_1_16' title="bbox 709 1541 2294 1610">
    <p class='ocr_par' dir='ltr' id='par_1_16' title="bbox 709 1541 2294 1610">
     <span class='ocr_line' id='line_1_16' title="bbox 709 1541 2294 1610; baseline 0 -14"><span class='ocrx_word' id='word_1_94' title='bbox 709 1541 920 1610; x_wconf 81' lang='lat' dir='ltr'><strong>Estque</strong></span> <span class='ocrx_word' id='word_1_95' title='bbox 957 1542 1098 1597; x_wconf 91' lang='lat' dir='ltr'><strong>idem</strong></span> <span class='ocrx_word' id='word_1_96' title='bbox 1135 1553 1282 1597; x_wconf 89' lang='lat' dir='ltr'><strong>totus</strong></span> <span class='ocrx_word' id='word_1_97' title='bbox 1312 1541 1478 1607; x_wconf 86' lang='lat' dir='ltr'><strong>Deus,</strong></span> <span class='ocrx_word' id='word_1_98' title='bbox 1506 1552 1561 1597; x_wconf 90' lang='lat' dir='ltr'><strong>et</strong></span> <span class='ocrx_word' id='word_1_99' title='bbox 1585 1551 1734 1596; x_wconf 88' lang='lat' dir='ltr'><strong>totus</strong></span> <span class='ocrx_word' id='word_1_100' title='bbox 1766 1542 1931 1597; x_wconf 88' lang='lat' dir='ltr'><strong>homo</strong></span> <span class='ocrx_word' id='word_1_101' title='bbox 1959 1559 1971 1594; x_wconf 92' lang='lat'><strong>:</strong></span> <span class='ocrx_word' id='word_1_102' title='bbox 2005 1550 2149 1596; x_wconf 85' lang='lat' dir='ltr'><strong>totas</strong></span> <span class='ocrx_word' id='word_1_103' title='bbox 2174 1541 2294 1596; x_wconf 83' lang='lat' dir='ltr'><strong>sine</strong></span> 
     </span>
    </p>
   </div>
   <div class='ocr_carea' id='block_1_17' title="bbox 710 1634 2291 1705">
    <p class='ocr_par' dir='ltr' id='par_1_17' title="bbox 710 1634 2291 1705">
     <span class='ocr_line' id='line_1_17' title="bbox 710 1634 2291 1705; baseline -0.001 -16"><span class='ocrx_word' id='word_1_104' title='bbox 710 1634 928 1689; x_wconf 75' lang='lat' dir='ltr'><strong>defectu</strong></span> <span class='ocrx_word' id='word_1_105' title='bbox 969 1635 1179 1690; x_wconf 86' lang='lat' dir='ltr'><strong>habens</strong></span> <span class='ocrx_word' id='word_1_106' title='bbox 1235 1636 1288 1690; x_wconf 93' lang='lat' dir='ltr'><strong>in</strong></span> <span class='ocrx_word' id='word_1_107' title='bbox 1342 1635 1526 1705; x_wconf 89' lang='lat' dir='ltr'><strong>seipso</strong></span> <span class='ocrx_word' id='word_1_108' title='bbox 1573 1635 1811 1688; x_wconf 89' lang='lat' dir='ltr'><strong>duarum</strong></span> <span class='ocrx_word' id='word_1_109' title='bbox 1863 1644 2186 1688; x_wconf 88' lang='lat' dir='ltr'><strong>naturarum</strong></span> <span class='ocrx_word' id='word_1_110' title='bbox 2223 1650 2291 1688; x_wconf 78' lang='lat' dir='ltr'><strong>ex</strong></span> 
     </span>
    </p>
   </div>
   <div class='ocr_carea' id='block_1_18' title="bbox 709 1729 2291 1802">
    <p class='ocr_par' dir='ltr' id='par_1_18' title="bbox 709 1729 2291 1802">
     <span class='ocr_line' id='line_1_18' title="bbox 709 1729 2291 1802; baseline -0.001 -17"><span class='ocrx_word' id='word_1_111' title='bbox 709 1731 910 1802; x_wconf 84' lang='lat' dir='ltr'><strong>quibus</strong></span> <span class='ocrx_word' id='word_1_112' title='bbox 944 1739 1193 1795; x_wconf 87' lang='lat' dir='ltr'><strong>constat,</strong></span> <span class='ocrx_word' id='word_1_113' title='bbox 1224 1730 1443 1784; x_wconf 87' lang='lat' dir='ltr'><strong>deitatis</strong></span> <span class='ocrx_word' id='word_1_114' title='bbox 1473 1729 1685 1784; x_wconf 84' lang='lat' dir='ltr'><strong>scilicet</strong></span> <span class='ocrx_word' id='word_1_115' title='bbox 1718 1737 1883 1798; x_wconf 87' lang='lat' dir='ltr'><strong>atque</strong></span> <span class='ocrx_word' id='word_1_116' title='bbox 1912 1729 2291 1793; x_wconf 87' lang='lat' dir='ltr'><strong>humanitatis,</strong></span> 
     </span>
    </p>
   </div>
   <div class='ocr_carea' id='block_1_19' title="bbox 710 1821 2296 1894">
    <p class='ocr_par' dir='ltr' id='par_1_19' title="bbox 710 1821 2296 1894">
     <span class='ocr_line' id='line_1_19' title="bbox 710 1821 2296 1894; baseline -0.001 -16"><span class='ocrx_word' id='word_1_117' title='bbox 710 1824 764 1878; x_wconf 93' lang='lat' dir='ltr'><strong>in</strong></span> <span class='ocrx_word' id='word_1_118' title='bbox 815 1839 922 1878; x_wconf 90' lang='lat' dir='ltr'><strong>una</strong></span> <span class='ocrx_word' id='word_1_119' title='bbox 977 1822 1257 1894; x_wconf 86' lang='lat' dir='ltr'><strong>hypostasi</strong></span> <span class='ocrx_word' id='word_1_120' title='bbox 1299 1821 1702 1892; x_wconf 79' lang='lat' dir='ltr'><strong>proprietates;</strong></span> <span class='ocrx_word' id='word_1_121' title='bbox 1762 1821 2214 1891; x_wconf 85' lang='lat' dir='ltr'><strong>circumscriptus</strong></span> <span class='ocrx_word' id='word_1_122' title='bbox 2240 1829 2296 1876; x_wconf 89' lang='lat' dir='ltr'><strong>et</strong></span> 
     </span>
    </p>
   </div>
   <div class='ocr_carea' id='block_1_20' title="bbox 711 1911 2295 1982">
    <p class='ocr_par' dir='ltr' id='par_1_20' title="bbox 711 1911 2295 1982">
     <span class='ocr_line' id='line_1_20' title="bbox 711 1911 2295 1982; baseline -0.001 -14"><span class='ocrx_word' id='word_1_123' title='bbox 711 1930 819 1970; x_wconf 90' lang='lat' dir='ltr'><strong>non</strong></span> <span class='ocrx_word' id='word_1_124' title='bbox 873 1915 1329 1982; x_wconf 81' lang='lat' dir='ltr'><strong>circumscriptus</strong></span> <span class='ocrx_word' id='word_1_125' title='bbox 1375 1930 1389 1966; x_wconf 87' lang='lat'><strong>:</strong></span> <span class='ocrx_word' id='word_1_126' title='bbox 1445 1913 1548 1967; x_wconf 93' lang='lat' dir='ltr'><strong>hoc</strong></span> <span class='ocrx_word' id='word_1_127' title='bbox 1619 1912 1837 1982; x_wconf 88' lang='lat' dir='ltr'><strong>quidem</strong></span> <span class='ocrx_word' id='word_1_128' title='bbox 1900 1922 2123 1982; x_wconf 85' lang='lat' dir='ltr'><strong>propter</strong></span> <span class='ocrx_word' id='word_1_129' title='bbox 2177 1911 2295 1968; x_wconf 89' lang='lat' dir='ltr'><strong>dei-</strong></span> 
     </span>
    </p>
   </div>
   <div class='ocr_carea' id='block_1_21' title="bbox 711 2006 2296 2076">
    <p class='ocr_par' dir='ltr' id='par_1_21' title="bbox 711 2006 2296 2076">
     <span class='ocr_line' id='line_1_21' title="bbox 711 2006 2296 2076; baseline -0.001 -12"><span class='ocrx_word' id='word_1_130' title='bbox 711 2019 912 2073; x_wconf 89' lang='lat' dir='ltr'><strong>tatem,</strong></span> <span class='ocrx_word' id='word_1_131' title='bbox 983 2008 1116 2062; x_wconf 90' lang='lat' dir='ltr'><strong>illud</strong></span> <span class='ocrx_word' id='word_1_132' title='bbox 1184 2022 1312 2061; x_wconf 88' lang='lat' dir='ltr'><strong>vero</strong></span> <span class='ocrx_word' id='word_1_133' title='bbox 1386 2018 1612 2076; x_wconf 80' lang='lat' dir='ltr'><strong>propter</strong></span> <span class='ocrx_word' id='word_1_134' title='bbox 1681 2006 2073 2062; x_wconf 85' lang='lat' dir='ltr'><strong>humanitatem</strong></span> <span class='ocrx_word' id='word_1_135' title='bbox 2133 2025 2148 2062; x_wconf 90' lang='lat'><strong>:</strong></span> <span class='ocrx_word' id='word_1_136' title='bbox 2215 2007 2296 2062; x_wconf 64' lang='lat' dir='ltr'><strong>hae</strong></span> 
     </span>
    </p>
   </div>
   <div class='ocr_carea' id='block_1_22' title="bbox 714 2099 2295 2170">
    <p class='ocr_par' dir='ltr' id='par_1_22' title="bbox 714 2099 2295 2170">
     <span class='ocr_line' id='line_1_22' title="bbox 714 2099 2295 2170; baseline -0.002 -13"><span class='ocrx_word' id='word_1_137' title='bbox 714 2112 846 2158; x_wconf 88' lang='lat' dir='ltr'><strong>sunt</strong></span> <span class='ocrx_word' id='word_1_138' title='bbox 906 2101 1052 2155; x_wconf 92' lang='lat' dir='ltr'><strong>enim</strong></span> <span class='ocrx_word' id='word_1_139' title='bbox 1110 2101 1471 2170; x_wconf 78' lang='lat' dir='ltr'><strong>proprietates</strong></span> <span class='ocrx_word' id='word_1_140' title='bbox 1519 2118 1531 2152; x_wconf 92' lang='lat'><strong>:</strong></span> <span class='ocrx_word' id='word_1_141' title='bbox 1590 2110 1644 2154; x_wconf 90' lang='lat' dir='ltr'><strong>et</strong></span> <span class='ocrx_word' id='word_1_142' title='bbox 1699 2115 1806 2169; x_wconf 88' lang='lat' dir='ltr'><strong>qua</strong></span> <span class='ocrx_word' id='word_1_143' title='bbox 1882 2099 2295 2156; x_wconf 84' lang='lat' dir='ltr'><strong>incircumscri-</strong></span> 
     </span>
    </p>
   </div>
   <div class='ocr_carea' id='block_1_23' title="bbox 716 2185 2294 2260">
    <p class='ocr_par' dir='ltr' id='par_1_23' title="bbox 716 2185 2294 2260">
     <span class='ocr_line' id='line_1_23' title="bbox 716 2185 2294 2260; baseline -0.001 -16"><span class='ocrx_word' id='word_1_144' title='bbox 716 2199 865 2260; x_wconf 86' lang='lat' dir='ltr'><strong>ptus,</strong></span> <span class='ocrx_word' id='word_1_145' title='bbox 925 2204 1069 2243; x_wconf 89' lang='lat' dir='ltr'><strong>unus</strong></span> <span class='ocrx_word' id='word_1_146' title='bbox 1123 2188 1393 2243; x_wconf 78' lang='lat' dir='ltr'><strong>exsistens</strong></span> <span class='ocrx_word' id='word_1_147' title='bbox 1453 2185 1522 2242; x_wconf 90' lang='lat' dir='ltr'><strong>de</strong></span> <span class='ocrx_word' id='word_1_148' title='bbox 1573 2196 1760 2243; x_wconf 84' lang='lat' dir='ltr'><strong>sancta</strong></span> <span class='ocrx_word' id='word_1_149' title='bbox 1813 2186 2124 2256; x_wconf 86' lang='lat' dir='ltr'><strong>Trinitate;</strong></span> <span class='ocrx_word' id='word_1_150' title='bbox 2187 2205 2294 2257; x_wconf 90' lang='lat' dir='ltr'><strong>qua</strong></span> 
     </span>
    </p>
   </div>
   <div class='ocr_carea' id='block_1_24' title="bbox 714 2280 2297 2350">
    <p class='ocr_par' dir='ltr' id='par_1_24' title="bbox 714 2280 2297 2350">
     <span class='ocr_line' id='line_1_24' title="bbox 714 2280 2297 2350; baseline 0 -14"><span class='ocrx_word' id='word_1_151' title='bbox 714 2281 1192 2350; x_wconf 86' lang='lat' dir='ltr'><strong>circumscriptus,</strong></span> <span class='ocrx_word' id='word_1_152' title='bbox 1251 2295 1394 2335; x_wconf 91' lang='lat' dir='ltr'><strong>unus</strong></span> <span class='ocrx_word' id='word_1_153' title='bbox 1454 2281 1521 2335; x_wconf 93' lang='lat' dir='ltr'><strong>de</strong></span> <span class='ocrx_word' id='word_1_154' title='bbox 1597 2280 1774 2334; x_wconf 90' lang='lat' dir='ltr'><strong>nobis.</strong></span> <span class='ocrx_word' id='word_1_155' title='bbox 1832 2280 2011 2350; x_wconf 80' lang='lat' dir='ltr'><strong>Atque</strong></span> <span class='ocrx_word' id='word_1_156' title='bbox 2078 2281 2132 2335; x_wconf 94' lang='lat' dir='ltr'><strong>in</strong></span> <span class='ocrx_word' id='word_1_157' title='bbox 2195 2281 2297 2336; x_wconf 89' lang='lat' dir='ltr'><strong>hoc</strong></span> 
     </span>
    </p>
   </div>
   <div class='ocr_carea' id='block_1_25' title="bbox 714 2371 2298 2440">
    <p class='ocr_par' dir='ltr' id='par_1_25' title="bbox 714 2371 2298 2440">
     <span class='ocr_line' id='line_1_25' title="bbox 714 2371 2298 2440; baseline -0.001 -9"><span class='ocrx_word' id='word_1_158' title='bbox 714 2375 959 2432; x_wconf 85' lang='lat' dir='ltr'><strong>creditur</strong></span> <span class='ocrx_word' id='word_1_159' title='bbox 1022 2373 1290 2428; x_wconf 88' lang='lat' dir='ltr'><strong>mediator</strong></span> <span class='ocrx_word' id='word_1_160' title='bbox 1355 2372 1451 2427; x_wconf 88' lang='lat' dir='ltr'><strong>Dei</strong></span> <span class='ocrx_word' id='word_1_161' title='bbox 1505 2383 1561 2428; x_wconf 92' lang='lat' dir='ltr'><strong>et</strong></span> <span class='ocrx_word' id='word_1_162' title='bbox 1608 2373 1892 2427; x_wconf 81' lang='lat' dir='ltr'><strong>hominum</strong></span> <span class='ocrx_word' id='word_1_163' title='bbox 1951 2371 2170 2440; x_wconf 84' lang='lat' dir='ltr'><strong>factus,</strong></span> <span class='ocrx_word' id='word_1_164' title='bbox 2237 2386 2298 2430; x_wconf 92' lang='lat' dir='ltr'><strong>ut</strong></span> 
     </span>
    </p>
   </div>
   <div class='ocr_carea' id='block_1_26' title="bbox 715 2465 2298 2539">
    <p class='ocr_par' dir='ltr' id='par_1_26' title="bbox 715 2465 2298 2539">
     <span class='ocr_line' id='line_1_26' title="bbox 715 2465 2298 2539; baseline 0 -16"><span class='ocrx_word' id='word_1_165' title='bbox 715 2468 810 2539; x_wconf 87' lang='lat' dir='ltr'><strong>qui</strong></span> <span class='ocrx_word' id='word_1_166' title='bbox 859 2467 913 2522; x_wconf 95' lang='lat' dir='ltr'><strong>in</strong></span> <span class='ocrx_word' id='word_1_167' title='bbox 978 2465 1161 2536; x_wconf 90' lang='lat' dir='ltr'><strong>seipso</strong></span> <span class='ocrx_word' id='word_1_168' title='bbox 1208 2475 1449 2520; x_wconf 78' lang='lat' dir='ltr'><strong>extrema</strong></span> <span class='ocrx_word' id='word_1_169' title='bbox 1512 2465 1809 2536; x_wconf 72' lang='lat' dir='ltr'><strong>coniungat</strong></span> <span class='ocrx_word' id='word_1_170' title='bbox 1852 2506 1867 2526; x_wconf 90' lang='lat'><strong><em>.</em></strong></span> <span class='ocrx_word' id='word_1_171' title='bbox 1931 2476 1985 2521; x_wconf 90' lang='lat' dir='ltr'><strong>et</strong></span> <span class='ocrx_word' id='word_1_172' title='bbox 2056 2483 2154 2538; x_wconf 90' lang='lat' dir='ltr'><strong>per</strong></span> <span class='ocrx_word' id='word_1_173' title='bbox 2211 2483 2298 2523; x_wconf 83' lang='lat' dir='ltr'><strong>se-</strong></span> 
     </span>
    </p>
   </div>
   <div class='ocr_carea' id='block_1_27' title="bbox 722 2557 2298 2629">
    <p class='ocr_par' dir='ltr' id='par_1_27' title="bbox 722 2557 2298 2629">
     <span class='ocr_line' id='line_1_27' title="bbox 722 2557 2298 2629; baseline 0.002 -16"><span class='ocrx_word' id='word_1_174' title='bbox 722 2564 905 2629; x_wconf 91' lang='lat' dir='ltr'><strong>ipsum</strong></span> <span class='ocrx_word' id='word_1_175' title='bbox 947 2558 1145 2613; x_wconf 73' lang='lat' dir='ltr'><strong>dirinze</strong></span> <span class='ocrx_word' id='word_1_176' title='bbox 1195 2567 1404 2613; x_wconf 70' lang='lat' dir='ltr'><strong>natura:</strong></span> <span class='ocrx_word' id='word_1_177' title='bbox 1455 2559 1750 2628; x_wconf 89' lang='lat' dir='ltr'><strong>participes</strong></span> <span class='ocrx_word' id='word_1_178' title='bbox 1797 2557 2003 2629; x_wconf 87' lang='lat' dir='ltr'><strong>Deique</strong></span> <span class='ocrx_word' id='word_1_179' title='bbox 2033 2561 2173 2616; x_wconf 83' lang='lat' dir='ltr'><strong>ﬁlios</strong></span> <span class='ocrx_word' id='word_1_180' title='bbox 2197 2576 2298 2616; x_wconf 89' lang='lat' dir='ltr'><strong>nos</strong></span> 
     </span>
    </p>
   </div>
   <div class='ocr_carea' id='block_1_28' title="bbox 717 2649 2293 2723">
    <p class='ocr_par' dir='ltr' id='par_1_28' title="bbox 717 2649 2293 2723">
     <span class='ocr_line' id='line_1_28' title="bbox 717 2649 2293 2723; baseline 0.003 -18"><span class='ocrx_word' id='word_1_181' title='bbox 717 2651 922 2706; x_wconf 78' lang='lat' dir='ltr'><strong>eﬂiciat</strong></span> <span class='ocrx_word' id='word_1_182' title='bbox 949 2668 963 2682; x_wconf 76' lang='grc' dir='ltr'><strong>ο</strong></span> <span class='ocrx_word' id='word_1_183' title='bbox 993 2649 1141 2720; x_wconf 88' lang='lat' dir='ltr'><strong>quod</strong></span> <span class='ocrx_word' id='word_1_184' title='bbox 1175 2650 1560 2705; x_wconf 88' lang='lat' dir='ltr'><strong>admirandum</strong></span> <span class='ocrx_word' id='word_1_185' title='bbox 1592 2661 1649 2704; x_wconf 91' lang='lat' dir='ltr'><strong>et</strong></span> <span class='ocrx_word' id='word_1_186' title='bbox 1694 2651 1844 2705; x_wconf 91' lang='lat' dir='ltr'><strong>omni</strong></span> <span class='ocrx_word' id='word_1_187' title='bbox 1881 2651 2041 2706; x_wconf 89' lang='lat' dir='ltr'><strong>laude</strong></span> <span class='ocrx_word' id='word_1_188' title='bbox 2073 2652 2252 2723; x_wconf 87' lang='lat' dir='ltr'><strong>majus</strong></span> <span class='ocrx_word' id='word_1_189' title='bbox 2277 2694 2293 2716; x_wconf 85' lang='lat'><strong>.</strong></span> 
     </span>
    </p>
   </div>
   <div class='ocr_carea' id='block_1_29' title="bbox 718 2743 2300 2815">
    <p class='ocr_par' dir='ltr' id='par_1_29' title="bbox 718 2743 2300 2815">
     <span class='ocr_line' id='line_1_29' title="bbox 718 2743 2300 2815; baseline 0.003 -19"><span class='ocrx_word' id='word_1_190' title='bbox 718 2743 832 2798; x_wconf 83' lang='lat' dir='ltr'><strong>sive</strong></span> <span class='ocrx_word' id='word_1_191' title='bbox 871 2744 1163 2813; x_wconf 83' lang='lat' dir='ltr'><strong>cogitatur,</strong></span> <span class='ocrx_word' id='word_1_192' title='bbox 1217 2744 1333 2799; x_wconf 83' lang='lat' dir='ltr'><strong>sive</strong></span> <span class='ocrx_word' id='word_1_193' title='bbox 1382 2743 1604 2799; x_wconf 90' lang='lat' dir='ltr'><strong>dicitur.</strong></span> <span class='ocrx_word' id='word_1_194' title='bbox 1646 2743 1750 2809; x_wconf 88' lang='lat' dir='ltr'><strong>Qui</strong></span> <span class='ocrx_word' id='word_1_195' title='bbox 1801 2759 1932 2815; x_wconf 88' lang='lat' dir='ltr'><strong>ergo</strong></span> <span class='ocrx_word' id='word_1_196' title='bbox 2020 2745 2175 2800; x_wconf 90' lang='lat' dir='ltr'><strong>illum</strong></span> <span class='ocrx_word' id='word_1_197' title='bbox 2222 2747 2300 2801; x_wconf 89' lang='lat' dir='ltr'><strong>ait</strong></span> 
     </span>
    </p>
   </div>
   <div class='ocr_carea' id='block_1_30' title="bbox 719 2831 2302 2901">
    <p class='ocr_par' dir='ltr' id='par_1_30' title="bbox 719 2831 2302 2901">
     <span class='ocr_line' id='line_1_30' title="bbox 719 2831 2302 2901; baseline 0.001 -15"><span class='ocrx_word' id='word_1_198' title='bbox 719 2847 826 2886; x_wconf 88' lang='lat' dir='ltr'><strong>non</strong></span> <span class='ocrx_word' id='word_1_199' title='bbox 875 2831 1258 2888; x_wconf 84' lang='lat' dir='ltr'><strong>circumscribi</strong></span> <span class='ocrx_word' id='word_1_200' title='bbox 1306 2831 1361 2886; x_wconf 91' lang='lat' dir='ltr'><strong>in</strong></span> <span class='ocrx_word' id='word_1_201' title='bbox 1403 2845 1568 2885; x_wconf 88' lang='lat' dir='ltr'><strong>carne</strong></span> <span class='ocrx_word' id='word_1_202' title='bbox 1604 2871 1618 2893; x_wconf 94' lang='lat'><strong>,</strong></span> <span class='ocrx_word' id='word_1_203' title='bbox 1651 2840 1921 2901; x_wconf 81' lang='lat' dir='ltr'><strong>quatenus</strong></span> <span class='ocrx_word' id='word_1_204' title='bbox 1969 2831 2166 2887; x_wconf 86' lang='lat' dir='ltr'><strong>similis</strong></span> <span class='ocrx_word' id='word_1_205' title='bbox 2216 2840 2302 2887; x_wconf 88' lang='lat' dir='ltr'><strong>est</strong></span> 
     </span>
    </p>
   </div>
   <div class='ocr_carea' id='block_1_31' title="bbox 719 2923 2303 2995">
    <p class='ocr_par' dir='ltr' id='par_1_31' title="bbox 719 2923 2303 2995">
     <span class='ocr_line' id='line_1_31' title="bbox 719 2923 2303 2995; baseline 0.001 -17"><span class='ocrx_word' id='word_1_206' title='bbox 719 2924 912 2990; x_wconf 87' lang='lat' dir='ltr'><strong>nobis;</strong></span> <span class='ocrx_word' id='word_1_207' title='bbox 945 2933 1127 2995; x_wconf 84' lang='lat' dir='ltr'><strong>negat,</strong></span> <span class='ocrx_word' id='word_1_208' title='bbox 1154 2923 1442 2979; x_wconf 89' lang='lat' dir='ltr'><strong>benedicte</strong></span> <span class='ocrx_word' id='word_1_209' title='bbox 1473 2925 1544 2978; x_wconf 92' lang='lat' dir='ltr'><strong>mi</strong></span> <span class='ocrx_word' id='word_1_210' title='bbox 1598 2924 1785 2991; x_wconf 76' lang='lat' dir='ltr'><strong>frater,</strong></span> <span class='ocrx_word' id='word_1_211' title='bbox 1821 2925 1986 2981; x_wconf 91' lang='lat' dir='ltr'><strong>Deum</strong></span> <span class='ocrx_word' id='word_1_212' title='bbox 2020 2926 2072 2979; x_wconf 96' lang='lat' dir='ltr'><strong>in</strong></span> <span class='ocrx_word' id='word_1_213' title='bbox 2137 2941 2303 2981; x_wconf 91' lang='lat' dir='ltr'><strong>carne</strong></span> 
     </span>
    </p>
   </div>
   <div class='ocr_carea' id='block_1_32' title="bbox 717 3010 2304 3085">
    <p class='ocr_par' dir='ltr' id='par_1_32' title="bbox 717 3010 2304 3085">
     <span class='ocr_line' id='line_1_32' title="bbox 717 3010 2304 3085; baseline 0 -17"><span class='ocrx_word' id='word_1_214' title='bbox 717 3014 1063 3085; x_wconf 80' lang='lat' dir='ltr'><strong>apparuisse.</strong></span> <span class='ocrx_word' id='word_1_215' title='bbox 1117 3013 1502 3068; x_wconf 83' lang='lat' dir='ltr'><strong>coutrudiceus</strong></span> <span class='ocrx_word' id='word_1_216' title='bbox 1537 3010 1834 3082; x_wconf 78' lang='lat' dir='ltr'><strong>Evangelio</strong></span> <span class='ocrx_word' id='word_1_217' title='bbox 1864 3013 2092 3076; x_wconf 89' lang='lat' dir='ltr'><strong>Christi,</strong></span> <span class='ocrx_word' id='word_1_218' title='bbox 2117 3022 2172 3068; x_wconf 86' lang='lat' dir='ltr'><strong>et</strong></span> <span class='ocrx_word' id='word_1_219' title='bbox 2203 3030 2304 3084; x_wconf 91' lang='lat' dir='ltr'><strong>par</strong></span> 
     </span>
    </p>
   </div>
   <div class='ocr_carea' id='block_1_33' title="bbox 716 3105 2302 3171">
    <p class='ocr_par' dir='ltr' id='par_1_33' title="bbox 716 3105 2302 3171">
     <span class='ocr_line' id='line_1_33' title="bbox 716 3105 2302 3171; baseline -0.001 -9"><span class='ocrx_word' id='word_1_220' title='bbox 716 3116 801 3162; x_wconf 85' lang='lat' dir='ltr'><strong>est</strong></span> <span class='ocrx_word' id='word_1_221' title='bbox 827 3107 1050 3164; x_wconf 63' lang='lat' dir='ltr'><strong>ludatis.</strong></span> <span class='ocrx_word' id='word_1_222' title='bbox 1089 3105 1192 3162; x_wconf 89' lang='lat' dir='ltr'><strong>Ubi</strong></span> <span class='ocrx_word' id='word_1_223' title='bbox 1250 3109 1396 3161; x_wconf 81' lang='lat' dir='ltr'><strong>eiiim</strong></span> <span class='ocrx_word' id='word_1_224' title='bbox 1435 3123 1622 3162; x_wconf 84' lang='lat' dir='ltr'><strong>verum</strong></span> <span class='ocrx_word' id='word_1_225' title='bbox 1680 3109 1784 3161; x_wconf 87' lang='lat' dir='ltr'><strong>erit</strong></span> <span class='ocrx_word' id='word_1_226' title='bbox 1842 3105 2014 3171; x_wconf 90' lang='lat' dir='ltr'><strong>illud,</strong></span> <span class='ocrx_word' id='word_1_227' title='bbox 2065 3107 2302 3161; x_wconf 82' lang='lat' dir='ltr'><strong>similem</strong></span> 
     </span>
    </p>
   </div>
   <div class='ocr_carea' id='block_1_34' title="bbox 2390 607 3988 680">
    <p class='ocr_par' dir='ltr' id='par_1_34' title="bbox 2390 607 3988 680">
     <span class='ocr_line' id='line_1_34' title="bbox 2390 607 3988 680; baseline 0.001 -20"><span class='ocrx_word' id='word_1_228' title='bbox 2390 608 2572 677; x_wconf 80' lang='grc' dir='ltr'>τρισὶν</span> <span class='ocrx_word' id='word_1_229' title='bbox 2613 607 3001 673; x_wconf 86' lang='grc' dir='ltr'>ύποστάσεσιν,</span> <span class='ocrx_word' id='word_1_230' title='bbox 3031 608 3146 661; x_wconf 84' lang='grc' dir='ltr'>ἀλλ’</span> <span class='ocrx_word' id='word_1_231' title='bbox 3188 608 3283 678; x_wconf 88' lang='grc' dir='ltr'><strong>ὅλη</strong></span> <span class='ocrx_word' id='word_1_232' title='bbox 3317 607 3402 677; x_wconf 73' lang='grc' dir='ltr'><strong>ἐφ’</strong></span> <span class='ocrx_word' id='word_1_233' title='bbox 3429 609 3646 678; x_wconf 80' lang='grc' dir='ltr'><strong>ἑκάστῳ</strong></span> <span class='ocrx_word' id='word_1_234' title='bbox 3691 608 3988 680; x_wconf 80' lang='grc' dir='ltr'><strong>προσώπῳ</strong></span> 
     </span>
    </p>
   </div>
   <div class='ocr_carea' id='block_1_35' title="bbox 2392 699 3987 773">
    <p class='ocr_par' dir='ltr' id='par_1_35' title="bbox 2392 699 3987 773">
     <span class='ocr_line' id='line_1_35' title="bbox 2392 699 3987 773; baseline 0.003 -21"><span class='ocrx_word' id='word_1_235' title='bbox 2392 699 2746 772; x_wconf 80' lang='grc' dir='ltr'>θεωρουμένη</span> <span class='ocrx_word' id='word_1_236' title='bbox 2789 702 3135 772; x_wconf 77' lang='grc' dir='ltr'>ἀμερίστως·ι</span> <span class='ocrx_word' id='word_1_237' title='bbox 3157 702 3186 754; x_wconf 84' lang='grc' dir='ltr'><strong>ὅ</strong></span> <span class='ocrx_word' id='word_1_238' title='bbox 3209 703 3304 755; x_wconf 81' lang='grc' dir='ltr'>καὶ</span> <span class='ocrx_word' id='word_1_239' title='bbox 3338 703 3675 773; x_wconf 79' lang='grc' dir='ltr'>παράδοξον·</span> <span class='ocrx_word' id='word_1_240' title='bbox 3716 703 3854 756; x_wconf 80' lang='grc' dir='ltr'>Θεὸν</span> <span class='ocrx_word' id='word_1_241' title='bbox 3889 703 3987 756; x_wconf 78' lang='grc' dir='ltr'><strong>λέ-</strong></span> 
     </span>
    </p>
   </div>
   <div class='ocr_carea' id='block_1_36' title="bbox 2392 794 3989 864">
    <p class='ocr_par' dir='ltr' id='par_1_36' title="bbox 2392 794 3989 864">
     <span class='ocr_line' id='line_1_36' title="bbox 2392 794 3989 864; baseline 0.005 -20"><span class='ocrx_word' id='word_1_242' title='bbox 2392 809 2511 860; x_wconf 86' lang='grc' dir='ltr'>γειν</span> <span class='ocrx_word' id='word_1_243' title='bbox 2554 794 2803 859; x_wconf 78' lang='grc' dir='ltr'>ἕκαστον,</span> <span class='ocrx_word' id='word_1_244' title='bbox 2849 795 2946 849; x_wconf 72' lang='grc' dir='ltr'>καὶ</span> <span class='ocrx_word' id='word_1_245' title='bbox 2987 798 3065 858; x_wconf 87' lang='grc' dir='ltr'>είς</span> <span class='ocrx_word' id='word_1_246' title='bbox 3112 796 3206 849; x_wconf 72' lang='grc' dir='ltr'><strong>ἕνα</strong></span> <span class='ocrx_word' id='word_1_247' title='bbox 3246 796 3379 850; x_wconf 84' lang='grc' dir='ltr'>Θεὸν</span> <span class='ocrx_word' id='word_1_248' title='bbox 3424 797 3872 864; x_wconf 76' lang='grc' dir='ltr'>ἀνακεφαλαιοῦν</span> <span class='ocrx_word' id='word_1_249' title='bbox 3922 800 3989 852; x_wconf 78' lang='grc' dir='ltr'>τὸ</span> 
     </span>
    </p>
   </div>
   <div class='ocr_carea' id='block_1_37' title="bbox 2391 886 3986 958">
    <p class='ocr_par' dir='ltr' id='par_1_37' title="bbox 2391 886 3986 958">
     <span class='ocr_line' id='line_1_37' title="bbox 2391 886 3986 958; baseline 0.003 -21"><span class='ocrx_word' id='word_1_250' title='bbox 2391 886 2746 958; x_wconf 73' lang='grc' dir='ltr'>ὁμολόγημαο</span> <span class='ocrx_word' id='word_1_251' title='bbox 2782 892 2923 942; x_wconf 80' lang='grc' dir='ltr'><strong>κατά</strong></span> <span class='ocrx_word' id='word_1_252' title='bbox 2966 889 3022 942; x_wconf 86' lang='grc' dir='ltr'><strong>δὲ</strong></span> <span class='ocrx_word' id='word_1_253' title='bbox 3065 889 3128 941; x_wconf 83' lang='grc' dir='ltr'><strong>τὸ</strong></span> <span class='ocrx_word' id='word_1_254' title='bbox 3153 888 3253 958; x_wconf 82' lang='grc' dir='ltr'>τῆς</span> <span class='ocrx_word' id='word_1_255' title='bbox 3301 889 3636 958; x_wconf 69' lang='grc' dir='ltr'><strong>οἰκονομίας,</strong></span> <span class='ocrx_word' id='word_1_256' title='bbox 3673 891 3841 942; x_wconf 79' lang='grc' dir='ltr'>πάλιν</span> <span class='ocrx_word' id='word_1_257' title='bbox 3884 908 3986 943; x_wconf 83' lang='grc' dir='ltr'>πι-</span> 
     </span>
    </p>
   </div>
   <div class='ocr_carea' id='block_1_38' title="bbox 2394 977 3987 1052">
    <p class='ocr_par' dir='ltr' id='par_1_38' title="bbox 2394 977 3987 1052">
     <span class='ocr_line' id='line_1_38' title="bbox 2394 977 3987 1052; baseline 0.003 -21"><span class='ocrx_word' id='word_1_258' title='bbox 2394 979 2630 1045; x_wconf 85' lang='grc' dir='ltr'>στεύειν,</span> <span class='ocrx_word' id='word_1_259' title='bbox 2662 983 2742 1036; x_wconf 87' lang='grc' dir='ltr'><strong>ὅτι</strong></span> <span class='ocrx_word' id='word_1_260' title='bbox 2802 983 2854 1034; x_wconf 92' lang='grc' dir='ltr'><strong><em>Ὁ</em></strong></span> <span class='ocrx_word' id='word_1_261' title='bbox 2888 982 3078 1051; x_wconf 71' lang='grc' dir='ltr'>Λόγος</span> <span class='ocrx_word' id='word_1_262' title='bbox 3110 982 3266 1049; x_wconf 81' lang='grc' dir='ltr'>σὰρξ</span> <span class='ocrx_word' id='word_1_263' title='bbox 3295 981 3533 1050; x_wconf 78' lang='grc' dir='ltr'>ἐγένετο</span> <span class='ocrx_word' id='word_1_264' title='bbox 3555 997 3568 1009; x_wconf 74' lang='grc'><strong>⁸</strong></span> <span class='ocrx_word' id='word_1_265' title='bbox 3618 983 3789 1052; x_wconf 71' lang='grc' dir='ltr'>ἤγουν</span> <span class='ocrx_word' id='word_1_266' title='bbox 3827 984 3856 1034; x_wconf 85' lang='grc' dir='ltr'>ὁ</span> <span class='ocrx_word' id='word_1_267' title='bbox 3899 977 3987 1044; x_wconf 74' lang='grc' dir='ltr'>εἷς</span> 
     </span>
    </p>
   </div>
   <div class='ocr_carea' id='block_1_39' title="bbox 2392 1072 3984 1144">
    <p class='ocr_par' dir='ltr' id='par_1_39' title="bbox 2392 1072 3984 1144">
     <span class='ocr_line' id='line_1_39' title="bbox 2392 1072 3984 1144; baseline 0.001 -20"><span class='ocrx_word' id='word_1_268' title='bbox 2392 1074 2492 1143; x_wconf 74' lang='grc' dir='ltr'>τῆς</span> <span class='ocrx_word' id='word_1_269' title='bbox 2538 1073 2700 1140; x_wconf 80' lang='grc' dir='ltr'>ἁγίας</span> <span class='ocrx_word' id='word_1_270' title='bbox 2744 1073 2975 1144; x_wconf 85' lang='grc' dir='ltr'>Τριάδος</span> <span class='ocrx_word' id='word_1_271' title='bbox 3019 1072 3284 1144; x_wconf 77' lang='grc' dir='ltr'><strong>ἐγεννήθη</strong></span> <span class='ocrx_word' id='word_1_272' title='bbox 3334 1075 3398 1126; x_wconf 82' lang='grc' dir='ltr'>ἐκ</span> <span class='ocrx_word' id='word_1_273' title='bbox 3431 1073 3530 1142; x_wconf 79' lang='grc' dir='ltr'>τῆς</span> <span class='ocrx_word' id='word_1_274' title='bbox 3581 1074 3984 1144; x_wconf 81' lang='grc' dir='ltr'>παναχράντου</span> 
     </span>
    </p>
   </div>
   <div class='ocr_carea' id='block_1_40' title="bbox 2395 1161 3985 1236">
    <p class='ocr_par' dir='ltr' id='par_1_40' title="bbox 2395 1161 3985 1236">
     <span class='ocr_line' id='line_1_40' title="bbox 2395 1161 3985 1236; baseline -0.001 -18"><span class='ocrx_word' id='word_1_275' title='bbox 2395 1164 2668 1236; x_wconf 83' lang='grc' dir='ltr'>παρθένου</span> <span class='ocrx_word' id='word_1_276' title='bbox 2688 1166 2910 1236; x_wconf 79' lang='grc' dir='ltr'><strong>Μαρίας</strong></span> <span class='ocrx_word' id='word_1_277' title='bbox 2931 1182 2942 1195; x_wconf 76' lang='grc' dir='ltr'><strong>ο</strong></span> <span class='ocrx_word' id='word_1_278' title='bbox 2975 1165 3163 1234; x_wconf 80' lang='grc' dir='ltr'><strong>μείνας</strong></span> <span class='ocrx_word' id='word_1_279' title='bbox 3215 1165 3314 1236; x_wconf 83' lang='grc' dir='ltr'>μὲν</span> <span class='ocrx_word' id='word_1_280' title='bbox 3346 1166 3484 1236; x_wconf 86' lang='grc' dir='ltr'>ὅπερ</span> <span class='ocrx_word' id='word_1_281' title='bbox 3513 1161 3603 1236; x_wconf 78' lang='grc' dir='ltr'>ἦν,</span> <span class='ocrx_word' id='word_1_282' title='bbox 3642 1165 3778 1230; x_wconf 74' lang='grc' dir='ltr'>Θεὸς</span> <span class='ocrx_word' id='word_1_283' title='bbox 3808 1166 3985 1220; x_wconf 75' lang='grc' dir='ltr'>ἀναλο</span> 
     </span>
    </p>
   </div>
   <div class='ocr_carea' id='block_1_41' title="bbox 2394 1255 3986 1326">
    <p class='ocr_par' dir='ltr' id='par_1_41' title="bbox 2394 1255 3986 1326">
     <span class='ocr_line' id='line_1_41' title="bbox 2394 1255 3986 1326; baseline 0 -18"><span class='ocrx_word' id='word_1_284' title='bbox 2394 1257 2634 1321; x_wconf 83' lang='grc' dir='ltr'>λοίωτος,</span> <span class='ocrx_word' id='word_1_285' title='bbox 2681 1259 2776 1311; x_wconf 76' lang='grc' dir='ltr'>καὶ</span> <span class='ocrx_word' id='word_1_286' title='bbox 2818 1256 2896 1326; x_wconf 82' lang='grc' dir='ltr'>τῷ</span> <span class='ocrx_word' id='word_1_287' title='bbox 2941 1258 3115 1326; x_wconf 70' lang='grc' dir='ltr'>Πατρὶ</span> <span class='ocrx_word' id='word_1_288' title='bbox 3145 1256 3436 1321; x_wconf 77' lang='grc' dir='ltr'>συναῖδιος,</span> <span class='ocrx_word' id='word_1_289' title='bbox 3475 1255 3797 1326; x_wconf 79' lang='grc' dir='ltr'>προσλαϐὼν</span> <span class='ocrx_word' id='word_1_290' title='bbox 3822 1257 3881 1310; x_wconf 80' lang='grc' dir='ltr'><strong>δὲ</strong></span> <span class='ocrx_word' id='word_1_291' title='bbox 3923 1258 3986 1308; x_wconf 77' lang='grc' dir='ltr'>τὸ</span> 
     </span>
    </p>
   </div>
   <div class='ocr_carea' id='block_1_42' title="bbox 2395 1349 3984 1420">
    <p class='ocr_par' dir='ltr' id='par_1_42' title="bbox 2395 1349 3984 1420">
     <span class='ocr_line' id='line_1_42' title="bbox 2395 1349 3984 1420; baseline -0.003 -16"><span class='ocrx_word' id='word_1_292' title='bbox 2395 1352 2668 1420; x_wconf 78' lang='grc' dir='ltr'>ἡμέτερον</span> <span class='ocrx_word' id='word_1_293' title='bbox 2721 1351 2809 1404; x_wconf 84' lang='grc' dir='ltr'>διά</span> <span class='ocrx_word' id='word_1_294' title='bbox 2863 1352 2963 1419; x_wconf 84' lang='grc' dir='ltr'><strong>τῆς</strong></span> <span class='ocrx_word' id='word_1_295' title='bbox 3009 1349 3349 1420; x_wconf 80' lang='grc' dir='ltr'>παρθενικῆς</span> <span class='ocrx_word' id='word_1_296' title='bbox 3394 1350 3452 1400; x_wconf 89' lang='grc' dir='ltr'>ὲν</span> <span class='ocrx_word' id='word_1_297' title='bbox 3501 1349 3779 1418; x_wconf 85' lang='grc' dir='ltr'>Πνεύματι</span> <span class='ocrx_word' id='word_1_298' title='bbox 3830 1351 3984 1420; x_wconf 82' lang='grc' dir='ltr'>ἀγίῳ</span> 
     </span>
    </p>
   </div>
   <div class='ocr_carea' id='block_1_43' title="bbox 2395 1441 3982 1512">
    <p class='ocr_par' dir='ltr' id='par_1_43' title="bbox 2395 1441 3982 1512">
     <span class='ocr_line' id='line_1_43' title="bbox 2395 1441 3982 1512; baseline -0.001 -18"><span class='ocrx_word' id='word_1_299' title='bbox 2395 1445 2728 1512; x_wconf 78' lang='grc' dir='ltr'><strong>γεννήσεως.</strong></span> <span class='ocrx_word' id='word_1_300' title='bbox 2754 1441 2865 1496; x_wconf 76' lang='grc' dir='ltr'><strong>Καὶ</strong></span> <span class='ocrx_word' id='word_1_301' title='bbox 2894 1441 3045 1494; x_wconf 77' lang='grc' dir='ltr'>ἔστιν</span> <span class='ocrx_word' id='word_1_302' title='bbox 3076 1441 3194 1506; x_wconf 85' lang='grc' dir='ltr'>ὅλος</span> <span class='ocrx_word' id='word_1_303' title='bbox 3223 1441 3375 1505; x_wconf 81' lang='grc' dir='ltr'>Θεὸς,</span> <span class='ocrx_word' id='word_1_304' title='bbox 3393 1444 3488 1494; x_wconf 75' lang='grc' dir='ltr'>καὶ</span> <span class='ocrx_word' id='word_1_305' title='bbox 3517 1441 3634 1504; x_wconf 83' lang='grc' dir='ltr'>ὅλος</span> <span class='ocrx_word' id='word_1_306' title='bbox 3660 1441 3982 1510; x_wconf 71' lang='grc' dir='ltr'>ἄνθρωπος’</span> 
     </span>
    </p>
   </div>
   <div class='ocr_carea' id='block_1_44' title="bbox 2393 1531 3984 1604">
    <p class='ocr_par' dir='ltr' id='par_1_44' title="bbox 2393 1531 3984 1604">
     <span class='ocr_line' id='line_1_44' title="bbox 2393 1531 3984 1604; baseline -0.001 -17"><span class='ocrx_word' id='word_1_307' title='bbox 2393 1535 2492 1588; x_wconf 87' lang='grc' dir='ltr'><strong>ὅλα</strong></span> <span class='ocrx_word' id='word_1_308' title='bbox 2525 1534 2708 1604; x_wconf 82' lang='grc' dir='ltr'>φέρων</span> <span class='ocrx_word' id='word_1_309' title='bbox 2745 1533 3050 1598; x_wconf 76' lang='grc' dir='ltr'>ἀνελλιπῶς</span> <span class='ocrx_word' id='word_1_310' title='bbox 3102 1536 3159 1587; x_wconf 86' lang='grc' dir='ltr'>ὲν</span> <span class='ocrx_word' id='word_1_311' title='bbox 3205 1534 3384 1604; x_wconf 75' lang='grc' dir='ltr'>ἑαυτῷ</span> <span class='ocrx_word' id='word_1_312' title='bbox 3425 1533 3496 1586; x_wconf 74' lang='grc' dir='ltr'>τὰ</span> <span class='ocrx_word' id='word_1_313' title='bbox 3539 1531 3650 1586; x_wconf 85' lang='grc' dir='ltr'>τῶν</span> <span class='ocrx_word' id='word_1_314' title='bbox 3693 1534 3984 1603; x_wconf 80' lang='grc' dir='ltr'><strong>ἑκατέρων</strong></span> 
     </span>
    </p>
   </div>
   <div class='ocr_carea' id='block_1_45' title="bbox 2395 1620 3984 1698">
    <p class='ocr_par' dir='ltr' id='par_1_45' title="bbox 2395 1620 3984 1698">
     <span class='ocr_line' id='line_1_45' title="bbox 2395 1620 3984 1698; baseline -0.001 -19"><span class='ocrx_word' id='word_1_315' title='bbox 2395 1626 2610 1698; x_wconf 73' lang='grc' dir='ltr'>φύσεων</span> <span class='ocrx_word' id='word_1_316' title='bbox 2641 1626 2699 1692; x_wconf 75' lang='grc' dir='ltr'>ἐξ</span> <span class='ocrx_word' id='word_1_317' title='bbox 2722 1620 2797 1680; x_wconf 84' lang='grc' dir='ltr'><strong>ὧν</strong></span> <span class='ocrx_word' id='word_1_318' title='bbox 2823 1626 3083 1698; x_wconf 77' lang='grc' dir='ltr'>συνετέθη</span> <span class='ocrx_word' id='word_1_319' title='bbox 3107 1643 3121 1656; x_wconf 78' lang='grc'><strong>⁸</strong></span> <span class='ocrx_word' id='word_1_320' title='bbox 3149 1625 3420 1698; x_wconf 79' lang='grc' dir='ltr'>θεότητος,</span> <span class='ocrx_word' id='word_1_321' title='bbox 3451 1635 3613 1697; x_wconf 73' lang='grc' dir='ltr'>φημὶ,</span> <span class='ocrx_word' id='word_1_322' title='bbox 3644 1627 3740 1680; x_wconf 76' lang='grc' dir='ltr'>καὶ</span> <span class='ocrx_word' id='word_1_323' title='bbox 3763 1626 3984 1697; x_wconf 52' lang='lat' dir='ltr'><strong>avem-</strong></span> 
     </span>
    </p>
   </div>
   <div class='ocr_carea' id='block_1_46' title="bbox 2396 1693 3983 1790">
    <p class='ocr_par' dir='ltr' id='par_1_46' title="bbox 2396 1693 3983 1790">
     <span class='ocr_line' id='line_1_46' title="bbox 2396 1693 3983 1790; baseline -0.001 -18"><span class='ocrx_word' id='word_1_324' title='bbox 2396 1693 2650 1788; x_wconf 78' lang='grc' dir='ltr'>πότητος,</span> <span class='ocrx_word' id='word_1_325' title='bbox 2686 1720 2744 1771; x_wconf 77' lang='grc' dir='ltr'><strong>ὲν</strong></span> <span class='ocrx_word' id='word_1_326' title='bbox 2777 1720 2878 1790; x_wconf 82' lang='grc' dir='ltr'><strong>μιᾷ</strong></span> <span class='ocrx_word' id='word_1_327' title='bbox 2919 1693 3214 1772; x_wconf 80' lang='grc' dir='ltr'>ὑποστάσει</span> <span class='ocrx_word' id='word_1_328' title='bbox 3244 1693 3547 1788; x_wconf 32' lang='grc' dir='ltr'>’ἰδιώματα-λ</span> <span class='ocrx_word' id='word_1_329' title='bbox 3593 1693 3983 1790; x_wconf 63' lang='grc' dir='ltr'>περιγρατέτὺς</span> 
     </span>
    </p>
   </div>
   <div class='ocr_carea' id='block_1_47' title="bbox 2398 1810 3981 1883">
    <p class='ocr_par' dir='ltr' id='par_1_47' title="bbox 2398 1810 3981 1883">
     <span class='ocr_line' id='line_1_47' title="bbox 2398 1810 3981 1883; baseline 0.003 -21"><span class='ocrx_word' id='word_1_330' title='bbox 2398 1813 2494 1864; x_wconf 78' lang='grc' dir='ltr'>καὶ</span> <span class='ocrx_word' id='word_1_331' title='bbox 2535 1812 2594 1864; x_wconf 86' lang='grc' dir='ltr'><strong>ού</strong></span> <span class='ocrx_word' id='word_1_332' title='bbox 2641 1813 3016 1882; x_wconf 79' lang='grc' dir='ltr'>περιγραπτός</span> <span class='ocrx_word' id='word_1_333' title='bbox 3037 1827 3053 1842; x_wconf 84' lang='grc'>⁶</span> <span class='ocrx_word' id='word_1_334' title='bbox 3084 1812 3146 1865; x_wconf 75' lang='grc' dir='ltr'>τὸ</span> <span class='ocrx_word' id='word_1_335' title='bbox 3177 1812 3276 1882; x_wconf 81' lang='grc' dir='ltr'><strong>μὲν</strong></span> <span class='ocrx_word' id='word_1_336' title='bbox 3304 1811 3447 1864; x_wconf 86' lang='grc' dir='ltr'><strong>κατά</strong></span> <span class='ocrx_word' id='word_1_337' title='bbox 3492 1810 3594 1883; x_wconf 77' lang='grc' dir='ltr'><strong>τὴν</strong></span> <span class='ocrx_word' id='word_1_338' title='bbox 3625 1810 3883 1883; x_wconf 80' lang='grc' dir='ltr'>θεότητα,</span> <span class='ocrx_word' id='word_1_339' title='bbox 3917 1812 3981 1866; x_wconf 75' lang='grc' dir='ltr'>τὸ</span> 
     </span>
    </p>
   </div>
   <div class='ocr_carea' id='block_1_48' title="bbox 2399 1900 3977 1973">
    <p class='ocr_par' dir='ltr' id='par_1_48' title="bbox 2399 1900 3977 1973">
     <span class='ocr_line' id='line_1_48' title="bbox 2399 1900 3977 1973; baseline 0.001 -18"><span class='ocrx_word' id='word_1_340' title='bbox 2399 1902 2456 1955; x_wconf 76' lang='grc' dir='ltr'>δὲ</span> <span class='ocrx_word' id='word_1_341' title='bbox 2487 1901 2630 1956; x_wconf 85' lang='grc' dir='ltr'><strong>κατά</strong></span> <span class='ocrx_word' id='word_1_342' title='bbox 2663 1902 2762 1973; x_wconf 81' lang='grc' dir='ltr'>τὴν</span> <span class='ocrx_word' id='word_1_343' title='bbox 2793 1901 3217 1972; x_wconf 82' lang='grc' dir='ltr'>ἁνθρωπότητα·</span> <span class='ocrx_word' id='word_1_344' title='bbox 3237 1900 3412 1956; x_wconf 84' lang='grc' dir='ltr'>ταῦτα</span> <span class='ocrx_word' id='word_1_345' title='bbox 3442 1905 3551 1972; x_wconf 82' lang='grc' dir='ltr'>γὰρ</span> <span class='ocrx_word' id='word_1_346' title='bbox 3580 1901 3648 1954; x_wconf 80' lang='grc' dir='ltr'><strong>τὰ</strong></span> <span class='ocrx_word' id='word_1_347' title='bbox 3682 1901 3977 1971; x_wconf 71' lang='grc' dir='ltr'>ἰδιώματαο</span> 
     </span>
    </p>
   </div>
   <div class='ocr_carea' id='block_1_49' title="bbox 2398 1989 3977 2066">
    <p class='ocr_par' dir='ltr' id='par_1_49' title="bbox 2398 1989 3977 2066">
     <span class='ocr_line' id='line_1_49' title="bbox 2398 1989 3977 2066; baseline 0.001 -18"><span class='ocrx_word' id='word_1_348' title='bbox 2398 1996 2492 2048; x_wconf 74' lang='grc' dir='ltr'>καὶ</span> <span class='ocrx_word' id='word_1_349' title='bbox 2517 1994 2594 2065; x_wconf 83' lang='grc' dir='ltr'>τῷ</span> <span class='ocrx_word' id='word_1_350' title='bbox 2624 1996 2720 2065; x_wconf 79' lang='grc' dir='ltr'>μὲν</span> <span class='ocrx_word' id='word_1_351' title='bbox 2759 1995 3162 2066; x_wconf 87' lang='grc' dir='ltr'>ἀπεριγράπτῳ</span> <span class='ocrx_word' id='word_1_352' title='bbox 3191 1989 3271 2058; x_wconf 74' lang='grc' dir='ltr'>εἷς</span> <span class='ocrx_word' id='word_1_353' title='bbox 3299 1993 3374 2047; x_wconf 83' lang='grc' dir='ltr'><strong>ὣν</strong></span> <span class='ocrx_word' id='word_1_354' title='bbox 3396 1996 3495 2066; x_wconf 81' lang='grc' dir='ltr'><strong>τῆς</strong></span> <span class='ocrx_word' id='word_1_355' title='bbox 3523 1995 3683 2063; x_wconf 86' lang='grc' dir='ltr'>ἁγίας</span> <span class='ocrx_word' id='word_1_356' title='bbox 3706 1996 3977 2066; x_wconf 79' lang='grc' dir='ltr'>Τριάὃος·</span> 
     </span>
    </p>
   </div>
   <div class='ocr_carea' id='block_1_50' title="bbox 2396 2082 3981 2160">
    <p class='ocr_par' dir='ltr' id='par_1_50' title="bbox 2396 2082 3981 2160">
     <span class='ocr_line' id='line_1_50' title="bbox 2396 2082 3981 2160; baseline 0.003 -20"><span class='ocrx_word' id='word_1_357' title='bbox 2396 2087 2474 2158; x_wconf 82' lang='grc' dir='ltr'><strong>τῷ</strong></span> <span class='ocrx_word' id='word_1_358' title='bbox 2504 2087 2558 2140; x_wconf 84' lang='grc' dir='ltr'><strong>δὲ</strong></span> <span class='ocrx_word' id='word_1_359' title='bbox 2590 2087 2974 2160; x_wconf 75' lang='grc' dir='ltr'>περιγραπτῷ,</span> <span class='ocrx_word' id='word_1_360' title='bbox 3005 2082 3087 2151; x_wconf 76' lang='grc' dir='ltr'>εἷς</span> <span class='ocrx_word' id='word_1_361' title='bbox 3111 2087 3187 2140; x_wconf 81' lang='grc' dir='ltr'>ὢν</span> <span class='ocrx_word' id='word_1_362' title='bbox 3214 2088 3272 2152; x_wconf 77' lang='grc' dir='ltr'><strong>ἐξ</strong></span> <span class='ocrx_word' id='word_1_363' title='bbox 3302 2087 3480 2157; x_wconf 80' lang='grc' dir='ltr'>ἡμῶν.</span> <span class='ocrx_word' id='word_1_364' title='bbox 3513 2089 3630 2142; x_wconf 82' lang='grc' dir='ltr'><strong>Κάν</strong></span> <span class='ocrx_word' id='word_1_365' title='bbox 3664 2090 3843 2160; x_wconf 82' lang='grc' dir='ltr'>τούτῳ</span> <span class='ocrx_word' id='word_1_366' title='bbox 3881 2107 3981 2145; x_wconf 79' lang='grc' dir='ltr'>πι-</span> 
     </span>
    </p>
   </div>
   <div class='ocr_carea' id='block_1_51' title="bbox 2399 2179 3981 2252">
    <p class='ocr_par' dir='ltr' id='par_1_51' title="bbox 2399 2179 3981 2252">
     <span class='ocr_line' id='line_1_51' title="bbox 2399 2179 3981 2252; baseline 0.001 -18"><span class='ocrx_word' id='word_1_367' title='bbox 2399 2179 2619 2234; x_wconf 87' lang='grc' dir='ltr'>στοῦται</span> <span class='ocrx_word' id='word_1_368' title='bbox 2649 2183 2874 2250; x_wconf 83' lang='grc' dir='ltr'>μεσίτης</span> <span class='ocrx_word' id='word_1_369' title='bbox 2905 2180 3040 2233; x_wconf 86' lang='grc' dir='ltr'>Θεοῦ</span> <span class='ocrx_word' id='word_1_370' title='bbox 3076 2183 3170 2234; x_wconf 83' lang='grc' dir='ltr'>καὶ</span> <span class='ocrx_word' id='word_1_371' title='bbox 3202 2180 3509 2251; x_wconf 64' lang='grc' dir='ltr'>ἀνθρώπων</span> <span class='ocrx_word' id='word_1_372' title='bbox 3541 2182 3857 2252; x_wconf 86' lang='grc' dir='ltr'>γενόμενος,</span> <span class='ocrx_word' id='word_1_373' title='bbox 3901 2183 3981 2248; x_wconf 84' lang='grc' dir='ltr'><strong>ὡς</strong></span> 
     </span>
    </p>
   </div>
   <div class='ocr_carea' id='block_1_52' title="bbox 2397 2272 3978 2345">
    <p class='ocr_par' dir='ltr' id='par_1_52' title="bbox 2397 2272 3978 2345">
     <span class='ocr_line' id='line_1_52' title="bbox 2397 2272 3978 2345; baseline 0 -19"><span class='ocrx_word' id='word_1_374' title='bbox 2397 2275 2687 2328; x_wconf 81' lang='grc' dir='ltr'><strong>συνάπτων</strong></span> <span class='ocrx_word' id='word_1_375' title='bbox 2719 2276 2786 2327; x_wconf 77' lang='grc' dir='ltr'>τὰ</span> <span class='ocrx_word' id='word_1_376' title='bbox 2818 2275 2964 2345; x_wconf 82' lang='grc' dir='ltr'>ἄκρα</span> <span class='ocrx_word' id='word_1_377' title='bbox 2994 2272 3133 2342; x_wconf 82' lang='grc' dir='ltr'>πρὸς</span> <span class='ocrx_word' id='word_1_378' title='bbox 3158 2273 3374 2336; x_wconf 75' lang='grc' dir='ltr'>ἑαυτὸν,</span> <span class='ocrx_word' id='word_1_379' title='bbox 3410 2274 3503 2326; x_wconf 82' lang='grc' dir='ltr'>καὶ</span> <span class='ocrx_word' id='word_1_380' title='bbox 3533 2274 3601 2327; x_wconf 78' lang='grc' dir='ltr'>δι’</span> <span class='ocrx_word' id='word_1_381' title='bbox 3625 2273 3793 2328; x_wconf 81' lang='grc' dir='ltr'>αὐτοῦ</span> <span class='ocrx_word' id='word_1_382' title='bbox 3821 2274 3978 2338; x_wconf 83' lang='grc' dir='ltr'>θείας</span> 
     </span>
    </p>
   </div>
   <div class='ocr_carea' id='block_1_53' title="bbox 2399 2366 3980 2438">
    <p class='ocr_par' dir='ltr' id='par_1_53' title="bbox 2399 2366 3980 2438">
     <span class='ocr_line' id='line_1_53' title="bbox 2399 2366 3980 2438; baseline 0 -17"><span class='ocrx_word' id='word_1_383' title='bbox 2399 2369 2613 2436; x_wconf 82' lang='grc' dir='ltr'>φύσεως</span> <span class='ocrx_word' id='word_1_384' title='bbox 2646 2368 2939 2431; x_wconf 85' lang='grc' dir='ltr'>κοινωνοὺς</span> <span class='ocrx_word' id='word_1_385' title='bbox 2967 2368 3062 2421; x_wconf 81' lang='grc' dir='ltr'>καὶ</span> <span class='ocrx_word' id='word_1_386' title='bbox 3095 2366 3230 2420; x_wconf 88' lang='grc' dir='ltr'>Θεοῦ</span> <span class='ocrx_word' id='word_1_387' title='bbox 3274 2368 3491 2436; x_wconf 78' lang='grc' dir='ltr'>υίοῦς⁹ή</span> <span class='ocrx_word' id='word_1_388' title='bbox 3503 2370 3609 2437; x_wconf 82' lang='grc' dir='ltr'>μᾶς</span> <span class='ocrx_word' id='word_1_389' title='bbox 3650 2369 3980 2438; x_wconf 85' lang='grc' dir='ltr'>ἀπεργασά-</span> 
     </span>
    </p>
   </div>
   <div class='ocr_carea' id='block_1_54' title="bbox 2402 2460 3979 2533">
    <p class='ocr_par' dir='ltr' id='par_1_54' title="bbox 2402 2460 3979 2533">
     <span class='ocr_line' id='line_1_54' title="bbox 2402 2460 3979 2533; baseline 0.002 -19"><span class='ocrx_word' id='word_1_390' title='bbox 2402 2479 2563 2532; x_wconf 88' lang='grc' dir='ltr'>μενος</span> <span class='ocrx_word' id='word_1_391' title='bbox 2582 2477 2596 2490; x_wconf 80' lang='grc'><strong>’</strong></span> <span class='ocrx_word' id='word_1_392' title='bbox 2626 2462 2686 2514; x_wconf 84' lang='grc' dir='ltr'>τὸ</span> <span class='ocrx_word' id='word_1_393' title='bbox 2715 2460 3028 2532; x_wconf 82' lang='grc' dir='ltr'>θαυμαστὸν</span> <span class='ocrx_word' id='word_1_394' title='bbox 3055 2461 3152 2514; x_wconf 78' lang='grc' dir='ltr'>καὶ</span> <span class='ocrx_word' id='word_1_395' title='bbox 3173 2461 3547 2533; x_wconf 79' lang='grc' dir='ltr'>ὕπεραινετὺν,</span> <span class='ocrx_word' id='word_1_396' title='bbox 3565 2465 3661 2515; x_wconf 80' lang='grc' dir='ltr'>καὶ</span> <span class='ocrx_word' id='word_1_397' title='bbox 3684 2462 3979 2531; x_wconf 79' lang='grc' dir='ltr'>νοούμενον</span> 
     </span>
    </p>
   </div>
   <div class='ocr_carea' id='block_1_55' title="bbox 2401 2551 3980 2625">
    <p class='ocr_par' dir='ltr' id='par_1_55' title="bbox 2401 2551 3980 2625">
     <span class='ocr_line' id='line_1_55' title="bbox 2401 2551 3980 2625; baseline 0 -19"><span class='ocrx_word' id='word_1_398' title='bbox 2401 2555 2496 2606; x_wconf 70' lang='grc' dir='ltr'><strong>καὶ</strong></span> <span class='ocrx_word' id='word_1_399' title='bbox 2527 2553 2839 2623; x_wconf 82' lang='grc' dir='ltr'>λεγόμενον.</span> <span class='ocrx_word' id='word_1_400' title='bbox 2883 2553 2941 2604; x_wconf 84' lang='grc' dir='ltr'><strong>Ὀ</strong></span> <span class='ocrx_word' id='word_1_401' title='bbox 2971 2551 3066 2606; x_wconf 80' lang='grc' dir='ltr'>οὖν</span> <span class='ocrx_word' id='word_1_402' title='bbox 3101 2553 3276 2620; x_wconf 83' lang='grc' dir='ltr'>λέγων</span> <span class='ocrx_word' id='word_1_403' title='bbox 3307 2551 3470 2606; x_wconf 72' lang='grc' dir='ltr'>αὐτὸν</span> <span class='ocrx_word' id='word_1_404' title='bbox 3519 2551 3594 2625; x_wconf 78' lang='grc' dir='ltr'>μὴ</span> <span class='ocrx_word' id='word_1_405' title='bbox 3637 2552 3980 2623; x_wconf 72' lang='grc' dir='ltr'>περιγράφε-</span> 
     </span>
    </p>
   </div>
   <div class='ocr_carea' id='block_1_56' title="bbox 2403 2645 3975 2716">
    <p class='ocr_par' dir='ltr' id='par_1_56' title="bbox 2403 2645 3975 2716">
     <span class='ocr_line' id='line_1_56' title="bbox 2403 2645 3975 2716; baseline 0 -16"><span class='ocrx_word' id='word_1_406' title='bbox 2403 2647 2526 2700; x_wconf 82' lang='grc' dir='ltr'>σθαι</span> <span class='ocrx_word' id='word_1_407' title='bbox 2568 2649 2626 2699; x_wconf 85' lang='grc' dir='ltr'>ἐν</span> <span class='ocrx_word' id='word_1_408' title='bbox 2671 2647 2836 2716; x_wconf 82' lang='grc' dir='ltr'>σαρκὶ</span> <span class='ocrx_word' id='word_1_409' title='bbox 2889 2645 3312 2715; x_wconf 81' lang='grc' dir='ltr'>καθ”όμοίωσιν</span> <span class='ocrx_word' id='word_1_410' title='bbox 3349 2645 3647 2716; x_wconf 76' lang='grc' dir='ltr'><strong>ἡμετέραν,</strong></span> <span class='ocrx_word' id='word_1_411' title='bbox 3699 2647 3975 2716; x_wconf 81' lang='grc' dir='ltr'>ἀρνεῖται,</span> 
     </span>
    </p>
   </div>
   <div class='ocr_carea' id='block_1_57' title="bbox 2403 2737 3977 2806">
    <p class='ocr_par' dir='ltr' id='par_1_57' title="bbox 2403 2737 3977 2806">
     <span class='ocr_line' id='line_1_57' title="bbox 2403 2737 3977 2806; baseline 0.001 -16"><span class='ocrx_word' id='word_1_412' title='bbox 2403 2737 2733 2806; x_wconf 80' lang='grc' dir='ltr'>εύλογημένε</span> <span class='ocrx_word' id='word_1_413' title='bbox 2769 2754 2872 2805; x_wconf 89' lang='grc' dir='ltr'><strong>μου</strong></span> <span class='ocrx_word' id='word_1_414' title='bbox 2920 2737 3137 2806; x_wconf 85' lang='grc' dir='ltr'>ἀδελφὲ.</span> <span class='ocrx_word' id='word_1_415' title='bbox 3167 2737 3300 2791; x_wconf 85' lang='grc' dir='ltr'>Θεὸν</span> <span class='ocrx_word' id='word_1_416' title='bbox 3322 2739 3380 2791; x_wconf 84' lang='grc' dir='ltr'>ὲν</span> <span class='ocrx_word' id='word_1_417' title='bbox 3402 2738 3566 2797; x_wconf 81' lang='grc' dir='ltr'>σαρκὶ</span> <span class='ocrx_word' id='word_1_418' title='bbox 3595 2739 3763 2806; x_wconf 76' lang='grc' dir='ltr'>φᾶναι</span> <span class='ocrx_word' id='word_1_419' title='bbox 3782 2750 3797 2766; x_wconf 87' lang='grc'>⁶</span> <span class='ocrx_word' id='word_1_420' title='bbox 3829 2739 3977 2791; x_wconf 85' lang='grc' dir='ltr'>ἀντι-</span> 
     </span>
    </p>
   </div>
   <div class='ocr_carea' id='block_1_58' title="bbox 2400 2829 3978 2901">
    <p class='ocr_par' dir='ltr' id='par_1_58' title="bbox 2400 2829 3978 2901">
     <span class='ocr_line' id='line_1_58' title="bbox 2400 2829 3978 2901; baseline 0.004 -20"><span class='ocrx_word' id='word_1_421' title='bbox 2400 2830 2736 2900; x_wconf 77' lang='grc' dir='ltr'>τασσόμενος</span> <span class='ocrx_word' id='word_1_422' title='bbox 2770 2829 2848 2900; x_wconf 80' lang='grc' dir='ltr'>τῷ</span> <span class='ocrx_word' id='word_1_423' title='bbox 2886 2830 3201 2901; x_wconf 82' lang='grc' dir='ltr'>Εὑαγγελίῳ</span> <span class='ocrx_word' id='word_1_424' title='bbox 3245 2831 3340 2886; x_wconf 88' lang='grc' dir='ltr'><strong>τοῦ</strong></span> <span class='ocrx_word' id='word_1_425' title='bbox 3391 2830 3627 2901; x_wconf 81' lang='grc' dir='ltr'>Χριστοῦ</span> <span class='ocrx_word' id='word_1_426' title='bbox 3651 2871 3668 2895; x_wconf 96' lang='grc'><strong>,</strong></span> <span class='ocrx_word' id='word_1_427' title='bbox 3698 2831 3794 2885; x_wconf 76' lang='grc' dir='ltr'>καὶ</span> <span class='ocrx_word' id='word_1_428' title='bbox 3831 2832 3978 2888; x_wconf 76' lang='grc' dir='ltr'>ἐστιν</span> 
     </span>
    </p>
   </div>
   <div class='ocr_carea' id='block_1_59' title="bbox 2416 2918 3977 2992">
    <p class='ocr_par' dir='ltr' id='par_1_59' title="bbox 2416 2918 3977 2992">
     <span class='ocr_line' id='line_1_59' title="bbox 2416 2918 3977 2992; baseline 0.002 -21"><span class='ocrx_word' id='word_1_429' title='bbox 2416 2918 2690 2980; x_wconf 83' lang='grc' dir='ltr'>Ἰουδαίοις</span> <span class='ocrx_word' id='word_1_430' title='bbox 2718 2919 2853 2981; x_wconf 73' lang='grc' dir='ltr'>ἴσος.</span> <span class='ocrx_word' id='word_1_431' title='bbox 2901 2919 3010 2971; x_wconf 85' lang='grc' dir='ltr'>Ποῦ</span> <span class='ocrx_word' id='word_1_432' title='bbox 3051 2919 3158 2988; x_wconf 76' lang='grc' dir='ltr'>γὰρ</span> <span class='ocrx_word' id='word_1_433' title='bbox 3188 2919 3477 2989; x_wconf 80' lang='grc' dir='ltr'><strong>ἀληθεύσει</strong></span> <span class='ocrx_word' id='word_1_434' title='bbox 3522 2919 3583 2972; x_wconf 82' lang='grc' dir='ltr'><strong>τὸ</strong></span> <span class='ocrx_word' id='word_1_435' title='bbox 3613 2921 3800 2990; x_wconf 79' lang='grc' dir='ltr'>ὅμοιον</span> <span class='ocrx_word' id='word_1_436' title='bbox 3841 2923 3977 2992; x_wconf 77' lang='grc' dir='ltr'>ἡμῖν</span> 
     </span>
    </p>
   </div>
   <div class='ocr_carea' id='block_1_60' title="bbox 2404 3010 3977 3080">
    <p class='ocr_par' dir='ltr' id='par_1_60' title="bbox 2404 3010 3977 3080">
     <span class='ocr_line' id='line_1_60' title="bbox 2404 3010 3977 3080; baseline 0.003 -18"><span class='ocrx_word' id='word_1_437' title='bbox 2404 3011 2548 3063; x_wconf 83' lang='grc' dir='ltr'><strong>κατά</strong></span> <span class='ocrx_word' id='word_1_438' title='bbox 2581 3010 2758 3064; x_wconf 82' lang='grc' dir='ltr'>πάντα</span> <span class='ocrx_word' id='word_1_439' title='bbox 2789 3010 3107 3078; x_wconf 87' lang='grc' dir='ltr'>γεγονέναι,</span> <span class='ocrx_word' id='word_1_440' title='bbox 3137 3010 3295 3080; x_wconf 76' lang='grc' dir='ltr'>εἴπερ</span> <span class='ocrx_word' id='word_1_441' title='bbox 3332 3012 3408 3080; x_wconf 82' lang='grc' dir='ltr'>μὴ</span> <span class='ocrx_word' id='word_1_442' title='bbox 3443 3010 3828 3078; x_wconf 77' lang='grc' dir='ltr'>ἐξεικονίζοιτο</span> <span class='ocrx_word' id='word_1_443' title='bbox 3855 3013 3977 3069; x_wconf 78' lang='grc' dir='ltr'>καθ’</span> 
     </span>
    </p>
   </div>
   <div class='ocr_carea' id='block_1_61' title="bbox 2405 3102 3976 3173">
    <p class='ocr_par' dir='ltr' id='par_1_61' title="bbox 2405 3102 3976 3173">
     <span class='ocr_line' id='line_1_61' title="bbox 2405 3102 3976 3173; baseline 0.004 -20"><span class='ocrx_word' id='word_1_444' title='bbox 2405 3104 2583 3172; x_wconf 52' lang='lat' dir='ltr'><strong>huic;</strong></span> <span class='ocrx_word' id='word_1_445' title='bbox 2621 3102 2728 3154; x_wconf 80' lang='grc' dir='ltr'>Ποῦ</span> <span class='ocrx_word' id='word_1_446' title='bbox 2774 3103 2831 3155; x_wconf 73' lang='grc' dir='ltr'>δὲ</span> <span class='ocrx_word' id='word_1_447' title='bbox 2870 3104 2929 3154; x_wconf 88' lang='grc' dir='ltr'><strong>τό</strong></span> <span class='ocrx_word' id='word_1_448' title='bbox 2955 3117 2967 3128; x_wconf 93' lang='grc'><strong>·</strong></span> <span class='ocrx_word' id='word_1_449' title='bbox 3003 3102 3411 3170; x_wconf 56' lang='grc' dir='ltr'>Ψηλαρήσιιτέ</span> <span class='ocrx_word' id='word_1_450' title='bbox 3432 3120 3509 3173; x_wconf 86' lang='grc' dir='ltr'><strong>με</strong></span> <span class='ocrx_word' id='word_1_451' title='bbox 3538 3103 3636 3157; x_wconf 78' lang='grc' dir='ltr'>καὶ</span> <span class='ocrx_word' id='word_1_452' title='bbox 3678 3104 3858 3170; x_wconf 63' lang='lat' dir='ltr'><strong>lbere,</strong></span> <span class='ocrx_word' id='word_1_453' title='bbox 3887 3106 3976 3160; x_wconf 79' lang='grc' dir='ltr'><strong>ὅτι</strong></span> 
     </span>
    </p>
   </div>
   <div class='ocr_carea' id='block_1_62' title="bbox 721 3193 2298 3283">
    <p class='ocr_par' dir='ltr' id='par_1_62' title="bbox 721 3197 2296 3269">
     <span class='ocr_line' id='line_1_62' title="bbox 721 3197 2296 3269; baseline 0 -17"><span class='ocrx_word' id='word_1_454' title='bbox 721 3199 880 3254; x_wconf 88' lang='lat' dir='ltr'><strong>nobis</strong></span> <span class='ocrx_word' id='word_1_455' title='bbox 909 3213 1003 3268; x_wconf 91' lang='lat' dir='ltr'><strong>per</strong></span> <span class='ocrx_word' id='word_1_456' title='bbox 1032 3199 1216 3252; x_wconf 86' lang='lat' dir='ltr'><strong>omnia</strong></span> <span class='ocrx_word' id='word_1_457' title='bbox 1276 3197 1483 3252; x_wconf 79' lang='lat' dir='ltr'><strong>factum</strong></span> <span class='ocrx_word' id='word_1_458' title='bbox 1517 3215 1638 3254; x_wconf 88' lang='lat' dir='ltr'><strong>esse</strong></span> <span class='ocrx_word' id='word_1_459' title='bbox 1666 3237 1681 3262; x_wconf 90' lang='lat'><strong>,</strong></span> <span class='ocrx_word' id='word_1_460' title='bbox 1737 3199 1784 3253; x_wconf 90' lang='lat' dir='ltr'><strong>si</strong></span> <span class='ocrx_word' id='word_1_461' title='bbox 1833 3199 2089 3269; x_wconf 78' lang='lat' dir='ltr'><strong>imagine,</strong></span> <span class='ocrx_word' id='word_1_462' title='bbox 2141 3214 2296 3253; x_wconf 89' lang='lat' dir='ltr'><strong>more</strong></span> 
     </span>
    </p>
   </div>
   <div class='ocr_carea' id='block_1_63' title="bbox 2401 3193 3977 3283">
    <p class='ocr_par' dir='ltr' id='par_1_63' title="bbox 2407 3193 3977 3269">
     <span class='ocr_line' id='line_1_63' title="bbox 2407 3193 3977 3269; baseline 0.004 -23"><span class='ocrx_word' id='word_1_463' title='bbox 2407 3194 2644 3262; x_wconf 78' lang='grc' dir='ltr'>πνεῦμα</span> <span class='ocrx_word' id='word_1_464' title='bbox 2690 3193 2889 3261; x_wconf 79' lang='grc' dir='ltr'>σάρκα</span> <span class='ocrx_word' id='word_1_465' title='bbox 2920 3195 3018 3247; x_wconf 77' lang='grc' dir='ltr'>καὶ</span> <span class='ocrx_word' id='word_1_466' title='bbox 3067 3195 3250 3248; x_wconf 67' lang='grc' dir='ltr'>ὀστέα</span> <span class='ocrx_word' id='word_1_467' title='bbox 3297 3198 3409 3250; x_wconf 77' lang='grc' dir='ltr'>οὐκ</span> <span class='ocrx_word' id='word_1_468' title='bbox 3463 3197 3608 3264; x_wconf 76' lang='grc' dir='ltr'>ἔχει,</span> <span class='ocrx_word' id='word_1_469' title='bbox 3655 3199 3851 3265; x_wconf 82' lang='grc' dir='ltr'>καθὼς</span> <span class='ocrx_word' id='word_1_470' title='bbox 3875 3198 3977 3269; x_wconf 64' lang='grc' dir='ltr'><strong>ἐμὲ</strong></span> 
     </span>
    </p>
   </div>
   <div class='ocr_carea' id='block_1_64' title="bbox 721 3290 2302 3361">
    <p class='ocr_par' dir='ltr' id='par_1_64' title="bbox 721 3290 2302 3361">
     <span class='ocr_line' id='line_1_64' title="bbox 721 3290 2302 3361; baseline 0.001 -16"><span class='ocrx_word' id='word_1_471' title='bbox 721 3301 945 3356; x_wconf 83' lang='lat' dir='ltr'><strong>nostro,</strong></span> <span class='ocrx_word' id='word_1_472' title='bbox 987 3306 1099 3346; x_wconf 89' lang='lat' dir='ltr'><strong>non</strong></span> <span class='ocrx_word' id='word_1_473' title='bbox 1146 3290 1661 3360; x_wconf 75' lang='lat' dir='ltr'><strong>exprimatur‘HJbi</strong></span> <span class='ocrx_word' id='word_1_474' title='bbox 1712 3291 1888 3346; x_wconf 86' lang='lat' dir='ltr'><strong>illud:</strong></span> <span class='ocrx_word' id='word_1_475' title='bbox 1939 3290 2168 3361; x_wconf 82' lang='lat' dir='ltr'><strong>Palpate</strong></span> <span class='ocrx_word' id='word_1_476' title='bbox 2219 3307 2302 3346; x_wconf 78' lang='lat' dir='ltr'><strong>me</strong></span> 
     </span>
    </p>
   </div>
   <div class='ocr_carea' id='block_1_65' title="bbox 720 3383 2299 3453">
    <p class='ocr_par' dir='ltr' id='par_1_65' title="bbox 720 3383 2299 3453">
     <span class='ocr_line' id='line_1_65' title="bbox 720 3383 2299 3453; baseline 0 -15"><span class='ocrx_word' id='word_1_477' title='bbox 720 3393 771 3438; x_wconf 85' lang='lat' dir='ltr'><strong>et</strong></span> <span class='ocrx_word' id='word_1_478' title='bbox 804 3383 991 3449; x_wconf 74' lang='lat' dir='ltr'><strong>uidete,</strong></span> <span class='ocrx_word' id='word_1_479' title='bbox 1025 3383 1153 3453; x_wconf 82' lang='lat' dir='ltr'><strong>quia</strong></span> <span class='ocrx_word' id='word_1_480' title='bbox 1179 3383 1404 3452; x_wconf 80' lang='lat' dir='ltr'><strong>spiritus</strong></span> <span class='ocrx_word' id='word_1_481' title='bbox 1435 3399 1651 3437; x_wconf 84' lang='lat' dir='ltr'><strong>carnem</strong></span> <span class='ocrx_word' id='word_1_482' title='bbox 1700 3393 1751 3437; x_wconf 84' lang='lat' dir='ltr'><strong>et</strong></span> <span class='ocrx_word' id='word_1_483' title='bbox 1792 3400 1915 3438; x_wconf 85' lang='lat' dir='ltr'><strong>ossa</strong></span> <span class='ocrx_word' id='word_1_484' title='bbox 1952 3401 2056 3439; x_wconf 82' lang='lat' dir='ltr'><strong>non</strong></span> <span class='ocrx_word' id='word_1_485' title='bbox 2103 3384 2255 3438; x_wconf 80' lang='lat' dir='ltr'><strong>habet</strong></span> <span class='ocrx_word' id='word_1_486' title='bbox 2284 3423 2299 3446; x_wconf 85' lang='lat'><strong>,</strong></span> 
     </span>
    </p>
   </div>
   <div class='ocr_carea' id='block_1_66' title="bbox 717 3475 2302 3543">
    <p class='ocr_par' dir='ltr' id='par_1_66' title="bbox 717 3475 2302 3543">
     <span class='ocr_line' id='line_1_66' title="bbox 717 3475 2302 3543; baseline 0 -12"><span class='ocrx_word' id='word_1_487' title='bbox 717 3479 857 3531; x_wconf 86' lang='lat' dir='ltr'><strong>sicut</strong></span> <span class='ocrx_word' id='word_1_488' title='bbox 924 3493 1005 3530; x_wconf 87' lang='lat' dir='ltr'><strong>me</strong></span> <span class='ocrx_word' id='word_1_489' title='bbox 1068 3477 1255 3530; x_wconf 75' lang='lat' dir='ltr'><strong>videtis</strong></span> <span class='ocrx_word' id='word_1_490' title='bbox 1307 3475 1738 3534; x_wconf 73' lang='lat' dir='ltr'><strong>habere&quot;?Ubi</strong></span> <span class='ocrx_word' id='word_1_491' title='bbox 1801 3490 1853 3533; x_wconf 88' lang='lat' dir='ltr'><strong>et</strong></span> <span class='ocrx_word' id='word_1_492' title='bbox 1912 3479 2042 3533; x_wconf 85' lang='lat' dir='ltr'><strong>illud</strong></span> <span class='ocrx_word' id='word_1_493' title='bbox 2093 3497 2108 3532; x_wconf 92' lang='lat'><strong>:</strong></span> <span class='ocrx_word' id='word_1_494' title='bbox 2161 3479 2302 3543; x_wconf 77' lang='lat' dir='ltr'><strong>Quid</strong></span> 
     </span>
    </p>
   </div>
   <div class='ocr_carea' id='block_1_67' title="bbox 718 3569 2300 3640">
    <p class='ocr_par' dir='ltr' id='par_1_67' title="bbox 718 3569 2300 3640">
     <span class='ocr_line' id='line_1_67' title="bbox 718 3569 2300 3640; baseline 0.001 -18"><span class='ocrx_word' id='word_1_495' title='bbox 718 3585 802 3622; x_wconf 85' lang='lat' dir='ltr'><strong>me</strong></span> <span class='ocrx_word' id='word_1_496' title='bbox 849 3570 1010 3624; x_wconf 70' lang='lat' dir='ltr'><strong>uultis</strong></span> <span class='ocrx_word' id='word_1_497' title='bbox 1038 3569 1358 3635; x_wconf 77' lang='lat' dir='ltr'><strong>interﬁcere,</strong></span> <span class='ocrx_word' id='word_1_498' title='bbox 1416 3569 1678 3623; x_wconf 76' lang='lat' dir='ltr'><strong>hominem</strong></span> <span class='ocrx_word' id='word_1_499' title='bbox 1720 3571 1810 3640; x_wconf 85' lang='lat' dir='ltr'><strong>qui</strong></span> <span class='ocrx_word' id='word_1_500' title='bbox 1843 3573 2114 3626; x_wconf 68' lang='lat' dir='ltr'><strong>veritatem</strong></span> <span class='ocrx_word' id='word_1_501' title='bbox 2156 3573 2300 3625; x_wconf 79' lang='lat' dir='ltr'><strong>vobis</strong></span> 
     </span>
    </p>
   </div>
   <div class='ocr_carea' id='block_1_68' title="bbox 719 3665 2303 3733">
    <p class='ocr_par' dir='ltr' id='par_1_68' title="bbox 719 3665 2303 3733">
     <span class='ocr_line' id='line_1_68' title="bbox 719 3665 2303 3733; baseline 0 -14"><span class='ocrx_word' id='word_1_502' title='bbox 719 3669 928 3719; x_wconf 78' lang='lat' dir='ltr'><strong>locutus</strong></span> <span class='ocrx_word' id='word_1_503' title='bbox 1005 3681 1167 3728; x_wconf 87' lang='lat' dir='ltr'><strong>sum,</strong></span> <span class='ocrx_word' id='word_1_504' title='bbox 1251 3681 1414 3733; x_wconf 87' lang='lat' dir='ltr'><strong>quam</strong></span> <span class='ocrx_word' id='word_1_505' title='bbox 1508 3666 1692 3720; x_wconf 78' lang='lat' dir='ltr'><strong>audivi</strong></span> <span class='ocrx_word' id='word_1_506' title='bbox 1733 3683 1766 3719; x_wconf 88' lang='lat' dir='ltr'><strong>a</strong></span> <span class='ocrx_word' id='word_1_507' title='bbox 1843 3665 2113 3720; x_wconf 79' lang='lat' dir='ltr'><strong>Patre&quot;?</strong></span> <span class='ocrx_word' id='word_1_508' title='bbox 2192 3665 2303 3730; x_wconf 86' lang='lat' dir='ltr'><strong>Qui</strong></span> 
     </span>
    </p>
   </div>
   <div class='ocr_carea' id='block_1_69' title="bbox 719 3756 2303 3827">
    <p class='ocr_par' dir='ltr' id='par_1_69' title="bbox 719 3756 2303 3827">
     <span class='ocr_line' id='line_1_69' title="bbox 719 3756 2303 3827; baseline -0.002 -17"><span class='ocrx_word' id='word_1_509' title='bbox 719 3771 853 3827; x_wconf 88' lang='lat' dir='ltr'><strong>ergo</strong></span> <span class='ocrx_word' id='word_1_510' title='bbox 912 3772 1020 3811; x_wconf 91' lang='lat' dir='ltr'><strong>non</strong></span> <span class='ocrx_word' id='word_1_511' title='bbox 1074 3756 1575 3823; x_wconf 86' lang='lat' dir='ltr'><strong>circumscribitur,</strong></span> <span class='ocrx_word' id='word_1_512' title='bbox 1632 3772 1734 3813; x_wconf 91' lang='lat' dir='ltr'><strong>nec</strong></span> <span class='ocrx_word' id='word_1_513' title='bbox 1774 3758 1976 3812; x_wconf 86' lang='lat' dir='ltr'><strong>similis</strong></span> <span class='ocrx_word' id='word_1_514' title='bbox 2025 3757 2180 3811; x_wconf 83' lang='lat' dir='ltr'><strong>nobis</strong></span> <span class='ocrx_word' id='word_1_515' title='bbox 2220 3763 2303 3809; x_wconf 84' lang='lat' dir='ltr'><strong>est</strong></span> 
     </span>
    </p>
   </div>
   <div class='ocr_carea' id='block_1_70' title="bbox 721 3847 2302 3920">
    <p class='ocr_par' dir='ltr' id='par_1_70' title="bbox 721 3847 2302 3920">
     <span class='ocr_line' id='line_1_70' title="bbox 721 3847 2302 3920; baseline -0.001 -17"><span class='ocrx_word' id='word_1_516' title='bbox 721 3848 870 3905; x_wconf 88' lang='lat' dir='ltr'><strong>haud</strong></span> <span class='ocrx_word' id='word_1_517' title='bbox 917 3848 1125 3914; x_wconf 90' lang='lat' dir='ltr'><strong>dubie,</strong></span> <span class='ocrx_word' id='word_1_518' title='bbox 1185 3863 1286 3904; x_wconf 90' lang='lat' dir='ltr'><strong>nec</strong></span> <span class='ocrx_word' id='word_1_519' title='bbox 1345 3849 1619 3920; x_wconf 86' lang='lat' dir='ltr'><strong>palpatur,</strong></span> <span class='ocrx_word' id='word_1_520' title='bbox 1671 3863 1851 3918; x_wconf 89' lang='lat' dir='ltr'><strong>neque</strong></span> <span class='ocrx_word' id='word_1_521' title='bbox 1928 3863 2094 3918; x_wconf 90' lang='lat' dir='ltr'><strong>porro</strong></span> <span class='ocrx_word' id='word_1_522' title='bbox 2152 3847 2302 3902; x_wconf 88' lang='lat' dir='ltr'><strong>occi-</strong></span> 
     </span>
    </p>
   </div>
   <div class='ocr_carea' id='block_1_71' title="bbox 722 3941 2306 4012">
    <p class='ocr_par' dir='ltr' id='par_1_71' title="bbox 722 3941 2306 4012">
     <span class='ocr_line' id='line_1_71' title="bbox 722 3941 2306 4012; baseline 0 -18"><span class='ocrx_word' id='word_1_523' title='bbox 722 3941 896 3996; x_wconf 88' lang='lat' dir='ltr'><strong>ditur.</strong></span> <span class='ocrx_word' id='word_1_524' title='bbox 951 3942 1114 4010; x_wconf 77' lang='lat' dir='ltr'><strong>Atqui</strong></span> <span class='ocrx_word' id='word_1_525' title='bbox 1181 3941 1395 3996; x_wconf 82' lang='lat' dir='ltr'><strong>occisus</strong></span> <span class='ocrx_word' id='word_1_526' title='bbox 1456 3952 1586 4008; x_wconf 85' lang='lat' dir='ltr'><strong>est,</strong></span> <span class='ocrx_word' id='word_1_527' title='bbox 1647 3952 1701 3996; x_wconf 90' lang='lat' dir='ltr'><strong>et</strong></span> <span class='ocrx_word' id='word_1_528' title='bbox 1762 3943 2013 4012; x_wconf 85' lang='lat' dir='ltr'><strong>palpatus</strong></span> <span class='ocrx_word' id='word_1_529' title='bbox 2048 3949 2167 4012; x_wconf 89' lang='lat' dir='ltr'><strong>post</strong></span> <span class='ocrx_word' id='word_1_530' title='bbox 2219 3955 2306 3994; x_wconf 89' lang='lat' dir='ltr'><strong>re-</strong></span> 
     </span>
    </p>
   </div>
   <div class='ocr_carea' id='block_1_72' title="bbox 723 4030 2303 4102">
    <p class='ocr_par' dir='ltr' id='par_1_72' title="bbox 723 4030 2303 4102">
     <span class='ocr_line' id='line_1_72' title="bbox 723 4030 2303 4102; baseline -0.002 -17"><span class='ocrx_word' id='word_1_531' title='bbox 723 4030 1150 4086; x_wconf 84' lang='lat' dir='ltr'><strong>surrectionem.</strong></span> <span class='ocrx_word' id='word_1_532' title='bbox 1201 4030 1343 4102; x_wconf 87' lang='lat' dir='ltr'><strong>Ergo</strong></span> <span class='ocrx_word' id='word_1_533' title='bbox 1377 4041 1431 4085; x_wconf 93' lang='lat' dir='ltr'><strong>et</strong></span> <span class='ocrx_word' id='word_1_534' title='bbox 1469 4031 1847 4085; x_wconf 88' lang='lat' dir='ltr'><strong>circumscribi</strong></span> <span class='ocrx_word' id='word_1_535' title='bbox 1899 4031 2041 4085; x_wconf 89' lang='lat' dir='ltr'><strong>sicut</strong></span> <span class='ocrx_word' id='word_1_536' title='bbox 2071 4044 2170 4084; x_wconf 88' lang='lat' dir='ltr'><strong>nos</strong></span> <span class='ocrx_word' id='word_1_537' title='bbox 2210 4044 2303 4098; x_wconf 81' lang='lat' dir='ltr'><strong>per</strong></span> 
     </span>
    </p>
   </div>
   <div class='ocr_carea' id='block_1_73' title="bbox 723 4123 2306 4195">
    <p class='ocr_par' dir='ltr' id='par_1_73' title="bbox 723 4123 2306 4195">
     <span class='ocr_line' id='line_1_73' title="bbox 723 4123 2306 4195; baseline -0.003 -16"><span class='ocrx_word' id='word_1_538' title='bbox 723 4124 1019 4195; x_wconf 86' lang='lat' dir='ltr'><strong>imaginem</strong></span> <span class='ocrx_word' id='word_1_539' title='bbox 1070 4133 1271 4195; x_wconf 88' lang='lat' dir='ltr'><strong>potest.</strong></span> <span class='ocrx_word' id='word_1_540' title='bbox 1329 4123 1436 4179; x_wconf 90' lang='lat' dir='ltr'><strong>Sed</strong></span> <span class='ocrx_word' id='word_1_541' title='bbox 1487 4133 1810 4180; x_wconf 72' lang='lat' dir='ltr'><strong>evanuerunt</strong></span> <span class='ocrx_word' id='word_1_542' title='bbox 1861 4123 1917 4180; x_wconf 84' lang='lat' dir='ltr'><strong>in</strong></span> <span class='ocrx_word' id='word_1_543' title='bbox 1967 4124 2306 4195; x_wconf 80' lang='lat' dir='ltr'><strong>cogitationi-</strong></span> 
     </span>
    </p>
   </div>
   <div class='ocr_carea' id='block_1_74' title="bbox 725 4215 2308 4280">
    <p class='ocr_par' dir='ltr' id='par_1_74' title="bbox 725 4215 2308 4280">
     <span class='ocr_line' id='line_1_74' title="bbox 725 4215 2308 4280; baseline -0.001 -12"><span class='ocrx_word' id='word_1_544' title='bbox 725 4215 824 4270; x_wconf 84' lang='lat' dir='ltr'><strong>bus</strong></span> <span class='ocrx_word' id='word_1_545' title='bbox 897 4217 1010 4271; x_wconf 86' lang='lat' dir='ltr'><strong>suis</strong></span> <span class='ocrx_word' id='word_1_546' title='bbox 1063 4215 1458 4280; x_wconf 82' lang='lat' dir='ltr'><strong>lconomachi,</strong></span> <span class='ocrx_word' id='word_1_547' title='bbox 1529 4228 1579 4271; x_wconf 83' lang='lat' dir='ltr'><strong>et</strong></span> <span class='ocrx_word' id='word_1_548' title='bbox 1633 4215 1972 4270; x_wconf 83' lang='lat' dir='ltr'><strong>obscuratum</strong></span> <span class='ocrx_word' id='word_1_549' title='bbox 2036 4227 2114 4270; x_wconf 74' lang='lat' dir='ltr'><strong>est</strong></span> <span class='ocrx_word' id='word_1_550' title='bbox 2172 4218 2308 4268; x_wconf 81' lang='lat' dir='ltr'><strong>iusi-</strong></span> 
     </span>
    </p>
   </div>
   <div class='ocr_carea' id='block_1_75' title="bbox 722 4308 2305 4378">
    <p class='ocr_par' dir='ltr' id='par_1_75' title="bbox 722 4308 2305 4378">
     <span class='ocr_line' id='line_1_75' title="bbox 722 4308 2305 4378; baseline -0.001 -16"><span class='ocrx_word' id='word_1_551' title='bbox 722 4309 870 4378; x_wconf 82' lang='lat' dir='ltr'><strong>piens</strong></span> <span class='ocrx_word' id='word_1_552' title='bbox 915 4323 1008 4363; x_wconf 80' lang='lat' dir='ltr'><strong>cor</strong></span> <span class='ocrx_word' id='word_1_553' title='bbox 1051 4324 1235 4362; x_wconf 79' lang='lat' dir='ltr'><strong>eorum</strong></span> <span class='ocrx_word' id='word_1_554' title='bbox 1257 4308 1337 4362; x_wconf 70' lang='grc' dir='ltr'><strong>’δε</strong></span> <span class='ocrx_word' id='word_1_555' title='bbox 1377 4323 1445 4363; x_wconf 81' lang='lat' dir='ltr'><strong>ex</strong></span> <span class='ocrx_word' id='word_1_556' title='bbox 1487 4323 1554 4362; x_wconf 91' lang='lat' dir='ltr'><strong>eo</strong></span> <span class='ocrx_word' id='word_1_557' title='bbox 1596 4311 1740 4378; x_wconf 89' lang='lat' dir='ltr'><strong>quod</strong></span> <span class='ocrx_word' id='word_1_558' title='bbox 1771 4317 1968 4378; x_wconf 77' lang='lat' dir='ltr'><strong>negant</strong></span> <span class='ocrx_word' id='word_1_559' title='bbox 2018 4308 2305 4378; x_wconf 84' lang='lat' dir='ltr'><strong>imaginem</strong></span> 
     </span>
    </p>
   </div>
   <div class='ocr_carea' id='block_1_76' title="bbox 728 4399 2308 4470">
    <p class='ocr_par' dir='ltr' id='par_1_76' title="bbox 728 4399 2308 4470">
     <span class='ocr_line' id='line_1_76' title="bbox 728 4399 2308 4470; baseline -0.003 -16"><span class='ocrx_word' id='word_1_560' title='bbox 728 4399 962 4466; x_wconf 86' lang='lat' dir='ltr'><strong>Christi,</strong></span> <span class='ocrx_word' id='word_1_561' title='bbox 989 4408 1045 4454; x_wconf 89' lang='lat' dir='ltr'><strong>et</strong></span> <span class='ocrx_word' id='word_1_562' title='bbox 1077 4399 1345 4470; x_wconf 64' lang='lat' dir='ltr'><strong>Deiparw,</strong></span> <span class='ocrx_word' id='word_1_563' title='bbox 1375 4408 1430 4453; x_wconf 89' lang='lat' dir='ltr'><strong>et</strong></span> <span class='ocrx_word' id='word_1_564' title='bbox 1455 4401 1698 4454; x_wconf 91' lang='lat' dir='ltr'><strong>omnium</strong></span> <span class='ocrx_word' id='word_1_565' title='bbox 1731 4409 2072 4463; x_wconf 83' lang='lat' dir='ltr'><strong>sanctorum,</strong></span> <span class='ocrx_word' id='word_1_566' title='bbox 2105 4414 2308 4467; x_wconf 84' lang='lat' dir='ltr'><strong>negau-</strong></span> 
     </span>
    </p>
   </div>
   <div class='ocr_carea' id='block_1_77' title="bbox 728 4489 2308 4561">
    <p class='ocr_par' dir='ltr' id='par_1_77' title="bbox 728 4489 2308 4561">
     <span class='ocr_line' id='line_1_77' title="bbox 728 4489 2308 4561; baseline -0.002 -16"><span class='ocrx_word' id='word_1_567' title='bbox 728 4503 810 4549; x_wconf 85' lang='lat' dir='ltr'><strong>tes</strong></span> <span class='ocrx_word' id='word_1_568' title='bbox 861 4492 1164 4547; x_wconf 86' lang='lat' dir='ltr'><strong>salutarem</strong></span> <span class='ocrx_word' id='word_1_569' title='bbox 1213 4490 1724 4561; x_wconf 87' lang='lat' dir='ltr'><strong>dispensationem;</strong></span> <span class='ocrx_word' id='word_1_570' title='bbox 1779 4500 1834 4544; x_wconf 85' lang='lat' dir='ltr'><strong>et</strong></span> <span class='ocrx_word' id='word_1_571' title='bbox 1879 4489 2160 4544; x_wconf 86' lang='lat' dir='ltr'><strong>Christum</strong></span> <span class='ocrx_word' id='word_1_572' title='bbox 2214 4504 2308 4542; x_wconf 90' lang='lat' dir='ltr'><strong>ore</strong></span> 
     </span>
    </p>
   </div>
   <div class='ocr_carea' id='block_1_78' title="bbox 2404 3284 3977 3358">
    <p class='ocr_par' dir='ltr' id='par_1_78' title="bbox 2404 3284 3977 3358">
     <span class='ocr_line' id='line_1_78' title="bbox 2404 3284 3977 3358; baseline 0.001 -18"><span class='ocrx_word' id='word_1_573' title='bbox 2404 3284 2672 3353; x_wconf 80' lang='grc' dir='ltr'>θεωρεῖτε</span> <span class='ocrx_word' id='word_1_574' title='bbox 2697 3286 2944 3352; x_wconf 57' lang='lat' dir='ltr'><strong>exorta;</strong></span> <span class='ocrx_word' id='word_1_575' title='bbox 2961 3286 3070 3340; x_wconf 81' lang='grc' dir='ltr'>Ποῦ</span> <span class='ocrx_word' id='word_1_576' title='bbox 3095 3288 3151 3340; x_wconf 83' lang='grc' dir='ltr'><strong>δὲ</strong></span> <span class='ocrx_word' id='word_1_577' title='bbox 3177 3289 3257 3352; x_wconf 83' lang='grc' dir='ltr'>τὸ,</span> <span class='ocrx_word' id='word_1_578' title='bbox 3296 3289 3356 3342; x_wconf 85' lang='grc' dir='ltr'>Τί</span> <span class='ocrx_word' id='word_1_579' title='bbox 3371 3305 3448 3358; x_wconf 79' lang='grc' dir='ltr'>με</span> <span class='ocrx_word' id='word_1_580' title='bbox 3477 3289 3681 3343; x_wconf 64' lang='grc' dir='ltr'>θέλετε</span> <span class='ocrx_word' id='word_1_581' title='bbox 3704 3290 3977 3345; x_wconf 73' lang='grc' dir='ltr'>ἀποκτεῐ.</span> 
     </span>
    </p>
   </div>
   <div class='ocr_carea' id='block_1_79' title="bbox 2405 3376 3996 3450">
    <p class='ocr_par' dir='ltr' id='par_1_79' title="bbox 2405 3376 3996 3450">
     <span class='ocr_line' id='line_1_79' title="bbox 2405 3376 3996 3450; baseline 0.006 -19"><span class='ocrx_word' id='word_1_582' title='bbox 2405 3395 2525 3438; x_wconf 81' lang='grc' dir='ltr'>ναι,</span> <span class='ocrx_word' id='word_1_583' title='bbox 2564 3376 2874 3445; x_wconf 78' lang='grc' dir='ltr'>ἄνθρωπον</span> <span class='ocrx_word' id='word_1_584' title='bbox 2906 3377 2975 3443; x_wconf 80' lang='grc' dir='ltr'>ὃς</span> <span class='ocrx_word' id='word_1_585' title='bbox 3006 3379 3119 3447; x_wconf 76' lang='grc' dir='ltr'><strong>τὴν</strong></span> <span class='ocrx_word' id='word_1_586' title='bbox 3142 3380 3436 3448; x_wconf 71' lang='grc' dir='ltr'>ἀλήθειαν</span> <span class='ocrx_word' id='word_1_587' title='bbox 3464 3381 3608 3450; x_wconf 78' lang='grc' dir='ltr'><strong>ὑμῖν</strong></span> <span class='ocrx_word' id='word_1_588' title='bbox 3639 3383 3996 3450; x_wconf 75' lang='grc' dir='ltr'><strong>λελάληκα.-</strong></span> 
     </span>
    </p>
   </div>
   <div class='ocr_carea' id='block_1_80' title="bbox 2407 3470 3975 3545">
    <p class='ocr_par' dir='ltr' id='par_1_80' title="bbox 2407 3470 3975 3545">
     <span class='ocr_line' id='line_1_80' title="bbox 2407 3470 3975 3545; baseline 0.001 -22"><span class='ocrx_word' id='word_1_589' title='bbox 2407 3470 2488 3536; x_wconf 80' lang='grc' dir='ltr'><strong>ἢν</strong></span> <span class='ocrx_word' id='word_1_590' title='bbox 2515 3470 2751 3538; x_wconf 75' lang='grc' dir='ltr'>ἥκουσα</span> <span class='ocrx_word' id='word_1_591' title='bbox 2782 3470 2940 3537; x_wconf 81' lang='grc' dir='ltr'>παρὰ</span> <span class='ocrx_word' id='word_1_592' title='bbox 2970 3472 3078 3525; x_wconf 87' lang='grc' dir='ltr'><strong>τοῦ</strong></span> <span class='ocrx_word' id='word_1_593' title='bbox 3124 3474 3393 3540; x_wconf 81' lang='grc' dir='ltr'>Πατρός;</span> <span class='ocrx_word' id='word_1_594' title='bbox 3426 3472 3482 3525; x_wconf 79' lang='grc'><strong>⁸0</strong></span> <span class='ocrx_word' id='word_1_595' title='bbox 3512 3473 3690 3525; x_wconf 88' lang='grc' dir='ltr'>τοίνυν</span> <span class='ocrx_word' id='word_1_596' title='bbox 3718 3475 3794 3544; x_wconf 80' lang='grc' dir='ltr'>μὴ</span> <span class='ocrx_word' id='word_1_597' title='bbox 3820 3489 3975 3545; x_wconf 69' lang='grc' dir='ltr'>περι-</span> 
     </span>
    </p>
   </div>
   <div class='ocr_carea' id='block_1_81' title="bbox 2408 3561 3973 3634">
    <p class='ocr_par' dir='ltr' id='par_1_81' title="bbox 2408 3561 3973 3634">
     <span class='ocr_line' id='line_1_81' title="bbox 2408 3561 3973 3634; baseline 0.004 -21"><span class='ocrx_word' id='word_1_598' title='bbox 2408 3563 2796 3631; x_wconf 73' lang='grc' dir='ltr'>γραφόμενος,</span> <span class='ocrx_word' id='word_1_599' title='bbox 2835 3561 2950 3615; x_wconf 73' lang='grc' dir='ltr'>οὔθ’</span> <span class='ocrx_word' id='word_1_600' title='bbox 2997 3565 3180 3632; x_wconf 87' lang='grc' dir='ltr'>ὅμοιος</span> <span class='ocrx_word' id='word_1_601' title='bbox 3231 3564 3364 3634; x_wconf 80' lang='grc' dir='ltr'>ἡμῖν</span> <span class='ocrx_word' id='word_1_602' title='bbox 3409 3563 3672 3634; x_wconf 75' lang='grc' dir='ltr'>δηλονότι,</span> <span class='ocrx_word' id='word_1_603' title='bbox 3725 3565 3841 3618; x_wconf 71' lang='grc' dir='ltr'><strong>οὔτ’</strong></span> <span class='ocrx_word' id='word_1_604' title='bbox 3909 3561 3973 3621; x_wconf 80' lang='grc' dir='ltr'>αὖ</span> 
     </span>
    </p>
   </div>
   <div class='ocr_carea' id='block_1_82' title="bbox 2405 3654 3976 3729">
    <p class='ocr_par' dir='ltr' id='par_1_82' title="bbox 2405 3654 3976 3729">
     <span class='ocr_line' id='line_1_82' title="bbox 2405 3654 3976 3729; baseline 0.001 -22"><span class='ocrx_word' id='word_1_605' title='bbox 2405 3654 2764 3722; x_wconf 76' lang='grc' dir='ltr'>ψηλαφᾶται,</span> <span class='ocrx_word' id='word_1_606' title='bbox 2809 3655 2918 3707; x_wconf 73' lang='grc' dir='ltr'>οὐδ’</span> <span class='ocrx_word' id='word_1_607' title='bbox 2973 3655 3034 3706; x_wconf 86' lang='grc' dir='ltr'><strong>ού</strong></span> <span class='ocrx_word' id='word_1_608' title='bbox 3083 3654 3193 3724; x_wconf 83' lang='grc' dir='ltr'>μὴν</span> <span class='ocrx_word' id='word_1_609' title='bbox 3234 3655 3616 3709; x_wconf 84' lang='grc' dir='ltr'>ἀποκτένεται.</span> <span class='ocrx_word' id='word_1_610' title='bbox 3661 3656 3824 3710; x_wconf 80' lang='grc' dir='ltr'>Ἀλλά</span> <span class='ocrx_word' id='word_1_611' title='bbox 3873 3657 3976 3729; x_wconf 82' lang='grc' dir='ltr'>μὴν</span> 
     </span>
    </p>
   </div>
   <div class='ocr_carea' id='block_1_83' title="bbox 2407 3745 3971 3818">
    <p class='ocr_par' dir='ltr' id='par_1_83' title="bbox 2407 3745 3971 3818">
     <span class='ocr_line' id='line_1_83' title="bbox 2407 3745 3971 3818; baseline 0.003 -19"><span class='ocrx_word' id='word_1_612' title='bbox 2407 3746 2723 3817; x_wconf 82' lang='grc' dir='ltr'>ἀπεκτάνθη</span> <span class='ocrx_word' id='word_1_613' title='bbox 2777 3747 2872 3798; x_wconf 76' lang='grc' dir='ltr'>καὶ</span> <span class='ocrx_word' id='word_1_614' title='bbox 2926 3746 3249 3816; x_wconf 66' lang='grc' dir='ltr'>ἐψηλαφήθη</span> <span class='ocrx_word' id='word_1_615' title='bbox 3311 3745 3450 3817; x_wconf 81' lang='grc' dir='ltr'><strong>μετά</strong></span> <span class='ocrx_word' id='word_1_616' title='bbox 3505 3748 3604 3818; x_wconf 75' lang='grc' dir='ltr'><strong>τὴν</strong></span> <span class='ocrx_word' id='word_1_617' title='bbox 3658 3749 3971 3804; x_wconf 75' lang='grc' dir='ltr'>ἀνάστασιν.</span> 
     </span>
    </p>
   </div>
   <div class='ocr_carea' id='block_1_84' title="bbox 2406 3838 3973 3912">
    <p class='ocr_par' dir='ltr' id='par_1_84' title="bbox 2406 3838 3973 3912">
     <span class='ocr_line' id='line_1_84' title="bbox 2406 3838 3973 3912; baseline 0.003 -20"><span class='ocrx_word' id='word_1_618' title='bbox 2406 3838 2619 3892; x_wconf 76' lang='grc' dir='ltr'>Οὐκοῦν</span> <span class='ocrx_word' id='word_1_619' title='bbox 2668 3840 2763 3892; x_wconf 77' lang='grc' dir='ltr'><strong>καὶ</strong></span> <span class='ocrx_word' id='word_1_620' title='bbox 2800 3842 3174 3910; x_wconf 76' lang='grc' dir='ltr'>περιγραπτὸς</span> <span class='ocrx_word' id='word_1_621' title='bbox 3203 3842 3269 3910; x_wconf 76' lang='grc' dir='ltr'>τῇ</span> <span class='ocrx_word' id='word_1_622' title='bbox 3299 3839 3421 3894; x_wconf 76' lang='grc' dir='ltr'>καθ’</span> <span class='ocrx_word' id='word_1_623' title='bbox 3450 3843 3601 3912; x_wconf 71' lang='grc' dir='ltr'>ἡμᾶς</span> <span class='ocrx_word' id='word_1_624' title='bbox 3636 3843 3973 3909; x_wconf 78' lang='grc' dir='ltr'>ὲξεικονίσει.</span> 
     </span>
    </p>
   </div>
   <div class='ocr_carea' id='block_1_85' title="bbox 2419 3932 3978 4006">
    <p class='ocr_par' dir='ltr' id='par_1_85' title="bbox 2419 3932 3978 4006">
     <span class='ocr_line' id='line_1_85' title="bbox 2419 3932 3978 4006; baseline 0.004 -22"><span class='ocrx_word' id='word_1_625' title='bbox 2419 3933 2560 3985; x_wconf 78' lang='grc' dir='ltr'>Ἀλλ’</span> <span class='ocrx_word' id='word_1_626' title='bbox 2589 3933 3044 4002; x_wconf 80' lang='grc' dir='ltr'>ἐματαιώθησαν</span> <span class='ocrx_word' id='word_1_627' title='bbox 3076 3933 3146 3986; x_wconf 85' lang='grc' dir='ltr'><strong>ἐν</strong></span> <span class='ocrx_word' id='word_1_628' title='bbox 3171 3932 3296 3999; x_wconf 83' lang='grc' dir='ltr'>τοῖς</span> <span class='ocrx_word' id='word_1_629' title='bbox 3342 3933 3758 4006; x_wconf 73' lang='grc' dir='ltr'>διαλογισμοῖς</span> <span class='ocrx_word' id='word_1_630' title='bbox 3782 3938 3978 3992; x_wconf 76' lang='grc' dir='ltr'>αὐτῶν</span> 
     </span>
    </p>
   </div>
   <div class='ocr_carea' id='block_1_86' title="bbox 2405 4024 3976 4096">
    <p class='ocr_par' dir='ltr' id='par_1_86' title="bbox 2405 4024 3976 4096">
     <span class='ocr_line' id='line_1_86' title="bbox 2405 4024 3976 4096; baseline 0.004 -17"><span class='ocrx_word' id='word_1_631' title='bbox 2405 4026 2454 4079; x_wconf 76' lang='lat' dir='ltr'><strong>oi</strong></span> <span class='ocrx_word' id='word_1_632' title='bbox 2480 4024 2860 4095; x_wconf 80' lang='grc' dir='ltr'>Είκονομὰχοι,</span> <span class='ocrx_word' id='word_1_633' title='bbox 2887 4024 2983 4079; x_wconf 80' lang='grc' dir='ltr'><strong>καί</strong></span> <span class='ocrx_word' id='word_1_634' title='bbox 3009 4026 3342 4095; x_wconf 81' lang='grc' dir='ltr'>ἐσκοτίσθη</span> <span class='ocrx_word' id='word_1_635' title='bbox 3382 4028 3420 4096; x_wconf 81' lang='grc' dir='ltr'><strong><em>ἠ</em></strong></span> <span class='ocrx_word' id='word_1_636' title='bbox 3455 4028 3754 4096; x_wconf 79' lang='grc' dir='ltr'>ἀσύνετος</span> <span class='ocrx_word' id='word_1_637' title='bbox 3785 4029 3976 4084; x_wconf 74' lang='grc' dir='ltr'>αὐτῶν</span> 
     </span>
    </p>
   </div>
   <div class='ocr_carea' id='block_1_87' title="bbox 2408 4115 3976 4190">
    <p class='ocr_par' dir='ltr' id='par_1_87' title="bbox 2408 4115 3976 4190">
     <span class='ocr_line' id='line_1_87' title="bbox 2408 4115 3976 4190; baseline 0.003 -20"><span class='ocrx_word' id='word_1_638' title='bbox 2408 4116 2621 4184; x_wconf 76' lang='grc' dir='ltr'>καρδία</span> <span class='ocrx_word' id='word_1_639' title='bbox 2646 4133 2659 4146; x_wconf 88' lang='grc'><strong>·</strong></span> <span class='ocrx_word' id='word_1_640' title='bbox 2700 4119 2763 4170; x_wconf 74' lang='grc' dir='ltr'>ἐκ</span> <span class='ocrx_word' id='word_1_641' title='bbox 2795 4115 2890 4170; x_wconf 85' lang='grc' dir='ltr'><strong>τοῦ</strong></span> <span class='ocrx_word' id='word_1_642' title='bbox 2926 4117 3208 4186; x_wconf 81' lang='grc' dir='ltr'>ἀρνεῖσθαι</span> <span class='ocrx_word' id='word_1_643' title='bbox 3230 4115 3328 4188; x_wconf 81' lang='grc' dir='ltr'><strong>τὴν</strong></span> <span class='ocrx_word' id='word_1_644' title='bbox 3357 4118 3542 4171; x_wconf 74' lang='grc' dir='ltr'>εἰκόνα</span> <span class='ocrx_word' id='word_1_645' title='bbox 3577 4119 3837 4190; x_wconf 83' lang='grc' dir='ltr'>Χριστοῦ,</span> <span class='ocrx_word' id='word_1_646' title='bbox 3884 4121 3976 4175; x_wconf 79' lang='grc' dir='ltr'>σὺν</span> 
     </span>
    </p>
   </div>
   <div class='ocr_carea' id='block_1_88' title="bbox 2408 4209 3974 4282">
    <p class='ocr_par' dir='ltr' id='par_1_88' title="bbox 2408 4209 3974 4282">
     <span class='ocr_line' id='line_1_88' title="bbox 2408 4209 3974 4282; baseline 0.005 -24"><span class='ocrx_word' id='word_1_647' title='bbox 2408 4210 2509 4278; x_wconf 78' lang='grc' dir='ltr'>τῆς</span> <span class='ocrx_word' id='word_1_648' title='bbox 2538 4209 2825 4274; x_wconf 77' lang='grc' dir='ltr'>Θεοτόκου,</span> <span class='ocrx_word' id='word_1_649' title='bbox 2858 4209 2951 4262; x_wconf 80' lang='grc' dir='ltr'>καὶ</span> <span class='ocrx_word' id='word_1_650' title='bbox 2978 4209 3238 4263; x_wconf 80' lang='grc' dir='ltr'>ἁπάντων</span> <span class='ocrx_word' id='word_1_651' title='bbox 3271 4210 3381 4262; x_wconf 82' lang='grc' dir='ltr'><strong>τῶν</strong></span> <span class='ocrx_word' id='word_1_652' title='bbox 3425 4210 3618 4278; x_wconf 82' lang='grc' dir='ltr'>ἁγίων,</span> <span class='ocrx_word' id='word_1_653' title='bbox 3658 4211 3974 4282; x_wconf 80' lang='grc' dir='ltr'>ἀρνούμενοι</span> 
     </span>
    </p>
   </div>
   <div class='ocr_carea' id='block_1_89' title="bbox 2407 4302 3976 4373">
    <p class='ocr_par' dir='ltr' id='par_1_89' title="bbox 2407 4302 3976 4373">
     <span class='ocr_line' id='line_1_89' title="bbox 2407 4302 3976 4373; baseline 0.001 -20"><span class='ocrx_word' id='word_1_654' title='bbox 2407 4302 2507 4372; x_wconf 77' lang='grc' dir='ltr'>τὴν</span> <span class='ocrx_word' id='word_1_655' title='bbox 2551 4303 2817 4372; x_wconf 80' lang='grc' dir='ltr'>σωτήριον</span> <span class='ocrx_word' id='word_1_656' title='bbox 2849 4302 3185 4371; x_wconf 70' lang='grc' dir='ltr'>οἰκονομίαν,</span> <span class='ocrx_word' id='word_1_657' title='bbox 3230 4302 3327 4355; x_wconf 81' lang='grc' dir='ltr'>καὶ</span> <span class='ocrx_word' id='word_1_658' title='bbox 3377 4302 3614 4372; x_wconf 77' lang='grc' dir='ltr'>Χριστὸν</span> <span class='ocrx_word' id='word_1_659' title='bbox 3661 4302 3761 4373; x_wconf 82' lang='grc' dir='ltr'>μὲν</span> <span class='ocrx_word' id='word_1_660' title='bbox 3791 4303 3976 4373; x_wconf 81' lang='grc' dir='ltr'>ὁμολο-</span> 
     </span>
    </p>
   </div>
   <div class='ocr_carea' id='block_1_90' title="bbox 2409 4393 3970 4464">
    <p class='ocr_par' dir='ltr' id='par_1_90' title="bbox 2409 4393 3970 4464">
     <span class='ocr_line' id='line_1_90' title="bbox 2409 4393 3970 4464; baseline 0.003 -20"><span class='ocrx_word' id='word_1_661' title='bbox 2409 4395 2656 4461; x_wconf 83' lang='grc' dir='ltr'>γοῦντες,</span> <span class='ocrx_word' id='word_1_662' title='bbox 2688 4393 2762 4456; x_wconf 85' lang='grc' dir='ltr'><strong>ὡς</strong></span> <span class='ocrx_word' id='word_1_663' title='bbox 2786 4395 2853 4444; x_wconf 86' lang='grc' dir='ltr'><strong>τά</strong></span> <span class='ocrx_word' id='word_1_664' title='bbox 2876 4393 3131 4463; x_wconf 81' lang='grc' dir='ltr'>δαιμόνια</span> <span class='ocrx_word' id='word_1_665' title='bbox 3155 4435 3169 4459; x_wconf 97' lang='grc'><strong>,</strong></span> <span class='ocrx_word' id='word_1_666' title='bbox 3205 4397 3315 4455; x_wconf 82' lang='grc' dir='ltr'>τοῖς</span> <span class='ocrx_word' id='word_1_667' title='bbox 3343 4394 3398 4446; x_wconf 80' lang='grc' dir='ltr'><strong>δὲ</strong></span> <span class='ocrx_word' id='word_1_668' title='bbox 3430 4394 3610 4463; x_wconf 79' lang='grc' dir='ltr'>ἔργοις</span> <span class='ocrx_word' id='word_1_669' title='bbox 3633 4393 3970 4464; x_wconf 81' lang='grc' dir='ltr'>ἀρνούμενοι.</span> 
     </span>
    </p>
   </div>
   <div class='ocr_carea' id='block_1_91' title="bbox 2413 4485 3970 4557">
    <p class='ocr_par' dir='ltr' id='par_1_91' title="bbox 2413 4485 3970 4557">
     <span class='ocr_line' id='line_1_91' title="bbox 2413 4485 3970 4557; baseline 0.002 -19"><span class='ocrx_word' id='word_1_670' title='bbox 2413 4487 2488 4538; x_wconf 84' lang='grc' dir='ltr'>Ού</span> <span class='ocrx_word' id='word_1_671' title='bbox 2523 4486 2630 4554; x_wconf 80' lang='grc' dir='ltr'>γάρ</span> <span class='ocrx_word' id='word_1_672' title='bbox 2658 4485 2992 4554; x_wconf 83' lang='grc' dir='ltr'>τοιΧριστὸς</span> <span class='ocrx_word' id='word_1_673' title='bbox 3019 4487 3046 4538; x_wconf 79' lang='grc' dir='ltr'>ὁ</span> <span class='ocrx_word' id='word_1_674' title='bbox 3073 4485 3306 4554; x_wconf 81' lang='grc' dir='ltr'>Χριστὸς</span> <span class='ocrx_word' id='word_1_675' title='bbox 3325 4528 3340 4550; x_wconf 91' lang='grc'><strong>,</strong></span> <span class='ocrx_word' id='word_1_676' title='bbox 3366 4488 3415 4538; x_wconf 80' lang='grc' dir='ltr'><strong>εί</strong></span> <span class='ocrx_word' id='word_1_677' title='bbox 3449 4487 3524 4557; x_wconf 76' lang='grc' dir='ltr'>μὴ</span> <span class='ocrx_word' id='word_1_678' title='bbox 3552 4487 3970 4557; x_wconf 78' lang='grc' dir='ltr'>περιγράφοιτο·</span> 
     </span>
    </p>
   </div>
   <div class='ocr_carea' id='block_1_92' title="bbox 723 4569 2298 4654">
    <p class='ocr_par' dir='ltr' id='par_1_92' title="bbox 723 4580 2298 4653">
     <span class='ocr_line' id='line_1_92' title="bbox 723 4580 2298 4653; baseline -0.001 -18"><span class='ocrx_word' id='word_1_679' title='bbox 723 4583 950 4653; x_wconf 83' lang='lat' dir='ltr'><strong>quidem</strong></span> <span class='ocrx_word' id='word_1_680' title='bbox 985 4581 1332 4647; x_wconf 80' lang='lat' dir='ltr'><strong>conﬁtentes,</strong></span> <span class='ocrx_word' id='word_1_681' title='bbox 1387 4582 1533 4636; x_wconf 84' lang='lat' dir='ltr'><strong>sicut</strong></span> <span class='ocrx_word' id='word_1_682' title='bbox 1563 4581 1856 4646; x_wconf 60' lang='lat' dir='ltr'><strong>daemonia,</strong></span> <span class='ocrx_word' id='word_1_683' title='bbox 1911 4580 2167 4650; x_wconf 88' lang='lat' dir='ltr'><strong>operibus</strong></span> <span class='ocrx_word' id='word_1_684' title='bbox 2208 4595 2298 4634; x_wconf 88' lang='lat' dir='ltr'><strong>au-</strong></span> 
     </span>
    </p>
   </div>
   <div class='ocr_carea' id='block_1_93' title="bbox 2401 4569 3973 4654">
    <p class='ocr_par' dir='ltr' id='par_1_93' title="bbox 2409 4579 3973 4654">
     <span class='ocr_line' id='line_1_93' title="bbox 2409 4579 3973 4654; baseline 0.003 -22"><span class='ocrx_word' id='word_1_685' title='bbox 2409 4579 2530 4632; x_wconf 79' lang='grc' dir='ltr'>ούδὲ</span> <span class='ocrx_word' id='word_1_686' title='bbox 2562 4581 2946 4647; x_wconf 81' lang='grc' dir='ltr'>προσκυνεῖται</span> <span class='ocrx_word' id='word_1_687' title='bbox 2972 4618 2987 4641; x_wconf 89' lang='grc'><strong>,</strong></span> <span class='ocrx_word' id='word_1_688' title='bbox 3017 4581 3067 4632; x_wconf 87' lang='grc' dir='ltr'>εἰ</span> <span class='ocrx_word' id='word_1_689' title='bbox 3116 4579 3192 4650; x_wconf 81' lang='grc' dir='ltr'>μὴ</span> <span class='ocrx_word' id='word_1_690' title='bbox 3236 4579 3551 4636; x_wconf 86' lang='grc' dir='ltr'>πιστεύεται</span> <span class='ocrx_word' id='word_1_691' title='bbox 3596 4581 3657 4634; x_wconf 80' lang='grc' dir='ltr'>ὲν</span> <span class='ocrx_word' id='word_1_692' title='bbox 3701 4584 3768 4654; x_wconf 75' lang='grc' dir='ltr'>τῇ</span> <span class='ocrx_word' id='word_1_693' title='bbox 3814 4583 3973 4637; x_wconf 81' lang='grc' dir='ltr'>εικόνι</span> 
     </span>
    </p>
   </div>
   <div class='ocr_carea' id='block_1_94' title="bbox 724 4672 2303 4745">
    <p class='ocr_par' dir='ltr' id='par_1_94' title="bbox 724 4672 2303 4745">
     <span class='ocr_line' id='line_1_94' title="bbox 724 4672 2303 4745; baseline -0.003 -14"><span class='ocrx_word' id='word_1_694' title='bbox 724 4687 832 4731; x_wconf 89' lang='lat' dir='ltr'><strong>tem</strong></span> <span class='ocrx_word' id='word_1_695' title='bbox 868 4683 1152 4745; x_wconf 81' lang='lat' dir='ltr'><strong>negantes.</strong></span> <span class='ocrx_word' id='word_1_696' title='bbox 1204 4672 1393 4744; x_wconf 85' lang='lat' dir='ltr'><strong>Neque</strong></span> <span class='ocrx_word' id='word_1_697' title='bbox 1417 4674 1566 4728; x_wconf 89' lang='lat' dir='ltr'><strong>enim</strong></span> <span class='ocrx_word' id='word_1_698' title='bbox 1598 4673 1852 4729; x_wconf 86' lang='lat' dir='ltr'><strong>Christus</strong></span> <span class='ocrx_word' id='word_1_699' title='bbox 1893 4672 2144 4728; x_wconf 89' lang='lat' dir='ltr'><strong>Christus</strong></span> <span class='ocrx_word' id='word_1_700' title='bbox 2179 4683 2261 4727; x_wconf 88' lang='lat' dir='ltr'><strong>est</strong></span> <span class='ocrx_word' id='word_1_701' title='bbox 2285 4710 2303 4737; x_wconf 85' lang='lat'><strong>,</strong></span> 
     </span>
    </p>
   </div>
   <div class='ocr_carea' id='block_1_95' title="bbox 723 4764 2300 4835">
    <p class='ocr_par' dir='ltr' id='par_1_95' title="bbox 723 4764 2300 4835">
     <span class='ocr_line' id='line_1_95' title="bbox 723 4764 2300 4835; baseline -0.004 -11"><span class='ocrx_word' id='word_1_702' title='bbox 723 4769 768 4824; x_wconf 85' lang='lat' dir='ltr'><strong>si</strong></span> <span class='ocrx_word' id='word_1_703' title='bbox 812 4783 923 4825; x_wconf 86' lang='lat' dir='ltr'><strong>non</strong></span> <span class='ocrx_word' id='word_1_704' title='bbox 962 4767 1496 4832; x_wconf 85' lang='lat' dir='ltr'><strong>circumscribatur;</strong></span> <span class='ocrx_word' id='word_1_705' title='bbox 1545 4780 1720 4835; x_wconf 89' lang='lat' dir='ltr'><strong>neque</strong></span> <span class='ocrx_word' id='word_1_706' title='bbox 1769 4764 2054 4830; x_wconf 85' lang='lat' dir='ltr'><strong>adoratur,</strong></span> <span class='ocrx_word' id='word_1_707' title='bbox 2105 4764 2151 4819; x_wconf 88' lang='lat' dir='ltr'><strong>si</strong></span> <span class='ocrx_word' id='word_1_708' title='bbox 2196 4778 2300 4817; x_wconf 89' lang='lat' dir='ltr'><strong>non</strong></span> 
     </span>
    </p>
   </div>
   <div class='ocr_carea' id='block_1_96' title="bbox 721 4857 1736 4928">
    <p class='ocr_par' dir='ltr' id='par_1_96' title="bbox 721 4857 1736 4928">
     <span class='ocr_line' id='line_1_96' title="bbox 721 4857 1736 4928; baseline -0.005 -13"><span class='ocrx_word' id='word_1_709' title='bbox 721 4859 968 4916; x_wconf 86' lang='lat' dir='ltr'><strong>creditur</strong></span> <span class='ocrx_word' id='word_1_710' title='bbox 999 4859 1055 4914; x_wconf 89' lang='lat' dir='ltr'><strong>in</strong></span> <span class='ocrx_word' id='word_1_711' title='bbox 1087 4858 1328 4928; x_wconf 87' lang='lat' dir='ltr'><strong>imagine</strong></span> <span class='ocrx_word' id='word_1_712' title='bbox 1356 4873 1458 4912; x_wconf 90' lang='lat' dir='ltr'><strong>sua</strong></span> <span class='ocrx_word' id='word_1_713' title='bbox 1491 4857 1736 4912; x_wconf 79' lang='lat' dir='ltr'><strong>adorari.</strong></span> 
     </span>
    </p>
   </div>
   <div class='ocr_carea' id='block_1_97' title="bbox 795 4948 2306 5021">
    <p class='ocr_par' dir='ltr' id='par_1_97' title="bbox 795 4948 2306 5021">
     <span class='ocr_line' id='line_1_97' title="bbox 795 4948 2306 5021; baseline -0.003 -15"><span class='ocrx_word' id='word_1_714' title='bbox 795 4951 888 5007; x_wconf 89' lang='lat' dir='ltr'><strong>Sic</strong></span> <span class='ocrx_word' id='word_1_715' title='bbox 926 4951 1111 5021; x_wconf 86' lang='lat' dir='ltr'><strong>igitur,</strong></span> <span class='ocrx_word' id='word_1_716' title='bbox 1136 4965 1172 5005; x_wconf 95' lang='lat' dir='ltr'><strong>o</strong></span> <span class='ocrx_word' id='word_1_717' title='bbox 1202 4951 1370 5005; x_wconf 87' lang='lat' dir='ltr'><strong>homo</strong></span> <span class='ocrx_word' id='word_1_718' title='bbox 1415 4948 1532 5014; x_wconf 91' lang='lat' dir='ltr'><strong>Dei,</strong></span> <span class='ocrx_word' id='word_1_719' title='bbox 1569 4966 1627 5004; x_wconf 87' lang='lat' dir='ltr'><strong>se</strong></span> <span class='ocrx_word' id='word_1_720' title='bbox 1659 4949 1824 5003; x_wconf 87' lang='lat' dir='ltr'><strong>habet</strong></span> <span class='ocrx_word' id='word_1_721' title='bbox 1873 4948 2112 5003; x_wconf 77' lang='lat' dir='ltr'><strong>veritas:</strong></span> <span class='ocrx_word' id='word_1_722' title='bbox 2145 4958 2306 5016; x_wconf 81' lang='lat' dir='ltr'><strong>atque</strong></span> 
     </span>
    </p>
   </div>
   <div class='ocr_carea' id='block_1_98' title="bbox 723 5038 2304 5111">
    <p class='ocr_par' dir='ltr' id='par_1_98' title="bbox 723 5038 2304 5111">
     <span class='ocr_line' id='line_1_98' title="bbox 723 5038 2304 5111; baseline -0.004 -13"><span class='ocrx_word' id='word_1_723' title='bbox 723 5044 797 5098; x_wconf 85' lang='lat' dir='ltr'><strong>ita</strong></span> <span class='ocrx_word' id='word_1_724' title='bbox 830 5043 1142 5097; x_wconf 87' lang='lat' dir='ltr'><strong>docuerunt</strong></span> <span class='ocrx_word' id='word_1_725' title='bbox 1170 5051 1226 5096; x_wconf 90' lang='lat' dir='ltr'><strong>et</strong></span> <span class='ocrx_word' id='word_1_726' title='bbox 1253 5040 1488 5111; x_wconf 85' lang='lat' dir='ltr'><strong>apostoli</strong></span> <span class='ocrx_word' id='word_1_727' title='bbox 1513 5081 1528 5105; x_wconf 89' lang='lat'><strong>,</strong></span> <span class='ocrx_word' id='word_1_728' title='bbox 1555 5050 1610 5094; x_wconf 87' lang='lat' dir='ltr'><strong>et</strong></span> <span class='ocrx_word' id='word_1_729' title='bbox 1643 5039 1943 5110; x_wconf 68' lang='lat' dir='ltr'><strong>praphetaz,</strong></span> <span class='ocrx_word' id='word_1_730' title='bbox 1974 5049 2029 5094; x_wconf 88' lang='lat' dir='ltr'><strong>et</strong></span> <span class='ocrx_word' id='word_1_731' title='bbox 2058 5038 2168 5093; x_wconf 90' lang='lat' dir='ltr'><strong>Deo</strong></span> <span class='ocrx_word' id='word_1_732' title='bbox 2194 5040 2304 5108; x_wconf 89' lang='lat' dir='ltr'><strong>ple-</strong></span> 
     </span>
    </p>
   </div>
   <div class='ocr_carea' id='block_1_99' title="bbox 723 5133 2302 5200">
    <p class='ocr_par' dir='ltr' id='par_1_99' title="bbox 723 5133 2302 5200">
     <span class='ocr_line' id='line_1_99' title="bbox 723 5133 2302 5200; baseline -0.003 -11"><span class='ocrx_word' id='word_1_733' title='bbox 723 5137 779 5191; x_wconf 90' lang='lat' dir='ltr'><strong>ui</strong></span> <span class='ocrx_word' id='word_1_734' title='bbox 821 5135 1041 5199; x_wconf 80' lang='lat' dir='ltr'><strong>Patres;</strong></span> <span class='ocrx_word' id='word_1_735' title='bbox 1077 5133 1122 5188; x_wconf 92' lang='lat' dir='ltr'><strong>si</strong></span> <span class='ocrx_word' id='word_1_736' title='bbox 1157 5148 1264 5186; x_wconf 89' lang='lat' dir='ltr'><strong>non</strong></span> <span class='ocrx_word' id='word_1_737' title='bbox 1295 5133 1489 5187; x_wconf 91' lang='lat' dir='ltr'><strong>iisdem</strong></span> <span class='ocrx_word' id='word_1_738' title='bbox 1511 5134 1718 5196; x_wconf 76' lang='lat' dir='ltr'><strong>verbis,</strong></span> <span class='ocrx_word' id='word_1_739' title='bbox 1755 5140 1812 5185; x_wconf 85' lang='lat' dir='ltr'><strong>at</strong></span> <span class='ocrx_word' id='word_1_740' title='bbox 1839 5143 1987 5185; x_wconf 86' lang='lat' dir='ltr'><strong>certe</strong></span> <span class='ocrx_word' id='word_1_741' title='bbox 2009 5145 2101 5200; x_wconf 89' lang='lat' dir='ltr'><strong>per</strong></span> <span class='ocrx_word' id='word_1_742' title='bbox 2117 5144 2302 5184; x_wconf 85' lang='lat' dir='ltr'><strong>veram</strong></span> 
     </span>
    </p>
   </div>
   <div class='ocr_carea' id='block_1_100' title="bbox 723 5220 2302 5296">
    <p class='ocr_par' dir='ltr' id='par_1_100' title="bbox 723 5220 2302 5296">
     <span class='ocr_line' id='line_1_100' title="bbox 723 5220 2302 5296; baseline -0.006 -15"><span class='ocrx_word' id='word_1_743' title='bbox 723 5242 915 5281; x_wconf 83' lang='lat' dir='ltr'><strong>eorum</strong></span> <span class='ocrx_word' id='word_1_744' title='bbox 939 5241 1063 5296; x_wconf 71' lang='lat' dir='ltr'><strong>qua:</strong></span> <span class='ocrx_word' id='word_1_745' title='bbox 1089 5225 1159 5281; x_wconf 84' lang='lat' dir='ltr'><strong>ab</strong></span> <span class='ocrx_word' id='word_1_746' title='bbox 1190 5225 1300 5280; x_wconf 91' lang='lat' dir='ltr'><strong>illis</strong></span> <span class='ocrx_word' id='word_1_747' title='bbox 1328 5225 1474 5282; x_wconf 88' lang='lat' dir='ltr'><strong>dicta</strong></span> <span class='ocrx_word' id='word_1_748' title='bbox 1507 5224 2117 5296; x_wconf 80' lang='lat' dir='ltr'><strong>suntesplanationem.</strong></span> <span class='ocrx_word' id='word_1_749' title='bbox 2142 5220 2302 5288; x_wconf 79' lang='lat' dir='ltr'><strong>Nam,</strong></span> 
     </span>
    </p>
   </div>
   <div class='ocr_carea' id='block_1_101' title="bbox 724 5316 2304 5388">
    <p class='ocr_par' dir='ltr' id='par_1_101' title="bbox 724 5316 2304 5388">
     <span class='ocr_line' id='line_1_101' title="bbox 724 5316 2304 5388; baseline -0.001 -17"><span class='ocrx_word' id='word_1_750' title='bbox 724 5320 872 5374; x_wconf 78' lang='lat' dir='ltr'><strong>velut</strong></span> <span class='ocrx_word' id='word_1_751' title='bbox 920 5319 1134 5374; x_wconf 86' lang='lat' dir='ltr'><strong>semina</strong></span> <span class='ocrx_word' id='word_1_752' title='bbox 1167 5317 1440 5388; x_wconf 64' lang='lat' dir='ltr'><strong>quaedam,</strong></span> <span class='ocrx_word' id='word_1_753' title='bbox 1502 5321 1792 5387; x_wconf 71' lang='lat' dir='ltr'><strong>proposita:</strong></span> <span class='ocrx_word' id='word_1_754' title='bbox 1822 5327 1954 5373; x_wconf 89' lang='lat' dir='ltr'><strong>sunt</strong></span> <span class='ocrx_word' id='word_1_755' title='bbox 1981 5331 2171 5372; x_wconf 90' lang='lat' dir='ltr'><strong>omnes</strong></span> <span class='ocrx_word' id='word_1_756' title='bbox 2205 5316 2304 5370; x_wconf 80' lang='lat' dir='ltr'><strong>do-</strong></span> 
     </span>
    </p>
   </div>
   <div class='ocr_carea' id='block_1_102' title="bbox 727 5409 2304 5485">
    <p class='ocr_par' dir='ltr' id='par_1_102' title="bbox 727 5409 2304 5485">
     <span class='ocr_line' id='line_1_102' title="bbox 727 5409 2304 5485; baseline -0.004 -18"><span class='ocrx_word' id='word_1_757' title='bbox 727 5413 983 5485; x_wconf 74' lang='lat' dir='ltr'><strong>gmatica:</strong></span> <span class='ocrx_word' id='word_1_758' title='bbox 1021 5411 1307 5467; x_wconf 63' lang='lat' dir='ltr'><strong>sententiae</strong></span> <span class='ocrx_word' id='word_1_759' title='bbox 1349 5413 1401 5465; x_wconf 94' lang='lat' dir='ltr'><strong>in</strong></span> <span class='ocrx_word' id='word_1_760' title='bbox 1447 5410 1757 5464; x_wconf 84' lang='lat' dir='ltr'><strong>divinorum</strong></span> <span class='ocrx_word' id='word_1_761' title='bbox 1806 5409 2149 5478; x_wconf 82' lang='lat' dir='ltr'><strong>eloquiorum</strong></span> <span class='ocrx_word' id='word_1_762' title='bbox 2205 5422 2304 5461; x_wconf 84' lang='lat' dir='ltr'><strong>uo-</strong></span> 
     </span>
    </p>
   </div>
   <div class='ocr_carea' id='block_1_103' title="bbox 728 5501 2301 5560">
    <p class='ocr_par' dir='ltr' id='par_1_103' title="bbox 728 5501 2301 5560">
     <span class='ocr_line' id='line_1_103' title="bbox 728 5501 2301 5560; baseline -0.004 -2"><span class='ocrx_word' id='word_1_763' title='bbox 728 5506 974 5560; x_wconf 81' lang='lat' dir='ltr'><strong>tionibus</strong></span> <span class='ocrx_word' id='word_1_764' title='bbox 1008 5521 1023 5557; x_wconf 88' lang='lat'><strong>:</strong></span> <span class='ocrx_word' id='word_1_765' title='bbox 1056 5503 1292 5559; x_wconf 87' lang='lat' dir='ltr'><strong>subinde</strong></span> <span class='ocrx_word' id='word_1_766' title='bbox 1331 5509 1512 5556; x_wconf 84' lang='lat' dir='ltr'><strong>autem</strong></span> <span class='ocrx_word' id='word_1_767' title='bbox 1565 5502 1942 5556; x_wconf 81' lang='lat' dir='ltr'><strong>exorientibus</strong></span> <span class='ocrx_word' id='word_1_768' title='bbox 1997 5501 2301 5555; x_wconf 75' lang='lat' dir='ltr'><strong>haeresibus</strong></span> 
     </span>
    </p>
   </div>
   <div class='ocr_carea' id='block_1_104' title="bbox 727 5592 2300 5669">
    <p class='ocr_par' dir='ltr' id='par_1_104' title="bbox 727 5592 2300 5669">
     <span class='ocr_line' id='line_1_104' title="bbox 727 5592 2300 5669; baseline -0.004 -17"><span class='ocrx_word' id='word_1_769' title='bbox 727 5604 1080 5669; x_wconf 87' lang='lat' dir='ltr'><strong>opponuntur</strong></span> <span class='ocrx_word' id='word_1_770' title='bbox 1101 5596 1318 5666; x_wconf 87' lang='lat' dir='ltr'><strong>pietatis</strong></span> <span class='ocrx_word' id='word_1_771' title='bbox 1338 5594 1613 5663; x_wconf 86' lang='lat' dir='ltr'><strong>dogmata,</strong></span> <span class='ocrx_word' id='word_1_772' title='bbox 1642 5593 1768 5647; x_wconf 88' lang='lat' dir='ltr'><strong>inde</strong></span> <span class='ocrx_word' id='word_1_773' title='bbox 1796 5592 2034 5660; x_wconf 89' lang='lat' dir='ltr'><strong>Spiritus</strong></span> <span class='ocrx_word' id='word_1_774' title='bbox 2068 5592 2300 5662; x_wconf 70' lang='lat' dir='ltr'><strong>impulsu</strong></span> 
     </span>
    </p>
   </div>
   <div class='ocr_carea' id='block_1_105' title="bbox 729 5686 2304 5758">
    <p class='ocr_par' dir='ltr' id='par_1_105' title="bbox 729 5686 2304 5758">
     <span class='ocr_line' id='line_1_105' title="bbox 729 5686 2304 5758; baseline -0.008 -9"><span class='ocrx_word' id='word_1_775' title='bbox 729 5693 947 5750; x_wconf 71' lang='lat' dir='ltr'><strong>exculta</strong></span> <span class='ocrx_word' id='word_1_776' title='bbox 966 5710 980 5746; x_wconf 87' lang='lat'><strong>:</strong></span> <span class='ocrx_word' id='word_1_777' title='bbox 997 5689 1360 5758; x_wconf 83' lang='lat' dir='ltr'><strong>etimpietatis</strong></span> <span class='ocrx_word' id='word_1_778' title='bbox 1380 5688 1587 5741; x_wconf 77' lang='lat' dir='ltr'><strong>tizania</strong></span> <span class='ocrx_word' id='word_1_779' title='bbox 1608 5687 1916 5742; x_wconf 79' lang='lat' dir='ltr'><strong>abolentur.</strong></span> <span class='ocrx_word' id='word_1_780' title='bbox 1935 5686 2024 5740; x_wconf 81' lang='lat' dir='ltr'><strong>Sic</strong></span> <span class='ocrx_word' id='word_1_781' title='bbox 2041 5696 2093 5740; x_wconf 90' lang='lat' dir='ltr'><strong>et</strong></span> <span class='ocrx_word' id='word_1_782' title='bbox 2113 5695 2164 5738; x_wconf 89' lang='lat' dir='ltr'><strong>tu</strong></span> <span class='ocrx_word' id='word_1_783' title='bbox 2186 5701 2304 5738; x_wconf 77' lang='lat' dir='ltr'><strong>cre-</strong></span> 
     </span>
    </p>
   </div>
   <div class='ocr_carea' id='block_1_106' title="bbox 802 5847 1278 5911">
    <p class='ocr_par' dir='ltr' id='par_1_106' title="bbox 802 5847 1278 5911">
     <span class='ocr_line' id='line_1_106' title="bbox 802 5847 1278 5911; baseline -0.006 -8"><span class='ocrx_word' id='word_1_784' title='bbox 802 5850 845 5883; x_wconf 82' lang='lat'><strong>&quot;</strong></span> <span class='ocrx_word' id='word_1_785' title='bbox 881 5847 1040 5903; x_wconf 78' lang='lat' dir='ltr'><strong>Joan.</strong></span> <span class='ocrx_word' id='word_1_786' title='bbox 1118 5865 1155 5911; x_wconf 88' lang='lat' dir='ltr'><strong>t,</strong></span> <span class='ocrx_word' id='word_1_787' title='bbox 1193 5848 1278 5902; x_wconf 80' lang='grc' dir='ltr'>Η.</span> 
     </span>
    </p>
   </div>
   <div class='ocr_carea' id='block_1_107' title="bbox 1355 5837 2538 5908">
    <p class='ocr_par' dir='ltr' id='par_1_107' title="bbox 1355 5837 2538 5908">
     <span class='ocr_line' id='line_1_107' title="bbox 1355 5837 2538 5908; baseline -0.008 -8"><span class='ocrx_word' id='word_1_788' title='bbox 1355 5849 1400 5878; x_wconf 80' lang='grc'><strong>’⁸</strong></span> <span class='ocrx_word' id='word_1_789' title='bbox 1433 5844 1564 5899; x_wconf 85' lang='lat' dir='ltr'><strong>Luc.</strong></span> <span class='ocrx_word' id='word_1_790' title='bbox 1605 5858 1748 5908; x_wconf 54' lang='grc' dir='ltr'>μιν,</span> <span class='ocrx_word' id='word_1_791' title='bbox 1785 5842 1875 5899; x_wconf 79' lang='lat'><strong>59.</strong></span> <span class='ocrx_word' id='word_1_792' title='bbox 1954 5843 1997 5873; x_wconf 85' lang='lat'><strong>&quot;</strong></span> <span class='ocrx_word' id='word_1_793' title='bbox 2029 5847 2192 5906; x_wconf 78' lang='lat' dir='ltr'><strong>Joau.</strong></span> <span class='ocrx_word' id='word_1_794' title='bbox 2252 5855 2342 5892; x_wconf 79' lang='lat' dir='ltr'><strong>\‘tl&#39;</strong></span> <span class='ocrx_word' id='word_1_795' title='bbox 2377 5876 2390 5900; x_wconf 89' lang='lat'><em>.</em></span> <span class='ocrx_word' id='word_1_796' title='bbox 2450 5837 2538 5891; x_wconf 65' lang='grc'><strong>40.</strong></span> 
     </span>
    </p>
   </div>
   <div class='ocr_carea' id='block_1_108' title="bbox 2411 4671 3106 4744">
    <p class='ocr_par' dir='ltr' id='par_1_108' title="bbox 2411 4671 3106 4744">
     <span class='ocr_line' id='line_1_108' title="bbox 2411 4671 3106 4744; baseline 0.006 -20"><span class='ocrx_word' id='word_1_797' title='bbox 2411 4671 2576 4730; x_wconf 72' lang='grc' dir='ltr'>αὐτοῦ</span> <span class='ocrx_word' id='word_1_798' title='bbox 2614 4673 3106 4744; x_wconf 77' lang='grc' dir='ltr'>προσκυνούμενος.</span> 
     </span>
    </p>
   </div>
   <div class='ocr_carea' id='block_1_109' title="bbox 2479 4932 3971 5010">
    <p class='ocr_par' dir='ltr' id='par_1_109' title="bbox 2479 4932 3971 5010">
     <span class='ocr_line' id='line_1_109' title="bbox 2479 4932 3971 5010; baseline 0.001 -17"><span class='ocrx_word' id='word_1_799' title='bbox 2479 4940 2662 5002; x_wconf 82' lang='grc' dir='ltr'>Οῦτως</span> <span class='ocrx_word' id='word_1_800' title='bbox 2697 4958 2809 5005; x_wconf 81' lang='grc' dir='ltr'>ουν,</span> <span class='ocrx_word' id='word_1_801' title='bbox 2847 4932 2892 4992; x_wconf 77' lang='grc' dir='ltr'>ὦ</span> <span class='ocrx_word' id='word_1_802' title='bbox 2914 4938 3168 5009; x_wconf 79' lang='grc' dir='ltr'>ἄνθρωπε</span> <span class='ocrx_word' id='word_1_803' title='bbox 3204 4939 3297 4992; x_wconf 84' lang='grc' dir='ltr'><strong>τοῦ</strong></span> <span class='ocrx_word' id='word_1_804' title='bbox 3331 4937 3489 5002; x_wconf 80' lang='grc' dir='ltr'>Θεοῦ,</span> <span class='ocrx_word' id='word_1_805' title='bbox 3520 4939 3555 5010; x_wconf 75' lang='grc' dir='ltr'><strong>ἡ</strong></span> <span class='ocrx_word' id='word_1_806' title='bbox 3587 4938 3816 5010; x_wconf 81' lang='grc' dir='ltr'>ἀλήθεια</span> <span class='ocrx_word' id='word_1_807' title='bbox 3838 4957 3855 4974; x_wconf 77' lang='grc' dir='ltr'><strong>ο</strong></span> <span class='ocrx_word' id='word_1_808' title='bbox 3889 4939 3971 4994; x_wconf 75' lang='grc' dir='ltr'>καὶ</span> 
     </span>
    </p>
   </div>
   <div class='ocr_carea' id='block_1_110' title="bbox 2407 5031 3970 5104">
    <p class='ocr_par' dir='ltr' id='par_1_110' title="bbox 2407 5031 3970 5104">
     <span class='ocr_line' id='line_1_110' title="bbox 2407 5031 3970 5104; baseline -0.001 -16"><span class='ocrx_word' id='word_1_809' title='bbox 2407 5032 2579 5097; x_wconf 79' lang='grc' dir='ltr'>οὓτως</span> <span class='ocrx_word' id='word_1_810' title='bbox 2609 5032 3026 5103; x_wconf 70' lang='grc' dir='ltr'>δεὼγμὰτισται</span> <span class='ocrx_word' id='word_1_811' title='bbox 3061 5031 3213 5102; x_wconf 84' lang='grc' dir='ltr'>παρά</span> <span class='ocrx_word' id='word_1_812' title='bbox 3247 5048 3308 5084; x_wconf 82' lang='grc' dir='ltr'>τε</span> <span class='ocrx_word' id='word_1_813' title='bbox 3333 5032 3674 5097; x_wconf 81' lang='grc' dir='ltr'>ἀποστόλων,</span> <span class='ocrx_word' id='word_1_814' title='bbox 3700 5033 3796 5086; x_wconf 85' lang='grc' dir='ltr'>καὶ</span> <span class='ocrx_word' id='word_1_815' title='bbox 3848 5050 3970 5104; x_wconf 81' lang='grc' dir='ltr'>προ-</span> 
     </span>
    </p>
   </div>
   <div class='ocr_carea' id='block_1_111' title="bbox 2409 5122 3968 5196">
    <p class='ocr_par' dir='ltr' id='par_1_111' title="bbox 2409 5122 3968 5196">
     <span class='ocr_line' id='line_1_111' title="bbox 2409 5122 3968 5196; baseline -0.002 -17"><span class='ocrx_word' id='word_1_816' title='bbox 2409 5124 2618 5196; x_wconf 79' lang='grc' dir='ltr'>φητῶν,</span> <span class='ocrx_word' id='word_1_817' title='bbox 2677 5126 2773 5179; x_wconf 73' lang='grc' dir='ltr'>καὶ</span> <span class='ocrx_word' id='word_1_818' title='bbox 2835 5122 3109 5193; x_wconf 74' lang='grc' dir='ltr'>θεοφόρων</span> <span class='ocrx_word' id='word_1_819' title='bbox 3147 5123 3442 5193; x_wconf 63' lang='grc' dir='ltr'>ΠατέρωΨ</span> <span class='ocrx_word' id='word_1_820' title='bbox 3484 5122 3588 5177; x_wconf 72' lang='grc' dir='ltr'><strong>κάν</strong></span> <span class='ocrx_word' id='word_1_821' title='bbox 3651 5125 3754 5177; x_wconf 83' lang='grc' dir='ltr'>οὐκ</span> <span class='ocrx_word' id='word_1_822' title='bbox 3792 5125 3968 5186; x_wconf 84' lang='grc' dir='ltr'>αὐταῖς</span> 
     </span>
    </p>
   </div>
   <div class='ocr_carea' id='block_1_112' title="bbox 2408 5212 3967 5284">
    <p class='ocr_par' dir='ltr' id='par_1_112' title="bbox 2408 5212 3967 5284">
     <span class='ocr_line' id='line_1_112' title="bbox 2408 5212 3967 5284; baseline -0.004 -14"><span class='ocrx_word' id='word_1_823' title='bbox 2408 5217 2640 5283; x_wconf 78' lang='grc' dir='ltr'>λέξεσιν,</span> <span class='ocrx_word' id='word_1_824' title='bbox 2669 5216 2804 5269; x_wconf 82' lang='grc' dir='ltr'><strong>ἀλλά</strong></span> <span class='ocrx_word' id='word_1_825' title='bbox 2827 5232 2891 5284; x_wconf 87' lang='grc' dir='ltr'>γε</span> <span class='ocrx_word' id='word_1_826' title='bbox 2914 5215 3001 5270; x_wconf 89' lang='grc' dir='ltr'>διά</span> <span class='ocrx_word' id='word_1_827' title='bbox 3028 5214 3127 5284; x_wconf 84' lang='grc' dir='ltr'>τῆς</span> <span class='ocrx_word' id='word_1_828' title='bbox 3155 5212 3386 5282; x_wconf 80' lang='grc' dir='ltr'>ἀληθοῦς</span> <span class='ocrx_word' id='word_1_829' title='bbox 3413 5213 3522 5266; x_wconf 85' lang='grc' dir='ltr'><strong>τῶν</strong></span> <span class='ocrx_word' id='word_1_830' title='bbox 3567 5213 3661 5266; x_wconf 78' lang='grc' dir='ltr'><strong>ὑπ’</strong></span> <span class='ocrx_word' id='word_1_831' title='bbox 3684 5214 3862 5266; x_wconf 77' lang='grc' dir='ltr'>αὐτῶν</span> <span class='ocrx_word' id='word_1_832' title='bbox 3891 5213 3967 5264; x_wconf 87' lang='grc' dir='ltr'><strong>λε-</strong></span> 
     </span>
    </p>
   </div>
   <div class='ocr_carea' id='block_1_113' title="bbox 2408 5299 3964 5378">
    <p class='ocr_par' dir='ltr' id='par_1_113' title="bbox 2408 5299 3964 5378">
     <span class='ocr_line' id='line_1_113' title="bbox 2408 5299 3964 5378; baseline -0.004 -16"><span class='ocrx_word' id='word_1_833' title='bbox 2408 5309 2692 5378; x_wconf 83' lang='grc' dir='ltr'>λεγμένων</span> <span class='ocrx_word' id='word_1_834' title='bbox 2735 5307 3186 5377; x_wconf 83' lang='grc' dir='ltr'>ἀναθεωρήσεως,</span> <span class='ocrx_word' id='word_1_835' title='bbox 3221 5299 3324 5358; x_wconf 83' lang='grc' dir='ltr'><strong>Οἷα</strong></span> <span class='ocrx_word' id='word_1_836' title='bbox 3351 5305 3460 5374; x_wconf 82' lang='grc' dir='ltr'>γάρ</span> <span class='ocrx_word' id='word_1_837' title='bbox 3512 5322 3634 5358; x_wconf 80' lang='grc' dir='ltr'>τινα</span> <span class='ocrx_word' id='word_1_838' title='bbox 3668 5304 3964 5376; x_wconf 74' lang='grc' dir='ltr'>σπέρματα.</span> 
     </span>
    </p>
   </div>
   <div class='ocr_carea' id='block_1_114' title="bbox 2407 5394 3965 5471">
    <p class='ocr_par' dir='ltr' id='par_1_114' title="bbox 2407 5394 3965 5471">
     <span class='ocr_line' id='line_1_114' title="bbox 2407 5394 3965 5471; baseline -0.003 -18"><span class='ocrx_word' id='word_1_839' title='bbox 2407 5399 2808 5471; x_wconf 77' lang='grc' dir='ltr'>προϐέϐληνται</span> <span class='ocrx_word' id='word_1_840' title='bbox 2839 5399 3012 5452; x_wconf 76' lang='grc' dir='ltr'>πᾶσαι</span> <span class='ocrx_word' id='word_1_841' title='bbox 3054 5398 3112 5452; x_wconf 86' lang='grc' dir='ltr'><strong>αί</strong></span> <span class='ocrx_word' id='word_1_842' title='bbox 3141 5397 3470 5465; x_wconf 75' lang='grc' dir='ltr'>δογματικαὶ</span> <span class='ocrx_word' id='word_1_843' title='bbox 3494 5394 3755 5465; x_wconf 82' lang='grc' dir='ltr'>δυνάμεις</span> <span class='ocrx_word' id='word_1_844' title='bbox 3782 5397 3838 5448; x_wconf 77' lang='grc' dir='ltr'>ὲν</span> <span class='ocrx_word' id='word_1_845' title='bbox 3863 5396 3965 5458; x_wconf 73' lang='grc' dir='ltr'>ταῖς</span> 
     </span>
    </p>
   </div>
   <div class='ocr_carea' id='block_1_115' title="bbox 2403 5486 3968 5559">
    <p class='ocr_par' dir='ltr' id='par_1_115' title="bbox 2403 5486 3968 5559">
     <span class='ocr_line' id='line_1_115' title="bbox 2403 5486 3968 5559; baseline -0.005 -13"><span class='ocrx_word' id='word_1_846' title='bbox 2403 5493 2512 5546; x_wconf 84' lang='grc' dir='ltr'><strong>τῶν</strong></span> <span class='ocrx_word' id='word_1_847' title='bbox 2544 5492 2701 5544; x_wconf 86' lang='grc' dir='ltr'>θείων</span> <span class='ocrx_word' id='word_1_848' title='bbox 2724 5490 2917 5558; x_wconf 90' lang='grc' dir='ltr'>λογίων</span> <span class='ocrx_word' id='word_1_849' title='bbox 2948 5489 3167 5559; x_wconf 83' lang='grc' dir='ltr'>νοήσεσι</span> <span class='ocrx_word' id='word_1_850' title='bbox 3188 5504 3200 5516; x_wconf 81' lang='grc'><em>’</em></span> <span class='ocrx_word' id='word_1_851' title='bbox 3223 5491 3340 5552; x_wconf 77' lang='grc' dir='ltr'>ταῖς</span> <span class='ocrx_word' id='word_1_852' title='bbox 3369 5488 3424 5540; x_wconf 80' lang='grc' dir='ltr'><strong>δὲ</strong></span> <span class='ocrx_word' id='word_1_853' title='bbox 3453 5487 3594 5541; x_wconf 81' lang='grc' dir='ltr'>κατὰ</span> <span class='ocrx_word' id='word_1_854' title='bbox 3627 5486 3816 5557; x_wconf 81' lang='grc' dir='ltr'>καιρὸν</span> <span class='ocrx_word' id='word_1_855' title='bbox 3849 5488 3968 5539; x_wconf 44' lang='lat' dir='ltr'><strong>ilva;</strong></span> 
     </span>
    </p>
   </div>
   <div class='ocr_carea' id='block_1_116' title="bbox 2413 5578 3964 5658">
    <p class='ocr_par' dir='ltr' id='par_1_116' title="bbox 2413 5578 3964 5658">
     <span class='ocr_line' id='line_1_116' title="bbox 2413 5578 3964 5658; baseline -0.006 -17"><span class='ocrx_word' id='word_1_856' title='bbox 2413 5588 2711 5658; x_wconf 78' lang='grc' dir='ltr'>φυομέναις</span> <span class='ocrx_word' id='word_1_857' title='bbox 2741 5586 3017 5655; x_wconf 74' lang='grc' dir='ltr'>αἱρέσεσιν</span> <span class='ocrx_word' id='word_1_858' title='bbox 3048 5581 3476 5650; x_wconf 77' lang='grc' dir='ltr'>ἀντεπεξάγεται</span> <span class='ocrx_word' id='word_1_859' title='bbox 3506 5582 3573 5635; x_wconf 86' lang='grc' dir='ltr'><strong>τά</strong></span> <span class='ocrx_word' id='word_1_860' title='bbox 3595 5578 3834 5643; x_wconf 76' lang='grc' dir='ltr'>εὐσεϐῶς</span> <span class='ocrx_word' id='word_1_861' title='bbox 3858 5578 3964 5647; x_wconf 82' lang='grc' dir='ltr'>δογ-</span> 
     </span>
    </p>
   </div>
   <div class='ocr_carea' id='block_1_117' title="bbox 2421 5669 3961 5751">
    <p class='ocr_par' dir='ltr' id='par_1_117' title="bbox 2421 5669 3961 5751">
     <span class='ocr_line' id='line_1_117' title="bbox 2421 5669 3961 5751; baseline -0.006 -16"><span class='ocrx_word' id='word_1_862' title='bbox 2421 5679 2792 5751; x_wconf 73' lang='grc' dir='ltr'>ματιξόμενα,</span> <span class='ocrx_word' id='word_1_863' title='bbox 2851 5677 3064 5731; x_wconf 77' lang='grc' dir='ltr'>ἐκεῖθεν</span> <span class='ocrx_word' id='word_1_864' title='bbox 3130 5673 3641 5748; x_wconf 78' lang='grc' dir='ltr'>πνευματοκινήτως</span> <span class='ocrx_word' id='word_1_865' title='bbox 3700 5669 3961 5742; x_wconf 68' lang='grc' dir='ltr'>γεωργοῦν</span> 
     </span>
    </p>
   </div>
   <div class='ocr_carea' id='block_1_118' title="bbox 2647 5832 3088 5899">
    <p class='ocr_par' dir='ltr' id='par_1_118' title="bbox 2647 5832 3088 5899">
     <span class='ocr_line' id='line_1_118' title="bbox 2647 5832 3088 5899; baseline -0.005 -10"><span class='ocrx_word' id='word_1_866' title='bbox 2647 5836 2690 5868; x_wconf 62' lang='grc'><strong>³³</strong></span> <span class='ocrx_word' id='word_1_867' title='bbox 2727 5835 2879 5890; x_wconf 69' lang='lat' dir='ltr'><strong>lium.</strong></span> <span class='ocrx_word' id='word_1_868' title='bbox 2928 5849 2964 5899; x_wconf 92' lang='lat' dir='ltr'><strong>I,</strong></span> <span class='ocrx_word' id='word_1_869' title='bbox 3001 5832 3088 5887; x_wconf 70' lang='grc'><strong>31.</strong></span> 
     </span>
    </p>
   </div>
  </div>
