4156 6514
219 484 249 551 1
260 483 373 550 497

1427 463 1961 533 EPISTOLARUM
2021 464 2168 528 LIB.
2209 466 2292 528 ΙΙ.

3341 463 3475 528 1498

219 613 376 669 μσνα
462 595 556 649 καὶ
603 593 672 647 τὰ
727 591 829 663 τῆς
883 587 1139 650 ἀσεϐείας
1177 585 1398 652 ζιζάνια
1452 583 1808 637 ὲκτίλλονται.

1915 580 2068 643 dens,
2105 578 2228 634 van
2278 577 2332 632 in
2379 575 2630 644 Domino,
2665 574 2941 633 Christum
2975 575 3232 642 adorans,
3264 583 3317 629 et
3344 576 3477 632 ado-

215 688 422 749 Οῦτως
447 687 542 740 καὶ
558 686 719 747 αὑτὸς
747 681 1039 745 πιστεύων,
1068 681 1278 752 ἔρρωσο
1309 678 1367 731 ὲν
1398 676 1605 748 Κυρίῳ,
1635 689 1807 742 προσ-

214 781 409 836 κυνῶν
465 779 555 832 τδν
602 775 835 849 Χριστὸν
875 814 891 838 ,
946 769 1266 844 προσκυνῶν
1317 767 1413 821 καὶ⁵
1468 767 1569 835 τὴν
1620 764 1805 816 εἰκόνα

215 872 400 927 αὑτοῦ
425 888 440 904 ο
464 869 567 940 τὴν
618 866 903 928 Θεοτόκον,
957 863 1053 916 καὶ
1079 860 1178 931 τὴν
1221 859 1404 912 εἰκόνα
1430 857 1597 925 αὑτῆς
1629 871 1642 886 ·
1679 854 1806 916 τοὺς

213 964 445 1032 ἁγίους,
476 961 571 1015 καὶ
599 959 698 1020 τὰς
723 957 937 1018 εἰκόνας
966 952 1164 1007 αὑτῶν·
1198 949 1386 1019 ἐπειδὴ
1414 951 1472 1003 ἐν
1488 949 1604 1009 ταῖς
1634 945 1804 997 εἰκόσι

216 1055 300 1108 τὰ
339 1051 672 1124 πρωτότυπα
703 1043 1209 1120 προσκεκύνηνταιο
1237 1041 1332 1094 καὶ
1377 1039 1410 1109 ἡ
1448 1037 1548 1107 τῆς
1597 1034 1805 1096 εἰκόνος

1910 684 2040 724 rans
2071 669 2364 737 imaginem
2390 667 2511 738 ejus
2535 686 2550 731 ;
2585 667 2896 738 Deiparam,
2923 678 2978 724 et
3006 667 3125 739 eius
3148 670 3477 738 imaginem;

1913 769 2161 823 sanctos.
2225 769 2280 816 et
2321 775 2512 815 eorum
2572 759 2872 832 imagines;
2927 761 3368 831 quandoquidem
3426 761 3479 816 in

1911 849 2246 922 imaginibus
2289 861 2576 923 prototypa
2616 853 2946 916 adorantur;
3006 861 3060 906 et
3113 852 3291 907 honor
3345 854 3480 907 ima-

1911 945 2054 1015 ginis
2115 948 2182 1002 ad
2237 956 2584 1019 prototypum
2640 948 2885 1004 ascendit
2920 989 2936 1015 ,
2994 955 3054 1004 ut
3117 948 3195 1002 ait
3243 962 3478 1019 magnus

1911 1036 2164 1094 Basilius.

214 1145 365 1217 τιμὴ
394 1145 486 1198 ἐπὶ.
512 1142 575 1196 τὺ
603 1139 954 1212 πρωτότυπον
987 1133 1288 1199 ἀναϐαίνει,
1318 1129 1394 1194 ὦς
1427 1145 1592 1201 φησιν
1625 1129 1663 1181 ό
1713 1128 1887 1197 μέγας
1912 1129 2212 1196 Βασίλειος.

445 1253 597 1308 ΡΝΘ’
621 1250 756 1323 (51).
782 1280 853 1291 -
887 1246 1059 1319 Θωμᾷ
1090 1244 1518 1315 χαρτουλαρίῳ.
1551 1237 1731 1313 [χνε’.]

2189 1244 2369 1301 CLIX.
2404 1276 2475 1289 -—
2503 1245 2717 1301 Thomw
2756 1245 3082 1303 chartulario
3112 1249 3196 1322 (').

422 1363 564 1427 Quod
583 1365 666 1428 qui
687 1364 1041 1412 monasterium
1059 1358 1300 1417 condidit,
1331 1354 1376 1407 si
1397 1369 1572 1405 manus
1592 1355 1644 1404 in
1677 1351 1806 1403 illud
1834 1349 2042 1417 injiciat,
2067 1364 2323 1421 postquam
2344 1358 2606 1424 praeposito
2620 1358 2835 1425 tradidit,
2861 1361 2968 1415 Deo
2992 1377 3093 1413 non
3113 1363 3278 1424 placet

315 1476 583 1546 Ἐντυχὼν
609 1477 722 1538 τοῖς
751 1473 1039 1545 γράμμασι
1067 1470 1166 1540 τῆς
1216 1466 1528 1538 τιμιότητός
1563 1479 1682 1523 σου,
1711 1458 1806 1510 καὶ

217 1567 568 1640 καταμαθὼν
587 1567 670 1620 δτι
702 1565 949 1637 παρῆλθε
978 1562 1073 1616 τοῦ
1103 1561 1220 1632 βίου
1249 1562 1283 1629 ἡ
1333 1557 1497 1627 κυρία
1527 1556 1621 1608 καὶ
1675 1551 1806 1624 όμόο

221 1660 418 1728 ζυγος,
470 1657 782 1726 συνήλγησά
824 1672 930 1719 σοι,
987 1653 1245 1712 δέσποτα,
1281 1647 1436 1710 εἰδὼς
1485 1647 1608 1700 ὅσον
1658 1645 1805 1697 ἐστὶν

221 1750 483 1820 ἀλγεινὸν
517 1748 580 1802 τὸ
611 1747 799 1810 πάθος.
847 1735 942 1798 Ὃν
963 1743 1072 1816 γὰρ
1103 1744 1246 1795 ποιεῖ
1273 1741 1516 1810 μάχαιρα
1537 1737 1806 1807 τέμνουσα

222 1810 393 1914 σῶμα
427 1843 608 1905 πόνον,
655 1840 748 1893 τὸν
775 1839 935 1891 αὑτὸν
1091 1838 1120 1891 ό
1160 1835 1258 1905 τῆς
1312 1830 1614 1903 ὁμοζυγίας
1643 1845 1808 1899 χωρι-
1839 1810 1880 1865 Β

222 1935 391 2006 σμός.
425 1933 540 1988 Μία
568 1932 676 2002 γὰρ
705 1929 986 1985 κάνταῦθα
1014 1927 1170 1998 σὰρξ,
1196 1925 1336 1979 κατὰ
1353 1925 1452 1994 τὴν
1477 1922 1571 1975 τοῦ
1597 1919 1808 1990 Κυρίου

222 2025 440 2095 φωνήν.
482 2022 624 2076 Ἀλλ’
654 2023 803 2091 ὅμως
859 2020 1099 2087 ἐγένετο,
1130 2017 1225 2071 καὶ
1259 2016 1571 2086 ὑπέστημεν
1597 2012 1660 2065 τὸ
1692 2027 1808 2065 κοι-

221 2118 324 2170 νὸν
378 2117 540 2169 πᾶσιν
605 2113 878 2184 ἐπιτίμιον
933 2113 1031 2181 τῆς
1094 2107 1439 2173 διαζεύεεως.
1487 2104 1700 2176 Μικρὸν
1751 2102 1808 2156 δὲ

222 2207 462 2280 ὕστερον
511 2209 603 2260 καί
633 2209 793 2276 ἡμεῖς
819 2206 918 2276 τὴν
948 2203 1118 2273 αὑτὴν
1145 2202 1262 2255 όδὸν
1311 2197 1705 2269 πορευσόμεθα,
1734 2195 1809 2258 ὡς

222 2297 390 2354 οἶσθα
417 2316 432 2332 ο
487 2299 582 2352 καὶ
626 2296 798 2360 οὕτως
849 2297 876 2350 ὁ
909 2294 1045 2367 βίος,
1096 2293 1198 2347 οὑκ
1224 2292 1385 2355 ὄντας
1407 2289 1678 2359 γενέσθαι,
1714 2286 1811 2340 καὶ

223 2392 560 2463 γενομένους
604 2386 953 2459 ἀναλυθῆναι.
1010 2384 1388 2454 Ἐπῃνέσαμεν
1425 2380 1480 2433 δὲ
1509 2379 1608 2450 τὴν
1652 2375 1810 2430 εὑσέ-

231 2485 394 2537 δειαν
437 2500 551 2547 σου,
590 2483 657 2552 τῇ
687 2478 956 2545 διαζεύξει
1013 2475 1388 2545 αἱρησαμένην
1417 2471 1667 2542 μονάσαι,
1717 2466 1812 2520 καὶ

225 2574 560 2644 κολληθῆναι
587 2572 646 2638 ἐξ
675 2569 972 2640 ὁλοκλήρου
1004 2568 1081 2636 τῷ
1108 2567 1317 2638 Κυρίῳ.
1347 2563 1519 2617 Τοῦτο
1547 2560 1653 2631 γὰρ
1687 2559 1810 2630 ἐδή-

225 2670 328 2721 λου
358 2667 419 2720 τὸ
453 2667 689 2737 γράμμα
714 2680 728 2694 ·
761 2663 856 2717 καὶ⁵
899 2663 980 2716 ὅτι
1003 2659 1226 2728 ἁδελφός
1259 2675 1344 2720 τις
1376 2654 1624 2725 μονάζων
1671 2651 1812 2720 πάρ-

225 2775 382 2812 εστιν
417 2756 497 2819 εἰς
554 2753 774 2824 όδηγίαν
829 2751 924 2805 τοῦ
974 2746 1297 2820 τηλικούτου
1330 2744 1466 2815 βίου.
1509 2745 1605 2796 Ὃν
1656 2737 1812 2802 αὖθις

228 2848 532 2918 ἁπέκρινεν
570 2843 645 2906 ὡς
681 2841 963 2919 ἀδόκιμον,
1016 2838 1103 2893 διὰ
1160 2839 1479 2907 δηλώματος
1536 2831 1812 2904 Γεωργίου

225 2941 330 2994 τοῦ
361 2936 526 2992 καλοῦ
579 2935 792 3006 ἀνδρὸς,
840 2932 937 2987 καὶ
971 2931 1173 2984 οἰκείου
1204 2928 1471 2998 Νοταρίου
1508 2943 1522 2959 ο
1569 2926 1727 2980 ἄλλον
1756 2923 1812 2978 δὲ

230 3033 374 3102 πρὸς
414 3029 570 3101 ἡμῶν
623 3028 842 3097 δοθῆναι
894 3025 1095 3096 μᾶλλον
1145 3022 1398 3086 αἰτοῦσα,
1462 3020 1556 3073 τὸν
1611 3017 1813 3080 ἱκανῶς

228 3126 430 3196 ἔχοντα
458 3120 795 3190 κυϐερνῆσαι
827 3120 1026 3189 ψυχὰς,
1063 3117 1157 3206 καῖ
1193 3115 1321 3185 ὃλην
1355 3112 1520 3183 μονὴν
1543 3110 1807 3206 διασώσαο
1835 3149 1877 3206 c

232 3215 384 3268 σθαι.
426 3213 481 3266 ’0
511 3211 609 3281 μὲν
652 3208 744 3263 οὖν
791 3208 1008 3270 ἔπαινος
1039 3205 1260 3259 εἰκότως
1294 3206 1423 3273 ἡμῖν
1461 3200 1804 3272 προείρηται.

227 3306 330 3356 Δεῖ
355 3302 413 3356 δι
442 3301 657 3373 πρῶτον
699 3298 891 3369 μαθεῖν
917 3298 1082 3368 ὑμᾶς,
1113 3296 1164 3348 τί
1211 3295 1272 3347 τὸ
1324 3292 1609 3364 μοναδικόν
1642 3290 1810 3358 ἐπάγ-

229 3396 434 3466 γελμα,
473 3393 568 3447 καὶ
610 3394 732 3446 ὅσον
761 3390 821 3444 τὸ
854 3389 948 3442 τοῦ
982 3389 1096 3458 βίου
1126 3386 1286 3456 ὕψος*
1330 3385 1416 3437 ἴνα
1453 3384 1526 3453 μὴ
1565 3381 1809 3450 ἀπείρως

231 3485 600 3557 εἰσαχθέντες,
625 3481 1061 3550 κινδυνεύσωμεν
1091 3479 1218 3549 περὶ
1246 3478 1337 3528 τὸν
1365 3475 1551 3528 πλοῦν.
1585 3473 1649 3526 Ἦ
1673 3474 1806 3557 ἀπο-

229 3575 380 3646 ταγὴ
402 3573 549 3628 οὐδὲν
580 3571 708 3626 ἄλλο
738 3569 1096 3637 καθέστηκεν,
1131 3565 1180 3616 εἰ
1208 3562 1282 3634 μὴ
1318 3559 1554 3631 σταυροῦ
1588 3559 1682 3612 καὶ
1711 3556 1806 3610 θα-

232 3669 396 3722 νάτου
441 3663 761 3733 ἐπαγγελία.
813 3661 878 3713 Τί
933 3659 1125 3724 τοῦτος
1175 3655 1313 3708 κατὰ
1361 3655 1451 3706 τὸν
1508 3652 1661 3720 λόγον
1711 3649 1807 3703 τοῦ

233 3757 472 3828 Κυρίου,
504 3759 636 3810 πᾶσι
669 3755 782 3814 τοῖς
816 3748 1011 3804 ἑαυτοῦ
1060 3748 1393 3819 ὑπάρχουσιν
1431 3741 1808 3808 ἀποτάξασθαι

231 3853 331 3903 τὸν
356 3849 694 3918 βουλόμενον,
732 3845 827 3899 καὶ
864 3845 1073 3914 ἄραντα
1101 3840 1192 3892 τὸν
1223 3837 1474 3910 σταυρὸν,
1493 3834 1808 3890 ἀκολουθεῖν

232 3943 410 3994 ὀπίσω
440 3937 626 3992 αὑτοῦ.
671 3937 888 4006 Ἐπειδὴ
926 3935 984 3989 δὲ
1021 3932 1312 4002 πρόσωπον
1341 3928 1527 3998 ἐπέχει
1570 3924 1806 3996 Χριστοῦ

240 4036 350 4096 πᾶς
385 4031 636 4101 ἀληθινὸς
678 4028 1004 4098 ἡγούμενοςο
1035 4022 1258 4095 Χριστῷ
1286 4021 1374 4075 διὰ
1404 4022 1568 4092 μέσου
1599 4019 1807 4072 ἐκείνου

235 4120 554 4178 ἀκολουθεῖν
585 4120 730 4172 ἐστιν
765 4115 1031 4186 ἀψευδῶς.
1064 4115 1175 4169 Καὶ
1209 4112 1386 4177 οὕτως
1415 4111 1720 4182 σωθήσεται
1747 4107 1809 4162 τὸ

237 4217 339 4285 τῆς
364 4213 582 4283 ἐντολῆς
611 4209 960 4278 ἀξιάγαστον.

329 4311 385 4362 '0
414 4309 471 4362 δὲ
501 4308 575 4377 μὴ
609 4305 781 4367 οὑτως
818 4303 1091 4374 ἑλόμενος,
1127 4301 1264 4356 ἀλλὰ
1295 4299 1500 4364 κτίζειν
1534 4294 1806 4368 μοναστή-

242 4416 359 4471 ριον
385 4399 442 4450 ὲν
467 4399 579 4459 τοῖς
608 4396 850 4460 οἰκείοις,
876 4395 968 4446 καὶ
999 4391 1312 4463 καθηγητὴν
1343 4387 1806 4461 προκαλούμενος,

1981 1462 2162 1524 Lectis
2232 1467 2429 1528 litteris
2487 1472 2914 1528 honoriﬁcentia
2971 1478 3197 1530 tuae.ut
3248 1469 3477 1536 cognovi

1909 1557 2189 1615 dominam
2223 1562 2508 1633 coniugem
2550 1574 2700 1616 tuam
2746 1577 2816 1616 ex
2847 1562 2958 1614 vita
3005 1558 3328 1623 excessisse,
3359 1559 3478 1624 tibi,

1911 1649 2150 1714 domine,
2196 1653 2471 1716 condolui,
2514 1669 2623 1707 non
2677 1654 2938 1722 ignorans
2979 1666 3141 1720 quam
3185 1651 3375 1706 acerba
3409 1651 3481 1705 sit

1913 1738 2028 1795 haec
2050 1757 2316 1797 mruntna.
2349 1743 2519 1808 Quem
2551 1743 2694 1798 enim
2721 1744 2964 1801 dolorem
2989 1742 3150 1799 infert
3172 1759 3370 1814 corpus
3392 1758 3481 1798 se-

1909 1843 2039 1885 cans
2083 1832 2319 1902 gladius,
2375 1835 2627 1889 eumdem
2673 1835 2852 1905 ipsum
2904 1835 3142 1905 coniugii
3187 1835 3479 1901 separatio.

1912 1919 2033 1978 Una
2064 1924 2212 1979 enim
2249 1927 2338 1981 hic
2368 1926 2534 1980 etiam
2566 1941 2716 1991 caro,
2759 1927 2915 1997 juxta
2947 1925 3161 1981 Domini
3193 1942 3378 1982 vocem
3409 1928 3476 1982 “.

1911 2015 2159 2071 Attamen
2194 2017 2248 2071 id
2282 2019 2502 2082 accidit,
2540 2028 2595 2074 et
2642 2035 2990 2075 communem
3056 2021 3313 2074 omnibus
3362 2019 3479 2074 dis-

1905 2106 2212 2177 iunctiouis
2253 2125 2469 2180 penam
2518 2110 2868 2181 pertulimus.
2897 2109 3250 2165 Postmodum
3298 2119 3479 2166 autem

1909 2200 2158 2255 eamdem
2186 2208 2240 2254 et
2273 2216 2395 2269 nos,
2431 2210 2487 2256 ut
2517 2202 2648 2267 scis,
2679 2201 2826 2256 viam
2853 2201 3263 2272 ingrediemur;
3294 2201 3482 2256 CHIch

1909 2290 2145 2346 estvita:
2183 2292 2445 2357 conditio,
2483 2307 2580 2348 eos
2624 2295 2720 2364 qui
2753 2308 2863 2348 non
2900 2301 3049 2357 sunt,
3103 2293 3272 2359 nasci,
3302 2301 3358 2348 et
3383 2308 3483 2348 na-

1912 2393 1997 2440 tos
2025 2384 2266 2442 interire.
2292 2385 2664 2441 Laudavimus
2681 2400 2815 2442 sane
2845 2384 3097 2456 pietatem
3129 2395 3302 2449 tuam,
3333 2383 3480 2454 quod

1915 2483 2040 2543 post
2070 2475 2517 2545 disiunctionem,
2545 2477 2909 2533 monasticam
2931 2478 3099 2531 vitam
3133 2477 3388 2548 elegeris,
3425 2484 3482 2531 et

1912 2564 2144 2621 Domino
2176 2571 2392 2636 penitus
2423 2570 2811 2641 conglutinari.
2841 2568 2956 2627 Hoc
2976 2570 3121 2626 enim
3143 2571 3342 2626 litterae
3373 2579 3480 2626 tum

1913 2659 2264 2725 indicabant;
2296 2662 2504 2731 tibique
2540 2662 2869 2717 monachum
2926 2662 3216 2733 quemdam
3255 2662 3478 2717 fratrem

1912 2763 2239 2819 praesentem
2296 2751 2488 2807 adesse
2545 2753 2612 2807 ad
2669 2753 2834 2823 huius
2887 2754 3012 2809 vita:
3069 2753 3474 2808 directionem:

1913 2856 2076 2909 quem
2147 2859 2367 2897 rursum
2431 2843 2671 2913 reiecisti
2740 2853 2799 2899 ut
2865 2844 3213 2915 improbum,
3277 2845 3480 2899 indicio

1913 2931 2154 3004 Georgii,
2194 2936 2292 2989 viri
2349 2937 2569 3006 egregii,
2597 2946 2653 2992 et
2695 2936 2980 2992 domestici
3014 2935 3267 2993 Notarii:
3309 2936 3479 2992 alium

1914 3038 2040 3078 vero
2078 3038 2107 3077 a
2160 3027 2316 3081 nobis
2341 3028 2461 3082 dari
2521 3029 2756 3098 expetis,
2785 3031 2878 3100 qui
2911 3029 3141 3086 idoneus
3178 3030 3251 3085 sit
3283 3029 3350 3083 ad
3391 3044 3481 3084 re-

1915 3115 2117 3182 gendas
2149 3116 2378 3180 animas,
2422 3126 2477 3172 et
2520 3125 2691 3172 totum
2729 3119 3127 3174 monasterium
3155 3132 3484 3174 conservan-

1916 3206 2067 3260 dum.
2104 3204 2235 3260 Jure
2274 3221 2402 3277 ergo
2436 3224 2466 3262 a
2522 3208 2681 3264 nobis
2739 3217 2866 3264 ante
2916 3208 3168 3264 laudatus
3220 3223 3300 3264 es.
3327 3208 3483 3266 Scire

1915 3307 2092 3352 autem
2128 3299 2363 3369 primum
2388 3314 2485 3355 vos
2510 3309 2744 3370 oportet,
2773 3301 2904 3372 quid
2931 3302 3003 3357 sit
3031 3303 3334 3357 monastica
3353 3314 3484 3371 pro—

1916 3387 2102 3449 fessio.
2143 3399 2195 3444 et
2229 3399 2432 3460 quanta
2473 3391 2619 3447 illius
2646 3392 2772 3446 vita:
2799 3392 3130 3459 sublimitas,
3185 3405 3252 3447 ne
3288 3391 3482 3447 incon-

1916 3481 2060 3535 sulto
2083 3483 2334 3547 admissi,
2373 3485 2682 3553 periculum
2733 3484 2996 3539 adeamus
3026 3485 3080 3539 in
3110 3485 3480 3555 navigatione.

1916 3570 2278 3626 Renuntiatio
2316 3575 2462 3628 aliud
2497 3575 2632 3628 nihil
2663 3585 2769 3642 est,
2799 3590 2964 3646 quam
2995 3577 3177 3632 crucis
3205 3584 3261 3631 et
3293 3575 3484 3632 mortis

1915 3665 2204 3735 professio.
2231 3665 2371 3732 Quid
2395 3667 2499 3722 hoc
2522 3668 2645 3722 est?
2666 3668 2824 3738 iuxta
2846 3668 3060 3723 Domini
3089 3668 3274 3733 verba,
3304 3669 3484 3722 omni-

1916 3761 2017 3815 bus
2044 3761 2199 3815 bonis
2230 3761 2347 3815 suis
2378 3762 2692 3816 renuntiare
2724 3776 2850 3818 eum
2883 3762 2974 3831 qui
3006 3763 3113 3818 hoc
3135 3762 3271 3825 vult,
3308 3770 3363 3815 et
3386 3775 3483 3816 su-

1916 3850 2060 3904 blata
2087 3865 2248 3904 cruce
2283 3851 2435 3904 illum
2468 3851 2625 3920 sequi
2657 3851 2725 3905 ³⁸.
2762 3850 3032 3916 Quoniam
3064 3861 3244 3906 autem
3277 3849 3484 3906 Christi

1913 3957 2206 4012 personam
2237 3944 2473 3997 sustinet
2535 3944 2713 3998 omnis
2763 3959 2926 3998 verus
2956 3945 3301 4014 praepositus,
3340 3943 3486 4014 illius

1916 4032 2081 4086 ductu
2115 4032 2397 4085 Christum
2427 4033 2581 4101 sequi
2635 4033 2762 4086 licet
2795 4012 3004 4103 absque
3034 4012 3258 4090 fallaciae
3311 4012 3480 4092 metu.

1915 4124 1993 4179 Ita
2031 4126 2342 4180 servabitur
2379 4124 2703 4181 admirabile
2733 4125 3069 4182 mandatum.

1996 4305 2099 4371 Qui
2131 4316 2314 4358 autem
2365 4320 2473 4358 non
2504 4304 2786 4360 constituit
2813 4305 2892 4360 sic
2915 4319 3098 4374 agere,
3137 4303 3230 4360 sed
3260 4302 3317 4359 in
3359 4318 3488 4376 pro-

1919 4397 2051 4467 priis
2079 4397 2471 4451 monasterium
2500 4404 2804 4462 exstruere,
2836 4404 2891 4450 et
2923 4396 3330 4452 moderatorem
3384 4397 3486 4451 ad-

235 4491 318 4552 ὡς
370 4489 437 4543 ἂν
486 4489 543 4540 έν
578 4489 688 4549 τοῖς
738 4484 899 4539 αὑτοῦ
952 4485 1046 4537 καὶ
1094 4483 1325 4554 μονάσῃ,
1380 4481 1473 4534 καὶ
1511 4478 1677 4547 σωθῇ,
1713 4475 1809 4530 καὶ

1916 4502 2132 4553 vocare,
2165 4489 2255 4556 qui
2289 4488 2432 4556 apud
2464 4487 2638 4557 ipsum
2679 4488 2980 4542 monachus
3014 4488 3103 4551 sit,
3131 4500 3162 4542 a
3202 4501 3313 4556 quo
3355 4487 3488 4541 diri-

241 4579 484 4651 ὁδηγηθῇ
513 4594 526 4607 ⁸
579 4578 767 4646 ἀγνοεῖ
802 4577 884 4630 ὅτι
939 4575 1062 4644 εἰκῆ
1119 4575 1214 4627 καὶ
1268 4573 1444 4642 μάτην
1475 4571 1660 4639 κοπιᾷ,
1718 4567 1816 4622 καὶ

239 4673 390 4741 ᾇπερ
425 4670 596 4739 ζητεῖ,
630 4669 727 4738 οὑχ
757 4667 999 4736 εὑρήσει,
1035 4665 1170 4718 ἀλλὰ
1222 4662 1530 4718 τούναντίον
1575 4660 1814 4713 ἔκτοπαο

246 4761 438 4831 ἐπειδὴ
465 4762 526 4814 οὑ
572 4759 692 4813 κατ’
718 4757 933 4828 ἐντολὴν
973 4756 1178 4827 Κυρίου
1205 4757 1237 4826 ἡ
1265 4753 1492 4824 τοιαύτη
1545 4751 1814 4822 ἀππαγὴ,

243 4852 450 4921 ὤφελον
495 4850 851 4920 γυμνωθῆναι
910 4847 1088 4917 πάσης
1143 4845 1309 4915 ὕλης,
1352 4845 1447 4898 καὶ
1490 4843 1680 4915 πόρρω
1708 4842 1815 4895 τῶν

247 4946 396 5000 ἰδίων
441 4941 714 5012 γενέσθαι,
771 4942 866 4995 καὶ
910 4939 1284 5011 καθηγεμόνος
1338 4938 1523 5007 τυχεῖν
1562 4935 1808 5006 ἀρίστου,

243 5039 342 5092 καὶ
392 5035 536 5090 οὓτω
585 5032 958 5105 περαιωθῆναι
1007 5031 1068 5084 τὸ
1096 5029 1239 5100 μέγα
1285 5029 1520 5096 πέλαγος
1555 5027 1648 5080 τοῦ
1683 5025 1811 5097 τῇδε
1854 5078 1858 5082 .

243 5132 366 5203 βίου
407 5127 701 5191 ἀκινδύνως
725 5140 737 5155 ⁸
775 5127 873 5196 οὑχ
901 5128 982 5179 δτι
1003 5153 1006 5155 λ
1029 5125 1198 5197 μηδὲν
1226 5124 1332 5178 τῶν
1361 5124 1775 5196 προειρημένων
1795 5139 1810 5154 ο

240 5225 361 5281 ἀλλ’
394 5224 456 5276 ὲκ
497 5221 662 5290 μόνου
690 5218 786 5274 τοῦ
831 5221 1131 5292 οἰκοδομεῖν
1171 5221 1531 5290 μοναστήριον
1576 5223 1672 5273 καὶ
1718 5217 1811 5271 τὸν

248 5315 381 5368 Θεὸν
405 5311 548 5385 [cod.
577 5309 711 5379 Reg.
740 5309 802 5364 τὸ
835 5308 1015 5381 φαιὸν]
1045 5307 1434 5379 περισαλέσθαι
1464 5324 1479 5340 θ
1511 5312 1605 5362 καὶ
1638 5308 1810 5379 ἠγούο

250 5429 412 5482 μενον
441 5409 617 5462 δοκεῖν
640 5407 786 5476 ἔχειν
816 5405 942 5458 ὄντα
976 5405 1176 5474 μᾶλλον
1213 5404 1524 5473 ἐπίτροπον,
1551 5403 1645 5457 καὶ
1667 5419 1810 5471 συμ-

249 5504 532 5566 ποδίζοντα
579 5503 671 5554 καὶ
701 5500 1164 5570 συμποδιζόμενον
1195 5516 1210 5531 ο
1247 5499 1343 5552 καὶ
1390 5497 1512 5552 οὕτε
1545 5497 1808 5564 σώζοντα,

235 5596 368 5653 οὒτε
398 5593 723 5667 σωζόμενον.
758 5593 1028 5658 Ἔξελθε,
1075 5592 1260 5659 φησὶν.
1298 5590 1366 5645 ἐκ
1416 5590 1523 5660 τῆς
1553 5590 1665 5662 γῆς
1692 5605 1810 5648 σου

314 5712 360 5743 ³⁸
395 5705 582 5762 Matth.
616 5720 729 5772 xu,
753 5705 808 5760 5.
883 5705 929 5736 “
959 5704 1090 5761 Luc.
1124 5719 1202 5770 Ix,
1224 5705 1315 5761 25.

1915 4589 2100 4650 gatur,
2128 4590 2289 4648 atque
2314 4579 2390 4632 ita
2418 4579 2649 4633 salutem
2691 4588 3088 4648 consequatur;
3127 4578 3173 4634 is
3204 4595 3310 4636 non
3340 4579 3486 4633 videt

1911 4684 1973 4726 se
2002 4686 2202 4724 vanum
2253 4671 2492 4727 laborem
2535 4686 2752 4726 sumere
2777 4710 2792 4735 ,
2828 4679 2885 4725 et
2911 4671 3054 4742 quod
3106 4673 3320 4742 quazrit,
3374 4688 3485 4729 non

1913 4761 2287 4826 inventurum,
2321 4763 2417 4818 sed
2449 4777 2676 4833 prorsus
2698 4762 2993 4829 contraria,
3037 4763 3165 4833 quia
3193 4778 3304 4818 non
3327 4765 3482 4834 iuxta

1914 4852 2132 4908 Domini
2159 4854 2472 4908 mandatum
2503 4865 2588 4910 est
2632 4854 2944 4924 huiusmodi
2977 4853 3331 4920 renuntiatio,
3355 4869 3481 4910 cum

1912 4944 2136 4999 deberet
2169 4944 2394 5014 spoliari
2437 4944 2792 4999 facultatibus
2822 4943 3098 5009 omnibus,
3131 4953 3182 4999 et
3235 4944 3420 5014 procul
3449 4959 3482 5000 a

1915 5035 2156 5107 propriis
2190 5036 2406 5102 abesse,
2466 5045 2521 5090 et
2580 5037 2852 5105 Optimum
2900 5035 3182 5090 ductorem
3216 5035 3480 5104 nancisci,

1914 5140 2079 5198 atque
2115 5129 2189 5182 ita
2225 5143 2479 5197 magnutn
2521 5126 2689 5196 huius
2715 5127 2841 5181 vita}
2870 5126 3091 5195 pelagus
3123 5126 3244 5181 sine
3273 5128 3486 5196 pericu-

1916 5217 1969 5272 io
1999 5218 2285 5287 traiicere;
2318 5231 2424 5270 non
2457 5225 2638 5271 autem
2658 5217 2852 5269 borum
2886 5231 3008 5285 quae
3031 5216 3172 5270 dicta
3214 5224 3344 5270 sunt
3394 5214 3483 5269 ni-

1918 5312 1991 5365 bii
2023 5326 2206 5380 agere,
2226 5311 2319 5365 sed
2353 5324 2421 5363 ex
2453 5307 2570 5363 sola
2602 5309 2924 5364 monasterii
2957 5309 3327 5363 exstructione
3355 5323 3482 5378 gra-

1917 5404 2045 5458 tiam
2070 5419 2100 5457 a
2139 5403 2248 5457 Deo
2271 5401 2409 5456 inire
2452 5401 2612 5466 velle,
2644 5408 2809 5470 atque
2845 5400 2900 5455 in
2933 5401 3167 5470 speciem
3216 5401 3484 5456 duntaxat

1917 5497 2266 5565 praepositum
2293 5495 2517 5560 habere,
2543 5495 2634 5564 qui
2667 5502 2990 5564 procurator
3034 5495 3106 5548 sit
3145 5493 3348 5563 potius,
3387 5491 3481 5562 qui

1917 5589 2079 5645 simul
2105 5589 2364 5660 impediat
2390 5597 2445 5645 et
2474 5589 2635 5644 simul
2668 5589 3016 5661 impediatur,
3048 5588 3142 5658 qui
3171 5603 3347 5658 neque
3382 5585 3484 5643 sal-

1747 5797 1980 5856 NOTAE.

316 5896 430 5967 (bl)
463 5893 516 5950 in
541 5891 661 5953 cod.
697 5893 826 5962 Reg.
870 5891 968 5963 px.

1997 5889 2074 5962 (⁸)
2105 5887 2414 5959 Dogmatica
