4156 6508
695 422 830 488 1499

1875 433 1936 491 S.
1975 430 2366 492 TllEODORl
2403 430 2748 492 STUDszE

3794 426 3953 492 1500

694 550 782 594 vet
811 551 986 608 neque
1021 537 1284 593 salvetur.
1339 538 1615 610 Egredere,
1651 540 1849 611 inquit,
1879 543 1944 596 de
1996 553 2139 596 terra
2169 553 2292 600 tua,

2390 543 2456 595 ut
2481 545 2550 597 ὲκ
2583 543 2695 611 τῆς
2720 544 3074 613 συγγενείας
3107 559 3222 597 σου
3243 558 3256 571 ·
3303 541 3430 596 λάϐε
3460 541 3550 594 τὸν
3579 541 3812 611 σταυρὸν
3854 544 3953 598 ἐπ’

693 642 742 686 et
770 632 833 684 de
857 632 1199 701 congnatione
1225 640 1317 684 tua
1335 633 1398 695 '7;
1431 635 1615 703 accipe
1643 649 1862 688 crucem
1899 635 1954 688 in
1985 635 2262 697 humeros,

695 738 1024 793 conspuere,
1074 724 1322 794 colaphis
1351 725 1596 790 creditor,
1654 726 1780 781 bibe
1808 738 2048 790 acetum,
2081 726 2266 795 ﬂagel-

697 814 828 876 lare,
861 830 1080 868 crucem
1110 816 1366 881 ascende,
1393 819 1713 886 sanguinem
1739 818 1928 881 funde,
1959 820 2074 873 sive
2103 820 2266 875 intel-

2365 633 2530 705 ὥμων
2564 653 2678 699 σου,
2709 635 3071 705 ὲμπτύσθητι,
3104 635 3480 705 κολαφίσθητι,
3503 635 3593 686 πίε
3615 634 3755 699 ὄξος,
3788 653 3954 705 φρα-

2366 725 2685 795 γελλώθητι,
2733 726 2873 779 ἄνιθι
2911 729 3002 779 ὲπὶ
3061 726 3149 778 τὸν
3208 728 3462 796 σταυρὸν,
3499 727 3733 779 κένωσον
3765 723 3950 795 αἷμα,

2368 816 2466 867 εἴτ’
2493 812 2584 868 οὗν
2623 816 2845 885 νοητῶς,
2879 817 2976 867 εἶτ’
3007 812 3098 869 οὖν
3133 816 3421 887 αἰσθητῶς.
3460 817 3522 868 Εἰ
3555 816 3610 869 δὲ
3638 817 3711 885 μὴ
3746 818 3954 886 φέροις

697 914 864 971 tectu,
896 907 1011 960 sive
1063 921 1250 961 sensu.
1283 906 1442 973 Quod
1466 909 1514 963 si
1557 910 1670 964 hmc
1695 925 1802 964 non
1833 910 2002 973 feras,
2035 913 2163 966 sede
2213 912 2265 965 in

2390 907 2557 972 ταῦτα,
2592 906 2758 960 κάθου
2805 909 2862 960 ὲν
2893 908 2970 977 τῷ
3011 911 3143 978 οἴκῳ
3174 925 3286 971 σου,
3338 909 3416 978 τῷ
3439 909 3808 978 ταπεινοτέρῳ
3843 909 3953 978 βίῳ

697 998 860 1053 domo
890 1009 1004 1064 tua,
1048 1000 1338 1053 humiliore
1371 1002 1476 1054 vita
1525 1003 1727 1057 salvari
1755 1003 2114 1058 contendens.
2163 1003 2269 1058 Ne—

700 1106 806 1160 que
844 1091 988 1144 enim
1023 1091 1139 1146 sine
1164 1093 1352 1147 labore
1387 1093 1476 1147 hic
1513 1095 1682 1157 salus,
1709 1095 1802 1148 sed
1833 1111 1927 1164 per
1947 1096 2147 1151 multas
2171 1111 2270 1149 an-

701 1182 932 1252 gustias.
970 1180 1048 1238 Ne
1080 1185 1212 1237 mihi
1243 1184 1507 1239 hodierna
1528 1187 1774 1256 exempla
1800 1187 2065 1256 proferas.
2095 1187 2268 1253 Quid-

703 1273 831 1345 quid
859 1289 967 1328 non
991 1281 1075 1328 est
1113 1290 1177 1329 ex
1221 1277 1512 1343 mandato;
1549 1278 1890 1346 improbum,
1919 1278 2101 1342 inane,
2152 1279 2270 1348 ple-

704 1382 832 1420 num
864 1367 1128 1431 scandali,
1161 1367 1280 1436 ejus
1305 1368 1396 1436 qui
1423 1369 1500 1422 sic
1516 1369 1844 1423 renuntiarit
1868 1383 2030 1437 opus,
2051 1384 2159 1423 non
2187 1369 2271 1422 di-

703 1457 813 1508 vini
833 1457 1262 1524 praeccpti.Quod
1291 1460 1334 1512 si
1355 1461 1748 1514 monasterium
1773 1475 1973 1514 novum
1993 1469 2274 1516 exstruere

703 1545 859 1614 cupis
893 1563 908 1611 ;
940 1545 992 1600 id
1043 1563 1150 1601 non
1186 1557 1266 1603 est
1309 1549 1550 1603 alienum
1578 1565 1610 1604 a
1656 1552 1867 1605 ratione
1900 1569 1914 1605 :
1970 1551 2062 1606 sed
2105 1551 2274 1606 simul

706 1651 772 1691 ac
803 1638 1096 1694 tradideris
1124 1640 1300 1709 ipsum
1331 1642 1448 1695 viro
1476 1643 1567 1711 qui
1596 1651 1764 1712 regat,
1800 1658 1864 1698 ne
1893 1645 2126 1713 amplius
2170 1661 2279 1698 ma-

707 1743 837 1781 num
871 1728 1102 1797 injicias,
1129 1740 1386 1800 tanquam
1408 1733 1463 1785 in
1493 1748 1606 1786 rem
1637 1743 1786 1786 tuam
1823 1752 1836 1788 :
1869 1743 1923 1789 et
1952 1733 2062 1790 Deo
2085 1750 2278 1804 accep-

711 1830 826 1874 tum
888 1822 942 1874 id
975 1823 1120 1887 erit;
1159 1833 1214 1877 et
1247 1834 1499 1879 occurret
1530 1827 1623 1880 tibi
1660 1828 1714 1880 in
1748 1827 2043 1897 hospitium
2081 1829 2281 1897 sempi-

2368 998 2750 1067 ἐκϐιαζόμενος
2790 998 3077 1061 σώζεσθαι.
3120 999 3251 1051 Οὐδὲ
3280 999 3385 1068 γὰρ
3418 998 3648 1053 ἐνταῦθα
3695 1000 3954 1067 ἀμογητὶ

2370 1091 2429 1142 τὸ
2481 1091 2691 1158 σῶσμα,
2723 1088 2856 1142 ἀλλά
2884 1090 2991 1158 γάρ
3047 1092 3138 1143 καὶ
3176 1090 3262 1143 διὰ
3298 1091 3510 1143 πολλῶν
3551 1092 3800 1158 θλίψεων.
3852 1093 3952 1162 Μή

2374 1197 2462 1249 μοι
2489 1179 2560 1245 τά
2595 1180 2689 1232 νῦν
2722 1179 3140 1250 παραδείγματα
3186 1181 3482 1250 προσοίσῃς
3505 1197 3520 1210 ·
3569 1184 3674 1235 πᾶν
3703 1183 3846 1249 ὅπερ
3886 1185 3949 1234 οὐ

2371 1275 2490 1327 κατ’
2517 1275 2735 1344 ἐντολήν
2767 1291 2780 1306 ·
2813 1277 3088 1347 ἀδόκιμον,
3153 1277 3338 1340 ἕωλον,
3400 1279 3788 1337 σκανδαλῶδες,
3848 1278 3949 1329 τοῦ

2372 1362 2544 1427 οὕτως
2598 1367 3010 1435 άποταξαμένου
3042 1368 3219 1435 ἔργον,
3246 1367 3360 1420 ἀλλ’
3387 1368 3448 1420 οὑ
3474 1367 3618 1421 θείου
3659 1367 3951 1437 προστάγ-

2377 1477 2564 1528 ματος.
2623 1461 2684 1512 Εἰ
2718 1461 2772 1511 δὲ
2821 1461 2952 1530 ὲρᾷς
2987 1459 3310 1529 νεουργῆσαι
3363 1461 3550 1529 μονὴν,
3581 1460 3678 1511 οὐκ
3712 1457 3816 1521 ἔξω
3850 1459 3952 1510 τοῦ

2375 1550 2583 1610 εἰκότος
2613 1564 2626 1578 ·
2672 1547 2788 1601 ἀλλ’
2819 1551 2904 1602 ἐπ’
2936 1552 3000 1604 ἂν
3041 1550 3385 1618 παραδώσεις
3413 1550 3580 1619 αὐτὴν
3617 1550 3772 1616 ἀνδρὶ
3804 1549 3955 1600 καθ-

2378 1639 2690 1708 ηγουμένῳ,
2751 1639 2946 1708 μηκέτι
3001 1639 3276 1702 ἐπιϐαλεῖς
3325 1639 3422 1708 τὴν
3456 1640 3608 1708 χεῖρα
3661 1637 3952 1706 ἐπάὐτῷ,

2378 1731 2629 1799 καθάπερ
2680 1730 2772 1782 ὲπὶ
2798 1730 2907 1782 τῶν
2935 1731 3136 1784 οὐσῶν·
3170 1733 3264 1784 καὶ
3297 1730 3415 1798 Θεῷ
3441 1731 3502 1781 τὸ
3544 1731 3775 1799 πρᾶγμα
3814 1729 3956 1781 εὑάο

2383 1837 2591 1892 ρεστον·
2615 1822 2708 1872 καὶ
2736 1821 3038 1890 ἀπαντήσει
3071 1839 3150 1874 σοι
3189 1824 3267 1884 είς
3299 1821 3477 1886 ξενίαν
3502 1819 3956 1886 αίώνιον.Ἠμεῖς

708 1920 948 1966 ternum.
976 1911 1094 1968 Non
1133 1915 1199 1968 ad
1227 1931 1348 1969 eum
1378 1917 1469 1984 qui
1504 1918 1584 1971 sic
1607 1893 1868 1987 eligitur;
1888 1919 2142 1974 addimus
2171 1893 2281 1972 fra-

2390 1912 2475 1964 ἐπὶ
2499 1912 2586 1964 τὸν
2616 1911 2788 1975 οὕτως
2818 1912 3136 1982 αἱρούμενον
3181 1911 3522 1980 ὲπιδιδοῦμεν
3549 1911 3776 1978 ἀδελφὸν
3803 1911 3958 1962 tice!-

711 2012 847 2058 treni
881 2004 1034 2058 illum
1061 2021 1225 2074 quem
1262 2008 1484 2078 elegerit
1514 2008 1560 2062 is
1594 2009 1688 2078 qui
1722 2010 1974 2079 req’uirit,
2008 2026 2133 2064 cum
2164 2010 2286 2064 aliis

710 2109 905 2150 novem
933 2095 1194 2152 fratribus
1220 2099 1313 2167 qui
1335 2100 1625 2168 praeposito
1654 2101 1849 2170 subjici
1892 2101 2101 2155 volunt.
2122 2099 2283 2165 Ecce,

713 2189 856 2244 bone
910 2192 1106 2254 amice,
1166 2194 1420 2246 monachi
1460 2193 1696 2247 ollicium
1748 2194 1978 2263 exposui
2021 2193 2161 2247 tibi:
2207 2194 2286 2247 sic

713 2294 874 2350 agere
930 2282 1093 2337 debet
1134 2285 1228 2353 qui
1267 2285 1381 2338 vult
1407 2295 1690 2340 exstruere
1740 2286 2132 2340 monasterium
2167 2304 2179 2338 :
2209 2285 2290 2339 sic

716 2373 1032 2441 prolicietis.
1061 2373 1214 2441 Quod
1241 2386 1428 2442 restat,
1459 2377 1724 2432 Dominus
1744 2378 1815 2432 sit
1835 2375 2138 2433 consolatio
2165 2384 2278 2443 tua,

717 2464 975 2520 erudiens
1014 2475 1066 2521 te
1096 2466 1152 2520 in
1191 2467 1448 2523 omnibus
1488 2469 1554 2522 ad
1587 2469 1841 2523 salutem.

1138 2667 1292 2726 CLX.
1317 2699 1386 2710 -—-
1413 2668 1659 2740 Gregorio
1687 2671 1799 2742 ﬁlio
1823 2672 1918 2743 (⁸).

2383 2021 2472 2057 νον
2496 2003 2554 2056 ὃν
2589 2003 2862 2073 ὲκλέγοιτο
2889 2006 2916 2056 ὁ
2950 2005 3241 2074 ἐπιζητῶν.
3273 2003 3411 2073 μετά
3439 2005 3532 2055 καὶ
3563 2003 3646 2055 ὲτέ
3658 2019 3764 2072 ρων
3793 2002 3959 2056 ὲννὲα

2385 2095 2628 2164 ἀδελφῶν
2685 2097 2974 2149 ἐθελόντων
3031 2096 3319 2149 τάττεσθαι
3387 2095 3465 2167 τῷ
3530 2093 3957 2166 προηγουμένῳ.

2400 2186 2552 2250 Ἰδοὺ,
2594 2187 2714 2254 φίλε
2775 2187 2926 2250 καλὲ,
2959 2185 3018 2238 τὸ
3072 2186 3346 2256 δικαίωμα
3374 2185 3466 2239 τοῦ
3501 2183 3731 2257 μοναχοῦ
3781 2186 3961 2255 ἀνήγ-

2388 2279 2543 2347 γειλά
2571 2296 2649 2331 σοι
2679 2297 2690 2308 ·
2726 2281 2754 2331 ὁ
2779 2279 2977 2348 τρόπος
3005 2278 3098 2331 τοῦ
3133 2279 3531 2340 συνιστάνοντος
3571 2276 3634 2329 τὸ
3681 2279 3960 2348 μοναστή-

2394 2387 2525 2440 ριον,
2579 2372 2605 2440 ἢ
2661 2370 2901 2439 ὑμετέρα
2952 2370 3208 2434 ἐπίδοσις.
3242 2371 3313 2424 Τὸ
3361 2369 3567 2431 λοιπὸν,
3616 2368 3701 2436 εἵη
3751 2367 3962 2440 Κύριος

2394 2459 2739 2528 παραμύθιόν
2809 2477 2932 2526 σου,
2994 2458 3283 2525 συνετίζων
3349 2477 3408 2512 σε
3455 2458 3596 2512 κατά
3644 2458 3826 2514 πάντα
3878 2462 3962 2523 et;

2396 2553 2688 2622 σωτηρίαν.

2693 2669 2790 2722 ΡΞ¹
2816 2671 3020 2745 (5‘2).—
3042 2672 3339 2743 I‘prjropltp
3366 2668 3573 2736 τέκνῳ.
3597 2666 3746 2745 [χξ’.]

1155 2787 1231 2837 De
1251 2786 1418 2836 seculi
1457 2787 1777 2838 restitutione
1804 2804 1816 2838 :
1844 2795 1898 2838 et
1919 2789 2115 2852 qualem
2149 2785 2385 2837 videlicet
2416 2789 2541 2837 hanc
2571 2801 2682 2836 esse
2713 2788 2928 2839 futuram
2957 2803 3157 2850 magnus
3181 2789 3322 2836 Pater
3342 2789 3534 2837 doceat.

793 2893 925 2962 Quae
951 2894 1004 2947 in
1035 2894 1219 2964 priore
1247 2895 1475 2964 epistola
1510 2895 1577 2948 de
1603 2894 1960 2949 sanctissimo
1990 2894 2292 2949 Chalcedo-

723 2987 810 3041 nis
840 2986 1201 3055 metropolita,
1233 2995 1284 3040 et
1306 2995 1458 3056 patre
1479 2994 1686 3052 nostro,
1721 2997 1980 3057 tanquam
2010 2988 2064 3042 in
2115 2997 2292 3041 trans-

2474 2895 2540 2945 ’Ἀ
2571 2895 2669 2962 μὲν
2703 2891 2794 2948 οὖν
2819 2897 2876 2947 tv
2919 2898 2981 2963 τῇ
3025 2893 3264 2964 προτέρᾳ
3302 2892 3556 2962 ἐπιστολῇ
3587 2893 3715 2964 περὶ
3745 2893 3841 2947 τοῦ
3867 2893 3967 2964 τῆς

2399 2985 2738 3055 Χαλκηδόνος
2793 2987 3089 3052 ἀγιωτάτου
3156 2985 3574 3054 μητροπολίτου,
3608 2987 3704 3040 καὶ
3757 2986 3967 3057 πατρδς

725 3094 889 3134 cursu
933 3078 1076 3133 dicta
1110 3089 1260 3144 sunt,
1290 3080 1516 3134 uberius
1560 3090 1614 3135 et
1665 3082 1991 3150 explicatius
2037 3096 2182 3134 nunc
2210 3079 2290 3132 di-

2400 3078 2555 3149 ἡμῶν
2585 3079 2818 3148 εἴρηται,
2847 3077 2920 3139 ὡς
2951 3078 3007 3128 ὲν
3043 3078 3389 3148 παραδρομῇ,
3422 3078 3516 3132 νῦν
3562 3080 3614 3132 δὲ
3659 3079 3967 3145 διεξοδικώ-

724 3180 939 3224 centur.
960 3167 1054 3224 Dic
1080 3170 1298 3239 illi,qua
1326 3181 1537 3240 patrem
1556 3172 1758 3242 alloqui
1787 3173 1941 3226 decet
1970 3173 2290 3235 reverentia,

727 3264 1043 3333 quid‘lquod
1071 3265 1319 3327 omnino,
1343 3262 1497 3329 juxta
1527 3263 1732 3317 dictum
1761 3263 2010 3332 Apostoli
2043 3281 2058 3317 :
2093 3261 2293 3318 Unius-

724 3355 979 3426 cujusque
1033 3371 1160 3422 opus
1211 3354 1364 3425 quate
1413 3355 1483 3407 sit
1534 3355 1668 3423 ignis
1723 3353 1986 3421 probabit.
2037 3353 2098 3407 Si
2147 3353 2296 3421 cuius

727 3465 857 3516 opus
899 3448 1151 3501 manserit
1174 3448 1312 3516 quod
1357 3445 1818 3513 superwdiﬁcavit,
1847 3445 2132 3498 mercedem
2156 3446 2296 3497 acci-

725 3541 854 3608 piet.
897 3538 958 3593 Si
1006 3542 1154 3605 cujus
1201 3553 1329 3604 opus
1377 3537 1596 3598 arserit,
1633 3535 2006 3588 detrimentum
2045 3535 2294 3602 patietur.

727 3630 851 3697 Ipse
885 3641 1061 3682 autem
1088 3629 1265 3682 salvus
1291 3629 1413 3691 erit,
1439 3629 1515 3681 sic
1552 3637 1726 3682 tamen
1746 3629 1898 3698 quasi
1923 3644 2014 3695 per
2039 3629 2210 3696 ignem
2232 3626 2296 3681 ".

728 3717 1029 3773 Percontor
1075 3718 1300 3786 itaque:
1329 3718 1485 3778 illud,
1519 3718 1732 3780 arserit,
1765 3717 2068 3770 absolutam
2124 3715 2298 3768 aboli-

730 3810 935 3864 tionem
966 3808 1206 3872 denotat,
1244 3808 1470 3863 annon?
1500 3807 1556 3860 Si
1612 3807 1845 3876 primum
1875 3806 2097 3870 dicitur,
2153 3805 2301 3859 sicut

731 3899 901 3952 Paulo
931 3901 1268 3954 cohaerenter
1309 3897 1603 3951 aitalicubi
1642 3896 1953 3966 Theologus
1975 3894 2298 3966 Gregorius,

732 3991 891 4058 isque
928 3999 1238 4058 postremus
1260 3996 1342 4043 est
1382 3988 1547 4059 ignis,
1572 4004 1680 4058 quo
1703 3999 1891 4043 nostra
1926 3969 2112 4042 omnia
2143 3988 2301 4042 dam-

732 4089 937 4132 nantur
961 4079 1045 4133 vel
1061 4087 1364 4150 purgantur
1389 4079 1551 4149 ;quid
1576 4087 1770 4134 estcur
1789 4080 2015 4134 audiens
2031 4080 2301 4149 quispiam

732 4174 1010 4229 existimet
1045 4190 1156 4229 non
1211 4183 1359 4229 recte
1379 4174 1582 4230 dixisse
1636 4183 1887 4229 sanctum
1942 4172 2234 4227 Maximum
2259 4173 2305 4205 "

733 4274 846 4320 tres
906 4281 1030 4321 esse
1066 4266 1442 4321 restitutiones
1493 4265 1546 4320 in
1613 4265 1928 4334 pristinum,
1963 4278 2100 4333 quas
2158 4263 2308 4317 novit

736 4357 1033 4412 Ecclesia?
1083 4357 1258 4412 Unam
1330 4357 1552 4426 quidem
1609 4358 2043 4425 uniuscujusque
2088 4370 2188 4424 pro
2219 4370 2307 4408 ra-

2394 3188 2551 3239 τερον
2584 3172 2880 3240 ειρήσεται.
2922 3169 3054 3221 Εἰπὲ
3101 3169 3248 3239 αὑτῷ
3292 3176 3669 3242 πατροπρεπεῖ
3710 3172 3963 3236 διαλέξει,

2394 3260 2446 3313 τί
2473 3279 2486 3326 ;
2520 3262 2602 3313 ὅτι
2634 3278 2871 3323 παντως,
2892 3262 3031 3314 κατά
3064 3261 3162 3329 τὴν
3185 3260 3280 3312 τοῦ
3318 3261 3638 3314 ’Δποστόλου
3671 3261 3965 3330 άπύφασιν,

2412 3352 2702 3406 Ἐκάστου
2741 3354 2807 3405 τὸ
2848 3354 3025 3423 ἔργον
3081 3355 3290 3409 ὁποῖόν
3328 3355 3459 3408 ἐστι
3487 3354 3552 3408 τὸ
3579 3355 3699 3423 πῦρ
3725 3355 3968 3426 δοκιμά-

2396 3437 2512 3496 σὲι.
2565 3443 2633 3496 ΕΖ
2681 3460 2842 3510 τινος
2889 3446 2952 3499 τὸ
2997 3445 3175 3514 ἔργον
3226 3448 3396 3517 μένει
3446 3446 3478 3500 ὃ
3514 3445 3966 3516 ἐπῳκοδόμησε,

2392 3535 2615 3604 μισθὸν
2645 3537 2925 3605 λήψεται.
2972 3539 3045 3592 El
3073 3556 3233 3605 τινος
3270 3539 3336 3592 τὸ
3383 3541 3562 3607 ἔργον
3593 3541 3970 3606 κατακαήσε-

2397 3645 2512 3694 ται,
2545 3627 2994 3695 ζημιωθήσεται·
3022 3631 3225 3696 ,αὐτὸς
3257 3630 3324 3682 δὲ
3369 3629 3728 3698 σωθήσεται,
3781 3633 3968 3698 οὕτως

2398 3721 2466 3773 δὲ
2491 3722 2572 3787 ὠς
2595 3721 2692 3774 διὰ
2715 3723 2921 3789 πιφός.
2964 3723 3308 3791 Πυνθανομαι
3339 3723 3452 3784 οὖν,
3479 3725 3559 3787 τὸ,
3592 3725 3967 3789 κατακαήσε-

2399 3827 2513 3874 ται,
2555 3810 2868 3878 ὲξαφάνισίς
2897 3813 3012 3864 ἐστι
3040 3812 3239 3874 τελεία,
3281 3811 3314 3883 ἢ
3355 3812 3455 3880 ob;
3490 3813 3553 3865 Εί
3585 3813 3640 3865 δὲ
3674 3813 3969 3880 ὁμολογου-

2403 3902 2578 3971 μένως
2629 3902 2691 3954 τὸ
2739 3902 2952 3972 πρῶτον
2986 3921 2998 3933 ·
3030 3903 3171 3956 καθά
3221 3903 3322 3955 πού
3370 3920 3536 3974 φησιν
3585 3905 3869 3973 ἑπομένως
3895 3903 3970 3974 τῷ

2401 3995 2596 4065 Παύλῳ
2629 3997 2722 4047 καὶ
2750 3997 2778 4046 ὁ
2803 3995 3060 4063 Θεολόγος
3091 3995 3408 4066 Γρηγόριος·
3447 3997 3541 4048 καὶ
3573 3995 3634 4048 τὸ
3665 3996 3968 4047 τελευταῖον

2403 4087 2537 4157 πῦρ,
2577 4081 2620 4155 ᾦ
2659 4086 2836 4140 πάντα
2885 4087 3269 4157 κατακρίνεται
3313 4087 3345 4156 ἢ
3379 4086 3698 4157 καθαίρεται
3735 4088 3804 4141 τά
3837 4086 3969 4156 ήμέ-

2402 4199 2535 4252 τερα
2567 4197 2579 4210 ·
2635 4182 2684 4234 τί
2715 4181 2943 4234 ὲπισείει
2997 4181 3088 4234 τὸν
3116 4180 3239 4234 νοῦν
3269 4179 3362 4234 τοῦ
3393 4179 3680 4243 ἀκούοντος
3713 4195 3728 4210 ·
3761 4180 3861 4232 οὐκ
3912 4172 3968 4231 εὖ

2406 4274 2685 4343 εἰρηκέναι
2713 4275 2803 4327 τὸν
2860 4275 3002 4344 ἱερὸν
3050 4275 3320 4345 Μάξιμον,
3359 4277 3507 4345 τρεῖς
3541 4271 3676 4327 εἶναι
3714 4272 3814 4335 τάς
3843 4273 3970 4325 ἀπο-

2407 4366 2787 4431 καταστάσεις,
2814 4365 2880 4429 ἃς
2929 4364 3066 4418 οἶδεν
3111 4368 3144 4436 ἡ
3197 4365 3516 4436 Ἐκκλησία;
3574 4365 3719 4420 Μίαν
3751 4363 3851 4433 μὲν
3878 4362 3970 4434 τὴν

735 4447 887 4501 tione
915 4447 1156 4500 virtutis:
1185 4448 1237 4499 in
1268 4461 1372 4516 qua
1402 4446 1710 4501 restituitur
1751 4447 1846 4514 qui
1894 4446 2108 4500 virtutis
2140 4460 2292 4514 quem

2411 4455 2639 4508 ἑκάστου
2671 4458 2809 4508 κατά
2839 4457 2931 4509 τὸν
2964 4458 3062 4526 τῆς
3089 4459 3286 4528 ἀρετῆς
3332 4458 3508 4524 λόγον,
3553 4459 3609 4510 tv
3706 4456 3969 4509 ἀποκαθί-

736 4545 952 4607 poterat
979 4537 1200 4591 modum
1252 4537 1516 4607 implevit.
1541 4537 1785 4594 Alteram
1837 4546 2048 4591 natura:
2083 4539 2306 4592 univer-

739 4645 838 4694 διε,
876 4629 931 4683 in
974 4631 1374 4684 resurrectione
1436 4645 1450 4682 :
1503 4630 1906 4685 restitutionem
1961 4629 2178 4684 scilicet
2246 4630 2302 4683 in

741 4722 1314 4792 incorruptibilitatem
1365 4729 1420 4776 et
1480 4721 1972 4776 immortalitatem.
2043 4720 2305 4784 Tertiam,

743 4828 851 4882 qua
878 4813 1219 4883 frequentius
1240 4812 1411 4867 utitur
1447 4821 1670 4868 sanctus
1704 4811 2000 4882 Gregorius
2026 4811 2308 4882 Nysseuus

744 4907 798 4961 in
827 4906 1187 4961 Sermonibus
1219 4906 1335 4961 suis
1362 4905 1408 4937 “
1430 4923 1445 4958 :
1471 4920 1566 4974 per
1603 4920 1766 4974 quam
1793 4905 1991 4960 animae
2019 4905 2308 4960 facultates

745 5013 841 5068 per
870 5010 1154 5068 peccatum
1185 4998 1458 5068 collapsa,
1481 4997 1534 5051 in
1554 5013 1678 5051 eum
1715 5012 1911 5052 rursus
1942 5006 2143 5051 statum
2199 5013 2310 5068 quo

745 5090 982 5144 conditae
1029 5099 1193 5146 sunt.
1232 5090 1608 5146 restituentur.
1654 5087 1811 5143 Sicut
1850 5091 1999 5143 enim
2050 5089 2311 5145 universa

751 5187 948 5232 natura
989 5179 1044 5232 in
1083 5180 1523 5241 resurrectione,
1559 5178 2130 5248 incorruptibilitatem
2186 5195 2312 5234 car-

751 5273 836 5326 nis
885 5272 981 5326 diu
1030 5279 1303 5342 speratam
1339 5271 1604 5340 recipiet;
1640 5270 1716 5324 ita
1750 5280 1804 5326 et
1835 5271 2073 5325 animam
2103 5279 2320 5340 oportet

752 5362 1041 5419 facultates
1067 5380 1190 5434 qua:
1212 5364 1376 5436 longa
1405 5365 1732 5420 saeculorum
1761 5365 2049 5420 (iuratione
2080 5363 2320 5419 deﬂuxe-

753 5463 902 5518 runt,
953 5454 1238 5524 recipere:
1275 5464 1480 5511 etcum
1536 5456 1735 5511 secula
1785 5457 1971 5511 omnia
2020 5457 2317 5523 transierit,

754 5562 856 5604 nec
872 5555 1074 5602 statum
1093 5549 1386 5615 invenerit,
1410 5549 1478 5604 ad
1501 5547 1671 5604 Deum
1704 5549 1888 5604 venire
1913 5549 2008 5620 qui
2025 5548 2183 5605 [idem
2210 5564 2320 5605 non

2415 4563 2602 4600 σταται
2636 4548 2721 4599 τὸν
2751 4548 2835 4600 ἔπ’
2867 4547 3012 4616 αὑτῷ
3031 4547 3186 4615 λόγον
3214 4549 3311 4615 τῆς
3351 4547 3549 4618 ἀρετῆς
3590 4546 3970 4617 ἐκπληρώσας.

2413 4639 2681 4707 Δευτέραν
2707 4638 2762 4692 δὲ
2794 4640 2891 4708 τῆς
2913 4639 3040 4709 ὅλης
3074 4638 3288 4707 φύσεως
3311 4642 3375 4710 τῇ
3404 4639 3697 4693 ἀναστάσει
3720 4655 3736 4668 ·
3764 4639 3862 4710 τὴν
3898 4641 3972 4701 είς

2414 4731 2720 4801 ἀφθαρσίαν
2770 4732 2866 4784 καὶ
2915 4731 3212 4784 ἀθανασίαν
3261 4731 3727 4784 ἀποκατάστασιν.
3776 4731 3972 4802 Τρίτην

2414 4821 2493 4884 δὲ,
2611 4823 2705 4874 καὶ
2751 4822 2951 4892 μᾶλλον
2989 4823 3396 4892 κατακέχρηται
3426 4823 3483 4874 tv
3513 4824 3624 4885 τοῖς
3657 4823 3852 4874 ἑαυτοῦ
3890 4820 3972 4874 λό-

2414 4931 2532 4982 γοις
2578 4914 2608 4966 ὀ
2659 4916 2718 4968 ὲν
2769 4914 2944 4982 ἁγίοις
2975 4915 3270 4986 Γρηγόριος
3307 4913 3548 4981 Νύσσης,
3577 4915 3721 4966 ἐστὶν
3750 4913 3908 4983 αὕτη,
3940 4914 3970 4982 ἡ

2415 5007 2522 5059 τῶν
2567 5007 2814 5077 ψυχικῶν
2866 5009 3144 5078 δυνάμεων
3179 5011 3243 5079 τῇ
3282 5008 3524 5078 ἁμαρτίᾳ
3571 5005 3970 5068 ὑποπεσουσῶν,

2420 5100 2498 5161 εἰς
2532 5099 2667 5170 ὅπερ
2697 5100 3043 5169 ἐκτίσθησαν,
3078 5099 3236 5153 πάλιν
3255 5099 3715 5161 ἀποκατάστασις.
3745 5099 3835 5149 Δεῖ
3874 5095 3973 5164 γὰρ

2421 5189 2610 5259 ὥσπερ
2638 5188 2736 5258 τὴν
2760 5189 2886 5259 ὃλην
2914 5189 3072 5258 φύσιν
3094 5189 3150 5240 tv
3183 5191 3247 5260 τῇ
3283 5189 3574 5242 ἀναστάσει
3597 5189 3697 5258 τὴν
3724 5187 3822 5255 τῆς
3852 5201 3974 5256 σαρ-

2415 5277 2508 5341 κὸς
2545 5278 2852 5350 ἀφθαρσίαν
2881 5280 3056 5348 χρόνῳ
3083 5279 3441 5350 ἐλπιζομένην
3474 5277 3784 5333 ἀπολαϐεῖν·
3811 5275 3974 5338 οὕτως

2416 5369 2511 5422 καὶ
2556 5369 2655 5434 τὰς
2710 5371 3166 5442 παρατραπείσας
3225 5372 3324 5441 τῆς
3376 5370 3553 5441 ψυχῆς
3601 5371 3854 5439 δυνάμεις
3911 5368 3971 5438 τῇ

2418 5464 2717 5533 παρατάσει
2750 5463 2858 5516 τῶν
2886 5463 3095 5516 αἰώνων
3139 5461 3429 5516 ἀπολαδεω
3455 5478 3472 5494 ·
3525 5461 3617 5515 καὶ
3671 5462 3976 5530 περάσασαν

2418 5555 2543 5617 τοὺς
2570 5554 2777 5618 πάντας
2812 5555 3032 5621 αἰῶνας,
3057 5557 3152 5610 καὶ
3178 5554 3253 5627 μὴ
3280 5555 3640 5625 εὐρίσκουσαν
3665 5551 3871 5616 στάσιν,
3903 5551 3974 5614 είς

824 5662 870 5695 ³⁷
897 5659 1035 5717 Gen.
1064 5677 1159 5729 xu,
1186 5661 1239 5718 l.
1312 5663 1360 5698 ⁸⁸
1388 5661 1409 5718 1
1437 5662 1567 5721 Cor.
1598 5676 1679 5733 ιιι,
1718 5663 1804 5720 15.
1881 5664 1928 5697 ’θ
1965 5661 2238 5733 tom.l,p.
2272 5664 2292 5719 Ξ

2390 5706 2396 5720 .
2463 5668 2508 5700 ³⁸
2533 5666 2652 5725 Lib.
2682 5667 2758 5723 De
2787 5669 2960 5740 api/Ec.
2993 5671 3158 5735 Ιιοηι..
3185 5684 3308 5741 cap.
3333 5667 3426 5724 ει.

2297 5756 2524 5816 NOTAE.

828 5845 904 5917 (⁸)
939 5845 1269 5915 Dogmatica.

2509 5852 2622 5925 (52)
2655 5858 2712 5914 ιιι
2739 5859 2858 5916 cod.
2893 5860 3023 5928 Reg.
3069 5857 3182 5925 pi6’.
