4156 6512
231 447 386 513 1501
1437 456 1971 520 EPISTOLARUM
2028 456 2172 517 LIB.
2218 457 2296 517 Il.
3353 452 3488 520 1502

221 563 335 615 τὸν
365 561 496 615 Θεὸν
519 561 691 617 ἐλθεῖν
715 563 804 617 τὸν
835 566 910 637 μὴ
939 565 1128 636 ἔχοντα
1160 563 1332 637 πέρας
1353 581 1366 597 ·
1427 569 1521 620 καὶ
1545 566 1718 629 οὕτως
1740 569 1804 635 τῇ
1831 570 1855 626 1

1926 565 2102 631 labet;
2139 574 2301 632 atque
2339 564 2415 617 ita
2444 577 2540 632 per
2565 563 2950 633 cognitionem,
2985 579 3091 619 non
3132 578 3227 634 per
3265 566 3486 630 partici-

227 653 558 722 ἐπιγνώσει,
610 657 671 709 οὐ
725 659 788 726 τῇ
844 657 1059 726 μεθέξει
1087 658 1194 710 τῶν
1233 658 1469 726 ἀγαθῶν,
1520 658 1810 712 ἀπολαϐεῖν

1926 656 2180 723 pationem
2219 656 2486 710 bonorum
2511 694 2526 719 ,
2552 655 2790 724 recipere
2845 655 3153 719 facultates,
3183 665 3238 710 et
3270 658 3323 709 in
3360 657 3500 725 pri-'

228 744 346 806 τὰς
371 745 648 816 δυνάμεις,
679 747 774 799 καὶ
801 749 881 810 είς
905 749 965 801 τὸ
1015 749 1239 820 ἀρχαῖον
1273 751 1809 819 ἀποκατασταθῆναι,

233 836 346 889 καὶ
378 837 452 908 μὴ
484 837 760 910 δειχθῆναι
801 840 891 893 τὸν
919 842 1260 911 Δημιουργὸν
1289 843 1460 896 αἴτιον
1491 843 1588 912 τῆς
1631 844 1812 913 ἀμαρ-

231 923 390 988 τίας.

320 1018 488 1072 Οὐδὲν
500 1014 591 1073 οὖν
609 1021 793 1089 ἕτερόν
809 1023 956 1076 ἐστιν
974 1022 1151 1094 [abeSt
1172 1026 1223 1077 in
1239 1026 1359 1080 cod.
1379 1024 1509 1094 Reg.
1527 1026 1714 1097 ἔτερόν
1735 1029 1818 1080 ὲσ·

233 1108 358 1181 τιν]
375 1110 573 1182 ἡτρίτη
590 1113 1031 1178 ἀποκατάστασις
1053 1132 1068 1147 ο
1089 1118 1339 1188 περὶγὰρ
1360 1119 1469 1170 τοῖν
1486 1118 1628 1171 δυοῖν
1643 1120 1744 1172 ἀνα
1755 1138 1820 1189 μ-

237 1202 522 1270 φίλεκτονο
545 1203 575 1274 ἢ
601 1205 734 1275 ὅπερ
760 1205 1174 1276 δεδογμάτισται
1190 1208 1266 1277 τῷ
1299 1208 1621 1279 Ἀποστόλῳ,
1643 1210 1738 1263 τοῦ
1758 1211 1818 1262 τὸ

239 1295 622 1364 ἁμαρτητικὸν
653 1295 813 1364 ἔργον
859 1300 1221 1369 κατακαῆναι,
1254 1303 1347 1354 καὶ
1377 1302 1468 1354 τὸν
1498 1303 1818 1374 πεπραχότα

241 1386 491 1454 σωθῆναι
537 1388 945 1442 ἀκατάκαυστον
977 1407 992 1421 ο
1025 1391 1195 1455 οὕτως
1222 1394 1278 1446 δὲ
1307 1395 1382 1456 ώς
1430 1400 1488 1448 οὐ
1522 1396 1820 1466 μετέχοντα

239 1476 361 1528 τῶν
388 1477 624 1546 ἀγαθῶν,
658 1480 773 1533 ἀλλ’
797 1480 1226 1550 ἑπιγινώσκοντα
1283 1485 1381 1553 τὴν
1434 1486 1693 1556 στέρησιν
1720 1487 1820 1555 τῆς

246 1568 547 1638 μεθέξεως.
573 1573 681 1624 Καὶ
714 1573 858 1642 μάλα
885 1575 1109 1638 είκότως
1134 1578 1348 1650 εἴρηται
1389 1578 1465 1647 τῷ
1491 1578 1665 1649 Πατρί
1683 1596 1697 1610 ·
1726 1579 1821 1632 καὶ

249 1660 334 1730 μὴ
379 1661 653 1730 δειχθῆναι
686 1665 776 1717 τὸν
808 1668 1149 1737 Δημιουργὸν
1192 1668 1362 1720 αἴτιον
1389 1670 1489 1738 τῆς
1522 1671 1820 1741 ἁμαρτίας.

251 1754 327 1804 Ὀ
359 1752 458 1822 μὲν
490 1756 597 1824 γὰρ
643 1757 793 1826 παρά
826 1757 980 1823 Θεοῦ,
1025 1761 1191 1828 ῆγουν
1223 1761 1254 1830 ή
1299 1760 1419 1813 καθ’
1445 1763 1590 1831 ἡμᾶς
1636 1762 1819 1830 φύσις,

240 1839 330 1903 ὡς
383 1840 447 1894 ὲκ
498 1843 590 1895 τοῦ
644 1844 795 1908 ὄντος
847 1849 1210 1917 παραχθεῖσα,
1256 1850 1525 1915 ἀνάλωτος
1576 1849 1652 1920 τῷ
1688 1853 1822 1921 πυρὶ

247 1934 470 2004 ἐκείνῳ.
508 1937 572 1989 Ὅ
601 1937 656 1989 δὲ
688 1907 786 1990 οὐκ
811 1941 876 1992 ἐκ
899 1907 1054 2006 έεού,
1093 1907 1209 2010 ἦτοι
1240 1943 1272 2012 ή
1304 1907 1567 2011 ἁμαρτία,
1593 1907 1728 1996 ἀλλὰ
1754 1907 1818 2014 τῇ
1856 1907 1896 1964 Β

244 2023 350 2077 τοῦ
396 2026 698 2097 πράξαντος
722 2029 1183 2102 δημιουργηθετσα
1218 2034 1551 2102 προαιρέσει·
1571 2035 1646 2097 ώς
1677 2033 1738 2086 οὔ
1772 2052 1824 2088 τι

246 2116 365 2170 τῶν
422 2118 590 2172 ὄντων
645 2116 800 2186 οὖσα,
859 2123 995 2176 ἀλλά
1060 2125 1465 2194 παρυφιστᾶσα,
1525 2125 1821 2195 οἰχήσεται,

248 2210 634 2275 ἀκατάτακτος
677 2209 814 2267 οὖσα
840 2217 952 2277 τοῖς
981 2212 1149 2268 οὖσιν.
1195 2215 1380 2276 θῦτως
1404 2215 1516 2280 οὖν,
1552 2218 1654 2269 κᾶν
1689 2219 1823 2288 μήτε

250 2298 556 2369 Γρηγόριος
607 2303 634 2352 ὁ
670 2301 975 2367 Νυσσαεὺς,
1002 2301 1104 2354 κᾶν
1136 2302 1272 2370 μήτε
1302 2300 1551 2371 Μάξιμος
1578 2303 1607 2354 ό
1638 2302 1826 2372 Πατὴρ

251 2389 404 2457 λέγοι
433 2406 448 2420 °
478 2391 612 2444 ἀλλά
656 2408 720 2460 γε
757 2392 786 2444 ὁ
817 2393 990 2460 μέγας
1042 2393 1360 2457 Ἀπόστολος
1387 2394 1686 2462 ἀπέφησεν,
1744 2395 1826 2446 ὅτι

250 2481 483 2551 ἄμειψις
512 2483 768 2553 διάπυρος
814 2484 898 2552 εἴη
949 2483 1045 2552 τῆς
1080 2484 1356 2554 ἁμαρτίας
1377 2501 1392 2517 ο
1439 2487 1472 2555 ἡ
1502 2485 1559 2537 δὲ
1590 2485 1825 2554 ἔμφασίς

252 2576 406 2626 ἐστιν
455 2576 970 2638 ἀποκαταστάσεως,
1003 2576 1079 2639 ὡς
1107 2577 1320 2648 εῐρηται
1366 2577 1443 2648 τῷ
1474 2579 1672 2649 Πατρὶ,
1719 2580 1823 2632 οὐκ

266 2667 702 2738 Ὦριγενιαστική
730 2682 742 2694 ·
773 2669 954 2735 ἄπαγε
984 2685 998 2699 ο
1023 2668 1248 2739 οὐδεμία
1267 2670 1376 2740 γάρ
1401 2670 1650 2723 κοινωνία
1688 2671 1827 2738 φωτὶ

1912 747 2113 801 stinum
2134 748 2354 802 .restitui
2379 788 2393 813 ,
2413 757 2465 803 et
2487 747 2664 816 palam
2699 747 2815 802 ﬁeri
2837 749 2984 817 quod
3011 747 3242 802 Creator
3279 747 3488 818 peccati

1912 847 2101 894 auctor
2122 854 2232 894 non
2264 839 2356 893 sit.

1987 1033 2145 1089 Aliud
2178 1034 2342 1102 igitur
2395 1034 2532 1088 nihil
2568 1043 2652 1088 est
2691 1034 2852 1087 tertia
2897 1032 3178 1088 restitutio
3215 1048 3231 1084 :
3264 1033 3332 1086 de
3366 1031 3487 1085 aliis

1919 1127 2063 1182 enim
2102 1128 2311 1180 duabus
2351 1141 2459 1179 non
2505 1135 2588 1179 est
2619 1125 2888 1179 dubitatio
2947 1140 3109 1194 quam
3159 1125 3305 1193 quod
3336 1125 3488 1192 Apo-

1919 1217 2092 1270 stolus
2111 1215 2312 1278 docuit,
2342 1229 2481 1284 opus
2505 1215 2710 1283 peccati
2745 1214 2938 1268 ardere
2959 1256 2972 1279 ,
3007 1214 3156 1267 illum
3182 1222 3360 1267 autem
3394 1213 3487 1282 qui

1922 1307 2080 1371 fecit,
2111 1306 2318 1362 servari
2354 1306 2760 1359 incomhustum
2805 1323 2819 1359 :
2861 1307 2941 1360 sic
2985 1316 3166 1360 autem
3228 1314 3486 1374 tanquam

1921 1399 2013 1469 qui
2041 1413 2147 1451 non
2176 1398 2246 1452 sit
2279 1397 2549 1465 particeps
2581 1397 2846 1450 bonorum
2875 1435 2889 1458 ,
2931 1395 3025 1450 sed
3054 1395 3488 1464 participationis

1924 1491 2276 1560 privationem
2318 1496 2598 1556 agnoscat.
2647 1488 2908 1556 Apposite
2972 1502 3102 1540 vero
3147 1502 3177 1540 a
3217 1486 3376 1540 Patre
3405 1487 3488 1540 di-

1923 1591 2071 1637 ctum
2102 1591 2218 1644 est,
2267 1596 2442 1650 neque
2473 1579 2683 1634 ostendi
2717 1579 2862 1648 quod
2906 1578 3131 1633 Creator
3185 1580 3256 1632 sit
3298 1588 3492 1633 auctor

1926 1672 2149 1738 peccati.
2176 1669 2326 1734 Quod
2352 1670 2496 1722 enim
2523 1686 2550 1721 a
2583 1669 2690 1721 Deo
2720 1679 2802 1722 est
2824 1709 2838 1733 ,
2871 1669 3084 1722 scilicet
3155 1676 3349 1720 natura
3385 1683 3490 1720 no-

1925 1769 2038 1814 stra
2072 1776 2136 1812 ex
2173 1762 2343 1813 nihilo
2373 1760 2631 1829 producta
2654 1798 2668 1822 ,
2719 1760 2840 1827 igne
2875 1759 2966 1812 illo
3001 1760 3250 1812 consumi
3281 1758 3489 1828 nequit.

1926 1852 2082 1918 Quod
2111 1867 2238 1906 vero
2267 1866 2373 1904 non
2405 1859 2490 1904 est
2521 1866 2548 1904 a
2583 1849 2731 1916 Deo,
2786 1861 3070 1918 peccatum
3120 1849 3365 1914 scilicet,
3395 1847 3490 1902 sed

1927 1942 2074 1996 illius
2092 1944 2183 2011 qui
2203 1942 2482 1996 commisit
2506 1981 2521 2005 ,
2548 1944 2765 2010 propria
2791 1940 3071 1994 voluntate
3091 1939 3344 1995 eﬂ‘ectum
3367 1947 3488 2004 est;

1926 2035 2125 2105 quippe
2159 2035 2303 2104 quod
2331 2035 2467 2088 nihil
2496 2042 2580 2087 est
2606 2049 2796 2086 eorum
2837 2048 2957 2101 qua:
2988 2042 3119 2086 sunt
3145 2071 3159 2095 ,
3197 2033 3289 2087 sed
3318 2032 3491 2086 inlite-

1927 2137 2038 2191 ret;
2073 2126 2378 2188 exolescet,
2415 2139 2518 2178 non
2561 2125 2748 2177 valens
2774 2124 2826 2176 in
2860 2139 3050 2177 eorum
3079 2137 3200 2190 qua:
3231 2132 3360 2177 sunt
3389 2139 3484 2177 or-

1925 2217 2051 2270 dine
2084 2218 2403 2270 consistere.
2432 2213 2521 2268 Sic
2543 2216 2711 2284 igitur
2733 2253 2748 2275 ,
2794 2214 3048 2282 quamvis
3085 2229 3257 2284 neque
3285 2212 3492 2283 Grego-

1926 2309 2040 2362 rius
2105 2306 2413 2377 Nyssenus,
2476 2322 2649 2376 neque
2703 2305 2972 2360 Maximus
3030 2304 3191 2359 Pater
3254 2305 3490 2372 diceret;

1927 2408 2162 2451 attamen
2197 2413 2426 2466 magnus
2446 2397 2743 2464 Apostolus
2774 2397 3190 2465 pronuntiavit,
3225 2397 3368 2465 quod
3399 2412 3496 2465 per

1927 2491 2103 2559 ignem
2149 2491 2239 2544 tiat
2272 2491 2504 2545 vindicta
2544 2490 2835 2559 peccati“.
2871 2505 2991 2559 quae
3015 2491 3377 2545 restitutionis
3410 2498 3497 2545 est

1922 2599 2182 2653 expressa
2244 2584 2609 2653 signiﬁcatio,
2664 2582 2806 2636 sicut
2850 2597 2881 2636 a
2931 2580 3097 2636 Patre
3151 2582 3357 2636 dictum
3410 2589 3496 2635 est

1927 2685 2066 2743 (non
2126 2675 2492 2746 Origeniana,
2549 2674 2692 2728 absit
2732 2692 2746 2727 :
2785 2674 2931 2727 nulla
2981 2673 3126 2726 enim
3175 2672 3493 2727 communio

253 2759 397 2830 πρὸς
429 2761 617 2824 σκότος
648 2777 662 2791 ο
711 2760 832 2814 οὐδὲ
888 2761 1244 2834 συμφώνησις
1275 2763 1451 2828 ἀγίοις
1496 2765 1632 2832 πρὸς
1660 2765 1824 2834 αἱρε-

1926 2768 2034 2821 luci
2060 2781 2182 2820 cum
2217 2767 2491 2828 tenebris,
2555 2779 2734 2832 neque
2783 2764 2988 2817 sanctis
3023 2762 3319 2817 coasensio
3368 2777 3493 2814 cum

252 2851 488 2922 σιάρχας
515 2869 530 2884 ο
579 2853 716 2923 πρὸς
761 2852 854 2917 οὓς
907 2855 1394 2926 σφετεριζομένους
1446 2855 1515 2909 τὰ
1560 2856 1653 2908 τοῦ
1687 2857 1827 2909 θειο-

1927 2855 2409 2925 lueresiarchis“),
2449 2865 2502 2910 et
2551 2859 2816 2909 adversus
2863 2870 2960 2909 eos
3019 2855 3114 2923 qui
3166 2852 3497 2907 divinissimi

251 2940 419 2995 τάτου
478 2941 517 2993 Γ
521 2947 778 3014 ρηγορίου
843 2945 962 3016 ἱερά
1018 2945 1282 3014 δόγματα,
1344 2947 1480 3014 πρὸς
1533 2948 1632 3016 τὴν
1678 2948 1825 3016 σφῶν

1927 2950 2178 3022 Gregorii
2215 2963 2372 3004 sacra
2395 2949 2648 3016 dogmata
2683 2946 2788 3000 sibi
2834 2946 3117 2999 vindicant
3150 2961 3243 3014 per
3268 2959 3496 3015 pravam

254 3032 570 3096 κακόνοιαν,
623 3037 718 3088 καὶ
771 3038 803 3107 ἡ
851 3037 1137 3100 ἀνόθευτος
1192 3040 1286 3090 καὶ
1338 3039 1366 3090 ό
1414 3039 1823 3109 κλεπτέλεγχος,

1927 3054 2082 3098 suam
2133 3036 2548 3107 intelligentiam
2601 3051 2860 3103 germana
2927 3035 3346 3105 interpretatio,
3384 3049 3496 3104 qua

253 3123 373 3175 ἀλλ’
399 3125 500 3179 οὐκ
544 3127 628 3178 ἐπ’
659 3129 937 3200 ἀνατροπῇ
967 3130 1075 3182 τῶν
1123 3131 1560 3200 προειρημένων;
1589 3132 1663 3195 ὡς
1699 3134 1828 3202 ἡμῖν

1929 3133 2020 3186 ille
2051 3131 2260 3185 furtum
2288 3144 2478 3184 eorum
2509 3129 2798 3197 coarguit,
2833 3128 2926 3182 sed
2971 3144 3079 3182 non
3120 3127 3324 3182 evertit
3367 3142 3492 3197 quae

256 3212 522 3279 φαίνοιτο.
556 3214 619 3266 Εἰ
649 3215 705 3268 δέ
753 3234 804 3270 τι
855 3218 1151 3288 βαθύτερον
1181 3219 1491 3290 ὲξευρεθείη
1537 3221 1616 3289 τῷ
1661 3222 1855 3290 ἀγιω-Ι

1929 3224 2093 3279 modo
2119 3224 2259 3277 dicta
2301 3229 2462 3288 sunt,
2515 3231 2574 3275 ut
2619 3220 2780 3273 nobis
2829 3220 3060 3275 videtur.
3105 3219 3260 3285 Quod
3300 3220 3345 3274 si
3373 3233 3500 3289 pro-

254 3303 405 3374 τάτῳ
447 3307 834 3381 μητροπολίτῃ,
891 3310 1235 3380 ἀκουσόμεθα
1301 3311 1482 3367 πάλιν.
1525 3314 1677 3366 Ἐπεὶ
1734 3316 1826 3366 καὶ

1933 3317 2154 3370 fundius
2207 3315 2414 3383 aliquid
2473 3313 2844 3382 excogitatum
2888 3311 3054 3365 fuerit
3093 3327 3122 3365 a
3151 3312 3499 3366 sanctissimo

254 3396 289 3446 ὁ
346 3394 636 3464 ἱερώτατος
688 3401 845 3471 ἡμῶν
904 3403 1250 3474 πατριάρχης
1301 3405 1554 3475 ἀκηκοώς
1610 3406 1675 3458 τὰ
1742 3405 1828 3457 λε-

258 3490 458 3633 χθέντα
478 3494 554 3565 τῷ
575 3495 714 3566 ἀγίῳ
727 3495 982 3568 Μαξίμῳ,
995 3497 1145 3551 οὐδὲν
1163 3497 1506 3567 ἀπεμφαίνον
1527 3497 1825 3568 τηνικαῦτα

290 3599 481 3633 φησεν.

290 3599 481 3652 φησεν.

539 3698 684 3752 ΡΞΑ¹
717 3701 849 3770 (55).
873 3731 940 3743 —-
962 3701 1186 3772 Νικήτᾳ
1213 3706 1540 3773 Σπαθαρίῳ.

1933 3405 2274 3473 nietropolita
2296 3445 2311 3468 ,
2340 3404 2535 3457 iterum
2556 3403 2864 3458 audiemus.
2884 3401 3017 3457 Nam
3040 3410 3093 3456 et
3115 3401 3500 3457 sanctissimus

1932 3497 2242 3565 patriarcha
2267 3502 2453 3548 noster
2485 3495 2553 3547 iis
2585 3494 2788 3549 auditis
2816 3509 2938 3563 qua:
2967 3509 2995 3546 a
3034 3504 3226 3547 sancto
3262 3491 3498 3546 Maximo

1931 3599 2058 3646 sunt
2085 3590 2224 3644 dicta
2244 3627 2259 3653 ,
2299 3587 2434 3642 nihil
2472 3587 2876 3641 dissentaneum
2908 3594 3038 3638 tunc
3065 3586 3221 3640 dixit.

2278 3697 2462 3756 CLXI.
2511 3698 2712 3753 Niceti:
2749 3696 3147 3770 8ραι1ιατίο(⁴¹).

259 3809 338 3861 De
365 3812 669 3864 sanctissima
689 3815 869 3880 Christi
892 3815 1107 3880 imagine
1132 3831 1144 3864 :
1169 3823 1221 3880 et
1243 3818 1374 3877 quod
1401 3817 1658 3868 idololatra
1675 3817 1844 3878 sitqui
1866 3815 2125 3880 imaginem
2151 3811 2498 3880 Christi_latria
2519 3809 2895 3880 colit.Relati\;a.
2910 3813 3041 3859 enim
3069 3813 3175 3859 eius
3196 3806 3434 3868 adoratio,
3447 3811 3502 3858 et

787 3877 873 3941 qui
899 3878 950 3928 in
989 3875 1046 3927 éa
1068 3875 1280 3928 relative
1305 3881 1533 3928 adoratur
1554 3875 1787 3931 Christus
1811 3879 1950 3929 latria
1966 3875 2168 3926 'colitur
2187 3890 2298 3926 cum
2323 3876 2470 3924 Patre
2496 3881 2547 3924 et
2568 3883 2736 3923 sancto
2768 3875 2974 3934 Spiritu.

347 3957 615 4030 Ἐδηλώθη
659 3977 748 4031 μοι
786 3962 891 4016 ὑπὸ
927 3961 1018 4016 τού
1049 3963 1213 4016 καλοῦ
1245 3979 1338 4016 σου
1360 3963 1612 4033 ἀδελφοῦ,
1639 3966 1719 4017 ὅτι
1745 3981 1828 4028 τις

257 4048 373 4102 τῶν
398 4049 678 4122 ἡμετέρων
709 4054 979 4125 ἱεράρχῶν
1013 4055 1285 4108 ὲνδιέὸαλέ
1309 4072 1375 4124 με
1406 4059 1497 4109 ἐπὶ
1524 4057 1619 4109 τοῦ
1645 4058 1826 4126 τιμίου

261 4142 559 4213 προσώπου
598 4146 695 4215 τῆς
742 4148 964 4216 ἀγάπης
1013 4163 1127 4211 σου,
1162 4147 1236 4209 ὡς
1287 4146 1698 4218 θεοποιούμενον
1729 4150 1828 4217 τὴν

260 4234 502 4305 Χριστοῦ
532 4237 714 4290 εἰκόνα
737 4254 750 4267 ·
800 4238 893 4290 καὶ
943 4237 1102 4291 τοῦτο
1139 4239 1350 4292 κεῖσθαι
1376 4242 1432 4291 ὲν
1461 4242 1527 4308 τῇ
1572 4241 1707 4311 πρὸς
1737 4241 1829 4291 τὸν

260 4327 493 4394 ἀδελφὸν
533 4327 849 4382 Ἀθανάσιον
885 4331 1140 4402 ἐπιστολῇ
1194 4347 1314 4401 μου.
1374 4328 1553 4405 Ἐφ’ᾖ
1606 4332 1825 4403 διαϐολῇ

261 4414 526 4479 ὲστέναξα
568 4419 596 4470 ό
624 4417 895 4481 ταπεινὸς,
925 4420 1271 4489 ἐννοούμενος
1297 4421 1409 4484 πῶς
1439 4422 1488 4473 οἱ
1527 4420 1830 4491 κατηγγελ-

265 4509 421 4579 μένοι
468 4512 562 4563 καὶ
614 4512 746 4579 περὶ
787 4512 972 4580 ἀργοῦ
988 4513 1257 4583 ῥήματος
1282 4514 1499 4567 δώσειν
1525 4517 1712 4583 λόγον
1761 4515 1830 4567 ἐν

261 4600 456 4670 ἡμέρᾳ
497 4604 771 4670 κρίσεως,
816 4605 1046 4657 ἐπὶτῶν
1092 4605 1235 4659 οὕτω
1267 4608 1571 4676 μεγίστωνο
1621 4608 1677 4660 τί
1723 4608 1832 4676 γὰρ

1999 3960 2206 4016 Certior
2228 3959 2401 4013 tactus
2425 3975 2544 4012 sum
2577 3959 2645 4011 ah
2662 3962 2873 4027 egregio
2891 3956 3058 4009 fratre
3080 3963 3192 4016 tuo,
3212 3955 3500 4023 quemdam

1927 4069 1995 4109 ex
2017 4051 2285 4122 episcopis
2303 4053 2504 4104 nostris
2529 4051 2861 4102 obtrectasse
2881 4046 3014 4100 mihi
3037 4061 3220 4101 coram
3239 4045 3505 4101 charitate

1929 4153 2130 4209 vestra,
2151 4143 2309 4212 quasi
2343 4158 2439 4211 pro
2460 4141 2567 4195 Deo
2596 4141 2823 4196 habeam
2860 4141 3148 4211 imaginem
3163 4137 3366 4193 Christi
3387 4155 3402 4203 ;
3422 4147 3505 4191 at-

1931 4253 2035 4308 que
2052 4238 2154 4289 hoc
2177 4245 2391 4289 exstare
2420 4235 2471 4286 in
2492 4234 2718 4303 epistola
2737 4249 2898 4302 quam
2923 4233 2986 4284 ad
3008 4230 3367 4285 Athanasium
3391 4228 3505 4282 fra-

1935 4341 2069 4385 trem
2094 4328 2305 4394 scripsi.
2331 4327 2504 4392 Quam
2531 4327 2602 4380 ob
2627 4327 2955 4380 calumniam
2983 4324 3204 4378 humilis
3240 4323 3502 4392 ingemui,

1930 4421 2116 4472 animo
2141 4427 2395 4486 reputans
2412 4433 2521 4486 quo
2549 4429 2706 4486 pacto
2735 4417 2770 4469 ii
2788 4417 2988 4485 quibus
3009 4413 3383 4468 denuntiatum
3398 4423 3503 4477 est,

1934 4515 2094 4566 etiam
2115 4513 2177 4564 de
2204 4515 2354 4565 verba
2378 4513 2545 4564 otioso
2567 4510 2865 4562 reddituros
2896 4510 3154 4562 rationem
3173 4508 3226 4559 in
3246 4507 3332 4558 die
3354 4504 3504 4574 judi-

1935 4605 2004 4658 «εἱὶ
2033 4603 2101 4669 ⁸³,
2135 4603 2388 4658 maximis
2418 4602 2470 4655 in
2506 4600 2835 4669 rebus,quid
2863 4600 3006 4652 enim
3024 4597 3505 4667 ﬁdemajus?adeo

266 4695 454 4764 μεῖζον
479 4694 749 4759 πίστεως;
791 4697 978 4760 ἁπλῶς
1007 4700 1097 4750 καὶ
1132 4699 1454 4768 ἀφυλάκτως
1481 4698 1830 4767 φθέγγονται,

1937 4710 2138 4755 temere
2186 4709 2240 4753 et
2273 4700 2485 4752 incaute
2533 4699 2823 4766 loquantur
2850 4735 2864 4759 ,
2895 4695 3290 4748 criminationis
3325 4692 3508 4762 jaculo

265 4789 602 4857 κατηγορίας
655 4789 798 4859 βέλει
852 4790 1243 4861 τιτρώσκοντες
1293 4792 1419 4854 τοὺς
1474 4791 1830 4855 ἀνευθύνους⁸

1938 4791 2313 4848 confodientes
2353 4790 2600 4844 innoxios
2643 4809 2656 4843 :
2715 4804 2778 4844 ac
2829 4804 2937 4843 non
2988 4790 3206 4858 potius,
3282 4788 3325 4840 si
3374 4785 3507 4854 quid

269 4883 366 4933 καὶ
395 4881 513 4950 ούχὶ
543 4882 765 4950 μᾶλλον.
797 4883 954 4954 εἴπερ
996 4883 1089 4936 καί
1119 4901 1170 4937 τι
1198 4879 1267 4954 ἧν
1296 4883 1650 4954 ἐσφαλμένον,
1703 4887 1836 4952 ἀγα-

1937 4885 2177 4940 erratiim
2208 4883 2368 4948 foret,
2411 4893 2660 4937 amanter
2686 4885 3032 4947 admoneant,
3072 4881 3222 4950 juxta
3271 4881 3320 4931 id
3357 4877 3505 4948 quod

266 4970 514 5038 πητικώς
541 4971 867 5040 ὑπομνῆσαι.
899 4972 1038 5024 κατὰ
1062 4973 1123 5026 τό
1151 4974 1553 5044 γεγραμμένον·
1573 4973 1834 5044 Ἐλεγμῷ

1935 4977 2197 5045 scriptum
2230 4982 2352 5029 est:
2368 4973 2586 5028 Publice
2608 4991 2796 5044 argues
2817 4974 3115 5043 proximum
3135 4981 3302 5035 tuum,
3323 4983 3371 5024 et
3405 4987 3507 5024 non

264 5059 533 5132 ἐλέγξεις
563 5062 670 5116 τὸν
712 5066 978 5130 πλησίον
1006 5079 1146 5130 σου,
1189 5066 1286 5120 καί
1316 5068 1388 5121 οὑ
1419 5067 1592 5136 λήψῃ
1617 5067 1689 5120 δι’
1722 5068 1830 5120 αὑ·-

1935 5068 2149 5122 habebis
2202 5083 2358 5136 super
2403 5067 2498 5120 illo
2535 5076 2803 5136 peccatum
2847 5065 2912 5119 ³⁸.
2949 5064 3051 5131 Qui
3089 5063 3167 5118 sic
3204 5062 3508 5118 calumnia-

263 5153 375 5207 τὸν
411 5156 721 5224 ἁμαρτίαν.
751 5157 823 5209 Τὸ
848 5157 892 5209 δ’
912 5156 1084 5218 οὕτως
1133 5157 1522 5222 ένδιαόἀλλειν,
1555 5158 1616 5210 ού
1673 5158 1832 5227 μόνον

1931 5171 2041 5226 tur,
2079 5175 2185 5213 non
2235 5158 2395 5212 modo
2429 5168 2757 5228 praeceptum
2792 5157 2933 5212 tollit
2988 5156 3055 5210 de
3097 5154 3296 5220 medio,
3332 5153 3424 5209 sed
3453 5161 3509 5206 et

264 5246 385 5303 ἐστὶ
408 5247 510 5316 τῆς
533 5248 752 5318 ἐντολῆς
791 5248 1163 5319 ἀναιρετικὸν
1197 5250 1334 5302 ἀλλά
1356 5251 1463 5320 γὰρ
1491 5252 1580 5302 καὶ
1609 5248 1685 5319 τῷ
1717 5249 1833 5302 ὀνό-

1934 5254 2054 5324 ipse
2087 5254 2313 5322 dignum
2338 5267 2397 5306 se
2445 5251 2684 5306 ostendit
2716 5251 2808 5320 qui
2838 5248 3248 5305 calumniatoris
3289 5246 3508 5299 nomine

266 5354 402 5408 ματι
433 5340 532 5406 τῆς
580 5338 830 5412 διαϐολῆς
859 5342 1017 5406 αὐτὸς
1072 5340 1262 5393 ἑαυτὸν
1289 5341 1437 5408 ἀξιον
1477 5340 1834 5410 ὀνομάζεσθαι

1943 5345 2244 5416 appelletur
2270 5359 2284 5396 :
2316 5357 2426 5411 quo
2451 5342 2582 5411 quid
2607 5341 2760 5412 pejus
2793 5341 2932 5394 inter
2957 5339 3202 5392 homines
3232 5350 3350 5390 esse
3374 5348 3504 5404 pos-

262 5430 595 5497 ἀποφαίνειο
644 5425 705 5485 οὗ
738 5433 790 5484 τί
835 5435 1015 5504 χεῖρον
1057 5426 1166 5485 εἷεν
1213 5432 1269 5482 ἐν
1315 5430 1654 5503 ἀνθρώποις;
1693 5432 1835 5486 Ἀλλ’

1938 5435 2009 5488 sit
2041 5435 2065 5488 τ
2103 5433 2301 5486 Verum
2331 5433 2396 5485 ad
2429 5433 2831 5486 accusationem
2871 5429 3051 5482 veniat
3079 5425 3275 5481 oratio.
3311 5423 3502 5487 Deum,

263 5518 365 5573 ἐπὶ
416 5519 514 5588 τὴν
566 5520 823 5592 έγκλησιν
854 5523 1082 5593 όλόγος.
1133 5523 1496 5589 Θεοποιεῖται,
1528 5526 1684 5594 φησὶ,
1736 5522 1832 5593 τὴν

1939 5524 2138 5596 inquit,
2159 5523 2288 5580 facit
2303 5522 2505 5578 Christi
2525 5523 2830 5591 imaginem.
2851 5519 3226 5592 Nequaquam,
3243 5531 3276 5572 ο
3293 5513 3507 5571 charis-

1087 5665 1132 5699 ³³
1161 5662 1326 5722 lCor.
1358 5679 1434 5733 vr,
1468 5664 1555 5721 14.
1631 5665 1674 5697 ⁸³
1703 5664 1890 5720 Matth.
1917 5679 2013 5730 xu,
2043 5663 2133 5718 36.
2208 5663 2255 5694 “
2284 5660 2456 5719 Levit.
2486 5675 2594 5726 xix,
2625 5660 2711 5713 Π.

1771 5783 2000 5842 ΝΟΤιΕ.

2055 5877 2126 5950 (⁸)
2163 5874 2489 5948 Dogmatica.

332 5660 378 5694 “
411 5658 457 5713 ll
482 5658 672 5717 Thess.
715 5678 752 5727 ι,
784 5664 806 5716 1
838 5679 989 5735 seqq.

340 5875 453 5949 (55)
480 5875 536 5933 ln
576 5876 690 5933 cod.
726 5877 855 5950 Reg.
885 5885 992 5948 ρμ’.
