4156 6478
729 416 751 480 ι
763 415 867 480 503

1914 411 1978 473 8.
2017 403 2412 472 THEODORI
2439 405 2787 470 STUDIT£

3826 402 3965 468 1506

727 526 888 589 sime,
917 522 1020 578 hoc
1053 521 1108 576 In
1160 518 1392 593 eplstola
1433 533 1578 586 mea,
1605 519 1702 576 sed
1759 519 1904 592 quod
1964 520 2124 576 latria
2190 518 2296 574 coli

2398 516 2636 588 Χριστοῦ
2667 517 2871 572 εἰκόνα.
2901 513 3141 571 Οὐτίπου
3171 511 3348 578 τοῦτο,
3379 505 3426 568 ὦ
3450 511 3769 583 τριπόθητε,
3797 513 3859 566 ὲν
3896 518 3963 584 τῇ

728 633 835 672 non
875 615 1035 670 debet
1073 614 1253 684 imago
1302 611 1526 675 Christi,
1557 612 1964 668 idololatrarum
2012 613 2158 669 enim
2205 612 2296 669 hic

726 716 810 763 est
844 722 1058 770 sensus,
1081 706 1348 775 siquidem
1391 705 1442 760 id
1472 704 1572 760 soli
1612 713 1816 760 sanctae
1860 703 2113 758 Triuitati
2143 705 2295 760 defe-

726 800 977 854 rendum.
1000 798 1065 852 Et
1096 799 1241 867 quod
1270 798 1323 850 in
1363 807 1551 853 sancta
1583 797 1817 867 imagine
1854 797 2114 853 adoratus
2137 798 2298 852 Chri-

731 900 866 953 stus,
922 887 1077 941 latria
1125 889 1331 942 colatur
1385 903 1510 942 cum
1557 887 1715 942 Patre
1745 895 1800 942 et
1847 887 2297 958 Spirltu;imago

727 991 906 1035 autem
952 979 1160 1035 Christi
1219 978 1493 1034 adoranda
1539 979 1610 1035 sit
1654 979 1970 1036 adoratione
2024 979 2294 1045 relativa;

725 1082 780 1124 et
819 1069 962 1139 quod
996 1071 1135 1124 hanc
1165 1071 1485 1132 adorantes,
1531 1069 1808 1125 Christum
1843 1072 2156 1136 adoremus,
2190 1087 2296 1126 non

723 1161 1036 1216 distinctum
1072 1165 1372 1217 secundum
1426 1165 1783 1234 hypostasim,
1841 1165 1934 1218 sed
1979 1164 2296 1234 discrepan-

723 1262 833 1308 tem
880 1256 1177 1309 secundum
1237 1256 1500 1310 rationem
1532 1256 1806 1319 essentia},
1836 1256 2059 1322 quodet
2109 1271 2295 1310 verum

724 1353 828 1397 est.
865 1343 1233 1415 Archetypum
1273 1347 1421 1400 enim
1467 1346 1646 1401 elucet
1684 1347 1737 1400 in
1783 1347 2038 1416 imagine,
2076 1355 2131 1401 et
2157 1347 2296 1401 alte-

721 1447 846 1488 rum
879 1435 932 1487 in
963 1435 1156 1500 altero,
1197 1437 1495 1490 secundum
1525 1438 1776 1492 essentia:
1830 1437 2208 1502 differentiam,
2237 1447 2296 1492 ut

726 1525 805 1578 ait
841 1526 1278 1593 sapientissimus
1308 1525 1618 1598 Dionysius.

795 1699 918 1767 Quo
951 1701 1118 1771 igitur
1144 1713 1323 1772 pacto,
1346 1719 1472 1760 cum
1490 1706 1714 1774 epistola
1751 1706 1830 1760 sic
1852 1706 2069 1770 habeat,
2094 1707 2296 1763 calum-

724 1792 903 1846 niatur
941 1794 1305 1859 adversarius,
1361 1803 1415 1846 et
1439 1795 1680 1862 seipsum
1734 1794 1940 1848 sanctis
1982 1795 2292 1864 oppositum

2397 609 2650 680 επιστολῇ
2691 625 2811 678 μου’
2841 606 2957 662 ἀλλ’
2981 609 3153 677 ὅτιτῇ
3189 605 3425 674 Χριστοῦ
3447 606 3614 658 είκόνι
3643 606 3705 659 οὑ
3734 605 3966 675 λατρευο

2397 702 2517 755 τέον
2535 716 2552 734 ο
2597 699 3003 770 εἰδωλολατρίας
3033 700 3139 767 γὰρ
3173 699 3427 769 φρόνημα
3455 697 3611 749 τοῦτο
3633 713 3648 728 ο
3695 697 3834 767 μόνῃ
3857 695 3966 766 γὰρ

2395 796 2465 864 τῇ
2517 793 2648 862 ἀγίᾳ
2678 793 2867 864 Τριάδι
2916 791 3074 846 τοῦτο
3119 790 3428 843 ἀναθετέον.
3483 789 3591 841 Καὶ
3637 789 3719 840 ὅτι
3753 790 3782 842 6
3811 790 3871 839 εν
3899 789 3964 856 τῇ

2397 886 2530 956 ἁγίᾳ⁵
2561 886 2726 938 εἰκόνι
2747 884 2886 955 (cod.
2922 882 3052 955 Reg.
3089 879 3286 953 οἰκείᾳ]
3324 878 3794 950 προσκυνούμενος
3832 879 3967 946 Χρι-

2399 979 2545 1040 στὸς,
2573 977 2891 1047 λατρεύεται
2947 976 3043 1029 σὺν
3078 977 3251 1044 Πατρί
3281 975 3375 1027 καὶ
3404 973 3681 1041 Πνεῦματι
3713 987 3731 1004 ·
3775 972 3877 1040 τὴν
3909 971 3965 1024 δὲ

2397 1069 2635 1141 Χριστοῦ
2672 1070 2854 1122 εἰκόνα
2884 1068 3286 1138 προσκυνητὼν
3318 1067 3542 1135 σχετικῇ
3572 1065 3965 1134 προσκυνήσει,

2400 1165 2495 1217 καὶ
2523 1163 2605 1216 ὅτι
2648 1161 2852 1231 ταύτην
2895 1158 3347 1229 προσκυνοῦντες,
3384 1157 3475 1210 τὸν
3507 1154 3742 1226 Χριστὸν
3796 1170 3967 1222 προσο

2397 1251 2688 1321 κυνοῦμεν,
2739 1249 2801 1304 ού
2858 1249 3233 1320 διαιρούμενον
3300 1246 3440 1299 κατά
3499 1244 3599 1314 τὴν
3645 1243 3967 1305 ὑπόστασιν,

2393 1343 2531 1398 ἀλλά
2574 1340 2998 1412 διαφορούμενον
3052 1337 3194 1392 κατά
3255 1337 3346 1389 τὸν
3392 1335 3492 1403 τῆς
3545 1335 3732 1395 ούσίας
3787 1331 3966 1397 λόγον·

2394 1437 2532 1507 ὅπερ
2582 1435 2677 1488 καὶ
2712 1431 2930 1503 ἀληθές.
2984 1431 3058 1485 Τὸ
3114 1430 3221 1500 γὰρ
3279 1428 3584 1499 ἀρχέτυπον
3640 1427 3699 1478 ὲν
3762 1426 3830 1492 τῇ
3891 1424 3971 1474 εί-

2396 1528 2512 1582 κόνι
2551 1525 2868 1594 ὲκφαίνεται
2903 1540 2917 1554 ο
2950 1525 3048 1577 καὶ
3073 1521 3332 1593 ἑκάτερον
3356 1521 3414 1572 ἐν
3435 1518 3704 1588 ἑκατέρῳ,
3735 1515 3881 1569 κατά
3910 1515 3972 1568 τὸ

2394 1622 2494 1692 τῆς
2523 1618 2712 1680 οὐσίας
2738 1618 3014 1687 διάφορον,
3045 1614 3121 1679 ὥς
3133 1631 3298 1687 φησιν
3323 1615 3352 1667 6
3371 1613 3646 1680 πάνσοφος
3667 1609 3968 1669 Διονύσιος.

2467 1710 2591 1772 Πῶς
2613 1707 2728 1770 οῦν,
2752 1705 2922 1769 οὕτως
2961 1706 3193 1774 ἐχούσης
3222 1702 3320 1772 τῆς
3347 1699 3658 1768 ἐπιστολῆς,
3684 1697 3969 1752 ὲνδιαὸάλ-

2395 1803 2480 1857 λει
2509 1804 2538 1856 ό
2565 1800 2634 1854 δι’
2657 1799 2923 1866 ἐναντίας,
2941 1797 3035 1850 καὶ
3063 1794 3439 1848 ἀποδείκνυσιν
3471 1791 3662 1845 ἑαυτὸν
3691 1789 3970 1844 ἀντίθετον

723 1883 1011 1940 ostendit?
1038 1883 1142 1938 Sed
1173 1884 1299 1952 quid
1321 1900 1443 1940 eum
1479 1886 1616 1942 velle
1639 1901 1924 1942 censemus
1947 1887 2058 1941 ian
2087 1896 2146 1942 ut
2173 1902 2290 1952 nos,

2398 1897 2510 1959 τοῖς
2543 1893 2755 1962 ἁγίοις;
2789 1889 2949 1959 ’ᾼλλά
2974 1889 3027 1943 τί
3055 1887 3326 1958 βούλοιτο;
3358 1884 3792 1956 προσκυνοῦντας
3821 1884 3971 1953 ἡμᾶς

723 1975 1159 2043 cumimaginem
1180 1975 1381 2030 Christi
1412 1976 1730 2042 adoramus,
1760 1977 1920 2031 aliam
1959 1978 2293 2048 hypostasim

723 2065 957 2121 adorare
1004 2068 1359 2121 couliteamur
1392 2068 1416 2122 τ
1455 2067 1500 2123 Ο
1530 2068 1958 2124 absurditateml
1997 2071 2098 2124 hoc
2149 2069 2294 2124 enim

723 2164 808 2211 est
843 2171 907 2210 ea
963 2172 1082 2226 qua:
1134 2165 1264 2212 sunt
1321 2159 1577 2222 indivisa,
1615 2161 1879 2216 dividere.
1923 2162 1993 2214 At
2043 2161 2146 2214 hoc
2179 2160 2294 2215 ﬁeri

721 2261 833 2303 nou
890 2256 1065 2317 potest
1111 2267 1126 2304 :
1172 2265 1347 2318 neque
1409 2250 1696 2319 imperium
1750 2253 1953 2323 quippe
2005 2253 2294 2319 scinditur,

726 2354 901 2409 neque
928 2340 1100 2412 gloria
1139 2341 1402 2396 dividitur
1425 2381 1440 2407 ,
1470 2353 1528 2396 ut
1565 2359 1779 2398 rursum
1816 2344 1893 2397 ait
1933 2360 2161 2414 magnus
2195 2343 2298 2398 Ba-

724 2431 901 2486 silius.
938 2431 1118 2498 Quare
1151 2433 1375 2488 adorata
1430 2435 1685 2503 imagine,
1725 2433 1983 2487 adoratur
2022 2434 2294 2500 Christus,

723 2522 880 2589 cujus
919 2531 1003 2576 est
1046 2531 1100 2575 et
1129 2523 1427 2577 similitudo
1471 2539 1484 2576 :
1521 2538 1625 2577 non
1680 2532 1859 2577 autem
1901 2525 2123 2578 materia
2175 2539 2298 2594 quae

726 2612 1139 2667 similitudinem
1183 2615 1388 2682 recepit
1419 2631 1432 2666 :
1463 2613 1918 2682 quemadmodum
1953 2624 2007 2669 et
2037 2615 2090 2668 in
2125 2614 2299 2686 eﬂigie

725 2703 906 2757 crucis
968 2703 1293 2756 ostenditur.
1343 2703 1446 2769 Qui
1499 2705 1644 2758 enim
1686 2706 1966 2760 materiam
2023 2717 2176 2776 putat
2239 2721 2300 2762 se

726 2791 977 2858 adorare,
1009 2808 1143 2862 puer
1164 2804 1269 2859 est,
1311 2804 1367 2848 et
1408 2794 1632 2849 rationis
1671 2809 1886 2862 expers.
1920 2794 2104 2866 Neque
2136 2797 2300 2866 igitur

729 2885 976 2948 materia,
1007 2885 1058 2937 in
1093 2901 1198 2954 qua
1255 2895 1339 2940 est
1386 2887 1586 2956 imago,
1625 2885 1885 2942 adoratur
1916 2905 1930 2950 ;
1968 2905 2142 2958 neque
2170 2891 2295 2956 alia,

727 2985 922 3045 praeter
959 2992 1078 3031 eam
1113 2978 1272 3046 cujus
1313 2978 1491 3047 imago
1528 2991 1788 3049 expressa
1818 2989 1921 3047 est,
1970 2981 2297 3052 hypOstasis.

727 3067 832 3122 Par
859 3069 1004 3122 enim
1057 3069 1110 3123 in
1157 3070 1399 3138 utrisque
1449 3077 1533 3126 est
1582 3073 1785 3128 erroris
1840 3073 2113 3143 impietas.
2169 3074 2302 3130 Pro-

729 3169 914 3228 pterea
965 3160 1146 3230 itaque
1191 3171 1246 3216 et
1302 3163 1503 3232 eﬂigies
1529 3165 1729 3230 crucis,
1766 3180 1897 3220 crux
1945 3167 2296 3236 appellatur;

727 3255 784 3300 et
817 3245 995 3316 imago
1039 3247 1266 3316 Christi,
1329 3249 1580 3306 Christus
1634 3252 1850 3314 dicitur,
1894 3268 2002 3307 non
2059 3257 2297 3324 proprie,

729 3338 825 3393 sed
868 3353 963 3408 per
989 3341 1373 3396 calachrcsim.
1409 3341 1466 3396 Si
1511 3358 1642 3412 ergo
1682 3344 1840 3399 nobis
1885 3345 1988 3400 hoc
2016 3361 2302 3415 persuase-

729 3432 821 3495 rit,
856 3432 1036 3486 crucis
1070 3431 1294 3501 efﬁgiem
1333 3449 1548 3489 erucem
1594 3451 1702 3490 non
1753 3437 2033 3506 appellari,
2075 3455 2302 3510 persua-

727 3522 875 3576 debit
907 3526 1070 3578 etiam
1108 3527 1266 3580 nobis
1318 3526 1606 3597 imaginem
1661 3529 1864 3584 Christi
1886 3531 2160 3587 Christqu
2193 3549 2303 3589 non

730 3613 1010 3682 appellari.
1046 3615 1112 3667 Et
1143 3631 1351 3675 rursus.
1388 3618 1431 3672 si
1459 3619 1511 3672 in
1544 3618 1740 3688 primo,
1784 3637 1891 3675 non
1921 3623 2153 3678 adorant
2174 3640 2301 3679 cru-

728 3717 872 3766 cem,
899 3705 990 3772 qui
1010 3705 1237 3760 adorant
1265 3707 1491 3778 elligiem
1518 3725 1674 3774 ;nec,
1711 3715 1762 3764 in
1788 3714 2049 3778 secundo,
2074 3717 2301 3771 adorare

729 3791 1032 3861 Christum,
1081 3797 1169 3865 qui
1227 3796 1429 3852 Christi
1478 3801 1708 3854 adorant
1763 3803 2074 3873 imaginem.
2135 3805 2300 3876 Atqui

727 3885 964 3955 primum
999 3901 1185 3940 verum
1222 3898 1323 3954 est,
1368 3891 1511 3958 quod
1555 3893 1772 3961 prapria
1806 3896 1987 3948 crucis
2015 3895 2218 3966 eﬂigies
2249 3907 2303 3952 et

728 3989 1075 4048 nuncupatur
1113 3995 1244 4035 crux
1278 4019 1294 4045 ,
1343 3989 1396 4035 et
1431 3984 1710 4038 adoratur.
1763 3983 1963 4040 Verum
2009 3986 2176 4058 igitur
2245 3999 2301 4045 et

728 4071 1031 4126 secundum
1058 4112 1072 4137 ,
1107 4087 1216 4142 quo
1260 4083 1315 4126 et
1346 4072 1599 4131 Christus
1647 4075 1869 4140 dicitur,
1929 4087 1983 4132 et
2011 4080 2294 4147 adoratur,

728 4163 948 4233 propria
983 4163 1103 4233 ejus
1148 4165 1367 4236 imago;
1399 4176 1449 4222 et
1496 4167 1776 4224 incassum
1829 4171 2014 4226 inania
2050 4173 2297 4238 blaterat,

726 4253 821 4323 qui
859 4257 978 4310 novi
1011 4256 1292 4326 quidpiam
1319 4269 1513 4328 prater
1569 4261 1686 4318 haec
1716 4265 1884 4319 seu‘tit
1915 4278 2008 4320 aut
2033 4267 2294 4337 loquitur.

727 4345 854 4400 llaec
882 4347 1101 4416 scripsi,
1133 4349 1327 4417 partim
1356 4351 1576 4420 quidem
1633 4363 1694 4408 ut
1738 4367 1891 4410 extra
1926 4357 2139 4426 culpam
2175 4373 2296 4414 esse

725 4451 816 4492 me
848 4439 1168 4508 probarem;
1210 4444 1406 4511 partim
1436 4446 1600 4500 etiam
1634 4449 2024 4504 amantissimas
2047 4451 2294 4506 eminen-

2395 1982 2492 2053 τὴν
2514 1981 2608 2034 τοῦ
2629 1977 2876 2050 ’Χριστοῦ
2907 1977 3110 2043 εἰκόνα,
3141 1977 3422 2046 ὁμολογεῖν
3448 1976 3770 2044 προσκυνεῖν
3801 1974 3970 2042 ἀλλην

2397 2074 2726 2136 ὑπόστασιν;
2769 2068 2874 2122 Φεῦ
2912 2069 3011 2138 τῆς
3043 2068 3304 2131 ἀτοπίαςί
3361 2066 3519 2120 τοῦτο
3565 2064 3672 2135 γάρ
3723 2065 3970 2135 μερίζειν

2395 2165 2512 2218 ἐστὶ
2538 2164 2607 2216 τά
2638 2164 2930 2233 ἀμέριστα,
2962 2158 3076 2214 ἀλλ’
3100 2159 3199 2212 οὐκ
3245 2157 3540 2228 ἐνδέχεται.
3591 2155 3729 2209 Οῦτε
3763 2157 3877 2226 γὰρ
3909 2154 3972 2208 τὸ

2396 2258 2594 2328 κράτος
2629 2255 2888 2326 σχίζεται,
2937 2251 3062 2306 οὔτε
3097 2253 3128 2322 ἡ
3182 2251 3305 2317 δόξα
3362 2250 3666 2323 μερίζεται,
3697 2249 3776 2312 ὡς
3810 2246 3971 2315 αὖθίς

2399 2367 2563 2421 φησιν
2593 2351 2622 2402 6
2663 2349 2833 2418 μέγας
2864 2346 3163 2408 Βασίλειος.
3217 2345 3309 2397 Διὸ
3361 2347 3455 2398 καὶ
3483 2346 3971 2416 προσκυνουμένης

2397 2442 2494 2510 τῆς
2532 2441 2762 2504 εἰκόνος,
2815 2441 2842 2492 6
2896 2439 3131 2506 Χριστὸς
3165 2439 3568 2506 προσκυνεῖται,
3607 2430 3668 2489 οὗ
3715 2438 3835 2490 εστι
3877 2437 3971 2488 καὶ

2397 2533 2670 2603 ὁμοιότης·
2697 2530 2792 2585 καὶ
2813 2531 2933 2599 οὐχὶ
2955 2533 2986 2598 ἡ
3015 2526 3386 2597 ὑποδεξαμένη
3413 2526 3511 2596 ῦλη
3540 2527 3636 2596 τὴν
3648 2526 3967 2596 ὁμοιότητα,

2395 2624 2470 2688 ὼς
2502 2625 2595 2677 καὶ
2628 2624 2720 2676 ἐπὶ
2747 2620 2841 2674 τοῦ
2875 2620 3047 2674 τύπου
3085 2620 3177 2674 τοῦ
3210 2617 3443 2688 σταυροῦ
3477 2617 3866 2671 διαδείκνυται.
3913 2618 3970 2670 ὐ

2397 2718 2506 2787 γὰρ
2536 2717 2634 2785 τὴν
2693 2714 2823 2783 ὕλην
2875 2713 3047 2767 δοκῶν
3102 2712 3449 2782 προσκυνεῖν,
3483 2710 3696 2778 νήπιος,
3747 2707 3967 2775 ἄλογος.

2398 2807 2534 2862 Οὔτε
2564 2804 2658 2861 οὖν
2690 2806 2869 2876 ήῦλη,
2909 2798 3054 2874 ὲφ⁹ᾖ
3088 2805 3121 2874 ή
3164 2801 3347 2865 εἰκὼν,
3389 2802 3805 2872 προσκυνεῖται,
3843 2799 3968 2854 οὔτε

2398 2901 2550 2970 παρά
2602 2900 2701 2968 τὴν
2732 2899 2824 2950 τοῦ
2857 2894 3279 2966 είκονιζομένου,
3310 2893 3444 2964 ἄλλη
3495 2891 3813 2953 ὑπόστασις.
3848 2889 3973 2944 Ἐπ’

2399 2987 2726 3058 ἀμφοτέροις
2749 2986 2858 3055 γὰρ
2880 2985 3074 3056 ἐπίσης
3101 2987 3131 3057 ἡ
3163 2983 3490 3055 παρατροπὴ
3518 2982 3579 3036 τὸ
3609 2981 3806 3044 ἀσεϐὲς
3831 2981 3968 3051 εχει.

2399 3077 2700 3150 Τοιγαροῦν
2727 3079 2814 3132 διά
2841 3076 3000 3132 τοῦτο
3021 3077 3114 3131 καὶ
3144 3078 3174 3130 6
3201 3077 3368 3139 τύπος
3393 3074 3489 3128 τοῦ
3540 3071 3774 3144 σταυροῦ
3805 3089 3972 3126 σταυ-

2325 3208 2367 3266 C
2403 3172 2495 3242 ρὸς
2537 3171 2787 3242 εἴρηται,
2837 3169 2933 3222 καὶ
2971 3171 3006 3239 ἡ
3057 3167 3220 3222 εἰκὼν
3287 3167 3380 3221 τοῦ
3439 3164 3676 3237 Χριστοῦ
3731 3163 3973 3266 Χριστός

2400 3266 2616 3335 εῐρηται
2651 3279 2667 3294 °
2707 3262 2768 3317 οὐ
2801 3259 3026 3332 κυρίως,
3066 3261 3202 3315 ἀλλά
3258 3261 3400 3313 κατά
3430 3259 3787 3330 κατάχρησιν.
3843 3254 3972 3308 Ἐὰν

2399 3353 2494 3411 οὖν
2536 3355 2695 3410 τοῦτο
2731 3355 2882 3424 ἡμᾶς
2931 3353 3091 3423 πείσῃ
3126 3352 3202 3423 μὴ
3230 3355 3322 3404 τὸν
3366 3350 3535 3402 τύπον
3581 3348 3676 3402 τοῦ
3732 3345 3970 3418 σταυροῦ

2403 3451 2633 3521 σταυρὸν
2662 3445 2968 3517 ὀνομάζειν,
3009 3445 3248 3498 πείσειεν
3289 3444 3436 3514 ἡμᾶς
3476 3443 3610 3512 μήτε
3661 3442 3761 3513 τὴν
3788 3439 3974 3496 εἰκόνα

2399 3542 2494 3595 τοῦ
2546 3539 2781 3612 Χριστοῦ
2832 3536 3064 3608 Χριστὸν
3101 3537 3406 3606 ὀνομάζειν.
3449 3535 3580 3596 Καὶ,
3629 3533 3727 3586 ὲάν
3781 3534 3842 3586 ιν
3893 3532 3972 3603 τῷ

2402 3632 2601 3700 πρώτῳ
2623 3631 2684 3684 τὸ
2720 3629 2795 3700 μὴ
2824 3632 3146 3700 προσκυνεῖν
3177 3629 3270 3682 τὸν
3318 3626 3574 3696 σταυρὸν,
3605 3625 3971 3695 προσκυνοῦνο

2400 3741 2498 3788 τας
2527 3724 2618 3776 τὸν
2659 3721 2848 3785 τύπον,
2881 3720 3013 3792 μηδὲ
3043 3722 3101 3775 ὲν
3121 3721 3198 3790 τῷ
3227 3718 3465 3791 δευτέρῳ
3493 3717 3819 3788 προσκυνεῖν
3838 3715 3972 3785 Χρι-

2403 3816 2547 3881 στὸν,
2615 3812 3055 3885 προσκυνοῦντας
3109 3813 3208 3885 τὴν
3258 3810 3492 3884 Χριστοῦ
3539 3807 3746 3863 εἰκόνα.
3808 3807 3968 3861 Ἀλλά

2404 3909 2510 3980 μὴν
2537 3905 2599 3959 τὸ
2633 3905 2848 3975 πρῶτον
2875 3903 3094 3973 ἀληθὲς,
3114 3905 3197 3958 ὅτι
3228 3904 3460 3974 σταυρὸς
3478 3903 3572 3956 καὶ
3597 3900 3848 3954 λέλεκται
3876 3899 3970 3952 καὶ

2399 4001 2784 4072 προσκυνεῖται
2807 3999 2834 4050 ό
2859 4000 3055 4061 οἰκεῖος
3100 3995 3264 4050 αὑτοῦ
3321 3996 3510 4060 τύπος,
3537 3991 3746 4049 Οὐκοῦν
3779 3993 3872 4044 καὶ
3907 3993 3969 4044 τὸ

2397 4093 2647 4162 δεύτερον
2672 4089 2890 4159 ἀληθὲς,
2908 4089 2990 4142 ὅτι
3020 4087 3254 4158 Χριστὸς
3285 4089 3378 4141 καὶ
3406 4087 3655 4140 λέλεκται
3685 4085 3780 4138 καὶ
3805 4100 3972 4154 προσ-

2399 4186 2640 4240 κυνεῖται
2667 4182 2700 4250 ὴ
2729 4179 2904 4234 οίκεία
2927 4179 3092 4233 αὑτοῦ
3123 4178 3286 4232 εἰκῶν
3315 4195 3329 4209 ·
3355 4178 3448 4232 καὶ
3483 4179 3660 4248 μάτην
3705 4173 3970 4227 εἰκιιιολο⁹

2398 4280 2486 4348 γεῖ
2509 4277 2538 4329 6
2566 4275 2716 4343 παρά
2760 4272 2936 4326 ταῦτα
2968 4271 3278 4342 καινότερόν
3310 4286 3366 4324 τι
3418 4269 3633 4340 φρονῶν
3683 4267 3717 4338 ἢ
3771 4265 3965 4331 λέγων.

2397 4367 2585 4422 Ταῦτα
2641 4363 2894 4433 γέγραφα
2926 4403 2942 4430 ,
3001 4362 3136 4432 όμοῦ
3199 4363 3298 4432 μὲν
3364 4361 3556 4415 ἑαυτὸν
3613 4359 3720 4426 ἔξω
3788 4356 3968 4420 αἰτίας

2396 4459 2607 4521 τιθείς’
2660 4455 2794 4524 ὁμοῦ
2849 4457 2908 4511 δὲ
2975 4457 3070 4511 καὶ
3140 4457 3236 4527 τῆς
3296 4457 3397 4526 σῆς
3448 4455 3762 4525 φειδόμενος
3827 4453 3964 4519 ἀγα-

729 4527 818 4583 ιὶαι
849 4538 952 4587 tua
1014 4534 1280 4588 rationem
1339 4535 1592 4604 habens;
1627 4549 1686 4593 ut
1714 4540 1872 4595 tidem
1925 4542 2288 4598 orthodoxam

2395 4546 2632 4618 πητικῆς
2689 4546 2998 4618 ὖπεροχῆςο
3052 4549 3134 4611 εἰς
3187 4548 3248 4601 τὸ
3301 4547 3695 4602 ἀντιποιεῖσθαι
3755 4542 3967 4613 ὀρθοδό-

723 4621 1105 4690 amplectatur,
1141 4639 1242 4680 nec
1269 4625 1494 4684 alterius
1513 4629 1772 4686 doctrina:
1813 4632 2160 4690 sermonibus
2188 4633 2288 4690 ab-

723 4710 972 4767 ducatur.

1048 4827 1248 4886 CLXll.
1273 4859 1336 4873 -—
1361 4829 1628 4888 Theodoro
1655 4835 1909 4890 monacho
1951 4835 2049 4908 (⁸).

2398 4645 2490 4708 ξου
2514 4639 2771 4704 πίστεως,
2801 4639 2894 4692 καὶ
2926 4637 3001 4712 μὴ
3026 4639 3439 4710 παρασύρεσθαι
3471 4639 3648 4707 λόγοις
3671 4635 3967 4708 ἑτεροδιδα-

2400 4731 2644 4793 σκαλίας.

2649 4840 2792 4896 ΡΞΒ⁹
2829 4841 2961 4913 (56).
2993 4872 3063 4884 ——
3097 4840 3372 4912 Θεοδώρῳ
3388 4840 3731 4913 μονάξοηι.

1499 4950 1572 5001 De
1594 4947 1804 5000 diversis
1825 4954 2166 5014 argumentis:
2198 4964 2348 5023 atque
2371 4962 2422 5014 in
2451 4961 2570 5021 nne,
2593 4959 2657 5008 de
2681 4956 2861 5006 sanctis
2883 4956 3198 5020 imaginibus.

791 5055 986 5127 Accepi
1014 5055 1301 5127 epistolam
1330 5056 1648 5111 reverentia:
1673 5065 1798 5122 tuae,
1830 5074 1951 5128 quas
1985 5061 2065 5116 sic
2094 5062 2290 5121 inscri-

718 5162 807 5222 pta
845 5159 981 5214 erat,
1007 5147 1252 5218 Epistola
1283 5148 1550 5218 encyclica
1573 5189 1588 5213 ,
1613 5149 1863 5204 videlicet
1905 5153 2245 5214 medicinalis
2271 5175 2286 5212 ε

719 5241 1019 5311 statimque
1052 5241 1121 5296 ab
1155 5239 1311 5295 initio
1341 5241 1619 5310 obstupui,
1649 5242 1837 5300 frater.
1883 5243 2127 5305 Ulterius
2160 5265 2289 5306 vero

715 5349 1062 5407 progressus,
1096 5343 1277 5391 mente
1325 5336 1714 5405 propemodum
1769 5337 1968 5407 excidi,
2003 5356 2106 5398 nec
2157 5344 2284 5414 quid

714 5429 1013 5485 edisseram
1081 5428 1311 5496 habens,
1345 5445 1447 5485 nec
1519 5431 1649 5500 quid
1682 5429 1728 5487 el
1759 5447 1917 5502 quem
1952 5435 2105 5492 valde
2165 5453 2290 5493 amo

716 5520 1099 5590 respondeam.
1131 5518 1314 5590 Neque
1338 5528 1396 5574 tu
1426 5521 1663 5590 graviter
1691 5521 1856 5591 feras,
1880 5525 1981 5581 etsi
2005 5529 2284 5598 asperiora

718 5613 1001 5671 videantur
1025 5628 1148 5684 qua:
1185 5627 1307 5668 sum
1335 5611 1584 5672 dicturus
1616 5632 1631 5671 :
1660 5629 1784 5672 cum
1831 5632 2100 5690 nequeam
2129 5620 2290 5676 aliter

2478 5066 2778 5136 Ἐδεξάμην
2804 5063 2900 5136 τὴν
2949 5067 3241 5136 ἐπιστολὴν
3264 5067 3362 5136 τῆς
3388 5066 3702 5138 τιμιότητός
3729 5083 3823 5118 σου
3851 5066 3967 5120 ἔπι-

2393 5156 2732 5228 γράιρουσαν,
2774 5155 3124 5223 Ἐγκύκλιος
3151 5156 3466 5224 ἐπιστολὴ,
3497 5157 3614 5227 ήτοι
3645 5157 3964 5228 θεραπευτι-

2394 5252 2484 5321 κή.
2518 5250 2626 5303 Καὶ
2655 5247 2816 5310 εὐθὺς
2848 5246 2954 5299 ἀπὸ
2983 5247 3228 5318 βαλϐῖδος
3269 5249 3508 5319 ἐξέστην,
3537 5249 3730 5319 ἀδελφέ
3757 5265 3774 5281 ⁸
3803 5250 3963 5304 ἐπελ-

2398 5343 2506 5397 θὼν
2542 5342 2599 5396 δὲ
2624 5342 2736 5404 τοῖς
2765 5337 2984 5409 ἐφεξῆς,
3022 5341 3219 5411 μικροῦ
3259 5343 3350 5395 καὶ
3376 5342 3502 5404 τοὺς
3539 5342 3838 5413 λογισμοὺς
3864 5343 3966 5396 ἀπο

2393 5435 2596 5501 ὤλεσα,
2623 5433 2696 5505 μὴ
2717 5433 2855 5502 ἔχων
2875 5429 2971 5501 ain
2987 5431 3383 5504 διαλογίσομαι,
3403 5433 3434 5503 ἧ
3457 5434 3508 5486 τί
3525 5435 3963 5506 ἀποκριθήσομαι

2393 5526 2469 5595 τῷ
2492 5523 2851 5595 ἠγαπημένῳ.
2889 5522 2999 5574 Καί
3032 5541 3120 5592 μοι
3141 5523 3505 5594 μακροθύμως
3533 5523 3742 5587 οῖσειας
3762 5540 3775 5553 ·
3801 5525 3848 5574 εἰ
3874 5522 3964 5577 καὶ

2396 5617 2705 5688 τραχύτερα
2730 5616 2797 5668 τὰ
2824 5613 3198 5686 λεχθησόμενα
3220 5632 3233 5646 ο
3261 5615 3361 5670 οὐκ
3388 5615 3565 5686 ἔχοντι
3615 5615 3734 5678 πῶς
3791 5612 3960 5679 ἄλλως

2251 5731 2475 5789 NOTAE.

786 5819 898 5894 (54)
933 5818 988 5874 In
1010 5821 1130 5876 eod.
1167 5818 1295 5892 Reg.
1335 5820 1475 5894 pp6'.

2481 5824 2552 5893 (⁸)
2587 5819 2916 5891 Dogmatica.
