4156 6520
224 471 372 537 1505

1417 447 1953 517 EPISTOLARUM
2011 447 2156 508 LIB.
2202 445 2285 506 ῐῐ.

3355 418 3495 486 1506

217 593 300 645 τά
351 587 694 660 ἐνσκήψαντα
815 582 1045 652 ταπεινῇ
1068 595 1169 650 μου
1223 575 1421 648 καρδίᾳ
1457 576 1598 629 κατά
1623 573 1684 627 τὸ
1727 574 1804 624 εί-
1836 606 1847 632 Α

1949 579 1968 622 a
2003 582 2124 636 quae
2163 560 2368 619 humile
2393 564 2642 613 nostrum
2681 559 2874 622 pectus
2918 549 3170 617 gravant,
3207 536 3498 594 commode

2582 646 2595 660 -
2714 643 2725 660 ν
2754 651 2974 660 mh---
3009 635 3075 660 -n
3152 629 3293 660 at...“
3345 624 3489 660 ..ηςι

220 687 331 751 κδς
359 624 829 755 ἐκφερζμυθῆσάι,
853 677 949 730 καὶ
991 624 1288 742 ἐνξγκαῖον
1305 624 1706 737 Γείπίιιεῖνινῇὲρα
1733 663 1808 734 μή
1836 624 1847 632 '

1949 660 2219 727 xplicare;
2254 663 2308 708 et
2335 665 2422 705 me
2452 663 2517 703 ea
2547 643 2729 715 eloqui
2753 651 2976 695 necesse
3009 635 3100 690 sit.
3152 629 3294 685 Num
3345 624 3495 697 quis.

1954 752 1984 755 ”
2082 750 2094 755 ‘
2165 749 2175 755 ‘
2557 753 2563 755 Α
2601 753 2629 755 λ-
2697 744 2839 755 ah-..
2894 728 3127 755 ζκλιυιηο
3179 723 3233 755 in
3280 727 3492 755 Ianlnnl

222 791 342 838 τις,
394 769 665 840 ἀγατιητέ,
706 767 767 820 τὸ
805 767 894 818 σὸν
929 763 1221 835 πρόσωπον
1254 759 1455 820 ὑποδὺς
1503 756 1582 817 είς
1625 751 1814 807 τοσοῦ-

227 883 330 918 τον
381 857 847 933 ἐξετραχηλιάσθη
885 855 1048 923 ’Ξγκον
1097 850 1482 922 φρονήματος,
1537 844 1678 898 ὥστε
1737 844 1816 895 ἐν·

227 957 430 1027 νοῆσαι
468 956 537 1009 τά
564 952 867 1021 ύπερνεφῆ,
907 947 999 1000 καὶ¹
1028 946 1226 1016 δρᾶσαι
1251 943 1321 996 τὰ
1355 940 1771 1011 καταράσσοντα
1796 952 1812 1000 ;

229 1046 390 1118 'Apa
433 1046 506 1118 μὴ
540 1044 696 1098 αὐτοὶ
749 1043 908 1113 ἡμεῖς
941 1039 1045 1104 ’ἔξω
1085 1035 1215 1090 ποτὲ
1271 1033 1486 1105 φρενῶν
1536 1029 1817 1100 γενόμενοι

232 1141 464 1196 παιδιάν
480 1155 599 1191 τινα
627 1132 1013 1208 προειλόμεθα,
1045 1124 1483 1200 συγγράφεσθαι,
1512 1126 1570 1178 ἐν
1597 1123 1658 1175 ού
1691 1137 1821 1174 παι-

233 1235 411 1295 κτοῖς,
438 1229 574 1285 ἀλλὰ
616 1229 712 1283 καὶ
738 1227 858 1280 λίαν
878 1225 1130 1297 χαλεποῖς
1155 1220 1471 1292 τολμήμασι
1495 1216 1592 1283 ;Τί
1617 1212 1820 1280 λέγεις,

233 1320 287 1378 ὦ
321 1327 452 1392 τᾶν;
485 1322 693 1387 ἔξεστιν
725 1321 857 1390 ἡμῖν
900 1319 1010 1380 τοῖς
1043 1317 1117 1387 μή
1166 1331 1290 1368 τινα
1340 1311 1541 1381 κλῆρον
1592 1302 1822 1378 ἱερωσύ-

236 1435 342 1490 νης
369 1418 602 1489 ἔχουσιν,
642 1416 675 1487 ἢ
711 1414 869 1486 μόνον
918 1412 976 1463 ἐν
1005 1412 1258 1480 μοναχοῖς
1287 1405 1523 1467 τελοῦσι,
1547 1404 1673 1474 δίχα
1705 1419 1824 1455 κιν-

237 1509 575 1578 δυνευούσης
626 1507 909 1577 ἀληθείας,
952 1501 1235 1574 ἀρπαγμῷ
1267 1497 1544 1570 ἱερατικοῦ
1579 1493 1826 1565 ἀξιώμα·

237 1621 341 1668 τος
365 1602 649 1671 ἐγκύκλιον
675 1597 967 1669 ἐπιστολὴν
997 1598 1271 1651 ἐντάττειν
1297 1608 1311 1622 ·
1347 1591 1442 1644 καὶ
1488 1587 1662 1659 ταύτῃ
1693 1603 1826 1640 κατ-

242 1695 630 1762 εξανίστασθαι
679 1690 951 1764 ίεραρχῶν
1000 1706 1060 1742 τε
1114 1689 1210 1740 καὶ
1255 1682 1604 1755 ἱερωμένων,
1660 1696 1829 1754 μονα-

246 1787 393 1842 στῶν
422 1804 479 1840 τε
504 1785 597 1840 καὶ
628 1780 1054 1852 καθηγουμὲνων
1080 1792 1095 1807 ⁸
1122 1779 1182 1831 ού
1217 1777 1323 1848 μὴν
1361 1774 1498 1828 ἀλλὰ
1518 1773 1611 1827 καὶ
1632 1773 1832 1841 νόμους

249 1880 455 1942 ίδικοὺς
489 1877 736 1932 ἀποίσειν
767 1874 829 1942 ἐξ
874 1872 1162 1943 ίδιοκρίτου
1192 1867 1419 1939 καρδίας
1448 1881 1460 1894 ·
1491 1865 1627 1937 πρὸς
1653 1865 1708 1918 δὲ
1737 1865 1833 1918 καὶ

248 1971 444 2044 ῦϐρεσι
474 1970 572 2024 καὶ
596 1968 846 2035 ὀνείδεσι,
894 1962 1252 2035 κατακρίσεσί
1299 1978 1358 2015 τε
1408 1961 1503 2014 καὶ
1541 1957 1833 2030 ἀλλοτριώ-

252 2080 407 2117 σεσιν
445 2061 776 2116 ὑποϐάλλειν
804 2059 866 2113 τὸ
889 2059 1012 2113 ὅλον
1038 2056 1312 2127 πλήρωμα
1363 2054 1462 2124 τῆς
1513 2050 1834 2122 ὁμολογητι-

250 2155 361 2224 κῆς
413 2145 1147 2224 ἀδελφότητος;οἶ›τοιγάρ,
1210 2147 1282 2211 ὡς
1342 2146 1489 2216 φὴς,
1554 2144 1658 2198 κᾶν
1714 2145 1836 2214 οὐχ).

250 2243 458 2304 πάντες
487 2243 535 2294 οί
563 2241 664 2311 τῆς
687 2240 946 2311 ἀληθείας
976 2235 1318 2291 ὑπασπισταί
1358 2252 1372 2268 ⁸
1427 2237 1490 2289 τὸ
1511 2235 1614 2306 τῆς
1671 2252 1838 2305 μετα-

250 2331 406 2395 νοίας
457 2331 899 2403 ὑποκρινόμενοι,
932 2328 991 2382 δν
1017 2329 1219 2397 τρόπον
1240 2329 1290 2380 oi
1321 2329 1420 2396 τῆς
1446 2327 1693 2390 ἐναντίας
1720 2325 1836 2397 μοί-

255 2441 361 2496 ρας
389 2423 448 2476 τὸ
474 2422 575 2493 τῆς
602 2421 883 2485 εὐσεϐείας
942 2420 1110 2490 ὄνομα
1163 2417 1374 2488 ψευδῶς
1410 2418 1833 2489 ὑποδυσάμενοι,

255 2517 319 2583 ἐξ
349 2516 463 2568 [σου
495 2515 821 2584 παγχάλεπα
846 2513 946 2584 τὴν
977 2511 1232 2580 ἀλήθειαν
1262 2511 1358 2564 καὶ
1386 2511 1485 2580 τὴν
1549 2511 1838 2580 μετάνοιαν

253 2606 535 2676 διέθηκαν,
565 2606 758 2668 δεινοῖς
807 2601 1290 2666 κατακοντίζοντες
1336 2601 1538 2669 λόγοις,
1580 2600 1678 2653 καὶ
1709 2618 1840 2671 συρ-

258 2698 424 2767 φετὸν
455 2696 652 2751 ἀθλίων
680 2696 1081 2767 είσκομίζοντες
1117 2692 1394 2763 λογισμῶν
1421 2709 1435 2723 ⁸
1493 2692 1840 2761 διχοστασίας

259 2791 588 2861 ἐγείροντες,
635 2787 730 2860 τὴν
778 2789 1081 2859 ἀμώμητον
1141 2787 1326 2839 πίστιν
1366 2785 1699 2851 ἀδικοῦντες,
1751 2785 1841 2837 τὸν

260 2882 521 2936 ἁπάντων
552 2879 766 2951 ἡνίοχον
795 2879 890 2933 καὶ
919 2877 1219 2948 ἐπιστάτην
1247 2877 1341 2930 καὶ
1365 2876 1700 2946 δημιουργὸν
1726 2875 1842 2928 ἀτι-

266 2975 554 3045 μάζοντες,
585 2971 836 3043 ἀλλήλοις
862 2971 1152 3042 ἐρίζοντες,
1186 2968 1494 3038 λημμάτων
1531 2964 1838 3036 ἡττώμενοι

265 3066 471 3137 πόρους
503 3065 863 3128 ἐπινοοῦντες,
897 3065 1007 3126 τοῖς
1040 3062 1312 3132 δμόφροσι
1361 3059 1470 3112 τῶν
1529 3058 1842 3128 ἀσεϐησάν-

265 3178 378 3216 των
409 3161 566 3232 χάριν
595 3159 1028 3233 προσκρούοντες
1060 3156 1170 3210 τῶν
1213 3152 1687 3226 ὁμολογησάντων,
1750 3151 1844 3203 καὶ

1911 749 2294 809 dilectissime,
2343 753 2638 813 personam
2697 744 2841 788 tuam
2894 728 3130 783 induens
3179 723 3235 776 in
3280 727 3494 774 tantum

1915 859 1975 900 se
2009 841 2174 898 animi
2226 848 2499 894 tumorem
2533 829 2744 891 extulit,
2775 834 2833 880 ut
2862 822 2999 877 adeo
3038 815 3272 886 superba
3307 811 3497 867 animo

1917 936 2209 992 meditatus
2242 931 2333 994 sit,
2360 938 2581 996 tamque
2612 917 2944 977 exsecranda
2992 908 3262 983 peregerit
3290 908 3312 958 ‘2
3342 901 3499 958 Nun-

1918 1029 2048 1101 quid
2106 1040 2208 1080 nos
2230 1023 2332 1094 ipsi
2383 1017 2676 1090 aliquando
2723 1019 2906 1067 mente
2943 1004 3108 1076 capti,
3145 1000 3334 1056 ludum
3377 1009 3500 1050 esse

1920 1119 2259 1180 censuimus,
2290 1127 2490 1168 nomen
2525 1104 2899 1163 subscribere,
2935 1112 3046 1153 non
3079 1096 3134 1149 in
3166 1092 3330 1148 rebus
3359 1086 3502 1142 iudi-

1921 1214 2051 1274 cris.
2082 1209 2175 1266 sed
2200 1208 2254 1262 in
2281 1201 2612 1260 diliicillimis
2659 1193 2934 1264 negotiis?
2971 1188 3113 1256 Quid
3145 1185 3250 1246 ais,
3276 1181 3359 1236 vir
3400 1193 3502 1248 op-

1923 1304 2101 1362 time?
2139 1304 2220 1356 An
2261 1297 2420 1353 nobis
2461 1295 2607 1356 licet,
2644 1289 2738 1361 qui
2783 1285 2933 1340 nullo
2971 1294 3162 1337 sumus
3213 1268 3504 1330 sacerdotii

1927 1397 2132 1450 honore
2165 1391 2430 1461 insignes,
2466 1384 2757 1451 solumque
2794 1379 2942 1432 inter
2975 1369 3275 1428 monachos
3307 1378 3504 1420 cense-

1927 1503 2071 1551 mur,
2112 1483 2217 1539 nisi
2270 1477 2604 1551 periclitetur
2633 1471 2859 1532 veritas,
2913 1456 3238 1519 sacerdotali
3283 1461 3506 1522 arrepto

1932 1597 2176 1645 munere,
2218 1576 2552 1647 encyclicam
2585 1571 2931 1637 interponere
2975 1555 3288 1628 epistolam,
3327 1551 3379 1604 in
3415 1562 3507 1602 ea-

1931 1688 2038 1744 que
2077 1672 2339 1726 adversus
2397 1666 2683 1735 episc0pos
2741 1665 2794 1711 et
2824 1651 3172 1712 sacerdotes,
3206 1640 3509 1698 monachos

1932 1763 2361 1836 pratpositosque
2395 1753 2612 1809 invehi:
2647 1746 2950 1818 quinetiam
2999 1749 3054 1795 et
3101 1738 3336 1807 privatas
3365 1731 3510 1798 leges

1937 1870 2002 1908 ex
2056 1849 2331 1917 insipienti
2385 1854 2604 1916 pectore
2652 1837 2897 1909 proferre
2942 1833 3232 1899 :ingerere
3283 1824 3348 1877 ad
3395 1822 3512 1876 haec

1865 1928 1908 1982 Β
1936 1941 2297 2000 contumelias
2337 1953 2401 1990 ac
2429 1932 2719 2002 vituperia,
2770 1929 3034 1984 damnare
3065 1935 3129 1974 ac
3181 1931 3278 1986 pro
3332 1914 3513 1967 alieno

1938 2037 2138 2091 habere
2169 2031 2483 2085 universum
2507 2025 2733 2079 fratrum
2756 2017 3242 2080 confessorumque
3272 2001 3514 2061 cretum?

1940 2130 2005 2184 lii
2045 2127 2296 2192 enim,nt
2334 2121 2415 2177 ais
2461 2118 2599 2191 (etsi
2633 2131 2739 2170 non
2766 2125 2958 2167 omnes
3017 2101 3266 2160 veritatis
3309 2110 3514 2167 propu-

1939 2218 2234 2294 gnatoresl,
2265 2188 2635 2286 pmnitentiam
2668 2205 3026 2266 simulantes;
3055 2188 3513 2267 quemadmodum

1940 2315 2031 2386 qui
2064 2328 2129 2367 ex
2162 2283 2389 2364 adversa
2411 2313 2563 2374 parte
2593 2296 2812 2370 pietatis
2845 2306 3042 2348 nomen
3067 2283 3332 2341 fallaciter
3353 2294 3517 2333 usur-

1940 2416 2136 2478 parunt
2167 2422 2180 2461 :
2215 2403 2461 2457 veritatis
2488 2394 2893 2454 confessionem
2929 2402 2992 2442 ac
3036 2376 3411 2454 pmnitentiam
3447 2386 3520 2426 ex

1939 2473 2097 2571 iequo
2137 2494 2384 2552 diﬂiciles
2449 2488 2737 2546 reddidere
2763 2523 2778 2547 ,
2821 2479 3082 2552 gravibus
3133 2473 3516 2540 impugnantcs

1942 2593 2154 2658 verbis,
2202 2599 2255 2644 et
2284 2584 2611 2657 quisquilias
2657 2576 2954 2632 infelicium
3011 2567 3288 2623 rationum
3325 2560 3519 2614 obtrua

1940 2690 2152 2750 dentes,
2186 2680 2410 2737 dissidia
2439 2675 2796 2732 suscitantes,
2840 2663 3173 2731 inculpatam
3205 2654 3360 2709 fidem
3404 2647 3522 2700 vio-

1944 2781 2137 2838 lantes,
2174 2789 2353 2839 rerum
2386 2768 2630 2825 omnium
2693 2761 3108 2830 gubernatorem
3144 2763 3209 2802 ac
3254 2751 3519 2798 rectorem

1941 2870 2364 2932 ell‘ectoremque
2421 2859 2622 2930 injuria
2666 2852 2997 2910 adicientes,
3046 2842 3322 2910 litigantes
3371 2832 3518 2886 inter

1945 2979 2085 3020 sese,
2106 2960 2236 3014 lucri
2258 2956 2553 3027 cupiditate
2573 2948 2795 3008 devicti,
2817 2937 3072 3014 parandae
3100 2929 3341 3005 pecunia:
3361 2937 3526 2979 exco-

1946 3057 2175 3128 gitantes
2221 3049 2485 3105 rationem
2530 3059 2595 3099 ac
2638 3041 2821 3100 viam,
2856 3034 3209 3088 adversantes
3235 3022 3302 3076 iis
3331 3015 3423 3086 qui
3464 3021 3526 3066 ut

1945 3149 2125 3219 impiis
2169 3141 2537 3216 gratiﬁcentur
2561 3176 2576 3199 ,
2625 3135 2679 3188 in
2709 3144 2872 3185 unam
2903 3121 3280 3190 conspiravere
3311 3119 3531 3166 senten-

277 3201 375 3216 ...υ
411 3201 564 3232 μγ..
603 3201 636 3214 ..
676 3201 1024 3228 --..,,---.--,
1070 3201 1165 3210 ..η
1216 3201 1238 3208 -

267 3252 373 3321 τῆς
399 3201 671 3324 ἀληθείαέ
711 3248 1208 3305 κεκινδυνευκότων
1235 3201 1284 3279 Τ
1305 3246 1433 3308 τοὺς
1489 3244 1560 3298 τὰ
1613 3242 1847 3314 μέγιστα

1952 3242 2082 3295 tiam
2103 3253 2167 3292 ex
2188 3228 2617 3291 confessoribns,
2639 3232 2692 3277 et
2719 3237 2782 3276 ex
2812 3218 2880 3272 iis
2895 3214 2986 3285 qui
3012 3207 3253 3284 pericula
3277 3201 3531 3257 adierunt

2515 3317 2533 3324 -
2909 3305 3041 3324 ,
3076 3300 3405 3324 “unum”
3434 3304 3530 3324 an.

268 3345 478 3417 ταύτην
505 3347 870 3418 ἀδικήσαντας
900 3343 994 3398 καὶ
1029 3341 1335 3406 διώξαντας
1365 3338 1738 3410 προτιμῶντες
1755 3337 1848 3391 καὶ

271 3441 652 3514 προτιθέμενοι
684 3455 699 3468 ⁶
727 3436 809 3502 οἷς
837 3454 898 3491 τε
925 3435 1094 3506 δρῶσι
1122 3437 1189 3505 τῇ
1217 3433 1445 3504 ἀληθείᾳ
1491 3431 1849 3502 χαλεπαίνον-

273 3551 368 3596 τες
392 3549 406 3564 ·
440 3535 536 3586 καὶ
569 3529 631 3584 τὸ
665 3531 804 3602 ὑπὲρ
830 3527 1068 3601 Χριστοῦ
1121 3527 1315 3580 παθεῖν
1362 3525 1512 3578 οὐδὲν
1528 3521 1849 3595 ἡγούμενον

275 3622 466 3685 κακῶς
516 3620 738 3684 εἰδότες,
764 3620 859 3673 καὶ
887 3618 1028 3689 ὑπὲρ
1053 3611 1128 3671 ὧν
1157 3614 1660 3678 κεκινδυνεύκασιν,
1687 3611 1856 3684 ὠμῶς

279 3717 377 3772 καὶ
404 3715 793 3786 ἀκαθηκόντως
818 3714 962 3784 ἀμνη
974 3712 1326 3783 μονήσαντες.
1386 3708 1608 3778 Ἐξέστη
1635 3709 1663 3760 ὁ
1691 3706 1859 3777 ούρα-

278 3810 372 3873 νὸς
398 3809 489 3862 ἐπὶ
531 3807 706 3879 τούτῳ
735 3823 748 3838 ο
780 3806 876 3860 καὶ
907 3805 1101 3876 ἔφριξα
1134 3803 1226 3856 ἐπὶ
1259 3800 1443 3854 πλεῖον
1479 3798 1590 3868 ἐγὼ
1617 3799 1646 3852 δ
1669 3798 1858 3860 τάλας⁶

281 3903 380 3957 καὶ
424 3903 470 3954 εί
505 3901 580 3972 μὴ
611 3900 721 3953 τῶν
783 3900 891 3952 σῶν
927 3899 1118 3968 φωνῶν
1178 3893 1412 3958 ἐπαΐειν,
1470 3892 1571 3944 οὐκ
1631 3891 1698 3944 ἂν
1739 3889 1862 3941 ἐπί-

284 4010 488 4049 στευσα
512 3993 589 4063 τῷ
610 3991 1039 4063 προδεδηλωκότι
1069 3987 1358 4058 ἐπιστολὴν
1384 3983 1742 4052 συντετάχθαι
1758 3981 1864 4034 ὑπὸ

283 4087 388 4156 τῆς
419 4085 734 4155 τιμιότητάς
771 4101 864 4136 σου
892 4082 1034 4136 κατά
1069 4081 1167 4150 τῆς
1205 4079 1299 4132 τοῦ
1331 4075 1466 4131 Θεοῦ
1511 4072 1862 4144 Ἐκκλησίας.

285 4178 426 4233 Κατ’
465 4176 633 4248 αὐτῆς
687 4176 796 4247 γάρ
823 4176 959 4237 ἐστι,
990 4173 1050 4225 τδ
1076 4173 1202 4235 τοὺς
1227 4168 1473 4232 κλεινοὺς
1525 4165 1620 4220 καὶ
1676 4164 1868 4236 ὁμολο-

287 4271 465 4342 γητάς
506 4268 730 4336 ἄνδρας.
769 4265 818 4318 οἳ
868 4262 1193 4331 περιῆλθον
1233 4262 1290 4313 ἐν
1342 4257 1611 4318 ποικίλοις
1676 4269 1872 4323 πειρα-

291 4365 449 4431 σμοῖς
473 4359 918 4426 ὑστερούμενοι,
955 4353 1312 4420 θλιϐόμενοι,
1371 4347 1870 4417 κακουχούμενοι,

289 4453 660 4517 διωκόμενοι,
690 4450 759 4502 ἐν
804 4448 1075 4515 ἐρημίαις
1111 4441 1516 4510 πλανώμενοι,
1550 4440 1648 4492 καὶ
1705 4436 1874 4506 ὄρεσι

291 4546 394 4602 καὶ
423 4543 551 4609 ταῖς
577 4541 750 4607 ὀπαῖς
774 4537 882 4608 τῆς
913 4537 1020 4607 γῆς
1055 4553 1068 4567 ο
1094 4530 1181 4590 ὧν
1202 4536 1312 4589 οὐκ
1339 4532 1512 4599 ἄξιος
1545 4534 1578 4585 ὁ
1617 4530 1875 4600 κόσμος,

1950 3347 2047 3402 pro
2087 3328 2309 3382 veritate
2340 3342 2355 3377 :
2397 3317 2743 3392 praeferentes
2775 3325 2838 3365 ac
2871 3305 3044 3378 pluris
3074 3300 3408 3355 aestimantes
3433 3304 3532 3346 eos

1953 3379 2000 3402 r'
2020 3379 2044 3385 "
2099 3379 2105 3382 '
2126 3379 2142 3382 ‘
2210 3379 2213 3380 '
2399 3379 2412 3392 ι

1952 3422 2043 3494 qui
2069 3420 2305 3474 maxime
2334 3413 2476 3467 illam
2497 3412 2682 3465 laesere
2707 3413 2870 3473 atque
2889 3400 3273 3465 impugnavere
3294 3405 3306 3441 :
3329 3384 3414 3438 his
3437 3379 3533 3446 qui

1953 3475 2167 3571 veritati
2192 3506 2598 3581 patrocinantur
2625 3497 2822 3552 infensi
2845 3512 2859 3547 :
2887 3491 2995 3561 pati
3020 3501 3119 3557 pro
3143 3481 3364 3537 Christo
3399 3475 3534 3529 floc-

1955 3606 2306 3678 cipendentes
2372 3610 2536 3668 prave
2575 3591 2766 3663 gnari,
2799 3594 3100 3652 etqnorum
3128 3588 3291 3630 causa
3320 3564 3539 3641 pericli-

1957 3661 2054 3757 talti
2085 3698 2216 3765 sint,
2242 3661 2450 3750 nefarie
2487 3696 2541 3744 et
2564 3661 2793 3754 turpiter
2817 3677 2992 3734 obliti.
3025 3666 3317 3736 Obstupuit
3339 3661 3537 3716 uelum

1962 3807 2126 3862 super
2155 3790 2280 3852 hoc,
2321 3795 2484 3854 atque
2512 3793 2614 3849 ego
2651 3773 2841 3830 infelix
2877 3769 3095 3841 penitus
3127 3753 3396 3815 exhorrui
3430 3771 3444 3806 :
3475 3764 3541 3804 ac

1962 3839 2114 3862 "'r"
2157 3839 2280 3852 ν-νη
2395 3839 2408 3854 ι
2547 3839 2575 3849 υ
2878 3839 2891 3841 _

1962 3883 2068 3940 nisi
2110 3880 2273 3935 verba
2325 3885 2416 3931 tua
2460 3880 2837 3943 agnoscerem,
2903 3875 3012 3915 non
3039 3851 3316 3911 crederem
3353 3844 3404 3899 ei
3445 3839 3542 3910 qui

1963 3976 2118 4048 prius
2170 3968 2504 4043 signiﬁcavit
2559 3960 2942 4020 concinnatam
3008 3965 3038 4004 a
3102 3938 3404 4001 reverentia
3450 3943 3543 3989 tua

1967 4066 2135 4121 fuisse
2203 4060 2490 4131 epistolam
2544 4055 2808 4110 adversus
2859 4040 3165 4101 Ecclesiam
3222 4031 3314 4087 Dei
3369 4039 3544 4082 :nam

1969 4160 2233 4214 adversus
2263 4152 2561 4210 Ecclesiam
2587 4155 2694 4210 est,
2727 4144 2782 4198 in
2804 4141 2956 4194 viros
2981 4133 3214 4203 inclytus
3246 4135 3300 4182 et
3331 4120 3547 4178 confes-

1972 4266 2145 4315 sores,
2174 4248 2265 4319 qui
2289 4243 2611 4299 circuierunt
2644 4239 2699 4292 in
2731 4232 2900 4289 variis
2928 4220 3347 4282 tentationibus,
3389 4227 3546 4282 egen-

1976 4355 2068 4409 tes,
2092 4339 2405 4412 angustiati,
2428 4333 2628 4405 aﬂlicti,
2654 4326 2849 4388 vexati,
2880 4324 2933 4377 in
2956 4311 3334 4374 solitudinibus
3361 4319 3550 4361 erran-

1978 4447 2074 4501 tes,
2099 4398 2542 4492 etymontibusIet
2620 4416 2857 4476 (avernis
2906 4421 3103 4468 terrw:
3144 4403 3330 4474 quibus
3361 4398 3551 4467 dignus

1979 4543 2080 4580 non
2122 4532 2236 4577 erat
2276 4487 2501 4574 niundus
2532 4516 2599 4580 ³⁵,
2625 4521 2686 4566 ut
2715 4507 2895 4563 verbis
2933 4497 3177 4574 Apostoli
3210 4502 3332 4549 utar
3366 4507 3383 4557 ;
3416 4487 3549 4542 tales

291 4582 394 4602 καθ’
427 4582 543 4609 ινσιιι
577 4582 742 4607 νιν-κη»
778 4582 875 4608 "ts
919 4582 932 4607 ι
957 4582 1018 4605 ἰδ
1095 4582 1158 4590 -υ
1203 4582 1310 4589 *νη
1342 4582 1503 4599 *νγ-νη»
1551 4582 1567 4585 -
1638 4582 1648 4584 -
1671 4582 1674 4583 ν
1701 4582 1799 4600 κτα
1825 4582 1840 4596 ι

290 4634 664 4698 ἀποστολικῶς
689 4635 863 4686 εἰπεῖν
891 4647 905 4661 ο
962 4627 1357 4698 καταγορεύειν
1392 4625 1460 4679 τὰ
1489 4623 1714 4678 τοιαῦτα
1744 4623 1847 4694 βατη

1978 4614 2198 4670 effutire
2230 4623 2404 4679 nugas
2431 4624 2444 4661 :
2482 4619 2580 4660 nec
2620 4617 2741 4672 quae
2765 4595 3010 4668 graviora
3047 4595 3178 4646 sunt
3203 4582 3384 4638 adhuc
3403 4585 3552 4632 retu-

292 4730 607 4800 ταρίσματα
636 4743 650 4758 ⁸
683 4725 778 4779 καὶ
810 4723 962 4777 οὔπω
1014 4721 1355 4791 ἐκπέφασται
1377 4719 1447 4771 τὰ
1495 4713 1872 4784 αἰτιολογικώ-

293 4838 430 4892 τερα
463 4821 556 4873 καὶ
582 4816 1072 4886 ἀπανθρωπότερα.

369 4913 558 4983 Τολμᾷ
588 4928 692 4975 τις,
722 4909 931 4981 ἐρωτῶ,
961 4909 1018 4959 ἐν
1047 4907 1158 4968 τοῖς
1206 4900 1568 4974 στρατιώταις
1594 4897 1877 4966 κατειλεγ-

301 5009 484 5081 μένος,
519 5002 785 5077 βασιλικῷ
813 4998 1210 5069 συγγράμματι
1241 4993 1665 5064 ἐξαυθεντήσας,
1715 4990 1875 5044 τοῦτο

298 5101 522 5156 κάκεῖνο
550 5091 921 5164 διαγορεύειν,
976 5092 1072 5143 καὶ⁸
1116 5089 1245 5152 τοὺς
1281 5089 1341 5140 ἐν
1364 5087 1662 5156 ὑπεροχαῖς
1709 5082 1877 5136 καθυε-

303 5192 542 5266 ϐρίζειν,
597 5188 673 5251 ὡς
726 5187 973 5246 ἀτάκτως
1017 5184 1110 5236 καὶ
1155 5182 1277 5252 είκῆ
1310 5177 1675 5250 φερομένουςς
1715 5177 1776 5229 Ei
1821 5173 1880 5227 δέ

301 5283 462 5338 τοῦτο
523 5277 800 5351 φωραθείη
867 5273 1182 5343 πεποιηκὼς
1217 5312 1232 5337 ,
1296 5272 1640 5341 ἀνάρπαστος
1718 5268 1880 5329 εὐθὺς

303 5376 403 5430 καὶ
462 5371 744 5441 ἀγώγιμος
795 5369 870 5430 ὡς
933 5364 1326 5426 ἐπιθανάτιοςο

308 5465 517 5520 σεταιὸ
560 5459 746 5523 ἁπλῶς
788 5455 1056 5529 μοναστὴς
1101 5453 1208 5508 ὑπὸ
1262 5451 1356 5506 τοῦ
1401 5451 1501 5522 τῆς

1385 5363 1437 5415 τί
1482 5362 1577 5415 καὶ
1649 5359 1711 5412 οὒ
1761 5357 1881 5410 πεί-

307 5557 591 5631 κριτηρίου
625 5553 1006 5624 παραπλήσιον
1021 5549 1216 5617 ἐκείνῳ
1245 5543 1601 5614 τετολμηκώς
1625 5559 1640 5608 ;
1663 5540 1756 5609 Μὴ
1779 5538 1890 5606 τὰρ

308 5629 421 5707 οὒκ
460 5650 675 5717 ἔχομεν
704 5643 980 5714 ἀρχιερέα
1009 5642 1116 5696 τὸν
1136 5640 1475 5707 δυνάμενον
1490 5629 1886 5702 συμπαθῆσαι

307 5743 440 5810 ταῖς
464 5740 804 5803 ἀσθενείαις
857 5737 1047 5808 ἡμῶν,
1076 5733 1219 5790 κατὰ
1245 5732 1305 5786 τὸ
1332 5727 1720 5802 γεγραμμένον
1745 5740 1760 5757 ο
1779 5738 1886 5794 pe-

384 5925 430 5960 ³⁵
455 5923 619 5980 Hebr.
649 5939 711 5987 ιι,
764 5921 854 5987 '57,
902 5919 990 5974 ‘58.
1058 5917 1101 5949 ³⁸
1129 5915 1290 5972 Hebr.
1330 5926 1404 5978 ιν,
1440 5909 1523 5966 15.

1982 4709 2145 4763 limus
2170 4742 2187 4772 ,
2215 4713 2270 4760 et
2308 4699 2588 4758 acerbiora
2624 4690 2931 4748 maledicta.

2051 4881 2278 4937 Ausitne
2306 4873 2526 4946 aliquis,
2556 4868 2774 4932 amabo,
2803 4862 2898 4934 qui
2930 4860 2984 4915 in
3036 4855 3272 4912 militum
3327 4857 3558 4904 numero

1982 4978 2076 5038 sit,
2104 4973 2251 5042 regio
2278 4940 2460 5024 libello
2496 4963 2662 5019 veluti
2692 4974 2794 5030 pro
2824 4960 3096 5027 potestate
3126 4945 3404 5006 confecto,
3449 4940 3558 4992 hoc

1979 5069 2068 5124 vel
2098 5034 2230 5121 illud
2263 5060 2544 5122 mandare,
2577 5067 2630 5111 et
2675 5054 2742 5108 iis
2782 5049 2874 5120 qui
2901 5043 3258 5116 magistratus
3285 5034 3558 5094 obtinent,

1986 5163 2222 5219 dedecus
2251 5171 2315 5212 ac
2346 5163 2530 5209 notam
2559 5150 2798 5204 inurere,
2851 5150 3105 5208 tanquam
3155 5139 3360 5186 temere
3394 5127 3563 5194 agant

1981 5214 2408 5311 iet-inconsulto?
2444 5242 2598 5312 Quod
2639 5240 2684 5294 si
2723 5277 2738 5302 ,
2796 5234 2889 5304 qui
2949 5225 3322 5298 deprehensus
3371 5217 3442 5272 sit
3507 5214 3564 5268 id

1983 5347 2161 5416 egisse
2195 5382 2212 5408 ,
2265 5310 2484 5409 rapitur
2538 5328 2860 5391 confestim,
2914 5337 2979 5376 ac
3018 5317 3178 5374 morti
3238 5310 3563 5368 addicitur:

1558 5447 1847 5517 Ἐκκλησία

1987 5451 2152 5508 quam
2180 5443 2394 5502 poenam
2437 5425 2506 5481 ab
2554 5418 2812 5477 Ecclesiae
2877 5413 2996 5468 foro
3045 5416 3288 5464 meretur
3336 5400 3562 5467 sitnplev

1997 5526 2300 5584 monachus
2331 5561 2346 5587 ,
2383 5519 2478 5590 qui
2518 5514 2681 5570 fuerit
2710 5509 2858 5581 paria
2918 5499 3134 5559 ausus?
3192 5499 3382 5550 Annon
3431 5490 3570 5545 enim

1997 5620 2249 5673 habemus
2280 5581 2594 5682 Poniiﬁcem
2624 5604 2712 5674 qui
2760 5599 2923 5672 possit
2979 5591 3208 5662 compati
3244 5581 3574 5654 inﬁrmitati-

1998 5717 2092 5770 bus
2118 5711 2336 5777 nostris,
2389 5673 2530 5765 sicut
2559 5701 2818 5770 scriptum
2846 5703 2930 5750 est
2961 5691 3007 5724 ⁸⁸
3037 5706 3053 5756 ;
3078 5698 3127 5743 et
3149 5684 3238 5755 qui
3301 5673 3578 5733 condolen
