4156 6464
710 367 736 428 Ῑ
746 368 846 432 507

700 490 866 554 possit
898 488 965 544 iis
993 493 1084 560 qui
1111 494 1356 563 ignorant
1375 503 1426 552 et
1453 509 1636 555 errant
1663 500 1706 537 ³¹¹
1741 518 1756 569 ς
1785 519 1813 557 a
1860 521 1972 576 quo
1999 509 2280 579 encyclica

701 579 932 648 epistbla
983 583 1228 638 mittatur
1287 592 1583 645 secundum
1631 593 1812 649 datam
1881 598 1927 650 ei
1976 613 2006 651 a
2075 599 2282 669 Spiritu

700 681 1019 764 potestatem
1044 676 1198 746 ?qni.
1233 682 1277 735 si
1309 684 1434 752 quid
1473 684 1525 739 in
1564 685 1650 742 his
1681 704 1801 758 quae
1832 703 2116 758 geruntur,
2142 709 2282 764 pra:-

700 772 784 818 ter
814 763 897 820 fas
923 781 986 822 ac
1014 784 1123 823 non
1149 787 1212 825 ex
1246 789 1348 828 usu
1377 791 1496 830 esse
1541 779 1889 850 intelligeret,
1915 763 2284 854 omninoque:

699 869 800 925 par
837 866 920 912 est
957 859 1293 929 loqueretur.
1361 866 1465 922 Sed
1519 885 1644 924 cum
1695 875 2078 942 praevalescere
2112 877 2284 932 haere-

703 948 806 1002 sim
835 989 852 1014 ,
897 958 953 1005 et
987 955 1267 1024 angustias
1300 961 1542 1030 undique
1598 964 1802 1021 instare
1861 967 2076 1022 videat:
2138 980 2285 1025 recte

698 1041 784 1094 vir
813 1042 968 1112 plane
997 1045 1214 1103 divinus
1243 1052 1376 1120 egit,
1407 1068 1528 1107 cum
1563 1056 1688 1110 sivit
1727 1073 1920 1114 omnes
1969 1061 2062 1130 qui
2107 1061 2284 1116 maxi-

701 1149 922 1202 mopere
937 1151 1218 1207 cuperent,
1241 1153 1402 1212 prout
1425 1147 1658 1217 quisque
1677 1160 1881 1218 posset,
1904 1153 2282 1222 ingruentibus

704 1227 910 1282 morbis
937 1231 1159 1286 mederi.
1189 1232 1265 1288 lla
1297 1252 1474 1306 neque
1511 1240 1592 1294 lex
1626 1258 1880 1310 suprema
1913 1246 2278 1316 promulgata,

703 1332 803 1372 nec
841 1330 1022 1375 tamen
1057 1324 1264 1394 absque
1305 1331 1562 1386 remediis
1603 1333 1788 1388 relicta
1824 1347 1908 1390 est
1942 1338 2146 1399 anima,
2179 1354 2279 1407 pro

697 1423 801 1477 qua
824 1410 1077 1467 Christus
1096 1426 1177 1468 est
1206 1429 1455 1475 mortuus
1481 1440 1492 1475 :
1526 1432 1580 1476 et
1599 1424 1699 1479 hoc
1728 1427 1987 1481 nimirum
2013 1445 2185 1499 usque
2212 1432 2278 1484 ad

700 1503 970 1572 synodum
1001 1509 1360 1565 orthodoxam
1396 1531 1410 1566 :
1453 1531 1562 1584 quo
1608 1527 1848 1587 tempore
1874 1529 1928 1573 et
1984 1537 2105 1590 quae
2136 1531 2280 1576 recte

695 1603 872 1660 empta
897 1594 1121 1660 fuerint,
1145 1602 1647 1669 comprobabuntur
1666 1626 1680 1660 ι
1700 1618 1753 1662 et
1777 1624 1898 1678 qua:
1919 1625 2080 1665 secus
2103 1619 2274 1679 gesta,

692 1685 1028 1754 rejicientur.
1063 1690 1126 1744 Et
1155 1703 1236 1746 est
1283 1696 1395 1750 haec
1451 1700 1587 1752 ratio
1627 1699 1678 1751 in
1719 1701 1910 1770 primis
1944 1701 2052 1755 Deo
2101 1713 2276 1770 grata,

1899 387 1960 448 S.
1987 388 2382 452 TIIEODORI
2425 393 2777 456 STUDIT/E

3835 397 3981 462 1508

2385 513 2725 580 τριοπαθεῑν
2749 530 2811 567 τε
2839 512 3180 583 δυνάμενον
3207 514 3334 580 τοῖς
3363 513 3659 583 ἀγνοοῦσι
3685 515 3785 570 καὶ
3812 521 3980 570 πλα-

2386 604 2675 673 νωμένοις
2697 622 2711 636 ο
2749 598 2810 657 οῦ
2839 606 2870 674 ἡ
2899 605 3187 672 ἐγκύκλιος
3234 606 3491 676 ἐπιστολὴ
3525 607 3668 659 κατά
3697 608 3799 678 τὴν
3823 609 3980 661 δεδο-

2391 694 2562 764 μένην
2595 696 2744 766 αὐτῷ
2773 696 3022 760 ἐξουσίαν
3055 697 3159 749 ὑπὸ
3186 698 3281 750 τοῦ
3311 698 3627 766 Πνεύματος
3656 717 3672 763 ;
3698 699 3758 761 ὃς
3787 703 3838 752 εί
3858 701 3978 770 ᾔδει

2387 787 2444 836 ἐν
2492 789 2598 849 τοῖς
2625 789 2928 857 γινομένοις
2978 788 3245 856 ἔκθεσμον
3289 806 3342 841 τι
3365 789 3463 841 καὶ
3511 789 3572 840 ού
3625 789 3977 851 λυσιτελοῦν,

2386 881 2605 942 πάντως
2633 880 2696 947 δὴ
2728 881 3029 949 ἐφθέγξατο
3063 881 3129 932 τὰ
3152 882 3356 936 εἰκότα.
3430 882 3569 933 Ἀλλ’
3627 883 3818 953 ἐπειδὴ
3873 885 3979 954 ὁρᾷ

2386 970 2792 1041 ἐπικρατοῦσαν
2820 971 2921 1041 τὴν
2945 971 3156 1042 αἵρεσιν
3176 1014 3189 1035 ,
3224 974 3318 1025 καὶ
3351 974 3516 1025 στενὰ
3573 973 3976 1044 ἀμφοτέρωθεν

2385 1064 2764 1134 παριστάμενα
2789 1081 2803 1094 ·
2832 1065 3016 1116 εἴασεν
3046 1063 3295 1127 ἅπαντας
3335 1066 3460 1126 τοὺς
3483 1064 3977 1134 προθυμουμένους

2387 1154 2662 1208 ίᾶτθαιτά
2706 1158 3056 1224 συμπεσόντα
3118 1158 3421 1226 νοσήματα,
3473 1155 3547 1217 ὡς
3584 1156 3817 1220 ἕκαστος
3857 1159 3975 1226 ἔχει

2381 1247 2695 1316 δυνάμεως.
2761 1244 2818 1300 εὖ
2866 1249 3033 1301 ποιῶν
3092 1249 3120 1300 ὁ
3164 1249 3616 1308 θεσπεσιώτατος.
3680 1246 3770 1309 Ὠς
3829 1252 3974 1318 μήτε

2381 1337 2705 1408 νομοθεσίαν
2737 1333 2963 1392 εἶναιτὸ
2993 1338 3336 1408 τελούμενον,
3373 1338 3511 1406 μήτε
3567 1340 3674 1406 μὴν
3723 1339 3972 1409 ἀσθερά-

2383 1450 2580 1486 πευτον
2627 1432 2808 1503 ψυχὴν
2853 1433 2993 1504 ὑπὲρ
3026 1427 3093 1504 ἦς
3122 1433 3350 1503 Χριστὸς
3384 1432 3644 1494 απέθανε,
3695 1434 3973 1496 καταλιμ-

2381 1525 2648 1577 πάνεσθαι
2683 1542 2697 1556 ⁸
2795 1527 2887 1578 καὶ
2946 1523 3104 1577 τοῦτο
3171 1525 3372 1594 δηλαδὴ
3422 1525 3612 1593 μέχρις
3675 1523 3968 1594 ὁρθοδὸξου

2382 1618 2623 1670 συνόδου·
2645 1618 2882 1688 ὁπηνίκα
2899 1617 2992 1668 καὶ
3007 1617 3073 1669 τά
3095 1617 3274 1679 καλῶς
3291 1618 3401 1685 ὑπη
3411 1635 3477 1688 ργ
3487 1616 3620 1685 μένσ.
3638 1616 3867 1686 ἐγκριθή
3879 1633 3966 1668 σε·

2377 1723 2468 1758 ται
2489 1725 2502 1739 ·
2534 1707 2627 1761 καὶ
2654 1710 2722 1761 τὰ
2748 1708 2916 1771 ἄλλως
2943 1707 3138 1776 ἔχοντα.
3157 1707 3720 1777 ἀποδοκιμασθήσεται
3742 1721 3758 1737 ⁸
3787 1709 3880 1760 καὶ
3903 1706 3965 1757 τὸ

690 1776 781 1842 qui
831 1779 946 1832 vult
972 1782 1153 1835 salvos
1207 1785 1320 1839 ﬁeri
1355 1803 1544 1842 omnes
1577 1807 1590 1843 :
1626 1801 1830 1860 quanto
1859 1793 2032 1862 magis
2057 1810 2153 1848 eos
2181 1795 2268 1864 qui

2380 1801 2613 1869 πρᾶγμα
2643 1800 2762 1870 Θεῷ
2802 1800 3095 1870 προσφιλὲς
3129 1800 3210 1851 ὅτι
3241 1776 3498 1868 μάλιστα,
3533 1800 3591 1862 ὃς
3619 1801 3719 1868 ἐρᾷ
3748 1803 3963 1857 πάντας

691 1867 756 1920 ad
791 1874 1127 1938 paenitentiae
1156 1879 1453 1932 remedium
1485 1892 1778 1936 accurrunt
1804 1885 1827 1936 ?
1853 1886 1944 1953 qui
1981 1884 2084 1938 {ert
2114 1902 2272 1955 opem

692 1975 797 2015 una
829 1977 952 2016 cum
983 1981 1047 2018 eo
1097 1971 1188 2036 qui
1227 1969 1470 2024 fraterno
1524 1972 1718 2028 aﬂ'ectu
1785 1992 2005 2029 manum
2063 1979 2275 2038 tendit:

689 2054 782 2122 qui
815 2056 1114 2112 eollaborat
1143 2061 1192 2114 ei
1253 2063 1342 2130 qui
1387 2063 1658 2132 jacentem
1692 2067 1872 2134 erigit.
1931 2068 2080 2124 lllius
2131 2070 2277 2124 enim

687 2161 749 2199 ea
791 2162 892 2200 vox
925 2157 1048 2204 est:
1106 2150 1489 2218 Consolamini,
1552 2159 1923 2220 consolamini,
1957 2162 2274 2228 sacerdotes,

684 2237 935 2302 populum
975 2256 1146 2293 meum
1174 2258 1193 2295 :
1229 2243 1506 2313 loquimini
1549 2249 1615 2299 ad
1670 2267 1824 2303 aures
1860 2249 2161 2305 Jerusalem
2207 2254 2272 2287 ⁸⁸·

684 2327 825 2392 Quid
873 2340 955 2385 est
984 2334 1127 2388 aliud
1161 2351 1328 2405 porro
1374 2341 1694 2406 consolatio,
1732 2359 1895 2411 quam
1923 2347 2275 2401 adversario-

685 2437 807 2476 rum
840 2428 1203 2489 conservatio,
1236 2439 1289 2482 et
1331 2445 1520 2485 eorum
1577 2435 1667 2501 qui
1701 2435 1766 2487 de
1798 2437 1884 2491 via
1928 2437 2271 2502 deﬂexerint,

692 2529 792 2583 per
848 2518 1225 2584 pmnitentiam
1290 2524 1598 2577 emendatio
1633 2526 1655 2578 ‘t
1690 2525 1896 2581 Deinde
1934 2531 1999 2583 ad
2051 2546 2145 2584 eos
2179 2533 2272 2601 qui

686 2620 982 2677 peccarunt
1011 2627 1029 2664 :
1062 2612 1192 2666 Cum
1249 2631 1482 2668 reversus
1543 2618 1881 2688 ingemuerit,
1911 2631 2034 2674 tunc
2091 2624 2272 2677 salvus

685 2697 813 2761 eris,
837 2711 885 2753 et
917 2706 1047 2755 scies
1073 2704 1163 2756 ubi
1199 2705 1363 2772 {ueris
1394 2706 1460 2760 ”.
1490 2707 1554 2761 Et
1594 2725 1810 2764 rursum
1845 2731 1856 2764 :
1895 2714 2078 2766 Adhuc
2108 2717 2268 2770 verba

692 2808 913 2860 precum
949 2795 1190 2858 loquente
1221 2808 1288 2861 te,
1321 2799 1498 2854 dicet:
1548 2801 1680 2855 Ecce
1705 2804 1888 2856 adsum
1919 2806 1983 2858 ⁸ο.
2025 2806 2090 2860 Ει
2115 2808 2270 2862 auxi-

687 2885 846 2937 liator
871 2895 951 2940 est
983 2901 1175 2943 eorum
1231 2892 1320 2959 qui
1387 2903 1780 2949 convertuntur
1803 2913 1832 2949 a
1869 2898 1952 2952 via
1989 2899 2126 2952 mala
2162 2915 2176 2952 :
2211 2909 2267 2953 et

686 2990 842 3029 ovem
899 2977 1238 3049 deperditam
1302 2983 1546 3041 humeris
1579 2988 1719 3043 tollit
1754 3001 1846 3043 :et
1908 2992 2071 3045 donec
2115 2993 2268 3046 hodie

687 3072 1088 3140 cognominatur
1127 3075 1170 3106 “
1224 3115 1240 3141 ,
1272 3079 1606 3146 paenitentia:
1672 3083 2065 3138 medicamenta
2125 3099 2263 3153 prte-

2385 1890 2654 1954 σώζεσθαι
2680 1907 2695 1921 ο
2725 1891 2799 1960 μὴ
2824 1891 2906 1942 ὅτι
2934 1907 2995 1957 γε
3023 1893 3147 1952 τοὺς
3185 1890 3262 1960 τῷ
3313 1891 3415 1959 τῆς
3469 1881 3756 1961 μετανοίας
3814 1906 3960 1958 φαρ-

2387 1983 2548 2054 μάκῳ
2623 1983 3102 2053 προστρέχονταςς
3179 1981 3236 2045 ὃς
3287 1985 3380 2034 καὶ
3439 1984 3822 2052 συνεπικουρεῖ
3877 1979 3958 2048 τῷ

2379 2075 2718 2142 φιλαδέλφως
2766 2077 2924 2145 χεῖρα
2975 2075 3261 2144 ὁρέγοντι,
3318 2077 3411 2128 καὶ
3468 2075 3817 2145 συνανίστησι
3876 2072 3956 2140 τῷ

2380 2165 2747 2234 συνεγείροντι
2775 2164 2866 2216 τὸν
2914 2165 3212 2234 κάμνοντα.
3269 2164 3442 2218 Αὑτοῦ
3473 2166 3580 2234 γὰρ
3612 2169 3762 2235 φωνή
3793 2166 3911 2216 ἐστι
3937 2177 3951 2189 ⁸

2376 2254 2800 2322 Παρακαλεῖτε,
2833 2257 3256 2322 παρακαλεῖτε,
3296 2260 3350 2309 οἱ
3408 2255 3610 2324 ἱεροῖς,
3640 2258 3747 2310 τὸν
3792 2245 3953 2308 ,λαόν

2371 2365 2489 2415 μου
2525 2363 2539 2377 ο
2591 2347 2900 2412 Jul-hante
2928 2351 3014 2413 εις
3040 2348 3110 2402 τὰ
3138 2345 3258 2403 ὦτα
3316 2349 3731 2418 Ἰερουσαιήμ.
3797 2345 3862 2399 Τί
3905 2345 3953 2397 δ’

2373 2440 2440 2493 ἂν
2486 2440 2614 2493 ἄλλο
2675 2442 2758 2511 εἴη
2814 2443 2848 2511 ἡ
2918 2442 3285 2514 παράκλησις.
3337 2442 3368 2511 ἢ
3417 2443 3451 2511 ἡ
3509 2442 3618 2494 τῶν
3668 2442 3952 2509 ἀνθέστη-

2375 2532 2546 2584 κότων
2577 2534 2927 2601 συντήρησις,
2949 2534 3042 2586 καὶ⁵
3071 2534 3178 2587 τῶν
3215 2533 3596 2602 ἐκτραπέντων
3636 2534 3724 2588 διὰ
3775 2548 3950 2602 μετα-

2373 2623 2520 2685 νοίας
2548 2623 2958 2692 ἐπανόρθωσις;
2995 2619 3125 2678 Εἶτα
3173 2623 3310 2695 πρὸς
3345 2627 3474 2686 τοὺς
3517 2626 3906 2697 ἡμαρτηκότας
3933 2640 3946 2649 ‘

2373 2714 2560 2768 Ὅταν
2589 2716 3000 2785 ἀποστραφεὶς
3031 2717 3350 2783 στενάξῃς,
3382 2718 3514 2771 τότε
3543 2718 3814 2784 σωθήσῃ,
3846 2716 3946 2769 καί

2370 2809 2572 2878 γνώσῃ
2613 2810 2731 2864 ποῦ
2756 2808 2935 2881 ἦσθα.
2963 2811 3068 2865 Καὶ
3092 2807 3245 2873 αὖθις
3264 2826 3279 2842 ·
3315 2811 3442 2864 Ἔτι
3471 2825 3588 2864 σου
3615 2812 3687 2865 τὰ
3707 2809 3947 2879 ῥήματα

2369 2899 2478 2968 τῆς
2516 2903 2866 2972 προσευχῆς
2895 2902 3249 2968 λαλοῦντος.
3297 2901 3450 2970 ἐρεῖ·
3489 2903 3643 2960 Ἰδοὺ
3683 2902 3944 2971 πάρειμι.

2369 2993 2479 3045 Καὶ
2516 2992 2711 3063 βοηθός
2742 2996 2857 3045 ἐστι
2901 2992 3009 3044 τῶν
3039 2993 3490 3064 ἀποστρεφόντων
3533 2995 3641 3047 ἀπὸ
3681 2993 3800 3046 ὁδοῦ
3849 3008 3943 3044 πο-

2367 3088 2582 3158 νηρᾶςο
2629 3087 2722 3139 καὶ
2793 3085 2853 3137 τὸ
2902 3085 3317 3155 πεπλανημένον
3369 3086 3641 3140 ποὸσατον
3690 3085 3783 3137 ἐπὶ
3832 3084 3941 3137 τῶν

687 3164 777 3218 bet
813 3182 826 3218 :
860 3174 914 3219 et
968 3167 1233 3221 latronem
1296 3180 1576 3224 momento
1634 3175 1894 3242 temporis
1933 3174 1999 3227 ad
2051 3175 2264 3239 paradi-

2373 3178 2532 3247 ὤμων
2559 3178 2705 3246 αἴρει
2729 3192 2743 3207 ⁸
2783 3175 2878 3228 καὶ
2923 3176 3097 3244 ἄχρις
3127 3171 3198 3230 οὗ
3244 3176 3309 3230 τὸ
3349 3177 3617 3246 σήμερον
3651 3177 3938 3239 καλεῖται,

687 3270 804 3309 sum
835 3257 1098 3312 admisit:
1132 3267 1186 3312 et
1226 3275 1481 3330 magnum
1514 3261 1752 3325 Petrum,
1807 3265 1899 3334 qui
1931 3280 2056 3319 eum
2098 3282 2263 3337 nega-

687 3355 792 3411 rat,
826 3362 1216 3416 postamarum
1245 3351 1428 3406 ﬂetum
1471 3355 1674 3423 recepit
1706 3373 1718 3408 :
1753 3371 1816 3410 ac
1843 3359 2049 3419 Davidi,
2083 3361 2266 3430 perin-

685 3437 752 3491 de
779 3454 841 3492 ac
878 3441 920 3494 si
959 3441 1095 3496 nihil
1149 3453 1448 3510 peccasset,
1503 3447 1802 3516 prOphetia:
1832 3449 2029 3504 iterum
2061 3453 2261 3506 donum

687 3528 967 3598 impertiit.
1015 3532 1289 3599 Quorsum
1326 3551 1456 3590 vero
1513 3539 1703 3593 attinet
1757 3541 1917 3610 plura
1976 3557 2264 3612 suggerere

684 3623 953 3691 exempla,
995 3639 1060 3678 ac
1119 3641 1426 3680 sermonem
1484 3632 1846 3697 protrahere?
1880 3631 2153 3702 Benignus
2179 3641 2264 3687 est

690 3712 744 3765 in
800 3727 896 3767 eos
960 3715 1055 3784 qui
1096 3731 1223 3784 erga
1283 3733 1580 3775 conservos
1630 3737 1759 3775 suos
1796 3722 2065 3792 benigni:
2119 3731 2172 3777 et
2205 3725 2258 3776 in

683 3819 779 3858 eos
808 3820 1029 3861 severus
1078 3808 1171 3876 qui
1222 3809 1681 3866 immisericordes
1708 3814 2035 3868 exstiterint.
2060 3813 2262 3880 Quam-

681 3898 867 3953 obrem
908 3915 1082 3968 poena:
1104 3917 1228 3970 qua:
1259 3902 1313 3956 in
1348 3904 1600 3972 praesenti
1641 3905 1974 3974 penduntur,
2011 3909 2253 3963 remedia

684 4001 853 4046 sunt:
885 4009 991 4047 non
1023 4004 1080 4047 ut
1133 3997 1437 4050 reverentia
1471 4006 1563 4051 tua
1591 3998 1732 4051 male
1752 3998 1934 4067 jocata
1967 4009 2071 4065 est,
2111 4002 2256 4056 absit

683 4091 830 4138 enim
893 4086 1001 4139 tale
1054 4086 1363 4142 convicium
1403 4105 1418 4142 :
1457 4104 1632 4158 neque
1676 4105 1740 4144 ea
1795 4107 1918 4160 qua:
1972 4103 2255 4162 geruntur,

2367 3271 2434 3323 τὰ
2459 3270 2555 3338 τῆς
2592 3267 2878 3337 μετανοίας
2905 3268 3174 3336 φάρμακα
3212 3271 3565 3340 προστίθησι·
3596 3270 3690 3321 καὶ
3717 3269 3811 3322 τὸν
3848 3270 3940 3341 λη-

2369 3361 2497 3426 στὴν
2535 3360 2591 3412 ἐν
2622 3360 2721 3429 μιᾷ
2770 3358 2961 3427 καιροῦ
3011 3361 3151 3430 ῥοπῇ
3206 3361 3300 3415 τοῦ
3334 3360 3658 3431 παραδείσου
3704 3360 3934 3430 ἠξίωσεο

2365 3451 2458 3504 καὶ
2481 3450 2573 3502 τὸν
2606 3450 2778 3518 μέγαν
2807 3450 3010 3520 Πέτρον
3031 3452 3407 3522 ἀρνησάμενον
3428 3451 3507 3522 τῷ
3530 3451 3713 3522 πικρῷ
3735 3451 3936 3504 κλαυθ-

2367 3541 2452 3612 μῷ
2509 3543 2824 3612 προσήκατο
2855 3559 2868 3572 ο
2924 3545 3016 3594 καὶ
3078 3543 3156 3610 τῷ
3209 3541 3413 3608 Δαυῒδ,
3459 3542 3536 3605 ὼς
3594 3542 3717 3610 μηδ’
3757 3540 3936 3596 ὁτιοῦν

2364 3636 2768 3704 ἀμαρτήσαντι,
2796 3635 2962 3688 πάλιν
2987 3635 3048 3686 τὸ
3081 3638 3178 3705 τῆς
3209 3637 3545 3704 προφητείας
3581 3635 3758 3706 ἐνίησι
3785 3637 3936 3706 χάρι-

2365 3744 2498 3796 σμα.
2525 3728 2636 3781 Καὶ
2664 3727 2716 3779 τί
2746 3726 2828 3778 δεῖ
2851 3725 2920 3779 τὰ
2946 3727 3116 3780 πολλά
3145 3727 3561 3796 παραδείγματα
3591 3728 3934 3795 ὑποφαίνειν.

2363 3820 2458 3872 καὶ
2495 3819 2756 3888 μηκύνειν
2797 3819 2888 3871 τὸν
2922 3819 3114 3887 λόγονς
3151 3821 3244 3872 καὶ
3267 3820 3501 3895 χρηστός
3542 3821 3688 3872 ἐστιν
3731 3821 3790 3871 ἐν
3829 3824 3936 3882 τοῖς

2363 3911 2499 3980 πρὸς
2544 3911 2672 3972 τοὺς
2719 3910 3046 3979 ὁμοδούλους
3092 3911 3565 3981 χρηστευομένοις,
3615 3911 3711 3964 καὶ
3741 3912 3934 3965 ἀπότο-

2363 4019 2462 4071 μος
2501 4003 2560 4054 ἐν
2598 4004 2710 4064 τοῖς
2749 4002 3148 4072 ἀσυμπαθέσιν.
3176 3996 3252 4054 Οῦ
3285 4002 3473 4056 εἵνεκα
3506 4005 3561 4055 at
3599 4004 3853 4072 ἰατρεῖαι,
3878 4001 3934 4056 at

2362 4093 2631 4163 ἐπιτιμίαι
2658 4093 2799 4147 κατά
2822 4093 2912 4146 τὸν
2939 4095 3181 4164 παρόντα
3210 4094 3396 4163 χρόνον
3439 4093 3757 4162 τελούμεναι
3791 4111 3806 4126 ’
3839 4093 3933 4163 οὐχ

681 4175 1066 4229 scandalorum
1100 4176 1282 4241 initia,
1320 4178 1415 4233 sed
1457 4195 1599 4234 vera:
1629 4181 1915 4239 charitatis
1942 4197 2259 4256 argumenta

2373 4185 2434 4249 ὓς
2461 4187 2495 4256 ἡ
2520 4185 2768 4256 τιμιότης
2796 4202 2888 4237 σου
2913 4183 3338 4255 κεκωμῴδηκεν,
3361 4185 3540 4252 ἄπαγε
3563 4185 3664 4254 τῆς
3695 4185 3931 4253 βλασφηο

681 4275 827 4319 sunt.
866 4267 958 4320 Ait
997 4269 1144 4322 enim
1180 4267 1441 4325 Dominus
1473 4288 1486 4324 :
1531 4271 1714 4327 Talem
1745 4275 2056 4330 charitatem
2111 4295 2257 4332 nemo

678 4356 852 4422 habet,
895 4368 949 4410 ut
971 4360 1205 4412 animam
1230 4378 1379 4415 suam
1401 4374 1561 4432 ponat
1591 4368 1705 4434 quis
1734 4384 1828 4435 pro
1851 4371 2034 4424 amicis
2054 4372 2163 4425 suis
2189 4372 2254 4426 δ’.

2363 4275 2510 4346 μίας,
2545 4276 2665 4329 οὐδὲ
2701 4276 3011 4329 σκανδάλων
3055 4276 3317 4346 παραίτια
3356 4275 3425 4328 τὰ
3475 4274 3769 4343 γινόμενα,
3820 4270 3932 4329 ἀλλ’

2359 4369 2620 4442 ἀληθινῆς
2672 4369 2892 4438 ἀγάπης
2946 4369 3244 4437 τεκμήρια.
3299 4369 3436 4437 Φησὶ
3481 4366 3590 4434 γὰρ
3637 4365 3665 4416 6
3710 4365 3928 4434 Κύριος,

2366 4462 2654 4528 Τοιαύτην
2680 4459 2924 4529 ἀγάπην
2952 4459 3150 4520 οὐδεὶς
3171 4461 3318 4526 ἔχει,
3347 4459 3446 4510 ἵνα
3471 4474 3560 4523 τις
3587 4457 3702 4524 τὴν
3725 4457 3930 4526 ψυχὴν

2355 4547 2542 4600 αὑτοῦ
2564 4545 2638 4613 θῇ
2670 4545 2822 4613 ὑπὲρ
2860 4545 2978 4598 τῶν
3006 4545 3202 4614 φίλων
3229 4546 3440 4599 αὐτοῦ.

749 4621 989 4676 Posuere
1039 4624 1203 4692 igitur
1262 4627 1476 4682 animas
1522 4645 1652 4684 suas
1682 4632 1878 4686 medici
1904 4647 2002 4702 pro
2037 4635 2102 4688 iis
2160 4636 2252 4703 qui

2432 4636 2686 4689 Τιθέασιν
2709 4632 2802 4690 οῦν
2833 4637 2929 4700 τὰς
2959 4634 3136 4706 ψυχάς
3163 4637 3343 4689 αὐτῶν
3373 4637 3517 4708 ὑπὲρ
3541 4638 3651 4690 τῶν
3683 4634 3926 4708 ἰατρευοο

675 4717 906 4784 egebant
950 4719 1229 4772 curatione
1261 4760 1276 4781 ,
1320 4721 1474 4790 juxta
1527 4739 1714 4778 verum
1772 4741 2076 4781 sermonem
2113 4747 2126 4782 :
2159 4743 2262 4784 nec

675 4806 873 4860 divinae
900 4807 1322 4876 dispensationis
1353 4824 1716 4870 mercaturam
1772 4816 2019 4873 fecerunt
2050 4818 2256 4874 Christi

676 4897 1057 4965 negotiatores.
1087 4901 1164 4955 Ac
1197 4903 1428 4972 populus
1473 4905 1565 4961 Dei
1604 4909 1844 4977 quotidie
1889 4921 2209 4981 repurgatur
2241 4929 2255 4965 :

675 4997 728 5041 et
768 4987 963 5044 domus
1024 4990 1155 5045 Saul
1197 4993 1520 5052 decrescens
1581 5000 1867 5054 imminuta
1893 5012 1974 5056 est
2005 5020 2018 5057 :
2055 5003 2256 5059 domus

2373 4727 2549 4796 μένων
2581 4729 2628 4780 oi
2684 4726 3002 4798 ἀκέστορες,
3041 4729 3184 4781 κατά
3223 4728 3315 4781 τὸν
3372 4729 3554 4799 ἀληθῆ
3598 4730 3754 4798 λόγον
3779 4749 3792 4761 ·
3829 4733 3925 4786 οὐκ

2360 4819 2788 4890 ἐμπορευόμενοι
2827 4822 2925 4891 τὴν
2967 4819 3246 4892 θεόκριτον
3283 4822 3596 4892 οἰκονομίαν
3625 4825 3700 4887 ὼς
3723 4825 3919 4895 Χριστ-

2359 4911 2611 4984 έμποροι.
2647 4914 2758 4967 Kal.
2803 4914 2830 4965 6
2859 4912 2986 4975 λαὸς
3034 4913 3126 4967 τοῦ
3164 4913 3298 4967 Θεοῦ
3325 4915 3599 4986 ὁσημέραι
3628 4917 3922 4970 ἀνακαθαί-

2363 5019 2514 5071 ρεται
2544 5020 2558 5035 ’
2601 5004 2694 5057 καὶ
2719 5003 2748 5056 ὁ
2773 4999 2919 5066 οἵκος
2948 5005 3120 5058 Σαοὺλ
3150 5005 3393 5058 ἀσθενῶν
3423 5007 3734 5076 ἠλάττωται
3758 5025 3771 5038 ο
3803 5012 3830 5062 ὁ
3868 5009 3919 5061 δέ

672 5092 853 5136 autem
888 5084 1053 5139 David
1114 5089 1290 5158 major
1333 5088 1524 5144 eﬂ‘ecta
1564 5099 1619 5145 et
1657 5093 2002 5160 ampliﬁcata,
2038 5111 2255 5166 semper

2373 5090 2501 5156 δῒκος
2530 5095 2694 5148 Δαυῒδ
2741 5096 3177 5166 μεγαλυνόμενος
3233 5097 3544 5168 ἐπηύξηται
3570 5117 3584 5132 ·
3623 5102 3688 5152 ἐκ
3734 5099 3918 5152 τούτου

675 5173 729 5227 in
776 5175 973 5230 melius
1014 5178 1327 5245 proficiente
1393 5183 1625 5235 sanitate
1659 5183 1722 5236 “.
1778 5181 1882 5238 Sed
1933 5185 2078 5238 enim
2118 5187 2248 5256 quid

2373 5189 2435 5249 είς
2479 5185 2637 5239 τοῦτο
2693 5188 3164 5257 μεταταττομένου
3213 5191 3308 5243 τοῦ
3357 5190 3703 5261 ἀνοσήματος
3760 5187 3914 5262 [ϐοά.

673 5274 853 5332 optas,
881 5268 963 5321 vir
1011 5271 1244 5339 egregie,
1275 5271 1360 5324 his
1419 5274 1762 5340 temporibus
1822 5277 2248 5344 prtevalescente

2373 5277 2487 5346 Reg.
2511 5277 2964 5350 ἀνασφήλαντος].
3010 5280 3173 5333 Ἀλλὰ
3201 5282 3253 5334 τί
3273 5281 3504 5352 βούλοιο,
3532 5278 3577 5336 ὦ
3611 5283 3881 5353 θαυμάσιε
3899 5301 3913 5315 ο

673 5355 889 5421 haeresi,
921 5373 986 5412 ac
1012 5360 1196 5414 divino
1227 5370 1483 5429 pereunte
1510 5364 1747 5432 Opiﬁcio,
1778 5367 1984 5420 nullum
2027 5370 2242 5438 uspiam

2373 5385 2408 5419 ,ν
2436 5366 2710 5430 τοσούτοις
2769 5371 2980 5438 χρόνοις
3023 5372 3432 5444 ἐπικρατούσης
3473 5375 3572 5442 τῆς
3626 5375 3905 5444 αἱρέσεως,

672 5449 943 5504 medicum
983 5450 1260 5506 inveniri?
1310 5455 1516 5508 nullam
1573 5470 1696 5511 esse
1725 5459 1972 5512 medendi
2025 5463 2244 5515 artem?

2373 5458 2442 5511 ιαὶ
2479 5459 2770 5528 ὁλλυμένου
2793 5460 2888 5512 τοῦ
2920 5461 3067 5514 θείου
3091 5463 3429 5534 πλάσματος,
3476 5465 3553 5537 μὴ
3580 5465 3911 5535 ὁπτανθῆναι

671 5555 780 5595 non
816 5542 1041 5610 praeberi
1063 5559 1207 5600 caeco
1241 5561 1458 5601 manum
1488 5547 1512 5600 1'
1542 5563 1652 5603 non
1699 5551 1882 5604 sanari
1929 5562 2189 5621 aegrotum
2221 5552 2244 5605 ?

2374 5554 2535 5624 ατρὸν
2591 5554 2645 5608 τί
2691 5572 2830 5619 nov;
2868 5554 2945 5626 μὴ
2997 5551 3137 5609 εἷναι
3180 5557 3584 5626 θεραπευτικάς
3619 5558 3907 5627 μεθόδους;

673 5647 782 5688 non
830 5635 943 5690 indi
984 5636 1194 5692 vulneri
1235 5639 1600 5694 lineamentun
1635 5641 1657 5694 ?
1690 5657 1797 5696 non
1829 5642 2080 5698 claudum
2104 5646 2236 5715 erigi

742 5751 784 5782 "
821 5751 985 5809 Hebr.
1027 5771 1083 5817 v,
1121 5753 1171 5808 i.

673 5838 752 5889 Ill,
793 5823 877 5878 l3.

990 5826 1032 5856 “
1061 5824 1220 5881 Joan.
1254 5842 1343 5894 xv,
1381 5827 1467 5882 l3.
1568 5829 1612 5860 ⁸³
1639 5828 1680 5882 ll
1713 5828 1840 5899 Reg.
1879 5847 1958 5897 ιιι,
1998 5833 2042 5885 ι.

2352 5647 2427 5719 μὴ
2475 5650 2954 5722 χειραγωγηθῆναι
3007 5649 3420 5720 τυφλώττοντα;
3479 5651 3555 5721 μὴ
3589 5651 3906 5720 ὑγιασθῆναι

1284 5755 1330 5788 ⁸⁸
1371 5755 1474 5833 [53.
1521 5775 1610 5833 xc,
1639 5761 1678 5833 Α
1713 5775 1779 5833 ex
1813 5757 1973 5813 LXX.
2051 5762 2220 5820 "lsa.
2278 5781 2405 5833 xxx,
2455 5767 2522 5822 15
2561 5783 2626 5824 ex
2644 5767 2806 5822 LXX.
2883 5767 2930 5800 “
2963 5767 3066 5822 lsa.
3101 5781 3250 5832 Lvm,
3283 5767 3392 5824 9ex
3427 5766 3588 5823 LXX.
3664 5768 3706 5798 “
3747 5756 3901 5822 Hebr.
