4156 6540
232 426 375 493 1509

1421 436 1953 502 EPISTOLARUM
2011 442 2154 502 LIB.
2199 440 2282 499 ΙΙ.

3332 430 3469 498 1510

225 537 681 611 νοσηλεύομενονς
733 541 808 614 μὴ
882 542 1194 615 μοτωθῆναι
1247 548 1792 620 τραυματιζόμενον;

1923 561 1964 608 ιι
2027 561 2178 608 recto
2243 552 2378 622 pede
2427 550 2643 607 incedat
2693 551 2856 606 inon
2907 546 3055 619 quod
3127 543 3469 600 confractum

225 631 308 704 μὴ
348 631 709 702 ὀρθοποδῆσαι
755 633 1097 706 χωλεύοντα;
1156 636 1232 708 μὴ
1285 641 1796 714 καταδεσμευθῆναι

223 725 677 795 συντριϐόμενον;
720 727 794 796 μὴ
833 727 1238 798 ἐπιστραφῆναι
1288 730 1671 802 πλανώμενον;
1722 737 1796 806 μὴ

221 816 371 869 κατά
393 818 500 869 πᾶν
529 817 706 870 ὁτιοῦν
751 818 962 887 νόσημα
1003 818 1232 871 καθόσον
1276 816 1386 872 οἷόν
1418 840 1476 874 τε
1521 825 1798 892 ἐπαγωνί-

223 909 423 962 σασθαι
457 908 546 962 τὸν
582 909 1040 980 προαιρούμενον;
1077 911 1336 980 Καίτοιγε
1365 913 1581 984 όρῶμεν
1609 919 1666 968 ἐν
1687 920 1798 980 τοῖς

221 999 337 1052 τῶν
365 999 635 1069 σωμάτων
668 1001 873 1068 ἰατροῖς
925 1001 1128 1072 πολλὴν
1162 1003 1262 1072 τὴν
1311 1005 1653 1071 ἐπιμέλειαν,
1704 1010 1799 1061 καὶ

223 1090 400 1143 πολλὰ
417 1092 486 1144 τά
523 1093 742 1160 ἰατήρια
773 1109 786 1121 ·
819 1093 912 1145 καὶ
933 1092 991 1155 ὃς
1019 1093 1118 1162 μὲν
1138 1095 1307 1160 τόνδε,
1331 1094 1388 1157 ὃς
1428 1095 1484 1146 δὲ
1527 1097 1675 1150 τόνδε
1708 1101 1800 1152 ὲκ-

223 1182 573 1252 κεχείρισται
605 1183 934 1253 θεραπεύειν
954 1199 968 1212 ·
997 1184 1091 1236 καὶ
1120 1185 1241 1237 οὑδὲ
1269 1187 1297 1238 ὀ
1345 1187 1401 1238 ὲν
1430 1186 1586 1254 τάξει
1634 1187 1796 1259 [Cod.

226 1271 366 1340 Reg.
406 1272 627 1345 στάσει]
665 1275 940 1344 ὑπηρέτου
980 1275 1460 1346 κατατεταγμένος
1495 1278 1801 1333 κεκώλυται

226 1368 551 1434 χειραπτεῖν
585 1365 727 1421 κατά
755 1365 851 1437 τὴν
873 1365 1100 1420 ἐνοῦσαν
1149 1368 1335 1431 αὑτοῖς
1388 1368 1636 1440 ίατρικὴν
1678 1371 1800 1423 ἐπι-

231 1454 531 1526 στήμην,ἢ
573 1456 939 1526 προύχουσαν,
974 1458 1006 1528 ἢ
1052 1459 1430 1530 ὑφισταμένην
1477 1459 1631 1532 [C0d.
1668 1463 1799 1531 lieg.

229 1543 584 1620 ὑφειμένην].
620 1549 729 1600 Καὶ
758 1546 1105 1619 καθεκάστην
1137 1552 1185 1602 oi
1217 1551 1647 1618 συγκύπτοντες,
1709 1554 1804 1606 καὶ

229 1634 468 1706 πληρεις
492 1638 548 1688 αἱ
584 1637 805 1698 τούτους
833 1638 1221 1709 ὑποδεχόμεναι
1261 1641 1435 1693 ἑστίαι
1461 1656 1475 1671 ·
1506 1642 1599 1692 καὶ
1629 1642 1806 1704 οὐδεὶς

230 1728 567 1797 κατεγκαλεῖ
616 1730 714 1800 τὴν
758 1731 1079 1800 ἐπιμέλειαν
1112 1747 1124 1760 ·
1162 1731 1282 1783 οὐδὲ
1311 1734 1657 1784 καταιτιᾶται
1714 1732 1804 1784 τὸν

231 1823 370 1890 περὶ
398 1819 493 1891 τὴν
525 1821 767 1891 ἰατρείαν
825 1821 1437 1892 σπουδαιολογούμενον.
1497 1822 1658 1874 Ἀλλὰ
1707 1823 1803 1874 καὶ

1898 653 1983 700 εει
2015 644 2308 716 colligari?
2344 658 2452 699 non
2485 652 2679 698 contra
2729 640 3026 712 quemlibet
3073 639 3325 693 morbum
3374 651 3473 706 pro

1898 737 2038 792 virili
2063 738 2343 792 decertare
2371 752 2494 792 eum
2524 735 2617 805 qui
2651 733 2832 788 facere
2861 732 2913 786 id
2944 730 3120 800 possit
3145 729 3169 782 ’ἔ
3199 727 3264 782 Ει
3288 727 3473 796 utique

1898 829 1954 884 in
1989 828 2216 884 medicis
2250 842 2542 897 corporum
2597 825 2890 880 maximam
2945 821 3282 889 diligentiam
3315 817 3474 872 adhi-

1900 927 2111 987 bemus,
2159 936 2224 976 ac
2261 921 2657 976 medicamenta
2712 917 2967 987 plurima.
2996 912 3063 967 Et
3114 913 3203 967 hic
3251 911 3471 982 quidem

1898 1013 2084 1078 istum,
2121 1013 2286 1067 alium
2321 1012 2420 1067 iste
2446 1011 2752 1066 curandum
2785 1005 3053 1074 suscipit:
3079 1017 3255 1070 neque
3285 1001 3380 1071 qui
3417 1001 3472 1054 in

1900 1106 2092 1161 ordine
2137 1105 2518 1159 ministrorum
2573 1111 2829 1157 censetur
2858 1138 2875 1165 ,
2912 1098 3199 1152 admovere
3246 1108 3470 1148 manum

1900 1199 2260 1268 prohibetur,
2317 1196 2468 1265 juxta
2505 1210 2624 1249 eam
2669 1208 2832 1262 quam
2886 1191 3046 1245 callet
3087 1197 3254 1243 artem
3297 1183 3474 1243 medi-

1904 1289 2091 1356 candi,
2145 1289 2262 1344 sive
2305 1288 2677 1350 excellentem,
2716 1283 2832 1338 sive
2881 1281 3218 1338 inferiorem.
3248 1277 3316 1330 Et
3345 1284 3475 1332 sunt

1903 1381 2149 1452 quotidie
2181 1379 2273 1450 qui
2305 1379 2530 1433 vulnera
2564 1375 2889 1445 inspiciaut,
2920 1381 2971 1426 et
3007 1372 3180 1440 plena
3203 1377 3330 1423 sunt
3355 1382 3476 1436 quae

1904 1475 2009 1528 bos
2042 1473 2323 1541 excipiunt
2349 1471 2490 1525 aedes
2538 1487 2551 1521 :
2588 1483 2688 1521 nec
2717 1467 3004 1536 quisquam
3033 1460 3367 1531 diligentiam
3391 1472 3478 1510 re-

1903 1564 2211 1634 prehendit,
2245 1571 2340 1616 aut
2385 1569 2607 1615 accusat
2642 1574 2763 1612 eum
2789 1557 2882 1627 qui
2927 1557 3150 1610 medica:
3178 1555 3280 1607 arti
3303 1552 3481 1622 perdi-

1905 1655 2118 1710 scenda:
2160 1655 2252 1707 dat
2293 1668 2538 1722 Operam.
2570 1651 2672 1705 Sed
2701 1661 2754 1704 et
2787 1648 3058 1718 principes
3105 1659 3168 1699 ac
3219 1641 3478 1713 praecipui

1903 1751 2256 1813 medicorum,
2285 1756 2338 1802 et
2367 1746 2686 1807 mediocres,
2713 1752 2766 1797 et
2801 1741 2993 1803 inﬁmi,
3043 1739 3258 1808 plenum
3291 1735 3484 1788 huma-

1906 1839 2094 1895 uitatis
2120 1837 2442 1905 obsequium
2489 1833 2762 1890 deferunt.
2800 1830 2958 1896 Quod
2988 1829 3033 1884 si
3060 1828 3133 1881 ita
3155 1841 3213 1880 se
3251 1838 3341 1878 res
3371 1822 3487 1876 illic

233 1912 576 1982 πρώταρχοι,
601 1915 693 1965 καὶ
710 1915 1018 1984 ἀρχιητροὶ,
1037 1917 1132 1966 καὶ
1152 1914 1329 1983 μέσοι,
1363 1914 1457 1966 καὶ
1475 1914 1798 1974 τελευταῖοι,

1924 1935 2070 1988 labet
2107 1951 2120 1987 :
2161 1933 2334 1986 multo
2388 1930 2575 1985 verius
2631 1927 2819 1995 utique
2864 1925 2917 1978 in
2967 1921 3034 1976 iis
3073 1933 3194 1990 quae
3242 1916 3480 1970 animam

232 2004 334 2074 τὴν
385 2005 766 2074 φιλάνθρωπον
809 2007 1044 2076 δρῶντες
1094 2005 1429 2075 οἰκονομίαν.
1462 2007 1525 2059 El
1572 2007 1627 2059 δὲ
1685 2008 1802 2058 ἐκεῖ

232 2097 409 2158 οὑτως
435 2113 448 2127 ⁸
494 2096 670 2166 πολλῷ
698 2098 964 2168 δήπουθεν
995 2099 1051 2148 ἐν
1081 2099 1194 2158 τοῖς
1245 2097 1384 2150 κατά
1417 2098 1618 2168 ψυχὴν,
1659 2099 1803 2151 κατά

230 2190 296 2240 τὸ
329 2188 609 2256 ἀνάλογον,
641 2188 820 2241 πάντα
854 2189 946 2239 καὶ
975 2187 1167 2256 ὁρᾶται
1225 2189 1320 2240 καὶ
1368 2188 1574 2256 ὀφείλει
1621 2189 1803 2257 γίγνε-

235 2283 386 2332 σθαι.
411 2281 573 2334 Καὶό
607 2279 886 2341 κωλύσων,
923 2278 1137 2349 λυμεὼν
1171 2298 1254 2343 τις
1280 2282 1372 2333 καὶ
1407 2281 1583 2344 κοινὸς
1610 2283 1804 2353 ἐχθρὸς

232 2368 331 2421 τοῦ
358 2370 568 2437 γένους,
593 2367 667 2429 ὡς
688 2369 765 2437 τῷ
793 2369 886 2420 ἀπ’
930 2369 1104 2439 ἀρχῆς
1139 2370 1574 2440 ἀνθρωποκτόνῳ
1613 2387 1805 2440 συνερ-

237 2460 351 2527 γῶν
376 2458 776 2528 λογισθήσεται.
807 2459 907 2523 Οὑ,
939 2461 1092 2528 φησι,
1133 2462 1378 2514 τοιοῦτον
1404 2461 1464 2512 τὸ
1489 2462 1759 2531 ἡμέτερον
1791 2477 1801 2489 ⁸

234 2552 356 2606 ἀλλ’
380 2553 554 2603 ἐκεῖνο
580 2551 945 2621 πυνθάνομαι,
987 2555 1070 2606 δτι
1126 2555 1176 2606 εί
1210 2555 1236 2606 ὀ
1270 2554 1476 2623 Κύριος
1505 2553 1604 2622 τὴν
1642 2555 1801 2622 μετάο

235 2659 391 2696 νοιαν
430 2643 792 2713 παρατροπὴν
817 2639 982 2698 οὖσαν
1012 2645 1111 2715 τῆς
1140 2647 1234 2698 τοῦ
1270 2647 1480 2702 δικαίου
1519 2649 1810 2719 ἀκριϐείας

234 2736 329 2788 διὰ
360 2733 421 2786 τὸ
448 2734 727 2802 ἀγαθόνοὺ
757 2736 1063 2807 τεθάρῤηκε
1092 2737 1413 2808 δωρεῖσθαι,
1437 2741 1569 2812 πρὶν
1625 2743 1809 2794 πᾶσαν

235 2826 598 2898 ὀφειλομένην
634 2831 748 2891 τοῖς
781 2829 872 2880 τοῦ
905 2829 1117 2882 δικαίου
1156 2831 1417 2900 σταθμοῖς
1459 2850 1518 2885 τε
1578 2835 1672 2886 καὶ
1718 2835 1809 2898 ζυ-

237 2919 380 2985 γοῖς,
416 2917 484 2970 δι’
524 2917 717 2970 ἑαυτοῦ
751 2921 1082 2975 καταθέσθαι
1124 2923 1339 2976 δικαίαν
1368 2926 1642 2996 τιμωρίαν
1672 2944 1686 2959 ο
1728 2929 1810 2990 τίς

238 3009 517 3079 τολμηρὸς
546 3010 640 3064 καὶ
671 3011 1047 3082 ὑπερήφανος,
1078 3015 1135 3077 ὃς
1163 3014 1446 3087 ἐπιτρέψει
1494 3021 1674 3092 ἑαυτῷ
1717 3038 1812 3092 με·

241 3103 466 3154 τάνοιαν
496 3102 813 3172 καθαρίζειν
842 3104 955 3156 τῶν
987 3107 1384 3176 ἀρνησαμένων
1422 3111 1515 3164 τοῦ
1552 3113 1812 3184 Σωτῆρος

243 3193 405 3264 ἡμῶν
431 3195 669 3265 Χριστοῦ
699 3197 768 3247 τὰ
799 3197 938 3267 ὑπὲρ
973 3199 1132 3268 ἡμῶν
1168 3200 1468 3271 παθήματα
1489 3221 1500 3233 ·
1539 3204 1613 3276 μὴ
1678 3207 1814 3275 πρό-

1903 2032 2163 2096 spectant,
2217 2023 2572 2094 proportione
2621 2019 2737 2074 ﬁeri
2790 2016 2974 2070 omnia
3029 2023 3084 2068 et
3149 2009 3403 2064 videntur
3431 2014 3489 2059 et

1904 2132 2127 2174 necesse
2164 2126 2274 2170 est.
2299 2116 2377 2170 Ac
2412 2114 2457 2169 si
2489 2113 2610 2182 quis
2646 2107 3020 2179 prohibuerit,
3065 2100 3292 2157 humani
3327 2110 3487 2168 gene-

1905 2213 1985 2266 ris
2023 2212 2112 2265 ille
2143 2209 2311 2280 pestis
2342 2206 2588 2276 quaedam
2622 2211 2676 2258 et
2733 2199 3044 2256 communis
3078 2195 3252 2250 hostis
3293 2203 3488 2248 cense-

1907 2306 2054 2360 bitur
2085 2343 2101 2370 ,
2153 2315 2412 2372 tauquam
2463 2301 2514 2354 ei
2568 2298 2661 2368 qui
2711 2296 2779 2350 ab
2825 2294 2982 2349 initio
3030 2287 3304 2345 homicida
3356 2284 3486 2345 fuit.

1907 2397 2278 2452 consentiens.
2312 2391 2428 2446 Non
2467 2391 2583 2456 sic,
2628 2389 2829 2458 inquis,
2875 2392 3076 2439 nostra;
3116 2395 3206 2435 res
3241 2377 3486 2442 habent;

1909 2488 2005 2543 scd
2045 2486 2176 2541 illud
2207 2500 2338 2556 rogo
2368 2503 2382 2539 :
2414 2483 2461 2539 si
2501 2481 2767 2536 Dominus
2817 2473 3215 2546 pmniteutiam,
3247 2485 3366 2540 qua:
3392 2467 3490 2521 de-

1910 2579 2073 2634 feetio
2103 2586 2186 2632 est
2229 2576 2297 2630 ab
2322 2583 2514 2630 exacta
2543 2570 2754 2642 justitia
2785 2578 2839 2622 et
2866 2568 3066 2619 virtute
3087 2605 3102 2627 ,
3133 2558 3487 2632 quantumvis

1911 2667 2348 2728 commendanda
2375 2667 2465 2731 sit,
2488 2705 2503 2731 ,
2536 2679 2646 2719 non
2694 2675 2860 2716 ausus
2889 2667 2973 2712 est
3003 2655 3226 2726 praemio
3263 2651 3489 2714 donare,

1911 2772 2206 2830 antequam
2241 2759 2480 2812 debitam
2517 2753 2728 2810 meritis
2756 2764 2972 2822 prunam
3009 2759 3226 2801 omnem
3251 2743 3319 2798 ad
3353 2741 3495 2813 juris

1911 2864 1966 2911 et
2012 2852 2150 2923 aequi
2169 2851 2431 2906 trutinam
2462 2864 2526 2903 ac
2550 2857 2804 2903 stateram
2830 2858 2925 2912 per
2973 2855 3033 2895 se
3072 2854 3186 2908 ipse
3217 2837 3453 2891 solveret
3479 2850 3493 2888 :

1914 2947 2039 3018 quis
2077 2944 2254 3001 audax
2287 2942 2421 2996 adeo
2443 2955 2507 2995 ac
2545 2936 2872 2994 temerarius
2904 2975 2920 3000 ,
2960 2932 3053 3002 qui
3097 2932 3204 2984 hoc
3232 2927 3337 2983 sibi
3379 2926 3498 2995 ipse

1916 3012 2158 3105 arroget,
2209 3041 2269 3088 ut
2299 3029 2678 3102 paenitentiam
2729 3024 2919 3078 tollere
2969 3019 3098 3073 velit
3134 3030 3358 3080 eorum,
3403 3012 3496 3081 qui

1916 3131 2178 3186 toleratos
2225 3141 2255 3181 a
2298 3123 2517 3179 Christo
2569 3120 2854 3174 Servatore
2907 3122 3096 3168 nostro
3144 3115 3366 3179 propter
3398 3121 3500 3160 nos

1917 3224 2190 3280 cruciatus
2223 3224 2488 3288 negarunt
2510 3231 2527 3283 ;
2548 3212 2651 3267 nisi
2679 3211 2831 3282 prius
2857 3221 3019 3263 omne
3041 3205 3282 3260 debitum
3313 3199 3503 3256 exsol-

243 3303 406 3355 τερον
425 3287 642 3341 ἃπασαν
668 3287 876 3342 ἔκτισιν
905 3289 1199 3344 ἀποδοῦναι
1227 3295 1294 3363 τῇ
1320 3292 1413 3346 τοῦ
1438 3275 1648 3350 δικαίου
1675 3298 1816 3350 ἀπα-

1923 3316 2098 3370 veriut
2126 3354 2141 3379 ,
2185 3311 2254 3366 ad
2305 3315 2552 3364 exactam
2615 3311 2670 3359 et
2717 3300 3082 3357 inviolabilem
3123 3293 3323 3352 summi
3361 3291 3504 3362 juris

248 3381 474 3453 ραδάτῳ
494 3383 798 3455 αὑστηρίᾳ;

319 3499 424 3551 Φεῦ
467 3499 560 3553 τοῦ
594 3501 870 3572 τολμηροῦ
914 3503 1006 3555 καὶ
1080 3502 1343 3555 ἀσυνέτου
1396 3504 1818 3574 προϐλήματοςι

250 3590 393 3642 Πότε
421 3585 595 3644 ὦπται
631 3593 656 3643 ὁ
697 3591 932 3661 Χριστὸς
973 3591 1071 3661 τὴν
1127 3593 1422 3661 μετάνοιαν
1466 3595 1822 3662 εὐαγγελιζό-

256 3699 451 3753 μενος;
487 3685 616 3737 πότε
645 3683 726 3752 τῷ
770 3685 1130 3756 παραλυτικῴ
1177 3687 1400 3757 εἴρηκε·
1455 3687 1692 3755 Θάρσει,
1726 3688 1821 3740 τέ-

253 3792 425 3838 κνον,
467 3775 764 3843 ἀφέωνταί
792 3790 892 3830 σοι
948 3779 1008 3831 al
1052 3777 1330 3846 ἁμαρτίαι
1376 3794 1526 3841 σου;
1564 3780 1698 3832 Πότε
1751 3782 1816 3851 τῇ

251 3867 512 3939 δακρύοις
544 3867 814 3941 βρεχούσῃ
841 3871 1015 3943 πόρνῃ
1043 3871 1168 3933 τοὺς
1198 3870 1375 3932 θείους
1418 3871 1582 3934 πόδας
1605 3875 1638 3943 ἡ
1679 3873 1817 3944 αὑτὴ

255 3961 612 4030 συγχώρησις
635 3959 957 4031 δεδώρηται,
1001 3962 1409 4032 ὲπιπλήττουσα
1463 3965 1684 4034 Σίμωνα
1734 3966 1822 4018 τὸν

256 4052 582 4122 ἑστιάτορας
630 4052 768 4108 Πότε
810 4056 887 4126 τῷ
940 4057 998 4107 ὲν
1044 4054 1297 4124 ἀσθενείᾳ
1345 4059 1736 4129 κατακειμένῳ
1755 4061 1831 4113 ἰὲν

255 4148 554 4218 τριάκοντα
589 4149 683 4204 καὶ
731 4149 876 4203 ὀκτὼ
929 4149 1108 4202 ἔτεσιν
1161 4149 1377 4218 εἴρηται
1408 4166 1422 4180 ο
1483 4149 1606 4205 Ἴδε
1655 4151 1832 4220 ὑγιὴς

256 4241 532 4311 γέγονας,
557 4243 768 4312 μηκέτι
801 4242 1103 4312 ἁμάρτανε
1130 4258 1144 4271 ·
1181 4243 1282 4295 ἵνα
1309 4241 1394 4310 μὴ
1421 4243 1625 4311 χεῖρόν
1648 4245 1705 4297 τί
1732 4262 1832 4298 σοι

258 4332 506 4401 γένηται
539 4351 554 4366 ·
588 4335 665 4398 ὡς
719 4335 778 4399 ἐξ
808 4335 1087 4405 ἁμαρτίας
1133 4334 1335 4404 δηλαδὴ
1389 4334 1488 4402 τῆς
1548 4335 1836 4399 ἀσθενείας

261 4425 679 4496 ἔπισκηψάσης;
718 4428 853 4480 ἀλλά
884 4428 1022 4481 ἅττα
1052 4428 1150 4480 οὑκ
1197 4425 1455 4499 εὔκαιρον
1512 4427 1837 4496 ὑποφαίνειν

261 4516 665 4588 ἀνελιττομένῳ
702 4520 1032 4589 θεοσημείας
1077 4518 1213 4590 ἔργα
1240 4536 1255 4552 ·
1304 4520 1534 4588 πότερον
1581 4519 1688 4590 πρὸ
1740 4520 1835 4572 τοῦ

1921 3408 2092 3479 legem
2115 3407 2138 3459 ?

1996 3500 2139 3554 Proh
2188 3495 2367 3552 audax
2425 3502 2480 3547 et
2534 3490 2856 3546 inconsulta:
2909 3486 3111 3542 mentis
3150 3482 3440 3555 quaesitum
3487 3481 3501 3533 l

1924 3600 2282 3669 Quandonam
2308 3594 2460 3647 visus
2481 3597 2566 3645 est
2593 3588 2844 3643 Christus
2890 3584 3264 3656 paenitentiam
3294 3595 3508 3634 annun—

1931 3695 2072 3748 tians
2100 3684 2498 3754 ‘IQuandonam
2550 3677 2848 3749 paralytico
2896 3675 3032 3729 dixit
3063 3689 3080 3728 :
3123 3673 3376 3740 Conﬁde,
3403 3673 3507 3741 ﬁlio

1929 3783 2272 3837 remittuntur
2297 3773 2388 3827 tibi
2413 3779 2627 3841 peccata
2648 3779 2738 3822 tua
2755 3768 2800 3799 “
2820 3767 2843 3820 ?
2865 3765 3096 3832 Quando
3114 3766 3161 3819 ei
3196 3779 3315 3834 qua:
3335 3763 3511 3835 lacry-

1933 3873 2038 3927 mis
2066 3871 2282 3926 divinos
2308 3866 2471 3936 pedes
2502 3861 2723 3933 rigavit,
2759 3860 2948 3915 eadem
2981 3867 3190 3912 asserta
3222 3856 3378 3912 venia
3400 3867 3511 3923 est,

1933 3981 2058 4024 cum
2106 3960 2531 4034 reprehensione
2583 3955 2823 4012 Simonis
2877 3954 2969 4023 qui
3026 3952 3280 4008 convivio
3331 3952 3511 4022 ipsum

1933 4067 2222 4129 exceperat
2258 4054 2346 4107 “‘2
2383 4050 2613 4118 Quando
2647 4050 2696 4106 ei
2728 4049 2821 4119 qui
2847 4055 2966 4102 erat
2999 4045 3052 4100 in
3083 4045 3392 4099 infirmitate
3418 4059 3514 4113 po-

1935 4155 2074 4210 situs
2099 4151 2167 4205 ab
2215 4147 2375 4203 annis
2417 4153 2542 4199 octo
2573 4151 2625 4198 et
2649 4142 2870 4212 triginta
2901 4181 2916 4206 ,
2948 4139 3152 4193 dictum
3204 4147 3288 4192 est
3318 4155 3334 4192 :
3379 4135 3516 4192 Ecce

1936 4260 2098 4298 sanus
2136 4242 2309 4311 factus
2334 4255 2408 4302 es,
2438 4238 2559 4306 jam
2610 4234 2719 4289 noli
2748 4248 2964 4304 peccare
2995 4247 3013 4286 :
3048 4247 3109 4284 ne
3151 4229 3381 4283 deterius
3418 4229 3516 4284 tibi

1939 4336 2138 4407 aliquid
2162 4334 2428 4401 contingat
2458 4329 2505 4362 “
2533 4347 2548 4384 :
2575 4337 2837 4399 tanquam
2862 4336 2978 4380 orta
3007 4323 3254 4378 videlicet
3295 4338 3360 4377 ex
3391 4337 3520 4394 pec-

1938 4438 2062 4483 cato
2092 4424 2411 4497 aegritudine
2443 4421 2467 4476 ?
2504 4421 2712 4476 Caetera
2734 4459 2750 4486 ,
2791 4433 2908 4489 qum
2942 4417 3383 4485 intempestivum
3446 4415 3520 4472 sit

1942 4531 2234 4590 suggerere
2271 4516 2470 4571 divinae
2498 4513 2715 4568 virtutis
2753 4524 2916 4580 opera
2946 4508 3298 4578 pervolventi,
3334 4517 3517 4561 utrum

263 4606 494 4672 πάθους,
527 4609 557 4678 ἢ
584 4611 724 4679 μετά
759 4613 820 4664 τὸ
854 4612 1052 4678 πάθος;
1086 4613 1148 4664 Εἰ
1177 4612 1233 4665 δὲ
1273 4613 1439 4665 πᾶσιν
1481 4610 1702 4682 εῦδηλον
1745 4631 1817 4666 κα

1946 4620 2070 4666 ante
2129 4609 2439 4681 passionem
2480 4614 2629 4677 gesta
2686 4615 2834 4668 sunt,
2873 4617 2942 4657 an
2984 4607 3108 4670 post
3159 4597 3522 4668 passionem?

261 4699 725 4770 ὁμολογούμενον,
766 4704 846 4756 δτι
907 4705 1012 4774 πρὸ
1058 4703 1152 4758 τοῦ
1214 4704 1441 4768 πάθους,
1501 4704 1691 4776 ὥσπερ
1740 4707 1837 4758 καὶ

264 4791 396 4853 τοὺς
460 4792 713 4864 μαθητὰς
759 4795 1124 4858 ἀπεσταλκὼς
1176 4795 1389 4849 δίδωσιν
1430 4796 1702 4860 ἐξουσίαν,
1733 4794 1840 4851 πᾶ-

266 4899 392 4939 σαν
419 4885 607 4942 νόσον
635 4887 733 4940 καὶ
791 4889 1000 4943 πᾶσαν
1033 4889 1336 4958 μαλακίαν
1379 4892 1728 4958 θεραπεύειν
1751 4906 1765 4921 ο
1804 4889 1838 4957 ἦ

268 4993 356 5039 τις
380 4975 467 5028 διά
489 4976 587 5046 τῆς
612 4977 720 5030 τῶν
746 4980 1197 5050 προσευχομένων
1222 4976 1380 5050 [ϐοά.
1436 4981 1567 5049 Reg.
1606 4997 1842 5050 προσερ-

270 5068 546 5141 χομένων]
609 5071 899 5140 μετανοίας
945 5074 1037 5126 καὶ
1077 5073 1446 5134 ὑποπτώσεως
1497 5073 1839 5142 ὲδεδώρητο·

271 5161 360 5224 τίς
387 5163 418 5231 ή
459 5162 707 5233 τολμηρά
739 5164 964 5232 γλῶσσα
989 5165 1436 5233 ὲπιφθεγγομένη
1472 5164 1545 5234 μὴ
1575 5165 1846 5237 τεθαρρη-

274 5253 433 5306 κέναι
456 5254 712 5324 Χριστὸν,
738 5256 847 5326 πρὸ
875 5256 970 5309 τοῦ
992 5259 1121 5326 πρὶν
1140 5258 1321 5309 πᾶσαν
1352 5256 1713 5325 ὀφειλομένην
1733 5261 1847 5318 τοῖς

275 5343 376 5398 τοῦ
417 5343 628 5398 δικαίου
664 5349 922 5418 σταθμοῖς
963 5365 1022 5400 τε
1050 5348 1147 5401 καὶ
1187 5347 1374 5416 ζυγοῖς
1406 5346 1471 5399 δι’
1504 5346 1698 5398 ἑαυτοῦ
1747 5365 1846 5400 κα-

277 5436 544 5490 ταθέσθαι
601 5439 819 5492 δικαίαν
875 5440 1186 5511 τιμωρίαν’
1246 5440 1541 5495 κάντεῦθεν
1589 5441 1849 5509 ἐπιτιμᾷν

281 5532 399 5591 τοῖς
427 5530 525 5601 τῆς
554 5536 851 5602 μετανοίας
902 5534 1323 5603 ἀναδεξαμένοις
1358 5533 1457 5604 τὴν
1493 5533 1806 5602 οἰκονομίαν
1834 5548 1848 5560 ·

281 5622 362 5686 ὡς
388 5623 678 5696 τολμηροῖς
729 5627 820 5678 καὶ
853 5627 1231 5697 ὑπερηφάνοις
1260 5644 1274 5657 ο
1315 5628 1388 5696 μὴ
1421 5625 1688 5698 πρότερον
1713 5624 1857 5678 ᾶπα-

291 5731 394 5770 σαν
423 5716 713 5771 ἀποτίσαοι
748 5719 848 5790 τὴν
878 5719 971 5773 τοῦ
1007 5720 1218 5773 δικαίου
1257 5720 1594 5791 αὑστηρίαν;
1637 5718 1669 5789 ἢ
1701 5719 1858 5787 δῆλον

1943 4694 2098 4770 Quod
2134 4703 2179 4756 si
2215 4698 2562 4754 manifestum
2615 4697 2868 4753 omnibus
2938 4694 3359 4762 confessumque
3416 4699 3520 4757 est,

1948 4806 2074 4852 ante
2113 4794 2420 4864 passionem
2453 4800 2601 4861 gesta
2631 4809 2646 4847 :
2686 4790 3144 4859 quemadmodum
3183 4795 3238 4842 et
3275 4784 3524 4854 discipu-

1949 4888 2017 4942 lis
2054 4901 2195 4955 quos
2248 4882 2419 4946 misit,
2462 4882 2609 4936 dedit
2645 4890 2994 4951 potestatem,
3023 4889 3078 4933 ut
3133 4885 3382 4932 curarent
3412 4892 3525 4930 om-

1949 4996 2064 5034 nem
2101 4979 2408 5048 languorem
2438 4985 2487 5028 et
2519 4991 2720 5028 onmem
2754 4973 3118 5042 inﬁrmitatem
3141 4971 3221 5025 "z
3254 4984 3374 5038 qua:
3403 4984 3527 5037 pro-

1951 5083 2066 5143 pter
2097 5070 2434 5140 precantium
2469 5066 2840 5136 pcenitentiam
2867 5080 2930 5120 ac
2949 5064 3371 5119 submissionem
3398 5061 3522 5116 data

1952 5170 2080 5218 est:
2121 5171 2324 5231 quanta
2364 5161 2591 5214 audacia
2623 5169 2706 5215 est
2754 5159 2951 5228 linguze
2983 5158 3230 5221 dicentis.
3273 5173 3381 5211 non
3425 5170 3529 5210 au-

1955 5271 2077 5311 sum
2127 5269 2250 5311 esse
2301 5252 2602 5317 Christum,
2673 5263 2962 5321 antequam
3025 5251 3262 5306 debitam
3320 5249 3531 5303 meritis

1956 5365 2173 5420 poenam
2205 5363 2422 5404 omnem
2443 5351 2510 5402 ad
2547 5346 2688 5417 juris
2738 5347 3003 5400 trutinam
3054 5352 3108 5397 et
3147 5352 3402 5398 stateram
3438 5356 3533 5412 per

1962 5457 2022 5497 se
2049 5442 2283 5512 quisque
2313 5439 2548 5494 solveret
2581 5454 2597 5494 :
2627 5447 2791 5507 atque
2813 5435 3018 5490 idcirco
3048 5434 3116 5488 iis
3139 5433 3232 5502 qui
3265 5432 3534 5501 paeniten-

1959 5534 2089 5587 tiam
2130 5531 2458 5595 admittunt,
2496 5530 2957 5600 diSpensationem
3008 5527 3338 5597 exprobrare
3362 5565 3377 5591 ,
3411 5533 3534 5577 tan-

1966 5639 2129 5694 quam
2181 5622 2477 5678 audacibus
2526 5637 2591 5676 ac
2647 5619 2928 5690 superbis,
2970 5619 3074 5675 nisi
3129 5631 3346 5673 omnem
3386 5617 3536 5687 prius

1966 5714 2106 5786 juris
2158 5714 2392 5785 rigorem
2430 5713 2802 5784 expleverint?
2832 5710 3024 5768 Nonne
3081 5712 3197 5767 hac
3253 5707 3539 5766 manifeste

372 5894 417 5925 ”
449 5894 638 5952 Matth.
679 5911 751 5963 ix,
793 5896 846 5951 2.
923 5899 966 5930 ⁵⁸
998 5897 1127 5954 Luc.
1161 5913 1255 5964 vn,
1290 5897 1377 5953 Μ.
1453 5897 1496 5928 ⁸⁸
1526 5895 1684 5952 Joan.
1718 5911 1768 5959 v,
1798 5895 1818 5947 l

1961 5895 2005 5926 "
2031 5893 2222 5949 Matth.
2250 5909 2304 5961 χ,
2328 5894 2378 5946 l.
