4156 6470
704 358 830 424 1511
1882 365 1942 424 S-
1973 362 2282 424 ΤΗΕοΒο

2412 365 2763 429 ΒἸἭΙΠΤΑΞ
3814 368 3950 436 1512

694 476 1018 536 Pharisalca
1061 479 1261 536 mentis
1315 480 1649 552 obiurgatio,
1687 495 1751 538 ac
1789 479 2116 538 Novatianm
2148 497 2279 538 cru-

2386 485 2460 537 Ετι
2490 486 2827 556 Φαρισαϊκῆς
2860 485 3100 549 διανοίας
3133 488 3165 557 ἠ
3194 487 3507 558 ὲπίπληξις,
3534 487 3629 541 καὶ
3668 485 3950 544 Naucrata-

695 565 928 625 delitatis
954 571 1254 639 prohibitio
1288 583 1376 628 est
1413 571 1439 626 ἲ
1467 573 1595 627 Vide
1619 573 1802 642 igitur,
1830 587 1862 627 ο
1893 573 1994 638 vir,
2021 582 2100 637 ut,
2144 584 2195 627 te
2220 573 2273 627 in

2386 579 2534 646 νικῆς
2574 579 2972 649 ἀπανθρωπίας
3008 579 3041 650 ἡ
3094 581 3503 653 ἀπαγόρευσιςς
3537 582 3687 652 Ὅρα
3739 583 3806 653 δὴ
3861 581 3952 638 οὖν

692 661 926 717 sublime
976 663 1232 729 efferens,
1266 665 1319 720 in
1374 666 1734 736 praecipitium
1785 667 2083 730 corrueris.
2121 675 2277 720 extra

2386 669 2586 733 λοιπὸν,
2619 665 2663 722 ὦ
2696 670 2852 740 ἆνερ,
2888 668 3000 725 οἷον
3034 672 3540 742 ἀπομετεωρισθεὶς
3573 675 3954 745 κατεκρημνί-

693 755 944 825 proprios
1013 755 1149 812 ﬁnes
1181 766 1236 812 et
1281 759 1552 814 cancellos
1596 773 1884 827 egressus,
1921 774 2019 811 nec
2054 773 2278 813 servans

2386 764 2535 833 σθης,
2572 766 2678 818 τῶν
2709 766 2930 818 οἰκείων
2951 765 3168 837 μέτρων
3201 765 3425 830 ὲκστάς,
3459 767 3552 818 καὶ
3584 766 3660 836 μὴ
3695 784 3956 834 συντετη-

693 860 819 901 eum
849 860 961 917 quo
997 849 1253 916 praeditus
1278 866 1335 904 es
1379 850 1660 920 dignitatis
1704 850 1972 920 gradum?
1997 847 2114 903 Non
2147 850 2278 920 legi-

695 936 766 992 sti
803 952 1020 994 omnem
1043 941 1358 1012 episcopum
1393 944 1539 998 sedis
1587 944 1778 998 alienae
1813 945 2144 1005 invasorem,
2177 960 2280 999 ex-

696 1029 1160 1086 communicatum
1218 1035 1387 1087 esse?
1419 1033 1542 1088 Non
1597 1037 1869 1088 mittebant
1917 1051 2002 1089 eos
2037 1074 2052 1098 ,
2078 1035 2278 1104 inquit,

695 1129 746 1172 et
775 1121 880 1183 ipsi
932 1123 1313 1191 prop/aetobaut
1349 1123 1413 1178 “.
1459 1124 1523 1180 Et
1559 1140 1577 1179 :
1610 1126 1722 1180 Nec
1781 1128 2059 1195 quicquam
2116 1127 2279 1180 sumit

697 1209 800 1262 sibi
843 1209 1097 1266 honorem
1121 1255 1136 1280 ,
1167 1216 1258 1268 sed
1290 1216 1382 1286 qui
1451 1227 1668 1270 vocatur
1701 1233 1733 1269 α
1762 1215 1895 1270 Deo.
1927 1216 2019 1271 Sic
2041 1226 2090 1270 et
2121 1214 2279 1272 Chri-

697 1310 813 1355 stus
847 1318 950 1356 non
979 1307 1317 1374 semetipsum
1351 1308 1666 1376 clariﬁcavit
1691 1319 1746 1360 ut
1788 1307 2035 1378 Pontifex
2071 1309 2220 1378 ﬁeret
2250 1325 2269 1364 :

697 1395 1170 1462 quemadmodum
1205 1399 1468 1466 scriptum
1509 1409 1624 1465 «st,
1684 1400 1774 1453 sed
1813 1401 1903 1471 qui
1956 1401 2162 1454 locutus
2200 1411 2278 1456 est

697 1486 770 1538 ad
799 1501 916 1539 eum
948 1502 968 1541 :
1004 1486 1080 1542 Tu
1115 1506 1166 1544 es
1191 1493 1434 1544 sacerdos
1459 1508 1510 1544 ιη
1537 1503 1792 1545 αἰενηιιηι
1822 1494 2106 1546 secundum
2129 1494 2279 1546 ordi-

697 1591 814 1632 nem
846 1577 1228 1636 Melchisedech
1263 1582 1330 1636 δ’.
1362 1580 1438 1637 Te
1474 1598 1624 1648 vero,
1660 1583 1843 1645 frater,
1881 1585 2006 1652 quis
2036 1585 2273 1650 vocavit,

698 1681 795 1726 aut
853 1671 979 1742 quis
1038 1673 1406 1744 legislatorem
1469 1676 1751 1730 c0nstituit
1793 1678 1844 1730 in
1885 1676 2122 1732 Ecclesia
2162 1675 2277 1739 Dei,

697 1762 792 1832 qui
818 1780 993 1834 neque
1032 1781 1224 1835 parere
1259 1767 1399 1822 forte
1441 1767 1681 1823 didicisti
1716 1769 1740 1821 ?
1770 1769 1843 1823 Ac
1880 1769 2107 1838 proinde
2153 1785 2277 1824 cum

697 1855 848 1910 visus
879 1857 1119 1910 nondum
1147 1858 1224 1913 sis
1283 1861 1537 1928 cuiquam
1584 1860 1851 1928 imperare
1889 1879 1902 1914 :
1938 1861 2104 1927 legem
2135 1862 2278 1916 acci-
2315 1840 2356 1898 Β

700 1961 827 2016 pere
857 1957 908 2002 te
932 1949 1114 2004 verius
1150 1959 1234 2005 est
1259 1966 1423 2020 quam
1448 1954 1748 2020 imponere.
1778 1969 1939 2006 manu
1975 1954 2084 2022 regi
2115 1969 2279 2022 quam

701 2050 907 2104 regere,
962 2037 1141 2093 lucem
1199 2041 1439 2094 mutuari
1490 2055 1654 2110 quam
1708 2041 2027 2110 impertiri,
2068 2043 2281 2099 discere

697 2141 862 2196 quam
892 2128 1090 2186 docere
1125 2148 1138 2186 :
1180 2144 1234 2186 et
1257 2147 1322 2186 ex
1351 2133 1428 2188 rei
1469 2133 1666 2200 prioris
1691 2135 2065 2204 experimento
2102 2136 2168 2190 ad
2205 2136 2282 2190 al-

696 2227 871 2274 teram
925 2223 1153 2292 gradum
1186 2222 1368 2279 facere
1405 2225 1908 2294 :quemadmodum
1967 2225 2070 2280 fert
2098 2226 2281 2282 divina

697 2313 804 2378 lex,
822 2315 1037 2384 egregie
1059 2315 1260 2373 divinis
1276 2317 1639 2388 humanisque
1659 2319 1948 2374 sententiis
1962 2322 2279 2374 constituta.

768 2406 956 2476 Neque
1004 2410 1150 2462 enim
1191 2411 1272 2465 sic
1298 2411 1698 2476 existimemus,
1732 2428 1764 2465 ο
1795 2413 1988 2476 amice,
2022 2414 2068 2468 si
2098 2413 2190 2480 qui
2215 2427 2282 2466 ex

697 2499 904 2552 insulsa
937 2502 1200 2567 sapientia
1239 2503 1418 2557 sciant
1455 2503 1686 2571 aliquid,
1711 2518 1775 2557 ac
1804 2502 2073 2556 nefarium
2109 2504 2283 2556 incul-

695 2601 821 2644 cent
876 2606 1211 2655 sermonem,
1239 2608 1303 2647 ea
1337 2609 1394 2647 re
1425 2594 1604 2664 legum
1650 2594 1851 2648 latores
1887 2595 2022 2648 ellici
2061 2613 2073 2648 :
2104 2596 2282 2664 siqui-

694 2685 817 2738 dem
863 2694 917 2740 et
951 2685 1204 2742 Moabitis
1246 2696 1300 2744 et
1344 2688 1678 2744 Ammonitis
1713 2689 1898 2744 aditus
1939 2690 2004 2743 ad
2037 2690 2281 2743 divinum

695 2776 866 2830 altare
910 2791 1018 2830 non
1064 2777 1242 2847 patuit
1269 2795 1281 2830 :
1311 2779 1404 2834 sed
1461 2795 1600 2849 quos
1627 2780 1830 2834 Christi
1863 2780 2125 2834 imitatrix
2149 2779 2282 2834 obe-

694 2867 900 2923 dientia
947 2871 1280 2939 probaverit,
1311 2886 1452 2941 quos
1490 2872 1752 2928 diuturna
1785 2873 2046 2943 patientia
2095 2873 2282 2942 explo-

696 2959 920 3019 raverit,
971 2974 1112 3029 quos
1167 2962 1482 3030 evangelica
1529 2962 1778 3015 doctrina
1839 2962 2132 3031 perfecerit
2173 2979 2186 3016 :
2235 2962 2280 3016 si

2382 857 2566 929 ρηκὼς
2591 857 2770 928 ἑαυτῷ
2801 859 2861 911 τὸ
2892 857 3011 912 ὲνόν
3051 876 3134 911 σοι
3181 859 3429 929 ἀξίωμα;
3469 860 3537 911 'H
3570 861 3672 912 οὑκ
3706 861 3954 927 ἀνέγνως

2377 950 2450 1010 ώς
2493 952 2601 1013 πᾶς
2642 950 3196 1021 ἀλλοτριοεπίσκοπος
3245 953 3625 1020 ὲκκήρυκτος;
3673 951 3786 1003 Καὶ
3845 953 3954 1003 οὐκ

2378 1040 2763 1096 ἀπέστελλον
2780 1040 3021 1107 αὐτοὺς,
3055 1043 3211 1111 φησὶ,
3233 1041 3330 1095 καί
3356 1041 3794 1109 προεφήτευσαν.
3823 1042 3952 1102 Καὶ,

2383 1135 2507 1201 Οὐχ
2536 1129 2728 1196 ἐαυτῷ
2760 1148 2851 1196 τις
2881 1117 2996 1198 m}
3046 1131 3225 1201 τιμὴν
3251 1131 3569 1200 λαμϐάνει,
3614 1131 3757 1184 ἀλλ’
3787 1135 3821 1184 d
3859 1149 3958 1184 κα-

2377 1227 2676 1294 λούμενος
2724 1226 2842 1279 ὑπὸ
2875 1224 2980 1278 τοῦ
3024 1224 3193 1280 Θεοῦ.
3252 1225 3452 1289 Οὕτως
3482 1224 3580 1277 καί
3635 1227 3667 1277 o'
3699 1223 3958 1291 Χριστός

2379 1317 2491 1383 οὐχ
2527 1311 2745 1368 ἑαυτὸν
2763 1314 3021 1378 ἐδόξασε
3048 1316 3324 1383 γενέσθαι
3350 1314 3631 1383 ἀρχιερέα
3660 1331 3674 1344 ’
3717 1315 3866 1367 κατὰ
3900 1316 3957 1367 τὸ

2379 1408 2768 1478 γεγραμμένον
2791 1424 2805 1437 ο
2846 1407 2986 1461 ἀλλ’
3017 1409 3049 1462 ό
3074 1407 3360 1476 λαλήσας
3407 1408 3557 1474 πρὸς
3585 1408 3777 1460 αὐτόν
3802 1423 3817 1436 ο
3876 1406 3958 1458 Σὺ

2380 1499 2573 1567 ἱερεὺς
2606 1495 2662 1553 εἴ
2687 1500 2774 1565 είς
2797 1499 2902 1552 τὸν
2923 1496 3110 1552 αἰῶνα
3132 1498 3283 1550 κατά
3312 1497 3426 1565 τὴν
3448 1497 3624 1560 τάξιν
3654 1500 3959 1565 Μελχισε-

2378 1591 2507 1647 δέκ.
2533 1593 2599 1645 Σὲ
2628 1593 2685 1646 δὲ
2718 1593 2802 1655 τίς
2857 1591 3158 1662 κέκληκεν,
3190 1590 3406 1659 ἀδελφὲ,
3441 1592 3525 1652 τίς
3557 1590 3613 1641 δὲ
3649 1591 3959 1658 κατέστησε

2379 1685 2677 1755 νομοθέτην
2704 1685 2797 1736 ἐπὶ
2840 1684 2940 1753 τῆς
3005 1683 3336 1752 Ἐκκλησίας
3382 1682 3478 1735 τοῦ
3516 1681 3678 1744 θεοῦ,
3726 1681 3786 1743 ὃς
3822 1681 3960 1750 μηδὲ

2383 1777 2648 1849 ἄρχεσθαι
2686 1776 2848 1846 τυχὸν
2883 1775 3262 1847 μεμαθηκώς;
3299 1778 3422 1829 Κάκ
3441 1774 3634 1828 τούτου
3657 1773 3732 1844 μὴ
3766 1773 3960 1843 ἄρχειν

2384 1869 2529 1931 τινὸς
2557 1867 2991 1937 τεθεωρημένος,
3025 1868 3262 1934 ὀφείλεις
3292 1863 3704 1935 νομοθετεῖσθαι
3755 1863 3960 1934 μᾶλλον

2383 1961 2418 2032 ἢ
2442 1959 2754 2029 νομοθετεῖν
2794 1977 2807 1990 ’
2844 1959 3308 2029 χειραγωγεῖσθαι
3355 1957 3556 2028 μᾶλλον
3595 1956 3629 2026 ἢ
3682 1973 3964 2025 χειραγω-

2385 2053 2536 2120 γεῐνο
2576 2049 2904 2121 φωτίζεσθαι
2957 2050 2989 2117 ἢ
3043 2049 3300 2118 φωτίζειν
3331 2067 3344 2082 ·
3403 2048 3756 2103 διδάσκεσθαι
3809 2048 3844 2117 ἢ
3881 2047 3961 2100 δι·-

2383 2145 2603 2198 δάσκειν
2640 2161 2652 2172 ’
2684 2146 2794 2197 κάκ
2815 2140 3029 2212 τῆςτοῦ
3063 2143 3333 2212 προτέρου
3379 2141 3576 2213 πείρας
3614 2141 3708 2192 ἐπὶ
3731 2139 3795 2192 τὸ
3839 2124 3963 2192 65'5-

2383 2254 2540 2308 τερον
2562 2237 2769 2290 ἀνιέναι
2801 2251 2814 2262 ⁸
2849 2237 3040 2305 ὥσπερ
3069 2235 3132 2304 δὴ
3160 2234 3302 2296 θεῖος
3339 2235 3506 2304 νόμος
3556 2235 3653 2286 καὶ
3683 2232 3958 2285 κάλλιστα

2384 2329 2524 2399 ἔχων
2544 2333 2645 2383 κάν
2666 2332 2777 2392 τοῖς
2801 2328 2986 2390 θείοις,
3006 2327 3106 2378 κάν
3135 2327 3244 2387 τοῖς
3275 2324 3633 2394 ἀνθρωπίνοις
3655 2323 3961 2392 ἀξιώμασι.

2457 2420 2548 2490 Μὴ
2581 2419 2690 2489 γὰρ
2727 2417 2988 2488 οἰώμεθα,
3017 2410 3062 2469 ὧ
3096 2412 3237 2484 φίλε,
3268 2413 3328 2466 τὸ
3358 2414 3422 2465 ὲκ
3451 2413 3549 2481 τῆς
3580 2412 3963 2482 μωρανθείπς

2385 2516 2578 2580 σοφίας
2610 2512 2809 2565 εἰδέναι
2840 2527 2894 2562 τι
2925 2507 3283 2577 φθέγγεσθαι,
3320 2505 3412 2557 καὶ
3444 2505 3766 2574 ἐπίτριπτον
3803 2503 3959 2569 λόγον

2385 2604 2809 2666 συνεισδάλλειν,
2838 2602 2998 2654 τοῦτο
3037 2600 3331 2667 καθίστησι
3357 2596 3672 2666 νομοθέταςο
3710 2596 3836 2647 ἐπεὶ
3868 2594 3962 2645 καὶ

2384 2696 2698 2756 Μωαϐίταις
2727 2696 2821 2747 καὶ
2854 2692 3214 2763 Ἀμμανίταις
3239 2692 3340 2744 οὐκ
3371 2687 3638 2756 είσιτητὸν
3666 2686 3962 2753 θυσιαστή-

2386 2807 2521 2861 ριον’
2555 2789 2669 2841 ἀλλ’
2693 2787 2785 2849 οὓς
2813 2786 3029 2855 ὑπακοὴ
3058 2785 3493 2856 χριστομίμητος
3523 2779 3838 2849 ἐδοκίμασε,
3872 2782 3963 2830 καὶ

2383 2878 2739 2950 πολυχρόνιος
2773 2876 3021 2946 ὑπομονὴ
3050 2875 3422 2944 ἐμαρτύρησε,
3457 2874 3551 2926 καί
3604 2871 3963 2939 εύαγγελικδς

2383 2974 2540 3042 λόγος
2575 2972 2912 3025 ἐτελείωσενο
2969 2971 3017 3020 εί
3073 2969 3129 3020 δὲ
3172 2968 3265 3020 καὶ
3314 2966 3637 3038 ὲξωτερικδς
3671 2963 3960 3034 πάρεστιν,

695 3065 824 3103 vero
850 3050 1013 3104 etiam
1036 3061 1260 3105 externa
1291 3053 1456 3116 adsit,
1480 3067 1588 3106 non
1617 3054 1961 3122 aspernanda
1992 3069 2005 3106 :
2033 3053 2076 3106 si
2098 3064 2278 3107 tamen

2386 3069 2483 3118 οὐκ
2510 3068 2704 3135 ἄχαρις
2725 3081 2736 3093 ο
2770 3061 2884 3130 εἴγε
2918 3060 3020 3113 ὑπὸ
3051 3059 3548 3130 ταπεινοφροσύνης
3595 3057 3961 3126 κεκόσμηται,

697 3144 1008 3199 humilitate
1047 3155 1134 3200 est
1177 3154 1478 3208 exornata,
1541 3145 1587 3198 si
1632 3145 1960 3216 evangelicae
2019 3145 2282 3200 doctrina:

2386 3160 2477 3211 καὶ
2501 3158 2604 3209 ὑπὸ
2626 3155 2721 3208 τοῦ
2753 3151 3109 3222 εύαγγελικοῦ
3137 3151 3542 3220 ἡγεμονεύοιτο·
3577 3150 3714 3204 ἀλλά
3745 3149 3823 3221 μὴ
3851 3150 3963 3210 τοῖς

697 3235 1012 3305 subjicitur,
1043 3251 1142 3290 nec
1173 3237 1414 3307 propriis
1447 3238 1659 3307 placitis
1707 3238 1993 3293 insolescit
2033 3256 2045 3291 :
2079 3240 2281 3308 quibus

2387 3252 2607 3313 οἰκείοις
2639 3248 2947 3317 ἀξιώμασιν
2976 3244 3354 3314 ἑναᾶρύνεται·
3387 3239 3466 3306 οἷς
3504 3245 3549 3296 oi
3595 3243 3963 3314 ἐναϐρυνόμε-

697 3329 791 3399 qui
819 3329 1146 3400 gloriantur,
1197 3341 1454 3400 tanquam
1483 3331 1792 3385 arundineo
1847 3331 2017 3386 innixi
2064 3333 2280 3399 baculo,

697 3423 895 3476 merito
923 3421 1323 3492 accepta‘plaga
1352 3421 1795 3490 confringuntur.
1823 3421 2046 3486 Verum,
2077 3423 2279 3491 inquis,

701 3518 814 3569 seio
869 3513 1073 3567 uictus
1135 3530 1252 3567 sum
1313 3530 1408 3583 pro
1461 3513 1776 3578 Domino“,
1829 3529 1930 3569 nec
1981 3515 2285 3569 tolerabilia

697 3617 829 3662 sunt
877 3621 940 3661 ea
1003 3622 1124 3676 qua:
1182 3605 1458 3660 videntur.
1493 3607 1560 3660 At
1601 3607 1689 3660 ubi
1722 3607 1902 3668 nobis,
1932 3607 2015 3660 vir
2055 3607 2281 3676 Optime,

699 3698 1002 3768 prophetiae
1035 3697 1240 3751 donum
1267 3696 1290 3749 ’ί
1321 3699 1411 3752 ubi
1454 3714 1612 3752 mons
1667 3697 1988 3752 Carmelus?
2019 3700 2109 3751 ubi
2159 3700 2282 3753 (ταιιὶ

699 3790 914 3846 claves?
941 3790 1028 3844 ubi
1064 3791 1283 3860 pallium
1331 3790 1628 3844 Jordanem
1669 3791 1938 3853 dividens,
1975 3791 2121 3860 quod
2159 3807 2283 3846 cum

700 3884 847 3938 dono
881 3883 1108 3953 spiritus
1133 3883 1366 3952 duplicis
1394 3882 1587 3938 Elismo
1610 3884 1900 3954 obtigit"?
1935 3884 2103 3940 Nobis
2155 3901 2285 3938 vero

702 3976 806 4031 etsi
833 3979 1036 4030 donum
1075 3975 1295 4045 aliquod
1331 3976 1595 4041 iuest,cui
1631 3976 2026 4046 relinquemus,
2059 3977 2152 4046 qui
2183 3992 2286 4030 nec

702 4067 1030 4137 discipulum
1084 4068 1388 4122 habemus?
1430 4067 1549 4122 Jam
1613 4068 1796 4138 itaque
1853 4067 2171 4133 videamus,
2222 4085 2287 4123 ne

702 4159 916 4229 majora
946 4159 1157 4214 viribus
1206 4169 1524 4229 appetentes
1548 4198 1564 4222 ,
1611 4175 1638 4214 a
1666 4160 1829 4230 justis
1861 4163 2023 4215 etiam
2055 4177 2117 4215 ac
2152 4161 2283 4230 legi-

703 4253 856 4308 timis
883 4253 1201 4322 excidamus
1240 4271 1254 4307 :
1295 4268 1426 4307 neve
1461 4253 1690 4308 culicem
1722 4253 2056 4319 cxcolantes,
2091 4254 2287 4322 glutia-

705 4360 832 4398 mus
864 4344 1132 4399 camelum
1150 4312 1196 4375 ι’
1232 4360 1244 4397 :
1279 4353 1374 4398 aut
1421 4343 1687 4399 festucam
1739 4360 1806 4400 ex
1832 4345 2008 4400 oculis
2057 4343 2286 4398 fratrum

707 4436 895 4491 tollere
943 4445 1245 4502 tentantes,
1283 4437 1385 4506 ipsi
1439 4438 1648 4492 trabem
1702 4437 1758 4491 in
1793 4437 1991 4502 oculis,
2027 4447 2086 4490 ut
2129 4435 2290 4504 vulgo

2384 3359 2485 3402 νοι,
2523 3342 2597 3403 ώς
2623 3341 2715 3392 ἐπὶ
2744 3337 3024 3408 καλαμίνῃ
3062 3334 3242 3406 ῥάϐδῳ
3275 3333 3699 3402 ὲπερειδόμενοι,
3734 3331 3961 3393 εἰκότως

2384 3431 2814 3502 τιτρωσκόμενοι
2851 3427 3309 3497 καταράσσονται.
3355 3423 3539 3488 Ἀλλὰ,
3581 3423 3735 3490 φησὶ,
3771 3422 3962 3490 ζηλῶν

2383 3520 2650 3585 ἐζήλωκα
2681 3518 2761 3583 τῷ
2801 3516 3014 3584 Κυρίῳ,
3050 3516 3144 3568 καὶ
3191 3515 3291 3567 οὐκ
3329 3514 3532 3566 ἀνεκτά
3575 3516 3644 3565 τα
3681 3513 3956 3582 ὁρώμενα.

2385 3613 2496 3664 Καὶ
2542 3609 2642 3662 ποῦ
2683 3610 2817 3678 ἡμῖν
2853 3609 2916 3660 τὸ
2940 3609 3040 3676 τῆς
3086 3606 3428 3677 προφητείας
3469 3603 3737 3674 χάρισμα,
3764 3597 3810 3655 ὦ
3843 3603 3962 3673 βέλη

2384 3719 2568 3765 nats;
2600 3701 2695 3753 καὶ
2728 3699 2830 3752 ποῦ
2872 3699 2934 3751 τὸ
2973 3699 3294 3768 Καρμήλιον
3325 3698 3482 3765 ὅρος;
3516 3698 3607 3750 καὶ
3639 3695 3742 3748 ποῦ
3785 3697 3842 3748 αί
3873 3696 3963 3748 ού-

2388 3796 2568 3865 ράνιαι
2600 3794 2781 3856 κλεῖς;
2811 3793 2904 3845 καὶ
2934 3791 3037 3844 ποῦ
3077 3793 3109 3860 ἡ
3156 3790 3518 3860 διατέμνουσα
3552 3791 3642 3842 τὸν
3693 3788 3961 3857 Ἰορδάνην

2390 3886 2633 3957 μηλωτὴ,
2665 3887 2721 3937 ὲν
2759 3883 2933 3954 διπλῷ
2959 3883 3258 3953 χαρίσματι
3296 3883 3374 3953 τῷ
3428 3881 3719 3952 Ἐλισσαίῳ
3748 3882 3962 3950 ἐπιφοι-

2385 3980 2631 4049 τήσασα;
2675 3978 2808 4046 ἡμῖν
2855 3975 2911 4026 δὲ
2959 3975 3007 4027 εί
3053 3974 3145 4026 καί
3193 3992 3244 4026 τι
3293 3976 3528 4042 πάρεστι
3558 3973 3829 4044 χάρισμα,
3861 3972 3964 4024 τίνι

2387 4066 2797 4120 καταλειπτέον·
2834 4065 2969 4135 μηδὲ
2993 4063 3252 4134 φοιτητὴν
3279 4066 3492 4134 ἔχουσιν
3520 4084 3533 4130 ;
3558 4064 3722 4117 Ὀθεν
3745 4062 3963 4114 σκοπῶ-

2391 4177 2490 4229 μεν
2518 4159 2616 4229 ἤδη
2663 4161 2858 4230 μήπως
2895 4159 3004 4211 τῶν
3049 4157 3189 4227 ὑπὲρ
3235 4157 3467 4226 δύναμιν
3517 4158 3824 4226 ἐφιέμενοι,
3872 4155 3964 4206 καὶ

2387 4250 2496 4303 τῶν
2529 4251 2765 4322 μετρίων
2801 4251 3204 4320 ἀποτύχοιμεν·
3241 4248 3376 4319 μηδὲ
3407 4250 3498 4302 τὸν
3531 4247 3772 4302 κώνωπα
3798 4246 3965 4300 διῡλί-

2389 4343 2594 4406 ζοντες,
2620 4343 2719 4411 τὴν
2750 4342 2996 4413 κάμηλον
3026 4342 3434 4410 καταπίνωμενο
3463 4341 3495 4410 ἢ
3531 4343 3628 4393 καὶ
3662 4341 3734 4393 τά
3777 4339 3964 4410 κάρφη

2391 4436 2456 4489 ὲκ
2496 4435 2606 4488 τῶν
2633 4435 2929 4506 ὀφθαλμῶν
2955 4435 3066 4488 τῶν
3098 4434 3340 4504 ἀδελφῶν
3369 4434 3610 4505 ἐξαίρειν
3638 4434 3965 4505 δοκιμάζον-

705 4527 930 4595 dicitur,
962 4539 1174 4600 gestare
1197 4529 1480 4584 videamur
1500 4529 1545 4563 ⁸³
1574 4548 1587 4582 :
1623 4540 1907 4600 propterea
1939 4533 2083 4598 quod
2114 4528 2202 4582 hic
2235 4539 2284 4582 et

2390 4542 2502 4592 τες,
2533 4528 2690 4581 αὐτοὶ
2721 4529 2820 4600 τὴν
2853 4529 3008 4581 δοκὸν
3048 4529 3142 4581 ἐπὶ
3174 4528 3281 4580 τῶν
3322 4527 3619 4598 ὀφθαλμῶν
3649 4529 3724 4598 μὴ
3757 4525 3968 4581 δοκοῦν-

708 4620 819 4674 lllic
876 4635 1270 4674 conversamur
1321 4629 1378 4674 et
1422 4621 1808 4686 convivamur,
1847 4621 1973 4690 jure
2019 4619 2283 4672 damnati.

712 4729 734 4765 ι
787 4709 857 4765 At
889 4711 996 4772 ille.
1051 4712 1247 4782 inquit,
1293 4713 1417 4767 licte
1467 4713 1832 4784 simulateque
1866 4713 2155 4767 confessus
2185 4719 2287 4773 est,

709 4813 868 4872 turpe
910 4802 1122 4860 facinus
1153 4819 1314 4858 suum
1367 4805 1651 4860 occultans
1705 4823 1719 4860 :
1763 4804 1907 4858 alius
1958 4802 2290 4872 impietatem

710 4897 919 4961 celans,
939 4897 1042 4952 alia
1071 4913 1170 4968 pro
1199 4898 1320 4953 aliis
1346 4909 1531 4953 narrat
1565 4916 1578 4952 :
1607 4912 1717 4968 quo
1747 4897 1932 4965 itaque
1980 4904 2140 4964 pacto
2181 4910 2293 4947 me-

712 4989 870 5044 dicus
887 5000 1163 5045 asseveret
1192 4990 1496 5046 sanationis
1524 4990 1622 5046 bos
1649 5005 1773 5044 esse
1797 4985 2113 5057 compotes?
2177 4983 2292 5038 Non

713 5078 876 5134 fidem
928 5078 1050 5144 hoc,
1104 5095 1137 5134 o
1191 5080 1331 5135 bone
1363 5081 1467 5144 vir,
1500 5080 1592 5134 sed
1629 5093 1811 5132 acrem
1853 5073 2294 5145 objurgationem

714 5181 978 5227 meretur.
1028 5169 1216 5240 Neque
1271 5172 1416 5225 enim
1471 5171 1764 5241 quisquam
1819 5166 1888 5221 ad
1952 5163 2295 5221 curationem

2391 4634 2481 4681 τες
2512 4619 2782 4688 φέρωμεν·
2817 4619 2877 4671 τὸ
2924 4619 2986 4688 δὴ
3023 4618 3312 4688 λεγόμενον
3371 4619 3430 4683 ἐξ
3478 4613 3553 4672 ῶν
3603 4634 3963 4688 συναναστρε-

2397 4711 2608 4778 φόμεθα
2647 4712 2740 4764 καὶ
2769 4711 3120 4779 συνεσθίομεν
3149 4704 3248 4764 ὧδε
3283 4712 3527 4772 κάκεῖσε,
3555 4709 3964 4778 καταγινωσκόο

2402 4817 2570 4868 μενοι.
2610 4821 2627 4851 ι
2677 4802 2732 4854 '0
2764 4803 2936 4866 δεῖνα,
2987 4802 3141 4872 φησι,
3188 4803 3397 4870 ψευδῶς
3437 4802 3790 4873 ὲξηγόρευκε,
3839 4803 3969 4872 κρύ-

2401 4908 2548 4946 πτων
2581 4893 2641 4946 τὸ
2674 4896 2899 4966 αίσχρὸν
2928 4893 3094 4949 αὐτοῦ
3143 4895 3447 4965 ἁμάρτημα
3469 4911 3484 4927 ⁸
3525 4895 3619 4948 καὶ
3646 4895 3805 4956 ἄλλος
3837 4894 3967 4963 κρύ⁸

2397 4982 2505 5050 ψας
2531 4983 2594 5036 τὸ
2631 4985 2907 5058 ἁσέσημα,
2948 4987 3111 5059 ἔτερα
3146 4987 3264 5040 ἀνθ’
3295 4988 3499 5060 ἑτέρων
3521 4987 3820 5057 ἐξηγεῖται,
3862 4987 3969 5041 Καὶ

2402 5074 2519 5138 πιῖις
2563 5077 2591 5129 ὁ
2643 5076 2806 5146 δῆθεν
2854 5079 3117 5151 ἰατρεύων
3167 5079 3392 5133 δύναται
3449 5079 3615 5148 φάναι
3673 5076 3966 5147 θεραπείας

2401 5170 2586 5223 τούσδε
2622 5175 3010 5244 τετυχηκέναι;
3055 5193 3072 5226 ι
3125 5174 3198 5228 Oi»
3248 5174 3585 5236 πιστευτέον,
3613 5165 3656 5225 ὦ
3681 5175 3802 5224 τᾶν·
3837 5171 3966 5226 ἀλλά

718 5265 864 5319 ultro
892 5278 950 5318 se
980 5262 1245 5328 conferat,
1271 5263 1364 5334 qui
1401 5279 1508 5316 non
1539 5272 1781 5332 retegere
1815 5259 2094 5330 proprium
2120 5255 2284 5311 scelus

2405 5261 2499 5313 καὶ
2529 5260 2646 5314 λίαν
2677 5263 3102 5334 κατηγορητέον.
3136 5262 3324 5325 Οὐδεὶς
3356 5262 3464 5330 γάρ
3497 5259 3837 5330 αὐθαιρέτως
3878 5259 3967 5310 ίὼν

722 5359 925 5428 cupiat.
985 5355 1176 5412 Utrum
1217 5370 1348 5412 vero
1377 5365 1430 5411 et
1467 5355 1682 5410 sincere
1713 5368 1958 5422 semper;
1991 5365 2098 5404 non
2127 5357 2277 5403 nostr

2407 5354 2540 5420 πρὸς
2575 5355 2718 5408 ίασιν
2765 5355 2840 5426 μὴ
2889 5355 3009 5425 οὐχὶ
3043 5353 3393 5424 ἀπογυμνοῦν
3442 5352 3501 5403 τὺ
3551 5352 3750 5403 οἰκεῖον
3799 5349 3966 5409 πάθος

713 5450 907 5523 judicii
962 5458 1069 5513 est,
1121 5449 1215 5506 sed
1263 5449 1604 5521 inspicientis
1657 5446 1771 5502 Dei.
1802 5446 1890 5500 Ait
1929 5445 2074 5499 enim
2111 5463 2125 5497 :
2167 5439 2284 5506 Qua

2406 5445 2711 5516 αἱρήσεται.
2745 5449 2808 5500 Ei
2835 5448 2890 5500 δὲ
2938 5448 3028 5501 καί
3066 5463 3158 5500 ποι
3196 5445 3418 5514 ἀληθὲς,
3448 5444 3546 5513 οὐχ
3573 5443 3730 5513 ἡμῶν
3759 5442 3818 5495 τὺ
3856 5442 3966 5512 κρίο

717 5542 938 5612 quidem
973 5551 1180 5611 patent,
1215 5541 1324 5596 Deo
1355 5557 1419 5598 ac
1448 5542 1609 5596 nobis
1644 5558 1656 5594 :
1684 5553 1806 5609 quae
1839 5536 2030 5602 latent,
2064 5533 2284 5588 Domino

2401 5552 2533 5602 νειν,
2565 5539 2701 5592 ἀλλά
2745 5539 2882 5593 Θεοῦ
2923 5539 3017 5593 τοῦ
3066 5539 3392 5611 ἐφορῶντος.
3430 5536 3569 5606 Φησὶ
3601 5537 3730 5606 γάρ·
3761 5536 3841 5588 re
3874 5535 3966 5604 μὲν

718 5627 830 5689 Deo
852 5633 1025 5688 tuo“.
1058 5632 1135 5686 Tu
1167 5649 1283 5688 vero
1311 5634 1439 5703 quid
1458 5635 1675 5703 judico:
1707 5634 1927 5704 fratrem
1962 5629 2149 5682 tuum?
2170 5625 2284 5696 quia

2403 5633 2634 5702 φανερὰ,
2661 5633 2780 5704 Θεῷ
2829 5634 2925 5687 καὶ
2964 5635 3114 5703 ἡμῖν·
3165 5632 3237 5686 τά
3279 5632 3332 5685 δὲ
3393 5628 3631 5700 κρυπτὰ,
3681 5627 3870 5699 Κυρίῳ
3895 5625 3965 5694 τῷ

2147 5746 2192 5778 ⁸⁸
2220 5743 2284 5800 lll
2313 5741 2444 5816 Reg.
2467 5762 2580 5817 nx,
2627 5750 2710 5806 10.
2818 5751 2860 5781 ⁵⁸
2900 5749 2964 5805 IV
2999 5749 3126 5817 Reg.
3163 5764 3221 5815 ιι,
3253 5748 3305 5805 8.
3414 5749 3458 5780 “
3487 5747 3851 5811 Mattlnnul,
3874 5746 3956 5801 ει.

789 5750 834 5820 ff
859 5747 1060 5806 Jerem.
1103 5769 1260 5820 mu,
1309 5753 1399 5807 2|.

1507 5753 1552 5784 δ’
1582 5753 1746 5807 Hebr.
1777 5768 1826 5818 γ,
1862 5751 1916 5817 4,
1983 5753 2034 5805 5.

719 5817 766 5854 ⁸⁸
790 5818 977 5876 Matth.
1009 5837 1100 5890 vn,
1133 5824 1186 5877 ὅ.

2818 5751 2860 5781 ⁵⁸
2900 5749 2964 5805 IV
2999 5749 3126 5821 Reg.
3163 5764 3221 5815 ιι,
3253 5748 3305 5805 8.

1297 5825 1341 5856 ”
1370 5825 1386 5878 ι
1411 5823 1541 5894 Reg.
1578 5841 1664 5878 xv:
1689 5865 1701 5889 ,
1739 5823 1789 5880 7.
