4156 6514
225 439 362 504 1513

1400 455 1938 518 EPISTOLARUM
1988 458 2136 520 LIB.
2180 461 2262 522 II.

3315 466 3451 532 1514

219 553 341 622 Θεῷ
385 570 500 608 σου.
531 557 614 610 Σὺ
644 558 712 612 δὲ
747 561 806 614 τί
833 561 1053 628 κρίνεις
1105 563 1210 615 τὸν
1239 564 1509 634 ἀδελφόν
1547 582 1665 622 σου
1685 584 1703 630 ;
1740 569 1780 634 ἣ

1889 570 2153 624 medicum
2200 571 2498 637 spernis"?
2545 571 2813 626 Stabimus
2861 583 3035 627 autem
3093 591 3270 629 omnes
3327 589 3452 631 ante

217 645 321 698 καὶ
351 647 442 700 ’σὺ
481 652 538 703 τι
579 651 917 718 ἐξουθενεῖς
956 658 1062 707 τὸν
1108 655 1358 725 ιητῆρα;
1400 657 1630 723 Πάντες
1671 657 1782 728 γὰρ

217 745 728 812 παραστησόμεθα
772 744 851 809 τῷ
871 745 1097 814 βήματι
1147 749 1254 802 τοῦ
1280 750 1559 818 Χριστοῦ,
1589 749 1658 815 ὃς
1686 751 1785 803 καί

217 833 462 897 φωτίσει
483 833 554 886 τὰ
596 835 830 900 κρυπτὰ
870 836 975 888 τοῦ
1000 837 1279 904 σκότους,
1315 839 1414 893 καὶ
1447 841 1782 909 φανερώσει

216 920 328 986 τὰς
366 923 605 988 ,βουλὰς
665 923 784 976 τῶν
820 927 1109 994 καρδιῶν·
1132 931 1231 984 καὶ
1281 935 1416 986 τότε
1465 935 1499 986 ό
1535 931 1784 1000 ἔπαινος

216 1015 536 1082 γενήσεται
561 1016 793 1084 ἑκάστῳ
826 1019 945 1072 ἀπὸ
978 1022 1148 1077 Θεοῦ.

299 1124 318 1156 ι
362 1107 584 1171 Πάντες,
623 1111 807 1180 φησὶν,
866 1112 1240 1182 ὑπερϐἀθμιον
1279 1116 1580 1170 ὲκτείνουσι
1625 1119 1782 1180 πόδα.

217 1195 315 1248 καὶ
332 1197 438 1248 τῶν
463 1199 523 1250 ού
550 1217 918 1275 παρακεχωρη
928 1208 1102 1274 μένων
1127 1211 1527 1279 κατατολμῶσι,
1553 1213 1646 1266 καὶ
1672 1216 1786 1277 τοῖς

219 1285 577 1356 ὑψηλοτέροις
633 1295 1053 1353 ἐπεκτείνονται.
1095 1319 1114 1351 ι
1169 1303 1293 1363 Τοῖς
1334 1305 1557 1368 οἰκείοις
1611 1306 1784 1370 ἑάλως

217 1383 461 1450 πτεροῖς,
491 1381 565 1446 ὥς
596 1387 696 1438 πού
728 1404 809 1449 τις
838 1388 940 1457 ἔφη
976 1391 1085 1443 τῶν
1114 1392 1238 1457 ἔξω·
1268 1395 1362 1464 ἀφ’
1385 1391 1446 1448 οῦ
1475 1398 1568 1449 καὶ
1596 1399 1627 1466 ἡ
1655 1398 1788 1465 πρό-

216 1470 376 1530 τασίς
407 1487 520 1526 σου.
572 1474 713 1539 Ποῦς
764 1475 871 1545 γὰρ
919 1483 1282 1550 τεταγμένος,
1324 1485 1403 1546 εἰς
1453 1485 1694 1556 κεφαλὴν
1727 1486 1785 1550 ἐξ

216 1560 507 1625 αὐθαδείας
535 1565 728 1635 ῇρθης.
767 1569 898 1633 Ταῖς
924 1571 1110 1632 ἄλλαις
1143 1574 1264 1627 δυσὶ
1290 1577 1588 1646 προτάσεσι
1617 1595 1778 1646 περι-

216 1654 436 1721 παρεὶς,
468 1650 512 1708 ὦ
542 1661 774 1724 γενναῖε,
803 1661 966 1730 ἑτέρα
1004 1666 1164 1716 πάλιν
1203 1666 1477 1736 ἔγκλησις·
1521 1686 1539 1716 ι
1577 1669 1783 1731 Πάντες

215 1744 430 1809 ἑαυτοῖς
473 1750 822 1818 ἐπιτρέπουσι
871 1753 940 1805 τὰ
987 1755 1126 1825 ὑπὲρ
1153 1756 1401 1826 δύναμιν,
1430 1758 1526 1811 καὶ
1552 1761 1782 1829 ἥττονας

214 1836 474 1905 ἡγοῦνται
531 1842 655 1903 τοὺς
690 1839 905 1906 ἄλλους·
951 1848 1044 1898 καὶ
1094 1847 1173 1911 τῷ
1227 1847 1373 1902 λύειν
1425 1851 1519 1903 καὶ
1563 1852 1782 1922 δεσμεῖν

1884 661 2118 715 tribunal
2149 662 2347 716 Christi
2375 681 2394 717 :
2413 665 2502 733 qui
2533 675 2584 718 et
2614 665 2937 718 illumiuabit
2966 669 3277 722 abscondita
3311 680 3450 723 (enc-

1881 752 2119 818 brarum,
2153 763 2202 807 et
2228 754 2591 822 manifestabit
2633 756 2858 809 consilia
2889 756 3128 810 cordium
3159 773 3179 811 :
3227 767 3277 813 et
3327 769 3454 814 tunc

1883 844 2002 897 laus
2031 847 2133 898 erit
2166 846 2448 914 unicuique
2476 863 2507 899 a
2539 845 2730 900 Deo".

1959 1122 1978 1154 ι
2017 1102 2240 1166 Omnes,
2274 1106 2470 1175 inquit,
2503 1107 2643 1160 ultra
2673 1124 2832 1176 quam
2865 1108 2946 1162 fas
2975 1118 3057 1163 est
3087 1109 3277 1177 pedem
3310 1108 3452 1162 infe-

1884 1207 2032 1258 runt,
2062 1205 2114 1249 et
2156 1213 2218 1251 ea
2249 1199 2507 1252 invadunt
2551 1215 2672 1267 qme
2713 1210 2837 1254 sunt
2897 1202 3112 1270 prapria
3135 1216 3324 1254 eorum
3356 1203 3450 1268 qui

1885 1303 1993 1340 non
2033 1301 2459 1353 secesserunt,et
2484 1291 2546 1343 ad
2571 1292 2888 1345 sublimiora
2921 1295 3222 1349 enituntur.
3266 1311 3284 1343 ι
3316 1292 3451 1346 Pro-

1887 1380 2018 1446 priis
2070 1384 2184 1448 ipse
2233 1382 2332 1433 alis
2385 1382 2616 1450 periisti,
2653 1393 2710 1434 ut
2760 1385 2978 1451 quidam
3031 1382 3294 1451 profanus
3323 1385 3446 1435 ait:

1886 1477 2048 1537 atque
2079 1471 2200 1523 inde
2233 1474 2532 1540 propositio
2561 1482 2672 1527 tua.
2704 1472 2836 1527 Nam
2869 1490 2991 1528 cum
3022 1478 3098 1529 sis
3128 1478 3276 1544 pedis
3329 1476 3450 1528 loco

1885 1563 2239 1622 constitutus,
2272 1577 2336 1614 ex
2372 1565 2679 1632 arrogantia
2714 1565 2889 1618 locum
2924 1565 3118 1634 capitis
3144 1567 3445 1634 occupasti.

1890 1651 2106 1706 Duabus
2151 1653 2274 1706 aliis
2338 1656 2800 1724 propositionibus
2849 1657 2957 1709 tuis
3016 1658 3318 1722 confossis,
3367 1659 3451 1711 vir

1885 1744 2117 1812 egregie,
2157 1758 2372 1797 rursum
2412 1748 2580 1799 altera
2635 1747 2749 1800 haec
2796 1748 3102 1800 criminatio
3138 1763 3152 1800 :
3187 1766 3206 1798 ι
3247 1746 3451 1802 Omnes

1886 1836 1988 1888 sibi
2023 1837 2227 1904 majora
2260 1839 2465 1891 viribus
2503 1848 2778 1906 arrogant,
2808 1840 3051 1909 aliosque
3078 1839 3365 1895 inferiores
3393 1855 3452 1894 se

215 1927 464 1994 ἀσχέτως
495 1931 588 1982 καὶ
623 1931 872 2003 ἀκλήτως
908 1936 1275 2006 ἐπιτρέχουσι·
1310 1942 1405 1992 καὶ
1456 1942 1662 2006 πάντας
1690 1962 1780 2012 φι-

1889 1929 2220 1982 arbitrantur
2257 1949 2269 1983 :
2313 1940 2364 1984 et
2413 1931 2479 1983 ad
2543 1932 2863 1984 solvendum
2918 1933 3303 2002 ligandnmque
3333 1933 3452 1988 sine

213 2015 516 2072 λονεικοῦσι
543 2022 676 2088 πρὸς
707 2025 833 2087 τοὺς
861 2027 1093 2090 οἰκείους
1117 2029 1295 2082 ἕλκειν
1326 2033 1510 2095 πόδας·
1539 2035 1634 2086 καὶ
1672 2052 1780 2105 μη-

212 2110 341 2164 δένα
369 2113 554 2183 ἕτερον
583 2117 672 2169 τὸν
693 2117 936 2190 λύονταῆ
967 2118 1126 2185 εἶναι,
1150 2124 1515 2195 ἢνομίζεσθαι
1543 2129 1779 2183 θέλουσι·

213 2202 314 2254 καὶ
347 2202 597 2272 φθονοῦσι
633 2204 743 2272 τοῖς
779 2209 848 2261 τὰ
875 2212 1052 2264 τοιάδε
1081 2214 1406 2282 πράττουσι·
1433 2217 1530 2270 καὶ
1557 2219 1781 2282 τούτους

216 2292 414 2361 μόνους
444 2294 726 2366 δέχεσθαι.
769 2300 860 2364 οῦς
906 2302 1060 2358 αὐτοὶ
1092 2304 1376 2360 λελύκασι·
1427 2311 1554 2370 τοὺς
1586 2310 1644 2362 δὲ
1691 2312 1780 2380 ὑφ’

214 2381 418 2452 ἐτέρων
467 2389 822 2456 τετυχηκότες
853 2392 1221 2464 ἐπιτιμήσεως
1246 2435 1261 2457 ,
1315 2399 1776 2470 ἀποστρέφεσθαι,

214 2475 312 2525 καὶ
352 2475 621 2542 ἐγκαλεῖν·
663 2481 786 2533 ἐπεὶ
838 2482 911 2553 μὴ
959 2485 1093 2554 πρὸς
1142 2489 1336 2551 αὐτοὺς
1384 2491 1776 2562 δεδραμήκασι,

213 2565 315 2614 καὶ
350 2568 487 2636 παρ’
516 2568 694 2622 αὐτῶν
745 2572 1016 2642 ᾐτήσαντο
1067 2577 1163 2647 τὴν
1197 2579 1410 2646 ἄφεσιν.
1455 2600 1474 2632 ι
1516 2583 1780 2638 Ἀναπλάο

216 2669 400 2723 σματα
478 2655 717 2723 διανοίας
791 2663 1172 2734 δαιμονιὼδους
1205 2670 1273 2721 τὰ
1300 2676 1731 2745 κατηγορήματα
1763 2719 1778 2741 ,

214 2748 311 2798 καὶ
359 2749 423 2801 ὲκ
467 2750 732 2822 φθονεραῖς
811 2757 1038 2826 καρδίας
1100 2762 1168 2813 τά
1231 2764 1629 2834 προόλήματα·
1699 2764 1780 2832 οἷς

213 2839 558 2906 ὲπιγελάσειέ
617 2860 696 2905 τις
750 2848 970 2911 εἰκότως
1030 2850 1105 2913 ὡς
1156 2855 1372 2918 παιδιάς
1436 2874 1620 2921 τινας,
1687 2863 1782 2914 καὶ

217 2931 431 2997 ῦθλους,
487 2935 582 2988 καὶ
630 2938 995 3012 ἀθύρματα-ἢ
1059 2945 1280 3012 μᾶλλον,
1315 2948 1545 3018 τάληθὲς
1582 2954 1777 3018 εἰπεῖν,

215 3023 344 3076 ἐπεὶ
393 3025 580 3096 μηδεὶς
613 3031 743 3098 ἡμῖν
777 3031 834 3096 ἐξ
873 3033 1132 3099 ἀπιστίας
1170 3039 1198 3090 ό
1245 3043 1598 3111 προστρέχων
1641 3046 1781 3098 κατά

214 3114 380 3185 λῆψιν
409 3119 797 3192 ἐπιτιμήσεως,
831 3127 1152 3196 μσινόμεθα,
1179 3131 1316 3199 πρὸς
1343 3133 1468 3194 τοὺς
1495 3135 1559 3185 ἐκ
1592 3152 1782 3188 πεποι-

1889 2016 2050 2070 modo
2095 2018 2226 2080 ullo,
2259 2018 2377 2071 sine
2431 2030 2620 2072 vocatu
2647 2022 2938 2074 convolant
2971 2031 3062 2076 :et
3087 2038 3278 2076 omnes
3328 2038 3452 2091 per-

1889 2109 2102 2161 trahere
2131 2119 2254 2161 ante
2283 2112 2529 2178 proprios
2559 2112 2723 2179 pedes
2755 2113 3079 2166 obnituntur
3106 2131 3120 2166 :
3149 2128 3249 2168 nec
3283 2115 3449 2168 alium

1887 2216 2215 2268 quemquam
2241 2204 2427 2256 volunt
2453 2213 2546 2258 aut
2587 2221 2707 2259 esse
2734 2215 2828 2259 aut
2865 2207 3164 2260 existimari
3209 2209 3301 2276 qui
3347 2207 3455 2263 sol-

1887 2301 1978 2345 vat
2010 2310 2024 2345 :
2057 2295 2301 2349 invident
2325 2298 2390 2350 iis
2412 2298 2504 2366 qui
2530 2299 2615 2350 illa
2647 2310 2812 2368 agunt
2842 2316 2856 2352 :
2893 2311 3056 2369 atque
3092 2303 3228 2355 adeo
3258 2302 3454 2356 admit-

1887 2394 2008 2438 tunt
2059 2401 2153 2440 eos
2201 2387 2488 2454 duntaxat,
2520 2404 2659 2458 quos
2693 2391 2791 2458 ipsi
2828 2391 3111 2445 solverunt
3151 2406 3166 2445 :
3197 2393 3288 2460 qui
3322 2407 3453 2446 vero

1889 2485 2018 2530 sunt
2054 2477 2121 2530 ab
2149 2478 2268 2532 aliis
2291 2480 2355 2533 ad
2386 2481 2761 2548 pcenitentiam
2797 2481 3043 2547 admissi,
3073 2483 3137 2537 ad
3172 2483 3271 2538 hos
3292 2499 3454 2538 accu-

1889 2570 2088 2624 sandos
2115 2582 2519 2626 se.convertunt
2551 2591 2564 2626 :
2595 2575 2853 2643 quoniam
2890 2575 2956 2628 ad
2995 2575 3143 2644 ipsos
3171 2591 3282 2629 non
3317 2591 3454 2629 con-

1889 2663 2169 2726 volat-unt,
2202 2678 2300 2716 nec
2337 2665 2406 2716 ab
2441 2665 2572 2733 ipsis
2621 2666 3007 2720 relaxationem
3057 2667 3386 2737 ﬂagitarunt.
3429 2687 3448 2718 ι

1890 2749 2170 2816 Figmenta
2220 2768 2415 2807 sensus
2463 2755 2714 2809 diabolici
2739 2764 2868 2809 sunt
2912 2757 2994 2810 ha:
3022 2758 3451 2821 criminationes,

1888 2854 1943 2894 et
1982 2842 2149 2896 invidi
2200 2843 2368 2896 animi
2408 2847 2658 2913 quaesita,
2688 2862 2809 2914 quae
2835 2847 3068 2916 quisque
3100 2849 3294 2901 merito
3324 2848 3451 2902 irri-

1889 2933 2014 2986 deat
2057 2942 2312 3002 tanquam
2345 2937 2606 3004 quosdam
2640 2939 2813 3005 jocos,
2841 2946 2893 2992 et
2924 2955 3114 3008 nugas,
3144 2940 3407 3009 lususque
3437 2960 3449 2996 :

1891 3026 1969 3080 vel
1997 3027 2199 3095 potius,
2234 3038 2293 3081 ut
2323 3043 2446 3083 vere
2483 3029 2684 3089 dicam.
2711 3032 2953 3100 quando,
2977 3032 3047 3085 ob
3075 3029 3451 3094 diﬁidentiam,

1891 3133 2050 3172 nemo
2077 3120 2142 3172 ad
2169 3135 2269 3174 nos
2296 3120 2511 3174 advolat
2550 3120 2616 3173 ad
2649 3121 3016 3190 accipiendam
3059 3123 3453 3192 paenitentiam,

216 3211 430 3278 θήσεως
468 3212 576 3264 τῶν
610 3217 942 3281 προσιόντων
984 3219 1404 3288 θεραπεύοντας,
1431 3225 1702 3295 δαιμόνιόν
1732 3246 1783 3280 τι

1889 3209 2194 3264 insanimus
2245 3214 2506 3265 adversus
2533 3227 2629 3265 eos
2666 3212 2756 3279 qui
2792 3222 2985 3266 sanant
3007 3213 3268 3267 adeuntes
3303 3216 3368 3267 ad
3398 3230 3455 3266 se

215 3300 393 3364 πάθος
419 3303 857 3374 πάσχοντες,εκα“ι
884 3313 996 3373 τοῖς
1023 3311 1412 3384 Εἰκονομάχοις
1443 3317 1509 3370 τά
1537 3317 1630 3372 ἰσα
1658 3321 1784 3384 τοὺς

215 3393 517 3463 αἰδήμονας
548 3398 986 3470 καθυϐρίζοντες.

295 3588 314 3622 ι
354 3572 442 3636 Τί,
477 3573 631 3644 φησί,
662 3575 723 3628 τὸ
754 3577 1008 3650 διάφορον
1033 3581 1134 3651 τῆς
1163 3587 1539 3656 προαιρέσεως
1581 3591 1784 3660 ταύτης

215 3663 357 3734 πρὸς
383 3665 475 3717 τὸν
500 3669 876 3740 Μανιχαῖσμόν
898 3689 913 3736 ;
944 3673 1078 3743 Οὐχὶ
1105 3678 1246 3729 κατά
1268 3679 1612 3749 Μαειιχαῖκῆς
1637 3683 1786 3752 αἰρέ-

218 3774 360 3820 σεως
384 3759 735 3829 ἠγωνίσμεθα
769 3764 864 3816 καὶ
893 3764 1070 3832 λόγοις
1101 3769 1196 3819 καὶ
1224 3768 1438 3838 ἔργοις;
1472 3772 1564 3824 καὶ
1598 3773 1785 3842 δηλοῦο

219 3865 275 3900 σι
312 3849 383 3901 τὰ
411 3849 661 3920 ἔγγραφα
709 3855 1062 3926 συντάγματα
1090 3859 1198 3912 τῶν
1227 3862 1348 3914 κατ’
1383 3862 1550 3933 αὐτῆς
1585 3866 1787 3933 ἀγωνι-

219 3941 477 4009 σαμένων
503 3983 518 4006 ,
552 3945 610 3997 ὲν
643 3939 724 4008 οἷς
763 3946 1223 4017 ἀπαραλογίστοις
1265 3953 1664 4025 συλλογισμοῖς,
1691 3957 1787 4009 καὶ

217 4031 602 4105 ἀκαθαιρέτοις
626 4037 963 4103 ἀποδείξεσιν
993 4041 1296 4108 ἀπέδειξαν·
1328 4046 1376 4097 εἰ
1404 4046 1498 4099 καὶ
1536 4046 1631 4100 νῦν
1661 4048 1788 4101 ἑαυ-

218 4125 332 4177 τῶν
384 4126 482 4180 καὶ
531 4129 639 4182 τῶν
674 4130 888 4184 οἰκείων
923 4131 1332 4203 ὑπομνημάτων
1360 4137 1784 4206 ἀμνημονοῦσιν.

228 4219 477 4283 Ἔοικας,
534 4213 579 4272 ὦ
635 4221 840 4290 ἑταῖρε,
895 4224 1291 4292 ἀσυλλογίστως
1338 4229 1784 4298 συλλογίζεσθαι’,

221 4311 321 4363 καὶ
355 4311 505 4375 ἰδίοις
541 4312 818 4384 λογισμοῖς
842 4316 930 4366 ἐπ’
957 4317 1211 4387 ἀθετήσει
1243 4318 1500 4389 ἀληθείας
1534 4323 1782 4392 στηρίζε-

223 4402 370 4454 σθαι·
403 4402 476 4471 μὴ
509 4402 663 4463 εἰδὼς
689 4405 770 4456 ὅτι
809 4406 878 4458 τά
911 4408 1327 4479 παραδείγματα
1368 4413 1480 4473 τοῖς
1507 4413 1786 4482 πρωτοτό-

220 4511 348 4556 ποις
383 4496 858 4566 παραϐαλλόμενα.
904 4499 1002 4552 οῦκ
1035 4502 1175 4554 αύτά
1214 4505 1397 4556 ἐκεῖνα
1433 4501 1542 4557 εἷεν
1586 4505 1654 4558 τὰ
1690 4508 1790 4576 ἀρ-

221 4588 455 4654 χέτυπα·
489 4588 623 4641 ἀλλὰ
651 4591 902 4642 τοσοῦτον
934 4593 1126 4662 ἔχοντα
1152 4594 1212 4646 τὸ
1257 4597 1392 4665 πρὸς
1421 4595 1624 4666 ἄλληλα
1653 4616 1786 4651 ταυ-

221 4678 336 4738 τὸν,
361 4679 484 4730 ὅσον
521 4681 580 4731 τὸ
613 4681 754 4734 κατά
795 4682 1032 4752 τοῦνομα
1062 4686 1241 4737 κοινὸν
1281 4691 1395 4750 τοῖς
1426 4689 1604 4752 ἄλλοις
1631 4690 1788 4754 ἐξαλ-

222 4769 508 4825 λάττοντα.
544 4772 650 4823 Καὶ
681 4773 750 4825 τὰ
791 4773 890 4843 μὲν
921 4775 1124 4846 κυρίως
1152 4777 1486 4847 ὠνόμασται·
1520 4779 1587 4832 τὰ
1637 4781 1693 4833 δὲ
1727 4783 1787 4833 οὐ

225 4863 450 4932 κυρίως·
485 4867 577 4916 καὶ
606 4866 675 4917 τὰ
722 4865 820 4934 μὲν
856 4867 999 4919 κατά
1030 4869 1369 4939 κατάχρησιν
1401 4870 1672 4924 λέλεκται·
1721 4875 1788 4925 τὰ

224 4950 283 5002 δὲ
314 4953 454 5004 κατά
481 4953 759 5020 ἀλήθειαν,
796 4949 906 5008 οἷον
936 4957 1070 5024 φέρε
1111 4959 1306 5020 εἰπεῖν,
1339 4962 1431 5013 ἐπὶ
1459 4961 1556 5030 τῆς
1585 4961 1791 5024 εἰκόνος

226 5043 464 5112 Χριστοῦ
491 5046 586 5098 καὶ
611 5045 774 5099 αὑτοῦ
801 5049 1057 5118 Χριστοῦ·
1082 5051 1162 5103 ὅτι
1182 5051 1210 5102 ὁ
1246 5051 1346 5120 μὲν
1366 5054 1509 5106 κατά
1533 5053 1790 5124 ἀλήθειαν

226 5139 461 5208 Χριστὸς
494 5139 588 5192 καὶ
630 5138 742 5192 ἐστι
769 5143 862 5192 καὶ
905 5143 1249 5211 ὀνομάζεται·
1291 5141 1324 5213 ή
1368 5145 1425 5197 δὲ
1455 5147 1594 5200 κατά
1626 5148 1791 5200 κατά-

227 5246 425 5299 χρησιν
463 5230 582 5296 ἦτοι
623 5231 965 5301 ὁμωνυμίαν.
1013 5233 1164 5286 Ἐπεὶ
1211 5235 1306 5286 καὶ
1344 5233 1553 5296 Παῦλος
1589 5238 1616 5289 ὁ
1649 5237 1791 5306 ἰερὸς

229 5320 561 5386 ἀπόστολος,
616 5324 714 5392 τὴν
759 5325 1144 5396 φιλαργυρίαν,
1193 5327 1452 5397 δευτέραν
1505 5329 1790 5382 εἰδωλολα-

222 5413 415 5484 τρείαν
454 5413 818 5481 ἀπεκάλεσεν,
847 5418 1243 5486 αἰτιολογικῶς,
1274 5421 1368 5472 καὶ
1405 5420 1548 5473 κατά
1584 5421 1790 5488 ἀναφοδ

229 5509 332 5580 ρὰν
355 5509 765 5577 όμοιωματικὴν
791 5509 892 5578 τῆς
912 5508 1077 5580 οὔσης
1107 5511 1570 5582 εἰδωλολατρείας.
1614 5513 1702 5577 Ἐξ
1730 5505 1791 5564 οῦ

224 5599 350 5654 οὐδὲ
391 5600 742 5669 ἐπιτιμητέον
791 5605 906 5665 τοῖς
957 5602 1343 5672 φιλαργύροις,
1392 5603 1468 5666 ὼς
1507 5603 1792 5656 εἰδωλολά-

228 5705 407 5760 τραις·
439 5689 561 5740 ἐπεὶ
588 5689 694 5758 ἀρα
722 5690 1004 5760 ὀφείλομεν
1059 5692 1124 5743 ὲκ
1166 5693 1257 5744 τοῦ
1297 5693 1499 5762 κόσμου
1536 5692 1788 5758 ἐξελθεῖν.

230 5777 346 5834 Νῦν
393 5779 451 5830 δὲ
482 5778 665 5833 πολλοὶ
694 5781 1036 5852 φιλάργυροι,
1087 5784 1179 5838 καὶ
1213 5784 1387 5855 πάντη
1415 5784 1792 5856 ἀνεπιτίμητοι

303 5896 349 5927 ⁸⁸
382 5895 540 5950 Rom.
569 5911 680 5957 xw,
733 5895 819 5950 10.
896 5897 941 5928 ⁸⁸
967 5896 986 5950 1
1009 5897 1132 5952 Cor.
1158 5915 1230 5961 tv,
1257 5899 1310 5963 5,
1344 5897 1396 5952 6.

497 5993 763 6053 ΡΑϊιιυι.
805 5994 919 6053 Gn.
966 5992 1082 6050 XCI
1094 5992 1173 6050 Χ.

1474 5901 1518 5932 ⁸⁷
1539 5900 1734 5969 Ephes.
1765 5919 1816 5969 ν,
1840 5905 1870 5958 5

1885 3317 2008 3356 cmn
2042 3303 2257 3366 ﬁducia,
2293 3303 2562 3358 diabolico
2612 3304 2823 3374 abrepti
2877 3306 3007 3358 vitio
3036 3309 3302 3376 quodam,
3339 3309 3453 3376 pari

1888 3395 2185 3462 ignominia
2236 3397 2384 3451 viros
2445 3398 2646 3466 probos
2694 3405 2858 3468 atque
2903 3397 3292 3454 iconomachos
3347 3401 3458 3453 alli-

1886 3489 2112 3543 cientes.

1962 3599 1980 3630 ι
2016 3580 2324 3646 Quodnam,
2359 3581 2557 3650 inquit,
2585 3581 2880 3635 discrimen
2910 3590 3070 3635 sectae
3099 3579 3260 3650 hujus
3289 3595 3319 3634 a
3344 3579 3458 3633 Ma-

1890 3672 2383 3728 nichaica?Nonne
2417 3683 2606 3728 contra
2636 3673 3023 3727 Manichaieam
3058 3674 3306 3727 haeresim
3345 3689 3458 3726 ser-

1888 3781 2048 3819 mone
2092 3775 2147 3818 et
2186 3781 2349 3835 opere
2398 3766 2837 3821 decertavimus?
2869 3764 3058 3821 Testes
3099 3774 3229 3819 sunt
3273 3767 3457 3835 scripti

1886 3871 2076 3909 eorum
2130 3858 2529 3922 commentarii,
2563 3857 2655 3927 qui
2707 3867 2895 3912 contra
2936 3858 3076 3912 hanc
3109 3857 3459 3921 dimicarunt,

1889 3949 1942 4002 in
1989 3950 2188 4018 quibus
2232 3949 2454 4004 invictis
2485 3951 2822 4020 argumentis
2865 3960 2920 4005 et
2950 3950 3462 4019 inexpugnabilibus

1888 4041 2152 4109 exemplis
2207 4041 2260 4096 id
2314 4043 2687 4107 ostenderunt,
2726 4056 3035 4112 quanquam
3078 4057 3223 4096 nunc
3257 4050 3383 4095 sunt
3407 4051 3463 4095 ct

1889 4132 1970 4185 sui
2005 4132 2339 4200 ipsorum,et
2356 4135 2697 4203 propriorum
2721 4145 3199 4189 monumentorum
3232 4134 3405 4187 obliti.
3437 4154 3456 4184 ι

1891 4223 2124 4288 Videris,
2144 4241 2177 4279 ο
2209 4227 2347 4279 bone
2376 4227 2479 4289 vir,
2509 4227 2759 4296 imperite
2790 4226 3126 4291 ratiocinari,
3153 4243 3215 4281 ac
3241 4229 3462 4297 privatis

1889 4313 2192 4366 rationibus
2243 4314 2309 4366 ad
2354 4313 2761 4383 abrogationem
2798 4315 3040 4368 veritatis
3096 4316 3254 4368 inniti
3289 4336 3301 4371 :
3337 4332 3460 4370 cum

1891 4403 2104 4457 nescias
2145 4403 2388 4472 exempla
2420 4406 2714 4474 prototypis
2735 4405 2968 4470 collata;
3016 4421 3121 4460 non
3180 4407 3294 4475 ipsa
3342 4422 3464 4461 esse

1889 4495 2217 4564 exemplaria
2279 4496 2368 4549 illa
2420 4497 2739 4565 primigenia
2791 4516 2804 4548 :
2848 4497 2940 4550 sed
3005 4497 3202 4551 habere
3253 4508 3460 4551 tantum

1892 4584 2266 4637 similitudinis
2315 4584 2458 4637 inter
2487 4601 2566 4646 se,
2609 4595 2870 4653 quantum
2916 4600 2979 4638 ea
3018 4601 3138 4654 quae
3169 4601 3462 4640 commune

1892 4690 2087 4728 nomen
2138 4676 2494 4740 habent,cum
2527 4676 2736 4730 cmteris
2765 4679 2928 4731 rebus
2953 4677 3224 4730 differant.
3260 4677 3323 4730 Et
3358 4678 3461 4730 alia

1891 4767 2108 4835 quidem
2145 4769 2361 4837 proprie
2387 4770 2654 4838 appellata
2690 4779 2837 4830 sunt,
2874 4771 2977 4830 alia
3023 4781 3202 4824 autem
3255 4772 3460 4840 impro-

1891 4862 2007 4930 prie
2040 4877 2052 4912 :
2091 4859 2194 4912 alia
2230 4860 2527 4914 secundum
2560 4859 2879 4912 abusionem
2909 4859 3073 4919 dicta,
3111 4860 3214 4913 alia
3260 4875 3462 4915 secun-

1892 4953 2021 5006 dum
2058 4952 2366 5006 veritatem.
2410 4949 2651 5018 Exempli
2678 4951 2873 5019 gratia,
2908 4950 2960 5002 in
2995 4951 3229 5019 imagine
3259 4951 3461 5005 Christi

1891 5055 1946 5097 et
1990 5044 2106 5113 ipso
2144 5043 2389 5102 Christo,
2430 5043 2528 5095 iste
2569 5042 2784 5108 quidem
2833 5044 3130 5095 secundum
3179 5043 3460 5097 veritatem

1893 5135 2140 5189 Christus
2168 5142 2330 5188 etest
2355 5142 2409 5188 et
2437 5133 2744 5186 nominatur
2771 5150 2785 5188 :
2812 5133 2927 5188 haec
2956 5142 3134 5188 autem
3163 5135 3460 5188 secundum

1892 5226 2234 5288 abusionem,
2269 5225 2372 5278 hoc
2411 5234 2492 5279 est
2536 5224 2966 5294 homonymiam.
3008 5223 3459 5292 Quandoquidem

1892 5329 1945 5373 et
1975 5327 2192 5372 sanctus
2219 5317 2500 5386 apostolus
2522 5316 2722 5370 Paulus
2745 5316 3027 5370 avaritiam
3048 5315 3459 5382 nuncupavit",

1894 5411 2252 5465 idololatriam
2331 5411 2590 5473 alteram,
2655 5424 2877 5463 causam
2949 5407 3076 5462 dicti
3139 5407 3459 5476 subjiciens,

1895 5506 2191 5561 secundum
2244 5504 2561 5557 relationem
2614 5501 2862 5556 videlicet
2917 5500 3290 5554 similitudinis
3335 5515 3460 5553 cum

1894 5613 1954 5650 ea
1986 5612 2108 5667 qua:
2135 5611 2260 5649 vere
2288 5593 2592 5648 idololatria
2615 5601 2719 5647 est.
2749 5593 2928 5658 Quare
2958 5606 3062 5644 non
3085 5590 3271 5643 eadem
3303 5603 3461 5657 ptena

1895 5689 2074 5742 avaris
2103 5686 2446 5754 imponenda,
2481 5698 2600 5753 qua
2623 5681 2923 5737 idololatria
2951 5699 2966 5734 :
2999 5679 3201 5750 alioqui
3237 5680 3460 5734 debere-

1896 5798 2018 5838 mus
2057 5796 2086 5836 e
2140 5780 2344 5836 mundo
2378 5778 2631 5848 migrare.
2681 5776 2751 5829 At
2813 5789 2957 5829 nunc
3003 5773 3150 5827 avari
3194 5771 3370 5839 multi,
3409 5782 3461 5826 et

2919 5976 3105 6038 .ι8
