4184 6484
762 396 896 461 1515

1950 398 2012 457 S.
2043 396 2433 458 THEODORI
2470 401 2815 467 STUDITIE

3890 414 4009 477 1516

756 511 975 582 quidem
1025 510 1231 584 absque
1291 514 1491 570 indicta
1555 512 1691 584 ipsis
1742 512 2058 581 poenitentia
2105 526 2332 581 prorsus

2447 522 2873 591 παρεωραμένοι.
2929 524 2995 577 Τί
3020 519 3114 578 οὗν
3151 525 3356 597 ἀπᾷδον
3384 531 3689 597 κάνταῦθα,
3721 538 3776 588 εί
3811 537 4015 589 Εἰκονο-

760 602 953 656 relicti.
978 601 1117 668 Quid
1150 604 1314 672 igitur
1338 613 1394 657 et
1419 603 1508 658 hic
1535 603 1827 664 absonum,
1851 601 1896 654 si
1922 598 2341 654 lconomachica

761 694 983 747 haeresis
1028 709 1153 749 eum
1183 693 1523 749 Manichaica
1555 701 1937 763 componatur,
1968 701 2231 760 quantum
2274 692 2342 746 ad

759 781 1017 851 imaginis
1037 797 1101 837 ac
1122 785 1393 854 prototypi
1423 785 1692 839 rationem
1723 800 1737 836 :
1766 783 2019 853 quamvis
2042 791 2096 836 et
2122 780 2343 837 Niczena

758 876 997 929 secunda
1054 878 1391 932 mcumeniea
1433 885 1486 932 et
1514 888 1703 933 sancta
1732 876 1971 948 synodus
2003 891 2099 931 eos
2130 876 2223 947 qui
2251 892 2345 947 per

760 969 901 1023 hanc
957 969 1206 1025 hzereaim
1260 972 1554 1039 perierant,
1582 988 1691 1027 non
1739 982 1998 1042 tanquam
2039 970 2343 1027 Manichai-

758 1070 947 1116 zantes
995 1064 1266 1118 damnans
1307 1064 1583 1118 curaverit
1634 1081 1649 1117 :
1690 1072 1743 1118 et
1795 1078 2137 1132 nequaquam
2188 1062 2342 1118 obliti

761 1152 875 1207 sint
904 1153 939 1207 ii
974 1154 1069 1222 qui
1102 1168 1323 1223 Operam
1355 1168 1509 1207 suam
1540 1155 1803 1209 adversus
1845 1154 2176 1209 Manichazos
2206 1168 2342 1209 con-

760 1246 1023 1309 tulerunt,
1055 1259 1115 1299 se
1142 1253 1197 1299 et
1225 1259 1477 1300 sermone
1508 1254 1563 1300 et
1588 1260 1751 1314 opere
1775 1254 1965 1301 contra
1998 1246 2147 1316 ipsos
2178 1246 2341 1300 dimi-

761 1351 935 1391 casse.
966 1336 1202 1392 Omnino
1248 1338 1481 1407 teipsum
1543 1336 1830 1407 ignorasti,
1862 1351 1983 1406 qua
2012 1336 2189 1405 culpae
2232 1350 2337 1389 non

762 1428 1061 1483 mediocris
1087 1443 1152 1483 ac
1182 1429 1425 1499 stuporis
1459 1428 1812 1499 reprehensio
1840 1437 1945 1481 est.

822 1516 1029 1573 Vellem
1058 1518 1242 1588 itaque
1272 1526 1327 1571 et
1383 1517 1785 1587 propositiones
1817 1516 1952 1569 alias
2000 1512 2168 1568 libelli
2198 1512 2335 1566 mul-

763 1622 942 1665 tarum
966 1611 1309 1681 paginarum.
1329 1611 1598 1679 inquibus
1622 1608 1808 1662 eadem
1834 1609 2029 1661 iterum
2050 1616 2210 1675 atque
2231 1605 2337 1659 ite-

762 1718 883 1755 rum
917 1710 1255 1771 repetuntur,
1280 1702 1533 1769 superius
1560 1699 2009 1753 commemoratis
2025 1698 2335 1762 adnectere;

760 1800 815 1845 et
840 1791 985 1860 quod
1008 1790 1224 1861 penitus
1258 1800 1405 1845 recta
1434 1791 1643 1844 ratione
1674 1787 1973 1843 confutata:
2015 1791 2127 1843 sint
2152 1797 2337 1843 osten-

2444 611 2650 682 μαχικὴ
2679 612 2895 684 αἵρεσις
2944 620 3010 687 τῇ
3060 618 3369 691 Μανιχαῖκῇ
3419 627 3855 696 παραδάλλοιτο,
3905 632 4017 682 ὅσον

2442 704 2563 756 κατ’
2605 703 2812 771 είιίόνος
2843 709 2937 761 καὶ
2970 712 3329 780 πρωτοτύπου
3357 713 3531 783 λόγον·
3568 720 3708 773 καθὸ
3756 722 3855 773 καὶ
3908 725 3940 789 ἡ
3968 725 4015 773 ἐν

2443 794 2647 867 Νικαιίι]⁵
2676 797 2737 849 τὸ
2765 796 3021 869 δεύτερον
3065 803 3421 877 οίκουμενική
3471 826 3528 861 τε
3583 812 3680 864 καὶ
3718 813 3856 875 ἀγία
3904 815 4019 865 σύν.

2441 885 2578 948 όδος,
2603 886 2726 949 τοὺς
2755 889 2813 939 ὲν
2837 890 3009 963 ταύτῃ
3052 893 3389 961 ἑαλωκότας,
3416 898 3515 968 οὐχ
3548 900 3622 963 ὼς
3649 902 4023 971 Μανιχαῖσαν-

2442 992 2540 1038 τας
2580 977 2942 1044 ὲπεξελθοῦσα
2988 982 3379 1051 τεθεράπευκεσ
3433 989 3528 1041 καὶ
3569 991 3805 1043 οὑτξπου
3849 994 4021 1060 ἠμνη-

2446 1066 2744 1133 μονήκασιν
2772 1068 2821 1118 οἱ
2848 1069 2914 1121 τά
2959 1070 3091 1139 περὶ
3138 1072 3307 1142 αὐτῆς
3344 1078 3633 1145 πονήματα
3680 1082 4023 1133 καταϐαλλό-

2444 1170 2616 1223 μενοι·
2649 1156 2745 1208 xui.
2771 1156 2948 1225 λόγοις
2972 1162 3067 1213 καὶ
3102 1160 3286 1231 ἔργοις
3309 1165 3429 1217 κατ’
3455 1169 3623 1237 αὐτῆς
3650 1170 4026 1239 ἀπαγωνισάς

2444 1262 2622 1314 μένοις
2666 1249 2971 1318 Ἠγνόηκας
2999 1251 3045 1303 δ’
3074 1252 3236 1317 αὐτὸς
3268 1254 3437 1319 ὅντως
3490 1259 3710 1325 ἑαυτὸν,
3759 1262 3792 1315 δ
3832 1263 4027 1333 πολλῆς

2441 1334 2560 1389 ἐστι
2592 1340 2929 1411 κατηγορίας
2967 1342 3063 1395 καὶ
3094 1344 3424 1417 ἀσελτηρίας
3452 1350 3732 1423 ἔγκλημα.

2525 1508 2859 1580 Ἐϐουλόμην
2897 1509 2991 1566 οὖν
3035 1516 3127 1569 καὶ
3168 1518 3365 1589 ἑτέρας
3397 1523 3696 1592 προτάσεις
3728 1525 3828 1577 τοῦ
3866 1528 4028 1580 πολυ-

2440 1600 2653 1669 σχιδοῦς
2694 1607 2789 1655 καὶ
2839 1608 3288 1675 ταυτολογοῦντος
3322 1617 3707 1684 γραμματείου
3758 1625 4025 1671 cavatas-E-

2442 1708 2533 1744 σαι
2567 1696 2682 1756 τοῖς
2714 1697 3084 1768 προλεχθεῖσι,
3121 1704 3219 1756 καὶ
3254 1706 3534 1770 ἀποδεῖξαι
3558 1712 3737 1777 πάντη
3777 1711 3839 1774 ἐξ
3868 1712 4030 1781 ὀρθοῦ

2439 1783 2599 1853 λόγου
2632 1787 3022 1859 ἐληλεγμένας·
3052 1792 3188 1846 ἀλλά
3218 1794 3287 1859 ἀς
3328 1797 3428 1866 μὲν
3460 1800 3535 1862 ὡς
3566 1802 3910 1865 ἀλυσιτελεῖς
3941 1808 4030 1857 καὶ

760 1884 922 1937 dere:
946 1883 1039 1937 sed
1061 1883 1195 1937 alias
1212 1881 1432 1951 quidem
1456 1891 1716 1952 tanquam
1743 1881 1967 1934 inutiles
1999 1891 2053 1934 et
2078 1880 2289 1949 ineptas
2317 1898 2331 1934 :

2447 1876 2853 1947 ἀσυναρτήτους
2876 1898 2890 1913 ³
2930 1883 2998 1946 ἀς
3029 1884 3085 1938 δὲ
3119 1886 3197 1949 ὡς
3221 1888 3448 1941 αὐτόθεν
3483 1891 3717 1960 ἐχούσας
3745 1894 3843 1947 τὸν
3879 1896 4031 1964 ἐλεγ-

762 1973 899 2027 alias
956 1988 1090 2027 vero
1130 1981 1188 2026 ut
1239 1988 1362 2043 qua:
1411 1973 1625 2041 seipsas
1703 1970 1989 2025 refellant:
2044 1970 2334 2024 nonnullas

761 2075 946 2119 autem
1012 2074 1274 2133 tanquam
1344 2065 1616 2119 obscuras
1660 2073 1714 2118 et
1760 2063 2041 2131 Oppositas
2092 2064 2333 2126 veritati,

762 2152 974 2224 procul,
1007 2151 1172 2208 veluti
1204 2154 1257 2208 in
1300 2151 1531 2209 Vulcani
1575 2152 1777 2222 ignem,
1823 2152 2082 2219 ablegans
2117 2166 2181 2205 ac
2208 2166 2335 2221 pro-

650 2250 657 2263 ‘
759 2244 977 2314 jieieus,
1020 2260 1085 2299 ac
1127 2246 1291 2299 linem
1342 2244 1558 2299 dicendl
1608 2244 1835 2307 faciens,
1888 2243 2033 2297 istud
2077 2244 2333 2309 adjicio:

762 2334 928 2404 quod,
958 2334 1004 2389 si
1053 2335 1273 2404 quidem
1322 2337 1537 2388 veniam
1587 2347 1900 2402 poscamus,
1956 2333 2103 2401 quod
2138 2333 2335 2386 incon-

764 2428 997 2481 siderate
1033 2436 1085 2480 et
1120 2427 1183 2480 ad
1208 2426 1544 2479 iracundiam
1577 2424 1744 2479 Deum
1780 2426 2073 2489 movimus,
2104 2434 2158 2478 et
2193 2426 2335 2477 San-

765 2526 883 2572 ctos
923 2517 1219 2586 ignominia
1250 2515 1552 2579 afl'ecimns,
1588 2524 1643 2569 et
1674 2516 2020 2570 confessores
2056 2516 2339 2568 damnavi-

764 2623 910 2673 tntis,
949 2618 1003 2663 et
1038 2607 1337 2664 Ecclesiam
1373 2609 2019 2677 infamavitnusngetur
2041 2623 2172 2662 sane
2197 2623 2339 2676 prae-

764 2701 930 2755 clare.
969 2700 1064 2754 Sin
1113 2701 1321 2760 minus.
1374 2710 1429 2754 at
1484 2715 1584 2755 nos
1621 2710 1768 2755 certe
1823 2698 2059 2752 humiles
2118 2711 2338 2751 manum

763 2794 845 2847 ori
877 2793 1317 2860 admovebimus,
1347 2810 1447 2847 nec
1472 2793 1815 2847 sanctitatem
1837 2803 1984 2845 tuam
2016 2790 2085 2845 ad
2113 2790 2339 2846 alteram

761 2884 1121 2955 scriptionem
1158 2886 1492 2938 exarandam
1523 2881 1967 2952 provocabimus.

1057 2996 1287 3055 CLXIII.
1314 3027 1386 3038 —
1414 2996 1682 3052 Theodoro
1707 2996 1933 3066 patricio
1964 2992 2051 3051 ('\.

2440 1982 2535 2060 γον
2565 1984 2579 1998 ·
2617 1968 2764 2060 ένίας
2808 1970 2865 2025 δὲ
2906 1973 2983 2037 ὡς
3021 1979 3305 2041 σκοτεινὰς
3358 1982 3452 2035 καὶ
3506 1986 3822 2050 ἀντιθέτους

2444 2057 2579 2125 Reg.
2616 2059 2949 2135 ἀντιδόξους]
2976 2070 3041 2137 τῇ
3080 2070 3328 2144 ἀληθείᾳ,
3359 2074 3545 2145 πόρρω
3577 2093 3682 2129 που
3714 2057 4029 2151 ἀποῤῥιᾴά·

2448 2165 2610 2217 μενος
2665 2151 2742 2213 ὡς
2798 2156 2878 2217 είς
2926 2158 3039 2227 πῦρ
3083 2161 3402 2230 Ἡφαίστουο
3438 2170 3530 2221 ἐπὶ
3558 2170 3704 2224 τέλει
3743 2173 3843 2226 τοῦ
3871 2175 4027 2241 λόγου

2444 2242 2621 2297 έκεῖνο
2654 2245 3083 2319 ἐπιφθέγγομαιο
3135 2247 3215 2307 ὅτι
3248 2257 3297 2308 εί
3348 2259 3444 2327 μὲν
3483 2262 3747 2331 αἰτοῦμεν
3777 2266 4027 2333 συγγνώ-

2448 2350 2597 2402 μην,
2645 2337 2733 2405 ἐφ’
2763 2334 2844 2402 οἷς
2899 2344 3190 2411 προπετῶς
3226 2350 3320 2400 καὶ
3372 2350 3504 2403 Θεὸν
3550 2358 4024 2428 παρωργίσαμεν,

2446 2428 2540 2479 καὶ
2587 2430 2779 2496 ἁγίους
2829 2435 3215 2509 ἡτιμήσαμεν,
3268 2442 3365 2495 καὶ
3416 2444 3515 2513 τὴν
3553 2448 3848 2515 ὁμολογίαν
3895 2470 4028 2504 κατ⁶

2445 2520 2793 2609 ῃτιασάμεθα
2816 2562 2830 2588 ,
2866 2526 2961 2579 καὶ
2986 2528 3087 2595 τὴν
3126 2529 3457 2602 Ἐκκλησίαν
3501 2534 4026 2609 δεδυσφημήκαμεν,

2445 2603 2505 2659 εὖ
2540 2608 2606 2661 ἀν
2628 2611 2764 2679 ἔχοι·
2798 2617 2846 2667 εί
2887 2615 2944 2669 δὲ
2976 2619 3073 2688 μὴ,
3116 2620 3233 2674 ἀλλ’
3261 2625 3422 2694 ἡμεῖς
3464 2641 3527 2694 γε
3564 2627 3614 2679 oi
3654 2603 4027 2685 ταπεινοίὲπί

2451 2700 2682 2769 στόματι
2721 2707 2882 2775 χεῖρα
2939 2709 3318 2781 ἐπιθήσομεν,
3366 2716 3442 2785 μὴ
3489 2719 3890 2789 έκκαλούμενοί
3932 2739 4027 2775 σου

2448 2795 2547 2860 την
2581 2794 2838 2865 ὁσιότητα
2897 2801 2978 2863 εἰς
3014 2800 3274 2873 δευτέραν
3328 2811 3723 2881 γραμματικὴν
3777 2813 4026 2883 προσφώ-

2449 2897 2624 2950 νησιν.

2597 2994 2736 3049 PE!"
2761 2999 2894 3071 (55).
2918 3032 2991 3043 -
3012 3006 3288 3075 Θεοδώρῳ
3328 3014 3633 3081 πατρικίῳ.

2073 3104 2150 3156 De
2185 3102 2365 3155 sanctis
2389 3104 2703 3169 imaginibus.

827 3222 907 3279 Ex
942 3220 1275 3277 honorandis
1317 3219 1517 3274 litteris
1561 3217 1953 3288 conspeximus
2018 3212 2342 3269 laudatissi-

769 3329 915 3370 mam
944 3314 1293 3367 eminentiam
1343 3322 1491 3365 tuam
1520 3352 1535 3376 ,
1568 3325 1634 3364 ex
1665 3309 1947 3363 auditione
1993 3322 2123 3361 vero
2154 3321 2339 3360 rerum

768 3421 908 3475 quas
942 3403 1348 3473 significabant,
1377 3402 1649 3472 egregiam
1694 3401 1935 3454 animam
1986 3409 2129 3454 tuam
2174 3411 2343 3466 agno-

769 3498 974 3552 vimus.
999 3495 1155 3562 Quod
1185 3496 1329 3549 enim
1358 3509 1486 3562 erga
1517 3508 1617 3547 nos
1637 3503 1952 3563 peccatores
1982 3500 2090 3544 tam
2115 3488 2340 3543 honori-

770 3592 890 3647 licia
926 3589 1109 3646 verbis
1133 3603 1268 3643 usus
1301 3603 1384 3650 es,
1414 3587 1671 3656 quodque
1716 3586 1973 3638 humilem
2021 3583 2212 3637 faciem
2246 3596 2343 3634 no-

776 3692 947 3739 stram
980 3680 1168 3737 videre
1204 3680 1505 3742 desideras,
1535 3692 1600 3731 ac
1656 3676 1952 3730 salutarem
2000 3676 2195 3728 deinde
2227 3689 2342 3727 ser-

772 3788 989 3829 monem
1016 3772 1206 3827 audire
1242 3789 1257 3838 ;
1291 3770 1528 3825 hominis
1557 3778 1644 3824 est
1692 3783 1820 3822 vere
1853 3782 1882 3821 a
1932 3765 2043 3820 Deo
2074 3764 2262 3828 amati,
2288 3774 2344 3817 et

773 3866 970 3922 anima:
995 3865 1161 3920 Deum
1194 3863 1651 3933 concupiscentis.
1685 3861 1856 3927 Quam
1878 3859 2145 3913 mirabilia
2160 3866 2341 3910 autem

772 3974 937 4029 opera
972 3956 1157 4027 magni
1201 3965 1255 4010 et
1284 3955 1453 4010 solius
1512 3954 1682 4009 nostri
1724 3954 2166 4008 Christianorum
2202 3949 2293 4003 Dei
2326 3966 2342 4014 ;

772 4052 919 4121 quod
950 4061 1003 4105 te
1031 4050 1099 4105 de
1128 4056 1287 4121 gente
1315 4062 1421 4102 non
1453 4053 1640 4103 sancta
1691 4047 1745 4101 in
1789 4044 2157 4101 venerandam
2194 4044 2347 4113 agni-

776 4145 978 4198 tionem
1012 4144 1254 4197 veritatis
1286 4157 1399 4197 suze
1438 4140 1652 4194 vocavit
1688 4139 1779 4193 tali
1809 4138 1993 4203 modo,
2022 4138 2074 4190 in
2104 4137 2340 4206 speciem

774 4236 995 4306 quidem
1024 4235 1247 4290 minime
1279 4235 1611 4299 voluntario,
1642 4232 1734 4288 sed
1770 4232 1948 4302 reipsa
1978 4230 2159 4284 libera:
2181 4243 2344 4299 quam

775 4328 1013 4382 maxime
1052 4326 1348 4381 voluntatis
1374 4365 1389 4389 ,
1440 4340 1545 4379 una
1576 4340 1697 4379 cum
1752 4323 2001 4393 cognatis
2056 4323 2149 4393 qui
2181 4320 2346 4378 simul

2528 3216 2658 3270 Ἀπὸ
2702 3220 2796 3273 τοῦ
2828 3222 3013 3290 τιμίου
3046 3239 3139 3275 σου
3183 3226 3512 3295 γράμματος
3552 3230 3769 3301 εἷδομεν
3801 3249 3899 3286 σου
3928 3236 4021 3306 τὴν

2447 3309 2805 3381 πανεὺφημον
2839 3314 3135 3385 ὑπεροχὴν,
3164 3317 3259 3368 καὶ
3304 3319 3413 3371 ἀπὸ
3445 3321 3765 3392 ἀκροάσεως
3791 3326 3907 3379 τῶν
3939 3345 4024 3397 ση-

2450 3402 2791 3469 μαινομένων
2834 3405 3155 3475 ὲπέγνωμέν
3196 3423 3290 3459 σου
3346 3408 3444 3478 τὴν
3489 3412 3658 3480 καλὴν
3704 3414 3908 3484 ψυχήν.
3955 3419 4024 3470 Τὸ

2447 3490 2556 3561 γὰρ
2591 3492 2727 3561 πρὸς
2766 3494 2914 3563 ἡμᾶς
2950 3496 3076 3558 τοὺς
3120 3496 3485 3567 ἁμαρτωλοὺς
3516 3502 3783 3567 τοιούτοις
3813 3509 4023 3577 χρήσει·

2450 3584 2573 3637 σθαι
2600 3591 2911 3656 τιμητικοῖς
2940 3588 3141 3657 λόγοις,
3180 3592 3475 3663 ἐπιθυμεῖν
3502 3610 3560 3648 τε
3591 3596 3749 3665 ἡμῶν
3787 3599 3919 3653 ίδείν
3964 3603 4024 3655 τὸ

2448 3676 2664 3740 εὐτελὲς
2686 3678 2996 3747 πρόσωπον,
3030 3677 3147 3734 εἶτα
3180 3684 3274 3737 καὶ
3302 3686 3698 3757 ἀκουτισθῆναι
3728 3688 3890 3757 λόγον
3925 3709 4024 3745 σω-

2448 3770 2657 3839 τήριον,
2680 3768 2872 3838 ἀνδρός
2912 3770 3059 3821 ἐστιν
3091 3771 3259 3836 ὅντως
3301 3776 3507 3840 ἐνθέου,
3547 3778 3641 3830 καὶ
3684 3777 3866 3848 ψυχῆς
3903 3783 4025 3834 ἑπι-

2451 3860 2720 3931 ποθούσης
2769 3860 2918 3914 Θεόν.
2961 3862 3069 3914 Καὶ
3096 3862 3171 3926 ὡς
3198 3863 3485 3935 θαυμαστά
3532 3870 3601 3921 τὰ
3634 3870 3774 3941 ἔργα
3802 3871 3899 3923 τοῦ
3932 3891 4026 3942 με·

2450 3951 2617 4018 γάλου
2664 3952 2757 4005 καὶ
2804 3953 2968 4023 μόνου
3014 3952 3149 4006 Θεοῦ
3188 3956 3345 4025 ήμῶν
3394 3959 3503 4013 τῶν
3550 3961 3917 4030 Χριστιανῶν
3946 3965 4026 4017 ἂτι

2453 4043 2683 4096 ὲκάλεσὲ
2716 4060 2773 4096 σε
2812 4042 2871 4107 ἐξ
2907 4044 3093 4109 ἔθνους
3123 4047 3219 4117 οὐχ
3247 4048 3397 4101 ὁσίου
3428 4052 3505 4113 είς
3546 4050 3643 4121 τὴν
3673 4052 3878 4122 σεπτὴν
3911 4054 4027 4105 ἐπὶ·

2452 4148 2653 4202 γνωσιν
2694 4134 2790 4202 τῆς
2844 4134 3101 4204 ἀληθείας
3132 4137 3298 4191 αὐτοῦ
3330 4140 3517 4209 τρόπῳ
3562 4141 3870 4213 τηλικούτῳ
3891 4184 3907 4207 ,
3940 4144 4028 4197 δο-

2454 4222 2639 4276 κοῦντι
2669 4223 2771 4293 μὲν
2802 4226 3059 4297 ἀκουσίῳ,
3091 4228 3398 4301 αὐθαιρέτῳ
3428 4230 3472 4281 δ’
3515 4232 3595 4284 ὅτι
3638 4234 3897 4301 μάλιστα.
3932 4238 4027 4289 σὺν

2452 4316 2565 4376 τοῖς
2634 4315 3041 4379 συνεξελθοῦσιν
3085 4320 3436 4392 ἀρχιερεῦσιν
3493 4321 3649 4393 [C0d.
3692 4326 3825 4396 Reg.
3874 4329 4030 4397 ἀγχι-

775 4418 1002 4471 aihlncti
1058 4416 1229 4471 sunt!
1284 4415 1401 4469 Non
1433 4417 1591 4469 aliter
1635 4416 1780 4469 enim
1811 4431 1908 4468 vos
1946 4415 2017 4469 al)
2070 4414 2341 4482 impietate

2456 4404 2718 4476 στεῦσιν]·
2756 4408 2983 4477 ἐπείπερ
3016 4411 3187 4475 ἄλλως
3214 4416 3273 4466 οὐ
3304 4415 3690 4484 δεδοκίμασται
3715 4420 3781 4487 τῇ
3808 4419 3932 4490 θείᾳ⁵
3963 4422 4029 4473 οί·

773 4510 987 4578 eripere
1023 4508 1202 4562 visum
1255 4517 1338 4561 est
1376 4507 1578 4561 divinat
1621 4505 2039 4577 dispensationi.
2094 4505 2137 4558 Ο
2177 4506 2341 4557 miru-

2452 4499 2681 4568 κονομίᾳ
2739 4501 3063 4569 ἀφαρπάσαι
3117 4505 3261 4573 ὑμᾶς
3289 4508 3387 4577 τῆς
3441 4507 3754 4577 ἀθεότητος.
3819 4510 3884 4561 Ὦ
3932 4514 4029 4579 τῆς

776 4603 938 4656 liilem
993 4600 1377 4655 vocationem!
1428 4615 1462 4653 o
1505 4598 1831 4653 laudandam
1872 4596 2342 4667 redemptionem!

776 4692 1101 4747 Tran‘slatus
1144 4708 1205 4747 es
1256 4691 1591 4744 detenebris
1646 4690 1697 4743 in
1750 4689 2125 4743 admirabilem
2175 4689 2345 4756 ipsius

777 4786 953 4838 lucem
985 4800 997 4836 :
1030 4791 1228 4836 exutus
1261 4780 1428 4835 veteri
1470 4780 1709 4844 homine,
1730 4795 1853 4833 cum
1885 4778 2137 4832 absurdis
2167 4778 2347 4831 ethni-

777 4878 965 4945 cisqne
1001 4875 1433 4945 Cogitationihus
1498 4883 1553 4926 et
1596 4875 1855 4938 actibus;
1922 4872 2196 4926 Christum
2256 4873 2340 4926 in-

778 4969 968 5032 duisti,
1002 4966 1351 5022 Christianus
1388 4966 1567 5035 reipsa
1608 4981 1707 5035 pro
1740 4966 1984 5029 etltnico,
2026 4964 2172 5017 filius
2203 4964 2340 5017 lucis

777 5069 830 5111 et
865 5059 973 5111 diei
1018 5074 1117 5127 pro
1171 5056 1283 5111 filio
1319 5057 1672 5111 tenebrarum
1699 5065 1753 5109 et
1794 5056 1971 5110 noctis
1996 5057 2294 5125 impietatis
2328 5072 2341 5118 ;

778 5162 951 5202 unum
979 5147 1148 5202 Deum
1204 5146 1416 5211 colens,
1450 5146 1629 5215 quiin
1683 5145 1840 5199 Patre
1869 5155 1922 5197 et
1966 5143 2104 5197 Filio
2136 5154 2189 5197 et
2223 5144 2347 5209 Spi-

777 5240 887 5293 ritu
922 5248 1114 5294 sancto
1148 5238 1449 5303 aduratur;
1480 5237 1845 5291 multitudinis
1874 5236 2098 5289 deorum
2140 5244 2193 5289 et
2231 5234 2354 5287 llul—

780 5332 977 5401 garica‘.
1008 5329 1329 5385 idololatria
1382 5330 1592 5400 fugiens
1617 5328 1807 5383 falsam
1830 5328 2179 5397 religionem:
2218 5342 2349 5381 con-

780 5425 938 5479 litens
994 5422 1192 5478 deinde
1229 5438 1397 5477 unum
1446 5424 1515 5477 de
1576 5432 1762 5476 sancta
1818 5419 2103 5484 Trinitate,
2146 5402 2344 5473 Filium

781 5515 956 5587 ipsum
1001 5528 1057 5571 et
1093 5514 1332 5572 Verbum
1385 5514 1478 5571 Dei
1533 5530 1629 5585 per
1669 5529 1938 5570 summam
1992 5529 2117 5583 erga
2178 5526 2350 5582 genus

2456 4590 2773 4659 θαυμαστῆς
2810 4592 3083 4661 κλήσεωςι
3138 4596 3183 4648 ὦ
3226 4599 3323 4669 τῆς
3372 4601 3659 4667 ὲπαινετῆς
3713 4601 4028 4674 ἀπολυτρώ-

2455 4700 2591 4737 σεως
2619 4683 2631 4735 l
2666 4683 2896 4753 ὴνέχθης
2930 4687 2993 4738 ὲκ
3035 4689 3258 4753 σκότους
3291 4691 3371 4748 είς
3418 4694 3480 4743 τὸ
3526 4692 3841 4761 θαυμαστὸν
3865 4695 4028 4748 αὑτοῦ

2454 4774 2590 4844 φῶς·
2620 4776 3066 4846 ἀπεκδυσάμενος
3089 4780 3180 4831 τὸν
3202 4782 3429 4835 παλαιὸν
3459 4784 3765 4854 ἄνθρωπον,
3796 4787 3895 4838 συν
3921 4790 4025 4852 τοῖς

2450 4868 2677 4929 ἀτόποις
2708 4868 2820 4934 ,καὶ
2867 4869 3099 4934 έθνικοῖς
3156 4872 3434 4944 λογισμοῖς
3492 4894 3550 4929 τε
3608 4880 3704 4931 καὶ
3741 4880 4023 4950 πράξεσιν,

2451 4957 2689 5010 meum»
2722 4960 2812 5011 τὸν
2853 4962 3114 5031 Χριστὸν,
3154 4966 3478 5036 Χριστιανὸς
3508 4970 3622 5021 ἀντ’
3652 4970 3868 5023 ἐθνικοῦ
3900 4990 4026 5042 χρη-

2452 5052 2719 5121 ματίζων·
2752 5054 2867 5115 υίὸς
2896 5056 3073 5123 φωτὸς
3132 5060 3225 5111 καὶ
3288 5062 3521 5129 ἡμέρας,
3556 5061 3672 5114 ἀνθ’
3723 5062 3842 5114 υἱοῦ
3900 5065 4025 5116 σκό-

2448 5163 2575 5206 τους
2617 5145 2709 5195 καὶ
2744 5145 2935 5208 νυκτὸς
2962 5148 3233 5212 ἀσεϐείαςο
3270 5153 3368 5205 ἕνα
3404 5153 3536 5204 θεὸν
3587 5153 3796 5217 σέϐων,
3833 5156 3926 5207 τὸν
3969 5158 4023 5208 ὲν

2452 5234 2631 5303 Πατρὶ
2662 5235 2754 5286 καὶ
2792 5234 2903 5304 Υίῴ
2933 5238 3023 5288 καὶ
3054 5238 3193 5307 ἁγίῳ
3222 5240 3502 5309 Πνεύματι
3528 5243 4020 5313 προσκυνούμενον

2454 5324 2750 5393 πεφευγὼς
2799 5326 2899 5395 τῆς
2943 5326 3234 5392 πολυθεῖας
3265 5332 3360 5383 καὶ
3390 5331 3768 5403 Βουλγαρικῆς
3817 5334 4022 5387 εἰδωλο-

2455 5416 2712 5487 λατρείας
2741 5418 2840 5489 τὴν
2871 5420 3211 5475 δυσσέϐειαν·
3244 5420 3365 5475 εῐτα
3400 5425 3493 5475 καὶ
3516 5426 3790 5494 ὁμολογῶν
3817 5428 3908 5478 τὸν
3933 5429 4019 5479 ἕνα

2458 5510 2555 5580 τῆς
2587 5512 2749 5580 ἁγίας
2783 5512 3045 5583 Τριάδος,
3080 5514 3243 5568 αὑτὸν
3281 5515 3371 5568 τὸν
3417 5516 3543 5570 Υίδν
3576 5518 3669 5570 καὶ
3716 5519 3889 5587 Λόγον
3933 5519 4018 5572 τοῦ

2285 5716 2517 5774 NOTAE.

851 5836 926 5902 t‘i
956 5835 1293 5906 Dogntatiea.

2534 5833 2646 5905 (55)
2673 5834 2727 5890 ln
2754 5835 2874 5893 eod.
2904 5834 3035 5909 Reg.
3070 5837 3205 5908 ppa'.
