4184 6548
231 500 373 565 1517

1448 495 1981 555 EPIS'I‘OLARUM
2019 494 2167 553 LIB.
2226 496 2308 552 ΙΙ.

3357 497 3492 559 1518

227 608 394 675 Θεοῦ,
450 611 517 665 δι’
549 607 886 679 ὑπερϐάλλον
918 606 1066 670 ἕλεος
1109 607 1206 660 τοῦ
1248 607 1369 660 καθ’
1398 610 1546 678 ἡμᾶς
1590 611 1813 676 γένους,

1935 613 2164 660 nostrum
2188 602 2625 659 misericordiam
2659 603 2940 660 hominem
2966 620 3089 661 esse
3117 604 3318 662 factum
3344 609 3494 663 simt-

229 705 523 774 ἄνθρωπον
549 700 879 769 γεγενῆσθαι
908 701 1093 769 ὅμοιον
1115 702 1251 769 ἡμῖν
1277 700 1416 753 κατά
1451 701 1649 763 πάντα,
1679 698 1819 768 μετὰ

232 795 333 846 καὶ
376 791 469 844 τοῦ
501 787 642 841 είναι
697 789 791 841 τὸν
838 788 1002 841 αὐτὸν
1043 788 1177 839 Θεὸν
1222 789 1452 842 τέλειον.
1486 788 1615 848 Θεὸς
1653 787 1759 855 γάρ
1789 786 1819 837 ὁ

232 885 452 953 Πατὴρ,
492 881 623 942 Θεὸς
655 881 751 933 καὶ
797 881 825 933 ὁ
877 880 1026 943 Υἱὸς,
1071 880 1202 943 Θεὸς
1254 880 1351 931 καὶ
1397 879 1460 932 τδ
1511 879 1735 948 Πνεῦμα
1762 877 1821 930 τὸ

234 976 414 1043 ᾶγιοψ
449 967 527 1033 εἷς
574 971 726 1035 Θεὸς,
757 971 819 1024 οὐ
856 974 1005 1041 τρεῖς
1043 970 1177 1034 θεοὶ,
1225 972 1405 1039 ἄπαγε
1429 988 1443 1002 ’
1484 970 1544 1023 τὸ
1584 971 1701 1039 μὲν,
1733 972 1821 1023 διὰ

232 1068 339 1136 τὴν
376 1064 506 1131 μίαν
533 1062 789 1131 θεότηταο
817 1063 879 1115 τδ
905 1062 965 1115 δὲ
987 1061 1072 1115 διά
1100 1062 1169 1116 τά
1198 1062 1326 1131 τρία
1355 1060 1645 1132 πρόσωπα.
1673 1059 1819 1130 Αὕτη

232 1160 270 1227 ἡ
306 1154 533 1225 ἀληθινὴ
577 1153 756 1217 πίστις
796 1154 905 1206 τῶν
935 1152 1302 1224 Χριστιανῶν,
1333 1151 1686 1222 καταργοῦσα
1716 1153 1823 1204 πᾶ·-

236 1264 341 1299 σαν
372 1246 578 1314 πλάνην
617 1250 710 1297 καὶ
744 1245 980 1315 αἵρεσιν.

327 1336 542 1409 Ἐπειδὴ
568 1337 625 1390 δὲ
664 1337 888 1399 διπλοῦς
914 1340 941 1389 ὁ
978 1337 1234 1408 Χριστὸς,
1263 1338 1402 1392 καθὸ
1435 1336 1565 1401 Θεὸς
1594 1337 1819 1399 τέλειος,

239 1432 341 1484 καὶ
389 1431 672 1503 ἄνθρωπος
722 1430 947 1493 τέλειοςο
985 1430 1046 1482 τὸ
1097 1431 1195 1499 μὲν
1239 1431 1314 1493 ὡς
1361 1432 1424 1484 ὲκ
1467 1431 1559 1485 τοῦ
1612 1431 1823 1500 Πατρός

239 1525 527 1590 γεννηθεὶς
557 1523 662 1592 πρὸ
705 1520 937 1584 αἰώνων,
978 1521 1053 1583 ὡς
1082 1522 1140 1586 ἐξ
1172 1523 1327 1591 ἡλίου
1366 1522 1733 1592 ἀπαύγασμα·
1762 1521 1823 1574 τὸ

240 1612 304 1665 δὲ
347 1614 413 1665 ἐκ
462 1614 561 1679 τῆς
620 1612 824 1681 μητρὸς
860 1613 948 1664 ἐπ’
999 1614 1247 1681 ἐσχάτων
1290 1613 1396 1664 τῶν
1425 1613 1654 1683 χρόνων,
1682 1612 1756 1669 ὡς
1790 1614 1821 1683 ἡ

241 1707 369 1760 καθ’
427 1707 575 1774 ἡμᾶς
629 1706 918 1775 γέννησις,
974 1705 1172 1775 μᾶλλον
1231 1705 1287 1757 δὲ
1332 1706 1425 1759 καὶ
1462 1706 1600 1774 ὑπὲρ
1651 1707 1819 1774 ἡμᾶς·

242 1799 436 1868 ἐπειδὴ
474 1796 738 1867 παρθένος
794 1798 827 1865 ἡ
873 1797 1109 1849 τεκοῦσα
1133 1837 1148 1862 ,
1200 1799 1297 1849 καὶ
1337 1798 1489 1869 πρὶν,
1530 1798 1621 1850 καὶ
1661 1799 1717 1848 ἐν
1747 1795 1823 1866 τῷ

242 1893 472 1949 τίκτειν,
513 1890 606 1941 καὶ
641 1889 778 1957 μετά
809 1888 870 1940 τὸ
902 1889 1140 1941 τίκτειν*
1173 1890 1258 1957 ἐφ’
1284 1884 1364 1952 οἷς
1418 1888 1514 1942 καὶ
1563 1888 1823 1950 Θεοτόκος

1920 696 2023 749 lem
2052 696 2209 749 nobis
2238 711 2335 765 per
2358 696 2562 763 omnia,
2594 712 2717 751 eum
2745 697 2885 752 idem
2922 698 3037 768 ipse
3061 700 3332 767 perfectus
3352 710 3499 755 esset

1925 788 2085 843 Deus.
2130 789 2273 843 Deus
2317 788 2463 842 enim
2488 786 2672 851 Pater,
2739 788 2883 844 Deus
2933 798 2989 843 et
3023 788 3219 852 Filius,
3254 790 3396 842 Deus
3440 798 3500 843 et

1923 878 2162 949 Spiritus
2217 887 2473 941 sanctus;
2513 892 2655 929 unus
2686 877 2850 940 Deus,
2896 894 3002 931 non
3037 889 3148 932 tres
3179 878 3285 944 Dii,
3316 879 3497 933 absit:

1922 973 2026 1025 hoc
2052 970 2297 1039 quidem,
2331 977 2552 1039 prOpter
2611 984 2775 1022 unam
2826 971 3124 1035 deitatem;
3164 972 3294 1025 illud
3347 987 3499 1029 vero.

1921 1070 2150 1131 propter
2195 1072 2308 1114 tres
2363 1074 2646 1127 personas.
2681 1058 2807 1113 Haec
2865 1076 2994 1114 vera
3047 1071 3131 1116 est
3168 1061 3300 1117 ﬁdes
3344 1062 3503 1117 Chri—

1924 1152 2249 1215 stianorum,
2278 1150 2509 1205 abolens
2566 1165 2808 1205 errorem
2846 1166 3064 1205 onmem
3119 1162 3172 1206 et
3227 1152 3499 1207 hazresim.

1994 1326 2265 1392 Quoniam
2315 1337 2497 1381 autem
2547 1327 2744 1396 duplex
2781 1336 2865 1382 est
2909 1326 3188 1389 Christus,
3232 1335 3505 1396 quatenus

1926 1418 2064 1473 Deus
2092 1420 2364 1489 perfecuts
2382 1431 2435 1474 et
2456 1421 2617 1475 homo
2647 1420 2950 1490 perfectus;
2978 1421 3107 1473 illud
3130 1420 3348 1488 quidem
3385 1431 3506 1472 tant-

1924 1527 2085 1580 quam
2122 1529 2184 1566 ex
2226 1512 2386 1566 Patre
2416 1524 2575 1566 natus
2602 1521 2726 1566 ante
2754 1512 3132 1572 swcula,sicut
3161 1511 3418 1580 splendor
3438 1526 3504 1563 ex

1926 1599 2040 1654 sole
2064 1616 2079 1665 ;
2106 1602 2243 1654 isuul
2265 1618 2392 1655 vero
2420 1618 2484 1655 ex
2504 1612 2697 1666 matre,
2718 1603 2769 1654 in
2795 1604 3112 1655 novissimis
3145 1602 3505 1669 temporibus,

1924 1700 1985 1745 ut
2024 1693 2276 1747 nativitas
2325 1703 2407 1748 est
2437 1704 2646 1756 nostra,
2688 1696 2770 1747 vel
2801 1694 2982 1761 potius
3008 1708 3172 1761 supra
3215 1702 3459 1745 nostram
3490 1709 3504 1756 ;

1927 1784 2402 1853 quandoquidem,
2427 1796 2477 1838 et
2509 1796 2655 1849 ante,
2677 1796 2731 1839 et
2765 1787 2816 1837 in
2845 1794 3024 1854 partu,
3059 1794 3112 1838 et
3140 1796 3263 1854 post
3291 1795 3505 1854 partum

1925 1875 2079 1944 virgo
2124 1886 2208 1930 est
2249 1892 2370 1946 quae
2415 1878 2595 1945 ipsum
2660 1879 2905 1946 peperit:
2948 1894 3118 1946 quare
3167 1886 3222 1930 ct
3276 1876 3507 1945 Deipara

241 1986 322 2047 ὼς
345 1982 555 2051 άληθῶς
584 1985 677 2035 καὶ
700 1981 945 2050 νενόηται
975 1983 1069 2033 καὶ
1101 1982 1553 2052 προσηγόρευται.
1586 1980 1683 2032 Διά
1709 1980 1829 2032 τοῦ·
1860 1972 1903 2025 Β
1932 1964 2216 2018 νετίδδίιηθ
2243 1976 2297 2019 ει
2338 1965 2662 2035 ίηῑθηίὲίων
2684 1975 2739 2019 εί
2795 1967 3121 2035 θρίδθηλίυτο
3185 1964 3505 2034 Εθβνοίηθνο

242 2094 329 2135 το.
371 2075 557 2143 ὥσπερ
587 2075 726 2127 κατά
767 2073 857 2125 τὸν
896 2074 1118 2143 Πατέρα
1169 2074 1610 2143 ἀπερίγραπτος,
1657 2072 1827 2134 οὕτως

245 2169 345 2220 καὶ
395 2166 536 2217 κατὰ
573 2164 672 2232 τὴν
710 2166 919 2234 μητέρα
980 2165 1038 2215 ὲν
1072 2166 1260 2216 πίνακι
1318 2164 1825 2234 περιγραφόμενος·

246 2261 345 2313 καὶ
382 2260 415 2328 ἡ
459 2257 773 2326 περιγραφὴ
824 2254 989 2308 αὑτοῦ
1034 2256 1151 2325 ἦτοι
1184 2257 1217 2322 ἡ
1246 2255 1431 2320 είκὼν,
1476 2252 1827 2325 προσκυνητὴ

247 2354 346 2408 καὶ
374 2351 633 2420 σεϐαστὴ,
668 2351 724 2403 ἐν
829 2350 1085 2421 βλέπεται
1117 2350 1205 2417 ὑφ’
1235 2349 1391 2419 ἡμῶν
1427 2348 1535 2400 τῶν
1572 2348 1831 2417 Χριστια-

246 2442 358 2495 νῶν
408 2441 525 2493 οἵαν
586 2440 797 2511 μορφὴν
851 2438 1100 2492 ἀνέλαϐε
1164 2440 1257 2493 καὶ
1314 2438 1718 2508 δεδοξολόγηται
1754 2436 1830 2497 ὡς

248 2535 437 2603 ὅμοιος
480 2534 615 2601 ἡμῖν
669 2531 811 2584 κατὰ
848 2533 1025 2583 πάντα
1071 2530 1309 2598 γεγονὼς
1362 2530 1500 2601 πλὴν
1536 2530 1825 2599 ἁμαρτίας·

250 2626 615 2693 καταργήσας
655 2625 763 2674 πᾶν
801 2621 1073 2673 εἰδωλικδν
1106 2622 1379 2691 ὁμοίωμα,
1414 2623 1496 2690 ἐφ’
1534 2616 1577 2688 ᾧ
1624 2621 1830 2672 ὤλλυτο

250 2715 513 2783 λατρεῦον
536 2752 551 2775 ,
605 2713 663 2777 ἐξ
691 2711 913 2782 ἡμερῶν
962 2712 1175 2775 αἰῶνος,
1207 2711 1268 2763 τὸ
1304 2712 1458 2778 γένος
1487 2710 1593 2762 τῶν
1621 2700 1831 2779 ἀνθρὼ-

252 2823 394 2858 πων.
429 2807 489 2857 ὐ
518 2805 646 2872 γοῦν
683 2806 757 2874 μὴ
796 2804 1227 2873 καταδεχόμενος
1257 2804 1417 2855 αὐτὸν
1447 2804 1827 2867 είκονίζεσθαι,

251 2894 299 2951 ὦ
347 2897 481 2951 καλὲ
527 2896 670 2965 φίλε,
727 2896 1084 2949 ἀπαναίνεται
1136 2899 1317 2957 αὐτοῖς
1365 2898 1676 2966 πράγμασι,
1730 2897 1831 2948 κᾶν

251 2989 398 3059 λόγῳ
440 2989 925 3057 συγκατατίθηται,
964 2988 1215 3056 γενέσθαι
1268 2990 1359 3040 τὸν
1392 2989 1517 3041 Υίὸν
1571 2988 1664 3040 τοῦ
1697 2987 1830 3039 Θεοῦ

252 3086 562 3154 ἄνθρωπον·
594 3083 685 3134 καὶ
716 3085 744 3135 ὁ
785 3083 856 3151 μὴ
890 3082 1210 3153 προσκυνῶν
1235 3082 1401 3135 αὐτοῦ
1436 3082 1531 3149 τὴν
1566 3082 1725 3148 ἁγίαν
1752 3082 1830 3131 εἰ-

253 3178 423 3238 κόνα,
462 3174 535 3243 μὴ
576 3175 903 3244 προσκυνεῖν
938 3173 1100 3226 αὐτὸν
1141 3174 1533 3232 ἀποδέδεικται,
1572 3173 1674 3223 κᾶν
1705 3174 1835 3241 ὀμο-

253 3268 387 3335 λογῇ
438 3266 784 3335 προσκυνεῖν.
854 3264 916 3314 Ἠ
968 3264 1076 3333 γὰρ
1122 3264 1220 3332 τῆς
1262 3263 1466 3325 εἰκόνος
1502 3262 1664 3314 αὑτοῦ
1700 3261 1831 3331 τιμὴ

254 3358 349 3410 ἐπὶ
376 3359 439 3408 τὸ
474 3357 830 3426 πρωτότυπον
865 3355 1147 3409 διαϐαίνει’
1184 3355 1372 3426 ὥσπερ
1421 3355 1515 3407 καὶ
1547 3356 1578 3424 ἡ
1612 3355 1834 3425 ἄρνησις

256 3449 424 3517 αὐτῆς
454 3451 534 3509 είς
571 3449 731 3500 αὐτὸν
762 3449 860 3517 τὴν
895 3450 1123 3517 ἄρνησιν
1161 3447 1497 3515 ἀναπέμπει.
1542 3446 1695 3499 Ἐπεὶ
1719 3442 1833 3508 οὖν,

255 3540 333 3601 ὡς
383 3538 672 3606 μανθάνω,
722 3537 899 3599 οὓτως
945 3540 1034 3589 καὶ
1084 3539 1247 3599 αὐτὸς
1281 3537 1577 3598 πέποιθας,
1628 3536 1723 3588 καὶ
1749 3536 1837 3588 διὰ

256 3630 415 3685 τοῦτο
437 3630 629 3699 στέλλῃ
654 3629 753 3697 τῆς
780 3629 1065 3692 κοινωνίας
1092 3630 1198 3681 τῶν
1230 3628 1628 3697 Είκονομάχωψ
1661 3628 1837 3696 χαίρω

259 3722 354 3774 καί
386 3721 666 3791 συγχαίρω
693 3738 797 3783 σοι,
836 3720 1143 3791 εὐχαριστῶ
1168 3721 1263 3772 καὶ
1291 3720 1698 3790 συνευχαριστῶ
1730 3736 1834 3781 σοι,

258 3813 341 3865 ὅτι
383 3813 515 3883 ὁρᾷς
560 3810 657 3881 τὴν
690 3810 982 3880 ἀλήθειαν,
1029 3810 1121 3862 καί
1160 3826 1241 3863 τοι
1281 3809 1553 3879 ὀψιμαθὴς
1583 3806 1693 3870 ῶν,
1742 3807 1838 3860 καὶ

259 3904 644 3973 άρτιγέννητος
697 3904 811 3965 υίὸς
847 3902 1003 3956 Θεοῦ.
1054 3904 1161 3955 Καὶ
1212 3902 1284 3971 μή
1318 3918 1399 3954 τοι
1440 3900 1723 3971 θαυμάσῃς
1758 3901 1837 3952 ὅτι

261 3998 357 4050 καὶ
404 3997 462 4047 ἐν
510 3996 855 4063 Χριστιανοῖς
886 3996 1196 4064 εἰσέρχεται
1232 3994 1428 4061 πλάνη.
1458 3992 1634 4044 Ὅπου
1674 3990 1779 4059 γὰρ
1801 3992 1835 4059 ὴ

264 4085 529 4154 σωτηρία,
571 4086 687 4136 ἐκεῖ
718 4086 903 4153 τρέχει
955 4086 984 4136 ό
1038 4084 1254 4155 δράκων
1308 4083 1554 4144 διάϐολος
1612 4082 1837 4151 ποιῆσαι

261 4176 564 4228 ἀπώλειαν·
602 4175 870 4228 καὶτοῦτο
902 4175 970 4227 δι’
1002 4177 1118 4237 ἑνὸς
1153 4176 1440 4248 ἀνθρώπου
1474 4175 1566 4227 τοῦ
1596 4175 1839 4239 ἐξουσιά-

262 4266 467 4329 ζοντος.
508 4268 665 4336 ’Λρτι
707 4267 815 4337 γὰρ
847 4268 878 4335 ἡ
908 4266 1081 4336 πλάνη
1128 4266 1265 4334 αὕτη
1305 4266 1602 4337 ἐπεισήχθη
1640 4268 1697 4317 ὲν
1727 4268 1839 4328 τοῖς

261 4360 626 4428 Χριστιανοῖς.
663 4357 816 4409 Ἐπεὶ
851 4357 909 4420 ἐξ
951 4356 1144 4419 αἰῶνος
1178 4359 1211 4427 ἡ
1252 4356 1488 4426 Χριστοῦ
1531 4356 1716 4423 εἰκὼν,
1739 4357 1837 4426 τῆς

262 4468 322 4503 τε
359 4449 652 4512 Θεοτόκου,
694 4449 788 4501 καὶ
819 4448 927 4501 τῶν
964 4449 1132 4517 ἁγίων
1160 4449 1347 4503 αὐτοῦ.

1931 2055 2391 2123 quemadmodum
2459 2057 2967 2126 incircumscriptus
3051 2066 3134 2111 est
3202 2057 3507 2111 secundum

1930 2143 2168 2211 Patrem,
2222 2147 2303 2201 sic
2339 2158 2393 2200 et
2443 2148 2741 2201 secundum
2794 2156 3025 2202 matrem
3062 2150 3116 2201 in
3166 2148 3353 2202 tabula
3410 2149 3508 2202 de-

1932 2241 2211 2303 scribitur,
2247 2249 2301 2295 et
2330 2241 2627 2310 descriptio
2678 2242 2798 2309 ejus
2848 2243 2962 2295 sive
2991 2243 3193 2310 imago,
3231 2242 3506 2294 adoranda

1931 2342 1985 2385 et
2022 2332 2373 2395 veneranda;
2424 2333 2478 2385 in
2513 2348 2617 2401 qua
2650 2333 2893 2387 cernitur
2922 2348 2950 2386 a
2992 2334 3150 2387 nobis
3177 2332 3510 2388 Christianis

1932 2424 2149 2490 qualem
2204 2421 2435 2475 formam
2504 2425 2909 2493 assumpserit;
2962 2434 3016 2477 et
3068 2424 3379 2479 declaratus
3426 2436 3511 2477 est

1931 2515 2128 2569 similis
2171 2514 2328 2569 uobis
2361 2514 2536 2569 factus
2589 2531 2685 2584 per
2732 2517 2914 2569 omnia
2956 2526 3153 2586 praeter
3180 2528 3505 2587 peccaturo:

1932 2605 2158 2660 abolens
2196 2621 2414 2659 omnem
2455 2606 2707 2660 idolieam
2748 2608 3187 2670 similitudinem,
3215 2624 3376 2678 quam
3413 2622 3507 2661 eo-

1933 2696 2049 2752 leus
2105 2698 2271 2765 periit
2307 2697 2590 2751 hominum
2643 2715 2816 2769 genus
2844 2715 2872 2752 a
2904 2700 3097 2753 diebus
3152 2700 3364 2753 saeculi.
3403 2697 3510 2765 Qui

1932 2803 2060 2857 ergo
2090 2788 2239 2841 illum
2297 2787 2534 2856 imagine
2585 2791 2964 2857 repraesentari
3022 2806 3129 2843 non
3181 2790 3441 2856 admittit,
3475 2806 3511 2843 o

1933 2878 2075 2931 bone
2095 2880 2511 2948 amice,judici0
2528 2882 2831 2946 contendit,
2857 2884 3071 2937 tametsi
3092 2883 3260 2937 verbo
3284 2893 3511 2947 annuat,

1933 2970 2130 3025 Filium
2188 2971 2281 3025 Dei
2318 2973 2595 3027 hominem
2650 2973 2853 3027 factum
2901 2973 3115 3029 fuisse:
3171 2985 3227 3030 et
3269 2976 3361 3045 qui
3393 2975 3513 3044 ejus

1935 3076 2178 3119 sanetam
2210 3065 2498 3135 imaginem
2526 3080 2632 3118 non
2660 3067 2873 3127 adorat.
2924 3065 3103 3134 ipsum
3153 3082 3260 3120 non
3285 3068 3515 3121 adorare

1935 3156 2222 3209 convictus
2250 3166 2351 3220 est,
2386 3156 2514 3209 licet
2559 3156 2788 3208 adorare
2841 3170 2898 3208 se
2946 3157 3286 3224 proﬁteatur.
3330 3154 3517 3209 llonor

1936 3248 2079 3301 enim
2107 3248 2359 3318 imaginis
2397 3248 2514 3313 ejus
2544 3249 2608 3301 ad
2638 3257 2985 3318 prototypum
3034 3249 3236 3302 transit
3266 3266 3280 3302 :
3316 3265 3513 3318 quem-

1938 3341 2233 3395 admodum
2293 3350 2348 3394 et
2398 3340 2651 3411 imaginis
2726 3341 2902 3411 ipsius
2956 3342 3173 3414 negatio
3216 3342 3285 3396 ad
3337 3344 3516 3413 ipsum

1938 3434 2198 3488 transfert
2245 3435 2611 3504 negationem.
2667 3433 2803 3487 Cum
2850 3450 3000 3506 ergo,
3067 3446 3125 3490 ut
3178 3436 3367 3500 audio,
3434 3437 3517 3491 sic

1934 3528 2097 3581 etiam
2136 3528 2249 3595 ipse
2304 3542 2623 3595 persuasum
2673 3527 2897 3589 habeas,
2948 3527 3179 3596 ideoque
3217 3528 3287 3581 ab
3320 3529 3516 3583 Iconoo

1928 3620 2255 3671 machorum
2297 3617 2683 3670 communione
2725 3626 2776 3671 te
2833 3616 3174 3681 subtrahas;
3226 3619 3435 3688 gaudeo
3463 3627 3520 3673 et

1937 3710 2255 3778 congaudeo
2292 3719 2467 3763 tecum
2499 3725 2513 3774 ;
2552 3710 2753 3780 gratias
2783 3726 2906 3778 ago,
2946 3719 3001 3763 et
3048 3719 3139 3763 tua
3189 3726 3357 3766 causa
3392 3728 3518 3782 gra-

1937 3804 2043 3857 tias
2067 3818 2190 3875 ago,
2215 3802 2363 3871 quod
2392 3817 2585 3856 cernas
2623 3804 2928 3865 veritatem,
2966 3804 3186 3857 tametsi
3220 3819 3344 3858 sero
3380 3804 3517 3858 edo-

1938 3904 2083 3955 ctus,
2117 3905 2175 3948 ut
2208 3894 2354 3949 filius
2395 3892 2487 3949 Dei
2521 3910 2695 3963 nuper
2746 3895 2983 3964 genitus.
3037 3896 3147 3951 Nec
3176 3912 3308 3951 vero
3341 3898 3511 3952 mire-

1938 3988 2015 4042 ris
2066 3987 2210 4057 quod
2245 3987 2412 4041 etiam
2462 3988 2605 4041 inter
2659 3987 3006 4042 Christianos
3051 4003 3206 4042 error
3263 3988 3515 4059 obrepat.

1944 4078 2043 4133 Ubi
2078 4080 2221 4133 enim
2262 4087 2346 4131 est
2399 4079 2567 4142 salus,
2619 4094 2686 4132 eo
2716 4080 2955 4133 accurrit
2985 4080 3150 4134 draco
3172 4081 3425 4136 diabolus
3462 4091 3521 4135 ut

1940 4173 2139 4226 inferat
2182 4173 2446 4225 exiliunt:
2505 4182 2667 4240 atque
2726 4173 2828 4226 hoc
2874 4188 2969 4242 per
3017 4174 3291 4227 hominem
3325 4190 3517 4237 unum,

1939 4281 2107 4335 penes
2153 4280 2315 4334 quem
2348 4276 2433 4317 est
2482 4273 2746 4332 potestas.
2800 4265 2987 4335 Nuper
3018 4266 3162 4319 enim
3219 4267 3307 4320 hic
3363 4283 3521 4321 error

1942 4358 2083 4411 inter
2132 4356 2473 4411 Christianos
2515 4359 2762 4412 invectus
2809 4368 2914 4412 est.
2952 4356 3084 4411 Nam
3115 4358 3184 4411 ab
3224 4360 3373 4412 omni
3408 4375 3521 4413 me-

1941 4449 2116 4502 moria
2157 4449 2337 4519 imago
2394 4449 2622 4514 Christi,
2663 4462 2717 4504 et
2761 4450 3026 4520 Deiparze,
3076 4459 3131 4504 et
3194 4461 3518 4506 sanctorum

1941 4555 2081 4610 ejus.

336 4627 524 4682 Ταῦτά
553 4645 672 4690 σοι,
713 4627 948 4680 δέσποτα
998 4625 1317 4697 τιμιώτατε,
1364 4627 1441 4689 ὡς
1496 4626 1648 4695 παρὰ
1701 4623 1832 4677 Θεοῦ

2015 4632 2139 4687 Haec
2165 4634 2422 4702 egotibi,
2456 4634 2675 4689 domine
2724 4634 3164 4700 hoooratissime,
3200 4644 3460 4707 tanquam
3490 4653 3521 4691 a

266 4720 530 4790 κινηθεὶς,
583 4720 687 4773 κᾶν
742 4719 1069 4789 ἁμαρτωλός
1122 4721 1259 4788 εἰμι,
1314 4717 1666 4787 ἐφθεγξάμην
1705 4718 1840 4786 πρδς

267 4811 559 4881 βεϐαίωσιν
594 4811 693 4882 τῆς
731 4810 964 4873 πίστεώς
992 4827 1106 4862 σου·
1138 4810 1325 4879 ἐπειδὴ
1353 4809 1575 4877 ἀδελφὸς
1611 4810 1675 4861 σὺ
1705 4808 1843 4876 ἡμέ-

265 4918 446 4971 τερος,
484 4903 578 4955 καὶ
607 4903 666 4955 ού
691 4902 862 4968 ξένος,
893 4902 1076 4964 καθὼς
1113 4903 1359 4972 εἴρηκας.
1398 4903 1458 4954 Εἰ
1492 4902 1545 4953 δὲ
1578 4900 1721 4964 ξένος
1748 4899 1842 4951 τοῦ

268 4995 497 5063 κόσμου,
539 4990 598 5047 εὖ
652 4994 719 5047 ἂν
762 4993 897 5064 ἔχοι.
936 4996 1046 5047 Καὶ
1091 4996 1248 5064 ἡμεῖς
1280 4996 1388 5061 γάρ
1428 4995 1479 5045 οί
1513 4995 1760 5045 ταπεινοὶ
1785 4993 1844 5045 τὸ

267 5088 403 5139 αὐτὸ
430 5087 645 5156 ἔχομεν·
678 5090 771 5139 καὶ
796 5087 885 5139 διὰ
915 5087 1076 5140 τοῦτό
1122 5090 1290 5156 ἐσμεν
1320 5087 1721 5158 ἀπερριμμένοι
1753 5088 1841 5139 ἐν·

268 5178 445 5233 ταῦθα
470 5179 558 5231 διὰ
585 5178 676 5231 τὸν
706 5178 862 5247 λόγον
899 5178 992 5232 τοῦ
1040 5179 1197 5232 Θεοῦ.
1226 5182 1337 5232 Καὶ
1367 5182 1634 5249 μακάριος
1672 5175 1722 5231 εί
1751 5196 1842 5230 πι-

271 5273 480 5325 στεύων
506 5274 585 5334 εἱς
609 5274 841 5343 Χριστὸν
869 5272 1065 5343 ὀρθῶς,
1109 5276 1203 5326 καὶ
1242 5274 1421 5327 πάντα
1447 5274 1676 5343 δεύτερα
1702 5274 1843 5344 ὑπὲρ

270 5364 437 5420 αὐτοῦ
483 5364 805 5435 ἡγούμενος.
839 5366 1063 5419 ’ἰδέσθαι
1107 5366 1164 5419 δὲ
1190 5366 1445 5437 ἀλλήλους
1474 5367 1728 5419 δύσκολον
1758 5366 1844 5418 διά

268 5457 371 5526 τὴν
398 5456 668 5522 ἐξουσίαν’
703 5459 750 5511 εί
782 5458 858 5528 μή
902 5475 953 5509 τι
981 5458 1111 5521 Θεὸς
1157 5458 1367 5510 κελεύει
1398 5458 1518 5509 καθ’
1554 5458 1612 5509 ὃν
1636 5459 1845 5509 οίκονο-

276 5550 442 5620 μήσει
490 5536 709 5619 τρόπον.
749 5549 1076 5619 Μεμνῆσθαι
1120 5549 1179 5601 δέ
1210 5567 1303 5602 σου
1334 5550 1393 5601 ού
1425 5548 1808 5618 διαλειψόμεθα
1828 5588 1843 5610 ,

273 5644 370 5695 καὶ
397 5642 618 5711 ἀγαπᾷν
648 5658 706 5693 σε
732 5641 807 5705 ὠς
836 5642 1062 5707 ἀδελφὸν
1094 5645 1124 5712 ἡ
1135 5643 1270 5712 μῶν·
1302 5644 1360 5693 ὃν
1390 5660 1518 5694 ποτε
1548 5643 1647 5695 οὐκ
1675 5644 1844 5710 ἐγνω-

276 5735 508 5804 ρίσαμεν
563 5734 671 5786 ἀπὸ
729 5734 927 5802 σαρκὸς
971 5734 1065 5787 καὶ
1095 5734 1344 5803 αἵματος·
1377 5733 1470 5786 νῦν
1513 5734 1570 5786 δὲ
1613 5734 1721 5786 ἀπὸ
1752 5732 1845 5785 τοῦ

275 5826 431 5893 ἁγίου
459 5825 774 5895 Πνεύματος
797 5826 992 5896 ἔχομεν
1028 5828 1104 5891 ὡς
1138 5827 1417 5895 σύγγονον·
1456 5825 1845 5897 ἀποτεχθέντες

272 5917 574 5988 ἀμφότεροι
622 5917 688 5970 ἐκ
722 5918 929 5988 μητρὸς
960 5919 1060 5988 τῆς
1101 5919 1427 5989 υίοθετικῆς,
1462 5916 1844 5988 κολυμϐήθρας

1944 4726 2055 4779 Deo
2091 4725 2378 4794 impulsus,
2409 4725 2538 4779 licet
2577 4734 2835 4795 peccator
2868 4728 2994 4792 sim,
3044 4728 3360 4796 prolocutus
3397 4742 3519 4782 sum

1945 4818 2011 4871 ad
2067 4820 2538 4873 confirmationem
2620 4819 2743 4873 ﬁdei
2802 4831 2911 4875 tua:
2962 4837 2976 4875 :
3032 4823 3289 4890 quoniam
3352 4820 3523 4873 frater

1948 4922 2003 4964 tu
2076 4920 2263 4965 noster
2313 4928 2329 4979 ;
2382 4926 2489 4965 nou
2571 4913 2893 4982 peregrinus
2959 4922 3021 4966 ut
3095 4914 3305 4966 dixisti.
3364 4913 3523 4979 Quod

1946 5001 1991 5055 si
2029 5002 2348 5072 peregrinus
2384 5019 2444 5057 es
2487 5004 2697 5065 mundi,
2731 5004 2866 5057 bene
2931 5003 3115 5058 habet.
3155 5001 3267 5057 Nos
3322 5006 3525 5073 quippe

1949 5096 2181 5150 humiles
2236 5096 2339 5149 hoc
2388 5098 2561 5163 ipsum
2616 5111 2810 5150 sumus
2851 5114 2865 5149 :
2913 5105 2969 5150 et
3028 5106 3315 5164 propterea
3363 5095 3523 5163 ejecti

1949 5185 2055 5239 huc
2106 5200 2298 5239 sumus
2357 5196 2579 5254 propter
2648 5186 2876 5239 verbum
2945 5184 3058 5238 Dei.
3111 5185 3190 5237 Ae
3245 5184 3435 5238 beatus
3464 5199 3524 5238 es

1947 5277 2040 5345 qui
2100 5284 2243 5331 recte
2296 5278 2349 5329 in
2395 5280 2561 5330 Deum
2610 5275 2828 5339 credis,
2869 5288 2923 5329 et
2977 5275 3161 5329 omnia
3226 5274 3302 5327 illi
3370 5285 3523 5343 post—

1950 5370 2197 5436 ponenda
2264 5368 2445 5422 ducis.
2474 5366 2668 5422 Videre
2705 5378 2887 5423 autem
2938 5384 3038 5422 nos
3102 5368 3333 5421 invia-nt
3382 5367 3524 5421 diﬁi-

1948 5460 2049 5513 cile
2105 5469 2211 5522 est,
2245 5461 2569 5529 prohibente
2608 5460 2660 5513 id
2722 5461 2966 5529 principe
3010 5478 3023 5513 :
3062 5460 3165 5513 nisi
3216 5460 3357 5514 Deus
3409 5459 3524 5512 dis-

1950 5562 2115 5621 ponat
2147 5566 2258 5621 quo
2300 5552 2401 5621 ipsi
2464 5553 2628 5606 modo
2668 5552 2965 5606 videbitur.
3007 5550 3110 5605 Tui
3154 5566 3287 5606 vero
3322 5550 3524 5604 memi-

1951 5646 2093 5698 nisse
2134 5660 2240 5697 non
2272 5645 2605 5709 desinemus,
2647 5654 2701 5697 et
2728 5658 2915 5697 amare
2972 5652 3021 5697 te
3050 5652 3105 5695 ut
3152 5641 3375 5696 fratrem
3418 5657 3522 5694 uo-

1951 5746 2123 5789 strum
2153 5777 2167 5799 ,
2198 5751 2359 5804 quem
2415 5750 2526 5788 nou
2564 5751 2796 5805 υδίιυειῐι
2853 5735 3113 5789 ηονίιιιιιε
3157 5751 3221 5787 εχ
3272 5747 3440 5786 carne
3468 5744 3524 5785 ει

1950 5823 2241 5892 sanguine,
2302 5839 2447 5878 nunc
2487 5838 2617 5877 vero
2676 5833 2735 5877 ut
2785 5833 3078 5895 cognatum
3141 5824 3411 5877 habemus
3455 5837 3520 5875 ex

1954 5914 2157 5986 Spiritu
2195 5926 2385 5973 sancto
2408 5935 2424 5984 ;
2462 5917 2628 5988 geniti
2654 5918 2815 5973 ambo
2836 5934 2899 5972 ex
2923 5928 3095 5972 matre
3114 5916 3385 5987 adoptiva,
3414 5914 3517 5971 sci-
