4184 6478
742 411 883 474 1519

1920 407 1981 464 S.
2014 402 2409 464 THEODORI
2447 403 2795 463 STUDIT/E

3856 401 3874 462 1
3887 402 4000 461 5‘20

731 527 860 580 licet
895 524 1105 597 piscina
1139 523 1506 595 baptismatis.
1547 521 1655 576 Pas
1683 523 1798 586 tibi,
1839 522 2019 575 amice
2047 530 2101 574 et
2138 519 2307 573 frater

2413 517 2502 570 τοῦ
2539 521 2928 589 βαπτίσματος,
2965 525 3169 594 Εἰρήνη
3225 541 3329 586 σοι,
3371 523 3488 590 φίλι
3525 523 3619 574 καὶ
3665 520 3862 589 ἀδελφέ
3901 526 4001 574 καί

729 627 785 673 οι
814 617 1058 672 domine.
1093 618 1207 672 Pax
1237 627 1291 671 et
1324 615 1514 671 domui
1546 626 1676 681 ture,
1701 623 1756 670 et
1781 615 2037 669 omnibus
2075 613 2171 683 qui
2235 613 2303 666 ad

731 719 786 764 te
834 709 1128 779 pertinent,
1165 723 1195 762 a
1225 706 1476 772 Patre,et
1503 707 1662 772 Filio,
1715 716 1772 762 et
1827 706 2035 776 Spiritu
2088 713 2304 760 sancto.

732 802 927 854 Amen.

944 915 1175 970 CLXIV.
1200 947 1269 957 —-
1307 915 1754 970 Archimandrilw
1778 913 2003 969 Coll/tiro
2037 913 2131 985 (⁸).

2410 609 2666 665 δέσποτα.
2695 613 2902 686 Εἰρήνη
2952 618 3046 669 xai
3102 615 3178 686 τῷ
3230 617 3364 684 οἴκῳ
3416 633 3528 678 σου,
3585 615 3680 666 καὶ
3715 616 3853 667 πᾶσι
3876 618 4000 676 τοῖς

2412 701 2729 773 διαφέρουσί
2755 723 2857 769 σοι,
2895 709 3005 760 ἀπὸ
3056 707 3152 759 τοῦ
3207 707 3421 778 Πατρὸς
3467 708 3561 760 καὶ
3603 703 3700 757 τοῦ
3729 706 3861 757 Υἱοῦ
3899 710 4000 756 καὶ

2413 793 2509 846 τοῦ
2545 795 2703 863 ἁγίου
2753 797 3090 866 Πνεύματος.

2551 909 2688 963 ΡΞΔ¹
2714 910 2848 981 (5(5).
2873 940 2943 954 -—
2995 911 3433 982 Αρχιμανδρίτῃ
3456 911 3731 975 Γοτθίας.

2036 1032 2107 1081 De
2134 1029 2400 1080 monastico
2426 1028 2670 1078 instituto.

801 1135 1045 1191 Gratiam
1075 1136 1342 1192 habemus
1367 1147 1560 1192 sancto
1603 1137 1734 1202 Deo,
1771 1139 1918 1208 quod
1948 1138 2097 1210 digni
2137 1139 2307 1194 habili

731 1243 922 1284 sumus
950 1228 1044 1297 qui
1073 1229 1280 1283 amicas
1305 1230 1618 1284 sductitatis
1650 1238 1760 1284 tuae
1787 1230 1998 1284 litteras
2039 1231 2311 1300 accipere-

731 1336 874 1375 mus.
905 1317 1015 1374 Nec
1045 1335 1173 1374 vero
1191 1320 1460 1376 tarditatis
1487 1323 1840 1376 excusatione
1869 1323 2025 1376 nobis
2051 1335 2132 1376 est
2153 1337 2311 1391 Opus.

729 1413 962 1479 Quinam
991 1411 1138 1466 enim
1165 1428 1358 1467 sumus
1387 1429 1490 1468 nos
1528 1413 1780 1469 homines
1814 1414 2010 1468 tantilli
2036 1414 2172 1468 ?aut
2206 1430 2311 1483 qua

727 1505 797 1559 de
835 1519 1002 1559 causa
1033 1519 1132 1558 vos
1150 1505 1425 1560 ullatenus
1451 1505 1518 1560 de
1547 1507 1783 1576 negotiis
1811 1506 2010 1560 vestris
2051 1505 2310 1560 maximis

729 1595 796 1648 ad
841 1597 1164 1648 tenuitatem
1217 1606 1460 1650 nostram
1524 1596 1822 1650 referatis?
1872 1598 2126 1651 Attamen
2175 1597 2304 1666 quia

731 1685 944 1739 modice
962 1685 1029 1739 de
1059 1685 1216 1739 vobis
1252 1685 1573 1750 sentientes,
1613 1687 1787 1740 nostis
1835 1686 1998 1741 etiam
2045 1686 2306 1739 minimos

730 1776 1017 1846 complecti
1047 1795 1061 1832 :
1089 1775 1422 1832 conveniens
1446 1776 1549 1831 fuit
1588 1787 1642 1831 et
1688 1792 1785 1832 vos
1813 1777 2068 1840 scribere,
2105 1788 2158 1830 et
2207 1791 2308 1830 nos

729 1867 964 1932 discere,
996 1883 1106 1922 non
1139 1868 1314 1922 solum
1342 1883 1464 1937 qua:
1494 1868 1719 1936 epistola
1751 1868 2086 1934 continebat,
2117 1882 2306 1920 verum

731 1961 893 2016 etiam
928 1977 1049 2031 qam
1074 1961 1509 2015 reverendissimi
1532 1958 1726 2014 fratres
1744 1975 1806 2012 ac
1840 1969 2021 2028 patres
2048 1959 2306 2023 docuere,

729 2050 825 2120 qui
854 2065 948 2104 eas
976 2050 1294 2105 attulerunt.
1340 2050 1544 2104 Contra
1589 2065 1710 2119 quae
1757 2051 1938 2104 omnia
1990 2049 2134 2105 Deus
2178 2068 2308 2120 pro-

732 2153 904 2198 tector
925 2153 1130 2209 noster,
1162 2152 1219 2197 et
1256 2142 1661 2196 inconsiderate
1683 2141 2022 2210 obiectarum
2052 2143 2314 2196 crimina-

732 2233 943 2287 tiouum
977 2232 1254 2302 depulsor.
1300 2230 1658 2286 Conferemus
1693 2241 1872 2286 autem
1921 2244 1974 2287 et
2007 2248 2106 2287 nos
2136 2234 2313 2288 humi-

735 2325 835 2386 les,
863 2325 910 2379 si
947 2326 1166 2395 quando
1193 2324 1398 2378 incidat
1449 2339 1651 2389 sermo,
1683 2341 1804 2394 quae
1831 2326 1885 2379 in
1942 2327 2100 2380 nobis
2131 2336 2312 2389 erunt,

735 2416 876 2486 apud
903 2431 1000 2472 eos
1026 2417 1118 2486 qui
1145 2417 1420 2472 voluerint
1460 2418 1823 2484 calumniari;
1855 2433 1965 2471 non
1999 2434 2110 2487 quo
2147 2419 2311 2471 bene-

735 2510 918 2562 ficium
954 2509 1108 2563 vobis
1145 2511 1527 2579 rependamus,
1552 2509 1647 2564 sed
1681 2511 1900 2576 utquod
1933 2511 2189 2564 charitati
2215 2512 2314 2564 de-

737 2600 912 2664 betur,
936 2601 1267 2669 expleamus.
1303 2602 1474 2667 Quam
1509 2602 1578 2655 ob
1602 2616 1825 2656 causam
1874 2603 2113 2656 scribere
2138 2602 2313 2656 coacti

736 2689 942 2746 fuimus
980 2690 1072 2746 Dei
1123 2693 1503 2748 amantissimo
1537 2691 1684 2746 Patri
1729 2703 1783 2747 et
1823 2693 2062 2761 pontifici
2091 2695 2315 2747 domino

737 2780 1012 2837 Pbilareto
1041 2801 1055 2837 :
1082 2783 1128 2838 si
1164 2783 1301 2838 forte
1329 2795 1581 2854 suscepta
1635 2784 1798 2838 fuerit
1855 2785 2080 2840 humilis
2128 2797 2313 2841 nostra

740 2873 1081 2939 intercessio,
1112 2875 1178 2930 ad
1207 2877 1642 2947 componendam
1671 2892 1883 2947 pacem,
1914 2878 2044 2947 quia
2070 2879 2208 2933 nihil
2234 2891 2316 2935 est

740 2965 1165 3033 conducibilius,
1192 2977 1247 3022 et
1301 2985 1408 3039 qua
1436 2969 1640 3024 Christi
1674 2970 1949 3040 discipuli,
1982 2972 2075 3040 qui
2110 2972 2178 3026 ab
2199 2974 2318 3042 ipso

741 3061 917 3115 vocati
949 3069 1103 3125 sunt,
1135 3061 1386 3132 insigniri
1419 3064 1635 3118 debent.
1682 3063 1808 3120 Haec
1839 3066 1986 3119 velut
2009 3066 2064 3119 in
2095 3081 2310 3120 summa

741 3151 807 3206 de
842 3153 910 3206 iis
933 3167 1053 3220 qua:
1085 3163 1300 3222 urgent.
1335 3152 1411 3208 De
1446 3155 1568 3210 aliis
1603 3171 1732 3210 vero
1779 3173 2043 3226 quorsum
2079 3173 2109 3211 a
2161 3158 2317 3212 nobis

741 3243 1031 3312 quaesitum
1066 3252 1153 3298 est
1185 3253 1244 3298 ut
1270 3247 1739 3314 respondeamus?
1767 3263 1892 3301 cum
1935 3263 2034 3301 vos
2058 3249 2316 3302 divinitus

742 3330 921 3385 edocti
977 3331 1177 3386 librum
1216 3335 1397 3402 magni
1431 3334 1636 3387 Basiliii
1665 3350 1692 3388 a
1728 3334 1838 3389 Deo
1880 3347 2165 3390 exaratum
2218 3339 2315 3390 ha-

746 3420 939 3485 beatis,
971 3419 1259 3476 docentem
1311 3438 1432 3492 quae
1477 3425 1796 3479 monasticae
1839 3443 1934 3480 seu
1989 3427 2318 3481 ccenobiacze

747 3510 869 3565 vita:
891 3511 1155 3565 salutaria
1178 3521 1304 3566 sunt
1325 3521 1379 3566 et
1403 3513 1554 3567 utilia
1580 3532 1592 3567 :
1624 3515 1830 3584 absque
1857 3532 1966 3585 quo
1997 3531 2098 3571 nec
2125 3519 2324 3587 guber-

746 3617 878 3657 nare
899 3601 1062 3673 digne
1101 3602 1209 3658 Deo
1258 3606 1429 3675 possit
1481 3623 1704 3676 praeses,
1741 3624 1842 3662 nec
1883 3611 2087 3664 utiliter
2128 3612 2325 3680 guber-

745 3695 869 3750 nari
898 3697 1174 3752 subditus.
1205 3696 1299 3752 Ille
1321 3698 1389 3754 de
1415 3701 1654 3770 quolibet
1683 3711 1736 3756 et
1763 3713 2082 3772 argumento
2125 3714 2178 3757 et
2213 3720 2324 3756 ma-

749 3787 883 3842 teria
932 3803 1106 3843 sacras
1147 3789 1269 3844 vitae
1296 3791 1626 3846 coenobiacae
1674 3795 1893 3862 propria
1932 3795 2317 3864 interrogatus,

748 3894 846 3948 per
892 3878 1158 3950 Spiritum
1203 3893 1451 3937 sanctum
1485 3885 1809 3952 respondet:
1853 3895 1910 3938 ut
1957 3887 2187 3956 quiejus
2217 3886 2321 3940 du-

745 3982 893 4027 ctum
929 3974 1195 4044 sequitur,
1236 3975 1460 4030 ductum
1494 3985 1758 4045 sequatur
1814 3977 2054 4046 Spiritus
2097 3979 2272 4032 sancti
2306 3996 2318 4031 :

749 4066 840 4132 qui
871 4063 922 4118 ei
953 4080 1060 4119 non
1091 4066 1285 4131 credit,
1309 4067 1527 4122 Christo
1554 4067 1645 4137 qui
1682 4084 1777 4136 per
1818 4084 1942 4121 eum
1975 4069 2192 4122 locutus
2217 4079 2319 4128 est.

750 4169 858 4210 non
887 4158 1090 4212 credat.
1123 4157 1253 4224 Qua:
1280 4174 1411 4228 ergo
1446 4173 1541 4226 per
1573 4160 1841 4213 incuriam
1876 4159 2134 4214 fratribus
2158 4160 2319 4214 obre-

748 4255 885 4317 punt
915 4248 1131 4317 delicta,
1194 4264 1256 4304 ea
1290 4265 1384 4320 per
1420 4251 1592 4306 laicos
1640 4251 1887 4306 homines
1929 4252 2162 4320 judicari
2213 4268 2318 4304 non

749 4337 914 4401 licere
943 4354 1099 4394 sacer
1135 4339 1249 4409 ipse
1293 4341 1494 4394 clamat
1544 4340 1875 4409 Apostolus:
1910 4341 2082 4393 Audet
2127 4341 2318 4409 aliquis

748 4441 978 4483 oestrum
1005 4430 1200 4485 habens
1224 4434 1489 4502 negotium
1511 4433 1761 4489 aduersus
1787 4433 2013 4486 alterum
2037 4473 2052 4497 ,
2076 4433 2316 4501 judicari

748 4522 891 4589 apud
931 4522 1137 4592 iniquos
1157 4532 1208 4576 et
1251 4540 1352 4577 non
1383 4527 1522 4591 apud
1553 4536 1763 4578 sanctos
1786 4524 1925 4577 “°”.
1952 4523 2153 4593 Etpost
2174 4527 2275 4577 alia
2302 4544 2314 4578 :

748 4610 840 4665 Sic
858 4628 964 4666 non
989 4625 1066 4667 est
1091 4615 1228 4668 inter
1253 4631 1339 4668 vos
1367 4616 1575 4685 sapiens
1604 4617 1904 4684 quisquam,
1936 4617 2026 4684 qui
2049 4616 2320 4682 possilju-

747 4704 929 4758 dicare
965 4705 1102 4758 inter
1143 4706 1366 4774 fratrem
1407 4725 1602 4770 suam;
1661 4711 1752 4761 sed
1798 4711 1967 4778 frater
1998 4725 2112 4762 cum
2156 4713 2319 4777 fratre
2357 4737 2393 4786 υ

745 4795 1034 4850 contendit.
1053 4807 1099 4850 et
1123 4798 1219 4850 hoc
1247 4804 1387 4866 apud
1409 4801 1646 4868 inﬁdeles
1668 4802 1712 4831 "
1727 4801 1749 4852 ?
1763 4800 1990 4854 Perinde
2014 4809 2316 4865 autem-est,

745 4903 811 4943 ac
840 4889 886 4943 si
908 4891 1050 4958 apud
1094 4890 1337 4946 infideles
1370 4891 1486 4956 fiat,
1539 4894 1682 4961 apud
1717 4892 1889 4946 laicos
1917 4895 2312 4947 monachorum

745 4979 985 5049 negotia,
1016 4982 1339 5047 examinari,
1372 4984 1640 5054 etjanum
1673 4984 1741 5040 iis
1772 4984 2007 5052 aperire,
2042 4999 2179 5054 quos
2219 5002 2316 5039 ne-

746 5067 830 5124 fas
861 5081 946 5125 est
991 5085 1080 5126 res
1111 5084 1330 5129 nostras
1371 5075 1688 5145 inspicere:
1752 5077 2161 5148 absurdumque
2216 5077 2316 5130 hoc

746 5175 976 5231 prorsus
996 5174 1051 5216 et
1085 5163 1411 5220 damnosum
1445 5176 1498 5220 et
1525 5165 1784 5224 Ecclesiis
1817 5167 1927 5223 Dei.

807 5511 931 5549 ἰη
961 5511 979 5563 l
1005 5512 1134 5576 Cor,
1170 5530 1238 5574 \‘l,
1271 5515 1355 5566 ll.
1437 5515 1480 5544 ‘°
1521 5516 1647 5569 ibid.
1672 5517 1724 5568 5.

2481 1137 2656 1207 Χάριν
2703 1135 3073 1206 ὁμολογοῦμεν
3115 1137 3190 1205 τῷ
3223 1136 3364 1204 ἁγίῳ
3392 1133 3529 1202 Θεῷ,
3563 1133 3643 1185 ὅτι
3676 1129 4000 1201 ἠξιώθημεν

2407 1227 2660 1292 δέξασθαι
2685 1229 2988 1299 γράμματα
3015 1230 3328 1298 ἀγαπητικά
3372 1226 3468 1296 τῆς
3490 1228 3767 1296 ὁσιότητος
3807 1225 3997 1292 ὑμῶν·

2409 1322 2470 1372 οὐ
2497 1321 2603 1388 μὴν
2654 1320 2930 1391 χρῄζομεν
2947 1319 3238 1387 ἀπολογίας
3260 1318 3346 1372 διά
3363 1318 3460 1388 τὴν
3489 1315 3822 1386 βραδυτῆτα.
3840 1316 4000 1374 Τίνες

2411 1412 2519 1482 γάρ
2563 1413 2722 1481 ἡμεῖς
2776 1414 2825 1464 οί
2859 1411 3132 1476 εὐτελείς;
3164 1412 3195 1481 ἢ
3243 1411 3387 1474 τίνος
3426 1411 3609 1462 ἕνεκεν
3648 1407 3787 1468 ὅλως
3834 1407 3896 1458 τὸ
3930 1409 3998 1475 τῇ

2414 1502 2658 1572 ἡμετέρα
2689 1503 2998 1572 οὐθενότητι
3032 1503 3325 1573 ἀναφέρειν
3364 1504 3508 1572 ὑμᾶς
3550 1499 3679 1570 περὶ
3716 1499 3828 1553 τῶν
3864 1515 3997 1565 συγο

2410 1595 2700 1647 κινούντων
2727 1597 2866 1666 ὑμᾶς
2887 1596 3219 1662 ἀναγκαίωνς
3241 1597 3428 1665 Ὅμως
3454 1594 3640 1664 ἐπειδὴ
3668 1593 4001 1662 μετριόφρο-

2411 1705 2497 1749 νες
2527 1689 2886 1757 τυγχάνοντες
2917 1689 3094 1740 οἴδατε
3125 1689 3216 1741 καὶ
3248 1691 3358 1749 τοῖς
3390 1687 3690 1756 ἐλαχίστοις
3717 1701 3998 1754 συμπερι-

2411 1781 2670 1848 φέρεσθαι
2695 1797 2709 1811 ⁶
2759 1782 2983 1842 είκὸτως
3013 1783 3106 1834 καὶ
3136 1782 3287 1834 αὐτοὶ
3330 1782 3662 1848 γεγράφατε,
3692 1780 3790 1832 καὶ
3828 1779 3998 1847 ἡμεῖς

2411 1870 2790 1939 ἐδιδάχθημεν,
2820 1871 2878 1922 οὐ
2909 1871 3066 1937 μόνον
3096 1871 3194 1923 ὅσα
3222 1873 3253 1940 ἡ
3288 1870 3564 1940 ἐπιστολὴ,
3600 1869 3734 1921 ἀλλὰ
3763 1868 3864 1922 καὶ
3892 1869 3994 1920 ὃσα

2411 1964 2458 2014 οἱ
2503 1963 2704 2034 ταύτην
2754 1965 3132 2033 ἐπιφερόμενοι
3178 1963 3593 2030 αίδεσιμώτατοι
3638 1961 3863 2032 ἀδελφοὶ
3893 1964 3991 2011 καί

2417 2055 2658 2125 Πατέρες
2690 2057 2953 2120 ἐδίδαξαν.
2989 2057 3126 2108 Καθ’
3165 2049 3238 2108 ὧν
3275 2057 3528 2108 ἀπάντων
3572 2056 3600 2107 ὁ
3644 2054 3775 2116 Θεὸς
3834 2053 3996 2121 ἡμῶν

2418 2141 2833 2212 ὑπερασπιστὴς
2877 2160 2890 2173 ·
2943 2144 3036 2196 καὶ
3081 2143 3189 2195 τῶν
3232 2144 3639 2213 ἐπιφερομένων
3684 2143 3995 2210 ἀλογίστως

2415 2233 2754 2302 αίτιαμάτων
2781 2234 3126 2302 διαλλακτὴς.
3162 2235 3574 2304 Συνεισοίσομεν
3603 2235 3658 2288 δὲ
3689 2236 3784 2288 καὶ
3832 2235 3995 2303 ἡμεῖς

2414 2327 2463 2377 οἱ
2490 2327 2750 2388 ταπεινοὶ,
2771 2327 2970 2379 εἴποτε
3006 2325 3162 2394 λόγος
3198 2327 3404 2394 γένοιτο
3427 2328 3492 2380 τά
3520 2329 3647 2399 παρ’
3671 2328 3904 2389 ἑαυτῶν,
3937 2330 3993 2376 ἐν

2414 2420 2524 2478 τοῖς
2565 2417 2856 2484 φθάζουσιν
2895 2419 3258 2474 ἐνδιαϐάλλειν
3285 2463 3299 2485 ,
3340 2422 3399 2474 οὐ
3446 2422 3604 2491 χάριν
3654 2421 3783 2490 ὑμῖν
3825 2437 3994 2471 κατα-

2416 2509 2731 2578 ϐαλλόμενοι
2752 2549 2766 2570 ,
2801 2510 2932 2562 ἀλλὰ
2957 2511 3014 2562 τὸ
3044 2513 3521 2581 κεχρεωστημένον
3551 2514 3614 2581 τῇ
3651 2511 3842 2578 ἀγάπῃ
3866 2510 3994 2561 ἀποο

2416 2601 2817 2671 πληρώσοντες.
2869 2596 2944 2655 Ob
2994 2603 3154 2671 χάριν
3213 2602 3638 2669 ἠναγκάσθημεν
3687 2599 3991 2651 ἐπιστεῖλαι

2417 2695 2508 2744 καὶ
2540 2694 2617 2764 τῷ
2647 2693 3048 2762 θεοφιλεστάτῳ
3081 2695 3255 2760 Πατρὶ
3281 2695 3373 2744 καὶ
3398 2693 3643 2762 ἀρχιερεῖ
3668 2692 3845 2762 κυρίῳ
3868 2693 3990 2744 Φιλο

2418 2785 2622 2852 αρέτῳ’
2678 2785 2792 2849 εἴγε
2837 2783 2930 2835 καὶ
2968 2780 3323 2852 προσδεχθείη
3372 2782 3404 2851 ἡ
3452 2780 3796 2850 παράκλησις
3834 2780 3991 2850 ἡμῶν

2416 2874 2523 2924 τῶν
2549 2874 2838 2936 ταπεινῶν,
2870 2874 3162 2926 συνδέουσα
3198 2872 3266 2924 τά
3298 2873 3431 2942 πρὸς
3457 2873 3701 2942 εἰρήνην,
3731 2868 3799 2942 ἧς
3844 2872 3991 2924 οὐδὲν

2418 2967 2875 3037 λυσιτελέστερον,
2913 2968 3004 3018 καὶ
3050 2963 3193 3040 ἐφ’ᾖ
3239 2967 3474 3035 Χριστοῦ
3518 2965 3758 3036 μαθηταὶ
3805 2967 3857 3017 οἱ
3899 2964 3992 3017 ἀπ’

2419 3063 2582 3114 αὑτοῦ
2601 3060 2946 3130 κεκλημένοι,
2964 3061 3235 3128 ὀφείλουσι
3265 3058 3785 3132 χαρακτηρίζεσθαι.
3806 3059 3987 3110 Ταῦτα

2416 3154 2490 3215 ὡς
2520 3156 2576 3206 ἐν
2619 3152 2898 3220 κεφαλαίῳ
2942 3152 3070 3221 περὶ
3102 3151 3208 3203 τῶν
3237 3152 3693 3218 κατεπειγόντων.
3729 3151 3904 3222 ’Υπὲρ
3936 3151 3989 3203 δὲ

2417 3245 2524 3297 τῶν
2553 3244 2749 3310 ἀλλων,
2772 3245 2822 3295 τί
2853 3244 2945 3295 καὶ
2974 3242 3387 3312 ἐπεξητήθημεν
3426 3243 3561 3304 ὅλως
3592 3241 3988 3310 ἀποκριθῆναις

2419 3335 2650 3403 ἐχόντων
2674 3334 2826 3403 ὑμῶν
2854 3337 2964 3386 τῶν
2996 3333 3346 3387 θεοδιδάκτων
3373 3335 3470 3401 τὴν
3501 3334 3868 3404 θεοχάρακτον
3904 3333 3981 3402 βί-

2427 3426 2553 3478 ϐλον
2578 3424 2671 3477 τοῦ
2702 3426 2939 3494 μεγάλου
2972 3424 3274 3488 Βασιλείου,
3312 3425 3670 3479 διδάσκουσαν
3693 3427 3788 3479 τοῦ
3828 3444 3991 3496 μονα·

2423 3517 2594 3582 δικοῦ,
2631 3517 2728 3569 εἴτ’
2750 3513 2842 3570 οὖν
2876 3517 3215 3572 κοινοσιακοῦ
3249 3517 3362 3587 βίου
3391 3521 3458 3572 τὰ
3482 3520 3721 3589 σωτήρια
3751 3521 3845 3572 καὶ
3871 3520 3988 3588 ὀνη-

2424 3610 2652 3679 σίφοραο
2689 3604 2752 3680 ἧς
2793 3610 2961 3679 χωρὶς
2993 3611 3091 3662 οὐκ
3123 3609 3270 3661 ἔστιν
3303 3609 3425 3661 οὔτε
3465 3610 3831 3680 καθοδηγῆσαι
3872 3610 3989 3662 θεο-

2425 3700 2670 3769 πρεπῶς,
2697 3700 2818 3753 οὒτε
2848 3700 3278 3769 καθοδηγηθῆναι
3299 3699 3608 3764 λυσιτελῶς,
3634 3700 3725 3752 καὶ
3755 3701 3988 3770 ἄρχοντα

2423 3791 2516 3841 καὶ
2546 3791 2864 3860 ἀρχόμενον.
2905 3791 3140 3853 Ἐκεῖνος
3174 3789 3525 3860 ἐρωτώμενος
3555 3792 3646 3843 ἐπὶ
3679 3793 3828 3862 πάσῃ
3861 3793 3987 3844 ὑπο-

2425 3883 2570 3935 θέσει
2615 3883 2707 3934 καὶ
2739 3883 2959 3952 ἀφορμῇ
2989 3883 3088 3952 τῆς
3127 3884 3184 3934 ἐν
3215 3882 3466 3952 κοινοόίῳ
3508 3884 3655 3953 ἱερᾶς
3695 3882 3867 3954 ζωῆς,
3905 3885 3988 3938 διὰ

2424 3974 2736 4042 Πνεύματος
2757 3975 2910 4040 ἁγίου
2936 3975 3293 4044 ἀποκέκριται
3315 3991 3328 4004 ·
3356 3975 3452 4028 καὶ
3474 3978 3501 4028 ὁ
3526 3977 3718 4045 ἐκείνῳ
3742 3978 3985 4048 στοιχῶν,

2423 4065 2705 4134 ἐστοίχησε
2757 4067 2834 4136 τῷ
2874 4066 3011 4133 ἁγίῳ
3052 4064 3363 4134 Πνεύματι·
3410 4069 3439 4119 ὁ
3470 4067 3516 4118 δ’
3549 4067 3697 4136 αὐτῷ
3725 4068 3982 4132 ἀπειθῶν,

2424 4157 2685 4224 ﬁnalem:
2714 4158 2791 4226 τῷ
2821 4159 2876 4209 ἐν
2903 4157 3049 4226 αὐτῷ
3087 4157 3444 4227 φθεγξαμένῳ
3474 4158 3710 4228 Χριστῷ.
3745 4159 3828 4212 Τά
3860 4159 3983 4227 γοῦν

2425 4249 2804 4316 συμπίπτοντα
2831 4249 2889 4312 ἐξ
2917 4249 3244 4318 ἀπροσεξίας
3271 4252 3381 4312 τοῖς
3408 4251 3653 4317 ἀδελφοῖς
3677 4252 3980 4322 σφάλματα.

2422 4340 2520 4391 οὐκ
2548 4339 2665 4402 ἐξὸν
2698 4340 2787 4390 ἐπὶ
2811 4339 3012 4392 λαῑκῶν
3041 4340 3344 4409 προσώπων
3377 4341 3679 4408 κρίνεσθαι,
3708 4343 3803 4395 καὶ
3831 4344 3982 4404 αὐτὸς

2421 4429 2612 4501 διερὸς
2650 4429 2967 4492 ’Λπόστολος
3011 4430 3138 4500 βοᾷ’
3180 4430 3376 4499 Τολμᾷ
3418 4449 3508 4495 τις
3554 4431 3718 4500 ὑμῶν
3753 4433 3981 4501 πρᾶγμα

2420 4521 2575 4588 ἔχων
2601 4523 2907 4588 κρίνεσθαι
2935 4522 3030 4574 ἐπὶ
3059 4521 3175 4574 τῶν
3199 4522 3441 4585 ἀδίκων,
3468 4523 3564 4576 κα)
3588 4523 3722 4590 οὐχὶ
3747 4524 3846 4576 ἐπὶ
3874 4523 3981 4576 τῶν

2420 4611 2641 4679 drlw;
2676 4613 2782 4664 Καὶ
2813 4610 3149 4680 μεθ’ἓτερα·
3186 4612 3382 4676 Οὕτως
3440 4615 3548 4666 οὐκ
3597 4613 3687 4666 ἔνι
3733 4615 3805 4666 ἐν
3849 4614 3979 4682 ὑμῖν

2422 4703 2613 4771 σοφὸς
2649 4701 2790 4755 οὐδὲ
2816 4699 2920 4768 εἷς,
2952 4703 3018 4768 ὃς
3043 4701 3368 4767 δυνήσεται
3401 4703 3710 4770 ἀνακρῖναι
3738 4705 3856 4758 ἀνὰ
3881 4705 3976 4773 μέ·

2421 4811 2537 4846 σον
2581 4793 2688 4846 τοῦ
2737 4793 3004 4861 ἀδελφοῦ
3055 4793 3278 4848 αὑτοῦ·
3334 4793 3495 4846 ἀλλὰ
3539 4792 3804 4861 ἀδελφὸς
3841 4794 3977 4862 μετὰ

2419 4885 2686 4953 ἀδελφοῦ
2717 4887 2997 4952 κρίνεται,
3031 4887 3128 4937 καὶ
3159 4885 3336 4939 τοῦτο
3370 4885 3468 4938 ἐπὶ
3502 4886 3792 4940 ἀπίστων.
3849 4889 3976 4940 Ἴσον

2418 4980 2472 5032 δὲ
2497 4978 2604 5031 τῶν
2629 4978 2872 5030 ἀπίστων
2902 4980 3015 5031 ἐστὶ
3042 4978 3103 5030 τὸ
3125 4979 3216 5030 ἐπὶ
3246 4979 3352 5031 τῶν
3376 4977 3578 5030 λαῖκῶν
3603 4977 3669 5030 τά
3691 4980 3800 5030 τῶν
3831 4997 3976 5049 μονα-

2420 5071 2531 5141 χὼν
2582 5070 2954 5137 ἐξετάζεσθαι,
2999 5073 3092 5124 καὶ
3152 5073 3388 5138 ἀνοίγειν
3431 5071 3602 5143 θύραν
3661 5069 3743 5133 οἷς
3801 5073 3976 5143 ἀθέμιο

2418 5178 2511 5212 τον
2557 5161 2939 5232 παρακύπτειν
2985 5164 3064 5225 είς
3104 5161 3172 5215 τά
3215 5163 3494 5233 ἡμέτερα·
3542 5163 3634 5216 καὶ
3683 5163 3840 5216 τοῦτο
3885 5166 3977 5216 ἀπ’

2427 5251 2550 5320 ᾴδον
2586 5253 2702 5304 ἐστὶ
2726 5254 3042 5306 παντάπασι
3087 5255 3181 5307 καὶ
3226 5253 3544 5324 ἀσύμφορον
3584 5258 3650 5326 τῇ
3698 5254 3974 5326 Ἐκκλησία

2425 5341 2516 5394 τοῦ
2551 5343 2707 5398 Θεοῦ.

2259 5669 2484 5725 MJT/E.

814 5826 886 5895 (")
920 5825 1244 5896 Dogmatica.

2519 5826 2627 5896 (56)
2660 5827 2713 5879 lu
2738 5829 2856 5880 cod.
2886 5828 3018 5899 Reg.
3065 5830 3189 5898 ρνδ’.
