4184 6562
250 503 386 567 1591

1439 494 1980 556 EPISTOLARUM
2038 493 2186 551 LIB.
2229 492 2316 550 Ιῐ.

3358 486 3495 549 1522

322 616 454 684 Περὶ
479 611 758 680 ἀποταγῆς
789 610 882 664 καὶ
905 609 1287 678 ἀποκάρσεως,
1314 607 1500 678 ἐπειδὴ
1523 609 1618 664 καὶ
1641 605 1828 659 τούτου

2003 601 2081 655 De
2119 597 2524 654 renuntiatione
2575 606 2630 651 et
2677 606 2926 659 tonsura,
2953 592 3396 664 quandoquidem
3431 597 3500 647 de

247 706 429 774 λόγος,
481 703 604 756 οὔτε
665 703 726 754 τὸ
771 702 1119 756 ἀποσείεσθαι
1152 701 1467 754 ἀκίνδυνον
1512 699 1645 768 φησι
1690 698 1822 766 γὰρ,

255 797 376 851 Τὸν
400 795 728 863 ἐρχόμενον
755 794 904 861 πρός
925 810 1023 863 με,
1054 794 1125 846 οὐ
1145 792 1230 860 μὴ
1257 791 1486 846 ἐκϐάλω
1514 792 1631 855 ἔξω
1652 805 1667 820 ⁸
1701 789 1825 843 οὕτε

249 893 314 941 τὸ
339 885 664 958 προσίεσθαι
693 885 879 947 ἀπλῶς
919 886 1010 938 καὶ
1049 885 1124 947 ὡς
1156 884 1340 954 ἔτυχε·
1377 884 1470 936 καὶ
1514 881 1825 951 ἀποκείρειν

252 981 724 1048 ἀνεπιστημόνως,
767 978 934 1031 ὅσιον.
969 976 1031 1028 Ei
1070 975 1178 1045 γὰρ
1210 975 1406 1039 οὐδεὶς
1434 973 1826 1042 στρατευόμε-

246 1091 358 1138 νος
386 1070 742 1141 ἐμπλέκεται
771 1069 899 1135 ταῖς
930 1069 1035 1122 τοῦ
1063 1070 1209 1133 βίου
1256 1069 1699 1136 πραγματείαις,
1729 1067 1830 1118 ἵνα

247 1167 331 1227 τῷ
359 1163 911 1232 στρατολογήσαντι
935 1160 1146 1228 ἀρέσῃ,
1177 1161 1321 1213 καθὰ
1355 1161 1702 1231 γέγραπται·
1735 1159 1830 1210 πό-

251 1256 439 1326 σῳ·δὴ
486 1255 579 1309 οὖν
610 1255 811 1325 μᾶλλον
844 1254 937 1305 ἐπὶ
962 1253 1090 1322 τῇδε
1129 1255 1196 1322 τῇ
1246 1251 1518 1321 θεολέκτῳ
1557 1252 1827 1321 στρατιᾷς

255 1349 428 1400 Πᾶσιν
456 1346 826 1410 ἀποτάξασθαι
850 1344 948 1407 δεῖ,
973 1345 1191 1397 πάντων
1218 1341 1683 1412 ἀπγυμνωθῆναι
1704 1341 1828 1411 χρὴ,

253 1441 477 1493 πάντων
506 1440 888 1509 ἀπορραγῆναι
907 1435 1045 1497 δέον,
1071 1435 1164 1487 καὶ
1188 1435 1449 1504 σχέσεων,
1477 1433 1572 1486 καὶ
1591 1432 1830 1496 οἰκείων,

252 1533 351 1585 καὶ
379 1531 568 1600 φίλων,
589 1531 686 1582 καὶ
715 1530 1013 1596 συγγενῶν,
1047 1529 1141 1580 καὶ⁴
1166 1528 1260 1579 τοῦ
1286 1526 1601 1596 σύμπαντος
1624 1527 1832 1595 κόσμου

253 1625 399 1678 κατά
417 1623 657 1677 διάθεσιν
684 1621 1005 1692 ξενωθῆναι,
1045 1620 1136 1672 τόν
1161 1637 1224 1687 γε
1254 1620 1330 1683 ὡς
1361 1619 1576 1686 ἀληθῶς
1604 1618 1832 1672 ἀκολου-

254 1721 370 1772 Οεῖν
400 1717 660 1787 μέλλοντα
679 1714 755 1784 τῷ
780 1713 1000 1782 Χριστῷ
1018 1728 1030 1740 ·
1053 1709 1151 1764 εἷθ’
1174 1711 1344 1774 οὕτως
1373 1710 1718 1780 ποιχηθῆναι
1741 1709 1836 1762 καὶ

250 1807 653 1877 διαπλασθῆναι
681 1806 779 1872 τὴν
808 1803 1090 1873 θεοστοιχῆ
1123 1803 1218 1857 καὶ
1247 1801 1576 1854 θεόπλαστον
1613 1801 1834 1871 μοναδι-

255 1903 359 1970 κὴν
386 1899 502 1965 ἕξιν
527 1915 540 1930 ·
570 1898 662 1950 καὶ
685 1897 879 1965 πεῖραν
913 1896 1070 1948 δόντα
1105 1895 1198 1948 καὶ
1230 1893 1460 1963 βάσανον
1485 1893 1708 1964 ἀρετῆς,
1739 1891 1834 1945 οὓ-

251 2008 363 2054 τως
388 1989 704 2058 εἰσαχθῆναι
733 1991 798 2056 τῇ
831 1986 1103 2057 μαρτυρίᾳ
1130 1986 1240 2039 τῶν
1274 1984 1481 2037 πολλῶν
1496 1986 1585 2047 εἰς
1616 1984 1710 2054 τὴν
1738 2001 1831 2053 μο-

253 2086 485 2154 ναχικὴν
521 2084 821 2145 τελείωσιν,
857 2084 950 2134 καὶ
984 2083 1078 2134 ἕνα
1116 2081 1368 2148 γενέσθαι
1416 2079 1527 2132 τῶν
1569 2079 1664 2131 τοῦ
1697 2080 1831 2148 Χρι-

257 2158 388 2228 στοῦ
447 2174 752 2244 προϐάτων.
827 2172 1113 2240 Ἀμυήτως
1177 2171 1233 2223 δὲ
1289 2169 1385 2222 καὶ
1448 2168 1696 2238 ἀμαθῶς,
1756 2168 1829 2229 ὡς

255 2267 603 2336 ἀπήγγελται
660 2266 813 2334 ἡμῖν,
871 2262 1281 2334 ἀποκείρεσθαι,
1343 2261 1677 2314 ἐπικίνδυνον
1739 2261 1831 2312 καὶ

255 2357 669 2432 ὀλεθριώτατον,
725 2356 817 2409 καὶ
863 2355 941 2424 τῷ
972 2355 1276 2424 κειρομένῳ
1322 2354 1417 2406 καὶ
1457 2352 1536 2420 τῷ
1571 2351 1826 2422 κείροντι.

272 2452 434 2504 Ἀλλά
478 2452 585 2519 γὰρ
637 2447 733 2501 καὶ
784 2447 1250 2516 ἀποσχηματίςειν
1283 2443 1538 2514 μοναχὸν,
1571 2443 1682 2495 ἴσον
1714 2443 1832 2496 ἐστὶ

256 2543 338 2613 τῷ
381 2539 797 2603 ἁποϐαπτίζειν.
826 2537 1004 2600 Ὀλως
1036 2538 1301 2605 τολμᾶται
1342 2537 1501 2590 τοῦτο
1546 2535 1824 2604 γίνεσθαι*

260 2631 488 2702 φρικτόν
514 2633 629 2681 ἐστι
673 2628 768 2681 καὶ
798 2627 1150 2696 ἀκουόμενον.
1186 2628 1249 2682 Ei
1278 2627 1336 2680 δὲ
1373 2627 1511 2696 μετὰ
1547 2626 1642 2680 τοῦ
1681 2627 1829 2680 δεόν-

257 2739 368 2784 τως
404 2721 714 2790 ἀποκεῖραι,
758 2717 946 2788 ἐπειδὴ
989 2716 1340 2770 ύπονοστοῦσί
1394 2735 1537 2780 τινες
1585 2717 1722 2788 πρὸς
1761 2717 1830 2769 τὰ

260 2811 481 2882 χείρονα
504 2825 518 2839 ⁸
550 2810 676 2871 τοὺς
715 2809 988 2871 τοιούτους
1030 2809 1389 2878 ἐπιμένοντας
1417 2813 1482 2880 τῇ
1516 2810 1703 2880 κακίᾳ,
1738 2809 1832 2862 καὶ

266 2903 341 2973 μὴ
370 2900 630 2971 ίωμένους
655 2901 878 2962 ἑαυτοὺς
894 2903 952 2953 ὲν
968 2902 1080 2962 τοῖς
1104 2903 1354 2969 ψυχικοῖς
1381 2901 1830 2970 ἀρρωστήμασιν,

264 2993 630 3048 ἑκκόπτεσθαι
682 2992 788 3063 χρὴ
838 2994 938 3062 τῆς
995 2994 1377 3062 ἀδελφότητος,
1419 2995 1542 3047 καθ’
1574 2993 1832 3063 ὁμοίωσιν

263 3088 373 3140 τῶν
408 3087 722 3158 σεσηπότων
770 3087 966 3157 μελῶν,
1015 3087 1088 3151 ὡς
1122 3089 1185 3141 ἂν
1222 3089 1296 3159 μὴ
1333 3091 1398 3159 τῇ
1449 3089 1701 3158 συνεχείᾳ
1739 3088 1833 3140 καὶ

263 3180 327 3231 τὸ
356 3179 506 3246 ὑγιὲς
540 3178 846 3248 βλάπτοιτο.
882 3178 1020 3247 Φησὶ
1057 3181 1165 3249 γὰρ
1197 3182 1225 3232 ὁ
1266 3179 1492 3250 Κύριος·
1525 3178 1833 3248 Συμφερές

264 3286 366 3322 σοι
390 3270 490 3322 ἶνα
513 3269 583 3322 ἐν
606 3268 723 3322 τῶν
743 3269 944 3338 μελῶν
975 3287 1090 3325 σου
1116 3271 1414 3339 ἀποκοπῇ,
1449 3274 1545 3326 καὶ
1571 3272 1657 3342 μὴ
1687 3272 1834 3326 ὅλον

265 3362 333 3412 τὸ
361 3358 532 3428 σῶμά
564 3374 680 3413 σου
705 3361 914 3428 ,ϐληθῇ
941 3363 1028 3427 είς
1053 3363 1167 3431 τὴν
1200 3364 1453 3432 γέενναν
1487 3365 1593 3419 τοῦ
1623 3368 1835 3433 πυρός.

278 3451 404 3503 Ἐὰν
427 3450 485 3503 δὲ
509 3450 653 3520 ἄλλῳ
684 3451 910 3505 δυνατὸν
1004 3453 1096 3507 τὸν
1124 3455 1428 3508 ἐκκοπέντα
1459 3456 1838 3526 προσήκασθαι

265 3531 410 3592 κατά
442 3541 853 3611 φιλανθρωπίας
880 3546 1100 3614 τρόπον,
1131 3546 1231 3598 οὐκ
1260 3545 1364 3610 ἔξω
1399 3546 1491 3599 τοῦ
1527 3549 1755 3610 εἰκότος⁹
1790 3546 1842 3599 εί

264 3651 330 3702 γε
365 3635 613 3706 εὑρεθείη
647 3636 1209 3709 ὲπιστημονικώτερος
1255 3637 1544 3709 ίατρεύειν,
1591 3638 1728 3691 ἀλλά
1764 3639 1840 3708 μὴ

264 3726 655 3796 ἀπολλυμένων
683 3730 1245 3800 συμπεριφερόμενος.
1270 3733 1333 3783 Oi
1363 3730 1420 3783 δὲ
1443 3730 1618 3794 ἄλλως
1644 3731 1841 3800 κουφόο

265 3837 422 3874 τατοι
444 3821 828 3890 ἀποπηδῶντες
854 3821 947 3875 τοῦ
971 3823 1260 3892 κοινοόίου,
1282 3824 1641 3895 ἀπρόσδεκτοι
1668 3823 1838 3877 ἔστω-

269 3930 369 3965 σαν
419 3916 561 3978 ταῖς·
595 3914 783 3980 ἄλλαις
819 3915 1175 3987 ἀδελφότησιν
1197 3932 1211 3946 '
1245 3917 1332 3971 ἵνα
1379 3916 1752 3987 συνασπισμὸς

268 4002 367 4055 καὶ
392 4006 678 4074 συμφωνία
706 4005 849 4058 κατά
871 4008 1046 4060 πάντα
1070 4009 1181 4071 τοῖς
1206 4009 1342 4061 πᾶσι
1360 4023 1374 4039 ο
1404 4007 1500 4061 καὶ
1531 4007 1605 4078 μὴ
1632 4007 1723 4060 ὑπ’
1744 4007 1840 4062 ἀλ-

270 4095 447 4164 λήλων
473 4100 540 4150 τὰ
569 4098 812 4167 ἀλλήλων
835 4099 1195 4164 καταλύοντες
1226 4100 1617 4170 σπουδάσματα
1634 4115 1651 4132 ’
1683 4098 1744 4165 ἐξ
1766 4095 1842 4153 ὧν

269 4190 331 4243 ού
361 4189 572 4258 κεφαλὴ
601 4191 629 4242 ὁ
659 4190 912 4259 Χριστὸς,
935 4193 962 4244 ὁ
981 4195 1045 4261 τῇ
1075 4193 1262 4263 εἰρήνῃ
1293 4193 1526 4246 συνδέων
1549 4192 1615 4244 τά
1642 4193 1838 4256 πάντα,

268 4279 408 4334 ἀλλὰ
438 4281 559 4347 τίς;
609 4283 937 4336 ἀπευκταῖον
989 4284 1085 4338 καὶ
1129 4284 1327 4352 λέγειν.
1359 4283 1555 4338 Δοῦλον
1596 4283 1655 4338 δὲ
1695 4282 1842 4354 ἔχειν

271 4362 507 4442 μοναχὸν
547 4373 628 4436 είς
664 4375 1044 4445 μοναστήριον,
1084 4375 1340 4428 τοσοῦτον
1368 4374 1515 4440 ξένον
1547 4375 1623 4439 ὡς
1655 4376 1752 4429 καὶ
1780 4373 1842 4428 τὸ

268 4463 417 4533 ἔχειν
451 4466 717 4532 γυναῖκαο
764 4467 1047 4537 ἀμφότερα
1083 4468 1190 4538 γὰρ
1225 4468 1323 4535 τῆς
1353 4468 1640 4539 παρακοῆς
1685 4467 1843 4538 εὑρέ-

272 4572 423 4625 ματα
440 4571 455 4586 ⁶
489 4556 714 4620 καὶτοῖς
735 4559 814 4621 είς
839 4557 898 4610 τὸ
924 4559 1044 4612 κατ’
1070 4560 1242 4630 ἀρχὰς
1270 4560 1601 4630 ἀναδραμεῖν
1621 4560 1841 4630 ἐφιεμέ-

267 4664 381 4710 νοις
411 4647 498 4702 διά
531 4649 631 4717 τῆς
667 4649 958 4720 μοναδικῆς
992 4650 1286 4717 πολιτείας,
1316 4653 1411 4704 καὶ
1455 4652 1553 4724 τὴν
1580 4653 1839 4723 ἀπήμονα
1872 4637 1916 4693 Ῑ)

267 4741 365 4792 τοῦ
413 4741 743 4810 παραδείσου
797 4741 944 4813 ζωὴν
999 4743 1283 4813 μιμεῖσθαι
1326 4743 1842 4815 ἐζηλωκόσιν,ἀπό-

269 4836 448 4904 ϐλητα
476 4836 546 4889 τὰ
578 4840 971 4909 προειρημένα.
1009 4838 1194 4892 Ταῦτα
1226 4841 1326 4892 οὐκ
1356 4839 1584 4904 οἴκοθεν,
1620 4839 1736 4893 ἀλλ’
1781 4840 1842 4906 ἐξ

270 4917 349 4974 ὦν
389 4925 437 4977 oi
486 4925 732 4996 θεοφόροι
784 4929 1028 4998 Πατέρες
1079 4928 1430 4998 φθέγγοντες,
1465 4928 1840 5000 συνειληχότες

270 5016 698 5084 ύπομνηστικῶς
737 5018 1152 5088 ἐφθεγξάμεθα·
1189 5019 1500 5090 αίτούμενοι
1539 5023 1683 5090 ὑμᾶς
1714 5021 1840 5086 τοὺς

270 5104 563 5176 πανιέρους
617 5108 1011 5177 προσεύχεσθαι
1060 5110 1134 5179 μὴ
1169 5111 1327 5179 μόνον
1375 5112 1554 5181 λέγειν
1585 5113 1729 5183 ἡμᾶς
1770 5112 1838 5165 τὰ

269 5194 434 5258 καλὰ,
467 5194 603 5247 ἀλλά
629 5195 726 5248 καὶ
757 5197 1019 5267 πράττειν
1049 5199 1107 5252 ὲν
1135 5199 1344 5270 Κυρίῳ.

480 5308 624 5360 ΡΞΕ¹
652 5309 784 5379 (57).
807 5341 876 5352 —-
899 5311 1200 5380 Γρηγορίῳ
1225 5313 1432 5381 τέκνῳ.
1473 5312 1626 5386 [σγ⁹.]

1927 695 2034 749 hoc
2067 693 2231 748 etiam
2287 706 2504 746 sermo:
2540 704 2640 743 nec
2687 687 2931 759 periculo
2976 695 3135 742 vacat
3189 683 3498 755 repellere;

1925 787 2002 840 ait
2026 785 2172 841 enim
2205 801 2220 838 :
2255 782 2393 836 Eum
2417 782 2508 853 qui
2527 781 2665 835 venit
2694 781 2762 835 ad
2785 796 2886 846 me,
2905 795 3010 834 non
3029 778 3242 844 eiiciam
3258 779 3404 850 foras
3417 777 3499 831 “:

1927 891 2107 946 neque
2132 884 2335 930 temere
2363 888 2427 928 ac
2451 872 2674 928 fortuito
2714 873 3024 938 admittere,
3052 880 3107 926 et
3139 871 3365 927 tondere
3395 870 3504 926 im-

1927 970 2123 1039 perite,
2159 977 2405 1023 sanctum
2433 975 2535 1021 est.
2564 963 2697 1026 Nam
2723 966 2768 1020 si
2803 981 2952 1018 nemo
2984 963 3220 1017 militans
3262 963 3504 1032 implicat

1930 1060 2152 1130 negotiis
2189 1057 2556 1124 saecularibus,
2584 1065 2644 1110 ut
2665 1057 2714 1110 ei
2753 1055 2955 1124 placeat
2983 1055 3070 1108 cui
3092 1071 3146 1108 se
3167 1053 3404 1124 probavit
3431 1053 3504 1118 “,

1929 1153 2071 1208 sicut
2103 1153 2366 1223 scriptum
2392 1162 2495 1218 est,
2517 1157 2723 1221 quanto
2756 1150 2928 1221 magis
2957 1148 3015 1203 in
3043 1149 3146 1203 hac
3168 1163 3201 1204 a
3229 1149 3341 1204 Deo
3365 1162 3504 1203 con-

1932 1247 2118 1302 stituta
2141 1245 2332 1299 militia
2355 1244 2379 1298 ?
2402 1242 2669 1298 Omnibus
2697 1252 3015 1297 renuntiare
3053 1249 3289 1312 oportet,
3327 1240 3506 1297 omni-

1932 1337 2036 1391 bus
2075 1337 2296 1406 spoliari
2328 1350 2550 1390 necesse
2592 1343 2695 1399 est,
2728 1335 2795 1388 ab
2820 1333 3079 1391 omnibus
3123 1333 3280 1388 avelli
3306 1346 3506 1388 conve-

1935 1430 2036 1491 nit,
2094 1439 2150 1484 et
2179 1428 2488 1491 affectibus,
2522 1435 2578 1480 et
2629 1424 2965 1488 domesticis,
2994 1431 3050 1480 et
3076 1424 3290 1490 amicis,
3321 1432 3377 1479 et
3409 1438 3506 1479 co-

1940 1521 2140 1593 gnatis,
2175 1530 2230 1576 et
2263 1536 2292 1574 a
2321 1519 2528 1574 mundo
2557 1518 2816 1574 universo
2845 1516 3125 1572 voluntate
3168 1515 3507 1586 peregrinari

1934 1629 2081 1678 eum,
2112 1612 2204 1682 qui
2254 1627 2381 1667 vere
2425 1620 2715 1667 secuturus
2762 1611 2837 1665 sit
2886 1609 3205 1664 Christum:
3239 1617 3401 1678 atque
3428 1607 3506 1664 ita

1937 1708 2145 1762 institui
2175 1716 2229 1762 et
2251 1706 2479 1761 formari
2508 1706 2869 1762 monasticam
2905 1704 3302 1776 professionem
3333 1720 3364 1760 a
3391 1705 3503 1759 Deo

1937 1801 2215 1854 conditam
2246 1818 2262 1856 :
2295 1815 2531 1870 eumque
2569 1801 2726 1870 cujus
2757 1801 2927 1854 virtus
2951 1808 3193 1869 spectata
3230 1806 3394 1868 atque
3413 1811 3512 1852 ex-

1938 1901 2090 1963 perta
2112 1891 2296 1957 luerit,
2341 1892 2421 1947 sic
2454 1891 2728 1947 introduci
2785 1891 2891 1946 sub
2925 1891 3227 1946 multorum
3262 1889 3512 1948 testimo-

1940 1985 2029 2036 nio
2059 1983 2126 2036 ad
2151 1983 2528 2039 monachicam
2559 1982 2973 2054 perfectionem,
3013 1991 3068 2037 et
3105 1997 3271 2037 unam
3303 1980 3417 2036 ﬁeri
3444 1981 3513 2036 de

1937 2073 2129 2127 nvibus
2159 2072 2385 2128 Christi.
2417 2074 2545 2130 Sine
2575 2075 2882 2129 initiatione
2908 2082 3088 2129 autem
3111 2082 3165 2130 et
3180 2073 3301 2129 sine
3331 2075 3514 2129 scien-

1939 2165 2034 2228 tia,
2067 2173 2128 2218 ut
2155 2164 2314 2220 nobis
2332 2165 2711 2222 denuntiatum
2743 2164 2866 2229 fuit,
2901 2165 3114 2221 tonderi
3135 2166 3512 2236 periculosum

1936 2267 2043 2318 est,
2080 2270 2146 2310 ac
2166 2257 2700 2325 perniciosissimum
2732 2267 2786 2312 et
2818 2266 2976 2314 tonso
3011 2267 3066 2314 et
3100 2258 3372 2314 tondenti.
3404 2257 3513 2315 Sed

1938 2358 1992 2400 et
2020 2347 2264 2402 habitum
2291 2348 2578 2404 detrahere
2606 2349 2898 2416 monacho,
2950 2350 3178 2419 perinde
3209 2359 3296 2406 est
3321 2366 3386 2406 ac
3417 2350 3516 2406 ba-

1937 2437 2140 2507 ptismo
2173 2438 2431 2507 spoliare.
2463 2437 2701 2494 Omnino
2731 2453 2799 2493 eo
2827 2439 3142 2509 proceditur
3170 2440 3417 2496 audaciae
3449 2452 3514 2498 ut

1957 2530 2106 2586 istud
2137 2530 2250 2596 ﬂat,
2280 2532 2578 2588 orrendum
2608 2541 2696 2587 est
2721 2531 2810 2587 vel
2847 2533 3063 2589 auditu.
3096 2533 3156 2588 Si
3183 2547 3316 2589 vero
3356 2541 3517 2605 post-

1936 2640 2101 2695 quam
2141 2633 2366 2680 tonsura
2397 2625 2502 2680 rite
2551 2624 2696 2679 facta
2750 2625 2936 2690 fuerit,
2995 2627 3064 2681 ad
3098 2625 3371 2684 deteriora
3428 2641 3518 2680 re-

1938 2718 2102 2771 deant
2145 2715 2338 2785 aliqui,
2381 2716 2528 2786 iique
2573 2717 2870 2786 persistant
2909 2717 2966 2772 in
3021 2717 3518 2787 improbitate,neo

1938 2809 2136 2862 animae
2173 2823 2287 2862 sua:
2319 2809 2543 2863 morbos
2579 2809 3082 2875 curent;exscindi
3122 2808 3321 2864 debent
3348 2805 3516 2864 afra-

1938 2909 2083 2953 trum
2116 2912 2286 2967 coitu,
2328 2901 2471 2956 sicut
2519 2900 2697 2955 solent
2724 2901 2939 2969 putrida
2973 2903 3238 2965 membra,
3289 2916 3358 2956 ne
3378 2915 3518 2957 con-

1939 3001 2086 3046 tactu
2117 2993 2260 3061 quod
2290 3007 2486 3048 sanum
2515 2999 2598 3046 est
2623 2993 2867 3047 laedatur.
2901 2992 3201 3048 Dicitenim
3220 2993 3515 3051 Dominus:

1939 3083 2178 3138 Praestat
2209 3102 2368 3138 unum
2395 3085 2460 3139 de
2488 3086 2737 3139 membris
2781 3087 2886 3138 tuis
2938 3085 3200 3150 abscindi,
3234 3102 3394 3158 quam
3437 3097 3518 3140 to-

1940 3187 2051 3230 tum
2096 3193 2285 3246 corpus
2317 3187 2465 3230 tuum
2516 3179 2656 3230 mitti
2686 3179 2741 3232 in
2785 3177 3073 3248 gehennam
3120 3179 3255 3248 ignis
3273 3179 3341 3234 ⁸³.
3380 3176 3516 3233 Eunt

1939 3281 2118 3325 autem
2153 3269 2248 3340 qui
2272 3272 2541 3325 rescissus
2576 3279 2680 3335 est,
2709 3269 2779 3323 ab
2800 3270 2972 3325 altero
3003 3271 3209 3340 suscipi
3256 3270 3521 3326 humani-

1940 3362 2071 3417 tatis
2093 3362 2289 3433 gratia,
2331 3378 2441 3416 non
2473 3372 2556 3416 est
2589 3348 2786 3431 praeter
2807 3360 2890 3417 fas
2916 3373 2972 3417 et
3005 3379 3222 3433 aequum
3251 3382 3267 3430 ;
3313 3364 3361 3419 si
3395 3378 3515 3419 mo-

1938 3457 2068 3512 dum
2125 3457 2354 3527 peritior
2395 3446 2640 3512 medicus
2675 3456 2987 3512 inveniatur
3040 3459 3135 3528 qui
3166 3474 3292 3513 eum
3336 3469 3513 3522 sanet,

1941 3565 2042 3605 nec
2075 3565 2105 3604 a
2139 3550 2494 3619 pereuntibus
2539 3550 2702 3605 simul
2751 3550 3075 3615 abducatur,
3123 3549 3389 3606 Ceterum
3420 3553 3517 3621 qui

1941 3659 2038 3714 per
2083 3643 2354 3698 levitatem
2401 3652 2458 3699 et
2517 3643 2768 3698 cmnobio
2823 3642 3110 3707 resiliunt,
3141 3643 3210 3698 ab
3243 3644 3366 3700 aliis
3399 3643 3516 3699 fra-

1943 3736 2293 3792 ternitatibus
2332 3736 2481 3790 nullo
2528 3736 2692 3790 modo
2719 3736 3085 3806 recipiantur:
3118 3745 3178 3792 ut
3216 3747 3406 3794 mutua
3445 3739 3518 3793 sit

1941 3830 2164 3886 dilectio
2193 3839 2248 3884 et
2297 3828 2591 3884 concordia
2623 3829 2870 3882 omnium
2920 3828 2978 3883 in
3005 3828 3308 3896 omnibus;
3355 3838 3412 3886 et
3447 3845 3518 3886 ne

1942 3923 2034 3977 alii
2062 3922 2296 3976 aliorum
2325 3919 2558 3975 invicem
2589 3921 2680 3990 pia
2718 3920 2900 3975 studia
2925 3919 3249 3988 destruant;
3281 3937 3349 3977 ex
3377 3923 3515 3993 qui-

1942 4016 2046 4070 bus
2077 4014 2156 4076 tit,
2188 4022 2248 4067 ut
2270 4021 2434 4082 caput
2462 4027 2572 4067 non
2613 4013 2687 4067 sit
2720 4011 2994 4078 Christus,
3049 4011 3143 4083 qui
3196 4028 3292 4082 per
3323 4029 3516 4085 pacem

1943 4105 2151 4174 colligit
2183 4105 2437 4159 universa
2461 4121 2479 4171 ;
2518 4103 2614 4159 sed
2639 4104 2763 4174 quis
2791 4103 2814 4158 τ
2841 4104 3221 4160 detestandum
3238 4117 3322 4160 est
3342 4105 3514 4163 dictu.

1943 4195 2100 4262 Quod
2128 4203 2309 4250 autem
2363 4210 2585 4251 servum
2631 4195 2831 4251 habeat
2885 4197 3188 4253 monachus
3220 4197 3274 4252 in
3322 4212 3515 4252 mona-

1945 4287 2138 4354 sterio,
2174 4287 2228 4343 id
2277 4302 2386 4342 non
2443 4288 2630 4343 minus
2657 4287 2893 4342 alienum
2923 4297 3007 4344 est
3033 4304 3198 4359 quam
3231 4289 3278 4345 si
3320 4288 3518 4346 habeat

1944 4380 2270 4447 mulierem;
2303 4388 2536 4449 utraque
2561 4379 2704 4434 enim
2724 4379 2941 4435 inventa
2961 4380 3513 4437 suntiuobedientia:

1943 4481 2002 4527 et
2030 4471 2099 4525 iis
2127 4471 2222 4540 qui
2255 4471 2324 4525 ad
2369 4471 2752 4540 primigeniam
2781 4472 3149 4543 integritatem
3199 4473 3378 4530 redire
3420 4490 3518 4546 per

1943 4564 2322 4618 monachicam
2373 4564 2850 4619 conversationem
2903 4565 3152 4634 cupiunt,
3177 4573 3233 4621 et
3267 4565 3395 4621 mali
3420 4582 3515 4620 ex-

1944 4665 2152 4726 pertem
2184 4656 2426 4727 paradisi
2475 4657 2642 4710 vitam
2691 4655 2896 4710 imitari
2931 4655 3175 4724 student,
3207 4661 3513 4729 respuenda

1943 4757 2211 4817 suntquze
2238 4746 2506 4802 dixi.Ha:c
2545 4762 2656 4802 non
2689 4746 2840 4801 domi
2879 4757 3028 4814 nata,
3065 4747 3160 4805 sed
3193 4763 3258 4805 ex
3288 4750 3358 4806 iis
3392 4767 3516 4821 quae

1943 4839 2117 4894 divini
2152 4838 2347 4894 Patres
2367 4839 2564 4894 docent
2589 4839 2790 4894 collata
2824 4840 3194 4910 protulimus;
3232 4842 3515 4912 postulan-

1947 4943 2032 4991 tes
2067 4945 2130 4989 ut
2156 4949 2257 4989 vos
2289 4933 2622 4990 sanctissimi
2646 4933 2837 5000 oretis,
2873 4942 2934 4989 ut
2972 4947 3074 4990 nos
3105 4935 3251 4991 bona
3289 4949 3402 4989 non
3433 4934 3516 4990 di-

1944 5044 2134 5085 camus
2175 5027 2356 5093 modo,
2380 5027 2475 5084 sed
2503 5034 2559 5082 et
2585 5024 2852 5081 iaciamus
2876 5028 2928 5081 in
2957 5026 3213 5082 Domino.

2375 5309 2506 5366 CLX
2519 5308 2652 5365 V.-—-
2672 5309 2922 5381 Gregorio
2959 5315 3094 5383 ﬁlio.

1560 5435 1634 5483 De
1668 5433 1880 5484 diversis
1903 5431 2228 5498 argumentis.

358 5508 590 5580 Ἐχάρην
619 5511 715 5564 ἐπὶ
743 5513 820 5585 τῷ
842 5514 1128 5586 γράμματε
1166 5533 1280 5582 σου,
1314 5517 1503 5570 τέκνον
1544 5521 1837 5590 ἠγαπημέ-

269 5617 384 5662 νον,
413 5604 494 5653 ὅτι
520 5603 612 5657 καὶ
640 5605 833 5659 ἀστεία
864 5608 897 5678 ἡ
933 5608 1051 5669 ὁδὸς
1080 5608 1188 5661 τῶν
1213 5611 1272 5662 ὲν
1295 5609 1447 5664 ἄστει
1468 5609 1622 5664 “aut
1652 5611 1839 5674 ὑγείαν

344 5717 390 5747 ⁸⁸
415 5717 573 5770 Joan.
609 5733 683 5784 vr,
715 5719 806 5773 37.
841 5721 885 5752 θ’
913 5719 955 5773 11
998 5720 1237 5777 Timoth.
1264 5739 1324 5788 tt,
1353 5723 1407 5778 4.
1486 5723 1530 5755 ⁸³
1557 5721 1823 5787 Matllt,v.
1855 5722 1924 5775 29

2016 5519 2250 5574 Gavisus
2306 5530 2426 5571 sum
2469 5515 2666 5572 litteris
2691 5513 2820 5578 tuis,
2861 5512 3059 5568 dilecte
3103 5512 3174 5567 liii
3205 5515 3389 5584 :quod
3421 5531 3515 5570 ur-

1948 5613 2085 5666 bane
2114 5621 2167 5666 et
2200 5610 2431 5664 honeste
2461 5623 2520 5664 se
2553 5618 2748 5678 gerant
2779 5608 2872 5678 qui
2901 5614 3025 5662 sunt
3071 5605 3127 5662 in
3176 5605 3330 5672 urbe,
3365 5610 3510 5678 quod

1772 5813 1975 5868 NOTIE

352 5896 461 5965 (57)
493 5896 546 5950 In
577 5899 697 5953 cod.
731 5898 860 5967 Reg.
892 5900 1033 5970 ρμζ⁹.
