4184 6522
651 1434 715 1477 η

716 416 851 481 1523

1904 426 1964 486 S.
1998 424 2396 486 THEODORI
2439 427 2787 489 S'I‘UDth‘E

3844 430 3979 495 1524

707 534 1074 589 valetudinem
1109 552 1232 589 cum
1271 536 1440 591 fratre
1480 537 1697 593 Zosima
1739 541 2011 610 receperis
2029 555 2126 610 per
2158 555 2289 593 san-

2396 542 2734 610 προσελάδου
2767 543 2883 612 ἅμα
2912 541 2990 611 τῷ
3012 541 3227 612 ἀδελφῷ
3250 543 3473 614 Ζωσιμᾷ
3493 541 3582 597 διὰ
3610 545 3713 614 τῆς
3732 545 3979 612 ἀφαιρέ-

704 626 891 696 guinis
921 626 1317 682 detractionem
1346 631 1571 697 etquod
1628 632 1735 684 alia
1769 633 1925 687 vobis
1981 648 2047 686 ex
2108 633 2294 686 animo

705 718 1106 773 successerint.
1160 718 1562 774 Dchnodochi
1594 732 1774 777 autem
1802 724 2291 793 propositionibus.

703 806 849 873 quod
882 807 1062 862 adhuc
1092 824 1122 862 a
1160 808 1319 864 nobis
1346 810 1775 867 declarationem
1838 814 2088 883 ﬂagitasti
2120 832 2135 878 ;
2168 831 2292 869 cum

703 896 875 964 probe
909 897 984 951 illi
1013 913 1078 952 ex
1130 897 1442 953 divinorum
1478 898 1701 955 Patrum
1758 902 2006 955 doctrina
2062 918 2292 971 respon-

708 988 881 1052 deris,
918 990 1055 1043 nihil
1116 990 1385 1047 habemus
1441 994 1667 1060 quodad
1730 998 2117 1064 responsiones
2170 1006 2294 1051 tuas

702 1082 829 1136 addi
889 1084 1082 1152 possit.
1119 1083 1349 1140 Temere
1407 1096 1589 1141 autem
1633 1090 1903 1159 garriunt,
1939 1099 1998 1141 ut
2026 1101 2248 1157 apparet
2277 1131 2292 1154 ,

707 1191 810 1229 nec
843 1176 1058 1231 discere
1087 1178 1337 1245 cupiunt,
1371 1179 1465 1248 qui
1495 1180 1861 1249 interrogant.
1897 1184 2145 1233 Attamen
2165 1181 2292 1249 quia

704 1268 968 1333 scriptum
990 1278 1099 1321 est:
1136 1267 1324 1321 Parati
1356 1275 1423 1321 ad
1446 1272 1877 1339 satisfactionem
1894 1274 2037 1323 omni
2076 1287 2294 1339 poscen-

704 1360 745 1412 ti
771 1375 857 1412 ros
883 1361 1140 1411 rationem
1165 1359 1229 1412 de
1250 1377 1312 1413 ea
1334 1377 1451 1429 qurz
1485 1364 1541 1414 in
1590 1363 1735 1415 vobis
1797 1372 1875 1415 at
1908 1379 1996 1430 spe
2048 1364 2126 1429 “,
2209 1378 2296 1417 re-

703 1450 1097 1519 spondebimus
1127 1458 1181 1503 et
1213 1466 1313 1505 nos
1354 1454 1479 1505 ista.
1505 1451 1897 1507 Monachorum
1930 1454 2149 1509 habitus
2181 1456 2295 1508 vir-

703 1541 953 1610 ginitatis
1002 1554 1086 1595 est
1137 1542 1475 1611 progressio,
1515 1553 1569 1597 et
1618 1547 1941 1615 mysterium
1978 1556 2061 1599 est
2106 1561 2297 1600 mona-

704 1633 874 1688 chica:
918 1634 1293 1704 perfer-tionis,
1326 1646 1385 1690 ut
1410 1637 1654 1706 loquitur
1699 1638 1918 1691 divinus
1958 1646 2008 1692 et
2078 1639 2296 1705 sapien-

707 1727 953 1782 tissimus
986 1727 1293 1798 Dionysius.
1326 1726 1389 1780 Et
1414 1728 1559 1796 quod
1588 1739 1843 1797 quzcrunt
1872 1728 2151 1782 nonnulli:
2183 1726 2299 1783 Un-

704 1820 903 1875 denam
939 1829 1057 1874 orta
1095 1821 1334 1884 traditio,
1369 1838 1475 1890 qua
1529 1822 1695 1875 homo
1737 1822 2017 1875 renuntiat
2071 1820 2293 1885 saeculo,

2396 632 2530 697 ξεως
2548 650 2563 663 ·
2598 634 2693 686 καὶ
2722 634 2891 688 τᾶλλα
2933 635 3063 701 ὑμῖν
3092 634 3175 686 ὅτι
3202 635 3343 687 κατά
3374 635 3575 687 σκοπὸν
3603 635 3816 706 ἀπέϐη.
3860 636 3982 687 Ἐπὶ

2393 724 2451 776 δὲ
2496 727 2616 787 ταῖς
2654 726 2804 793 παρὰ
2830 726 2924 778 τοῦ
2956 726 3246 795 Ξενοδόχου
3276 727 3595 796 προτάσεσι,
3636 728 3692 778 τί
3736 729 3824 779 ὅτι
3853 729 3980 797 παρ’

2395 816 2551 885 ἡμῶν
2613 815 2957 886 ὲπεζήτησας
3015 816 3095 868 ἐτι
3154 816 3506 885 διασάφησιν,
3566 818 3983 887 ὲγκεκριμένως

2394 908 2715 977 ἀποκριθεὶς
2758 908 2906 976 αὐτῷ
2952 908 3091 960 κατά
3126 907 3226 975 τὴν
3268 908 3375 958 τῶν
3406 906 3684 974 θεοφόρων
3717 908 3980 977 Πατέρων

2394 998 2749 1051 διδασκαλίαν
2782 999 2932 1052 οὐδὲν
2984 999 3371 1069 περισσότερον
3410 998 3607 1066 ἔχομεν
3650 998 3837 1065 λέγειν
3879 998 3981 1051 τῶν

2398 1090 2507 1141 σῶν
2539 1091 3083 1161 ἀντιπαραστάσεων.
3133 1089 3541 1156 Είκαιολογοῐισι
3582 1089 3663 1153 δὲ,
3695 1090 3774 1152 ὡς
3814 1090 3977 1151 ἔοικε,

2396 1185 2491 1235 καὶ
2517 1184 2579 1235 οὐ
2610 1183 3000 1252 φιλομαθοῦσιν
3022 1185 3069 1236 οἱ
3094 1182 3474 1253 ἐπερωτῶντες
3495 1182 3645 1250 ὅμως
3672 1182 3871 1250 ἐπειδὴ
3890 1184 3978 1247 γέ-

2395 1292 2639 1345 γραπται
2661 1291 2675 1305 ·
2712 1277 2966 1345 Ἔτοιμοι
3017 1276 3188 1341 ὄντες
3225 1276 3376 1342 πρὸς
3419 1272 3763 1339 ἀπολογίαν
3800 1274 3978 1325 παντὶ

2395 1366 2475 1430 τῷ
2512 1365 2776 1419 αἰτοῦντι
2817 1364 2973 1434 ὑμᾶς
3006 1366 3189 1433 λόγον
3233 1365 3364 1433 περὶ
3400 1362 3509 1433 τῆς
3540 1366 3609 1417 ἐν
3639 1364 3787 1431 ὑμῖν
3816 1364 3983 1416 ἐλπί-

2395 1458 2521 1522 δος·
2556 1460 2998 1529 ἀποκρινούμεθα
3042 1460 3135 1512 καὶ
3172 1461 3337 1529 ἡμεῖς
3368 1459 3517 1511 τάδε.
3548 1458 3622 1509 Τὸ
3658 1458 3772 1508 τῶν
3819 1475 3979 1526 μονα-

2396 1551 2508 1621 χῶν
2532 1552 2742 1621 σχῆμα,
2766 1550 3062 1620 παρθενίας
3090 1551 3237 1603 ἐστὶν
3265 1548 3613 1618 ἐπάγγελμα,
3649 1548 3751 1600 καὶ
3773 1550 3980 1617 μυστη-

2399 1644 2515 1713 ριόν
2550 1645 2664 1695 ζεστι
2716 1644 3011 1713 μοναχικῆς
3054 1641 3407 1705 τελειώσεως,
3457 1641 3599 1694 κατά
3644 1642 3748 1711 τὴν
3797 1642 3977 1713 φωνὴν

2395 1734 2489 1788 τοῦ
2525 1734 2670 1787 θείου
2704 1736 2799 1787 καὶ
2830 1735 3107 1803 πανσόφου
3136 1733 3435 1787 Διονυσίου.
3466 1734 3576 1786 Καὶ
3601 1734 3664 1786 τὸ
3686 1734 3872 1800 λέγειν
3901 1752 3979 1786 τι·

2398 1826 2497 1889 νας
2536 1828 2617 1888 τὸ,
2640 1827 2810 1881 Πόθεν
2840 1825 3113 1894 παρεδόθη
3147 1826 3209 1876 τὸ
3239 1824 3664 1889 ἀποτάσσεσθαι,
3694 1828 3794 1878 καὶ
3834 1827 3979 1892 γίνε-

705 1922 761 1969 et
797 1914 859 1969 lit
893 1916 1221 1979 monachus,
1249 1915 1396 1969 aliud
1427 1915 1561 1968 nihil
1602 1915 2245 1984 respondendum,quam
2278 1931 2291 1966 :

2402 1918 2526 1972 σθαι
2570 1920 2829 1989 μοναχόν;
2863 1919 3014 1971 οὐδὲν
3040 1918 3228 1987 ἕτερόν
3258 1919 3405 1970 ἐστιν
3440 1918 3637 1981 εἰπεῖν,
3674 1919 3709 1987 ἢ
3743 1920 3849 1981 ὃτι,
3878 1920 3977 1972 Πὸ-

708 2002 992 2059 Undenam
1022 2018 1143 2059 orta
1166 2006 1386 2059 traditio
1417 2021 1525 2075 qua
1575 2005 1922 2061 Christianus
1953 2008 2012 2059 lit
2061 2004 2297 2075 aliquis?

2402 2011 2493 2065 θεν
2538 2011 2807 2081 παρεδόθη
2844 2009 3086 2078 γίνεσθαί
3124 2027 3246 2061 τινα
3286 2010 3642 2079 Χριστιανόνς
3688 2011 3749 2063 Ὀ
3782 2011 3979 2083 γὰρτὸ

706 2107 811 2172 Qui
843 2107 989 2161 enim
1025 2106 1181 2175 prius
1223 2106 1404 2159 sanxit
1437 2105 1731 2173 apostolica
1764 2104 2079 2168 traditione,
2122 2119 2295 2174 pUSle-

2400 2104 2667 2174 πρότερον
2709 2102 3120 2172 θεομοθετήσας
3157 2102 3487 2173 ἀπσστολικῇ
3522 2104 3851 2175 παραδόσει.
3887 2105 3979 2154 καί

708 2197 824 2252 rius
862 2201 1029 2251 etiam
1098 2197 1273 2251 edidit
1304 2193 1449 2267 (57*)
1507 2212 1601 2250 sex
1652 2196 1906 2267 mysteria
1964 2197 2297 2252 instituens:

705 2291 949 2362 primum
997 2290 1064 2345 de
1112 2289 1439 2360 baptismate
1474 2306 1486 2341 :
1527 2288 1940 2353 secundum,de
1981 2289 2166 2359 synaxi
2200 2305 2295 2343 Seu

709 2383 1133 2439 communione:
1168 2382 1408 2447 tertium,
1439 2381 1506 2435 de
1536 2382 1955 2436 consecratione
1987 2381 2249 2452 unguenti
2277 2397 2291 2434 :

708 2476 1075 2548 quartum,de
1093 2474 1531 2533 sacerdotalibus
1557 2474 1959 2528 initiationibus
1983 2492 1996 2528 :
2019 2474 2292 2544 quintum,

706 2570 776 2624 de
804 2551 1131 2623 monachica
1173 2568 1510 2639 perfectione
1541 2583 1561 2623 :
1602 2576 1841 2633 sextum,
1874 2568 1939 2621 dc
1966 2576 2151 2622 sancte
2167 2566 2293 2620 dor-

713 2662 1035 2719 mientibus.
1069 2660 1211 2729 Quid
1252 2677 1383 2731 ergo
1419 2662 1472 2714 in
1500 2661 1584 2715 his
1621 2659 1914 2715 dicendum
1946 2662 1969 2713 ’ἒ
1997 2659 2152 2725 Quod
2197 2659 2293 2728 qui

705 2756 776 2812 de
798 2770 909 2809 uno
924 2754 1137 2809 dubitat
1168 2768 1233 2808 ex
1269 2753 1335 2807 iis
1366 2765 1489 2821 qua:
1526 2750 1674 2805 dicta
1703 2759 1851 2815 sunt,
1880 2749 2105 2819 ambigit
2150 2747 2293 2802 haud

707 2850 872 2905 dubie
897 2848 1035 2903 etde
1057 2847 1202 2911 aliis,
1244 2855 1430 2901 utrum
1461 2860 1492 2899 a
1520 2845 1706 2900 divina
1737 2844 2025 2900 traditiooe
2056 2843 2295 2895 habean-

708 2952 841 3005 tur;
877 2948 931 2995 et
959 2953 1071 2995 uno
1100 2938 1337 3003 sublato,
1375 2937 1538 2991 simul
1569 2937 1881 2991 necessario
1922 2933 2193 2986 tolluntur
2240 2941 2295 2987 et

708 3034 920 3103 reliqua
946 3074 962 3101 ,
988 3040 1042 3086 et
1072 3046 1250 3101 neque
1286 3031 1578 3101 baptisma,
1618 3042 1795 3097 neque
1835 3026 2081 3097 synaxis,
2118 3041 2294 3093 neque

708 3126 958 3182 divinum
982 3134 1343 3195 unguentum,
1375 3136 1551 3191 neque
1605 3118 1963 3173 sacerdotalis
2004 3116 2241 3170 initiatio
2276 3156 2291 3181 ,

711 3232 892 3286 neque
923 3225 1112 3271 sancte
1146 3214 1541 3272 dormientium
1578 3211 1866 3280 dispositio
1896 3209 2001 3263 crit
2059 3209 2189 3274 ulla,
2246 3209 2290 3261 si
2322 3245 2364 3301 C

713 3327 822 3365 non
860 3311 1002 3364 adsit
1030 3309 1352 3361 monachica
1385 3304 1646 3374 perlectio
1681 3322 1695 3370 ;
1734 3313 1789 3358 et
1815 3304 1891 3357 uti
1934 3303 2159 3373 gentiles
2199 3318 2290 3356 sa-

712 3404 915 3474 pimus,
942 3409 998 3455 et
1032 3399 1175 3453 athei
1208 3413 1400 3452 sumus
1430 3398 1480 3449 in
1517 3397 1723 3448 tnundo
1745 3434 1760 3459 ,
1791 3411 1969 3463 neque
1998 3408 2147 3462 spem
2201 3391 2294 3443 ha-

712 3498 928 3551 bemus.
974 3492 1125 3547 Talis
1152 3500 1234 3545 est
1267 3490 1361 3559 qui
1384 3487 1811 3559 propositionem
1838 3487 1980 3539 hanc
2028 3483 2233 3554 profert
2276 3498 2289 3535 :

715 3586 1003 3643 Uudenam
1039 3592 1318 3650 sumptum
1385 3580 1455 3633 sit
1500 3577 1645 3647 quod
1722 3576 1919 3646 aliquis
1975 3574 2289 3627 [iatmona-

710 3680 870 3733 chus.
892 3676 969 3731 Ac
998 3676 1239 3729 nondum
1261 3673 1386 3727 dico
1425 3670 1795 3742 pracellentes
1850 3682 2040 3722 omnes
2079 3665 2293 3719 divinos

715 3772 930 3837 Patres,
961 3778 1016 3823 et
1043 3768 1345 3822 monachos
1382 3766 1569 3828 fuisse,
1603 3773 1658 3815 et
1687 3759 2061 3815 monachicam
2093 3758 2289 3819 vitam,

712 3865 863 3918 velut
886 3861 1210 3931 angelicam,
1238 3857 1441 3911 divinis
1474 3855 1729 3910 laudibus
1754 3852 1943 3909 elIerre
1972 3868 1990 3911 :
2031 3867 2061 3905 a
2088 3851 2290 3919 quibus

713 3963 769 4010 et
828 3954 896 4008 de
926 3967 1095 4005 sacrae
1120 3947 1516 4004 vitaeinstitutis
1550 3946 1752 4015 scripta
1785 3953 2006 3999 exstant
2056 3942 2290 3996 volumi—

714 4062 806 4102 na.
841 4044 996 4111 Quod
1040 4046 1084 4096 si
1104 4044 1227 4110 quis
1256 4040 1498 4093 animum
1549 4036 1813 4099 advertat,
1862 4035 2102 4089 inveniet
2154 4033 2297 4086 divi-

718 4155 847 4194 num
866 4140 1044 4209 ipsum
1064 4133 1407 4204 Dionysium,
1439 4131 1506 4184 ad
1535 4130 1709 4183 instar
1738 4128 2105 4197 angelicorum
2140 4124 2292 4181 ordi-

716 4247 872 4297 num,
906 4241 960 4285 et
978 4228 1347 4283 sacerdotales
1378 4224 1601 4295 gradus,
1654 4230 1709 4276 et
1755 4237 1851 4275 eos
1890 4221 1983 4291 qui
2031 4230 2183 4274 extra
2212 4234 2300 4271 sa-

718 4325 1043 4383 cerdotium,
1079 4322 1194 4392 pari
1223 4334 1450 4375 numero
1468 4328 1577 4373 tres
1604 4316 1657 4370 in
1689 4316 1910 4370 ordines
1933 4312 2294 4376 distribuere;

718 4412 957 4483 primum
988 4410 1167 4463 adhuc
1200 4407 1597 4476 incipientium,
1628 4420 1725 4459 seu
1756 4403 2294 4463 catechumenorum;

716 4504 951 4558 alterum
995 4501 1431 4569 baptizatorum;
1474 4496 1694 4549 tertium
1752 4492 2073 4547 monachica
2123 4488 2297 4559 perfe-

2396 2196 2458 2247 τὸ
2511 2194 2761 2265 δεύτερον
2818 2194 3113 2260 ἐξέδωκεν,
3164 2193 3223 2258 ἓξ
3282 2198 3559 2266 μυστήρια
3612 2194 3976 2254 ὲκτεθεικὼς’

2400 2285 2636 2355 πρῶτον,
2672 2283 2801 2354 περὶ
2822 2285 3192 2354 φωτίσματος’
3224 2285 3497 2359 δεύτερον,
3522 2287 3653 2355 περὶ
3677 2286 3976 2350 συνάξεως,

2397 2374 2496 2431 εἶτ’
2534 2374 2627 2431 οὖν
2662 2377 2945 2441 κοινωνίας
2968 2392 2982 2405 ο
3012 2378 3194 2447 τρίτον
3234 2380 3362 2448 περὶ
3393 2378 3611 2445 τελετῆς
3654 2378 3861 2447 μύρουο
3890 2378 3978 2430 τέ-

2395 2489 2614 2543 ταρτον,
2657 2472 2787 2541 περὶ
2829 2471 3117 2542 ίερατικῶν
3151 2472 3511 2524 τελειώσεων·
3536 2470 3813 2539 πέμπτον,
3852 2474 3979 2542 περὶ

2400 2562 2701 2633 μοναχικῆς
2740 2562 3074 2626 τελειώσεως
3102 2580 3117 2595 ο
3145 2563 3324 2626 ἕκτον,
3356 2562 3483 2631 περὶ
3512 2560 3620 2613 τῶν
3670 2564 3837 2633 ίερῶς
3885 2580 3976 2615 κε-

2396 2654 2768 2724 κοιμημένων.
2822 2655 2887 2707 Τί
2920 2654 3013 2707 οὖν
3044 2653 3191 2707 ἐστιν
3228 2654 3402 2705 εἰπεῖν
3444 2654 3503 2704 ὲν
3530 2655 3783 2718 τούτοις;
3821 2654 3907 2706 ὅτι
3946 2654 3977 2704 ὁ

2395 2747 2758 2818 ἀμφισϐητῶν
2799 2749 2929 2817 περὶ
2972 2746 3092 2810 ένδς
3136 2745 3243 2798 τῶν
3272 2746 3599 2816 εἰρημένων,
3640 2746 3976 2815 ἀμφιϐάλλει

2394 2842 2637 2912 δηλονότι
2690 2842 2784 2895 καὶ
2845 2841 2974 2912 περὶ
3017 2840 3125 2892 τῶν
3178 2837 3374 2905 ἄλλων,
3428 2843 3502 2911 μὴ
3557 2840 3974 2909 θεοπαραδότως

2396 2934 2572 3004 ἔχειν’
2614 2936 2709 2987 καὶ
2756 2936 2822 3003 τῇ
2872 2932 2964 2983 τοῦ
3014 2930 3132 2994 ἑνὸς
3175 2932 3455 3003 ἀναιρέσει
3504 2931 3872 3002 συνανῄρηται
3916 2930 3976 2995 ἐξ

2395 3029 2698 3097 ἀναγκαίου
2734 3027 2831 3078 καὶ
2867 3024 2935 3076 τὰ
2973 3024 3133 3078 λοιπά
3156 3042 3171 3053 ·
3198 3026 3294 3078 καὶ
3329 3026 3453 3078 οὕτε
3483 3027 3730 3096 ἱερατικὴ
3751 3024 3974 3077 τελείω-

2398 3140 2501 3186 σις,
2534 3123 2655 3175 οὔτε
2685 3122 2794 3174 τῶν
2830 3120 2991 3190 ἱερῶς
3027 3119 3447 3189 κεκοιμημένων
3493 3117 3827 3179 διατύπωσις
3861 3114 3973 3169 εἷεν

2400 3216 2485 3275 ἂν,
2534 3214 2691 3282 εἴπερ
2739 3213 2812 3282 μὴ
2858 3211 3185 3281 πάρεστινὴ
3234 3209 3500 3281 μοναχικὴ
3530 3210 3837 3273 τελείωσις’
3879 3210 3973 3263 καί

2397 3306 2565 3372 ἐσμεν
2597 3304 2939 3374 ἐθνὸφρονες,
2968 3304 3117 3358 ἄθεοι
3147 3304 3297 3366 ὄντες
3327 3305 3386 3356 ὲν
3422 3303 3499 3374 τῷ
3526 3303 3734 3371 κόσμῳ,
3761 3303 3856 3354 καὶ
3883 3303 3971 3354 έλ-

2395 3397 2523 3450 πίδα
2558 3398 2632 3467 μὴ
2665 3397 2899 3467 ἔχοντες.
2938 3395 3189 3459 Τοιοῦτός
3216 3400 3362 3449 ἐστιν
3387 3395 3415 3447 ὀ
3443 3395 3540 3464 τὴν
3569 3395 3835 3463 πρότασιν
3856 3396 3970 3447 είσ-

2394 3491 2577 3555 ἀγων,
2624 3489 2685 3542 τὸ
2720 3491 2883 3543 πόθεν
2936 3490 3305 3561 παρείληπται
3348 3489 3603 3559 μοναζειν
3655 3489 3966 3559 ἄνθρωπον.

2395 3584 2506 3636 Καὶ
2530 3582 2684 3636 οὒπω
2712 3583 2876 3650 λέγω,
2900 3583 2981 3635 ὃτι
3015 3582 3108 3634 καὶ
3132 3582 3332 3645 πάντες
3363 3583 3412 3634 οί
3442 3582 3613 3652 ἔξοχοι
3637 3581 3747 3634 τῶν
3779 3582 3970 3650 θεοφό-

2398 3691 2506 3745 ρων
2536 3674 2813 3743 Πατέρων.
2842 3674 2935 3727 καὶ
2965 3675 3225 3744 μονασταὶ
3250 3675 3525 3740 γεγόνασι,
3556 3674 3650 3727 καὶ
3678 3674 3771 3726 τὸν
3802 3692 3969 3744 μονα-

2396 3768 2548 3837 χικὸν
2582 3767 2716 3837 βίον,
2750 3768 2825 3829 ὡς
2854 3765 3165 3834 ἀγγελικὸν,
3192 3760 3529 3828 ἔκθειάζουσι
3549 3781 3563 3795 ·
3594 3766 3729 3835 πρὸς
3765 3760 3842 3819 ὧν
3874 3767 3969 3819 καὶ

2394 3860 2462 3911 τὰ
2485 3857 2858 3910 διατυπωτικά
2890 3856 2988 3928 τῆς
3021 3859 3172 3925 ἱερᾶς
3194 3855 3341 3924 ζωῆς
3376 3858 3801 3927 συγγράμματα.
3830 3859 3895 3911 Εἰ
3914 3859 3969 3912 δέ

2397 3968 2501 4004 τινι
2541 3950 2661 4013 νοῦς
2708 3951 2960 4020 πάρεστι,
3005 3952 3219 4013 παντως
3263 3950 3507 4021 εὑρήσει,
3542 3953 3632 4004 καὶ
3668 3952 3830 4005 αὑτὸν
3879 3954 3970 4006 τὸν

2399 4043 2540 4095 θεῖον
2580 4042 2876 4109 Διονύσιον,
2928 4044 3045 4106 πῶς
3088 4044 3228 4096 κατὰ
3268 4046 3393 4107 τοὺς
3427 4046 3752 4113 ἀγγελικοὺς
3786 4046 3968 4099 διακό-

2404 4151 2593 4204 σμους,
2629 4134 2723 4187 καὶ
2764 4135 2891 4197 τοὺς
2934 4135 3241 4204 ίερατικοὺς
3287 4134 3548 4203 βαθμοὺς.
3587 4140 3681 4186 καὶ
3708 4136 3834 4198 τοὺς
3865 4137 3969 4200 ἔξω

2402 4225 2722 4295 ἱερωσύνης,
2785 4224 3107 4295 ἰσαρίθμους
3165 4242 3308 4293 τρισι
3380 4225 3599 4288 τάξεσιν
3664 4227 3966 4295 ἀπένειμε·

2401 4316 2626 4387 πρώτην
2648 4318 2741 4369 καὶ
2771 4317 3155 4387 εἰσαγωγικὴν,
3180 4318 3289 4369 τῶν
3318 4318 3398 4369 ἔτι
3430 4320 3824 4387 μαιευομένων,
3854 4322 3969 4389 ἦτοι

2398 4406 2849 4475 κατηχουμένων·
2899 4405 3154 4473 δευτέραν
3208 4405 3317 4457 τῶν
3374 4408 3824 4473 πεςωτισμένων,
3876 4410 3967 4459 καὶ

2397 4498 2589 4568 τρίτην
2639 4495 2747 4549 τῶν
2796 4497 3104 4567 μοναχικῶς
3147 4497 3572 4566 τελειουμένων’
3625 4499 3719 4550 καὶ
3757 4500 3820 4551 τὸ
3858 4503 3967 4562 τοῖς

718 4598 898 4652 ctione
941 4592 1293 4663 praeditorum
1325 4607 1339 4643 :
1374 4590 1443 4643 iis
1468 4595 1650 4641 autem
1678 4602 1800 4656 qua:
1841 4583 2132 4639 manifesta
2167 4594 2295 4637 sunt

2400 4593 2654 4663 ἐναργέσι
2702 4590 2991 4662 μάχεσθαι,
3044 4591 3382 4662 ἀναισθήτων
3433 4591 3603 4657 ἐστὶν,
3648 4591 3683 4661 ἢ
3734 4588 3964 4647 ἀϐαπτί-

719 4702 1043 4759 repugnare,
1074 4700 1245 4740 sensu
1266 4682 1575 4737 carentium
1604 4689 1688 4735 est
1716 4722 1731 4747 ,
1768 4690 1864 4733 aut
1907 4678 2132 4732 minime
2162 4677 2297 4742 bap-

717 4784 1032 4836 tizatorum.

793 4873 1043 4928 Secunda
1086 4866 1389 4941 prOpositio
1422 4906 1438 4931 ,
1484 4866 1551 4921 de
1603 4863 1953 4921 infantibus:
1987 4862 2133 4933 quod
2174 4877 2299 4917 san-

720 4977 841 5021 ctus
876 4963 1111 5019 Basilius
1138 4960 1191 5013 in
1232 4958 1458 5028 Regulis
1485 4957 1801 5027 praecipiat,
1824 4954 1992 5024 utqui
2030 4954 2098 5008 ad
2125 4953 2301 5023 legiti-

718 5072 865 5111 mam
899 5053 1140 5125 pervenit
1180 5061 1417 5114 mtalem,
1452 5050 1497 5104 si
1528 5049 1807 5120 virginalis
1830 5048 2158 5118 vitaajugum
2189 5061 2297 5101 nou

720 5146 859 5207 ferat
910 5146 1097 5198 habitu
1149 5144 1410 5211 spolictur
1444 5157 1458 5207 ;
1511 5156 1615 5193 non
1649 5149 1733 5192 est
1764 5138 1857 5199 ita,
1891 5138 1987 5191 sed
2025 5136 2209 5189 omnia
2241 5136 2296 5189 in

719 5238 978 5294 omnibus
1006 5235 1189 5289 divino
1222 5233 1451 5302 Spiritu,
1478 5241 1534 5286 et
1559 5241 1863 5301 opportune
1894 5231 1959 5283 ad
1988 5230 2176 5282 mundi
2204 5244 2297 5282 sa-

722 5331 887 5385 lutem
918 5327 1225 5383 constituit.
1265 5324 1330 5378 Et
1351 5340 1419 5378 ne
1441 5326 1528 5377 cui
1583 5323 1765 5377 veniat
1797 5323 1851 5375 in
1885 5331 2119 5376 mentem
2179 5337 2294 5374 tne-

720 5425 830 5478 lius
863 5420 1069 5489 aliquid
1094 5433 1237 5480 esse,
1288 5416 1641 5486 quantumvis
1687 5416 1915 5469 meliora
1982 5413 2296 5482 msipieutes

720 5514 940 5588 quidam
984 5521 1227 5567 statuere
1257 5519 1560 5580 conentur,
1606 5507 1721 5580 ipse
1752 5508 1818 5566 de
1852 5508 1956 5564 illis
2006 5507 2172 5562 etiam
2202 5505 2294 5577 qui

810 5651 855 5685 “
889 5650 908 5705 ι
938 5649 1085 5706 Pctr.
1121 5664 1201 5714 tu,
1238 5647 1323 5701 l5.

2398 4702 2561 4739 στων.

2469 4868 2543 4919 Τὸ
2570 4865 2821 4935 δεύτερον
2847 4864 3159 4935 πρόϐλημα,
3193 4864 3323 4934 περὶ
3346 4863 3453 4917 τῶν
3478 4864 3707 4933 νηπίων,
3735 4864 3838 4928 ὅτι,
3865 4880 3966 4932 φη-

2401 4960 2507 5021 σὶν,
2534 4960 2562 5011 ὁ
2599 4956 2750 5024 ἅγιος
2784 4956 3055 5017 Βασίλειος
3090 4956 3146 5006 ἐν
3167 4956 3275 5015 τοῖς
3315 4954 3548 5007 Κανόσιν
3569 4953 3852 5023 ἐπιτρέπει
3878 4956 3966 5022 ἐρ-

2405 5052 2611 5121 χόμενα
2656 5051 2734 5111 εἰς
2769 5050 2869 5120 τὴν
2907 5048 3130 5117 εννδμον
3161 5046 3399 5115 ἡλικίαν,
3426 5048 3474 5099 εί
3522 5047 3595 5117 μὴ
3631 5048 3848 5116 φέροιεν
3877 5047 3966 5097 τὸν

2406 5137 2569 5204 ζυγὸν
2622 5136 2721 5203 τῆς
2763 5138 2821 5188 ὲν
2872 5134 3137 5205 παρθενίᾳ
3182 5134 3352 5203 ζωῆς,
3402 5134 3963 5205 ἀποσχηματίζεσθαι,

2403 5230 2500 5297 οὐχ
2528 5227 2698 5289 οὕτως
2721 5241 2735 5255 ⁶
2776 5226 2911 5281 ἀλλὰ
2942 5225 3311 5296 νομοθετήσας
3355 5227 3531 5279 πάντα
3563 5230 3621 5279 ἐν
3660 5228 3795 5279 πᾶσι
3840 5227 3961 5295 θείῳ

2407 5318 2701 5388 Πνεύματι,
2731 5320 2819 5369 καὶ
2854 5318 3133 5387 σωτηρίως
3174 5316 3250 5387 τῷ
3280 5316 3487 5385 κόσμῳ.
3518 5318 3626 5369 Καὶ
3666 5317 3739 5379 ὡς
3775 5318 3875 5369 οὐκ
3904 5318 3966 5369 ἂν

2403 5412 2759 5481 ὲπινοηθείεν,
2821 5408 3172 5479 βελτιώτερόν
3235 5426 3285 5461 τι
3340 5409 3621 5475 γίνεσθαι,
3663 5411 3762 5463 κάν
3827 5426 3967 5469 τινες

2404 5502 2793 5576 ἁφρονεὺοντες
2848 5500 3143 5571 πειρῶνται
3184 5499 3253 5553 τά
3295 5500 3580 5568 κρείττονα
3625 5499 3965 5570 νομοθετεῖν·

2272 5749 2501 5805 NOTAE.

796 5882 929 5947 (δῖ’)
963 5881 1115 5935 llanc
1154 5876 1394 5946 Dionysii
1421 5882 1475 5930 et
1505 5871 1775 5930 Theodori
1810 5868 2132 5928 sententiain
2178 5867 2412 5936 explicat
2447 5865 2553 5921 Leo
2573 5865 2805 5919 Allatius
2833 5862 2929 5918 lib.
2958 5877 3020 5917 ιιι
3051 5860 3126 5916 De
3151 5876 3431 5927 consensu,
3469 5876 3585 5930 cap.
3636 5860 3718 5914 16.
