4184 6492
264 407 405 473 1525

1446 410 1985 477 EPISTOLARUM
2031 418 2181 480 LIB.
2230 419 2315 481 II.

3369 425 3507 488 1526

252 518 421 581 αὐτὸς
460 515 552 570 καὶ
594 513 727 586 περὶ
756 514 863 568 τῶν
889 514 999 569 ἀπὸ
1025 513 1248 586 πρώτης
1274 515 1491 586 ἡλικίας
1523 533 1816 589 προσερχο-

1924 538 1954 576 a
1986 524 2159 592 prima
2183 533 2343 581 aetate
2365 525 2610 592 veniunt,
2635 527 2907 597 quomodo
2929 529 3145 599 regendi
3175 529 3305 596 sint,
3328 530 3499 600 legem

254 610 460 680 μένων,
486 607 598 669 τοῖς
633 605 1099 675 ἀναδεδεγμένοις,
1126 606 1217 659 τὸν
1260 607 1357 676 τῆς
1395 609 1693 678 ἡγεμονίας
1736 609 1826 663 θε-

250 700 396 769 σμὸν
424 696 817 768 νενομοθέτηκε
841 717 856 731 ·
886 697 981 751 καὶ
1007 699 1039 768 ἡ
1069 697 1249 767 βίϐλος
1274 699 1449 770 δηλοῖ,
1479 702 1574 753 καὶ¹
1605 700 1666 753 τὸ
1701 701 1823 754 κατ’

246 791 385 853 ἔπος
428 788 607 856 λέγειν
642 787 875 842 ἐνταῦθα
924 788 1022 840 οὐκ
1071 788 1329 855 ὲπαρκές.
1374 789 1521 860 Πλὴν
1555 791 1638 843 ὅτι
1684 792 1826 861 μετά

245 881 351 952 τὴν
382 879 773 950 συμπλήρωσιν
812 876 905 930 τοῦ
940 878 1121 947 λόγου,
1162 880 1327 949 ἤγουν
1357 881 1464 933 ἀπὸ
1503 882 1824 936 ἑκκαιδεκα-

244 970 425 1033 ετίας,
458 969 551 1021 καὶ
579 969 737 1038 πρὸς,
765 967 878 1035 μεθ’
910 961 984 1020 ὧν
1014 969 1109 1021 καὶ
1138 973 1296 1038 τιμαὶ
1323 972 1416 1024 καὶ
1437 971 1717 1042 τιμωρίαι,
1748 972 1823 1036 ὣς

246 1075 420 1129 φησιν
444 1058 603 1119 αὑτός
626 1072 640 1086 ’
673 1059 801 1127 περὶ
835 1057 1013 1111 αὐτῶν
1040 1059 1388 1129 ὲκκρίνεσθαι
1412 1061 1541 1125 δεῖν,
1574 1063 1668 1116 καὶ
1698 1080 1821 1117 συν-

242 1150 517 1204 άπτεσθαι
545 1151 664 1212 ταῖς
693 1148 1013 1219 ἀδελφότησι
1042 1150 1129 1203 διά
1154 1152 1252 1222 τῆς
1281 1154 1580 1225 μοναχικῆς
1603 1154 1822 1208 τελειώ-

244 1258 394 1304 σεως
426 1241 796 1310 προστέταχε·
830 1240 926 1293 καὶ
963 1239 1147 1294 ἔκτοτε
1185 1242 1642 1314 μετατιθεμένους
1684 1248 1821 1317 πρὸς

240 1330 341 1383 τὸν
370 1328 682 1383 κοινωνικὸν
707 1329 841 1400 βίον,
864 1331 922 1397 ἐξ
944 1331 1257 1402 ἀνατροπῆς
1282 1336 1544 1406 πονηρᾶς,
1570 1337 1703 1407 μηδὲ
1727 1338 1821 1391 θύ-

243 1439 353 1493 ραν
380 1423 693 1490 ἁνοίγεσθαι
734 1422 921 1487 αὐτοῖς
962 1425 1102 1479 κατὰ
1142 1425 1302 1497 ψιλὴν
1341 1429 1637 1498 παράδοσιν
1658 1430 1816 1501 [(3οά.

241 1513 384 1583 Reg.
419 1513 692 1586 περίοδον]
741 1514 801 1580 ἐξ
828 1508 903 1567 ὧν
926 1516 1243 1588 ἀπέστησαν
1266 1520 1607 1574 κεκέλευκεν.
1635 1522 1820 1575 Ἔνδο-

239 1606 341 1659 θεν
387 1604 445 1658 δὲ
489 1605 582 1659 τοῦ
617 1608 1014 1677 προειρημένου
1058 1609 1241 1684 ἔτους..
1274 1612 1321 1664 εί
1351 1611 1427 1683 μὴ
1457 1613 1819 1684 αἱρουμένους

238 1695 338 1751 τὸν
386 1700 446 1751 ὲν
495 1697 763 1769 παρθενίᾳ
806 1699 941 1766 βίον,
978 1701 1011 1770 ἢ
1046 1702 1141 1754 καὶ
1167 1704 1544 1773 αἱρουμένους,
1575 1706 1712 1760 ἀλλά
1742 1707 1818 1780 μὴ

239 1788 505 1852 θέλοντας
537 1789 967 1859 καταρτισθῆναι
1014 1792 1153 1861 πρὸς
1182 1793 1280 1864 τὴν
1313 1798 1612 1868 μοναχικὴν
1636 1797 1780 1869 ζωὴν
1800 1838 1815 1865 ,

236 1878 660 1949 ἀποκρίνεσθαι,
689 1879 781 1932 καὶ
806 1860 1345 1951 ἀποπέμπεσθαιῄεὶς
1375 1860 1814 1945 τὸντκοίνωνικὸν
1850 1860 1891 1914 Β

238 1972 363 2041 βίον
395 1986 409 2000 ’
460 1971 533 2034 ὡς
584 1971 659 2040 μὴ
704 1971 879 2042 ὀνείδη
954 1973 1289 2030 ἀνάπτεσθαι
1347 1976 1426 2049 τῷ
1490 1980 1619 2052 ἱερῷ
1692 1982 1810 2055 βίῳ.

236 2062 399 2134 |Cod.
430 2060 559 2131 Reg.
576 2062 910 2117 ἀνάπτεσθαι
930 2065 1051 2127 ταῖς
1071 2068 1394 2139 ἀποτυχίαις
1416 2072 1493 2143 τῷ
1514 2073 1641 2143 ἱερῷ
1662 2072 1811 2147 βίῳ].

239 2152 431 2207 Ταῦτα
458 2153 514 2206 δὲ
537 2154 657 2206 ἐπεὶ
687 2155 747 2206 οὐ
786 2156 1001 2219 πάντως
1032 2158 1272 2225 γίνονται
1297 2159 1354 2212 ἐν
1380 2178 1489 2215 τισι
1517 2162 1699 2228 καθὼς
1727 2166 1813 2219 ὲν-

238 2245 515 2310 τέταλται,
552 2244 690 2300 ἀλλὰ
741 2247 1093 2318 ἀποκείρουσι
1140 2252 1398 2320 νηπιόθεν
1420 2254 1492 2323 ’ἢ
1541 2256 1638 2309 καὶ
1674 2261 1816 2311 κατά

238 2334 460 2405 ⁴ἡλικίαν
494 2334 735 2405 ἔννομον,
784 2337 899 2390 ἀλλ’
923 2338 983 2390 οὐ
1010 2339 1274 2411 νομίμως,
1306 2345 1400 2397 καὶ
1444 2353 1815 2420 κατηρτισμέ-

238 2443 383 2489 νωςο
418 2426 507 2479 διὰ
543 2428 701 2481 τοῦτο
734 2428 802 2481 τά
824 2429 937 2483 άνω
979 2431 1129 2486 κάτω
1155 2447 1169 2461 ·
1202 2436 1296 2488 καὶ
1343 2437 1520 2508 ἱερεὺς
1552 2442 1647 2493 καὶ
1680 2461 1813 2514 προ-

238 2520 428 2591 φήτης
452 2519 766 2590 ἐξέστησαν,
796 2520 937 2573 κατὰ
963 2522 1023 2575 τὸ
1050 2528 1436 2597 γεγραμμένον
1457 2546 1471 2559 ο
1503 2533 1597 2585 καὶ
1624 2535 1813 2605 μυριό-

233 2607 390 2672 δοξος
423 2607 738 2678 παράδοσις,
782 2612 877 2663 καὶ
926 2612 1245 2684 αὐτόκριτος
1290 2620 1599 2689 νομοθεσία,
1636 2625 1695 2677 οὐ
1724 2626 1813 2679 διὰ

236 2695 446 2765 φιλίαν,
485 2695 620 2748 ἀλλά
673 2697 761 2751 διὰ
797 2699 1192 2772 φιλαργυρίαν’
1219 2704 1337 2757 οὐδὲ
1377 2707 1465 2760 διὰ
1516 2712 1810 2782 σωτηρίαν,

235 2787 375 2841 ἀλλά
408 2787 495 2840 διὰ
530 2788 888 2861 φιλοκερδίαν.
916 2793 1025 2845 Καὶ
1058 2794 1194 2864 πρὸς
1226 2795 1399 2850 ταῦτα
1431 2799 1542 2868 ἐγὼ
1584 2804 1613 2855 ὀ
1644 2805 1813 2866 τάλας

236 2879 630 2950 ἀποκρίνεσθαι
659 2882 759 2934 οὐκ
790 2882 920 2953 ἔχω,
954 2884 987 2955 ἢ
1012 2886 1218 2939 στένειν
1251 2889 1344 2941 καὶ
1374 2892 1809 2962 σκυθρωπάζειν,

238 2970 451 3033 καὶτὰς
478 2972 687 3024 ἑαυτῶν
712 2974 985 3045 ἁμαρτίας
1010 2976 1328 3032 ἀποκλαίειν
1348 2994 1362 3009 '
1387 2983 1451 3035 σὺ
1474 2983 1531 3036 δὲ
1557 2986 1809 3057 σωθείηε,

242 3064 432 3116 τέκνον
465 3064 653 3133 ὴγαπη
662 3066 841 3135 μένον.

448 3178 631 3246 ΡΞΕΤ.
660 3179 773 3251 (58)
792 3210 864 3220 —
886 3183 1220 3250 Θεοκτίστῳ
1243 3187 1512 3260 ἐρημίτῃ.
1543 3194 1691 3271 [ψδη]

1928 617 2261 686 praescripsit
2311 617 2380 673 iis
2403 618 2496 688 qui
2531 618 2679 687 ipsos
2736 620 3097 690 receperint:
3160 622 3324 693 idque
3368 624 3505 679 liber

1924 708 2179 778 explicat,
2218 717 2272 764 et
2306 718 2366 763 ut
2395 710 2605 781 singula
2649 711 2737 765 hic
2764 713 2832 767 ad
2896 714 3122 769 verbum
3181 717 3502 783 recitentur,

1924 810 2138 871 tempus
2168 817 2274 856 non
2309 801 2559 858 sulliciat.
2582 803 2873 869 Caeterum,
2899 806 2993 860 ubi
3016 806 3180 875 plane
3214 821 3500 877 compotes

1923 892 2154 947 rationis
2180 892 2291 961 jam
2326 904 2472 957 sunt,
2505 894 2607 948 hoc
2658 905 2743 948 est
2772 895 2839 949 ab
2879 910 3022 951 anno
3057 899 3231 952 aetatis
3284 900 3501 955 decimo

1923 992 2078 1038 sexto
2107 994 2161 1037 et
2184 984 2347 1048 ultra,
2381 994 2511 1040 tunc
2537 1002 2660 1039 cum
2703 997 2755 1040 et
2785 988 3024 1043 honores
3064 999 3119 1042 et
3175 1005 3351 1059 poena:
3413 991 3502 1046 lo-

1922 1091 2045 1131 cum
2078 1075 2298 1141 habent,
2343 1085 2402 1130 ut
2447 1077 2561 1146 ipse
2613 1078 2720 1142 ait,
2744 1080 2810 1133 de
2845 1079 2952 1135 illis
2983 1080 3173 1145 statui,
3210 1091 3265 1137 et
3300 1081 3500 1138 frater-

1922 1167 2078 1221 nitati
2127 1170 2273 1236 ipsos
2299 1182 2395 1235 per
2432 1170 2805 1223 monachicam
2837 1169 3227 1239 perfectionem
3274 1174 3500 1243 adiungi

1917 1258 2106 1329 jubet:
2135 1273 2201 1313 ex
2224 1275 2397 1329 eoque
2427 1268 2688 1329 tempore,
2724 1261 2768 1315 si
2808 1277 2903 1329 per
2934 1262 3237 1332 improbam
3266 1280 3502 1319 conver—

1922 1351 2129 1405 sionem
2163 1352 2331 1405 velint
2364 1351 2430 1405 ad
2466 1367 2811 1406 communem
2850 1355 3014 1407 vitam
3042 1355 3365 1421 transferri,
3397 1372 3501 1411 nec

1918 1441 2143 1511 januam
2180 1442 2312 1507 illis,
2348 1443 2518 1498 etiam
2564 1445 2792 1498 minimo
2840 1455 2963 1515 post
2985 1456 3251 1515 tempore,
3298 1446 3500 1515 aperiri

1921 1533 2092 1587 voluit
2130 1543 2187 1587 ut
2213 1534 2279 1588 ad
2309 1549 2371 1588 ea
2399 1535 2624 1589 redeant
2653 1551 2773 1605 quae
2806 1537 3166 1605 reliquerunt.
3214 1535 3360 1590 Intra
3411 1538 3499 1591 di-

1919 1634 2067 1680 ctum
2103 1636 2281 1680 autem
2330 1642 2562 1691 annum,
2586 1628 2678 1696 qui
2717 1643 2824 1681 non
2870 1629 3137 1698 elegerint
3175 1630 3341 1684 vitam
3387 1629 3502 1683 vir-

1919 1715 2176 1785 ginalem,
2204 1723 2298 1768 aut
2322 1717 2583 1786 elegerint
2610 1718 2851 1785 quidem,
2883 1718 2977 1773 sed
3008 1716 3078 1772 ad
3118 1718 3243 1772 vitae
3306 1734 3501 1772 mona-

1920 1807 2088 1863 chica:
2113 1806 2500 1877 perfectionem
2536 1808 2713 1862 nolint
2736 1809 3067 1865 contendere
3098 1850 3113 1875 ,
3160 1810 3260 1865 hos
3286 1811 3498 1866 secerni

1918 1898 2072 1969 jubet
2100 1910 2153 1955 et
2186 1900 2250 1953 ad
2285 1916 2630 1955 communem
2667 1900 2835 1959 vitam
2888 1901 3192 1965 amandari,
3220 1918 3286 1955 ne
3328 1915 3500 1956 sacrae

1916 1992 2043 2046 vitae
2072 1991 2349 2046 infamiam
2382 1992 2623 2047 inurant.
2644 1991 2779 2059 Quae
2802 1993 3061 2063 quoniam
3088 1994 3143 2048 in
3170 1993 3497 2063 quibusdam

1917 2100 2025 2139 non
2054 2085 2124 2138 ita
2156 2099 2382 2154 prorsus
2404 2085 2539 2139 fiunt
2569 2094 2628 2138 ut
2668 2094 2932 2155 praecepta
2972 2094 3120 2152 sunt,
3155 2085 3248 2140 sed
3274 2086 3501 2140 tonden-

1919 2188 2007 2232 tur
2035 2176 2104 2230 ab
2130 2175 2355 2229 infantia
2385 2194 2400 2243 ;
2442 2185 2537 2230 aut
2560 2176 2606 2230 si
2636 2176 2877 2245 legitima
2911 2186 3093 2243 aetate,
3134 2185 3190 2231 at
3217 2191 3323 2231 non
3359 2178 3496 2249 legi-

1915 2269 2049 2323 time
2084 2276 2139 2323 et
2166 2266 2402 2337 perfecte
2441 2286 2457 2334 ;
2513 2277 2799 2336 propterea
2846 2283 3048 2337 susque
3086 2267 3262 2338 deque
3288 2272 3495 2331 omnia,

1914 2371 1970 2417 et
2001 2362 2257 2417 sacerdos
2295 2371 2351 2416 et
2399 2364 2659 2432 propheta
2706 2373 2886 2418 mente
2915 2364 3138 2419 alienati
3167 2376 3315 2430 sunt,
3352 2364 3498 2420 sicut

1915 2450 2181 2519 scriptum
2235 2458 2318 2505 est
2344 2450 2426 2516 ",
2464 2461 2517 2505 et
2567 2466 2798 2506 numero
2851 2452 3062 2506 infinita
3112 2451 3334 2507 traditio
3394 2467 3496 2521 pro

1914 2540 2142 2595 arbitrio
2173 2540 2460 2610 cujusque,
2492 2551 2547 2596 et
2574 2557 2736 2612 quam
2778 2557 2878 2596 suo
2902 2544 3133 2613 quisque
3159 2542 3367 2613 judicio
3386 2544 3496 2597 tin-

1914 2632 1991 2702 git
2019 2632 2312 2703 legislatio,
2352 2648 2459 2687 non
2494 2649 2560 2688 ex
2610 2634 2924 2701 dilectione,
2964 2636 3059 2690 sed
3086 2652 3152 2690 ex
3203 2636 3433 2689 avaritia
3474 2652 3490 2691 :

1915 2739 2091 2794 neque
2123 2723 2339 2790 salutis,
2378 2724 2471 2779 sed
2502 2724 2637 2779 lucri
2673 2725 2879 2779 studio.
2916 2725 2981 2779 Et
3010 2725 3077 2778 ad
3102 2725 3217 2778 lucc
3252 2739 3354 2795 ego
3387 2724 3493 2778 mi-

1915 2832 2004 2872 ser
2033 2815 2163 2888 quid
2188 2816 2543 2884 respondeam
2578 2833 2686 2870 non
2714 2817 2888 2872 habeo
2923 2858 2938 2883 ,
2961 2816 3066 2871 nisi
3102 2828 3159 2869 ut
3188 2824 3407 2886 gemant
3436 2826 3495 2872 et

1914 2911 2233 2975 tristentur,
2263 2919 2317 2965 et
2346 2924 2445 2965 sua
2480 2910 2722 2979 ipsorum
2755 2920 2974 2981 peccata
3001 2909 3233 2965 defleant
3264 2928 3277 2965 :
3315 2919 3368 2965 tn
3401 2924 3493 2965 ve-

1913 3019 1975 3056 ro
2005 3003 2189 3058 salvus
2211 3001 2313 3071 sis,
2338 3002 2413 3057 fili
2448 3002 2667 3057 dilecte.

2278 3199 2877 3256 CLXVl.—Theoclisto
2906 3203 3156 3259 eremitw.

1095 3296 1172 3347 De
1195 3297 1406 3351 diversis
1429 3309 1733 3368 argumentis
1754 3325 1767 3362 :
1791 3320 1843 3363 et
1864 3312 1917 3362 in
1938 3313 2034 3361 line
2054 3312 2117 3362 de
2137 3311 2289 3362 sacris
2310 3308 2625 3373 imaginibus.

305 3390 606 3461 Δεξάμενος
654 3393 715 3446 τὸ
754 3398 1131 3467 γραμματεῖον
1179 3401 1281 3471 τῆς
1323 3406 1638 3478 τιμιότητός
1684 3428 1800 3472 σου.

1976 3414 2199 3468 Brevem
2229 3415 2514 3483 epistolam
2578 3416 2896 3469 reverentiae
2972 3426 3077 3472 tua
3136 3434 3258 3475 cum
3323 3436 3487 3481 acce-

233 3487 333 3541 καὶ
372 3488 636 3552 ἀναγνοὺς
681 3488 761 3549 εἱς
794 3490 1027 3559 ἐπήκοον
1073 3492 1168 3544 τοῦ
1204 3494 1618 3566 θεοφιλεστάτου
1647 3504 1804 3576 ἀρχι-

233 3578 536 3631 επισκόπου
558 3580 651 3632 καὶ
678 3578 907 3649 ἀδελφοῦ
934 3599 1056 3652 μου,
1090 3585 1203 3654 ἅμα
1230 3591 1345 3652 τοῖς
1375 3584 1623 3648 συνοῦσιν
1647 3597 1802 3650 ἀδελ-

233 3673 354 3738 φοῖς
374 3686 389 3701 ·
421 3671 797 3743 ηὑχαρίστησα
840 3675 868 3725 ὀ
894 3675 1148 3739 ταπεινὸς
1172 3678 1250 3748 τῷ
1282 3682 1472 3755 Κυρίῳ
1495 3726 1511 3751 ,
1537 3685 1595 3749 ὃς
1623 3688 1801 3744 ἔκλινε

232 3762 333 3831 τὴν
364 3762 595 3831 καρδίαν
634 3781 726 3816 σου
756 3765 961 3835 γράψαι
987 3767 1163 3838 ὀρθῶς
1185 3771 1247 3823 τὸ
1272 3774 1369 3843 τῆς
1394 3776 1631 3841 πίστεως
1660 3780 1799 3851 σύμ-

234 3853 412 3908 δολον.
448 3854 520 3907 Τὸ
554 3855 662 3925 γὰρ
693 3858 977 3927 ὁμολογεῖν
1019 3858 1269 3929 δέχεσθαι
1306 3867 1408 3935 τὴν
1436 3869 1677 3923 Παλαιὰν
1704 3874 1801 3925 καὶ

231 3945 378 3998 Νέαν
408 3945 704 4017 Διαθήκην,
735 3950 829 4001 καὶ
864 3950 1041 4004 πάντα
1070 3954 1138 4004 τὰ
1167 3952 1272 4006 ὑπὸ
1297 3957 1406 4011 τῶν
1434 3960 1606 4027 άγίων
1626 3964 1797 4017 Πατέ-

234 4052 345 4103 ρων
372 4037 777 4109 παραδεδομένα
792 4044 858 4112 τῇ
886 4042 1183 4115 Ἐκκλησία
1205 4047 1297 4099 τοῦ
1322 4050 1800 4121 Θεοῦ,’κεφαλαιω-

229 4126 389 4198 δῶςή
420 4128 649 4200 ὀρθότης
677 4131 793 4184 ἐστὶ
823 4135 922 4204 τῆς
957 4133 1211 4199 πίστεως.
1257 4139 1473 4213 Ἐπειδὴ
1505 4143 1562 4197 δὲ
1591 4147 1797 4217 αἱρετι-

227 4223 346 4281 xor;
393 4217 507 4272 ἔστι
552 4220 725 4275 ταῦτα
759 4222 959 4293 λέγειν,
1005 4225 1064 4278 οὐ
1113 4227 1218 4298 μὴν
1252 4232 1601 4302 εὑρίσκεσθαι
1653 4244 1797 4294 κατά

226 4312 353 4372 τοὺς
403 4309 593 4378 λόγους
641 4313 819 4367 αὐτῶν
861 4315 1286 4387 ὀρθοτομοῦντας
1350 4326 1440 4379 τὸν
1488 4328 1645 4398 λόγον
1694 4334 1794 4404 τῆς

225 4400 485 4491 ἀληθείας
504 4419 519 4433 ·
550 4402 637 4455 διὰ
661 4402 818 4457 τοῦτο
842 4407 991 4476 παρὰ
1016 4410 1124 4462 τῶν
1150 4414 1507 4482 πεμφθέντων
1530 4400 1791 4491 ἀδελφῶν,

226 4490 324 4545 καὶ
354 4492 588 4561 μάλιστα
617 4494 766 4565 παρά
792 4496 885 4548 τοῦ
910 4496 1053 4552 ἀὸὀᾶ
1078 4502 1426 4578 Σωσιπάτρου
1455 4511 1794 4586 ὲπεζητήσα-

229 4600 330 4653 μεν
346 4584 418 4676 Arb-
446 4584 860 4676 ἀκριβὲςηιαθά
888 4591 981 4643 καὶ
1008 4592 1279 4665 ἐζήτησας
1312 4600 1370 4650 ὲν
1398 4602 1507 4663 τοῖς
1534 4584 1793 4676 γράμμα-

226 4690 279 4725 σι
298 4689 311 4702 ·
340 4672 430 4727 διὰ
458 4673 517 4726 τὸ
549 4674 624 4744 μὴ
648 4674 824 4728 πάντα
852 4678 1114 4749 ἐγχωρεῖν
1141 4683 1504 4753 ἀπαγγέλλειν
1539 4672 1791 4758 την-ἐπι-

1905 3508 2130 3576 pissem,
2166 3507 2525 3577 legissuttque
2558 3507 2812 3561 audiente
2852 3508 2943 3562 Dei
2987 3512 3367 3571 amantissimo
3398 3534 3488 3573 ar-

1904 3599 2252 3667 chiepiscopo
2289 3609 2342 3651 et
2371 3600 2537 3653 fratre
2567 3614 2706 3663 meo,
2753 3617 2855 3652 una
2894 3618 3018 3657 cum
3062 3604 3324 3665 fratribus
3387 3613 3482 3682 qui

1902 3692 2163 3757 aderant;
2197 3690 2425 3745 Domino
2475 3694 2697 3748 humilis
2727 3712 2825 3764 ego
2876 3697 3080 3766 gratias
3124 3701 3230 3769 egi,
3273 3703 3485 3771 qnicor

1903 3793 2054 3836 tuum
2087 3784 2305 3843 inllcxit.
2339 3794 2397 3837 ut
2425 3787 2872 3857 lideisymhnlum
2908 3801 3054 3842 recte
3085 3793 3478 3859 perscriberes.

1901 3874 2053 3939 Quod
2089 3874 2232 3927 enim
2267 3877 2545 3928 confiteris
2615 3889 2665 3929 te
2702 3875 2867 3931 Vetus
2924 3876 3250 3949 Novumque
3288 3881 3481 3938 Testa-

1902 3976 2142 4019 mentum
2176 3966 2439 4035 recipere,
2482 3968 2755 4037 simulque
2806 3970 2990 4023 omnia
3035 3986 3157 4039 quae
3207 3987 3238 4025 a
3272 3976 3477 4031 sanctis

1899 4058 2150 4111 l’atribus
2181 4060 2377 4111 tradita
2406 4068 2535 4112 sunt
2568 4058 2825 4114 Ecclesia:
2848 4059 2964 4127 Dei,
2995 4073 3139 4116 recta
3185 4073 3271 4119 est
3312 4074 3479 4136 atque

1899 4150 2084 4203 ornnia
2140 4150 2379 4205 breviter
2432 4153 2801 4221 complectens
2860 4153 2980 4207 fidei
3010 4154 3302 4223 professio.
3367 4156 3474 4213 Sed

1897 4242 2023 4306 quia
2058 4239 2290 4293 haeretici
2321 4241 2482 4294 etiam
2509 4242 2624 4296 [nec
2654 4243 2834 4298 dicere
2864 4244 3063 4307 solent.
3130 4262 3231 4302 nec
3287 4257 3473 4305 tamen

1897 4340 2062 4397 recte,
2096 4332 2278 4401 utipsi
2310 4333 2539 4401 jactant,
2597 4336 2841 4391 veritatis
2869 4336 3172 4393 doctrinam
3194 4342 3473 4410 explicare

1894 4422 2417 4491 deprehenduntur:
2472 4424 2679 4481 idcirco
2756 4427 2825 4482 ab
2877 4428 2944 4484 iis
3004 4431 3096 4500 qui
3140 4432 3295 4487 missi
3344 4446 3474 4490 sunt

1894 4512 2175 4576 fratribus,
2200 4513 2542 4584 maximeque
2566 4514 2635 4569 ab
2676 4515 2872 4571 abbate
2922 4516 3203 4589 Sosipatro
3235 4537 3350 4578 rem
3372 4541 3469 4579 ex-

1892 4605 2217 4673 quisivimus
2241 4648 2256 4669 ,
2292 4608 2750 4675 quemadmodum
2782 4610 2897 4679 ipse
2932 4626 3026 4679 per
3053 4613 3262 4667 litteras
3283 4626 3472 4685 postu-

1894 4698 2037 4751 laras
2066 4713 2082 4754 :
2128 4712 2194 4752 eo
2222 4698 2369 4766 (μιοά
2397 4699 2581 4754 omnia
2615 4702 2902 4755 enuntiare
2928 4718 3031 4757 non
3056 4717 3241 4773 posset
3263 4710 3471 4776 episto-

225 4761 447 4832 στολήνο
481 4766 574 4817 καὶ¹
598 4766 830 4837 εὕρομεν
862 4770 1043 4839 χάριτι
1064 4773 1325 4842 Χριστοῦ,
1354 4777 1789 4847 ἀπαγγέλλοντας

1915 4803 1941 4839 a
1971 4757 2322 4856 :Christique
2359 4786 2624 4844 beneficio
2681 4757 3086 4861 comperimus:
3154 4757 3467 4854 orthddoxe

222 4853 419 4917 αὐτοὺς
450 4855 792 4926 ὀρθοφρόνως
823 4860 890 4912 τὰ
918 4862 1089 4933 παρὲκ
1114 4863 1208 4917 σοῦ
1243 4867 1427 4933 αὐτοῖς
1459 4875 1786 4942 παρατιθέν-

220 4961 309 4996 τα.
338 4944 472 4998 Τίνα
499 4946 557 4999 δὲ
587 4948 793 5015 ταῦτα;
838 4950 946 5004 δεῖν
977 4955 1035 5007 ὲν
1059 4956 1374 5023 κεφαλαίοις
1407 4962 1787 5037 ἐπισημανθῆ-

225 5052 336 5088 ναι.
367 5034 589 5128 Πρῶτον
620 5039 745 5109 περὶ
773 5042 871 5111 τῆς
897 5043 1060 5111 ἁγίας
1084 5045 1346 5103 Θεοτόκου
1365 5068 1379 5083 ⁸
1412 5056 1541 5122 φασὶ
1571 5056 1675 5128 γὰρ
1700 5034 1788 5113 λέ-

222 5139 343 5191 γειν
390 5140 471 5190 σε,
513 5126 596 5179 ὅτι
642 5128 749 5198 πρὸ
793 5130 902 5186 τῶν
952 5133 1166 5189 αίὼνων
1220 5140 1253 5208 ή
1281 5141 1575 5210 Παρθένος.
1618 5126 1789 5200 Τοῦτο

221 5213 408 5280 ἐπειδὴ
445 5217 677 5288 ἀρνῆσαι
730 5222 866 5292 μήτε
919 5222 1116 5293 λέγειν,
1150 5228 1290 5300 μήτε
1318 5231 1375 5285 δὲ
1410 5237 1642 5305 φρονεῖν,
1671 5239 1786 5293 ἀλλ’

214 5306 495 5374 ὁμολογεῖν
522 5309 582 5373 ἐξ
612 5310 802 5382 ἀνδρὸς
825 5314 919 5367 καὶ
951 5320 1211 5384 γυναικὸς
1251 5323 1505 5396 Ἰωακεὶμ
1540 5329 1634 5381 καὶ
1656 5331 1786 5383 Ἀν-

215 5413 311 5491 an;
345 5399 605 5491 τετάχθαι
628 5403 818 5474 αὐτὴν,
855 5402 913 5459 εὖ
946 5407 1011 5461 ἂν
1044 5410 1177 5481 ἔχοι.
1210 5416 1492 5489 Δεύτερον,
1524 5422 1654 5491 περὶ
1689 5423 1782 5476 τοῦ

217 5486 440 5557 Κυρίου,
483 5490 565 5543 ὄτι
612 5492 710 5545 οὐκ
748 5497 1090 5570 ἐσταυρώθη.
1141 5502 1357 5581 Ἐπειδὴ
1384 5486 1459 5563 *δὲ
1500 5486 1782 5582 ὁμολογεῖς

307 5602 353 5635 ⁸⁸
427 5602 532 5661 lsa.
617 5621 825 5671 xxvtn,
885 5610 935 5665 7.

1893 4879 1962 4933 ab
1994 4878 2129 4947 ipsis
2172 4878 2363 4934 referri
2417 4896 2539 4951 qua:
2558 4890 2613 4937 tu
2636 4883 2744 4938 illis
2775 4886 3150 4942 commiseras.
3201 4888 3465 4954 Quaenam

1894 4970 2007 5024 haec
2048 4980 2175 5026 sunt
2211 4972 2234 5025 ?
2261 4987 2484 5028 necesse
2507 4974 2650 5029 enim
2680 4984 2763 5030 est
2792 4986 2925 5031 utea
2958 4978 3292 5047 capitulatim
3319 4982 3467 5037 desi-

1892 5069 2156 5129 gnentur.
2183 5060 2451 5126 Primum,
2505 5064 2573 5117 de
2604 5074 2792 5119 sancta
2823 5065 3055 5135 Deipara
3084 5087 3099 5124 :
3136 5070 3290 5124 aiunt
3315 5073 3464 5127 enim

1889 5149 2072 5206 dicere
2118 5161 2190 5217 te,
2249 5151 2523 5223 Virginem
2565 5164 2692 5210 ante
2743 5158 2944 5212 saecula
2976 5160 3280 5216 exstitisse.
3346 5161 3465 5220 Hoc

1888 5243 2015 5311 quia
2042 5259 2209 5315 negas
2240 5253 2291 5299 te
2314 5245 2396 5299 vel
2424 5245 2607 5302 dicere
2654 5248 2739 5303 vel
2776 5250 3000 5315 sentire,
3037 5252 3132 5307 sed
3185 5254 3464 5311 confiteris

1887 5334 2033 5389 illam
2068 5350 2135 5390 ex
2154 5336 2269 5392 viro
2299 5346 2353 5391 et
2376 5339 2597 5405 femina,
2633 5338 2881 5397 Joachim
2914 5353 2968 5397 et
2999 5343 3178 5410 Anna,
3204 5348 3460 5416 progeni-

1886 5436 2036 5494 Iam,
2095 5429 2233 5485 bene
2280 5430 2465 5485 habet.
2508 5433 2841 5497 Secundum,
2882 5437 2949 5491 de
3004 5435 3257 5503 Domino,
3311 5441 3458 5510 quod

1886 5518 2177 5579 cruciﬁxus
2212 5520 2468 5579 nonfuit.
2501 5522 2771 5591 Quoniam
2794 5534 2975 5584 autem
3014 5529 3291 5587 confiteris
3322 5547 3454 5587 eruo

1706 5709 1933 5771 NOTAS.

282 5808 393 5880 (58)
422 5809 479 5867 In
506 5813 627 5867 cod.
653 5812 787 5886 Reg.
826 5824 961 5886 ρνη’.
