4184 6480
740 399 765 464 1
779 400 881 461 527

2022 399 2415 460 THEODORI
2447 400 2795 462 STUDITE

3848 397 3999 466 1528

729 509 1145 566 cillxuml’ulsse
1178 513 1474 567 secundum
1531 513 1866 583 Scripturas,
1927 515 2064 568 bene
2119 516 2302 569 habet.

2410 514 2781 585 ἐσταυρῶσθαι
2839 513 3000 567 αὑτὸν
3049 512 3188 566 κατά
3223 512 3321 575 τὰς
3354 513 3600 583 Γραφάς,
3629 509 3691 566 εὖ
3732 513 3803 566 ἀν
3846 514 3996 583 ἔχοι.

730 603 1018 666 Tertium,
1077 604 1144 659 de
1167 606 1374 675 angelis
1436 615 1492 661 et
1573 606 2133 675 daemonibuszquod
2183 617 2306 676 post

726 697 990 766 judicium
1018 696 1199 753 futura
1214 707 1300 753 est
1321 699 1517 752 iterum
1556 700 1830 753 restitutio
1859 701 1912 753 in
1968 701 2257 770 pristinum
2285 741 2301 764 ,

723 788 917 856 lietque
945 802 1110 838 unum
1147 788 1300 852 ovile,
1335 798 1385 841 et
1429 804 1562 840 unus
1589 799 1773 853 pauor
1805 789 1850 820 “
1876 829 1890 843 .
1932 788 1998 843 Et
2029 793 2155 859 quia
2204 790 2308 843 hoc

730 893 894 947 negas
917 918 931 942 ,
964 877 1262 948 faterisque
1288 888 1546 934 aeternam
1580 881 1695 934 fore
1734 892 1846 934 tum
1874 883 2305 945 damnationem,

729 979 841 1021 tum
876 986 1102 1040 regnum
1136 971 1424 1037 caelorum,
1457 971 1594 1026 bene
1642 973 1822 1026 habet.
1889 976 2182 1038 Quartum,
2239 974 2307 1027 de

731 1069 1003 1114 monacho
1037 1076 1387 1132 unoquoque,
1451 1060 1594 1133 quod
1631 1065 1804 1132 possit
1865 1064 2041 1133 pmnis
2078 1065 2308 1118 liberare

729 1159 949 1203 centum
975 1151 1373 1222 quinquaginta
1417 1154 1725 1208 damnatos.
1776 1153 1840 1207 Et
1893 1157 2151 1225 quoniam
2208 1157 2310 1210 hoc

731 1257 918 1310 negas,
951 1254 1004 1296 et
1035 1243 1180 1297 dicis
1215 1260 1316 1298 nec
1346 1247 1722 1315 pmuitentiam
1748 1262 1870 1301 esse
1899 1259 2019 1317 post
2055 1258 2308 1310 mortem,

729 1347 832 1385 nec
853 1348 1184 1403 quemquam
1212 1337 1305 1404 qui
1344 1338 1518 1406 possit
1547 1339 1616 1391 ab
1644 1338 1864 1393 inﬂictis
1912 1355 1942 1392 a
1971 1339 2079 1392 Deo
2136 1342 2310 1410 poenis

725 1443 938 1494 eruere,
975 1430 1109 1485 bene
1139 1433 1318 1485 habet.
1354 1432 1641 1498 Quintum,
1690 1435 1756 1488 de
1786 1434 1950 1497 libro,
1982 1436 2075 1503 qui
2104 1435 2312 1488 dicitur

726 1518 948 1575 AntOnii
981 1538 995 1588 ;
1031 1522 1175 1591 quod
1211 1540 1334 1577 eum
1361 1526 1510 1579 dicas
1564 1525 1757 1579 merito
1816 1525 2207 1592 recipiendum,
2257 1527 2310 1579 in

726 1623 837 1678 quo
861 1611 1027 1665 multa
1069 1623 1198 1667 sunt
1243 1614 1592 1683 blasphema;
1631 1619 1772 1671 sicut
1825 1616 1924 1685 ipsi
1947 1618 2181 1685 legentes
2221 1633 2312 1672 co-

2404 606 2616 676 Τρίτον,
2653 605 2780 675 περὶ
2821 604 2930 656 τῶν
2969 603 3218 671 ἀγγέλων
3264 603 3359 656 καὶ
3403 603 3510 655 τῶν
3552 604 3853 671 δαιμόνων,
3906 607 3995 658 ὅτι

2409 699 2547 766 μετὰ
2602 698 2699 764 τὴν
2729 695 2908 764 κρίσιν
2947 694 3391 754 ἀποκατάστασις
3430 694 3586 746 ἔσται
3628 695 3792 747 πάλιν
3819 712 3833 725 ·
3887 701 3997 752 καί

2405 784 2724 853 γενήσεται
2764 785 2869 851 μία
2914 785 3157 851 ποίμνη,
3196 777 3284 848 εἷς
3324 783 3568 851 ποιμήν.
3623 785 3735 836 Καὶ
3797 786 3998 856 ἔπειδὴ

2405 877 2563 931 τοῦτο
2595 878 2927 947 ἀπαρνῆσαι,
2964 878 3057 929 καὶ
3103 876 3383 945 ὁμολογεῖς
3434 877 3652 930 αἰώνιον
3695 874 3842 930 εἶναι
3897 884 3999 931 καὶ

2407 973 2506 1037 τὴν
2539 971 2720 1039 κρίσιν
2763 971 2856 1022 καὶ
2895 969 2991 1040 τὴν
3041 970 3316 1039 βασιλείαν
3355 970 3462 1022 τῶν
3492 971 3760 1041 οὐρανῶν,
3811 967 3870 1024 εὖ
3927 971 4000 1023 ἂν

2409 1064 2541 1132 ἔχοι.
2575 1063 2845 1131 Τέταρτον
2896 1063 3022 1131 περὶ
3067 1061 3303 1130 μοναχοῦ
3333 1062 3470 1123 ἑνὸς,
3502 1062 3583 1114 ὅτι
3625 1062 3852 1115 δύναται
3888 1063 3999 1130 τῆς

2409 1153 2680 1212 κολάσεως
2716 1149 2979 1219 ῥύσασθαι
3010 1150 3203 1201 ἑκατὸν
3232 1152 3569 1217 πεντήκοντα
3599 1149 3995 1217 κρινομένους.

2411 1243 2518 1296 Καὶ
2542 1243 2726 1312 ἐπειδὴ
2756 1241 2914 1292 τοῦτο
2944 1240 3283 1310 άπαρνῆσαι,
3312 1240 3404 1290 καὶ
3431 1240 3624 1304 λέγεις,
3654 1243 3798 1307 μήτε
3828 1241 3993 1308 μετά-

2411 1353 2557 1387 νοιαν
2607 1330 2744 1385 εἶναι
2779 1333 2915 1400 μετά
2952 1332 3201 1394 θάνατον,
3239 1333 3374 1399 μήτε
3409 1333 3529 1383 τινὰ
3565 1330 3652 1382 τὸν
3681 1333 3994 1399 δυνάμενον

2411 1425 2688 1490 ἐξελέσθαι
2733 1425 2841 1477 ἀπὸ
2871 1425 2969 1492 τῆς
3006 1425 3069 1476 ἔκ
3096 1423 3188 1475 τοῦ
3213 1421 3356 1486 ,Θεοῦ
3386 1423 3829 1492 ἀπονεμηθείσης
3855 1425 3993 1477 ἑκά-

2415 1536 2522 1588 στῳ
2574 1519 2868 1581 κολάσεως,
2918 1512 2975 1569 εὖ
3023 1517 3088 1569 ἂν
3123 1517 3256 1584 ἔχοι.
3301 1515 3554 1584 Πέμπτον
3600 1515 3728 1584 περὶ
3775 1515 3993 1579 βιϐλίου

2412 1612 2504 1663 τοῦ
2548 1612 2936 1679 ἑπιλεγομένου
2976 1609 3068 1661 τοῦ
3105 1608 3425 1661 Ἀντωνίου’
3457 1607 3538 1659 ὅτι
3566 1607 3745 1674 λέγεις
3782 1609 3993 1661 εὐαπή-

727 1702 1044 1768 gnovimus.
1078 1704 1145 1762 Et
1171 1707 1428 1774 quoniam
1456 1707 1644 1761 fateris
1693 1716 1744 1760 te
1776 1709 1919 1760 hunc
1947 1708 2169 1776 rejicere
2196 1717 2311 1760 tan-

2413 1702 2598 1754 δεκτον
2640 1698 2776 1754 εἶναι
2809 1702 2866 1753 ἐν
2895 1694 2938 1766 ᾧ
2969 1699 3137 1752 πολλά
3167 1698 3478 1770 βλάσφημα,
3506 1700 3580 1762 ὡς
3622 1700 3786 1768 ἡμεῖς
3828 1701 3992 1753 αὐτοὶ

729 1809 896 1862 quam
931 1795 1169 1849 alienum
1207 1797 1276 1850 ab
1307 1796 1549 1852 Ecclesia
1599 1799 1714 1862 Dei,
1757 1814 1855 1852 nec
1887 1801 2119 1868 amplius
2149 1801 2313 1853 habe—

2416 1795 2737 1858 ἀναγνόντες
2772 1793 3034 1862 ἔγνωμεν.
3087 1793 3193 1846 Καὶ
3223 1793 3380 1845 τοῦτο
3424 1793 3656 1858 ἐπείπερ
3695 1795 3991 1862 ὁμολογεῖς

728 1898 788 1936 re
845 1892 938 1937 aut
971 1885 1488 1957 legereznequete,
1578 1902 1756 1956 neque
1814 1889 1932 1940 illos
1985 1890 2076 1956 qui
2129 1902 2306 1943 tecum

2413 1882 2812 1936 ἀποϐάλλεσθαι
2875 1859 2950 1944 ὡς
3018 1881 3298 1951 ἀλλότριον
3351 1882 3451 1950 τῆς
3510 1859 3986 1952 'Exxlnala;V105

727 1985 899 2041 sunt;
935 1977 1071 2030 bene
1125 1977 1305 2031 habet.
1388 1977 1824 2049 Benedictusque
1879 1981 1946 2035 sit
2006 1981 2167 2046 Deus,
2218 1982 2308 2050 qui

730 2067 999 2135 pnedictis
1033 2071 1307 2124 scandulis
1355 2087 1450 2124 vos
1500 2074 1798 2140 purgavit:
1857 2082 1911 2126 et
1969 2073 2308 2128 benedictum

733 2177 930 2215 nomen
957 2162 1144 2231 gloriae
1201 2165 1340 2231 ejus,
1379 2165 1523 2233 quod
1557 2165 1830 2234 persuasit
1888 2173 1947 2218 ut
1992 2167 2205 2220 diceres
2263 2177 2312 2219 te

733 2254 1004 2306 rusticum
1045 2268 1166 2309 esse
1229 2264 1392 2324 atque
1430 2257 1781 2324 imperitum,
1813 2273 2209 2326 cessurumque
2256 2258 2308 2311 in

731 2339 1012 2403 omnibus,
1046 2350 1100 2396 et
1161 2340 1664 2411 obtemperaturum
1733 2342 1914 2396 verbis
1991 2344 2312 2398 humilitatis

732 2446 884 2484 meas.

799 2603 911 2673 Ego
945 2620 1074 2659 vero
1117 2606 1252 2660 nihil
1281 2615 1468 2676 praeter
1499 2623 1562 2663 ea
1591 2623 1715 2677 qua
1747 2623 1777 2663 a
1841 2607 2046 2663 sanctis
2095 2618 2311 2678 aposto-

729 2696 794 2749 lis
821 2705 873 2748 et
892 2697 1172 2764 prophetis
1193 2709 1247 2751 et
1280 2697 1532 2753 Patribus
1551 2700 1817 2754 divinitus
1848 2701 2128 2754 enuntiata
2161 2710 2312 2763 sunt,

729 2788 975 2841 suadebo
1021 2787 1103 2840 vel
1160 2791 1509 2858 prmscribam
1561 2805 1577 2843 :
1632 2792 1727 2844 sed
1790 2794 1890 2846 hoc
1926 2794 2122 2862 ipsum,
2174 2796 2315 2847 sicut

728 2880 1022 2949 scripsisti,
1058 2890 1116 2932 ut
1169 2881 1364 2935 credas
1398 2882 1450 2935 in
1510 2892 1754 2934 sanctam
1795 2882 2135 2946 Trinitatem,
2173 2886 2313 2938 indi-

733 2973 1185 3030 visanressentia,
1237 2972 1466 3024 divisam
1507 2974 1958 3028 cltaracteribus:
2010 2977 2061 3028 in
2098 2975 2312 3028 Patrem

730 3075 782 3114 t't
821 3060 1019 3114 Filium
1048 3071 1105 3115 et
1163 3062 1425 3132 Spiritum
1521 3072 1815 3128 sanctum;
1868 3080 2036 3118 unum
2107 3065 2313 3126 Deum,

2412 1973 2568 2037 Θεοῦ,
2623 1975 2715 2026 καὶ
2763 1973 2960 2042 μηκέτι
3017 1962 3151 2042 μήτε
3197 1974 3340 2042 ἔχειν
3383 1975 3521 2043 μήτε
3557 1976 3985 2041 ἀναγινώσκειν,

2415 2067 2551 2134 μήτε
2577 2065 2656 2126 σὲ,
2695 2066 2832 2134 μήτε
2856 2065 2983 2126 τοὺς
3009 2066 3144 2131 μετὰ
3177 2065 3291 2126 σοῦ,
3331 2061 3390 2118 εὖ
3429 2065 3493 2118 ἂν
3521 2065 3654 2134 ἔχοι.
3690 2068 3802 2119 Καὶ
3834 2069 3987 2120 εὐλο-

2411 2155 2575 2224 γητὸς
2601 2157 2629 2208 6
2650 2156 2782 2214 Θεὸς
2809 2157 2836 2207 6
2863 2155 3231 2223 ποιησάμενος
3259 2157 3596 2225 καθαρισμὸν
3627 2160 3683 2212 ὲν
3720 2159 3853 2228 ὑμῖν
3875 2162 3987 2213 τῶν

2414 2247 2822 2315 προειρημένων
2854 2245 3162 2298 σκανδάλων
3182 2260 3196 2273 ·
3223 2245 3314 2297 καὶ
3334 2247 3694 2316 εὑλογημένον
3721 2249 3781 2302 τὸ
3810 2251 3985 2321 ὄνομα

2410 2337 2508 2400 τῆς
2542 2337 2697 2406 δόξης
2733 2337 2920 2402 αὑτοῦ,
2947 2337 3007 2389 τὸ
3039 2338 3232 2390 πεῖσαν
3267 2355 3324 2390 σε
3365 2341 3540 2391 εἰπεῖν
3571 2343 3808 2411 χωρικὸν
3842 2343 3984 2401 εἶναι

2413 2428 2507 2480 καὶ
2535 2428 2740 2497 ἀμαθῆ,
2777 2429 2871 2481 καὶ
2902 2430 3071 2481 εἴκειν
3100 2429 3242 2481 κατὰ
3270 2430 3446 2482 πάντα
3471 2432 3563 2484 καὶ
3587 2433 3875 2488 πείθεσθαι
3905 2436 3984 2506 τῷ

2413 2518 2555 2586 λόγῳ
2585 2521 2680 2587 τῆς
2709 2519 3088 2583 ταπεινώσεώς
3120 2538 3245 2586 μου.

2497 2609 2638 2674 Ἐγὼ
2662 2610 2718 2661 δὲ
2745 2611 2896 2662 οὐδὲν
2924 2613 3074 2681 παρὰ
3091 2613 3158 2664 τά
3188 2613 3420 2677 θειωδῶς
3450 2617 3841 2686 ὲκπεφασμένα
3871 2621 3982 2684 τοῖς

2415 2698 2587 2764 ἁγίοις
2627 2700 2940 2761 ἀποστόλοις
2963 2703 3055 2754 καὶ
3090 2705 3395 2771 προφήταις
3425 2707 3518 2758 καὶ
3549 2707 3819 2777 Πατράσι,
3851 2727 3983 2782 παρ-

2414 2791 2612 2842 αινέσω
2639 2791 2670 2858 ἢ
2697 2791 3047 2844 διατυπώσωο
3074 2794 3188 2846 ἀλλ’
3219 2796 3348 2848 αὐτὸ
3376 2796 3553 2860 τοῦτο,
3583 2798 3767 2863 καθὼς
3787 2801 3983 2871 γέγρα-

2415 2899 2542 2951 φας,
2579 2881 2853 2934 πιστεύειν
2883 2899 2940 2934 σε
2983 2884 3063 2946 είς
3093 2887 3193 2950 τὴν
3230 2887 3393 2954 ἀγίαν
3432 2889 3635 2958 Τριάδα
3662 2893 3759 2960 τὴν
3798 2894 3981 2964 ἀμερῆ

2414 2974 2534 3026 κατ’
2569 2973 2777 3038 οὐσίαν,
2807 2973 3188 3045 διαιρουμένην
3219 2975 3274 3028 δὲ
3312 2981 3423 3037 τοῖς
3456 2982 3830 3050 χαρακτῆρσιν
3854 3001 3868 3013 ·
3905 2986 3983 3046 είς

2416 3065 2635 3134 Πατέρα
2677 3067 2771 3118 καὶ
2811 3065 2935 3117 Υίὸν
2972 3069 3066 3118 καὶ
3101 3068 3255 3132 ᾰγιον
3296 3068 3536 3138 Πνεῦμα,
3570 3073 3662 3124 ἕνα
3692 3073 3848 3138 Θεὸν,
3887 3075 3984 3132 ἕνα

732 3171 902 3210 unum
944 3153 1231 3209 Dominum
1267 3173 1280 3208 :
1315 3154 1457 3209 sicut
1495 3164 1548 3208 ct
1575 3171 1680 3208 una
1725 3155 1876 3210 ﬁdes.
1926 3155 2018 3210 Est
2048 3167 2224 3211 autem
2266 3169 2311 3211 et

2420 3157 2640 3224 Κύριον,
2670 3157 2802 3208 καθὸ
2835 3159 2921 3209 καὶ
2964 3158 3059 3226 μία
3095 3159 3293 3221 πίστις.
3324 3159 3476 3211 Ἔστι
3518 3161 3575 3212 δὲ
3615 3164 3705 3214 καὶ
3735 3166 3763 3215 6
3791 3165 3982 3234 Πατὴρ

732 3243 892 3299 Pater
919 3245 1079 3305 Deus,
1109 3243 1346 3299 ctFilius
1375 3244 1538 3307 Deus,
1569 3256 1624 3300 et
1663 3246 1894 3317 Spiritus
1947 3249 2086 3303 Deus
2119 3267 2133 3314 ;
2205 3265 2311 3303 non

731 3346 841 3389 tres
873 3335 970 3395 dii,
999 3335 1181 3388 absit!
1229 3338 1319 3391 sed
1349 3353 1490 3390 unus
1540 3338 1707 3402 Deus,
1745 3341 2200 3406 quemadmodum
2260 3352 2314 3396 et

735 3427 1022 3481 Dominus.
1080 3426 1191 3481 lloc
1219 3439 1302 3483 est
1334 3428 1618 3499 theologia:
1651 3434 1865 3501 dogma.
1897 3433 1970 3486 De
2009 3437 2313 3489 meonomia

732 3529 914 3569 autem
947 3515 1188 3579 credere,
1236 3531 1404 3570 unum
1445 3517 1510 3568 de
1568 3532 1750 3571 saneta
1803 3519 2089 3583 Trinitate,
2140 3521 2315 3575 Patris

739 3609 1098 3676 beneplacilo,
1133 3618 1186 3660 ct
1211 3609 1595 3678 coaperatione
1620 3612 1794 3664 sancti
1829 3611 2082 3679 Spiritus,
2132 3615 2311 3666 incar-

733 3711 920 3755 natum
951 3717 1071 3754 esse
1130 3699 1196 3752 de
1224 3711 1407 3754 sancta
1445 3699 1692 3770 Deiparu,
1727 3707 2141 3772 superveniente
2167 3707 2216 3759 in
2253 3708 2314 3758 il.

735 3797 838 3845 lam
869 3792 1072 3860 Spiritu
1091 3801 1299 3852 sancto,
1332 3802 1385 3843 et
1417 3793 1487 3844 ita
1526 3795 1879 3848 obumbrante
1903 3796 2164 3850 Altissimi
2201 3800 2314 3851 vir-

734 3895 866 3946 tute,
901 3884 1046 3937 sicut
1097 3892 1182 3935 est
1215 3883 1266 3934 in
1300 3881 1591 3953 Evattgelio
1619 3886 1662 3916 "
1696 3903 1708 3950 ;
1739 3902 1801 3940 ex
1823 3904 1927 3955 qua
1956 3899 2008 3941 et
2043 3898 2202 3943 natus
2233 3901 2317 3943 est

735 3979 898 4029 homo
919 3974 1194 4044 perfectus
1237 3974 1398 4027 simul
1427 3985 1476 4027 et
1527 3976 1665 4029 Deus
1706 3978 2014 4046 perfectus;
2053 3997 2191 4033 unus
2221 3982 2315 4050 hy-

734 4070 965 4137 postasi,
992 4067 1191 4134 duplex
1251 4075 1481 4129 natura;
1516 4070 1976 4135 quemadmodum
2017 4071 2185 4124 divini
2217 4071 2314 4124 Pu-

734 4171 864 4222 tres,
895 4169 948 4212 et
976 4170 1179 4226 septem
1209 4169 1410 4210 sancta:
1437 4161 1781 4213 (Betitnetticat
1813 4163 2000 4231 synodi
2051 4181 2314 4233 exposue-

736 4264 880 4305 runt.
943 4249 1203 4304 Contiteii
1282 4251 1446 4302 etiam
1505 4251 1763 4319 Virginem
1835 4252 2118 4321 Dciparam
2171 4274 2311 4318 esse,

733 4350 989 4404 omnibus
1017 4345 1390 4399 sublimiorem
1441 4350 1493 4396 et
1542 4343 1940 4397 honoratiorem
1977 4364 1989 4411 ;
2035 4363 2153 4411 qua!
2201 4365 2315 4402 ma-

736 4455 890 4497 ιει-ιιο
918 4443 1039 4510 jure
1079 4440 1218 4508 apud
1261 4438 1456 4491 Filium
1489 4453 1644 4491 Stltllll
1708 4453 1769 4490 ac
1797 4436 2081 4491 Dominum
2148 4442 2315 4508 possit

2420 3246 2571 3309 Θεὸς,
2599 3247 2689 3298 καὶ
2712 3248 2739 3297 6
2769 3245 2890 3308 Υἱὸς
2925 3246 3074 3308 Θεὸς,
3107 3249 3200 3298 καὶ
3227 3247 3285 3297 τὸ
3313 3247 3530 3317 Πνεῦμα
3559 3250 3710 3317 Θεὸς,
3739 3253 3800 3304 οὐ
3836 3257 3983 3326 τρεῖς

2420 3335 2562 3398 Θεοὶ,
2589 3337 2662 3406 μὴ
2689 3337 2924 3403 γένοιτοι
2959 3337 3074 3388 ἀλλ’
3104 3333 3182 3399 εἷς
3207 3338 3338 3399 Θεὸς
3363 3381 3376 3404 ,
3414 3338 3601 3410 ὥσπερ
3629 3345 3721 3394 καὶ
3758 3344 3980 3414 Κύριος.

2420 3425 2592 3477 Τοῦτο
2621 3428 2713 3494 τῆς
2743 3428 3017 3495 θεολογίας
3054 3429 3110 3480 τὸ
3139 3429 3336 3496 δόγμα.
3369 3431 3501 3499 Περὶ
3534 3430 3632 3498 τῆς
3671 3435 3981 3505 οἰκονομίας

2420 3517 2716 3580 πιστεύειν,
2751 3521 2830 3570 ὅτι
2876 3521 2904 3570 ὁ
2935 3517 3010 3582 εἷς
3052 3523 3149 3590 τῆς
3191 3520 3436 3590 Τριάδος,
3477 3522 3828 3593 εὐδοκίςι.τοῦ
3875 3529 3981 3580 Πα-

2420 3611 2566 3678 τρὸς,
2601 3611 2692 3661 καὶ
2735 3613 2993 3680 συνεργία
3018 3609 3110 3662 τοῦ
3143 3612 3296 3677 ἀγίου
3328 3612 3660 3682 Πνεῦματος,
3695 3615 3979 3688 ἑσαρκώθη

2421 3704 2483 3754 ὲκ
2513 3703 2610 3769 τῆς
2639 3701 2796 3766 ἀγίας
2827 3704 3111 3766 Θεοτόκου,
3157 3707 3668 3776 προεισεληλυθότος
3701 3709 3797 3760 τοῦ
3825 3712 3978 3778 ἁγίου

2423 3793 2735 3862 ιινεύματος
2793 3795 2849 3845 ὲν
2889 3795 3053 3862 αὐτῇ,
3100 3794 3190 3846 καὶ
3231 3795 3404 3859 οὕτως
3437 3799 3855 3864 έπισκιάσαντος
3885 3803 3980 3872 τῆς

2419 3885 2514 3935 τοῦ
2557 3885 2812 3955 Ὑψίστου
2840 3886 3136 3956 δυνάμεως,
3169 3889 3310 3940 κατά
3345 3891 3405 3941 τὸ
3438 3889 3795 3959 Εὐαγγέλιονο
3826 3895 3887 3959 ἐξ
3914 3892 3978 3968 ἧς

2422 3977 2516 4028 καὶ
2546 3978 2739 4044 ἐτέχθη
2765 3978 3066 4045 ἄνθρωπος,
3094 3979 3296 4043 τέλειος
3319 3980 3394 4032 ὢν
3430 3985 3486 4034 έν
3513 3984 3692 4053 ταὺτῴ
3722 3987 3817 4039 καὶ
3853 3988 3977 4051 Θεὸς

2419 4067 2648 4129 τέλειος·
2684 4065 2762 4128 εἷς
2800 4071 2864 4137 τῇ
2895 4069 3206 4131 ὑποστάσει,
3235 4071 3452 4134 διπλοῦς
3479 4076 3541 4143 τῇ
3575 4075 3730 4142 φύσει
3752 4092 3766 4104 ·
3804 4078 3978 4141 καθὼς

2419 4158 2467 4210 οἱ
2496 4157 2740 4226 θεοφόροι
2773 4160 3034 4230 [Ιατέρες.
3066 4163 3159 4215 καί
3182 4164 3236 4214 αἱ
3266 4164 3403 4215 ἑπτά
3429 4163 3581 4231 ἅγιαι
3607 4170 3975 4237 οίιιουμενικαὶ

2421 4249 2624 4300 σύνοδοι
2649 4250 2888 4313 ἐξέθεντο
2908 4268 2920 4282 ⁸
2957 4269 2976 4301 ι
3020 4252 3326 4321 Ὁμολογεῖν
3346 4271 3404 4305 τε
3430 4255 3528 4325 τὴν
3556 4257 3829 4326 Παρθένον
3859 4260 3976 4314 Θεο-

2419 4342 2598 4404 τόκον,
2633 4343 2847 4394 πάντων
2887 4339 3049 4396 οὖσαν
3093 4345 3428 4417 ὑψηλοτέραν
3480 4356 3573 4402 καὶ
3613 4355 3971 4422 τιμιωτέραν

2419 4434 2722 4503 δυναμένην
2765 4453 2823 4487 τε
2873 4437 3191 4507 πρεσϐεύειν
3227 4441 3507 4508 μητρικῶς
3554 4440 3630 4507 τῷ
3673 4443 3842 4510 αὐτῆς
3868 4445 3973 4508 1⁸ίῷ

736 4552 833 4605 pro
866 4534 1124 4588 universo
1153 4531 1358 4584 mundo
1385 4530 1737 4582 intercedere.
1780 4529 2015 4597 Angelos
2069 4532 2310 4586 contiteri

2419 4528 2512 4578 καὶ
2566 4528 2752 4597 Κυρίῳ
2782 4529 2922 4598 ὑπὲρ
2955 4529 3148 4592 παντὸς
3192 4529 3284 4581 τοῦ
3312 4532 3536 4600 κόσμου.
3578 4532 3889 4602 Ὀμολογεῑν
3919 4552 3971 4588 τε

733 4637 949 4692 quoque
987 4631 1045 4673 ut
1085 4620 1326 4688 angelos,
1368 4619 1458 4686 qui
1493 4626 1547 4670 et
1574 4615 1672 4684 ipsi
1707 4631 2031 4684 magnopere
2070 4634 2166 4686 pro
2195 4637 2312 4672 om-

736 4715 894 4768 nibus
925 4710 1238 4766 hominibus
1278 4709 1657 4777 deprecentur.
1711 4706 1915 4762 llorum
1950 4725 2130 4762 autem
2181 4727 2314 4766 con-

737 4806 907 4860 sortio
945 4820 1117 4874 genus
1176 4803 1481 4856 daemonum
1541 4801 1818 4852 exclusum
1849 4817 1970 4853 esse
2021 4802 2072 4854 iu
2110 4805 2308 4857 saecula

737 4896 1086 4965 sempiterna.
1120 4894 1449 4959 eosdemque
1481 4891 1703 4958 pr0prio
1732 4892 2006 4945 domicilio
2055 4909 2147 4962 per
2181 4911 2313 4962 apo-

737 4989 964 5043 stasiam
995 4987 1196 5056 ejectos
1222 5027 1236 5048 ,
1267 4993 1432 5052 atque
1488 4998 1519 5035 a
1586 4979 1694 5034 Deo
1720 4984 1784 5034 ad
1837 4983 1984 5051 justa
2047 4987 2311 5054 supplicia

737 5075 1332 5135 damnatos.Coniiteri
1401 5074 1574 5127 etiam
1630 5083 1845 5126 sanctos
1903 5090 2116 5138 omnes,
2171 5077 2316 5131 velut

741 5170 973 5223 famulos
1015 5165 1128 5229 Dei,
1165 5180 1261 5232 pro
1293 5162 1469 5215 salute
1540 5171 1726 5214 nostra
1773 5177 1930 5229 posse
1968 5164 2110 5231 apud
2148 5160 2312 5217 Deum

739 5259 1096 5318 intercedere.
1149 5254 1409 5309 Conllteri
1441 5263 1699 5321 praeterea
1761 5255 2262 5324 sanctasimagines
2300 5295 2315 5320 ,

736 5361 792 5401 et
824 5346 995 5416 ipsius
1028 5343 1239 5396 Domini
1273 5341 1443 5396 nostri
1467 5339 1595 5395 Jesu
1626 5340 1848 5399 Christi.
1883 5352 1935 5396 et
1959 5345 2151 5398 matris
2174 5346 2315 5414 ejus,

736 5437 1178 5510 Angelorumque
1198 5448 1262 5486 ac
1296 5445 1612 5488 sanctorum
1651 5432 1919 5496 omnium,
1945 5444 1999 5488 et
2041 5436 2272 5490 adorare.
2298 5479 2313 5502 ,

737 5538 793 5581 et
826 5528 1126 5596 suscipere,
1153 5526 1307 5595 juxta
1341 5525 1390 5577 id
1419 5524 1564 5592 quod
1587 5532 1669 5576 est
1707 5525 1757 5576 iu
1792 5521 2006 5578 Nicena
2076 5529 2311 5582 secunda

741 5619 948 5689 synodo
978 5618 1331 5673 constitutum
1357 5633 1368 5681 ;
1405 5626 1458 5670 et
1483 5615 1944 5672 attatltematizare
1976 5633 2167 5674 omnes
2199 5621 2307 5674 lia:-

814 5799 858 5828 “
889 5795 1044 5851 Joan.
1082 5809 1136 5859 ι,
1175 5793 1258 5848 l6.
1359 5793 1400 5823 "
1437 5791 1570 5845 Luc.
1627 5807 1662 5852 l,
1699 5790 1790 5843 35.

2413 4619 2538 4680 τοὺς
2567 4620 2849 4686 ἀγγέλους,
2881 4620 3285 4690 ὑπερδεομένων
3315 4623 3406 4674 καὶ
3438 4624 3616 4676 αὐτῶν
3642 4626 3859 4679 πάντων
3887 4629 3972 4681 ἀν-

2417 4709 2666 4779 θρώπων.
2694 4712 2766 4764 Τό
2793 4728 2849 4763 τι
2872 4713 3144 4782 δαιμόνιον
3169 4712 3332 4781 φῦλον
3362 4715 3560 4783 ἀμιγὲς
3582 4712 3720 4771 εἶναι
3743 4719 3824 4782 είς
3851 4720 3969 4773 αίῶ-

2416 4819 2508 4862 νας
2539 4803 2946 4873 ἀτελευτήτους,
2986 4804 3120 4876 πρὸς
3147 4806 3343 4868 αὐτοὺς
3382 4809 3442 4859 τὸ
3493 4809 3622 4869 ίδιον
3665 4813 3970 4881 οίκητήριον

2415 4891 2486 4944 δι’
2510 4895 2842 4947 ἀποστασίαν
2876 4896 3262 4963 ἀπολιπόντας,
3303 4899 3396 4951 καὶ
3424 4900 3968 4972 καταδεδικασμένους

2423 4984 2525 5035 ὑπὸ
2553 4985 2687 5037 Θεοῦ
2713 4987 2940 5050 ἐνδίκοις
2971 4989 3274 5042 κολάσεσιν.
3321 4991 3632 5060 Ὀμολογεῖν
3651 5010 3710 5045 τε
3737 4996 3830 5047 καὶ
3858 4997 3969 5054 τοὺς

2424 5075 2610 5140 ἁγίους
2641 5076 2848 5140 πάντας
2897 5078 2972 5141 ὡς
3000 5080 3333 5148 θεράποντας
3361 5082 3518 5144 Θεοῦ,
3552 5083 3873 5155 πρεσϐεύειν
3901 5087 3968 5154 τῷ

2423 5166 2543 5237 ﬁeri).
2577 5167 2904 5236 δυναμένους
2931 5173 3010 5234 είς
3045 5174 3517 5242 σωτηρίανήμῶν.
3551 5175 3667 5227 Ἔτι
3702 5176 3966 5244 ὁμολογεῖν

2424 5257 2521 5318 τὰς
2550 5258 2710 5324 ἀγίας
2741 5262 2973 5325 εἰκόνας,
2999 5263 3160 5316 αὐτοῦ
3186 5281 3242 5316 τε
3265 5265 3358 5317 τοῦ
3390 5267 3595 5336 Κυρίου
3623 5269 3779 5337 ἡμῶν
3812 5267 3966 5338 Ἰησοῦ

2423 5347 2681 5416 Χριστοῦ,
2742 5355 2838 5418 τῆς
2885 5369 2944 5402 τε
2995 5352 3159 5406 αὑτοῦ
3202 5355 3443 5424 Μητρὸς,
3489 5357 3738 5423 ἀγγέλων
3781 5374 3840 5410 τε
3887 5361 3966 5412 καὶ

2422 5443 2638 5493 πάντων
2675 5442 2863 5509 ἁγίων,
2892 5449 3210 5512 προσκυνεῖν
3232 5463 3287 5498 τε
3315 5449 3410 5498 καὶ
3432 5449 3804 5517 ἀποδέχεσθαι,
3841 5453 3965 5502 κατὰ

2418 5529 2478 5580 τὸ
2533 5530 2892 5597 δογματισθὲν
2922 5535 2988 5601 τῇ
3036 5535 3093 5585 έν
3141 5534 3344 5603 Nomia
3377 5535 3438 5586 τὸ
3475 5535 3721 5604 δεύτερον
3761 5536 3963 5603 συνόδῳ·

2419 5620 2835 5692 ἀναθεματίζειν
2887 5643 2942 5678 τε
2983 5629 3190 5690 πάντας
3222 5627 3527 5698 αίρετικοὺς
3558 5629 3682 5691 τοὺς
3722 5628 3826 5682 ὑπὸ
3869 5627 3962 5681 τῶν
