4184 6498
316 432 338 496 1
352 432 454 495 529
1497 431 1868 494 EPISTOLAl

1947 433 2028 494 IM
2068 433 2215 496 LIB.
2265 434 2350 496 ΙΙ.
3405 441 3550 506 1530

308 545 546 599 συνόδων
581 543 1172 615 ἁναθεματιζομίνουςο
1222 542 1614 614 ἀνακηρύττειν
1664 545 1868 606 πάντας

1970 547 2170 601 retices
2194 549 2333 615 quia
2362 546 2583 612 synodis
2607 548 3042 604 anathematizatl
3063 561 3226 618 sunt,
3270 556 3565 623 praulicare

303 635 437 699 τοὺς
467 634 780 706 ὀρθοδόξους
805 636 938 707 παρ’
965 636 1145 688 αὐτῶν
1170 635 1637 705 εύφημουμένους.
1667 635 1816 706 Αὕτη
1843 637 1868 707 ἡ

1981 651 2076 691 eos
2107 652 2298 693 omnes
2321 653 2460 706 quos
2485 640 2688 694 eaedem
2719 651 2778 694 ut
2811 641 3143 698 orthodoxos
3182 644 3436 701 laudibus
3455 664 3552 703 ex-

307 726 539 796 ἁληθινὴ
574 724 732 797 [Cod.
765 725 897 796 Reg.
922 725 1241 796 εἰλικρινὴς]
1273 727 1454 790 πίστις
1480 727 1588 780 τῶν
1615 728 1868 797 Χριστια-

1981 731 2239 784 tulerunt.
2289 731 2416 787 Haec
2480 748 2604 787 vera
2647 741 2729 790 est
2772 732 3206 790 Christianorum
3238 737 3371 797 fides
3402 755 3418 793 ι
3453 741 3556 795 hoc

305 817 454 870 νῶν*
505 816 664 870 τοῦτο
705 817 764 870 τὺ
797 817 1093 888 μαρτύριον
1137 817 1238 885 τῆς
1284 818 1520 886 Χριστοῦ
1565 818 1868 892 ὁμολογίας.

1979 821 2352 876 testimonium
2400 824 2760 880 confessionis
2808 825 3034 881 Christi.
3095 826 3258 882 Extra
3303 831 3419 885 haec
3455 833 3557 900 qui

304 907 469 979 Παρὰ
495 907 665 962 ταῦτα
693 910 722 961 ό
747 909 956 980 φρονῶν
981 911 1092 977 ἤτω
1113 908 1358 976 ἀνάθεμα
1386 908 1495 961 ἀπὸ
1520 909 1612 962 τοῦ
1637 910 1868 978 Πατρὸς,

1976 907 2161 971 sentit,
2193 910 2480 961 anathema
2504 910 2631 962 sita
2683 911 2860 975 Patre,
2917 923 2970 965 et
3023 912 3182 979 Filio,
3246 925 3301 969 et
3348 915 3550 984 Spiritu

304 1001 403 1052 καὶ
432 997 528 1051 τοῦ
554 998 708 1063 Υιοῦ,
741 1001 834 1051 καὶ⁹
862 998 955 1052 τοῦ
986 999 1139 1066 ἁγίου
1162 998 1476 1068 Πνεύματος
1495 1014 1510 1029 ⁸
1535 999 1678 1055 καθά
1709 1015 1873 1068 φησιν

301 1093 332 1142 ὁ
363 1091 658 1152 ἀπόστολος
709 1088 918 1152 Παῦλος
941 1105 956 1130 θ
988 1090 1118 1142 Ὀτι
1156 1089 1274 1143 κᾶν
1313 1090 1504 1158 ἡμεῖς,
1537 1089 1575 1158 ἢ
1619 1089 1872 1160 ἅγγελος

298 1183 371 1246 ἐξ
410 1181 666 1248 οὐρανοῦ
693 1181 1132 1251 εὐαγγελίζηται
1158 1183 1300 1252 ὑμῖν
1329 1181 1462 1250 παρ’
1492 1182 1524 1250 ᾧ
1561 1184 1871 1252 86117781:-

299 1272 555 1341 σάμεθα.
580 1271 842 1341 ἀνάθεμα
858 1275 1031 1326 ἔστω.
1071 1273 1165 1340 Ὠς
1193 1275 1532 1342 προείρηκα,
1560 1273 1657 1327 καὶ
1687 1273 1873 1326 πάλιν

299 1363 486 1430 λέγω·
517 1365 584 1416 Εἰ
621 1380 712 1429 τις
738 1366 888 1432 ὑμᾶς
925 1365 1356 1434 εὐαγγελίζεται
1384 1365 1520 1432 παρ’
1550 1363 1582 1418 ὅ
1611 1364 1870 1432 παρελά-

300 1456 452 1519 ϐετε,
482 1454 746 1522 ἀνάθεμα
778 1455 952 1509 ἔστω.
997 1456 1147 1509 Ἐπεὶ
1190 1453 1282 1511 οὖν
1318 1456 1480 1519 αὐτὸς
1517 1455 1869 1524 λεπτομερῶς

297 1562 473 1597 ταυτα
498 1544 834 1614 ἑξεκάλυψας
872 1548 928 1600 ὲν
952 1549 1066 1611 τοῖς
1097 1547 1387 1620 γράμμασί
1416 1564 1508 1600 σου
1529 1563 1541 1574 ·
1571 1546 1687 1600 δέον
1719 1547 1869 1598 πᾶσα

1978 1005 2205 1050 sancto:
2237 998 2378 1051 sicut
2403 998 2599 1053 Paulus
2627 1001 2906 1067 apostolus
2938 1002 3016 1054 ait
3052 1019 3064 1056 :
3103 1001 3250 1055 Licet
3305 1021 3417 1068 nos,
3457 1015 3554 1057 aut

1976 1091 2188 1156 angelus
2219 1088 2281 1142 de
2311 1090 2437 1142 caelo
2485 1094 2806 1160 evaugelizet
2845 1094 2988 1145 vobis
3029 1103 3375 1164 prwterquam
3409 1096 3550 1165 quod

1975 1179 2461 1249 evangelizavimus,
2512 1185 2794 1236 anathema
2830 1185 2922 1240 sit.
2986 1182 3138 1238 Sicut
3201 1185 3448 1252 praedixi,
3500 1198 3552 1240 et

1976 1288 2113 1325 nunc
2161 1273 2351 1325 iterum
2401 1273 2519 1326 dico
2554 1289 2572 1326 :
2602 1273 2659 1328 Si
2691 1278 2807 1344 quis
2830 1277 2972 1330 vobis
2997 1277 3316 1346 evangelizct
3355 1288 3550 1346 prater

1975 1361 2114 1430 quod
2139 1363 2438 1431 accepistis,
2470 1363 2752 1419 anathema
2779 1369 2847 1419 sit
2865 1367 2908 1398 ⁸⁸
2935 1406 2948 1420 .
2977 1366 3242 1433 Quoniam
3273 1384 3401 1438 ergo
3432 1371 3550 1424 hac

1975 1452 2288 1520 singillatim
2324 1455 2626 1522 exposuisti
2671 1457 2724 1510 in
2761 1457 2953 1511 litteris
2990 1458 3095 1512 luis
3133 1475 3147 1522 ;
3195 1473 3420 1514 necesse
3465 1471 3551 1515 est

1974 1556 2200 1610 prorsus
2252 1545 2566 1599 conlitearis
2630 1555 2685 1600 te
2710 1547 2782 1600 ita
2842 1552 3062 1602 sentire.
3116 1547 3231 1602 Hoc
3272 1563 3399 1602 vero
3453 1551 3550 1619 qui

298 1638 516 1704 ἀνάγκη
546 1637 876 1705 ὁμολογῆσαί
906 1655 964 1690 σε
999 1637 1140 1691 οὕτω
1169 1642 1402 1710 φρονεῖν.
1429 1637 1598 1690 Τοῦτο
1631 1637 1687 1691 δὲ
1714 1635 1866 1689 ἔσται

1971 1628 2064 1682 ﬁet
2090 1630 2112 1681 ί
2141 1629 2198 1683 Si
2221 1631 2287 1684 ad
2311 1631 2471 1686 linem
2495 1633 2736 1700 epistolae
2755 1634 2920 1702 hujus
2947 1635 3263 1689 subscribas
3290 1634 3444 1704 juxta
3463 1636 3550 1690 in-

296 1728 454 1793 πῶς;
509 1726 596 1780 ἵνα
632 1729 691 1778 ὲν
729 1727 805 1797 τῷ
841 1728 1166 1800 πληρώματι
1198 1730 1299 1798 τῆς
1343 1728 1636 1798 ἐπιστολῆς
1665 1727 1866 1796 ταύτης

1970 1729 2175 1772 sertum
2210 1721 2262 1773 in
2292 1737 2354 1774 ea
2387 1724 2692 1790 pittacium.
2727 1726 2902 1794 Atque
2931 1729 3002 1779 ita
3036 1742 3142 1794 pax
3169 1726 3282 1792 Dei,
3309 1743 3425 1796 qua:
3452 1744 3551 1781 ea:-

295 1817 622 1888 ὺπογράψῃς
653 1818 795 1871 κατὰ
825 1819 888 1870 τὸ
916 1819 1283 1889 ἐμφερόμενον
1310 1819 1613 1876 πιττάκιον.
1634 1818 1743 1870 Καὶ
1770 1817 1864 1869 06-

1970 1819 2177 1877 superat
2201 1827 2402 1864 omnem
2429 1829 2658 1878 sensum,
2683 1816 2938 1869 custodiet
2965 1814 3032 1881 “,
3065 1832 3402 1887 praemloque
3439 1818 3552 1872 alli-

291 1883 486 1976 τως-ἦ
532 1883 745 1976 ἐ’ίρήνη
791 1908 896 1961 τοῦ
948 1883 1101 1962 ’6ὲοῦ
1127 1883 1182 1975 *ἡ
1240 1909 1621 1978 ὑπερέχουσα
1664 1908 1859 1962 πάντα

1971 1902 2080 1956 ciet
2109 1916 2208 1957 nos
2255 1913 2309 1958 et
2339 1919 2434 1959 vos
2475 1905 2528 1958 in
2571 1922 2681 1962 uno
2735 1908 2929 1976 Spiritu
2963 1919 3017 1962 et
3067 1923 3176 1962 uno
3241 1912 3424 1975 corde,
3488 1919 3550 1964 ut

291 1998 465 2060 γοῦν,
509 1998 856 2067 φρουρήσει,
884 1999 978 2050 καὶ
1004 1998 1294 2067 βραδεύσει
1327 2001 1472 2069 ἡμᾶς
1508 2015 1566 2052 τε
1595 1999 1689 2051 καὶ
1718 1999 1861 2068 ὑμᾶς

1965 1992 2274 2061 credamus,
2321 1997 2675 2067 colamusque
2713 2008 2960 2054 sanctam
2990 2000 3333 2064 Trinitatem,
3366 2000 3433 2054 ad
3459 2016 3548 2054 sa-

289 2092 350 2143 ὲν
391 2090 472 2143 ἑνὶ
513 2092 782 2159 πνεύματι
811 2091 905 2142 καὶ
949 2094 1045 2160 μιᾷ
1077 2091 1295 2163 καρδία,
1319 2091 1596 2145 πιστεύειν
1645 2091 1736 2144 καὶ
1764 2091 1862 2144 λα-

1967 2084 2134 2138 lutem
2166 2095 2477 2140 nostrarum
2501 2089 2831 2152 animarum,
2860 2097 2914 2143 et
2941 2088 3120 2158 populi
3147 2088 3201 2141 in
3237 2090 3374 2144 duas
3413 2104 3545 2158 par-

289 2178 508 2246 τρεύειν
558 2181 624 2247 τῇ
667 2179 798 2249 ἁγίᾳ
835 2179 1026 2250 Τριαδι
1079 2181 1174 2232 ἐπὶ
1223 2183 1467 2252 σωτηρίᾳ
1521 2181 1629 2233 τῶν
1673 2198 1734 2234 τε
1781 2179 1860 2232 ol—

289 2273 455 2324 κείων
475 2272 681 2342 ψυχῶν,
709 2275 802 2326 καὶ
828 2272 921 2325 τοῦ
962 2273 1324 2344 διαιρεθέντος
1353 2273 1482 2326 λαοῦ
1515 2276 1594 2335 εἰς
1621 2273 1716 2326 δύο
1761 2271 1857 2342 μέ-

289 2380 360 2431 ρη
380 2380 394 2392 θ
418 2363 675 2415 ἀπέναντι
695 2362 790 2415 τοῦ
817 2363 987 2435 κυροῦ
1017 2365 1340 2417 ῑΙωαννικίου
1360 2364 1455 2417 τοῦ
1483 2360 1858 2433 πνευματικοῦ

1967 2185 2049 2232 tes
2084 2177 2298 2233 dissecti
2326 2194 2340 2232 :
2378 2194 2564 2234 coram
2596 2181 2799 2234 domno
2836 2181 3123 2236 Joannicio
3145 2182 3416 2250 spirituaii
3449 2197 3547 2250 pa-

1962 2274 2044 2321 tre
2073 2281 2278 2334 nostro,
2314 2279 2476 2339 teque
2503 2280 2556 2325 et
2588 2281 2741 2342 patre
2768 2282 2824 2326 et
2851 2272 3021 2327 fratre
3043 2281 3234 2328 nostro
3277 2274 3546 2330 honoran-

1965 2362 2035 2414 do
2060 2359 2230 2430 (δεδι).

289 2452 450 2524 ἡμῶν
477 2453 710 2522 Πατρός,
754 2455 850 2506 καὶ
896 2453 989 2506 σοῦ
1034 2454 1126 2507 τοῦ
1168 2455 1351 2525 τιμίου
1385 2454 1479 2509 καὶ
1517 2453 1723 2527 πατρὸς
1763 2452 1858 2507 καὶ
1894 2447 2123 2517 ἀδελφοῦ
2149 2451 2323 2521 ἡμῶν.

527 2568 665 2622 ΡΞΖ’
689 2569 825 2640 (59).
855 2597 929 2608 ~—
952 2568 1209 2638 Διογένει
1250 2568 1598 2639 ἀσηκρῆτις.

2229 2561 2480 2618 CLXVII.
2509 2593 2580 2604 —
2606 2564 2826 2635 Diogeni
2851 2570 3132 2623 secretario
3154 2566 3251 2638 (⁸).

795 2682 870 2733 De
888 2683 1188 2734 sanctissima
1211 2685 1424 2748 imagine
1445 2682 1646 2744 Christi,
1681 2690 1735 2734 et
1765 2683 1894 2748 quod
1917 2679 2106 2730 adorari
2129 2679 2276 2730 relati
2295 2693 2352 2730 ve
2374 2681 2577 2740 debeat,
2601 2696 2699 2731 non
2722 2683 2864 2733 lalria
2888 2686 3010 2736 coli.

885 2791 1240 2845 ΕΡΩΤΗΣΙΣ.

355 2878 484 2946 Πῶς
508 2878 604 2933 δεῖ
625 2881 835 2934 καλεῖν
862 2881 978 2948 τὴν
1001 2885 1256 2948 Χριστοῦ
1277 2884 1496 2949 εἰκόνα,
1526 2883 1625 2940 καί
1649 2882 1775 2948 πῶς

695 2950 886 3019 αὐτὴν
915 2953 1280 3019 προσκυνεῖν
1304 2953 1442 3021 χρή.

871 3065 1258 3119 ΑΠΟΚΡΙΣΙΣ.

2505 2786 3042 2849 INTERROGATIO.

2023 2876 2293 2943 Quomodo
2315 2878 2632 2956 appellanda
2656 2882 2723 2933 sit
2753 2883 2924 2956 imago
2949 2881 3172 2949 Christi,
3185 2893 3241 2941 et
3264 2887 3525 2956 quomodo

2327 2950 2473 3002 illam
2503 2960 2740 3018 oporteat
2766 2952 3022 3006 adorare.

2573 3059 2973 3118 RESPONSIO.

359 3163 430 3232 "ﬂ
453 3176 715 3248 ἐρώτησις
738 3178 930 3246 διπλῆν
953 3179 1050 3246 τὴν
1076 3178 1367 3247 ἀπόκρισιν
1391 3177 1526 3247 ἔχει,
1550 3179 1718 3248 ἤγουν
1746 3175 1842 3245 τὴν

2016 3170 2368 3241 Interrogatio
2397 3173 2665 3241 duplicem
2721 3176 2886 3230 habet
2939 3181 3369 3246 responsionem,
3407 3181 3526 3234 sive

280 3270 494 3339 κλῆσιν.
535 3268 766 3336 Λέγεται
797 3267 906 3337 γὰρ
949 3269 1043 3320 καὶ
1080 3267 1301 3336 κυρίως,
1338 3269 1429 3319 καὶ
1459 3267 1519 3319 οὑ
1553 3267 1758 3334 κυρίως
1783 3266 1844 3317 τὸ

282 3365 370 3415 ἐπ’
393 3360 528 3429 αὐτῇ
555 3360 970 3429 ὀνομαζόμενον.
995 3357 1210 3429 Κυρίως
1235 3360 1332 3427 μὲν
1354 3359 1484 3429 γὰρ,
1514 3357 1676 3411 εἰκὼν
1708 3359 1844 3427 Χρι-

282 3448 410 3501 στοῦ
436 3449 667 3517 εἴρηται,
687 3449 721 3518 η
743 3449 906 3499 εἰκὼν
927 3447 1112 3500 αὑτοῦ·
1134 3445 1193 3498 ού
1217 3447 1420 3515 κυρίως
1442 3446 1517 3510 δὲ,
1539 3446 1664 3497 ὅταν
1687 3443 1846 3512 καλῆ-

281 3558 371 3593 ται
402 3541 652 3609 Χριστὸς,
673 3539 807 3592 ἀλλὰ
841 3540 982 3592 κατὰ
1011 3537 1344 3606 κατάχρησιν
1362 3536 1435 3600 ὡς
1462 3538 1593 3607 ἔχει.
1625 3537 1840 3599 Ἐπίτε

279 3631 375 3684 τοῦ
398 3631 657 3696 ζωοποιοῦ
683 3629 910 3699 σταυροῦ
928 3629 1127 3684 καὶτοῦ
1148 3629 1316 3681 τύπου
1337 3630 1521 3713 αὑτοῦ,
1549 3626 1840 3699 ὁμολογοῦν

280 3723 340 3775 τὸ
370 3721 647 3792 Θεώρημα.
695 3721 962 3784 Ὡσαύτως
1008 3723 1100 3774 καὶ
1134 3722 1220 3772 ἐπὶ
1263 3720 1357 3788 τῆς
1397 3723 1837 3791 προσκυνήσεως,

290 3813 685 3882 παραπλησίως
718 3813 793 3884 τῷ
824 3815 976 3884 τύπῳ
1003 3813 1095 3866 τοῦ
1125 3813 1425 3882 σταυροῦ,ή
1449 3811 1835 3884 προσκύνησις.

281 3904 514 3975 Σχετικὴ
540 3903 671 3974 γὰρ,
699 3905 774 3967 ὡς
799 3904 906 3958 τῶν
937 3906 1069 3975 πρός
1097 3923 1148 3957 τι
1180 3904 1368 3966 ὄντων,
1392 3903 1747 3979 πρωτοτύπου
1776 3919 1835 3954 τε

281 3997 374 4048 καὶ
406 3995 633 4060 εἰκόνος,
659 3996 798 4048 κατὰ
819 3997 916 4064 τὴν
943 3996 1136 4064 φωνὴν⁴
1151 3994 1242 4046 106
1269 3994 1506 4063 μεγάλου
1530 3994 1832 4050 Βασιλείου.

289 4086 354 4138 Ἠ
383 4085 490 4155 γὰρ
521 4086 652 4155 τιμὴ
687 4085 785 4154 τῆς
819 4087 1023 4149 εἰκόνος
1069 4085 1162 4138 ἐπὶ
1206 4085 1266 4136 τὸ
1308 4084 1660 4154 πρωτότυπον
1699 4084 1830 4136 ἀνα-

277 4173 480 4227 ϐαίνει·
510 4173 625 4226 ἐστι
662 4173 770 4226 τῶν
800 4175 1121 4243 ἀμφοτέρων
1155 4174 1249 4243 μία
1279 4174 1312 4242 ἡ
1342 4162 1707 4242 προσκύνησίς
1727 4186 1740 4200 ·
1771 4171 1831 4223 οὐ

278 4263 593 4334 σχιζομένη,
628 4267 748 4318 οὐδὲ
775 4266 1146 4336 διαιρουμένη,
1177 4264 1294 4318 ἀλλ’
1321 4267 1414 4318 ἐπὶ
1446 4265 1542 4334 μὲν
1564 4265 1657 4318 τοῦ
1683 4281 1833 4333 πρω-

274 4354 506 4407 τοτύπου
537 4354 807 4416 ούσιωδῶς
827 4370 842 4385 ο
874 4358 965 4406 ἐπὶ
994 4355 1050 4407 δὲ
1076 4354 1169 4408 τοῦ
1201 4355 1532 4422 παραγώγου
1568 4352 1833 4421 σχετικῶς

275 4445 629 4514 ὑπάρχουσα·
678 4445 862 4516 ῶσπερ
911 4447 1004 4498 καὶ
1051 4446 1113 4498 τδ
1155 4441 1294 4507 εἶδος
1332 4445 1431 4514 τῆς
1469 4444 1681 4515 μορφῆς
1707 4461 1720 4475 ·
1749 4446 1830 4497 ὅτι

1967 3264 2398 3331 appellationem.
2441 3263 2648 3318 Dicitur
2724 3269 2871 3322 enim
2924 3280 2978 3323 et
3024 3271 3277 3340 proprie,
3329 3281 3382 3325 et
3425 3288 3532 3324 non

1947 3353 2181 3420 proprie,
2225 3352 2276 3407 id
2327 3354 2470 3421 quod
2533 3355 2584 3407 in
2647 3370 2710 3410 ea
2780 3360 3114 3414 nominatur.
3183 3360 3426 3431 Proprie,
3484 3368 3532 3420 si

1949 3459 2144 3511 nempe
2201 3446 2379 3515 imago
2413 3445 2640 3512 Christi,
2703 3449 2820 3517 ejus
2866 3451 3046 3522 imago
3099 3453 3354 3521 dicatur;
3423 3473 3530 3514 non

1949 3535 2169 3603 proprie
2198 3545 2397 3600 autem,
2439 3536 2486 3591 si
2524 3539 2781 3594 Christus
2836 3545 3153 3611 appelletur.
3198 3547 3290 3601 sed
3320 3563 3414 3616 per
3440 3563 3533 3602 ca-

1955 3627 2267 3681 tachresim.
2327 3627 2383 3681 ln
2460 3631 2670 3685 vivifica
2716 3634 2844 3687 item
2906 3651 3086 3705 cruce,
3161 3651 3213 3693 et
3287 3642 3340 3693 in
3409 3642 3530 3710 ejus

1940 3716 2147 3785 elIigic,
2207 3734 2301 3787 par
2371 3731 2454 3774 est
2507 3724 2666 3778 ratio.
2731 3726 2821 3779 Sic
2873 3729 3037 3782 etiam
3104 3731 3156 3784 in
3215 3734 3529 3788 adoratione

1940 3809 2190 3877 imaginis
2239 3811 2488 3867 similiter
2568 3825 2732 3883 atque
2791 3818 2844 3871 in
2901 3821 3080 3875 crucis
3161 3824 3382 3893 eﬂigie,
3467 3840 3528 3880 se

1940 3900 2098 3954 habet
2163 3901 2430 3958 adoratio.
2513 3903 2754 3961 llelativa
2823 3912 2971 3964 enim
2998 3922 3100 3975 est,
3136 3925 3391 3987 tanquam
3433 3936 3523 3975 ρος

1937 4005 2057 4044 rum
2084 4007 2206 4061 quae
2241 3995 2308 4045 ad
2356 3995 2566 4065 aliquid
2601 4009 2752 4063 sunt,
2801 4007 3075 4073 prototypi
3124 4015 3176 4060 et
3225 4009 3477 4079 imaginis
3503 4054 3522 4079 ,

1931 4089 2087 4168 juxta
2132 4080 2352 4135 eﬂ'atum
2412 4085 2595 4152 magni
2629 4085 2816 4140 Basilii
2855 4089 2920 4142 '°.
2967 4091 3150 4145 llonor
3185 4095 3329 4146 enim
3388 4097 3523 4151 ima-

1935 4173 2075 4238 ginis
2117 4175 2376 4227 ascendit.
2417 4176 2482 4229 ad
2513 4187 2856 4249 prototypum
2884 4196 2903 4234 :
2935 4197 3042 4234 una
3065 4183 3262 4253 quippe
3291 4195 3374 4239 est
3405 4203 3522 4241 am-

1933 4263 2126 4317 borum
2168 4265 2433 4327 adoratio.
2467 4284 2570 4321 non
2594 4270 2786 4334 scissa,
2823 4287 3001 4340 neque
3065 4274 3238 4329 divisa
3270 4293 3285 4341 ;
3319 4279 3410 4331 sed
3463 4280 3518 4334 in

1932 4365 2216 4426 prototypo
2241 4358 2462 4425 quidem
2506 4362 2873 4416 essentialiter
2912 4366 3206 4430 exsistens,
3266 4369 3318 4421 in
3345 4367 3517 4440 elligie

1931 4463 2058 4501 vero
2119 4464 2400 4514 expressa,
2453 4451 2695 4507 relative.
2739 4453 3210 4517 Quemadmodum
3234 4471 3286 4514 et
3329 4460 3517 4516 forma:

274 4538 389 4588 ἐκεῖ
412 4537 509 4604 μὲν
535 4536 798 4603 φυσικῶς.
833 4537 1065 4590 ἐνταῦθα
1085 4537 1141 4590 δὲ
1161 4536 1437 4606 μεθεκτὼς
1465 4537 1745 4605 πάρεστιν.
1775 4536 1832 4587 '0
1865 4533 1868 4584 Ῑ

1947 4539 2162 4606 species,
2195 4541 2306 4594 illic
2333 4542 2551 4610 quidem
2573 4545 2924 4610 naturaliter,
2981 4547 3068 4601 hic
3135 4565 3264 4604 vero
3296 4554 3515 4620 particio

274 4626 404 4694 γοῦν
426 4626 743 4696 προσκυνῶν
764 4627 862 4698 τὴν
888 4629 1070 4681 εἰκόνα
1097 4627 1423 4688 οὑτινοσοῦν,
1447 4628 1555 4680 εἴτε
1576 4625 1832 4698 Χριστοῦ,

274 4719 383 4770 εἴτε
413 4717 508 4786 τῆς
539 4717 821 4782 Θεοτόκου,
849 4720 958 4770 είτε
985 4719 1161 4784 ἁγίου,
1194 4719 1302 4770 εἴτε
1330 4717 1513 4779 ἁπλῶς
1552 4714 1833 4786 βασιλέως,

273 4811 382 4861 εἴτε
411 4809 690 4878 ἄρχοντος,
730 4810 838 4861 εἴτε
889 4810 1177 4879 ὑφειμένου
1224 4807 1531 4878 ἀνθρώπου,
1576 4809 1633 4859 ὲν
1662 4805 1836 4876 ταύτῃ

273 4899 648 4969 προσεκύνησε
698 4882 789 4953 τὸν
833 4895 1003 4971 οὗπερ
1043 4900 1179 4970 αῦτη
1218 4901 1477 4968 τυγχάνει
1507 4897 1703 4951 εἰκώνο
1740 4898 1835 4949 καὶ

270 4988 413 5041 οὕτω
440 4991 759 5061 προσκυνῶν
784 4992 842 5043 οὐ
871 4991 1162 5060 σφάλλεται
1224 4991 1336 5043 ἀλλ’
1360 4990 1653 5060 όρθοδόξως
1685 4991 1831 5057 ἐρει-

268 5081 511 5150 δόμενος,
557 5083 683 5145 τοὺς
729 5083 811 5151 ἐφ’
847 5085 1082 5154 ἑκάτερᾳ
1110 5087 1175 5153 τῇ
1207 5083 1433 5152 ἀληθείᾳ
1478 5081 1831 5134 ἀντιπίπτον-

269 5189 388 5234 τας,
420 5172 644 5234 ἐνδίκως
671 5174 1058 5244 ἀποκρούεται.
1091 5175 1245 5236 Τίνες
1274 5175 1330 5226 δὲ
1361 5168 1535 5237 οῦτοις
1561 5173 1614 5226 οτ
1637 5189 1695 5224 τε
1723 5174 1829 5225 ἁπ-

269 5261 606 5331 αναινόμενοι
637 5269 961 5332 προσκυνεῖν
991 5266 1089 5327 τὰς
1133 5265 1333 5328 σεπτὰς
1362 5265 1575 5326 εἰκόνας
1601 5281 1614 5296 ο
1656 5265 1747 5316 καὶ
1779 5263 1829 5315 οἱ

267 5356 324 5407 ἐν
371 5357 435 5423 τῇ
484 5358 849 5428 προσκυνήσει
889 5357 1157 5425 λέγοντες,
1211 5357 1350 5412 αὐτὰ
1385 5357 1452 5408 τὰ
1498 5359 1824 5425 πρωτότυπα

1936 4631 2170 4698 patione.
2215 4632 2316 4698 Qui
2340 4649 2468 4702 ergo
2522 4635 2716 4689 adorat
2753 4637 3044 4708 imaginem
3101 4642 3509 4714 cujuscunque,

1934 4723 2050 4776 sive
2082 4723 2302 4788 Christi,
2337 4726 2451 4779 sive
2483 4725 2743 4799 Deiparze,
2769 4729 2882 4782 sive
2910 4731 3108 4794 sancti,
3141 4734 3256 4788 sive
3299 4737 3510 4806 simpli-

1934 4813 2066 4867 citer
2094 4815 2257 4884 regis,
2293 4816 2406 4870 sive
2425 4819 2690 4887 principis
2715 4859 2731 4880 .
2763 4822 2877 4875 sive
2903 4823 3182 4879 inferioris
3215 4827 3452 4884 hominis
3488 4846 3504 4894 ;

1936 4906 1990 4959 in
2023 4906 2125 4959 hac
2150 4908 2393 4962 adoravit
2423 4910 2574 4964 illum
2609 4912 2769 4981 cujus
2802 4914 2915 4983 ipsa
2942 4925 3028 4970 est
3070 4916 3250 4987 imago
3281 4935 3296 4982 ;
3347 4928 3400 4972 et
3432 4921 3504 4974 ita

1937 4998 2173 5054 adorans
2207 5015 2313 5053 non
2357 5011 2504 5056 errat
2539 5041 2554 5064 ,
2582 5004 2674 5057 sed
2736 5006 3045 5060 orthodoxe
3101 5008 3365 5074 ﬁrmatus,
3410 5025 3507 5065 eos

1932 5090 2024 5158 qui
2048 5092 2259 5144 veritati
2302 5093 2622 5147 alterutram
2657 5095 2707 5147 in
2739 5106 2949 5165 partem
2990 5099 3284 5161 obsistunt.
3312 5103 3506 5157 merito

1926 5180 2154 5248 repellit.
2195 5181 2428 5246 Quinam
2462 5200 2588 5237 vero
2613 5186 2666 5238 hi
2700 5197 2826 5241 sunt
2853 5189 2876 5241 ?
2910 5199 3024 5242 tum
3057 5190 3089 5242 ii
3122 5191 3213 5260 qui
3244 5207 3506 5246 veneran-

1926 5269 2022 5321 das
2050 5267 2310 5336 imagines
2351 5271 2588 5328 adorare
2614 5275 2866 5330 abnuunt
2899 5294 2913 5342 ;
2946 5289 3058 5332 tum
3093 5279 3129 5332 ii
3178 5280 3268 5348 qui
3300 5281 3352 5333 in
3371 5283 3504 5334 ado-

1927 5360 2131 5415 ratione
2165 5361 2379 5427 dicunt;
2401 5374 2686 5436 prototypa
2738 5368 2853 5437 ipsa
2888 5386 2948 5426 se
2990 5371 3212 5441 physice
3241 5371 3499 5430 adorare:

339 5485 383 5517 ⁸⁸
408 5484 583 5543 Galat.
616 5505 654 5555 ι,
735 5493 786 5559 8,
821 5493 875 5549 9.
947 5494 992 5526 ⁶⁹
1021 5493 1215 5563 Philip.
1246 5509 1319 5558 tv,
1379 5493 1429 5546 7.
1498 5493 1544 5525 "°
1581 5491 1737 5546 Tom.
1769 5491 1832 5555 ll,
1867 5493 1942 5547 De
1971 5494 2171 5564 Spiritu
2208 5511 2413 5566 sancto,
2450 5517 2500 5556 c.
2539 5500 2626 5569 18,
2659 5518 2713 5572 p.
2749 5503 2870 5566 189.

1759 5613 1993 5669 NOTAE.

331 5723 477 5800 (58")
505 5725 779 5800 Baronius
799 5731 890 5797 qui
912 5731 976 5784 ad
996 5746 1133 5800 ann.
1159 5731 1282 5792 825,
1312 5748 1365 5785 n.
1391 5731 1479 5796 68,
1504 5733 1646 5785 hanc
1665 5733 1821 5800 epist.

262 5796 474 5856 recitat,
507 5806 653 5848 notat
690 5796 932 5851 ultimam
993 5797 1220 5853 fortasse
1265 5801 1433 5856 luisse
1471 5818 1500 5855 a
1539 5796 1823 5858 Theodoro

266 5868 472 5929 datam,
513 5865 777 5937 siquidem
823 5885 967 5924 anno
1017 5875 1264 5938 sequenti
1298 5889 1329 5927 e
1379 5874 1512 5928 \ivis
1573 5877 1822 5932 excessit.

2005 5730 2214 5808 (ξω-ιη
2243 5730 2364 5808 cod.
2390 5731 2521 5803 Reg.
2557 5733 2695 5808 9116'.

2001 5802 2076 5871 (⁸)
2111 5801 2438 5870 Dogmatica.
