4184 6486
696 387 825 456 1531

1882 387 1944 449 S.
1983 387 2377 452 THEODORI
2418 394 2763 463 STUDITAS

3808 400 3950 469 1332

686 517 922 574 quorum
973 516 1072 572 par
1097 509 1181 556 est
1225 510 1586 572 utrorumque
1628 499 1964 570 blasphemia
1997 518 2013 556 :
2054 502 2267 557 illorum

2372 511 2618 576 φυσικῶς
2674 517 3034 584 προσκυνεῖν·
3094 509 3170 570 ῶν
3233 517 3561 589 ἀμφοτέρων
3627 518 3829 587 ἐπίσης
3893 516 3952 568 τὸ

687 593 931 661 quidem,
975 601 1033 646 ut
1058 591 1151 661 qui
1214 591 1611 645 incarnationis
1661 591 1984 658 mysterium
2024 593 2261 656 tollant;

689 686 880 738 borum
899 698 1049 750 vero,
1091 691 1152 736 ut
1180 683 1276 751 qui
1305 681 1438 736 deos
1463 681 1576 736 sive
1604 681 1940 734 substantias
1970 680 2171 736 faciant
2200 698 2264 734 ea

687 795 810 848 qua:
844 787 1040 832 natura
1078 776 1269 845 proettl
1317 776 1521 829 absunt
1568 789 1600 828 a
1652 773 1975 844 prototypis.
2016 774 2267 841 Quapro~

689 883 805 941 pter
830 870 1107 924 adoranda
1133 879 1217 924 est
1250 870 1428 938 imago
1461 867 1664 922 Christi
1697 867 1807 932 (hic
1830 867 1972 920 enim
1997 875 2080 920 est
2121 868 2268 919 colo-

691 965 832 1030 phon
860 960 1282 1028 dissertationis)
1334 960 1578 1022 relative,
1652 973 1759 1012 nou
1778 967 1956 1011 autem
1988 957 2136 1010 cultu
2186 956 2267 1006 la-

688 1051 836 1102 triae:
863 1051 963 1104 hoc
987 1049 1359 1101 euimnaturte
1383 1047 1486 1115 ipsi
1529 1047 1734 1099 Christi
1762 1045 2019 1097 convenit
2049 1059 2268 1111 ;quau-

687 1142 983 1209 doquidem
1016 1139 1175 1193 unica
1205 1149 1290 1192 est
1351 1137 1635 1191 Trinitatis
1691 1137 1867 1190 lati-ia.
1915 1137 1994 1188 Ac
2019 1151 2087 1188 ne
2154 1134 2268 1202 ipsa

689 1232 908 1300 quidem
935 1231 1159 1298 Deipara
1200 1229 1424 1283 colenda
1450 1237 1531 1281 est
1579 1228 1758 1289 latria,
1787 1242 1963 1295 neque
1997 1241 2128 1279 crux
2155 1224 2269 1292 ipsa

688 1322 922 1375 viviﬁca.
977 1320 1068 1374 Sic
1113 1335 1287 1388 neque
1345 1318 1546 1372 Christi
1593 1316 1812 1386 imagini
1861 1314 2147 1368 deferenda
2188 1323 2273 1367 est

689 1414 980 1474 latria,sed
1007 1414 1255 1467 adoratio
1289 1429 1302 1466 :
1335 1411 1407 1465 ita
1445 1421 1505 1465 ut
1536 1425 1728 1464 omnes
1765 1408 2142 1462 adoratioues.
2176 1421 2272 1474 per

689 1503 1096 1556 mediaillorum
1137 1512 1447 1572 prototypa,
1472 1501 1540 1555 ad
1567 1515 1729 1554 unam
1761 1499 2270 1565 solamquaesanctae

691 1593 983 1649 Trinitatis
1033 1596 1404 1650 adoratiouem
1474 1592 1802 1648 referantur.
1866 1591 1999 1643 Alia:
2039 1601 2272 1656 namque

687 1702 796 1742 non
829 1687 1150 1749 latreuticze,
1182 1688 1276 1743 sed
1349 1686 1641 1741 adorativa:
1685 1699 1900 1744 omnes,
1975 1680 2272 1734 secundum

690 1780 991 1836 discrimen
1014 1780 1297 1836 inferioris
1323 1789 1416 1835 aut
1433 1776 1728 1833 eminentis
1759 1787 2026 1845 personze.

930 1989 1474 2052 CLXVIll.—Joanni
1506 1984 1862 2044 Grammatice
1889 1981 1984 2052 (⁸).

2375 599 2694 673 βλάσφημον
2714 622 2728 637 ·
2773 606 2883 658 τῶν
2923 607 3040 674 μὲν,
3073 607 3150 670 ὡς
3181 608 3548 682 ἀναιρούντων
3579 610 3640 662 τὸ
3666 611 3768 678 τῆς
3800 611 3949 663 οἰκο-

2373 695 2565 764 νομίας
2597 701 2929 766 μυστήριον·
2966 699 3075 752 τῶν
3126 701 3182 754 δὲ
3230 701 3306 762 ὡς
3358 702 3778 762 θεοποιούντων,
3827 702 3952 769 ἢτοι

2371 786 2822 842 οὑσιοποιούντων
2861 790 2930 842 τὰ
2972 791 3186 860 μακρὰν
3216 793 3492 864 ἀπέχοντα
3533 795 3599 863 τῇ
3633 793 3798 858 φύσει
3841 793 3954 844 ἀπὸ

2371 877 2479 930 τῶν
2543 880 2936 948 πρωτοτύπων.
2995 883 3300 956 Τοιγαροῦν
3364 886 3780 957 προσκυνητέον
3850 885 3954 952 τὴν

2372 970 2558 1024 εἰκόνα
2579 973 2816 1041 Χριστοῦ
2837 991 2851 1005 ·
2885 967 2986 1029 ὧδε
3020 978 3130 1048 γὰρ
3159 979 3187 1030 6
3210 979 3456 1048 κολοφὼν
3489 978 3583 1031 τοῦ
3603 978 3801 1046 λόγου·
3829 995 3954 1046 σχε-

2369 1063 2558 1126 τικῶς,
2591 1064 2706 1118 ἀλλ’
2750 1067 2810 1119 οὑ
2852 1069 3212 1139 λατρευτέον·
3246 1071 3407 1124 τοῦτο
3437 1071 3546 1142 γὰρ
3581 1070 3828 1140 φυσικῶς
3865 1069 3952 1121 ἐπ’

2372 1154 2538 1207 αὑτοῦ
2573 1156 2845 1226 Χριστοῦ·
2883 1158 3113 1231 ἐπείπερ
3156 1162 3189 1230 ἡ
3232 1160 3461 1231 λατρεία
3502 1162 3601 1231 μία
3643 1163 3745 1230 τῆς
3778 1159 3955 1228 τριά-

2371 1247 2480 1309 δος.
2513 1248 2624 1302 Καὶ
2656 1249 2777 1301 οὑδὲ
2804 1251 2941 1320 αὑτῇ
2969 1251 3217 1323 Θεοτόκῳ
3242 1253 3566 1324 λατρευτέον
3587 1269 3602 1283 ·
3641 1252 3768 1304 οὐδὲ
3800 1247 3955 1317 αὑτῷ

2374 1337 2453 1400 τῷ
2479 1335 2727 1408 ζωοποιῷ
2755 1340 2994 1410 σταυρῷ.
3028 1341 3211 1406 Οὑτως
3255 1343 3377 1396 οὑδὲ
3407 1345 3472 1413 τῇ
3503 1341 3745 1411 Χριστοῦ
3781 1341 3957 1391 εἰκόνι

2377 1426 2700 1497 λατρευτέον
2720 1447 2735 1462 ·
2767 1430 2900 1483 ἀλλὰ
2931 1434 3338 1502 προσκυνητέωρ
3359 1447 3374 1462 ⁶
3411 1434 3600 1486 πασῶν
3639 1433 3750 1484 τῶν
3783 1446 3957 1500 προσ-

2376 1521 2656 1589 κυνήσεων
2711 1521 2800 1574 διὰ
2841 1523 3006 1591 μέσου
3049 1525 3159 1577 τῶν
3199 1526 3322 1578 κατ’
3352 1527 3519 1588 αὑτὰς
3548 1524 3952 1594 πρωτοτύπων,

2375 1612 2469 1662 ἐπὶ
2510 1610 2608 1678 τὴν
2647 1612 2776 1680 μίαν
2805 1614 2901 1667 καὶ
2961 1616 3129 1685 μόνην
3175 1615 3536 1687 λατρευτικὴν
3575 1615 3955 1684 προσκύνησιν

2373 1704 2472 1770 τῆς
2524 1701 2686 1769 ἀγίας
2718 1704 2946 1775 Τριὰδος
2966 1708 3405 1778 ἀναφερομένων.
3440 1709 3504 1760 Δί
3535 1706 3644 1776 γὰρ
3700 1706 3856 1760 ἄλλαι
3889 1703 3955 1757 οὑ

2374 1792 2748 1863 λατρευτικαὶ,
2778 1797 2914 1851 ἀλλὰ
2967 1802 3338 1870 προσκυνηταὶ
3396 1799 3633 1863 ἅπασαι,
3693 1798 3839 1851 κατὰ
3893 1795 3958 1849 τὸ

2373 1883 2629 1956 διαφορον
2686 1885 2780 1938 τοῦ
2832 1887 3148 1958 ὑφειμένου,
3179 1890 3213 1958 ἦ
3270 1889 3602 1960 προύχοντος
3628 1887 3950 1958 προσώπου.

2589 1979 2737 2032 ΡΞΗ’
2765 1979 2898 2050 (60).
2922 2008 2995 2022 -
3026 1981 3274 2050 Ἰωάννῃ
3296 1980 3711 2052 Γραμμτικῷ.
3789 1977 3950 2052 [ψξῖ]

2075 2069 2201 2132 Quid
2223 2069 2290 2119 sit
2309 2070 2645 2133 suppositum.

759 2198 982 2255 Minime
1010 2194 1252 2249 fucatnm
1321 2189 1550 2243 sincerae
1604 2181 1886 2238 charitatis
1951 2177 2242 2232 candorem

686 2289 1084 2350 demonstravit
1116 2282 1510 2340 honorabilitas
1567 2285 1657 2330 tua
1693 2276 1746 2329 in
1807 2274 1893 2326 his
1941 2285 2061 2339 qua:
2100 2266 2269 2321 corri-

684 2384 857 2457 genda
887 2378 1194 2436 observavit
1225 2381 1277 2428 in
1303 2375 1441 2426 libro
1470 2387 1499 2424 a
1530 2369 1688 2423 nobis
1734 2363 1999 2431 imperitis
2042 2373 2266 2427 compo-

684 2453 816 2532 sito.
851 2473 916 2526 Et
952 2481 1113 2526 erunt
1172 2469 1259 2521 illa
1317 2465 1536 2535 quidem
1597 2458 1877 2530 sigillatim
1937 2469 2059 2507 cum
2129 2453 2269 2503 libro

685 2563 1038 2622 conferenda.
1075 2561 1228 2626 Quod
1271 2571 1398 2610 vero
1427 2551 1706 2613 hazsitasti,
1732 2564 1842 2616 quo
1874 2553 2030 2615 pacto
2063 2556 2268 2608 suppo-

687 2657 854 2709 situtn
883 2654 964 2707 sic
1001 2648 1476 2709 intellexerimus;
1509 2639 1664 2711 quasi
1711 2639 1867 2692 aliter
1905 2644 2006 2688 ate
2035 2631 2273 2699 accipia-

686 2757 796 2809 tur,
835 2746 977 2800 sicut
1007 2737 1328 2810 signiiicasti
1368 2754 1381 2789 :
1413 2732 1784 2789 haesitavimus
1842 2744 1940 2781 nos
1997 2739 2215 2794 quoque
2251 2759 2270 2786 ,

685 2838 964 2907 quomodo
1016 2832 1289 2886 haesitarit
1335 2829 1418 2881 vir
1476 2825 1839 2890 undequaque
1898 2817 2268 2872 doctissimus.

689 2926 1045 2995 Suppositum
1073 2919 1375 2979 autem,vir
1403 2913 1743 2975 admiraude,
1779 2911 1967 2964 beatus
1989 2908 2268 2968 Leontius,

685 3021 844 3089 cujus
870 3016 1077 3072 scholia
1108 3021 1326 3067 exstant
1377 3007 1853 3080 priestautissima,
1913 3003 2270 3057 substantiam

687 3125 812 3165 esse
841 3109 975 3164 dicit
1001 3123 1124 3161 cum
1162 3102 1463 3176 hypostasi.
1496 3101 1632 3154 Dicit
1660 3114 1822 3168 porro
1855 3106 1907 3150 et
1927 3111 2153 3164 magnus
2177 3092 2275 3144 Ba-

688 3203 869 3264 silius,
901 3216 1006 3254 non
1034 3199 1088 3252 in
1116 3198 1410 3266 supposito.
1461 3196 1530 3249 de
1558 3203 1744 3247 sancta
1765 3191 1993 3260 loquens
2037 3188 2274 3242 Trinita-

688 3303 765 3348 te.
806 3293 913 3346 Sed
943 3301 997 3344 et
1026 3287 1467 3358 sapientissimus
1500 3284 1790 3354 Dionysius
1846 3283 2083 3351 quodam
2154 3281 2274 3333 luco

2440 2175 2514 2226 T6
2541 2176 2904 2248 ἁνυπόκριτόν
2931 2195 3024 2231 σου
3058 2177 3158 2248 τῆς
3185 2178 3511 2250 εἰλικρινοῦς
3541 2178 3761 2247 ἀγάπης
3782 2180 3952 2233 δέδει-

2368 2285 2463 2339 χεν
2497 2269 2531 2338 ἠ
2559 2271 2813 2340 τιμιότης
2848 2288 2942 2325 σου
2970 2273 3028 2325 ὲν
3058 2274 3172 2336 τοῖς
3204 2270 3667 2341 ἑπανορθωτικοῖς
3701 2272 3947 2340 σημειώ-

2372 2377 2527 2429 μασι,
2563 2361 2657 2414 τοῦ
2694 2363 2832 2435 πρὸς
2867 2365 3025 2438 ήμῶν
3054 2363 3163 2418 τῶν
3196 2364 3424 2435 ἀμαθῶν
3449 2363 3839 2433 συνταχθέντος
3861 2365 3951 2416 λόο

2370 2468 2492 2520 γου.
2520 2455 2631 2507 Καὶ
2653 2454 2767 2524 ἔχει
2793 2456 2891 2526 μὲν
2913 2460 3096 2510 ἐκεῖνα
3121 2457 3293 2522 οὑτως
3310 2457 3342 2528 ἢ
3362 2455 3533 2518 οὑτως
3552 2457 3949 2526 συγκεκρᾶτθαι

2369 2544 2448 2614 τῷ
2473 2545 2636 2617 λόγῳ.
2685 2548 2902 2620 Ἐπειδὴ
2933 2549 2989 2602 δὲ
3014 2550 3279 2620 ἠπόρησε,
3314 2548 3429 2612 πῶς
3453 2551 3583 2619 ημῖν
3607 2548 3856 2617 νενόηται
3886 2550 3948 2600 τὶ

2373 2638 2750 2708 ὑποκείμενον,
2780 2642 2873 2693 καὶ
2902 2641 2976 2704 ὼς
3009 2642 3181 2704 ἄλλως
3210 2640 3651 2712 ἐκλαμὸάνεσθαι
3687 2641 3820 2710 παρ’
3851 2642 3948 2694 αὖ-

2369 2728 2465 2782 τοῦ
2521 2729 2679 2801 [Cod.
2730 2731 2861 2802 Reg.
2894 2731 3110 2804 αὑτῆς],
3154 2731 3298 2785 καθὰ
3349 2729 3776 2802 ὑπεσημῄνατο·
3822 2747 3946 2782 συν-

2371 2824 2732 2894 ηπορήσαμεν
2779 2824 2877 2876 καὶ
2909 2826 3087 2894 ἡμεῖς,
3120 2826 3202 2878 ὅτι
3229 2824 3509 2895 ἠπόρησεν
3540 2826 3568 2876 6
3595 2822 3728 2894 περὶ
3767 2825 3946 2876 πάντα

2373 2915 2557 2984 σοφός.
2617 2914 2689 2966 Τὸ
2746 2915 2856 2983 γὰρ
2909 2917 3288 2984 ὑποκείμενον,
3339 2909 3385 2969 ὦ
3448 2915 3742 2985 θαυμάσιε,
3804 2915 3947 2967 κατὰ

2372 3009 2622 3060 Λεόντιον
2651 3007 2742 3060 τὸν
2775 3007 3069 3077 μακάριον,
3108 3001 3168 3058 οὑ
3193 3007 3261 3060 τὰ
3291 3007 3478 3077 σχόλια
3505 3007 3817 3079 ὑπερκαλῆ,
3847 3006 3941 3058 οὑ-

2375 3097 2493 3150 σίαν
2524 3093 2661 3150 εἶναι
2691 3098 2843 3166 λέγει
2887 3097 3026 3169 μετὰ
3070 3097 3436 3161 ὑποστάσεως.
3469 3099 3632 3165 Λέγει
3667 3099 3726 3152 δὲ
3770 3099 3867 3151 καὶ
3912 3099 3943 3150 6

2379 3188 2548 3260 μέγας
2578 3189 2875 3252 Βασίλειος,
2903 3191 3012 3242 οὐκ
3055 3189 3126 3242 ἐν
3167 3187 3248 3253 τῷ
3287 3190 3676 3258 ὑποκειμένῳ,
3711 3192 3802 3243 ἐπὶ
3841 3189 3942 3259 τῆς

2374 3278 2536 3346 ἁγίας
2567 3278 2818 3350 Τριάδος.
2863 3279 3024 3332 Ἀλλὰ
3047 3278 3155 3348 γὰρ
3186 3278 3280 3330 καὶ
3308 3281 3335 3332 6
3361 3280 3637 3348 πάνσοφος
3669 3279 3942 3342 Διονύσιος

687 3385 803 3440 ait:
835 3381 1033 3435 «Multa
1058 3380 1298 3449 quidem,
1330 3378 1536 3432 ratione
1552 3376 1907 3431 accidentium
1934 3391 1948 3438 ;
1981 3375 2073 3428 sed
2106 3390 2267 3427 unum

2376 3365 2479 3427 ὧδὲ
2509 3371 2611 3424 πού
2644 3389 2776 3442 φησι
2809 3372 2898 3425 τό·
2933 3371 3142 3424 «Πολλὰ
3168 3372 3279 3434 τοῖς
3319 3370 3745 3438 συμόεὕηκόσιν,
3782 3371 3841 3423 ἓν
3868 3370 3944 3440 τῷ

688 3481 900 3534 ratione
952 3474 1242 3547 suppositi.
1274 3474 1589 3528 Accidentia
1635 3482 1814 3526 autem
1853 3488 1961 3525 non
2003 3471 2056 3524 in
2137 3471 2266 3525 sub-

2377 3436 2740 3534 ὑποκειμένιρ.
2771 3463 3160 3534 Συμὸεδηκότα
3197 3462 3253 3516 δὲ
3277 3436 3462 3515 οὑκῗὲν
3499 3436 3566 3534 τῇ
3593 3462 3824 3516 καθόλου
3854 3436 3947 3516 ob;

688 3573 887 3629 stantia
930 3569 1252 3631 universali,
1315 3567 1410 3622 sed
1463 3567 1516 3620 in
1591 3565 1871 3636 hypostasi
1930 3573 2266 3633 spectantur,

691 3664 834 3718 sicut
871 3662 1068 3715 nosti.»
1111 3659 1295 3727 Itaque
1319 3654 1571 3711 cumait:
1609 3673 1626 3704 ι
1669 3651 1833 3705 Multa
1861 3652 2077 3720 quidem
2099 3649 2265 3703 ratio-

692 3772 760 3813 ne
786 3753 1170 3815 accidentium,
1191 3765 1357 3805 unum
1373 3763 1502 3803 vero
1518 3748 1726 3801 ratione
1743 3745 2004 3814 suppositi
2039 3762 2052 3797 :
2085 3761 2103 3792 ι
2137 3758 2267 3812 sup.

692 3847 927 3915 positum
957 3843 1223 3898 intellexit
1262 3841 1622 3896 subSIauliam
1653 3855 1776 3892 cuin
1834 3837 2110 3909 hypostasi
2137 3854 2152 3902 ;
2179 3851 2273 3889 ne-

691 3953 818 4006 que,
850 3947 907 3990 ut
928 3950 1070 3999 reor,
1123 3934 1280 3988 aliter
1307 3949 1468 4003 quam
1503 3931 1710 3993 debuit,
1740 3930 1794 3983 in
1838 3930 1975 3983 libro
2006 3929 2269 3998 scriptum

691 4039 795 4083 est.
831 4027 1012 4092 Quare
1040 4025 1210 4090 enim,
1242 4025 1288 4080 si
1335 4040 1442 4078 non
1477 4032 1752 4078 estunum
1813 4021 2114 4090 supposito,
2156 4035 2268 4074 non

691 4121 865 4174 tribus
895 4120 1060 4174 etiam
1107 4119 1420 4172 nominibus
1452 4127 1507 4170 et
1532 4116 1694 4170 rebus
1730 4129 1760 4168 a
1802 4114 2066 4183 theologis
2096 4112 2270 4181 expli-

688 4207 902 4260 cabitur
933 4205 956 4258 1
993 4207 1068 4259 ita
1117 4215 1175 4259 ut
1211 4206 1554 4275 suppositum
1611 4203 1759 4258 aliud
1825 4203 1957 4257 nihil
1988 4204 2058 4257 sit
2102 4218 2264 4272 quam

689 4298 996 4353 substantia
1017 4313 1141 4352 cum
1169 4298 1471 4369 hypostasi.
1515 4296 1674 4363 Quod
1709 4298 1754 4349 si
1785 4297 1914 4364 quid
1940 4296 2154 4350 acutius
2184 4296 2268 4349 in-

686 4403 907 4446 ventum
949 4390 1116 4446 fuerit
1167 4405 1197 4444 a
1255 4391 1541 4445 sanctitate
1574 4398 1686 4456 tua,
1747 4389 1799 4452 id
1873 4389 2067 4444 docere
2117 4405 2262 4453 nos,

686 4494 742 4538 et
764 4484 1090 4555 perpolitum
1119 4483 1187 4537 ab
1219 4483 1337 4552 ipsa
1366 4498 1567 4537 munus
1592 4483 1860 4553 impertiri
1890 4498 1997 4536 non
2025 4491 2260 4537 recuset.

787 4595 1022 4653 CLXIX.
1074 4627 1147 4640 --
1204 4596 1654 4739 T/ieo‘ngi‘fro
1702 4595 1980 4651 Eustratio
2047 4613 2257 4666 prwpo-

2373 3557 2484 3631 σία,
2536 3558 2652 3612 ἀλλ’
2679 3559 2832 3628 ivga
2859 3558 3152 3610 ὑποστάσει
3192 3554 3551 3627 τεθεώρηται,
3591 3555 3667 3616 ῶς
3709 3550 3886 3610 οἶσθα.
3921 3575 3942 3607 ι

2373 3651 2537 3705 Ὥστε
2579 3649 2748 3703 εἰπὼν
2773 3650 2868 3702 τό·
2900 3666 2918 3700 t
2953 3650 3128 3704 Πολλὰ
3161 3652 3272 3713 τοῖς
3304 3647 3741 3720 συμϐεϐηκόσιν,
3771 3647 3830 3699 ἓν
3870 3645 3945 3715 τῷ

2371 3743 2736 3813 ὑποκειμένῳ·
2778 3761 2796 3794 ι
2852 3741 2910 3794 τὸ
2954 3743 3343 3812 ὑποκείμενον,
3380 3741 3570 3795 οὑσίαν
3620 3739 3760 3810 μετὰ
3806 3741 3942 3794 ὑπο-

2375 3836 2618 3898 στάσεως
2649 3835 2870 3905 εἴληφε·
2902 3835 2993 3888 καὶ
3017 3835 3115 3886 οὑκ
3140 3835 3245 3899 ἔξω
3275 3834 3367 3888 τοῦ
3401 3835 3632 3898 εἰκότος,
3662 3831 3738 3894 ὡς
3768 3828 3944 3901 οἶμαι,

2371 3927 2451 3996 τῷ
2481 3927 2694 3980 κεῖσθαι
2725 3930 2782 3980 ὲν
2814 3925 2891 3995 τῷ
2921 3925 3080 3995 λόγῳ.
3114 3925 3236 3988 Πῶς
3267 3927 3375 3997 γὰρ
3416 3926 3482 3980 ἂν
3530 3925 3605 3996 τῷ
3654 3923 3728 3995 μὴ
3768 3923 3827 3975 ἓν
3866 3922 3945 3991 τῷ

2373 4021 2736 4090 ὑποκειμένῳ,
2761 4018 2836 4090 μὴ
2858 4018 2981 4088 οὑχ).
3001 4018 3147 4088 τρισὶ
3173 4017 3268 4068 καὶ
3293 4018 3518 4086 ὀνόμασι
3545 4017 3638 4070 καὶ
3660 4015 3944 4087 πράγμασι

2373 4110 2867 4181 θεολογηοήσεται;
2921 4109 2996 4172 ὼς
3047 4104 3185 4161 εἶναι
3244 4108 3304 4160 τὸ
3369 4109 3728 4178 ὑποκείμενον
3795 4107 3944 4160 οὐδὲν

2373 4203 2522 4267 ἄλλο,
2554 4203 2799 4273 ἢοὺσίαν
2835 4202 2972 4272 μετὰ
3001 4202 3370 4266 ὑποστάσεως.
3416 4201 3480 4255 Ei.
3517 4202 3574 4254 δέ
3617 4220 3671 4255 τι
3712 4199 3948 4255 ὀπτικιῦ-

2372 4311 2528 4365 τερον
2550 4293 2856 4366 ἐξενεχθείη
2885 4293 3040 4366 [Cod.
3065 4293 3196 4364 Reg.
3235 4291 3569 4365 ὲξευρεθεῐη]
3596 4295 3653 4346 ὲν
3686 4297 3750 4363 τῇ
3780 4297 3944 4360 ἁγιω-

2373 4389 2504 4460 σύνῃ
2529 4406 2640 4454 σου,
2663 4390 2738 4459 μὴ
2757 4389 2995 4459 παραιτή
3005 4405 3161 4456 σηται
3177 4386 3403 4450 διδάξαι,
3422 4387 3481 4439 τὸ
3496 4387 3667 4457 δῶρον
3688 4389 3820 4456 πρδις
3841 4386 3926 4438 αὑ-

2370 4481 2469 4551 τῆς
2490 4480 2838 4549 ὲγκαλλωπιζ
2854 4481 3046 4549 όμενον
3075 4477 3232 4552 [Cod.
3266 4477 3399 4549 Reg.
3424 4474 3941 4548 ὲγκωμιαζόμενον].

2366 4594 2510 4653 ΡΞΘ’
2542 4593 2676 4666 (61).
2705 4623 2773 4636 -—
2803 4592 3102 4666 Θεόδωρος
3143 4591 3296 4666 ὑπὲρ
3324 4590 3716 4666 ,Εὐστρατίου
3766 4577 3939 4658 ἡγου-

2923 4659 3132 4731 μένου.
3170 4659 3341 4734 [ψιδκῖ

1549 4759 1689 4819 Quod
1714 4757 1939 4812 Christus
1963 4758 2031 4810 sit
2050 4759 2506 4824 incircumscriptus
2537 4762 2589 4807 et
2610 4751 3034 4816 circumscriptus.

758 4867 1090 4939 Propositio,
1145 4882 1309 4936 quam
1361 4879 1509 4921 same
1568 4865 1835 4920 doctrina:
1881 4866 2190 4930 arbitraris,
2229 4881 2262 4918 o

2440 4865 2515 4917 T6
2544 4861 2836 4932 πρόϐλημα
2877 4857 2975 4926 τῆς
3007 4854 3271 4924 δοκούσης
3320 4872 3404 4908 σοι
3448 4853 3716 4919 εὐδοξίας,
3749 4847 3794 4907 ὦ
3821 4855 3934 4919 τᾶν,

685 4964 884 5025 amice,
942 4972 1000 5014 ut
1031 4961 1168 5015 alias
1200 4961 1584 5014 antecedentes
1610 4958 1692 5012 vel
1742 4959 2138 5028 subsequentes
2184 4957 2270 5012 di-

680 5055 1010 5119 ctiuuculas,
1045 5065 1301 5120 tanquam
1321 5053 1528 5120 ineptas
1552 5061 1603 5105 et
1630 5052 1860 5106 soloaeas
1889 5051 2134 5104 omittam
2159 5032 2268 5114 {ad

681 5149 907 5203 verbum
939 5156 1017 5201 est
1049 5145 1360 5216 hujusmodi
1385 5163 1398 5199 :
1424 5143 1880 5215 Quandoquidem
1901 5143 2151 5199 Christus
2169 5159 2267 5198 ve-

681 5253 779 5293 rus
809 5236 953 5291 Deus
971 5245 1178 5300 uoster,
1199 5236 1336 5291 duas
1360 5243 1602 5299 naturas,
1622 5236 1758 5288 duas
1773 5234 2102 5299 voluntates,
2128 5234 2265 5288 duas

680 5331 1050 5399 operationes,
1070 5331 1288 5383 unicam
1317 5343 1445 5383 vero
1467 5328 1663 5382 habeat
1679 5328 1910 5381 duarum
1939 5337 2261 5381 naturarum

685 5435 999 5488 personam,
1031 5420 1317 5490 cujusnam
1352 5420 1602 5491 eﬂingam
1627 5433 1914 5489 personam
1940 5419 1962 5472 ?
1988 5417 2257 5485 Quoniam

2371 4955 2460 5008 ἵνα
2514 4951 2683 5004 τᾶλλα
2742 4959 2825 5001 σοι
2895 4945 3282 5018 προηγούμενα
3335 4947 3430 4998 καὶ
3479 4945 3724 5014 ἑπόμενα
3773 4943 3940 5008 λεξεί·

2369 5045 2477 5106 δια,
2543 5041 2618 5104 ὡς
2675 5039 2914 5109 ὰσὺφιλά
2961 5055 3024 5090 τε
3080 5038 3174 5091 καὶ
3234 5036 3678 5107 σεσολοικισμένα
3746 5037 3936 5106 παρῶ·

2370 5134 2613 5191 τοιοῦτόν
2639 5135 2786 5186 ἐστιν
2821 5132 2914 5185 ἐπὶ
2945 5130 3164 5196 λέξεως·
3199 5129 3436 5202 Χριστὸς
3476 5130 3505 5182 6
3531 5127 3784 5198 ἀληθινὸς
3816 5129 3941 5192 Θεὸς

2372 5226 2552 5298 ἡμῶν,
2585 5223 2678 5276 δύο
2707 5221 2920 5292 φύσεις,
2945 5221 3039 5275 δύο
3068 5221 3336 5291 θελήσεις,
3358 5219 3450 5274 δύο
3477 5221 3778 5291 ἐνεργείας,
3806 5219 3863 5272 ἓν
3885 5219 3939 5272 δὲ

2372 5317 2664 5390 πρόσωπον
2721 5317 2859 5385 ἔχων
2915 5313 3024 5367 τῶν
3069 5313 3162 5366 δύο
3218 5313 3451 5382 φύσεων,
3510 5312 3656 5375 τίνος
3695 5311 3937 5364 εἰκονίσω

2369 5412 2699 5484 πρόσωπον;
2743 5408 2960 5480 Ἐπειδὴ
2983 5404 3075 5462 οὖν
3104 5405 3418 5478 ἠρώτησας,
3435 5406 3593 5460 Ποῖον
3623 5405 3912 5474 πρόσωπον

684 5511 869 5581 igitur,
894 5510 1133 5582 Ecquam
1160 5527 1472 5581 personam,
1490 5510 1711 5581 rogasti,
1736 5509 1864 5563 audi
1883 5517 2104 5563 attente.
2125 5506 2257 5573 Qua:

2372 5504 2597 5560 ἄκουσον
2628 5501 2902 5574 ἐμμελῶς.
2934 5501 3010 5554 T6
3034 5498 3399 5569 εἰδοποιηθέν·
3426 5497 3612 5568 ἐπειδὴ
3644 5497 3672 5549 6
3704 5496 3936 5558 ἀνείδεος

685 5602 921 5661 formam
953 5604 1252 5675 assumpsit
1287 5623 1302 5660 :
1336 5603 1606 5675 siquidem
1639 5601 1830 5659 formae
1858 5616 2052 5673 expers
2083 5601 2260 5668 imago

2372 5597 2657 5666 χαρακτὴρ
2710 5593 2809 5663 τῆς
2837 5591 3190 5655 ὑποστάσεως
3224 5589 3319 5645 τοῦ
3360 5590 3573 5660 Πατρός
3623 5587 3932 5659 εἰῶποιήθη

2160 5798 2384 5856 ΝΟΤιΕ.

754 5884 831 5953 (*)
870 5885 1199 5954 Dogtuatica.

754 5955 860 6028 (")
895 5957 1231 6027 Dogmatica.

2435 5892 2548 5955 (60)
2580 5891 2634 5944 In
2665 5890 2784 5943 cod.
2825 5888 2954 5957 Reg.
2987 5888 3116 5958 957'.

2442 5964 2552 6029 (6|)
2587 5960 2638 6016 ln
2666 5962 2785 6016 cod.
2828 5955 2960 6029 Reg.
2989 5955 3129 6028 ’ρξηῗ
