4184 6488
230 434 395 497 1533

1436 436 1976 499 EPISTOLARUM
2035 435 2185 498 LIB.
2227 435 2289 495 Π

3359 431 3497 495 1534

222 544 306 602 τὸ
334 542 466 595 καθ’
502 541 673 613 ἡμᾶς.
719 542 793 595 Τὸ
825 540 1082 615 ἐγχρονον
1104 559 1120 574 ⁸
1152 543 1343 615 ἐπειδὴ
1383 546 1413 597 6
1442 545 1610 609 ἀΐδιος
1644 545 1815 615 παρά-

1926 545 2245 600 substantia:
2266 542 2461 609 Patris,
2484 542 2716 599 formam
2767 542 2978 599 scilicet
3013 553 3257 597 nostram
3294 542 3495 602 induit.

223 651 407 689 τασιν
448 632 562 703 ἔχει
607 631 765 691 iCod.
801 633 935 705 Reg.
978 633 1193 707 εἴληφε]
1248 636 1526 706 χρονικήν.
1577 635 1652 688 Τὸ
1702 636 1815 706 ἕχον

1927 632 2059 700 Quae
2102 635 2331 704 tempori
2363 635 2553 689 subest
2585 651 2599 690 :
2637 634 2767 705 quia
2817 645 3057 689 internus
3122 636 3496 690 extensionem

220 726 583 795 ὀφθαλμοὺς,
638 719 773 789 ὦτα,
830 728 970 797 ῥῖνα,
1022 726 1217 797 στόμα,
1267 728 1531 798 παρειάς’
1563 728 1752 799 ἐπειδὴ
1797 730 1815 781 ἐ

1926 727 2085 781 habet
2108 726 2514 795 temporariam.
2564 726 2699 792 Quae
2727 728 2918 782 oculos
2951 728 3133 792 habet,
3181 742 3364 791 aures,
3395 742 3497 781 na-

222 822 659 890 ἀσχημάτιστος
691 822 750 873 ἐν
785 824 1024 891 σχήματι
1068 822 1270 892 εὑρέθη
1301 821 1378 885 ὡς
1411 822 1718 892 ἄνθρωπος.
1750 824 1823 876 Τὸ

225 913 504 982 φιληθέν·
532 913 715 980 ἐπειδὴ
736 914 765 963 6
792 914 1165 984 ἀπερίληπτος
1190 913 1561 984 περιληφθεὶς,
1589 914 1820 986 ἐφιλήοη

225 1003 353 1055 ὑπὸ
396 1003 492 1055 τοῦ
541 1004 825 1075 προδότου.
868 1004 942 1058 Τὸ
987 1006 1283 1077 ραπισθένο
1316 1005 1505 1077 ἐπειδὴ
1547 1009 1576 1060 6
1607 1008 1822 1077 ἀναφὴς

225 1094 460 1164 ἕπαφος
484 1094 743 1163 γεγονὼς,
768 1098 1073 1169 ὲρραπίσοη
1098 1098 1201 1151 ὑπὸ
1220 1098 1313 1151 τοῦ
1344 1100 1637 1171 ὑπηρέτου.
1665 1101 1738 1155 Τὸ
1762 1102 1819 1155 ἐν

229 1186 472 1256 σταυρῷ
500 1188 661 1256 ὀφοὲν
693 1191 985 1260 ὲγκάρσιον
1011 1207 1024 1221 ·
1061 1190 1248 1263 ἐπειδὴ
1277 1192 1305 1244 6
1333 1192 1597 1256 ἀθάνατος
1632 1194 1818 1256 κλίνας

224 1279 345 1347 τὴν
397 1280 641 1352 κεφαλὴν
689 1282 973 1351 παρέδωκε
1031 1281 1090 1335 τὸ
1139 1281 1380 1350 Πνεῦμα.
1415 1262 1540 1337 ’Καὶ
1575 1285 1635 1340 οὐ
1673 1284 1817 1338 δυοῖν

227 1371 556 1438 προσώπων
587 1372 746 1424 τοῦτο
776 1374 1140 1441 ἐμφαντικὸν²
1168 1374 1347 1441 ἄπαγε
1391 1375 1492 1443 τῆς
1522 1376 1777 1440 ἀσεϐείας

226 1463 363 1519 ἀλλ’
384 1466 501 1528 ἐνὸς
535 1465 826 1536 προσώπου
856 1465 949 1519 τοῦ
982 1469 1045 1520 ἐκ
1075 1466 1187 1531 δύο,
1220 1468 1315 1521 καὶ
1349 1470 1407 1519 ὲν
1438 1468 1560 1522 δυσὶ
1590 1471 1818 1537 φύσεσιν

227 1557 397 1621 ὄντος
425 1559 745 1630 ἀδιαιρέτως
798 1562 893 1613 καί
932 1561 1253 1631 ἀσυγχύτως
1290 1563 1687 1618 ἀποδεικτικόν.
1726 1564 1818 1617 Διό

228 1667 410 1719 φησιν
466 1652 495 1703 6
550 1650 692 1720 ἱερὸς
726 1652 1075 1715 Ἀπόστολοςο
1112 1653 1252 1721 Περὶ
1303 1654 1410 1708 τοῦ
1466 1656 1601 1710 Υἱοῦ
1628 1656 1817 1711 αὐτοῦ

226 1744 351 1798 τοῦ
384 1745 708 1815 γενομένου
735 1747 803 1799 ἐκ
836 1745 1177 1814 σπέρματος
1201 1747 1384 1802 Δαυῒδ
1407 1754 1558 1802 κατὰ
1588 1749 1813 1817 σάρκαο

229 1838 349 1891 τοῦ
382 1837 723 1908 ὁρισθέντος
752 1840 888 1893 Υἱοῦ
920 1838 1068 1892 Θεοῦ
1096 1840 1164 1893 ἐν
1193 1841 1442 1910 δυνάμει
1467 1841 1615 1895 κατὰ
1634 1841 1815 1896 πνεῦ-

1924 833 2068 882 sum,
2094 832 2176 882 os,
2212 818 2382 871 malas
2414 835 2427 872 :
2481 818 2608 888 quia
2651 818 2821 888 ﬁgura
2853 834 3070 881 carens,
3100 818 3151 871 in
3193 818 3363 888 ﬁgura
3412 818 3497 871 in-

1923 917 2117 961 ventus
2148 916 2313 960 estut
2345 907 2526 960 homo.
2581 904 2712 972 Quae
2763 908 3010 961 osculum
3061 907 3307 975 excepit:
3368 905 3494 975 quia

1922 997 2490 1067 incomprehensibilis
2516 998 2967 1066 comprehensus,
3029 998 3222 1051 osculo
3270 995 3495 1051 atl'ectus

1920 1098 2065 1144 esta
2110 1091 2402 1158 proditore.
2466 1087 2606 1155 Qua;
2627 1090 2838 1158 alapam
2899 1091 3154 1158 pertulit:
3211 1088 3338 1157 quia
3399 1087 3493 1156 qui

1921 1183 2063 1252 tangi
2085 1199 2193 1236 non
2226 1193 2454 1252 poterat,
2482 1183 2529 1236 is
2564 1185 2731 1236 tactui
2763 1182 2943 1236 iactus
2973 1182 3267 1246 obnoxius,
3334 1181 3492 1248 alapa

1919 1288 2094 1329 casus
2125 1282 2208 1327 est
2230 1253 2555 1328 a‘ministro.
2590 1274 2721 1339 Quae
2754 1274 2809 1326 in
2847 1288 3009 1327 cruce
3038 1273 3148 1326 visa
3180 1282 3263 1324 est
3312 1281 3493 1326 trans-

1918 1363 2117 1416 versim
2179 1375 2497 1431 exporrecta
2523 1365 2681 1432 :quia
2707 1363 3030 1417 immortalis
3064 1363 3320 1416 inclinato
3340 1361 3491 1430 capi-

1921 1465 1973 1507 te
2007 1454 2228 1507 tradidit
2249 1454 2519 1522 spiritum.
2559 1453 2745 1525 Neque
2777 1471 2909 1509 vero
2933 1454 3073 1507 duas
3108 1469 3370 1523 personas
3387 1454 3493 1507 hoc

1918 1545 2262 1600 demonstrat
2300 1562 2511 1617 :apage
2560 1548 2701 1602 hanc
2738 1547 3115 1615 impietatem:
3174 1545 3269 1601 sed
3325 1560 3491 1599 unam

1918 1652 2227 1705 personam,
2254 1654 2321 1692 ex
2368 1638 2581 1693 duabus
2608 1649 2662 1692 et
2690 1639 2743 1691 in
2775 1639 2990 1705 duabus
3022 1638 3232 1691 naturis
3259 1636 3494 1691 indivise

1916 1728 2308 1799 inconfuseque
2335 1731 2684 1785 exsistentem
2706 1729 2961 1783 ostendit.
2988 1728 3141 1783 Unde
3162 1730 3237 1782 ait
3269 1737 3496 1783 sanctus

1916 1819 2206 1887 Apostolus
2233 1836 2247 1871 :
2270 1818 2347 1872 De
2371 1817 2514 1871 Filio
2540 1836 2657 1884 suo,
2687 1820 2776 1888 qui
2796 1819 2968 1887 [actus
2983 1828 3058 1872 est
3081 1818 3356 1872 ex'ssmine
3380 1816 3492 1870 Da-

223 1947 319 1998 μα
362 1906 723 1999 ἁγιωσύνης.
755 1933 798 1984 Τ
801 1934 948 1985 οίνυν
980 1932 1183 2001 δέδειχέ
1213 1951 1315 1997 σοι,
1346 1906 1447 1987 -διὰ
1478 1933 1573 1987 τοῦ
1614 1937 1808 2000 εἰπεῖν,

1915 1912 1999 1963 vid
2025 1912 2309 1963 secundum
2336 1925 2578 1963 carnem:
2613 1912 2705 1980 qui
2758 1910 3167 1979 prtedestittattts
3214 1918 3292 1963 est
3315 1908 3492 1962 Filius

229 2024 393 2076 κατὰ
436 2023 653 2092 σάρκα,
687 2026 1065 2095 περιγραπτὸν
1099 2021 1260 2089 εἶναι,
1289 2026 1408 2094 ἦτοι
1442 2024 1813 2097 ὲξεικονισμέ-

232 2131 333 2166 νον
356 2132 369 2146 ο
417 2116 505 2169 διὰ
546 2115 603 2169 δὲ
632 2116 725 2170 τοῦ
766 2117 955 2183 φάναι,
994 2116 1144 2170 κατὰ
1183 2117 1416 2185 πνεῦμα
1449 2118 1810 2186 ἁγιωσύνης,

231 2208 657 2278 ἁπερίγραπτον
687 2209 778 2261 τὸν
812 2209 974 2261 αὐτὸν
1003 2210 1266 2279 ὑπάρχειν
1309 2209 1511 2279 Ἰησοῦν
1541 2210 1773 2281 Χριστόν
1793 2225 1809 2239 ⁸

231 2300 333 2366 ἀφ’
362 2294 422 2353 οὗ
454 2299 792 2371 ἐξειληφότες
826 2301 1023 2365 πάντες
1052 2303 1100 2354 οἱ
1132 2302 1377 2373 θεοφόρα
1402 2303 1641 2372 ΙῙατέρες
1676 2303 1812 2372 βοῶ-

236 2407 292 2441 σι
348 2392 647 2460 τρανότατα
678 2398 1049 2463 περιγραπτὸν
1070 2394 1230 2446 αὑτὸν
1258 2394 1351 2446 καὶ
1377 2394 1481 2447 ἀπε
1492 2395 1807 2464 ρίγραπτον,

232 2481 437 2551 ὁρατόν
459 2500 521 2536 τε
548 2485 643 2537 καὶ
672 2484 921 2556 ἀόρατον,
951 2484 1207 2557 ἐγχρονόν
1232 2504 1292 2539 τε
1318 2488 1413 2539 καὶ
1440 2486 1630 2541 ἀΐδιον.

311 2726 376 2779 Ei
407 2725 465 2781 δὲ
494 2726 557 2780 οὐ
581 2731 799 2799 χωρεῖς,
838 2729 1126 2785 Ἰουδαϊκὸν
1152 2731 1213 2784 τὸ
1235 2732 1453 2804 λῆμμα*
1482 2735 1600 2798 πῶς
1628 2735 1686 2789 δὲ
1716 2736 1811 2793 καὶ

235 2816 334 2871 δύο
372 2817 586 2885 φύσεων
624 2819 715 2871 τὸν
753 2821 987 2889 Χριστὸν
1024 2821 1214 2889 λέγων,
1249 2822 1354 2893 φὴς
1400 2825 1811 2897 ἀπερίγραπτον

243 2907 439 2977 μόνον;
473 2908 631 2961 τοῦτο
661 2909 770 2980 γὰρ
802 2912 930 2992 μιᾶς
964 2911 1178 2981 φύσεως
1210 2912 1375 2971 αὑτοῦ
1406 2916 1520 2967 ἐστι
1545 2930 1811 2984 σημαντι-

240 2998 359 3053 κόν.
393 3000 467 3053 Τὸ
496 3000 553 3055 δὲ
593 3002 702 3055 τῶν
744 3002 858 3068 δύο,
887 3002 947 3056 τὸ
976 3004 1347 3075 περιγραπτόν
1379 3008 1556 3059 εἰπεῖν
1588 3008 1811 3061 ἀκολού-

244 3092 353 3156 θως
379 3093 475 3147 καὶ
501 3095 933 3167 ἀπερίγραπτον.
967 3096 1175 3150 Οὐκοῦν
1199 3097 1379 3168 ἑαυτῷ
1400 3100 1809 3173 ἐναντιολογεῖς.

247 3185 310 3237 Εἰ
354 3186 462 3257 γὰρ
512 3187 923 3257 ἀπερίγραπτος
973 3189 1133 3258 μόνον
1174 3189 1319 3243 δοκεῖ
1361 3208 1464 3256 σοι,
1516 3192 1674 3245 τοῦτο
1720 3193 1812 3245 καὶ

245 3276 530 3348 Μανιχαίῳ
560 3278 639 3347 τῷ
678 3278 1113 3348 ἀπαμφιεννύντι
1178 3280 1270 3333 τὸν
1335 3282 1504 3349 Λόγον
1557 3285 1654 3352 τῆς
1711 3285 1808 3337 ἀν-

248 3367 619 3437 θρωπὸτητος.
675 3369 733 3423 '0
777 3370 887 3440 γὰρ
930 3370 1090 3441 τῆσδε
1134 3371 1361 3441 γυμνὸς,
1403 3372 1812 3443 ἀπερίγραπτος

246 3464 340 3515 καὶ
383 3464 829 3529 ἀνεξεικόνιστος.
860 3465 1071 3518 Ταὺτὸν
1102 3467 1211 3533 γὰρ
1243 3467 1547 3536 ἀμφότερα.
1587 3468 1656 3519 Ἣ
1696 3467 1812 3531 πῶς

247 3553 409 3606 πάλιν
458 3555 707 3626 μετέχεις
744 3555 839 3609 τοῦ
872 3555 1120 3627 σώματος
1168 3559 1260 3611 καὶ
1296 3558 1524 3627 αἵματος
1554 3558 1647 3611 τοῦ
1676 3561 1811 3629 Χρι-

248 3649 397 3709 στοῦ,
452 3649 616 3703 αὑτοῦ
660 3650 813 3715 ὄντος
864 3652 1002 3705 κα.τά
1052 3652 1111 3705 σὲ
1152 3653 1607 3723 ἀπεριγρὰπτου,
1638 3649 1711 3706 ὧν
1755 3654 1812 3707 δὲ

250 3741 497 3811 μετέχεις
529 3744 1092 3816 περιγεγραμμένων;
1133 3744 1166 3814 ἢ
1206 3748 1279 3815 μὴ
1313 3746 1529 3815 μέτεχε,
1563 3738 1608 3797 ὦ
1634 3745 1809 3813 βέλτι-

249 3848 360 3895 στε,
392 3832 425 3902 ἢ
462 3834 703 3903 μετέχων
732 3835 982 3904 ὁμολόγει
1010 3834 1104 3888 τοῦ
1132 3836 1650 3905 περιγεγραμμένου
1681 3837 1812 3907 Χρι-

249 3922 373 3975 στοῦ
408 3923 659 3994 μετέχειν
694 3927 754 3979 τὸ
780 3928 1295 3997 περιγεγραμμένον
1327 3928 1485 3998 σῶμα
1516 3929 1609 3981 καὶ
1635 3913 1774 3999 αἷμα
1795 3946 1809 3960 ·

248 4014 332 4068 ἵνα
371 4015 446 4084 μὴ
482 4015 879 4086 Παυλιανίζῃς’
908 4001 983 4078 ὧς
1016 4014 1175 4084 ψιλοῦ
1220 4015 1507 4086 ἀνθρώπου
1545 4017 1809 4086 μετέχων,

246 4105 357 4157 ἀλλ’
393 4122 452 4158 ου
497 4105 634 4185 Θεοῦ
668 4104 1105 4175 σεσαρκωμένου.
1142 4107 1414 4177 Συνῆκται
1458 4107 1551 4160 οὖν
1592 4108 1651 4171 ἐξ
1682 4108 1813 4178 ἁλη-

248 4194 393 4257 οείας
421 4197 522 4265 ἀρα
535 4196 724 4266 ρότως,
755 4196 830 4258 ὡς
868 4198 895 4248 6
924 4197 1278 4266 περιγράφων
1308 4198 1399 4249 τὸν
1425 4197 1678 4268 Χριστὸν,
1713 4199 1813 4251 οὐκ

248 4286 701 4358 ἀνθρωπολάτρης
748 4286 890 4340 κατά
932 4287 1248 4357 Νεστὸριον,
1278 4290 1311 4361 ἢ
1343 4292 1814 4361 κτισματολὰτρης

250 4382 387 4434 κατά
438 4381 680 4447 Ἀρειον,
726 4379 801 4442 ὠς
860 4378 1247 4451 ἐφληνάφησας
1297 4382 1645 4452 ἀμαθαίνων·
1699 4384 1812 4436 ἀλλ’

249 4473 411 4542 ἀπρὶξ
453 4472 732 4544 ὀρθόδοξος
760 4473 1083 4541 Χριστιανὸς
1113 4461 1507 4544 ἀληθέστατος⁹
1540 4474 1615 4537 ὡς
1658 4476 1751 4529 καὶ
1786 4477 1815 4528 ὁ

1914 1999 2010 2055 Dei
2030 2002 2082 2053 in
2107 2002 2297 2055 virtute
2326 2002 2623 2055 secundum.
2643 2003 2892 2073 spiritum
2924 2002 3362 2069 sanctiﬁcationis
3392 2001 3437 2033 '“
3474 2038 3490 2055 .

1912 2087 2079 2158 igitur
2110 2092 2345 2145 ostendit
2372 2091 2488 2155 tibi,
2518 2108 2641 2146 cum
2698 2095 2840 2147 dicet
2890 2093 3177 2146 secundum
3240 2107 3449 2145 carnem

1910 2184 2283 2238 circumscribi
2317 2200 2476 2252 posse
2525 2201 2620 2240 seu
2651 2186 2907 2255 eﬂigiari:
2969 2200 3095 2239 cum
3136 2184 3270 2239 dicit
3305 2195 3488 2238 autem

1910 2285 2201 2329 secundum
2249 2276 2497 2346 spiritum
2533 2277 3002 2346 sanctiﬁcationis,
3076 2275 3491 2331 incircumscri-

1911 2374 2064 2435 ptum
2103 2382 2223 2420 esse
2247 2366 2480 2421 eundem
2501 2366 2692 2423 Iesum
2715 2366 3016 2422 Christum.
3053 2366 3097 2418 A
3148 2382 3257 2437 quo
3311 2366 3489 2421 educti

1910 2470 2101 2511 omnes
2130 2456 2299 2509 divini
2327 2454 2514 2511 Patres
2544 2456 2850 2510 clarissima
2882 2470 3016 2509 voce
3064 2455 3359 2523 praedicant
3378 2498 3392 2521 ,
3419 2455 3487 2508 il-

1905 2549 2021 2603 lum
2042 2558 2095 2603 et
2116 2550 2588 2619 circumscriptum
2613 2560 2670 2605 et
2699 2550 3229 2619 iucircumscriptum
3250 2589 3266 2613 ,
3301 2548 3489 2604 visibi—

1910 2644 2013 2698 lem
2039 2653 2093 2697 ct
2126 2644 2482 2709 invisibilem,
2516 2644 2904 2713 temporarium
2932 2654 2985 2698 et
3005 2656 3291 2698 aeternum.

1980 2734 2135 2801 Quod
2158 2735 2202 2789 si
2231 2752 2335 2788 non
2396 2736 2676 2804 intelligis,
2730 2734 2960 2790 Judaica
3017 2744 3101 2789 est
3135 2733 3438 2805 propositio
3470 2752 3486 2790 :

1910 2841 2019 2896 quu
2046 2834 2225 2880 autem
2258 2836 2434 2895 pacto,
2473 2828 2704 2880 duarum
2747 2835 3064 2880 naturarum
3088 2827 3368 2882 Christum
3412 2826 3492 2881 ἀει

1911 2929 2061 2977 cens,
2123 2917 2505 2969 tantummodo
2561 2914 3101 2983 incircumscriptum
3147 2915 3337 2970 dicis?
3383 2915 3495 2993 hoc!

1911 3005 2056 3059 enim
2082 3006 2297 3058 unicam
2329 3004 2449 3072 ejus
2474 3013 2723 3058 naturam
2753 3004 3046 3074 signiﬁcat.
3066 3004 3167 3070 Qui
3202 3020 3329 3063 vero
3352 3006 3491 3061 dua-

1913 3112 2037 3150 rum
2068 3096 2236 3158 dicat,
2271 3105 2326 3151 et
2355 3097 2831 3165 circumscriptum
2862 3112 3204 3166 consequens
3229 3106 3313 3151 est
3339 3098 3491 3151 dice-

1914 3203 1992 3251 re,
2016 3198 2070 3242 et
2096 3188 2652 3257 iucircumscriptum,
2681 3188 2846 3257 igitur
2876 3189 2971 3242 tibi
3001 3189 3115 3259 ipse
3138 3188 3491 3245 contradicis.

1912 3278 2046 3333 Nam
2086 3280 2130 3334 si
2162 3279 2665 3348 incircumscriptus
2701 3288 2911 3334 tantum
2962 3280 3058 3334 tibi
3109 3280 3347 3344 videtur,
3401 3280 3490 3333 id-

1913 3366 2090 3435 ipsum
2121 3376 2173 3421 et
2193 3364 2614 3435 Manichaeo,qui
2634 3366 2864 3421 Verbum
2885 3366 3080 3434 spoliat
3109 3366 3446 3420 humanitate
3470 3379 3488 3417 :

1913 3455 2005 3525 qui
2029 3458 2170 3509 enim
2202 3456 2288 3509 illa
2334 3464 2502 3519 caret,
2544 3455 3055 3522 incircumscriptus
3110 3464 3275 3507 estet
3314 3452 3489 3507 incili-

1912 3547 2144 3615 giabilis.
2169 3545 2313 3599 Idem
2342 3549 2485 3600 enim
2507 3554 2637 3600 sunt
2668 3545 2851 3599 ambo.
2870 3546 2980 3599 Aut
3002 3558 3190 3597 rursus
3213 3543 3493 3612 quomodo

1913 3633 2208 3702 participas
2243 3648 2443 3701 corpus
2474 3642 2528 3687 et
2562 3633 2887 3703 sanguinem
2918 3631 3143 3693 Christi,
3199 3646 3323 3684 cum
3373 3630 3489 3698 ipse

1913 3735 2002 3779 tua
2032 3728 2295 3779 sententia
2324 3726 2395 3780 sit
2428 3725 2969 3793 incircumscriptus,
3001 3732 3055 3778 et
3074 3724 3485 3792 circumscripta

1912 3816 2021 3871 sint
2046 3831 2109 3869 ea
2167 3831 2289 3885 qua:
2331 3816 2630 3886 participas
2658 3815 2682 3868 ?
2707 3817 2813 3869 Aut
2854 3816 3179 3884 participare
3230 3816 3482 3880 abstine,

1910 3909 1995 3961 vir
2025 3910 2251 3976 optime,
2284 3917 2381 3962 aut
2411 3911 2746 3979 participans
2769 3908 3026 3962 conﬁtere
3056 3916 3107 3961 te
3139 3904 3489 3962 circumscri-

1911 3998 1990 4069 pti
2059 3999 2263 4053 Christi
2314 3999 2785 4067 circumscriptum
2830 4014 3028 4067 corpus
3061 4006 3115 4051 et
3164 3997 3489 4068 sanguinem

1910 4090 2238 4160 participare
2271 4106 2285 4143 :
2325 4100 2381 4142 ut
2407 4105 2511 4142 non
2544 4088 2908 4153 Pauliauizes,
2942 4090 3089 4146 velut
3126 4091 3333 4143 nudum
3382 4089 3487 4143 ho-

1913 4182 2139 4247 minem,
2169 4192 2345 4235 etnon
2383 4180 2550 4235 Deum
2587 4181 2926 4235 incarnatum
2962 4183 3314 4251 participans.
3348 4181 3487 4248 Apte

1915 4273 2081 4342 igitur
2109 4286 2176 4327 ex
2206 4275 2435 4327 veritate
2459 4273 2781 4326 conclusum
2813 4282 2917 4337 est,
2948 4290 3071 4327 eum
3089 4275 3182 4343 qui
3206 4274 3481 4328 Christum

1914 4365 2356 4433 circumscribit,
2385 4380 2493 4420 non
2532 4380 2654 4420 esse
2686 4365 2924 4421 hominis
2960 4366 3297 4422 adoratorem
3327 4369 3485 4438 ju‘xta

1915 4453 2251 4521 Nestorium,
2280 4472 2379 4510 nec
2411 4465 2674 4512 creaturae
2695 4458 3059 4523 adoratorem,
3093 4457 3248 4527 juxta
3270 4458 3481 4523 Arium,

255 4567 325 4637 μὴ
367 4567 720 4637 περιγράφων
766 4568 905 4620 κατά
937 4567 1017 4630 σὲ,
1060 4566 1409 4638 Μανιχαῖζων
1440 4567 1574 4636 ὁμοῦ
1607 4585 1667 4620 τε
1716 4568 1808 4621 καὶ

1919 4547 2061 4601 sicut
2100 4557 2155 4600 tu
2206 4548 2455 4617 imperite
2522 4557 2759 4618 nugatus
2802 4564 2864 4603 es
2903 4565 2920 4617 ;
2970 4551 3062 4604 sed
3111 4550 3483 4604 orthodoxum

253 4658 645 4722 ΙΙαυλιανίζων⁸
678 4658 740 4711 τὸ
776 4660 873 4729 μὲν
923 4662 988 4730 τῇ
1041 4660 1135 4713 τοῦ
1195 4660 1609 4729 ἁπεριγράπτου
1662 4663 1811 4731 φωνῇ

253 4751 449 4820 γυμνὸν
512 4751 643 4803 Θεὸν
702 4752 957 4818 εἰσάγων,
1025 4750 1407 4821 φαντασιωδῶς
1463 4750 1816 4821 ὲνανθρωπή-

255 4858 449 4897 σανταο
496 4842 556 4893 τὸ
609 4841 665 4893 δὲ
720 4844 785 4913 τῇ
840 4844 973 4912 αὐτῇ
1028 4845 1178 4913 φωνῇ
1223 4842 1316 4894 τοῦ
1372 4842 1811 4913 ἁπεριγράπτου,

253 4934 323 4996 ὡς
366 4932 521 5001 ψιλοῦ
571 4934 857 5005 ἀνθρώπου
908 4936 1150 5006 μετέχων
1200 4934 1358 5003 σῶμα
1404 4937 1497 4987 καὶ
1540 4930 1677 5004 αἷμα
1710 4952 1812 4987 κα-

252 5024 319 5078 τὰ
379 5023 624 5091 Παῦλον,
690 5026 784 5079 καὶ
844 5026 905 5079 οὐ
974 5025 1110 5080 θεοῦ
1176 5025 1392 5097 ἀληθῶς
1457 5025 1807 5097 ὲνανθρωπή-

256 5128 457 5177 σαντος.

454 5374 556 5428 PO'
587 5373 722 5446 (62).
742 5403 813 5417 —-
841 5373 1111 5443 Θεοδώρῳ
1140 5373 1414 5441 διακόνῳ.
1439 5374 1633 5447 [LI/27k]

1913 4639 2211 4701 mordicus,
2243 4641 2706 4711 verissimumque
2765 4640 3139 4696 Christianum
3173 4659 3186 4694 :
3219 4642 3483 4709 quemad—

1910 4729 2133 4785 modum
2167 4732 2258 4800 qui
2288 4740 2465 4785 tecum
2502 4746 2610 4785 non
2643 4732 3070 4796 circumscribit,
3108 4732 3159 4785 in
3192 4730 3483 4786 Manichaei

1912 4823 2074 4877 simul
2147 4832 2196 4876 et
2229 4822 2378 4875 Pauli
2403 4823 2639 4878 Intereses
2662 4824 2891 4879 incurrit
2926 4841 2941 4877 :
2978 4823 3030 4876 in
3065 4823 3209 4877 illaut
3235 4824 3480 4893 quidem,

1912 4913 2025 4983 ipsa
2062 4914 2516 4983 incircumscripli
2552 4930 2682 4970 voce
2726 4915 2991 4969 inducens
3019 4917 3223 4969 nudum
3259 4914 3426 4969 Deum
3461 4956 3480 4980 ,

1910 5007 2254 5076 phantastice
2320 5007 2594 5062 hominem
2646 5008 2848 5062 factum
2884 5027 2901 5077 ;
2932 5010 2984 5062 in
3019 5009 3159 5062 hanc
3188 5024 3339 5072 vero,
3386 5024 3481 5077 per

1911 5100 2160 5154 eamdem
2200 5100 2657 5170 incircumscripti
2684 5116 2894 5166 vocem,
2925 5112 2984 5157 ut
3023 5101 3116 5169 qui
3156 5100 3280 5154 nudi
3309 5099 3481 5154 horni-

1912 5192 1998 5245 nis
2031 5207 2228 5258 corpus
2274 5203 2328 5247 et
2357 5194 2677 5263 sanguinem
2719 5193 2985 5262 percipiat
3012 5194 3311 5246 secundum
3334 5191 3478 5245 Pau-

1912 5280 2045 5344 lum,
2074 5291 2127 5335 ct
2154 5298 2259 5335 non
2285 5281 2379 5336 Dei
2406 5298 2531 5335 vere
2565 5282 2801 5337 hominis
2829 5281 2977 5336 iacti.

2178 5373 2386 5427 CLXX.
2418 5406 2479 5415 —
2512 5373 2782 5429 Theodoro
2820 5376 3042 5429 diacono
3074 5375 3171 5445 (").

1541 5483 1865 5536 Confutatoria
1894 5486 2232 5537 haereticarum
2256 5489 2596 5550 quzestionum,

324 5567 478 5619 Ἥκω
500 5569 567 5639 τῇ
598 5569 862 5641 ἐπιτροπῇ
892 5572 993 5640 τῆς
1020 5569 1237 5640 ἀγάπης
1278 5585 1371 5621 σου
1409 5569 1504 5622 ἐπὶ
1539 5570 1603 5638 τῇ
1628 5570 1803 5621 ἁπαν-

320 5677 358 5709 ¹¹
390 5678 547 5732 Rom.
573 5693 591 5731 ι
622 5717 639 5741 ,
664 5679 719 5733 5.

1986 5567 2177 5635 Venio,
2215 5572 2500 5627 charitatis
2539 5582 2641 5627 tua:
2690 5572 2967 5638 mandato,
3026 5568 3095 5625 ad
3155 5567 3479 5627 refellenda:

1745 5769 1977 5827 NOTAE.

320 5858 425 5927 (62)
456 5861 511 5916 In
542 5862 661 5915 cuti.
699 5858 824 5933 Reg.
864 5864 993 5935 ρξζ¹.

1984 5865 2057 5933 (⁸)
2087 5863 2421 5932 υοκιῐιοῑίρο.
