4184 6514
704 411 834 476 1535
1888 421 1950 479 S.
1980 419 2293 479 THEODO

2399 421 2745 481 STUDITE
3813 418 3838 477 1
3857 419 3976 476 536

702 522 1077 578 lnerericorum
1105 523 1474 593 objectiones:
1504 543 1641 598 quas
1659 529 1704 584 si
1735 540 1880 584 recte
1901 531 2274 594 confutavero,

2386 533 2534 601 τήσει
2569 531 2677 584 τῶν
2708 529 3003 599 αἱρετικῶν
3032 527 3468 599 προϐλημάτωνο
3506 527 3602 582 καὶ
3650 528 3700 579 ει
3761 526 3878 597 μὲν
3921 520 3984 577 εἷ

701 617 980 685 scriptioni
1017 617 1255 686 sigillum
1286 634 1497 689 appone
1533 637 1548 686 ;
1586 623 1670 676 sin
1719 625 1924 687 minus,
1973 626 2273 694 explicabis

2386 623 2767 692 ἡπαντήσοιμι,
2801 621 2988 682 ἐπίθες
3025 621 3124 691 τὴν
3164 623 3435 691 σφραγῖδα
3471 620 3550 692 τῷ
3591 621 3741 690 λόγῳ
3764 638 3777 651 ·
3811 622 3876 675 εί
3927 622 3986 672 δὲ

703 706 818 777 ipse
846 709 1157 766 dilucidius.
1192 710 1329 777 Quia
1360 729 1489 768 vero
1529 718 1815 770 commode
1841 719 1978 772 solvi
2019 718 2273 774 haeretica

2386 716 2544 784 μήγε,
2561 713 2914 782 σαφηνίσειας
2941 714 3101 776 αὐτὸς
3124 714 3559 784 εύκρινέστερον.
3592 714 3752 767 Ἐπεὶ
3773 713 3837 766 δὲ
3875 713 3986 782 ούχ

700 800 934 870 objectio
961 817 1066 855 non
1087 812 1283 872 potest,
1324 806 1428 859 nisi
1455 809 1753 876 propositio
1790 810 1904 878 ipsa
1944 820 2272 878 exponatur,

2386 799 2488 856 οἷον
2547 820 2608 855 τε
2663 803 2725 856 εὖ
2768 803 2911 872 μάλα
2939 803 3188 855 διαλῦσαι
3219 804 3280 856 τὸ
3318 805 3593 870 αἱρετικὸν
3638 805 3986 874 πρόδλημα,

704 895 881 961 priore
913 895 1002 948 illa
1034 896 1156 950 loco
1191 906 1486 965 statuetur,
1521 910 1634 956 turn
1693 902 1888 958 deinde
1933 902 2066 958 tides
2093 904 2277 958 ortho-

2386 892 2535 964 [ϐοά.
2568 892 2700 963 Reg.
2751 892 3029 965 φρόνημα]
3076 895 3124 946 εί
3169 894 3243 964 μὴ
3285 894 3424 964 αὑτὴ
3455 895 3488 964 ἡ
3523 895 3795 965 πρότασις
3833 896 3986 946 ἀπο-

700 987 861 1040 doxa.

2386 985 2650 1038 δείκνυται
2680 983 2840 1056 [Cor].
2881 983 3010 1050 Reg.
3041 983 3439 1056 ύποδείκνυτο],
3498 985 3720 1056 πρῶτον
3759 985 3985 1037 κείσθω

2377 1076 2538 1146 αὕτη,
2567 1077 2662 1129 καὶ
2693 1073 2794 1130 εἷθ’
2821 1077 2993 1141 οὕτως
3021 1081 3058 1148 ἡ
3086 1079 3365 1149 ὀρθόδοξος
3395 1078 3598 1143 πίστις.
3627 1078 3793 1151 [Cod.
3831 1077 3980 1147 Reg.

2376 1168 2578 1240 λύσις.]

1191 1256 1428 1325 Objectio
1457 1260 1711 1314 haeretici.

775 1339 950 1397 Unam
1015 1356 1262 1400 naturam
1298 1347 1391 1403 Dei
1423 1348 1578 1405 Verbi
1600 1354 1936 1408 incarnatam
1967 1354 2232 1410 conﬁtens
2259 1398 2274 1423 ,

705 1444 876 1490 totum
915 1439 1173 1506 quiddam
1229 1439 1531 1507 Christum,
1574 1445 1688 1500 sive
1749 1463 1910 1500 unam
1952 1450 2274 1502 totalitatem

701 1544 765 1582 ex
808 1532 1070 1598 partibus,
1124 1535 1404 1591 divinitate
1444 1539 1652 1593 scilicet
1681 1549 1736 1594 et
1783 1540 2140 1603 humanitate,
2194 1542 2280 1594 di-

705 1623 852 1676 citis.
917 1623 1324 1700 lnterrogamus
1362 1647 1512 1700 ergo,
1559 1635 1815 1703 quidnam
1857 1649 2060 1693 sancta:
2095 1635 2277 1692 Trini-

705 1714 798 1766 tati
821 1719 1196 1773 annumeratis
1226 1720 1249 1774 ἲ
1282 1731 1548 1786 totumue,
1602 1741 1670 1779 an
1722 1740 1925 1796 partem
1952 1731 1974 1784 7
1999 1731 2064 1784 Et
2105 1733 2280 1802 siqui-

703 1809 824 1861 dem
851 1818 1020 1864 totum
1046 1850 1062 1876 ,
1121 1829 1227 1867 non
1260 1815 1361 1868 erit
1385 1827 1567 1870 sancta
1620 1817 1859 1876 Trinitas
1920 1826 2279 1880 consubstan-

2835 1265 3152 1331 Πρόὸλημα
3179 1261 3497 1329 αΙρετικοῦ.

2448 1359 2595 1413 Μίαν
2631 1357 2792 1426 φύσιν
2825 1357 2920 1410 τοῦ
2951 1353 3086 1408 Θεοῦ
3103 1356 3281 1422 Λόγου
3314 1354 3747 1425 σεσαρκωμένην
3773 1355 3985 1424 ὁμολο-

2376 1450 2624 1518 γοῦντες,
2662 1449 2783 1502 ὅλον
2817 1466 2870 1500 τι
2914 1447 3006 1499 τὸν
3046 1445 3302 1514 Χριστὸν,
3336 1446 3504 1515 ἧγουν
3557 1445 3687 1515 μίαν
3730 1446 3983 1514 «nequ

2378 1545 2442 1596 ὲκ
2485 1543 2687 1613 μερῶν,
2727 1542 2976 1610 θεότητος
3009 1557 3070 1592 τε
3112 1541 3205 1592 καὶ
3234 1538 3654 1609 ἀνθρωπὸτητος
3694 1539 3990 1608 δηλονὸτιι

2377 1635 2584 1704 λέγετε.
2630 1633 3019 1703 Πυνθανόμεθα
3065 1628 3179 1696 οὖν,
3210 1632 3263 1684 τί
3303 1631 3691 1702 συναριθμεῖτε
3733 1635 3803 1701 τῇ
3837 1631 3982 1700 ἁγίᾳ

2377 1729 2568 1799 Τριὰδι
2590 1747 2605 1794 ;
2628 1728 2689 1781 τὸ
2717 1727 2916 1797 ὃλον,ἢ
2949 1728 3009 1779 τὸ
3036 1726 3233 1796 μέροςς
3263 1725 3357 1778 καὶ
3385 1726 3434 1776 εί
3467 1725 3566 1794 μὲν
3591 1726 3654 1777 τὸ
3684 1725 3832 1787 ὅλον,
3871 1726 3984 1776 οὐκ

2380 1822 2534 1875 ἔσται
2567 1820 2850 1891 ὁμοούσιος
2880 1822 2912 1889 ἡ
2943 1819 3072 1886 ἁγία
3099 1817 3268 1888 Τριάς
3291 1833 3305 1846 ⁸
3339 1819 3387 1869 εἰ
3417 1807 3474 1870 at
3494 1817 3554 1869 τὺ
3588 1817 3782 1888 μέρος,
3813 1818 3846 1887 ἧ
3872 1816 3984 1882 τὴν

707 1903 850 1957 tialis
882 1923 894 1958 :
932 1906 976 1959 si
1010 1921 1137 1961 vero
1169 1919 1378 1976 partem
1410 1952 1424 1976 ,
1466 1922 1559 1966 aut
1609 1914 1948 1970 divinitatem
2009 1934 2278 1974 annume-

2386 1913 2615 1979 θεότητα
2656 1910 3138 1983 συναριθμοῦντες,
3185 1908 3343 1970 ἐκτὸς
3393 1910 3491 1977 τῆς
3525 1909 3687 1976 ἁγίας
3731 1907 3982 1977 Τριάδος

708 2005 911 2058 rantes,
945 2010 1098 2055 extra
1153 2014 1399 2058 sanctam
1460 2005 1782 2062 Trinitatem
1838 2012 2123 2082 perspicue
2179 2015 2282 2066 hu-

709 2092 1022 2145 manitatem
1061 2094 1397 2164 relinquitis;
1431 2107 1526 2150 aut
1586 2101 1980 2157 humanitatem
2019 2121 2284 2159 annume-

709 2193 913 2250 rantes,
937 2186 1278 2244 divinitatem
1308 2203 1460 2247 extra
1492 2191 1819 2252 Trinitatem
1846 2197 2029 2254 dicere
2082 2199 2282 2270 depre-

711 2275 1042 2332 hendemini.

1276 2374 1487 2432 Salutio
1513 2381 1842 2448 objectionis.

779 2459 953 2516 Unam
987 2474 1238 2522 naturam
1301 2470 1459 2525 Verbi
1520 2472 1858 2530 incarnatam
1932 2477 2282 2543 confitentes,

711 2569 817 2607 non
849 2555 1172 2625 simpliciter
1231 2566 1404 2615 totum
1442 2564 1702 2632 quiddam
1747 2567 2047 2632 Christum,
2082 2572 2176 2625 sed
2217 2585 2286 2626 ex

709 2647 922 2701 duabus
956 2650 1311 2707 totalitatibus
1343 2653 1507 2709 simul
1538 2658 1873 2726 conjunctis,
1901 2660 2184 2718 divinitate
2233 2674 2288 2720 et

713 2734 1065 2801 humanitate,
1101 2739 1462 2796 confitemur:
1488 2748 1788 2802 secundum
1811 2765 1949 2819 quas
1971 2753 2285 2820 totalitates,

711 2844 830 2896 qua
859 2841 916 2884 ut
942 2842 1122 2901 partes
1145 2835 1212 2888 ad
1267 2841 1719 2906 compositionem
1771 2858 2067 2917 assumpta:
2108 2861 2236 2904 sunt
2270 2893 2286 2917 ,

714 2931 860 2978 totus
887 2934 988 2991 est,
1043 2935 1300 2998 tanquam
1337 2929 1499 2999 Deus,
1548 2932 1693 2988 Patri
1724 2946 1776 2990 et
1845 2937 2069 3007 Spiritui
2099 2955 2289 2999 sancto

715 3015 1036 3071 naturaliter
1065 3021 1400 3088 coniunctus
1431 3040 1446 3088 ;
1483 3035 1537 3078 et
1573 3035 1737 3092 totus,
1770 3031 1920 3084 velut
1949 3035 2130 3100 homo,
2166 3054 2286 3091 cum

714 3115 886 3161 matre
909 3116 964 3162 ct
1014 3109 1172 3165 nobis
1205 3113 1634 3169 substantialiter
1666 3129 1952 3188 cooptatus
1983 3141 1996 3188 ;
2026 3127 2287 3191 singulari

2383 2006 2480 2076 τὴν
2518 2005 2912 2076 ἀνθρωπότητα
2952 2001 3231 2072 προδήλως
3269 2001 3746 2072 καταλιμπάνετε’
3787 2000 3820 2069 ἦ
3871 2002 3978 2068 τὴν

2383 2098 2774 2168 ἀνθρωπότητα
2797 2093 3019 2163 συναριο
3030 2093 3276 2164 μούντες,
3309 2092 3582 2147 ἁλώσεσθε
3607 2093 3707 2163 τῆς
3727 2091 3977 2161 Τριάδος

2384 2191 2541 2253 ἐκτὸς
2562 2189 2660 2259 τὴν
2683 2187 2910 2257 θεότητα
2932 2186 3202 2255 λέγοντες.

2877 2367 3066 2432 Λύσις
3089 2364 3241 2434 πρὸς
3267 2364 3468 2419 τοῦτο.

2457 2461 2602 2516 Μίαν
2640 2458 2804 2528 φύσιν
2844 2459 2939 2513 τοῦ
2971 2460 3141 2526 Λόγου
3181 2456 3608 2526 σεσαρκωμένην
3636 2457 3974 2527 ὁμολογοῦν·

2385 2571 2499 2616 τες,
2530 2552 2627 2622 ούχ
2668 2552 2854 2614 ἁπλῶς
2897 2552 3017 2604 ὅλον
3060 2568 3110 2602 τι
3141 2549 3231 2601 τὸν
3264 2549 3516 2618 Χριστὸν,
3563 2549 3681 2602 ἀλλ’
3713 2553 3781 2604 ὲκ
3823 2552 3973 2603 δυοῖν

2387 2645 2658 2716 ὁλοτητων
2681 2643 3176 2712 συνενηνεγμένων,
3199 2639 3453 2711 θεῶητὸς
3481 2658 3540 2693 τε
3559 2643 3654 2694 καὶ
3674 2643 3773 2696 ἀνθ
3784 2642 3971 2712 ρωπο-

2388 2756 2570 2808 τητος,
2603 2735 2974 2808 ὁμολογοῦμεν
2998 2750 3011 2765 ·
3043 2732 3163 2787 καθ’
3196 2731 3264 2795 ἃς
3297 2732 3552 2802 ὁλότητας
3583 2734 3682 2797 τὰς
3713 2735 3789 2796 ὠς
3828 2734 3971 2803 μέρη

2392 2833 2528 2902 πρὸς
2555 2830 2652 2900 τὴν
2685 2828 2933 2882 σύνθεσιν
2960 2824 3319 2894 εἰλημμένας,
3353 2823 3473 2888 ὅλος
3505 2826 3674 2888 ἐστὶν,
3708 2826 3785 2889 ῶς
3814 2826 3968 2889 Θεὸς,

2389 2925 2468 2994 τῷ
2509 2924 2678 2997 Πατρί
2703 2939 2760 2974 τε
2795 2922 2888 2973 καὶ
2912 2919 2990 2988 τῷ
3019 2918 3293 2986 Πνεύματι
3321 2919 3567 2986 φυσικῶς
3597 2921 3966 2990 συνημμένος

2390 3019 2485 3070 καὶ
2517 3017 2654 3078 ὅλος,
2685 3013 2756 3074 ὡς
2782 3011 3086 3080 ἄνθρωπος,
3115 3012 3182 3080 τῇ
3215 3011 3383 3082 μητρὶ
3413 3011 3508 3064 καὶ
3533 3012 3664 3081 ἡμῖν
3693 3010 3968 3072 ούσιωδῶς

2394 3106 2860 3174 συντεταγμένος·
2908 3100 2988 3172 τῷ
3039 3103 3310 3174 μοναδικῷ
3359 3106 3666 3172 χαρακτῆρι
3713 3101 3782 3154 τὰ
3826 3103 3971 3170 ἄκρα

712 3201 1027 3256 charactere
1078 3204 1340 3273 colligans
1397 3216 1637 3262 extrema
1664 3209 1716 3262 in
1765 3214 1962 3282 seipso,
2010 3228 2286 3272 extremo-

2396 3199 2533 3270 πρδς
2581 3195 2772 3249 ἑαυτὸν
2809 3193 3059 3258 συνδέων,
3107 3199 3201 3248 καὶ
3242 3197 3368 3258 τοὺς
3415 3194 3522 3247 τῶν
3570 3193 3756 3262 ἄκρων
3811 3193 3970 3262 ὅρους

717 3302 947 3356 rumque
979 3289 1325 3345 deﬁnitiones
1365 3293 1560 3348 illaesas
1585 3305 1639 3349 et
1676 3297 1992 3357 inconl'usas
2021 3304 2073 3358 in
2131 3307 2290 3361 unio-

715 3394 784 3431 ne
816 3394 1166 3437 conservans.
1202 3380 1258 3436 In
1296 3400 1406 3454 quo
1457 3388 1701 3444 Trinitas
1768 3403 1950 3448 manet
2026 3393 2286 3465 Trinitas,

712 3466 954 3520 alienum
991 3470 1290 3539 quidquam
1320 3487 1350 3524 a
1402 3484 1596 3529 natura
1647 3491 1742 3546 per
1801 3480 2130 3537 additionern
2179 3501 2290 3540 non

715 3554 1049 3620 admittens;
1100 3567 1157 3611 et.
1197 3557 1516 3616 humanitas
1584 3575 1770 3620 manet
1818 3567 2156 3632 humanitas,
2222 3574 2292 3626 ah

717 3646 867 3701 unita
890 3648 991 3700 sibi
1019 3650 1305 3706 divinitate
1339 3655 1565 3710 minime
1605 3658 1794 3712 divisa.
1833 3660 2169 3732 Quapropter
2203 3681 2294 3718 ra-

719 3738 882 3791 tionis
903 3754 1100 3808 expers
1126 3742 1228 3795 fuit
1250 3745 1482 3812 objectio
1516 3758 1708 3810 tna,ex
1738 3751 2136 3820 Acephalorurn
2162 3772 2294 3812 con-

719 3830 1062 3886 fundentium
1099 3835 1287 3889 liceresi
1319 3839 1602 3894 ebulliens.

969 3921 1206 3989 Objectio
1233 3926 1402 3979 altera
1425 3928 1658 3995 ejusdem
1722 3932 1976 3988 Iiwretici.

794 4013 889 4067 llic
915 4014 1187 4078 Christus,
1221 4033 1382 4086 quem
1415 4033 1516 4075 nos
1556 4023 1907 4092 confitemur,
1961 4045 2296 4086 annumera-

721 4117 809 4160 tnr
839 4115 1041 4161 sancta:
1081 4107 1356 4174 Trinitati,
1397 4114 1479 4166 vel
1498 4129 1627 4168 non.
1661 4115 1725 4169 Et
1748 4119 1791 4172 si
1825 4119 2044 4189 quidem
2096 4135 2299 4178 sanctze

719 4194 980 4253 Trinitati
1033 4212 1448 4270 annumeratur,
1499 4221 1610 4275 quo
1679 4218 1839 4276 pacto
1893 4211 2006 4280 jam
2058 4211 2298 4269 Trinitas

723 4293 828 4345 erit
856 4295 1346 4351 consubstantialis
1371 4297 1393 4350 ?
1419 4296 1474 4350 Si
1494 4306 1674 4352 autem
1706 4316 1813 4354 non
1862 4317 2256 4360 annumeratur
2282 4303 2304 4370 ,’

726 4400 825 4439 nec
857 4384 1000 4441 Deus
1033 4389 1156 4452 erit,
1189 4389 1280 4443 sed
1314 4390 1494 4445 nudus
1562 4401 1772 4446 tantum
1839 4393 2023 4450 homo.
2090 4396 2299 4462 Quibus

727 4493 826 4532 vos
873 4481 1053 4535 verbis
1080 4482 1473 4538 dubitationem
1525 4485 1768 4549 solvetis,
1808 4486 2031 4541 illaesam
2094 4491 2158 4545 de
2191 4507 2299 4544 uno

2392 3291 2701 3361 ἀλωὸήτους
2747 3290 2841 3342 καὶ
2883 3287 3221 3358 ἀσυγχύτους
3265 3289 3321 3340 ὲν
3349 3289 3414 3357 τῇ
3445 3285 3636 3338 ένώσει
3678 3286 3970 3352 διαφυλάτ-

2390 3401 2519 3438 των.
2567 3384 2682 3451 Ἐφ’
2720 3374 2764 3449 ᾧ
2806 3384 2838 3451 ὴ
2871 3381 3041 3450 Τριὰς
3072 3381 3221 3449 μένει
3256 3378 3444 3448 Τριάς,
3475 3377 3762 3446 ἀσυμφυές
3801 3394 3855 3430 τι
3892 3380 3970 3441 είς

2394 3477 2715 3548 προσθήκην
2745 3475 2820 3545 μὴ
2850 3474 3180 3544 προσιεμένη
3203 3489 3216 3502 ·
3250 3473 3346 3525 καὶ
3373 3473 3400 3542 η
3433 3471 3786 3541 ἀνθρωπὸτης
3819 3472 3970 3542 μένει

2395 3569 2775 3641 ἀνθρωπότης,
2831 3566 2928 3634 τῆς
2974 3563 3265 3634 ένωθείσης
3321 3564 3458 3634 αὐτῇ
3507 3563 3758 3632 θεότητος
3808 3565 3970 3632 μήπω

2397 3660 2772 3732 διαιρουμένη.
2826 3657 2991 3708 Ὥστε
3049 3672 3142 3707 σου
3197 3655 3464 3724 ἀλογῶδες
3493 3654 3553 3708 τὸ
3579 3655 3869 3725 πρόϐλημα
3906 3657 3968 3707 ὲκ

2395 3753 2494 3821 τῆς
2518 3753 2626 3804 τῶν
2661 3748 2975 3817 Ἀκεφάλων
3000 3748 3333 3818 συγχυτικῆς
3357 3747 3622 3817 αἱρέσεως
3645 3746 3969 3818 ἀποζευγνύ·

2446 3861 2584 3898 ενον.

2402 3863 2657 3988 μυνοέοὗ
2696 3930 2885 3987 αὑτοῦ
2922 3931 3218 4002 αἶρε-τικοῦ
3257 3932 3464 3998 ἕτερον
3495 3929 3833 3998 πρόϐλημα.

2473 4017 2643 4087 Οὗτος
2669 4024 2698 4076 ὁ
2732 4021 2965 4093 Χριστὸς
2997 4024 3024 4074 ὁ
3056 4023 3183 4092 παρ’
3211 4021 3368 4091 ἡμῶν
3387 4018 3817 4088 ὁμολογούμενος
3848 4033 3966 4070 συν·

2400 4116 2715 4187 ἀριθμεῖται
2745 4117 2808 4185 τῇ
2836 4113 2965 4182 ἁγίᾳ
2992 4111 3205 4182 Τριάδι,
3237 4110 3373 4182 ἣοῦ.
3407 4110 3516 4163 Καὶ
3545 4113 3593 4162 εί
3624 4110 3722 4179 μὲν
3755 4127 3966 4180 συναρι-

2402 4209 2620 4278 θμεῖται
2660 4210 2726 4277 τῇ
2767 4206 2897 4274 ἁγίᾳ
2924 4205 3148 4275 Τριάδι,
3181 4202 3297 4265 πῶς
3327 4203 3478 4255 ἔσται
3511 4202 3695 4255 λοιπὸν
3742 4204 3777 4272 ἡ
3811 4202 3966 4274 Τριάς

2400 4301 2716 4369 ὁμοούσιος;
2750 4301 2798 4352 εί
2830 4298 2886 4350 δὲ
2917 4297 2977 4350 ού
3008 4294 3419 4366 συναριθμεῖται
3440 4334 3455 4358 ,
3481 4295 3604 4347 οὐδὲ
3637 4294 3766 4358 Θεὸς
3800 4293 3962 4355 ἔσται,

2400 4392 2538 4446 ἀλλὰ
2590 4393 2749 4462 μόνον
2786 4389 2939 4458 ψιλὸς
2980 4387 3284 4457 ἄνθρωπος.
3335 4380 3430 4450 Οἷς
3461 4385 3640 4438 τοίνυν
3677 4386 3835 4455 ὑμεῖς
3877 4384 3966 4455 τὴν

2402 4483 2638 4554 ἀπορίαν
2677 4479 3002 4534 ὲπιλύσεσθε
3035 4478 3234 4546 λόγοις,
3274 4477 3376 4548 τὴν
3423 4479 3552 4548 περὶ
3594 4477 3711 4540 ἑνὸς
3741 4476 3964 4545 Χριστοῦ

729 4571 948 4626 Christo
981 4584 1264 4632 servantes
1293 4576 1607 4646 Opinionem
1643 4596 1658 4644 ;
1691 4579 1879 4634 eadem
1910 4581 2028 4650 ipsa
2049 4583 2202 4638 nobis
2231 4585 2293 4639 ad

2406 4576 2764 4645 φυλάττοντες
2791 4571 2948 4636 δόξαν
2976 4571 3294 4640 ἀπήμαντον
3312 4611 3329 4636 ,
3359 4564 3504 4624 οὗτοι
3546 4570 3641 4622 καὶ
3671 4571 3805 4640 ἡμῖν
3839 4571 3964 4642 πρὸς

728 4660 870 4716 hanc
899 4661 1188 4728 suliicient,

1197 4755 1408 4812 Salutio
1441 4759 1769 4828 objectionis.

798 4843 898 4899 Hic
925 4845 1200 4915 Christus,
1225 4866 1385 4919 quem
1417 4867 1516 4907 nos
1549 4855 1890 4919 confitemur,
1919 4855 2121 4924 quibus
2160 4857 2302 4910 veri-

729 4938 856 4992 tatis
885 4940 1066 4995 verbis
1099 4943 1332 5011 priorem
1366 4944 1724 5014 objectionem
1770 4949 1988 5017 repulit,
2024 4949 2217 5004 iisdem
2253 4960 2306 5005 et

732 5044 1053 5100 pracsentem
1078 5035 1322 5104 repellet,
1354 5045 1413 5090 ut
1461 5053 1579 5106 quae
1611 5054 1794 5107 parem
1838 5041 2081 5096 continet
2113 5042 2307 5112 impie-

733 5135 923 5179 tatem.
957 5128 1129 5192 Quem
1163 5143 1294 5182 vero
1332 5144 1429 5184 vos
1461 5129 1765 5195 Christum,
1799 5149 1962 5186 unam
1995 5135 2205 5190 scilicet
2234 5152 2302 5191 ex

731 5217 993 5288 partibus,
1017 5219 1300 5274 divinitate
1337 5230 1392 5274 et
1436 5221 1792 5287 humanitate,
1830 5224 2150 5278 totalitatem
2209 5241 2306 5278 na-

730 5310 960 5362 turalem
983 5308 1309 5378 praedicatis,
1355 5325 1454 5365 nec
1485 5312 1967 5365 consubstantialis
1991 5322 2072 5367 est
2103 5313 2248 5367 Patri
2287 5356 2302 5380 ,

731 5398 997 5466 siquidem
1025 5395 1186 5452 Pater
1209 5397 1353 5454 Deus
1391 5399 1567 5454 solum
1602 5410 1704 5465 est,
1733 5410 1786 5454 et
1821 5417 1928 5455 non
1970 5401 2135 5456 homo
2164 5419 2177 5456 ε
2210 5419 2306 5457 ne-

731 5507 837 5561 que
876 5493 1361 5546 consubstantialis
1381 5494 1540 5550 matri
1572 5509 1588 5559 ;
1617 5493 1882 5563 siquidem
1926 5504 2099 5548 mater
2143 5497 2308 5550 homo

732 5590 816 5636 est
842 5591 1074 5645 tantum,
1103 5590 1158 5635 et
1191 5597 1296 5636 non
1325 5581 1465 5637 Deus
1495 5599 1509 5636 :
1540 5593 1592 5638 et
1627 5593 1840 5653 tempus
1867 5594 1951 5640 est
1978 5596 2036 5640 ut
2056 5586 2308 5642 Christos

733 5673 869 5726 alios
906 5673 1183 5741 quaeratis,
1207 5673 1405 5744 quibus
1433 5673 1533 5728 iste
1565 5673 1635 5728 sit
1663 5675 2147 5730 consubstantialis
2183 5693 2198 5741 ;
2233 5677 2310 5729 si-

736 5762 956 5831 quidem
993 5778 1098 5816 non
1128 5774 1214 5818 est
1250 5764 1414 5818 ullain
1442 5765 1683 5834 reperire
1715 5775 1964 5820 naturam
1994 5781 2116 5836 quae
2145 5767 2310 5821 unius

738 5867 946 5912 tantum
978 5872 1220 5926 persona
1247 5857 1462 5926 propria
1488 5859 1577 5913 sit.
1599 5857 1750 5924 Quod
1779 5860 1822 5914 si
1858 5875 1964 5914 non
1993 5861 2307 5927 inveniatis,

2407 4669 2611 4740 ταύτην
2642 4668 2992 4739 ἀρκέσουσιν.

2889 4759 3080 4822 Λύσις
3117 4756 3267 4826 πρὸς
3297 4755 3490 4811 τοῦτο.

2481 4850 2650 4918 Οὗτος
2689 4855 2719 4906 ὁ
2749 4851 2984 4924 Χριστὸς
3021 4853 3051 4904 ὁ
3085 4849 3214 4921 παρ’
3243 4849 3398 4920 ἡμῶν
3423 4845 3867 4917 ὁμολογούμενος,
3892 4841 3961 4910 οἷς

2409 4953 2588 5020 λόγοις
2617 4948 2949 5018 ἀληθότητος
2977 4945 3336 5017 ὲξεκρούσατο
3361 4944 3462 5013 τὴν
3491 4943 3766 5012 προτέραν
3790 4940 3962 5010 πρότα-

2413 5063 2518 5108 σιν,
2559 5042 2790 5104 τούτοις,
2835 5041 2930 5093 xui.
2974 5040 3074 5108 τὴν
3120 5036 3401 5107 παροῦσαν
3442 5033 3846 5104 συγκρούσειεν,
3896 5033 3960 5096 ὡς

2415 5136 2720 5206 ἰσορρόπως
2747 5132 2809 5184 τὸ
2833 5129 3026 5192 ἀσεϐὲς
3050 5128 3296 5197 ἔχουσαν.
3333 5129 3429 5180 ’ον
3457 5126 3514 5179 δὲ
3545 5127 3704 5195 ὑμεῖς
3731 5123 3958 5196 Χριστὸν,

2412 5227 2579 5295 ἧγουν
2609 5224 2738 5293 μίαν
2761 5221 2988 5290 ὁλότητα
3017 5218 3251 5288 φυσικὴν
3281 5221 3346 5271 ὲκ
3381 5218 3585 5289 μερῶν,
3627 5217 3872 5287 θεότητος
3908 5234 3958 5271 τε

2413 5319 2504 5369 καὶ
2549 5313 2987 5383 ἀνθρωπότητος,
3039 5311 3390 5379 πρεσϐεύετε,
3425 5309 3548 5362 οὔτε
3587 5310 3865 5380 ὁμοούσιος
3901 5310 3960 5364 ἂν

2412 5411 2498 5478 εἴη
2527 5408 2604 5478 τῷ
2638 5406 2832 5476 Πατρὶ,
2867 5406 3024 5474 ειπερ
3061 5405 3090 5456 ὁ
3114 5402 3298 5473 Πατὴρ
3327 5402 3459 5465 Θεὸς
3503 5402 3685 5472 μόνον,
3714 5403 3828 5456 ἀλλ’
3853 5403 3956 5473 οὐχὶ

2415 5503 2507 5553 καὶ
2532 5500 2844 5570 ἄνθρωπος’
2875 5498 2998 5552 οὕτε
3020 5497 3304 5565 ὀμοούσιος
3324 5496 3390 5564 τῇ
3417 5495 3605 5565 μητρὶ,
3629 5495 3786 5564 εἴπερ
3814 5496 3844 5565 ὴ
3869 5497 3956 5566 μή·

2413 5608 2519 5660 τηρ
2549 5591 2831 5661 ἄνθρωπος
2869 5591 3049 5660 μόνον,
3079 5592 3194 5646 ἀλλ’
3229 5591 3348 5661 οὐχὶ
3383 5592 3474 5643 καὶ
3514 5591 3646 5654 Θεός
3667 5606 3683 5622 ⁸
3731 5592 3822 5644 καὶ
3857 5591 3952 5662 ὥρα

2418 5685 2545 5752 ύμῖν
2575 5682 2757 5752 ζητεῖν
2783 5683 3002 5755 ἑτέρους
3033 5685 3320 5755 Χριστοὺς,
3351 5677 3430 5746 οἷς
3458 5675 3611 5747 οὗτος
3641 5683 3708 5736 ἂν
3733 5684 3813 5753 εῐη
3841 5685 3950 5752 ὀμο-

2415 5774 2593 5836 ούσιος
2617 5788 2632 5802 '
2673 5774 2795 5825 ἐπεὶ
2823 5775 2895 5842 μὴ
2917 5769 3027 5826 οἷον
3055 5790 3111 5826 τι
3143 5775 3562 5845 μονοπρόσωπον
3595 5772 3758 5839 φύσιν
3781 5773 3947 5841 γνωρί·

2421 5865 2628 5930 ζεσθαι.
2663 5866 2720 5918 ΕΞ
2757 5865 2809 5918 δὲ
2839 5867 2933 5936 οὔχ
2964 5866 3294 5938 εύρίτκοιτε,
3333 5869 3437 5943 τοῖς
3473 5864 3620 5929 ἰδίοις
3662 5865 3944 5936 προϐλήμα-
