4184 6506
292 432 437 498 1537

1474 430 2016 494 EPISTOLARUM
2057 430 2183 490 LIB
2261 429 2344 490 II.

3390 428 3528 493 1538

283 562 377 597 σιν
405 542 722 608 ἑαλωκότες,
747 541 823 614 τῷ
847 541 987 613 κενῷ
1013 541 1355 614 ἀναπλασμῷ
1377 543 1437 596 οὐ
1460 543 1693 613 Χριστὸν
1715 538 1841 596 εἶναι

1956 540 2187 609 propriis
2239 537 2631 602 objectionibus
2682 537 2846 608 capti.
2901 536 3003 592 hoc
3060 537 3210 593 inani
3273 539 3527 611 figmento

278 637 429 702 ὅλως
461 637 752 703 δοξάζοιτε.

498 751 648 807 PUA'
674 748 809 821 (63).
839 779 909 792 —
942 749 993 804 Ν
999 750 1173 821 ικήτᾳ
1191 750 1528 821 por-(Korn.
1567 749 1759 824 [tl/x55,

1959 631 2236 688 Christum
2268 646 2492 702 prorsus
2525 646 2633 684 non
2664 646 2787 687 esse
2817 630 3102 687 docebitis.

2261 745 2495 804 CLXXI.
2534 775 2584 786 —
2616 743 2823 800 Nicetis
2850 748 3104 800 monacho
3139 749 3225 817 (‘).

279 866 429 927 Quod
448 864 862 927 quemadmodum
898 862 1058 914 omnis
1100 863 1473 935 vir’perfectus.
1505 862 1701 935 etiamsi
1734 863 1786 913 in
1810 864 2084 935 apostolico
2095 862 2295 935 “ordine
2330 868 2591 935 censeatur
2626 862 2819 927 indiget
2847 864 2978 915 libro
3010 863 3337 927 evangelica;
3366 861 3439 913 sic
3470 868 3527 913 et

1316 927 1508 987 pictura
1528 924 1748 975 historia
1770 924 1879 987 qua:
1908 924 1960 974 in
1981 939 2041 975 eo
2074 924 2200 974 libro
2236 924 2537 976 continetur.

354 1009 431 1061 Τὸ
459 1004 612 1076 παρά
638 1005 739 1075 τῆς
766 1006 1037 1077 ὁσιότητος
1072 1004 1226 1077 ήμῶν
1257 1007 1344 1060 διὰ
1372 1007 1466 1060 τοῦ
1505 1007 1849 1075 θεοφιλεστά-

273 1115 378 1149 του
431 1094 823 1166 μητροπολίτου
871 1096 1172 1149 ἀποσταλὲν
1218 1095 1349 1165 ἡμῖν
1381 1093 1582 1165 βισλίον
1614 1096 1851 1164 ἀνέγνω-

2027 1006 2196 1072 Quem
2232 1010 2495 1062 sanctitas
2529 1018 2707 1063 vestra
2751 1024 2847 1079 per
2887 1008 3361 1080 religiosissimum
3406 1026 3523 1064 mc-

1956 1100 2267 1169 tropolitam
2298 1100 2361 1154 ad
2390 1116 2493 1155 nos
2526 1101 2727 1155 librum
2757 1101 2924 1167 misit,
2956 1101 3218 1171 legimus,
3249 1110 3303 1157 ct
3341 1102 3523 1173 profe-

281 1204 409 1257 μεν.
443 1185 552 1239 Καὶ
584 1186 683 1239 οὐκ
725 1184 871 1239 ἔστιν
901 1186 931 1238 ό
963 1186 1121 1239 τοῦτο
1157 1185 1609 1256 συγγραψάμενος
1646 1186 1739 1239 ἐπὶ
1769 1186 1841 1257 τῷ

1954 1200 2062 1256 cto,
2094 1192 2184 1261 qui
2217 1192 2361 1246 hunc
2387 1192 2639 1262 scripsit,
2674 1194 2729 1247 in
2764 1193 3194 1248 venerandarum
3224 1194 3517 1264 imaginum

276 1278 513 1343 δόγματι
544 1273 650 1327 τῶν
677 1275 889 1327 σεπτῶν
912 1275 1133 1328 εἰκόνων
1162 1275 1524 1344 δρθοφρονῶν.
1551 1276 1713 1343 Λέγει
1738 1276 1841 1347 γὰρ

1954 1284 2207 1351 dogmate
2236 1298 2343 1337 non
2380 1294 2523 1338 recte
2552 1286 2733 1340 sentit.
2789 1285 2916 1340 limo
2948 1285 3093 1342 enim
3125 1286 3286 1341 dicit:
3327 1304 3345 1337 ι
3377 1286 3521 1340 lnef—

276 1367 438 1421 τάδε·
480 1383 501 1417 ι
535 1366 646 1437 Τὴν
669 1367 905 1438 ἀρῤητον
941 1367 1034 1419 καὶ
1063 1366 1431 1437 ἀπερίληπτον
1459 1368 1541 1430 είς
1574 1370 1721 1437 ἡμᾶς
1751 1367 1841 1421 τοῦ

1953 1375 2170 1429 labilem
2206 1384 2259 1429 et
2295 1375 2799 1444 incomprehensam
2833 1376 2925 1433 Dei
2962 1393 3091 1447 erga
3126 1392 3228 1431 nos
3272 1377 3520 1447 benigni-

276 1457 415 1510 Θεοῦ
442 1456 869 1530 φιλανθρωπίαν,
896 1459 991 1511 καὶ
1020 1459 1145 1523 τοὺς
1176 1459 1353 1530 ἱεροὺς
1373 1458 1483 1512 τῶν
1506 1460 1676 1527 ἁγίων
1707 1459 1841 1526 άγῶ⁴

1946 1472 2132 1524 tatem.
2161 1474 2215 1518 et
2242 1480 2425 1519 sacros
2461 1463 2785 1519 Sanctorum
2821 1482 3021 1536 agones
3051 1468 3105 1522 in
3142 1466 3364 1523 Litteris
3392 1469 3517 1538 qui-

276 1566 380 1612 νας
422 1550 482 1602 ὲν
533 1551 828 1622 Γράμμασι
862 1550 960 1621 μὲν
1003 1554 1165 1622 ἡμεῖς
1210 1553 1376 1622 ἱεροῖς
1419 1552 1841 1622 ἀνευφημεῖσθαι

1946 1555 2066 1610 dem
2095 1556 2487 1611 sacrislaudari
2521 1556 2877 1621 allirmamus,
2910 1559 3061 1612 nullo
3091 1573 3190 1612 nos
3216 1558 3474 1627 figmento
3499 1598 3516 1621 .

276 1640 671 1712 διατυποῦμεν,
703 1644 929 1713 οὐδεμιᾷ
971 1643 1166 1696 πλάσει
1207 1642 1269 1696 τὸ
1308 1644 1394 1713 ἐφ’
1426 1645 1557 1714 ἡμῖν
1592 1643 1623 1713 ἢ
1663 1646 1841 1714 γραφῇ

1948 1658 2213 1715 quantum
2242 1649 2295 1703 in
2332 1652 2487 1704 nobis
2512 1660 2615 1712 est.
2641 1651 2723 1705 vel
2749 1652 2959 1719 pictura
2988 1654 3136 1705 velut
3163 1651 3515 1706 oblectantes.

275 1733 531 1804 καθάπερ
554 1734 711 1806 [Cod.
750 1734 881 1804 Reg.
915 1733 1189 1807 καθάπαξ]
1238 1735 1511 1805 ἡδόμενοι.
1538 1735 1841 1805 Συγχωροῦ-

1946 1740 2319 1795 Permittimus
2364 1749 2541 1796 autem
2588 1741 3044 1810 simplicioribus.
3087 1758 3209 1796 cum
3261 1741 3519 1811 imperfe-

277 1843 382 1894 μεν
419 1826 479 1880 δὲ
527 1830 636 1890 τοῖς
686 1827 1075 1897 ἁπλουστέροις
1111 1828 1480 1899 ἀτελεστέροις
1508 1829 1689 1893 αὐτοῖς
1728 1830 1832 1881 ὑπ-

1936 1832 2137 1885 ctiores
2190 1832 2334 1896 sint,
2382 1847 2481 1901 pro
2527 1832 2759 1886 naturali
2824 1833 3069 1900 ipsorum
3118 1834 3517 1902 persuasione,

273 1917 555 1986 άρχουσιν,
598 1917 703 1970 ὑπὸ
736 1917 1019 1987 συμφυοῦς
1052 1919 1227 1971 αὐτῶν
1253 1920 1555 1990 ὲναγωγῆς,
1596 1920 1689 1973 καὶ
1723 1918 1842 1990 ὕψει

272 2014 340 2079 τῇ
370 2010 551 2071 αὐτοῖς
578 2010 893 2080 συμμέτρῳ,
937 2011 1005 2064 τά
1029 2010 1251 2063 τοιαῦτα
1292 2013 1348 2064 ὲν
1379 2013 1687 2082 εἰσαγωγῆς
1715 2012 1841 2082 τρό-

272 2121 363 2172 πῳ
416 2102 725 2171 μανθάνειν.
768 2122 787 2153 lt
838 2103 903 2155 Τί
936 2100 1028 2157 οὖν
1069 2104 1215 2156 ἐστιν
1271 2106 1330 2157 ὲν
1385 2105 1593 2170 τούτοις
1632 2108 1839 2174 είπεῖν;

272 2194 500 2266 Πρῶτον
544 2195 643 2263 μὲν
691 2196 772 2249 ὅτι
819 2196 1084 2265 διαίρεσιν
1130 2197 1230 2266 τῆς
1273 2198 1402 2268 μιᾶς
1441 2202 1533 2251 καὶ
1572 2198 1839 2264 ἐντελοῦς,

272 2286 371 2338 καὶ
420 2285 543 2354 μηδ’
580 2285 757 2338 ὁτιοῦν
812 2285 1170 2356 πρόσθεσινῆ
1215 2286 1501 2357 ὑφαίρεσιν
1549 2286 1841 2357 προσιεμέ-

269 2392 371 2445 νης
404 2376 640 2441 πίστεως
682 2376 838 2448 ἡμῶν
870 2377 1275 2448 άπεργάζεται’
1306 2377 1485 2447 ἐαυτῷ
1513 2378 1611 2447 μὲν
1633 2378 1731 2448 τὴν
1750 2378 1839 2432 διὰ

267 2470 380 2522 τῶν
430 2469 591 2539 ίερῶν
634 2470 981 2541 Γραμμάτων
1023 2472 1310 2540 ἀπονέμων
1336 2472 1698 2525 διατύπωσινο
1728 2475 1840 2536 τοῖς

267 2562 661 2632 ἁπλουστέροις
693 2563 750 2616 δὲ
777 2563 935 2633 δῆθεν
982 2564 1077 2615 καὶ
1127 2563 1501 2635 ἀτελεστέροις
1535 2565 1839 2634 ὑπάρχουσι

265 2656 371 2725 τὴν
402 2656 459 2707 ὲν
489 2656 683 2707 πλάσει
713 2656 806 2709 καὶ
841 2658 1024 2726 γραφῇ
1063 2656 1301 2727 ἱστορίαν
1329 2656 1579 2720 ἀποίσας.
1608 2658 1838 2711 Ἔπειτα

268 2745 422 2815 αὐτῷ
464 2745 566 2815 μὲν
596 2746 823 2801 ἀνάπτει
863 2747 923 2800 τὺ
954 2747 1157 2800 τέλειον
1197 2748 1296 2815 τῆς
1334 2748 1591 2819 χάριτος·
1637 2750 1749 2811 τοῖς
1781 2749 1837 2800 δὲ

264 2840 371 2908 τὴν
402 2837 697 2908 Ἰουδαῖκὴν
722 2838 1049 2910 ἀπορρίπτει
1068 2840 1386 2910 νηπιότητα,
1411 2840 1683 2909 δεομένοις
1709 2858 1839 2910 συμο

266 2929 440 2997 φυοῦς
483 2930 790 2998 ἀναγωγῆς.
823 2930 1033 2984 Οὐκοῦν
1068 2932 1189 2984 κατ’
1226 2931 1389 2985 αὑτὸν
1427 2932 1768 3001 διαψεύδεται
1809 2934 1836 2986 ό

269 3022 417 3092 ίερὸς
449 3021 768 3083 Ἀπόστολος
796 3023 1051 3089 φάσκων
1089 3024 1208 3077 Οὐκ
1234 3024 1324 3077 ἔνι
1362 3023 1666 3091 Ἰουδαῖος,
1697 3024 1836 3078 οὐδὲ

266 3111 542 3180 Ἕλλην’
579 3122 690 3168 οὐκ
728 3114 820 3167 ἕνι
870 3114 1111 3179 δοῦλος,
1150 3115 1291 3169 οὐδὲ
1324 3116 1635 3184 ἐλεύθερος
1658 3134 1673 3147 ·
1722 3119 1832 3170 οὑκ

262 3206 359 3260 ἔνι
408 3203 596 3273 ἄρσεν
642 3206 741 3259 καί
768 3205 941 3272 θῆλυ.
979 3204 1204 3272 Πάντες
1228 3208 1337 3277 γὰρ
1374 3179 1544 3274 ὑμεῖς
1580 3179 1668 3275 sic
1693 3209 1833 3263 ἐστε
1858 3179 1923 3238 ον

261 3297 335 3350 ἐν
360 3296 593 3365 Χριστῷ
629 3296 857 3364 Ἰησοῦ.
886 3298 949 3351 Ei
974 3297 1031 3351 δὲ
1060 3299 1332 3368 ἀληθεύει,
1367 3299 1559 3371 ὥσπερ
1587 3297 1680 3355 οὖν
1696 3300 1833 3372 ἠλή-

263 3388 475 3453 θευται,
516 3387 611 3440 καὶ
632 3382 735 3453 Εἵς
759 3388 997 3456 Κύριος,
1027 3390 1134 3457 μία
1158 3391 1381 3458 πίστις,
1412 3390 1482 3445 ἓν
1496 3392 1829 3461 βάπτισμα·

262 3478 351 3539 τίς
392 3480 426 3548 ὴ
469 3479 602 3552 κενὴ
650 3478 791 3551 αὕτη
820 3480 1081 3551 διαίρεσις
1106 3482 1185 3544 είς
1216 3481 1309 3535 δύο
1336 3484 1601 3553 τμήματα
1630 3484 1789 3538 ἄνισα
1814 3500 1829 3550 ;

259 3572 325 3623 τὸ
362 3569 513 3634 ἔθνος
552 3571 614 3623 τὸ
639 3572 813 3640 ἆγιον,
845 3572 907 3626 τδ
952 3573 1222 3645 βασίλειον
1256 3574 1576 3646 ἱεράτευμα,
1605 3576 1833 3647 armatpl-

263 3678 418 3714 νεσαι
442 3677 458 3693 ⁸
487 3662 581 3715 καὶ
608 3663 669 3716 τὸ
701 3662 799 3733 μὲν
822 3660 960 3718 εἶναι
987 3665 1085 3731 τῆς
1114 3666 1494 3737 ὲντελεστέρας
1528 3668 1742 3738 μοίρας
1767 3668 1830 3722 τὸ

258 3751 439 3821 δὲτῆς
470 3752 955 3825 ὑφειμενεστέρας.
990 3754 1242 3820 Ἔπειτα,
1280 3755 1362 3808 ὅτι
1401 3755 1584 3826 ἐπειδὴ
1614 3760 1721 3820 πᾶς
1765 3753 1827 3811 εὖ

261 3841 478 3913 φρονῶν
511 3844 720 3911 ἐφίεται
750 3845 1085 3915 τελειότητος
1104 3861 1119 3876 ·
1154 3846 1450 3917 νεμεσητὸν
1470 3848 1735 3918 ἡγήσεται
1766 3866 1780 3889 ·ι
1800 3847 1828 3900 δ

258 3929 485 3993 ἀτελές·
536 3932 829 3987 κάντεῦθεν
880 3933 939 3999 ἐξ
979 3935 1277 4003 ἀναγκαίου
1308 3935 1580 4006 παρέλκον
1624 3939 1740 3991 ἐστὶ
1766 3938 1826 3990 τὸ

257 4020 359 4089 τῆς
390 4020 629 4091 ἱστορίας
657 4023 852 4091 δόγμα.
890 4025 1259 4080 Ἐναντιοῦται
1281 4026 1338 4080 δὲ
1366 4028 1446 4081 ὃτι
1470 4029 1704 4096 μάλιστα
1731 4029 1824 4081 καὶ

257 4109 339 4181 τῷ
392 4111 615 4183 μεγάλῳ
665 4113 949 4185 Βασιλείῳ,
998 4114 1073 4185 μὴ
1108 4115 1372 4180 ταυτίζων
1398 4116 1465 4169 τά
1494 4117 1585 4169 ὑπ’
1614 4118 1822 4171 ἐκείνου

259 4204 456 4273 ἐπίσης
491 4204 945 4275 δογματιζόμενα.
984 4225 1002 4258 ι
1043 4208 1111 4260 Ἀ
1140 4207 1248 4277 γὰρ
1278 4210 1306 4259 ό
1339 4206 1515 4274 λόγος,
1544 4209 1697 4279 φησι,
1727 4208 1825 4277 τῆς

258 4298 502 4368 ίστορίας
547 4297 613 4350 δι’
643 4299 811 4366 ἀκοῆς
840 4298 1155 4367 παρίστησι,
1197 4298 1369 4350 ταῦτα
1411 4299 1654 4370 γραφικὴ
1698 4315 1823 4351 σιω-

256 4389 419 4443 πῶσα
448 4388 534 4442 διὰ
563 4390 847 4459 μιμήσεως
881 4389 1167 4443 δείκνυσιν.
1209 4407 1227 4439 ι
1279 4389 1685 4443 Ἀντανίσταται
1716 4390 1823 4461 ἄρα

1948 1923 2110 1976 etiam
2155 1931 2377 1990 aspectu
2413 1923 2546 1992 ipsis
2584 1932 2913 1992 congruente
2940 1962 2955 1987 ,
3002 1923 3128 1977 talia
3164 1938 3259 1991 per
3299 1922 3515 1976 modum

1947 2013 2365 2070 introductionis
2394 2016 2596 2069 doceri.
2625 2034 2643 2066 ι
2684 2014 2825 2080 Quid
2869 2016 2934 2069 ad
2974 2016 3086 2069 haec
3125 2015 3288 2081 igitur
3325 2014 3516 2069 dicen-

1946 2105 2073 2158 dum
2105 2104 2231 2158 est?
2264 2103 2505 2158 Primum
2535 2106 2776 2173 quidem,
2803 2105 2947 2175 quod
2981 2106 3143 2159 unius
3163 2115 3217 2159 et
3244 2103 3513 2173 perfecte,

1948 2197 2260 2266 nullamque
2299 2197 2381 2251 vel
2424 2197 2755 2251 additionem
2792 2199 2875 2252 vel
2921 2198 3380 2252 substractionem
3414 2198 3512 2251 ad-

1949 2288 2212 2343 mittentis
2239 2289 2361 2343 fidei
2396 2299 2597 2343 nostrae
2619 2286 2940 2343 divisionem
2980 2289 3246 2355 instituit;
3278 2289 3382 2343 sibi
3409 2288 3510 2358 ipsi

1944 2382 2162 2451 quidem
2203 2381 2423 2449 petitam
2471 2396 2537 2435 ex
2594 2381 2766 2435 sacris
2817 2379 3042 2435 Litteris
3092 2380 3508 2435 delineatiouem

1945 2472 2290 2537 attribuens;
2331 2472 2764 2541 simplicioribus
2793 2488 2923 2527 vero
2956 2482 3118 2543 atque
3147 2474 3511 2543 imperfectio-

1943 2564 2097 2618 ribus
2140 2564 2429 2629 videlicet,
2483 2579 2578 2633 per
2612 2565 2765 2619 fictas
2799 2565 2884 2619 vel
2933 2565 3104 2633 pictas
3143 2564 3345 2635 elligies
3390 2564 3510 2621 edi-

1942 2656 2127 2712 scendi
2201 2654 2442 2710 studium
2504 2655 2777 2711 deferens.
2838 2656 3041 2710 Deinde
3104 2655 3210 2711 sibi
3289 2654 3508 2724 quidem

1942 2749 2324 2819 perfectionem
2358 2750 2544 2819 gratia:
2581 2750 2800 2819 adaptat
2834 2766 2847 2802 :
2894 2751 3016 2806 aliis
3064 2767 3196 2806 vero
3224 2749 3509 2807 Judaieam

1941 2838 2193 2908 relinquit
2228 2836 2512 2893 infantiam
2542 2878 2556 2901 ,
2590 2839 2685 2908 qui
2718 2842 2949 2896 naturali
2981 2842 3326 2899 institutione
3367 2843 3509 2897 indi-

1940 2940 2121 2997 geant.
2172 2927 2334 2996 Igitur
2388 2932 2688 2985 secundum
2744 2932 2923 3001 ipsum
2974 2934 3239 2989 mentitur
3283 2945 3508 2990 sanctus

1938 3019 2228 3087 Apostolus
2247 3036 2370 3074 cum
2399 3021 2477 3075 ait
2500 3040 2515 3076 :
2553 3019 2677 3075 Non
2702 3031 2778 3076 est
2795 3023 3040 3087 Judwus,
3066 3040 3226 3094 neque
3245 3025 3462 3080 Graecus
3481 3042 3501 3079 :

1940 3128 2040 3164 non
2070 3122 2145 3165 est
2166 3112 2372 3177 servus',
2398 3130 2561 3184 neque
2586 3114 2717 3167 liber
2741 3130 2759 3168 :
2791 3131 2892 3168 non
2917 3124 2992 3168 est
3019 3116 3313 3180 masculus,
3346 3133 3508 3187 neque

1933 3204 2346 3273 femina.0mues
2370 3208 2507 3258 enim
2528 3223 2617 3260 vos
2642 3222 2805 3260 unum
2830 3207 2955 3260 estis
2981 3208 3036 3261 in
3060 3205 3267 3261 Christo
3291 3205 3422 3261 Jesu
3438 3210 3504 3263 ⁷³.

1934 3295 2028 3350 Sin
2072 3303 2254 3348 autem
2290 3309 2479 3347 verum
2524 3295 2696 3363 dicit,
2745 3304 2806 3349 ut
2850 3307 2995 3351 certe
3039 3297 3221 3364 dicit,
3268 3308 3324 3352 et
3359 3297 3506 3353 Unus

1934 3388 2224 3447 Dominus,
2279 3403 2387 3440 una
2425 3386 2593 3456 ﬁdes,
2642 3404 2805 3441 unum
2843 3388 3103 3459 baptisma
3135 3391 3211 3456 ⁷⁸;
3253 3406 3501 3461 quanam

1930 3491 2013 3533 est
2047 3480 2163 3533 haec
2194 3479 2374 3534 inanis
2404 3479 2601 3535 divisio
2634 3480 2686 3534 in
2727 3492 3004 3549 segmenta
3041 3484 3148 3539 duo
3181 3484 3504 3554 inaequalia?

1930 3578 2143 3639 gentem
2172 3580 2437 3636 sanctam,
2469 3572 2649 3641 regale
2677 3574 3042 3629 sacerdotium
3073 3576 3138 3639 ⁷⁸,
3180 3575 3359 3630 dirimi
3396 3598 3407 3632 :
3448 3590 3503 3631 et

1929 3661 2066 3715 alios
2093 3660 2314 3730 quidem
2347 3661 2692 3731 perfectioris
2721 3665 2894 3733 partis
2925 3680 3068 3731 esse,
3100 3665 3235 3721 alios
3262 3667 3501 3722 deterio-

1930 3755 2026 3808 ris.
2062 3754 2302 3819 Deinde,
2333 3754 2597 3825 quoniam
2634 3759 3017 3827 unusquisque
3048 3759 3094 3813 si
3130 3760 3275 3830 sapit
3320 3759 3497 3830 perfe-

1926 3848 2159 3902 ctionem
2198 3850 2447 3917 expetit;
2494 3849 2620 3903 odio
2651 3848 2877 3917 dignum
2920 3851 3081 3906 ducet
3120 3852 3261 3922 quod
3298 3852 3501 3923 imper-

1926 3935 2126 3990 fectum
2162 3945 2281 4003 est;
2317 3948 2481 4007 atque
2521 3937 2648 3992 hinc
2678 3940 2989 3994 necessario
3032 3956 3494 4010 supervacaneum

1924 4036 2009 4080 est
2042 4026 2241 4093 dogma
2289 4028 2536 4096 picturae.
2579 4027 2913 4083 Adversatur
2956 4038 3010 4084 et
3058 4047 3221 4099 quam
3260 4034 3496 4087 maxime

1924 4132 2127 4186 magno
2158 4116 2385 4183 Basilio,
2416 4134 2526 4173 non
2557 4120 2863 4175 assentiens
2883 4163 2897 4187 ,
2940 4136 3042 4175 nec
3071 4137 3133 4175 ea
3164 4123 3324 4177 simul
3361 4137 3495 4179 cuu-

1919 4204 2156 4274 jungens
2184 4222 2306 4275 qua:
2341 4208 2431 4261 ille
2460 4224 2527 4263 ex
2561 4224 2717 4278 aequo
2743 4210 2951 4263 docuit.
2990 4230 3007 4262 ι
3035 4209 3163 4276 Quae
3204 4213 3367 4275 enim,
3406 4213 3493 4266 in-

1922 4296 2061 4365 quit,
2089 4296 2331 4353 historite
2350 4314 2529 4353 sermo
2546 4315 2639 4369 per
2652 4316 2814 4355 aures
2846 4312 3197 4370 reprzcsentat
3217 4343 3232 4367 ,
3267 4302 3382 4357 haec
3406 4306 3493 4373 pi-

1921 4398 2073 4444 ctura
2114 4391 2282 4446 silens
2310 4394 2779 4463 perimitationem
2809 4396 3121 4451 ostendit".
3156 4415 3175 4448 ι
3213 4394 3494 4467 Repuguat

253 4482 284 4535 ὁ
310 4481 566 4549 γεννάδας
604 4483 716 4543 τοῖς
752 4481 917 4549 ἱεροῖς
938 4480 1174 4548 Λογίοις,
1214 4479 1400 4550 ὥσπερ
1434 4481 1525 4533 καὶ
1552 4480 1630 4550 τῷ
1655 4498 1819 4551 κορυ-

1927 4498 2049 4552 ergo
2071 4484 2151 4537 vir
2181 4485 2432 4554 egregius
2461 4487 2637 4543 sacris
2670 4486 2970 4556 Scripturis
2993 4527 3008 4551 ,
3055 4489 3196 4543 sicut
3248 4497 3301 4543 et
3356 4505 3493 4560 prte-

255 4569 402 4638 φαίῳ
432 4567 603 4639 Πατρί
622 4586 636 4599 ο
670 4569 762 4621 καὶ
796 4568 1035 4637 οἰόμενος
1068 4569 1225 4623 ἀλλον
1255 4569 1341 4622 ἐπ’
1371 4568 1519 4639 αὑτῷ
1557 4570 1621 4640 δὴ
1646 4570 1819 4639 τούτῳ

252 4660 333 4730 τῷ
363 4660 594 4730 δόγματι
631 4660 992 4730 διορθοῦσθαι,
1017 4660 1177 4724 αὐτὸς
1207 4660 1529 4731 πεφώραται
1558 4661 1821 4730 ὀφλισκά-

254 4768 363 4803 νων
391 4751 615 4819 μάταια.
642 4751 753 4803 Καὶ
777 4750 867 4810 διὰ
892 4751 1047 4806 τοῦτο
1077 4753 1239 4823 ἡμεῖς
1273 4753 1371 4822 μὲν
1394 4752 1570 4823 πάντη
1592 4752 1819 4824 διαγρά-

253 4859 427 4911 φομεν
471 4842 539 4895 τά
568 4842 791 4896 τοιαῦτα
822 4842 1254 4915 βατταρίσματα.
1297 4844 1820 4917 Ὑπομιμνήσκομεν

251 4932 310 4985 δὲ
352 4932 447 4984 καὶ
488 4932 588 5002 τὴν
616 4932 887 5003 ὑμετέραν
923 4934 1235 5004 ἐμμέλειαν,
1275 4933 1353 5004 τῷ
1394 4934 1539 5006 αὐτῷ
1591 4939 1821 5007 στοιχεῖν

252 5022 441 5077 κανόνι
468 5023 572 5093 τῆς
598 5024 925 5095 ὀρθοδοξίας,
957 5026 1161 5079 εἰδυῖαν
1188 5027 1271 5079 ὅτι
1296 5026 1372 5090 ὡς
1398 5026 1569 5081 δεῖται
1602 5032 1709 5093 πᾶς
1734 5030 1820 5083 τέ-

251 5114 417 5177 λειος,
446 5115 551 5169 κᾶν
577 5115 637 5167 ὲν
666 5116 1005 5187 ἀποστολικῷ
1031 5118 1299 5188 ἀξιώματι
1327 5120 1686 5186 κατείλεκται,
1720 5122 1818 5192 τῆς

252 5204 611 5275 εὐαγγελικῆς
634 5204 845 5258 δέλτου·
874 5205 1014 5259 οὕτω
1040 5207 1135 5260 καὶ
1155 5210 1253 5278 τῆς
1279 5208 1399 5261 κατ’
1421 5208 1589 5281 αὐτὴν
1614 5224 1815 5281 γραφι-

251 5296 354 5366 κῆς
384 5295 621 5366 ἱστορίας
642 5312 658 5329 ’
690 5297 771 5350 ὅτι
802 5298 897 5351 καὶ
931 5298 1029 5370 τῆς
1072 5298 1195 5371 ῐσης
1224 5300 1389 5373 τιμῆς
1417 5318 1476 5355 τε
1518 5302 1612 5356 καὶ
1645 5320 1819 5373 προσ-

250 5393 532 5459 κυνήσεως
566 5389 873 5462 ἀμφότερα.

1921 4575 2261 4631 stantissimo
2306 4575 2453 4633 Patri
2486 4596 2500 4631 :
2540 4589 2595 4633 et
2633 4579 2761 4634 dum
2803 4581 2967 4633 alium
3000 4581 3052 4634 in
3090 4582 3192 4636 hoc
3234 4583 3351 4651 ipso
3390 4583 3490 4636 do-

1922 4677 2100 4739 gmate
2117 4669 2390 4738 corrigere
2411 4671 2614 4734 studet,
2631 4670 2745 4741 ipse
2765 4670 2952 4725 frivola
2973 4672 3175 4726 dixisse
3196 4672 3490 4741 deprehen-

1921 4762 2087 4816 ditur.
2135 4760 2199 4815 Et
2233 4762 2373 4817 hanc
2406 4778 2633 4832 prorsus
2666 4764 2737 4818 ob
2764 4780 2989 4819 causam
3023 4765 3156 4819 tales
3184 4780 3356 4834 nugas
3384 4780 3487 4820 nos

1922 4850 2140 4921 quidem
2162 4853 2386 4906 omnino
2413 4854 2715 4923 rejicimus.
2745 4855 3284 4911 Commonefacimus
3304 4867 3482 4911 autem

1920 4943 2255 5011 diligentiam
2282 4952 2544 5012 vestram,
2573 4956 2635 5001 ut
2666 4947 2913 5002 eamdem
2955 4957 3216 5018 sequatur
3245 4947 3483 5017 regulam

1920 5032 2045 5086 fidei
2070 5033 2385 5089 orthodoxa:
2408 5075 2423 5100 ,
2466 5036 2643 5090 sciens
2666 5075 2682 5101 ,
2721 5034 3178 5107 quemadmodum
3212 5033 3485 5104 perfectus

1918 5122 2194 5192 quisque,
2248 5124 2373 5178 licet
2426 5126 2721 5196 apostolica
2774 5127 3039 5197 dignitate
3092 5136 3315 5182 ornatus
3361 5126 3480 5190 sit,

1916 5214 2225 5284 evangelica
2256 5226 2377 5286 eget
2409 5218 2647 5289 pagina;
2701 5218 2777 5275 ita
2826 5229 2881 5273 et
2930 5220 3137 5291 pictura
3181 5218 3476 5273 secundum

1920 5307 2067 5361 illam
2104 5322 2366 5377 expressa
2400 5326 2414 5363 :
2462 5311 2721 5380 quoniam
2770 5312 3015 5383 ejusdem
3044 5311 3271 5367 honoris
3313 5320 3478 5380 atque

1920 5398 2259 5453 adorationis
2295 5410 2606 5472 utrumque.

320 5560 365 5590 τ’
399 5557 575 5615 Galat.
604 5574 686 5627 ut,
715 5560 807 5614 28.
882 5562 928 5593 "
962 5561 1155 5631 Ephcs.
1196 5578 1268 5628 tv,
1304 5563 1355 5617 5.
1430 5564 1476 5597 ⁷⁸
1508 5564 1526 5620 l
1561 5562 1707 5622 Petr.
1742 5582 1777 5620 Il
1820 5566 1872 5621 9.
1949 5568 1995 5599 ⁷⁸
2027 5566 2187 5622 Hom.
2225 5586 2315 5636 xx,
2355 5571 2411 5628 in
2437 5571 2507 5628 ιο
2547 5584 2836 5647 martyres.

1744 5738 1974 5795 ΝΟΤᾸί.

320 5826 429 5893 (θῦ)
460 5826 520 5881 In
558 5828 679 5884 cod.
705 5828 835 5900 Reg.
872 5828 1005 5899 pﬁq’.

1979 5835 2052 5906 (³)
2087 5836 2415 5908 Dogmatica.
