4184 6562
659 414 795 479 1539

859 528 1112 583 CLXXII.
1139 560 1206 569 -—
1229 530 1489 599 Hesychia
1526 537 1888 599 protonotario
1920 533 2005 602 (').

1841 419 1903 480 S.
1943 417 2335 479 THEODORI
2376 418 2719 480 STUDITE

3784 417 3923 480 1548

2394 534 2524 587 POB
2568 536 2703 603 (64).
2728 564 2798 578 -
2836 533 3101 602 ἸΙσυχῖφ
3124 531 3596 599 πρωτονοταρίῳ.
3642 527 3851 600 [ψγέ]

1332 650 1405 698 De
1430 647 1547 697 tilia:
1573 649 1948 699 consecratione
1972 664 1984 699 :
2009 655 2061 697 et
2094 660 2158 696 ne
2180 646 2431 696 ullatenus
2456 663 2567 699 cum
2592 652 2842 702 hereticis
2876 650 3223 701 communicet.

722 754 989 809 Prmelara
1011 752 1232 824 quidem
1273 755 1504 823 epistola
1543 758 2011 825 przestantissimae
2039 756 2217 810 hono-

2392 757 2545 827 Καλὴ
2579 762 2676 828 μὲν
2718 760 2751 828 ἡ
2784 758 3040 827 ἐπιστολὴ
3069 759 3170 825 τῆς
3197 755 3478 825 παγκάλου
3521 771 3617 807 σου
3658 751 3925 819 τιμιότηο

649 848 931 901 Γίηορηιίρε
958 856 1083 906 tuae,
1113 856 1165 899 et
1197 855 1454 911 tanquam
1484 846 1551 901 de
1584 849 1731 901 bono
1756 851 2016 903 thesauro
2038 849 2224 903 cordis

648 937 893 1006 profecta
916 980 929 999 .
960 950 1015 992 et
1054 949 1312 1008 tanquam
1356 938 1760 1007 pulchritudine
1794 942 2011 993 radians
2046 939 2225 993 chari-

648 1029 778 1083 tatis
816 1048 828 1082 :
882 1046 988 1082 non
1022 1030 1124 1083 hoc
1158 1040 1336 1083 tamen
1380 1030 1597 1084 nomine
1631 1030 1919 1093 laudanda,
1951 1029 2093 1098 quod
2125 1044 2225 1083 nos

650 1121 935 1189 imperitos
968 1123 1222 1177 laudibus
1258 1124 1575 1177 extollebat.
1622 1121 1917 1191 Ecqnando
1958 1122 2101 1175 enim
2145 1119 2225 1174 fa-

649 1226 772 1269 ctus
803 1232 950 1278 sum,
979 1218 1124 1285 quod
1152 1218 1235 1271 ais
1259 1258 1272 1278 .
1310 1218 1527 1270 lucerna
1562 1222 1750 1271 ardens
1781 1226 1828 1269 et
1853 1220 2029 1269 lucens
2065 1215 2133 1279 ⁷⁸,
2172 1214 2227 1268 in

648 1322 757 1375 qua
799 1322 852 1361 tu
888 1308 1152 1362 Dominus
1178 1325 1332 1363 meus
1367 1310 1488 1361 luce
1527 1310 1880 1361 collustratns
1921 1308 2228 1361 exsultave-

650 1397 767 1450 ris?
812 1407 907 1451 aut
950 1398 1075 1452 fons
1106 1399 1489 1467 limpidissimc
1522 1397 1695 1450 ﬂuens
1716 1437 1730 1459 ,
1781 1398 1848 1449 de
1879 1412 1989 1464 quo
2012 1396 2229 1450 dilertio

652 1500 744 1542 tua
790 1504 1095 1543 sermonem
1139 1490 1434 1543 salutarem
1482 1487 1770 1541 hauserit?
1817 1488 2013 1539 Annon
2047 1486 2230 1555 potius

652 1582 942 1636 obscurata
971 1592 1055 1635 est
1090 1598 1120 1636 e
1166 1584 1446 1635 contrario
1473 1581 1637 1634 iacies
1672 1590 1856 1634 nostra
1891 1595 2058 1648 supra
2106 1578 2232 1630 fuli-

655 1673 861 1739 ginem,
899 1682 955 1725 nt
987 1688 1110 1726 cum
1154 1675 1419 1743 propheta
1453 1674 1646 1739 loquar
1675 1672 1741 1735 ”,
1778 1688 1874 1739 per
1912 1672 2035 1724 vita:
2068 1669 2235 1722 inuti-

650 1764 901 1819 litatem?
937 1776 989 1819 et
1033 1782 1213 1820 sermo
1258 1776 1444 1817 noster
1474 1766 1657 1833 aperis
1698 1764 1907 1816 viribus
1938 1762 2235 1815 destitutus

651 1859 900 1927 elanguit
966 1859 1033 1912 ad
1064 1859 1424 1912 erudiendum
1484 1859 1646 1910 talem
1704 1855 2055 1910 auditorem?
2105 1854 2235 1917 Otia:

651 1952 871 2020 quidem
908 1966 937 2004 a
974 1966 1062 2005 me
1096 1950 1374 2012 dicuntur,
1408 1965 1513 2001 non
1538 1949 1683 2018 quod
1719 1948 2108 2017 Smyrnensem
2136 1960 2235 1998 cu-

652 2045 885 2098 stodiam
922 2048 1272 2113 vituperem;
1319 2042 1504 2096 absit!
1553 2042 1863 2097 veneranda
1913 2041 2056 2095 enim
2108 2040 2231 2101 illa,

2323 866 2436 913 τος,
2459 852 2553 902 καὶ
2574 850 2649 913 ὡς
2670 851 2765 902 ἀπ’
2790 850 2993 917 ἀγαθοῦ
3029 849 3303 919 Θησαυροῦ
3336 850 3433 917 τῆς
3455 845 3687 916 καρδίας
3717 843 3933 908 £5370-

2328 941 2609 1019 ρευΟεῖσα·
2660 942 2756 994 καὶ
2802 942 2878 1005 ὡς
2921 942 2999 1011 τῷ
3042 941 3227 994 κάλλει
3270 941 3368 1008 τῆς
3398 939 3622 1007 ἀγάπης
3655 936 3931 1001 eum/1.22-

2326 1036 2535 1088 σθεῖσα.
2562 1035 2637 1087 Οὐ
2665 1034 2771 1104 μὴν
2793 1036 2868 1095 ὡς
2891 1035 3263 1103 ἀπεσέμνυνεν
3288 1033 3432 1101 ἡμᾶς
3455 1032 3581 1093 τοὺς
3606 1030 3927 1099 ἀμούσως,

2326 1127 2517 1194 λόγους
2552 1128 2842 1196 ἐγκωμίων
2873 1126 3005 1195 ἔχει.
3034 1126 3168 1178 Πότε
3211 1125 3319 1192 γὰρ
3346 1122 3641 1190 ἐγενόμην,
3668 1120 3750 1182 ὡς
3791 1118 3929 1183 φὴς.

2326 1220 2557 1288 λύχνος
2609 1219 2925 1288 καιόμενος
2973 1218 3069 1270 καὶ
3114 1218 3361 1285 φαίνων,
3394 1216 3451 1267 ὲν
3478 1208 3521 1281 ᾧ
3566 1217 3594 1267 ὁ
3628 1212 3931 1275 Δεσπότης

2332 1328 2433 1380 μου
2462 1310 2772 1379 ἠγαλλιάσω
2805 1310 3201 1378 φωτιζόμενος;
3236 1308 3267 1375 ἢ
3300 1306 3448 1377 πηγὴ
3478 1307 3687 1359 νάουσα
3719 1304 3809 1355 διε
3824 1300 3934 1352 2553-

2330 1419 2518 1467 στατα,
2554 1403 2644 1468 ἀφ’
2670 1396 2736 1472 ἦς
2765 1401 3039 1473 ἡρρὐσατο
3077 1402 3111 1469 ἡ
3146 1400 3367 1467 φιλότης
3412 1414 3505 1449 σου
3541 1398 3701 1474 λργον
3734 1392 3933 1459 σωτή·

2334 1511 2483 1563 ριονς
2519 1496 2614 1546 καὶ
2660 1494 2783 1563 οὐχὶ
2827 1493 3135 1545 τούναντίον
3190 1492 3388 1559 μᾶλλον
3428 1489 3725 1542 ὲσκότασεν
3774 1484 3931 1551 ὑπὲρ

2332 1586 2588 1654 ἀσϐόλην,
2626 1586 2977 1656 προφητικῶς
3008 1587 3198 1649 εἰπεῖν,
3241 1583 3299 1636 τὸ
3334 1578 3471 1641 εἶδος
3511 1581 3671 1650 ἡμῶν
3713 1582 3783 1631 τῖ’*
3828 1576 3929 1629 τώ

2334 1677 2449 1747 βίου
2481 1679 2883 1748 ἀχρηστότητι;
2919 1681 3011 1731 καὶ
3054 1677 3082 1728 ὁ
3115 1678 3268 1744 λόγος
3294 1675 3592 1746 ἠσθένησεν
3626 1676 3729 1727 οὐκ
3774 1671 3930 1739 ἔχων

2332 1770 2431 1840 τὴν
2466 1769 2522 1835 ἐξ
2560 1769 2719 1838 ἔργου
2764 1768 3013 1837 δύναμιν,
3045 1772 3122 1830 εἰς
3154 1768 3422 1838 ἐνίδρυσιν
3452 1766 3543 1819 τοῦ
3576 1766 3927 1824 ἀκοὺοντος;

2333 1865 2444 1917 Καὶ
2478 1863 2651 1915 ταῦτα
2679 1863 2841 1930 λέγω,
2877 1864 2937 1915 οὐ
2968 1863 3064 1931 τὴν
3096 1863 3152 1914 ὲν
3181 1864 3245 1931 τῇ
3274 1859 3495 1930 Σμύρνῃ
3528 1855 3775 1929 φυλακὴν
3817 1872 3927 1907 ια-

2335 1958 2530 2021 κίζων·
2566 1957 2640 2027 μή
2674 1974 2725 2009 τι
2756 1954 2999 2022 γένοιτοῐ
3026 1957 3059 2023 ἡ
3088 1954 3185 2021 μὲν
3216 1954 3323 2021 γὰρ
3353 1951 3607 2020 σεδαστὴ.
3641 1946 3927 2014 πεαστῆς

2335 2050 2625 2120 ὁμολογίας
2669 2066 2757 2118 μοι
2792 2047 3023 2117 φρουρός
3048 2064 3063 2077 θ
3101 2046 3338 2114 ἐμαυτὸν
3371 2046 3428 2098 δὲ
3458 2043 3812 2114 αἰτιώμενος,
3846 2040 3927 2102 ὡς

652 2136 981 2189 Veneranda:
997 2135 1367 2187 confessionis
1390 2150 1519 2186 mem
1534 2142 1752 2187 custos:
1778 2131 1871 2185 sed
1890 2140 1948 2184 ut
1971 2130 2235 2197 meipsnm

2337 2142 2436 2193 οὐκ
2466 2140 2629 2204 ἀξίως
2655 2141 2712 2191 ἐν
2740 2138 2876 2207 αὐτῇ
2910 2135 3385 2205 πολιτευσάμενον.
3423 2134 3562 2187 Ἀλλ’
3590 2131 3751 2199 ἀφεὶς
3782 2128 3929 2182 ταῦ⁸

653 2229 903 2298 cnlpem,
938 2228 1029 2296 qui
1065 2243 1171 2280 non
1216 2243 1315 2296 pro
1347 2242 1412 2279 co
1448 2233 1511 2280 ac
1549 2226 1733 2279 decuit
1771 2227 1824 2277 in
1865 2224 1951 2276 illa
1988 2229 2240 2275 versatus

654 2320 784 2371 sim.
814 2316 1013 2371 Verum
1044 2318 1129 2371 his
1152 2319 1530 2385 omissis,quae
1561 2317 1759 2370 indicia
1783 2322 1909 2367 sunt
1931 2313 2237 2375 charitatis,

656 2413 723 2464 ad
744 2411 1054 2464 institutum
1081 2410 1379 2464 orationem
1406 2419 1691 2463 converto.
1721 2406 2061 2477 Significavit
2081 2404 2242 2457 nobis

657 2502 877 2557 bonitas
906 2512 995 2555 tua
1024 2544 1037 2565 ,
1066 2503 1205 2557 duas
1234 2513 1318 2567 te,
1350 2513 1407 2556 ut
1433 2502 1596 2555 verbo
1618 2501 1796 2555 dicam
1819 2538 1840 2567 ,
1872 2498 2072 2551 habere
2104 2496 2242 2550 ﬁlias

659 2611 688 2649 τι
719 2596 824 2649 Deo
852 2596 1044 2661 datas;
1075 2605 1130 2650 et
1161 2596 1397 2664 priorem
1431 2596 1681 2665 quidem,
1715 2604 2008 2661 antequam
2048 2606 2242 2643 nasce-

660 2699 849 2751 retur,
906 2688 1016 2743 Deo
1071 2705 1165 2759 per
1229 2690 1351 2742 vitae
1408 2689 1724 2743 monasticm
1774 2685 2241 2742 consecrationem

660 2780 1055 2850 spopondisse;
1098 2781 1324 2834 alteram
1358 2781 1410 2833 in
1444 2781 1621 2834 medio
1649 2790 1703 2835 et
1730 2780 1950 2849 ancipiti
1984 2779 2244 2845 reliquis-

659 2888 720 2925 se
754 2894 767 2925 :
805 2886 950 2925 nunc
986 2880 1167 2924 autem
1206 2878 1423 2925 mutato
1453 2872 1707 2931 consilio.
1744 2872 1861 2924 vice
1888 2884 2039 2924 versa
2070 2867 2247 2921 facere

660 2962 1016 3015 constituisse
1059 2962 1128 3014 ob
1166 2966 1463 3030 quamdam
1508 2963 1889 3017 necessitatem
1941 2975 2064 3030 quae
2112 2958 2247 3012 inci-

661 3052 780 3105 dit:
825 3059 886 3104 ut
921 3066 1115 3119 nempe
1156 3050 1266 3105 Deo
1312 3052 1645 3120 promissam
1670 3092 1685 3114 ,
1726 3052 1928 3104 mundo
1967 3048 2245 3117 assignes,

663 3144 769 3197 hoc
800 3152 885 3198 est
915 3144 1032 3199 viro
1064 3142 1249 3197 tradas
1281 3143 1429 3197 omni
1459 3158 1523 3195 ex
1565 3152 1718 3211 parte
1754 3141 2019 3194 laudabili
2052 3182 2066 3202 ,
2099 3142 2246 3208 ejus-

663 3234 900 3303 demque
946 3247 1069 3285 cum
1117 3231 1293 3300 puella
1343 3230 1561 3289 aetatis;
1614 3229 1666 3281 in
1705 3229 1883 3281 medio
1914 3238 2093 3280 autem
2125 3227 2249 3279 reli-

664 3332 810 3379 ctam
838 3367 853 3388 ,
894 3323 1186 3377 admodum
1243 3320 1596 3390 juvenculam
1650 3331 1700 3373 et
1743 3320 2001 3388 imparem
2046 3329 2244 3384 astate,

2338 2249 2429 2296 τα,
2476 2230 2553 2294 ὡς
2589 2230 2686 2298 τῆς
2734 2229 2952 2299 ἀγάπης
2995 2227 3121 2279 όντα
3172 2227 3494 2297 συμϐόλαια,
3538 2223 3631 2274 ἐπὶ
3669 2223 3734 2273 τὸ
3781 2238 3923 2273 κατι

2341 2330 2559 2392 επεῖγον
2596 2324 2867 2391 τὸνλόγον
2898 2320 3337 2392 μεθαρμόσομαι.
3384 2318 3685 2386 Ἑσὴμανεν
3718 2316 3856 2383 ἡμῖν
3890 2313 3923 2379 ἠ

2342 2418 2646 2487 χρηστότης
2683 2432 2799 2477 σου,
2833 2413 2906 2474 ὡς
2932 2412 3026 2465 δύο
3054 2412 3218 2481 ἔχειν,
3254 2411 3526 2475 συντόμως
3554 2408 3754 2465 εἰπεῖν,
3794 2406 3923 2455 οεο-

2342 2510 2613 2579 δωρήτους
2648 2506 2952 2577 θυγατέρας
2972 2524 2986 2536 ’
3014 2505 3109 2558 καὶ
3135 2507 3235 2574 τὴν
3265 2504 3361 2572 μὲν
3396 2498 3616 2569 πρώτην
3651 2497 3760 2567 πρὸ
3788 2513 3917 2563 γεν-

2345 2602 2549 2671 νήσεως
2572 2598 3011 2668 καθυποσχέσοαι
3034 2597 3099 2651 δι’
3128 2593 3473 2665 ἀφιερώσεως
3500 2589 3593 2643 τοῦ
3628 2587 3921 2660 ponam-3

2347 2692 2461 2762 βίου
2494 2690 2612 2760 Θεῷ
2633 2706 2645 2719 ·
2676 2688 2773 2759 τὴν
2800 2688 2857 2741 δὲ
2887 2688 3141 2757 δευτέραν
3186 2688 3243 2738 ὲν
3277 2680 3579 2751 μεταιχμίῳ
3613 2679 3879 2751 ςξέρεσθαι
3902 2690 3917 2705 ⁸

2346 2784 2441 2837 νῦν
2474 2784 2529 2835 δὲ
2565 2782 3091 2852 μεταϐεϐουλεῦσθαι
3137 2776 3363 2839 ἐναλλὰξ
3403 2774 3727 2844 ποιήσασθαι
3778 2770 3922 2823 κατὰ

2346 2894 2470 2930 τινα
2498 2875 2799 2944 ἀναγκαίαν
2829 2873 3179 2942 περιπέτειαν
3201 2888 3214 2900 ’
3242 2862 3379 2921 ὥστε
3406 2867 3501 2936 τῂν
3525 2865 3920 2934 ὑποσχεθεῖσαν

2348 2974 2639 3041 ἀπονεῖμαι
2672 2970 2747 3039 τῷ
2778 2968 2986 3037 κόσμῳ,
3020 2966 3187 3034 ἤγουν
3234 2960 3530 3015 ἀποδόσθαι
3566 2960 3721 3027 ἀνδρὶ
3770 2952 3920 3021 καλῷ

2347 3080 2406 3115 τε
2446 3062 2512 3114 τὰ
2556 3061 2753 3119 πάντα,
2790 3056 2882 3109 καὶ
2906 3060 2972 3125 τῇ
3005 3054 3156 3106 παιδὶ
3190 3050 3589 3122 συνηλικιώτῃ·
3624 3048 3724 3117 τὴν
3755 3047 3815 3100 δὲ
3860 3048 3918 3098 ἐν

2353 3152 2659 3223 μεταιχμίῳ
2689 3150 2882 3219 κομιδῇ
2927 3147 3054 3199 νέαν
3106 3144 3269 3198 οὖσαν
3310 3144 3402 3196 καὶ
3430 3143 3490 3195 οὖ
3525 3141 3921 3210 συντρέχουσαν

2348 3247 2414 3315 τῇ
2451 3244 2658 3313 ἡλικίᾳ,
2693 3240 2970 3299 ἀναθεῖναι
3000 3236 3154 3308 Θεῷ’
3188 3236 3288 3290 κᾶν
3330 3235 3503 3305 τούτῳ
3554 3234 3795 3295 σκᾶζειν,
3829 3229 3920 3280 καὶ

2348 3333 2744 3403 δυσχεραίνειν,
2801 3329 2875 3399 μή
2934 3345 3050 3392 πως
3102 3324 3465 3388 ὲναντιοΟελὲς
3521 3324 3605 3392 εἴη
3660 3321 3737 3391 τῷ
3782 3318 3919 3386 Θεῷ.

666 3416 867 3471 offeras
903 3414 1044 3480 Deo;
1096 3423 1149 3467 et
1195 3413 1248 3466 in
1292 3414 1395 3468 hoc
1424 3414 1683 3467 vacillare
1728 3423 1778 3467 te
1828 3428 1890 3466 ac
1930 3414 2244 3481 perplexum

2358 3423 2505 3475 Ἔδει
2539 3422 2637 3492 μὲν
2676 3418 2792 3483 οὖν,
2820 3414 2864 3472 ὦ
2894 3418 3131 3471 δέσποτα
3159 3413 3474 3484 τιμιώτατε,
3505 3413 3693 3465 ἄλλους
3723 3407 3920 3460 πυνθά-

665 3524 817 3569 esse.
846 3522 913 3561 ne
943 3506 1079 3560 forte
1119 3506 1173 3559 id
1210 3515 1471 3576 repugnet
1502 3506 1776 3559 voluntati
1829 3503 1944 3558 Dei.
1975 3502 2252 3559 Dehueras

668 3602 928 3673 quidem,
981 3599 1207 3655 Domine
1252 3600 1715 3659 honoratissime.
1753 3599 1855 3651 hac
1892 3598 1959 3651 de
2010 3613 2067 3650 re
2118 3597 2256 3652 alios

670 3693 1013 3761 interrogare
1039 3732 1055 3754 ,
1096 3690 1165 3743 ab
1196 3690 1375 3758 iisque
1401 3728 1416 3752 .
1447 3702 1507 3743 ut
1536 3688 1628 3758 qui
1660 3689 1880 3742 scientia
1916 3688 2075 3741 nobis
2104 3697 2257 3741 ante-

669 3786 890 3850 cellant,
916 3784 1239 3838 snlutionem
1278 3781 1572 3850 accipere;
1628 3796 1805 3848 neque
1847 3796 1877 3833 a
1926 3781 2089 3833 nobis
2140 3789 2250 3833 tam

672 3880 838 3947 longo
872 3879 1113 3931 locorum
1153 3874 1441 3928 intervallo
1476 3873 1767 3942 disiunctis
1804 3889 2126 3943 responsum
2170 3889 2260 3927 re-

674 3970 914 4037 quirere.
964 3967 1217 4020 Attamen
1247 3966 1467 4035 quando
1516 3980 1615 4035 pro
1667 3980 1729 4017 ea
1800 3980 1964 4033 quam
2017 3962 2259 4017 habuisti

675 4062 877 4116 tlducia
900 4061 978 4114 sic
1006 4059 1275 4122 statuisti;
1309 4074 1370 4113 re
1397 4074 1522 4112 cum
1550 4056 1641 4111 Dei
1669 4058 2054 4111 amantissimo
2082 4056 2262 4111 archi-

675 4152 937 4220 episcopo
969 4159 1022 4203 et
1053 4148 1222 4202 fratre
1262 4156 1452 4201 nostro
1478 4147 1826 4201 considerata
1850 4188 1863 4211 ,
1892 4145 2260 4215 judicavimus

676 4258 798 4296 eam
832 4257 955 4297 esse
985 4253 1180 4312 przeter
1214 4239 1473 4305 oﬂieium,
1518 4249 1571 4293 et
1603 4248 1799 4309 praeter
1830 4248 2034 4293 rectam
2068 4239 2260 4303 Iidem,

679 4348 989 4405 pncterque
1018 4350 1080 4387 ea
1119 4349 1241 4401 qua:
1276 4348 1520 4401 unquam
1562 4332 1766 4386 fuerint
1798 4334 2069 4402 exempla.
2118 4332 2259 4385 Olim

680 4432 835 4483 Anna
870 4428 959 4481 illa
998 4426 1230 4481 celebris
1281 4423 1591 4477 Samuelem
1634 4426 1952 4493 priusquam
2008 4438 2263 4478 nascere-

680 4529 771 4572 tur
804 4517 1046 4587 pollicita
1076 4556 1091 4580 ,
1139 4530 1301 4584 quem
1351 4515 1677 4583 promiserat
1724 4530 1829 4566 non
1862 4514 2219 4567 commutavit
2244 4552 2260 4577 ,

682 4610 897 4664 tametsi
929 4608 1067 4662 alios
1094 4606 1332 4660 habebat
1360 4606 1524 4670 ﬁlios,
1558 4606 1653 4659 sed
1684 4606 1829 4659 htmc
1859 4607 2036 4674 ipsum
2067 4606 2263 4659 obtulit

682 4704 818 4757 Deo.
869 4701 1027 4754 Beata
1091 4696 1324 4763 Nonna,
1377 4713 1503 4751 cum
1555 4696 1876 4768 Gregorium
1927 4697 2261 4767 Theologum

2356 3513 2541 3567 νεσΟαι
2566 3515 2693 3583 περὶ
2721 3512 2874 3565 τοῦδε
2908 3509 3003 3562 τοῦ
3033 3508 3307 3579 δράματος
3327 3545 3343 3569 ,
3366 3506 3461 3558 καὶ
3492 3505 3619 3573 παρ’
3644 3500 3821 3554 αὐτῶν
3849 3499 3921 3561 ὼς

2358 3607 2811 3676 προφερεστέρων
2847 3602 2988 3656 κατά
3020 3601 3220 3669 γνῶσιν
3247 3600 3345 3668 τῆς
3367 3597 3523 3665 ἡμῶν
3556 3596 3917 3660 οὐθενότητος,

2357 3696 2657 3769 λαμϐάνειν
2698 3696 2794 3766 τὴν
2826 3695 3001 3755 λύσιν,
3032 3694 3127 3747 καί
3164 3694 3238 3762 μὴ
3273 3691 3509 3759 τοσούτῳ
3550 3690 3712 3757 μήκει
3739 3686 3921 3755 διῳκι-

2361 3791 2595 3860 σμένους
2648 3790 2795 3859 ἡμᾶς
2836 3791 2901 3857 τῇ
2949 3786 3097 3839 Θέσει
3129 3784 3221 3837 τοῦ
3253 3784 3414 3837 τόπου
3457 3779 3919 3848 ὲπαναλαμδάνειν

2360 3885 2441 3946 είς
2489 3884 2802 3953 ἀπόκρισιν.
2842 3881 3033 3949 ’Ὅμως
3077 3878 3261 3947 ἐπειδὴ
3312 3876 3596 3943 κέκρικας,
3641 3868 3723 3935 οἷς
3768 3874 3921 3925 πεπί-

2361 3993 2594 4038 στευκας
2623 3974 2873 4045 τρόποιςσ
2907 3970 3066 4024 τοῦτο
3102 3971 3165 4040 δὴ
3216 3969 3355 4039 μετά
3395 3967 3487 4020 τοῦ
3516 3964 3918 4033 Θεοφιλεστάτου

2360 4068 2788 4139 ἀρχιεπισκόπου
2831 4065 2927 4120 καὶ
2976 4060 3202 4130 ἀδελφοῦ
3251 4058 3407 4132 ἡμῶν
3456 4059 3815 4112 συνέσκεπται
3852 4057 3919 4119 ὡς

2362 4158 2513 4227 παρά
2561 4158 2622 4211 τὸ
2667 4156 2784 4209 δέον
2824 4156 2886 4207 τὸ
2919 4156 3173 4224 πρᾶγμα,
3206 4152 3302 4204 καὶ
3330 4150 3482 4220 παρά
3511 4148 3607 4219 τὴν
3639 4141 3803 4217 όροῆν
3836 4148 3918 4198 πί-

2366 4242 2483 4304 στιν
2513 4249 2671 4321 [(1οά.
2704 4248 2836 4314 Reg.
2869 4243 3097 4316 κρίσιν],
3176 4242 3273 4295 καὶ
3331 4241 3482 4311 παρά
3541 4239 3609 4293 τὰ
3650 4240 3707 4303 ἐξ
3740 4239 3916 4296 αἰῶνος

2364 4342 2802 4414 παραδείγματα.
2832 4338 3005 4391 Πάλαι
3039 4338 3205 4388 Ἅννα
3236 4337 3268 4405 ἡ
3302 4334 3543 4397 ἀοίδιμος
3574 4330 3663 4383 τὸν
3684 4328 3917 4398 Σαμουὴλ

2366 4435 2470 4505 πρὸ
2510 4436 2814 4501 γεννήσεως
2845 4429 3213 4498 ὑποσχομένη,
3249 4427 3347 4495 οὐχ
3376 4424 3645 4495 ὑπήλλαξε
3678 4422 3768 4473 τὸν
3798 4422 3913 4473 ὑπο-

2366 4524 2645 4593 σχεθέντα,
2680 4522 2773 4575 καί
2814 4538 2895 4573 τοι
2931 4521 3130 4589 ἔχουσα
3165 4518 3256 4571 καὶ
3283 4518 3505 4587 ἑτέρους
3553 4515 3766 4578 παῖδας,
3798 4514 3915 4566 ἀλλὰ

2363 4618 2551 4670 τοῦτον
2574 4618 2889 4685 προσήγαγε
2916 4613 2993 4682 τῷ
3025 4612 3163 4682 Θεῷ.
3196 4612 3369 4664 Νόννα
3405 4612 3439 4678 ή
3471 4609 3729 4679 μακαρία,
3758 4604 3917 4662 (boeti-

2362 4724 2471 4770 τως
2507 4704 2852 4774 ὑποσχομένη
2902 4704 3201 4771 Γρηγόριον
3233 4702 3324 4753 τὸν
3358 4699 3636 4767 Θεολόγον,
3684 4697 3911 4750 ἀπέδωκε

683 4796 937 4849 similiter
971 4791 1348 4864 promisisset.
1396 4799 1583 4843 votum
1641 4806 1800 4843 suum
1853 4789 1959 4841 Deo
2006 4788 2246 4842 reddidit

2365 4797 2444 4867 τῷ
2476 4796 2595 4867 Θεῷ
2624 4797 2722 4864 τὴν
2751 4795 2916 4865 εὐχὴν
2939 4794 3127 4863 αὐτῆς.
3162 4794 3271 4844 Καὶ
3304 4792 3411 4861 μὴν
3434 4792 3461 4843 ὁ
3482 4792 3637 4858 ἀγιος
3667 4788 3914 4856 Εὐθυμιος

685 4890 923 4941 Sanctus
952 4886 1078 4938 item
1110 4881 1471 4953 Euthymius,
1523 4881 1634 4935 Deo
1674 4897 1703 4934 a
1743 4881 2059 4949 parentibus
2103 4880 2263 4934 datus

685 4989 813 5033 ante
838 4978 1179 5032 nativitatem
1201 5014 1216 5038 ,
1254 4990 1360 5028 non
1393 4982 1477 5029 est
1505 4984 1693 5043 postea
1726 4983 2127 5028 commutatus.
2158 4970 2263 5038 Qui

688 5071 1046 5125 admirabiles
1090 5068 1249 5138 plane
1293 5068 1347 5122 in
1403 5067 1609 5121 mundo
1659 5068 1760 5121 visi
1804 5076 1982 5121 sunt:
2027 5082 2262 5137 quorum

690 5180 853 5218 causa
886 5174 939 5219 et
985 5172 1239 5231 parentes
1283 5162 1424 5217 beati
1456 5160 1728 5226 prmdieati
1769 5170 1913 5214 sunt.
1950 5160 2068 5227 Quo
2100 5162 2267 5231 igitur

691 5267 850 5329 pacto
886 5272 1006 5321 nos,
1036 5257 1120 5308 vir
1144 5254 1481 5318 admirande,
1511 5263 1699 5307 contra
1733 5254 1845 5308 haec
1877 5263 2097 5325 agentes
2120 5297 2134 5319 ,
2165 5270 2259 5309 ex-

689 5359 773 5403 tra
822 5347 1302 5419 reprehensionem
1350 5344 1601 5398 erimus?
1652 5360 1715 5398 ac
1762 5361 1868 5397 non
1922 5346 2100 5414 potius
2146 5362 2269 5415 per-

688 5443 918 5513 Stringet
946 5456 1048 5497 nos
1076 5442 1268 5495 beatus
1315 5439 1508 5495 Petrus
1532 5481 1547 5506 ,
1582 5438 1782 5496 alicubi
1811 5440 1999 5494 dicens
2030 5459 2043 5495 :
2080 5438 2268 5493 Nonne

763 5623 809 5655 ἐ
839 5621 996 5677 Joan.
1033 5638 1086 5685 ν,
1125 5621 1214 5676 55.
1291 5621 1334 5652 "
1366 5618 1571 5675 Thren.
1606 5636 1689 5683 tv,
1722 5618 1771 5672 8.

2364 4888 2515 4950 δοτδς
2547 4887 2623 4957 τῷ
2657 4886 2775 4956 Θεῷ
2799 4886 2949 4956 παρά
2976 4886 3086 4946 τοῖς
3116 4883 3329 4951 γονεῦσι
3360 4883 3465 4953 πρὸ
3490 4882 3812 4951 γεννήσεως,
3837 4880 3915 4931 καὶ

2365 4980 2427 5033 οὐ
2476 4978 2791 5050 διήλλακται
2840 4976 2978 5047 μετά
3010 4976 3107 5047 τὴν
3141 4976 3413 5045 γέννησιν.
3440 4973 3503 5026 Οἳ
3530 4974 3623 5026 καὶ
3661 4973 3839 5042 χρῆμά
3870 4988 3913 5022 τι

2366 5071 2679 5141 θαυμαστὸν
2706 5071 2784 5139 τῷ
2811 5070 2999 5140 κόσμῳ
3026 5068 3288 5139 ὤφθησαν
3309 5085 3321 5097 ·
3356 5068 3413 5133 ἐξ
3444 5058 3519 5120 ὧν
3550 5067 3643 5119 καὶ
3673 5067 3722 5118 οἱ
3761 5065 3913 5127 τοκεῖς

2371 5163 2811 5234 μεμακάρηνται.
2841 5160 2967 5222 Πῶς
3014 5161 3056 5211 δ’
3087 5159 3154 5213 ἀν
3200 5155 3292 5212 οὖν
3338 5160 3520 5229 ἡμεῖς,
3551 5152 3597 5210 ὦ
3631 5158 3912 5226 θαυμαστά·

2366 5270 2493 5306 τατε
2523 5252 2679 5324 [Cod.
2716 5249 2844 5321 Reg.
2884 5249 3269 5320 συνετώτατεῙ,
3321 5250 3472 5319 παρὰ
3515 5247 3688 5299 ταῦτα
3727 5246 3913 5299 ποιοῦν·

2366 5364 2475 5409 τες,
2530 5345 2634 5411 ἔξω
2689 5344 3032 5414 ἐγκλήματος
3077 5343 3375 5411 πέσοιμεν;
3429 5342 3523 5394 καὶ
3562 5341 3681 5408 οὐχὶ
3739 5337 3909 5407 μᾶλλον

2368 5437 2662 5522 καθάψοιτο
2693 5436 2850 5506 ήμῶν
2879 5438 2908 5488 ὁ
2933 5435 3199 5506 μακάριος
3234 5434 3437 5503 Πέτρος
3461 5426 3565 5487 ὧδέ
3600 5449 3702 5485 που
3728 5431 3906 5499 λέγων·

2212 5771 2441 5831 ΝΟΤΕ.

768 5872 851 5943 (⁸)
878 5875 1213 5943 Dogmattca.

2350 5868 2465 5941 (6t)
2492 5870 2550 5925 In
2583 5869 2705 5927 cod.
2733 5868 2864 5941 Reg.
2902 5864 3037 5940 950'.

4116 1726 4120 1833 l
