4184 6520
263 457 404 525 1541

1448 458 1569 518 EPI
1581 455 1987 517 STOLARUM
2043 454 2191 515 LIB.
2231 453 2318 515 Il.

3385 455 3522 519 1542

252 572 408 641 Οὐχὶ
435 569 623 642 μένον
660 582 759 624 σοι
797 567 991 639 ἔμενε,
1024 567 1121 623 καί
1152 568 1378 637 πραθὲν
1423 569 1493 623 ἐν
1525 568 1598 638 τῇ
1623 568 1709 638 σῇ
1732 569 1832 633 ἐξ-

1945 564 2033 619 tibi
2061 581 2278 618 manens
2301 562 2570 629 manebat,
2594 571 2645 617 et
2672 566 3048 619 venumdatam
3073 566 3127 619 in
3161 577 3251 620 tua
3280 581 3391 622 erat
3422 587 3521 639 po-

258 666 449 731 ουσία
484 661 757 731 ὑπῆρχες
798 662 856 716 τί
884 661 975 715 ὅτι
999 660 1141 715 ἔθου
1167 660 1237 713 ἐν
1264 658 1339 730 τῇ
1370 659 1581 728 καρδίᾳ
1614 676 1730 715 σου
1767 661 1835 714 τὸ

257 754 504 825 πρᾶγμα
549 753 765 816 τοῦτο;
794 753 890 805 καὶ
915 750 975 803 τὸ
1002 751 1130 819 ἑξῆς
1153 750 1436 820 δύσφημον
1477 749 1718 822 παρίημι
1746 751 1837 804 λέ-

256 863 328 915 γε
339 865 389 901 ιν
407 889 424 912 ,
453 846 617 899 εἰδότι
634 844 1030 915 διαλεγόμενος.
1058 843 1171 897 Καὶ
1194 844 1304 913 γὰρ
1329 843 1468 896 ἐπὰν
1496 842 1676 897 ὁτιοῦν
1704 844 1839 897 ἀποο

260 938 493 1010 ταχθείη
536 936 656 1008 Θεῷ
698 936 766 990 δι’
803 936 968 1006 εὐχῆς
1019 934 1222 1001 αίσίας,
1277 935 1357 998 είς
1403 932 1589 1005 κοινὴν
1644 934 1839 1007 χρῆσιν

267 1029 602 1102 μεταφέρειν
631 1030 730 1082 οὐκ
764 1028 1064 1083 ἀκίνδυνον.

342 1120 512 1190 Κοινὴ
543 1119 600 1172 δὲ
628 1118 825 1189 χρῆσίς
866 1117 1013 1172 ἐστιν
1054 1119 1087 1189 ἡ
1116 1117 1209 1172 τοῦ
1242 1117 1356 1187 βίου
1398 1117 1688 1189 ἐπιγαμία.
1728 1118 1840 1172 Καὶ

262 1211 458 1281 ὥσπερ
482 1213 511 1263 ό
543 1210 907 1280 ὑποσχόμενος
940 1210 1189 1280 μονάσαι,
1213 1211 1306 1263 καὶ
1328 1210 1420 1264 ἐπὶ
1446 1211 1621 1281 τούτῳ
1653 1211 1841 1278 κείμε-

260 1318 380 1364 νος,
412 1302 780 1369 ὑπονοστήσας
801 1299 892 1351 καὶ
918 1301 1101 1368 γήμας
1131 1298 1553 1370 κατακέκριται·
1582 1299 1725 1352 οὕτω
1746 1300 1839 1351 καὶ

258 1394 293 1445 ὁ
325 1391 691 1461 προελόμενος
722 1390 833 1443 υἱὸν
861 1389 893 1460 ἢ
927 1390 1202 1461 θυγατέρα
1231 1394 1520 1461 προσοῖσαι
1548 1389 1689 1461 Θεῷ,
1722 1386 1840 1443 εἶτα

264 1481 637 1554 μεταλλάξας,
665 1482 762 1553 τὴν
793 1481 960 1553 αὐτὴν
991 1483 1314 1553 κατάκρισιν
1340 1482 1476 1552 ἔχοι.
1500 1481 1657 1535 Οὕτω
1686 1481 1839 1534 νοοῦ-

262 1591 395 1646 μεν,
444 1573 754 1643 σύγγνωθι·
800 1573 1001 1645 καίπερ
1032 1573 1310 1643 ἐφιέμενοι
1345 1572 1406 1626 τὸ
1434 1574 1839 1627 ἀναπαυστικόν

262 1683 387 1730 σου,
419 1666 513 1719 καὶ
545 1666 605 1719 τὸ
639 1666 769 1737 περὶ
812 1666 1037 1720 σεαυτὸν
1063 1666 1275 1737 εὑχθὲν,
1315 1666 1395 1729 είς
1435 1666 1595 1736 ἔργον
1628 1665 1840 1736 ἀποϐῆ-

262 1775 389 1812 ναι·
423 1758 537 1813 ἀλλ’
576 1758 638 1811 οὺ
672 1759 741 1812 δι’
776 1757 994 1830 ἐντολὴν
1029 1760 1214 1830 ἐντολὴ
1248 1758 1673 1829 παραϐαίνοιτο⁶
1718 1759 1839 1811 οὐδὲ

262 1852 361 1906 διὰ
395 1852 457 1905 τὸ
494 1851 725 1922 θατέρου
760 1851 1120 1923 σωτηριῶδες,
1166 1852 1227 1905 τὸ
1265 1850 1493 1921 θατέρου
1549 1850 1839 1923 ἐπιζήμιον

265 1942 624 2012 θεραπεύοιτο
678 1941 839 2015 [ϐοά.
870 1943 1003 2013 Reg.
1027 1942 1515 2016 πραγματεύοιτο]ο
1542 1944 1615 2007 ὡς
1640 1946 1689 1998 oi
1720 1944 1839 1998 θεο-

264 2038 428 2107 φόροι
478 2036 719 2106 Πατέρες
775 2036 1141 2107 ἀπεφήναντο.
1198 2036 1308 2090 Καὶ
1369 2037 1541 2091 ταῦτα
1596 2037 1695 2107 μὲν
1749 2038 1842 2091 ἐπὶ

261 2128 542 2183 τοσοῦτον.
583 2129 649 2183 Ἠ
682 2129 739 2183 δὲ
774 2129 933 2201 τρίτη
985 2128 1206 2200 ἐπιὸολὴ
1248 2128 1342 2183 τοῦ
1383 2128 1563 2197 λόγου,
1606 2130 1688 2183 ὅτι
1734 2130 1842 2184 εἰσί

260 2238 414 2285 τινες
445 2222 668 2291 μοναχοὶ
699 2221 774 2285 ὡς
802 2222 862 2275 τὸ
895 2222 1071 2274 δοκεῖν
1102 2221 1201 2290 τῆς
1233 2220 1397 2291 ὀρθῆς
1441 2220 1678 2286 πίστεως
1714 2223 1843 2276 ἀντ·

261 2320 543 2385 εχόμενοι,
569 2316 662 2368 καὶ
696 2315 923 2379 πολλοὺς
951 2315 1222 2386 διωγμοὺς
1252 2314 1392 2383 ὑπὲρ
1418 2314 1675 2384 ἀληθείας
1711 2316 1842 2370 ὑπο-

266 2407 645 2477 μεμενηκότες
669 2448 685 2472 ,
720 2405 1285 2476 συναναστρεφόμενοι
1314 2405 1371 2459 δὲ
1391 2408 1561 2476 ὅμως,
1596 2408 1690 2461 καὶ
1712 2426 1840 2462 συν-

260 2496 539 2559 εσθίοντες
567 2499 675 2559 τοῖς
705 2498 1019 2566 αἱρετικοῖς,
1046 2497 1139 2548 καὶ
1170 2496 1717 2564 συγκαταϐαίνοντες,
1745 2499 1841 2552 καὶ

261 2590 559 2658 ἀδιάφορον
586 2590 646 2641 τὸ
678 2589 909 2659 πρᾶγμα
955 2589 1211 2657 οἰόμενοι,
1241 2588 1318 2653 ὡς
1354 2590 1504 2661 παρά
1532 2608 1639 2645 τινι
1669 2592 1841 2663 Πατρνι⁵

261 2680 769 2751 νενομοθετημένοι,
813 2681 940 2751 τρία
967 2678 1143 2735 ταῦτα
1179 2681 1552 2750 φυλάξασθαι·
1586 2685 1660 2755 μὴ
1686 2685 1841 2738 εὐλο-

261 2777 482 2841 γεῖσθαι
532 2772 636 2825 ὑπὸ
672 2773 779 2826 τῶν
804 2774 1185 2844 αίρετιζόντων
1209 2792 1225 2807 ’
1260 2775 1334 2845 μὴ
1368 2776 1703 2845 συμψάλλειν
1744 2778 1842 2830 αὐ·

262 2865 379 2925 τοῖς
408 2862 832 2933 προαρχομένοις
862 2879 877 2895 ·
904 2867 999 2915 καὶ
1026 2863 1085 2916 τὸ
1110 2863 1413 2933 ἀπέχεσθαι
1436 2865 1535 2934 τῆς
1561 2866 1842 2929 κοινωνίας

261 2953 359 3007 τοῦ
387 2954 555 3024 ἄρτου
583 2953 779 3008 αὐτῶν.
819 2954 976 3026 Παρὰ
1003 2955 1070 3008 τὰ
1098 2955 1495 3026 διατεταγμένα
1525 2958 1637 3020 τοῖς
1666 2957 1841 3024 ἁγίοις

261 3048 514 3118 Πατράσι
543 3047 605 3099 τὸ
629 3046 941 3117 λεγόμενον.
970 3045 1107 3101 Οὔτε
1134 3047 1243 3119 γὰρ
1283 3049 1838 3119 συναναστρέφεσθαι,

260 3139 392 3193 οὔτε
441 3139 762 3203 συνεσθίειν,
799 3138 922 3191 οὕτε
963 3138 1318 3208 συμψόιλλειν,
1354 3136 1468 3190 οὗθ’
1513 3138 1650 3201 ὅλως
1698 3139 1840 3208 ἔχειν

260 3230 387 3279 τινὰ
408 3225 693 3279 κοινωνίαν
724 3227 859 3297 πρὸς
890 3226 1090 3288 αὐτοὺς
1123 3227 1508 3295 καταδέχονται
1528 3242 1542 3255 ³
1573 3227 1711 3281 ἀλλὰ
1746 3229 1841 3282 καὶ

1936 655 2172 710 testate?
2205 654 2383 720 Quare
2419 656 2643 723 posuisti
2683 655 2738 708 in
2782 656 2937 711 corde
2973 666 3063 711 tuo
3091 658 3229 711 hanc
3270 675 3379 712 rem
3425 658 3469 690 "
3498 660 3524 714 ’ἒ

1938 747 2005 804 Et
2047 748 2196 819 quod
2242 747 2492 817 sequitur
2536 748 2666 801 mali
2707 748 2909 803 ominis
2948 751 3353 819 praetermitto:
3392 767 3521 807 cum

1937 840 2132 895 scienti
2167 840 2383 909 loquar.
2426 838 2724 893 Enimvero
2757 839 2848 893 ubi
2891 840 3176 911 quidpiam
3216 842 3326 899 Deo
3357 843 3525 899 fuerit

1938 931 2086 987 felici
2114 940 2241 987 voto
2264 932 2584 1004 sepositum,
2614 931 2667 985 in
2691 945 3041 988 communem
3069 946 3231 989 usum
3254 934 3309 991 id
3340 944 3523 992 trans-

1940 1022 2085 1079 ferre
2106 1063 2121 1089 ,
2156 1024 2415 1095 periculo
2446 1039 2557 1079 non
2588 1033 2765 1078 vacat.

2010 1116 2328 1171 Communis
2360 1124 2541 1171 autem
2576 1132 2708 1171 usus
2740 1126 2821 1171 est
2851 1117 3113 1173 saeculare
3138 1118 3473 1173 connubium
3504 1136 3519 1172 :

1937 1221 1991 1263 et
2018 1209 2477 1278 quemadmodum
2527 1212 2620 1278 qui
2655 1212 3013 1265 monasticam
3053 1212 3217 1265 vitam
3243 1212 3520 1281 promisit,

1937 1315 2170 1368 eamque
2214 1298 2450 1355 adorsus
2506 1312 2610 1362 est,
2644 1302 2689 1356 si
2735 1303 3045 1357 retrocedat
3100 1314 3157 1357 et
3207 1304 3520 1374 coniugium

1940 1390 2107 1455 ineat,
2160 1390 2555 1445 condemnatur
2590 1410 2601 1445 :
2634 1392 2715 1445 sic
2765 1400 2821 1446 et
2868 1396 2962 1462 qui
2995 1394 3165 1448 ﬁlium
3213 1404 3309 1448 aut
3353 1395 3520 1449 tiliam

1941 1482 2139 1537 oﬁ‘erre
2195 1481 2306 1537 Deo
2350 1483 2609 1546 instituit,
2651 1484 2696 1538 si
2754 1495 2942 1554 postea
2983 1498 3179 1551 mutet,
3231 1488 3287 1541 in
3332 1490 3520 1542 eadem

1940 1573 2043 1628 erit
2065 1574 2538 1628 condemnatione.
2560 1574 2649 1629 Sic
2669 1575 2955 1641 sentimus,
2990 1577 3241 1647 ignosce;
3268 1579 3524 1647 quamvis

1941 1679 2005 1719 ea
2048 1662 2230 1720 dicere
2271 1666 2473 1734 quibus
2503 1666 2824 1736 acquiescas
2861 1670 3171 1738 cupiamus,
3207 1680 3262 1725 et
3293 1672 3345 1726 id
3377 1672 3526 1741 quod

1941 1766 2099 1826 optas
2150 1757 2247 1812 tibi
2275 1773 2343 1812 ex
2374 1760 2644 1813 sententia
2678 1760 3009 1829 succedere;
3064 1778 3172 1817 non
3208 1773 3293 1819 est
3344 1774 3526 1818 tamen

1942 1861 2271 1921 praeceptum
2308 1853 2562 1923 praecepti
2616 1868 2785 1909 causa
2835 1855 3188 1921 violandum;
3221 1871 3321 1911 nec
3354 1872 3419 1910 ex
3460 1871 3528 1911 eo

1940 1944 2086 2012 quod
2119 1944 2359 2000 salutare
2386 1957 2469 2000 est
2517 1946 2691 2013 alteri,
2725 1949 3024 2013 curabitur,-
3057 1948 3204 2019 quod
3258 1950 3410 2004 alteri
3443 1953 3529 2005 est

1940 2036 2188 2101 noxium,
2238 2036 2385 2091 sicut
2424 2036 2593 2091 divini
2620 2038 2809 2096 Patres
2839 2041 3171 2095 docuerunt.
3205 2040 3285 2097 Ae
3335 2043 3401 2096 de
3440 2043 3528 2097 his

1939 2128 2158 2198 quidem
2178 2128 2286 2183 huc
2322 2145 2518 2199 usque.
2551 2129 2799 2188 Tertium
2829 2133 3074 2202 epistola:
3103 2143 3266 2203 caput
3306 2133 3373 2187 de
3405 2150 3526 2190 mo-

1940 2220 2131 2275 nachis
2157 2221 2618 2292 quibusdam,qui
2649 2234 2852 2278 rectam
2891 2225 3053 2280 ﬁdem
3077 2228 3216 2281 tueri
3247 2228 3527 2297 videntur,

1939 2318 1995 2363 et
2022 2308 2222 2363 multas
2252 2312 2661 2379 persecutiones
2684 2327 2780 2379 pro
2802 2312 3026 2367 veritate
3049 2313 3372 2382 pertulisse;
3396 2329 3512 2369 con-

1941 2409 2233 2453 versantur
2258 2410 2437 2455 tamen
2469 2414 2523 2456 et
2552 2414 2951 2458 conveseuntur
2984 2421 3109 2460 eum
3146 2406 3438 2471 haereticis,
3471 2415 3529 2461 et

1941 2493 2411 2559 eondescendunt,
2446 2510 2544 2564 pro
2573 2511 2632 2551 re
2664 2496 2993 2553 intlitl‘erenti
3056 2500 3318 2556 habentes
3349 2498 3528 2572 (quasi

1942 2582 2083 2639 banc
2136 2599 2167 2638 a
2216 2583 2378 2640 Patre
2422 2587 2604 2656 aliquo
2658 2588 2831 2657 legem
2888 2590 3230 2659 acceperint)
3263 2592 3365 2645 tria
3414 2592 3531 2647 hare

1939 2690 2172 2743 cavere,
2228 2676 2478 2733 videlicet
2531 2695 2598 2733 ne
2644 2679 3079 2735 benedictionem
3142 2682 3213 2736 ab
3260 2683 3531 2745 haereticis

1940 2769 2231 2838 accipiant,
2275 2784 2345 2824 ne
2388 2785 2514 2825 cum
2550 2771 2658 2826 illis
2700 2772 2937 2840 psallunt
2963 2773 3358 2842 praeeuntibus,
3385 2784 3439 2829 et
3472 2782 3531 2829 ut

1941 2874 1970 2913 a
2001 2860 2161 2929 panis
2184 2861 2427 2926 ipsorum
2459 2863 2847 2918 communione
2880 2863 3211 2919 abstineant.
3236 2864 3281 2917 A
3310 2877 3531 2921 sancto-

1940 2967 2064 3005 rum
2138 2951 2364 3007 Patrum
2425 2952 2927 3010 Constitutiouibus
2987 2954 3161 3011 aliena
3230 2967 3358 3011 sunt
3409 2973 3534 3027 qua

1942 3043 2151 3097 dicunt.
2188 3042 2324 3099 Nam
2358 3061 2534 3115 neque
2558 3047 2896 3113 conversari,
2920 3062 3097 3117 neque
3122 3049 3397 3112 convesci,
3432 3064 3530 3103 ne-

1942 3147 2049 3202 que
2078 3148 2185 3187 una
2217 3134 2468 3201 psallere,
2501 3151 2675 3204 neque
2731 3137 2899 3191 ullam
2942 3138 3168 3193 omnino
3217 3141 3532 3194 communi-

1944 3225 2216 3279 cationem
2269 3226 2469 3280 habere
2510 3228 2883 3295 permittunt:
2921 3230 3053 3299 quin
3080 3239 3133 3284 et
3168 3246 3245 3284 vae
3294 3246 3537 3301 pronun-

260 3318 325 3370 τὸ
357 3317 480 3371 οὐαὶ
504 3317 927 3385 ἐπιφθέγγονται
956 3319 1067 3381 τοῖς
1101 3316 1260 3388 μέχρι
1284 3315 1595 3386 βρώματος,
1623 3318 1719 3371 καὶ
1743 3319 1841 3372 πό-

1945 3318 2079 3371 tiant
2109 3317 2160 3371 in
2189 3333 2284 3371 eos
2312 3318 2406 3386 qui
2436 3319 2521 3373 vel
2551 3319 2605 3373 in
2633 3320 2779 3383 cibo,
2806 3321 2892 3375 vel
2927 3322 2981 3375 in
3026 3331 3177 3392 potu,
3206 3323 3287 3381 vel
3322 3322 3524 3379 aﬁ'ectu

267 3428 461 3480 ματος.
489 3411 584 3463 καὶ
607 3410 841 3480 σχέσεως
873 3410 1220 3464 κοινωνοῦσιν
1245 3409 1447 3473 αὐτοῖς.
1475 3410 1639 3462 Ὥστε
1676 3410 1843 3481 ἐκκή-

265 3518 468 3572 ρυκτος
493 3504 585 3554 καὶ
616 3500 1183 3573 ἀλλοτριοδιδάσκαλος
1206 3501 1235 3553 ό
1261 3501 1444 3555 ἐκεῖνα
1469 3500 1672 3571 λέγων,
1696 3502 1844 3564 ὅστις

264 3593 336 3649 ἃν
362 3595 447 3665 είη
474 3596 532 3649 ἐν
559 3594 886 3666 ἀνθρώποις.

513 3708 678 3763 POI".
704 3736 776 3749 ——
798 3706 1103 3777 Γρηγορίῳ
1129 3703 1355 3771 ὑπάτῳ.
1391 3701 1585 3777 [LI/x112]

1946 3424 2068 3463 cum
2100 3409 2205 3464 illis
2232 3410 2662 3466 communicant.
2691 3410 2874 3478 Quare
2918 3414 3229 3480 damnatus,
3260 3426 3313 3470 et
3343 3417 3535 3473 alienae

1947 3501 2212 3555 doctrinae
2235 3501 2495 3573 magister
2521 3511 2606 3560 est
2638 3504 2731 3574 qui
2761 3505 2875 3561 haec
2895 3504 3048 3573 dicit,
3077 3507 3333 3579 quisquis
3356 3508 3445 3565 ille
3467 3510 3539 3565 sit

1949 3592 2285 3647 mortalium.

2230 3702 2512 3759 CLXXIII.
2545 3735 2619 3748 -—-
2645 3704 2896 3778 Gregorio
2923 3708 3133 3764 consuli
3148 3708 3246 3779 (⁸).

847 3842 903 3893 In
927 3841 1051 3892 illud
1075 3839 1302 3906 Apostoli
1326 3854 1338 3890 :
1370 3841 1435 3891 In
1459 3839 1568 3905 ipso
1600 3839 1834 3892 inhabitat
1852 3836 2013 3890 omnis
2035 3836 2284 3902 plenitudo
2312 3837 2584 3891 divinitatis
2614 3846 2958 3906 corporaliter.

352 3977 612 4049 Ἐξημίου
639 3978 785 4048 ἡμᾶς
812 3977 972 4049 μέχρι
999 3977 1092 4032 τοῦ
1123 3978 1281 4051 δεῦρο
1305 3980 1338 4050 ή
1367 3979 1617 4049 τιμιότης
1645 3996 1739 4032 σου
1768 3976 1843 4048 μὴ

267 4071 649 4126 ἐπιστείλασαο
682 4071 886 4141 καίπερ
930 4071 1317 4124 ἐπιστέλλουσα
1348 4070 1562 4131 καλῶς·
1594 4070 1669 4135 ὡς
1706 4070 1845 4124 αὐτὰ

267 4165 341 4219 τὰ
369 4163 669 4233 γράμματα
693 4161 863 4233 δηλοῖ.
901 4160 1018 4231 Ἐφ’
1047 4157 1127 4227 οἷς
1172 4163 1277 4235 καὶ,
1296 4161 1641 4233 ἐπῃνέσαμεν
1673 4162 1843 4232 αὐτῆς

268 4259 333 4313 οὑ
372 4258 532 4329 μόνον
582 4257 643 4312 τὸ
670 4259 926 4329 εὐμαθὲς,
977 4259 1113 4314 ἀλλὰ
1157 4262 1251 4315 καὶ
1294 4259 1353 4313 τὸ
1386 4259 1465 4312 έτι
1507 4259 1840 4331 φιλομαθέςο

268 4351 600 4422 γλιχομένης
640 4352 888 4413 παιδείας
930 4352 1268 4425 ὑψηλοτέρας
1317 4353 1638 4424 μετασχεῖν’
1681 4347 1751 4424 ἦς
1786 4350 1849 4404 τὸ

271 4441 526 4509 πυκτίον,
570 4443 753 4507 καθὼς
789 4445 1145 4516 ἐπεζήτησεν,
1178 4444 1372 4516 ἔχομεν
1405 4445 1523 4515 μὲν,
1552 4448 1611 4496 οὐ
1657 4444 1765 4515 μὴν
1802 4442 1848 4496 δ’

272 4534 532 4588 ἐνταῦθα.
567 4534 693 4588 Ἐὰν
719 4532 778 4587 δὲ
822 4536 1060 4608 συμϐαίη
1092 4537 1385 4606 ἀφικέσθαι
1430 4540 1490 4591 ἐν
1521 4538 1633 4598 τοῖς
1663 4534 1851 4589 αὐτόθι

272 4624 366 4677 τὸν
392 4625 789 4695 παροικονόμον
833 4625 1011 4693 ἡμῶν,
1051 4624 1233 4678 λασὼν
1261 4625 1319 4691 ἐξ
1346 4618 1519 4695 οὗπερ
1559 4622 1849 4691 τεταμίευ-

2023 3976 2230 4030 Damno
2279 3978 2457 4032 aﬁecit
2498 3994 2598 4032 nos
2654 3979 2925 4033 hactenus
2969 3977 3390 4033 honoriﬁcentia
3418 3988 3535 4048 tua,

1949 4069 2086 4123 nihil
2120 4070 2365 4124 scribens
2392 4070 2717 4133 litterarum,
2753 4069 3008 4138 quamvis
3046 4071 3261 4139 egregie
3306 4071 3538 4134 scribat,

1951 4167 2010 4211 ut
2056 4158 2246 4213 littera:
2287 4159 2417 4229 ipsa:
2445 4159 2849 4215 demonstrant.
2880 4158 2934 4213 In
2968 4160 3169 4229 quibus
3198 4160 3540 4215 laudavimus

1948 4246 2067 4315 ejus
2122 4261 2233 4301 non
2279 4248 2456 4301 solum
2487 4248 2848 4311 docilitatem,
2881 4248 2973 4301 sed
2999 4258 3262 4316 praeterea
3292 4249 3538 4304 discendi

1949 4353 2170 4408 quoque
2223 4338 2487 4405 studium,
2526 4349 2586 4393 ut
2630 4354 2751 4409 qua;
2801 4338 3178 4393 sublimiorem
3230 4340 3539 4393 doctrinam

1950 4429 2183 4499 adipisci
2203 4430 2387 4499 cupiat
2414 4447 2430 4484 :
2459 4430 2616 4498 cujus
2647 4431 2888 4484 codicem
2918 4446 3081 4499 quem
3115 4433 3344 4500 expetis,
3371 4431 3539 4485 babe-

1952 4538 2076 4577 mus
2129 4523 2376 4592 quidem,
2405 4538 2516 4577 non
2570 4531 2752 4577 tamen
2804 4525 2905 4577 hoc
2942 4524 2994 4577 in
3031 4524 3171 4579 loco.
3202 4524 3383 4589 Quare
3412 4540 3535 4577 cuni

1955 4630 2400 4685 parasconomum
2452 4624 2699 4669 nostrum
2769 4630 2835 4669 eo
2896 4616 3173 4685 proﬁcisci
3227 4618 3539 4687 continget,

273 4734 366 4770 ται
390 4716 556 4771 τόπου
584 4716 899 4769 ἐπιδώσειεν
925 4717 1077 4771 αὑτό.
1104 4715 1257 4787 Καλὴ
1282 4716 1337 4769 δὲ
1362 4717 1395 4787 ὴ
1423 4714 1661 4776 παιδεία,
1695 4712 1741 4766 ὦ
1766 4714 1844 4766 δέ-

1957 4705 2080 4758 inde
2112 4705 2200 4758 ubi
2241 4705 2497 4760 conditus
2525 4716 2609 4759 est
2640 4706 2881 4759 ablatqu
2920 4708 3094 4760 tradet
3126 4707 3243 4760 tibi.
3271 4707 3417 4760 Bona
3452 4722 3539 4761 res

278 4825 475 4872 σποτα,
500 4807 604 4870 ἓως
631 4806 696 4862 ἂν
724 4809 981 4879 συνεργὸς
1007 4810 1091 4880 εἴη
1119 4809 1253 4881 πρὸς
1281 4807 1378 4879 τὴν
1406 4807 1575 4871 ὅντως
1595 4804 1853 4876 ἀληθινὴν

279 4896 531 4949 παιδείαν
553 4936 567 4959 ,
595 4895 729 4949 ἀλλὰ
766 4897 844 4967 μὴ
891 4897 1325 4969 κορυδαντιῶσα,
1356 4897 1712 4959 ἀπαιδεύτους
1737 4896 1854 4948 δια-

279 4986 505 5059 δεικνύῃ
544 4986 671 5048 τοὺς
712 4987 970 5057 μετόχους
1016 4988 1207 5057 αὐτῆς.
1248 4987 1354 5041 Τοῦ
1391 4988 1446 5041 δὲ
1495 4986 1852 5042 ἀποστολικοῦ

283 5078 450 5149 ῥητοῦ
499 5080 533 5149 ἠ
579 5078 794 5131 ἔννοια·
827 5080 958 5133 Ὅτι
1004 5088 1075 5133 έν
1112 5078 1273 5144 αὐτῷ
1320 5079 1586 5135 κατοικεῖ
1622 5079 1746 5134 πᾶν
1786 5077 1853 5130 τὸ

280 5167 576 5235 πλήρωμα
599 5165 707 5233 τῆς
733 5168 1010 5234 θεότητος
1039 5167 1412 5239 σωματικῶς·
1450 5168 1619 5231 οὕτως
1655 5186 1744 5237 μοι
1773 5168 1856 5220 δο-

286 5260 373 5310 κεί
413 5256 595 5326 ἔχειν’
637 5256 918 5311 τουτέστιν
967 5259 1049 5311 ὅτι
1109 5259 1167 5311 ἐν
1213 5260 1280 5328 τῇ
1337 5257 1745 5328 προσληφθείσῃ
1792 5257 1855 5307 ὲκ

289 5350 567 5419 Παρθένου
596 5350 760 5423 σαρκὶ¹
782 5350 877 5404 τοῦ
912 5353 1109 5420 Λόγου,
1139 5352 1258 5423 ἦτοι
1295 5354 1354 5404 ἐν
1375 5351 1451 5420 τῷ
1478 5352 1611 5423 ναῷ,
1644 5345 1688 5420 ᾧ
1716 5352 1857 5422 ᾠκο-

289 5442 527 5512 δόμησεν
556 5443 755 5514 ἐαυτῷ,
788 5447 1031 5497 κατοικεῖ
1058 5446 1167 5498 πᾶν
1207 5444 1267 5497 τὸ
1297 5444 1572 5515 πλήρωμα
1603 5445 1702 5513 τῆς
1742 5443 1859 5495 θεό-

291 5550 476 5603 τητος·
508 5536 614 5586 πᾶν
630 5535 689 5587 τὸ
720 5536 997 5607 πλήρωμά
1019 5553 1202 5606 φησιν,
1236 5537 1296 5589 οὐ
1328 5537 1493 5607 μέρος
1512 5554 1563 5589 τι
1595 5535 1737 5589 καθὰ
1766 5552 1862 5587 πε-

296 5626 559 5696 φρόνηται
592 5628 703 5688 τοῖς
737 5628 834 5696 τὴν
876 5627 1054 5696 ἀμερῆ
1088 5627 1367 5699 μερίζουσι
1409 5627 1656 5697 θεότητα.
1690 5626 1763 5678 Τὸ
1804 5626 1863 5679 δέ

298 5716 648 5787 σωματικῶς,
683 5718 848 5787 ἤγουν
874 5718 1179 5781 οὑσιωδῶς’
1232 5718 1373 5772 οὕτω
1406 5722 1515 5790 γὰρ
1548 5718 1863 5789 ἐξείληπται

376 5892 425 5923 ’⁸
457 5892 581 5949 Act.
615 5908 670 5960 v,
702 5894 783 5950 4.·
830 5896 875 5930 ”
904 5894 1114 5953 Coloss.
1150 5912 1213 5962 ιι,
1252 5896 1305 5953 9.

1958 4809 2042 4853 est
2086 4797 2348 4863 eruditio,
2378 4797 2616 4861 domine,
2648 4808 2917 4867 quatenus
2962 4796 3213 4853 conferre
3255 4807 3436 4867 potest
3466 4798 3534 4851 ad

1959 4906 2103 4956 eam,
2145 4906 2266 4960 qua:
2318 4904 2444 4944 vera
2496 4905 2722 4959 prorsus
2781 4898 2885 4950 est,
2922 4888 3227 4943 doctrinam
3278 4906 3291 4941 :
3336 4890 3430 4944 sed
3471 4906 3541 4946 ne

1958 4985 2328 5054 Corybantum
2367 5000 2519 5036 more
2569 4980 2849 5035 insaniens
2876 4981 3155 5050 imperitos
3203 4982 3392 5036 reddat
3417 4982 3540 5037 illos

1957 5079 2050 5148 qui
2084 5079 2185 5133 bac
2215 5074 2406 5131 imbuti
2438 5074 2568 5128 sint.
2597 5074 2895 5139 Apostolici
2934 5088 3096 5142 porro
3130 5073 3258 5126 dicti
3290 5089 3486 5129 sensus
3521 5093 3534 5127 :

1956 5171 2097 5235 Quia
2142 5170 2197 5223 in
2236 5169 2349 5235 ipso
2398 5167 2658 5219 inhabitat
2703 5168 2873 5220 omnis
2918 5167 3192 5235 plenitudo
3241 5167 3536 5221 divinitatis

1955 5260 2296 5330 corporaliter
2312 5260 2357 5292 ⁷⁹
2379 5301 2393 5324 ,
2416 5259 2503 5312 hic
2526 5273 2650 5312 esse
2678 5258 2805 5311 mibi
2828 5258 3061 5320 videtur,
3089 5259 3369 5324 nimirum,
3389 5261 3535 5328 quod

1956 5353 2008 5406 in
2050 5366 2215 5406 carne
2250 5348 2431 5413 Verbi,
2463 5364 2627 5419 quam
2676 5348 2740 5401 de
2775 5345 2994 5417 Virgine
3039 5349 3376 5417 assumpsit,
3427 5350 3540 5403 sive

1970 5446 2020 5497 in
2074 5442 2274 5512 templo
2323 5442 2465 5510 quod
2530 5439 2631 5495 sibi
2677 5439 2987 5503 exstruxit,
3037 5440 3300 5493 inhabitet
3359 5442 3539 5495 omnis

1968 5536 2245 5605 plenitudo
2305 5532 2632 5586 divinitatis.
2678 5530 2905 5584 Omnem
2959 5532 3349 5599 plenitudinem
3380 5532 3535 5594 dicit,

1970 5645 2079 5682 non
2124 5635 2333 5697 partem
2361 5626 2624 5695 aliquam,
2660 5632 2824 5692 prout
2857 5623 2889 5676 ii
2920 5632 3212 5679 senserunt
3244 5622 3336 5693 qui
3367 5622 3539 5692 parti-

1970 5718 2072 5775 bus
2136 5726 2410 5773 carentem
2460 5716 2710 5770 dividunt
2764 5714 3122 5771 divinitatem.
3177 5714 3538 5783 Corporali'ter

2045 5896 2115 5967 (")
2150 5894 2481 5969 Dogmatica.
