4184 6490
693 384 837 449 1543

1876 397 1937 461 S.
1973 399 2361 462 THEODORI
2402 402 2749 467 STUDIT/B

3818 410 3947 476 1544

689 515 843 562 vero.
885 500 936 553 id
983 510 1067 555 est
1109 501 1574 572 substantialiter;
1620 506 1701 564 sic
1747 510 1894 566 enim
1942 527 2269 585 acceperunt

2372 518 2486 581 τοῖς
2538 519 2787 591 Πατράσι
2821 522 2965 575 κατά
3001 520 3275 575 ἀντίθεσιν
3303 523 3408 576 τῶν
3438 524 3707 595 σχετικιῖκ
3738 528 3949 595 φληνα-

692 591 879 648 Patres
909 594 1170 651 adversus
1196 611 1291 651 eos
1317 598 1410 667 qui
1442 598 1637 655 aﬂ‘ectu
1667 601 1811 658 uniri
1839 605 2105 673 garriunt.
2140 608 2269 663 Tale

689 694 773 739 est
820 691 875 737 et
926 684 1055 739 illud
1092 705 1106 741 :
1153 685 1374 742 Verbum
1405 706 1532 744 caro
1561 692 1763 761 factum
1798 705 1874 749 est
1918 708 1969 751 et
2012 699 2270 754 habitavit

690 777 745 830 in
772 776 1003 833 nobis”.
1030 776 1190 842 Nam,
1220 796 1287 835 ne
1322 783 1639 850 opinaretur
1665 788 1936 857 quispiam
1967 789 2021 843 in
2045 806 2266 846 carnem

690 882 1019 923 Conversnm
1070 884 1192 925 esse
1232 870 1466 927 Verbum
1495 916 1509 940 ,
1546 877 1744 944 adjecit
1774 897 1787 932 :
1819 877 1887 935 Et
1919 880 2178 937 habitavit
2214 884 2269 938 in

670 956 861 1011 nobis.
914 958 1266 1027 Perspicuum
1318 977 1403 1019 est
1452 976 1630 1022 autem
1693 970 1840 1023 aliud
1874 987 1996 1027 esse
2026 974 2172 1042 quod
2215 975 2268 1029 in

691 1050 1046 1105 tabernaculo
1096 1052 1324 1118 habitat,
1356 1064 1409 1107 et
1444 1055 1590 1110 aliud
1628 1058 2041 1115 tabernaculum
2085 1063 2136 1115 in
2161 1077 2271 1131 quo

693 1139 993 1194 habitantis
1024 1152 1106 1195 est
1142 1142 1404 1197 habitatio
1436 1162 1450 1199 :
1485 1155 1546 1200 ut
1588 1148 1752 1202 simul
1781 1149 1891 1204 duo
1919 1150 2030 1204 sint
2074 1150 2127 1205 in
2164 1167 2270 1205 una

692 1242 922 1296 persona
972 1230 1198 1295 Christi,
1254 1231 1509 1287 divinitas
1556 1246 1609 1289 α
1654 1235 1989 1293 humanitas.
2034 1238 2188 1306 Quod
2224 1242 2269 1296 si

694 1319 853 1375 aliter
902 1320 993 1375 tibi
1029 1323 1241 1377 videtur
1279 1340 1367 1380 res
1399 1326 1619 1392 habere,
1652 1329 1761 1383 noli
1798 1331 2181 1400 perspicaciori
2218 1340 2273 1387 et

693 1412 893 1466 veriori
937 1414 1307 1481 speculatione
1340 1416 1557 1486 privare
1592 1434 1708 1481 nos,
1742 1420 1834 1489 qui
1877 1436 2049 1486 pauca
2079 1420 2273 1476 didici-

694 1518 839 1568 mus,
870 1516 1055 1573 atque.
1088 1515 1147 1560 ut
1188 1508 1291 1562 hoc
1330 1510 1550 1573 addam,
1600 1512 2017 1582 nrgligentiores
2058 1528 2271 1578 sumus,

694 1594 907 1644 tametsi
953 1593 1069 1662 ipse
1111 1609 1233 1658 nos,
1264 1597 1563 1651 amicorum
1596 1613 1770 1665 more,
1800 1600 2057 1657 laudibus
2079 1601 2133 1657 in
2160 1616 2273 1657 caa-

693 1680 807 1735 lum
846 1684 1155 1738 sustuleris.

968 1796 1248 1853 CLXXIV.
1276 1828 1347 1840 -——
1373 1798 1648 1854 Philotimo
1676 1803 1986 1869 penetrari.

2370 608 2633 678 φούντων.
2660 610 2916 666 Τοιοῦτόν
2938 613 3055 666 ἑστι
3077 611 3173 666 καὶ
3200 614 3284 677 τὸ.
3320 618 3382 668 '0
3409 617 3601 684 Λότος
3624 616 3791 684 σὰρξ
3819 618 3947 685 ἐτέ-

2368 718 2530 766 κετο,
2567 703 2667 758 καὶ
2695 703 3053 769 ἐσκήνωσεν
3083 704 3154 758 ἐν
3183 704 3346 773 ἡμῖν.
3379 707 3497 760 Ἰνα
3522 707 3637 776 γὰρ
3665 708 3743 778 μὴ
3776 707 3949 773 δόξειέ

2366 809 2453 857 τις
2481 793 2581 861 [εἰς
2615 795 2793 865 σάρκα
2825 794 3125 867 τετράφθαι
3166 795 3260 849 τὸν
3295 796 3487 865 Λόγον,
3522 799 3798 868 ἐπήγαγε,
3849 803 3947 852 καὶ

2368 886 2724 953 ἐσκήνωσεν
2754 889 2823 943 ἐν
2861 887 3026 957 ἡμῖν.
3056 888 3224 956 Δῆλον
3246 887 3302 941 δὲ
3330 889 3410 942 ὃτι
3434 890 3563 943 ἄλλο
3598 892 3661 943 τὸ
3690 888 3943 955 σκηνοῦν,

2369 978 2462 1033 καὶ
2488 978 2615 1032 ἀλλο
2638 977 2699 1032 τὸ
2727 982 2990 1050 σκήνωμα
3038 981 3095 1033 ὲν
3128 974 3173 1048 ᾧ
3200 981 3236 1051 ἡ
3260 982 3528 1051 σκήνωσις
3555 981 3651 1035 τοῦ
3678 982 3944 1052 σκηνοῦν-

2368 1086 2488 1132 τος·
2521 1069 2652 1123 ὥσθ’
2680 1071 2796 1141 ἅμα
2828 1072 2927 1141 μὲν
2954 1067 3093 1124 εἶναι
3124 1072 3193 1125 τά
3219 1072 3333 1135 δύο,
3362 1073 3595 1141 θεότητα
3623 1075 3723 1127 καὶ
3743 1074 3950 1143 ἀνθρω-

2372 1162 2599 1233 πότητα.
2624 1166 2683 1217 tv
2710 1164 2787 1235 τῷ
2812 1166 2893 1217 tvt
2917 1167 3192 1239 προσώπῳ
3217 1166 3475 1237 Χριστοῦ.
3513 1168 3577 1221 Εἰ
3598 1168 3657 1221 δέ
3691 1186 3772 1221 σοι
3801 1167 3951 1222 δοκεῖ

2370 1251 2543 1318 ἄλλως
2570 1254 2734 1325 ἔχειν,
2767 1255 2866 1327 τῆς
2897 1258 3270 1331 ὀπτικωτέρας
3296 1258 3393 1311 καὶ
3420 1257 3792 1329 ἀληθεστέρας
3817 1258 3949 1310 θεω-

2373 1344 2493 1415 ρίας
2550 1345 2624 1417 μὴ
2683 1348 3119 1420 ἀποστερήσεως
3174 1351 3323 1421 ἡμᾶς
3374 1348 3500 1412 τοὺς
3557 1348 3944 1420 ὀλιγομαθεῆ⁶

2372 1435 2664 1507 προσθείην
2706 1438 2753 1491 δ’
2797 1439 2865 1493 ἀν
2910 1442 3005 1494 καὶ
3050 1442 3377 1511 ἀτημελεῖς·
3414 1440 3519 1495 κάν
3566 1441 3745 1506 ἀλλως
3783 1442 3949 1504 αὒτθλς

2373 1525 2686 1594 ἑξεθείασας
2713 1532 2826 1595 τοῖς
2859 1532 3091 1603 φιλικοῖς
3117 1533 3379 1599 ιπαίνοις.

2439 1789 2482 1848 B
2511 1787 2653 1843 POA'
2683 1788 2817 1858 (65).
2844 1819 2915 1830 -
2942 1787 3202 1855 omaso
3229 1789 3466 1859 κτήτορι
3497 1788 3635 1861 (66).
3675 1785 3876 1862 [ψληη

1614 1914 1679 1963 Ut
1701 1928 1899 1963 omnem
1922 1928 2031 1964 cum
2060 1913 2392 1966 lconomachts
2411 1908 2808 1963 communionem
2828 1905 3040 1956 devitet.

763 2014 1134 2083 Acceptabilcs
1153 2015 1263 2070 Deo
1305 2018 1505 2088 pioque
1541 2019 1748 2075 homini
1780 2032 1910 2076 sunt
1946 2023 2141 2078 littera
2168 2025 2266 2079 ho-

690 2106 1048 2161 noriﬁcentia:
1097 2118 1205 2163 tua:
1238 2128 1252 2163 :
1289 2110 1559 2179 siquidem
1613 2112 1716 2166 hoc
1756 2122 2018 2183 tempore,
2057 2117 2110 2169 in
2158 2132 2268 2187 quo

691 2208 956 2253 nocturna
986 2215 1163 2270 pugna
1200 2200 1605 2269 haereticorum,
1633 2214 1693 2258 et
1728 2208 1966 2275 procella
2008 2209 2267 2263 incredu-

690 2289 898 2354 litatis,
946 2292 1122 2361 palam
1156 2294 1316 2348 nobis
1346 2295 1542 2359 fecisti,
1572 2306 1623 2351 te
1657 2300 1821 2353 stella:
1862 2300 2147 2369 cujusdam
2185 2302 2268 2355 in-

690 2388 805 2434 star
838 2381 925 2435 hic
957 2380 1181 2450 fulgere,
1212 2399 1310 2437 nec
1343 2387 1578 2441 tenebris
1622 2391 1971 2444 obscuratum
2003 2393 2268 2448 haeretica:

690 2474 1111 2538 communionis,
1146 2493 1244 2530 nec
1273 2477 1528 2533 obrutum
1564 2481 1679 2535 salo
1712 2482 2065 2538 inﬁdelitatis.
2094 2484 2265 2539 Bene-

689 2562 977 2633 dictusque
1017 2566 1089 2619 sit
1140 2565 1424 2634 Dominus,
1449 2570 1542 2640 qui
1592 2572 1755 2627 etiam
1802 2573 1853 2627 in
1902 2575 2090 2629 ordine
2129 2576 2268 2630 laico

690 2653 1005 2711 defensores
1046 2657 1209 2713 habet
1245 2660 1377 2728 legis
1412 2678 1546 2725 suat,
1585 2662 1641 2716 in
1671 2666 1921 2733 praesenti
1950 2668 2270 2723 confusione

691 2758 757 2798 ac
785 2746 1139 2803 subversione
1162 2750 1481 2807 orthodoxa:
1503 2754 1985 2811 doctrinasBeatus
2005 2773 2085 2820 es.
2102 2756 2268 2813 frater

691 2834 1136 2902 honoratissime,
1186 2858 1423 2911 vereque
1480 2845 1577 2899 tibi
1621 2848 1874 2913 congruit
1917 2849 2155 2903 nominis
2187 2850 2265 2905 tui

692 2928 1003 2997 appellatio,
1036 2934 1164 3001 quia
1204 2944 1258 2987 et
1306 2933 1475 2990 Deum
1520 2939 1811 3003 adamasti,
1867 2952 1920 2994 et
1962 2942 2266 3012 depositum

691 3019 814 3073 iidei
842 3024 1095 3079 servasti.
1128 3023 1402 3081 Nuntiasti
1437 3038 1620 3083 autem
1661 3032 1713 3083 in
1746 3032 1941 3088 litteris
1973 3035 2270 3095 tuis.hunc

691 3119 748 3164 et
789 3111 940 3166 illum
994 3114 1089 3169 tibi
1145 3116 1395 3171 aﬂ‘ectum
1445 3120 1678 3174 inditum
1715 3121 1936 3178 luissea
1962 3125 2133 3180 beatis
2162 3126 2268 3182 illis

691 3202 967 3271 Patrihus,
1014 3208 1105 3276 qui
1153 3220 1344 3264 sancto
1378 3211 1482 3266 line
1513 3213 1820 3282 migrarunt
1852 3216 1917 3270 ad
1959 3218 2266 3285 Dominum,

2446 2019 2800 2074 Εὺαπόδεκτα
2825 2017 2895 2069 τά
2923 2016 3224 2085 γράμματα
3255 2011 3357 2081 τῆς
3379 2009 3693 2081 τιμιότητος
3725 2027 3819 2063 σου
3856 2012 3951 2063 καὶ

2372 2109 2490 2179 Θεῷ
2514 2109 2610 2163 καὶ
2631 2107 2846 2163 εὐσεϐεῖ
2866 2104 3140 2178 ἀνθρώπῳ
3158 2120 3173 2135 ·
3203 2105 3283 2158 δτι
3306 2106 3363 2157 tv
3384 2102 3463 2172 τῷ
3492 2102 3721 2173 παρόντι
3748 2103 3949 2172 καιρῷ,

2372 2202 2460 2270 ἐφ’
2492 2194 2537 2269 ᾧ
2570 2197 2905 2269 νυκτομαχία
2938 2196 3187 2267 αἱρετικὴ
3217 2195 3312 2249 καὶ
3349 2194 3488 2263 ζάλη
3525 2193 3788 2257 ἀπιστίας
3808 2235 3823 2258 ,
3855 2194 3951 2261 δή»

2372 2295 2539 2348 λωσιν
2574 2295 2706 2364 ἡμῖν
2729 2293 3045 2361 εποιήσατο,
3076 2292 3159 2345 ὅτι
3188 2289 3377 2360 ὥσπερ
3412 2308 3493 2354 τις
3519 2288 3697 2359 ἀστὴρ
3735 2288 3952 2357 φαῖνοις

2372 2390 2430 2441 tv
2469 2390 2580 2449 τοῖς
2609 2384 2816 2446 αὐτόθι.
2852 2383 2926 2455 μὴ
2958 2382 3221 2454 ζοφωθεὶς
3267 2386 3333 2453 τῇ
3377 2383 3626 2451 αἱρετικῇ
3667 2381 3950 2451 κοινωνία,

2373 2480 2509 2550 μηδὲ
2544 2478 2649 2549 μὴν
2674 2476 3003 2547 ὑποϐρύχιος
3029 2474 3269 2545 γεγονὼς
3309 2474 3389 2543 τῷ
3419 2473 3521 2541 τῆς
3558 2473 3819 2534 ἀπιστίας
3854 2474 3951 2526 σά-

2371 2573 2468 2639 λῳ.
2503 2574 2610 2625 Καὶ⁵
2640 2569 2934 2641 εὐλογητὸς
2960 2568 3185 2639 Κύριος,
3223 2567 3282 2631 δς
3312 2566 3422 2636 ἔχει
3456 2566 3550 2620 καὶ
3577 2566 3637 2618 tv
3669 2564 3749 2635 τῷ

2374 2664 2621 2741 τάγματι
2650 2661 2775 2723 τοὺς
2806 2658 3200 2729 ἀπεχομένους
3236 2656 3331 2710 τοῦ
3377 2658 3540 2726 νόμου
3586 2654 3777 2717 αὐτοῦ.
3804 2656 3949 2708 κατά

2369 2753 2471 2823 τὴν
2496 2751 2591 2804 νῦν
2619 2751 2879 2820 σύγχυσιν
2910 2750 3003 2803 καὶ
3034 2748 3344 2817 ἀνατροπὴν
3370 2747 3469 2815 τῆς
3485 2745 3813 2816 ὀρθοδοξίας.
3833 2745 3952 2799 Μα-

2372 2846 2563 2917 κάριος
2592 2839 2664 2909 εἴ,
2692 2843 2885 2912 ἀδελφὶ
2913 2839 3231 2911 τιμιώτατε,
3263 2839 3358 2894 καὶ
3396 2839 3561 2903 ὅντως
3608 2838 3950 2911 φερωνύμως

2375 2954 2460 2992 σοι
2515 2939 2549 3007 ή
2603 2937 2836 3005 κλῆσις’
2883 2936 2964 2989 ὅτι
3021 2934 3117 2987 καὶ
3169 2933 3302 2987 Θεὸν
3352 2932 3801 3003 πεφίληκας,καὶ
3846 2932 3949 2999 τὴν

2375 3026 2844 3097 παρακαταθήκην
2883 3026 2981 3095 τῆς
3020 3025 3255 3087 πίστεως
3286 3021 3696 3093 πεφρούρηκας.
3739 3020 3950 3090 ’Δπήγ-

2372 3119 2557 3188 γειλας
2586 3118 2642 3171 δὲ
2675 3120 2733 3171 tv
2761 3120 2874 3181 τοῖς
2901 3118 3247 3188 γράμμασιν,
3273 3114 3443 3178 οὕτως
3467 3114 3562 3167 καὶ
3581 3112 3756 3176 οὕτως
3778 3108 3950 3182 ἦχθαι

2376 3229 2436 3265 σε
2475 3210 2580 3263 ὑπὸ
2612 3209 2722 3263 τῶν
2762 3212 3048 3281 μακαρίων
3089 3209 3347 3279 Πατέρων
3386 3209 3609 3260 ὲκείνων
3661 3205 3774 3259 τῶν
3805 3204 3950 3258 τέλει

692 3310 915 3364 quorum
968 3300 1180 3352 nomina
1227 3312 1346 3355 sunt
1397 3304 1451 3356 in
1480 3304 1614 3359 libro
1644 3307 1765 3360 vita:
1796 3307 1863 3359 ".
1899 3310 1977 3363 Ac
2018 3310 2157 3365 bene
2184 3326 2269 3366 res

2371 3300 2596 3373 χρηστῷ
2644 3299 3071 3371 ἑκδημησάντων
3113 3300 3250 3369 πρδς
3283 3298 3514 3368 Κύριονο
3547 3290 3659 3351 Ὧν
3705 3296 3782 3349 τὰ
3818 3296 3950 3349 ὀνό-

694 3385 859 3438 habct
891 3404 907 3440 :
942 3386 1047 3442 hoc
1078 3404 1297 3458 quoque
1329 3392 1572 3446 ardentis
1606 3394 1706 3447 zeli
1742 3395 1817 3447 tui
1851 3397 2130 3465 proprium
2164 3405 2269 3451 est.

692 3475 760 3529 Et
792 3479 1049 3545 quoniam
1081 3490 1203 3549 post
1230 3483 1446 3537 illorum
1480 3501 1766 3540 excessum
1794 3489 1963 3541 orbus
2000 3487 2273 3557 quodam-

692 3572 877 3631 modo,
910 3574 1193 3640 postulasti
1222 3575 1291 3629 ab
1322 3577 1628 3632 humilitate
1679 3590 1863 3633 nostra
1898 3580 2091 3634 iterum
2143 3597 2271 3634 cru-

693 3663 797 3716 diri
835 3680 847 3716 :
883 3680 982 3719 nos
1023 3666 1158 3719 viles
1191 3668 1410 3734 quidem
1441 3679 1496 3723 et
1527 3670 1707 3733 nihili,
1745 3672 1869 3740 quia
1909 3682 2089 3727 tamen
2134 3675 2271 3727 scri-

692 3762 845 3820 ptum
903 3764 1021 3819 est,
1098 3755 1481 3826 Supporlantes
1536 3761 1752 3814 invicem
1808 3764 1860 3815 in
1914 3766 2170 3817 charitate
2203 3764 2272 3831 ⁸⁸,

694 3855 911 3913 propter
943 3850 1080 3903 hanc
1123 3851 1174 3903 iu
1226 3850 1458 3907 Domino
1486 3854 1832 3918 charitatem,
1872 3858 2134 3919 cedimus.
2173 3874 2269 3925 ap-

692 3937 1099 4009 probamusque
1172 3944 1638 3998 consecrationem
1719 3958 1908 4009 tuam,
1990 3950 2269 4016 pulchram

693 4047 921 4101 prorsus
976 4042 1030 4086 et
1086 4034 1433 4092 laudabilem.
1480 4036 1648 4104 Igitur
1684 4038 1751 4092 ab
1810 4039 2061 4093 haeretica
2122 4054 2272 4095 eom-

695 4124 955 4177 muninne
996 4134 1052 4178 et
1091 4126 1365 4181 abstinere
1393 4139 1624 4182 conatus
1652 4145 1733 4191 es,
1768 4140 1821 4183 et
1850 4130 2180 4194 ahstinuisti,
2213 4146 2273 4197 ιιι

694 4216 795 4276 ais,
826 4215 1027 4269 Christi
1054 4217 1259 4285 gratia;
1282 4228 1334 4272 et
1362 4219 1575 4273 abstine
1607 4235 1770 4288 porro
1802 4239 1815 4273 :
1841 4222 1922 4275 sic
1948 4223 2090 4275 enim
2119 4233 2267 4276 luant

692 4322 819 4377 erga
850 4306 1015 4361 Deum
1037 4309 1384 4365 dileCtionem
1412 4313 1665 4367 ostendes
1708 4322 1762 4367 et
1796 4314 2263 4369 communionem:

695 4400 971 4453 contraria
988 4402 1190 4471 quippe
1216 4405 1530 4458 communio
1557 4415 1824 4474 separata
1850 4405 2090 4460 Christo.
2114 4407 2267 4472 Quod

696 4500 875 4545 autem
932 4494 1185 4563 cogimini
1240 4510 1270 4547 a
1325 4496 1462 4550 duce
1490 4498 1785 4561 exercitus.
1834 4498 1999 4552 simul
2035 4500 2269 4568 psallere

694 4598 819 4635 cum
876 4584 1165 4650 haereticis,
1200 4595 1250 4641 et
1285 4602 1403 4656 qtue
1454 4590 1521 4641 ab
1559 4589 1668 4642 illis
1700 4605 1862 4644 cruce
1902 4591 2110 4660 signata
2141 4600 2267 4645 sunt

2368 3412 2527 3464 ματα
2571 3394 2640 3447 ἐν
2677 3394 2874 3459 ,βίϐλῳ
2911 3391 3080 3459 ζωῆς.
3114 3392 3224 3445 Καὶ
3261 3387 3321 3445 εὖ
3356 3392 3421 3445 ἂν
3452 3390 3603 3461 ἔχοι·
3657 3388 3754 3443 καὶ
3789 3386 3948 3442 τοῦτο

2373 3486 2467 3539 τοῦ
2498 3484 2761 3555 διαπύρου
2797 3502 2889 3538 σου
2917 3483 3079 3554 ζήλου
3110 3482 3324 3552 ίδίωμα.
3369 3482 3584 3551 Ἐπειδὴ
3608 3481 3664 3535 δὲ
3693 3484 3759 3551 τῇ
3790 3480 3950 3549 ἑκδη·

2376 3577 2477 3647 μία
2509 3575 2754 3641 ἑκείνων,
2794 3571 2882 3628 οἷα
2926 3572 3372 3643 ἀπορφανισθεὶς,
3406 3572 3751 3642 ἐπεζήτησας
3784 3568 3949 3623 πάλιν

2374 3672 2511 3741 πρὸς
2559 3671 2660 3740 τῆς
2704 3670 3084 3732 ταπεινώσεως
3119 3668 3278 3739 ἡμῶν
3314 3665 3753 3738 στοιχειωθῆναι’
3787 3665 3948 3735 ἠμεῐς

2375 3762 2475 3832 μὲν
2520 3761 2757 3825 εὐτελεῖς
2804 3762 2895 3815 καὶ¹
2925 3758 3229 3829 οὐδαμινοί·
3261 3759 3407 3827 ὅμως
3447 3756 3569 3809 ἐπεὶ
3613 3755 3946 3823 γέγραπται.

2386 3853 2754 3921 Ἁνεχόμενοι
2801 3851 3091 3916 ἀλλήλων
3127 3850 3199 3903 ἐν
3225 3848 3424 3918 ἀνείπη
3444 3862 3458 3875 ⁸
3486 3846 3574 3900 διὰ
3613 3845 3820 3914 ταύτην
3849 3842 3948 3913 τὴν

2372 3946 2432 3998 tv
2480 3944 2670 4015 Κυρίῳ
2706 3946 2951 4013 ἀγάπην,
2987 3942 3307 4012 ὑπείκομεν,
3336 3940 3433 3993 καὶ
3477 3935 3821 4008 προσιέμεθα
3849 3935 3949 4004 τὴν

2371 4036 2627 4090 ἀνάθεσίν
2655 4052 2772 4100 σου,
2805 4034 2976 4104 καλὴν
3006 4030 3173 4087 οὖσαν
3219 4030 3298 4101 τῷ
3344 4031 3459 4083 δντι
3506 4030 3601 4083 καὶ
3629 4027 3945 4096 ἐπαινετὴν.

2370 4128 2447 4182 Τὸ
2480 4129 2579 4197 μὲν
2605 4124 2698 4181 οῦν
2729 4125 3029 4196 ἀπέχεσθαί
3062 4142 3121 4177 σε
3167 4124 3483 4177 παντάπασι
3526 4120 3627 4189 τῆς
3663 4116 3949 4191 αίρετικῆς

2372 4219 2679 4283 κοινωνίας,
2712 4218 3109 4285 κα“ι.ὴγωνίσω,
3148 4216 3241 4268 καὶ
3267 4214 3529 4282 ἀπέσχου,
3559 4213 3635 4275 ὡς
3674 4212 3801 4280 φὴς,
3849 4210 3948 4281 χά·

2373 4328 2481 4383 ριτι
2504 4309 2740 4381 Χριστοῦ
2762 4326 2776 4338 ·
2802 4311 2894 4362 καὶ
2923 4309 3003 4362 ἔτι
3030 4308 3269 4378 ἀπόσχου
3292 4322 3306 4335 ο
3338 4304 3482 4359 οῦτω
3502 4306 3611 4373 γὰρ
3635 4302 3863 4366 δείξειας
3886 4302 3946 4353 τὸ

2370 4405 2508 4474 πρὸς
2552 4403 2644 4457 τὸν
2686 4402 2818 4455 Θεόν
2850 4418 2943 4454 σου
2982 4400 3204 4472 φιλητὸν
3242 4399 3338 4453 καὶ
3372 4396 3716 4451 κοινωνικόν·
3751 4397 3785 4463 ἡ
3838 4393 3943 4464 γὰρ

2370 4498 2589 4553 ἐναντία
2644 4496 2895 4550 κοινωνία
2936 4495 3201 4565 διίστησιν
3248 4491 3356 4545 ἀπὸ
3394 4488 3648 4561 Χριστοῦ.
3683 4488 3777 4550 Εἰς
3817 4486 3854 4541 ἃ
3888 4486 3943 4539 δὲ

2369 4588 2747 4658 ἀναγκάζεσθε
2774 4587 2880 4640 ὑπὸ
2905 4585 2999 4639 τοῦ
3036 4582 3472 4655 στρατηγοῦντος
3510 4583 3591 4643 είς
3622 4596 3682 4632 τε
3709 4578 3770 4632 τὸ
3805 4595 3944 4647 συμσ

696 4675 999 4735 Cotnedere,
1044 4677 1115 4729 ita
1161 4686 1219 4730 ut
1264 4654 1422 4733 aliter
1472 4694 1631 4747 agere
1673 4681 1928 4736 dominus
1968 4691 2261 4751 strategus

2371 4654 2588 4746 ψάλλειν
2631 4680 2742 4741 τοῖς
2775 4676 3075 4746 αῖρετικοῖς
3107 4654 3203 4727 καὶ
3232 4654 3301 4726 τά
3334 4672 3467 4742 πρὸς
3492 4668 3671 4723 αὐτῶν
3704 4681 3935 4738 σφραγι-

698 4782 801 4819 non
854 4768 1028 4835 possit
1072 4770 1191 4822 sine
1228 4770 1500 4838 periculo:
1530 4772 1597 4826 de
1645 4787 1709 4827 ea
1756 4789 1812 4828 re
1853 4790 1961 4829 non
1997 4775 2259 4830 habemus

698 4850 855 4904 facile
889 4855 1031 4922 quod
1070 4857 1496 4925 respondeamus
1536 4877 1550 4913 :
1609 4861 1865 4929 quoniam
1895 4875 2147 4919 accurata
2180 4864 2261 4918 di-

2369 4768 2571 4840 ζόμενα
2596 4756 2857 4839 βρώματα
2890 4765 3087 4820 ἐσθίειν
3106 4782 3121 4796 ’
3150 4764 3226 4828 ώς
3251 4762 3350 4817 οὐκ
3380 4763 3447 4815 ἀν
3473 4761 3646 4821 ἄλλως
3676 4758 3931 4813 δύνασθαι

2365 4862 2457 4915 τὸν
2507 4862 2695 4933 κύριον
2735 4862 2827 4914 τὸν
2860 4859 3168 4933 στρατηγὸν
3200 4857 3497 4923 ἀκινδύνως
3526 4856 3755 4911 διελθεῖν
3778 4871 3795 4887 ο
3845 4852 3938 4908 καὶ

696 4942 939 5010 sciplime
967 4945 1105 4999 ratio
1136 4948 1385 5015 prohibet
1406 4950 1650 5016 omnino,
1672 4967 1737 5007 ne
1763 4969 1887 5009 cum
1915 4954 2258 5011 heterodoxis

2371 4953 2501 5025 πρὸς
2542 4952 2699 5007 τοῦτο
2740 4954 2840 5007 οὐκ
2865 4954 3058 5023 ἔχομεν
3085 4952 3327 5015 εὐπετῶς
3355 4948 3741 5020 ἀποκρίνεσθαι
3761 4962 3777 4977 ·
3806 4945 3937 4999 διότι

696 5032 977 5101 participet
1004 5035 1097 5104 qui
1139 5046 1281 5091 recte
1319 5040 1502 5099 sentit.
1535 5056 1709 5110 neque
1743 5043 1796 5096 in
1831 5043 1975 5108 cibo,
1998 5060 2174 5114 neque
2202 5047 2256 5101 in

2371 5046 2398 5116 ή
2455 5044 2709 5115 ἀκρίϐεια
2764 5044 3015 5115 ἀπείργει
3064 5046 3406 5099 παντάπασιν
3450 5042 3751 5113 ἀμέθεκτον
3798 5038 3934 5092 εἶναι

698 5132 850 5189 potu,
881 5139 1058 5193 neque
1085 5126 1139 5180 in
1173 5128 1364 5184 all'ectu
1397 5147 1520 5185 cum
1553 5131 1685 5202 ipsis
1714 5136 2097 5190 communicet.
2134 5136 2259 5191 Haec

2371 5134 2472 5189 τῶν
2502 5134 2822 5206 ἑτεροδόξων
2849 5134 2941 5189 τὸν
2964 5134 3265 5205 ὀρθόφρονα
3286 5148 3302 5163 '
3334 5135 3427 5189 καὶ
3460 5135 3593 5203 μήτε
3624 5133 3683 5184 ὲν
3713 5129 3927 5201 βρώσει,

698 5212 925 5269 bonitati
972 5227 1078 5272 tua:
1122 5236 1245 5275 cum
1292 5232 1572 5292 perspecta
1616 5225 1745 5289 sint,
1776 5227 1830 5279 in
1860 5228 2000 5285 hono
2024 5229 2140 5283 zelo
2164 5238 2259 5283 tuo

2371 5231 2502 5299 μήτε
2551 5231 2609 5282 tv
2648 5232 2825 5293 πόσει,
2856 5229 2993 5299 μήτε
3024 5231 3081 5282 tv
3121 5228 3301 5299 σχέσει
3340 5226 3697 5321 συνέρχεσθαι
3727 5223 3925 5321 αὐτοῖςὶ

695 5320 971 5376 permane,
1015 5326 1179 5382 super
1207 5315 1437 5384 pulchro
1469 5315 1823 5374 fundamento
1848 5320 2007 5377 utiles
2048 5330 2256 5377 exacta

2371 5321 2549 5376 Ταῦτα
2592 5320 2762 5375 εἰδυῖα
2813 5322 2848 5392 ἠ
2882 5320 3185 5393 χρηστότης
3231 5335 3322 5373 σου
3360 5316 3567 5391 ὲχέσθω
3604 5316 3699 5369 τοῦ
3724 5312 3925 5385 ἀγαθοῦ

760 5490 807 5523 ⁸⁸
840 5487 999 5546 .loan.
1033 5506 1070 5555 ι,
1113 5491 1200 5547 id.

1296 5493 1337 5526 "
1373 5493 1603 5566 Philipp.
1629 5511 1706 5562 tv,
1744 5496 1799 5551 ὃ.
1893 5497 1939 5529 ⁸⁸
1972 5495 2170 5569 Ephes.
2208 5513 2285 5563 tv,
2325 5495 2383 5550 2.

2179 5646 2412 5705 ΝΟΤιΕ.

761 5789 874 5864 (65)
902 5788 957 5847 In
986 5793 1096 5849 cod.
1136 5793 1265 5867 Reg.
1318 5794 1487 5868 Ἀρχὴ
1513 5796 1716 5869 βιϐλίου
1740 5797 1813 5853 Δ’.

2370 5800 2483 5872 (66)
2521 5800 2577 5857 In
2606 5800 2729 5858 cod.
2757 5799 2887 5870 Reg.
2925 5799 3051 5869 pod’.
