4184 6528
197 451 361 516 1545
462 454 465 459 Γ

1409 453 1948 515 EPISTOLARUM
2007 454 2156 514 LIB.
2202 454 2283 514 Il.

3344 446 3480 513 1M6

184 569 378 640 αὐτῆς
408 565 571 637 ζήλου
594 580 610 596 ⁸
653 563 1085 634 ὲποικοδομοῦσα
1120 565 1198 635 τῷ
1225 564 1375 636 καλῷ
1414 566 1652 637 θεμελίῳ
1701 568 1803 631 τὰς

1908 567 2304 622 observationis
2361 574 2667 620 structuras
2693 564 2995 630 mdiﬂcans,
3029 574 3083 619 et
3124 579 3222 634 pro
3266 564 3487 618 humili-

183 662 305 732 τῆς
329 659 619 732 ἀκριϐείας
642 658 977 729 χρυσοειδεῖς
1005 657 1326 729 ὲνδομήσεις
1350 676 1363 690 ·
1401 659 1668 732 εὐχομένη
1705 660 1801 712 καὶ

189 751 351 823 ὑπὲρ
376 752 477 820 τῆς
502 746 888 812 ταπεινώσεως
914 747 1096 819 ἡμῶν.

343 860 492 916 POE'
520 860 656 930 (67).
689 890 760 902 -
784 859 1011 932 Εἰρήνῃ
1039 862 1340 929 πατρικίᾳ.
1386 862 1577 935 M102]

1910 666 2021 713 tate
2050 666 2235 713 nostra
2268 672 2455 711 orans.

2256 854 2514 911 CLXXV.
2549 886 2619 897 —
2654 853 2825 907 Ireua:
2852 853 3121 923 patricia.

1240 975 1305 1025 Ut
1324 976 1384 1025 ad
1408 974 1621 1025 olliciu‘m
1651 980 1704 1025 et
1729 973 1963 1024 virtutem
1988 970 2219 1021 maritum
2243 969 2452 1021 excitet.

281 1062 507 1135 Ἐπειδὴ
537 1062 992 1135 προσηγόρευσας
1012 1064 1161 1136 ἡμᾶς
1182 1064 1309 1127 τοὺς
1333 1066 1651 1128 ταπεινοὺς,
1676 1078 1789 1116 ’κυ-

189 1158 318 1227 ρία,
355 1156 443 1212 διά
466 1156 560 1211 τοῦ
619 1156 1054 1226 αίδεσιμωτάτου
1088 1156 1467 1228 πρεσϐυτέρου
1494 1173 1509 1187 ο
1561 1156 1791 1227 ἀμειϐό-

190 1252 351 1322 μεθα
389 1250 488 1321 τὴν
510 1249 883 1321 προσηγορίαν
912 1249 1260 1319 γράμμασιν,
1283 1249 1674 1321 ἀποδεχόμενοί
1696 1267 1788 1303 σου

184 1339 303 1411 τὴν
358 1338 532 1410 καλὴν
559 1338 744 1392 πίστιν
772 1341 867 1393 καὶ
896 1340 995 1410 τὴν
1021 1339 1232 1410 θερμὴν
1279 1341 1607 1411 πεποίθησιν
1635 1357 1651 1372 ο
1701 1342 1794 1410 ὲγ-

190 1432 443 1496 νωκότες
499 1431 753 1486 ἐντεῦθεν
773 1431 989 1503 ἀγαθήν
1037 1448 1097 1485 σε
1137 1428 1277 1486 εἶναι
1322 1434 1381 1485 ὲν
1411 1419 1668 1501 γυναιξὶ,
1706 1451 1797 1502 φι-

190 1524 390 1579 λόθεον
420 1540 480 1576 τε
511 1524 605 1579 καὶ
654 1524 1017 1595 φιλομόναχον
1049 1540 1064 1555 ·
1118 1526 1261 1581 ὥστε
1322 1525 1563 1596 ἁρμόσαι
1621 1528 1799 1580 ἐκεῖνο

193 1617 645 1686 ἐπιφθέγξασθαι
719 1615 782 1667 τὸ
825 1615 1143 1684 Γραφικόν·
1199 1614 1497 1682 Γυναικός
1565 1614 1799 1685 ἀγαθῆς

1970 1059 2240 1125 Quoniam
2291 1074 2386 1129 per
2415 1059 2772 1115 reverendum
2808 1057 2957 1114 hunc
2990 1057 3362 1130 presbyterum
3396 1057 3495 1114 hu-

1899 1155 2059 1210 miles
2086 1170 2210 1219 nos,
2258 1155 2503 1219 domina,
2531 1154 2781 1210 salutastl
2809 1172 2825 1209 :
2850 1164 3092 1209 mutuam
3114 1154 3495 1209 salutationem

1903 1259 1998 1313 per
2042 1244 2251 1299 litteras
2277 1242 2651 1315 rependimus,
2694 1246 2968 1315 egregiam
3007 1246 3166 1300 iidem
3202 1254 3372 1307 tuam,
3401 1260 3496 1299 ar-

1901 1337 2227 1407 dentemque
2284 1337 2540 1393 tlduciam
2608 1338 2927 1408 probantes,
2962 1347 3129 1409 atque
3188 1338 3318 1395 hinc
3345 1353 3496 1409 egre-

1905 1429 2049 1499 giam
2119 1438 2172 1484 te
2232 1430 2373 1484 inter
2422 1431 2703 1495 mulieres,
2753 1430 2959 1501 Deique
3021 1440 3077 1485 et
3104 1433 3497 1486 monachorum

1906 1532 2180 1576 amantem
2210 1535 2332 1577 esse
2364 1532 2727 1591 agnoscentes
2750 1564 2764 1588 ,
2798 1532 2860 1577 ut
2913 1522 3047 1578 illud
3070 1520 3369 1593 Scriptura:
3403 1539 3499 1579 ac-

1906 1613 2144 1667 clamare
2195 1614 2487 1667 conveniat
2528 1630 2543 1667 :
2584 1613 2828 1669 Mulieri:
2879 1614 3029 1670 bona:
3085 1615 3167 1669 vir
3203 1615 3387 1669 beatus
3417 1614 3496 1670 ⁸⁸.

186 1708 493 1780 μακάριος
536 1709 568 1762 ό
596 1706 751 1775 ἀνήρ
774 1745 789 1761 .
836 1705 1021 1778 Ὁρᾷς,
1051 1700 1097 1760 ὦ
1130 1706 1319 1777 κυρία,
1373 1706 1457 1759 ὅτι
1484 1705 1795 1776 μακαρίζε-

1908 1696 2096 1763 Vides,
2156 1701 2396 1767 domina,
2447 1701 2693 1758 bonitate
2737 1713 2829 1759 tua
2884 1705 3102 1759 beatum
3138 1721 3169 1760 a
3217 1706 3499 1776 Scriptura

193 1819 294 1854 ται
326 1804 393 1869 τῇ
426 1799 726 1870 ἀγαθὸτητί
758 1816 854 1853 σου
892 1800 997 1852 ὺπδ
1029 1799 1129 1869 τῆς
1179 1797 1403 1869 Γραφῆς
1454 1798 1482 1849 ὁ
1524 1796 1715 1867 κύριος
1764 1797 1794 1848 δ

1908 1794 2180 1865 ρττεάἱοθτὶ
2220 1796 2502 1849 dominum
2542 1796 2834 1866 patricium
2887 1797 3173 1868 conjugem
3211 1797 3308 1851 tibi
3339 1797 3503 1851 aDeo

201 1891 527 1960 πατρίκιος,
556 1889 649 1943 καὶ
681 1888 960 1951 θέοσδοτός
993 1906 1087 1942 σου
1115 1888 1368 1957 σύζυγος.
1432 1886 1642 1941 Οὐκοῦν
1694 1886 1795 1958 ζη-

194 1982 377 2037 λοῦσα
398 1981 642 2053 ζήλωσον
694 1980 777 2033 ἔτι
813 1980 1231 2053 μακαριώτερον
1275 1978 1441 2034 αὑτὸν
1470 1980 1796 2050 ἀπεργάσα-

200 2074 357 2129 σθαι.
385 2073 510 2137 Πῶς
542 2073 587 2126 δ’
616 2074 684 2127 ἂν
710 2069 822 2127 εἷεν
849 2071 1047 2140 τοῦτο;
1076 2074 1133 2125 ὲν
1166 2070 1244 2142 τῷ
1280 2088 1340 2125 σε
1396 2071 1477 2124 ἐτι
1525 2071 1797 2141 ἀγσθύνε-

201 2166 375 2221 σθαν
428 2168 597 2238 ἤγουν
646 2166 1125 2237 ὑπομνηματίζειν
1170 2164 1375 2231 αὐτὸν,
1430 2164 1792 2236 παρακαλεῖν,

199 2260 550 2329 ἑκλιπαρεῖν,
586 2257 769 2327 τὸτῆς
798 2256 1132 2329 στρατηγίας
1162 2255 1369 2326 ῦψωμα
1408 2255 1617 2309 διέπειν
1675 2255 1797 2309 θεο-

202 2352 409 2422 φιλῶς,
452 2350 597 2406 καθά
643 2350 739 2404 καὶ
762 2350 980 2404 διέπει·
1026 2349 1463 2404 ἐπισκέπτεσθαι
1526 2351 1798 2421 ὀρφανοὺς

199 2449 305 2502 καὶ
358 2447 534 2518 χήρας
586 2447 646 2499 ὲν
697 2447 765 2516 τῇ
823 2442 1001 2512 θλίψει
1041 2442 1261 2496 αὐτῶν
1322 2442 1553 2496 ἄσπιλον
1603 2442 1798 2495 ἑαυτὸν

202 2542 399 2610 τηρεῖν
441 2537 548 2592 ἀπὸ
574 2536 791 2599 ἀδικίας
812 2551 826 2565 ·
860 2534 1224 2604 φιλομόναχόν
1258 2551 1317 2587 τε
1354 2530 1495 2588 εἷναι
1519 2534 1616 2587 καὶ
1646 2533 1796 2603 φιλό-

203 2646 468 2701 πτωχον·
554 2629 860 2701 ἡμερότητι
947 2626 1322 2698 κεκραμένον
1382 2626 1680 2696 ἐπειδήπερ
1760 2626 1794 2694 ὴ

204 2724 431 2789 ιξουσία
473 2722 612 2793 αὐτὴ
641 2719 885 2792 ἀρκοῦσά
928 2721 1045 2772 ἐστι
1110 2718 1459 2791 καταπλῆξαι
1505 2719 1637 2782 τοὺς
1691 2716 1799 2771 ὑπὸ

206 2818 370 2887 χεῖρα
394 2831 409 2846 °
447 2816 543 2869 καὶ
572 2812 678 2885 μὴν
713 2810 1043 2882 ἀνεχόμενον
1097 2810 1333 2881 ἀπειλῆς
1368 2811 1465 2864 καὶ
1518 2810 1801 2864 παιδευτι-

207 2907 329 2972 κῶς
369 2907 471 2979 μὲν
512 2905 842 2975 πλήττοντα,
879 2902 1281 2975 φιλανθρώπως
1314 2903 1371 2956 δὲ
1400 2904 1496 2956 καὶ
1523 2920 1770 2975 μεμετρη

212 3000 400 3071 μένως
459 2995 794 3070 μαστίζοντα
820 3012 835 3027 ·
863 2996 1098 3066 ἐπείπερ
1134 2995 1257 3049 οὔτε
1319 2994 1381 3048 τὸ
1412 2994 1611 3063 ἄφετον
1660 3012 1801 3050 παν-

1897 1887 2107 1943 datum.
2147 1886 2332 1955 Quare
2383 1888 2532 1943 omni
2582 1889 2769 1943 studio
2796 1890 3067 1945 contende
3102 1900 3161 1945 ut
3189 1891 3344 1945 illum
3371 1891 3501 1945 bea-

1897 1982 2089 2037 tiorem
2153 1982 2333 2038 adhuc
2388 1982 2612 2039 efficias.
2673 1982 2924 2050 Quonam
3006 1994 3187 2037 autem
3249 1992 3413 2054 pacto
3446 1984 3501 2038 id

1902 2074 2031 2130 ﬁet?
2058 2074 2115 2129 Si
2153 2076 2292 2131 bene
2348 2076 2425 2131 illi
2462 2076 2642 2131 facere
2668 2091 2866 2147 pergas
2898 2094 2915 2143 ;
2951 2077 3056 2132 hoc
3106 2086 3211 2142 est,
3243 2078 3287 2133 si
3345 2078 3500 2132 illum

1898 2165 2382 2233 commonefacias,
2415 2169 2676 2231 horteris.
2711 2183 2933 2234 exores,
2966 2178 3024 2224 ut
3051 2170 3306 2225 militaris
3363 2186 3505 2241 prte-

1898 2259 2128 2316 fecturae
2154 2261 2366 2331 apicem
2407 2275 2472 2315 ex
2505 2260 2595 2315 Dei
2630 2271 2765 2315 nutu
2792 2272 2964 2332 regat,
2992 2261 3138 2317 sicut
3194 2263 3373 2333 reipsa
3414 2278 3505 2317 re-

1898 2353 2010 2423 git;
2050 2361 2109 2406 ut
2136 2354 2510 2423 orphanorum
2540 2351 2947 2423 viduarumque
2984 2368 3181 2408 curam
3216 2354 3501 2409 ineorum

1899 2445 2163 2501 aerumnis
2222 2452 2376 2515 gerat
2404 2460 2419 2509 ;
2454 2444 2721 2500 intactum
2746 2460 2807 2501 se
2837 2445 2908 2500 ab
2955 2444 3244 2514 iniquitate
3274 2460 3501 2501 conser-

1897 2547 2027 2607 vet;
2066 2540 2465 2595 monachorum
2506 2548 2720 2595 amator
2745 2540 2817 2595 sit
2844 2548 2900 2594 et
2927 2554 3264 2609 pauperum:
3295 2538 3494 2593 huma-

1899 2633 2072 2688 nitate
2116 2640 2455 2703 temperatus
2492 2649 2507 2697 ;
2548 2641 2792 2704 potestas
2819 2632 3094 2702 siquidem
3126 2635 3243 2704 ipsa
3300 2630 3506 2688 sulticit

1900 2736 1962 2782 ut
1989 2726 2225 2783 subditis
2253 2737 2519 2781 terrorem
2555 2726 2801 2796 injiciat;
2836 2734 2892 2781 et
2931 2725 3109 2781 minas
3140 2727 3329 2797 utique
3354 2740 3506 2797 sper-

1901 2833 2064 2885 nens,
2097 2826 2154 2874 et
2205 2817 2568 2873 correctionis
2620 2817 2840 2888 quidem
2900 2817 3072 2888 gratia
3108 2816 3376 2887 plectens,
3409 2815 3504 2872 sed

1903 2910 2144 2965 humane
2176 2916 2231 2964 et
2262 2908 2543 2963 moderate
2604 2908 2823 2963 credens
2858 2926 2871 2960 :
2906 2909 3038 2977 quia
3098 2923 3201 2965 nec
3250 2905 3508 2962 salutaris

1903 3013 1989 3059 est
2026 3002 2323 3057 immodica
2360 3015 2759 3072 usquequaque
2798 3000 3078 3066 remissio,
3110 3008 3167 3057 et
3204 3015 3349 3073 aegre
3405 3000 3504 3055 ad-

209 3097 420 3149 τάπασι
453 3091 724 3163 σωτήριον
751 3107 767 3122 ο
816 3091 942 3145 οὔτε
997 3090 1059 3144 τὸ
1094 3090 1442 3161 ὑπέρμετρον
1498 3088 1801 3159 πληκτικὸν

1908 3096 2142 3153 mittitur
2170 3110 2291 3166 qua:
2348 3094 2570 3150 modum
2602 3094 2820 3150 excedit
2850 3093 3142 3149 severitas.
3220 3092 3363 3148 Ante
3388 3107 3508 3148 om-

210 3184 600 3242 εὐαπόδεκτον.
648 3184 760 3236 Καὶ
792 3184 963 3255 πρόγε
1016 3183 1257 3245 πάντων,
1315 3181 1377 3234 τὸ
1417 3180 1560 3235 κατά
1613 3182 1800 3234 πίστιν

211 3272 612 3351 ὀρθόδοξον.Εί
669 3274 777 3345 γὰρ
840 3273 938 3327 καὶ
986 3271 1124 3343 πρὸς
1173 3271 1236 3324 τὸ
1286 3270 1393 3337 ἔξω
1443 3272 1558 3325 ἐστι
1619 3271 1800 3338 λέγειν

212 3370 503 3426 ἀδυνατεῖν
526 3366 672 3421 κατὰ
704 3368 774 3421 τά
804 3366 1092 3436 φθάσαντα
1114 3364 1275 3417 τοῦτο
1304 3364 1596 3433 φυλάττειν
1615 3379 1630 3393 ·
1664 3364 1802 3433 ὅπερ

215 3461 506 3519 οὐδὲτοῦτο
521 3460 725 3532 ἀρκοῦν
742 3461 821 3524 είς
835 3459 973 3513 Θεοῦ
992 3458 1309 3527 ἀπολογίαν*
1339 3475 1359 3509 ι
1381 3460 1481 3528 τῆς
1497 3456 1605 3527 γὰρ
1631 3454 1801 3510 αὐτοῦ

216 3557 442 3627 ἀγάπης
463 3554 616 3609 οὐδὲν
642 3553 1058 3627 προτιμότερον·
1094 3572 1112 3602 ι
1165 3551 1284 3604 ἀλλ’
1328 3548 1422 3604 οῦν
1447 3566 1512 3619 γε
1544 3549 1686 3604 κατὰ
1713 3551 1803 3603 τὸν

220 3651 335 3705 ἔσω
392 3649 723 3720 ἄνθρωπον,
780 3646 1007 3700 δυνατὸν
1059 3643 1218 3697 τοῦτο
1259 3643 1801 3716 παραφυλάττεσθαι,

218 3746 319 3801 καὶ
367 3742 578 3799 πολλῶν
614 3741 835 3811 σωτῆρα
864 3736 1225 3810 χρηματίζειν
1273 3738 1436 3790 αὐτὸν
1486 3738 1579 3790 καὶ
1637 3754 1805 3809 μονα-

221 3838 367 3892 στῶν
427 3836 522 3890 καὶ
565 3832 790 3897 λαῖκῶν,
844 3832 937 3884 καὶ
983 3831 1261 3900 ἀρχόντων
1314 3830 1411 3883 καὶ
1460 3830 1800 3901 ἀρχομένων.

219 3931 410 3986 Ταῦτα
439 3928 499 3995 ἐξ
523 3928 744 3996 ἀγάπης
774 3923 1157 3995 πνευματικῆς
1188 3926 1289 3993 τῆς
1320 3923 1457 3994 πρὸς
1512 3923 1658 3992 ὑμᾶς
1716 3940 1803 3975 κι-

217 4022 493 4093 νούμενοι,
542 4018 974 4090 τεθαρῤἠκαμεν
1033 4016 1347 4087 ὑπομνῆσαι
1378 4032 1393 4047 ο
1454 4015 1658 4078 εἰδότες
1710 4015 1805 4069 καὶ

218 4112 653 4183 ἀνυπομνήστως
703 4109 924 4179 ἔχεσθαι
958 4108 1106 4179 ὑμᾶς
1134 4106 1229 4160 τοῦ
1260 4106 1449 4160 καλοῦ.

398 4224 562 4291 POC."
589 4222 702 4295 (68)
728 4254 797 4263 —
828 4221 1063 4290 Βρυέγᾳ
1092 4218 1426 4289 στρατηγῷ.
1464 4215 1633 4291 [ψμ’.]

1907 3187 1999 3242 nia
2033 3202 2165 3241 vero
2190 3185 2310 3256 ejus
2346 3184 2480 3241 ﬁdes
2514 3185 2588 3239 sit
2615 3184 2941 3240 orthodoxa.
2973 3184 3113 3238 Nam
3146 3184 3250 3239 etsi
3275 3182 3508 3239 fortasse

1908 3275 2058 3333 dicat
2099 3290 2211 3330 non
2282 3290 2445 3346 posse
2474 3275 2540 3330 ad
2577 3289 2640 3330 ea
2670 3290 2794 3345 qua;
2827 3274 3391 3341 praecesserunthauc
3424 3272 3508 3329 fo-

1909 3368 1988 3424 ris
2019 3367 2227 3423 servari
2263 3385 2277 3421 :
2313 3367 2459 3437 quod
2484 3366 2666 3436 ipsum
2710 3377 2892 3421 tamen
2918 3382 3027 3422 non
3074 3351 3365 3422 sufﬁcit‘ut
3395 3364 3508 3422 Deo

1911 3459 2144 3515 satisﬁat
2202 3458 2319 3529 (Dei
2371 3460 2517 3514 euim
2578 3460 2756 3513 amori
2853 3459 3001 3513 nihil
3068 3460 3507 3530 anteponendum

1909 3554 2059 3625 est),
2085 3562 2143 3610 at
2182 3563 2332 3611 certe
2384 3554 2688 3609 secundum
2718 3553 3039 3608 interiorem
3088 3553 3364 3608 hominem
3394 3569 3510 3609 ser-

1909 3647 2028 3703 vari
2082 3656 2302 3718 potest:
2337 3655 2397 3701 ut
2451 3645 2643 3701 salutis
2702 3654 2897 3700 auctor
2938 3644 3126 3698 multis
3174 3644 3247 3699 sit
3289 3644 3426 3714 ipse,
3456 3654 3511 3698 et

1913 3738 2203 3793 monachis
2233 3749 2288 3792 et
2323 3738 2497 3800 laicis.
2522 3747 2574 3791 et
2604 3737 2945 3808 principibus
2972 3745 3027 3791 et
3060 3734 3321 3792 subditis.
3383 3735 3513 3791 Haec

1914 3832 2183 3902 spirituali
2213 3846 2340 3902 erga
2369 3846 2467 3886 vos
2491 3831 2765 3886 charitate
2799 3830 3032 3900 permoti
3067 3843 3362 3903 suggerere
3389 3831 3509 3885 ausi

1914 3940 2147 3981 sumus:
2176 3939 2283 3978 non
2337 3925 2656 3993 ignorantes
2694 3924 2823 3980 boni
2848 3926 3095 3994 rectique
3126 3922 3329 3990 studio,
3346 3924 3509 3981 etiam

1913 4017 2034 4073 sine
2073 4017 2368 4082 monitore,
2424 4031 2522 4073 vos
2562 4018 2763 4073 teneri.

2276 4215 2558 4272 CLXXVI.
2590 4248 2662 4258 ——
2688 4216 2910 4288 Bryenw
2933 4224 3188 4288 stratego.

1463 4333 1754 4385 Consolatur
1776 4329 1841 4381 de
1872 4330 2012 4381 obitu
2036 4331 2228 4382 matris.

307 4448 606 4520 ’Δνηγγέλη
645 4449 777 4519 ἡμῖν
808 4447 837 4499 ὁ
858 4444 1090 4505 θάνατος
1131 4443 1232 4513 τῆς
1264 4442 1545 4512 μακαρίας
1596 4441 1803 4513 μητρὸς

1978 4440 2238 4497 Nuntiata
2273 4442 2433 4497 nobis
2458 4450 2545 4497 est
2572 4456 2723 4496 mors
2756 4442 2931 4497 beatae
2970 4442 3161 4495 matris
3199 4462 3214 4497 :
3249 4455 3305 4499 et
3332 4460 3510 4515 quan-

222 4544 323 4601 καὶ
369 4543 494 4597 ὅσον
522 4539 892 4610 ἔστενάξαμεν
923 4538 979 4590 τί
1012 4536 1119 4607 χρὴ
1147 4539 1243 4588 καὶ
1262 4536 1475 4624 λέγει.ν;
1503 4536 1563 4589 οὐ
1592 4536 1682 4589 διὰ
1708 4534 1808 4605 τὴν

223 4636 387 4697 ὁσίως
410 4632 843 4705 κεκοιμημένην,
889 4631 1093 4696 ἄπαγε’
1133 4628 1326 4698 κέρδος
1362 4628 1469 4698 γὰρ
1514 4628 1654 4697 αὐτῇ
1688 4627 1811 4693 ἐγέ-

224 4742 351 4781 νετο
381 4727 415 4795 ἡ
444 4725 791 4795 μετάστασις,
810 4721 1060 4790 φυγούσῃ
1090 4718 1183 4773 τὸν
1206 4718 1668 4788 πολυαμάρτητον
1696 4716 1811 4787 βίον

224 4815 416 4872 τοῦτον
452 4831 466 4845 ·
502 4815 616 4868 ἀλλ’
643 4813 954 4875 ἐννοοῦντες
993 4813 1095 4881 τὴν
1126 4810 1227 4881 σὴν
1260 4809 1689 4877 καλοκαγαθίαν,
1739 4808 1811 4871 ὡς

227 4908 732 4980 ἀπορφανισθεῖσαν
752 4906 959 4970 τέλεον,
994 4906 1089 4958 καὶ
1149 4902 1419 4974 μηδεμίαν
1472 4904 1531 4955 ὲν
1576 4900 1657 4973 τῷ
1710 4899 1812 4970 βίῳ

230 5002 587 5074 παραμυθίαν
619 5000 990 5070 κεκτημένην.
1026 4999 1136 5052 Καὶ
1156 4997 1333 5051 ταῦτα
1364 4996 1423 5048 ὲν
1477 4994 1622 5048 οὕτω
1677 5012 1809 5047 σκυ-

232 5097 427 5167 θρωπῇ
488 5093 825 5147 καταστάσει
868 5093 1225 5163 ὑπάρχουσαν
1255 5105 1268 5119 ·
1322 5090 1418 5143 καὶ
1471 5089 1595 5142 οὐδὲ
1643 5088 1815 5157 αὐτῆς

232 5188 333 5257 τῆς
364 5187 518 5249 ὁσίας
548 5185 773 5256 κηδείας
805 5184 1193 5238 ἀπολαύσασαν
1213 5199 1227 5213 ·
1280 5181 1309 5234 ὃ
1331 5182 1520 5252 φέρειν
1566 5176 1672 5232 οἶδε
1728 5198 1818 5250 μι-

236 5283 377 5351 κρὰν
430 5280 816 5352 παρηγορίανο
859 5279 1020 5347 λόγος
1064 5278 1334 5348 ὲξιτήριος
1394 5276 1489 5328 καὶ
1532 5273 1819 5326 τελευταία

236 5374 414 5444 φωνὴ,
444 5372 786 5442 πρόσπτυξίς
809 5390 869 5425 τε
883 5372 1067 5442 τιμίου
1096 5370 1375 5438 λειψάνου,
1404 5369 1498 5422 καὶ
1525 5368 1696 5437 αὐτῆς
1722 5366 1822 5436 τῆς

240 5468 301 5519 ὲν
359 5459 403 5533 ᾧ
443 5467 794 5520 κατατίθεται
830 5466 1004 5537 θήκης
1033 5464 1383 5533 ἐπισκέψεως
1415 5478 1431 5493 ·
1489 5462 1586 5515 καὶ
1640 5461 1824 5522 ἔοικας

240 5558 305 5611 τὸ
332 5557 423 5611 τοῦ
446 5557 723 5611 Ταντάλου
752 5559 967 5629 παθεῖν)
1003 5558 1053 5611 εί
1085 5556 1181 5611 καὶ
1216 5554 1585 5627 μυθικώτερον
1617 5554 1677 5608 τὸ
1706 5552 1829 5606 ἐπί-ι

321 5674 368 5709 ⁸³
400 5673 568 5729 Eccli.
603 5689 753 5739 xxvi,
784 5673 836 5728 1.

1910 4543 2027 4589 tum
2076 4535 2529 4605 ingemuerimus,
2560 4535 2689 4604 quid
2741 4535 2938 4590 attinet
2964 4534 3152 4591 dicere
3178 4536 3204 4590 τ
3231 4552 3341 4593 non
3379 4554 3511 4608 pro-

1911 4638 2031 4698 pter
2060 4629 2208 4684 illam
2264 4644 2386 4698 quas
2415 4640 2606 4685 sancte
2658 4629 3018 4695 obdormivit,
3079 4629 3223 4685 absit
3254 4648 3268 4685 :
3302 4631 3512 4686 lucrum

1912 4722 2061 4775 enim
2125 4721 2229 4792 ipsi
2286 4719 2411 4785 fuit,
2471 4721 2618 4792 quod
2679 4723 2869 4777 multis
2922 4722 3162 4791 peccatis
3219 4722 3513 4777 obuoxiam

1916 4816 2061 4870 hanc
2091 4818 2259 4869 vitam
2307 4814 2526 4869 evasit:
2560 4814 2653 4870 sed
2705 4830 2828 4869 cum
2863 4815 3232 4885 cogitaremus
3258 4818 3514 4871 eximiam

1915 4906 2239 4977 probitatem
2280 4917 2427 4961 tuam
2460 4906 2607 4961 velut
2640 4905 2890 4961 orbatam
2944 4921 3069 4961 esse
3126 4908 3363 4975 penitus,
3392 4922 3515 4961 om-

1914 5000 2082 5069 nique
2114 5000 2167 5053 in
2194 5000 2302 5053 vita
2339 4998 2542 5053 solatio
2564 4998 2884 5053 destitutam
2923 5018 2936 5053 :
2976 5008 3141 5068 atque
3172 5000 3287 5053 haec
3313 5001 3367 5052 in
3405 5009 3514 5052 tam

1915 5090 2057 5145 tristi
2118 5105 2303 5145 rerum
2373 5100 2591 5143 tuarum
2659 5098 2947 5144 statu:et
2977 5090 3122 5160 quod
3195 5105 3295 5143 nec
3360 5090 3515 5158 justa

1923 5190 2127 5237 sancta)
2192 5183 2268 5237 illi
2326 5182 2641 5252 persolvere
2689 5198 2754 5236 ac
2809 5182 2979 5237 funus
3028 5197 3225 5236 curare
3275 5182 3514 5246 licuerit;

1925 5290 2048 5345 quae
2097 5292 2189 5330 res
2223 5276 2460 5345 aliquam
2490 5274 2684 5329 aﬂ'erre
2718 5274 2858 5330 solet
2885 5274 3315 5329 consolationem
3356 5289 3369 5325 :
3403 5288 3518 5326 mo-

1930 5366 2123 5421 rientis
2149 5367 2327 5420 oratio
2355 5377 2410 5421 et
2444 5378 2723 5435 posuema
2760 5381 2887 5429 vox,
2920 5366 3213 5420 chararum
3256 5364 3485 5433 reliquia

1931 5471 2055 5510 rum
2084 5457 2390 5525 amplexus.
2427 5456 2707 5526 ipsiusque
2738 5455 2792 5508 in
2847 5470 2956 5525 quo
2980 5455 3244 5525 deposita:
3276 5465 3405 5507 sunt
3436 5454 3520 5506 lo-

1935 5550 2044 5604 culi
2115 5549 2841 5619 conspectus:viderisque
2898 5548 3030 5603 mihi
3092 5548 3330 5618 idipsum
3405 5544 3517 5616 puti

1779 5774 2011 5833 NOTAE.

324 5911 438 5983 (G7)
466 5909 523 5966 ln
549 5908 672 5973 cod,
704 5906 835 5979 Reg.
877 5907 1004 5974 poC'.

612 6010 879 6069 ΡΑτιιοῐ..
928 6012 1039 6067 (in.
1081 6006 1306 6069 XCIX.

2010 5897 2120 5971 (68)
2150 5897 2205 5951 lu
2241 5896 2363 5955 cod.
2404 5898 2535 5969 Reg.
2575 5896 2710 5969 ροη’.

3128 5990 3203 6063 ίρθ
