4184 6492
721 406 855 471 1547
1921 408 1982 466 S.
2023 402 2417 466 THEODORI
2450 403 2801 465 STUDIT/E
3895 416 4071 479 155,3

712 523 858 590 quod
886 519 1149 576 Tantalus
1178 524 1298 593 (etsi
1347 522 1651 578 fabulosior
1680 530 1763 577 est
1814 522 1931 577 lizec
1960 535 2304 576 commemo-
2335 516 2364 575 Α

2385 518 2652 588 φθεγμα,
2684 520 2744 572 ὲν
2761 520 2959 590 μέσαις
2990 523 3196 590 πηγαῖς
3234 522 3380 592 δίψει
3428 526 3763 597 τηκόμενος,
3801 532 4037 595 discat;

712 610 875 684 ratio)
905 614 957 667 in
995 615 1194 668 mediis
1215 614 1461 671 fontibus
1492 616 1581 670 siti
1611 614 1894 669 confectus
1927 631 1941 666 :
1972 629 2097 668 cum
2123 622 2177 667 tu
2206 628 2306 665 au-

2420 608 2637 675 μόναις,
2684 610 2801 663 ἀλλ’
2832 612 2931 663 οὐκ
2966 612 3267 682 ὀφθαλμοῖς
3296 616 3583 672 ὑπολαϐὼν
3620 620 3725 690 τὴν
3752 623 3874 691 τῆς
3935 642 4062 693 μη-

712 706 868 760 ribus
920 716 1153 770 tantum,
1179 717 1234 762 et
1282 724 1391 762 nou
1426 708 1623 773 oculis,
1655 706 1850 762 matris
1882 706 2091 760 obitum
2150 721 2303 759 acce-

2413 702 2543 771 τρλις
2573 703 2854 773 κοίμησιν.
2887 704 2954 757 Τί
2987 704 3082 758 οὖν
3107 708 3165 758 ἐν
3210 706 3465 775 τούτοις;
3509 713 3866 783 στενάεομεν
3928 720 4062 784 ἄρα

709 803 879 869 peris.
933 798 1075 865 Quid
1130 816 1263 871 ergo
1291 801 1344 854 in
1392 800 1565 856 istis?
1602 802 1683 857 Au
1721 807 2082 868 praeterquam
2142 799 2303 852 decet

2415 795 2564 864 πέρα
2592 794 2686 847 τοῦ
2716 797 2927 860 δέοντος
2954 814 2969 862 ;
3004 797 3490 870 ὣκρυρῤοήσομεν
3518 802 3829 873 ἄπληστας
3896 807 4060 860 ἀπο-

709 890 1188 961 iugemiscemus?
1242 906 1313 944 an
1363 890 1765 961 inexplebiliter
1817 888 2111 943 llebimus?
2148 886 2305 942 etfre-

2412 885 2828 957 δυσπετησομεν
2868 888 3160 957 ἁκράτητα
3189 906 3205 954 ;
3236 890 3347 943 Καὶ
3378 892 3483 944 ποῦ
3528 895 3561 962 ή
3592 896 3812 961 γνῶσις
3845 915 3863 960 ;
3938 899 4058 948 ποῦ

710 994 838 1037 nate
862 984 1382 1039 stomachabimur?
1416 984 1482 1038 Et
1513 985 1605 1037 ubi
1634 984 1913 1037 scientia?
1951 983 2043 1037 ubi
2088 983 2304 1051 sapien-

2418 979 2444 1047 ἡ
2477 978 2637 1046 σοφία
2666 994 2682 1043 ;
2713 978 2817 1031 ποῦ
2844 980 2877 1049 ἡ
2913 978 3169 1045 σύνεσις;
3202 974 3283 1044 οἷς
3313 984 3706 1054 κατεκοσμήθη
3743 1003 3858 1037 σου
3885 988 3925 1056 ἡ
3954 988 4070 1038 εύσ.

711 1077 828 1131 tia?
861 1077 954 1131 ubi
1014 1076 1580 1147 prudentialquibus
1647 1076 1905 1131 nobilitas
1962 1087 2053 1130 tua
2106 1082 2302 1128 ornata

2420 1071 2630 1137 γένεια,
2677 1071 2770 1124 καί
2797 1089 2859 1140 γε
2890 1072 3031 1139 ὑπὲρ
3064 1072 3295 1136 πολλοὺς
3330 1074 3437 1127 τῶν
3464 1074 3560 1127 νῦν
3586 1078 3910 1148 ὁρωμένων
3990 1082 4056 1129 ἐς.

710 1179 815 1234 est,
842 1178 897 1223 et
932 1171 1152 1239 quidem
1201 1186 1363 1239 supra
1394 1170 1597 1224 multos
1626 1185 1818 1224 eorum
1866 1168 1959 1240 qui
2014 1169 2301 1239 magistra-

2410 1162 2579 1216 τέλει.
2617 1163 2902 1235 Μηδαμῶς
2925 1160 3040 1230 οὖν,
3094 1160 3492 1238 ὦὲπιπόθητε,
3550 1170 3835 1239 μηδαμῶς

710 1269 825 1316 tum
862 1276 1007 1316 nunc
1037 1271 1253 1330 gerunt.
1289 1261 1678 1332 Nequaquam,
1704 1276 1737 1315 o
1759 1260 2161 1326 amantissime,
2200 1276 2299 1316 ne-

2410 1252 2676 1319 στενὰξας
2725 1255 2819 1307 καὶ
2849 1254 3096 1319 κλαύσας
3148 1259 3409 1327 μετρίως,
3459 1259 3583 1312 ὅσον
3620 1264 3720 1313 καὶ
3771 1262 3856 1314 τὰ
3922 1281 4056 1333 μη-

710 1368 987 1423 quaquam
1018 1371 1032 1407 :
1060 1354 1153 1409 sed
1181 1354 1270 1407 ubi
1318 1355 1594 1408 moderate
1624 1354 1960 1424 ingemueris
1994 1363 2049 1407 et
2075 1354 2301 1423 planxe-

2410 1346 2576 1418 τρικὰ
2629 1348 2920 1417 ὲπικήδεια
2966 1349 3401 1417 ἀφοσιώσασθαι,
3428 1352 3609 1405 καὶτὸ
3640 1354 3741 1423 τῆς
3796 1355 4054 1423 φύσεως

710 1445 811 1511 ris,
840 1453 1105 1515 quantum
1138 1446 1395 1501 videlicet
1431 1448 1567 1501 satis
1586 1456 1639 1501 ut
1676 1446 1940 1501 maternis
1972 1446 2299 1501 funebribus

2409 1438 2819 1503 ἐπιδείξασθαι·
2851 1442 2935 1503 είς
2984 1442 3215 1505 ἑαυτοὺς
3286 1444 3469 1509 πάλιν,
3510 1447 3562 1497 εἰ
3603 1444 3814 1514 βούλει,
3848 1447 4050 1516 γενώ-

708 1536 1030 1608 defungare,
1070 1547 1122 1593 et
1172 1539 1317 1609 quod
1376 1547 1586 1594 natura:
1614 1548 1699 1595 est
1749 1538 2079 1609 patefacias;
2113 1540 2301 1593 redea-

2410 1532 2554 1601 μεθα
2588 1573 2604 1597 ,
2688 1534 2785 1586 καὶ
2862 1534 3241 1606 διαδλέψωμεν
3319 1536 3584 1607 μετεώρῳ
3654 1539 3876 1612 θεωρίᾳ
3964 1546 4048 1593 τὰ

709 1642 835 1683 mus
889 1628 1085 1683 iterum
1121 1629 1187 1683 ad
1218 1645 1343 1692 nos.
1371 1633 1417 1684 si
1443 1630 1640 1701 placet,
1678 1630 2010 1699 sublimique
2058 1638 2300 1684 eontem-

2406 1624 2531 1695 τῇδε
2570 1642 2583 1655 ·
2618 1626 2695 1690 ὡς
2741 1628 2895 1698 δναρ,
2951 1628 3047 1681 καὶ
3088 1628 3254 1690 σκιὰ,
3310 1629 3414 1682 ,καὶ
3461 1630 3522 1682 τὸ
3562 1631 3659 1683 ἐπὶ
3724 1635 3837 1701 γῆς
3896 1633 4044 1686 τοῦ-

709 1721 953 1791 platione
1006 1738 1129 1793 qua:
1191 1723 1280 1779 hic
1324 1734 1455 1778 sunt
1507 1724 1878 1791 despiciamus
1912 1742 1926 1777 :
1962 1739 2086 1779 cum
2148 1738 2300 1777 som-
2335 1754 2361 1808 ε

2404 1733 2464 1768 το
2528 1719 2822 1785 παίγνιον,
2881 1720 2957 1783 ὣς
3020 1721 3124 1774 πού
3180 1722 3315 1791 φησί
3380 1739 3466 1784 τις
3522 1722 3631 1775 τῶν
3694 1724 4028 1792 θεολόγων.

709 1813 887 1878 nium,
944 1822 1000 1869 et
1066 1817 1287 1878 umbra.
1325 1825 1381 1871 et
1431 1816 1595 1871 ludus
1624 1816 1697 1871 sit
1728 1816 1999 1886 quidquid
2056 1817 2112 1870 in
2154 1825 2299 1870 terra

2410 1809 2512 1860 οὐκ
2550 1810 2713 1874 δντας
2752 1812 3056 1879 γενέσθαι,
3121 1814 3217 1865 καὶ
3266 1814 3595 1883 γενομένους
3646 1816 4038 1887 ἀηλυθῆναι.

708 1914 813 1969 est.
882 1907 1029 1963 sicut
1082 1905 1490 1977 TheOIOgorum
1550 1908 1777 1977 quidam
1832 1908 1911 1962 ait
1955 1925 1969 1961 :
2012 1909 2161 1963 nasci
2212 1923 2307 1964 eos

2413 1902 2525 1954 Καὶ
2577 1903 2688 1971 γὰρ
2743 1903 2842 1973 τὴν
2894 1905 3066 1975 αὐτὴν
3100 1906 3219 1959 ὁδὸν
3268 1908 3362 1961 καὶ
3392 1910 3554 1976 ἡμεῖς
3603 1910 4038 1980 πορευσόμεθα,

709 2000 803 2069 qui
846 2014 955 2054 non
1007 2008 1157 2065 sunt,
1191 2009 1245 2054 et
1283 2009 1441 2054 natos
1471 2000 1715 2054 interire.
1770 1996 1906 2053 Nam
1946 2009 2001 2054 ct
2027 2015 2129 2054 nos
2162 2000 2303 2054 viam

2409 1994 2590 2064 ἥνπερ
2614 1996 2663 2047 οἱ
2703 1996 2947 2065 Πατέρες
2978 1996 3139 2066 ἡμῶν
3174 1999 3590 2069 προωδεύκασιθ
3625 2004 3722 2053 καὶ
3772 2002 3838 2053 τὸ
3878 2004 4036 2055 αὐτὸ

709 2091 959 2146 eamdem
988 2092 1383 2163 ingrediemur,
1413 2108 1580 2162 quam
1614 2102 1802 2163 patres
1834 2094 2009 2149 nostri
2041 2104 2169 2148 ante
2200 2109 2305 2149 nos

2409 2088 2585 2140 πᾶσιν
2615 2086 2676 2150 ἐξ
2712 2087 2830 2139 ίσου
2859 2087 3123 2157 ἀναμένει
3153 2078 3476 2161 κατάλυμα·
3506 2094 3647 2161 τάχα
3675 2094 3733 2147 δὲ
3764 2098 3864 2147 καὶ
3915 2099 4031 2150 6.}.—

711 2189 1006 2237 tenuerunt
1051 2199 1064 2236 :
1102 2181 1355 2252 idemque
1382 2196 1573 2236 omnes
1611 2197 1677 2237 es
1706 2196 1866 2244 inquo
1900 2192 2182 2252 exspectat
2214 2182 2302 2236 di-
2360 2185 2363 2193 '

2409 2180 2505 2234 λου
2579 2180 2709 2235 ἄλλο
2736 2181 3226 2252 τραγῳδικώτερον
3248 2200 3263 2213 ·
3302 2185 3382 2236 ὅτι
3404 2185 3497 2237 τοῦ
3530 2186 3627 2255 μὲν
3657 2189 3715 2238 ὲν
3742 2190 3951 2260 εἰρήνῃ
3990 2194 4030 2260 ἡ

710 2274 1061 2339 γεηοτίιηιις
1104 2273 1293 2329 forsan
1320 2284 1500 2328 autem
1532 2282 1586 2327 et
1611 2274 1758 2328 aliud
1790 2274 1895 2328 alio
1948 2275 2253 2329 luctuosius
2286 2290 2301 2339 ;

2406 2274 2553 2344 ταφὴ
2586 2275 2770 2344 τυχὸν,
2808 2275 2902 2327 τοῦ
2934 2274 2993 2327 δὲ
3023 2276 3121 2344 οὐχ
3144 2273 3337 2337 οὕτως.
3375 2278 3444 2329 Ἣ
3476 2278 3587 2347 γὰρ
3619 2279 3865 2349 πολέμου
3907 2300 4029 2334 πα-

713 2366 977 2435 quoniam
1006 2365 1094 2419 hic
1133 2364 1186 2417 in
1215 2380 1343 2432 pace
1380 2364 1628 2433 sepultus
1662 2374 1747 2419 est
1774 2364 2026 2430 fortasse,
2061 2365 2149 2420 hic
2175 2382 2305 2420 vero

2408 2367 2710 2438 ρανὰλωμα
2740 2371 2963 2438 γέγονεν
2992 2387 3007 2402 °
3071 2371 3103 2441 ἢ
3163 2371 3442 2443 θαλάσσης
3500 2374 3879 2446 ὑπρῤόφημα
3909 2394 3947 2407 ’ν
3982 2381 4024 2449 ἦ

714 2474 821 2513 non
859 2458 1009 2524 item,
1038 2466 1135 2513 aut
1167 2458 1315 2511 enim
1347 2456 1474 2511 belli
1499 2457 1799 2511 ludibrium
1832 2456 1958 2521 fuit;
1989 2467 2084 2511 aut
2137 2461 2305 2513 maris
2344 2528 2366 2533 _

2410 2479 2529 2524 πως
2576 2463 2775 2528 ἄλλως,
2820 2465 2896 2524 ὼς
2948 2466 3140 2533 δρᾶται
3170 2465 3240 2518 τὰ
3288 2466 3468 2529 ἄλλοις
3518 2469 3742 2532 τρόποις
3792 2469 4024 2522 ἐλεεινὰ

709 2550 967 2607 ﬂuetibus
1022 2554 1317 2620 absorptus
1368 2560 1474 2615 est,
1510 2559 1607 2605 aut
1661 2551 1773 2605 alio
1832 2550 2087 2620 quopiam
2118 2551 2303 2612 modo,
2340 2528 2361 2561 ⁸

2364 2528 2379 2559 ’
2405 2552 2515 2605 τῶν
2546 2553 2813 2622 ἐξαπίνης
2846 2528 3097 2608 θανάτων
3136 2572 3145 2579 ‘
3177 2548 3311 2626 ὧνή
3353 2559 3599 2627 μακαρία
3636 2528 3817 2630 μήτηρ
3852 2562 4016 2613 ἀνω-

711 2644 908 2714 quales
934 2644 1121 2700 videre
1151 2652 1235 2699 est
1287 2643 1636 2699 diversorum
1665 2659 1927 2716 generum
1960 2644 2305 2698 miserandas

2405 2645 2561 2715 τέρα,
2601 2647 2659 2698 ὲν
2690 2646 2930 2718 ὁσιότητι
2958 2649 3053 2701 καὶ
3079 2650 3437 2719 01109090699
3471 2650 3572 2719 βίῳ
3602 2653 3865 2722 ἀπαρασα
3890 2655 4014 2705 τῶν

713 2743 926 2791 mortes
976 2736 1314 2805 repentinas.
1355 2734 1572 2803 Quibus
1604 2738 1858 2806 superior
1902 2737 2115 2791 exstitit
2146 2736 2304 2791 beata

2407 2734 2639 2788 ἐνθένδε.
2671 2737 3008 2807 Λειπόμενον
3036 2734 3129 2791 οὖν
3163 2738 3311 2791 ἐστιν
3340 2742 3396 2792 ὲν
3410 2740 3620 2804 τούτοις
3638 2745 3812 2796 εἰπεῖν
3842 2747 4006 2815 ἡμᾶς

714 2834 913 2890 mater,
947 2841 1069 2895 qua:
1090 2824 1143 2879 in
1176 2826 1487 2891 sanctitate,
1523 2834 1578 2881 et
1609 2842 1831 2882 crucem
1878 2837 2129 2897 gestante
2166 2829 2301 2892 vita,

2406 2823 2505 2893 τὴν
2531 2824 2775 2895 ἀοίδιμον
2812 2826 3027 2897 ἐκείνην
3091 2826 3187 2879 τοῦ
3254 2830 3527 2899 μακαρίου
3598 2831 3719 2884 ἰὼὸ
3770 2838 4007 2905 φωνὴν’

714 2918 844 2973 hinc
875 2918 1146 2989 migravit.
1176 2917 1468 2994 Reliquum
1515 2934 1648 2991 ergo
1688 2928 1772 2975 est
1822 2927 1885 2974 ut
1931 2920 1986 2974 in
2021 2920 2107 2976 bis
2159 2921 2304 2975 cele-

2421 2914 2475 2967 '0
2504 2916 2721 2981 Κύριος
2762 2915 3008 2979 ἔδωκεν.
3043 2920 3077 2971 ό
3134 2918 3351 2985 Κύριος
3414 2921 3737 2987 ἀφείλετο⁴
3785 2924 3871 2991 ὡς
3925 2924 4018 2990 τῷ

716 3008 870 3063 brem
901 3010 1048 3063 illam
1081 3010 1223 3064 beati
1248 3008 1353 3066 Job
1378 3024 1568 3064 vocem
1621 3026 1955 3079 usurpemus
1990 3029 2004 3065 :
2044 3011 2301 3066 Dominus

2407 3008 2603 3074 Κυρίῳ
2658 3006 2903 3071 ἔδωκεν,
2929 3009 3119 3075 οὕτως
3151 3010 3249 3063 καί
3289 3010 3549 3078 ἐγένετο.
3596 3014 3905 3085 Προσθείην
3958 3018 4006 3069 δ’

712 3102 882 3165 dedit,
938 3100 1196 3155 Dominus
1226 3101 1447 3155 abstulit
1477 3117 1496 3154 :
1531 3103 1672 3156 sicut
1721 3102 1951 3158 Domino
1978 3104 2203 3172 placuit,
2226 3110 2304 3160 ita
2331 3092 2364 3148 (ἶ

2351 3092 2373 3148 3
2408 3090 2475 3144 ἂν
2502 3090 2806 3144 λυσιτελεῖν
2838 3094 2985 3162 ἡμᾶς
3025 3094 3123 3162 τὴν
3163 3097 3346 3166 φωνὴν
3388 3098 3617 3170 ταύτην,
3658 3104 3754 3155 καὶ
3808 3106 3867 3157 ὲν
3921 3100 4003 3166 οἷς

714 3196 919 3264 factum
946 3204 1023 3249 est
1056 3194 1121 3251 “.
1157 3195 1389 3257 Addam.
1426 3196 1613 3251 utilem
1652 3197 1810 3253 nobis
1842 3196 1959 3253 fore
2019 3199 2157 3254 hanc
2213 3216 2307 3255 vo-

2410 3182 2577 3252 ὲσμὲν
2606 3182 2907 3279 θλιπτικῶς
2938 3187 3031 3238 καὶ
3055 3187 3492 3258 ἐξαπορητικῶς.
3544 3193 3699 3246 Ἑπεὶ⁵
3743 3200 3999 3259 κάκεῖνος

714 3303 835 3343 cem
876 3288 931 3342 in
967 3287 1169 3358 quibus
1201 3286 1587 3345 conﬂictamur
1663 3306 1844 3344 rerum
1895 3291 2307 3349 difﬁcultatibus

2408 3277 2436 3329 ὁ
2482 3273 2856 3347 ἀοίδιμος,’ὠς
2881 3273 3063 3345 οἶσθα,
3090 3281 3183 3333 ἐπὶ
3216 3283 3439 3352 μυρίοις
3472 3273 3743 3351 ἀλγεινοῖς
3781 3289 3849 3342 τὰ
3906 3291 3997 3343 εύ-

714 3390 770 3434 et
825 3382 1091 3450 angustiis
1151 3380 1594 3451 quandoquidem
1631 3384 1929 3453 praeclarus
1964 3384 2054 3439 ille
2093 3388 2196 3451 vir,
2245 3395 2305 3441 ut

2408 3368 2742 3436 χαριστήρια
2772 3366 2851 3437 τῷ
2876 3364 2996 3439 Θεῷ
3030 3370 3306 3425 ἀπεδίδου.
3364 3376 3457 3445 Μὴ
3512 3376 3698 3431 τοίνυν
3738 3380 3997 3452 ρᾳθυμήο

717 3473 885 3535 nosti,
918 3475 1059 3528 inter
1109 3473 1429 3531 innumeras
1471 3490 1767 3541 aerumnas,
1797 3479 2096 3549 gratiarum
2132 3480 2306 3534 actio-

2409 3473 2614 3525 σωμεν,
2649 3453 2695 3511 ὦ
2722 3458 2969 3527 φίλτατε,
3005 3461 3143 3528 μηδὲ
3179 3461 3610 3537 ὲξαπορήσωμεν
3639 3470 3733 3522 καὶ
3764 3470 3859 3523 10-3
3890 3470 3992 3541 ζῇν

718 3580 817 3619 nes
849 3562 959 3617 Deo
999 3563 1255 3619 reddebat
1288 3583 1302 3620 :
1346 3582 1413 3621 ne
1448 3566 1611 3637 igitur
1643 3547 1888 3620 animum
1936 3569 2302 3632 remittamus,

2408 3547 2612 3611 εἰδότες
2667 3549 2748 3602 ὅτι
2804 3551 2905 3604 οὐκ
2954 3552 3106 3605 ὲάσει
3144 3554 3293 3623 ἡμᾶς
3361 3556 3567 3626 Κύριος
3628 3562 3995 3633 πειρασθῆναι

718 3659 1079 3725 amicissime,
1133 3676 1233 3717 nec
1270 3662 1395 3715 vita:
1450 3662 1613 3717 taedio
1677 3661 1982 3717 aliieiamur
2013 3682 2029 3717 :
2066 3664 2305 3719 scientes

2410 3642 2600 3715 ὑπὲρό
2628 3643 2927 3723 δυνάμεθα.
2967 3647 3063 3709 Τίς
3091 3642 3203 3701 οἶδε
3261 3648 3315 3701 τί
3376 3651 3592 3715 τέξεται
3646 3655 3679 3725 ἡ
3723 3656 3986 3719 ἐπιοῦσα,

721 3767 834 3806 non
885 3753 1280 3821 permissurum
1337 3752 1654 3818 Dominum,
1712 3763 1771 3807 ut
1817 3761 2090 3808 teutemur
2139 3769 2306 3825 supra

2408 3736 2503 3787 καὶ
2540 3736 2636 3801 Τίς
2663 3737 2992 3806 ἀναγγελεῖ
3025 3739 3305 3807 Ἀϐραὰμ,
3338 3738 3426 3793 ὅτι
3472 3743 3671 3812 Σὰρῤα
3713 3748 3946 3813 θηλάζει
3968 3765 3987 3811 ;

718 3858 884 3913 quam
916 3859 1216 3912 possumus
1282 3846 1556 3899 sustinere
1578 3845 1645 3901 ⁸⁸.
1703 3843 1839 3911 Quis
1865 3847 1968 3900 scit
1991 3847 2120 3915 quid
2156 3846 2306 3916 pari-

2410 3826 2739 3896 συμόολικδς
2765 3830 2794 3881 ὁ
2822 3829 2999 3899 λόγος.
3035 3828 3326 3902 Εύχόμεθα
3357 3826 3451 3885 οὖν
3472 3834 3634 3889 αὑτὸν
3660 3837 3753 3889 τὸν
3786 3839 3986 3909 Κύριον

718 3946 843 3991 tura
871 3936 943 3991 sit
962 3938 1202 3992 crastina
1226 3938 1345 3993 dies
1366 3938 1449 3991 "?
1477 3937 1541 3991 Et
1568 3956 1581 3992 :
1608 3937 1741 4003 Quis
1770 3939 2107 3992 aununtiahit
2135 3938 2305 3993 Abra-

2406 3918 2507 3985 τῆς
2532 3918 2691 3991 δόξης
2717 3959 2732 3984 .
2764 3921 3117 3992 ὲφαψάμενόν
3148 3940 3241 3976 σου
3280 3922 3380 3993 τῆς
3439 3926 3688 3995 καρδίας,
3749 3932 3985 4002 ἐμποιῆ-

719 4029 867 4095 Itom,
905 4032 1037 4101 quia
1072 4029 1239 4084 lactat
1278 4029 1447 4085 Sarra
1476 4030 1520 4062 ’τ
1548 4031 1571 4085 ἲ
1611 4029 1960 4101 Symbolicus
1989 4042 2074 4087 est
2100 4047 2299 4087 sermo.

2408 4023 2498 4059 σαι
2527 4009 2641 4077 cpio;
2670 4012 2727 4063 ὲν
2754 4011 2887 4082 αὐτῇ
2937 4012 3180 4083 ἁλήκτου
3238 4015 3616 4086 παραμυθίας,
3671 4019 3748 4081 ὡς
3778 4022 3847 4073 ἂν
3907 4024 3983 4075 oi-

721 4119 956 4179 Oramus
979 4122 1160 4192 itaque
1193 4121 1483 4176 Dominum
1523 4122 1697 4192 ipsum
1721 4122 2010 4192 gloriam“
2032 4138 2127 4178 cor
2148 4133 2301 4179 tuum

2406 4100 2566 4154 κοθεν
2602 4100 2831 4173 ἔχουσαν
2864 4104 2963 4169 τὰς
2990 4107 3245 4178 ἀφορμὰς
3281 4109 3379 4179 τῆς
3404 4108 3824 4179 παρακλήσεως,
3858 4116 3987 4183 μηδὲ

720 4224 972 4285 tangens,
1011 4213 1193 4267 lumen
1240 4214 1295 4267 in
1340 4228 1406 4268 eo
1434 4214 1700 4283 producat
1738 4214 2133 4270 consolationis
2168 4232 2304 4270 nun-

2402 4192 2613 4285 δεῖσθαι
2653 4198 2837 4267 φωνῆς
2866 4197 3080 4269 ἐτέρας.
3114 4198 3348 4271 Εἷδομεν
3383 4201 3439 4254 δὲ
3494 4200 3588 4254 καὶ
3640 4203 3733 4254 τὸν
3768 4206 3983 4275 ἀγαπη-

716 4284 883 4375 quam
910 4304 1215 4361 deﬁcientis
1246 4322 1260 4360 :
1302 4315 1363 4360 ut
1388 4306 1444 4361 in
1475 4306 1651 4377 teipso
1704 4308 1913 4363 habens
1943 4323 2054 4377 quo
2084 4318 2137 4363 te
2169 4324 2301 4363 con-

2403 4284 2497 4337 τὸν
2554 4284 2784 4355 ἀδελφὸν
2818 4288 2975 4358 ήμῶν
3000 4290 3094 4342 καὶ
3137 4293 3511 4363 πνευματικὸν
3564 4294 3707 4358 υἱέα,
3753 4296 3844 4348 τὸν
3892 4299 3982 4351 κύ-

716 4399 934 4463 soleris,
986 4399 1213 4455 alterius
1278 4414 1411 4455 voce
1465 4415 1573 4454 non
1615 4414 1799 4471 egeas.
1842 4399 2092 4458 Vidimus
2139 4419 2300 4472 porro
2332 4447 2368 4504 Β

2407 4394 2523 4448 ριον
2566 4377 2840 4448 Ἰωάννην,
2876 4380 2968 4433 τὸν
3010 4383 3286 4453 ὁμαίμονα
3332 4389 3432 4457 τῆς
3469 4386 3805 4457 ύψηλότητός
3870 4407 3976 4456 σου,

2332 4447 2376 4504 D
2406 4466 2848 4504 é-mnvei’n'sneum.
2884 4471 3031 4504 ἦτοι-’ἕρ
3079 4474 3204 4504 ..ητα
3228 4474 3617 4504 'L..---._.\-:.-
3646 4481 3790 4504 ....-;
3819 4478 3876 4504 ,λ
3904 4481 3945 4504 -:

717 4494 977 4552 dilectum
1021 4494 1186 4549 etlam
1215 4492 1439 4548 fratrem
1472 4467 1744 4559 nostrum,
1773 4502 1827 4548 et
1850 4467 2190 4564 spiritualem
2242 4498 2301 4552 tl-
2332 4467 2369 4504 υ

2332 4467 2376 4504 υ
2405 4467 2848 4535 ἐπισκεψάμενον
2884 4471 3031 4538 ἡμᾶς
3065 4474 3204 4537 ,τοὺς
3228 4474 3617 4545 ’ἁμαρτωλοὺς
3646 4481 3791 4529 κατὰ
3819 4478 3878 4531 τὸ
3902 4481 3977 4531 εἰ-

716 4582 875 4646 lium,
905 4584 1189 4639 dominum
1222 4581 1515 4646 Joannem,
1557 4585 2029 4655 consanguineum
2073 4588 2299 4643 celsitu-

2404 4558 2500 4621 κός
2531 4574 2547 4590 ’
2582 4558 2641 4611 ὃν
2666 4559 2761 4612 καὶ
2790 4562 3306 4635 παρεμυθησάμεθα
3373 4565 3599 4637 βραχέσι
3658 4568 3838 4637 λόγοις
3893 4570 3976 4623 διὰ

715 4674 862 4730 dinis
890 4686 995 4729 tua:
1022 4691 1037 4741 ;
1067 4676 1163 4746 qui
1192 4690 1294 4731 nos
1330 4686 1648 4745 peceatores
1676 4650 1986 4746 opportune
2013 4678 2293 4747 visitavit;

2398 4650 2461 4701 τὸ
2486 4650 2752 4720 μητρικδν
2781 4652 2953 4715 πάθος
2988 4670 3001 4683 ο
3044 4655 3139 4707 καὶ
3201 4660 3774 4731 συμπαρεκαλὲσαμεν
3816 4663 3974 4716 οἴσειν

716 4776 875 4831 quem
927 4770 983 4816 et
1032 4743 1223 4832 paucis
1273 4743 1459 4819 verbis
1517 4743 1785 4820 consolati
1817 4781 2011 4822 sumus
2044 4769 2112 4824 de
2140 4743 2294 4825 obitu

2398 4745 2463 4812 τῇ
2496 4743 2755 4813 ἀδελφικῇ
2810 4746 3152 4801 συνδιαθωει
3206 4747 3278 4802 τὰ
3326 4751 3468 4804 κατὰ
3517 4753 3616 4824 τὴν
3670 4753 3972 4809 θεοσέϐειαν

717 4856 909 4911 matris
946 4875 961 4909 :
993 4864 1050 4911 et
1094 4854 1336 4912 fraterna
1371 4858 1802 4927 conspiratione,
1838 4875 1946 4915 una
1979 4860 2192 4932 egimus
2228 4864 2295 4919 de
2405 4849 2517 4886 σου·

716 4947 932 5017 pietatis
954 4948 1121 5004 etiam
1154 4957 1263 5004 tua;
1292 4950 1692 5006 consolatione.

925 5059 1231 5118 CLXXVII.
1262 5091 1333 5103 —-
1365 5062 1726 5136 Euphrosyna:
1752 5067 2069 5135 preposilw.
2471 5075 2577 5128 ΡΟ]

2471 5075 2616 5128 POZ'
2648 5072 2782 5142 (69).
2812 5104 2884 5114 —
2908 5076 3274 5146 εὐφροσύνη
3307 5078 3633 5151 ﬁmum.
3669 5080 3872 5156 [ψμα’.]

1243 5177 1355 5240 Ejus
1397 5177 1512 5228 vita
1537 5181 1871 5241 sanctitatem,
1896 5193 1953 5230 ac
1981 5183 2265 5245 praeclaram
2289 5189 2579 5240 monasterii
2606 5188 3084 5241 administrationem
3116 5194 3441 5245 commendat.

791 5263 947 5318 Nunc
974 5264 1136 5318 etiam
1192 5280 1287 5334 per
1317 5266 1527 5321 litteras
1574 5266 1866 5322 invisimus
1932 5273 2293 5328 reverentiam

2475 5278 2585 5332 Kal.
2619 5278 2714 5330 ἐπὶ
2760 5277 2856 5329 τοῦ
2916 5279 3185 5350 παρόντος
3235 5279 3682 5349 ἐπισκεπτόμεθὰ
3734 5298 3830 5335 σου
3881 5283 3967 5351 τὴν

719 5370 891 5424 tuam,
932 5360 1075 5415 scire
1115 5370 1336 5416 aventes
1370 5378 1536 5432 quam
1564 5372 1883 5419 constanter
1918 5365 1971 5420 in
2003 5367 2109 5424 vita
2140 5372 2295 5440 spiri-

2400 5370 2695 5440 τιμιότητα
2742 5370 2830 5421 διὰ
2888 5369 2981 5422 τοῦ
3028 5370 3378 5441 γράμματος,
3432 5372 3744 5444 γλιχόμενοι
3792 5375 3966 5445 μαθεῖν

719 5454 849 5509 tuali
885 5454 987 5509 rite
1028 5453 1247 5509 ferenda
1301 5472 1630 5527 perseveres.
1670 5458 1885 5513 Etenim
1924 5470 1985 5515 ut
2033 5462 2134 5517 hoc
2168 5480 2296 5535 aga-

2397 5462 2548 5526 ὅπως
2579 5462 2746 5531 ὑγιῶς
2789 5462 2997 5515 διατελι.
3026 5479 3055 5533 η
3090 5462 3323 5536 φέρουσα
3356 5464 3575 5535 ὠαγῶς
3609 5466 3707 5538 τὴν
3736 5484 3963 5543 πνευμαο

2958 5590 2987 5605 θ

788 5630 833 5661 ⁸⁸
858 5630 963 5687 Job
1001 5646 1042 5696 ι.
1068 5631 1161 5685 21.
1255 5633 1300 5665 ’⁸
1338 5631 1355 5684 l
1392 5633 1521 5691 Cor.
1552 5653 1608 5705 κ,
1640 5638 1726 5692 15.
1800 5638 1846 5671 ⁸⁸
1876 5638 1992 5695 Jac.
2029 5656 2101 5707 iv,
2141 5640 2226 5695 H.
2302 5641 2347 5672 ⁸⁷
2375 5640 2440 5696 ϐε

1338 5631 1355 5684 l
1392 5633 1521 5691 Cor.
1552 5653 1608 5705 κ,
1640 5638 1726 5692 15.
1800 5638 1846 5671 ⁸⁸
1876 5638 1992 5695 Jac.
2029 5656 2101 5707 iv,
2141 5640 2226 5695 H.
2302 5641 2347 5672 ⁸⁷
2375 5640 2511 5696 Gen.
2546 5658 2659 5711 ut,
2685 5640 2845 5697 7sec.
2880 5640 2968 5696 LX

2239 5774 2469 5833 ΝΟΤΛΕ.

790 5883 903 5957 (69)
937 5883 992 5938 In
1015 5884 1137 5949 cod,
1172 5882 1301 5955 ileg.
1340 5884 1466 5959 ροϐε
