4184 6520
185 460 217 520 1
231 461 350 522 549

1415 453 1951 515 EPISTOLARUM
2007 454 2158 514 LIB.
2197 453 2279 510 II.

3335 450 3468 514 1550

173 571 368 640 τικὴν
390 566 558 638 ζωήν.
595 565 706 620 Καὶ
733 567 842 638 γὰρ
877 565 1038 636 ἔργον
1072 565 1203 636 ἡμῖν
1232 563 1581 635 ὀφειλόμενον
1631 562 1790 616 τοῦτο

1915 575 2040 625 nus,
2069 560 2228 618 ofﬁcii
2259 570 2344 615 est
2373 560 2546 615 nostri
2577 579 2590 614 :
2619 570 2890 631 quatenus
2923 569 2981 616 tu
3026 563 3254 631 teipsam
3292 562 3470 616 humi-

185 663 390 716 ποιεῖν
413 677 428 691 ο
460 659 710 730 καθάπερ
735 659 830 712 καὶ
866 657 1008 728 αῦτη
1036 655 1536 727 προσανατέθεικας
1593 654 1794 726 ἑαυτὴν

185 757 272 825 τῇ
306 750 640 808 ταπεινώσει
667 750 844 821 ήμῶν,
880 749 976 801 ἀπ’
1007 748 1178 816 αὐτῆς
1219 749 1318 818 τῆς
1351 747 1626 820 μακαρίας
1687 765 1792 816 μη-

183 842 340 913 τρός
373 858 467 895 σου
499 857 512 871 ο
547 834 614 910 ἦς
648 840 708 892 τὸ
743 839 1083 909 μνημόσυνον
1109 840 1168 890 ὲν
1201 837 1367 908 βίϐλῳ
1423 835 1666 902 ζώντων·
1695 853 1792 888 κα-

184 932 318 995 λῶς
353 930 651 1002 βιωσάσης,
683 930 775 983 κα)⁵
805 927 1134 1004 χαρακτῆρα
1165 927 1447 990 εὐσεϐείας
1479 927 1570 979 τὸν
1595 925 1795 994 ἑαυτῆς

191 1024 330 1096 βίον
362 1022 786 1092 καταλιπούσης,
821 1021 883 1074 οὐ
921 1020 1086 1091 μόνον
1114 1037 1195 1073 σοι
1229 1023 1296 1091 τῇ
1338 1022 1462 1091 ἱερᾷ
1514 1018 1609 1073 καὶ
1673 1017 1792 1072 θεόο

188 1131 397 1188 φρονι,
431 1115 550 1176 ταῖς
581 1130 635 1166 τε
676 1113 779 1165 ὑπὸ
806 1113 985 1182 χεῖρα,
1044 1109 1180 1164 ἀλλά
1228 1111 1322 1163 καὶ
1379 1112 1546 1163 πᾶσιν
1593 1109 1795 1176 ἄλλοις,

189 1201 292 1271 οἷς
325 1208 443 1259 ἔστι
475 1205 640 1268 πόθος
669 1204 864 1274 ζηλοῦν
893 1207 962 1256 τά
1009 1203 1168 1257 καλά.
1203 1203 1276 1255 Τὸ
1313 1203 1445 1270 γοῦν
1493 1203 1797 1273 ὑπόδειγμα

189 1301 312 1369 τῆς
345 1299 544 1369 ἀρετῆς
574 1298 843 1368 μητρόθεν
875 1296 1093 1366 ἔχουσα,
1128 1295 1363 1366 πρόσθες
1386 1297 1482 1348 καὶ
1531 1296 1602 1348 τά
1654 1295 1798 1349 κατὰ

195 1392 421 1456 σαυτὴν
444 1390 546 1453 ἔτι,
573 1390 760 1461 κυρία,
782 1388 1229 1459 παρακαλοῦμενσ
1255 1389 1314 1456 ἐξ
1337 1389 1544 1452 εἰκόνος
1569 1387 1798 1459 ἀρίστης

197 1482 384 1536 εἰκὼν
405 1482 666 1552 γινομένη
691 1481 787 1535 καὶ
818 1483 958 1554 αὑτὴ
983 1482 1168 1535 ὲνθέου
1200 1480 1316 1550 βίου
1345 1484 1458 1544 τοῖς
1489 1479 1659 1550 ὁρῶσί
1712 1496 1791 1544 σε,

199 1573 410 1646 ὥσπερ
465 1576 560 1626 καὶ
584 1573 778 1642 γίνοιο.
848 1575 957 1626 Καὶ
983 1573 1092 1644 γὰρ
1121 1572 1394 1642 ἀκούομεν
1446 1572 1526 1625 ἔτι
1571 1571 1665 1626 καὶ
1717 1571 1798 1624 ἔτι

203 1669 284 1720 τὰ
353 1665 493 1720 καλά
551 1682 610 1718 σε
641 1666 988 1736 πράττουσαν
1019 1685 1035 1699 ο
1082 1663 1242 1718 τοῦτο
1267 1666 1365 1735 μὲν
1399 1667 1458 1719 ὲν
1519 1667 1586 1736 τῇ
1621 1663 1798 1735 καθη-

203 1759 381 1829 γήσει
411 1757 518 1810 τῶν
551 1757 818 1826 ἀδελφῶν,
859 1759 958 1828 μιᾷ
995 1756 1140 1827 ψυχῇ
1168 1757 1530 1827 ἀγαπητικῶς
1560 1758 1660 1820 τάς
1702 1757 1801 1810 πάο

208 1867 320 1912 σας
343 1849 691 1920 συνέχουσαν,
709 1851 1092 1921 γρηγοροῦσαν
1121 1850 1189 1900 τὰ
1213 1849 1347 1920 πρὸς
1367 1849 1519 1915 Θεὸν,
1550 1850 1607 1902 ὲν
1633 1866 1802 1920 προσ-

210 1945 432 2012 ευχαῖς,
467 1945 523 1995 ἐν
555 1941 917 2012 ψαλμῳδίαις,
971 1943 1028 1994 ὲν
1092 1940 1430 2008 ἀναγνώσεσι
1466 1959 1482 1974 ·

210 2035 318 2086 καὶ
351 2034 408 2086 ἐν
443 2033 754 2104 φιλαδέλφῳ
819 2032 1096 2103 ξενοδοχίᾳ
1145 2033 1501 2104 πολυτρόπως
1555 2035 1807 2104 διαμερι-

212 2126 460 2197 ζομένην
505 2128 626 2189 ταῖς
667 2125 983 2197 φροντίσεσί
1012 2144 1072 2179 τε
1105 2127 1200 2180 καὶ
1225 2127 1498 2180 ὲπιδόσεσι
1525 2145 1538 2157 ·
1571 2127 1664 2181 καὶ
1696 2122 1806 2182 οἷόν

211 2235 306 2282 τις
330 2217 606 2289 ὀφθαλμὸς
632 2221 690 2271 ὲν
722 2216 956 2288 σώματι,
981 2216 1140 2272 τοῦτο
1188 2221 1246 2272 ὲν
1272 2221 1337 2288 τῇ
1375 2217 1682 2284 Βυζαντίδι,
1732 2219 1808 2284 ώς

213 2309 496 2372 κατανοῶ,
527 2309 586 2362 τὸ
609 2309 700 2363 σὸν
722 2311 1086 2382 μοναστήριον
1106 2327 1120 2342 ο
1145 2310 1212 2364 δι’
1246 2305 1307 2364 οῦ
1339 2309 1622 2375 δοξάζεται
1651 2311 1805 2377 Θεὸς,

217 2401 319 2456 καὶ
353 2401 538 2472 ἥδεται
593 2402 849 2473 ἀρρήτως
900 2403 934 2473 ή
972 2402 1220 2473 μακαρία
1280 2403 1463 2474 μήτηρ
1498 2419 1514 2434 ·
1577 2404 1807 2471 ἐπείπερ

216 2491 488 2560 ἠξίωνται
522 2492 572 2545 οἱ
611 2493 758 2559 ᾰγιοι
785 2491 1006 2562 βλέπειν
1062 2493 1172 2547 τῶν
1227 2495 1374 2563 σφῶν
1429 2493 1687 2563 μαθητῶν
1741 2495 1809 2546 τά

220 2582 654 2654 κατορθώματα.
687 2583 917 2654 Χαίροις
969 2583 1083 2646 οὖν,
1115 2585 1293 2654 ἀγαθὴ
1347 2583 1656 2648 διδάσκαλε,
1717 2585 1811 2636 καὶ

224 2674 414 2743 μήτηρ
437 2673 802 2743 γνησιεύουσα
822 2674 930 2727 τῶν
958 2675 1099 2728 κατά
1129 2675 1262 2728 Θεὸν
1292 2676 1501 2728 τέκνων
1526 2693 1540 2704 ·
1573 2675 1670 2728 mi.
1704 2676 1800 2729 ἀλ-

221 2765 308 2818 λοι
347 2764 447 2834 μὲν
480 2765 758 2835 ἐχέτωσαν
788 2767 947 2833 δόξας
975 2767 1170 2836 γηῒνας
1231 2768 1329 2820 καὶ
1393 2767 1808 2838 λαμπρότητας,

221 2855 539 2927 διαδήματά
597 2875 656 2910 τε
701 2857 795 2910 καὶ
847 2856 1252 2927 στεφανώματα
1309 2857 1664 2928 πρόσκαιρα⁶
1728 2857 1812 2910 σοὶ

223 2951 283 3004 δὲ
345 2954 570 3025 ἀρκέσει
593 2954 622 3006 6
653 2953 886 3025 σταυρὸς
911 2953 1173 3024 Χριστοῦ,
1200 2955 1228 3006 6
1258 2951 1553 3023 θεόληπτος
1589 2953 1720 3024 βίος,
1783 2956 1812 3006 6

225 3045 655 3116 χριστοπόθητος
681 3045 990 3118 παρθενών,
1032 3047 1080 3099 εί
1111 3047 1166 3099 δὲ
1200 3046 1402 3117 βούλει,
1426 3048 1494 3101 τὰ
1521 3048 1661 3117 ὑπὲρ
1683 3064 1814 3117 χρυ-

229 3137 343 3190 σίον
366 3138 463 3190 καὶ
493 3137 667 3192 λίθον-
692 3137 878 3208 τίμιον
906 3138 1318 3211 τιμαλφέστερα
1344 3137 1500 3208 λόγια
1522 3140 1615 3191 τού
1633 3137 1768 3190 Θεοῦ
1794 3153 1808 3168 ο

231 3228 295 3282 τὸ
321 3229 480 3296 φαιὸν
512 3231 747 3301 ίμάτιον,
779 3231 813 3302 ή
851 3230 1211 3301 ἀκολούθησις
1238 3231 1330 3285 τοῦ
1381 3231 1620 3302 Χριστοῦ
1647 3247 1660 3260 ·
1695 3230 1811 3284 6m-

1895 653 2036 709 litati
2063 664 2266 710 nostrae
2292 653 2617 709 commisisti
2675 663 2800 724 post
2820 654 3030 709 obitum
3057 655 3231 709 beatae
3283 658 3475 710 matris

1893 757 2000 801 tute
2026 764 2040 813 ;
2067 747 2228 815 cujus
2255 745 2516 800 memoria
2542 745 2597 799 in
2628 745 2925 800 viventium
2960 745 3103 799 libro
3128 754 3232 808 est,
3265 753 3326 798 ut
3355 760 3478 816 qua:

1895 851 2090 895 sancte
2126 840 2301 894 vixit:
2327 840 2652 909 pietatisque
2682 838 2938 904 formam,
2971 855 3129 895 suam
3169 839 3343 909 ipsius
3393 841 3478 892 vi-

1897 941 2004 986 tam
2043 933 2283 1003 reliquit,
2314 948 2423 988 non
2473 931 2651 997 solum
2681 931 2798 995 tibi,
2847 947 2969 1001 quae
3002 947 3158 987 sacra
3189 947 3270 994 es,
3299 941 3353 986 et
3393 931 3482 986 di-

1895 1027 2023 1080 vina
2076 1028 2244 1096 sapis,
2295 1036 2349 1080 ct
2387 1026 2453 1080 iis
2493 1040 2615 1095 qua:
2660 1025 2761 1080 sub
2792 1041 2958 1080 manu
2989 1035 3079 1080 tua
3121 1033 3251 1080 sunt
3277 1023 3482 1080 sorori-

1895 1117 2022 1181 bus,
2077 1121 2169 1172 sed
2201 1118 2325 1172 aliis
2379 1118 2542 1172 etiam
2600 1116 2996 1187 omnibus,qui
3032 1127 3180 1172 recta
3234 1116 3481 1172 aemulari

1897 1211 2226 1266 desiderant.
2269 1210 2403 1265 Cum
2460 1226 2590 1282 ergo
2631 1209 2846 1265 virtutis
2895 1210 3205 1280 exemplum
3244 1225 3274 1263 a
3311 1221 3485 1264 matre

1899 1302 2123 1365 habeas,
2154 1303 2328 1372 adjice
2374 1303 2598 1372 insuper
2627 1319 2748 1372 qua:
2775 1314 2865 1356 tua
2902 1313 3054 1368 sunt,
3087 1301 3333 1366 domina,
3380 1301 3483 1356 ob-

1899 1408 2165 1453 testamur
2198 1438 2213 1461 ,
2252 1407 2308 1452 ut
2352 1413 2418 1452 ex
2457 1397 2662 1464 optima
2700 1397 2934 1467 imagine
2961 1396 3143 1466 imago
3175 1406 3229 1451 et
3264 1397 3380 1466 ipsa
3409 1395 3490 1451 di-

1900 1491 2042 1543 vina:
2100 1489 2222 1543 vita:
2275 1491 2355 1544 sis
2390 1490 2760 1555 intuentibus,
2797 1489 3263 1559 quemadmodum
3300 1503 3488 1543 revera

1902 1582 2086 1636 futura
2118 1597 2196 1636 es.
2234 1583 2411 1636 Audio
2454 1583 2600 1637 enim
2625 1583 2789 1636 etiam
2815 1591 2981 1651 atque
3018 1581 3182 1636 etiam
3224 1580 3488 1651 prmclara

1902 1691 2028 1744 qua:
2055 1675 2225 1745 geris,
2249 1677 2448 1744 partim
2469 1676 2613 1728 circa
2647 1674 3032 1743 praefecturam
3064 1691 3339 1740 sororum,
3363 1690 3490 1729 cun.

1902 1780 2020 1824 ctas
2051 1770 2104 1823 in
2130 1769 2314 1824 anima
2337 1784 2441 1822 una
2462 1783 2558 1838 per
2575 1767 2897 1822 charitatem
2922 1777 3233 1831 continens,
3259 1767 3496 1838 vigilans

1904 1866 1962 1915 in
2016 1861 2085 1915 iis
2125 1877 2248 1930 quae
2304 1861 2370 1914 ad
2401 1857 2571 1914 Deum
2625 1869 2894 1928 spectant,
2940 1860 2993 1914 in
3039 1859 3404 1921 orationibus,
3437 1860 3490 1911 in

1540 1942 1696 1996 τοῦτο
1741 1943 1798 1995 δὲ
1833 1941 1876 1996 Β
1908 1949 2253 2021 psalmodiis,
2279 1949 2333 2003 in
2361 1949 2691 2004 lectionibus
2729 1968 2741 2004 :
2780 1950 2980 2019 partim
3012 1960 3066 2004 et
3105 1949 3159 2002 in
3188 1949 3367 2003 amica
3392 1947 3491 2003 ho.

1907 2040 2110 2108 spitutn
2147 2053 2402 2092 sororum
2437 2037 2772 2106 receptione,
2806 2036 3051 2091 animum
3096 2037 3152 2090 in
3181 2050 3345 2090 curas
3387 2034 3492 2092 lar-

1909 2130 2253 2201 gitionesque
2291 2128 2538 2184 dividens
2569 2149 2582 2184 :
2615 2128 2872 2198 quodque
2927 2129 3121 2183 oculus
3160 2139 3243 2182 est
3282 2128 3335 2181 in
3366 2140 3491 2181 cor-

1908 2237 2062 2292 pore,
2096 2221 2198 2276 hoc
2223 2222 2277 2276 in
2308 2220 2610 2293 Byzantina
2635 2221 2792 2286 urbe,
2829 2231 2890 2276 ut
2919 2220 3186 2290 intelligo,
3219 2227 3497 2273 monaste-

1910 2315 2055 2369 rium
2119 2324 2273 2369 tuum
2323 2314 2533 2384 :cujus
2599 2315 2769 2384 gratia
2828 2313 3163 2385 gloriﬁcatur
3237 2310 3401 2375 Deus,
3442 2320 3496 2364 ct

1909 2407 2069 2462 beata
2123 2415 2297 2460 mater
2350 2407 2565 2462 laztatur
2601 2421 2762 2476 supra
2791 2421 2954 2476 quam
2981 2405 3089 2459 dici
3129 2413 3309 2475 potest
3343 2421 3356 2457 :
3388 2403 3494 2458 hoc

1909 2499 2054 2554 enim
2096 2497 2276 2552 meriti
2330 2506 2458 2552 sunt
2502 2498 2704 2563 sancti,
2735 2507 2792 2550 ut
2831 2495 3228 2566 discipulorum
3265 2508 3492 2550 suorum

1910 2601 2059 2645 recte
2106 2589 2247 2643 facta
2299 2587 2537 2642 videant.
2575 2587 2764 2642 Gaude
2805 2588 2991 2656 igitur,
3021 2586 3161 2640 bona
3212 2584 3493 2653 magistra,

1910 2692 1966 2736 et
2019 2697 2145 2736 vera
2182 2691 2357 2736 mater
2406 2682 2707 2736 secundum
2758 2679 2968 2734 Deum:
3001 2679 3218 2748 sibique
3261 2677 3498 2731 habeant

1911 2775 2003 2828 alii
2030 2775 2326 2844 dignitates
2387 2783 2635 2828 terrenas
2678 2781 2732 2826 et
2765 2772 3068 2833 claritates,
3103 2769 3412 2823 diademata
3445 2779 3498 2821 et

1913 2865 2094 2918 brevis
2125 2865 2386 2934 temporis
2412 2879 2686 2929 coronas;
2729 2863 2825 2914 tibi
2872 2879 3001 2917 vero
3049 2863 3186 2916 satis
3215 2861 3320 2916 erit
3361 2873 3497 2914 crux

1912 2953 2137 3015 Christi,
2165 2955 2274 3006 vita
2307 2953 2418 3007 Deo
2460 2964 2701 3022 accepta,
2728 2951 2949 3006 ChriSto
2990 2952 3155 3005 chara
3220 2953 3496 3021 virginum

1911 3048 2130 3114 domus,
2167 3063 2252 3114 ac,
2285 3050 2331 3104 si
2359 3049 2521 3102 modo
2567 3049 2672 3114 vis,
2696 3047 3076 3102 desiderabilia
3110 3062 3273 3116 super
3303 3061 3500 3099 aurum

1912 3149 1967 3194 et
2018 3139 2250 3209 lapidem
2285 3139 2610 3208 pretiosum,
2660 3137 2878 3206 eloquia
2945 3136 3036 3189 Dei
3069 3153 3082 3188 :
3115 3135 3261 3205 pulla
3308 3133 3498 3196 vestis.

1913 3231 2249 3288 consectatio
2298 3231 2497 3285 Christi
2532 3248 2547 3285 :
2583 3246 2705 3299 qua:
2758 3229 2979 3298 quidem
3036 3227 3265 3282 terrenis
3322 3228 3504 3281 omni-

226 3321 295 3376 νά
326 3289 444 3375 ἐστι
475 3289 647 3393 μείζω
681 3289 901 3379 πάντων
925 3324 1033 3378 τῶν
1080 3289 1361 3393 ἐπιγείων,
1403 3289 1498 3379 καὶ
1553 3323 1807 3396 ἀρῤαϐωο

1916 3324 2020 3379 bus
2055 3323 2219 3378 bonis
2261 3323 2473 3392 potiora
2505 3333 2656 3386 sunt,
2689 3330 2742 3374 et
2769 3321 2995 3391 pignora
3030 3322 3181 3390 regni
3232 3319 3499 3373 caelestis.

228 3415 464 3485 νίσματα
504 3416 604 3486 τῆς
630 3415 908 3486 βασιλείας
928 3417 1037 3469 τῶν
1069 3416 1334 3485 οὐρανῶν.
1358 3461 1369 3470 .

297 3507 391 3577 Μή
419 3523 502 3560 σοι
532 3506 718 3562 λοιπόν
739 3525 870 3562 ποτε
899 3509 1136 3582 νυστάξῃ
1156 3509 1214 3562 τὸ
1243 3509 1395 3579 ὄμμα
1421 3510 1520 3578 τῆς
1551 3508 1814 3573 διανοίας,

237 3601 374 3670 μηδὲ
407 3601 441 3671 ή
487 3600 626 3670 ἀκοὴ
669 3601 769 3672 τῆς
797 3601 1025 3671 καρδίας
1053 3603 1435 3672 ἀνακουστήσῃ
1457 3618 1470 3632 ’
1506 3601 1642 3671 μηδὲ
1681 3598 1816 3669 λήξῃ

234 3692 325 3743 σού
358 3708 489 3744 ποτε
531 3693 559 3743 ό
580 3690 722 3754 θεῖος
753 3690 894 3762 ἔρως
927 3708 940 3721 °
1001 3692 1143 3745 ἀλλὰ
1166 3693 1273 3765 γάρ
1326 3693 1420 3745 καὶ
1476 3691 1817 3763 προσθήκαις

231 3781 443 3850 ἀρετῶν
477 3781 563 3835 ἀεὶ
608 3781 894 3848 ὲπαύξαιο,
929 3781 1202 3836 νύσσουσα
1256 3785 1351 3836 καὶ
1406 3783 1818 3836 κατανύσσουσα

231 3873 329 3942 τήν
353 3874 553 3944 ψυχήν,
587 3875 680 3928 καὶ
705 3873 895 3944 ῶσπερ
922 3874 985 3928 ἐκ
1011 3893 1158 3938 τινος
1176 3875 1362 3946 πηγῆς
1397 3875 1705 3945 προχέουσα
1727 3875 1813 3928 δά-

235 3979 421 4032 κρυον.
459 3964 638 4017 Καλὸν
675 3966 783 4036 γάρ
808 3967 953 4019 ἐστιν
986 3968 1068 4021 ὅτι
1104 3965 1342 4036 μάλιστα
1368 3963 1429 4018 τὸ
1471 3965 1615 4036 ὕδωρ
1639 3964 1816 4017 τοῦτο·

235 4055 488 4125 καθαίρει
518 4056 718 4128 ψυχὴν,
751 4057 863 4111 ἐσθ’
890 4059 978 4111 ὅτε
1017 4059 1369 4131 ρυπουμένην
1396 4060 1454 4110 ὲν
1510 4057 1817 4128 λογισμοῖς’

237 4145 490 4199 σϐέννυσι
529 4147 640 4217 πῦρ
689 4147 750 4212 ἐξ
780 4150 1111 4218 ἀπροσεξίας
1145 4150 1521 4221 ἀναπτόμενον
1554 4151 1658 4202 ὑπὸ
1683 4150 1821 4219 ἕρω·

235 4253 325 4300 τος
356 4237 558 4307 σαρκός
577 4253 591 4268 ·
627 4236 953 4303 κατευνάζει
981 4243 1270 4312 ταραχώδη
1307 4243 1550 4296 διάθεσιν
1579 4242 1672 4294 καὶ
1697 4242 1824 4296 δυσ-

241 4327 434 4400 μενοῦς
467 4328 775 4401 προσϐολῆς
801 4349 814 4364 ·
857 4331 1098 4401 κάμπτει
1117 4333 1194 4403 τῷ
1221 4335 1334 4386 όντι
1361 4335 1494 4387 Θεὸν
1537 4336 1617 4395 είς
1653 4333 1821 4386 ἔλεονο

244 4423 334 4474 καί
367 4422 552 4491 ἵστησι
582 4422 744 4475 πάλιν
799 4424 893 4476 ἐπὶ
923 4424 1024 4493 τῆς
1059 4429 1330 4498 προτέρας
1358 4428 1709 4497 γνησιότητος
1737 4427 1827 4480 τὸν

241 4515 500 4583 ἐραστήν.
539 4513 687 4584 Σοφὴ
723 4509 882 4580 οὖσα,
913 4518 1022 4569 νόει
1054 4517 1090 4570 ἀ
1119 4517 1283 4586 λέγω.
1339 4508 1537 4570 Δίδωσι
1593 4519 1698 4587 γάρ
1746 4533 1827 4568 σοι

1989 3501 2254 3554 Caeterum
2303 3513 2586 3568 nunquam
2623 3497 2717 3550 tibi
2747 3497 3010 3552 dormitet
3049 3498 3246 3552 oculus
3280 3499 3500 3562 mentis,

1919 3608 2096 3662 neque
2147 3594 2296 3646 auris
2352 3593 2534 3646 cordis
2585 3591 2965 3655 obsurdescat,
3023 3607 3200 3661 neque
3260 3607 3500 3659 unquam

1921 3695 2098 3739 cesset
2145 3684 2364 3738 divinus
2397 3698 2551 3738 amor
2583 3693 2708 3738 tuus
2744 3699 2760 3748 ;
2800 3686 2894 3738 sed
2948 3683 3298 3738 incrementis
3331 3684 3504 3737 virtu-

1921 3787 2037 3832 tum
2103 3793 2321 3847 semper
2377 3776 2654 3846 augearis,
2713 3792 2964 3846 pungens
3025 3785 3080 3830 et
3132 3775 3521 3846 compungens'

1921 3873 2181 3937 animam,
2219 3880 2274 3926 et
2324 3879 2586 3938 tanquam
2626 3884 2693 3922 ex
2747 3868 2894 3922 fonte
2945 3869 3182 3937 quodam
3235 3869 3508 3940 lacrymas

1921 3965 2227 4020 effundens.
2288 3962 2520 4017 Pulchra
2573 3962 2719 4015 enim
2754 3977 2836 4015 εει
2892 3977 3056 4030 quam
3103 3959 3341 4013 maxime
3392 3958 3509 4012 ha-c

1923 4072 2086 4125 aqua,
2133 4065 2188 4108 et
2230 4055 2469 4108 animam
2519 4051 2942 4120 cogitationibus
2975 4049 3245 4105 interdum
3280 4048 3510 4104 sorden-

1924 4161 2030 4204 tem
2055 4148 2188 4201 eluit
2218 4163 2232 4211 ;
2272 4149 2447 4215 ignem
2486 4145 2807 4215 exstinguit,
2836 4145 2928 4214 qui
2959 4159 3022 4199 ex
3053 4143 3381 4212 negligentia
3412 4157 3511 4211 per

1926 4241 2110 4295 carnis
2156 4253 2399 4292 amorem
2437 4238 2789 4302 accenditur;
2825 4237 2977 4292 sedat
3009 4235 3378 4290 turbulentam
3421 4231 3510 4288 af-

1931 4329 2221 4383 feCtionem
2274 4330 2343 4381 ab
2399 4326 2556 4381 hoste
2638 4327 2894 4395 injectam
2941 4344 2954 4380 :
3001 4325 3230 4379 inﬂectit
3281 4339 3512 4393 prorsus

1929 4421 2095 4476 Deum
2125 4421 2192 4475 ad
2232 4419 2705 4476 misericordiam:
2742 4429 2796 4473 et
2827 4421 2881 4474 in
2929 4419 3167 4488 pristina
3198 4419 3513 4473 sinceritate

1929 4528 2122 4568 rursus
2151 4512 2450 4567 constituet
2479 4521 2803 4566 amatorem.
2850 4512 3084 4580 Sapiens
3145 4525 3268 4564 cum
3295 4510 3394 4575 sis,
3425 4511 3512 4565 in-

243 4603 442 4674 Κύριος
491 4605 672 4676 χάριν,
722 4607 816 4658 καὶ
856 4606 1047 4661 δώσειέ
1086 4626 1172 4662 σοι
1229 4611 1331 4671 ἔτι,
1378 4613 1456 4671 είς
1478 4611 1538 4662 τὸ
1583 4611 1812 4680 στέργειη

1934 4607 2112 4676 tellige
2140 4606 2283 4675 quod
2317 4605 2461 4660 dico.
2510 4605 2608 4658 Dat
2633 4606 2779 4658 enim
2835 4605 2931 4658 tibi
2963 4602 3226 4659 Dominus
3257 4605 3509 4674 gratiam,

243 4701 400 4752 αὑτὸν
473 4702 566 4754 καὶ
639 4702 1116 4774 ἀντιστὲργεσθαι,
1196 4708 1384 4758 ποθεῖν
1441 4707 1534 4760 καὶ
1586 4708 1820 4760 ἀντιπο-

245 4791 489 4844 θεῖσθαι·
546 4792 622 4857 ώς
687 4794 754 4847 ἂν
805 4795 919 4861 ἕξει
976 4799 1072 4850 καὶ
1133 4797 1218 4850 σοὶ
1289 4799 1465 4851 εἰπεῖν
1517 4798 1656 4868 μετά
1728 4797 1822 4850 τοῦ

255 4881 576 4934 ’Δποστόλου
609 4899 624 4913 ⁸
661 4883 752 4936 Ζῶ
781 4885 870 4951 δὲ,
905 4887 1107 4941 οὐκέτι
1147 4889 1282 4957 ἐγὼ,
1312 4889 1385 4957 ζῆ
1445 4889 1512 4942 δὲ
1570 4890 1642 4942 ἐν
1699 4887 1829 4957 ἐμοὶ

246 4973 513 5040 Χριστός.
546 4975 656 5028 Καὶ
710 4979 820 5049 γὰρ
848 4981 877 5031 6
938 4981 1169 5048 ἀγαπῶν
1209 4983 1512 5054 ὁλοσχερῶς
1567 4983 1658 5035 τὸν
1699 4982 1830 5034 Θεὸν

248 5064 516 5130 ἐξίσταται
561 5067 777 5131 ἑαυτοῦ,
822 5072 880 5123 ὲν
929 5073 1007 5141 τῷ
1033 5075 1387 5144 ἀγαπωμένῳ
1435 5077 1528 5128 καὶ
1564 5076 1698 5140 ζῶν.
1739 5076 1832 5128 καὶ

247 5157 560 5226 κινούμενος
615 5162 708 5213 καὶ
751 5160 848 5215 ῶν.
893 5164 1161 5234 Τοιαύτην
1214 5183 1272 5218 σε
1321 5167 1350 5218 6
1392 5168 1548 5236 λόγος
1589 5169 1836 5236 ἐπιζητεῖ

249 5249 338 5318 τὴν
387 5249 626 5317 Νύμφην
656 5253 749 5304 τοῦ
806 5255 1076 5324 Χριστοῦ,
1109 5258 1271 5324 καίγε
1342 5260 1442 5322 τάς
1483 5259 1587 5311 ὑπὸ
1651 5261 1710 5312 σὲ
1741 5259 1832 5312 θυ⁹

250 5345 482 5414 γατέρας
513 5343 672 5399 Θεοῦ.
701 5346 812 5399 Καὶ
842 5346 894 5398 τί
933 5347 995 5398 τὸ
1023 5348 1304 5411 ἐντεῦθενς
1333 5351 1360 5400 6
1395 5349 1645 5418 Νυμφίος
1694 5350 1829 5418 Χρι-

254 5436 370 5499 στὸς
391 5436 420 5488 ό
448 5437 772 5505 ἐπουράνιος
803 5437 1056 5509 νυμφὼν,
1075 5441 1169 5492 καὶ
1188 5441 1255 5492 τὰ
1277 5440 1458 5507 ἀγαθά
1479 5441 1576 5509 τῆς
1603 5441 1713 5494 ἀνω
1737 5440 1831 5492 Ἰε-

259 5527 768 5599 ρουσαλὴμο,αῦτηὴ
804 5529 1056 5599 βασιλεία
1109 5531 1219 5584 τῶν
1269 5533 1517 5602 οὐρανῶν
1563 5535 1656 5585 καὶ
1731 5532 1832 5586 ὅσα

255 5617 583 5686 ἐπήγγελται
602 5620 983 5674 ἁναπαυστικά
1002 5625 1112 5686 τοῖς
1139 5623 1334 5690 ἀγίοις·
1355 5624 1390 5677 ἀ
1406 5625 1658 5694 φθάσασα
1675 5625 1706 5692 ἡ
1729 5641 1834 5692 μα-

257 5707 416 5776 καρία
449 5710 650 5779 μήτηρ,
687 5713 996 5781 παρακαλεί
1011 5716 1291 5785 ἐπιμένειν
1317 5718 1460 5787 ὑμᾶς
1487 5720 1543 5770 ἐν
1571 5721 1636 5788 τῇ
1660 5719 1834 5785 ἀσκή-

259 5813 353 5858 σει,
391 5800 449 5851 ἐν
478 5801 544 5870 τῇ
592 5801 834 5872 ὁμονοία,
870 5805 928 5859 ἐν
961 5809 1026 5878 τῇ
1061 5809 1378 5881 συμψυχίᾳο
1419 5813 1608 5863 πατεῖν
1635 5808 1702 5862 τὰ
1727 5809 1832 5862 πά-

347 5912 390 5944 “
431 5911 612 5968 Gulat.
651 5931 717 5984 tt,
747 5915 838 5972 22.

1929 4710 2092 4769 atque
2149 4698 2356 4752 utinam
2404 4698 2495 4752 det
2539 4713 2729 4767 porro,
2783 4706 2843 4749 ut
2893 4696 3071 4766 ipsum
3109 4711 3260 4752 ames
3292 4706 3346 4750 et
3388 4697 3513 4750 red-

1931 4791 2154 4855 ameris,
2173 4790 2448 4845 desideres
2469 4798 2522 4843 et
2544 4796 2736 4842 mutuo
2753 4787 3079 4843 desidereris
3100 4804 3116 4843 :
3136 4787 3302 4842 uttibi
3331 4787 3514 4841 dicere

1934 4886 2093 4938 liceat
2145 4899 2269 4937 cum
2328 4881 2634 4952 Apostolo:
2682 4879 2802 4933 Vivo
2842 4890 3043 4942 autent,
3091 4880 3213 4948 jam
3262 4897 3364 4933 non
3396 4895 3512 4949 ego,

1936 4980 2058 5032 vivit
2078 4994 2195 5031 vero
2222 4980 2274 5030 in
2307 4994 2387 5030 me
2411 4975 2652 5030 Christus
2675 4975 2742 5027 ⁸⁸.
2775 4974 2986 5028 Etenim
3010 4974 3102 5043 qui
3127 4974 3344 5042 penitus
3369 4984 3518 5026 amat

1932 5071 2124 5133 Deum,
2159 5070 2271 5124 exit
2317 5070 2384 5124 de
2406 5070 2609 5138 seipso,
2642 5078 2693 5120 et
2729 5067 2780 5120 in
2810 5077 2991 5120 amato
3020 5066 3155 5119 vivit
3191 5075 3243 5119 et
3269 5075 3518 5119 movetur

1930 5175 1984 5216 et
2021 5162 2254 5216 exsistit.
2293 5160 2477 5214 Talem
2517 5168 2570 5212 te
2614 5174 2738 5213 esse
2767 5158 3010 5226 postulat
3067 5158 3225 5220 ratio,
3258 5173 3515 5226 sponsam

1930 5253 2158 5317 Christi,
2207 5253 2484 5320 simulque
2523 5251 2621 5304 tibi
2656 5251 2982 5304 commissas
3013 5249 3104 5304 Dei
3159 5251 3315 5304 tilias.
3375 5251 3514 5316 Quid

1937 5345 2061 5399 inde
2091 5354 2271 5397 autem
2300 5343 2322 5394 ?
2363 5342 2613 5411 Sponsus
2647 5342 2918 5406 Christus,
2950 5342 3192 5396 cmlestis
3219 5341 3515 5404 thalamus,

1936 5446 1990 5490 et
2029 5436 2170 5489 bona
2210 5449 2460 5503 superna:
2482 5432 2807 5498 Jerusalem,
2840 5433 2941 5487 hoc
2973 5444 3075 5499 est,
3101 5450 3324 5501 regnum
3352 5435 3520 5489 cmlo-

1941 5546 2083 5595 rum,
2119 5541 2172 5582 et
2232 5544 2594 5598 quaecumque
2631 5529 2834 5581 sanctis
2869 5527 2936 5582 ad
2965 5529 3201 5596 quietem
3244 5527 3518 5596 promissa

1940 5632 2102 5687 sunt;
2145 5637 2266 5691 qum
2297 5619 2555 5688 cumjam
2594 5619 2785 5687 adepta
2813 5621 2884 5674 sit
2908 5620 3064 5674 beata
3097 5630 3292 5686 mater,
3333 5621 3517 5673 horta-

1933 5725 2021 5768 tur
2063 5730 2162 5768 nos
2224 5713 2365 5766 utin
2413 5713 2804 5768 exercitatione
2861 5715 3243 5784 persistamus,
3282 5713 3338 5767 in
3389 5729 3520 5765 con-

1933 5807 2117 5862 cordia
2152 5815 2204 5862 et
2233 5803 2628 5872 unanimitate;
2659 5809 3104 5877 perturbationes
3167 5807 3338 5862 animi
3386 5819 3517 5861 con-
