4184 6522
182 448 228 512 1
252 453 390 515 553
1434 448 1818 511 EPISTOLA]

1920 451 1973 510 Μ
2019 450 2168 511 LIB.
2227 451 2315 509 II.
3370 452 3503 514 1554

183 561 524 631 καλοῦμεν
562 577 644 625 σε,
674 559 995 628 ὲπιπόθητε,
1022 558 1302 612 διαθέσθαι
1337 560 1404 612 τά
1434 560 1575 614 κατὰ
1610 560 1818 614 σαυτόν.

1929 567 2164 621 statuas,
2193 558 2537 620 charissime,
2578 566 2904 626 tempusque
2960 559 3302 613 adversitatis
3358 563 3500 614 mul-

183 652 356 705 Καὶ
412 650 504 702 τὸν
552 650 742 719 καιρὸν
785 651 885 720 τῆς
934 649 1276 719 δυσπραγίας
1312 652 1406 702 καὶ
1451 649 1818 711 πολυπαθείας

1924 660 2215 717 tarnmque
2245 664 2638 708 mrumnarum.
2691 651 2904 704 meliori
2938 650 3272 721 cogitatione
3300 667 3366 707 ac
3393 650 3501 708 llde

184 741 518 810 κρείττονι
549 740 794 810 λογισμῷ
819 741 911 793 καὶ
937 737 1296 810 βεδαιοπίστῳ
1330 740 1523 813 γνώμῃ
1558 742 1636 803 εἰς
1660 741 1818 792 εὐτυ-

1925 739 2049 792 nixa
2082 739 2377 803 sententia,
2413 738 2466 792 in
2492 738 2801 793 felicitatem
2824 740 3349 811 prosperitatemque
3372 759 3505 796 cou-

188 834 370 903 χίαν
412 834 505 886 καὶ
552 832 846 885 εὐπάθειαν
895 829 1502 901 μεταστοιχειώσασθαι.
1551 831 1656 883 Τὸν
1711 830 1818 900 γάρ

1923 840 2122 883 vertas.
2158 827 2295 882 Eum
2337 829 2483 884 enim
2508 830 2600 898 qui
2633 831 2705 884 sit
2732 828 3088 885 continuatus
3120 830 3340 902 Deoque
3368 848 3500 887 cun-

190 925 427 989 οὕτως
455 926 846 995 ὲρηρεισμένον
880 924 974 977 καὶ
999 921 1321 992 πεποιθήσει
1346 923 1482 976 Θεοῦ
1511 922 1710 987 ζῶντα,
1731 923 1818 975 οὐ·-

1925 920 2056 973 llsus
2087 920 2238 981 vivit,
2268 920 2403 975 nihil
2438 935 2620 975 rerum
2674 921 3039 977 humanarum
3092 925 3500 993 commovebit;

192 1016 327 1070 δὲν
381 1020 752 1087 παρακινήσει
784 1015 892 1067 τῶν
928 1014 1317 1084 ἀνθρωπίνων’
1356 1014 1686 1083 ὑψηλότερον
1726 1031 1818 1066 πε-

1926 1018 1984 1061 υι
2013 1011 2104 1077 qui
2132 1010 2389 1063 omnibus
2434 1026 2556 1078 qua:
2586 1012 2863 1066 tristitiam
2913 1013 3108 1069 afferre
3155 1016 3355 1078 solent.
3402 1033 3467 1073 su

196 1110 460 1177 φηνότα
492 1109 711 1162 πάντων
743 1106 852 1160 τῶν
879 1106 1070 1159 λυπεῖν
1116 1105 1403 1159 εἰωθότων.
1434 1105 1550 1158 Κᾶν
1571 1105 1735 1174 λέγῃς
1761 1107 1818 1157 ἐν

198 1204 296 1269 τῇ
334 1200 717 1270 παρακροάσει
746 1197 840 1251 τοῦ
869 1196 1337 1265 ἀναγινώσκοντος
1382 1196 1461 1258 είς
1504 1194 1671 1264 ὕμνον
1694 1193 1819 1263 τρέ-

203 1287 470 1348 πεσθαι.
503 1288 563 1340 οὐ
612 1285 827 1357 θαῦμω
882 1288 1093 1355 πέφυκε
1147 1285 1256 1354 γὰρ
1308 1287 1342 1353 ἡ
1390 1284 1681 1355 ἀφαίρεσις
1720 1283 1819 1352 τῆς

205 1378 422 1446 ὅψεως
452 1378 607 1431 τοῦτο
640 1376 986 1448 ἐργάζεσθαι.
1023 1375 1142 1430 Κᾶν
1173 1380 1278 1446 φῇς
1329 1376 1494 1446 μηδὲν
1530 1375 1688 1445 ἔργον
1725 1374 1819 1427 ἐπὶ

208 1473 433 1539 χεῖρας
478 1469 640 1539 ἔχειν,
686 1468 1077 1541 ἀπρακτούσης
1114 1469 1213 1538 τῆς
1241 1468 1479 1537 φύσεως.
1531 1466 1697 1537 μηδὲν
1737 1481 1819 1517 σοι

217 1563 480 1631 μελέτω.
510 1562 678 1629 Φησὶν
706 1564 735 1614 ό
775 1561 1095 1623 Ἀπόστολος
1116 1577 1130 1591 ⁸
1177 1560 1431 1628 Ψαλμὸν
1451 1558 1631 1626 ἔχεις,
1658 1555 1820 1611 διδα-

215 1650 364 1720 χὴν
406 1651 567 1721 ἔχεις
590 1688 606 1714 ,
642 1651 935 1719 γλῶσσαν
962 1651 1142 1721 ἔχεις.
1205 1650 1596 1717 ἀποκάλυψιν
1623 1647 1815 1715 ἔχεις·

215 1741 445 1794 πάντα
471 1741 621 1809 πρὸς
651 1740 979 1810 οικοδομὴν
1006 1740 1281 1811 γινέσθω.
1309 1740 1475 1807 Φάγε,
1498 1737 1608 1802 πίε,
1635 1736 1818 1791 ὑπνω-

220 1851 357 1887 σον.
400 1834 576 1887 Μόνον
605 1834 666 1886 τὸ
695 1832 1017 1906 εὐχάριστον
1060 1832 1327 1901 κέκτησο·
1362 1830 1456 1881 καὶ
1485 1830 1588 1881 ὅσα
1623 1845 1706 1880 σοι
1737 1826 1818 1879 of-

1923 1104 2105 1170 perior
2141 1102 2472 1169 apparum-it.
2508 1102 2665 1168 Quod
2712 1104 2757 1157 si
2782 1105 2954 1171 dicas,
2992 1105 3113 1167 tibi,
3157 1107 3289 1160 dum
3322 1108 3497 1163 lecto-

1924 1204 2037 1244 rem
2073 1190 2255 1256 audis,
2284 1206 2539 1245 somnum
2583 1192 2864 1261 obrepere,
2919 1194 3056 1249 nihil
3091 1196 3327 1252 mirum:
3363 1199 3505 1255 solet

1924 1278 2069 1333 enim
2102 1281 2331 1348 privatio
2367 1282 2517 1337 visus
2553 1282 2658 1338 hoc
2689 1283 2927 1340 eﬂlcere.
2961 1284 3018 1339 Si
3064 1286 3268 1341 dixeris
3291 1288 3499 1344 nullum

1926 1378 1979 1424 te
2001 1386 2137 1437 opus
2169 1387 2279 1440 pra:
2311 1372 2560 1429 manibus
2588 1374 2809 1439 habere,
2845 1376 2917 1429 ob
2952 1376 3208 1431 inertiam
3243 1387 3454 1433 naturae
3484 1397 3500 1434 :

1926 1475 1994 1514 ne
2026 1460 2120 1514 tibi
2150 1460 2200 1513 id
2239 1476 2385 1515 curae
2408 1463 2499 1517 sit.
2530 1463 2621 1517 Ait
2641 1465 2932 1533 Apostolus
2960 1483 2973 1519 :
3001 1465 3283 1523 Psalmum
3320 1468 3499 1535 habet,

1926 1551 2224 1605 doctrinam
2250 1555 2433 1617 habes,
2471 1554 2708 1625 linguam
2732 1556 2908 1619 habes,
2937 1559 3296 1629 apocalypu'nt
3317 1559 3500 1632 [reve-

1925 1643 2207 1715 lationem]
2239 1645 2398 1699 habes
2428 1662 2448 1699 :
2488 1650 2670 1699 omnia
2707 1648 2777 1700 ad
2820 1650 3228 1716 wdiﬁcationem
3264 1652 3399 1720 ﬁant
3426 1653 3497 1708 ”.

1923 1731 2054 1793 Ede,
2086 1734 2229 1800 bibe,
2253 1737 2452 1790 dormi.
2477 1734 2713 1791 Tantum
2772 1750 2927 1808 grato
2958 1739 3035 1795 sis
3066 1741 3272 1809 animo,
3301 1752 3355 1797 et
3382 1759 3505 1813 qua:

1924 1835 1988 1875 ex
2025 1822 2195 1890 teipso
2225 1822 2318 1877 tibi
2354 1834 2671 1893 suppetunt.
2701 1834 2755 1879 ct
2792 1828 2845 1880 in
2875 1830 3112 1883 naturali
3147 1832 3345 1887 mentis
3365 1832 3505 1888 libro

217 1926 423 1987 κοθεν,
459 1926 554 1980 καὶ
585 1928 642 1978 ἐν
664 1925 743 1996 τῷ
775 1925 987 1995 φυσικῷ
1032 1924 1125 1977 τοῦ
1154 1922 1246 1975 νοῦ
1283 1921 1473 1991 βιϐλίῳ
1505 1920 1815 1983 ἀπόκειται,

1927 1913 2145 1967 condita
2174 1923 2319 1980 sunt,
2355 1915 2490 1985 lege.
2528 1918 2594 1969 Et
2620 1918 2965 1985 postmodum
2993 1930 3154 1975 acute
3180 1922 3500 1992 perspicies,

219 2021 609 2087 ἀναγίνωσκε.
638 2020 748 2072 Καὶ
773 2017 966 2087 μικρὸν
1000 2014 1225 2083 ὓστερον
1262 2011 1621 2080 ἀναϐλέψειας
1653 2014 1816 2081 μέγα,

220 2113 335 2167 καὶ
366 2113 501 2175 ἴδοις
530 2112 590 2165 τὸ
616 2112 731 2179 φῶς
759 2110 818 2161 τὸ
842 2108 1157 2177 ἀπρόσιτον,
1175 2102 1382 2173 Ἰησοῦν
1408 2104 1498 2156 τὸν
1529 2103 1656 2155 Υἱὸν
1680 2102 1817 2155 Θεοῦ

221 2206 331 2259 ἀπ’
364 2203 613 2273 οὐρανῶν
664 2200 955 2272 ἐρχόμενον
1004 2197 1144 2269 μετὰ
1184 2196 1343 2263 δόξης
1396 2197 1488 2249 καὶ
1534 2194 1819 2264 δυνάμεως

222 2296 411 2350 αὑτοῦ
438 2298 495 2347 ἐν
520 2293 655 2362 πυρὶ
687 2292 883 2361 φλογός
904 2308 915 2320 ο
950 2290 1043 2354 οὓς
1076 2289 1175 2359 μὲν
1204 2290 1460 2359 κρίνοντα
1481 2285 1556 2349 ὠς
1576 2285 1819 2346 ἐνδίκους

224 2388 507 2457 κρίσεως·
545 2384 637 2446 οὒς
670 2383 727 2436 δὲ
780 2381 1071 2447 δοξάζοντα
1121 2381 1195 2445 ὼς
1240 2379 1400 2449 δόξης
1462 2376 1816 2446 συνίστορας·

228 2475 366 2547 μεθ’
397 2468 473 2528 ὧν
502 2474 618 2542 εἴης
648 2473 741 2526 καὶ
765 2472 949 2535 αὐτὸς,
982 2470 1203 2540 φίλτατε
1238 2486 1328 2539 μοι
1364 2468 1461 2521 καὶ
1497 2465 1817 2535 τιμιώτατε,

226 2565 655 2637 ἁπαστράπτων
684 2564 774 2617 ἴσα
809 2562 905 2615 καὶ
932 2562 1083 2632 ἡλίου
1114 2560 1303 2630 βολίδι.
1330 2558 1463 2629 Περὶ
1491 2550 1551 2610 οὗ
1586 2554 1819 2625 προώρι-

230 2677 338 2720 aa;
380 2658 703 2730 προαστείου
750 2658 830 2718 εἰς
879 2655 1237 2725 μοναστήριον
1280 2649 1636 2713 καθεστάναι,
1676 2648 1730 2701 εί
1766 2664 1818 2701 τι

230 2748 333 2805 οὖν
362 2750 513 2815 ἄλλο,
545 2748 718 2811 οὑτως
746 2747 779 2815 ἢ
806 2746 1028 2817 ἑτέρως,
1073 2747 1132 2799 ἐν
1156 2742 1306 2812 καλῷ
1338 2741 1610 2814 διῶριστο,
1642 2740 1821 2793 πάντα

232 2845 316 2907 ὡς
372 2842 477 2914 ἠδη
514 2839 778 2909 γεγονότα
807 2838 939 2900 Θεὸς
994 2837 1209 2898 ὶδὲξατο
1231 2850 1245 2864 ’
1281 2834 1439 2904 εἰπερ
1477 2831 1819 2903 εὐχαρίστως

231 2936 338 3005 τὴν
371 2933 660 3003 ἀφαίρεσιν
688 2930 906 2984 πάντων
932 2927 1121 2990 οἴσεις.
1155 2925 1467 2998 Προσεύχου
1508 2926 1639 2995 περὶ⁵
1662 2924 1820 2994 ἡμῶν

234 3027 354 3080 τῶν
384 3021 729 3095 ἁμαρτωλῶν
749 3037 762 3051 ·
798 3022 922 3092 ἄρτι
947 3022 1054 3090 γὰρ
1084 3021 1183 3088 οὐχ
1212 3020 1373 3090 ἡμεῖς
1409 3018 1459 3071 οί
1484 3014 1819 3088 ἁμαρτωλοὶ.

236 3118 384 3173 ἀλλὰ
425 3116 519 3170 καὶ
560 3114 615 3167 εί
652 3131 738 3177 τις
762 3113 873 3167 τῶν
908 3112 1071 3166 ὁσίων
1112 3112 1452 3181 ἐξαιτήσαιτο
1484 3110 1550 3163 άν
1584 3125 1679 3162 σου
1718 3108 1822 3176 τὴν

237 3209 449 3278 δέησιν,
498 3205 574 3269 ὡς
617 3206 917 3275 κάμνοντος
948 3205 1059 3265 τοῖς
1097 3201 1432 3271 παθήμασιν.
1476 3200 1533 3253 '0
1569 3198 1819 3267 θεοφιλέ-

242 3314 439 3360 στατος
462 3295 691 3364 ἀδελφὸς
738 3293 896 3366 ἡμῶν
924 3293 1021 3346 καὶ⁵
1047 3278 1477 3362 άρχιεπίσκοπος
1508 3288 1734 3341 πλεῖστά
1760 3302 1819 3339 σε

242 3384 665 3459 προσαγορεύει.

516 3493 660 3551 ΡΟΘ¹
694 3495 931 3566 (⁷1)·-
955 3493 1178 3561 Σεργίῳ
1206 3491 1539 3559 ἡγουμένῳ.
1618 3484 1823 3559 nar-1

1920 2014 1977 2061 et
2012 2007 2413 2062 vitlebislncem
2444 2007 2901 2074 inaceessihilem,
2928 2007 3113 2065 Jesum
3156 2010 3355 2066 Filium
3398 2012 3497 2069 Dei

1920 2098 1986 2151 de
2011 2097 2166 2152 caelis
2206 2099 2511 2153 venientem
2537 2114 2664 2153 cum
2719 2100 2890 2169 gloria
2928 2111 2982 2155 et
3007 2111 3272 2170 potestate
3306 2119 3409 2158 sua
3446 2104 3501 2159 in

1922 2190 2045 2257 igne
2078 2188 2351 2254 llatnnuc;
2387 2191 2488 2243 hos
2528 2191 2749 2259 quidem
2773 2192 3251 2259 cottdemnantem,
3286 2205 3345 2249 ut
3381 2211 3505 2252 reos

1917 2279 2230 2349 judicii":
2293 2282 2389 2335 hos
2450 2296 2579 2333 vero
2657 2282 3047 2350 gloriﬁcantem
3100 2294 3161 2339 ut
3221 2290 3507 2342 c0nsortcs

1920 2368 2141 2437 gloriae:
2170 2368 2497 2437 quibuscum
2521 2370 2595 2424 sis
2624 2381 2679 2425 et
2715 2381 2794 2433 tu,
2825 2374 3160 2429 amicissime
3213 2376 3287 2429 mi
3313 2387 3366 2431 ct
3402 2379 3504 2432 bo-

1921 2460 2288 2521 noratissime,
2319 2476 2619 2516 coruscans
2649 2463 2822 2517 instar
2845 2464 3041 2520 solaris
3064 2466 3221 2521 radii.
3254 2466 3331 2521 De
3370 2470 3505 2525 sub-

1924 2551 2132 2605 urbano
2202 2552 2255 2604 in
2323 2569 2431 2622 quo
2476 2556 2870 2609 monasterium
2922 2559 3261 2614 constituere
3312 2561 3505 2617 decre-

1919 2642 2068 2705 visti,
2111 2645 2226 2698 sive
2269 2646 2398 2713 quid
2456 2648 2601 2700 aliud
2651 2648 2757 2701 isto
2807 2649 2889 2703 vcl
2922 2649 3018 2704 illo
3045 2654 3209 2706 modo
3264 2662 3413 2709 recte
3441 2670 3507 2709 ac

1921 2734 2182 2803 prazclarc
2201 2736 2542 2805 designatum
2567 2749 2652 2793 est
2681 2755 2696 2803 ;
2728 2741 2933 2805 omnia,
2974 2751 3034 2796 ut
3058 2743 3174 2812 jam
3202 2744 3348 2800 facta
3380 2762 3507 2802 sus-

1922 2829 2063 2895 cepit
2088 2824 2229 2881 Deus
2258 2846 2270 2880 :
2308 2828 2471 2881 modo
2502 2830 2745 2884 omnium
2782 2832 3141 2900 privationem
3168 2848 3323 2906 grato
3356 2836 3503 2894 feras

1924 2918 2127 2972 animo.
2165 2917 2269 2972 Ora
2297 2934 2392 2987 pro
2421 2921 2577 2973 nobis
2606 2926 3023 2990 peccatoribus:
3067 2943 3242 2996 neque
3279 2944 3377 2998 pro
3400 2945 3487 2984 no-

1923 3010 2006 3064 bis
2038 3010 2219 3071 tnodo,
2251 3012 2343 3078 qui
2372 3020 2684 3078 peccatores
2722 3028 2939 3081 sumus,
2973 3017 3066 3071 sed
3096 3018 3141 3072 si
3176 3019 3303 3088 quis
3334 3019 3499 3075 etiam

1922 3108 2241 3155 sanctorum
2277 3115 2465 3168 preces
2521 3111 2736 3171 expetet
2779 3113 2924 3171 tuas,
2974 3114 3035 3159 ut
3089 3107 3180 3175 qui
3242 3112 3505 3164 aerumnis

1926 3194 2271 3248 conliirteris.
2308 3192 2400 3245 Dei
2434 3196 2850 3251 amantissimus
2884 3196 3054 3253 frater
3091 3210 3277 3257 noster
3301 3190 3357 3257 et
3400 3217 3499 3256 ar»

1929 3284 2310 3353 cliicpiscopus
2342 3285 2638 3353 plurimum
2673 3296 2725 3342 te
2750 3288 2973 3344 salutat.

2243 3475 2523 3533 CLXXIX.
2559 3509 2630 3521 —
2658 3478 2843 3551 Sergio
2871 3485 3177 3553 praeposito.

982 3582 1219 3632 Hortatur
1244 3581 1303 3629 ad
1324 3579 1622 3643 vigilantiam
1651 3582 1806 3639 utque
1835 3571 2187 3623 hereticorum
2222 3567 2621 3620 communionem
2640 3568 2785 3621 vitet.

316 3669 489 3740 Χάρις
522 3665 731 3738 Κυρίῳ,
761 3666 842 3719 ὅτι
872 3666 1106 3733 ὑγιαίνει
1141 3666 1176 3734 ἡ
1202 3663 1453 3733 τιμιότης
1483 3680 1576 3715 σου
1598 3678 1615 3694 σ
1645 3661 1805 3714 τοῦτο

245 3758 354 3829 γὰρ
377 3756 665 3827 ἀνήγγειλε
688 3755 751 3807 τὸ
777 3755 1035 3825 γράμμα,
1061 3753 1157 3807 καὶ
1186 3755 1219 3825 ή
1257 3753 1387 3815 δυάς
1408 3751 1518 3805 τῶν
1541 3748 1811 3820 ἀδελφῶν.

258 3843 659 3913 ’Δπεδεξάμεθα
693 3843 749 3896 δὲ
770 3842 865 3898 καὶ
890 3842 989 3914 τὴν
1017 3842 1273 3916 πρόθεσιν
1297 3842 1393 3895 τοῦ
1420 3841 1710 3911 ἐπιθυμεῖν
1750 3857 1811 3893 σε

246 3935 474 4006 ἀφῖχθαι
529 3934 665 4006 πρὸς
721 3935 889 4005 ἡμᾶς,
946 3933 1259 3987 κωλυθέντα
1302 3949 1366 4001 γε
1421 3934 1527 4003 μὴν
1573 3933 1677 3984 ὑπὸ
1711 3930 1812 4000 τῆς

248 4026 477 4096 συνοχῆς
502 4026 610 4079 τῶν
646 4025 923 4097 ἐμφυλίων
957 4025 1230 4092 πολέμων,
1274 4026 1370 4078 καὶ
1404 4025 1502 4093 τῆς
1543 4024 1684 4077 κατὰ
1715 4024 1815 4093 τὴν

248 4118 362 4172 ὁδὸν
409 4117 717 4187 άπηρείαςο
769 4116 931 4169 ἅτινα
963 4116 1112 4170 κακὰ
1145 4117 1351 4187 Κύριος
1403 4116 1432 4168 ό
1476 4113 1606 4178 Θεὸς
1660 4114 1818 4184 ἡμῶν

248 4210 583 4265 διασκεδάσει
609 4212 667 4262 ἐν
696 4208 874 4279 τάχει,
924 4210 1215 4277 ἐπανάγων
1241 4210 1321 4272 εἰς
1360 4209 1599 4278 εἰρήνην.
1612 4207 1674 4259 τὸ
1710 4206 1817 4261 ὑπ-

1984 3653 2199 3708 Gratias
2228 3651 2477 3718 Domino,
2528 3655 2676 3723 quod
2732 3655 3024 3711 incolumis
3067 3658 3141 3713 sit
3210 3658 3503 3716 honorabi-

1914 3747 2039 3800 litas
2063 3754 2154 3799 tua
2184 3761 2198 3811 ;
2236 3745 2341 3800 hoc
2368 3744 2513 3799 enim
2546 3748 2738 3801 littera:
2761 3749 3163 3814 renuntiarunt,
3216 3761 3270 3806 et
3304 3750 3503 3810 fratres

1915 3838 2048 3892 duo.
2081 3836 2396 3905 Pergratum
2422 3838 2582 3891 etiam
2635 3838 2949 3904 habuimus,
2998 3840 3147 3909 quod
3205 3843 3503 3899 consilium

1913 3941 1966 3984 et
2018 3930 2235 3983 animus
2280 3927 2445 3981 fuerit
2479 3928 2575 3982 tibi
2626 3929 2693 3981 ad
2736 3945 2836 3984 nos
2874 3931 3152 3995 veniendi,
3202 3934 3308 3989 nisi
3360 3936 3501 3992 bella

1916 4023 2097 4077 civilia
2130 4021 2493 4085 obstitissent,
2521 4030 2577 4075 et
2628 4022 2844 4090 injuriae
2887 4025 3089 4092 quibus
3140 4026 3241 4081 viae
3288 4027 3502 4084 infesta:

1918 4126 2082 4169 sunt:
2123 4127 2247 4185 qua:
2289 4115 2634 4170 inconnnoda
2695 4114 2846 4169 brevr
2891 4116 3188 4186 dissipabit
3232 4118 3499 4177 Dominus

1918 4207 2062 4263 Deus
2102 4218 2309 4273 noster,
2352 4207 2602 4261 subditos
2634 4206 2699 4260 ad
2727 4222 2913 4277 pacem
2950 4224 3230 4274 revocans,
3254 4216 3501 4268 eosdem-

251 4320 428 4373 ηκοον,
474 4302 634 4369 καίγε
667 4302 1025 4354 ἀπαλλάττων
1064 4303 1162 4371 τῆς
1190 4301 1297 4353 τῶν
1336 4299 1655 4371 Ἀγαρηνῶν
1694 4301 1817 4352 ἐπι-

1920 4316 2023 4369 qne
2056 4300 2292 4352 liberans
2317 4300 2385 4351 ah
2406 4298 2786 4368 Agarcnorum
2819 4299 3158 4355 incursione.
3193 4302 3327 4357 Nam
3361 4306 3503 4362 etde

251 4392 473 4461 δρομῆς.
537 4390 925 4461 Ἐδιδάχθημεν
978 4392 1084 4461 γὰρ
1137 4394 1229 4446 καὶ
1296 4394 1395 4461 τὴν
1455 4394 1580 4462 περὶ
1636 4392 1815 4444 αὐτῶν

1921 4392 2237 4459 τὴοιιιρίιιεει
2279 4392 2493 4444 illm-nm
2559 4390 2873 4455 didicimus,
2924 4394 3114 4461 quales
3166 4403 3220 4449 et
3266 4407 3501 4466 quantas

256 4484 540 4553 ῥομφαίαν,
566 4482 655 4536 οἷα
684 4483 777 4534 καὶ
805 4482 967 4552 ⁴ἡλίκη
992 4484 1214 4549 γέγονεν
1244 4486 1303 4536 ἐν
1328 4486 1438 4545 τοῖς
1468 4485 1677 4536 αὐτόθι.
1708 4484 1818 4536 Kal.

1924 4483 2067 4552 apud
2090 4498 2186 4538 vos
2225 4492 2437 4553 strages
2483 4484 2732 4537 ediderit.
2765 4490 2940 4553 Atque
2972 4485 3085 4540 haec
3114 4488 3296 4541 omnia
3329 4505 3503 4553 pains:

251 4573 414 4628 ταῦτα
494 4578 670 4629 πάντα
736 4574 987 4643 ἑπιτίμιά
1033 4575 1148 4627 ἐστι
1184 4569 1345 4643 παρὰ
1402 4574 1559 4636 Θεοῦ.
1618 4578 1710 4627 ἐπὶ
1751 4577 1817 4645 τῇ

1928 4585 2081 4640 sunt,
2111 4591 2139 4629 a
2176 4574 2283 4629 Deo
2315 4584 2533 4645 propter
2570 4576 3003 4645 intpmnitentent
3076 4581 3341 4635 malitiam
3402 4600 3501 4639 no-

255 4668 602 4738 άμετανοήτῳ
653 4666 808 4735 ἡμῶν
850 4665 1039 4736 κακίᾳ.
1071 4666 1259 4736 Ὅμως
1307 4667 1394 4731 σὺ,
1445 4666 1576 4737 ἆνερ
1623 4665 1813 4733 ἀγαθὲ.

1926 4676 2095 4720 stram
2130 4666 2368 4721 inﬂictae.
2406 4667 2486 4720 Tu
2521 4677 2723 4731 tamen,
2757 4667 2839 4722 vir
2874 4669 3034 4733 hune,
3084 4686 3147 4723 ac
3185 4670 3357 4728 frater
3394 4676 3495 4729 ho-

255 4759 340 4810 καὶ
376 4758 570 4827 ἀδελφὶ
623 4756 939 4827 τιμιώτατε,
992 4758 1149 4828 στῆθι
1197 4759 1291 4809 καὶ
1342 4758 1591 4828 ἁνδρίζου
1638 4760 1695 4809 ὲν
1739 4758 1818 4826 τῷ

1925 4757 2299 4821 noratissime,
2339 4766 2423 4812 sta
2447 4766 2501 4811 et
2541 4758 2769 4811 viriliter
2791 4772 2892 4827 age
2944 4758 2995 4813 in
3037 4760 3359 4829 prafectnra
3383 4762 3495 4818 fra-

258 4848 601 4920 καθηγεῖσθαι
646 4850 747 4917 τῆς
791 4849 1153 4917 άδελφότητος
1175 4866 1189 4879 ·
1226 4849 1301 4918 μὴ
1329 4849 1651 4902 ὑποπίπτων
1682 4849 1815 4902 ἀθυ-

1922 4859 2065 4901 trum
2099 4867 2112 4902 :
2150 4864 2249 4902 nec
2276 4848 2459 4902 animo
2482 4849 2667 4913 cadas,
2699 4851 2952 4919 quamvis
2990 4853 3175 4906 multa:
3210 4855 3320 4907 sint
3351 4855 3495 4909 ditll-

260 4939 367 5012 μία,
399 4940 503 4993 κᾶν
533 4939 724 4993 πολλαὶ
768 4940 827 4993 at
859 4939 1170 4993 δυσκολίαι·
1202 4939 1277 5009 μὴ
1321 4940 1657 5010 ἀποκάμνων
1694 4942 1813 5002 ταῖς

258 5032 519 5104 ἀπορίαις,
537 5033 642 5085 κᾶν
669 5034 702 5101 ἡ
728 5033 881 5103 ίσχύς
908 5033 1241 5086 δαπανᾶται.
1260 5032 1421 5085 Ἀλλὰ
1442 5032 1659 5103 πρῶτον
1687 5031 1807 5100 μὲν,

259 5122 285 5176 δ
312 5122 394 5176 καὶ
418 5116 636 5193 πρώτου
656 5122 816 5188 λόγου
834 5122 953 5174 ἐστὶ
976 5121 1218 5191 ζήτημα,
1245 5122 1347 5191 τὴν
1373 5120 1555 5173 πίστιν
1583 5121 1811 5191 φρούρει

262 5212 458 5283 ἀσφαλῆ
492 5212 588 5265 καὶ
613 5213 951 5284 ἀκράδαντον
972 5252 987 5276 ,
1021 5212 1239 5280 φεύγων
1258 5214 1357 5280 τὴν
1388 5212 1675 5265 κοινωνίαν
1705 5211 1811 5263 τῶν

262 5303 564 5373 ἑτεροδόξων
597 5302 834 5373 παντοίῳ
864 5303 1070 5373 τρόπῳ.
1105 5302 1244 5357 Ἱσθι
1288 5303 1397 5372 γάρ
1448 5301 1531 5355 ὅτι
1573 5300 1812 5369 διωγμὸς

264 5395 472 5465 πάρεστι
500 5411 515 5426 ’
551 5395 645 5448 καὶ
670 5397 733 5449 οὑ
760 5394 1122 5465 τελειότητος,
1158 5394 1221 5447 τὸ
1253 5395 1396 5464 ὑμᾶς
1422 5394 1560 5447 οἴκοι
1583 5391 1809 5456 καθέζε-

267 5484 405 5549 σθαι,
438 5487 533 5541 καὶ
564 5486 862 5549 ἁδιῶκτους
902 5484 1178 5554 διαμένειν
1200 5499 1215 5514 ο
1266 5483 1378 5537 τῶν
1410 5481 1668 5553 ζηλωτῶν
1712 5480 1812 5550 τῆς

266 5576 522 5640 εὐσεϐείας
565 5575 736 5629 πολλὰ
773 5575 1155 5629 πεπονθότων·
1206 5574 1302 5627 καὶ
1342 5573 1641 5644 μαρτυρίου
1697 5572 1813 5626 διὰ-

323 5689 404 5744 "l
440 5690 568 5746 Cor.
594 5706 708 5757 xw,
743 5690 833 5746 26.
913 5692 962 5725 ”
988 5692 1033 5747 ll
1062 5690 1255 5747 Thess.
1291 5705 1348 5756 ιι,
1382 5692 1438 5755 8,
1468 5705 1539 5743 vi.

1919 4943 2192 5005 eultates;
2225 4956 2324 4995 nec
2356 4940 2573 4995 fatiscas
2605 4941 2659 4995 in
2714 4942 3007 5011 angustiis,
3064 4944 3165 5001 etsi
3188 4945 3331 5000 vires
3357 4960 3511 5001 con-.

1918 5042 2235 5085 sumuntur.
2272 5030 2376 5086 Sed
2416 5032 2653 5102 primum
2688 5036 2932 5103 quidem,
2976 5037 3121 5105 quod
3168 5037 3345 5104 primo
3375 5038 3496 5093 loco

1916 5125 2201 5191 quaeritur,
2239 5124 2400 5178 fidem
2440 5139 2597 5178 serva
2622 5126 2834 5179 lirmam
2862 5134 2915 5180 et
2954 5125 3361 5195 inconcussam,
3397 5129 3493 5183 he-

1918 5214 2307 5269 terodoxorum
2337 5216 2780 5272 communionem
2822 5218 2997 5274 modis
3052 5222 3312 5277 omnibus
3341 5221 3494 5277 devi—

1922 5316 2063 5360 taus.
2098 5305 2218 5362 Scis
2268 5310 2412 5362 enim
2460 5308 2652 5364 adesse
2708 5313 3167 5379 persecutionem,
3228 5329 3330 5368 nec
3366 5329 3491 5383 per-

1918 5396 2167 5453 fectionis
2204 5414 2325 5453 esse
2383 5400 2622 5454 residere
2647 5416 2745 5455 vos
2794 5401 2966 5469 domi,
2999 5413 3161 5473 atque
3187 5414 3336 5459 extra
3369 5421 3491 5474 pcr-

1914 5490 2251 5545 secutionem
2326 5508 2683 5561 permanere;
2748 5494 2900 5558 dum,
2953 5495 3047 5561 qui
3117 5495 3234 5550 zelo
3277 5496 3495 5565 pietatis

1919 5580 2169 5651 ﬂagrant,
2216 5583 2384 5637 multa
2440 5583 2741 5652 patiuntur,
2781 5586 3060 5641 nonnullis
3104 5586 3215 5657 jam
3250 5588 3493 5658 martyrii

1746 5782 1975 5840 ΝΟΤιΕ.

331 5918 427 5986 l'll)
454 5917 507 5971 in
536 5917 655 5973 cod.
693 5916 804 5988 Reg
862 5925 1004 5989 ρπα’.
