4184 6520
217 438 382 504 155Ί

1467 434 2000 494 EPISTOLARUM
2051 436 2193 494 LIB.
2235 435 2317 495 ll.

3379 436 3511 500 1558

213 547 390 620 εἶχον
423 553 472 604 οἱ
503 552 661 619 ἅγιοι.
704 549 818 602 Νῦν
849 549 906 601 δὲ
941 546 1257 600 τούναντίον
1287 546 1427 597 κατὰ
1462 545 1530 599 τὰ
1561 562 1823 616 ποοειρη-

1947 547 2174 600 ιθιιιίὺιιε
2233 547 2501 611 contenti,
2557 547 2772 601 dulcem
2829 549 2991 630 vitpm
3047 560 3292 618 agentes,
3344 550 3509 602 etiam

224 646 408 713 μένα.
455 645 553 696 Διὰ
581 641 742 696 τοῦτο
774 642 869 695 καὶ
901 645 928 694 6
957 638 1336 711 περισπασμὸς
1368 639 1517 706 ὑμῖν,
1566 638 1653 691 ἴνα
1692 656 1824 709 προ-

222 737 412 808 στεθῇ
461 737 517 789 ἓν
550 735 832 805 ἀργύριον,
886 733 919 803 ἢ
965 732 1022 785 ἓν
1054 731 1273 803 χρύσιον
1318 730 1395 801 τῷ
1427 731 1526 802 ἤδη
1570 749 1825 802 προστοι-

221 827 504 881 σασθὲντι
549 828 819 898 κέρματιο
875 827 1011 895 ὅπερ
1061 824 1182 877 ἐστὶ
1215 821 1580 895 φιλαργυρίας
1629 823 1821 906 πάθος,

225 924 340 976 καὶ
377 921 672 976 Ἰουδαῖκὸν
705 919 1078 990 ἀποτέλεσμα.

330 1191 576 1261 Ἐρωτῶ,
621 1193 717 1245 καὶ
763 1193 1098 1265 ἀποκρίθητέ
1144 1212 1268 1263 μοι·
1300 1195 1491 1265 Ἔχετε
1534 1195 1699 1266 ἄρτον
1732 1200 1826 1251 καὶ

229 1279 414 1349 οἶνον,
457 1285 551 1338 καὶ
594 1284 774 1338 ἔλαιον
822 1286 942 1338 κατ’
991 1285 1297 1356 ὀλιγότητα,
1335 1288 1433 1339 σὺν
1482 1290 1595 1351 τοῖς
1645 1288 1827 1350 ἄλλοις

231 1375 578 1445 ἐπιτηδείοις
625 1378 720 1429 καὶ
773 1381 1152 1445 τροφευτικοίς
1202 1378 1294 1430 τοῦ
1332 1377 1583 1448 σώματος
1609 1420 1624 1441 ,
1663 1379 1826 1449 μέχρι

237 1467 422 1538 μηνὸς
449 1468 564 1533 ἑνὸς
593 1468 626 1537 ἦ
663 1467 838 1532 δυοῖν;
862 1467 956 1519 ἐὰν
987 1467 1380 1538 κατανεύσητε,
1420 1470 1581 1540 χάρις
1612 1471 1829 1540 Κυρίῳ.

235 1558 308 1609 Εἰ
343 1557 401 1610 δὲ
447 1558 519 1627 μὴ
544 1599 559 1622 ,
590 1555 825 1626 πρίασθε
850 1599 864 1622 ,
897 1555 956 1623 ἐξ
1003 1551 1064 1611 οῦ
1096 1558 1305 1611 δέδωκα
1335 1559 1463 1628 ὑμῖν
1494 1561 1826 1629 νομίσματος

235 1650 375 1717 ἄρτι
395 1664 408 1677 ⁸
445 1649 540 1700 καὶ
568 1649 745 1711 οὐδεὶς
775 1650 1181 1720 περισπασμὸς,
1215 1651 1308 1703 καὶ
1334 1651 1560 1721 οὐδεμία
1589 1653 1823 1722 ταραχή.

250 1740 540 1809 Ἱκανὴσει
571 1737 680 1808 γὰρ
709 1735 803 1792 οἷδ’
831 1741 912 1794 ὃτι
944 1742 1038 1793 καὶ
1063 1740 1490 1812 τετραμηνιαίου
1521 1742 1714 1811 χρόνου
1747 1745 1828 1806 είς

240 1834 465 1904 χρείαν.
528 1833 636 1884 Καὶ
680 1834 770 1886 ὅτε
817 1833 1151 1904 ἀπορήσετε,
1202 1833 1363 1886 πάλιν
1409 1834 1444 1905 ἢ
1492 1833 1742 1887 ἐντεῦθεν
1792 1833 1825 1904 ἦ

242 1927 498 1990 ἄλλοθεν,
557 1924 855 1997 προσθείην
908 1925 952 1978 δ’
1008 1925 1073 1980 ἂν
1121 1926 1214 1979 καὶ
1255 1928 1320 1980 ἐκ
1367 1926 1460 1980 τοῦ
1512 1927 1832 1998 ὲργοχείρου
1863 1906 1906 1958 Β

245 2022 433 2092 ὑμῶν,
456 2022 485 2073 6
513 2020 732 2087 τρέφων
762 2019 831 2071 τὰ
855 2019 1054 2082 πάντα,
1095 2019 1315 2088 θρέψειε
1346 2021 1439 2073 καὶ
1466 2020 1631 2090 ὑμᾶς.
1665 2013 1834 2082 Οὗτος

244 2118 277 2166 6
336 2115 456 2182 βίος
506 2112 760 2182 ἄριστος·
820 2109 994 2173 οὕτως
1053 2111 1144 2164 τὸν
1189 2113 1424 2180 Χριστὸν
1471 2113 1634 2183 μέσον
1681 2113 1835 2182 ὑμῶν

249 2204 500 2275 σχοίητε,
534 2206 607 2272 πῆ
645 2203 741 2273 μὲν
775 2203 1155 2275 ἐργαζόμενοι,
1191 2204 1268 2273 πῆ
1298 2203 1353 2256 δὲ
1385 2205 1832 2275 προσευχόμενοι,

249 2300 352 2350 καὶ
387 2296 521 2349 ποτὲ
549 2296 646 2365 μὲν
675 2296 1064 2366 ἡσυχάζοντες,
1089 2297 1220 2349 ποτὲ
1250 2297 1306 2350 δὲ
1347 2299 1830 2366 ἀναγινώσκοντες.

251 2393 368 2445 Καὶ
422 2390 672 2444 ἁνατελεί
721 2389 850 2458 ὑμῖν
902 2387 1017 2457 φῶς
1061 2388 1274 2457 γλυκύ’
1329 2392 1422 2441 καὶ
1479 2391 1591 2451 τοῖς
1636 2389 1835 2459 ὁρῶσιν

255 2483 455 2535 ἔσεσθε
484 2481 705 2553 ὲραστοί
724 2497 737 2510 ⁸
767 2482 862 2533 καὶ
891 2481 1024 2541 Θεὸς
1055 2480 1448 2550 δοξασθήσεται
1474 2482 1531 2532 ἐν
1566 2482 1716 2551 ὑμῖν·
1744 2481 1837 2533 καὶ

251 2571 658 2638 ἁντιδοξάσειεν
717 2570 863 2640 ὑμᾶς
921 2569 1016 2622 καὶ
1066 2571 1161 2622 νῦν
1214 2571 1308 2622 καὶ
1355 2572 1411 2623 ἐν
1459 2569 1537 2640 τῷ
1591 2571 1836 2640 μέλλοντι

253 2663 439 2718 αἰῶνι.
505 2662 694 2733 Ἢμῶν
751 2680 810 2716 τε
876 2662 1056 2716 αὐτῶν
1105 2664 1214 2716 τῶν
1265 2664 1604 2734 ἁμαρτωλῶν
1648 2665 1837 2718 ἔσεσθε

257 2755 548 2826 καύχημα,
601 2756 695 2808 καὶ
736 2755 865 2826 ὅλης
903 2756 1001 2824 τῆς
1047 2755 1409 2826 ἁδελφότητος
1437 2756 1612 2819 κλέος.
1654 2757 1837 2810 Ταῦτα

257 2850 495 2920 εἴρηκα,
537 2847 635 2916 οὐχ
677 2848 752 2910 ὡς
784 2848 1017 2918 ἐχόντων
1047 2848 1200 2916 ὑμῶν
1243 2848 1465 2918 χρυσίον
1507 2849 1839 2919 τεθησαυρι-

261 2943 490 3011 σμένονο
538 2939 671 3010 μηδὲ
719 2941 804 3008 εῐη
839 2939 982 3008 ἔχειν
1023 2939 1188 3008 ὑμᾶς,
1221 2941 1295 3002 ὼς
1327 2939 1393 2993 ἂν
1431 2938 1505 3011 μὴ
1538 2941 1834 3010 ἀκούσητε·

264 3034 460 3086 Ὅπου
513 3034 546 3085 ὁ
600 3031 904 3098 θησαυρὸς
941 3028 1142 3099 ὑμῶν,
1192 3031 1323 3084 ἐκεῖ
1372 3031 1472 3085 xal
1535 3034 1573 3097 ἡ
1629 3033 1842 3101 καρδία

262 3124 432 3193 ὑμῶν
458 3123 648 3177 ἔσται.
682 3122 967 3192 Θησαυρδς
1007 3122 1062 3174 δέ
1095 3124 1211 3176 ὲστι
1243 3123 1484 3194 μοναχῷ,
1530 3126 1623 3178 ἐὰν
1655 3125 1842 3178 ὲπάνω

1931 654 2055 693 cum
2092 640 2210 694 solo
2242 657 2381 710 pane
2425 649 2480 694 et
2528 655 2694 708 aqua,
2729 640 2946 708 qualem
3005 640 3280 694 duxerunt
3313 643 3507 694 sancti.

1930 730 2086 785 Nunc
2115 746 2244 785 vero
2277 748 2364 786 res
2395 731 2556 785 aliter
2597 747 2656 786 se
2696 731 2881 796 habet,
2920 737 2979 784 ut
3012 731 3269 800 superius
3306 732 3512 786 dictum

1931 833 2032 877 est.
2074 823 2223 877 lianc
2262 825 2332 879 ob
2362 839 2478 877 rem
2503 831 2555 877 et
2602 823 2889 878 diSIractio
2953 824 3151 878 vobis:
3211 831 3270 878 ut
3322 839 3515 892 argen-

1931 924 2052 969 teus
2089 931 2230 970 unus
2273 915 2354 969 vel
2391 931 2591 969 aureus
2645 931 2789 970 unus
2826 916 3056 969 addatur
3108 916 3172 969 ad
3200 915 3516 970 nummulos

1927 1008 2036 1075 jam
2069 1016 2418 1062 coacervatos
2448 1025 2460 1059 :
2499 1007 2639 1076 quod
2667 1008 2908 1062 avaritia:
2938 1009 3160 1062 morbus
3208 1018 3312 1071 est,
3348 1022 3517 1077 opus-

1932 1113 2037 1167 quo
2067 1095 2376 1152 Judaicum.

2002 1190 2218 1257 aneso,
2247 1191 2573 1259 respondete
2617 1192 2792 1256 mihi,
2837 1207 3022 1246 nonne
3063 1208 3255 1262 panem
3304 1194 3517 1250 habetis

1933 1290 1986 1336 et
2015 1283 2224 1347 vinum,
2255 1285 2648 1352 modicumque
2693 1286 2899 1348 oleum,
2953 1297 3076 1339 enm
3105 1285 3229 1340 aliis
3257 1295 3518 1356 opportu-

1934 1378 2041 1442 nis,
2105 1379 2305 1445 quibus
2351 1378 2417 1432 ad
2470 1394 2711 1433 mensem
2739 1395 2910 1432 unum
2965 1380 3172 1434 duosve
3215 1381 3514 1434 sustentari

1933 1483 2134 1536 corpus
2175 1471 2387 1537 possit?
2450 1468 2506 1522 Si
2545 1469 2872 1532 annueritis,
2937 1471 3055 1525 laus
3117 1470 3366 1526 Domino.
3417 1473 3513 1525 Sin

1935 1561 2138 1625 minus,
2181 1562 2346 1616 emite
2402 1562 2653 1630 pecunia,
2719 1578 2885 1630 quam
2927 1562 3082 1617 vobis
3130 1580 3303 1633 nuper
3349 1564 3514 1624 dedi;

1934 1661 1988 1706 et
2022 1654 2166 1706 nulla
2200 1654 2305 1707 erit
2337 1655 2643 1719 distractio,
2674 1663 2728 1710 et
2771 1656 2920 1709 nulla
2952 1659 3314 1726 perturbatio.
3347 1658 3514 1713 Sulli-

1933 1747 2039 1798 ciet
2066 1745 2234 1809 enim,
2259 1755 2344 1798 sat
2369 1747 2502 1808 scio,
2523 1747 2603 1799 vel
2633 1747 2698 1800 ad
2723 1758 2958 1813 quatuor
2976 1747 3247 1802 mensium
3280 1755 3520 1805 necessi-

1938 1846 2122 1890 tatem.
2155 1835 2370 1892 Etcum
2419 1838 2752 1907 indigebitis,
2801 1855 2992 1894 rursus
3017 1840 3113 1909 qui
3151 1841 3250 1895 alit
3305 1845 3519 1908 omnia,

1937 1928 2086 1982 illinc
2113 1937 2208 1982 aut
2244 1927 2490 1996 aliunde,
2524 1930 2826 1984 addiderim
2852 1945 2976 1999 ego,
3022 1940 3076 1985 et
3107 1946 3174 1986 ex
3202 1946 3369 1999 opere
3399 1949 3516 1987 ma-

1937 2036 2105 2072 nuum
2138 2028 2467 2083 vestrarum,
2495 2038 2592 2077 vos
2649 2023 2876 2078 nutriet.
2925 2022 3053 2078 Haec
3096 2025 3203 2080 vita
3245 2037 3519 2095 praestan-

1939 2113 2148 2166 tissima
2178 2131 2192 2166 :
2222 2114 2301 2167 sic
2321 2113 2603 2168 Christum
2644 2115 2785 2168 inter
2815 2130 2913 2170 vos
2950 2117 3240 2181 habebitis,
3267 2133 3414 2172 nunc
3435 2118 3519 2170 la-

1937 2204 2214 2267 borantes,
2249 2220 2395 2257 nunc
2429 2214 2668 2267 orantes,
2708 2215 2761 2259 et
2797 2206 3069 2260 interdum
3107 2208 3328 2276 quidem
3357 2208 3520 2277 quie-

1936 2305 2168 2358 scentes,
2202 2294 2469 2348 interdum
2489 2295 2745 2364 legentes.
2773 2294 2839 2349 Et
2863 2296 3072 2351 orietur
3094 2297 3248 2353 vobis
3277 2298 3369 2351 lux
3394 2298 3518 2352 dul-

1936 2385 2039 2448 cis,
2070 2397 2124 2439 et
2158 2387 2498 2441 intuentibus
2543 2387 2813 2441 amabiles
2841 2389 2998 2443 eritis
3029 2406 3043 2454 ;
3077 2398 3133 2443 et
3185 2388 3329 2445 Deus
3355 2391 3521 2462 glori-

1939 2477 2190 2532 ﬁcabitur
2222 2480 2275 2532 in
2323 2480 2501 2549 vobis,
2545 2491 2600 2534 et
2637 2480 2882 2536 vicissim
2937 2481 3274 2551 gloriﬁcabit
3306 2498 3426 2548 vos,
3467 2495 3522 2538 et

1939 2584 2081 2624 nunc
2126 2580 2180 2625 et
2212 2571 2264 2624 in
2313 2571 2497 2624 futuro
2522 2571 2746 2626 saaculo.
2799 2575 2877 2627 Ac
2936 2581 3121 2628 nostra
3153 2589 3392 2646 quoque,
3425 2578 3520 2644 qni

1940 2671 2251 2730 peccatores
2279 2678 2489 2727 sumus,
2554 2663 2807 2733 gloriatio
2834 2666 3008 2732 eritis,
3048 2678 3102 2722 et
3125 2668 3396 2724 universa
3431 2685 3524 2722 so-

1939 2752 2156 2809 cietatis
2193 2755 2384 2809 decus.
2433 2754 2557 2808 Haec
2583 2755 2718 2821 dixi,
2762 2772 2868 2810 non
2910 2759 3068 2828 quasi
3109 2775 3304 2814 aurum
3329 2774 3524 2814 recon-

1940 2844 2115 2899 ditum
2150 2863 2246 2901 vos
2291 2848 2578 2902 habeatis:
2614 2864 2790 2916 neque
2820 2865 2951 2904 vero
2989 2851 3270 2922 contingat
3292 2867 3392 2907 vos
3423 2852 3525 2905 ha-

1942 2939 2091 3002 bere,
2122 2954 2188 2992 ne
2213 2940 2448 2994 audiatis
2475 2958 2488 2993 :
2547 2938 2648 2993 Ubi
2694 2941 2973 2996 thesaurus
3005 2952 3194 3004 vester,
3241 2943 3314 2996 ibi
3343 2950 3393 2996 et
3435 2960 3527 2996 cur

1941 3041 2170 3085 vestrum
2209 3035 2306 3085 erit
2337 3033 2410 3085 θ’.
2447 3028 2766 3086 Thesaurus
2822 3048 2986 3100 porro
3023 3041 3108 3086 est
3147 3035 3442 3100 monacho,
3477 3036 3523 3089 si

1944 3139 2106 3191 supra
2147 3132 2258 3177 tres
2303 3138 2584 3188 nummos,
2635 3122 2777 3178 sicut
2832 3123 2974 3192 apud
3015 3123 3208 3179 Patres
3263 3126 3529 3194 scriptum

263 3217 375 3268 τῶν
419 3216 586 3286 τριῶν
621 3216 996 3285 νομισμάτων,
1042 3216 1184 3268 κατὰ
1231 3216 1290 3267 τὸ
1341 3218 1729 3286 γεγραμμένον
1786 3219 1844 3270 ὲν

1947 3215 2163 3286 legitur,
2224 3213 2330 3267 sibi
2361 3215 2652 3283 acquirat:
2709 3213 2874 3284 idque
2933 3223 2993 3268 ut
3042 3216 3185 3268 inter
3243 3216 3528 3271 mendicos

266 3313 381 3373 τοῖς
411 3311 656 3381 Πατράσι
681 3350 695 3370 ,
743 3309 1169 3380 περιποιήσηταί
1197 3327 1280 3372 τις
1311 3309 1488 3380 ἐαυτῷ
1511 3352 1525 3374 ,
1560 3312 1653 3363 καὶ
1688 3310 1847 3364 τοῦτο

267 3403 363 3455 ἐπὶ
412 3402 520 3452 τῶν
561 3400 792 3471 πτωχῶν
840 3399 938 3468 τὴν
982 3401 1251 3453 διόινοιαν’
1295 3403 1417 3453 ἐπεὶ
1465 3403 1559 3466 ὅγε
1614 3403 1849 3474 ἀκριϐὴς

273 3491 530 3564 μοναχὸς,
584 3494 677 3543 καὶ
729 3490 1006 3554 δεσπόζων
1055 3491 1262 3562 κόσμου
1317 3492 1383 3544 δι’
1437 3493 1847 3564 ἀκτημοσύνης,

269 3584 392 3638 οὐδὲ
435 3583 490 3636 ἒν
536 3584 800 3654 ἀργύριον
847 3585 1143 3653 κέκτηται·
1188 3585 1280 3636 καὶ
1323 3585 1518 3654 κράζει
1572 3586 1712 3656 μετὰ
1754 3586 1848 3638 τοῦ

273 3677 430 3745 ἁγίου
458 3675 667 3729 Παύλου
689 3691 701 3702 ·
734 3676 825 3741 Ὠς
856 3675 1089 3743 πτωχὸς
1118 3675 1248 3744 ἐγὼ,
1275 3678 1545 3743 πολλοὺς
1569 3677 1636 3730 δὲ
1665 3681 1852 3731 πλου-

273 3769 478 3830 τίζωνο
520 3767 618 3821 καὶ
672 3768 752 3832 ὡς
791 3767 862 3819 τὰ
911 3769 1107 3820 πάντα
1163 3769 1451 3837 κατέχων,
1499 3770 1596 3822 καί
1655 3769 1852 3838 μηδὲν

275 3862 450 3929 ἔχων.
490 3861 601 3914 Καὶ
633 3861 740 3930 γὰρ
770 3862 796 3912 6
826 3857 956 3922 Θεὸς
986 3860 1062 3931 τῷ
1100 3861 1326 3930 τοιούτῳ
1353 3860 1619 3914 πάντοθεν
1647 3862 1852 3929 ἀνοίγει

278 3955 468 4024 θύραν,
503 3953 598 4007 καὶ
628 3951 982 4022 ἡσυχάζοντι,
1012 3955 1106 4006 καὶ
1136 3953 1473 4024 διωκομένῳ,
1499 3953 1593 4006 καὶ
1623 3954 1855 4022 φυλακι-

277 4047 507 4117 ζομένῳ,
543 4047 637 4098 καὶ
664 4044 842 4096 ὁτιοῦν
876 4044 1141 4112 πάσχοντι
1168 4045 1374 4116 ἓτερον.
1403 4045 1512 4097 Kal.
1539 4045 1848 4114 Χριστοφό-

281 4158 372 4212 ρος
399 4143 426 4193 6
452 4139 696 4201 τοιοῦτος
721 4137 816 4191 καὶ
842 4139 1167 4208 Χριστιανὸς
1201 4138 1475 4209 ἀληθινὸς,
1500 4140 1592 4192 καὶ
1622 4139 1852 4208 ἄγγελος

280 4234 369 4285 ὲπὶ
399 4233 521 4302 γῆς,
546 4232 640 4284 καὶ
669 4230 1003 4300 θεομίμητος
1031 4229 1188 4301 ἀνὴρ,
1216 4232 1309 4284 καὶ
1336 4232 1672 4302 κληρονόμος
1691 4231 1851 4298 Θεοῦ,

283 4318 720 4390 συγκληρονόμος
749 4318 806 4370 δὲ
833 4319 1093 4388 Χριστοῦ.

350 4410 634 4480 Σκέψασθε
667 4411 760 4464 οῦν
785 4410 992 4470 λοιπὸν,
1039 4406 1083 4462 ὧ
1111 4411 1329 4480 ἀδελφοὶ
1356 4452 1370 4473 ,
1400 4412 1492 4488 τδν
1531 4413 1687 4480 λόγον
1708 4429 1722 4444 ο
1760 4415 1854 4466 καὶ

282 4504 330 4556 εἰ
359 4503 457 4573 μὲν
486 4503 794 4572 τρινομεῖτε
834 4502 1172 4570 ἀμφότεροι,
1199 4502 1299 4553 οὑκ
1329 4501 1624 4570 ἀπόϐλητοι
1660 4505 1718 4554 ὲν
1755 4520 1852 4571 μο-

1955 3307 2171 3361 censeri
2197 3306 2368 3376 possit
2396 3325 2408 3359 :
2430 3320 2537 3374 qua
2557 3315 2784 3361 exactus
2799 3308 3125 3372 monachus,
3147 3317 3201 3363 et
3223 3309 3315 3379 qui
3341 3308 3530 3363 mundi

1954 3398 2210 3452 dominus
2238 3408 2322 3452 est
2369 3412 2466 3467 per
2511 3407 2835 3467 egestatem,
2864 3414 2932 3451 ne
2985 3415 3153 3452 unum
3179 3400 3400 3470 quidem
3435 3416 3531 3454 ar-

1953 3501 2206 3559 genteum
2244 3491 2510 3561 possidet,
2544 3489 2854 3560 clamatque
2908 3504 3034 3544 cum
3080 3501 3272 3546 sancto
3320 3492 3528 3547 Paulo:

1955 3581 2102 3634 Sicut
2123 3598 2274 3651 egens
2295 3598 2387 3652 ego
2415 3591 2460 3634 et
2493 3581 2685 3635 multo:
2703 3581 3064 3650 locupletans;
3087 3592 3136 3637 et
3162 3591 3414 3653 tanquam
3431 3600 3536 3636 out-

1960 3675 2051 3726 nia
2077 3677 2372 3742 possidens,
2391 3684 2438 3727 et
2474 3675 2605 3727 nihil
2636 3673 2834 3728 habens
2863 3673 2900 3728 ί.
2927 3673 3139 3729 Etenim
3171 3674 3316 3729 Deus
3343 3692 3416 3743 ei,
3437 3678 3532 3743 qui

1956 3767 2079 3820 talis
2117 3777 2220 3830 est,
2260 3769 2461 3836 ubique
2491 3767 2994 3837 aperitjanuam,et
3026 3767 3261 3836 quietem
3287 3769 3531 3832 habenti,

1954 3866 2008 3910 et
2034 3860 2473 3926 persecutionem
2531 3858 2782 3928 patienti,
2819 3868 2874 3912 et
2900 3860 2954 3912 in
2995 3860 3243 3913 custodia
3289 3860 3532 3926 detento,

1953 3958 2047 4001 aut
2077 3951 2182 4003 alia
2218 3950 2414 4020 quavis
2443 3966 2684 4004 aerumna
2716 3966 3002 4020 oppresso.
3032 3951 3099 4006 Et
3131 3953 3272 4012 talis.
3297 3953 3532 4010 Christi-

1955 4039 2034 4094 fer
2060 4060 2122 4095 ac
2152 4028 2315 4098 verus
2351 4052 2435 4096 est
2457 4042 2828 4109 Christianus,
2871 4053 2925 4098 et
2969 4046 3264 4115 augelusin
3299 4057 3536 4109 terra,et

1954 4133 2120 4187 Deum
2169 4133 2393 4188 imitans
2434 4135 2545 4200 vir,
2565 4144 2620 4191 et
2666 4136 2840 4191 haeres
2899 4136 3016 4205 Dei,
3069 4138 3313 4197 cohzcres
3349 4153 3536 4198 autem

1953 4226 2157 4279 Christi
2183 4228 2228 4281 ’.

2028 4400 2300 4454 Attendite
2353 4401 2536 4469 igitur,
2597 4400 2817 4461 fratres.
2878 4401 2944 4455 ad
2985 4403 3129 4458 hunc
3187 4419 3535 4473 sermonem;

1957 4501 2008 4545 et
2044 4493 2090 4546 si
2121 4493 2340 4558 quidem
2381 4501 2492 4545 tres
2540 4501 2750 4546 tantum
2789 4510 3047 4549 nummos
3105 4497 3314 4552 habetis
3350 4497 3536 4560 ambo.

283 4596 483 4665 ναχοϊς,
526 4592 669 4648 κατὰ
712 4593 774 4646 τὸ
803 4593 1111 4662 ὑπόδειγμα
1155 4591 1215 4645 τδ
1255 4592 1554 4663 πατρικόνο
1587 4595 1634 4645 εί
1665 4593 1720 4645 δὲ
1755 4595 1844 4646 ὲπ‹

1964 4599 2069 4636 non
2128 4584 2261 4638 estis
2306 4583 2584 4652 rejiciendi
2630 4599 2697 4637 ex
2752 4586 3057 4650 monachis,
3103 4587 3262 4656 juxta
3312 4588 3535 4643 Patrum

284 4689 393 4743 ἀνω
425 4685 873 4756 δεκανομοῦντες,
914 4685 1095 4746 καθὼς
1128 4684 1332 4749 ἀκούω,
1366 4684 1398 4754 ἢ
1435 4685 1528 4738 καὶ
1560 4684 1727 4754 πρὸς·
1771 4703 1854 4753 γι-

285 4780 519 4833 νώσκετε
548 4779 818 4831 ἔκπτωτοι
837 4774 977 4829 εἶναι
1003 4777 1101 4847 τῆς
1128 4777 1430 4846 μοναχικῆς
1447 4778 1855 4842 καταστάσεως,

285 4873 375 4927 καὶ
402 4873 741 4943 θεραπευταὶ
770 4872 829 4924 οὐ
866 4870 1128 4940 Χριστοῦ,
1166 4869 1300 4922 ἀλλὰ
1329 4870 1422 4922 τοῦ
1458 4871 1735 4923 ἐναντίου·
1765 4873 1860 4924 καὶ

284 4968 447 5019 τέκνα
469 4965 570 5017 οὐκ
597 4963 732 5032 ἐμοῦ
761 4962 854 5016 τοῦ
888 4962 1167 5026 ταπεινοῦ,
1193 4962 1330 5014 ἀλλὰ
1355 4962 1449 5015 τοῦ
1478 4962 1866 5034 φιλοχρυσοῦν·

285 5075 392 5122 τος.
425 5056 636 5121 Δόξειεν
666 5055 810 5125 ὑμᾶς
837 5054 1038 5122 λέγειν,
1066 5055 1148 5106 ὃτι
1180 5054 1390 5123 Ἔχεις,
1423 5055 1510 5108 ναί
1533 5072 1546 5085 ο
1595 5057 1717 5108 ἐπεὶ
1770 5055 1866 5108 καὶ

288 5149 516 5220 Χριστὸς
564 5147 654 5201 διὰ
700 5147 796 5200 τοῦ
845 5147 1233 5216 γλωσσοκόμου
1283 5140 1345 5200 οὗ
1395 5148 1733 5218 ἐπεφέρετο,
1771 5149 1867 5202 καὶ

291 5244 394 5304 πᾶς
438 5239 853 5310 καθηγούμενος
900 5240 995 5292 καὶ
1033 5240 1313 5308 προεστὼς
1344 5239 1454 5291 τῶν
1497 5237 1859 5309 Ἐκκλησιῶν,

301 5335 463 5389 Ἀλλὰ
491 5335 578 5388 διὰ
607 5333 705 5404 τὴν
734 5332 1044 5401 οἰκονομίαν
1063 5332 1160 5400 τῆς
1190 5332 1569 5402 ἀδελφότητος,
1591 5335 1726 5402 Φησὶ
1753 5334 1863 5404 γὰρ

292 5429 347 5478 ὲν
393 5424 470 5494 τῷ
519 5423 841 5494 Εὑαγγελίῳ
880 5424 908 5476 6
952 5422 1158 5492 Κύριος
1211 5423 1346 5492 πρὸς
1392 5422 1483 5473 τὸν
1520 5423 1752 5476 Ἰούδανο
1795 5425 1862 5476 ⁸³0

295 5519 499 5583 ποιεῖς,
545 5518 808 5584 ποίησον
843 5516 1070 5585 τάχιον.
1125 5514 1303 5569 Τοῦτο
1344 5514 1412 5567 δὲ
1461 5515 1661 5579 οὐδεὶς
1714 5516 1867 5584 ἔγνω

294 5610 408 5664 τῶν
435 5607 841 5676 ἀνακειμένων
870 5608 1020 5674 πρὸς
1058 5605 1114 5658 τί
1141 5601 1310 5658 εἶπεν
1334 5604 1513 5670 αὐτῷ.
1559 5604 1725 5671 Τινὲς
1757 5607 1866 5675 γὰρ

293 5700 564 5764 ἐδόκουν,
594 5698 723 5752 ἐπεὶ
750 5698 814 5751 τὸ
845 5699 1281 5768 γλωσσόκομον
1303 5691 1468 5765 εἶχεν
1513 5695 1755 5761 Ἰούδας,
1775 5696 1864 5749 ὅτι

367 5872 408 5903 ’⁸
437 5868 568 5926 Luc.
603 5885 699 5938 χιι,
739 5869 828 5924 ⁸51.
911 5869 925 5899 ²
957 5868 1082 5924 Cor.
1120 5884 1189 5934 vi,
1236 5867 1323 5920 10.

1441 5871 1459 5899 ¹
1493 5867 1651 5923 Rom.
1683 5885 1800 5937 vni,
1849 5869 1930 5923 18.

1961 4677 2289 4744 exemplum.
2334 4677 2403 4728 At
2435 4676 2478 4730 si
2530 4691 2695 4744 supra
2725 4676 2912 4730 decem
2964 4694 3240 4744 nummos,
3267 4689 3326 4732 ut
3351 4681 3536 4743 audio,

1965 4770 2048 4821 vel
2089 4768 2346 4836 amplius,
2387 4767 2581 4821 scitote
2613 4782 2712 4823 vos
2760 4770 3157 4823 monachorum
3195 4781 3338 4825 statu
3392 4777 3540 4826 exci-

1965 4860 2133 4924 disse,
2185 4861 2531 4928 cultoresque
2579 4873 2722 4925 esse,
2777 4875 2885 4912 non
2936 4859 3164 4924 Christi,
3217 4864 3314 4917 sed
3344 4868 3538 4918 adver-

1967 4951 2136 5017 Sarii;
2170 4961 2223 5004 et
2249 4950 2388 5005 lilios
2411 4966 2553 5017 esse,
2591 4967 2697 5004 non
2733 4951 3059 5008 humilitatis
3084 4969 3236 5018 meaa,
3277 4956 3372 5010 sed
3392 4955 3541 5010 illius

1963 5044 2055 5113 qui
2082 5059 2278 5098 aurum
2309 5053 2478 5098 amat.
2532 5043 2733 5099 Dicetis
2767 5043 3004 5102 fortasse
3044 5046 3246 5100 habere
3276 5063 3374 5103 vos
3414 5051 3540 5119 qui-

1965 5136 2108 5199 dem,
2145 5137 2237 5190 sed
2260 5145 2314 5190 et
2373 5135 2650 5190 Christum
2705 5136 2916 5191 loculos
2969 5138 3252 5202 habuisse,
3301 5138 3541 5209 itemque

1967 5230 2315 5300 praepositum
2362 5243 2583 5282 omnem
2652 5244 2716 5282 ac
2747 5229 3034 5298 praesidem
3070 5229 3452 5286 Ecclesiarum.
3474 5235 3544 5286 At

1970 5321 2045 5374 illi
2083 5323 2185 5373 hoc
2227 5331 2486 5388 tanquam
2525 5318 2757 5374 fratrum
2793 5322 3088 5377 (Bconomi.
3122 5323 3262 5378 Dicit
3311 5326 3457 5379 enim
3487 5325 3544 5380 in

1971 5411 2261 5482 Evangelio
2296 5412 2555 5467 Dominus
2591 5411 2787 5468 Judae:
2839 5413 2992 5481 Quod
3042 5417 3200 5486 facit,
3251 5419 3339 5486 [ac
3362 5419 3544 5473 citius.

1977 5503 2090 5556 Hoc
2115 5517 2289 5557 autem
2313 5520 2463 5556 nemo
2499 5505 2651 5558 scivit
2713 5505 3154 5560 discumbentium
3205 5507 3274 5560 ad
3295 5508 3422 5577 quid
3465 5510 3549 5561 dl-

1968 5599 2105 5652 xeril
2139 5599 2204 5651 ei.
2244 5597 2477 5663 Quidam
2512 5599 2650 5651 enim
2678 5601 2962 5667 putabant,
3003 5603 3131 5671 quia
3158 5602 3358 5655 loculos
3392 5602 3550 5654 habe-

1968 5693 2059 5745 bat
2080 5691 2274 5758 Judas,
2305 5693 2443 5762 quod
2487 5692 2712 5746 dixisset
2737 5693 2821 5747 ei:
2852 5693 2982 5750 Eme
3025 5711 3087 5748 ca
3111 5712 3226 5766 qua:
3275 5711 3402 5765 Opus
3429 5705 3550 5750 sunt
