4184 6484
700 390 835 454 1559

1874 392 1935 450 S.
1973 387 2365 450 THEODORI
2415 388 2763 449 STUDIT/E

3823 391 3981 453 1560

696 509 844 563 nobis
865 507 932 560 ad
964 508 1102 559 diem
1132 508 1326 576 festum
1352 523 1369 560 :
1410 518 1501 559 aut
1531 509 1707 577 egenis
1748 518 1804 560 ut
1826 507 2031 577 aliquid
2060 509 2208 560 daret
2231 507 2268 560 ⁸.

2378 503 2540 574 λέγει
2568 504 2750 571 αὐτῷ,
2788 503 3115 575 Ἀγόρασον
3136 500 3224 561 ὧν
3240 507 3450 575 χρείαν
3470 507 3691 577 ἔχομεν
3716 512 3816 576 εις
3844 514 3981 577 τὴν

697 600 789 653 διο
819 598 885 652 ad
921 597 1282 652 imitationem
1310 596 1543 665 Christi,
1578 598 1834 653 omnibus
1860 599 1954 667 qui
1982 615 2107 653 vere
2134 614 2271 668 prae-

694 697 850 752 sunt,
880 688 1092 742 loculos
1123 687 1324 741 habere
1356 687 1502 752 licet,
1543 704 1653 742 non
1674 689 1747 743 ob
1776 689 1922 743 aliud
1946 691 2268 760 quidquam,

696 782 876 836 alisitl
922 781 1030 834 Deo
1070 782 1211 833 enim
1246 797 1565 850 magnopere
1594 780 1866 852 displicet.
1895 781 1950 836 Si
1980 798 2111 852 ergo
2135 800 2271 853 prae--

695 874 840 927 sides
875 873 1040 926 etiam
1102 887 1197 925 vos
1227 872 1382 934 estis,
1442 882 1496 925 et
1544 873 1699 926 vobis
1738 872 1902 943 aliqui
1938 874 2118 942 largiti
2151 874 2269 928 fue-

695 968 827 1031 rint,
859 966 1321 1035 quemadmodum
1379 975 1434 1021 et
1472 966 1693 1020 Christo
1723 968 1846 1034 ipsi,
1876 966 1941 1019 de
1990 967 2269 1034 facultati-

695 1064 789 1115 bus
813 1062 947 1123 suis,
976 1060 1118 1113 sicut
1147 1058 1408 1127 scriptum
1440 1069 1544 1125 est,
1578 1060 1822 1112 mulieres
1846 1076 1965 1129 que
1990 1061 2144 1112 illum
2192 1075 2270 1111 se-

692 1153 992 1222 quebantur
1015 1154 1037 1183 δ
1068 1170 1083 1209 ;
1110 1161 1165 1206 et
1205 1152 1412 1206 sanctis
1440 1152 1693 1206 similiter
1722 1152 1814 1205 alii
1863 1163 1917 1205 et
1951 1154 2102 1206 alim:
2134 1153 2270 1206 bene

694 1245 893 1307 habet,
922 1246 1251 1315 possidentis
1283 1246 1428 1308 licet,
1460 1259 1568 1298 non
1597 1244 1788 1298 decem
1845 1258 2122 1306 nummos,
2173 1241 2268 1296 sed

693 1338 875 1392 decies
910 1338 1096 1392 mille:
1136 1339 1272 1393 nihil
1299 1338 1445 1393 enim
1481 1345 1721 1390 vestrum
1758 1346 1862 1396 est,
1893 1336 1988 1389 sed
2024 1334 2265 1397 Christi;

692 1439 747 1484 et
773 1430 1181 1499 dispensatores
1213 1446 1308 1486 vos
1355 1429 1490 1485 estis
1522 1430 1793 1485 bonorum
1842 1428 2085 1493 Christi;
2126 1427 2270 1481 sicut

691 1533 745 1575 et
776 1522 976 1578 Paulus
1007 1524 1193 1577 omnia
1228 1522 1535 1592 possidens,
1587 1520 1722 1575 nihil
1768 1520 2017 1583 habebat,
2056 1528 2109 1573 et
2145 1521 2269 1587 qui-

694 1630 913 1684 cunque
960 1616 1101 1669 alius
1135 1614 1199 1668 ad
1231 1615 1376 1669 hunc
1425 1614 1569 1667 diem
1597 1628 1721 1665 cutn
1755 1609 1847 1665 Dei
1885 1611 2049 1664 timor
2070 1610 2265 1679 praefe-

690 1717 903 1761 cturam
933 1707 1118 1778 gessit.
1148 1705 1305 1771 Quod
1355 1706 1402 1759 si
1458 1704 1733 1773 praepositi
1763 1718 1871 1757 non
1904 1702 2059 1766 estis,
2098 1716 2162 1755 ac
2186 1701 2267 1754 di-

694 1808 1037 1867 spensatores
1066 1798 1395 1859 animarum,
1429 1797 1621 1849 hortor
1642 1803 1696 1847 et
1720 1794 1969 1855 obsecro.
1999 1802 2267 1861 utquam-

2370 594 2606 663 ἑορτὴν,
2651 596 2687 664 ἦ
2735 595 2855 662 τοῖς
2902 596 3161 667 πτωχοῖς
3206 599 3308 651 ινα
3345 598 3428 663 δῷ
3455 617 3531 655 τι.
3581 600 3775 664 Οὕτως
3813 605 3975 656 κατὰ

2372 688 2605 757 μίμησιν
2634 688 2895 759 Χριστοῦ,
2931 690 2991 744 ἐν
3038 691 3174 742 πᾶσι
3204 693 3316 753 τοῖς
3346 692 3618 762 ἀληθινοῖς
3661 694 3973 763 προεστῶ-

2372 794 2476 832 σιν.
2502 778 2617 829 ἔστι
2646 780 2864 841 πάντως
2890 781 2950 833 τὸ
2980 782 3385 849 γλωσσόκομον
3406 786 3497 835 καὶ
3523 784 3582 836 ού
3606 782 3677 834 δι’
3711 784 3852 835 ἀλλο
3878 802 3966 849 τι,

2369 868 2582 935 ἄπαγεί
2636 869 2882 937 ἔχθιστον
2922 870 3030 941 γὰρ
3073 870 3213 941 Θεῷ.
3263 868 3443 926 Είοῦν
3472 875 3565 926 καὶ
3614 874 3775 941 ὑμεῖς
3825 877 3967 928 ἐστι

2370 962 2738 1029 προεστῶτες,
2776 965 2869 1015 καὶ
2901 963 3227 1017 ἑπιδιδοῦσιν
3258 965 3388 1033 ὑμῖν
3424 982 3586 1025 τινες,
3618 966 3693 1027 ὡς
3725 968 3829 1020 καὶ
3858 971 3968 1020 aio-

2368 1054 2446 1121 τῷ
2475 1053 2720 1123 Χριστῷ,
2762 1055 2829 1107 ἐκ
2865 1052 2985 1107 τῶν
3017 1050 3411 1123 ὒπαρχόντων
3434 1056 3649 1121 αὐτῶν,
3680 1061 3830 1112 καθα
3856 1063 3964 1127 γέ-

2369 1162 2650 1212 γραπται,
2698 1148 2757 1199 at
2807 1146 3374 1201 συνακολουθοῦσαι
3420 1146 3579 1212 αὐτῷ
3623 1152 3959 1218 γυναῖκες’

2370 1239 2463 1289 καὶ
2490 1240 2605 1300 τοῖς
2636 1238 2815 1304 ἁγίοις
2838 1238 3211 1308 ὁμοιοτρόπως
3242 1238 3393 1292 ἄλλοι
3422 1240 3518 1292 καὶ
3542 1240 3701 1295 ἄλλαι
3722 1260 3736 1273 ·
3770 1243 3842 1296 εὖ
3886 1245 3964 1296 ἂν

2368 1328 2511 1397 ἔχοι·
2565 1329 2659 1380 καὶ
2688 1329 2904 1399 σχοίητε
2937 1329 3013 1400 μὴ
3062 1331 3172 1382 ἀπὸ
3218 1331 3349 1384 δέκα
3400 1335 3770 1402 νομισμάτων,
3807 1335 3965 1389 ἀλλὰ

2368 1419 2463 1470 καὶ
2487 1418 2595 1471 ἀπὸ
2624 1420 2837 1488 μυρίων
2855 1436 2869 1449 ο
2896 1420 3049 1472 οὐδὲν
3078 1422 3185 1492 γὰρ
3216 1422 3499 1493 ὑμέτερον,
3521 1424 3655 1477 ἀλλὰ
3677 1426 3954 1495 Χριστοῦο

2368 1512 2462 1563 καὶ
2492 1512 2764 1579 οἰκονόμοι
2793 1512 2952 1580 ὑμεῖς
2976 1512 3065 1565 διὰ
3088 1512 3181 1565 τοῦ
3203 1514 3441 1585 Χριστοῦ
3461 1532 3475 1545 ·
3504 1518 3647 1571 καθὰ
3669 1521 3761 1571 καὶ
3788 1512 3957 1572 Παῦ-

2367 1600 2453 1665 λος
2482 1605 2550 1654 τὰ
2580 1604 2753 1655 πάντα
2789 1604 3055 1673 κατέχων,
3074 1604 3226 1659 οὐδὲν
3250 1602 3385 1675 εἶχε,
3414 1610 3507 1660 καί
3532 1612 3641 1671 πᾶς
3669 1626 3754 1673 τις
3776 1611 3957 1674 ἄλλος

2372 1694 2532 1763 μέχρι
2560 1694 2654 1745 τοῦ
2682 1694 2842 1763 δεῦρο
2875 1695 3150 1764 θεοφόσως
3174 1697 3312 1766 ἔχων
3345 1699 3443 1768 τὴν
3474 1703 3838 1768 προστασίαν.
3878 1704 3952 1756 ει

2368 1784 2423 1835 δὲ
2454 1786 2554 1836 οὐκ
2586 1786 2708 1837 ἐστὲ
2740 1786 3063 1855 προστάται,
3100 1788 3194 1839 καὶ
3216 1789 3487 1859 οἰκονόμοι
3515 1791 3722 1860 ψυχῶν,
3754 1813 3953 1865 παρα-

695 1854 933 1957 primum
1009 1888 1251 1957 erogetis
1316 1886 1460 1955 quod
1530 1886 1897 1955 praescriptam
1953 1898 2264 1937 mensuram

2371 1876 2524 1927 καλῶ
2560 1879 2654 1930 καὶ
2686 1854 2976 1941 ἀντιϐολῶ,
3002 1879 3315 1949 διανείματε
3340 1854 3411 1934 τὸν
3429 1854 3951 1957 παραψτδωρισμὲ-

694 1979 928 2045 excedit,
971 1994 1039 2033 ne
1066 1978 1314 2032 avaritia:
1344 1977 1535 2030 morbo
1596 1976 1740 2041 capti
1766 1992 1796 2029 ιι
1831 1974 2070 2038 diabolo,
2101 1974 2267 2028 disci-

693 2072 805 2142 puli
831 2072 1039 2125 Christi
1096 2086 1217 2123 esse
1266 2070 1552 2123 desinatis.
1592 2066 1713 2121 Haec
1771 2083 1876 2120 non
1934 2067 2087 2119 vobis
2136 2066 2267 2120 solis

691 2168 826 2233 dixi,
853 2166 947 2222 sed
998 2183 1094 2237 per
1140 2181 1238 2220 vos
1275 2165 1490 2220 cunctis
1516 2163 1818 2228 fratribus;
1872 2180 1971 2217 nec
2000 2165 2126 2218 odio
2170 2166 2267 2217 ha-

694 2260 850 2322 bens,
889 2259 1030 2313 absit
1056 2276 1071 2322 ;
1098 2257 1190 2311 sed
1222 2269 1549 2324 magnopere
1577 2255 1810 2323 diligens
1836 2272 1851 2321 ;
1886 2270 2063 2323 neque
2088 2255 2143 2307 in
2176 2268 2267 2306 an-

693 2350 905 2420 gustias
934 2348 1103 2417 redigi
1151 2362 1247 2399 vos
1285 2347 1532 2415 cupiens,
1564 2347 1659 2400 sed
1700 2346 1993 2399 admodum
2029 2343 2261 2398 dilatari.

695 2442 752 2493 ln
778 2438 1027 2507 angustia
1062 2437 1262 2506 quippe
1319 2438 1587 2490 latitudo:
1620 2446 1675 2489 et
1714 2437 1767 2489 in
1798 2435 2017 2489 tristitia
2069 2448 2266 2486 secun-

692 2532 823 2584 dum
853 2528 1154 2590 Christum,
1198 2528 1488 2581 exsultatio
1523 2529 1771 2597 spiritus.
1806 2526 1873 2581 Et
1932 2527 2115 2579 audite
2156 2541 2262 2589 me,

694 2624 809 2685 lilii,
835 2632 1173 2692 peecatorem
1226 2636 1373 2679 recte
1404 2622 1805 2683 consulentem,
1853 2620 2091 2687 legitime
2123 2634 2262 2689 pra:-

692 2711 977 2781 cipientem
1006 2728 1021 2777 ;
1055 2721 1115 2765 ut
1148 2727 1260 2781 'per
1299 2712 1485 2765 omnia
1523 2718 1577 2763 et
1605 2709 1657 2761 in
1707 2708 1965 2762 omnibus
1991 2708 2265 2776 placentes

691 2802 931 2869 Christo,
973 2803 1216 2858 Incredes
1246 2803 1423 2857 simus
1470 2804 1738 2855 honorum
1769 2809 2120 2855 aeternorum.

1054 3081 1337 3138 CLXXXI.
1357 3115 1427 3125 —
1458 3084 1649 3141 Maria
1677 3086 1887 3155 regiae.

2370 1987 2459 2021 νον
2492 1970 2692 2039 μέτρον
2728 1971 2882 2040 τάχει
2905 1988 2919 2001 ο
2952 1972 3040 2024 ἴνα
3074 1973 3148 2041 μὴ
3190 1972 3268 2041 τῷ
3306 1973 3404 2043 τῆς
3442 1976 3804 2047 φιλαργυρίας
3834 1980 3949 2032 πά-

2369 2059 2450 2111 θει
2481 2060 2698 2121 ἁλόντες
2744 2062 2847 2113 ὑπὸ
2894 2062 2987 2113 τοῦ
3034 2061 3313 2129 διαϐόλου,
3362 2067 3642 2120 ἐπιπέσοιτε
3682 2070 3787 2122 ἀπὸ
3843 2071 3949 2137 τῆς

2371 2148 2667 2215 μαθητείας
2696 2149 2955 2217 Χριστοῦ.
2990 2150 3178 2203 Ταῦτα
3207 2154 3307 2221 οὐχ
3342 2154 3471 2223 ύμῖν
3506 2158 3685 2225 μόνοις
3714 2159 3944 2226 εἴρηκα,

2368 2238 2502 2289 ἀλλὰ
2535 2240 2628 2290 καὶ
2655 2240 2721 2291 δι’
2747 2241 2898 2309 ὑμῶν
2922 2243 3055 2293 πᾶσι
3081 2243 3193 2305 τοῖς
3224 2244 3474 2314 ἀδελφοῖς
3494 2266 3506 2279 ·
3530 2249 3621 2299 καὶ
3644 2249 3703 2299 ού
3739 2248 3945 2317 μισῶν,

2366 2328 2547 2395 ἄπαγε
2572 2330 2583 2381 l
2616 2330 2752 2382 ἀλλὰ
2782 2330 2877 2383 καὶ
2901 2330 3045 2384 πάνυ
3078 2332 3249 2401 φιλῶν
3268 2351 3282 2365 ⁸
3315 2336 3412 2388 καὶ
3447 2336 3507 2388 ού
3535 2337 3946 2407 στενοχωρῆσαι

2370 2419 2513 2487 ὑμᾶς
2534 2419 2881 2489 αἱρούμενος,
2926 2422 3062 2477 ἀλλὰ
3090 2425 3184 2477 καὶ
3218 2426 3361 2479 πάνυ
3398 2427 3797 2497 εὐρυχωρῆσαι.
3851 2431 3946 2483 Ἐν

2366 2509 2475 2579 γὰρ
2502 2513 2566 2579 τῇ
2597 2512 2876 2582 στενότητι
2906 2515 2939 2583 ἡ
2970 2515 3248 2586 πλατύτης
3268 2532 3283 2545 ο
3311 2517 3407 2569 καί⁸
3453 2518 3509 2570 ὲν
3533 2522 3598 2589 τῇ
3632 2521 3772 2572 κατὰ
3804 2522 3949 2593 X9;-

2368 2604 2493 2657 στὸν
2524 2604 2699 2674 θλίψει
2726 2609 2759 2677 ή
2790 2609 3113 2677 ἀγαλλίασις
3142 2610 3236 2662 τοῦ
3272 2611 3601 2681 πνεύματος.
3635 2615 3746 2669 Καὶ
3768 2617 3947 2670 ακού-

2369 2695 2499 2749 σατέ
2557 2712 2661 2765 μου
2689 2736 2703 2759 ,
2754 2697 2945 2763 τέκνα,
2980 2699 3071 2752 τοῦ
3106 2699 3431 2769 ἁμαρτωλοῦ
3481 2703 3659 2767 καλῶς
3697 2705 3946 2774 συμϐου-

2365 2786 2633 2853 λεύοντος,
2667 2789 2909 2861 ἐννόμως
2958 2792 3416 2862 προστάσσοντος.
3442 2795 3560 2850 Ἵνα
3588 2798 3728 2851 κατὰ
3760 2800 3945 2852 πάντα

2366 2882 2461 2933 καὶ
2512 2882 2569 2934 ἐν
2617 2883 2784 2939 πᾶσιν
2832 2882 3254 2953 εὐαρεστοῦντες
3302 2884 3559 2956 Χριστῷ,
3609 2886 3946 2960 κληρονόμοι

2372 2971 2657 3043 γενώμεθα
2696 2974 2803 3027 τῶν
2833 2974 3066 3027 αἰωνίων
3095 2974 3341 3042 ἀγαθῶν.

2540 3085 2691 3137 PllA'
2715 3085 2847 3153 at).
2864 3113 2931 3124 —-
2954 3086 3146 3153 Μαρίᾳ
3157 3087 3524 3158 βασιλίσσῃ.
3553 3090 3729 3162 ιψμςι.

877 3190 952 3240 Ne
977 3196 1026 3241 in
1048 3195 1233 3257 palatio
1256 3206 1367 3242 cum
1400 3194 1500 3243 tilia
1519 3198 1744 3258 Augusta
1768 3193 1959 3246 habitet
1981 3210 1993 3243 :
2016 3208 2115 3257 quo
2138 3196 2294 3259 fugiat
2315 3195 2656 3248 haereticorum
2693 3196 3010 3247 consortium.
3049 3198 3252 3261 (Baron.
3285 3214 3365 3249 an.
3396 3199 3503 3259 816,
3537 3215 3586 3251 n.
3611 3203 3715 3267 23.)

762 3296 986 3362 Quales,
1027 3313 1129 3353 nos
1159 3297 1377 3367 abiecti,
1440 3308 1494 3353 et
1526 3300 1752 3369 quinam
1781 3316 1992 3366 sumus,
2026 3316 2165 3371 quos
2215 3304 2268 3357 in
2298 3310 2340 3365 C

696 3389 1118 3442 occurrentibus
1150 3389 1415 3444 molestiis
1440 3389 1751 3455 defendere,
1782 3402 1837 3446 et
1867 3394 2122 3449 laudibus
2157 3411 2265 3449 su-

695 3494 792 3548 pra
834 3480 1056 3533 modum
1094 3481 1288 3535 efferre
1310 3490 1366 3537 et
1400 3497 1725 3538 consecrare
1766 3484 1986 3555 dignata
2030 3487 2101 3542 sit
2129 3503 2266 3557 prae-

694 3571 899 3627 cellens
928 3572 1231 3627 dominatio
1263 3574 1392 3628 tua?
1436 3577 1686 3631 Attamen
1723 3580 1867 3647 quod
1911 3579 2067 3633 istam
2103 3579 2267 3649 pieta-

694 3664 766 3718 tis
791 3673 897 3717 tua:
946 3664 1317 3733 dignationem
1359 3668 1785 3735 susceperimus,
1818 3685 1905 3724 res
1936 3670 2051 3739 ipsa
2104 3668 2263 3723 iidem

694 3756 859 3811 faciet
888 3774 902 3810 :
937 3757 1162 3826 quando
1191 3760 1355 3813 etiam
1379 3761 1756 3813 necessarium
1796 3772 1902 3823 est,
1947 3760 2145 3815 multos
2168 3761 2266 3815 abs

696 3859 749 3903 te
775 3849 995 3903 liberari
1024 3848 1158 3905 falsa
1184 3851 1515 3920 suspicione,
1550 3868 1673 3923 qua:
1731 3854 1784 3907 in
1822 3853 2135 3922 hujusmodi
2174 3869 2267 3909 oc-

695 3941 1011 3997 casionibus
1057 3944 1196 3997 solet
1234 3943 1497 4013 obrepere
1553 3962 1568 3999 :
1616 3960 1716 3999 nec
1767 3945 1988 3999 mirum.
2048 3944 2265 3999 Ell'usus

692 4033 838 4087 enim
878 4048 1063 4087 sermo
1093 4048 1217 4087 cum
1252 4034 1305 4087 in
1344 4034 1546 4090 inultos
1590 4036 1954 4104 dispergatur,
1996 4050 2109 4091 tum
2156 4056 2262 4092 non

692 4133 778 4179 est
804 4124 859 4178 in
878 4125 1217 4195 singulorum
1243 4142 1336 4180 ore
1363 4142 1525 4182 verus
1558 4142 1972 4198 usquequaque.
2000 4127 2111 4185 Nos
2141 4145 2266 4184 vero

692 4217 893 4287 quibus
921 4219 1102 4273 verbis
1134 4227 1350 4273 utemur
1396 4218 1736 4275 aﬂlictissimi
1795 4222 1975 4278 cordis
2006 4224 2079 4277 tui
2111 4223 2266 4277 dolo—

693 4322 809 4361 rem
833 4311 1147 4379 abstergere
1168 4318 1430 4365 conantes
1446 4310 1469 4363 ?
1488 4322 1581 4365 aut
1596 4327 1833 4381 quonam
1858 4311 2105 4367 molliore
2132 4328 2266 4366 con-

695 4410 845 4454 tactu
880 4402 1239 4470 asperrimum
1284 4402 1453 4456 animi
1488 4418 1711 4458 sensum
1742 4403 1909 4457 lenire
1954 4404 2266 4473 possimus?

697 4487 973 4545 Pertulisti
998 4506 1127 4562 ergo
1156 4494 1175 4563 ί
1208 4502 1266 4546 ιιι
1304 4492 1373 4545 ab
1399 4493 1556 4546 initio
1581 4495 1907 4561 provehatur
1929 4493 2106 4545 oratio
2137 4493 2156 4560 )
2184 4494 2263 4544 iu-

689 4580 899 4649 justum
929 4582 1180 4653 conjugis
1205 4583 1523 4650 divortium,
1557 4584 1626 4637 ab
1648 4583 1877 4653 imperio
1928 4597 2144 4653 quoque
2190 4581 2263 4636 si-

2474 3303 2661 3356 Οποίοι
2704 3304 2867 3375 ἡμεῖς
2917 3303 3011 3357 καὶ
3058 3304 3205 3367 τίνες
3242 3307 3289 3359 οἰ
3338 3305 3612 3371 εὐτελεῖς,
3644 3310 3946 3382 ἀπολογίας

2372 3393 2662 3463 ἠξιωμένοι
2710 3394 2803 3445 ἰπὶ
2830 3396 2943 3457 τοῖς
2977 3394 3248 3465 συμϐᾶσιν
3292 3400 3553 3466 ανιαροίς,
3597 3400 3733 3469 πρὸς
3760 3402 3817 3455 δὲ
3850 3408 3946 3457 καὶ

2370 3482 2612 3545 ἐπαίνοις
2658 3482 2941 3553 ὑπεράγαν
2992 3484 3383 3552 ἁφοσιωθέντες
3427 3487 3575 3558 παρὰ
3625 3490 3729 3560 τῆς
3771 3492 3945 3564 ὑπερ-

2369 3572 2528 3643 τίμου
2582 3591 2673 3627 σου
2718 3574 3034 3645 κυριότητος
3058 3592 3073 3639 ;
3101 3576 3292 3645 Ὅμως
3316 3578 3397 3629 ὅτι
3428 3580 3837 3653 ἀποδεδεγμεθα
3882 3587 3944 3639 τὸ

2371 3665 2847 3731 εύσυγκατόιδατόν
2880 3683 2972 3718 σου
3006 3667 3103 3737 τῆς
3132 3668 3434 3735 εὐσεϐείας,
3479 3673 3678 3741 διδάξει
3725 3676 3787 3728 τδ
3813 3676 3943 3747 ἀλη-

2373 3754 2465 3819 θὲς
2489 3757 2595 3810 τῶν
2624 3760 2985 3827 πραγμάτων·
3010 3758 3282 3829 ὲπείτοιγε
3313 3764 3407 3815 καὶ
3433 3766 3749 3834 ἀναγκαῖον,
3766 3769 3944 3821 ἁπαλ-

2371 3845 2553 3911 λάξεις
2579 3849 2706 3910 τοὺς
2730 3847 2958 3911 πολλοὺς
2978 3847 3309 3917 ψευδοεποῦς
3330 3854 3668 3924 ὑπολήψεως,
3687 3856 3941 3922 εἰωθυίας

2370 3939 2428 3989 ἐν
2487 3940 2608 4002 ταῖς
2645 3938 2923 4003 τοιαύταις
2969 3941 3259 3996 ὑποθέσεσι
3302 3946 3808 4016 παρεισκρίνεσθαι,
3848 3950 3940 4003 καὶ

2371 4033 2430 4081 οῦ
2460 4029 2793 4099 θαυμαστόν.
2842 4031 3224 4103 Ῥυῖσκόμενος
3266 4037 3372 4107 γὰρ
3404 4039 3433 4091 6
3470 4036 3628 4106 λόγος
3660 4040 3939 4095 σκίδναται

2371 4122 2462 4172 ἐπὶ
2505 4122 2738 4185 πολλοῖς
2765 4122 2865 4175 οὐκ
2890 4123 3028 4193 ἔχων
3059 4126 3144 4195 ἐφ’
3174 4128 3389 4198 ἑκάστῳ
3422 4129 3652 4199 τάληθὲς
3689 4132 3935 4195 ἐντελῶς.

2382 4212 2573 4281 Ἡμεῖς
2602 4211 2655 4265 δὲ
2688 4213 2858 4277 ποίοις
2883 4214 3063 4283 λόγοις
3099 4217 3433 4289 χρησόμεθα,
3480 4223 3809 4293 πειρώμενοι
3844 4241 3937 4278 σου

2372 4304 2691 4387 θεραπεύειν
2746 4298 2806 4359 τὸ
2860 4307 3022 4375 ἄλγος
3072 4309 3168 4374 τῆς
3227 4309 3566 4363 πολυωδύνου
3599 4314 3863 4383 καρδίας;
3900 4316 3935 4386 ἢ

2368 4396 2479 4448 τίσι
2530 4397 2856 4467 πραοτέραις
2898 4401 3133 4466 ἐπαφαῖς
3186 4399 3393 4453 λειᾶναι
3433 4419 3525 4455 σου
3578 4402 3940 4476 δυνηθείημεν

2368 4487 2428 4539 τὸ
2457 4488 2719 4558 τραχῦνον
2740 4490 2837 4561 τῆς
2880 4491 3098 4561 ψυχῆςς
3135 4492 3410 4559 Ἦνεγκας
3449 4495 3743 4564 τοιγαροῦν
3789 4498 3853 4551 ἵν’
3876 4497 3935 4566 ἐξ

2368 4581 2538 4649 ἀρχῆς
2568 4583 2699 4652 ἡμῖν
2732 4583 2910 4652 προῖοι
2941 4584 2969 4636 6
2998 4582 3155 4650 λόγος
3179 4601 3197 4617 ο
3228 4584 3410 4638 ἄδικον
3440 4586 3713 4656 ὁμοζύγου
3769 4608 3936 4661 χωρι-

695 4674 808 4727 mul
837 4673 1051 4740 avulsa,
1082 4674 1241 4745 cujus
1271 4676 1347 4730 rei
1371 4690 1539 4749 causa
1566 4690 1868 4731 concussus
1899 4683 1982 4729 est
2003 4674 2261 4728 mundus.

2370 4673 2504 4743 σμόν
2532 4678 2947 4745 ’συνεκραγεῖσα
2968 4678 3062 4729 καὶ
3089 4676 3181 4730 τοῦ
3207 4680 3459 4748 κράτους,
3491 4681 3577 4749 ἐφ’
3597 4673 3643 4747 ᾧ
3663 4680 3933 4751 δεδὸνηται

696 4764 1063 4821 Miserandam
1120 4767 1527 4837 spectaculum!
1567 4768 1824 4822 Adultera
1854 4782 2145 4837 purpuram
2179 4782 2267 4835 ge-

694 4872 842 4924 rens,
872 4866 928 4913 et
979 4860 1167 4929 regina
1222 4859 1371 4929 pullo
1404 4858 1605 4914 amictu
1635 4868 1816 4915 tecta:
1850 4857 2052 4913 famula
2091 4858 2265 4927 impe-

694 4962 848 5013 rans,
912 4958 967 5002 et
995 4949 1218 5003 domina
1251 4950 1518 5006 serviens.
1572 4951 1749 5019 Atque
1781 4959 1840 5003 ut
1872 4962 2059 5003 caetera
2100 4950 2262 5002 omit-

692 5048 830 5104 tam,
868 5042 989 5106 tibi,
1018 5057 1142 5111 qua:
1173 5057 1335 5112 passa
1366 5059 1447 5108 es,
1486 5044 1707 5098 notiora
1738 5058 1901 5112 quam
1934 5042 2091 5097 nobis
2111 5041 2264 5109 igno-

695 5136 942 5189 rantibus
977 5155 989 5189 :
1022 5136 1275 5190 exsilium
1307 5151 1405 5207 pro
1424 5138 1649 5190 veritate
1680 5136 1948 5205 pertulisti
1972 5150 2001 5187 a
2028 5134 2260 5203 propriis

695 5226 1001 5280 visceribus
1037 5235 1309 5294 separata.
1350 5223 1421 5277 Ex
1450 5240 1558 5294 quo
1582 5233 1635 5277 et
1666 5224 1821 5275 dolor
1850 5221 1943 5275 tibi
1989 5235 2257 5281 summus,

691 5326 747 5370 et
811 5317 1083 5387 praecipua
1123 5318 1243 5370 laus
1275 5331 1303 5369 a
1346 5314 1473 5379 Dco,
1505 5316 1718 5385 piisquu
1766 5312 2041 5368 omnibus.
2079 5310 2258 5365 Tertia

694 5406 808 5460 haec
846 5408 1003 5483 plaga
1028 5415 1130 5472 est,
1166 5409 1232 5461 de
1260 5423 1388 5476 qua,
1423 5407 1550 5475 quid
1588 5408 1797 5472 deceat,
1831 5404 2257 5475 exponerejussi

764 5580 961 5635 ’Joan.
996 5596 1115 5644 xm,
1146 5580 1236 5645 27,
1261 5582 1349 5635 28.
1429 5582 1450 5611 ⁸
1478 5580 1607 5637 Luc.
1644 5597 1760 5643 ml,
1803 5581 1867 5647 ὃς
1902 5597 2054 5645 xxm,
2082 5579 2161 5633 i9.

2365 4764 2643 4835 όκόσμος.
2696 4767 2956 4820 Ἑλεεινὺν
2999 4768 3204 4841 θέαμαί
3251 4770 3315 4823 Ἡ
3366 4771 3614 4841 μοιχαλὶς
3661 4790 3933 4845 πορφυροο

2367 4854 2625 4926 φοροῦσα,
2653 4857 2746 4909 καὶ
2793 4859 2826 4925 ή
2883 4857 3089 4928 βασιλὶς
3124 4860 3624 4932 μελανειμονοῦσαο
3680 4866 3713 4933 ἠ
3774 4866 3929 4935 δούλη

2364 4946 2721 5011 δεσπόζοντα,
2762 4950 2857 5001 καὶ
2908 4952 2941 5020 ἡ
2995 4950 3250 5005 δέσποινα
3312 4952 3635 5022 θητεύουσα.
3687 4956 3795 5010 Καὶ
3850 4957 3929 5010 Eva.

2364 5037 2531 5090 τᾶλλα
2584 5040 3030 5110 παραδράμωμεν
3058 5057 3072 5072 ·
3132 5041 3225 5095 σοῦ
3259 5042 3361 5111 τῆς
3416 5044 3697 5116 παθούσης
3733 5047 3927 5116 μᾶλλον

2364 5130 2589 5193 εἰδυίας,
2619 5131 2758 5201 ὑπὲρ
2784 5133 2930 5203 ημᾶς
2959 5134 3083 5195 τοὺς
3111 5134 3361 5201 ἀγνῶτας
3386 5150 3401 5165 ⁸
3448 5136 3688 5207 ἧνεγχας
3720 5137 3927 5208 ἑξορίαν

2366 5222 2506 5291 ὑπὲρ
2535 5221 2810 5291 ἀληθείας,
2862 5224 3197 5297 ἐκτμηθεῖσα
3224 5224 3318 5278 τοῦ
3349 5228 3573 5296 γνησίου
3603 5228 3925 5298 σπλάγχνου.

2369 5312 2658 5366 Κάνταῦθα
2682 5314 2773 5366 καὶ
2805 5316 2833 5367 6
2881 5314 3040 5378 πόνος
3069 5314 3261 5384 μέγας,
3296 5316 3393 5369 καὶ
3424 5319 3452 5369 6
3484 5317 3649 5388 ὕμνος
3676 5336 3759 5371 σοι

2369 5404 2519 5474 παρά
2546 5420 2603 5457 τε
2636 5404 2753 5475 Θεῷ
2802 5406 2895 5458 καὶ
2918 5407 3053 5460 πᾶσι
3077 5410 3190 5471 τοῖς
3212 5408 3483 5465 εὐσεδέσι.
3522 5410 3695 5481 Τρίτη
3750 5406 3925 5481 πληγὴ

2167 5710 2374 5768 NOTAE
2388 5756 2401 5771 .

768 5785 883 5854 (74)
920 5786 979 5841 lu
1012 5787 1132 5842 cod.
1167 5786 1275 5857 Reg
1328 5794 1474 5857 ρπγ’.
