4184 6506
219 434 371 495 1561

1446 441 1979 506 EPISTOLARUM
2050 449 2194 509 LIB.
2229 450 2315 511 II.

3367 453 3506 516 1562

216 552 263 619 ἡ
299 544 575 615 παροῦςαο
611 546 697 615 ἐφ’
729 540 763 617 ἦ
793 544 854 598 τὸ
877 544 996 600 δέον
1027 546 1354 618 παραδεῖξαι
1395 550 1801 621 κεκελεύσμεθα

1932 569 2148 611 sumus.
2179 555 2245 611 Et
2293 557 2399 613 alia
2434 558 2656 627 quidem
2702 558 2795 613 alii
2834 559 3304 630 pronuntiabunt:
3340 559 3506 617 ﬁliam

223 636 414 691 Ἀλλα
446 636 545 708 μὲν
570 631 663 690 οὖν
691 635 844 690 ἄλλοι
871 635 1195 705 φθέγξονται
1226 636 1554 693 συνέπεσθαι
1599 640 1812 711 μητέρα

215 727 488 798 Θυγατρί.
512 728 635 781 Ὀτι
675 726 833 781 τοῦτο
859 729 955 782 καὶ
987 726 1200 799 Θηρίοις
1245 729 1379 797 φασὶ
1429 734 1633 802 φυσικῇ
1679 720 1811 801 ὁλκῇ

217 817 555 886 συμϐαῖνον.
585 817 715 872 Ἰδοι
745 836 828 882 τις
873 818 957 873 ἄν’
987 822 1148 891 ἡμεῖς
1183 821 1240 874 δὲ
1277 823 1326 875 οἱ
1354 823 1590 887 εὐτελεῖς
1618 824 1691 878 τὰ
1717 825 1813 879 τού

215 908 530 963 Δεσπότου⁸
566 910 665 977 Τίς
688 913 860 966 ἐστιν
879 913 915 980 ὴ
934 912 1130 981 μήτηρ
1148 932 1269 984 μου
1290 932 1310 981 ;
1344 915 1442 969 καὶ
1472 918 1632 983 τίνες
1658 918 1816 973 εἰσιν

216 1005 284 1056 οἱ
314 1002 572 1072 ἀδελφοί
602 1020 759 1073 you;
794 1005 905 1058 Καὶ
952 1001 1109 1068 αὖθις
1142 1018 1157 1033 ’
1193 1006 1268 1059 Εἴ
1289 1025 1378 1073 τις
1398 1008 1633 1077 ἔρχεται
1664 1013 1814 1079 πρός

205 1109 321 1160 με.
342 1092 443 1145 καὶ
461 1095 534 1147 οὺ
550 1093 722 1162 μισεῖ
734 1094 848 1161 τὴν
867 1097 1178 1163 θυγατέρα,
1194 1098 1305 1150 οὐκ
1331 1096 1463 1151 ἐστι
1476 1115 1597 1165 μου
1622 1098 1812 1165 ἄξιος.

217 1183 298 1237 τί
331 1184 393 1237 τὸ
424 1185 823 1258 συναγόμενον;
851 1187 912 1240 τὸ
940 1186 1038 1259 τὴν
1064 1188 1162 1259 σὴν
1185 1189 1495 1243 Θεοσέὁειαν
1534 1192 1672 1244 οἶκοι
1723 1191 1816 1262 μέ-

214 1293 368 1341 νειν,
411 1276 510 1347 τῆς
540 1278 857 1347 Δύγούστης
908 1278 1142 1349 ἐχούσης
1172 1281 1239 1335 τὰ
1266 1280 1514 1351 βασίλεια
1547 1281 1633 1349 ἐφ’
1658 1275 1702 1350 ᾧ
1731 1282 1815 1334 δέ-

216 1366 446 1421 δεικται
469 1370 502 1441 ή
526 1370 859 1440 εὐαγγελικὴ
900 1373 1146 1445 μάχαιρα
1174 1373 1272 1443 τὴν
1300 1375 1474 1444 τομὴν
1508 1375 1810 1441 ἐπάγουσα.

222 1456 421 1512 Ταῦτα
463 1460 761 1529 σύγγνωθι,
791 1461 1071 1530 δέσποινα,
1103 1464 1199 1518 σὺν
1241 1463 1410 1536 πολλῇ
1452 1468 1694 1537 προσοχῇ
1721 1464 1815 1519 καὶ

226 1554 435 1623 συνοχῇ
487 1552 715 1624 καρδίας
764 1553 1207 1627 τεθαρρήκαμεν,
1237 1555 1313 1619 ὡς
1344 1556 1412 1610 ἂν
1443 1558 1524 1620 εἰς
1563 1553 1656 1618 οὖς
1688 1559 1813 1627 ὀμι-

219 1644 476 1710 λούντες,
505 1646 808 1700 ἐπιστεῖλαι
834 1647 979 1718 ὑπὲρ
1003 1648 1330 1719 ἀμφοτέρων
1381 1648 1815 1721 προσευχόμενοι

219 1735 297 1790 τὰ
334 1738 617 1807 κρείττονα
647 1738 742 1791 καὶ
768 1738 1002 1811 ἐχόμενα
1025 1741 1302 1813 σωτηρίας
1343 1741 1439 1796 νῦν
1464 1759 1524 1795 τε
1552 1741 1649 1795 καὶ
1678 1741 1815 1814 πρὸς

221 1827 293 1882 τὸ
318 1829 469 1901 ἑξῆς.

366 1946 518 1999 ΡΠΒ¹
545 1945 680 2017 (75).
702 1977 775 1989 —
791 1948 1089 2015 Βασιλείῳ
1117 1947 1452 2020 μονάζοντι.
1490 1949 1689 2022 [ψμνη

1916 646 2082 700 matri
2124 648 2343 713 adesse,
2381 663 2613 719 eamque
2663 650 2821 718 sequi
2856 658 3129 719 oportere.
3168 649 3283 704 Hoc
3335 652 3504 718 enim,

1919 742 2098 803 aiunt,
2145 742 2277 810 ipsis
2306 742 2358 796 in
2395 741 2592 795 helluis
2625 752 2837 796 natura:
2889 741 3153 798 instinctu
3214 742 3503 813 contingit.

1917 830 2163 886 Viderint
2212 832 2287 886 illi
2320 850 2334 885 :
2374 850 2473 889 nos
2503 848 2630 887 vero
2656 833 2891 889 humiles
2936 835 3332 905 usurpabimus
3375 834 3507 889 illud

1918 920 2136 976 Domini
2183 940 2197 978 :
2245 922 2376 988 Quir
2404 934 2480 977 est
2515 933 2685 977 mater
2712 940 2858 988 mea,
2915 934 2965 978 et
3004 926 3094 995 qui
3133 935 3258 979 sunt
3311 925 3505 996 fratres

1915 1016 2016 1067 mei
2040 1014 2110 1067 l’?
2164 1014 2339 1085 Atque
2385 1016 2582 1069 iterum
2614 1031 2629 1067 :
2667 1014 2727 1069 Si
2765 1018 2881 1083 quis
2926 1020 3062 1070 venit
3098 1020 3168 1071 ad
3200 1034 3299 1081 me,
3331 1028 3507 1072 etnon

1917 1105 2026 1160 adit
2058 1105 2251 1173 ﬁliam,
2277 1124 2378 1160 non
2405 1116 2481 1159 est
2508 1122 2587 1159 me
2608 1107 2798 1176 dignus
2826 1108 2867 1161 ⁸.
2901 1106 3044 1173 Quid
3070 1108 3507 1163 consectarium?

1917 1197 2227 1265 religiosam
2262 1202 2515 1266 pietatem
2537 1209 2684 1252 tuam
2700 1199 2845 1253 domi
2876 1215 3117 1263 manere,
3142 1200 3389 1271 Augusta
3409 1215 3507 1270 pa-

1917 1289 2107 1344 latium
2148 1290 2426 1345 obtinente
2456 1308 2469 1345 :
2511 1291 2564 1343 in
2590 1306 2700 1359 quo
2731 1294 2980 1347 cernitur
3020 1295 3371 1364 evangelicns
3393 1296 3507 1363 gla-

1917 1384 2051 1445 dius,
2092 1383 2389 1437 sectionem
2451 1383 2731 1438 inducens.
2784 1382 2909 1439 Haec
2961 1386 3200 1457 ignosce,
3261 1387 3504 1448 domina,

1916 1489 2040 1530 cum
2098 1472 2267 1527 multa
2321 1472 2503 1527 cordis
2536 1474 2837 1528 attentione
2894 1485 2950 1528 et
2976 1475 3343 1530 sollicitudine
3383 1471 3506 1528 ausi

1918 1568 2115 1631 simus,
2155 1577 2414 1637 tanquam
2453 1568 2507 1621 in
2541 1582 2726 1621 aurem
2765 1567 3075 1637 loquentes,
3109 1570 3374 1636 scribere,
3405 1585 3506 1641 pro

1919 1656 2193 1711 ambabus
2250 1666 2475 1711 orantes
2535 1652 2765 1709 meliora
2814 1666 2867 1711 et
2896 1656 3059 1712 saluti
3115 1656 3420 1727 propriora,
3450 1666 3505 1714 et

1918 1762 2070 1803 nunc
2093 1757 2147 1804 et
2177 1747 2231 1802 in
2262 1746 2528 1803 futurum.

2245 1946 2550 2005 CLXXXII.
2584 1979 2655 1990 —
2682 1948 2888 2003 Basilio
2916 1949 3196 2005 monacho.

1176 2060 1254 2111 De
1279 2060 1417 2111 obitu
1440 2062 1693 2124 cujusdam
1717 2056 1999 2125 praeposita
2020 2062 2075 2107 et
2108 2057 2283 2107 decem
2305 2071 2549 2108 sororum.

302 2162 379 2216 Ού
408 2163 825 2234 παραιτούμεθα
850 2166 1083 2236 γράφειν
1123 2166 1214 2221 τὸν
1244 2168 1501 2223 ταπεινὸν
1531 2169 1689 2241 ήμῶν
1722 2168 1809 2221 λό-

1988 2162 2264 2218 llumilem
2326 2179 2636 2219 sermonem
2679 2174 2929 2219 nostrum
2993 2165 3190 2221 litteris
3241 2165 3503 2221 mandare

219 2271 345 2323 γον,
373 2257 564 2321 ὁσάκις
599 2256 666 2310 ἂν
714 2257 951 2325 εὐλόγως
983 2260 1216 2332 ἐπιζητῇ
1257 2263 1290 2333 ή
1339 2262 1600 2333 τιμιότης
1630 2260 1807 2334 ὑμῶν’

220 2346 389 2418 εἴπερ
439 2350 534 2402 καὶ¹
566 2347 652 2419 εἴη
681 2348 977 2402 λυσιτελῶν
1008 2350 1156 2420 ύμῖν.
1188 2352 1331 2406 Αὐτὸ
1370 2353 1468 2424 γὰρ
1500 2354 1660 2408 τοῦτο
1717 2352 1814 2408 καὶ

221 2436 285 2487 ἐν
312 2438 381 2507 τῇ
411 2437 762 2511 προλαϐούσῃ
799 2438 1053 2510 ἐπιστολῇ
1086 2442 1571 2513 ἐπεσημηνάμεθα,
1603 2441 1813 2497 Οὐκοῦν

220 2530 324 2584 καὶ
344 2531 439 2583 νῦν
472 2530 811 2602 προσιέμεθα
839 2530 1023 2594 αὐτὸν,
1054 2531 1189 2602 ὁμοῦ
1224 2532 1325 2601 μὲν
1372 2534 1806 2604 παρακλητικὸν,

218 2619 364 2688 ὁμοῦ
398 2620 457 2673 δὲ
484 2622 579 2674 καὶ
612 2622 1043 2693 ὑπομνηστικόν.
1076 2622 1172 2686 Τίς
1212 2622 1270 2675 δὲ
1299 2624 1327 2676 ό
1362 2623 1808 2695 παρακλητικός;

225 2713 356 2766 Ὅτι
406 2713 594 2783 ἐπειδὴ
651 2713 961 2767 ἁπεὸίωσεν
1001 2715 1058 2767 ἐν
1105 2714 1363 2789 Κυρίῳή
1419 2716 1809 2789 καθηγουμένη

223 2806 327 2860 σὺν
381 2804 650 2876 δεκαδικῷ
690 2806 910 2878 ἀριθμῷ
966 2808 1448 2880 ἀδελφότητος,ὣς
1514 2826 1678 2879 φατε,
1709 2809 1811 2864 οὐκ

222 2897 437 2962 ἀπαθὲς
462 2897 523 2951 τὸ
551 2897 757 2970 δρᾶμα,
796 2898 939 2952 ἀλλὰ
980 2901 1075 2953 καὶ
1106 2898 1225 2955 λίαν
1255 2900 1580 2955 ἐκστατικόν
1602 2916 1618 2934 ο
1658 2899 1810 2954 ἐπεί-

222 3004 334 3058 περ
389 2988 631 3059 κεφαλῆς
680 2988 930 3061 ἀπούσης
979 2988 1100 3043 ὃλον
1150 2990 1211 3043 τὸ
1265 2991 1428 3061 σῶμα
1468 2990 1682 3062 νεκρὸν,
1716 2991 1810 3045 καὶ

226 3078 411 3147 μελῶν
460 3079 570 3133 τῶν
629 3078 976 3149 τιμιωτάτων
1028 3080 1378 3134 ἐκκοπέντων
1415 3080 1488 3134 τὰ
1532 3082 1809 3135 ἐναπολειο

223 3170 431 3241 φθέντα
453 3172 693 3244 εἰδεχθῆ.
726 3171 981 3227 Τοιοῦτον
1009 3169 1102 3227 οὖν
1123 3174 1248 3229 ὅσον
1279 3174 1341 3227 τὸ
1373 3174 1515 3229 κατὰ
1540 3175 1719 3247 σάρκα
1747 3174 1809 3228 τὸ

224 3263 471 3332 γεγονός.
540 3264 679 3318 Ἀλλ’
714 3262 903 3334 ἐπειδὴ
965 3266 1335 3335 πνευματικὰ
1382 3265 1808 3336 πνευματικοῖς

224 3355 674 3425 συγκρίνονται,
702 3355 838 3427 όμοῦ
866 3355 967 3427 μὲν
990 3355 1252 3429 λυπηρὸν,
1276 3357 1415 3429 όμοῦ
1443 3359 1501 3412 δὲ
1527 3360 1621 3412 καὶ
1648 3376 1806 3429 περιτο

225 3445 394 3517 χαρές
421 3444 485 3497 τὸ
534 3444 744 3513 συμϐάν
779 3462 793 3476 ·
836 3445 898 3497 τδ
950 3446 1048 3517 μὲν
1078 3444 1168 3499 διὰ
1203 3440 1304 3514 τῆν
1332 3445 1588 3517 στέρησιν
1610 3485 1626 3511 ,
1654 3445 1717 3499 τὸ
1748 3445 1805 3498 δὲ

1916 2269 2026 2308 non
2070 2253 2389 2317 abnuimus,
2436 2256 2651 2325 quoties
2680 2271 2804 2309 cum
2837 2255 3052 2309 ratione
3081 2254 3135 2309 id
3158 2256 3363 2323 expetit
3403 2255 3503 2310 ho-

1916 2346 2266 2401 norificentia
2337 2358 2426 2400 tua
2472 2366 2485 2401 :
2532 2346 2801 2417 siquidem
2851 2347 2903 2402 id
2965 2347 3124 2402 nobis
3145 2349 3309 2401 etiam
3367 2347 3502 2402 utile

1915 2434 2102 2491 fuerit.
2136 2435 2253 2492 Hoc
2275 2437 2421 2492 enim
2452 2439 2629 2504 ipsum
2664 2439 2990 2508 praecedenti
3020 2455 3238 2509 quoque
3265 2438 3501 2510 epistola

1913 2526 2368 2596 significavimus.
2422 2525 2768 2598 Quapropter
2831 2528 2983 2581 illum
3012 2544 3157 2582 nunc
3186 2528 3348 2582 etiam
3405 2545 3503 2585 ex-

1912 2617 2193 2685 ponimus,
2270 2619 2471 2689 partim
2554 2620 2772 2687 quidem
2848 2619 3300 2683 consolatorium,
3382 2634 3505 2688 par—

1913 2710 2009 2764 tim
2070 2727 2199 2766 vero
2248 2712 2755 2767 commonitorium.
2812 2712 2929 2780 Qua
2977 2713 3033 2768 in
3076 2728 3137 2767 re
3194 2712 3503 2768 consolato-

1911 2800 2070 2854 rius?
2128 2800 2289 2870 Quia,
2353 2804 2500 2874 quod
2566 2805 2622 2859 in
2682 2804 2917 2860 Domino
2966 2805 3111 2861 diem
3159 2804 3296 2860 obiit
3361 2820 3505 2876 pra:-

1909 2892 2094 2961 posita
2167 2909 2290 2948 eum
2346 2894 2575 2951 denario
2652 2910 2884 2952 numero
2939 2912 3215 2966 sororum,
3261 2904 3322 2952 ut
3362 2896 3502 2953 dici-

1912 2986 2003 3049 tis,
2046 3001 2154 3041 non
2196 3003 2402 3045 vacuus
2442 2989 2649 3045 doloris
2684 3001 2769 3045 est
2831 3004 3038 3052 sermo,
3074 2989 3167 3045 sed
3204 2991 3297 3059 qui
3329 2992 3501 3045 vehe-

1910 3086 2121 3133 menter
2153 3081 2473 3148 perturbare
2500 3090 2738 3136 mentem
2782 3082 2964 3152 possit
2997 3100 3012 3137 :
3054 3080 3500 3153 quandoquidem

1911 3168 2088 3234 capite
2112 3169 2294 3224 ablato
2321 3180 2496 3226 totum
2531 3186 2731 3242 corpus
2750 3180 3027 3226 mortuum
3062 3181 3165 3237 est,
3188 3180 3243 3226 et
3271 3171 3502 3227 nobilis-

1908 3261 2066 3316 simis
2096 3262 2359 3318 membris
2394 3263 2677 3331 abscissis,
2723 3273 2919 3320 caetera
2953 3280 3077 3336 qua:
3141 3273 3370 3331 restant,
3400 3264 3501 3319 de-

1909 3350 2127 3408 formia.
2162 3351 2294 3408 Tale
2328 3355 2493 3425 igitur
2521 3366 2603 3410 est
2638 3356 2943 3411 secundum
2977 3372 3202 3412 carnem
3221 3356 3372 3427 quod
3407 3371 3501 3412 ac-

1906 3446 2059 3500 cidit.
2088 3445 2195 3502 Sed
2237 3448 2366 3519 quia
2398 3448 2718 3517 spiritualia
2761 3449 3131 3517 spiritualibus
3182 3465 3500 3519 comparan-

226 3536 317 3591 διὰ
342 3537 441 3609 τὴν
474 3536 686 3591 ἐλπίδα.
746 3537 1155 3608 Παρεπέμψατε
1187 3536 1602 3608 καθηγουμένην
1651 3534 1801 3607 ἱερὰν

1910 3544 1996 3589 tur
2028 3538 2087 3591 ":
2124 3548 2177 3593 et
2207 3540 2361 3594 triste
2387 3541 2549 3595 simul
2581 3550 2687 3606 est,
2726 3548 2783 3597 et
2836 3540 3001 3594 simul
3028 3540 3431 3610 perjucundum
3472 3539 3505 3593 ε’

224 3630 308 3683 ὅτι
356 3629 613 3701 μάλιστα,
644 3628 829 3692 καθὼς
854 3630 1152 3701 διηγεῖσθε,
1183 3628 1421 3699 ἀδελφὰς
1479 3628 1803 3697 σεϐασμίαςο

226 3722 402 3793 χαρᾶς
449 3723 727 3787 ὑπόθεσις
779 3722 1003 3777 ἐκείνων
1034 3723 1132 3795 μὲν
1161 3722 1271 3776 τῶν
1327 3721 1804 3795 προσληφοεισῶν,

225 3816 629 3886 ἐτοιμαζουσῶν
657 3816 785 3887 ὑμῖν
812 3816 976 3869 τόπον
1025 3814 1389 3878 ἀναπαύσεως
1421 3814 1509 3867 διὰ
1538 3814 1807 3887 πρεσϐευ-

225 3908 384 3977 τικῆς
411 3907 725 3974 ἐντεύξεως,
751 3908 825 3971 ὡς
849 3908 914 3961 ἂν
939 3909 990 3961 οί
1021 3906 1645 3979 προκαταλαμϐάνοντες
1680 3905 1806 3961 καθ’

226 4000 347 4054 ὁδὸν
382 3999 453 4053 τὰ
486 4000 841 4071 καταλύματα
865 4016 881 4031 ο
925 4002 1082 4071 ἡμῶν
1134 4002 1191 4055 δὲ
1218 4002 1330 4055 τῶν
1362 4001 1804 4072 ἀπομεινάντων,

227 4096 395 4165 ἤγουν
424 4092 833 4164 ἁπομεινασῶν,
863 4091 1165 4164 ζηλούντων
1194 4094 1291 4148 καὶ
1332 4092 1614 4165 ζηλουσῶν
1665 4110 1804 4165 προ-

228 4184 631 4239 καταλαϐέσθαι
680 4185 771 4239 τὸν
801 4184 1006 4253 ἀγαθὸν
1034 4185 1172 4255 βίον,
1204 4186 1299 4240 καὶ
1327 4187 1429 4257 τὴν
1459 4185 1664 4256 σεμνὴν
1710 4203 1809 4240 πο-

227 4277 432 4334 λιτείαν
456 4296 472 4311 ·
519 4282 614 4333 καὶ
661 4278 749 4332 ἀεὶ
796 4279 913 4332 ἐκεῖ
968 4278 1275 4350 βλεπόντων
1324 4280 1422 4333 καὶ
1466 4278 1805 4350 βλεπουσῶν,

228 4366 377 4429 ὅπου
418 4371 613 4444 μικρὸν
654 4370 880 4443 ὕστερον
925 4372 1331 4444 συντευξόμεθα
1376 4374 1444 4444 τῇ
1496 4372 1639 4426 κατὰ
1672 4372 1806 4427 Θεὸν

233 4463 400 4535 μητρὶ
430 4464 522 4517 καὶ
558 4464 678 4527 ταῖς
706 4462 979 4532 αδελφαῖς.
1014 4463 1118 4517 Ἰδε
1148 4463 1392 4518 τοιοῦτον
1415 4464 1483 4519 τὸ
1513 4463 1635 4518 καθ’
1658 4465 1806 4537 ὑμᾶς

229 4555 465 4625 πάθημα
519 4553 708 4609 εὔελπι
762 4556 857 4607 καὶ
898 4556 1214 4626 περιχαρὲς,
1270 4555 1367 4609 καὶ
1415 4557 1515 4627 οὐχ
1562 4556 1638 4620 ὡς
1696 4556 1806 4609 τῶν

231 4644 369 4698 κατὰ
427 4645 607 4717 σάρκα
644 4644 1018 4716 τεθνηκότων
1068 4646 1118 4699 οἶ
1150 4645 1372 4718 Θρήνοις
1404 4647 1499 4701 καὶ
1553 4648 1806 4710 κοπετοῖς

231 4725 443 4805 ἀλόγοις
499 4737 843 4809 βαλλόμενοι,
904 4739 993 4791 [σα
1046 4740 1159 4802 τοῖς
1217 4740 1295 4809 μὴ
1357 4738 1569 4809 ἔχουσιν
1614 4738 1804 4793 ἐλπίδα

1908 3626 2040 3681 illud
2069 3628 2289 3698 quidem
2324 3641 2543 3699 propter
2573 3630 2934 3701 privationem
2974 3646 2988 3683 :
3045 3631 3151 3686 hoc
3199 3646 3329 3686 vero
3368 3646 3498 3701 pro-

1908 3728 2031 3789 pter
2065 3736 2239 3789 spem.
2276 3722 2564 3779 Extulistis
2589 3724 2936 3793 praepositam
2962 3738 3181 3779 summa
3204 3722 3490 3793 praeditam

1907 3810 2219 3876 sanctitate,
2278 3812 2423 3866 sicut
2480 3812 2779 3883 exponitis,
2829 3827 3049 3868 sorores
3098 3812 3493 3869 venerandae:

1908 3899 2109 3955 laetitia:
2171 3912 2559 3973 argumentum
2593 3904 2766 3960 :dum
2816 3904 2923 3959 illa:
2958 3903 3176 3975 quidem
3228 3919 3352 3975 qua:
3400 3919 3495 3960 as-

1907 4004 2139 4063 sumpta!
2167 4003 2316 4060 sunt,
2346 3996 2507 4064 quasi
2537 3995 2812 4067 legatione
2853 3996 3159 4069 funguntur
3190 4006 3250 4053 ut
3292 3996 3495 4067 quietis

1905 4082 2087 4139 locum
2136 4086 2293 4140 vobis
2354 4098 2687 4157 praeparent,
2752 4089 2897 4145 sicut
2948 4090 3044 4160 qui
3100 4088 3400 4144 diversoria
3436 4089 3493 4145 in

1906 4176 2110 4231 itinere
2140 4187 2526 4248 praeoccupant
2557 4197 2571 4233 :
2610 4194 2708 4235 vos
2753 4195 2883 4235 vero
2905 4182 3000 4251 qui
3048 4181 3244 4246 relicti,
3270 4190 3326 4236 et
3370 4196 3494 4251 quae

1878 4262 2115 4324 ~relictae
2137 4270 2294 4336 estis,
2329 4270 2525 4326 bonam
2557 4274 2747 4339 vitam,
2805 4288 3136 4345 gravemque
3188 4288 3491 4329 conversa-

1904 4360 2131 4426 tionem,
2165 4372 2441 4418 maturare
2470 4366 2722 4420 certatim
2755 4366 3015 4433 studetis,
3060 4381 3386 4436 semperque
3426 4366 3494 4423 il-

1910 4450 1999 4505 luc
2029 4453 2309 4521 spectatis,
2340 4454 2430 4509 ubi
2461 4457 2809 4525 postmodum
2848 4458 3012 4513 matri
3045 4459 3099 4512 in
3134 4456 3245 4513 Deo
3279 4458 3492 4513 sorori-

1909 4540 2122 4610 busque
2150 4558 2529 4599 occurremus.
2556 4546 2705 4602 Talis
2739 4562 2933 4618 nempe
2970 4556 3151 4604 vester
3178 4556 3265 4603 est
3310 4550 3490 4619 dolor,

1906 4647 2032 4686 cum
2060 4648 2155 4703 spe
2183 4642 2239 4688 et
2265 4635 2464 4690 laetitize
2496 4638 2856 4707 conjunctus;
2916 4655 3096 4710 neque
3129 4650 3188 4695 ut
3242 4652 3491 4697 mortuo-

1907 4739 2028 4778 rum
2058 4726 2358 4780 secundum
2400 4742 2657 4798 carnem;
2710 4731 2807 4801 qui
2834 4732 3089 4787 lamentis
3119 4739 3173 4787 et
3204 4733 3491 4804 plangori-

230 4828 426 4895 ἔθνεσι,
461 4828 636 4901 λύπης
666 4830 1075 4901 πεπλήρωνται.
1109 4829 1223 4916 ,Διά
1266 4829 1424 4883 τοῦτο
1451 4831 1571 4883 οὐδὲ
1603 4829 1799 4901 ἐπιθη-

1910 4813 2009 4869 bus
2038 4814 2247 4871 insanis
2272 4819 2543 4887 oppressi,
2578 4820 2804 4890 perinde
2847 4836 2914 4878 ac
2946 4832 3134 4894 gentes
3176 4840 3301 4894 qua:
3334 4839 3487 4896 spem

234 4922 377 4992 μητὴ
406 4921 589 4985 αὐτοῖς
626 4922 660 4991 ἡ
701 4930 1053 4992 μετάστασις,
1085 4908 1221 4976 ἀλλὰ
1249 4923 1342 4975 καὶ
1384 4923 1504 4976 λίαν
1540 4924 1799 4992 φευκτέα.

242 5013 403 5085 Ἦμϊν
448 5014 507 5067 δέ
539 5011 628 5081 οἷς
662 5016 731 5069 τὸ
754 5013 861 5083 ζῇν
886 5014 1161 5083 Χριστὸς,
1212 5015 1310 5068 καὶ
1364 5015 1431 5069 τὸ
1474 5014 1802 5070 ἀποθανεῖν

231 5106 475 5177 κέρδοςο
525 5108 699 5178 χαρᾶς
751 5108 1070 5178 περιπέτεια
1125 5109 1160 5178 ἡ
1208 5106 1466 5178 κοίμησις
1497 5107 1606 5160 τῶν
1640 5124 1803 5161 πνευ-

234 5198 474 5270 ματικῶν
534 5199 823 5268 Πατέρων,
885 5199 959 5263 ὡς
1014 5201 1072 5252 ἐν
1134 5199 1324 5270 Κυρίῳ
1388 5198 1640 5264 ζώντων,
1704 5201 1800 5253 καὶ

235 5290 429 5361 μᾶλλον
456 5289 556 5359 τῆς
599 5289 786 5345 ἐνθάδε
813 5290 960 5361 ζωῆς
999 5288 1330 5363 ὑψηλότερον
1377 5290 1473 5344 καὶ
1519 5289 1799 5345 ἀθανατώ-

230 5401 403 5457 τερον.

305 5538 733 5610 ’Λπορρίψαντες
766 5539 861 5594 οὖν
903 5539 998 5595 καὶ
1026 5539 1403 5612 ἀπορρίψασαι
1434 5543 1615 5596 πᾶσαν
1666 5541 1793 5597 ἄλο-

1912 4920 2022 4957 non
2051 4902 2255 4959 habent
2280 4906 2323 4973 ',
2354 4908 2582 4963 tristitia
2626 4908 2943 4980 implentur.
2985 4910 3333 4982 Quapropter
3386 4927 3488 4969 nec

1907 4998 2145 5065 optanda
2192 4998 2302 5054 illis
2340 5010 2425 5056 est
2474 5002 2781 5073 emigratio,
2814 5005 2909 5060 sed
2958 5005 3115 5061 valde
3142 5004 3487 5077 refugienda.

1907 5084 2077 5141 Nobis
2101 5103 2252 5156 vero,
2278 5092 2468 5160 quibus
2499 5094 2664 5147 vivere
2712 5094 2957 5150 Christus
2990 5106 3092 5161 est,
3146 5108 3195 5151 et
3242 5098 3377 5152 mori
3409 5096 3490 5152 lu-

1906 5194 2061 5233 crum
2090 5181 2111 5213 ’
2140 5223 2155 5244 ,
2195 5182 2584 5255 inexspectata:
2632 5187 2834 5242 laatitize
2863 5190 3085 5244 occasio
3110 5200 3193 5244 est
3223 5192 3486 5261 spiritua-

1906 5270 2039 5326 lium
2074 5272 2297 5329 Patrum
2330 5293 2501 5342 mors,
2533 5287 2790 5348 tanquam
2817 5279 2873 5335 in
2903 5278 3135 5335 Domino
3159 5282 3480 5349 viventium,

1905 5361 2017 5415 vita
2068 5363 2264 5431 multo,
2299 5381 2466 5436 quam
2496 5367 2610 5422 haec
2662 5378 2871 5435 nostra,
2922 5371 3014 5439 sit,
3056 5371 3383 5428 sublimiore
3430 5381 3487 5428 et

1905 5452 2219 5511 immortali.

1980 5545 2316 5617 Ahjicientes
2384 5564 2517 5621 ergo
2544 5550 2744 5623 singuli
2775 5560 2825 5608 et
2860 5552 3088 5627 singulae.
3116 5570 3332 5613 omnem
3387 5555 3489 5614 tri-

294 5698 317 5733 ³
345 5698 533 5755 Matth.
568 5716 664 5762 ιιι,
686 5701 776 5755 48.
852 5710 873 5741 σ
904 5701 1037 5756 Luc.
1071 5717 1180 5769 τιν,
1205 5701 1296 5756 26.
1372 5704 1391 5730 ’
1423 5703 1442 5758 l
1469 5701 1595 5758 Cor.
1620 5720 1679 5769 ιι,
1713 5705 1774 5759 l3

1919 5705 1931 5758 Ι
1964 5708 2160 5765 Thess.
2187 5726 2261 5774 tv,
2296 5710 2382 5767 1‘2.
2458 5714 2479 5745 ’
2506 5714 2740 5786 Philipp.
2774 5732 2826 5783 ι,
2866 5717 2917 5770 l.

1738 5820 1969 5879 ΝΟΤᾹί.

300 5887 415 5957 (75)
449 5888 507 5945 ln
538 5891 658 5947 cod.
694 5889 822 5963 Reg.
857 5890 998 5962 ρπό’.
