4184 6480
726 384 861 446 1563

1910 384 1973 444 8.
2002 382 2397 445 TIIEODORI
2439 386 2791 448 STUDITE

3856 389 4009 453 1564

718 501 921 555 stitiam
946 514 978 553 a
1014 499 1225 554 ratione
1244 498 1502 562 alienam.
1525 507 1577 553 et
1607 498 1907 569 degeneres
1966 498 2233 571 lacrymas
2272 519 2286 553 :

2406 516 2492 569 γον
2534 499 2712 568 λύπην
2736 501 2831 555 καὶ
2860 500 3086 567 ἀγεννὲς
3120 499 3377 571 δάκρυον,
3414 499 3535 555 καθ’
3571 500 3601 554 ὅ
3640 500 4001 571 κατέστησε,

719 603 882 663 prout
910 609 1005 663 per
1025 593 1231 648 Christi
1263 592 1496 664 gratiam
1525 592 1808 647 constituti
1834 591 1988 656 estis.
2033 592 2122 647 hic
2168 594 2297 663 qui-

720 685 845 740 dem
903 686 957 739 in
1007 685 1240 755 regendo
1272 685 1515 739 virorum
1552 683 1869 752 domicilio;
1922 685 2038 739 haec
2075 700 2205 740 vero
2241 687 2295 741 in

720 776 983 831 domicilii
1016 776 1288 845 virginum
1324 774 1650 846 praefectura
1685 794 1698 830 :
1731 774 1909 831 Sobrii
1939 783 2125 841 estote,
2164 777 2299 845 vigi-

720 868 830 921 late
860 868 925 930 ¹⁶,
963 867 1191 921 viriliter
1248 869 1409 936 agite.
1464 867 1879 937 confortamini:
1908 869 2085 921 omnia
2128 877 2297 921 vestra

722 961 775 1009 in
837 958 1105 1011 charitate
1143 958 1209 1024 “,
1257 960 1441 1013 omnia
1482 959 1536 1013 in
1584 960 1966 1014 mandatorum
2023 959 2295 1022 custodia,

718 1050 874 1121 juxta
929 1052 1318 1121 praeceptiones
1348 1052 1521 1107 sancti
1571 1052 1779 1107 Basilii.
1839 1053 2016 1122 Atque
2076 1053 2195 1106 haec
2240 1052 2297 1107 in

722 1141 937 1195 duobus
981 1142 1331 1197 monasteriis
1353 1141 1552 1197 vestris
1574 1142 1820 1212 vigeant;
1860 1151 1918 1197 ut
1950 1143 2070 1198 sine
2124 1142 2299 1197 offen-

722 1234 879 1288 sione
906 1243 962 1287 et
991 1235 1421 1303 reprehensione
1453 1235 1621 1289 vitam
1660 1236 1943 1298 ducentes,
1984 1235 2297 1301 glorificetis

724 1325 893 1381 Deum
925 1327 979 1381 in
1016 1342 1247 1396 corpore
1275 1338 1453 1383 vestro
1488 1337 1545 1383 et
1598 1345 1651 1382 in
1676 1330 1871 1398 spiritu
1898 1338 2081 1382 vestro
2112 1346 2127 1382 :
2159 1328 2298 1385 alte-

723 1434 956 1488 rumque
978 1420 1047 1473 ab
1074 1421 1246 1474 altero
1277 1422 1671 1475 monasterium
1704 1422 1991 1485 excitetur.
2025 1429 2081 1475 et
2110 1432 2299 1475 sancte

721 1511 1042 1580 conspiret:
1078 1520 1131 1566 te
1158 1512 1427 1579 videlicet,
1483 1514 1651 1567 fratre
1703 1512 1925 1581 Basilio,
1965 1514 2059 1583 qui
2095 1513 2161 1568 ad
2196 1528 2298 1568 nos

722 1603 1023 1673 scripsisti.
1082 1613 1138 1658 et
1181 1605 1339 1660 nobis
1387 1605 1775 1675 comprobatus
1822 1620 1905 1669 es.
1966 1605 2129 1659 simul
2155 1604 2299 1660 assi-

722 1708 921 1764 stente,
955 1715 1251 1767 curamque
1273 1700 1628 1770 participante
1647 1700 1933 1768 utriusque
1959 1698 2298 1766 monasterii,

720 1792 901 1861 quoad
930 1802 1085 1861 potes
1118 1811 1131 1847 :
1170 1792 1422 1862 quamvis
1446 1792 1695 1863 praesidis
1724 1808 1863 1848 onus
1892 1808 1998 1847 non
2021 1793 2295 1848 sustines:

2398 594 2585 664 χάριτι
2610 592 2848 665 Χριστοῦ
2876 610 2891 624 ·
2919 595 2948 647 ό
2977 593 3075 664 μὲν
3099 594 3194 647 ἐπὶ
3218 596 3282 664 τῇ
3313 594 3619 665 καθηγήσει
3646 592 3745 646 τοῦ
3777 596 4009 665 ἀνδριῖπ

2402 700 2512 749 νοςο
2542 688 2577 757 ἡ
2606 686 2661 740 δὲ
2684 687 2777 739 ἐπὶ
2798 688 2865 757 τῇ
2896 687 3171 755 ἀφηγήσει
3198 684 3291 739 τοῦ
3327 686 3697 755 παρθενῶνοςθ
3717 686 4000 755 Νήρετεν

2401 778 2741 847 γρηγορεῖτε
2773 820 2788 843 ,
2842 776 3190 848 ἀνδρίζεσθε
3221 818 3238 843 ,
3288 779 3685 846 κραταιοῦσθε
3710 796 3726 811 ·
3778 778 4003 835 πάντα

2402 868 2571 939 ὑμῶν
2605 870 2676 923 ἐν
2700 870 2923 940 ἀγάπῃ.
2963 871 3141 923 πάντα
3173 871 3231 923 ὲν
3281 869 3494 940 φυλακῇ
3535 870 3792 939 ἐντολῶν,
3845 876 4003 927 κατὰ

2402 964 2502 1026 τὰς
2531 962 2810 1036 ὑποθήκας
2838 964 2931 1017 τοῦ
2962 964 3120 1032 ἀγίου
3147 962 3450 1019 Βασιλείου.
3476 964 3697 1031 Μεταξὺ
3735 966 3799 1019 δὲ
3833 967 4005 1035 ὑμῶν

2402 1055 2518 1106 τοῖν
2544 1054 2689 1108 δυοῖν
2734 1055 3112 1125 μοναστηρίων
3146 1054 3390 1108 ἔστωσαν
3417 1072 3432 1086 ·
3487 1056 3575 1110 ῖνα
3627 1058 4007 1125 ἀπρόσκοπον

2403 1146 2497 1199 καὶ
2540 1146 2798 1217 ἀνένοχον
2852 1146 2967 1215 βίον
3000 1146 3307 1211 διανύοντες
3344 1148 3442 1201 καὶ
3478 1148 3790 1202 διανύουσαι
3816 1189 3834 1214 ,
3897 1150 4004 1203 δο-

2406 1236 2606 1306 ξάσητε
2630 1238 2723 1291 τὸν
2765 1238 2898 1291 Θεὸν
2930 1240 2991 1291 ὲν
3034 1238 3113 1309 τῷ
3169 1237 3385 1308 σώματι
3429 1238 3584 1310 ὑμῶν
3639 1240 3735 1293 καὶ
3790 1242 3857 1294 ιν
3908 1240 4004 1309 τῷ

2406 1329 2679 1399 πνεύματι
2738 1330 2933 1399 ὑμῶν·
2989 1330 3178 1403 ἕτερον
3236 1331 3327 1401 ὑφ’
3360 1332 3548 1405 ἑτέρου
3616 1337 4003 1406 μοναστήριον

2406 1420 2728 1491 θεοπρεπῶν
2780 1424 3248 1495 συγκροτούμενόν
3305 1441 3364 1478 τε
3417 1426 3513 1479 καὶ
3564 1428 3999 1498 συνιστάμενον,

2404 1513 2649 1585 δηλονότι
2683 1515 2779 1569 σοῦ
2812 1516 2907 1569 τοῦ
2930 1516 3161 1587 ἀδελφοῦ
3192 1517 3496 1582 Βασιλείου,
3527 1516 3622 1570 τοῦ
3653 1520 3750 1571 καὶ
3776 1536 4003 1589 γεγρα-

2407 1606 2567 1675 φότος
2612 1608 2765 1677 ἡμῖν,
2800 1609 2895 1662 καὶ
2934 1609 3405 1679 συνεγνωσμένου,
3452 1610 3839 1678 συμπαρόντος
3894 1606 4003 1661 καὶ

2408 1700 3050 1772 συναπιλαμὸανομένου
3076 1702 3345 1772 ἑκατέρας
3382 1702 3492 1755 τῶν
3518 1700 3693 1772 μονῶν
3721 1702 4001 1756 καθ’ὃσον

2407 1786 2519 1846 οἷόν
2547 1810 2629 1855 τε,
2663 1795 2759 1847 καὶ
2795 1794 2869 1864 μὴ
2902 1794 2984 1847 ὃτι
3012 1794 3113 1864 οὐχ
3144 1794 3365 1863 ὁπέχεις
3397 1793 3554 1864 λόγον
3612 1795 3997 1868 προεστῶτος-

722 1884 819 1939 sed
851 1884 1009 1953 quasi
1046 1885 1317 1940 desiderio
1349 1896 1444 1940 tuo
1485 1900 1583 1955 per
1615 1886 1956 1941 successoris
2004 1886 2300 1955 promotio-

2406 1886 2519 1940 ἀλλ’
2543 1886 2619 1951 ὡς
2650 1888 2747 1957 τῆς
2798 1886 3041 1954 ιφέσεὼς
3095 1904 3189 1941 σου
3223 1886 3603 1959 πληρωθείσης
3633 1888 3721 1941 διά
3749 1888 3854 1957 τῆς
3890 1887 3999 1941 τοῦ

724 1992 847 2031 nem
886 1977 1120 2045 expleto,
1161 1979 1393 2046 teipsum
1428 1978 1643 2033 enixius
1674 1979 2017 2043 impendens,
2052 1987 2107 2032 et
2138 1978 2295 2049 adju-

723 2083 859 2122 vans
891 2069 981 2123 ubi
1003 2078 1083 2124 est
1116 2084 1275 2137 opus.
1310 2068 1530 2125 Habetis
1566 2071 1769 2140 itaque,
1793 2070 1860 2123 ad
1892 2069 2303 2125 virtutisincre-

726 2169 995 2226 mentum,
1030 2163 1287 2231 praeclara
1349 2162 1596 2232 exempla
1650 2178 1841 2216 eorum
1876 2177 2157 2225 earumve.
2207 2162 2301 2233 qui

724 2259 779 2304 et
830 2266 954 2319 qua:
1002 2250 1271 2304 obierunt.
1312 2249 1539 2305 Ilabetis
1584 2250 1728 2306 vitas
1769 2260 2110 2317 sanctorum,
2160 2252 2304 2321 leges

725 2341 1148 2411 sanctionesque
1196 2340 1455 2409 Patrum;
1486 2342 1716 2403 habetis.
1770 2341 1917 2412 quod
1975 2341 2065 2395 his
2126 2341 2304 2405 majus

726 2442 833 2496 est,
864 2434 1250 2488 universorum
1316 2435 1655 2489 conditorem
1710 2433 1879 2489 Deum
1924 2434 1978 2487 in
2009 2432 2186 2487 medio
2215 2449 2304 2487 ve-

724 2526 1087 2596 strum,juxta
1105 2526 1277 2596 ipsius
1291 2526 1961 2595 promissionem,minime
1976 2525 2219 2579 fallacem
2236 2527 2302 2581 “.

728 2614 950 2671 Habetis
1001 2626 1244 2671 sanctam
1289 2616 1571 2686 Deiparam
1634 2616 2052 2682 auxiliatricem,
2112 2632 2305 2671 omnes

727 2717 950 2761 sanctos
970 2709 1378 2763 intercessores.
1396 2708 1622 2763 Habetis
1636 2718 1693 2763 et
1718 2710 2035 2763 tenuitatem
2061 2719 2303 2763 nostram

734 2807 1044 2869 promptam
1075 2808 1129 2855 et
1174 2811 1415 2869 paratam
1446 2800 1599 2855 vobis
1652 2801 1704 2854 in
1735 2801 1898 2855 bono.
1953 2800 2146 2856 Omnia
2175 2816 2306 2869 ergo

744 2890 882 2944 bene
925 2890 1089 2959 agite.
1120 2892 1303 2945 omnia
1350 2892 1595 2962 pacifice.
1654 2891 1866 2961 Semper
1907 2894 2159 2961 gaudete;
2196 2894 2306 2944 sine

728 2980 1119 3035 intermissione
1154 2992 1341 3036 orate:
1370 2984 1421 3035 in
1451 2982 1692 3036 omnibus
1751 2984 1953 3053 gratias
2002 2982 2161 3052 agite,
2194 2981 2305 3035 cla-

729 3081 842 3127 mat
889 3089 1117 3144 magnus
1188 3074 1484 3144 Apostolus
1533 3076 1578 3106 ¹³
1623 3074 1782 3143 cujus
1821 3073 2305 3129 intercessionibus

730 3169 937 3223 utinam
969 3170 1244 3225 salvemur
1265 3176 1319 3222 et
1340 3184 1439 3223 nos
1452 3176 1506 3222 et
1526 3183 1643 3223 vos.

1009 3280 1343 3337 CLXXXIII.
1375 3310 1446 3321 —-
1472 3280 1611 3337 Elite
1637 3282 1958 3351 presbytero.

2403 1979 2802 2050 προϐληθέντος
2829 1977 3115 2049 ἀναδοχῆς·
3140 1978 3340 2049 μᾶλλον
3366 1980 3559 2033 ἑαυτὸν
3584 1978 4002 2034 συνεισὸἁλλων

2403 2070 2498 2124 καὶ
2537 2069 2932 2141 συνεπαμύνων
2961 2070 3023 2123 τὰ
3051 2070 3262 2125 δέοντα.
3290 2072 3484 2142 Ἔχετε
3514 2070 3804 2143 τοιγαροῦν
3840 2072 3999 2125 καλὰ

2405 2162 2827 2231 παραδείγματα
2874 2164 2954 2224 είς
2986 2162 3187 2233 ἀρετῆς
3240 2163 3503 2226 ἐπίδοσιν,
3534 2163 3632 2227 τὰς
3660 2164 3999 2233 ὲκδημησά⁹

2406 2270 2509 2316 σας
2561 2252 2661 2305 εἴτ’
2689 2248 2782 2305 οὖν
2824 2252 3261 2323 ἐκδημήσαντας.
3294 2253 3487 2325 Ἔχετε
3515 2255 3642 2317 τοὺς
3693 2254 3843 2323 βίους
3874 2256 3997 2307 τῶν

2407 2344 2599 2412 ἁγίων,
2649 2343 2748 2406 τάς
2802 2343 3124 2414 νομοθεσίας
3177 2345 3287 2398 τῶν
3338 2347 3618 2416 Πατέρων.
3668 2346 3864 2416 Ἔχετε
3928 2349 3997 2401 τὸ

2410 2434 2595 2505 μεῖζον
2642 2434 2822 2487 αὐτῶν
2864 2436 2958 2489 τὸν
3016 2435 3247 2507 ποιητὴν
3276 2436 3383 2490 τῶν
3415 2438 3552 2491 ὅλων
3578 2436 3710 2489 Θεὸν
3742 2438 3799 2489 ὲν
3827 2438 3994 2508 μέσῳ

2408 2530 2561 2599 ὑμῶν
2606 2528 2747 2582 κατά
2796 2528 2896 2599 τὴν
2944 2528 3147 2599 ἀψευδῆ
3187 2528 3351 2582 αὐτοῦ
3402 2529 3750 2598 ἐπαγγελίαν.
3784 2529 3993 2602 Ἔχετε

2407 2621 2504 2689 τὴν
2536 2619 2700 2687 ἀγίαν
2749 2617 3008 2673 Θεοτόκον
3055 2618 3364 2691 ἐπίκουρον.
3394 2620 3522 2681 τοὺς
3552 2620 3759 2686 πάντας
3791 2623 3991 2691 ἁγίους

2410 2710 2769 2781 πρεσϐευτάς.
2805 2713 2997 2782 Ἔχετε
3044 2710 3141 2765 καὶ
3170 2710 3266 2781 τὴν
3296 2711 3453 2780 ἡμῶν
3490 2711 3816 2783 οὐθενότητα
3846 2731 3990 2784 προ-

2409 2800 2756 2871 θυμουμένην
2784 2801 2910 2871 ὑμῖν
2940 2803 2998 2854 ὲν
3024 2799 3265 2869 τάγαθῷ.
3293 2801 3476 2854 Πάντα
3507 2801 3601 2855 οὖν
3624 2798 3683 2856 εὖ
3716 2802 3989 2872 πράξατε.

2410 2892 2588 2946 πάντα
2640 2894 2929 2964 εἰρηνικῶς
2985 2892 3351 2946 διατελέσατε.
3402 2894 3664 2949 Πάντοτε
3722 2898 3988 2963 χαίρετε’

2407 2983 2799 3049 ἀδιαλείπτως
2815 2984 3245 3053 προσεύχεσθε·
3264 2984 3335 3037 ὲν
3351 2986 3529 3039 παντὶ
3549 2986 3989 3055 εὐχαριστεῖτε,

2410 3073 2512 3147 βοᾷ
2537 3076 2565 3128 ό
2594 3078 2764 3145 μέγας
2792 3075 3137 3138 Ἀπόστολοςο
3170 3069 3233 3130 οὗ
3264 3079 3385 3141 ταῖς
3405 3077 3722 3149 πρεσὸείαις
3756 3076 3993 3146 σωθείη-

2416 3182 2516 3236 μεν
2543 3166 2639 3219 καὶ
2659 3167 2817 3234 ἡμεῖς
2845 3165 2939 3217 καὶ
2970 3165 3149 3235 ὑμεῖς.

2593 3275 2740 3330 PHI"
2769 3276 2905 3347 (76).
2927 3307 2999 3317 ν-
3030 3278 3195 3347 Ἠλίᾳ
3224 3277 3625 3349 πρεσϐυτέρῳ.

1630 3400 1705 3450 De
1739 3401 1909 3462 pueris
1938 3399 2024 3461 qni
2058 3402 2318 3462 parentum
2341 3396 2595 3445 voluntate
2627 3394 2766 3443 inviti
2794 3397 3082 3446 tondentur.

795 3486 1058 3542 Osculum
1086 3483 1308 3553 quidem
1349 3495 1525 3547 Innm,
1574 3485 1656 3537 vir
1686 3493 1898 3545 sancte.
1929 3485 2299 3539 venerandum

2480 3477 2553 3530 Τὸ
2582 3478 2681 3547 μὲν
2708 3477 2920 3547 φίλημά
2965 3495 3079 3542 σου,
3122 3476 3169 3531 ὧ
3226 3478 3337 3548 ίερὲ
3384 3476 3637 3548 ἄνθρωπε
3688 3478 3786 3533 τοῦ
3825 3481 3987 3544 Θεοῦ.

726 3596 890 3651 qnam
953 3580 1213 3645 maxime,
1276 3579 1526 3647 idemque
1554 3577 1865 3633 concordia:
1905 3594 2131 3634 servans
2166 3578 2304 3632 indi-

728 3672 876 3726 cium
907 3689 922 3727 :
950 3671 1307 3741 interrogatio
1334 3679 1540 3733 autem,
1570 3669 1658 3723 vix
1690 3672 1867 3725 audeo
1894 3671 2097 3733 dicere,
2161 3669 2303 3723 indl-

728 3773 902 3833 gesta.
954 3778 1056 3819 nec
1090 3764 1223 3819 satis
1280 3762 1559 3831 explorata
1607 3761 1903 3816 humilitati
1948 3769 2167 3815 nostrae.
2220 3760 2301 3813 Ad

730 3856 876 3910 hunc
919 3855 1065 3909 enim
1098 3854 1242 3908 diem
1281 3868 1391 3907 non
1428 3853 1804 3915 audieramus,
1851 3866 2047 3921 pueros
2078 3866 2107 3904 a
2147 3860 2303 3919 patre

727 3961 825 4016 per
878 3946 987 4000 vim
1021 3960 1087 3999 ac
1137 3961 1244 3999 non
1286 3954 1481 4015 sponte
1529 3949 1793 4000 detonsos
1824 3943 2013 3998 fuisse.
2063 3940 2198 3996 Nam
2253 3942 2299 3996 si

726 4036 887 4107 plane
921 4034 1157 4090 infantes
1188 4036 1246 4097 ii.
1278 4036 1393 4091 sive
1428 4044 1557 4090 ante
1582 4038 1919 4105 pubertatem
1945 4074 1961 4098 ,
1989 4050 2097 4089 non
2132 4043 2215 4088 est
2245 4034 2299 4089 in

729 4128 862 4197 ipsis
920 4128 1341 4183 voluntarium:
1390 4142 1564 4197 neque
1593 4128 1735 4181 enim
1802 4136 2011 4180 rectum
2070 4140 2100 4177 a
2133 4141 2301 4195 pravo

727 4228 961 4289 possunt
983 4219 1337 4289 dignoscere:
1365 4221 1457 4275 sed
1489 4234 1679 4273 eorum
1731 4218 1983 4284 arbitrio,
2012 4232 2138 4273 cum
2169 4221 2300 4272 ado-

728 4312 984 4378 leverint,
1025 4326 1113 4367 res
1138 4319 1249 4366 tota
1280 4310 1741 4381 permittenda....

967 4489 1077 4544 Res
1127 4488 1506 4559 permittenda.
1541 4485 1695 4541 Unde
1720 4487 1878 4542 nobis
1903 4502 1967 4542 ac
1994 4487 2149 4543 vobis
2178 4488 2303 4543 ani-

727 4583 801 4637 mi
835 4583 1015 4637 lutura
1048 4592 1134 4636 est
1164 4590 1218 4634 et
1248 4579 1498 4649 corporis
1534 4579 1703 4633 salus.
1761 4578 1866 4633 Sed
1895 4579 1963 4633 de
2011 4579 2098 4633 his
2128 4579 2297 4634 satis:

726 4674 989 4745 quoniam
1020 4688 1118 4726 nec
1143 4672 1276 4725 mihi
1310 4670 1505 4739 prolixi
1534 4670 1808 4724 sermonis
1841 4678 1926 4724 est
1952 4669 2149 4733 otium,
2180 4669 2303 4725 aliis

724 4774 995 4835 occupato
1024 4764 1258 4835 negotiis
1287 4762 1430 4816 haud
1463 4761 1720 4817 facilibus
1771 4761 2051 4830 expeditu.
2084 4761 2159 4815 De
2187 4760 2297 4830 epio

3129 3472 3158 3497 τ

2410 3570 2604 3623 σεπτὸν
2628 3570 2709 3623 ὅτι
2743 3571 2997 3641 μάλιστα,
3023 3571 3117 3623 καὶ
3139 3570 3199 3624 τὸ
3222 3572 3323 3642 τῆς
3351 3571 3659 3642 συμψυχίας
3697 3574 3991 3638 ἀπσῶζον

2406 3662 2693 3735 γνώρισμα
2723 3679 2739 3695 ·
2797 3663 2860 3717 τὸ
2900 3664 2957 3717 δὲ
3015 3662 3296 3733 ἐρώτημα,
3346 3666 3447 3718 οὐκ
3500 3663 3597 3719 οἷδ’
3619 3666 3768 3729 ὅπως
3820 3668 3987 3730 εἴπω,

2406 3755 2780 3826 ἀκατάλληλον
2828 3756 2923 3808 καὶ
2955 3756 3016 3810 οὐ
3053 3758 3494 3827 συνεγνωσμένον
3533 3762 3599 3831 τῇ
3657 3758 3990 3812 ταπεινώσει

2407 3848 2583 3917 ἡμῶν.
2632 3846 2857 3901 Οὐδέπω
2915 3848 3024 3918 γὰρ
3057 3848 3149 3901 καὶ
3182 3849 3419 3919 τήμερον
3449 3849 3786 3920 ἀκηκόαμεν,
3843 3849 3989 3920 πρὸς

2408 3940 2615 4012 πατρὸς
2662 3942 3084 4009 ἀναγκαστικῶς
3114 3942 3210 3995 καὶ
3246 3944 3350 3995 οὐκ
3382 3941 3705 4004 ἐθελουσίως
3734 3943 3986 4013 ἀποκαρο

2409 4029 2567 4098 θῆναι
2623 4030 2838 4094 παῖδας.
2885 4031 2947 4084 El
2978 4032 3077 4103 μὲν
3125 4033 3235 4105 γὰρ
3268 4034 3464 4103 κομιδῇ
3517 4034 3718 4102 νήπιοι,
3754 4034 3855 4087 εἴτ’
3886 4029 3985 4088 οὖν

2408 4122 2515 4193 πρὸ
2552 4122 2654 4191 τῆς
2686 4122 2923 4193 ἡλικίας,
2969 4124 3069 4178 οὐκ
3112 4126 3171 4177 ιν
3222 4125 3405 4187 αὐτοῖς
3460 4123 3521 4176 τὸ
3573 4124 3827 4195 θελητόν·
3859 4127 3985 4180 οὐδὲ

2407 4216 2514 4285 γάρ
2552 4216 2659 4269 είσι
2685 4214 3070 4283 διαγνωστικοὶ
3126 4215 3293 4270 καλοῦ
3327 4232 3387 4267 τε
3445 4216 3540 4268 καὶ
3572 4216 3746 4270 κακοῦ
3772 4235 3787 4249 ο
3844 4218 3986 4273 ἀλλά

2409 4308 2474 4376 τῇ
2506 4306 2617 4359 τῶν
2648 4306 2934 4375 φυσάντων
2984 4307 3299 4379 προαιρέσει
3352 4308 3620 4361 ἀνακτέον
3841 4309 3981 4383 Reg.

2407 4396 2743 4469 ἀνενεκτὲον]
2776 4398 2838 4451 τὸ
2870 4401 3215 4469 apinae"...

2634 4488 2747 4559 (77)
2784 4488 3070 4542 ἀναθετέον
3091 4490 3152 4542 τὸ
3182 4491 3435 4561 πρᾶγμα.
3472 4492 3611 4561 ΙΙαρ⁹
3632 4486 3694 4546 οὗ
3724 4494 3820 4547 καὶ
3847 4494 3983 4563 ἡμῖν

2409 4580 2505 4633 καὶ
2538 4581 2665 4649 ὑμῖν
2691 4580 2753 4633 τὸ
2783 4583 3048 4650 σωτήριον
3069 4582 3248 4651 ψυχῆς
3288 4598 3349 4634 τε
3396 4583 3491 4635 καὶ
3548 4582 3820 4653 σώματος.
3873 4586 3984 4638 Καὶ

2410 4672 2539 4742 περὶ
2566 4672 2664 4741 μὶν
2695 4672 2899 4724 τούτων
2924 4672 3043 4735 ἅλις
3076 4690 3090 4703 ·
3123 4674 3204 4725 ὅτι
3232 4673 3369 4743 μηδὲ
3400 4675 3590 4746 καιρός
3636 4693 3727 4745 μοι
3761 4694 3980 4747 μακρη-

2409 4766 2612 4835 γορεῖν,
2630 4765 2688 4817 ὲν
2710 4765 2891 4828 ἀλλοις
2919 4765 3303 4835 ἀσχολουμένῳ
3328 4766 3651 4837 πράγμασιν
3673 4768 3777 4821 οὐκ
3804 4768 3984 4821 εὐδιαο

725 4873 894 4927 scopo
946 4855 1090 4921 Chii,
1132 4855 1263 4925 quid
1298 4854 1401 4909 hoc
1437 4864 1488 4908 et
1523 4852 1666 4907 istud
1708 4853 1935 4907 narras?
1962 4851 2071 4907 Nos
2122 4866 2298 4921 neque

2406 4856 2599 4920 λύτοις.
2622 4858 2756 4928 Περὶ
2785 4857 2842 4910 δὲ
2865 4857 2959 4910 τοῦ
2993 4858 3291 4912 ἐπισκόπου
3319 4858 3475 4922 Χίου,
3495 4860 3549 4912 τί
3577 4860 3735 4913 τοῦτο
3764 4863 3985 4915 κάκεῖνο

725 4948 907 5004 virum
938 4948 991 5001 in
1024 4956 1377 5015 conspectum
1406 4954 1676 5007 nostrum,
1714 4944 1805 4998 ubi
1855 4944 1963 4997 huc
2009 4945 2175 5002 venit.
2210 4940 2305 4997 ad-

726 5040 1002 5102 misimus,
1026 5037 1361 5107 suspicionis
1394 5034 1627 5089 vitanda:
1656 5048 1857 5098 causae,
1886 5046 2060 5101 neque
2081 5034 2307 5088 omnino

732 5131 855 5186 sine
892 5144 1161 5197 responso
1195 5128 1507 5183 dimisimus
1536 5143 1551 5179 :
1585 5124 1729 5194 quod
1761 5138 1939 5193 neque
1969 5124 2049 5179 fas
2083 5122 2186 5179 fuit
2220 5126 2307 5180 vel

2409 4947 2731 5017 γέγραφαςς
2774 4948 2970 5017 Ἡμεῖς
3025 4946 3148 5000 οὔτε
3196 4950 3289 5001 τδν
3344 4948 3516 5020 ἀνδρα
3565 4952 3646 5014 είς
3674 4950 3798 5021 δψιν
3827 4951 3984 5022 ἡμῶν

2409 5039 2692 5109 ἠγάγομεν
2734 5039 3032 5110 ἐληλυθότα
3078 5039 3338 5103 ἐνταῦθα.
3378 5041 3477 5104 τὰς
3505 5042 3741 5111 ὑποψίας
3766 5042 3985 5109 διαφεύ-

2411 5144 2621 5197 γοντες,
2650 5126 2774 5182 οὔτε
2798 5128 2972 5199 πάντη
3008 5128 3370 5201 ἀνυπόκριτον
3400 5131 3667 5203 ειάσαμεν
3694 5149 3708 5164 ’
3729 5134 3815 5187 ὅτι
3844 5131 3981 5204 μηδὲ

805 5269 851 5302 ⁸⁸
883 5267 900 5324 l
929 5266 1075 5324 Petr.
1108 5284 1162 5334 v,
1190 5266 1245 5320 8.
1322 5266 1363 5299 “
1385 5265 1404 5319 Ι
1428 5264 1556 5320 Cor.
1585 5278 1695 5325 xvn.
1740 5262 1937 5329 £3.14.
2015 5260 2267 5318 “Matth.
2301 5265 2565 5331 “ruﬁo.
2640 5266 2729 5321 "1
2768 5266 2967 5321 Thess.
2999 5283 3055 5331 v,
3096 5265 3183 5321 16.

2249 5376 2486 5437 NOTAE.

804 5448 1497 5529 (ἶέ)1ἕ¹.οοί¹-“θε·ρπὲὀ
1674 5516 1686 5527 .
1758 5517 1793 5529 ..
1874 5516 1886 5529 .

806 5517 920 5594 (77)
953 5523 1028 5576 Ibi
1064 5517 1645 5594 magna’satislacuna
1673 5517 1729 5594 in
1758 5517 1927 5587 Regio
1954 5517 2159 5594 codice.
2178 5517 2311 5585 Qua:

733 5588 914 5651 autem
946 5601 1268 5661 sequuntur,
1289 5589 1515 5644 alterius
1540 5588 1781 5661 epistola:
1803 5602 1924 5661 esse
1955 5592 2079 5657 (cui
2101 5598 2306 5652 tamen.

735 5668 863 5737 quia
902 5659 1118 5737 initium
1157 5660 1331 5737 deest,
1383 5660 1630 5737 apposita
1680 5674 1788 5737 no__n
1817 5730 1827 5737 _
1856 5659 2045 5737 sit_sua
2098 5661 2307 5737 numeri

736 5729 906 5805 noua)
938 5733 1179 5805 indicare
1202 5732 1419 5805 videtur
1451 5729 1704 5805 Syllabus
1736 5729 2101 5805 Epistolarum
2131 5732 2182 5805 i_n
2216 5745 2299 5805 eo.

737 5810 860 5861 delll
888 5799 1149 5857 'codice:
1199 5801 1271 5853 ibi
1304 5800 1447 5853 enim
1486 5802 1627 5852 inter
1667 5799 2019 5865 insriptiones
2065 5800 2305 5866 epistola:

739 5885 857 5948 ρπε¹
916 5874 1053 5943 [Ilia
1098 5870 1474 5942 πρεσϐυτέρῳ,
1508 5883 1559 5923 et
1600 5870 1841 5938 cpistola:
1876 5868 1997 5939 ρπξ¹
2034 5870 2305 5942 Αὐξεντίῳ

2415 5513 2744 5593 ῃγουμένῳ.
2796 5510 2975 5593 media
3023 5518 3110 5593 est
3170 5510 3453 5593 inscriptio
3504 5512 3788 5593 μακαρίῳ
3821 5515 3982 5582 μονά-

2408 5581 2575 5650 (om.
2612 5581 2767 5653 ρπςν.
2798 5581 2910 5636 Etsi
2954 5591 3135 5636 autem
3172 5581 3468 5649 superioris
3502 5581 3788 5652 fragmenii
3826 5581 3981 5640 voces

2409 5652 2620 5709 ultima:
2665 5660 2985 5723 repetantur
3006 5653 3163 5723 initio
3198 5652 3535 5723 posterioris,
3559 5668 3735 5723 eoque
3758 5654 3977 5708 videan-

2407 5736 2497 5779 tur
2530 5734 2712 5792 partes
2741 5737 2863 5776 esse
2897 5722 3063 5776 unius
3093 5721 3447 5790 ejusdemque
3475 5721 3742 5791 epistolae,
3776 5725 3863 5779 cui
3893 5729 3975 5776 ni-

2408 5797 2481 5849 hil
2504 5796 2799 5847 admodum
2828 5792 3007 5864 desit;
3040 5801 3219 5845 tamen
3247 5808 3366 5860 qua:
3387 5802 3713 5861 sequuntur,
3733 5795 3819 5850 vix
3844 5810 3964 5864 pos-

2405 5877 2524 5922 sent
2552 5879 2674 5919 cum
2708 5862 3082 5933 superioribus
3117 5864 3382 5918 sententia
3406 5865 3700 5920 cohzrere.
