4184 6506
319 414 463 481 1565
1482 439 1862 501 EPISTULA]

1961 443 2018 503 M
2089 448 2236 512 LIB.
2275 451 2358 512 II.
3419 463 3553 528 1566

310 532 536 645 θεμιτὸν
564 539 658 591 καὶ
690 540 782 594 τὸν
826 545 1057 614 τυχόντα
1086 547 1510 621 ἀποπέμπεσθαι
1546 570 1559 585 ·
1597 556 1672 627 μὴ
1703 557 1783 610 ὅτι
1820 575 1862 627 γε

1984 577 2151 618 υηυιη
2190 581 2222 621 e
2253 567 2438 622 multis
2460 569 2742 638 repellere,
2803 573 3002 628 nedum
3041 575 3284 645 ejusdem
3318 577 3550 634 instituti

306 627 627 701 ὀμόσχημον
683 636 778 689 καὶ
839 638 1144 711 ἐπισκοπῆς
1206 645 1379 715 ὄνομα
1437 647 1873 720 κεκληρωμένον.

323 722 726 798 Ἦσμενίσαμεν
753 728 848 785 οὖν
893 734 974 788 ὅτι
1004 735 1234 805 ὀψέποτε
1278 741 1602 810 ἀπενόσφισε
1653 746 1876 801 ἐπισκο-

306 815 441 903 πῆς,
470 817 724 888 ἑλόμενος
771 816 874 877 ὧδέ
911 843 1014 879 που
1044 831 1414 900 παρερῤίφθαι
1441 850 1455 865 ο
1484 835 1875 903 ὑποϐάλλοντες

306 901 474 957 αὑτὸν
497 908 590 960 καὶ
623 907 884 982 ἐπιτιμίῳ
913 917 1243 987 προσήκοντι
1268 935 1284 951 ·
1343 920 1531 992 ὥσπερ
1568 929 1870 997 πεποιήκα-

308 1010 411 1063 μεν
437 997 528 1050 ἐπὶ
555 1003 667 1063 τοῖς
695 1003 893 1071 ὁμοίως
933 1007 1081 1079 αὑτῷ
1129 1010 1377 1078 δράσασι.
1413 1015 1521 1068 Καὶ
1547 1018 1574 1069 6
1608 1017 1740 1080 Θεὸς
1767 1018 1874 1071 τῶν

306 1087 710 1152 μετανοούντων
763 1092 904 1147 ὲστί.
956 1098 1065 1150 Καὶ
1111 1099 1269 1154 τοῦτο
1315 1104 1541 1175 ἐναργὲς
1570 1106 1873 1177 ὑπόδειγμα

305 1178 594 1269 μετανοίας
637 1182 967 1254 ὲπεζήτηται
1001 1189 1097 1241 καὶ
1141 1193 1272 1260 παρ’
1296 1193 1453 1262 ἡμῶν
1485 1197 1579 1250 καὶ
1609 1199 1746 1269 πρὸς
1776 1200 1871 1254 ἄλ-

299 1263 411 1317 λων
433 1268 542 1322 τῶν
578 1272 847 1342 ίατρεύειν
893 1279 1332 1352 ἐπιτεταγμένων
1363 1287 1395 1355 ἡ
1425 1285 1516 1340 τοῦ
1548 1288 1872 1344 ὑποπεπτω-

299 1357 457 1453 κότος
502 1361 847 1434 ὑποχώρησις
895 1369 996 1438 τῆς
1039 1373 1347 1446 ἐπισκοπῆς
1377 1392 1390 1405 ⁸
1431 1379 1523 1431 καὶ
1557 1375 1728 1450 εἷρξις
1767 1383 1869 1453 τῆς

302 1450 632 1545 ἱερουργίας,
666 1459 763 1511 σὺν
816 1462 1073 1534 ἐπιτιμίῳ
1126 1466 1229 1530 ἕως
1277 1470 1472 1540 καιροῦ
1520 1475 1762 1545 εἰρήνης.
1807 1450 1867 1530 El

296 1538 391 1636 οὖν
435 1546 606 1636 ταῦτα
647 1548 992 1620 ὡμολόγηται
1029 1555 1106 1626 τῷ
1147 1557 1300 1628 ἀνδρί
1333 1577 1347 1590 ’
1380 1538 1525 1625 τίνες
1546 1538 1870 1636 ἦμενῐήμεῐς

295 1633 648 1729 αποσείεσθαι
683 1638 796 1729 τὸνῌ
811 1644 1125 1712 προσιόντα,
1157 1649 1250 1701 καὶ
1277 1633 1578 1721 ἐχθραίνειν
1603 1655 1660 1707 ὲν
1694 1633 1867 1729 τούτῳ

487 1727 585 1821 Mij
627 1729 712 1795 σὺ,
762 1725 807 1784 ὦ
838 1732 1130 1804 θαυμάσιε,
1177 1719 1388 1809 βαρέως
1434 1744 1619 1814 φέροιο
1665 1747 1760 1799 ἐπὶ
1787 1719 1866 1821 τῷ

292 1814 452 1907 όινδρί
479 1836 490 1847 ⁸
523 1819 627 1871 κᾶν
669 1821 749 1874 ὃτι
778 1825 1014 1894 μάλιστα
1043 1828 1079 1882 ἃ
1109 1829 1285 1897 λέγεις
1308 1836 1642 1905 πεπραχέναι
1673 1814 1859 1907 αὑτὸν,

1975 654 2176 721 virum,
2207 667 2260 713 et
2302 660 2613 730 episcopale
2669 678 2862 718 nomen
2893 665 3167 736 adeptum.
3204 669 3392 739 itaque
3429 688 3552 741 gra-

1975 747 2128 801 tulati
2161 765 2349 806 sumus
2392 754 2537 823 quod
2579 755 2950 825 episcopatum
2986 759 3202 813 tandem
3249 762 3540 828 abdicarit,

1975 839 2174 906 eligens
2224 843 2309 896 vel
2340 844 2418 898 sic
2446 861 2548 914 pro
2599 848 2850 916 neglecto
2898 850 3112 904 haberi:
3148 851 3322 920 ipsum
3353 869 3548 909 conve-

1974 929 2143 982 nienti
2206 947 2375 1000 poenae
2408 937 2738 1005 subjeeimus
2771 954 2786 993 :
2823 941 3281 1009 quemadmodum
3318 946 3534 1014 egimus

1972 1015 2026 1070 in
2074 1018 2140 1072 iis
2162 1022 2253 1089 qui
2286 1023 2485 1076 similia
2516 1036 2918 1096 perpetrarunt.
2954 1029 3097 1083 Deus
3147 1040 3326 1084 autem
3369 1034 3546 1101 paeni-

1971 1111 2198 1164 tentinm
2232 1123 2334 1167 est.
2365 1115 2431 1168 Et
2486 1115 2590 1171 hoc
2622 1117 2968 1173 manifestum
3025 1121 3355 1189 paenitentia
3380 1139 3545 1194 argu-

1969 1209 2213 1255 mentum
2267 1206 2590 1271 requisitum
2649 1218 2732 1263 est
2783 1219 2894 1262 tum
2931 1225 2958 1263 a
2990 1211 3144 1266 nobis
3185 1220 3297 1265 tum
3348 1213 3416 1267 ab
3472 1213 3539 1267 iis

1970 1289 2168 1356 quibus
2201 1293 2335 1346 alios
2367 1298 2592 1350 sanandi
2621 1314 2753 1353 cura
2790 1301 3117 1355 demandata
3156 1314 3259 1368 est,
3285 1319 3409 1358 eum
3444 1307 3539 1375 qui

1969 1380 2154 1451 lapsus
2181 1395 2285 1447 est,
2307 1385 2374 1439 de
2401 1391 2713 1458 episcopatu
2743 1391 2931 1446 cedere
2957 1411 2970 1447 :
3000 1402 3053 1446 et
3088 1409 3117 1447 a
3148 1396 3320 1450 sacris
3343 1397 3536 1461 arceri,

1969 1486 2092 1526 cum
2124 1489 2280 1543 paena
2308 1477 2587 1532 subeunda
2612 1495 2783 1548 usque
2811 1484 2875 1535 ad
2907 1493 3121 1552 tempus
3150 1487 3320 1554 pacis.
3350 1488 3406 1541 Si
3426 1490 3540 1543 haec

1967 1564 2150 1634 itaque
2179 1567 2262 1620 vir
2297 1568 2386 1622 ille
2417 1584 2524 1636 pne
2566 1586 2623 1625 se
2668 1582 2851 1640 aperte
2894 1575 3058 1629 tulit:
3092 1577 3312 1645 quinam
3347 1595 3539 1634 sumus

1969 1672 2070 1712 nos
2099 1667 2159 1712 ut
2189 1661 2537 1715 accedentem
2565 1665 2914 1730 repellamus,
2947 1675 3002 1719 et
3033 1669 3086 1720 in
3120 1668 3304 1722 odium
3331 1671 3535 1725 idcirco

1966 1744 2059 1799 Dei
2101 1746 2485 1803 incurramus?
2534 1749 2611 1804 Ne
2670 1760 2748 1814 tu,
2807 1753 2890 1806 vir
2938 1755 3277 1822 admirande,
3327 1758 3536 1814 homini

1965 1836 2039 1889 illi
2069 1853 2421 1903 succenseas,
2471 1841 2554 1894 vel
2587 1842 2631 1895 si
2676 1843 2936 1908 maxime,
2977 1860 3098 1913 quae
3129 1847 3198 1900 ab
3232 1863 3298 1902 eo
3324 1858 3533 1918 patrata

291 1902 672 2006 ἀποδέδεικται
706 1913 881 1984 ἀληθῆ
914 1912 1054 1972 εἶναι
1073 1936 1086 1951 ·
1126 1921 1247 1974 ἐπεὶ
1275 1901 1434 1992 ἡμεῖς
1464 1901 1587 1980 οὑτε
1618 1901 1860 2001 ἀκηκόαξ

1966 1944 2181 1994 narras,
2215 1946 2339 1984 vera
2374 1947 2494 1985 esse
2529 1943 2734 1987 constet
2770 1951 2783 1986 :
2821 1935 3253 2006 quandoquidem
3302 1955 3402 1994 nos
3441 1957 3534 1995 ne-

293 2012 396 2093 μεν
452 1999 556 2061 ἕως
597 2002 692 2056 τοῦ
732 2007 1020 2076 παρόντος,
1075 2011 1218 2076 οὗτε,
1269 2015 1318 2067 ει
1366 2017 1459 2070 καὶ
1517 1999 1855 2093 ἀκηκόαμεν,

289 2087 551 2183 κρίνομεν
579 2095 740 2149 αὑτὸν
793 2099 850 2151 ὲν
896 2100 1122 2165 τούτοις.
1169 2104 1481 2175 Γέγραπται
1519 2087 1626 2183 γάρ
1649 2130 1664 2143 ο
1696 2087 1790 2182 Ιιίὴ
1826 2117 1860 2169 δ

287 2179 474 2274 νόμος
492 2183 659 2251 ἡμῶν
681 2189 866 2254 κρίνει
889 2190 996 2244 τὸν
1019 2193 1348 2261 ἄνθρωπον,
1376 2197 1487 2251 ἐὰν
1515 2179 1607 2269 μῆ
1622 2179 1856 2274 ἀκούσῃ

288 2273 428 2337 παρ’
451 2277 637 2331 αὑτοῦ
690 2281 996 2348 πρότερον,
1063 2285 1158 2337 καί
1200 2286 1320 2352 γνῷ
1377 2291 1435 2343 τί
1484 2295 1684 2358 ποιεῖς
1748 2273 1856 2351 Καὶ

287 2363 454 2418 πάλιν
475 2367 504 2420 6
544 2368 860 2437 Ἀπόστολος
888 2375 1060 2443 λέγει’
1090 2379 1252 2432 Κατὰ
1282 2385 1690 2453 πρεσϐυτέρου
1712 2407 1853 2444 κατ-

286 2457 538 2553 ηγορίαν
573 2460 660 2528 μὴ
699 2464 1070 2553 παραδέχου,
1095 2467 1268 2537 ἐκτὸς
1297 2476 1348 2526 εὶ
1395 2475 1483 2544 μὴ
1515 2478 1612 2531 ἐπὶ
1653 2479 1761 2534 δύο
1814 2483 1853 2553 ἢ

287 2544 467 2607 τριῶν
515 2552 848 2619 μαρτύρων.
891 2553 1124 2612 Ἔπειτα
1170 2561 1291 2614 οὐδὲ
1331 2565 1535 2619 τούτων
1567 2574 1853 2638 πρόκειται

285 2634 446 2733 3.670;
478 2639 510 2710 ἢ
551 2640 767 2705 ἐξουσία
799 2644 892 2697 τοῦ
924 2647 1153 2718 κρίνειν·
1178 2654 1313 2708 ἀλλὰ
1349 2658 1477 2728 περὶ
1502 2659 1596 2712 τοῦ
1614 2634 1849 2733 -προσίεο

291 2727 416 2783 σθαι
439 2733 566 2794 τοὺς
595 2733 1056 2804 ὑποπεπτωκότας
1083 2744 1182 2816 τὴν
1216 2749 1504 2813 μετάνοιαν
1539 2767 1553 2781 ⁸
1589 2770 1851 2824 ταμιευο-

288 2821 471 2920 μένων
499 2824 606 2880 τῶν
650 2826 754 2920 ὑπὸ
796 2828 895 2900 τῆς
940 2835 1251 2906 τιμιότητός
1293 2856 1387 2892 σου
1436 2821 1849 2920 λελεγμένων,ἢ

282 2913 516 2969 ἐνταῦθα
568 2917 742 2990 καιρῷ
777 2920 854 2990 τῷ
893 2922 1066 2976 δέοντι
1115 2929 1227 2990 τοῖς
1254 2933 1556 2998 προεστῶσι
1586 2913 1686 3006 τῆς
1729 2913 1852 2991 Ἐκ-ἰ

282 3005 553 3073 κλησεας,
595 3008 627 3079 ἢ
675 3011 735 3063 ὲν
773 3011 850 3082 τῷ
897 3014 1141 3083 μέλλοντι
1173 3019 1328 3072 αίῶνι
1387 3022 1467 3093 τῷ
1521 3005 1682 3097 κριτῇ
1741 3030 1850 3083 τῶν

283 3099 562 3154 ἁπάντων.
594 3101 685 3154 Διὸ
735 3103 1085 3174 συμϐουλεύω
1108 3112 1173 3180 τῇ
1232 3113 1558 3184 χρηστότητι
1609 3135 1702 3171 σου
1740 3121 1848 3189 ὰφ-

1963 2034 2069 2088 que
2098 2020 2150 2072 in
2176 2021 2321 2074 hunc
2352 2021 2492 2074 diem
2526 2022 2832 2076 audivimus
2885 2041 2899 2076 :
2940 2041 3062 2090 nec,
3113 2027 3241 2081 licet
3270 2030 3534 2086 audiisse—

1961 2124 2108 2172 mus,
2143 2109 2320 2177 ipsum
2349 2110 2417 2162 de
2440 2110 2522 2163 his
2547 2110 2878 2178 judicamus.
2911 2110 3184 2180 Scriptum
3215 2126 3299 2168 est
3345 2118 3532 2172 enim:

1961 2196 2218 2268 Nunquid
2248 2202 2331 2251 lex
2358 2209 2542 2252 nostra
2568 2199 2778 2267 judicat
2807 2202 3232 2266 Itomiuem,'nisi
3262 2206 3408 2272 prius
3433 2223 3532 2258 au-

1957 2290 2118 2341 dierit
2141 2289 2204 2341 ab
2231 2291 2365 2357 ipso,
2395 2301 2440 2342 et
2463 2291 2756 2358 cognoverit
2808 2292 2935 2360 quid
2960 2293 3126 2361 faciat
3167 2294 3210 2325 ³⁸
3239 2295 3262 2348 ἳ
3302 2297 3368 2351 Et
3405 2313 3530 2350 rur-

1957 2395 2078 2432 sum
2112 2379 2406 2449 Apostolus
2427 2382 2504 2434 ait
2534 2400 2548 2434 :
2590 2381 2855 2435 Aduersus
2913 2384 3268 2454 presbyterum
3302 2404 3528 2443 accusa-

1957 2473 2151 2525 tionem
2181 2473 2289 2525 noli
2323 2474 2570 2542 recipere,
2603 2475 2705 2528 nisi
2744 2474 2838 2528 sub
2879 2475 3083 2530 duobus
3134 2488 3225 2530 aut
3257 2479 3423 2533 tribus
3453 2491 3528 2534 te-

1954 2565 2122 2617 stibus
2151 2565 2217 2617 “'.
2271 2564 2480 2621 Deinde
2505 2581 2684 2635 neque
2717 2567 2861 2622 ratio
2901 2570 3142 2639 suppetit
3174 2571 3257 2625 vel
3285 2581 3526 2640 potestas

1951 2655 2020 2709 de
2060 2655 2144 2710 his
2171 2656 2473 2726 judicandi,
2498 2659 2591 2713 sed
2616 2673 2711 2712 eos
2745 2659 2837 2728 qui
2879 2675 2938 2714 se
2988 2661 3316 2730 pcenitentize
3339 2663 3526 2733 subje-

1953 2747 2149 2813 cerint,
2179 2749 2496 2802 admittendi
2529 2766 2541 2802 :
2576 2749 2873 2804 reservatis
2909 2750 2978 2805 iis
3003 2766 3126 2819 qua:
3155 2766 3186 2803 a
3219 2753 3522 2807 reverentia

1953 2847 2045 2892 tua
2073 2849 2502 2893 commemorata
2537 2849 2685 2904 sunt,
2720 2842 2804 2896 vel
2839 2841 2892 2894 in
2929 2842 3029 2895 hac
3076 2843 3184 2896 vita
3217 2851 3524 2911 Opportune

1952 2936 2217 2998 tempore,
2243 2928 2547 2998 praepositis
2577 2927 2838 2982 Ecclesia:
2861 2946 2875 2992 ;
2903 2930 2986 2983 vel
3027 2931 3079 2982 in
3107 2929 3292 2984 futuro
3320 2932 3523 2986 saeculo

1947 3018 2115 3087 judici
2152 3019 2416 3072 omnium.
2477 3017 2839 3083 Quamobrem
2894 3027 3085 3073 auctor
3152 3034 3273 3073 sum
3334 3021 3520 3090 pietati

1954 3120 2079 3173 tuae,
2119 3110 2360 3164 dimissis
2387 3109 2471 3163 his
2498 3111 2846 3164 sermonibus
2876 3125 3023 3164 nunc
3045 3109 3264 3179 quidem
3289 3111 3521 3167 Domino

281 3207 310 3241 ε
319 3192 455 3262 μένῃ
472 3191 580 3284 τΔῶν
596 3193 769 3261 λόγων
796 3197 1018 3252 ἐκείνων
1051 3203 1114 3254 ἐν
1139 3202 1216 3271 τῷ
1246 3205 1382 3267 τέως
1411 3208 1750 3279 εὐχαριστεῖν
1772 3213 1848 3282 τῷ

1958 3203 2154 3271 gratias
2176 3218 2334 3270 agere
2372 3203 2441 3255 ob
2481 3203 2579 3255 viri
2609 3202 2991 3271 paenitentiam
3025 3204 3069 3234 “
3099 3221 3114 3268 ;
3155 3212 3215 3257 ut
3243 3205 3522 3273 adjutores

283 3281 474 3351 Κυρίῳ
496 3276 593 3335 Eni
627 3287 692 3355 τῇ
721 3285 815 3339 τοῦ
850 3288 1038 3359 ἀνδρὸς
1075 3293 1353 3365 μετανοίᾳ*
1387 3276 1563 3360 egisti
1595 3276 1846 3372 συνεργοὶ

1958 3291 2042 3346 Dei
2105 3293 2298 3356 simus,
2358 3295 2448 3361 qui
2515 3293 2628 3346 vult
2693 3308 2911 3349 omnem
2968 3294 3244 3348 hominem
3305 3296 3517 3349 salvum

281 3373 475 3444 εἴημεν
502 3376 619 3447 Θεῷ
653 3378 730 3449 τῷ
771 3381 1008 3449 φιλοῦντι
1035 3382 1300 3447 σώζεσθαι
1331 3389 1507 3442 πάντα
1529 3392 1841 3462 ἄνθρωπον·

282 3465 385 3518 κάν
435 3467 608 3540 τούτῳ
654 3473 904 3539 εἰρήνην
933 3474 1165 3544 ἔχωμεν
1195 3478 1344 3545 πρὸς
1387 3483 1571 3536 αὐτὸν
1610 3484 1707 3538 διὰ
1740 3487 1844 3541 τοῦ

282 3557 505 3624 Κυρίου
533 3557 701 3627 ἡμῶν
739 3563 932 3628 Ἰησοῦ
972 3565 1246 3632 Χριστοῦ.
1273 3569 1383 3622 Καὶ
1408 3571 1558 3636 τέλος
1586 3574 1715 3628 ὅταν
1748 3577 1844 3630 λά-

283 3647 383 3718 ϐῃς
435 3651 643 3719 καιρὸν,
674 3651 830 3723 εῐπερ
876 3655 970 3706 καὶ
1004 3655 1204 3726 ζητεῖς,
1239 3658 1358 3711 τότε
1393 3662 1690 3734 εύθύτητας
1720 3668 1840 3738 κρί-

280 3755 410 3794 νοιο.
446 3741 519 3793 Τὸ
571 3741 629 3794 δὲ
674 3742 768 3795 νῦν
817 3745 1116 3817 προσεύχου
1152 3750 1276 3818 περὶ
1327 3753 1507 3820 ἡμῶν,
1573 3757 1842 3821 σώζεσθαι

278 3830 428 3900 ἡμᾶς
617 3850 676 3886 τε
717 3835 806 3887 καὶ
839 3836 1048 3907 σώματι
1082 3857 1095 3868 ·
1122 3840 1202 3892 ὅτι
1224 3842 1594 3916 ὁμολογοῦμεν
1623 3850 1842 3904 πάντων

279 3924 578 3994 ἀνθρώπων
630 3928 1067 4000 ἀμαρτωλότεροι
1109 3927 1268 3989 εῖναι.
1311 3935 1368 3987 '0
1417 3938 1620 4009 Κύριος
1669 3944 1698 3994 6
1744 3943 1840 4014 ἀρ-

278 4017 633 4083 χιεπίσκοπος
712 4021 936 4075 πλεῖστὰ
1008 4039 1066 4075 σε
1142 4027 1534 4099 προσαγόρεύει
1573 4071 1585 4092 .
1666 4050 1839 4103 προσο

277 4109 595 4180 αγορευθεὶς
655 4112 758 4164 ὑπὸ
787 4114 886 4183 τῆς
948 4115 1129 4186 φωνῆς
1183 4134 1276 4171 σου
1308 4133 1322 4148 ·
1373 4121 1496 4175 ἐπεὶ
1548 4123 1643 4178 καὶ
1700 4127 1839 4179 πάν-

277 4214 368 4262 τες
422 4200 472 4252 οἱ
529 4202 649 4272 μεθ’
681 4205 837 4275 ἡμῶν
889 4205 1125 4274 ἀδελφοί.
1192 4210 1443 4282 Ἐρρωσο
1502 4215 1561 4267 ὲν
1625 4217 1836 4290 Κυρίῳ.

277 4290 494 4361 ἀδελφέ.

417 4423 564 4479 PHA'
591 4425 725 4498 (78).
755 4429 1129 4495 -Αὐξεντίφ
1155 4431 1483 4505 ἡγουμένῳ.
1509 4435 1692 4511 [ψνδ’.]

1947 3383 2064 3437 ﬁeri
2093 3384 2132 3414 ¹⁷
2170 3398 2184 3433 :
2217 3392 2270 3436 et
2297 3393 2522 3436 eatenus
2562 3399 2741 3447 pacem
2793 3384 3079 3437 habeamus
3105 3384 3175 3438 ad
3223 3386 3394 3452 ipsum
3428 3401 3521 3454 per

1949 3475 2234 3528 Dominum
2290 3483 2527 3527 nostrum
2578 3472 2765 3528 Iesum
2825 3474 3093 3529 Christum
3154 3475 3217 3528 ⁸⁸.
3272 3475 3519 3544 Denique

1947 3582 2070 3619 cum
2107 3568 2381 3635 acceperis
2421 3575 2658 3635 tempus,
2690 3567 2960 3637 siquidem
2994 3568 3098 3621 hoc
3127 3567 3349 3636 quaeris,
3382 3578 3515 3621 tunc

1942 3656 2184 3725 justitias
2207 3657 2477 3725 judicabis
2501 3658 2567 3710 “.
2597 3655 2653 3708 In
2684 3656 2940 3725 praesenti
2962 3671 3094 3711 vero
3122 3672 3216 3725 pro
3238 3657 3396 3711 nobis
3417 3672 3513 3710 ora

1947 3760 2005 3801 ut
2035 3747 2168 3801 salvi
2203 3755 2313 3800 tum
2353 3748 2536 3800 animo
2563 3756 2674 3798 tum
2735 3760 2963 3815 corpore
2993 3747 3205 3801 simus:
3239 3762 3364 3800 nam
3421 3762 3515 3803 su-

1945 3856 2039 3908 pra
2092 3839 2353 3893 mortales
2412 3853 2605 3892 omues
2662 3852 2765 3892 nos
2825 3846 3138 3906 peccatores
3171 3838 3507 3908 proﬁtemur.

1943 3930 2208 3985 Dominus
2236 3928 2678 3998 archiepisc0pus
2708 3928 2997 3998 plurimam
3033 3929 3130 3983 tibi
3174 3931 3408 3985 salutem
3431 3932 3516 3986 di-

1944 4023 2041 4086 cit,
2072 4036 2236 4090 quem
2265 4029 2318 4074 et
2358 4030 2450 4074 tuo
2501 4020 2720 4074 nomine
2756 4020 3114 4076 salutavimus
3153 4040 3166 4076 :
3209 4022 3402 4076 deinde
3458 4034 3514 4079 et

1943 4125 2134 4164 omnes
2159 4107 2253 4179 qui
2273 4108 2559 4163 nobiscum
2592 4119 2721 4165 sunt
2750 4107 2966 4163 fratres.
3003 4107 3135 4164 Vale
3163 4109 3220 4164 in
3256 4107 3507 4171 Domino.

1939 4199 2128 4254 frater.

2195 4440 2520 4496 CLXXXIV.
2549 4473 2619 4485 --
2648 4443 2910 4497 Auxentio
2943 4445 3241 4513 praeposito.

1282 4568 1566 4631 Respondet
1587 4575 1648 4622 ad
1667 4581 1898 4638 quasdam
1923 4581 2032 4643 ejus
2054 4575 2490 4641 interrogationes.

342 4666 416 4720 Τὸ
448 4666 546 4737 μὲν
586 4663 820 4736 γράμμα
870 4665 970 4736 τῆς
1014 4665 1336 4737 τιμιότητός
1387 4687 1480 4724 σου
1512 4673 1833 4747 ἐδεξάμεθα,

2011 4679 2246 4734 Litteras
2278 4677 2708 4734 honoriﬁcentia:
2749 4687 2855 4733 tua:
2878 4679 3212 4749 accepimus,
3246 4687 3300 4733 et
3327 4681 3503 4750 quoad

273 4759 367 4811 καὶ
416 4757 492 4821 ὼς
537 4753 604 4827 ἦν
649 4759 778 4827 ἡμῖν
811 4758 1031 4812 δυνατὸν
1078 4759 1420 4830 ἐπήλθομεν·
1453 4763 1522 4817 τὰ
1574 4767 1671 4835 μὲν
1709 4773 1834 4824 καθ’

271 4849 430 4920 ἡμῶν
479 4849 726 4919 ἐγκώμια
765 4850 1094 4922 πορρωτέρω
1141 4850 1378 4921 θέμενοι,
1425 4855 1499 4918 ὡς
1544 4858 1644 4911 οὑκ
1671 4861 1836 4925 ἀξίων

269 4943 718 5012 ἐγκωμιαστικῆς
771 4943 878 4996 οὐδ’
912 4945 1046 5008 ὅλως
1113 4947 1444 5016 ἐμφάσεω;’
1497 4952 1577 5004 ὅτι
1621 4955 1694 5026 μὴ
1744 4959 1836 5010 καὶ

266 5035 712 5103 κατηγορητικῆς
731 5035 930 5103 μᾶλλον
951 5037 1330 5106 ὲπισκώψεως.
1359 5042 1514 5108 Τίνες
1535 5043 1640 5114 γὰρ
1671 5049 1835 5108 ἐσμὲν

270 5127 431 5194 ἡμεῖς
458 5129 506 5179 οἱ
544 5126 750 5196 ἀχρεῖοι
772 5168 787 5191 ,
818 5130 911 5181 καὶ
947 5130 1066 5182 οὑδὲ
1097 5132 1360 5199 ὀνόματος
1387 5131 1526 5198 ἄξιοι
1556 5131 1615 5189 οὗ
1645 5137 1830 5191 ἐπικε-

271 5218 552 5288 κλήμεθα;
608 5220 749 5289 Πρὸς
793 5220 850 5272 δὲ
898 5221 965 5275 τὰ
1011 5207 1409 5293 ὲπιξητηθέντα
1444 5242 1527 5278 σοι
1563 5228 1832 5294 κεφάλαια

272 5309 544 5378 Γραφικὰ,
580 5310 722 5363 πάνυ
751 5311 1118 5381 ἐξενίσθημεν,
1153 5314 1233 5366 ὅτι
1265 5315 1360 5367 κα)⁵
1386 5316 1521 5385 πρὸς
1544 5318 1702 5387 ἡμῶν
1723 5323 1832 5373 τῶν

267 5400 500 5469 ἀμαθῶν
534 5402 566 5472 ἡ
593 5401 870 5474 ἐξήγησις,
899 5407 1056 5475 καίγε
1083 5408 1212 5476 περὶ
1239 5407 1494 5461 τοιούτων
1519 5411 1828 5480 ἐμφάσεων,

345 5607 386 5638 ⁸⁸
414 5607 572 5663 Joan.
598 5625 692 5674 vn,
721 5610 807 5664 51.

268 5690 452 5741 LXXIV,
488 5680 538 5732 ὅ.

928 5611 970 5641 ³⁸
1002 5611 1018 5664 Ι
1047 5611 1186 5668 Tim.
1211 5630 1265 5680 v,
1301 5617 1384 5672 l9.
1464 5618 1508 5650 “
1543 5615 1740 5675 Ezech.
1772 5636 1964 5685 χχχιιι,
1996 5621 2081 5674 ll.

1940 4772 2208 4840 integrum
2247 4770 2404 4825 nobis
2434 4770 2536 4825 fuit
2568 4771 2824 4841 legimus,
2845 4772 3111 4825 eneomiis
3149 4773 3352 4827 nostris
3379 4788 3505 4842 pro-

1936 4863 2024 4918 cul
2053 4861 2326 4930 sepositis,
2365 4863 2535 4931 utqui
2570 4861 2964 4916 encomiastica
2998 4861 3310 4916 laudatione
3350 4863 3501 4933 digni

1938 4955 2088 5009 nullo
2119 4954 2281 5008 modo
2314 4969 2529 5019 sumus,
2564 4955 2657 5008 sed
2699 4954 3042 5009 accusatoria
3075 4955 3253 5022 potius
3301 4970 3500 5025 expro-

1939 5046 2207 5100 bratione.
2240 5043 2472 5109 Quinam
2512 5044 2655 5098 enim
2684 5059 2875 5099 sumus
2906 5058 3005 5097 nos
3035 5044 3276 5109 inutiles,
3308 5059 3375 5098 ne
3403 5059 3504 5098 no-

1941 5139 2089 5192 mine
2119 5136 2334 5206 quidem
2362 5135 2508 5204 digni
2535 5151 2641 5205 quo
2673 5136 3097 5204 nuncupamur?
3134 5135 3213 5190 Ad
3254 5136 3341 5189 illa
3374 5150 3503 5190 vero

1941 5226 2244 5297 Scriptum
2272 5228 2451 5297 capita
2476 5227 2543 5281 de
2573 5228 2771 5297 quibus
2802 5226 3179 5298 interrogasti,
3209 5228 3504 5280 vehemen-

1940 5331 2021 5373 ter
2073 5320 2476 5388 obstupuimus,
2517 5319 2662 5388 quod
2707 5334 2737 5372 a
2791 5321 2949 5373 nobis
2984 5318 3214 5374 indoctis
3248 5319 3500 5375 facienda

1940 5411 2010 5466 sit
2032 5411 2326 5475 enarratio,
2350 5411 2639 5480 etquidem
2669 5425 2996 5465 arcanorum
3027 5410 3320 5479 ejusmodi,
3352 5425 3494 5480 quo-

2194 5621 2236 5652 "
2269 5619 2288 5673 ι
2321 5621 2457 5676 Tim.
2504 5638 2562 5684 tt,
2593 5621 2645 5676 4.
2758 5623 2799 5654 ¹⁸
2825 5620 2982 5676 Rom.
3021 5637 3071 5688 v,
3109 5622 3159 5675 i.
3277 5622 3320 5654 "
3349 5621 3492 5676 Psal.

1759 5780 1989 5836 NOTA‘J.

342 5840 451 5901 (78)
485 5838 538 5894 In
575 5841 694 5896 cod.
729 5841 858 5913 Reg.
893 5847 1019 5914 ρπζ.
