4184 6488
722 364 743 426 Ῑ
755 365 858 427 567

1868 387 1928 447 S.
1968 388 2360 449 THEODORI
2413 392 2758 453 STUDITE

3868 389 4011 453 1568

713 494 835 533 rum
864 478 1184 539 dilucidatio
1212 488 1278 542 ad
1306 489 1521 549 divinos
1547 505 1757 552 tantum
1799 498 2125 569 interpretes
2164 518 2280 572 per-

2391 504 2427 558 ἀ
2473 504 2666 576 ἀνήκει
2699 505 2880 575 μόνοις
2906 508 3016 569 τοῖς
3058 504 3343 577 θεοφόροις
3371 505 3815 573 διαλευκαίνειν,
3876 501 4019 576 παρ’

716 570 905 636 tineat,
940 589 969 627 a
1002 576 1203 644 quibus
1226 579 1344 649 jam
1390 586 1535 639 edita
1560 598 1645 643 est
1677 589 1995 657 declaratio,
2026 570 2291 649 maxime-

711 856 833 908 quaa
852 844 1152 916 desideras;
1175 858 1475 919 praesertim
1495 876 1621 915 cum
1636 864 1884 933 epistola:
1903 869 2122 922 modum
2137 870 2292 924 exce-

710 931 1252 1008 dat;qu:eintegram
1287 948 1647 1017 scriptiouem
1666 931 1855 1025 exigit,
1881 958 2069 1011 talium
2104 976 2287 1015 rerum

710 1022 1062 1091 disceptatio.
1091 1030 1246 1097 Quod
1282 1052 1409 1091 vero
1450 1040 1534 1094 ais
1567 1022 1904 1112 propositam
1935 1064 2058 1103 esse
2086 1049 2288 1107 Judaeis

710 1116 1004 1174 verborum
1042 1128 1453 1184 contentionem
1488 1151 1501 1185 :
1535 1135 1655 1189 sine
1685 1136 2159 1202 Christomachos.
2180 1142 2285 1197 Pa—

710 1215 852 1264 trum
882 1214 1107 1280 optime,
1138 1217 1383 1274 lnrerein
1407 1226 1915 1293 seipsos.Quienim
1940 1232 2110 1301 ipsius
2124 1234 2287 1289 Chri-

708 1302 800 1362 sti.
830 1305 1066 1360 veri’Dei
1085 1310 1281 1373 nostri,
1314 1313 1617 1370 doctrinam
1646 1321 2018 1389 exploserunt,
2044 1326 2136 1393 qni
2161 1341 2285 1396 apo-

708 1393 977 1448 stolorum
1021 1408 1290 1468 praecepta
1343 1406 1684 1473 repulerunt,
1712 1410 1801 1478 qui
1840 1414 2084 1467 omnium
2124 1393 2283 1471 deni-

709 1499 818 1553 que
848 1486 1163 1543 divinornm
1199 1490 1419 1547 Patrum
1439 1496 1579 1551 celsa
1604 1499 1819 1570 eloquia
1838 1502 2088 1561 detestati
2118 1520 2279 1575 sunt;

708 1575 850 1629 haud
867 1592 1000 1632 sane
1017 1584 1305 1637 conveniat
1324 1603 1447 1638 cum
1462 1587 1548 1643 his
1566 1606 1649 1643 am
1660 1593 1962 1655 bulare.aut
1975 1612 2281 1656 sermonem

708 1665 981 1722 conferre.
1002 1669 1171 1725 Sinite
1200 1674 1342 1735 illos.
1373 1677 1449 1730 ait
1481 1678 1769 1744 Dominus.
1795 1689 1917 1739 caeci
1950 1700 2073 1743 sunt
2110 1692 2179 1745 ”.
2217 1694 2283 1748 Et

707 1760 971 1828 propheta
1002 1764 1077 1816 ait
1109 1781 1123 1817 :
1175 1764 1295 1819 Non
1321 1778 1399 1821 est
1440 1772 1696 1839 gaudium
1732 1778 1933 1845 impiis,
1977 1783 2114 1835 dixit
2172 1784 2283 1839 Do-

706 1852 883 1906 minus
914 1854 980 1909 ".
1019 1853 1391 1927 Praeterquam
1422 1865 1567 1916 enim
1598 1868 1743 1934 quod
1794 1871 1927 1924 nihil
1960 1874 2283 1941 juvaremnr
2315 1845 2356 1898 Β

704 1956 771 1995 ex
802 1958 992 1998 eorum
1026 1948 1336 2019 colloquio;
1370 1968 1469 2009 nos
1498 1954 1647 2024 ipsos
1676 1966 1955 2017 venenatis
1981 1968 2160 2021 verbis
2186 1985 2278 2023 ve—

704 2032 785 2087 lut
830 2038 1167 2105 serpentium
1230 2043 1412 2098 amatn
1456 2046 1800 2107 lacderemus.
1858 2056 1998 2109 Dens
2052 2070 2278 2116 conteret

702 2126 882 2180 dentes
904 2145 1086 2181 eorum
1105 2132 1159 2183 in
1185 2150 1274 2186 ore
1299 2138 1571 2201 ipsorum:
1592 2144 1760 2195 molas
1790 2146 1995 2199 leonum
2023 2152 2278 2221 confregit

707 2214 966 2271 Dominus
998 2221 1067 2275 ".
1104 2222 1391 2279 Sulliciant
1422 2229 1535 2283 haec
1569 2232 1686 2287 tibi.
1728 2236 1863 2300 Quid
1906 2249 2086 2294 autem
2121 2214 2278 2299 iiohis

703 2312 1015 2366 necessario
1045 2316 1412 2382 praestandum
1439 2331 1542 2385 est,
1574 2332 1632 2375 ut
1666 2324 1977 2391 placeamus
2007 2332 2281 2389 Domino?

703 2398 823 2464 Quo
852 2414 1012 2470 pacto
1041 2404 1243 2461 diaboli
1294 2410 1522 2480 laqueos
1559 2412 1919 2483 eﬂugiemus?
1948 2422 2200 2477 nimirum
2232 2428 2280 2481 si

702 2493 899 2560 Spiritu
960 2503 1221 2565 tanquam
1269 2500 1373 2556 alis
1442 2504 1815 2574 sublevemur,
1884 2524 2005 2578 qua:
2063 2529 2278 2572 sursum

702 2594 832 2639 sunt
869 2598 1200 2654 quaerentes.
1254 2608 1376 2661 quae
1417 2611 1636 2651 sursum
1678 2608 1806 2658 sunt
1863 2604 2159 2672 sapientes.
2188 2609 2279 2664 ubi

700 2676 957 2733 Christus
979 2690 1063 2735 est
1086 2682 1139 2735 in
1174 2684 1398 2740 dextera
1434 2686 1529 2742 Dei
1558 2690 1755 2746 sedens
1782 2693 1828 2724 ”
1854 2709 1868 2747 :
1898 2696 2043 2751 unde
2063 2708 2116 2753 et
2145 2716 2277 2755 ven-

701 2776 858 2824 turus
879 2780 965 2825 est
992 2787 1117 2826 curn
1141 2776 1351 2842 angelis
1381 2780 1605 2836 virtutis
1629 2798 1743 2839 sua:
1768 2786 1821 2840 in
1857 2787 2075 2846 ﬂamma
2109 2793 2274 2865 ignis,

698 2860 993 2916 vindictam
1047 2862 1288 2920 inferens
1317 2866 1385 2921 iis
1429 2870 1521 2938 qni
1555 2887 1658 2926 non
1709 2890 1973 2935 noverunt
2000 2860 2191 2951 Deum,
2224 2860 2280 2942 et

698 2950 791 3020 qui
839 2968 948 3007 non
980 2956 1245 3011 obediunt
1283 2958 1578 3031 Evangelia
1611 2964 1732 3034 ejus
1760 2966 1845 3033 “;
1901 2972 2003 3026 hoc
2036 2986 2120 3030 est
2178 2950 2277 3031 Jn-

698 3041 853 3105 dazis.
876 3051 931 3097 et
954 3046 1050 3113 qni
1080 3054 1431 3107 consentiunt
1459 3052 1688 3122 Iudaeis,
1717 3066 1810 3111 aut
1843 3067 2192 3129 perversione
2214 3071 2278 3124 ﬁ-

698 3132 785 3189 dei
814 3142 910 3189 aut
932 3138 1057 3193 vitae
1090 3142 1377 3209 pravitate.

2391 590 2464 651 ὧν
2494 597 2591 650 καὶ
2618 600 2651 669 ἡ
2685 598 3013 667 δωσάφησις
3050 595 3298 665 ἐγεγόνει
3320 613 3336 630 ο
3370 597 3529 665 καίγε
3556 597 3817 667 μάλιστα
3855 600 4016 650 κατὰ

2390 691 2534 757 λέξιν
2564 692 2666 744 ὑπὸ
2703 690 2797 744 τοῦ
2847 689 3083 760 μεγάλου
3118 690 3214 743 καὶ
3243 688 3390 743 θείου
3417 687 3725 747 Βασιλείου.
3788 688 4015 745 Λαϐὼν

2393 782 2481 834 οὖν
2503 781 2563 834 τὸ
2591 782 2669 844 είς
2699 781 2790 834 τὸν
2825 781 3054 834 Ἦσαῑαν
3082 780 3476 852 ἑρμηνευτικὸν
3504 780 3676 835 αὑτοῦ
3716 782 4012 842 mimi,

2393 872 2610 941 μαθήσῃ
2643 871 2711 924 τά
2744 870 3178 941 ἐπιζητούμενα·
3210 871 3387 934 άλλως
3420 887 3482 924 τε
3510 872 3593 923 ὅτι
3618 870 3720 925 καὶ
3776 873 4015 942 μέτρον

2391 964 2705 1032 ὑπερϐαίνει
2736 963 3046 1034 ἐπιστολῆς,
3077 964 3207 1035 ὅλης
3260 964 3585 1034 συγγραφῆς
3639 964 3907 1034 δεομένη
3977 966 4013 1034 η

2388 1056 2497 1107 τῶν
2520 1056 2775 1107 τοιούτων
2799 1055 3095 1125 ἐπίκρισις.
3139 1056 3284 1125 Πρὸς
3316 1055 3375 1108 δὲ
3418 1057 3502 1109 ὅτι
3540 1058 3654 1118 τοῖς
3689 1056 4013 1118 Ἰουδαίοις

2387 1146 2690 1217 λογομαχία
2710 1147 2996 1217 πρόκειται
3016 1164 3031 1178 ·
3065 1146 3129 1200 ἔα
3154 1147 3281 1210 τοὺς
3306 1148 3747 1219 Χριστομάχους,
3780 1142 3841 1201 ὦ
3881 1149 3979 1200 Il:

2386 1240 2560 1308 τέρων
2597 1240 2810 1308 ἄριστε,
2862 1239 3062 1309 λυττᾷν
3117 1240 3200 1301 εἰς
3252 1237 3500 1301 ἑαυτούς.
3551 1238 3615 1291 Oi
3648 1237 3763 1308 γάρ
3808 1238 4009 1291 αὑτοῦ

2387 1329 2623 1400 Χριστοῦ
2650 1329 2743 1382 τοῦ
2782 1328 3036 1399 ἀληθινοῦ
3066 1328 3201 1382 Θεοῦ
3230 1328 3387 1398 ήμῶν
3411 1328 3510 1391 τάς
3539 1328 3763 1398 διδαχάς
3798 1330 4011 1400 ἀπορ-

2388 1424 2735 1493 ραπίσαντες,
2776 1421 2874 1484 τάς
2910 1438 2971 1473 τε
3018 1421 3127 1474 τῶν
3159 1421 3476 1475 ἀποστόλων
3503 1420 3790 1492 ὑποθήκας
3840 1438 4012 1490 παρ»⁴

2384 1518 2676 1585 ωσάμενοι,
2702 1518 2798 1569 καὶ
2830 1514 3137 1585 συλλήὸδην
3168 1515 3388 1569 πάντων
3419 1515 3531 1568 τῶν
3552 1514 3848 1585 θεοφόρων
3895 1515 4010 1575 τὰς

2384 1608 2683 1679 ὑψηγορίας
2743 1606 3126 1677 βδελυξάμενοι
3165 1624 3183 1639 ’
3236 1607 3402 1678 σχολῇ
3446 1610 3501 1675 γ’
3536 1607 3603 1661 ἂν
3672 1608 3767 1676 ὑφ’
3814 1607 4009 1678 ἡμῶν

2391 1700 2590 1762 αὑτοὺς
2641 1699 2973 1767 όδηγείσθαι,
3032 1699 3066 1769 ἢ
3134 1698 3409 1767 συναίρειν
3462 1697 3640 1765 λόγον,
3699 1699 4001 1767 καθῆκαν.

2388 1792 2594 1858 Ἄφετε
2627 1792 2868 1857 αὐτοὺς,
2894 1793 2923 1844 ό
2973 1791 3175 1862 Κύριος
3204 1785 3349 1854 εἰπε,
3380 1791 3599 1858 τυφλοί
3624 1792 3766 1844 εισι.
3802 1792 3935 1845 Καὶ
3969 1791 4005 1841 ὁ

2390 1884 2680 1952 Προφήτης
2711 1883 2876 1952 φησίν
2902 1898 2917 1912 ·
2964 1884 3088 1936 Οὐκ
3123 1883 3253 1935 ἐστι
3282 1881 3514 1950 χαίρειν
3539 1881 3664 1947 τοῖς
3688 1882 3997 1945 ἀσεϐέσι,

2388 1974 2555 2042 ,λέγει
2587 1975 2821 2040 Κύριος.
2851 1970 3127 2043 Πρὸς“γάρ
3151 1972 3229 2042 τῷ
3260 1973 3427 2043 μηδὲν
3457 1971 3789 2040 ὠφελεῖσθαι
3815 1976 3884 2027 ἐν
3913 1976 3995 2043 τῇ

2388 2066 2634 2136 συμϐολῇ
2693 2065 2788 2119 τοῦ
2842 2065 3023 2133 λόγου,
3077 2067 3175 2120 καὶ⁵
3226 2067 3453 2130 ἑαυτοὺς
3510 2066 3996 2139 παραόλάψοιμεν

2383 2163 2497 2223 τοῖς
2537 2159 2765 2221 ἰοϐόλοις
2802 2159 3033 2229 ῥήμασι,
3061 2160 3216 2229 δίκην
3240 2160 3415 2227 ὄφεως
3454 2164 3988 2230 φαρμακευόμενοι.

2394 2249 2449 2301 'D
2508 2249 2651 2313 Θεὸς
2696 2248 3016 2317 συντρίψει
3075 2246 3217 2313 τοὺς
3264 2247 3518 2311 ὀδόν-τας
3548 2246 3750 2298 αὐτῶν
3788 2248 3862 2299 ἐν
3893 2245 3993 2311 τῷ

2382 2341 2631 2409 στόματι
2665 2340 2864 2393 αὐτῶν
2892 2354 2906 2368 ·
2955 2340 3064 2403 τὰς
3097 2339 3298 2408 μύλας
3345 2336 3465 2391 τῶν
3513 2336 3781 2391 ,ζεόντων
3814 2354 3988 2391 συν-

2381 2433 2646 2487 ἐθλασεν
2692 2435 2726 2487 ό
2774 2435 3010 2500 Κύριος.
3064 2430 3395 2485 ’ἰκανούσθω
3453 2447 3536 2483 σοι
3577 2427 3774 2483 ταῦτα.
3810 2431 3878 2484 Τί
3917 2432 3985 2484 δὲ

2381 2523 2731 2591 ὀφειλόμενον
2759 2524 2893 2593 ήμῖν
2936 2522 2993 2587 ἐξ
3034 2520 3359 2589 ἀναγκαίου,
3392 2521 3542 2583 ὅπως
3577 2519 3981 2589 ιειῧιιρεστ-ήιτου⁴

2385 2630 2483 2684 μεν
2513 2614 2592 2685 τῷ
2630 2613 2857 2683 Κυρίῳς
2894 2613 3017 2676 Πῶς
3061 2612 3463 2683 διαφευξόμεθα
3517 2610 3617 2673 τάς
3650 2611 3836 2677 πάγας
3869 2611 3980 2663 τοῦ

2379 2706 2661 2771 διαϐόλους
2713 2705 2964 2776 Δηλονότι
3016 2705 3311 2775 ὑπόπτεροι
3357 2703 3433 2774 τῷ
3478 2702 3752 2772 πνεύματι
3779 2704 3980 2769 γιγνό-

2385 2816 2555 2869 μενοι,
2605 2799 2676 2852 τά
2712 2799 2824 2852 ἀνω
2880 2797 3190 2867 ζητοῦντες,
3229 2796 3300 2849 τὰ
3334 2794 3447 2849 ἀνω
3499 2793 3851 2865 φρονοῦντες,
3902 2789 3977 2847 οὗ

2380 2892 2409 2944 ὁ
2467 2889 2702 2957 Χριστός
2763 2890 2932 2951 ὲστιν,
2991 2890 3051 2940 ὲν
3108 2884 3257 2957 δεξιᾷ
3304 2885 3399 2939 τοῦ
3437 2886 3574 2939 Θεοῦ
3629 2884 3970 2954 καθήμενος·

2380 2984 2475 3051 ἀφ’
2502 2976 2565 3036 οῦ
2617 2982 2713 3033 καὶ
2756 2980 2873 3050 ἥξει
2923 2982 3041 3049 μετ’
3074 2981 3324 3049 ἀγγέλων
3374 2980 3655 3049 δυνάμεως
3698 2977 3870 3031 αὑτοῦ
3905 2980 3973 3031 ἐν

2384 3074 2520 3145 πυρὶ
2578 3071 2817 3140 φλογός·
2870 3072 3103 3136 διδόντος
3162 3072 3443 3142 ἐκδίκησιν
3501 3074 3617 3134 τοῖς
3671 3072 3747 3140 μὴ
3793 3068 3967 3123 εἰδόσι

2302 3156 2344 3212 C
2377 3165 2534 3227 Θεὸν,
2563 3163 2801 3223 καὶτοῖς
2860 3162 2935 3231 μὴ
2987 3162 3321 3217 ὑπακούουσι
3370 3162 3449 3233 τῷ
3490 3161 3810 3232 Εὑαγγελίῳ
3836 3162 3911 3213 αὑ

697 3227 816 3295 τοῦ)
880 3230 1049 3300 ἧτουν
1117 3232 1412 3303 Ἰουδαίοις,
1451 3239 1545 3292 καὶ
1576 3241 1630 3294 ετ
1651 3258 1765 3296 τισι
1793 3244 2101 3320 σύμφροσιν
2142 3252 2431 3326 Ἰουδαίων,
2458 3259 2553 3312 καὶ
2581 3257 2722 3311 κατὰ
2764 3227 3001 3319 πίστεως
3063 3227 3432 3328 διαστροφὴν,⁷
3473 3259 3568 3309 καὶ
3618 3227 3794 3310 κατὰ-
3842 3256 3964 3327 βίου

701 3322 1089 3392 στρεϐλότητα.

773 3415 897 3473 llaec
933 3419 1215 3482 meditare,
1240 3436 1274 3475 ο
1314 3422 1512 3487 amice,
1547 3424 1601 3478 in
1638 3425 1722 3481 his
1747 3426 1962 3493 insiste,
2002 3442 2061 3485 ut
2089 3435 2273 3503 prole-

701 3514 823 3559 ctus
873 3516 998 3560 tuus
1039 3508 1367 3565 manifestus
1410 3513 1481 3567 sit
1535 3512 1587 3566 in
1621 3516 1898 3570 omnibus.
1936 3518 2195 3578 Hortatur
2224 3536 2276 3580 te

700 3593 904 3649 Paulus
952 3612 1181 3667 magnus
1243 3614 1419 3667 praeco
1477 3603 1777 3658 veritatis:
1829 3604 2037 3659 Stultas
2098 3624 2275 3665 autem

700 3690 1035 3755 quaestiones,
1086 3701 1133 3742 et
1167 3690 1519 3760 genealogias,
1563 3702 1612 3745 et
1656 3698 2037 3761 contentiones,
2079 3711 2127 3753 et
2175 3719 2277 3770 pu-

702 3795 834 3847 gnas
859 3778 1113 3835 Judaicas
1162 3783 1334 3836 devita
1357 3784 1423 3836 ".
1452 3783 1520 3838 Ut
1550 3797 1731 3841 autem
1763 3789 1815 3841 in
1854 3806 2067 3844 summa
2097 3792 2163 3846 de
2210 3797 2276 3850 iis

702 3886 826 3939 qua:
868 3874 1200 3941 proposuisti
1255 3877 1720 3943 respondeamus.
1766 3887 1939 3935 totum
1981 3899 2276 3954 argumen-

702 3972 817 4017 tum
846 3966 1161 4035 prophetice
1192 3969 1258 4021 de
1289 3970 1523 4021 adventu
1566 3978 1650 4023 est
1681 3972 1896 4027 Domini
1943 3978 2114 4029 nostri
2145 3975 2275 4031 Jesu

700 4055 906 4110 Christi
948 4076 960 4111 :
1001 4058 1053 4111 in
1110 4074 1220 4129 quo
1269 4070 1322 4115 et
1373 4061 1608 4131 populus
1651 4064 1744 4132 qui
1800 4068 2064 4134 expulsus
2118 4077 2273 4132 erat,

701 4150 993 4203 restitutus
1039 4160 1145 4215 est,
1179 4166 1205 4203 a
1240 4164 1476 4219 quatuor
1518 4154 1642 4208 aliis
1691 4172 1783 4209 seu
1819 4159 2064 4225 partibus
2098 4171 2275 4227 terrm,

700 4246 755 4292 et
791 4241 935 4309 quod
966 4242 1020 4293 in
1051 4244 1294 4296 munibus
1324 4244 1574 4313 descripti
1608 4258 1730 4300 sunt
1776 4251 1915 4301 muri
1940 4250 1985 4281 "
2014 4268 2163 4307 nova:
2192 4251 2280 4307 Je-

700 4330 960 4392 rusalem,
995 4334 1175 4387 crucis
1205 4336 1518 4403 passionem
1564 4335 1857 4406 signiﬁcat.
1893 4338 2074 4396 Clavis
2104 4343 2277 4413 siqui-

699 4421 823 4475 dem
855 4438 1051 4478 manus
1085 4434 1306 4480 sanctas
1340 4428 1611 4493 conﬁxus,
1645 4430 1898 4485 homines
1932 4434 2158 4488 retrahit
2204 4436 2274 4487 ah

699 4513 994 4570 immodica
1034 4518 1243 4586 peccati
1296 4518 1614 4584 aﬂectione.
1667 4532 1721 4577 et
1768 4524 2051 4594 speciosus
2103 4528 2277 4582 reddit

699 4608 995 4678 archetypa
1047 4610 1453 4679 pulchritudine
1501 4614 1886 4671 deillcationis.
1936 4614 2150 4683 Quare,
2210 4618 2276 4672 ad

2453 3430 2640 3485 Ταῦτα
2672 3428 2901 3499 μελέτα,
2932 3422 2977 3481 ὦ
3005 3430 3126 3493 τᾶν,
3161 3430 3217 3481 ἐν
3239 3432 3453 3495 τούτοις
3495 3431 3603 3486 ῐσθι
3625 3448 3639 3463 ⁸
3672 3433 3761 3486 ἵνα
3799 3450 3895 3485 σου
3927 3434 3964 3503 ἡ

2376 3523 2629 3593 προκοπὴ
2652 3521 2862 3592 φανερὰ
2959 3524 3015 3574 ὲν
3041 3522 3198 3573 πᾶσι.
3234 3523 3671 3592 Παρακελεύεταί
3700 3542 3781 3577 σοι
3813 3523 3963 3577 Παῦ-

2375 3616 2465 3678 λος
2513 3615 2541 3665 ό
2596 3615 2769 3681 μέγας
2810 3613 2910 3683 τῆς
2974 3612 3231 3683 ἀληθείας
3268 3614 3476 3684 κῆρυξ·
3511 3613 3627 3680 Τὰς
3654 3616 3723 3669 δὲ
3753 3618 3962 3685 μωρὰς

2377 3703 2654 3772 ζητήσεις
2683 3704 2780 3755 καί
2813 3704 3219 3772 γενεαλογίας,
3414 3705 3588 3770 ἕρεις.
3624 3706 3723 3758 καὶ
3754 3704 3962 3775 μάχας

2389 3795 2719 3860 Ἰουδαῖιιὰς
2748 3794 3290 3861 παραιτήσαιο.”1να
3321 3794 3379 3847 δὲ
3411 3796 3468 3846 ὲν
3499 3796 3782 3867 κεφαλαίῳ
3820 3797 3960 3867 περὶ

2377 3885 2452 3943 ὧν
2508 3889 2827 3961 προέτεινας
2877 3888 3287 3959 ἀποκριθῶμεν,
3328 3886 3451 3940 ὅλον
3496 3886 3557 3939 τδ
3610 3889 3805 3959 λῆμμα,
3851 3891 3961 3958 τῆς

2379 3981 2715 4051 προφητείας
2751 3978 2879 4047 περὶ
2920 3977 3019 4046 τῆς
3072 3978 3374 4050 παρουσίας
3404 3976 3500 4031 τοῦ
3549 3978 3752 4049 Κυρίου
3794 3981 3958 4051 ἡμῶν

2390 4072 2567 4143 Ἰησοῦ
2616 4069 2855 4145 Χριστοῦ
2885 4072 3060 4123 ἔστιν·
3096 4072 3155 4123 ὲν
3180 4064 3223 4138 ᾧ
3248 4072 3341 4125 καὶ
3366 4072 3397 4124 ό
3420 4070 3546 4133 λαὸς
3569 4073 3597 4123 ὁ
3626 4069 3957 4143 ἀπωσμένος

2379 4163 2756 4221 ἀνασέσωσται
2810 4165 2875 4217 ὲκ
2906 4162 3015 4217 τῶν
3044 4166 3327 4234 τεσσάρων
3368 4164 3675 4237 πτερύγων,
3709 4165 3820 4218 εῐτε
3855 4164 3957 4220 οῦν

2379 4256 2635 4325 περάτων
2679 4255 2778 4324 τῆς
2807 4254 2933 4323 γῆς.
2962 4253 3036 4306 Τό
3066 4270 3125 4305 τε
3168 4253 3267 4307 ἐπὶ
3299 4252 3419 4308 τῶν
3458 4253 3674 4324 χειρῶν
3707 4252 3955 4323 ἐζωγρα-

2378 4345 2604 4415 φῆσθαι
2632 4346 2705 4399 τὰ
2734 4346 2899 4415 τείχη
2930 4345 3030 4415 τῆς
3064 4346 3189 4409 νέας
3227 4346 3601 4418 Ἰερουσαλὴμ,
3633 4346 3694 4399 τὸ
3726 4363 3951 4415 σταυρι-

2379 4436 2475 4489 κὸν
2508 4437 2678 4497 πάθος
2711 4436 2881 4506 δηλοῖ.
2905 4436 3168 4508 Ἐπείπερ
3199 4437 3348 4507 ἥλοις
3377 4439 3807 4509 ὲμπεπαρμένος
3829 4441 3951 4502 ταῖς

2378 4527 2562 4595 ἀγίαις
2596 4527 2804 4599 χερσὶν,
2834 4529 3031 4596 ἀφηλοϊ
3080 4528 3141 4581 τὸ
3168 4527 3505 4599 ἀνθρώπινον
3532 4530 3633 4600 τῆς
3669 4528 3952 4601 ὲμπαθοῦς

2379 4620 2501 4672 καθ’
2530 4620 2803 4689 ἁμαρτίαν
2832 4619 3017 4685 ἕξεως,
3046 4621 3140 4673 καὶ
3167 4619 3363 4691 ὡραιοῑ
3388 4618 3469 4691 τῷ
3491 4621 3785 4694 ἀρχετύπῳ
3817 4620 3951 4675 κάλ-

700 4702 1009 4770 eseniplum
1039 4705 1462 4761 resurrectionis
1492 4716 1616 4776 post
1647 4715 1761 4763 tres
1789 4709 1905 4763 dies
1934 4720 2230 4779 noctesque
2254 4752 2269 4777 ,

2381 4711 2458 4764 λει
2486 4712 2583 4781 τῆς
2609 4710 2879 4773 θεώσεως.
2922 4708 3037 4779 Ἐφ’
3066 4703 3148 4774 οἷς
3181 4712 3376 4783 μικρὸν
3404 4712 3491 4766 διὰ
3524 4713 3622 4782 τῆς
3653 4728 3953 4784 τριημερο-

699 4788 839 4844 Lena
890 4796 1070 4846 oculos
1120 4802 1236 4848 tuos
1281 4796 1335 4848 in
1380 4797 1630 4861 circuitu,
1670 4807 1720 4851 et
1752 4799 1892 4867 ﬁlios
1938 4811 2054 4854 tuos
2098 4817 2274 4856 omnes

700 4883 856 4936 vide:
885 4899 1001 4937 ecce
1046 4889 1353 4957 congregati
1398 4898 1521 4943 sunt
1568 4900 1617 4944 ct
1651 4904 1898 4947 venerunt
1939 4896 2008 4949 ad
2040 4905 2107 4951 te.
2159 4896 2275 4951 Vivo

2376 4802 2575 4857 νύκτου
2606 4803 2978 4869 ἀναστάσεως,
2998 4800 3178 4871 Ἆρον
3204 4806 3410 4873 κύκλῳ
3433 4806 3575 4873 τοὺς
3604 4808 3952 4877 ὀφθαλμούς

2370 4912 2519 4961 σου,
2553 4896 2651 4950 καί
2686 4896 2775 4950 ιδε
2806 4898 3036 4964 πάντας
3076 4898 3218 4965 τοὺς
3257 4900 3429 4966 υίούς
3456 4914 3575 4954 σου
3594 4916 3610 4932 ·
3638 4898 3770 4953 ίδοὺ
3796 4918 3948 4955 συν·-

701 4991 817 5045 ego,
852 4975 982 5030 dicit
1011 4975 1270 5033 Dominus
1294 4981 1363 5033 ".
1392 4981 1526 5047 Quae
1563 4992 1756 5053 postea
1784 4996 2106 5056 sequuntur,
2149 5003 2277 5043 con-

2381 4989 2649 5059 ἤχθησαν
2673 4990 2769 5043 καὶ
2800 4983 2992 5059 ἦλθ’ον
3023 4990 3174 5059 πρὸς
3219 4990 3315 5046 σὲ.
3354 4991 3448 5045 Ζῶ
3480 4991 3619 5061 ἐγὼ,
3641 4990 3804 5061 λέγει
3831 4994 3949 5048 m3.-

702 5082 839 5121 nexa
882 5071 1216 5139 prophetice,
1266 5074 1387 5128 laeta
1418 5082 1546 5129 sunt
1586 5084 1642 5130 et
1673 5074 1887 5142 festiva,
1917 5088 1972 5133 et
2005 5079 2161 5149 plena
2182 5079 2273 5149 ju-

700 5160 1034 5227 cunditatis;
1073 5172 1128 5217 et
1154 5164 1246 5233 qui
1290 5177 1445 5236 grato
1485 5176 1571 5222 est
1612 5168 1819 5235 animo,
1865 5172 2153 5242 intelliget,
2198 5172 2274 5227 si-

701 5252 929 5322 mulque
989 5256 1314 5312 acclamabit
1368 5261 1723 5329 congruentia
1772 5279 1788 5317 :
1834 5262 2083 5329 ingratus
2146 5278 2274 5321 vero

698 5346 920 5402 ludens
956 5363 1129 5418 pravo
1163 5350 1270 5405 erit
1313 5353 1497 5418 corde,
1529 5368 1593 5408 ac
1642 5370 1819 5425 neque
1866 5354 2057 5426 Vetus,
2093 5372 2269 5428 neque

698 5437 909 5494 Novum
956 5440 1367 5499 Testamentum
1414 5446 1600 5502 audiet
1639 5448 1708 5503 ad
1758 5450 2014 5504 salutem.
2059 5451 2104 5503 Α
2157 5466 2267 5520 quo

704 5529 1010 5587 liberemur
1034 5542 1351 5589 sanctorum
1398 5537 1675 5605 precibus,
1720 5538 2059 5595 sanctiﬁcate
2081 5538 2261 5605 Pater,

771 5715 815 5743 ²⁹
835 5713 1021 5767 Matth.
1064 5731 1149 5771 xv.
1192 5716 1271 5769 ll.

705 5800 789 5847 ιιι,
816 5785 867 5838 9.

1354 5719 1395 5748 ²¹
1427 5718 1525 5773 lsa.
1566 5733 1752 5779 smn.
1785 5720 1872 5773 2‘2.

948 5786 1118 5840 “lsa.
1158 5802 1301 5845 sm.
1336 5788 1417 5840 l6.
1498 5791 1538 5819 "
1568 5793 1664 5841 lsa.
1702 5807 1790 5853 ιιι,
1824 5789 1874 5842 4.

1972 5724 2015 5753 ’⁸
2041 5720 2181 5777 Psal.
2214 5736 2347 5787 uti,
2386 5722 2433 5774 7.

2364 5100 2517 5151 ριος.
2534 5080 2809 5151 Ἐπόμενα
2838 5081 3048 5145 τούτοις
3073 5082 3145 5136 τά
3171 5084 3495 5155 συνημμένα
3521 5086 3586 5155 τῇ
3618 5086 3944 5155 προφητείᾳ,

2375 5172 2693 5244 χαρίσματά
2715 5190 2774 5226 τε
2810 5174 2904 5227 καὶ
2928 5175 3252 5246 ἑορτάσιμα,
3291 5176 3388 5228 καὶ
3425 5176 3606 5247 πλήρη
3640 5176 3941 5247 θυμηδίας.

2373 5263 2470 5315 καὶ
2498 5265 2526 5315 ό
2554 5262 2651 5332 μὲν
2679 5262 2999 5333 εὐγνώμων,
3023 5264 3229 5317 εἴσεται
3256 5264 3351 5319 καὶ
3374 5266 3857 5335 συνεπιφθέγξεται
3876 5264 3944 5318 τά

2370 5354 2589 5409 είκότα·
2632 5357 2661 5409 ὁ
2700 5356 3053 5427 δὲάγνώμων
3096 5358 3345 5424 Ἰουδαῖος
3385 5358 3935 5431 στρεϐλοκαρδιάσει.

2372 5448 2468 5501 καὶ
2495 5446 2623 5500 οὔτε
2658 5447 2923 5513 Παλαιᾶς,
2956 5448 3079 5502 οὕτε
3110 5450 3255 5523 Νέας
3282 5451 3557 5523 Διαθήκης
3578 5451 3935 5518 ἐπακούσεται

2372 5538 2560 5607 ὑγιῶς.
2591 5533 2667 5594 OB
2698 5539 3025 5611 ρυσθείημεν
3055 5542 3238 5613 εὐχαῖς
3276 5540 3468 5614 ἁγίων,
3501 5543 3801 5615 ήγιασμὲνε
3830 5540 3936 5596 Πά-

2545 5724 2590 5754 ²³
2616 5722 2827 5777 Coloss.
2861 5738 2943 5790 tn,
2984 5725 3033 5778 1.
3100 5720 3191 5790 νδ
3213 5723 3256 5773 υ
3287 5724 3481 5782 Thess.
3518 5742 3555 5790 ι,
3584 5727 3636 5781 8.
3749 5730 3795 5761 ³⁸
3824 5726 3921 5783 Tit.
