4184 6506
268 431 415 492 1569

1443 438 1984 503 EPISTOLARUM
2040 442 2187 501 LIB.
2250 445 2331 503 ll.

3401 448 3539 513 15Ἱο

247 558 387 611 ⁴τερ,
414 542 510 595 καὶ
548 542 854 616 σωθείημεν
880 547 940 600 ὲν
963 549 1030 619 τῇ
1066 546 1316 622 βασιλείᾳ
1343 550 1453 604 τῶν
1481 550 1748 621 οὐρανῶν,
1788 551 1847 602 ὲν

1964 560 2003 605 at
2024 552 2303 608 salvemur
2330 556 2383 611 in
2416 574 2584 630 regno
2614 558 2905 624 ctelorum,
2932 557 2990 613 in
3017 557 3240 614 Christo
3268 556 3398 614 Jesu
3426 560 3535 614 Do-

254 633 494 705 Χριστῷ
536 635 709 707 Ἰησοῦ
743 638 824 709 τῷ
859 639 1047 711 Κυρίῳ
1077 642 1255 712 ἡμῶν.
1292 642 1486 714 Ἀμήν.

376 754 527 808 ΡΠΕ¹
559 756 694 827 (79).
719 788 792 797 —
819 759 1131 831 Εὑδοκίμῳ
1162 766 1493 836 σπαθαρίφ.
1550 764 1735 840 [ψνε’.]

1956 644 2107 699 mino
2133 659 2344 704 nostro.
2380 652 2578 707 Amen.

2196 768 2507 826 CLXXXV.
2542 804 2605 815 --
2637 772 2929 827 Eudocimo
2971 774 3269 839 spathario.

1442 880 1738 933 Consolatur
1760 880 1826 930 de
1846 874 2070 928 caecitate
2105 884 2382 933 oculorum.

344 974 457 1027 Kal.
506 976 601 1046 ἀφ’
639 977 849 1032 ἑαυτῶν
882 980 1361 1056 ἑπαισθανόμεθα,
1410 987 1535 1043 ὅσον
1580 990 1639 1044 τὸ
1693 990 1857 1058 ἄλγος

264 1069 367 1121 καὶ
397 1067 455 1121 τὸ
484 1068 658 1134 πάθος
688 1072 749 1124 τὸ
778 1074 1059 1143 συμπεσὸν
1089 1079 1155 1148 τῇ
1184 1080 1461 1150 τιμιότητί
1502 1098 1621 1134 σου.
1647 1082 1762 1135 Νῦν
1800 1082 1858 1135 δὲ

261 1160 463 1233 ἐπειδὴ
504 1163 822 1235 ἠκούσαμέν
851 1184 944 1221 σου
976 1170 1069 1223 καὶ
1102 1172 1210 1225 τῶν
1249 1173 1703 1229 πολυστενάκτων
1742 1193 1858 1244 φω-

268 1252 409 1320 νῶν,
442 1255 824 1327 ὑποδηλουσῶν
856 1262 1064 1315 ἕκαστα
1094 1263 1203 1316 τῶν
1237 1265 1663 1336 συμϐεϐηκότων
1702 1268 1858 1320 ἀνια-

270 1345 408 1417 ρῶν,
445 1347 607 1401 πλέον
626 1350 1070 1423 ἐπῃσθάνθημεν,
1104 1356 1197 1409 καὶ
1224 1358 1672 1431 συνηλγήσαμεν,
1716 1360 1861 1415 κατὰ

266 1436 336 1488 τὸ
383 1436 550 1500 είκός.
602 1438 742 1492 Ἀλλ’
776 1441 926 1509 ὅμως
950 1442 1098 1505 ὅπως
1139 1444 1204 1497 ἂν
1242 1446 1556 1515 μεθοδεύοις
1605 1447 1673 1501 τά
1717 1448 1860 1520 πρά-

265 1543 465 1594 γματα
495 1527 635 1581 κατὰ
663 1529 882 1583 δικαίαν
912 1530 1120 1585 ἔκτισιν
1158 1534 1294 1588 Θεοῦ
1328 1537 1723 1607 ἀπαντήσαντά
1754 1554 1858 1602 σοι,

267 1613 333 1671 εὖ
368 1618 625 1688 πράττων
650 1622 751 1674 κάν
779 1622 978 1694 τούτῳ,
1038 1624 1114 1689 ὼς
1158 1627 1360 1690 κακίας
1395 1628 1596 1695 μᾶλλον
1635 1630 1729 1683 καὶ
1762 1630 1861 1683 οὐκ

266 1711 479 1781 αρετῆς
508 1710 745 1782 βάσανον
793 1712 891 1778 τάς
922 1717 1195 1787 ὲπιφοράς
1224 1719 1535 1791 ἐνεχθῆναι.
1584 1722 1775 1793 Ἡμεῖς
1813 1722 1858 1775 δ’

2030 990 2095 1043 Et
2141 1007 2236 1060 per
2280 1009 2380 1047 nos
2429 995 2579 1062 ipsos
2624 993 3019 1059 sentiebamus,
3082 1003 3317 1063 quantus
3360 993 3539 1049 dolor,

1957 1091 2271 1151 quantaque
2294 1085 2364 1138 sit
2393 1086 2680 1139 calamitas
2711 1102 2833 1155 quae
2868 1085 3066 1139 accidit
3109 1088 3552 1142 honorificentia?

1957 1177 2083 1224 tuae.
2124 1170 2281 1227 Nunc
2324 1191 2475 1237 rcro.
2527 1187 2817 1245 postquam
2863 1186 2914 1230 te
2960 1177 3297 1239 audivimus,
3357 1188 3413 1231 et
3456 1178 3542 1232 Iu—

1957 1271 2182 1318 ctuosas
2217 1281 2404 1330 voces,
2454 1284 2578 1338 qua}
2622 1268 2900 1323 molestias
2931 1284 3070 1336 quas
3117 1285 3312 1337 passus
3350 1284 3430 1334 es,
3468 1268 3542 1325 si-

1958 1355 2188 1425 gillatim
2231 1360 2592 1423 enarrabant,
2633 1360 2869 1427 amplius
2917 1360 3216 1426 sensimus,
3258 1370 3313 1414 et
3341 1361 3543 1415 condo-

1956 1443 2163 1501 luimus
2219 1457 2278 1500 ut
2332 1463 2427 1515 par
2478 1460 2617 1504 erat.
2669 1450 2939 1505 Caeterum
2989 1464 3206 1519 quoque
3257 1450 3418 1505 modo
3472 1450 3541 1504 ad

1952 1534 2160 1605 justam
2197 1536 2291 1591 Dei
2328 1540 2620 1596 vindictam
2656 1542 2773 1596 haec
2819 1541 3029 1597 referas
3062 1558 3182 1612 quae
3208 1542 3304 1596 tibi
3345 1556 3544 1598 eveneo

1956 1636 2110 1691 runt,
2146 1638 2290 1682 recte
2318 1629 2371 1682 in
2406 1631 2509 1685 boc
2538 1633 2700 1686 etiam
2732 1649 2921 1703 agens.
2954 1634 3113 1703 quasi
3139 1649 3398 1689 aerumna:
3425 1633 3545 1689 ista:

1963 1714 2030 1767 ad
2065 1716 2399 1782 puniendam
2447 1720 2710 1774 malitiam
2758 1723 2941 1790 potius
2975 1738 3140 1791 quam
3195 1724 3260 1777 ad
3307 1724 3546 1793 proban-

268 1802 371 1858 οὖν
398 1805 459 1857 ού
502 1804 829 1875 παυσόμεθα
859 1808 953 1860 καὶ
993 1782 1235 1879 ἐτι-πρὸς
1263 1782 1602 1884 τίεῦσημον
1636 1782 1730 1867 καὶ
1756 1782 1851 1867 ⁷εύ-

1964 1804 2085 1859 dam
2117 1807 2370 1862 virtutem
2404 1808 2612 1865 fuerint
2658 1813 2894 1867 inducta:
2928 1832 2940 1868 :
2974 1830 3081 1868 non
3118 1815 3365 1869 diﬂ'eram
3398 1817 3542 1870 ultra

267 1896 608 1965 διάγνωστον
636 1898 1038 1971 ἀνθυποφέρειν
1069 1901 1161 1954 τδν
1192 1902 1371 1971 λόγον.
1403 1905 1728 1977 Ἐστέρησαι
1750 1923 1854 1959 τοι-

268 1989 480 2059 γαροῦν
514 1989 711 2060 ὅψεως.
737 1991 848 2045 Καὶ
876 1992 1121 2061 ἀλγεινὸν
1146 1994 1297 2064 (πῶς
1319 1996 1427 2067 γὰρ
1458 1996 1519 2051 οῦ
1540 1996 1617 2067 ς),
1639 1997 1731 2051 τδν
1768 1997 1861 2053 λύ-

270 2099 403 2155 χνον
427 2085 521 2138 τοῦ
549 2084 801 2156 σώματος
835 2087 1264 2143 ἀπολωλεκέναι.
1304 2089 1469 2142 Ἀλλά
1498 2090 1664 2144 πάλιν
1692 2091 1860 2161 εὐχα-

273 2174 580 2245 ριστήριον,
617 2174 700 2229 ὅτι
739 2176 1121 2249 ἀ6λεπτοῦμεν
1151 2178 1221 2232 τά
1248 2179 1343 2232 τοῦ
1374 2181 1579 2251 κόσμου
1613 2181 1855 2251 μάταια⁸

272 2267 340 2331 ἐξ
394 2262 567 2339 οὗπερ
615 2269 988 2339 ὑποφέρεσθαι
1037 2272 1248 2341 πέφυκε
1296 2274 1405 2336 πᾶς
1445 2273 1570 2338 νοῦς
1616 2275 1716 2328 ούκ
1763 2275 1858 2327 εύ-

271 2362 503 2423 κταίως.
543 2361 785 2432 Εἴρχθης
829 2363 1070 2432 προόδων
1105 2366 1203 2418 καὶ
1252 2366 1483 2421 συνόδων
1516 2366 1759 2421 ἀστικῶν
1798 2384 1859 2420 τε

271 2452 374 2505 καί
402 2452 815 2524 ἀνακτορικῶν·
864 2454 984 2507 ἀλλ’
1016 2452 1111 2509 οῦν
1140 2472 1204 2524 γε
1250 2455 1588 2527 λελύτρωσαι
1623 2456 1859 2529 Ἐκκλη-

274 2544 402 2607 σίας
444 2548 921 2619 πονηρευομένων,
969 2550 1063 2603 καὶ
1109 2550 1558 2620 ωναναστροφῆς
1611 2569 1857 2622 παρανοε-

277 2638 547 2709 μούντων.
593 2637 754 2704 Οἶδας
793 2641 821 2694 ὃ
869 2642 1048 2711 λέγω,
1099 2641 1371 2713 ὲψιλὼθης
1400 2644 1471 2696 τὰ
1502 2644 1855 2715 ὑπάρχοντα;

278 2730 376 2784 καὶ
409 2732 570 2784 τοῦτο
608 2734 1051 2805 δυσφορώτατοψ
1085 2735 1199 2788 ἀλλ’
1234 2735 1379 2805 ἔχεις
1409 2736 1469 2790 τὸ
1498 2736 1718 2807 κούφως
1758 2737 1859 2805 φέ-

273 2823 491 2895 ρεσθαι.
516 2824 612 2877 καὶ
646 2826 972 2896 ύπερπλέειν
1010 2828 1119 2880 τῶν
1160 2828 1429 2898 βιωτικῶν
1480 2830 1861 2897 περιστάσεων

1960 1898 2184 1953 disertis
2246 1910 2301 1955 et
2356 1904 2659 1972 perspicuis
2723 1907 2906 1961 verbis
2967 1923 3082 1961 rem
3145 1908 3346 1977 eloqui.
3409 1906 3545 1964 Visu

1962 1988 2153 2060 itaque
2177 1992 2405 2047 orbatus
2437 2008 2518 2050 es.
2550 1993 2728 2050 Grave
2762 2011 2991 2066 prorsus
3023 2016 3037 2051 :
3071 1999 3167 2068 qui
3199 2000 3348 2054 enim
3385 2014 3545 2070 grave

1962 2097 2075 2136 non
2112 2082 2185 2137 sit
2216 2083 2495 2139 lucernam
2532 2088 2783 2156 corporis
2820 2089 3119 2144 amisisse?
3152 2089 3221 2144 At
3254 2100 3341 2146 est
3376 2092 3545 2147 vicis-

1962 2174 2067 2229 sim
2121 2174 2264 2229 unde
2320 2177 2508 2244 gratiae
2558 2189 2818 2248 agantur,
2862 2183 2992 2250 quia
3037 2182 3227 2236 mundi
3278 2184 3546 2239 vanitates

1961 2283 2074 2323 non
2104 2270 2407 2334 cernimus,
2438 2287 2503 2326 ex
2528 2289 2639 2342 quo
2670 2273 2799 2328 ferri
2831 2276 3085 2345 trahique
3118 2276 3364 2330 omnium
3392 2291 3546 2331 men-

1962 2368 2043 2416 tes
2072 2362 2251 2419 solent
2284 2364 2445 2417 aliter
2471 2380 2637 2435 quam
2690 2366 2992 2436 optandum
3021 2368 3114 2421 sit.
3162 2365 3435 2423 lnbiberis
3474 2368 3546 2423 ab

1960 2450 2271 2520 egressibus
2301 2455 2800 2524 congressibusque
2831 2468 2944 2509 tum
2975 2456 3200 2512 urbanis
3238 2465 3352 2512 tum
3392 2458 3545 2527 pala-

1965 2540 2095 2597 tinis
2131 2561 2143 2595 :
2180 2543 2275 2598 sed
2328 2544 2433 2598 boc
2483 2547 2645 2601 modo
2695 2548 2832 2601 liber
2863 2547 3041 2604 factus
3092 2565 3151 2604 es
3195 2565 3226 2605 a
3273 2564 3547 2607 conventu

1962 2633 2406 2704 malignantium,
2439 2645 2493 2690 et
2522 2640 2788 2693 societate
2818 2639 3007 2709 iniqua
3043 2645 3342 2711 agentium.
3384 2643 3547 2698 Intel—

1962 2722 2086 2793 ligis
2117 2726 2251 2794 quid
2289 2727 2495 2792 dicam,
2530 2730 2796 2798 spoliatus
2840 2748 2901 2786 es
2935 2732 3315 2798 facultatibus,
3358 2744 3414 2789 et
3444 2736 3547 2790 hoc

1962 2815 2106 2871 ferre
2151 2817 2537 2875 diﬂlcillimum
2577 2824 2715 2877 :sed
2762 2823 2932 2879 babes
2980 2840 3094 2894 quo
3136 2826 3332 2881 leviter
3372 2826 3543 2893 feras,

274 2915 374 2967 καὶ
419 2914 906 2986 συναλλαγμάτων.
947 2915 1056 2971 Ποῦ
1088 2919 1208 2971 ποτ’
1238 2919 1305 2972 ἂν
1355 2914 1535 2990 εὗρες,
1570 2913 1615 2973 ὧ
1647 2919 1859 2986 θαυμά-

1964 2920 2015 2964 et
2048 2910 2232 2965 seculi
2280 2914 2791 2981 Opportunitatibus
2820 2918 3285 2987 commerciisque
3323 2918 3401 2973 sis
3451 2933 3549 2973 su-

278 3024 385 3071 σιε,
416 3010 583 3061 τόπον
610 3010 876 3074 τοιοῦτον,
908 3006 1019 3063 οἷον
1049 3012 1164 3077 νῦν,
1185 3012 1244 3064 ὲν
1270 3007 1314 3079 ᾧ
1341 3011 1457 3065 ἐστι
1492 3030 1551 3065 σε
1576 3014 1860 3083 σχολάζειν

1964 3003 2171 3072 perior.
2220 3000 2455 3058 Ubinam
2509 3021 2779 3075 unquam,
2836 3008 2918 3061 vir
2966 3007 3308 3073 admirande,
3366 3012 3546 3066 locum

274 3098 419 3170 θεῷ,
477 3102 570 3154 καὶ
611 3102 815 3170 γνῶναι
864 3104 1029 3156 αὐτὸν
1064 3104 1187 3157 καθ’
1216 3106 1341 3158 ὅσον
1372 3100 1483 3158 οἷὸν
1510 3121 1606 3172 τε;
1658 3105 1767 3158 Ποῦ
1805 3105 1861 3159 δὲ

1968 3095 2129 3149 talem
2172 3105 2371 3149 nactus
2414 3112 2499 3158 es.
2542 3098 2760 3167 qualem
2793 3114 2964 3165 nunc,
2998 3100 3051 3154 in
3084 3116 3192 3170 quo
3222 3101 3319 3156 tibi
3352 3116 3549 3156 vacare

276 3192 474 3261 καιρὸν
504 3192 746 3247 τοιοῦτον
780 3194 1113 3265 προσευχῆς,
1136 3197 1467 3265 στεναγμοῦ,
1494 3197 1861 3262 κατανύξεως,

1972 3185 2082 3240 Deo
2114 3186 2262 3249 licet,
2292 3188 2581 3255 ipsumque
2618 3204 2800 3253 nosse,
2837 3191 3019 3261 quoad
3052 3190 3167 3245 ﬁeri
3196 3193 3413 3261 potest?
3442 3191 3549 3248 Ubi

274 3284 628 3349 ἑκπετάσεως
667 3286 886 3357 χειρῶν,
923 3288 1047 3340 ὅσον
1075 3288 1363 3358 πρόκειται
1409 3289 1538 3359 ὑμῖν
1568 3288 1861 3343 ἀπολαύειν

1971 3286 2083 3332 tam
2118 3280 2473 3334 commodum
2515 3289 2727 3351 tempus
2771 3284 3063 3349 orationis,
3097 3286 3355 3355 gemitus,
3400 3301 3551 3342 com-

271 3378 346 3429 ὲκ
372 3374 475 3445 τῆς
502 3375 893 3447 ἐπενεχθείσης
917 3377 1216 3449 ὲπηρείας;
1244 3380 1355 3449 Οὐχ
1383 3381 1517 3451 ὁρᾷς
1544 3381 1626 3433 ὅτι
1656 3382 1736 3444 είς
1768 3399 1861 3434 κα-

1972 3369 2310 3438 punctionis,
2352 3373 2707 3441 expansionis
2754 3389 3041 3441 manuum,
3085 3392 3250 3444 quam
3284 3393 3398 3447 quo
3441 3378 3549 3434 frui

276 3466 372 3520 λόν
407 3484 490 3521 σοι
518 3468 803 3539 ἀπήντηκε
827 3469 898 3523 τὰ
934 3470 1262 3541 πράγματα,
1300 3473 1735 3542 περιτραπείσης
1770 3473 1861 3541 τῆς

1970 3462 2125 3516 vobis
2157 3461 2209 3516 in
2245 3472 2493 3533 promptu
2518 3473 2600 3520 est
2634 3480 2698 3519 ex
2734 3466 2935 3521 inflicta
2967 3468 3322 3523 calamitate?
3346 3475 3547 3526 Annon

278 3560 483 3622 κακίας
528 3558 639 3613 τῶν
688 3560 993 3631 ἀνθρώπων
1048 3561 1129 3623 είς
1181 3561 1459 3631 σωτηρίαν
1499 3579 1628 3629 σου;
1678 3563 1737 3615 ἓν
1774 3564 1861 3617 ἐπὶ

1969 3554 2124 3608 vides
2160 3555 2305 3609 bono
2349 3564 2443 3609 tuo
2483 3571 2575 3610 res
2622 3558 2882 3623 cessisse,
2917 3574 3185 3614 conversa
3226 3560 3279 3613 in
3316 3562 3549 3617 salutem

282 3652 506 3705 πάντων
534 3651 928 3719 διαγνωστέον
978 3653 1061 3705 ὅτι
1098 3654 1240 3705 κατά
1286 3654 1386 3724 τὴν
1421 3654 1695 3724 προτέραν
1733 3655 1861 3707 ἀνα-

1972 3654 2117 3698 tuam
2154 3645 2437 3698 hominum
2483 3647 2981 3715 nequitia?Unum
3025 3665 3194 3717 super
3236 3652 3421 3705 omnia
3465 3654 3550 3707 di-

279 3743 524 3815 στροφὴν
555 3743 966 3814 δυστέκμαρτον
988 3740 1056 3815 ἦν
1092 3744 1449 3799 ἐπιλαὸἑσθαι
1484 3746 1576 3799 τοῦ
1597 3746 1861 3815 σωτηρίου

1965 3736 2351 3805 judicandum,
2384 3738 2531 3808 quod
2564 3740 2619 3793 in
2654 3741 2821 3809 priori
2860 3743 2985 3796 vitae
3016 3744 3357 3807 conditione,
3390 3745 3551 3798 intel-

282 3839 662 3907 συντάγματος
685 3878 699 3901 ,
736 3838 949 3891 πολλῶν
991 3838 1183 3905 ὄντων,
1231 3839 1307 3900 ὠς
1342 3834 1519 3903 οῐσθα,
1569 3838 1679 3890 τῶν
1718 3840 1861 3890 ἀντι·

1970 3829 2111 3883 lectu
2137 3829 2239 3884 fuit
2261 3831 2498 3897 tlilIlcile,
2534 3848 2601 3886 an
2640 3833 2835 3889 salutis
2874 3836 3016 3889 viam
3053 3837 3357 3903 insisteres,
3401 3838 3548 3893 mul-

282 3932 636 4002 πραττόντων
662 3931 741 4002 τῷ
766 3931 984 3984 εύσεόεἶ
1014 3932 1225 4002 σκοπῷ.
1246 3932 1360 3985 Νῦν
1384 3932 1438 3985 δὲ
1464 3933 1715 4002 ῆνοικται
1738 3931 1861 4001 ύμῖν

1969 3922 2061 3987 tis,
2099 3930 2158 3975 ut
2182 3924 2348 3985 nosti,
2377 3926 2464 3993 pio
2486 3928 2768 3994 proposito
2802 3928 3208 3983 resistentibus.
3238 3927 3392 3983 Nunc
3418 3946 3551 3985 vero

281 4019 402 4089 οὐχὶ
441 4017 575 4089 μόνη
604 4019 705 4088 τῆς
747 4021 1039 4089 μετανοίας
1072 4024 1104 4091 ἡ
1132 4022 1274 4092 θύρα
1294 4039 1307 4053 ο
1342 4022 1479 4075 ἀλλά
1512 4024 1604 4075 καὶ
1634 4023 1733 4091 τῆς
1774 4024 1861 4075 ού-

1969 4024 2155 4080 aperta
2190 4014 2343 4067 vobis
2385 4025 2467 4068 est
2502 4031 2608 4069 non
2640 4018 2817 4069 solum
2865 4019 3203 4087 pamitentite
3229 4020 3418 4089 janua,
3451 4020 3548 4075 sed

284 4112 473 4186 ρανίου
507 4111 787 4181 βασιλείας
813 4116 846 4182 ὴ
885 4115 1122 4177 εῐσοδος’
1158 4118 1251 4169 καὶ
1282 4119 1390 4180 πᾶς
1412 4134 1496 4178 τις
1527 4117 1635 4170 τῶν
1660 4119 1861 4185 εὐφροο
1966 4106 2119 4173 regni
2178 4121 2400 4175 (ιιιοαυε
2439 4110 2711 4161 calorum
2760 4109 3085 4178 ίηενεεευες
3143 4122 3304 4180 ιείιιιε
3355 4126 3549 4167 οηιηθῧ

281 4201 519 4255 νούντων
553 4204 611 4254 ὲν
638 4200 717 4271 τῷ
752 4202 910 4273 μέρει
936 4203 1043 4256 τῶν
1072 4205 1397 4273 σωζομένων
1446 4223 1505 4258 σε
1541 4207 1824 4271 τετάξεται
1846 4221 1859 4236 ⁸

1965 4201 2059 4265 qui
2092 4207 2236 4251 recte
2269 4199 2534 4263 sentiunt,
2588 4200 2642 4252 in
2691 4200 3082 4253 salvandorum
3123 4202 3321 4255 ordine
3371 4203 3548 4255 collo-

282 4297 380 4347 καὶ
431 4293 559 4364 περὶ
598 4287 659 4347 οὗ
705 4295 811 4356 πᾶς
855 4296 1143 4359 σπουδαῖος
1186 4297 1508 4364 ἐπείγεταιο
1544 4299 1638 4351 καὶ
1668 4294 1728 4352 οὗ
1766 4296 1860 4351 τοῦ

1965 4288 2218 4343 cabunt:
2264 4288 2420 4356 cujus
2468 4291 2546 4343 rei
2599 4291 2781 4345 studio
2834 4292 2960 4345 boni
3014 4307 3203 4347 omnes
3250 4294 3550 4356 ducuntur,

281 4389 466 4457 τυχεῖν
515 4386 668 4438 οὐδὲν
723 4392 831 4439 τῶν
878 4388 1134 4441 ἁπάντων
1176 4388 1591 4459 ἀνταξιώτερον.
1632 4390 1753 4443 Ellis
1792 4387 1861 4460 ἦν

1966 4392 2020 4437 et
2043 4382 2204 4449 cujus
2229 4382 2502 4451 adeptioni
2535 4383 2678 4435 nulla
2709 4382 2955 4436 omnium
2988 4398 3076 4437 res
3104 4392 3186 4437 est
3220 4399 3343 4453 qua:
3374 4385 3547 4452 tequi-

285 4496 405 4542 πως
434 4478 792 4550 ἀντάλλαγμα
842 4480 1095 4547 γενέσθαι
1132 4484 1211 4543 είς
1245 4482 1304 4534 τὸ
1335 4456 1673 4552 ἀμείψασθαι
1698 4456 1861 4553 ἀλλη-

1970 4476 2148 4543 parari
2202 4476 2391 4544 possit.
2444 4474 2661 4529 Utinam
2717 4476 3044 4545 permutatio
3095 4476 3209 4529 ﬁeri
3247 4484 3431 4543 posset
3474 4474 3541 4529 ad

284 4572 400 4635 λοις
423 4571 523 4635 τὰς
547 4573 850 4642 αίσθήσεις.
883 4574 992 4626 Καὶ
1045 4574 1243 4628 πολλοῦ
1279 4575 1346 4629 ἂν
1382 4576 1549 4644 εὐχῆς
1586 4593 1676 4644 μοι
1706 4576 1867 4647 ἔργον

282 4659 353 4735 ἦν
381 4666 448 4736 τῇ
480 4665 772 4735 ἀφαιρέσει
804 4667 902 4736 τῆς
928 4666 1104 4730 ὂψεως
1130 4668 1600 4739 συναφαιρεθῆναι
1634 4670 1728 4723 καὶ
1757 4669 1867 4723 τῶν

284 4756 394 4826 πρὸ
414 4758 514 4827 τῆς
541 4759 717 4828 Meto;
745 4760 987 4831 κέντρων
1012 4762 1111 4831 τῆς
1150 4762 1447 4833 ἁμαρτίας.
1493 4763 1655 4818 Ἀλλά
1693 4763 1869 4819 ταῦτα

288 4848 392 4921 μὲν
419 4851 562 4904 κατά
596 4852 779 4919 φιλίας
814 4856 1035 4923 τρόπον.
1065 4854 1131 4907 Σὲ
1155 4855 1214 4908 δὲ
1246 4858 1274 4909 ὁ
1302 4856 1506 4923 ἀγαθὸς
1532 4857 1664 4921 Θεὸς
1706 4857 1866 4928 ἡμῶν

286 4941 694 5011 παρακαλέσειε
748 4945 1095 5014 παρακλήσει
1150 4947 1318 5019 πολλῇ
1350 4948 1518 5000 οἴσειν
1554 4949 1734 5002 πάντα
1776 4950 1867 5002 εύ-

285 5033 601 5102 χαρξστως,
652 5032 794 5085 κατά
842 5034 1073 5104 μίμησιν
1122 5036 1214 5089 τοῦ
1258 5038 1530 5109 μακαρίου
1575 5039 1733 5092 ’1ὡό-
1772 5040 1867 5093 καὶ

284 5118 538 5185 ἀξιώσειε
572 5122 666 5174 καὶ
691 5125 770 5184 είς
815 5124 913 5193 τὴν
943 5126 1065 5176 κατ’
1098 5126 1413 5196 ὀφθαλμοὺς
1438 5130 1660 5198 ὁμιλίαν
1692 5130 1866 5184 ἐλθεῖν

286 5214 437 5283 ἡμᾶς
485 5229 617 5264 ποτε
640 5229 653 5244 ⁸
689 5213 777 5264 ἵνα
817 5215 921 5267 ὃσα
950 5214 1046 5269 νῦν
1076 5216 1359 5287 διαφεύγει
1408 5223 1519 5286 τοῖς
1550 5222 1864 5291 γράμμασι,

288 5303 442 5376 ζώσῃ
473 5308 624 5375 φωνῇ
657 5306 1158 5379 ἀναπληρώσωμεν
1180 5328 1193 5340 ·
1219 5312 1313 5363 καὶ
1337 5311 1536 5382 μᾶλλον
1564 5314 1867 5383 τηνικαῦτα

286 5398 655 5466 γνωρίσωμεν
692 5397 981 5470 ἀλλήλους,
1008 5402 1073 5455 ἐκ
1124 5406 1325 5473 μικρᾶς
1369 5406 1630 5477 πρότερον
1673 5407 1870 5478 πείρας

286 5489 731 5560 ἀπογευσάμενοι
760 5508 854 5545 σου
886 5493 986 5563 τῆς
1018 5495 1277 5564 γλυκείας
1304 5498 1545 5568 ἀγάπης.

1967 4581 2165 4620 sensus
2224 4568 2454 4621 invicem
2510 4566 2951 4623 commutandos.
3007 4567 3073 4621 Et
3132 4568 3267 4621 mihi
3324 4568 3543 4636 quidem

1967 4658 2169 4713 summi
2204 4660 2311 4713 voti
2341 4675 2428 4714 res
2458 4660 2617 4724 foret,
2669 4676 2795 4713 cum
2844 4662 2995 4714 visus
3040 4660 3331 4731 adeptione
3378 4659 3549 4714 adimi

1970 4753 2134 4806 simul
2174 4768 2268 4806 eos
2305 4754 2402 4822 qui
2450 4754 2630 4807 oculis
2678 4756 3068 4819 obversantur,
3119 4755 3374 4808 stimulos
3420 4769 3550 4823 pec-

1970 4846 2100 4899 cati.
2136 4844 2335 4898 Verum
2374 4846 2487 4899 brec
2510 4845 2918 4914 amicitiaejure
2947 4847 3092 4901 dicta
3124 4847 3234 4901 sint
3263 4848 3549 4901 hactenus.

1977 4936 2053 4992 Te
2095 4952 2225 4991 vero
2281 4939 2456 4992 bonus
2515 4938 2658 4992 Deus
2704 4948 2890 4993 noster
2952 4939 3328 4993 consolatione
3379 4939 3551 4993 multa

1976 5030 2311 5093 consoletur,
2344 5040 2403 5083 ut
2433 5045 2556 5083 cum
2588 5030 2888 5100 gratiarum
2923 5031 3142 5084 actione
3176 5029 3318 5083 feras
3342 5030 3549 5090 omnia,

1973 5120 2115 5175 beati
2164 5119 2266 5175 Job
2304 5124 2575 5191 exemplo,
2627 5123 2994 5191 digneturque
3039 5132 3323 5191 priestare,
3379 5132 3438 5175 ut
3492 5120 3549 5174 in

1971 5223 2222 5267 mutuum
2277 5214 2615 5283 colloquium
2681 5228 2869 5267 coram
2932 5215 3224 5267 veniamus
3290 5228 3391 5267 nos
3446 5211 3551 5265 ali-

1971 5306 2220 5375 quando;
2264 5324 2371 5376 quo
2416 5322 2476 5359 ea
2518 5322 2641 5375 quae
2688 5321 2839 5360 nunc
2881 5305 3081 5360 litteris
3123 5304 3388 5374 explicari
3442 5318 3549 5357 non

1971 5406 2223 5466 possunt,
2277 5398 2398 5449 viva
2449 5412 2586 5450 voce
2629 5397 3025 5466 suppleamus;
3067 5406 3121 5450 et
3158 5404 3287 5449 tunc
3320 5394 3552 5463 amplius

1972 5500 2167 5549 mutuo
2199 5504 2298 5545 nos
2340 5505 2727 5559 agnoscamus,
2770 5489 2864 5559 qui
2897 5505 2965 5542 ex
3003 5489 3151 5543 tenui
3182 5488 3414 5542 antehac
3454 5500 3553 5539 ex-

1975 5586 2241 5658 perientia
2281 5585 2496 5642 dulcem
2542 5594 2692 5638 tuam
2747 5584 3076 5639 charitatem
3121 5581 3553 5653 degustavimus.

1837 5742 2070 5801 NOTAE.

365 5894 477 5969 (79)
511 5896 570 5952 in
606 5898 725 5955 cod.
761 5898 890 5971 Reg.
927 5902 1074 5972 ρπη’.
