4184 6476
692 367 824 434 1571

957 484 1287 544 CLXXXVI.
1315 520 1383 530 —
1420 489 1622 548 Nicena
1658 493 1979 564 Spatlmrio.

1879 385 1941 446 S.
1971 385 2367 448 THEODORI
2397 389 2750 451 STUDITJE

3804 381 3966 445 1572

2550 502 2716 570 PBQ"
2749 497 3214 571 (80).--Νικήτᾳ
3251 496 3578 563 σπαθαρίῳ.
3617 492 3809 565 [ψνζᾚ

2102 612 2181 663 De
2201 613 2372 664 uxoris
2395 611 2556 664 obitu.

759 711 816 767 ln
849 712 1035 783 parvis
1082 713 1304 782 quidem
1336 713 1618 770 doloribus
1664 715 2072 772 consolationes
2113 717 2260 771 inve-
2291 716 2344 775 A

689 806 809 860 nire
859 805 1018 860 facile
1065 815 1146 859 est
1185 805 1235 858 ei
1267 806 1362 875 qui
1406 807 1639 862 afﬂictos
1689 809 1970 863 consolari
2011 809 2162 863 velit.
2212 810 2267 864 ln

689 896 1002 964 hujusmodi
1061 911 1190 951 vero
1246 897 1486 952 maximo
1528 899 1734 962 dolore,
1795 915 1906 968 quo
1958 901 2129 969 pietas
2179 911 2271 956 tua

688 988 917 1042 obsessa
967 998 1073 1053 est,
1106 1003 1358 1057 quaenam
1407 989 1634 1059 reperiri
1681 992 2051 1046 consolatoria
2096 996 2275 1048 oratio

689 1079 890 1148 queat?
936 1089 1030 1133 aut
1059 1080 1183 1148 quis
1233 1096 1523 1136 mret-orem
1563 1090 1774 1136 tantum
1811 1097 2007 1137 curare
2051 1100 2275 1155 aggres-

691 1185 808 1234 sus,
840 1170 976 1223 scite
1019 1171 1071 1224 id
1121 1182 1382 1239 praestare
1412 1173 1619 1241 possit?
1664 1173 1710 1228 Ο
1760 1175 2074 1230 luctuosum
2131 1194 2274 1231 nun-

688 1261 860 1316 tium!
894 1263 1131 1332 Abrepta
1160 1265 1255 1318 tibi
1288 1275 1373 1319 est
1411 1265 1634 1319 domina
1670 1269 1894 1336 conjux,
1931 1277 1989 1322 ut
2022 1270 2274 1339 proxime

692 1355 1012 1410 audivimus
1043 1375 1056 1409 :
1090 1357 1270 1411 ablata
1304 1366 1388 1412 est
1418 1358 1582 1412 unica
1613 1360 1921 1414 consolatio
1953 1361 2006 1414 in
2057 1361 2125 1418 iis
2154 1377 2276 1432 quae

691 1445 953 1499 accidunt
978 1447 1242 1501 aerumnis
1276 1466 1289 1500 :
1319 1448 1556 1517 spoliata
1586 1458 1668 1503 est
1693 1459 2020 1504 ornamento
2048 1467 2150 1505 suo
2188 1453 2278 1506 be-

691 1536 909 1592 nedicta
932 1540 1164 1592 domus:
1190 1539 1483 1593 tristantur
1509 1542 1647 1595 rami
1670 1541 1852 1596 excisa
1882 1542 2024 1595 bona
2057 1545 2272 1598 radice:

689 1631 884 1686 famuli
943 1643 997 1688 et
1045 1631 1265 1687 famulae
1336 1634 1441 1688 huc
1489 1635 1620 1689 illuc
1663 1635 1942 1698 oberrant,
1995 1636 2274 1692 dominam

692 1741 815 1793 quae
839 1725 1059 1779 domum
1082 1725 1465 1791 collustrabat,
1496 1736 1822 1796 praesentem
1850 1743 1958 1780 non
1987 1727 2270 1783 habentes.

690 1815 889 1871 Omnia
942 1818 1196 1871 maeroris
1245 1817 1451 1887 plena:
1488 1818 1722 1872 fortasse
1765 1829 1819 1872 et
1870 1834 1964 1873 aer
2008 1820 2127 1888 ipse
2177 1821 2274 1875 tibi

691 1919 939 1964 mutatus
973 1912 1044 1964 ob
1082 1911 1282 1964 mentis
1326 1913 1707 1966 mutationem.
1749 1912 1849 1966 Ubi
1898 1923 1983 1967 est
2015 1914 2108 1967 illa
2152 1929 2276 1984 quae

689 2010 745 2054 te
793 2000 940 2054 domi
987 2015 1017 2054 a
1070 2001 1324 2069 palatinis
1371 2004 1902 2058 commorationibus
1951 2004 2271 2060 redeuntem

692 2091 938 2147 hilariter
983 2093 1327 2162 excipiebat?
1375 2093 1474 2150 Ubi
1531 2096 1618 2149 illa
1653 2111 1776 2166 qua:
1830 2112 2030 2166 genere
2058 2099 2273 2168 propin-

690 2200 833 2256 quos
881 2187 1290 2255 perhumaniter
1331 2188 1672 2257 excipiebat?
1718 2205 1839 2258 qua:
1892 2191 1994 2244 hoc
2047 2201 2100 2244 et
2147 2192 2271 2257 hoc,

690 2288 856 2347 atque
896 2288 953 2330 ut
991 2280 1181 2346 paucis
1224 2280 1426 2345 dicam,
1463 2281 1652 2334 omnia
1703 2282 1805 2336 rite
1835 2283 2177 2351 disponebat,
2223 2294 2276 2338 et

689 2368 759 2423 ad
787 2371 995 2424 exitum
1023 2371 1375 2439 perducebat,
1405 2372 1737 2440 dispensans
1760 2383 1813 2429 et
1836 2389 2035 2428 curans
2061 2375 2274 2446 singula

686 2478 811 2533 qua:
851 2464 915 2516 ad
945 2463 1169 2516 domum
1201 2463 1550 2532 spectabant,
1575 2481 1811 2534 qumque
1841 2466 1906 2519 ad
1939 2466 2275 2521 domesticos

687 2557 774 2610 vel
804 2556 1043 2625 hospitio
1079 2568 1350 2626 receptos.
1395 2557 1665 2611 Abierunt
1709 2567 1761 2612 et
1797 2558 2129 2613 interierunt
2157 2575 2276 2614 om-

689 2648 800 2712 nia,
836 2659 890 2703 et
927 2659 1187 2717 tanquam
1238 2650 1293 2704 in
1348 2651 1648 2706 solitudine
1679 2652 1837 2707 bonis
1883 2653 2144 2708 omnibus
2179 2670 2274 2708 no-

688 2742 819 2796 stris
863 2741 1045 2796 orbati
1098 2757 1313 2796 sumus.
1367 2741 1518 2796 Talis
1570 2757 1635 2797 ac
1687 2751 1834 2796 tanta
1875 2751 1980 2808 est,
2033 2745 2273 2811 domine,

688 2834 1026 2889 honoranda:
1069 2835 1268 2888 auium
1311 2844 1419 2888 tua;
1460 2834 1785 2900 calamitas,
1840 2846 1900 2888 ut
1945 2835 2155 2888 nullum
2208 2837 2274 2890 ab

687 2923 1008 2979 hominibus
1047 2927 1304 2979 solatium
1333 2926 1590 2981 leniendo
1628 2927 1951 2982 inﬂammati
1981 2931 2162 2983 cordis
2191 2930 2271 2984 tui

685 3015 867 3070 dolori
899 3033 995 3086 par
1019 3016 1205 3079 fuerit,
1235 3018 1329 3072 sed
1355 3034 1385 3072 a
1413 3019 1532 3074 solo
1567 3019 1677 3075 Deo
1707 3021 1796 3088 qui
1827 3021 2060 3074 humiles
2081 3022 2271 3086 corde,

685 3125 785 3180 per
826 3112 1094 3165 bonarum
1135 3112 1533 3181 cogitationum
1567 3115 1970 3182 susceptionem
2016 3119 2271 3171 consola-

686 3213 798 3258 tur.
827 3202 919 3258 llla
956 3204 1179 3273 quidem
1229 3206 1427 3260 beata:
1464 3222 1588 3259 nam
1626 3206 1784 3259 beata
1824 3217 1927 3271 est,
1961 3223 2084 3276 qua:
2113 3218 2168 3262 et
2209 3209 2273 3265 ﬁ-

685 3295 812 3351 dem
849 3312 980 3368 erga
1019 3296 1185 3352 Deum
1215 3299 1426 3351 firmam
1457 3297 1647 3362 coluit,
1682 3307 1736 3351 et
1763 3297 1929 3351 vitam
1962 3300 2076 3370 egit
2108 3301 2278 3356 hone-

2455 721 2577 774 Ἐπὶ
2609 721 2708 790 μὲν
2742 722 2957 790 πικροῖς
2988 719 3220 772 πάθεσιν
3250 717 3398 770 ἔστιν
3427 713 3769 783 ἐξευρίσκειν
3799 713 3971 766 εὐκό⁹

2372 812 2478 874 λως
2524 812 2622 875 τὰς
2658 810 3031 881 παρακλήσεις
3075 809 3167 861 τὸν
3210 804 3646 878 προαιρούμενον
3690 821 3971 874 παραμυε-

2373 904 2585 958 θεῖσθαι
2616 903 2742 966 τούς
2765 903 3162 972 κακουμένους.
3203 899 3328 952 Ἐπὶ
3355 899 3412 952 δὲ
3439 899 3668 965 τοιούτῳ
3711 897 3970 966 μεγίστῳ

2373 996 2557 1058 πάθει,
2591 997 2648 1046 ὲν
2677 990 2720 1062 ᾧ
2750 995 3080 1065 περιεσχέθη
3113 996 3144 1063 ἡ
3182 991 3457 1060 θεοφίλειά
3487 1007 3600 1049 σου,
3632 990 3717 1051 τίς
3763 988 3828 1041 ἂν
3862 987 3971 1039 καὶ

2374 1088 2687 1159 ὲξευρεθείη
2727 1088 2882 1154 λόγος
2926 1085 3373 1156 παρακλητικός;
3400 1082 3482 1146 τίς
3513 1082 3568 1134 δὲ
3598 1084 3626 1133 ὁ
3658 1083 3970 1154 ἐπιχειρῶν

2375 1181 2705 1252 θεραπεύειν
2748 1180 2992 1233 τοιοῦτον
3035 1179 3198 1246 ἄλγος
3248 1176 3632 1246 ἐπιστημόνως
3660 1175 3967 1247 Gtt-meam;

2374 1275 2419 1328 ὢ
2447 1278 2542 1345 τῆς
2571 1273 2911 1336 ἁπευκταίας
2938 1273 3102 1341 ἀκοῆς
3130 1273 3144 1324 l
3190 1269 3506 1340 Ἀπερράγη
3537 1284 3619 1321 σοι
3643 1270 3676 1335 ἡ
3714 1270 3886 1335 κυρία
3931 1268 3968 1336 ἡ

2373 1367 2753 1439 όμόζυγος,ὼς
2777 1366 2903 1436 ἄρτι
2931 1367 3196 1437 ἦκουσται
3227 1365 3361 1433 ἡμῖν
3383 1381 3396 1394 ο
3426 1361 3676 1435 ἀφῃρέθη
3704 1363 3766 1415 τὸ
3797 1363 3969 1432 μόνον

2377 1457 2728 1529 παραμύθιον
2758 1457 2815 1508 ὲν
2847 1459 2968 1519 ταῖς
3000 1453 3370 1524 συμϐατικαῖς
3393 1449 3782 1519 περιστάσεσιν
3802 1468 3815 1480 ·
3849 1451 3969 1501 ἀπ-

2376 1549 2660 1619 εκοσμήθη
2686 1550 2719 1619 ὴ
2753 1546 3095 1616 εὐλογημένη
3129 1546 3313 1598 ἑστία·
3356 1545 3405 1596 οἱ
3435 1542 3618 1596 κλάδοι
3648 1542 3926 1612 κατηφεῖς
3947 1580 3964 1603 ,

2375 1647 2474 1712 τῆς
2515 1640 2729 1708 ἀγαθῆς
2776 1640 2932 1710 ῥίζης
2970 1637 3333 1706 ἐκκοπείσης·
3381 1637 3429 1688 oi.
3465 1627 3806 1705 θεράποντες
3862 1631 3970 1682 καὶ

2377 1734 2433 1785 αἱ
2474 1730 2799 1800 θεράπαιναι
2844 1726 2946 1783 ὧδε
2992 1729 3216 1780 κάκεῖσε
3250 1726 3708 1796 περιειλούμεναι,
3738 1726 3812 1788 ὼς
3853 1724 3969 1776 οὐκ

2377 1825 2596 1894 ἔχουσαι
2629 1823 2688 1875 τὸ
2716 1821 3045 1892 ᾼεσποτικδν
3071 1822 3367 1889 πρόσωπον
3400 1818 3716 1888 ὲπιλάμπον
3775 1821 3840 1886 τῇ
3875 1818 3966 1868 οἱ·

2376 1917 2491 1987 κία.
2513 1914 2594 1968 Τὰ
2628 1915 2804 1968 πάντα
2830 1913 3132 1981 κατηφείας
3163 1913 3339 1981 μεστὰ
3361 1930 3373 1942 ο
3400 1911 3542 1980 τάχα
3571 1912 3665 1964 καὶ
3687 1911 3713 1961 ό
3739 1911 3846 1977 ἀήρ
3874 1924 3968 1960 σοι

2377 2010 2741 2079 ἠλλοιωμένος
2766 2011 2832 2078 τῇ
2863 2005 3146 2058 ἀλλοιώσει
3181 2006 3290 2057 τῶν
3321 2004 3554 2074 φρενῶν.
3585 2001 3693 2056 Ποῦ
3726 2003 3758 2070 ἡ
3789 2017 3969 2068 1:903-

2381 2104 2572 2173 ιεμένη
2609 2119 2667 2154 σε
2701 2099 2990 2153 ἐπανιόντα
3021 2098 3162 2150 οίκοι
3192 2097 3508 2169 περιχαρῶς
3536 2095 3644 2149 ἀπὸ
3677 2094 3785 2146 τῶν
3823 2093 3967 2145 ἀνα-

2378 2195 2650 2265 κτορικῶν
2679 2192 3006 2262 διατριϐῶν;
3041 2190 3151 2244 Ποῦ
3185 2191 3218 2260 ἡ
3257 2191 3383 2253 τοὺς
3412 2187 3832 2260 ἁγχιστεὺοντας
3867 2187 3965 2239 δε-

2379 2286 2635 2354 ξιουμένη
2679 2283 3030 2354 ὲπιεικῶς;ή
3083 2282 3229 2347 τόδε,
3265 2282 3362 2336 καὶ
3394 2281 3514 2333 τόδε
3548 2279 3642 2331 καὶ
3675 2278 3776 2330 ὅσα
3816 2277 3962 2338 ἐστὶ,

2379 2385 2665 2454 συντόμως
2712 2384 2909 2446 εἰπεῖν,
2961 2380 3312 2434 διευθετοῦσα
3369 2378 3464 2431 καί⁵
3522 2373 3962 2442 συμδισαζουσα,

2376 2474 2738 2543 οἰκονομοῦσά
2774 2489 2832 2525 τε
2869 2473 2963 2526 καὶ
2991 2472 3316 2542 οἰκουροῦσα
3343 2510 3358 2530 ,
3389 2468 3487 2520 ὅσα
3512 2467 3580 2518 τὰ
3614 2465 3737 2518 κατ’
3770 2461 3921 2518 οἷκον
3945 2475 3960 2488 ⁸

2375 2569 2477 2622 ὅσα
2515 2567 2582 2620 τὰ
2610 2566 2743 2637 πρὸς
2773 2564 2970 2629 ἄλλους
3001 2566 3236 2624 οἰκείους
3268 2579 3326 2615 τε
3359 2563 3452 2614 καὶ
3479 2560 3960 2629 ἐπιξενουμένους.

2378 2660 2564 2715 Πάντα
2611 2660 2818 2730 οἴχεται
2847 2662 2941 2713 καὶ
2981 2658 3262 2713 ἀπόλωλε·
3307 2655 3403 2708 καὶ
3443 2655 3750 2725 γεγόναμεν
3779 2653 3853 2713 ὡς
3901 2654 3964 2702 ἐν

2377 2753 2584 2823 ἐρημία
2612 2754 2830 2806 πάντων
2856 2752 2963 2804 τῶν
2986 2751 3296 2820 προσόντων
3322 2747 3544 2815 ἀγαθῶν
3573 2744 3960 2814 ἀπεπερημέο

2377 2859 2480 2896 νοι.
2499 2843 2752 2896 Τοιοῦτον
2785 2845 2878 2895 καὶ
2902 2839 3219 2912 τηλικοῦτον
3248 2840 3307 2892 τὸ
3331 2841 3500 2904 πάθος
3525 2841 3623 2908 τῆς
3651 2840 3840 2907 τιμίας
3863 2853 3960 2889 σου

2376 2935 2578 3005 ψυχῆς,
2606 2931 2650 2990 ὦ
2682 2937 2938 2995 δέσποτα,
2965 2934 3057 2986 καὶ
3085 2932 3310 3002 οὐδεμία
3346 2932 3668 3003 παραμυθία
3702 2930 3837 2998 πρὸς
3860 2931 3960 2982 dv-

2379 3027 2613 3098 θρώπων
2646 3026 2972 3094 ίκανουμένη
3017 3023 3349 3078 καταλεᾶναι
3385 3027 3481 3094 τὴν
3514 3021 3961 3091 φλεγμαίνουσαν

2380 3140 2475 3176 σου
2503 3123 2752 3190 καρδίαν,
2784 3119 2816 3187 ἢ
2849 3115 3002 3184 παρὰ
3030 3118 3201 3186 μόνου
3224 3117 3360 3171 Θεοῦ
3387 3117 3478 3170 τοῦ
3512 3116 3962 3184 παρακαλοῦντος

2378 3215 2503 3276 τοὺς
2532 3210 2822 3272 ταπεινοὺς
2848 3212 2912 3280 τῇ
2949 3209 3169 3280 καρδίᾳ,
3207 3210 3295 3263 διὰ
3334 3209 3435 3276 τῆς
3473 3208 3584 3260 τῶν
3613 3207 3839 3275 ἀγαθῶν
3878 3205 3962 3258 λο-

2380 3305 2592 3374 γισμῶν
2640 3302 2984 3373 ἀναλήψεως.
3025 3303 3244 3373 Ἐκείνη
3291 3303 3390 3372 μὲν
3439 3295 3532 3353 οὖν
3578 3305 3612 3370 η
3672 3298 3958 3369 μακαρία*

687 3397 831 3444 stam
858 3407 873 3453 ;
911 3389 1070 3458 cujus
1094 3388 1291 3442 indicia
1328 3388 1497 3441 multa
1529 3397 1679 3450 sunt,
1709 3406 1944 3458 quorum
1975 3407 2076 3446 nos
2108 3395 2272 3446 etiam

2382 3397 2634 3466 μακαρία.
2675 3397 2784 3466 γάρ
2817 3399 2993 3459 ἐστιν,
3037 3396 3126 3449 ἐπ’
3160 3397 3225 3450 ἂν
3269 3396 3367 3461 τὴν
3411 3394 3596 3445 πίστιν
3643 3394 3778 3463 πρὸς
3827 3393 3961 3443 Θεὸν

687 3489 947 3550 expertes
979 3495 1088 3533 non
1123 3477 1327 3532 fuimus
1361 3495 1373 3530 :
1406 3479 1472 3530 ad
1499 3489 1832 3544 extremum,
1867 3497 1990 3550 qua:
2015 3493 2271 3551 tanquam

691 3587 891 3628 aurum
941 3571 994 3625 in
1046 3569 1197 3640 igne,
1237 3571 1506 3625 diuturno
1547 3587 1612 3626 ac
1661 3572 1868 3627 diliicili
1921 3576 2112 3628 morbo
2149 3589 2276 3640 pro—

689 3666 814 3720 bata
863 3663 990 3717 hinc
1040 3663 1302 3718 evolavit.
1348 3662 1531 3730 Quare
1573 3665 1676 3719 hoc
1718 3666 1877 3720 nobis
1919 3667 2053 3720 satis
2087 3675 2170 3720 est
2208 3668 2274 3718 ad

687 3756 1152 3821 consolationem,
1187 3759 1332 3826 quod
1375 3757 1538 3810 talem
1572 3772 1798 3810 uxorem
1830 3757 1901 3810 ad
1930 3757 2095 3810 Deum
2137 3773 2275 3827 prae-

688 3849 931 3912 miseris,
985 3865 1107 3918 qua:
1162 3850 1546 3918 pulcherrimae
1601 3849 2040 3904 conversationis
2085 3864 2275 3904 exem-

687 3941 839 4011 plum
893 3956 1048 3994 suam
1109 3941 1281 4011 ipsius
1325 3942 1492 3993 vitam
1541 3940 1696 3994 nobis
1751 3941 1995 4010 reliquit.
2053 3941 2277 3996 Accedit

691 4034 863 4104 quod,
894 4050 1018 4088 cum
1056 4035 1108 4087 in
1157 4034 1359 4088 divinis
1401 4035 1515 4102 ipse
1549 4034 1625 4088 sis
1665 4035 1932 4100 eruditus,
1965 4051 2073 4089 non
2109 4036 2276 4091 debes

688 4142 756 4181 ex
791 4141 857 4181 eo
897 4127 1042 4196 quod
1091 4120 1316 4189 accidit,
1352 4127 1695 4181 conturbari.
1734 4126 1859 4183 Scis
1899 4131 2069 4193 enim,
2108 4131 2274 4186 simul

687 4226 851 4287 atque
885 4218 938 4271 in
990 4219 1129 4272 hanc
1177 4219 1352 4272 lucem
1396 4217 1506 4272 Deo
1534 4220 1749 4274 volente
1800 4223 2083 4277 nascendo
2115 4223 2273 4276 veni-

686 4321 835 4369 mus,
883 4307 1044 4361 nobis
1087 4307 1293 4361 exitum
1350 4309 1685 4378 impendere,
1728 4327 1953 4380 prorsus
2002 4313 2273 4367 nativitati

688 4397 963 4452 adnexum
1019 4415 1120 4454 nec
1172 4401 1533 4456 immortalem
1581 4402 1750 4456 ullum
1805 4405 2078 4458 hominem
2129 4421 2270 4469 esse,

692 4505 794 4545 nec
819 4491 1133 4561 coniugium
1167 4493 1337 4546 ullum
1366 4495 1768 4548 indissolubile.
1797 4496 2271 4566 Contemplemur,

691 4579 740 4634 si
772 4577 972 4648 placet,
1021 4582 1090 4634 ab
1117 4581 1287 4636 Adam
1321 4582 1388 4636 ad
1423 4584 1564 4636 lmuc
1601 4598 1776 4652 usque
1817 4584 1988 4648 diem,
2022 4596 2078 4640 et
2111 4602 2271 4655 repe—

687 4672 898 4725 riemus
930 4672 1091 4726 aliam
1123 4688 1186 4726 ex
1223 4674 1354 4738 alia,
1401 4675 1646 4743 quandiu
1680 4677 1844 4730 stabit
1890 4677 1978 4732 hic
2009 4681 2268 4741 mundus,

2379 3488 2647 3556 ἐκέκτητο
2677 3487 2918 3556 ἀσφαλῆ,
2958 3487 3053 3538 καὶ
3101 3486 3192 3538 τὸν
3226 3485 3341 3556 βίον
3369 3483 3598 3536 διετέλει
3631 3484 3852 3552 σεμνόνο
3896 3474 3960 3534 οὗ

2377 3581 2738 3650 γνωρίσματα
2781 3579 2974 3645 πολλὰ,
3007 3574 3082 3635 ὧν
3115 3585 3212 3633 καὶ
3240 3581 3400 3650 ἡμεῖς
3424 3579 3524 3630 οὐκ
3553 3579 3770 3648 ἄμοιροι
3799 3594 3958 3628 τετυ-

2375 3674 2662 3744 χήκαμεν·
2709 3671 2771 3724 τὸ
2812 3671 2868 3723 δὲ
2901 3671 3233 3734 τελευταῖον,
3276 3673 3358 3724 ὅτι
3400 3670 3474 3733 ὼς
3503 3670 3706 3740 χρυσὸς
3734 3671 3791 3720 έν
3826 3670 3962 3738 πυρὶ

2376 3769 2442 3836 τῇ
2478 3765 2794 3836 μακροτέρα
2823 3765 2917 3817 καὶ
2945 3764 3212 3836 δυσοίστῳ
3237 3765 3377 3834 νόσῳ
3415 3764 3814 3834 δοκιμασθεῖσα
3851 3748 3957 3815 ἁπ-

2378 3860 2516 3930 έπτη
2569 3859 2676 3911 τῶν
2725 3857 2960 3912 ἐνθένδε.
2992 3858 3204 3912 Οὐκοῦν
3237 3857 3470 3929 ἀρκετὸν
3505 3859 3639 3928 ἡμῖν
3677 3857 3837 3909 τοῦτο
3874 3859 3956 3918 ei;

2377 3951 2760 4023 παρηγορίαν·
2800 3952 2883 4004 ὅτι
2912 3951 3250 4022 τηλικαύτην
3285 3953 3555 4020 ὁμόζυγον
3589 3949 3958 4021 παρέπεμψας

2381 4045 2479 4115 μὲν
2510 4043 2976 4114 Θεῷ,ὐπόδειγμα
3008 4046 3307 4114 καλλίστης
3335 4043 3617 4105 πολιτείας
3643 4043 3735 4095 τὸν
3762 4043 3958 4107 ἑαυτῆς

2378 4137 2493 4207 βίον
2520 4138 2871 4208 ὲναῳήσασαν
2917 4142 3073 4209 ἡμῖν.
3114 4139 3223 4192 Καὶ
3277 4138 3453 4200 ἄλλως
3500 4139 3579 4190 ὅτι
3613 4137 3682 4189 τὰ
3728 4137 3846 4188 θεῖα
3882 4136 3956 4187 ὼν

2377 4227 2816 4297 πεπαιδευμένος
2845 4229 3028 4293 αὐτὸς,
3060 4227 3120 4280 οὐ
3152 4225 3408 4279 τοσοῦτον
3437 4225 3674 4294 ὀφείλεις
3700 4221 3957 4290 ὲκσταθῆ-

2375 4335 2464 4372 ναι
2512 4319 2605 4370 ἐπὶ
2648 4319 2726 4388 τῷ
2773 4319 3041 4388 γεγονότι.
3073 4315 3239 4380 Οἶδας
3287 4317 3400 4386 γὰρ
3431 4319 3532 4370 ⁹ὅτι
3583 4319 3664 4378 εἰς
3704 4315 3953 4383 γέννησιν

2376 4412 2701 4482 ἐληλυθότες
2732 4413 2857 4466 κατ’
2890 4412 3138 4465 εὐδοκίαν
3177 4411 3332 4472 Θεοῦ,
3366 4412 3582 4473 πάντως
3610 4412 3677 4478 τῇ
3707 4411 3951 4476 γεννήσει

2378 4501 2794 4572 συνεζέυγμένη
2841 4503 2936 4556 καὶ
2968 4505 3000 4571 ὴ
3050 4501 3226 4566 ἔξοδος
3269 4503 3404 4570 ἡμῖν
3439 4499 3822 4570 προσγίνεται.
3864 4498 3951 4550 καὶ

2372 4596 2544 4658 οὐδεὶς
2593 4597 2880 4666 ἄνθρωπος
2944 4596 3251 4658 ἀθάνατος,
3303 4597 3396 4647 καὶ
3447 4592 3674 4661 οὐδεμία
3731 4591 3951 4656 συζυγία

2376 4688 2750 4751 ἀδιάζευκτος.
2791 4688 3314 4757 Ἀναθεωρήσωμεν,
3369 4688 3416 4738 εἰ
3467 4685 3636 4744 δοκεῖ,
3683 4685 3811 4747 τοὺς
3851 4683 3952 4736 ἀπὸ

685 4763 1108 4818 descendentem
1157 4766 1592 4821 successionem.
1631 4767 1733 4823 Ubi
1770 4779 1897 4823 sunt
1940 4771 2032 4838 qui
2084 4780 2134 4823 te
2177 4786 2268 4840 ge—

2391 4781 2564 4849 Ἀδὰμ
2605 4779 2768 4848 μέχρι
2813 4753 3206 4850 τήμερονξκαῖ
3237 4779 3540 4847 εὑρήσομεν
3582 4777 3682 4846 τὴν
3715 4776 3951 4844 ὑπάλλη-

685 4865 948 4919 nuerunt,
977 4855 1228 4920 Domine,
1266 4866 1321 4912 et
1347 4859 1444 4928 qui
1479 4859 1604 4914 illos
1639 4862 2032 4930 procrearunt?
2054 4871 2108 4916 et
2145 4879 2270 4916 sur-

683 4964 806 5003 sum
854 4965 1044 5004 versus
1075 4965 1415 5014 commeans,
1471 4952 1621 5008 altud
1668 4955 1802 5008 nihil
1837 4956 2071 5024 reperies
2102 4973 2265 5026 quam

684 5039 892 5093 ﬂuxum
919 5056 984 5096 ac
1012 5040 1289 5098 deﬂuxum
1323 5044 1378 5097 in
1411 5043 1729 5100 hominibus
1764 5062 1884 5101 esse
1921 5058 2262 5116 perpetuum.

686 5132 829 5198 Quid
867 5132 1036 5202 igitur
1066 5149 1213 5188 nunc
1245 5145 1328 5188 est
1361 5138 1508 5205 quod
1540 5139 1845 5206 quaeritur?
1878 5137 1948 5192 Ut
1977 5141 2120 5209 apud
2167 5157 2268 5196 nos

683 5225 881 5287 simus,
921 5233 976 5277 et
1020 5241 1300 5296 nunquam
1347 5227 1736 5284 obliviscenda:
1769 5233 1979 5285 mulieri
2022 5247 2265 5301 congrua

684 5315 906 5383 quidem
958 5315 1108 5384 justa
1159 5319 1533 5388 persolvamus
1568 5324 1690 5391 (pro
1740 5340 1846 5394 qua
1899 5340 1999 5379 nos
2045 5342 2266 5395 quoque

685 5408 920 5463 humiles
953 5425 1061 5464 non
1089 5411 1374 5467 minimum
1400 5415 1605 5483 precati
1635 5431 1828 5471 sumus
1853 5430 1910 5472 ut
1940 5419 1990 5472 in
2027 5419 2128 5473 hac
2155 5420 2264 5473 vita

682 5511 1062 5566 permaneret;
1104 5504 1322 5558 tametsi
1365 5507 1634 5572 exauditi,
1676 5519 1734 5562 ut
1772 5520 2108 5578 peccatores,
2154 5526 2263 5563 non

2377 4873 2466 4926 λον
2501 4872 2752 4942 διαδοχὴν
2793 4871 3087 4924 κατιοῦσαν
3119 4871 3223 4934 ἓως
3253 4869 3320 4923 ἂν
3354 4871 3448 4922 καὶ
3477 4870 3705 4940 συσταίη
3752 4872 3780 4921 ὁ
3830 4870 3948 4937 τῇδε

2376 4962 2601 5031 κόσμος.
2639 4960 2748 5014 Ποῦ
2780 4963 2829 5014 oi
2863 4960 3133 5029 φύσαντές
3163 4977 3220 5012 σε
3247 5000 3262 5023 ,
3307 4959 3562 5022 δέσποτα,
3595 4960 3688 5011 καὶ
3727 4959 3777 5010 οἱ
3807 4958 3946 5009 ὲκεί‹

2371 5055 2807 5120 νους,τεκόντες;
2848 5055 2941 5106 καὶ
2972 5053 3311 5117 ἀναποδίζων
3333 5053 3485 5105 οὐδὲν
3519 5051 3647 5105 ἄλλο
3677 5052 3943 5121 εὑρήσεις,

2371 5147 2403 5216 ἦ
2442 5146 2572 5217 ῥοὴν
2613 5147 2706 5198 καὶ
2732 5145 3009 5217 ἀπορροὴν
3041 5145 3107 5198 τὰ
3129 5144 3469 5216 ἀνθρώπινα.
3491 5146 3555 5196 Τί
3587 5140 3680 5196 οὖν
3703 5146 3818 5196 ἐστι
3855 5141 3943 5194 νῦν

2369 5241 2428 5292 τὸ
2460 5238 2825 5310 ζητούμενον;
2873 5239 3021 5301 ὅπως
3064 5241 3144 5299 εἰς
3179 5239 3327 5308 ἡμᾶς
3369 5238 3568 5299 αὐτοὺς
3613 5234 3937 5304 γενοίμεθα,

2371 5333 2465 5384 καί
2502 5333 2571 5384 τὰ
2614 5333 2712 5401 μὲν
2757 5332 2945 5384 εἰκότα
2977 5332 3242 5398 ἐπιτάφια
3297 5329 3704 5394 ἐπιτελέσωμεν
3737 5329 3802 5395 τῇ
3831 5327 3939 5377 ἀει-

2377 5423 2626 5491 μνήστῳ·
2678 5421 2822 5490 ὑπὲρ
2868 5416 2935 5492 ἧς
2965 5422 3058 5474 καὶ
3097 5422 3259 5490 ἡμεῖς
3290 5421 3338 5471 οί
3369 5419 3616 5472 ταπεινοὶ
3642 5419 3742 5471 οὐκ
3770 5417 3938 5484 ἐλαχι-

2376 5529 2474 5566 στα
2501 5513 2803 5584 ηὐξάμεθα,
2823 5515 2871 5565 εί
2896 5512 2988 5564 καὶ
3012 5511 3112 5563 οὐκ
3136 5509 3486 5579 ἡκούσθημεν
3510 5507 3586 5570 ὼς
3610 5504 3932 5576 ἁμαρτωλοὶ,

2201 5716 2436 5772 NOTAE.

756 5869 866 5941 (80)
901 5868 958 5924 lu
990 5870 1115 5926 cod.
1146 5869 1275 5944 Reg.
1310 5869 1454 5942 ρπθ’.
