4184 6506
261 426 288 482 l
300 422 406 484 573

1434 435 1975 500 EPISTOLARUM
2020 440 2167 502 LIB.
2232 442 2313 503 Il.

3384 445 3518 512 1574

252 536 320 585 τὸ
351 536 634 631 ἐπιμεῖναι
661 538 831 611 αὑτὴν
861 542 920 594 ὲν
946 542 1085 614 τῷδε
1118 544 1198 615 τῷ
1229 544 1357 617 βίῳ’
1379 546 1451 601 τὰ
1478 550 1535 603 δὲ
1566 550 1677 604 τῶν
1710 553 1834 606 παί-

1943 554 2232 624 fuerimus)
2271 565 2329 610 ιιι
2367 570 2491 627 qua:
2520 557 2588 613 ad
2634 558 2777 615 ﬁlios
2810 570 3083 631 spectant,
3116 572 3268 618 recte
3309 570 3516 618 consti-

251 626 391 694 δων,
435 623 493 681 εὖ
526 628 859 702 διαθώμεθα,
896 637 992 688 καὶ
1027 636 1096 690 τὰ
1125 638 1372 709 ἡμέτερα
1426 639 1608 706 ὲξόδια
1639 661 1840 713 προευ-

1938 658 2181 714 tuamus,
2216 658 2271 704 et
2310 650 2376 704 ad
2418 650 2626 704 exitqu
2666 660 2915 706 nostrum
2964 668 3066 707 nos
3104 668 3517 723 comparemus,

251 717 641 790 τρεπίσωμεν,
668 724 1084 792 ὲμϐιοτεύοντες
1112 730 1190 799 τῷ
1223 730 1324 802 βίῳ
1361 731 1709 804 θεοπρεπῶς’
1754 737 1834 791 ἵνα

1939 740 2105 795 vitam
2136 742 2279 796 hanc
2312 740 2422 796 Deo
2442 742 2603 810 digne
2630 744 3000 813 transigentes
3029 762 3044 798 :
3077 754 3137 799 ut
3168 717 3296 802 hinc
3323 717 3510 803 trans?

256 814 632 880 μεταστάντες
664 817 775 872 τῶν
804 819 1037 885 ἐνθένδε,
1064 822 1301 892 ὁπηνίκα
1330 824 1619 894 ἐπιτρέπει
1648 828 1681 896 ἡ
1711 829 1834 897 πρό-

1939 832 2031 886 lati
2075 843 2204 888 tunc
2246 848 2372 888 cum
2407 834 2639 904 jusserit
2669 836 3028 905 providentia,
3063 838 3177 894 illic
3220 841 3518 896 nanciscan

257 921 407 968 νοια,
437 907 749 980 εὑρήσομεν
777 912 956 965 ἐκεῖσε
988 917 1085 985 τὴν
1114 915 1286 986 καλὴν
1310 918 1579 986 ὀμόζυγον
1605 920 1662 971 ἐν
1689 920 1839 973 ἀπεί-

253 1011 380 1065 ροις
423 998 587 1051 αίῶσι
630 1000 932 1071 χαίρουσαν
977 1005 1077 1059 σὺν
1125 1008 1258 1076 ἡμῖν
1290 1008 1472 1072 αὐτοῖς
1498 1008 1593 1061 ἐπὶ
1620 1009 1838 1079 μεθέξει

250 1086 370 1139 τῶν
416 1090 747 1163 ἀπορρήτων
795 1094 1039 1162 ἀγαθῶν.
1090 1097 1277 1150 Ταῦτα
1326 1099 1375 1151 εί
1429 1100 1525 1153 καὶ
1579 1099 1840 1171 ἐλάχιστα

251 1180 397 1250 πρὸς
430 1185 773 1254 παρηγορίαν
794 1201 809 1218 ο
829 1188 979 1256 ὅμως
1004 1189 1086 1242 ὃτι
1113 1190 1456 1245 ἐπιδεικτικά
1483 1192 1587 1264 τῆς
1615 1194 1839 1264 ἀγάπης

253 1284 378 1331 σου,
439 1270 565 1341 ἥτις
625 1273 719 1325 καὶ
780 1274 1067 1345 χαρισθείη
1126 1276 1256 1347 ἡμῖν
1312 1277 1548 1349 εὔθυμος
1602 1280 1697 1333 καὶ
1743 1281 1837 1335 εύ-

254 1360 649 1430 παρηγόρητος
680 1364 772 1415 ἐπὶ
804 1365 905 1435 τῆς
938 1367 1031 1418 ἐπὶ
1060 1368 1237 1421 πάντα
1264 1371 1346 1432 είς
1371 1369 1506 1423 Θεὸν
1528 1370 1841 1434 ἀναθέσεως

254 1448 437 1519 ὑμῶν.

399 1567 549 1621 ΡΠΖ’
577 1569 1021 1639 (81).-Λέοντι
1049 1573 1454 1641 Σακελλαρίφ.
1498 1572 1686 1646 [cl/vnn]

1936 941 2059 978 mur
2080 926 2355 996 egregiam
2387 927 2675 997 conjugem
2708 929 2934 985 inlinitis
2967 932 3182 987 saeculis
3227 933 3515 988 nobiscum

1942 1018 1997 1072 in
2026 1019 2446 1089 participatione
2478 1021 2834 1075 ineﬂ‘abilium
2868 1022 3136 1077 bonorum
3164 1025 3513 1094 gaudentem.

1940 1106 2088 1171 Haec,
2120 1108 2246 1164 licet
2293 1110 2490 1179 exigua
2540 1112 2606 1166 ad
2640 1114 3101 1180 consolationem,
3137 1126 3384 1171 nostram
3438 1126 3519 1171 ta-

1940 1213 2065 1253 men
2124 1200 2474 1254 testabuntur
2537 1200 2977 1257 benevolentiam
3032 1221 3157 1275 erga
3213 1214 3265 1260 te
3307 1221 3515 1275 :quem

1939 1289 2100 1344 velim
2148 1304 2363 1359 semper
2410 1306 2533 1347 esse
2574 1291 2720 1345 bono
2751 1293 2938 1347 animo
2989 1302 3044 1349 et
3076 1296 3142 1349 ad
3182 1295 3515 1350 consolatio-

1941 1395 2064 1435 nem
2101 1381 2420 1451 capiendam
2458 1390 2646 1452 parato
2685 1398 2785 1452 pro
2820 1392 2914 1439 tua
2947 1384 3001 1439 in
3042 1385 3149 1440 Deo
3184 1386 3405 1443 ﬁducia.

2252 1576 2608 1636 CLXXXVII.
2627 1611 2700 1620 —
2727 1579 2893 1636 Leoni
2924 1581 3243 1638 Sacellario.

1354 1690 1546 1741 Gratias
1571 1694 1672 1755 agit
1696 1697 1751 1742 et
1777 1691 1991 1743 virtutes
2024 1694 2135 1757 ejus
2162 1694 2415 1756 praedicat.

328 1795 444 1850 Kal
490 1798 702 1869 σιωπᾷν
746 1797 848 1853 οὐκ
884 1800 1295 1873 ὲπιτρεπόμεθα
1334 1802 1446 1856 τῶν
1495 1804 1830 1874 εὐεργεσιῶν

2006 1805 2074 1861 Et
2101 1807 2263 1862 silere
2298 1808 2461 1862 nobis
2506 1822 2615 1861 non
2643 1808 2772 1865 licet
2800 1810 2896 1879 qui
2940 1824 3171 1865 summa;
3208 1823 3265 1867 et
3306 1814 3523 1869 deside-

252 1888 358 1958 τῆς
402 1889 666 1961 μεγίστης
714 1890 811 1945 καὶ
854 1891 1190 1964 ὲπιποθὴτου
1238 1910 1331 1947 σου
1378 1896 1653 1966 ὑπεροχῆς
1698 1898 1837 1951 ἁπο-

251 1978 541 2045 λαύοντες’
578 1982 671 2036 καὶ⁵
699 1982 946 2056 ἀπαντᾷν
990 1985 1110 2039 κατ’
1152 1986 1310 2051 ἀξίαν
1341 1987 1441 2039 οὐκ
1467 1987 1833 2057 εὐποροῦμεν,

251 2072 419 2141 λόγου
449 2074 783 2147 ἀποροῦντες
810 2078 1198 2150 προσήκοντος.
1232 2078 1295 2131 Εί
1325 2079 1381 2132 δὲ
1402 2080 1484 2133 ὅτι
1517 2082 1549 2151 ἠ
1583 2081 1837 2153 θεοφιλής

254 2178 355 2216 σου
393 2162 539 2235 ψυχὴ
570 2164 644 2235 μὴ
674 2163 850 2229 οὕτως
879 2166 1072 2233 οἴεται,
1103 2167 1162 2221 ού
1201 2166 1615 2238 θαυμαστόν.Ἠ
1635 2170 1835 2240 ἀγάπη

252 2258 388 2328 γὰρ,
439 2257 594 2328 φησι,
627 2258 696 2311 τὸ
722 2258 913 2312 κακὸν
950 2259 1022 2313 οὐ
1069 2257 1395 2329 λογίζεται·
1437 2262 1561 2314 ἐπεὶ
1602 2264 1698 2315 καὶ
1746 2264 1839 2317 ἔκ-

252 2348 431 2403 παλαι
464 2349 525 2403 τὺ
552 2350 685 2404 αὐτὸ
717 2350 876 2403 εἴωθε
909 2351 1136 2419 φιλικῶς
1167 2352 1574 2423 ὑπολαμϐάνειν
1610 2356 1706 2409 καὶ
1746 2372 1837 2407 σε·

255 2443 482 2515 μνύνειν
515 2444 660 2514 ὑμᾶς
684 2443 893 2515 δωρεὰν
921 2445 1047 2509 τοὺς
1071 2445 1368 2517 ἀλητίμους
1388 2462 1401 2475 ·
1430 2448 1520 2500 καὶ
1544 2447 1618 2511 ὥς
1648 2466 1835 2517 φασιν,

250 2537 377 2590 οὐδὲ
409 2538 723 2606 συγκρίνειν
746 2537 892 2608 ἔχεις
924 2538 1060 2609 πρὸς
1089 2538 1353 2610 ἀλλήλους
1385 2539 1505 2593 καθ’
1535 2542 1834 2613 ὑπεροχήν.

264 2628 429 2682 Ἀλλά
456 2627 627 2682 ταῦτα
658 2629 779 2700 μὲν,
817 2630 895 2696 ὡς
926 2632 1162 2703 εἴρηται,
1186 2633 1285 2703 τῆς
1318 2633 1469 2704 ἱερᾶς
1501 2634 1737 2704 στοργῆς
1770 2635 1839 2688 τὰ

251 2720 588 2791 συμϐόλαια.
620 2722 791 2787 Αὐτὸς
826 2724 903 2787 δὲ,
936 2717 982 2777 ὦ
1016 2725 1437 2789 παντεπαίνετε,
1471 2724 1655 2788 ἔοικας
1678 2726 1839 2797 ἀκρό-

252 2814 414 2878 πολίς
458 2832 541 2879 τις
587 2816 899 2887 ἑνιδρύσθαι
929 2818 986 2869 ὲν
1010 2820 1076 2888 τῇ
1112 2817 1344 2887 βασιλίδι
1375 2817 1483 2869 τῶν
1513 2818 1723 2871 πόλεων
1743 2834 1758 2848 ’
1800 2818 1834 2889 ἢ

249 2906 490 2979 τάληθὲς
522 2908 850 2979 οἰκειότερον
877 2910 1070 2973 εἰπεῖν,
1100 2909 1265 2981 λιμὴν
1296 2905 1709 2981 πολυχώρητοςξ
1722 2910 1838 2963 θλι-

248 3003 503 3072 ϐομένων
528 3003 837 3066 ἀνάπαυλα,
862 3002 1143 3073 διψώντων
1166 3003 1326 3071 λόγου
1350 3002 1625 3075 ἐμμελοῦς
1654 3002 1836 3057 ἱκανὸν

1940 1909 2071 1955 ratae
2098 1900 2433 1956 excellentiae
2467 1912 2571 1955 tua:
2596 1903 2877 1957 beneﬁciis
2903 1901 3163 1967 fruimur,
3201 1917 3256 1959 et
3285 1922 3523 1977 respon-

1939 1992 2069 2048 dere
2104 2008 2203 2062 pro
2230 1992 2495 2062 dignitate
2527 2009 2635 2047 non
2680 2009 2999 2063 possumus,
3032 2000 3356 2065 congruenti
3403 2014 3526 2054 ser-

1939 2094 2104 2133 mone
2137 2080 2407 2135 destituti.
2441 2079 2599 2147 Quod
2626 2096 2757 2135 vero
2785 2081 2953 2135 Deum
2986 2098 3180 2139 amans
3210 2086 3395 2142 anima
3431 2097 3522 2143 tua

1938 2184 2047 2223 non
2076 2169 2157 2223 sic
2184 2171 2372 2232 sentit,
2404 2171 2605 2225 mirum
2638 2186 2744 2225 non
2779 2179 2886 2225 est.
2918 2169 3171 2227 Charitas
3205 2176 3430 2244 quippe,
3460 2187 3521 2231 ut

1939 2260 2038 2326 ait,
2094 2276 2199 2315 non
2252 2262 2449 2332 cogitat
2510 2261 2805 2329 malum";
2868 2264 2997 2330 quia
3049 2264 3385 2335 jampridem
3435 2268 3521 2323 id-

1940 2352 2121 2423 ipsum
2153 2354 2311 2409 solita
2335 2362 2420 2408 est
2454 2353 2630 2409 amice
2663 2370 3015 2423 praesumere,
3045 2366 3098 2410 et
3132 2372 3234 2411 nos
3269 2357 3524 2429 indignos

1941 2448 2114 2517 gratis
2155 2448 2367 2501 honore
2422 2445 2674 2513 allicere;
2727 2457 2888 2517 teque
2931 2463 3055 2502 cum
3100 2448 3231 2504 'aliis
3259 2460 3521 2520 tanquam

1938 2538 2438 2603 excellentioribus,
2476 2538 2701 2592 minime
2738 2539 2936 2601 audes,
2986 2540 3065 2592 uti
3100 2540 3324 2605 dicitur,
3367 2548 3521 2597 co‘m-

1939 2648 2156 2703 parare.
2201 2630 2407 2685 Verum
2463 2632 2601 2695 haec,
2674 2640 2733 2685 ut
2793 2630 2929 2697 dixi,
2992 2644 3165 2685 sacra:
3211 2632 3522 2688 dilectionis

1938 2738 2069 2785 sunt
2112 2727 2332 2782 indicia.
2378 2727 2460 2782 Tu
2493 2742 2646 2791 vero,
2686 2728 3051 2797 undequaque
3080 2726 3399 2792 laudabilis,
3434 2729 3520 2782 vi-

1938 2820 2085 2875 deris
2110 2821 2163 2873 in
2198 2819 2414 2873 urbium
2451 2819 2658 2888 regina,
2694 2826 2953 2886 tanquam
2982 2832 3077 2870 arx
3114 2818 3363 2887 quaedam
3403 2818 3518 2873 colo

1938 2914 2177 2976 locatus,
2212 2921 2328 2976 aut,
2364 2922 2421 2966 ut
2447 2911 2665 2981 proprie
2700 2912 2876 2978 magis
2897 2925 3088 2963 verum
3134 2910 3334 2973 dicam,
3368 2911 3521 2963 velut

1938 3017 2130 3078 portus
2180 3006 2600 3075 capacissimus,
2657 3003 2984 3057 amictorum
3037 3002 3277 3071 requies,
3328 3003 3520 3059 audire

249 3095 628 3167 παραμύθιον,
676 3097 1043 3167 καθεκάστην,
1087 3096 1163 3160 ὡς
1223 3100 1417 3162 εἰπεῖν,
1460 3096 1834 3167 εἰσδεχόμενος

1939 3100 2180 3169 iucunda
2219 3093 2568 3168 cupientibus
2618 3096 2931 3151 consolatio
2983 3095 3202 3158 idonea,
3254 3096 3517 3165 quotidie,

249 3190 350 3241 καὶ
370 3188 959 3259 ίώμενος,θεραπεύων
988 3206 1046 3242 τε
1074 3189 1170 3242 καὶ
1193 3190 1586 3258 ἀφοσιούμενος
1610 3188 1834 3252 τούτους

1941 3202 2003 3246 ιιι
2034 3191 2234 3252 dicam,
2283 3189 2579 3243 admittens
2612 3196 2669 3243 et
2709 3202 2938 3249 sanans,
2966 3202 3277 3257 procurans
3303 3196 3358 3241 et
3392 3188 3521 3243 reli-

250 3282 578 3347 κάκείνους,
617 3281 842 3352 μείζους
876 3283 969 3336 καὶ
1014 3282 1272 3346 ἐλάττους
1299 3322 1313 3342 .
1352 3282 1518 3351 ἱερεῖς
1569 3282 1665 3334 καὶ
1695 3282 1832 3351 ἀρχ-

252 3377 441 3448 ιερεῖς,
490 3373 722 3437 ἐντελεῖς
757 3376 852 3429 καὶ
897 3376 1242 3445 ὑφειμένους.
1288 3374 1375 3437 Ὠς
1407 3374 1833 3446 μεγαλοπρεπές

254 3479 353 3516 σου
384 3462 443 3515 τὸ
473 3461 617 3517 θεῖον
657 3463 898 3533 ἀξίωμα,
948 3464 1127 3518 καὶτὸ
1162 3464 1407 3533 θεοφιλὲς
1440 3466 1783 3536 πρακτήριον
1816 3466 1829 3519 l

254 3554 533 3625 Προσήκει
574 3572 658 3609 σοι
690 3557 884 3611 καὶτὰ
923 3556 1017 3609 τοῦ
1064 3556 1308 3625 ἀοιδίμου
1351 3556 1466 3609 Ἰὼϐ
1500 3558 1565 3609 τὰ
1610 3556 1837 3626 ἐπιφθέ-

254 3663 445 3717 γματα
466 3662 480 3675 °
509 3648 714 3717 Πατὴρ
747 3648 1043 3717 ἐγενόμην
1076 3648 1353 3717 ὀρφανῶν
1375 3688 1390 3710 ,
1443 3649 1596 3713 ποὺς
1628 3648 1695 3701 δὲ
1726 3667 1835 3717 χω-

250 3736 400 3802 λῶν,
449 3740 628 3793 παντί
663 3740 732 3793 δὲ
756 3739 1047 3807 ἀνθρώπῳ
1094 3739 1388 3802 ἀνέῳκταί
1420 3758 1541 3808 μου
1577 3742 1614 3808 ἠ
1649 3741 1831 3809 θύρα,

250 3830 471 3885 καὶοὸσα
494 3830 704 3893 τούτοις
734 3832 1098 3901 συνεπόμενα.
1134 3832 1206 3885 Σὺ
1231 3831 1293 3883 τὸ
1325 3831 1577 3901 λείψανον
1608 3832 1706 3902 τῆς
1736 3832 1833 3884 εύ-

253 3922 473 3987 σεϐείας
492 3939 507 3953 ⁸
533 3923 698 3988 αὐτὸς
721 3924 782 3979 τὸ
814 3926 1098 3996 κειμήλιον
1121 3925 1220 3995 τῆς
1255 3924 1564 3995 ὀρθοδοξίας
1584 3942 1596 3954 ·
1630 3924 1725 3977 καὶ
1764 3924 1833 3979 τὰ

254 4016 431 4071 πολλά
460 4017 803 4088 παρατρέχει
834 4020 861 4072 ό
886 4018 1045 4087 λόγος
1065 4035 1078 4048 ·
1134 4019 1219 4071 ἵνα
1252 4016 1327 4087 μὴ
1357 4016 1483 4088 δόξῃ
1510 4017 1645 4087 πρὸς
1672 4018 1833 4087 χάριν

249 4107 452 4176 λέγειν,
494 4110 589 4162 καὶ
631 4109 922 4165 κολακείαν
971 4110 1041 4164 τά
1072 4112 1153 4173 εἰς
1199 4109 1489 4180 πρόσωπον
1542 4108 1831 4173 ἀκουτιξό-

254 4219 411 4273 μενα.
447 4205 634 4274 Ὅμως
669 4204 800 4275 μίαν
828 4204 1012 4276 φωνὴν
1050 4203 1310 4273 προσθεὶς
1360 4202 1699 4256 ἀποπαύσειε
1738 4202 1831 4255 τοῦ

250 4293 467 4362 λέγειν’
516 4295 617 4364 μία
653 4296 983 4367 παραμυθία
1027 4296 1241 4366 Πατρὶ,
1293 4297 1592 4367 μονογενής
1637 4312 1697 4349 τε
1738 4295 1830 4347 καὶ

250 4385 573 4457 φιλοπάτωρ
612 4389 751 4454 υίδις,
782 4388 879 4440 καὶ
914 4392 981 4459 τῇ
1044 4386 1276 4458 βασιλίδι
1314 4389 1526 4458 πόλειή
1561 4388 1627 4458 σὴ
1660 4405 1831 4459 μεγα-

249 4475 457 4547 λοφυὴς
493 4480 584 4530 καὶ
618 4478 947 4549 περιϐόητος
977 4479 1334 4549 ἀρισταρχία.

248 4592 410 4645 ΡΠΗ¹
431 4590 643 4663 (82).-
664 4593 743 4662 Τῇ
774 4594 1080 4663 σπαθαρίᾳ
1106 4594 1212 4648 τοῦ
1242 4594 1604 4649 Φλαϐιανοῦ.
1634 4592 1825 4666 [ψνθ⁹.]

1943 3285 2096 3354 giose
2126 3283 2311 3337 colens
2340 3282 2441 3335 hos
2470 3291 2525 3334 et
2564 3279 2707 3344 illos,
2756 3280 2995 3347 majores
3034 3293 3098 3333 ac
3140 3278 3405 3345 minores,
3439 3293 3523 3334 sa-

1944 3377 2192 3432 cerdotes
2223 3384 2278 3429 et
2305 3374 2615 3443 episcopos,
2653 3371 2923 3442 primores
2957 3381 3010 3425 et
3044 3370 3311 3427 subditos.
3344 3371 3519 3438 Quam

1946 3468 2237 3540 magnifica
2267 3477 2353 3523 est
2385 3466 2626 3537 dignitas
2666 3474 2757 3518 tua
2805 3463 3014 3526 divina,
3053 3472 3108 3517 et
3145 3461 3254 3517 Deo
3297 3473 3521 3532 accepta

1944 3560 2290 3616 exercitatio.
2338 3556 2463 3611 Tibi
2517 3555 2681 3610 etiam
2733 3554 3070 3608 conveniunt
3110 3553 3381 3607 decantati
3416 3551 3523 3606 Joh

1943 3653 2111 3708 verba
2142 3668 2159 3701 :
2198 3650 2364 3705 Pater
2390 3665 2536 3703 eram
2565 3647 2946 3716 orphanorum,
2977 3655 3026 3699 et
3061 3660 3147 3713 pes
3183 3645 3520 3709 claudorum,

1941 3756 1991 3799 et
2042 3744 2187 3797 omni
2232 3742 2431 3795 homini
2465 3749 2653 3809 aperta
2697 3746 2813 3791 erat
2852 3736 3026 3806 janua
3076 3739 3288 3804 mea”;
3329 3746 3383 3792 et
3416 3736 3521 3791 alia

1941 3848 2066 3903 quae
2114 3839 2441 3901 sequuntur.
2481 3829 2560 3883 'l'u
2609 3827 2853 3897 reliquiae
2882 3826 3122 3897 pietatis,
3173 3836 3230 3880 tu
3274 3836 3523 3897 recepta-

1941 3926 2126 3982 culum
2167 3922 2559 3977 OI'lIIOdOXItB':
2606 3930 2664 3975 et
2706 3924 2875 3974 multa
2913 3918 3283 3988 praetermittit
3320 3920 3522 3981 oratio,

1941 4036 2012 4075 ne
2047 4019 2111 4073 ad
2142 4018 2374 4088 gratiam
2410 4014 2561 4083 loqui
2601 4030 2723 4083 quae
2760 4014 2813 4066 in
2864 4029 2925 4066 os
2965 4013 3244 4077 dicuntur,
3290 4022 3346 4066 et
3388 4013 3523 4068 adu-

1940 4113 2042 4168 lari
2072 4112 2339 4167 videatur.
2389 4109 2631 4164 Verbum
2668 4116 2852 4160 tamen
2899 4122 3067 4159 unum
3100 4106 3307 4162 addens
3350 4109 3524 4161 conti-

1939 4216 2139 4262 cescet.
2194 4203 2371 4257 Patris
2424 4216 2532 4256 una
2581 4208 2666 4256 est
2715 4199 3050 4263 consolatio,
3107 4199 3420 4269 unigenitus
3469 4210 3523 4253 et

1939 4308 2150 4368 patrem
2183 4309 2379 4348 amans
2412 4294 2579 4357 lilius,
2615 4302 2729 4346 tum
2763 4291 2967 4359 reginae
3003 4291 3126 4344 urbi
3174 4291 3521 4360 magnanima

1938 4401 1993 4447 et
2018 4390 2250 4446 celebris
2281 4388 2485 4457 optima
2519 4393 2612 4439 tua
2644 4385 3075 4439 administratio.

2112 4583 2492 4643 CLXXXVIII.
2524 4595 2599 4624 —'
2624 4581 2926 4653 Spatlturiw
2954 4580 3196 4635 Flaviani
3229 4582 3279 4647 (°
3300 4582 3337 4650 ).

1703 4705 1755 4755 In
1792 4702 1931 4753 obitu
1961 4701 2069 4752 ﬁlii.

325 4811 599 4880 Ἕφθασεν
622 4812 656 4883 ὴ
679 4812 927 4885 ἀπευκτὴ
945 4813 1177 4883 ἀγγελία
1194 4813 1286 4867 τοῦ
1304 4830 1371 4865 πε
1382 4814 1433 4883 ρ).
1456 4812 1550 4867 τοῦ
1576 4815 1661 4867 ἀει
1669 4814 1831 4883 μνήσ-

2011 4807 2265 4863 Pervenit
2295 4820 2473 4876 usque
2504 4802 2570 4858 ad
2613 4801 2978 4857 humilitatem
3011 4813 3232 4869 quoque
3270 4810 3517 4853 nostram

249 4921 343 4958 του
364 4904 590 4974 υίοῦγσου
605 4903 833 4969 πάθους,
859 4908 1020 4978 μέχρι
1038 4906 1241 4978 καὶτῆς
1254 4909 1285 4977 ὴ
1296 4907 1411 4978 μῶν
1424 4909 1826 4971 ταπεινώσεως.

262 4996 352 5050 Ἐν
448 4997 639 5068 ὥσπερ
659 4999 710 5052 oi
740 4998 840 5063 τὰς
871 4999 1039 5062 ἀκοὰς
1065 4998 1353 5071 βροντηδὸν
1384 5000 1831 5070 καταπλαγέντες

250 5092 595 5161 πεπτήχασιν
624 5089 759 5155 ὅλως
781 5105 796 5121 '
828 5090 1002 5155 οὕτως
1032 5094 1165 5163 ἡμῖν
1198 5094 1226 5146 ὁ
1255 5092 1412 5161 λόγος
1443 5093 1830 5165 ἐξαπορεῖσθαι

249 5183 542 5251 πεποίηκε,
579 5182 673 5234 καὶ
705 5182 839 5253 μηδὲ
867 5182 1015 5254 ἔχειν
1067 5201 1121 5237 τι
1152 5183 1490 5253 φθέγξασθαι
1538 5186 1685 5253 ἄξιον
1726 5186 1829 5253 τῆς

248 5270 462 5341 ὀδύνης.
500 5274 563 5326 Ὢ
590 5275 642 5327 τί
662 5274 886 5344 γέγονεν
918 5276 1179 5345 ὲξάπινα;
1208 5277 1324 5341 πῶς
1344 5276 1516 5349 ᾤχετο
1538 5278 1676 5349 ἀνὴρ
1699 5278 1831 5331 θαυ⁶

255 5364 481 5435 μαστὸς,
543 5366 674 5421 αὑτὸ
710 5367 811 5435 τῆς
842 5368 1058 5440 ἡλικίας
1113 5369 1264 5437 ἄγων
1314 5370 1376 5423 τὸ
1422 5368 1719 5439 βιώσιμον;
1754 5369 1829 5433 ὡς

256 5456 614 5531 μεγαλοήλιξι
673 5460 748 5524 ὡς
774 5462 978 5531 ὡραῖος
1025 5461 1125 5532 τὴν
1176 5460 1334 5530 δψινί
1375 5461 1476 5531 ὡς,
1507 5462 1735 5533 εὐγενὴς
1769 5462 1829 5515 τὸ

327 5575 375 5609 ³⁸
399 5573 417 5627 ι
444 5572 572 5630 Cor.
607 5591 727 5642 xm,
761 5575 813 5630 5.
889 5572 1058 5630 "Job
1090 5592 1242 5643 nu,
1274 5577 1363 5632 15.

1940 4902 2128 4959 feralis
2158 4899 2385 4954 nuntius
2428 4897 2497 4951 de
2530 4905 2747 4951 κιαι-ηαξ
2798 4892 3076 4947 memoria:
3112 4891 3204 4945 lilii
3240 4892 3318 4944 tui
3364 4905 3515 4945 casu.

1939 4997 1997 5051 ln
2024 5010 2154 5066 quo,
2180 4990 2644 5063 quemadmodum
2676 4988 2711 5042 ii
2741 4988 2941 5057 quibus
2970 5000 3131 5039 aures
3159 4986 3361 5038 tonitru
3397 4999 3519 5052 per-

1940 5102 2117 5144 cussae
2148 5094 2295 5149 sunt,
2334 5085 2431 5139 toti
2474 5090 2629 5137 metu
2659 5088 3123 5144 consternantur;
3172 5078 3242 5130 ita
3281 5091 3382 5129 nos
3430 5076 3519 5129 hic

1937 5196 2127 5236 rumor
2158 5179 2213 5233 in
2245 5191 2490 5231 summas
2533 5173 2814 5242 angustias
2848 5171 3079 5241 redegit,
3115 5179 3173 5223 ut
3217 5184 3318 5222 nec
3350 5166 3517 5220 verba

1939 5277 2235 5339 suppetant
2268 5281 2391 5335 qua:
2421 5264 2571 5334 paria
2612 5263 2723 5317 sint
2754 5262 2955 5316 dolori.
2991 5258 3035 5314 Ο
3066 5261 3195 5331 quid
3227 5260 3519 5326 derepente

1938 5362 2147 5418 factum
2186 5360 2305 5415 est?
2334 5357 2610 5428 quomodo
2639 5356 2877 5412 excessit
2908 5355 2988 5409 vir
3030 5352 3407 5413 admirandus,
3452 5362 3517 5401 ea

1938 5470 2097 5516 aetate
2127 5474 2250 5531 quae
2285 5458 2525 5511 maxime
2566 5454 2752 5509 vitalis
2780 5463 2882 5516 est,
2922 5467 3083 5523 quam
3117 5461 3377 5519 procerus
3402 5457 3518 5500 Sta-

1792 5727 2026 5785 ΝΟΤᾸΞ.

336 5837 403 5908 (⁴)
429 5837 825 5897 Consolatoria.

338 5912 451 5983 (8|)
480 5913 537 5966 lu
567 5913 689 5968 cod.
732 5911 857 5985 Reg.
901 5916 1041 5984 ριιω.

2026 5839 2140 5913 (82)
2176 5839 2235 5896 In
2275 5839 2397 5897 cod.
2432 5837 2564 5911 Reg.
2590 5842 2733 5911 ριιω.
