4184 6480
711 370 851 437 1575
1903 387 1964 447 S.
1996 388 2394 450 THEODORI
2432 391 2776 454 STUDITIE
3829 398 4003 461 1576

702 490 875 546 tura!
919 504 1085 561 quam
1138 492 1366 563 pulcher
1413 499 1868 571 aspectulquam
1908 503 2106 559 nobilis
2154 520 2280 559 san-

2387 502 2559 575 αἷμαῑ
2587 506 2663 570 ὡς
2691 504 2926 576 εὐκλεὴς
2947 503 3006 559 τὺ
3031 502 3223 569 κῦδοςί
3245 505 3320 570 ὼς
3351 506 3510 576 μόνος
3538 507 4006 579 ἐγκαταλελειμο

705 580 916 652 guine!
965 598 1129 649 quam
1189 585 1388 641 illustri
1452 587 1597 645 fama
1654 592 1967 662 gloriosus?
2021 605 2281 667 tanquam

706 670 859 725 solus
892 671 1118 727 relictus
1152 672 1343 730 faustae
1373 678 1535 731 matri
1561 680 1889 741 consolatio.
1922 692 2162 751 paterna:
2199 683 2281 738 la-

706 758 872 813 milize
899 759 1328 828 ﬁrmamentum,
1353 765 1538 834 generi
1571 766 1741 822 decus
1768 778 1823 822 et
1860 780 2281 837 ornamentum;

706 850 1009 906 addiderim
1054 862 1109 907 et
1158 855 1323 923 regiis
1371 856 1593 926 palatiis
1644 860 1965 916 inusitatum
2008 872 2288 932 spectacu-

706 940 844 994 lum.
900 939 1000 997 Hic
1064 942 1359 1014 longinqua
1416 944 1471 999 in
1522 948 1743 1017 regione
1801 965 1888 1005 res
1938 952 2284 1021 imperatoris

708 1028 1124 1093 administrans,
1164 1033 1406 1090 avolavit
1438 1054 1453 1091 :
1488 1044 1719 1091 matrem
1748 1039 2063 1109 relinquens
2097 1042 2285 1096 lauda-

709 1119 1007 1184 tissimam,
1034 1121 1348 1192 relinquens
1379 1126 1546 1182 simul
1576 1140 1628 1181 et
1652 1130 1918 1185 illustrem
1967 1132 2276 1203 conjugem,

708 1221 836 1262 cum
866 1210 1099 1280 egregiis
1130 1212 1333 1274 liliolis.
1360 1224 1416 1268 et
1445 1216 1651 1270 lautam
1684 1217 1931 1279 domum.
1959 1223 2279 1291 sanguinem

707 1299 1148 1368 celeberrimum,
1183 1319 1296 1359 rem
1326 1306 1661 1375 opulentam,
1697 1310 1997 1365 industrios
2021 1310 2277 1378 famulos,

708 1390 1003 1460 stipatores
1049 1394 1333 1449 dominum
1382 1408 1662 1464 amantes,
1704 1400 1818 1456 haec
1859 1412 1913 1456 et
1946 1402 2067 1467 illa;
2114 1404 2280 1457 simul

708 1482 893 1537 omnia
927 1502 941 1538 :
971 1500 1039 1539 ne
1066 1488 1272 1541 minuta
1312 1504 1545 1559 quaeque
1583 1492 1899 1561 singillatim
1934 1504 2289 1573 consectetur

708 1574 926 1627 oratio:
956 1575 1156 1632 dehinc
1200 1579 1269 1633 ab
1315 1582 1518 1636 exteris
1560 1582 1673 1637 oris
1727 1585 1951 1637 domum
2003 1601 2277 1649 reversus,

706 1678 850 1721 onus
894 1670 1291 1736 miserandum,
1344 1673 1718 1731 lamentabilis
1757 1693 2025 1732 occursus
2072 1687 2127 1733 et
2157 1681 2277 1735 urbi

707 1757 888 1828 regia,
944 1768 999 1813 et
1053 1761 1244 1817 domui
1311 1767 1749 1833 spectatissimus.
1810 1766 1855 1822 0
1913 1770 2276 1825 calamitatem

706 1843 1093 1903 immodicam!
1127 1849 1499 1920 lugetnueriut
1540 1856 1685 1908 muri
1722 1855 1821 1925 ipsi
1865 1859 2038 1922 urbis,
2090 1873 2159 1914 ne
2195 1860 2277 1914 di-
2307 1855 2352 1911 Β

703 1950 827 1990 cam
862 1938 1139 2009 principes
1171 1950 1225 1995 et
1262 1944 1522 2013 aequales.
1555 1945 1924 2015 lugemuerint
1955 1960 2008 2003 et
2041 1950 2278 2019 impera-

704 2036 854 2083 tores
880 2030 1006 2099 ipsi,
1042 2034 1286 2101 germine
1312 2035 1487 2089 orbati
1523 2038 1708 2094 multis
1742 2041 2060 2097 nominibus
2098 2043 2279 2097 admi-

702 2124 899 2177 rando.
962 2122 1283 2195 Lacrymata
1348 2126 1583 2185 fortasse
1648 2133 1855 2187 urbana
1916 2135 2274 2191 multitudo:

707 2225 905 2270 maesta
970 2228 1153 2272 autem
1223 2220 1420 2274 merito
1479 2221 1643 2277 fuerit
1689 2224 1943 2280 universa
2000 2229 2276 2298 cegnatio.

706 2306 863 2372 Quod
899 2307 943 2362 si
985 2308 1100 2364 haec
1136 2310 1210 2365 ita
1246 2321 1400 2375 sunt.
1433 2316 1559 2383 quis
1598 2316 1844 2371 dolorem
1878 2328 2059 2383 tuum,
2104 2334 2137 2374 ο
2176 2320 2276 2374 do-

706 2399 880 2464 mina,
934 2402 1183 2458 luctuose
1237 2406 1373 2461 satis
1418 2408 1695 2477 explicet?
1720 2410 1844 2479 quis
1891 2420 1945 2465 et
1986 2413 2281 2485 conjugis?

706 2491 831 2559 quis
863 2502 917 2546 et
962 2494 1210 2548 sororis?
1234 2496 1360 2564 quis
1395 2504 1449 2550 et
1496 2498 1964 2554 domesticorum?
1992 2499 2102 2557 Nec
2146 2503 2280 2571 ipsa:

706 2582 992 2640 ﬂuminum
1036 2587 1370 2655 proﬂuentes
1413 2606 1568 2661 aqua:
1600 2592 1653 2645 in
1702 2593 1973 2664 lacrymas
2002 2611 2280 2652 conversa!

703 2676 862 2730 vobis
921 2678 987 2731 ad
1033 2680 1269 2735 lamenta
1322 2682 1650 2738 sullicerent.
1706 2686 1845 2751 Quid
1902 2690 2042 2742 aer?
2092 2704 2276 2743 annon

703 2768 883 2823 oculis
915 2771 1109 2825 vestris
1164 2782 1408 2828 mutatus
1453 2776 1577 2830 est?
1623 2779 1703 2831 sol
1746 2793 1925 2849 neque
1970 2792 2127 2838 ortus
2170 2792 2277 2849 est,

704 2858 821 2914 sole
856 2860 1053 2916 domus
1099 2865 1340 2918 amisso?
1370 2862 1495 2919 Haec
1525 2876 1692 2932 atque
1724 2868 1808 2922 his
1848 2870 2048 2923 similia
2086 2886 2281 2941 sugge-

704 2950 777 3004 rit
804 2950 963 3004 dolor
988 2953 1053 3005 ad
1088 2953 1404 3023 lugendum.
1439 2954 1544 3010 Sed
1569 2956 1698 3025 quia
1730 2958 2019 3012 mulierem
2042 2959 2281 3029 alloqui-

704 3058 831 3097 tnur
863 3053 915 3097 et
941 3044 1143 3099 divinis
1164 3045 1295 3100 olim
1326 3049 1617 3111 eruditam,
1645 3061 1699 3104 et
1720 3065 1843 3119 quae
1873 3065 2036 3105 omne
2060 3051 2280 3108 virtutis

704 3146 1087 3205 argumentum
1131 3139 1185 3190 in
1228 3154 1327 3194 sua
1360 3140 1534 3209 ipsius
1572 3142 1682 3195 vita
1711 3143 1953 3207 exhibet,
1987 3145 2131 3200 sicut
2159 3161 2277 3200 om-

704 3227 857 3281 nium
888 3243 1054 3298 prope
1085 3244 1245 3285 aures
1278 3234 1534 3301 oculique
1563 3244 1868 3301 testantur;
1901 3236 2277 3294 admonitione

704 3323 878 3377 multa
927 3336 1034 3375 non
1095 3334 1180 3376 est
1223 3339 1383 3391 opus,
1424 3341 1547 3378 cum
1598 3328 1745 3379 doiiii
1788 3328 1983 3383 habeat
2037 3331 2278 3384 medica-

706 3425 886 3467 menta
919 3415 1337 3470 consolationis.
1374 3414 1573 3470 Multos
1606 3419 1824 3470 codices
1853 3434 2041 3471 sacros
2071 3420 2123 3472 in
2161 3435 2281 3474 ma-

707 3520 813 3559 nus
867 3508 1152 3576 sumpsisti
1200 3508 1417 3562 :multa
1465 3494 1687 3562 Patrum
1736 3511 1937 3578 scripta
1982 3512 2233 3565 evolvisti
2261 3551 2278 3577 ,

706 3606 869 3655 nocte
902 3600 1098 3667 dieque
1129 3615 1329 3655 vacans
1370 3601 1733 3663 orationibus,
1778 3602 1831 3654 in
1868 3602 2124 3670 precibus
2155 3618 2282 3670 per-

706 3703 962 3755 noctans,
995 3691 1096 3745 hoc
1134 3703 1237 3756 est,
1271 3694 1325 3746 in
1366 3695 1653 3747 nocturnis
1691 3695 2015 3764 diurnisque
2047 3696 2285 3764 psalmo-

707 3800 830 3839 rum
904 3786 1346 3855 hymnorumque
1403 3787 1889 3842 modulationibus.
1953 3786 2031 3841 Ex
2082 3789 2281 3857 quibus

706 3887 762 3932 et
793 3878 1159 3943 continentia,
1192 3887 1246 3932 et
1276 3878 1489 3932 attritio
1518 3878 1801 3947 corporis?
1830 3880 2127 3935 liberalitas
2153 3896 2280 3950 erga

708 3986 997 4040 pauperes.
1042 3985 1171 4040 erga
1211 3971 1526 4025 sacerdotes
1558 3982 1611 4025 et
1650 3974 1950 4027 monachos
1978 3974 2280 4027 observan-

707 4063 804 4125 tia,
832 4073 885 4117 ct
909 4063 1171 4133 quidquid
1207 4064 1259 4117 in
1299 4064 1423 4119 aliis
1456 4065 1674 4133 pietatis
1704 4065 1994 4134 generibus
2026 4065 2281 4119 laudatur

706 4163 763 4209 et
795 4156 1028 4208 canitur.
1073 4155 1227 4209 Domi
1271 4170 1402 4224 ergo
1430 4167 1481 4210 et
1528 4172 1557 4209 a
1599 4158 1771 4227 teipsa
1815 4166 1899 4210 sat
1928 4156 2095 4213 habes
2138 4159 2282 4213 unde

708 4246 905 4301 animae
944 4261 1208 4315 suggeras
1242 4262 1365 4316 qua:
1415 4248 1766 4302 conveniant.
1805 4246 1909 4301 Sed
1946 4257 1999 4302 et
2039 4264 2277 4318 sponsa',

2391 598 2553 667 μένος
2578 596 2928 669 παραμύθιον
2962 598 3131 667 μητρὶ
3159 598 3333 669 αίσίᾳ.
3372 598 3523 670 οίκίᾳ
3553 600 3781 671 πατρῴα
3807 602 4005 671 Ipsa—

2388 705 2523 757 σμα,
2563 690 2712 757 γένει
2771 689 3242 760 ἐγκαλλώπισμα·
3304 692 3603 761 προσθείην
3651 693 3696 746 δ’
3744 694 3813 747 ἂν
3878 693 4003 748 καὶ

2389 780 2681 851 βασιλείοις
2740 783 2932 844 αὐλαῖς
2962 782 3113 849 ξένον
3155 784 3361 854 ὅραμα.
3393 778 3565 846 Οὗτος
3593 786 3651 837 ἐν
3682 784 3997 855 ἀλλοδαπῇ

2386 872 2456 925 τὰ
2480 871 2744 941 βασιλέως
2772 873 3168 943 διοικούμενος.
3220 874 3439 944 ἀπέπτη
3465 890 3482 907 ’
3514 875 3838 930 καταλιπὼν
3871 878 3999 947 μὲν

2384 963 2485 1033 τὴν
2514 963 2835 1035 περιϐόητον
2867 966 3102 1035 μητέρα.
3125 965 3507 1019 συναπολιπὼν
3531 966 3588 1019 δέ
3615 968 3710 1019 καὶ
3731 968 3837 1035 τὴν
3870 985 4000 1020 περ

2387 1056 2594 1126 ρίδοξον
2622 1056 2890 1124 ὁμόζυγα.
2926 1060 3023 1110 σὺν
3070 1058 3318 1125 εὑγενέσι
3366 1059 3658 1125 νεογόνοις,
3690 1060 3787 1111 καὶ
3820 1060 3990 1129 λαμ.-

2385 1147 2533 1217 πρὰν
2575 1147 2778 1214 ἑστίαν,
2812 1148 2874 1201 τὸ
2898 1149 3333 1220 πολυθρύλλητον
3358 1146 3522 1220 αἷμα,
3552 1151 3615 1204 τὸ
3642 1150 3996 1213 πολυούσιρν

2384 1240 2591 1307 κτῆμα,
2619 1241 2746 1302 τοὺς
2790 1238 3001 1304 δεξιοὺς
3036 1242 3341 1310 ὑπηρέτας,
3389 1245 3517 1305 τοὺς
3547 1242 3995 1312 φιλοδεσπότους

2383 1330 2763 1399 παραστάτας,
2792 1331 2967 1385 ταῦτα
3001 1334 3251 1396 κάκεῖνα,
3286 1332 3423 1403 ὁμοῦ
3449 1333 3519 1387 τὰ
3560 1334 3758 1389 πάντα.
3791 1334 3879 1398 ὡς
3906 1336 3991 1389 ἂν

2385 1421 2461 1493 μὴ
2526 1424 3055 1493 κατακερματίζοιεν
3086 1423 3145 1476 ἓν
3168 1424 3399 1478 ἕκαστον
3431 1428 3460 1479 ό
3483 1425 3671 1493 λόγος’
3708 1423 3835 1479 εἶτα
3867 1428 3989 1479 ἐπι

2380 1513 2621 1568 ανελθὼν
2652 1516 2717 1568 ἐκ
2739 1515 2839 1585 τῆς
2877 1514 3031 1587 ξένης
3053 1516 3258 1579 οἴκαδε,
3302 1516 3498 1587 φόρτος
3547 1516 3796 1583 ἐλεεινὸς,
3833 1534 3992 1570 σκυ-

2382 1604 2597 1675 θρωπὸν
2635 1608 2933 1677 ἀπάντημα
3002 1608 3097 1662 καὶ
3154 1606 3399 1676 βασιλίδι
3454 1608 3630 1674 πόλει,
3690 1610 3787 1663 καὶ
3842 1608 3990 1672 ἀξι-

2379 1698 2601 1769 αγὰστῳ
2652 1700 2825 1770 ἑστία.
2855 1702 2919 1752 Ἦ
2969 1700 3071 1769 τῆς
3132 1699 3577 1770 ὑπερϐαλλούσης
3633 1702 3978 1768 συμφορᾶςί

2381 1790 2658 1853 Στενάξειε
2684 1792 2727 1845 δ’
2758 1791 2823 1845 ἂν
2881 1793 2977 1847 καὶ
3006 1792 3145 1847 αὐτὰ
3177 1793 3245 1846 τὰ
3273 1792 3429 1863 τείχη
3472 1793 3573 1860 τῆς
3613 1792 3841 1855 πόλεως,
3893 1794 3980 1863 μὴ

2380 1883 2461 1935 ὅτι
2490 1883 2747 1953 ἄρχοντες
2775 1885 2867 1936 καὶ
2883 1884 3164 1955 ὁμήλικες,
3194 1883 3511 1949 στενάξειαν
3533 1884 3578 1937 δ’
3601 1886 3668 1939 ἂν
3692 1887 3783 1938 καὶ
3802 1886 3985 1938 αὐτοὶ

2378 1976 2429 2028 οἱ
2471 1974 2891 2043 αὐτοκράτορες,
2952 1974 3393 2056 ἀποϐεϐληκότες
3418 1975 3571 2045 ἔρνος
3601 1974 3981 2040 πολυθαύμα-

2382 2084 2524 2121 στον.
2547 2064 2727 2135 Δακρύ
2738 2081 2845 2117 σειε
2868 2065 3005 2134 τάχα
3025 2066 3118 2117 καὶ
3137 2067 3165 2117 ὁ
3190 2066 3468 2129 ἐπιπόλιος
3489 2067 3673 2138 ὅμιλος
3689 2081 3704 2095 ·
3736 2067 3983 2119 ἐπιστυ-

2378 2159 2571 2229 γνάσει
2601 2157 2683 2230 ,δὲ
2734 2156 2960 2220 εἰκότως
2999 2160 3094 2210 καὶ
3145 2158 3256 2210 πᾶν
3285 2158 3345 2209 τὸ
3395 2159 3573 2225 γένος.
3613 2157 3674 2209 El
3700 2158 3755 2210 δὲ
3785 2156 3983 2210 ταῦτα

2378 2250 2573 2314 οὕτως.
2603 2251 2687 2314 τίς
2713 2250 2774 2303 τὸ
2805 2252 2899 2303 ἐπὶ
2927 2250 3010 2303 σοὶ
3042 2248 3214 2313 πάθος
3244 2249 3733 2319 ἐκτραγῳδήσειεν,
3766 2243 3811 2302 ὦ
3876 2249 3981 2301 δέ-

2382 2359 2609 2408 σποινα;
2644 2342 2726 2406 τίς
2753 2342 2809 2395 δὲ
2830 2342 2891 2395 τδ
2922 2346 3021 2413 τῆς
3046 2341 3348 2413 ὀμοζύγου;
3384 2340 3466 2403 τίς
3496 2340 3554 2393 δὲ
3581 2340 3641 2392 τὸ
3668 2340 3766 2408 τῆς
3802 2340 3982 2393 ἀδελ-

2381 2432 2528 2503 φῆςς
2589 2432 2674 2495 τίς
2702 2432 2757 2486 δὲ
2784 2434 2846 2486 τὸ
2878 2433 2987 2485 τῶν
3015 2432 3245 2486 οἰκετῶν
3273 2448 3289 2499 ;
3340 2431 3450 2485 οὐδ’
3474 2430 3537 2483 ἂν
3561 2430 3668 2482 τῶν
3697 2430 3983 2500 ποταμῶν

2378 2526 2449 2578 τὰ
2481 2524 2730 2594 ῥεύματα
2764 2527 2844 2588 εἰς
2869 2525 3105 2595 δάκρυον
3131 2523 3576 2595 μεταποιούμενα
3608 2522 3983 2591 ἐξαρκέσειεν

2381 2614 2510 2684 ὑμῖν
2550 2615 2937 2687 ὑπηρετεῖσθαι
2984 2616 3062 2685 τῷ
3089 2615 3295 2687 θρήνῳ.
3331 2615 3473 2667 Tm
3514 2616 3543 2667 ὁ
3568 2614 3707 2683 ἀήρ;
3734 2612 3832 2665 οὐκ
3866 2613 3983 2681 ἡλ-

2379 2709 2603 2762 λοίωται
2639 2710 2752 2772 τοῖς
2788 2707 3086 2777 ὀφθαλμοῖς
3116 2707 3270 2779 ὑμῶν
3302 2702 3451 2778 ἄρας
3486 2706 3581 2759 καὶ
3612 2710 3640 2760 ὁ
3674 2707 3823 2777 ἥλιος
3860 2706 3982 2759 οὐκ

2381 2798 2784 2864 ἁνατεταλκὼς,
2834 2799 2926 2853 τὸν
2970 2800 3069 2868 τῆς
3123 2798 3305 2861 ἑστίας
3348 2800 3502 2869 ἥλιον
3558 2796 3979 2863 ἀπολωλεκώςς

2382 2891 2634 2946 Τοσαῦτα
2659 2893 2754 2945 καὶ
2778 2892 2877 2944 ὅσα
2912 2890 3123 2954 τούτοις
3151 2889 3421 2962 ἐφάμιλλα
3449 2890 3742 2944 ὑποϐάλλει
3765 2888 3825 2940 τὸ
3850 2890 3984 2942 πά-

2383 2986 2474 3050 θος
2502 2983 2897 3056 ἀποδύρασθαι.
2946 2983 3088 3037 Ἀλλ’
3120 2983 3308 3053 ἐπειδὴ
3336 2982 3473 3054 πρὸς
3501 2984 3731 3047 γυναῖκα
3768 2981 3916 3051 ἡμῖν
3948 2983 3982 3034 ὁ

2381 3078 2541 3147 λόγος
2568 3077 2734 3132 πάλαι
2780 3075 2849 3129 τὰ
2876 3076 2993 3129 θεῖα
3045 3074 3506 3146 πεπαιδευμένην,
3538 3074 3633 3127 καὶ
3671 3074 3799 3143 ὃλην
3822 3073 3982 3126 ὑπό-

2302 3205 2345 3264 c
2386 3171 2536 3225 θεσιν
2576 3171 2779 3240 ἀρετῆς
2809 3167 2899 3222 τὸν
2956 3168 3154 3236 ἑαυτῆς
3194 3166 3307 3237 βίον
3359 3164 3845 3219 ύποδεικνύουσαν’
3883 3164 3981 3228 ὡς

2385 3264 2652 3334 μαρτυρεῖ
2668 3260 2854 3331 σχεδὸν
2876 3261 3025 3313 πᾶσα
3045 3258 3183 3329 ἀκοὴ
3205 3258 3298 3311 καὶ
3316 3257 3437 3326 Mt;
3454 3275 3467 3287 -
3492 3258 3551 3310 ού
3571 3256 3772 3325 πολλῆς
3794 3257 3982 3327 χρεία

2381 3357 2775 3427 ὐπομνήσεως’
2810 3354 3021 3408 οἴκοθεν
3050 3353 3281 3423 ἔχουσαν
3313 3353 3381 3405 τὰ
3424 3354 3691 3422 φάρμακα
3717 3351 3816 3420 τῆς
3850 3368 3981 3404 πα-

2385 3448 2676 3519 ραμυθίας.
2708 3447 2916 3509 Πολλὰς
2941 3446 3093 3516 ἱερὰς
3118 3444 3338 3515 βίϐλους
3362 3445 3453 3497 ἐπὶ
3473 3448 3664 3515 χεῖρας
3694 3442 3938 3512 εἴληφας
3956 3459 3975 3474 ο

2382 3541 2552 3595 πολλὰ
2585 3540 2825 3610 πατρικὰ
2848 3539 3253 3609 ἀναγνώσματα
3294 3535 3693 3609 διεξελήλυθας.
3720 3536 3980 3607 Νύκτωρ

2379 3652 2439 3687 τε
2496 3636 2590 3686 καὶ
2645 3632 2764 3701 μεθ’
2795 3631 3008 3701 ἡμέραν
3040 3631 3378 3701 σχολάζουσα
3420 3632 3541 3691 ταῖς
3598 3631 3976 3699 προσευχαῖς.

2381 3728 2501 3787 ταῖς
2531 3725 2781 3794 δεήσεσιν
2812 3722 3149 3791 ἐπιμένουσα
3206 3724 3330 3783 ταῖς
3384 3721 3697 3789 παννύχοις,
3728 3719 3828 3771 εἴτ’
3860 3716 3977 3772 οὖν

2381 3817 2720 3887 νυκτεριναῖς
2746 3813 2843 3867 καὶ
2866 3814 3150 3884 ἡμεριναῇ
3176 3814 3519 3884 ψαλμῳδίαις
3551 3829 3609 3865 τε
3666 3813 3761 3864 καὶ
3826 3811 3978 3879 ὑμν-

2380 3907 2585 3976 ῳδίαις.
2635 3906 2751 3973 Ἀφ’
2772 3898 2845 3957 ὧν
2869 3904 2963 3955 καὶ
2988 3903 3048 3955 τὸ
3080 3902 3362 3973 ἐγκρατὲς,
3396 3904 3490 3954 καὶ
3528 3902 3589 3953 τὸ
3616 3901 3978 3953 ύπωπιαστι-

2383 3999 2478 4050 κὸν
2517 3998 2609 4051 τού
2641 3999 2891 4068 σώματός
2912 4014 2926 4028 ·
2977 3997 3038 4049 τὸ
3066 3996 3202 4063 πρὸς
3246 3997 3370 4056 τοὺς
3404 3994 3601 4056 ἐνδεεῖς
3628 3992 3973 4053 ἐπιδοτικὺν,

2384 4087 2547 4155 lapsi;
2594 4103 2653 4139 τε
2678 4087 2772 4139 καὶ
2810 4085 3083 4156 μοναστάς
3134 4082 3552 4153 θεραπευτικόν·
3592 4081 3655 4132 τὸ
3703 4081 3796 4131 ἐπὶ
3828 4079 3976 4131 πολ-

2379 4176 2490 4238 λοῖς
2516 4174 2609 4229 οὖν
2653 4174 2835 4238 ἄλλοις
2898 4174 3185 4236 εὐσεϐείας
3236 4172 3460 4241 τρόποις
3506 4168 3844 4239 ὑμνούμενόν
3899 4186 3975 4221 τε

2383 4268 2474 4320 καὶ
2526 4266 2803 4337 ᾀδόμενον.
2845 4265 3072 4318 Οῐκοθεν
3099 4259 3393 4331 τοιγαροῦν
3432 4259 3527 4311 καὶ
3578 4257 3706 4328 παρ’
3754 4258 3977 4326 ἑαυτῆς

707 4346 762 4393 et
807 4338 961 4399 ﬁliae,
1013 4348 1067 4391 et
1113 4339 1207 4391 toti
1256 4339 1680 4394 Ahrahamitica:
1734 4342 1950 4407 domui,
2017 4352 2277 4413 tanquam

2382 4358 2581 4421 ἱκανῶς
2630 4357 2772 4427 ἔχεις
2818 4358 3019 4427 ἐπᾷσαι
3046 4358 3113 4425 τῇ
3145 4355 3290 4424 ψυχῇ
3347 4353 3417 4405 τὰ
3442 4350 3651 4405 εἰκότα.
3694 4350 3768 4402 Οὐ
3825 4349 3972 4418 μὴν,

705 4433 1015 4485 communis
1058 4431 1344 4500 magistra,
1380 4441 1434 4485 et
1468 4432 1685 4486 virtutis
1723 4435 2023 4504 exemplar,
2074 4445 2127 4488 et
2157 4452 2279 4504 qua:

2380 4450 2511 4504 ἀλλὰ
2558 4450 2650 4503 καὶ
2690 4453 2755 4519 τῇ
2784 4449 2993 4519 νύμφῃ,
3053 4449 3147 4501 καὶ
3297 4446 3549 4515 θυγατρὶ,
3581 4443 3676 4495 καὶ
3705 4442 3853 4511 πασῃ
3888 4446 3970 4513 τῇ

702 4522 1031 4592 jampridem
1062 4522 1371 4577 divinorum
1395 4524 1737 4593 eloquiorum
1767 4526 2059 4580 thesauros
2084 4527 2276 4579 condi-

2384 4542 2752 4612 Ἀὗρααμιαίᾳ
2776 4540 2929 4611 ἑστίᾳ
2950 4556 2962 4568 ’
2987 4540 3062 4602 ὼς
3088 4540 3263 4601 κοινὸς
3285 4536 3626 4598 διδασκαλος,
3651 4533 3725 4593 ὡς
3754 4532 3972 4600 ἀρετῆς

706 4616 867 4680 disti;
903 4625 1055 4682 potes
1088 4623 1139 4668 et
1184 4616 1235 4667 in
1266 4624 1509 4685 tempore
1540 4617 1702 4669 tritici
1747 4632 2058 4669 mensuram
2092 4616 2280 4671 distri-

706 4705 876 4761 buere
898 4707 963 4761 ³⁸.
1017 4706 1363 4770 Memineris,
1432 4722 1464 4759 o
1520 4723 1781 4777 generosa
1847 4717 1900 4761 et
1960 4709 2278 4762 admiranda

708 4798 850 4854 inter
878 4799 1157 4863 mulieres,
1191 4816 1289 4855 nec
1315 4816 1517 4855 novum
1552 4817 1650 4855 nec
1687 4813 1883 4870 praeter
1912 4804 2280 4872 exspectatio-

706 4907 832 4947 nem
888 4892 1141 4947 evenisse
1182 4896 1327 4961 quod
1372 4895 1591 4948 accidit.
1641 4894 2025 4965 Contemplare
2086 4911 2279 4950 omnes

704 4976 801 5054 qui
831 4983 899 5037 ab
935 4984 1106 5037 Adam
1152 4984 1377 5039 fuerunt
1416 4986 1481 5038 nd
1528 4988 1673 5041 hunc
1708 5004 1882 5057 usque
1916 4989 2081 5054 diem,
2116 4998 2170 5042 et
2220 4991 2276 5041 in

705 5074 975 5147 profunda
1036 5076 1128 5129 Dei
1180 5077 1387 5146 judicia
1441 5079 1759 5149 ingredere;
1819 5095 1882 5133 ac
1934 5082 2093 5142 vidc,
2150 5082 2275 5151 quia

705 5168 858 5220 Immo
904 5168 1040 5222 velut
1087 5170 1266 5239 fenum
1296 5186 1314 5223 :
1344 5171 1452 5225 dies
1487 5172 1600 5237 ejus
1644 5173 1779 5225 velut
1815 5173 2013 5227 umbrw
2057 5185 2275 5242 prmer-

705 5259 919 5314 eunt“.
964 5258 1235 5324 Quoniam
1286 5261 1452 5329 igitur
1504 5265 1820 5331 progenitor
1867 5267 2115 5319 mortalis
2181 5282 2277 5336 per

704 5363 1009 5421 peccatum,
1045 5353 1304 5407 mortales
1341 5364 1395 5406 et
1436 5357 1636 5423 posteri
1699 5356 1929 5411 invicem
1977 5361 2276 5414 succeden—

704 5449 808 5495 tes.
848 5438 1047 5494 Verum
1086 5455 1154 5495 ex
1205 5457 1315 5511 quo
1362 5441 1638 5507 Christus,
1684 5462 1832 5501 mors
1884 5464 1988 5500 non
2037 5452 2271 5516 amplius

704 5546 857 5587 mors
900 5542 1006 5596 est,
1058 5533 1154 5587 sed
1205 5534 1533 5591 immortalis
1580 5541 2014 5608 regenerationis
2067 5543 2276 5610 princi-

706 5624 879 5693 pium.
910 5622 1119 5678 Pietate
1163 5625 1435 5697 insignem
1468 5628 1663 5696 lilium,
1707 5640 1761 5685 et
1792 5633 2183 5703 ortliodoxum,
2222 5642 2276 5688 et

777 5800 821 5830 ³⁸
852 5800 981 5854 Luc.
1017 5818 1111 5866 an,
1140 5801 1227 5856 ιε.
1308 5802 1347 5833 ⁸⁸
1375 5800 1519 5858 Psal.
1545 5819 1640 5868 cn,
1677 5804 1757 5859 l5.

2382 4633 2707 4701 ὑπόδειγμα.
2738 4632 2813 4694 ὡς
2840 4629 3078 4683 ἔκπαλαι
3108 4632 3174 4682 τὰ
3199 4630 3321 4681 θεῖα
3347 4628 3502 4695 λόγια
3549 4625 3967 4694 θησαυρίσασα,

2380 4724 2475 4776 καὶ
2510 4724 2566 4772 ἑν
2597 4722 2772 4791 καιρῷ
2795 4721 2854 4772 τὸ
2887 4719 3231 4789 σιτομέτριον
3258 4718 3474 4787 ἑκάστῳ
3496 4717 3774 4785 διανέμειν
3805 4716 3971 4783 ἔχου-

2382 4832 2469 4867 σα.
2514 4813 2935 4882 Ἀναμνήσοητι,
2968 4810 3013 4863 ὦ
3046 4810 3264 4879 γενναία
3322 4810 3412 4861 καὶ
3443 4810 3733 4877 θαυμαστὴ
3757 4808 3813 4857 ἐν
3862 4823 3972 4871 γυ-

2380 4906 2571 4971 ναιξὶν,
2598 4904 2670 4967 ὡς
2701 4906 2853 4958 οὐδὲν
2889 4902 3037 4969 ξένον
3072 4904 3164 4955 καὶ
3196 4903 3304 4953 τῶν
3334 4905 3463 4971 παρ’
3489 4902 3680 4953 ἐλπίδα
3727 4901 3785 4951 τὸ
3817 4915 3968 4965 συμ-

2380 4998 2635 5069 ϐεϐηκός.
2668 4976 3076 5067 ’Λναθεώρησον
3122 4995 3249 5056 τοὺς
3279 4995 3387 5049 ἀπὸ
3424 4995 3595 5063 Ἀδὰμ
3658 4995 3823 5062 μζχρι
3856 4991 3963 5060 τῆς

2381 5096 2650 5161 σήμερον*
2684 5091 2776 5142 καὶ
2816 5089 3059 5159 χώρησον
3092 5092 3170 5151 εἰς
3192 5088 3258 5139 τὰ
3296 5087 3390 5138 τοῦ
3439 5086 3573 5138 Θεοῦ
3618 5085 3787 5155 βαθέα
3833 5085 3963 5153 κρί-

2381 5202 2525 5254 ματα
2550 5198 2565 5213 ⁸
2586 5184 2677 5234 καὶ
2700 5181 2793 5239 ἴδε.
2811 5182 2890 5232 ὅτι
2908 5182 3216 5246 ἅνθρωπος
3232 5179 3377 5232 ὡσεὶ
3398 5180 3609 5247 χόρτος
3624 5195 3638 5209 ⁸
3659 5180 3717 5231 αἱ
3742 5177 3958 5246 ἡμέραι

2377 5273 2562 5327 αὐτοῦ
2601 5272 2747 5325 ὡσεὶ
2776 5270 2942 5323 σκιαὶ
2978 5270 3372 5338 παράγουσιν.
3393 5270 3548 5322 Ἐπεὶ
3565 5264 3657 5321 οὖν
3690 5271 3717 5321 ὁ
3740 5268 3960 5335 προπά-

2377 5383 2490 5435 τωρ
2520 5364 2709 5435 Θνητὸς
2739 5362 2826 5415 διὰ
2876 5362 3171 5431 ἁμαρτίαν,
3199 5360 3390 5430 θνητὸς
3421 5360 3517 5412 καὶ
3545 5362 3573 5411 ὁ
3604 5360 3759 5426 γόνος
3782 5358 3956 5427 ἀλλη-

2376 5463 2583 5533 λούχως
2617 5464 2712 5514 lt‘ov
2741 5459 2903 5529 μέχρι
2928 5457 3024 5510 τοῦ
3054 5457 3235 5527 δεῦρο.
3271 5455 3414 5508 Ἀλλ’
3454 5456 3603 5525 ὅμως
3640 5454 3721 5505 ὅτι
3744 5453 3836 5520 ἀφ’
3886 5445 3953 5505 οὗ

2376 5552 2633 5622 Χριστὸς,
2659 5551 2842 5603 ούκὲτι
2873 5548 3123 5610 θάνατος,
3163 5547 3192 5599 ὁ
3225 5545 3477 5609 θάνατος,
3508 5544 3623 5597 ἀλλ’
3652 5544 3797 5613 ἀρχὴ
3850 5559 3957 5593 πα-

2376 5642 2716 5713 λιγγενεσίας
2744 5640 3035 5696 ἀθανάτου.
3062 5638 3271 5711 Εὐσεϐῆ
3304 5638 3493 5705 παῖδα,
3525 5638 3619 5691 καὶ
3651 5635 3952 5707 ὁρθόδοξον,
