4184 6518
272 415 405 476 1577

1454 407 1992 470 EPISTOLARUM
2022 411 2170 468 LIB.
2209 410 2236 466 Ι
2249 411 2266 465 l
2280 452 2294 466 .

3326 469 3340 483 ,
3375 405 3510 466 15⁵18

264 529 628 596 φιλομόναχὸν
646 543 704 578 τε
737 527 830 579 καὶ
863 526 1161 595 φιλάγαθον
1182 568 1198 592 ,
1235 528 1330 580 καὶ
1358 528 1717 596 γεγέννηκας,
1745 526 1836 578 καὶ

1946 502 2336 579 monachorum
2376 530 2675 581 amantem,
2719 530 2772 572 ct
2806 519 2932 573 boni
2965 517 3296 580 studiosum,
3338 530 3392 572 et
3421 535 3513 588 ge-

281 620 666 690 προύπεμψας.
704 619 889 672 Ἔστω
926 636 1006 672 σοι
1034 619 1356 689 παραμυθία
1403 619 1686 687 αὐτάρκης
1746 617 1840 670 καὶ

263 707 624 779 εὐχαριστίας
670 708 945 771 ὑπόθεσις.
987 710 1095 763 Καὶ
1150 709 1578 780 παρακαλοῦμέν
1632 725 1692 761 σε
1741 708 1840 777 τὴν

265 797 711 868 θεοπαράκλητον
739 798 832 852 καὶ
873 798 1204 851 πανσύνετον
1226 816 1238 829 ⁸
1281 799 1461 867 γενοῦ,
1493 799 1568 862 ὼς
1599 800 1655 851 ὲν
1706 799 1840 851 πᾶσι

264 891 381 950 τοῖς
439 887 641 952 ἀλλοις,
694 888 970 942 κάνταῦθα
1038 889 1442 960 μεγαλοψυχίας
1506 889 1838 960 ὑπόδειγμα·

265 980 431 1033 καλὸν
461 981 710 1048 ἐντάφιον
745 982 841 1034 xui.
873 981 951 1052 τῷ
1002 982 1264 1050 παγκάλῳ
1295 981 1417 1052 υἱῷ,
1463 982 1537 1046 ὡς
1567 983 1660 1036 καὶ
1688 984 1841 1054 ψυχι-

265 1069 381 1132 κῶς
414 1069 731 1142 ίμειρομένη
789 1071 856 1124 τὰ
904 1071 1053 1141 αὐτῷ
1103 1072 1499 1136 ὲπιόάλλοντα,
1534 1073 1840 1142 ἀπόμοιραν

265 1158 390 1228 Θεῷ
413 1160 737 1214 εἰσοίσουτα.
760 1161 912 1231 Τάχα
925 1163 1035 1232 γὰρ
1053 1161 1142 1214 διὰ
1163 1162 1322 1215 τοῦτο
1339 1162 1470 1225 Θεός
1498 1180 1560 1215 σε
1582 1162 1841 1232 ἐταμιεύο

267 1267 402 1304 σατο
439 1249 546 1305 τῶν
576 1252 957 1322 προλαϐόντων
986 1253 1250 1324 ὑστάτην,
1286 1254 1371 1307 ῐνα
1401 1254 1580 1307 πάντα
1610 1255 1842 1324 θεοπρε-

267 1341 388 1414 πῶς
420 1342 734 1414 διαθεμένη,
775 1345 1040 1408 εὐκταίως
1093 1347 1412 1417 συναπάρῃς
1443 1345 1552 1398 τῶν
1606 1346 1840 1411 ἐνθένδε,

266 1432 364 1482 καί
385 1429 802 1505 κληρονομήσῃς
833 1435 930 1486 σὺν
957 1435 1140 1498 αὐτοῖς
1189 1434 1335 1504 ζωὴν
1387 1432 1626 1489 αἰώνιον.
1658 1436 1842 1489 Ταῦτα

266 1521 365 1574 καὶ
414 1525 442 1575 ὁ
470 1523 696 1592 ἀδελφὸς
747 1525 902 1595 ἡμῶν
950 1527 978 1578 ό
1028 1525 1442 1596 θεοφιλέστατος
1489 1527 1843 1598 ἀρχιεπίσκο-

266 1628 371 1674 πος
431 1615 917 1685 συμφθεγγόμενός
959 1617 1076 1669 ἐστι
1104 1655 1122 1682 ,
1174 1617 1616 1689 πολυτιμιωτάτη
1678 1619 1843 1690 κυρία

268 1719 400 1772 μου.

375 1840 522 1895 ΡΙΙΘί
545 1840 1158 1912 (85).-Παντολέοντι
1187 1843 1500 1913 λογοθέτῃ.
1526 1843 1718 1916 [ψξακ]

1946 617 2138 682 nnisti,
2165 625 2220 670 et
2250 605 2582 685 praemisisti.
2613 612 2696 666 Sit
2728 611 2821 666 tibi
2861 610 3167 678 consolatio
3208 610 3425 672 idonea,
3459 619 3514 663 et

1918 709 2242 779 gratiarum
2285 708 2618 778 agendarum
2654 713 3058 775 argumentum.
3097 700 3292 770 Utique
3327 701 3512 755 horta‘

1945 811 2161 864 murte,
2196 800 2320 854 licet
2347 797 2584 852 divinius
2621 797 2900 849 incitatam
2941 803 2998 847 et
3052 793 3375 862 prudentem
3408 806 3513 845 un-

1941 890 2232 960 dequaque
2266 910 2278 944 :
2306 901 2446 955 esto,
2488 885 2958 958 quemadmodum
2992 885 3042 938 in
3086 883 3298 938 caeteris
3333 883 3515 937 omni-

1943 982 2067 1046 bus,
2098 983 2190 1037 hic
2222 983 2387 1036 etiam
2417 981 2598 1051 magni
2631 979 2798 1033 animi
2833 977 3146 1046 exemplum
3179 993 3192 1029 :
3223 976 3510 1045 pulchrum

1944 1071 2111 1127 funus
2157 1073 2526 1143 pulcherrimo
2568 1072 2672 1141 ipsi
2713 1084 2932 1140 quoque
2978 1068 3110 1128 filio.
3148 1078 3406 1136 tanquam
3446 1066 3514 1121 de

1946 1163 2012 1218 iis
2039 1179 2158 1231 qua:
2184 1165 2249 1216 ad
2291 1165 2443 1217 illum
2481 1170 2750 1232 spectant,
2775 1160 2863 1229 pie
2896 1159 3149 1222 sollicita,
3181 1158 3236 1212 in
3268 1158 3359 1211 Dei
3387 1172 3486 1226 par

1944 1265 2052 1309 tem
2087 1255 2343 1308 offerens.
2368 1254 2661 1322 Propterea
2699 1254 2843 1305 enim
2885 1250 3117 1304 fortasse
3148 1250 3289 1304 Deus
3320 1258 3371 1302 te
3395 1249 3517 1302 illo»

1943 1360 2064 1399 rum
2127 1345 2221 1415 qui
2287 1351 2715 1414 praecesserunt-
2755 1342 3002 1396 ultimam
3061 1341 3395 1404 reservavit,
3458 1348 3517 1394 ut

1944 1438 2196 1492 omnibus
2224 1436 2385 1505 digne
2412 1438 2520 1492 Deo
2540 1437 2845 1507 dispositis,
2869 1435 3096 1490 feliciter
3117 1435 3241 1488 hinc
3257 1433 3513 1502 emigrcs,

1945 1538 2001 1582 et
2033 1544 2155 1582 cum
2184 1528 2316 1596 ipsis
2338 1528 2503 1581 vitam
2533 1538 2793 1582 aeternam
2827 1526 3099 1582 sortiaris.
3124 1527 3250 1582 llaec
3273 1534 3327 1578 et
3349 1523 3516 1579 frater

1946 1636 2137 1680 noster
2161 1625 2254 1680 Dei
2284 1627 2700 1680 amantissimus
2730 1626 3178 1695 archiepiscopus
3202 1639 3305 1676 una
3328 1621 3518 1676 nobis-

1946 1734 2069 1773 cum
2109 1719 2374 1788 loquitur,
2408 1719 2628 1774 domina
2683 1735 2804 1774 mea
2856 1719 3015 1789 longe
3066 1716 3514 1772 honoratissima.

2141 1846 2478 1902 CLXXXIX.
2507 1879 2575 1891 —-
2606 1847 2946 1903 Pantoleonti
2991 1847 3313 1918 Logothetw.

1277 1956 1635 2020 Deprecatoria
1659 1972 1746 2019 pro
1770 1959 2032 2009 Theodoto
2061 1959 2474 2022 Protospathario.

345 2064 532 2132 Ἰσμεν
565 2066 657 2118 καὶ
691 2064 752 2118 τὸ
809 2062 1307 2140 εὐπαρῤησίαστον
1339 2073 1638 2143 νεμεσητὸν
1659 2072 1839 2142 ὑπάρ-

266 2171 386 2225 χειν
407 2172 420 2186 ·
451 2159 893 2228 συνεπιστάμεθα
923 2163 1015 2214 καί
1066 2162 1156 2216 τὸν
1196 2165 1387 2235 καιρὸν
1415 2167 1677 2237 συστολὴν
1711 2169 1842 2238 ἡμῖν

265 2249 586 2320 ἐπιτρέπειν
605 2267 619 2282 ο
646 2249 762 2305 ἀλλ’
790 2253 939 2323 ὅμως
961 2248 1028 2307 ετὸ
1056 2256 1392 2326 ὑπερϐάλλον
1413 2260 1511 2323 τῆς
1555 2259 1839 2332 ἀμυθήτου

269 2358 369 2394 σου
392 2344 519 2413 περὶ
545 2344 691 2414 ἡμᾶς
711 2346 837 2409 τοὺς
866 2350 1157 2412 ταπεινοὺς
1192 2349 1499 2404 εὐδιάθετον
1531 2353 1842 2422 ἠνάγκασεν

268 2435 418 2504 ἡμᾶς
466 2436 863 2509 τολμηρότερον
897 2441 1202 2512 χρήσασθαι
1253 2446 1346 2496 καὶ
1371 2445 1506 2517 τῷδε
1557 2447 1634 2516 τῷ
1664 2465 1846 2520 γραμ-

272 2527 471 2597 ματίῳ.
498 2529 780 2601 Τολμηρδν
809 2531 916 2601 γάρ
944 2535 1089 2586 ἐστιν
1120 2534 1195 2598 ὡς
1223 2534 1438 2606 ἀληθῶς
1488 2539 1549 2591 οὐ
1583 2540 1744 2610 μόνον
1775 2542 1844 2595 τὰ

269 2618 396 2672 καθ’
424 2620 654 2682 ἑαυτοὺς
697 2622 1010 2693 ἀναφέρειν,
1042 2624 1178 2678 ἀλλά
1208 2627 1301 2679 καὶ
1338 2628 1480 2698 ὑπὲρ
1501 2628 1708 2700 ἑτέρων
1758 2631 1844 2683 δε-

269 2709 492 2781 δεῆσθαι
515 2727 528 2742 ο
551 2713 719 2783 ὅμως,
755 2713 830 2778 ὡς
861 2717 1096 2786 εἴρηται,
1121 2717 1182 2770 τὸ
1212 2718 1346 2772 πολὺ
1373 2737 1465 2774 σου
1489 2721 1716 2791 εὐμενὲς
1751 2725 1844 2777 καὶ

267 2804 490 2858 διπλοῦν
524 2806 764 2874 εὐσεΰὲς,
797 2809 1208 2882 παρεθάρρυνεν
1254 2814 1402 2883 ἡμᾶς
1454 2815 1745 2886 τολμῆσαι.
1779 2817 1845 2868 Τί

269 2897 364 2950 οὐν
392 2898 453 2950 τὸ
483 2899 804 2970 λεγόμενον;
835 2905 964 2975 περὶ
1011 2902 1265 2962 Θεοδότου
1312 2908 1408 2961 τοῦ
1439 2911 1844 2979 πρωτοσπαθα-

272 3007 412 3060 ριου,
447 2991 506 3055 ὃς
549 2993 696 3057 ὅπως
728 2995 874 3048 ἐστὶν
911 2998 1223 3065 ἐναγώνιος,
1288 3001 1443 3056 αἰτία
1489 3002 1585 3056 τοῦ
1638 3021 1844 3058 συναπ-

271 3083 506 3152 άραντος
529 3085 676 3156 αὐτῷ
695 3087 981 3166 οἰκονόμου
1003 3090 1103 3161 τῆς
1128 3093 1453 3164 Ἐκκλησίας
1483 3095 1542 3148 ὲν
1570 3098 1634 3167 τῇ
1659 3097 1840 3164 Δύσει,

269 3174 618 3244 διαγινώσκει
655 3179 874 3244 πάντως
922 3183 954 3249 ἠ
1003 3184 1414 3257 ἀνυπέρϐλητός
1445 3204 1539 3241 σου
1575 3188 1841 3261 ὑπεροχή.

272 3267 371 3332 Τίς
394 3267 487 3322 οὖν
515 3271 672 3334 ἄλλος
711 3273 777 3326 ἀν
809 3274 1119 3348 ὲξευρεθείη
1151 3278 1404 3349 ἀρῤωγὸς
1447 3279 1542 3332 ἐπὶ
1573 3283 1640 3353 τῇ
1689 3284 1840 3336 ἀντι·

271 3360 434 3432 λήψει
457 3362 550 3416 τοῦ
577 3360 805 3434 άνδρός;
842 3366 925 3428 τίς
948 3367 993 3420 δ’
1026 3368 1090 3421 ἂν
1137 3370 1592 3442 ὲχεφρονέστερος
1615 3373 1714 3444 τῆς
1741 3375 1840 3444 σῆς

276 3451 629 3521 μεγαλονοίας
680 3455 907 3509 συνιδεῖν
935 3457 998 3510 τὸ
1033 3457 1188 3526 δέονς
1237 3460 1320 3524 τίς
1343 3462 1400 3515 δὲ
1433 3464 1524 3516 καὶ
1553 3466 1582 3518 ὀ
1631 3466 1724 3519 ἐπὶ
1751 3465 1844 3520 τοῦ

273 3544 509 3611 κράτους
528 3545 587 3597 τὺ
611 3546 850 3614 ὑπόγυον
901 3547 1038 3617 ἔχων
1069 3549 1231 3606 πλέον
1258 3551 1359 3622 τῆς
1401 3553 1502 3624 σῆς
1534 3572 1846 3626 γνησιευτι-

273 3637 376 3708 κῆς
411 3639 844 3710 παραστάσεωςς
873 3643 971 3704 Δὸς
994 3642 1022 3695 ὃ
1045 3642 1275 3714 εἴληφας
1305 3649 1458 3714 παρὰ
1479 3648 1614 3701 Θεοῦ
1669 3650 1843 3716 ἔλεος,

271 3728 504 3782 δέσποτα
531 3730 872 3800 παμπόθητε,
912 3732 989 3801 τῷ
1022 3733 1280 3806 δεομένῳ.
1336 3737 1846 3810 Προκυλινδούμεθά

275 3840 368 3875 σου
400 3826 513 3886 τοῖς
541 3825 743 3895 τιμίοις
796 3826 967 3896 ίχνεσι
988 3842 1000 3855 ·
1037 3826 1200 3898 βουλή
1257 3846 1351 3882 σου
1379 3830 1456 3894 ὡς
1488 3831 1653 3905 βουλὴ
1679 3835 1846 3904 ἀγγέ-

272 3913 366 3966 λου
389 3931 404 3946 ο
434 3917 584 3988 φωνή
627 3934 721 3970 σου
749 3917 824 3980 ὼς
855 3916 1002 3987 βολίς
1055 3920 1448 3990 ἀστράπτουσα
1498 3928 1564 3997 τῇ
1608 3944 1665 3980 τε
1705 3927 1841 3998 λαμ·

273 4007 505 4076 πρότητι
535 4011 635 4078 τῆς
653 4010 986 4080 παρρησίας,
1020 4012 1110 4062 xui.
1137 4014 1202 4082 τῇ
1238 4016 1336 4082 τῆς
1354 4015 1578 4088 ἀγάπης
1606 4019 1841 4092 ἀγλατᾳο

272 4093 340 4170 ἦς
365 4101 416 4152 εἱ
447 4097 700 4171 ἀξιωθείη
725 4101 949 4172 μέτοχος
978 4103 1230 4171 γενέσθαι
1258 4109 1286 4158 ό
1311 4108 1502 4177 ἱκέτης
1555 4126 1672 4173 σου,
1709 4112 1846 4164 πάν·

275 4209 383 4254 τως
414 4191 478 4244 ἂν
503 4191 607 4256 ἔξω
631 4210 736 4246 που
760 4195 986 4266 γένηται
1022 4196 1129 4250 τῶν
1167 4202 1620 4270 κατηγορητικῶν
1674 4201 1846 4272 βελῶν

273 4284 368 4336 τοῦ
385 4285 762 4355 ἀντικειμένου
794 4287 963 4359 αὐτῷ,
987 4288 1062 4352 ὡς
1094 4283 1246 4354 οἶδας
1274 4291 1302 4342 6
1352 4292 1669 4362 ὑψηλόνους,
1703 4296 1845 4348 κατὰ

274 4375 561 4446 διαφόρους
585 4377 841 4446 τρόπους.
879 4380 1068 4449 Ἡμεῖς
1090 4397 1149 4433 τε
1175 4383 1224 4435 οί
1263 4388 1513 4438 ταπεινοὶ
1561 4388 1846 4457 προσοίσο-

278 4467 376 4534 μέν
407 4483 489 4520 σοι
527 4468 724 4531 πολλὰς
761 4468 860 4532 τὰς
899 4471 1244 4541 εὐχαριστίας
1284 4491 1344 4527 τε
1399 4477 1495 4529 καὶ
1537 4479 1845 4549 προσευχὰς

275 4559 416 4628 ὑπὲρ
450 4559 640 4626 ὑγείας
668 4561 993 4630 ἀμφοτέρων
1017 4563 1192 4632 ὑμῶν,
1226 4569 1323 4637 τῆς
1349 4567 1522 4638 καλῆς
1552 4570 1724 4634 ὅντως
1751 4572 1845 4624 καὶ

2020 2072 2236 2127 Scimus
2276 2073 2501 2126 nimiam
2548 2069 2803 2140 loquendi
2856 2069 3162 2124 libertatem
3210 2067 3515 2136 expositam

1944 2177 2066 2217 esse
2094 2164 2502 2234 reprehensioni
2532 2183 2546 2218 :
2580 2163 2786 2217 scimus
2807 2170 3067 2233 prazterea
3097 2171 3310 2232 tempus
3339 2161 3514 2229 ipsum

1946 2255 2255 2308 cautionem
2305 2255 2469 2309 nobis
2525 2256 2794 2324 imperare
2839 2264 3124 2307 :attamen
3181 2244 3519 2320 exsuperaits

1949 2357 2056 2400 tuae
2094 2363 2221 2417 erga
2270 2363 2370 2403 nos
2417 2347 2655 2402 humiles
2690 2346 3090 2416 inexplicabilis
3127 2343 3520 2399 benevolentiae

1945 2441 2266 2510 magnitudo
2306 2442 2485 2511 coegit
2533 2455 2634 2496 nos
2671 2441 2935 2494 audacius
2983 2439 3070 2493 his
3123 2437 3289 2492 etiam
3323 2436 3520 2490 litteris

1945 2535 2048 2590 uti.
2074 2535 2332 2591 Audacia:
2383 2536 2531 2591 enim
2568 2550 2752 2590 revera
2785 2545 2910 2598 est,‘
2936 2551 3043 2588 non
3089 2532 3265 2588 solum
3299 2535 3365 2587 de
3397 2548 3521 2602 pro-

1945 2627 2081 2696 priis
2104 2627 2269 2683 rebus
2304 2628 2423 2685 suis
2457 2627 2685 2693 referre,
2718 2626 2811 2682 sed
2849 2643 2948 2696 pro
2978 2626 3103 2680 aliis
3134 2626 3302 2680 etiam
3334 2626 3522 2694 depre-

1945 2718 2099 2772 cari:
2128 2728 2184 2773 et
2221 2728 2428 2783 tamen,
2468 2727 2528 2773 ut
2559 2718 2766 2773 dictum
2809 2729 2915 2782 est,
2963 2719 3164 2772 eximia
3206 2716 3520 2770 humanitas

1945 2820 2060 2872 tua,
2090 2819 2145 2864 et
2175 2812 2391 2880 gemina
2425 2812 2620 2881 pietas,
2665 2809 3025 2865 conﬁrmavit
3067 2824 3168 2864 nos
3229 2817 3290 2863 ut
3349 2808 3494 2863 aude

1946 2917 2152 2957 remus.
2200 2902 2342 2969 Quid
2377 2918 2508 2975 ergo
2559 2913 2645 2960 est
2677 2904 2821 2974 quod
2874 2903 3187 2974 loquimur?
3227 2903 3299 2958 De
3337 2901 3519 2957 Theo-

1944 2994 2076 3049 doto
2116 2993 2582 3066 Protospatbario,
2628 2997 2724 3065 qui
2762 3011 2874 3066 quo
2923 3004 3082 3064 pacto
3121 2995 3174 3049 in
3204 2994 3522 3050 discrimine

1944 3095 2212 3150 versetur,
2264 3095 2486 3156 propter
2526 3100 2877 3142 (economum
2917 3084 3196 3150 Ecclesiae,
3238 3085 3368 3155 quia
3413 3101 3521 3140 una

1947 3193 2072 3233 cum
2116 3178 2237 3248 ipso
2283 3177 2560 3246 navigavit
2596 3177 2652 3231 in
2687 3175 3064 3240 Occidentem,
3101 3174 3253 3231 novit
3291 3190 3521 3244 prorsus

1949 3270 2400 3341 incomparabilis
2447 3271 2746 3325 eminentia
2798 3279 2914 3324 tua.
2966 3269 3104 3336 Quis
3157 3269 3324 3339 igitur
3379 3268 3522 3323 alius

1949 3363 2182 3418 inveniri
2217 3363 2435 3433 adjutor
2461 3364 2658 3434 possit,
2699 3365 2792 3434 qui
2827 3365 2928 3418 viri
2965 3378 3187 3419 causam
3220 3361 3524 3432 suscipiat?

1946 3455 2082 3522 Quis
2112 3470 2306 3527 magna
2344 3464 2435 3510 tua
2468 3465 2653 3512 mente
2686 3457 3095 3528 intelligentior,
3128 3465 3190 3512 ut
3217 3458 3347 3527 quid
3375 3455 3522 3511 facto

1945 3547 2017 3603 sit
2044 3561 2181 3616 opus
2213 3547 2543 3617 perspiciat?
2589 3547 2726 3615 Quis
2753 3539 2936 3602 autem
2969 3547 3127 3619 cujus
3171 3562 3332 3616 opera
3364 3562 3524 3617 para-

1947 3642 2055 3695 tior
2095 3651 2151 3694 et
2199 3640 2432 3695 validior
2481 3640 2554 3696 sit
2601 3657 2766 3710 quam
2824 3641 3037 3696 sincera
3089 3652 3179 3695 tua
3214 3638 3526 3710 protectio?

1947 3731 2119 3796 Quam
2164 3747 2195 3787 a
2230 3731 2341 3787 Deo
2366 3733 2624 3802 accepisti
2674 3732 3131 3798 misericordiam,
3168 3732 3393 3786 domine
3429 3730 3524 3786 dc-

1947 3825 2364 3890 sideratissinte,
2407 3825 2694 3896 impertire
2726 3825 3051 3896 postulanti.
3103 3823 3397 3880 llonoratis
3429 3840 3524 3877 ve-

1946 3920 2129 3988 stigiis
2156 3919 2266 3974 tuis
2297 3919 2644 3974 advolvimur
2673 3936 2686 3973 :
2714 3919 3011 3975 consilium
3041 3929 3195 3973 tuum
3226 3917 3368 3972 sicut
3391 3931 3527 3970 con-

1948 4011 2132 4064 silium
2179 4011 2358 4081 angeli
2391 4028 2406 4064 :
2439 4025 2544 4065 vox
2587 4021 2680 4065 tua
2716 4013 2865 4066 velut
2905 4011 3090 4082 fulgur
3118 4025 3423 4064 coruscans
3469 4017 3525 4062 et

1949 4102 2213 4156 libertatis
2261 4102 2534 4163 claritate.
2573 4112 2629 4157 et
2664 4103 2952 4173 splendore
2995 4101 3282 4158 charitatis
3318 4118 3330 4153 :
3363 4099 3524 4169 cujus

1949 4193 2220 4262 particeps
2247 4194 2294 4248 si
2334 4194 2452 4248 fieri
2482 4194 2745 4248 meruerit
2777 4194 3006 4263 supplex
3042 4203 3193 4258 tuus,
3226 4191 3523 4246 adversarii

1949 4286 2033 4342 sui
2067 4287 2440 4343 accusationis
2461 4285 2646 4356 jacula
2673 4287 2891 4356 penitus
2929 4285 3123 4341 evadet
3151 4285 3320 4340 variis
3347 4285 3527 4340 modis

1947 4381 2041 4451 qui
2094 4381 2191 4435 tibi
2228 4395 2326 4451 pro
2377 4381 2485 4435 alta
2536 4389 2720 4435 mente
2766 4389 2859 4434 tua
2898 4380 3167 4450 perspecti
3215 4388 3365 4434 sunt.
3412 4377 3524 4434 Nos

1950 4488 2074 4528 vero
2108 4473 2342 4528 humiles
2387 4472 2692 4542 gratiarum
2723 4472 2972 4526 actiones
3013 4471 3278 4542 plurimas
3327 4470 3524 4526 redde-

1950 4580 2094 4627 mus,
2147 4575 2200 4619 et
2262 4580 2454 4634 preces
2497 4569 2593 4634 pro
2650 4565 3028 4619 incolumitate
3086 4563 3375 4632 utriusque
3429 4578 3523 4616 ve-

274 4650 601 4719 άξιαγάστου
643 4653 924 4718 συζυγίας.
962 4655 1070 4708 Καὶ
1107 4657 1245 4727 τάχα
1283 4661 1422 4731 ὑπὲρ
1443 4663 1543 4732 τὴν
1585 4665 1696 4716 τῶν
1718 4665 1842 4734 χρύ-

1953 4666 2153 4715 strum,
2197 4654 2442 4722 pulchra:
2485 4653 2713 4708 omnino
2741 4663 2793 4708 et
2823 4652 3158 4708 admirandae
3188 4652 3416 4722 copulaz.
3460 4649 3527 4705 Et

274 4761 374 4796 σεα
400 4743 548 4813 δῶρα
574 4746 986 4815 προσφερόντων
1032 4749 1132 4800 οὐκ
1165 4751 1460 4820 ἀτιμοτέρα
1514 4751 1601 4823 εἴη
1649 4755 1777 4822 ὑμῖν
1809 4757 1841 4825 ή

276 4835 608 4904 θεοπάροχος
641 4837 838 4907 δωρεὰ,
874 4838 969 4890 καὶ
1011 4839 1045 4909 ἡ
1073 4839 1181 4892 ἀπὸ
1221 4840 1428 4910 Κυρίου
1462 4845 1843 4916 χορηγουμένη

275 4927 554 4996 εὐμένεια,
585 4928 664 4990 είς
693 4929 962 4998 σωτηρίαν
986 4929 1168 5000 ψυχῆς
1205 4946 1266 4982 τε
1313 4931 1448 5000 ὁμοῦ
1477 4935 1570 4986 καὶ
1597 4936 1846 5006 σώματος

276 5016 431 5088 ὑμῶν
457 5017 554 5088 τῆς
582 5017 938 5088 παμποθήτου
965 5019 1058 5072 καὶ
1088 5021 1448 5091 πανευφήμου
1473 5021 1683 5086 δυάδος.

418 5213 512 5278 PL,’
545 5213 677 5281 (84).
718 5240 786 5253 -—
825 5215 1096 5283 Θεοφάνη
1123 5217 1456 5285 μονάζοντι.
1490 5220 1676 5296 [ψξζκ]
1756 5210 1759 5213 ’

1953 4747 2186 4802 fortasse
2237 4742 2487 4799 beneficii
2537 4744 2732 4807 divini,
2793 4754 2848 4798 et
2893 4759 2922 4798 a
2980 4743 3208 4799 Domino
3257 4743 3530 4798 submini-

1951 4849 2135 4895 strata:
2197 4835 2557 4892 humanitatis
2628 4836 2773 4892 haud
2838 4838 3020 4892 minus
3083 4838 3317 4907 pretium
3371 4835 3528 4891 vobis

1952 4931 2242 4993 ambobus.
2289 4930 2706 4986 amabilissimis
2739 4939 2793 4985 et
2837 4929 3160 4986 clarissimis
3207 4930 3359 4994 viris,
3396 4944 3530 4984 con-

1955 5025 2123 5079 stabit
2152 5022 2220 5076 ad
2260 5023 2460 5076 animae
2488 5022 2653 5076 simul
2679 5031 2734 5076 et
2761 5023 3013 5092 corporis
3054 5023 3221 5077 vestri
3266 5022 3524 5086 salutem,

1955 5132 2118 5187 quam
2157 5115 2203 5170 si
2244 5115 2339 5183 qui
2371 5128 2538 5168 aurea
2572 5115 2716 5168 dona
2744 5112 3073 5183 proferrent.

2177 5227 2331 5283 CXC.
2358 5256 2430 5268 -
2460 5225 2759 5295 Theophani
2797 5226 2943 5298 (διδ)
2971 5225 3224 5281 monacho
3257 5227 3355 5298 (").

893 5326 1032 5386 Quod
1054 5328 1294 5391 Christus,
1318 5334 1542 5384 Christus
1575 5353 1670 5387 non
1696 5351 1790 5400 est,
1821 5344 1914 5393 nisi
1938 5341 2372 5394 circumscribatur
2394 5347 2561 5388 nostra
2588 5339 2775 5403 efﬁgie.

360 5427 422 5480 EE
449 5443 528 5478 σοι
552 5425 702 5496 φίλον
734 5427 793 5479 τὸ
823 5428 958 5500 πρὸς
984 5431 1143 5500 ἡμῶν
1171 5435 1280 5488 τῶν
1313 5437 1544 5494 εὐτελῶν
1571 5444 1802 5514 γράμμα
1826 5485 1838 5506 ,

2022 5447 2075 5500 Si
2107 5457 2157 5499 te
2190 5444 2517 5498 humilitatis
2546 5454 2743 5498 nostra:
2780 5445 2969 5500 littera:
2993 5446 3280 5510 delectant,
3310 5465 3526 5505 rursum

1796 5545 2022 5635 NOTAE.

361 5705 469 5775 (83)
502 5705 562 5758 In
589 5703 708 5758 cod.
739 5701 875 5775 Reg.
900 5702 1038 5775 pLﬁ'.

362 5772 470 5844 (84⁷)
503 5775 558 5828 1η
582 5775 700 5828 cod.
737 5772 869 5840 lieg.
901 5772 1045 5842 ριγι.

363 5844 507 5918 (84⁸)
532 5844 814 5905 Cerameo,
836 5857 1020 5913 postea
1045 5849 1453 5922 archiepisc0po
1479 5851 1837 5908 Tauromeni-

611 5935 888 5998 PnrsoL.
924 5939 1039 6000 Gn.
1072 5941 1294 6005 XCIX.

1951 5724 2100 5780 lano,
2150 5717 2306 5782 cujus
2339 5724 2552 5769 exstant
2588 5715 2830 5770 Homilia:
2874 5716 2924 5768 in
2963 5714 3256 5783 Evangelia
3293 5714 3532 5772 Domini-

1944 5786 2076 5841 calia
2106 5795 2157 5838 et
2191 5785 2346 5846 festa,
2379 5795 2484 5838 etc.

2017 5859 2090 5925 0*)
2127 5854 2457 5925 Dogmatica.

3118 5946 3193 6001 ίὶΟ
