4184 6476
727 343 859 406 1579
1924 347 1988 405 S.
2019 346 2302 404 ΤΗΕΟΒ(

2401 347 2410 405 Ι
2461 348 2805 407 ΒΤΗΟΙΤᾹΞ
3845 349 4008 413 1580

722 458 928 525 accipe,
960 456 1042 508 vir
1074 457 1398 510 clarissime
1422 496 1438 519 ,
1487 471 1748 525 nonth
1801 455 2070 511 facundiae
2111 469 2166 510 et
2193 458 2302 509 ele-

2406 456 2580 526 δέχοιο
2623 458 2717 510 καὶ
2757 457 2935 521 αὐθις,
2975 450 3020 511 ὧ
3053 457 3348 528 τριπόθητε
3370 473 3383 488 ·
3415 458 3572 511 οὐδὲν
3611 459 3712 529 μιν
3749 459 3882 529 ἔχον
3910 461 4009 513 εὑ-

719 547 916 617 gantia
941 548 1240 617 quidquam
1272 549 1527 611 habeant,
1550 559 1608 602 ut
1648 559 1703 602 tu
1729 548 2009 604 blandiens
2041 549 2210 612 dicis;
2248 559 2302 604 at

2407 549 2620 618 πρεπές
2663 566 2724 602 τε
2777 552 2872 603 καὶ
2906 551 3194 619 εύφραϐὶς,
3227 550 3304 613 ῶς
3348 549 3534 621 χάριτι
3567 550 3692 620 φὴς,
3724 551 3787 603 τὸ
3809 550 3862 604 6'
3900 547 4010 604 οὖν

721 653 845 706 qua:
869 637 1159 692 charitatis
1191 638 1500 708 symbolum
1526 645 1656 691 sunt
1683 637 2054 706 prOculduhio
2081 653 2096 690 :
2128 653 2304 706 quano

720 735 887 795 tuque
909 727 1218 782 crebriores
1259 727 1466 782 fuerint
1496 727 1805 782 litterarum
1839 727 2010 790 vices,
2065 736 2216 782 tanto
2247 737 2305 782 et

718 819 1006 873 cltaritatis
1027 828 1238 874 crescat
1259 819 1491 876 aﬂectus
1518 838 1532 875 ε
1558 835 1670 890 quo
1698 818 1830 890 quid
1862 819 2158 890 optabilius
2180 834 2304 876 esse

717 909 941 979 possit?
978 908 1174 966 Verum
1213 912 1326 966 haec
1354 912 1520 967 missa
1581 912 1847 968 faciamus
1877 930 1890 969 :
1921 911 1990 967 ad
2021 912 2301 983 sequentia

717 1007 1126 1071 pergatoratio.
1162 1001 1301 1068 Quid
1329 1003 1432 1058 hoe
1461 1013 1548 1058 est
1573 1004 1717 1074 quod
1748 1004 1891 1074 apud
1911 1020 2008 1060 vos
2034 1014 2301 1060 tentatum

715 1091 802 1146 est
833 1091 1071 1146 novi?et
1131 1094 1356 1163 quinam
1405 1093 1460 1147 hi
1510 1094 1637 1148 novi
1675 1095 1963 1159 dracones,
1994 1094 2302 1165 Charybdis

718 1184 895 1238 instar
942 1182 1299 1238 absorbentes
1356 1184 1608 1253 animas,
1655 1199 1779 1256 qua:
1830 1186 2077 1240 veritatis
2133 1186 2302 1242 verbo

718 1278 951 1331 ﬁrmatae
971 1291 1082 1331 non
1111 1277 1274 1332 sunt?
1304 1275 1387 1332 Tu
1409 1277 1630 1348 quidem
1655 1278 1800 1333 haud
1825 1279 2119 1334 nominasti
2154 1297 2168 1334 :
2199 1293 2302 1335 nos

717 1385 888 1434 vero,
941 1369 1108 1424 etiam
1165 1379 1459 1440 antequam
1501 1369 1697 1425 littere
1740 1379 1846 1425 tuae
1899 1371 2297 1443 signiﬁcarent,

715 1461 1076 1516 vehementer
1099 1461 1435 1530 planximus,
1467 1462 1630 1517 unius
1657 1461 1897 1517 hominis
1929 1477 2098 1518 causa
2130 1463 2300 1518 hare-

717 1553 852 1618 tici,
905 1567 1000 1608 seu
1045 1552 1230 1622 potius
1278 1567 1466 1609 revera
1516 1552 1820 1622 blasphemi
1861 1553 1914 1608 in
1953 1552 2159 1618 Deum,
2205 1551 2299 1624 qui

718 1645 1040 1700 ehartularii
1078 1662 1278 1702 munus
1319 1645 1445 1700 istic
1475 1647 1542 1701 ah
1574 1645 1904 1716 imperatore
1938 1646 2168 1716 adeptus
2192 1655 2296 1711 est,

720 1736 861 1791 hanc
891 1737 1262 1792 celeberrimae
1314 1736 1520 1792 Sicilia:
1554 1738 1851 1807 perniciem
1884 1737 2129 1793 dicentes
2157 1735 2300 1792 obti-

2404 643 2504 709 τῆς
2533 639 2751 710 ἀγάπης
2783 639 3054 709 σύμϐολον
3080 641 3176 694 καὶ
3209 641 3354 694 πάνυ
3375 640 3858 711 ὁμολογουμένως·
3900 641 4010 693 καί

2403 747 2468 798 γε
2503 731 2685 800 ϐσονή
2719 730 2991 794 ἀντίδοσις
3016 729 3124 783 τῶν
3161 731 3508 801 γραμμάτων
3533 730 3756 798 γίνοιτο,
3788 728 4004 783 τοσοῦ-

2403 838 2494 875 τον
2511 824 2544 894 ἡ
2565 821 2666 892 τῆς
2689 821 2910 891 ἀγάπης
2926 821 3167 885 διάθεσις
3185 821 3422 888 αὔξοιτο.
3452 816 3528 876 Oi}
3560 824 3612 876 τί
3632 823 3698 876 ἂν
3718 822 3804 890 εῐη
3823 839 4010 874 σπου-

2402 911 2682 985 δαιότερον
2705 929 2721 978 ;
2767 914 2930 967 Ἀ).λά
2949 913 3112 967 τοῦτο
3133 913 3230 967 νῦν
3249 913 3454 969 κείσθω
3477 913 3730 968 ἐνταῦθα·
3768 914 3922 984 πρὸς
3945 914 4007 966 δὲ

2402 1003 2465 1058 τδ
2493 1004 2623 1075 ἑξῆς
2665 1004 2945 1076 βαϐιστὲος
2984 1009 3013 1060 ό
3049 1005 3227 1075 λόγος.
3267 1005 3332 1059 Τί
3368 1007 3432 1059 τὸ
3460 1007 3553 1060 νῦν
3585 1006 4006 1076 καινοτομηθὲν

2403 1096 2462 1148 ἀν
2498 1098 2611 1160 τοῖς
2649 1096 2880 1161 αὑτόθι;
2929 1098 3024 1151 καὶ
3071 1097 3215 1160 τίνες
3256 1099 3306 1151 oi
3357 1100 3637 1165 vso;avsiq
3685 1098 4002 1168 δράκοντες

2401 1187 2753 1258 Χαρυϐόηδδν
2793 1189 3188 1251 καταπίνοντες
3229 1190 3408 1259 ψυχὰς
3458 1189 3532 1258 μὴ
3573 1189 4000 1259 ὲστηριτμένας

2400 1279 2480 1349 τῷ
2509 1279 2652 1350 λόγῳ
2673 1280 2773 1348 τῆς
2795 1280 3055 1350 ἀληθείας
3077 1295 3091 1344 ;
3111 1281 3284 1344 Αὐτὸς
3316 1281 3417 1349 μιν
3444 1277 3538 1333 οὖν
3569 1282 3667 1334 οὐκ
3696 1280 3998 1348 ἐξωνομά-

2399 1387 2557 1436 τισας
2579 1389 2593 1402 ·
2624 1373 2788 1442 ἡμεῖς
2829 1371 2906 1436 δὲ,
2943 1373 3038 1426 καὶ
3068 1372 3175 1444 πρὸ
3203 1373 3300 1442 τῆς
3346 1371 3632 1442 δηλώσεως
3657 1372 3767 1425 τῶν
3791 1389 3997 1442 γραμς

2405 1465 2609 1533 μάτων,
2657 1463 3133 1534 κατεστενάξαμεν
3158 1466 3242 1518 ὅτι
3265 1465 3498 1534 μάλιστα
3533 1464 3616 1532 ἐφ’
3647 1464 3800 1535 ἀνδρὶ
3819 1467 3997 1533 αἱρε-

2399 1555 2560 1625 τικῷ,
2596 1555 2799 1625 μᾶλλον
2836 1556 2893 1611 δὲ
2931 1556 3238 1629 βλασφήμῳ
3292 1554 3370 1627 τῷ
3407 1555 3526 1609 ϐντι
3563 1558 3642 1619 είς
3686 1555 3841 1620 Θεὸν,
3892 1557 3998 1609 λα-

2399 1647 2546 1717 χόντι
2587 1649 2646 1700 ἐν
2692 1649 2808 1712 τοῖς
2853 1647 3041 1702 αὐτόθι
3089 1647 3243 1719 παρά
3271 1646 3368 1701 τοῦ
3406 1647 3639 1718 κράτους
3671 1649 3990 1718 χαρτουλα-

2402 1739 2606 1810 ρεύειν,
2639 1741 2820 1794 ικεῖνο
2863 1740 3134 1804 εἰπόντες,
3166 1742 3250 1794 ὅτι
3279 1756 3344 1809 γε
3381 1739 3482 1811 τῆς
3532 1740 3859 1812 περιϐοήτου
3894 1743 3994 1793 Σι-

718 1828 885 1896 gissc.
923 1826 1074 1884 istud
1123 1839 1304 1884 autem
1357 1829 1585 1884 exitium
1632 1845 1742 1885 nou
1775 1845 1840 1884 ex
1867 1828 2169 1900 dogmatica
2195 1830 2293 1883 do-

2401 1831 2584 1894 κελίας
2613 1831 2848 1899 ἔφθασεν
2877 1831 3117 1904 ὄλεθρος.
3146 1833 3277 1887 Τόδε
3322 1833 3382 1887 τὸ
3414 1832 3569 1902 πῆμα
3598 1833 3698 1888 οὐκ
3730 1833 3794 1886 lx
3849 1832 3992 1899 δογ-

717 1919 896 1975 ctrina
927 1919 1219 1974 conﬂatum
1241 1929 1326 1974 est
1359 1937 1372 1972 :
1405 1919 1672 1974 doctrinae
1702 1919 1846 1974 enim
1875 1933 2071 1988 expers
2105 1917 2297 1989 ingens

2403 1923 2642 1994 μτικῆς
2669 1924 2872 1996 πείρας
2915 1926 3348 1996 τετεχνωμίνον·
3378 1929 3605 1999 ἀπειρόν
3648 1927 3757 1998 γὰρ
3795 1926 3855 1978 τὸ
3885 1927 3994 1979 ἀν-

717 2013 836 2068 ὴεεε
865 2021 1045 2069 statua
1077 2030 1091 2068 :
1117 2013 1210 2068 sed
1250 2012 1318 2067 ah
1343 2011 1510 2082 impia
1541 2025 1723 2068 mente
1753 2010 2079 2084 profectum,
2109 2022 2295 2081 atque.

2401 2015 2781 2088 δριαντάριον·
2825 2015 2944 2070 ἀλλ’
2971 2016 3032 2082 ιε
3075 2017 3308 2082 ἀσεϐοῦς
3346 2016 3570 2089 γνώμης
3602 2017 3990 2090 πεπληρωμέ-

717 2114 780 2161 ut
811 2105 956 2176 quod
987 2106 1170 2161 verius
1209 2116 1293 2160 est
1319 2105 1557 2170 dicatur,
1588 2104 1655 2158 ad
1689 2103 2022 2174 impietatem
2063 2118 2092 2157 a
2124 2102 2298 2173 majo-

2401 2125 2512 2175 νον,
2544 2109 2640 2164 καὶ
2681 2109 2768 2163 ινα
2800 2108 3200 2182 τάληθέστερον
3239 2111 3453 2182 ῥηθείη,
3483 2111 3748 2182 πατρόθεν
3793 2113 3888 2165 ἐπὶ
3922 2112 3991 2164 τὺ

717 2201 872 2256 ribus
901 2210 1088 2255 natum
1117 2218 1130 2256 :
1171 2212 1224 2256 et
1255 2200 1478 2271 quidem
1510 2215 1636 2255 cum
1666 2199 1884 2254 duobus
1906 2198 2028 2253 aliis
2065 2212 2294 2253 consan-

2401 2201 2620 2256 ἀσεϐεῖν
2653 2202 2896 2273 ⁴ἠγμένον
2915 2219 2929 2234 ·
2957 2202 3050 2256 καί
3079 2219 3144 2272 γε
3197 2205 3296 2258 σὺν
3327 2204 3480 2258 δυσὶν
3525 2205 3708 2268 ἀλλοις
3738 2203 3987 2274 ὁμαίμο-

718 2294 953 2364 guineis.
979 2292 1086 2349 Sed
1105 2294 1206 2350 hos
1227 2291 1489 2359 Trinitas,
1510 2293 1649 2356 scio.
1682 2290 2011 2363 proﬂigahit,
2036 2299 2090 2345 et
2111 2299 2296 2344 vestro

2401 2311 2507 2349 σιν.
2554 2295 2717 2350 Ἀλλά
2745 2295 2977 2359 τούτους
3009 2297 3109 2368 μιν
3135 2297 3170 2368 ἡ
3209 2297 3384 2368 Τριάς
3423 2293 3518 2352 οἷδ’
3556 2299 3637 2352 ὅτι
3676 2297 3986 2368 επιρραπί-

715 2396 771 2441 ει
804 2386 1035 2442 aliorum
1068 2386 1161 2456 qui
1197 2386 1478 2440 veritatem
1514 2400 1620 2439 una
1643 2382 1942 2440 defendunt
1964 2395 2058 2436 ore
2087 2379 2291 2435 divino.

2401 2403 2565 2454 σειεν,
2614 2387 2821 2452 ἐνθέοις
2869 2388 3136 2460 στόμασιν
3172 2389 3329 2459 ὑμῶν
3359 2407 3418 2442 τε
3449 2389 3544 2443 καὶ
3578 2389 3688 2444 τῶν
3736 2383 3984 2445 ἐνταῦθα

717 2479 796 2536 Te
833 2494 964 2536 vero
994 2488 1050 2534 et
1077 2480 1154 2534 tui
1188 2479 1396 2534 similes
1428 2479 1655 2533 minime
1694 2478 1872 2533 turbet
1904 2475 2084 2530 adhuc
2109 2472 2296 2529 furens

2401 2479 2859 2551 ύπερμαχούντων
2891 2482 2990 2552 τῆς
3011 2481 3284 2554 ἀληθείας.
3316 2483 3383 2536 Σὲ
3407 2481 3462 2536 ἃ
3489 2485 3582 2536 καὶ
3610 2483 3724 2544 τὸν,
3742 2477 3856 2547 οἷος
3880 2485 3980 2548 σὺ,

715 2570 964 2627 haeresis.
995 2568 1250 2625 Nondum
1281 2569 1427 2625 enim
1457 2581 1753 2624 excussum
1794 2574 1849 2621 et
1891 2574 2182 2620 contusum
2211 2571 2296 2617 est

2401 2570 2571 2640 μηδὲν
2604 2570 2859 2638 ξενιζέτω
2915 2574 2949 2640 ὴ
2997 2573 3081 2628 [rt
3108 2573 3357 2628 λυττῶσα
3401 2576 3632 2646 αῐρεσις.
3662 2575 3833 2631 Οὔπω
3865 2579 3982 2650 γὰρ

716 2664 946 2727 malum,
972 2677 1074 2718 nec
1109 2663 1247 2717 satis
1273 2661 1453 2716 adhuc
1481 2660 1744 2731 probatus
1766 2656 2004 2713 ﬁdelium
2038 2656 2092 2710 in
2125 2654 2294 2710 Deum

715 2768 914 2808 amor:
946 2768 1012 2809 ac
1038 2765 1300 2822 praeterea
1336 2765 1444 2806 non
1483 2765 1776 2821 possumus
1802 2748 2011 2819 ingredi
2047 2748 2102 2802 in
2133 2745 2298 2818 abys-

717 2861 841 2901 sum
876 2845 1211 2915 judiciorum
1247 2842 1362 2907 Dei,
1392 2843 1672 2914 quomodo
1699 2840 1960 2912 populum
2006 2854 2166 2896 suum
2215 2839 2296 2892 in-

719 2937 998 2992 ﬁdelitatis
1015 2935 1254 3006 procella
1277 2950 1451 3006 usque
1473 2935 1610 2990 adeo
1631 2934 1824 3005 agitari
1842 2934 2005 2988 sinat.
2026 2931 2295 2986 Ceterum

719 3030 996 3086 sermonis
1027 3028 1311 3084 conclusio
1338 3038 1446 3092 est,
1493 3037 1547 3081 ιιι
1575 3028 1664 3096 qui
1691 3027 1900 3095 probati
1943 3033 2086 3084 sunt,
2124 3023 2297 3075 niani-

2398 2665 2755 2735 ικτίτριπται
2817 2666 2879 2720 τὸ
2918 2666 3110 2731 κακὸν,
3157 2666 3282 2721 οὗτε
3336 2667 3718 2741 δεδοκίμασται
3771 2671 3982 2734 ίκανῶς

2397 2756 2510 2811 τῶν
2553 2757 2766 2812 πιστῶν
2808 2759 2870 2813 τὸ
2912 2759 3182 2830 φιλόθεον,
3210 2761 3304 2814 καὶ
3334 2761 3518 2832 τρίτον
3546 2763 3645 2832 οὐχ
3675 2758 3776 2815 οἷοί
3807 2765 3982 2833 ἐσμεν

2398 2849 2724 2920 ιμϐατεύιιν
2774 2853 2857 2914 είς
2901 2851 3141 2906 ἀϐυσσον
3183 2855 3472 2923 κριμάτων
3517 2853 3687 2907 Θεοῦ·
3723 2856 3849 2909 καθ’
3878 2856 3981 2921 οὓς

2397 2942 2631 3014 τρόπους
2660 2943 2914 3014 ἀνέχεται
2941 2943 3128 3014 ἀκμὴν
3156 2944 3577 3010 κλυόωνίζεσθαι
3600 2945 3680 3016 τῷ
3703 2947 3850 3018 σάλῳ
3876 2949 3982 3018 τῆς

2397 3032 2660 3095 ἀπιστίας
2707 3033 2799 3086 τὸν
2857 3033 2986 3087 λαὸν
3027 3033 3218 3088 αὐτοῦ.
3254 3033 3403 3107 Πλὴν
3453 3040 3828 3108 συμπέρασμα
3876 3039 3976 3093 τοῦ

719 3128 843 3202 {esti
873 3126 1007 3198 ﬁant
1035 3125 1126 3192 ⁸¹;
1186 3124 1330 3180 sicut
1381 3121 1662 3191 sapientiae
1708 3120 2057 3190 dispensator
2094 3115 2296 3170 Paulus

2401 3125 2579 3195 λόγου,
2608 3127 2708 3180 Ira
2735 3129 2790 3181 οι
2815 3125 3049 3196 δόκιμοι
3078 3127 3324 3196 φανεροί
3376 3128 3702 3197 γίγνοιντο,
3725 3131 3801 3195 ῶς
3828 3133 3858 3185 ό
3875 3135 3980 3204 τῆς

720 3216 883 3279 dixit.
915 3217 1260 3290 Quapropter
1289 3216 1600 3278 hortamur,
1632 3222 1682 3267 et
1707 3211 2080 3275 obsecramus,
2115 3222 2183 3262 ne
2204 3207 2298 3262 fa-

2402 3220 2596 3286 σοφίας
2630 3220 2836 3290 ταμίας
2877 3218 3086 3284 Παῦλος
3126 3220 3330 3290 λέλεχε.
3365 3220 3457 3274 Διδ
3485 3223 3580 3275 καὶ
3618 3224 3975 3294 παρακαλοῦ-

722 3314 934 3384 tigeris,
967 3327 1144 3382 neque
1169 3324 1358 3366 cesses
1393 3305 1740 3362 adversarios
1762 3318 2081 3375 coarguere,
2109 3316 2175 3356 cx
2212 3301 2298 3355 in-

2403 3328 2505 3381 μεν
2535 3312 2632 3366 καὶ
2669 3311 3061 3381 ἀντιϐολοῦμεν
3107 3311 3182 3382 μὴ
3223 3313 3503 3376 ἑκκακεϊν,
3541 3312 3978 3387 διακατελέγχειν

727 3409 863 3463 timo
897 3405 1083 3462 cordis
1111 3403 1189 3457 tui
1229 3417 1372 3473 penu
1423 3399 1608 3454 divina
1662 3411 1921 3467 promens
1952 3396 2299 3459 documenta,

2403 3420 2464 3456 σε
2499 3404 2627 3468 τοὺς
2672 3404 3048 3467 ὑπεναντίους,
3087 3405 3152 3458 ex
3194 3403 3304 3456 τῶν
3339 3402 3548 3457 ἀδύτων
3592 3406 3834 3475 ταμείων
3879 3407 3979 3477 τῆς

722 3507 892 3569 atque
921 3497 1052 3551 hinc
1085 3494 1376 3565 perspicue
1409 3490 1796 3545 demonstrans
1817 3527 1834 3552 ,
1875 3485 2157 3541 Christum
2189 3499 2301 3538 non

2403 3496 2626 3566 καρδίας
2651 3513 2746 3549 σου
2779 3497 3073 3566 προφέρων
3099 3496 3166 3550 τὰ
3205 3497 3323 3550 θεῖα
3355 3495 3683 3566 διδάγματα·
3717 3501 3812 3553 καὶ
3842 3501 3976 3553 ὑπο-

723 3605 849 3647 esse
873 3587 1177 3648 Christum,
1207 3584 1312 3639 nisi
1343 3583 1500 3654 juxta
1532 3581 1762 3650 figuram
1793 3587 2034 3633 nostram
2068 3576 2304 3631 circum-

726 3683 1025 3740 scribatur.
1057 3677 1192 3734 Nam
1226 3678 1272 3732 si
1322 3689 1455 3733 caro
1515 3674 1695 3729 factus
1750 3680 1855 3735 est,
1915 3670 2105 3740 utique
2138 3666 2304 3722 veluti

724 3789 856 3832 caro
905 3772 1414 3830 circumscribetur.
1454 3766 1610 3834 Quod
1642 3781 1772 3821 vero
1812 3778 1918 3818 non
1949 3760 2301 3820 circumscri-

727 3868 916 3932 bitur,
967 3864 1020 3920 id
1079 3863 1222 3918 intra
1254 3862 1650 3915 humanitatem
1688 3871 1798 3911 non
1843 3864 1970 3921 est,
2011 3853 2106 3909 sed
2148 3860 2303 3909 extra

728 3962 872 4015 hanc
907 3957 1052 4013 haud
1079 3955 1263 4019 dubie,
1291 3952 1503 4008 ‘necnon
1534 3959 1689 4006 extra
1715 3949 1915 4014 locum,
1949 3956 2008 4003 et
2038 3956 2254 4016 tempus
2284 3963 2300 3999 :

729 4053 874 4107 Deus
909 4049 1120 4114 nudus,
1174 4061 1339 4118 quem
1373 4055 1569 4099 natura
1599 4038 2208 4112 incomprehensibilem
2250 4046 2307 4093 et

728 4142 1074 4199 indeﬁnitum
1132 4139 1370 4194 dicimus
1419 4146 1475 4192 et
1531 4134 1856 4206 cogitamus.
1889 4131 2068 4201 Atque
2104 4131 2206 4185 hoc
2235 4145 2304 4184 ex

729 4249 916 4291 rerum
947 4242 1144 4287 natura
1167 4246 1264 4301 per
1282 4237 1488 4285 certam
1507 4227 1752 4282 veritatis
1777 4224 2304 4280 demonstrationem

727 4327 886 4397 sequi
920 4339 1145 4381 necesse
1181 4331 1266 4378 est
1299 4339 1314 4376 :
1346 4318 1725 4376 circumscribi
1777 4331 1974 4386 nempe
2003 4315 2306 4379 Christum,

2402 3589 2669 3643 δεικνύων
2716 3586 2971 3640 ἱντεῦθεν
3024 3588 3318 3658 ἀριδήλως,
3354 3589 3437 3642 ὅτι
3471 3590 3705 3660 Χριστὸς
3745 3591 3804 3644 ού
3846 3593 3980 3662 Χρι-

2405 3681 2548 3747 στος,
2582 3683 2630 3734 si
2661 3679 2738 3751 μὴ
2778 3681 3180 3753 περιγράφοιτο
3208 3683 3276 3752 τῇ
3310 3681 3432 3736 καθ’
3457 3684 3605 3755 ἡμᾶς
3637 3683 3770 3754 ίδέᾳ.
3807 3686 3978 3754 Εῐπερ

2403 3771 2514 3842 γὰρ
2553 3769 2694 3840 σάρξ
2738 3771 3003 3839 ἐγεγόνει,
3037 3771 3257 3835 πάντως
3299 3773 3396 3826 καὶ
3422 3772 3497 3836 ῶς
3529 3774 3667 3844 σάρξ
3711 3775 3975 3845 περιγράο

2405 3879 2592 3942 φεταιτ
2619 3865 2685 3916 ’0
2716 3862 2775 3916 δὲ
2811 3863 2887 3934 μὴ
2921 3865 3339 3936 περιγράφοιτο,
3374 3865 3534 3920 τοῦτο
3575 3867 3675 3919 οὐκ
3715 3867 3846 3920 εῐσω
3879 3867 3975 3919 ἀν-

2406 3955 2782 4026 θρωπότητος,
2829 3956 2945 4010 ἀλλ’
2980 3955 3086 4022 ἔξω
3128 3957 3374 4028 δηλονότι
3400 3959 3494 4012 καὶ
3525 3958 3692 4012 τόπου
3728 3960 3823 4012 καὶ
3858 3959 3976 4030 χρό-

2405 4062 2528 4101 νου·
2563 4046 2699 4112 Θεὺς
2736 4047 2944 4120 γυμνὸς
2991 4051 3058 4120 τῇ
3109 4048 3447 4121 ἀπεριληψίᾳ
3489 4066 3549 4102 τε
3605 4049 3698 4102 καὶ
3727 4051 3974 4123 ἀοριστίᾳ

2405 4139 2506 4192 καὶ
2541 4137 2838 4211 λεγόμενος
2875 4140 2973 4194 καὶ
3007 4139 3318 4211 νοούμενος.
3366 4140 3476 4194 Καὶ
3505 4139 3666 4195 τοῦτο
3694 4141 3974 4214 ἀραρότως

2406 4232 2489 4294 εἰς
2525 4230 2932 4301 ἀναμφίλεκτον
2975 4233 3248 4298 ἀπόδειξιν
3277 4232 3377 4303 τῆς
3423 4231 3680 4302 ἀληθείας
3726 4238 3973 4304 φυσικαῖς

2406 4322 2754 4387 ἀκολουθίαις
2800 4325 3289 4395 ἀναγκαζόμενον·
3368 4325 3804 4397 περιγράφεσθαι
3851 4328 3969 4398 Χρι-

727 4428 784 4474 ει
817 4419 875 4473 in
907 4418 1145 4488 imagine
1179 4415 1396 4470 adorari
1430 4431 1446 4468 :
1485 4431 1503 4464 ι
1543 4410 1822 4481 Siquidem
1857 4410 1912 4464 in
1951 4409 2188 4480 imagine
2220 4425 2302 4464 ar-

2410 4416 2559 4479 στδν,
2595 4415 2698 4470 κάν
2721 4419 2786 4487 τῇ
2823 4417 2992 4470 εἰκόνι
3029 4415 3524 4488 προσκυνούμενον.
3578 4436 3597 4470 ι
3628 4419 3884 4491 Ἐπείπερ
3915 4421 3971 4475 ἐν

728 4516 1025 4585 chetypum
1053 4517 1498 4581 repraesentatur,
1521 4525 1542 4558 ι
1577 4505 1725 4560 sicut
1758 4503 1960 4559 alicubi
1989 4504 2210 4558 divinus
2231 4504 2302 4558 ait

2407 4507 2546 4576 αὐτῇ
2572 4507 2634 4559 τὸ
2661 4505 2971 4576 ἀρχέτυπον
2996 4506 3361 4574 ὲκπόφασται,
3388 4503 3464 4568 ῶς
3486 4505 3589 4560 πού
3616 4523 3779 4578 φησιν
3805 4509 3833 4560 ό
3859 4489 3970 4561 θεο-

733 4604 1029 4676 Dionysius
1060 4619 1076 4657 :
1106 4611 1160 4657 ει
1182 4601 1310 4656 alibi
1348 4617 1362 4653 :
1401 4619 1421 4653 s
1461 4597 1707 4653 Alterum
1749 4596 1805 4650 in
1855 4595 2066 4660 altero,
2111 4603 2307 4665 preter

730 4696 1051 4753 substantiae
1076 4693 1463 4768 diﬁerentiam.
1500 4709 1519 4742 ι
1558 4688 1738 4756 Quare
1776 4688 1869 4758 qui
1906 4696 2064 4756 negat
2088 4686 2304 4757 depingi

729 4789 1034 4854 Christum,
1065 4787 1112 4842 is
1144 4795 1330 4840 natum
1361 4784 1640 4838 hominem
1667 4796 1791 4836 esse
1825 4783 2043 4850 negavit
2073 4796 2087 4834 :
2119 4789 2174 4834 et
2209 4779 2304 4850 qui

730 4883 850 4954 ejus
882 4871 1177 4952 imaginem
1207 4892 1315 4932 non
1354 4875 1569 4940 adorat,
1601 4889 1830 4945 prorsus
1858 4889 1925 4928 ne
1961 4873 2136 4939 ipsum
2182 4871 2306 4942 qui-

731 4975 854 5032 dem
889 4971 1247 5037 adorat,licet
1271 4968 1502 5043 adorare
1531 4981 1591 5022 se
1617 4974 1767 5035 putet
1795 4982 1810 5019 :
1839 4962 2305 5034 quandoquidem,

732 5080 793 5125 ut
827 5081 1008 5124 sermo
1042 5079 1198 5121 sacer
1231 5063 1308 5116 ait
1337 5078 1351 5115 :
1381 5059 1632 5130 [nﬁdeles
1687 5057 2003 5127 conﬁtentur
2050 5073 2104 5111 se
2139 5055 2307 5110 Deum

731 5177 905 5226 nosse,
942 5159 1101 5229 factis
1130 5166 1307 5210 autem
1361 5163 1553 5224 negant
1575 5153 1642 5205 ³³.
1690 5150 1817 5207 Hac
1861 5166 1960 5222 ego
1991 5149 2306 5204 reverentia:

733 5264 841 5308 tua:
879 5265 988 5306 non
1019 5259 1280 5317 tauquam
1322 5243 1598 5315 ignoranti
1630 5240 1883 5311 exposui,
1916 5239 2011 5294 sed
2043 5248 2302 5307 tauquam

731 5345 923 5398 eadem
979 5341 1269 5402 sentienti,
1332 5353 1396 5392 ac
1441 5335 1607 5391 veluti
1634 5341 1841 5402 guttam
1890 5346 1955 5386 ex
1988 5331 2302 5405 dogmatupi

733 5435 925 5507 pelago
976 5433 1284 5489 hauriens:
1344 5445 1468 5484 cum
1516 5427 1742 5482 inﬁnita:
1792 5433 2052 5493 praeterea
2105 5438 2305 5493 suppe-

732 5537 850 5582 tant
901 5524 1127 5580 Patrum
1187 5523 1507 5583 sententize.
1565 5533 1674 5573 una
1718 5532 1843 5572 cum
1886 5523 2069 5569 vetere
2131 5514 2304 5569 histo-

736 5621 812 5673 ria
868 5618 937 5672 ab
962 5617 1188 5674 exordio
1229 5616 1347 5686 ipso
1395 5612 1722 5684 erangelicc
1776 5605 2195 5680 prmdicationis,
2238 5606 2306 5661 ad

805 5801 848 5833 ³³
883 5799 904 5853 ι
940 5799 1066 5854 Cor.
1098 5797 1190 5856 xu.‘
1214 5797 1299 5853 i9.
1377 5797 1421 5831 ³³
1453 5795 1561 5851 Tit.
1595 5811 1632 5860 I,
1664 5793 1748 5852 16.

2408 4598 2633 4670 φάντωρ
2672 4599 2950 4663 Διονύσιος
2973 4614 2988 4629 ·
3017 4617 3037 4650 ι
3082 4598 3172 4652 καὶ
3217 4597 3453 4667 ἀλλαχοῦ
3474 4615 3488 4629 ·
3551 4617 3570 4649 ι
3591 4597 3880 4668 Ἑκάτερον
3913 4601 3970 4654 ἂν

2407 4691 2655 4761 ἑκατέρῳ
2695 4689 2844 4760 παρὰ
2885 4690 2947 4742 τὺ
2984 4689 3085 4758 τῆς
3147 4690 3335 4752 οὐσίας
3378 4691 3655 4762 διάφορον.
3680 4709 3699 4742 ι
3754 4691 3909 4744 Ὠστε
3942 4694 3971 4747 ό

2407 4783 2841 4854 ἀπαναινόμενος
2885 4782 3258 4854 ιγγράφευθαι
3303 4783 3561 4854 Χριστὸν,
3609 4786 3839 4855 ἤρνηται
3885 4786 3970 4840 ἀν-

2409 4877 2632 4949 θρωπον
2661 4878 2981 4946 γεγονέναι·
3011 4877 3106 4930 καὶ
3126 4878 3156 4930 ό
3191 4877 3268 4948 μὴ
3295 4878 3623 4948 προσκυνῶν
3674 4878 3840 4932 αὐτοῦ
3877 4879 3970 4949 τὴν

2413 4970 2622 5035 εἰκόνα,
2663 4969 2888 5022 ούτίπου
2931 4971 3233 5039 προσκυνεῐ
3275 4969 3440 5022 αὑτὸν
3491 4969 3555 5024 τὸ
3593 4969 3842 5036 καθόλου,
3872 4972 3969 5024 κάν

2413 5063 2612 5137 νομίζῃ
2644 5063 3008 5131 προσκυνεῖν·
3054 5061 3177 5114 imi
3232 5077 3398 5131 φησιν
3443 5063 3473 5114 ό
3519 5062 3664 5130 ἱερὸς
3702 5062 3880 5129 λόγος·
3907 5065 3965 5116 οι

2411 5152 2657 5206 ἄπιστοι
2691 5150 3053 5222 ὁμολογοῦσι
3079 5151 3227 5205 Θεὸν
3247 5151 3469 5206 εἰδέναι
3488 5191 3504 5216 ,
3542 5151 3664 5218 τοῖς
3692 5151 3760 5204 δὲ
3785 5152 3964 5220 ἔργοις

2411 5246 2757 5314 ἀρνοῦνται.
2804 5244 2992 5298 Ταῦτα
3045 5246 3143 5314 οὐχ
3186 5245 3261 5308 ῶς
3310 5245 3583 5316 ἀγνοούση
3610 5247 3676 5316 τῇ
3706 5243 3964 5315 τιμιότητί

2415 5355 2508 5391 σου
2561 5337 2904 5405 ὐπεϐήλωσα.
2953 5334 3069 5388 ἀλλ’
3113 5334 3190 5398 ῶς
3230 5333 3822 5406 συνομογνωμονούσῃ·
3877 5333 3959 5386 καὶ

2411 5429 2604 5500 ῶσπερ
2632 5429 2822 5498 ρανίδα
2871 5431 2937 5481 ἐκ
2979 5429 3249 5496 πελάγους
3304 5427 3593 5498 δογμάτων
3653 5425 3956 5489 ἀνελκύσας·

2413 5521 2554 5590 πρὸς
2595 5518 2674 5589 τῷ
2706 5519 2801 5572 καὶ
2833 5519 3060 5590 ἀπειρόν
3105 5518 3272 5590 ἑσμὸν
3318 5513 3457 5571 εἷναι
3485 5503 3800 5586 πατρικῶν·
3839 5515 3960 5584 μετά

2415 5611 2512 5664 καὶ
2549 5609 2652 5680 τῆς
2685 5609 3046 5682 ἀρχαιολόγου
3091 5609 3333 5681 ἱστορίας
3385 5611 3480 5664 ἀπ’
3515 5607 3688 5678 αὐτῆς
3731 5606 3957 5679 βαλϐίδος
