4184 6524
256 452 397 516 1581

1461 443 2003 506 EPISTOLARUM
2046 442 2189 500 LIB.
2251 440 2334 499 II.

3367 432 3386 494 1
3400 431 3503 494 58‘2

256 562 358 615 τοῦ
391 560 764 630 κηρύγματος,
793 560 870 619 είς
918 557 1175 610 σύστασιν
1209 557 1305 625 τῆς
1341 557 1645 625 ἀμωμήτου
1673 555 1831 625 ἡμῶν

1946 552 2156 603 illibata:
2253 549 2373 602 ﬁdei
2468 558 2660 601 nostra:
2738 545 3059 600 Christiana:
3136 544 3511 600 conﬁrmatio~

254 642 744 721 τῶνΧριστιανῶν
776 650 1031 711 πίστεως.

548 766 687 831 Ριυλι
728 760 862 831 (85).
904 789 973 800 -
1009 758 1267 821 Φιλοθέῳ
1299 757 1555 821 κτήτορι.
1636 753 1829 826 [ψξηῗ]

1937 657 2079 695 nem.

2257 751 2436 807 CXCI.
2478 782 2533 790 ρ-
2575 750 2847 803 ΡΙιὲιοιΙιεο
2885 751 3193 817 possessori.

1392 869 1573 917 Laudat
1594 870 1701 930 ejus
1725 869 1954 927 virtutes,
1979 883 2154 930 genus,
2183 872 2401 930 patriam.

338 985 499 1050 Μέγα
542 981 730 1051 κέρδος
775 978 989 1049 ἡγεῖταί
1037 994 1130 1030 σου
1176 979 1209 1047 ἡ
1267 976 1543 1046 τιμιότης,
1580 974 1654 1038 ὣς
1684 992 1841 1045 φησι,

263 1075 535 1147 δεχομένη
566 1072 724 1142 ἡμῶν
754 1072 1083 1143 γράμματα,
1125 1067 1261 1137 ὁμοῦ
1288 1086 1349 1121 τε
1379 1069 1473 1121 καλ⁸
1508 1084 1845 1138 μνημονευο-

272 1170 414 1240 μένη
454 1166 590 1237 πρὸς
633 1164 793 1235 ἡμῶν
845 1164 1046 1217 αὐτῶν.
1079 1161 1249 1215 Τοῦτο
1274 1161 1330 1214 δὲ
1362 1164 1459 1231 τῆς
1497 1161 1596 1230 σῆς
1622 1160 1847 1232 θεόφρο-

264 1274 361 1321 νος
421 1254 662 1316 διανοίας
720 1248 1194 1321 ταπεινοφροσύνῃ
1248 1250 1416 1321 πολλῇ
1499 1250 1847 1320 κεχρημένης

266 1347 564 1417 ἐγκώμιον,
606 1344 705 1413 οὐχ
734 1342 891 1412 ἡμῶν
919 1342 1027 1393 τῶν
1081 1341 1350 1393 ταπεινῶν
1378 1340 1541 1412 [cod.
1578 1341 1713 1411 Reg.
1755 1340 1840 1393 εύ-

273 1435 497 1508 τελῶν],
542 1434 640 1489 καὶ
671 1433 882 1497 οὐδενὸς
914 1434 1085 1499 ἀξίων
1127 1433 1310 1500 λόγου.
1347 1433 1539 1503 Ὅμως
1568 1432 1711 1485 κατά
1744 1431 1843 1502 τὴν

266 1530 603 1600 πεποίθησιν
636 1528 806 1598 αὐτῆς
837 1526 1067 1597 λήψεται
1106 1526 1198 1578 τὸν
1249 1524 1437 1596 μισθὸν
1490 1526 1596 1579 ὑπὸ
1629 1526 1729 1595 τῆς
1749 1523 1841 1577 τοῦ

267 1621 479 1692 ἀγαθοῦ
530 1622 688 1692 ἡμῶν
775 1619 910 1673 Θεοῦ
997 1619 1415 1688 δικαιοκρισίας,
1474 1618 1837 1689 ἀμειϐομένου

267 1715 373 1785 τὴν
402 1714 582 1767 πίστιν
612 1713 845 1766 ἑκάστου
868 1710 1120 1782 ἀμοιϐαῖς
1159 1709 1457 1780 οὐρανίαις,
1484 1712 1578 1764 καὶ
1606 1712 1685 1773 είς
1714 1711 1839 1763 έαυ-

266 1807 366 1860 τὸν
409 1805 471 1857 τὸ
501 1803 595 1857 τοῦ
646 1804 814 1866 πέλας
844 1802 1162 1871 γιγνόμενον
1184 1801 1548 1870 Χριστοειδῶς
1587 1801 1839 1854 ἀνατιθε-

275 1899 462 1969 μένου.
508 1896 702 1966 Ἡμεῖς
728 1896 784 1948 δὲ
831 1894 910 1962 τῷ
949 1893 1062 1945 δντι
1112 1893 1396 1963 χαίρομεν,
1427 1892 1580 1963 ἀνδρὶ
1604 1892 1840 1963 τοσούτῳ

273 1990 371 2043 καὶ
415 1986 718 2056 τηλικούτῳ
758 1984 1029 2055 φιλιάζειν
1066 1983 1432 2053 γνωρίσαντες
1455 1997 1468 2012 ·
1502 1977 1563 2036 οῦ
1604 1984 1637 2052 ἡ
1673 1981 1841 2053 ἀρετὴ

273 2080 623 2151 διαπρύσιος,
656 2079 748 2131 καὶ
772 2081 798 2131 ὁ
826 2078 1046 2138 ἔπαινος
1077 2074 1438 2141 δικαιότατος,
1484 2076 1577 2129 καὶ
1602 2076 1663 2128 τὺ
1691 2074 1841 2128 πολίο

272 2188 453 2241 τευμα
491 2170 705 2232 πολλοῖς
738 2169 1039 2235 ὂπόδειγμα
1064 2170 1176 2230 τοῖς
1208 2166 1486 2220 ἐθέλουσιν
1510 2167 1753 2220 εὐσεϐεῖν
1782 2168 1840 2217 ἐν

273 2265 346 2336 τῇ
396 2261 644 2331 παρούσῃ
695 2261 876 2327 γενεᾷ,
928 2257 1002 2320 ὡς
1052 2260 1110 2309 ὲν
1146 2261 1397 2330 περιωπῇ
1448 2258 1606 2330 ὅρους
1633 2258 1843 2329 ἀρετῶν

277 2352 663 2421 προκείμενον.
696 2351 801 2405 Καὶ
829 2348 1164 2420 φερωνύμως
1190 2350 1265 2412 ὠς
1300 2350 1514 2421 ἀληθῶς
1539 2349 1844 2419 ἐξέλαμψας

276 2444 546 2513 φιλόθεος,
601 2444 809 2513 φίλτρῳ
857 2441 993 2494 Θεοῦ
1031 2442 1093 2494 τὺ
1148 2444 1439 2512 ἄπραγμον
1473 2446 1567 2497 καὶ
1622 2445 1845 2515 ἡσύχιον

277 2537 670 2606 αἱρησάμενος,
701 2532 1021 2601 ὲπιτηρήσει
1044 2533 1202 2586 θείων
1229 2534 1478 2590 ἐντολῶν.
1508 2534 1601 2587 καὶ
1631 2535 1848 2588 ἐπιτεύ-

276 2628 359 2692 ξει
387 2625 493 2679 τῶν
520 2625 748 2678 αἰωνίων
790 2622 1029 2689 ἀγαθῶν.
1050 2625 1240 2678 Καίτοι
1266 2626 1546 2696 ὑπάρχων,
1571 2626 1668 2678 καὶ
1702 2624 1847 2679 κατά

281 2718 431 2771 ἰδέαν
456 2717 601 2781 ἄξιος
626 2715 961 2785 τυραννίδος,
992 2717 1086 2770 καὶ⁹
1109 2715 1249 2769 κατά
1277 2717 1433 2784 γένος
1456 2716 1846 2787 ὑπέρλαμπρος

274 2812 341 2863 τὸ
358 2806 495 2878 αἷμα
515 2825 528 2837 ·
558 2806 671 2862 ἀλλ’
694 2810 722 2859 ὁ
749 2806 887 2870 θεῖος
917 2807 1076 2870 πόθος
1108 2807 1302 2870 σϐέσας
1328 2806 1501 2860 ταῦτα
1530 2809 1725 2869 πάντα,
1753 2810 1847 2862 καὶ

275 2898 543 2968 οὐδαμινά
561 2897 757 2961 δείξας,
775 2899 910 2968 ὅπερ
926 2898 1019 2951 καὶ
1034 2898 1248 2964 ἀληθὲς,
1263 2898 1395 2968 πρὸς
1406 2899 1502 2968 τὴν
1528 2899 1849 2968 ύπέρφωτον

279 2993 382 3060 τῆς
408 2990 554 3053 θείας
586 2990 919 3060 ὡραιότητος
953 2986 1056 3059 ἦρέ
1088 3006 1180 3041 σου
1211 2990 1333 3052 τοὺς
1357 2989 1455 3058 τῆς
1482 2990 1714 3052 διανοίας
1753 2993 1853 3059 ὀφ-

284 3079 549 3147 θαλμοὺς,
593 3080 789 3151 αἴγλην
840 3080 956 3131 ἐκεῖ
1011 3079 1251 3149 βλέπειν,
1298 3080 1417 3132 ἐκεῖ
1458 3079 1852 3149 φαντάζεσθαι,

282 3196 401 3248 ἐκεί
429 3196 773 3264 μετατιθέναι
816 3195 877 3246 τὸ
921 3194 1244 3264 πολίτευμα,
1276 3189 1336 3246 οῦ
1371 3195 1514 3264 χαρά
1559 3194 1856 3267 ἀνεκλάλη-

281 3302 395 3351 τος,
419 3285 546 3339 ἔνθα
577 3285 691 3357 ζωὴ
713 3288 985 3356 ἀκήρατος
1011 3283 1029 3356 [
1052 3284 1174 3339 cod.
1200 3282 1335 3356 Reg.
1367 3286 1697 3359 ἀμήρυτος],
1723 3289 1854 3341 ὅπου

282 3379 320 3447 ή
341 3376 604 3448 έλλαμψις
621 3378 721 3447 τῆς
751 3377 1021 3448 μακαρίας
1046 3378 1142 3431 καὶ
1162 3378 1393 3449 ἀρχικῆς
1416 3379 1664 3450 Τριὰδος.
1696 3380 1857 3432 Ἀλλά

282 3470 493 3536 γένοιτό
527 3487 629 3531 σοι,
661 3464 706 3522 ὦ
735 3468 1005 3539 θαυμάσιε
1035 3473 1128 3523 καὶ
1155 3470 1452 3538 ὲπιπόθητε
1495 3472 1651 3541 ἡμῖν,
1684 3471 1853 3524 ἐπαύ-

286 3559 440 3630 ξησις
482 3562 684 3632 ἀρετῆς
732 3561 813 3614 ἔτι
851 3562 946 3614 καὶ
996 3560 1097 3625 ἔτι,
1144 3562 1236 3613 καλ⁸
1287 3562 1611 3631 θησαύρισις
1634 3562 1856 3631 ἀγαθῶν

286 3651 485 3722 ἔργων,
515 3655 593 3715 είς
609 3653 669 3704 τὸ
693 3651 1126 3721 μεγαλεμπόρως
1156 3653 1365 3722 ἀπᾶραι
1398 3670 1455 3705 σε
1482 3654 1591 3706 τῶν
1622 3654 1853 3717 ἐνθένδε,

287 3742 381 3794 ἐπὶ
413 3742 624 3812 μεθέξει
656 3740 761 3792 τῶν
788 3742 986 3793 ἀϊδίων.
1030 3742 1105 3794 Σὲ
1137 3740 1338 3812 μὲνοῦν
1362 3745 1460 3814 τῆς
1488 3745 1855 3815 προσηγορίας

288 3832 522 3886 ἐνταῦθα
554 3832 775 3885 κείσθω.
812 3830 1029 3902 Ἐπειδὴ
1068 3834 1123 3885 δὲ
1163 3835 1255 3886 καὶ
1285 3836 1411 3906 περὶ
1438 3836 1532 3888 τοῦ
1557 3836 1855 3907 πρεσϐυτέ-

291 3942 385 3997 ρου
418 3921 777 3995 έπηρὼτησας
809 3918 983 3987 αὖθις,
1045 3923 1325 3991 ὑποδείξας
1350 3926 1410 3979 τὸ
1438 3926 1857 4001 ἀνεξαγόρευτον

288 4014 511 4084 δφλημα
533 4031 546 4044 ·
579 4017 756 4067 έκεῖνο
792 4014 1040 4085 λέγομεν,
1068 4016 1147 4069 ὅτι
1180 4016 1209 4067 ὁ
1236 4016 1413 4069 κανὼν
1459 4018 1579 4071 οὐδὲ
1607 4020 1686 4081 είς
1704 4018 1857 4085 διγα-

293 4106 521 4177 μοῦντος
552 4106 726 4176 γάμον
750 4105 1174 4174 έστιαθῆναιτδν
1196 4106 1565 4178 πρεσϐύτερον
1592 4126 1855 4179 παραχω-

291 4203 378 4269 ρεῖ
399 4215 412 4228 ’
435 4200 583 4269 πόσῳ
609 4215 672 4268 γε
702 4200 897 4270 μᾶλλον
921 4198 1259 4268 στεφανῶσαι
1276 4199 1366 4252 τὸν
1380 4202 1638 4267 τοιοῦτον;
1669 4201 1729 4254 '0
1748 4202 1856 4273 γὰρ

2011 978 2266 1047 Magnum
2301 979 2512 1031 lucrum
2542 986 2695 1045 putat
2725 974 3139 1030 honoriﬁcentia
3186 985 3302 1039 tua,
3330 984 3387 1028 ut
3417 977 3511 1039 ait,

1942 1086 2064 1125 cum
2094 1072 2301 1125 litteras
2332 1080 2550 1123 nostras
2581 1070 2811 1137 accepit,
2839 1068 3111 1137 simulque
3138 1083 3261 1123 cum
3288 1068 3457 1137 ipsius
3487 1087 3515 1120 a

1943 1162 2103 1216 nobis
2145 1162 2203 1215 ﬁt
2240 1161 2462 1215 mentio.
2521 1159 2635 1214 Hoc
2696 1174 2825 1214 vero
2884 1159 3079 1213 divina:
3137 1161 3337 1214 mentis
3391 1169 3515 1223 tuae,

1944 1269 2141 1324 magna
2174 1254 2481 1306 humilitate
2510 1253 2751 1321 praedita:
2788 1252 3095 1304 encomium
3126 1260 3242 1314 est,
3277 1267 3381 1305 non
3416 1268 3518 1305 no—

1947 1355 2145 1409 strum,
2177 1346 2270 1414 qui
2293 1345 2510 1413 ahjecti,
2536 1354 2590 1397 et
2619 1344 2823 1398 nullius
2853 1344 3009 1412 pretii
3030 1342 3277 1398 homines
3303 1359 3513 1398 sumus.

1900 1510 1903 1512 η
1947 1442 2202 1492 Attamen
2230 1438 2386 1506 juxta
2436 1435 2691 1490 ﬁduciam
2742 1444 2889 1488 tuam
2941 1435 3249 1489 mercedem
3284 1436 3516 1505 accipies

1949 1548 1980 1585 a
2010 1532 2160 1601 justo
2192 1529 2402 1600 judicio
2430 1528 2558 1582 boni
2589 1527 2681 1581 Dei
2709 1526 2903 1592 nostri,
2952 1526 3045 1595 qui
3086 1527 3517 1597 uniuscujusque

1947 1623 2108 1677 ﬁdem
2147 1608 2464 1676 icoslestibus
2497 1618 2733 1689 praemiis
2793 1628 3209 1682 remuneratur,
3260 1627 3314 1672 et
3374 1618 3514 1688 quod

1945 1716 2194 1785 proximo
2227 1714 2426 1767 factum
2456 1721 2560 1776 est,
2596 1721 2656 1765 ut
2691 1712 2791 1764 sibi
2831 1710 2931 1781 ipsi
2964 1710 3217 1765 Christus
3264 1711 3515 1781 imputat.

1946 1806 2058 1862 Nos
2082 1821 2210 1860 vero
2228 1805 2529 1876 gaudemus
2559 1805 2739 1871 reipsa
2765 1819 2886 1858 cum
2915 1805 3088 1873 palam
3119 1804 3347 1857 iacimus
3379 1805 3517 1857 ami-

1947 1915 2043 1955 cos
2078 1914 2179 1955 nos
2209 1914 2330 1953 esse
2363 1897 2495 1952 tanti
2527 1911 2591 1952 ac
2625 1897 2745 1952 talis
2796 1898 2933 1959 viri,
2964 1897 3120 1961 cujus
3174 1898 3349 1950 virtus
3375 1897 3519 1952 cele-

1947 1992 2206 2057 berrima,
2230 1991 2457 2060 lausque
2482 1990 2811 2059 justissima.
2843 1996 2896 2045 et
2928 1987 3142 2044 vivendi
3172 1990 3311 2043 ratio
3334 1990 3521 2045 multis

1948 2086 2035 2156 pie
2084 2086 2138 2139 in
2171 2087 2274 2138 hoc
2296 2084 2495 2137 saeculo
2518 2083 2697 2137 vivere
2729 2082 3060 2145 volentibus,
3084 2082 3388 2152 exemplum
3416 2094 3517 2146 est,

1952 2188 2211 2247 tanquam
2244 2178 2297 2228 in
2324 2190 2540 2230 summo
2567 2175 2767 2229 montis
2792 2174 3051 2228 virtutum
3084 2173 3286 2227 vertice
3320 2189 3520 2243 propo-

1952 2269 2138 2323 situm.
2169 2266 2247 2319 Ac
2271 2273 2364 2319 tuo
2381 2274 2527 2319 certe
2559 2263 2764 2319 nomini
2792 2272 3155 2334 congruenter
3177 2261 3518 2318 Philotheum

1953 2369 2006 2413 te
2043 2357 2369 2422 exhibuisti,
2418 2354 2512 2410 Dei
2546 2369 2728 2410 amore
2768 2355 2932 2409 vitam
2980 2354 3327 2424 tranquillam
3378 2362 3432 2409 et
3491 2372 3520 2407 a

1952 2450 2184 2521 negotiis
2208 2458 2470 2504 remotam
2502 2449 2726 2519 eligens,
2751 2459 2809 2501 ut
2827 2448 3005 2502 divina
3037 2464 3221 2503 serves
3248 2448 3519 2508 mandata,

1952 2554 2006 2599 et
2035 2552 2237 2598 aeterna
2276 2544 2419 2596 bona
2466 2542 2840 2611 consequaris.
2876 2538 2942 2592 Et
2970 2555 3097 2594 vero
3123 2555 3246 2595 cum
3274 2540 3348 2594 sis
3369 2549 3422 2594 et
3453 2540 3522 2594 ob

1954 2632 2184 2687 formam
2221 2630 2420 2701 dignus
2449 2629 2677 2699 imperio
2707 2670 2723 2694 ,
2785 2637 2875 2692 et,
2932 2628 2978 2682 si
3018 2642 3190 2697 genus
3221 2636 3518 2695 spectetur.

1954 2722 2220 2794 sanguine
2263 2721 2556 2791 perillustri
2587 2740 2601 2776 :
2631 2719 2850 2774 divinus
2898 2728 3077 2774 tamen
3128 2735 3281 2773 amor
3319 2721 3523 2773 exstin—

1955 2828 2127 2885 gnens
2158 2813 2270 2866 hate
2298 2810 2745 2873 omnia,etnihili
2775 2825 2897 2864 esse
2922 2810 3149 2875 docens,
3168 2810 3306 2864 sicut
3334 2825 3520 2865 verum

1954 2917 2059 2968 est,
2095 2916 2148 2960 et
2191 2905 2387 2960 divinae
2416 2902 2840 2974 pulchritudinis
2890 2902 3230 2972 splendorem
3258 2904 3405 2957 omni
3440 2903 3522 2957 lu-

1960 3002 2105 3056 mine
2133 3001 2468 3070 superiorem
2498 2997 2685 3052 oculos
2711 3006 2814 3051 tuae
2838 2994 3035 3051 mentis
3073 2997 3247 3051 erexit
3270 3015 3285 3061 ;
3310 3007 3369 3051 ut
3399 2998 3523 3050 illuc

1956 3105 2193 3164 spectes,
2239 3091 2372 3146 illuc
2399 3090 2939 3160 contemplationem.
2989 3089 3117 3143 illuc
3153 3091 3523 3144 conversatio-

1957 3201 2079 3258 nem
2115 3193 2264 3238 tuam
2298 3183 2595 3236 transferas
2682 3182 2773 3235 ubi
2809 3182 3063 3252 gaudium
3104 3190 3186 3236 est
3234 3181 3522 3241 incﬁahile.

1956 3275 2051 3329 ubi
2085 3275 2192 3328 vita
2224 3273 2573 3339 immortalis,
2603 3273 2695 3327 ubi
2724 3273 3033 3329 coruscatio
3055 3275 3222 3329 beata:
3250 3284 3305 3329 et
3338 3290 3525 3343 supre-

1957 3380 2059 3420 mae
2087 3363 2391 3419 Trinitatis.
2450 3362 2556 3418 Sed
2597 3364 2875 3432 contingat
2905 3364 3001 3418 tibi
3028 3404 3043 3426 .
3085 3365 3165 3417 vir
3208 3363 3522 3418 admirande

1957 3461 2225 3529 nobisque
2256 3457 2630 3521 desiderande,
2664 3458 2840 3526 majus
2884 3459 3171 3529 majusque
3191 3460 3409 3514 virtutis
3440 3460 3523 3512 in-

1956 3563 2313 3611 crementum,
2340 3559 2394 3604 et
2419 3550 2689 3604 bonorum
2716 3566 2941 3620 operum
2966 3552 3280 3623 congeries:
3319 3561 3377 3605 ut
3412 3567 3525 3604 ma—

1958 3646 2048 3715 gni
2087 3644 2411 3699 mercatoris
2444 3643 2615 3697 instar
2647 3644 2774 3697 hinc
2807 3644 2986 3699 solvas
3031 3646 3095 3699 ad
3150 3644 3523 3713 participatio-

1956 3752 2078 3790 nem
2098 3746 2448 3791 a‘ternorum.
2465 3734 2617 3801 Quod
2644 3736 2805 3805 igitur
2827 3735 2890 3789 ad
2918 3745 3070 3789 tuum
3091 3752 3286 3789 nomen
3308 3737 3524 3798 attinet,

1957 3827 2045 3881 hic
2076 3826 2201 3881 ﬁnis
2250 3838 2390 3881 esto.
2426 3825 2564 3892 Quia
2613 3841 2744 3880 vero
2769 3827 2836 3880 de
2860 3826 3175 3897 presbytero
3201 3826 3364 3880 etiam
3406 3842 3527 3879 rur-

1956 3933 2051 3972 sus
2096 3917 2461 3987 interrogasti,
2494 3931 2709 3986 poenam
2746 3918 2969 3971 minime
3000 3932 3312 3986 expressam
3354 3918 3527 3986 signio

1958 4004 2164 4075 ﬁcans;
2225 4008 2357 4063 illud
2388 4009 2542 4071 dico,
2574 4023 2837 4063 canonem
2876 4024 2945 4063 ne
2981 4010 3277 4064 concedere
3304 4010 3522 4078 quidem

1956 4099 2276 4170 presbytero
2296 4100 2646 4169 utindigami
2687 4100 2889 4169 nuptiis
2930 4102 3275 4165 convivetnr;
3319 4111 3525 4171 quanto

1958 4190 2140 4245 minus
2174 4200 2232 4244 tit
2263 4192 2410 4245 illum
2447 4202 2670 4247 coronet
2694 4193 2787 4261 qui
2817 4191 2939 4246 talis
2971 4192 3093 4247 est?
3128 4192 3342 4246 Corona
3376 4192 3521 4246 enim

290 4293 551 4359 στέφανος
580 4290 879 4353 ἐπιτίθεται
906 4292 997 4344 ἐπὶ
1032 4291 1111 4362 τῷ
1144 4292 1361 4345 νικῶντι
1416 4295 1515 4362 τὴν
1544 4295 1815 4366 ἀκρασίαν
1836 4338 1847 4357 ,

1958 4284 2006 4337 ei
2039 4284 2356 4354 imponitur,
2388 4286 2481 4354 qui
2513 4286 2642 4340 vicit
2678 4286 3167 4354 intemperantiam,
3205 4297 3257 4340 et
3302 4286 3523 4356 virgini-

291 4380 385 4432 καὶ
423 4381 484 4432 τὸ
530 4381 631 4448 τῆς
674 4380 971 4451 παρθενίας
1010 4382 1169 4445 κλέος
1208 4384 1636 4455 ἀποσωσαμένῳ.
1694 4388 1752 4439 Ὀ
1792 4386 1848 4439 δὲ

288 4470 557 4540 διγαμῶν,
590 4472 726 4541 πρὸς
750 4471 828 4541 τῷ
863 4473 1102 4544 μὴάξιος
1129 4470 1266 4526 εἷναι
1289 4477 1723 4546 στεφανωθῆναι,
1756 4479 1849 4530 καὶ

291 4563 585 4631 ἐπιτιμίοις
634 4564 998 4634 ὑποϐέϐληται
1048 4565 1539 4629 κανονικῶςυίίῶς
1604 4568 1697 4620 οῦν
1746 4570 1849 4620 οὐκ

291 4652 461 4705 ἔδεισε
505 4656 846 4723 στεφανῶσαι
875 4657 997 4717 τοὺς
1030 4656 1133 4708 ὑπὸ
1163 4656 1393 4719 κανόνας
1427 4659 1716 4727 κειμένους
1748 4661 1850 4729 τῆς

288 4743 584 4813 διγαμίας;
622 4746 941 4817 Παρίήμῶν
991 4748 1191 4813 τοίνυν,
1240 4748 1533 4815 σύγγνωθι,
1568 4751 1653 4802 ἵνα
1687 4753 1851 4821 μηδὲν

288 4830 359 4903 ἦν
401 4836 528 4887 ἄλλο
574 4839 823 4907 αἰτίαμα,
862 4838 960 4891 οὐκ
992 4840 1381 4910 ἐπιτέτραπται
1414 4841 1475 4893 τὸ
1521 4842 1744 4894 καθόλου
1776 4844 1849 4894 ἱε-

294 4931 547 5007 ρουργεῖν
567 4945 580 4957 '
615 4930 715 4981 οὐκ
739 4924 835 4981 οἷδ’
868 4931 948 4982 ὅτι
977 4933 1026 4983 εί
1058 4932 1132 5001 μή
1176 4950 1227 4984 τι
1256 4931 1376 4984 κατ’
1398 4932 1723 5001 οἰκονομίαν,
1755 4949 1851 5001 με·-

292 5023 562 5076 ταδιδόναι
604 5023 732 5090 ύμῖν
776 5020 880 5073 τῶν
909 5023 1283 5092 ἀγιασμάτων,
1320 5022 1468 5091 παρὰ
1511 5023 1851 5092 σεσωσμένον

293 5115 665 5184 πρεσϐυτέρου
690 5115 1103 5182 τετελεσμένων.
1130 5116 1260 5184 Περὶ
1280 5115 1372 5167 τοῦ
1391 5116 1755 5182 ἀναγνώστου,
1773 5116 1852 5167 ὅτι

295 5206 631 5274 ἐπέστρεψεν
658 5207 1079 5275 ἐπιτιμιασθεῖς,
1107 5207 1311 5259 δίκαιον
1355 5210 1503 5259 ἐστιν
1527 5206 1633 5267 ἕως
1662 5206 1853 5275 καιροῦ

298 5300 517 5349 συνόδου
554 5301 627 5367 μὴ
665 5299 1113 5363 αποστολίζεσθσι
1138 5300 1328 5351 αὐτόν·
1361 5301 1388 5352 ὁ
1427 5300 1522 5367 μὲν
1553 5298 1661 5368 γὰρ
1721 5314 1857 5366 πρε-

298 5388 556 5455 σϐύτερος
589 5389 833 5457 εἴργεται
879 5390 978 5463 τῆς
1013 5388 1352 5459 λειτουργίας
1384 5387 1800 5455 ἐπιτιμιασθεὶς,
1832 5389 1861 5439 ὁ

295 5479 353 5532 δὲ
405 5478 649 5541 διάκονος
700 5481 796 5547 τὴς
846 5480 1140 5542 διακονίας,
1182 5481 1273 5531 καὶ
1318 5481 1344 5530 ὁ
1377 5476 1731 5548 ἀναγνώστης
1763 5480 1861 5547 τῆς

1958 4376 2085 4430 tatis
2131 4376 2297 4431 decus
2346 4378 2707 4431 conservavit.
2765 4376 2869 4443 Qui
2922 4392 3051 4431 vero
3113 4378 3379 4433 secundas
3422 4395 3524 4431 nu-

1959 4471 2098 4537 ptias
2126 4469 2244 4534 init,
2278 4480 2634 4539 praiterqnani
2662 4471 2804 4537 quod
2830 4470 3027 4537 dignus
3050 4486 3157 4525 non
3186 4480 3271 4525 est
3298 4471 3390 4538 qui
3430 4488 3526 4525 co-

1963 4568 2202 4621 ronetur,
2237 4575 2508 4614 canonum
2540 4559 2701 4614 etiam
2732 4561 2906 4629 pomis
2936 4570 3019 4615 est
3075 4563 3362 4617 obnoxius.
3403 4563 3523 4628 Quo

1958 4655 2124 4722 igitur
2150 4664 2304 4724 pacto
2335 4671 2597 4709 coronare
2618 4671 2786 4710 ausus
2809 4666 2892 4710 est
2917 4670 3042 4715 eos,
3078 4657 3168 4725 qui
3208 4672 3271 4711 ex
3299 4659 3523 4719 canoni-

1962 4747 2063 4801 bus
2147 4747 2215 4802 de
2280 4748 2512 4818 digamia
2571 4749 2833 4803 multandi
2894 4749 3063 4802 sunt?
3135 4748 3520 4815 Quamobrem,

1963 4838 2202 4907 ignosce,
2232 4847 2291 4892 ut
2311 4841 2516 4894 crimen
2543 4841 2686 4895 aliud
2746 4841 2952 4895 nullum
2995 4850 3159 4907 esset,
3214 4843 3523 4897 nullatenus

1963 4930 2272 4985 sacriﬁcare
2301 4934 2624 5000 permissum
2650 4947 2765 4997 est;
2808 4933 2949 4987 haud
2981 4935 3097 4988 scio
3128 4950 3194 4987 an
3216 4950 3312 5003 per
3342 4935 3524 4989 indul-

1963 5022 2198 5091 gentiam
2236 5024 2552 5091 dispensare
2594 5026 2737 5078 circa
2773 5035 3131 5091 sacramenta,
3163 5043 3282 5093 qua:
3329 5027 3398 5081 ab
3444 5030 3526 5081 in-

1967 5115 2127 5168 noxio
2152 5114 2468 5184 presbytero
2496 5114 2698 5169 fuerint
2717 5126 3054 5171 consecrata.
3083 5117 3155 5172 De
3185 5119 3404 5182 lectore,
3432 5122 3525 5187 qui

1966 5221 2121 5273 poena
2185 5217 2435 5274 suscepta
2492 5221 2743 5261 I‘CVCI‘SUS
2793 5218 2907 5269 CSl,
2946 5226 3161 5277 aequum
3200 5220 3282 5265 est
3315 5221 3372 5265 ιιι
3402 5223 3528 5265 ante

1964 5296 2154 5365 synodi
2198 5306 2410 5365 tempus
2440 5297 2761 5366 Apostolum
2798 5315 2901 5352 non
2929 5301 3091 5369 legat.
3125 5299 3261 5355 Nam
3296 5312 3350 5357 et
3402 5320 3526 5372 prc-

1964 5388 2145 5457 sbyter
2176 5388 2452 5442 inhibetur
2476 5406 2507 5442 a
2540 5391 2831 5455 sacriﬁcio,
2867 5402 2921 5445 et
2943 5393 3255 5449 diaconusa
3283 5397 3527 5451 ministe-

1968 5482 2070 5545 rio,
2102 5491 2155 5535 et
2180 5480 2349 5537 lector
2374 5496 2403 5535 α
2434 5480 2685 5537 lectione.
2730 5480 2838 5538 Nos
2870 5485 2941 5539 ita
2971 5487 3236 5543 sentimus
3264 5498 3317 5543 et
3348 5491 3527 5544 sanci-

1800 5696 2029 5754 ΝΟΤᾸΞ.

374 5878 486 5948 (85)
525 5880 577 5933 lu
607 5881 727 5935 Cod.
764 5880 889 5947 Reg.
933 5881 1062 5950 ριιδ.
