4184 6474
723 371 862 432 1583

1911 374 1972 430 S.
2004 372 2399 432 THEODORI
2436 376 2786 436 STUDITIE

3842 378 4001 444 1584

720 499 864 538 mus.
910 482 1066 537 Sicut
1100 493 1279 538 autem
1307 482 1492 552 pietati
1528 484 1632 536 tuae
1666 483 1839 537 visum
1877 481 2063 550 luerit,
2097 489 2176 540 sic
2219 485 2298 539 fa-

2406 488 2786 556 ἀναγνώσεως.
2826 489 3012 558 Ἡμεῖς
3029 489 3198 553 οὕτως
3223 492 3526 562 φρονοῦμεν
3558 495 3654 548 καὶ
3671 512 3998 567 τυπουμεν.

719 577 845 629 ciat.

1087 709 1291 765 CXCII.
1322 741 1390 752 —
1417 711 1587 768 lrenw
1615 714 1885 768 Puta-irim.

2413 580 2502 644 Ὠς
2529 581 2586 633 δέ
2619 582 2652 650 ή
2682 581 2935 634 εὐσέϐεια
2973 581 3125 651 ὑμῶν
3153 583 3386 652 νομίζει,
3423 587 3666 644 ποιείτω.

2546 711 2685 778 ΡῌΥ
2728 711 2860 781 (86).
2902 742 2972 752 —-
3005 713 3228 782 Εἰρήνῃ
3269 723 3563 784 πατρικιᾳ.
3607 715 3796 790 [ψοα¹.]

1531 848 1602 897 De
1637 849 1938 899 monasterio
1960 851 2253 900 feminarum
2274 853 2331 900 ad
2365 851 2498 901 viros
2521 866 2618 900 non
2641 852 3002 900 transferendo.

791 947 952 1004 Bona:
977 949 1185 1006 fiducia:
1215 963 1320 1008 tua:
1349 968 1730 1025 argumentum
1757 973 1859 1026 cst,
1896 965 2041 1032 quod
2074 982 2170 1020 nos
2199 966 2302 1019 hu-

2474 964 2588 1034 Τῆς
2631 964 2843 1034 ἀγαθῆς
2890 982 2980 1018 σου
3034 966 3416 1036 πεποιθήσεως
3445 965 3794 1035 σύμϐολον’τὸ
3824 971 4003 1037 ἡμεῖς

721 1043 878 1096 miles
905 1043 1250 1110 salutaveris,
1289 1046 1511 1104 Domina
1545 1053 1677 1106 mihi
1710 1055 2152 1122 honoratissima,
2207 1076 2303 1130 per

2406 1059 2527 1119 τοὺς
2576 1057 2862 1120 ταπεινοὺς
2927 1058 3393 1127 προσαγορεῦσαι,
3447 1058 3613 1127 κυρία
3664 1067 3999 1129 τιμιωτάτη

720 1135 977 1188 dilectum
1031 1134 1254 1191 fratrem
1310 1151 1558 1196 nostrum
1596 1145 1880 1200 dominum
1925 1147 2143 1203 Petrum
2179 1168 2304 1220 pro-

2406 1165 2516 1218 μοι,
2546 1146 2634 1200 διὰ
2663 1147 2756 1200 τοῦ
2787 1148 3148 1216 ὴγαπημένου
3185 1147 3344 1217 ἡμῶν
3373 1148 3606 1217 ἀδελφοῦ
3636 1150 3844 1218 Κυρίου
3880 1152 4000 1202 Πέ-

722 1223 986 1292 pinquum
1017 1233 1166 1279 tuum
1207 1245 1220 1280 :
1263 1244 1355 1295 per
1395 1247 1556 1300 quem
1609 1243 1663 1287 et
1704 1252 1804 1291 nos
1856 1239 2098 1292 vicissim
2133 1258 2298 1310 quam

2406 1257 2530 1311 τρου
2568 1238 2664 1291 καὶ
2699 1237 2998 1306 συγγενοῦς
3023 1257 3118 1292 σου
3140 1255 3153 1270 ⁸
3174 1239 3242 1290 δι’
3273 1231 3334 1292 οὗ
3362 1241 3456 1292 καὶ
3486 1241 3644 1308 ἡμεῖς
3674 1242 4001 1308 ἀντιπροσ-

720 1313 982 1369 debemus
1004 1318 1396 1374 salutationem
1420 1323 1720 1390 reddimus,
1743 1328 2025 1383 laudantes
2041 1331 2296 1399 pietatem

2406 1330 2747 1402 αγορεύομεν
2776 1330 3164 1400 όφειλομένως,
3201 1331 3548 1393 ἐπαινοῦντές
3582 1349 3676 1383 σου
3722 1332 3783 1384 τὸ
3810 1334 4002 1383 εὐσε-

722 1414 1226 1478 tuam,rectamque
1253 1411 1305 1464 in
1333 1412 1489 1468 bonis
1514 1419 1942 1474 aemulationem.
1971 1419 2084 1476 Hoc
2100 1426 2300 1494 quippe

2406 1423 2518 1486 ϐἐς,
2550 1428 2644 1476 καὶ
2681 1422 2984 1494 εὺζήλωτον
3019 1425 3076 1475 ἐν
3105 1423 3354 1490 ἀγαθοῖς.
3389 1425 3511 1476 Ὅτι
3563 1424 3721 1477 τοῦτο
3752 1427 3848 1478 καὶ
3888 1425 3999 1492 ἀφ’

719 1505 772 1549 et
805 1497 905 1566 ipsi
939 1515 1035 1568 per
1057 1516 1156 1554 nos
1179 1503 1407 1568 scimus,
1426 1515 1479 1560 et
1497 1523 1524 1560 a
1555 1507 1722 1563 fratre
1744 1527 1984 1582 persaepe
2009 1514 2300 1580 discimus,

2406 1515 2615 1568 ἑαυτῶν
2647 1514 2824 1586 ῐσμεν,
2860 1517 2953 1568 καὶ
2984 1515 3133 1585 παρά
3157 1514 3252 1567 τοῦ
3285 1514 3514 1584 ἀδελφοῦ
3544 1515 3800 1578 πολλάκις
3835 1516 4003 1568 διδα-

718 1588 976 1657 quodque
1007 1591 1075 1642 oh
1107 1590 1198 1644 Dei
1229 1606 1496 1660 amorem,
1547 1598 1723 1666 ipsum
1777 1601 1942 1654 etiam
1981 1603 2034 1656 in
2092 1604 2299 1658 honore

2406 1608 2678 1676 σκόμεθα·
2717 1609 2809 1660 καί
2832 1626 2893 1674 γε
2915 1609 2989 1673 ὡς
3016 1608 3104 1660 διά
3135 1607 3269 1660 Θεοῦ
3295 1607 3536 1676 ἀγάπην,
3564 1609 3658 1661 καὶ
3694 1609 3859 1661 αὑτὸν
3895 1609 4002 1661 διὰ

719 1676 908 1742 habes,
949 1679 1092 1734 sicut
1130 1681 1318 1737 virtuti
1350 1695 1456 1739 tua:
1479 1727 1493 1750 ,
1531 1697 1586 1740 et
1617 1689 1713 1742 viri
1747 1692 1991 1746 moribus
2022 1696 2298 1750 convenit.

2406 1702 2569 1769 τιμῆς
2601 1698 2776 1767 ἄγοις,
2802 1698 2968 1763 ἀξίως
3008 1698 3108 1768 τῆς
3147 1698 3373 1766 ἐνούσης
3405 1714 3486 1749 σοι
3511 1698 3726 1767 ἀρετῆς,
3752 1699 3849 1750 καὶ
3881 1699 3998 1764 τῆς

721 1767 990 1834 Quoniam
1025 1783 1207 1828 autem
1237 1788 1552 1844 percontata
1580 1795 1638 1836 es
1669 1782 1735 1836 de
1763 1787 2122 1852 monasterio,
2153 1788 2299 1857 quod

723 1859 932 1918 Leones
967 1876 1184 1932 vocant,
1216 1877 1396 1923 utrum
1454 1874 1742 1930 conveniat
1775 1877 1908 1932 viris
1962 1879 2093 1933 illud
2149 1882 2303 1936 attri-

721 1952 892 2008 buere
914 1996 929 2016 .
977 1958 1118 2012 sicut
1147 1969 1229 2014 est
1256 1963 1549 2016 consilium
1598 1974 1750 2020 tuum
1787 1968 1839 2022 in
1875 1969 1994 2038 ejus
2027 1971 2302 2027 instaura-

723 2046 894 2107 tione.
923 2065 1048 2104 cum
1083 2059 1243 2106 antea
1281 2055 1543 2110 muliebre
1585 2063 1973 2116 monasterium
2007 2064 2300 2132 diceretur,

720 2147 773 2194 et
809 2140 987 2210 reipsa
1018 2151 1161 2197 esset
1195 2161 1208 2197 :
1243 2144 1346 2200 hoc
1378 2147 1639 2205 habemus
1664 2153 1810 2221 quod
1842 2155 2300 2224 respondeamus,

721 2232 868 2300 quod
897 2249 1109 2305 nempe,
1134 2235 1180 2290 si
1211 2255 1240 2290 a
1266 2245 1318 2292 te
1345 2255 1488 2294 nunc
1522 2243 1760 2310 primum
1785 2257 2139 2302 consecratus
2159 2259 2304 2304 esset

721 2323 899 2391 locus,
931 2327 1201 2398 integrum
1230 2329 1371 2385 foret
1405 2331 1588 2389 facere
1612 2336 1760 2404 quod
1808 2338 1996 2393 velles.
2027 2339 2133 2394 Sed
2171 2343 2301 2410 quia

721 2431 1074 2476 consecratus
1104 2431 1266 2478 antea
1305 2423 1406 2478 fuit
1452 2441 1546 2496 per
1586 2427 1758 2483 beata:
1794 2433 2072 2487 memoriae
2107 2432 2303 2488 defun-

723 2517 866 2562 ctam
900 2509 1068 2565 ﬁliam
1108 2521 1256 2566 tuam
1289 2514 1401 2570 illic
1436 2517 1849 2585 praesidentem,
1883 2537 2004 2592 quae
2033 2533 2086 2578 et
2115 2525 2302 2580 multis

722 2601 881 2654 annis
905 2605 1297 2658 monasterium
1330 2608 1469 2661 rexit
1506 2622 1632 2663 cum
1676 2611 1951 2681 virginum
1988 2626 2165 2684 cmtu;
2200 2618 2300 2673 etsi

722 2694 1008 2762 superiore
1037 2695 1179 2750 bello
1211 2699 1355 2754 civili
1381 2698 1519 2756 facta
1575 2712 1658 2758 est
1715 2719 1970 2760 sororum
2019 2708 2164 2764 illius
2196 2710 2301 2764 loci

724 2786 1048 2853 translatio,
1079 2798 1243 2859 atque
1295 2791 1467 2862 ipsius
1508 2798 1834 2865 praepositae,
1890 2814 2012 2868 quas
2039 2800 2112 2854 ibi
2146 2803 2304 2870 quie-

723 2877 912 2932 scebat
942 2879 995 2932 in
1014 2882 1187 2937 sacris
1219 2882 1437 2950 loculis,
1464 2902 1588 2940 cum
1620 2888 1742 2943 aliis
1769 2905 1890 2958 quae
1913 2905 2304 2959 praecesserant

724 2965 970 3036 ejusdem
1013 2970 1224 3027 ordinis
1263 2975 1587 3043 animabus;
1625 2977 1706 3032 fas
1744 2996 1850 3033 non
1883 2991 1986 3046 est,
2012 2985 2301 3054 utopinor,
2329 3016 2376 3079 ε

725 3055 948 3079 n-__:__
1012 3064 1224 3079 μηλέαι
1456 3076 1466 3079 Α
1535 3069 1561 3079 .-
1635 3069 1647 3079 .
2014 3075 2083 3079 -___

725 3055 977 3125 Domina,
1007 3064 1363 3120 mutationem
1397 3082 1426 3121 a
1454 3076 1506 3123 te
1531 3069 1670 3133 fleri,
1690 3081 1781 3126 aut
1812 3087 1978 3142 porro
2013 3075 2156 3131 illius
2182 3093 2303 3148 qua:

725 3152 1024 3219 praecessit,
1059 3169 1278 3211 sorores
1319 3157 1568 3229 ﬁliasque
1601 3161 1893 3229 dimittere,
1935 3181 2057 3236 quae
2088 3168 2159 3222 ibi
2198 3170 2306 3225 Deo

726 3243 935 3297 servire
961 3245 1192 3330 malunt,
1227 3247 1317 3302 ubi
1349 3252 1559 3318 sepulta
1589 3263 1674 3309 est
1719 3258 2025 3326 praeposita.
2069 3260 2304 3330 Aposto-

727 3333 866 3390 licus
897 3351 1081 3391 sermo
1103 3328 1187 3394 est
1219 3356 1233 3394 :
1277 3341 1645 3415 Unusquisque
1671 3347 1722 3400 in
1745 3364 1848 3417 quo
1873 3360 2085 3404 vocatus
2119 3328 2214 3419 est,
2250 3355 2306 3408 in

727 3422 826 3478 hoc
859 3436 1068 3481 maneat
1101 3428 1166 3482 ⁸⁸.
1230 3428 1622 3489 Monasterium
1683 3439 1945 3494 muliebre
1976 3440 2304 3510 appellatum

729 3524 815 3570 est
849 3535 864 3572 :
902 3533 1022 3588 quae
1053 3534 1220 3576 causa
1249 3522 1646 3583 immolationis
1673 3568 1689 3594 ,
1741 3537 1801 3583 ut
1834 3530 2074 3586 virorum
2107 3547 2306 3588 nomen

730 3610 923 3678 gerat?
951 3615 1256 3681 praesertim
1279 3629 1404 3670 cum
1429 3617 1529 3671 viri
1554 3634 1662 3673 non
1699 3622 2038 3690 appareant?
2064 3638 2183 3694 quae
2205 3638 2307 3676 au-

730 3710 838 3754 tem
877 3704 1118 3772 expulsa:
1150 3715 1316 3773 sunt,
1375 3723 1484 3762 non
1524 3708 1703 3763 ferant
1737 3725 1796 3765 se
1855 3725 1962 3766 non
1994 3713 2068 3766 ibi
2105 3714 2305 3768 vivere.

729 3789 884 3855 Quod
928 3792 974 3846 si
1009 3807 1152 3864 sape
1183 3796 1415 3851 mutatio
1449 3796 1590 3853 facta
1616 3809 1699 3855 est
1731 3801 1784 3854 in
1817 3800 2148 3870 quibusdam
2192 3819 2309 3857 mo-

730 3880 988 3935 nastcriis
1009 3921 1024 3947 ,
1059 3893 1155 3937 aut
1185 3891 1495 3954 persecutio
1547 3905 1713 3945 causa
1747 3889 1871 3956 fuit,
1904 3903 2000 3946 aut
2029 3893 2308 3963 subreptio

730 3971 935 4042 injusta
963 4014 977 4036 ,
1027 3985 1126 4030 aut
1175 3981 1418 4046 potentia
1455 3995 1562 4034 non
1606 3981 1871 4050 legitima.
1923 3981 2136 4049 Quibus
2179 4000 2309 4040 vero

729 4072 877 4119 recta
909 4077 992 4121 est
1023 4067 1176 4134 lides,
1213 4079 1267 4124 et
1321 4071 1432 4126 vita
1488 4071 1610 4127 ﬁdei
1665 4089 1773 4129 non
1826 4091 2168 4147 repugnans,
2213 4092 2309 4132 eos

728 4168 1158 4213 consentaneum
1186 4159 1354 4217 fuerit
1376 4165 1678 4220 secundum
1705 4166 1850 4237 leges
1872 4177 1926 4222 et
1953 4183 2190 4224 canones
2213 4168 2309 4223 lo—

727 4248 821 4316 qui
854 4257 909 4303 et
930 4263 1111 4320 agere.
1139 4251 1507 4317 Quamobrem
1531 4255 1817 4312 hortamur
1845 4268 1898 4314 et
1929 4259 2304 4326 obsecramus,

2403 1789 2496 1842 τοῦ
2537 1790 2736 1860 ἀνδρὸς
2772 1791 3068 1853 πολιτείας.
3087 1790 3303 1859 Ἐπειδὴ
3325 1789 3380 1841 δὲ
3407 1787 3692 1858 ἠρώτησας
3725 1788 3854 1858 περὶ
3886 1787 3999 1840 τοῦ

2406 1881 2767 1950 μοναστηρίου
2799 1879 2893 1932 τοῦ
2938 1879 3329 1948 ἐπιλεγομένου
3377 1878 3504 1939 τοὺς
3535 1877 3791 1938 Λέοντας,
3816 1876 3905 1936 ὡς
3939 1877 3999 1927 εί

2402 1971 2514 2024 δέοι
2547 1971 2790 2040 ἀνδρεῖον
2833 1970 2965 2022 αὐτὸ
2993 1968 3442 2040 καταστήσασθαι
3462 1983 3475 1995 ’
3503 1967 3675 2030 οὕτως
3705 1967 3995 2035 αἱρέσεως

2403 2062 2602 2132 ἔχουσα
2631 2063 2688 2114 ἐν
2721 2061 2798 2132 τῷ
2827 2059 3334 2131 μετασχηματισμῷ
3362 2057 3455 2111 τοῦ
3487 2061 3613 2128 πρὶν
3651 2056 3996 2126 γυναικείαν

2406 2153 2576 2222 μονὴν
2598 2153 2997 2221 ὀνομαζομένου
3027 2155 3120 2205 καὶ
3149 2151 3585 2221 χρηματίσαντος
3612 2168 3626 2181 ο
3659 2149 3812 2202 τοῦτο
3834 2152 4000 2203 ἀποο

2405 2241 2686 2313 κρίνεσθαι
2714 2241 2934 2312 ἔχομεν’
2963 2243 3044 2295 ὃτι
3074 2245 3120 2295 εἰ
3147 2245 3245 2312 μὲν
3268 2243 3463 2303 νεωσῄ
3493 2237 3694 2314 ἦρκταί
3723 2259 3804 2293 σοι
3831 2243 3999 2295 καθ-

2405 2334 2588 2404 ιεροῦν
2629 2334 2718 2386 τὸν
2761 2335 2945 2397 τόπον,
2993 2334 3110 2399 ἐξὸν
3161 2335 3300 2405 ὅπερ
3344 2336 3476 2405 αἱρῇ
3539 2333 3994 2402 διαπράξασθαι.

2415 2425 2634 2496 Ἐπειδὴ
2659 2425 2715 2478 δέ
2753 2425 3191 2496 προκαθιέρωται
3225 2426 3312 2480 διά
3334 2427 3433 2496 τῆς
3458 2427 3516 2479 ἐν
3549 2427 3792 2495 μακαρίᾳ
3828 2427 3995 2496 μνή-

2407 2532 2485 2589 μῃ
2518 2516 2865 2587 τελεσθείσης
2893 2535 2985 2570 σου
3017 2517 3287 2589 θυγατρὸς
3317 2521 3493 2572 ἐκεῖσε
3525 2518 3991 2588 καθηγουμένης,

2404 2611 2496 2661 καὶ
2526 2608 2685 2662 τοῦτο
2711 2611 2803 2662 ἐπὶ
2833 2613 3047 2680 χρόνοις
3087 2612 3290 2671 ἱκανοῖς
3335 2609 3796 2679 διακρατησάσης,
3830 2610 3997 2678 μετὰ

2404 2701 2498 2752 καὶ
2525 2700 2770 2763 συνοδίας
2806 2701 3147 2771 παρθενικῆς
3175 2718 3188 2732 °
3219 2703 3267 2753 sl
3300 2702 3392 2754 καὶ
3432 2703 3513 2753 ὅτι
3551 2699 3833 2770 μετάθεσις
3879 2702 3992 2767 γέ-

2403 2809 2560 2862 γονεν
2607 2796 2671 2846 ἐκ
2703 2792 2797 2846 τοῦ
2840 2794 3202 2862 προλαϐόντος
3250 2792 3515 2862 ἐμφυλίου
3571 2792 3826 2861 πολέμου,
3870 2795 3991 2862 τῆς

2405 2885 2762 2955 ἀδελφότητος
2806 2885 2917 2938 τῶν
2957 2887 3155 2949 ἐκεῖσε,
3212 2885 3381 2955 αὐτῆς
3420 2902 3478 2939 τε
3528 2885 3624 2956 τῆς
3660 2889 3992 2958 ἡγουμένης

2405 2976 2566 3047 δεῦρο
2595 2978 2999 3048 κατακειμένης
3025 2979 3083 3029 ἐν
3121 2978 3316 3047 θήκαις
3343 2979 3519 3042 ὁσίαις
3552 2978 3688 3048 μετὰ
3709 2981 3804 3031 καὶ
3836 2996 3992 3051 προς

2408 3068 2688 3122 λαϐουσῶν
2724 3071 2899 3124 ἄλλων
2932 3070 3220 3140 ὁμοταγῶν
3275 3070 3494 3141 ψυχῶν·
3527 3072 3587 3124 οὐ
3621 3070 3863 3139 θεμιτὸν,
3900 3072 3989 3137 ὡς

2406 3156 2584 3231 οἶμαι,
2632 3162 2818 3232 κυρία,
2859 3163 3161 3230 ἐξαλλαγὴν
3215 3162 3546 3233 ποιήσασθαί
3602 3179 3696 3216 σε·
3733 3161 3991 3233 μάλιστα

2405 3254 2514 3306 τῶν
2558 3253 2863 3322 ὰφεθεισῶν
2911 3254 3153 3322 ἀδελφῶν
3187 3255 3282 3308 καὶ
3312 3255 3513 3307 τέκνων
3539 3256 3637 3324 τῆς
3666 3272 3991 3324 προηγησα-

2411 3344 2579 3414 μένης
2626 3337 2729 3396 ὦδε
2759 3344 3098 3414 αἱρουμένων
3135 3343 3419 3414 λατρεύειν
3470 3343 3608 3413 Θεῷ,
3636 3343 3759 3396 ἔνθα
3801 3345 3897 3396 καὶ
3947 3348 3987 3416 ἡ

2408 3436 2798 3507 καθηγουμένη
2879 3438 3225 3490 κατάκειται.
3311 3434 3695 3497 Ἀποστολικὸς
3756 3436 3784 3486 ό
3813 3433 3986 3502 λόγος

2407 3531 2556 3583 ἐστίν
2575 3546 2587 3558 ·
2622 3529 2921 3594 Ἕκαστος
2956 3528 3025 3581 ὲν
3052 3526 3097 3593 ᾧ
3119 3527 3369 3595 ἐκλήθη,
3402 3528 3471 3582 ὲν
3496 3528 3686 3593 τούτῳ
3722 3526 3984 3595 μενέτω.

2408 3622 2560 3693 Μονὴ
2609 3621 2813 3692 ἐκλήθη
2849 3620 3138 3687 γυναικεία
3163 3637 3176 3650 ’
3207 3620 3291 3683 τίς
3316 3620 3471 3688 λόγος
3499 3619 3597 3688 τῆς
3633 3619 3986 3690 μεταλλαγῆς

2407 3714 2764 3784 ἀνδρώνυμον
2798 3712 3081 3781 γενέσθαις
3131 3713 3306 3766 καίτοι
3357 3712 3565 3782 ἀνδρῶν
3617 3712 3692 3783 μὴ
3727 3710 3844 3766 κατ’
3873 3713 3985 3780 ὀφ-

2409 3806 2652 3876 θαλμοὺς
2687 3805 3051 3876 φαινομένων,
3097 3805 3193 3858 καὶ
3244 3805 3352 3857 τῶν
3406 3803 3820 3874 ἐκϐεϐλημένων
3869 3805 3984 3858 οὐκ

2409 3899 2749 3969 ἀνεχομένων
2781 3899 2856 3969 μὴ
2887 3898 3008 3969 οὐχὶ
3040 3898 3219 3950 ἐκεῖσε
3248 3896 3457 3967 διαζῆν.
3489 3895 3550 3950 Εί
3586 3895 3642 3949 δέ
3670 3897 3750 3949 ὅτι
3781 3895 3982 3962 γέγονε

2412 3990 2676 4053 πολλάκις
2697 3989 2966 4060 ἐξαλλαγὴ
3000 3988 3057 4042 ἐν
3083 4005 3193 4041 τισι
3222 3987 3626 4057 μοναστηρὶοις,
3667 3986 3801 4040 ἀλλὰ
3829 3986 3980 4039 κατά

2407 4081 2650 4152 διωγμοῦ
2702 4081 2906 4141 αἰτίαν,
2959 4080 3055 4134 καὶ
3111 4077 3449 4148 ὑφαρπαγὴν
3495 4079 3592 4148 οὐχ
3639 4077 3813 4143 ὁσίαν,
3872 4080 3980 4130 καὶ

2411 4173 2663 4237 ἐξουσίαν
2700 4173 2798 4225 οὐκ
2831 4171 3110 4242 ἔνθεσμον.
3150 4164 3245 4232 Οἷς
3277 4169 3453 4222 δὲκαὶ
3483 4170 3663 4232 πίστις
3703 4169 3834 4240 ὀρθὴ
3874 4171 3981 4222 καὶ

2412 4267 2525 4338 βίος
2581 4265 2656 4336 μὴ
2704 4264 3114 4334 ἀνθιστάμενος,
3155 4263 3364 4328 τούτοις
3409 4261 3701 4317 ἀκόλουθον
3760 4262 3826 4316 ἂν
3880 4263 3977 4332 εἴη

728 4354 793 4394 ac
827 4339 872 4394 si
904 4341 1018 4411 ipsa
1049 4343 1219 4398 beatae
1247 4347 1522 4402 memoriae
1547 4348 1654 4403 tilia
1693 4362 1782 4405 tua
1812 4366 1910 4421 per
1942 4367 2042 4407 nos
2070 4352 2304 4410 humiles

2409 4358 2690 4427 ἐνθέσμως
2712 4357 2804 4410 καὶ
2858 4355 3158 4418 κανονικῶς
3199 4355 3377 4424 λέγειν
3416 4356 3512 4409 καὶ
3563 4354 3839 4426 πράττειν.
3870 4352 3979 4406 Διά

727 4446 916 4486 vocem
939 4433 1144 4501 ederet,
1165 4441 1557 4494 monasterium
1586 4440 1796 4498 Leones
1820 4453 2009 4517 pergat
2038 4447 2303 4503 muliebre

727 4527 1060 4594 nuncupari.
1095 4538 1149 4582 et
1183 4529 1354 4598 ipsius
1377 4531 1516 4586 tilias
1550 4533 1602 4586 in
1633 4535 1850 4604 spiritu,
1870 4538 2168 4593 servientes
2191 4537 2302 4594 Deo

728 4617 1026 4672 custodire.
1069 4618 1184 4673 Hoc
1216 4623 1362 4675 enim
1418 4633 1476 4677 ut
1508 4623 1690 4690 illius,
1741 4629 1820 4682 sic
1859 4628 1913 4682 et
1943 4636 2048 4681 tua:
2084 4645 2303 4699 quoque

727 4709 913 4779 pietati
947 4711 1068 4766 laus
1097 4713 1202 4766 erit
1230 4729 1363 4768 sane
1390 4716 1646 4781 maxima,
1681 4734 1854 4788 neque
1888 4735 2077 4773 ansam
2115 4737 2302 4790 repre-

729 4801 1015 4857 hensionis
1070 4804 1220 4859 dabit
1272 4806 1339 4860 iis
1389 4809 1480 4876 qui
1541 4819 1728 4862 nostra
1781 4811 2118 4866 observant:
2153 4813 2298 4882 quod

727 4893 976 4963 praecipit
1005 4895 1305 4965 Apostolus
1343 4914 1467 4953 cum
1508 4901 1586 4953 ait
1621 4919 1633 4954 :
1669 4900 1796 4955 Sine
1821 4903 2106 4970 aﬂemione
2138 4915 2301 4959 estote

727 4992 778 5037 et
814 4983 1041 5052 Iudaeis,
1075 4997 1126 5042 et
1167 4989 1387 5057 ercis,
1429 5001 1478 5044 et
1517 4991 1771 5049 Ecclesiw
1806 4993 1902 5048 Dei
1925 4995 1992 5048 ³⁵.
2032 4994 2300 5062 Quoniam

731 5077 836 5132 nisi
879 5079 952 5133 ita
983 5079 1197 5149 fewris,
1249 5099 1335 5140 res
1379 5086 1599 5155 quidem
1637 5102 1742 5140 non
1777 5089 2078 5155 subsistet,
2133 5089 2203 5144 ab
2237 5105 2302 5144 eo

730 5173 876 5240 quod
909 5177 1184 5240 convenit,
1240 5178 1309 5230 ad
1372 5179 1421 5232 id
1481 5178 1624 5248 quod
1671 5190 1866 5249 praeter
1895 5191 2145 5236 naturam
2195 5190 2298 5246 est,

735 5266 1029 5335 translata;
1066 5283 1167 5323 nos
1201 5285 1331 5324 vero
1377 5286 1486 5325 non
1520 5270 1846 5341 en‘ugiemus
1894 5274 2162 5344 publicam
2204 5288 2300 5328 ca-

793 5448 885 5504 “l
917 5451 1042 5505 Cor.
1070 5467 1166 5514 vn,
1195 5453 1265 5506 20
1362 5456 1405 5486 ³⁵
1438 5457 1452 5509 I
1482 5453 1607 5511 Cor.
1643 5475 1692 5519 χ,
1722 5459 1806 5511 52.

2409 4450 2568 4504 τοῦτο
2596 4449 2692 4502 καὶ
2721 4447 3094 4520 παραινοῦμεν
3123 4448 3216 4500 καὶ
3254 4444 3663 4515 ἀντιϐολοῦμεν,
3689 4443 3762 4506 ὡς
3803 4443 3978 4512 αὐτῆς

2408 4546 2507 4614 τῆς
2531 4541 2806 4613 μακαρίας
2832 4540 3100 4611 θυγατρός
3130 4555 3224 4591 σου
3249 4538 3431 4607 φωνὴν
3457 4536 3706 4606 ἀφιείσης
3726 4534 3790 4587 δι’
3811 4534 3975 4604 ἡμῶν

2407 4635 2516 4688 τῶν
2557 4632 2861 4686 ταπεινῶν·
2901 4631 3107 4702 μενέτω
3154 4629 3216 4682 τὺ
3253 4631 3614 4700 μοναστήριον
3659 4628 3709 4679 οἱ
3742 4626 3976 4688 Λέαντες

2407 4726 2716 4795 γυναικεῖον
2747 4722 3108 4793 χρηματίζον,
3149 4721 3241 4774 καὶ
3285 4719 3559 4791 φρουροῦν
3593 4718 3691 4781 τὰς
3715 4716 3975 4769 καταλει-

2407 4815 2632 4885 φθείσας
2652 4815 2955 4884 θυγατέρας
2982 4813 3168 4882 αὐτῆς,
3192 4814 3250 4864 ἐν
3267 4811 3536 4881 πνεύματι
3561 4809 3808 4878 λάτριδας
3828 4805 3971 4874 Θεῷ.

2407 4907 2579 4960 Τοῦτο
2627 4906 2734 4975 γὰρ
2767 4886 2879 4958 ’σὺν
2923 4904 3106 4975 ἐκείνη
3149 4905 3242 4956 καὶ
3291 4905 3355 4972 τῇ
3402 4905 3467 4971 σῇ
3504 4899 3778 4968 θεοσεϐείᾳ
3815 4897 3974 4958 κλέος

2409 5000 2490 5051 ὃτι
2529 4998 2783 5068 μάλιστα,
2820 4997 2915 5049 καὶ
2947 4995 3277 5063 ἀνεπίψογον
3313 4997 3428 5058 τοῖς
3471 4992 3872 5061 ἐπισκήπτουσι
3903 4989 3973 5039 τὰ

2409 5091 2689 5160 ἡμέτερα·
2752 5089 2886 5159 ὅπερ
2938 5088 3231 5158 παρεγγυᾷ
3287 5087 3315 5138 ό
3380 5083 3698 5144 Ἀπόστολος
3753 5080 3970 5148 λέγων’

2422 5183 2824 5249 Ἀπρόσκοποι
2879 5181 3117 5249 γίνεσθε
3173 5178 3265 5230 καὶ
3314 5175 3646 5241 Ἰουδαίοις,
3693 5173 3788 5227 καὶ
3827 5174 3971 5226 Ἕλ-

2409 5277 2578 5341 λησι,
2611 5275 2707 5326 καὶ
2757 5271 2830 5339 τῇ
2902 5273 3227 5339 Ἐκκλησία
3283 5270 3387 5324 τοῦ
3446 5267 3614 5323 Θεοῦ.
3659 5265 3812 5320 Ἐπεὶ
3875 5265 3973 5317 ἐὰν

2230 5628 2458 5685 NOTAE.

811 5784 922 5855 (86)
958 5785 1013 5841 In
1039 5788 1166 5843 cod.
1198 5785 1332 5856 Reg.
1372 5791 1503 5856 με’.
