4184 6538
234 484 377 550 1585

1360 447 1370 457 ’
1440 485 1976 546 EPISTOLARUM
2034 488 2182 547 Lm.
2226 489 2304 547 [ι.

3344 488 3487 550 1586

234 613 316 666 μη
349 593 497 647 οὕτω
531 593 783 663 πράξοις,
825 592 885 644 τὸ
908 624 913 629 ~
938 592 1037 662 μὲν
1082 591 1268 664 δρᾶμα
1315 596 1505 648 στάσιν
1537 594 1638 665 οὐχ
1670 594 1810 662 ἕξει,

1922 596 2278 663 villationem,
2314 598 2617 654 addiderim
2651 600 2841 666 etiam,
2900 600 2952 654 in
2984 599 3494 656 condemnationem

229 687 385 753 ἆπαξ
410 684 633 757 κινηθὲν
664 688 729 738 ὲκ
760 684 856 738 τοῦ
894 684 1231 754 καθήκοντος
1265 686 1346 748 εἰς
1372 686 1434 739 τὸ
1463 686 1613 756 παρὰ
1634 685 1815 753 φύσιν·

232 781 401 849 ἡμεῖς
438 777 495 830 δὲ
539 778 643 831 οὐκ
695 778 800 843 ἔξω
843 776 1161 847 κωμῳδίας,
1192 776 1494 849 προσθείην
1540 777 1586 829 δ’
1615 776 1683 829 ἂν
1724 776 1818 830 καὶ

231 870 617 941 κατακρίσεως
648 871 1088 939 ἀπενεγκοίμεθα
1118 871 1496 942 παράπτωμα.

412 981 551 1052 PU"
590 985 726 1055 (87).
750 1014 822 1025 --
861 984 1174 1056 Εὐδοκίμφ
1214 986 1548 1053 σπαοαρίφ.
1626 983 1813 1059 [ψοβ’.]

1925 689 1995 744 ob
2033 690 2292 745 delictum
2320 692 2686 747 incurremus.

2197 977 2424 1034 CXCIII.
2460 1009 2529 1019 ——
2574 979 2864 1034 Eudocimo
2896 979 3185 1050 Spathario
3220 982 3318 1053 (⁸).

1254 1098 1330 1148 De
1357 1096 1669 1162 praescientia
1702 1097 1795 1148 Del
1816 1101 1872 1146 et
1902 1089 2354 1158 prmdestinatione.

318 1202 613 1272 Ὠψίσαμεν
645 1203 1053 1258 ἀντεπιστεῖλαι
1085 1206 1150 1276 τῇ
1186 1204 1466 1277 τιμιότητί
1500 1222 1596 1259 σου
1619 1222 1633 1237 ·
1664 1204 1809 1258 ὥστε

238 1293 442 1365 μικροῦ
486 1294 595 1348 δεῖν
636 1295 732 1348 καλ⁸
783 1295 1186 1366 ὲκκεκροῦσθαι
1232 1298 1383 1368 ἡμᾶς
1415 1297 1517 1368 τῆς
1570 1297 1680 1350 τῶν
1718 1298 1817 1350 ἐπ·

236 1388 587 1458 εσταλμένων
613 1388 919 1459 δυνάμεως.
962 1388 1124 1442 Ἀλλά
1152 1388 1213 1442 τὸ
1258 1391 1449 1455 αἰτιον,
1477 1389 1539 1443 τὸ
1575 1390 1650 1459 μὴ
1675 1405 1817 1460 παρ-

235 1478 377 1529 εῖναι
420 1478 615 1529 πιστὸν
679 1479 1207 1550 γραμματτηφόρον.
1258 1479 1373 1533 Νῦν
1413 1479 1470 1533 δὲ
1508 1479 1701 1550 ἐπειδὴ
1755 1479 1816 1545 ἐξ

236 1568 543 1636 ἀναγκαίου
588 1569 991 1641 ἀπεστείλαμεν
1042 1571 1134 1625 τὸν
1185 1572 1467 1643 οἰκονόμον
1526 1573 1626 1643 τῆς
1691 1572 1814 1626 καθ’

236 1661 390 1731 ήμᾶς
432 1661 602 1730 μονῆς
620 1660 675 1713 ὲν
700 1662 813 1722 τοῖς
846 1662 1036 1716 αὐτόθι
1056 1679 1071 1694 ’
1096 1663 1322 1727 εἰκότως
1353 1663 1414 1718 τὸ
1435 1663 1653 1728 ἐλλιπὲς
1677 1665 1815 1719 ἀπο-

238 1751 561 1822 πληροῦμεν
586 1770 599 1782 ·
640 1754 817 1807 ἐκεῖνο
876 1754 1093 1825 πρῶτον
1131 1754 1405 1823 λέγοντες,
1450 1757 1533 1809 ὅτι
1574 1757 1673 1827 οὐχ
1716 1750 1819 1809 οἷοί

238 1846 412 1914 ἔσμεν
453 1843 836 1915 φαρμακεύειν
862 1845 1041 1917 ψυχήν
1069 1846 1439 1918 λυπουμένην,
1481 1849 1575 1902 καὶ
1603 1848 1820 1912 πολλοῖς

237 1934 661 2005 τετρυχωμένην
717 1935 969 1991 πάθεσιν.
1001 1936 1192 2006 Ὅμως
1257 1938 1545 2009 πειρατέον
1599 1940 1664 1992 ὲκ
1711 1938 1820 1992 τῶν

238 2026 620 2081 θεοπνεύστων
654 2026 871 2096 Λογίων
895 2029 997 2100 τήν
1031 2030 1332 2102 θεραπείαν
1364 2030 1719 2102 ἐξευρίσκειν.
1752 2032 1821 2085 Τί

238 2114 336 2169 οὖν
404 2131 571 2185 φησιν
605 2115 868 2170 ότούτων
931 2119 1191 2190 μέγιστος
1250 2119 1491 2190 ταμίας;
1548 2120 1820 2175 Πάντοτε

240 2208 500 2277 χαίρετε,
552 2208 949 2277 ἀδιαλείπτως
1004 2213 1441 2283 προσεύχεσθε,
1521 2213 1592 2267 ἐν
1640 2213 1822 2268 παντί

238 2301 672 2370 εὐχαριστεῖτε.
705 2303 768 2357 Εἰ
802 2300 894 2358 οὖν
925 2304 984 2358 ἑν
1009 2306 1175 2359 παντί
1206 2305 1405 2377 καιρῷ,
1437 2306 1535 2360 καὶ
1565 2308 1624 2359 ὲν
1651 2309 1819 2362 παντὶ

244 2393 557 2464 πράγματι.
603 2397 699 2451 καὶ
746 2397 1114 2462 ἀδιαλείπτως
1159 2399 1221 2452 τὸ
1246 2399 1481 2469 χαίρειν,
1514 2399 1610 2453 καὶ
1660 2399 1821 2469 εὐχα-

245 2488 471 2554 ριστεῖν,
518 2487 612 2539 καὶ
668 2487 1069 2559 προσεύχεσθαι
1119 2491 1252 2560 ⁴ήμῖν
1302 2489 1690 2543 διατέτακταιο
1720 2491 1821 2544 οὐκ

245 2576 315 2629 ἂν
361 2576 702 2646 ἐξοιχήσεται
747 2580 961 2650 χρόνος,
998 2581 1117 2634 οὐδὲ
1160 2584 1188 2635 ὁ
1231 2583 1543 2653 ἀκαριαῖος,
1594 2583 1668 2654 μὴ
1702 2583 1823 2652 οὐχὶ

246 2669 697 2739 περιοριζόμενος
745 2672 804 2725 ὲν
854 2672 933 2743 τῷ
972 2674 1184 2743 χαίρειν
1223 2676 1315 2728 καὶ
1349 2676 1691 2746 εὐχαριστεῖν
1730 2675 1822 2729 τὸν

242 2758 495 2829 ἀληθινὸν
542 2761 891 2829 Χριστιανόν.
943 2762 1150 2818 Οὔκουν
1197 2764 1382 2819 λοιπὸν
1448 2765 1706 2819 θλιπτικὰ
1754 2770 1823 2819 τὰ

244 2851 511 2921 παρόντα,
540 2852 645 2905 κᾶν
668 2849 756 2908 οἷά
795 2856 914 2908 ποτ’
943 2855 1008 2908 ἂν
1037 2852 1145 2909 εἷεν
1171 2857 1268 2926 τῆς
1306 2858 1649 2929 δυσπραγίας
1673 2858 1823 2929 ἔχον-

245 2960 315 2997 τα
350 2943 410 2996 τὸ
452 2943 798 3015 ὐπέρογκον;
836 2947 944 3000 Kal
993 2945 1165 3001 ταῦτα
1206 2949 1303 3018 οὐχ
1350 2949 1425 3012 ὡς
1453 2948 1724 3022 ἀγνοούσῃ
1754 2952 1818 3022 τῇ

245 3035 427 3105 ἀγαθῇ
462 3052 555 3088 σου
587 3036 758 3107 ψυχῇ,
796 3037 932 3090 ἀλλά
965 3038 1395 3110 ὐπομνηστικῶς
1440 3039 1659 3111 εἴρηταί
1688 3056 1819 3111 μοι’

1990 1198 2244 1254 Cunctati
2278 1212 2445 1267 supra
2478 1197 2703 1253 modum
2723 1214 2916 1253 sumus
2934 1198 3369 1256 honoriﬁcentiae
3393 1210 3497 1257 tua:

1926 1289 2123 1346 litteris
2154 1290 2521 1361 respondere;
2554 1290 2689 1344 adeo
2746 1299 2806 1345 ut
2847 1306 2985 1360 pene
3020 1292 3180 1346 nobis
3234 1277 3500 1349 exciderit

1922 1383 2053 1453 quid
2079 1382 2425 1453 potissimum
2452 1383 2815 1437 continerent.
2851 1382 2955 1437 Sed
2985 1399 3151 1439 causa
3191 1383 3317 1450 fuit,
3349 1386 3495 1455 quod

1922 1477 2091 1530 lidum
2154 1474 2495 1529 tabellarium
2562 1488 2670 1527 non
2734 1474 3081 1529 haberemus.
3136 1475 3293 1533 Nunc
3342 1494 3493 1542 vero,

1920 1568 2142 1637 quando
2176 1567 2395 1637 quidem
2430 1581 2659 1622 necesse
2694 1564 2796 1621 fuit
2837 1567 2977 1622 istuc
3017 1568 3230 1623 mittere
3276 1584 3498 1625 oecono-

1924 1676 2071 1716 mum
2098 1659 2417 1715 monasterii
2465 1659 2658 1724 nostri,
2696 1660 2841 1729 quod
2867 1661 3132 1715 omissum
3170 1660 3272 1715 fuit
3305 1663 3497 1731 exple-

1929 1770 2052 1811 mus
2097 1763 2155 1809 ut
2194 1768 2294 1824 par
2323 1764 2405 1809 est
2429 1794 2445 1819 ,
2503 1762 2667 1823 atque
2702 1753 2836 1807 illud
2867 1754 3046 1823 primo
3089 1754 3207 1808 loco
3236 1755 3496 1821 dicimus,

1853 1824 1892 1878 Β
1923 1860 2029 1899 non
2062 1858 2226 1914 posse
2265 1858 2367 1899 nos
2409 1843 2606 1898 animae
2641 1845 2915 1910 mcerenti,
2948 1855 3001 1898 et
3031 1845 3218 1900 multis
3236 1847 3498 1902 aerumnis

1920 1936 2121 1992 attritas
2158 1935 2461 1991 remedium
2496 1934 2738 1990 aﬂ‘erre':
2774 1935 3169 1990 connitendum
3222 1946 3401 1991 tamen
3438 1946 3502 1992 ut

1919 2044 1983 2088 ex
2016 2028 2221 2084 divinis
2264 2027 2496 2097 eloquiis
2529 2027 2874 2083 curationem
2909 2028 3319 2083 nanciscamur.
3355 2028 3499 2095 Quid

1919 2135 2050 2190 ergo
2102 2119 2180 2173 ait
2235 2119 2512 2172 maximus
2577 2118 2800 2173 illorum
2861 2116 3500 2188 dispensatorYSemper

1920 2210 2163 2282 gaudete,
2184 2211 2299 2264 sine
2325 2209 2717 2264 intermissione
2746 2218 2914 2276 orate,
2943 2211 2999 2263 in
3025 2209 3269 2265 omnibus
3291 2211 3499 2281 gratias

1921 2305 2062 2374 agite
2079 2301 2148 2358 ³⁸.
2183 2301 2238 2357 Si
2265 2318 2395 2374 ergo
2428 2310 2480 2357 et
2504 2302 2658 2357 omni
2694 2310 2964 2372 tempore,
2988 2311 3044 2358 et
3071 2303 3125 2357 in
3156 2304 3305 2358 omni
3337 2319 3416 2370 re,
3446 2311 3503 2358 et

1921 2397 2042 2451 sine
2066 2394 2472 2449 intermissione
2494 2393 2752 2465 gaudere,
2770 2404 2824 2448 et
2847 2394 3051 2465 gratias
3069 2408 3247 2464 agere,
3267 2403 3321 2449 et
3341 2409 3502 2450 orare

1922 2488 2080 2543 nobis
2102 2496 2431 2557 praeceptum
2452 2495 2569 2555 est;
2591 2486 2802 2540 nullum
2856 2486 3044 2556 utique
3069 2496 3281 2556 tempus
3296 2486 3500 2553 efﬂuet,

1922 2593 1989 2634 ne
2040 2586 2491 2632 momentaneum
2525 2576 2774 2647 quidem,
2819 2577 2965 2646 quod
2996 2591 3126 2631 vero
3162 2576 3500 2644 Christiano,

1922 2679 1983 2725 ut
2022 2670 2254 2741 gaudeat
2284 2677 2339 2724 et
2370 2670 2575 2742 gratias
2598 2677 2744 2739 agat,
2770 2668 3054 2723 definitum
3091 2683 3200 2723 non
3229 2669 3320 2725 sit.
3358 2669 3503 2724 Rur-

1923 2779 2068 2830 sum,
2123 2776 2307 2817 nonne
2348 2761 2695 2816 alnictionem
2730 2776 2921 2828 parere
2960 2760 3139 2817 solent
3190 2761 3499 2830 praesentia,

1920 2856 2187 2925 gravique
2218 2869 2403 2908 rerum
2453 2854 2804 2907 adversarum
2860 2854 3012 2907 oneri
3055 2863 3184 2908 sunt
3225 2852 3500 2910 obnoxia?

1922 2946 2098 3013 Atque
2132 2943 2249 2998 haec
2275 2957 2364 2998 me
2394 2944 2552 2998 bonae
2578 2943 2773 2997 animae
2799 2952 2927 3009 tua),
2977 2957 3087 2997 non
3111 2952 3172 2999 ut
3200 2943 3496 3014 ignoranti,

1924 3035 2018 3088 sed
2057 3032 2361 3088 excitandas
2419 3034 2696 3087 memoria:
2739 3048 2905 3087 causa
2957 3034 3105 3089 dicta
3142 3042 3312 3103 sunt;
3370 3036 3498 3106 quia

247 3127 437 3197 ἐπειδὴ
497 3126 782 3197 κάμνουσα
843 3128 991 3201 ψυχὴ
1052 3130 1164 3183 ἔσθ’
1217 3132 1307 3185 ὅτε
1359 3133 1541 3185 ἀτονεῖ
1575 3131 1713 3202 πρὸς
1759 3130 1820 3185 τὸ

1922 3140 2066 3194 ωερε
2088 3124 2308 3179 animus
2340 3124 2643 3195 languescit
2671 3124 2967 3189 interdum,
3000 3126 3299 3195 quominus
3325 3128 3499 3195 possit

245 3220 552 3291 ἀνηγμένον
601 3220 699 3290 τῆς
730 3221 985 3293 θεωρίας.
1016 3222 1277 3294 Δεύτερος
1307 3222 1467 3292 λόγος
1501 3240 1623 3295 μοι·
1658 3224 1740 3276 ὅτι
1771 3223 1820 3275 εἰ

245 3311 345 3363 καὶ
377 3310 588 3364 πολλῶν
636 3310 744 3363 τῶν
789 3312 1020 3365 ἐνόντων
1054 3312 1465 3383 ἀπεγύμνωσάν
1496 3329 1555 3364 σε
1583 3311 1634 3364 οἱ
1666 3309 1821 3375 ἐξου-

248 3401 526 3467 σιάζοντες
544 3418 557 3431 ·
584 3403 696 3455 ἀλλ’
721 3404 971 3475 οὐδαμῶς
995 3403 1370 3475 ἀποστερῆσαί
1404 3418 1463 3458 σε.
1496 3403 1592 3457 τοῦ
1624 3421 1819 3473 τιμιω-

246 3496 408 3565 τέρου
448 3494 728 3565 κτήματος
780 3495 1141 3567 ἠδυνήθησαν.
1171 3497 1282 3566 Οὐχ
1315 3498 1446 3568 όρᾷς
1473 3496 1566 3550 καὶ
1602 3496 1822 3567 εὐχαρι-

249 3589 415 3650 στεῖς,
441 3586 560 3640 οῖαν
599 3604 687 3640 σοι
732 3588 933 3656 γνῶσιν
963 3590 990 3642 ό
1031 3590 1163 3652 Θεὸς
1193 3589 1556 3661 ὲθησαύρισε;
1585 3588 1821 3659 πηλίκην

246 3678 539 3748 γλῶσσαν;
575 3681 633 3745 ἐξ
664 3673 731 3751 ἧς
766 3680 841 3743 ὼς
884 3678 945 3745 ἐξ
989 3679 1199 3734 ἀδύτων
1237 3680 1527 3751 θησαυρῶν
1555 3682 1655 3751 τῆς
1686 3696 1823 3750 καρ-

247 3772 369 3836 δίας
391 3772 655 3844 προφέρει
686 3772 758 3825 τά
794 3772 1147 3844 ἁγορεύματα
1172 3772 1267 3826 καί
1297 3774 1633 3843 διανοήματα
1663 3771 1822 3843 προὶξ

247 3862 333 3914 ὅτι
395 3863 650 3934 μάλιστα.
723 3862 893 3917 Τοῦτο
956 3866 1399 3935 προφερέστατον
1453 3864 1549 3919 καὶ
1604 3862 1822 3917 πάντων

248 3953 553 4022 χρημάτων
610 3957 1209 4027 χρηματιστικώτερον,
1273 3956 1368 4009 καὶ
1419 3955 1600 4027 πάσης
1638 3953 1822 4016 οὐσίας

250 4044 757 4117 ὐπερουσιὼτερον·
788 4046 816 4099 ὃ
852 4047 906 4100 εἰ
945 4065 1028 4111 τις
1074 4049 1361 4119 κέκτηται,
1394 4048 1504 4101 τῶν
1537 4048 1678 4116 ἄγαν
1725 4062 1823 4099 πο-

248 4136 514 4188 λσουσίων
548 4136 905 4209 αἱρετώτερός
940 4140 1054 4192 ἐστι
1092 4138 1171 4210 τῷ
1212 4140 1336 4194 νοῦν
1363 4139 1561 4211 ἔχοντι,
1596 4139 1698 4193 κᾶν
1727 4142 1821 4212 ῥα-

251 4229 391 4292 κίοις
421 4230 580 4300 μόνον
608 4232 1011 4302 ἀμπεχόμενος.
1045 4231 1156 4285 Kal
1183 4232 1341 4285 τοῦτο
1367 4232 1569 4302 δέδειχε
1602 4230 1822 4301 σύμπας

253 4321 359 4391 μὲν
400 4322 429 4374 ὁ
470 4319 578 4374 τῶν
626 4321 850 4377 δικαίων
887 4324 1081 4396 χορόςο
1126 4326 1185 4377 ἐν
1216 4324 1272 4377 δὲ
1320 4327 1435 4387 τοῖς
1483 4324 1822 4395 ἐξωτερικοῖς

255 4409 571 4481 προσώποις
626 4411 655 4463 ό
710 4412 1003 4479 Ὀδυσσεὺς
1054 4415 1281 4481 ἐκεῖνος,
1317 4418 1381 4471 ἐκ
1426 4418 1685 4487 ναυαγίου
1728 4434 1823 4487 γυ-

256 4502 386 4573 μνὸς
408 4501 593 4571 ὀφθεὶς
619 4505 685 4573 τῇ
725 4502 976 4573 βασιλίδι.

254 4688 449 4742 Καίτοι
484 4687 642 4751 εἰδὼς
694 4689 785 4757 ἀφ’
813 4688 1007 4742 ἑαυτοῦ
1051 4691 1113 4744 τὸ
1164 4687 1223 4744 εὖ
1247 4691 1389 4762 ἔχον,
1448 4692 1823 4762 φιλοπευστεῖς

255 4779 394 4852 πρὸς
426 4780 585 4851 ήμῶν
635 4780 745 4833 τῶν
771 4781 998 4851 ἀμαθῶν
1029 4782 1431 4837 ἑκδιδάσκεθαι.
1460 4784 1571 4854 Φὴς
1602 4785 1711 4855 γὰρ
1741 4786 1824 4839 ὅτι

256 4871 335 4939 πῆ
364 4872 462 4940 μὲν
504 4871 759 4942 λογισμὸς
784 4872 1154 4943 προτρέπεται
1187 4891 1247 4927 σε
1267 4876 1346 4938 είς
1378 4878 1713 4947 προσευχήν·
1747 4877 1822 4948 πῆ

255 4961 313 5015 δὲ
345 4963 666 5028 ἀνακόπτει,
690 4962 766 5027 ὼς
814 4962 911 5017 τοῦ
945 4963 1080 5017 Θεοῦ
1126 4966 1327 5028 εἰδότος
1354 4968 1492 5038 ὅπερ
1522 4966 1824 5038 βουλόμεθα

257 5053 485 5123 αἰτῆσαι
512 5054 658 5126 [cod.
682 5056 813 5127 Ileg.
841 5057 1155 5131 αἱτεῖσθαι]·
1176 5059 1252 5123 ὼς
1276 5058 1527 5112 ἐντεῦθεν
1557 5061 1825 5133 παρέλκον

259 5144 327 5199 ἂν
372 5147 435 5199 τὸ
467 5146 885 5218 προσεύχεσθαι.
917 5149 1059 5221 Πρὸς
1093 5150 1326 5216 τούτοις,
1358 5152 1482 5204 ἐπεὶ
1503 5152 1825 5223 ἁμαρτωλὸς

260 5234 364 5302 εἷς,
402 5238 556 5291 οὐδὲν
589 5238 701 5292 όνεῖ
727 5240 869 5311 [cet].
896 5239 1028 5311 Reg.
1063 5241 1293 5316 ὀνίνησι]
1321 5242 1383 5297 τὸ
1407 5242 1825 5315 προσεύχεσθαι.

262 5333 370 5386 Καὶ
416 5331 602 5396 ἁπλῶς
648 5333 701 5387 εἰ
725 5350 784 5387 τι
817 5334 948 5388 ἄλλο
998 5334 1185 5405 ἐδήλου
1213 5335 1274 5389 τδ
1307 5335 1541 5407 γράμμα
1569 5352 1583 5366 °
1610 5336 1672 5389 οὐ
1719 5336 1829 5408 γὰρ

261 5425 445 5495 παρῆν
480 5442 572 5496 μοι
619 5425 713 5479 ἐπὶ
747 5429 937 5498 χεῖρας
959 5426 1122 5499 ἔχειν.
1148 5427 1213 5481 Τί
1243 5424 1335 5483 οῦν
1377 5428 1523 5482 εστιν
1570 5431 1744 5483 εἰπεῖν
1772 5430 1830 5481 ἐν

258 5516 506 5584 τούτοις;
540 5517 665 5571 Ὀτι
690 5518 862 5589 τύχης
892 5520 988 5575 καὶ⁸
1014 5520 1140 5591 εἰμα
1152 5521 1353 5593 ρμένης
1377 5522 1614 5593 ἔμφασιν
1640 5522 1753 5593 ἔχει
1795 5524 1828 5592 ή

331 5690 377 5724 ³⁸
410 5690 427 5744 l
479 5690 673 5750 Thess.
704 5709 755 5759 v,
786 5694 876 5748 27.

1922 3219 1986 3272 ad
2002 3217 2514 3287 contemplationem
2537 3217 3043 3289 assurgere.Altera
3071 3216 3204 3271 mibi
3226 3226 3310 3273 est
3334 3219 3495 3285 ratio,

1920 3311 2065 3380 quod
2097 3310 2201 3365 etsi
2234 3309 2424 3364 multis
2458 3318 2512 3364 te
2555 3309 2748 3378 apibus
2799 3310 3102 3378 spoliarunt
3163 3310 3260 3382 qui
3313 3326 3495 3367 rerum

1922 3401 2248 3470 potiuntur,
2308 3409 2363 3455 at
2409 3400 2562 3454 nullo
2609 3400 2771 3453 modo
2807 3400 3021 3469 privare
3074 3408 3126 3456 te
3187 3402 3494 3471 pretiosiuri

1922 3493 2271 3563 possessione
2298 3501 2609 3563 potuerunt.
2637 3491 2860 3557 Qualem
2896 3493 2990 3559 tibi
3015 3494 3258 3548 scientiae
3284 3496 3493 3563 copiam

1922 3584 2139 3638 donarit
2162 3584 2325 3651 Deus,
2355 3601 2539 3639 annon
2572 3585 2742 3649 vides,
2771 3593 2827 3639 et
2856 3584 3060 3654 gratias
3095 3585 3255 3653 agis?
3280 3586 3494 3655 qualem

1924 3675 2206 3746 linguam?
2240 3691 2306 3731 ex
2331 3691 2442 3746 qua
2470 3685 2727 3746 tanquam
2757 3692 2820 3729 ex
2846 3676 3043 3731 abditis
3063 3678 3245 3731 cordis
3280 3677 3498 3731 thesau-

1923 3768 2001 3822 ris
2034 3768 2177 3823 dicta
2204 3779 2258 3823 et
2277 3769 2513 3839 cogitata
2549 3767 2763 3839 profers
2785 3784 2949 3838 quam
2981 3770 3218 3822 maxime
3236 3770 3498 3840 gratuila.

1932 3856 2045 3913 Hoc
2092 3860 2252 3927 longe
2289 3859 2841 3929 pra:stantissimum,
2886 3869 2943 3914 et
2986 3861 3247 3921 omnibus
3306 3866 3503 3937 opibus

1922 3951 2268 4020 opulentius,
2333 3960 2388 4005 et
2440 3966 2624 4006 rerum
2678 3953 2923 4007 omnium
2970 3955 3128 4024 copia
3182 3958 3501 4027 copiosius:

1925 4043 2071 4112 quod
2131 4046 2224 4113 qui
2298 4044 2573 4113 possideat
2623 4043 3076 4116 locupletissimis
3136 4050 3503 4120 praeferendus

1924 4144 2047 4198 est,
2098 4135 2308 4205 judicio
2357 4135 2706 4205 sapientum,
2768 4139 2983 4193 etiamsi
3054 4142 3361 4210 panniculis
3415 4142 3503 4196 in-

1924 4225 2143 4282 duatur.
2209 4228 2272 4281 Et
2323 4228 2429 4284 boc
2494 4230 2715 4300 quidem
2774 4231 3176 4287 demonstravit
3230 4234 3502 4305 iustorum

1925 4319 2129 4374 chorus
2189 4320 2681 4376 universus:inter
2728 4334 3024 4379 extraneos
3060 4335 3242 4379 autem
3288 4325 3505 4397 Ulysses

1926 4410 2045 4477 ille,
2084 4411 2179 4482 qui
2244 4422 2366 4482 post
2420 4413 2763 4484 naufragium
2803 4416 3070 4486 spoliatus
3094 4432 3123 4470 a
3168 4418 3352 4487 regina
3376 4433 3506 4473 con-

1854 4508 1900 4564 1)
1931 4514 2150 4574 spectus
2182 4516 2289 4561 est.

338 4594 478 4646 Ἀλλ’
506 4595 600 4647 ἐπὶ
630 4594 691 4647 τὸ
732 4595 996 4667 ἐρώτημά
1030 4614 1126 4651 σου
1178 4598 1443 4668 τρεπτέον
1499 4600 1593 4652 τὸν
1642 4600 1818 4667 λόγον.
1894 4598 1899 4603 ’

2002 4598 2199 4652 Verum
2230 4598 2298 4653 ad
2350 4598 2878 4671 interrogationnem
2921 4611 3070 4656 tuam
3136 4602 3505 4657 convertenda

1924 4698 2009 4745 est
2031 4690 2235 4745 oratio.
2289 4689 2439 4746 Licet
2463 4706 2557 4762 per
2597 4700 2649 4746 te
2675 4695 2834 4749 noris
2861 4695 2976 4763 ipse
3000 4693 3131 4761 quid
3164 4702 3372 4747 rectum
3411 4696 3502 4754 sit,

1925 4783 2127 4853 quaeris
2166 4799 2194 4837 a
2228 4783 2386 4837 nobis
2420 4783 2710 4839 ineruditis
2764 4784 3002 4840 edoceri.
3054 4784 3132 4838 Ex
3197 4799 3304 4838 una
3350 4796 3506 4854 parte

1926 4878 2092 4942 ratio,
2125 4890 2183 4930 ut
2209 4878 2312 4944 ais,
2348 4886 2399 4932 te
2425 4889 2691 4947 provocat
2742 4878 2808 4934 ad
2856 4879 3195 4946 orationem;
3237 4893 3303 4932 ex
3334 4880 3504 4933 altera

1930 4970 2159 5036 inhibet,
2191 4980 2449 5041 tanquam
2485 4972 2696 5028 sciente
2738 4974 2849 5027 Deo
2868 4972 2997 5042 quid
3022 4982 3202 5042 petere
3232 4971 3462 5025 velimus
3490 4988 3501 5023 :

1932 5072 1990 5116 ut
2027 5063 2252 5130 proinde
2296 5078 2762 5133 supervacaneum
2792 5064 2860 5119 sit
2889 5079 3068 5118 orare.
3114 5062 3194 5116 Ad
3220 5062 3334 5116 hare
3378 5061 3506 5132 quia

1933 5166 2187 5227 peccator
2216 5170 2297 5221 es,
2325 5155 2459 5210 nihil
2494 5156 2652 5225 juvat
2676 5171 2867 5222 orare;
2917 5172 2982 5210 ac
3017 5155 3236 5210 demum
3285 5153 3331 5208 si
3374 5154 3503 5223 quid

1934 5247 2081 5303 aliud
2120 5248 2312 5303 litterae
2343 5248 2766 5318 signiﬁcabant;
2809 5262 2985 5317 neque
3019 5248 3166 5301 enim
3205 5246 3273 5301 ad
3311 5260 3507 5300 manus

1929 5348 2105 5394 erant.
2149 5340 2292 5406 Quid
2326 5340 2380 5393 in
2416 5340 2504 5397 bis
2534 5356 2664 5411 ergo
2700 5341 2990 5397 dicendum
3033 5338 3157 5395 est?
3179 5338 3336 5408 Quod
3394 5337 3509 5393 for-

1930 5438 2077 5483 tunae
2119 5440 2175 5484 et
2201 5429 2295 5483 fati
2325 5430 2782 5500 signiﬁcationem
2836 5430 3033 5486 habeat
3076 5430 3190 5485 hac
3227 5428 3507 5500 cogitatio,

1932 5530 2116 5590 atque,
2150 5530 2210 5576 ut
2249 5529 2427 5578 totum
2458 5524 2692 5589 dicatur,
2721 5523 2873 5580 liberi
2910 5522 3119 5579 arbitrii
3146 5523 3506 5579 eversionem.

1756 5780 1986 5839 NOTA'I.

339 5902 453 5987 (87)
477 5914 539 5972 In
569 5917 689 5973 cod.
722 5916 853 5989 Ilcg.
894 5924 1038 5990 ιιιιςκ

2004 5918 2076 5988 κ’)
2107 5918 2447 5993 Dogmatica.
2556 5948 2559 5949 ν
