4184 6492
276 437 421 501 1589

1499 441 1855 502 EPISTULA
1868 440 2030 502 ΠοΜ
2074 444 2199 503 LIB
2264 446 2347 506 ΙΙ.

3408 441 3543 518 1590

274 552 542 621 ρούμενον
580 551 710 604 καθ’.
735 552 1052 614 ὑπόστασιν,
1084 550 1220 604 ἀλλὰ
1256 552 1686 622 διαφορούμενον
1719 569 1839 604 κατι

1967 555 2256 619 postasirn,
2301 557 2395 611 sed
2422 556 2827 628 discrepantem
2844 561 3004 631 juxta
3029 565 3350 623 substantiae
3379 575 3552 628 ratio-

268 645 366 696 τὸν
419 645 517 713 τῆς
573 645 762 707 οὐσίας
810 645 1004 712 λόγον’
1054 646 1190 711 ὅπερ
1217 647 1334 697 ἐστὶ
1375 646 1620 715 σχετικὴ,
1650 645 1766 700 ἀλλ’
1792 646 1851 697 οὐ

269 734 623 805 λατρευτικὴ,
676 735 778 789 κᾶν
810 737 842 805 ή
873 735 1008 806 αὐτή
1040 753 1054 766 ·
1089 737 1206 788 ἐκεῖ
1240 737 1338 806 μὲν
1371 736 1544 800 οὕτως
1585 739 1852 808 νοουμένη

270 828 372 878 καὶ
415 828 704 897 λεγομένη,
752 829 940 881 καθότι
971 829 1242 898 τριαδικὴ,
1276 816 1446 901 ἤγουν
1480 833 1682 902 φυσική
1720 847 1733 862 ’
1765 834 1865 906 ὲνε

266 919 448 972 ταῦθα
473 919 528 972 δὲ
559 921 620 972 τὸ
653 921 908 990 ἔμπαλιν,
936 921 1123 974 καθότι
1155 927 1401 991 σχετικὴ,
1427 924 1595 993 ἤγουν
1615 925 1852 979 ὑποστα-

266 1013 421 1082 τική.
462 1011 524 1064 Εἰ
575 1011 682 1082 γὰρ
716 1013 912 1076 εἴποις,
948 1012 1300 1083 λατρευτικὴ,
1330 1015 1609 1083 ὲσήμανας
1657 1033 1855 1087 σεσαρ-

266 1103 503 1166 κῶσθαι,
528 1103 606 1168 ὡς
631 1104 722 1157 τὸν
751 1104 901 1167 Υίὸν,
936 1104 1027 1158 τόν
1051 1123 1110 1158 τε
1137 1106 1358 1177 Πατέρα
1381 1107 1477 1159 καὶ
1499 1108 1559 1160 τὸ
1594 1109 1817 1178 Πνεῦμα
1837 1126 1851 1140 ο

263 1197 408 1266 ὅπερ
482 1197 630 1249 ἐστὶν
690 1195 942 1249 ἔκτοπον.
996 1196 1299 1268 Τοιγαροῦν
1363 1199 1685 1267 προσκυνῶν
1755 1201 1855 1270 τὴν

266 1289 457 1341 εἰκόνα
494 1287 753 1358 Χριστοῦ,
784 1287 844 1340 οὐ
873 1287 972 1357 τὴν
1013 1287 1244 1357 θεότητα
1271 1290 1584 1357 προσκυνῶ,
1616 1289 1692 1354 ῶς
1721 1292 1854 1359 φασί

265 1398 412 1442 τινες
441 1397 456 1412 ·
503 1379 662 1432 τοῦτο
687 1380 797 1450 γὰρ
821 1380 921 1448 τῆς
951 1380 1180 1450 Τριάδος
1230 1383 1565 1449 σημαντικόν
1596 1399 1608 1411 '
1655 1386 1751 1438 καὶ
1792 1386 1854 1438 οὐ

269 1476 618 1544 σεσάρκωται
648 1474 681 1541 ἡ
711 1473 881 1542 Τριάς
911 1489 927 1504 ο
968 1474 1150 1540 ἄπαγε
1186 1475 1197 1526 !
1235 1474 1372 1528 ἀλλὰ
1403 1476 1456 1527 τί
1483 1493 1497 1540 ;
1530 1478 1692 1530 αὑτὸν
1721 1479 1856 1548 Χριο

269 1567 396 1619 στὸν
431 1565 714 1635 σχετικῶς.
762 1566 939 1628 Μόνος
968 1566 1075 1635 γὰρ
1104 1567 1266 1628 αὐτὸς
1297 1569 1325 1620 6
1358 1570 1664 1638 σαρκωοεὶς
1723 1572 1853 1635 Θεὸς

264 1658 457 1725 Λόγος.
509 1656 833 1727 Προσκυνῶν
861 1657 918 1710 δὲ
946 1657 1108 1711 αὐτὸν
1133 1659 1385 1728 Χριστὸν,
1417 1664 1659 1732 δηλονότι
1719 1681 1854 1734 συμ-

264 1750 654 1821 προσεκύνησα
684 1748 777 1801 τὸν
811 1750 1027 1820 Πατέρα
1056 1749 1192 1819 ὁμοῦ
1217 1755 1311 1805 καὶ
1337 1755 1398 1806 τὸ
1422 1755 1665 1824 Πνεῦμα.
1692 1758 1852 1810 Ὥστε

261 1842 356 1896 διὰ
393 1842 490 1906 τῆς
534 1841 745 1904 εἰκόνος
799 1843 1022 1912 σχετικὴ
1056 1843 1280 1906 εἰκότως
1306 1843 1374 1898 ἂν
1418 1849 1590 1900 νοοῖτο
1617 1849 1712 1901 καὶ
1765 1848 1849 1901 λὲο

261 1948 433 2001 γοιτοο
465 1932 550 1985 ἐπ’
582 1932 746 1986 αὐτοῦ
773 1935 830 1987 δὲ
858 1932 1095 2004 Χριστοῦ
1130 1934 1482 2009 λατρευτική·
1515 1939 1592 2003 ῶς
1623 1957 1845 1994 συνεπι-

260 2025 555 2094 νοουμένου
583 2040 641 2076 τε
664 2025 757 2076 καὶ
787 2041 1205 2095 συμπροσκυνου
1215 2027 1384 2097 μένου
1413 2029 1509 2083 τοῦ
1535 2048 1594 2084 τε
1633 2032 1844 2104 Πατρὺς

262 2113 476 2167 καὶτοῦ
510 2115 844 2185 Πνεύματος.
875 2133 894 2166 ι
1309 2112 1319 2122 ’

334 2289 529 2353 Καλῶς
559 2284 672 2354 οὖν,
722 2283 767 2344 ὧ
807 2291 924 2352 τᾶν,
957 2289 1101 2362 ἔχειν
1134 2294 1402 2364 μοιδοκεί
1450 2298 1511 2352 τὸ
1558 2298 1840 2372 θεώρημα.

258 2381 357 2432 ἐπὶ
409 2381 506 2450 μὲν
555 2381 653 2450 τῆς
719 2381 997 2451 μακαρίας
1050 2386 1145 2438 καὶ
1193 2389 1576 2460 προσκυνητῆς
1611 2391 1842 2458 Τριάδος

257 2474 380 2542 τὴν,
409 2472 550 2534 σὺν,
592 2473 848 2542 πρόθεσιν
874 2473 1150 2544 είλῆφθαι.
1193 2478 1258 2532 Ἠ
1294 2481 1424 2551 γὰρ,
1454 2482 1597 2548 σὺν,
1630 2483 1844 2557 διάκρι-

260 2579 348 2614 σιν
373 2563 481 2616 τῶν
508 2563 856 2617 ὑποστάσεων
904 2567 1296 2636 ὑποφαίνουσα,
1333 2573 1560 2642 ἑνότητα
1609 2579 1842 2650 φυσικὴν

259 2655 599 2724 παρίστησι·
655 2653 835 2718 καθὼς
869 2657 962 2710 ἐπὶ
1004 2659 1098 2712 τοῦ
1139 2662 1408 2733 συμόόλου
1464 2666 1564 2736 τῆς
1606 2671 1842 2736 πίστεως

259 2747 415 2817 παρὰ
444 2748 578 2800 πᾶσι
609 2747 956 2818 Χριστιανοίς
984 2750 1192 2822 ᾄδεται.
1238 2753 1359 2807 Ἐπὶ
1385 2755 1441 2809 δὲ
1470 2759 1567 2829 τῆς
1601 2778 1841 2831 προσκυ-

259 2841 470 2908 νήσεως
499 2836 736 2906 Χριστοῦ
777 2855 834 2891 τε
867 2842 961 2894 καὶ
993 2846 1092 2914 τῆς
1135 2844 1299 2896 αὐτοῦ
1346 2848 1555 2914 είκόνος
1583 2853 1683 2905 οὐκ
1729 2854 1842 2923 ἔχει

260 2933 447 3000 χώραν
479 2933 536 3001 ἡ,
570 2929 713 2996 σὺν,
759 2933 1017 3003 πρόθεσις
1067 2935 1354 3005 εἰλῆφθαιο
1395 2940 1428 3012 ἢ
1479 2944 1587 3014 γὰρ
1640 2944 1726 3010 ἂν,
1761 2949 1842 3012 είς

257 3025 426 3078 δυάδα
464 3024 811 3078 ὑποστάσεων
857 3027 998 3080 κατὰ
1033 3028 1123 3082 τὸν
1159 3030 1258 3092 τῆς
1309 3033 1631 3100 ἀκολουθίας
1685 3039 1840 3107 λόγον

262 3115 406 3185 [eorL
469 3111 600 3182 Reg.
655 3115 747 3167 τὸν
802 3116 1134 3170 ἁποδοθέντα
1203 3118 1383 3194 λόγον]
1436 3125 1689 3180 διιστᾶσα
1740 3128 1840 3198 τὴν

263 3204 396 3274 μίαν
425 3204 744 3270 ὑπόστασιν,
769 3207 1078 3279 ἀποκομίσῃ
1107 3211 1254 3280 ἡμᾶς
1286 3215 1368 3278 εἰς
1397 3215 1458 3270 τὸ
1487 3217 1590 3288 τῆς
1615 3236 1841 3290 κτισμα-

259 3296 579 3365 τολατρείας
623 3298 898 3370 ἀσέϐημα.
951 3300 1162 3354 Οὐκοῦν
1203 3305 1486 3380 είκότωςή
1523 3311 1839 3384 ἀντωνυμία

261 3390 608 3461 παρελήφθη,
636 3393 756 3462 ἥτις
787 3393 848 3445 τὸ
877 3394 1078 3447 ὲνιαίον
1109 3396 1208 3467 τῆς
1237 3399 1587 3469 ὑποστάσεως
1620 3407 1709 3460 ἐπ’
1738 3411 1842 3478 ἀμ·

261 3485 381 3549 φοίν
419 3485 704 3554 τηρήσασα
758 3485 998 3556 διίστησι
1053 3487 1114 3540 τὸ
1165 3491 1406 3562 ἑτεροῖον
1444 3495 1554 3549 τῶν
1603 3499 1837 3565 φύσεων.

267 3590 286 3621 ι
333 3574 440 3626 Καὶ
485 3574 638 3644 γοῦν,
686 3576 852 3647 φησιν
881 3579 909 3630 ό
938 3577 1213 3646 πάνσοφος
1241 3583 1536 3651 Διονύσιος,
1581 3590 1840 3662 ἑκάτερον

261 3667 320 3718 ἐν
349 3667 594 3739 ἑκατέρῳ
642 3671 794 3740 παρὰ
822 3670 883 3724 τὸ
916 3670 1014 3740 τῆς
1058 3673 1248 3738 οὐσίας
1273 3676 1551 3750 διάφορον.
1587 3700 1607 3734 ι
1643 3685 1841 3753 Διαφο·

267 3756 470 3827 ρότητα
501 3753 596 3811 οὑν
629 3759 816 3821 οὐσίας
864 3761 1061 3830 φήσας,
1092 3767 1398 3838 ταυτότητι
1436 3770 1676 3842 δηλονότι
1705 3776 1836 3828 ὐποο

264 3848 526 3912 στάσεως,
580 3851 718 3903 κατὰ
759 3850 822 3903 τὸ
877 3851 1142 3922 ἑκάτερον
1183 3857 1239 3908 ἐν
1293 3860 1540 3934 ἑκατέρῳ
1569 3865 1834 3934 ὑπέδειξε·

262 3939 386 3994 καθ’
417 3941 486 4010 ην
508 3942 600 3993 καὶ
623 3942 656 4011 ἡ
697 3942 840 3996 κατὰ
875 3945 1058 4016 σχέσιν
1086 3950 1454 4024 προσκύνησις
1481 3956 1834 4029 τεθεώρηται.

271 4031 335 4084 Ἥ
366 4032 474 4101 γὰρ
511 4033 714 4102 σχέσις,
744 4033 820 4097 ῶς
853 4052 1007 4104 φασι,
1037 4038 1146 4089 τῶν
1176 4042 1316 4111 πρός
1339 4043 1392 4097 τί
1419 4045 1587 4098 ἐστιν’
1625 4047 1743 4119 ἅμα
1777 4067 1836 4104 τε

259 4124 368 4194 γάρ
402 4126 540 4182 ἔστι.
571 4126 664 4178 καὶ
696 4127 1042 4198 ἀντιστρέφει
1077 4131 1214 4200 πρὸς
1244 4133 1471 4207 ἄλληλα,
1523 4135 1634 4192 οἷον
1672 4142 1836 4212 ὀρχέ-

258 4232 429 4268 τυπον
482 4217 616 4286 πρὸς
673 4219 875 4273 εἰκόνα.
914 4223 988 4274 Οὐ
1045 4222 1150 4293 γὰρ
1207 4225 1274 4278 ἂν
1323 4230 1406 4300 εῐη
1470 4229 1693 4303 θάτερον
1758 4235 1834 4307 μὴ

259 4307 492 4376 θατέρου
536 4311 822 4380 παρόντος*
853 4311 987 4366 καθὸ
1016 4313 1110 4367 καὶ
1150 4318 1280 4387 περὶ
1308 4319 1415 4373 τῶν
1443 4322 1560 4392 ἅμα
1609 4326 1830 4393 πεφιλοι

259 4398 512 4468 σόφηται.
554 4399 877 4470 Πρόσκειται
902 4401 979 4467 δὲ,
1018 4403 1210 4474 ἤγουν
1240 4409 1611 4480 όμωνυμικήο
1647 4415 1738 4468 καί
1768 4433 1830 4487 γε

255 4490 355 4558 τῆς
377 4489 568 4558 ἀὐτῆς
589 4493 878 4561 ἀμφάσεως
905 4503 999 4547 καὶ
1021 4496 1116 4566 ἥδε
1147 4497 1179 4568 η
1204 4497 1369 4564 λέξις.
1397 4501 1470 4555 Τὸ
1499 4504 1605 4576 γὰρ
1636 4506 1827 4578 ὄνομα,

1958 660 2126 711 nem;
2169 648 2316 717 quod
2373 657 2460 704 est
2515 650 2798 707 relativam
2839 670 2982 720 esse.
3025 672 3136 712 non
3184 659 3544 728 latreuticam,

1957 739 2453 806 tametsieamdem,
2481 742 2593 797 illic
2612 745 2832 814 quidem
2861 748 2940 802 sic
2960 750 3294 808 intellectam
3324 754 3550 812 dictam'

1955 845 2083 898 que,
2115 842 2385 901 quatenus
2434 835 2666 892 triadica
2713 847 2797 892 est
2828 841 2942 894 sive
2969 844 3262 909 naturalis,
3290 846 3379 902 hic
3418 864 3550 904 vero

1956 931 2224 991 quatenus
2259 926 2484 981 relativa
2511 930 2628 983 sive
2658 931 3017 1002 bypostatica.
3076 934 3213 992 Nam
3269 939 3314 994 si
3345 940 3548 995 latren-

1958 1015 2119 1069 ticam
2166 1017 2392 1083 dixeris,
2449 1020 2794 1077 incarnatum
2825 1026 3164 1095 signiﬁcasti,
3209 1037 3272 1084 ut
3322 1030 3545 1095 Filium,

1958 1108 2038 1164 sic
2060 1119 2113 1164 et
2141 1108 2360 1166 Patrem
2393 1122 2448 1167 et
2473 1112 2758 1184 Spiritum,
2789 1119 2935 1186 quod
2959 1129 3042 1174 est
3083 1121 3404 1179 absurdum.
3441 1124 3549 1178 lra-

1956 1215 2064 1268 que
2086 1200 2319 1258 adorans
2346 1204 2640 1274 imaginem
2665 1207 2895 1271 Christi.
2925 1225 3031 1264 non
3063 1211 3323 1268 deitatem
3351 1214 3543 1280 adoro,

1956 1291 2101 1347 sicut
2130 1295 2355 1364 quidam
2392 1298 2545 1353 aiunt
2573 1317 2586 1352 :
2618 1301 2721 1355 hoc
2754 1302 2901 1356 enim
2935 1302 3258 1361 Trinitatem
3291 1307 3544 1378 designa-

1956 1393 2078 1438 ret:
2135 1395 2193 1440 at
2241 1385 2483 1445 Trinitas
2529 1391 2812 1448 incarnata
2874 1411 2981 1449 non
3040 1407 3157 1463 est;
3195 1398 3378 1473 absit:
3412 1400 3543 1469 quid

1955 1477 2177 1531 autem?
2209 1479 2388 1548 ipsum
2423 1480 2706 1538 Christum
2739 1487 2983 1540 relative.
3044 1486 3208 1544 Solus
3249 1491 3393 1544 enim
3429 1493 3542 1560 ipse

1955 1566 2270 1622 incarnatus
2324 1580 2407 1624 est
2463 1569 2606 1627 Deus
2662 1573 2921 1629 Verbum.
2975 1577 3155 1646 Ipsum
3198 1595 3328 1634 vero
3377 1581 3541 1635 Cirri-

1955 1665 2098 1712 stum
2148 1660 2406 1726 adorans,
2460 1663 2603 1719 haud
2655 1667 2820 1722 dubie
2849 1668 3137 1724 coadoravi
3182 1671 3400 1727 Patrem
3435 1691 3540 1728 una

1954 1760 2009 1804 et
2047 1751 2330 1821 Spiritum.
2364 1754 2547 1822 Quare
2599 1759 2653 1813 in
2687 1761 2922 1831 imagine
2981 1766 3180 1820 merito
3213 1767 3540 1838 intelligetur

1954 1853 2010 1899 et
2028 1844 2241 1901 dicetur
2270 1848 2513 1914 relativa,
2533 1851 2586 1904 in
2612 1852 2734 1921 ipso
2761 1864 2941 1909 autem
2967 1857 3188 1913 Christo
3218 1859 3537 1926 latreutica;

1953 1945 2139 2006 utpote
2183 1939 2349 1994 simul
2383 1940 2666 1998 intellecto
2713 1955 2767 1999 et
2797 1946 2963 2002 simul
3013 1951 3244 2004 adorato
3287 1960 3340 2006 et
3377 1949 3536 2006 Patre

1949 2038 2002 2082 et
2027 2027 2258 2098 Spiritu.
2298 2050 2317 2080 ι

2021 2288 2186 2346 Recte
2215 2292 2399 2363 igitur.
2436 2296 2634 2360 amice,
2673 2298 2875 2355 habere
2908 2302 3036 2356 mihi
3061 2305 3266 2359 decisio
3297 2307 3531 2372 videtur,

1949 2383 2016 2438 de
2040 2384 2194 2438 beata
2210 2388 2430 2454 quidem
2445 2397 2498 2440 et
2511 2389 2786 2445 adoranda
2804 2392 3071 2450 Trinitate
3089 2400 3529 2468 prapositionem

1949 2474 2109 2526 simul
2150 2476 2422 2545 usurpari.
2458 2476 2633 2534 Simul
2660 2484 2802 2536 enim
2831 2484 3186 2555 hypostasum
3218 2490 3516 2547 discrimen

1950 2563 2203 2630 iunueus,
2227 2579 2436 2622 naturae
2495 2572 2757 2626 unitatem
2789 2576 3029 2643 exhibet,
3072 2581 3529 2646 quemadmodum

1950 2654 2002 2707 in
2055 2657 2310 2724 symbolo
2346 2659 2466 2713 ﬁdei
2506 2663 2648 2731 apud
2675 2664 3019 2722 Christianos
3050 2685 3242 2725 omnes
3286 2674 3526 2728 canitur.

1949 2745 2004 2799 lu
2035 2747 2352 2805 adoratione
2390 2767 2519 2807 vero
2544 2753 2748 2810 Christi
2789 2768 2843 2811 et
2883 2759 3139 2830 imaginis
3172 2763 3312 2834 ejus,
3346 2765 3528 2821 locum

1947 2853 2054 2892 non
2110 2841 2270 2896 habet
2320 2848 2703 2915 praepositonis
2733 2851 2895 2905 simul
2925 2856 3211 2925 usurpatio
3246 2877 3258 2912 :
3297 2859 3526 2930 alioqui,

1948 2935 2094 3002 quod
2153 2934 2279 2991 inde
2333 2950 2677 3009 sequeretur,
2714 2945 2851 3000 duas
2900 2947 2952 3000 in
2990 2949 3309 3020 hypostases
3360 2972 3525 3010 unam

1947 3027 2212 3083 dirimens
2245 3029 2603 3102 hypostasim,
2645 3038 2940 3096 abduceret
2990 3059 3088 3099 nos
3138 3047 3206 3100 ad
3258 3061 3528 3106 creaturae

1948 3123 2129 3176 cultus
2167 3122 2519 3192 impietatem.
2564 3127 2746 3200 Itaque
2801 3135 2996 3191 rnerilo
3045 3152 3390 3210 assumptum
3442 3154 3526 3199 est

1950 3225 2272 3279 pronomen,
2336 3220 2480 3286 quod
2519 3221 2783 3276 unitatem
2817 3224 3129 3295 hypostasis
3156 3230 3210 3285 in
3251 3236 3524 3291 ambobus

1943 3317 2166 3359 servans
2190 3347 2205 3370 ,
2251 3306 2620 3365 diversitatem
2649 3315 2935 3387 distinguit
2962 3329 3310 3380 naturarum.
3376 3347 3394 3378 ι
3429 3327 3526 3383 Est

1943 3392 2129 3462 igitur,
2155 3395 2230 3448 ait
2261 3399 2703 3467 sapientissimus
2735 3403 3044 3478 Dionysius,
3073 3412 3305 3468 alterum
3353 3417 3407 3470 in
3445 3420 3523 3470 al-

1944 3499 2079 3553 tero,
2111 3501 2306 3559 prater
2329 3493 2649 3550 substantia:
2677 3497 3123 3568 discrepantiam.
3193 3505 3520 3580 Discrepau-

1941 3580 2071 3634 tiam
2098 3591 2278 3637 autem
2299 3585 2617 3643 substantia:
2649 3605 2773 3645 cum
2805 3593 2962 3661 dixit,
2994 3595 3334 3654 identitatem
3366 3603 3520 3658 vide-

1939 3674 2067 3731 licet
2094 3675 2422 3748 hypostasis,
2469 3693 2740 3752 quatenus
2771 3687 3000 3744 alterum
3049 3693 3103 3748 in
3155 3694 3346 3762 altero,
3382 3698 3518 3754 insi-

1941 3769 2129 3823 nuavit
2158 3768 2349 3838 :juxta
2379 3787 2546 3840 quam
2584 3775 2808 3832 relativa
2837 3795 3056 3851 quoque
3107 3785 3355 3841 adoralio
3381 3805 3515 3844 cou-

1937 3858 2129 3914 stituta
2155 3869 2257 3916 est.
2290 3861 2502 3918 Relatio
2541 3866 2707 3934 enim,
2738 3877 2797 3923 ut
2842 3872 3018 3939 aiunt,
3043 3891 3234 3933 eorum
3272 3890 3356 3935 est
3394 3899 3516 3952 quae

1937 3951 2005 4005 ad
2051 3951 2296 4022 aliquid;
2333 3956 2497 4010 simul
2528 3959 2675 4014 enim
2727 3972 2878 4030 sunt,
2910 3975 2966 4018 et
2997 3963 3138 4022 inter
3183 3985 3244 4025 se
3283 3951 3515 4027 convcr-

1937 4053 2148 4110 tuntur,
2180 4054 2239 4100 ut
2266 4048 2620 4120 archetypum
2666 4054 2731 4107 ad
2762 4055 3075 4125 imaginem.
3105 4058 3214 4116 Nec
3252 4064 3396 4118 enim
3429 4067 3506 4120 al-

1937 4145 2113 4191 terum
2138 4153 2261 4192 esse
2289 4140 2460 4209 possit
2495 4142 2670 4198 altero
2701 4159 2808 4199 non
2837 4160 3102 4216 praesente
3126 4168 3140 4215 ;
3165 4153 3308 4209 sicut
3343 4154 3410 4211 de
3444 4162 3512 4213 iis

1935 4245 2057 4298 qua:
2077 4231 2239 4284 simul
2259 4243 2389 4286 sunt
2411 4233 2856 4305 philosophatum
2891 4252 2994 4296 est.
3015 4243 3297 4311 Adjectum
3320 4265 3507 4319 porro,

1933 4320 2038 4373 sive
2069 4323 2475 4393 homonymica;
2507 4327 2653 4395 quod
2687 4345 2883 4399 nempe
2929 4336 3178 4390 eamdem
3200 4341 3506 4409 emphasim

1933 4411 2128 4466 habeat
2153 4414 2266 4468 haec
2287 4416 2475 4470 dictio.
2501 4418 2706 4474 Nomen
2727 4423 2872 4477 enim
2896 4427 3159 4483 nominati
3179 4447 3377 4488 nomen
3398 4449 3502 4490 esr.

1930 4501 2110 4569 Quare
2143 4505 2231 4559 hic
2268 4521 2486 4578 quoque
2514 4512 2862 4569 relativorum
2889 4529 2972 4573 est
3009 4522 3148 4577 ratio
3177 4541 3190 4577 :
3223 4528 3504 4593 quoniam,

257 4581 664 4653 ὀνομαζομένου
698 4583 889 4655 ὄνομα.
925 4587 1086 4641 Ὥστε
1138 4591 1412 4647 κάνταῦθα
1440 4595 1547 4649 τῶν
1571 4601 1702 4669 πρός
1730 4619 1782 4655 τι
1808 4607 1836 4656 6

1944 4614 2004 4653 ex
2055 4600 2416 4671 philos0phi2e
2472 4608 2777 4676 pra'ceptis,
2807 4609 3142 4684 homonyma
3174 4581 3295 4673 esse
3340 4581 3504 4677 doce:

254 4674 413 4744 λόγος
438 4691 452 4705 ο
504 4676 625 4728 ἐπεὶ
677 4678 772 4730 καὶ
801 4679 940 4732 κατὰ
993 4680 1310 4749 φιλοσοφίας
1336 4685 1490 4754 λόγον
1516 4686 1661 4760 [cod.
1691 4689 1824 4765 Reg.

254 4765 403 4837 ὅρον]
431 4765 697 4836 ὁμώνυμά
723 4771 838 4822 ἐστι
867 4769 1227 4841 διδασκόμεθα
1253 4814 1268 4839 ,
1322 4768 1397 4829 ὧν
1442 4766 1610 4849 ὄνομα
1668 4784 1828 4850 μόνον

254 4860 434 4912 κοινόν
453 4873 467 4887 ·
508 4860 536 4910 6
556 4859 613 4910 δὲ
655 4862 791 4914 κατὰ
813 4860 1046 4931 τούνομα
1089 4863 1244 4932 λόγος
1281 4867 1381 4937 τῆς
1410 4871 1596 4936 οὐσίας
1617 4873 1823 4946 ἕτερος.

252 4945 365 5004 οἷον
417 4949 576 5013 αὐτὸς
610 4952 862 5020 Χριστὸς,
911 4957 1003 5008 καὶ
1054 4957 1083 5010 6
1113 4964 1518 5030 γεγραμμένος.
1564 4945 1722 5020 Ἐπεί.
1769 4971 1825 5022 δὲ

254 5045 368 5108 καὶ,
387 5044 783 5112 ὐποστατικὴ.
811 5049 1150 5116 πρόσκειται,
1177 5051 1333 5106 τοῦτο
1353 5054 1646 5130 διαρρήδην
1680 5061 1824 5131 ὠμο-

251 5134 478 5206 λόγηται
530 5135 676 5210 [cod.
728 5137 853 5208 Reg.
889 5140 1332 5218 ἁποδέδεικται]’
1386 5149 1467 5201 ὅτι
1518 5151 1616 5222 οὐχ
1663 5155 1826 5226 ἑτέρα

253 5227 552 5292 ὑπόστασις
573 5230 722 5300 παρὰ
743 5231 841 5301 τὴν
859 5233 951 5285 τοῦ
983 5234 1223 5303 Χριστοῦ
1252 5239 1311 5290 ὲν
1338 5242 1404 5310 τῇ
1439 5241 1603 5296 αὐτοῦ
1633 5247 1823 5310 είκόνι,

253 5317 372 5371 ἀλλ’
395 5319 535 5390 αὐτὴ
561 5319 625 5391 δὴ
656 5321 953 5389 ὑπόστασις
985 5326 1244 5398 Χριστοῦ,
1273 5331 1438 5401 ἦγουν
1468 5335 1497 5385 6
1541 5341 1826 5409 χαρακτὴρ

251 5409 331 5479 τῷ
353 5410 452 5481 τῆς
485 5413 700 5483 μορφῆς
736 5414 900 5470 αὑτοῦ
952 5418 1082 5471 εῖδει
1115 5421 1502 5492 ἑκφαινόμενός
1530 5428 1589 5479 τέ
1622 5431 1738 5483 ἐστι
1770 5435 1826 5484 ἐν

249 5501 318 5570 τῇ
351 5500 517 5554 εἰκόνι
565 5503 659 5556 καὶ
689 5509 1161 5578 προσκυνούμενος
1188 5528 1202 5543 ·
1231 5514 1325 5566 καὶ
1380 5514 1617 5587 {dicunt
1645 5524 1672 5574 6
1717 5526 1823 5588 πᾶς

248 5587 407 5657 λόγος
443 5593 555 5655 τοῖς
602 5592 768 5662 ὑγιῶς
803 5597 1079 5664 φρονοῦσι.
1137 5600 1278 5670 Πρός
1326 5601 1383 5654 δὲ
1438 5603 1501 5656 τὸ
1555 5587 1824 5665 πίστωσιν

251 5680 397 5748 ἔχειν
431 5683 630 5751 μᾶλλον
685 5685 774 5739 τὸν
807 5687 989 5755 λόγον,
1020 5691 1316 5759 ἀναγκαῖον
1358 5697 1652 5771 ἡγησάμην
1679 5709 1841 5774 τρεῖς,

249 5776 473 5846 χρήσεις
511 5777 786 5850 Πατρικὰς
841 5781 1118 5838 ὑποθεῖναι
1170 5788 1233 5857 τῇ
1285 5789 1576 5862 ἐπιστολῇ·
1631 5796 1705 5861 ὡς
1763 5800 1827 5854 ἆυ

319 5892 360 5923 ³⁹
393 5893 544 5945 Ucut.
571 5907 683 5955 χιχ,
716 5894 794 5947 ιδ.

1933 4709 2079 4756 mur,
2113 4709 2345 4764 quorum
2391 4709 2589 4750 nomen
2629 4700 2804 4757 solum
2837 4715 3127 4760 commune
3167 4718 3277 4774 est;
3317 4727 3506 4767 essen-

1933 4783 2021 4838 tiae
2070 4799 2200 4838 vero
2253 4784 2412 4851 ratio,
2453 4801 2577 4856 quae
2630 4789 2832 4844 nomini
2891 4793 3098 4859 subest,
3152 4797 3361 4853 diversa
3398 4819 3413 4866 ;
3447 4815 3506 4856 ut

1932 4874 2185 4930 Christus
2217 4876 2350 4945 ipsc,
2387 4886 2442 4930 et
2475 4879 2567 4946 qui
2599 4879 2780 4947 pictus
2817 4890 2920 4936 est.
2954 4882 3092 4939 Cum
3134 4898 3316 4944 autem
3346 4894 3502 4948 addi-

1933 4977 2042 5029 tur,
2094 4968 2201 5021 sive
2253 4967 2605 5039 hypostatica,
2644 4971 2746 5025 hoc
2801 4972 3002 5030 diserte
3055 4983 3338 5048 asseritur,
3394 5003 3500 5038 non

1931 5053 2113 5119 aliam,
2142 5070 2306 5125 quam
2361 5055 2585 5120 Christi,
2625 5059 2676 5111 iu
2709 5059 2829 5129 ejus
2879 5062 3115 5134 imagine
3165 5069 3500 5139 hyposta‘sim

1931 5162 2070 5212 esse,
2103 5148 2196 5203 sed
2227 5148 2516 5216 ipsammet
2555 5150 2742 5220 utique
2771 5155 3106 5224 hypostasim
3133 5159 3358 5229 Christi,
3387 5167 3503 5223 sive

1931 5241 2300 5295 characterem
2335 5257 2432 5311 per
2467 5243 2658 5299 forma:
2696 5246 2870 5316 ipsius
2899 5252 3136 5318 speciem
3173 5259 3415 5326 conspici
3444 5262 3501 5315 in

1929 5335 2163 5404 imagine
2208 5344 2260 5388 et
2301 5335 2517 5390 adorari
2554 5355 2568 5390 ι
2602 5351 2761 5407 atque
2802 5341 2872 5394 ita
2914 5343 3230 5400 continuata
3272 5360 3356 5404 est
3388 5361 3498 5406 tota

1925 5428 2102 5481 oratio
2127 5426 2272 5496 apud
2296 5443 2392 5482 eos
2416 5429 2510 5499 qui
2543 5439 2686 5486 recte
2713 5435 2970 5490 sentiunt.
2999 5437 3078 5491 Ad
3106 5441 3365 5511 majorem
3397 5463 3499 5500 au-

1927 5533 2032 5575 tem
2055 5519 2214 5576 iidem
2246 5537 2435 5576 eorum
2471 5538 2594 5590 qua:
2626 5523 2771 5579 dicta
2805 5537 2954 5591 sunt,
2991 5536 3360 5594 necessarium
3393 5541 3497 5593 du-

1927 5613 2105 5667 ximus
2140 5621 2250 5667 tres
2297 5611 2519 5667 Patrum
2561 5618 2859 5673 sententias
2898 5620 3142 5689 epistolae
3191 5628 3492 5696 subjicere;

1936 5711 1994 5756 ut
2028 5703 2114 5758 hic
2138 5703 2300 5756 etiam
2327 5703 2614 5772 impleatur
2643 5706 2788 5774 quod
2822 5709 3083 5780 scriptum
3111 5726 3191 5768 est
3225 5734 3237 5768 :
3278 5716 3338 5771 In
3368 5722 3498 5774 duo-

1936 5803 2026 5853 bus
2060 5809 2105 5851 ct
2139 5796 2302 5852 tribus
2335 5797 2546 5854 leuibus
2588 5799 2745 5854 stabit
2777 5819 2926 5856 omne
2964 5809 3167 5860 verbum
3197 5811 3260 5864 ³³.
