4184 6488
731 402 862 467 1591

721 523 984 596 πληρωθῇ
1044 522 1325 579 κάνταῦθα
1363 541 1377 555 ·

716 617 863 671 πεῖν.

1445 521 1578 577 Ἐπὶ
1654 521 1766 574 δύο
1843 522 1941 574 καὶ
2001 517 2176 587 τριῶν

862 729 1231 802 Chrysostomi
1263 747 1328 785 ea:
1354 731 1791 800 interpretatione
1823 730 1875 780 in
1915 727 2136 781 Pelvim.

789 905 860 960 Ut
905 921 1029 958 cum
1073 909 1235 973 regis:
1272 902 1473 972 efﬁgies
1500 912 1555 956 et
1593 900 1858 970 imagines
1891 900 1942 952 in
1977 899 2164 952 urbem
2213 897 2295 950 af-

717 998 990 1059 feruntur,
1031 997 1248 1052 obviam
1284 995 1592 1066 procedunt
1647 993 2004 1063 magistratus
2033 999 2086 1043 et
2121 989 2305 1060 populi

716 1105 841 1144 cum
910 1087 1104 1144 faustis
1145 1086 1656 1149 acclamationibus,
1719 1100 1826 1138 non
1899 1082 2112 1137 tabulas
2151 1121 2166 1143 ,
2213 1090 2307 1134 aut

715 1195 903 1236 cereas
934 1179 1176 1250 picturas
1207 1179 1563 1243 honorantes,
1601 1176 1693 1232 sed
1728 1174 1933 1244 regiam
1967 1173 2255 1243 imaginem
2285 1188 2300 1236 ;

718 1272 800 1325 sic
864 1279 1138 1336 creatura,
1174 1284 1282 1324 non
1316 1279 1588 1323 terrenam
1654 1267 1882 1336 ﬁgurant
1918 1266 2168 1326 honorat,
2205 1263 2299 1317 sed

716 1364 994 1418 caelestem
1030 1361 1256 1432 eﬂigiem
1278 1372 1587 1416 veneratur.

785 1477 988 1548 Synodi
1019 1476 1358 1530 Antiocltena
1388 1479 1484 1529 sub
1529 1474 1844 1528 Theodorito
1889 1473 2220 1542 patriarcha.

786 1635 903 1690 Non
933 1645 992 1691 ut
1024 1637 1254 1691 alterum
1291 1635 1487 1701 forma,
1516 1636 1609 1690 sed
1643 1643 1700 1688 ut
1749 1635 1928 1703 ipsum
1962 1649 2129 1688 unum
2184 1632 2294 1688 Do«

715 1733 924 1786 minum
988 1731 1040 1784 in
1101 1745 1209 1784 una
1270 1728 1446 1784 forma
1493 1729 2184 1796 exsistentem;quatenus
2245 1736 2300 1782 et

1933 399 1993 457 S.
2047 396 2432 457 THEODORI
2487 398 2833 458 STUDlT/E

2249 519 2563 589 μαρτύρων
2625 519 2992 588 σταθήσεται
3064 519 3188 576 πᾶν

2328 729 2380 788 Α

3869 399 4005 460 15ἓὲ

3273 520 3478 589 ῥῆμα,
3544 521 3858 590 Γρατρικῶς
3927 527 4004 573 ει.

2552 723 2660 781 Τοῦ
2691 724 3355 862 Χρυσοστόιλοῖἓξξρτέζς
3391 724 3715 794 ἑρμηνείας
3743 725 3863 779 τοῦ

2479 894 2646 945 Ὅταν
2672 890 2939 962 βασιλικοὶ
2969 892 3314 962 χαρακτῆρες
3345 889 3436 942 καὶ
3463 889 3679 954 εἰκόνες
3719 891 3809 953 είς
3844 891 4004 943 πόλιν

2404 983 2789 1054 εἰσφέρωνται,
2831 982 3145 1036 ὑπαντῶσιν
3181 981 3438 1050 ἄρχοντες
3492 981 3588 1034 καὶ
3641 980 3820 1048 δῆμοι
3885 983 4004 1050 μετ’

2404 1077 2680 1146 εὐφημίας
2705 1091 2720 1105 ⁶
2743 1075 2806 1127 οὐ
2839 1074 3025 1127 σανίδα
3061 1072 3350 1142 τιμῶντες,
3380 1073 3502 1126 οὐδέ
3529 1072 3628 1142 τὴν
3683 1073 4005 1142 κηρόχυτον

2403 1169 2644 1240 γραφὴν,
2672 1168 2808 1220 ἀλλὰ
2831 1167 2923 1220 τὸν
2955 1165 3278 1236 χαρακτῆρα
3309 1163 3400 1218 τοῦ
3425 1164 3716 1234 βασιλέως
3750 1163 3941 1226 οὕτως
3970 1170 4000 1233 ἡ

2403 1262 2600 1325 κτίσις,
2630 1262 2691 1314 οὐ
2717 1261 2778 1313 τὸ
2807 1262 2991 1330 γήϊνον
3035 1260 3220 1330 σχῆμα
3251 1260 3408 1329 τιμᾷ,
3441 1258 3578 1313 ἀλλὰ
3611 1258 3705 1311 τὸν
3734 1259 4002 1330 οὐράνιον

2407 1354 2731 1425 χαρακτῆρα
2753 1353 3003 1408 αίδεῖται.

2409 1468 2523 1536 Τῆς
2551 1469 2622 1522 ἐν
2658 1469 2988 1538 Ἀντιοχείᾳ
3020 1465 3290 1520 συνόδου
3317 1467 3418 1521 ἐπὶ
3462 1465 3833 1536 Θεοδωρίτου
3889 1485 4003 1520 ,τα-

3038 1538 3342 1606 τριάρχου.

2475 1633 2585 1702 Οὐχ
2618 1632 2694 1696 ὡς
2736 1632 2922 1702 ἕτερον
2956 1635 3022 1703 τῇ
3065 1635 3271 1703 μορφῇ,
3307 1633 3422 1686 ἀλλ’
3451 1634 3526 1696 ὡς
3558 1634 3725 1687 αὐτὸν
3751 1634 3859 1688 ἕνα
3891 1636 4003 1686 K5-

2408 1742 2524 1795 ριον
2555 1728 2614 1778 ἐν
2648 1726 2746 1795 μιᾷ
2798 1728 2978 1796 μορςῇ
3008 1726 3137 1779 ὄντα
3162 1743 3176 1758 ο
3210 1727 3333 1779 καθ’
3353 1725 3412 1779 ὃν
3452 1728 3542 1779 καὶ
3587 1731 3894 1799 χαρακτὴρ
3923 1724 4000 1790 εἷς

716 1827 1001 1881 character
1051 1841 1194 1881 unus
1242 1823 1418 1880 Patris
1479 1824 1800 1879 substantia:
1849 1834 2028 1887 natus,
2077 1831 2132 1876 et
2177 1833 2300 1875 ante

2411 1817 2668 1886 πεφυκὼς
2701 1820 2800 1887 τῆς
2831 1817 2926 1871 τοῦ
2955 1819 3167 1890 Πατρὸς
3198 1819 3568 1882 ὑποστάσεως,
3597 1823 3692 1873 καὶ
3719 1823 3836 1891 πρὸ
3873 1841 3999 1893 σαρ-

717 1932 943 1972 carnem
1004 1917 1362 1986 incorporeus
1394 1927 1533 1981 erat,
1573 1925 1627 1970 et
1662 1916 1714 1969 in
1744 1931 1906 1970 carne
1935 1931 2078 1969 unus
2107 1923 2223 1981 est;
2247 1925 2301 1968 et

719 2011 774 2062 in
807 2008 1044 2078 imagine
1067 2008 1207 2062 idem
1230 2023 1371 2062 unus
1399 2017 1502 2068 est,
1537 2021 1643 2060 non
1673 2006 1883 2060 divisus
1906 2005 1962 2060 in
2002 2006 2139 2060 duos
2169 2006 2299 2060 cha-

718 2109 982 2166 racteres,
1020 2116 1117 2154 nec
1156 2100 1209 2154 in
1251 2099 1389 2154 duas
1422 2099 1630 2154 scissus
1657 2099 1893 2168 glorias;
1925 2097 2017 2153 sed
2052 2099 2104 2150 in
2137 2112 2299 2150 unam

717 2193 1053 2248 coalescens.
1097 2190 1160 2243 Et
1186 2201 1301 2261 post
1333 2192 1442 2244 alia
1472 2207 1491 2246 :
1524 2190 1628 2245 Sed
1667 2188 2126 2260 quemadmodum
2188 2190 2303 2256 ipse

718 2295 862 2337 unus
885 2291 968 2336 est
997 2297 1064 2335 ex
1095 2280 1316 2336 duobus
1374 2279 1692 2344 contrariis,
1723 2288 1777 2334 et
1811 2280 1864 2333 in
1897 2295 2059 2333 unam
2116 2278 2300 2333 coale-

727 2375 830 2430 scit
870 2389 1160 2445 personam
1186 2391 1202 2441 ;
1233 2374 1315 2429 sic
1339 2374 1500 2428 etiam
1528 2373 1700 2443 ipsius
1731 2373 1910 2442 imago
1941 2381 1995 2426 et
2015 2386 2120 2425 una
2143 2381 2226 2426 est
2251 2381 2304 2426 et

718 2466 962 2536 ejusdem
1017 2466 1179 2521 unius
1228 2465 1678 2534 Christizneque
1733 2464 1962 2518 alterum
2022 2463 2303 2516 characte-

719 2574 833 2613 rem
871 2559 1174 2614 secundum
1218 2574 1437 2614 carnem
1494 2556 1814 2627 apparuisse
1860 2556 2015 2610 nobis
2047 2555 2301 2619 dicimus,

719 2661 775 2704 et
828 2651 1059 2706 alterum
1122 2651 1177 2703 in
1257 2649 1494 2718 imagine
1543 2649 1893 2704 efformatum
1925 2649 2301 2702 characterem

715 2745 870 2812 juxta
903 2741 1141 2812 speciem
1181 2743 1376 2796 (arma:
1402 2739 1612 2810 ipsius;
1654 2741 1748 2795 sed
1779 2739 2038 2794 eumdum
2071 2753 2240 2792 unum
2285 2753 2298 2788 :

720 2835 976 2904 quoniam
1008 2849 1184 2904 neque
1224 2833 1511 2888 character
1541 2832 1722 2888 dictus
1755 2842 1838 2888 est
1866 2841 2139 2902 quatenus
2181 2845 2302 2884 cor-

722 2942 846 2992 pus,
880 2929 972 2980 sed
1006 2935 1276 2997 quatenus
1312 2927 1669 2994 incorporeus
1699 2943 1712 2978 :
1743 2934 1796 2978 et
1835 2924 1938 2978 hoc
1972 2922 2174 2978 clarius
2207 2935 2303 2990 per

2408 1911 2502 1968 κὸς
2529 1909 2820 1981 ἀσώματος
2850 1906 2930 1975 εἷς
2966 1928 3024 1965 τε
3063 1907 3153 1981 ἦν,
3188 1914 3284 1965 καὶ
3313 1914 3372 1965 ἐν
3407 1913 3572 1980 σαρκὶ
3598 1908 3679 1976 εἷς
3714 1916 3864 1978 ἐστι,
3908 1919 3999 1970 καὶ

2407 2003 2465 2055 ἐν
2515 2003 2685 2056 εἰκόνι
2711 2005 2739 2056 ὁ
2768 2003 2926 2066 αὐτὸς
2957 1997 3038 2063 εἷς
3077 2005 3332 2074 ὐπάρχειο
3368 2005 3442 2074 μὴ
3471 2005 3865 2075 διαιρούμενος
3921 2011 3998 2070 εἰς

2407 2096 2500 2149 δύο
2536 2097 2889 2167 χαρακτῆρας
2913 2114 2927 2128 ’
2970 2099 3108 2168 μήτε
3137 2098 3193 2151 δὲ
3225 2097 3540 2169 σχιζόμενος
3575 2101 3654 2162 είς
3680 2101 3776 2152 δύο
3809 2101 3993 2166 δόξας·

2407 2188 2523 2240 ἀλλ’
2553 2191 2631 2251 είς
2685 2190 2814 2258 μίαν
2869 2190 3255 2260 συναγόμενος.
3290 2192 3395 2244 Καὶ
3438 2195 3564 2261 μεθ’
3592 2193 3800 2260 ἕτερα·
3855 2196 3994 2249 Ἀλλ’

2409 2280 2598 2350 ῶσπερ
2627 2281 2786 2344 αὐτὸς
2824 2275 2904 2343 εἷς
2933 2283 3082 2335 ἐστιν
3110 2285 3173 2336 ἐκ
3198 2283 3291 2336 δύο
3339 2285 3444 2338 τῶν
3471 2287 3748 2350 ἐναντίων,
3782 2290 3884 2340 καὶ
3917 2293 3994 2351 εἰς

2410 2373 2468 2424 ἓν
2504 2373 2794 2440 συνάγεται
2835 2375 3124 2445 πρόσωπον
3149 2393 3164 2408 ο
3195 2376 3339 2430 οὕτω
3369 2379 3458 2431 καὶ⁵
3483 2378 3647 2432 εἰκὼν
3679 2382 3854 2434 αὐτοῦ
3896 2387 3993 2451 μία

2409 2463 2468 2516 τὲ
2496 2465 2633 2526 ἐστι,
2664 2465 2756 2516 καὶ
2790 2464 2883 2516 τοῦ
2920 2465 3083 2518 αὐτοῦ
3108 2465 3222 2528 ἐνὸς
3246 2468 3505 2537 Χριστοῦ·
3542 2470 3636 2522 καὶ
3670 2472 3771 2540 οὐχ
3801 2474 3992 2544 ἓτερον

2410 2555 2734 2625 χαρακτῆρα
2790 2557 3023 2626 ἐροῦμεν
3081 2558 3170 2610 τὸν
3222 2561 3363 2612 κατὰ
3416 2561 3594 2632 σάρκα
3654 2564 3992 2629 ἐπιφανέντα

2409 2647 2563 2716 ἡμῖν,
2599 2649 2690 2698 καὶ
2742 2648 2928 2719 ἕτερον
2979 2649 3070 2701 τὸν
3124 2648 3245 2702 κατ’
3281 2652 3466 2705 εἰκόνα
3517 2656 3990 2723 σχηματιζόμενα

2411 2741 2738 2811 χαρακτῆρα
2768 2743 2824 2793 ἐν
2861 2741 2990 2794 εῖδει
3051 2741 3265 2812 μορςῆς
3297 2741 3462 2794 αὐτοῦ
3496 2760 3509 2774 ·
3540 2744 3676 2796 ἀλλὰ
3704 2747 3795 2798 τὸν
3827 2750 3989 2800 αὐτὸν

2410 2830 2536 2882 ἕνα·
2587 2829 2710 2881 ἐπεὶ
2763 2831 2902 2899 μήτε
2953 2830 3086 2882 καθὸ
3119 2830 3280 2900 σῶμα
3329 2833 3356 2884 6
3406 2833 3690 2904 χαρακτὴρ
3747 2837 3986 2906 εῐρηται,

2411 2921 2545 2974 ἀλλὰ
2572 2921 2707 2973 καθὸ
2740 2921 3052 2989 ἀσώματονο
3083 2922 3353 2977 καὶτοῦτο
3380 2923 3579 2991 μᾶλλον
3604 2924 3689 2977 διὰ
3714 2927 3810 2979 τοῦ
3845 2929 3987 2982 θείου

721 3017 970 3069 divinum
1002 3015 1462 3085 Chrysostomum
1483 3015 1864 3084 explicabitur,
1891 3012 1985 3082 qui
2020 3013 2303 3066 characte-

2410 3013 2796 3082 Χρυσοστόμου
2829 3013 3358 3083 διευκρινηθήσεται,
3386 3016 3476 3068 τὸν
3530 3017 3864 3088 χαρακτῆρα
3901 3023 3987 3073 οὐ-

723 3121 838 3160 retn
860 3106 1140 3161 ccelestem
1170 3106 1320 3171 dicit,
1353 3107 1551 3175 quippe
1579 3106 1673 3173 qui
1713 3119 1743 3158 e
1782 3105 1944 3166 caelo,
1977 3118 2085 3156 non
2111 3111 2301 3171 quate‘

726 3214 830 3254 nus
865 3215 1084 3266 corpus,
1126 3199 1222 3254 sed
1255 3207 1536 3269 'quatenus
1575 3198 1954 3267 incorporeus,
1988 3196 2300 3267 unigenitus

726 3289 872 3346 Deus
896 3291 1236 3346 descendens
1267 3292 1333 3345 de
1359 3290 1514 3344 cmlis
1554 3290 1873 3344 incarnatus
1911 3297 2014 3354 est,
2051 3300 2106 3344 et
2134 3304 2299 3358 appa-

723 3383 836 3438 ruit
872 3397 1102 3452 corpore
1149 3391 1339 3438 nostro
1377 3383 1619 3436 indutus.
1669 3379 1737 3434 Et
1767 3390 1883 3449 post
1919 3398 2088 3449 pauca
2115 3399 2133 3435 :
2159 3380 2300 3451 Ergo

723 3477 854 3546 quia
881 3492 976 3546 per
999 3476 1315 3531 relationem
1341 3476 1518 3546 ipsum
1553 3476 2193 3538 ostenditcharactercm,
2221 3476 2300 3544 ip-

725 3583 848 3621 sum
900 3568 1180 3624 Christum
1231 3570 1546 3634 adoramus,
1597 3578 1652 3623 et
1698 3585 1806 3622 non
1855 3569 2138 3623 materiam
2185 3579 2300 3622 arte

721 3661 1012 3730 ﬁguratam
1043 3661 1096 3714 in
1135 3661 1391 3732 imagine.

1218 3772 1420 3845 Synodi
1454 3772 1692 3828 Nicena:
1728 3772 1788 3826 ΙΙ
1829 3813 1842 3826 .

800 3887 863 3942 Et
883 3889 976 3978 qui
1001 3888 1192 3942 adorat
1219 3888 1534 3959 imaginem,
1558 3888 1750 3943 adorat
1781 3890 1832 3940 in
1868 3905 1930 3942 ea
1965 3891 2297 3958 Ity-postasint

723 3982 842 4051 ejus
878 3982 970 4050 qui
1009 3981 1256 4050 depictus
1307 3989 1408 4035 est.

1005 4093 1210 4149 CXCV.
1238 4124 1308 4137 -—
1335 4093 1591 4149 Eudacite
1635 4096 2046 4149 Candidatissa.

2411 3104 2593 3174 ράνιον
2646 3103 2913 3172 λέγοντος,
2946 3107 3174 3178 ἐπείπερ
3204 3109 3301 3161 καὶ
3346 3110 3404 3176 ἐξ
3456 3109 3710 3179 οὐρανοῦ,
3750 3114 3811 3165 οὐ
3853 3116 3986 3166 καθὸ

2411 3198 2591 3264 σῶμα,
2618 3196 2753 3250 ἀλλὰ
2780 3196 2915 3251 καθὸ
2946 3198 3236 3268 ἀσώματον
3261 3241 3275 3264 ,
3311 3203 3339 3253 6
3369 3202 3662 3272 μονογενὴς
3687 3201 3823 3266 Θεὸς
3859 3222 3983 3257 xar-

2408 3289 2576 3343 ελθὼν
2605 3291 2669 3343 ἐκ
2701 3289 2809 3342 τῶν
2839 3291 3086 3360 οὐρανῶν
3110 3292 3418 3363 ἐσαρκὼθη,
3438 3295 3528 3346 καὶ
3554 3296 3795 3363 ἐπέφανε
3829 3296 3984 3365 σῶμα

2408 3382 2763 3450 περιθέμενος
2796 3382 2858 3432 τὸ
2908 3383 3196 3451 ἡμέτερον.
3227 3384 3333 3436 Καὶ
3359 3387 3487 3452 μετ’
3521 3385 3698 3454 ὀλίγα
3726 3406 3739 3418 ·
3776 3389 3982 3441 Οὐκοῦν

2407 3474 2530 3526 ἐπεὶ
2567 3474 2708 3525 κατά
2744 3474 3026 3543 ἀναφορὰν
3058 3475 3222 3528 αὐτὸν
3249 3476 3489 3529 δείκνυσι
3517 3478 3607 3530 τὸν
3637 3483 3978 3551 χαρακτῆρα,

2407 3567 2570 3620 αὐτὸν
2600 3565 2835 3636 Χριστὸν
2870 3565 3303 3638 προσκυνοῦμεν,
3334 3570 3425 3620 καὶ
3468 3569 3528 3620 οὐ
3559 3569 3658 3640 τῆν
3711 3570 3848 3640 ὐλην
3896 3591 3978 3626 τε-

2407 3661 2606 3730 χνικῶς
2637 3662 3112 3732 σχηματιζομένην
3141 3665 3198 3716 ἐν
3227 3665 3292 3733 τῇ
3327 3663 3521 3719 εἰκόνι.

2711 3774 2830 3843 Τῆς
2857 3776 2929 3829 ἐν
2955 3779 3169 3844 Νικαιά
3198 3779 3464 3833 συνόδου
3495 3779 3561 3832 τὸ
3595 3781 3676 3834 R'.

2478 3893 2589 3946 Καὶ
2618 3893 2648 3944 6
2681 3892 3000 3963 προσκυνῶν
3029 3893 3125 3962 τὴν
3150 3894 3360 3959 εἰκόνα,
3399 3899 3696 3967 προσκυνεῖ
3732 3900 3792 3950 ὲν
3844 3901 3972 3971 αὐτῇ

2405 3983 2499 4037 τοῦ
2534 3985 2942 4055 ἐγγραφομένου
2973 3988 3070 4058 τὴν
3103 3987 3415 4041 ὑπόστασιν.

2486 4099 2628 4166 Ριιεο
2659 4101 2791 4168 (89).
2821 4129 2889 4142 --
2914 4100 3174 4170 Εὑδοκίᾳ
3200 4100 3670 4172 Κανδιδατίσσῃ.
3710 4105 3873 4180 [ψπα]

1720 4205 1924 4268 )Egrum
1950 4206 2088 4256 vanis
2113 4210 2383 4260 terroribus
2406 4211 2620 4260 animum
2659 4213 2960 4262 corroborat.

803 4317 1101 4373 lndicatum
1132 4327 1215 4372 est
1249 4318 1380 4371 mihi
1403 4334 1431 4372 a
1460 4317 1624 4372 fratre
1661 4316 1904 4380 Silvano,
1930 4319 2299 4376 honorificen-
2334 4327 2381 4384 D

730 4413 861 4466 tiam
894 4419 1042 4463 tuam
1067 4409 1118 4461 in
1155 4423 1394 4463 mturare
1424 4424 1566 4470 esse,
1605 4420 1821 4479 pr0pter
1855 4420 2054 4464 metum
2107 4427 2299 4478 quem-

730 4507 854 4558 dam
889 4511 943 4556 et
977 4511 1266 4563 terrorem,
1313 4501 1408 4571 qui
1457 4503 1692 4557 animam
1738 4504 1944 4574 absque
1984 4505 2092 4560 ulla
2133 4522 2298 4561 causa

731 4595 1037 4663 occupavit.
1091 4594 1245 4660 Quod
1303 4594 1530 4650 audiens
1569 4611 1668 4666 ego
1719 4597 1941 4653 humilis
1978 4600 2120 4654 haud
2182 4601 2301 4656 sine

731 4685 899 4739 animi
945 4700 1110 4739 sensu
1157 4685 1278 4749 tuli,
1309 4686 1403 4740 sed
1435 4686 1608 4752 dolui,
1649 4699 2008 4760 precatusque
2049 4707 2194 4758 sunt,
2234 4693 2300 4747 li-

729 4788 811 4828 cet
843 4773 1097 4842 indignus
1122 4774 1212 4844 qui
1267 4791 1297 4828 a
1330 4774 1442 4829 Deo
1480 4778 1761 4843 exaudiar,
1800 4789 1917 4834 uta
1953 4790 2003 4836 te
2042 4783 2300 4838 abscedat

730 4866 1026 4919 hicmctus.
1046 4864 1188 4930 Quin
1214 4881 1359 4920 nunc
1379 4869 1541 4921 etiam
1557 4877 1609 4922 et
1625 4884 1725 4938 ego
1738 4881 1792 4924 et
1807 4872 2061 4928 dominus
2084 4876 2300 4930 archie-

725 4960 1002 5028 piscOpus,
1022 4969 1076 5012 et
1104 4957 1298 5013 fratres
1325 4958 1487 5012 simul
1518 4971 1677 5016 orant
1708 4971 1768 5017 ut
1796 4964 1967 5032 pietas
1987 4977 2076 5020 tua
2107 4967 2176 5021 ab
2199 4970 2299 5024 hoc

709 5054 920 5104 'lllOl'bO
935 5053 1297 5105 convalescat.
1317 5049 1586 5105 Caeterum
1603 5055 1824 5110 morbus
1836 5056 1944 5123 hic,
1958 5057 2301 5122 domina,ab—

727 5143 928 5197 surdus
967 5153 1124 5197 estet
1150 5143 1943 5218 jurecontemnendus;neque
1987 5151 2301 5207 existimare

725 5236 891 5290 debes
909 5238 1085 5304 ipsum
1107 5237 1204 5291 tibi
1228 5239 1526 5306 quidquam
1555 5240 1680 5293 mali
1707 5240 1899 5297 aﬂ‘erre
1919 5259 2082 5312 posse
2103 5245 2305 5316 :siqui—

726 5331 846 5381 dem
880 5328 1156 5383 Christum
1183 5330 1371 5384 induta
1398 5347 1476 5395 es,
1519 5342 1572 5385 et
1607 5349 1826 5388 crucem
1852 5336 1972 5403 ejus
2010 5353 2109 5407 pro
2138 5338 2306 5394 armis

729 5421 896 5475 habes
923 5441 934 5475 :
957 5422 1116 5489 cujus
1139 5422 1295 5492 signo
1321 5434 1371 5478 te
1392 5426 1669 5493 muniens,
1697 5443 1888 5484 omnes
1911 5430 2163 5500 protinus
2193 5433 2302 5486 da:-

727 5514 906 5568 monis
933 5515 1214 5569 machinas
1241 5517 1591 5587 expulsuram
1625 5529 1676 5574 te
1705 5520 1885 5585 crede,
1908 5521 2021 5578 sive
2043 5523 2300 5588 interdiu,

2488 4325 2758 4397 Ἐδηλὼθη
2819 4344 2910 4398 μοι
2957 4327 3062 4381 ὐπὸ
3116 4327 3210 4381 τοῦ
3261 4328 3492 4400 ἀδελςροῦ
3529 4333 3822 4389 Σιλουανοῦ
3851 4340 3969 4406 περὶ

2402 4417 2500 4486 τῆς
2530 4417 2841 4487 τιμιότητός
2873 4435 2988 4479 σου,
3020 4420 3101 4472 ὅτι
3132 4420 3190 4472 ἐν
3220 4420 3366 4495 λύπῃ
3395 4423 3510 4476 ἐστὶ
3561 4425 3650 4478 διὰ
3675 4427 3736 4478 τὸ
3763 4428 3967 4494 ἐγγίνε-

2406 4508 2529 4561 σθαι
2569 4525 2650 4562 σοι
2683 4509 2847 4576 φόὸον
2901 4510 3025 4564 τινὰ
3065 4511 3158 4564 καὶ
3201 4513 3426 4584 πτόησιν
3455 4516 3514 4567 ἐν
3556 4519 3621 4586 τῇ
3848 4521 3965 4573 ἄνευ

2402 4601 2547 4664 τινὸς
2574 4601 2770 4664 αἰτίας.
2801 4602 2908 4654 Καὶ
2936 4603 3176 4666 ἀκούσας
3198 4605 3298 4658 οὐκ
3323 4605 3549 4669 ἀπαθῶς
3580 4609 3787 4679 ἤνεγκα
3818 4612 3846 4662 6
3881 4628 3966 4664 “:2-

2404 4693 2586 4756 πεινός
2614 4711 2626 4722 ·
2677 4693 2810 4746 ἀλλὰ
2841 4695 2936 4746 καὶ
2983 4695 3279 4766 ἐλυπήθην,
3317 4700 3408 4750 καὶ
3455 4700 3730 4771 ηὐξάμην,
3787 4707 3836 4756 εξ
3883 4707 3963 4758 καὶ

2404 4782 2620 4848 ἀνάξιος
2675 4783 3048 4837 ὐπακούεσθαι
3103 4785 3257 4856 παρὶ
3297 4785 3452 4850 Θεοῦ,
3489 4788 3715 4858 λυθῆναι
3767 4795 3828 4844 τὸ
3857 4794 3963 4857 δέος

2402 4873 2580 4926 ἐκεῖνο
2623 4873 2731 4926 ἀπὸ
2778 4872 2894 4928 σοῦ.
2940 4873 3098 4926 Ἀλλὰ
3131 4875 3224 4927 καὶ
3257 4875 3336 4929 ἐτι
3367 4875 3522 4944 κάγὼ
3564 4880 3657 4932 καὶ
3711 4881 3738 4932 6
3788 4883 3964 4952 κύριος

2402 4969 2430 5020 6
2453 4967 2903 5036 ἀρχιεπίσκοπος.
2939 4967 3032 5018 καὶ
3068 4967 3117 5020 οἱ
3145 4967 3362 5037 ἀδελφοὶ
3393 4969 3737 5041 συνεύχονται
3770 4979 3958 5044 καταρε

2405 5060 2693 5130 ραῖσθῆναι
2739 5058 2801 5111 τὸ
2830 5057 2999 5122 πάθος
3031 5057 3137 5111 ἀπὸ
3187 5061 3283 5128 τῆς
3317 5060 3599 5124 εὐσεϐείας
3632 5081 3746 5118 σου.
3809 5067 3963 5119 Τοῦτο

2403 5150 2480 5212 δὲ,
2518 5149 2703 5219 κυρία,
2736 5147 3028 5202 ἀλλόκοτόν
3055 5149 3171 5201 ἐστι
3195 5148 3255 5201 τὸ
3285 5149 3475 5216 πάθος,
3500 5152 3594 5204 καὶ
3629 5153 3961 5225 εὐκαταφρό-

2407 5256 2566 5310 νητον
2599 5254 2612 5266 ·
2670 5240 2763 5292 καὶ
2797 5239 2896 5290 οὐκ
2951 5239 3184 5307 ὀφείλεις
3222 5237 3533 5307 λογίζεσθαι
3590 5244 3723 5297 αὐτὸ
3750 5246 3886 5310 ὅλως
3913 5248 3961 5300 ἔν

2405 5347 2515 5383 τινι
2545 5329 2839 5401 δυνάμενόν
2877 5347 2934 5382 σε
2967 5329 3378 5400 παραδλάπτειν
3403 5350 3416 5363 ·
3453 5332 3589 5388 διότι
3616 5335 3708 5388 τὸν
3741 5338 3959 5408 Χριστὸν

2406 5423 2753 5492 ἐνδεδυμένη,
2789 5422 2880 5476 καὶ
2902 5423 2992 5475 τὸν
3023 5421 3253 5492 σταυρὸν
3281 5422 3446 5476 αὐτοῦ
3473 5425 3617 5495 ἔχεις
3647 5428 3814 5482 ὅπλον
3844 5447 3858 5460 ο
3886 5433 3958 5497 ἐφ’

2405 5509 2450 5583 ᾧ
2474 5515 2867 5586 σημειουμένη,
2902 5513 3226 5568 amicum
3251 5517 3506 5587 παραυτά
3544 5518 3763 5574 πίστευε
3797 5524 3958 5577 πᾶσαν

2242 5744 2470 5800 ΜΠΕ.

797 5853 908 5921 (89)
934 5855 988 5908 In
1026 5858 1147 5910 (ευιΙ.
1189 5858 1318 5930 Reg.
1357 5857 1496 5929 9:5".
