4184 6520
229 452 267 513 1
279 446 388 510 593

1431 449 1970 510 EPISTOLARUM
2013 449 2161 510 LIB.
2227 449 2310 509 II.

3365 446 3499 512 1594

226 557 546 630 σκαιωρίαν
569 558 914 628 δαιμονικὴν,
942 558 1043 614 κᾶν
1077 560 1135 612 ἐν
1162 560 1366 633 ἡμέρα,
1411 563 1514 616 κᾶν
1547 565 1603 615 ἐν
1658 564 1801 616 νυκτῖ

1920 565 2034 620 sive
2074 577 2238 622 noctu
2263 575 2315 620 te
2344 561 2650 634 perturbari
2685 561 2995 632 contigerit.
3033 559 3209 619 Psalle
3236 560 3404 636 igitur
3430 567 3500 622 ad

231 650 519 721 συμϐαίνῃ
569 666 628 702 σε
680 649 1039 718 ἐκθροείσθαι.
1069 650 1248 705 Ψάλλε
1278 651 1372 705 οὖν
1413 653 1550 723 πρὸς
1585 655 1808 722 Κύριον·

248 742 398 794 Ἀπὸ
434 742 623 809 φόϐου
661 740 878 810 ἐχθροῦ
909 741 1124 806 ἐξελοῦ
1155 742 1269 811 τὴν
1297 743 1510 813 ψυχήν
1531 762 1672 814 μου.
1701 745 1814 799 Καὶ

227 833 422 886 πάλιν·
461 835 544 887 Οὐ
572 833 988 902 φοϐηθήσομαι
1035 833 1156 888 ἀπὸ
1213 835 1402 904 φόϐου
1435 837 1809 904 νυκτερινοῦ,

227 927 359 980 ἀπὸ
411 926 642 993 βέλους
685 926 1016 997 πετομένου
1047 927 1292 997 ἡμέρας,
1323 928 1444 983 ἀπὸ
1471 927 1814 998 πράγματος

237 1022 308 1070 ἐν
361 1019 562 1072 σκότει
615 1018 1144 1087 διαπορευομένου,
1198 1019 1318 1073 ἀπὸ
1371 1019 1814 1090 συμπτώματος

233 1116 337 1169 καί
371 1115 681 1184 δαιμονίου
705 1114 1138 1184 μεσημϐρινοῦ.
1170 1115 1297 1167 Καί·
1337 1117 1402 1168 El
1431 1117 1464 1168 ό
1492 1115 1634 1182 Θεὸς
1660 1115 1818 1183 ὑπὲρ

232 1209 374 1270 σοῦ.
408 1209 496 1274 τίς
522 1210 671 1261 κατὰ
693 1208 810 1261 σοῦ
834 1223 852 1270 ;
881 1201 943 1260 οὗ
967 1208 1060 1260 καὶ
1085 1206 1148 1259 τὸ
1175 1207 1334 1276 σῶμα
1360 1207 1583 1270 ἐσθίεις,
1624 1210 1722 1260 καὶ
1753 1208 1813 1260 τὸ

231 1298 377 1369 αἷμα
406 1304 579 1364 πίνεις
604 1319 618 1332 ο
645 1302 728 1369 ἐφ’
746 1295 826 1364 οἷς
857 1298 1280 1370 καταπατοῦμεν
1305 1299 1492 1353 ἐπάνω
1515 1301 1690 1369 δφεων
1719 1302 1815 1354 καὶ

233 1393 534 1460 σκορπίων,
586 1393 680 1444 καὶ
708 1391 802 1443 ἐπὶ
845 1392 1026 1443 πᾶσαν
1052 1391 1150 1460 τὴν
1185 1389 1414 1459 δύναμιν
1461 1389 1556 1444 τοῦ
1588 1390 1808 1462 ἐχθροῦ.

230 1480 326 1552 Μὴ
355 1482 533 1534 τοίνυν
574 1482 1019 1552 συγκαταπέσῃς,
1077 1481 1212 1552 μηδέ
1248 1481 1575 1552 ῥαθυμήσῃς
1622 1483 1682 1534 ἐν
1735 1481 1813 1551 τῷ

228 1577 446 1646 ἀκαίρῳ
508 1575 682 1645 τούτῳ
743 1575 941 1647 φόὸῳο
1008 1573 1382 1645 ἁλλέὑθύμει
1445 1577 1504 1629 ἐν
1569 1576 1809 1647 Κυρίῳο

227 1666 348 1728 καὶ,
374 1666 890 1738 ὁπομιμνήσκομεν,
912 1665 1240 1736 προσεύχου,
1261 1663 1445 1729 καθὼς
1464 1666 1558 1719 καὶ
1581 1665 1811 1741 εἰθισται

227 1777 332 1823 σοι,
367 1761 580 1831 νύκτωρ
629 1763 724 1814 καὶ
773 1761 890 1830 μεθ’
920 1760 1151 1830 ἡμέραν,
1204 1759 1252 1811 εί
1301 1759 1452 1831 δύνῃ,
1484 1760 1579 1812 καὶ
1613 1759 1810 1830 μικρὸν

225 1852 594 1920 ἀναγίνωσκεο
623 1853 716 1905 καὶ
772 1854 805 1924 ἡ
839 1854 1027 1924 εἰρήνη
1061 1850 1154 1904 τοῦ
1196 1850 1334 1904 Θεοῦ
1383 1851 1686 1923 φρουρήσει
1723 1867 1806 1917 σε,

224 1946 322 1997 καὶ
347 1947 607 2015 ἀπήμονα
625 1946 946 2016 διατηρήσει
972 1946 1030 1997 ἐν
1059 1947 1244 2000 πᾶσιν.

293 2062 451 2128 Ριιίῗ
478 2061 610 2132 (90)⁸
642 2092 711 2102 -
740 2061 1102 2131 Εὐφροσύντι
1149 2059 1474 2130 ὴιουμένηρ
1527 2057 1723 2132 [φιβ’-1

1918 655 2204 712 Dominum
2233 677 2246 712 :
2278 658 2320 711 Α
2348 659 2533 710 timore
2559 655 2760 708 inimici
2791 655 2933 722 eripe
2972 655 3205 708 animum
3247 658 3498 714 meum“.

1916 748 1984 806 Et
2025 765 2242 806 rursum
2279 768 2292 805 :
2330 749 2450 804 Non
2493 751 2682 804 timebo
2724 765 2755 801 a
2791 749 2976 800 timore
3020 759 3300 814 nocturno,
3329 767 3361 804 rt
3405 769 3500 805 sa-

1915 841 2048 914 gitta
2079 841 2285 897 volante
2320 842 2374 895 in
2397 842 2503 905 die,
2527 858 2559 894 ο
2589 840 2791 908 negotio
2825 838 3226 906 perambulante
3259 841 3313 894 in
3359 852 3502 896 tene-

1916 938 2043 1001 bris,
2081 938 2147 988 ab
2190 937 2407 989 incursu
2457 944 2504 988 et
2539 934 2800 988 daemonio
2857 933 3153 987 meridiano
3187 936 3254 988 “.
3287 931 3354 988 Et
3387 953 3401 990 :
3441 934 3502 989 Si

1914 1029 2053 1083 Deus
2089 1045 2183 1098 pro
2215 1040 2282 1094 te,
2308 1030 2423 1098 quis
2455 1040 2638 1082 contra
2673 1041 2722 1082 te
2742 1028 2809 1092 ι’,
2836 1041 2958 1098 qua:
2987 1041 3185 1094 corpus
3212 1025 3332 1096 ejus
3359 1027 3494 1094 edis,

1913 1132 1966 1177 et
2001 1123 2322 1194 sanguinem
2366 1124 2547 1190 bibis;
2577 1140 2812 1194 quorum
2851 1140 2955 1195 ope
2995 1121 3378 1193 proculcantes
3408 1122 3495 1175 in-

1914 1217 2255 1270 ambulamus
2272 1233 2434 1285 super
2457 1227 2736 1286 serpentes
2760 1226 2814 1272 et
2835 1218 3078 1286 scorpios
3100 1226 3153 1270 et
3177 1229 3340 1283 super
3374 1229 3496 1267 orn-

1915 1324 2035 1362 nem
2064 1309 2319 1362 virtutem
2354 1308 2559 1362 inimici
2583 1308 2672 1361 ⁸³2
2705 1308 2783 1363 Ne
2816 1308 2977 1378 igitur
3000 1308 3181 1360 anima
3217 1303 3494 1369 concidas,

1914 1416 2013 1455 nec
2048 1401 2354 1471 languidior
2401 1401 2497 1454 ﬁas
2541 1401 2595 1455 in
2639 1402 2739 1456 hoc
2777 1401 2970 1456 timore
3013 1400 3368 1468 importuno:
3402 1398 3495 1451 sed

1914 1491 2094 1547 laatare
2134 1493 2188 1545 in
2244 1491 2474 1545 Domino
2510 1509 2525 1558 ;
2560 1503 2632 1557 et,
2671 1493 2815 1562 quod
2853 1493 3232 1551 admonemus,
3282 1504 3400 1553 ora,
3441 1497 3494 1542 ιιι

1913 1584 2081 1647 soles,
2113 1592 2276 1638 nocte
2305 1583 2521 1652 dieque,
2542 1585 2586 1639 si
2619 1594 2871 1654 potes,et
2901 1582 3302 1654 aliquantulum
3339 1581 3453 1650 lege
3479 1597 3492 1633 :

1911 1688 1964 1732 et
1999 1693 2100 1747 pax
2132 1676 2224 1732 Dei
2262 1687 2315 1733 te
2343 1679 2639 1743 custodiet,
2673 1691 2729 1734 et
2755 1679 2978 1734 illaasam
3008 1676 3249 1734 servabit
3279 1677 3333 1730 in
3367 1689 3488 1729 om-

1913 1771 2093 1826 nibus.

2154 2057 2384 2113 CXCVI.
2425 2089 2493 2100 --
2532 2057 2888 2128 Euphrosynze
2926 2058 3246 2126 prwposita’.

625 2177 874 2235 Quomodo
896 2185 1077 2237 gerere
1098 2187 1154 2223 se
1186 2173 1366 2224 debeat
1399 2187 1515 2238 erga
1540 2174 1812 2236 quamdam,
1836 2185 1948 2234 quas
1971 2185 2030 2222 ex
2059 2171 2213 2236 ipsius
2237 2172 2535 2223 monasterio
2559 2172 2738 2222 dimitti
2765 2175 3060 2235 postulabat.

291 2279 608 2350 Μεμὰθηκα
667 2279 818 2349 παρὰ
865 2276 960 2330 τοῦ
989 2273 1049 2330 εὗ
1097 2278 1322 2345 εἰδότος,
1353 2279 1432 2332 ὅτι
1477 2295 1571 2331 σου
1620 2278 1797 2347 ἥψατο

216 2372 367 2442 λύπη
427 2373 527 2442 τῆς
577 2372 915 2442 τιμιότητος,
947 2369 1037 2423 διὰ
1063 2371 1124 2423 τὸ
1165 2369 1372 2424 ἐθέλειν
1402 2370 1530 2441 μίαν
1560 2369 1796 2440 ἀδελφὴν
1847 2433 1850 2436 ,

215 2463 525 2534 τετμῆσθαι
562 2481 654 2517 σου
676 2463 772 2532 τῆς
807 2463 964 2530 ἁγίας
994 2462 1240 2525 συνοδίας
1264 2476 1278 2490 ⁶
1314 2461 1408 2514 καὶ
1437 2461 1536 2514 οὐκ
1570 2460 1674 2525 ἔξω
1700 2459 1796 2514 τοῦ

215 2555 435 2618 εἰκότος
466 2557 500 2625 ἡ
530 2553 696 2624 λύπη.
731 2553 853 2615 Πῶς
887 2552 996 2621 γὰρ
1025 2551 1091 2606 ἂν
1116 2554 1210 2605 καὶ
1241 2552 1340 2606 οὐκ
1369 2552 1626 2622 ἀλγήσειε
1647 2552 1796 2623 ψυχὴ

213 2649 627 2718 ἐκκοπτομένου
663 2645 756 2700 τοῦ
821 2644 1027 2698 οἰκείου
1066 2645 1299 2716 μέλους;
1345 2644 1488 2697 Ἀλλ’
1518 2647 1668 2714 ὅμως
1715 2647 1796 2698 ὅτι

216 2742 514 2813 συμϐαίνει
557 2741 625 2793 τὰ
676 2737 900 2791 τοιαῦτα.
949 2738 1009 2802 ἐξ
1063 2737 1330 2808 ἐπηρείας
1351 2736 1444 2790 τοῦ
1485 2737 1796 2808 ἐνεδρεύον·

214 2851 310 2895 τες
339 2835 398 2885 ἐν
429 2833 544 2893 τοῖς
579 2831 713 2892 υἱοῖς
742 2829 843 2898 τῆς
876 2829 1160 2891 ἀπειθείας
1193 2845 1206 2858 .
1242 2829 1332 2881 καὶ
1368 2828 1475 2899 χρὴ
1499 2831 1646 2900 ἡμᾶς
1690 2846 1797 2899 μα-

211 2923 512 2996 κροθύμως
559 2921 780 2992 φέρειν’
814 2924 995 2976 πᾶσαν
1060 2921 1541 2991 ἐπιδεικνυμένους
1597 2921 1796 2990 ἐπιμέο

213 3018 391 3077 λειαν,
416 3018 542 3069 ὅσον
566 3015 850 3086 ἐπιτρέπει
883 3019 910 3069 δ
947 3015 1151 3083 ἀληθὴς
1196 3013 1372 3080 λόγος’
1397 3015 1473 3078 ὡς
1510 3015 1576 3068 ἂν
1631 3013 1796 3068 ἀθῶοι

212 3109 311 3162 τοῦ
353 3108 582 3175 αἵματος
631 3106 820 3175 εἴημεν
848 3103 940 3158 τοῦ
969 3103 1232 3166 τοιούτου,
1261 3104 1430 3174 ἧγουν
1483 3104 1582 3174 τῆς
1611 3105 1796 3156 τοιᾶσ-

212 3202 296 3259 δε,
325 3196 557 3267 ἀδελυοῦ
603 3214 663 3249 τε
711 3195 1107 3266 ὀνομασθέντος
1155 3195 1188 3263 ἦ
1251 3194 1511 3264 ἀδελφῆς.
1566 3195 1797 3266 Ἐπεζή-

213 3309 392 3364 τησας
417 3291 472 3344 δὲ
508 3290 721 3360 μαθεῖν,
751 3291 798 3342 εί
830 3287 1084 3356 ἀνὲνοχόν
1111 3288 1228 3340 ἐστι
1286 3291 1354 3357 τῇ
1379 3289 1657 3358 τιμιότητί
1701 3306 1792 3340 σου

216 3381 489 3436 ἀπολῦσαι
518 3385 616 3452 τὴν
673 3378 1083 3450 φιλονεικοῦσαν
1146 3379 1452 3449 ἐκραγῆναί
1511 3397 1604 3432 σου
1638 3381 1796 3434 ἀδελ-

217 3479 350 3546 φῆν.
382 3476 491 3528 Καὶ
521 3477 636 3534 πῶς
668 3477 805 3546 σοφὴ
829 3470 964 3527 οὖσα
1019 3472 1114 3526 καὶ
1153 3473 1368 3542 συνετὴ,
1397 3475 1496 3527 οὐκ
1543 3475 1634 3543 ἀφ’
1666 3476 1796 3528 ἐαυ-

1972 2279 2142 2334 Didici
2172 2280 2240 2334 ab
2263 2295 2327 2333 eo
2365 2279 2451 2333 cui
2498 2279 2664 2346 probe
2700 2288 2826 2332 nota
2865 2293 2950 2333 res
2975 2288 3113 2343 erat,
3171 2278 3360 2333 dolore
3405 2289 3488 2332 ta-

1897 2386 2040 2430 ctam
2076 2390 2200 2428 esse
2237 2371 2598 2425 reverentiam
2627 2382 2801 2434 tuam,
2835 2386 2900 2426 eo
2927 2372 3070 2440 quod
3107 2387 3210 2425 una
3235 2371 3302 2424 de
3331 2387 3491 2426 soro-

1899 2466 2108 2519 ribusa
2142 2471 2333 2516 sancta
2388 2461 2815 2530 congregatione
2870 2470 2961 2513 tua
3018 2461 3265 2526 abscindi
3318 2462 3487 2517 velit:

1899 2571 2076 2627 neque
2107 2557 2206 2609 abs
2236 2569 2293 2608 re
2326 2553 2575 2622 profecto
2630 2553 2720 2608 bic
2769 2552 2945 2607 dolor.
2981 2551 3100 2618 Quo
3134 2555 3280 2609 enim
3330 2564 3490 2624 pacto

1899 2650 2079 2704 anima
2111 2663 2220 2701 non
2261 2647 2444 2700 doleat
2470 2661 2592 2700 curn
2619 2645 2903 2715 proprium
2937 2647 3244 2700 membrum
3282 2662 3489 2702 reseca-

1901 2739 2028 2793 tur?
2077 2739 2466 2792 Verumtamen
2514 2738 2644 2806 quia
2691 2737 2805 2790 bace
2837 2751 2932 2804 per
2961 2736 3070 2789 vim
3117 2738 3485 2806 contingunt,

1898 2843 2062 2903 atque
2091 2846 2156 2886 ex
2191 2831 2338 2885 illius
2368 2829 2738 2898 improbitate,
2781 2829 2874 2896 qui
2901 2827 3133 2884 insidias
3167 2829 3329 2882 struit
3360 2828 3486 2883 liliis

1900 2923 2313 2988 inobedientiaa;
2351 2936 2548 2990 magno
2580 2921 2767 2975 animo
2794 2935 2896 2974 nos
2933 2919 3073 2975 ferre
3103 2931 3338 2990 Oportet,
3366 2936 3485 2974 om-

1899 3031 2156 3084 nemque,
2179 3014 2360 3084 quoad
2392 3013 2531 3066 ratio
2557 3028 2682 3066 vera
2711 3013 2977 3081 przecipit,
3010 3012 3352 3081 diligentiam
3387 3014 3484 3066 atl-

1898 3109 2105 3172 bibere,
2149 3117 2208 3160 ut
2240 3106 2562 3158 innocentes
2609 3104 2783 3159 simus
2823 3119 2852 3156 a
2882 3104 3154 3173 sanguine
3205 3103 3370 3172 hujus
3400 3105 3483 3158 vel

1897 3200 2066 3258 illius.
2101 3213 2196 3254 seu
2225 3198 2393 3251 frater
2427 3200 2741 3251 nominetur
2771 3212 2864 3250 seu
2893 3211 3070 3251 soror.
3103 3194 3256 3250 Scire
3302 3208 3480 3250 autent

1896 3291 2180 3363 qua-siisti,
2209 3306 2277 3343 an
2308 3300 2459 3344 extra
2482 3289 2695 3357 culpam
2725 3287 2908 3342 iutura
2939 3289 3011 3342 sit
3036 3290 3340 3344 reverentia
3368 3301 3480 3350 tua,

1896 3387 1942 3441 si
1974 3400 2220 3441 sororem
2277 3383 2421 3436 illam
2466 3381 2705 3436 dimittat
2734 3397 2856 3452 qua:
2914 3381 3202 3436 contendit
3243 3397 3339 3450 per
3370 3381 3478 3434 vim

1895 3477 2065 3530 exire.
2096 3471 2164 3528 Et
2197 3473 2475 3542 quomodo
2506 3483 2585 3536 tu,
2614 3488 2741 3526 cum
2787 3472 3009 3541 sapiens
3050 3472 3128 3525 sis
3182 3482 3237 3526 et
3285 3471 3480 3525 intelli-

215 3569 316 3636 τῆς
352 3567 733 3634 ἐπιγινώσκεις
761 3565 821 3617 τὸ
851 3565 968 3617 δέον
997 3581 1011 3628 ;
1044 3560 1180 3616 Οὔτε
1213 3559 1307 3616 οὖν
1337 3567 1536 3635 σεαυτῇ
1559 3568 1626 3636 τῇ
1650 3566 1794 3619 διδα-

1901 3584 2054 3638 gens,
2083 3582 2190 3620 non
2214 3583 2308 3636 per
2333 3566 2559 3634 teipsarn
2592 3564 2860 3619 discernis
2892 3563 3020 3631 quid
3049 3565 3188 3618 facto
3213 3564 3283 3618 sit
3311 3564 3481 3632 Opus?

219 3659 429 3728 σκὰλῳ,
454 3657 580 3710 οὔτε
607 3661 672 3728 τῇ
707 3655 1110 3728 μαθητευθείσῃ
1140 3656 1422 3722 ἀκίνδυνος
1451 3659 1482 3726 ἡ
1516 3657 1796 3722 διάστασις

218 3750 546 3812 ἐθελουσίως
574 3749 857 3817 γινομένη.
909 3747 1008 3798 Διά
1047 3746 1100 3798 τί
1134 3747 1244 3818 γὰρ
1279 3749 1373 3800 καὶ
1407 3749 1568 3800 πόθεν
1592 3749 1654 3800 τὸ
1704 3747 1796 3800 εὖ·

216 3843 378 3911 λογον
415 3840 644 3910 ἐχουσα;
678 3841 726 3890 εἰ
763 3839 860 3908 μὲν
903 3840 1011 3906 γὰρ
1041 3839 1223 3889 τελεία
1262 3835 1399 3893 οὖσα
1438 3840 1532 3892 καὶ
1583 3857 1794 3910 κατηρ-

218 3935 454 4004 τισμένη
497 3937 529 4002 ἡ
569 3932 864 4003 μαθήτρια,
898 3932 1033 4002 πρὸς
1069 3930 1128 3983 τὸ
1170 3931 1346 3984 ἄλλων
1385 3923 1629 4000 ἀδελφῶν
1658 3931 1795 3985 καθ-

217 4027 493 4098 ηγεῖσθαι,
525 4025 625 4095 ήδη
669 4024 1116 4094 ὑποζητουμένης
1150 4023 1518 4094 ἀδελφότητος
1542 4066 1557 4090 ,
1589 4028 1795 4078 οἰκονο-

221 4121 322 4190 μία
355 4118 416 4171 τὸ
443 4116 703 4177 τοιοῦτον,
737 4115 916 4178 καθώς
945 4132 1109 4184 φησιν
1138 4115 1166 4166 ό
1191 4115 1348 4181 ἆγιος
1385 4115 1795 4177 Βασίλειος,κα“ι

218 4213 280 4266 οὐ
317 4210 616 4272 διάστασις.
661 4209 877 4274 ’Λπαγε
905 4209 918 4261 !
957 4207 1067 4260 Καὶ
1097 4205 1231 4276 γοῦν
1263 4209 1373 4261 ἀπὸ
1399 4207 1492 4261 τοῦ
1525 4208 1792 4278 ἄρχεσθαι

218 4303 422 4365 καλῶς,
453 4300 629 4355 ἄνεισι
658 4317 739 4363 τις
771 4301 860 4352 ἐπὶ
895 4300 955 4352 τὸ
975 4299 1165 4368 ἄρχειν
1186 4299 1449 4367 ἐννόμως.
1485 4298 1793 4352 Κάντεῦθεν

217 4394 383 4462 ζῆλος
415 4392 618 4460 ἀγαθὸς
641 4394 759 4454 ταῖς
788 4391 1141 4461 ὁμοτρόποις,
1173 4388 1310 4442 ίέναι
1342 4391 1436 4442 ἐπὶ
1460 4391 1557 4460 τὴν
1587 4389 1793 4442 τελειόα

216 4503 378 4556 τητα,
417 4486 511 4536 καὶ
535 4481 990 4551 ταυτοπραγῆσαι
1047 4481 1370 4550 θεοπρεπῶς
1402 4498 1416 4511 ·
1460 4481 1650 4551 ἐπειδὴ
1705 4482 1792 4534 ἐν·

216 4576 381 4641 δεεξιν
402 4576 500 4644 τῆς
529 4577 608 4637 είς
641 4575 802 4628 αὑτὸν
833 4575 1052 4643 ἀγάπης
1074 4575 1101 4626 ὁ
1129 4571 1331 4643 Κύριος
1365 4575 1458 4626 καὶ
1483 4573 1614 4638 Θεὸς
1635 4574 1792 4644 ἡμῶν

215 4670 295 4739 τῷ
331 4668 612 4738 κορυφαίῳ
661 4666 769 4718 τῶν
826 4667 1148 4718 ἀποστόλων
1193 4667 1514 4731 ὑποδεικνὺς
1544 4668 1645 4738 ἔφη
1679 4685 1695 4700 ⁶
1725 4669 1792 4720 ΕΙ

215 4760 452 4830 ἀγαπᾷς
486 4778 582 4829 με.
612 4760 812 4823 ,Βόσκε
841 4760 912 4813 τὰ
932 4759 1108 4826 ἀρνία
1129 4777 1268 4828 μου.
1294 4760 1404 4813 Καὶ
1426 4761 1590 4814 πάλιν
1613 4778 1626 4792 ο
1651 4761 1791 4814 Ποί-

1904 3660 2069 3730 Ergo,
2101 3675 2203 3714 nec
2238 3657 2332 3712 tibi
2366 3658 2467 3728 ipsi
2501 3659 2799 3728 magistras,
2850 3673 2951 3710 nec
2983 3657 3285 3726 discipulae,
3337 3657 3474 3726 pcri-

1899 3753 2022 3807 culo
2050 3761 2228 3816 vacat,
2281 3765 2403 3819 qua:
2465 3759 2661 3819 sponte
2710 3750 2803 3802 liat
2854 3749 3148 3817 separatio.
3179 3748 3296 3813 Quo
3329 3749 3475 3802 enim

1901 3848 2061 3903 modo
2099 3857 2194 3902 aut
2221 3849 2370 3903 unde
2397 3847 2596 3901 rationi
2659 3858 2806 3901 eSset
2835 3846 3237 3900 consentanea?
3268 3845 3401 3899 Nam
3431 3847 3476 3901 si

1893 3941 2004 4009 jam
2039 3939 2275 4011 perfecta
2319 3949 2372 3993 ct
2435 3947 2814 3992 consummata
2850 3947 2935 3993 est
2969 3937 3256 4007 discipula,
3292 3947 3352 3991 ut
3389 3952 3478 3992 so-

1897 4033 2114 4087 roribus
2138 4033 2259 4086 aliis
2294 4032 2496 4102 praalici
2535 4031 2729 4100 possit,
2763 4041 2818 4084 et
2846 4045 2876 4083 a
2916 4044 3168 4084 sororum
3197 4031 3475 4085 communi

1895 4125 2187 4192 expetitur,
2226 4122 2564 4191 dispensatio
2620 4123 2732 4176 btec
2778 4131 2879 4185 est,
2917 4121 3060 4177 sicut
3119 4123 3196 4176 ait
3252 4133 3479 4176 sanctus

1897 4208 2149 4274 Basilius,
2199 4217 2253 4264 et
2293 4225 2399 4264 non
2435 4210 2764 4276 dissidium;
2825 4211 2989 4265 absit.
3055 4212 3252 4282 Utique
3300 4213 3368 4266 ab
3409 4228 3476 4265 eo
3557 4241 3559 4243 ι

1895 4301 2039 4369 quod
2067 4300 2192 4370 quis
2221 4301 2323 4355 sub
2353 4299 2581 4369 imperio
2614 4301 2715 4353 t'ite
2740 4299 2926 4362 fuerit,
2971 4301 3212 4354 ascendit
3245 4310 3300 4354 nt
3342 4301 3475 4369 legi-

1895 4394 2026 4448 time
2079 4396 2330 4464 imperet.
2393 4392 2626 4462 lndeque
2679 4393 2958 4446 sodalibus
3008 4393 3147 4446 bona
3200 4392 3475 4446 :emulatio

1895 4488 2148 4542 tendendi
2180 4487 2248 4540 ad
2281 4486 2670 4555 perl'ectiooem
2694 4525 2709 4548 ,
2761 4485 3014 4554 idemque
3059 4483 3252 4554 agendi
3307 4500 3469 4552 quam

1894 4579 2304 4634 accuratissime
2337 4596 2350 4632 :
2391 4576 2835 4646 quandoquidem
2878 4577 3081 4630 amoris
3131 4592 3256 4647 erga
3294 4593 3351 4632 se
3381 4597 3470 4632 ar-

1894 4681 2211 4743 gumentum
2253 4671 2519 4725 Dominus
2567 4679 2620 4724 et
2651 4667 2792 4723 Deus
2856 4680 3039 4724 noster
3101 4673 3471 4739 apostolorum

1894 4767 2182 4836 coryphazo
2223 4765 2486 4820 extribens
2529 4764 2606 4818 ait
2637 4762 2730 4817 :Si
2769 4763 2949 4832 diligis
2997 4779 3097 4822 me,
3126 4780 3280 4826 pasce
3306 4782 3471 4835 agnos

211 4872 388 4924 μαινε
416 4855 487 4908 τὶι
524 4853 787 4921 πρόϐατά
809 4871 950 4922 μου.
999 4853 1086 4916 Ὠς
1114 4855 1208 4922 ὅγε
1261 4853 1488 4926 τοιαύτη
1533 4855 1788 4924 προθέσει

1901 4874 2033 4911 meos
2065 4857 2130 4909 “.
2168 4855 2234 4910 Et
2283 4858 2476 4910 iterum
2512 4873 2526 4909 :
2561 4853 2730 4923 Pasce
2783 4871 2899 4908 oves
2935 4871 3075 4908 meas
3104 4857 3170 4918 ⁸⁸,
3205 4866 3261 4908 ιιι
3293 4857 3337 4910 is
3375 4858 3469 4927 qui

218 4945 538 5016 ἐκϐεϐηκὼς
562 4947 640 5007 εἰς
664 4945 725 4996 τὸ
754 4944 1087 5012 ποιμαίνειν,
1115 4945 1386 5013 μακάριος
1415 4945 1480 4997 ἂν
1509 4947 1617 5016 εἴη,
1653 4947 1788 5016 Χρι-

221 5041 344 5092 στὸν
374 5038 708 5110 μιμούμενος
738 5039 827 5090 τὸν
857 5036 1110 5109 ἀληθινὸν
1149 5039 1364 5109 πρῶτον
1391 5039 1786 5110 ἀρχιποίμενα.

222 5134 381 5186 Ἐστι
434 5129 564 5199 γοῦν
598 5131 690 5184 καὶ
748 5131 908 5202 ἑτέρα
937 5130 1220 5200 οἰκονομία
1249 5133 1306 5182 ἐν
1350 5134 1462 5192 τοῖς
1509 5133 1789 5202 Πατράσιν

218 5226 251 5296 ἡ
263 5224 379 5293 μῶν
424 5223 820 5293 τεθεωρημένη
851 5239 864 5253 ⁸
896 5223 1100 5276 ὁπόταν
1129 5209 1274 5293 ψυχὴ
1300 5223 1741 5294 δυστροπεύουσα
1766 5263 1782 5286 ,

222 5315 364 5383 μετά
390 5315 590 5384 πολλὴν
613 5316 707 5367 καὶ
736 5315 956 5386 μακρὰν
983 5315 1321 5384 ἐπιμέλειαν,
1355 5315 1578 5385 αίρῆται
1614 5332 1784 5384 μετα-

220 5410 408 5461 πεσεῖν
460 5408 537 5469 είς
566 5406 731 5476 ἀλλην
761 5408 1119 5476 ἀδελφότητα,
1150 5407 1225 5470 ὼς
1263 5409 1441 5461 ἐκεῖσε
1484 5409 1790 5478 χρησιμεύ-

221 5519 300 5554 ειν
349 5499 642 5571 μὲλλουσα,
679 5499 824 5552 κατά
859 5499 1090 5568 μίμησιν
1113 5499 1222 5550 τῶν
1262 5499 1787 5568 μεταφυτευομὲνων

218 5591 449 5663 δένδρων
478 5592 543 5644 ἐκ
570 5589 723 5644 τοῦδε
746 5591 828 5654 εἰς
860 5591 1010 5644 τόνδε
1037 5591 1363 5644 τόπον.Ἐᾶν
1385 5587 1476 5644 οὖν
1506 5592 1601 5644 καὶ
1627 5590 1786 5643 τοῦτο

287 5710 336 5742 ⁸ο
370 5708 513 5766 Psal.
547 5708 777 5771 ιιιιι,2.
865 5708 909 5739 ⁸⁸
935 5707 1075 5763 Psal.
1116 5725 1199 5774 xtz,
1235 5710 1289 5774 5,
1334 5712 1384 5761 t3.

1464 5711 1504 5741 δ’
1532 5709 1686 5763 Rom.
1717 5723 1832 5773 \‘lll,
1861 5710 1950 5764 31.

1899 4953 2003 5005 isto
2025 4950 2257 5005 consilio
2276 4964 2535 5018 egressus
2556 4958 2639 5002 est
2669 4947 2734 5001 ad
2761 4948 3113 5016 pascendum.
3156 4949 3345 5002 beatus
3375 4952 3468 5014 sit,

1896 5044 2175 5098 Christum
2209 5043 2428 5098 imitans
2458 5057 2645 5096 verum
2673 5041 2994 5111 principem,
3022 5042 3254 5108 primum
3283 5052 3469 5111 pasto-

1896 5150 2038 5188 rum.
2081 5131 2178 5187 Est
2234 5148 2399 5201 porro
2438 5141 2492 5185 et
2533 5132 2702 5185 altera
2755 5132 3114 5201 dispensatio,
3157 5147 3279 5200 quae
3327 5133 3467 5201 apud

1894 5225 2084 5282 Patres
2147 5235 2364 5278 nostros
2418 5226 2698 5278 cernitur:
2738 5224 2957 5293 quando
3008 5225 3188 5277 anima
3251 5224 3471 5290 ingenio

1895 5306 2250 5386 moribusque
2283 5317 2540 5380 difﬁcilis,
2582 5327 2706 5387 post
2736 5317 2960 5369 multam
3000 5325 3054 5369 et
3084 5316 3299 5384 longam
3339 5316 3466 5369 dili-

1896 5410 2240 5481 gentiam,ad
2276 5410 2438 5463 aliam
2475 5413 2974 5478 congregationem,
3022 5415 3280 5477 tanquam
3321 5407 3468 5461 utilis

1898 5502 1973 5556 ibi
2015 5502 2217 5567 futura,
2245 5502 2480 5556 transire
2506 5500 2786 5570 delegerit,
2814 5499 3070 5553 arborum
3102 5500 3206 5552 ritu
3247 5514 3370 5568 qua:
3398 5499 3470 5552 ab

1895 5610 2004 5650 ιιιιο
2024 5595 2079 5648 in
2097 5595 2265 5648 alium
2298 5595 2479 5649 locum
2506 5593 2998 5663 transplantantur.
3034 5590 3099 5644 Et
3132 5593 3232 5644 hoc
3254 5605 3383 5659 ergo
3417 5589 3466 5644 si

2028 5712 2072 5743 “
2103 5711 2234 5766 Luc.
2269 5726 2322 5767 π.
2367 5710 2448 5764 19.
2528 5709 2572 5739 ⁸⁸
2602 5707 2758 5762 .loan.
2807 5707 3033 5771 xxr,l5.
3145 5708 3188 5738 ’⁵⁸
3215 5706 3346 5759 ibid.
3378 5706 3465 5762 l7.

1711 5824 1919 5880 ΝΟΤΛΖ
1931 5865 1942 5880 .

289 5939 402 6006 (90)
440 5941 492 5992 In
527 5941 648 5994 cod.
678 5938 804 6006 lleg.
839 5943 972 6006 ριιν.
