4184 6486
735 426 874 487 1595

1911 431 1974 491 S.
2003 428 2396 490 THEODORI
2451 430 2796 491 STUDIT/E

3852 426 3991 488 1596

735 535 951 597 feceris,
1004 536 1194 590 subest
1252 537 1435 606 aliqua
1499 537 1683 591 ratio:
1735 538 1986 608 utrisque
2035 540 2310 605 videlicet,

2430 553 2714 610 τοιησειας.
2748 541 2860 610 ἔχει
2881 540 3002 594 τινὰ
3028 539 3214 608 λόγον’
3239 539 3564 610 ἀμφοτέρων
3590 537 3861 605 δηλονότι.
3888 539 3990 606 τῆς

734 637 847 678 tum
879 639 942 676 ea
973 637 1095 690 quae
1119 623 1361 688 dimittit,
1391 635 1503 678 tum
1545 640 1610 679 ea
1643 641 1766 693 qua:
1795 628 2008 696 recipit,
2058 627 2322 695 adjuvan-

737 715 884 769 tibus
909 727 969 767 se
999 723 1215 776 mutuo,
1251 723 1312 766 ut
1337 714 1697 783 apostolicum
1735 728 2060 786 praeceptum
2094 717 2322 786 implea-

735 815 823 858 tur
857 822 869 857 :
908 806 1054 858 Alter
1098 805 1317 860 alterius
1363 823 1525 859 onera
1576 815 1803 876 portate,
1857 819 1902 862 et
1934 809 2010 860 sic
2043 807 2323 876 adimplete

738 903 897 967 legem
926 898 1123 952 Christi
1156 899 1220 951 “.

806 1005 982 1057 Aliam
1041 1019 1172 1058 vero
1237 1005 1640 1073 separationem
1689 1021 1798 1060 non
1836 1006 2034 1076 recipit
2093 1009 2322 1060 verbum

739 1098 1006 1150 veritatis.
1044 1095 1230 1150 Primo
1261 1097 1505 1165 quidem,
1533 1099 1662 1166 quia
1687 1098 2055 1167 disrumpitur
2080 1113 2324 1153 conven-

741 1186 815 1240 tio
851 1186 1088 1256 Spiritus
1142 1189 1342 1251 sancti,
1379 1204 1499 1255 qua:
1551 1205 1738 1243 coram
1776 1189 1887 1244 Deo
1920 1200 1974 1244 et
2009 1190 2326 1247 hominibus

741 1279 1012 1332 celebrata
1064 1287 1148 1331 est
1202 1279 1254 1331 in
1288 1279 1589 1333 monastica
1629 1279 1964 1348 professione
1998 1297 2012 1334 :
2043 1297 2154 1352 quo
2193 1282 2324 1349 quid

741 1386 862 1426 esse
884 1379 1062 1439 potest
1092 1371 1500 1438 perniciosius?
1525 1370 1592 1424 Et
1628 1386 1756 1426 vero
1778 1373 2008 1440 quadrat
2039 1373 2126 1428 bic
2157 1374 2324 1428 etiam

744 1462 965 1515 verbum
1019 1460 1234 1515 Domini
1272 1480 1284 1515 :
1334 1460 1477 1525 Quos
1527 1461 1663 1515 Deus
1693 1463 1990 1532 conjunxit,
2031 1465 2184 1517 homo
2223 1479 2325 1517 non

744 1562 947 1622 separet
974 1553 1042 1607 δ’.
1075 1551 1210 1607 Nam
1244 1555 1290 1610 si
1330 1553 1427 1618 ibi,
1459 1556 1674 1610 tametsi
1739 1557 1792 1610 in
1850 1557 2060 1612 carnali
2093 1556 2327 1626 conjun-

743 1647 943 1708 etione,
969 1644 1256 1700 interdicta
1284 1655 1367 1700 est
1391 1647 1686 1715 separatio,
1714 1645 1917 1716 quanto
1936 1647 2111 1716 magis
2130 1647 2184 1701 in
2211 1647 2326 1717 spi-

746 1736 932 1790 rituali
969 1737 1318 1806 capulatione
1344 1737 1367 1790 τ
1401 1737 1505 1792 nisi
1540 1737 1678 1792 forte
1710 1739 1918 1793 ludicra
1949 1748 2077 1793 sunt
2097 1737 2280 1794 divina
2310 1755 2324 1792 :

746 1827 839 1880 sed
869 1827 1030 1882 absit.
1067 1826 1271 1882 Fidelis
1304 1837 1390 1882 est
1418 1829 1746 1883 sacramenti
1772 1843 1976 1893 sermo,
2007 1838 2122 1882 tum
2163 1829 2216 1881 in
2242 1843 2329 1883 re-

2421 649 2481 684 τε
2514 631 2853 704 ἐπιδιδούσης
2883 635 2974 684 καὶ
3001 632 3100 700 τῆς
3135 631 3542 700 ἐπιδεχομένης,
3581 631 3990 699 συναιρομένων

2423 721 2703 792 ἀλλήλαις,
2727 723 3102 792 πληρουμένου
3124 721 3218 774 τοῦ
3252 720 3612 775 ἀποστολικοῦ
3662 722 3990 791 παραγγέλ-

2426 830 2597 883 ματος
2625 829 2637 841 ·
2677 812 2979 880 Ἀλλήλων
3009 813 3080 866 τὰ
3107 813 3268 880 βάρη
3292 812 3642 877 βαστάζετε,
3675 814 3775 866 καὶ
3801 813 3991 878 οὕτως

2422 905 2896 974 ἀναπληρώσατε
2930 905 3036 958 τὸν
3061 906 3252 974 νόμον
3282 904 3386 958 τοῦ
3422 902 3700 972 Χριστοῦ.

2497 997 2691 1050 Ι’Δλλον
2720 997 2777 1051 δὲ
2810 998 3088 1068 χωρισμὸν
3127 997 3227 1049 οὐκ
3275 995 3585 1064 ἐπιδέχεται
3623 998 3652 1048 6
3705 994 3868 1061 λόγος
3891 993 3992 1061 τῆς

2424 1086 2700 1156 ἀληθείας.
2741 1088 2965 1157 Πρῶτον
3017 1087 3138 1157 μὲν,
3166 1087 3248 1140 ὅτι
3301 1087 3335 1156 ὴ
3387 1085 3654 1155 σύμϐασις
3691 1083 3787 1138 τοῦ
3830 1085 3992 1152 ἁγίου

2425 1179 2737 1249 Πνεύματος
2795 1180 3090 1233 διασπᾶται
3124 1181 3157 1249 ἡ
3210 1176 3708 1248 καθομολογηθεῖσα
3756 1177 3994 1230 ἐνώπιον

2423 1270 2561 1324 Θεοῦ
2591 1273 2685 1323 καὶ
2715 1270 3018 1340 ἀνθρώπων
3051 1271 3143 1324 επὶ
3171 1273 3236 1341 τῇ
3277 1271 3542 1340 μοναχικῇ
3575 1268 3856 1321 τελειώσει
3878 1285 3893 1299 ·
3931 1263 3994 1322 οὗ

2423 1366 2478 1418 τί
2511 1366 2576 1418 ἀν
2609 1367 2695 1437 είη
2725 1365 3145 1437 ὀλεθριώτερονς
3183 1365 3291 1418 Καί
3320 1382 3383 1433 γε
3414 1363 3640 1435 ἁρμόζει
3709 1361 3997 1416 κάνταῦθα

2425 1461 2454 1510 6
2477 1457 2635 1525 λόγος
2686 1457 2777 1510 τοῦ
2825 1457 3028 1527 Κυρίου
3055 1472 3070 1486 ο
3097 1457 3216 1521 οὓς
3255 1460 3287 1510 ό
3319 1457 3463 1521 Θεὸς
3493 1455 3753 1519 ἔζευξεν,
3778 1454 3999 1521 ἀνθρω-

2426 1565 2541 1614 πος
2568 1548 2654 1618 μὴ
2684 1547 2988 1617 χωριζέτω.
3014 1549 3076 1602 Et
3103 1549 3210 1619 γὰρ
3242 1550 3380 1614 ἐκεῖ,
3417 1548 3594 1602 καίτοι
3630 1549 3723 1601 ἐπὶ
3754 1547 3997 1614 σαρκικῇ

2427 1640 2631 1706 ζεύξει,
2677 1641 3051 1711 ἀπηγόρευται
3078 1645 3108 1696 6
3146 1641 3456 1714 χωρισμόςο
3489 1641 3642 1710 πόσῳ
3683 1656 3749 1708 γε
3797 1637 4002 1708 μᾶλλον

2427 1734 2521 1786 ἐπὶ
2551 1736 2896 1803 πνευματικῇ
2925 1735 3224 1803 συναφείας
3257 1735 3305 1786 εί
3333 1735 3405 1804 μή
3433 1735 3612 1805 τιάρα
3641 1729 3904 1794 παίζεται
3933 1731 4003 1782 τὰ

2428 1823 2549 1877 θεῖα
2573 1841 2587 1856 ο
2615 1825 2729 1878 ἀλλ’
2768 1824 2950 1892 ἄπαγε
2980 1826 2993 1878 !
3025 1827 3212 1889 πιστὸς
3245 1826 3274 1878 6
3326 1825 3482 1894 λόγος
3527 1823 3619 1877 τοῦ
3671 1822 4002 1892 μυστηρίου,

747 1919 1010 1972 missione
1035 1928 1412 1988 peccatorum,
1455 1930 1568 1974 tum
1601 1921 1654 1974 in
1683 1921 1903 1975 vinculo
1946 1919 2318 1977 indissolubili

2430 1915 2514 1968 ὲπί
2540 1932 2598 1968 τε
2631 1916 2824 1984 ἀφέσει
2851 1915 2960 1968 τῶν
2981 1916 3409 1987 ἡμαρτημένων,
3449 1916 3540 1969 ἐπί
3571 1933 3629 1969 τε
3661 1915 3851 1986 δεσμῷ
3874 1914 4005 1967 ἀλύ-

748 2011 1180 2080 conjunctionis.
1218 2013 1422 2068 Deinde
1450 2014 1730 2083 quomodo
1755 2030 1861 2068 non
1894 2013 2202 2068 oﬂ‘endetur
2228 2029 2322 2068 so-

751 2118 938 2156 rorum
961 2105 1313 2174 congregatio
1352 2119 1418 2157 ex
1447 2119 1555 2174 qua
1600 2105 1869 2166 avellitur,
1903 2106 1946 2158 si
1980 2104 2138 2173 culpa
2170 2112 2326 2159 vacet

752 2194 844 2249 illa
876 2210 994 2261 qua:
1013 2196 1350 2265 apraeposita
1377 2196 1700 2250 dimittitur?
1721 2211 1784 2250 ac
1819 2211 1924 2249 non
1942 2196 2121 2264 potius
2151 2197 2326 2249 abdu-

754 2295 910 2340 cetur
931 2286 995 2338 ad
1020 2286 1309 2340 dissidium
1331 2287 1500 2342 simili
1533 2287 1714 2342 studio
1739 2287 2005 2351 abscissa,
2025 2302 2170 2341 nunc
2189 2287 2325 2350 haec.

757 2375 1102 2444 postmodum
1133 2377 1325 2441 altera,
1372 2388 1427 2432 et
1475 2393 1584 2432 non
1617 2378 1788 2432 multo
1820 2386 1942 2447 post
1979 2376 2084 2430 alia
2149 2375 2227 2447 (et
2249 2377 2329 2430 sic

757 2468 1030 2540 integrum
1069 2469 1274 2524 Christi
1313 2484 1513 2538 corpus
1543 2469 1830 2538 disperibit
1856 2469 2182 2539 penitusque
2203 2482 2330 2522 cor-

759 2561 1088 2631 rumpetur).
1155 2576 1185 2614 a
1243 2561 1432 2630 primis
1473 2561 1788 2616 carceribus
1829 2561 1919 2614 vix
1967 2560 2228 2630 egressa?
2266 2557 2331 2612 Et

760 2651 1152 2706 maledictionis
1183 2660 1267 2705 est
1300 2652 1493 2714 haeres,
1520 2661 1577 2705 ut
1608 2651 1807 2705 clamat
1830 2659 2052 2706 sanctus
2075 2649 2326 2714 Basilius,

761 2757 884 2809 qua:
916 2751 1086 2795 totum
1121 2742 1221 2794 hoc
1249 2741 1451 2794 malum
1488 2750 1797 2810 perpetrat:
1834 2757 2010 2812 neque
2032 2741 2175 2796 enim
2221 2748 2334 2793 sta-

762 2830 1049 2894 bilitatem,
1091 2846 1191 2884 nec
1237 2832 1409 2884 basim
1440 2829 1678 2892 habebit,
1733 2846 1908 2899 neque
1938 2828 2332 2884 monasterium

762 2935 940 2987 tuum,
974 2939 1149 2992 neque
1184 2924 1328 2976 aliud
1353 2937 1516 2993 porro
1540 2923 1630 2977 ubi
1659 2923 1710 2977 id
1746 2923 1855 2976 liat.
1893 2920 2073 2988 Quare
2101 2922 2193 2991 qui
2225 2936 2332 2974 non

765 3017 954 3079 credit.
987 3033 1093 3070 non
1125 3017 1344 3081 credat;
1377 3027 1430 3069 et
1459 3017 1552 3084 qui
1605 3016 1789 3085 inique
1817 3016 1948 3084 agit,
1986 3015 2166 3083 inique
2187 3022 2331 3082 agat,

763 3107 906 3162 sicut
934 3108 1196 3176 scriptum
1226 3118 1310 3162 est
1326 3105 1486 3160 ".Tu
1511 3121 1640 3161 vero
1663 3121 1888 3160 servans
1919 3121 2076 3160 serva
2096 3105 2333 3158 animam

763 3207 937 3262 tuam,
985 3215 1094 3252 non
1133 3198 1398 3268 abjiciens
1460 3199 1606 3268 leges
1646 3199 1762 3274 Dei,
1817 3199 1911 3253 sed
1973 3198 2209 3251 innitens
2242 3199 2336 3251 do-

2427 2023 2507 2077 τῳ
2539 2009 2638 2078 τῆς
2673 2008 2991 2074 συναφείας.
3031 2008 3262 2062 Ἔπειτα
3295 2009 3410 2072 πῶς
3446 2007 3939 2078 οἰκοδομηθήσεται
3969 2009 4004 2075 η

2427 2100 2724 2170 ἀδελφότης
2770 2099 2831 2164 ἐξ
2874 2095 2942 2173 ἧς
2995 2101 3430 2170 ἀπορῤήγνυται,
3459 2101 3619 2171 εἴπερ
3643 2099 3938 2162 ἀνεύθυνος

2428 2195 2464 2264 ἡ
2491 2193 2868 2264 ἀπολελυμένη
2923 2193 3072 2264 παρὰ
3101 2193 3200 2262 τῆς
3248 2193 3667 2262 καθηγουμένης
3700 2209 3716 2258 ;
3749 2192 3846 2245 καὶ
3881 2193 4004 2260 οὐχὶ

2434 2285 2636 2356 μᾶλλον
2681 2284 3058 2356 ὑπαχθήσεται
3088 2285 3168 2348 είς
3211 2284 3494 2338 διάστασιν
3521 2281 3599 2352 τῷ
3636 2283 3813 2351 ὁμοίῳ
3856 2282 4008 2351 ζήλῳ

2431 2374 2760 2445 τεμνομένη,
2791 2373 2887 2426 νῦν
2935 2376 3033 2444 μὲν
3082 2373 3245 2444 αὓτη,
3277 2373 3418 2444 πρὸς
3459 2373 3516 2426 δὲ
3550 2372 3610 2424 τὺ
3643 2372 3769 2440 ἑξῆς
3815 2372 4005 2439 ἑτέρα,

2435 2468 2530 2519 καὶ
2596 2466 2712 2535 μετ’
2746 2467 2808 2518 οὐ
2849 2465 2983 2519 πολὺ
3015 2465 3150 2536 άλλη
3205 2464 3486 2535 (καὶοῦτω
3533 2463 3594 2516 τὸ
3621 2462 3808 2533 ἄρτιον
3845 2462 4010 2530 σῶμα

2432 2558 2530 2612 τοῦ
2563 2557 2801 2627 Χριστοῦ
2831 2558 3110 2626 οἰχήσεται
3141 2557 3234 2610 καὶ
3263 2557 3693 2625 διαφθαρήσεται
3716 2554 4006 2623 πάμπαν),

2435 2652 2500 2704 ὲκ
2562 2651 2662 2719 τῆς
2709 2649 2932 2722 πρώτης
2973 2649 3218 2720 βαλϐίδος
3275 2651 3702 2719 ἀφορμηθεῖσας
3760 2647 3854 2698 καὶ
3909 2645 4008 2697 τοῦ

2435 2745 2559 2798 οὐαὶ
2594 2744 2952 2813 κληρονόμος,
2980 2744 3053 2806 ὡς
3081 2741 3178 2812 βοᾷ
3203 2743 3232 2795 6
3258 2741 3412 2809 ἀγιος
3447 2740 3719 2800 Βασίλειος
3746 2777 3762 2800 ,
3792 2741 3824 2807 ἡ
3851 2737 4012 2789 τοῦτο

2437 2837 2556 2890 ὅλον
2581 2837 2642 2888 τὸ
2675 2835 2840 2888 κακὸν
2868 2833 3310 2904 ἀπεργαζομένη.
3336 2833 3473 2884 Οὔτε
3503 2832 3609 2898 γάρ
3642 2831 3855 2892 στάσιν,
3885 2829 4010 2881 οὔτε

2439 2927 2598 2998 βάσιν
2654 2926 2788 2991 ἔξει,
2819 2925 2942 2977 οὕτε
2973 2927 3005 2993 η
3039 2924 3107 2992 σὴ
3164 2924 3322 2991 μονὴ,
3349 2920 3474 2974 οὔτε
3534 2922 3715 2989 ἑτέρα,
3748 2922 3783 2990 ἡ
3834 2921 4011 2982 οὕτως

2439 3018 2774 3089 πράττουσα.
2807 3016 2968 3067 Ὠστε
2993 3015 3021 3065 6
3044 3013 3309 3076 ἀπειθῶν,
3333 3012 3625 3064 ἀπειθείτω
3657 3028 3668 3040 ·
3711 3013 3806 3063 καὶ
3825 3015 3854 3064 6
3889 3013 4012 3064 ἀνο-

2444 3110 2560 3181 μῶν
2582 3109 2871 3179 ἀνομείτω,
2897 3108 3041 3162 κατά
3069 3107 3128 3160 τὸ
3153 3106 3556 3177 γεγραμμένον.
3581 3105 3650 3156 Σὺ
3680 3105 3735 3158 δὲ
3761 3104 4010 3167 σώζουσα

2445 3199 2584 3263 σῶζε
2617 3203 2715 3269 τὴν
2746 3198 2951 3267 ἑαυτῆς
2984 3199 3184 3268 ψυχὴν,
3217 3198 3291 3266 μὴ
3329 3196 3626 3266 προϊεμένη
3658 3199 3781 3258 τοὺς
3809 3196 4013 3264 νόμους

762 3289 955 3344 etrinis
998 3303 1335 3349 sanctorum,
1367 3305 1599 3359 quorum
1651 3271 1861 3358 primus
1893 3291 1946 3342 in
1994 3289 2079 3343 his
2107 3303 2332 3357 magnus

2439 3295 2534 3348 τοῦ
2587 3293 2723 3348 Θεοῦ
2756 3310 2770 3323 ·
2800 3293 2915 3347 ἀλλ’
2941 3290 3310 3365 ἐρηρεισμένη
3371 3294 3430 3342 ὲν
3472 3291 3591 3352 ταῖς
3637 3289 4012 3351 διδασκαλίαις

765 3380 999 3435 Basilius
1039 3397 1052 3434 :
1104 3381 1318 3435 etiamsi
1354 3397 1478 3436 cum
1529 3382 1743 3434 duabus
1773 3390 1867 3433 aut
1899 3380 2077 3433 tribus
2106 3379 2337 3448 virgini-

766 3475 868 3528 bus
907 3473 1003 3526 tibi
1044 3473 1322 3543 contingat
1361 3474 1581 3527 vivere!
1626 3471 1725 3525 Ubi
1775 3471 1912 3525 enim
1961 3479 2081 3524 sunt
2111 3472 2214 3522 duo
2263 3469 2337 3522 vel

765 3573 869 3617 tres
905 3564 961 3616 in
1005 3563 1214 3617 nomine
1279 3579 1412 3630 meo,
1469 3564 1646 3632 inquit
1691 3561 1976 3623 Dominus,
2018 3561 2092 3613 ibi
2126 3576 2243 3613 sum
2284 3559 2341 3613 in

767 3658 938 3711 medio
960 3673 1139 3710 eorum
1173 3656 1252 3722 “;
1289 3673 1394 3711 non
1425 3666 1605 3710 autem
1640 3671 1764 3712 cum
1810 3656 1995 3725 iniqua
2025 3656 2338 3726 agentibus,

766 3759 823 3803 et
852 3750 896 3802 si
933 3749 1113 3802 decies
1153 3749 1297 3802 mille
1319 3750 1451 3803 sint.

1138 3879 1392 3936 CXCVII.
1432 3911 1501 3922 —
1532 3880 1798 3934 Dorot/teo
1832 3879 1967 3949 ﬁlio.

2440 3389 2548 3440 τῶν
2575 3387 2764 3455 ἁγίων·
2798 3379 2872 3438 ὧν
2896 3385 3110 3456 πρῶτος
3134 3387 3190 3437 ὲν
3219 3382 3430 3444 τούτοις
3454 3382 3481 3434 6
3507 3381 3678 3449 μέγας
3710 3381 4011 3442 Βασίλειος·

2443 3481 2546 3532 κάν
2585 3483 2724 3550 μετά
2774 3479 2919 3531 δυοῖν
2953 3479 2983 3545 ἢ
3034 3477 3204 3548 τριῶν
3252 3475 3537 3544 παρθένων
3575 3472 3788 3546 φθάσῃς
3816 3474 4008 3543 συζῆν·

2443 3574 2636 3625 Ὅπου
2679 3570 2787 3639 γάρ
2815 3573 2932 3623 εισι
2963 3569 3072 3622 δύο
3105 3570 3143 3637 ἦ
3171 3567 3328 3636 τρεῖς
3353 3568 3424 3620 ἐν
3471 3565 3548 3630 τῷ
3578 3566 3824 3634 ὀνόματί
3850 3581 3971 3632 μου
3996 3605 4010 3623 .

2441 3665 2603 3730 φησὶν
2629 3662 2655 3712 6
2696 3658 2918 3728 Κύριος,
2947 3658 3073 3711 ἐκεῖ
3088 3660 3205 3727 ειμι
3229 3658 3300 3710 ἐν
3324 3657 3493 3724 μέσῳ
3529 3653 3730 3710 αὐτῶν
3759 3671 3773 3684 ·
3801 3656 3865 3708 οὐ
3907 3657 4016 3725 μὴν

2443 3754 2582 3822 μετά
2619 3749 3099 3822 παρανομούντων,
3129 3749 3234 3803 κάν
3267 3750 3448 3820 μυρίοι
3471 3742 3626 3803 ὦσιν.

2624 3881 2762 3949 Ριιῖ
2795 3880 2930 3951 (9|).
2962 3909 3033 3920 -
3065 3879 3339 3948 Δωροθέῳ
3381 3879 3590 3945 τέκνῳ.
3636 3876 3838 3951 [ψιιγη

1199 4020 1315 4080 Ejus
1334 4021 1420 4081 qui
1442 4025 1557 4069 ante
1591 4030 1800 4068 mortem
1824 4018 2108 4083 resipuerit,
2133 4019 2650 4071 commemorationem
2674 4021 2725 4069 tn
2749 4016 2959 4082 publicis
2983 4016 3214 4080 precibus
3245 4017 3354 4064 ﬁeri
3382 4016 3587 4066 debere.

842 4125 1108 4196 Cognovi,
1131 4126 1326 4181 dilecte
1349 4127 1446 4190 lili,
1483 4127 1647 4180 etiam
1685 4143 1750 4181 ex
1767 4143 1830 4182 ea
1861 4143 1984 4197 qua:
2025 4145 2200 4196 nuper
2228 4145 2258 4182 a
2289 4139 2342 4183 te

774 4221 976 4288 scripta
1007 4229 1088 4275 est
1119 4220 1371 4290 epistola,
1404 4219 1564 4274 ﬁdem
1597 4236 1724 4289 erga
1760 4235 1860 4276 nos
1905 4221 2141 4276 humiles
2166 4237 2230 4277 ac
2262 4223 2346 4277 di-

778 4311 1065 4365 lectionem
1134 4321 1312 4376 tuam;
1347 4313 1492 4381 quod
1521 4311 1742 4380 quidem
1777 4311 2037 4366 indicium
2071 4321 2158 4367 est
2205 4327 2346 4366 vera:

779 4399 1166 4468 subjectionis;
1217 4401 1318 4454 etsi
1374 4415 1473 4454 nos
1527 4410 1838 4469 peccatores
1871 4411 1926 4455 et
1955 4401 2156 4456 nullius
2187 4402 2343 4469 pretii

2523 4126 2754 4194 Ἐγνων,
2787 4126 2978 4178 τέκνον
3028 4123 3405 4192 ἠγαπημένον,
3433 4125 3526 4174 καὶ
3561 4125 3622 4174 ὲκ
3660 4124 3760 4192 τῆς
3812 4120 4014 4191 ἀρτίως

2449 4217 2754 4286 γραφείσης
2788 4232 2882 4268 σου
2911 4213 3219 4282 ἐπιστολῆς,
3252 4212 3312 4264 τὸ
3334 4211 3470 4282 πρὸς
3495 4213 3643 4281 ἡμᾶς
3673 4211 3800 4274 τοὺς
3826 4229 4013 4264 ταπει-

2451 4309 2573 4368 νοὺς
2595 4307 2787 4358 πιστόν
2820 4323 2879 4357 τε
2909 4307 3000 4357 καὶ
3028 4305 3312 4374 ἀγαπητόν
3336 4321 3429 4357 σου
3461 4321 3474 4335 ·
3506 4306 3644 4374 ὅπερ
3671 4306 3787 4357 ἐστὶ
3816 4304 4013 4374 γνώρι-

2453 4416 2568 4468 σμα
2625 4397 2886 4467 ἀληθινῆς
2941 4397 3222 4466 ὑποταγῆς
3250 4413 3264 4426 ·
3301 4398 3350 4449 εί
3381 4397 3473 4449 καὶ
3503 4399 3665 4466 ἡμεῖς
3701 4397 4015 4466 ἁμαρτωλοὶ

780 4504 990 4544 sumus.
1013 4488 1068 4542 ln
1098 4506 1207 4560 quo
1234 4490 1439 4543 utinam
1460 4505 1774 4559 perseveres
1797 4490 1850 4544 in
1885 4501 2186 4560 posterum,
2211 4493 2332 4545 bene

2451 4492 2544 4545 καὶ
2593 4490 2889 4560 οὐδαμινοί.
2940 4482 3126 4559 Ἐφ⁹ᾦ
3182 4489 3276 4542 καὶ
3327 4488 3722 4560 συντηρηθείης
3771 4487 3907 4560 πρὸς
3956 4490 4014 4542 τὸ

782 4585 1003 4650 placens
1055 4580 1303 4645 Domino,
1339 4592 1394 4635 et
1431 4582 1627 4635 virtute
1671 4582 1946 4638 collucens
1985 4583 2126 4652 apud
2159 4581 2332 4637 fratre:

2455 4583 2600 4653 ἑξῆς,
2635 4584 2944 4654 εὑαρεστῶν
2976 4582 3182 4653 Κυρίῳ,
3217 4581 3312 4636 καὶ
3359 4581 3683 4652 διαλάμπων
3735 4583 3800 4648 τῇ
3846 4581 4010 4652 ἀρετῇ

785 4684 931 4733 tuos,
978 4672 1092 4725 imo
1137 4673 1301 4726 etiam
1351 4672 1492 4742 apud
1564 4674 1702 4727 alios
1739 4675 1962 4727 multos.
2024 4674 2229 4727 Bonum
2275 4675 2352 4728 si-

783 4765 1003 4832 quidem
1067 4773 1259 4817 natura
1320 4779 1419 4819 sua
1462 4765 1725 4820 occultari
1776 4781 1882 4820 non
1917 4766 2085 4832 solet;
2118 4765 2211 4820 sed
2239 4774 2353 4819 tum

783 4856 946 4910 etiam
974 4871 1098 4910 cum
1124 4856 1292 4909 latere
1324 4857 1498 4926 magis
1523 4858 1758 4918 videtur.
1788 4857 2145 4926 conspicuum
2178 4856 2356 4911 reddit

785 4950 1133 5019 operarium;
1206 4950 1282 5002 ita
1338 4960 1399 5003 ut
1450 4950 1644 5004 civitas
1699 4951 1793 5004 Dei
1847 4951 2165 5021 appelletur,
2214 4950 2358 5006 sicut

787 5041 1049 5109 scriptum
1079 5049 1164 5095 est
1195 5042 1261 5095 '°.
1319 5039 1520 5095 Verum
1553 5041 1655 5096 hoc
1686 5043 1904 5111 quidem
1946 5043 2226 5098 hactenus.
2276 5043 2352 5096 De

786 5146 855 5185 eo
876 5141 1058 5185 autem
1099 5132 1246 5201 quod
1267 5133 1608 5202 signiﬁcasti,
1636 5133 1738 5186 hoc
1769 5143 1870 5198 est,
1909 5134 1974 5188 de
2008 5133 2155 5188 illius
2203 5147 2355 5188 com-

787 5224 1182 5278 memoratione
1215 5224 1494 5288 facienda;
1523 5227 1683 5280 debes
1714 5236 1889 5281 tecum
1921 5227 2036 5297 ipse
2063 5226 2352 5295 dispicere,

790 5317 959 5386 quod,
982 5316 1027 5371 si
1049 5318 1101 5370 in
1128 5327 1325 5386 morte,
1356 5332 1477 5372 cum
1510 5326 1667 5371 antea
1698 5319 1938 5372 humano
1970 5327 2177 5372 terrore
2201 5333 2350 5371 com-

791 5407 1126 5462 municasset
1175 5407 1392 5469 haeresi.
1439 5409 1685 5463 substitit
1711 5409 2002 5474 conlitens,
2031 5421 2083 5463 ct
2120 5409 2265 5463 velut
2320 5424 2349 5461 a

2451 4676 2508 4728 έν
2565 4677 2628 4744 τῇ
2675 4675 2994 4743 άδελφότητί
3045 4673 3244 4737 σου,οὑ
3278 4673 3384 4743 μὴν
3408 4671 3545 4725 ἀλλά
3596 4672 3689 4724 καὶ
3731 4671 3789 4722 ὲν
3837 4671 4013 4730 ἄλλοις

2453 4766 2684 4828 πολλοῖς.
2716 4765 2880 4818 Φύσιν
2910 4766 3019 4835 γὰρ
3045 4767 3145 4818 οὐκ
3170 4763 3284 4833 ἔχει
3313 4763 3656 4831 κρύπτεσθαι
3676 4763 3735 4814 τὸ
3761 4763 3964 4830 ἀγαθόν
3997 4778 4010 4791 ·

2453 4857 2588 4910 ἀλλά
2620 4859 2712 4910 καὶ
2746 4856 2946 4925 μᾶλλον
2971 4855 3254 4909 λανθάνειν
3284 4854 3477 4907 δοκοῦν
3500 4895 3514 4915 ,
3549 4853 3768 4923 εὔδηλον
3799 4855 3890 4906 τὸν
3924 4856 4016 4923 ὲρο

2455 4945 2628 5014 γάτην
2659 4945 3094 5014 ἀποκαθίστησιν
3130 4960 3143 4973 ·
3175 4943 3251 5006 ὠς
3285 4945 3438 4997 πόλιν
3470 4942 3604 4996 Θεοῦ
3632 4944 4010 5012 χρηματίζειν,

2457 5037 2599 5089 κατά
2618 5038 2679 5089 τὸ
2699 5038 3106 5107 γεγραμμένον.
3133 5035 3294 5089 Ἀλλά
3313 5035 3472 5088 τοῦτο
3503 5035 3599 5105 μὲν
3624 5037 3714 5087 ἐπὶ
3741 5033 4012 5086 τοσοῦτον.

2460 5128 2592 5197 Περὶ
2635 5129 2690 5181 δὲ
2740 5123 2807 5198 ἦς
2853 5130 3130 5198 ἐσήμανας
3156 5127 3485 5190 ὑποθέσεως,
3525 5127 3692 5195 ῆγουν
3719 5124 3812 5177 τοῦ
3845 5127 4015 5176 ποιεῖν

2463 5221 2683 5290 μνήμην
2704 5220 2800 5272 τοῦ
2831 5219 3024 5284 δεῖνος,
3081 5219 3316 5288 ὀφείλεις
3345 5219 3404 5283 ἐξ
3435 5215 3914 5286 ἐαυτοῦ³συνορᾷν,
3936 5216 4014 5266 ὅτι

2460 5311 2509 5362 εί
2546 5313 2644 5380 μὲν
2676 5313 2733 5364 ὲν
2757 5310 2836 5380 τῷ
2857 5311 3072 5381 θανάτῳ
3102 5309 3482 5380 προκοινωνῶν
3509 5311 3565 5361 tv
3596 5311 3663 5378 τῇ
3698 5307 3906 5378 αἱρέσει
3929 5307 4014 5359 διὰ

2459 5404 2621 5473 φόϐον
2646 5403 2985 5475 ἀνθρώπινόν
3006 5407 3120 5456 εστι
3154 5402 3512 5473 ἐξαγορεύων,
3539 5401 3629 5454 καὶ
3649 5400 3813 5454 οἱονεὶ
3839 5402 4010 5454 ἐπιτι-

861 5520 911 5555 ⁶⁶
934 5520 1111 5578 Galat.
1139 5540 1214 5588 vx,
1238 5525 1290 5580 2.
1368 5525 1412 5556 δ’
1439 5523 1628 5581 Matth.
1681 5542 1796 5589 xu,
1829 5526 1882 5581 6.
1960 5526 2004 5558 “
2038 5527 2204 5596 Apoc.
2247 5543 2378 5588 xm,
2419 5526 2506 5580 ll.
2584 5527 2628 5558 δ’
2657 5524 2846 5581 Matth.
2924 5540 3078 5591 xvm,
3108 5524 3197 5578 20.
3275 5525 3320 5556 "
3346 5523 3488 5579 Psal.
3513 5538 3681 5590 XLVII,
3712 5522 3768 5578 9.

2308 5684 2535 5740 NOTE.

873 5839 984 5909 (9i)
1017 5838 1072 5895 In
1108 5841 1228 5897 cod.
1264 5843 1392 5914 lieg.
1433 5841 1494 5898 σ⁰.
