4184 6524
261 459 399 522 1597

1445 479 1973 539 EPISTULARUM
2014 483 2156 540 LIB.
2212 484 2292 542 ΙΙ.

3338 478 3468 548 1598

255 576 511 645 μώμενος
537 578 671 648 πρός
698 597 862 644 τινος,
897 577 998 634 εἷθ’
1030 581 1201 645 οὕτως
1239 585 1338 655 τῆς
1378 589 1658 657 δρθοδόξου
1708 607 1822 644 κοι-

1927 593 2180 659 qu0piam
2226 592 2544 662 castigatus,
2577 601 2740 661 atque
2790 593 2860 647 ita
2893 594 3209 648 orthodoxae
3233 607 3482 645 commu-

248 671 472 736 νωνέας,
503 675 594 725 καὶ
639 673 812 745 ταύτῃ
845 676 1158 746 συναπέπτη
1181 693 1194 707 ·
1225 678 1338 749 ἔχει
1380 681 1540 750 φύσιν
1583 685 1641 734 ὲν
1681 701 1815 753 μνη-

253 762 511 830 μοσύνοις
569 765 855 819 τάττεσθαι
909 769 1238 838 ὀρθοδόξωνο
1287 771 1380 824 τοῦ
1423 771 1628 839 ἀγαθοῦ
1657 773 1815 842 ἡμῶν

249 853 414 920 Θεοῦ,
441 855 528 907 διὰ
553 856 751 926 πολλὴν
781 859 1213 929 φιλανθρωπίαν,
1247 863 1333 915 ἐπ’
1361 863 1532 931 αὐτῆς
1577 863 1678 932 τῆς
1720 881 1813 916 τε-

249 941 508 1004 λευταίας
542 943 687 1013 ὧρας
729 946 1022 1015 δεχομένου
1062 951 1153 1002 τόν
1197 951 1688 1021 μεταμελούμενον,
1721 955 1815 1006 καὶ

250 1031 357 1086 ὦδε
390 1036 554 1086 αὑτὸν
577 1037 872 1105 κρίνοντος.
904 1040 1066 1092 ’Ὥστε
1097 1044 1142 1094 εί
1172 1042 1340 1106 οὕτως
1371 1043 1606 1112 ἐγένετο,
1639 1047 1814 1097 ποιεῖ·-

254 1124 382 1174 σθαι
413 1122 754 1193 λειτουργίας
781 1128 920 1197 ὑπὲρ
951 1129 1115 1183 αὑτοῦ
1143 1134 1277 1201 πρὸς
1301 1133 1432 1184 Θεὸν
1459 1133 1519 1185 ού
1542 1151 1814 1205 παραιτη-

252 1214 396 1264 τέον.
433 1214 493 1264 Ei
525 1213 580 1266 δὲ
609 1217 758 1268 οὐδὲν
791 1217 994 1270 τούτων
1018 1219 1261 1288 γέγονεν,
1295 1222 1428 1276 ἀλλὰ
1461 1223 1729 1276 κοινωνῶν
1747 1221 1815 1294 ἦν

251 1309 322 1374 τῇ
360 1307 589 1376 αἱρέσει,
611 1308 703 1361 καὶ
737 1310 837 1362 ούκ
887 1311 1088 1379 ἔφθασε
1127 1316 1413 1382 μετασχεῖν
1436 1315 1528 1366 τοῦ
1566 1314 1816 1385 σώματος

254 1397 354 1449 καὶ
406 1397 634 1464 αἵματος
685 1400 777 1452 τοῦ
840 1403 1078 1470 Κυρίουο
1112 1405 1386 1473 αἰρετικὸς
1435 1407 1541 1477 γὰρ
1571 1409 1597 1460 ό
1651 1408 1817 1477 ἄρτος

255 1491 484 1555 ἐκεῖνος,
527 1493 618 1543 καὶ
648 1493 706 1545 ού
738 1494 892 1564 σῶμα
921 1495 1154 1564 Χριστοῦ
1181 1497 1278 1567 (ού
1315 1497 1612 1568 τολμητέον
1642 1500 1816 1552 εἰπεῖν

255 1578 480 1644 σύναξιν
534 1581 662 1650 περὶ
719 1582 882 1634 αὐτοῦ
939 1587 1154 1649 ποιεῖν)’
1185 1585 1304 1638 οὐδὲ
1345 1586 1452 1655 γὰρ
1487 1587 1714 1654 παίγνια
1748 1587 1817 1640 τά

256 1666 400 1720 θεῖα.
437 1669 523 1732 Ὠς
545 1670 610 1722 ἃν
635 1670 710 1740 μὴ
733 1672 938 1742 ἀκούσῃ
966 1675 993 1724 ὁ
1026 1674 1189 1727 αἰτῶν
1220 1676 1347 1744 περὶ
1389 1677 1484 1728 τοῦ
1525 1677 1768 1731 τοιούτου
1799 1693 1814 1708 ·

253 1760 502 1835 ᾉιτεῖτε,
529 1761 624 1814 καί
657 1764 731 1815 οὐ
755 1762 1108 1830 λαμϐάνετε,
1136 1765 1284 1819 διότι
1312 1766 1507 1832 κακῶς
1534 1768 1816 1824 αἰτεῖσθε.

260 1847 425 1900 Ἀλλο
445 1866 496 1901 τι
515 1850 694 1917 λέγειν
716 1851 953 1922 ούκέχω,
979 1855 1103 1906 ὅσον
1116 1855 1177 1908 τὸ
1201 1859 1321 1910 κατ’
1339 1858 1438 1927 ἐμὲ
1458 1857 1746 1926 γινώσκειν
1759 1861 1818 1913 τὸ

1916 681 2095 736 nionis
2120 682 2389 752 particeps
2417 682 2593 737 factus
2623 691 2727 746 est,
2753 683 2804 736 itt
2821 699 2991 753 caque
3011 681 3298 739 defunctus
3315 724 3329 747 ,
3356 699 3485 738 cnn-

1917 785 2234 829 sentaneunt
2265 785 2421 830 estut
2471 776 2523 829 in
2565 776 3487 831 orthodoxorumcommemoratio-

1917 866 2078 919 nibus
2101 865 2279 919 locum
2313 867 2525 929 habeat,
2553 867 2695 921 bono
2741 867 2849 922 Deo
2874 877 3063 922 nostro
3087 882 3185 936 per
3212 881 3482 922 summam

1916 955 2258 1010 clementiam
2294 957 2348 1010 in
2382 958 2572 1012 ultima
2611 958 2700 1010 illa
2741 959 2869 1010 hora
2905 957 3259 1026 pmnitentem
3312 957 3486 1011 susci-

1916 1048 2120 1120 piente.
2174 1049 2363 1117 ibique
2395 1065 2518 1102 eum
2549 1049 2848 1119 judicante.
2878 1048 3059 1114 Quare
3109 1048 3153 1103 si
3195 1048 3268 1102 ita
3295 1063 3354 1102 se
3395 1063 3480 1100 res

1918 1137 2124 1202 habuit,
2177 1153 2281 1193 non
2358 1142 2718 1194 recusandum
2777 1149 2860 1194 est
2911 1140 3202 1208 quominus
3254 1140 3486 1209 publica!

1916 1245 2103 1298 preces
2142 1247 2239 1299 pro
2278 1231 2369 1284 illo
2399 1233 2527 1286 tiant
2574 1232 2640 1285 ad
2701 1232 2892 1285 Deum.
2929 1230 3024 1285 Sin
3065 1241 3245 1285 autem
3287 1231 3483 1284 horum

1917 1321 2051 1374 nihil
2104 1319 2305 1375 factum
2342 1331 2446 1382 est,
2500 1321 2592 1375 sed
2645 1322 2736 1389 qui
2782 1321 2972 1374 haeresi
3021 1319 3483 1379 communicabat,

1917 1425 2025 1463 non
2049 1421 2172 1463 ante
2188 1412 2453 1479 particeps
2482 1410 2580 1462 fuit
2612 1411 2855 1478 corporis
2891 1419 2944 1462 et
2968 1409 3247 1478 sanguinis
3273 1397 3484 1459 Domini

1921 1501 2245 1570 (hatreticus
2266 1502 2410 1556 enim
2442 1501 2594 1570 panis
2627 1501 2714 1555 illc
2748 1511 2800 1556 et
2829 1517 2935 1555 non
2974 1517 3172 1568 corpus
3204 1499 3406 1554 Christi
3444 1501 3484 1565 ),

1921 1609 2029 1648 non
2060 1595 2372 1648 audendum
2403 1603 2486 1648 est
2507 1595 2709 1654 dicere,
2742 1604 2799 1647 ut
2836 1609 2935 1663 pro
2963 1594 3056 1646 illo
3098 1592 3320 1662 synaxis
3373 1591 3482 1644 fiat.

1919 1684 2103 1754 Neque
2127 1686 2271 1740 enim
2307 1684 2512 1738 ludicra
2575 1693 2700 1738 sunt
2733 1684 2937 1748 divina,
2969 1693 3028 1736 ut
3052 1698 3156 1736 non
3183 1682 3368 1735 audiat
3393 1683 3486 1750 qui

1920 1793 2020 1848 pro
2041 1778 2134 1832 illo
2162 1777 2294 1845 petit
2318 1795 2330 1830 :
2365 1776 2578 1838 Petitis,
2608 1788 2654 1828 et
2681 1792 2784 1829 non
2812 1775 3077 1842 accipitis,
3106 1790 3164 1826 eo
3192 1774 3330 1842 quod
3354 1774 3488 1824 male

1922 1871 2112 1939 petatis
2137 1871 2207 1926 εί.
2236 1868 2396 1923 Aliud
2419 1869 2564 1938 quod
2590 1868 2766 1922 dicam
2797 1883 2904 1921 non
2932 1867 3122 1931 habeo,
3155 1865 3331 1935 quoad
3361 1881 3487 1933 pos-

254 1939 481 2009 ἀληθές.
509 1942 764 2012 Οὐδεμία
787 1945 894 2013 γὰρ
912 1949 1191 2003 κοινωνία
1215 1951 1360 2016 φωτὶ
1385 1953 1534 2017 πρὸς
1561 1955 1781 2018 σκότος
1803 1969 1819 1985 ·

1925 1962 2028 2018 sim
2056 1963 2106 2015 id
2145 1963 2290 2030 quod
2317 1977 2504 2016 verum
2552 1972 2634 2016 est
2667 1975 3014 2030 cognoscere.
3049 1958 3220 2011 Nulla
3247 1959 3380 2010 enim
3413 1968 3486 2010 est

254 2030 380 2085 οὔτε
415 2035 472 2085 ὲν
493 2033 569 2105 τῷ
603 2034 758 2104 μέρει
784 2036 890 2088 τῶν
914 2037 1206 2106 όρθοδόξων
1233 2041 1571 2105 τετάξεται.δ
1603 2043 1676 2113 μὴ
1704 2061 1822 2096 κοι-

1924 2055 2145 2107 societas
2170 2053 2276 2106 luci
2297 2054 2366 2106 ad
2398 2052 2631 2106 tenebras
2657 2053 2738 2117 “;
2769 2067 2944 2120 neque
2975 2051 3028 2104 in
3054 2050 3486 2103 orthodoxorum

257 2125 450 2213 νωνῶν
481 2129 547 2196 τῇ
595 2127 890 2212 όρθοδοξίᾳ2
925 2130 1028 2183 κᾶν
1053 2133 1112 2182 ὲν
1142 2135 1210 2203 τῇ
1251 2135 1454 2208 ἐσχάτῃ
1479 2134 1617 2207 ὥρᾳ.
1649 2137 1821 2190 Ὅπου

1924 2155 2080 2213 parte
2131 2144 2505 2204 collocabitur.
2541 2143 2632 2212 qui
2661 2141 2998 2196 ortltodoxiaa
3041 2140 3124 2194 vel
3187 2139 3241 2194 in
3300 2139 3489 2192 ultima

259 2212 372 2283 γὰρ
403 2215 622 2287 εὑρεθῇ,
664 2218 779 2270 ἐκεῖ
816 2219 911 2271 καὶ
942 2219 1262 2290 κριθήσεται
1286 2238 1300 2252 ·
1337 2225 1431 2276 καὶ
1460 2219 1573 2276 οἷον
1613 2227 1824 2293 ἐφόδιον

260 2307 457 2377 εἴληφε
490 2310 626 2379 πρὸς
655 2310 752 2379 τὴν
786 2311 1003 2364 αἰώνιον
1038 2311 1204 2383 ζωὴν,
1230 2314 1406 2386 τούτῳ
1464 2317 1560 2370 καὶ
1602 2335 1823 2389 συναρι-

261 2399 626 2468 θμηθήσεται.
651 2402 926 2456 Τὺλοιπδν
948 2404 1109 2474 εὔχου
1139 2405 1279 2476 ὑπὲρ
1306 2405 1460 2475 ἐμοῦ.
1498 2407 1828 2472 Ἀσπάζεταί

261 2508 322 2544 σε
352 2493 380 2543 ὁ
416 2493 604 2562 κύριος
631 2496 659 2548 ό
712 2496 1143 2565 ἀρχιεπίσκοπος
1167 2537 1181 2561 ,
1213 2499 1307 2550 καὶ
1349 2499 1399 2550 οι
1453 2499 1672 2562 ἀδελφοί
1712 2517 1828 2556 σου.

260 2583 402 2646 Τοὺς
431 2585 566 2652 μετὰ
593 2585 684 2637 σοῦ
707 2586 967 2654 ἀδελφοὺς
988 2587 1061 2647 ὡς
1086 2587 1251 2640 τέκνα
1277 2606 1377 2658 μου
1402 2591 1790 2660 προσαγορεύω
1810 2607 1826 2622 ·

261 2675 388 2726 ἐπεὶ
438 2676 532 2728 καὶ
576 2676 673 2748 τὴν
732 2678 928 2749 κυρίαν
971 2677 1178 2733 Θέκ).αν
1201 2679 1276 2742 ώς
1315 2678 1593 2751 θυγατέρα
1617 2682 1676 2734 ὲν
1696 2681 1831 2751 Χρι-

263 2782 399 2821 στω.

265 2884 412 2950 ΡῌΓ
453 2886 679 2956 (92).-
709 2887 956 2953 Ἀϐολίῳ
1007 2888 1108 2941 καί
1148 2887 1395 2956 Ἰωάννῃ
1442 2888 1820 2959 μονάζουσιν.

1927 2233 2060 2288 hora
2092 2249 2198 2288 non
2236 2236 2625 2290 communicat.
2669 2232 2772 2289 Ubi
2808 2234 2952 2288 enim
2994 2231 3158 2287 fuerit
3188 2230 3491 2301 deprehen-

1929 2342 2049 2389 sus,
2081 2326 2153 2380 ibi
2202 2326 2574 2396 iudicabitur;
2612 2338 2664 2380 et
2696 2326 2857 2396 quale
2888 2325 3148 2379 viaticum
3199 2321 3492 2390 sumpserit

1929 2419 1994 2471 ad
2035 2418 2202 2472 vitam
2240 2429 2522 2482 aeternam,
2573 2435 2640 2474 ex
2691 2433 2759 2472 eo
2803 2416 3297 2472 connumerabitur
3351 2414 3485 2480 (95).

1926 2507 2078 2573 Quod
2112 2509 2380 2576 reliquum
2423 2519 2528 2573 est,
2570 2523 2667 2563 ora
2700 2523 2796 2577 pro
2821 2522 2928 2562 me.
2979 2505 3191 2560 Salutat
3229 2513 3280 2558 te
3316 2503 3492 2557 domi-

1927 2615 2032 2654 nus
2094 2599 2560 2669 archiepisc0pus,
2614 2610 2667 2652 et
2711 2597 2907 2653 fratres
2957 2598 3056 2652 tui.
3097 2595 3313 2650 Fratres
3378 2593 3473 2661 qui

1928 2696 2103 2742 tecum
2143 2699 2290 2752 sunt,
2331 2699 2389 2743 ut
2433 2690 2572 2744 filios
2623 2689 2801 2743 saluto
2865 2707 2880 2742 :
2924 2697 3038 2743 tum
3097 2697 3152 2741 et
3212 2686 3490 2740 dominam

1928 2778 2183 2834 Theclam
2214 2789 2273 2835 ut
2295 2781 2457 2834 tiliam
2484 2781 2537 2834 in
2572 2781 2810 2835 Christo.

2118 2894 2390 2950 CXCVIII.
2409 2925 2480 2936 —
2507 2895 2694 2952 Abolio
2719 2906 2767 2951 et
2791 2895 2990 2950 Joanni
3016 2892 3304 2946 monachis.

1660 3000 1732 3049 De
1759 3008 1924 3052 sancta
1955 3005 2190 3068 imagine.

337 3103 721 3174 Προσηγορίαν
746 3101 901 3170 ὑμῶν
926 3101 1036 3153 τῶν
1068 3101 1241 3169 ἁγίων
1279 3101 1646 3171 κομισάμενος
1676 3102 1828 3172 παρὰ

1999 3108 2136 3162 Cum
2183 3109 2525 3164 salutationis
2565 3107 2807 3162 officium
2854 3115 3037 3162 vestro
3089 3104 3331 3167 nomine,
3384 3105 3487 3159 viri

277 3197 500 3248 Ἡσαΐου
524 3195 616 3246 τοῦ
642 3193 1059 3266 θεοφιλεστάτου
1086 3192 1383 3244 ἐπισκόπου
1418 3191 1514 3244 καὶ
1537 3209 1834 3262 πνευματι-

267 3286 368 3340 κοῦ
430 3285 664 3354 Πατρός.
695 3285 754 3336 οὐ
789 3284 946 3352 μόνον
987 3282 1331 3354 ὲξεὸιδάχθην
1379 3283 1464 3345 τίς
1506 3282 1539 3352 ἡ
1582 3281 1705 3335 ὁσία
1733 3282 1832 3334 καὶ

270 3377 514 3447 πατρική
563 3375 716 3444 ὑμῶν
775 3375 942 3437 δυάς-ο
995 3373 1132 3426 ἀλλὰ
1179 3373 1289 3443 γὰρ
1342 3371 1435 3424 καὶ
1482 3372 1833 3441 προετράπην

269 3471 506 3540 χαράξαι
565 3469 692 3536 ὑμῖν
740 3466 898 3534 τήνδε
923 3464 1021 3536 τὴν
1045 3464 1265 3535 οἰκτρὰν
1301 3461 1596 3531 συλλαϐήν.
1644 3461 1834 3532 Ἡμεῖς

269 3568 327 3616 δὲ
357 3562 600 3615 ταπεινοὶ
624 3561 721 3630 μὲν
745 3560 837 3613 καὶ
862 3558 1195 3628 ἁμαρτωλοὶ,
1221 3557 1369 3626 ὅμως
1396 3554 1671 3624 φιλοῦντες
1692 3555 1836 3624 ὑμᾶς

272 3653 478 3722 ἀνάψαι
507 3655 586 3714 εἰς
621 3651 870 3718 ἀγάπην,
900 3644 966 3719 ἧς
999 3648 1148 3701 οὐδὲν
1177 3646 1590 3717 προτιμότερον.
1626 3645 1838 3705 ’Ἄλλως

272 3764 330 3798 τε
362 3745 457 3798 καὶ
482 3743 726 3812 ὑπακοὴν
762 3740 1113 3811 πληροῦντες,
1142 3738 1494 3807 ἐπεδώκαμεν
1516 3739 1739 3801 ἑαυτοὺς
1761 3735 1839 3806 τῷ

275 3840 588 3907 γράμματι.
619 3836 728 3887 Καὶ
771 3833 834 3903 δὴ
873 3831 1306 3903 εὐχαριστοῦμεν
1355 3829 1432 3900 τῷ
1463 3830 1603 3901 Θεῷ,
1636 3831 1716 3881 ὅτι
1743 3829 1840 3881 καὶ

279 3932 438 3999 ὑμεῖς
484 3929 542 3979 ἐν
579 3927 656 3996 τῷ
688 3925 898 3995 σεισμῷ
941 3926 1036 3992 τῆς
1080 3922 1520 3993 Εἰκονομαχικῆς
1573 3922 1840 3991 αἱρέσεως

279 4021 518 4072 ἇσειστοι
573 4017 894 4087 διεμείνατε,
929 4015 1071 4082 άγιοι
1117 4015 1378 4084 Πατέρες,
1428 4013 1502 4082 μὴ
1533 4012 1750 4075 ἁλόντες
1775 4013 1839 4081 τῇ

280 4112 402 4166 κατ’
423 4110 591 4181 αὐτὴν
606 4109 932 4178 ψυχοφθόρῳ
949 4107 1224 4175 κοινωνίᾳ·
1242 4105 1377 4158 ἀλλά
1393 4109 1458 4175 τῇ
1478 4108 1622 4174 φυγῇ
1640 4102 1729 4157 τὸν
1748 4102 1840 4155 τοῦ

279 4203 525 4274 διωγμοῦ
549 4203 1012 4272 τρισμακάριστον
1041 4199 1189 4270 [cod.
1229 4199 1362 4268 Reg.
1384 4195 1843 4268 θεομακάριστον]

284 4298 547 4365 στέφανον
579 4293 955 4363 κομισάμενοι,
989 4292 1134 4356 ἀξιον
1171 4290 1338 4354 ὅντως
1365 4292 1463 4357 τῆς
1492 4290 1695 4360 ἀρετῆς
1713 4329 1728 4354 ν
1750 4289 1846 4340 καὶ

283 4393 584 4463 κατάδηλον
650 4389 759 4442 τῶν
821 4387 1298 4459 προδιηνυσμένων
1351 4387 1481 4455 ὑμῖν
1528 4383 1842 4456 ἀσκητικῶν

283 4485 532 4552 ἀγώνων.
584 4481 727 4534 Διότι
778 4481 842 4532 ἐκ
883 4480 991 4532 τῶν
1041 4479 1138 4548 ἤδη
1191 4478 1513 4546 φθασάντων
1571 4475 1844 4540 ἀπόδειξιν

286 4578 509 4648 ἐκφέρει
529 4577 637 4636 πᾶς
658 4590 741 4636 τις
759 4573 855 4625 τοῦ
885 4570 1150 4639 προτέρου
1177 4570 1313 4639 βίου,
1342 4567 1400 4622 εὖ
1432 4586 1490 4621 τε
1517 4569 1610 4622 καὶ
1635 4569 1708 4630 ὡς
1728 4569 1845 4620 ἑτέ-

290 4687 399 4741 ρως
430 4667 563 4737 ἔχει.
600 4667 662 4718 Oi
693 4665 790 4732 τὴν
824 4664 1078 4733 ὁσιότητα
1109 4662 1477 4732 ἀμπεχόμενοι
1523 4658 1844 4714 ἐνεδύσασθε

290 4762 388 4814 καὶ
416 4760 516 4827 τὴν
545 4757 835 4827 ὁμολογίαν
860 4755 1122 4826 Χριστοῦ,
1153 4753 1514 4822 ἀμφικαλλεῖς
1536 4754 1843 4823 γενόμενοι.

303 4848 596 4921 ὐμολογία
626 4850 734 4919 γὰρ
765 4847 1020 4916 Χριστοῦ,
1054 4846 1317 4914 Πατέρες,
1345 4846 1377 4912 ἠ
1407 4844 1507 4912 τῆς
1552 4843 1712 4910 ἁγίας
1745 4844 1844 4896 αύ-

288 4945 384 4999 τοῦ
431 4945 638 5005 εἰκόνος
694 4942 1074 5009 ὑπερμάχησις
1102 4954 1114 4966 ·
1147 4937 1224 4999 ὡς
1252 4936 1345 4988 καὶ
1375 4935 1608 5005 ἔμπαλιν
1639 4935 1848 4988 ἀθετῶν

292 5040 408 5091 ἐστι
439 5036 669 5106 Χριστὸν
700 5036 728 5086 ὁ
761 5032 964 5102 ταύτην
991 5030 1381 5101 ἐξαρνούμενος
1409 5044 1422 5058 ⁶
1457 5028 1612 5091 διότι,
1642 5029 1848 5098 φησὶνὸ

299 5130 470 5200 μέγας
505 5129 800 5190 Βασίλειος,
833 5130 866 5195 ἡ
901 5128 999 5189 τῆς
1032 5125 1236 5185 εἰκόνος
1268 5123 1402 5193 τιμὴ
1431 5124 1522 5176 ἐπὶ
1555 5121 1615 5174 τὸ
1642 5122 1852 5192 πρωτό-

295 5238 463 5276 τυπον
487 5219 752 5274 διαϐαίνει
775 5217 923 5288 [cod.
955 5218 1085 5286 Reg.
1117 5214 1442 5285 ἀναὸαίνει]’
1465 5215 1558 5267 καὶ
1584 5216 1642 5266 ἐν
1663 5214 1855 5267 ἑκατέ-

304 5332 378 5384 ρῳ
391 5313 647 5382 ἑκάτερον
665 5313 758 5364 καὶ
784 5309 1057 5379 ὁρώμενόν
1079 5309 1192 5359 ἐστι
1228 5308 1322 5359 καὶ
1343 5306 1818 5376 προσκυνούμενον
1837 5322 1851 5336 ·

300 5407 405 5459 κᾶν
434 5406 584 5457 Λέων
615 5406 644 5457 ό
678 5400 1045 5473 θηριώνυμος,
1062 5399 1154 5450 καὶ
1181 5397 1274 5450 τοῦ
1312 5398 1526 5451 Σατανᾶ
1556 5396 1856 5467 ὑπηρέτης,

371 5561 414 5594 ⁸¹
438 5558 555 5614 Jac.
588 5574 660 5623 tv,
694 5556 748 5610 5.
826 5557 870 5588 “
911 5555 951 5610 ll
973 5556 1099 5612 Cor.
1126 5571 1201 5619 νι,
1236 5555 1325 5610 M.

1932 3199 2128 3261 sancti,
2163 3198 2349 3266 accepi
2375 3199 2444 3252 ab
2495 3196 2632 3252 lsaia
2663 3197 2920 3266 episcopo
2959 3194 3053 3248 Dei
3091 3195 3494 3261 amantissimo,

1933 3304 1997 3343 ac
2019 3289 2292 3357 spirituali
2332 3299 2501 3358 patre,
2545 3304 2651 3343 nou
2681 3289 2842 3344 modo
2873 3285 3131 3349 intellexi,
3161 3300 3326 3356 quam
3369 3303 3498 3339 san-

1933 3389 2080 3434 ctum
2104 3397 2199 3450 par
2219 3381 2438 3435 Patrum
2458 3381 2578 3435 sitis
2607 3396 2701 3435 vos
2720 3381 2856 3446 duo;
2889 3379 2982 3434 sed
3000 3389 3049 3433 et
3077 3379 3345 3446 impulsus
3374 3392 3494 3430 sum

1934 3474 2003 3528 ad
2052 3475 2194 3528 hanc
2242 3473 2606 3527 miserabilem
2657 3468 2940 3541 epistolam
3003 3470 3354 3526 exorandam.
3387 3467 3497 3523 Nos

1936 3581 2085 3631 vero,
2117 3566 2350 3620 humiles
2397 3565 2522 3619 licet
2545 3579 2608 3618 ac
2637 3573 2968 3633 peccatores.
3002 3577 3100 3616 vos
3131 3571 3312 3615 tamen
3337 3569 3498 3628 opta-

1937 3674 2060 3712 mus
2085 3658 2151 3712 ad
2209 3657 2530 3712 charitatem
2567 3655 2876 3719 incendere,
2908 3668 3015 3721 qua
3046 3652 3180 3705 nihil
3209 3651 3499 3719 praestabi-

1939 3750 2042 3804 lius
2069 3760 2173 3805 est.
2197 3749 2410 3818 Alioqui
2455 3759 2506 3802 et
2539 3759 2744 3800 morem
2767 3745 2921 3798 vobis
2951 3752 3218 3814 gerentes,
3255 3742 3498 3795 aniuutm

1940 3841 2005 3894 ad
2029 3839 2374 3894 scribendum
2413 3836 2734 3904 adjecimus.
2763 3834 2828 3888 Et
2853 3849 2984 3888 sane
3018 3833 3219 3903 gratias
3243 3831 3350 3884 Deo
3381 3832 3500 3899 agi-

1940 3947 2085 3994 mus,
2125 3932 2271 4001 quod
2304 3939 2358 3986 et
2421 3947 2514 3985 vos
2549 3931 2600 3983 in
2642 3928 2875 3997 procella
2914 3930 3181 3981 haereseos
3215 3924 3498 3978 lcouoma-

1942 4026 2078 4080 cltiaa
2103 4024 2418 4092 perstitistis
2444 4022 2678 4083 immoti,
2711 4019 2902 4074 Patres
2932 4018 3128 4082 sancti,
3162 4017 3388 4070 minime
3422 4015 3502 4070 ir-

1941 4119 2089 4174 retiti
2155 4115 2406 4187 pestifera
2470 4117 2615 4169 illius
2665 4114 3049 4168 communione
3083 4129 3096 4166 :
3129 4109 3224 4166 sed
3283 4117 3502 4178 arrepta

1945 4209 2071 4279 fuga
2099 4218 2178 4262 ter
2199 4206 2409 4261 felicem
2438 4206 2834 4276 persecutionis
2854 4218 3110 4260 coronam
3148 4201 3323 4272 adepti
3347 4201 3500 4261 estis.

1945 4316 2072 4354 vere
2119 4299 2339 4352 virtutis
2392 4299 2696 4368 praemium,
2729 4311 2792 4350 ac
2812 4293 3172 4349 certaminum
3200 4306 3321 4360 qua:
3351 4291 3505 4359 prius

1946 4394 1999 4448 in
2024 4393 2129 4446 vita
2148 4390 2450 4445 monastica
2473 4387 2828 4449 sustinuistis,
2863 4387 3074 4440 illustre
3094 4384 3501 4438 documentum.

1950 4481 2131 4549 Quare
2159 4498 2224 4536 ex
2256 4482 2322 4536 iis
2348 4497 2468 4550 quae
2491 4481 2604 4550 jam
2634 4479 2932 4548 contigere.
2966 4475 3238 4544 specimen
3276 4472 3506 4542 quilibet

1950 4572 2148 4642 prioris
2183 4571 2304 4625 vita:
2327 4571 2564 4639 colligat,
2599 4569 2726 4623 dum
2769 4577 2824 4621 et
2855 4565 3058 4633 dispari
3089 4564 3252 4618 modo
3273 4579 3329 4616 se
3345 4563 3504 4631 gerit.

1953 4662 2323 4719 Sanctimonia
2344 4661 2468 4715 vitae
2497 4661 2694 4725 ornati,
2728 4659 2930 4714 Christi
2967 4674 3185 4727 quoque
3208 4655 3510 4711 confessio-

1953 4772 2075 4810 nem
2111 4755 2383 4818 induistis,
2424 4766 2652 4823 utraque
2687 4754 2798 4821 jam
2835 4753 2991 4805 laude
3021 4750 3322 4820 conspicui.
3362 4749 3509 4802 Con-

1953 4848 2118 4903 fessio
2142 4848 2283 4901 enim
2311 4847 2510 4900 Christi
2552 4856 2652 4911 est,
2688 4844 2894 4908 Patres,
2937 4855 3137 4897 sancta:
3173 4843 3343 4910 ipsius
3372 4841 3513 4893 ima-

1955 4939 2095 5009 ginis
2123 4939 2484 5008 propugnatio
2519 4954 2532 4989 :
2574 4945 2708 4990 utet
2736 4936 2851 4988 vice
2887 4949 3040 4988 versa
3091 4933 3370 4988 Christum
3416 4933 3515 4984 de-

1956 5031 2136 5099 spicit,
2155 5029 2404 5099 quisquis
2429 5031 2569 5082 hanc
2601 5037 2758 5097 negat
2795 5045 2809 5080 :
2839 5026 3158 5091 «Quoniam,
3193 5023 3370 5092 inquit
3394 5038 3512 5075 ma-

1955 5136 2096 5192 gnus
2125 5119 2376 5180 Basilius,
2408 5119 2660 5187 imaginis
2697 5121 2869 5171 honor
2927 5118 3122 5170 transit
3174 5115 3238 5168 ad
3271 5122 3508 5182 prototy-

1957 5231 2082 5286 pum
2119 5230 2134 5269 :
2166 5222 2219 5267 et
2258 5213 2487 5266 alterum
2529 5213 2581 5265 in
2611 5213 2787 5265 altero
2814 5210 3060 5265 cernitur
3085 5219 3136 5262 et
3167 5208 3459 5270 adoratur;
3490 5224 3508 5255 ι

1958 5305 2356 5376 quantumlibet
2417 5303 2544 5360 Leo.
2600 5304 2687 5356 cui
2731 5317 3030 5372 congruum
3067 5317 3095 5350 a
3147 5300 3258 5352 fera
3315 5313 3518 5365 cogno-

1963 5416 2108 5462 men,
2143 5397 2356 5452 Satanas
2385 5395 2731 5460 administer,
2767 5391 3136 5455 Constantini,
3165 5390 3257 5461 qui
3309 5390 3515 5458 pridem

1776 5642 2005 5698 NO'f/E.

380 5746 488 5806 (92)
516 5743 571 5796 In
604 5743 726 5797 cod.
761 5741 890 5810 Reg.
921 5749 1042 5810 ptp'.

382 5801 491 5882 (93)
520 5814 591 5866 De
621 5814 721 5866 hac
751 5801 1037 5882 sententia,
1077 5828 1199 5882 quae
1231 5821 1490 5882 tauquam
1524 5825 1588 5862 ex
1624 5809 1906 5877 Scriptura
1948 5809 2142 5861 citatur
2167 5825 2193 5859 a
2219 5805 2496 5866 Patrihtts,
2523 5806 2720 5859 videsis
2785 5821 2903 5873 qua:
2959 5806 3165 5859 notavit
3209 5801 3522 5859 Cuteleritts

309 5901 346 5942 t.
385 5888 423 5947 Ι,
457 5885 682 5938 Monum.
716 5882 862 5937 Eccl.
902 5881 1116 5947 Grcam",
1145 5900 1261 5952 pag.
1283 5881 1415 5946 821.
