  <div class='ocr_page' id='page_1' title='image "/cluster/home/n/w/nwhite01/storage/ocr_20150623/99/uva.x002264937/840.png"; bbox 0 0 4184 6512; ppageno 0'>
   <div class='ocr_carea' id='block_1_1' title="bbox 280 407 419 472">
    <p class='ocr_par' dir='ltr' id='par_1_1' title="bbox 280 407 419 472">
     <span class='ocr_line' id='line_1_1' title="bbox 280 407 419 472; baseline -0.007 0"><span class='ocrx_word' id='word_1_1' title='bbox 280 407 419 472; x_wconf 85' lang='lat'><strong>1601</strong></span> 
     </span>
    </p>
   </div>
   <div class='ocr_carea' id='block_1_2' title="bbox 1472 418 2344 487">
    <p class='ocr_par' dir='ltr' id='par_1_2' title="bbox 1472 418 2344 487">
     <span class='ocr_line' id='line_1_2' title="bbox 1472 418 2344 487; baseline 0.008 -9"><span class='ocrx_word' id='word_1_2' title='bbox 1472 418 2008 481; x_wconf 81' lang='lat' dir='ltr'><strong>EPISTOLARUM</strong></span> <span class='ocrx_word' id='word_1_3' title='bbox 2046 421 2194 483; x_wconf 88' lang='lat' dir='ltr'><strong>LIB.</strong></span> <span class='ocrx_word' id='word_1_4' title='bbox 2261 422 2344 487; x_wconf 91' lang='lat' dir='ltr'><strong>II.</strong></span> 
     </span>
    </p>
   </div>
   <div class='ocr_carea' id='block_1_3' title="bbox 3391 427 3524 491">
    <p class='ocr_par' dir='ltr' id='par_1_3' title="bbox 3391 427 3524 491">
     <span class='ocr_line' id='line_1_3' title="bbox 3391 427 3524 491; baseline 0.015 -2"><span class='ocrx_word' id='word_1_5' title='bbox 3391 427 3524 491; x_wconf 62' lang='grc'><strong>1609⁹</strong></span> 
     </span>
    </p>
   </div>
   <div class='ocr_carea' id='block_1_4' title="bbox 287 527 1860 611">
    <p class='ocr_par' dir='ltr' id='par_1_4' title="bbox 287 527 1860 607">
     <span class='ocr_line' id='line_1_4' title="bbox 287 527 1860 607; baseline 0.009 -30"><span class='ocrx_word' id='word_1_6' title='bbox 287 527 406 579; x_wconf 84' lang='grc' dir='ltr'><strong>τῶν</strong></span> <span class='ocrx_word' id='word_1_7' title='bbox 474 527 568 579; x_wconf 73' lang='grc' dir='ltr'><strong>ἐπὶ</strong></span> <span class='ocrx_word' id='word_1_8' title='bbox 617 527 792 600; x_wconf 85' lang='grc' dir='ltr'><strong>τούτῳ</strong></span> <span class='ocrx_word' id='word_1_9' title='bbox 841 529 948 584; x_wconf 80' lang='grc' dir='ltr'><strong>ὑπὸ</strong></span> <span class='ocrx_word' id='word_1_10' title='bbox 994 529 1130 585; x_wconf 92' lang='grc' dir='ltr'><strong>Θεοῦ</strong></span> <span class='ocrx_word' id='word_1_11' title='bbox 1185 535 1611 605; x_wconf 76' lang='grc' dir='ltr'><strong>προηγουμένως</strong></span> <span class='ocrx_word' id='word_1_12' title='bbox 1661 537 1860 607; x_wconf 85' lang='grc' dir='ltr'><strong>κεκλη-</strong></span> 
     </span>
    </p>
   </div>
   <div class='ocr_carea' id='block_1_5' title="bbox 1951 527 3525 611">
    <p class='ocr_par' dir='ltr' id='par_1_5' title="bbox 1961 538 3525 611">
     <span class='ocr_line' id='line_1_5' title="bbox 1961 538 3525 611; baseline 0.003 -18"><span class='ocrx_word' id='word_1_13' title='bbox 1961 549 2015 594; x_wconf 84' lang='lat' dir='ltr'><strong>et</strong></span> <span class='ocrx_word' id='word_1_14' title='bbox 2059 540 2374 611; x_wconf 86' lang='lat' dir='ltr'><strong>incorrupta</strong></span> <span class='ocrx_word' id='word_1_15' title='bbox 2432 538 2919 596; x_wconf 64' lang='lat' dir='ltr'><strong>Christianissimaz</strong></span> <span class='ocrx_word' id='word_1_16' title='bbox 2963 539 3243 610; x_wconf 75' lang='lat' dir='ltr'><strong>religionis</strong></span> <span class='ocrx_word' id='word_1_17' title='bbox 3320 553 3525 597; x_wconf 72' lang='lat' dir='ltr'><strong>nostra:</strong></span> 
     </span>
    </p>
   </div>
   <div class='ocr_carea' id='block_1_6' title="bbox 279 616 1841 697">
    <p class='ocr_par' dir='ltr' id='par_1_6' title="bbox 279 616 1841 697">
     <span class='ocr_line' id='line_1_6' title="bbox 279 616 1841 697; baseline 0.007 -27"><span class='ocrx_word' id='word_1_18' title='bbox 279 616 481 688; x_wconf 79' lang='grc' dir='ltr'><strong>μένων.</strong></span> <span class='ocrx_word' id='word_1_19' title='bbox 521 617 593 669; x_wconf 77' lang='grc' dir='ltr'><strong>Τὸ</strong></span> <span class='ocrx_word' id='word_1_20' title='bbox 647 617 705 670; x_wconf 70' lang='grc' dir='ltr'><strong>δὲ</strong></span> <span class='ocrx_word' id='word_1_21' title='bbox 758 619 910 688; x_wconf 81' lang='grc' dir='ltr'><strong>ὑγιὲς</strong></span> <span class='ocrx_word' id='word_1_22' title='bbox 960 621 1056 673; x_wconf 79' lang='grc' dir='ltr'><strong>καὶ</strong></span> <span class='ocrx_word' id='word_1_23' title='bbox 1094 621 1399 693; x_wconf 79' lang='grc' dir='ltr'><strong>ἀμώμητον</strong></span> <span class='ocrx_word' id='word_1_24' title='bbox 1444 625 1544 694; x_wconf 84' lang='grc' dir='ltr'><strong>τῆς</strong></span> <span class='ocrx_word' id='word_1_25' title='bbox 1576 627 1841 697; x_wconf 89' lang='grc' dir='ltr'><strong>Χριστια-</strong></span> 
     </span>
    </p>
   </div>
   <div class='ocr_carea' id='block_1_7' title="bbox 274 708 1839 784">
    <p class='ocr_par' dir='ltr' id='par_1_7' title="bbox 274 708 1839 784">
     <span class='ocr_line' id='line_1_7' title="bbox 274 708 1839 784; baseline 0.006 -24"><span class='ocrx_word' id='word_1_26' title='bbox 274 709 586 780; x_wconf 84' lang='grc' dir='ltr'><strong>νικωτάτης</strong></span> <span class='ocrx_word' id='word_1_27' title='bbox 613 708 772 778; x_wconf 80' lang='grc' dir='ltr'><strong>ἡμῶν</strong></span> <span class='ocrx_word' id='word_1_28' title='bbox 814 709 1111 781; x_wconf 86' lang='grc' dir='ltr'><strong>θρησκείας</strong></span> <span class='ocrx_word' id='word_1_29' title='bbox 1168 714 1422 784; x_wconf 86' lang='grc' dir='ltr'><strong>φρόνημα</strong></span> <span class='ocrx_word' id='word_1_30' title='bbox 1448 713 1632 768; x_wconf 83' lang='grc' dir='ltr'><strong>ὁποῖόν</strong></span> <span class='ocrx_word' id='word_1_31' title='bbox 1671 715 1839 782; x_wconf 76' lang='grc' dir='ltr'><strong>ἐστιν,</strong></span> 
     </span>
    </p>
   </div>
   <div class='ocr_carea' id='block_1_8' title="bbox 274 799 886 866">
    <p class='ocr_par' dir='ltr' id='par_1_8' title="bbox 274 799 886 866">
     <span class='ocr_line' id='line_1_8' title="bbox 274 799 886 866; baseline 0.003 -15"><span class='ocrx_word' id='word_1_32' title='bbox 274 800 575 866; x_wconf 79' lang='grc' dir='ltr'><strong>ἀναγκαῖον</strong></span> <span class='ocrx_word' id='word_1_33' title='bbox 610 799 886 853; x_wconf 74' lang='grc' dir='ltr'><strong>ἐκθέσθαι.</strong></span> 
     </span>
    </p>
   </div>
   <div class='ocr_carea' id='block_1_9' title="bbox 353 890 1844 967">
    <p class='ocr_par' dir='ltr' id='par_1_9' title="bbox 353 890 1844 967">
     <span class='ocr_line' id='line_1_9' title="bbox 353 890 1844 967; baseline 0.006 -25"><span class='ocrx_word' id='word_1_34' title='bbox 353 890 685 961; x_wconf 85' lang='grc' dir='ltr'><strong>Πιστεύομεν</strong></span> <span class='ocrx_word' id='word_1_35' title='bbox 744 892 824 956; x_wconf 88' lang='grc' dir='ltr'><strong>είς</strong></span> <span class='ocrx_word' id='word_1_36' title='bbox 879 891 974 945; x_wconf 71' lang='grc' dir='ltr'><strong>ἕνα</strong></span> <span class='ocrx_word' id='word_1_37' title='bbox 1026 892 1177 957; x_wconf 82' lang='grc' dir='ltr'><strong>Θεὸν,</strong></span> <span class='ocrx_word' id='word_1_38' title='bbox 1218 895 1309 948; x_wconf 83' lang='grc' dir='ltr'><strong>τὸν</strong></span> <span class='ocrx_word' id='word_1_39' title='bbox 1338 897 1396 949; x_wconf 88' lang='grc' dir='ltr'><strong>ἑν</strong></span> <span class='ocrx_word' id='word_1_40' title='bbox 1427 897 1604 967; x_wconf 88' lang='grc' dir='ltr'><strong>Πατρί</strong></span> <span class='ocrx_word' id='word_1_41' title='bbox 1633 915 1716 962; x_wconf 88' lang='grc' dir='ltr'><strong>τε,</strong></span> <span class='ocrx_word' id='word_1_42' title='bbox 1749 898 1844 951; x_wconf 78' lang='grc' dir='ltr'><strong>καὶ</strong></span> 
     </span>
    </p>
   </div>
   <div class='ocr_carea' id='block_1_10' title="bbox 275 978 1846 1055">
    <p class='ocr_par' dir='ltr' id='par_1_10' title="bbox 275 978 1846 1055">
     <span class='ocr_line' id='line_1_10' title="bbox 275 978 1846 1055; baseline 0.004 -24"><span class='ocrx_word' id='word_1_43' title='bbox 275 978 416 1048; x_wconf 83' lang='grc' dir='ltr'><strong>Υίῷ,</strong></span> <span class='ocrx_word' id='word_1_44' title='bbox 453 982 544 1033; x_wconf 76' lang='grc' dir='ltr'><strong>καὶ</strong></span> <span class='ocrx_word' id='word_1_45' title='bbox 605 980 883 1052; x_wconf 86' lang='grc' dir='ltr'><strong>Πνεύματι</strong></span> <span class='ocrx_word' id='word_1_46' title='bbox 929 983 1068 1053; x_wconf 84' lang='grc' dir='ltr'><strong>ἀγίῳ</strong></span> <span class='ocrx_word' id='word_1_47' title='bbox 1117 985 1595 1055; x_wconf 82' lang='grc' dir='ltr'><strong>προσκυνούμενόν</strong></span> <span class='ocrx_word' id='word_1_48' title='bbox 1649 1003 1709 1038; x_wconf 85' lang='grc' dir='ltr'><strong>τε</strong></span> <span class='ocrx_word' id='word_1_49' title='bbox 1751 987 1846 1039; x_wconf 80' lang='grc' dir='ltr'><strong>καὶ</strong></span> 
     </span>
    </p>
   </div>
   <div class='ocr_carea' id='block_1_11' title="bbox 277 1073 1842 1148">
    <p class='ocr_par' dir='ltr' id='par_1_11' title="bbox 277 1073 1842 1148">
     <span class='ocr_line' id='line_1_11' title="bbox 277 1073 1842 1148; baseline 0.004 -23"><span class='ocrx_word' id='word_1_50' title='bbox 277 1073 739 1142; x_wconf 77' lang='grc' dir='ltr'><strong>συνδοξαζόμενον</strong></span> <span class='ocrx_word' id='word_1_51' title='bbox 763 1091 779 1106; x_wconf 78' lang='grc' dir='ltr'><strong><em>ο</em></strong></span> <span class='ocrx_word' id='word_1_52' title='bbox 810 1074 910 1144; x_wconf 78' lang='grc' dir='ltr'><strong>τὴν</strong></span> <span class='ocrx_word' id='word_1_53' title='bbox 943 1075 1342 1147; x_wconf 83' lang='grc' dir='ltr'><strong>πολυΰμνητον,</strong></span> <span class='ocrx_word' id='word_1_54' title='bbox 1377 1079 1717 1148; x_wconf 83' lang='grc' dir='ltr'><strong>παντουργὸν</strong></span> <span class='ocrx_word' id='word_1_55' title='bbox 1747 1080 1842 1133; x_wconf 73' lang='grc' dir='ltr'><strong>καὶ</strong></span> 
     </span>
    </p>
   </div>
   <div class='ocr_carea' id='block_1_12' title="bbox 277 1167 1845 1241">
    <p class='ocr_par' dir='ltr' id='par_1_12' title="bbox 277 1167 1845 1241">
     <span class='ocr_line' id='line_1_12' title="bbox 277 1167 1845 1241; baseline 0.004 -23"><span class='ocrx_word' id='word_1_56' title='bbox 277 1167 516 1235; x_wconf 83' lang='grc' dir='ltr'><strong>ἀρχικὴν</strong></span> <span class='ocrx_word' id='word_1_57' title='bbox 543 1168 768 1237; x_wconf 81' lang='grc' dir='ltr'><strong>Τριάδα,</strong></span> <span class='ocrx_word' id='word_1_58' title='bbox 797 1169 937 1220; x_wconf 86' lang='grc' dir='ltr'><strong>κατά</strong></span> <span class='ocrx_word' id='word_1_59' title='bbox 955 1167 1014 1218; x_wconf 84' lang='grc' dir='ltr'><strong>τὸ</strong></span> <span class='ocrx_word' id='word_1_60' title='bbox 1043 1167 1148 1220; x_wconf 79' lang='grc' dir='ltr'><strong>ὑπὸ</strong></span> <span class='ocrx_word' id='word_1_61' title='bbox 1180 1168 1290 1221; x_wconf 83' lang='grc' dir='ltr'><strong>τῶν</strong></span> <span class='ocrx_word' id='word_1_62' title='bbox 1315 1169 1486 1237; x_wconf 80' lang='grc' dir='ltr'><strong>ἁγίων</strong></span> <span class='ocrx_word' id='word_1_63' title='bbox 1514 1172 1845 1241; x_wconf 81' lang='grc' dir='ltr'><strong>τριακοσίων</strong></span> 
     </span>
    </p>
   </div>
   <div class='ocr_carea' id='block_1_13' title="bbox 277 1253 1848 1328">
    <p class='ocr_par' dir='ltr' id='par_1_13' title="bbox 277 1253 1848 1328">
     <span class='ocr_line' id='line_1_13' title="bbox 277 1253 1848 1328; baseline 0.002 -20"><span class='ocrx_word' id='word_1_64' title='bbox 277 1255 417 1308; x_wconf 85' lang='grc' dir='ltr'><strong>δέκα</strong></span> <span class='ocrx_word' id='word_1_65' title='bbox 451 1257 544 1308; x_wconf 77' lang='grc' dir='ltr'><strong>καὶ</strong></span> <span class='ocrx_word' id='word_1_66' title='bbox 577 1253 718 1308; x_wconf 82' lang='grc' dir='ltr'><strong>ὀκτὼ</strong></span> <span class='ocrx_word' id='word_1_67' title='bbox 749 1255 1001 1325; x_wconf 81' lang='grc' dir='ltr'><strong>Πατέρων</strong></span> <span class='ocrx_word' id='word_1_68' title='bbox 1048 1256 1350 1328; x_wconf 74' lang='grc' dir='ltr'><strong>παραδοθὲν</strong></span> <span class='ocrx_word' id='word_1_69' title='bbox 1408 1259 1539 1328; x_wconf 80' lang='grc' dir='ltr'><strong>ἡμῖν</strong></span> <span class='ocrx_word' id='word_1_70' title='bbox 1584 1259 1848 1313; x_wconf 86' lang='grc' dir='ltr'><strong>θεόπνευ-</strong></span> 
     </span>
    </p>
   </div>
   <div class='ocr_carea' id='block_1_14' title="bbox 281 1342 1843 1420">
    <p class='ocr_par' dir='ltr' id='par_1_14' title="bbox 281 1342 1843 1420">
     <span class='ocr_line' id='line_1_14' title="bbox 281 1342 1843 1420; baseline 0.005 -22"><span class='ocrx_word' id='word_1_71' title='bbox 281 1362 407 1398; x_wconf 86' lang='grc' dir='ltr'><strong>στον</strong></span> <span class='ocrx_word' id='word_1_72' title='bbox 465 1346 730 1416; x_wconf 83' lang='grc' dir='ltr'><strong>σύμϐολον</strong></span> <span class='ocrx_word' id='word_1_73' title='bbox 759 1365 773 1378; x_wconf 87' lang='grc'><strong>·</strong></span> <span class='ocrx_word' id='word_1_74' title='bbox 805 1347 872 1399; x_wconf 81' lang='grc' dir='ltr'><strong>δι’</strong></span> <span class='ocrx_word' id='word_1_75' title='bbox 902 1342 963 1402; x_wconf 77' lang='grc' dir='ltr'><strong>οὗ</strong></span> <span class='ocrx_word' id='word_1_76' title='bbox 992 1350 1145 1402; x_wconf 83' lang='grc' dir='ltr'><strong>πᾶσα</strong></span> <span class='ocrx_word' id='word_1_77' title='bbox 1185 1349 1396 1419; x_wconf 77' lang='grc' dir='ltr'><strong>αἵρεσις</strong></span> <span class='ocrx_word' id='word_1_78' title='bbox 1421 1353 1843 1420; x_wconf 83' lang='grc' dir='ltr'><strong>ὲκκέκρουσται,</strong></span> 
     </span>
    </p>
   </div>
   <div class='ocr_carea' id='block_1_15' title="bbox 281 1431 1848 1514">
    <p class='ocr_par' dir='ltr' id='par_1_15' title="bbox 281 1431 1848 1514">
     <span class='ocr_line' id='line_1_15' title="bbox 281 1431 1848 1514; baseline 0.004 -25"><span class='ocrx_word' id='word_1_79' title='bbox 281 1437 378 1490; x_wconf 71' lang='grc' dir='ltr'><strong>καὶ</strong></span> <span class='ocrx_word' id='word_1_80' title='bbox 405 1438 534 1507; x_wconf 83' lang='grc' dir='ltr'><strong>παρ’</strong></span> <span class='ocrx_word' id='word_1_81' title='bbox 563 1431 625 1490; x_wconf 76' lang='grc' dir='ltr'><strong>οὗ</strong></span> <span class='ocrx_word' id='word_1_82' title='bbox 678 1439 828 1491; x_wconf 80' lang='grc' dir='ltr'><strong>πᾶσα</strong></span> <span class='ocrx_word' id='word_1_83' title='bbox 873 1439 1003 1506; x_wconf 80' lang='grc' dir='ltr'><strong>ἁγία</strong></span> <span class='ocrx_word' id='word_1_84' title='bbox 1054 1441 1271 1503; x_wconf 81' lang='grc' dir='ltr'><strong>σύνοδος</strong></span> <span class='ocrx_word' id='word_1_85' title='bbox 1319 1442 1552 1512; x_wconf 66' lang='grc' dir='ltr'><strong>ἢρτηται</strong></span> <span class='ocrx_word' id='word_1_86' title='bbox 1579 1483 1593 1506; x_wconf 94' lang='grc'><strong>,</strong></span> <span class='ocrx_word' id='word_1_87' title='bbox 1646 1438 1848 1514; x_wconf 79' lang='grc' dir='ltr'><strong>οἷάπερ</strong></span> 
     </span>
    </p>
   </div>
   <div class='ocr_carea' id='block_1_16' title="bbox 279 1528 1847 1617">
    <p class='ocr_par' dir='ltr' id='par_1_16' title="bbox 279 1528 1847 1617">
     <span class='ocr_line' id='line_1_16' title="bbox 279 1528 1847 1617; baseline 0.004 -38"><span class='ocrx_word' id='word_1_88' title='bbox 279 1528 392 1581; x_wconf 82' lang='grc' dir='ltr'><strong>ἀπὸ</strong></span> <span class='ocrx_word' id='word_1_89' title='bbox 437 1529 592 1599; x_wconf 77' lang='grc' dir='ltr'><strong>ῥίζης</strong></span> <span class='ocrx_word' id='word_1_90' title='bbox 645 1530 851 1617; x_wconf 78' lang='grc' dir='ltr'><strong>κλάδοι,</strong></span> <span class='ocrx_word' id='word_1_91' title='bbox 891 1532 985 1584; x_wconf 77' lang='grc' dir='ltr'><strong>καὶ</strong></span> <span class='ocrx_word' id='word_1_92' title='bbox 1036 1533 1218 1604; x_wconf 83' lang='grc' dir='ltr'><strong>πηγῆς</strong></span> <span class='ocrx_word' id='word_1_93' title='bbox 1268 1532 1522 1603; x_wconf 84' lang='grc' dir='ltr'><strong>ποταμοί.</strong></span> <span class='ocrx_word' id='word_1_94' title='bbox 1565 1533 1847 1587; x_wconf 79' lang='grc' dir='ltr'><strong>Ἐντεῦθεν</strong></span> 
     </span>
    </p>
   </div>
   <div class='ocr_carea' id='block_1_17' title="bbox 279 1622 1847 1698">
    <p class='ocr_par' dir='ltr' id='par_1_17' title="bbox 279 1622 1847 1698">
     <span class='ocr_line' id='line_1_17' title="bbox 279 1622 1847 1698; baseline 0.004 -25"><span class='ocrx_word' id='word_1_95' title='bbox 279 1622 451 1692; x_wconf 86' lang='grc' dir='ltr'><strong>γάρὴ</strong></span> <span class='ocrx_word' id='word_1_96' title='bbox 497 1623 722 1692; x_wconf 86' lang='grc' dir='ltr'><strong>δευτέρα</strong></span> <span class='ocrx_word' id='word_1_97' title='bbox 779 1625 877 1695; x_wconf 87' lang='grc' dir='ltr'><strong>τὴν</strong></span> <span class='ocrx_word' id='word_1_98' title='bbox 915 1626 1109 1697; x_wconf 80' lang='grc' dir='ltr'>κυρίαν</span> <span class='ocrx_word' id='word_1_99' title='bbox 1173 1626 1354 1698; x_wconf 81' lang='grc' dir='ltr'><strong>φωνὴν</strong></span> <span class='ocrx_word' id='word_1_100' title='bbox 1386 1626 1479 1680; x_wconf 87' lang='grc' dir='ltr'><strong>τοῦ</strong></span> <span class='ocrx_word' id='word_1_101' title='bbox 1531 1627 1847 1696; x_wconf 85' lang='grc' dir='ltr'><strong>Πνεύματος</strong></span> 
     </span>
    </p>
   </div>
   <div class='ocr_carea' id='block_1_18' title="bbox 283 1712 1845 1789">
    <p class='ocr_par' dir='ltr' id='par_1_18' title="bbox 283 1712 1845 1789">
     <span class='ocr_line' id='line_1_18' title="bbox 283 1712 1845 1789; baseline 0.007 -27"><span class='ocrx_word' id='word_1_102' title='bbox 283 1713 613 1783; x_wconf 75' lang='grc' dir='ltr'><strong>ἔτράνωσεν.</strong></span> <span class='ocrx_word' id='word_1_103' title='bbox 645 1712 776 1769; x_wconf 85' lang='grc' dir='ltr'><strong>Εῐτα</strong></span> <span class='ocrx_word' id='word_1_104' title='bbox 809 1718 842 1788; x_wconf 78' lang='grc' dir='ltr'>ἡ</span> <span class='ocrx_word' id='word_1_105' title='bbox 879 1717 1038 1788; x_wconf 91' lang='grc' dir='ltr'><strong>τρίτη</strong></span> <span class='ocrx_word' id='word_1_106' title='bbox 1065 1718 1164 1789; x_wconf 80' lang='grc' dir='ltr'><strong>τὴν</strong></span> <span class='ocrx_word' id='word_1_107' title='bbox 1196 1720 1354 1786; x_wconf 82' lang='grc' dir='ltr'><strong>ἁγίαν</strong></span> <span class='ocrx_word' id='word_1_108' title='bbox 1384 1719 1602 1788; x_wconf 81' lang='grc' dir='ltr'><strong>Μαρίαν</strong></span> <span class='ocrx_word' id='word_1_109' title='bbox 1647 1719 1845 1773; x_wconf 79' lang='grc' dir='ltr'><strong>Θεοτόο</strong></span> 
     </span>
    </p>
   </div>
   <div class='ocr_carea' id='block_1_19' title="bbox 283 1804 1847 1880">
    <p class='ocr_par' dir='ltr' id='par_1_19' title="bbox 283 1804 1847 1880">
     <span class='ocr_line' id='line_1_19' title="bbox 283 1804 1847 1880; baseline 0.004 -25"><span class='ocrx_word' id='word_1_110' title='bbox 283 1819 405 1869; x_wconf 88' lang='grc' dir='ltr'><strong>κον,</strong></span> <span class='ocrx_word' id='word_1_111' title='bbox 435 1804 510 1866; x_wconf 85' lang='grc' dir='ltr'><strong>ὡς</strong></span> <span class='ocrx_word' id='word_1_112' title='bbox 540 1806 700 1860; x_wconf 80' lang='grc' dir='ltr'><strong>αὑτὸν</strong></span> <span class='ocrx_word' id='word_1_113' title='bbox 728 1808 820 1860; x_wconf 83' lang='grc' dir='ltr'><strong>τὸν</strong></span> <span class='ocrx_word' id='word_1_114' title='bbox 846 1811 1106 1880; x_wconf 82' lang='grc' dir='ltr'><strong>μονογενῆ</strong></span> <span class='ocrx_word' id='word_1_115' title='bbox 1141 1809 1285 1862; x_wconf 76' lang='grc' dir='ltr'><strong>Υἱδν-</strong></span> <span class='ocrx_word' id='word_1_116' title='bbox 1313 1809 1406 1862; x_wconf 88' lang='grc' dir='ltr'><strong>τοῦ</strong></span> <span class='ocrx_word' id='word_1_117' title='bbox 1437 1809 1572 1862; x_wconf 88' lang='grc' dir='ltr'><strong>Θεοῦ</strong></span> <span class='ocrx_word' id='word_1_118' title='bbox 1602 1810 1847 1879; x_wconf 84' lang='grc' dir='ltr'><strong>ἀποκυή-</strong></span> 
     </span>
    </p>
   </div>
   <div class='ocr_carea' id='block_1_20' title="bbox 285 1894 1922 1972">
    <p class='ocr_par' dir='ltr' id='par_1_20' title="bbox 285 1894 1922 1972">
     <span class='ocr_line' id='line_1_20' title="bbox 285 1894 1922 1972; baseline 0.004 -26"><span class='ocrx_word' id='word_1_119' title='bbox 285 1912 478 1959; x_wconf 83' lang='grc' dir='ltr'><strong>σασαν,</strong></span> <span class='ocrx_word' id='word_1_120' title='bbox 529 1898 813 1967; x_wconf 76' lang='grc' dir='ltr'><strong>ἐκήρυξεν.</strong></span> <span class='ocrx_word' id='word_1_121' title='bbox 843 1901 1073 1955; x_wconf 82' lang='grc' dir='ltr'><strong>Ἔπειτα</strong></span> <span class='ocrx_word' id='word_1_122' title='bbox 1099 1903 1130 1972; x_wconf 79' lang='grc' dir='ltr'>ἡ</span> <span class='ocrx_word' id='word_1_123' title='bbox 1158 1903 1390 1972; x_wconf 84' lang='grc' dir='ltr'><strong>τετάρτη</strong></span> <span class='ocrx_word' id='word_1_124' title='bbox 1429 1903 1492 1954; x_wconf 85' lang='grc' dir='ltr'><strong>ἑκ</strong></span> <span class='ocrx_word' id='word_1_125' title='bbox 1529 1901 1622 1954; x_wconf 87' lang='grc' dir='ltr'><strong>δύο</strong></span> <span class='ocrx_word' id='word_1_126' title='bbox 1664 1903 1757 1955; x_wconf 69' lang='grc' dir='ltr'><strong>καὶ</strong></span> <span class='ocrx_word' id='word_1_127' title='bbox 1791 1903 1849 1953; x_wconf 80' lang='grc' dir='ltr'><strong>ἐν</strong></span> <span class='ocrx_word' id='word_1_128' title='bbox 1881 1894 1922 1947; x_wconf 87' lang='grc' dir='ltr'><strong>Β</strong></span> 
     </span>
    </p>
   </div>
   <div class='ocr_carea' id='block_1_21' title="bbox 281 1988 1850 2065">
    <p class='ocr_par' dir='ltr' id='par_1_21' title="bbox 281 1988 1850 2065">
     <span class='ocr_line' id='line_1_21' title="bbox 281 1988 1850 2065; baseline 0.004 -24"><span class='ocrx_word' id='word_1_129' title='bbox 281 1988 409 2041; x_wconf 77' lang='grc' dir='ltr'><strong>δυσὶ</strong></span> <span class='ocrx_word' id='word_1_130' title='bbox 439 1989 631 2056; x_wconf 81' lang='grc' dir='ltr'><strong>φύσεσι</strong></span> <span class='ocrx_word' id='word_1_131' title='bbox 659 1991 780 2044; x_wconf 77' lang='grc' dir='ltr'><strong>καθ’</strong></span> <span class='ocrx_word' id='word_1_132' title='bbox 811 1993 1104 2046; x_wconf 73' lang='grc' dir='ltr'><strong>ὑπόστασιν</strong></span> <span class='ocrx_word' id='word_1_133' title='bbox 1133 1994 1317 2062; x_wconf 77' lang='grc' dir='ltr'><strong>ἑνικὴν</strong></span> <span class='ocrx_word' id='word_1_134' title='bbox 1342 1993 1432 2046; x_wconf 84' lang='grc' dir='ltr'><strong>τὸν</strong></span> <span class='ocrx_word' id='word_1_135' title='bbox 1463 1993 1667 2064; x_wconf 80' lang='grc' dir='ltr'><strong>Κύριον</strong></span> <span class='ocrx_word' id='word_1_136' title='bbox 1692 1994 1850 2065; x_wconf 79' lang='grc' dir='ltr'><strong>ἡμῶν</strong></span> 
     </span>
    </p>
   </div>
   <div class='ocr_carea' id='block_1_22' title="bbox 297 2079 1850 2155">
    <p class='ocr_par' dir='ltr' id='par_1_22' title="bbox 297 2079 1850 2155">
     <span class='ocr_line' id='line_1_22' title="bbox 297 2079 1850 2155; baseline 0.003 -23"><span class='ocrx_word' id='word_1_137' title='bbox 297 2079 506 2149; x_wconf 83' lang='grc' dir='ltr'><strong>Ἰησοῦν</strong></span> <span class='ocrx_word' id='word_1_138' title='bbox 567 2083 800 2152; x_wconf 80' lang='grc' dir='ltr'><strong>Χριστὸν</strong></span> <span class='ocrx_word' id='word_1_139' title='bbox 863 2083 1238 2152; x_wconf 76' lang='grc' dir='ltr'><strong>ἐδογμάτισεν.</strong></span> <span class='ocrx_word' id='word_1_140' title='bbox 1273 2079 1402 2137; x_wconf 76' lang='grc' dir='ltr'><strong>Εἶτα</strong></span> <span class='ocrx_word' id='word_1_141' title='bbox 1429 2087 1464 2155; x_wconf 77' lang='grc' dir='ltr'><strong>ἡ</strong></span> <span class='ocrx_word' id='word_1_142' title='bbox 1499 2085 1724 2154; x_wconf 84' lang='grc' dir='ltr'><strong>πέμπτη</strong></span> <span class='ocrx_word' id='word_1_143' title='bbox 1752 2084 1850 2154; x_wconf 78' lang='grc' dir='ltr'><strong>τὴν</strong></span> 
     </span>
    </p>
   </div>
   <div class='ocr_carea' id='block_1_23' title="bbox 283 2173 1849 2246">
    <p class='ocr_par' dir='ltr' id='par_1_23' title="bbox 283 2173 1849 2246">
     <span class='ocr_line' id='line_1_23' title="bbox 283 2173 1849 2246; baseline 0.004 -22"><span class='ocrx_word' id='word_1_144' title='bbox 283 2173 394 2242; x_wconf 85' lang='grc' dir='ltr'><strong>πρὸ</strong></span> <span class='ocrx_word' id='word_1_145' title='bbox 433 2174 600 2243; x_wconf 82' lang='grc' dir='ltr'><strong>αὐτῆς</strong></span> <span class='ocrx_word' id='word_1_146' title='bbox 644 2177 1105 2244; x_wconf 83' lang='grc' dir='ltr'><strong>ἑπισφραγίσασα,</strong></span> <span class='ocrx_word' id='word_1_147' title='bbox 1157 2175 1438 2246; x_wconf 76' lang='grc' dir='ltr'><strong>Ὠριγένην</strong></span> <span class='ocrx_word' id='word_1_148' title='bbox 1483 2194 1541 2230; x_wconf 92' lang='grc' dir='ltr'><strong>τε</strong></span> <span class='ocrx_word' id='word_1_149' title='bbox 1588 2178 1679 2230; x_wconf 74' lang='grc' dir='ltr'><strong>καὶ</strong></span> <span class='ocrx_word' id='word_1_150' title='bbox 1725 2177 1849 2241; x_wconf 83' lang='grc' dir='ltr'><strong>τοὺς</strong></span> 
     </span>
    </p>
   </div>
   <div class='ocr_carea' id='block_1_24' title="bbox 285 2265 1851 2339">
    <p class='ocr_par' dir='ltr' id='par_1_24' title="bbox 285 2265 1851 2339">
     <span class='ocr_line' id='line_1_24' title="bbox 285 2265 1851 2339; baseline 0.004 -23"><span class='ocrx_word' id='word_1_151' title='bbox 285 2265 427 2333; x_wconf 84' lang='grc' dir='ltr'><strong>ἀμφ’</strong></span> <span class='ocrx_word' id='word_1_152' title='bbox 457 2267 617 2318; x_wconf 85' lang='grc' dir='ltr'><strong>αὑτὸν</strong></span> <span class='ocrx_word' id='word_1_153' title='bbox 665 2267 1119 2337; x_wconf 84' lang='grc' dir='ltr'><strong>Προῡπαρκτὶτας</strong></span> <span class='ocrx_word' id='word_1_154' title='bbox 1167 2268 1581 2339; x_wconf 77' lang='grc' dir='ltr'><strong>ἀνεθεμάτισεν.</strong></span> <span class='ocrx_word' id='word_1_155' title='bbox 1616 2267 1851 2322; x_wconf 83' lang='grc' dir='ltr'><strong>Ἔπειτα</strong></span> 
     </span>
    </p>
   </div>
   <div class='ocr_carea' id='block_1_25' title="bbox 283 2357 1852 2430">
    <p class='ocr_par' dir='ltr' id='par_1_25' title="bbox 283 2357 1852 2430">
     <span class='ocr_line' id='line_1_25' title="bbox 283 2357 1852 2430; baseline 0.001 -20"><span class='ocrx_word' id='word_1_156' title='bbox 283 2359 318 2426; x_wconf 85' lang='grc' dir='ltr'>ἠ</span> <span class='ocrx_word' id='word_1_157' title='bbox 355 2357 485 2429; x_wconf 79' lang='grc' dir='ltr'><strong>ἑκτη</strong></span> <span class='ocrx_word' id='word_1_158' title='bbox 517 2359 824 2422; x_wconf 79' lang='grc' dir='ltr'><strong>ἀκολούθως</strong></span> <span class='ocrx_word' id='word_1_159' title='bbox 856 2363 973 2422; x_wconf 77' lang='grc' dir='ltr'><strong>ταῖς</strong></span> <span class='ocrx_word' id='word_1_160' title='bbox 997 2360 1116 2411; x_wconf 84' lang='grc' dir='ltr'><strong>δυσὶ</strong></span> <span class='ocrx_word' id='word_1_161' title='bbox 1165 2358 1399 2428; x_wconf 83' lang='grc' dir='ltr'><strong>φύσεσι,</strong></span> <span class='ocrx_word' id='word_1_162' title='bbox 1425 2360 1517 2413; x_wconf 90' lang='grc' dir='ltr'><strong>δύο</strong></span> <span class='ocrx_word' id='word_1_163' title='bbox 1572 2358 1852 2430; x_wconf 83' lang='grc' dir='ltr'><strong>θελήματά</strong></span> 
     </span>
    </p>
   </div>
   <div class='ocr_carea' id='block_1_26' title="bbox 284 2449 1846 2522">
    <p class='ocr_par' dir='ltr' id='par_1_26' title="bbox 284 2449 1846 2522">
     <span class='ocr_line' id='line_1_26' title="bbox 284 2449 1846 2522; baseline 0.001 -21"><span class='ocrx_word' id='word_1_164' title='bbox 284 2465 347 2502; x_wconf 81' lang='grc' dir='ltr'><strong>τε</strong></span> <span class='ocrx_word' id='word_1_165' title='bbox 394 2451 488 2502; x_wconf 70' lang='grc' dir='ltr'><strong>καὶ</strong></span> <span class='ocrx_word' id='word_1_166' title='bbox 534 2451 813 2522; x_wconf 77' lang='grc' dir='ltr'><strong>ἐνεργείας</strong></span> <span class='ocrx_word' id='word_1_167' title='bbox 847 2452 938 2502; x_wconf 74' lang='grc' dir='ltr'><strong>ἐπὶ</strong></span> <span class='ocrx_word' id='word_1_168' title='bbox 988 2450 1078 2502; x_wconf 90' lang='grc' dir='ltr'><strong>τοῦ</strong></span> <span class='ocrx_word' id='word_1_169' title='bbox 1119 2451 1236 2514; x_wconf 82' lang='grc' dir='ltr'><strong>ἑνὸς</strong></span> <span class='ocrx_word' id='word_1_170' title='bbox 1265 2449 1500 2521; x_wconf 87' lang='grc' dir='ltr'><strong>Χριστοῦ</strong></span> <span class='ocrx_word' id='word_1_171' title='bbox 1531 2449 1846 2516; x_wconf 78' lang='grc' dir='ltr'><strong>ἑξεδίδαξεν.</strong></span> 
     </span>
    </p>
   </div>
   <div class='ocr_carea' id='block_1_27' title="bbox 285 2536 1848 2612">
    <p class='ocr_par' dir='ltr' id='par_1_27' title="bbox 285 2536 1848 2612">
     <span class='ocr_line' id='line_1_27' title="bbox 285 2536 1848 2612; baseline 0.003 -20"><span class='ocrx_word' id='word_1_172' title='bbox 285 2536 402 2593; x_wconf 74' lang='grc' dir='ltr'><strong>Εἴθ’</strong></span> <span class='ocrx_word' id='word_1_173' title='bbox 446 2541 672 2612; x_wconf 79' lang='grc' dir='ltr'><strong>ὕστερον</strong></span> <span class='ocrx_word' id='word_1_174' title='bbox 723 2543 755 2611; x_wconf 87' lang='grc' dir='ltr'><strong>ή</strong></span> <span class='ocrx_word' id='word_1_175' title='bbox 789 2540 1012 2611; x_wconf 76' lang='grc' dir='ltr'><strong>ἑδδόμη,</strong></span> <span class='ocrx_word' id='word_1_176' title='bbox 1053 2543 1333 2611; x_wconf 78' lang='grc' dir='ltr'><strong>ἑπομένως</strong></span> <span class='ocrx_word' id='word_1_177' title='bbox 1375 2545 1494 2605; x_wconf 85' lang='grc' dir='ltr'><strong>ταῖς</strong></span> <span class='ocrx_word' id='word_1_178' title='bbox 1524 2542 1629 2612; x_wconf 76' lang='grc' dir='ltr'><strong>πρὸ</strong></span> <span class='ocrx_word' id='word_1_179' title='bbox 1655 2543 1848 2611; x_wconf 82' lang='grc' dir='ltr'><strong>αὐτῆς,</strong></span> 
     </span>
    </p>
   </div>
   <div class='ocr_carea' id='block_1_28' title="bbox 284 2633 1850 2704">
    <p class='ocr_par' dir='ltr' id='par_1_28' title="bbox 284 2633 1850 2704">
     <span class='ocr_line' id='line_1_28' title="bbox 284 2633 1850 2704; baseline -0.001 -17"><span class='ocrx_word' id='word_1_180' title='bbox 284 2634 364 2696; x_wconf 82' lang='grc' dir='ltr'><strong>ὡς</strong></span> <span class='ocrx_word' id='word_1_181' title='bbox 416 2634 580 2687; x_wconf 80' lang='grc' dir='ltr'><strong>διπλᾶ</strong></span> <span class='ocrx_word' id='word_1_182' title='bbox 633 2634 808 2687; x_wconf 74' lang='grc' dir='ltr'><strong>πάντα</strong></span> <span class='ocrx_word' id='word_1_183' title='bbox 839 2634 905 2690; x_wconf 81' lang='grc' dir='ltr'><strong>τὰ</strong></span> <span class='ocrx_word' id='word_1_184' title='bbox 937 2634 1030 2686; x_wconf 71' lang='grc' dir='ltr'><strong>ἐπὶ</strong></span> <span class='ocrx_word' id='word_1_185' title='bbox 1083 2635 1177 2687; x_wconf 88' lang='grc' dir='ltr'><strong>τοῦ</strong></span> <span class='ocrx_word' id='word_1_186' title='bbox 1214 2634 1331 2696; x_wconf 77' lang='grc' dir='ltr'><strong>ἑνὸς</strong></span> <span class='ocrx_word' id='word_1_187' title='bbox 1361 2633 1596 2704; x_wconf 85' lang='grc' dir='ltr'><strong>Χριστοῦ</strong></span> <span class='ocrx_word' id='word_1_188' title='bbox 1642 2634 1850 2701; x_wconf 88' lang='grc' dir='ltr'><strong>φυσικά</strong></span> 
     </span>
    </p>
   </div>
   <div class='ocr_carea' id='block_1_29' title="bbox 290 2726 1848 2798">
    <p class='ocr_par' dir='ltr' id='par_1_29' title="bbox 290 2726 1848 2798">
     <span class='ocr_line' id='line_1_29' title="bbox 290 2726 1848 2798; baseline 0.001 -20"><span class='ocrx_word' id='word_1_189' title='bbox 290 2726 575 2795; x_wconf 72' lang='grc' dir='ltr'><strong>ἰδιώματα,</strong></span> <span class='ocrx_word' id='word_1_190' title='bbox 593 2726 684 2778; x_wconf 85' lang='grc' dir='ltr'><strong>τὸν</strong></span> <span class='ocrx_word' id='word_1_191' title='bbox 718 2726 899 2782; x_wconf 62' lang='grc' dir='ltr'><strong>αὐτὴν</strong></span> <span class='ocrx_word' id='word_1_192' title='bbox 914 2727 1327 2798; x_wconf 89' lang='grc' dir='ltr'><strong>ἀπερίγραπτον</strong></span> <span class='ocrx_word' id='word_1_193' title='bbox 1349 2727 1489 2780; x_wconf 85' lang='grc' dir='ltr'><strong>κατὰ</strong></span> <span class='ocrx_word' id='word_1_194' title='bbox 1508 2727 1569 2780; x_wconf 73' lang='grc' dir='ltr'><strong>τὸ</strong></span> <span class='ocrx_word' id='word_1_195' title='bbox 1598 2728 1848 2796; x_wconf 84' lang='grc' dir='ltr'><strong>ἀόρατον,</strong></span> 
     </span>
    </p>
   </div>
   <div class='ocr_carea' id='block_1_30' title="bbox 286 2818 1848 2890">
    <p class='ocr_par' dir='ltr' id='par_1_30' title="bbox 286 2818 1848 2890">
     <span class='ocr_line' id='line_1_30' title="bbox 286 2818 1848 2890; baseline 0 -20"><span class='ocrx_word' id='word_1_196' title='bbox 286 2819 384 2870; x_wconf 77' lang='grc' dir='ltr'><strong>καὶ</strong></span> <span class='ocrx_word' id='word_1_197' title='bbox 441 2818 807 2888; x_wconf 82' lang='grc' dir='ltr'><strong>περιγραπτὸν</strong></span> <span class='ocrx_word' id='word_1_198' title='bbox 856 2818 996 2872; x_wconf 80' lang='grc' dir='ltr'><strong>κατά</strong></span> <span class='ocrx_word' id='word_1_199' title='bbox 1060 2819 1120 2872; x_wconf 83' lang='grc' dir='ltr'><strong>τὸ</strong></span> <span class='ocrx_word' id='word_1_200' title='bbox 1164 2818 1442 2890; x_wconf 86' lang='grc' dir='ltr'><strong>ὁρώμενον</strong></span> <span class='ocrx_word' id='word_1_201' title='bbox 1496 2818 1795 2888; x_wconf 77' lang='grc' dir='ltr'><strong>ἀνεκήρυξε</strong></span> <span class='ocrx_word' id='word_1_202' title='bbox 1831 2833 1848 2850; x_wconf 79' lang='grc'><strong><em>⁸</em></strong></span> 
     </span>
    </p>
   </div>
   <div class='ocr_carea' id='block_1_31' title="bbox 257 2908 1847 2983">
    <p class='ocr_par' dir='ltr' id='par_1_31' title="bbox 257 2908 1847 2983">
     <span class='ocr_line' id='line_1_31' title="bbox 257 2908 1847 2983; baseline 0.002 -23"><span class='ocrx_word' id='word_1_203' title='bbox 257 2908 509 2978; x_wconf 48' lang='lat' dir='ltr'><strong>«mpm</strong></span> <span class='ocrx_word' id='word_1_204' title='bbox 541 2910 764 2978; x_wconf 87' lang='grc' dir='ltr'><strong>τρόποις</strong></span> <span class='ocrx_word' id='word_1_205' title='bbox 793 2911 1205 2983; x_wconf 79' lang='grc' dir='ltr'><strong>ἑρηρεισμὲνως</strong></span> <span class='ocrx_word' id='word_1_206' title='bbox 1253 2911 1314 2962; x_wconf 84' lang='grc' dir='ltr'><strong>τὸ</strong></span> <span class='ocrx_word' id='word_1_207' title='bbox 1356 2909 1554 2981; x_wconf 83' lang='grc' dir='ltr'><strong>ἀληθὲς</strong></span> <span class='ocrx_word' id='word_1_208' title='bbox 1596 2910 1796 2980; x_wconf 86' lang='grc' dir='ltr'><strong>ἑχουσα</strong></span> <span class='ocrx_word' id='word_1_209' title='bbox 1832 2925 1847 2941; x_wconf 74' lang='grc' dir='ltr'><strong><em>ο</em></strong></span> 
     </span>
    </p>
   </div>
   <div class='ocr_carea' id='block_1_32' title="bbox 287 3000 1854 3072">
    <p class='ocr_par' dir='ltr' id='par_1_32' title="bbox 287 3000 1854 3072">
     <span class='ocr_line' id='line_1_32' title="bbox 287 3000 1854 3072; baseline -0.001 -19"><span class='ocrx_word' id='word_1_210' title='bbox 287 3000 352 3053; x_wconf 73' lang='grc' dir='ltr'><strong>εκ</strong></span> <span class='ocrx_word' id='word_1_211' title='bbox 381 3017 440 3053; x_wconf 80' lang='grc' dir='ltr'><strong>τε</strong></span> <span class='ocrx_word' id='word_1_212' title='bbox 491 3000 722 3068; x_wconf 81' lang='grc' dir='ltr'><strong>φυσικοῦ</strong></span> <span class='ocrx_word' id='word_1_213' title='bbox 774 3003 1060 3072; x_wconf 81' lang='grc' dir='ltr'><strong>δόγματος,</strong></span> <span class='ocrx_word' id='word_1_214' title='bbox 1091 3006 1240 3072; x_wconf 73' lang='grc' dir='ltr'><strong>παρά</strong></span> <span class='ocrx_word' id='word_1_215' title='bbox 1291 3019 1351 3054; x_wconf 87' lang='grc' dir='ltr'><strong>τε</strong></span> <span class='ocrx_word' id='word_1_216' title='bbox 1403 3001 1690 3072; x_wconf 79' lang='grc' dir='ltr'><strong>[ἰατρικῶν</strong></span> <span class='ocrx_word' id='word_1_217' title='bbox 1720 3002 1854 3071; x_wconf 80' lang='grc' dir='ltr'><strong>χρή-</strong></span> 
     </span>
    </p>
   </div>
   <div class='ocr_carea' id='block_1_33' title="bbox 288 3093 1855 3165">
    <p class='ocr_par' dir='ltr' id='par_1_33' title="bbox 288 3093 1855 3165">
     <span class='ocr_line' id='line_1_33' title="bbox 288 3093 1855 3165; baseline 0.001 -20"><span class='ocrx_word' id='word_1_218' title='bbox 288 3110 446 3155; x_wconf 86' lang='grc' dir='ltr'><strong>σεων,</strong></span> <span class='ocrx_word' id='word_1_219' title='bbox 477 3093 540 3145; x_wconf 81' lang='grc' dir='ltr'><strong>ἐκ</strong></span> <span class='ocrx_word' id='word_1_220' title='bbox 590 3110 646 3145; x_wconf 89' lang='grc' dir='ltr'><strong>τε</strong></span> <span class='ocrx_word' id='word_1_221' title='bbox 685 3095 978 3147; x_wconf 79' lang='grc' dir='ltr'><strong>συνοδικων</strong></span> <span class='ocrx_word' id='word_1_222' title='bbox 1024 3095 1406 3165; x_wconf 82' lang='grc' dir='ltr'><strong>ἑκφωνήσεων,</strong></span> <span class='ocrx_word' id='word_1_223' title='bbox 1435 3095 1531 3147; x_wconf 79' lang='grc' dir='ltr'><strong>καὶ</strong></span> <span class='ocrx_word' id='word_1_224' title='bbox 1565 3094 1718 3164; x_wconf 89' lang='grc' dir='ltr'><strong>παρά</strong></span> <span class='ocrx_word' id='word_1_225' title='bbox 1755 3094 1855 3163; x_wconf 75' lang='grc' dir='ltr'><strong>ἀρο</strong></span> 
     </span>
    </p>
   </div>
   <div class='ocr_carea' id='block_1_34' title="bbox 287 3183 1854 3257">
    <p class='ocr_par' dir='ltr' id='par_1_34' title="bbox 287 3183 1854 3257">
     <span class='ocr_line' id='line_1_34' title="bbox 287 3183 1854 3257; baseline -0.001 -18"><span class='ocrx_word' id='word_1_226' title='bbox 287 3187 448 3257; x_wconf 86' lang='grc' dir='ltr'><strong>χαίας</strong></span> <span class='ocrx_word' id='word_1_227' title='bbox 495 3187 870 3256; x_wconf 85' lang='grc' dir='ltr'><strong>θεσμοθεσίας.</strong></span> <span class='ocrx_word' id='word_1_228' title='bbox 929 3187 1082 3240; x_wconf 82' lang='grc' dir='ltr'><strong>Κατά</strong></span> <span class='ocrx_word' id='word_1_229' title='bbox 1115 3189 1211 3256; x_wconf 84' lang='grc' dir='ltr'><strong>μὲν</strong></span> <span class='ocrx_word' id='word_1_230' title='bbox 1249 3183 1340 3240; x_wconf 83' lang='grc' dir='ltr'><strong>οὖν</strong></span> <span class='ocrx_word' id='word_1_231' title='bbox 1367 3186 1599 3256; x_wconf 81' lang='grc' dir='ltr'><strong>φυσικὴν</strong></span> <span class='ocrx_word' id='word_1_232' title='bbox 1628 3186 1854 3240; x_wconf 86' lang='grc' dir='ltr'><strong>ἀκολου-</strong></span> 
     </span>
    </p>
   </div>
   <div class='ocr_carea' id='block_1_35' title="bbox 1947 632 3304 703">
    <p class='ocr_par' dir='ltr' id='par_1_35' title="bbox 1947 632 3304 703">
     <span class='ocr_line' id='line_1_35' title="bbox 1947 632 3304 703; baseline 0 -16"><span class='ocrx_word' id='word_1_233' title='bbox 1947 633 2214 688; x_wconf 90' lang='lat' dir='ltr'><strong>sententia</strong></span> <span class='ocrx_word' id='word_1_234' title='bbox 2244 632 2421 703; x_wconf 85' lang='lat' dir='ltr'><strong>qualis</strong></span> <span class='ocrx_word' id='word_1_235' title='bbox 2445 635 2536 700; x_wconf 88' lang='lat' dir='ltr'><strong>sit,</strong></span> <span class='ocrx_word' id='word_1_236' title='bbox 2563 647 2788 688; x_wconf 89' lang='lat' dir='ltr'><strong>necesse</strong></span> <span class='ocrx_word' id='word_1_237' title='bbox 2817 633 3056 687; x_wconf 75' lang='lat' dir='ltr'><strong>arbitror</strong></span> <span class='ocrx_word' id='word_1_238' title='bbox 3081 633 3304 703; x_wconf 79' lang='lat' dir='ltr'><strong>exponi.</strong></span> 
     </span>
    </p>
   </div>
   <div class='ocr_carea' id='block_1_36' title="bbox 2015 897 3520 968">
    <p class='ocr_par' dir='ltr' id='par_1_36' title="bbox 2015 897 3520 968">
     <span class='ocr_line' id='line_1_36' title="bbox 2015 897 3520 968; baseline -0.004 -11"><span class='ocrx_word' id='word_1_239' title='bbox 2015 901 2303 957; x_wconf 88' lang='lat' dir='ltr'><strong>Credimus</strong></span> <span class='ocrx_word' id='word_1_240' title='bbox 2329 901 2383 955; x_wconf 94' lang='lat' dir='ltr'><strong>in</strong></span> <span class='ocrx_word' id='word_1_241' title='bbox 2413 915 2582 954; x_wconf 92' lang='lat' dir='ltr'><strong>unum</strong></span> <span class='ocrx_word' id='word_1_242' title='bbox 2625 898 2816 963; x_wconf 91' lang='lat' dir='ltr'><strong>Deum,</strong></span> <span class='ocrx_word' id='word_1_243' title='bbox 2856 897 2948 968; x_wconf 90' lang='lat' dir='ltr'><strong>qui</strong></span> <span class='ocrx_word' id='word_1_244' title='bbox 2983 898 3036 952; x_wconf 92' lang='lat' dir='ltr'><strong>in</strong></span> <span class='ocrx_word' id='word_1_245' title='bbox 3067 899 3246 964; x_wconf 86' lang='lat' dir='ltr'><strong>Patre,</strong></span> <span class='ocrx_word' id='word_1_246' title='bbox 3278 908 3331 954; x_wconf 92' lang='lat' dir='ltr'><strong>et</strong></span> <span class='ocrx_word' id='word_1_247' title='bbox 3360 898 3520 966; x_wconf 88' lang='lat' dir='ltr'><strong>Filio,</strong></span> 
     </span>
    </p>
   </div>
   <div class='ocr_carea' id='block_1_37' title="bbox 1945 988 3524 1064">
    <p class='ocr_par' dir='ltr' id='par_1_37' title="bbox 1945 988 3524 1064">
     <span class='ocr_line' id='line_1_37' title="bbox 1945 988 3524 1064; baseline -0.004 -16"><span class='ocrx_word' id='word_1_248' title='bbox 1945 1003 1998 1048; x_wconf 92' lang='lat' dir='ltr'><strong>et</strong></span> <span class='ocrx_word' id='word_1_249' title='bbox 2026 994 2231 1064; x_wconf 88' lang='lat' dir='ltr'><strong>Spiritu</strong></span> <span class='ocrx_word' id='word_1_250' title='bbox 2265 1003 2455 1048; x_wconf 90' lang='lat' dir='ltr'><strong>sancto</strong></span> <span class='ocrx_word' id='word_1_251' title='bbox 2497 991 2756 1046; x_wconf 88' lang='lat' dir='ltr'><strong>adoratur</strong></span> <span class='ocrx_word' id='word_1_252' title='bbox 2785 999 2838 1044; x_wconf 91' lang='lat' dir='ltr'><strong>et</strong></span> <span class='ocrx_word' id='word_1_253' title='bbox 2873 988 3315 1058; x_wconf 82' lang='lat' dir='ltr'><strong>conglorilicatur</strong></span> <span class='ocrx_word' id='word_1_254' title='bbox 3349 1003 3362 1042; x_wconf 89' lang='lat'><strong>:</strong></span> <span class='ocrx_word' id='word_1_255' title='bbox 3401 991 3524 1042; x_wconf 88' lang='lat' dir='ltr'><strong>lau-</strong></span> 
     </span>
    </p>
   </div>
   <div class='ocr_carea' id='block_1_38' title="bbox 1946 1078 3524 1151">
    <p class='ocr_par' dir='ltr' id='par_1_38' title="bbox 1946 1078 3524 1151">
     <span class='ocr_line' id='line_1_38' title="bbox 1946 1078 3524 1151; baseline -0.006 -11"><span class='ocrx_word' id='word_1_256' title='bbox 1946 1087 2284 1140; x_wconf 85' lang='lat' dir='ltr'><strong>datissimam</strong></span> <span class='ocrx_word' id='word_1_257' title='bbox 2334 1085 2577 1138; x_wconf 90' lang='lat' dir='ltr'><strong>omnium</strong></span> <span class='ocrx_word' id='word_1_258' title='bbox 2622 1083 2944 1137; x_wconf 76' lang='lat' dir='ltr'><strong>ell‘ectricem</strong></span> <span class='ocrx_word' id='word_1_259' title='bbox 2975 1092 3028 1136; x_wconf 92' lang='lat' dir='ltr'><strong>et</strong></span> <span class='ocrx_word' id='word_1_260' title='bbox 3056 1082 3352 1151; x_wconf 89' lang='lat' dir='ltr'><strong>principem</strong></span> <span class='ocrx_word' id='word_1_261' title='bbox 3400 1078 3524 1132; x_wconf 84' lang='lat' dir='ltr'><strong>Tri-</strong></span> 
     </span>
    </p>
   </div>
   <div class='ocr_carea' id='block_1_39' title="bbox 1948 1173 3515 1246">
    <p class='ocr_par' dir='ltr' id='par_1_39' title="bbox 1948 1173 3515 1246">
     <span class='ocr_line' id='line_1_39' title="bbox 1948 1173 3515 1246; baseline -0.006 -12"><span class='ocrx_word' id='word_1_262' title='bbox 1948 1180 2193 1240; x_wconf 89' lang='lat' dir='ltr'><strong>nitatem,</strong></span> <span class='ocrx_word' id='word_1_263' title='bbox 2217 1178 2371 1246; x_wconf 79' lang='lat' dir='ltr'><strong>juxta</strong></span> <span class='ocrx_word' id='word_1_264' title='bbox 2403 1177 2560 1231; x_wconf 90' lang='lat' dir='ltr'><strong>nobis</strong></span> <span class='ocrx_word' id='word_1_265' title='bbox 2585 1175 2842 1229; x_wconf 85' lang='lat' dir='ltr'><strong>traditum</strong></span> <span class='ocrx_word' id='word_1_266' title='bbox 2870 1189 2899 1227; x_wconf 92' lang='lat' dir='ltr'><strong>a</strong></span> <span class='ocrx_word' id='word_1_267' title='bbox 2933 1175 3190 1228; x_wconf 84' lang='lat' dir='ltr'><strong>trecentis</strong></span> <span class='ocrx_word' id='word_1_268' title='bbox 3212 1173 3515 1226; x_wconf 83' lang='lat' dir='ltr'><strong>octodecim</strong></span> 
     </span>
    </p>
   </div>
   <div class='ocr_carea' id='block_1_40' title="bbox 1947 1265 3518 1339">
    <p class='ocr_par' dir='ltr' id='par_1_40' title="bbox 1947 1265 3518 1339">
     <span class='ocr_line' id='line_1_40' title="bbox 1947 1265 3518 1339; baseline -0.005 -15"><span class='ocrx_word' id='word_1_269' title='bbox 1947 1271 2151 1324; x_wconf 87' lang='lat' dir='ltr'><strong>sanctis</strong></span> <span class='ocrx_word' id='word_1_270' title='bbox 2198 1268 2448 1324; x_wconf 89' lang='lat' dir='ltr'><strong>Patribns</strong></span> <span class='ocrx_word' id='word_1_271' title='bbox 2487 1268 2791 1339; x_wconf 86' lang='lat' dir='ltr'><strong>symbolum</strong></span> <span class='ocrx_word' id='word_1_272' title='bbox 2841 1266 3106 1322; x_wconf 92' lang='lat' dir='ltr'><strong>divinitus</strong></span> <span class='ocrx_word' id='word_1_273' title='bbox 3145 1265 3473 1334; x_wconf 89' lang='lat' dir='ltr'><strong>inspiratum</strong></span> <span class='ocrx_word' id='word_1_274' title='bbox 3505 1280 3518 1316; x_wconf 90' lang='lat'><strong>:</strong></span> 
     </span>
    </p>
   </div>
   <div class='ocr_carea' id='block_1_41' title="bbox 1949 1356 3522 1432">
    <p class='ocr_par' dir='ltr' id='par_1_41' title="bbox 1949 1356 3522 1432">
     <span class='ocr_line' id='line_1_41' title="bbox 1949 1356 3522 1432; baseline -0.004 -16"><span class='ocrx_word' id='word_1_275' title='bbox 1949 1377 2043 1432; x_wconf 94' lang='lat' dir='ltr'><strong>per</strong></span> <span class='ocrx_word' id='word_1_276' title='bbox 2071 1363 2212 1430; x_wconf 90' lang='lat' dir='ltr'><strong>quod</strong></span> <span class='ocrx_word' id='word_1_277' title='bbox 2246 1361 2427 1415; x_wconf 90' lang='lat' dir='ltr'><strong>omnis</strong></span> <span class='ocrx_word' id='word_1_278' title='bbox 2454 1361 2679 1414; x_wconf 82' lang='lat' dir='ltr'><strong>haeresis</strong></span> <span class='ocrx_word' id='word_1_279' title='bbox 2697 1360 2919 1427; x_wconf 74' lang='lat' dir='ltr'><strong>explosa</strong></span> <span class='ocrx_word' id='word_1_280' title='bbox 2949 1366 3050 1420; x_wconf 88' lang='lat' dir='ltr'><strong>est,</strong></span> <span class='ocrx_word' id='word_1_281' title='bbox 3075 1367 3128 1410; x_wconf 88' lang='lat' dir='ltr'><strong>et</strong></span> <span class='ocrx_word' id='word_1_282' title='bbox 3155 1373 3183 1410; x_wconf 90' lang='lat' dir='ltr'><strong>a</strong></span> <span class='ocrx_word' id='word_1_283' title='bbox 3203 1371 3313 1427; x_wconf 95' lang='lat' dir='ltr'><strong>quo</strong></span> <span class='ocrx_word' id='word_1_284' title='bbox 3339 1356 3522 1410; x_wconf 90' lang='lat' dir='ltr'><strong>omnis</strong></span> 
     </span>
    </p>
   </div>
   <div class='ocr_carea' id='block_1_42' title="bbox 1949 1447 3524 1521">
    <p class='ocr_par' dir='ltr' id='par_1_42' title="bbox 1949 1447 3524 1521">
     <span class='ocr_line' id='line_1_42' title="bbox 1949 1447 3524 1521; baseline -0.005 -15"><span class='ocrx_word' id='word_1_285' title='bbox 1949 1461 2136 1506; x_wconf 87' lang='lat' dir='ltr'><strong>sancta</strong></span> <span class='ocrx_word' id='word_1_286' title='bbox 2169 1451 2408 1521; x_wconf 86' lang='lat' dir='ltr'><strong>synodus</strong></span> <span class='ocrx_word' id='word_1_287' title='bbox 2439 1450 2667 1518; x_wconf 85' lang='lat' dir='ltr'><strong>pendet,</strong></span> <span class='ocrx_word' id='word_1_288' title='bbox 2697 1460 2954 1517; x_wconf 89' lang='lat' dir='ltr'><strong>tanquam</strong></span> <span class='ocrx_word' id='word_1_289' title='bbox 2988 1447 3124 1500; x_wconf 88' lang='lat' dir='ltr'><strong>rami</strong></span> <span class='ocrx_word' id='word_1_290' title='bbox 3157 1462 3187 1500; x_wconf 87' lang='lat' dir='ltr'><strong>a</strong></span> <span class='ocrx_word' id='word_1_291' title='bbox 3225 1447 3429 1510; x_wconf 89' lang='lat' dir='ltr'><strong>radice,</strong></span> <span class='ocrx_word' id='word_1_292' title='bbox 3469 1454 3524 1499; x_wconf 91' lang='lat' dir='ltr'><strong>et</strong></span> 
     </span>
    </p>
   </div>
   <div class='ocr_carea' id='block_1_43' title="bbox 1950 1537 3521 1609">
    <p class='ocr_par' dir='ltr' id='par_1_43' title="bbox 1950 1537 3521 1609">
     <span class='ocr_line' id='line_1_43' title="bbox 1950 1537 3521 1609; baseline -0.006 -11"><span class='ocrx_word' id='word_1_293' title='bbox 1950 1559 1981 1598; x_wconf 90' lang='lat' dir='ltr'><strong>a</strong></span> <span class='ocrx_word' id='word_1_294' title='bbox 2018 1543 2165 1598; x_wconf 80' lang='lat' dir='ltr'><strong>fonte</strong></span> <span class='ocrx_word' id='word_1_295' title='bbox 2202 1542 2370 1596; x_wconf 84' lang='lat' dir='ltr'><strong>ﬂuvii.</strong></span> <span class='ocrx_word' id='word_1_296' title='bbox 2405 1541 2540 1595; x_wconf 87' lang='lat' dir='ltr'><strong>Hinc</strong></span> <span class='ocrx_word' id='word_1_297' title='bbox 2574 1541 2717 1595; x_wconf 90' lang='lat' dir='ltr'><strong>enim</strong></span> <span class='ocrx_word' id='word_1_298' title='bbox 2765 1542 3005 1594; x_wconf 84' lang='lat' dir='ltr'><strong>secunda</strong></span> <span class='ocrx_word' id='word_1_299' title='bbox 3038 1538 3317 1609; x_wconf 85' lang='lat' dir='ltr'><strong>propriam</strong></span> <span class='ocrx_word' id='word_1_300' title='bbox 3346 1537 3521 1606; x_wconf 91' lang='lat' dir='ltr'><strong>Spiri-</strong></span> 
     </span>
    </p>
   </div>
   <div class='ocr_carea' id='block_1_44' title="bbox 1952 1628 3522 1690">
    <p class='ocr_par' dir='ltr' id='par_1_44' title="bbox 1952 1628 3522 1690">
     <span class='ocr_line' id='line_1_44' title="bbox 1952 1628 3522 1690; baseline -0.005 0"><span class='ocrx_word' id='word_1_301' title='bbox 1952 1646 2038 1690; x_wconf 88' lang='lat' dir='ltr'><strong>tus</strong></span> <span class='ocrx_word' id='word_1_302' title='bbox 2089 1649 2269 1688; x_wconf 86' lang='lat' dir='ltr'><strong>vocem</strong></span> <span class='ocrx_word' id='word_1_303' title='bbox 2313 1633 2624 1687; x_wconf 78' lang='lat' dir='ltr'><strong>declaravit.</strong></span> <span class='ocrx_word' id='word_1_304' title='bbox 2661 1631 2791 1685; x_wconf 86' lang='lat' dir='ltr'><strong>Dein</strong></span> <span class='ocrx_word' id='word_1_305' title='bbox 2817 1632 2972 1685; x_wconf 90' lang='lat' dir='ltr'><strong>tertia</strong></span> <span class='ocrx_word' id='word_1_306' title='bbox 3021 1641 3266 1685; x_wconf 80' lang='lat' dir='ltr'><strong>sanctam</strong></span> <span class='ocrx_word' id='word_1_307' title='bbox 3298 1628 3522 1682; x_wconf 84' lang='lat' dir='ltr'><strong>Mariam</strong></span> 
     </span>
    </p>
   </div>
   <div class='ocr_carea' id='block_1_45' title="bbox 1952 1719 3521 1796">
    <p class='ocr_par' dir='ltr' id='par_1_45' title="bbox 1952 1719 3521 1796">
     <span class='ocr_line' id='line_1_45' title="bbox 1952 1719 3521 1796; baseline -0.005 -16"><span class='ocrx_word' id='word_1_308' title='bbox 1952 1726 2261 1796; x_wconf 86' lang='lat' dir='ltr'><strong>Deiparam,</strong></span> <span class='ocrx_word' id='word_1_309' title='bbox 2335 1735 2396 1779; x_wconf 91' lang='lat' dir='ltr'><strong>ut</strong></span> <span class='ocrx_word' id='word_1_310' title='bbox 2450 1740 2570 1793; x_wconf 75' lang='lat' dir='ltr'><strong>qua:</strong></span> <span class='ocrx_word' id='word_1_311' title='bbox 2622 1724 2797 1792; x_wconf 90' lang='lat' dir='ltr'><strong>ipsum</strong></span> <span class='ocrx_word' id='word_1_312' title='bbox 2834 1723 3172 1791; x_wconf 90' lang='lat' dir='ltr'><strong>unigenitum</strong></span> <span class='ocrx_word' id='word_1_313' title='bbox 3199 1721 3290 1775; x_wconf 88' lang='lat' dir='ltr'><strong>Dei</strong></span> <span class='ocrx_word' id='word_1_314' title='bbox 3325 1719 3521 1774; x_wconf 86' lang='lat' dir='ltr'><strong>Filium</strong></span> 
     </span>
    </p>
   </div>
   <div class='ocr_carea' id='block_1_46' title="bbox 1952 1811 3526 1884">
    <p class='ocr_par' dir='ltr' id='par_1_46' title="bbox 1952 1811 3526 1884">
     <span class='ocr_line' id='line_1_46' title="bbox 1952 1811 3526 1884; baseline -0.007 -13"><span class='ocrx_word' id='word_1_315' title='bbox 1952 1818 2111 1871; x_wconf 81' lang='lat' dir='ltr'><strong>enixa</strong></span> <span class='ocrx_word' id='word_1_316' title='bbox 2137 1823 2303 1878; x_wconf 84' lang='lat' dir='ltr'><strong>esset,</strong></span> <span class='ocrx_word' id='word_1_317' title='bbox 2330 1815 2717 1884; x_wconf 81' lang='lat' dir='ltr'><strong>pronuntiavit.</strong></span> <span class='ocrx_word' id='word_1_318' title='bbox 2750 1812 2886 1866; x_wconf 90' lang='lat' dir='ltr'><strong>Tum</strong></span> <span class='ocrx_word' id='word_1_319' title='bbox 2915 1821 3107 1881; x_wconf 87' lang='lat' dir='ltr'><strong>quarta</strong></span> <span class='ocrx_word' id='word_1_320' title='bbox 3140 1826 3204 1864; x_wconf 82' lang='lat' dir='ltr'><strong>ex</strong></span> <span class='ocrx_word' id='word_1_321' title='bbox 3228 1811 3441 1864; x_wconf 87' lang='lat' dir='ltr'><strong>duabus</strong></span> <span class='ocrx_word' id='word_1_322' title='bbox 3470 1815 3526 1862; x_wconf 89' lang='lat' dir='ltr'><strong>et</strong></span> 
     </span>
    </p>
   </div>
   <div class='ocr_carea' id='block_1_47' title="bbox 1952 1900 3522 1973">
    <p class='ocr_par' dir='ltr' id='par_1_47' title="bbox 1952 1900 3522 1973">
     <span class='ocr_line' id='line_1_47' title="bbox 1952 1900 3522 1973; baseline -0.006 -12"><span class='ocrx_word' id='word_1_323' title='bbox 1952 1907 2005 1961; x_wconf 92' lang='lat' dir='ltr'><strong>in</strong></span> <span class='ocrx_word' id='word_1_324' title='bbox 2046 1907 2258 1961; x_wconf 91' lang='lat' dir='ltr'><strong>duabus</strong></span> <span class='ocrx_word' id='word_1_325' title='bbox 2312 1906 2523 1959; x_wconf 81' lang='lat' dir='ltr'><strong>naturis</strong></span> <span class='ocrx_word' id='word_1_326' title='bbox 2553 1904 2882 1973; x_wconf 84' lang='lat' dir='ltr'><strong>singularem</strong></span> <span class='ocrx_word' id='word_1_327' title='bbox 2928 1901 3228 1955; x_wconf 90' lang='lat' dir='ltr'><strong>secundum</strong></span> <span class='ocrx_word' id='word_1_328' title='bbox 3258 1900 3522 1969; x_wconf 58' lang='lat' dir='ltr'><strong>hypostao</strong></span> 
     </span>
    </p>
   </div>
   <div class='ocr_carea' id='block_1_48' title="bbox 1952 1988 3520 2054">
    <p class='ocr_par' dir='ltr' id='par_1_48' title="bbox 1952 1988 3520 2054">
     <span class='ocr_line' id='line_1_48' title="bbox 1952 1988 3520 2054; baseline -0.008 0"><span class='ocrx_word' id='word_1_329' title='bbox 1952 1999 2054 2054; x_wconf 88' lang='lat' dir='ltr'><strong>sim</strong></span> <span class='ocrx_word' id='word_1_330' title='bbox 2111 1996 2396 2052; x_wconf 85' lang='lat' dir='ltr'><strong>Dominum</strong></span> <span class='ocrx_word' id='word_1_331' title='bbox 2452 2004 2696 2049; x_wconf 90' lang='lat' dir='ltr'><strong>nostrum</strong></span> <span class='ocrx_word' id='word_1_332' title='bbox 2747 1991 2930 2047; x_wconf 88' lang='lat' dir='ltr'><strong>Jesum</strong></span> <span class='ocrx_word' id='word_1_333' title='bbox 2960 1990 3237 2046; x_wconf 90' lang='lat' dir='ltr'><strong>Christum</strong></span> <span class='ocrx_word' id='word_1_334' title='bbox 3266 1988 3520 2044; x_wconf 89' lang='lat' dir='ltr'><strong>asseruit.</strong></span> 
     </span>
    </p>
   </div>
   <div class='ocr_carea' id='block_1_49' title="bbox 1950 2081 3526 2158">
    <p class='ocr_par' dir='ltr' id='par_1_49' title="bbox 1950 2081 3526 2158">
     <span class='ocr_line' id='line_1_49' title="bbox 1950 2081 3526 2158; baseline -0.007 -13"><span class='ocrx_word' id='word_1_335' title='bbox 1950 2090 2301 2145; x_wconf 89' lang='lat' dir='ltr'><strong>Postmodum</strong></span> <span class='ocrx_word' id='word_1_336' title='bbox 2332 2088 2539 2158; x_wconf 92' lang='lat' dir='ltr'><strong>quinta,</strong></span> <span class='ocrx_word' id='word_1_337' title='bbox 2595 2102 2714 2141; x_wconf 91' lang='lat' dir='ltr'><strong>eam</strong></span> <span class='ocrx_word' id='word_1_338' title='bbox 2763 2101 2884 2156; x_wconf 70' lang='lat' dir='ltr'><strong>quae</strong></span> <span class='ocrx_word' id='word_1_339' title='bbox 2938 2089 3292 2153; x_wconf 69' lang='lat' dir='ltr'><strong>praecesserat</strong></span> <span class='ocrx_word' id='word_1_340' title='bbox 3344 2081 3526 2136; x_wconf 89' lang='lat' dir='ltr'><strong>consi-</strong></span> 
     </span>
    </p>
   </div>
   <div class='ocr_carea' id='block_1_50' title="bbox 1951 2172 3522 2255">
    <p class='ocr_par' dir='ltr' id='par_1_50' title="bbox 1951 2172 3522 2255">
     <span class='ocr_line' id='line_1_50' title="bbox 1951 2172 3522 2255; baseline -0.008 -17"><span class='ocrx_word' id='word_1_341' title='bbox 1951 2200 2143 2255; x_wconf 87' lang='lat' dir='ltr'><strong>gnans,</strong></span> <span class='ocrx_word' id='word_1_342' title='bbox 2186 2181 2492 2252; x_wconf 90' lang='lat' dir='ltr'><strong>Origenem,</strong></span> <span class='ocrx_word' id='word_1_343' title='bbox 2561 2188 2613 2234; x_wconf 91' lang='lat' dir='ltr'><strong>et</strong></span> <span class='ocrx_word' id='word_1_344' title='bbox 2645 2178 2882 2233; x_wconf 87' lang='lat' dir='ltr'><strong>asseclas</strong></span> <span class='ocrx_word' id='word_1_345' title='bbox 2925 2177 3096 2246; x_wconf 93' lang='lat' dir='ltr'><strong>ipsius</strong></span> <span class='ocrx_word' id='word_1_346' title='bbox 3134 2172 3522 2245; x_wconf 83' lang='lat' dir='ltr'><strong>Prohyparcti-</strong></span> 
     </span>
    </p>
   </div>
   <div class='ocr_carea' id='block_1_51' title="bbox 1951 2268 3529 2348">
    <p class='ocr_par' dir='ltr' id='par_1_51' title="bbox 1951 2268 3529 2348">
     <span class='ocr_line' id='line_1_51' title="bbox 1951 2268 3529 2348; baseline -0.01 -16"><span class='ocrx_word' id='word_1_347' title='bbox 1951 2288 2035 2334; x_wconf 89' lang='lat' dir='ltr'><strong>tas</strong></span> <span class='ocrx_word' id='word_1_348' title='bbox 2066 2277 2220 2348; x_wconf 74' lang='lat'><strong>(93“)</strong></span> <span class='ocrx_word' id='word_1_349' title='bbox 2249 2274 2593 2329; x_wconf 88' lang='lat' dir='ltr'><strong>anathemate</strong></span> <span class='ocrx_word' id='word_1_350' title='bbox 2623 2271 2918 2326; x_wconf 87' lang='lat' dir='ltr'><strong>damnavit.</strong></span> <span class='ocrx_word' id='word_1_351' title='bbox 2956 2268 3092 2323; x_wconf 90' lang='lat' dir='ltr'><strong>Tum</strong></span> <span class='ocrx_word' id='word_1_352' title='bbox 3117 2276 3289 2331; x_wconf 78' lang='lat' dir='ltr'><strong>sexta,</strong></span> <span class='ocrx_word' id='word_1_353' title='bbox 3334 2280 3529 2319; x_wconf 82' lang='lat' dir='ltr'><strong>conse-</strong></span> 
     </span>
    </p>
   </div>
   <div class='ocr_carea' id='block_1_52' title="bbox 1949 2359 3527 2441">
    <p class='ocr_par' dir='ltr' id='par_1_52' title="bbox 1949 2359 3527 2441">
     <span class='ocr_line' id='line_1_52' title="bbox 1949 2359 3527 2441; baseline -0.01 -16"><span class='ocrx_word' id='word_1_354' title='bbox 1949 2381 2179 2441; x_wconf 87' lang='lat' dir='ltr'><strong>quenter</strong></span> <span class='ocrx_word' id='word_1_355' title='bbox 2206 2369 2269 2422; x_wconf 86' lang='lat' dir='ltr'><strong>ad</strong></span> <span class='ocrx_word' id='word_1_356' title='bbox 2330 2369 2462 2420; x_wconf 84' lang='lat' dir='ltr'><strong>duas</strong></span> <span class='ocrx_word' id='word_1_357' title='bbox 2489 2373 2736 2429; x_wconf 84' lang='lat' dir='ltr'><strong>naturas,</strong></span> <span class='ocrx_word' id='word_1_358' title='bbox 2787 2365 2924 2417; x_wconf 88' lang='lat' dir='ltr'><strong>duas</strong></span> <span class='ocrx_word' id='word_1_359' title='bbox 2968 2376 3188 2431; x_wconf 90' lang='lat' dir='ltr'><strong>quoque</strong></span> <span class='ocrx_word' id='word_1_360' title='bbox 3217 2359 3527 2412; x_wconf 79' lang='lat' dir='ltr'><strong>voluntates</strong></span> 
     </span>
    </p>
   </div>
   <div class='ocr_carea' id='block_1_53' title="bbox 1949 2450 3523 2530">
    <p class='ocr_par' dir='ltr' id='par_1_53' title="bbox 1949 2450 3523 2530">
     <span class='ocr_line' id='line_1_53' title="bbox 1949 2450 3523 2530; baseline -0.009 -14"><span class='ocrx_word' id='word_1_361' title='bbox 1949 2470 2002 2517; x_wconf 90' lang='lat' dir='ltr'><strong>et</strong></span> <span class='ocrx_word' id='word_1_362' title='bbox 2025 2460 2370 2530; x_wconf 89' lang='lat' dir='ltr'><strong>operationes</strong></span> <span class='ocrx_word' id='word_1_363' title='bbox 2407 2461 2461 2513; x_wconf 90' lang='lat' dir='ltr'><strong>in</strong></span> <span class='ocrx_word' id='word_1_364' title='bbox 2491 2472 2600 2512; x_wconf 92' lang='lat' dir='ltr'><strong>uno</strong></span> <span class='ocrx_word' id='word_1_365' title='bbox 2633 2457 2854 2512; x_wconf 87' lang='lat' dir='ltr'><strong>Christo</strong></span> <span class='ocrx_word' id='word_1_366' title='bbox 2894 2469 3016 2509; x_wconf 89' lang='lat' dir='ltr'><strong>esse</strong></span> <span class='ocrx_word' id='word_1_367' title='bbox 3049 2453 3253 2507; x_wconf 91' lang='lat' dir='ltr'><strong>docuit.</strong></span> <span class='ocrx_word' id='word_1_368' title='bbox 3293 2450 3523 2504; x_wconf 88' lang='lat' dir='ltr'><strong>Demum</strong></span> 
     </span>
    </p>
   </div>
   <div class='ocr_carea' id='block_1_54' title="bbox 1950 2538 3521 2624">
    <p class='ocr_par' dir='ltr' id='par_1_54' title="bbox 1950 2538 3521 2624">
     <span class='ocr_line' id='line_1_54' title="bbox 1950 2538 3521 2624; baseline -0.009 -16"><span class='ocrx_word' id='word_1_369' title='bbox 1950 2554 2199 2624; x_wconf 89' lang='lat' dir='ltr'><strong>septima,</strong></span> <span class='ocrx_word' id='word_1_370' title='bbox 2227 2538 2540 2622; x_wconf 80' lang='lat' dir='ltr'><strong>superiOres</strong></span> <span class='ocrx_word' id='word_1_371' title='bbox 2567 2565 2822 2619; x_wconf 83' lang='lat' dir='ltr'><strong>sequens,</strong></span> <span class='ocrx_word' id='word_1_372' title='bbox 2859 2547 2934 2601; x_wconf 94' lang='lat' dir='ltr'><strong>uti</strong></span> <span class='ocrx_word' id='word_1_373' title='bbox 2979 2545 3223 2613; x_wconf 88' lang='lat' dir='ltr'><strong>duplices</strong></span> <span class='ocrx_word' id='word_1_374' title='bbox 3243 2557 3435 2596; x_wconf 89' lang='lat' dir='ltr'><strong>omnes</strong></span> <span class='ocrx_word' id='word_1_375' title='bbox 3469 2541 3521 2594; x_wconf 92' lang='lat' dir='ltr'><strong>in</strong></span> 
     </span>
    </p>
   </div>
   <div class='ocr_carea' id='block_1_55' title="bbox 1951 2630 3526 2709">
    <p class='ocr_par' dir='ltr' id='par_1_55' title="bbox 1951 2630 3526 2709">
     <span class='ocr_line' id='line_1_55' title="bbox 1951 2630 3526 2709; baseline -0.011 -10"><span class='ocrx_word' id='word_1_376' title='bbox 1951 2660 2059 2699; x_wconf 90' lang='lat' dir='ltr'><strong>uno</strong></span> <span class='ocrx_word' id='word_1_377' title='bbox 2091 2643 2309 2698; x_wconf 84' lang='lat' dir='ltr'><strong>Christo</strong></span> <span class='ocrx_word' id='word_1_378' title='bbox 2343 2641 2618 2696; x_wconf 87' lang='lat' dir='ltr'><strong>naturales</strong></span> <span class='ocrx_word' id='word_1_379' title='bbox 2643 2639 3026 2709; x_wconf 85' lang='lat' dir='ltr'><strong>proprietates,</strong></span> <span class='ocrx_word' id='word_1_380' title='bbox 3057 2635 3128 2688; x_wconf 83' lang='lat' dir='ltr'><strong>ita</strong></span> <span class='ocrx_word' id='word_1_381' title='bbox 3157 2632 3406 2688; x_wconf 91' lang='lat' dir='ltr'><strong>eumdem</strong></span> <span class='ocrx_word' id='word_1_382' title='bbox 3441 2630 3526 2683; x_wconf 87' lang='lat' dir='ltr'><strong>in-</strong></span> 
     </span>
    </p>
   </div>
   <div class='ocr_carea' id='block_1_56' title="bbox 1950 2726 3526 2806">
    <p class='ocr_par' dir='ltr' id='par_1_56' title="bbox 1950 2726 3526 2806">
     <span class='ocr_line' id='line_1_56' title="bbox 1950 2726 3526 2806; baseline -0.011 -14"><span class='ocrx_word' id='word_1_383' title='bbox 1950 2736 2426 2806; x_wconf 91' lang='lat' dir='ltr'><strong>circumscriptum</strong></span> <span class='ocrx_word' id='word_1_384' title='bbox 2481 2733 2635 2802; x_wconf 80' lang='lat' dir='ltr'><strong>juxta</strong></span> <span class='ocrx_word' id='word_1_385' title='bbox 2667 2732 2718 2785; x_wconf 90' lang='lat' dir='ltr'><strong>id</strong></span> <span class='ocrx_word' id='word_1_386' title='bbox 2765 2729 2909 2801; x_wconf 88' lang='lat' dir='ltr'><strong>quod</strong></span> <span class='ocrx_word' id='word_1_387' title='bbox 2940 2744 3048 2783; x_wconf 92' lang='lat' dir='ltr'><strong>non</strong></span> <span class='ocrx_word' id='word_1_388' title='bbox 3105 2727 3347 2781; x_wconf 89' lang='lat' dir='ltr'><strong>cernitur</strong></span> <span class='ocrx_word' id='word_1_389' title='bbox 3370 2763 3385 2788; x_wconf 93' lang='lat'><strong>,</strong></span> <span class='ocrx_word' id='word_1_390' title='bbox 3419 2726 3526 2776; x_wconf 89' lang='lat' dir='ltr'><strong>cir-</strong></span> 
     </span>
    </p>
   </div>
   <div class='ocr_carea' id='block_1_57' title="bbox 1951 2817 3526 2898">
    <p class='ocr_par' dir='ltr' id='par_1_57' title="bbox 1951 2817 3526 2898">
     <span class='ocr_line' id='line_1_57' title="bbox 1951 2817 3526 2898; baseline -0.011 -14"><span class='ocrx_word' id='word_1_391' title='bbox 1951 2829 2346 2898; x_wconf 90' lang='lat' dir='ltr'><strong>cumscriptum</strong></span> <span class='ocrx_word' id='word_1_392' title='bbox 2395 2841 2524 2880; x_wconf 88' lang='lat' dir='ltr'><strong>vero</strong></span> <span class='ocrx_word' id='word_1_393' title='bbox 2578 2825 2734 2896; x_wconf 82' lang='lat' dir='ltr'><strong>juxta</strong></span> <span class='ocrx_word' id='word_1_394' title='bbox 2786 2823 2840 2876; x_wconf 89' lang='lat' dir='ltr'><strong>id</strong></span> <span class='ocrx_word' id='word_1_395' title='bbox 2897 2821 3040 2889; x_wconf 93' lang='lat' dir='ltr'><strong>quod</strong></span> <span class='ocrx_word' id='word_1_396' title='bbox 3089 2817 3352 2880; x_wconf 92' lang='lat' dir='ltr'><strong>cernitur,</strong></span> <span class='ocrx_word' id='word_1_397' title='bbox 3404 2829 3526 2868; x_wconf 88' lang='lat' dir='ltr'><strong>esse</strong></span> 
     </span>
    </p>
   </div>
   <div class='ocr_carea' id='block_1_58' title="bbox 1951 2905 3527 2986">
    <p class='ocr_par' dir='ltr' id='par_1_58' title="bbox 1951 2905 3527 2986">
     <span class='ocr_line' id='line_1_58' title="bbox 1951 2905 3527 2986; baseline -0.012 -12"><span class='ocrx_word' id='word_1_398' title='bbox 1951 2918 2176 2974; x_wconf 79' lang='lat' dir='ltr'><strong>sanxit:</strong></span> <span class='ocrx_word' id='word_1_399' title='bbox 2217 2915 2499 2986; x_wconf 87' lang='lat' dir='ltr'><strong>quaternis</strong></span> <span class='ocrx_word' id='word_1_400' title='bbox 2545 2914 2721 2967; x_wconf 91' lang='lat' dir='ltr'><strong>modis</strong></span> <span class='ocrx_word' id='word_1_401' title='bbox 2772 2909 3053 2964; x_wconf 78' lang='lat' dir='ltr'><strong>fundatam</strong></span> <span class='ocrx_word' id='word_1_402' title='bbox 3107 2916 3300 2960; x_wconf 89' lang='lat' dir='ltr'><strong>tenens</strong></span> <span class='ocrx_word' id='word_1_403' title='bbox 3334 2905 3527 2957; x_wconf 84' lang='lat' dir='ltr'><strong>verita-</strong></span> 
     </span>
    </p>
   </div>
   <div class='ocr_carea' id='block_1_59' title="bbox 1953 2995 3523 3066">
    <p class='ocr_par' dir='ltr' id='par_1_59' title="bbox 1953 2995 3523 3066">
     <span class='ocr_line' id='line_1_59' title="bbox 1953 2995 3523 3066; baseline -0.013 0"><span class='ocrx_word' id='word_1_404' title='bbox 1953 3021 2094 3066; x_wconf 91' lang='lat' dir='ltr'><strong>tem:</strong></span> <span class='ocrx_word' id='word_1_405' title='bbox 2157 3025 2220 3063; x_wconf 81' lang='lat' dir='ltr'><strong>ex</strong></span> <span class='ocrx_word' id='word_1_406' title='bbox 2268 3007 2500 3061; x_wconf 88' lang='lat' dir='ltr'><strong>naturali</strong></span> <span class='ocrx_word' id='word_1_407' title='bbox 2548 3004 2801 3057; x_wconf 89' lang='lat' dir='ltr'><strong>nimirum</strong></span> <span class='ocrx_word' id='word_1_408' title='bbox 2857 3000 3128 3064; x_wconf 91' lang='lat' dir='ltr'><strong>doctrina,</strong></span> <span class='ocrx_word' id='word_1_409' title='bbox 3186 3012 3252 3051; x_wconf 80' lang='lat' dir='ltr'><strong>ex</strong></span> <span class='ocrx_word' id='word_1_410' title='bbox 3299 2995 3523 3048; x_wconf 88' lang='lat' dir='ltr'><strong>Patrum</strong></span> 
     </span>
    </p>
   </div>
   <div class='ocr_carea' id='block_1_60' title="bbox 1953 3087 3525 3168">
    <p class='ocr_par' dir='ltr' id='par_1_60' title="bbox 1953 3087 3525 3168">
     <span class='ocr_line' id='line_1_60' title="bbox 1953 3087 3525 3168; baseline -0.013 -9"><span class='ocrx_word' id='word_1_411' title='bbox 1953 3102 2392 3164; x_wconf 87' lang='lat' dir='ltr'><strong>auctoritatibus,</strong></span> <span class='ocrx_word' id='word_1_412' title='bbox 2421 3115 2486 3153; x_wconf 80' lang='lat' dir='ltr'><strong>ex</strong></span> <span class='ocrx_word' id='word_1_413' title='bbox 2525 3097 2798 3168; x_wconf 88' lang='lat' dir='ltr'><strong>synodicis</strong></span> <span class='ocrx_word' id='word_1_414' title='bbox 2825 3092 3081 3155; x_wconf 89' lang='lat' dir='ltr'><strong>decretis,</strong></span> <span class='ocrx_word' id='word_1_415' title='bbox 3117 3101 3169 3145; x_wconf 90' lang='lat' dir='ltr'><strong>et</strong></span> <span class='ocrx_word' id='word_1_416' title='bbox 3200 3105 3264 3144; x_wconf 82' lang='lat' dir='ltr'><strong>ex</strong></span> <span class='ocrx_word' id='word_1_417' title='bbox 3299 3087 3525 3156; x_wconf 89' lang='lat' dir='ltr'><strong>antiqua</strong></span> 
     </span>
    </p>
   </div>
   <div class='ocr_carea' id='block_1_61' title="bbox 1955 3182 3524 3249">
    <p class='ocr_par' dir='ltr' id='par_1_61' title="bbox 1955 3182 3524 3249">
     <span class='ocr_line' id='line_1_61' title="bbox 1955 3182 3524 3249; baseline -0.011 0"><span class='ocrx_word' id='word_1_418' title='bbox 1955 3191 2369 3249; x_wconf 86' lang='lat' dir='ltr'><strong>consuetudine.</strong></span> <span class='ocrx_word' id='word_1_419' title='bbox 2435 3187 2746 3242; x_wconf 91' lang='lat' dir='ltr'><strong>Secundum</strong></span> <span class='ocrx_word' id='word_1_420' title='bbox 2803 3182 3107 3237; x_wconf 87' lang='lat' dir='ltr'><strong>naturalem</strong></span> <span class='ocrx_word' id='word_1_421' title='bbox 3171 3195 3299 3247; x_wconf 89' lang='lat' dir='ltr'><strong>ergo</strong></span> <span class='ocrx_word' id='word_1_422' title='bbox 3327 3192 3524 3232; x_wconf 85' lang='lat' dir='ltr'><strong>conse-</strong></span> 
     </span>
    </p>
   </div>
   <div class='ocr_carea' id='block_1_62' title="bbox 290 3267 1860 3356">
    <p class='ocr_par' dir='ltr' id='par_1_62' title="bbox 290 3276 1852 3349">
     <span class='ocr_line' id='line_1_62' title="bbox 290 3276 1852 3349; baseline -0.001 -18"><span class='ocrx_word' id='word_1_423' title='bbox 290 3278 430 3343; x_wconf 82' lang='grc' dir='ltr'><strong>θίαν,</strong></span> <span class='ocrx_word' id='word_1_424' title='bbox 467 3278 598 3345; x_wconf 82' lang='grc' dir='ltr'><strong>φέρε</strong></span> <span class='ocrx_word' id='word_1_425' title='bbox 625 3280 817 3340; x_wconf 80' lang='grc' dir='ltr'><strong>εἰπεῖν,</strong></span> <span class='ocrx_word' id='word_1_426' title='bbox 845 3281 872 3332; x_wconf 83' lang='grc' dir='ltr'><em>ὁ</em></span> <span class='ocrx_word' id='word_1_427' title='bbox 907 3277 1297 3349; x_wconf 79' lang='grc' dir='ltr'><strong>εύαγγελιστὴς</strong></span> <span class='ocrx_word' id='word_1_428' title='bbox 1341 3279 1594 3348; x_wconf 73' lang='grc' dir='ltr'><strong>Ἰωάννης</strong></span> <span class='ocrx_word' id='word_1_429' title='bbox 1635 3276 1852 3330; x_wconf 85' lang='grc' dir='ltr'><strong>ὑποδεί-</strong></span> 
     </span>
    </p>
   </div>
   <div class='ocr_carea' id='block_1_63' title="bbox 1951 3267 3528 3356">
    <p class='ocr_par' dir='ltr' id='par_1_63' title="bbox 1956 3267 3528 3356">
     <span class='ocr_line' id='line_1_63' title="bbox 1956 3267 3528 3356; baseline -0.015 -16"><span class='ocrx_word' id='word_1_430' title='bbox 1956 3283 2255 3356; x_wconf 89' lang='lat' dir='ltr'><strong>quentiam,</strong></span> <span class='ocrx_word' id='word_1_431' title='bbox 2279 3279 2430 3335; x_wconf 87' lang='lat' dir='ltr'><strong>verbi</strong></span> <span class='ocrx_word' id='word_1_432' title='bbox 2467 3278 2664 3350; x_wconf 88' lang='lat' dir='ltr'><strong>gratia,</strong></span> <span class='ocrx_word' id='word_1_433' title='bbox 2691 3273 3024 3344; x_wconf 87' lang='lat' dir='ltr'><strong>evangelista</strong></span> <span class='ocrx_word' id='word_1_434' title='bbox 3055 3268 3292 3325; x_wconf 81' lang='lat' dir='ltr'><strong>Joannes</strong></span> <span class='ocrx_word' id='word_1_435' title='bbox 3308 3267 3528 3322; x_wconf 85' lang='lat' dir='ltr'><strong>demon-</strong></span> 
     </span>
    </p>
   </div>
   <div class='ocr_carea' id='block_1_64' title="bbox 291 3369 1858 3440">
    <p class='ocr_par' dir='ltr' id='par_1_64' title="bbox 291 3369 1858 3440">
     <span class='ocr_line' id='line_1_64' title="bbox 291 3369 1858 3440; baseline 0 -16"><span class='ocrx_word' id='word_1_436' title='bbox 291 3387 447 3424; x_wconf 87' lang='grc' dir='ltr'><strong>κνυσι</strong></span> <span class='ocrx_word' id='word_1_437' title='bbox 464 3369 637 3438; x_wconf 83' lang='grc' dir='ltr'><strong>λέγων</strong></span> <span class='ocrx_word' id='word_1_438' title='bbox 661 3385 676 3401; x_wconf 76' lang='grc' dir='ltr'><strong>ο</strong></span> <span class='ocrx_word' id='word_1_439' title='bbox 707 3370 814 3425; x_wconf 80' lang='lat' dir='ltr'><strong>Kal</strong></span> <span class='ocrx_word' id='word_1_440' title='bbox 833 3373 865 3424; x_wconf 85' lang='grc' dir='ltr'><em>ὀ</em></span> <span class='ocrx_word' id='word_1_441' title='bbox 886 3371 1074 3439; x_wconf 80' lang='grc' dir='ltr'><strong>Λόγος</strong></span> <span class='ocrx_word' id='word_1_442' title='bbox 1094 3370 1250 3438; x_wconf 81' lang='grc' dir='ltr'><strong>σὰρξ</strong></span> <span class='ocrx_word' id='word_1_443' title='bbox 1276 3369 1532 3440; x_wconf 81' lang='grc' dir='ltr'><strong>ἐγένετο,</strong></span> <span class='ocrx_word' id='word_1_444' title='bbox 1555 3371 1653 3423; x_wconf 80' lang='grc' dir='ltr'><strong>καί</strong></span> <span class='ocrx_word' id='word_1_445' title='bbox 1676 3369 1858 3436; x_wconf 80' lang='grc' dir='ltr'><strong>ἐσκή-</strong></span> 
     </span>
    </p>
   </div>
   <div class='ocr_carea' id='block_1_65' title="bbox 290 3460 1851 3532">
    <p class='ocr_par' dir='ltr' id='par_1_65' title="bbox 290 3460 1851 3532">
     <span class='ocr_line' id='line_1_65' title="bbox 290 3460 1851 3532; baseline 0 -18"><span class='ocrx_word' id='word_1_446' title='bbox 290 3475 490 3514; x_wconf 79' lang='grc' dir='ltr'><strong>νωσεν</strong></span> <span class='ocrx_word' id='word_1_447' title='bbox 527 3460 597 3513; x_wconf 85' lang='grc' dir='ltr'><strong>ὲν</strong></span> <span class='ocrx_word' id='word_1_448' title='bbox 644 3460 808 3529; x_wconf 72' lang='grc' dir='ltr'><strong>ἡμῖν.</strong></span> <span class='ocrx_word' id='word_1_449' title='bbox 847 3462 906 3513; x_wconf 84' lang='grc' dir='ltr'>Εἰ</span> <span class='ocrx_word' id='word_1_450' title='bbox 932 3461 1109 3513; x_wconf 88' lang='grc' dir='ltr'><strong>τοίνυν</strong></span> <span class='ocrx_word' id='word_1_451' title='bbox 1157 3463 1186 3513; x_wconf 83' lang='grc' dir='ltr'>ὁ</span> <span class='ocrx_word' id='word_1_452' title='bbox 1215 3462 1384 3529; x_wconf 82' lang='grc' dir='ltr'><strong>Λόγος</strong></span> <span class='ocrx_word' id='word_1_453' title='bbox 1434 3461 1570 3532; x_wconf 79' lang='grc' dir='ltr'><strong>σὰρξ</strong></span> <span class='ocrx_word' id='word_1_454' title='bbox 1615 3461 1851 3529; x_wconf 80' lang='grc' dir='ltr'><strong>ἐγένετο,</strong></span> 
     </span>
    </p>
   </div>
   <div class='ocr_carea' id='block_1_66' title="bbox 290 3551 1851 3624">
    <p class='ocr_par' dir='ltr' id='par_1_66' title="bbox 290 3551 1851 3624">
     <span class='ocr_line' id='line_1_66' title="bbox 290 3551 1851 3624; baseline 0.015 -23"><span class='ocrx_word' id='word_1_455' title='bbox 290 3553 450 3621; x_wconf 78' lang='grc' dir='ltr'><strong>δῆλον</strong></span> <span class='ocrx_word' id='word_1_456' title='bbox 481 3553 561 3605; x_wconf 85' lang='grc' dir='ltr'><strong>δτι</strong></span> <span class='ocrx_word' id='word_1_457' title='bbox 591 3551 666 3616; x_wconf 86' lang='grc' dir='ltr'><strong>ὡς</strong></span> <span class='ocrx_word' id='word_1_458' title='bbox 701 3553 798 3622; x_wconf 83' lang='grc' dir='ltr'><strong>μὲν</strong></span> <span class='ocrx_word' id='word_1_459' title='bbox 833 3553 1020 3621; x_wconf 79' lang='grc' dir='ltr'><strong>Λόγος,</strong></span> <span class='ocrx_word' id='word_1_460' title='bbox 1044 3553 1456 3624; x_wconf 81' lang='grc' dir='ltr'><strong>ἀπερίγραπτος</strong></span> <span class='ocrx_word' id='word_1_461' title='bbox 1476 3553 1582 3618; x_wconf 81' lang='grc' dir='ltr'><strong>’ὼς</strong></span> <span class='ocrx_word' id='word_1_462' title='bbox 1615 3553 1671 3605; x_wconf 74' lang='grc' dir='ltr'><strong>δὲ</strong></span> <span class='ocrx_word' id='word_1_463' title='bbox 1694 3553 1851 3623; x_wconf 63' lang='grc' dir='ltr'><strong>σὰρξ»</strong></span> 
     </span>
    </p>
   </div>
   <div class='ocr_carea' id='block_1_67' title="bbox 293 3644 1856 3716">
    <p class='ocr_par' dir='ltr' id='par_1_67' title="bbox 293 3644 1856 3716">
     <span class='ocr_line' id='line_1_67' title="bbox 293 3644 1856 3716; baseline 0.001 -19"><span class='ocrx_word' id='word_1_464' title='bbox 293 3646 784 3716; x_wconf 82' lang='grc' dir='ltr'><strong>περιγραφόμενος.</strong></span> <span class='ocrx_word' id='word_1_465' title='bbox 820 3646 928 3699; x_wconf 77' lang='grc' dir='ltr'><strong>Καὶ</strong></span> <span class='ocrx_word' id='word_1_466' title='bbox 959 3644 1315 3712; x_wconf 77' lang='grc' dir='ltr'><strong>ἐσκήνωσεν</strong></span> <span class='ocrx_word' id='word_1_467' title='bbox 1339 3647 1410 3700; x_wconf 85' lang='grc' dir='ltr'><strong>ὲν</strong></span> <span class='ocrx_word' id='word_1_468' title='bbox 1437 3647 1581 3715; x_wconf 71' lang='grc' dir='ltr'><strong>ἡμῖν</strong></span> <span class='ocrx_word' id='word_1_469' title='bbox 1604 3665 1616 3678; x_wconf 89' lang='grc'><strong>·</strong></span> <span class='ocrx_word' id='word_1_470' title='bbox 1641 3647 1768 3700; x_wconf 82' lang='grc' dir='ltr'><strong>ἀλλο</strong></span> <span class='ocrx_word' id='word_1_471' title='bbox 1799 3646 1856 3698; x_wconf 83' lang='grc' dir='ltr'><strong>δὲ</strong></span> 
     </span>
    </p>
   </div>
   <div class='ocr_carea' id='block_1_68' title="bbox 291 3737 1855 3809">
    <p class='ocr_par' dir='ltr' id='par_1_68' title="bbox 291 3737 1855 3809">
     <span class='ocr_line' id='line_1_68' title="bbox 291 3737 1855 3809; baseline 0 -18"><span class='ocrx_word' id='word_1_472' title='bbox 291 3740 353 3791; x_wconf 84' lang='grc' dir='ltr'><strong>τὸ</strong></span> <span class='ocrx_word' id='word_1_473' title='bbox 387 3738 642 3807; x_wconf 85' lang='grc' dir='ltr'><strong>σκηνοῦν,</strong></span> <span class='ocrx_word' id='word_1_474' title='bbox 669 3738 763 3790; x_wconf 79' lang='grc' dir='ltr'><strong>καὶ</strong></span> <span class='ocrx_word' id='word_1_475' title='bbox 815 3737 1002 3808; x_wconf 76' lang='grc' dir='ltr'><strong>ἕτερον</strong></span> <span class='ocrx_word' id='word_1_476' title='bbox 1048 3739 1080 3809; x_wconf 78' lang='grc' dir='ltr'>ἡ</span> <span class='ocrx_word' id='word_1_477' title='bbox 1120 3739 1330 3809; x_wconf 86' lang='grc' dir='ltr'><strong>σκηνή·</strong></span> <span class='ocrx_word' id='word_1_478' title='bbox 1364 3739 1485 3793; x_wconf 85' lang='grc' dir='ltr'><strong>καθ’</strong></span> <span class='ocrx_word' id='word_1_479' title='bbox 1515 3740 1701 3809; x_wconf 72' lang='grc' dir='ltr'><strong>ἕτερον</strong></span> <span class='ocrx_word' id='word_1_480' title='bbox 1758 3740 1855 3808; x_wconf 84' lang='grc' dir='ltr'><strong>μὲν</strong></span> 
     </span>
    </p>
   </div>
   <div class='ocr_carea' id='block_1_69' title="bbox 295 3828 1853 3902">
    <p class='ocr_par' dir='ltr' id='par_1_69' title="bbox 295 3828 1853 3902">
     <span class='ocr_line' id='line_1_69' title="bbox 295 3828 1853 3902; baseline 0.001 -18"><span class='ocrx_word' id='word_1_481' title='bbox 295 3831 688 3901; x_wconf 77' lang='grc' dir='ltr'><strong>περιγράφοιτο</strong></span> <span class='ocrx_word' id='word_1_482' title='bbox 709 3845 722 3860; x_wconf 78' lang='lat'><strong><em>°</em></strong></span> <span class='ocrx_word' id='word_1_483' title='bbox 757 3828 876 3882; x_wconf 79' lang='grc' dir='ltr'><strong>καθ’</strong></span> <span class='ocrx_word' id='word_1_484' title='bbox 898 3828 1085 3900; x_wconf 72' lang='grc' dir='ltr'><strong>ἕτερον</strong></span> <span class='ocrx_word' id='word_1_485' title='bbox 1108 3829 1164 3882; x_wconf 84' lang='grc' dir='ltr'><strong>δὲ</strong></span> <span class='ocrx_word' id='word_1_486' title='bbox 1188 3830 1538 3902; x_wconf 82' lang='grc' dir='ltr'><strong>περιγραφῆς</strong></span> <span class='ocrx_word' id='word_1_487' title='bbox 1563 3830 1853 3900; x_wconf 87' lang='grc' dir='ltr'><strong>ἀνώτερος.</strong></span> 
     </span>
    </p>
   </div>
   <div class='ocr_carea' id='block_1_70' title="bbox 307 3919 1858 3990">
    <p class='ocr_par' dir='ltr' id='par_1_70' title="bbox 307 3919 1858 3990">
     <span class='ocr_line' id='line_1_70' title="bbox 307 3919 1858 3990; baseline -0.001 -15"><span class='ocrx_word' id='word_1_488' title='bbox 307 3922 463 3976; x_wconf 72' lang='grc' dir='ltr'><strong>Ἐπεὶ</strong></span> <span class='ocrx_word' id='word_1_489' title='bbox 497 3922 671 3984; x_wconf 86' lang='grc' dir='ltr'><strong>ποίοις</strong></span> <span class='ocrx_word' id='word_1_490' title='bbox 703 3919 950 3989; x_wconf 84' lang='grc' dir='ltr'><strong>σημείοις</strong></span> <span class='ocrx_word' id='word_1_491' title='bbox 993 3920 1276 3990; x_wconf 81' lang='grc' dir='ltr'><strong>ἄνθρωπος</strong></span> <span class='ocrx_word' id='word_1_492' title='bbox 1315 3922 1592 3990; x_wconf 76' lang='grc' dir='ltr'><strong>γεγονέναι</strong></span> <span class='ocrx_word' id='word_1_493' title='bbox 1621 3922 1858 3988; x_wconf 76' lang='grc' dir='ltr'><strong>ἐπιγνω-</strong></span> 
     </span>
    </p>
   </div>
   <div class='ocr_carea' id='block_1_71' title="bbox 297 4010 1858 4083">
    <p class='ocr_par' dir='ltr' id='par_1_71' title="bbox 297 4010 1858 4083">
     <span class='ocr_line' id='line_1_71' title="bbox 297 4010 1858 4083; baseline -0.001 -18"><span class='ocrx_word' id='word_1_494' title='bbox 297 4013 578 4083; x_wconf 80' lang='grc' dir='ltr'><strong>σθήσεται,</strong></span> <span class='ocrx_word' id='word_1_495' title='bbox 606 4013 655 4065; x_wconf 83' lang='grc' dir='ltr'><strong>εί</strong></span> <span class='ocrx_word' id='word_1_496' title='bbox 688 4012 762 4082; x_wconf 80' lang='grc' dir='ltr'><strong>μὴ</strong></span> <span class='ocrx_word' id='word_1_497' title='bbox 810 4010 869 4064; x_wconf 84' lang='grc' dir='ltr'><strong>τὸ</strong></span> <span class='ocrx_word' id='word_1_498' title='bbox 898 4012 998 4082; x_wconf 83' lang='grc' dir='ltr'><strong>τῆς</strong></span> <span class='ocrx_word' id='word_1_499' title='bbox 1043 4011 1414 4078; x_wconf 80' lang='grc' dir='ltr'><strong>ἑξεικονίσεως</strong></span> <span class='ocrx_word' id='word_1_500' title='bbox 1480 4011 1693 4081; x_wconf 79' lang='grc' dir='ltr'><strong>ἰδίωμα,</strong></span> <span class='ocrx_word' id='word_1_501' title='bbox 1721 4012 1858 4082; x_wconf 80' lang='grc' dir='ltr'><strong>ὅπερ</strong></span> 
     </span>
    </p>
   </div>
   <div class='ocr_carea' id='block_1_72' title="bbox 295 4101 1858 4175">
    <p class='ocr_par' dir='ltr' id='par_1_72' title="bbox 295 4101 1858 4175">
     <span class='ocr_line' id='line_1_72' title="bbox 295 4101 1858 4175; baseline -0.002 -17"><span class='ocrx_word' id='word_1_502' title='bbox 295 4107 416 4159; x_wconf 70' lang='grc' dir='ltr'><strong>ἐστὶ</strong></span> <span class='ocrx_word' id='word_1_503' title='bbox 471 4105 685 4175; x_wconf 81' lang='grc' dir='ltr'><strong>πρῶτον</strong></span> <span class='ocrx_word' id='word_1_504' title='bbox 737 4106 794 4157; x_wconf 81' lang='grc' dir='ltr'><strong>ἑν</strong></span> <span class='ocrx_word' id='word_1_505' title='bbox 832 4104 1248 4174; x_wconf 81' lang='grc' dir='ltr'><strong>μεμορφωμένῳ</strong></span> <span class='ocrx_word' id='word_1_506' title='bbox 1296 4101 1588 4173; x_wconf 83' lang='grc' dir='ltr'><strong>ἀνθρώπῳ,</strong></span> <span class='ocrx_word' id='word_1_507' title='bbox 1615 4103 1858 4172; x_wconf 85' lang='grc' dir='ltr'><strong>φυσικῶς</strong></span> 
     </span>
    </p>
   </div>
   <div class='ocr_carea' id='block_1_73' title="bbox 296 4190 1856 4267">
    <p class='ocr_par' dir='ltr' id='par_1_73' title="bbox 296 4190 1856 4267">
     <span class='ocr_line' id='line_1_73' title="bbox 296 4190 1856 4267; baseline -0.003 -16"><span class='ocrx_word' id='word_1_508' title='bbox 296 4198 561 4267; x_wconf 85' lang='grc' dir='ltr'><strong>κέκτηται</strong></span> <span class='ocrx_word' id='word_1_509' title='bbox 591 4213 604 4226; x_wconf 85' lang='grc'>⁶</span> <span class='ocrx_word' id='word_1_510' title='bbox 636 4190 698 4250; x_wconf 73' lang='grc' dir='ltr'><strong>οὗ</strong></span> <span class='ocrx_word' id='word_1_511' title='bbox 727 4199 793 4267; x_wconf 78' lang='grc' dir='ltr'><strong>τῇ</strong></span> <span class='ocrx_word' id='word_1_512' title='bbox 840 4197 1138 4267; x_wconf 79' lang='grc' dir='ltr'><strong>ἀναιρέσει,</strong></span> <span class='ocrx_word' id='word_1_513' title='bbox 1174 4194 1403 4266; x_wconf 87' lang='grc' dir='ltr'><strong>φροῦδος</strong></span> <span class='ocrx_word' id='word_1_514' title='bbox 1450 4195 1479 4247; x_wconf 86' lang='grc' dir='ltr'>ὁ</span> <span class='ocrx_word' id='word_1_515' title='bbox 1526 4195 1809 4267; x_wconf 83' lang='grc' dir='ltr'><strong>ἄνθρωπος</strong></span> <span class='ocrx_word' id='word_1_516' title='bbox 1841 4210 1856 4260; x_wconf 88' lang='grc'>;</span> 
     </span>
    </p>
   </div>
   <div class='ocr_carea' id='block_1_74' title="bbox 310 4287 1860 4360">
    <p class='ocr_par' dir='ltr' id='par_1_74' title="bbox 310 4287 1860 4360">
     <span class='ocr_line' id='line_1_74' title="bbox 310 4287 1860 4360; baseline -0.002 -17"><span class='ocrx_word' id='word_1_517' title='bbox 310 4289 470 4343; x_wconf 82' lang='grc' dir='ltr'><strong>Ἀλλά</strong></span> <span class='ocrx_word' id='word_1_518' title='bbox 502 4289 607 4360; x_wconf 84' lang='grc' dir='ltr'><strong>μὴν</strong></span> <span class='ocrx_word' id='word_1_519' title='bbox 631 4288 913 4360; x_wconf 75' lang='grc' dir='ltr'><strong>ἄνθρωπος</strong></span> <span class='ocrx_word' id='word_1_520' title='bbox 942 4288 1177 4357; x_wconf 73' lang='grc' dir='ltr'><strong>ἀληθὼςο</strong></span> <span class='ocrx_word' id='word_1_521' title='bbox 1201 4287 1396 4341; x_wconf 84' lang='grc' dir='ltr'><strong>οὐκοῦν</strong></span> <span class='ocrx_word' id='word_1_522' title='bbox 1425 4287 1519 4340; x_wconf 71' lang='grc' dir='ltr'><strong>καὶ</strong></span> <span class='ocrx_word' id='word_1_523' title='bbox 1549 4287 1622 4350; x_wconf 87' lang='grc' dir='ltr'><strong>ὼς</strong></span> <span class='ocrx_word' id='word_1_524' title='bbox 1649 4287 1860 4358; x_wconf 85' lang='grc' dir='ltr'><strong>ἀνορω-</strong></span> 
     </span>
    </p>
   </div>
   <div class='ocr_carea' id='block_1_75' title="bbox 296 4378 1857 4453">
    <p class='ocr_par' dir='ltr' id='par_1_75' title="bbox 296 4378 1857 4453">
     <span class='ocr_line' id='line_1_75' title="bbox 296 4378 1857 4453; baseline -0.002 -19"><span class='ocrx_word' id='word_1_525' title='bbox 296 4399 398 4446; x_wconf 67' lang='lat' dir='ltr'><strong>ne;</strong></span> <span class='ocrx_word' id='word_1_526' title='bbox 456 4384 946 4453; x_wconf 84' lang='grc' dir='ltr'><strong>περιγραφόμενος,</strong></span> <span class='ocrx_word' id='word_1_527' title='bbox 981 4383 1009 4433; x_wconf 85' lang='grc' dir='ltr'>ὁ</span> <span class='ocrx_word' id='word_1_528' title='bbox 1039 4380 1113 4442; x_wconf 86' lang='grc' dir='ltr'><strong>ὼς</strong></span> <span class='ocrx_word' id='word_1_529' title='bbox 1142 4380 1272 4444; x_wconf 84' lang='grc' dir='ltr'><strong>Θεὸς</strong></span> <span class='ocrx_word' id='word_1_530' title='bbox 1318 4378 1390 4432; x_wconf 80' lang='grc' dir='ltr'><strong>ὢν</strong></span> <span class='ocrx_word' id='word_1_531' title='bbox 1424 4379 1857 4449; x_wconf 84' lang='grc' dir='ltr'><strong>ἀπερίγραπτος.</strong></span> 
     </span>
    </p>
   </div>
   <div class='ocr_carea' id='block_1_76' title="bbox 309 4469 1860 4544">
    <p class='ocr_par' dir='ltr' id='par_1_76' title="bbox 309 4469 1860 4544">
     <span class='ocr_line' id='line_1_76' title="bbox 309 4469 1860 4544; baseline -0.003 -17"><span class='ocrx_word' id='word_1_532' title='bbox 309 4475 424 4543; x_wconf 82' lang='grc' dir='ltr'><strong>Ἐφ’</strong></span> <span class='ocrx_word' id='word_1_533' title='bbox 449 4469 601 4544; x_wconf 84' lang='grc' dir='ltr'><strong>ᾧπερ</strong></span> <span class='ocrx_word' id='word_1_534' title='bbox 631 4473 773 4544; x_wconf 86' lang='grc' dir='ltr'><strong>λόγῳ</strong></span> <span class='ocrx_word' id='word_1_535' title='bbox 813 4472 1035 4542; x_wconf 85' lang='grc' dir='ltr'><strong>μεσίτης</strong></span> <span class='ocrx_word' id='word_1_536' title='bbox 1064 4470 1199 4524; x_wconf 87' lang='grc' dir='ltr'><strong>Θεοῦ</strong></span> <span class='ocrx_word' id='word_1_537' title='bbox 1240 4471 1334 4524; x_wconf 80' lang='grc' dir='ltr'><strong>καὶ</strong></span> <span class='ocrx_word' id='word_1_538' title='bbox 1355 4470 1655 4542; x_wconf 84' lang='grc' dir='ltr'><strong>ἀνθρώπων</strong></span> <span class='ocrx_word' id='word_1_539' title='bbox 1697 4472 1860 4541; x_wconf 84' lang='grc' dir='ltr'><strong>ἑχρη-</strong></span> 
     </span>
    </p>
   </div>
   <div class='ocr_carea' id='block_1_77' title="bbox 1956 3360 3526 3441">
    <p class='ocr_par' dir='ltr' id='par_1_77' title="bbox 1956 3360 3526 3441">
     <span class='ocr_line' id='line_1_77' title="bbox 1956 3360 3526 3441; baseline -0.014 -9"><span class='ocrx_word' id='word_1_540' title='bbox 1956 3385 2115 3441; x_wconf 84' lang='lat' dir='ltr'><strong>strat,</strong></span> <span class='ocrx_word' id='word_1_541' title='bbox 2147 3389 2272 3430; x_wconf 84' lang='lat' dir='ltr'><strong>eum</strong></span> <span class='ocrx_word' id='word_1_542' title='bbox 2309 3374 2421 3427; x_wconf 85' lang='lat' dir='ltr'><strong>ait:</strong></span> <span class='ocrx_word' id='word_1_543' title='bbox 2457 3371 2525 3424; x_wconf 87' lang='lat' dir='ltr'><strong>Et</strong></span> <span class='ocrx_word' id='word_1_544' title='bbox 2563 3369 2787 3426; x_wconf 82' lang='lat' dir='ltr'><strong>Verbum</strong></span> <span class='ocrx_word' id='word_1_545' title='bbox 2827 3383 2951 3421; x_wconf 88' lang='lat' dir='ltr'><strong>caro</strong></span> <span class='ocrx_word' id='word_1_546' title='bbox 2981 3365 3182 3433; x_wconf 80' lang='lat' dir='ltr'><strong>factum</strong></span> <span class='ocrx_word' id='word_1_547' title='bbox 3228 3371 3327 3426; x_wconf 76' lang='lat' dir='ltr'><strong>est,</strong></span> <span class='ocrx_word' id='word_1_548' title='bbox 3353 3370 3399 3413; x_wconf 85' lang='lat' dir='ltr'><strong>et</strong></span> <span class='ocrx_word' id='word_1_549' title='bbox 3426 3360 3526 3411; x_wconf 82' lang='lat' dir='ltr'><strong>ha-</strong></span> 
     </span>
    </p>
   </div>
   <div class='ocr_carea' id='block_1_78' title="bbox 1958 3453 3524 3524">
    <p class='ocr_par' dir='ltr' id='par_1_78' title="bbox 1958 3453 3524 3524">
     <span class='ocr_line' id='line_1_78' title="bbox 1958 3453 3524 3524; baseline -0.013 0"><span class='ocrx_word' id='word_1_550' title='bbox 1958 3470 2142 3524; x_wconf 84' lang='lat' dir='ltr'><strong>bitavit</strong></span> <span class='ocrx_word' id='word_1_551' title='bbox 2171 3470 2226 3521; x_wconf 88' lang='lat' dir='ltr'><strong>in</strong></span> <span class='ocrx_word' id='word_1_552' title='bbox 2270 3466 2415 3520; x_wconf 82' lang='lat' dir='ltr'><strong>nobis</strong></span> <span class='ocrx_word' id='word_1_553' title='bbox 2437 3467 2502 3521; x_wconf 81' lang='grc'><strong>⁸⁸.</strong></span> <span class='ocrx_word' id='word_1_554' title='bbox 2552 3462 2761 3517; x_wconf 87' lang='lat' dir='ltr'><strong>Etenim</strong></span> <span class='ocrx_word' id='word_1_555' title='bbox 2796 3460 2843 3516; x_wconf 81' lang='lat' dir='ltr'><strong>si</strong></span> <span class='ocrx_word' id='word_1_556' title='bbox 2877 3458 3114 3512; x_wconf 78' lang='lat' dir='ltr'><strong>Verbum</strong></span> <span class='ocrx_word' id='word_1_557' title='bbox 3151 3471 3279 3510; x_wconf 90' lang='lat' dir='ltr'><strong>caro</strong></span> <span class='ocrx_word' id='word_1_558' title='bbox 3321 3453 3524 3508; x_wconf 80' lang='lat' dir='ltr'><strong>factum</strong></span> 
     </span>
    </p>
   </div>
   <div class='ocr_carea' id='block_1_79' title="bbox 1954 3543 3528 3635">
    <p class='ocr_par' dir='ltr' id='par_1_79' title="bbox 1954 3543 3528 3635">
     <span class='ocr_line' id='line_1_79' title="bbox 1954 3543 3528 3635; baseline -0.015 -18"><span class='ocrx_word' id='word_1_559' title='bbox 1954 3570 2059 3635; x_wconf 73' lang='lat' dir='ltr'><strong>est,</strong></span> <span class='ocrx_word' id='word_1_560' title='bbox 2114 3560 2458 3631; x_wconf 85' lang='lat' dir='ltr'><strong>perspicuum</strong></span> <span class='ocrx_word' id='word_1_561' title='bbox 2500 3557 2706 3625; x_wconf 93' lang='lat' dir='ltr'><strong>utique,</strong></span> <span class='ocrx_word' id='word_1_562' title='bbox 2757 3552 2921 3623; x_wconf 89' lang='lat' dir='ltr'><strong>quod,</strong></span> <span class='ocrx_word' id='word_1_563' title='bbox 2979 3559 3037 3604; x_wconf 95' lang='lat' dir='ltr'><strong>ut</strong></span> <span class='ocrx_word' id='word_1_564' title='bbox 3070 3543 3329 3610; x_wconf 77' lang='lat' dir='ltr'><strong>Verbum,</strong></span> <span class='ocrx_word' id='word_1_565' title='bbox 3359 3544 3528 3598; x_wconf 89' lang='lat' dir='ltr'><strong>incir-</strong></span> 
     </span>
    </p>
   </div>
   <div class='ocr_carea' id='block_1_80' title="bbox 1957 3637 3524 3721">
    <p class='ocr_par' dir='ltr' id='par_1_80' title="bbox 1957 3637 3524 3721">
     <span class='ocr_line' id='line_1_80' title="bbox 1957 3637 3524 3721; baseline -0.015 -12"><span class='ocrx_word' id='word_1_566' title='bbox 1957 3652 2347 3721; x_wconf 90' lang='lat' dir='ltr'><strong>cumscriptum</strong></span> <span class='ocrx_word' id='word_1_567' title='bbox 2373 3666 2388 3715; x_wconf 88' lang='lat'><strong>;</strong></span> <span class='ocrx_word' id='word_1_568' title='bbox 2419 3657 2479 3702; x_wconf 93' lang='lat' dir='ltr'><strong>ut</strong></span> <span class='ocrx_word' id='word_1_569' title='bbox 2507 3662 2658 3710; x_wconf 89' lang='lat' dir='ltr'><strong>caro,</strong></span> <span class='ocrx_word' id='word_1_570' title='bbox 2685 3641 3186 3711; x_wconf 88' lang='lat' dir='ltr'><strong>circumscriptum.</strong></span> <span class='ocrx_word' id='word_1_571' title='bbox 3220 3637 3284 3691; x_wconf 85' lang='lat' dir='ltr'><strong>Et</strong></span> <span class='ocrx_word' id='word_1_572' title='bbox 3314 3637 3524 3689; x_wconf 84' lang='lat' dir='ltr'><strong>habita-</strong></span> 
     </span>
    </p>
   </div>
   <div class='ocr_carea' id='block_1_81' title="bbox 1956 3724 3525 3804">
    <p class='ocr_par' dir='ltr' id='par_1_81' title="bbox 1956 3724 3525 3804">
     <span class='ocr_line' id='line_1_81' title="bbox 1956 3724 3525 3804; baseline -0.015 -4"><span class='ocrx_word' id='word_1_573' title='bbox 1956 3748 2029 3800; x_wconf 80' lang='lat' dir='ltr'><strong>vit</strong></span> <span class='ocrx_word' id='word_1_574' title='bbox 2063 3746 2119 3799; x_wconf 84' lang='lat' dir='ltr'><strong>in</strong></span> <span class='ocrx_word' id='word_1_575' title='bbox 2148 3744 2292 3797; x_wconf 81' lang='lat' dir='ltr'><strong>nobis</strong></span> <span class='ocrx_word' id='word_1_576' title='bbox 2324 3758 2342 3796; x_wconf 91' lang='lat'><strong>:</strong></span> <span class='ocrx_word' id='word_1_577' title='bbox 2369 3755 2492 3795; x_wconf 91' lang='lat' dir='ltr'><strong>cum</strong></span> <span class='ocrx_word' id='word_1_578' title='bbox 2524 3737 2668 3793; x_wconf 91' lang='lat' dir='ltr'><strong>aliud</strong></span> <span class='ocrx_word' id='word_1_579' title='bbox 2696 3736 2768 3791; x_wconf 91' lang='lat' dir='ltr'><strong>sit</strong></span> <span class='ocrx_word' id='word_1_580' title='bbox 2795 3733 2941 3804; x_wconf 92' lang='lat' dir='ltr'><strong>quod</strong></span> <span class='ocrx_word' id='word_1_581' title='bbox 2976 3731 3266 3792; x_wconf 89' lang='lat' dir='ltr'><strong>inhabitat,</strong></span> <span class='ocrx_word' id='word_1_582' title='bbox 3293 3738 3346 3782; x_wconf 92' lang='lat' dir='ltr'><strong>et</strong></span> <span class='ocrx_word' id='word_1_583' title='bbox 3377 3724 3525 3780; x_wconf 85' lang='lat' dir='ltr'><strong>aliud</strong></span> 
     </span>
    </p>
   </div>
   <div class='ocr_carea' id='block_1_82' title="bbox 1956 3818 3526 3906">
    <p class='ocr_par' dir='ltr' id='par_1_82' title="bbox 1956 3818 3526 3906">
     <span class='ocr_line' id='line_1_82' title="bbox 1956 3818 3526 3906; baseline -0.013 -15"><span class='ocrx_word' id='word_1_584' title='bbox 1956 3818 2133 3906; x_wconf 83' lang='lat' dir='ltr'><strong>ipsum</strong></span> <span class='ocrx_word' id='word_1_585' title='bbox 2167 3833 2559 3896; x_wconf 88' lang='lat' dir='ltr'><strong>habitaculum;</strong></span> <span class='ocrx_word' id='word_1_586' title='bbox 2590 3828 2890 3883; x_wconf 90' lang='lat' dir='ltr'><strong>secundum</strong></span> <span class='ocrx_word' id='word_1_587' title='bbox 2919 3824 3147 3878; x_wconf 87' lang='lat' dir='ltr'><strong>alterum</strong></span> <span class='ocrx_word' id='word_1_588' title='bbox 3174 3819 3526 3876; x_wconf 87' lang='lat' dir='ltr'><strong>circumscri-</strong></span> 
     </span>
    </p>
   </div>
   <div class='ocr_carea' id='block_1_83' title="bbox 1955 3913 3528 3992">
    <p class='ocr_par' dir='ltr' id='par_1_83' title="bbox 1955 3913 3528 3992">
     <span class='ocr_line' id='line_1_83' title="bbox 1955 3913 3528 3992; baseline -0.013 -9"><span class='ocrx_word' id='word_1_589' title='bbox 1955 3928 2152 3992; x_wconf 87' lang='lat' dir='ltr'><strong>betur;</strong></span> <span class='ocrx_word' id='word_1_590' title='bbox 2202 3924 2502 3980; x_wconf 89' lang='lat' dir='ltr'><strong>secundum</strong></span> <span class='ocrx_word' id='word_1_591' title='bbox 2556 3923 2788 3975; x_wconf 87' lang='lat' dir='ltr'><strong>alterum</strong></span> <span class='ocrx_word' id='word_1_592' title='bbox 2835 3928 3017 3972; x_wconf 89' lang='lat' dir='ltr'><strong>autem</strong></span> <span class='ocrx_word' id='word_1_593' title='bbox 3045 3929 3265 3970; x_wconf 90' lang='lat' dir='ltr'><strong>omnem</strong></span> <span class='ocrx_word' id='word_1_594' title='bbox 3290 3913 3528 3966; x_wconf 89' lang='lat' dir='ltr'><strong>circum-</strong></span> 
     </span>
    </p>
   </div>
   <div class='ocr_carea' id='block_1_84' title="bbox 1956 4003 3529 4086">
    <p class='ocr_par' dir='ltr' id='par_1_84' title="bbox 1956 4003 3529 4086">
     <span class='ocr_line' id='line_1_84' title="bbox 1956 4003 3529 4086; baseline -0.011 -14"><span class='ocrx_word' id='word_1_595' title='bbox 1956 4015 2307 4086; x_wconf 86' lang='lat' dir='ltr'><strong>scriptionem</strong></span> <span class='ocrx_word' id='word_1_596' title='bbox 2342 4012 2572 4067; x_wconf 78' lang='lat' dir='ltr'><strong>excedit.</strong></span> <span class='ocrx_word' id='word_1_597' title='bbox 2605 4009 2673 4064; x_wconf 86' lang='lat' dir='ltr'><strong>Et</strong></span> <span class='ocrx_word' id='word_1_598' title='bbox 2722 4022 2849 4064; x_wconf 87' lang='lat' dir='ltr'><strong>vero</strong></span> <span class='ocrx_word' id='word_1_599' title='bbox 2881 4009 3208 4077; x_wconf 90' lang='lat' dir='ltr'><strong>quibusnam</strong></span> <span class='ocrx_word' id='word_1_600' title='bbox 3235 4003 3406 4074; x_wconf 79' lang='lat' dir='ltr'><strong>signis</strong></span> <span class='ocrx_word' id='word_1_601' title='bbox 3431 4004 3529 4056; x_wconf 82' lang='lat' dir='ltr'><strong>ho-</strong></span> 
     </span>
    </p>
   </div>
   <div class='ocr_carea' id='block_1_85' title="bbox 1957 4096 3530 4176">
    <p class='ocr_par' dir='ltr' id='par_1_85' title="bbox 1957 4096 3530 4176">
     <span class='ocr_line' id='line_1_85' title="bbox 1957 4096 3530 4176; baseline -0.011 -12"><span class='ocrx_word' id='word_1_602' title='bbox 1957 4124 2048 4163; x_wconf 87' lang='lat' dir='ltr'><strong>mo</strong></span> <span class='ocrx_word' id='word_1_603' title='bbox 2066 4123 2186 4163; x_wconf 83' lang='lat' dir='ltr'><strong>esse</strong></span> <span class='ocrx_word' id='word_1_604' title='bbox 2220 4112 2606 4176; x_wconf 89' lang='lat' dir='ltr'><strong>cognoscetur,</strong></span> <span class='ocrx_word' id='word_1_605' title='bbox 2639 4103 2742 4157; x_wconf 89' lang='lat' dir='ltr'><strong>nisi</strong></span> <span class='ocrx_word' id='word_1_606' title='bbox 2775 4098 3194 4156; x_wconf 82' lang='lat' dir='ltr'><strong>assimilationis</strong></span> <span class='ocrx_word' id='word_1_607' title='bbox 3223 4096 3530 4165; x_wconf 89' lang='lat' dir='ltr'><strong>proprieta-</strong></span> 
     </span>
    </p>
   </div>
   <div class='ocr_carea' id='block_1_86' title="bbox 1958 4187 3530 4269">
    <p class='ocr_par' dir='ltr' id='par_1_86' title="bbox 1958 4187 3530 4269">
     <span class='ocr_line' id='line_1_86' title="bbox 1958 4187 3530 4269; baseline -0.01 -16"><span class='ocrx_word' id='word_1_608' title='bbox 1958 4208 2088 4265; x_wconf 93' lang='lat' dir='ltr'><strong>tem,</strong></span> <span class='ocrx_word' id='word_1_609' title='bbox 2106 4214 2226 4269; x_wconf 70' lang='lat' dir='ltr'><strong>quaa</strong></span> <span class='ocrx_word' id='word_1_610' title='bbox 2245 4199 2300 4252; x_wconf 92' lang='lat' dir='ltr'><strong>in</strong></span> <span class='ocrx_word' id='word_1_611' title='bbox 2320 4197 2606 4252; x_wconf 78' lang='lat' dir='ltr'><strong>ell&#39;orntato</strong></span> <span class='ocrx_word' id='word_1_612' title='bbox 2632 4197 2851 4249; x_wconf 84' lang='lat' dir='ltr'><strong>homine</strong></span> <span class='ocrx_word' id='word_1_613' title='bbox 2873 4193 3045 4263; x_wconf 90' lang='lat' dir='ltr'><strong>prima</strong></span> <span class='ocrx_word' id='word_1_614' title='bbox 3077 4200 3181 4253; x_wconf 84' lang='lat' dir='ltr'><strong>est,</strong></span> <span class='ocrx_word' id='word_1_615' title='bbox 3208 4187 3530 4241; x_wconf 88' lang='lat' dir='ltr'><strong>naturaliter</strong></span> 
     </span>
    </p>
   </div>
   <div class='ocr_carea' id='block_1_87' title="bbox 1959 4277 3531 4359">
    <p class='ocr_par' dir='ltr' id='par_1_87' title="bbox 1959 4277 3531 4359">
     <span class='ocr_line' id='line_1_87' title="bbox 1959 4277 3531 4359; baseline -0.01 -13"><span class='ocrx_word' id='word_1_616' title='bbox 1959 4291 2202 4346; x_wconf 88' lang='lat' dir='ltr'><strong>obtineat</strong></span> <span class='ocrx_word' id='word_1_617' title='bbox 2235 4307 2250 4345; x_wconf 90' lang='lat'><strong>:</strong></span> <span class='ocrx_word' id='word_1_618' title='bbox 2279 4303 2387 4359; x_wconf 89' lang='lat' dir='ltr'><strong>qua</strong></span> <span class='ocrx_word' id='word_1_619' title='bbox 2425 4288 2664 4350; x_wconf 86' lang='lat' dir='ltr'><strong>sublata,</strong></span> <span class='ocrx_word' id='word_1_620' title='bbox 2695 4298 2869 4339; x_wconf 89' lang='lat' dir='ltr'><strong>vanus</strong></span> <span class='ocrx_word' id='word_1_621' title='bbox 2901 4292 2955 4338; x_wconf 91' lang='lat' dir='ltr'><strong>et</strong></span> <span class='ocrx_word' id='word_1_622' title='bbox 2985 4281 3167 4336; x_wconf 88' lang='lat' dir='ltr'><strong>nullus</strong></span> <span class='ocrx_word' id='word_1_623' title='bbox 3200 4286 3283 4334; x_wconf 91' lang='lat' dir='ltr'><strong>est</strong></span> <span class='ocrx_word' id='word_1_624' title='bbox 3324 4277 3531 4332; x_wconf 72' lang='lat' dir='ltr'><strong>homo?</strong></span> 
     </span>
    </p>
   </div>
   <div class='ocr_carea' id='block_1_88' title="bbox 1959 4368 3531 4452">
    <p class='ocr_par' dir='ltr' id='par_1_88' title="bbox 1959 4368 3531 4452">
     <span class='ocr_line' id='line_1_88' title="bbox 1959 4368 3531 4452; baseline -0.011 -16"><span class='ocrx_word' id='word_1_625' title='bbox 1959 4381 2122 4452; x_wconf 88' lang='lat' dir='ltr'><strong>Atqui</strong></span> <span class='ocrx_word' id='word_1_626' title='bbox 2156 4381 2319 4434; x_wconf 91' lang='lat' dir='ltr'><strong>homo</strong></span> <span class='ocrx_word' id='word_1_627' title='bbox 2359 4391 2486 4432; x_wconf 90' lang='lat' dir='ltr'><strong>vere</strong></span> <span class='ocrx_word' id='word_1_628' title='bbox 2521 4384 2605 4430; x_wconf 89' lang='lat' dir='ltr'><strong>est</strong></span> <span class='ocrx_word' id='word_1_629' title='bbox 2636 4391 2649 4428; x_wconf 93' lang='lat'><strong>:</strong></span> <span class='ocrx_word' id='word_1_630' title='bbox 2680 4389 2830 4443; x_wconf 86' lang='lat' dir='ltr'><strong>ergo,</strong></span> <span class='ocrx_word' id='word_1_631' title='bbox 2868 4382 2929 4426; x_wconf 87' lang='lat' dir='ltr'><strong>ut</strong></span> <span class='ocrx_word' id='word_1_632' title='bbox 2961 4371 3143 4434; x_wconf 89' lang='lat' dir='ltr'><strong>homo,</strong></span> <span class='ocrx_word' id='word_1_633' title='bbox 3180 4368 3531 4423; x_wconf 87' lang='lat' dir='ltr'><strong>circumscri-</strong></span> 
     </span>
    </p>
   </div>
   <div class='ocr_carea' id='block_1_89' title="bbox 1959 4457 3528 4541">
    <p class='ocr_par' dir='ltr' id='par_1_89' title="bbox 1959 4457 3528 4541">
     <span class='ocr_line' id='line_1_89' title="bbox 1959 4457 3528 4541; baseline -0.011 -14"><span class='ocrx_word' id='word_1_634' title='bbox 1959 4483 2123 4541; x_wconf 87' lang='lat' dir='ltr'><strong>ptus;</strong></span> <span class='ocrx_word' id='word_1_635' title='bbox 2153 4479 2207 4524; x_wconf 90' lang='lat' dir='ltr'><strong>et</strong></span> <span class='ocrx_word' id='word_1_636' title='bbox 2239 4479 2300 4523; x_wconf 91' lang='lat' dir='ltr'><strong>ut</strong></span> <span class='ocrx_word' id='word_1_637' title='bbox 2342 4467 2507 4531; x_wconf 88' lang='lat' dir='ltr'><strong>Deus,</strong></span> <span class='ocrx_word' id='word_1_638' title='bbox 2565 4464 3094 4531; x_wconf 87' lang='lat' dir='ltr'><strong>incircumscriptus.</strong></span> <span class='ocrx_word' id='word_1_639' title='bbox 3147 4459 3264 4526; x_wconf 88' lang='lat' dir='ltr'><strong>Qua</strong></span> <span class='ocrx_word' id='word_1_640' title='bbox 3309 4457 3528 4530; x_wconf 68' lang='lat' dir='ltr'><strong>quidem</strong></span> 
     </span>
    </p>
   </div>
   <div class='ocr_carea' id='block_1_90' title="bbox 302 4552 1860 4633">
    <p class='ocr_par' dir='ltr' id='par_1_90' title="bbox 302 4559 1860 4633">
     <span class='ocr_line' id='line_1_90' title="bbox 302 4559 1860 4633; baseline -0.004 -16"><span class='ocrx_word' id='word_1_641' title='bbox 302 4565 548 4633; x_wconf 85' lang='grc' dir='ltr'><strong>μάτισεν,</strong></span> <span class='ocrx_word' id='word_1_642' title='bbox 579 4561 652 4624; x_wconf 84' lang='grc' dir='ltr'><strong>ὡς</strong></span> <span class='ocrx_word' id='word_1_643' title='bbox 705 4564 774 4614; x_wconf 85' lang='grc' dir='ltr'><strong>τά</strong></span> <span class='ocrx_word' id='word_1_644' title='bbox 822 4560 1102 4633; x_wconf 80' lang='grc' dir='ltr'><strong>ἀμφότερα</strong></span> <span class='ocrx_word' id='word_1_645' title='bbox 1151 4559 1294 4628; x_wconf 79' lang='grc' dir='ltr'><strong>ἀκρα</strong></span> <span class='ocrx_word' id='word_1_646' title='bbox 1331 4559 1468 4629; x_wconf 82' lang='grc' dir='ltr'><strong>πρὸς</strong></span> <span class='ocrx_word' id='word_1_647' title='bbox 1499 4559 1689 4612; x_wconf 73' lang='grc' dir='ltr'><strong>ἑαυτὸν</strong></span> <span class='ocrx_word' id='word_1_648' title='bbox 1745 4576 1860 4611; x_wconf 90' lang='grc' dir='ltr'><strong>συν-</strong></span> 
     </span>
    </p>
   </div>
   <div class='ocr_carea' id='block_1_91' title="bbox 1951 4552 3532 4633">
    <p class='ocr_par' dir='ltr' id='par_1_91' title="bbox 1969 4552 3532 4617">
     <span class='ocr_line' id='line_1_91' title="bbox 1969 4552 3532 4617; baseline -0.01 0"><span class='ocrx_word' id='word_1_649' title='bbox 1969 4564 2176 4617; x_wconf 86' lang='lat' dir='ltr'><strong>ratione</strong></span> <span class='ocrx_word' id='word_1_650' title='bbox 2211 4559 2477 4614; x_wconf 90' lang='lat' dir='ltr'><strong>mediator</strong></span> <span class='ocrx_word' id='word_1_651' title='bbox 2533 4557 2625 4612; x_wconf 89' lang='lat' dir='ltr'><strong>Dei</strong></span> <span class='ocrx_word' id='word_1_652' title='bbox 2674 4565 2730 4612; x_wconf 91' lang='lat' dir='ltr'><strong>et</strong></span> <span class='ocrx_word' id='word_1_653' title='bbox 2775 4556 3055 4610; x_wconf 90' lang='lat' dir='ltr'><strong>hominum</strong></span> <span class='ocrx_word' id='word_1_654' title='bbox 3109 4552 3285 4607; x_wconf 82' lang='lat' dir='ltr'><strong>factus</strong></span> <span class='ocrx_word' id='word_1_655' title='bbox 3323 4563 3426 4614; x_wconf 86' lang='lat' dir='ltr'><strong>est,</strong></span> <span class='ocrx_word' id='word_1_656' title='bbox 3472 4558 3532 4602; x_wconf 89' lang='lat' dir='ltr'><strong>ut</strong></span> 
     </span>
    </p>
   </div>
   <div class='ocr_carea' id='block_1_92' title="bbox 299 4650 1862 4723">
    <p class='ocr_par' dir='ltr' id='par_1_92' title="bbox 299 4650 1862 4723">
     <span class='ocr_line' id='line_1_92' title="bbox 299 4650 1862 4723; baseline -0.005 -11"><span class='ocrx_word' id='word_1_657' title='bbox 299 4658 508 4722; x_wconf 86' lang='grc' dir='ltr'><strong>ἀπτων,</strong></span> <span class='ocrx_word' id='word_1_658' title='bbox 537 4657 629 4708; x_wconf 74' lang='grc' dir='ltr'><strong>καὶ</strong></span> <span class='ocrx_word' id='word_1_659' title='bbox 659 4653 944 4723; x_wconf 86' lang='grc' dir='ltr'><strong>ἀμφότερα</strong></span> <span class='ocrx_word' id='word_1_660' title='bbox 976 4653 1258 4723; x_wconf 82' lang='grc' dir='ltr'><strong>ὑπάρχων,</strong></span> <span class='ocrx_word' id='word_1_661' title='bbox 1294 4651 1387 4704; x_wconf 74' lang='grc' dir='ltr'><strong>καὶ</strong></span> <span class='ocrx_word' id='word_1_662' title='bbox 1416 4650 1480 4703; x_wconf 84' lang='grc' dir='ltr'><strong>τά</strong></span> <span class='ocrx_word' id='word_1_663' title='bbox 1529 4650 1638 4704; x_wconf 81' lang='grc' dir='ltr'><strong>τῶν</strong></span> <span class='ocrx_word' id='word_1_664' title='bbox 1687 4651 1862 4721; x_wconf 81' lang='grc' dir='ltr'><strong>ἀμφο-</strong></span> 
     </span>
    </p>
   </div>
   <div class='ocr_carea' id='block_1_93' title="bbox 297 4739 1863 4819">
    <p class='ocr_par' dir='ltr' id='par_1_93' title="bbox 297 4739 1863 4819">
     <span class='ocr_line' id='line_1_93' title="bbox 297 4739 1863 4819; baseline -0.004 -17"><span class='ocrx_word' id='word_1_665' title='bbox 297 4750 490 4819; x_wconf 83' lang='grc' dir='ltr'><strong>τέρων,</strong></span> <span class='ocrx_word' id='word_1_666' title='bbox 518 4747 576 4813; x_wconf 80' lang='grc' dir='ltr'><strong>ἑξ</strong></span> <span class='ocrx_word' id='word_1_667' title='bbox 619 4739 692 4798; x_wconf 78' lang='grc' dir='ltr'><strong>ὧν</strong></span> <span class='ocrx_word' id='word_1_668' title='bbox 737 4745 1017 4814; x_wconf 85' lang='grc' dir='ltr'><strong>συνετέθη,</strong></span> <span class='ocrx_word' id='word_1_669' title='bbox 1073 4744 1288 4814; x_wconf 88' lang='grc' dir='ltr'><strong>φύσεων</strong></span> <span class='ocrx_word' id='word_1_670' title='bbox 1332 4741 1594 4812; x_wconf 82' lang='grc' dir='ltr'><strong>ἰδιώματα</strong></span> <span class='ocrx_word' id='word_1_671' title='bbox 1645 4743 1702 4795; x_wconf 79' lang='grc' dir='ltr'><strong>ἑν</strong></span> <span class='ocrx_word' id='word_1_672' title='bbox 1765 4744 1863 4814; x_wconf 81' lang='grc' dir='ltr'><strong>μιᾷ</strong></span> 
     </span>
    </p>
   </div>
   <div class='ocr_carea' id='block_1_94' title="bbox 299 4835 1863 4908">
    <p class='ocr_par' dir='ltr' id='par_1_94' title="bbox 299 4835 1863 4908">
     <span class='ocr_line' id='line_1_94' title="bbox 299 4835 1863 4908; baseline -0.003 -15"><span class='ocrx_word' id='word_1_673' title='bbox 299 4839 594 4893; x_wconf 83' lang='grc' dir='ltr'><strong>ὑποστάσει</strong></span> <span class='ocrx_word' id='word_1_674' title='bbox 615 4837 913 4900; x_wconf 78' lang='grc' dir='ltr'><strong>ἀνελλιπῶς</strong></span> <span class='ocrx_word' id='word_1_675' title='bbox 940 4837 1275 4908; x_wconf 84' lang='grc' dir='ltr'><strong>κεκτημένος</strong></span> <span class='ocrx_word' id='word_1_676' title='bbox 1296 4852 1308 4865; x_wconf 93' lang='grc'><strong>·</strong></span> <span class='ocrx_word' id='word_1_677' title='bbox 1335 4835 1398 4888; x_wconf 79' lang='grc' dir='ltr'><strong>ἑκ</strong></span> <span class='ocrx_word' id='word_1_678' title='bbox 1419 4853 1477 4888; x_wconf 88' lang='grc' dir='ltr'><strong>τε</strong></span> <span class='ocrx_word' id='word_1_679' title='bbox 1505 4835 1738 4906; x_wconf 83' lang='grc' dir='ltr'><strong>Πατρὸς,</strong></span> <span class='ocrx_word' id='word_1_680' title='bbox 1767 4837 1863 4889; x_wconf 82' lang='grc' dir='ltr'><strong>σὺν</strong></span> 
     </span>
    </p>
   </div>
   <div class='ocr_carea' id='block_1_95' title="bbox 300 4927 1858 4998">
    <p class='ocr_par' dir='ltr' id='par_1_95' title="bbox 300 4927 1858 4998">
     <span class='ocr_line' id='line_1_95' title="bbox 300 4927 1858 4998; baseline -0.003 -14"><span class='ocrx_word' id='word_1_681' title='bbox 300 4935 455 4994; x_wconf 78' lang='grc' dir='ltr'><strong>πᾶσι,</strong></span> <span class='ocrx_word' id='word_1_682' title='bbox 492 4929 665 4984; x_wconf 78' lang='grc' dir='ltr'><strong>καὶτὸ</strong></span> <span class='ocrx_word' id='word_1_683' title='bbox 687 4929 1096 4997; x_wconf 84' lang='grc' dir='ltr'><strong>ἀπερίγραπτον</strong></span> <span class='ocrx_word' id='word_1_684' title='bbox 1116 4943 1128 4957; x_wconf 92' lang='grc'><strong>·</strong></span> <span class='ocrx_word' id='word_1_685' title='bbox 1162 4927 1390 4996; x_wconf 77' lang='grc' dir='ltr'><strong>ἐπείπερ</strong></span> <span class='ocrx_word' id='word_1_686' title='bbox 1411 4927 1602 4998; x_wconf 77' lang='grc' dir='ltr'><strong>εἴρηκε</strong></span> <span class='ocrx_word' id='word_1_687' title='bbox 1634 4927 1858 4982; x_wconf 78' lang='grc' dir='ltr'><strong>’Πάντα</strong></span> 
     </span>
    </p>
   </div>
   <div class='ocr_carea' id='block_1_96' title="bbox 301 5019 1862 5092">
    <p class='ocr_par' dir='ltr' id='par_1_96' title="bbox 301 5019 1862 5092">
     <span class='ocr_line' id='line_1_96' title="bbox 301 5019 1862 5092; baseline -0.002 -17"><span class='ocrx_word' id='word_1_688' title='bbox 301 5024 373 5076; x_wconf 85' lang='grc' dir='ltr'><strong>τὰ</strong></span> <span class='ocrx_word' id='word_1_689' title='bbox 400 5025 514 5091; x_wconf 83' lang='grc' dir='ltr'><strong>ἐμὰ</strong></span> <span class='ocrx_word' id='word_1_690' title='bbox 565 5020 648 5075; x_wconf 77' lang='grc' dir='ltr'><strong>σά</strong></span> <span class='ocrx_word' id='word_1_691' title='bbox 685 5021 837 5082; x_wconf 81' lang='grc' dir='ltr'><strong>ἐστι,</strong></span> <span class='ocrx_word' id='word_1_692' title='bbox 873 5020 970 5073; x_wconf 76' lang='grc' dir='ltr'><strong>καί</strong></span> <span class='ocrx_word' id='word_1_693' title='bbox 1008 5020 1078 5074; x_wconf 82' lang='grc' dir='ltr'><strong>τὰ</strong></span> <span class='ocrx_word' id='word_1_694' title='bbox 1113 5019 1195 5073; x_wconf 83' lang='grc' dir='ltr'><strong>σὰ</strong></span> <span class='ocrx_word' id='word_1_695' title='bbox 1222 5019 1333 5088; x_wconf 82' lang='grc' dir='ltr'><strong>ἐμά</strong></span> <span class='ocrx_word' id='word_1_696' title='bbox 1358 5037 1371 5050; x_wconf 84' lang='grc'><strong>·</strong></span> <span class='ocrx_word' id='word_1_697' title='bbox 1407 5019 1470 5072; x_wconf 81' lang='grc' dir='ltr'><strong>ἑκ</strong></span> <span class='ocrx_word' id='word_1_698' title='bbox 1526 5037 1585 5072; x_wconf 88' lang='grc' dir='ltr'><strong>τε</strong></span> <span class='ocrx_word' id='word_1_699' title='bbox 1615 5021 1862 5092; x_wconf 84' lang='grc' dir='ltr'><strong>Μητρὸς,</strong></span> 
     </span>
    </p>
   </div>
   <div class='ocr_carea' id='block_1_97' title="bbox 303 5111 1866 5182">
    <p class='ocr_par' dir='ltr' id='par_1_97' title="bbox 303 5111 1866 5182">
     <span class='ocr_line' id='line_1_97' title="bbox 303 5111 1866 5182; baseline 0 -18"><span class='ocrx_word' id='word_1_700' title='bbox 303 5130 401 5165; x_wconf 88' lang='grc' dir='ltr'><strong>συν</strong></span> <span class='ocrx_word' id='word_1_701' title='bbox 450 5115 619 5178; x_wconf 77' lang='grc' dir='ltr'><strong>πᾶσι,</strong></span> <span class='ocrx_word' id='word_1_702' title='bbox 663 5114 756 5166; x_wconf 72' lang='grc' dir='ltr'><strong>καὶ</strong></span> <span class='ocrx_word' id='word_1_703' title='bbox 799 5111 863 5165; x_wconf 76' lang='grc' dir='ltr'><strong>τὸ</strong></span> <span class='ocrx_word' id='word_1_704' title='bbox 912 5113 1328 5182; x_wconf 77' lang='grc' dir='ltr'><strong>περιγραπτόνο</strong></span> <span class='ocrx_word' id='word_1_705' title='bbox 1376 5112 1610 5182; x_wconf 76' lang='grc' dir='ltr'><strong>ἐπείπερ</strong></span> <span class='ocrx_word' id='word_1_706' title='bbox 1661 5112 1866 5182; x_wconf 82' lang='grc' dir='ltr'><strong>γέγρα-</strong></span> 
     </span>
    </p>
   </div>
   <div class='ocr_carea' id='block_1_98' title="bbox 302 5206 1866 5278">
    <p class='ocr_par' dir='ltr' id='par_1_98' title="bbox 302 5206 1866 5278">
     <span class='ocr_line' id='line_1_98' title="bbox 302 5206 1866 5278; baseline -0.001 -18"><span class='ocrx_word' id='word_1_707' title='bbox 302 5225 456 5262; x_wconf 87' lang='grc' dir='ltr'><strong>πται.</strong></span> <span class='ocrx_word' id='word_1_708' title='bbox 525 5210 607 5262; x_wconf 86' lang='grc' dir='ltr'><strong>Οὑ</strong></span> <span class='ocrx_word' id='word_1_709' title='bbox 665 5210 775 5278; x_wconf 79' lang='grc' dir='ltr'><strong>γὰρ</strong></span> <span class='ocrx_word' id='word_1_710' title='bbox 807 5207 1004 5272; x_wconf 79' lang='grc' dir='ltr'><strong>δήπου</strong></span> <span class='ocrx_word' id='word_1_711' title='bbox 1045 5206 1312 5276; x_wconf 64' lang='grc' dir='ltr'><strong>ἀγγέλων</strong></span> <span class='ocrx_word' id='word_1_712' title='bbox 1363 5206 1825 5274; x_wconf 77' lang='grc' dir='ltr'><strong>ἐπιλαμϐάνεται</strong></span> <span class='ocrx_word' id='word_1_713' title='bbox 1851 5246 1866 5272; x_wconf 90' lang='grc'><strong>,</strong></span> 
     </span>
    </p>
   </div>
   <div class='ocr_carea' id='block_1_99' title="bbox 306 5297 1870 5375">
    <p class='ocr_par' dir='ltr' id='par_1_99' title="bbox 306 5297 1870 5375">
     <span class='ocr_line' id='line_1_99' title="bbox 306 5297 1870 5375; baseline -0.003 -21"><span class='ocrx_word' id='word_1_714' title='bbox 306 5301 466 5354; x_wconf 66' lang='grc' dir='ltr'><em>ἀλλὰ</em></span> <span class='ocrx_word' id='word_1_715' title='bbox 519 5299 857 5369; x_wconf 83' lang='grc' dir='ltr'><strong>σπέρματος</strong></span> <span class='ocrx_word' id='word_1_716' title='bbox 901 5301 1145 5375; x_wconf 76' lang='grc' dir='ltr'><strong>Ἀϐραὰμ</strong></span> <span class='ocrx_word' id='word_1_717' title='bbox 1192 5300 1668 5368; x_wconf 75' lang='grc' dir='ltr'><strong>ἐπιλαμϐάνεται.</strong></span> <span class='ocrx_word' id='word_1_718' title='bbox 1706 5297 1870 5351; x_wconf 81' lang='grc' dir='ltr'><strong>Ὅθεν</strong></span> 
     </span>
    </p>
   </div>
   <div class='ocr_carea' id='block_1_100' title="bbox 303 5385 1867 5462">
    <p class='ocr_par' dir='ltr' id='par_1_100' title="bbox 303 5385 1867 5462">
     <span class='ocr_line' id='line_1_100' title="bbox 303 5385 1867 5462; baseline -0.002 -17"><span class='ocrx_word' id='word_1_719' title='bbox 303 5392 502 5461; x_wconf 79' lang='grc' dir='ltr'><strong>ὤφειλε</strong></span> <span class='ocrx_word' id='word_1_720' title='bbox 535 5397 674 5446; x_wconf 88' lang='grc' dir='ltr'><strong>κατά</strong></span> <span class='ocrx_word' id='word_1_721' title='bbox 697 5394 871 5446; x_wconf 74' lang='grc' dir='ltr'><strong>πάντα</strong></span> <span class='ocrx_word' id='word_1_722' title='bbox 884 5395 993 5456; x_wconf 87' lang='grc' dir='ltr'><strong>τοῖς</strong></span> <span class='ocrx_word' id='word_1_723' title='bbox 1011 5391 1258 5462; x_wconf 81' lang='grc' dir='ltr'><strong>ἀδελφοῖς</strong></span> <span class='ocrx_word' id='word_1_724' title='bbox 1282 5391 1740 5462; x_wconf 81' lang='grc' dir='ltr'><strong>ὁμοιωθῆναι.Ἒν</strong></span> <span class='ocrx_word' id='word_1_725' title='bbox 1773 5385 1867 5443; x_wconf 83' lang='grc' dir='ltr'><strong>οὖν</strong></span> 
     </span>
    </p>
   </div>
   <div class='ocr_carea' id='block_1_101' title="bbox 307 5483 1868 5556">
    <p class='ocr_par' dir='ltr' id='par_1_101' title="bbox 307 5483 1868 5556">
     <span class='ocr_line' id='line_1_101' title="bbox 307 5483 1868 5556; baseline -0.004 -16"><span class='ocrx_word' id='word_1_726' title='bbox 307 5485 428 5540; x_wconf 70' lang='grc' dir='ltr'><strong>καθ’</strong></span> <span class='ocrx_word' id='word_1_727' title='bbox 463 5485 727 5556; x_wconf 77' lang='grc' dir='ltr'><strong>ἑκατέραν</strong></span> <span class='ocrx_word' id='word_1_728' title='bbox 780 5486 938 5555; x_wconf 87' lang='grc' dir='ltr'><strong>φύσιν</strong></span> <span class='ocrx_word' id='word_1_729' title='bbox 1005 5483 1392 5555; x_wconf 84' lang='grc' dir='ltr'><strong>ἀναιρούμενον</strong></span> <span class='ocrx_word' id='word_1_730' title='bbox 1439 5484 1868 5551; x_wconf 83' lang='grc' dir='ltr'><strong>ἰδίωμα,συναν-</strong></span> 
     </span>
    </p>
   </div>
   <div class='ocr_carea' id='block_1_102' title="bbox 383 5599 798 5665">
    <p class='ocr_par' dir='ltr' id='par_1_102' title="bbox 383 5599 798 5665">
     <span class='ocr_line' id='line_1_102' title="bbox 383 5599 798 5665; baseline -0.007 -10"><span class='ocrx_word' id='word_1_731' title='bbox 383 5601 428 5631; x_wconf 87' lang='grc'><strong>⁸³</strong></span> <span class='ocrx_word' id='word_1_732' title='bbox 455 5601 611 5656; x_wconf 84' lang='lat' dir='ltr'><strong>Joan.</strong></span> <span class='ocrx_word' id='word_1_733' title='bbox 643 5617 680 5665; x_wconf 86' lang='grc' dir='ltr'><strong>ι,</strong></span> <span class='ocrx_word' id='word_1_734' title='bbox 714 5599 798 5653; x_wconf 71' lang='grc'><strong>14.</strong></span> 
     </span>
    </p>
   </div>
   <div class='ocr_carea' id='block_1_103' title="bbox 1933 4637 3532 4726">
    <p class='ocr_par' dir='ltr' id='par_1_103' title="bbox 1933 4637 3532 4726">
     <span class='ocr_line' id='line_1_103' title="bbox 1933 4637 3532 4726; baseline -0.008 -15"><span class='ocrx_word' id='word_1_735' title='bbox 1933 4643 2060 4726; x_wconf 71' lang='grc' dir='ltr'><strong>’(ιυί</strong></span> <span class='ocrx_word' id='word_1_736' title='bbox 2083 4663 2323 4710; x_wconf 80' lang='lat' dir='ltr'><strong>extrema</strong></span> <span class='ocrx_word' id='word_1_737' title='bbox 2357 4652 2515 4706; x_wconf 89' lang='lat' dir='ltr'><strong>ambo</strong></span> <span class='ocrx_word' id='word_1_738' title='bbox 2544 4652 2596 4704; x_wconf 93' lang='lat' dir='ltr'><strong>in</strong></span> <span class='ocrx_word' id='word_1_739' title='bbox 2623 4650 2800 4719; x_wconf 88' lang='lat' dir='ltr'><strong>seipso</strong></span> <span class='ocrx_word' id='word_1_740' title='bbox 2829 4646 3129 4717; x_wconf 81' lang='lat' dir='ltr'><strong>conjunxit,</strong></span> <span class='ocrx_word' id='word_1_741' title='bbox 3159 4655 3213 4699; x_wconf 90' lang='lat' dir='ltr'><strong>et</strong></span> <span class='ocrx_word' id='word_1_742' title='bbox 3241 4637 3532 4711; x_wconf 79' lang='lat' dir='ltr'><strong>utrumque</strong></span> 
     </span>
    </p>
   </div>
   <div class='ocr_carea' id='block_1_104' title="bbox 1967 4739 3524 4813">
    <p class='ocr_par' dir='ltr' id='par_1_104' title="bbox 1967 4739 3524 4813">
     <span class='ocr_line' id='line_1_104' title="bbox 1967 4739 3524 4813; baseline -0.009 -9"><span class='ocrx_word' id='word_1_743' title='bbox 1967 4747 2205 4810; x_wconf 79' lang='lat' dir='ltr'><strong>exsistit,</strong></span> <span class='ocrx_word' id='word_1_744' title='bbox 2229 4755 2283 4800; x_wconf 87' lang='lat' dir='ltr'><strong>et</strong></span> <span class='ocrx_word' id='word_1_745' title='bbox 2304 4744 2607 4813; x_wconf 89' lang='lat' dir='ltr'><strong>utriusque,</strong></span> <span class='ocrx_word' id='word_1_746' title='bbox 2653 4757 2759 4810; x_wconf 89' lang='lat' dir='ltr'><strong>qua</strong></span> <span class='ocrx_word' id='word_1_747' title='bbox 2789 4749 3020 4802; x_wconf 85' lang='lat' dir='ltr'><strong>constat,</strong></span> <span class='ocrx_word' id='word_1_748' title='bbox 3055 4748 3261 4793; x_wconf 70' lang='lat' dir='ltr'><strong>natura:</strong></span> <span class='ocrx_word' id='word_1_749' title='bbox 3284 4739 3524 4807; x_wconf 87' lang='lat' dir='ltr'><strong>proprie-</strong></span> 
     </span>
    </p>
   </div>
   <div class='ocr_carea' id='block_1_105' title="bbox 1969 4833 3524 4908">
    <p class='ocr_par' dir='ltr' id='par_1_105' title="bbox 1969 4833 3524 4908">
     <span class='ocr_line' id='line_1_105' title="bbox 1969 4833 3524 4908; baseline -0.008 -14"><span class='ocrx_word' id='word_1_750' title='bbox 1969 4850 2108 4894; x_wconf 86' lang='lat' dir='ltr'><strong>tates</strong></span> <span class='ocrx_word' id='word_1_751' title='bbox 2133 4840 2186 4892; x_wconf 91' lang='lat' dir='ltr'><strong>in</strong></span> <span class='ocrx_word' id='word_1_752' title='bbox 2223 4853 2329 4891; x_wconf 92' lang='lat' dir='ltr'><strong>una</strong></span> <span class='ocrx_word' id='word_1_753' title='bbox 2366 4837 2639 4908; x_wconf 79' lang='lat' dir='ltr'><strong>hypostasi</strong></span> <span class='ocrx_word' id='word_1_754' title='bbox 2671 4837 2826 4905; x_wconf 91' lang='lat' dir='ltr'><strong>plene</strong></span> <span class='ocrx_word' id='word_1_755' title='bbox 2853 4845 2906 4888; x_wconf 91' lang='lat' dir='ltr'><strong>et</strong></span> <span class='ocrx_word' id='word_1_756' title='bbox 2933 4835 3053 4888; x_wconf 91' lang='lat' dir='ltr'><strong>sine</strong></span> <span class='ocrx_word' id='word_1_757' title='bbox 3081 4835 3290 4888; x_wconf 80' lang='lat' dir='ltr'><strong>defectu</strong></span> <span class='ocrx_word' id='word_1_758' title='bbox 3329 4833 3524 4887; x_wconf 89' lang='lat' dir='ltr'><strong>habet:</strong></span> 
     </span>
    </p>
   </div>
   <div class='ocr_carea' id='block_1_106' title="bbox 1968 4931 3527 4998">
    <p class='ocr_par' dir='ltr' id='par_1_106' title="bbox 1968 4931 3527 4998">
     <span class='ocr_line' id='line_1_106' title="bbox 1968 4931 3527 4998; baseline -0.003 -11"><span class='ocrx_word' id='word_1_759' title='bbox 1968 4950 2034 4988; x_wconf 80' lang='lat' dir='ltr'><strong>ex</strong></span> <span class='ocrx_word' id='word_1_760' title='bbox 2051 4931 2231 4998; x_wconf 85' lang='lat' dir='ltr'><strong>Patre,</strong></span> <span class='ocrx_word' id='word_1_761' title='bbox 2271 4948 2395 4986; x_wconf 91' lang='lat' dir='ltr'><strong>cum</strong></span> <span class='ocrx_word' id='word_1_762' title='bbox 2418 4932 2537 4986; x_wconf 91' lang='lat' dir='ltr'><strong>aliis</strong></span> <span class='ocrx_word' id='word_1_763' title='bbox 2559 4933 2834 4996; x_wconf 90' lang='lat' dir='ltr'><strong>omnibus,</strong></span> <span class='ocrx_word' id='word_1_764' title='bbox 2872 4931 3484 4998; x_wconf 82' lang='lat' dir='ltr'><strong>incircumscriptionem</strong></span> <span class='ocrx_word' id='word_1_765' title='bbox 3511 4947 3527 4994; x_wconf 88' lang='lat'><strong>;</strong></span> 
     </span>
    </p>
   </div>
   <div class='ocr_carea' id='block_1_107' title="bbox 1968 5023 3531 5095">
    <p class='ocr_par' dir='ltr' id='par_1_107' title="bbox 1968 5023 3531 5095">
     <span class='ocr_line' id='line_1_107' title="bbox 1968 5023 3531 5095; baseline -0.001 -17"><span class='ocrx_word' id='word_1_766' title='bbox 1968 5025 2165 5095; x_wconf 91' lang='lat' dir='ltr'><strong>quippe</strong></span> <span class='ocrx_word' id='word_1_767' title='bbox 2204 5024 2452 5094; x_wconf 80' lang='lat' dir='ltr'><strong>quidixit</strong></span> <span class='ocrx_word' id='word_1_768' title='bbox 2489 5042 2501 5076; x_wconf 91' lang='lat'><strong>:</strong></span> <span class='ocrx_word' id='word_1_769' title='bbox 2533 5023 2725 5077; x_wconf 86' lang='lat' dir='ltr'><strong>Omnia</strong></span> <span class='ocrx_word' id='word_1_770' title='bbox 2758 5039 2871 5075; x_wconf 87' lang='lat' dir='ltr'><strong>mea</strong></span> <span class='ocrx_word' id='word_1_771' title='bbox 2904 5032 2996 5075; x_wconf 83' lang='lat' dir='ltr'><strong>tua</strong></span> <span class='ocrx_word' id='word_1_772' title='bbox 3032 5030 3173 5086; x_wconf 70' lang='lat' dir='ltr'><strong>sunt,</strong></span> <span class='ocrx_word' id='word_1_773' title='bbox 3208 5032 3256 5074; x_wconf 84' lang='lat' dir='ltr'><strong>et</strong></span> <span class='ocrx_word' id='word_1_774' title='bbox 3288 5031 3379 5074; x_wconf 83' lang='lat' dir='ltr'><strong>tua</strong></span> <span class='ocrx_word' id='word_1_775' title='bbox 3414 5039 3531 5076; x_wconf 86' lang='lat' dir='ltr'><strong>mea</strong></span> 
     </span>
    </p>
   </div>
   <div class='ocr_carea' id='block_1_108' title="bbox 1966 5115 3527 5184">
    <p class='ocr_par' dir='ltr' id='par_1_108' title="bbox 1966 5115 3527 5184">
     <span class='ocr_line' id='line_1_108' title="bbox 1966 5115 3527 5184; baseline -0.001 -14"><span class='ocrx_word' id='word_1_776' title='bbox 1966 5117 2197 5179; x_wconf 81' lang='lat' dir='ltr'><strong>sunt&quot;;</strong></span> <span class='ocrx_word' id='word_1_777' title='bbox 2230 5126 2281 5170; x_wconf 87' lang='lat' dir='ltr'><strong>et</strong></span> <span class='ocrx_word' id='word_1_778' title='bbox 2311 5131 2374 5168; x_wconf 70' lang='lat' dir='ltr'><strong>ex</strong></span> <span class='ocrx_word' id='word_1_779' title='bbox 2406 5130 2596 5178; x_wconf 84' lang='lat' dir='ltr'><strong>matre,</strong></span> <span class='ocrx_word' id='word_1_780' title='bbox 2641 5131 2761 5168; x_wconf 93' lang='lat' dir='ltr'><strong>cum</strong></span> <span class='ocrx_word' id='word_1_781' title='bbox 2790 5115 3013 5184; x_wconf 84' lang='lat' dir='ltr'><strong>reliquis</strong></span> <span class='ocrx_word' id='word_1_782' title='bbox 3047 5115 3321 5180; x_wconf 85' lang='lat' dir='ltr'><strong>omnibus,</strong></span> <span class='ocrx_word' id='word_1_783' title='bbox 3365 5115 3527 5169; x_wconf 89' lang='lat' dir='ltr'><strong>etiam</strong></span> 
     </span>
    </p>
   </div>
   <div class='ocr_carea' id='block_1_109' title="bbox 1969 5206 3528 5276">
    <p class='ocr_par' dir='ltr' id='par_1_109' title="bbox 1969 5206 3528 5276">
     <span class='ocr_line' id='line_1_109' title="bbox 1969 5206 3528 5276; baseline -0.001 -14"><span class='ocrx_word' id='word_1_784' title='bbox 1969 5208 2523 5275; x_wconf 86' lang='lat' dir='ltr'><strong>circumscriptionem</strong></span> <span class='ocrx_word' id='word_1_785' title='bbox 2563 5227 2576 5261; x_wconf 88' lang='lat'><strong>:</strong></span> <span class='ocrx_word' id='word_1_786' title='bbox 2627 5209 2752 5276; x_wconf 91' lang='lat' dir='ltr'><strong>quia</strong></span> <span class='ocrx_word' id='word_1_787' title='bbox 2778 5211 3038 5275; x_wconf 88' lang='lat' dir='ltr'><strong>scriptum</strong></span> <span class='ocrx_word' id='word_1_788' title='bbox 3071 5219 3155 5262; x_wconf 90' lang='lat' dir='ltr'><strong>est</strong></span> <span class='ocrx_word' id='word_1_789' title='bbox 3189 5225 3202 5261; x_wconf 87' lang='lat'><strong>:</strong></span> <span class='ocrx_word' id='word_1_790' title='bbox 3237 5206 3356 5261; x_wconf 83' lang='lat' dir='ltr'><strong>Non</strong></span> <span class='ocrx_word' id='word_1_791' title='bbox 3385 5210 3528 5260; x_wconf 84' lang='lat' dir='ltr'><strong>enim</strong></span> 
     </span>
    </p>
   </div>
   <div class='ocr_carea' id='block_1_110' title="bbox 1969 5301 3529 5373">
    <p class='ocr_par' dir='ltr' id='par_1_110' title="bbox 1969 5301 3529 5373">
     <span class='ocr_line' id='line_1_110' title="bbox 1969 5301 3529 5373; baseline 0.001 -18"><span class='ocrx_word' id='word_1_792' title='bbox 1969 5303 2178 5369; x_wconf 76' lang='lat' dir='ltr'><strong>angelos</strong></span> <span class='ocrx_word' id='word_1_793' title='bbox 2229 5301 2583 5370; x_wconf 78' lang='lat' dir='ltr'><strong>apprehendit,</strong></span> <span class='ocrx_word' id='word_1_794' title='bbox 2640 5304 2729 5354; x_wconf 81' lang='lat' dir='ltr'><strong>sed</strong></span> <span class='ocrx_word' id='word_1_795' title='bbox 2777 5319 2949 5356; x_wconf 77' lang='lat' dir='ltr'><strong>semen</strong></span> <span class='ocrx_word' id='word_1_796' title='bbox 2985 5304 3214 5357; x_wconf 68' lang='lat' dir='ltr'><strong>Abram:</strong></span> <span class='ocrx_word' id='word_1_797' title='bbox 3242 5303 3529 5373; x_wconf 78' lang='lat' dir='ltr'><strong>apprchen-</strong></span> 
     </span>
    </p>
   </div>
   <div class='ocr_carea' id='block_1_111' title="bbox 1969 5394 3524 5467">
    <p class='ocr_par' dir='ltr' id='par_1_111' title="bbox 1969 5394 3524 5467">
     <span class='ocr_line' id='line_1_111' title="bbox 1969 5394 3524 5467; baseline 0.003 -19"><span class='ocrx_word' id='word_1_798' title='bbox 1969 5397 2046 5448; x_wconf 81' lang='lat' dir='ltr'><strong>dit</strong></span> <span class='ocrx_word' id='word_1_799' title='bbox 2071 5398 2134 5450; x_wconf 80' lang='grc'><strong>⁵⁷.</strong></span> <span class='ocrx_word' id='word_1_800' title='bbox 2179 5394 2330 5451; x_wconf 91' lang='lat' dir='ltr'><strong>Unde</strong></span> <span class='ocrx_word' id='word_1_801' title='bbox 2360 5413 2452 5467; x_wconf 85' lang='lat' dir='ltr'><strong>per</strong></span> <span class='ocrx_word' id='word_1_802' title='bbox 2481 5398 2662 5452; x_wconf 90' lang='lat' dir='ltr'><strong>omnia</strong></span> <span class='ocrx_word' id='word_1_803' title='bbox 2680 5397 2942 5452; x_wconf 74' lang='lat' dir='ltr'><strong>fratribus</strong></span> <span class='ocrx_word' id='word_1_804' title='bbox 2963 5397 3254 5453; x_wconf 88' lang='lat' dir='ltr'><strong>assimilari</strong></span> <span class='ocrx_word' id='word_1_805' title='bbox 3272 5397 3524 5453; x_wconf 89' lang='lat' dir='ltr'><strong>debebat.</strong></span> 
     </span>
    </p>
   </div>
   <div class='ocr_carea' id='block_1_112' title="bbox 1971 5485 3529 5560">
    <p class='ocr_par' dir='ltr' id='par_1_112' title="bbox 1971 5485 3529 5560">
     <span class='ocr_line' id='line_1_112' title="bbox 1971 5485 3529 5560; baseline 0.004 -22"><span class='ocrx_word' id='word_1_806' title='bbox 1971 5485 2065 5540; x_wconf 81' lang='lat' dir='ltr'><strong>Vel</strong></span> <span class='ocrx_word' id='word_1_807' title='bbox 2099 5489 2254 5543; x_wconf 87' lang='lat' dir='ltr'><strong>unica</strong></span> <span class='ocrx_word' id='word_1_808' title='bbox 2297 5489 2458 5559; x_wconf 90' lang='lat' dir='ltr'><strong>igitur</strong></span> <span class='ocrx_word' id='word_1_809' title='bbox 2501 5491 2551 5543; x_wconf 91' lang='lat' dir='ltr'><strong>in</strong></span> <span class='ocrx_word' id='word_1_810' title='bbox 2604 5491 2861 5545; x_wconf 87' lang='lat' dir='ltr'><strong>alterutra</strong></span> <span class='ocrx_word' id='word_1_811' title='bbox 2899 5501 3091 5546; x_wconf 86' lang='lat' dir='ltr'><strong>natura</strong></span> <span class='ocrx_word' id='word_1_812' title='bbox 3149 5491 3449 5560; x_wconf 86' lang='lat' dir='ltr'><strong>proprietas</strong></span> <span class='ocrx_word' id='word_1_813' title='bbox 3477 5491 3529 5545; x_wconf 83' lang='lat' dir='ltr'><strong>si</strong></span> 
     </span>
    </p>
   </div>
   <div class='ocr_carea' id='block_1_113' title="bbox 893 5596 1964 5663">
    <p class='ocr_par' dir='ltr' id='par_1_113' title="bbox 893 5596 1964 5663">
     <span class='ocr_line' id='line_1_113' title="bbox 893 5596 1964 5663; baseline 0 -11"><span class='ocrx_word' id='word_1_814' title='bbox 893 5600 938 5631; x_wconf 77' lang='grc'><strong>³⁸</strong></span> <span class='ocrx_word' id='word_1_815' title='bbox 967 5598 1125 5653; x_wconf 86' lang='lat' dir='ltr'><strong>Joan.</strong></span> <span class='ocrx_word' id='word_1_816' title='bbox 1161 5614 1292 5661; x_wconf 83' lang='lat' dir='ltr'><strong>xvu,</strong></span> <span class='ocrx_word' id='word_1_817' title='bbox 1333 5598 1417 5650; x_wconf 77' lang='lat' dir='ltr'><strong>lt).</strong></span> <span class='ocrx_word' id='word_1_818' title='bbox 1493 5598 1536 5628; x_wconf 80' lang='grc'><strong>⁸⁷</strong></span> <span class='ocrx_word' id='word_1_819' title='bbox 1569 5596 1732 5653; x_wconf 84' lang='lat' dir='ltr'><strong>Hebr.</strong></span> <span class='ocrx_word' id='word_1_820' title='bbox 1775 5613 1833 5663; x_wconf 83' lang='grc' dir='ltr'><strong>ιι,</strong></span> <span class='ocrx_word' id='word_1_821' title='bbox 1879 5597 1964 5652; x_wconf 76' lang='grc'><strong>16.</strong></span> 
     </span>
    </p>
   </div>
   <div class='ocr_carea' id='block_1_114' title="bbox 1803 5710 2031 5768">
    <p class='ocr_par' dir='ltr' id='par_1_114' title="bbox 1803 5710 2031 5768">
     <span class='ocr_line' id='line_1_114' title="bbox 1803 5710 2031 5768; baseline 0.009 -5"><span class='ocrx_word' id='word_1_822' title='bbox 1803 5710 2031 5768; x_wconf 66' lang='lat' dir='ltr'><strong>NOTAE.</strong></span> 
     </span>
    </p>
   </div>
   <div class='ocr_carea' id='block_1_115' title="bbox 382 5832 1676 5902">
    <p class='ocr_par' dir='ltr' id='par_1_115' title="bbox 382 5832 1676 5902">
     <span class='ocr_line' id='line_1_115' title="bbox 382 5832 1676 5902; baseline -0.001 -17"><span class='ocrx_word' id='word_1_823' title='bbox 382 5832 536 5900; x_wconf 81' lang='lat'><strong>(95“)</strong></span> <span class='ocrx_word' id='word_1_824' title='bbox 563 5835 875 5888; x_wconf 83' lang='lat' dir='ltr'><strong>Animarum</strong></span> <span class='ocrx_word' id='word_1_825' title='bbox 902 5832 1332 5902; x_wconf 63' lang='lat' dir='ltr'><strong>praeexsistentim</strong></span> <span class='ocrx_word' id='word_1_826' title='bbox 1361 5840 1676 5885; x_wconf 73' lang='lat' dir='ltr'><strong>assertores.</strong></span> 
     </span>
    </p>
   </div>
  </div>
