4184 6490
716 360 852 422 1603

1894 369 1955 431 S.
1982 370 2372 431 THEODORI
2418 373 2763 435 STUDITE

3809 373 3947 435 1604

714 474 954 533 tollatur,
983 486 1171 528 omnes
1200 474 1441 543 ejusdem
1488 478 1695 533 ordinis
1725 479 1845 534 alia:
1892 483 2051 537 simul
2082 486 2269 537 tollan-

2350 490 2553 557 ,αιρεῑν
2585 490 2825 555 πέφυκεν
2858 487 2916 551 ἐξ
2949 485 3243 553 ἀναγκαίου
3282 486 3455 538 πάντα
3500 482 3569 537 τά
3623 484 3941 552 όμόστοιχα.

713 574 801 618 ιιιι·
823 579 1043 619 necesse
1074 575 1177 619 est.
1220 566 1460 623 Sublatis
1481 578 1661 623 autem
1694 572 2141 641 proprietatibus,
2174 592 2280 628 uua

714 656 903 723 utique
935 654 1199 710 tolluntur
1224 667 1276 713 et
1297 672 1484 713 earum
1513 669 1741 716 naturas.

782 746 958 803 Testis
1024 748 1219 804 borum
1270 768 1425 807 sacer
1469 766 1673 827 martyr
1718 756 1989 823 Justinus,
2040 762 2196 831 cujus
2226 764 2277 817 in

711 840 945 907 quodam
970 840 1089 896 loco
1113 843 1227 897 haec
1257 854 1385 900 sunt
1412 850 1569 901 verba
1600 866 1613 901 :
1648 868 1666 900 ι
1696 848 1837 903 Nihil
1860 852 2005 905 enim
2041 852 2093 905 in
2121 855 2281 908 rebus

715 928 767 983 id
800 930 943 999 quod
991 940 1075 986 est
1120 946 1417 1003 permanet,
1449 938 1494 991 si
1521 955 1712 1003 unum,
1759 945 1845 995 vel
1878 942 2052 997 solum
2094 958 2156 997 ex
2191 945 2277 1005 iis,

713 1036 834 1089 quae
877 1026 1193 1079 naturaliter
1248 1028 1297 1081 ei
1340 1029 1546 1093 insunt,
1586 1032 1824 1086 deticiat.
1878 1052 1897 1084 ι
1942 1036 2116 1104 Atque
2155 1036 2280 1090 hinc

714 1124 866 1165 cassa
922 1121 975 1165 et
1037 1129 1173 1168 vana
1234 1131 1329 1185 per
1381 1134 1574 1171 novam
1605 1120 1947 1189 hypothesim
1985 1122 2120 1175 ﬁunt
2146 1122 2275 1177 ﬁdei

711 1210 910 1252 nastraa
961 1203 1235 1274 mysteria.
1293 1206 1671 1275 Cougruenter
1722 1219 1901 1263 autem
1940 1213 2278 1281 evangelista:

708 1288 1001 1357 Apostolus
1049 1295 1161 1349 haec
1213 1297 1336 1351 ait:
1386 1296 1487 1361 Qui
1519 1315 1638 1351 cum
1686 1302 1948 1368 informa
2005 1303 2099 1356 Dei
2121 1315 2274 1369 esset,

710 1400 814 1436 non
852 1386 1094 1453 rapinam
1156 1388 1448 1443 arbitratus
1504 1401 1581 1445 est
1622 1408 1734 1445 esse
1763 1410 1815 1445 se
1845 1396 2097 1463 aqualem
2136 1396 2273 1459 Deo;

707 1478 797 1529 sed
821 1479 1151 1546 semetipsum
1180 1481 1495 1544 exinanivit,
1519 1482 1744 1551 formam
1776 1487 1909 1537 servi
1942 1488 2270 1552 accipiens”.

707 1565 875 1635 Igitur
930 1569 997 1633 si,
1035 1570 1087 1623 iu
1131 1569 1305 1625 forma
1340 1570 1433 1626 Dei
1464 1588 1587 1627 cum
1638 1586 1803 1640 esset,
1855 1576 2085 1631 formam
2126 1579 2270 1633 servi

707 1660 946 1729 accepit,
995 1662 1115 1716 sine
1168 1665 1565 1725 controversia.
1628 1674 1900 1734 quatenus
1952 1669 2168 1737 quidem
2218 1671 2271 1724 in

706 1752 877 1807 forma
924 1754 1015 1807 Dei
1048 1770 1149 1817 est,
1202 1756 1433 1825 imagine
1480 1772 1587 1810 non
1622 1759 1985 1827 exprimitur;
2026 1761 2271 1829 quando.

703 1849 921 1916 quidem
953 1846 1093 1902 Deus
1120 1864 1282 1917 supra
1301 1851 1843 1918 comprehensionem
1877 1861 1961 1905 est
1980 1863 2273 1920 :quatenus

2396 576 2825 645 ’Δναιρουμένων
2850 576 2904 629 δὶ
2932 575 3041 629 τῶν
3071 574 3394 643 ἰδιωμάτων,
3419 573 3661 643 δηλονότι
3686 590 3944 626 συναναι-

2385 664 2599 733 ροῦνται
2629 666 2724 718 καὶ
2751 667 2807 718 ai
2835 664 3038 718 τούτων
3061 664 3274 731 φύσεις.

2453 758 2560 811 Καὶ
2620 758 2828 827 μάρτυς
2874 756 2967 809 τοῦ
3019 756 3178 823 λόγου
3206 758 3234 809 6
3282 755 3609 825 ίερόμαρτυς
3654 756 3943 813 Ἰουστῖνος

2380 841 2485 901 ὧδέ
2524 865 2625 900 που
2652 848 2826 913 λέγων
2855 862 2871 875 ⁸
2914 865 2933 897 ι
2978 846 3145 899 Οὐδὲν
3179 847 3288 916 γὰρ
3320 846 3565 907 διαμένει
3597 845 3706 897 τῶν
3741 845 3938 904 ὄντων,

2380 937 2518 1006 ὅπερ
2544 940 2710 999 ἐστὶν,
2739 938 2856 1000 ἑνὸς
2885 937 2980 990 καὶ
3014 937 3176 1005 μόνου
3194 937 3303 989 τῶν
3329 938 3638 1007 προσόντων
3664 936 3818 1005 αὐτῷ
3838 954 3941 1003 cpu-

2381 1030 2546 1091 σικῶς
2573 1030 2926 1090 ἐλλείποντος.
2965 1046 2983 1078 ι
3020 1027 3327 1081 Κάντεῦθεν
3354 1027 3563 1098 φροῦδα
3588 1028 3656 1079 τά
3694 1026 3797 1095 τῆς
3849 1026 3941 1077 πί-

2379 1134 2549 1180 στεως
2602 1118 2756 1186 ἡμῶν
2789 1120 2852 1169 ἐκ
2881 1118 2977 1185 τῆς
3004 1118 3197 1186 καινῆς
3238 1117 3545 1178 ὑποθέσεως
3573 1116 3939 1183 καθέστηκεν.

2390 1210 2699 1279 Ἐπομένως
2719 1209 2763 1261 δ’
2794 1204 2885 1260 οὖν
2918 1208 2998 1278 τῷ
3042 1207 3400 1275 εὐαγγελιστῇ
3429 1207 3523 1259 καὶ
3546 1208 3575 1258 6
3614 1207 3940 1267 Ἀπόστολος

2375 1302 2501 1354 τάδε
2544 1299 2707 1368 φησίν
2737 1313 2752 1327 ο
2787 1300 2889 1362 ’ος
2930 1298 3001 1350 ἐν
3040 1296 3237 1365 μορφῇ
3273 1296 3422 1349 Θεοῦ
3469 1296 3787 1363 ὑπάρχων,
3820 1299 3939 1363 οὐχ

2376 1391 2687 1462 ἁρπαγμὸν
2739 1390 3008 1458 ἡγήσατο
3071 1390 3137 1441 τὸ
3200 1384 3353 1441 εἶναι
3408 1388 3517 1441 Icta
3573 1388 3728 1451 Θεῷ·
3790 1389 3935 1439 ἀλλ’

2375 1483 2591 1536 ἑαυτὸν
2632 1481 2891 1533 curuos
2931 1478 3173 1547 μορφὴν
3210 1477 3435 1530 δούλου
3470 1478 3689 1529 λαϐὼν.
3734 1476 3937 1529 Τοίνυν

2375 1569 2535 1639 εἴπερ
2564 1570 2622 1620 ὲν
2656 1570 2835 1637 μορφῇ
2866 1566 3001 1619 Θεοῦ
3034 1567 3295 1635 ὑπάρχων
3329 1567 3543 1636 μορφὴν
3586 1566 3773 1618 δούλου
3807 1566 3940 1618 ἔλα-

2375 1661 2467 1714 ϐεν
2499 1679 2512 1691 ·
2541 1661 2947 1731 ἀναντιρρἡτως
3047 1659 3144 1726 μὲν
3174 1661 3230 1710 ὲν
3262 1659 3443 1725 μορφῇ
3494 1657 3629 1710 Θεοῦ
3676 1658 3937 1726 ὑπάρχει,

2374 1755 2472 1806 οὐκ
2490 1752 2871 1817 ὲξεικονίζεται
2896 1769 2910 1782 ·
2933 1752 3123 1818 ὅτιπερ
3156 1750 3215 1802 τὸ
3247 1751 3405 1802 Θεϊον
3428 1751 3567 1819 ὑπὲρ
3603 1751 3935 1819 κατάληψιν

2302 1816 2345 1871 Β
2372 1842 2407 1921 ᾖ
2430 1846 2487 1899 δὲ
2526 1846 2739 1915 μορφὴν
2768 1843 2953 1897 δούλου
3008 1816 3222 1903 ἐλαϐεν,
3257 1816 3663 1907 ἐξεικονίζεται,
3691 1844 3774 1895 ὅτι

704 1953 831 1992 vero
899 1938 1123 1993 formam
1157 1940 1298 1995 servi
1329 1942 1558 2010 accepit,
1617 1943 1963 2010 exprimitur,
2015 1946 2269 2013 quoniam

2372 1938 2674 2008 κατάληψιν
2718 1936 2818 2004 τῆς
2864 1937 2922 1988 ὲν
2988 1937 3097 2003 ἀφῇ
3145 1950 3202 1987 τε
3269 1934 3363 1986 καὶ
3402 1935 3561 2003 χροιᾷ
3615 1936 3648 2002 ἡ
3710 1933 3936 2005 δουλικὴ

702 2030 1340 2099 comprehensioni,qua2
1364 2032 1529 2086 tactui
1560 2041 1613 2086 et
1637 2033 1805 2087 colori
1836 2034 2041 2098 subest,
2061 2036 2269 2089 servilis

2375 2031 2556 2101 μορφὴ
2608 2028 2994 2098 περιορίζεται.
3033 2026 3153 2087 Πῶς
3177 2025 3285 2093 γάρ
3316 2024 3382 2078 ἂν
3418 2028 3475 2076 ὲν
3514 2024 3814 2094 ὁμοιώματι
3840 2028 3939 2077 άν-

701 2114 875 2174 iorma
928 2120 1237 2188 subjicitur.
1294 2120 1577 2186 Qubmodo
1622 2124 1769 2176 enim
1810 2123 1864 2177 in
1908 2122 2268 2178 similitudine

2372 2124 2607 2193 θρὼπων
2629 2121 2909 2189 γεγονέναι
2945 2118 3385 2186 πιστευθήσεται,
3414 2119 3461 2169 εί
3492 2120 3565 2186 μὴ
3590 2118 3792 2185 ὁμοίως
3820 2122 3937 2177 τοὶς

701 2210 982 2265 hominum
1007 2210 1182 2267 factus
1208 2212 1479 2278 credetur,
1510 2214 1616 2268 nisi
1640 2214 1919 2269 hominum
1948 2230 2096 2271 more
2116 2224 2269 2285 aptus

2370 2211 2675 2281 ἀνθρώποις
2714 2208 3139 2276 ὲξεικονίξεσθαι
3174 2210 3387 2275 πέφυκε
3411 2224 3427 2272 ;
3458 2208 3576 2268 πῶς
3601 2208 3658 2260 δὲ
3683 2216 3776 2259 καὶ
3804 2212 3938 2275 qi;-

702 2307 777 2360 sit
806 2306 901 2371 qui
951 2321 1044 2374 per
1098 2306 1387 2376 imaginem
1426 2307 1802 2377 exprimatur?
1834 2305 2117 2373 Quomodo
2151 2325 2272 2363 rur-

699 2410 793 2449 sus
841 2402 895 2449 et
957 2395 1141 2450 habitu
1186 2396 1438 2451 inventus
1466 2406 1524 2450 ut
1572 2401 1731 2451 homo
1759 2397 1990 2457 dicetur,
2031 2399 2137 2454 nisi
2164 2400 2269 2455 hu-

700 2500 864 2539 mano
894 2485 1076 2539 habitu
1108 2486 1284 2555 pictus
1310 2488 1596 2541 cernatur?
1616 2486 1889 2551 Videtis,o
1915 2489 2267 2562 serenissimi,

699 2591 809 2644 quo
845 2585 1023 2646 pacto,
1082 2578 1175 2645 qui
1206 2592 1298 2645 per
1333 2576 1514 2632 omnia
1552 2575 1812 2631 fratribus
1840 2577 2133 2632 assimilari
2168 2579 2267 2633 de-

699 2665 835 2729 buit,
897 2667 1219 2735 quibuscum
1273 2682 1340 2721 ex
1388 2681 1545 2736 aquo
1592 2681 1810 2721 carnem
1857 2682 1921 2722 ac
1949 2668 2266 2737 sanguinem

700 2758 908 2819 habuit,
939 2774 1001 2812 ex
1035 2775 1191 2829 aequo
1229 2760 1431 2828 pariter
1458 2759 1711 2829 exprimi,
1748 2759 1894 2814 sicut
1944 2761 2045 2824 illi,
2076 2775 2267 2814 neces-

700 2852 844 2903 sario
894 2850 1107 2904 debeat.
1165 2848 1260 2904 Sin
1288 2852 1501 2912 minus,
1538 2850 1733 2905 similis
1785 2848 1963 2905 iactus
2004 2866 2110 2904 nou
2138 2861 2265 2917 est;

700 2932 1071 3005 meutitusque
1099 2946 1186 2991 est
1212 2936 1303 3005 qui
1322 2937 1459 2990 dixit
1490 2952 1505 2990 :
1533 2936 1597 2991 Et
1627 2947 1821 2991 natura
1852 2939 2136 2992 immutata
2163 2950 2262 2993 est.

700 3026 770 3081 Et
826 3036 1003 3081 tamen
1064 3028 1205 3081 Deus
1264 3028 1381 3096 ipse
1428 3043 1491 3082 ac
1555 3026 1787 3081 Verbum
1850 3030 2046 3084 alicubi
2081 3028 2261 3084 dixit:

2372 2322 2505 2374 ματι
2545 2302 2832 2371 εὑρεθῆναι
2860 2301 2936 2363 ὡς
2980 2301 3265 2369 ἄνθρωπος
3294 2300 3636 2369 λεχθήσεται,
3661 2303 3708 2353 εἰ
3748 2300 3824 2369 μὴ
3854 2300 3937 2369 τῷ

2370 2394 2694 2463 ἀνθρωπίνῳ
2724 2392 2962 2461 σχήματι
2992 2391 3378 2461 γεγραμμένος
3399 2390 3695 2460 ὀφθήσεται
3721 2406 3736 2453 ;
3770 2390 3937 2457 ὐρᾶ-

2367 2504 2449 2546 τε.
2483 2481 2527 2539 ὧ
2572 2486 2944 2555 γαληνότατοι,
2982 2483 3097 2546 πῶς
3149 2484 3511 2552 όφειλομένως
3555 2483 3696 2535 κατὰ
3753 2482 3937 2534 πάντα

2367 2583 2478 2637 τοῖς
2503 2578 2747 2645 ἀδελφοῖς
2767 2576 3137 2646 ὁμοιούμενος,
3162 2570 3241 2637 οἷς
3263 2577 3355 2627 καὶ
3383 2573 3780 2643 παραπλησίοις
3805 2590 3937 2643 μετ-

2368 2668 2566 2737 έσχηκε
2617 2667 2815 2736 σαρκὸς
2853 2667 2945 2718 καὶ
2979 2667 3206 2733 αἵματος
3226 2704 3242 2725 ,
3274 2664 3334 2727 ἑξ
3395 2663 3692 2730 ἀναγκαίου
3722 2661 3839 2732 ἔχει
3871 2663 3936 2713 τὸ

2367 2758 2561 2826 ιπίσης
2581 2757 2791 2817 τούτοις
2815 2754 3237 2819 ἑξεικονίζεσθαι
3260 2770 3271 2782 ο
3302 2755 3349 2805 εἰ
3376 2752 3433 2805 δὲ
3458 2754 3553 2823 μὴ.
3589 2754 3687 2821 οὐχ
3716 2753 3933 2823 dignis-so

2364 2860 2477 2905 ται,
2529 2843 2620 2895 καὶ
2667 2843 2977 2909 διέψευσται
3026 2844 3055 2895 6
3102 2841 3521 2911 ἀποφηνάμενος
3549 2857 3565 2872 ·
3599 2843 3705 2895 Καὶ
3742 2844 3776 2912 ἡ
3831 2842 3933 2909 φύ-

2370 2954 2455 2999 σις
2515 2935 2909 3007 παρήλλακται.
2942 2936 3048 2989 Καὶ
3110 2933 3214 3003 μὴν
3245 2933 3406 2997 αὐτὸς
3434 2936 3461 2986 6
3494 2934 3625 2997 Θεὸς
3671 2936 3765 2988 καὶ
3826 2936 3935 2988 Δός

2365 3045 2459 3095 γος
2484 3020 2586 3081 ὧδέ
2623 3026 2748 3087 πού.
2782 3043 2913 3095 φησι
2936 3042 2949 3055 ⁸
2984 3027 3045 3079 Τί
3072 3043 3149 3094 με
3174 3024 3393 3092 ζητεῖτε
3419 3026 3793 3087 ἀποκτεῖναι,
3822 3027 3929 3079 ἇν-

703 3117 844 3182 Quid
862 3134 940 3171 me
966 3120 1203 3187 queritis
1229 3118 1544 3187 interﬁcere,
1563 3119 1847 3182 hominem,
1877 3120 1966 3187 qui
1990 3122 2259 3173 veritatem

2368 3120 2617 3185 θρωπον,
2665 3115 2732 3180 ὃς
2776 3114 2890 3181 τὴν
2933 3113 3218 3179 ἀλήθειαν
3260 3112 3403 3181 ὑμῖν
3451 3112 3794 3178 λελάληκα,
3850 3109 3934 3177 ἦν·

699 3208 843 3264 vubis
874 3209 1079 3264 locutus
1106 3226 1245 3275 sum,
1286 3227 1441 3279 quam
1474 3211 1655 3264 audivi
1682 3228 1714 3263 a
1746 3210 1854 3265 Deo
1872 3212 1945 3265 "Y
1972 3210 2260 3279 Nunquam

701 3308 906 3363 autem,
952 3300 1043 3368 qui
1096 3314 1203 3352 non
1261 3302 1635 3369 exprimatur,
1692 3302 1966 3357 hominem
2024 3304 2265 3372 seipsum

702 3384 860 3439 iecit:
910 3401 1042 3449 nec,
1105 3387 1199 3454 qui
1252 3387 1425 3440 occidi
1482 3398 1677 3456 queat,
1730 3403 1836 3441 non
1905 3388 2044 3443 idem
2108 3391 2267 3444 etiam

700 3484 892 3528 natura
931 3476 1159 3543 exprimi
1215 3476 1430 3544 possit:
1467 3477 1695 3530 alterum
1739 3478 1884 3530 enim
1920 3478 2153 3531 alterum
2186 3480 2268 3531 iu-

701 3565 804 3620 fert
835 3575 889 3619 et
915 3567 1217 3621 conlirmat.
1248 3565 1343 3621 Hic
1372 3576 1452 3622 est
1480 3569 1826 3637 mortiﬁcatus
1851 3570 2061 3638 quidem
2088 3586 2265 3633 carne,

701 3656 994 3724 vivi/iratus
1034 3665 1205 3709 autem
1227 3657 1497 3725 spiritu“,
1551 3656 1695 3711 sicut
1730 3657 1921 3713 beatus
1952 3656 2148 3714 Petrus
2183 3659 2267 3713 di-

701 3746 797 3800 xit.
851 3744 991 3811 Quid
1036 3755 1215 3799 autaem
1275 3747 1377 3801 hoc
1422 3747 1566 3800 aliud
1601 3756 1704 3811 est,
1733 3762 1895 3817 quam
1926 3749 2129 3813 dicere,
2169 3764 2266 3804 ex-

701 3836 862 3905 primi
892 3836 1191 3889 secundum
1242 3850 1485 3899 carnem,
1525 3836 1617 3905 qui
1660 3837 1988 3905 exprimitur
2024 3838 2216 3907 spiritu
2247 3838 2271 3892 τ

702 3925 799 3979 Hic
832 3936 934 3991 est,
962 3926 1053 3995 qui
1086 3925 1223 3980 dixit
1257 3942 1270 3977 :
1327 3927 1431 3993 Qui
1466 3928 1751 3981 manducat
1783 3945 1883 3992 me,
1916 3938 1965 3982 et
1995 3930 2104 3998 ipse
2137 3931 2269 3984 vivet

698 4030 909 4087 propter
972 4018 1127 4071 me“.
1180 4016 1395 4073 Minime
1448 4030 1627 4072 autem
1669 4019 1762 4087 qui
1820 4020 2267 4089 circumscriptus

702 4129 807 4165 non
856 4120 1019 4171 esset,
1083 4111 1398 4166 mauducari
1438 4127 1496 4167 se
1529 4112 1752 4173 diceret,
1793 4112 1896 4167 nisi
1929 4111 2067 4167 forte
2097 4112 2267 4180 phan-

701 4212 873 4256 tasma
922 4201 1213 4272 quodpiam
1250 4202 1406 4257 foret.
1454 4202 1608 4268 Quod
1640 4202 1859 4273 quidem
1902 4203 1947 4258 si
1982 4204 2267 4257 admiseri-

700 4306 851 4357 mus,
906 4292 959 4346 in
1020 4291 1438 4347 Manichaeorum
1513 4292 1825 4361 opinionem
1895 4294 2262 4363 prolabcmur,

700 4398 955 4453 magnum
991 4382 1205 4452 pietatis
1231 4383 1549 4454 mysterium
1576 4384 1941 4439 destruentes.

2372 3203 2605 3272 ἥκουσα
2628 3204 2785 3269 παρὰ
2813 3202 2917 3255 τοῦ
2943 3202 3090 3256 Θεοῦ
3120 3219 3139 3265 ;
3174 3204 3286 3255 Οὐκ
3317 3202 3381 3255 ἂν
3410 3203 3466 3254 δὲ
3500 3204 3528 3255 ό
3568 3202 3641 3271 μὴ
3666 3201 3929 3266 ἑξεικονι-

2372 3293 2595 3363 ξάμενος
2649 3296 2935 3364 ἄνθρωπον
2986 3295 3174 3347 ἑαυτὸν
3230 3295 3403 3347 εἷποιέ
3451 3310 3581 3346 ποτε
3612 3309 3629 3324 ·
3664 3294 3773 3345 οὐδ’
3810 3294 3875 3346 ἂν
3900 3294 3931 3345 6

2373 3382 2629 3449 πεφυκὼς
2680 3382 3113 3442 ἀποκτείνεσθαι.
3150 3383 3224 3452 μὴ
3255 3384 3373 3451 οὐχὶ
3424 3381 3683 3448 πεφυκὼς
3720 3382 3804 3453 είη
3834 3383 3930 3434 καὶ

2370 3474 2463 3527 τοῦ
2489 3474 2909 3539 εξεικονίζεσθαι
2944 3492 2957 3505 ·
2999 3473 3225 3543 θάτερον
3254 3473 3360 3541 γὰρ
3387 3472 3601 3541 θατέρῳ
3636 3474 3928 3537 εἰσαγωγιο

2370 3565 2464 3616 κὺν
2521 3564 2614 3618 καὶ
2665 3564 3073 3633 όμολογητικόν.
3107 3557 3274 3625 Οὗτός
3327 3564 3474 3614 ἐστιν
3505 3564 3537 3613 ὀ
3568 3563 3927 3626 θανατωθεὶς

2364 3655 2481 3723 μὲν
2536 3656 2734 3723 σαρκί,
2769 3653 3143 3721 ζωοποιηθεὶς
3195 3652 3263 3705 δὲ
3320 3651 3608 3719 πνεύματι
3635 3667 3649 3681 ’
3689 3652 3868 3715 καθὼς
3896 3654 3926 3703 ὁ

2373 3747 2640 3817 μακάριος
2693 3746 2899 3815 Πέτρος
2955 3745 3162 3814 λέλεχε.
3193 3744 3257 3795 Τί
3292 3742 3339 3795 δ’
3377 3740 3506 3795 ἄλλο
3536 3738 3647 3793 εἷεν
3677 3743 3856 3803 τοῦτο,
3888 3743 3923 3811 ἦ

2366 3839 2429 3891 τὸ
2459 3839 2644 3904 φάναι,
2678 3834 3095 3901 ἐξεικονίζεσθαι
3132 3835 3431 3905 σαρκικῶς,
3466 3831 3925 3902 ἑξεικονιζόμενον

2370 3928 2640 3997 πνεύματι
2664 3946 2679 3994 ;
2705 3924 2873 3990 Οὗτός
2896 3929 3041 3979 ἔστιν
3062 3930 3089 3980 ὁ
3115 3926 3367 3996 εἰρηκώς·
3397 3924 3501 3978 Καὶ
3524 3927 3556 3978 ὀ
3578 3924 3814 3991 τρώγων
3828 3941 3922 3994 με,

2369 4021 2644 4087 κάκεῖνος
2673 4019 2908 4085 ζήσεται
2941 4018 3015 4071 δι’
3036 4015 3286 4083 ἑμέ.οὖκ
3316 4018 3383 4070 ἂν
3414 4017 3468 4068 δὲ
3496 4017 3525 4068 6
3558 4017 3631 4085 μὴ
3662 4031 3925 4085 περιγρα-

2369 4114 2601 4183 φόμενος
2646 4113 2849 4164 εἴποιεν
2906 4111 3199 4175 ἐσθίεσθαι,
3229 4112 3277 4162 εἱ
3307 4110 3379 4180 μή
3405 4110 3457 4162 τί
3486 4123 3550 4176 γε
3582 4107 3689 4175 ἄρα
3726 4111 3925 4172 φάντα·

2372 4222 2483 4273 σμα
2541 4200 2878 4272 εἷεν.”υπερ
2934 4204 2982 4255 εί
3033 4201 3481 4271 καταδεξοίμεθα,
3536 4200 3923 4269 ἐμπεσούμεθα

2368 4296 2448 4357 είς
2475 4294 2535 4346 τὸ
2561 4293 2669 4346 τῶν
2697 4293 3010 4361 Μανιχαίων
3039 4293 3309 4362 φρόνημα,
3342 4288 3843 4357 ἀποσκευαζόμενοι
3865 4292 3922 4343 τὸ

2372 4387 2511 4457 μέγα
2550 4386 2649 4455 τῆς
2679 4384 2959 4446 εὐσεϐείας
2998 4386 3312 4453 μυστήριον.

773 4472 861 4527 Ille
915 4473 1178 4542 siquidem
1215 4474 1268 4527 in
1330 4473 1644 4543 aspectabili
1691 4482 1745 4528 et
1793 4489 1899 4528 non
1941 4473 2255 4544 aspectabili

2430 4476 2540 4529 Καὶ
2567 4476 2675 4543 γάρ
2699 4477 2899 4536 ἐκεῖνος
2931 4476 2987 4526 ὲν
3014 4474 3087 4543 τῷ
3115 4475 3292 4545 ὁρατῷ
3314 4474 3407 4527 καὶ
3428 4474 3641 4543 ἀοράτῳ
3672 4470 3765 4523 τὸν
3799 4470 3921 4522 Υἱὸν

699 4563 894 4619 Filium
956 4564 1229 4634 propriam
1283 4565 1646 4620 substantiam
1704 4566 1755 4619 in
1807 4576 1990 4620 monte
2025 4566 2259 4620 manife-

698 4668 873 4711 stasse
898 4656 1047 4721 dicit,
1087 4673 1189 4709 non
1238 4657 1373 4711 duas
1399 4657 1683 4711 habentem
1735 4667 1977 4722 naturas,
2008 4659 2100 4713 sed
2133 4660 2259 4712 uni-

697 4762 838 4801 cam.
870 4745 1049 4812 Quare
1087 4746 1121 4800 ii
1147 4751 1367 4816 pariter,
1421 4748 1511 4817 qui
1544 4763 1649 4802 non
1680 4748 2050 4803 circumscribi
2100 4749 2259 4803 Chri-

697 4850 839 4892 stum
869 4838 1159 4903 aﬂirmant,
1192 4849 1443 4908 tanquam
1477 4848 1723 4893 naturam
1767 4856 1927 4893 unam
1960 4841 2260 4910 praedican-

699 4936 800 4987 tes,
835 4928 887 4980 in
916 4927 1032 4992 eius
1065 4928 1383 4982 sententiam
1410 4927 1616 4982 devolvi
1646 4930 2061 4983 convincuntur.
2103 4930 2257 4996 Quod

693 5021 844 5072 cnim
876 5021 1423 5090 incircumscriptum,
1460 5022 1599 5076 idem
1653 5024 2053 5091 incorporeum.
2075 5022 2262 5092 Neque

696 5126 845 5171 vero,
909 5125 975 5165 eo
1028 5112 1172 5180 quod
1226 5112 1714 5176 circumscribitur,
1769 5112 1971 5165 idcirco
2024 5113 2076 5166 in
2126 5114 2262 5168 duas

698 5220 963 5273 personas
992 5204 1149 5259 unica
1184 5204 1384 5260 Christi
1425 5220 1677 5273 persona,
1714 5215 1769 5257 ut
1794 5203 2013 5274 quidam
2042 5214 2257 5275 putant,

697 5298 975 5349 dividitur.
1016 5296 1281 5362 Quoniam
1325 5313 1500 5367 neque
1539 5306 1731 5349 natura
1760 5296 2015 5365 imaginis
2038 5313 2101 5351 ac.
2131 5311 2260 5364 pro-

692 5386 863 5454 lotypi
896 5388 1191 5439 secundum
1228 5387 1553 5456 hypostasim
1581 5387 1871 5453 dividitur;
1914 5389 2004 5441 sed
2033 5404 2099 5442 ex
2134 5388 2264 5443 sub-

697 5478 909 5531 stantia-
967 5478 1177 5533 ratione
1253 5480 1607 5533 differentiam
1681 5480 1924 5534 sortitur.
1977 5480 2063 5533 Ait
2110 5482 2255 5534 enim

696 5570 1134 5639 sapientissimus
1177 5571 1464 5643 Dionysius
1496 5591 1509 5627 :
1540 5591 1556 5623 ι
1594 5570 1895 5640 Utrumque
1921 5572 1973 5624 in
2006 5580 2238 5641 utroque

769 5769 814 5800 ⁸⁸
846 5766 1073 5839 Philipp.
1106 5786 1163 5836 ιι,
1189 5769 1241 5822 6.

1334 5770 1549 5826 "Josn.
1590 5788 1684 5835 vn,
1719 5772 1820 5835 2’0;
1853 5785 1965 5833 νιιι,
2007 5772 2085 5826 ιιι.
2170 5773 2210 5802 ⁸³³
2254 5770 2439 5826 li’elr.
2482 5789 2560 5838 ιιι,
2594 5772 2675 5826 l3.

2356 4569 2454 4639 τὴν
2507 4569 2641 4622 ίδίαν
2678 4569 2863 4621 οὐσίαν
2894 4571 2951 4621 ὲν
2994 4567 3071 4637 τῷ
3116 4568 3231 4637 ὄρει
3284 4566 3736 4634 πεφανερωμένον
3770 4562 3914 4633 [cod.

2359 4662 2491 4732 ch.
2535 4660 3008 4731 πεφανερωκέναι]
3044 4661 3229 4729 φησὶν,
3257 4662 3318 4710 οὐ
3365 4658 3457 4709 δύο
3483 4658 3676 4727 ἔχοντα
3704 4657 3914 4723 φύσεις,

2359 4755 2493 4809 ἀλλὰ
2535 4754 2681 4823 μίαν.
2709 4754 2867 4804 Ὥστε
2908 4754 3002 4804 καὶ
3022 4754 3070 4804 οἱ
3102 4752 3175 4821 μὴ
3223 4750 3659 4820 περιγράφεσθαι
3688 4749 3919 4817 Χριστὸν

2357 4846 2829 4915 διισχυριζόμενοι,
2851 4844 2925 4907 ὡς
2951 4844 3079 4913 μίαν
3102 4844 3258 4912 φῦσιν
3280 4842 3690 4912 πρεσϐεύοντες,
3713 4842 3918 4892 ἐκείνου

2359 4939 2437 5011 τῷ
2485 4940 2791 5007 φρονήματι
2836 4937 3229 5004 συνεμπίπτειν
3268 4934 3678 5001 ἀπελέγχονται.
3717 4934 3782 4983 Ὃ
3813 4932 3917 4999 γὰρ

2358 5026 2787 5095 ἀπερίγραπτον,
2819 5024 2976 5076 τοῦτο
3021 5024 3110 5075 καὶ
3139 5023 3447 5091 ἀσώματον.
3478 5020 3599 5073 υύδ⁹
3636 5015 3703 5071 αὗ
3740 5022 3798 5070 ὲν
3844 5018 3918 5086 τῷ

2357 5116 2821 5187 περιτετράφθαι,
2845 5117 2921 5178 είς
2953 5115 3117 5168 δυάδα
3148 5113 3457 5181 προσώπων
3490 5111 3551 5164 τὸ
3580 5110 3638 5161 ἒν
3680 5110 3912 5178 Χριστοῦ

2357 5209 2667 5276 πρόσωπον,
2698 5206 2774 5267 ὡς
2826 5205 2975 5257 δοκεῖ
3017 5221 3148 5265 τισι,
3201 5203 3565 5270 διατέμνεται.
3601 5201 3725 5252 Ὅτι
3781 5198 3913 5268 μηδὲ

2364 5300 2523 5366 φύσις
2560 5297 2767 5359 εἰκόνος
2795 5313 2853 5349 τε
2885 5296 2980 5348 καὶ
3012 5295 3365 5365 πρωτοτύπου
3403 5293 3779 5353 ὑποστατικῶς
3811 5288 3911 5342 οἶδε

2358 5390 2649 5459 τέμνεσθαι
2680 5404 2694 5417 ·
2724 5388 2859 5442 ἀλλὰ
2897 5388 3092 5459 τῷτῆς
3124 5388 3310 5450 οὐσίας
3348 5387 3493 5455 λόγῳ
3518 5385 3615 5455 τὴν
3656 5385 3912 5450 διαφορὰν

2356 5481 2637 5550 κέκτηται.
2669 5482 2807 5549 Φησὶ
2841 5479 2947 5550 γὰρ
2978 5481 3006 5530 6
3031 5480 3302 5547 πάνσοφος
3329 5478 3599 5539 Διονύσιος
3635 5494 3648 5505 ·
3691 5495 3709 5526 ι
3760 5476 3911 5527 Ἐκά·

2350 5586 2507 5640 τερον
2534 5570 2591 5621 tv
2633 5569 2879 5642 ἑκατέρῳ
2927 5571 3077 5638 παρὰ
3112 5568 3173 5621 τὸ
3196 5569 3293 5639 τῆς
3323 5568 3510 5632 οὐσίας
3556 5567 3837 5636 διάφορον.
3884 5583 3901 5615 ι

2776 5772 2816 5803 ⁸⁸
2853 5771 3011 5826 Joau.
3058 5789 3131 5837 \‘l,
3174 5772 3262 5828 ‘28.
