4184 6520
244 422 388 486 1605

1427 422 1962 484 EPISTOLARUM
2003 422 2151 482 LIB.
2205 422 2289 482 II.

3335 418 3469 482 1606

252 541 410 596 Ἐπεὶ
468 541 561 594 καὶ
605 541 697 592 ἐπὶ
728 535 833 591 τοῦ
864 538 1131 602 ζωοποιοῦ
1183 539 1440 609 σταυροῦ,
1471 540 1570 592 οὐκ
1611 537 1676 591 ἀν
1723 556 1807 601 τις

1909 549 2102 607 praeter
2148 536 2469 593 substantiae
2516 535 2897 590 differentiam.
2940 553 2959 586 ι
3018 533 3468 604 Quandoquidem

236 633 388 690 εἴποι
416 633 515 702 τὴν
551 631 866 701 σταυροειδῆ
909 630 1094 685 εἰκόνα
1131 630 1259 685 ἄλλο
1286 649 1338 684 τι
1380 631 1533 701 παρά
1573 631 1633 683 τὺ
1668 630 1804 684 ταύ-

236 740 341 792 της
377 722 755 791 πρωτότυπον,
783 721 816 790 ἢ
846 722 1010 789 μόνον
1048 721 1126 792 τῷ
1164 722 1378 793 φυσικῷ
1428 723 1570 792 λόγῳ
1621 722 1805 790 διαφο-

244 812 517 884 ρουμένην
541 828 556 842 ο
590 812 686 865 καὶ
716 811 778 863 τὸ
815 812 1170 882 παράδειγμα
1205 812 1456 880 ἐγγύθεν,
1486 812 1634 882 καὶὴ
1669 811 1804 880 ἀλή-

241 902 366 954 θεια
398 901 819 971 ἀναμφίλεκτος.
843 895 1012 965 Οὗτος
1042 899 1134 957 οὖν
1166 904 1194 954 ό
1223 904 1439 974 πρῶτος
1458 905 1660 975 τρόπος
1697 904 1805 955 τῶν

239 992 564 1059 εἰρημένων.
590 991 685 1054 Τίς
713 993 741 1044 ό
761 990 1010 1060 δεύτερος
1035 1009 1050 1056 ;
1081 992 1148 1044 Αἰ
1181 991 1289 1044 τῶν
1319 993 1488 1060 ἁγίων
1519 994 1713 1061 φωναὶ,
1741 993 1801 1046 οὐ

243 1081 663 1149 συλλογιστικῶς
696 1125 711 1146 ,
767 1084 902 1138 ἀλλά
949 1084 1192 1154 γυμνῶς.
1246 1085 1664 1151 ἐξεικονίζεσθαι
1711 1087 1804 1140 τδν

239 1171 448 1243 Κύριον
484 1173 640 1243 ήμῶν
679 1174 886 1243 Ἰησοῦν
910 1176 1143 1246 Χριστὸν
1171 1176 1584 1247 διαγορεύουσαι
1606 1193 1618 1207 ⁸
1659 1178 1723 1240 ἀς
1751 1180 1800 1231 εἰ

241 1256 426 1320 πάσας
475 1258 708 1320 ἐνταῦθα
740 1260 1136 1333 βουληθείημεν
1167 1263 1383 1329 ἐντάξαι
1404 1306 1418 1330 ,
1452 1266 1802 1336 ὲκϐησόμεθα

241 1347 336 1399 τοῦ
370 1350 592 1420 μετρίου
621 1351 723 1418 τῆς
754 1355 1218 1424 προσφωνήσεως.
1264 1356 1360 1409 Ἐκ
1392 1356 1600 1410 πολλῶν
1623 1358 1679 1411 δὲ
1710 1359 1804 1412 δύο

239 1439 274 1509 ἢ
305 1443 476 1511 τρεῖς,
505 1443 600 1495 καὶ
637 1443 842 1507 ταύτας
875 1446 1342 1518 προύργιαιτέρας
1390 1448 1801 1519 ἀναλεξάμενοι,

240 1535 307 1588 ἐκ
323 1534 487 1588 τῶνδε
512 1538 601 1590 καὶ
649 1539 747 1602 τὰς
785 1539 979 1604 λοιπὰς
1032 1542 1454 1610 πιστωσόμεθαο
1496 1543 1803 1614 πληρουμέ-

238 1639 334 1675 νου
369 1625 644 1680 κάνταῦθα
666 1628 760 1681 τοῦ
779 1632 1164 1700 γεγραμμένου
1184 1649 1197 1661 ·
1218 1633 1345 1686 Ἐπί
1369 1634 1665 1703 στόματος
1691 1634 1804 1687 δύο

237 1715 279 1783 ἦ
315 1716 490 1784 τριῶν
509 1721 823 1789 μαρτύρων
857 1724 1224 1789 σταθήσεται
1273 1723 1395 1781 πᾶν
1443 1725 1620 1794 ῥῆμα.
1645 1727 1799 1797 Φωνὴ

236 1808 334 1861 τοῦ
387 1812 686 1880 κορυφαίου
740 1814 850 1865 τῶν
899 1816 1210 1868 ἀποστόλων
1247 1817 1453 1885 Πέτρου
1487 1819 1544 1870 ἰν
1588 1817 1800 1889 ἰστορίᾳ

1903 629 2065 684 etiam
2105 629 2158 682 in
2192 628 2403 682 vivifica
2433 637 2617 686 croce.
2652 641 2811 680 nemo
2851 623 3232 680 cruciformem
3278 626 3469 693 imagi-

1903 735 2026 775 nem
2067 718 2210 774 aliud
2233 718 2302 772 ab
2324 718 2440 788 ejus
2463 726 2750 787 protmypo
2773 730 2894 770 esse
2923 715 3140 776 dixerit,
3166 713 3259 769 sed
3297 726 3461 769 natu-

1902 814 2003 867 rali
2052 821 2260 866 tantum
2321 810 2529 865 ratione
2577 811 2929 878 discrepare:
2982 817 3037 862 et
3068 808 3466 876 exemplumde

1903 905 2211 974 propinquo
2241 911 2344 965 est,
2377 911 2430 959 et
2476 901 2678 956 veritas
2707 913 2859 955 extra
2889 900 3338 956 controversiam.
3369 899 3467 956 Hic

1903 996 2065 1066 igitur
2091 998 2297 1066 primus
2321 1005 2404 1050 est
2429 993 2620 1049 modus
2651 1010 2716 1048 ex
2749 994 2814 1048 iis
2846 1008 2985 1063 quos
3015 992 3275 1048 diximus.
3304 991 3467 1058 Quis-

1903 1101 2028 1139 nam
2080 1094 2165 1141 est
2211 1086 2528 1141 secundus?
2591 1084 2916 1139 Sanctorum
2963 1099 3146 1146 voces,
3191 1099 3310 1154 qua:
3355 1099 3465 1138 non

1903 1178 2250 1251 syllogistice,
2276 1176 2368 1232 sed
2395 1176 2538 1231 nude
2557 1186 2608 1230 et
2630 1187 2836 1246 aperte,
2866 1176 3094 1245 exprimi
3115 1191 3210 1244 per
3234 1174 3462 1244 elligiem

1904 1270 2190 1324 Dominum
2265 1281 2512 1323 nostrum
2562 1267 2744 1322 Jesum
2797 1267 3073 1321 Christum
3136 1267 3464 1321 enuntiant:

1901 1375 2038 1428 quas
2077 1359 2123 1412 si
2161 1371 2351 1412 omnes
2402 1357 2647 1427 digerere
2700 1355 2790 1409 hic
2834 1355 3086 1417 velimus,
3122 1355 3467 1421 egrediemur

1900 1450 2165 1505 terminos
2200 1451 2489 1503 moderata:
2538 1446 2904 1501 allocutionis.
2947 1444 3018 1497 Ex
3071 1444 3259 1498 multis
3289 1452 3467 1497 autem

1900 1541 2036 1596 duas
2072 1551 2268 1606 tresve,
2301 1549 2354 1595 et
2383 1543 2450 1594 ad
2485 1554 2600 1593 rem
2651 1538 2822 1606 magis
2867 1548 3019 1605 aptas
3044 1537 3360 1607 seligentes,
3400 1551 3469 1587 ex

1901 1631 2007 1684 illis
2046 1629 2200 1683 fidem
2235 1629 2302 1682 de
2364 1629 2578 1682 caeteris
2616 1625 2900 1681 faciemus.
2935 1624 3009 1679 lta
3070 1634 3131 1679 ut
3169 1624 3256 1679 hic
3307 1625 3468 1678 etiam

1900 1714 2079 1769 locum
2129 1715 2322 1768 habeat
2361 1715 2505 1784 quod
2562 1716 2822 1782 scriptum
2856 1721 2974 1768 est:
3019 1711 3086 1766 In
3128 1730 3215 1766 ore
3243 1715 3470 1766 duorum

1901 1806 1978 1861 vel
2001 1807 2162 1859 trium
2209 1808 2419 1860 testium
2465 1805 2626 1859 stabit
2667 1821 2816 1857 omne
2844 1805 3052 1858 verbum
3069 1806 3136 1857 ".
3167 1805 3283 1860 Vox
3311 1821 3472 1876 cory-

236 1899 334 1951 τοῦ
391 1901 785 1973 ἰερομάρτυρος
839 1905 1186 1974 Παγκρατίου
1223 1906 1798 1978 ὑπομνηματιζομένηο

1905 1895 2040 1964 plnei
2075 1896 2444 1964 apostolorum
2475 1893 2622 1949 Petri
2655 1894 2708 1947 in
2753 1893 2980 1948 historia
3035 1894 3176 1949 sacri
3216 1898 3472 1965 martyris

242 2006 264 2040 ι
288 1988 602 2059 Ἐξένεγκον
625 1993 724 2062 τὴν
751 1994 932 2048 εἰκόνα
952 1993 1046 2047 τοῦ
1072 1996 1275 2068 Κυρίου
1293 1997 1448 2067 ήμῶν
1476 1998 1650 2067 Ἰησοῦ
1668 2000 1798 2068 Χρι-

239 2080 390 2146 στοῦ,
432 2084 527 2136 καὶ
557 2083 864 2138 εντύπωσον
901 2087 1069 2159 αὐτὴν
1115 2089 1174 2141 ἰν
1222 2088 1300 2158 τῷ
1349 2088 1638 2159 πυργίσκῳ
1661 2107 1675 2119 ο
1710 2089 1799 2143 ἴνα

239 2173 424 2228 ἴδωσιν
475 2175 525 2228 οἰ
573 2176 714 2241 λαοὶ,
775 2178 941 2232 ποίαν
1003 2179 1220 2250 μορφὴν
1268 2180 1668 2245 ἐλαϐενδΥἰὸς
1703 2181 1797 2234 τοῦ

236 2265 374 2319 Θεοῦ
400 2284 412 2298 ·
444 2266 530 2320 ἵνα
564 2268 762 2332 ἰδόντες
798 2271 890 2324 ἐπὶ
929 2271 1114 2324 πλεῖον
1151 2271 1532 2336 πιστεύσωσιν,
1568 2272 1801 2342 ὁρῶντες

237 2359 332 2411 τὸν
361 2359 531 2414 τύπον
573 2363 674 2432 τῆς
727 2362 962 2433 μορφῆς,
995 2362 1090 2416 καὶ
1137 2362 1442 2434 ὑπόμνησιν
1483 2362 1801 2433 λαμϐάνωσι

236 2450 350 2503 τῶν
413 2453 492 2514 εἰς
551 2453 745 2518 αὐτοὺς
811 2456 944 2522 παρ’
1005 2454 1161 2525 ἡμῶν
1214 2455 1620 2526 κηρυχθέντων.
1660 2473 1678 2506 ι
1714 2455 1801 2518 ὀς

239 2541 472 2612 φοϐερὸς
507 2544 534 2596 6
563 2543 720 2611 λόγος
748 2540 902 2608 οὗτος
935 2545 951 2599 !
987 2546 1286 2615 Μονονουχὶ
1313 2549 1406 2600 καὶ
1426 2546 1759 2608 ἐπιϐοῶντος
1781 2560 1798 2576 ο

251 2628 569 2697 Ἐξένεγκον
618 2631 719 2703 τὴν
761 2633 944 2686 εἰκόνα
972 2632 1067 2686 τοῦ
1097 2636 1164 2704 τῇ
1188 2634 1353 2702 ἀρετῇ
1379 2636 1504 2696 τοὺς
1540 2635 1803 2704 οὐρανοὺς

239 2721 604 2790 καλύψαντος,
651 2723 746 2776 καὶ
790 2723 1096 2778 ἑντύπωσον
1142 2726 1304 2777 οἱονεὶ
1335 2726 1393 2778 ὲν
1433 2725 1509 2796 τῷ
1542 2724 1803 2796 μετεώρῳ

240 2813 326 2876 εἰς
375 2813 671 2884 μαρτύριον
722 2815 982 2884 ἐμφανέςο
1035 2817 1123 2870 ἵνα
1167 2817 1347 2870 ῐδωσιν
1403 2818 1453 2870 οἰ
1483 2817 1603 2870 λαοὶ
1642 2817 1804 2871 ποίαν

245 2904 462 2975 μορφὴν
499 2904 689 2958 ἐλαϐεν
718 2908 745 2959 6
778 2906 903 2970 Υἱὸς
935 2906 1028 2959 τοῦ
1056 2906 1191 2960 Θεοῦ
1225 2925 1240 2940 ·
1282 2909 1382 2960 οὐκ
1405 2908 1660 2977 ἀγγέλου,
1685 2909 1805 2962 οὐδὲ

240 2994 585 3064 ἀρχαγγέλου
605 3036 621 3059 ,
653 2997 774 3050 οὐδέ
815 3015 960 3062 τινος
989 2997 1153 3068 ἀλλης
1186 2999 1467 3066 δυνάμεως
1496 3016 1509 3030 ⁸
1547 3000 1682 3054 ἀλλὰ
1707 2999 1805 3070 τὴν

243 3083 369 3137 καθ’
399 3086 545 3155 ἡμᾶς
578 3086 830 3158 δουλικὴν
858 3090 1104 3158 μορφήν
1129 3090 1217 3142 ἵνα
1246 3090 1468 3153 ἰδόντες,
1497 3091 1591 3142 ἐπὶ
1619 3092 1805 3144 πλεῖον

243 3175 632 3231 πιστεύσωσιν
652 3178 726 3242 ὼς
746 3179 845 3232 οὐκ
859 3178 1136 3249 ἀρκούσης
1152 3180 1248 3251 τῆς
1263 3180 1350 3234 διὰ
1365 3181 1522 3248 λόγου
1545 3181 1804 3249 ἱστορίας,

243 3267 385 3322 ἀλλά
413 3268 673 3338 δεομένης
693 3270 790 3323 καὶ
811 3271 907 3342 τῆς
935 3271 1002 3324 δι’
1022 3271 1199 3340 ὅψεως
1219 3273 1502 3344 ἐνεργείας
1523 3274 1601 3336 είς
1629 3273 1810 3327 πλείο-

244 3375 318 3412 να
365 3357 628 3411 πίστωσιν
651 3378 666 3393 -
696 3361 780 3412 ὅτι
817 3362 845 3412 ό
876 3360 1002 3423 Tib;
1031 3359 1125 3413 τοῦ
1158 3360 1291 3414 Θεοῦ
1311 3403 1324 3426 ,
1350 3362 1478 3426 Tib;
1515 3362 1808 3432 ἀνθρώπου

245 3447 441 3515 γέγονε
469 3462 485 3478 ⁶
526 3447 622 3499 καὶ
651 3447 956 3518 ὑπόμνησιν
991 3447 1312 3518 λαμϐάνωσι
1357 3451 1466 3504 τῶν
1495 3453 1623 3523 παρ’
1655 3449 1809 3523 ἡμῶν

243 3538 331 3602 εἰς
363 3537 559 3601 αὐτοὺς
583 3538 964 3609 κηρυχθέντων
984 3556 1000 3573 ⁶
1033 3540 1219 3610 ὅμοιον
1246 3542 1341 3596 τοῦ
1371 3544 1547 3598 εἰπεῖν
1585 3560 1601 3576 ⁸
1639 3543 1812 3597 Τοῦτο

245 3631 380 3701 ὑμῖν
409 3631 748 3701 μνημόσυνον
776 3634 855 3696 εἰς
880 3631 1073 3700 γενεὰς
1103 3634 1326 3703 γενεῶν.

335 3806 711 3878 Έπισημαίνει
737 3807 795 3861 δὲ
819 3809 852 3879 ἡ
874 3809 1106 3882 ἱστορία,
1143 3811 1227 3865 ὅτι
1258 3811 1426 3865 καἰοί
1462 3812 1642 3867 λοιποί⁸
1670 3813 1808 3867 ἀπόο

246 3899 424 3954 στολοι
476 3899 537 3953 τὸ
585 3901 716 3954 αὐτὸ
759 3901 976 3955 ἐποίουν
1025 3901 1083 3956 έν
1110 3920 1169 3957 τε
1203 3903 1391 3958 πόλεσι
1429 3905 1522 3959 καὶ
1549 3903 1767 3977 κώμαις
1791 3921 1808 3937 ο

246 3989 468 4042 ἃπασαν
523 3988 765 4060 ἱστορίαν
821 3990 922 4060 τῆς
970 3990 1439 4063 ὲνανθρωπήσεως
1474 3992 1569 4045 τοῦ
1603 3993 1809 4063 Κυρίου

244 4081 408 4152 ἡμῶν
445 4080 619 4150 Ἰησοῦ
649 4083 882 4152 Χριστοῦ
905 4084 1327 4155 διακοσμοῦντες
1344 4087 1438 4139 ἀπ’
1458 4086 1654 4157 ἀρχῆς,
1677 4089 1766 4141 ὅτε
1785 4087 1814 4138 ό

245 4173 478 4242 ἄγγελος
503 4173 584 4240 τὸ,
606 4176 799 4247 Χαῖρε,
823 4178 1058 4248 κέκραγε
1082 4179 1145 4248 τῇ
1167 4177 1447 4249 Παρθένῳ,
1471 4179 1665 4249 μέχρις
1690 4179 1814 4233 ὅτου

246 4265 347 4319 καὶ
381 4263 680 4336 ἀνελήφθη.
722 4267 840 4331 ‘Ac,
869 4267 1024 4337 φησί,
1057 4268 1152 4321 καὶ
1174 4266 1324 4337 φόϐῳ
1345 4267 1622 4339 παρῄνουν
1649 4270 1813 4338 τιμᾶ-

248 4354 394 4410 σθαι.
439 4353 655 4426 Ὁρᾶτε,
688 4349 733 4410 ὧ
767 4357 1270 4430 φιλανθρωπότατοι
1315 4356 1460 4430 [cod.
1496 4360 1630 4430 Reg.
1661 4360 1812 4428 (pth-

247 4444 534 4517 θεώτατοι]
554 4484 569 4508 ,
595 4447 676 4500 ὅτι
696 4445 829 4517 ὁμοῦ
849 4450 915 4518 τῇ
942 4448 1449 4518 ἀναστηλώσει’τῶν
1480 4449 1640 4519 ἰερὼν
1669 4450 1814 4504 εἰκό-

1899 1986 2190 2051 Pancratii,
2238 1987 2513 2041 memoria:
2583 1986 2793 2055 prodita
2831 1986 2875 2017 ⁸³
2926 2005 2941 2039 :
2997 2003 3017 2036 ι
3072 1985 3215 2040 Alfer
3284 1987 3473 2056 imagi-

1900 2089 2020 2127 nem
2070 2072 2285 2127 Domini
2340 2075 2509 2128 nostri
2547 2072 2676 2127 Jesu
2715 2071 2938 2137 ChriSti,
2968 2087 3197 2142 eamque
3233 2074 3474 2142 exprime

1898 2161 1954 2215 in
1983 2162 2269 2228 turricula,
2304 2171 2365 2216 ιιι
2424 2162 2644 2216 videant
2701 2164 2884 2232 populi
2961 2163 3174 2233 qualem
3239 2162 3471 2218 formam

1899 2256 2108 2324 accepit
2167 2254 2340 2310 Filius
2406 2254 2522 2318 Dei,
2566 2264 2620 2309 et
2666 2257 2910 2310 videntes
2960 2255 3196 2325 amplius
3221 2258 3469 2322 credant,

1900 2344 2128 2415 figuram
2181 2343 2370 2399 formae
2427 2345 2719 2409 intuentes,
2764 2351 2818 2398 et
2867 2345 3227 2398 recordentur
3281 2360 3474 2398 eorum

1899 2451 2022 2505 quae
2049 2450 2143 2504 per
2175 2449 2275 2489 nos
2305 2434 2413 2489 illis
2459 2435 2748 2503 Praedicata
2787 2443 2936 2488 sunt.
2981 2454 3003 2489 ι
3055 2432 3228 2500 Quam
3285 2435 3476 2488 formi-

1900 2526 2078 2580 danda
2112 2527 2224 2580 hzec
2247 2525 2456 2580 oratiol
2505 2525 2665 2595 quasi
2709 2534 2917 2578 tantum
2953 2541 3059 2580 non
3099 2526 3470 2580 exclamaret:

1901 2617 2092 2674 Profer
2153 2617 2442 2689 imaginem
2501 2619 2636 2686 ejus.
2687 2619 2778 2686 qui
2808 2618 2978 2673 caelos
3017 2619 3218 2672 virtute
3253 2621 3472 2688 operit:

1901 2718 1956 2763 ει
2016 2708 2260 2769 ell‘orma.
2326 2717 2581 2777 tanquam
2623 2709 2676 2762 in
2740 2709 2984 2774 sublimi,
3017 2710 3085 2764 ad
3116 2711 3473 2780 conspicuum

1905 2801 2311 2856 testimonium:
2345 2811 2404 2855 ut
2428 2803 2646 2856 videant
2677 2803 2862 2871 p0pnli
2903 2804 3121 2872 qualem
3179 2803 3349 2859 Filius
3380 2803 3476 2860 Dei

1904 2890 2132 2945 formam
2167 2891 2480 2960 sumpserit,
2543 2907 2652 2944 non
2696 2894 2894 2962 angeli,
2929 2909 3106 2964 neque
3132 2897 3473 2965 archangeli,

1905 2982 2192 3038 alteriusve
2243 2983 2546 3053 cujuspiam
2595 2986 2910 3052 potestatis,
2973 2988 3067 3040 sed
3113 2991 3360 3042 servilem
3389 3005 3476 3044 se-

1906 3074 2146 3128 cundum
2172 3088 2273 3128 nos
2297 3073 2529 3128 formam
2557 3094 2569 3128 :
2603 3084 2661 3128 ut
2686 3075 2930 3129 videntes
2954 3077 3189 3144 amplius
3219 3080 3478 3148 credant;

1907 3168 2062 3237 quasi
2103 3183 2210 3222 non
2236 3167 2467 3222 sumciat
2508 3167 2796 3222 verborum
2837 3169 3080 3222 narratio
3109 3210 3125 3234 ,
3159 3170 3255 3223 sed
3288 3186 3479 3226 neces-

1909 3260 2049 3313 saria
2081 3260 2243 3314 etiam
2267 3259 2340 3313 sit
2374 3257 2443 3313 ad
2469 3259 2768 3328 pleniorem
2801 3258 3102 3313 faciendam
3154 3261 3333 3321 fidem.
3371 3264 3476 3317 sub

1909 3350 2099 3404 oculos
2147 3357 2204 3404 et
2251 3358 2529 3419 aspectum
2594 3355 2797 3406 cadens
2832 3349 3020 3405 eﬂicax
3044 3353 3479 3408 demonstratio:

1909 3445 2052 3513 quod
2104 3442 2274 3499 Filius
2306 3443 2420 3507 Dei,
2456 3442 2628 3498 Filius
2669 3444 2902 3499 hominis
2939 3443 3114 3500 factus
3149 3446 3222 3500 sit
3256 3464 3269 3499 :
3312 3457 3366 3500 et
3396 3462 3483 3501 re-

1909 3535 2203 3588 cordentur
2235 3549 2425 3588 eorum
2456 3551 2577 3604 quae
2604 3550 2700 3603 per
2727 3551 2827 3590 nos
2851 3536 2988 3604 ipsis
3014 3538 3309 3606 praedicata
3332 3549 3482 3592 sunt:

1909 3623 2065 3693 quasi
2086 3623 2291 3678 diceret
2322 3641 2338 3679 :
2370 3622 2484 3677 Hoc
2514 3624 2670 3678 vobis
2690 3632 2772 3678 est
2804 3638 3219 3681 monumentum
3241 3628 3295 3681 in
3323 3644 3486 3698 gene-

1910 3718 2152 3773 rationes
2186 3717 2622 3787 generationum.

1980 3809 2190 3864 indicat
2237 3817 2420 3863 autem
2457 3806 2707 3869 historia.
2752 3808 2944 3864 solitos
2977 3809 3118 3865 idem
3161 3808 3346 3865 facere
3376 3825 3487 3866 ca:-

1910 3908 2058 3954 teros
2088 3899 2366 3968 apostolos
2407 3899 2460 3952 in
2505 3897 2732 3955 urbibus
2762 3910 2818 3954 et
2872 3900 3028 3964 vicis,
3061 3902 3372 3956 universam
3402 3900 3488 3955 lu-

1911 3991 2249 4048 carnationis
2302 3989 2521 4044 Domini
2550 3993 2725 4046 nostri
2761 3991 2890 4048 Jesu
2925 3992 3133 4049 Christi
3161 3995 3354 4050 seriem
3387 3995 3485 4050 de-

1913 4083 2200 4138 scribendo
2228 4081 2298 4137 ab
2323 4082 2493 4136 initiis
2522 4082 2675 4152 ipsis,
2702 4084 2920 4154 quando
2946 4086 3174 4154 angelus
3206 4085 3482 4154 Virginem

1914 4172 2189 4237 salutavit,
2223 4187 2511 4242 quousque
2539 4186 2856 4242 assumptus
2884 4182 2988 4228 est.
3022 4192 3042 4225 ‹
3083 4173 3252 4240 Quas,
3285 4173 3483 4243 inquit,

1913 4260 2178 4332 imagines
2213 4276 2336 4315 cum
2375 4261 2571 4317 timore
2599 4261 2947 4317 honorandas
2971 4263 3292 4318 mouebant.
3331 4282 3351 4315 ι
3389 4261 3488 4318 Vi-

1913 4352 2073 4416 detis,
2102 4367 2137 4406 o
2166 4352 2562 4422 benignissimi,
2585 4368 2693 4407 una
2723 4368 2847 4407 cum
2873 4369 3152 4408 sacrarum
3187 4354 3481 4423 imaginum

1915 4443 2207 4506 erectione,
2241 4442 2454 4496 illarum
2498 4443 2660 4498 etiam
2695 4458 2819 4498 cum
2864 4445 3060 4498 timore
3108 4445 3483 4499 adorationem

244 4554 378 4600 νων,
403 4538 496 4591 καὶ
515 4536 575 4589 τὸ
588 4539 1005 4608 προσκυνεῖσθαι
1025 4541 1193 4604 αὑτὰς
1217 4540 1388 4611 φόϐῳ,
1414 4540 1518 4593 ὑπὸ
1533 4539 1644 4593 τῶν
1672 4541 1811 4594 ἀπο-

1916 4534 1985 4588 ab
2011 4532 2273 4603 apostolis
2296 4532 2349 4587 in
2377 4532 2606 4588 exordio
2634 4534 2753 4603 ipso
2783 4535 3038 4589 traditam
3063 4535 3272 4592 fuisse?
3305 4536 3488 4590 Hono-

249 4625 456 4678 στόλων
493 4624 588 4678 ἀπ’
617 4625 793 4696 ἀρχῆς
820 4625 1219 4696 παραδέδοται;
1255 4626 1329 4681 Τὸ
1364 4627 1473 4699 γάρ
1513 4644 1595 4681 τοι
1641 4629 1810 4698 τιμᾶ·

248 4716 395 4780 σθαι,
429 4716 714 4788 ἰσόρροπον
741 4717 981 4786 δηλονότι
1022 4719 1115 4772 τοῦ
1150 4719 1573 4789 προσκυνεῖσθαι
1598 4721 1810 4789 ὡμολό-

246 4825 434 4878 γηται.
464 4810 619 4879 Φωνὴ
658 4809 974 4863 Ἀθανασίου
1011 4813 1108 4864 τοῦ
1143 4812 1440 4866 πολυάθλου
1462 4851 1477 4877 ,
1506 4814 1571 4866 ὲκ
1607 4813 1706 4883 τῆς
1750 4815 1809 4867 ὲν

244 4898 476 4969 Βηρυτῷ
499 4901 935 4971 προσφωνήσεως
950 4919 962 4931 ·
990 4903 1227 4972 (Ἀρατε
1243 4905 1369 4966 τοὺς
1392 4902 1700 4973 ὀφθαλμοὺς
1711 4903 1810 4972 τῆς

247 4988 487 5052 διανοίας
519 4990 693 5060 ὑμῶν,
723 4993 816 5046 καὶ
848 4993 985 5045 ἴδετε
1031 4994 1092 5047 τὸ
1149 4993 1335 5047 καινὸν
1367 4992 1542 5065 θέαμα
1579 4993 1757 5049 τοῦτο.
1783 5012 1804 5046 s

247 5083 362 5138 Καὶ
410 5082 528 5152 μεθ’
583 5083 786 5155 ἑτεραο
827 5103 846 5136 ι
883 5085 1016 5137 Τότε
1069 5085 1167 5157 τὴν
1217 5086 1402 5139 εἰκόνα
1458 5085 1551 5138 τοῦ
1604 5085 1808 5157 Κυρίου

247 5174 406 5244 ἡμῶν
445 5173 619 5244 Ἰησοῦ
671 5176 907 5246 Χριστοῦ
961 5178 1011 5230 οἰ
1079 5178 1320 5231 Ἰουδαῖοι
1377 5177 1809 5247 κατενέγκαντες

249 5267 480 5335 ἔφησαν,
539 5267 625 5320 ὃτι
679 5268 876 5332 Καθὼς
918 5271 967 5322 οἰ
1025 5270 1260 5340 πατέρες
1301 5269 1458 5339 ἡμῶν
1508 5269 1808 5322 ἐνέπτυσαν

249 5358 398 5429 αὑτῷ
454 5375 604 5426 ποτε,
642 5358 813 5424 οὕτως
867 5363 960 5413 καὶ
1013 5363 1170 5432 ἡμεῖς
1216 5360 1583 5432 ἑμπτύσωμεν
1637 5357 1804 5426 αὐτῷ.

1914 4640 2037 4680 rare
2064 4625 2355 4695 siquidem,
2388 4626 2496 4680 vim
2535 4627 2781 4681 eamdem
2813 4627 3013 4683 habere
3044 4637 3209 4699 atque
3231 4631 3480 4693 adorare,

1914 4715 2104 4783 utique
2162 4715 2218 4769 in
2245 4713 2500 4770 confesso
2529 4723 2633 4770 est.
2681 4714 2794 4770 Vox
2825 4718 3032 4773 strenui
3067 4720 3288 4774 athleta:
3311 4720 3482 4772 Atha-

1913 4809 2051 4861 nasii
2115 4821 2180 4862 ex
2236 4807 2564 4862 allocutione
2593 4807 2648 4861 in
2679 4805 2876 4879 Beryto
2919 4809 3161 4864 habita”
3195 4828 3253 4864 ιι
3288 4810 3485 4866 Levate

1914 4902 2103 4956 oculos
2137 4901 2442 4957 intellectus
2472 4902 2659 4968 vestri,
2686 4912 2740 4956 et
2762 4918 2961 4956 novum
2986 4903 3090 4958 hoc
3114 4906 3480 4973 spectaculum

1914 4991 2382 5062 contemplamini.
2418 5009 2438 5043 ι
2492 4991 2557 5046 Ει
2587 5000 2713 5061 post
2754 4992 2861 5046 alia
2892 5008 2907 5046 :
2967 5010 2987 5043 ι
3026 4991 3164 5047 Tum
3193 4995 3484 5065 imaginem

1914 5083 2126 5138 Domini
2165 5085 2340 5139 nostri
2365 5081 2494 5138 Iesu
2519 5083 2723 5140 Christi
2775 5086 3110 5156 proferentes
3136 5085 3306 5141 δυάδι
3334 5088 3485 5142 dixe-

1910 5184 2079 5230 runt:
2134 5173 2602 5241 Quemadmodum
2654 5184 2837 5245 patres
2871 5177 3042 5232 nostri
3092 5177 3380 5233 illuserunt
3430 5178 3477 5232 ei

1911 5268 2207 5338 quondam,
2249 5269 2322 5321 ita
2365 5276 2419 5322 et
2451 5283 2554 5322 nos
2597 5269 2891 5326 illudamus
2916 5284 3064 5324 nunc
3087 5271 3158 5324 ei.
3189 5271 3341 5325 'l‘unc
3365 5286 3482 5326 cae-

1911 5367 2111 5428 perunt
2145 5373 2413 5426 exspuere
2443 5358 2499 5411 in
2544 5357 2739 5413 faciem
2774 5361 3027 5429 imaginis
3075 5360 3312 5427 Domini,
3336 5362 3483 5416 cola-

253 5448 388 5504 Τότε
417 5449 650 5519 ἡρξαντο
680 5452 945 5520 ἐμπτύειν
980 5453 1058 5514 εἰς
1083 5453 1140 5504 τὸ
1164 5453 1455 5522 πρόσωπον
1485 5451 1582 5521 τῆς
1615 5451 1820 5508 εἰκόνος

1906 5449 2139 5519 phisque
2170 5447 2297 5502 hinc
2325 5449 2476 5504 illinc
2501 5450 2768 5506 caedentes
2801 5451 3058 5506 dixerunt
3087 5471 3103 5506 :
3131 5453 3485 5519 Quaecunque

251 5539 349 5593 τοῦ
405 5542 748 5612 Κυρίου,καί
792 5543 1094 5614 ἰρράπισαν
1131 5542 1301 5613 αὐτὴν
1345 5543 1488 5596 κατὰ
1537 5542 1820 5614 πρόσωπον

1907 5537 2267 5606 designarunt
2302 5546 2490 5606 patres
2519 5538 2691 5592 nostri
2726 5538 2783 5592 in
2822 5539 2997 5604 illum,
3037 5554 3101 5593 ea
3131 5547 3184 5593 ει
3211 5553 3312 5593 nos
3341 5553 3452 5607 quo

259 5630 370 5684 τῶν
402 5632 766 5687 συνελθόντων
790 5633 942 5687 ἐνθεν
973 5633 1262 5696 κάκεῖθεν,
1289 5634 1458 5705 ἧγουν
1493 5634 1592 5703 τὴν
1642 5631 1820 5685 εἰκόνα

1910 5643 2016 5696 que
2044 5626 2311 5681 faciamus
2351 5627 2404 5681 in
2449 5625 2594 5683 illius
2645 5627 2961 5699 imaginem.
3000 5627 3066 5682 Et
3093 5628 3318 5683 dicunt:
3349 5628 3481 5681 lllu-

367 5766 594 5838 “Deut.
624 5784 740 5831 XII,
780 5770 867 5824 l5.
951 5769 996 5802 ”
1026 5769 1180 5838 Apud
1207 5769 1547 5830 Bollandum,
1577 5768 1610 5820 3
1637 5767 1722 5820 die
1742 5761 1961 5838 “mensis
1984 5759 2202 5832 Aprilis,
2228 5775 2344 5832 pag.
2389 5759 2514 5814 237.
2590 5761 2636 5793 “
2669 5761 2726 5816 ln
2755 5761 2936 5818 libello
2963 5761 3037 5816 De
3079 5763 3326 5831 passiam:
3350 5761 3484 5813 ima-

250 5838 392 5910 ginis
419 5835 631 5891 Domini
666 5841 831 5894 nostri
878 5839 1004 5894 Iesu
1065 5834 1284 5906 Christi,
1322 5851 1358 5894 t.
1414 5839 1475 5903 ll,
1548 5855 1672 5907 pag.
1733 5834 1858 5888 6.47.
