4184 6478
744 370 762 425 1
777 369 879 431 607

1925 367 1986 426 S.
2009 366 2109 425 ΤΗ
2121 365 2400 425 EODORI
2451 361 2798 423 STUDITAZ

3854 351 3989 413 1608

737 488 928 537 serunt
969 478 1042 546 ei,
1069 488 1122 534 et
1162 492 1262 533 nos
1305 477 1444 533 idem
1479 476 1764 533 faciamus.
1792 476 1913 532 Mox
1952 477 2160 532 inﬁnita
2181 493 2313 532 con-

2417 475 2506 528 τοῦ
2535 474 2762 547 Κυρίου,
2801 471 3048 541 λέγοντες
3072 483 3087 499 ⁸
3121 469 3261 522 Ὅσα
3294 469 3567 538 ἐποίησαν
3599 465 3750 537 αὑτῷ
3797 469 3849 520 οἱ
3887 485 3991 520 παι

737 574 876 627 vicia
930 584 1290 627 evomuerunt
1346 571 1400 624 in
1441 571 1729 641 imaginem
1767 573 2004 636 Domini,
2063 587 2185 642 quae
2214 585 2313 624 nec

737 665 928 721 efferre
955 666 1243 735 quisquam
1283 669 1444 718 ausit.
1470 665 1690 719 Addunt
1725 665 1922 720 deinde
1949 684 1963 721 :
1987 665 2315 720 Audivimus

740 767 922 824 patres
946 767 1184 818 nostros,
1213 757 1376 824 pedes
1403 771 1706 826 manusque
1739 757 1885 811 illius
1911 757 2078 812 clavis
2105 756 2310 812 ﬁxisse:

739 851 866 918 quid
905 850 1059 902 obest
1082 849 1374 917 quominus
1404 849 1543 903 idem
1572 850 1880 904 tentemus?
1900 848 2316 919 Confestimque

740 941 990 1012 imaginis
1022 941 1230 994 Domini
1262 941 1422 1007 pedes
1450 955 1752 1011 manusque
1778 942 1946 996 clavis
1972 941 2312 996 foravernnt.

740 1032 978 1087 Rursum
1039 1033 1232 1085 insano
1269 1047 1361 1085 ore
1419 1031 1702 1087 clamant:
1762 1034 2088 1087 Audivimus
2170 1033 2315 1102 quod

741 1134 895 1178 aceto
939 1133 993 1178 et
1050 1123 1172 1178 felle
1227 1125 1435 1178 imbuta
1483 1127 1711 1196 spongia
1748 1126 1896 1178 illum
1951 1134 2311 1194 potaveruut;

741 1213 1006 1269 faciamus
1071 1222 1126 1268 et
1175 1230 1274 1268 nos
1343 1215 1612 1269 similiter.
1690 1215 2039 1285 Acceptaque
2089 1217 2315 1287 spongia

740 1314 893 1357 aceto
927 1304 1106 1372 plena,
1151 1305 1214 1357 ad
1245 1317 1308 1358 os
1371 1305 1622 1376 imaginis
1673 1307 2078 1375 applicuerunt.
2105 1305 2317 1362 Rursus

741 1396 929 1450 aiunt:
962 1394 1159 1449 Notum
1198 1398 1354 1452 nobis
1382 1407 1486 1461 est,
1515 1399 1660 1467 quod
1692 1400 1958 1452 arundine
1978 1409 2145 1468 caput
2169 1401 2317 1453 illius

741 1489 926 1544 Patres
963 1489 1128 1541 uoSIri
1178 1499 1603 1556 percusserunt:
1654 1491 1746 1542 fiat
1799 1492 2036 1559 idipsum
2067 1490 2233 1544 etiam
2287 1506 2316 1544 a

741 1581 919 1633 nobis.
956 1577 1180 1647 Sumpta
1213 1581 1398 1650 itaque
1429 1582 1716 1644 arundine,
1762 1592 1926 1650 caput
1971 1581 2180 1635 Domini
2207 1596 2313 1636 ca:-

740 1672 866 1724 dere
899 1682 1198 1740 caaperunt.
1237 1672 1475 1729 Tandem
1504 1675 1658 1728 aiunt
1689 1693 1702 1729 :
1749 1675 1969 1730 Clarum
2023 1674 2180 1729 nobis
2211 1685 2315 1736 est,

742 1763 885 1830 quod
919 1774 969 1817 et
1003 1765 1186 1817 lancea
1223 1765 1364 1818 latus
1390 1767 1508 1835 ejus
1556 1776 1921 1835 pupugerunt,
1976 1767 2112 1820 nihil
2152 1768 2307 1822 omit-

741 1864 969 1909 tamus:
1026 1857 1291 1913 addamus
1337 1868 1390 1911 et
1449 1861 1549 1914 hoc
1600 1861 1798 1928 ipsum.
1843 1859 2030 1928 Itaque
2068 1861 2310 1914 lanceam

739 1947 956 2001 cuidam
1004 1963 1226 2002 suorum
1284 1951 1644 2020 porrigentes,
1707 1951 1996 2020 jusserunt
2057 1960 2117 2004 ut
2171 1949 2316 2004 latus

739 2037 994 2108 imaginis
1025 2041 1310 2096 dominicae
1359 2043 1738 2113 transfigeret:
1771 2060 1837 2098 ex
1869 2059 1936 2099 eo
1963 2050 2146 2098 autem
2176 2058 2312 2098 cou-

742 2128 920 2184 festim
964 2133 1246 2202 sanguinis
1294 2143 1347 2187 et
1401 2149 1558 2204 aqua:
1608 2135 1764 2189 rivuli
1825 2151 2083 2190 emanare
2130 2149 2314 2205 crepe-

742 2230 890 2275 runt.
931 2241 950 2274 ι
986 2220 1186 2280 Fidelis
1219 2241 1422 2289 sermo,
1457 2226 1926 2295 osapientissimi,
1966 2228 2161 2296 partim
2192 2227 2316 2296 qui-

741 2313 886 2378 dem,
946 2318 1075 2384 quia
1125 2319 1278 2386 signa
1337 2318 1631 2374 incredulis
1687 2318 1909 2384 dantur,
1971 2334 2077 2372 non
2133 2327 2315 2373 autem

741 2407 1123 2472 credentibus;
1177 2412 1371 2477 partim
1419 2426 1544 2465 vero
1579 2420 1636 2464 ut
1683 2422 1734 2465 et
1778 2425 1878 2466 nos
1927 2411 2318 2482 intelligamus,

740 2510 838 2563 per
876 2498 1128 2569 imaginis
1180 2503 1569 2556 contumeliam
1627 2504 1827 2572 probro
1887 2502 2023 2577 allici
2078 2511 2322 2572 prototy-

742 2603 911 2657 pum;
953 2600 1013 2645 ut
1072 2602 1261 2646 contra
1310 2609 1407 2664 per
1462 2595 1722 2666 imaginis
1794 2594 2060 2649 honorem
2112 2595 2318 2648 honore

741 2679 996 2736 afﬁcitur.

2415 569 2573 639 τέρες
2613 568 2790 637 ἡμῶν,
2827 567 3006 619 πάντα
3050 565 3365 633 ποιήσωμεν
3423 565 3488 634 τῇ
3542 561 3715 614 εἰκόνι
3768 560 3940 614 αὑτοῦ
3975 576 3989 593 ⁸

2419 662 2516 714 καὶ
2541 660 2806 728 λέγουσιν,
2826 659 2905 712 ὅτι
2922 656 3248 722 Ἐνέπαιξαν
3269 654 3419 724 αὑτῷ
3440 670 3456 685 ⁸
3484 654 3580 707 καὶ
3602 655 3764 724 ἡμεῖς
3776 653 3847 706 τὸ
3863 652 3994 706 αὑτὸ

2414 756 2751 824 ποιήσωμεν.
2768 751 3136 820 Ἐμπαιγμοίς
3156 744 3249 802 οὖν
3277 745 3526 815 ἀπείροις
3552 743 3857 808 ἐνέπαιξαν
3886 745 3986 811 τὴν

2415 846 2598 899 εἰκόνα
2631 843 2724 897 τοῦ
2759 842 2991 914 Κυρίου,
3028 841 3170 912 άπερ
3201 839 3321 893 οὑδὲ
3343 838 3524 904 λέγειν
3553 839 3686 906 ἡμῖν
3717 836 3992 903 τετόλμη-

2415 955 2528 992 ται.
2555 932 2688 990 Εἶτα
2747 933 3000 1002 λέγουσιν
3029 947 3044 963 ⁸
3086 931 3432 1000 Ἠκοὺσαμεν
3459 932 3542 983 ὅτι
3575 929 3796 998 ἥλωσαν
3829 925 3992 981 αὑτοῦ

2415 1031 2514 1091 τὰς
2551 1031 2741 1098 χεῖρας
2770 1027 3011 1088 καὶτοὺς
3035 1024 3202 1087 πόδας
3231 1037 3248 1054 ⁸
3289 1021 3447 1074 τοῦτο
3488 1022 3583 1073 καὶ
3611 1022 3779 1090 ἡμεῖς
3834 1019 3992 1084 ποιή-

2419 1139 2604 1188 σωμεν
2667 1119 2817 1188 αὑτῷ
2842 1134 2856 1148 ⁸
2889 1119 3014 1170 τότε
3049 1118 3148 1176 τὰς
3193 1118 3378 1186 χεῖρας
3409 1113 3650 1175 καὶτοὺς
3693 1112 3866 1173 πόδας
3897 1109 3994 1178 τῆς

2415 1213 2509 1266 τοῦ
2547 1211 2752 1281 Κυρίου
2778 1209 2982 1270 εἰκόνος
3005 1207 3211 1276 ἔπηξαν
3232 1209 3344 1267 τοῖς
3373 1205 3544 1275 ἥλοις.
3579 1203 3746 1256 Πάλιν
3771 1201 3992 1268 λέγουσι

2420 1302 2725 1374 μεμηνότες
2743 1316 2758 1329 ⁸
2804 1299 3148 1367 Ἠκοὺσαμεν
3171 1296 3254 1348 ὅτι
3275 1294 3398 1358 ὅξος
3421 1295 3515 1346 καὶ
3545 1291 3706 1361 χολὴν
3729 1291 3992 1342 ὲπότισαν

2417 1392 2578 1446 αὑτὸν
2633 1389 2772 1460 μετά
2835 1389 3080 1456 σπόγγου
3111 1402 3126 1416 ⁸
3159 1386 3476 1455 ποιήσωμεν
3500 1382 3647 1451 αὑτῷ
3678 1381 3776 1433 καὶ
3801 1381 3991 1447 ἡμεῖς.

2418 1486 2530 1540 Καὶ
2560 1484 2846 1552 ἐποίησαν.
2881 1480 3209 1552 προσθέντες
3239 1477 3318 1548 τῷ
3354 1476 3583 1544 στόματι
3631 1471 3734 1542 τῆς
3787 1471 3994 1532 εἰκόνος

2416 1577 2511 1630 τοῦ
2549 1576 2783 1646 Κυρίου,
2816 1574 2908 1628 τὸν
2944 1572 3186 1639 σπόγγον
3212 1569 3307 1622 τοῦ
3333 1568 3488 1631 δξους
3531 1563 3989 1634 πεπληρωμένον.

2420 1669 2587 1723 Πάλιν
2611 1668 2828 1734 λέγουσι
2859 1681 2874 1696 ⁸
2902 1665 3318 1736 Μεμαθήκαμεν
3365 1661 3447 1714 ὅτι
3492 1658 3723 1727 καλάμῳ
3761 1657 3865 1727 τὴν
3904 1673 3994 1709 κε-

2420 1759 2595 1829 φαλὴν
2621 1756 2786 1811 αὑτοῦ
2826 1754 3030 1824 ἐτυψαν
3059 1753 3109 1805 οί
3145 1751 3381 1820 πατέρες
3418 1749 3576 1818 ἡμῶν
3600 1764 3614 1777 ⁸
3655 1749 3715 1799 τὸ
3739 1747 3876 1800 αὑτὸ
3905 1748 3995 1799 καὶ

2353 1821 2390 1875 Β
2421 1821 2582 1920 ἡμεῖς
2629 1821 2966 1917 ποιήσωμεν.
3003 1845 3114 1898 Καὶ⁵
3162 1842 3417 1902 λαϐόντες
3459 1841 3723 1910 κάλαμον,
3764 1839 3993 1890 ἔτυπτον

2422 1945 2501 2006 είς
2529 1941 2626 2011 τὴν
2659 1940 2900 2009 κεφαλὴν
2927 1937 3020 1990 τοῦ
3048 1935 3339 1990 Δεσπότου.
3359 1933 3525 1996 Τέλος
3559 1933 3816 1998 λέγουσιν
3844 1946 3861 1961 ⁸
3909 1929 3994 1990 Ὧς

2422 2034 2669 2104 ἀκριϐῶς
2701 2032 3069 2103 μανθάνομεν,
3098 2032 3177 2082 ὅτι
3207 2029 3378 2098 λόγχῃ
3418 2027 3516 2097 τὴν
3552 2023 3792 2092 πλευράν
3823 2019 3994 2074 αὑτοῦ

2422 2128 2656 2194 ἔνυξαν⁸
2712 2125 2876 2195 μηδὲν
2929 2121 3402 2192 παραλείψωμενο
3465 2117 3604 2170 ἀλλά
3661 2113 3994 2185 προσθῶμεν

2421 2217 2726 2274 καὶτοῦτο.
2756 2216 2865 2269 Καὶ
2913 2215 3240 2284 ποιήσαντες
3283 2211 3568 2281 ἐνεχθῆναι
3615 2207 3840 2276 λόγχην,
3894 2206 3995 2257 έπ-

2423 2313 2657 2382 έτρεψάν
2683 2325 2788 2362 τινι
2828 2307 3007 2361 αὑτῶν
3067 2302 3198 2375 ἆραι
3242 2307 3341 2374 τὴν
3377 2304 3594 2372 λόγχην,
3625 2300 3720 2352 καὶ⁵
3759 2295 3996 2368 κροῦσαι

2421 2403 2564 2457 κατά
2591 2403 2692 2470 τῆς
2717 2399 2956 2469 πλευρᾶς
2981 2397 3080 2465 τῆς
3107 2395 3314 2457 είκόνος
3338 2395 3432 2446 τοῦ
3468 2392 3675 2460 Κυρίου
3697 2406 3711 2421 ⁸
3741 2392 3838 2442 καὶ
3867 2388 3992 2439 τού-

2420 2507 2514 2547 του
2553 2491 2846 2561 γενομένου
2893 2487 3096 2548 εὐθέως
3124 2485 3420 2537 ἀνέϐλυσεν
3447 2483 3541 2536 ἀπ’
3573 2480 3742 2549 αὑτῆς
3792 2477 3995 2546 πλῆθος

2424 2585 2656 2655 αἵματος
2680 2582 2775 2635 καὶ
2803 2580 3058 2643 ὓδατος.»
3098 2576 3293 2639 Πιστὸς
3323 2578 3352 2628 ὁ
3384 2575 3565 2641 λόγος,
3588 2566 3633 2624 ῶ
3667 2569 3990 2638 σοφώτατον

2424 2677 2486 2730 τὸ
2540 2676 2660 2746 μὲν,
2729 2675 2812 2728 ὃτι
2851 2673 2920 2726 τὰ
2975 2673 3180 2742 σημεῖα
3253 2671 3366 2731 τοῖς
3443 2666 3718 2728 ἀπίστοις,
3758 2663 3822 2715 οὑ
3885 2662 3995 2722 τοῖς

741 2771 1058 2824 πιστεύουσι
1084 2786 1100 2801 ⁸
1126 2771 1188 2825 τὸ
1212 2771 1290 2836 δὲ,
1322 2771 1398 2835 ὡς
1420 2771 1487 2825 ἂν
1518 2775 1612 2824 καὶ
1635 2774 1797 2841 ἡμεῖς
1856 2772 2141 2844 γνοίημεν,
2180 2773 2264 2826 ὃτι
2320 2772 2388 2841 τῇ
2426 2769 2526 2840 τῆς
2571 2767 2777 2831 εἰκόνος
2831 2766 2988 2837 ὑϐρει
3035 2763 3361 2834 ἐφύϐρισται
3391 2760 3457 2812 τὸ
3489 2759 3844 2830 πρωτότυπον
3879 2771 3892 2782 ⁸
3921 2754 3994 2819 ὡς

745 2862 997 2936 ἔμπαλιν,
1025 2866 1090 2934 τῇ
1116 2865 1214 2934 τῆς
1244 2865 1449 2928 είκόνος
1475 2868 1607 2934 τιμῇ
1639 2865 2058 2936 ἀποτετίμηται.

820 2954 932 3010 Vox
999 2954 1180 3009 Basilii
1227 2956 1407 3023 magni
1472 2971 1538 3011 ex
1605 2957 1915 3011 laudatione
1969 2958 2021 3010 in
2063 2957 2312 3011 Barlaam

2490 2951 2647 3021 Φωνὴ
2672 2949 2765 3002 τοῦ
2793 2949 3028 3019 μεγάλου
3055 2946 3336 2998 Βασιλείαν
3369 2945 3434 2996 ἐκ
3464 2940 3558 2993 τοῦ
3590 2939 3870 3007 ὲγκωμίου
3903 2938 3992 2990 τοῦ

742 3049 1136 3115 martyrem“:
1193 3065 1214 3099 ε
1261 3046 1609 3117 Exprimatur
1644 3049 1696 3102 iu
1753 3050 1936 3104 tabula
1983 3059 2038 3104 et
2063 3050 2319 3104 certami-

742 3153 872 3192 num
929 3153 1128 3206 praases
1179 3148 1343 3207 atque
1408 3145 1599 3192 auctor
1656 3138 1934 3194 Christus.
2001 3138 2100 3195 llic
2131 3141 2318 3205 etiam,

743 3230 1121 3295 serenissimi,
1181 3232 1485 3285 certissima
1567 3233 1649 3286 lex
1701 3233 1956 3302 imaginis
2029 3234 2318 3303 erigendae.

742 3321 928 3390 Neque
972 3324 1138 3385 enim,
1174 3333 1232 3377 ut
1287 3322 1491 3378 frustra
1531 3325 1778 3392 garriunt
1816 3325 2069 3394 quidam,
2122 3324 2323 3379 mentis

744 3416 942 3470 tabulae
992 3417 1223 3484 imprimi
1280 3416 1560 3471 Christum
1619 3417 1783 3486 jussit
1814 3419 1894 3471 vir
1939 3419 2179 3473 divinus.
2204 3417 2322 3472 Non

743 3509 888 3562 enim
914 3508 1184 3577 depictum
1213 3509 1264 3561 in
1294 3509 1472 3573 nobis,
1503 3509 1596 3564 sed
1625 3511 2020 3565 inhabitantem
2045 3510 2323 3566 Christum

744 3613 839 3671 per
878 3601 1036 3654 fidem
1085 3601 1136 3654 in
1178 3599 1437 3656 cordibus
1490 3602 1690 3656 nostris
1730 3603 2020 3668 habemus,
2067 3603 2210 3659 sicut
2236 3619 2328 3657 vo-

743 3693 1005 3748 CIferatur
1053 3694 1431 3764 Apostolus“.
1492 3695 1714 3760 Deinde,
1773 3697 2216 3766 conjunctionem
2275 3706 2325 3750 et

746 3787 1013 3848 inserens,
1075 3787 1431 3855 precedentia
1487 3788 1675 3856 utique
1721 3787 2046 3857 designavit,
2095 3803 2217 3858 quae
2245 3788 2325 3843 sic

748 3877 993 3930 habent:
1032 3875 1319 3947 Exsurgite
1368 3893 1532 3941 nunc,
1571 3892 1605 3930 ο
1645 3878 1888 3947 praeclari
1943 3879 2323 3936 athleticorum

749 3984 1025 4039 gestorum
1048 3971 1284 4039 pictores
1319 3987 1332 4022 :
1363 3969 1611 4023 mutilam
1638 3969 1792 4024 ducis
1820 3969 2110 4040 imaginem
2146 3981 2327 4026 vestro

748 4061 1016 4114 illnstrate
1045 4059 1313 4126 artificio;
1352 4068 1408 4113 et
1435 4059 1720 4113 obscurius
1747 4073 1775 4111 a
1801 4075 1886 4113 me
1911 4060 2208 4129 depictum,
2233 4075 2327 4116 co-

749 4163 1003 4206 ronatum
1037 4152 1318 4214 athletam,
1354 4161 1546 4204 vestrae
1584 4150 1866 4204 industria:
1899 4151 2174 4206 coloribus
2203 4166 2329 4205 con-

749 4248 999 4312 spicuum
1033 4244 1261 4298 reddite.
1297 4243 1523 4307 Abeam,
1577 4243 1938 4297 certaminum
1970 4259 2035 4298 ac
2062 4244 2290 4298 victoria

2421 3046 2500 3103 είς
2528 3042 2620 3094 τὸν
2657 3041 2908 3110 μάρτυρα
2944 3038 3229 3107 Βαρλαάμ·
3271 3055 3293 3084 ιι
3335 3030 3727 3101 Ἐγγραφέσθω
3778 3029 3857 3098 τῷ
3908 3029 3996 3080 πίο

2419 3151 2544 3187 νακι
2595 3135 2689 3186 καὶ
2713 3134 2741 3184 ό
2769 3132 2874 3183 τῶν
2898 3129 3291 3198 παλαισμάτων
3320 3126 3664 3194 ἀγωνοθέτης
3702 3124 3937 3194 Χριστός
3975 3138 3990 3150 ⁸

2422 3223 2736 3288 Κάνταῦθα,
2773 3216 2818 3274 ῶ
2865 3221 3246 3291 γαληνότατοι,
3278 3216 3522 3286 ἀσφαλὴς
3545 3217 3573 3268 δ
3599 3216 3723 3284 ὅρος
3767 3217 3868 3283 τῆς
3917 3214 3994 3264 εί-

2424 3315 2650 3385 κονικῆς
2685 3313 3138 3382 ἀναστηλὼσεως.
3161 3311 3236 3363 Οὐ
3267 3310 3397 3378 γάρ,
3436 3307 3510 3370 ῶς
3543 3323 3688 3368 τινες
3726 3304 3993 3358 εἰκαιολο-

2423 3409 2603 3478 γοῦσι,
2632 3407 2706 3478 τῷ
2742 3407 2931 3460 πίνακι
2984 3405 3081 3475 τῆς
3129 3404 3304 3472 ψυχῆς
3340 3399 3715 3470 ἐγγεγράφθαι
3761 3394 3994 3466 Χριστόν

2427 3501 2643 3572 εἴρηται
2695 3498 2774 3569 τῷ
2829 3496 3092 3566 θεοφόρῳ.
3118 3495 3251 3547 Οὐδὲ
3289 3494 3396 3562 γὰρ
3443 3490 3900 3558 ἐγγεγραμμένον
3941 3489 3994 3537 έν

2425 3594 2577 3663 ἡμῖν,
2595 3590 2734 3644 ἀλλά
2759 3587 3112 3642 κατοικοῦντα
3133 3587 3222 3638 τὸν
3246 3583 3479 3653 Χριστὸν
3512 3582 3602 3634 δια
3629 3581 3726 3650 τῆς
3761 3579 3995 3639 πίστεως

2425 3687 2484 3738 ὲν
2511 3687 2632 3746 ταῖς
2654 3681 2904 3753 καρδίαις
2931 3679 3089 3749 ἡμῶν
3115 3679 3312 3748 ἔχομεν
3329 3717 3342 3738 ,
3374 3676 3447 3737 ὡς
3475 3678 3503 3727 ό
3533 3673 3853 3734 ’Δπὸστολος
3878 3671 3991 3740 βοᾷ.

2429 3775 2678 3836 Ἔπειτα,
2707 3773 2789 3824 ὅτι
2818 3771 2913 3823 καὶ
2932 3772 2998 3840 τῇ
3039 3769 3275 3838 ὲπιφορᾷ
3301 3765 3415 3826 τοῦ.
3452 3766 3567 3826 καὶ,
3605 3764 3905 3834 συνδέσμου
3931 3763 3994 3815 τά

2426 3864 2811 3934 προηγούμενα
2843 3861 3256 3931 ὑπεσημήνατο,
3293 3857 3451 3911 ἀτινά
3491 3859 3609 3909 ὲστι
3637 3855 3761 3908 τάδε
3790 3871 3805 3884 ⁸
3846 3854 3995 3907 Ἀνά-

2428 3955 2590 4024 στητέ
2625 3971 2713 4022 μοι
2737 3951 2850 4014 νῦν,
2883 3951 3126 4020 λαμπροὶ
3155 3948 3262 4000 τῶν
3301 3947 3610 4017 ἀθλητικῶν
3639 3944 3995 4015 κατορθωμάο

2426 4064 2533 4100 των
2591 4043 2894 4112 ζωγράφοι,
2927 4042 3031 4110 τὴν
3079 4039 3176 4092 τοῦ
3229 4037 3538 4110 στρατηγοῦ
3601 4035 3995 4088 κολοϐωθεῖσαν

2429 4137 2616 4191 είκόνα
2647 4139 2763 4199 ταῖς
2809 4136 3110 4205 ὑμετέραις
3156 4131 3492 4203 μεγαλύνατε
3526 4129 3743 4198 τέχναις
3769 4144 3783 4157 ⁸
3816 4128 3993 4195 ἀμαυ-

2432 4229 2652 4298 ρότερον
2708 4227 2839 4297 παρ’
2864 4225 3001 4297 ὲμοῦ
3045 4224 3138 4276 τὸν
3185 4221 3508 4290 στεφανίτην
3553 4219 3856 4290 γραφέντα,
3885 4219 3993 4280 τοῖς

749 4351 872 4389 rum
912 4335 1211 4405 martyrisa
1252 4334 1403 4388 vobis
1430 4334 1607 4403 posita
1633 4334 1870 4405 imagine
1902 4335 2079 4391 victus
2116 4354 2130 4390 :
2187 4351 2319 4406 gau-

2427 4321 2524 4388 τῆς
2616 4318 2886 4387 ὑμετέρας
2958 4317 3148 4384 σοφίας
3237 4312 3618 4384 περιλάμψατε
3686 4307 3990 4379 χρώμασιν.

751 4429 907 4482 deam
943 4428 1033 4481 tali
1087 4428 1245 4482 hodie
1297 4441 1389 4496 per
1431 4435 1664 4480 vestram
1696 4427 2070 4482 dexteritatem
2099 4428 2326 4483 victoria

753 4528 1061 4588 superatus.
1099 4517 1321 4572 Videam
1367 4534 1559 4572 manus
1585 4518 1747 4587 hujus
1786 4518 1988 4573 luctam
2039 4535 2164 4574 cum
2205 4520 2329 4589 igne

752 4612 995 4665 exactius
1031 4627 1061 4664 a
1097 4610 1249 4663 vobis
1279 4610 1570 4678 depictam.
1611 4609 1831 4664 Videam
1878 4612 2196 4667 alacriorem
2233 4630 2333 4684 pu-

755 4703 913 4771 gilem
972 4717 1066 4771 per
1115 4711 1350 4755 vestram
1421 4701 1694 4770 depictum
1743 4702 2063 4772 imaginem.
2113 4705 2331 4758 l’lorent

756 4793 1030 4846 daemones
1082 4793 1268 4855 etiam,
1323 4792 1577 4861 martyris
1639 4791 1694 4844 in
1753 4792 1910 4846 nobis
1974 4793 2206 4862 perculsi
2250 4794 2330 4846 vi-

758 4885 994 4937 rtoriis:
1060 4882 1259 4936 ardens
1314 4881 1510 4937 iterum
1581 4882 1687 4936 illis
1743 4897 1807 4936 ac
1873 4883 2062 4937 victrix
2136 4897 2328 4940 maqu

757 4981 1082 5028 ostentetur.
1125 4991 1143 5023 ι

833 5232 954 5288 Haec
985 5235 1073 5288 ille
1099 5234 1515 5304 haudquaquam
1546 5242 1595 5287 in
1622 5235 1777 5290 nobis
1823 5235 1964 5304 pingi
1994 5237 2230 5290 diceret:
2259 5246 2334 5301 et,

763 5327 806 5379 si
838 5327 938 5378 hoc
974 5327 1135 5380 etiam
1162 5328 1402 5390 daretur,
1437 5343 1542 5380 non
1592 5329 1742 5396 prius
1775 5344 2014 5388 servum,
2048 5343 2110 5380 ac
2138 5330 2331 5381 deinde

763 5418 1046 5469 dominum
1095 5419 1239 5487 pingi
1293 5420 1528 5487 juberet.
1589 5417 1693 5472 Sed
1749 5427 1802 5471 et
1853 5420 2008 5472 initio
2037 5435 2159 5472 cum
2205 5421 2328 5472 ait:

766 5506 1048 5575 Exsurgite
1094 5525 1260 5572 nunc,
1295 5525 1327 5563 o
1361 5514 1606 5579 praeclari
1658 5511 2035 5564 athleticorum
2078 5511 2331 5564 certami-

767 5610 896 5652 num
933 5599 1165 5668 pictores
1196 5618 1209 5653 :
1238 5601 1533 5668 imaginum
1562 5601 1748 5669 procul
1769 5602 1954 5665 dubio,
1987 5609 2041 5653 et
2073 5616 2174 5654 non
2200 5613 2324 5653 ora-

839 5776 884 5807 δδ
921 5774 1073 5828 Tom.
1108 5776 1146 5839 I,
1184 5777 1326 5828 hom.
1378 5775 1460 5841 l8,
1498 5791 1616 5845 pag.
1647 5775 1770 5830 5l5.
1837 5777 1880 5808 “
1915 5774 2109 5845 Ephcs.
2143 5791 2220 5839 ιιι,
2251 5776 2330 5828 l7.

2444 4410 2688 4463 Ἀπέλθω
2712 4413 2779 4479 τῇ
2808 4409 2917 4460 τῶν
2958 4406 3388 4477 ἀριστευμάτων
3418 4403 3513 4457 τοῦ
3549 4403 3828 4473 μάρτυρος
3866 4401 3994 4466 παρ’

2435 4501 2587 4572 ὑμῶν
2631 4500 2982 4568 νενικημένος
3035 4501 3244 4569 γραφῇ.
3273 4498 3464 4564 Χαίρω
3509 4498 3577 4566 τῇ
3626 4493 3854 4565 τοιαύτῃ
3899 4493 3994 4561 τῆς

2438 4594 2710 4664 ὑμετέρας
2746 4592 2925 4660 ίσχὺος
2965 4594 3203 4660 σήμερον
3224 4591 3348 4660 νίκῃ
3379 4587 3711 4657 ἡττώμενος.
3745 4584 3867 4637 Ἰδω
3901 4585 3994 4652 τῆς

2436 4683 2617 4754 χειρὸς
2641 4683 2775 4752 πρὸς
2803 4681 2864 4732 τὸ
2889 4679 2998 4749 πῦρ
3021 4679 3408 4749 ἀκριϐέστερον
3438 4675 3568 4744 παρ’
3596 4673 3753 4744 ὑμῶν
3794 4674 3993 4741 ἐγγρα-

2437 4775 2676 4845 φομένην
2711 4775 2810 4844 τὴν
2839 4773 3036 4842 πάλην.
3073 4771 3195 4824 Ἰδω
3219 4768 3573 4838 φαιδρότερον
3607 4767 3699 4818 ἐπὶ
3727 4765 3828 4833 τῆς
3866 4765 3985 4831 ὑμε-

2436 4870 2601 4936 τέρας
2623 4865 2714 4918 τὸν
2742 4864 3044 4934 παλαιστὴν
3082 4858 3466 4929 γεγραμμένον
3490 4857 3719 4918 εἰκόνος.
3743 4855 3996 4907 Κλαυσά-

2436 4976 2614 5012 τωσαν
2651 4957 2901 5027 δαίμονες
2929 4959 3020 5009 καὶ
3052 4955 3169 5018 νῦν,
3196 4957 3314 5014 ταῖς
3335 4952 3429 5004 τοῦ
3467 4953 3745 5021 μάρτυρος
3774 4952 3832 5000 έν
3870 4949 3994 5017 ἡμῖν

2435 5051 2738 5121 ἀριστείαις
2793 5049 3150 5118 πληττόμενοι
3174 5062 3188 5076 ⁸
3225 5044 3535 5115 φλεγομένη
3571 5043 3732 5100 πάλιν
3755 5041 3991 5109 αὑτοῖςὴ

2437 5143 2559 5213 χεὶρ
2588 5141 2684 5193 καὶ
2714 5140 2921 5192 νικῶσα
2941 5137 3262 5190 δεικνύσθω.
3302 5155 3319 5185 ι

2506 5232 2691 5286 Ταῦτα
2730 5233 2791 5284 οὑ
2812 5231 2980 5299 δήπου
3013 5226 3385 5296 ἐγγεγράφθαι
3417 5224 3550 5295 φαίη
3592 5226 3649 5277 ὲν
3679 5225 3832 5293 ἡμῖν
3863 5222 3910 5272 εί
3941 5220 3992 5272 δὲ

2434 5326 2530 5379 καὶ
2558 5323 2714 5377 τοῦτο
2759 5322 2961 5390 δοθείη,
3002 5322 3101 5372 οὑκ
3151 5318 3218 5372 ἂν
3251 5317 3514 5387 πρότερον
3541 5315 3632 5367 τὸν
3664 5313 3869 5375 δοῦλον,
3901 5307 3993 5362 εἶθ’

2434 5417 2605 5480 οὑτως
2628 5417 2720 5468 τὸν
2754 5416 3021 5483 δεσπότην
3049 5411 3416 5481 παρεγγυάτο.
3453 5407 3659 5468 Ἀλλως
3707 5421 3767 5456 τε
3803 5405 3898 5455 καὶ
3939 5403 3992 5454 τὸ

2435 5509 2594 5572 εὐθὺς
2643 5510 2700 5561 ὲν
2749 5511 2815 5577 τῆ
2845 5509 3070 5575 ἁπαρχῇ
3109 5505 3309 5572 λέγειν’
3359 5499 3652 5570 Ἀνάστητέ
3688 5517 3776 5568 μοι
3803 5496 3915 5558 νῦν,
3947 5487 3987 5545 ὦ

2438 5598 2681 5670 λαμπροὶ
2728 5598 2835 5650 τῶν
2888 5595 3192 5666 ἀθλητικῶν
3227 5592 3667 5663 κατορθωμάτων
3695 5587 3986 5658 ζωγράφον
