  <div class='ocr_page' id='page_1' title='image "/cluster/home/n/w/nwhite01/storage/ocr_20150623/99/uva.x002264937/844.png"; bbox 0 0 4184 6496; ppageno 0'>
   <div class='ocr_carea' id='block_1_1' title="bbox 239 424 384 493">
    <p class='ocr_par' dir='ltr' id='par_1_1' title="bbox 239 424 384 493">
     <span class='ocr_line' id='line_1_1' title="bbox 239 424 384 493; baseline 0.021 -2"><span class='ocrx_word' id='word_1_1' title='bbox 239 424 384 493; x_wconf 81' lang='grc'><strong>1609</strong></span> 
     </span>
    </p>
   </div>
   <div class='ocr_carea' id='block_1_2' title="bbox 1433 428 2300 493">
    <p class='ocr_par' dir='ltr' id='par_1_2' title="bbox 1433 428 2300 493">
     <span class='ocr_line' id='line_1_2' title="bbox 1433 428 2300 493; baseline -0.005 -1"><span class='ocrx_word' id='word_1_2' title='bbox 1433 431 1966 493; x_wconf 78' lang='lat' dir='ltr'><strong>EPISTOLARUM</strong></span> <span class='ocrx_word' id='word_1_3' title='bbox 2017 430 2158 489; x_wconf 80' lang='lat' dir='ltr'><strong>LIB.</strong></span> <span class='ocrx_word' id='word_1_4' title='bbox 2222 428 2300 490; x_wconf 88' lang='lat' dir='ltr'><strong>ll.</strong></span> 
     </span>
    </p>
   </div>
   <div class='ocr_carea' id='block_1_3' title="bbox 3351 426 3484 492">
    <p class='ocr_par' dir='ltr' id='par_1_3' title="bbox 3351 426 3484 492">
     <span class='ocr_line' id='line_1_3' title="bbox 3351 426 3484 492; baseline -0.03 0"><span class='ocrx_word' id='word_1_5' title='bbox 3351 426 3484 492; x_wconf 66' lang='lat' dir='ltr'><strong>ibit)</strong></span> 
     </span>
    </p>
   </div>
   <div class='ocr_carea' id='block_1_4' title="bbox 230 534 1806 611">
    <p class='ocr_par' dir='ltr' id='par_1_4' title="bbox 230 536 1806 611">
     <span class='ocr_line' id='line_1_4' title="bbox 230 536 1806 611; baseline -0.001 -17"><span class='ocrx_word' id='word_1_6' title='bbox 230 540 440 609; x_wconf 85' lang='grc' dir='ltr'>δηλαδὴ</span> <span class='ocrx_word' id='word_1_7' title='bbox 468 539 594 601; x_wconf 70' lang='grc' dir='ltr'>τοὺς</span> <span class='ocrx_word' id='word_1_8' title='bbox 614 536 1014 610; x_wconf 70' lang='grc' dir='ltr'>είκονουργοῦς,</span> <span class='ocrx_word' id='word_1_9' title='bbox 1041 540 1103 592; x_wconf 78' lang='grc' dir='ltr'><strong>ού</strong></span> <span class='ocrx_word' id='word_1_10' title='bbox 1128 541 1252 604; x_wconf 72' lang='grc' dir='ltr'>τοὺς</span> <span class='ocrx_word' id='word_1_11' title='bbox 1282 540 1654 611; x_wconf 77' lang='grc' dir='ltr'><strong>λογογράφους</strong></span> <span class='ocrx_word' id='word_1_12' title='bbox 1678 540 1806 610; x_wconf 79' lang='grc' dir='ltr'><strong>ἐσή-</strong></span> 
     </span>
    </p>
   </div>
   <div class='ocr_carea' id='block_1_5' title="bbox 1905 534 3485 611">
    <p class='ocr_par' dir='ltr' id='par_1_5' title="bbox 1910 534 3485 604">
     <span class='ocr_line' id='line_1_5' title="bbox 1910 534 3485 604; baseline -0.002 -13"><span class='ocrx_word' id='word_1_13' title='bbox 1910 536 2120 591; x_wconf 89' lang='lat' dir='ltr'><strong>tiouum</strong></span> <span class='ocrx_word' id='word_1_14' title='bbox 2171 534 2408 590; x_wconf 86' lang='lat' dir='ltr'><strong>artilices</strong></span> <span class='ocrx_word' id='word_1_15' title='bbox 2469 534 2719 604; x_wconf 85' lang='lat' dir='ltr'><strong>designat</strong></span> <span class='ocrx_word' id='word_1_16' title='bbox 2768 551 2783 597; x_wconf 86' lang='lat'><strong>;</strong></span> <span class='ocrx_word' id='word_1_17' title='bbox 2822 534 3283 603; x_wconf 78' lang='lat' dir='ltr'><strong>quemadmodum</strong></span> <span class='ocrx_word' id='word_1_18' title='bbox 3331 544 3383 587; x_wconf 87' lang='lat' dir='ltr'><strong>et</strong></span> <span class='ocrx_word' id='word_1_19' title='bbox 3429 549 3485 588; x_wconf 87' lang='lat' dir='ltr'><strong>in</strong></span> 
     </span>
    </p>
   </div>
   <div class='ocr_carea' id='block_1_6' title="bbox 236 627 1807 703">
    <p class='ocr_par' dir='ltr' id='par_1_6' title="bbox 236 627 1807 703">
     <span class='ocr_line' id='line_1_6' title="bbox 236 627 1807 703; baseline 0.002 -20"><span class='ocrx_word' id='word_1_20' title='bbox 236 648 401 701; x_wconf 87' lang='grc' dir='ltr'>μανε·</span> <span class='ocrx_word' id='word_1_21' title='bbox 428 627 606 690; x_wconf 78' lang='grc' dir='ltr'>καθὼς</span> <span class='ocrx_word' id='word_1_22' title='bbox 637 631 732 682; x_wconf 79' lang='grc' dir='ltr'>καὶ</span> <span class='ocrx_word' id='word_1_23' title='bbox 760 631 819 682; x_wconf 85' lang='grc' dir='ltr'>ὲν</span> <span class='ocrx_word' id='word_1_24' title='bbox 849 628 927 699; x_wconf 78' lang='grc' dir='ltr'><strong>τῷ</strong></span> <span class='ocrx_word' id='word_1_25' title='bbox 965 631 1222 702; x_wconf 79' lang='grc' dir='ltr'><strong>ἐγκωμίῳ</strong></span> <span class='ocrx_word' id='word_1_26' title='bbox 1253 633 1361 685; x_wconf 84' lang='grc' dir='ltr'><strong>τῶν</strong></span> <span class='ocrx_word' id='word_1_27' title='bbox 1395 633 1807 703; x_wconf 88' lang='grc' dir='ltr'>τεσσαράκοντα</span> 
     </span>
    </p>
   </div>
   <div class='ocr_carea' id='block_1_7' title="bbox 236 722 1807 795">
    <p class='ocr_par' dir='ltr' id='par_1_7' title="bbox 236 722 1807 795">
     <span class='ocr_line' id='line_1_7' title="bbox 236 722 1807 795; baseline 0.001 -19"><span class='ocrx_word' id='word_1_28' title='bbox 236 722 772 793; x_wconf 76' lang='grc' dir='ltr'>μαρτύρων,όαύτὸς</span> <span class='ocrx_word' id='word_1_29' title='bbox 796 724 921 777; x_wconf 84' lang='grc' dir='ltr'>τάδε</span> <span class='ocrx_word' id='word_1_30' title='bbox 954 725 1142 793; x_wconf 76' lang='grc' dir='ltr'>φησίψ</span> <span class='ocrx_word' id='word_1_31' title='bbox 1176 742 1196 776; x_wconf 76' lang='grc' dir='ltr'><strong>ι</strong></span> <span class='ocrx_word' id='word_1_32' title='bbox 1232 725 1384 778; x_wconf 70' lang='grc' dir='ltr'>Ἐπεὶ</span> <span class='ocrx_word' id='word_1_33' title='bbox 1420 726 1513 779; x_wconf 76' lang='grc' dir='ltr'><strong>καὶ</strong></span> <span class='ocrx_word' id='word_1_34' title='bbox 1552 726 1807 795; x_wconf 83' lang='grc' dir='ltr'>πολέμων</span> 
     </span>
    </p>
   </div>
   <div class='ocr_carea' id='block_1_8' title="bbox 234 814 1810 887">
    <p class='ocr_par' dir='ltr' id='par_1_8' title="bbox 234 814 1810 887">
     <span class='ocr_line' id='line_1_8' title="bbox 234 814 1810 887; baseline 0.003 -19"><span class='ocrx_word' id='word_1_35' title='bbox 234 814 726 883; x_wconf 82' lang='grc' dir='ltr'>ἀνδραγαθήματα,</span> <span class='ocrx_word' id='word_1_36' title='bbox 766 815 859 868; x_wconf 70' lang='grc' dir='ltr'>καὶ</span> <span class='ocrx_word' id='word_1_37' title='bbox 885 815 1212 887; x_wconf 75' lang='grc' dir='ltr'><strong>λογογράφοι</strong></span> <span class='ocrx_word' id='word_1_38' title='bbox 1248 816 1525 881; x_wconf 77' lang='grc' dir='ltr'><strong>πολλάκις,</strong></span> <span class='ocrx_word' id='word_1_39' title='bbox 1572 820 1667 872; x_wconf 74' lang='grc' dir='ltr'>καὶ</span> <span class='ocrx_word' id='word_1_40' title='bbox 1700 819 1810 884; x_wconf 81' lang='grc' dir='ltr'><strong>ζω-</strong></span> 
     </span>
    </p>
   </div>
   <div class='ocr_carea' id='block_1_9' title="bbox 234 905 1805 980">
    <p class='ocr_par' dir='ltr' id='par_1_9' title="bbox 234 905 1805 980">
     <span class='ocr_line' id='line_1_9' title="bbox 234 905 1805 980; baseline 0.004 -22"><span class='ocrx_word' id='word_1_41' title='bbox 234 908 443 973; x_wconf 79' lang='grc' dir='ltr'>γράφοι</span> <span class='ocrx_word' id='word_1_42' title='bbox 473 905 943 975; x_wconf 82' lang='grc' dir='ltr'>διασημαίνουσιν,</span> <span class='ocrx_word' id='word_1_43' title='bbox 974 909 1023 959; x_wconf 82' lang='grc' dir='ltr'>οἱ</span> <span class='ocrx_word' id='word_1_44' title='bbox 1060 909 1157 978; x_wconf 84' lang='grc' dir='ltr'>μὲν</span> <span class='ocrx_word' id='word_1_45' title='bbox 1179 908 1256 979; x_wconf 82' lang='grc' dir='ltr'><strong>τῷ</strong></span> <span class='ocrx_word' id='word_1_46' title='bbox 1285 909 1426 979; x_wconf 82' lang='grc' dir='ltr'>λόγῳ</span> <span class='ocrx_word' id='word_1_47' title='bbox 1453 910 1805 980; x_wconf 81' lang='grc' dir='ltr'><strong>κοσμοῦντες,</strong></span> 
     </span>
    </p>
   </div>
   <div class='ocr_carea' id='block_1_10' title="bbox 232 994 1808 1068">
    <p class='ocr_par' dir='ltr' id='par_1_10' title="bbox 232 994 1808 1068">
     <span class='ocr_line' id='line_1_10' title="bbox 232 994 1808 1068; baseline 0.007 -23"><span class='ocrx_word' id='word_1_48' title='bbox 232 996 287 1045; x_wconf 83' lang='grc' dir='ltr'><strong>οί</strong></span> <span class='ocrx_word' id='word_1_49' title='bbox 308 995 363 1045; x_wconf 78' lang='grc' dir='ltr'>δὲ</span> <span class='ocrx_word' id='word_1_50' title='bbox 387 997 500 1056; x_wconf 85' lang='grc' dir='ltr'>τοῖς</span> <span class='ocrx_word' id='word_1_51' title='bbox 528 994 739 1058; x_wconf 76' lang='grc' dir='ltr'>πίναξιν</span> <span class='ocrx_word' id='word_1_52' title='bbox 765 996 1216 1065; x_wconf 77' lang='grc' dir='ltr'>ἐγχαράττοντες.</span> <span class='ocrx_word' id='word_1_53' title='bbox 1254 1016 1272 1049; x_wconf 77' lang='grc' dir='ltr'><strong>ι</strong></span> <span class='ocrx_word' id='word_1_54' title='bbox 1325 1000 1475 1053; x_wconf 72' lang='grc' dir='ltr'>Ἐπεὶ</span> <span class='ocrx_word' id='word_1_55' title='bbox 1502 1000 1633 1068; x_wconf 91' lang='grc' dir='ltr'>γοῦν</span> <span class='ocrx_word' id='word_1_56' title='bbox 1662 1004 1757 1055; x_wconf 78' lang='grc' dir='ltr'>καὶ</span> <span class='ocrx_word' id='word_1_57' title='bbox 1780 1003 1808 1055; x_wconf 99' lang='lat'><strong>6</strong></span> 
     </span>
    </p>
   </div>
   <div class='ocr_carea' id='block_1_11' title="bbox 231 1082 1807 1162">
    <p class='ocr_par' dir='ltr' id='par_1_11' title="bbox 231 1082 1807 1162">
     <span class='ocr_line' id='line_1_11' title="bbox 231 1082 1807 1162; baseline 0.008 -30"><span class='ocrx_word' id='word_1_58' title='bbox 231 1082 489 1153; x_wconf 80' lang='grc' dir='ltr'>δεύτερος</span> <span class='ocrx_word' id='word_1_59' title='bbox 522 1084 718 1150; x_wconf 84' lang='grc' dir='ltr'>τρόπος</span> <span class='ocrx_word' id='word_1_60' title='bbox 761 1093 934 1155; x_wconf 78' lang='grc' dir='ltr'>πέρας</span> <span class='ocrx_word' id='word_1_61' title='bbox 971 1086 1181 1157; x_wconf 76' lang='grc' dir='ltr'>εἴληφε,</span> <span class='ocrx_word' id='word_1_62' title='bbox 1224 1088 1307 1150; x_wconf 87' lang='grc' dir='ltr'><strong>τίς</strong></span> <span class='ocrx_word' id='word_1_63' title='bbox 1344 1088 1372 1142; x_wconf 92' lang='lat'><strong>6</strong></span> <span class='ocrx_word' id='word_1_64' title='bbox 1401 1090 1614 1160; x_wconf 84' lang='grc' dir='ltr'>τρίτος;</span> <span class='ocrx_word' id='word_1_65' title='bbox 1652 1092 1807 1162; x_wconf 79' lang='grc' dir='ltr'>Φωνὴ</span> 
     </span>
    </p>
   </div>
   <div class='ocr_carea' id='block_1_12' title="bbox 235 1172 1808 1252">
    <p class='ocr_par' dir='ltr' id='par_1_12' title="bbox 235 1172 1808 1252">
     <span class='ocr_line' id='line_1_12' title="bbox 235 1172 1808 1252; baseline 0.007 -28"><span class='ocrx_word' id='word_1_66' title='bbox 235 1172 347 1224; x_wconf 84' lang='grc' dir='ltr'>τῶν</span> <span class='ocrx_word' id='word_1_67' title='bbox 389 1174 525 1243; x_wconf 84' lang='grc' dir='ltr'>μετὰ</span> <span class='ocrx_word' id='word_1_68' title='bbox 574 1173 674 1245; x_wconf 82' lang='grc' dir='ltr'>τὴν</span> <span class='ocrx_word' id='word_1_69' title='bbox 724 1175 890 1247; x_wconf 77' lang='grc' dir='ltr'>ἕκτην</span> <span class='ocrx_word' id='word_1_70' title='bbox 951 1178 1415 1249; x_wconf 79' lang='grc' dir='ltr'>συνεδρευσάντων</span> <span class='ocrx_word' id='word_1_71' title='bbox 1451 1182 1711 1252; x_wconf 82' lang='grc' dir='ltr'>Πατέρων</span> <span class='ocrx_word' id='word_1_72' title='bbox 1752 1185 1808 1235; x_wconf 76' lang='grc' dir='ltr'>ὲν</span> 
     </span>
    </p>
   </div>
   <div class='ocr_carea' id='block_1_13' title="bbox 233 1266 1809 1330">
    <p class='ocr_par' dir='ltr' id='par_1_13' title="bbox 233 1266 1809 1330">
     <span class='ocr_line' id='line_1_13' title="bbox 233 1266 1809 1330; baseline 0.008 -14"><span class='ocrx_word' id='word_1_73' title='bbox 233 1266 826 1321; x_wconf 74' lang='grc' dir='ltr'>Κωνσταντινουπόλει.</span> <span class='ocrx_word' id='word_1_74' title='bbox 870 1269 970 1321; x_wconf 85' lang='grc' dir='ltr'>Ἐν</span> <span class='ocrx_word' id='word_1_75' title='bbox 1017 1286 1128 1323; x_wconf 89' lang='grc' dir='ltr'>τισι</span> <span class='ocrx_word' id='word_1_76' title='bbox 1178 1271 1287 1323; x_wconf 84' lang='grc' dir='ltr'>τῶν</span> <span class='ocrx_word' id='word_1_77' title='bbox 1342 1274 1554 1326; x_wconf 81' lang='grc' dir='ltr'>σεπτῶν</span> <span class='ocrx_word' id='word_1_78' title='bbox 1587 1275 1809 1330; x_wconf 74' lang='grc' dir='ltr'>εἰκόνων</span> 
     </span>
    </p>
   </div>
   <div class='ocr_carea' id='block_1_14' title="bbox 232 1356 1809 1433">
    <p class='ocr_par' dir='ltr' id='par_1_14' title="bbox 232 1356 1809 1433">
     <span class='ocr_line' id='line_1_14' title="bbox 232 1356 1809 1433; baseline 0.008 -29"><span class='ocrx_word' id='word_1_79' title='bbox 232 1358 479 1423; x_wconf 83' lang='grc' dir='ltr'>γραφαῖς</span> <span class='ocrx_word' id='word_1_80' title='bbox 513 1356 682 1425; x_wconf 81' lang='grc' dir='ltr'>ἀμνὸς</span> <span class='ocrx_word' id='word_1_81' title='bbox 711 1356 958 1428; x_wconf 73' lang='grc' dir='ltr'>δακτύλῳ</span> <span class='ocrx_word' id='word_1_82' title='bbox 991 1360 1084 1411; x_wconf 90' lang='grc' dir='ltr'><strong>τοῦ</strong></span> <span class='ocrx_word' id='word_1_83' title='bbox 1110 1360 1426 1430; x_wconf 83' lang='grc' dir='ltr'>Προδρόμου</span> <span class='ocrx_word' id='word_1_84' title='bbox 1459 1363 1809 1433; x_wconf 79' lang='grc' dir='ltr'><strong>δεικνύμενος</strong></span> 
     </span>
    </p>
   </div>
   <div class='ocr_carea' id='block_1_15' title="bbox 234 1445 1805 1525">
    <p class='ocr_par' dir='ltr' id='par_1_15' title="bbox 234 1445 1805 1525">
     <span class='ocr_line' id='line_1_15' title="bbox 234 1445 1805 1525; baseline 0.01 -31"><span class='ocrx_word' id='word_1_85' title='bbox 234 1445 658 1515; x_wconf 77' lang='grc' dir='ltr'>ἐγχαράττεται,</span> <span class='ocrx_word' id='word_1_86' title='bbox 686 1446 744 1509; x_wconf 85' lang='grc' dir='ltr'><strong>δς</strong></span> <span class='ocrx_word' id='word_1_87' title='bbox 777 1448 857 1511; x_wconf 80' lang='grc' dir='ltr'><strong>εἰς</strong></span> <span class='ocrx_word' id='word_1_88' title='bbox 885 1449 1051 1502; x_wconf 86' lang='grc' dir='ltr'>τύπον</span> <span class='ocrx_word' id='word_1_89' title='bbox 1074 1450 1398 1522; x_wconf 71' lang='grc' dir='ltr'>παρελήφθη</span> <span class='ocrx_word' id='word_1_90' title='bbox 1434 1453 1534 1522; x_wconf 82' lang='grc' dir='ltr'>τῆς</span> <span class='ocrx_word' id='word_1_91' title='bbox 1564 1456 1805 1525; x_wconf 87' lang='grc' dir='ltr'>χάριτος·</span> 
     </span>
    </p>
   </div>
   <div class='ocr_carea' id='block_1_16' title="bbox 231 1535 1809 1615">
    <p class='ocr_par' dir='ltr' id='par_1_16' title="bbox 231 1535 1809 1615">
     <span class='ocr_line' id='line_1_16' title="bbox 231 1535 1809 1615; baseline 0.009 -30"><span class='ocrx_word' id='word_1_92' title='bbox 231 1535 331 1587; x_wconf 75' lang='grc' dir='ltr'>τὸν</span> <span class='ocrx_word' id='word_1_93' title='bbox 376 1535 629 1607; x_wconf 78' lang='grc' dir='ltr'>ἀληθινὸν</span> <span class='ocrx_word' id='word_1_94' title='bbox 675 1540 808 1608; x_wconf 80' lang='grc' dir='ltr'>ἡμῖν</span> <span class='ocrx_word' id='word_1_95' title='bbox 836 1539 923 1593; x_wconf 83' lang='grc' dir='ltr'><strong>διὰ</strong></span> <span class='ocrx_word' id='word_1_96' title='bbox 967 1541 1132 1610; x_wconf 84' lang='grc' dir='ltr'>νόμου</span> <span class='ocrx_word' id='word_1_97' title='bbox 1186 1544 1608 1612; x_wconf 85' lang='grc' dir='ltr'>προῦποφαίνων</span> <span class='ocrx_word' id='word_1_98' title='bbox 1639 1545 1809 1615; x_wconf 84' lang='grc' dir='ltr'>ἀμνὸν</span> 
     </span>
    </p>
   </div>
   <div class='ocr_carea' id='block_1_17' title="bbox 234 1625 1810 1702">
    <p class='ocr_par' dir='ltr' id='par_1_17' title="bbox 234 1625 1810 1702">
     <span class='ocr_line' id='line_1_17' title="bbox 234 1625 1810 1702; baseline 0.01 -26"><span class='ocrx_word' id='word_1_99' title='bbox 234 1625 472 1695; x_wconf 79' lang='grc' dir='ltr'>Χριστὸν</span> <span class='ocrx_word' id='word_1_100' title='bbox 515 1627 606 1679; x_wconf 84' lang='grc' dir='ltr'>τὸν</span> <span class='ocrx_word' id='word_1_101' title='bbox 637 1628 768 1683; x_wconf 79' lang='grc' dir='ltr'>Θεὸν</span> <span class='ocrx_word' id='word_1_102' title='bbox 805 1630 982 1700; x_wconf 82' lang='grc' dir='ltr'>ἡμῶν.</span> <span class='ocrx_word' id='word_1_103' title='bbox 1025 1634 1164 1696; x_wconf 69' lang='grc' dir='ltr'>Τοὺς</span> <span class='ocrx_word' id='word_1_104' title='bbox 1189 1630 1283 1687; x_wconf 84' lang='grc' dir='ltr'><strong>οῦν</strong></span> <span class='ocrx_word' id='word_1_105' title='bbox 1310 1636 1575 1700; x_wconf 82' lang='grc' dir='ltr'>παλαιοὺς</span> <span class='ocrx_word' id='word_1_106' title='bbox 1605 1638 1810 1702; x_wconf 86' lang='grc' dir='ltr'>τύπους</span> 
     </span>
    </p>
   </div>
   <div class='ocr_carea' id='block_1_18' title="bbox 234 1717 1809 1797">
    <p class='ocr_par' dir='ltr' id='par_1_18' title="bbox 234 1717 1809 1797">
     <span class='ocr_line' id='line_1_18' title="bbox 234 1717 1809 1797; baseline 0.011 -29"><span class='ocrx_word' id='word_1_107' title='bbox 234 1717 336 1769; x_wconf 73' lang='grc' dir='ltr'><strong>καὶ</strong></span> <span class='ocrx_word' id='word_1_108' title='bbox 389 1717 489 1780; x_wconf 82' lang='grc' dir='ltr'>τὰς</span> <span class='ocrx_word' id='word_1_109' title='bbox 539 1720 719 1783; x_wconf 82' lang='grc' dir='ltr'>σκιάς,</span> <span class='ocrx_word' id='word_1_110' title='bbox 774 1723 850 1785; x_wconf 84' lang='grc' dir='ltr'>ὡς</span> <span class='ocrx_word' id='word_1_111' title='bbox 892 1725 991 1792; x_wconf 87' lang='grc' dir='ltr'>τῆς</span> <span class='ocrx_word' id='word_1_112' title='bbox 1026 1725 1286 1795; x_wconf 79' lang='grc' dir='ltr'>ἀληθείας</span> <span class='ocrx_word' id='word_1_113' title='bbox 1330 1727 1574 1797; x_wconf 76' lang='grc' dir='ltr'>σύμϐολά</span> <span class='ocrx_word' id='word_1_114' title='bbox 1607 1748 1668 1783; x_wconf 91' lang='grc' dir='ltr'><strong>τε</strong></span> <span class='ocrx_word' id='word_1_115' title='bbox 1715 1732 1809 1784; x_wconf 79' lang='grc' dir='ltr'><strong>καὶ</strong></span> 
     </span>
    </p>
   </div>
   <div class='ocr_carea' id='block_1_19' title="bbox 236 1804 1809 1886">
    <p class='ocr_par' dir='ltr' id='par_1_19' title="bbox 236 1804 1809 1886">
     <span class='ocr_line' id='line_1_19' title="bbox 236 1804 1809 1886; baseline 0.015 -35"><span class='ocrx_word' id='word_1_116' title='bbox 236 1804 697 1874; x_wconf 81' lang='grc' dir='ltr'>προχαράγματα,</span> <span class='ocrx_word' id='word_1_117' title='bbox 725 1812 790 1881; x_wconf 84' lang='grc' dir='ltr'>τῇ</span> <span class='ocrx_word' id='word_1_118' title='bbox 828 1812 1123 1885; x_wconf 76' lang='grc' dir='ltr'>Ἐκκλησία</span> <span class='ocrx_word' id='word_1_119' title='bbox 1174 1816 1639 1886; x_wconf 77' lang='grc' dir='ltr'>παραδεδομένους</span> <span class='ocrx_word' id='word_1_120' title='bbox 1686 1838 1809 1874; x_wconf 88' lang='grc' dir='ltr'>κατ-</span> 
     </span>
    </p>
   </div>
   <div class='ocr_carea' id='block_1_20' title="bbox 234 1893 1881 1981">
    <p class='ocr_par' dir='ltr' id='par_1_20' title="bbox 234 1893 1881 1981">
     <span class='ocr_line' id='line_1_20' title="bbox 234 1893 1881 1981; baseline 0.013 -38"><span class='ocrx_word' id='word_1_121' title='bbox 234 1894 627 1964; x_wconf 74' lang='grc' dir='ltr'>ασπαζόμενοι,</span> <span class='ocrx_word' id='word_1_122' title='bbox 659 1899 759 1970; x_wconf 82' lang='grc' dir='ltr'>τὴν</span> <span class='ocrx_word' id='word_1_123' title='bbox 813 1902 974 1971; x_wconf 84' lang='grc' dir='ltr'>χάριν</span> <span class='ocrx_word' id='word_1_124' title='bbox 1016 1905 1370 1975; x_wconf 84' lang='grc' dir='ltr'>προτιμῶμεν</span> <span class='ocrx_word' id='word_1_125' title='bbox 1409 1907 1502 1960; x_wconf 83' lang='grc' dir='ltr'><strong>καὶ</strong></span> <span class='ocrx_word' id='word_1_126' title='bbox 1543 1908 1642 1980; x_wconf 81' lang='grc' dir='ltr'>τὴν</span> <span class='ocrx_word' id='word_1_127' title='bbox 1671 1909 1804 1981; x_wconf 86' lang='grc' dir='ltr'>άλή-</span> <span class='ocrx_word' id='word_1_128' title='bbox 1839 1893 1881 1948; x_wconf 77' lang='grc' dir='ltr'><strong>Β</strong></span> 
     </span>
    </p>
   </div>
   <div class='ocr_carea' id='block_1_21' title="bbox 233 1981 1808 2069">
    <p class='ocr_par' dir='ltr' id='par_1_21' title="bbox 233 1981 1808 2069">
     <span class='ocr_line' id='line_1_21' title="bbox 233 1981 1808 2069; baseline 0.015 -36"><span class='ocrx_word' id='word_1_129' title='bbox 233 1981 412 2049; x_wconf 84' lang='grc' dir='ltr'>θειαν,</span> <span class='ocrx_word' id='word_1_130' title='bbox 443 1985 518 2049; x_wconf 85' lang='grc' dir='ltr'>ὠς</span> <span class='ocrx_word' id='word_1_131' title='bbox 546 1987 818 2060; x_wconf 88' lang='grc' dir='ltr'>πλήρωμα</span> <span class='ocrx_word' id='word_1_132' title='bbox 850 1993 1015 2064; x_wconf 87' lang='grc' dir='ltr'>νόμου</span> <span class='ocrx_word' id='word_1_133' title='bbox 1046 1996 1249 2059; x_wconf 81' lang='grc' dir='ltr'>ταύτην</span> <span class='ocrx_word' id='word_1_134' title='bbox 1278 1997 1688 2069; x_wconf 79' lang='grc' dir='ltr'>ὑποδεξάμενοι.</span> <span class='ocrx_word' id='word_1_135' title='bbox 1720 2002 1808 2066; x_wconf 78' lang='grc' dir='ltr'>Ὠς</span> 
     </span>
    </p>
   </div>
   <div class='ocr_carea' id='block_1_22' title="bbox 230 2072 1807 2159">
    <p class='ocr_par' dir='ltr' id='par_1_22' title="bbox 230 2072 1807 2159">
     <span class='ocr_line' id='line_1_22' title="bbox 230 2072 1807 2159; baseline 0.011 -28"><span class='ocrx_word' id='word_1_136' title='bbox 230 2075 301 2131; x_wconf 85' lang='grc' dir='ltr'>ἂν</span> <span class='ocrx_word' id='word_1_137' title='bbox 334 2072 426 2129; x_wconf 75' lang='grc' dir='ltr'>οὖν</span> <span class='ocrx_word' id='word_1_138' title='bbox 468 2079 529 2131; x_wconf 90' lang='grc' dir='ltr'>τὸ</span> <span class='ocrx_word' id='word_1_139' title='bbox 566 2081 771 2135; x_wconf 85' lang='grc' dir='ltr'>τέλειον</span> <span class='ocrx_word' id='word_1_140' title='bbox 806 2084 908 2137; x_wconf 87' lang='grc' dir='ltr'><strong>κάν</strong></span> <span class='ocrx_word' id='word_1_141' title='bbox 948 2089 1068 2150; x_wconf 84' lang='grc' dir='ltr'>ταῖς</span> <span class='ocrx_word' id='word_1_142' title='bbox 1102 2093 1583 2159; x_wconf 83' lang='grc' dir='ltr'>χρωματουργίαις</span> <span class='ocrx_word' id='word_1_143' title='bbox 1607 2094 1665 2146; x_wconf 84' lang='grc' dir='ltr'>ὲν</span> <span class='ocrx_word' id='word_1_144' title='bbox 1688 2097 1807 2159; x_wconf 89' lang='grc' dir='ltr'>ταῖς</span> 
     </span>
    </p>
   </div>
   <div class='ocr_carea' id='block_1_23' title="bbox 234 2168 1805 2256">
    <p class='ocr_par' dir='ltr' id='par_1_23' title="bbox 234 2168 1805 2256">
     <span class='ocr_line' id='line_1_23' title="bbox 234 2168 1805 2256; baseline 0.014 -38"><span class='ocrx_word' id='word_1_145' title='bbox 234 2168 494 2223; x_wconf 84' lang='grc' dir='ltr'>ἁπάντων</span> <span class='ocrx_word' id='word_1_146' title='bbox 534 2172 723 2240; x_wconf 70' lang='grc' dir='ltr'>ὕψεσιν</span> <span class='ocrx_word' id='word_1_147' title='bbox 764 2175 1172 2249; x_wconf 85' lang='grc' dir='ltr'>ύπογράφηται·</span> <span class='ocrx_word' id='word_1_148' title='bbox 1200 2181 1291 2235; x_wconf 85' lang='grc' dir='ltr'>τὸν</span> <span class='ocrx_word' id='word_1_149' title='bbox 1323 2182 1414 2235; x_wconf 92' lang='grc' dir='ltr'><strong>τοῦ</strong></span> <span class='ocrx_word' id='word_1_150' title='bbox 1444 2186 1686 2254; x_wconf 77' lang='grc' dir='ltr'>αἴροντος</span> <span class='ocrx_word' id='word_1_151' title='bbox 1706 2187 1805 2256; x_wconf 84' lang='grc' dir='ltr'>τὴν</span> 
     </span>
    </p>
   </div>
   <div class='ocr_carea' id='block_1_24' title="bbox 235 2260 1806 2348">
    <p class='ocr_par' dir='ltr' id='par_1_24' title="bbox 235 2260 1806 2348">
     <span class='ocr_line' id='line_1_24' title="bbox 235 2260 1806 2348; baseline 0.012 -37"><span class='ocrx_word' id='word_1_152' title='bbox 235 2260 511 2329; x_wconf 82' lang='grc' dir='ltr'>ἁμαρτίαν</span> <span class='ocrx_word' id='word_1_153' title='bbox 529 2264 623 2316; x_wconf 86' lang='grc' dir='ltr'><strong>τοῦ</strong></span> <span class='ocrx_word' id='word_1_154' title='bbox 658 2266 861 2335; x_wconf 81' lang='grc' dir='ltr'>κόσμου</span> <span class='ocrx_word' id='word_1_155' title='bbox 903 2270 1076 2339; x_wconf 82' lang='grc' dir='ltr'>ἀμνοῦ</span> <span class='ocrx_word' id='word_1_156' title='bbox 1104 2271 1338 2340; x_wconf 81' lang='grc' dir='ltr'><strong>Χριστοῦ</strong></span> <span class='ocrx_word' id='word_1_157' title='bbox 1369 2274 1462 2327; x_wconf 88' lang='grc' dir='ltr'><strong>τοῦ</strong></span> <span class='ocrx_word' id='word_1_158' title='bbox 1491 2274 1627 2329; x_wconf 86' lang='grc' dir='ltr'>Θεοῦ</span> <span class='ocrx_word' id='word_1_159' title='bbox 1649 2277 1806 2348; x_wconf 82' lang='grc' dir='ltr'>ἡμῶν</span> 
     </span>
    </p>
   </div>
   <div class='ocr_carea' id='block_1_25' title="bbox 234 2350 1806 2430">
    <p class='ocr_par' dir='ltr' id='par_1_25' title="bbox 234 2350 1806 2430">
     <span class='ocr_line' id='line_1_25' title="bbox 234 2350 1806 2430; baseline 0.013 -29"><span class='ocrx_word' id='word_1_160' title='bbox 234 2350 377 2403; x_wconf 69' lang='grc' dir='ltr'>κατὰ</span> <span class='ocrx_word' id='word_1_161' title='bbox 408 2351 501 2405; x_wconf 80' lang='grc' dir='ltr'>τὸν</span> <span class='ocrx_word' id='word_1_162' title='bbox 530 2354 874 2425; x_wconf 84' lang='grc' dir='ltr'>ἀνθρώπινον</span> <span class='ocrx_word' id='word_1_163' title='bbox 909 2361 1254 2430; x_wconf 83' lang='grc' dir='ltr'>χαρακτῆρα,</span> <span class='ocrx_word' id='word_1_164' title='bbox 1283 2364 1378 2415; x_wconf 77' lang='grc' dir='ltr'><strong>καὶ</strong></span> <span class='ocrx_word' id='word_1_165' title='bbox 1415 2366 1473 2417; x_wconf 84' lang='grc' dir='ltr'>ὲν</span> <span class='ocrx_word' id='word_1_166' title='bbox 1506 2367 1624 2430; x_wconf 79' lang='grc' dir='ltr'>ταῖς</span> <span class='ocrx_word' id='word_1_167' title='bbox 1662 2368 1806 2421; x_wconf 88' lang='grc' dir='ltr'>εἰκό-</span> 
     </span>
    </p>
   </div>
   <div class='ocr_carea' id='block_1_26' title="bbox 234 2443 1807 2529">
    <p class='ocr_par' dir='ltr' id='par_1_26' title="bbox 234 2443 1807 2529">
     <span class='ocr_line' id='line_1_26' title="bbox 234 2443 1807 2529; baseline 0.013 -38"><span class='ocrx_word' id='word_1_168' title='bbox 234 2456 323 2492; x_wconf 90' lang='grc' dir='ltr'><strong>σιν</strong></span> <span class='ocrx_word' id='word_1_169' title='bbox 365 2443 473 2495; x_wconf 82' lang='grc' dir='ltr'><strong>ἀπὸ</strong></span> <span class='ocrx_word' id='word_1_170' title='bbox 503 2444 597 2497; x_wconf 91' lang='grc' dir='ltr'><strong>τοῦ</strong></span> <span class='ocrx_word' id='word_1_171' title='bbox 629 2446 723 2498; x_wconf 89' lang='grc' dir='ltr'><strong>νῦν</strong></span> <span class='ocrx_word' id='word_1_172' title='bbox 773 2448 896 2502; x_wconf 79' lang='grc' dir='ltr'>ἀντὶ</span> <span class='ocrx_word' id='word_1_173' title='bbox 926 2449 1021 2502; x_wconf 86' lang='grc' dir='ltr'><strong>τοῦ</strong></span> <span class='ocrx_word' id='word_1_174' title='bbox 1053 2450 1283 2506; x_wconf 85' lang='grc' dir='ltr'>παλαιοῦ</span> <span class='ocrx_word' id='word_1_175' title='bbox 1325 2455 1522 2525; x_wconf 74' lang='grc' dir='ltr'>ἀμνοῦ,</span> <span class='ocrx_word' id='word_1_176' title='bbox 1570 2460 1807 2529; x_wconf 80' lang='grc' dir='ltr'>ἀναστη-</span> 
     </span>
    </p>
   </div>
   <div class='ocr_carea' id='block_1_27' title="bbox 229 2530 1803 2616">
    <p class='ocr_par' dir='ltr' id='par_1_27' title="bbox 229 2530 1803 2616">
     <span class='ocr_line' id='line_1_27' title="bbox 229 2530 1803 2616; baseline 0.013 -32"><span class='ocrx_word' id='word_1_177' title='bbox 229 2530 455 2589; x_wconf 84' lang='grc' dir='ltr'>λοῦσοαι</span> <span class='ocrx_word' id='word_1_178' title='bbox 493 2534 775 2607; x_wconf 76' lang='grc' dir='ltr'>ὁρίζομενο</span> <span class='ocrx_word' id='word_1_179' title='bbox 828 2539 896 2592; x_wconf 74' lang='grc' dir='ltr'>δι’</span> <span class='ocrx_word' id='word_1_180' title='bbox 947 2542 1112 2596; x_wconf 83' lang='grc' dir='ltr'>αὐτοῦ</span> <span class='ocrx_word' id='word_1_181' title='bbox 1160 2544 1221 2597; x_wconf 79' lang='grc' dir='ltr'>τὸ</span> <span class='ocrx_word' id='word_1_182' title='bbox 1270 2545 1371 2616; x_wconf 82' lang='grc' dir='ltr'>τῆς</span> <span class='ocrx_word' id='word_1_183' title='bbox 1420 2546 1803 2615; x_wconf 70' lang='grc' dir='ltr'>ταπεινώσεως</span> 
     </span>
    </p>
   </div>
   <div class='ocr_carea' id='block_1_28' title="bbox 230 2622 1804 2712">
    <p class='ocr_par' dir='ltr' id='par_1_28' title="bbox 230 2622 1804 2712">
     <span class='ocr_line' id='line_1_28' title="bbox 230 2622 1804 2712; baseline 0.013 -38"><span class='ocrx_word' id='word_1_184' title='bbox 230 2622 368 2691; x_wconf 61' lang='grc' dir='ltr'>ὕψος</span> <span class='ocrx_word' id='word_1_185' title='bbox 394 2624 487 2677; x_wconf 92' lang='grc' dir='ltr'><strong>τοῦ</strong></span> <span class='ocrx_word' id='word_1_186' title='bbox 517 2626 651 2680; x_wconf 87' lang='grc' dir='ltr'>Θεοῦ</span> <span class='ocrx_word' id='word_1_187' title='bbox 683 2630 854 2697; x_wconf 83' lang='grc' dir='ltr'>Λόγου</span> <span class='ocrx_word' id='word_1_188' title='bbox 909 2650 1318 2701; x_wconf 86' lang='grc' dir='ltr'>κατανοουντες,</span> <span class='ocrx_word' id='word_1_189' title='bbox 1350 2640 1442 2692; x_wconf 73' lang='grc' dir='ltr'>καὶ</span> <span class='ocrx_word' id='word_1_190' title='bbox 1497 2640 1634 2709; x_wconf 81' lang='grc' dir='ltr'>πρὸς</span> <span class='ocrx_word' id='word_1_191' title='bbox 1664 2644 1804 2712; x_wconf 68' lang='grc' dir='ltr'>μνήο</span> 
     </span>
    </p>
   </div>
   <div class='ocr_carea' id='block_1_29' title="bbox 234 2716 1801 2799">
    <p class='ocr_par' dir='ltr' id='par_1_29' title="bbox 234 2716 1801 2799">
     <span class='ocr_line' id='line_1_29' title="bbox 234 2716 1801 2799; baseline 0.012 -33"><span class='ocrx_word' id='word_1_192' title='bbox 234 2733 346 2785; x_wconf 89' lang='grc' dir='ltr'><strong>μην</strong></span> <span class='ocrx_word' id='word_1_193' title='bbox 378 2716 479 2785; x_wconf 83' lang='grc' dir='ltr'>τῆς</span> <span class='ocrx_word' id='word_1_194' title='bbox 512 2720 569 2770; x_wconf 80' lang='grc' dir='ltr'>ὲν</span> <span class='ocrx_word' id='word_1_195' title='bbox 605 2722 770 2791; x_wconf 73' lang='grc' dir='ltr'>σαρκὶ</span> <span class='ocrx_word' id='word_1_196' title='bbox 814 2721 1111 2792; x_wconf 76' lang='grc' dir='ltr'>πολιτείας,</span> <span class='ocrx_word' id='word_1_197' title='bbox 1141 2725 1236 2780; x_wconf 82' lang='grc' dir='ltr'><strong>τοῦ</strong></span> <span class='ocrx_word' id='word_1_198' title='bbox 1270 2744 1328 2781; x_wconf 84' lang='grc' dir='ltr'><strong>τε</strong></span> <span class='ocrx_word' id='word_1_199' title='bbox 1367 2731 1571 2796; x_wconf 87' lang='grc' dir='ltr'>πάθους</span> <span class='ocrx_word' id='word_1_200' title='bbox 1614 2734 1801 2799; x_wconf 75' lang='grc' dir='ltr'>αὐτοῦ,</span> 
     </span>
    </p>
   </div>
   <div class='ocr_carea' id='block_1_30' title="bbox 231 2808 1837 2896">
    <p class='ocr_par' dir='ltr' id='par_1_30' title="bbox 231 2808 1837 2896">
     <span class='ocr_line' id='line_1_30' title="bbox 231 2808 1837 2896; baseline 0.012 -35"><span class='ocrx_word' id='word_1_201' title='bbox 231 2809 329 2862; x_wconf 82' lang='grc' dir='ltr'>καὶ</span> <span class='ocrx_word' id='word_1_202' title='bbox 357 2808 453 2863; x_wconf 89' lang='grc' dir='ltr'><strong>τοῦ</strong></span> <span class='ocrx_word' id='word_1_203' title='bbox 488 2814 757 2884; x_wconf 81' lang='grc' dir='ltr'>σωτηρίου</span> <span class='ocrx_word' id='word_1_204' title='bbox 783 2814 1012 2870; x_wconf 80' lang='grc' dir='ltr'>θανάτου</span> <span class='ocrx_word' id='word_1_205' title='bbox 1040 2823 1558 2893; x_wconf 82' lang='grc' dir='ltr'>χειραγωγούμενοι,</span> <span class='ocrx_word' id='word_1_206' title='bbox 1587 2827 1679 2879; x_wconf 79' lang='grc' dir='ltr'>καὶ</span> <span class='ocrx_word' id='word_1_207' title='bbox 1702 2827 1804 2896; x_wconf 79' lang='grc' dir='ltr'>τῆς</span> <span class='ocrx_word' id='word_1_208' title='bbox 1822 2859 1837 2873; x_wconf 72' lang='grc' dir='ltr'><strong>ι</strong></span> 
     </span>
    </p>
   </div>
   <div class='ocr_carea' id='block_1_31' title="bbox 229 2900 1804 2982">
    <p class='ocr_par' dir='ltr' id='par_1_31' title="bbox 229 2900 1804 2982">
     <span class='ocr_line' id='line_1_31' title="bbox 229 2900 1804 2982; baseline 0.012 -31"><span class='ocrx_word' id='word_1_209' title='bbox 229 2900 483 2954; x_wconf 83' lang='grc' dir='ltr'>ἐντεῦθεν</span> <span class='ocrx_word' id='word_1_210' title='bbox 512 2904 802 2975; x_wconf 75' lang='grc' dir='ltr'>γινομένης</span> <span class='ocrx_word' id='word_1_211' title='bbox 843 2907 919 2974; x_wconf 84' lang='grc' dir='ltr'>τῷ</span> <span class='ocrx_word' id='word_1_212' title='bbox 964 2909 1157 2979; x_wconf 86' lang='grc' dir='ltr'>κόσμῳ</span> <span class='ocrx_word' id='word_1_213' title='bbox 1193 2913 1643 2982; x_wconf 82' lang='grc' dir='ltr'>ἀπολυτρώσεως.</span> <span class='ocrx_word' id='word_1_214' title='bbox 1686 2918 1804 2970; x_wconf 76' lang='grc' dir='ltr'><strong>Ἑνν</strong></span> 
     </span>
    </p>
   </div>
   <div class='ocr_carea' id='block_1_32' title="bbox 228 2991 1803 3068">
    <p class='ocr_par' dir='ltr' id='par_1_32' title="bbox 228 2991 1803 3068">
     <span class='ocr_line' id='line_1_32' title="bbox 228 2991 1803 3068; baseline 0.013 -26"><span class='ocrx_word' id='word_1_215' title='bbox 228 2991 406 3044; x_wconf 85' lang='grc' dir='ltr'>ταῦθα</span> <span class='ocrx_word' id='word_1_216' title='bbox 449 2993 583 3063; x_wconf 88' lang='grc' dir='ltr'>όμοῦ</span> <span class='ocrx_word' id='word_1_217' title='bbox 622 2998 686 3068; x_wconf 81' lang='grc' dir='ltr'>τῇ</span> <span class='ocrx_word' id='word_1_218' title='bbox 738 2997 974 3066; x_wconf 78' lang='grc' dir='ltr'>Χριστοῦ</span> <span class='ocrx_word' id='word_1_219' title='bbox 1016 3002 1207 3064; x_wconf 79' lang='grc' dir='ltr'>εἰκόνι,</span> <span class='ocrx_word' id='word_1_220' title='bbox 1257 3005 1349 3056; x_wconf 78' lang='grc' dir='ltr'>καὶ</span> <span class='ocrx_word' id='word_1_221' title='bbox 1392 3005 1500 3058; x_wconf 83' lang='grc' dir='ltr'>τῶν</span> <span class='ocrx_word' id='word_1_222' title='bbox 1545 3008 1803 3062; x_wconf 84' lang='grc' dir='ltr'>ἁπάντων</span> 
     </span>
    </p>
   </div>
   <div class='ocr_carea' id='block_1_33' title="bbox 230 3083 1802 3166">
    <p class='ocr_par' dir='ltr' id='par_1_33' title="bbox 230 3083 1802 3166">
     <span class='ocr_line' id='line_1_33' title="bbox 230 3083 1802 3166; baseline 0.014 -33"><span class='ocrx_word' id='word_1_223' title='bbox 230 3083 408 3150; x_wconf 73' lang='grc' dir='ltr'>ἁγίων</span> <span class='ocrx_word' id='word_1_224' title='bbox 440 3085 665 3139; x_wconf 82' lang='grc' dir='ltr'>εἰκόνων</span> <span class='ocrx_word' id='word_1_225' title='bbox 702 3087 856 3157; x_wconf 88' lang='grc' dir='ltr'>λόγος</span> <span class='ocrx_word' id='word_1_226' title='bbox 881 3091 1159 3162; x_wconf 85' lang='grc' dir='ltr'>πρόσεστι.</span> <span class='ocrx_word' id='word_1_227' title='bbox 1192 3096 1413 3164; x_wconf 86' lang='grc' dir='ltr'>Πρῶτον</span> <span class='ocrx_word' id='word_1_228' title='bbox 1447 3098 1566 3166; x_wconf 81' lang='grc' dir='ltr'>μὲν,</span> <span class='ocrx_word' id='word_1_229' title='bbox 1596 3100 1698 3165; x_wconf 86' lang='grc' dir='ltr'>ὅτι,</span> <span class='ocrx_word' id='word_1_230' title='bbox 1728 3102 1802 3165; x_wconf 87' lang='grc' dir='ltr'>ὠς</span> 
     </span>
    </p>
   </div>
   <div class='ocr_carea' id='block_1_34' title="bbox 228 3173 1803 3251">
    <p class='ocr_par' dir='ltr' id='par_1_34' title="bbox 228 3173 1803 3251">
     <span class='ocr_line' id='line_1_34' title="bbox 228 3173 1803 3251; baseline 0.013 -28"><span class='ocrx_word' id='word_1_231' title='bbox 228 3173 335 3243; x_wconf 77' lang='grc' dir='ltr'>ἤδη</span> <span class='ocrx_word' id='word_1_232' title='bbox 370 3173 909 3246; x_wconf 77' lang='grc' dir='ltr'>προεξεικονισμένου</span> <span class='ocrx_word' id='word_1_233' title='bbox 964 3185 1055 3237; x_wconf 78' lang='grc' dir='ltr'>καὶ</span> <span class='ocrx_word' id='word_1_234' title='bbox 1104 3183 1382 3251; x_wconf 84' lang='grc' dir='ltr'>λείποντος</span> <span class='ocrx_word' id='word_1_235' title='bbox 1418 3188 1512 3241; x_wconf 90' lang='grc' dir='ltr'><strong>τοῦ</strong></span> <span class='ocrx_word' id='word_1_236' title='bbox 1549 3192 1641 3244; x_wconf 73' lang='grc' dir='ltr'>καὶ</span> <span class='ocrx_word' id='word_1_237' title='bbox 1683 3192 1803 3244; x_wconf 72' lang='grc' dir='ltr'>ἀντὶ</span> 
     </span>
    </p>
   </div>
   <div class='ocr_carea' id='block_1_35' title="bbox 227 3262 1805 3352">
    <p class='ocr_par' dir='ltr' id='par_1_35' title="bbox 227 3262 1805 3352">
     <span class='ocr_line' id='line_1_35' title="bbox 227 3262 1805 3352; baseline 0.015 -37"><span class='ocrx_word' id='word_1_238' title='bbox 227 3262 326 3317; x_wconf 87' lang='grc' dir='ltr'><strong>τοῦ</strong></span> <span class='ocrx_word' id='word_1_239' title='bbox 361 3266 593 3320; x_wconf 86' lang='grc' dir='ltr'>παλαιοῦ</span> <span class='ocrx_word' id='word_1_240' title='bbox 641 3270 838 3337; x_wconf 86' lang='grc' dir='ltr'>ἀμνοῦ,</span> <span class='ocrx_word' id='word_1_241' title='bbox 870 3274 1034 3327; x_wconf 80' lang='grc' dir='ltr'>αὑτὸν</span> <span class='ocrx_word' id='word_1_242' title='bbox 1066 3277 1496 3347; x_wconf 85' lang='grc' dir='ltr'>ἀναστηλοῦσθαι</span> <span class='ocrx_word' id='word_1_243' title='bbox 1539 3284 1571 3352; x_wconf 82' lang='grc' dir='ltr'>ἡ</span> <span class='ocrx_word' id='word_1_244' title='bbox 1621 3282 1805 3351; x_wconf 88' lang='grc' dir='ltr'>διαγό-</span> 
     </span>
    </p>
   </div>
   <div class='ocr_carea' id='block_1_36' title="bbox 232 3356 1801 3442">
    <p class='ocr_par' dir='ltr' id='par_1_36' title="bbox 232 3356 1801 3442">
     <span class='ocr_line' id='line_1_36' title="bbox 232 3356 1801 3442; baseline 0.014 -35"><span class='ocrx_word' id='word_1_245' title='bbox 232 3373 440 3426; x_wconf 79' lang='grc' dir='ltr'>ρευσις.</span> <span class='ocrx_word' id='word_1_246' title='bbox 468 3360 698 3414; x_wconf 82' lang='grc' dir='ltr'>Ἔπειτα</span> <span class='ocrx_word' id='word_1_247' title='bbox 723 3364 804 3416; x_wconf 83' lang='grc' dir='ltr'>ὅτι</span> <span class='ocrx_word' id='word_1_248' title='bbox 825 3365 884 3417; x_wconf 91' lang='grc' dir='ltr'><strong>ού</strong></span> <span class='ocrx_word' id='word_1_249' title='bbox 917 3356 1351 3442; x_wconf 80' lang='grc' dir='ltr'>μόνονάσπαστὴ</span> <span class='ocrx_word' id='word_1_250' title='bbox 1378 3374 1411 3441; x_wconf 84' lang='grc' dir='ltr'><strong>ή</strong></span> <span class='ocrx_word' id='word_1_251' title='bbox 1435 3373 1590 3427; x_wconf 85' lang='grc' dir='ltr'>τοῦδε</span> <span class='ocrx_word' id='word_1_252' title='bbox 1616 3376 1801 3442; x_wconf 76' lang='grc' dir='ltr'>εἰκὼν,</span> 
     </span>
    </p>
   </div>
   <div class='ocr_carea' id='block_1_37' title="bbox 228 3449 1804 3537">
    <p class='ocr_par' dir='ltr' id='par_1_37' title="bbox 228 3449 1804 3537">
     <span class='ocr_line' id='line_1_37' title="bbox 228 3449 1804 3537; baseline 0.013 -37"><span class='ocrx_word' id='word_1_253' title='bbox 228 3449 376 3507; x_wconf 75' lang='grc' dir='ltr'><strong>κατά</strong></span> <span class='ocrx_word' id='word_1_254' title='bbox 409 3449 477 3506; x_wconf 82' lang='grc' dir='ltr'><strong>τά</strong></span> <span class='ocrx_word' id='word_1_255' title='bbox 509 3454 568 3505; x_wconf 83' lang='grc' dir='ltr'>ἐν</span> <span class='ocrx_word' id='word_1_256' title='bbox 610 3454 760 3526; x_wconf 85' lang='grc' dir='ltr'>νόμῳ</span> <span class='ocrx_word' id='word_1_257' title='bbox 814 3455 1062 3526; x_wconf 82' lang='grc' dir='ltr'>σύμϐολά</span> <span class='ocrx_word' id='word_1_258' title='bbox 1118 3477 1177 3513; x_wconf 90' lang='grc' dir='ltr'><strong>τε</strong></span> <span class='ocrx_word' id='word_1_259' title='bbox 1232 3462 1327 3514; x_wconf 75' lang='grc' dir='ltr'>καὶ</span> <span class='ocrx_word' id='word_1_260' title='bbox 1359 3465 1804 3537; x_wconf 87' lang='grc' dir='ltr'>προχαράγματα</span> 
     </span>
    </p>
   </div>
   <div class='ocr_carea' id='block_1_38' title="bbox 228 3543 1803 3628">
    <p class='ocr_par' dir='ltr' id='par_1_38' title="bbox 228 3543 1803 3628">
     <span class='ocr_line' id='line_1_38' title="bbox 228 3543 1803 3628; baseline 0.011 -31"><span class='ocrx_word' id='word_1_261' title='bbox 228 3543 485 3597; x_wconf 82' lang='grc' dir='ltr'>ἀσπαστά</span> <span class='ocrx_word' id='word_1_262' title='bbox 521 3545 840 3614; x_wconf 70' lang='grc' dir='ltr'><strong>κεκλῆσθαι⁹</strong></span> <span class='ocrx_word' id='word_1_263' title='bbox 875 3548 1009 3603; x_wconf 82' lang='grc' dir='ltr'><strong>ἀλλά</strong></span> <span class='ocrx_word' id='word_1_264' title='bbox 1046 3553 1141 3605; x_wconf 81' lang='grc' dir='ltr'>καὶ</span> <span class='ocrx_word' id='word_1_265' title='bbox 1169 3558 1518 3628; x_wconf 85' lang='grc' dir='ltr'>προσκυνητὴ</span> <span class='ocrx_word' id='word_1_266' title='bbox 1542 3558 1710 3612; x_wconf 78' lang='grc' dir='ltr'>αὑτοῦ</span> <span class='ocrx_word' id='word_1_267' title='bbox 1744 3577 1803 3616; x_wconf 88' lang='grc' dir='ltr'><strong>τε</strong></span> 
     </span>
    </p>
   </div>
   <div class='ocr_carea' id='block_1_39' title="bbox 229 3630 1102 3706">
    <p class='ocr_par' dir='ltr' id='par_1_39' title="bbox 229 3630 1102 3706">
     <span class='ocr_line' id='line_1_39' title="bbox 229 3630 1102 3706; baseline 0.014 -25"><span class='ocrx_word' id='word_1_268' title='bbox 229 3630 326 3681; x_wconf 81' lang='grc' dir='ltr'>καὶ</span> <span class='ocrx_word' id='word_1_269' title='bbox 346 3632 547 3696; x_wconf 81' lang='grc' dir='ltr'>παντὸς</span> <span class='ocrx_word' id='word_1_270' title='bbox 578 3634 886 3689; x_wconf 82' lang='grc' dir='ltr'>οὑτινοσοῦν</span> <span class='ocrx_word' id='word_1_271' title='bbox 919 3638 1102 3706; x_wconf 85' lang='grc' dir='ltr'>ἁγίου.</span> 
     </span>
    </p>
   </div>
   <div class='ocr_carea' id='block_1_40' title="bbox 302 3719 1805 3806">
    <p class='ocr_par' dir='ltr' id='par_1_40' title="bbox 302 3719 1805 3806">
     <span class='ocr_line' id='line_1_40' title="bbox 302 3719 1805 3806; baseline 0.013 -34"><span class='ocrx_word' id='word_1_272' title='bbox 302 3719 471 3789; x_wconf 84' lang='grc' dir='ltr'>Δῆλον</span> <span class='ocrx_word' id='word_1_273' title='bbox 501 3722 607 3794; x_wconf 85' lang='grc' dir='ltr'>γὰρ</span> <span class='ocrx_word' id='word_1_274' title='bbox 637 3725 716 3777; x_wconf 84' lang='grc' dir='ltr'>ὅτι</span> <span class='ocrx_word' id='word_1_275' title='bbox 747 3724 807 3778; x_wconf 84' lang='grc' dir='ltr'><strong>τό</strong></span> <span class='ocrx_word' id='word_1_276' title='bbox 833 3730 1049 3793; x_wconf 81' lang='grc' dir='ltr'>σεπτὸν,</span> <span class='ocrx_word' id='word_1_277' title='bbox 1087 3732 1181 3786; x_wconf 79' lang='grc' dir='ltr'>καὶ</span> <span class='ocrx_word' id='word_1_278' title='bbox 1206 3738 1579 3806; x_wconf 80' lang='grc' dir='ltr'>προσκυνητὸν</span> <span class='ocrx_word' id='word_1_279' title='bbox 1625 3737 1692 3792; x_wconf 78' lang='grc' dir='ltr'>ἄν</span> <span class='ocrx_word' id='word_1_280' title='bbox 1720 3755 1805 3802; x_wconf 87' lang='grc' dir='ltr'><strong>τις</strong></span> 
     </span>
    </p>
   </div>
   <div class='ocr_carea' id='block_1_41' title="bbox 226 3809 1805 3897">
    <p class='ocr_par' dir='ltr' id='par_1_41' title="bbox 226 3809 1805 3897">
     <span class='ocr_line' id='line_1_41' title="bbox 226 3809 1805 3897; baseline 0.011 -33"><span class='ocrx_word' id='word_1_281' title='bbox 226 3809 636 3880; x_wconf 76' lang='grc' dir='ltr'>ὁμολογήσειεν.</span> <span class='ocrx_word' id='word_1_282' title='bbox 679 3815 802 3868; x_wconf 85' lang='grc' dir='ltr'>Ἔτι</span> <span class='ocrx_word' id='word_1_283' title='bbox 835 3833 895 3869; x_wconf 89' lang='grc' dir='ltr'><strong>τε</strong></span> <span class='ocrx_word' id='word_1_284' title='bbox 923 3819 1003 3871; x_wconf 85' lang='grc' dir='ltr'>ὃτι</span> <span class='ocrx_word' id='word_1_285' title='bbox 1038 3822 1186 3875; x_wconf 81' lang='grc' dir='ltr'>πᾶσα</span> <span class='ocrx_word' id='word_1_286' title='bbox 1215 3824 1248 3894; x_wconf 79' lang='grc' dir='ltr'>ἡ</span> <span class='ocrx_word' id='word_1_287' title='bbox 1297 3823 1461 3877; x_wconf 74' lang='grc' dir='ltr'>εἰκὼν</span> <span class='ocrx_word' id='word_1_288' title='bbox 1498 3826 1805 3897; x_wconf 85' lang='grc' dir='ltr'>ὁμωνύμως</span> 
     </span>
    </p>
   </div>
   <div class='ocr_carea' id='block_1_42' title="bbox 224 3900 1799 3982">
    <p class='ocr_par' dir='ltr' id='par_1_42' title="bbox 224 3900 1799 3982">
     <span class='ocr_line' id='line_1_42' title="bbox 224 3900 1799 3982; baseline 0.013 -28"><span class='ocrx_word' id='word_1_289' title='bbox 224 3900 308 3968; x_wconf 82' lang='grc' dir='ltr'>τῷ</span> <span class='ocrx_word' id='word_1_290' title='bbox 355 3902 526 3972; x_wconf 85' lang='grc' dir='ltr'>αὐτῆς</span> <span class='ocrx_word' id='word_1_291' title='bbox 574 3908 913 3979; x_wconf 85' lang='grc' dir='ltr'>πρωτοτύπῳ</span> <span class='ocrx_word' id='word_1_292' title='bbox 962 3912 1259 3982; x_wconf 82' lang='grc' dir='ltr'>κέκληται,</span> <span class='ocrx_word' id='word_1_293' title='bbox 1311 3916 1399 3969; x_wconf 79' lang='grc' dir='ltr'><strong>διὰ</strong></span> <span class='ocrx_word' id='word_1_294' title='bbox 1456 3918 1551 3972; x_wconf 91' lang='grc' dir='ltr'><strong>τοῦ</strong></span> <span class='ocrx_word' id='word_1_295' title='bbox 1603 3923 1799 3974; x_wconf 78' lang='grc' dir='ltr'><strong>εἰπεῖν⁸</strong></span> 
     </span>
    </p>
   </div>
   <div class='ocr_carea' id='block_1_43' title="bbox 231 3990 1803 4084">
    <p class='ocr_par' dir='ltr' id='par_1_43' title="bbox 231 3990 1803 4084">
     <span class='ocr_line' id='line_1_43' title="bbox 231 3990 1803 4084; baseline 0.018 -44"><span class='ocrx_word' id='word_1_296' title='bbox 231 4009 253 4040; x_wconf 79' lang='lat' dir='ltr'><strong>e</strong></span> <span class='ocrx_word' id='word_1_297' title='bbox 308 3990 501 4061; x_wconf 80' lang='grc' dir='ltr'>Ἀμνὸς</span> <span class='ocrx_word' id='word_1_298' title='bbox 533 3996 778 4069; x_wconf 84' lang='grc' dir='ltr'>δακτύλῳ</span> <span class='ocrx_word' id='word_1_299' title='bbox 802 4000 896 4055; x_wconf 82' lang='grc' dir='ltr'><strong>τοῦ</strong></span> <span class='ocrx_word' id='word_1_300' title='bbox 924 4002 1239 4074; x_wconf 82' lang='grc' dir='ltr'>Προδρόμου</span> <span class='ocrx_word' id='word_1_301' title='bbox 1262 4006 1607 4079; x_wconf 85' lang='grc' dir='ltr'>δεικνύμενος</span> <span class='ocrx_word' id='word_1_302' title='bbox 1639 4014 1803 4084; x_wconf 78' lang='grc' dir='ltr'>ἐγχα-</span> 
     </span>
    </p>
   </div>
   <div class='ocr_carea' id='block_1_44' title="bbox 226 4084 1802 4177">
    <p class='ocr_par' dir='ltr' id='par_1_44' title="bbox 226 4084 1802 4177">
     <span class='ocr_line' id='line_1_44' title="bbox 226 4084 1802 4177; baseline 0.017 -44"><span class='ocrx_word' id='word_1_303' title='bbox 226 4084 508 4177; x_wconf 69' lang='grc' dir='ltr'>ράττεται.</span> <span class='ocrx_word' id='word_1_304' title='bbox 564 4111 583 4138; x_wconf 64' lang='grc' dir='ltr'><strong><em>υ</em></strong></span> <span class='ocrx_word' id='word_1_305' title='bbox 632 4089 719 4153; x_wconf 85' lang='grc' dir='ltr'><strong>Ὠς</strong></span> <span class='ocrx_word' id='word_1_306' title='bbox 765 4096 859 4147; x_wconf 81' lang='grc' dir='ltr'>καὶ</span> <span class='ocrx_word' id='word_1_307' title='bbox 902 4096 932 4147; x_wconf 94' lang='lat'><strong>6</strong></span> <span class='ocrx_word' id='word_1_308' title='bbox 990 4096 1277 4162; x_wconf 83' lang='grc' dir='ltr'>Νυσσαεὺς</span> <span class='ocrx_word' id='word_1_309' title='bbox 1330 4100 1469 4163; x_wconf 87' lang='grc' dir='ltr'>θεῖος</span> <span class='ocrx_word' id='word_1_310' title='bbox 1502 4103 1802 4177; x_wconf 84' lang='grc' dir='ltr'>Γρηγόριος</span> 
     </span>
    </p>
   </div>
   <div class='ocr_carea' id='block_1_45' title="bbox 226 4166 1798 4265">
    <p class='ocr_par' dir='ltr' id='par_1_45' title="bbox 226 4166 1798 4265">
     <span class='ocr_line' id='line_1_45' title="bbox 226 4166 1798 4265; baseline 0.014 -40"><span class='ocrx_word' id='word_1_311' title='bbox 226 4166 334 4227; x_wconf 82' lang='grc' dir='ltr'>ὦδὲ</span> <span class='ocrx_word' id='word_1_312' title='bbox 362 4175 461 4228; x_wconf 89' lang='grc' dir='ltr'><strong>πού</strong></span> <span class='ocrx_word' id='word_1_313' title='bbox 497 4193 649 4247; x_wconf 82' lang='grc' dir='ltr'>φησι·</span> <span class='ocrx_word' id='word_1_314' title='bbox 688 4201 708 4229; x_wconf 80' lang='grc' dir='ltr'><strong>ι</strong></span> <span class='ocrx_word' id='word_1_315' title='bbox 747 4183 1039 4251; x_wconf 84' lang='grc' dir='ltr'>Πρόκειται</span> <span class='ocrx_word' id='word_1_316' title='bbox 1066 4186 1094 4238; x_wconf 94' lang='lat'><strong>6</strong></span> <span class='ocrx_word' id='word_1_317' title='bbox 1130 4186 1316 4241; x_wconf 84' lang='grc' dir='ltr'>Ἰσαὰκ</span> <span class='ocrx_word' id='word_1_318' title='bbox 1344 4189 1421 4259; x_wconf 84' lang='grc' dir='ltr'>τῷ</span> <span class='ocrx_word' id='word_1_319' title='bbox 1448 4166 1640 4262; x_wconf 59' lang='lat' dir='ltr'><strong>Burgi,</strong></span> <span class='ocrx_word' id='word_1_320' title='bbox 1670 4166 1798 4265; x_wconf 51' lang='grc' dir='ltr'>παρ;</span> 
     </span>
    </p>
   </div>
   <div class='ocr_carea' id='block_1_46' title="bbox 225 4266 1801 4358">
    <p class='ocr_par' dir='ltr' id='par_1_46' title="bbox 225 4266 1801 4358">
     <span class='ocr_line' id='line_1_46' title="bbox 225 4266 1801 4358; baseline 0.013 -40"><span class='ocrx_word' id='word_1_321' title='bbox 225 4266 379 4335; x_wconf 80' lang='grc' dir='ltr'><strong>αύτῴ</strong></span> <span class='ocrx_word' id='word_1_322' title='bbox 432 4267 508 4337; x_wconf 79' lang='grc' dir='ltr'>τῷ</span> <span class='ocrx_word' id='word_1_323' title='bbox 564 4270 955 4345; x_wconf 78' lang='grc' dir='ltr'>θυσιαστηρίῳ.</span> <span class='ocrx_word' id='word_1_324' title='bbox 998 4296 1018 4329; x_wconf 70' lang='grc' dir='ltr'><strong>ι</strong></span> <span class='ocrx_word' id='word_1_325' title='bbox 1056 4279 1210 4351; x_wconf 77' lang='grc' dir='ltr'>Φωνὴ</span> <span class='ocrx_word' id='word_1_326' title='bbox 1256 4282 1366 4334; x_wconf 84' lang='grc' dir='ltr'>τῶν</span> <span class='ocrx_word' id='word_1_327' title='bbox 1403 4286 1464 4335; x_wconf 85' lang='grc' dir='ltr'>ἐν</span> <span class='ocrx_word' id='word_1_328' title='bbox 1504 4285 1801 4358; x_wconf 66' lang='grc' dir='ltr'>Ἀντιοχείᾳ</span> 
     </span>
    </p>
   </div>
   <div class='ocr_carea' id='block_1_47' title="bbox 227 4358 1801 4449">
    <p class='ocr_par' dir='ltr' id='par_1_47' title="bbox 227 4358 1801 4449">
     <span class='ocr_line' id='line_1_47' title="bbox 227 4358 1801 4449; baseline 0.016 -40"><span class='ocrx_word' id='word_1_329' title='bbox 227 4358 702 4429; x_wconf 84' lang='grc' dir='ltr'>συνεδρευσάντων</span> <span class='ocrx_word' id='word_1_330' title='bbox 738 4365 1012 4437; x_wconf 83' lang='grc' dir='ltr'>Πατέρων·</span> <span class='ocrx_word' id='word_1_331' title='bbox 1051 4390 1070 4421; x_wconf 68' lang='lat' dir='ltr'><strong>ri</strong></span> <span class='ocrx_word' id='word_1_332' title='bbox 1100 4372 1210 4440; x_wconf 86' lang='grc' dir='ltr'><strong>Ούχ</strong></span> <span class='ocrx_word' id='word_1_333' title='bbox 1238 4371 1312 4434; x_wconf 81' lang='grc' dir='ltr'><strong>ὡς</strong></span> <span class='ocrx_word' id='word_1_334' title='bbox 1345 4374 1532 4447; x_wconf 76' lang='grc' dir='ltr'>ἕτερον</span> <span class='ocrx_word' id='word_1_335' title='bbox 1569 4380 1634 4448; x_wconf 83' lang='grc' dir='ltr'><strong>τῇ</strong></span> <span class='ocrx_word' id='word_1_336' title='bbox 1669 4396 1801 4449; x_wconf 85' lang='grc' dir='ltr'>μορ-</span> 
     </span>
    </p>
   </div>
   <div class='ocr_carea' id='block_1_48' title="bbox 227 4447 1795 4538">
    <p class='ocr_par' dir='ltr' id='par_1_48' title="bbox 227 4447 1795 4538">
     <span class='ocr_line' id='line_1_48' title="bbox 227 4447 1795 4538; baseline 0.016 -42"><span class='ocrx_word' id='word_1_337' title='bbox 227 4448 327 4516; x_wconf 78' lang='grc' dir='ltr'>φῇ,</span> <span class='ocrx_word' id='word_1_338' title='bbox 371 4447 484 4500; x_wconf 83' lang='grc' dir='ltr'>αλλ’</span> <span class='ocrx_word' id='word_1_339' title='bbox 516 4450 591 4512; x_wconf 84' lang='grc' dir='ltr'>ὡς</span> <span class='ocrx_word' id='word_1_340' title='bbox 638 4454 800 4507; x_wconf 83' lang='grc' dir='ltr'>αὑτὸν</span> <span class='ocrx_word' id='word_1_341' title='bbox 846 4456 941 4509; x_wconf 74' lang='grc' dir='ltr'>ἕνα</span> <span class='ocrx_word' id='word_1_342' title='bbox 972 4460 1174 4531; x_wconf 77' lang='grc' dir='ltr'>Κύριον</span> <span class='ocrx_word' id='word_1_343' title='bbox 1203 4464 1260 4514; x_wconf 81' lang='grc' dir='ltr'>ἐν</span> <span class='ocrx_word' id='word_1_344' title='bbox 1294 4465 1391 4534; x_wconf 79' lang='grc' dir='ltr'><strong>μιᾷ</strong></span> <span class='ocrx_word' id='word_1_345' title='bbox 1429 4447 1795 4538; x_wconf 77' lang='grc' dir='ltr'>μορφῇδντα’</span> 
     </span>
    </p>
   </div>
   <div class='ocr_carea' id='block_1_49' title="bbox 1833 3233 1875 3291">
    <p class='ocr_par' dir='ltr' id='par_1_49' title="bbox 1833 3233 1875 3291">
     <span class='ocr_line' id='line_1_49' title="bbox 1833 3233 1875 3291; baseline 0 0"><span class='ocrx_word' id='word_1_346' title='bbox 1833 3233 1875 3291; x_wconf 86' lang='lat' dir='ltr'><strong>C</strong></span> 
     </span>
    </p>
   </div>
   <div class='ocr_carea' id='block_1_50' title="bbox 1909 625 3483 699">
    <p class='ocr_par' dir='ltr' id='par_1_50' title="bbox 1909 625 3483 699">
     <span class='ocr_line' id='line_1_50' title="bbox 1909 625 3483 699; baseline -0.001 -18"><span class='ocrx_word' id='word_1_347' title='bbox 1909 627 2272 699; x_wconf 80' lang='lat' dir='ltr'><strong>quadraginta</strong></span> <span class='ocrx_word' id='word_1_348' title='bbox 2297 636 2597 697; x_wconf 80' lang='lat' dir='ltr'><strong>martyrum</strong></span> <span class='ocrx_word' id='word_1_349' title='bbox 2642 626 2916 690; x_wconf 89' lang='lat' dir='ltr'><strong>encomio,</strong></span> <span class='ocrx_word' id='word_1_350' title='bbox 2950 640 3073 678; x_wconf 91' lang='lat' dir='ltr'><strong>cum</strong></span> <span class='ocrx_word' id='word_1_351' title='bbox 3104 625 3218 680; x_wconf 62' lang='lat' dir='ltr'><strong>haec</strong></span> <span class='ocrx_word' id='word_1_352' title='bbox 3245 625 3441 681; x_wconf 79' lang='lat' dir='ltr'><strong>dicit&quot;</strong></span> <span class='ocrx_word' id='word_1_353' title='bbox 3468 642 3483 679; x_wconf 91' lang='lat'><strong>:</strong></span> 
     </span>
    </p>
   </div>
   <div class='ocr_carea' id='block_1_51' title="bbox 1916 715 3486 787">
    <p class='ocr_par' dir='ltr' id='par_1_51' title="bbox 1916 715 3486 787">
     <span class='ocr_line' id='line_1_51' title="bbox 1916 715 3486 787; baseline -0.003 -17"><span class='ocrx_word' id='word_1_354' title='bbox 1916 736 1935 770; x_wconf 79' lang='grc' dir='ltr'><strong>ι</strong></span> <span class='ocrx_word' id='word_1_355' title='bbox 1958 716 2090 772; x_wconf 86' lang='lat' dir='ltr'><strong>Nam</strong></span> <span class='ocrx_word' id='word_1_356' title='bbox 2114 719 2393 787; x_wconf 82' lang='lat' dir='ltr'><strong>magniﬁca</strong></span> <span class='ocrx_word' id='word_1_357' title='bbox 2424 717 2477 770; x_wconf 89' lang='lat' dir='ltr'><strong>in</strong></span> <span class='ocrx_word' id='word_1_358' title='bbox 2512 715 2667 770; x_wconf 88' lang='lat' dir='ltr'><strong>bellis</strong></span> <span class='ocrx_word' id='word_1_359' title='bbox 2692 727 2866 786; x_wconf 87' lang='lat' dir='ltr'><strong>gesta,</strong></span> <span class='ocrx_word' id='word_1_360' title='bbox 2889 724 2944 769; x_wconf 85' lang='lat' dir='ltr'><strong>et</strong></span> <span class='ocrx_word' id='word_1_361' title='bbox 2971 722 3214 769; x_wconf 89' lang='lat' dir='ltr'><strong>oratores</strong></span> <span class='ocrx_word' id='word_1_362' title='bbox 3236 728 3486 783; x_wconf 70' lang='lat' dir='ltr'><strong>saepenu-</strong></span> 
     </span>
    </p>
   </div>
   <div class='ocr_carea' id='block_1_52' title="bbox 1910 804 3487 877">
    <p class='ocr_par' dir='ltr' id='par_1_52' title="bbox 1910 804 3487 877">
     <span class='ocr_line' id='line_1_52' title="bbox 1910 804 3487 877; baseline -0.003 -17"><span class='ocrx_word' id='word_1_363' title='bbox 1910 822 2083 869; x_wconf 88' lang='lat' dir='ltr'><strong>mero,</strong></span> <span class='ocrx_word' id='word_1_364' title='bbox 2114 816 2167 861; x_wconf 93' lang='lat' dir='ltr'><strong>et</strong></span> <span class='ocrx_word' id='word_1_365' title='bbox 2200 809 2430 877; x_wconf 94' lang='lat' dir='ltr'><strong>pictores</strong></span> <span class='ocrx_word' id='word_1_366' title='bbox 2461 804 2822 876; x_wconf 81' lang='lat' dir='ltr'><strong>pulcherrime</strong></span> <span class='ocrx_word' id='word_1_367' title='bbox 2869 805 3226 867; x_wconf 83' lang='lat' dir='ltr'><strong>demonstrat,</strong></span> <span class='ocrx_word' id='word_1_368' title='bbox 3260 804 3316 859; x_wconf 87' lang='lat' dir='ltr'><strong>hi</strong></span> <span class='ocrx_word' id='word_1_369' title='bbox 3363 819 3487 857; x_wconf 61' lang='lat' dir='ltr'><strong>orav</strong></span> 
     </span>
    </p>
   </div>
   <div class='ocr_carea' id='block_1_53' title="bbox 1911 896 3479 965">
    <p class='ocr_par' dir='ltr' id='par_1_53' title="bbox 1911 896 3479 965">
     <span class='ocr_line' id='line_1_53' title="bbox 1911 896 3479 965; baseline -0.005 -12"><span class='ocrx_word' id='word_1_370' title='bbox 1911 900 2091 965; x_wconf 89' lang='lat' dir='ltr'><strong>tione,</strong></span> <span class='ocrx_word' id='word_1_371' title='bbox 2144 899 2219 952; x_wconf 86' lang='lat' dir='ltr'><strong>illi</strong></span> <span class='ocrx_word' id='word_1_372' title='bbox 2255 899 2456 952; x_wconf 88' lang='lat' dir='ltr'><strong>tabulis</strong></span> <span class='ocrx_word' id='word_1_373' title='bbox 2494 896 2869 951; x_wconf 82' lang='lat' dir='ltr'><strong>describentes</strong></span> <span class='ocrx_word' id='word_1_374' title='bbox 2907 906 3066 965; x_wconf 89' lang='lat' dir='ltr'><strong>atque</strong></span> <span class='ocrx_word' id='word_1_375' title='bbox 3117 904 3395 949; x_wconf 88' lang='lat' dir='ltr'><strong>ornantes.</strong></span> <span class='ocrx_word' id='word_1_376' title='bbox 3460 913 3479 945; x_wconf 74' lang='grc' dir='ltr'><strong>ι</strong></span> 
     </span>
    </p>
   </div>
   <div class='ocr_carea' id='block_1_54' title="bbox 1908 986 3483 1059">
    <p class='ocr_par' dir='ltr' id='par_1_54' title="bbox 1908 986 3483 1059">
     <span class='ocr_line' id='line_1_54' title="bbox 1908 986 3483 1059; baseline -0.003 -16"><span class='ocrx_word' id='word_1_377' title='bbox 1908 990 2176 1057; x_wconf 81' lang='lat' dir='ltr'><strong>Quoniam</strong></span> <span class='ocrx_word' id='word_1_378' title='bbox 2208 989 2369 1059; x_wconf 90' lang='lat' dir='ltr'><strong>igitur</strong></span> <span class='ocrx_word' id='word_1_379' title='bbox 2395 997 2667 1043; x_wconf 83' lang='lat' dir='ltr'><strong>secundus</strong></span> <span class='ocrx_word' id='word_1_380' title='bbox 2710 1004 2927 1058; x_wconf 90' lang='lat' dir='ltr'><strong>quoque</strong></span> <span class='ocrx_word' id='word_1_381' title='bbox 2974 988 3168 1041; x_wconf 81' lang='lat' dir='ltr'><strong>modus</strong></span> <span class='ocrx_word' id='word_1_382' title='bbox 3203 987 3268 1040; x_wconf 92' lang='lat' dir='ltr'><strong>ad</strong></span> <span class='ocrx_word' id='word_1_383' title='bbox 3323 986 3483 1039; x_wconf 81' lang='lat' dir='ltr'><strong>linem</strong></span> 
     </span>
    </p>
   </div>
   <div class='ocr_carea' id='block_1_55' title="bbox 1908 1076 3486 1153">
    <p class='ocr_par' dir='ltr' id='par_1_55' title="bbox 1908 1076 3486 1153">
     <span class='ocr_line' id='line_1_55' title="bbox 1908 1076 3486 1153; baseline -0.004 -16"><span class='ocrx_word' id='word_1_384' title='bbox 1908 1084 2204 1153; x_wconf 82' lang='lat' dir='ltr'><strong>perductus</strong></span> <span class='ocrx_word' id='word_1_385' title='bbox 2249 1090 2351 1146; x_wconf 83' lang='lat' dir='ltr'><strong>est,</strong></span> <span class='ocrx_word' id='word_1_386' title='bbox 2402 1082 2528 1150; x_wconf 88' lang='lat' dir='ltr'><strong>quis</strong></span> <span class='ocrx_word' id='word_1_387' title='bbox 2567 1087 2651 1135; x_wconf 87' lang='lat' dir='ltr'><strong>est</strong></span> <span class='ocrx_word' id='word_1_388' title='bbox 2692 1078 2933 1134; x_wconf 90' lang='lat' dir='ltr'><strong>tertius?</strong></span> <span class='ocrx_word' id='word_1_389' title='bbox 2967 1076 3079 1131; x_wconf 77' lang='lat' dir='ltr'><strong>Vox</strong></span> <span class='ocrx_word' id='word_1_390' title='bbox 3117 1078 3361 1141; x_wconf 82' lang='lat' dir='ltr'><strong>Patrum,</strong></span> <span class='ocrx_word' id='word_1_391' title='bbox 3391 1080 3486 1145; x_wconf 84' lang='lat' dir='ltr'><strong>qui</strong></span> 
     </span>
    </p>
   </div>
   <div class='ocr_carea' id='block_1_56' title="bbox 1910 1171 3485 1245">
    <p class='ocr_par' dir='ltr' id='par_1_56' title="bbox 1910 1171 3485 1245">
     <span class='ocr_line' id='line_1_56' title="bbox 1910 1171 3485 1245; baseline -0.004 -17"><span class='ocrx_word' id='word_1_392' title='bbox 1910 1184 2031 1245; x_wconf 92' lang='lat' dir='ltr'><strong>post</strong></span> <span class='ocrx_word' id='word_1_393' title='bbox 2085 1185 2293 1228; x_wconf 75' lang='lat' dir='ltr'><strong>sextam</strong></span> <span class='ocrx_word' id='word_1_394' title='bbox 2357 1174 2621 1243; x_wconf 82' lang='lat' dir='ltr'><strong>synodum</strong></span> <span class='ocrx_word' id='word_1_395' title='bbox 2682 1171 3152 1240; x_wconf 82' lang='lat' dir='ltr'><strong>Constantinopoli</strong></span> <span class='ocrx_word' id='word_1_396' title='bbox 3215 1186 3485 1225; x_wconf 83' lang='lat' dir='ltr'><strong>convene-</strong></span> 
     </span>
    </p>
   </div>
   <div class='ocr_carea' id='block_1_57' title="bbox 1909 1262 3483 1335">
    <p class='ocr_par' dir='ltr' id='par_1_57' title="bbox 1909 1262 3483 1335">
     <span class='ocr_line' id='line_1_57' title="bbox 1909 1262 3483 1335; baseline -0.006 -14"><span class='ocrx_word' id='word_1_397' title='bbox 1909 1277 2036 1322; x_wconf 91' lang='lat' dir='ltr'><strong>runt</strong></span> <span class='ocrx_word' id='word_1_398' title='bbox 2058 1267 2140 1320; x_wconf 76' lang='lat'><strong>“:</strong></span> <span class='ocrx_word' id='word_1_399' title='bbox 2173 1265 2225 1319; x_wconf 90' lang='lat' dir='ltr'><strong>In</strong></span> <span class='ocrx_word' id='word_1_400' title='bbox 2255 1266 2577 1335; x_wconf 88' lang='lat' dir='ltr'><strong>quihusdam</strong></span> <span class='ocrx_word' id='word_1_401' title='bbox 2602 1264 2956 1319; x_wconf 86' lang='lat' dir='ltr'><strong>colendarum</strong></span> <span class='ocrx_word' id='word_1_402' title='bbox 2989 1262 3286 1332; x_wconf 79' lang='lat' dir='ltr'><strong>imaginum</strong></span> <span class='ocrx_word' id='word_1_403' title='bbox 3306 1263 3483 1331; x_wconf 81' lang='lat' dir='ltr'><strong>pictu-</strong></span> 
     </span>
    </p>
   </div>
   <div class='ocr_carea' id='block_1_58' title="bbox 1910 1352 3484 1429">
    <p class='ocr_par' dir='ltr' id='par_1_58' title="bbox 1910 1352 3484 1429">
     <span class='ocr_line' id='line_1_58' title="bbox 1910 1352 3484 1429; baseline -0.004 -16"><span class='ocrx_word' id='word_1_404' title='bbox 1910 1362 1986 1414; x_wconf 85' lang='lat' dir='ltr'><strong>ris</strong></span> <span class='ocrx_word' id='word_1_405' title='bbox 2041 1373 2213 1429; x_wconf 87' lang='lat' dir='ltr'><strong>agnus</strong></span> <span class='ocrx_word' id='word_1_406' title='bbox 2252 1356 2595 1425; x_wconf 83' lang='lat' dir='ltr'><strong>exprimitur,</strong></span> <span class='ocrx_word' id='word_1_407' title='bbox 2637 1369 2798 1424; x_wconf 85' lang='lat' dir='ltr'><strong>quem</strong></span> <span class='ocrx_word' id='word_1_408' title='bbox 2834 1352 3145 1408; x_wconf 68' lang='lat' dir='ltr'><strong>Praecursor</strong></span> <span class='ocrx_word' id='word_1_409' title='bbox 3177 1352 3347 1423; x_wconf 83' lang='lat' dir='ltr'><strong>digito</strong></span> <span class='ocrx_word' id='word_1_410' title='bbox 3387 1353 3484 1406; x_wconf 68' lang='lat' dir='ltr'><strong>deo</strong></span> 
     </span>
    </p>
   </div>
   <div class='ocr_carea' id='block_1_59' title="bbox 1910 1442 3486 1518">
    <p class='ocr_par' dir='ltr' id='par_1_59' title="bbox 1910 1442 3486 1518">
     <span class='ocr_line' id='line_1_59' title="bbox 1910 1442 3486 1518; baseline -0.004 -13"><span class='ocrx_word' id='word_1_411' title='bbox 1910 1459 2196 1512; x_wconf 74' lang='lat' dir='ltr'><strong>monstrat,</strong></span> <span class='ocrx_word' id='word_1_412' title='bbox 2220 1448 2313 1518; x_wconf 88' lang='lat' dir='ltr'><strong>qui</strong></span> <span class='ocrx_word' id='word_1_413' title='bbox 2342 1448 2395 1501; x_wconf 91' lang='lat' dir='ltr'><strong>in</strong></span> <span class='ocrx_word' id='word_1_414' title='bbox 2415 1456 2609 1518; x_wconf 86' lang='lat' dir='ltr'><strong>typum</strong></span> <span class='ocrx_word' id='word_1_415' title='bbox 2629 1454 2947 1515; x_wconf 88' lang='lat' dir='ltr'><strong>assumptus</strong></span> <span class='ocrx_word' id='word_1_416' title='bbox 2967 1454 3051 1500; x_wconf 88' lang='lat' dir='ltr'><strong>est</strong></span> <span class='ocrx_word' id='word_1_417' title='bbox 3074 1445 3279 1515; x_wconf 65' lang='lat' dir='ltr'><strong>gratiae.</strong></span> <span class='ocrx_word' id='word_1_418' title='bbox 3300 1442 3486 1499; x_wconf 78' lang='lat' dir='ltr'><strong>Refert</strong></span> 
     </span>
    </p>
   </div>
   <div class='ocr_carea' id='block_1_60' title="bbox 1909 1538 3486 1609">
    <p class='ocr_par' dir='ltr' id='par_1_60' title="bbox 1909 1538 3486 1609">
     <span class='ocr_line' id='line_1_60' title="bbox 1909 1538 3486 1609; baseline -0.004 -11"><span class='ocrx_word' id='word_1_419' title='bbox 1909 1544 2052 1606; x_wconf 81' lang='lat' dir='ltr'><strong>enim</strong></span> <span class='ocrx_word' id='word_1_420' title='bbox 2087 1542 2245 1596; x_wconf 90' lang='lat' dir='ltr'><strong>nobis</strong></span> <span class='ocrx_word' id='word_1_421' title='bbox 2276 1555 2459 1594; x_wconf 90' lang='lat' dir='ltr'><strong>verum</strong></span> <span class='ocrx_word' id='word_1_422' title='bbox 2487 1539 2638 1595; x_wconf 90' lang='lat' dir='ltr'><strong>illum</strong></span> <span class='ocrx_word' id='word_1_423' title='bbox 2663 1554 2883 1609; x_wconf 85' lang='lat' dir='ltr'><strong>agnum,</strong></span> <span class='ocrx_word' id='word_1_424' title='bbox 2906 1553 3067 1609; x_wconf 84' lang='lat' dir='ltr'><strong>quem</strong></span> <span class='ocrx_word' id='word_1_425' title='bbox 3099 1538 3180 1592; x_wconf 83' lang='lat' dir='ltr'><strong>lex</strong></span> <span class='ocrx_word' id='word_1_426' title='bbox 3212 1538 3486 1608; x_wconf 83' lang='lat' dir='ltr'><strong>signitiea-</strong></span> 
     </span>
    </p>
   </div>
   <div class='ocr_carea' id='block_1_61' title="bbox 1912 1628 3489 1701">
    <p class='ocr_par' dir='ltr' id='par_1_61' title="bbox 1912 1628 3489 1701">
     <span class='ocr_line' id='line_1_61' title="bbox 1912 1628 3489 1701; baseline -0.003 -13"><span class='ocrx_word' id='word_1_427' title='bbox 1912 1636 2022 1699; x_wconf 85' lang='lat' dir='ltr'><strong>bat,</strong></span> <span class='ocrx_word' id='word_1_428' title='bbox 2079 1646 2272 1701; x_wconf 88' lang='lat' dir='ltr'><strong>nempe</strong></span> <span class='ocrx_word' id='word_1_429' title='bbox 2298 1630 2575 1685; x_wconf 84' lang='lat' dir='ltr'><strong>Christum</strong></span> <span class='ocrx_word' id='word_1_430' title='bbox 2610 1628 2781 1684; x_wconf 89' lang='lat' dir='ltr'><strong>Deum</strong></span> <span class='ocrx_word' id='word_1_431' title='bbox 2841 1636 3115 1686; x_wconf 88' lang='lat' dir='ltr'><strong>nostrum.</strong></span> <span class='ocrx_word' id='word_1_432' title='bbox 3166 1628 3276 1685; x_wconf 73' lang='lat' dir='ltr'><strong>llas</strong></span> <span class='ocrx_word' id='word_1_433' title='bbox 3323 1631 3489 1701; x_wconf 77' lang='lat' dir='ltr'><strong>igitur</strong></span> 
     </span>
    </p>
   </div>
   <div class='ocr_carea' id='block_1_62' title="bbox 1910 1723 3487 1792">
    <p class='ocr_par' dir='ltr' id='par_1_62' title="bbox 1910 1723 3487 1792">
     <span class='ocr_line' id='line_1_62' title="bbox 1910 1723 3487 1792; baseline -0.001 -13"><span class='ocrx_word' id='word_1_434' title='bbox 1910 1738 2119 1781; x_wconf 79' lang='lat' dir='ltr'><strong>veteres</strong></span> <span class='ocrx_word' id='word_1_435' title='bbox 2154 1725 2355 1792; x_wconf 87' lang='lat' dir='ltr'><strong>liguras</strong></span> <span class='ocrx_word' id='word_1_436' title='bbox 2389 1731 2556 1791; x_wconf 90' lang='lat' dir='ltr'><strong>atque</strong></span> <span class='ocrx_word' id='word_1_437' title='bbox 2603 1724 2848 1785; x_wconf 87' lang='lat' dir='ltr'><strong>umbras,</strong></span> <span class='ocrx_word' id='word_1_438' title='bbox 2882 1730 2942 1777; x_wconf 93' lang='lat' dir='ltr'><strong>ut</strong></span> <span class='ocrx_word' id='word_1_439' title='bbox 2977 1723 3221 1778; x_wconf 89' lang='lat' dir='ltr'><strong>veritatis</strong></span> <span class='ocrx_word' id='word_1_440' title='bbox 3255 1733 3411 1778; x_wconf 91' lang='lat' dir='ltr'><strong>notas</strong></span> <span class='ocrx_word' id='word_1_441' title='bbox 3434 1734 3487 1778; x_wconf 89' lang='lat' dir='ltr'><strong>et</strong></span> 
     </span>
    </p>
   </div>
   <div class='ocr_carea' id='block_1_63' title="bbox 1910 1812 3488 1886">
    <p class='ocr_par' dir='ltr' id='par_1_63' title="bbox 1910 1812 3488 1886">
     <span class='ocr_line' id='line_1_63' title="bbox 1910 1812 3488 1886; baseline -0.003 -16"><span class='ocrx_word' id='word_1_442' title='bbox 1910 1817 2061 1886; x_wconf 84' lang='lat' dir='ltr'><strong>signa</strong></span> <span class='ocrx_word' id='word_1_443' title='bbox 2119 1813 2375 1869; x_wconf 73' lang='lat' dir='ltr'><strong>Ecclesia:</strong></span> <span class='ocrx_word' id='word_1_444' title='bbox 2422 1812 2618 1867; x_wconf 86' lang='lat' dir='ltr'><strong>tradita</strong></span> <span class='ocrx_word' id='word_1_445' title='bbox 2660 1812 3104 1881; x_wconf 86' lang='lat' dir='ltr'><strong>complectentes,</strong></span> <span class='ocrx_word' id='word_1_446' title='bbox 3152 1814 3383 1883; x_wconf 81' lang='lat' dir='ltr'><strong>gratiam</strong></span> <span class='ocrx_word' id='word_1_447' title='bbox 3433 1821 3488 1871; x_wconf 82' lang='lat' dir='ltr'><strong>et</strong></span> 
     </span>
    </p>
   </div>
   <div class='ocr_carea' id='block_1_64' title="bbox 1908 1904 3485 1975">
    <p class='ocr_par' dir='ltr' id='par_1_64' title="bbox 1908 1904 3485 1975">
     <span class='ocr_line' id='line_1_64' title="bbox 1908 1904 3485 1975; baseline -0.001 -15"><span class='ocrx_word' id='word_1_448' title='bbox 1908 1911 2185 1961; x_wconf 84' lang='lat' dir='ltr'><strong>veritatem</strong></span> <span class='ocrx_word' id='word_1_449' title='bbox 2206 1905 2609 1974; x_wconf 87' lang='lat' dir='ltr'><strong>anteponimus,</strong></span> <span class='ocrx_word' id='word_1_450' title='bbox 2630 1920 2793 1974; x_wconf 89' lang='lat' dir='ltr'><strong>quam</strong></span> <span class='ocrx_word' id='word_1_451' title='bbox 2821 1914 2876 1958; x_wconf 90' lang='lat' dir='ltr'><strong>ut</strong></span> <span class='ocrx_word' id='word_1_452' title='bbox 2907 1905 3300 1974; x_wconf 90' lang='lat' dir='ltr'><strong>plenitudinem</strong></span> <span class='ocrx_word' id='word_1_453' title='bbox 3350 1904 3485 1975; x_wconf 81' lang='lat' dir='ltr'><strong>legis</strong></span> 
     </span>
    </p>
   </div>
   <div class='ocr_carea' id='block_1_65' title="bbox 1908 1991 3482 2062">
    <p class='ocr_par' dir='ltr' id='par_1_65' title="bbox 1908 1991 3482 2062">
     <span class='ocr_line' id='line_1_65' title="bbox 1908 1991 3482 2062; baseline 0.003 -16"><span class='ocrx_word' id='word_1_454' title='bbox 1908 1993 2237 2062; x_wconf 87' lang='lat' dir='ltr'><strong>accepimus.</strong></span> <span class='ocrx_word' id='word_1_455' title='bbox 2296 1991 2483 2061; x_wconf 81' lang='lat' dir='ltr'><strong>Itaque</strong></span> <span class='ocrx_word' id='word_1_456' title='bbox 2537 2003 2593 2045; x_wconf 91' lang='lat' dir='ltr'><strong>ut</strong></span> <span class='ocrx_word' id='word_1_457' title='bbox 2636 1992 2687 2046; x_wconf 90' lang='lat' dir='ltr'><strong>id</strong></span> <span class='ocrx_word' id='word_1_458' title='bbox 2743 1994 2887 2061; x_wconf 89' lang='lat' dir='ltr'><strong>quod</strong></span> <span class='ocrx_word' id='word_1_459' title='bbox 2946 1992 3244 2061; x_wconf 74' lang='lat' dir='ltr'><strong>perfectura</strong></span> <span class='ocrx_word' id='word_1_460' title='bbox 3292 2004 3395 2057; x_wconf 86' lang='lat' dir='ltr'><strong>est,</strong></span> <span class='ocrx_word' id='word_1_461' title='bbox 3429 1994 3482 2051; x_wconf 85' lang='lat' dir='ltr'><strong>in</strong></span> 
     </span>
    </p>
   </div>
   <div class='ocr_carea' id='block_1_66' title="bbox 1907 2086 3482 2158">
    <p class='ocr_par' dir='ltr' id='par_1_66' title="bbox 1907 2086 3482 2158">
     <span class='ocr_line' id='line_1_66' title="bbox 1907 2086 3482 2158; baseline 0.003 -19"><span class='ocrx_word' id='word_1_462' title='bbox 1907 2086 2135 2156; x_wconf 81' lang='lat' dir='ltr'><strong>picturis</strong></span> <span class='ocrx_word' id='word_1_463' title='bbox 2164 2087 2325 2141; x_wconf 87' lang='lat' dir='ltr'><strong>etiam</strong></span> <span class='ocrx_word' id='word_1_464' title='bbox 2353 2087 2598 2140; x_wconf 88' lang='lat' dir='ltr'><strong>omnium</strong></span> <span class='ocrx_word' id='word_1_465' title='bbox 2631 2088 2805 2144; x_wconf 89' lang='lat' dir='ltr'><strong>oculis</strong></span> <span class='ocrx_word' id='word_1_466' title='bbox 2842 2088 3197 2157; x_wconf 88' lang='lat' dir='ltr'><strong>subjiciamus</strong></span> <span class='ocrx_word' id='word_1_467' title='bbox 3229 2127 3245 2152; x_wconf 91' lang='lat'><strong>,</strong></span> <span class='ocrx_word' id='word_1_468' title='bbox 3279 2102 3482 2158; x_wconf 82' lang='lat' dir='ltr'><strong>agnum</strong></span> 
     </span>
    </p>
   </div>
   <div class='ocr_carea' id='block_1_67' title="bbox 1906 2178 3483 2248">
    <p class='ocr_par' dir='ltr' id='par_1_67' title="bbox 1906 2178 3483 2248">
     <span class='ocr_line' id='line_1_67' title="bbox 1906 2178 3483 2248; baseline 0.001 -16"><span class='ocrx_word' id='word_1_469' title='bbox 1906 2179 2086 2242; x_wconf 86' lang='lat' dir='ltr'><strong>illum,</strong></span> <span class='ocrx_word' id='word_1_470' title='bbox 2130 2180 2226 2248; x_wconf 89' lang='lat' dir='ltr'><strong>qui</strong></span> <span class='ocrx_word' id='word_1_471' title='bbox 2264 2178 2455 2233; x_wconf 89' lang='lat' dir='ltr'><strong>mundi</strong></span> <span class='ocrx_word' id='word_1_472' title='bbox 2485 2190 2763 2248; x_wconf 89' lang='lat' dir='ltr'><strong>peccatum</strong></span> <span class='ocrx_word' id='word_1_473' title='bbox 2807 2180 2966 2243; x_wconf 89' lang='lat' dir='ltr'><strong>tollit,</strong></span> <span class='ocrx_word' id='word_1_474' title='bbox 2994 2179 3273 2234; x_wconf 87' lang='lat' dir='ltr'><strong>Christum</strong></span> <span class='ocrx_word' id='word_1_475' title='bbox 3310 2179 3483 2235; x_wconf 87' lang='lat' dir='ltr'><strong>Deum</strong></span> 
     </span>
    </p>
   </div>
   <div class='ocr_carea' id='block_1_68' title="bbox 1908 2267 3479 2338">
    <p class='ocr_par' dir='ltr' id='par_1_68' title="bbox 1908 2267 3479 2338">
     <span class='ocr_line' id='line_1_68' title="bbox 1908 2267 3479 2338; baseline 0 -16"><span class='ocrx_word' id='word_1_476' title='bbox 1908 2277 2186 2330; x_wconf 88' lang='lat' dir='ltr'><strong>nostrum,</strong></span> <span class='ocrx_word' id='word_1_477' title='bbox 2220 2268 2340 2323; x_wconf 91' lang='lat' dir='ltr'><strong>loco</strong></span> <span class='ocrx_word' id='word_1_478' title='bbox 2372 2270 2570 2322; x_wconf 78' lang='lat' dir='ltr'><strong>veteris</strong></span> <span class='ocrx_word' id='word_1_479' title='bbox 2596 2268 2742 2338; x_wconf 86' lang='lat' dir='ltr'><strong>agni,</strong></span> <span class='ocrx_word' id='word_1_480' title='bbox 2774 2268 3010 2323; x_wconf 86' lang='lat' dir='ltr'><strong>humana</strong></span> <span class='ocrx_word' id='word_1_481' title='bbox 3045 2268 3275 2337; x_wconf 86' lang='lat' dir='ltr'><strong>posthac</strong></span> <span class='ocrx_word' id='word_1_482' title='bbox 3306 2267 3479 2322; x_wconf 76' lang='lat' dir='ltr'><strong>l‘orma</strong></span> 
     </span>
    </p>
   </div>
   <div class='ocr_carea' id='block_1_69' title="bbox 1905 2358 3485 2429">
    <p class='ocr_par' dir='ltr' id='par_1_69' title="bbox 1905 2358 3485 2429">
     <span class='ocr_line' id='line_1_69' title="bbox 1905 2358 3485 2429; baseline -0.001 -16"><span class='ocrx_word' id='word_1_483' title='bbox 1905 2359 2322 2429; x_wconf 77' lang='lat' dir='ltr'><strong>exprimendum</strong></span> <span class='ocrx_word' id='word_1_484' title='bbox 2400 2358 2742 2413; x_wconf 83' lang='lat' dir='ltr'><strong>decrevimus</strong></span> <span class='ocrx_word' id='word_1_485' title='bbox 2792 2375 2808 2413; x_wconf 93' lang='lat'><strong>:</strong></span> <span class='ocrx_word' id='word_1_486' title='bbox 2870 2369 2927 2413; x_wconf 88' lang='lat' dir='ltr'><strong>ut</strong></span> <span class='ocrx_word' id='word_1_487' title='bbox 2976 2372 3071 2429; x_wconf 86' lang='lat' dir='ltr'><strong>per</strong></span> <span class='ocrx_word' id='word_1_488' title='bbox 3123 2359 3485 2417; x_wconf 87' lang='lat' dir='ltr'><strong>humilitatem</strong></span> 
     </span>
    </p>
   </div>
   <div class='ocr_carea' id='block_1_70' title="bbox 1905 2445 3483 2517">
    <p class='ocr_par' dir='ltr' id='par_1_70' title="bbox 1905 2445 3483 2517">
     <span class='ocr_line' id='line_1_70' title="bbox 1905 2445 3483 2517; baseline -0.002 -14"><span class='ocrx_word' id='word_1_489' title='bbox 1905 2447 2207 2517; x_wconf 82' lang='lat' dir='ltr'><strong>c0gitemus</strong></span> <span class='ocrx_word' id='word_1_490' title='bbox 2244 2445 2338 2501; x_wconf 89' lang='lat' dir='ltr'><strong>Dei</strong></span> <span class='ocrx_word' id='word_1_491' title='bbox 2367 2445 2527 2501; x_wconf 81' lang='lat' dir='ltr'><strong>Verbi</strong></span> <span class='ocrx_word' id='word_1_492' title='bbox 2558 2447 2956 2510; x_wconf 88' lang='lat' dir='ltr'><strong>celsitudinem,</strong></span> <span class='ocrx_word' id='word_1_493' title='bbox 2988 2459 3039 2503; x_wconf 90' lang='lat' dir='ltr'><strong>et</strong></span> <span class='ocrx_word' id='word_1_494' title='bbox 3065 2448 3119 2503; x_wconf 92' lang='lat' dir='ltr'><strong>in</strong></span> <span class='ocrx_word' id='word_1_495' title='bbox 3162 2450 3483 2503; x_wconf 83' lang='lat' dir='ltr'><strong>memoriam</strong></span> 
     </span>
    </p>
   </div>
   <div class='ocr_carea' id='block_1_71' title="bbox 1905 2540 3486 2608">
    <p class='ocr_par' dir='ltr' id='par_1_71' title="bbox 1905 2540 3486 2608">
     <span class='ocr_line' id='line_1_71' title="bbox 1905 2540 3486 2608; baseline 0 -13"><span class='ocrx_word' id='word_1_496' title='bbox 1905 2540 2337 2595; x_wconf 87' lang='lat' dir='ltr'><strong>conversationis</strong></span> <span class='ocrx_word' id='word_1_497' title='bbox 2398 2540 2519 2608; x_wconf 89' lang='lat' dir='ltr'><strong>ejus</strong></span> <span class='ocrx_word' id='word_1_498' title='bbox 2566 2540 2621 2595; x_wconf 88' lang='lat' dir='ltr'><strong>in</strong></span> <span class='ocrx_word' id='word_1_499' title='bbox 2675 2556 2861 2604; x_wconf 85' lang='lat' dir='ltr'><strong>carne,</strong></span> <span class='ocrx_word' id='word_1_500' title='bbox 2909 2551 2964 2595; x_wconf 90' lang='lat' dir='ltr'><strong>et</strong></span> <span class='ocrx_word' id='word_1_501' title='bbox 3003 2542 3373 2604; x_wconf 87' lang='lat' dir='ltr'><strong>cruciatuum,</strong></span> <span class='ocrx_word' id='word_1_502' title='bbox 3422 2560 3486 2595; x_wconf 85' lang='lat' dir='ltr'><strong>ac</strong></span> 
     </span>
    </p>
   </div>
   <div class='ocr_carea' id='block_1_72' title="bbox 1904 2630 3486 2703">
    <p class='ocr_par' dir='ltr' id='par_1_72' title="bbox 1904 2630 3486 2703">
     <span class='ocr_line' id='line_1_72' title="bbox 1904 2630 3486 2703; baseline 0.003 -17"><span class='ocrx_word' id='word_1_503' title='bbox 1904 2631 2195 2686; x_wconf 73' lang='lat' dir='ltr'><strong>salutifera:</strong></span> <span class='ocrx_word' id='word_1_504' title='bbox 2220 2631 2406 2685; x_wconf 80' lang='lat' dir='ltr'><strong>mortis</strong></span> <span class='ocrx_word' id='word_1_505' title='bbox 2429 2630 2563 2698; x_wconf 86' lang='lat' dir='ltr'><strong>ejus,</strong></span> <span class='ocrx_word' id='word_1_506' title='bbox 2584 2646 2647 2684; x_wconf 86' lang='lat' dir='ltr'><strong>ex</strong></span> <span class='ocrx_word' id='word_1_507' title='bbox 2662 2645 2772 2701; x_wconf 91' lang='lat' dir='ltr'><strong>quo</strong></span> <span class='ocrx_word' id='word_1_508' title='bbox 2790 2632 2989 2685; x_wconf 87' lang='lat' dir='ltr'><strong>niumlo</strong></span> <span class='ocrx_word' id='word_1_509' title='bbox 3014 2633 3309 2703; x_wconf 83' lang='lat' dir='ltr'><strong>redemptio</strong></span> <span class='ocrx_word' id='word_1_510' title='bbox 3333 2644 3486 2703; x_wconf 88' lang='lat' dir='ltr'><strong>parta</strong></span> 
     </span>
    </p>
   </div>
   <div class='ocr_carea' id='block_1_73' title="bbox 1904 2722 3485 2787">
    <p class='ocr_par' dir='ltr' id='par_1_73' title="bbox 1904 2722 3485 2787">
     <span class='ocr_line' id='line_1_73' title="bbox 1904 2722 3485 2787; baseline 0.002 -11"><span class='ocrx_word' id='word_1_511' title='bbox 1904 2731 2007 2787; x_wconf 78' lang='lat' dir='ltr'><strong>est,</strong></span> <span class='ocrx_word' id='word_1_512' title='bbox 2036 2722 2382 2777; x_wconf 76' lang='lat' dir='ltr'><strong>reducantur.</strong></span> <span class='ocrx_word' id='word_1_513' title='bbox 2414 2722 2530 2778; x_wconf 82' lang='lat' dir='ltr'><strong>Hoc</strong></span> <span class='ocrx_word' id='word_1_514' title='bbox 2559 2725 2682 2777; x_wconf 90' lang='lat' dir='ltr'><strong>loco</strong></span> <span class='ocrx_word' id='word_1_515' title='bbox 2717 2724 2879 2779; x_wconf 89' lang='lat' dir='ltr'><strong>simul</strong></span> <span class='ocrx_word' id='word_1_516' title='bbox 2919 2740 3042 2779; x_wconf 91' lang='lat' dir='ltr'><strong>cum</strong></span> <span class='ocrx_word' id='word_1_517' title='bbox 3090 2724 3293 2779; x_wconf 84' lang='lat' dir='ltr'><strong>Christi</strong></span> <span class='ocrx_word' id='word_1_518' title='bbox 3345 2727 3485 2779; x_wconf 86' lang='lat' dir='ltr'><strong>ima-</strong></span> 
     </span>
    </p>
   </div>
   <div class='ocr_carea' id='block_1_74' title="bbox 1905 2812 3479 2886">
    <p class='ocr_par' dir='ltr' id='par_1_74' title="bbox 1905 2812 3479 2886">
     <span class='ocr_line' id='line_1_74' title="bbox 1905 2812 3479 2886; baseline 0.003 -22"><span class='ocrx_word' id='word_1_519' title='bbox 1905 2816 2030 2881; x_wconf 87' lang='lat' dir='ltr'><strong>gine</strong></span> <span class='ocrx_word' id='word_1_520' title='bbox 2066 2812 2133 2867; x_wconf 86' lang='lat' dir='ltr'><strong>de</strong></span> <span class='ocrx_word' id='word_1_521' title='bbox 2165 2813 2411 2866; x_wconf 90' lang='lat' dir='ltr'><strong>omnium</strong></span> <span class='ocrx_word' id='word_1_522' title='bbox 2441 2812 2609 2867; x_wconf 89' lang='lat' dir='ltr'><strong>etiam</strong></span> <span class='ocrx_word' id='word_1_523' title='bbox 2641 2825 2956 2868; x_wconf 83' lang='lat' dir='ltr'><strong>sanetorum</strong></span> <span class='ocrx_word' id='word_1_524' title='bbox 2995 2816 3326 2886; x_wconf 82' lang='lat' dir='ltr'><strong>imaginibus</strong></span> <span class='ocrx_word' id='word_1_525' title='bbox 3358 2832 3479 2871; x_wconf 81' lang='lat' dir='ltr'><strong>ser-</strong></span> 
     </span>
    </p>
   </div>
   <div class='ocr_carea' id='block_1_75' title="bbox 1906 2903 3485 2979">
    <p class='ocr_par' dir='ltr' id='par_1_75' title="bbox 1906 2903 3485 2979">
     <span class='ocr_line' id='line_1_75' title="bbox 1906 2903 3485 2979; baseline 0.005 -22"><span class='ocrx_word' id='word_1_526' title='bbox 1906 2919 1995 2958; x_wconf 89' lang='lat' dir='ltr'><strong>mo</strong></span> <span class='ocrx_word' id='word_1_527' title='bbox 2024 2913 2130 2959; x_wconf 92' lang='lat' dir='ltr'><strong>cst.</strong></span> <span class='ocrx_word' id='word_1_528' title='bbox 2186 2903 2432 2959; x_wconf 90' lang='lat' dir='ltr'><strong>Primum</strong></span> <span class='ocrx_word' id='word_1_529' title='bbox 2493 2907 2735 2977; x_wconf 83' lang='lat' dir='ltr'><strong>quidem,</strong></span> <span class='ocrx_word' id='word_1_530' title='bbox 2795 2910 2962 2977; x_wconf 89' lang='lat' dir='ltr'><strong>quod,</strong></span> <span class='ocrx_word' id='word_1_531' title='bbox 3019 2917 3277 2979; x_wconf 88' lang='lat' dir='ltr'><strong>tauquam</strong></span> <span class='ocrx_word' id='word_1_532' title='bbox 3324 2918 3485 2967; x_wconf 87' lang='lat' dir='ltr'><strong>antea</strong></span> 
     </span>
    </p>
   </div>
   <div class='ocr_carea' id='block_1_76' title="bbox 1908 2996 3485 3070">
    <p class='ocr_par' dir='ltr' id='par_1_76' title="bbox 1908 2996 3485 3070">
     <span class='ocr_line' id='line_1_76' title="bbox 1908 2996 3485 3070; baseline 0.004 -21"><span class='ocrx_word' id='word_1_533' title='bbox 1908 2996 2245 3065; x_wconf 88' lang='lat' dir='ltr'><strong>pingeretur,</strong></span> <span class='ocrx_word' id='word_1_534' title='bbox 2285 3006 2336 3051; x_wconf 91' lang='lat' dir='ltr'><strong>et</strong></span> <span class='ocrx_word' id='word_1_535' title='bbox 2366 2998 2476 3067; x_wconf 89' lang='lat' dir='ltr'><strong>jam</strong></span> <span class='ocrx_word' id='word_1_536' title='bbox 2527 2997 2820 3061; x_wconf 84' lang='lat' dir='ltr'><strong>desineret,</strong></span> <span class='ocrx_word' id='word_1_537' title='bbox 2856 3000 3050 3054; x_wconf 81' lang='lat' dir='ltr'><strong>veteris</strong></span> <span class='ocrx_word' id='word_1_538' title='bbox 3076 3001 3201 3070; x_wconf 83' lang='lat' dir='ltr'><strong>agni</strong></span> <span class='ocrx_word' id='word_1_539' title='bbox 3230 3002 3350 3055; x_wconf 93' lang='lat' dir='ltr'><strong>loco</strong></span> <span class='ocrx_word' id='word_1_540' title='bbox 3383 3016 3485 3055; x_wconf 77' lang='lat' dir='ltr'><strong>ex-</strong></span> 
     </span>
    </p>
   </div>
   <div class='ocr_carea' id='block_1_77' title="bbox 1906 3088 3483 3164">
    <p class='ocr_par' dir='ltr' id='par_1_77' title="bbox 1906 3088 3483 3164">
     <span class='ocr_line' id='line_1_77' title="bbox 1906 3088 3483 3164; baseline 0.005 -23"><span class='ocrx_word' id='word_1_541' title='bbox 1906 3088 2067 3157; x_wconf 89' lang='lat' dir='ltr'><strong>primi</strong></span> <span class='ocrx_word' id='word_1_542' title='bbox 2103 3104 2229 3144; x_wconf 83' lang='lat' dir='ltr'><strong>euin</strong></span> <span class='ocrx_word' id='word_1_543' title='bbox 2262 3089 2479 3160; x_wconf 90' lang='lat' dir='ltr'><strong>jubent.</strong></span> <span class='ocrx_word' id='word_1_544' title='bbox 2519 3089 2739 3157; x_wconf 84' lang='lat' dir='ltr'><strong>Deinde,</strong></span> <span class='ocrx_word' id='word_1_545' title='bbox 2769 3092 2914 3161; x_wconf 89' lang='lat' dir='ltr'><strong>quod</strong></span> <span class='ocrx_word' id='word_1_546' title='bbox 2942 3108 3049 3146; x_wconf 91' lang='lat' dir='ltr'><strong>non</strong></span> <span class='ocrx_word' id='word_1_547' title='bbox 3078 3096 3252 3147; x_wconf 90' lang='lat' dir='ltr'><strong>solum</strong></span> <span class='ocrx_word' id='word_1_548' title='bbox 3285 3095 3483 3164; x_wconf 85' lang='lat' dir='ltr'><strong>ample-</strong></span> 
     </span>
    </p>
   </div>
   <div class='ocr_carea' id='block_1_78' title="bbox 1908 3182 3482 3255">
    <p class='ocr_par' dir='ltr' id='par_1_78' title="bbox 1908 3182 3482 3255">
     <span class='ocr_line' id='line_1_78' title="bbox 1908 3182 3482 3255; baseline 0.004 -20"><span class='ocrx_word' id='word_1_549' title='bbox 1908 3182 2102 3235; x_wconf 87' lang='lat' dir='ltr'><strong>ctenda</strong></span> <span class='ocrx_word' id='word_1_550' title='bbox 2142 3182 2213 3236; x_wconf 88' lang='lat' dir='ltr'><strong>sit</strong></span> <span class='ocrx_word' id='word_1_551' title='bbox 2253 3182 2375 3251; x_wconf 90' lang='lat' dir='ltr'><strong>ejus</strong></span> <span class='ocrx_word' id='word_1_552' title='bbox 2417 3183 2618 3252; x_wconf 85' lang='lat' dir='ltr'><strong>imago,</strong></span> <span class='ocrx_word' id='word_1_553' title='bbox 2670 3183 2738 3236; x_wconf 87' lang='lat' dir='ltr'><strong>ad</strong></span> <span class='ocrx_word' id='word_1_554' title='bbox 2782 3200 2905 3238; x_wconf 86' lang='lat' dir='ltr'><strong>eum</strong></span> <span class='ocrx_word' id='word_1_555' title='bbox 2951 3185 3173 3239; x_wconf 90' lang='lat' dir='ltr'><strong>modum</strong></span> <span class='ocrx_word' id='word_1_556' title='bbox 3206 3200 3314 3254; x_wconf 90' lang='lat' dir='ltr'><strong>quo</strong></span> <span class='ocrx_word' id='word_1_557' title='bbox 3344 3185 3482 3255; x_wconf 71' lang='lat' dir='ltr'><strong>legis</strong></span> 
     </span>
    </p>
   </div>
   <div class='ocr_carea' id='block_1_79' title="bbox 1909 3274 3478 3344">
    <p class='ocr_par' dir='ltr' id='par_1_79' title="bbox 1909 3274 3478 3344">
     <span class='ocr_line' id='line_1_79' title="bbox 1909 3274 3478 3344; baseline 0.004 -18"><span class='ocrx_word' id='word_1_558' title='bbox 1909 3282 2047 3327; x_wconf 76' lang='lat' dir='ltr'><strong>nota:</strong></span> <span class='ocrx_word' id='word_1_559' title='bbox 2098 3283 2152 3328; x_wconf 90' lang='lat' dir='ltr'><strong>et</strong></span> <span class='ocrx_word' id='word_1_560' title='bbox 2191 3274 2341 3344; x_wconf 90' lang='lat' dir='ltr'><strong>signa</strong></span> <span class='ocrx_word' id='word_1_561' title='bbox 2396 3275 2767 3343; x_wconf 83' lang='lat' dir='ltr'><strong>amplectenda</strong></span> <span class='ocrx_word' id='word_1_562' title='bbox 2814 3278 3115 3339; x_wconf 89' lang='lat' dir='ltr'><strong>dicuntur,</strong></span> <span class='ocrx_word' id='word_1_563' title='bbox 3166 3279 3261 3331; x_wconf 90' lang='lat' dir='ltr'><strong>sed</strong></span> <span class='ocrx_word' id='word_1_564' title='bbox 3315 3280 3478 3333; x_wconf 86' lang='lat' dir='ltr'><strong>etiam</strong></span> 
     </span>
    </p>
   </div>
   <div class='ocr_carea' id='block_1_80' title="bbox 1907 3367 3482 3441">
    <p class='ocr_par' dir='ltr' id='par_1_80' title="bbox 1907 3367 3482 3441">
     <span class='ocr_line' id='line_1_80' title="bbox 1907 3367 3482 3441; baseline 0.004 -23"><span class='ocrx_word' id='word_1_565' title='bbox 1907 3367 2211 3429; x_wconf 86' lang='lat' dir='ltr'><strong>adoranda,</strong></span> <span class='ocrx_word' id='word_1_566' title='bbox 2275 3375 2388 3422; x_wconf 91' lang='lat' dir='ltr'><strong>tum</strong></span> <span class='ocrx_word' id='word_1_567' title='bbox 2453 3368 2644 3437; x_wconf 85' lang='lat' dir='ltr'><strong>ipsius,</strong></span> <span class='ocrx_word' id='word_1_568' title='bbox 2698 3380 2811 3422; x_wconf 91' lang='lat' dir='ltr'><strong>tum</strong></span> <span class='ocrx_word' id='word_1_569' title='bbox 2875 3369 3304 3441; x_wconf 86' lang='lat' dir='ltr'><strong>uniuscujusque</strong></span> <span class='ocrx_word' id='word_1_570' title='bbox 3353 3386 3482 3426; x_wconf 85' lang='lat' dir='ltr'><strong>san-</strong></span> 
     </span>
    </p>
   </div>
   <div class='ocr_carea' id='block_1_81' title="bbox 1906 3465 2140 3512">
    <p class='ocr_par' dir='ltr' id='par_1_81' title="bbox 1906 3465 2140 3512">
     <span class='ocr_line' id='line_1_81' title="bbox 1906 3465 2140 3512; baseline 0.009 -2"><span class='ocrx_word' id='word_1_571' title='bbox 1906 3465 2140 3512; x_wconf 85' lang='lat' dir='ltr'><strong>ctorutu.</strong></span> 
     </span>
    </p>
   </div>
   <div class='ocr_carea' id='block_1_82' title="bbox 1974 3718 3478 3795">
    <p class='ocr_par' dir='ltr' id='par_1_82' title="bbox 1974 3718 3478 3795">
     <span class='ocr_line' id='line_1_82' title="bbox 1974 3718 3478 3795; baseline 0.008 -23"><span class='ocrx_word' id='word_1_572' title='bbox 1974 3718 2324 3774; x_wconf 74' lang='lat' dir='ltr'><strong>Manifestum</strong></span> <span class='ocrx_word' id='word_1_573' title='bbox 2354 3720 2497 3775; x_wconf 91' lang='lat' dir='ltr'><strong>enim</strong></span> <span class='ocrx_word' id='word_1_574' title='bbox 2533 3733 2617 3776; x_wconf 88' lang='lat' dir='ltr'><strong>est</strong></span> <span class='ocrx_word' id='word_1_575' title='bbox 2652 3739 3041 3779; x_wconf 87' lang='lat' dir='ltr'><strong>concessurum</strong></span> <span class='ocrx_word' id='word_1_576' title='bbox 3084 3728 3353 3795; x_wconf 84' lang='lat' dir='ltr'><strong>quemvis,</strong></span> <span class='ocrx_word' id='word_1_577' title='bbox 3386 3746 3478 3784; x_wconf 86' lang='lat' dir='ltr'><strong>ve-</strong></span> 
     </span>
    </p>
   </div>
   <div class='ocr_carea' id='block_1_83' title="bbox 1905 3809 3477 3882">
    <p class='ocr_par' dir='ltr' id='par_1_83' title="bbox 1905 3809 3477 3882">
     <span class='ocr_line' id='line_1_83' title="bbox 1905 3809 3477 3882; baseline 0.009 -21"><span class='ocrx_word' id='word_1_578' title='bbox 1905 3809 2207 3861; x_wconf 84' lang='lat' dir='ltr'><strong>nerandum</strong></span> <span class='ocrx_word' id='word_1_579' title='bbox 2252 3811 2395 3877; x_wconf 89' lang='lat' dir='ltr'><strong>quod</strong></span> <span class='ocrx_word' id='word_1_580' title='bbox 2447 3811 2682 3876; x_wconf 88' lang='lat' dir='ltr'><strong>dicatur,</strong></span> <span class='ocrx_word' id='word_1_581' title='bbox 2738 3814 2879 3868; x_wconf 84' lang='lat' dir='ltr'><strong>idem</strong></span> <span class='ocrx_word' id='word_1_582' title='bbox 2933 3815 3039 3869; x_wconf 88' lang='lat' dir='ltr'><strong>dici</strong></span> <span class='ocrx_word' id='word_1_583' title='bbox 3093 3818 3477 3882; x_wconf 84' lang='lat' dir='ltr'><strong>adorandum;</strong></span> 
     </span>
    </p>
   </div>
   <div class='ocr_carea' id='block_1_84' title="bbox 1903 3900 3478 3979">
    <p class='ocr_par' dir='ltr' id='par_1_84' title="bbox 1903 3900 3478 3979">
     <span class='ocr_line' id='line_1_84' title="bbox 1903 3900 3478 3979; baseline 0.006 -26"><span class='ocrx_word' id='word_1_584' title='bbox 1903 3900 2141 3970; x_wconf 87' lang='lat' dir='ltr'><strong>itemque</strong></span> <span class='ocrx_word' id='word_1_585' title='bbox 2170 3902 2312 3969; x_wconf 87' lang='lat' dir='ltr'><strong>quod</strong></span> <span class='ocrx_word' id='word_1_586' title='bbox 2350 3903 2530 3957; x_wconf 89' lang='lat' dir='ltr'><strong>omnis</strong></span> <span class='ocrx_word' id='word_1_587' title='bbox 2579 3904 2759 3972; x_wconf 81' lang='lat' dir='ltr'><strong>imago</strong></span> <span class='ocrx_word' id='word_1_588' title='bbox 2818 3906 3144 3975; x_wconf 85' lang='lat' dir='ltr'><strong>homonyme</strong></span> <span class='ocrx_word' id='word_1_589' title='bbox 3178 3923 3300 3961; x_wconf 88' lang='lat' dir='ltr'><strong>cum</strong></span> <span class='ocrx_word' id='word_1_590' title='bbox 3348 3925 3478 3979; x_wconf 88' lang='lat' dir='ltr'><strong>pro-</strong></span> 
     </span>
    </p>
   </div>
   <div class='ocr_carea' id='block_1_85' title="bbox 1903 3996 3475 4069">
    <p class='ocr_par' dir='ltr' id='par_1_85' title="bbox 1903 3996 3475 4069">
     <span class='ocr_line' id='line_1_85' title="bbox 1903 3996 3475 4069; baseline 0.008 -26"><span class='ocrx_word' id='word_1_591' title='bbox 1903 3999 2089 4062; x_wconf 82' lang='lat' dir='ltr'><strong>totypo</strong></span> <span class='ocrx_word' id='word_1_592' title='bbox 2114 4008 2215 4046; x_wconf 89' lang='lat' dir='ltr'><strong>suo</strong></span> <span class='ocrx_word' id='word_1_593' title='bbox 2250 4005 2581 4061; x_wconf 87' lang='lat' dir='ltr'><strong>nuncupetui</strong></span> <span class='ocrx_word' id='word_1_594' title='bbox 2625 4010 2639 4059; x_wconf 91' lang='lat'><strong>;</strong></span> <span class='ocrx_word' id='word_1_595' title='bbox 2680 4010 2803 4048; x_wconf 90' lang='lat' dir='ltr'><strong>cum</strong></span> <span class='ocrx_word' id='word_1_596' title='bbox 2833 3996 3031 4051; x_wconf 88' lang='lat' dir='ltr'><strong>dicitur</strong></span> <span class='ocrx_word' id='word_1_597' title='bbox 3063 4016 3075 4050; x_wconf 91' lang='lat'><strong>:</strong></span> <span class='ocrx_word' id='word_1_598' title='bbox 3114 4017 3133 4049; x_wconf 75' lang='grc' dir='ltr'><strong>ι</strong></span> <span class='ocrx_word' id='word_1_599' title='bbox 3168 3998 3357 4069; x_wconf 85' lang='lat' dir='ltr'><strong>Agnus</strong></span> <span class='ocrx_word' id='word_1_600' title='bbox 3385 4018 3475 4056; x_wconf 76' lang='lat' dir='ltr'><strong>ex-</strong></span> 
     </span>
    </p>
   </div>
   <div class='ocr_carea' id='block_1_86' title="bbox 1901 4083 3471 4156">
    <p class='ocr_par' dir='ltr' id='par_1_86' title="bbox 1901 4083 3471 4156">
     <span class='ocr_line' id='line_1_86' title="bbox 1901 4083 3471 4156; baseline 0.005 -21"><span class='ocrx_word' id='word_1_601' title='bbox 1901 4083 2179 4152; x_wconf 89' lang='lat' dir='ltr'><strong>primitur,</strong></span> <span class='ocrx_word' id='word_1_602' title='bbox 2234 4099 2395 4154; x_wconf 88' lang='lat' dir='ltr'><strong>quem</strong></span> <span class='ocrx_word' id='word_1_603' title='bbox 2444 4083 2757 4140; x_wconf 72' lang='lat' dir='ltr'><strong>Praecursor</strong></span> <span class='ocrx_word' id='word_1_604' title='bbox 2803 4088 2970 4156; x_wconf 85' lang='lat' dir='ltr'><strong>digito</strong></span> <span class='ocrx_word' id='word_1_605' title='bbox 3015 4088 3398 4146; x_wconf 89' lang='lat' dir='ltr'><strong>demonstrat.</strong></span> <span class='ocrx_word' id='word_1_606' title='bbox 3453 4112 3471 4143; x_wconf 78' lang='grc' dir='ltr'><strong>ι</strong></span> 
     </span>
    </p>
   </div>
   <div class='ocr_carea' id='block_1_87' title="bbox 1900 4176 3473 4253">
    <p class='ocr_par' dir='ltr' id='par_1_87' title="bbox 1900 4176 3473 4253">
     <span class='ocr_line' id='line_1_87' title="bbox 1900 4176 3473 4253; baseline 0.007 -25"><span class='ocrx_word' id='word_1_607' title='bbox 1900 4176 2183 4242; x_wconf 85' lang='lat' dir='ltr'><strong>Quomodo</strong></span> <span class='ocrx_word' id='word_1_608' title='bbox 2204 4186 2257 4233; x_wconf 89' lang='lat' dir='ltr'><strong>et</strong></span> <span class='ocrx_word' id='word_1_609' title='bbox 2283 4177 2499 4234; x_wconf 85' lang='lat' dir='ltr'><strong>divinus</strong></span> <span class='ocrx_word' id='word_1_610' title='bbox 2529 4177 2823 4250; x_wconf 82' lang='lat' dir='ltr'><strong>Gregorius</strong></span> <span class='ocrx_word' id='word_1_611' title='bbox 2853 4178 3129 4252; x_wconf 80' lang='lat' dir='ltr'><strong>Nyssenus</strong></span> <span class='ocrx_word' id='word_1_612' title='bbox 3152 4185 3387 4253; x_wconf 89' lang='lat' dir='ltr'><strong>quodam</strong></span> <span class='ocrx_word' id='word_1_613' title='bbox 3420 4185 3473 4239; x_wconf 92' lang='lat' dir='ltr'><strong>in</strong></span> 
     </span>
    </p>
   </div>
   <div class='ocr_carea' id='block_1_88' title="bbox 1900 4269 3471 4344">
    <p class='ocr_par' dir='ltr' id='par_1_88' title="bbox 1900 4269 3471 4344">
     <span class='ocr_line' id='line_1_88' title="bbox 1900 4269 3471 4344; baseline 0.004 -20"><span class='ocrx_word' id='word_1_614' title='bbox 1900 4270 2021 4325; x_wconf 89' lang='lat' dir='ltr'><strong>loco</strong></span> <span class='ocrx_word' id='word_1_615' title='bbox 2042 4274 2116 4324; x_wconf 90' lang='lat' dir='ltr'><strong>ait</strong></span> <span class='ocrx_word' id='word_1_616' title='bbox 2135 4272 2177 4303; x_wconf 81' lang='grc'><strong>⁶⁹</strong></span> <span class='ocrx_word' id='word_1_617' title='bbox 2200 4288 2214 4324; x_wconf 89' lang='lat'><strong>:</strong></span> <span class='ocrx_word' id='word_1_618' title='bbox 2241 4289 2260 4321; x_wconf 86' lang='grc'><strong>‹</strong></span> <span class='ocrx_word' id='word_1_619' title='bbox 2280 4269 2597 4326; x_wconf 89' lang='lat' dir='ltr'><strong>Procumbit</strong></span> <span class='ocrx_word' id='word_1_620' title='bbox 2617 4273 2763 4326; x_wconf 90' lang='lat' dir='ltr'><strong>Isaac</strong></span> <span class='ocrx_word' id='word_1_621' title='bbox 2800 4289 2981 4328; x_wconf 83' lang='lat' dir='ltr'><strong>coram</strong></span> <span class='ocrx_word' id='word_1_622' title='bbox 3002 4285 3154 4344; x_wconf 87' lang='lat' dir='ltr'><strong>patre</strong></span> <span class='ocrx_word' id='word_1_623' title='bbox 3172 4278 3237 4331; x_wconf 87' lang='lat' dir='ltr'><strong>ad</strong></span> <span class='ocrx_word' id='word_1_624' title='bbox 3255 4294 3428 4333; x_wconf 89' lang='lat' dir='ltr'><strong>aram.</strong></span> <span class='ocrx_word' id='word_1_625' title='bbox 3452 4300 3471 4331; x_wconf 71' lang='grc' dir='ltr'><strong>ι</strong></span> 
     </span>
    </p>
   </div>
   <div class='ocr_carea' id='block_1_89' title="bbox 1903 4360 3479 4432">
    <p class='ocr_par' dir='ltr' id='par_1_89' title="bbox 1903 4360 3479 4432">
     <span class='ocr_line' id='line_1_89' title="bbox 1903 4360 3479 4432; baseline 0.008 -20"><span class='ocrx_word' id='word_1_626' title='bbox 1903 4360 2017 4414; x_wconf 81' lang='lat' dir='ltr'><strong>Vox</strong></span> <span class='ocrx_word' id='word_1_627' title='bbox 2070 4360 2313 4426; x_wconf 88' lang='lat' dir='ltr'><strong>Patrum,</strong></span> <span class='ocrx_word' id='word_1_628' title='bbox 2361 4364 2453 4432; x_wconf 87' lang='lat' dir='ltr'><strong>qui</strong></span> <span class='ocrx_word' id='word_1_629' title='bbox 2492 4363 2793 4419; x_wconf 64' lang='lat' dir='ltr'><strong>Antiochiae</strong></span> <span class='ocrx_word' id='word_1_630' title='bbox 2845 4378 3260 4422; x_wconf 88' lang='lat' dir='ltr'><strong>convenerunt:</strong></span> <span class='ocrx_word' id='word_1_631' title='bbox 3299 4388 3315 4421; x_wconf 83' lang='grc' dir='ltr'><strong>ι</strong></span> <span class='ocrx_word' id='word_1_632' title='bbox 3357 4369 3479 4425; x_wconf 86' lang='lat' dir='ltr'><strong>Non</strong></span> 
     </span>
    </p>
   </div>
   <div class='ocr_carea' id='block_1_90' title="bbox 1903 4457 3474 4531">
    <p class='ocr_par' dir='ltr' id='par_1_90' title="bbox 1903 4457 3474 4531">
     <span class='ocr_line' id='line_1_90' title="bbox 1903 4457 3474 4531; baseline 0.004 -21"><span class='ocrx_word' id='word_1_633' title='bbox 1903 4466 2158 4525; x_wconf 87' lang='lat' dir='ltr'><strong>tauquam</strong></span> <span class='ocrx_word' id='word_1_634' title='bbox 2192 4459 2421 4510; x_wconf 86' lang='lat' dir='ltr'><strong>alterum</strong></span> <span class='ocrx_word' id='word_1_635' title='bbox 2452 4457 2647 4521; x_wconf 80' lang='lat' dir='ltr'><strong>forma,</strong></span> <span class='ocrx_word' id='word_1_636' title='bbox 2680 4458 2774 4511; x_wconf 91' lang='lat' dir='ltr'><strong>sed</strong></span> <span class='ocrx_word' id='word_1_637' title='bbox 2800 4466 3058 4529; x_wconf 88' lang='lat' dir='ltr'><strong>tanquam</strong></span> <span class='ocrx_word' id='word_1_638' title='bbox 3088 4476 3256 4515; x_wconf 91' lang='lat' dir='ltr'><strong>unum</strong></span> <span class='ocrx_word' id='word_1_639' title='bbox 3299 4462 3474 4531; x_wconf 88' lang='lat' dir='ltr'><strong>ipsmu</strong></span> 
     </span>
    </p>
   </div>
   <div class='ocr_carea' id='block_1_91' title="bbox 227 4538 1806 4639">
    <p class='ocr_par' dir='ltr' id='par_1_91' title="bbox 227 4538 1798 4631">
     <span class='ocr_line' id='line_1_91' title="bbox 227 4538 1798 4631; baseline 0.017 -42"><span class='ocrx_word' id='word_1_640' title='bbox 227 4538 356 4590; x_wconf 83' lang='grc' dir='ltr'>καθ’</span> <span class='ocrx_word' id='word_1_641' title='bbox 394 4540 453 4595; x_wconf 82' lang='grc' dir='ltr'>ὃν</span> <span class='ocrx_word' id='word_1_642' title='bbox 502 4546 594 4595; x_wconf 74' lang='grc' dir='ltr'>καὶ</span> <span class='ocrx_word' id='word_1_643' title='bbox 620 4548 910 4618; x_wconf 74' lang='grc' dir='ltr'>χαρακτὴρ</span> <span class='ocrx_word' id='word_1_644' title='bbox 940 4545 1019 4612; x_wconf 73' lang='grc' dir='ltr'>εἷς</span> <span class='ocrx_word' id='word_1_645' title='bbox 1054 4554 1314 4620; x_wconf 85' lang='grc' dir='ltr'>πεφυκὼς</span> <span class='ocrx_word' id='word_1_646' title='bbox 1336 4557 1434 4627; x_wconf 61' lang='grc' dir='ltr'><strong>⁸γῆς</strong></span> <span class='ocrx_word' id='word_1_647' title='bbox 1456 4558 1549 4616; x_wconf 89' lang='grc' dir='ltr'><strong>τοῦ</strong></span> <span class='ocrx_word' id='word_1_648' title='bbox 1580 4561 1798 4631; x_wconf 72' lang='grc' dir='ltr'>Πατρός</span> 
     </span>
    </p>
   </div>
   <div class='ocr_carea' id='block_1_92' title="bbox 1905 4538 3477 4639">
    <p class='ocr_par' dir='ltr' id='par_1_92' title="bbox 1906 4549 3477 4622">
     <span class='ocr_line' id='line_1_92' title="bbox 1906 4549 3477 4622; baseline 0.004 -21"><span class='ocrx_word' id='word_1_649' title='bbox 1906 4549 2191 4604; x_wconf 81' lang='lat' dir='ltr'><strong>Dominum</strong></span> <span class='ocrx_word' id='word_1_650' title='bbox 2246 4550 2300 4602; x_wconf 91' lang='lat' dir='ltr'><strong>in</strong></span> <span class='ocrx_word' id='word_1_651' title='bbox 2343 4564 2445 4603; x_wconf 80' lang='lat' dir='ltr'><strong>una</strong></span> <span class='ocrx_word' id='word_1_652' title='bbox 2495 4551 2666 4602; x_wconf 78' lang='lat' dir='ltr'><strong>forma</strong></span> <span class='ocrx_word' id='word_1_653' title='bbox 2690 4552 3039 4605; x_wconf 83' lang='lat' dir='ltr'><strong>exsistentem</strong></span> <span class='ocrx_word' id='word_1_654' title='bbox 3068 4570 3081 4609; x_wconf 85' lang='lat'><strong>:</strong></span> <span class='ocrx_word' id='word_1_655' title='bbox 3116 4556 3390 4622; x_wconf 86' lang='lat' dir='ltr'><strong>quomodo</strong></span> <span class='ocrx_word' id='word_1_656' title='bbox 3423 4566 3477 4608; x_wconf 87' lang='lat' dir='ltr'><strong>et</strong></span> 
     </span>
    </p>
   </div>
   <div class='ocr_carea' id='block_1_93' title="bbox 224 4630 1795 4726">
    <p class='ocr_par' dir='ltr' id='par_1_93' title="bbox 224 4630 1795 4726">
     <span class='ocr_line' id='line_1_93' title="bbox 224 4630 1795 4726; baseline 0.015 -43"><span class='ocrx_word' id='word_1_657' title='bbox 224 4630 600 4701; x_wconf 77' lang='grc' dir='ltr'>ὑποστάσεως,</span> <span class='ocrx_word' id='word_1_658' title='bbox 649 4640 742 4691; x_wconf 71' lang='grc' dir='ltr'><strong>καὶ</strong></span> <span class='ocrx_word' id='word_1_659' title='bbox 780 4640 886 4709; x_wconf 82' lang='grc' dir='ltr'>πρὸ</span> <span class='ocrx_word' id='word_1_660' title='bbox 918 4644 1119 4714; x_wconf 83' lang='grc' dir='ltr'>σαρκὸς</span> <span class='ocrx_word' id='word_1_661' title='bbox 1154 4647 1464 4717; x_wconf 85' lang='grc' dir='ltr'>ἀσώματος,</span> <span class='ocrx_word' id='word_1_662' title='bbox 1504 4647 1582 4714; x_wconf 77' lang='grc' dir='ltr'>εἷς</span> <span class='ocrx_word' id='word_1_663' title='bbox 1615 4670 1671 4706; x_wconf 83' lang='grc' dir='ltr'><strong>τε</strong></span> <span class='ocrx_word' id='word_1_664' title='bbox 1706 4650 1795 4726; x_wconf 76' lang='grc' dir='ltr'>ἦν,</span> 
     </span>
    </p>
   </div>
   <div class='ocr_carea' id='block_1_94' title="bbox 225 4725 1798 4810">
    <p class='ocr_par' dir='ltr' id='par_1_94' title="bbox 225 4725 1798 4810">
     <span class='ocr_line' id='line_1_94' title="bbox 225 4725 1798 4810; baseline 0.016 -36"><span class='ocrx_word' id='word_1_665' title='bbox 225 4727 329 4775; x_wconf 65' lang='grc' dir='ltr'><strong>καὶ</strong></span> <span class='ocrx_word' id='word_1_666' title='bbox 378 4727 435 4777; x_wconf 82' lang='grc' dir='ltr'>ὲν</span> <span class='ocrx_word' id='word_1_667' title='bbox 496 4731 661 4800; x_wconf 73' lang='grc' dir='ltr'>σαρκὶ</span> <span class='ocrx_word' id='word_1_668' title='bbox 713 4725 794 4794; x_wconf 82' lang='grc' dir='ltr'>εἷς</span> <span class='ocrx_word' id='word_1_669' title='bbox 843 4734 979 4794; x_wconf 78' lang='grc' dir='ltr'>ἐστι,</span> <span class='ocrx_word' id='word_1_670' title='bbox 1040 4739 1134 4789; x_wconf 77' lang='grc' dir='ltr'><strong>καὶ</strong></span> <span class='ocrx_word' id='word_1_671' title='bbox 1163 4739 1221 4790; x_wconf 84' lang='grc' dir='ltr'>ἐν</span> <span class='ocrx_word' id='word_1_672' title='bbox 1273 4741 1684 4809; x_wconf 84' lang='grc' dir='ltr'>είκόνιόαύτὸς</span> <span class='ocrx_word' id='word_1_673' title='bbox 1718 4725 1798 4810; x_wconf 76' lang='grc' dir='ltr'>εἷς</span> 
     </span>
    </p>
   </div>
   <div class='ocr_carea' id='block_1_95' title="bbox 226 4816 1796 4907">
    <p class='ocr_par' dir='ltr' id='par_1_95' title="bbox 226 4816 1796 4907">
     <span class='ocr_line' id='line_1_95' title="bbox 226 4816 1796 4907; baseline 0.015 -40"><span class='ocrx_word' id='word_1_674' title='bbox 226 4816 484 4886; x_wconf 78' lang='grc' dir='ltr'>ὑπάρχει,</span> <span class='ocrx_word' id='word_1_675' title='bbox 511 4821 586 4890; x_wconf 82' lang='grc' dir='ltr'>μὴ</span> <span class='ocrx_word' id='word_1_676' title='bbox 618 4820 993 4894; x_wconf 84' lang='grc' dir='ltr'>διαιρούμενος</span> <span class='ocrx_word' id='word_1_677' title='bbox 1019 4829 1097 4891; x_wconf 87' lang='grc' dir='ltr'><strong>είς</strong></span> <span class='ocrx_word' id='word_1_678' title='bbox 1126 4828 1220 4882; x_wconf 78' lang='grc' dir='ltr'><strong>δύο</strong></span> <span class='ocrx_word' id='word_1_679' title='bbox 1250 4837 1624 4906; x_wconf 81' lang='grc' dir='ltr'>χαρακτῆρας·</span> <span class='ocrx_word' id='word_1_680' title='bbox 1660 4838 1796 4907; x_wconf 78' lang='grc' dir='ltr'>μήτε</span> 
     </span>
    </p>
   </div>
   <div class='ocr_carea' id='block_1_96' title="bbox 223 4908 1795 4997">
    <p class='ocr_par' dir='ltr' id='par_1_96' title="bbox 223 4908 1795 4997">
     <span class='ocr_line' id='line_1_96' title="bbox 223 4908 1795 4997; baseline 0.017 -39"><span class='ocrx_word' id='word_1_681' title='bbox 223 4908 283 4961; x_wconf 82' lang='grc' dir='ltr'>δὲ</span> <span class='ocrx_word' id='word_1_682' title='bbox 324 4910 641 4981; x_wconf 76' lang='grc' dir='ltr'>σχιζόμενος</span> <span class='ocrx_word' id='word_1_683' title='bbox 676 4917 755 4977; x_wconf 89' lang='grc' dir='ltr'><strong>εἰς</strong></span> <span class='ocrx_word' id='word_1_684' title='bbox 800 4916 891 4970; x_wconf 87' lang='grc' dir='ltr'><strong>δύο</strong></span> <span class='ocrx_word' id='word_1_685' title='bbox 923 4922 1301 4993; x_wconf 82' lang='grc' dir='ltr'>χαρακτῆρας·</span> <span class='ocrx_word' id='word_1_686' title='bbox 1343 4927 1479 4996; x_wconf 81' lang='grc' dir='ltr'>μήτε</span> <span class='ocrx_word' id='word_1_687' title='bbox 1524 4928 1578 4980; x_wconf 79' lang='grc' dir='ltr'>δὲ</span> <span class='ocrx_word' id='word_1_688' title='bbox 1615 4930 1795 4997; x_wconf 74' lang='grc' dir='ltr'>σχιζό-</span> 
     </span>
    </p>
   </div>
   <div class='ocr_carea' id='block_1_97' title="bbox 229 5004 1788 5091">
    <p class='ocr_par' dir='ltr' id='par_1_97' title="bbox 229 5004 1788 5091">
     <span class='ocr_line' id='line_1_97' title="bbox 229 5004 1788 5091; baseline 0.014 -40"><span class='ocrx_word' id='word_1_689' title='bbox 229 5018 391 5070; x_wconf 79' lang='grc' dir='ltr'>μενος</span> <span class='ocrx_word' id='word_1_690' title='bbox 432 5004 513 5067; x_wconf 84' lang='grc' dir='ltr'><strong>είς</strong></span> <span class='ocrx_word' id='word_1_691' title='bbox 560 5006 653 5059; x_wconf 87' lang='grc' dir='ltr'><strong>δύο</strong></span> <span class='ocrx_word' id='word_1_692' title='bbox 698 5008 874 5073; x_wconf 78' lang='grc' dir='ltr'><strong>δόξας⁸</strong></span> <span class='ocrx_word' id='word_1_693' title='bbox 909 5013 1024 5066; x_wconf 83' lang='grc' dir='ltr'>ἀλλ’</span> <span class='ocrx_word' id='word_1_694' title='bbox 1061 5017 1142 5077; x_wconf 89' lang='grc' dir='ltr'><strong>εἰς</strong></span> <span class='ocrx_word' id='word_1_695' title='bbox 1174 5016 1305 5086; x_wconf 86' lang='grc' dir='ltr'>μίαν</span> <span class='ocrx_word' id='word_1_696' title='bbox 1342 5020 1728 5091; x_wconf 83' lang='grc' dir='ltr'>συναγόμενος,</span> <span class='ocrx_word' id='word_1_697' title='bbox 1770 5044 1788 5073; x_wconf 68' lang='grc' dir='ltr'><strong>υ</strong></span> 
     </span>
    </p>
   </div>
   <div class='ocr_carea' id='block_1_98' title="bbox 228 5093 1793 5177">
    <p class='ocr_par' dir='ltr' id='par_1_98' title="bbox 228 5093 1793 5177">
     <span class='ocr_line' id='line_1_98' title="bbox 228 5093 1793 5177; baseline 0.016 -34"><span class='ocrx_word' id='word_1_698' title='bbox 228 5093 337 5147; x_wconf 75' lang='grc' dir='ltr'><strong>Καὶ</strong></span> <span class='ocrx_word' id='word_1_699' title='bbox 365 5094 484 5162; x_wconf 83' lang='grc' dir='ltr'>μεθ’</span> <span class='ocrx_word' id='word_1_700' title='bbox 518 5096 704 5168; x_wconf 71' lang='grc' dir='ltr'>ἕτερα.</span> <span class='ocrx_word' id='word_1_701' title='bbox 751 5119 769 5153; x_wconf 77' lang='grc' dir='ltr'><strong>ι</strong></span> <span class='ocrx_word' id='word_1_702' title='bbox 814 5101 955 5155; x_wconf 78' lang='grc' dir='ltr'>Ἀλλ’</span> <span class='ocrx_word' id='word_1_703' title='bbox 992 5104 1180 5177; x_wconf 83' lang='grc' dir='ltr'>ὥσπερ</span> <span class='ocrx_word' id='word_1_704' title='bbox 1220 5109 1382 5172; x_wconf 74' lang='grc' dir='ltr'>αὐτὸς</span> <span class='ocrx_word' id='word_1_705' title='bbox 1428 5105 1508 5174; x_wconf 78' lang='grc' dir='ltr'>εἷς</span> <span class='ocrx_word' id='word_1_706' title='bbox 1552 5115 1698 5166; x_wconf 79' lang='grc' dir='ltr'>ἐστιν</span> <span class='ocrx_word' id='word_1_707' title='bbox 1728 5117 1793 5168; x_wconf 83' lang='grc' dir='ltr'>ἐκ</span> 
     </span>
    </p>
   </div>
   <div class='ocr_carea' id='block_1_99' title="bbox 225 5185 1791 5273">
    <p class='ocr_par' dir='ltr' id='par_1_99' title="bbox 225 5185 1791 5273">
     <span class='ocr_line' id='line_1_99' title="bbox 225 5185 1791 5273; baseline 0.015 -36"><span class='ocrx_word' id='word_1_708' title='bbox 225 5185 322 5237; x_wconf 79' lang='grc' dir='ltr'><strong>δύο</strong></span> <span class='ocrx_word' id='word_1_709' title='bbox 346 5187 454 5239; x_wconf 86' lang='grc' dir='ltr'>τῶν</span> <span class='ocrx_word' id='word_1_710' title='bbox 487 5189 767 5255; x_wconf 76' lang='grc' dir='ltr'>ἐναντίων,</span> <span class='ocrx_word' id='word_1_711' title='bbox 804 5197 899 5247; x_wconf 76' lang='grc' dir='ltr'>καὶ</span> <span class='ocrx_word' id='word_1_712' title='bbox 941 5198 1021 5261; x_wconf 79' lang='grc' dir='ltr'><strong>εἰς</strong></span> <span class='ocrx_word' id='word_1_713' title='bbox 1056 5196 1113 5253; x_wconf 81' lang='grc' dir='ltr'>ἓν</span> <span class='ocrx_word' id='word_1_714' title='bbox 1140 5203 1431 5267; x_wconf 85' lang='grc' dir='ltr'>συνάγεται</span> <span class='ocrx_word' id='word_1_715' title='bbox 1464 5206 1791 5273; x_wconf 77' lang='grc' dir='ltr'>πρόσωπονν</span> 
     </span>
    </p>
   </div>
   <div class='ocr_carea' id='block_1_100' title="bbox 226 5277 1793 5358">
    <p class='ocr_par' dir='ltr' id='par_1_100' title="bbox 226 5277 1793 5358">
     <span class='ocr_line' id='line_1_100' title="bbox 226 5277 1793 5358; baseline 0.014 -28"><span class='ocrx_word' id='word_1_716' title='bbox 226 5277 370 5333; x_wconf 81' lang='grc' dir='ltr'>οὕτω</span> <span class='ocrx_word' id='word_1_717' title='bbox 402 5283 496 5334; x_wconf 76' lang='grc' dir='ltr'>καὶ</span> <span class='ocrx_word' id='word_1_718' title='bbox 536 5285 571 5354; x_wconf 84' lang='grc' dir='ltr'><strong>ή</strong></span> <span class='ocrx_word' id='word_1_719' title='bbox 606 5283 770 5338; x_wconf 85' lang='grc' dir='ltr'>είκὼν</span> <span class='ocrx_word' id='word_1_720' title='bbox 798 5287 961 5341; x_wconf 84' lang='grc' dir='ltr'>αὑτοῦ</span> <span class='ocrx_word' id='word_1_721' title='bbox 993 5289 1089 5358; x_wconf 88' lang='grc' dir='ltr'><strong>μία</strong></span> <span class='ocrx_word' id='word_1_722' title='bbox 1112 5291 1170 5343; x_wconf 83' lang='grc' dir='ltr'>τέ</span> <span class='ocrx_word' id='word_1_723' title='bbox 1209 5294 1346 5355; x_wconf 74' lang='grc' dir='ltr'>ἐστι,</span> <span class='ocrx_word' id='word_1_724' title='bbox 1383 5294 1478 5348; x_wconf 72' lang='grc' dir='ltr'>καὶ</span> <span class='ocrx_word' id='word_1_725' title='bbox 1509 5296 1602 5349; x_wconf 85' lang='grc' dir='ltr'><strong>τοῦ</strong></span> <span class='ocrx_word' id='word_1_726' title='bbox 1630 5297 1793 5353; x_wconf 78' lang='grc' dir='ltr'>αὑτοῦ</span> 
     </span>
    </p>
   </div>
   <div class='ocr_carea' id='block_1_101' title="bbox 225 5372 1794 5459">
    <p class='ocr_par' dir='ltr' id='par_1_101' title="bbox 225 5372 1794 5459">
     <span class='ocr_line' id='line_1_101' title="bbox 225 5372 1794 5459; baseline 0.012 -35"><span class='ocrx_word' id='word_1_727' title='bbox 225 5372 344 5436; x_wconf 65' lang='grc' dir='ltr'>ἑνὸς</span> <span class='ocrx_word' id='word_1_728' title='bbox 384 5374 646 5444; x_wconf 81' lang='grc' dir='ltr'>Χριστοῦ.</span> <span class='ocrx_word' id='word_1_729' title='bbox 694 5378 803 5432; x_wconf 81' lang='grc' dir='ltr'><strong>Καὶ</strong></span> <span class='ocrx_word' id='word_1_730' title='bbox 844 5380 941 5450; x_wconf 85' lang='grc' dir='ltr'><strong>ούχ</strong></span> <span class='ocrx_word' id='word_1_731' title='bbox 986 5382 1173 5453; x_wconf 73' lang='grc' dir='ltr'>ἕτερον</span> <span class='ocrx_word' id='word_1_732' title='bbox 1210 5387 1531 5456; x_wconf 82' lang='grc' dir='ltr'>χαρακτῆρα</span> <span class='ocrx_word' id='word_1_733' title='bbox 1562 5388 1794 5459; x_wconf 82' lang='grc' dir='ltr'>ἐροῦμεν</span> 
     </span>
    </p>
   </div>
   <div class='ocr_carea' id='block_1_102' title="bbox 228 5466 1794 5550">
    <p class='ocr_par' dir='ltr' id='par_1_102' title="bbox 228 5466 1794 5550">
     <span class='ocr_line' id='line_1_102' title="bbox 228 5466 1794 5550; baseline 0.013 -36"><span class='ocrx_word' id='word_1_734' title='bbox 228 5466 320 5515; x_wconf 86' lang='grc' dir='ltr'>τὸν</span> <span class='ocrx_word' id='word_1_735' title='bbox 358 5467 497 5520; x_wconf 89' lang='grc' dir='ltr'><strong>κατά</strong></span> <span class='ocrx_word' id='word_1_736' title='bbox 550 5471 726 5541; x_wconf 82' lang='grc' dir='ltr'>σάρκα</span> <span class='ocrx_word' id='word_1_737' title='bbox 757 5472 1092 5545; x_wconf 73' lang='grc' dir='ltr'>ἐπιφανέντα</span> <span class='ocrx_word' id='word_1_738' title='bbox 1138 5477 1291 5546; x_wconf 75' lang='grc' dir='ltr'>ἡμῖν,</span> <span class='ocrx_word' id='word_1_739' title='bbox 1336 5481 1429 5530; x_wconf 68' lang='grc' dir='ltr'>καὶ</span> <span class='ocrx_word' id='word_1_740' title='bbox 1480 5481 1666 5550; x_wconf 72' lang='grc' dir='ltr'>ἕτερον</span> <span class='ocrx_word' id='word_1_741' title='bbox 1702 5483 1794 5535; x_wconf 76' lang='grc' dir='ltr'>τὸν</span> 
     </span>
    </p>
   </div>
   <div class='ocr_carea' id='block_1_103' title="bbox 228 5558 1792 5644">
    <p class='ocr_par' dir='ltr' id='par_1_103' title="bbox 228 5558 1792 5644">
     <span class='ocr_line' id='line_1_103' title="bbox 228 5558 1792 5644; baseline 0.012 -37"><span class='ocrx_word' id='word_1_742' title='bbox 228 5558 350 5609; x_wconf 84' lang='grc' dir='ltr'>κατ’</span> <span class='ocrx_word' id='word_1_743' title='bbox 372 5558 555 5612; x_wconf 87' lang='grc' dir='ltr'>εἰκόνα</span> <span class='ocrx_word' id='word_1_744' title='bbox 591 5558 1059 5634; x_wconf 77' lang='grc' dir='ltr'>σχηματιζόμενον</span> <span class='ocrx_word' id='word_1_745' title='bbox 1083 5569 1481 5638; x_wconf 77' lang='grc' dir='ltr'>χαρακτῆρα,ἐν</span> <span class='ocrx_word' id='word_1_746' title='bbox 1505 5572 1634 5624; x_wconf 81' lang='grc' dir='ltr'>εἴδει</span> <span class='ocrx_word' id='word_1_747' title='bbox 1656 5590 1792 5644; x_wconf 62' lang='grc' dir='ltr'>μορ-</span> 
     </span>
    </p>
   </div>
   <div class='ocr_carea' id='block_1_104' title="bbox 225 5647 1795 5735">
    <p class='ocr_par' dir='ltr' id='par_1_104' title="bbox 225 5647 1795 5735">
     <span class='ocr_line' id='line_1_104' title="bbox 225 5647 1795 5735; baseline 0.012 -36"><span class='ocrx_word' id='word_1_748' title='bbox 225 5647 334 5717; x_wconf 81' lang='grc' dir='ltr'>φῆς</span> <span class='ocrx_word' id='word_1_749' title='bbox 357 5648 544 5704; x_wconf 84' lang='grc' dir='ltr'>αὑτοῦ·</span> <span class='ocrx_word' id='word_1_750' title='bbox 568 5651 703 5706; x_wconf 84' lang='grc' dir='ltr'><strong>ἀλλά</strong></span> <span class='ocrx_word' id='word_1_751' title='bbox 724 5654 815 5708; x_wconf 82' lang='grc' dir='ltr'>τὸν</span> <span class='ocrx_word' id='word_1_752' title='bbox 843 5656 1003 5711; x_wconf 82' lang='grc' dir='ltr'>αὑτὸν</span> <span class='ocrx_word' id='word_1_753' title='bbox 1030 5657 1143 5721; x_wconf 78' lang='grc' dir='ltr'>ἕνα,</span> <span class='ocrx_word' id='word_1_754' title='bbox 1172 5660 1293 5715; x_wconf 76' lang='grc' dir='ltr'>ἐπεὶ</span> <span class='ocrx_word' id='word_1_755' title='bbox 1314 5663 1451 5732; x_wconf 82' lang='grc' dir='ltr'>μήτε</span> <span class='ocrx_word' id='word_1_756' title='bbox 1481 5664 1615 5716; x_wconf 84' lang='grc' dir='ltr'>καθὸ</span> <span class='ocrx_word' id='word_1_757' title='bbox 1637 5666 1795 5735; x_wconf 86' lang='grc' dir='ltr'>σῶμα</span> 
     </span>
    </p>
   </div>
   <div class='ocr_carea' id='block_1_105' title="bbox 298 5786 1447 5868">
    <p class='ocr_par' dir='ltr' id='par_1_105' title="bbox 298 5786 1447 5868">
     <span class='ocr_line' id='line_1_105' title="bbox 298 5786 1447 5868; baseline 0.015 -31"><span class='ocrx_word' id='word_1_758' title='bbox 298 5786 342 5815; x_wconf 79' lang='grc'><strong>⁸⁷</strong></span> <span class='ocrx_word' id='word_1_759' title='bbox 387 5786 665 5868; x_wconf 43' lang='lat' dir='ltr'><strong>._Sn.ABasil.</strong></span> <span class='ocrx_word' id='word_1_760' title='bbox 702 5799 742 5845; x_wconf 92' lang='lat' dir='ltr'><strong>t.</strong></span> <span class='ocrx_word' id='word_1_761' title='bbox 764 5790 805 5858; x_wconf 88' lang='grc' dir='ltr'>Ι,</span> <span class='ocrx_word' id='word_1_762' title='bbox 837 5792 987 5847; x_wconf 88' lang='lat' dir='ltr'><strong>hom.</strong></span> <span class='ocrx_word' id='word_1_763' title='bbox 1018 5794 1111 5862; x_wconf 71' lang='lat'><strong>20,</strong></span> <span class='ocrx_word' id='word_1_764' title='bbox 1167 5813 1291 5868; x_wconf 86' lang='lat' dir='ltr'><strong>pag.</strong></span> <span class='ocrx_word' id='word_1_765' title='bbox 1324 5798 1447 5856; x_wconf 71' lang='lat'><strong>526.</strong></span> 
     </span>
    </p>
   </div>
   <div class='ocr_carea' id='block_1_106' title="bbox 228 5857 513 5926">
    <p class='ocr_par' dir='ltr' id='par_1_106' title="bbox 228 5857 513 5926">
     <span class='ocr_line' id='line_1_106' title="bbox 228 5857 513 5926; baseline 0.011 -18"><span class='ocrx_word' id='word_1_766' title='bbox 228 5870 351 5926; x_wconf 85' lang='lat' dir='ltr'><strong>pag.</strong></span> <span class='ocrx_word' id='word_1_767' title='bbox 386 5857 513 5912; x_wconf 84' lang='lat'><strong>908.</strong></span> 
     </span>
    </p>
   </div>
   <div class='ocr_carea' id='block_1_107' title="bbox 560 5951 1232 6017">
    <p class='ocr_par' dir='ltr' id='par_1_107' title="bbox 560 5951 1232 6017">
     <span class='ocr_line' id='line_1_107' title="bbox 560 5951 1232 6017; baseline 0.012 -8"><span class='ocrx_word' id='word_1_768' title='bbox 560 5951 823 6011; x_wconf 78' lang='lat' dir='ltr'><strong>PATRUL.</strong></span> <span class='ocrx_word' id='word_1_769' title='bbox 864 5954 976 6013; x_wconf 78' lang='lat' dir='ltr'><strong>GR.</strong></span> <span class='ocrx_word' id='word_1_770' title='bbox 1026 5956 1232 6017; x_wconf 74' lang='lat' dir='ltr'><strong>XCIX.</strong></span> 
     </span>
    </p>
   </div>
   <div class='ocr_carea' id='block_1_108' title="bbox 1555 5789 2491 5873">
    <p class='ocr_par' dir='ltr' id='par_1_108' title="bbox 1555 5789 2491 5873">
     <span class='ocr_line' id='line_1_108' title="bbox 1555 5789 2491 5873; baseline -0.011 -16"><span class='ocrx_word' id='word_1_771' title='bbox 1555 5800 1598 5833; x_wconf 79' lang='lat'><strong>”</strong></span> <span class='ocrx_word' id='word_1_772' title='bbox 1627 5801 1837 5859; x_wconf 88' lang='lat' dir='ltr'><strong>Concil.</strong></span> <span class='ocrx_word' id='word_1_773' title='bbox 1880 5798 2210 5873; x_wconf 75' lang='lat' dir='ltr'><strong>Quinisext.,</strong></span> <span class='ocrx_word' id='word_1_774' title='bbox 2248 5806 2370 5847; x_wconf 83' lang='lat' dir='ltr'><strong>can.</strong></span> <span class='ocrx_word' id='word_1_775' title='bbox 2400 5789 2491 5847; x_wconf 70' lang='lat'><strong>82.</strong></span> 
     </span>
    </p>
   </div>
   <div class='ocr_carea' id='block_1_109' title="bbox 1903 4642 3476 4715">
    <p class='ocr_par' dir='ltr' id='par_1_109' title="bbox 1903 4642 3476 4715">
     <span class='ocr_line' id='line_1_109' title="bbox 1903 4642 3476 4715; baseline 0.002 -21"><span class='ocrx_word' id='word_1_776' title='bbox 1903 4642 2189 4695; x_wconf 87' lang='lat' dir='ltr'><strong>character</strong></span> <span class='ocrx_word' id='word_1_777' title='bbox 2214 4656 2355 4695; x_wconf 87' lang='lat' dir='ltr'><strong>unus</strong></span> <span class='ocrx_word' id='word_1_778' title='bbox 2388 4642 2657 4695; x_wconf 86' lang='lat' dir='ltr'><strong>exsistens</strong></span> <span class='ocrx_word' id='word_1_779' title='bbox 2697 4643 3063 4698; x_wconf 73' lang='lat' dir='ltr'><strong>subsistentia:</strong></span> <span class='ocrx_word' id='word_1_780' title='bbox 3084 4642 3279 4709; x_wconf 87' lang='lat' dir='ltr'><strong>Patris,</strong></span> <span class='ocrx_word' id='word_1_781' title='bbox 3313 4657 3476 4715; x_wconf 86' lang='lat' dir='ltr'><strong>atque</strong></span> 
     </span>
    </p>
   </div>
   <div class='ocr_carea' id='block_1_110' title="bbox 1904 4731 3472 4805">
    <p class='ocr_par' dir='ltr' id='par_1_110' title="bbox 1904 4731 3472 4805">
     <span class='ocr_line' id='line_1_110' title="bbox 1904 4731 3472 4805; baseline 0.003 -20"><span class='ocrx_word' id='word_1_782' title='bbox 1904 4744 2030 4786; x_wconf 87' lang='lat' dir='ltr'><strong>ante</strong></span> <span class='ocrx_word' id='word_1_783' title='bbox 2079 4731 2508 4787; x_wconf 87' lang='lat' dir='ltr'><strong>incarnationem</strong></span> <span class='ocrx_word' id='word_1_784' title='bbox 2556 4735 2931 4805; x_wconf 88' lang='lat' dir='ltr'><strong>incorporeus,</strong></span> <span class='ocrx_word' id='word_1_785' title='bbox 2976 4752 3118 4792; x_wconf 89' lang='lat' dir='ltr'><strong>unus</strong></span> <span class='ocrx_word' id='word_1_786' title='bbox 3148 4744 3267 4791; x_wconf 89' lang='lat' dir='ltr'><strong>erat</strong></span> <span class='ocrx_word' id='word_1_787' title='bbox 3300 4756 3314 4792; x_wconf 91' lang='lat'><strong>:</strong></span> <span class='ocrx_word' id='word_1_788' title='bbox 3343 4748 3396 4791; x_wconf 86' lang='lat' dir='ltr'><strong>et</strong></span> <span class='ocrx_word' id='word_1_789' title='bbox 3420 4739 3472 4790; x_wconf 93' lang='lat' dir='ltr'><strong>in</strong></span> 
     </span>
    </p>
   </div>
   <div class='ocr_carea' id='block_1_111' title="bbox 1903 4825 3472 4897">
    <p class='ocr_par' dir='ltr' id='par_1_111' title="bbox 1903 4825 3472 4897">
     <span class='ocr_line' id='line_1_111' title="bbox 1903 4825 3472 4897; baseline 0.001 -18"><span class='ocrx_word' id='word_1_790' title='bbox 1903 4840 2067 4879; x_wconf 88' lang='lat' dir='ltr'><strong>carne</strong></span> <span class='ocrx_word' id='word_1_791' title='bbox 2104 4840 2248 4879; x_wconf 90' lang='lat' dir='ltr'><strong>unus</strong></span> <span class='ocrx_word' id='word_1_792' title='bbox 2302 4834 2405 4888; x_wconf 91' lang='lat' dir='ltr'><strong>est,</strong></span> <span class='ocrx_word' id='word_1_793' title='bbox 2437 4833 2492 4879; x_wconf 91' lang='lat' dir='ltr'><strong>et</strong></span> <span class='ocrx_word' id='word_1_794' title='bbox 2533 4825 2586 4879; x_wconf 91' lang='lat' dir='ltr'><strong>in</strong></span> <span class='ocrx_word' id='word_1_795' title='bbox 2624 4826 2859 4897; x_wconf 85' lang='lat' dir='ltr'><strong>imagine</strong></span> <span class='ocrx_word' id='word_1_796' title='bbox 2902 4829 3041 4883; x_wconf 88' lang='lat' dir='ltr'><strong>idem</strong></span> <span class='ocrx_word' id='word_1_797' title='bbox 3064 4844 3209 4883; x_wconf 87' lang='lat' dir='ltr'><strong>unus</strong></span> <span class='ocrx_word' id='word_1_798' title='bbox 3236 4829 3472 4897; x_wconf 79' lang='lat' dir='ltr'><strong>exsistit,</strong></span> 
     </span>
    </p>
   </div>
   <div class='ocr_carea' id='block_1_112' title="bbox 1904 4916 3474 4989">
    <p class='ocr_par' dir='ltr' id='par_1_112' title="bbox 1904 4916 3474 4989">
     <span class='ocr_line' id='line_1_112' title="bbox 1904 4916 3474 4989; baseline 0.002 -17"><span class='ocrx_word' id='word_1_799' title='bbox 1904 4933 2010 4972; x_wconf 90' lang='lat' dir='ltr'><strong>non</strong></span> <span class='ocrx_word' id='word_1_800' title='bbox 2052 4916 2263 4971; x_wconf 84' lang='lat' dir='ltr'><strong>divisus</strong></span> <span class='ocrx_word' id='word_1_801' title='bbox 2316 4917 2368 4970; x_wconf 89' lang='lat' dir='ltr'><strong>in</strong></span> <span class='ocrx_word' id='word_1_802' title='bbox 2405 4920 2543 4971; x_wconf 85' lang='lat' dir='ltr'><strong>duos</strong></span> <span class='ocrx_word' id='word_1_803' title='bbox 2585 4918 2949 4982; x_wconf 85' lang='lat' dir='ltr'><strong>characteres,</strong></span> <span class='ocrx_word' id='word_1_804' title='bbox 3004 4935 3180 4989; x_wconf 84' lang='lat' dir='ltr'><strong>neque</strong></span> <span class='ocrx_word' id='word_1_805' title='bbox 3204 4920 3474 4975; x_wconf 85' lang='lat' dir='ltr'><strong>dissectus</strong></span> 
     </span>
    </p>
   </div>
   <div class='ocr_carea' id='block_1_113' title="bbox 1902 5007 3474 5079">
    <p class='ocr_par' dir='ltr' id='par_1_113' title="bbox 1902 5007 3474 5079">
     <span class='ocr_line' id='line_1_113' title="bbox 1902 5007 3474 5079; baseline 0.001 -16"><span class='ocrx_word' id='word_1_806' title='bbox 1902 5010 1956 5063; x_wconf 86' lang='lat' dir='ltr'><strong>in</strong></span> <span class='ocrx_word' id='word_1_807' title='bbox 2004 5008 2205 5078; x_wconf 84' lang='lat' dir='ltr'><strong>glorias</strong></span> <span class='ocrx_word' id='word_1_808' title='bbox 2235 5007 2372 5062; x_wconf 86' lang='lat' dir='ltr'><strong>duas</strong></span> <span class='ocrx_word' id='word_1_809' title='bbox 2395 5049 2410 5072; x_wconf 95' lang='lat'><strong>,</strong></span> <span class='ocrx_word' id='word_1_810' title='bbox 2448 5008 2540 5063; x_wconf 88' lang='lat' dir='ltr'><strong>sed</strong></span> <span class='ocrx_word' id='word_1_811' title='bbox 2590 5009 2644 5062; x_wconf 90' lang='lat' dir='ltr'><strong>in</strong></span> <span class='ocrx_word' id='word_1_812' title='bbox 2686 5024 2844 5063; x_wconf 88' lang='lat' dir='ltr'><strong>unam</strong></span> <span class='ocrx_word' id='word_1_813' title='bbox 2880 5009 3163 5064; x_wconf 88' lang='lat' dir='ltr'><strong>collectus.</strong></span> <span class='ocrx_word' id='word_1_814' title='bbox 3206 5028 3224 5063; x_wconf 74' lang='grc' dir='ltr'><strong>ι</strong></span> <span class='ocrx_word' id='word_1_815' title='bbox 3259 5008 3324 5062; x_wconf 88' lang='lat' dir='ltr'><strong>Et</strong></span> <span class='ocrx_word' id='word_1_816' title='bbox 3352 5017 3474 5079; x_wconf 91' lang='lat' dir='ltr'><strong>post</strong></span> 
     </span>
    </p>
   </div>
   <div class='ocr_carea' id='block_1_114' title="bbox 1903 5099 3469 5170">
    <p class='ocr_par' dir='ltr' id='par_1_114' title="bbox 1903 5099 3469 5170">
     <span class='ocr_line' id='line_1_114' title="bbox 1903 5099 3469 5170; baseline 0.001 -16"><span class='ocrx_word' id='word_1_817' title='bbox 1903 5102 2005 5154; x_wconf 86' lang='lat' dir='ltr'><strong>alia</strong></span> <span class='ocrx_word' id='word_1_818' title='bbox 2032 5117 2045 5152; x_wconf 93' lang='lat'><strong>:</strong></span> <span class='ocrx_word' id='word_1_819' title='bbox 2082 5119 2100 5151; x_wconf 75' lang='grc' dir='ltr'><strong>ι</strong></span> <span class='ocrx_word' id='word_1_820' title='bbox 2128 5099 2231 5154; x_wconf 85' lang='lat' dir='ltr'><strong>Sed</strong></span> <span class='ocrx_word' id='word_1_821' title='bbox 2262 5100 2722 5169; x_wconf 87' lang='lat' dir='ltr'><strong>quemadmodum</strong></span> <span class='ocrx_word' id='word_1_822' title='bbox 2754 5100 2868 5170; x_wconf 88' lang='lat' dir='ltr'><strong>ipse</strong></span> <span class='ocrx_word' id='word_1_823' title='bbox 2895 5116 3035 5155; x_wconf 90' lang='lat' dir='ltr'><strong>unus</strong></span> <span class='ocrx_word' id='word_1_824' title='bbox 3052 5110 3220 5157; x_wconf 84' lang='lat' dir='ltr'><strong>estex</strong></span> <span class='ocrx_word' id='word_1_825' title='bbox 3256 5102 3469 5156; x_wconf 86' lang='lat' dir='ltr'><strong>duobus</strong></span> 
     </span>
    </p>
   </div>
   <div class='ocr_carea' id='block_1_115' title="bbox 1900 5192 3471 5265">
    <p class='ocr_par' dir='ltr' id='par_1_115' title="bbox 1900 5192 3471 5265">
     <span class='ocr_line' id='line_1_115' title="bbox 1900 5192 3471 5265; baseline 0 -18"><span class='ocrx_word' id='word_1_826' title='bbox 1900 5194 2210 5258; x_wconf 87' lang='lat' dir='ltr'><strong>contrariis,</strong></span> <span class='ocrx_word' id='word_1_827' title='bbox 2258 5201 2313 5246; x_wconf 89' lang='lat' dir='ltr'><strong>et</strong></span> <span class='ocrx_word' id='word_1_828' title='bbox 2350 5192 2403 5247; x_wconf 90' lang='lat' dir='ltr'><strong>in</strong></span> <span class='ocrx_word' id='word_1_829' title='bbox 2433 5207 2593 5245; x_wconf 89' lang='lat' dir='ltr'><strong>uuam</strong></span> <span class='ocrx_word' id='word_1_830' title='bbox 2639 5193 2896 5247; x_wconf 82' lang='lat' dir='ltr'><strong>coalescit</strong></span> <span class='ocrx_word' id='word_1_831' title='bbox 2931 5208 3219 5265; x_wconf 86' lang='lat' dir='ltr'><strong>personam</strong></span> <span class='ocrx_word' id='word_1_832' title='bbox 3251 5210 3266 5259; x_wconf 88' lang='lat'><strong>;</strong></span> <span class='ocrx_word' id='word_1_833' title='bbox 3300 5197 3378 5247; x_wconf 92' lang='lat' dir='ltr'><strong>sic</strong></span> <span class='ocrx_word' id='word_1_834' title='bbox 3416 5203 3471 5247; x_wconf 90' lang='lat' dir='ltr'><strong>et</strong></span> 
     </span>
    </p>
   </div>
   <div class='ocr_carea' id='block_1_116' title="bbox 1904 5282 3464 5353">
    <p class='ocr_par' dir='ltr' id='par_1_116' title="bbox 1904 5282 3464 5353">
     <span class='ocr_line' id='line_1_116' title="bbox 1904 5282 3464 5353; baseline -0.003 -15"><span class='ocrx_word' id='word_1_835' title='bbox 1904 5287 2081 5353; x_wconf 85' lang='lat' dir='ltr'><strong>imago</strong></span> <span class='ocrx_word' id='word_1_836' title='bbox 2127 5284 2247 5353; x_wconf 88' lang='lat' dir='ltr'><strong>ejus</strong></span> <span class='ocrx_word' id='word_1_837' title='bbox 2279 5293 2334 5338; x_wconf 84' lang='lat' dir='ltr'><strong>et</strong></span> <span class='ocrx_word' id='word_1_838' title='bbox 2383 5298 2489 5337; x_wconf 87' lang='lat' dir='ltr'><strong>una</strong></span> <span class='ocrx_word' id='word_1_839' title='bbox 2524 5291 2627 5344; x_wconf 88' lang='lat' dir='ltr'><strong>est,</strong></span> <span class='ocrx_word' id='word_1_840' title='bbox 2676 5292 2729 5337; x_wconf 92' lang='lat' dir='ltr'><strong>et</strong></span> <span class='ocrx_word' id='word_1_841' title='bbox 2755 5283 2995 5352; x_wconf 90' lang='lat' dir='ltr'><strong>ejusdem</strong></span> <span class='ocrx_word' id='word_1_842' title='bbox 3048 5284 3209 5338; x_wconf 87' lang='lat' dir='ltr'><strong>unius</strong></span> <span class='ocrx_word' id='word_1_843' title='bbox 3243 5282 3464 5336; x_wconf 81' lang='lat' dir='ltr'><strong>Christi.</strong></span> 
     </span>
    </p>
   </div>
   <div class='ocr_carea' id='block_1_117' title="bbox 1899 5372 3470 5447">
    <p class='ocr_par' dir='ltr' id='par_1_117' title="bbox 1899 5372 3470 5447">
     <span class='ocr_line' id='line_1_117' title="bbox 1899 5372 3470 5447; baseline -0.004 -15"><span class='ocrx_word' id='word_1_844' title='bbox 1899 5375 2089 5447; x_wconf 84' lang='lat' dir='ltr'><strong>Neque</strong></span> <span class='ocrx_word' id='word_1_845' title='bbox 2142 5377 2373 5431; x_wconf 89' lang='lat' dir='ltr'><strong>alterum</strong></span> <span class='ocrx_word' id='word_1_846' title='bbox 2424 5375 2795 5429; x_wconf 87' lang='lat' dir='ltr'><strong>characterem</strong></span> <span class='ocrx_word' id='word_1_847' title='bbox 2844 5374 3091 5429; x_wconf 88' lang='lat' dir='ltr'><strong>dicamus</strong></span> <span class='ocrx_word' id='word_1_848' title='bbox 3117 5389 3241 5428; x_wconf 89' lang='lat' dir='ltr'><strong>eum</strong></span> <span class='ocrx_word' id='word_1_849' title='bbox 3266 5372 3470 5443; x_wconf 86' lang='lat' dir='ltr'><strong>quise-</strong></span> 
     </span>
    </p>
   </div>
   <div class='ocr_carea' id='block_1_118' title="bbox 1900 5465 3466 5536">
    <p class='ocr_par' dir='ltr' id='par_1_118' title="bbox 1900 5465 3466 5536">
     <span class='ocr_line' id='line_1_118' title="bbox 1900 5465 3466 5536; baseline -0.008 -10"><span class='ocrx_word' id='word_1_850' title='bbox 1900 5472 2137 5525; x_wconf 89' lang='lat' dir='ltr'><strong>cundum</strong></span> <span class='ocrx_word' id='word_1_851' title='bbox 2189 5482 2410 5522; x_wconf 88' lang='lat' dir='ltr'><strong>carnem</strong></span> <span class='ocrx_word' id='word_1_852' title='bbox 2466 5466 2627 5521; x_wconf 83' lang='lat' dir='ltr'><strong>nobis</strong></span> <span class='ocrx_word' id='word_1_853' title='bbox 2676 5466 2947 5536; x_wconf 81' lang='lat' dir='ltr'><strong>apparuit,</strong></span> <span class='ocrx_word' id='word_1_854' title='bbox 3002 5465 3233 5520; x_wconf 88' lang='lat' dir='ltr'><strong>alterum</strong></span> <span class='ocrx_word' id='word_1_855' title='bbox 3284 5472 3466 5516; x_wconf 83' lang='lat' dir='ltr'><strong>autem</strong></span> 
     </span>
    </p>
   </div>
   <div class='ocr_carea' id='block_1_119' title="bbox 1900 5558 3470 5627">
    <p class='ocr_par' dir='ltr' id='par_1_119' title="bbox 1900 5558 3470 5627">
     <span class='ocr_line' id='line_1_119' title="bbox 1900 5558 3470 5627; baseline -0.008 -7"><span class='ocrx_word' id='word_1_856' title='bbox 1900 5566 2271 5621; x_wconf 86' lang='lat' dir='ltr'><strong>characterem</strong></span> <span class='ocrx_word' id='word_1_857' title='bbox 2321 5558 2415 5627; x_wconf 88' lang='lat' dir='ltr'><strong>qui</strong></span> <span class='ocrx_word' id='word_1_858' title='bbox 2462 5559 2756 5613; x_wconf 87' lang='lat' dir='ltr'><strong>secundum</strong></span> <span class='ocrx_word' id='word_1_859' title='bbox 2808 5558 3097 5627; x_wconf 85' lang='lat' dir='ltr'><strong>imaginem</strong></span> <span class='ocrx_word' id='word_1_860' title='bbox 3144 5558 3470 5625; x_wconf 78' lang='lat' dir='ltr'><strong>exprimitur</strong></span> 
     </span>
    </p>
   </div>
   <div class='ocr_carea' id='block_1_120' title="bbox 1903 5646 3471 5727">
    <p class='ocr_par' dir='ltr' id='par_1_120' title="bbox 1903 5646 3471 5727">
     <span class='ocr_line' id='line_1_120' title="bbox 1903 5646 3471 5727; baseline -0.009 -14"><span class='ocrx_word' id='word_1_861' title='bbox 1903 5660 1958 5713; x_wconf 89' lang='lat' dir='ltr'><strong>in</strong></span> <span class='ocrx_word' id='word_1_862' title='bbox 1994 5656 2164 5727; x_wconf 80' lang='lat' dir='ltr'><strong>ﬁgura</strong></span> <span class='ocrx_word' id='word_1_863' title='bbox 2196 5651 2371 5707; x_wconf 79' lang='lat' dir='ltr'><strong>forma</strong></span> <span class='ocrx_word' id='word_1_864' title='bbox 2411 5652 2579 5716; x_wconf 88' lang='lat' dir='ltr'><strong>illius,</strong></span> <span class='ocrx_word' id='word_1_865' title='bbox 2632 5650 2724 5705; x_wconf 87' lang='lat' dir='ltr'><strong>sed</strong></span> <span class='ocrx_word' id='word_1_866' title='bbox 2756 5664 2923 5705; x_wconf 87' lang='lat' dir='ltr'><strong>unum</strong></span> <span class='ocrx_word' id='word_1_867' title='bbox 2964 5658 3019 5703; x_wconf 91' lang='lat' dir='ltr'><strong>et</strong></span> <span class='ocrx_word' id='word_1_868' title='bbox 3072 5648 3324 5705; x_wconf 89' lang='lat' dir='ltr'><strong>eumdem</strong></span> <span class='ocrx_word' id='word_1_869' title='bbox 3355 5646 3471 5700; x_wconf 83' lang='lat' dir='ltr'><strong>:si—</strong></span> 
     </span>
    </p>
   </div>
   <div class='ocr_carea' id='block_1_121' title="bbox 2604 5787 3465 5858">
    <p class='ocr_par' dir='ltr' id='par_1_121' title="bbox 2604 5787 3465 5858">
     <span class='ocr_line' id='line_1_121' title="bbox 2604 5787 3465 5858; baseline 0.005 -15"><span class='ocrx_word' id='word_1_870' title='bbox 2604 5790 2648 5823; x_wconf 82' lang='lat'><strong>&quot;</strong></span> <span class='ocrx_word' id='word_1_871' title='bbox 2680 5790 2833 5846; x_wconf 82' lang='lat' dir='ltr'><strong>Orat.</strong></span> <span class='ocrx_word' id='word_1_872' title='bbox 2876 5788 2928 5843; x_wconf 92' lang='lat' dir='ltr'><strong>in</strong></span> <span class='ocrx_word' id='word_1_873' title='bbox 2968 5787 3267 5851; x_wconf 81' lang='lat' dir='ltr'><strong>Abraham,</strong></span> <span class='ocrx_word' id='word_1_874' title='bbox 3324 5795 3361 5843; x_wconf 81' lang='grc' dir='ltr'><strong>ι.</strong></span> <span class='ocrx_word' id='word_1_875' title='bbox 3405 5801 3465 5858; x_wconf 83' lang='lat' dir='ltr'><strong>tt,</strong></span> 
     </span>
    </p>
   </div>
   <div class='ocr_carea' id='block_1_122' title="bbox 3009 5949 3081 6010">
    <p class='ocr_par' dir='ltr' id='par_1_122' title="bbox 3009 5949 3081 6010">
     <span class='ocr_line' id='line_1_122' title="bbox 3009 5949 3081 6010; baseline -0.014 0"><span class='ocrx_word' id='word_1_876' title='bbox 3009 5949 3081 6010; x_wconf 74' lang='grc'><strong>51</strong></span> 
     </span>
    </p>
   </div>
  </div>
