4184 6478
723 393 851 460 1611

1910 390 1971 449 S.
2001 382 2393 446 THEODORI
2419 382 2763 442 STUDlT/E

3842 384 3981 449 161‘)

720 506 939 576 quidem
960 516 1135 573 neque
1150 500 1361 556 ratione
1385 499 1633 570 corporis
1656 498 1745 553 ille
1765 497 2052 553 character
2074 496 2297 556 dicitur,

2406 495 2427 545 ό
2480 494 2767 564 χαρακτὴρ
2818 494 3055 563 εἴρηται,
3112 494 3248 549 ἀλλὰ
3302 495 3439 549 καθὸ
3496 496 3809 566 ἀσώματον.
3870 499 3981 552 Καὶ

724 597 819 652 sed
872 606 929 648 ut
961 604 1046 650 est
1077 594 1453 661 incorporeus.
1504 591 1618 645 Hoc
1652 605 1783 645 vero
1836 590 2011 658 magis
2039 603 2133 657 per
2159 586 2301 640 divi-

724 702 853 742 num
886 686 1333 756 Chrysostomum
1360 682 1749 744 declarabitur,
1794 681 1885 751 qui
1923 680 2299 732 characterem

725 778 1001 833 cmlestem
1055 784 1231 839 vocat,
1289 775 1548 845 quoniam
1591 788 1657 825 ex
1702 772 1866 836 coelo,
1898 787 2003 824 non
2032 780 2301 837 quatenus

724 884 941 937 corpus,
991 868 1083 921 sed
1138 874 1411 936 quatenus
1458 866 1679 935 coporis
1727 880 1940 933 expers,
1990 860 2302 931 unigenitus

725 959 870 1014 Deus
894 958 1231 1013 descendens
1262 960 1328 1012 de
1357 958 1514 1012 C(BIis
1548 958 1869 1011 incarnatus
1914 964 2017 1017 est,
2043 962 2097 1007 et
2131 966 2300 1020 appa-

727 1054 837 1109 ruit
867 1068 1093 1121 corpore
1124 1060 1311 1105 nostro
1336 1050 1579 1103 indutus.
1613 1068 1630 1099 ι
1663 1046 1727 1102 Et
1757 1056 1879 1117 post
1909 1060 2080 1115 pauca
2113 1062 2126 1097 :
2153 1063 2170 1095 ι
2198 1042 2303 1112 lgi-

725 1156 835 1208 tur,
868 1146 1122 1215 quoniam
1164 1142 1465 1198 secundum
1517 1141 1834 1194 relationem
1881 1138 2116 1191 ostendit
2150 1136 2301 1189 illum

724 1236 975 1289 eumdem
1008 1236 1377 1288 characterem
1415 1252 1429 1287 :
1464 1232 1640 1301 ipsum
1665 1231 1938 1283 Christum
1984 1229 2299 1290 adoramus,

724 1339 771 1381 et
804 1344 909 1380 non
944 1327 1227 1380 materiam
1256 1325 1554 1378 artiﬁciose
1588 1323 1873 1391 ﬁguratam
1910 1322 1962 1373 in
1997 1320 2249 1389 imagine.
2276 1336 2296 1370 ι

723 1419 802 1474 En
834 1420 1071 1489 apertior
1100 1417 1403 1486 dogmatica
1436 1415 1735 1469 declaratio
1772 1432 1784 1466 :
1818 1414 2051 1483 primum
2077 1411 2299 1481 quidem

726 1525 889 1563 unam
926 1525 1046 1563 esse
1077 1508 1306 1561 formam
1341 1508 1394 1561 in
1428 1507 1717 1563 ambobus.
1754 1506 1974 1558 Christo
2022 1505 2231 1557 scilicet
2250 1512 2303 1557 et

725 1600 1004 1669 imagine:
1054 1599 1273 1662 deinde,
1316 1601 1687 1653 characterem
1726 1597 1903 1667 ipsum
1938 1596 2302 1650 subsistentia:

726 1692 924 1755 l’atris,
971 1692 1023 1745 in
1064 1691 1318 1755 imagine,
1384 1691 1555 1759 ﬁgura
1608 1689 1796 1743 forma:
1826 1690 2017 1758 ipsius,
2055 1688 2299 1757 conspici

724 1784 885 1837 simul
917 1794 970 1837 et
998 1785 1210 1836 adorari
1244 1785 1414 1853 gloria
1452 1784 1703 1838 indivisa.
1736 1780 1999 1851 Reliquus
2026 1791 2110 1835 est
2139 1796 2303 1851 quar-

726 1886 815 1929 tus
860 1877 1074 1939 modus,
1119 1875 1355 1943 antiqnw
1381 1875 1798 1928 consuetudinis
1829 1885 1880 1928 et
1914 1875 2173 1927 instituti.
2206 1874 2299 1924 At-

725 1966 852 2020 tolle
894 1964 946 2019 in
993 1964 1177 2017 orbem
1231 1965 1421 2017 oculos
1464 1973 1606 2027 tuos,
1661 1961 1744 2014 vir
1792 1960 2208 2023 humanissime,
2245 1967 2301 2012 et

723 2056 845 2110 vide
873 2064 1070 2109 terram
1106 2054 1440 2119 universam,
1464 2069 1529 2107 ex
1562 2053 1678 2121 ipsa
1708 2052 2002 2121 apostolica
2035 2050 2302 2121 praedica-

722 2150 894 2214 tione,
936 2147 1137 2217 uhique
1168 2147 1431 2218 gentium,
1470 2146 1523 2200 in
1569 2145 1743 2200 sacris
1776 2144 2013 2213 tempﬁs,
2047 2144 2301 2211 vasisque

722 2239 945 2303 divinis,
994 2247 1048 2293 et
1096 2238 1305 2293 sanctis
1352 2237 1618 2301 donariis,
1662 2251 1977 2303 expressum
2021 2233 2297 2288 Christum

724 2339 1049 2402 gestantem,
1106 2339 1161 2385 et
1211 2328 1371 2384 laetis
1422 2329 1557 2399 ipsis
1611 2343 1800 2383 vocem
1847 2328 2096 2382 edentem
2154 2326 2297 2396 quod

723 2426 978 2480 Christus
1014 2427 1257 2495 regnavit
1287 2440 1451 2493 super
1492 2438 1589 2479 eos
1616 2422 1711 2493 qui
1745 2422 1797 2475 in
1823 2430 1965 2475 terra
1986 2430 2134 2483 sunt,
2159 2420 2300 2472 sicut

724 2518 923 2571 cecinit
972 2515 1139 2570 David
1167 2532 1187 2567 :
1228 2514 1453 2568 Postulo
1490 2532 1524 2568 a
1563 2531 1662 2574 me.
1707 2522 1755 2567 et
1796 2514 1933 2565 dabo
1982 2513 2076 2564 tibi
2123 2522 2298 2579 gentes

724 2611 1082 2664 hereditatem
1123 2618 1290 2672 tuam,
1338 2617 1386 2661 et
1435 2609 1810 2675 possessionem
1867 2616 2010 2659 tuam
2050 2604 2299 2656 terminos

726 2704 943 2757 terra"
966 2712 1079 2757 :et:
1102 2701 1240 2767 Quia
1270 2701 1401 2755 nihil
1430 2712 1505 2754 est
1537 2700 1737 2752 idolum
1762 2699 1817 2751 in
1837 2700 2032 2750 mundo
2060 2698 2126 2756 “,
2148 2696 2299 2765 justa

724 2796 928 2849 dictum
964 2794 1204 2862 Apostoli
1234 2810 1246 2846 :
1299 2804 1352 2846 et
1388 2790 1532 2862 quod
1570 2791 1751 2843 orunia
1795 2792 1948 2843 beato
1984 2790 2185 2842 lumine
2214 2803 2298 2841 re-

724 2888 869 2958 pleta
900 2888 1032 2948 sint,
1058 2889 1301 2938 veniente
1324 2887 1497 2953 coqui
1528 2885 1663 2937 dixit
1696 2902 1708 2936 :
1745 2881 2300 2951 Egoluxiumundum

727 2980 839 3031 teni
865 2979 931 3031 ".
962 2977 1153 3043 Qualia
1175 2977 1318 3030 enim
1344 2985 1473 3031 sunt
1504 2990 1625 3043 quae
1660 2973 2003 3029 cernuntur?
2036 2972 2132 3027 liic
2178 2972 2303 3041 qui-

728 3072 849 3123 dem
879 3070 931 3124 in
976 3070 1234 3139 spelunca
1274 3078 1453 3131 natus,
1485 3078 1539 3121 et
1573 3069 1640 3120 ab
1668 3067 1874 3137 angelis
1919 3065 2251 3135 gloriﬁcatus
2283 3080 2298 3119 :

730 3164 818 3218 hic
849 3177 977 3216 vero
1003 3163 1055 3215 in
1081 3162 1223 3215 ulnis
1252 3176 1281 3214 a
1316 3170 1485 3213 matre
1522 3170 1784 3228 gestatus,
1822 3168 1876 3212 et
1906 3173 1934 3209 a
1972 3159 2140 3225 magis
2175 3157 2302 3209 ado-

2400 584 2558 635 τοῦτο
2586 585 2785 653 μᾶλλον
2813 583 2902 636 διὰ
2929 584 3023 637 τοῦ
3060 583 3208 639 θείου
3241 587 3635 657 Χρυσοστόμου
3664 589 3982 661 διευκρινη-

2404 676 2648 745 θησεται,
2680 676 2771 727 τὸν
2799 677 3126 745 χαρακτῆρα
3150 677 3405 747 οὐράνιον
3431 678 3704 747 λέγοντος,
3743 682 3982 752 ἐπείπερ

2403 767 2496 818 καὶ
2528 767 2586 831 ἐξ
2630 766 2883 835 οὐρανοῦ,
2931 767 2991 818 οὐ
3064 768 3199 820 καθό
3261 768 3440 839 σῶμα,
3474 771 3609 823 ἀλλὰ
3657 772 3791 825 καθὸ
3833 773 3982 825 ἀσώ-

2405 876 2574 928 ματον
2604 861 2632 911 6
2667 860 2960 928 μονογενὴς
3006 860 3137 921 Θεὸς
3187 862 3467 915 κατελθὼν
3497 864 3561 915 ὲκ
3595 864 3704 917 τῶν
3732 866 3985 935 οὐρανῶν

2402 949 2714 1019 ὲσαρκώθη,
2744 952 2835 1003 καὶ
2856 952 3093 1018 ἐπέψαυε
3126 952 3287 1021 σῶμα
3316 955 3674 1023 περιθέμενος
3695 957 3756 1009 τὸ
3778 958 3984 1027 ἡμέτε-

2406 1057 2518 1111 ρον.
2569 1059 2587 1091 s
2630 1044 2741 1095 Καὶ
2777 1045 2893 1111 μετ’
2923 1044 3099 1112 ὀλιγα·
3141 1064 3159 1096 ι
3199 1045 3410 1099 Οὐκοῦν
3438 1048 3561 1101 ἐπεὶ
3592 1050 3734 1101 κατὰ
3762 1052 3985 1119 ἀναφο-

2405 1136 2505 1205 ρὰν
2537 1134 2699 1186 αὑτὸν
2731 1135 2971 1190 δείκνυσι
3022 1137 3113 1189 τὸν
3172 1139 3500 1209 χαρακτῆρα
3548 1140 3710 1193 αὐτὸν
3747 1143 3984 1212 Χριστὸν

2403 1226 2835 1296 προσκυνοῦμεν,
2877 1229 2971 1281 καὶ
3006 1228 3068 1281 οῦ
3102 1228 3202 1298 τὴν
3251 1230 3384 1300 ῦλην
3416 1231 3677 1301 τεχνικῶς
3709 1248 3985 1303 σχηματι-

2403 1319 2637 1388 ζομένην
2655 1322 2712 1372 ὲν
2738 1323 2803 1391 τῇ
2826 1320 3013 1373 εἰκόνι.
3049 1338 3068 1372 s
3100 1321 3267 1393 Δεῦρο
3288 1322 3590 1392 τρανοτέρα
3612 1323 3645 1393 ἡ
3664 1322 3982 1395 δογματικὴ

2401 1412 2747 1482 διασάφησις·
2806 1413 3021 1484 πρῶτον
3084 1415 3202 1483 μὲν,
3234 1414 3315 1467 ότι
3366 1415 3464 1483 μία
3503 1414 3684 1485 μορφὴ
3736 1417 3826 1467 ἐπ’
3877 1418 3987 1486 ἀμ-

2403 1505 2541 1570 φοῖν,
2583 1502 2679 1555 τοῦ
2708 1520 2767 1555 τε
2798 1504 3034 1573 Χριστοῦ
3066 1504 3162 1557 καὶ
3197 1506 3298 1574 τῆς
3340 1506 3544 1569 εἰκόνος
3564 1524 3578 1538 σ
3608 1506 3819 1570 ἔπειτα,
3843 1508 3930 1562 ὅτι
3957 1512 3986 1563 6

2402 1596 2565 1659 αὐτὸς
2602 1598 2631 1649 6
2661 1596 2947 1666 χαρακτὴρ
3002 1596 3097 1666 τῆς
3132 1597 3226 1649 τοῦ
3274 1598 3485 1670 Πατρός
3522 1598 3896 1664 ὑποστάσεως,
3926 1601 3987 1653 έν

2402 1687 2570 1741 εικόνι
2604 1688 2683 1759 τῷ
2714 1687 2842 1740 εῖδει
2893 1688 2991 1758 τῆς
3040 1688 3256 1759 μορφῆς
3286 1688 3475 1754 αὑτοῦ,
3512 1692 3904 1761 ὲκφαινόμενός
3925 1693 3986 1746 τέ

2403 1777 2551 1828 ἔστιν
2584 1775 2719 1846 ὁμοῦ
2763 1776 2863 1830 xal
2894 1777 3370 1848 προσκυνούμενος
3395 1778 3639 1848 ἀσχίστῳ
3682 1778 3830 1850 δόξῃ.
3861 1779 3991 1830 Λει-

2401 1867 2639 1937 πόμενός
2667 1870 2813 1922 ἐστιν
2834 1870 2863 1920 6
2891 1870 3148 1941 τέταρτος
3166 1871 3368 1939 τρόπος
3391 1870 3490 1937 τῆς
3518 1871 3751 1941 ἀρχαίας
3781 1869 3989 1940 θεσμο-

2401 1959 2593 2023 θεσίας
2630 1958 2780 2032 [cod.
2832 1962 2972 2032 Reg.
3020 1960 3383 2033 νομοθεσίας].
3420 1956 3591 2033 Ἀρον
3642 1961 3831 2032 κύκλῳ
3856 1965 3988 2025 τοὺς

2398 2052 2714 2123 ὀφθαλμούς
2753 2070 2869 2117 σου,
2899 2047 2944 2107 ὧ
2983 2053 3486 2125 φιλανθρωπότατε,
3517 2055 3609 2107 καὶ
3643 2054 3719 2107 [δε
3745 2057 3845 2123 τὴν
3890 2054 3986 2107 ὑπ’

2400 2146 2656 2215 οὐρανὸν,
2711 2145 2771 2209 ἐξ
2832 2144 2999 2198 αὑτοῦ
3057 2145 3153 2199 τοῦ
3189 2145 3551 2200 ἀποστολικοῦ
3602 2145 3986 2217 κηρύγματος,

2401 2237 2680 2306 πανταχοῦ
2718 2237 2822 2308 γῆς
2870 2255 2927 2290 τε
2987 2238 3081 2290 καὶ
3128 2237 3423 2308 θαλάσσης,
3472 2239 3540 2292 δι’
3599 2238 3761 2309 ιερῶν
3818 2241 3986 2304 ναῶν,

2402 2330 2564 2383 θείων
2586 2346 2645 2382 τε
2676 2329 2911 2393 σκευῶν,
2941 2331 3035 2383 καὶ
3074 2331 3289 2383 σεπτῶν
3319 2330 3704 2399 ἀναθημάτων.
3727 2332 3820 2383 τὸν
3848 2332 3989 2401 Χρι-

2402 2423 2527 2475 στὸν
2589 2420 3022 2491 ὲξεικονισμένον
3062 2423 3374 2493 φέρουσαν,
3418 2425 3515 2476 καὶ
3568 2424 3753 2486 αὐτοῖς
3801 2425 3988 2495 ἔργοις

2401 2513 2586 2584 φωνὴν
2627 2515 2904 2580 ἀφιεῖσαν,
2936 2514 3019 2566 ὅτι
3073 2514 3306 2584 Χριστὸς
3357 2513 3708 2583 βεϐασίλευκε
3757 2516 3865 2567 τῶν
3893 2516 3990 2569 ἐπὶ

2400 2606 2524 2675 γῆς,
2545 2610 2686 2661 κατὰ
2702 2609 2761 2659 τὸ
2782 2608 3037 2678 ᾀδόμενον
3081 2607 3403 2670 Δαὸιτικῶς·
3420 2609 3673 2674 Αἴτησαι
3691 2612 3826 2677 παρ’
3842 2608 3990 2678 ἐμοῦ

2402 2698 2501 2749 καὶ
2538 2697 2710 2751 δώσω
2750 2716 2849 2754 σοι
2874 2700 3017 2768 ἔθνη
3059 2701 3174 2767 τὴν
3217 2703 3625 2770 κληρονομίαν
3689 2718 3841 2765 σου,
3887 2702 3988 2754 καὶ

2401 2790 2515 2857 τὴν
2538 2793 2913 2862 κατάσχεσίν
2942 2809 3059 2847 σου
3083 2794 3155 2846 τὰ
3183 2792 3410 2861 πέρατα
3433 2795 3543 2863 τῆς
3557 2795 3688 2864 γῆς’
3716 2794 3832 2860 καὶ,
3864 2796 3989 2847 Ὀτι

2403 2884 2588 2937 οὐδὲν
2618 2886 2873 2939 εἴδωλον
2900 2886 2969 2939 ἐν
3005 2889 3230 2951 κόσμῳο
3263 2888 3403 2941 κατὰ
3436 2889 3497 2940 τὸ
3536 2888 3639 2940 ὑπὸ
3684 2886 3777 2939 τοῦ
3825 2890 3990 2940 Ἀπο-

2406 2976 2595 3029 στόλου
2632 2979 2938 3048 εἰρημένον.
2974 2978 3083 3030 Καὶ
3108 2980 3191 3033 ὃτι
3237 2982 3413 3033 πάντα
3442 2980 3624 3033 ὀλϐίου
3671 2980 3847 3047 φωτὸς
3898 2998 3991 3032 m-

2412 3066 2719 3138 πλήρωται,
2764 3068 3082 3137 ἐληλυθότος
3115 3070 3208 3124 τοῦ
3245 3072 3512 3134 εἰπόντος·
3558 3072 3702 3140 Ἐγὼ
3734 3069 3861 3141 φῶς
3903 3075 3988 3137 εις

2415 3162 2525 3215 τόν
2583 3164 2816 3230 κόσμον
2858 3161 3145 3227 ἐλήλυθα.
3179 3160 3279 3217 Οἷα
3323 3168 3431 3235 γὰρ
3472 3165 3540 3218 τὰ
3572 3164 3860 3236 ὀρώμενας
3888 3160 3990 3218 ὧδε

730 3267 899 3308 ratus.
963 3253 1167 3307 Deinde
1222 3267 1374 3322 puer,
1424 3251 1645 3321 quando
1704 3250 1755 3302 in
1808 3249 1987 3302 medio
2028 3248 2303 3302 docnorum

2420 3253 2517 3323 μὲν
2565 3254 2623 3304 έν
2675 3251 2923 3321 σπηλαίῳ
2953 3253 3289 3321 τικτόμενος,
3319 3254 3411 3321 καὶ
3436 3252 3529 3305 ὑπ’
3561 3253 3803 3319 ἀγγέλων
3835 3251 3987 3317 δοξα-

729 3348 927 3401 sedens
974 3345 1121 3399 visus
1171 3354 1275 3400 est.
1308 3343 1446 3397 Tum
1489 3342 1795 3411 baptizatus
1836 3357 1864 3393 a
1917 3340 2259 3393 l’rarcnrsore
2299 3356 2313 3393 :

730 3448 845 3490 tum
897 3438 1159 3491 miracula
1200 3452 1325 3491 cum
1380 3434 1645 3505 apostolis
1688 3433 1893 3487 faciens
1932 3451 1945 3487 :
1994 3433 2049 3487 in
2091 3448 2310 3487 crucem

730 3530 1053 3594 ascendens,
1085 3531 1391 3599 exspirans,
1416 3530 1681 3599 sepultus,
1722 3543 2034 3598 resurgens,
2064 3527 2115 3580 in
2145 3526 2314 3583 cados

731 3636 1030 3681 revertens.
1078 3624 1132 3679 In
1168 3627 1280 3679 hac
1332 3624 1499 3693 igitur
1548 3624 1732 3678 omnia
1772 3639 1867 3693 per
1896 3622 2186 3693 imaginem
2226 3621 2311 3675 in-

731 3720 891 3782 tenti,
934 3722 1076 3772 sicut
1124 3727 1253 3771 tunc
1303 3732 1398 3786 per
1437 3716 1739 3770 contuitum
1788 3716 1964 3783 ipsum
2002 3714 2233 3782 apostoli
2278 3752 2294 3777 ,

729 3812 853 3882 jure
892 3820 945 3863 et
976 3824 1076 3863 nos
1118 3809 1418 3861 dixerimus
1452 3824 1466 3861 :
1508 3808 1739 3860 Vidimus
1784 3805 2009 3873 gloriam
2036 3804 2170 3872 ejus,
2197 3804 2311 3872 glo-

729 3902 871 3954 riam
896 3900 1048 3969 quasi
1076 3898 1343 3967 Unigenili
1370 3915 1400 3950 a
1428 3896 1612 3959 Patre,
1655 3896 1861 3964 plenum
1892 3894 2081 3963 gratia:
2105 3903 2153 3946 el
2178 3893 2312 3946 veri-

728 3998 855 4051 tatis
880 3996 948 4046 ".
982 3991 1107 4045 llam
1144 3993 1309 4061 igitur
1346 4001 1427 4045 est
1477 3989 1546 4043 ab
1586 4005 1702 4042 aevo
1755 3986 2075 4041 annuntiata
2125 3986 2256 4041 ﬁdes
2294 4004 2307 4040 :

729 4089 874 4145 hanc
902 4089 1162 4158 amplexa:
1182 4094 1307 4137 sunt
1338 4082 1531 4152 synodi
1562 4090 1763 4136 sanctae
1796 4097 1811 4137 :
1846 4089 1899 4133 et
1934 4079 2060 4134 huic
2110 4079 2310 4133 suifra-

728 4188 924 4248 gantur
951 4191 1143 4230 omnes
1177 4174 1378 4242 ubique
1406 4173 1647 4225 locorum
1680 4168 1957 4233 Ecclesiae,
2001 4170 2053 4223 iu
2083 4168 2305 4223 Oriente

727 4282 779 4326 et
822 4268 1203 4332 Occidente",
1230 4266 1282 4319 in
1333 4262 1778 4333 Septentrioneet
1812 4262 1995 4315 mari:
2041 4277 2204 4332 quam
2255 4271 2309 4318 et

727 4379 828 4416 nos
861 4362 1070 4415 minimi
1106 4359 1518 4427 amplectentes,
1551 4370 1795 4420 oramus,
1826 4354 2055 4424 iureque
2101 4355 2309 4424 suppli-

726 4468 917 4506 ramus
937 4466 1033 4521 pro
1059 4461 1257 4513 vestro,
1279 4450 1423 4519 quod
1442 4445 1585 4501 Deus
1603 4449 1826 4501 charum
1848 4444 2027 4509 habet,
2053 4444 2304 4515 imperio.

2416 3344 2661 3412 ζόμενος·
2694 3342 2854 3412 δεῦρο
2902 3343 2957 3395 δὲ
3009 3344 3096 3397 ἐπ’
3124 3344 3335 3397 ὡλενῶν
3376 3344 3480 3397 ὑπὸ
3508 3343 3607 3414 τῆς
3632 3344 3852 3413 Μητρὸς
3897 3342 3993 3410 βα-

2417 3434 2769 3505 σταζόμενος,
2805 3435 2901 3488 καὶ
2950 3435 3054 3488 ὑπὸ
3109 3438 3299 3506 μάγων
3330 3434 3823 3505 προσκυνούμενος.
3862 3430 3991 3488 Εἶτα

2416 3529 2474 3581 ὲν
2504 3529 2831 3599 μειρακίοις,
2856 3529 3092 3600 ὁπηνίκα
3121 3529 3285 3599 μέσος
3311 3529 3418 3582 τῶν
3444 3528 3781 3582 διδασκάλων
3810 3522 3991 3585 ὦπται

2415 3618 2744 3690 καθήμενος.
2812 3620 3045 3673 Ἔπειτα
3105 3619 3499 3690 βαπτιζόμενος
3559 3619 3664 3673 ὑπὸ
3714 3620 3809 3673 τοῦ
3849 3622 3987 3691 Προ-

2416 3709 2641 3778 δρόμου’
2679 3705 2797 3763 εἶτα
2836 3710 3271 3780 θαυματουργῶν
3300 3712 3395 3763 σὺν
3423 3710 3760 3774 ἀποστόλοις·
3784 3713 3877 3765 ἐπὶ
3905 3716 3994 3765 τὶν

2420 3800 2652 3870 σταυρὸν
2690 3799 2880 3867 ἀνιὼν,
2927 3801 3250 3868 ἀποπνέων,
3295 3802 3655 3873 θαπτόμενος,
3698 3806 3995 3873 ἀνιστάμε-

2418 3907 2530 3955 νος,
2580 3891 2658 3953 είς
2706 3890 2972 3961 οὐρανοὺς
3005 3891 3387 3962 ἀνερχόμενος.
3426 3893 3649 3957 Τούτοις
3693 3890 3789 3947 οῦν
3831 3896 3994 3946 πᾶσιν

2418 3980 2698 4045 εἰκονικῶς
2731 3979 3149 4045 ὲνατενίζοντες,
3183 3982 3258 4045 ὠς
3302 3982 3605 4054 τηνικαῦτα
3652 3984 3992 4045 αὖτοπτικῶς

2417 4075 2467 4127 οί
2496 4074 2803 4139 ἀπόστολοι,
2835 4072 3086 4142 εῐποιμεν
3114 4072 3180 4126 ἂν
3209 4074 3433 4139 εἰκότως
3462 4077 3556 4129 καὶ
3582 4078 3760 4145 ἡμεῖς·
3797 4076 3990 4129 Ἑθεο.

2414 4166 2645 4235 σάμεθα
2672 4166 2787 4233 τὴν
2811 4166 2998 4231 δόξαν
3023 4168 3233 4232 αὑτοῦ,
3267 4168 3457 4231 δόξαν
3498 4168 3577 4233 ὠς
3622 4167 3994 4236 Μονογενοῦς

2416 4261 2577 4327 παρὰ
2631 4260 2894 4327 Πατρός,
2943 4259 3180 4327 πλήρης
3228 4262 3471 4329 χάριτος
3531 4262 3629 4313 καὶ
3682 4261 3987 4328 ἀληθείας.

2416 4353 2565 4422 Αὕτη
2612 4349 2705 4407 οὖν
2748 4354 2896 4405 ἐστιν
2940 4355 2972 4421 ἡ
3007 4353 3065 4415 ἐξ
3105 4352 3300 4414 αἰῶνος
3356 4354 3734 4423 κηρυττομένη
3788 4358 3984 4417 πίστις·

2415 4445 2621 4515 ταύτην
2650 4446 2967 4513 ἠσπάσαντο
2994 4446 3051 4498 αἱ
3074 4445 3225 4510 ἅγιαι
3262 4443 3487 4507 σύνοδοι,
3514 4446 3608 4497 καὶ
3637 4444 3811 4518 ταύτῃ
3859 4446 3993 4519 σύμ-

732 4555 905 4617 ψηφοι
983 4544 1313 4613 τυγχάνουσι
1368 4543 1541 4595 πᾶσαι
1616 4542 1673 4593 αἱ
1723 4539 1999 4609 πανταχοῦ
2050 4540 2192 4593 κατὰ
2220 4541 2383 4594 τόπον
2438 4538 2785 4607 Ἐκκλησίαι,
2825 4537 2882 4589 εν
2933 4553 2992 4589 τε
3044 4536 3301 4606 Ἀνατολῇ
3354 4539 3447 4589 καὶ
3493 4535 3690 4599 Adaei,
3727 4536 3908 4608 Βοῤῥᾷ
3934 4549 3990 4589 τε

730 4640 817 4691 καὶ
850 4637 1128 4706 θαλάσσῃ·
1160 4636 1228 4705 ἣν
1268 4633 1362 4687 καὶ
1392 4636 1554 4704 ἡμεῖς
1588 4634 1637 4685 οἱ
1677 4631 1950 4703 ιλάχιστοι
2013 4632 2405 4704 ἀσπαζόμενοι,
2435 4631 2705 4705 εὐχόμεθα
2736 4632 2830 4685 καὶ
2878 4629 3296 4702 ὑπερευχόμεθα
3334 4628 3696 4701 όφειλομένως
3746 4633 3844 4704 τῆς
3885 4631 3992 4687 θεο-

724 4725 913 4797 φιλοῦς
974 4726 1004 4779 ὑ
1012 4724 1128 4797 μῶν
1193 4714 1494 4795 βασιλείας.

1179 4842 1286 4899 CC.
1311 4872 1380 4882 —
1418 4838 1579 4895 Petro
1629 4838 1848 4896 Nicaea.

2759 4840 2812 4893 Σ¹
2838 4838 2973 4910 (94).
3000 4869 3070 4880 --
3098 4837 3300 4908 Πέτρῳ
3320 4840 3593 4905 Νικαίας.
3619 4836 3793 4913 [ωγ’.]

1861 4954 1935 5005 De
1958 4962 2119 5006 morte
2150 4954 2485 5019 metrOpolita
2517 4954 2851 5015 Synadorum.

798 5064 1132 5120 Audiverunt
1157 5077 1381 5133 prorsus
1405 5074 1576 5116 sacra:
1614 5074 1776 5114 aures
1807 5070 1913 5113 tua:
1956 5059 2007 5113 id
2042 5061 2185 5130 quod
2210 5076 2303 5116 ac-
2334 5066 2378 5121 D

725 5160 859 5214 cidit
904 5158 1061 5211 beato
1105 5166 1159 5210 et
1188 5154 1469 5209 communi
1517 5152 1667 5208 Patri
1709 5161 1901 5206 nostro
1943 5154 2300 5223 metrOpolitaa

727 5250 1122 5322 Synadorum;
1175 5246 1488 5317 planxitque
1534 5254 1723 5301 sancta
1760 5246 1941 5299 anima
1998 5254 2091 5299 tua
2152 5246 2298 5301 illius

725 5358 911 5405 causa,
951 5348 1112 5410 prout
1157 5354 1253 5407 par
1284 5336 1434 5392 luit:
1487 5337 1717 5391 necdum
1766 5336 2014 5389 videlicet
2065 5337 2298 5406 gemitus

724 5432 980 5494 cessavit,
1018 5445 1119 5484 nec
1143 5430 1362 5484 sedatus
1382 5437 1467 5484 est
1491 5427 1668 5490 dolor,
1699 5427 1789 5497 qui
1814 5437 2070 5497 tanquam
2094 5444 2160 5481 ex
2189 5429 2299 5481 dis-

726 5525 970 5582 sectione
997 5520 1231 5592 quadam
1260 5530 1419 5576 natus
1453 5530 1558 5575 est.
1611 5517 1813 5573 Verum
1843 5520 1949 5573 huc
1985 5518 2134 5583 ades,
2189 5529 2243 5573 et
2270 5536 2299 5572 a

727 5616 909 5679 nobis,
954 5612 1038 5667 vir
1078 5611 1561 5677 desideratissime,
1608 5610 1813 5665 clarius
1858 5610 2037 5664 edisce
2073 5628 2086 5663 :
2141 5622 2198 5665 ut
2249 5620 2300 5665 et

795 5724 845 5757 "
875 5721 1022 5779 Psal.
1049 5718 1185 5786 11,8.
1262 5718 1344 5773 “l
1382 5719 1506 5775 Cor.
1539 5732 1656 5784 vin,
1686 5717 1740 5773 ό.
1818 5718 1863 5749 ⁷⁸
1900 5715 2058 5772 Joau.
2098 5730 2195 5783 stt,
2225 5718 2313 5771 ω.
2391 5719 2618 5774 "Joan.
2655 5735 2692 5784 ι,
2732 5719 2819 5775 Η.

2482 5062 2719 5114 Ἤκουσε
2755 5059 2970 5121 πάντως
3000 5061 3033 5128 ἡ
3062 5059 3184 5129 ἱερά
3218 5075 3310 5111 σου
3331 5057 3469 5129 ἀκοὴ
3498 5058 3561 5111 τὸ
3589 5060 3719 5131 περὶ
3752 5059 3845 5113 τὸν
3894 5076 3993 5128 μα-

2407 5153 2599 5222 κάριον
2661 5152 2755 5205 καὶ⁵
2786 5150 2962 5205 κοινὸν
2996 5152 3213 5220 Πατέρα
3234 5153 3265 5220 ἠ
3276 5151 3391 5219 μῶν
3437 5153 3844 5222 μητροπολίτην
3870 5153 3994 5205 Συνο

2408 5246 2552 5301 άδων
2590 5243 2783 5306 ’πάθος⁶
2827 5243 2923 5296 καὶ
2954 5242 3203 5312 ὡδῦρατό
3235 5260 3327 5295 σου
3358 5245 3391 5312 ἡ
3422 5244 3553 5311 ἁγία
3574 5244 3719 5315 ψυχὴ
3742 5244 3829 5297 ἐπ’
3853 5244 3994 5312 αὐτῷ

2406 5339 2473 5391 τὰ
2496 5336 2699 5392 εἰκότα’
2734 5334 2856 5389 ἐπεὶ
2886 5334 2980 5387 καὶ
3036 5334 3119 5386 ἔτι
3148 5335 3241 5387 τοῦ
3280 5334 3589 5406 στεναγμοῦ
3617 5336 3717 5389 οὐκ
3746 5336 3989 5389 amas-

2407 5444 2529 5481 σοι’
2558 5428 2679 5481 οὐδὲ
2729 5427 2827 5494 τῆς
2882 5426 3046 5478 οἱονεὶ
3090 5427 3152 5478 ὲκ
3198 5426 3297 5495 τῆς
3339 5426 3670 5496 διχοτομίας·
3697 5425 3990 5497 γενομένης

2409 5519 2699 5590 ἀλγηδόνος
2732 5517 3076 5585 ἁπολήξειεν.
3124 5518 3285 5571 Ἀλλὰ
3306 5518 3484 5585 δεῦρο.
3513 5519 3606 5571 καὶ
3656 5520 3789 5590 παρ’
3821 5518 3990 5589 ἡμῶν.

2406 5605 2451 5664 ῶ
2481 5600 2775 5680 τρίπόθητε
2808 5651 2823 5674 ,
2877 5608 3154 5677 διδάχθητι
3207 5609 3619 5681 ἐναργέστερον·
3680 5609 3757 5674 ὡς
3800 5610 3865 5665 ἂν
3901 5611 3988 5663 καὶ

2898 5720 2940 5749 ⁷⁸
2968 5716 3108 5772 Psal.
3137 5733 3243 5784 cu,
3272 5718 3325 5775 ὅ.

2246 5812 2479 5870 ΝΟΤΔΞ.

804 5934 919 6008 (94)
949 5934 1009 5987 In
1041 5932 1168 5990 cod.
1197 5932 1330 6005 Reg.
1362 5930 1463 5997 σθ’.
