4184 6510
240 426 383 492 1613

1414 427 1952 489 EPISTOLARUM
1992 426 2139 488 LIB.
2205 426 2286 488 Il.

3334 423 3467 491 1614

225 544 400 611 ἡμεῖς
422 539 484 593 τὸ
506 536 849 609 ὀφειλόμενον
877 537 1034 609 χρέος
1062 537 1317 608 τίσωμεν·
1351 538 1446 590 καὶ
1483 538 1643 599 αὑτὸς
1663 539 1801 590 isto-

1908 550 2003 592 nos
2038 551 2236 591 munus
2267 532 2508 589 debitum
2541 530 2839 597 solvamus,
2869 542 2924 589 et
2962 540 3018 588 tu
3064 548 3151 588 res
3179 533 3300 603 ejus
3347 552 3469 589 cer-

242 634 544 703 ρικώτερον
586 630 842 698 ἐπιγνοὺς
880 630 948 684 τά
997 629 1119 684 κατ’
1146 628 1325 692 αὑτὸν,
1366 627 1646 699 ῥᾳστώνην
1683 628 1805 681 τινὰ

228 720 421 784 λάϐοις
448 722 511 774 ὲκ
538 721 638 790 τῆς
666 720 973 791 ὲξηγορίας.
1009 720 1092 781 Ὢ,
1124 718 1201 773 t'o!
1234 718 1349 781 πῶς
1373 718 1635 788 ἀδακρυτὶ
1657 718 1806 787 ἐνέγ-

226 831 427 885 κοιμεν
478 812 541 866 τδ
588 812 869 883 ὀδυρτικόν
929 812 1260 881 ἀπάγγελμα
1299 826 1314 877 ;
1355 812 1613 879 ὑγιαίνων
1659 806 1728 882 ἦν
1778 811 1807 864 6

228 906 447 975 Πατὴρ,
480 906 548 958 τά
585 905 786 974 συνήθη
818 903 1052 972 ἐνεργῶν
1095 906 1194 972 τῆς
1240 904 1604 974 ἀνυποκρίτου
1638 902 1805 957 αὑτοῦ

231 998 482 1065 ἀγάπης,
512 996 607 1050 καὶ
637 995 771 1064 πρὸς
793 995 918 1058 τοὺς
944 994 1204 1063 ἀδελφοὺς
1231 994 1327 1047 καὶ
1348 994 1595 1062 Πατέρας
1621 993 1806 1060 δεξιώ-

233 1105 401 1151 σεως.
437 1088 533 1150 Τίς
573 1086 679 1156 γάρ
710 1087 738 1138 6
775 1086 933 1138 πλέον
970 1085 1180 1138 ἐκείνου
1215 1084 1517 1154 φιλοξενίαν
1565 1084 1808 1148 ἀσπαζόο

236 1195 423 1246 μενος,
451 1178 540 1229 καὶ
560 1175 875 1246 θεραπεύων
902 1176 1255 1247 φιλουμένους
1281 1192 1295 1239 ;
1332 1176 1391 1228 ὃν
1423 1176 1544 1245 οὐχὶ
1571 1176 1604 1245 ἡ
1636 1175 1804 1228 ἐπάλ-

232 1270 399 1336 ληλος
434 1267 539 1321 τῶν
571 1266 966 1336 ἐπιφοιτώντων
990 1268 1263 1336 παρουσία
1292 1268 1385 1319 καὶ
1415 1265 1648 1335 ιπιμονὴ
1683 1266 1808 1319 ἐδά-

239 1358 435 1428 μαζενο
483 1358 606 1410 ὅσον
641 1357 767 1425 ἡνία
800 1356 999 1426 μᾶλλον
1034 1359 1066 1427 ἡ
1098 1357 1289 1417 σπάνις
1329 1355 1561 1417 τούτων,
1586 1354 1682 1408 καὶ
1708 1373 1805 1408 τα-

237 1451 365 1517 χεῖα
416 1446 716 1501 παλινοδία.
749 1448 859 1501 Καὶ
887 1447 940 1499 τί
968 1446 1049 1500 δεῖ
1094 1447 1229 1518 πρὸς
1276 1445 1335 1499 σὲ
1392 1446 1482 1499 τὸν
1520 1443 1579 1499 εὖ
1631 1446 1811 1499 εἰδότα

237 1537 714 1607 ὑποδειγματίζειν
750 1539 811 1591 τὸ
837 1537 1161 1607 λεγόμενον;
1189 1534 1295 1592 Ἦν
1328 1532 1440 1599 οὖν,
1466 1537 1541 1599 ώς
1570 1537 1806 1607 εἴρηται,

240 1633 301 1684 ἐν
332 1631 559 1694 τούτοις.
605 1629 756 1682 Ἐπεὶ
806 1630 862 1682 δὲ
914 1629 1095 1700 παρῆν
1132 1630 1165 1699 ὴ
1197 1628 1380 1700 ἡμέρα
1418 1631 1514 1699 τῆς
1546 1628 1686 1698 μετὰ
1709 1628 1808 1697 τὴν

240 1719 618 1792 Πεντηκοστὴν
669 1718 923 1790 δευτέρας
949 1720 1290 1790 ἑορτάσιμος,
1316 1720 1549 1783 ἀναστάς
1580 1720 1688 1775 ἀπὸ
1709 1720 1809 1791 τῆς

240 1810 561 1874 ἑστιάσεως,
593 1810 802 1880 ἐλήφθη
852 1811 1033 1873 πόνοις
1064 1810 1397 1881 καταρροίας
1438 1810 1545 1863 ἀπὸ
1576 1810 1677 1881 τῆς
1713 1829 1807 1865 κε-

241 1905 421 1975 φαλῆς
445 1904 745 1973 γενομένης
770 1904 864 1957 ὲπὶ
888 1902 978 1957 τὸν
1014 1902 1303 1956 σπόνδυλον
1332 1904 1426 1955 καὶ
1457 1904 1582 1968 τοὺς
1608 1904 1807 1968 τόπους

239 1995 353 2048 τῶν
379 1995 756 2066 μεταφρένων.
795 1994 909 2063 Ἐφ’
934 1987 978 2062 ᾧ
1010 1993 1318 2063 κινηθέντες
1343 1995 1394 2047 oi
1421 1997 1688 2062 ταπεινοὶ,
1715 1995 1809 2049 εὑ-

246 2104 415 2158 ρομεν
448 2086 608 2140 αὑτὸν
640 2086 914 2157 κάμνοντα
938 2084 1014 2156 τῷ
1041 2084 1175 2148 δντι,
1201 2083 1296 2138 καὶ
1324 2084 1687 2154 διασαφοῦντα
1710 2088 1809 2152 τὰς

241 2178 423 2241 αἰτίας
451 2177 551 2246 τῆς
578 2175 969 2246 συμπτώσεως.
1012 2168 1144 2227 Εἶτα
1171 2174 1357 2245 ἐπειδὴ
1387 2176 1811 2247 ὑπεστρέψαμεν

240 2272 403 2326 οἴκοιο
444 2267 596 2333 αὖθις
625 2273 688 2341 τῇ
723 2270 848 2339 ἑξῆς
900 2269 1355 2340 παραγενόμενοι,
1389 2269 1623 2342 εὕρομεν
1647 2272 1809 2326 αὑτὸν

242 2361 330 2414 ἔτι
359 2360 679 2429 βαλλόμενον
714 2357 1097 2427 σφοδροτέραις
1127 2359 1407 2428 ἀλγηδόσι,
1440 2360 1535 2413 καὶ
1596 2360 1811 2415 διακαεῖ

242 2452 487 2523 πυρετῷ*
520 2452 671 2522 μόλις
712 2450 999 2518 δυνηθέντα
1038 2453 1172 2521 ημῖν
1214 2452 1394 2523 ἠρέμα
1433 2454 1809 2522 προσφθέγξα-

246 2545 395 2597 σθαι·
431 2543 526 2597 καὶ
552 2543 649 2608 τὴν
678 2541 986 2607 ἀπόγνωσιν
1027 2542 1125 2594 τοῦ
1158 2543 1256 2613 ζῇν
1295 2544 1351 2596 ὲν
1384 2544 1546 2613 σαρκὶ
1577 2544 1809 2597 αἰνιττό-

246 2652 435 2705 μενον.
465 2634 531 2687 Τί
572 2632 632 2685 τὸ
655 2632 815 2703 ἐξῆςς
858 2636 925 2704 τῇ
969 2634 1126 2705 τρίτῃ
1153 2635 1332 2705 ἡμέρᾳ
1366 2637 1459 2689 καὶ
1486 2635 1682 2706 δεσμὸς
1713 2637 1811 2705 τῆς

244 2726 495 2795 γλώττης
537 2724 790 2793 πάμπαν,
827 2728 923 2778 καὶ
954 2726 1013 2779 οὑ
1051 2725 1245 2797 μετ’οὑ
1272 2726 1406 2779 πολὺ
1439 2728 1467 2780 6
1490 2727 1684 2798 πικρὸς
1714 2728 1811 2781 θά-

244 2833 427 2880 νατος.
471 2814 609 2869 Ἀλλ’
644 2816 776 2886 ἡμῖν
810 2816 927 2887 μὲν,
963 2816 1049 2870 διά
1089 2820 1187 2887 τὴν
1220 2818 1473 2888 στέρησιν
1513 2818 1607 2872 τοῦ
1656 2820 1810 2888 ἁγίου

246 2905 479 2976 ἀνδρὸς,
515 2903 575 2956 τὸ
610 2904 805 2973 πικρὸν
844 2904 1082 2975 είρήσθω
1110 2921 1125 2936 ⁸
1177 2907 1370 2974 ἐκείνῳ
1422 2907 1479 2961 δὲ
1525 2908 1619 2961 καὶ
1671 2910 1810 2963 πάνυ

244 2993 446 3063 γλυκὺ,
484 2992 573 3046 διὰ
606 2992 668 3046 τὸ
691 2993 955 3047 ἀναλῦσαι
982 2997 1076 3048 καὶ
1106 2997 1203 3049 σὺν
1226 2997 1446 3067 Χριστῷ
1473 2995 1632 3052 εἶναι·
1657 2995 1717 3055 οὗ
1760 3002 1813 3054 τί

246 3082 320 3135 ἂν
348 3082 429 3151 εῐη
474 3085 885 3153 μακαριώτερον
908 3101 922 3150 ;
958 3085 1172 3138 Ἐκειτο
1193 3081 1285 3138 οὖν
1303 3090 1331 3139 6
1359 3090 1668 3160 μακαρίτης
1695 3090 1816 3161 (κα-

1904 628 2043 684 tiore
2099 626 2321 683 historia
2379 641 2732 697 cognoscens,
2799 627 3035 696 quietem
3107 628 3348 698 aliquam
3402 644 3469 682 ex

1905 721 2217 776 narratione
2265 718 2520 789 accipias.
2570 716 2637 783 Ο,
2687 732 2743 781 o,
2792 735 2901 788 quo
2952 730 3110 788 pacto
3165 720 3470 775 luctuosam

1906 810 2484 867 commemorationem
2526 809 2645 865 sine
2698 809 2953 879 lacrymis
3000 809 3218 864 feram?
3260 811 3474 864 Incolu-

1906 903 2011 959 mis
2059 910 2176 957 erat
2226 901 2405 964 Pater,
2452 901 2625 956 solitis
2677 900 2899 955 minime
2948 899 3141 955 fucat:e
3186 900 3476 955 charitatis

1905 1007 2020 1048 sum
2073 991 2326 1063 operibus
2377 992 2641 1053 intentus,
2696 989 3063 1057 fratribusque
3113 1006 3177 1047 ac
3224 990 3476 1046 Patribus

1906 1083 2143 1151 hospitio
2180 1082 2521 1151 recipiendis.
2552 1080 2687 1148 Quis
2715 1081 2858 1135 enim
2903 1080 3323 1151 hospitalitatem
3355 1081 3476 1151 plus

1907 1174 2000 1228 illo
2030 1174 2323 1237 adamavit,
2360 1183 2455 1228 aut
2490 1174 2665 1227 amice
2715 1173 2955 1243 exceptis
2997 1174 3326 1228 ministravit
3367 1175 3477 1227 itu-

1907 1266 2130 1335 pensius
2154 1265 2179 1317 ?
2209 1279 2370 1334 quem
2403 1278 2503 1318 nec
2532 1264 2787 1318 continua
2820 1264 3050 1316 aliorum
3090 1278 3157 1318 ex
3203 1264 3326 1319 aliis
3376 1263 3477 1317 ad-

1908 1356 2238 1409 ventantium
2272 1352 2597 1423 frequentia.
2655 1369 2754 1408 nec
2782 1353 3091 1408 diuturnior
3136 1369 3289 1408 mora
3322 1352 3476 1407 fran-

1908 1444 2065 1513 gebat
2100 1462 2114 1499 :
2158 1453 2421 1513 quantum
2462 1444 2691 1514 angebat
2728 1446 2911 1515 potius
2941 1445 3135 1499 hormn
3166 1444 3386 1509 raritas,
3421 1454 3478 1499 et

1908 1538 2014 1589 cita
2043 1535 2323 1603 profectio.
2357 1535 2423 1590 Et
2451 1536 2579 1605 quid
2610 1552 2747 1606 opus
2770 1546 2855 1592 est
2908 1537 3022 1592 haec
3052 1538 3168 1602 tibi,
3197 1536 3284 1591 cui
3312 1535 3478 1605 probe

1909 1637 2034 1680 nota
2058 1635 2204 1686 sunt,
2231 1626 2507 1695 exemplis
2527 1628 2848 1683 confirmare
2878 1630 2902 1681 Υ
2942 1627 2999 1682 In
3033 1628 3117 1682 liis
3152 1628 3315 1697 igitur
3336 1638 3476 1691 erat,

1910 1724 1968 1769 ut
1999 1716 2200 1770 dictum
2232 1725 2335 1772 est.
2368 1715 2503 1772 Cum
2546 1727 2725 1772 autem
2759 1717 2895 1773 festa
2933 1719 3050 1773 dies
3094 1729 3345 1788 ageretur
3385 1734 3478 1773 se-

1911 1810 2086 1863 cunda
2117 1807 2483 1871 Pentecostes,
2531 1811 2962 1881 surrexissetque
2992 1827 3020 1865 a
3060 1811 3324 1872 convivio.
3358 1826 3481 1865 cor-

1910 1908 2095 1967 reptus
2110 1908 2195 1952 est
2213 1899 2484 1962 catarrho,
2507 1913 2535 1951 a
2550 1899 2724 1967 capite
2741 1900 2794 1954 in
2821 1900 3095 1954 vertebras
3114 1908 3167 1953 et
3186 1900 3291 1954 alia
3312 1900 3480 1955 dorso

1909 1988 2086 2041 vicina
2108 1986 2397 2042 defluente.
2432 1987 2549 2054 Quo
2574 2003 2706 2042 casu
2750 1990 2909 2044 exciti
2954 2004 3055 2044 nos
3100 1989 3353 2056 humiles,
3390 1990 3478 2044 of-

1910 2081 2180 2137 fendimus
2203 2082 2379 2151 ipsum
2423 2097 2614 2137 revera
2664 2082 3033 2153 languentem,
3076 2094 3131 2138 et
3166 2084 3287 2153 ejus
3333 2082 3482 2153 quod

1905 2158 2200 2237 acciderat,
2230 2189 2424 2229 causas
2447 2174 2827 2243 explicantem.
2855 2175 3055 2231 Deinde
3087 2192 3211 2230 cunt
3246 2175 3481 2245 regressi

1908 2265 2129 2318 domum
2185 2280 2453 2331 essemus,
2503 2266 2696 2321 iterum
2729 2266 2817 2323 die
2848 2268 3094 2336 sequenti
3138 2269 3482 2336 accedentes,

1911 2356 2215 2410 invenimus
2248 2356 2397 2411 illum
2429 2357 2730 2412 acrioribus
2753 2358 2928 2413 adhuc
2958 2359 3240 2412 doloribus
3283 2359 3484 2413 arden-

1913 2450 2057 2518 tique
2114 2448 2247 2505 febri
2282 2450 2657 2505 laborantem:
2701 2450 2773 2504 ita
2820 2461 3161 2522 utazgreuos
3203 2452 3305 2505 leni
3348 2468 3482 2507 voce

1910 2539 2111 2607 alloqui
2155 2550 2353 2607 posset,
2389 2554 2456 2594 ac
2502 2540 2569 2594 de
2600 2539 2707 2593 vita
2733 2540 2786 2593 in
2812 2555 2972 2595 carne
2997 2542 3284 2610 desperare
3308 2558 3369 2596 se
3395 2542 3482 2596 iu.

1916 2638 2122 2681 nueret.
2158 2628 2297 2693 Quid
2327 2637 2511 2698 postea
2544 2631 2567 2684 ?
2597 2631 2686 2686 die
2725 2633 2883 2686 tertio
2910 2642 2963 2687 et
2994 2633 3177 2703 lingua
3224 2636 3480 2704 impedita

1914 2735 2159 2789 prorsus,
2191 2737 2291 2775 nec
2323 2722 2490 2775 multo
2514 2732 2636 2793 post
2665 2726 2860 2780 acerba
2886 2742 3056 2781 mors.
3087 2727 3188 2783 Sed
3211 2729 3301 2785 illa
3324 2729 3481 2784 nobis

1913 2808 2154 2876 quidem,
2201 2811 2295 2879 qui
2344 2822 2537 2867 sancto
2586 2814 2702 2868 viro
2760 2816 2956 2885 privati
3015 2834 3225 2884 sumus,
3285 2820 3483 2877 acerba

1912 2900 2124 2954 dicatur
2154 2917 2169 2967 ;
2228 2902 2302 2955 illi
2352 2918 2481 2957 vero
2509 2912 2564 2957 et
2594 2907 2746 2961 valde
2766 2908 2961 2972 dulcis,
2988 2920 3045 2963 ut
3072 2910 3479 2977 dissolveretur,

1913 3000 1965 3043 et
1998 3001 2142 3046 esset
2163 3008 2284 3047 cum
2315 2994 2533 3051 Christo
2560 3012 2710 3065 ;quo
2735 3000 2865 3068 quid
2898 3015 3019 3055 esse
3042 3012 3206 3071 queat
3228 3002 3485 3060 beatius?

1914 3080 2280 3156 Jacebatergo
2305 3087 2387 3141 vir
2416 3089 2606 3144 beatus
2630 3093 2647 3159 (
2676 3092 2876 3146 bonum
2901 3094 3045 3148 enim
3072 3106 3155 3149 est
3179 3095 3281 3150 hoc
3314 3097 3482 3152 etiam

243 3174 343 3227 λδν
370 3173 476 3244 γάρ
524 3176 617 3227 καὶ
648 3175 802 3229 τοῦτο
830 3176 1163 3247 ὑπογράψαι.
1190 3177 1375 3250 ὥσπερ
1417 3197 1469 3233 τι
1498 3181 1649 3245 ξένον
1684 3184 1808 3236 θέα-

1915 3176 2217 3247 designare,
2251 3188 2506 3249 tanquam
2552 3182 2868 3238 inusitatum
2900 3187 3167 3254 quoddam
3196 3199 3483 3257 spectacuo

252 3266 378 3335 μα),
403 3266 674 3336 αἰδέσιμος
701 3270 767 3336 τῇ
790 3267 933 3337 ὄψει,
953 3268 1295 3339 άγγελοειδὴς
1325 3270 1402 3341 τῷ
1432 3273 1691 3342 σχήματι·
1714 3277 1814 3342 τῆς

249 3357 633 3425 ὲνδημησάσης
710 3357 845 3426 πρὸς
900 3358 1099 3429 Κύριον
1164 3360 1344 3431 ψυχῆς
1406 3362 1592 3433 ὥσπερ
1662 3364 1812 3428 τινὰς

250 3447 529 3517 ἡλιοειδεῖς
556 3450 904 3518 χαρακτῆρας
926 3450 1407 3521 ὲναπομαξαμένης
1434 3453 1509 3522 τῷ
1542 3452 1673 3524 ἱερῷ
1709 3454 1813 3507 σώ-

256 3557 412 3610 ματι,
449 3539 565 3609 μεθ’
598 3535 658 3593 οὑ
684 3542 778 3592 καὶ
806 3542 891 3608 ἐφ’
913 3535 957 3607 ᾧ
988 3541 1308 3610 λελάτρευκε
1332 3546 1399 3613 τῇ
1434 3545 1565 3616 ἁγία
1606 3547 1811 3616 Τριάδι.

268 3632 558 3701 Ἥθροίσθη
586 3631 1216 3702 ὲξαπίνηεὸμιλος,ιόμοῧ
1244 3636 1339 3702 μὲν
1370 3636 1814 3709 μοναστῶν,όμοῦ

253 3722 316 3775 δὲ
342 3723 437 3774 καὶ
464 3721 724 3790 μιγάδων,
759 3721 926 3782 πολὺς
958 3723 1039 3775 ὃτι
1073 3724 1328 3792 μάλιστα’
1357 3726 1705 3796 περιεκέχυτο
1738 3730 1817 3793 είς

253 3812 391 3867 αὐτὸ
424 3812 495 3874 di,
549 3812 692 3881 ἱερὸν
745 3814 1025 3885 κειμήλιον
1058 3816 1398 3882 ἀποϐλέπων,
1439 3818 1470 3887 ἢ
1507 3820 1705 3889 μᾶλλον
1736 3823 1816 3875 οἰ-

255 3906 533 3973 κειότερον
569 3907 773 3968 εἰπεῖν,
823 3907 897 3968 ώς
944 3906 1186 3977 ἔμπνουν
1238 3911 1332 3962 καὶ
1365 3913 1560 3978 φωνεῖν
1587 3913 1819 3983 δυνάμε-

255 4014 370 4052 νον.
410 3996 615 4067 Ἐχεῖτο
659 3995 868 4067 δάκρυα
911 4000 1018 4051 τῶν
1075 3999 1175 4065 μὲν
1212 4001 1518 4071 αἰδημόνων
1561 4004 1816 4075 ἀψοφητὶ,

255 4088 369 4143 τῶν
416 4089 472 4142 δὲ
521 4089 868 4159 θεραπευτῶν
914 4091 1333 4163 ὲκραγέστερον.
1392 4094 1577 4159 Οὕτως
1603 4093 1695 4151 οὖν
1725 4100 1820 4153 σὺν

255 4181 598 4251 ψαλμῳδίαις
620 4184 738 4244 ταῖς
759 4181 1129 4253 καθηκούσαις
1156 4184 1248 4237 καὶ
1269 4184 1616 4254 ἐπικλήσεσιν
1640 4190 1823 4261 ῑεραρ-

259 4275 445 4343 χικαῖς
482 4270 751 4340 παρεδόθη
787 4271 865 4340 τῷ
907 4272 1084 4342 τάφῳ,
1123 4272 1246 4326 καθ’
1281 4272 1339 4325 ὃν
1381 4275 1545 4328 τόπον
1582 4275 1761 4330 εἰώθει
1792 4280 1822 4330 ό

266 4362 531 4432 μακάριος
579 4361 910 4433 λειτουργεῖν
972 4363 1181 4433 Κυρίῳ·
1244 4364 1401 4433 καίγε
1458 4367 1757 4438 προσετέθη
1792 4370 1822 4422 6

266 4454 456 4523 Πατὴρ
471 4456 582 4515 τοῖς
603 4456 713 4508 Πατ
723 4454 897 4523 ράσιν,
919 4455 947 4506 6
964 4456 1299 4524 όμολογητῂς
1314 4460 1423 4520 τοῖς
1445 4458 1819 4528 όμολογηταῖς,

1921 3269 2081 3339 lum),
2103 3272 2445 3328 venerandus
2470 3272 2714 3345 aspectu,
2744 3279 2918 3346 angeli
2946 3278 3183 3334 referens
3208 3281 3439 3350 speciem
3462 3322 3480 3348 ,

1921 3373 2043 3412 cum
2073 3360 2135 3413 ad
2175 3360 2458 3417 Dominum
2502 3365 2849 3433 proficiscens
2878 3368 3082 3433 anima,
3130 3370 3260 3425 solis
3286 3370 3481 3436 instar,

1922 3451 2195 3505 radiantes
2257 3463 2413 3509 notas
2474 3456 2734 3523 quasdam
2798 3458 3170 3527 impressisset
3217 3462 3270 3515 in
3325 3476 3484 3518 sacno

1923 3558 2168 3613 corpore,
2201 3560 2323 3601 cum
2350 3560 2459 3615 quo
2483 3556 2537 3601 et
2570 3550 2621 3602 in
2658 3565 2768 3618 quo
2802 3562 3045 3605 sanctam
3083 3552 3328 3608 coluerat
3360 3552 3484 3610 Tri-

1924 3634 2168 3691 nitatem.
2231 3635 2465 3690 Coactus
2517 3648 2602 3693 est
2658 3641 2803 3695 illico
2849 3652 3026 3697 coetus
3088 3645 3482 3700 monachorum

1924 3726 2375 3797 saeculariumque
2405 3744 2566 3797 quam
2592 3733 2861 3787 maximus
2895 3750 2910 3799 ;
2945 3734 3308 3791 circumfusus
3333 3736 3485 3792 illum

1927 3824 2181 3882 tanquam
2215 3830 2431 3869 sacrum
2468 3818 2663 3886 pignus
2693 3819 3003 3878 intuebatur
3036 3840 3050 3889 ;
3090 3824 3195 3887 vel,
3228 3836 3287 3879 ut
3312 3826 3487 3898 magis

1924 3905 2141 3974 proprie
2191 3905 2391 3971 dicam,
2435 3917 2692 3978 tanquam
2737 3912 3053 3979 spirantem,
3104 3925 3159 3969 et
3206 3917 3299 3986 qui
3337 3917 3487 3988 loqui

1926 4006 2127 4067 posset.
2162 3996 2551 4055 Fundebantur
2572 4001 2823 4075 lacrymae
2854 4006 2923 4060 ab
2954 4007 3232 4063 honoratis
3265 4012 3487 4081 quidem

1925 4088 2055 4141 viris
2080 4087 2196 4144 sine
2225 4091 2452 4160 strepitu
2477 4129 2493 4157 ,
2536 4106 2567 4147 a
2612 4094 2783 4148 servis
2816 4107 2992 4150 autem
3033 4099 3216 4153 sonitu
3259 4101 3487 4169 majore.

1928 4179 2020 4235 Sic
2055 4196 2183 4250 ergo
2230 4196 2355 4236 cum
2402 4183 2719 4252 psalmodiis
2751 4189 3175 4256 congruentibus
3202 4199 3258 4245 et
3297 4191 3490 4247 faustis

1926 4275 2302 4343 episcoporum
2349 4276 2821 4344 apprecationibus
2865 4281 3155 4349 sepultura:
3202 4284 3491 4341 mandatus

1926 4374 2010 4421 est
2035 4381 2101 4421 eo
2134 4367 2187 4420 in
2220 4366 2361 4431 loco,
2391 4367 2482 4422 ubi
2510 4369 2590 4422 vir
2620 4368 2811 4424 beatus
2853 4387 3009 4427 sacra
3042 4374 3270 4430 Domino
3311 4376 3491 4434 facere

1928 4470 2321 4514 consueverat:
2353 4461 2739 4532 appositusque
2766 4472 2849 4517 est
2870 4464 3027 4519 Pater
3060 4464 3330 4533 Patribus,
3355 4484 3490 4523 con-

263 4548 292 4597 6
320 4544 634 4607 διδάσκαλος
667 4546 777 4606 τοῖς
808 4545 1164 4609 διδασκάλοις,
1191 4550 1219 4600 6
1247 4548 1531 4619 ὑποφήτης
1557 4553 1669 4614 τοῖς
1696 4552 1809 4604 ὑποι

1929 4552 2101 4604 fessor
2131 4550 2557 4615 eonfessoribus,
2601 4554 2859 4625 magister
2888 4556 3184 4627 magistris,
3224 4558 3489 4628 interpres

267 4639 486 4705 φήταις·
540 4635 908 4706 προσθείημεν
940 4637 985 4689 δ’
1019 4638 1086 4691 ἂν
1123 4638 1217 4691 καὶ
1246 4637 1438 4692 ταῦτα.
1478 4642 1508 4692 ὁ
1557 4642 1827 4713 ἐγκρατὴς

1926 4642 2358 4710 interpretibus:
2402 4643 2698 4698 addiderim
2741 4661 2869 4702 vero
2910 4659 2964 4701 et
3007 4648 3108 4703 ista
3142 4665 3157 4703 :
3202 4653 3489 4706 continens

267 4731 381 4790 τοῖς
418 4729 762 4797 ὲγκρατὲσιν,
797 4732 825 4782 6
848 4730 1004 4797 ἁγνὸς
1026 4733 1138 4794 τοῖς
1166 4731 1464 4800 φιλάγνοις,
1494 4732 1524 4784 6
1557 4734 1809 4801 φιλόξενοι

1925 4732 2349 4794 Continentibus.
2403 4744 2585 4789 castus
2637 4737 2974 4793 castimoniae
3016 4741 3349 4806 amantibus,
3390 4742 3489 4796 ho-

267 4822 380 4881 τοῖς
427 4818 756 4887 φιλοξένοις.
808 4822 837 4873 6
890 4821 1109 4889 μέτριος
1165 4824 1275 4881 τοῖς
1328 4824 1739 4895 μετριόφροσιν·
1799 4834 1809 4879 4

1924 4823 2132 4892 spitalis
2160 4825 2581 4894 hospitalitatem
2612 4828 2935 4895 colentibus,
2964 4831 3241 4889 modestus
3280 4834 3489 4888 modice

267 4912 447 4965 πάντα
480 4915 591 4973 τοῖς
631 4912 795 4965 πᾶσιν
828 4907 886 4965 εὖ
917 4912 1174 4981 γεγονὼς,
1199 4914 1321 4967 καθ’
1340 4917 1463 4969 ὅσον
1490 4911 1600 4970 οἷόν
1629 4934 1709 4980 τε,
1743 4920 1826 4971 ἵνα

265 5006 395 5067 τους
423 5004 660 5066 πάντας,
691 5004 725 5074 ἢ
772 5004 896 5067 τοὺς
947 5005 1196 5069 πλείονας
1247 5008 1503 5079 κερδήσῃ·
1540 5010 1827 5064 ἀποστολι-

270 5095 387 5155 κοῖς
425 5092 845 5163 κατορθώμασιν
875 5094 1299 5165 ἐπερειδόμενος.
1353 5098 1461 5149 Καὶ
1518 5098 1610 5151 νῦν
1665 5102 1827 5171 ἡμεῖς

275 5185 375 5254 μὲν
406 5185 457 5236 οἱ
518 5186 764 5239 ταπεινοὶ
812 5187 1119 5257 ὀρφανικῶς
1159 5188 1549 5260 ἀποδυρόμενοι
1614 5191 1705 5245 τὸν
1751 5192 1826 5257 ὡς

273 5275 491 5341 ἀληθῶς
524 5278 619 5329 καὶ
647 5278 980 5349 φιλοπάτορα
1010 5280 1102 5332 καὶ
1133 5282 1451 5351 φιλάδελφον
1474 5300 1487 5312 ·
1539 5286 1573 5353 ὴ
1616 5283 1673 5336 δὲ
1706 5286 1827 5339 κατ’

273 5366 438 5420 αὑτὸν
487 5367 802 5439 Ἐκκλησία,
834 5365 931 5422 εἰτ’
963 5366 1055 5423 οὖν
1080 5372 1141 5423 τὸ
1169 5373 1363 5443 μικρὸν
1397 5372 1660 5444 ποίμνιον,
1692 5376 1829 5444 ηπο-

276 5457 512 5527 ρημένον
568 5457 710 5522 λίαν,
744 5459 837 5511 καὶ
866 5460 1305 5529 ἀνακαλούμενον
1342 5463 1435 5518 τὸν
1472 5468 1704 5535 ποιμένα
1734 5465 1829 5521 καὶ

275 5546 514 5617 Πατέρα,
548 5544 635 5601 οἷα
660 5550 809 5613 είκὸς
837 5553 1174 5615 νεοττοὺς....

345 5723 393 5754 ’⁸
423 5723 440 5776 l
485 5723 611 5784 Cor.
644 5742 717 5791 ιι,
741 5726 805 5780 l9
834 5740 885 5783 et
904 5728 993 5783 2!.

1929 4914 1994 4967 de
2011 4929 2068 4968 se
2087 4915 2475 4971 sentientibus:
2494 4916 2583 4985 qui
2608 4919 2789 4973 omnia
2817 4919 3072 4976 omnibus
3089 4922 3134 4955 ⁷⁸
3158 4922 3258 4975 rite
3288 4921 3487 4988 fuerat,

1929 5007 2105 5076 quoad
2136 5006 2217 5061 fas
2248 5006 2367 5071 fuit,
2390 5018 2446 5063 ut
2466 5024 2655 5065 omnes
2681 5021 2775 5065 aut
2795 5012 3104 5083 complures
3122 5013 3487 5081 lucrifaceret,

1930 5096 2239 5167 apostolicis
2280 5106 2425 5152 recte
2478 5098 2635 5155 factis
2694 5102 2980 5157 subnixus.
3037 5103 3100 5157 Et
3133 5119 3231 5159 nos
3269 5104 3488 5175 quidem

1932 5189 2160 5243 humiles
2215 5204 2357 5243 nunc
2406 5189 2771 5259 orphauorum
2828 5208 2977 5248 more
3030 5195 3274 5265 lugemus
3339 5196 3489 5252 illum

1930 5295 2054 5334 vere
2087 5280 2305 5335 Patrum
2347 5281 2684 5354 fratrumque
2706 5295 3000 5341 amatorem
3041 5306 3054 5342 :
3088 5288 3209 5356 ejus
3238 5303 3364 5343 vero
3393 5286 3494 5344 Ee-

1928 5371 2114 5435 clesia,
2163 5387 2258 5427 seu
2306 5376 2538 5443 pusillus
2571 5392 2721 5445 grex,
2752 5393 2863 5445 quo
2895 5394 2954 5434 se
3000 5389 3173 5435 vertat
3221 5381 3490 5444 nesciens,

1930 5474 2313 5534 pastoremque
2338 5475 2393 5521 et
2428 5476 2632 5537 patrem
2687 5485 2999 5540 reposcens,
3033 5472 3490 5543 quemadmodum

1932 5555 2107 5625 pullos
2133 5556 2425 5614 verisimile
2453 5568 2557 5616 est.
2591 5600 2604 5614 .
2639 5599 2654 5614 .
2689 5598 2704 5616 .
2739 5599 2753 5615 .
2788 5598 2805 5615 .
