4184 6486
726 367 864 431 1615

1065 480 1194 537 CCI.
1221 513 1290 524 --
1319 482 1593 539 Pliilotlieo
1631 485 1941 551 possessori.

1922 371 1981 434 S.
2023 370 2416 434 THEODORI
2445 374 2793 437 STUDITAZ

3845 388 3977 450 1616

2748 492 2845 545 ΣΑ¹
2860 492 3068 563 (95).—-
3084 495 3342 561 ¢r.looé<p
3359 496 3618 567 κτήτορι.

717 596 1087 655 Presbyterum,
1119 597 1207 659 qui
1245 598 1467 659 digamos
1507 600 1850 657 curonaverat,
1891 595 2067 671 ἱερείᾳ·
2090 596 2284 658 operari
2307 608 2419 671 non
2462 597 2651 671 debere
2678 614 2692 671 ξ
2719 600 2848 671 sicut
2878 606 2977 667 jam
3009 605 3071 655 de
3109 607 3283 657 eodem
3312 610 3610 671 presbytero
3641 612 3705 662 ad
3737 619 3976 667 eumdem

1890 659 2205 709 Philotbeum
2224 659 2493 718 scripserat
2514 660 2722 722 epistola
2749 662 2858 714 191.

788 800 803 815 .
836 804 850 817 .
883 803 897 817 .
929 802 944 816 .
976 803 988 815 .
1033 762 1191 831 cujus
1249 762 1367 819 laus
1398 773 1484 820 est
1510 779 1605 834 per
1642 773 1808 819 totam
1846 763 2239 826 Macedoniam,
2270 779 2300 817 a
2328 764 2379 824 Α

716 854 1000 910 monachis
1028 856 1239 925 piisque
1264 856 1440 921 laicis,
1476 858 1527 911 in
1557 872 1650 912 ore
1688 858 2016 913 habentibus
2036 858 2291 913 decorem

715 955 770 1000 et
803 946 1057 1001 virtutem
1112 948 1327 1017 pietatis
1376 958 1502 1003 tuae.
1541 950 1637 1003 Det
1682 950 1775 1004 tibi
1825 949 2002 1006 adhuc
2026 949 2292 1006 Dominus

718 1038 854 1093 bene
908 1054 1084 1108 agere,
1120 1041 1173 1094 in
1225 1040 1381 1097 bonis
1434 1042 1692 1109 operibus
1729 1042 2013 1105 ditescere,
2078 1041 2291 1097 facilem

717 1147 839 1187 esse
894 1133 959 1185 ad
999 1133 1335 1201 erogandum
1382 1142 1437 1189 et
1485 1136 2024 1200 communicandum,
2084 1135 2182 1189 tibi
2238 1135 2291 1189 in

718 1221 963 1278 futurum
997 1225 1369 1280 thesaurizare
1417 1224 1824 1281 fundamentum
1863 1228 2086 1291 bonum,
2123 1237 2184 1280 ut
2213 1228 2293 1281 vi—

718 1330 826 1374 tam
861 1329 1119 1375 aeternam
1168 1336 1531 1390 consequare.
1562 1321 1605 1377 0
1636 1321 1917 1378 Philothee
1944 1324 2166 1392 optime,
2199 1322 2294 1377 dc-

720 1410 951 1477 positum
987 1412 1108 1465 fidei
1144 1412 1433 1483 diligenter
1466 1415 1703 1475 custodi,
1738 1415 1936 1468 divinis
1984 1414 2291 1467 actionibus

717 1515 931 1570 semper
958 1502 1255 1574 refulgens.
1285 1505 1361 1559 Ac
1393 1505 1460 1558 de
1491 1505 1575 1559 his
1593 1506 1812 1573 quidem
1836 1505 1991 1559 satis.
2018 1503 2289 1569 Quoniam

721 1604 902 1647 autem
957 1594 1025 1649 de
1056 1597 1373 1666 presbytero
1409 1599 1603 1651 iterum
1636 1613 1815 1651 sermo
1841 1606 1944 1661 est,
1984 1597 2293 1666 postulante

720 1686 1131 1741 honoriﬁcentia
1162 1698 1279 1751 tua,
1304 1700 1363 1742 ut
1395 1690 1623 1744 liberum
1657 1691 1704 1743 ei
1731 1691 1801 1744 sit
1824 1691 1997 1745 sacris
2029 1690 2241 1759 operari
2274 1706 2289 1744 :

718 1786 865 1832 recte
887 1777 939 1831 id
964 1780 1205 1847 quidem,
1235 1779 1281 1834 si
1312 1780 1608 1835 humanum
1644 1792 1785 1836 esset
1817 1784 1960 1851 quod
1991 1783 2287 1851 quaeritur:

719 1882 954 1938 namque
988 1870 1051 1923 ad
1091 1871 1499 1939 obsequendum
1532 1872 1625 1927 tibi
1662 1872 1715 1925 in
1765 1874 2018 1927 omnibus
2063 1871 2290 1928 festina-

717 1974 926 2022 remus,
956 1962 1224 2015 inservire
1254 1961 1536 2029 cupientes
1594 1961 1714 2027 tibi,
1746 1963 1837 2032 qui
1865 1963 2084 2018 assidue
2134 1963 2290 2017 nobis

2552 808 2588 821 ..
2609 763 2671 823 οὗ
2694 772 2721 823 ὁ
2751 771 2969 835 ἔπαινος
2997 773 3085 827 διά
3111 776 3290 844 πάσης
3314 777 3414 847 τῆς
3434 780 3797 847 Μακεδονίας,
3823 785 3975 853 παρά

2395 876 2457 913 τε
2506 862 2848 928 μοναζόντων
2902 865 2997 917 καὶ
3033 864 3235 919 λαῖκῶν
3282 868 3545 934 εὐσεϐῶν,
3578 872 3671 925 ἐπὶ
3719 873 3975 945 γλώσσης

2394 951 2672 1022 φερόντων
2722 954 2825 1023 τὴν
2868 956 3133 1028 καλλονὴν
3178 958 3271 1011 καὶ
3309 961 3508 1032 ἀρετὴν
3539 962 3638 1032 τῆς
3690 966 3975 1031 εὐσεϐείας

2397 1059 2514 1096 σου.
2560 1042 2701 1097 Ἀλλ’
2742 1044 2823 1097 ἔτι
2868 1045 2980 1115 δῴη
3038 1064 3120 1101 σοι
3158 1049 3363 1120 Κύριος
3396 1051 3777 1122 ἀγαθοεργεῖν,
3812 1056 3975 1110 πλον.

2392 1135 2507 1185 τεῖν
2561 1134 2620 1187 ιν
2658 1135 2843 1204 ἔργοις
2895 1136 3102 1203 καλοῖς,
3136 1140 3494 1207 εύμετάδοτον
3524 1137 3688 1206 εἶναι,
3720 1161 3972 1198 κοινωνι-

2394 1223 2511 1287 κὸν,
2552 1226 3065 1299 ἀποθησαυρίζοντα
3111 1230 3286 1301 ἑαυτῷ
3313 1232 3564 1301 θεμέλιον
3611 1238 3778 1291 καλὸν
3806 1242 3886 1299 είς
3910 1242 3971 1293 τὸ

2395 1316 2610 1388 μέλλον·
2636 1319 2711 1382 ὡς
2730 1319 2797 1373 ἀν
2816 1321 3077 1394 ἐπιτεύξῃ
3105 1323 3209 1392 τῆς
3231 1327 3448 1379 αίωνὶου
3475 1327 3643 1398 ζωῆς.
3662 1325 3734 1383 *Ω
3756 1332 3971 1399 φιλόθεε

2393 1408 2678 1478 κράτιστε,
2708 1412 2808 1483 τὴν
2840 1413 3312 1486 παρακαταθήκην
3336 1416 3436 1487 τῆς
3462 1418 3697 1484 πίστεως
3724 1422 3971 1492 ἀκριϐῶς

2394 1498 2541 1573 [cod.
2606 1502 2744 1573 Reg.
2798 1504 3077 1577 ἀσφαλῶς]
3132 1508 3364 1577 κάτεχε,
3399 1510 3487 1562 ἀεὶ⁵
3515 1510 3971 1584 λαμπρυνόμενος

2390 1597 2510 1657 ταῖς
2535 1595 2815 1666 θεουργοίς
2852 1599 3103 1668 πράξεσι.
3136 1602 3243 1656 Καὶ
3291 1603 3421 1674 περὶ
3450 1605 3658 1659 τούτων
3698 1608 3795 1676 μὲν
3825 1609 3969 1672 ἃλις.

2403 1686 2622 1757 Ἐπειδὴ
2659 1688 2716 1741 δὲ
2746 1690 2837 1742 καὶ
2866 1690 3021 1753 αὖθις
3051 1693 3179 1763 περὶ
3201 1693 3291 1746 τοῦ
3326 1696 3698 1770 πρεσϐυτέρου
3730 1702 3759 1752 ό
3787 1700 3967 1767 λόγος.

2390 1776 2710 1849 ἐξαιτούσης
2736 1780 2834 1849 τῆς
2857 1782 3172 1853 τιμιότητός
3223 1802 3314 1837 σου
3338 1788 3436 1856 τὴν
3457 1786 3609 1840 λύσιν
3629 1790 3722 1842 τοῦ
3755 1792 3970 1862 ἱερουρ-

2389 1871 2509 1937 γεῖν
2534 1870 2719 1923 αὐτόν’
2770 1874 2817 1925 εί
2862 1874 2959 1943 μὲν
3008 1875 3347 1947 ἀνθρώπινον
3378 1873 3447 1950 ἦν
3496 1880 3559 1932 τὸ
3606 1880 3965 1951 ζητούμενον,

2390 1958 2449 2014 εὖ
2481 1962 2546 2015 ἀν
2579 1958 2745 2033 εῖχεν·
2782 1965 3096 2037 ἐχωροῦμεν
3147 1968 3255 2040 γὰρ
3304 1972 3439 2041 πρὸς
3492 1975 3673 2027 πᾶσάν
3721 1992 3815 2028 σου
3860 1978 3968 2029 ύπ-

716 2049 1079 2105 obsecuudas.
1112 2048 1215 2106 Sed
1253 2053 1381 2121 quia
1410 2052 1476 2107 de
1502 2051 1613 2106 Deo
1656 2054 1852 2123 agitur,
1883 2056 2056 2124 deque
2083 2054 2288 2108 divino.

2393 2054 2563 2124 ακοὴν
2586 2094 2599 2117 ,
2632 2055 2912 2122 φιλοῦντές
2942 2076 2999 2111 σε
3031 2060 3353 2131 θεραπεύειν
3377 2065 3469 2117 τὸν
3485 2065 3773 2121 πολλοστὸν
3798 2069 3963 2141 θεραο

720 2156 842 2195 rum
908 2156 1177 2196 canonum
1248 2144 1447 2199 decreti
1496 2147 1941 2214 praevaricatione
1972 2184 1989 2210 ν
2048 2146 2288 2214 ignosce,

719 2233 887 2289 frater
928 2235 1271 2301 charissime,
1320 2251 1428 2291 non
1478 2252 1776 2306 possumus
1822 2248 2008 2293 contra
2044 2238 2211 2294 Deum
2238 2250 2292 2294 et

720 2340 910 2381 sacros
964 2342 1202 2381 canones
1249 2328 1394 2383 ferre
1447 2328 1713 2398 judicium
1749 2369 1765 2393 ,
1811 2332 2112 2400 presertim
2165 2347 2289 2386 cum

722 2417 773 2470 in
809 2417 1023 2486 negotio
1043 2418 1200 2485 plane
1234 2419 1531 2484 consimili,
1558 2420 1934 2489 superioribus
1958 2423 2292 2491 temporibus

719 2517 888 2561 totam
940 2507 1105 2560 vitam
1152 2517 1397 2562 nostram
1447 2511 1794 2578 posuerimus
1840 2526 1856 2575 ;
1916 2510 1969 2562 in
2027 2511 2292 2564 adeundis

720 2598 997 2667 periculis,
1053 2606 1107 2652 et
1149 2599 1377 2662 exsiliis,
1436 2607 1489 2653 et
1546 2600 1836 2659 mortibus.
1896 2602 2079 2670 potius
2125 2618 2290 2672 quam

719 2690 1154 2745 consentiremus
1212 2691 1488 2755 iniquitati
1546 2700 1602 2746 et
1660 2692 1940 2747 violationi
2012 2692 2289 2763 Evangelii

718 2783 941 2837 Christi.
979 2782 1165 2852 Neque
1194 2800 1324 2853 ergo
1354 2784 1725 2839 adulterorum
1750 2785 2077 2854 copulatora
2110 2788 2288 2850 nobis,

720 2890 893 2944 neque
920 2876 1203 2943 copulator
1227 2877 1590 2947 digamorum,
1629 2876 1945 2932 facultatem
1981 2878 2170 2933 habuit
2210 2896 2292 2933 sa-

719 2966 1019 3020 crificandi.
1071 2967 1282 3021 Etenim
1322 2968 1365 3021 si
1408 2983 1513 3021 non
1559 2968 1761 3035 patitur
1810 2982 1966 3021 sacer
1997 2983 2195 3035 canon,
2233 2983 2291 3025 ut

719 3059 1008 3128 presbyter
1037 3060 1357 3113 convivetur
1379 3058 1435 3113 in
1466 3058 1665 3129 digami
1698 3059 1921 3128 nuptiis.
1959 3060 2132 3115 multo
2158 3077 2291 3118 sane

720 3148 894 3219 magis
922 3150 1171 3218 prohibet
1196 3166 1264 3205 ne
1296 3151 1449 3205 illum
1478 3162 1726 3207 coronet.

790 3317 948 3385 Quod
977 3319 1023 3373 si
1045 3319 1137 3373 alii
1167 3320 1324 3376 aliter
1364 3321 1637 3391 iudicant,
1667 3323 1901 3378 viderint
1930 3327 2057 3395 quid
2104 3340 2285 3397 agant.

2394 2147 2596 2216 πευτὴν
2627 2148 2801 2217 ἡμῶν.
2845 2150 2998 2204 Ἐπεὶ
3026 2152 3085 2207 δὲ
3128 2155 3256 2225 περὶ
3288 2155 3382 2208 τοῦ
3426 2156 3560 2211 Θεοῦ
3594 2161 3655 2213 τὸ
3710 2163 3967 2234 κινούμε-

2393 2256 2503 2292 νον·
2538 2240 2631 2294 καὶ
2663 2241 2763 2311 τῆς
2808 2242 2915 2295 τῶν
2949 2242 3108 2298 θείων
3134 2248 3374 2302 κανόνων
3413 2250 3749 2324 ὁροθεσίαςή
3777 2256 3964 2326 παρά-

2393 2330 2574 2394 ϐασις*
2610 2331 2906 2401 σύγγνωθι,
2947 2334 3141 2404 ἀδελφὲ
3170 2338 3412 2407 φίλτατε·
3446 2342 3541 2411 οὐχ
3568 2338 3673 2397 οἶοί
3699 2346 3760 2399 τέ
3796 2349 3967 2415 ἐσμεν

2392 2423 2532 2475 κατά
2580 2439 2639 2475 τε
2684 2422 2819 2476 Θεοῦ
2878 2426 2973 2477 καὶ
3015 2426 3175 2495 ἱερῶν
3226 2432 3466 2483 κανόνων
3495 2437 3718 2487 ἀποῖσαι
3748 2437 3960 2505 κρίσιν·

2395 2513 2628 2582 μάλιστα
2653 2515 2734 2568 ὃτι
2778 2518 2835 2569 ἐν
2865 2516 3014 2586 αὐτῷ
3040 2518 3215 2585 τούτῳ
3252 2521 3330 2590 τῷ
3363 2524 3649 2595 παρομοὶῳ
3682 2528 3963 2599 κεςραὶαίφ

2392 2604 2451 2655 ὲν
2490 2607 2603 2667 τοῖς
2650 2605 2983 2675 προλαϐοῦσι
3024 2609 3235 2679 χρόνοις
3266 2613 3446 2665 πᾶσαν
3492 2614 3590 2684 τὴν
3626 2616 3773 2687 ζωὴν
3800 2619 3961 2688 ἡμῶν

2391 2693 2648 2763 ὲθέμεθα’
2690 2698 2941 2767 χωρῆσαι
2970 2701 3109 2769 πρὸς
3147 2701 3423 2766 κινδύνους
3448 2709 3564 2770 ,καί
3599 2708 3835 2778 ἐξορίας,
3866 2713 3963 2765 καὶ

2391 2786 2677 2853 θανάτους,
2710 2791 2856 2859 ἢπερ
2888 2791 3180 2846 συνθέσθαι
3208 2795 3272 2863 τῇ
3296 2794 3518 2866 ἀνομίᾳ,
3550 2798 3647 2849 καὶ
3680 2800 3832 2852 λύσει
3867 2800 3961 2855 τοῦ

2392 2878 2728 2946 Εύαγγελίου
2787 2881 2881 2936 τοῦ
2939 2884 3202 2953 Χριστοῦ.
3259 2885 3397 2939 Οὔτε
3437 2884 3529 2940 οὖν
3568 2892 3961 2963 μοιχοζεύκτης

2392 2971 2524 3039 παρ’
2545 2971 2723 3041 ἡμῶν,
2752 2973 2876 3026 οὔτε
2904 2974 3360 3047 διγαμοζεύκτης,
3379 2977 3595 3033 λέλυται
3616 2980 3716 3049 τῆς
3752 2984 3963 3054 ἱερουρο

2389 3064 2535 3130 γὶας.
2579 3062 2642 3117 Et
2689 3065 2799 3136 γὰρ
2824 3068 2853 3118 ό
2891 3067 3033 3138 ἱερὸς
3065 3067 3244 3121 κανὼν
3273 3070 3373 3124 οὐκ
3401 3070 3654 3141 ἀνέχεται
3698 3075 3779 3136 εἰς
3811 3075 3961 3142 διγα-

2393 3156 2622 3225 μοῦντος
2670 3160 2846 3227 γάμον
2880 3161 3199 3231 ἑστιαθῆναι
3233 3163 3323 3215 τὸν
3359 3165 3747 3236 πρεσϐύτερονο

2392 3264 2454 3315 γε
2487 3251 2689 3319 μᾶλλον
2718 3250 2975 3322 ἀπείργει
3001 3252 3190 3305 τοῦτον
3223 3253 3316 3307 τοῦ
3346 3258 3713 3323 στεφανῶσαι.

2462 3342 2527 3395 Εἰ
2583 3342 2640 3395 δὲ
2682 3343 2833 3397 ἄλλοι
2888 3344 3066 3407 ἄλλως
3124 3346 3426 3415 κρίνουσιν,
3463 3349 3683 3417 ὖψονται
3742 3354 3828 3420 ἐφ’
3878 3348 3959 3419 οἷς

721 3409 834 3464 Nos
859 3412 1037 3474 enim,
1073 3411 1265 3481 inquit,
1303 3413 1462 3467 talem
1504 3415 1927 3469 consuetudinem
1964 3434 2065 3470 non
2131 3420 2287 3473 liabe-

2392 3433 2745 3501 πράττουσιν.
2789 3435 2989 3505 Ἡμεῖς
3021 3409 3175 3508 γὰρ.-
3198 3442 3351 3508 φησι,
3382 3409 3479 3492 καὶ
3506 3409 3569 3493 λιι
3610 3409 3958 3509 Ἐκκλησιαλ

719 3517 856 3565 inus,
898 3517 1060 3571 neque
1093 3502 1335 3557 Ecclesia
1366 3505 1462 3558 Dei
1510 3506 1553 3536 ⁷⁸
1593 3543 1608 3557 .
1638 3506 1837 3570 Quare,
1863 3522 1987 3562 cum
2019 3509 2283 3577 judicium

717 3593 903 3647 videas
954 3608 1077 3648 cum
1111 3596 1351 3663 periculo
1374 3596 1747 3666 coniunctum,
1781 3598 1889 3653 noli
1946 3600 2053 3653 vim
2111 3600 2288 3659 facere

717 3683 1013 3739 humilitati
1043 3694 1262 3739 nostras.
1298 3684 1429 3739 Nam
1460 3688 1506 3742 si
1565 3704 1664 3756 pro
1688 3689 1929 3744 veritatis
1972 3690 2287 3748 defensioue

718 3771 782 3823 ad
814 3770 1055 3840 pericula
1086 3772 1327 3839 quotidie
1352 3775 1705 3845 accingimur,
1746 3792 1855 3846 quo
1884 3787 2040 3845 pacto
2093 3792 2285 3837 contra

720 3861 1000 3916 veritatem
1026 3862 1273 3917 dissimili
1296 3866 1528 3919 consilio
1552 3866 1824 3922 irruemus
1849 3869 1873 3921 τ
1905 3867 2021 3922 Non
2049 3880 2133 3924 est
2157 3886 2289 3926 con-

719 3960 1033 4006 sentaneum
1054 3990 1070 4016 ,
1108 3950 1357 4017 Domine.
1396 3964 1588 4023 pr-eter
1620 3970 1681 4011 ea
1710 3971 1830 4025 quae
1861 3958 2121 4013 divinitus
2149 3960 2290 4028 judi-

718 4054 839 4099 cata
892 4056 1042 4109 sunt,
1077 4044 1257 4100 facere
1308 4047 1606 4117 quidquam
1646 4058 1743 4103 aut
1786 4048 1955 4119 loqui.
2005 4051 2289 4108 Credimus

719 4142 898 4188 autem
926 4144 1009 4201 te,
1040 4136 1134 4206 qui
1173 4151 1336 4190 unam
1384 4138 1585 4205 quaeris
1649 4138 1889 4195 divinam
1950 4142 2280 4197 voluntatem

717 4233 772 4278 et
795 4226 1021 4279 salutem
1058 4228 1255 4281 animae
1312 4237 1436 4292 tuae,
1477 4244 1831 4286 assensurum
1872 4230 1955 4286 his
2004 4248 2123 4302 quae
2155 4235 2290 4289 dixi.

720 4331 865 4378 inus.
888 4327 1280 4388 oraturumque
1329 4329 1389 4374 ut
1414 4320 1611 4375 divinae
1642 4322 1743 4390 legi
1781 4321 1993 4379 ﬁrmius
2022 4325 2287 4380 inhazrea-

720 4421 861 4469 mus,
906 4422 1004 4461 nec
1036 4409 1331 4478 quidquam
1390 4409 1747 4467 adrnittamus
1804 4428 1916 4483 quo
1969 4416 2284 4471 mandatum

723 4497 815 4553 Dei
854 4498 936 4553 vel
966 4515 1143 4555 canon
1172 4501 1428 4556 violetur.

1137 4628 1292 4684 CCII.
1330 4661 1403 4674 —
1435 4628 1627 4687 Maria
1656 4630 1979 4689 Sunt/rarior.

2388 3521 2495 3575 τοῦ
2536 3524 2685 3577 Θεοῦ
2716 3527 3001 3595 τοιαύτην
3028 3528 3356 3595 συνήθειαν
3384 3533 3495 3586 οὐκ
3523 3533 3759 3602 ἔχομεν.
3798 3536 3957 3591 Ὥστε

2389 3614 2542 3677 εἰδὼς
2598 3615 2659 3668 τὸ
2705 3618 3045 3674 ἐπικίνδυνον
3093 3625 3286 3693 κρῖμα,
3348 3626 3423 3697 μὴ
3462 3626 3806 3697 παραϐιάζου
3859 3628 3955 3699 τὴν

2388 3708 2720 3760 ταπείνωσιν
2747 3710 2924 3779 ἡμῶν.
2956 3712 3019 3766 El
3053 3713 3160 3784 γάρ
3191 3715 3331 3786 ὑπὲρ
3368 3716 3464 3770 τοῦ
3493 3717 3653 3785 λόγου
3697 3719 3792 3788 τῆς
3822 3721 3953 3792 ἀλη-

2389 3798 2541 3861 θείας
2578 3799 2701 3853 καθ*
2729 3801 2964 3873 ἑκάστην
3015 3806 3226 3876 ἡμέραν
3274 3809 3354 3870 είς
3402 3810 3679 3875 κινδύνους
3718 3828 3955 3883 παρατε·

2387 3889 2659 3960 τάγμεθα,
2684 3890 2801 3956 πῶς
2830 3895 2969 3946 κατά
2994 3897 3093 3967 τῆς
3114 3897 3373 3964 ἀληθείας
3403 3903 3775 3974 ἑτεροτρόπως
3804 3922 3954 3973 κινηο

2389 3981 2701 4053 θησόμεθα;
2751 3986 2852 4038 οὐκ
2894 3984 3007 4056 ἔχει
3071 3988 3264 4056 φύσιν,
3301 3985 3347 4044 ὦ
3404 3993 3657 4057 δέσποτα,
3705 3995 3855 4065 παρά
3890 3997 3953 4049 τά

2389 4072 2627 4137 θειωδῶς
2664 4077 2967 4147 κεκριμένα
2996 4080 3107 4139 τοῖς
3139 4081 3350 4143 κανόσι,
3385 4082 3583 4151 δρᾶσαί
3612 4100 3665 4135 τι
3694 4085 3726 4153 ἢ
3760 4086 3948 4140 εἰπεῖν.

2389 4167 2734 4237 Πιστευομεν
2777 4168 2837 4221 ὁὶ
2883 4170 2966 4222 ὅτι
2994 4172 3089 4223 καὶ
3136 4173 3299 4236 αὐτὸς
3334 4174 3391 4227 ἓν
3420 4174 3599 4244 ζητῶν
3633 4175 3693 4228 τὸ
3724 4176 3948 4246 θέλημα,

2391 4260 2487 4313 καὶ
2514 4259 2575 4313 τὸ
2601 4262 2948 4332 σωτηριῶδες
2972 4263 3073 4332 τῆς
3103 4264 3280 4335 ψυχῆς
3307 4283 3422 4329 σου,
3450 4269 3796 4338 συμφήσειας
3825 4272 3951 4338 ἡμῖν

2388 4351 2483 4402 ἐπὶ
2520 4355 2633 4414 τοῖς
2662 4351 3009 4421 λελεγμένοις
3034 4370 3049 4385 ο
3078 4356 3172 4408 καὶ
3202 4356 3472 4429 προσεύξῃ
3501 4358 3702 4428 μᾶλλον
3731 4362 3949 4431 ἐπερεί-

2386 4441 2570 4497 δεσθαι
2601 4446 2747 4513 ἡμᾶς
2791 4444 2868 4515 τῷ
2924 4446 3052 4513 θείῳ
3097 4447 3264 4518 νόμῳ,
3308 4451 3401 4502 καὶ
3438 4449 3513 4520 μὴ
3564 4451 3849 4521 προΐεσθαι
3892 4453 3951 4506 τὺ

2385 4532 2594 4585 οίονοῦν
2629 4535 2723 4587 ἐπὶ
2754 4535 3065 4607 παραϐάσει
3101 4538 3323 4609 ἐντολῆς
3366 4539 3503 4593 Θεοῦ
3538 4543 3633 4593 καὶ
3686 4545 3907 4603 κανόνος
3929 4583 3942 4599 .

2632 4666 2727 4719 ΣΒ⁹
2753 4668 2968 4739 (96).—-
2994 4672 3187 4740 Μαρίᾳ
3216 4674 3535 4742 σπαθαριᾳ.
3559 4673 3738 4749 [ωιδ’.]

1691 4772 2039 4826 Paenitentiam
2057 4777 2231 4832 indicit
2250 4785 2312 4833 ob
2338 4788 2571 4837 violatum
2600 4787 2830 4838 Ecclesia:
2853 4788 3059 4848 asylum.

790 4870 1046 4941 Agnoscit
1099 4874 1513 4933 honorificentia
1566 4888 1680 4945 tua,
1736 4881 2034 4939 Ecclesiam
2090 4889 2280 4944 salutis
2317 4898 2358 4952 ι)

718 4978 839 5018 esse
869 4966 1195 5034 perfugium,
1214 4970 1278 5023 ad
1318 4984 1548 5041 eamque
1571 4982 1828 5043 tanquam
1872 4977 1924 5031 in
1952 4993 2145 5035 manus
2166 4982 2279 5044 Dei,

720 5052 1004 5124 profugum
1032 5074 1320 5115 accurrere
1340 5077 1487 5126 eum,
1512 5078 1673 5133 quem
1699 5066 2059 5124 circumstant
2110 5087 2286 5141 angu-

720 5147 855 5200 stiae.
892 5146 1076 5218 Neque
1104 5152 1269 5220 igitur
1302 5154 1353 5207 in
1409 5153 1587 5210 Veteri
1628 5155 1979 5216 Testamento
2037 5162 2119 5218 fas
2168 5176 2287 5220 erat

719 5253 904 5292 eorum
929 5241 1021 5308 qui
1056 5244 1121 5295 ad
1163 5243 1357 5313 refugii
1390 5246 1663 5302 civitatem
1689 5263 1995 5317 evaserant,
2041 5256 2285 5327 abripere

718 5344 1087 5398 quemquam;
1114 5342 1167 5387 et
1220 5336 1390 5390 multo
1430 5338 1604 5407 magis
1643 5339 1698 5393 in
1764 5339 1914 5398 Novo
1940 5342 2288 5402 Testamento

720 5418 869 5475 nefas
891 5432 976 5475 est
998 5426 1283 5483 extrahere
1305 5428 1375 5481 ab
1415 5429 1643 5485 ecclesia
1693 5432 1783 5503 qui
1819 5447 1885 5489 eo
1920 5435 2286 5509 confugerint.

787 5597 832 5627 "
890 5597 1063 5653 lCor.
1096 5617 1193 5667 In,
1249 5604 1337 5657 16.

2467 4894 2531 4948 Ἦ
2555 4897 2806 4965 τιμιότης
2839 4912 2933 4948 σου
2968 4894 3226 4967 γνωρίζει
3253 4897 3335 4949 ὅτι
3381 4897 3413 4967 ἡ
3451 4896 3745 4967 Ἐκκλησία
3780 4916 3948 4966 φυγα-

2384 4986 2665 5055 δευτήριόν
2696 4989 2810 5039 ἐστι
2844 4988 3114 5059 σωτηρίας
3140 5004 3153 5017 ·
3185 4989 3278 5041 καὶ
3296 4989 3482 5059 ὥσπερ
3505 4992 3583 5051 εἰς
3605 4992 3791 5061 χεῖρας
3813 4990 3945 5044 Θεοῦ

2381 5079 2410 5131 ό
2445 5076 2694 5147 πρόσφυξ
2718 5079 3005 5147 ἀποτρέχει
3053 5079 3470 5150 περιστατηθεὶς
3521 5082 3625 5133 ὑπὸ
3672 5084 3941 5149 ἀναγκῶν.

2383 5169 2518 5222 Οῦτε
2549 5166 2644 5223 οὖν
2674 5172 2731 5223 ὲν
2746 5173 2812 5240 τῇ
2846 5171 3059 5241 Παλαιᾷ
3085 5171 3331 5245 Διαθήκῃ
3360 5172 3478 5238 ἐξὸν
3514 5169 3581 5244 ἦν
3614 5175 3722 5227 τῶν
3742 5177 3822 5238 είς
3851 5175 3945 5246 τὴν

2384 5259 2538 5312 πόλιν
2578 5260 2685 5313 τῶν
2735 5261 3182 5332 φυγαδευτηρίων
3249 5264 3718 5335 ἀποσεσωσμένων
3770 5249 3945 5337 ἀφαρ-

2383 5346 2576 5412 πάζειν
2604 5349 2726 5403 τινά
2746 5363 2761 5379 ⁸
2784 5350 2845 5403 οὐ
2874 5350 3056 5420 πολλῷ
3112 5352 3310 5422 μᾶλλον
3341 5354 3400 5406 ὲν
3452 5355 3517 5424 τῇ
3567 5354 3680 5424 Νέᾳ
3730 5355 3943 5427 θεμιτὸν

2383 5442 2638 5511 ἀποσπᾷν
2671 5443 2769 5510 τῆς
2796 5442 3095 5512 ἐκκλησίας
3136 5444 3264 5508 τοὺς
3305 5444 3771 5515 καταφεύγοντας.
3796 5445 3940 5501 Καθ-

2216 5698 2444 5755 NOTAE.

791 5773 905 5846 (93)
936 5776 993 5830 In
1026 5780 1149 5833 cod.
1187 5780 1313 5849 licg.
1354 5782 1448 5834 σθ’.

2364 5791 2472 5858 (96)
2513 5790 2569 5843 In
2601 5792 2723 5844 cod.
2748 5790 2878 5861 Reg.
2914 5803 3021 5858 σεῖ’.
