4184 6530
224 489 363 548 1617

1423 482 1963 543 EPISTOLABUM
2019 481 2165 539 LIB.
2207 482 2287 538 II.

3349 474 3483 535 1618

217 594 442 663 ὑϐρισις
467 594 577 666 γάρ
600 593 717 646 ἐστι
754 593 913 647 τοῦτο
965 593 1073 646 τῶν
1119 592 1280 646 θείων
1316 592 1531 661 ’νόμων,
1575 589 1672 642 καὶ
1708 587 1804 641 τοῦ

1910 584 2251 639 Contumelia
2296 584 2442 639 enim
2480 583 2596 637 haec
2651 591 2735 638 est
2760 582 3066 636 divinarum
3106 582 3284 652 legum
3343 583 3486 635 divi-

216 679 372 735 θείου
404 681 811 753 θυσιαστηρίου.
849 682 1013 735 Ὥστε
1061 681 1393 751 σκοπησάτω
1448 697 1542 732 σου
1576 680 1610 748 ἠ
1644 679 1803 732 εὐσέ-

215 772 370 837 ϐεια,
406 773 592 844 ἡλίκον
615 772 677 825 τὸ
711 773 987 844 τόλμημα.
1018 773 1113 835 Τίς
1140 772 1199 826 δὲ
1242 776 1276 843 ἡ
1312 771 1613 844 θεραπεία;
1644 772 1804 843 Πρῶ-

213 880 318 917 τον
352 864 453 935 μὲν
484 864 544 917 τὸ
578 864 769 919 θέσθαι
802 867 966 935 ἑαυτῇ
997 865 1125 936 ὅρον
1145 905 1161 929 ,
1194 864 1393 935 μηκέτι
1424 863 1629 934 τολμᾷν
1649 864 1806 917 τοῦτο

218 957 431 1027 πρᾶξαι
459 996 474 1019 ,
514 955 615 1011 κᾶν
650 958 718 1011 τὰ
747 958 862 1012 ἄνω
906 958 1059 1010 κάτω
1106 959 1352 1027 γένηται.
1388 959 1625 1013 Ἔπειτα
1666 959 1806 1009 Τεσ-

217 1049 569 1122 σαρακοστὴν
594 1050 724 1121 ὃλην
750 1051 1051 1122 ἀπέχεσθαι
1083 1050 1191 1103 τῶν
1222 1051 1605 1121 ἁγιασμάτων,
1645 1067 1805 1119 γονυ-

216 1138 484 1193 κλινοῦσα
532 1140 881 1211 καθεκάστην
941 1141 1204 1206 δεκάκις,
1236 1143 1331 1196 καὶ
1379 1141 1808 1211 πεντηκοντάκις

219 1234 497 1300 λέγουσα·
535 1233 731 1303 Κύριε,
792 1232 1147 1305 συγχώρησόν
1201 1252 1293 1304 μοι
1342 1235 1443 1304 τὴν
1487 1235 1803 1306 ἁμαρτίαν·

219 1320 423 1390 Κύριε,
477 1320 724 1392 ἱλάσθητί
759 1340 849 1393 μοι
881 1326 947 1392 τῇ
1008 1323 1341 1395 ἁμαρτωλῷ.
1387 1324 1623 1395 Ὁμοίως
1670 1324 1802 1378 καιο

219 1412 423 1484 Κύριε,
452 1414 674 1485 ἐλέησόν
694 1430 761 1483 με
783 1414 1014 1482 δωρεάν.
1048 1415 1211 1483 Τρεῖς
1241 1433 1300 1468 τε
1343 1416 1593 1486 ψαλμοὺς
1626 1432 1809 1487 στιχο⁶

220 1505 440 1572 >.ογείν·
477 1505 773 1576 ἐξαιρέτως
808 1507 900 1559 τὸν
950 1513 1029 1572 ς’,
1063 1508 1156 1561 τὸν
1184 1506 1283 1573 λζ’,
1324 1509 1420 1561 και
1464 1508 1560 1561 τὸν
1610 1513 1676 1571 ν’,
1711 1508 1810 1561 καὶ

218 1591 327 1649 εἷθ’
352 1596 528 1659 οὕτως
554 1599 583 1650 ό
614 1595 745 1661 Θεὸς
790 1599 1135 1669 συγχωρήσει
1158 1616 1261 1662 σοι,
1293 1598 1480 1669 κυρία,
1498 1599 1601 1671 τὴν
1620 1600 1807 1669 ἁμαρ-

218 1686 366 1741 τίαν.
398 1689 461 1741 Εἰ
489 1688 547 1741 δὲ
584 1688 680 1741 καὶ
708 1687 938 1758 πάρεστι
967 1686 1219 1759 δύναμις,
1255 1689 1670 1762 τεσσαράκοντα
1702 1690 1805 1761 ἁρ-

219 1777 391 1850 γύρια
410 1777 596 1832 δοῦναι
632 1782 895 1850 πτωχοῖς.

396 1889 491 1943 ΣΓ¹
529 1890 664 1961 (97).
690 1921 762 1931 —
784 1892 1011 1964 Εἰρήνῃ
1066 1893 1393 1964 ἡγουμένῃ.
1423 1892 1611 1968 [ωια’.]

1909 680 2073 748 nique
2106 677 2313 732 altaris.
2378 676 2560 743 Quare
2592 676 2903 731 consideret
2929 677 3097 745 pietas
3148 685 3262 737 tua,
3306 684 3487 745 quan-‘

1912 779 2024 825 tum
2059 769 2130 825 sit
2174 770 2280 824 hoc
2340 767 2573 823 facinus.
2646 766 2904 835 Quaenam
2950 782 3079 821 vero
3110 778 3193 821 est
3224 766 3429 820 medela
3466 767 3490 819 ?

1906 862 2150 916 Primum
2184 863 2403 933 quidem
2448 861 2541 916 tibi
2584 862 2684 931 ipsi
2736 872 2797 915 ut
2829 862 2999 931 legem
3027 869 3260 924 statuas,
3302 860 3489 914 nclmc

1906 955 2089 1010 facere
2116 956 2319 1009 audeas
2342 955 2611 1025 amplius,
2639 963 2693 1009 ct
2722 969 2940 1021 pessum
2976 962 3103 1007 eant
3139 952 3345 1006 omnia.
3385 950 3488 1005 De-

1905 1048 2030 1102 inde
2053 1056 2295 1103 nttntam
2323 1049 2808 1117 Quadragesimam
2860 1063 2890 1102 a
2928 1047 3101 1101 sacris
3165 1045 3446 1099 abstineas
3470 1082 3488 1105 ,

1908 1141 2088 1196 decies
2108 1157 2281 1212 genua
2311 1141 2535 1200 ﬂectens
2574 1142 2802 1211 singulis
2820 1141 3033 1205 diebus,
3059 1150 3112 1193 et
3129 1137 3490 1207 quinquagies

1906 1233 2093 1289 dicens
2131 1253 2144 1288 :
2191 1234 2438 1299 Domine,
2461 1235 2710 1289 condona
2748 1233 2880 1287 mihi
2915 1234 3018 1287 hoc
3049 1241 3354 1303 peccatum.
3376 1230 3489 1284 Do-

1907 1327 2076 1388 mine,
2104 1328 2373 1397 propitius
2405 1338 2524 1383 esto
2554 1327 2686 1382 mihi
2720 1326 3035 1397 peccatrici.
3062 1325 3433 1394 Similiterque
3468 1342 3481 1376 :

1909 1415 2157 1483 Domine,
2182 1419 2443 1473 miserere
2472 1417 2577 1473 mei
2607 1420 2794 1487 gratis.
2827 1416 2960 1473 Tres
2991 1432 3209 1488 quoque
3248 1416 3489 1487 psalmos

1911 1510 2130 1574 recites,
2164 1512 2433 1581 praecipue
2486 1521 2727 1577 sextum,
2769 1511 3107 1566 tricesimum
3147 1509 3441 1579 septimum
3474 1549 3489 1569 ,

1913 1613 1970 1657 et
1990 1603 2503 1675 quinquagesimum
2537 1622 2551 1658 :
2579 1614 2743 1673 atque
2766 1604 2841 1658 ita
2873 1603 3013 1658 Deus
3046 1611 3337 1673 peccatum
3368 1602 3489 1664 tibi,

1907 1695 2126 1751 domina
2154 1735 2168 1757 ,
2203 1697 2462 1750 remittet.
2490 1696 2643 1763 Quod
2671 1695 2717 1751 si
2746 1697 2910 1749 etiam
2933 1696 3176 1764 suppetit
3197 1691 3437 1749 facultas
3474 1734 3491 1760 ,

1908 1788 2265 1858 quadraginta
2303 1799 2590 1858 argenteos
2613 1789 2709 1843 des
2740 1787 3093 1858 pauperibus.

2341 1898 2515 1956 CCIII.
2545 1931 2614 1940 ——
2640 1898 2812 1955 Irenar
2832 1901 3150 1970 prwpositw.

224 1998 423 2049 Rursus
447 2000 511 2050 de
544 2000 843 2064 presbytero
867 2000 1088 2064 quicum
1109 2001 1360 2053 haereticis
1378 2002 2157 2117 communicareg'tuzaisacriﬁcare
2181 2024 2277 2059 non
2298 2010 2488 2061 debere
2510 2023 2669 2073 usque
2700 2010 2758 2059 ad
2792 2011 3054 2071 synodum,
3100 2024 3198 2073 qua
3223 2009 3287 2062 de
3311 2007 3496 2060 talibus

1720 2080 1745 2115 8
1908 2085 1983 2117 Ul'.

1720 2080 1983 2119 Statuatur.

294 2170 535 2242 Μακρὰν
566 2172 677 2226 ἀπὸ
708 2172 818 2226 τῶν
849 2175 1144 2245 ἐγκωμίων
1176 2192 1270 2228 σου
1301 2177 1351 2229 οἱ
1381 2176 1575 2247 τρόποι
1630 2176 1725 2230 καὶ
1753 2176 1804 2229 οἱ

1977 2180 2160 2253 Longe
2184 2182 2384 2238 absunt
2408 2181 2479 2236 ab
2501 2181 2768 2236 encomiis
2795 2182 2901 2237 tuis
2922 2197 3101 2237 mores
3126 2190 3181 2237 et
3209 2197 3495 2238 sermones

220 2266 376 2330 λόγοι
402 2264 500 2334 τῆς
532 2266 810 2329 πολιτείας
851 2284 978 2336 μου,
1006 2268 1312 2339 τιμιωτάτη
1332 2270 1633 2336 γυναικῶν.
1665 2269 1807 2323 Ἀλλ’

223 2356 389 2409 εἴωθε
416 2356 561 2427 ψυχὴ
594 2358 759 2429 πιστὴ
789 2358 886 2410 καὶ
916 2357 1156 2428 ζητοῦσα
1187 2360 1279 2413 τὸν
1316 2360 1809 2431 Κύριον,ὲπαίνους

223 2448 494 2502 ἀνάπτειν
514 2450 624 2510 τοῖς
647 2450 997 2521 ἁγερὰστοις,
1020 2450 1096 2514 ὡς
1114 2450 1180 2505 ἂν
1202 2450 1453 2504 ἐντεῦθεν
1503 2452 1810 2522 ὲρανίσοιτο

224 2541 289 2594 τὸ
319 2542 418 2612 τῆς
442 2544 946 2614 ταπεινοφροσύνης
972 2544 1153 2607 κλέος.
1187 2544 1426 2616 Τοιαύτη
1470 2540 1563 2598 οὖν
1589 2544 1807 2598 ὑπεδεί-

224 2634 365 2705 χθης
394 2636 549 2705 ἡμῖν,
585 2635 791 2706 ἀδελφὴ
824 2637 883 2688 ἐν
934 2636 1144 2707 Κυρίῳ.
1194 2637 1348 2692 Ἐπεὶ
1379 2637 1474 2692 καὶ
1517 2639 1677 2708 ἡμεῖς
1719 2654 1809 2705 γι-

224 2726 530 2791 νώσκοντες
563 2728 631 2781 τὰ
661 2730 782 2781 καθ’
811 2729 1060 2793 ἑαυτοὺς,
1110 2729 1233 2783 οὐδὲ
1274 2729 1383 2784 τῶν
1418 2729 1513 2783 νῦν
1566 2730 1811 2801 ἐσχάτων

230 2820 546 2873 ἰσοστατείν
576 2822 839 2891 κρίνομεν
861 2821 1089 2885 ἑαυτούς
1110 2838 1127 2854 ο
1162 2822 1236 2893 μὴ
1267 2824 1349 2877 ὅτι
1395 2839 1457 2890 γε
1508 2822 1631 2892 ὕψει
1668 2821 1813 2894 τηλι-

227 2914 410 2984 κούτῳ
433 2913 801 2984 παρενείρειν,
838 2914 982 2967 καθὰ
1021 2914 1328 2984 γέγραφας.
1369 2916 1508 2968 Ἀλλ’
1549 2910 1652 2971 ὧδε
1711 2916 1811 2986 μὲν

228 3002 406 3057 ταῦτα
439 3002 662 3056 κείσθω.
697 3004 820 3055 Ἐπὶ
848 3003 905 3056 δὲ
930 3006 996 3075 τῇ
1039 3003 1134 3057 τοῦ
1187 3004 1565 3077 πρεσϐυτέρου
1609 3006 1813 3059 ὑποθέ-

229 3112 316 3148 σει
348 3095 646 3165 μετακτέον
683 3094 774 3147 τὶν
813 3095 995 3163 λόγον.
1044 3095 1283 3149 Οὖτίπου
1325 3098 1502 3167 ἡμεῖς,
1524 3094 1568 3149 ὦ
1594 3097 1811 3168 άμμὰς,

228 3189 330 3243 νῦν
363 3190 461 3260 μὲν
485 3188 644 3243 τοῦτο
669 3191 920 3261 λέγομεν,
951 3189 1139 3261 αὔριον
1172 3192 1230 3244 δὲ
1261 3193 1448 3262 ἓτερον
1476 3206 1488 3220 ·
1517 3191 1635 3245 ἁλλ’
1654 3193 1687 3244 ὁ·
1712 3195 1811 3246 αὐ-

225 3282 318 3345 τὸς
353 3280 508 3349 λόγος
537 3282 596 3335 ἐν
638 3284 768 3353 ἡμῖν
814 3284 964 3335 ἐστιν
1010 3283 1115 3337 ἀεί.
1162 3282 1227 3335 Τί
1255 3284 1451 3347 τοῦτος
1485 3283 1577 3338 τόν
1617 3284 1815 3339 ἁλόντα

231 3374 609 3446 πρεσϐύτερον
637 3377 704 3446 τῇ
754 3377 1010 3447 κοινωνίᾳ
1061 3377 1169 3429 τῶν
1207 3377 1519 3447 αἱρετικῶν,
1560 3378 1676 3445 εῐγε
1711 3377 1816 3447 μά-

232 3470 397 3522 λιστα
443 3470 539 3521 καὶ
593 3469 910 3539 ὑπογραφῇ,
961 3469 1037 3539 μὴ
1080 3470 1283 3536 ἐξεῖναι
1336 3470 1659 3540 ἱερουργεῖν,
1711 3470 1815 3533 ἓως

229 3559 427 3631 καιροῦ
482 3560 766 3633 όρθοδόξου
840 3560 1082 3625 συνόδου,
1136 3554 1284 3636 ὲφ⁹ᾖ
1328 3560 1398 3614 τά
1439 3560 1668 3615 τοιαῦτα
1719 3561 1815 3615 καὶ⁸

230 3650 644 3722 θεωρηθήσεται
678 3650 773 3703 καὶ
800 3650 1218 3721 διακριθήσεται
1246 3666 1262 3681 °
1305 3649 1338 3721 ἢ
1383 3650 1544 3720 μόνον
1577 3650 1640 3703 τὸ
1670 3649 1812 3704 κατὰ

234 3745 560 3815 περίστασιν
617 3742 924 3814 βαπτίζειν,
991 3743 1308 3813 ἐκκομίζειν
1348 3742 1563 3814 νεκρὸν,
1611 3741 1813 3796 διδόναι

229 3837 383 3910 [cui].
424 3836 561 3907 Reg.
611 3834 797 3908 διδεῖν]
858 3836 1046 3907 σχῆμα
1096 3834 1318 3907 μοναχῷ
1351 3876 1367 3901 ,
1418 3836 1666 3904 άγιὰζειν
1703 3834 1814 3888 τῶν

229 3930 544 3997 Θεοφανίων
562 3929 624 3983 τὸ
647 3927 813 4002 ὕδωρ,
834 3928 1287 3998 εὐαγγελίζεσθαι
1313 3928 1435 3983 κατ’
1463 3928 1687 3999 ἄρθρον,
1718 3929 1814 3982 καὶ

234 4022 576 4091 μεταδιδόναι
618 4022 729 4076 τῶν
792 4022 1152 4091 ἁγιασμάτων
1224 4021 1327 4092 ἤδη
1371 4020 1814 4091 θεουργηθέντων

233 4112 342 4165 ὑπὸ
376 4112 722 4183 σεσωσμένου
755 4112 1147 4184 πρεσόυτέρου.
1178 4111 1288 4166 Καὶ
1308 4109 1508 4176 ταῦτα,
1540 4111 1615 4174 ὡς
1636 4106 1813 4177 εἷπον,

232 4206 297 4273 ἐξ
326 4204 591 4275 ἀνάγκης.
635 4205 790 4258 Ἐπεὶ
812 4206 1203 4276 εὑρισκομένου
1226 4203 1320 4258 τοῦ
1357 4204 1432 4275 μὴ
1470 4202 1815 4274 ἐμπαρέντος

230 4299 304 4367 τῇ
327 4296 582 4367 κοινωνία
614 4297 655 4348 is
669 4298 828 4366 ρὲως,
860 4296 981 4349 οὐδὲ
1016 4297 1087 4350 τὰ
1135 4294 1516 4367 προειρημένα
1548 4295 1815 4365 πράσσειν

232 4388 379 4453 ἰξόν.

321 4481 378 4535 Ὀ
415 4480 513 4551 μὲν
540 4474 633 4534 οὖν
667 4478 935 4551 ἡμέτερος
972 4477 1131 4547 λόγος
1183 4477 1443 4542 τοιοῦτος.
1478 4477 1541 4531 EI
1569 4476 1626 4531 δὲ
1663 4477 1815 4531 ἄλλοι

234 4575 410 4638 ἄλλως
443 4574 477 4645 ἦ
513 4573 803 4646 φρονοῦσιν
826 4574 860 4643 ἢ
888 4572 1187 4645 κρίνουσιν,
1212 4572 1326 4626 εἴτε
1358 4572 1675 4638 ἰσοστάσιοι,
1703 4572 1815 4625 εἴτε

236 4666 604 4739 ὑπερδάθμιοι
623 4683 638 4699 ο
675 4665 976 4737 ἐπειδήπερ
1005 4664 1103 4736 οὐχ
1128 4666 1251 4736 ὃρος
1285 4664 1685 4738 ὲξίεν]ήνεκται
1707 4663 1815 4717 άπὸ

233 4758 333 4811 τοῦ
365 4758 687 4831 ἀρχιερέως,
709 4758 795 4826 ἐφ’
817 4751 861 4825 ᾧ
881 4760 1178 4827 ἀναγκαῖον
1201 4752 1272 4830 ἦν
1296 4758 1543 4827 στέργειν
1566 4758 1777 4822 πάντας
1796 4770 1811 4786 ⁸

236 4851 343 4921 τῆς
371 4851 617 4917 ἐξουσίας
661 4852 770 4904 εἰσὶ
812 4850 1012 4923 κύριοι,
1042 4849 1136 4904 καὶ
1162 4850 1322 4922 ἡμεῖς
1359 4866 1424 4918 γε
1451 4849 1665 4920 σιωπὴν
1692 4848 1813 4915 ἕξο-

242 4962 367 5017 μεν.
432 4944 865 5015 Παρακαλοῦμεν
915 4943 972 4997 δὲ
1010 4943 1110 5014 τὴν
1150 4941 1442 5014 τιμιότητά
1487 4958 1604 5005 σου,
1628 4941 1703 5004 ὡς
1721 4940 1817 4993 ἐπὶ

237 5037 305 5105 τῇ
356 5033 533 5105 ἀγαθῇ
588 5034 853 5106 πολιτείᾳ,
910 5033 1084 5097 οὕτως
1139 5035 1234 5088 καὶ
1287 5032 1381 5086 ἐπὶ
1426 5035 1494 5105 τῇ
1538 5032 1818 5106 όρθοδοξίᾳ

240 5122 530 5193 ἀκρίϐειαν
561 5124 740 5177 ἕλκειν
767 5141 779 5154 ·
806 5123 1111 5178 ἀκούουσαν
1146 5122 1240 5177 τοῦ
1280 5122 1604 5178 ’Δποστόλου
1629 5124 1817 5193 λέγον-

238 5232 331 5279 τος
355 5230 370 5244 ·
408 5217 835 5285 Καθαρίσωμεν
884 5214 1141 5281 ἑαυτοὺς
1188 5214 1308 5271 ἀπὸ
1350 5216 1580 5283 παντὸς
1621 5218 1814 5285 μολυ-

240 5306 404 5378 σμοῦ
439 5308 666 5376 σαρκὸς
696 5308 794 5361 καὶ
815 5308 1171 5376 πνεύματος,
1204 5306 1625 5375 ἐπιτελοῦντες
1653 5307 1817 5376 drm-

241 5400 446 5466 σύνην
464 5399 535 5453 ἐν
558 5402 722 5469 φόϐῳ
744 5398 914 5454 Θεοῦ.
934 5393 1093 5462 Οἶδας
1116 5397 1223 5469 γὰρ
1245 5400 1327 5453 ὅτι
1346 5399 1406 5454 οὐ
1436 5398 1633 5471 μικρὸς
1654 5399 1816 5471 ἀνερ-

244 5490 472 5563 ῥιπίσθη
505 5491 743 5562 διωγμὸς
766 5492 825 5544 ὲν
854 5492 923 5562 τῇ
956 5488 1211 5563 λυσσώσῃ
1248 5490 1523 5565 μέχριτοῦ
1545 5492 1814 5562 παρόντος

349 5676 396 5709 ’⁷
432 5674 560 5735 Cor.
593 5694 685 5734 vn.
722 5680 771 5735 I.

1912 2277 2034 2331 vitae
2073 2291 2228 2342 mete,
2265 2277 2691 2332 Itonoratissima
2723 2275 3039 2331 mulierum.
3073 2275 3179 2332 Sed
3211 2276 3351 2332 solet
3374 2275 3497 2329 ani-

1912 2382 1999 2423 ma
2055 2367 2232 2424 ﬁdelis
2258 2376 2312 2424 et
2364 2384 2616 2439 quan-ens
2677 2367 2966 2422 Dominum
3014 2366 3204 2423 laudes
3253 2367 3498 2421 tribuere

1912 2462 2220 2528 immeritis,
2258 2462 2664 2518 ntbumilitatis
2704 2461 2829 2517 imle
2865 2462 3093 2531 gloriam
3118 2460 3494 2516 nanciscatur.

1913 2553 2098 2609 Talem
2131 2555 2299 2626 igitur
2317 2565 2368 2611 te
2386 2570 2507 2611 esse
2537 2554 2887 2626 agnovimus,
2931 2568 3092 2608 soror
3116 2554 3169 2607 in
3234 2550 3494 2606 Domino.

1913 2645 2048 2701 Nam
2076 2662 2201 2701 cum
2238 2662 2340 2703 nos
2390 2647 2539 2718 ipsos
2570 2662 2991 2718 cognoscamus,
3039 2662 3140 2701 nec
3195 2646 3498 2716 postremis

1911 2737 2006 2806 qui
2059 2752 2206 2793 nunc
2234 2746 2382 2802 sunt,
2434 2752 2536 2793 nos
2556 2753 2944 2808 exaequamns:
2984 2736 3190 2791 nedum
3232 2746 3291 2790 ut
3342 2744 3494 2790 tanto

1913 2846 2015 2886 nos
2045 2829 2347 2885 inferamus
2370 2829 2613 2902 fastigio,
2631 2832 2775 2886 sicut
2826 2830 3114 2898 scripsisti.
3152 2827 3350 2881 Verum
3380 2826 3498 2881 haec

1914 2924 2220 2992 quidemita
2245 2938 2304 2979 se
2330 2924 2588 2978 habeant.
2614 2922 2695 2977 Ad
2728 2921 3031 2993 presbyteri
3061 2936 3285 2976 causam
3318 2929 3499 2975 trans-

1914 3015 2133 3071 ferenda
2167 3027 2253 3070 est
2289 3017 2488 3071 oratio.
2547 3014 2984 3085 Haudquaquam
3020 3029 3119 3069 nos
3145 3055 3160 3075 ,
3216 3027 3250 3066 o
3279 3019 3494 3075 mater,

1917 3125 2063 3163 nunc
2094 3108 2313 3177 quidem
2345 3107 2449 3161 boc
2476 3106 2734 3170 dicimus,
2781 3120 2905 3160 cras
2932 3116 3115 3159 autem
3170 3102 3316 3156 aliud
3352 3117 3366 3155 :
3399 3102 3499 3157 sed

1917 3198 2058 3252 idem
2095 3196 2252 3250 nobis
2280 3210 2496 3265 semper
2524 3203 2609 3250 est
2645 3208 2847 3249 sermo.
2879 3192 3021 3259 Quid
3056 3192 3161 3246 hoc
3196 3198 3279 3245 est
3312 3188 3495 3245 YPre-

1916 3288 2157 3360 sbytero,
2180 3288 2273 3358 qui
2303 3289 2355 3342 in
2428 3288 2804 3343 haereticorum
2863 3284 3249 3341 communione
3303 3283 3500 3353 depreo

1918 3382 2123 3436 hens-us
2143 3391 2245 3446 est,
2292 3381 2637 3449 maximeque
2670 3380 2717 3435 si
2750 3378 3102 3448 subscripsit,
3149 3377 3325 3433 sacris
3345 3375 3497 3447 fungi

1917 3485 2026 3524 non
2047 3471 2229 3534 licere,
2270 3485 2447 3539 usque
2472 3470 2539 3524 ad
2554 3469 2824 3540 synodum
2880 3468 3270 3534 orthodoxam,
3305 3468 3357 3520 in
3387 3482 3498 3538 qua

1841 3527 1884 3585 ϐ
1918 3564 2034 3618 haec
2059 3563 2443 3627 discutientur,
2475 3571 2531 3618 et
2578 3527 3029 3631 dijudicabuntur
3060 3576 3075 3613 :
3120 3559 3225 3614 nisi
3259 3527 3500 3613 tantum-

1911 3653 2075 3710 modo
2103 3671 2163 3710 re
2188 3662 2419 3725 urgente
2449 3654 2751 3722 baptizare,
2814 3662 3098 3706 mortuum
3131 3650 3351 3716 eﬂerre,
3388 3652 3488 3704 lia-

1912 3747 2085 3801 bitum
2117 3748 2248 3802 dare
2279 3745 2552 3801 monacho
2572 3784 2587 3809 ,
2613 3743 3092 3812 Theopltaniorum
3142 3757 3341 3812 aquam
3365 3757 3499 3795 san-

1914 3840 2177 3907 ctiﬁcare,
2207 3838 2586 3910 evangelizare
2615 3838 2879 3902 diluculo,
2913 3846 2968 3891 et
3005 3836 3278 3906 impertiri
3308 3850 3498 3890 sacra-

1913 3942 2099 3986 menta
2125 3931 2239 4002 jam
2268 3940 2395 3986 ante
2419 3931 2489 3985 ab
2511 3930 2738 3985 innoxio
2766 3929 3087 4000 presbytero
3148 3938 3495 3984 consecrata.

1912 4023 2088 4093 Atque
2112 4023 2244 4087 haec,
2269 4030 2327 4075 ut
2358 4021 2494 4087 dixi,
2537 4036 2604 4075 ex
2631 4020 2977 4075 necessitate.
3017 4017 3150 4073 Nam
3180 4020 3225 4073 si
3257 4020 3500 4088 reperia-

1915 4123 2007 4169 tur
2022 4114 2277 4170 sacerdos
2295 4115 2391 4184 qui
2417 4129 2447 4167 a
2471 4112 2861 4169 communione
2885 4112 2975 4165 illa
3001 4110 3263 4165 immunis
3281 4126 3499 4166 manse-

1914 4210 2008 4274 rit,
2033 4222 2101 4263 ne
2130 4207 2243 4262 haec
2260 4207 2480 4277 quidem
2510 4221 2631 4275 quae
2650 4205 2795 4260 dicta
2820 4214 2968 4269 sunt,
2994 4206 3175 4260 facere
3206 4204 3353 4259 licet.

1988 4473 2186 4530 Nostra
2213 4473 2379 4542 igitur
2424 4472 2540 4527 haec
2561 4481 2644 4527 est
2665 4469 2959 4526 sententia.
3006 4467 3164 4536 Quod
3193 4467 3240 4523 si
3274 4468 3364 4523 alii
3396 4467 3500 4523 ali-

1916 4576 2001 4623 ter
2028 4566 2111 4622 vel
2135 4566 2408 4630 sentiunt,
2439 4564 2524 4619 vel
2573 4563 2841 4633 iudicant,
2911 4563 3027 4617 sive
3093 4562 3341 4631 ejusdem
3386 4562 3499 4616 sint

1918 4661 2143 4731 gradus,
2176 4659 2292 4714 sive
2320 4656 2621 4727 superioris
2654 4674 2667 4710 :
2701 4655 2966 4723 quoniam
2999 4669 3106 4708 non
3138 4656 3208 4708 ab
3234 4654 3495 4723 episcOpo

1918 4752 2025 4805 lata
2060 4750 2145 4805 lex
2170 4758 2276 4812 est,
2305 4749 2358 4803 in
2387 4763 2494 4819 qua
2523 4761 2745 4803 necesse
2770 4746 2844 4800 sit
2872 4760 3064 4800 omnes
3093 4745 3445 4814 acquiescere
3471 4761 3489 4809 ;

1845 4862 1889 4918 ι)
1919 4842 2186 4898 libertatis
2214 4855 2329 4897 suae
2344 4848 2475 4897 sunt
2498 4838 2725 4905 domini,
2744 4848 2799 4893 et
2829 4853 2929 4894 nos
2948 4838 3002 4892 itt
3021 4837 3239 4893 silentio
3261 4838 3494 4891 erimus.

1919 4937 2217 4994 Hortamur
2254 4946 2437 4992 autem
2464 4934 2820 4992 reverentiam
2848 4944 3020 4999 tuam,
3059 4943 3121 4988 ut
3144 4934 3289 4988 sicut
3312 4932 3367 4987 in
3396 4933 3497 4986 bo-

1921 5046 1991 5087 na
2012 5029 2447 5092 conversatione,
2472 5027 2554 5083 sic
2583 5026 2817 5082 etiamin
2851 5027 2957 5081 {ide
3005 5025 3314 5080 orthodoxa
3367 5024 3496 5079 dili-

1920 5122 2161 5193 gentiam
2178 5119 2433 5174 adhibeat
2464 5116 2730 5172 :audiens
2783 5116 3105 5186 Apostolum
3166 5116 3438 5170 dicentem
3476 5132 3491 5169 :

1922 5213 2239 5268 Mundemus
2259 5227 2354 5265 nos
2384 5210 2450 5263 ab
2472 5211 2614 5263 omni
2642 5210 3041 5277 inquinamento
3059 5207 3240 5261 carnis
3261 5217 3310 5260 et
3333 5208 3498 5274 spiri-

1923 5317 2007 5359 tus
2032 5346 2047 5370 ,
2074 5304 2400 5373 perficient“
2425 5300 2905 5368 aanctiﬁcationem
2936 5299 2991 5351 in
3041 5299 3228 5352 timore
3257 5297 3356 5351 Dei
3388 5298 3433 5330 "
3476 5338 3492 5353 .

1921 5397 2075 5455 Nosti
2098 5397 2243 5453 enim
2269 5410 2380 5449 non
2416 5393 2666 5463 exiguam
2720 5394 3012 5447 excitatam
3067 5405 3193 5445 esse
3240 5404 3495 5459 persecu-

1923 5490 2126 5547 tionem
2161 5503 2188 5541 a
2218 5486 2434 5542 furente
2474 5484 2740 5539 hactenus
2768 5481 2958 5539 haeresi
2993 5499 3007 5538 :
3055 5482 3151 5537 sed
3184 5493 3234 5538 et
3275 5480 3496 5552 sangui-

1754 5789 1964 5847 ΧΟΤΑ.

316 5934 433 6004 (97)
472 5936 530 5991 In
559 5936 677 5991 cod.
710 5936 841 6006 Reg.
869 5934 958 5992 σε’.
