4184 6482
711 428 844 496 1619

1896 427 1956 487 S.
1989 423 2378 483 THEODORI
2406 425 2752 483 STUDITE

3807 418 3942 480 1620

705 559 823 596 nem
846 540 1195 603 exhaustum,
1230 548 1285 592 et
1311 553 1504 592 carnes
1533 536 1844 599 dilaniatas,
1896 544 1953 588 et
1999 544 2266 604 martyres

2389 535 2608 604 ιίρέσει·
2644 534 2779 587 ἀλλὰ
2808 526 2902 585 καῖ
2935 533 3142 601 αῐματα
3185 531 3553 603 ἐκενώθησαν,
3605 533 3700 584 καὶ
3741 533 3945 598 σάρκες

705 641 1133 686 consummatos.
1221 629 1394 695 Quam
1461 629 1630 684 multa
1715 627 1952 696 porroin
2012 627 2274 681 custodiis

705 725 1124 792 carceribusque
1175 723 1374 776 inﬂicta
1411 723 1520 776 sint
1567 722 1786 783 acerba,
1843 720 1970 789 quid
2001 734 2138 787 opus
2199 727 2278 771 est

705 818 931 873 dicere?
996 817 1380 886 relegationes,
1411 817 1747 878 abaetiones,
1797 822 1986 882 raptus
2008 850 2023 873 ,
2060 810 2277 864 vincula

705 910 902 969 ferrea.
939 910 1097 964 famis
1137 911 1432 973 cruciatus,
1464 909 1804 972 solitudines,
1859 917 2050 961 caatera
2074 905 2277 968 omnia,

705 1021 827 1072 qua:
860 1004 1076 1070 Iungunt
1105 1003 1174 1055 sit
1201 1017 1446 1055 tiarrarc.
1506 1001 1561 1054 Si
1596 1016 1725 1070 ergo
1774 1000 1888 1053 haec
1922 1000 1993 1051 ita
2021 1006 2167 1061 sunt,
2212 1010 2279 1048 an

709 1095 1078 1164 presbyterum
1110 1095 1256 1146 illum
1289 1102 1501 1163 Oportet
1533 1096 1646 1163 pari
1673 1092 1983 1146 e0nditione
2025 1090 2150 1143 hinc
2193 1088 2284 1140 ab-

711 1187 813 1250 ire,
845 1186 1345 1240 immarcescibilem
1384 1187 1565 1254 gloria:
1583 1200 1837 1238 coronam
1873 1181 2284 1252 pereepturum?

712 1278 756 1336 Β
778 1280 1068 1341 contrario,
1105 1294 1228 1331 eum
1263 1279 1314 1330 in
1363 1277 1744 1332 communione
1801 1275 1887 1327 ille
1920 1273 2286 1340 deprehensus

714 1371 786 1424 sit
815 1381 975 1438 atque
1003 1370 1399 1437 subscriptione
1429 1377 1616 1419 contra
1638 1367 1938 1427 Christum,
1977 1362 2284 1432 Deiparam,

715 1471 770 1517 et
794 1473 1013 1516 sanctos
1041 1477 1231 1514 omnes
1258 1469 1574 1526 concepta;
1605 1458 1685 1512 sic
1715 1459 1860 1510 enim
1887 1473 1944 1510 se
1977 1471 2061 1510 res
2102 1454 2284 1518 habet,

713 1555 784 1609 ob
813 1555 1159 1623 pr0priarum
1192 1552 1493 1621 imaginum
1533 1550 1846 1603 relationem
1873 1548 1938 1600 ad
1981 1555 2283 1616 prototypa:

2377 625 2804 695 κατεξάνθησαν,
2835 625 2930 677 καὶ
2986 625 3264 696 μάρτυρες
3307 625 3773 693 ἀπετελέσθησαν.
3802 625 3946 675 Ὅσα

2376 716 2433 768 δέ
2461 715 2529 768 τὰ
2567 717 2626 768 ἐν
2671 715 2941 784 φυλακαῖς
2986 715 3081 767 καὶ
3136 716 3377 785 εἱρκταῖς
3423 713 3728 775 κακωτικὰ,
3761 712 3814 764 τί
3869 713 3948 764 δεῖ

2379 809 2475 860 καὶ
2500 808 2710 875 λέγεινς
2743 808 2840 870 τὰς
2893 807 3128 876 ἐξορίας,
3158 809 3255 869 τὰς
3290 808 3604 873 ἐπαγωγὰς,
3638 807 3736 866 τὰς
3768 806 3949 874 ἁρπα-

2380 898 2504 964 γὰς,
2535 898 2634 961 τὰς
2665 896 3001 965 σιδηρὼσεις,
3031 898 3129 959 τὰς
3160 897 3608 965 λιμαγχονησεις,
3663 895 3762 957 τὰς
3818 912 3951 963 μον-

2381 990 2541 1050 ώσεις
2563 1027 2578 1051 ,
2605 990 2673 1041 τὰ
2700 987 2835 1042 ἄλλα
2863 989 3060 1052 πάντα,
3087 981 3161 1039 ὦν
3189 988 3248 1040 οὐ
3284 988 3484 1056 μικρᾶς
3534 987 3678 1037 ἐστιν
3707 985 3951 1053 ἱστορίας

2382 1080 2566 1150 ἔργον.
2603 1081 2663 1132 El
2693 1078 2870 1131 τοίνυν
2893 1079 3062 1130 ταῦτα
3085 1078 3277 1142 οὕτως,
3309 1079 3404 1130 καὶ
3435 1078 3546 1130 δεῖν
3572 1077 3663 1129 τὸν
3711 1076 3956 1145 πρεσὸύο

2383 1187 2541 1240 τερον
2568 1170 2839 1232 ίσοπαθὼς
2865 1169 3174 1233 διεξελθεῖν,
3209 1168 3571 1236 κομιούμενον
3594 1167 3684 1219 τὸν
3710 1168 3956 1234 ἀμαράν-

2382 1278 2527 1314 τινον
2554 1262 2650 1331 τῆς
2682 1260 2842 1333 δόξης
2877 1261 3173 1330 στέφανον;
3224 1259 3555 1322 τούναντίον,
3591 1257 3778 1325 ἐπειδὴ
3810 1259 3959 1308 talin

2384 1357 2451 1424 τῇ
2479 1354 2733 1424 κοινωνίᾳ
2761 1355 2854 1405 καὶ
2881 1355 2944 1423 τῇ
2975 1353 3262 1422 ὑπογραφῇ
3288 1353 3352 1421 τῇ
3382 1353 3524 1403 κατὰ
3566 1349 3820 1421 Χριστοῦ,
3862 1350 3959 1417 τῆς

2384 1461 2446 1496 τε
2480 1445 2685 1515 μητρὸς
2715 1445 2878 1498 αὐτοῦ
2910 1445 3005 1497 καὶ
3033 1445 3250 1497 πάντων
3277 1446 3385 1496 τῶν
3418 1443 3588 1508 ἁγίων
3613 1457 3629 1472 ⁶
3661 1440 3817 1493 τοῦτο
3849 1442 3960 1510 γὰρ

2387 1534 2477 1586 διὰ
2526 1534 2632 1586 τῶν
2663 1537 2877 1587 οίκείων
2925 1535 3148 1588 είκόνων
3198 1536 3232 1605 ἡ
3272 1535 3365 1587 ἐπὶ
3421 1533 3529 1586 τῶν
3583 1531 3963 1602 πρωτοτύπων

714 1663 824 1717 quo
883 1656 1044 1717 paeto
1070 1662 1173 1698 non
1213 1660 1469 1714 magnum
1498 1643 1649 1697 ducit
1671 1641 1816 1711 quod
1850 1641 2015 1702 vivat,
2048 1639 2289 1708 velquod

2389 1627 2638 1697 ἀναφορὰ
2660 1642 2671 1653 ·
2704 1627 2820 1690 πῶς
2845 1627 2904 1679 οὔ
2945 1628 3316 1697 μέγαὴγεῖται
3341 1628 3434 1678 καὶ
3462 1625 3521 1677 τὸ
3551 1624 3688 1686 ὅλως
3714 1624 3835 1693 ζῇν,
3867 1625 3964 1674 καὶ

717 1738 938 1793 sceleris
981 1737 1197 1790 veniam
1231 1734 1501 1804 impetret,
1552 1747 1775 1801 prorsus
1799 1730 2045 1783 devitans
2096 1731 2177 1780 vel
2207 1737 2291 1780 at-

2390 1719 2450 1771 τὸ
2478 1718 2612 1781 ὅλως
2654 1719 3110 1790 συγκεχωρῆσθαι
3145 1718 3292 1787 αὑτῷ
3323 1718 3384 1770 τὸ
3417 1719 3679 1787 ἀνόμημα
3705 1732 3718 1746 ⁸
3742 1716 3962 1782 φεύγων

717 1831 928 1900 tingere
968 1844 1028 1881 ea
1059 1843 1178 1895 qua!
1207 1802 1322 1895 per
1353 1823 1744 1888 indulgentiam
1792 1820 1934 1873 dicta
1990 1827 2115 1871 sunt
2143 1835 2156 1880 ;
2195 1832 2290 1869 ne-

2393 1807 2731 1876 ἐφάπτεσθαι
2759 1811 2852 1860 καὶ
2880 1807 2989 1859 τῶν
3027 1807 3442 1878 προειρημένων
3472 1805 3616 1856 κατὰ
3649 1802 3963 1871 φιλανθρω-

719 1924 847 1976 dum
872 1931 923 1974 ut
947 1919 1110 1973 licere
1134 1917 1236 1972 sibi
1257 1915 1381 1969 velit
1408 1915 1554 1968 omni
1582 1929 1644 1966 ex
1674 1921 1823 1981 parte
1845 1911 2012 1965 sacris
2036 1909 2247 1979 epcrari
2271 1908 2292 1960 ?

2395 1899 2520 1950 πίαν
2549 1916 2561 1929 ·
2591 1899 2664 1968 μὴ
2693 1900 2775 1952 ὅτι
2804 1916 2866 1966 γε
2911 1900 3004 1952 καὶ
3057 1899 3116 1964 ἐξ
3166 1898 3458 1966 ὁλοκλήρου
3507 1896 3761 1949 λελύσθαι
3798 1893 3965 1946 αὑτὸν

722 2013 861 2083 Ergo
902 2024 1041 2064 vana
1073 2019 1201 2064 sunt
1231 2007 1436 2067 omnia,
1467 2016 1521 2059 et
1546 2005 1748 2058 frustra
1806 2002 2088 2072 martyria,
2118 2011 2172 2054 et
2210 2000 2294 2054 in-

721 2120 938 2159 cassum
969 2102 1232 2156 atlileticzn
1262 2100 1637 2154 contentiones
1673 2097 1801 2150 :sed
1830 2096 2009 2149 absit!
2051 2093 2114 2146 Et
2151 2109 2296 2145 mar-

727 2208 834 2262 tyr,
874 2205 1082 2266 martyr
1117 2195 1269 2249 estin
1299 2193 1398 2246 hac
1429 2191 1773 2245 confessione
1802 2206 1815 2253 ;
1851 2198 1906 2242 et
1935 2189 2028 2257 qui
2059 2188 2294 2255 negavit,

723 2291 912 2358 lapsus
934 2299 1015 2342 est
1041 2289 1094 2341 in
1132 2287 1234 2340 hac
1272 2284 1597 2352 negatione:
1656 2290 1710 2334 et
1752 2295 1923 2348 usque
1957 2280 2022 2331 ad
2070 2287 2295 2331 mortem

725 2383 853 2435 tlere
887 2394 1108 2433 necesse
1136 2387 1240 2439 est,
1277 2375 1524 2445 quisquis
1567 2373 1751 2442 lapsus
1778 2371 1960 2433 fuerit,
2002 2371 2048 2424 si
2081 2383 2164 2423 me
2198 2381 2298 2421 au-

729 2472 839 2526 diat
872 2480 1016 2524 recta
1050 2468 1446 2524 consulentem.

834 2662 1015 2722 CCIV.
1069 2693 1139 2705 -—
1181 2662 1484 2718 Theodosia:
1540 2663 1789 2730 Augusta:
1841 2669 1890 2712 et
1948 2655 2192 2719 Basilio.

1261 2755 1372 2824 ﬁlio
1399 2754 1512 2822 ejus
1539 2754 1634 2822 (‘).

2387 1989 2730 2060 ίερουργεῖν;
2785 1987 2995 2041 Οὐκοῦν
3045 1989 3187 2040 ἕωλα
3233 1990 3300 2040 τὰ
3353 1989 3553 2050 πάντα,
3598 1989 3692 2038 καὶ
3728 1986 3852 2052 εικῆ
3895 1984 3966 2034 τὰ

2395 2081 2690 2152 μαρτύρια,
2733 2084 2826 2133 καὶ
2857 2082 3034 2152 μάτην
3061 2081 3116 2132 αί
3159 2079 3444 2149 ἀθλητικαὶ
3488 2079 3766 2140 ἐνστάσεις
3792 2095 3805 2108 ο
3826 2076 3967 2130 ἀλλὰ

2393 2173 2468 2245 μὴ
2529 2175 2757 2242 γένοιτο.
2814 2175 2925 2228 Καὶ
2967 2176 2996 2226 ὁ
3051 2173 3282 2243 μάρτυς,
3344 2173 3554 2243 μάρτυς
3619 2173 3676 2224 ἐν
3729 2171 3855 2239 τῇδε
3897 2173 3966 2238 τῇ

2389 2266 2678 2338 ὁμολογίαν
2709 2267 2799 2318 καὶ
2835 2266 2867 2318 ὁ
2909 2266 3213 2336 ἡρνημένος
3243 2304 3258 2328 ,
3306 2265 3582 2326 ἐκπτωτος
3631 2265 3690 2315 ἐν
3726 2262 3853 2330 τῇδε
3900 2264 3968 2329 τῇ

2390 2360 2718 2429 ἐξαρνήσει·
2752 2359 2845 2410 καὶ
2883 2358 2993 2410 δεῖν
3059 2359 3422 2427 προσκλαίειν
3495 2357 3657 2426 μέχρι
3735 2357 3972 2407 θανάτου

2396 2455 2574 2506 πάντα
2621 2454 2710 2506 τὸν
2748 2453 2947 2508 ἁλόντα
2972 2470 2986 2486 ·
3016 2454 3132 2522 εῖγε
3173 2453 3296 2522 ἐμοὶ
3340 2453 3581 2504 πείθοιτο
3638 2450 3790 2519 καλῴ
3833 2466 3973 2518 συμ-

2399 2545 2597 2616 δούλῳ.

2405 2659 2519 2715 SA’.
2575 2660 2772 2731 (98)—
2806 2660 3093 2727 Θεοδοσίᾳ
3157 2661 3472 2729 Αὑτούστῃ
3535 2657 3631 2712 καὶ
3677 2659 3978 2726 Baculst

2896 2752 3002 2818 υἱῷ
3025 2752 3234 2821 αὐτῆς.
3274 2751 3461 2824 [ωιζ’.ι

1511 2865 1581 2914 De
1613 2864 1917 2914 immaculata
1939 2876 2136 2926 prorsus
2161 2863 2355 2915 Domini
2394 2862 2625 2927 imagine.
2661 2866 2860 2928 (Baron.
2892 2880 2969 2916 an.
2993 2868 3102 2927 823,
3128 2866 3297 2929 ηαδ.)

815 2979 945 3036 Cum
975 2991 1041 3031 ex
1065 2975 1233 3028 variis
1283 2973 1384 3028 ﬁde
1414 2973 1615 3042 dignis,
1675 2973 2050 3042 imprimisque
2085 2990 2149 3027 ex
2209 2975 2302 3028 Dei

742 3066 1121 3122 amantissimo
1151 3063 1310 3124 Isaia.
1336 3064 1614 3133 episcopo,
1665 3073 1719 3117 et
1742 3078 1807 3116 ex
1840 3065 2302 3117 reverendissimo

746 3156 955 3211 Medicii
998 3155 1259 3216 antistite,
1299 3154 1503 3208 sanctis
1564 3153 1816 3208 Patribus
1857 3155 2077 3215 nostris,
2111 3155 2174 3206 de
2216 3170 2304 3206 re-

745 3265 867 3304 rum
907 3256 1211 3302 vestrarum
1257 3254 1398 3298 statu
1441 3245 1860 3312 accepissemus.
1894 3246 2036 3313 quod
2071 3243 2159 3298 Dei
2209 3259 2305 3297 no-

747 3339 842 3395 stri
879 3337 1066 3408 optimi
1095 3345 1250 3396 nutu,
1291 3334 1356 3387 ad
1395 3333 1610 3402 pietatis
1651 3342 1917 3402 rectaque
1969 3333 2088 3387 fidei
2139 3336 2305 3387 ratio-

747 3447 870 3485 nem
901 3440 956 3484 et
983 3429 1205 3482 modum
1238 3427 1486 3481 conversi
1525 3425 1737 3479 fueritis
1761 3466 1774 3488 ,
1798 3425 2028 3494 pristino
2073 3427 2188 3479 vale
2229 3427 2313 3480 di-

748 3533 934 3578 centes
960 3521 1154 3584 errori,
1190 3531 1249 3574 ut
1279 3520 1423 3588 quia
1460 3517 1569 3570 Deo
1599 3533 1704 3571 non
1752 3518 1823 3571 sit
1870 3527 2046 3581 ortus,
2095 3522 2187 3574 sed
2247 3521 2317 3573 ab

751 3615 976 3668 adversa
1001 3621 1185 3682 parte:
1214 3626 1338 3666 cnm
1368 3610 1556 3679 religio
1586 3620 1674 3664 tua
1701 3626 1768 3665 ex
1850 3612 1935 3680 pia
1973 3613 2044 3666 sit
2101 3613 2315 3676 radice,

754 3706 938 3774 (talem
965 3705 1233 3774 siquidem
1278 3702 1446 3758 fuisse
1501 3703 1779 3758 latendum
1828 3717 1910 3759 est
1951 3705 2123 3757 virum
2169 3705 2318 3757 illum

760 3799 869 3854 Deo
896 3798 1175 3855 dilectum.
1204 3797 1464 3865 omnique
1489 3796 1752 3866 probitate
1773 3796 2172 3865 conspicuum),
2211 3794 2323 3863 egi-

759 3905 880 3945 mus
903 3889 1102 3957 gratias
1133 3888 1262 3950 Deo,
1295 3888 1386 3956 qui
1423 3904 1529 3941 non
1566 3889 1813 3956 permisit
1855 3902 1954 3939 nos
1993 3887 2042 3938 in
2103 3884 2322 3938 lueresis

759 3981 992 4051 caligine
1031 3994 1372 4048 permanere,
1433 3979 1526 4032 sed
1575 3987 1784 4032 mentes
1820 3988 2031 4032 vestras
2065 3977 2206 4030 felici
2241 3977 2324 4027 lu-

762 4072 908 4125 mine
935 4070 1198 4139 implevit,
1235 4077 1293 4122 ut
1346 4068 1754 4138 cognosceretis
1806 4067 1991 4122 Jesum
2047 4065 2324 4121 Christum

766 4163 960 4218 Filium
1016 4163 1108 4217 Dei
1137 4162 1189 4215 in
1219 4160 1390 4216 forma
1424 4171 1608 4214 nostra
1648 4176 1740 4229 per
1765 4159 2154 4214 misericordiae
2213 4173 2326 4214 sua:

765 4256 969 4308 viscera
1000 4262 1212 4317 natum,
1247 4261 1306 4306 ut
1335 4252 1646 4322 ﬁgmentum
1676 4266 1834 4304 suum
1875 4250 1943 4304 ab
1974 4250 2189 4303 interitu
2242 4265 2329 4303 re-

765 4349 1016 4412 dimeret,
1045 4361 1196 4400 more
1232 4356 1423 4401 nostro
1440 4344 1660 4414 depingi
1691 4355 1856 4414 atque
1887 4342 2063 4412 ellingi
2097 4358 2199 4396 :ne
2224 4358 2329 4412 qua

767 4440 840 4493 illi
870 4439 1008 4492 desit
1037 4438 1401 4491 humanarum
1443 4437 1835 4505 proprietatum
1870 4450 1884 4487 :
1932 4449 2055 4487 cum
2118 4440 2335 4485 maneat

769 4534 910 4587 idem
977 4529 1520 4597 incircumscriptus:
1590 4537 1861 4598 quatenus
1911 4526 2097 4588 Deus;
2153 4522 2335 4590 utqui

769 4636 1020 4695 paternas
1051 4637 1270 4692 quoque
1341 4637 1533 4676 omnes
1587 4621 1944 4689 proprietates
1980 4619 2082 4672 sub
2146 4619 2331 4670 eadem

2496 2975 2593 3028 Ἐκ
2637 2975 2911 3045 διαφόρων
2939 2977 3269 3042 ἀξιοπίστων
3317 2975 3623 3047 προσώπων
3643 3014 3658 3036 ,
3685 2976 3848 3042 καίγε
3870 2977 3977 3046 πρὸ

2408 3065 2518 3118 τῶν
2559 3066 2732 3120 ἄλλων
2779 3067 2932 3137 παρά
2978 3085 3034 3121 τε
3088 3067 3178 3122 τοῦ
3221 3069 3636 3135 θεοφιλεστάτου
3675 3068 3977 3120 ἐπισκόπου

2422 3156 2666 3223 Ἠσαίου,
2705 3159 2911 3211 καὶτοῦ
2951 3160 3278 3228 τιμιωτάτου
3298 3158 3711 3228 καθηγουμένου
3743 3157 3836 3210 τοῦ
3864 3158 3982 3226 Μη-

2411 3247 2605 3315 δικίου,
2635 3250 2798 3302 ὁσίων
2826 3251 3078 3321 Πατέρων
3115 3251 3270 3321 ήμῶν
3317 3251 3722 3321 ἐκδιδαχθέντες
3751 3253 3820 3303 τὰ
3858 3249 3981 3303 καθ’

2413 3340 2580 3409 ὑμᾶς,
2610 3342 2690 3393 ὅτι
2718 3342 2936 3413 εὐδοκία
2962 3342 3056 3394 τοῦ
3087 3343 3432 3413 ὑπεραγάθου
3463 3341 3594 3394 Θεοῦ
3620 3340 3778 3412 ἡμῶν
3809 3357 3874 3409 με
3885 3356 3983 3408 με·

2417 3434 2868 3504 τεστοιχειὼθητε
2902 3437 2981 3498 εἰς
3003 3433 3094 3488 τὸν
3127 3435 3222 3502 τῆς
3247 3433 3531 3494 εὐσεϐείας
3551 3432 3644 3484 καὶ
3670 3429 3983 3499 ὀρθοδοξὶας

2417 3531 2617 3599 τρόπον
2656 3528 2750 3582 καὶ
2788 3529 2944 3596 λόγον
2971 3543 2984 3559 ο
3017 3526 3225 3597 χαίρειν
3251 3527 3556 3595 φράσαντες
3581 3527 3646 3592 τῇ
3685 3524 3854 3576 παλαι
3885 3541 3983 3575 κα-

2421 3619 2631 3689 κοδοξίᾳ
2653 3661 2666 3683 ,
2703 3618 2777 3682 ὡς
2808 3620 2906 3672 οὐκ
2945 3619 3196 3688 ὴργμένῃ
3234 3615 3436 3678 θεόθεν,
3459 3613 3573 3666 ἀλλ’
3606 3615 3670 3665 ἐκ
3700 3613 3799 3682 τῆς
3830 3615 3984 3665 ἐνανο

2419 3710 2538 3771 τίας
2573 3711 2810 3779 μερίδος.
2847 3709 3000 3763 Καθδ
3048 3707 3144 3761 καὶ
3197 3707 3450 3778 ὥρμηται
3493 3707 3759 3773 πατρόθεν
3809 3705 3868 3770 ἐξ
3900 3707 3985 3757 εὑ-

2423 3796 2612 3858 σεὸοῦς
2643 3796 2854 3868 ρίζηςή
2892 3795 2957 3866 σὴ
3005 3794 3307 3849 θεοσέϐεια.
3357 3794 3748 3864 Ὀμολογητέον
3777 3795 3884 3864 γὰρ
3907 3796 3987 3847 ὅτι

2421 3886 2661 3949 τοιοῦτος
2689 3889 2717 3940 ὀ
2754 3885 2892 3956 ἀνὴρ
2941 3889 3146 3947 ἐκεῖνος
3173 3902 3186 3915 ·
3217 3885 3336 3956 Θεῷ
3378 3902 3439 3938 τε
3487 3885 3854 3955 πεφιλημένος
3897 3887 3989 3937 καὶ

2425 3978 2573 4049 πάσῃ
2585 3977 2958 4048 καλοκαγαθίᾳ
2977 3977 3447 4048 κατηγλαῖσμένος
3470 3993 3484 4006 ·
3511 3977 3990 4046 ηὐχαριστήσαμεν

2425 4067 2504 4140 τῷ
2533 4070 2742 4140 Κυρίῳ,
2765 4070 2823 4132 ὃς
2847 4069 2946 4122 οὐκ
2975 4070 3157 4122 εἴασεν
3179 4070 3320 4138 ὑμᾶς
3346 4071 3405 4122 ἐν
3433 4068 3512 4140 τῷ
3552 4069 3700 4139 ζόφῳ
3721 4068 3820 4138 τῆς
3845 4069 3990 4139 αίρὲ-

2429 4179 2565 4223 σεως
2590 4162 2860 4232 διαμεῖναι
2885 4177 2896 4190 ’
2929 4161 3044 4214 ἀλλ’
3069 4161 3272 4232 ἔπλησε
3296 4161 3394 4225 τὰς
3426 4162 3602 4231 ψυχὰς
3639 4162 3791 4230 ὑμῶν
3815 4161 3989 4213 ὀλϐίου

2431 4253 2608 4322 φωτὸς
2633 4256 2713 4318 είς
2745 4253 2805 4307 τδ
2832 4253 3154 4323 ἐπιγνῶναι,
3189 4256 3271 4308 ὃτι
3312 4253 3514 4323 Ἰησοῦς
3563 4255 3796 4324 Χριστὸς
3819 4257 3847 4305 ὁ
3873 4253 3992 4315 Υἱὸς

2431 4345 2526 4398 τοῦ
2549 4345 2683 4398 Θεοῦ
2722 4347 2778 4398 ἐν
2812 4346 2889 4416 τῷ
2920 4345 3041 4398 καθ’
3066 4347 3208 4415 ἡμᾶς
3241 4346 3368 4398 εῖδει
3405 4343 3642 4413 γεγονὼς
3667 4344 3756 4396 διὰ
3791 4343 3994 4410 σπλαγ-

2435 4455 2535 4508 χνα
2564 4438 2882 4508 οἰκτιρμῶν,
2910 4439 2991 4500 εἰς
3022 4438 3083 4489 τὸ
3110 4435 3498 4489 ἀνασώσασθαι
3523 4435 3584 4486 τὸ
3606 4433 3803 4486 ἐαυτοῦ
3834 4436 3994 4486 ἐκπεο

2436 4531 2652 4592 πτωχὸς
2679 4533 2758 4593 είς
2784 4529 2988 4598 φθορὰν
3037 4528 3259 4598 πλάσμα
3283 4567 3298 4590 ,
3355 4527 3554 4597 ὁμοίως
3584 4528 3713 4596 ἡμῖν
3745 4525 3998 4590 ἐξεικονί-

2439 4620 2590 4685 ζεται
2614 4637 2628 4650 ·
2658 4621 2732 4682 ὡς
2765 4620 2829 4674 ἂν
2856 4620 3020 4690 μηδὲν
3049 4619 3282 4671 λείποιεν
3307 4617 3456 4689 αὐτῷ
3500 4617 3608 4671 τῶν
3648 4617 3996 4686 ἀνθρωπίνων

769 4731 996 4786 persona
1031 4715 1267 4768 retinet:
1301 4727 1367 4767 ex
1396 4727 1507 4782 quo
1536 4713 1799 4766 mediator
1830 4712 1920 4765 Dei
1955 4720 2008 4764 et
2054 4711 2292 4762 hominui

2389 4737 2411 4790 )
2443 4714 2777 4784 ίδιωμὰτωνο
2810 4712 2985 4780 μένων
3017 4713 3092 4774 ὡς
3139 4711 3271 4773 Θεὸς
3316 4711 3523 4774 όαύτδς
3553 4711 3960 4781 ἀπερίγραπτος
3981 4725 3997 4740 ο

766 4807 1044 4877 apparuit,
1085 4805 1406 4875 medioipsa
1451 4813 1691 4858 extrema
1743 4801 2098 4873 participans,
2158 4811 2211 4854 et
2241 4814 2336 4868 per

772 4897 1011 4966 seipsum
1039 4895 1235 4950 divina:
1264 4910 1364 4948 nos
1389 4904 1597 4948 natura:
1621 4893 1915 4962 participes
1933 4890 2188 4946 eﬂiciens.
2218 4887 2338 4944 Sic-

776 4998 836 5042 ut
875 4989 1022 5044 enim
1070 4987 1187 5042 ﬁeri
1221 4986 1413 5056 nequit
1441 4996 1520 5050 ut,
1556 4983 1698 5039 Deus
1740 4985 1854 5054 ipse
1903 4998 2026 5038 cum
2059 4984 2130 5037 sit
2163 4980 2340 5035 Patri-

775 5097 882 5152 que
908 5081 1156 5150 aqualis.
1185 5094 1293 5134 non
1325 5089 1474 5134 extra
1487 5092 1702 5132 omnem
1731 5077 1802 5132 sit
1824 5076 2344 5145 incircumscriptio-

781 5190 902 5229 nem
932 5172 1201 5241 (inﬁnitus
1237 5171 1507 5241 siquidem
1557 5179 1642 5225 est
1671 5169 1814 5224 Deus
1860 5177 1915 5222 et
1941 5169 2261 5223 interminus
2290 5179 2344 5222 et

783 5263 1398 5333 incomprehensibilis).
1433 5263 1516 5318 sic
1533 5263 1694 5317 etiam
1736 5263 1850 5316 fieri
1879 5277 1984 5314 non
2012 5270 2210 5332 potest,
2243 5270 2303 5314 ut
2327 5299 2342 5322 ,

779 5372 906 5410 cum
933 5369 1060 5410 vere
1085 5356 1250 5410 homo
1271 5355 1341 5411 sit
1371 5355 1484 5424 ipse
1508 5396 1524 5418 ,
1557 5365 1612 5408 et
1638 5355 1792 5408 nobis
1828 5354 2024 5410 similis
2057 5354 2232 5408 factus
2253 5367 2345 5419 per

785 5449 988 5513 omnia,
1015 5448 1154 5502 intra
1192 5450 1750 5518 circumscriptionem
1777 5461 1886 5502 non
1914 5456 2152 5502 maneat.
2185 5447 2347 5500 Com-

780 5539 1147 5610 prehensibile
1174 5539 1376 5608 quippe
1405 5550 1489 5594 est
1532 5539 1651 5605 ejus
1682 5554 1902 5610 corpus,
1939 5547 2196 5607 tactuque
2238 5536 2348 5605 pal-

2438 4804 2513 4869 ὡς
2541 4805 2637 4856 καὶ
2661 4805 2729 4856 τὰ
2756 4803 2987 4874 πατρῷα
3022 4801 3288 4871 ἰδιώματα
3334 4801 3550 4855 ᾶπαντα
3586 4801 3676 4869 ὑφ’
3718 4803 3800 4854 ἐνὶ
3840 4817 4000 4869 προσ-

2439 4896 2577 4966 ώπῳ
2619 4895 2987 4966 κεκτημένοςο
3022 4894 3156 4948 καθδ
3196 4895 3290 4946 καὶ
3336 4893 3561 4963 μεσίτης
3605 4891 3738 4945 Θεοῦ
3784 4894 3879 4946 καὶ
3911 4891 4001 4944 ἀνέ-

2444 4988 2679 5060 θρώπων
2701 4990 2928 5055 πέφηνε,
2958 4989 3024 5057 τῇ
3051 4986 3308 5056 μεσότητι
3336 4988 3449 5048 τοῖς
3470 4985 3661 5054 ἄκροις
3692 4984 3964 5037 κοινωνῶν
3984 5000 3998 5014 ’

2443 5080 2539 5132 καὶ
2564 5078 2632 5131 δι⁹
2658 5075 2851 5130 ἐαυτοῦ
2885 5077 3172 5139 κοινωνοὺς
3220 5078 3368 5146 ἡμᾶς
3408 5075 3555 5135 θείας
3599 5073 3814 5144 φύσεως
3839 5078 4002 5144 άπερ-

2445 5171 2778 5239 γασάμενος.
2821 5168 2907 5232 Ὠς
2939 5169 3047 5238 γὰρ
3079 5170 3178 5220 οὐκ
3209 5169 3482 5237 ἐνδέχεται
3511 5166 3642 5220 Θεδν
3664 5167 3828 5220 αὑτὸν
3859 5167 4000 5226 ὄντα,

2446 5261 2542 5315 καὶ
2579 5264 2692 5314 ίσον
2719 5259 2796 5330 τῷ
2820 5260 3013 5330 Πατρὶ,
3051 5259 3126 5330 μὴ
3157 5259 3277 5329 οὐχὶ
3300 5260 3404 5323 ἔξω
3446 5259 3792 5330 περιγραφῆς
3826 5254 3962 5310 εἶναι
3985 5271 3999 5285 ·

2446 5353 2671 5421 ἄπειρον
2695 5352 2804 5421 γὰρ
2831 5351 2891 5404 τὸ
2924 5352 3067 5405 θεῖον
3093 5353 3186 5404 καὶ
3214 5352 3463 5422 ἀόριστον
3487 5352 3578 5405 καὶ
3604 5351 3967 5420 ἀπερίληπτον
3985 5360 3999 5374 ⁸

2445 5441 2536 5493 τὸν
2557 5441 2721 5494 αὐτὸν
2743 5441 2807 5502 δὴ
2837 5442 3034 5512 τρόπον
3087 5443 3470 5514 ἁνεγχώρητόν
3525 5447 3673 5495 ἐστιν
3726 5441 4003 5511 ἄνθρωπον

2450 5533 2612 5586 αὐτὸν
2636 5532 2852 5602 ἀληθῶς
2881 5534 3030 5598 ὄντα,
3073 5535 3166 5587 καί
3196 5537 3377 5604 ὅμοιον
3400 5536 3532 5605 ἡμῖν
3557 5533 3697 5585 κατὰ
3724 5533 3898 5586 πάντα
3922 5546 4003 5596 γε·

779 5630 977 5701 pabile,
1039 5639 1094 5682 et
1153 5629 1336 5684 colore
1397 5630 1628 5684 visiliile.
1665 5631 1817 5696 Quod
1872 5645 1976 5684 non
2025 5627 2292 5683 ‘conﬁtent

2460 5623 2677 5691 γονότα,
2715 5625 2791 5695 μὴ
2820 5625 2940 5694 οὐχὶ
2961 5629 3304 5697 περιγραφῆς
3329 5625 3458 5680 εῐσω
3489 5625 3674 5698 μένειν
3698 5639 3715 5657 ο
3746 5635 4000 5694 περιγρα-

2288 5752 2516 5810 δοτλε.

853 5862 892 5928 (⁸
904 5868 920 5925 )
952 5855 1256 5928 Dogmatica

2498 5849 2606 5916 (98)
2641 5847 2698 5901 In
2731 5847 2852 5904 cod.
2889 5845 3017 5918 Reg.
3050 5847 3146 5912 σζ’.
