4184 6500
269 431 407 496 1621

1456 427 1994 488 EPIS'I‘OLARUM
2051 428 2198 488 LIB.
2246 429 2329 488 lI.

3383 437 3519 499 1622

265 548 405 600 πτδν
439 543 586 618 [cod.
638 543 772 613 Heg.
823 539 1296 612 περιληπτὸν]γὰρ
1337 541 1502 595 αὐτοῦ
1552 543 1614 595 τὸ
1651 543 1837 611 σῶμα,

1943 536 2287 596 lconomacbi
2311 582 2326 608 ,
2357 541 2560 598 Christi
2599 553 2885 614 negatores
2902 547 3187 605 manifeste
3217 548 3347 605 facti
3394 560 3518 608 sunt

267 640 385 708 ἁφῇ
413 636 508 691 καὶ
535 638 693 706 χροιᾷ
718 635 1143 705 ψηλαφώμενον.
1177 634 1353 703 Ὀπερ
1391 634 1487 702 οὐχ
1510 633 1834 703 ὁμολογοῦν-

263 749 364 794 τες
394 731 444 784 oi
491 729 872 800 Εἱκονομάχοι.
925 726 1340 796 ἁρνησίχριστοι
1389 726 1657 795 ἀριδήλως
1699 726 1837 778 καθ-

265 826 553 893 εστήκασι,
581 821 674 874 τὸν
688 819 1002 889 ὲνσώματον
1024 817 1312 885 ἀσώματον
1333 816 1801 886 ὑπολαμϐάνοντες
1819 833 1834 848 ·

266 917 366 970 καὶ
400 915 489 968 τὸν
527 913 642 984 μεθ’
681 912 837 982 ἡμῶν
867 909 1132 978 γεγονότα
1161 907 1264 971 ἔξω
1290 910 1390 978 τῆς
1417 910 1539 961 καθ’
1563 909 1709 979 ἡμᾶς
1741 908 1838 976 φύ-

267 1025 408 1069 σεως
457 1005 896 1076 δογματίζοντες.
943 1001 1223 1055 Ἐντεῦθεν
1261 1001 1487 1070 ἐδονήθη
1529 1004 1556 1054 ὁ
1592 1001 1834 1071 κόσμος·

263 1097 477 1166 ἠρνήθη
508 1095 740 1167 Χριστὸς
777 1094 865 1146 διὰ
887 1093 986 1161 τῆς
1023 1092 1229 1159 σεπτῆς
1251 1092 1411 1144 αὐτοῦ
1439 1095 1647 1154 εἰκόνος
1669 1108 1680 1120 ·
1722 1093 1754 1161 ἦ
1777 1109 1836 1144 τε

262 1190 550 1252 Θεοτόκος,
585 1189 678 1241 καὶ
709 1189 814 1249 πᾶς
852 1202 937 1248 τις
960 1184 1068 1236 τῶν
1095 1184 1287 1250 ἁγίων.
1315 1184 1391 1252 Τῇ
1425 1181 1534 1252 γὰρ
1553 1183 1833 1253 παραδοχῇ

262 1281 366 1349 1?};
400 1279 606 1342 είκόνος
653 1276 1050 1347 παραδέδεκται
1095 1277 1123 1328 ὁ
1169 1274 1562 1342 είκονιζόμενος
1588 1289 1602 1304 ·
1632 1274 1706 1336 ὡς
1744 1275 1839 1327 καὶ

266 1372 505 1442 ἔμπαλιν
552 1373 619 1441 τῇ
692 1369 946 1440 ἀθετήσει
997 1368 1277 1437 ὴθέτηται.
1341 1366 1623 1419 Ἐντεῦθεν
1678 1365 1840 1434 διωγ-

270 1464 370 1532 μὸς
417 1461 931 1533 ἀναϐρασσόμενος,
980 1463 1073 1513 καὶ
1134 1457 1481 1528 πατριάρχης
1550 1456 1838 1520 θεσπέσιος

266 1551 815 1624 ὲκσκορακιζόμενος,
848 1553 1013 1622 ἱερεῖς
1040 1567 1099 1602 τε
1130 1551 1226 1603 καὶ
1261 1551 1531 1619 ίεράρχαι,
1570 1545 1838 1615 μονασταί

265 1664 326 1700 τε
357 1646 454 1699 καὶ
487 1645 712 1714 μιγάδες
738 1644 1078 1705 ὲνθεώτατοι,
1113 1643 1164 1694 οί
1211 1642 1309 1712 μὲν
1351 1639 1715 1711 ἐξοριζόμενον.
1745 1639 1840 1692 καὶ

266 1735 690 1805 φυλακιζόμενοι
716 1751 731 1766 ·
773 1735 947 1802 ἕτεροι
974 1732 1030 1784 δὲ
1060 1731 1505 1802 μαστιγούμενοι,
1558 1731 1652 1783 καὶ
1682 1729 1838 1799 λιμο-

267 1825 651 1894 κτονούμενοιο
686 1823 815 1875 ἔνιοι
837 1822 893 1874 δὲ
937 1823 1031 1874 καὶ
1076 1822 1518 1890 ἁποκτενόμενοι.
1558 1820 1838 1874 Ἐντεῦθεν

1933 647 2283 704 corporatura
2350 638 2729 707 incorporeum
2767 641 3116 708 arbitrantes,
3147 659 3386 714 eumque
3425 648 3520 716 qui

1935 729 2218 782 nobiscum
2257 739 2417 782 natus
2471 738 2574 791 est,
2616 740 2824 786 natura:
2862 743 3062 787 nostra:
3106 743 3384 805 expertem
3427 740 3525 792 de.

1935 824 2239 868 cernentes.
2276 814 2416 869 Hinc
2445 832 2746 872 concussus
2775 828 2858 873 est
2881 821 3116 876 mundus
3150 842 3164 876 :
3193 832 3421 892 negatus
3437 831 3524 881 est

1936 921 2031 975 per
2060 907 2420 960 venerandam
2476 908 2767 978 imaginem
2796 926 2950 965 suam
2995 912 3272 980 Christus,
3313 927 3366 971 et
3393 915 3517 971 Dei-

1936 1012 2086 1066 para,
2137 1007 2188 1049 et
2217 1001 2390 1052 sancti
2421 1014 2632 1054 omnes.
2662 1002 2768 1054 Per
2795 1003 3045 1072 imaginis
3073 1005 3216 1058 enim
3244 1008 3512 1077 receptio-

1937 1100 2060 1138 nem
2100 1085 2361 1155 recipitur
2389 1086 2434 1140 is
2471 1088 2632 1155 cujus
2657 1095 2742 1141 est
2784 1089 2962 1158 imago
2997 1092 3178 1145 :sicut
3202 1103 3389 1148 contra
3429 1110 3524 1163 per

1938 1175 2292 1246 rejectionem
2321 1179 2584 1246 rejicitur.
2634 1179 2772 1234 Hinc
2820 1182 3032 1236 ebulliit
3061 1183 3364 1251 persecutio
3398 1225 3414 1250 ,
3458 1195 3512 1239 et

1939 1267 2160 1322 divinus
2199 1269 2508 1338 patriarcha
2571 1270 2841 1339 relegatus
2877 1281 2982 1338 est,
3014 1273 3325 1330 sacerdotes
3359 1284 3522 1344 atque

1937 1362 2201 1431 episc0pi,
2269 1363 2524 1416 monachi
2581 1374 2636 1418 et
2685 1366 2976 1420 saeculares
3017 1367 3375 1432 sanctissimi,
3427 1368 3520 1421 alii

1939 1452 2132 1504 exsilio
2163 1459 2216 1504 et
2247 1452 2562 1505 carceribus
2614 1454 2838 1519 addicu’,
2878 1455 2971 1507 alii
3001 1455 3323 1510 verberibus
3352 1455 3523 1511 fame-

1944 1557 2054 1610 que
2084 1542 2310 1596 cruciati
2345 1560 2358 1595 :
2389 1543 2638 1596 nonnulli
2671 1545 2833 1598 etiam
2872 1547 3072 1600 enecti.
3120 1545 3258 1600 Hinc
3279 1557 3524 1602 extorres

1940 1633 1993 1686 in
2029 1634 2328 1699 montibus,
2381 1633 2434 1688 in
2491 1634 2767 1704 speluncis
2803 1645 2857 1691 et
2898 1638 3147 1692 cavernis
3191 1648 3350 1693 terra:
3377 1678 3392 1703 ,
3427 1639 3521 1708 qui

1941 1724 2053 1780 Deo
2079 1727 2308 1778 mortale
2347 1724 2484 1778 nihil
2515 1726 2893 1796 praetulerunt.
2924 1726 3065 1782 Hinc
3093 1729 3276 1782 diruta
3297 1730 3520 1798 templa,

1941 1825 1996 1872 et
2021 1825 2209 1870 sancta
2233 1815 2536 1886 profanata,
2566 1825 2621 1871 et
2675 1817 2858 1872 divina
2892 1818 3120 1875 donaria
3158 1821 3266 1888 igni
3294 1821 3520 1880 tradita,

265 1918 324 1966 ὲν
342 1890 493 1982 ὄρεσι
515 1912 937 1980 φυγαδευόμενοι
981 1912 1076 1963 καὶ
1106 1911 1389 1980 σπηλαίοις
1407 1911 1502 1963 καὶ
1527 1910 1837 1992 ταῖςρπαῖς

1949 1909 2315 1978 clamoreque,
2358 1917 2416 1962 ut
2443 1911 2633 1977 paucis
2672 1909 2852 1965 dicam
2874 1951 2889 1976 ,
2922 1919 2978 1966 et
3011 1913 3316 1982 direptione
3365 1916 3524 1982 plena

263 2004 366 2072 τῆς
396 2005 523 2073 γῆς,
579 2005 628 2056 οί
651 2003 816 2073 μηδὲν
844 2001 952 2055 τῶν
975 2003 1102 2073 τῇδε
1129 2001 1512 2072 προκρίνοντες
1536 2001 1694 2055 Θεοῦ.
1727 2002 1848 2054 Ἐν-

1952 2001 2162 2056 omnia.

262 2097 456 2151 τεῦθεν
504 2098 622 2150 ναοὶ
671 2097 1206 2166 κατασκαπτόμενοι,
1258 2095 1354 2148 καὶ
1400 2096 1530 2164 ἆγια
1611 2093 2010 2166 βεϐηλουμένα,
2078 2096 2176 2150 καὶ
2236 2096 2358 2151 θεῖα
2416 2097 2746 2170 ἀναθήματα
2797 2101 2932 2171 πυρὶ
2973 2100 3398 2171 παραδ;δόμενα,
3427 2099 3524 2154 καὶ

265 2193 519 2261 κραυγῆς
547 2192 614 2245 τὰ
643 2192 820 2245 πάντα
841 2191 936 2243 καὶ
957 2189 1249 2259 λεηλασίας
1278 2191 1482 2261 πλήρη,
1511 2190 1586 2254 ὡς
1619 2191 1677 2242 ἐν
1713 2190 1962 2261 συντόμῳ
1989 2191 2186 2244 είπεῖν.

339 2284 576 2336 Τοιαῦτα
602 2283 669 2336 τὰ
697 2283 796 2352 1?};
841 2282 1094 2343 ἀσεϐείας
1121 2282 1501 2351 ὲγχειρήματα
1522 2297 1536 2314 ·
1567 2281 1643 2344 ὡς
1668 2280 1734 2334 ἂν
1767 2281 1832 2332 ὲκ

263 2376 361 2429 τοῦ
388 2375 601 2445 καρποῦ
627 2375 687 2427 τὸ
710 2375 926 2445 δένδρον
946 2372 1302 2442 γινώσκηται.
1345 2373 1560 2443 Ἐπειδὴ
1583 2374 1640 2425 δὲ
1665 2374 1832 2442 ὑμᾶς,

266 2471 344 2530 ὼς
373 2467 716 2537 προείρηται,
747 2467 780 2535 ὴ
813 2465 933 2518 θεία
961 2465 1118 2534 χάρις
1150 2464 1483 2533 ἠγκαλίσατο
1503 2466 1589 2517 διὰ
1605 2465 1707 2534 1?};
1735 2482 1836 2518 κα-

263 2562 366 2629 λῆς
392 2558 684 2628 ὁμολογίας
711 2553 777 2629 ἦς
804 2556 1188 2626 ὡμολογήσατε
1212 2560 1325 2617 τοῖς
1351 2557 1627 2626 Πατράσιν
1651 2571 1664 2584 ο
1696 2556 1836 2627 ὑπὲρ

264 2648 335 2723 ἧς
373 2652 463 2704 καὶ
505 2651 697 2720 μέχρις
742 2649 972 2718 αἵματος
1030 2648 1398 2720 προθυμεῖσθε
1453 2648 1836 2702 ἀντικαθίστα-

269 2745 398 2797 σθαι
421 2759 435 2773 °
470 2743 564 2796 καὶ
588 2743 749 2811 ἡμεῖς
775 2740 823 2792 οἱ
852 2741 1099 2794 ταπεινοὶ
1146 2740 1320 2810 ταύτῃ
1359 2739 1423 2811 δὴ
1465 2743 1529 2810 τῇ
1571 2741 1836 2810 ὁμολογη-

267 2838 397 2905 τικῇ
427 2833 768 2901 πεποιθήσει,
804 2831 863 2883 σέ
894 2849 952 2885 τε
975 2833 1074 2902 τὴν
1100 2832 1294 2903 κυρίαν
1323 2831 1631 2894 δέσποιναν,
1657 2831 1748 2883 τόν
1777 2847 1834 2882 τε

272 2927 464 2998 κύριον
534 2925 627 2977 καὶ
676 2923 967 2994 δεσπότην,
1024 2923 1119 2976 σὺν
1173 2924 1287 2984 τοῖς
1334 2922 1538 2986 λοιποῖς
1588 2921 1834 2974 εὐκλεέσι

267 3019 484 3080 κλάδοις
517 3015 613 3068 καὶ
652 3014 1060 3085 είσδεδέγμεθα,
1116 3017 1210 3067 καὶ
1270 3014 1712 3081 συνεισκρίνομεν
1759 3013 1836 3082 τῷ

273 3112 428 3180 μέρει
451 3108 547 3176 τῆς
576 3107 884 3176 όρθοδοξίας
911 3121 922 3134 ·
955 3105 1155 3176 μᾶλλον
1193 3104 1249 3156 δὲ
1299 3107 1362 3174 τῇ
1405 3103 1498 3158 τοῦ
1538 3105 1672 3157 Θεοῦ
1713 3107 1836 3158 Ἐκ-

267 3198 469 3268 κλησίᾳ
493 3214 506 3227 °
536 3199 876 3267 καὶῆκοντας
902 3197 1045 3266 ὑμᾶς
1063 3196 1197 3265 πρὸς
1211 3194 1308 3267 τὴν
1331 3198 1658 3249 ταπείνωσιν
1680 3199 1837 3266 ἡμῶν

268 3290 701 3360 προσκυνοῦμεν,
738 3288 832 3340 καὶ
892 3287 1370 3356 συγκοινωνοῦμεν
1421 3288 1584 3358 ὑμῖνο
1617 3290 1839 3358 εὐχαρι-

270 3384 470 3452 στήρια
499 3381 577 3450 τῷ
612 3380 798 3450 ἁγαθῴ
822 3380 941 3450 Θεῷ
981 3379 1395 3448 ἀναπέμποντες
1446 3378 1526 3444 τῷ
1569 3379 1839 3434 ποιοῦντι

261 3470 499 3540 μεγάλα
518 3470 614 3524 καὶ
631 3471 775 3533 ἀνεξ
782 3488 800 3522 ι
805 3473 1083 3538 χνίαστα,
1103 3463 1190 3522 ὧν
1218 3473 1327 3523 οὐκ
1367 3471 1537 3523 ἐστιν
1555 3470 1797 3539 ἀριθμός
1820 3487 1835 3502 ο

2012 2278 2173 2333 Tales
2188 2290 2347 2333 erant
2383 2278 2682 2348 impietatis
2712 2292 2976 2336 conatus:
3031 2288 3090 2334 ut
3121 2297 3186 2335 ex
3219 2282 3399 2337 fructu
3428 2299 3523 2338 ar-

1940 2371 2040 2425 bor
2065 2381 2443 2439 cognoscatur.
2470 2370 2763 2441 Postquam
2797 2381 2980 2426 autem
3041 2373 3224 2427 divina
3263 2389 3360 2427 vos
3393 2391 3519 2444 gra-

1941 2464 2035 2527 tia,
2075 2465 2215 2519 sicut
2239 2464 2349 2517 dixi
2374 2503 2388 2528 ,
2423 2465 2668 2533 amplexa
2690 2475 2773 2519 est
2803 2481 2893 2534 per
2922 2465 3195 2535 egregiam
3222 2464 3522 2520 confessio-

1941 2571 2087 2622 nem,
2118 2571 2280 2626 quam
2313 2555 2568 2612 Patribus
2609 2558 2840 2626 professi
2876 2559 3009 2612 estis
3052 2576 3065 2612 :
3099 2573 3196 2627 pro
3213 2574 3320 2627 qua
3347 2574 3521 2629 usque

1941 2649 2006 2702 ad
2036 2651 2360 2719 sanguinem
2404 2650 2691 2704 decertare
2729 2649 2904 2718 parati
2951 2649 3086 2704 estis
3120 2665 3263 2705 :nos
3305 2665 3521 2720 quoque

1943 2739 2178 2794 humiles
2203 2741 2360 2794 istius
2388 2741 2648 2794 nimirum
2686 2738 3050 2794 confessionis
3117 2737 3312 2792 ﬁducia
3354 2736 3518 2803 freti,

1944 2839 1994 2884 te
2020 2830 2297 2885 dominam
2333 2843 2389 2887 et
2418 2833 2738 2901 magistram
2761 2869 2776 2892 ,
2818 2830 2978 2884 simul
3037 2829 3199 2885 etiam
3239 2830 3518 2884 dominum

1941 2931 1995 2975 et
2017 2923 2354 2991 magistrum,
2387 2937 2510 2976 cum
2547 2922 2762 2976 czeteris
2789 2921 3005 2992 inclytis
3044 2921 3215 2975 ramis
3253 2930 3306 2974 et
3331 2935 3520 2974 susce-

1943 3017 2126 3084 pimus
2158 3054 2172 3076 ,
2214 3024 2265 3067 et
2318 3014 2636 3068 orthodoxae
2685 3013 2808 3066 ﬁdei
2864 3014 3137 3082 partibus,
3179 3027 3273 3067 seu
3343 3012 3522 3082 potius

1943 3105 2198 3159 Ecclesia:
2223 3103 2317 3158 Dei
2351 3118 2736 3168 accensemus,
2774 3104 3161 3172 venientesque
3204 3101 3270 3157 ad
3304 3103 3522 3158 humili-

1943 3205 2107 3250 tatem
2132 3208 2371 3250 nostram
2394 3212 2492 3251 vos
2510 3211 2854 3260 veneramur,
2877 3205 2931 3250 et
2967 3196 3248 3250 vobiscum
3277 3212 3522 3250 commu-

1945 3291 2214 3352 nicamus,
2232 3290 2436 3358 gratias
2457 3299 2679 3358 agentes
2707 3287 2816 3342 Deo
2839 3289 3046 3356 optimo
3078 3290 3168 3356 qui
3187 3289 3310 3357 fecit
3330 3306 3523 3358 magna

1943 3393 1992 3436 et
2023 3382 2395 3436 inscrutabilia
2424 3382 2617 3452 absque
2650 3397 2866 3435 numero
2903 3382 2948 3413 ⁷³
2978 3399 2993 3448 ;
3039 3381 3132 3450 qui
3167 3398 3233 3436 ex
3284 3385 3522 3437 tenebris

1945 3477 2010 3530 ad
2031 3476 2201 3528 lucem
2238 3476 2475 3537 deducit,
2497 3491 2564 3529 ex
2595 3476 2680 3528 via
2711 3474 2920 3530 erroris
2949 3475 3013 3528 ad
3030 3475 3248 3544 pietatis
3272 3475 3520 3530 semitam

267 3559 350 3630 τῷ
380 3561 442 3611 ὲκ
468 3559 693 3620 σκότους
717 3559 796 3620 είς
830 3557 942 3625 φῶς
973 3558 1184 3625 ἄγοντι,
1217 3559 1313 3611 καὶ
1359 3557 1419 3623 ἐξ
1470 3559 1592 3611 ὁδοῦ
1638 3558 1837 3630 πλάνης

1950 3566 2206 3621 transfert
2240 3582 2364 3621 eum
2406 3581 2647 3628 omnem,
2672 3566 2767 3635 qui
2816 3581 2883 3620 ex
2907 3567 3094 3620 animo
3124 3567 3322 3620 salvari
3348 3567 3497 3634 cupit

270 3657 350 3715 εἰς
377 3650 560 3722 τρίϐον
593 3649 874 3710 εὐσεϐείας
903 3649 1264 3720 μεταφέροντι
1291 3652 1469 3704 πάντα
1495 3652 1586 3704 τὸν
1614 3651 1672 3715 ἐξ
1703 3651 1837 3722 ἁλη-

270 3746 424 3815 θινῆς
451 3743 677 3814 καρδίας
729 3741 1016 3810 ἐφιέμενον
1067 3740 1357 3806 σώζεσθαι.
1393 3743 1574 3796 Ταῦτα
1621 3743 1719 3812 μὲν
1746 3743 1839 3795 οὓς

268 3853 399 3898 τως.
444 3833 659 3902 Ἐπειδὴ
689 3833 743 3886 δὲ
792 3832 1031 3899 ἀπεδόθη
1077 3833 1205 3902 ὑμῖν
1251 3836 1400 3906 παρὰ
1450 3834 1544 3887 τοῦ
1598 3835 1835 3905 μεγάλου

274 3926 536 3998 βασιλέως
566 3927 598 3996 ἡ
626 3925 785 3995 νῆσος
816 3925 918 3994 1?};
971 3923 1239 3978 Χαλκίτου
1297 3929 1377 3990 είς
1421 3933 1838 3999 κατοικητήριον

276 4016 508 4086 διαίτης,
537 4017 596 4068 οὐ
633 4016 840 4088 μικρῶς
870 4015 1158 4085 ἐλύπησεν,
1189 4019 1285 4088 οὐχ
1309 4020 1454 4089 ἡμᾶς
1488 4020 1663 4088 μόνον.
1702 4020 1837 4073 ἀλλὰ

274 4109 370 4164 καὶ
397 4109 623 4171 πολλοὺς
669 4110 775 4160 τῶν
815 4108 1094 4178 Πατέρων,
1146 4107 1228 4162 ὅτι
1266 4109 1566 4180 ἀδελφότης
1602 4112 1696 4182 ὅλη
1738 4113 1837 4164 σὺν

273 4201 670 4270 καθηγουμένῳ
698 4200 796 4269 1?}:
831 4201 998 4253 παλαι
1031 4199 1239 4264 οίκείας
1277 4205 1442 4271 μονῆς
1469 4201 1672 4273 ὲξεώθη
1694 4221 1707 4234 ο
1742 4204 1837 4256 καὶ

271 4289 367 4342 νῦν
427 4284 528 4342 ὦδε
581 4290 805 4341 κάκεῖσε
853 4289 1252 4359 περιφέρεταιο
1289 4290 1382 4342 καὶ
1437 4292 1519 4343 ὅτι
1579 4290 1837 4360 ὤφθημεν

271 4382 582 4449 ἀνοίγοντες
663 4380 913 4448 γλώσσας
964 4382 1056 4433 ἐπὶ
1115 4382 1412 4453 προτέραις
1478 4383 1833 4455 δυσφημίαις.

270 4473 462 4542 Ὀμως
523 4472 710 4542 ἐπειδὴ
763 4471 1178 4541 ἀπελογήσασθε
1220 4473 1305 4526 διὰ
1331 4474 1426 4526 τοῦ
1468 4475 1836 4543 πνευματικοῦ

267 4564 430 4634 ἡμῶν
472 4564 588 4616 υίοῦ
608 4563 944 4635 Κλήμεντος,
973 4564 1066 4616 τοῦ
1090 4563 1484 4618 εὐλαϐεστάτου
1509 4567 1833 4636 ἡγουμένου.

271 4654 444 4718 οὕτως
477 4656 571 4708 καλ⁸
628 4655 797 4718 οὓτως
832 4655 1067 4725 ὑπάρξαι
1096 4654 1195 4725 τὴν
1239 4656 1496 4709 ὑπόθεσιν
1530 4660 1595 4710 ἐκ
1631 4658 1838 4727 βασιλι-

268 4747 368 4816 κῆς
401 4745 1022 4818 ὲξουσίας,ἁπελύθημεν
1042 4747 1139 4818 τῆς
1167 4746 1362 4816 λύπης.
1401 4748 1572 4802 Τοῦτο
1585 4749 1640 4802 δὲ
1658 4767 1838 4821 παρα-

268 4836 562 4906 καλοῦμεν,
623 4839 748 4891 ὅσον
801 4839 1074 4910 ἐνδέχεται
1116 4838 1471 4894 ἐκϐιάσασθαι
1506 4840 1650 4910 ὑμᾶς
1676 4841 1837 4914 θερα-

1943 3663 2119 3727 Atque
2180 3661 2290 3713 haec
2366 3658 2587 3728 quidem
2642 3658 2697 3711 in
2769 3657 2916 3712 hunc
2953 3658 3200 3712 modum.
3248 3657 3517 3712 Caeterum

1943 3761 2233 3820 postquam
2261 3750 2505 3804 Chalcita
2545 3750 2724 3805 insula
2758 3750 2911 3803 vobis
2984 3749 3264 3820 designata
3332 3751 3435 3804 fuit
3488 3767 3518 3805 ε

1947 3856 2146 3910 magno
2176 3841 2507 3910 imperatore
2563 3841 2629 3894 ad
2661 3839 2997 3894 domicilium
3025 3840 3394 3903 habitationis,
3424 3856 3521 3910 per

1943 3934 2082 3989 duos
2111 3949 2306 3997 annos,
2349 3949 2455 3988 non
2489 3932 2836 3987 mediocriter
2886 3932 3184 3993 doluimus.
3217 3947 3392 4001 neque
3429 3949 3519 3987 so-

1943 4028 2054 4082 lum
2088 4041 2209 4092 nos,
2232 4026 2326 4080 sed
2360 4025 2511 4080 multi
2535 4026 2697 4080 etiam
2729 4040 2796 4078 ex
2811 4022 3088 4087 Patrihus,
3117 4024 3260 4091 quod
3297 4025 3518 4077 univer-

1943 4133 2038 4174 sus
2106 4116 2337 4171 fratrum
2376 4126 2550 4171 cretus
2583 4131 2709 4171 cum
2744 4115 3011 4180 antistite,
3036 4126 3218 4170 vetere
3260 4131 3362 4169 suo
3397 4131 3519 4170 mo-

1943 4209 2183 4265 nasterio
2213 4208 2418 4277 ejectus
2445 4207 2536 4271 sit,
2565 4216 2620 4261 et
2644 4223 2791 4260 nunc
2841 4207 2950 4260 huc
3009 4206 3251 4275 illucque
3285 4206 3519 4261 circum-

1943 4311 2155 4371 agatur,
2183 4300 2396 4370 etquod
2425 4299 2526 4353 visi
2555 4298 2728 4354 simus
2749 4298 2961 4366 linguas
2990 4297 3203 4367 aperire
3233 4298 3298 4351 ad
3333 4299 3520 4366 pristi-

1945 4408 2014 4447 na
2050 4393 2313 4446 convicia.
2338 4389 2749 4453 Verumtamen,
2779 4390 3036 4458 quoniam
3063 4404 3159 4458 per
3179 4387 3516 4443 Clementem

1944 4483 2278 4554 spiritualem
2315 4483 2482 4536 tilium
2520 4490 2790 4545 nostrum,
2822 4479 3341 4534 reverendissimum
3381 4495 3521 4550 prae-

1942 4575 2205 4645 positum,
2240 4574 2620 4643 respondistis,
2649 4574 2719 4626 ita
2743 4581 2906 4640 atque
2937 4572 3010 4624 ita
3045 4571 3397 4627 constitutam
3451 4587 3518 4626 ex

1946 4671 2092 4737 regia
2122 4667 2443 4721 auctoritate
2481 4679 2595 4718 rem
2629 4663 2820 4728 fuisse,
2856 4663 3131 4717 tristitiam
3185 4665 3515 4732 depulimus.

1943 4756 2061 4813 Hoc
2102 4771 2231 4812 vero
2277 4757 2632 4818 obtestamur,
2695 4765 2777 4820 ut,
2812 4764 3077 4822 quantum
3125 4755 3329 4809 conniti
3365 4755 3520 4809 vobis

1945 4853 2093 4914 licet,
2125 4849 2516 4919 egredientium
2572 4847 2818 4902 dolorem
2865 4845 3152 4916 mitigetis;
3188 4847 3314 4915 quia
3381 4848 3519 4902 scri-

271 4927 472 4982 πεῦσαι
497 4928 558 4980 τὺ
599 4930 762 4996 ἄλγος
794 4930 902 4983 τῶν
943 4929 1230 4994 ἐξιόντωνο
1254 4929 1444 5004 ἐπειδὴ
1488 4932 1837 5003 γέγραπται·

1950 4955 2101 5014 ptum
2141 4915 2232 4996 e-st'
2272 4961 2286 4996 :
2332 4940 2408 4995 Ne
2456 4940 2553 4994 des
2603 4939 2810 4993 homini
2865 4937 3070 4998 locum,
3126 4949 3184 4992 ut
3234 4939 3523 4994 maledicat

270 5023 364 5094 Mi}
396 5023 502 5094 δῷς
524 5022 799 5095 ἀνθρώπῳ
829 5024 998 5080 τόπον
1028 5024 1374 5096 καταρᾶσθαι
1407 5041 1493 5079 σε.
1519 5027 1626 5078 Καί
1652 5042 1666 5055 ·
1711 5028 1837 5082 Ἵνα

1943 5036 2104 5089 tibi"
2136 5073 2151 5089 .
2189 5032 2295 5087 Et:
2335 5029 2556 5100 thuid,
2587 5030 2684 5097 ait,
2737 5029 2954 5082 libertas
2989 5043 3104 5081 mea
3126 5027 3402 5097 iudicatur
3452 5029 3518 5082 ab

270 5115 349 5176 τί,
374 5116 560 5186 φησιν,
584 5117 626 5185 ὴ
658 5117 966 5186 ἐλευθερία
992 5134 1112 5188 μου
1167 5119 1428 5187 κρίνεται
1476 5121 1593 5174 ὑπὸ
1649 5119 1837 5186 ἄλλης

1945 5127 2121 5181 aliena
2153 5126 2471 5181 conscientia
2489 5123 2536 5156 ”
2555 5123 2579 5178 ?

270 5207 683 5274 συνειδήσεως
703 5224 721 5271 ,'

337 5298 455 5352 ΣΒ.
497 5330 566 5340 -
594 5301 830 5369 Κασσίᾳ
857 5300 968 5373 (99)
1014 5301 1517 5371 κανδιδαστίσσῃ.
1549 5301 1754 5376 [ωκα⁹.]

2289 5305 2517 5362 CCV.—
2542 5304 2744 5360 Cassia
2767 5303 3165 5359 candidatis”.

272 5391 637 5457 interrogatum
668 5407 724 5444 se
759 5395 817 5443 ab
849 5406 925 5455 ea,
957 5394 1299 5458 superioribus
1335 5394 1519 5446 litteris
1539 5397 1945 5510 respondiissedid
1978 5398 2110 5462 quod
2131 5411 2303 5449 rerum
2335 5404 2390 5448 et
2420 5409 2618 5460 equum
2657 5394 2868 5458 putavit,
2911 5407 3006 5445 nec
3041 5407 3186 5456 posse
3211 5407 3241 5444 ι
3272 5391 3523 5442 sententia

1761 5474 1862 5510 isce
1902 5475 2010 5510 ere.

1761 5474 2010 5512 ιεεεαετε.

343 5534 549 5605 Χρονία
581 5537 615 5607 ὴ
641 5538 897 5610 ἐπιστολὴ
933 5538 1035 5610 τῆς
1075 5539 1388 5609 τιμιότητός
1415 5555 1530 5605 σου,
1577 5540 1673 5594 καὶ
1697 5541 1840 5613 αὕτη

339 5649 386 5682 ’⁸
409 5647 512 5706 Job
550 5665 602 5717 v,
649 5651 705 5707 9.
779 5653 824 5685 "
855 5652 1012 5710 Prov.
1053 5670 1182 5720 xxx,
1232 5654 1317 5711 10.
1393 5655 1491 5711 "l
1531 5653 1658 5711 Cor.
1689 5656 1858 5721 x,29.

2017 5542 2233 5601 Prolixa
2268 5543 2500 5617 epistola
2566 5541 3001 5602 honoriﬁcentia
3035 5551 3161 5606 tua,
3219 5539 3522 5609 eademque

1783 5763 2004 5825 Νοτιε.

361 5832 472 5903 (99)
509 5832 564 5888 in
599 5836 715 5891 cod.
747 5833 877 5908 Reg.
907 5843 1008 5908 ση’.
