4184 6484
732 380 867 453 1693

1918 384 1977 443 S.
2002 380 2391 441 TIIEODOBI
2433 380 2780 441 STUDITE

3824 388 3966 452 1624

724 496 1174 568 expostulatoria;
1204 505 1257 553 et
1275 512 1421 553 nunc
1443 496 1699 552 humilius
1714 509 1771 550 se
1792 494 2127 564 deprimens,
2154 506 2293 544 nunc

2400 490 2699 562 ὲγκλητική
2726 508 2741 522 ·
2775 492 2870 545 καὶ
2929 492 3004 562 πῆ
3069 491 3171 562 μὲν
3209 491 3714 567 ύποταπεινουμένη
3738 511 3754 527 ο
3789 497 3869 568 πῆ
3912 498 3968 551 δὲ

725 589 1015 658 insurgens
1042 589 1303 644 adversus
1360 592 1671 643 tenuitatem
1702 596 1947 642 nostram
1975 604 1990 649 ;
2039 596 2292 652 tanquam

725 692 927 735 temere
949 690 1002 734 ct
1030 679 1437 735 inconsiderate
1468 690 1657 737 contra
1684 688 1735 733 te
1757 678 2061 733 calumnias
2100 677 2296 731 admit-

724 783 937 836 tamus;
960 774 1052 827 sed
1071 780 1125 827 et
1162 788 1324 828 voces
1366 789 1487 842 qua:
1515 773 1636 827 sine
1662 772 1869 842 judicio
1890 771 2243 840 proferuntur
2277 786 2291 823 :

722 865 883 935 idque
938 865 991 919 in
1045 866 1207 920 rebus
1273 865 1495 920 maximi
1536 865 1815 919 momenti.
1845 862 1956 919 Nos
1979 878 2109 917 vero
2169 878 2291 915 eum

723 956 857 1009 tales
883 957 1180 1011 amandare
1214 956 1488 1011 soleamus
1535 962 1650 1009 tum
1684 955 1814 1010 illud
1860 955 2249 1009 denuntiamus
2275 991 2291 1013 ,

720 1061 840 1116 quae
870 1047 1033 1115 vulgo
1075 1047 1384 1116 jactantur,
1439 1046 1521 1102 sic
1564 1060 1665 1101 nos
1720 1045 1907 1101 audire
1948 1060 2046 1099 ceu
2090 1044 2293 1099 ludicra

720 1136 1001 1205 quaedam;
1024 1138 1104 1192 sic
1137 1150 1236 1191 nos
1263 1136 1429 1205 loqui,
1460 1150 1567 1190 non
1595 1144 1654 1189 ut
1671 1135 1983 1189 horninibus
1997 1135 2290 1205 placentes,

721 1227 813 1282 sed
846 1226 957 1279 Deo
986 1227 1077 1298 qui
1118 1228 1309 1296 probat
1336 1226 1499 1281 corda
1538 1235 1766 1281 nostra:
1822 1226 2038 1281 tametsi
2088 1224 2292 1292 alioqui

720 1330 1030 1391 peccatores
1067 1335 1281 1383 sumus,
1323 1317 1459 1373 Nam
1514 1318 1560 1375 si
1610 1316 1831 1373 Balaam
1880 1334 2055 1384 augur
2098 1315 2292 1370 adduci

719 1428 825 1466 non
853 1413 1049 1483 potuit,
1080 1422 1138 1465 ut
1164 1420 1357 1482 printer
1390 1410 1483 1466 Dei
1540 1412 1876 1467 voluntatem
1930 1409 2093 1463 Balac
2155 1409 2293 1461 allo-

724 1504 1013 1575 pliylorum
1039 1504 1151 1575 regi
1180 1504 1535 1572 responderet
1572 1519 1587 1569 ;
1622 1503 1715 1573 qui
1739 1502 1855 1557 fleri
1909 1509 2074 1572 queat
2101 1510 2159 1555 ut
2190 1513 2291 1553 nos

718 1613 772 1650 ιιι
798 1595 1086 1651 sacerdotii
1117 1596 1293 1664 gradu
1320 1594 1627 1660 constituti,
1690 1595 2065 1666 rationemque
2118 1596 2170 1650 in
2200 1594 2292 1651 die

711 1688 903 1759 judicii
928 1704 1117 1743 eorum
1143 1689 1460 1760 interrogati
1516 1689 1960 1759 responderimus
1985 1687 2240 1743 reddituri
2271 1726 2287 1753 ,

717 1781 919 1852 aliquid
967 1790 1323 1852 pmterquam
1343 1786 1498 1837 decet
1528 1782 1870 1855 proferamus
1892 1783 1917 1835 ἲ

789 1958 881 2016 Sic
911 1960 1079 2031 igitur
1102 1959 1171 2015 ad
1202 1959 1534 2030 interrogata
1567 1960 1968 2030 respondimus.
2028 1972 2134 2011 non
2183 1955 2285 2026 ipsi

717 2067 813 2122 per
851 2066 952 2108 nos
976 2061 1036 2106 ut
1065 2052 1169 2107 hoc
1191 2053 1275 2108 vel
1298 2052 1428 2106 illud
1451 2054 1603 2107 ﬂeret
1632 2053 1980 2121 imperantes,
2006 2049 2147 2104 sicut
2172 2049 2289 2117 ipsa

718 2147 899 2201 dicere
925 2160 1032 2201 non
1065 2145 1343 2200 dubitasti.
1374 2144 1513 2210 Quid
1557 2144 1701 2197 enim
1742 2143 1863 2197 vis?
1898 2156 1964 2195 au
1999 2150 2059 2193 ut
2089 2140 2289 2207 cuique

718 2238 933 2307 placet,
977 2248 1345 2293 mercatorum
1408 2251 1590 2301 more,
1642 2250 1743 2289 nos
1791 2233 2159 2303 respondere?
2203 2232 2283 2284 An

718 2328 900 2398 potius
924 2327 1211 2383 veritatem
1260 2336 1318 2381 ut
1360 2342 1419 2382 se
1458 2328 1616 2381 habet
1663 2324 1938 2396 profiteri?
1988 2324 2068 2379 Ne
2125 2324 2289 2393 igitur

720 2420 1020 2487 plectamur
1053 2434 1155 2474 nos
1186 2418 1421 2473 bundles
1460 2416 1856 2486 intempestive,
1912 2425 1970 2470 ut
2015 2431 2043 2469 a
2093 2418 2283 2485 teipsa,

718 2519 814 2565 aut
847 2525 878 2564 a
906 2510 1127 2564 domina
1157 2524 1366 2572 sorore,
1413 2518 1507 2563 aut
1552 2510 1621 2562 ab
1649 2508 1778 2572 alio,
1820 2509 1907 2563 cui
1939 2510 2287 2575 proscindere

718 2616 782 2655 ac
819 2601 1107 2655 traducere
1135 2615 1233 2654 nos
1273 2601 1452 2654 liceat.
1485 2599 1637 2654 Scito
1664 2612 1844 2652 autem
1886 2614 1986 2653 nos
2019 2615 2148 2669 erga
2205 2601 2288 2653 di-

718 2709 884 2762 gnum
916 2703 1117 2746 aeterna
1148 2693 1407 2746 memoria
1435 2690 1745 2760 Stratcgum
1774 2691 1953 2743 alieno
1972 2690 2155 2745 animo
2179 2706 2285 2745 non

717 2800 866 2849 esse,
919 2786 1050 2851 quin
1092 2792 1147 2838 et
1187 2784 1341 2837 valde
1385 2783 1684 2847 benevolo;
1743 2784 2197 2852 quemadmodum
2235 2792 2289 2837 et

718 2890 846 2945 erga
887 2874 1060 2944 ipsius
1086 2888 1303 2943 quoque
1331 2874 1637 2944 eoujugem.
1664 2871 1917 2928 Dolemus
1956 2888 2086 2927 sane
2114 2888 2177 2927 ac
2206 2873 2289 2925 vi-

719 2964 904 3019 cissim
946 2964 1071 3032 jure
1114 2963 1547 3033 expostulamus,
1605 2962 1752 3031 quod
1802 2977 1899 3016 vos
1958 2972 2013 3017 et
2059 2964 2285 3016 scicntia

720 3063 1061 3125 praestantes,
1092 3063 1146 3108 et
1176 3054 1489 3124 religionem
1521 3053 1804 3120 amplexae,
1837 3068 1943 3106 non
1986 3066 2111 3106 vera
2151 3053 2285 3105 eba-

722 3146 880 3200 ritate
912 3146 1064 3200 illum
1096 3145 1147 3198 in
1175 3146 1282 3199 fine
1311 3154 1614 3214 prosecuta:
1638 3144 1779 3198 sitis.
1812 3142 2113 3211 Oportebat
2139 3145 2283 3199 enim
2313 3176 2354 3235 ο

719 3249 843 3294 ante
864 3240 1046 3293 omnia
1086 3238 1136 3292 ei
1172 3252 1335 3307 super
1354 3236 1570 3301 omnia,
1619 3236 1673 3289 id
1732 3236 1876 3305 quod
1925 3237 2043 3303 ejus
2090 3237 2285 3291 anima:

721 3333 919 3388 salutis
940 3340 1080 3393 erat,
1114 3340 1173 3383 ut
1196 3339 1663 3384 sacramentorum
1688 3330 1959 3398 particeps
1983 3329 2135 3384 fleret
2153 3345 2285 3384 con-

721 3423 966 3489 tendere,
996 3432 1190 3478 etetera
1211 3422 1393 3476 omnia
1418 3430 1477 3474 ut
1497 3430 1738 3475 stercora
1765 3421 2102 3483 existimare.
2126 3425 2286 3476 modo

721 3516 773 3570 in
808 3515 1113 3570 orthodoxa
1147 3513 1538 3569 communione
1587 3511 1958 3577 inveniretur;
1988 3513 2116 3581 quia
2148 3512 2285 3566 scri-

719 3619 871 3679 ptum
905 3620 988 3663 est
1016 3606 1154 3662 :Ubi
1186 3618 1232 3661 te
1268 3608 1533 3671 invenero,
1569 3605 1641 3658 ibi
1695 3616 1743 3658 te
1780 3604 2033 3673 judicabo
2053 3604 2124 3658 “.
2172 3602 2285 3657 Nos

718 3701 938 3771 quidem
980 3700 1068 3753 hic
1092 3700 1358 3754 sentimus
1381 3707 1437 3751 et
1484 3696 1738 3752 dicimus.
1774 3695 1928 3761 Quod
1968 3695 2014 3749 si
2052 3694 2145 3749 alii
2187 3694 2287 3747 ali-

721 3805 823 3859 ter,
854 3790 1086 3860 prOpriae
1122 3790 1224 3858 ipsi
1248 3789 1399 3843 vocis
1426 3796 1554 3843 sunt
1587 3786 1791 3842 domini
1820 3801 1834 3837 :
1864 3796 1917 3841 et
1958 3801 2059 3841 nos
2098 3786 2285 3856 utique

722 3884 1009 3938 sileamus.
1045 3880 1295 3950 Cognovit
1330 3877 1586 3932 Dominus
1623 3877 1712 3948 qui
1740 3875 2028 3945 suntejus;
2051 3886 2100 3931 et
2129 3877 2293 3931 disce-

717 3977 811 4027 dat
862 3974 926 4027 ob
964 3974 1243 4042 iniquitate
1302 3971 1471 4023 omnis
1518 3973 1608 4038 qui
1666 3970 1905 4023 nominat
1957 3985 2145 4023 nomen
2180 3968 2289 4023 Do-

718 4064 851 4117 mini
881 4066 950 4129 ”,
982 4064 1126 4118 sicut
1158 4062 1419 4131 scripturn
1444 4071 1548 4114 est.

1087 4170 1264 4227 CCVI.
1299 4200 1369 4211 —
1399 4170 1646 4239 llypacoe
1673 4169 1914 4225 moniafi.

2402 584 2905 654 κατεξανισταμένη
2924 584 3025 655 τῆς
3067 586 3420 656 οὐθενότητος
3444 588 3601 658 ήμῶν
3624 604 3639 619 ’
3662 589 3739 651 ὡς
3779 591 3969 651 ἁπλῶς

2400 673 2493 725 καὶ
2531 674 2902 739 ἀνεξετάστως
2936 678 3309 747 προσιεμένων
3339 681 3438 741 τάς
3474 680 3609 735 κατά
3637 679 3730 733 σοῦ
3781 682 3969 735 διαδο-

2397 762 2496 826 λάς
2518 780 2533 795 ·
2575 766 2634 818 οὐ
2669 766 2774 837 μὴν
2805 768 2941 822 ἀλλά
2966 770 3062 822 καὶ
3088 771 3329 841 ἀκρίτως
3366 773 3707 842 ἐκφερόντων
3755 776 3964 844 φωνὰς.

2397 856 2494 908 καὶ
2526 856 2729 922 ταύτας
2766 861 2823 913 ὲν
2862 864 2973 921 τοῖς
3020 862 3255 931 μάλιστα
3291 864 3628 932 ἀναγκαίοις.
3673 866 3866 936 Ἡμεῖς
3911 867 3966 920 δὲ

2394 947 2511 1010 τοῖς
2538 949 2806 1013 τοιούτοις
2853 951 3271 1017 κατεθισθέντες
3311 956 3523 1026 χαίρειν
3553 956 3754 1022 λέγειν,
3793 961 3971 1010 ἐκεῖνο

2394 1038 2685 1109 δηλοῦμεν,
2715 1042 2796 1094 ὅτι
2848 1042 3021 1107 οὕτως
3065 1045 3336 1115 ἀκούομεν
3380 1046 3451 1099 es
3493 1047 3967 1119 θρυλλούμεναὼς

2396 1131 2617 1195 παιδίας
2648 1133 2834 1197 τινάς’
2863 1136 2956 1187 καὶ
2979 1135 3152 1199 οὕτως
3189 1135 3458 1207 λαλοῦμεν
3493 1139 3590 1209 οὐχ
3630 1140 3707 1203 ὡς
3752 1141 3967 1208 ἀνθρὼ-

2396 1239 2519 1285 ποις
2551 1223 2896 1293 ἀρέσκοντες,
2929 1226 3069 1280 ἀλλά
3096 1227 3173 1298 τῷ
3198 1227 3317 1297 Θεῷ
3345 1229 3422 1298 τῷ
3469 1229 3816 1298 δοκιμάζοντι
3864 1234 3967 1293 τὰς

2395 1314 2621 1382 καρδίας
2649 1316 2808 1385 ἡμῶν
2824 1333 2839 1347 ·
2866 1321 2914 1371 εἰ
2942 1320 3037 1372 καὶ
3061 1320 3238 1383 ἄλλως
3260 1322 3575 1392 ἁμαρτωλοὶ
3596 1339 3687 1391 τυγ
3701 1325 3963 1393 χάνομεν.

2395 1408 2457 1459 Εἰ
2483 1408 2591 1479 γὰρ
2623 1410 2854 1480 Βαλαὰμ
2881 1413 2911 1465 ό
2935 1414 3296 1479 οίωνοσκόπος
3317 1415 3376 1467 οὐ
3424 1416 3577 1487 παρά
3619 1417 3679 1469 τὺ
3712 1416 3966 1486 βούλημα

2394 1496 2489 1548 τοῦ
2524 1496 2658 1550 Θεοῦ
2682 1499 2945 1570 ἠνέσχετο
2997 1504 3361 1573 ἀποκριθῆναι
3406 1504 3484 1574 τῷ
3516 1506 3703 1559 Βαλὰκ
3753 1495 3969 1574 βασιλεῖ

2393 1587 2501 1641 τῶν
2524 1588 2842 1658 ἀλλοφύλων
2867 1607 2881 1622 ’
2916 1593 3034 1657 πῶς
3055 1594 3215 1663 ἡμεῖς
3241 1596 3291 1647 oi
3317 1597 3376 1649 ἐν
3416 1596 3609 1667 βαθμῷ
3661 1599 3965 1667 ἱερωσύνης

2394 1677 2661 1747 κείμενοι,
2712 1682 2806 1733 καὶ
2855 1680 3011 1751 λόγον
3074 1684 3366 1753 ὑφέξοντες
3411 1691 3469 1741 ἑν
3519 1689 3704 1759 ἡμέρᾳ
3726 1689 3964 1759 κρίσεως

2394 1768 2513 1822 ἀνθ’
2540 1763 2619 1823 ὧν
2652 1773 3001 1844 ἐρωτώμενοι
3044 1777 3492 1849 ἀποκρινούμεθα
3523 1781 3749 1835 δυνατὸν
3778 1800 3962 1852 παρα-

2321 1845 2360 1899 Β
2388 1864 2779 1932 τετραμμένως
2810 1866 3148 1936 φθέγγεσθαι
3174 1845 3268 1924 τοῦ
3293 1845 3501 1935 δέοντος
3524 1889 3540 1939 ;

2461 1952 2649 2016 Οὕτως
2673 1951 2767 2009 οὖν
2821 1959 3204 2032 ἀπεκρίθημεν
3260 1966 3373 2025 τοῖς
3416 1965 3789 2035 ἐρωτήσασινο
3857 1967 3961 2020 οὐκ

2389 2045 2545 2098 αὐτοὶ
2594 2046 2687 2113 ἀφ’
2724 2048 2936 2103 ἑαυτῶν
2967 2052 3382 2123 ἑπιτετροφότες
3416 2054 3573 2109 τοῦτο
3611 2058 3833 2110 κάκεῖνο
3859 2076 3958 2125 γε-

2389 2135 2596 2198 νέσθαι,
2627 2137 2703 2199 ὠς
2752 2139 2891 2207 αὐτὴ
2942 2141 3225 2211 προήχθης
3253 2144 3446 2197 εἰπεῖν.
3500 2146 3606 2198 Καὶ
3640 2147 3693 2198 τί
3736 2146 3955 2216 βούλεις

2390 2228 2527 2295 πρὸς
2558 2228 2616 2280 τὸ
2635 2230 2870 2296 ἀρέσκον
2892 2233 3110 2305 ἑκάστῳ
3145 2236 3461 2306 ἐμπορικῶς
3485 2239 3634 2308 ἡμᾶς
3662 2241 3959 2310 ἀποκρίνε-

2392 2317 2543 2384 σθαε;
2575 2320 2605 2389 ἢ
2636 2320 3067 2391 ὀρθοτομοῦντας
3109 2327 3199 2380 τὸν
3228 2329 3382 2396 λόγον
3415 2330 3513 2399 τῆς
3540 2331 3831 2399 ἀληθείαςς
3862 2336 3961 2407 Μὴ

2388 2412 2567 2463 τοίνυν
2593 2414 2730 2481 μήτε
2764 2415 2902 2485 αὑτὴ
2934 2417 3170 2485 πλήττου
3210 2421 3291 2483 είς
3316 2422 3464 2491 ἡμᾶς
3502 2422 3629 2483 τοὺς
3666 2429 3957 2489 ταπεινοϋς

2388 2504 2650 2574 ἀκαίρως,
2682 2507 2817 2575 μήτε
2850 2508 2882 2576 ἡ
2919 2509 3082 2577 κυρία
3102 2512 3135 2579 ἠ
3165 2511 3388 2582 ἀδελφὴ,
3420 2512 3551 2582 μήτ’
3576 2512 3734 2576 ἄλλος
3764 2517 3794 2566 ὁ
3820 2533 3957 2584 προ-

2387 2595 2708 2664 αιρούμενος
2749 2596 3023 2651 σκώπτειν
3045 2601 3136 2653 καὶ
3164 2602 3441 2672 διασύρειν
3466 2606 3631 2672 ἡμᾶς.
3686 2606 3845 2659 Ἀλλὰ
3877 2609 3959 2674 γί-

2388 2703 2562 2738 νωσκε
2592 2690 2674 2741 ὅτι
2699 2690 2791 2741 καὶ
2825 2690 2915 2741 τὸν
2940 2690 3268 2762 ἀείμνηστον
3285 2694 3594 2765 Στρατηγὸν
3622 2696 3722 2747 οὐκ
3752 2698 3957 2767 ἐχθρω-

2387 2778 2489 2840 δῶς
2526 2779 2742 2848 ἔχομεν,
2777 2782 2913 2836 ἀλλά
2948 2786 3041 2838 καὶ
3092 2786 3235 2855 μάλα
3292 2786 3606 2850 ἀσπασίως·
3642 2787 3828 2860 ῶσπερ
3860 2791 3957 2842 καὶ

2386 2868 2484 2936 τὴν
2521 2870 2767 2939 ὁμόζυγα
2814 2874 3004 2930 αὐτοῦ.
3057 2876 3388 2948 Λυπούμεθα
3437 2878 3494 2931 δὲ
3524 2882 3616 2931 καὶ
3646 2883 3956 2948 ἀνατεγκα-

2386 2959 2477 3012 λοῦ
2486 2978 2583 3029 μεν
2599 2962 2825 3028 είκότως
2842 2980 2856 2994 ⁸
2884 2966 2965 3018 ὅτι
2992 2967 3148 3037 ὑμεῖς
3169 2970 3225 3022 αἱ
3244 2970 3336 3023 καὶ
3355 2970 3553 3039 γνώσει
3577 2972 3951 3042 διαφέρουσαι,

2386 3053 2480 3105 καὶ
2516 3054 2797 3119 εὐλαϐείας
2847 3057 3290 3129 ἀντιποιούμεναι
3344 3062 3443 3115 οὐκ
3492 3061 3718 3133 ἀληθινῇ
3766 3066 3955 3135 ἀγάπῃ

2387 3144 2589 3212 ἦχθητε
2624 3147 2681 3197 ἐν
2712 3148 2856 3200 τέλει
2883 3149 3020 3220 πρὸς
3047 3152 3229 3206 αὐτόν.
3296 3152 3449 3206 Ἐπεὶ
3471 3154 3579 3206 εδει
3605 3154 3711 3223 πρὸ
3741 3156 3958 3208 πάντων

2390 3236 2482 3288 καὶ
2506 3236 2647 3307 ὑπὲρ
2665 3238 2861 3302 πάντα,
2888 3242 2947 3293 τὸ
2978 3244 3316 3314 σωτηριῶδες
3350 3245 3448 3315 τῆς
3465 3246 3642 3316 ψυχῆς
3669 3248 3856 3312 αὐτοῦ,
3877 3250 3958 3311 είς

2388 3326 2450 3379 τὸ
2498 3330 2790 3398 μετασχεῖν
2844 3330 2954 3381 τῶν
2997 3332 3372 3402 ἀγιασμάτων,
3420 3336 3833 3402 ἀγωνίσασθαι·
3890 3340 3959 3391 τὰ

2388 3417 2523 3471 ἀλλα
2557 3420 2738 3473 πάντα
2771 3420 3017 3475 σκύϐαλα
3050 3423 3385 3492 ἡγούμεναι·
3417 3424 3546 3478 ὥστ’
3571 3427 3638 3480 ἂν
3661 3430 3857 3501 εὑρεθῇ
3899 3432 3958 3483 ὲν

2390 3511 2456 3578 τῇ
2485 3510 2751 3581 ὀρθοδόξῳ
2773 3514 3031 3584 κοινωνία
3050 3529 3064 3544 ·
3087 3514 3275 3585 ἐπειδὴ
3305 3515 3634 3586 γέγραπται·
3670 3520 3860 3575 Ὅπου
3881 3520 3961 3575 ἂν

2387 3602 2537 3669 εὕρω
2564 3618 2658 3669 σε,
2692 3604 2909 3659 ἐκεῖσε
2942 3606 3144 3675 κρινῶ.
3192 3608 3379 3678 Ἡμεῖς
3403 3610 3504 3676 μὲν
3531 3608 3704 3673 οὕτως
3730 3613 3959 3680 φρονοῦ-

2393 3712 2491 3763 μεν
2521 3697 2616 3749 καὶ
2642 3696 2893 3767 λέγομεν.
2923 3698 2983 3751 El
3022 3700 3079 3753 δὲ
3125 3700 3322 3763 άλλως,
3355 3703 3511 3755 αὐτοὶ
3540 3702 3721 3773 κύριοι
3740 3705 3838 3772 τῆς
3878 3707 3957 3758 oi-

2389 3787 2542 3847 κείας
2567 3787 2752 3857 φωνῆς
2772 3803 2785 3816 ’
2816 3790 2910 3841 καὶ
2930 3792 3093 3859 ἡμεῖς
3129 3808 3193 3858 γε
3217 3792 3532 3861 σιωπῶμεν.
3574 3790 3709 3848 Οἵδε
3744 3797 3959 3863 Κύριος

2389 3878 2531 3944 τοὺς
2564 3879 2745 3943 ὄντας
2771 3880 2958 3933 αὐτοῦ
2982 3896 2997 3913 ο
3047 3882 3145 3935 και
3200 3882 3519 3949 ἁποστήτω
3562 3884 3680 3937 ἀπὸ
3722 3884 3956 3951 ἀδικίας

2388 3969 2508 4036 πᾶς
2538 3973 2570 4025 ό
2595 3970 2893 4040 ὀνομάζων
2937 3972 3002 4025 τὸ
3045 3972 3233 4043 ὄνομα
3269 3973 3490 4042 Κυρίου
3515 3990 3529 4004 ·
3583 3975 3729 4029 καθά
3749 3979 3955 4047 γεγρα·

2389 4079 2539 4115 πται.

2552 4177 2663 4243 XC?
2684 4177 2780 4247 (Ι),
2810 4204 2879 4214 -
2913 4175 3170 4247 Ύπακοῇ
3202 4176 3560 4247 μοναζούσῃ.
3594 4174 3796 4250 [ωκγ’.]

1774 4281 1963 4333 Rursus
1994 4296 2104 4333 eam
2143 4285 2207 4336 de
2247 4286 2413 4338 fratris
2441 4287 2577 4337 obitu
2604 4292 2901 4347 consolatur.

791 4397 894 4464 Qui
934 4394 1299 4450 monasticam
1322 4392 1488 4447 vitam
1529 4401 1655 4447 sunt
1679 4392 1938 4462 amplexi,
1970 4408 2033 4448 ac
2082 4394 2286 4449 mundo

2458 4397 2519 4449 Οί
2551 4397 2640 4449 τὸν
2672 4400 2882 4467 μονήρη
2915 4398 3030 4468 βίον
3060 4401 3484 4470 ἐπανῃρημένοι,
3523 4402 3616 4455 καὶ
3652 4405 3730 4473 τῷ
3762 4406 3948 4477 κόσμῳ

720 4490 947 4561 proinde
983 4485 1204 4551 mortui,
1250 4486 1400 4539 velut
1444 4485 1755 4539 carnalibus
1805 4485 2085 4540 affectibus
2140 4486 2282 4541 casi-

722 4584 932 4651 busque
960 4579 1273 4648 superiores
1296 4578 1408 4648 jam
1444 4578 1590 4641 facti,
1632 4579 1685 4632 in
1728 4579 2157 4648 prapinquorum
2192 4593 2284 4633 ca-

720 4671 1057 4727 lamitatibus
1076 4684 1199 4740 qua:
1236 4670 1508 4733 accidunt,
1541 4666 1717 4738 frangi
1746 4669 1932 4723 animo
1960 4683 2066 4724 non
2088 4670 2282 4733 solent,

719 4782 819 4822 nec
854 4768 908 4819 in
946 4764 1166 4818 illorum
1204 4763 1486 4817 funeribus
1534 4762 1739 4817 dolere.
1778 4761 1883 4818 Sed
1914 4764 2171 4833 quoniam
2203 4765 2287 4819 iu-

717 4860 969 4914 venimus
1005 4856 1152 4925 ipsos
1185 4869 1403 4925 quoque
1431 4864 1650 4909 sanctos
1676 4856 1730 4907 in
1752 4854 2281 4924 consanguineorum

718 4950 906 5004 dolore
958 4954 1266 5002 commotos
1318 4945 1506 5011 fuisse,
1545 4946 1893 5015 calentesque
1933 4946 2197 5015 lacrymas
2230 4945 2281 4999 in

719 5056 911 5095 eorum
972 5053 1199 5094 excessu
1259 5038 1499 5101 fudisse;
1552 5052 1659 5091 non
1713 5037 1953 5091 alienum
2009 5036 2281 5099 ducimus,

722 5134 862 5189 idem
902 5134 1077 5203 ipsum
1129 5130 1287 5184 nobis
1320 5129 1634 5199 contigisse,
1664 5144 1728 5184 ac
1772 5129 2065 5197 praesertim
2098 5126 2284 5182 fratris

719 5239 922 5287 causa,
988 5222 1280 5292 fratrisque
1340 5221 1626 5291 prudentia
1685 5231 1740 5275 et
1802 5220 2287 5289 circumspectione

721 5315 1177 5389 praestantissimi,
1233 5326 1288 5369 et
1340 5315 1432 5383 qui
1498 5314 1645 5368 velut
1714 5312 1882 5383 patris
1923 5313 2044 5367 loco
2089 5321 2287 5368 nostra

722 5430 850 5483 erga
906 5427 1004 5466 vos
1043 5409 1428 5465 sollicitudinis
1471 5409 1618 5463 vices
1695 5407 2019 5464 sustinebat.
2092 5406 2286 5461 Gravis

724 5519 949 5572 prorsus
982 5502 1137 5555 dolor
1159 5541 1174 5565 ,
1212 5514 1367 5553 soror
1405 5500 1459 5551 in
1497 5497 1727 5554 Domino
1752 5537 1767 5563 ,
1816 5499 1972 5566 cujus
2003 5499 2156 5569 plaga
2191 5512 2286 5551 cor

794 5620 839 5653 ⁸⁸
874 5617 1006 5673 Vide
1038 5630 1200 5686 supra
1226 5614 1335 5670 col.
1377 5611 1533 5670 1598.
1562 5614 1605 5647 '"
1640 5612 1677 5669 ll
1706 5613 1848 5669 Tim.
1876 5629 1935 5680 ιι,
1978 5614 2061 5668 19.

2387 4484 2633 4539 ἐντεῦθεν
2664 4489 3090 4559 ἐσταυρωμένοι,
3120 4490 3193 4555 ὡς
3225 4491 3321 4563 ήδη
3383 4491 3644 4564 ἀνώτεροι
3669 4499 3946 4567 γενόμενοι

2385 4576 2495 4629 τῶν
2519 4579 2791 4646 σαρκικῶν
2817 4582 3054 4650 σχέσεων
3098 4584 3192 4636 καὶ
3219 4584 3559 4654 συμὸάσεων,
3585 4587 3647 4639 ού
3672 4588 3943 4656 πεφύκασι

2390 4670 2846 4739 κατακάμπεσοαι
2882 4674 2939 4724 ἐν
2980 4676 3102 4737 ταῖς
3131 4675 3492 4744 συμϐατικαῖς
3533 4679 3642 4730 τῶν
3671 4681 3940 4749 συγγενῶν

2389 4763 2795 4831 περιστάσεσιν,
2837 4766 2957 4818 οὐδὲ
2985 4767 3271 4820 λυπεῖσθαι
3328 4770 3386 4821 ἐν
3418 4772 3538 4833 ταῖς
3572 4774 3777 4826 τούτων
3812 4775 3943 4827 ἀπο-

2386 4853 2668 4909 σιώσεσιν.
2712 4856 2850 4909 Ἀλλ’
2883 4858 3069 4929 ἐπειδὴ
3098 4858 3427 4929 εὑρίσκομεν
3450 4902 3462 4924 ,
3496 4868 3589 4915 καὶ
3645 4865 3733 4917 ἐπ’
3766 4866 3941 4920 αὐτῶν

2382 4945 2490 4996 τῶν
2512 4945 2683 5014 ἁγίων
2704 4946 3017 5015 κεκάμφθαι
3041 4950 3097 5001 ὲν
3123 4950 3199 5018 τῷ
3216 4948 3324 5001 τῶν
3348 4952 3625 5021 συναίμων
3654 4956 3836 5015 πάθει,
3852 4958 3944 5009 καὶ⁵

2384 5035 2617 5107 δάκρυον
2645 5036 2971 5103 ἀποστάζειν
3000 5040 3199 5111 θερμὸν
3224 5045 3280 5095 εν
3306 5045 3426 5106 ταῖς
3457 5045 3662 5098 τούτων
3695 5040 3943 5100 ἀποσιώ-

2389 5144 2538 5181 σεσιν
2558 5144 2572 5159 ·
2599 5129 2659 5182 οὐ
2699 5129 2850 5194 ξένον
2893 5148 2947 5183 τι
2988 5133 3241 5203 κρίνομεν
3266 5135 3363 5188 καὶ
3400 5137 3557 5205 ἡμεῖς
3588 5138 3658 5190 τά
3685 5140 3825 5191 αὐτὰ
3852 5155 3942 5191 πε-

2386 5219 2661 5286 πονθέναι,
2686 5222 2779 5274 καὶ
2809 5222 3045 5291 μάλιστα
3069 5225 3159 5277 ἐπὶ
3193 5225 3424 5295 ἀδελφῷ,
3450 5229 3545 5281 καὶ
3576 5228 3791 5299 ἀδελφῷ
3810 5230 3944 5283 κατά

2387 5329 2446 5365 τε
2479 5314 2737 5384 φρόνησιν
2768 5316 2863 5369 καὶ
2884 5316 3239 5388 περιφάνειαν
3269 5318 3574 5390 καλλίστῳ,
3614 5320 3710 5374 καὶ
3743 5315 3854 5374 οἷον
3889 5324 3942 5375 ὲν

2387 5400 2538 5467 τάξει
2573 5406 2778 5475 πατρὸς
2811 5407 3058 5477 ἐπέχοντι
3106 5409 3203 5477 τῆς
3240 5408 3361 5461 καθ’
3385 5410 3528 5478 ὑμᾶς
3552 5412 3829 5481 φροντίδος
3856 5411 3941 5464 τὸν

2388 5492 2562 5563 λόγον.
2596 5498 2776 5551 Δεινίιν
2804 5497 2972 5563 ὅντως
3029 5501 3090 5554 τὸ
3125 5500 3313 5568 πάθος,
3348 5500 3548 5574 ἀδελφὴ
3604 5504 3663 5556 ιν
3724 5501 3937 5573 Κυρίῳ.

2229 5702 2458 5759 NOTAE.

792 5802 870 5875 (Ι)
907 5802 965 5857 ln
990 5800 1112 5856 cod.
1138 5800 1272 5871 Reg.
1299 5796 1395 5853 σθ’.
