4184 6520
241 455 387 522 1625

1425 446 1964 509 EPISTULARUM
2017 444 2162 507 LIB.
2214 447 2296 509 ll.

3342 446 3479 510 1625

234 564 339 617 καὶ
368 562 545 635 ἥψατο
597 558 753 631 ὑμῶν
787 557 883 629 τῆς
945 555 1173 625 καρδίας
1223 555 1257 626 ὴ
1318 556 1507 627 πληγὴ
1552 555 1809 625 καθάπερ

1920 565 2173 621 vestrum,
2210 553 2371 625 quasi
2410 551 2591 623 gladio
2631 552 2879 620 feriente,
2908 553 3161 625 perculit.
3200 553 3343 621 Quid
3376 558 3481 612 hoc

235 654 348 707 ὑπὸ
394 648 671 724 μαχαίρας
720 647 1048 719 τεμνούσης.
1087 647 1153 698 Τί
1182 645 1374 710 τοῦτος
1439 644 1808 699 ἐκκαλυπτέον

234 746 352 814 γὰρ
396 742 459 795 τὸ
500 740 812 813 πρόσωπον.
857 736 916 789 '0
962 734 1150 805 κύριος
1178 736 1207 789 δ
1240 734 1486 803 ἁδελφὸς,
1518 734 1593 797 ὡς
1653 732 1808 801 φασὶ,

234 834 589 903 κεκοίμηται.
624 830 818 901 ᾭχετο
846 827 984 898 ἀνὴρ
1022 826 1242 895 ἀγαθὸς,
1288 825 1519 896 ἐσϐέσθη
1548 826 1577 878 ὀ
1618 822 1812 892 ὀφθαλ-

236 925 342 994 μὸς
371 923 465 977 τοῦ
505 922 718 990 γένους,
745 919 962 989 άπέπτη
1000 917 1062 972 τὸ
1092 917 1436 988 παραμύθιον
1488 914 1644 986 ὑμῶν
1664 930 1679 944 ⁸
1714 914 1812 986 ὀρ-

234 1018 398 1087 φανοὶ
434 1017 532 1087 μὶν
554 1015 604 1069 οἱ
633 1012 821 1076 παῖδες
858 1010 953 1075 οὓς
983 1011 1213 1083 ἦνεγκεν
1245 1023 1261 1038 ’
1324 1008 1535 1081 ὀρφανὴ
1586 1007 1647 1061 δὲ
1712 1006 1811 1061 καὶ

233 1110 377 1179 αὑτὴ
402 1109 497 1161 σὺν
526 1109 646 1170 ταῖς
662 1106 938 1176 άδελφαῖς,
967 1104 1069 1157 οὑκ
1101 1106 1300 1174 ἔχουσα
1327 1101 1433 1156 ποῦ
1454 1102 1677 1175 ἐρείσῃς
1710 1100 1811 1171 τὴν

237 1204 400 1272 χεῖρα
428 1200 780 1264 ὀκλάζουσαν,
811 1198 845 1268 ἢ
879 1195 982 1249 ποῦ
1022 1195 1345 1264 ἀποϐλέψοις
1376 1194 1813 1265 περιστατουμέ-

238 1309 334 1360 νη.
383 1289 520 1343 Ἀλλ’
559 1288 645 1341 ῐνα
668 1290 721 1340 τί
749 1288 842 1340 ἐπὶ
867 1286 1054 1340 πλεῖον
1102 1284 1569 1354 ἐλεεινολογοῦμεν
1595 1283 1658 1337 τὸ
1701 1283 1810 1335 πά-

238 1380 372 1446 00;;
397 1380 532 1449 πρὸς
555 1378 776 1448 θεοφιλῆ
807 1376 938 1446 ἡμῖν
962 1375 1183 1443 ὁλόγος,
1224 1373 1357 1445 πρὸς
1390 1373 1637 1445 συνετὴν,
1678 1373 1815 1442 πρὸς

238 1470 532 1541 ἐχέφρονα,
562 1467 699 1538 πρὸς
726 1464 1075 1534 πολύπειρον,
1110 1463 1245 1534 πρὸς
1284 1462 1537 1535 ἔμπλεων
1592 1463 1659 1531 τῇ
1694 1459 1815 1530 θείᾳ.

236 1563 461 1630 γνώσει,
492 1559 798 1629 δυναμένην
827 1559 920 1612 καὶ
963 1556 1156 1620 ἄλλους
1185 1555 1546 1626 σωφρονίζειν
1583 1554 1659 1624 τῷ
1690 1551 1813 1607 καθ’

237 1652 441 1721 ἑαυτῆς
466 1649 842 1719 ὑποδείγματι.
882 1646 1116 1702 Ἔκϐαλε
1140 1648 1205 1701 ἐκ
1235 1649 1330 1701 τοῦ
1363 1646 1570 1716 ἀγαθοῦ
1606 1646 1813 1718 θησαυ-

240 1743 340 1817 ροῦ
377 1744 475 1814 τῆς
522 1742 752 1813 καρδίας
807 1758 902 1794 σου
932 1739 1025 1794 τὸν
1054 1740 1427 1810 πνευματικὸν
1456 1738 1706 1805 πλοῦτον,
1748 1740 1817 1793 τὰ

239 1838 510 1909 φάρμακα
537 1835 637 1904 τῆς
689 1832 1059 1903 παραμυθίας,
1086 1831 1400 1904 ἐπαρκοῦσα
1435 1833 1607 1901 σαυτῇ
1630 1846 1690 1883 τε
1722 1830 1818 1883 καὶ

238 1898 664 1998 ταῖςάδελφαῖς.
702 1898 889 1996 Ἴσμεν
918 1924 1028 1997 γὰρ
1073 1926 1156 1980 ὃτι
1199 1898 1472 1979 κάκείνων
1526 1898 1706 1995 ﬂii-rario
1753 1923 1811 1989 ἐξ
1848 1898 1892 1956 Β

241 2023 362 2075 ῖσου
394 2022 427 2090 ἡ
457 2019 599 2090 λύπη
623 2038 635 2049 ’
663 2018 784 2070 ἐπεὶ
814 2018 910 2070 καὶ
937 2020 1035 2087 τῆς
1066 2016 1262 2087 κυρίας
1299 2014 1611 2087 ἡγουμένης
1634 2031 1649 2047 ο
1680 2013 1817 2069 ἀλλὰ

241 2112 355 2182 γὰρ
386 2110 479 2163 καὶ
503 2110 625 2163 ὅλου
651 2108 743 2162 τοῦ
767 2107 980 2175 γένους,
1013 2107 1309 2177 προσθείην
1338 2108 1384 2159 δ’
1423 2106 1489 2160 ἂν
1524 2105 1623 2160 καὶ
1649 2106 1816 2176 αὑτῆς

242 2203 347 2271 τῆς
392 2199 717 2269 συγκλήτου.
765 2199 860 2261 Τίς
884 2198 971 2251 ἐπ’
1014 2196 1163 2267 αύτῷ
1192 2196 1269 2267 μὴ
1295 2197 1665 2262 ἐπιστενάξειε
1691 2215 1707 2265 ;
1732 2213 1819 2260 τις

243 2295 305 2349 δέ
335 2294 409 2363 μὴ
437 2292 741 2361 καταγάγοι
787 2291 1029 2363 δάκρυας
1054 2282 1227 2360 οὗπερ
1252 2291 1348 2343 καὶ
1382 2291 1538 2362 ἡμῶν
1583 2289 1691 2343 τῶν
1719 2307 1815 2343 τα-

245 2384 449 2439 πεινῶν
476 2384 676 2453 καίπερ
701 2380 842 2435 οὕτω
866 2378 1327 2449 φιλοσοφούντων,
1350 2380 1529 2451 ἥψατο
1581 2381 1614 2451 ἡ
1648 2379 1816 2451 λύπη.

257 2477 399 2531 Ἀλλ’
446 2476 634 2546 ἐπειδὴ
660 2473 1045 2542 ἀπεϐλέψαμεν
1094 2473 1178 2524 ὅτι
1208 2474 1381 2536 οὐδεὶς
1431 2474 1510 2538 είς
1554 2473 1817 2543 γέννησιν

247 2572 420 2626 ἐλθὼν
447 2572 519 2642 μὴ
540 2571 656 2639 οὐχὶ
682 2572 776 2622 καὶ
800 2567 924 2636 ἐκδη
934 2567 1074 2637 μήσε
1084 2584 1127 2619 ιε
1146 2568 1253 2621 τῶν
1272 2568 1483 2623 ἐνθένδε
1503 2586 1517 2600 ο
1550 2569 1819 2623 καὶτοῦτο

251 2664 362 2717 ἀπὸ
395 2663 485 2717 τοῦ
520 2662 860 2732 προπάτορος
900 2658 1057 2729 ἡμῶν
1101 2659 1268 2730 ’Δδὰμ
1304 2663 1466 2732 μέχρι
1497 2662 1590 2715 τοῦ
1620 2661 1780 2732 δεῦρο
1803 2677 1818 2693 ·

251 2753 405 2806 οὐδὲν
429 2751 574 2817 ξένον
600 2747 923 2821 ἡγησάμεθα
951 2749 1042 2802 ἐπὶ
1093 2749 1170 2819 τῷ
1228 2751 1597 2821 συμϐεϐηκότι
1618 2769 1633 2784 υ
1674 2752 1823 2817 ξένον

251 2844 299 2899 δ’
323 2844 389 2899 ἂν
422 2840 553 2909 εἷεν,
582 2844 736 2911 είπερ
760 2843 794 2910 η
842 2839 1184 2904 θεοσύνθετός
1235 2858 1327 2895 σου
1366 2843 1561 2913 καρδία
1610 2845 1826 2913 ἐνέγκοι

253 2938 611 3007 εὐχαρίστως,
641 2932 989 2997 ὑποτύπωσις
1021 2934 1290 3006 γενομένη
1312 2937 1407 2989 σὺν
1422 2938 1487 3007 τῇ
1512 2936 1677 3007 κυρία
1693 2934 1824 2989 καθ-

255 3028 560 3099 ηγουμένῃ,
596 3028 712 3090 ταῖς
773 3042 835 3079 τε
879 3025 1156 3094 ἀδελφαῖς,
1208 3027 1304 3080 καὶ
1330 3029 1479 3099 πάσῃ
1527 3030 1593 3098 τῇ
1627 3043 1827 3095 συγγε-

254 3120 398 3172 νεία.

328 3208 524 3261 Διάθου
560 3205 702 3261 κατὰ
731 3208 791 3260 τὸ
813 3206 1001 3268 είωθός
1032 3222 1114 3257 σοι
1181 3204 1434 3276 εύψυχῶς
1470 3207 1670 3270 πάντα,
1720 3222 1824 3277 με·

257 3298 600 3371 γαλοὸούλως
628 3298 749 3353 καθ’
801 3299 924 3351 ὅσον
997 3297 1269 3365 ἐνδέχεται
1326 3298 1692 3369 ἐπικουροῦσα
1735 3300 1830 3353 καὶ

259 3391 359 3459 τὴν
387 3389 564 3440 οἰκίαν
601 3380 972 3456 τοῦάδελφοῦ,
1006 3387 1084 3448 είς
1112 3384 1173 3438 τὸ
1196 3388 1271 3457 μὴ
1305 3388 1519 3459 ἐρήμην
1553 3387 1830 3458 καταδρα-

263 3482 388 3554 μεῖν
446 3480 571 3543 τοὺς
610 3479 1020 3549 ἐφεδρεύοντας,
1079 3478 1135 3529 ἐν
1167 3483 1286 3541 ταῖς
1337 3479 1692 3551 περιστάσεσι
1723 3479 1833 3531 τῶν

260 3572 599 3645 ἀνθρώπων.
621 3573 913 3643 Φρόντισον
934 3566 1026 3622 οὖν
1060 3569 1183 3621 ὅσον
1202 3570 1447 3637 δυνατὸν,
1477 3573 1568 3624 καὶ
1599 3572 1700 3642 τῆς
1754 3587 1835 3623 τι·

264 3665 394 3734 μίας
426 3665 603 3735 ψυχῆς
628 3665 721 3716 τοῦ
748 3661 953 3729 ἀγαθοῦ
981 3660 1166 3730 ἁνὸρδς
1184 3663 1392 3717 ἐκείνου
1413 3678 1427 3692 ⁶
1459 3664 1540 3716 ὃτι
1574 3663 1670 3716 καὶ
1698 3663 1835 3733 μετὰ

264 3756 495 3811 θάνατον
526 3754 844 3824 βοηθοῦνται
870 3753 1021 3823 παρὰ
1048 3752 1158 3805 τῶν
1211 3754 1429 3819 ζώντων
1462 3756 1513 3806 oi
1534 3754 1834 3825 ἐκδεδημη-

267 3850 443 3911 κότες.
471 3848 580 3899 Καὶ
610 3845 794 3909 ἁπλῶς
829 3846 897 3898 τὰ
928 3846 1103 3900 πάντα
1126 3847 1185 3898 ἐν
1242 3848 1409 3899 πᾶσιν
1438 3846 1661 3917 σίδαμέν
1688 3863 1747 3899 σε
1776 3841 1833 3900 εὖ

264 3938 619 4004 διατίθεσθαι,
660 3939 756 3993 καὶ
810 3940 1134 4009 στρατηγεῖν
1197 3939 1288 3991 τὸν
1322 3939 1579 4008 λογισμὸν
1612 3938 1834 4008 μᾶλλον,

266 4034 301 4105 ἢ
334 4030 759 4103 στρατηγεῖσθαι
778 4030 884 4081 ὑπὸ
921 4029 1017 4097 τῆς
1046 4028 1285 4097 ἀθυμίας
1308 4027 1726 4098 καιμοχθηρίας.
1744 4029 1837 4091 El;

263 4125 399 4176 αὐτὸ
427 4122 534 4192 γάρ
566 4120 723 4173 τοῦτο
739 4120 940 4172 καὶτὸν
964 4116 1524 4185 ὰδελφδν“Αθανάσιον
1556 4114 1834 4168 ἀπεστάλ-

268 4231 444 4284 καμεν
474 4252 489 4277 ,
521 4212 925 4272 ἐπιδεικνύντες
948 4209 1008 4262 τὸ
1049 4206 1351 4278 περιπαθὲς
1380 4205 1536 4275 ἡμῶν
1580 4204 1716 4275 πρὸς
1746 4202 1837 4256 τὸν

266 4301 457 4370 ἄνδρα,
516 4302 609 4354 καὶ
650 4300 780 4370 πρὸς
812 4300 911 4369 τὴν
943 4297 1214 4368 ὑμετέραν
1260 4296 1549 4363 τιμιότητα
1592 4296 1836 4361 ἐπικαμ-

266 4391 489 4444 πτικόν·
542 4392 601 4444 ὃν
659 4390 929 4461 εὐχόμεθα
982 4390 1165 4457 τάχιον
1223 4385 1590 4453 ἀποδέξασθαι
1632 4384 1837 4453 ἀγαθὸν

267 4480 497 4551 ἄγγελον
513 4484 610 4553 τῆς
636 4482 958 4552 εὐχαρίστου
1008 4478 1161 4547 ὑμῶν
1184 4476 1465 4547 ὑπομονῆς
1494 4473 1835 4545 γιγνόμενον.

445 4644 537 4698 ΣΖ¹
692 4673 762 4686 -
799 4638 1087 4705 Ὀλϐιανῷ
1107 4638 1413 4706 πατρικίῳ.
1451 4634 1646 4709 Ῐωκδ’.]

1866 4584 1918 4643 D

1913 649 2037 704 est?
2093 647 2383 718 retegenda
2403 646 2552 701 enim
2591 654 2676 700 est
2712 660 2967 715 persona.
2997 644 3263 702 Dominus
3291 646 3478 711 frater,

1913 749 1973 796 ιιι
1996 740 2169 803 aiunt,
2201 739 2553 795 obdormivit.
2580 737 2729 792 Abiit
2753 738 2835 791 vir
2857 738 3372 800 bonus,exstinctus
3399 746 3486 793 est

1912 834 2106 888 oculus
2139 832 2380 898 familia,
2442 832 2680 886 avolavit
2729 830 3031 886 consolatio
3058 842 3243 885 vestra
3278 850 3293 885 :
3330 840 3483 901 patre

1914 924 2089 980 orbati
2130 931 2259 979 sunt
2317 922 2409 977 lilii
2453 937 2592 993 quos
2631 921 2862 993 genuit:
2893 922 3083 976 orbata
3139 931 3195 977 et
3257 932 3314 977 tu
3365 923 3483 989 ipsa

1914 1034 2039 1074 cum
2064 1017 2370 1082 sororibus,
2409 1031 2519 1071 non
2558 1016 2768 1072 habens
2802 1014 2896 1069 ubi
2943 1028 3163 1068 manum
3196 1013 3326 1081 ligas
3354 1014 3487 1067 littt-

1915 1111 2159 1176 bantem,
2207 1125 2307 1165 nec
2360 1123 2472 1178 quo
2508 1108 2763 1178 periculis
2806 1106 3051 1172 obsessa,
3100 1105 3382 1174 respicias.
3415 1106 3484 1157 At

1914 1215 2178 1270 quorsum
2234 1212 2529 1253 arumnam
2585 1197 2832 1269 pluribus
2859 1196 3253 1266 deploramus?
3281 1196 3361 1250 Ad
3393 1196 3484 1249 Dei

1915 1302 2187 1347 amantem
2224 1292 2577 1346 noblssermo
2601 1300 2705 1354 est,
2737 1290 2801 1344 ad
2833 1289 3330 1358 intelligentem,ad
3357 1302 3486 1357 pru-

1914 1387 2151 1449 dentem,
2184 1384 2249 1438 ad
2274 1383 2444 1437 multa
2462 1390 2764 1452 expertam,
2796 1381 2862 1435 ad
2885 1381 3066 1435 divina
3105 1380 3331 1435 scientia
3372 1380 3488 1449 ple-

1914 1493 2063 1544 nam,
2104 1491 2225 1546 qua
2252 1483 2307 1530 et
2340 1474 2475 1529 alios
2508 1474 2678 1543 possit
2715 1489 2817 1529 suo
2840 1473 3009 1543 ipsius
3030 1474 3279 1541 exemplo
3304 1487 3491 1525 emen-

1916 1569 2069 1625 dare.
2099 1567 2371 1638 Exprome
2395 1568 2463 1623 de
2487 1567 2631 1621 bono
2665 1567 2920 1621 thesauro
2976 1566 3158 1621 cordis
3199 1566 3272 1619 tui
3324 1564 3489 1633 spiri-

1919 1662 2089 1718 tuales
2119 1662 2377 1718 divitias:
2407 1658 2796 1716 consolationis
2834 1657 3096 1720 remedia,
3148 1665 3202 1711 et
3235 1655 3328 1710 tibi
3360 1656 3487 1724 ipsi,

1916 1761 1973 1807 et
2023 1753 2305 1807 sororibus
2355 1749 2663 1819 suppedita.
2710 1748 2929 1803 Scimus
2961 1747 3105 1801 enim
3142 1746 3239 1800 has
3274 1758 3493 1814 quoque

1920 1847 2039 1916 pari
2069 1845 2299 1900 affectas
2323 1860 2445 1899 esse
2482 1842 2703 1897 tristitia
2757 1857 2774 1897 :
2805 1838 3263 1910 quemadmodum
3308 1849 3362 1890 et
3390 1838 3492 1890 do-

1920 1939 2065 1994 mina
2087 1936 2395 2008 praposita,
2433 1936 2563 2007 quin
2588 1944 2642 1989 et
2667 1942 2779 1989 tota
2808 1932 3033 1997 familia,
3059 1931 3358 1986 addiderim
3393 1944 3493 1983 au—

1918 2040 2049 2093 tem,
2104 2039 2158 2084 et
2194 2037 2420 2084 senatus
2468 2027 2599 2098 ipse.
2633 2024 2769 2093 Quis
2808 2026 2953 2079 illius
3004 2038 3169 2078 causa
3202 2037 3311 2077 non
3343 2023 3496 2090 inge.

1919 2122 2159 2179 miscat?
2183 2123 2308 2193 quis
2336 2122 2610 2193 lacrymas
2645 2133 2753 2173 non
2782 2116 2997 2172 fundat?
3026 2116 3251 2185 quando
3289 2124 3345 2170 et
3397 2129 3496 2169 nos

1919 2212 2176 2277 humiles,
2204 2212 2298 2281 qui
2339 2212 2419 2266 sic
2468 2208 2939 2280 philosophamnr,
2987 2206 3161 2277 tetigit
3193 2214 3374 2259 tamen
3402 2205 3499 2257 do-

1920 2301 2026 2357 lor.
2049 2298 2252 2356 Verum
2288 2309 2579 2370 postquam
2624 2298 3003 2368 perspeximus
3032 2295 3306 2349 nemiuem
3343 2292 3496 2345 nasci

1920 2393 2017 2464 qui
2074 2392 2203 2447 hinc
2246 2392 2429 2447 itidem
2495 2405 2605 2445 non
2651 2398 2828 2453 exeat,
2863 2388 3025 2457 idque
3057 2402 3086 2440 a
3118 2389 3295 2456 primo
3324 2398 3499 2452 usque

1920 2493 2145 2555 parente
2167 2481 2340 2536 Adam
2375 2482 2443 2536 ad
2475 2490 2719 2537 nostram
2755 2481 2895 2534 hanc
2925 2486 3137 2533 atatem
3170 2496 3185 2542 ;
3220 2476 3353 2530 nihil
3378 2476 3497 2529 sin-

1923 2575 2110 2646 gulare
2145 2574 2391 2628 arbitrati
2433 2588 2624 2629 sumus
2669 2572 2722 2625 in
2758 2586 2825 2624 eo
2855 2570 3000 2639 quod
3056 2568 3277 2632 accidit,
3310 2567 3491 2637 singu-

1923 2666 2036 2720 lare
2055 2665 2237 2735 potius
2261 2664 2444 2729 fuerit,
2462 2664 2507 2718 si
2524 2661 2742 2733 sapiens
2762 2676 2857 2716 cor
2885 2670 3033 2715 tuum
3055 2674 3179 2714 cum
3198 2660 3496 2729 gratiarum

1924 2758 2138 2812 actione
2168 2758 2273 2812 boc
2300 2754 2473 2821 ferat;
2509 2756 2585 2809 ita
2638 2763 2697 2808 ut
2748 2752 2999 2822 exemplo
3043 2751 3141 2809 sis.
3178 2749 3403 2819 perinde
3433 2764 3500 2804 ac

1925 2848 2147 2902 domina
2207 2846 2495 2915 praposita
2531 2853 2645 2898 tum
2697 2842 3011 2904 sororibus,
3072 2850 3186 2893 tum
3243 2853 3494 2894 sororum

1926 2940 2140 3005 liberis,
2163 2946 2632 3010 cognatorumque
2666 2936 2936 2990 universae
2967 2931 3210 2987 familia.

2004 3204 2268 3273 Dispone,
2325 3211 2385 3257 ut
2431 3202 2681 3267 solebas,
2730 3201 3025 3270 tranquillo
3074 3199 3260 3254 animo
3292 3198 3498 3260 omnia,

1934 3313 2132 3368 magno
2191 3296 2370 3367 quoad
2417 3295 2533 3349 fieri
2604 3303 2781 3365 potest
2831 3294 3085 3358 consilio,
3146 3293 3331 3348 fratris
3363 3309 3501 3362 quo-

1935 3402 2039 3457 que
2094 3387 2316 3440 domum
2378 3384 2668 3454 adiuvans,
2721 3400 2789 3439 ne
2839 3400 2942 3454 ope
2993 3384 3250 3439 destituta
3304 3384 3356 3437 in
3406 3397 3501 3437 eos

1934 3481 2198 3544 incurrat,
2223 3479 2316 3549 qui
2357 3478 2584 3533 insidias
2616 3486 2833 3533 struunt
2859 3479 2912 3532 in
2946 3478 3191 3533 adversis
3219 3478 3501 3531 hominum

1936 3573 2121 3626 rebus.
2182 3570 2382 3625 Curam
2434 3571 2640 3640 igitur,
2680 3570 2856 3639 quoad
2898 3579 3071 3640 potes,
3124 3570 3260 3624 babe
3308 3569 3505 3622 anima

1936 3666 2063 3721 boni
2128 3665 2273 3720 illius
2305 3664 2403 3718 viri
2458 3680 2473 3717 :
2517 3664 2775 3731 quoniam
2816 3664 2978 3717 etiam
3035 3671 3157 3732 post
3194 3671 3423 3715 mortem
3472 3676 3504 3716 a

1936 3758 2247 3813 viventibus
2288 3755 2614 3824 adjuvantur
2636 3754 2727 3824 qui
2751 3754 2857 3809 vita
2884 3754 3051 3808 functi
3082 3763 3228 3808 sunt.
3260 3752 3505 3823 Denique

1937 3850 2121 3906 omnia
2157 3850 2211 3904 in
2243 3851 2497 3903 omnibus
2538 3847 2789 3902 novimus
2820 3856 2871 3901 te
2911 3855 3057 3902 recte
3099 3846 3412 3915 disponere,
3441 3860 3505 3900 ac

1938 3943 2119 4012 potius
2141 3942 2406 3995 rationem
2456 3939 2608 4008 sequi
2657 3941 2871 4000 ducem,
2904 3952 3067 4009 quam
3094 3953 3124 3992 a
3168 3953 3402 3992 marore
3448 3945 3503 3991 et

1940 4032 2190 4087 molestia
2219 4031 2353 4101 regi.
2386 4028 2497 4085 Hac
2553 4029 2696 4084 enim
2748 4030 2815 4083 de
2850 4044 3014 4082 causa
3070 4028 3291 4082 fratrem
3340 4028 3503 4082 etiam

1937 4124 2300 4177 Athanasium
2340 4122 2612 4186 misimus,
2645 4120 2891 4176 dolorem
2941 4131 3186 4176 nostrum
3244 4131 3505 4177 testantes

1937 4226 2064 4283 erga
2095 4208 2431 4274 defunctum,
2463 4217 2515 4264 et
2558 4207 2806 4263 all'eetum
2841 4223 2969 4278 erga
3007 4210 3364 4263 reverentiam
3416 4224 3507 4263 ve-

1939 4315 2108 4360 stram
2149 4319 2354 4374 :quem
2423 4312 2675 4372 optamus
2730 4300 2882 4356 brevi
2946 4302 3225 4367 reducem,
3276 4302 3509 4356 bonum-

1938 4412 2043 4469 que
2068 4404 2232 4468 grata
2254 4394 2530 4467 patientia
2560 4403 2755 4449 vestra
2778 4393 3031 4448 nuntium
3064 4394 3331 4465 recipere.

2322 4627 2525 4687 CCVII.
2550 4657 2617 4670 -
2653 4628 2880 4683 Olbiano
2909 4631 3157 4699 patricio.

937 4797 1002 4847 L't
1026 4797 1079 4845 in
1110 4795 1396 4855 magistratu
1420 4788 1503 4851 pie
1536 4802 1592 4838 ac
1618 4794 1807 4846 sancte,
1833 4792 1887 4837 et
1909 4784 1984 4835 uti
2016 4783 2345 4838 Christianum
2375 4782 2539 4840 decet,
2584 4793 2642 4830 se
2672 4783 2815 4843 gerat

345 4943 617 5016 Γεώργιος
644 4944 672 4995 ὁ
699 4940 951 5012 θεοφιλὴς
979 4939 1119 5010 ἀνὴρ
1142 4938 1238 4992 καὶ
1288 4934 1568 5008 περίδοξος
1589 4935 1836 5005 νοτάριος

278 5037 647 5113 προσηγορίαν
674 5036 807 5105 ἡμῖν
836 5030 1143 5103 κεκομικὼς
1171 5030 1321 5100 παρὰ
1350 5028 1447 5099 τῆς
1475 5030 1835 5097 πανευφημου

278 5135 374 5188 καὶ
396 5130 679 5200 διαϐοήτου
714 5125 867 5197 ὑμῶν
896 5124 1198 5195 ὑπεροχῆς,
1244 5121 1491 5192 άπῄτησε
1546 5120 1639 5172 τὸν
1674 5120 1840 5171 ἀντα-

281 5224 533 5295 σπασμδν
591 5221 978 5291 ἐγγράμματον
1008 5217 1155 5286 ἡμᾶς
1194 5212 1544 5284 ποιήσασθαι,
1576 5211 1651 5275 ὡς
1686 5209 1844 5263 τοῦτο

280 5314 609 5384 κελευούσης
673 5314 772 5383 τῆς
833 5308 1228 5381 μακαριότητος
1291 5305 1464 5371 ὑμῶν.
1532 5303 1722 5371 Ἡμεῖς
1783 5299 1843 5353 δὲ

284 5407 511 5468 ἐαυτοὺς
533 5402 852 5463 πεπεικότες
881 5399 1125 5452 ὑπείκειν
1173 5398 1233 5450 ἐν
1260 5398 1375 5459 τοῖς
1402 5392 1634 5462 φιλικοῖς
1668 5390 1843 5459 καθη-

284 5514 463 5564 κουσι,
528 5496 871 5566 χαράττομεν
912 5490 1072 5561 τήνδε
1118 5488 1216 5557 τὴν
1254 5484 1577 5555 ἐπιστοληνο
1626 5480 1843 5554 πρῶτον

290 5593 391 5665 μὲν
424 5586 920 5660 προσαγορεύοντες
969 5584 1037 5638 τὰ
1088 5582 1274 5636 είκότα
1321 5582 1370 5634 oi
1413 5577 1668 5643 εὐτελεῖς,
1709 5572 1843 5631 αὑτὸ

2014 4929 2279 5001 Georgius
2314 4929 2399 4984 vir
2427 4928 2713 4999 religiosus
2744 4925 3087 4997 insignisque
3114 4928 3361 4984 notarius
3384 4945 3492 4986 eun

1946 5024 2330 5079 salutationem
2379 5020 2535 5074 nobis
2594 5020 2868 5074 attulisset
2897 5020 2967 5074 ab
2996 5021 3143 5075 omni
3187 5023 3345 5076 laude
3371 5040 3475 5091 pra-

1948 5115 2182 5171 dicanda
2212 5127 2265 5167 et
2316 5110 2667 5165 celeberrima
2726 5112 3046 5166 celsitudine
3077 5124 3287 5178 vestra,
3327 5124 3511 5181 pustu-

1950 5206 2081 5260 lavit
2113 5213 2172 5259 ut
2199 5212 2441 5257 mutuam
2461 5200 2845 5256 salutationem
2864 5200 3080 5270 scriptis
3111 5201 3301 5255 litteris
3325 5203 3488 5255 redde

1947 5313 2156 5360 remus,
2208 5307 2463 5364 tanquam
2518 5292 2569 5347 id
2620 5292 2897 5347 beatitudo
2951 5301 3129 5347 vestra
3172 5293 3507 5363 praciperet.

1947 5385 2060 5441 Nos
2084 5400 2213 5440 vero
2249 5400 2371 5437 cum
2420 5382 2661 5437 animum
2711 5381 3086 5438 induxerimus
3150 5382 3204 5436 in
3258 5383 3511 5438 amicitia

1949 5478 2140 5534 oﬂiciis
2180 5476 2591 5545 obtemperare,
2632 5473 2773 5528 banc
2828 5476 3111 5545 epistolam
3170 5490 3505 5529 exaramus:

1948 5571 2184 5643 primum
2245 5568 2459 5640 quidem
2521 5567 2839 5633 salutantes,
2890 5574 2949 5621 ut
2991 5581 3021 5621 a
3070 5565 3227 5623 nobis
3259 5567 3507 5622 tenuibus

1790 5727 2015 5784 ΝΟΤΛΞ.

355 5861 436 5934 (2)
475 5862 527 5918 lu
554 5860 675 5916 cod.
706 5857 836 5930 Reg.
876 5864 956 5911 σι’.
