4184 6486
738 396 871 457 1627

1915 394 1978 455 S.
2009 390 2403 455 THEODOBI
2437 391 2785 453 STUDITA!

3837 384 3978 445 ιδεδ

731 513 844 562 fieri
884 522 979 577 par
1006 516 1109 570 est,
1146 514 1312 577 atque
1346 507 1449 562 hoc
1478 506 1655 577 ipsum
1695 509 2059 577 approbantes
2099 522 2162 561 ac
2194 521 2284 559 su-

2390 504 2549 558 τοῦτο
2570 504 2960 574 ἀποδεχόμενοι
2990 504 3085 557 καὶ
3114 501 3670 573 ὑπεραποδεχόμενοι,
3702 500 3787 553 δτι
3846 501 3975 567 γλί-

730 600 1189 669 perapprobantes
1214 638 1229 661 ,
1258 598 1402 668 quod
1430 614 1613 653 vocem
1645 609 1883 654 nostram
1906 600 2094 653 audire
2120 598 2288 667 cupit,

726 694 821 761 qui
851 692 1043 745 miselli
1073 707 1264 745 sumus
1292 701 1346 745 et
1378 701 1710 761 peccatores.
1759 690 1968 745 Etenim
2003 692 2104 745 hoc
2129 706 2291 761 argu-

732 793 969 838 mentum
1001 795 1085 840 est
1108 784 1327 853 pietatis
1366 801 1471 839 non
1503 784 1745 854 vulgare,
1800 784 1943 855 quod
1973 786 2291 839 celsitudine

727 876 978 930 sublimis
1024 878 1090 929 ad
1141 876 1427 930 humilium
1472 891 1655 930 vocem
1692 875 2006 937 inﬂectitur,
2053 890 2116 929 ac
2156 890 2291 944 pra!-

727 968 912 1020 sertim
956 968 1058 1023 hoc
1082 978 1345 1036 tempore,
1376 970 1595 1036 quando
1633 968 1879 1037 plerique
1938 968 2100 1021 etiam
2136 967 2290 1021 valde

725 1059 931 1112 amicos
975 1060 1222 1113 homines
1292 1070 1635 1122 aversantur,
1684 1075 1750 1114 ne
1796 1059 1974 1113 dicam
2013 1058 2291 1113 obscurio-

727 1167 812 1206 res
858 1168 871 1203 :
924 1152 1117 1207 deinde
1183 1152 1756 1216 commonefacientes,
1807 1162 1865 1207 ut
1893 1168 2016 1206 cuin
2046 1152 2291 1207 modera-

726 1246 871 1298 tione
905 1244 1135 1313 praesitis
1159 1255 1214 1299 et
1247 1246 1495 1301 subditos
1533 1246 1715 1300 divine
1738 1247 1960 1315 rogatis.

792 1333 926 1388 Nam
965 1336 1008 1389 si
1048 1336 1226 1389 omnis
1278 1335 1617 1405 principatus
1650 1347 1704 1391 et
1734 1349 1971 1407 potestas
2004 1353 2035 1392 a
2064 1337 2173 1393 Deo
2206 1346 2291 1393 est

722 1426 993 1491 ordinata,
1028 1428 1170 1483 sicut
1214 1427 1457 1497 loquitur
1522 1429 1811 1499 Apostolus
1834 1430 1904 1492 ⁸³,
1941 1431 2287 1500 perspicuum

720 1528 803 1574 est
846 1535 995 1585 eum,
1041 1521 1133 1589 qui
1174 1521 1539 1591 principatum
1586 1532 1641 1576 et
1688 1532 2008 1591 potestatem
2040 1523 2287 1590 obtinet,

724 1610 813 1664 Dei
854 1626 1003 1666 more
1062 1613 1319 1681 populum
1390 1615 1492 1667 sibi
1541 1614 1894 1669 commisSum
1958 1630 2145 1684 regere
2193 1616 2289 1671 de-

720 1703 847 1757 bere
878 1720 897 1757 :
927 1714 1039 1758 tum
1084 1716 1142 1758 ut
1186 1705 1497 1775 incorrupta
1534 1706 1645 1760 sint
1695 1707 1863 1775 ipsius
1891 1709 2101 1778 judicia
2132 1711 2185 1765 in
2222 1710 2288 1766 iis

720 1814 841 1867 qua:
887 1800 940 1853 in
985 1800 1429 1870 disceptationem
1462 1812 1516 1856 et
1559 1806 1986 1860 controversiam
2019 1806 2284 1861 veniunt:

719 1901 831 1945 tum
890 1904 952 1946 ut
1004 1892 1237 1963 benigno
1286 1906 1587 1965 pacatoque
1640 1898 1789 1951 vultu
1856 1910 2043 1953 cernat
2081 1901 2288 1955 adeun-

718 1992 823 2046 tes,
866 1982 1153 2053 facilisque
1183 1986 1363 2041 aditus
1394 1988 1647 2043 fiduciam
1674 1990 1766 2043 det
1797 1991 2085 2061 eloquendi
2140 1992 2285 2061 quod

718 2089 856 2143 opus
912 2084 1013 2130 est.
1056 2075 1339 2132 Mendicus
1384 2080 1567 2142 enim,
1626 2088 1687 2133 ut
1736 2082 1923 2144 aiunt,
1974 2098 2081 2136 non
2118 2085 2285 2138 susti-

717 2172 809 2216 net
844 2164 1040 2219 minas.
1079 2166 1281 2220 Dehinc
1340 2167 1407 2221 ad
1456 2169 1687 2224 mendici
1743 2180 1796 2224 et
1842 2171 2037 2239 abjecti
2074 2187 2160 2226 res
2188 2174 2284 2227 de-

716 2254 997 2317 scendere,
1024 2266 1077 2309 et
1100 2257 1369 2326 castigare
1402 2259 1620 2329 quidem
1654 2261 1745 2315 ubi
1789 2277 2010 2317 necesse
2048 2272 2153 2329 est,
2189 2279 2285 2319 ca-

716 2345 919 2415 stigare
958 2356 1139 2401 autem
1174 2365 1279 2402 non
1311 2365 1403 2418 per
1428 2351 1585 2415 iram,
1619 2352 1711 2407 sed
1736 2354 1918 2408 studio
1948 2358 2285 2411 emendatio-

715 2437 821 2495 nis.
854 2439 1055 2503 absque
1092 2442 1500 2507 perturbatione
1518 2446 1717 2511 animi;
1755 2462 1930 2517 neque
1965 2464 2059 2517 per
2088 2450 2281 2504 verbe-

716 2542 834 2581 rum
868 2529 1227 2598 frequentiam
1254 2535 1434 2602 :quod
1480 2536 1624 2591 enim
1660 2538 1866 2593 immite
1894 2550 1998 2604 cst,
2038 2540 2146 2596 Deo
2172 2558 2279 2598 non

715 2620 890 2687 placet
921 2640 934 2674 :
966 2624 1057 2676 sed
1086 2622 1351 2690 judicium
1388 2627 1663 2695 adhibeat,
1696 2644 1959 2699 quantum
2010 2637 2145 2691 satis
2175 2646 2279 2703 est,

718 2721 774 2763 ut
803 2714 945 2781 quod
977 2725 1128 2769 extra
1160 2716 1505 2785 disciplinam
1565 2732 1649 2775 est
1700 2736 1938 2789 revocet,
1982 2730 2282 2781 correctio-

715 2818 950 2873 nemque
974 2806 1187 2873 elliciat,
1218 2810 1360 2864 sicut
1400 2812 1510 2865 [ilio
1536 2822 1709 2881 pater,
1750 2825 1806 2869 et
1856 2818 1997 2872 sicut
2037 2821 2283 2877 medicus

714 2906 935 2961 agroto.
970 2896 1047 2950 Ac
1079 2899 1270 2955 beatus
1310 2900 1399 2955 ille
1436 2903 1528 2972 qui
1560 2904 1626 2957 ad
1658 2905 1804 2961 hunc
1840 2909 2060 2963 modum
2092 2912 2170 2964 vel
2207 2913 2287 2965 ci-

717 2987 805 3041 vili
840 3000 1033 3059 praeest
1060 2992 1291 3061 imperio
1324 2995 1403 3048 vel
1439 2996 1686 3053 militari.
1714 2999 1849 3053 Nam
1873 3010 1927 3054 et
1950 3001 2160 3073 Moyses
2192 3001 2284 3058 Dei

716 3079 953 3134 famulus
998 3084 1255 3152 populum
1298 3099 1509 3155 regens,
1544 3086 1777 3144 etJesus
1827 3090 1967 3145 filius
1998 3090 2145 3147 Nave
2188 3108 2285 3148 co-

2390 612 2544 665 χεται
2575 595 2674 665 τῆς
2715 594 2895 664 φωνῆς
2919 593 3075 665 ἡμῶν
3117 594 3348 648 ἀκοῦσαι
3398 592 3630 663 οἰκτρῶν
3656 591 3835 645 ὄντων
3876 593 3975 643 καὶ

2390 688 2747 759 ἁμαρτωλῶν.
2777 690 2882 741 Καὶ
2907 688 3012 761 γὰρ
3053 687 3334 750 εὐσεϐείας
3361 686 3558 756 δεῖγμα
3606 684 3765 738 τοῦτο
3809 684 3876 736 οὑ
3909 683 3975 734 τὸ

2388 777 2567 847 τυχὸν,
2592 779 2674 831 ὅτι
2718 778 2746 829 6
2776 776 2976 845 ὑψηλὸς
3006 778 3072 846 τῇ
3120 777 3365 847 ὑπεροχῇ
3414 777 3551 846 πρὸς
3582 776 3683 845 τὴν
3715 774 3831 827 τῶν
3862 790 3970 826 τα-

2389 868 2590 921 πεινῶν
2612 868 2793 938 φωνὴν
2817 866 3244 937 ὲπικάμπτεται,
3263 869 3355 919 καὶ
3385 867 3621 937 μάλιστα
3637 868 3694 918 ὲν
3716 865 3793 935 τῷ
3816 883 3969 935 παρ-

2388 961 2499 1013 όντι
2529 961 2727 1031 καιρῷ,
2759 960 2923 1014 ὁπότε
2949 959 3330 1029 ἀποτροπάὴν
3396 960 3445 1011 oi
3468 956 3674 1019 πολλοὶ,
3705 956 3801 1009 καὶ
3833 961 3967 1019 τοὺς

2389 1051 2529 1119 ἄγαν
2561 1052 2746 1121 φίλους
2801 1052 3007 1122 ἔχουσι,
3058 1049 3133 1120 μὴ
3183 1050 3331 1117 ὀτιγε
3375 1049 3631 1111 καὶτοὺς
3659 1049 3969 1116 ἀφανεστέ-

2391 1161 2553 1215 ρους·
2584 1143 2780 1197 ἔπειτα
2804 1143 3317 1213 ὑπομιμνήσκοντες
3349 1141 3467 1211 μεθ’
3509 1140 3814 1210 ὑποστολῆς
3865 1140 3969 1209 ἂρ-

2388 1250 2524 1303 χειν,
2560 1234 2654 1286 καὶ
2686 1232 2893 1285 διέπειν
2911 1232 2973 1284 τὸ
2987 1232 3223 1300 ὑπήκοον
3241 1227 3579 1298 θεοπρεπῶς.

2459 1324 2521 1376 Et
2546 1324 2653 1395 γὰρ
2680 1324 2828 1376 πᾶσα
2860 1322 3004 1393 ἁρχὴ
3038 1322 3133 1375 καὶ
3158 1320 3381 1386 ἐξουσία
3405 1320 3513 1373 ἀπὸ
3538 1319 3673 1373 Θεοῦ
3716 1321 3836 1372 ἐστι
3872 1335 3966 1371 τε·

2385 1414 2658 1485 ταγμένη,
2687 1414 3060 1477 ἀποστολικῶς
3091 1414 3287 1474 είπεϊν,
3321 1410 3562 1483 δηλονότι
3588 1413 3618 1465 6
3649 1413 3838 1483 ἄρχων
3868 1412 3965 1463 καὶ

2385 1506 2416 1559 6
2460 1506 2787 1573 ἐξουσιάζων
2832 1505 3090 1569 θεοτελῶς
3126 1505 3332 1576 ὀφείλει
3388 1506 3656 1574 διεξάγειν
3704 1507 3797 1559 τὸν
3855 1506 3965 1557 ὑπὸ

2387 1600 2543 1669 χεῖρα
2570 1598 2724 1651 λαόν·
2745 1597 2903 1651 τοῦτο
2930 1599 3030 1669 μὲν
3061 1599 3119 1651 ιν
3151 1598 3469 1661 ἀδεκάστοις
3501 1597 3731 1667 κρίμασι
3760 1598 3875 1651 τῶν
3902 1598 3961 1648 ἐν

2385 1696 2507 1755 ταῖς
2534 1690 2890 1755 διαδικασίαις
2944 1691 3510 1763 ἀμφισϐητουμένων·
3545 1689 3702 1743 τοῦτο
3747 1691 3805 1744 δὲ
3862 1690 3964 1743 καὶ

2387 1783 2667 1854 ἑνευμενεϊ
2700 1784 2793 1836 καὶ
2823 1782 3083 1854 είρηνικῷ
3112 1782 3389 1855 προσώπῳ
3443 1782 3775 1836 ὀπτάνεσθαι
3824 1784 3977 1844 τοὺς.

2388 1874 2731 1942 προσιόντας,
2764 1874 2860 1928 καὶ
2888 1873 3086 1928 διδόναι
3113 1878 3178 1945 τῇ
3202 1874 3507 1945 εὑπροσίτῳ
3524 1873 3795 1945 παραδοχῇ
3818 1874 3964 1943 θάρο

2390 1981 2481 2027 σος
2501 1965 2832 2034 φθέγγεσθαι
2852 1966 2912 2020 τὸ
2935 1968 3359 2037 παριστάμενον.
3379 1964 3596 2035 Πτωχὸς
3611 1965 3741 2035 γὰρ,
3766 1966 3961 2035 φησὶν,

2386 2056 2484 2126 οὑχ
2528 2056 2817 2124 ὑφίσταται
2869 2058 3121 2127 ἀπειλήν.
3157 2052 3290 2110 Εἶτα
3334 2057 3429 2110 καὶ
3490 2060 3617 2128 περὶ
3650 2057 3712 2109 τὸ
3738 2058 3963 2125 πτωχὸν

2392 2146 2555 2217 μέρος
2581 2146 2676 2199 καὶ
2702 2147 3168 2217 τεταπεινωμένον
3212 2147 3675 2216 ἐπικάμπτεσθαι,
3706 2148 3802 2201 καὶ
3826 2166 3964 2200 παι-

2386 2238 2565 2292 δεύειν
2601 2240 2701 2310 μὲν
2746 2242 2982 2312 ὁπηνίκα
3033 2240 3253 2312 ἡχρεία
3307 2241 3639 2308 ἀναγκάζει·
3678 2240 3963 2293 παιδεύειν

2386 2329 2443 2383 δὲ
2472 2330 2549 2401 μὴ
2572 2332 2629 2384 ὲν
2652 2332 2831 2401 θυμῷ,
2863 2332 2998 2386 ἀλλὰ
3028 2332 3216 2402 σκοπῷ
3261 2331 3601 2402 διορθώσεως
3630 2333 3960 2401 ἀταράχως·

2390 2421 2526 2491 μηδὲ
2576 2424 2634 2475 ὲν
2685 2422 2905 2485 πολλαῖς
2966 2424 3215 2493 μάστιξι·
3270 2423 3331 2475 τὸ
3362 2424 3471 2493 γὰρ
3514 2424 3721 2494 ἀπηνὲς
3762 2423 3963 2491 ἄφιλον

2384 2513 2539 2585 Θεῷ·
2581 2514 2697 2567 ἀλλ’
2753 2514 3185 2585 ὲγκεκριμένως,
3220 2517 3315 2568 καί⁵
3358 2517 3482 2569 ὅσον
3522 2516 3585 2569 τὸ
3631 2517 3964 2570 ἀπαίδειντον

2384 2605 2716 2668 ἀναστεῖλαι.
2742 2606 2914 2659 καὶτὸ
2932 2605 3276 2676 διορθωτικὸν
3335 2608 3802 2677 περιποιήσασθαι
3827 2626 3840 2640 ·
3865 2603 3961 2661 οἷα

2387 2698 2567 2769 πατὴρ
2594 2698 2779 2761 παιδί,
2818 2698 2913 2750 καὶ
2950 2696 3027 2760 ώς
3058 2696 3240 2767 ίατρὸς
3286 2697 3364 2768 τῷ
3397 2698 3678 2765 κάμνοντι.
3714 2700 3823 2753 Καὶ
3853 2718 3961 2769 μα-

2386 2790 2579 2857 κάριος
2602 2792 2629 2842 6
2659 2788 2834 2851 οὕτως
2860 2789 3206 2859 δημαγωγῶν
3234 2790 3326 2842 καὶ
3358 2789 3698 2859 στρατηγῶν.
3735 2791 3958 2859 Ἐπειδὴ

2388 2882 2482 2933 καὶ
2508 2882 2712 2950 Μωσῆς
2739 2884 2766 2933 6
2790 2880 3046 2951 Θεράπων
3067 2880 3162 2933 τοῦ
3186 2879 3320 2932 Θεοῦ
3342 2879 3589 2949 ἀρχικὸς,
3619 2881 3713 2932 καὶ
3748 2881 3959 2953 Ἰησοῦς

2384 2971 2414 3023 6
2443 2970 2536 3023 τοῦ
2564 2971 2721 3040 Ναυῆ
2756 2971 3077 3041 στρατηγὸς,
3115 2970 3206 3024 καὶ
3229 2969 3459 3032 πολλοὺς
3487 2969 3602 3022 ἐστι
3626 2970 3813 3036 φάναι,
3839 2972 3958 3026 ὅσοι

2383 3062 2446 3116 οὑ
2481 3062 2639 3132 μόνον
2669 3064 2727 3114 ὲν
2794 3062 3124 3132 βασιλεῦσιν,
3166 3062 3303 3116 ἀλλὰ
3357 3062 3451 3116 καὶ
3489 3064 3703 3132 κριταῖς
3732 3063 3828 3116 καὶ
3851 3063 3957 3134 ἆρ-

714 3170 833 3239 pias
855 3172 1079 3237 ducens,
1119 3174 1382 3245 multique
1412 3192 1519 3231 non
1555 3182 1730 3233 solum
1790 3198 2001 3250 regum,
2058 3185 2151 3239 sed
2193 3185 2282 3255 ju-

2385 3170 2558 3223 χουσι,
2599 3154 2694 3206 καὶ
2738 3155 2845 3225 πρὸ
2903 3155 3092 3222 νόμου,
3120 3152 3217 3205 καὶ
3256 3153 3315 3204 ἐν
3351 3152 3521 3223 νόμῳ,
3561 3152 3651 3205 καὶ
3687 3153 3825 3222 μετὰ
3854 3153 3958 3225 τὴν

711 3266 892 3319 dicum
940 3273 994 3320 et
1042 3243 1368 3336 principum,
1412 3271 1505 3338 qui
1551 3272 1631 3325 vel
1663 3283 1787 3327 ante
1830 3243 2019 3344 legem,
2052 3278 2137 3331 vel
2178 3243 2281 3333 sub

2390 3246 2550 3315 χάριν
2583 3245 2938 3315 ἀρχαῖζοντες
2964 3244 3058 3297 καὶ
3082 3243 3552 3313 πρωταρχοῦντες,
3583 3243 3957 3313 εὑηρέστησαν

713 3356 852 3426 lege.
888 3357 969 3411 vel
993 3367 1113 3426 post
1156 3361 1384 3427 gratiam
1424 3360 1789 3432 imperarunt,
1833 3368 2149 3437 primasque
2196 3382 2280 3426 te-

713 3458 968 3507 nuerunt.
1024 3449 1250 3506 Domino
1296 3454 1571 3523 placuere,
1618 3458 1761 3527 quod
1791 3474 1914 3515 cum
1952 3462 2147 3530 pietate
2176 3464 2277 3518 ad-

713 3541 1109 3598 ministrarent.
1138 3542 1251 3599 Hoc
1286 3546 1451 3615 igitur
1471 3551 1721 3619 exemplo
1750 3560 1823 3615 te.
1842 3553 2277 3613 laudatissimum

711 3644 769 3687 et
804 3634 1331 3693 desideratissimum
1381 3640 1663 3697 dominum
1710 3654 1983 3713 nostrum,
2049 3666 2280 3720 praeesse

713 3728 1004 3797 cupimus,
1069 3738 1123 3783 et
1174 3745 1429 3799 oramus,
1485 3744 1651 3806 atque
1692 3736 1834 3793 inter
1900 3740 2001 3796 hos
2058 3756 2279 3800 sanctos

710 3829 766 3875 et
818 3821 1181 3878 admiratione
1226 3825 1418 3895 dignos
1457 3830 1603 3884 viros
1658 3834 1951 3888 recenseri.
1993 3835 2102 3891 Nec
2151 3852 2279 3891 vero

714 3913 1144 3970 admonitionem
1178 3929 1419 3973 nostram
1447 3920 1527 3976 sic
1565 3922 1801 3993 accipias
1834 3928 1991 3996 quasi
2030 3930 2097 3983 ab
2127 3946 2280 3985 arro-

713 4005 899 4074 gantia
932 4006 1253 4077 profectam,
1292 4011 1383 4064 sed
1407 4014 1590 4081 potius
1613 4022 1870 4086 tanquam
1910 4035 1940 4074 a
1968 4022 2275 4093 charitat‘e;

713 4100 970 4169 quoniam
989 4116 1236 4155 amamus
1257 4111 1325 4165 te,
1350 4105 1442 4173 qui
1464 4105 1632 4162 Deum
1646 4123 1821 4172 amas.
1843 4121 1897 4166 et
1914 4113 2166 4171 amicitiae
2191 4131 2279 4170 ar-

715 4200 1031 4259 gumentum
1075 4203 1181 4259 est,
1220 4194 1369 4249 utilia
1397 4197 1444 4251 ei
1488 4200 1581 4268 qui
1630 4212 1864 4267 amatur,
1902 4204 2045 4274 loqui
2080 4220 2093 4259 :
2130 4209 2277 4277 quod

712 4285 1073 4340 ostenderunt
1095 4286 1331 4343 humiles
1362 4290 1554 4346 litterae
1592 4303 1811 4350 nostras.
1842 4294 2067 4352 Tribuat
2098 4308 2275 4355 autem

714 4374 872 4428 nobis
894 4376 1071 4432 bonus
1103 4377 1246 4434 Deus
1285 4389 1493 4447 noster,
1525 4392 1583 4437 ut
1611 4400 1796 4440 coram
1830 4386 1883 4442 in
1940 4388 2275 4460 colloquium

715 4467 932 4521 tandem
994 4470 1288 4539 aliquando
1336 4474 1640 4542 veniamus,
1676 4486 1731 4531 et
1786 4478 1945 4535 bonis
1980 4497 2101 4550 quae
2132 4484 2187 4539 in
2228 4496 2278 4539 te

714 4569 839 4613 sunt
874 4558 1219 4628 perfruamur
1253 4581 1267 4618 :
1304 4574 1363 4618 ut
1405 4582 1526 4633 quae
1576 4567 1717 4624 fama
1750 4581 1801 4625 et
1829 4574 2017 4628 audito
2048 4591 2154 4629 non
2185 4593 2282 4631 ex-

716 4653 865 4707 hibet
904 4669 1089 4710 coram
1144 4658 1256 4713 haec
1312 4661 1527 4714 oculata
1575 4664 1814 4734 cognitio
1869 4665 2280 4736 demonstrans,

715 4747 1019 4815 paratiores
1084 4764 1183 4805 nos
1223 4752 1412 4807 reddat
1457 4757 1881 4827 capaciorcsque
1920 4760 1985 4813 ad
2046 4763 2279 4817 amicam

715 4836 1160 4904 conjunctionem
1190 4858 1203 4895 :
1235 4842 1456 4911 quando
1495 4846 1715 4913 quidem
1753 4864 1783 4901 a
1807 4848 1951 4903 bono
1990 4853 2281 4910 tabellario

714 4926 1025 4994 didicimus,
1054 4934 1306 5001 pietatem
1328 4944 1475 4991 tuam
1511 4952 1619 4992 non
1654 4942 1841 5008 paucis
1886 4947 2117 5014 egregiis
2150 4947 2285 5003 faci-

717 5021 944 5077 norihus
973 5024 1310 5095 insignium,
1340 5046 1505 5100 quam
1541 5034 1747 5088 utinam
1780 5034 2043 5093 Dominus
2074 5051 2131 5093 ut
2180 5056 2281 5111 pu-

716 5112 901 5181 pillam
932 5118 1097 5181 oculi,
1130 5120 1325 5175 noxias
1350 5136 1540 5179 omnes
1562 5124 1792 5194 injurias
1815 5138 2163 5197 superantem
2190 5148 2281 5187 cu-

716 5206 935 5275 stodiat,
953 5220 1243 5283 servetque
1258 5215 1324 5270 ad
1341 5214 1515 5286 ipsius
1536 5234 1764 5289 regnum
1784 5224 1927 5291 quod
1943 5222 1997 5278 in
2010 5227 2163 5281 caelis
2175 5237 2281 5287 est.

1082 5306 1306 5365 CCVIII.
1323 5341 1395 5355 --
1422 5313 1652 5369 Antonio
1674 5316 1932 5386 episcopo.

2386 3337 2465 3407 τῷ
2492 3338 2681 3407 Κυρίῳ
2706 3338 2804 3389 σὺν
2858 3335 3112 3405 εὐσεϐείᾳ
3163 3338 3644 3406 ἀναστρεφόμενοι.
3676 3338 3860 3411 Ταύτῃ
3887 3338 3955 3409 δὴ

2386 3423 2480 3475 οὖν
2524 3424 2616 3477 καὶ
2654 3423 2714 3475 σὲ
2750 3423 2841 3476 τὸν
2882 3422 3241 3494 πανεὺφημον
3291 3424 3385 3477 καὶ
3435 3426 3764 3495 ὲπιπόθητον
3798 3426 3955 3496 ἡμῶν

2388 3516 2667 3585 Δεσπότην
2697 3514 2959 3585 φιλοῦμεν
2983 3517 3077 3569 καὶ
3124 3513 3383 3586 αἰτοῦμεν
3412 3514 3651 3568 διέπειν·
3688 3520 3783 3570 καὶ
3828 3518 3955 3571 τοὺ-

2385 3619 2497 3666 τοις
2524 3603 2588 3673 δὴ
2616 3607 2725 3666 τοῖς
2754 3605 3119 3674 σεσωσμένοις
3140 3607 3232 3657 καὶ
3260 3604 3613 3672 ἁξιαγάστοις
3642 3604 3957 3673 ἐναρίθμιον

2384 3695 2657 3764 γενέσθαι.
2689 3697 2799 3749 Καὶ
2830 3698 2903 3766 μή
2957 3714 3038 3749 τοι
3064 3696 3190 3767 δέξῃ
3218 3698 3318 3768 τὴν
3359 3694 3841 3766 ὑπόμνησινήμῶν
3879 3695 3955 3758 ώς

2382 3785 2773 3856 αὑθαδιασμὸν,
2818 3786 2937 3840 ἀλλ’
2980 3786 3056 3850 ώς
3088 3788 3442 3857 ἀγαπητικὸν
3466 3790 3695 3859 τρόπον·
3768 3787 3955 3858 ἐπειδὴ

2385 3878 2648 3949 φιλοῦμέν
2673 3895 2733 3932 σε
2772 3876 3026 3947 φιλοῦντα
3058 3876 3152 3931 τὸν
3201 3879 3355 3943 Θεὸν,
3388 3879 3481 3931 καὶ
3523 3879 3680 3948 φίλου
3727 3878 3951 3948 δεῖγμα,

2383 3971 2453 4024 τὰ
2482 3970 2740 4041 ἐπωφελῆ
2764 3970 3095 4039 φθέγγεσθαι
3114 3970 3193 4041 τῷ
3212 3971 3519 4040 φιλουμένῳ
3535 3987 3549 4000 ·
3590 3971 3727 4039 ὅπερ
3752 3970 3952 4039 δέδειχε

2382 4063 2444 4115 τὸ
2465 4062 2679 4126 εὐτελὲς
2704 4062 2861 4134 ήμῶν
2889 4064 3145 4134 γράμμα.
3201 4062 3476 4127 ’Δξιιὶισειε
3504 4063 3563 4115 δὲ
3592 4064 3741 4131 ἡμᾶς
3763 4063 3792 4114 6
3820 4064 3956 4128 ἁγα-

2389 4154 2480 4218 θὸς
2513 4155 2646 4220 Θεὸς
2667 4157 2699 4226 ἡ
2711 4156 2825 4226 μῶν
2861 4158 2956 4210 καὶ
2985 4158 3065 4217 είς
3102 4156 3201 4225 τὴν
3244 4157 3366 4209 κατ’
3394 4152 3707 4224 ὀφθαλμοὺς
3733 4152 3950 4224 ὁμιλίαν

2382 4248 2483 4317 ὀψέ
2517 4264 2648 4301 ποτε
2672 4248 2867 4313 ἐλθεῖν,
2899 4249 2992 4299 καὶ
3021 4244 3326 4299 ἀπολαῦσαι
3370 4246 3479 4298 τῶν
3512 4248 3571 4299 ὲν
3619 4246 3706 4297 σοὶ
3733 4245 3911 4297 καλῶν
3934 4260 3953 4277 ·

2387 4337 2475 4391 ἵνα
2526 4338 2627 4391 ὅσα
2661 4340 2689 4391 6
2718 4337 2873 4405 λόγος
2921 4334 3022 4406 τῆς
3065 4335 3235 4405 ἀκοῆς
3272 4336 3333 4388 οὑ
3371 4336 3692 4405 παρίστησι,
3720 4334 3892 4387 ταῦτα
3916 4336 3950 4403 ἡ

2385 4431 2685 4502 αὑτοπτικὴ
2740 4430 2950 4501 ἱστορία
3000 4429 3328 4497 ὑποδείεασα
3362 4431 3781 4499 ὲνεργεστέρους
3810 4429 3955 4500 ἡμᾶς

2313 4531 2361 4591 υ
2386 4521 2747 4593 καταστήσειε
2790 4520 2890 4591 τῆς
2921 4520 3143 4591 φιλικῆς
3204 4520 3556 4589 ἀνακράσεως
3580 4535 3594 4550 ·
3654 4520 3951 4590 ἐπειδήπερ

2389 4609 2807 4682 ὲξεδιδάχθημεν
2857 4614 3007 4682 παρὰ
3044 4610 3136 4664 τοῦ
3165 4609 3403 4681 χρηστοῦ
3455 4610 3950 4679 γραμματηφόρου,

2388 4703 2489 4757 οὑκ
2547 4705 2747 4772 ὀλίγων
2794 4703 3241 4775 κατορθωμάτων
3293 4701 3800 4772 κεχαρακτηρίσθαι
3857 4701 3953 4768 τὴν

2390 4796 2673 4850 εὐσέϐειαν
2706 4796 2891 4866 ὑμῶν·
2942 4797 3012 4867 ἣν
3066 4796 3162 4855 καὶ
3197 4793 3512 4848 διασώσειεν
3548 4795 3577 4846 6
3619 4792 3823 4863 Κύριος
3881 4792 3955 4855 ώς

2389 4886 2556 4957 κόρην
2607 4886 2907 4955 ὀφθαλμοῦ,
2964 4885 3341 4958 ὑπερθίουσαν
3407 4888 3589 4956 πάσης
3652 4885 3953 4956 βλαπικῆς

2388 4975 2675 5047 ιπηρείας,
2709 4977 2806 5030 καὶ
2842 4975 3069 5030 σώσειεν
3114 4977 3196 5041 είς
3220 4976 3319 5049 τὴν
3352 4974 3634 5047 βασιλείαν
3668 4974 3836 5030 αὑτοῦ
3858 4975 3954 5046 τὴν

2384 5070 2723 5141 ἐπουράνιον.

2576 5319 2681 5377 EH’
2706 5321 2805 5392 (ὅ).
2826 5317 3204 5382 -Ἃντωνίφ
3224 5316 3555 5383 extendam.
3579 5312 3755 5389 [ωκέ]

717 5422 948 5477 Studlurn
986 5424 1099 5487 ejus
1138 5436 1257 5488 erga
1284 5422 1469 5477 Christi
1501 5428 1810 5480 eoufessores
1845 5431 2112 5493 praedicat:
2138 5440 2243 5486 tum
2281 5433 2614 5547 ωᾶιῖοροιίω
2657 5431 2983 5493 Synadorum,
3016 5435 3073 5481 et
3105 5428 3428 5493 quorumdam
3478 5427 3692 5479 aliorum
3744 5431 3949 5477 mortem

2210 5511 2312 5546 nun
2356 5515 2381 5545 8
2410 5533 2424 5546 .

2210 5511 2424 5546 nunuat.

785 5567 1007 5626 Deeenti
1051 5571 1471 5642 compellatione
1496 5589 1641 5634 nunc
1668 5592 1765 5634 usa
1796 5588 1879 5636 est
1900 5588 2119 5652 paterna
2152 5596 2281 5636 san-

787 5683 835 5717 ”
865 5683 1077 5739 Coloss.
1112 5698 1153 5750 ι,
1184 5683 1272 5739 l6.

2464 5578 2782 5650 Πρέπουσαν
2797 5575 3185 5651 προσφώνησιν
3213 5576 3247 5648 ἠ
3271 5574 3511 5648 πατρική
3550 5590 3644 5629 σου
3674 5572 3948 5645 ἁγιωσύνη

2222 5761 2451 5821 ΝΟΤΑΕ.

788 5853 864 5923 (3)
894 5851 951 5910 In
981 5851 1105 5913 cod.
1147 5850 1278 5925 Reg.
1310 5858 1434 5911 ata'.
