4184 6514
327 451 348 513 ι
359 457 466 519 629

1504 464 1968 523 EPISTOLARU
1979 466 2033 523 Μ
2072 465 2219 527 LIB.
2283 468 2367 527 ΙΙ.

3407 466 3542 528 1630

315 562 621 630 πεποίηται
648 564 717 618 τὰ
745 564 859 630 νῦν,
890 566 990 619 οὐκ
1018 567 1102 637 ἐφ’
1131 570 1264 640 ἡμῖν
1287 573 1397 635 τοίς
1426 577 1720 640 ταπεινοῖς,
1745 577 1884 630 ἀπα-

1985 577 2142 631 ctitas
2171 589 2258 632 tua
2315 592 2427 632 non
2482 584 2702 646 propter
2741 589 2841 631 nos
2873 572 3129 640 humiles,
3169 575 3341 639 absit;
3384 577 3543 630 novi-

311 670 380 720 γε
401 670 414 684 ·
457 654 716 727 σύνισμεν
737 658 845 727 γάρ
873 659 1100 723 ἑαυτοὺς
1126 657 1227 714 οἷοί
1251 664 1416 732 ὲσμεν
1453 665 1528 730 ὡς
1561 668 1883 730 ἀποδέοντες

311 739 412 791 καὶ
437 741 546 793 τῶν
575 744 634 796 ἐν
667 743 742 812 τῷ
771 746 983 817 ἐσχάτῳ
1011 748 1200 820 βαθμῷ
1237 752 1541 824 ἀπονενεμη
1551 756 1725 824 μένων
1741 758 1882 811 κατὰ

311 835 408 888 τὸν
437 837 537 905 τῆς
567 838 769 909 ἀρετῆς
797 839 982 910 λόγον’
1015 844 1149 898 ἀλλά
1175 850 1286 911 τοῖς
1317 850 1450 903 πᾶσι
1481 851 1644 914 θείοις
1669 869 1725 904 τε
1765 853 1881 904 Πα-

311 926 476 994 τράσι
507 929 598 981 καὶ
651 930 1007 1002 ὁμολογηταίς
1039 934 1227 1008 ὥσπερ
1284 957 1367 1004 τις
1395 943 1623 1010 ἅγγελος
1676 944 1879 1012 ἀγαθὸς

311 1019 666 1086 ἀναγγέλλων
697 1024 764 1075 τὰ
798 1031 1297 1097 προσαγορευτικὰ,
1353 1033 1448 1086 καὶ
1487 1035 1719 1088 συνδέων
1751 1036 1878 1100 τοὺς

311 1109 558 1173 ἅπαντας
606 1114 753 1183 ημᾶς
784 1114 860 1167 τῶ
891 1118 1218 1192 ἀγαπητικῷ
1270 1123 1457 1196 τρόπῳ
1484 1143 1548 1194 γε
1604 1125 1666 1198 [f.
1703 1127 1876 1196 Καίγε

309 1203 512 1278 τοῦτο.]
539 1205 707 1259 Τοῦτο
764 1208 969 1263 δίκαιον
1013 1215 1107 1265 καὶ
1152 1216 1447 1284 προσῆκον,
1505 1220 1631 1281 τοὺς
1683 1219 1879 1284 ἄλλους

308 1295 521 1367 ἀλλαχῆ
575 1298 1003 1371 διεσπαρμένους
1036 1304 1122 1357 διὰ
1165 1306 1258 1360 τὸν
1306 1307 1462 1376 λόγον
1491 1310 1584 1363 τοῦ
1620 1310 1753 1364 Θεοῦ
1782 1314 1877 1366 καὶ

306 1387 730 1478 ’τὴ-»μαρτυρίαν
786 1393 878 1447 τοῦ
935 1399 1258 1466 μονογενοῦς
1297 1402 1461 1457 αὑτοῦ
1504 1405 1633 1458 Υἱοῦ
1665 1406 1874 1478 Κυρίου

309 1476 469 1547 ημῶν
512 1478 684 1551 Ἰησοῦ
753 1483 1012 1554 Χριστοῦ,
1073 1489 1411 1559 φθέγγεσθαι
1465 1494 1716 1567 ἀλλήλοις
1756 1476 1876 1563 τοῖς

308 1569 599 1639 γράμμασι
624 1575 716 1625 καὶ
752 1575 1116 1632 συνάπτεσθαι
1163 1585 1546 1652 πνευματικῶς
1580 1589 1692 1650 τοῖς
1745 1590 1875 1642 ὑπο-

310 1660 588 1729 μνήμασι·
622 1663 716 1716 καὶ
783 1665 1047 1736 μηδαμῶς
1095 1673 1160 1742 τῇ
1197 1674 1410 1746 ἀφωνία
1446 1676 1522 1740 ῶς
1571 1678 1872 1747 τεθνεῶτας

304 1749 638 1819 λελογίσθαι.
664 1755 834 1810 Τοῦτο
871 1759 977 1830 γάρ
1005 1759 1160 1832 ῐσμεν
1185 1767 1277 1818 καὶ
1327 1769 1416 1823 τὸν
1442 1771 1714 1842 μακάριον
1739 1775 1874 1829 ἀπό-

307 1844 492 1938 στολον
523 1845 732 1900 Παῦλον
765 1849 862 1903 σὺν
890 1854 999 1914 τοίς
1031 1855 1326 1924 ὁμοταγόσι
1385 1859 1686 1928 θεοστόλοις
1709 1866 1869 1938 ἀλλή-

301 1933 431 1998 λους
462 1939 736 2028 μακρόθεν
769 1943 1110 2028 φωνοῦντας,
1151 1948 1246 2001 καὶ
1302 1951 1382 2014 εἰς
1414 1953 1605 2007 ταυτὸν
1639 1929 1869 2028 ὲρχομέ-
1898 1929 1943 1987 Β

303 2021 879 2118 νοξδςπῷλσυναπτικῷ
903 2029 1064 2118 λόγῳ,
1097 2035 1190 2088 καὶ⁵
1218 2035 1278 2088 τὸ
1310 2038 1628 2109 εὐαγγέλιον
1772 2021 1872 2116 ’βα-

305 2107 668 2206 σιλείαςλ-Θεοῦ
700 2117 1165 2184 καταγγέλλοντας
1193 2128 1354 2179 παντὶ
1382 2107 1672 2204 τῷήκόσμῳ
1695 2107 1720 2165 ’⁷
1747 2107 1806 2190 ὲν
1829 2131 1873 2206 ᾧ

301 2199 400 2294 καὶ
424 2201 569 2271 ἡμᾶς
585 2204 644 2257 τὸ
671 2206 891 2277 Πνεῦμα
907 2210 968 2263 τὸ
993 2212 1165 2280 ἆγιον.
1192 2217 1240 2270 εἰ
1264 2220 1358 2271 καὶ
1380 2199 1655 2293 τολμηρὸν
1675 2199 1869 2294 εἰπεῖν..

303 2287 529 2384 θέμενον
561 2299 877 2368 παρεγγυᾷ·
917 2299 1100 2356 Addet
1135 2305 1262 2374 γὰρ,
1291 2309 1448 2379 φησὶ,
1612 2315 1699 2384 μὴ
1735 2287 1872 2372 mw;

302 2380 534 2449 πήσῃς,
567 2385 656 2439 ὅτι
678 2389 828 2455 λαός
853 2409 956 2459 μοι
1001 2398 1193 2462 πολύς
1219 2399 1392 2455 ἐστιν
1417 2380 1696 2462 (inuida.
1763 2411 1872 2463 Καὶ

304 2471 539 2568 ἀλλαχοῦ
565 2476 739 2568 ἈἘἀν
765 2483 1219 2552 ὑποστείληται,
1249 2490 1358 2543 οὐκ
1380 2493 1616 2548 εὐδοκεῖ
1635 2498 1672 2565 ἠ
1698 2500 1868 2568 ψυχή

295 2578 417 2658 μοι)
440 2563 510 2616 ἐν
537 2566 718 2631 αὐτῷ.
751 2568 912 2623 Ὥστε
945 2573 1174 2644 φοϐερὸν
1202 2581 1376 2649 κρῖμα
1399 2584 1496 2653 τῆς
1525 2563 1754 2658 σιωπῆς,

301 2653 477 2753 ταῦτα
496 2658 553 2709 ὲν
573 2659 712 2753 *τῇδε
746 2663 811 2731 τῇ
848 2663 1160 2736 ἐθελοκάκῳ
1199 2675 1473 2740 κωφεύσει
1525 2677 1634 2731 τῶν
1666 2653 1871 2753 αἱρετι-

303 2742 524 2843 ςόντωνζ
573 2748 750 2843 Ὅπερ
810 2753 842 2821 ἡ
900 2755 1174 2829 ἀγιωσὺνη
1234 2778 1327 2816 σου
1390 2767 1534 2822 καθά
1589 2742 1869 2843 γέγραφεν

301 2837 598 2931 ἐνεργοῦσα
649 2841 964 2917 θεοπρεπῶς
1014 2849 1243 2916 πολλοὺς
1273 2837 1610 2928 πειρασμοὺς
1641 2837 1868 2931 ὑφίστα-

303 2927 427 2981 σθαι
455 2930 586 3001 φαίη
621 2935 770 3003 παρά
795 2936 902 2991 τῶν
927 2939 1026 2992 οὐκ
1068 2941 1357 2999 ἐθελόντων
1397 2927 1553 3018 λόγον
1587 2927 1738 3008 ὅσιον
1786 2958 1871 3008 ἐν·

300 3021 568 3116 ηχείσοαι·
610 3024 728 3078 ἀλλ’
775 3029 1100 3100 ἡρνημένων
1137 3035 1233 3107 τὴν
1259 3037 1593 3111 θεόγραπτον
1631 3045 1868 3116 Χριστοῦ

300 3112 503 3176 εἰκόνα,
541 3117 638 3185 τῆς
665 3117 949 3188 Θεοτόκου,
977 3125 1066 3177 καὶ
1108 3128 1412 3184 οὑτινοσοῦν
1459 3133 1566 3186 τῶν
1604 3112 1868 3205 θεραπόν-

1983 683 2104 722 mus
2132 669 2275 723 enim
2314 669 2413 739 ipsi
2441 671 2628 738 quales
2669 668 2860 730 simus,
2896 677 3080 737 utpote
3135 668 3446 724 miseriores
3473 669 3542 725 iis

1981 761 2072 829 qui
2107 770 2440 831 postremum
2478 762 2695 815 virtutis
2745 760 2972 830 gradum
3011 761 3192 816 sortiti
3245 772 3412 828 sunt;
3445 762 3539 816 sed

1980 861 2202 920 propter
2230 866 2417 905 omnes
2445 851 2661 906 divinos
2695 862 2874 922 patres
2914 862 2968 906 ct
3003 853 3366 915 confessores.
3397 853 3543 906 velut

1979 943 2156 997 bonus
2193 942 2410 1012 quidam
2463 945 2689 996 nuntius
2743 945 2980 1013 alloquia
3035 944 3285 1000 deferens
3336 963 3542 1016 nosque

1979 1048 2169 1090 omnes
2203 1035 2483 1090 charitatis
2525 1036 2717 1090 affectu
2763 1037 3096 1091 devinciens.
3135 1038 3246 1091 Hoc
3279 1050 3425 1092 certe
3452 1038 3544 1107 ju-

1977 1137 2121 1182 stum
2151 1137 2204 1182 et
2231 1128 2580 1191 conveniens,
2613 1142 2708 1181 eos
2739 1129 2829 1195 qui
2859 1129 2965 1181 alio
2988 1130 3218 1198 dispersi
3242 1141 3369 1183 sunt
3413 1145 3541 1194 pro-

1976 1232 2098 1293 pter
2141 1223 2364 1278 verbum
2393 1221 2510 1285 Dei,
2544 1231 2598 1277 et
2653 1223 3088 1277 testificationem
3124 1224 3386 1292 unigeniti
3422 1225 3543 1294 ejus

1978 1314 2100 1370 Filii
2142 1313 2356 1368 Domini
2401 1313 2573 1367 nostri
2619 1313 2748 1368 Jesu
2799 1313 3036 1380 Christi,
3071 1316 3308 1384 colloqui
3350 1326 3541 1370 mutuo

1975 1422 2071 1477 per
2103 1407 2332 1471 litteras,
2362 1406 2781 1476 etspiritualiter
2811 1422 2905 1475 per
2951 1407 3405 1462 commonitiones
3425 1406 3542 1461 col-

1977 1495 2166 1565 ligari;
2195 1509 2293 1551 nec
2323 1495 2591 1550 ullatenus
2644 1510 2739 1564 per
2774 1495 3050 1550 silentium
3088 1506 3344 1565 tanquam
3390 1511 3541 1549 mor-

1975 1600 2100 1645 tuos
2128 1588 2385 1658 reputari.
2404 1587 2494 1643 Sic
2522 1588 2666 1642 enim
2686 1588 2890 1643 scimus
2923 1589 3138 1642 beatum
3162 1587 3388 1642 Paulum
3409 1603 3542 1656 apo-

1973 1683 2176 1736 stolum
2207 1693 2333 1733 cum
2363 1678 2527 1734 sociis
2570 1678 2786 1732 eminus
2836 1677 2972 1731 inter
3015 1693 3073 1733 se
3117 1678 3326 1732 locutos
3357 1687 3409 1731 et
3443 1694 3540 1747 per

1973 1773 2364 1827 commercium
2400 1771 2672 1826 sermonis
2702 1786 2808 1825 una
2855 1771 3252 1840 conspirantes,
3295 1769 3542 1841 Evange-

1973 1865 2102 1920 lium
2126 1865 2276 1935 regni
2307 1863 2396 1918 Dei
2417 1862 2772 1917 aununtiasse
2794 1863 3047 1917 universo
3079 1863 3279 1916 mundo
3306 1882 3320 1917 :
3355 1864 3407 1916 in
3432 1878 3542 1933 quo

1971 1973 2069 2012 nos
2099 1956 2260 2010 etiam
2288 1955 2524 2023 Spiritus
2545 1961 2788 2017 sanctus,
2810 1952 2910 2006 etsi
2933 1952 3198 2006 audacius
3219 1962 3304 2006 est
3337 1952 3534 2017 dicere,

1969 2050 2330 2112 constituens,
2369 2050 2588 2102 mandat
2621 2063 2636 2101 :
2678 2045 2930 2115 Loquere,
2955 2047 3150 2115 inquit,
3169 2057 3216 2098 et
3254 2062 3316 2098 ne
3354 2044 3536 2108 sileas.

1969 2142 2092 2212 quia
2109 2141 2329 2210 populus
2345 2157 2485 2194 meus
2501 2138 2696 2193 multus
2713 2150 2787 2192 est
2809 2139 2892 2192 hic
2909 2138 2978 2192 “.
2998 2136 3199 2190 Etalibi
3219 2153 3230 2187 :
3249 2134 3308 2190 Si
3328 2136 3540 2196 subitae

1968 2235 2189 2296 πείθεο,
2211 2249 2312 2286 non
2333 2232 2556 2301 placebit
2574 2231 2676 2285 sibi
2695 2232 2875 2284 anima
2897 2247 3008 2284 mea
3031 2229 3192 2283 inillo
3207 2229 3253 2260 ⁸⁸
3301 2228 3538 2294 Quocir-

1969 2344 2032 2384 ca
2055 2327 2400 2384 formidabile
2416 2326 2774 2396 estjudicium
2794 2324 3014 2386 silentii,
3047 2324 3100 2376 in
3125 2323 3224 2376 hac
3241 2323 3537 2391 praesertim

1969 2421 2199 2491 maligna
2224 2419 2498 2475 surdidate
2526 2414 3136 2481 haeretizantiumﬂuod
3168 2415 3386 2484 quidem
3408 2430 3535 2467 san-

1968 2515 2126 2571 ctitas
2155 2522 2269 2576 tua,
2301 2510 2758 2581 quemadmodum
2797 2507 3037 2576 scripsit,
3101 2505 3290 2561 sedulo
3319 2504 3537 2573 riteque

1968 2608 2100 2662 dum
2125 2603 2461 2672 exsequitur,
2503 2600 2781 2654 molestias
2805 2599 3064 2669 plurimas
3095 2598 3245 2652 abiis
3276 2596 3533 2657 sustinet,

1968 2699 2296 2769 quisacrum
2327 2694 2550 2748 verbum
2585 2693 2775 2747 audire
2811 2691 3036 2753 nolunt;
3067 2690 3161 2744 sed
3211 2705 3241 2743 a
3289 2688 3399 2742 Deo
3455 2689 3536 2756 pi-

1969 2800 2112 2846 ctam
2137 2787 2363 2849 Christi,
2409 2786 2673 2855 Dciparaz,
2707 2783 2788 2837 vel
2814 2781 3061 2851 cujusvis
3084 2794 3366 2836 servorum
3416 2778 3537 2848 ejus

1970 2882 2265 2952 imaginem
2314 2878 2586 2947 rejiciunt.
2615 2875 2786 2941 Perge
2816 2883 3020 2937 autem,
3045 2870 3534 2932 desideratissime,

1967 2974 2061 3042 qui
2094 2985 2249 3040 super
2303 2967 2680 3022 candelabrum
2725 2963 2908 3027 Verbi.
2949 2962 3273 3032 Evangelica
3307 2976 3437 3016 voce
3476 2976 3535 3014 es

1968 3063 2200 3135 positus,
2256 3061 2435 3113 lucens
2482 3060 2538 3111 in
2585 3056 2824 3111 omnibus
2859 3055 2948 3125 qui
2984 3057 3035 3108 in
3060 3055 3211 3107 domo
3241 3053 3436 3116 sunt."
3477 3060 3536 3106 ut

1969 3156 2062 3226 qui
2091 3153 2281 3208 oculos
2333 3150 2577 3221 aperiunt
2630 3150 2811 3202 lumen
2867 3146 3142 3214 excipiant
3199 3162 3215 3210 ;
3268 3146 3361 3214 qui
3404 3157 3535 3196 vero

299 3220 408 3256 των
429 3207 613 3328 αῗτοῦ.
643 3211 840 3278 Μένοις
865 3203 977 3280 οὖν’,
1009 3221 1324 3292 τριπόθητε,
1355 3225 1450 3278 ἐπὶ
1472 3225 1582 3296 τῆς
1606 3203 1868 3299 λύχνίας

299 3294 441 3328 ut.“
483 3315 577 3328 υ-..
621 3303 871 3328 ...ι.--..-ᾼ
930 3310 976 3328 ,ι
1231 3313 1255 3325 ς
1503 3319 1514 3328 .
1850 3323 1860 3328 -

1969 3203 2163 3303 slensus
2217 3243 2530 3304 occludunt,
2576 3238 2830 3294 caecitatis
2852 3253 2963 3293 suae
3014 3234 3534 3304 fructuscolligant;

421 3299 578 3366 λόγου
621 3303 871 3399 κείμενος
924 3310 1265 3382 εὐαγγελικῷ
1311 3319 1714 3389 προστάγματι.
1767 3323 1865 3376 καὶ

1965 3350 2018 3396 et
2057 3354 2152 3393 ora
2184 3337 2389 3405 utique,
2422 3345 2479 3388 ut
2511 3334 2613 3388 hoc
2633 3341 2688 3387 et
2726 3347 2826 3386 nos
2857 3339 3199 3399 praestemus,
3266 3329 3535 3397 culpaque

298 3384 554 3455 λάμπων
583 3391 732 3445 πᾶσι
760 3395 882 3462 τοῖς
916 3398 986 3450 ἐν
1016 3399 1091 3466 τῇ
1119 3403 1308 3470 οἰκίᾳο
1357 3384 1436 3469 ἠὼς
1465 3384 1545 3461 ἂν.
1566 3384 1865 3477 ἀπλοῦντες

299 3478 398 3541 τὰς
430 3478 602 3547 ὄψεις,
629 3483 689 3536 τὸ
719 3486 834 3554 φῶς
877 3489 1231 3560 εἰσδέχοιντοο
1282 3496 1332 3548 οἰ
1392 3497 1452 3551 δὲ
1490 3499 1719 3569 μύοντες
1764 3505 1863 3569 τὰς

300 3571 601 3667 αἰσθήσεις,
647 3578 744 3647 τῆς
777 3580 983 3645 οἰκείας
1035 3584 1298 3656 ἀϐλεψίας
1345 3588 1438 3643 τὸν
1494 3594 1706 3662 καρπὸν
1748 3596 1865 3667 δρέ·

299 3661 528 3730 ψωνται.
556 3668 728 3737 Καίγε
759 3670 944 3736 εὔξαιο
974 3677 1131 3730 τοῦτο
1160 3679 1253 3732 καὶ
1276 3682 1420 3750 ἡμᾶς
1456 3661 1748 3751 ποιεῖσθαι,
1769 3661 1863 3743 καὶ

301 3754 555 3846 ανένοχον
603 3759 662 3813 τὸ
701 3762 800 3831 τῆς
854 3768 1187 3834 προστασίας
1227 3771 1400 3841 δῶρον
1427 3775 1858 3846 ἀπενέγκασθαι.

301 3845 600 3940 ξἰνῶσκειν
636 3852 692 3906 δέ
736 3872 794 3908 σε
827 3855 1146 3928 βουλόμεθα,
1175 3861 1254 3915 ὅτι
1287 3858 1367 3927 εἷς
1387 3864 1494 3918 τῶν
1523 3845 1862 3940 λαμπτήρων

299 3939 518 4037 ἀπέπτη
552 3944 686 4037 πρὸς
706 3946 935 4018 Κύριονο
975 3945 1130 4016 οὗτος
1153 3954 1216 4026 δὴ
1239 3956 1266 4008 ὁ
1297 3956 1598 4025 ἀγιώτατος
1643 3963 1861 4037 Μητρο-

300 4030 526 4102 πολίτης
586 4035 866 4092 Συνάδων·
928 4044 1052 4097 ἐπεὶ
1104 4048 1488 4122 καὶπρότερον
1545 4056 1596 4108 οἰ
1659 4030 1861 4111 κλεινοὶ

299 4122 521 4192 ἀδελφοὶ
575 4127 668 4180 καὶ
703 4131 964 4202 Πατέρες,
1004 4137 1317 4204 Ἀθανάσιος
1356 4143 1385 4195 ὁ
1439 4142 1534 4196 τοῦ
1582 4148 1860 4202 Παυλοπε·

298 4211 452 4283 τρίου
481 4214 830 4286 καθηγεμὼν,
851 4223 944 4274 καὶ
967 4224 1216 4298 Ἰωάννης
1245 4233 1274 4283 ό
1300 4231 1399 4301 τῆς
1429 4234 1699 4290 Χαλκίτου
1727 4240 1860 4292 καθ-

300 4304 531 4398 ηγητὴς.
553 4307 661 4360 Καὶ
681 4310 731 4362 οἰ
754 4313 1019 4382 αἱρετικοί
1041 4317 1140 4386 μὲν
1187 4320 1435 4375 δοκοῦσιν
1462 4325 1860 4398 ὑποτέμνεσθαι

297 4393 359 4487 τὸ
376 4395 765 4468 ὁμολογητικὸν
788 4403 1059 4475 πλήρωμα
1074 4407 1162 4462 τοῦ
1179 4411 1439 4479 Χριστοῦ.
1487 4393 1763 4484 Ἀγνοοῦσι
1777 4421 1856 4487 δὲ,

297 4483 380 4537 ὃτι
410 4487 500 4539 καὶ
531 4491 728 4580 μαλλον
755 4494 1086 4562 πληθύνεται
1115 4500 1261 4570 ζήλῳ
1285 4505 1392 4556 τῶν
1429 4483 1858 4580 προηθληκότων

1968 3444 2198 3485 vacuum
2261 3425 2597 3497 praefectura:
2680 3424 2883 3476 donum
2955 3428 3318 3489 reportemus.
3378 3415 3533 3470 Scire

1964 3535 2127 3590 porro
2165 3530 2216 3573 te
2237 3517 2508 3580 volumus,
2551 3530 2719 3570 unum
2746 3513 2811 3567 de
2851 3511 3213 3566 luminaribus
3244 3509 3309 3563 ad
3345 3508 3530 3562 Domi-

1964 3628 2092 3667 num
2123 3611 2412 3674 avolasse;
2445 3609 2491 3662 is
2519 3617 2604 3661 est
2631 3605 3011 3660 sanctissimus
3042 3601 3384 3670 metropolita
3428 3601 3532 3669 Sy-

1962 3705 2265 3768 nadorum;
2298 3716 2362 3755 ac
2392 3701 2544 3770 prius
2571 3698 2733 3753 etiam
2783 3697 3074 3767 praeclaros
3108 3694 3302 3748 fratres
3352 3702 3406 3746 et
3435 3708 3537 3761 pa-

1963 3806 2119 3858 tres,
2175 3791 2536 3850 Athanasium
2601 3788 2934 3858 Paulopetrii
2985 3786 3408 3852 moderatorem,
3478 3793 3535 3838 et

1959 3883 2224 3939 Joannem
2257 3891 2521 3936 rectorem
2547 3878 2821 3932 Chalcitzc.
2858 3877 2923 3932 Et
2944 3886 3137 3948 putant
3164 3875 3381 3946 quidem
3418 3875 3531 3929 hae-

1961 3973 2157 4037 retici,
2223 3983 2510 4026 numerum
2569 3965 2776 4023 succidi
2853 3966 3230 4021 confessorem
3285 3964 3530 4019 Christi:

1960 4063 2213 4132 ignorant
2248 4071 2467 4126 autem,
2500 4060 2849 4116 aemulatione
2901 4058 3258 4127 praeeuntium
3296 4056 3532 4113 athleta-

1959 4169 2104 4217 rum,
2139 4152 2323 4222 augeri
2357 4151 2536 4222 potius
2566 4166 2758 4220 agmen
2808 4147 3218 4202 convolantium
3241 4187 3256 4210 ,
3294 4156 3530 4200 emtum-

1959 4261 2063 4317 que
2096 4244 2211 4298 alas
2239 4242 2623 4312 explicantium
2663 4258 2677 4294 :
2708 4239 2988 4294 Christum
3041 4252 3168 4292 vero
3201 4236 3380 4290 adhuc
3404 4236 3532 4290 dor-

1959 4336 2116 4398 mire,
2152 4342 2314 4403 atque
2359 4333 2481 4387 aliis
2505 4330 2724 4401 quidem
2779 4330 3002 4399 jauuum
3035 4327 3249 4397 aperire
3283 4326 3524 4380 bonitate

1960 4425 2254 4490 inetfabili;
2315 4423 2547 4477 aliorum
2613 4422 2898 4490 explorare
2946 4419 3189 4473 studium
3243 4417 3526 4488 proposita

1959 4513 2234 4582 patientia:
2249 4527 2447 4565 corona
2470 4527 2486 4576 ;
2522 4510 2659 4564 alios
2679 4518 2965 4577 ,tanquam
2991 4508 3278 4576 probatum
3305 4520 3525 4568 aurum,

301 4578 790 4672 iuvavmsdpevov,
818 4585 912 4636 καὶ
938 4584 997 4636 τὸ
1014 4592 1428 4661 πτερορῤυῆσαν
1453 4597 1614 4664 τυχὸν
1647 4578 1852 4668 στίφος.
1889 4606 1892 4662 ξ

1964 4578 2161 4672 ubique
2192 4617 2404 4672 semper
2433 4615 2711 4655 assumere
2768 4601 2834 4652 ad
2887 4598 3134 4652 diadema
3159 4599 3372 4652 decoris
3406 4598 3525 4666 glo-

297 4662 530 4764 Χριστδς
565 4670 621 4723 δὲ
661 4672 742 4764 ξτι
780 4675 1047 4740 καθεύδει,
1083 4683 1193 4742 τοῖς
1230 4683 1326 4751 μὲν
1354 4662 1664 4756 ὑπανοίγων
1688 4662 1859 4764 θὺραν

299 4758 628 4829 χρηστότητι
654 4763 1048 4837 ἀνεκδιηγήτῳ,
1090 4770 1196 4822 τῶν
1225 4771 1281 4825 δὲ
1309 4773 1617 4845 δοκιμάζων
1651 4781 1741 4834 τὸν
1759 4758 1857 4836 πό-

300 4846 391 4900 θον
441 4851 499 4902 ὲν
560 4852 835 4926 ὑπομονῆς
894 4862 1314 4932 στεφανώματι,
1371 4869 1496 4932 τοὺς
1549 4871 1604 4923 δὲ
1654 4875 1748 4926 καὶ
1780 4875 1856 4940 ὠς

298 4941 960 5018 χρυσὸνδεδοκιμασμένυν
1006 4953 1437 5024 προσλαμϐάνων
1489 4961 1744 5018 ἑκάστοτε
1774 4969 1851 5031 εἰς

301 5031 451 5125 διάδη
462 5051 536 5103 μα
567 5035 795 5099 κάλλους
816 5039 972 5108 δόξης
998 5045 1183 5100 αὑτοῦ.
1203 5046 1384 5102 Ταῦτά
1407 5066 1487 5103 σοι
1514 5055 1643 5121 παρ’
1672 5057 1850 5125 ἡμῶν,

1965 4697 2060 4751 ria:
2087 4710 2218 4750 suae.
2251 4691 2375 4748 llaec
2403 4693 2496 4747 tibi
2523 4708 2554 4747 a
2589 4693 2766 4754 nobis,
2821 4707 2854 4745 ο
2900 4691 3074 4745 beate.
3103 4691 3183 4744 Tu
3212 4705 3338 4746 vero
3367 4705 3526 4758 perge

1964 4782 2132 4837 Deum
2173 4795 2421 4845 exorare,
2462 4789 2519 4834 ut
2553 4796 2738 4851 pacem
2770 4778 3023 4834 Ecclesia:
3061 4794 3175 4834 suae
3221 4779 3523 4847 largiatur;

1962 4877 2103 4929 mala
2129 4874 2310 4929 omnia
2345 4873 2579 4927 evelleus
2611 4873 2677 4927 de
2703 4870 2900 4936 medio,
2948 4882 3001 4925 et
3027 4886 3148 4931 nos,
3183 4870 3274 4940 qui
3317 4869 3525 4924 residui

1960 4979 2174 5027 sumus,
2223 4963 2416 5033 dignos
2463 4970 2703 5027 censeat,
2737 4960 2831 5030 qui
2868 4959 2936 5014 ad
2985 4960 3211 5014 intuitus
3262 4974 3526 5029 congres-

1959 5072 2080 5113 sum
2109 5055 2403 5121 veniamus,
2441 5053 2582 5109 sicut
2615 5065 2802 5124 optare
2828 5060 2880 5108 te
2902 5053 3244 5122 signiﬁcasti.

302 5123 348 5179 ὦ
378 5130 633 5220 μακάριε.
671 5133 840 5198 Αὐτὸς
865 5138 921 5190 δὲ
945 5139 1022 5193 ἔτι
1045 5141 1419 5214 δυσωπήσειας
1454 5146 1546 5200 τὸν
1599 5123 1751 5212 Θεὸν,
1817 5149 2042 5220 εἰρήνην
2101 5150 2396 5220 ἐμποιῆσαι
2443 5152 2509 5220 τῇ
2551 5123 2713 5202 αὑτοῦ
2755 5149 3055 5219 Ἐκκλησία
3079 5165 3093 5179 ο
3126 5148 3383 5203 ὲκτίλλων
3413 5155 3522 5206 πᾶν

303 5219 470 5271 κακὸν
506 5223 569 5274 ὲκ
604 5224 804 5293 μέσου,
853 5229 946 5282 καὶ
993 5233 1118 5295 τοὺς
1177 5235 1666 5308 ὑπολελειμμένους
1720 5219 2070 5312 ημὰνὰξιῶν
2097 5219 2178 5306 εἰς
2243 5219 2343 5313 τὴν
2374 5243 2495 5295 κατ’
2561 5240 2872 5311 ὀφθαλμοὺς
2918 5240 3138 5312 ὁμιλίαν
3196 5241 3408 5295 ὲλθείαν
3432 5245 3521 5296 ἐλ-

303 5315 436 5383 θεῖν,
469 5317 611 5370 καθά
648 5321 740 5371 καί
767 5321 1029 5387 εὑκτικῶς
1058 5328 1431 5398 ὑπεδήλωσας.

527 5409 644 5465 ΣΘ.
665 5411 742 5482 (ι)
778 5415 1068 5484 Διονυσίῳ
1092 5420 1418 5488 μονάζοντι.
1448 5422 1631 5499 [marg-"1

2301 5426 2480 5484 CCIX.
2507 5458 2577 5470 —
2607 5429 2860 5500 Dionysio
2889 5430 3160 5485 monac/to.

941 5526 1293 5590 Panitentem,
1331 5539 1384 5582 et
1407 5533 1466 5582 ad
1499 5543 1649 5584 recte
1697 5534 1812 5586 ﬁdei
1866 5539 2228 5589 confessionem
2275 5553 2552 5600 reversum,
2600 5543 2871 5592 confirmat.

372 5611 437 5694 ρί
482 5612 632 5679 παρὰ
674 5613 782 5667 τῶν
827 5615 1204 5688 ἐπιστημόνων
1245 5620 1441 5689 ἰατρῶν
1481 5623 1852 5694 θεραπευόμεο

2025 5627 2126 5694 Qui
2164 5645 2195 5682 a
2244 5630 2435 5700 peritis
2487 5629 2712 5686 medicis
2739 5637 3004 5685 curantur
3045 5626 3378 5684 deteriorum
3428 5625 3518 5682 in-

368 5691 416 5729 ’δ
444 5697 590 5756 Psal.
616 5715 858 5769 xxxviii,
885 5705 974 5763 ιε.
1046 5704 1092 5738 αι
1113 5703 1276 5762 Hebr.
1313 5724 1368 5776 χ,
1407 5711 1496 5766 58.
1545 5691 1607 5746 ἰο
1637 5691 1822 5770 Manu.
1851 5733 1904 5780 ν,
1942 5717 2024 5770 ιε.

1801 5803 2029 5863 ΝΟΤιΕ.

368 5880 447 5952 (4)
475 5879 533 5937 ln
559 5887 681 5942 cod.
707 5887 837 5956 Reg.
