4184 6476
669 398 803 464 1631

1860 410 1921 468 S.
1960 406 2355 467 THEODORI
2387 406 2737 465 STUDITE

3790 407 3938 466 1632

669 514 949 581 spectione
976 528 1117 583 opus
1152 531 1259 571 non
1316 516 1550 587 habent;
1586 521 1691 575 etsi
1738 536 1801 576 ex
1836 521 2101 575 charitate
2134 518 2234 573 ali-

2345 532 2440 581 νοι,
2471 516 2532 569 οὐ
2554 515 2742 584 χρείαν
2767 514 2951 585 ἔχουσι
2969 515 3066 585 τῆς
3089 514 3199 569 τῶν
3218 515 3527 584 ὕφειμένων
3548 515 3929 586 ἐπισκέψειιις⁹

668 619 811 671 quos
847 606 1114 659 interdum
1167 607 1551 666 benevolentes
1601 627 1708 665 non
1744 624 2028 682 respuunt.
2061 613 2243 678 Quare

670 710 1129 762 supervacaneam
1166 714 1277 751 rem
1320 702 1429 769 egit
1489 701 1729 757 fraterna
1780 706 2078 758 reverentia
2129 714 2241 769 tua,

670 800 798 838 cum
838 801 866 839 a
892 787 1052 840 Patre
1085 798 1273 843 nostro
1294 790 1385 845 Dei
1420 795 1803 848 amantissimo
1831 796 2244 866 archiepiscopo

675 878 959 946 Dyrrachii
1011 889 1229 939 sanata.
1290 897 1399 936 non
1435 886 1798 954 conquievit:
1851 889 1943 941 sed
1994 904 2022 941 a
2084 889 2242 943 nobis

670 969 836 1021 etiam
869 969 1074 1024 inlimis
1100 984 1154 1025 et
1202 972 1431 1041 abiectis
1466 979 1810 1033 curationem
1860 982 2105 1049 expetiit.
2138 981 2240 1036 Sed

670 1062 1114 1130 quandoquidem
1148 1070 1417 1133 permovit
1452 1084 1597 1123 nunc
1642 1085 1740 1123 vos
1774 1072 2056 1126 charitatis
2105 1074 2243 1128 ratio

674 1163 733 1205 ut
790 1155 1141 1222 scriberetis;
1199 1160 1468 1227 persuasit
1506 1169 1559 1214 et
1606 1163 1780 1227 nobis,
1824 1164 1918 1232 qui
1960 1166 2115 1217 nihili
2149 1181 2242 1218 su-

674 1262 819 1303 mus.
854 1257 912 1301 ut
974 1250 1127 1305 vobis
1189 1254 1633 1319 rescriberemus,
1680 1256 1943 1324 nobisque
1984 1272 2079 1310 vos
2108 1260 2241 1311 cha-

672 1339 850 1392 ritatis
897 1338 1093 1394 alfectu
1145 1343 1622 1413 conjungeretnus.
1660 1344 1865 1401 Debent
1923 1348 2091 1415 enim,
2139 1350 2242 1403 etsi

674 1430 822 1484 nulla
857 1446 943 1485 res
972 1443 1149 1499 cogat,
1182 1435 1276 1502 qui
1310 1435 1619 1490 institutum
1653 1438 1792 1493 idem
1826 1442 2057 1507 amplexi
2089 1450 2242 1506 sunt,

672 1523 924 1578 eumdem
954 1527 1116 1580 etiam
1147 1542 1369 1582 sensum
1420 1531 1827 1599 amplectentes,
1869 1544 2117 1588 amanter
2157 1536 2246 1589 in-

674 1620 755 1665 ter
786 1628 844 1666 se
881 1618 1308 1684 contenipcrari.
1337 1616 1472 1671 Nam
1509 1636 1574 1673 eo
1607 1623 1750 1689 quod
1777 1625 2133 1692 multiplicata
2163 1634 2245 1679 est

669 1702 959 1771 iniquitas,
1021 1706 1304 1763 refrixisse
1350 1711 1670 1765 charitatem
1732 1719 2053 1779 multorum,
2108 1716 2244 1771 dixit

674 1793 935 1852 Dominus
957 1798 1023 1852 ".
1057 1798 1211 1863 Quod
1245 1802 1411 1871 igitur
1447 1804 1591 1858 circa
1615 1807 1951 1860 curationem
2002 1817 2239 1862 vestram

670 1905 701 1942 a
741 1892 1098 1946 sanctissimo
1159 1895 1573 1966 archiepiscopo
1605 1907 1869 1953 statutum
1895 1909 1997 1965 est,
2035 1901 2244 1971 integre

671 1982 1019 2040 observetur.
1062 1985 1176 2042 Hoc
1205 2004 1335 2044 vero
1365 1989 1747 2056 adhortamur,
1782 2003 1837 2047 et
1866 1994 2242 2059 admonemus,

675 2089 781 2129 non
824 2075 1102 2141 fatiscere,
1132 2081 1197 2133 ad
1241 2095 1303 2135 ea
1350 2094 1716 2151 respectantes
1750 2101 1872 2154 quae
1921 2096 2067 2141 retro
2094 2097 2242 2152 sunt,

677 2182 855 2234 neque
903 2169 968 2223 ad
1025 2170 1314 2227 exitiosam
1374 2174 1797 2229 submissioncm
1855 2176 1939 2231 his
1995 2187 2088 2231 aut
2137 2179 2243 2234 illis

678 2260 1015 2326 quibuslibet
1068 2262 1288 2317 indiciis
1315 2264 1533 2319 abduci.
1590 2266 1874 2322 Sulliciunt
1919 2270 2065 2323 enim
2107 2286 2245 2340 pra:-

675 2351 872 2405 terita:
909 2353 975 2405 de
1010 2354 1210 2422 quibus
1242 2371 1478 2423 gemere,
1509 2368 1708 2412 etcum
1753 2360 2009 2430 lacrymis
2050 2362 2244 2431 depre-

674 2444 787 2495 cari
826 2454 1081 2513 perpetuo
1110 2446 1389 2511 debemus,
1434 2452 1645 2517 plorare
1669 2467 1732 2504 ac
1768 2451 2074 2516 lamentari,
2097 2456 2242 2523 quod

675 2549 800 2587 eum
839 2535 1079 2603 ejusdem
1117 2537 1336 2594 habitus
1359 2540 1574 2605 fratres,
1603 2544 1985 2613 velutaquilrc,
2022 2561 2240 2601 sursum

677 2640 773 2692 per
796 2626 1194 2683 confessionem
1244 2632 1551 2699 evolarint,
1608 2650 1708 2689 nos
1742 2637 1844 2690 sub
1892 2637 2117 2692 htcresis
2163 2640 2244 2691 la-

675 2729 815 2781 queo
852 2714 1202 2786 detinemur;
1239 2722 1480 2790 dumque
1535 2724 1613 2778 illi
1665 2726 2104 2793 persecutionem
2151 2743 2244 2795 pa-

679 2806 908 2873 tiuntur,
940 2824 1038 2861 nos
1070 2811 1215 2865 domi
1245 2829 1529 2869 manemus
1556 2836 1567 2869 :
1605 2826 1659 2871 et
1690 2833 1814 2871 cum
1849 2820 1927 2873 illi
1961 2836 2135 2890 usque
2175 2822 2240 2876 ad

678 2900 995 2968 martyrium
1047 2902 1465 2971 decertaverint,
1510 2922 1608 2961 nos
1667 2919 1978 2979 negatores,
2034 2914 2078 2967 si
2132 2929 2239 2968 non

677 2992 857 3053 corde,
888 3005 981 3043 ore
1018 2999 1196 3046 tamen
1225 3010 1517 3065 manuque,
1552 2996 1678 3052 facti
1731 3015 1922 3055 sumus
1955 3021 1968 3055 :
2007 3012 2081 3067 et,
2118 3006 2242 3058 aliis

679 3080 733 3132 in
767 3096 985 3135 carcere
1026 3083 1260 3139 detentis
1308 3086 1557 3157 fameque
1594 3092 1820 3156 enectis,
1853 3109 1953 3147 nos
1985 3094 2139 3149 liberi
2187 3105 2242 3151 et

2344 608 2393 660 εί
2424 609 2497 677 μή
2528 623 2581 659 τι
2612 607 2717 676 ἄρα
2749 606 2971 673 ἀγάπης
3000 607 3185 676 τρόπῳ
3217 604 3610 675 ἀφοσιούμενοι
3637 607 3765 667 τοὺς
3791 622 3938 673 γνη-

2347 696 2648 759 σιεύοντας.
2680 697 2843 749 Ὥστε
2870 698 2965 749 καὶ
2996 696 3027 765 ἡ
3053 696 3315 764 ἀδελφικὴ
3347 695 3503 764 ὑμῶν
3528 696 3781 763 τιμιότης
3823 711 3932 748 πε-

2346 791 2529 861 ριττόν
2581 806 2634 843 τι
2687 788 2754 843 ἀν
2806 788 3117 859 είργάζετο,
3166 788 3315 858 παρά
3360 786 3455 839 τοῦ
3502 786 3933 857 θεοφιλεστάτου

2343 880 2503 950 ἡμῶν
2566 882 2773 950 πατρὸς
2823 879 2919 933 καὶ
2970 877 3407 949 ἀρχιεπισκόπου
3470 877 3563 931 τοῦ
3616 880 3934 950 Δυρραχίου

2349 974 2560 1027 ίαθείσα
2586 975 2681 1026 καὶ
2722 973 2797 1042 μὴ
2828 972 3154 1041 ἐμμείνασα,
3197 969 3315 1023 ἀλλ’
3350 969 3431 1021 ἔτι
3470 970 3564 1022 καὶ
3607 970 3739 1041 παρ’
3766 971 3934 1041 ἡμῶν

2342 1065 2453 1118 τῶν
2484 1064 2793 1134 ὑφειμένων
2839 1064 3135 1134 θεραπείαν
3168 1062 3525 1132 ικιζητοῦσα.
3568 1063 3706 1115 Ἀλλ’
3744 1064 3879 1115 ἐπεὶ
3903 1069 3933 1119 ὁ

2344 1159 2501 1227 λόγος
2545 1158 2644 1226 τῆς
2692 1158 2915 1225 ἀγάπης
2965 1155 3221 1224 κεκίνηκε
3264 1153 3360 1207 νῦν
3394 1155 3539 1224 ὑμᾶς
3592 1154 3929 1217 ἐπιστεῖλαι,

2346 1253 2579 1305 πέπεικε
2626 1252 2719 1304 καὶ
2777 1252 2923 1319 ἡμᾶς
2975 1252 3099 1313 τοὺς
3150 1248 3472 1317 οὐδαμινοὺς
3517 1247 3929 1300 ἀντεπιστεῖλαι

2346 1346 2497 1415 ὑμῖν,
2523 1344 2617 1397 καὶ
2648 1344 2883 1411 συνάψαι
2925 1342 3062 1413 πρὸς
3096 1343 3321 1405 ἑαυτοὺς
3360 1344 3425 1412 τῇ
3456 1341 3780 1409 ἀγαπητικῇ
3808 1340 3933 1393 δια-

2345 1434 2513 1490 θέσει.
2542 1433 2662 1503 Χρὴ
2704 1433 2835 1501 γὰρ,
2870 1432 2965 1484 καὶ
2993 1431 3116 1501 δίχα
3160 1431 3305 1494 τινος
3337 1429 3661 1497 ἀναγκαίου,
3689 1429 3819 1487 τοὺς
3866 1431 3931 1481 τὸ

2343 1529 2478 1582 αὐτὸ
2528 1526 2852 1595 ἐπάγγελμα
2894 1527 3374 1597 ἐπανῃρημένους,
3418 1524 3513 1576 καὶ
3552 1522 3613 1575 τὸ
3655 1522 3788 1574 αὐτὸ
3829 1517 3932 1575 οὖν

2345 1621 2602 1689 φρόνημα
2624 1616 3041 1687 ἀσπαζομένους
3066 1616 3425 1687 ἀγαπητικῶς
3453 1614 3877 1685 συνανακρᾶσθα
3888 1632 3927 1671 ι.

2345 1712 2453 1764 Καὶ
2484 1711 2593 1782 γὰρ
2622 1710 2711 1763 διά
2746 1709 2807 1761 τὺ
2850 1707 3223 1777 πληθυνθῆναι
3260 1707 3360 1779 τὴν
3392 1708 3642 1776 ἀνομίαν,
3680 1706 3928 1775 ψυγῆναι

2348 1802 2443 1872 τὴν
2489 1801 2598 1854 τῶν
2643 1799 2854 1853 πολλῶν
2888 1800 3128 1868 ἀγάπην,
3163 1801 3191 1852 ὁ
3224 1798 3426 1868 Κύριος
3466 1801 3676 1868 είρηκε.
3712 1798 3785 1850 To
3820 1800 3927 1867 μὲν

2343 1893 2439 1949 οὖν
2465 1894 2563 1964 τῆς
2596 1893 2837 1964 ίατρείας
2862 1891 3016 1962 ὑμῶν
3058 1892 3200 1946 κατά
3230 1891 3292 1943 τὸ
3319 1892 3769 1961 κεκανονισμένον
3814 1895 3927 1946 ὑπὸ

2343 1986 2437 2040 τοῦ
2465 1985 2769 2054 ἀγιωτάτου
2802 1985 3253 2056 ἀρχιεπισκόπου,
3298 1983 3673 2053 συντηρείσθω
3702 1984 3923 2039 ἀνοσον.

2344 2078 2515 2133 Τοῦτο
2541 2079 2596 2131 δὲ
2623 2078 3001 2147 παραινοῦμεν
3034 2076 3128 2129 καὶ
3157 2076 3671 2145 ὑπομιμνήσκομεν,
3700 2075 3775 2144 μὴ
3796 2076 3927 2142 ὑφιο

2345 2151 2527 2239 ζάνειν
2554 2172 2718 2225 πάλιν
2748 2174 2827 2233 είς
2859 2171 2929 2223 τὰ
2960 2168 3137 2222 ὀπίσω
3161 2185 3175 2198 ·
3211 2167 3346 2237 μηδὲ
3381 2167 3516 2239 πρὸς
3548 2169 3648 2236 τὴν
3670 2167 3927 2239 ὀλεθρίαν

2344 2268 2659 2321 ὑπόπτωσιν
2687 2262 2995 2332 ἀπάγεσθαι
3021 2262 3108 2315 διὰ
3134 2261 3303 2314 τῶνδε
3331 2274 3425 2313 και
3456 2260 3622 2313 τῶνδε
3646 2260 3753 2312 τῶν
3778 2278 3927 2328 γνω-

2346 2358 2648 2430 ρισμάτων.
2703 2357 2887 2426 Ἀρκεῖ
2926 2354 3034 2424 γὰρ
3086 2354 3181 2406 καὶ
3224 2352 3294 2405 τά
3328 2352 3491 2405 πάλαι
3517 2367 3530 2382 ·
3569 2352 3656 2420 ἐφ’
3705 2347 3787 2416 07.;
3825 2355 3926 2405 καὶ

2345 2449 2633 2517 ὀφείλομεν
2666 2446 2871 2499 στένειν
2894 2444 2986 2497 καὶ
3011 2444 3234 2514 ποτνιᾷν
3267 2444 3348 2505 είς
3382 2443 3442 2495 τὸ
3479 2442 3589 2507 ἀεὶ,
3621 2442 3829 2497 κλαίειν
3859 2461 3925 2495 τε

2342 2542 2435 2592 καὶ
2485 2536 2766 2608 οίμώζειν,
2795 2537 2877 2589 δτι
2924 2533 3034 2587 τῶν
3084 2532 3335 2602 ἀδελφῶν
3366 2533 3719 2603 δμοσχήμων,
3754 2552 3926 2605 μετα-

2345 2632 2579 2686 σθέντων
2604 2630 2679 2693 ὡς
2709 2628 2883 2682 ἀετῶν
2918 2627 3054 2697 ὑψοῦ
3083 2629 3149 2696 τῇ
3178 2625 3439 2695 ὁμολογίᾳ
3463 2641 3477 2655 ’
3503 2627 3667 2694 ἡμεῖς
3691 2627 3797 2678 ὑπὸ
3822 2644 3924 2677 πα-

2343 2721 2469 2791 γίδα
2502 2718 2890 2791 κεκρατήμεθα
2922 2720 3022 2789 τῆς
3070 2717 3369 2786 αίρέσεως·
3407 2716 3678 2770 κάκείνων
3732 2718 3925 2769 διωκο-

2346 2812 2545 2883 μένων,
2579 2812 2742 2879 ἡμεῖς
2784 2810 2924 2863 οίκοι
2958 2808 3225 2879 μένομεν·
3249 2808 3343 2859 καὶ
3386 2807 3553 2860 τῶνδε
3602 2807 3922 2876 ὴθληκότων

2346 2903 2713 2976 μαρτυρικῶς,
2743 2903 2902 2973 ἡμεῖς
2930 2901 3143 2971 ἔξαρνοι
3175 2900 3484 2969 γεγόναμεν
3516 2900 3658 2967 χειρὶ
3680 2899 3775 2951 καὶ
3794 2898 3919 2950 στό-

2345 3013 2497 3067 ματι,
2528 2995 2633 3049 κᾶν
2670 2996 2729 3047 οὐ
2757 2992 2954 3063 καρδίᾳ
2973 3009 2987 3023 ·
3021 2992 3115 3043 καὶ⁸
3134 2990 3306 3045 ἀλλων
3337 2990 3784 3060 φυλακιζομενων
3822 2991 3922 3042 καὶ

2343 3086 2867 3159 λιμοκτονουμένων,
2909 3084 3071 3154 ἡμεῖς
3094 3083 3154 3135 tv
3181 3082 3333 3153 ἀδείᾳ
3366 3083 3645 3152 διήγομεν.
3676 3082 3800 3145 Πῶς
3824 3078 3921 3134 οὖν

676 3172 854 3224 securi
914 3173 1168 3228 vivimus.
1225 3175 1345 3241 Quo
1397 3178 1563 3247 igitur
1594 3183 1757 3235 modo
1791 3183 1906 3237 haec
1933 3186 2115 3239 animo
2141 3202 2254 3242 vcr-

2364 3183 2465 3236 οὐκ
2485 3179 2812 3250 ινθυμητέον
2838 3176 3029 3240 ταῦτα,
3054 3174 3151 3229 καὶ
3172 3174 3261 3228 διὰ
3282 3175 3409 3227 τάδε
3435 3174 3682 3246 ὀδυρτὲον
3709 3192 3725 3241 ;
3748 3193 3767 3226 ι
3797 3174 3922 3236 Πῶς

677 3262 845 3316 sanda
917 3278 1025 3317 non
1082 3278 1229 3329 sunt,
1292 3269 1372 3321 vel
1429 3271 1623 3324 horum
1668 3287 1837 3328 causa
1890 3290 1999 3329 non
2058 3276 2247 3347 lugen-

679 3354 856 3406 dum?
890 3373 907 3405 ι
944 3356 1064 3421 Quo
1096 3369 1255 3426 pacto
1276 3400 1291 3422 ,
1322 3361 1397 3413 ait
1425 3378 1650 3431 magnus
1683 3363 1935 3432 Basilius,
1985 3382 2109 3422 cum
2142 3367 2248 3424 Job

677 3461 811 3512 ero,
863 3449 955 3516 qui
999 3464 1095 3503 nec
1154 3450 1437 3505 minimam
1486 3454 1831 3510 alnietionem
1888 3474 2012 3513 cum
2043 3463 2248 3530 gratia-

678 3555 800 3593 rum
853 3543 1067 3595 actione
1118 3545 1385 3612 suscepi?
1434 3548 1708 3615 quomodo
1753 3564 1878 3603 eum
1916 3568 2250 3624 unoquoque

679 3642 1037 3701 sanctorum,
1102 3636 1195 3705 qui
1237 3654 1333 3706 per
1387 3654 1576 3694 eorum
1636 3642 1861 3712 vestigia
1922 3645 2085 3698 vitam
2139 3662 2248 3700 nou

676 3724 854 3777 duxi?
889 3743 908 3775 ι
958 3724 1163 3791 Videte,
1196 3727 1417 3791 fratres,
1459 3731 1763 3800 cujnsmodi
1796 3735 1906 3787 sint
1961 3745 2195 3790 terrores
2228 3755 2242 3791 :

677 3823 944 3881 quantum
1005 3815 1307 3871 intercedat
1362 3818 1709 3873 discriminis.
1773 3819 1917 3885 Quid
1963 3822 2244 3887 proderit,

679 3905 891 3973 inquit,
932 3906 1169 3970 homini,
1219 3908 1267 3961 si
1330 3910 1629 3961 universum
1686 3912 1941 3963 mundum
1988 3913 2245 3977 lucretur,

676 3999 871 4050 animi:
918 4014 1036 4052 vero
1080 4014 1190 4053 sua:
1232 4000 1602 4054 detrimentum
1644 4005 1883 4070 patiatur
1904 4002 1999 4056 "‘i
2060 4001 2249 4059 Nonne

680 4086 793 4141 inec
842 4088 1055 4143 Domini
1110 4104 1211 4144 vox
1264 4091 1393 4145 est?
1441 4090 1755 4146 Timeamus
1813 4108 1942 4162 ergo
1992 4102 2047 4148 et
2113 4110 2247 4149 con-

682 4177 1059 4231 tremiscamus
1106 4196 1120 4233 :
1176 4193 1239 4232 ac
1293 4177 1361 4234 de
1433 4179 1708 4247 prioribus
1763 4180 1981 4248 quidem
2028 4180 2243 4234 veniam

681 4282 842 4337 porro
873 4268 1264 4335 imploremus;
1296 4269 1349 4321 in
1379 4279 1655 4334 posterum
1687 4279 1865 4323 autem
1891 4279 2038 4323 recto
2060 4284 2248 4339 gressu

680 4362 1045 4425 ambulemus,
1110 4377 1219 4417 non
1275 4364 1593 4418 vacillantes
1631 4365 1739 4419 ullo
1772 4365 1955 4429 modo,
1993 4382 2168 4437 neque
2193 4366 2248 4421 in

677 4457 815 4507 duas
848 4463 1045 4523 partes,
1080 4453 1225 4524 quod
1283 4457 1546 4522 scriptum
1604 4466 1688 4511 est
1710 4496 1724 4520 ,
1758 4458 2125 4514 claudicantes
2155 4458 2200 4491 ”
2230 4475 2246 4525 ;

2351 3274 2567 3343 ἔσομαι,
2597 3271 2761 3341 φησὶν
2783 3271 2811 3322 ὁ
2839 3271 3011 3339 μέγας
3044 3267 3340 3332 Βασίλειος,
3399 3266 3536 3336 μετά
3581 3264 3700 3319 Ἰὼϐ
3725 3266 3753 3317 δ
3785 3265 3921 3334 μηδὲ

2349 3365 2445 3436 τὴν
2477 3362 2741 3433 τυχοῦσαν
2790 3361 2972 3431 θλίψιν
3039 3361 3155 3429 μετ’
3201 3359 3546 3431 εὐχαριστίας
3587 3357 3919 3425 δεξάμενοςς

2349 3455 2466 3518 πῶς
2488 3456 2544 3509 δὲ
2571 3453 2689 3524 μεθ’
2723 3453 2953 3507 ἑκάστου
2995 3451 3104 3505 τῶν
3152 3451 3345 3519 ἀγίων,
3387 3454 3415 3503 ὁ
3446 3452 3523 3519 μὴ
3573 3450 3685 3510 τοῖς
3716 3448 3921 3516 ἴχνεσιν

2349 3548 2527 3602 αὐτῶν
2566 3546 3137 3617 ὲμπολιτευσάμενος;
3194 3561 3213 3595 ι
3262 3542 3482 3613 Ὁρᾶτε,
3521 3539 3763 3606 ἀδελφοὶ,
3816 3533 3919 3591 οἷοι

2348 3643 2399 3697 οί
2425 3641 2765 3714 φοϐερισμοὶ,
2795 3634 2885 3693 οἷα
2912 3639 2979 3691 τά
3019 3637 3383 3707 διαστήματα.
3433 3636 3513 3695 Τί,
3546 3636 3740 3704 φησὶν,
3772 3633 3917 3703 ὠφε-

2346 3727 2528 3795 λήσει
2564 3727 2894 3797 ἄνθρωπον,
2928 3725 3039 3779 ἐὰν
3059 3725 3208 3777 ὅλον
3226 3725 3333 3777 τὸν
3366 3725 3600 3792 κόσμον
3625 3722 3915 3790 κερδήσῃ,

2346 3817 2463 3885 τὴν
2498 3816 2568 3870 δὲ
2610 3815 2825 3885 ψυχὴν
2862 3814 3047 3870 αὑτοῦ
3090 3810 3387 3881 ζημιωθῇ;
3414 3813 3549 3881 Οὐχὶ
3590 3811 3682 3864 τοῦ
3713 3814 3916 3880 Κυρίου

2350 3912 2501 3981 φωνὴ
2545 3907 2956 3979 αὖτηςούκοῦν
3005 3906 3336 3977 φοϐηθῶμεν
3375 3905 3471 3959 καὶ
3518 3906 3913 3976 τρομάξωμεν·

2348 4006 2441 4057 καὶ
2458 4003 2585 4073 rupi.
2614 4003 2715 4073 μέν
2734 4019 2785 4055 τι
2813 4000 2921 4055 τῶν
2940 3999 3223 4071 προτέρων
3244 3998 3525 4070 δεηθῶμεν
3548 3992 3626 4053 ἔτι
3649 3998 3748 4069 τὴν
3778 4013 3914 4065 συγο

2349 4095 2589 4167 χώρησιν
2607 4113 2620 4125 ο
2652 4095 2789 4164 πρός
2809 4110 2871 4147 τε
2887 4092 2957 4147 τά
2977 4092 3103 4163 ἑξῆς
3129 4092 3460 4163 βαδιούμεθα
3476 4091 3914 4164 δρθοποδοῦντες,

2354 4187 2474 4258 μηδ’
2501 4187 2636 4251 ὅλως
2678 4184 3048 4256 σκελιξόμενοι
3071 4200 3087 4215 ⁸
3120 4184 3243 4256 μηδ’
3273 4184 3360 4237 ἐπ’
3403 4185 3741 4255 ἀμφοτέραις
3801 4184 3918 4244 ταῖς

2353 4279 2561 4348 ίγνύαις
2593 4278 2984 4349 χωλανοῦντες,
3043 4278 3182 4333 κατὰ
3237 4278 3298 4331 τὸ
3346 4278 3766 4347 γεγραμμένονο
3800 4274 3914 4328 ἀλλ’

2352 4369 2783 4441 εὐθυποροῦντες
2809 4372 2867 4423 ὲν
2887 4372 3010 4431 ταῖς
3043 4368 3281 4431 ἐντολαῖς
3301 4368 3395 4421 τοῦ
3424 4368 3559 4420 Θεοῦ
3579 4382 3593 4397 ’
3622 4368 3720 4435 τὴν
3737 4368 3915 4419 πίστιν

2352 4462 2649 4533 ἀκραιφνῆ,
2680 4462 2778 4531 τὴν
2821 4460 3098 4515 πολιτείαν
3143 4459 3433 4530 ἀκίϐδηλον
3472 4458 3865 4528 συντηροῦντες
3892 4473 3908 4488 ο

679 4545 774 4600 sed
814 4550 867 4599 in
903 4544 994 4599 Dei
1054 4547 1323 4602 mandatis
1378 4557 1521 4602 recta
1548 4548 1878 4613 incedentes,
1928 4549 2088 4604 tidem
2126 4551 2242 4605 sin-

2354 4556 2440 4607 ἰνα
2474 4552 2988 4622 κληρονομήσωμεν,
3026 4552 3127 4603 οὐκ
3169 4552 3393 4620 ἀγροὺς,
3427 4550 3521 4603 καὶ
3560 4548 3910 4618 ἀμπελῶνας,

678 4655 881 4701 ceram,
928 4640 1203 4708 vitamque
1238 4640 1347 4693 doli
1398 4648 1669 4707 expertem
1723 4650 2148 4705 conservantes;
2188 4651 2247 4695 ut

680 4733 1050 4787 hereditatem
1104 4732 1489 4798 adipiscamur,
1539 4746 1645 4784 non
1680 4744 1933 4799 agrorum
1982 4740 2035 4784 et
2062 4732 2245 4785 vinea-

682 4826 1164 4889 rum,etlicorum,
1193 4834 1247 4878 et
1293 4839 1627 4894 quacunque
1664 4832 1793 4876 sunt
1862 4823 2025 4876 morti
2066 4822 2243 4876 obno-

682 4919 784 4974 xia:
812 4928 865 4973 et
894 4917 1261 4987 corruptibilis
1295 4918 1419 4971 vita:
1450 4933 1465 4983 ;
1501 4916 1594 4971 sed
1647 4916 1913 4969 bonorum
1948 4930 2069 4984 qua:
2105 4930 2235 4983 pro-

683 5012 849 5065 missa
883 5020 1030 5076 sunt,
1062 5010 1185 5064 vita;
1206 5019 1441 5072 sternar,
1472 5009 1733 5079 regnique
1758 5008 2047 5061 caelorum.
2081 5006 2240 5073 Quod

681 5102 826 5156 enim
862 5101 1157 5157 contrariis
1180 5100 1492 5155 actionibus
1522 5097 1847 5167 rependatur
1874 5110 2085 5152 merces
2116 5098 2249 5167 ipsis

680 5194 979 5260 contraria,
1004 5193 1145 5249 absit
1174 5202 1235 5247 ut
1265 5192 1567 5262 cogitemus
1587 5201 1678 5243 aut
1702 5190 1967 5245 dicamus.
2002 5188 2113 5243 Pax
2146 5205 2245 5243 vo-

684 5288 786 5351 bis,
825 5287 1019 5342 fratres
1052 5287 1105 5341 in
1157 5286 1409 5339 Domino.
1468 5283 1683 5338 Pacifici
1737 5291 1912 5337 estote
1971 5284 2243 5355 invicem;

682 5390 834 5435 orate
865 5396 964 5451 pro
1000 5380 1159 5436 nobis
1180 5378 1447 5435 fratribus
1474 5395 1490 5446 ;
1522 5376 1913 5434 consolamini.

2353 4643 2449 4696 καὶ
2477 4643 2669 4704 συκᾶς,
2705 4641 2799 4693 καὶ
2826 4639 2926 4692 ὅσα
2955 4640 3055 4709 τῆς
3096 4639 3364 4708 ἔπικήρου
3412 4639 3505 4690 καὶ
3550 4639 3914 4707 φθειρομένης

2354 4732 2497 4803 ζωῆς
2516 4749 2530 4763 ο
2561 4732 2699 4785 ἀλλὰ
2730 4731 2799 4783 τά
2832 4733 2890 4783 εν
2921 4731 3276 4798 ἐπαγγελίαις
3304 4729 3503 4797 ἀγαθὰ,
3522 4729 3622 4800 τὴν
3645 4729 3789 4799 ζωὴν
3818 4731 3913 4799 τὴν

2352 4827 2587 4889 αίώνιον,
2618 4827 2718 4896 τὴν
2760 4823 3038 4894 βασιλείαν
3072 4822 3179 4875 τῶν
3216 4822 3485 4892 οὐρανῶν.
3520 4822 3596 4874 Τὸ
3625 4822 3733 4892 γὰρ
3763 4824 3914 4875 ἑνανη

2346 4923 2457 4973 τίον
2482 4922 2546 4971 ὲκ
2569 4918 2677 4971 τῶν
2709 4917 2964 4971 ἐναντίων
2997 4915 3250 4987 πράξεων
3280 4914 3601 4983 ἀπάντημα,
3628 4912 3792 4983 ἀπείη
3816 4912 3908 4965 καὶ

2346 5014 2543 5066 ὲννοείν
2577 5013 2672 5064 καὶ
2709 5010 2907 5079 λέγεινι
2940 5010 3139 5080 Εἰρήνη
3168 5009 3319 5078 ὑμῖν,
3350 5007 3571 5075 ἀδελφοὶ
3600 5008 3658 5059 ὲν
3693 5004 3900 5077 Κυρίῳ.

2348 5102 2667 5174 Είρηνεύετε
2712 5104 2770 5155 iv
2817 5098 3352 5172 ἀλλήλοις-εΰχεσθε
3400 5099 3541 5173 ὑπὲρ
3590 5097 3753 5169 ἡμῶν
3798 5094 3907 5149 τῶν

2344 5194 2588 5263 ἀδελφῶν
2606 5209 2622 5225 ο
2649 5192 3059 5266 παρακλήθητε.

756 5562 798 5593 ³⁷
821 5560 1012 5618 Matth.
1045 5578 1191 5629 xxiv,
1222 5562 1303 5618 li.
1382 5562 1426 5596 ⁵⁸
1454 5560 1643 5620 Matth.
1677 5579 1788 5629 va,
1810 5563 1901 5621 26.
1977 5565 2021 5598 "
2050 5563 2216 5622 Hebr.
2241 5579 2340 5629 ιιι,
2381 5564 2463 5619 l3.

2263 5764 2331 5782 β
