4184 6516
295 422 427 489 ὶ633

356 542 431 596 ΣΓ
467 541 545 613 (5)
584 568 655 584 -—-
696 540 920 610 Ἰωσὴφ
969 548 1233 613 καθηγου

856 547 920 610 ιφ
969 547 1394 687 καθηγουῖιένῳ
1436 547 1556 601 τῶν
1602 553 1782 618 Κερα-

856 613 1037 682 μέων.
1076 615 1231 687 [ωκη¹

1023 656 1037 669 .
1076 656 1213 687 μην,

1470 432 2003 496 EPISTOLARUM
2058 436 2203 496 LIB.
2254 436 2337 498 II.

3386 439 3529 505 1634

2094 552 2254 609 CCX.
2280 583 2351 595 -—
2383 551 2612 624 Joupho
2654 552 2937 623 preposito
2959 548 3346 608 Cerameorum.

773 726 932 779 Debet
956 724 1147 777 obitum
1168 728 1517 794 metropolitae.
1535 731 1726 780 Deinde
1744 729 1876 781 hunc
1901 730 2169 793 Josephum
2193 730 2252 779 ad
2274 733 2697 793 perseverantiam
2716 730 3007 781 cohortatur

353 814 463 866 Kal
494 812 601 884 πρὸ
624 813 724 884 τῆς
762 814 1027 878 ἐλεύσεως
1069 815 1162 869 τοῦ
1198 816 1364 871 καλοῦ
1408 818 1637 888 Σεργίου
1682 820 1851 888 ἠκου-

273 903 440 971 τξσθη
498 905 630 974 ἡμῖν
687 904 749 957 τὸ
798 905 928 976 περὶ
984 906 1077 960 τὸν
1121 908 1392 979 μακάριον
1429 910 1850 980 Μητροπολίτην

275 995 479 1057 πένθος
512 994 687 1064 ὑμῶν.
720 989 765 1049 ὧ
797 996 1014 1065 ἀδελφοὶ
1053 998 1373 1067 τιμιώτατοι
1395 1016 1410 1031 ο
1435 1001 1527 1053 καὶ
1548 1002 1672 1055 ὅσον
1697 1002 1850 1053 ἑστε-

274 1088 546 1155 νάξαμεν,
582 1087 877 1157 προσθείην
926 1088 971 1141 δ’
998 1088 1087 1153 ἂν,
1132 1091 1228 1143 καὶ
1269 1090 1669 1163 ὲδακρύσαμεν,
1712 1088 1851 1146 οἶδεν

271 1182 303 1232 ὁ
338 1181 445 1233 τῶν
482 1182 740 1249 κρυπτῶν
789 1181 945 1252 |Cod.
980 1186 1112 1253 Reg.
1136 1183 1431 1257 γνὼστης.]
1478 1185 1697 1255 Ἐπειδὴ
1733 1202 1847 1239 κοι-

272 1275 369 1338 νὸς
397 1277 425 1328 ὁ
456 1276 641 1345 Πατὴρ
675 1276 767 1329 καὶ
803 1275 957 1345 ὑμῶν
982 1278 1077 1330 καὶ
1116 1277 1292 1347 ἡμῶν,
1326 1278 1476 1347 φίλος
1522 1294 1581 1331 τε
1613 1279 1802 1343 πιστός
1828 1295 1843 1309 ·

274 1366 343 1418 τὸ
378 1367 527 1434 παρά
558 1368 696 1419 πᾶσι
724 1365 1053 1437 ζητούμενον
1080 1370 1174 1421 καὶ
1200 1368 1421 1421 σπάνιον
1438 1369 1842 1440 εὑρισκόμενον.

276 1451 353 1508 Ὦ
375 1456 491 1518 πῶς
510 1456 780 1509 κατέπεσε
815 1456 1003 1521 στύλος
1020 1458 1117 1527 τῆς
1134 1456 1460 1525 Ἐκκλησίας
1474 1459 1808 1529 ἀκράδαντος
1831 1479 1846 1527 ;

277 1546 397 1610 πῶς
424 1546 480 1599 δὲ
520 1545 831 1617 ἀπεσϐέσθη
875 1548 992 1614 φῶς
1031 1546 1137 1600 τῶν
1176 1549 1235 1600 ὲν
1269 1547 1473 1615 σκότει,
1506 1551 1601 1603 καὶ
1626 1551 1687 1603 τὸ
1716 1552 1849 1621 ὑμέ-

274 1657 441 1710 τερον
476 1640 767 1693 ίδιαίτατον
814 1639 1115 1711 αῦγασμα;
1148 1641 1405 1712 σεσίγηκε
1436 1643 1658 1710 γλῶσσα
1699 1644 1849 1714 ἡδυε-

275 1732 411 1804 πὴς,
441 1730 611 1803 ᾤχετο
662 1732 787 1797 νοῦς
824 1733 1288 1804 ὲμφρονέστατοςο
1340 1734 1664 1805 ὑπεσπάσθη
1708 1736 1848 1807 ἔρει-

277 1840 397 1892 σμα
426 1824 680 1889 πίστεως,
734 1825 1017 1896 πρόμαχος
1060 1825 1427 1895 Ἐκκλησιῶν,
1459 1820 1725 1900 μειλίχιός
1756 1830 1844 1883 λόε-

274 1931 400 1982 γος,
458 1916 737 1986 πειθήνιος
784 1919 973 1987 φωνή·
1018 1919 1121 1971 πᾶν
1164 1919 1288 1974 ὅσον
1334 1921 1499 1975 καλὸν
1544 1924 1635 1976 καὶ
1660 1923 1846 1995 ᾅδεται

276 2003 410 2073 περὶ
432 2002 524 2057 τοῦ
558 2004 751 2073 ἀνδρὸς
780 2006 875 2059 καὶ
906 2006 1253 2077 γνωρίζεται.
1275 2009 1387 2063 Καὶ
1419 2010 1745 2083 γεγόναμεν,
1783 2012 1843 2066 οὐ

274 2092 423 2161 λέγω
448 2093 508 2146 τὸ
538 2094 690 2165 ὑμῶν
716 2096 896 2166 μόνον,
923 2096 1058 2151 ἀλλὰ
1084 2099 1179 2152 καὶ
1208 2100 1348 2153 κατὰ
1386 2100 1445 2154 τὸ
1492 2103 1599 2157 τῶν
1633 2102 1845 2174 696056-

275 2183 385 2249 ξων
411 2186 706 2258 πλήρωμα,
736 2188 961 2258 ὀρφανοὶ
986 2190 1078 2242 ἐπὶ
1108 2191 1509 2261 προλαϐοῦσαις
1535 2196 1842 2263 ὀρφανίαις.

278 2277 594 2348 Προῦλαὸεν
628 2280 713 2333 ὁδε
754 2282 782 2333 ὁ
848 2280 1119 2351 μακάριος
1176 2284 1405 2355 Πατήρ’
1473 2287 1847 2359 ἐπηκολούθη-

277 2387 372 2423 σεν
398 2372 583 2443 ἔτερος
606 2388 620 2403 ·
657 2372 976 2443 συναπέπτη
1002 2374 1187 2439 ἄλλος’
1216 2376 1402 2447 σχεδὸν
1424 2378 1624 2443 πάντες
1653 2381 1702 2434 οἱ
1735 2398 1847 2450 φω-

276 2466 475 2535 στῆρες
506 2465 617 2517 τῶν
654 2464 863 2519 πιστῶν
917 2465 1131 2534 ἔδυσαν,
1183 2471 1379 2541 κομιδῇ
1427 2470 1624 2539 ὀλίγων
1648 2474 1847 2527 ἐναπο-

274 2554 626 2623 λειφθέντων.
661 2556 773 2610 Καὶ
809 2558 1097 2626 στυγνάζει
1150 2560 1251 2629 μὲν
1304 2563 1333 2614 ὁ
1392 2563 1640 2633 οὐρανὸς,
1696 2567 1847 2635 νέφει

275 2646 699 2718 περιεχόμενοςο
728 2648 1019 2717 στυγνάζει
1052 2649 1108 2703 δὲ
1150 2650 1232 2703 ὃτι
1264 2649 1499 2717 μάλιστα
1546 2657 1579 2725 ή
1616 2656 1847 2727 Ἐκκλη-

2032 816 2097 870 Ει
2126 828 2252 872 ante
2299 818 2589 874 adventum
2645 818 2771 873 boni
2816 816 3011 887 Sergii,
3042 817 3109 873 de
3163 817 3312 873 luctu
3342 831 3525 876 vestro

1954 911 2098 966 circa
2134 912 2353 967 beatum
2402 912 2804 979 metropolitam
2856 910 3267 976 audiveramus,
3328 912 3526 970 fratres

1954 999 2401 1055 honoratissimi:
2460 1009 2723 1069 quantum
2797 999 3243 1070 ingemuerimus,
3326 1001 3522 1056 addam

1952 1100 2155 1155 autem,
2204 1091 2483 1161 lacrymati
2520 1090 2713 1154 simus,
2775 1090 2925 1145 novit
2950 1092 3294 1145 occultorum
3323 1091 3524 1161 Cogni-

1954 1190 2059 1235 tor.
2093 1180 2413 1235 Communis
2442 1180 2637 1249 quippe
2686 1188 2836 1246 pater
2869 1189 2988 1234 erat
3043 1189 3097 1235 et
3124 1190 3303 1235 vester
3335 1191 3391 1235 et
3422 1199 3522 1235 no-

1952 1280 2084 1337 ster,
2148 1272 2392 1341 fidusque
2442 1272 2671 1335 amicus,
2741 1271 2920 1338 qualis
2976 1270 3044 1325 ab
3095 1272 3353 1326 omnibus
3380 1287 3527 1341 quaa-

1952 1363 2109 1426 ritur,
2144 1372 2197 1416 et
2219 1378 2342 1418 raro
2372 1362 2665 1416 invenitur.
2699 1360 2744 1416 0
2774 1363 3046 1432 quomodo
3091 1364 3285 1417 cecidit
3308 1365 3523 1419 colum-

1951 1470 2022 1509 na
2049 1454 2305 1510 Ecclesiae
2353 1454 2680 1509 inconcussa
2706 1454 2729 1507 ?
2764 1454 3034 1524 quomodo
3060 1456 3387 1511 exstinctum
3440 1465 3525 1511 est

1951 1548 2134 1602 lumen
2200 1549 2253 1602 in
2310 1550 2551 1604 tenebris
2614 1550 3098 1614 commcrantium,
3150 1559 3205 1603 et
3261 1549 3521 1619 Splendor

1952 1648 2129 1694 vester
2178 1640 2521 1710 peculiaris?
2580 1640 2866 1695 obmutuit
2922 1642 3104 1710 lingua
3171 1642 3521 1710 suaviloqua,

1953 1732 2086 1786 abiit
2121 1748 2275 1788 mens
2304 1733 2749 1802 prudentissima,
2784 1734 3106 1788 convulsum
3146 1742 3230 1787 est
3271 1734 3521 1787 columen

1956 1824 2099 1889 fidei,
2140 1837 2511 1895 propugnator
2549 1823 2824 1887 Ecclesia,
2862 1824 3153 1879 mellifluus
3194 1841 3393 1885 sermo,
3420 1840 3522 1877 vox

1951 1918 2285 1987 persuadens
2315 1936 2329 1973 :
2366 1918 2629 1987 quidquid
2661 1918 2897 1987 denique
2925 1918 3051 1971 boni
3091 1918 3156 1972 de
3183 1917 3299 1969 viro
3332 1915 3524 1985 praedi-

1952 2018 2108 2069 catur
2129 2018 2182 2063 et
2213 2010 2547 2079 agnoscitur.
2582 2008 2646 2063 Et
2684 2009 2810 2064 facti
2860 2024 3076 2071 sumus,
3122 2023 3229 2062 non
3255 2009 3375 2062 dico
3426 2023 3525 2063 vos

1952 2112 2183 2164 tantum,
2228 2103 2321 2156 sed
2351 2117 2540 2158 omnes
2571 2103 2774 2172 ubique
2807 2102 3119 2166 orthodoxi,
3166 2103 3394 2170 orpbani
3428 2117 3523 2155 su-

1953 2210 2049 2265 pra
2075 2194 2437 2262 praecedentes
2460 2192 2740 2246 orbitates.
2765 2190 3071 2247 Antecessit
3090 2192 3279 2246 beatus
3298 2192 3384 2247 hic
3418 2191 3522 2245 Pa-

1949 2295 2049 2350 ter,
2078 2285 2406 2339 subsecutus
2437 2294 2521 2339 est
2549 2285 2703 2349 alter,
2740 2284 2906 2338 simul
2932 2283 3167 2338 avolavit
3208 2283 3368 2346 alius,
3397 2298 3520 2338 0m—

1947 2376 2038 2430 nia
2067 2388 2231 2444 pr0pe
2270 2374 2507 2428 fidelium
2550 2374 2756 2428 lumina
2809 2375 3151 2434 occiderunt.
3203 2373 3391 2442 paucis
3424 2373 3522 2426 ad-

1947 2464 2167 2519 modum
2199 2464 2424 2519 relictis.
2449 2462 2513 2517 ΕΙ.
2538 2464 2788 2518 trislatur
2814 2464 3035 2533 quidem
3058 2464 3255 2518 malum
3286 2464 3521 2519 nubibus

1947 2557 2378 2623 circumfusum;
2420 2559 2667 2611 tristatur
2691 2568 2871 2610 autem
2920 2558 2972 2610 in
3030 2556 3220 2625 primis
3253 2572 3396 2611 nunc
3420 2556 3520 2609 Ec-

1946 2647 2131 2711 clesia,
2163 2648 2333 2702 stellis
2362 2646 2477 2701 suis
2520 2646 2623 2701 sibi
2675 2646 2954 2701 detractis.
2992 2644 3384 2701 Verumtamen
3422 2646 3516 2700 Sol

277 2739 370 2791 σέα
399 2738 514 2803 νῦν,
540 2740 667 2802 τοὺς
703 2739 939 2812 ἀστέρας
994 2741 1166 2811 αὐτῆς
1218 2741 1651 2821 ἀποϐεϐληκυῖα.
1699 2748 1845 2818 Πλὴν

1949 2738 2169 2807 iustitia:
2201 2737 2501 2806 assumpsit
2531 2736 2721 2792 Patres
2756 2737 2916 2791 beato
2941 2737 3089 2791 exitu
3122 2737 3229 2790 vita
3262 2735 3516 2789 functos:

273 2833 428 2901 ὅμως
459 2833 487 2885 ὁ
517 2830 617 2900 τῆς
640 2830 987 2905 δικαιοσύνης
1016 2834 1168 2906 ἥλιος
1193 2834 1383 2905 εἴληφε
1427 2839 1554 2901 τοὺς
1599 2841 1846 2910 Πατέρας

274 2922 438 2996 [(Σοά.
473 2922 606 2991 Reg.
634 2924 918 2998 ἀστέρας.]
949 2925 1204 2997 μακαρίῳ
1228 2927 1373 2981 τέλει
1389 2930 1806 2995 ἀποσιώσαντας
1826 2950 1842 2964 ·

275 3018 374 3069 καὶ
413 3017 573 3078 αὐτὸς
611 3018 876 3089 ὑπέσχετο
905 3020 1017 3085 ἕως
1060 3019 1171 3088 τῆς
1196 3024 1557 3089 συντελείας
1603 3024 1711 3078 τοῦ
1758 3025 1847 3077 αι-

276 3106 432 3174 ῶνος
478 3108 696 3163 ἔσεσθαι
745 3110 862 3179 μεθ’
898 3110 1075 3179 ἡμῶν.
1108 3112 1271 3165 Ὥστε
1318 3116 1366 3168 εί
1408 3115 1751 3185 καὶλυπηρὰ
1776 3118 1846 3172 τὰ

276 3204 523 3275 παρόντα
546 3222 560 3235 ⁸
582 3205 715 3260 ἀλλὰ
737 3206 897 3260 πάλιν
920 3208 1195 3279 περιχαρῆ
1216 3208 1305 3262 διὰ
1344 3208 1443 3281 τὴν
1500 3210 1714 3278 ἐλπίδα,
1764 3213 1845 3266 ὅτι

277 3296 474 3365 ἔχομεν
521 3299 598 3359 είς
649 3297 783 3350 Θεὸν
805 3298 933 3361 τοὺς
960 3298 1210 3370 Πατέρας
1230 3300 1385 3371 ἡμῶν
1408 3302 1842 3373 ὑπερασπιστὰς,

276 3388 482 3443 ἄνωθεν
516 3389 915 3453 ὲποπτεύοντας
940 3392 1085 3463 ἡμᾶς
1127 3392 1301 3459 ἵλεως,
1350 3395 1446 3447 καὶ
1495 3395 1847 3465 κάμπτοντας

1946 2837 1999 2882 et
2028 2829 2141 2896 ipse
2192 2826 2477 2880 nobiscum
2519 2840 2681 2895 usque
2730 2825 2799 2877 ad
2853 2825 3351 2877 consummationem
3414 2839 3519 2876 sa:-

1946 2920 2050 2974 culi
2076 2919 2120 2953 ⁹⁰
2157 2917 2402 2974 futurum
2430 2933 2488 2973 se
2514 2916 2783 2987 promisit.
2807 2914 2989 2981 Quare
3019 2916 3144 2971 licet
3188 2914 3365 2969 tristia
3408 2914 3519 2969 sint

1946 3014 2251 3084 prmsentia,
2303 3012 2425 3067 laeta
2470 3020 2597 3064 sunt
2636 3024 2829 3063 rursus
2882 3016 3102 3078 propter
3140 3022 3314 3077 spem,
3368 3006 3515 3076 quod

1945 3104 2134 3160 Patres
2162 3114 2380 3160 nostros
2408 3102 2549 3171 apud
2592 3100 2760 3156 Deum
2807 3110 3143 3170 protectores
3196 3100 3513 3160 habeamus,

1945 3198 2012 3251 ab
2038 3198 2146 3251 allo
2169 3211 2268 3251 nos
2292 3196 2519 3264 benigne
2547 3192 2922 3263 respicientes,
2955 3192 3185 3262 ejusque
3213 3192 3511 3246 bonitatem

1946 3288 2012 3343 ad
2052 3288 2225 3343 nostri
2256 3284 2787 3341 commiserationem
2822 3282 3181 3338 inflectentes.
3217 3280 3293 3335 De
3315 3292 3513 3336 caetero

1946 3382 2011 3437 ad
2052 3396 2149 3435 vos
2170 3378 2532 3435 convertenda
2584 3388 2668 3433 est
2704 3379 2901 3433 oratio.
2962 3375 3391 3445 Haudquaquam
3422 3374 3490 3427 de

276 3482 359 3544 εἰς
382 3480 472 3533 τὸν
502 3480 632 3551 περὶ
683 3482 831 3552 ἡμᾶς
887 3477 1087 3548 οἶκτον,
1140 3484 1237 3554 τὴν
1292 3484 1457 3539 αὐτοῦ
1509 3462 1842 3559 ἀγαθότητα.

1949 3474 2173 3527 stitutus
2201 3486 2328 3541 grex
2358 3469 2517 3535 estis,
2562 3468 2778 3524 fratres.
2811 3468 3071 3537 Egregius
3088 3466 3231 3521 enim
3266 3464 3370 3529 vir,
3401 3462 3515 3534 prio

275 3573 478 3627 Λοιπὸν
516 3573 599 3643 ἐφ’
630 3574 757 3645 ὑμῖν
794 3575 1185 3647 ἐπιστρεπτέος
1219 3578 1246 3630 ὁ
1275 3575 1451 3645 λόγος.
1475 3579 1549 3631 Οὐ
1591 3578 1843 3649 ποίμνιόν

276 3664 403 3716 ἐστε
433 3666 800 3735 ἠπορημένον,
824 3661 868 3717 ὦ
897 3666 1136 3734 ἀδελφοί.
1186 3666 1245 3720 '0
1272 3668 1381 3740 γὰρ
1404 3669 1565 3733 καλὸς
1588 3671 1843 3741 ἀρχιποί-

279 3772 390 3824 μην
421 3755 594 3823 ὑμῶν,
629 3758 658 3808 ὁ
700 3756 794 3809 τοῦ
831 3758 1102 3827 μακαρίου
1154 3759 1362 3831 Πέτρου
1419 3762 1513 3815 τοῦ
1542 3764 1841 3816 ἀποστόλου

276 3847 593 3918 ὁμώνυμος,
625 3846 724 3918 ἤδη
776 3848 871 3902 καὶ
903 3849 1148 3902 ὲτύπωσε
1181 3851 1282 3914 καὶ,
1324 3854 1719 3923 ὲστοιχείωσεν,
1762 3854 1843 3909 ἔτι

275 3954 336 3991 τε
364 3936 471 4001 ζῶν
499 3936 799 4006 ἡγούμενον
843 3938 970 4007 ὑμῖν
1018 3942 1424 4011 προεστήσατο·
1482 3943 1575 3995 καὶ
1613 3945 1721 3997 πᾶν
1760 3944 1842 3997 ὅτι

277 4025 374 4083 οὗν
404 4028 749 4098 ὀφειλόμενον
795 4028 1077 4096 διετάξατο
1102 4047 1116 4061 ο
1150 4033 1244 4085 καὶ
1284 4033 1404 4086 ὅλον
1451 4034 1718 4099 ἐνιαυτὸν,
1766 4034 1843 4099 ὡς

275 4121 379 4192 ἠδη
440 4114 688 4192 ἀπαίρων
740 4120 861 4176 καθ’
891 4123 1125 4195 ἑκάστην
1179 4125 1411 4196 ἡμέραν,
1452 4126 1579 4189 τοὺς
1608 4144 1840 4182 συντακ-

274 4212 498 4282 τηρίους
520 4214 712 4283 λόγους
739 4215 1050 4283 ἑπιφωνῶν,
1073 4219 1211 4286 κατή
1222 4234 1400 4286 ρτισεν
1430 4218 1525 4272 ἕνα
1574 4218 1804 4274 ἕκαστον
1823 4236 1839 4254 ·

276 4305 375 4356 καὶ
403 4304 567 4373 εὐχῆς
613 4304 711 4373 μὲν
745 4304 927 4375 ἔργον,
965 4308 1041 4377 μὴ
1096 4308 1237 4361 κατὰ
1282 4308 1381 4379 τὴν
1413 4308 1696 4363 δυσκολίαν
1746 4311 1841 4364 τοῦ

276 4395 493 4465 χρόνου,
525 4395 697 4459 ἄλλως
717 4399 1019 4467 ἀπαντήσει
1047 4399 1114 4453 τά
1143 4400 1461 4470 πράγματα,
1486 4402 1599 4455 ἀλλ’
1629 4402 1703 4465 ὡς
1734 4403 1843 4456 διε-

273 4486 494 4551 τάξατο,
534 4488 805 4557 διαμεῖναι
836 4492 930 4543 καὶ
956 4491 1098 4561 ὑμᾶς
1133 4493 1227 4545 καὶ
1264 4494 1424 4547 αὑτά.
1457 4494 1531 4547 Οὐ
1569 4495 1675 4565 μὴν
1703 4497 1752 4548 εί
1774 4496 1842 4549 δι’

276 4580 526 4643 ἐναντίας
572 4581 736 4645 ἑλθοι,
792 4582 984 4635 τούτου
1034 4585 1192 4654 χάριν
1242 4585 1504 4655 προέσθαι
1552 4588 1695 4658 ὑμᾶς
1742 4589 1843 4659 τὴν

276 4670 573 4742 ἀλήθειαν·
606 4672 742 4727 ἀλλὰ
780 4672 963 4739 καθὼς
1014 4676 1263 4739 κάκεῖνος
1312 4676 1591 4743 διετάξατο
1640 4681 1843 4750 ἐγγρά-

278 4780 416 4831 φως,
440 4763 615 4817 πάντα
647 4764 892 4819 σκύϐαλα
926 4767 1230 4838 ἡγήσασθαι
1252 4767 1339 4821 διὰ
1365 4770 1618 4839 Χριστὸν,
1640 4773 1735 4825 καὶ
1765 4772 1839 4843 μὴ

278 4853 567 4925 προδοῦναι
624 4857 752 4921 τοὺς
804 4858 937 4930 περὶ
1000 4859 1234 4924 πίστεως
1298 4860 1391 4913 καὶ
1449 4862 1708 4933 ἀληθείας
1754 4865 1843 4920 λό-
1876 4857 1921 4914 ι)

279 4962 431 5014 γους.

350 5036 535 5091 Ταῦτα
575 5037 674 5109 μὶν
704 5040 869 5093 πᾶσιν
897 5041 1027 5111 ὑμῖν
1055 5042 1291 5109 λεκτέον,
1324 5048 1749 5117 προηγουμένως
1781 5048 1838 5102 δὲ

280 5128 366 5180 σοὶ
400 5129 478 5199 τῷ
520 5131 695 5201 κυρίῳ
740 5131 1111 5204 καθηγεμόνιο
1170 5135 1359 5206 ἐπειδὴ
1408 5134 1518 5190 οἷον
1563 5139 1623 5191 τὸ
1654 5140 1840 5209 ἄρχον,

276 5219 375 5272 καὶ
417 5221 479 5273 τὸ
522 5223 824 5291 ἀρχόμενον
866 5224 1075 5292 πέφυκε
1111 5225 1376 5293 γίνεσθαι.
1431 5230 1541 5281 Καί
1576 5247 1638 5297 γε
1692 5232 1838 5298 ἅπαξ

278 5308 604 5379 ἑαλώκαμεν
646 5313 738 5363 ἐπὶ
776 5315 842 5382 τῇ
882 5314 1127 5384 αίρετικῇ
1182 5316 1459 5388 κοινωνίᾳ,
1511 5318 1681 5387 φειδοῖ
1732 5321 1841 5373 τῶν

278 5400 606 5471 ὁρωμένων*
646 5404 719 5475 μὴ
777 5405 957 5471 πάλιν,
1007 5406 1239 5476 δεόμεθα
1284 5410 1378 5464 καὶ
1421 5410 1839 5484 ὑπομιμνήσκο-

347 5513 395 5545 ’°
421 5513 604 5570 Matth.
634 5534 822 5582 xxvm,
852 5520 937 5576 90.

1949 3580 2072 3619 mus
2112 3573 2297 3633 pastor
2324 3571 2523 3623 vester,
2581 3560 2721 3614 beati
2760 3560 2904 3615 Petri
2954 3558 3186 3628 apostoli
3234 3554 3516 3625 cognomi-

1950 3658 2056 3723 nis,
2084 3657 2194 3727 jam
2229 3672 2324 3710 vos
2356 3654 2590 3710 erudivit
2622 3665 2679 3709 et
2722 3654 3056 3715 informavit,
3103 3661 3157 3706 et
3188 3664 3311 3705 cum
3336 3648 3516 3702 adhuc

1948 3751 2170 3813 viveret,
2204 3749 2551 3819 praepositum
2584 3747 2736 3801 vobis
2772 3744 3051 3815 praefecit;
3096 3753 3151 3799 et
3196 3757 3319 3812 qua:
3355 3741 3516 3796 debe-

1949 3841 2062 3905 bat,
2086 3842 2266 3894 omnia
2298 3839 2584 3893 constituit
2610 3855 2623 3902 ;
2659 3846 2880 3906 totoque
2910 3850 3080 3899 anno,
3140 3834 3287 3888 velut
3318 3830 3512 3885 diebus

1948 3932 2177 4003 singulis
2247 3934 2507 3999 migrans,
2562 3931 2910 3996 comparatis
2937 3927 3002 3980 ad
3042 3926 3347 3980 discessum
3398 3936 3513 3975 ver-

1949 4025 2033 4080 bis
2054 4038 2149 4078 vos
2172 4022 2472 4092 alloquens,
2501 4018 2735 4090 perfeCIe
2761 4018 3017 4073 instruxit
3035 4028 3508 4084 unumquemque;

1949 4118 2191 4186 adeoque
2220 4114 2515 4185 optendunt
2551 4120 2653 4175 est,
2681 4118 2741 4166 ut
2770 4126 2877 4165 non
2914 4110 3090 4173 aliter,
3141 4109 3212 4163 ob
3252 4104 3514 4173 temporis

1949 4209 2307 4272 difﬁcultates,
2345 4222 2429 4261 res
2458 4206 2752 4261 succedant
2781 4224 2795 4272 ;
2824 4204 2916 4259 sed
2962 4203 3103 4257 sicut
3144 4201 3261 4269 ipse
3310 4197 3515 4253 consti-

1949 4302 2072 4367 tuit,
2107 4300 2176 4354 ita
2199 4299 2559 4370 permaneatis
2584 4306 2639 4351 et
2670 4312 2789 4363 vos,
2818 4306 2869 4350 et
2900 4310 2988 4349 res
3018 4294 3168 4362 ipsae.
3212 4289 3396 4359 Neque
3429 4297 3511 4343 ta-

1949 4409 2097 4449 men.
2134 4391 2179 4445 si
2216 4390 2342 4458 quid
2374 4397 2561 4443 contra
2592 4387 2853 4449 evenerit,
2884 4384 3085 4439 idcirco
3127 4380 3396 4451 abjiciatis
3415 4394 3512 4433 vos

1949 4485 2268 4548 veritatem;
2325 4480 2439 4545 sed,
2494 4479 3078 4551 quemadmadmodum
3147 4476 3349 4544 scripto
3424 4473 3512 4527 ille

1950 4576 2222 4648 praecepit,
2254 4575 2433 4628 omnia
2469 4581 2687 4643 propter
2734 4571 3013 4626 Christum
3076 4566 3412 4623 arbitremini
3454 4576 3513 4619 ut

1948 4678 2211 4734 stercora,
2235 4674 2288 4721 et
2312 4668 2364 4720 in
2390 4667 2511 4721 fidei
2536 4664 2884 4734 veritatisque
2914 4661 3227 4719 defensione
3248 4676 3355 4714 non
3376 4674 3512 4731 prae—

1949 4773 2291 4815 varicemtnt.

2014 5044 2139 5100 llaec
2172 5042 2425 5097 omnibus
2473 5039 2690 5110 quidem
2752 5038 2907 5093 vobis
2955 5037 3231 5101 dicenda;
3276 5035 3368 5090 sed
3408 5034 3507 5092 tibi

1942 5141 2286 5211 potissimum
2332 5136 2553 5191 domino
2602 5133 2934 5203 praeposito;
2985 5132 3113 5199 quia
3161 5129 3351 5201 quales
3382 5137 3508 5182 sunt

1944 5232 2037 5301 qui
2072 5238 2330 5299 praesunt,
2363 5228 2494 5281 tales
2518 5240 2635 5279 esse
2664 5226 2837 5279 solent
2858 5233 2912 5279 et
2933 5222 3154 5278 subditi.
3193 5221 3256 5275 Et
3288 5220 3505 5291 quidem

1945 5322 2105 5376 semel
2135 5318 2450 5389 deprehensi
2482 5333 2671 5372 sumus
2728 5317 2780 5370 in
2806 5317 3056 5369 haeretica
3099 5314 3503 5374 communione,

1947 5425 2167 5485 propter
2207 5412 2445 5467 studium
2511 5425 2692 5465 rerum
2762 5410 3103 5465 visibilium:
3166 5425 3233 5464 ne
3288 5408 3506 5472 iterum,

1782 5696 2013 5754 NOTAE.

363 5849 439 5917 (Si)
464 5849 521 5905 In
551 5855 675 5921 cod.
701 5852 833 5923 Reg.
857 5853 977 5923 σιγ’.
