4184 6480
702 349 841 415 1635

1887 376 1946 436 S.
1972 375 2366 438 THEODORI
2406 378 2753 441 STUDITIE

3798 370 3941 437 1636

701 484 918 525 oramus
946 481 999 527 et
1019 472 1399 543 admonemus,
1430 490 1652 551 propter
1680 489 2033 552 monasteria.
2052 491 2269 546 vineas-

2372 509 2491 561 μεν⁹
2522 492 2609 548 διὰ
2646 494 2998 565 μοναστήρια,
3041 494 3370 564 ἀμπελῶνάς
3414 510 3476 548 τε
3527 492 3627 547 καὶ
3678 490 3948 555 ιλαιιῖινας

698 578 805 631 que
836 574 887 617 et
918 565 1112 621 oliveta
1144 578 1196 623 et
1234 570 1410 637 llceta,
1452 590 1575 645 qua:
1605 593 1705 633 nos
1735 584 2077 650 postmodum
2124 584 2269 639 sicut

699 666 878 723 patres
919 659 1089 713 nostri
1128 661 1363 717 relicturi
1407 681 1616 733 sumus,
1670 680 1724 725 et
1768 673 2009 729 relicturi
2064 676 2118 729 in
2164 691 2269 731 sa:-

701 747 841 806 cula,
880 758 1149 802 attentum
1177 752 1403 807 instituti
1436 758 1609 811 nostri
1640 760 1878 817 studium
1908 764 2269 833 negligamus,

701 837 1113 908 polluamurque
1133 842 1461 899 heterodoxa
1489 850 1888 916 communione,
1909 868 2071 922 prava
2088 869 2272 908 exem-

701 928 785 995 pla
824 930 948 983 hinc
996 931 1117 985 inde
1182 935 1710 1005 circumspicientes.
1770 939 1887 995 Non
1954 944 2054 997 ista
2113 944 2273 999 nobis

703 1022 906 1075 auxilio
928 1034 1090 1078 erunt
1113 1036 1354 1094 tempore
1389 1030 1605 1095 mortis,
1635 1032 1688 1085 in
1749 1034 1879 1087 hora
1906 1034 2095 1103 judicii
2123 1053 2137 1102 ;
2175 1036 2269 1090 sed

704 1112 843 1167 bona
873 1119 1229 1184 conscientia,
1277 1130 1329 1174 et
1363 1123 1723 1193 incnlpabilis
1775 1128 2142 1183 conversatio.
2177 1130 2273 1182 At-

703 1220 809 1272 que
862 1210 973 1261 lnec
1001 1223 1099 1263 nos
1128 1210 1208 1264 sic
1240 1212 1547 1277 hortamur,
1580 1231 1687 1269 non
1741 1225 1999 1285 tanquam
2045 1218 2272 1274 Velimus

704 1312 866 1365 grave
894 1299 1095 1368 aliquid
1127 1317 1222 1356 vos
1273 1304 1403 1373 pati,
1437 1306 1531 1359 sed
1575 1306 1718 1376 quod
1778 1318 2033 1378 tanquam
2073 1307 2272 1365 fratres

705 1388 962 1443 fratribus
984 1407 1144 1461 Opem
1180 1393 1318 1447 ferre
1338 1397 1647 1466 cupiamus,
1682 1410 1840 1467 prout
1860 1403 2113 1456 mandato
2131 1417 2273 1472 pra:-

704 1491 919 1548 ceptum
949 1493 1051 1537 est.
1090 1482 1299 1539 Etenim
1349 1488 1572 1543 miseret
1628 1506 1751 1556 nos,
1797 1495 2273 1563 compatimurque

705 1572 931 1627 domino
987 1575 1267 1646 Gregorio,
1302 1580 1571 1648 spirituali
1633 1582 1791 1637 fratri
1830 1596 2041 1650 nostro,
2088 1595 2144 1639 ut
2178 1584 2271 1655 qui

705 1678 963 1733 prospere
990 1666 1101 1734 jam
1138 1672 1509 1735 consenuerit,
1560 1674 1790 1741 talisque
1819 1678 1889 1731 sit
1916 1677 2134 1746 qualem
2174 1692 2272 1731 no-

706 1756 826 1820 stis,
860 1764 973 1810 tum
1021 1774 1087 1813 ex
1118 1762 1301 1816 carnis
1347 1762 1558 1826 oﬂiciis.
1622 1773 1737 1819 tum
1774 1782 1839 1821 ex
1892 1769 2270 1837 spiritualibus

707 1859 851 1905 recte
882 1850 1069 1907 factis:
1103 1855 1305 1923 quique
1334 1857 1612 1912 Christum
1663 1832 2267 1925 imitatus-humilitate,
2298 1832 2344 1891 Β

705 1942 891 1995 subire
943 1944 1127 1998 omnia
1166 1947 1440 2011 maluerit,
1476 1964 1641 2018 quam
1693 1952 1959 2006 adversus
2014 1963 2270 2022 paternas

704 2033 1047 2089 deﬁnitiones
1105 2036 1401 2106 quidquam
1460 2050 1795 2110 perpetrare.
1834 2041 2076 2098 Donetur
2115 2046 2271 2100 vobis

703 2137 800 2191 per
827 2125 1055 2193 gratiam
1090 2142 1192 2195 pax
1239 2128 1353 2193 Dei,
1396 2147 1561 2201 quam
1614 2136 1818 2189 sanctis
1855 2137 2117 2205 apostolis
2154 2138 2271 2192 suis

702 2216 770 2271 ad
818 2220 988 2273 caelos
1039 2219 1227 2274 abiens
1275 2221 1583 2291 impertiit;
1632 2227 1929 2295 quinetiam
1977 2238 2031 2282 et
2084 2240 2269 2285 mutua

702 2308 845 2362 inter
874 2323 970 2362 vos
990 2309 1227 2365 dilectio.
1258 2310 1323 2366 In
1350 2320 1446 2368 hoc
1468 2316 1629 2377 enim.
1661 2318 1757 2377 ait.
1805 2330 2130 2387 cognoscent
2156 2337 2273 2373 om-

702 2415 790 2453 nes
818 2403 946 2467 quia
984 2404 1231 2470 discipuli
1260 2408 1361 2459 mei
1418 2410 1565 2470 alii,
1599 2410 1645 2462 si
1681 2409 2015 2464 dilectionem
2070 2412 2271 2465 habue-

701 2492 821 2546 ritis
869 2494 939 2545 ad
966 2495 1274 2551 invicem".
1311 2496 1465 2554 Bono
1504 2500 1581 2554 sis
1611 2501 1817 2567 animo,
1864 2502 2086 2556 domine
2132 2517 2273 2571 pra:-

701 2582 879 2648 posite
906 2600 919 2648 ;
954 2595 1004 2636 et
1034 2584 1150 2652 ipse
1178 2586 1435 2641 dominus
1470 2588 1769 2660 Gregorius
1800 2608 1815 2657 ;
1848 2601 1960 2645 tum
2008 2601 2064 2646 et
2091 2592 2271 2647 caeteri

700 2688 893 2727 omnes
917 2690 983 2728 ex
1016 2676 1240 2741 ordine;
1277 2679 1516 2734 universi
1582 2682 1862 2738 tristitiam
1914 2684 2269 2754 refugientes,

699 2773 757 2818 et
786 2775 1041 2836 tanquam
1075 2785 1271 2823 novum
1318 2772 1576 2841 quiddam
1604 2774 1725 2840 iter,
1762 2776 2049 2845 spirituale
2093 2786 2273 2832 certa-

702 2869 827 2907 men
852 2866 1089 2910 vcstrum
1132 2857 1441 2913 obeuntes:
1483 2876 1583 2929 pro
1622 2862 1783 2917 nobis
1847 2864 2010 2919 etiam
2049 2864 2272 2919 humili-

703 2944 803 3000 bus
822 2957 1043 3004 orantes
1075 2950 1291 3003 meliora
1311 2962 1360 3005 et
1384 2951 1636 3006 viciniora
1662 2954 1826 3007 saluti
1852 2957 1921 3010 ".

1025 3150 1205 3208 CCXI.
1240 3184 1311 3193 —
1345 3154 1631 3225 Euphemio
1664 3156 1941 3216 Sardemi.

2372 585 2467 634 καὶ
2498 584 2763 649 συκῶνας,
2786 584 2821 639 ἃ
2848 586 3042 655 μικρὸν
3093 585 3319 656 ὕστερον
3348 586 3447 639 καὶ
3477 586 3639 655 ἡμεῖς
3661 582 3739 646 ὡς
3763 584 3815 635 οἰ
3838 600 3950 636 τεα-

2369 673 2530 743 τέρες
2592 674 2749 742 ήμῶν
2800 674 3201 745 καταλείψομεν
3249 678 3331 737 εἰς
3386 675 3609 738 αἰῶνας,
3654 674 3950 744 προδῶμεν

2369 762 2469 833 τὴν
2497 764 2782 832 ἀκρίϐειαν
2810 766 2903 818 τοῦ
2929 766 3366 837 ἐπαγγέλματος,
3402 767 3497 819 καὶ⁵
3528 765 3855 835 χρανθῶμεν
3878 770 3948 837 τῇ

2372 854 2662 925 ἑτεροδόξῳ
2688 855 2960 927 κοινωνίᾳ,
2985 859 3050 909 ’ςά
3081 857 3303 926 σκαμδά
3340 854 3721 923 ὑποδείγματα
3742 854 3949 907 κύκλο-

2371 943 2462 996 θεν
2507 944 2956 1015 περιϐλέποντες.
2985 946 3062 998 Οὐ
3108 946 3477 1017 προστήσεται
3515 944 3647 1013 ήμῖν
3683 942 3739 993 ὲν
3766 941 3949 1010 καιρῷ

2372 1036 2626 1099 θανάτου,
2662 1038 2719 1089 ὲν
2759 1036 2877 1107 ῶρᾳ
2899 1033 3133 1105 κρίσεως
3177 1038 3257 1099 είς
3288 1035 3541 1105 βοήθειαν
3569 1032 3741 1087 ταῦτα
3761 1048 3777 1061 ⁶
3810 1032 3949 1085 ἀλλά

2369 1128 2431 1181 τὸ
2466 1127 2701 1197 χρηστὸν
2744 1127 3006 1190 συνειδὸς,
3038 1128 3132 1180 καὶ
3164 1128 3197 1195 ἡ
3227 1127 3649 1193 ἁκατάγνωστος
3672 1123 3945 1176 πολιτεία.

2372 1221 2483 1276 Καὶ
2519 1220 2692 1273 ταῦτα
2730 1220 2827 1289 ούχ
2859 1218 2934 1283 ὡς
2966 1218 3281 1287 βουλόμενοι
3321 1218 3465 1287 ὑμᾶς
3496 1217 3729 1285 πάσχειν
3756 1231 3811 1267 τι
3839 1216 3950 1267 δει-

2372 1311 2481 1373 νὺν,
2512 1311 2930 1380 προτρεπόμεθα
2956 1326 2971 1341 ⁶
3007 1310 3123 1363 ἀλλ’
3151 1310 3226 1373 ὡς
3258 1309 3479 1379 ἀδελφοὶ
3522 1309 3773 1377 ἀδελφοῖς
3821 1308 3951 1377 βοηο

2372 1400 2486 1454 θεῖν
2519 1400 2942 1473 προαιρούμενοι
2992 1401 3138 1455 κατά
3176 1400 3275 1473 τὴν
3326 1400 3655 1454 κελεύουσαν
3699 1400 3945 1469 ἐντολήν.

2384 1494 2539 1547 Ἐπεὶ
2575 1494 2670 1546 καὶ
2709 1493 3102 1563 κατελεοῦμεν,
3130 1495 3223 1547 καὶ
3252 1493 3597 1563 οἱκτείρομεν
3630 1494 3722 1546 τὸν
3750 1492 3947 1563 κύριον

2372 1585 2673 1657 Γρηγόριον
2713 1586 2807 1640 τὸν
2844 1584 3215 1656 πνευματικὸν
3250 1584 3408 1655 ήμῶν
3448 1583 3693 1652 ἀδελφὸν,
3723 1582 3802 1645 ὡς
3840 1584 3944 1653 ήδη

2371 1680 2619 1753 λιπαρῶς
2653 1679 3024 1751 γεγηρακότα,
3075 1682 3170 1734 καὶ
3216 1677 3456 1733 τοιοῦτον
3488 1678 3616 1732 δντα
3661 1674 3771 1731 οἷον
3805 1677 3944 1739 ἴστε,

2373 1773 2481 1828 ἀπό
2512 1788 2572 1825 τε
2611 1772 2720 1825 ιτῶν
2766 1770 3044 1842 σαρκικῶν
3098 1770 3477 1841 καθηκόντων,
3532 1771 3627 1824 καὶ
3673 1770 3782 1824 ἀπὸ
3836 1787 3948 1823 των

2373 1864 2760 1934 πνευματικῶν
2795 1862 3237 1934 κατορθωμάτων
3259 1880 3272 1892 ·
3304 1864 3353 1917 εἰ
3398 1865 3493 1917 καὶ
3541 1863 3623 1916 ὅτι
3655 1878 3945 1933 χριστομι-

2374 1958 2531 2029 μήτῳ
2573 1955 2896 2011 ταπεινώσει
2947 1958 3117 2010 οῐσειν
3162 1959 3341 2012 πάντα
3401 1955 3747 2027 προέκρινεν,
3799 1956 3835 2025 ή
3881 1972 3942 2010 τι

2372 2048 2611 2102 εναπίον
2644 2047 2753 2101 τῶν
2783 2048 3065 2117 πατρικῶν
3091 2049 3338 2119 ὁρισμῶν
3369 2047 3789 2119 διαπράξασθαι.
3825 2046 3945 2101 Χα-

2375 2143 2579 2214 ρισθείη
2607 2142 2737 2212 ύμῖν
2767 2142 2799 2210 ἡ
2834 2141 3027 2211 εἰρήνη
3055 2140 3150 2193 τοῦ
3173 2140 3328 2203 Θεοῦ,
3354 2142 3531 2210 ἥνπερ
3566 2136 3944 2209 ἐπεφθέγξατο

2370 2237 2481 2295 τοῖς
2510 2234 2689 2301 ἁγίοις
2712 2232 2877 2286 αὐτοῦ
2908 2230 3229 2292 ἀποστόλοις
3256 2231 3514 2299 ἀπαίρων
3555 2229 3613 2281 εν
3643 2228 3897 2297 ούρανοῖ(
3921 2244 3938 2260 ·

2371 2326 2505 2380 ἀλλὰ
2535 2327 2640 2397 μὴν
2669 2326 2763 2380 καὶ
2789 2326 2822 2395 ή
2855 2326 2935 2390 εἰς
2958 2322 3217 2393 ἀλλήλους
3238 2321 3444 2392 ἀγάπη.
3482 2322 3578 2374 Ἐν
3600 2321 3785 2383 τούτῳ
3806 2321 3940 2387 γὰρ,

2372 2434 2447 2485 φη
2461 2417 2536 2478 at,
2564 2414 2899 2484 γνώσονται
2930 2412 3153 2477 πάντες
3186 2410 3275 2464 ὅτι
3319 2409 3449 2479 ἐμοι
3481 2410 3737 2478 μαθηταί
3775 2408 3941 2470 ἐστὲ,

2371 2508 2480 2561 ἐὰν
2511 2506 2753 2574 ἀγάπην
2787 2505 2965 2572 ἔχητε
3004 2504 3075 2557 ἐν
3118 2500 3439 2569 ἀλλήλοις.
3473 2501 3733 2571 Εὐθύμει,
3762 2502 3790 2554 ό
3841 2499 3943 2553 κύ-

2373 2615 2488 2667 ριος
2537 2598 2566 2651 ὁ
2610 2596 2932 2668 ἡγούμενος,
2966 2595 3128 2659 αὐτὸς
3159 2596 3189 2647 ό
3217 2593 3404 2664 κύριος
3449 2592 3749 2664 Γρηγόριος
3772 2608 3788 2621 ·
3821 2586 3946 2644 εἶτα

2372 2685 2451 2752 εἷς
2474 2689 2701 2751 ἕκαστος
2724 2687 2832 2741 τῶν
2853 2687 2979 2755 ἑξῆς
3000 2703 3016 2715 ·
3047 2688 3397 2748 ἀνανεύοντες
3428 2683 3665 2745 ἅπαντες
3695 2684 3803 2737 ἀπὸ
3844 2684 3944 2751 τῆς

2372 2781 2571 2851 λύπης,
2620 2782 2717 2833 καὶ
2747 2778 3123 2842 ὁδοποιοῦντες
3152 2778 3344 2847 ῶσπερ
3371 2776 3501 2828 νέαν
3527 2774 3651 2827 τινὰ
3694 2775 3816 2828 ὁδὸν
3852 2776 3946 2827 τὸν

2374 2869 2738 2939 πνευματικὸν
2778 2870 2933 2940 ὑμῶν
2960 2869 3149 2938 ἀγῶνα
3168 2885 3181 2901 ’
3215 2866 3647 2938 προσευχόμενοι
3694 2867 3785 2918 καὶ
3815 2869 3945 2936 περὶ

2372 2960 2531 3033 ήμῶν
2567 2960 2678 3013 τῶν
2714 2959 2987 3014 ταπεινῶν
3053 2959 3126 3013 τὰ
3183 2958 3492 3026 κρείττονα
3547 2955 3645 3010 καὶ
3690 2956 3946 3026 ἐχόμενα

2372 3054 2695 3123 σωτηρίας.

2584 3168 2710 3221 ΣῐΑ⁹
2749 3166 2845 3237 (6).
2869 3195 2943 3208 ——
2962 3166 3248 3234 Εὑρημίῳ
3268 3164 3521 3234 Σάρόης.
3557 3160 3746 3237 [ωλὲ⁸.]

1188 3268 1452 3318 Abstinere
1478 3285 1504 3318 a
1529 3275 1681 3321 sacris
1700 3273 2033 3326 {unctionibus
2056 3278 2243 3331 debere
2264 3294 2373 3342 eos,
2406 3282 2491 3343 qui
2520 3294 2633 3330 cum
2664 3274 2915 3329 haereticis
2938 3274 3436 3326 communicaverant.

774 3373 856 3431 Tu
881 3376 1122 3445 quidem,
1153 3392 1186 3431 ο
1216 3379 1391 3446 beate,
1427 3393 1689 3437 consueta
1729 3390 1892 3441 utens
1938 3387 2269 3455 humilitate,

706 3484 809 3525 nos
854 3468 1213 3526 inhonoratos
1262 3472 1443 3528 verbis
1491 3473 1683 3530 efferre
1731 3492 1840 3531 non
1891 3479 2118 3535 desinis.
2164 3482 2273 3537 Nos

707 3576 837 3615 vero
866 3562 1024 3631 plane
1055 3571 1107 3615 te
1162 3562 1414 3617 novimus
1459 3574 1513 3617 et
1537 3564 1709 3619 basim
1744 3567 1892 3621 verbi
1928 3584 2069 3635 esse,
2095 3580 2148 3624 et
2179 3571 2273 3624 lir-

707 3663 1043 3707 mamentum
1106 3651 1397 3707 Ecclesia:
1451 3657 1794 3726 maximeque
1856 3659 1962 3713 hoc
2007 3668 2271 3731 tempore,

706 3743 927 3814 quando
978 3744 1339 3798 deseruerunt
1404 3762 1504 3801 nos
1558 3747 1813 3819 hiatque
1857 3749 1933 3804 illi
1989 3753 2273 3822 conspicui

706 3834 921 3899 Patres,
988 3834 1161 3905 gloria
1222 3837 1699 3905 ortltodoxorum;
1770 3849 1934 3911 tuque
1990 3845 2133 3898 velut
2186 3844 2273 3898 fax

710 3941 879 3995 prope
916 3928 1076 3980 unica
1124 3926 1412 3991 discurris,
1455 3930 1757 3998 praelucens
1811 3931 1879 3988 iis
1902 3933 1995 4003 qui
2052 3936 2104 3988 in
2142 3937 2276 3991 urbe

710 4018 1048 4073 remissiores
1095 4028 1263 4073 sunt:
1298 4020 1497 4075 multos
1551 4022 1889 4088 illuminans,
1927 4025 2064 4081 lucis
2094 4026 2271 4096 inopia

709 4110 1074 4170 mentientes.
1106 4111 1288 4180 plures
1317 4112 1383 4165 ad
1417 4111 1581 4167 Deum
1622 4116 1919 4183 adducens,
1950 4133 2043 4187 per
2072 4121 2276 4175 exube-

712 4213 942 4266 rantem,
975 4200 1214 4256 fluminis
1265 4204 1551 4271 cujusdam
1608 4206 1805 4272 instar,
1833 4208 2145 4265 mellifluam
2171 4211 2273 4265 do-

710 4295 943 4347 ctrinam
988 4302 1159 4347 tuam.
1192 4292 1391 4349 Verum
1428 4306 1483 4350 tu
1514 4297 1675 4353 nobis
1705 4314 1871 4368 porro
1906 4304 2272 4368 conserveris,

712 4388 794 4438 vir
858 4385 1343 4451 desideratissime,
1403 4387 1513 4441 imo
1565 4388 1821 4445 Ecclesia;
1864 4392 2155 4457 universae.
2204 4394 2273 4450 ad

710 4478 1167 4541 stabilimentum,
1203 4478 1555 4550 divinamque
1578 4482 2016 4538 exsultationem.
2048 4483 2121 4539 De
2147 4502 2275 4556 pre-

711 4574 932 4643 sbytero
952 4581 1155 4636 autem,
1181 4570 1247 4627 de
1278 4587 1389 4643 quo
1416 4572 1712 4644 signiﬁcari
1736 4575 1969 4645 iussisti,
2000 4579 2273 4648 quomodo

2449 3392 2519 3444 Σὺ
2548 3390 2667 3460 μὲν,
2700 3383 2745 3442 ὦ
2800 3386 3063 3457 μακάριε,
3104 3388 3173 3456 τῇ
3222 3383 3440 3453 συνήθει
3486 3380 3945 3453 ταπεινοφροσύνῃ

2379 3479 2659 3552 χρώμενος
2701 3476 2763 3531 ού
2805 3475 3188 3545 διαλιμπάνεις
3228 3470 3623 3540 ἀποσεμνύνειν
3648 3470 3794 3540 ἡμᾶς
3820 3470 3944 3529 τοὺς

2378 3573 2737 3641 ἀγεράστους.
2775 3567 2962 3637 Ἡμεῖς
3009 3566 3067 3619 δι
3121 3582 3180 3619 σε
3238 3564 3414 3633 ἴσμεν,
3462 3562 3539 3625 ὡς
3586 3561 3821 3632 ἀληθῶς,
3853 3559 3945 3615 καὶ

2379 3662 2615 3731 κρηπῖδα
2662 3659 2755 3713 τοῦ
2818 3657 2998 3726 λόγου,
3046 3657 3143 3710 καὶ
3188 3655 3418 3727 ἔρεισμα
3460 3653 3561 3722 τῆς
3598 3652 3942 3722 Ἐκκλησίας’

2379 3753 2475 3806 καὶ
2514 3751 2751 3824 μάλιστά
2794 3768 2858 3819 γε
2915 3750 3063 3821 ἄρτι,
3091 3749 3326 3820 ὁπηνίκα
3358 3745 3773 3802 ἀπολελοίπασιν
3800 3744 3943 3816 ἡμᾶς

2378 3848 2407 3899 ό
2430 3845 2578 3898 δεῖνα
2612 3844 2705 3897 καὶ
2746 3846 2775 3897 ὁ
2816 3843 2983 3902 δεῖνα,
3010 3842 3058 3894 οἰ
3088 3841 3370 3910 διαφανεῖς
3399 3836 3664 3907 Πατέρες,
3699 3838 3761 3889 τδ
3786 3836 3941 3900 κλέος

2379 3936 2488 3991 τῶν
2512 3934 2829 4005 ὀρθοδόξων,
2869 3934 2964 3988 καὶ
2990 3934 3065 3998 ὡς
3096 3926 3176 3995 εἷς
3210 3933 3397 4002 σχεδὸν
3424 3929 3633 4001 πυρσὸς
3666 3929 3942 4000 ὑπερλάμ-

2378 4048 2499 4084 πων
2521 4031 2631 4084 τῶν
2660 4028 2971 4099 ὑφειμένων
3015 4027 3250 4091 suam;
3281 4026 3390 4080 τῶν
3415 4026 3472 4079 ὲν
3497 4025 3647 4079 ἄστει
3669 4038 3685 4053 ο
3718 4023 3941 4086 πολλοὺς

2383 4124 2482 4194 μὲν
2512 4120 2762 4192 φωτίζων
2801 4120 3195 4191 μυωπάζοντας
3227 4120 3292 4172 ἐκ
3319 4116 3697 4188 φωτολειψῑας,
3729 4114 3942 4180 πλείους

2377 4216 2436 4270 δὲ
2488 4216 2779 4285 προσάγων
2817 4212 2899 4284 τῷ
2932 4211 3051 4283 Θεῷ
3099 4211 3187 4265 διὰ
3232 4214 3330 4282 τῆς
3373 4209 3792 4277 ἐπικλυζούσης,
3835 4203 3942 4260 οἷον

2383 4307 2612 4379 ῥεύματι
2642 4324 2764 4367 τινι,
2792 4302 3151 4376 μελισταγοῦς
3174 4303 3395 4373 διδαχῆς
3416 4320 3530 4358 σου.
3560 4300 3722 4356 Ἀλλά
3739 4300 3941 4369 φυλαχ-

2379 4398 2531 4469 θείης
2557 4399 2689 4469 ήμῖν
2715 4396 2815 4460 ἔτι,
2846 4390 2891 4450 ὦ
2920 4395 3213 4467 τριπόθητε
3231 4412 3247 4426 σ
3276 4394 3337 4447 οὐ
3373 4395 3480 4465 μὴν
3508 4392 3644 4448 ἀλλά
3681 4392 3775 4447 καί
3798 4391 3941 4459 πάσῃ

2376 4494 2444 4561 τῇ
2485 4490 2801 4561 Ἐκκλησία,
2842 4490 2921 4553 εἰς
2952 4489 3252 4561 στηριγμόν
3296 4504 3355 4541 τε
3389 4486 3482 4541 καὶ
3517 4488 3658 4540 θεῖον
3681 4483 3939 4553 ἀγαλλία-

2380 4601 2477 4655 μα.
2513 4583 2646 4653 Περὶ
2682 4582 2738 4635 δὲ
2767 4575 2827 4636 οὗ
2860 4580 3237 4651 πρεσϐυτέρου
3265 4580 3557 4643 ἐκέλευσας
3586 4580 3829 4647 σημᾶναι
3860 4576 3940 4629 οὔ·

712 4682 771 4721 se
798 4667 1011 4731 haheat,
1044 4674 1097 4720 et
1120 4666 1265 4736 quod
1300 4668 1609 4737 redemptus
1641 4670 1762 4723 sita
1794 4670 2107 4738 captivitate
2142 4671 2268 4725 bar‘

2373 4695 2479 4741 τως
2497 4675 2591 4730 καὶ
2612 4674 2804 4738 οὕτως,
2839 4671 2977 4727 εἶναί
3012 4689 3073 4726 τε
3108 4672 3204 4726 καὶ
3224 4671 3661 4743 ὲκλελυτρῶσθαι
3688 4671 3785 4741 τῆς
3810 4670 3939 4740 βαρ-

715 4758 921 4819 barica.
946 4758 1151 4811 scimus
1181 4766 1234 4811 et
1270 4772 1389 4821 nos,
1426 4760 1639 4828 singula
1676 4760 1745 4813 ab
1796 4760 2031 4829 ipsomet
2070 4763 2272 4817 edocti.

713 4848 819 4903 Sed
851 4848 930 4901 vir
966 4848 1066 4903 iste
1112 4863 1210 4903 nec
1237 4848 1371 4914 vult,
1416 4865 1515 4903 nec
1544 4853 1767 4919 patitur,
1801 4868 1867 4906 ex
1908 4867 2100 4907 norma
2137 4854 2277 4909 inter

712 4960 814 4999 nos
856 4954 1071 5013 recepta
1119 4958 1179 4999 se
1224 4945 1441 5015 corrigi.
1494 4944 1642 5001 Nosti
1693 4948 1861 5011 enim,
1909 4946 2017 5003 Deo
2050 4950 2271 5015 dilecte,

714 5038 989 5091 communi
1018 5038 1227 5092 calculo
1264 5039 1668 5105 confessorum,
1698 5040 1789 5109 qui
1836 5049 1930 5094 aut
1963 5041 2143 5097 adhuc
2178 5058 2275 5096 su-

714 5130 967 5199 perstites
1012 5137 1157 5188 sunt.
1190 5139 1283 5183 aut
1322 5131 1482 5199 paulo
1508 5141 1635 5185 ante
1681 5132 1747 5185 ad
1795 5130 2085 5186 Dominum
2123 5132 2277 5187 abie-

717 5227 867 5283 runt,
903 5229 1165 5274 statutum
1204 5235 1345 5284 esse,
1380 5231 1438 5274 ut
1493 5222 1669 5276 sacris
1704 5222 1925 5285 initiati,
1974 5224 2064 5293 qui
2110 5224 2276 5279 semel

716 5312 772 5366 in
801 5314 1051 5367 haeretica
1091 5313 1478 5368 communione
1520 5313 1843 5383 deprehensi
1886 5314 2108 5383 fuerint,
2135 5332 2164 5371 a
2194 5332 2280 5371 sa-

718 5418 811 5458 cra
858 5402 1138 5458 functiooe
1190 5405 1405 5475 penitus
1434 5414 1747 5469 arceantur,
1794 5406 1974 5476 quoad
2024 5408 2278 5463 videlicet

718 5510 956 5566 superna
980 5492 1331 5550 Providentia
1358 5510 1459 5549 nos
1484 5495 1759 5566 respiciat.
1781 5495 1847 5552 Et
1884 5498 2161 5570 quomodo
2184 5514 2278 5555 ca-

787 5614 832 5647 "
865 5612 1024 5670 Joan.
1050 5628 1169 5677 xm,
1198 5613 1289 5667 35.
1363 5613 1409 5645 "
1433 5612 1595 5670 Hebr.
1631 5629 1707 5681 vt,
1736 5613 1789 5669 9.

2375 4768 2607 4840 σαρικῆς
2638 4764 3040 4835 αἰχμαλωσίας,
3066 4764 3327 4834 σύνισμεν
3381 4763 3517 4835 πρὸς
3559 4762 3721 4817 αὐτοῦ
3754 4761 3937 4815 τούτου

2371 4855 2578 4908 ἒκαστα
2635 4854 3113 4924 ἐκμεμαθηκότες.
3149 4852 3343 4907 mm
3371 4854 3511 4923 ἀνὴρ
3557 4854 3619 4906 ού
3670 4852 3935 4922 βούλεται,

2372 4947 2473 5001 εἰτ’
2502 4942 2595 5000 οὖν
2643 4946 2744 4999 οὐκ
2786 4946 3058 5015 ἀνέχεται,
3089 4943 3167 5014 τῷ
3195 4942 3317 4996 καθ’
3348 4944 3492 5013 ἡμᾶς
3521 4942 3678 5013 τύπῳ
3710 4957 3933 4995 κεκανο-

2372 5038 2571 5091 νίσθαι.
2611 5032 2781 5091 Οἶσθα
2822 5037 2953 5107 γὰρ,
2985 5035 3296 5105 θεοτίμητε,
3326 5036 3409 5087 ὄτι
3455 5036 3607 5105 κοινῇ
3639 5034 3806 5103 ψήφῳ
3833 5031 3935 5086 τῶν

2374 5147 2433 5183 τε
2462 5130 2540 5183 ἔτι
2572 5130 2713 5200 ὑπὲρ
2750 5127 2855 5197 γῆν
2906 5128 3095 5191 όντων,
3133 5129 3227 5180 καὶ
3265 5126 3373 5179 τῶν
3422 5127 3651 5197 ἔναγχος
3698 5126 3935 5193 ὲκδημη-

2378 5221 2585 5275 σάντων
2617 5219 2751 5291 πρὸς
2777 5218 2982 5289 Κύριον
3008 5218 3372 5288 όμολογητῶν,
3409 5217 3535 5281 τοὺς
3579 5216 3727 5281 απαξ
3772 5217 3933 5269 ἑαλω-

2376 5315 2535 5378 κότας
2565 5317 2630 5384 τῇ
2658 5314 2905 5385 αἰρετικῇ
2937 5312 3193 5384 κοινωνίᾳ⁵
3222 5312 3552 5383 ἰερωμένους
3588 5305 3802 5383 εἷρχθαι
3840 5310 3932 5380 τῆς

2377 5403 2708 5476 ἰερουργιας,
2742 5402 3047 5474 διώρισται,
3078 5402 3183 5466 ῑως
3210 5401 3451 5473 δηλονότι
3490 5401 3684 5473 καιροῦ
3716 5404 3932 5456 ἐπισκο-

2376 5499 2486 5569 πῆς
2516 5499 2614 5571 τῆς
2640 5495 2851 5553 ἄνωθεν
2895 5493 3173 5565 προνοίας.
3210 5494 3321 5550 Καὶ
3344 5491 3461 5558 πῶς
3491 5492 3559 5549 ἂν
3582 5492 3933 5567 δυνηθείημεν

2215 5701 2448 5760 NOTAE.

792 5797 872 5869 (6)
913 5796 971 5851 In
993 5796 1114 5852 cod.
1156 5796 1287 5868 Reg.
1322 5797 1438 5851 «ηδ’.
