4184 6506
260 432 396 492 163']

1437 431 1970 490 EPISTOLARUM
2029 434 2177 496 LIB.
2238 435 2319 496 II.

3367 442 3500 503 1638

247 542 415 595 λῦσαι
458 540 550 593 τὸν
581 539 800 601 κανόνα,
831 537 924 590 καὶ
951 537 1039 590 διὰ
1069 538 1169 605 τῆς
1217 538 1310 591 τοῦ
1361 541 1478 601 ἑνὸς
1512 540 1826 610 παραδοχῆς

1930 559 2125 598 nonem
2161 546 2363 599 violare
2385 544 2677 613 possimus,
2702 561 2768 603 ac
2788 563 2884 617 per
2903 549 3298 617 susceptionem
3316 557 3501 619 unius,

245 635 419 704 νόμον
460 631 552 683 ἐπὶ
594 629 840 692 ἅπαντας
886 631 1013 693 τοὺς
1069 630 1497 700 προειργμένους
1549 631 1776 684 ἀποῖσαι
1802 670 1818 695 ,

248 727 361 778 κάν
382 722 559 793 τούτῳ
589 722 884 775 ὑπεναντία
905 721 1003 791 μὲν
1033 721 1229 791 δρᾶσαι
1267 721 1342 792 τῷ
1382 721 1512 791 θείῳ
1549 720 1708 791 ἡμῶν
1739 722 1832 775 καὶ

249 817 570 887 πρωτάρχῳ
607 813 969 883 καθηγεμόνιο
1004 813 1085 866 ὅτι
1123 812 1257 883 μηδὲ
1285 813 1472 876 ἁπλῶς
1511 813 1676 877 αὐτὸς
1707 813 1833 876 τοὺς

248 909 532 969 τοιούτους
575 906 818 974 εὐλογεῖν
857 905 1044 974 κοινὴν
1086 903 1286 974 βρῶσιν
1326 905 1623 974 ἀνέχεται·
1654 907 1727 978 μὴ
1749 907 1830 960 ὃτι

248 1016 319 1066 γε
352 998 513 1050 πλέον
555 1014 607 1050 τι
636 999 875 1067 ἐνεργεῖν
908 995 1197 1066 ίερατικῶς
1215 1013 1228 1028 ’
1254 997 1379 1060 τοὺς
1421 996 1611 1060 ἀλλους
1635 1014 1694 1049 τε
1722 997 1832 1050 τῶν

250 1089 605 1159 ὁμολογητῶν
637 1088 1009 1154 σκανδαλίσαι,
1035 1090 1132 1142 καὶ
1161 1088 1383 1142 ὐποϊσαι
1409 1089 1678 1160 διχόνοιαν
1703 1089 1830 1152 τοὺς

251 1179 546 1249 ἀκριϐείας
577 1178 967 1248 ἀντεχομένους
992 1193 1008 1244 ;

330 1378 447 1433 Κάν
472 1395 612 1440 τινες
644 1378 774 1441 ἴσως
803 1377 1046 1447 ἔφθασαν
1073 1380 1139 1448 τῇ
1167 1376 1288 1431 κατ’
1319 1377 1520 1442 αὐτοὺς
1552 1377 1829 1451 διακρίσει

253 1469 344 1523 διὰ
375 1471 436 1522 τὸ
471 1469 654 1522 στενὸν
683 1469 776 1521 τοῦ
815 1470 1028 1538 χρόνου.
1062 1471 1156 1522 καὶ
1184 1469 1245 1523 τὸ
1286 1469 1394 1523 τῶν
1424 1471 1826 1540 ἐπιζητούντων

252 1563 678 1630 ἀναγκαστικὸν,
725 1562 879 1625 τινὰς
928 1563 1038 1616 τῶν
1085 1563 1474 1634 πρεσϐυτέρων
1539 1563 1677 1633 μετὰ
1728 1564 1828 1633 τὴν

253 1654 544 1724 ἐπιτιμίαν
602 1653 1034 1707 ἀπολελυκέναι·
1084 1654 1216 1723 ἡμῖν
1272 1654 1328 1707 δὲ
1387 1654 1636 1724 οὐδαμῶς
1665 1654 1825 1708 τοῦτο

254 1745 699 1816 κατεργάσασθαι
744 1746 877 1815 ἀτερ
924 1744 1018 1798 τοῦ
1059 1745 1353 1815 προέδρουο
1384 1746 1468 1798 ὅτι
1525 1747 1621 1799 καὶ
1671 1763 1828 1815 νομι-

255 1840 417 1893 στέον
448 1835 506 1892 εῦ
537 1839 680 1907 ἔχειν
703 1838 795 1890 τὸν
828 1839 984 1906 λόγον
1012 1838 1110 1907 τῆς
1152 1837 1507 1908 καθείρξεως.
1559 1837 1670 1891 Ποῦ
1718 1839 1827 1908 γὰρ

1931 635 2101 705 legem
2136 637 2382 691 eamdem
2412 645 2479 691 ad
2501 653 2692 695 omnes
2715 640 2825 710 jam
2859 641 3139 696 ahstentos
3171 644 3500 709 transferre;

1931 738 2094 796 atque
2120 729 2222 782 hac
2248 729 2302 782 in
2336 745 2414 794 re,
2456 733 2735 786 contraria
2769 748 2930 803 agere
2968 734 3156 788 divino
3201 746 3253 790 et
3295 738 3502 804 prima-

1929 821 2015 875 rio
2038 822 2364 877 moderatori
2406 832 2593 877 nostro
2625 824 2848 893 (quippe
2880 824 2971 893 qui
3009 827 3143 881 tales
3167 844 3232 880 ne
3254 844 3503 882 commu-

1930 929 2054 968 nem
2090 914 2309 983 quidem
2347 914 2528 969 cibum
2559 917 2873 971 benedicere
2925 919 3129 986 patitur
3163 936 3178 984 ;
3215 922 3409 974 nedum
3445 933 3504 976 ut

1930 1004 2164 1073 amplius
2203 1003 2481 1074 quidpiam
2533 1007 2888 1061 sacerdotalis
2914 1009 3156 1062 muneris
3195 1025 3501 1078 exsequan-

1931 1095 2064 1158 tur),
2102 1094 2330 1162 reliquis
2352 1096 2513 1148 etiam
2546 1094 2955 1149 confessoribus
2982 1096 3239 1150 seandalo
3279 1113 3420 1155 esse.
3449 1106 3504 1150 et

1930 1184 2289 1239 dissensionis
2311 1201 2530 1240 causam
2563 1187 2800 1254 praebere
2824 1188 2910 1249 iis,
2941 1187 3033 1256 qui
3064 1200 3383 1241 accuratam
3415 1206 3502 1243 re-

1930 1278 2105 1332 tinent
2139 1278 2524 1347 disciplinam?

2000 1367 2111 1422 Etsi
2145 1380 2324 1423 autem
2352 1369 2464 1438 jam
2499 1370 2667 1439 aliqui
2701 1370 2934 1425 fortasse
2964 1371 3069 1425 tale
3102 1371 3169 1424 de
3198 1370 3303 1425 illis
3323 1371 3498 1426 tulere

1923 1459 2214 1531 judicium,
2244 1473 2466 1529 propter
2502 1463 2762 1530 temporis
2820 1463 3128 1531 angustias,
3160 1472 3213 1516 et
3253 1462 3501 1531 ﬂagitau-

1930 1554 2065 1608 tium
2100 1553 2441 1614 violentiam,
2482 1561 2539 1605 ut
2565 1555 2915 1622 presbyteros
2954 1552 3219 1621 quosdam
3251 1569 3344 1620 per
3385 1568 3500 1621 pue-

1929 1646 2214 1699 nitentiam
2263 1645 2644 1698 absolverent:
2689 1646 2849 1699 nobis
2910 1653 3090 1698 tamen
3142 1645 3288 1698 nullo
3338 1645 3498 1698 modo

1929 1737 1981 1791 id
2022 1738 2132 1790 ﬁeri
2163 1737 2335 1805 placet
2357 1735 2571 1804 injussu
2628 1738 2888 1791 antistitis
2915 1757 2929 1791 :
2956 1738 3084 1806 quia
3117 1737 3499 1805 prohibitionis

1928 1843 2148 1882 causam
2181 1826 2475 1895 legitimam
2494 1843 2633 1888 esse.
2657 1843 2880 1882 censere
2911 1829 3192 1882 debemus.
3229 1827 3326 1882 Ubi
3352 1827 3496 1881 enim
3550 1863 3556 1870 .

254 1930 454 2000 φανείη
493 1931 553 1982 τὸ
581 1930 836 2000 διάφορον
867 1929 976 1982 τῶν
1007 1929 1400 1999 προδωσάντων
1421 1929 1519 2002 τὴν
1550 1930 1824 2000 ἀλήθειαν,

1930 1919 2170 1972 eluceret
2205 1917 2498 1972 discrimen
2533 1919 2749 1972 illorum
2796 1919 2888 1988 qui
2937 1920 3218 1973 veritatem
3247 1919 3498 1983 prodide-

253 2020 355 2073 καὶ
391 2021 502 2091 μή;
534 2020 641 2072 τῶν
685 2020 949 2088 γενναίως
991 2019 1390 2090 ἐνηθληκότων,
1420 2022 1515 2075 καὶ
1566 2021 1828 2091 μηδαμῶς

253 2112 528 2182 ἑλομένων
577 2112 716 2182 ὑπὲρ
771 2111 864 2165 τοῦ
918 2110 1081 2165 καλοῦ
1137 2112 1462 2183 τληπαθεῖν;
1510 2113 1618 2168 Καὶ
1663 2114 1768 2166 ποῦ
1800 2112 1831 2165 6

253 2204 497 2273 Χριστὸς
535 2205 628 2257 καὶ
652 2205 680 2256 ό
715 2203 932 2267 Βελίαλ,
963 2204 1024 2256 τὸ
1061 2203 1175 2272 φῶς
1203 2204 1296 2257 καὶ
1328 2203 1389 2257 τὸ
1419 2204 1637 2266 σκότος·
1671 2203 1830 2276 εἴπερ

255 2294 464 2366 ἀναμὶξ
491 2296 559 2349 τά
594 2296 792 2361 πάντα,
828 2295 922 2348 καὶ
953 2295 1058 2366 πρὸ
1082 2295 1316 2366 κρίσεως
1373 2295 1677 2366 συνοδικῆς,
1707 2295 1829 2365 κρί-

259 2405 349 2450 σις
370 2405 385 2419 ο
419 2388 513 2441 καὶ
551 2388 656 2457 πρὸ
687 2389 929 2459 εἰρήνης,
977 2388 1205 2459 είρήνη;
1254 2388 1552 2456 Ἀπόμοτον
1580 2387 1759 2453 τοῦτο,
1784 2379 1830 2440 ὦ

258 2479 523 2550 Πατέρων
573 2481 852 2549 κράτιστε,
900 2479 975 2542 ὡς
1029 2480 1160 2549 ἡμῖν
1194 2497 1258 2547 γε
1293 2479 1478 2532 δοκεῖ·
1511 2479 1764 2549 εἴποιμεν
1783 2480 1830 2536 δ’

257 2572 328 2623 ἂν
352 2572 441 2621 καὶ
481 2573 546 2640 τῇ
569 2569 811 2640 ἀληθείᾳ..
855 2570 1135 2637 Ἀρκετόν
1166 2587 1234 2639 τε
1269 2568 1348 2633 τῷ
1372 2571 1619 2638 τοιούτῳ
1640 2572 1677 2639 ἡ
1702 2573 1831 2626 ἐπιο

253 2659 422 2727 τιμία
443 2659 592 2725 αὕτη
630 2659 665 2724 ἡ
697 2661 812 2713 ὑπὸ
841 2658 958 2712 τῶν
987 2661 1302 2727 πλειόνων,
1322 2661 1396 2724 ῶς
1419 2679 1585 2732 φησιν
1608 2665 1636 2716 6
1670 2663 1831 2716 Ἀπό-

257 2753 445 2814 στολος
467 2793 480 2813 ,
502 2753 581 2814 ὡς
615 2751 690 2804 ἂν
701 2751 786 2819 μὴ
808 2750 878 2818 τῇ
902 2752 1297 2820 περισσοτέρᾳ
1317 2754 1487 2820 λύπῃ
1521 2756 1831 2825 καταποθῇ

257 2843 294 2893 o'
319 2840 606 2906 τοιοῦτος.
636 2841 708 2892 06
751 2841 857 2908 μὴν
885 2842 1186 2911 προακτέον
1207 2843 1287 2904 είς
1310 2842 1399 2894 τὸν
1427 2844 1520 2911 ἀφ’
1547 2838 1607 2898 οῦ
1639 2847 1828 2916 εἴρχθη

254 2934 347 2984 διὰ
379 2933 474 3002 τὴν
521 2933 832 3002 παράϐασιν
866 2931 1092 3002 βαθμὸν,
1148 2931 1254 2995 ἓως
1307 2933 1401 2986 τοῦ
1449 2934 1661 2998 δέοντος
1708 2953 1830 2989 και-

259 3025 389 3096 ροῦ·
430 3026 515 3079 ἴνα
551 3025 644 3079 καὶ
673 3024 846 3077 τὸτοῦ
880 3025 986 3093 πλη
999 3025 1364 3095 μμεληθέντος
1391 3022 1528 3090 εἶδος
1561 3027 1641 3080 ἑτι
1671 3028 1831 3082 κολά-

257 3119 407 3181 ζοιτο
430 3117 1046 3188 παραπληκτικώτερον,
1078 3119 1170 3170 καὶ
1200 3119 1227 3170 ό
1254 3119 1353 3187 τῆς
1392 3119 1668 3186 ὑγιώσεως
1707 3122 1831 3192 τρό-

1929 2019 2077 2072 runt,
2112 2019 2164 2062 et
2195 2024 2382 2063 eorum
2415 2009 2507 2077 qui
2546 2026 2655 2064 non
2711 2011 3118 2079 prodiderunt?
3168 2027 3356 2065 eorum
3402 2009 3497 2080 qui

1929 2112 2202 2156 certamen
2236 2110 2456 2156 strenue
2508 2103 2902 2166 sustinuerunt,
2955 2113 3006 2157 et
3037 2119 3225 2156 eorum
3275 2103 3367 2172 qui
3401 2119 3500 2158 nec

1929 2193 2056 2248 boni
2084 2193 2406 2260 honestique
2445 2195 2624 2248 studio
2652 2195 2785 2249 dura
2825 2197 3027 2265 perpeti
3064 2196 3396 2250 voluerunt?
3428 2195 3496 2250 Et

1932 2287 2151 2341 ubinam
2185 2287 2437 2342 Christus
2470 2298 2522 2342 et
2567 2286 2753 2351 Belial,
2797 2289 2889 2341 lux
2929 2297 2982 2341 et
3012 2289 3264 2350 tenebrat,
3296 2290 3339 2342 si
3363 2306 3498 2342 eon-

1932 2378 2051 2433 fusa
2070 2385 2197 2432 sunt
2221 2377 2439 2434 omnia:
2467 2387 2521 2432 et
2547 2388 2671 2432 ante
2701 2379 3025 2448 synodicum
3073 2379 3370 2448 judicium,
3411 2380 3501 2448 ju-

1930 2472 2174 2536 dicium;
2225 2479 2278 2524 et
2305 2478 2431 2524 ante
2465 2486 2676 2540 pacem,
2715 2471 2862 2540 pax?
2901 2469 3197 2526 Vitandum
3247 2474 3370 2534 hoc,
3399 2474 3502 2526 Pa-

1930 2573 2073 2618 trum
2123 2563 2346 2631 optime,
2391 2572 2451 2616 ut
2503 2563 2661 2616 nobis
2704 2563 2924 2632 quidem
2980 2565 3213 2629 videtur,
3266 2566 3499 2619 dixerim

1930 2670 2134 2719 autem,
2194 2659 2356 2711 etiam
2415 2656 2676 2710 veritati:
2740 2654 2938 2724 Sit/ﬁcit
2979 2657 3060 2709 illi
3097 2659 3186 2727 qui
3233 2658 3500 2727 ejusmodi

1929 2760 2028 2814 est,
2059 2748 2358 2818 objurgatio
2384 2751 2492 2802 ha’c
2512 2765 2629 2818 qua:
2658 2748 2714 2816 [it
2745 2765 2775 2799 a
2798 2748 3060 2816 pluribus,
3083 2761 3134 2802 ut
3166 2751 3241 2803 ait
3270 2752 3503 2815 Aposto-

1930 2843 2050 2907 lus,
2087 2859 2148 2895 ne
2185 2844 2318 2910 forte
2356 2841 2734 2894 abundantiori
2770 2842 2990 2895 tristitia
3033 2842 3376 2895 absorbeatur
3412 2844 3500 2912 qui

1929 2933 2191 2999 eiusmodi
2221 2944 2296 2985 est
2329 2933 2395 2985 “.
2433 2930 2538 2986 Sed
2594 2932 2648 2985 in
2679 2948 2803 2986 eum
2858 2933 3110 3001 gradum,
3173 2951 3201 2987 a
3251 2949 3361 3003 quo
3407 2951 3502 3004 per

1932 3023 2434 3096 praevaricationem
2467 3023 2684 3085 decidit.
2727 3024 3093 3078 restituendus
3125 3040 3230 3077 non
3260 3035 3343 3078 est
3374 3034 3502 3078 ante

1931 3115 2186 3170 id0neum
2217 3123 2429 3182 tempus
2460 3130 2474 3179 ;
2501 3123 2556 3165 ut
2581 3123 2632 3166 et
2653 3113 2747 3182 qui
2777 3114 3022 3182 deliquit,
3055 3116 3297 3168 severius
3327 3117 3504 3168 adhuc

257 3226 362 3268 πος
391 3209 734 3276 ὑποφαίνοιτο
763 3209 850 3261 διὰ
888 3210 984 3279 τῆς
1010 3209 1332 3278 προλήψεως
1368 3211 1429 3264 τὸ
1462 3213 1642 3264 ίκανδν
1669 3212 1826 3282 ἔχων.

1933 3209 2229 3278 puniatur;
2271 3216 2325 3261 et
2353 3206 2654 3261 sanationis
2703 3207 2897 3260 modus
2931 3207 2980 3260 id
3041 3207 3182 3276 quod
3238 3208 3370 3261 satis
3408 3208 3499 3271 sit,

258 3301 324 3352 Ei
362 3300 457 3352 καὶ⁹
486 3301 567 3353 ὅτι
595 3299 848 3370 ἐξαίρετὰ
874 3318 991 3354 τινα
1026 3307 1148 3356 κατ’
1177 3302 1436 3372 ἀπορίαν,
1458 3304 1531 3373 μὴ
1563 3306 1828 3374 παρόντος

261 3392 626 3459 σεσωσμένου,
679 3391 1096 3462 συγκεχώρηται
1145 3393 1276 3462 δρᾷν
1329 3394 1640 3463 ίερατικῶς,
1671 3394 1708 3446 ὃ.
1737 3396 1830 3448 καὶ

262 3484 653 3537 συνεπίσταται
687 3485 719 3554 ἡ
753 3483 1028 3553 τελειότης
1061 3501 1174 3548 σου,
1203 3487 1229 3537 6
1255 3484 1355 3555 ἥδη
1389 3486 1677 3554 εἱργμένος
1699 3486 1830 3539 ταύ-

259 3588 348 3644 τῃ.
395 3574 532 3626 Ἀλλ’
560 3571 669 3626 οἷον
701 3575 784 3627 ὅδε
837 3578 864 3629 6
898 3575 1265 3646 πρεσϐύτερος
1288 3578 1380 3629 καὶ
1404 3577 1508 3647 πρὸ
1530 3578 1639 3629 τῶν
1671 3576 1829 3648 [Cod.

264 3667 399 3735 Reg.
427 3665 546 3738 τῆς]
599 3667 896 3738 Βαρϐάρων
951 3669 1314 3738 πεπραγμένα
1363 3670 1511 3739 αὑτῷ
1566 3672 1826 3735 συννοῶν,

266 3759 360 3810 καὶ
393 3759 466 3823 ὡς
506 3760 734 3823 πολλοὺς
774 3761 897 3830 τῇδε
962 3762 1216 3830 ἐφώτισε,
1250 3761 1345 3815 καὶ
1378 3762 1508 3828 δεῖν,
1547 3763 1702 3830 φασὶ,
1741 3762 1830 3816 διὰ

265 3850 446 3902 πάντα
479 3851 651 3904 ταῦτα
685 3852 976 3922 λελυμένον
1009 3850 1168 3920 εἶναι,
1225 3855 1323 3907 οὐκ
1373 3856 1631 3923 ἠνέσχετο
1664 3855 1830 3908 ὑπελ-

264 3940 380 3991 θεῖν
409 3942 753 4010 όμοιοπαθῶς
789 3946 900 4007 τοῖς
925 3944 1158 3997 ἐνταῦθα
1197 3946 1461 4016 είρχθεῖσι
1486 3963 1501 3978 ο
1542 3946 1625 4000 διὸ
1658 3964 1833 4018 παρα-

266 4035 664 4103 κεχωρήκαμεν
687 4035 833 4107 αὑτῷ
863 4037 932 4089 τὰ
961 4038 1081 4090 κατ’
1106 4037 1285 4100 αὑτὸν,
1309 4038 1384 4101 ὡς
1408 4039 1473 4092 ἂν
1505 4039 1834 4109 διακρίνοιτο

269 4125 506 4193 πρᾶξαι·
537 4125 658 4177 οὔτε
690 4126 968 4194 λύσαντες,
1001 4129 1124 4182 οὕτε
1154 4129 1451 4201 εἴρξαντες.
1492 4133 1740 4203 Ἐρρωσο
1771 4133 1830 4185 ὲν

269 4215 477 4285 Κυρίῳ,
527 4215 902 4288 ὕπερεύφημε,
957 4222 1116 4290 ἡμεῖς
1163 4237 1220 4274 τε
1281 4223 1376 4276 καὶ
1421 4223 1470 4275 οἱ
1525 4223 1645 4294 μεθ’
1677 4223 1833 4294 ἡμῶν

268 4307 486 4374 ἀδελφοὶ
521 4309 746 4361 πλεῖστα
777 4312 1279 4382 προσαγορεύομεν.

403 4419 541 4474 ΣῐΒ⁹.
577 4420 653 4490 (7)
693 4451 761 4462 -
807 4422 1053 4492 Ἰωάννῃ
1108 4425 1518 4495 Γραμματικῷ.
1572 4427 1728 4493 ωλς’.

1931 3316 2026 3371 per
2069 3299 2512 3367 anticipationem
2553 3298 2810 3352 habuisse
2869 3299 3135 3352 videatur.
3178 3297 3499 3368 Quanquam

1931 3392 2228 3462 peculiaria
2249 3391 2493 3460 quaedam
2510 3391 2580 3444 ob
2604 3390 2864 3460 inopiam,
2892 3392 3017 3460 quia
3046 3391 3298 3446 innoxius
3318 3393 3503 3446 aderat

1932 3484 2116 3539 nullus
2143 3523 2158 3548 ,
2213 3481 2513 3537 sacerdotis
2547 3481 2654 3535 ritu
2704 3481 2855 3534 obire
2882 3482 3183 3550 permissus
3219 3493 3299 3535 est
3337 3485 3501 3551 (quod

1930 3584 1984 3629 et
2013 3575 2332 3645 periectioni
2361 3582 2467 3628 tua:
2500 3583 2688 3628 notum
2718 3586 2843 3641 est),
2866 3575 2912 3627 is
2940 3575 3052 3643 ipsc
3083 3574 3173 3643 qui
3205 3591 3349 3629 nunc
3375 3591 3504 3644 pro-

1934 3667 2170 3722 hibetur.
2207 3665 2430 3732 Verum,
2459 3668 2586 3736 quia
2619 3667 2707 3720 hic
2736 3667 3033 3737 presbyter,
3059 3667 3364 3737 intelligens
3384 3684 3506 3735 quae

1931 3760 2073 3830 apud
2114 3760 2383 3815 Barbaros
2425 3770 2633 3830 egerat,
2665 3774 2719 3817 et
2749 3762 2891 3832 quod
2941 3762 3141 3815 multos
3193 3761 3262 3814 ibi
3323 3762 3503 3831 bapti-

1931 3861 2132 3914 zasset,
2161 3852 2415 3920 quodque
2451 3862 2665 3921 propter
2694 3855 2805 3907 haec
2832 3853 3014 3906 omnia
3047 3852 3386 3905 absolutione
3419 3853 3503 3905 iu-

1931 3943 2160 4012 digeret,
2212 3945 2484 3998 recusavit
2514 3945 2701 3999 eadem
2736 3946 2923 4000 subire
2972 3961 3093 4012 qua:
3137 3944 3231 4014 qui
3288 3944 3374 3998 hic
3405 3945 3503 3998 ab-

1933 4037 2097 4091 stenti
2121 4045 2247 4091 sunt
2276 4050 2291 4089 :
2318 4036 2523 4092 idcirco
2558 4036 2904 4105 permisimus
2947 4038 3021 4091 illi
3053 4045 3113 4091 ut
3137 4052 3225 4090 res
3256 4051 3385 4089 suas
3405 4052 3504 4106 pro

1937 4127 2162 4181 arbitrio
2189 4142 2290 4182 suo
2352 4139 2564 4196 ageret,
2618 4143 2714 4181 nec
2745 4128 3014 4183 solventes
3047 4129 3221 4190 illum,
3256 4143 3354 4181 nec
3381 4143 3506 4195 pro-

1938 4219 2208 4276 hibentes.
2257 4217 2381 4274 Vale
2408 4221 2463 4274 in
2509 4219 2764 4284 Domino,
2808 4221 2888 4274 vir
2945 4221 3339 4273 laudatissime.
3374 4217 3504 4282 Nos,

1939 4323 1994 4369 et
2017 4314 2109 4384 qui
2140 4314 2421 4368 nobiscum
2450 4323 2578 4368 sunt
2605 4313 2824 4373 fratres,
2856 4312 3154 4382 plurimum
3183 4312 3503 4365 salutamus.

2217 4425 2399 4482 CCXI.
2428 4456 2498 4470 -—
2519 4426 2718 4480 Joanni
2748 4425 3109 4480 Grammatico
3137 4428 3226 4496 (').

588 4536 723 4596 Quod
747 4536 934 4588 adorari
975 4540 1154 4589 debeat
1188 4541 1346 4605 imago
1369 4542 1565 4602 Christi,
1603 4557 1699 4592 non
1725 4543 1865 4593 latria
1893 4544 2008 4603 coli,
2033 4544 2122 4593 sed
2149 4543 2390 4603 Christus,
2414 4541 2500 4604 qui
2531 4544 2582 4592 in
2618 4556 2676 4592 ea
2711 4543 2916 4592 relative
2940 4543 3185 4590 adoratur.

341 4635 517 4707 Χάριν
544 4638 790 4709 ὁμολογῶ
824 4642 902 4713 τῷ
933 4643 1073 4714 ἁγίῳ
1098 4645 1237 4716 Θεῷ,
1273 4647 1354 4698 ὅτι
1389 4664 1482 4700 σου
1499 4646 1828 4717 ὴκουτίσθην

2010 4647 2247 4702 Gratiam
2296 4647 2464 4700 habeo
2500 4645 2608 4700 Deo
2665 4657 2876 4710 sancto,
2903 4647 3049 4715 quod
3083 4644 3164 4698 vel
3219 4657 3345 4698 sero
3384 4651 3505 4698 tan-

271 4731 323 4781 εί
351 4730 442 4782 καὶ
474 4731 568 4799 ὀψὲ
602 4735 693 4785 τοῦ
734 4736 927 4805 καιροῦ
961 4736 1058 4802 τὴν
1090 4739 1250 4808 φίλην
1277 4741 1490 4808 φωνήνο
1526 4741 1585 4793 οὐ
1625 4742 1735 4809 γὰρ
1769 4738 1835 4793 ἂν

271 4821 486 4889 εἴποιμι
516 4825 675 4892 χάριν
694 4827 872 4892 εὑρεῖν
895 4826 970 4897 τῷ
992 4828 1195 4896 ταύτην
1227 4830 1502 4897 ἁσυφῐλως
1530 4829 1677 4900 [cod.
1699 4830 1832 4898 Reg.

271 4914 522 4984 ἀσυφίλῳ
567 4918 862 4989 προπετείᾳ
915 4918 1254 4991 διακόψαντι]
1313 4922 1577 4990 πρότερον
1643 4921 1828 4974 διακό-

270 5006 456 5072 ψαντι.
505 5005 644 5058 Ἀλλ’
676 5009 860 5078 ἐπειδὴ
886 5010 1020 5080 όμοῦ
1053 5015 1119 5082 τῇ
1147 5013 1427 5083 ἀποσκευῇ
1461 5015 1556 5082 τῆς
1585 5012 1765 5083 λύπης
1796 5015 1828 5083 ἡ

275 5096 411 5164 σοφή
446 5113 538 5149 σου
572 5100 845 5169 τιμιότης,
877 5103 969 5155 καὶ
998 5103 1090 5155 τὸν
1112 5104 1242 5172 περὶ
1268 5103 1370 5172 τῆς
1399 5106 1601 5174 σεπτῆς
1625 5106 1831 5167 εἰκόνος

272 5185 371 5239 τοῦ
403 5188 639 5257 Χριστοῦ
678 5191 833 5259 λόγον
857 5193 1245 5265 ἀντεξήγαγεν,
1283 5196 1458 5246 έκεῖνο
1495 5195 1601 5263 ἔχω
1638 5194 1838 5262 λέγειν,

272 5274 664 5354 ῶτριπόθητε,
697 5285 780 5338 ὅτι
835 5287 1257 5359 συνηγοροῦσαν,
1295 5287 1412 5341 ἀλλ’
1458 5289 1556 5340 οὐκ
1613 5288 1840 5355 ἀντηγο-

279 5373 483 5443 ροῦσαν
519 5380 631 5440 τοῖς
682 5379 817 5447 πρὸς
858 5378 993 5448 ἐμοῦ
1057 5379 1494 5450 ἀπεσταλμένοις
1537 5380 1702 5432 πάλαι
1739 5381 1838 5449 τὴν

276 5460 507 5534 ἐναγχός
535 5483 629 5519 σου
653 5469 940 5538 επιστολὴν
958 5471 1364 5541 συμϐαίνουσαν
1389 5463 1569 5541 εὗρον.
1611 5469 1836 5540 Ὀμολοο

353 5601 401 5634 ⁸³
434 5602 476 5655 ll
506 5603 634 5660 Cor.
670 5623 726 5670 Il,
748 5605 803 5669 6,
836 5607 889 5662 ’1.

1934 4737 2055 4792 dem
2094 4737 2318 4790 amicam
2377 4751 2562 4789 vocem
2616 4741 2767 4787 tuam
2828 4735 3141 4790 audierim:
3201 4749 3300 4787 nec
3359 4733 3503 4788 enim

1933 4829 2162 4882 dixerim
2190 4828 2414 4895 gratiam
2445 4828 2640 4881 habere
2668 4843 2754 4881 me
2804 4827 2874 4890 ei,
2909 4828 2997 4895 qui
3031 4827 3169 4879 hanc
3207 4835 3365 4879 antea
3393 4837 3506 4878 tur-

1932 4925 2071 4992 piter
2121 4919 2359 4975 discidit.
2416 4921 2483 4973 At
2530 4919 2786 4989 quoniam
2846 4919 3029 4982 simul,
3083 4935 3202 4972 cum
3259 4917 3502 4970 dolorem

1934 5014 2225 5080 deponeret
2286 5011 2501 5079 sapiens
2557 5014 2859 5064 reverentia
2907 5021 3020 5073 tua,
3075 5011 3142 5063 de
3198 5012 3504 5062 veneranda

1931 5104 2094 5158 etiam
2151 5104 2381 5172 imagine
2427 5101 2627 5156 Christi
2689 5118 2996 5156 sermonem
3079 5100 3266 5170 injecit
3305 5138 3322 5164 .
3401 5103 3504 5153 hoc

1937 5197 2107 5250 habeo
2130 5197 2328 5259 dicere,
2373 5196 2455 5249 vir
2483 5196 2963 5257 desideratissime,
3008 5193 3356 5263 patrocinari,
3395 5207 3503 5245 non

1936 5288 2324 5351 contradicere,
2372 5300 2427 5342 et
2464 5287 2532 5342 iis
2560 5303 2679 5356 quae
2714 5303 2744 5342 a
2783 5303 2868 5341 me
2922 5287 3124 5340 dudum
3178 5287 3340 5339 missa
3378 5292 3505 5337 sunt

1937 5380 2209 5433 coluerere
2259 5379 2435 5432 visam
2494 5395 2617 5433 esse
2665 5381 2967 5448 proximam
3004 5377 3282 5447 epistolam
3331 5385 3501 5428 tuam.

1940 5469 2229 5524 Conliteris
2264 5469 2437 5539 enim,
2473 5469 2628 5540 juxta
2654 5469 2985 5541 praestituta:
3014 5469 3109 5524 tibi
3137 5463 3505 5539 propositiun-

1807 5716 2038 5776 NOTAE.

356 5872 513 5941 (7)111
535 5873 656 5931 cod.
700 5875 828 5945 Reg.
858 5884 974 5932 σις’.

1973 5878 2048 5947 (³⁵)
2078 5875 2412 5942 Dogmatiea.
