4184 6482
722 394 858 454 1639

1904 397 1965 455 S.
1996 393 2391 455 TIIEODORI
2425 394 2782 454 STUDlTﬂi

3832 386 3971 446 1640

718 507 890 570 cnlas,
925 519 1143 559 omnem
1186 504 1476 575 imaginem
1522 521 1645 562 esse
1688 506 2173 562 demonstrativam
2206 506 2287 559 al-

2389 506 2670 575 γουμένως
2704 508 2810 574 γὰρ
2834 503 2976 555 κατὰ
3004 502 3073 555 τὰ
3118 495 3597 569 προσκευασθέντα
3629 511 3713 547 σοι
3740 496 3971 563 λημμά-

722 599 911 661 terius,
955 598 1213 651 nimirum
1264 600 1533 670 prototypi
1581 618 1595 653 :
1646 615 1729 664 ac,
1766 600 1811 654 si
1838 617 1903 655 ex
1942 610 2058 654 arte
2100 614 2284 671 gram-

723 690 919 745 matica
965 689 1293 759 loquendmu
1348 704 1450 755 est,
1487 692 1589 747 hoc
1639 694 1921 746 relativum
1957 694 2080 755 erit,
2139 690 2285 763 quod

719 785 1095 841 similitudinis
1128 784 1573 855 signil‘tcativum,
1604 794 1658 839 et
1686 786 2197 849 demonstrativum,
2230 792 2285 839 et

719 876 1217 945 repraesentatiwm
1242 877 1564 945 appellatur.
1593 876 1900 941 Quinetiam
1936 890 2042 929 non
2083 886 2142 929 ut
2173 891 2287 929 ma-

721 969 868 1022 teria:
897 967 1237 1021 tribuendam
1265 984 1384 1022 esse
1408 967 1779 1023 adorationem
1806 968 2027 1037 imagini
2056 966 2283 1028 Christi.

718 1060 811 1114 sed
866 1068 925 1113 ut
981 1057 1200 1114 Christo
1254 1060 1403 1127 ipsi:
1470 1057 1742 1128 siquidem
1808 1062 1981 1112 honor
2035 1059 2286 1127 imaginis

718 1150 962 1204 ascendit
988 1151 1052 1203 ad
1086 1160 1457 1220 prototypum,
1537 1151 1828 1213 subducta,
1883 1166 1977 1219 per
2014 1152 2283 1204 actionem

719 1243 936 1306 mentis,
973 1244 1198 1296 materia
1233 1258 1296 1295 ex
1326 1243 1639 1297 charactere
1670 1242 1758 1308 qui
1796 1242 1848 1295 in
1888 1258 1949 1295 ea
1996 1241 2281 1295 formatur.

717 1333 783 1387 Et
806 1335 972 1388 latriae
1002 1336 1149 1388 cultu
1182 1334 1467 1389 deferenda
1515 1345 1619 1399 est,
1653 1347 1710 1390 ut
1742 1336 1845 1397 ais,
1878 1336 2129 1389 adoratio
2155 1334 2287 1390 Ser-

718 1428 886 1481 vatori
940 1430 1175 1493 Christo,
1230 1440 1284 1483 et
1328 1442 1452 1485 ante
1479 1446 1718 1493 carnem,
1759 1440 1813 1483 et
1861 1441 1982 1498 post
2032 1431 2288 1483 incarna-

718 1520 920 1573 tionem
952 1536 966 1585 ;
1000 1531 1053 1573 et
1081 1530 1205 1574 ante
1238 1522 1551 1591 imaginem,
1590 1532 1642 1575 et
1676 1537 1769 1591 per
1794 1521 1939 1574 illam
1976 1539 1989 1574 :
2022 1537 2121 1575 nec
2153 1536 2285 1576 sana

717 1622 900 1667 mente
949 1615 1239 1683 quisquam
1282 1625 1384 1677 est,
1433 1614 1644 1683 opinor,
1680 1613 1769 1681 qui
1806 1613 1932 1667 huic
1968 1624 2112 1668 recte
2150 1630 2285 1669 con-

717 1710 921 1760 stitutae
970 1707 1231 1760 doctrinae
1268 1722 1325 1761 se
1360 1715 1616 1775 opponat.
1664 1704 1767 1760 Sed
1805 1714 1859 1760 et
1888 1708 2172 1775 exemplis,
2202 1707 2284 1762 vel

717 1800 846 1853 solis
885 1799 951 1853 ad
979 1814 1173 1867 aquam
1206 1801 1287 1853 vel
1323 1800 1575 1868 trianguli
1624 1800 2017 1864 immaterialis,
2050 1801 2151 1856 hoc
2178 1810 2281 1865 est,

716 1890 1102 1952 mathematici,
1137 1891 1201 1944 ad
1246 1890 1605 1952 materialem,
1637 1906 1740 1944 non
1770 1890 1983 1945 videtur
2025 1891 2283 1947 insisten-

715 1984 866 2037 dum.
904 1982 1175 2048 Quoniam
1214 1999 1308 2053 per
1347 1984 1690 2053 hypothesim
1725 1984 1771 2039 si
1808 1996 2077 2049 sumatur,
2129 1986 2288 2041 latria

714 2076 998 2129 colendum
1055 2091 1177 2131 esse
1238 2076 1428 2141 solem,
1480 2086 1533 2130 et
1590 2076 1816 2146 ﬁguram
1875 2077 2285 2147 triangularem,

713 2169 1034 2237 priusquam
1069 2170 1150 2222 vel
1186 2167 1273 2222 ille
1318 2168 1369 2222 in
1404 2168 1561 2237 aquis
1600 2168 1781 2233 micet,
1817 2169 1897 2223 vel
1937 2170 2049 2224 lucc
2083 2169 2135 2222 in
2175 2185 2290 2223 ma-

714 2261 848 2315 tetia
896 2272 1191 2316 cernatur:
1236 2261 1585 2317 manifestum
1638 2272 1743 2324 est,
1788 2263 1951 2317 etiam
2000 2274 2286 2333 postquam

713 2351 827 2404 haec
874 2352 1193 2417 acciderint,
1228 2353 1307 2406 vel
1364 2354 1527 2407 simul
1563 2353 1703 2409 facta
1741 2352 1962 2419 fuerint,
2000 2355 2158 2409 latria
2192 2369 2289 2410 co-

712 2440 930 2495 lendum
965 2453 1258 2512 utrumque
1290 2459 1434 2499 esse.
1470 2445 1561 2499 Sic
1605 2446 1751 2499 enim
1787 2453 1842 2501 et
1871 2445 2160 2500 Dominum
2189 2463 2289 2502 no-

713 2544 885 2589 strum
922 2532 1105 2591 Jesum
1133 2535 1409 2591 Christum
1439 2540 1681 2608 apposite
1712 2540 2019 2603 ostendisti,
2052 2550 2110 2594 ut
2140 2550 2287 2606 ante,

714 2629 794 2681 sic
841 2637 894 2682 et
934 2638 1054 2697 post
1099 2630 1554 2696 incarnationem,
1602 2632 1760 2685 latria
1825 2633 1930 2687 coli
1988 2634 2186 2687 debere
2235 2643 2290 2688 et

714 2721 951 2775 adorari.
1005 2721 1184 2776 Latria
1230 2739 1359 2793 ergo
1406 2724 1693 2777 colendum
1734 2740 1857 2779 esse
1902 2724 2203 2789 Christum,
2255 2742 2289 2781 ο

714 2814 906 2877 amice,
932 2815 984 2866 in
1019 2813 1273 2869 confesso
1322 2826 1405 2868 est
1438 2832 1451 2868 :
1485 2824 1539 2869 at
1566 2829 1672 2869 non
1704 2816 1773 2869 ita
1830 2819 2138 2871 veneranda
2169 2818 2288 2885 ejus

714 2904 893 2973 imago
922 2902 1078 2957 latria
1120 2903 1495 2975 prosequenda
1527 2913 1629 2972 est,
1655 2907 1799 2961 sicut
1843 2906 2000 2975 juxta
2028 2909 2287 2980 hypothe-

716 2995 845 3059 sint,
891 2995 971 3048 sol
1021 3011 1173 3064 aqua:
1208 2995 1512 3061 immixtus,
1543 3007 1600 3051 at
1640 3013 1746 3051 non
1784 2998 1965 3069 imago
2013 3002 2143 3055 solis
2182 3018 2193 3055 :
2234 3009 2289 3055 et

716 3087 1023 3156 triangulus
1053 3088 1295 3143 materie
1336 3088 1547 3153 allixus,
1590 3099 1645 3143 at
1674 3106 1778 3145 non
1803 3091 1983 3161 imago
2009 3092 2285 3163 trianguli.

715 3178 947 3232 Attende
994 3180 1161 3242 enim,
1212 3179 1352 3249 apud
1384 3195 1485 3233 nos
1524 3181 1866 3236 Christianos
1915 3183 2130 3237 unicam
2170 3199 2287 3238 esse
2315 3200 2357 3256 ο

714 3268 952 3333 latriam,
1000 3286 1163 3337 quam
1200 3271 1299 3325 soli
1346 3281 1548 3326 sanctae
1576 3281 1630 3327 et
1676 3274 2122 3328 consubstantiali
2169 3274 2287 3328 Tri-

718 3362 874 3416 nitati
895 3364 1111 3418 exhibet
1138 3366 1391 3419 universa
1416 3376 1607 3419 natura
1628 3366 1861 3421 visibilis
1885 3377 1937 3420 et
1968 3368 2285 3424 invisibilis.

716 3452 827 3509 Nec
862 3453 947 3511 fas
988 3464 1071 3511 est
1118 3458 1480 3511 venerandam
1536 3458 1822 3528 imaginem
1864 3459 2089 3526 Christi,
2133 3463 2286 3517 latria

716 3547 997 3601 colendam
1043 3549 1239 3603 dicere.
1296 3547 1539 3604 Duorum
1592 3552 1735 3603 enim
1790 3552 2065 3607 alterum:
2106 3561 2198 3608 aut
2236 3553 2286 3607 id

718 3638 865 3707 quod
922 3639 1101 3705 latria,
1161 3641 1305 3696 sicut
1356 3641 1468 3703 illa,
1522 3641 1805 3697 colendum
1857 3644 1945 3707 sit,
2004 3642 2286 3698 Trinitatis

721 3732 891 3785 latria:
914 3732 1103 3793 inseri,
1128 3734 1273 3801 quod
1306 3733 1642 3801 impossibile
1677 3751 1692 3799 ;
1720 3734 1847 3803 quia
1889 3734 2141 3789 Trinitati
2186 3736 2287 3789 ad-

717 3822 850 3875 ditio
882 3820 1071 3875 inferri
1102 3822 1247 3877 nulla
1288 3832 1486 3892 potest,
1518 3824 1630 3892 jam
1656 3825 1801 3878 enim
1842 3824 2176 3895 quaternitas
2203 3824 2288 3880 fo-

718 3925 798 3968 ret
826 3932 839 3968 :
880 3924 974 3968 aut
1003 3915 1048 3969 si
1082 3929 1189 3967 non
1223 3914 1521 3980 inseratur,
1558 3916 1652 3971 sed
1691 3916 1869 3984 ipsum
1896 3931 1990 3987 per
2020 3932 2078 3972 se
2099 3918 2280 3972 colen-

713 4008 845 4060 dum
877 4005 966 4069 sit,
997 4006 1134 4061 duas
1158 4007 1298 4076 apud
1328 4020 1428 4063 nos
1473 4007 1660 4063 latrias
1685 4008 1868 4062 doceri
1901 4025 1914 4061 :
1962 4023 2071 4079 quo
2102 4010 2229 4079 quid
2255 4024 2284 4063 a

719 4100 874 4154 nobis
894 4106 1208 4169 expeterent
1247 4101 1596 4170 grtecizantes
1644 4099 1984 4155 lconomachi
2007 4142 2021 4166 ,
2046 4116 2207 4170 quam
2229 4110 2286 4155 ut

719 4192 843 4246 inde
874 4192 1243 4257 ostenderent,
1282 4208 1403 4257 nos,
1432 4194 1670 4248 admissa
1702 4194 1904 4264 duplici
1931 4194 2107 4257 latria,
2131 4209 2283 4247 crea-

718 4294 895 4337 turam
966 4295 1159 4353 prmter
1202 4284 1518 4339 Creatorem
1582 4285 1780 4351 colere,
1849 4286 2285 4355 Arianorumque

719 4374 983 4442 impietati
1032 4373 1169 4426 nihil
1214 4373 1515 4429 concedere
1558 4374 1581 4427 ἲ
1634 4375 1923 4428 Adoranda
1984 4375 2149 4443 igitur
2200 4383 2284 4429 est

2386 613 2497 662 τια,
2534 596 2617 648 ὅτι
2651 597 2803 648 πᾶσα
2830 592 2995 646 εἰκὼν
3029 591 3190 646 ἄλλου
3231 591 3347 642 ἐστὶ
3386 586 3678 657 δηλωτικῆ,
3719 586 3972 657 δηλονότι

2386 686 2484 739 τοῦ
2521 685 2883 756 πρωτοτύπου
2902 699 2916 713 ’
2950 682 3047 735 καὶ
3082 683 3129 735 εἰ
3163 682 3267 751 χρὴ
3291 681 3459 748 φάναι
3486 678 3629 731 κατὰ
3655 677 3754 747 τὴν
3783 694 3973 747 γραμο

2390 779 2628 847 ματικὴν
2687 774 3060 845 τεχνολογίαν,
3122 771 3266 826 τοῦτ’
3296 772 3362 827 ἂν
3415 770 3502 839 εἴη
3547 770 3909 839 ἀναφορικὸν,
3943 767 3973 821 ὅ

2386 870 2481 922 καί⁸
2504 866 2908 938 ὁμοιωματικὸν
2947 866 3043 920 καὶ
3076 864 3347 919 δεικτικὸν
3392 864 3486 917 καὶ
3539 861 3971 916 ἀνταποδοτικδν

2386 960 2655 1013 καλεῖται.
2686 960 2797 1011 Καὶ
2841 958 2946 1029 μὴν
2986 957 3084 1027 οὐχ
3122 957 3198 1019 ὡς
3248 956 3349 1025 ὕλη
3396 956 3507 1009 δεῖν
3548 956 3856 1024 προσάγειν
3901 956 3967 1021 τῇ

2385 1049 2623 1119 Χριστοῦ
2654 1050 2823 1103 εἰκόνι
2849 1050 2946 1119 τὴν
2976 1046 3347 1117 προσκύνησιν
3365 1061 3378 1075 ο
3413 1045 3527 1099 ἀλλ’
3559 1045 3635 1107 ὡς
3658 1045 3808 1114 αὐτῷ
3831 1046 3969 1114 Χριο

2389 1142 2499 1215 στῷ
2526 1159 2538 1171 ·
2576 1142 2734 1209 εἰπερ
2760 1142 2794 1210 η
2822 1141 2921 1209 τῆς
2954 1140 3161 1202 εἰκόνος
3191 1138 3323 1209 τιμὴ
3365 1138 3461 1190 ἐπὶ
3495 1138 3557 1190 τὸ
3600 1139 3967 1207 πρωτότυπον

2386 1233 2691 1299 ἀναϐαίνει,
2743 1232 3216 1301 ὑπεξαιρουμένης
3252 1231 3351 1300 τῆς
3398 1230 3529 1299 ὕλης
3578 1229 3657 1298 τῷ
3700 1230 3801 1297 τῆς
3845 1231 3969 1281 ἑπι-

2387 1327 2535 1389 νοίας
2556 1325 2702 1394 λόγῳ
2731 1326 2795 1377 ὲκ
2818 1323 2912 1377 τοῦ
2938 1327 2997 1376 ὲν
3032 1323 3169 1391 αὐτῇ
3191 1320 3660 1391 σχηματιζομένου
3682 1322 3968 1389 χαρακτῆ-

2390 1434 2503 1487 ρος.
2544 1416 2656 1469 Καὶ
2684 1414 3017 1484 λατρευτῶς,
3048 1412 3122 1476 ὡς
3145 1414 3271 1482 φὴς,
3300 1410 3640 1481 προσακτέον
3667 1409 3764 1480 τὴν
3794 1427 3969 1480 προσ-

2386 1511 2616 1580 κύνησιν
2641 1509 2719 1578 τῷ
2755 1508 2972 1578 Σωτῆρι
3025 1507 3271 1577 Χριστῷ,
3305 1506 3400 1558 καὶ
3437 1506 3543 1574 πρὸ
3595 1503 3818 1572 σαρκὸς,
3870 1504 3970 1556 καὶ

2390 1603 2529 1675 μετά
2565 1602 2846 1672 σάρκωσιν
2867 1619 2879 1631 '
2907 1601 3002 1653 καὶ
3032 1599 3137 1670 πρὸ
3165 1603 3264 1669 τῆς
3292 1596 3521 1664 εἰκόνος,
3550 1598 3644 1651 καὶ
3658 1596 3723 1649 δι’
3750 1597 3929 1663 αὐτῆς
3951 1612 3966 1626 ·

2387 1698 2481 1751 καὶ
2510 1695 2685 1757 οὐδεὶς
2714 1694 2820 1748 τῶν
2860 1693 2922 1747 εὖ
2955 1690 3315 1762 φρονούντων,
3357 1684 3531 1758 οἶμαι,
3576 1687 3968 1757 ἀντιφέρεσθαι

2386 1791 2501 1850 τοῖς
2556 1786 2732 1858 ὀρθῶς
2775 1784 3314 1856 δεδογματισμὲνοις.
3344 1782 3508 1835 Ἀλλὰ
3559 1783 3666 1852 γὰρ
3706 1782 3805 1833 καὶ
3840 1782 3963 1842 τοῖς

2390 1882 2754 1951 ὑποδείγμασι
2802 1878 2897 1935 τοῦ
2960 1895 3019 1931 τε
3079 1876 3233 1949 ἡλίου
3283 1876 3421 1949 πρὸς
3443 1875 3505 1929 τὸ
3542 1874 3710 1945 ὕδωρ,
3746 1873 3965 1927 καὶτοῦ

2390 1972 2557 2027 ἀΰλου
2585 1969 2873 2042 τριγώνου,
2910 1970 3029 2039 ἤτοι
3063 1966 3477 2040 μαθηματικοῦ,
3509 1965 3645 2035 πρὸς
3658 1964 3721 2016 τὸ
3753 1964 3964 2026 ἑνυλον,

2389 2066 2488 2119 οὐκ
2544 2066 2889 2134 ἀπεμφαῖνον
2927 2060 3178 2115 ἕπεσθαι.
3239 2060 3395 2113 Ἑπεὶ
3443 2057 3562 2111 καθ’
3595 2055 3853 2110 ὑπόθεσιν
3915 2056 3965 2107 εἰ

2388 2157 2621 2229 ληφθείη
2649 2155 2944 2227 λατρευτὸς
2986 2156 3014 2207 ὁ
3053 2154 3225 2223 ἥλιος,
3257 2152 3291 2223 ἥ
3327 2151 3390 2206 τὸ
3434 2150 3695 2223 τρίγωνον
3747 2147 3964 2217 σχῆμα,

2390 2246 2499 2315 πρὸ
2533 2246 2627 2298 τοῦ
2655 2245 2748 2298 τὸν
2784 2244 2883 2313 μὲν
2912 2246 2970 2297 ἑν
2999 2242 3155 2296 ὕδασι
3187 2242 3434 2308 πάλλειν,
3465 2242 3527 2294 τὸ
3556 2240 3613 2293 δὲ
3646 2238 3753 2308 πρὸ
3782 2238 3881 2291 τοῦ
3903 2240 3964 2291 ἐν

2392 2339 2496 2413 ὕλῃ
2526 2337 2905 2408 ὑποφανθῆναι
2932 2352 2949 2368 °
2985 2336 3247 2409 δηλονότι,
3304 2336 3401 2389 καὶ
3456 2332 3593 2404 μετὰ
3630 2331 3729 2401 τὴν
3782 2332 3966 2383 ὲκείσε

2390 2431 2694 2501 ἔμπτωσιν,
2725 2430 2846 2501 ἦτοι
2878 2430 3177 2499 συμφυΐαν,
3220 2425 3515 2496 λατρευτὸν
3541 2424 3823 2494 ἑκάτερον.
3851 2421 3963 2475 Οὖο

2389 2539 2468 2577 τω
2505 2522 2617 2592 γὰρ
2642 2522 2736 2574 καὶ
2759 2522 2855 2574 τὸν
2882 2523 3087 2591 Κύριον
3125 2524 3158 2591 ἡ
3169 2520 3287 2589 μῶν
3339 2516 3547 2587 Ἰησοῦν
3562 2517 3798 2587 Χριστὸν
3823 2516 3964 2584 ἀραο

2391 2612 2561 2685 ρότως
2589 2614 2896 2678 ὑπέδειξας,
2920 2614 3015 2665 καὶ
3050 2614 3189 2683 μετά
3213 2613 3486 2681 σάρκωσιν
3514 2610 3590 2671 ὡς
3618 2608 3722 2677 πρὸ
3740 2605 3963 2677 σαρκώ-

2390 2723 2529 2769 σεως
2548 2706 2843 2776 λατρευτδν
2876 2702 3015 2759 εἷναί
3042 2722 3101 2758 τε
3124 2705 3220 2758 καὶ
3241 2702 3684 2775 προσκυνεῖσθαι.
3713 2702 3964 2770 Δατρευ-

2388 2798 2482 2862 τὸς
2504 2791 2618 2861 οὖν,
2652 2790 2697 2850 ὦ
2723 2798 2844 2859 τᾶν,
2874 2800 2903 2849 ὁ
2933 2796 3165 2864 Χριστὸς
3198 2793 3645 2864 ὁμολογουμένως
3662 2808 3677 2821 ·
3697 2789 3815 2843 ἀλλ’
3840 2789 3963 2860 οὐχὶ

2391 2892 2423 2959 ἡ
2454 2890 2627 2960 σεπτὴ
2650 2888 2813 2942 αὑτοῦ
2841 2888 3004 2941 εἰκὼν
3050 2886 3337 2956 λατρευτή,
3373 2884 3563 2952 ὥσπερ
3600 2882 3695 2935 καὶ
3738 2882 3768 2934 ὁ
3799 2882 3954 2952 ἥλιος

2390 2983 2516 3035 καθ’
2545 2980 2800 3035 ὑπόθεσιν
2833 2978 3113 3050 συμμιγὴς
3146 2977 3224 3047 τῷ
3246 2976 3423 3040 ῦὸατι,
3457 2974 3575 3028 ἀλλ’
3600 2974 3771 3045 ούχὶὴ
3797 2973 3961 3027 εἰκὼν

2390 3074 2483 3128 τοῦ
2513 3074 2663 3145 ἡλίου
2687 3091 2701 3105 ·
2733 3076 2827 3126 καὶ
2856 3074 2917 3125 τὸ
2952 3070 3217 3141 τρίγωνον
3251 3068 3460 3123 ὑλωθὲν
3484 3107 3499 3133 ,
3529 3066 3643 3121 ἀλλ’
3668 3069 3791 3137 οὐχὶ
3824 3069 3857 3137 η
3876 3069 3959 3119 εἰς

2391 3166 2503 3220 κὼν
2532 3165 2626 3218 τοῦ
2647 3162 3087 3235 τριγώνου.⁶’ορα
3118 3162 3225 3232 γὰρ
3241 3162 3324 3214 ὅτι
3352 3161 3450 3231 μία
3481 3162 3515 3231 ἡ
3542 3160 3769 3231 λατρεία
3796 3158 3957 3229 ἡμῶν

2388 3259 2497 3313 τῶν
2518 3256 2858 3329 Χριστιανῶν
2884 3256 3020 3327 μόνῃ
3050 3258 3115 3327 τῇ
3150 3254 3283 3327 ἁγία
3316 3255 3411 3309 καί⁸
3445 3254 3718 3323 ὀμοουσίῳ
3751 3250 3947 3321 Τριάδι

2392 3347 2871 3420 προσενηνεγμένη
2902 3348 3005 3402 ὑπό
3046 3364 3106 3400 τε
3148 3348 3328 3418 πάσης
3378 3346 3579 3418 ὁρατῆς
3622 3344 3836 3413 φύσεως
3863 3344 3960 3399 καὶ

2389 3442 2641 3512 ἀοράτου.
2674 3442 2783 3493 Καὶ
2809 3441 2909 3493 οὐκ
2946 3440 3183 3511 ἐγχωρεῖ
3212 3438 3311 3508 τὴν
3359 3436 3565 3507 σεπτὴν
3610 3436 3794 3489 εἰκόνα
3825 3436 3958 3505 Χρι-

2389 3532 2517 3587 στοῦ
2552 3532 2858 3605 λατρευτὴν
2887 3533 3072 3601 φάναι.
3104 3532 3263 3587 Δυοῖν
3277 3530 3386 3600 γὰρ
3412 3529 3639 3599 θάτερον
3662 3544 3675 3557 ·
3698 3528 3731 3600 ἢ
3758 3528 3818 3580 τὺ
3838 3530 3957 3582 κατ’

2387 3627 2559 3696 αὐτὴν
2590 3625 2883 3697 λατρευτδν
2914 3627 2979 3694 τῇ
3011 3622 3261 3693 τριαδικῇ
3290 3621 3517 3692 λατρεία
3538 3623 3954 3690 συνεισκρίνειν.

2387 3720 2525 3791 ὅπερ
2549 3718 2849 3773 ἀδύνατον·
2884 3715 3117 3782 ἐπείπερ
3166 3714 3268 3767 οὐκ
3317 3712 3593 3781 ἐνδέχεται
3637 3711 3957 3783 προσθήκην

2386 3812 2507 3867 τινὰ
2550 3808 2902 3863 συνεισοίσειν
2946 3810 3013 3877 τῇ
3047 3805 3277 3877 Τριάδι’
3308 3804 3664 3875 εὑρεθήσεται
3708 3804 3817 3875 γὰρ
3867 3820 3957 3856 τε-

2386 3906 2521 3972 τρὰς
2545 3902 2682 3957 οὖσα
2703 3917 2717 3931 ·
2753 3900 2787 3971 ἢ
2826 3900 2901 3971 μὴ
2924 3897 3433 3969 συνεισκρινομὲνου
3456 3899 3659 3960 ἐκεῖσε,
3683 3897 3805 3951 καθ’
3826 3898 3955 3949 ἑαυ-

2386 3996 2447 4048 τδ
2476 3994 2533 4048 δὲ
2564 3994 2733 4058 ὅντως
2772 3992 3087 4063 λατρευτοῦ,
3120 3992 3214 4045 δύο
3237 3992 3336 4055 τὰς
3356 3991 3611 4063 λατρείας
3642 3992 3800 4063 ἡμῶν
3832 3992 3955 4058 δογ-

2389 4088 2637 4158 ματίζειν
2655 4102 2668 4115 ·
2702 4087 2796 4139 καὶ
2822 4084 3090 4139 τίᾶνάλλο
3111 4086 3323 4155 ζητοῖεν
3350 4085 3613 4155 Ἑλλήνιοι
3652 4086 3795 4155 (cod.
3822 4084 3953 4152 Reg.

2385 4178 2551 4251 ἑλεῖν]
2585 4178 2940 4248 Εἰκονομάχοι
2994 4177 3131 4247 πρὸς
3162 4176 3341 4248 ἡμῶν,
3376 4177 3410 4247 ἢ
3435 4178 3495 4230 τδ
3527 4176 3775 4232 ἐντεῦθεν
3815 4178 3954 4229 ἀποο

2382 4271 2552 4336 δεῖξαι
2582 4272 2730 4341 ἡμᾶς
2760 4272 2826 4340 τῇ
2854 4269 3013 4340 δυῖκῇ
3044 4268 3269 4341 λατρεία
3292 4268 3657 4339 λατρεύοντας
3687 4270 3754 4337 τῇ
3776 4268 3954 4321 κτίσει

2385 4363 2537 4431 παρά
2564 4362 2653 4414 τὸν
2686 4358 2982 4427 κτίσαντα,
3008 4361 3104 4415 καὶ
3155 4361 3310 4416 οὐδὲν
3330 4361 3439 4415 τῶν
3480 4357 3772 4431 ’Δρειανῶν
3800 4358 3955 4410 ἐλάτ-

718 4469 895 4538 imago
937 4466 1162 4530 Christi,
1214 4475 1271 4520 at
1311 4481 1419 4520 non
1459 4465 1750 4522 deferenda
1809 4466 1886 4521 illi
1944 4467 2137 4531 latria,
2187 4469 2277 4521 sed

2387 4469 2508 4516 τους
2537 4450 2678 4505 κατά
2712 4449 3005 4512 deﬁcitur;
3036 4450 3447 4519 Προσκυνητέον
3515 4444 3611 4501 οῦν
3654 4448 3721 4517 τῇ
3783 4446 3954 4499 εἰκόνι

715 4531 954 4619 Christo,
1006 4558 1099 4627 qui
1134 4560 1185 4611 in
1225 4573 1289 4612 ea
1342 4559 1619 4621 adoratur,
1665 4558 1823 4627 juxta
1870 4559 2278 4628 consequentiae

2387 4541 2640 4613 Χριστοῦ,
2669 4541 2731 4594 ού
2766 4540 3123 4612 λατρευτέον⁶
3155 4541 3290 4596 ἀλλὰ
3334 4540 3413 4610 τῷ
3442 4540 3500 4591 ὲν
3542 4538 3679 4606 αὐτῇ
3722 4552 3954 4628 προσκυ-

716 4652 981 4713 rationem
1013 4669 1025 4705 :
1061 4650 1323 4719 quoniam
1356 4650 1469 4705 haec
1512 4651 1621 4703 duo
1655 4660 1803 4715 sunt,
1838 4653 2017 4721 imago
2066 4662 2119 4707 et
2156 4668 2281 4721 pro-

2379 4634 2625 4704 νουμένῳ
2680 4633 2922 4703 Χριστῷ.
2951 4634 3093 4686 κατὰ
3141 4633 3233 4686 τὸν
3277 4632 3379 4701 τῆς
3441 4629 3766 4691 ἀκολουθίας
3807 4626 3951 4699 [eoi].

718 4753 959 4811 totypum
987 4754 1003 4804 ;
1028 4749 1083 4795 et
1104 4739 1399 4795 discrimen
1422 4749 1523 4805 est,
1553 4755 1657 4795 non
1684 4742 1736 4795 in
1761 4719 2061 4812 hypostasi,
2099 4719 2191 4797 sed
2225 4744 2279 4797 in

2387 4728 2513 4799 Reg.
2541 4724 2823 4799 ἀληθείας]
2857 4726 3017 4795 λόγον
3042 4743 3057 4757 ·
3094 4725 3282 4795 ἐπειδὴ
3312 4724 3486 4778 ταῦτα
3534 4723 3647 4787 δύο,
3699 4719 3865 4773 εἰκών
3887 4736 3947 4772 τε

719 4832 979 4888 essentia.

822 5032 1043 5091 CCXIII.
1072 5063 1146 5073 ——
1170 5031 1417 5093 Michaeli
1450 5030 1692 5102 Syncello
1739 5030 2172 5103 Hagiopolitano.

2382 4822 2478 4875 atat
2505 4820 2884 4893 πρωτότυπον,
2912 4818 3007 4872 καὶ
3034 4818 3067 4888 ἡ
3097 4817 3424 4887 διαφορότης
3446 4816 3547 4868 οὐκ
3581 4813 3673 4867 ἐπὶ
3702 4812 3802 4882 τῆς
3826 4813 3954 4865 ὑπο-

2384 4912 2648 4976 στάσεως,
2675 4908 2809 4966 ἀλλὰ
2838 4908 2977 4963 κατά
3012 4908 3102 4962 τὸν
3130 4907 3230 4976 τῆς
3257 4906 3447 4970 οὐσίας
3486 4905 3668 4973 λόγον.

2460 5024 2603 5079 XII”.
2648 5022 2723 5095 (8)
2754 5053 2821 5066 -
2848 5020 3090 5095 Μιχαὴᾴ
3126 5024 3218 5095 ΔΣζυ

3056 5090 3223 5163 [ωλισ.

3296 5020 3456 5085 suo
3504 5020 3879 5089 Ἀγιοπολίτῃ

714 5232 902 5284 Laudat
920 5231 1061 5280 illum
1087 5230 1149 5279 ob
1179 5243 1237 5281 ea
1262 5244 1374 5293 qua:
1394 5230 1753 5291 Hierosolymis
1781 5245 1869 5293 pro
1890 5235 2113 5281 veritatis
2133 5232 2447 5282 confessione
2478 5234 2772 5295 pertulerat,
2807 5235 2912 5281 tum
2946 5229 3140 5281 nuntiat
3174 5232 3572 5293 persecutionem
3604 5226 3945 5281 Constantino-

1719 5297 1821 5356 poli
1850 5308 2089 5344 cessasse.
2129 5298 2329 5354 (ηκτοι).
2366 5309 2447 5345 an.
2478 5294 2590 5355 845,
2616 5308 2667 5343 n.
2692 5294 2795 5355 ιε.)

785 5405 979 5461 Scribo
1012 5421 1155 5460 nunc
1187 5405 1252 5459 ad
1285 5405 1640 5461 reverentiam
1678 5416 1849 5473 tuam,
1880 5408 2100 5476 quando
2141 5407 2274 5461 mihi

714 5495 807 5552 Dei
828 5507 955 5551 nutu
983 5497 1176 5567 obtigit
1196 5508 1257 5552 ut
1277 5497 1523 5567 epistola:
1546 5498 1858 5554 ministrum
1882 5499 2226 5555 nanciscerer
2254 5515 2267 5551 :

2460 5408 2620 5475 Ἀρτι
2650 5404 2950 5459 ἐπιστέλλω
2986 5405 3342 5477 τῇτιμιότητί
3373 5421 3487 5469 σου,
3518 5402 3757 5471 ὁπηνίκα
3806 5400 3940 5453 εὐω-

2384 5496 2529 5571 δώθη
2568 5516 2658 5569 μοι
2687 5501 2746 5554 ὲν
2776 5497 2854 5573 τῷ
2880 5496 3147 5569 θελήματι
3174 5495 3268 5550 τοῦ
3312 5494 3445 5549 Θεοῦ
3489 5494 3673 5566 εὑρεῖν
3697 5492 3939 5548 διάκονον

2237 5678 2465 5738 ΝΟΤᾹΖ.

778 5839 855 5910 (8)
892 5840 947 5896 in
979 5840 1075 5896 cod
1134 5836 1263 5908 Reg.
1296 5856 1387 5907 ei;
1412 5881 1427 5895 .
