4184 6502
214 427 349 494 1641

1405 444 1755 505 EPISTOLA
1768 445 1933 506 RUM
1988 445 2131 503 LIB.
2194 446 2275 505 ῙῘ.

3330 444 3461 512 1642

209 546 308 599 τοῦ
338 546 664 617 γράμματος
684 563 697 578 ·
735 548 861 601 ἐπεὶ
900 547 1126 618 ἔμελλον
1152 551 1218 604 ἂν
1242 552 1302 616 ἐξ
1328 556 1497 623 αὐτῆς
1522 557 1623 623 τῆς
1653 557 1790 611 καθ-

1893 558 2134 627 alioquin
2176 574 2243 611 ex
2284 558 2397 626 ipsa
2430 556 2678 613 custodia
2711 568 2893 613 nostra
2929 556 3164 628 idipsum
3216 558 3462 615 facturus

210 640 441 711 είρξεως
471 640 629 710 ἡμῶν
653 640 787 694 αὐτὸ
814 642 975 695 τοῦτο
998 647 1195 709 ποιεῖν,
1217 648 1309 699 καὶ
1331 648 1429 717 οὐχ
1455 648 1624 714 ἅπαξ.
1653 652 1787 705 ἀλλὰ

214 732 316 787 καὶ
348 732 429 796 δὶς
455 733 550 785 καὶ
571 732 835 797 πολλάκις
865 735 1028 799 fatur
1064 736 1184 790 οὐδὲ
1234 740 1341 807 γὰρ
1381 741 1466 794 ὃτι
1502 742 1659 812 ὑμεῖς
1701 745 1790 798 ἀλ-

210 824 491 889 λοδαπεῖς,
518 826 681 895 ἡμεῖς
710 825 864 896 ὑμῶν
893 828 1233 898 ὲτεροειδεῖς.
1278 831 1416 884 Ἀλλ’
1440 834 1522 885 ὅτι
1563 835 1627 887 ἐκ
1659 838 1788 903 μιᾶς

212 917 424 988 μητρὸς
452 916 555 986 τῆς
606 917 883 981 υἱοθεσίας
936 922 1350 991 γεγεννημένοι,
1387 926 1482 977 καὶ
1525 924 1604 995 τῷ
1641 927 1790 996 αὑτῴ

206 1007 528 1079 χαρακτῆρι
564 1008 664 1078 τῆς
696 1008 1023 1080 εἰλικρινοῦς
1052 1013 1287 1077 πίστεως
1346 1018 1786 1087 μεμορφωμένοι,

207 1102 309 1152 καί
334 1099 571 1169 ἀδελφοὶ,
629 1102 726 1154 καὶ
759 1103 1110 1173 συμπολῖται,
1158 1106 1403 1177 κεφαλὴν
1443 1108 1661 1177 ἔχοντες
1696 1111 1789 1161 τὸν

207 1192 451 1263 Χριστόν
474 1211 489 1224 ο
520 1188 693 1265 οὗπερ
740 1195 817 1259 ὡς
866 1196 1027 1267 σῶμα
1060 1199 1363 1264 τελοῦντες,
1408 1201 1507 1254 καὶ
1538 1202 1694 1270 μέλη
1720 1202 1788 1255 ὲκ

201 1282 432 1352 μέρους
464 1283 742 1353 ὀφειλέται
778 1286 949 1356 ἐσμὲν
982 1288 1075 1341 καὶ
1105 1290 1424 1361 συγχαίρειν
1452 1290 1701 1360 ἀλλήλοις
1730 1292 1789 1343 ἐν

204 1379 326 1439 τοῖς
345 1377 563 1445 δεξιοῖς,
582 1380 675 1432 καὶ
694 1380 951 1435 ἀνιᾶσθαι
973 1378 1041 1436 αὖ
1066 1382 1158 1436 ἐπὶ
1180 1387 1292 1447 τοῖς
1327 1384 1611 1456 λυπηροῖς.
1647 1385 1788 1439 Ἀλλ’

207 1467 257 1521 ib
286 1469 425 1533 πῶς,
463 1470 668 1541 ἀλλαχῇ
710 1470 1077 1543 ὡρμημένους
1122 1477 1267 1545 ὑμᾶς
1314 1478 1663 1548 πορεύεσθαι,
1687 1481 1786 1549 ἡν-

208 1560 505 1631 άγκασενή
527 1562 669 1631 φορά
692 1562 787 1615 τοῦ
812 1564 1009 1634 καιροῦ
1034 1566 1092 1617 ὲν
1129 1567 1361 1634 ἄρκυσιν
1395 1568 1658 1636 ἐμπεσεῖν
1679 1568 1787 1620 τῶν

208 1653 755 1724 τῇδεκρατοῦντωνς
788 1655 856 1708 Τί
879 1652 975 1709 οὖν
1004 1656 1151 1711 ἔστιν
1185 1659 1363 1711 εἰπεῖν
1393 1659 1532 1731 πρὸς
1575 1659 1785 1725 ταῦτα;

206 1744 244 1813 ἢ
277 1746 416 1816 ὅπερ
444 1748 578 1817 φησὶ
607 1747 670 1800 τὸ
696 1748 841 1817 ἱερὸν
872 1749 1109 1820 γράμμα
1129 1767 1143 1781 ⁸
1182 1750 1291 1805 Καὶ
1314 1753 1346 1805 ό
1374 1752 1536 1821 ἀγὼν
1558 1752 1666 1822 ἦγε
1680 1753 1788 1807 τόν

220 1834 381 1897 Ἠοὺ,
416 1838 531 1890 ἀλλ’
562 1839 677 1892 ἐκεῖ
710 1839 807 1908 μὲν
845 1840 926 1902 εἰς
954 1841 1015 1893 τὸ
1041 1839 1358 1909 βασιλεῦσαι
1383 1842 1475 1894 τοῦ
1527 1842 1745 1915 Ἰσραήλ
1770 1860 1783 1874 ·
1822 1823 1862 1877 Β

209 1929 448 1983 ενταῦθα
479 1930 555 1994 δὲ,
587 1932 666 1991 είς
696 1933 756 1984 τὸ
806 1933 1154 2003 μαρτυρῆσαι
1189 1936 1271 2003 στῇ
1308 1933 1539 2007 ἀληθεία
1568 1951 1581 1963 ο
1617 1936 1691 1999 ὡς
1722 1938 1788 1991 ἂν

209 2023 476 2094 πληρωθῇ
506 2024 568 2076 τὸ
601 2025 892 2095 εἰρημένον
944 2026 1040 2080 καὶ
1082 2026 1287 2079 τανῦνο
1336 2029 1436 2081 Ἐκ
1492 2030 1646 2082 Σιὼν
1685 2029 1784 2092 ἐξ·

207 2115 526 2168 ελεύσεται
559 2115 762 2185 λόγος,
797 2116 1096 2186 καίνόμος
1131 2119 1352 2187 Κυρίου
1388 2120 1457 2184 ἐξ
1496 2120 1790 2189 Ἰερουσα-

206 2209 358 2279 λήμ.
385 2205 556 2264 τΩδεό
584 2209 729 2275 νοῦς,
751 2204 1128 2283 ὧπάμμακαρ
1162 2206 1322 2282 [Cod.
1347 2212 1482 2283 Reg.
1518 2212 1749 2287 μάκαρ.]
1773 2231 1787 2244 ·

208 2304 381 2373 Στῆθι
411 2303 698 2372 γενναίως,
729 2305 1224 2376 ὑπομιμνήσκομεν
1249 2322 1263 2335 ·
1299 2307 1574 2371 Δόξασον
1589 2307 1665 2371 δὴ
1685 2309 1790 2360 τὸν

210 2398 355 2451 Θεὸν
389 2396 460 2451 ἐν
486 2398 568 2463 τῷ
600 2399 831 2467 σώματί
858 2416 974 2452 σου
998 2401 1091 2452 καί
1127 2400 1195 2451 ἐν
1211 2397 1291 2464 τῷ
1314 2402 1632 2469 Πνεύματι.
1658 2401 1788 2454 Είπὲ

208 2490 308 2543 καὶ.
354 2489 517 2553 αὐτὸς
565 2491 704 2559 μετά
742 2490 837 2543 τοῦ
892 2490 1185 2544 θεσπεσίου
1225 2492 1472 2545 Παῦλον
1514 2489 1657 2545 Οἶδα
1699 2491 1788 2546 ὅτι

208 2580 392 2635 τοῦτό
417 2600 518 2651 μοι
538 2582 908 2651 ἀποϐήσεται
935 2584 1024 2649 εις
1039 2585 1343 2651 σωτηρίαν
1368 2583 1465 2637 διὰ
1496 2582 1603 2651 τῆς
1623 2583 1789 2652 ὑμῶν

206 2670 479 2739 δεήσεως
503 2672 604 2727 καὶ
635 2674 1025 2743 ἐπιχορηγίας
1054 2674 1161 2729 τοῦ
1193 2677 1541 2744 Πνεύματος
1583 2676 1788 2741 Ἰησοῦ

204 2764 493 2834 Χριστοῦ,
540 2767 691 2820 κατὰ
745 2766 862 2834 τὴν
899 2768 1392 2836 ἀποκαραδοκίαν
1433 2769 1533 2821 καὶ
1570 2769 1790 2822 ἐλπίδα

201 2874 326 2927 μου
346 2872 362 2888 ’
393 2856 483 2910 ὅτι
508 2856 577 2911 ἐν
600 2856 802 2911 οὐδενί
824 2858 1314 2927 αίσχυνθησομαι
1336 2873 1349 2887 ·
1379 2858 1519 2911 ἀλλ’
1537 2856 1787 2925 ἑπτάσῃ

208 2950 519 3019 παρῤησίᾳ
550 2950 631 3016 ὡς
661 2950 921 3004 πάντοτε
963 2950 1063 3004 καὶ
1108 2950 1225 3004 νῦν
1269 2949 1788 3020 μεγαλυνθήσεται

207 3042 284 3096 ἐν
310 3041 391 3108 τῷ
422 3042 652 3112 σώματί
682 3061 826 3112 μου,
856 3044 977 3096 εἴτε
1005 3043 1101 3097 διὰ
1127 3041 1293 3111 ζωῆς,
1318 3044 1441 3098 εἴτε
1481 3040 1581 3097 διὰ
1605 3041 1787 3097 θανά-

207 3150 341 3189 του⁸
378 3135 539 3207 Ἐμοὶ
570 3138 682 3206 γὰρ
710 3139 775 3191 τὸ
802 3136 908 3206 ζῇν
936 3139 1212 3206 Χριστὸς,
1245 3138 1343 3192 καί
1369 3138 1435 3193 τὸ
1461 3136 1789 3194 ἀποθανεῖν
1816 3164 1858 3220 C

208 3223 443 3293 κέρδος.
483 3226 589 3280 Ἴδε
619 3230 647 3280 6
677 3227 881 3296 γλυκὺς
928 3226 1099 3297 ἀγὼν,
1135 3227 1209 3280 ῐδε
1256 3230 1284 3280 6
1343 3227 1614 3297 μακάριος
1662 3242 1789 3278 συν-

207 3304 515 3388 αλλαγμδς,
562 3318 845 3389 βραχείαις
872 3320 1087 3389 θλίψεσί
1135 3337 1198 3373 τε
1242 3318 1339 3373 καὶ
1381 3320 1792 3390 περιστάσεσιν,

208 3409 311 3464 σῖτ’
345 3406 439 3463 οὖν
476 3411 712 3480 πληγαῖς
739 3429 797 3463 τε
831 3414 925 3465 καὶ
970 3411 1184 3483 ῥανίσιν
1215 3411 1448 3481 αἵματος
1476 3410 1609 3463 Θεὸν
1640 3408 1795 3478 γενέ-

210 3503 362 3566 σθαι,
394 3504 488 3556 καὶ
510 3503 645 3557 Θεοῦ
674 3504 769 3557 τοῦ
806 3505 977 3569 ὅντως
1026 3504 1179 3568 ὄντος
1219 3504 1517 3573 ἐπιτυχεῖν.
1555 3500 1795 3571 Ἐμονώ-

208 3594 315 3667 θης
337 3595 654 3665 τοιγαροῦν,
694 3593 771 3659 ὠς
814 3596 1157 3667 ἀκηκόαμεν,
1196 3596 1429 3667 τμηθεὶς
1472 3594 1551 3664 τῷ
1593 3594 1794 3663 φρονή-

212 3703 350 3757 ματι
393 3686 503 3741 ἀπὸ
545 3685 657 3738 τῶν
696 3687 1103 3758 ἀγαπησάντων
1142 3686 1233 3740 τὸν
1273 3686 1370 3740 νῦν
1408 3685 1584 3738 αἰῶνα
1608 3701 1623 3716 ο
1657 3681 1795 3737 ἀλλά

212 3776 523 3846 συωιὼθης
555 3778 690 3828 πᾶσι
723 3778 834 3840 τοῖς
864 3778 1247 3847 ἀντεχομένοις
1276 3776 1372 3829 τοῦ
1400 3777 1500 3845 τῆς
1533 3775 1793 3845 ἀληθείας

208 3869 397 3937 λόγου.
434 3866 715 3923 Ἐντεῦθέν
759 3884 819 3921 σε
855 3870 883 3922 6
910 3871 1069 3940 χορὸς
1110 3870 1219 3921 τῶν
1290 3887 1586 3941 μαρτυρων
1646 3868 1937 3921 ὑπολαὸεῖν
1969 3870 2218 3939 βούλεται
2264 3871 2599 3942 ὀλόκληρον·

208 3964 277 4018 τὸ
305 3963 495 4032 στίφος
525 3970 683 4039 χεῖρα
717 3965 989 4036 προτείνει
1018 3965 1159 4016 ἑλεῖν
1189 3965 1447 4033 ὁμόχρον.

285 4056 377 4128 Μὴ
405 4057 471 4129 δὴ
502 4059 925 4129 ἀπολειφθῶμεν
950 4060 1047 4127 τῆς
1076 4057 1248 4127 καλῆς
1270 4056 1514 4127 χορείας,
1549 4050 1594 4108 ὦ
1624 4056 1790 4108 656d-

212 4164 342 4220 σμιε
370 4164 384 4177 ·
424 4150 548 4221 μηδ’
584 4145 651 4204 αὖ
678 4148 1137 4221 καταισχύνωμεν
1175 4152 1274 4213 τὰς
1303 4152 1521 4202 πάντων
1546 4147 1789 4212 ἐλπίδας,

1848 2180 1851 2185 ,
1890 2119 2131 2185 adverte,
2192 2137 2225 2174 o
2270 2121 2584 2176 beatissime
2632 2138 2645 2174 :

1890 662 2062 713 eram,
2113 662 2214 701 nec
2261 647 2429 700 semel
2462 646 2645 716 modo,
2695 647 2787 701 sed
2836 648 2919 701 bis
2967 648 3223 703 etiam‘ac
3264 648 3464 718 saepius

1890 739 2121 794 fortasse
2148 755 2162 792 :
2192 753 2367 807 neque
2389 738 2557 801 enim,
2587 738 2717 808 quia
2758 738 2932 792 exteri
2956 753 3050 792 vos
3073 738 3227 805 estis,
3258 738 3465 793 idcirco

1890 846 1919 885 a
1953 831 2108 885 vobis
2145 832 2327 900 specie
2362 831 2757 899 discrepamus.
2801 829 2905 885 Sed
2937 846 3062 885 cum
3093 846 3159 885 ex
3195 846 3303 887 una
3331 831 3465 885 ado-

1890 922 2093 992 ptionis
2133 933 2309 976 matre
2341 922 2506 990 geniti
2536 923 2732 986 simus,
2765 935 2819 977 ct
2846 923 3036 978 eodem
3080 924 3309 978 sincerae
3338 921 3464 977 fidei

1890 1016 2201 1070 charactere
2244 1015 2511 1083 insigniti,
2550 1025 2603 1069 ct
2642 1014 2857 1080 fratres,
2892 1025 2946 1070 et
2986 1016 3261 1081 concives,
3301 1022 3466 1085 caput

1893 1108 2155 1162 habentes
2197 1106 2499 1171 Christum,
2551 1115 2611 1160 ut
2641 1107 2734 1176 qui
2771 1107 2946 1177 ipsius
2994 1122 3196 1177 corpus
3249 1123 3463 1170 sumus.

1891 1208 1939 1252 et
1994 1197 2227 1251 membra
2275 1199 2338 1252 de
2387 1198 2618 1250 membro
2639 1198 2731 1251 ’δι
2791 1198 3133 1267 congaudere
3168 1198 3309 1252 inter
3364 1213 3467 1253 nos

1890 1291 2151 1345 debemus
2180 1291 2234 1344 in
2260 1291 2559 1359 prosperis,
2598 1289 2833 1359 augique
2864 1290 3066 1358 pariter
3096 1290 3150 1344 in
3197 1290 3465 1345 adversis.

1892 1382 2090 1435 Verum
2139 1381 2414 1450 quomodo
2468 1396 2584 1444 vos,
2640 1396 2764 1435 cum
2815 1380 2923 1434 alio
2973 1380 3200 1451 profecti
3248 1381 3466 1443 essetis,

1893 1474 2105 1544 impulit
2128 1482 2437 1542 temporum
2468 1474 2750 1537 violentia,
2776 1484 2835 1527 ut
2862 1475 2916 1527 in
2944 1487 3134 1527 eorum
3158 1473 3251 1541 qui
3286 1488 3469 1526 rerum

1892 1569 1981 1625 hic
2006 1568 2309 1638 potiuntur,
2341 1568 2478 1622 retia
2512 1567 2864 1623 incideritis?
2909 1568 3049 1635 Quid
3091 1568 3157 1622 ad
3185 1568 3299 1623 hac
3319 1567 3469 1621 dice-

1894 1657 2063 1711 mus?
2096 1656 2197 1711 nisi
2232 1658 2281 1709 id
2313 1656 2459 1726 quod
2493 1672 2650 1711 sacra
2692 1656 2973 1727 Scriptura
3006 1657 3082 1712 ait
3115 1675 3128 1711 :
3187 1654 3256 1710 Et
3289 1655 3473 1710 multi-

1894 1748 2020 1802 tudo
2074 1749 2228 1803 duxit
2270 1747 2408 1803 Jehu
2436 1749 2507 1810 ’⁸,
2547 1750 2642 1804 sed
2687 1748 2799 1804 illic
2846 1748 3068 1818 quidem
3126 1747 3194 1802 ad
3242 1763 3471 1818 regnum

1894 1840 2062 1893 Israel
2093 1856 2108 1904 ;
2144 1838 2230 1895 hic
2256 1856 2385 1896 vero
2410 1840 2477 1895 ad
2510 1841 2886 1895 testimonium
2918 1839 3189 1907 veritatis,
3222 1847 3284 1894 ut
3326 1854 3474 1894 nunc

1889 1938 2050 1990 etiam
2109 1937 2399 2006 impleatur
2424 1935 2570 2007 quod
2618 1937 2825 1991 dictum
2850 1944 2975 1991 est:
3022 1934 3100 1988 De
3141 1932 3273 1989 Sion
3307 1933 3475 1987 exibit

1890 2046 2082 2093 sermo,
2105 2038 2155 2082 et
2181 2028 2268 2083 lea:
2290 2029 2505 2084 Domini
2533 2030 2598 2082 de
2631 2028 2931 2083 Jerusalem
2962 2028 3029 2081 ".
3069 2026 3186 2081 Huc
3230 2042 3472 2081 animum

2698 2131 2781 2174 sta
2838 2119 3077 2186 fortiter,
3146 2132 3434 2173 monemus
3459 2134 3474 2170 :

1890 2212 2134 2281 gloriﬁca
2164 2213 2335 2267 Deum
2364 2214 2417 2265 in
2463 2228 2679 2281 corpore
2722 2221 2831 2273 tuo,
2871 2220 2921 2264 et
2967 2211 3020 2263 in
3064 2210 3257 2279 spiritu
3279 2208 3346 2263 ⁸⁷.
3381 2207 3479 2263 Dic

1890 2313 1945 2358 et
1976 2304 2093 2373 ipse
2133 2320 2257 2358 cum
2286 2304 2475 2358 divino
2508 2303 2674 2357 Paulo
2704 2321 2717 2355 :
2755 2302 2876 2358 Scio
2900 2302 3027 2372 quia
3055 2300 3151 2355 hoc
3191 2301 3319 2354 mihi
3350 2316 3476 2371 pro-

1892 2396 2057 2450 veniet
2110 2395 2179 2449 ad
2231 2395 2480 2461 salutem,
2528 2412 2620 2464 per
2663 2407 2889 2449 vestram
2941 2394 3234 2446 orationem
3264 2401 3314 2446 et
3356 2392 3478 2446 sub-

1892 2490 2334 2545 ministrationem
2360 2488 2595 2559 Spiritus
2616 2487 2745 2542 Jestt
2781 2483 3004 2549 Christi,
3052 2487 3336 2541 secundum
3382 2502 3477 2540 ex-

1890 2583 2264 2651 spectationem
2317 2593 2365 2636 et
2397 2599 2541 2650 spem
2578 2599 2768 2646 meam,
2806 2583 2932 2652 quia
2974 2582 3030 2635 in
3062 2581 3210 2635 nullo
3259 2582 3480 2651 confun-

1890 2679 2033 2730 dar:
2084 2678 2173 2731 sed
2224 2678 2275 2730 in
2314 2677 2458 2730 omni
2513 2676 2713 2745 ﬁducia
2768 2677 2904 2729 sicut
2961 2691 3182 2743 semper,
3242 2683 3293 2726 et
3340 2689 3478 2726 nunc

1893 2769 2329 2840 magniﬁcabitur
2379 2767 2624 2821 Christus
2670 2767 2725 2820 in
2776 2783 2993 2835 corpore
3047 2783 3180 2829 meo,
3226 2768 3331 2819 sive
3387 2780 3481 2834 per

1891 2860 2077 2924 vitam,
2109 2861 2213 2913 sive
2257 2874 2348 2927 per
2377 2868 2617 2912 mortem.
2656 2857 2789 2910 Mihi
2841 2857 2982 2911 enim
3026 2858 3189 2911 vivere
3234 2854 3478 2911 Christus

1889 2961 1989 3013 est,
2008 2961 2055 3005 et
2077 2952 2211 3005 mori
2234 2958 2437 3003 lucrum
2455 2951 2500 2981 ’⁷
2520 2956 2560 3004 ⁸.
2584 2950 2661 3004 En
2680 2951 2837 3006 dulce
2858 2957 3157 3014 certamen,
3179 2964 3245 3003 en
3267 2947 3477 3003 felicem

1890 3045 2398 3108 commutationem,
2429 3058 2525 3113 per
2555 3042 2746 3098 breves
2786 3041 3171 3097 tribulationes
3204 3048 3260 3096 et
3308 3055 3479 3111 angu-

1891 3137 2049 3200 stias,
2094 3152 2191 3190 seu
2238 3137 2432 3206 plagas
2463 3143 2520 3190 et
2561 3134 2847 3205 sanguinis
2890 3143 3094 3205 guttas,
3129 3131 3301 3186 Deum
3337 3131 3475 3198 fieri,

1891 3237 1945 3281 et
1973 3227 2108 3291 Deo,
2141 3227 2236 3297 qui
2268 3243 2392 3282 vere
2440 3235 2544 3293 est,
2578 3226 2767 3298 potiri.
2818 3224 2982 3281 Solus
3024 3240 3153 3295 ergo
3190 3224 3366 3280 factus
3394 3239 3476 3293 es,

1892 3328 1953 3373 ut
1992 3321 2325 3390 accepimus,
2364 3320 2433 3374 ab
2463 3319 2529 3374 iis
2562 3334 2726 3375 sensu
2778 3319 3012 3381 divisus,
3073 3319 3163 3389 qui
3209 3316 3472 3373 steculum

1892 3410 1997 3466 hoc
2025 3422 2281 3467 amarunt
2332 3431 2347 3468 :
2386 3413 2481 3468 sed
2532 3428 2658 3468 cum
2712 3412 2780 3468 iis
2823 3412 3081 3467 omnibus
3124 3411 3473 3479 conjunctus,

1893 3504 1988 3574 qui
2023 3505 2269 3560 veritatis
2300 3505 2580 3562 sustinent
2610 3503 3010 3561 defensionem.
3056 3502 3194 3559 Hinc
3243 3511 3293 3558 te
3324 3518 3478 3557 mar-

1898 3601 2077 3665 tyrum
2110 3596 2315 3651 chorus
2349 3596 2622 3667 integrum
2670 3596 2951 3664 suscipere
2986 3594 3264 3650 desiderat
3299 3613 3314 3650 :
3351 3594 3479 3649 hinc

1900 3684 2279 3741 confessorum
2328 3703 2538 3742 cuneus
2573 3702 2797 3741 manum
2835 3688 3088 3759 porrigit,
3124 3696 3184 3741 ut
3213 3687 3265 3740 in
3296 3686 3477 3741 locum

1898 3791 2059 3831 suum
2099 3778 2344 3846 recipiat.

2681 3872 2891 3925 ἐκεῖθεν
2935 3872 3047 3923 τῶν
3129 3872 3481 3942 ὁμολογητῶν

1963 4053 2398 4124 Haudquaquam
2433 4056 2502 4109 ab
2531 4056 2632 4108 hac
2667 4055 2924 4123 prreclara
2965 4054 3170 4109 chorea
3201 4052 3473 4107 descisca-

1890 4166 2037 4212 mus,
2074 4150 2157 4201 vir
2186 4150 2516 4216 venerande,
2544 4165 2719 4219 neque
2741 4164 2865 4218 spes
2892 4147 3137 4202 omnium
3170 4144 3473 4202 confunda-

209 4235 599 4312 ὢτριπόθητε.
630 4243 777 4295 Πόσα
823 4244 889 4297 ἂν
930 4242 1157 4313 ἔκαμες.
1208 4241 1348 4295 ῶστε
1390 4259 1482 4294 σου
1527 4242 1587 4293 τὸ
1623 4241 1792 4310 ὄνομα

1893 4258 2033 4307 mus,
2068 4243 2149 4296 vir
2176 4241 2654 4297 desideratissime.
2687 4238 2898 4308 Quanta
2931 4238 3236 4309 pertulisti?
3258 4240 3392 4293 adeo
3420 4247 3475 4291 ut

213 4332 480 4386 ἀκουστὸν
504 4335 563 4386 ὲν
592 4334 760 4405 ἀρετῇ
796 4333 1047 4402 γενέσθαι
1088 4336 1201 4396 τοῖς
1254 4328 1356 4385 ὦδε
1391 4334 1649 4397 κάκεῖσε;
1677 4331 1791 4384 Νῦν

1893 4352 2087 4390 nomen
2115 4348 2265 4391 tuum
2292 4337 2496 4405 passim
2516 4335 2584 4389 ab
2612 4335 2697 4389 his
2723 4344 2775 4388 et
2793 4334 2899 4387 illis
2926 4334 3173 4386 auditum
3194 4332 3283 4385 sit.
3321 4329 3476 4386 Nunc

209 4425 271 4479 δὲ
295 4425 371 4489 ὡς
402 4425 488 4479 ἐπ’
519 4425 680 4497 ὅρους
708 4426 919 4496 ἀρετῶν
945 4427 1034 4480 διά
1066 4426 1165 4495 τῆς
1198 4424 1487 4496 ὁμολογίας
1519 4423 1788 4494 ἀναϐεϐη-

1897 4438 2104 4489 autem,
2127 4434 2385 4497 tanquam
2411 4426 2465 4480 in
2486 4427 2744 4479 virtutum
2780 4432 3019 4478 montem
3067 4437 3163 4493 per
3184 4419 3481 4477 confessio-

212 4515 349 4581 κὼς,
381 4517 630 4588 ἐμφανὴς
668 4517 857 4585 ὲγένου
905 4517 983 4588 τῷ
1032 4518 1242 4588 κόσμῳ,
1282 4518 1375 4569 καὶ
1416 4516 1790 4586 λαμποφορεῖς

212 4607 366 4679 ἡλίου
398 4608 789 4679 φωτεινότερον
839 4608 935 4661 σὺν
975 4606 1052 4677 τῷ
1102 4608 1243 4678 λόγῳ
1272 4608 1366 4661 καὶ
1412 4606 1505 4660 τὸν
1546 4607 1679 4677 βίον,
1712 4607 1791 4669 είς

211 4690 374 4757 δόξαν
413 4693 524 4747 Τοῦ
557 4694 786 4763 Πατρός
815 4693 985 4764 ἡμῶν
1005 4696 1109 4749 τοῦ
1128 4697 1197 4749 ἐπε
1223 4696 1347 4762 τοῖς
1368 4696 1649 4765 οὐρανοῖς
1673 4712 1685 4726 ·
1711 4697 1793 4759 είς

213 4785 381 4839 τόπον
411 4786 621 4858 ηρχθης
671 4788 1148 4860 ὑπεραίνοντα,είς
1189 4790 1443 4857 γλῶσσαν
1486 4790 1792 4862 παρεδόθης

217 4876 539 4949 βλάσφημον
564 4894 577 4907 ’
619 4879 757 4933 πόσα
784 4880 882 4949 μὲν
915 4875 1007 4934 οὖν
1040 4881 1100 4934 οὐ
1134 4882 1465 4950 σαίνουσανς
1499 4880 1639 4936 πόσα
1661 4884 1715 4936 δὲ
1730 4884 1791 4936 οὐ

214 4966 649 5036 ψευδολογοῦσαν
693 4971 788 5024 καὶ
816 4972 1171 5044 πειρωμένην
1209 4974 1521 5029 ὑποκλίνειν
1552 4977 1661 5029 ἀπὸ
1697 4978 1791 5030 τοῦ

220 5058 427 5129 ὑψηλοῦ
462 5062 557 5114 καὶ
589 5060 740 5116 θείου
770 5066 1117 5135 φρονήματος
1139 5084 1153 5133 ;
1178 5067 1292 5120 ἀλλ’
1321 5068 1479 5138 ἴσμεν
1503 5068 1562 5134 ἐξ
1600 5071 1791 5140 ἀκοῆς,

215 5152 341 5217 ὅσος
361 5154 454 5207 καὶ
475 5154 637 5219 αὐτὸς
661 5151 711 5207 εἷ
730 5157 913 5227 χάριτι
934 5160 1196 5229 Χριστοῦ,
1219 5160 1375 5227 λόγον
1394 5161 1606 5231 ἐπέχων
1626 5164 1791 5233 ζωῆς,

221 5244 413 5309 σοφίας
429 5247 641 5319 ῥεῖθρον
664 5249 771 5301 ἀπὸ
796 5250 1061 5318 στόματος
1090 5252 1552 5324 προϐαλλόμενος,
1589 5258 1793 5309 ἀντεπ-

224 5338 442 5405 εξάγειν
499 5344 569 5390 τα
598 5340 914 5404 εἰχόταταῖς
934 5344 1190 5410 ματαίαις
1210 5348 1561 5415 προτάσεσιν.
1599 5349 1793 5419 Ἡμεῖς

220 5429 281 5483 δι
315 5430 366 5482 ot
387 5432 635 5483 ταπεινοὶ
668 5432 841 5485 ἐκεῖνο
872 5432 1102 5503 λέγομεν
1152 5438 1245 5489 καὶ
1286 5436 1678 5511 διασαφοῦμεν,
1711 5443 1795 5495 ὅτι

220 5520 447 5589 λογάδες
470 5522 643 5576 παλαι
665 5541 727 5576 τε
764 5528 858 5577 καὶ
886 5525 981 5578 νῦν
1012 5528 1353 5598 προέστησαν
1394 5532 1553 5585 τοῦδε
1586 5533 1681 5586 τοῦ
1717 5534 1796 5587 ίεσ

227 5614 494 5685 ραρχικοῦ
537 5615 750 5687 θρόνου,
793 5618 1042 5689 εὐτεκνίᾳ
1083 5619 1370 5689 δογμάτων
1404 5623 1463 5675 τὸ
1505 5626 1634 5695 περὶ
1684 5626 1795 5679 τῶν

226 5707 389 5779 ιερῶν
410 5709 634 5763 είκόνων
661 5710 921 5781 θεώρημά
964 5727 1025 5763 τε
1068 5713 1162 5765 καὶ
1215 5712 1467 5786 σύνθημα
1515 5717 1791 5773 διατυπῶ-

323 5823 415 5903 ζξι
443 5824 570 5903 Cor.
624 5843 722 5903 ιιι,
755 5828 843 5882 27.
957 5832 1002 5864 ’³
1035 5831 1103 5887 ιν
1140 5831 1269 5903 Reg.
1323 5849 1397 5897 ιιι,
1439 5836 1523 5890 l3.

222 5896 272 5930 ’⁸
333 5895 520 5951 Matth.
554 5913 627 5964 vt,
646 5900 701 5955 9.

519 5990 785 6053 Ρηιιοι..
819 5996 929 6056 GR.
981 5993 1193 6057 XCIX.

1631 5838 1675 5868 ³⁸
1715 5838 1816 5893 lsa.
1847 5853 1884 5893 ιι
1914 5878 1927 5903 ,
1967 5838 2019 5893 5.

1896 4534 2019 4573 nem
2039 4519 2357 4585 subvectus,
2377 4519 2710 4587 conspicuus
2725 4515 2929 4570 mundo
2947 4513 3123 4569 factus
3140 4529 3221 4578 es,
3239 4523 3289 4566 et
3304 4511 3476 4568 facem

1894 4611 2038 4681 geris
2073 4611 2188 4666 sole
2238 4610 2583 4675 lucidiorem,
2624 4609 2791 4662 vitam
2838 4606 2999 4662 simul
3030 4621 3153 4661 cum
3201 4619 3475 4668 sermone,

1892 4705 1959 4758 ad
2000 4704 2226 4773 gloriam
2258 4701 2443 4759 Patris
2471 4704 2663 4767 nostri,
2700 4701 2791 4770 qui
2820 4701 2872 4753 in
2900 4698 3041 4753 catis
3084 4696 3244 4752 est".
3284 4696 3473 4750 Excel-

1896 4814 2016 4851 sum
2057 4798 2107 4851 in
2135 4796 2317 4851 locum
2343 4807 2563 4851 evectus
2599 4810 2679 4860 es,
2718 4795 2916 4863 lingua:
2945 4792 3194 4861 ohjectus
3218 4804 3277 4843 es
3307 4789 3478 4842 male-

1896 4893 2048 4955 dicze,
2084 4890 2215 4960 quid
2256 4904 2364 4944 nou
2400 4888 2673 4943 vellicauti
2705 4887 2727 4939 ?
2759 4885 2890 4958 quid
2945 4900 3051 4939 non
3104 4882 3396 4937 mentienti
3450 4878 3477 4933 ἳ

1896 4987 2021 5036 dum
2056 4993 2107 5037 te
2136 4983 2204 5035 ah
2234 4982 2452 5038 excelso
2483 4989 2537 5035 et
2564 4981 2750 5036 divino
2794 4993 2957 5035 sensu
2992 4977 3276 5031 deﬂectere
3304 4987 3476 5029 conao

1897 5088 2001 5129 tur.
2039 5074 2143 5130 Sed
2182 5074 2463 5129 auditione
2507 5075 2821 5143 accepimus
2864 5079 3106 5140 quantus
3150 5078 3204 5123 et
3252 5068 3367 5137 ipse
3395 5065 3474 5120 sis

1897 5170 2069 5237 gratia
2108 5160 2335 5230 Christi,
2369 5169 2491 5220 vitae
2526 5180 2833 5221 sermonem
2867 5161 3154 5221 adhibens,
3194 5156 3474 5229 sapientia:

1896 5263 2096 5315 flumen
2154 5275 2219 5313 ex
2262 5275 2357 5314 ore
2403 5257 2759 5327 profundeus,
2788 5255 2945 5309 vanis
3002 5250 3468 5323 propositionibus

1896 5352 2252 5422 congruentia
2286 5364 2588 5421 opponens.
2614 5346 2723 5403 Nos
2760 5362 2888 5403 vero
2924 5342 3304 5400 humilesillud
3334 5340 3473 5397 dici-

1899 5460 2022 5497 mus
2050 5452 2103 5497 et
2150 5449 2437 5505 testamur,
2496 5442 2642 5496 viros
2701 5440 2934 5494 eximios
2965 5448 3019 5492 et
3047 5436 3175 5490 olim
3227 5443 3283 5487 et
3325 5446 3472 5487 nunc

1899 5535 2252 5590 hierarchicae
2305 5535 2431 5589 huic
2484 5533 2600 5588 sedi
2640 5531 2948 5603 praefuisse,
2998 5528 3116 5599 qui,
3156 5528 3469 5597 dogmatum

1898 5628 2111 5699 peritia,
2146 5638 2311 5682 totam
2344 5627 2411 5682 de
2467 5626 2639 5683 sacris
2679 5624 3010 5695 imaginibus
3044 5619 3469 5690 speculationem

1896 5731 1951 5776 et
1987 5720 2290 5775 doctrinam
2339 5718 2747 5789 descripserunt
2785 5714 3259 5780 tradideruntque.
3304 5708 3391 5774 Et,
3423 5708 3469 5761 si

2122 5839 2165 5872 ’⁷
2199 5836 2361 5892 lCor.
2418 5850 2503 5899 νι,
2544 5833 2633 5888 20.
2740 5832 3075 5901 ’“Philipp.
3122 5846 3159 5894 ι,
3201 5824 3267 5879 l9
3316 5836 3471 5889 seqq.

2999 5984 3077 6044 52
