4184 6488
709 395 839 458 1643

701 511 1018 583 apostolicis
1063 510 1245 568 verbis
1297 511 1591 568 dicendum
1653 521 1759 579 est,

1904 396 1963 453 S.
1998 392 2390 455 THEODORI
2432 392 2780 451 STUDITIE

1838 510 1937 565 Ubi
2008 510 2300 564 abundarit

2415 506 2600 571 σαντες
2630 524 2691 560 τε
2722 508 2815 560 καὶ
2839 506 3197 568 ἐκδὼσαντες.
3240 506 3369 571 Καὶ,
3394 504 3442 557 εί
3476 504 3561 557 δεῖ
3609 502 3993 564 ἀποστολικῶς

3859 386 3990 451 164i

701 615 1001 677 peccatum,
1052 603 1502 673 superabundavit
1542 614 1593 660 et
1631 606 1810 675 gratia
1838 606 1905 661 ".
1955 602 2095 659 Ilinc
2140 604 2287 659 enim

2425 601 2588 665 ίπεῖν,
2621 600 2816 653 Ὅπου
2874 598 3251 652 ἐπλεόνασεν
3298 599 3339 665 ἡ
3388 597 3662 665 ἁμαρτία,
3698 598 3991 663 ὑπερεπε-

706 712 1015 770 progressa,
1071 706 1332 769 tanquam
1385 713 1454 753 ex
1492 698 1666 768 portis
1701 697 1883 763 inferi,
1917 697 2142 753 lueresis
2175 697 2292 751 lcu-

708 791 1053 847 nomacbiea.
1108 792 1199 846 hic
1232 806 1454 861 quoque
1486 806 1738 862 repressa
1784 799 1870 847 est
1907 809 1921 845 :
1962 792 2091 861 quin
2125 800 2178 845 et
2206 806 2293 846 re-

709 882 979 953 primetur
1026 881 1287 950 deinceps
1330 881 1505 951 magis
1568 879 1805 950 Spiritus
1866 880 2041 934 sancti
2087 878 2293 943 afflatu,

2387 694 2730 761 ρίσσευσει·
2764 694 2802 759 ἡ
2850 690 3045 760 χάρις.
3081 685 3212 744 Ὧδε
3272 692 3381 760 γάρ
3428 689 3771 759 προελθοῦσα
3820 691 3902 751 ὡς
3936 690 3993 754 ἐξ

2397 784 2525 855 ᾅδου
2561 784 2750 836 πυλῶν
2780 785 2813 853 ἡ
2846 783 3260 853 Είκονομαχικὴ
3296 784 3527 852 αἵρεσις,
3575 774 3678 837 ὧδε
3731 783 3827 834 καὶ
3858 799 3992 834 κατ⁶

2397 878 2655 944 ήργηται,
2686 872 2824 927 ἀλλὰ
2859 874 2954 926 καὶ
2983 874 3064 926 ἐτι
3107 873 3590 944 καταργηθήσεται
3627 877 3748 936 ταῖς
3794 873 3993 943 αὔραις

708 975 930 1047 quando
959 976 1266 1045 increpabit
1302 974 1561 1029 Christus
1620 988 1941 1044 perversum
1975 972 2079 1028 boc
2106 988 2297 1027 revera

2415 967 2492 1019 τοῦ
2525 968 2682 1034 ἀγίου
2717 965 3035 1037 Πνεὺματος
3056 984 3069 997 ·
3103 967 3340 1036 ὁπηνίκα
3384 969 3703 1038 ἐπιτιμήσει
3753 967 3995 1033 Χριστὸς

708 1084 882 1133 mare,
931 1072 1129 1139 inquo
1178 1068 1351 1122 multa
1406 1067 1552 1121 circa
1595 1068 1754 1121 Iidem
1810 1065 2097 1137 naufragia
2140 1066 2297 1131 fiunt,

705 1177 821 1215 non
874 1170 984 1215 tam
1029 1160 1226 1215 mentis
1281 1160 1658 1229 perversitate,
1709 1174 1873 1227 quam
1916 1158 2298 1227 imperantium

713 1262 882 1323 metu.
906 1254 1161 1308 Attamen
1201 1252 1358 1306 multi
1398 1267 1429 1306 e
1460 1252 1701 1321 procella
1729 1260 2092 1316 emerserunt,
2128 1249 2304 1320 Spiri-

716 1357 806 1402 tus
832 1345 1006 1401 sancti
1046 1344 1202 1398 clavo
1242 1342 1356 1397 nixi
1398 1361 1411 1397 :
1440 1354 1493 1397 et
1522 1343 1694 1397 multa
1723 1343 1983 1397 exstitere
2019 1342 2302 1413 martyria,

715 1449 769 1493 et
798 1438 1021 1507 pietatis
1052 1438 1254 1507 scripta
1290 1445 1669 1499 monumenta,
1713 1437 2027 1491 universum
2055 1450 2301 1490 errorem

717 1528 1045 1594 refellentis,
1065 1537 1119 1583 et
1137 1529 1385 1582 xeritatis
1404 1528 1866 1597 pulchritudinem
1900 1528 2113 1582 cunctis
2136 1526 2308 1581 fideli-

717 1621 823 1676 bus
869 1620 1145 1675 mentibus
1173 1619 1651 1675 demonstrantia:
1682 1619 2012 1691 quibuscum
2056 1631 2306 1687 servetur

716 1722 773 1768 et
827 1712 1108 1768 beatitudo
1156 1721 1272 1776 tua,
1318 1710 1510 1767 bonum
1537 1722 1799 1766 certamen
1833 1722 2059 1777 certans,
2099 1729 2312 1766 cursum

719 1821 1114 1867 consummatis,
1167 1805 1326 1872 [idem
1379 1820 1645 1867 means;
1686 1813 1746 1858 ut
1787 1804 2020 1873 justitite
2056 1822 2306 1859 coronam

719 1898 953 1969 accipiat
985 1899 1023 1951 '.
1068 1898 1146 1953 Ita
1192 1898 1282 1953 sit.

1073 2095 1300 2153 CCXIV.
1330 2128 1397 2139 -
1423 2097 1673 2169 Hypacoe
1700 2100 1947 2154 moniali.

2399 1064 2465 1130 τῇ
2488 1061 2707 1130 πονηρᾷ
2735 1059 2907 1129 ταύτῃ
2941 1060 3017 1121 ὡς
3042 1059 3259 1130 άληθῶς
3294 1059 3563 1133 θαλάσσῃ,
3609 1078 3666 1111 πε
3681 1062 3735 1127 pi.
3767 1062 3835 1131 ἦν
3878 1059 3996 1110 πολ·

2402 1153 2471 1204 λά
2501 1153 2568 1206 τά
2605 1156 2730 1223 περὶ
2758 1152 2858 1223 τὴν
2915 1154 3099 1205 πίστιν
3157 1154 3418 1221 ναυάγια,
3466 1153 3529 1205 οὐ
3576 1153 3840 1206 τοσοῦτον
3880 1152 3994 1205 duo

2406 1247 2611 1314 στροφῇ
2646 1244 2785 1309 νοὸς,
2824 1248 2946 1297 ὅσον
2994 1245 3105 1297 δέει
3153 1244 3260 1297 τῶν
3308 1243 3672 1315 κρατούντων.
3730 1244 3883 1313 Πλὴν
3914 1245 3995 1297 ὅτι

2405 1336 2747 1406 περιείλοντο
2780 1336 2972 1389 πολλοὶ
3000 1336 3097 1388 τοῦ
3150 1337 3422 1399 κλύδωνος
3465 1335 3996 1405 πηδαλιουχοὺμενοι

2408 1428 2693 1498 Πνεύματι
2724 1429 2866 1499 ἀγῖῳ
2888 1446 2902 1461 ·
2935 1430 3027 1481 καὶ
3055 1429 3229 1481 πολλὰ
3253 1430 3321 1482 τά
3354 1430 3654 1499 μαρτύρια,
3685 1430 3780 1480 καὶ
3806 1430 3879 1480 τά
3901 1429 3997 1497 τῆς

2408 1520 2693 1584 εὐσεῦείας
2728 1522 3139 1592 συγγράμματα
3172 1523 3352 1574 πᾶσαν
3383 1521 3653 1589 πλάνησιν
3680 1519 3996 1589 διελέγχον-

2410 1630 2503 1677 τα,
2535 1614 2628 1666 καὶ
2655 1615 2753 1683 τὴν
2779 1614 2878 1681 τῆς
2916 1613 3173 1682 ἀληθείας
3204 1615 3517 1684 ὡραιότητα
3541 1613 3746 1675 πάσαις
3772 1613 3997 1674 mani;

2412 1706 2675 1771 διανοίαις
2710 1708 3099 1776 ὑποφαίνοντα.
3131 1708 3264 1762 Μεθ’
3300 1701 3375 1761 ὧν
3398 1708 3700 1777 φυλαχθείη
3737 1709 3830 1759 καὶ
3862 1709 3898 1775 ἠ
3929 1706 3999 1777 σὴ

2419 1801 2779 1871 μακαριότης,
2814 1802 2908 1854 τὸν
2957 1802 3143 1871 ἀγῶνα
3195 1802 3304 1855 τόν
3340 1802 3533 1855 καλὸν
3570 1798 3996 1869 ἀγωνιζομένην

2337 1879 2379 1933 Β
2410 1893 2514 1946 τὸν
2534 1892 2759 1963 δρόμον
2780 1895 3065 1957 τελοῦσα,
3092 1895 3205 1963 τὴν
3229 1895 3441 1948 πίστιν
3466 1895 3757 1962 τηροῦσα,
3776 1897 3825 1947 εὶ
3846 1894 3998 1947 ἁπόο

2412 1987 2607 2054 ληψιν
2634 1987 2742 2040 τοῦ
2770 1986 2881 2055 τῆς
2903 1987 3298 2055 δικαιοσύνης
3326 1988 3655 2057 στεφάνου.
3690 1983 3851 2040 Εἶεν.

2578 2103 2720 2160 ΣιΔ’.
2751 2103 2827 2175 (9)
2860 2136 2927 2146 —
2963 2102 3220 2173 ’Υπακοῇ
3244 2102 3609 2174 μοναζούσῃ.
3652 2100 3828 2175 [ωληΊ

2020 2217 2313 2269 Consolatur
2332 2220 2394 2270 de
2408 2192 2569 2271 morte
2587 2220 2769 2271 fratris.

794 2296 907 2351 Etsi
958 2298 1147 2353 timide
1190 2299 1396 2366 scribo,
1446 2299 1628 2357 facere
1670 2312 1852 2359 tamen
1902 2318 2009 2358 non
2060 2320 2309 2375 possum,

724 2390 858 2460 quin
881 2390 947 2445 ad
970 2393 1174 2462 gratias
1202 2402 1257 2447 et
1285 2394 1499 2450 laudem
1534 2411 1596 2450 os
1623 2411 1802 2451 meum
1825 2397 2062 2466 aperiam
2099 2398 2315 2453 honori-

726 2481 956 2538 ficentia:
981 2482 1421 2555 tute.Quousque
1447 2487 1608 2558 igitur
1636 2503 1743 2542 non
1775 2489 2016 2552 desines,
2050 2490 2312 2559 prmclara

726 2584 924 2642 mater,
965 2577 1192 2648 teipsatn
1247 2579 1403 2635 nobis
1437 2581 1804 2651 impendere?
1852 2581 2151 2653 Quousque
2191 2599 2311 2637 mu-

728 2684 862 2725 nera
913 2668 1044 2723 hinc
1092 2678 1148 2723 et
1188 2669 1312 2725 inde
1361 2673 1683 2727 transmissa
1735 2686 1844 2727 non
1872 2672 2166 2727 cessabunt
2197 2673 2220 2726 ἲ
2251 2688 2314 2727 ac

729 2777 876 2819 nunc
907 2763 1165 2827 maxime,
1198 2763 1418 2827 quando
1447 2764 1616 2818 multa
1651 2772 1703 2819 te
1734 2764 1908 2819 tristia
1938 2764 2269 2820 obsederunt
2298 2783 2313 2819 :

730 2864 949 2927 propter
985 2871 1108 2927 qua:
1147 2855 1370 2925 impulsi
1416 2856 1481 2911 ad
1526 2858 1869 2912 scribendum
1912 2860 2184 2929 pra-cipue
2224 2874 2311 2914 su-

730 2965 877 3016 mus,
926 2964 1050 3003 cum
1104 2949 1492 3004 didicissemus
1542 2961 1614 3015 te,
1650 2951 1792 3006 circa
1839 2952 1979 3005 beati
2019 2951 2205 3007 fratris
2236 2953 2316 3006 tui

730 3042 1017 3113 reliquias,
1055 3043 1167 3096 ha-e
1188 3049 1241 3096 et
1264 3040 1355 3095 illa
1390 3043 1588 3112 egisse.
1621 3044 1787 3097 Aiunt
1816 3046 1959 3097 enim
1990 3053 2038 3097 te
2066 3060 2311 3113 capsam.

734 3149 861 3188 cum
894 3136 1001 3189 alia
1030 3150 1096 3190 ex
1128 3135 1350 3206 regione
1391 3136 1585 3190 fuisset
1618 3136 1804 3195 allata,
1837 3151 2114 3191 reserasse
2142 3153 2156 3201 ;
2201 3145 2314 3190 tum

734 3227 983 3299 reliquiis
1032 3227 1286 3295 aﬂusam,
1346 3229 1399 3282 in
1454 3228 1614 3282 ulnas
1668 3229 1995 3297 sumpsisse,
2051 3228 2318 3296 novisque

734 3319 880 3381 illas.
910 3317 1057 3373 velut
1094 3319 1268 3387 ipsum
1318 3331 1619 3382 mortuum,
1663 3318 1842 3372 linteis
1879 3319 2001 3374 aliis
2051 3320 2316 3375 induisse.

734 3407 871 3477 Quis
902 3409 989 3464 hic
1016 3409 1317 3463 fraternum
1350 3424 1595 3463 amorem
1634 3420 1787 3464 tuum
1828 3426 1937 3465 non
1962 3410 2266 3465 admiretur
2297 3409 2321 3461 ?

733 3508 833 3556 aut
862 3502 988 3571 quis
1024 3510 1137 3555 tum
1183 3515 1421 3570 praesens
1467 3501 1732 3571 laerymas
1781 3518 1888 3556 non
1935 3501 2168 3557 effudit?
2210 3516 2317 3556 non

2486 2308 2595 2360 Kal
2623 2307 3013 2377 εὐλαϐούμενοι
3077 2307 3332 2378 γράφειν,
3371 2308 3519 2379 ὅμως
3568 2305 3997 2378 ἀναγκαζόμεθα

2414 2398 2591 2467 στόμα
2622 2399 2949 2469 εὐχάριστον
2995 2398 3092 2451 καὶ
3132 2398 3415 2469 αίνέσιμον
3459 2396 3784 2466 ἀνοίγειντῇ
3819 2398 3997 2467 τιμιό-

2412 2490 2536 2559 τητί
2569 2508 2686 2543 σου.
2720 2491 2867 2555 Ἕως
2892 2490 3023 2543 πότε
3078 2485 3171 2543 οὖν
3217 2490 3319 2544 οὐκ
3382 2489 3578 2559 ἀνήσῃ,
3627 2487 3993 2557 καλλιμῆτορ,

2414 2587 2613 2655 κιχρᾷν
2644 2587 2775 2656 ἡμῖν
2806 2588 3044 2657 σεαυτήν
3070 2603 3085 2651 ;
3118 2586 3261 2649 Ἕως
3286 2586 3429 2645 τίνος
3458 2582 3527 2635 τὰ
3569 2580 3873 2653 ὁωρήματά
3901 2596 3978 2631 σοι

2413 2678 2514 2730 οὐκ
2544 2677 2905 2747 ἀπολήξουσιν
2934 2678 3185 2732 ἐντεῦθεν
3215 2679 3311 2731 καὶ
3340 2676 3590 2730 ἐντεῦθεν
3621 2675 3996 2744 παραπεμπόο

2417 2786 2555 2839 μενα
2579 2786 2595 2833 ;
2623 2769 2719 2822 καὶ
2758 2768 3000 2840 μάλιστά
3033 2788 3096 2839 γε
3125 2770 3219 2823 νῦν
3243 2785 3257 2800 ’
3284 2765 3378 2823 ὅτε
3398 2768 3569 2822 πολλά
3595 2784 3654 2820 σε
3681 2766 3751 2819 τά
3776 2766 3998 2833 λυπηρά

2415 2860 2857 2932 περιεστοίχισαν
2882 2879 2896 2894 ·
2930 2864 3015 2933 ἐφ’
3046 2858 3128 2925 οἷς
3171 2862 3268 2915 καὶ
3298 2861 3632 2931 ὲκινήθημεν
3654 2858 3856 2929 μᾶλλον
3873 2858 3998 2909 ἑπι-

2416 2959 2657 3009 στεῖλαι·
2692 2958 2957 3027 μαθόντες
2987 2956 3159 3019 οὕτως
3190 2956 3281 3007 καὶ
3308 2954 3506 3017 οὕτως,
3531 2955 3623 3005 ἐπὶ
3654 2950 3732 3020 τῷ
3752 2950 3995 3020 λειψάνῳ

2414 3050 2510 3103 τοῦ
2548 3050 2821 3121 μακαρίου
2856 3047 3089 3117 ἀδελφοῦ
3122 3064 3218 3100 σου
3253 3044 3717 3117 καταπράξασθαί
3752 3060 3835 3096 σε.
3859 3043 3998 3095 Φασὶ

2416 3144 2526 3215 γάρ
2555 3145 2855 3215 ἀνεῳγέναι
2888 3160 2947 3197 σε
2972 3143 3074 3211 τὴν
3107 3140 3283 3212 θήκην
3306 3139 3762 3211 παραγενομένην
3803 3140 3869 3190 ὲκ
3896 3136 3998 3205 τῆς

2417 3235 2745 3307 ἀλλοδαπῆς,
2774 3233 2892 3289 εἶτα
2935 3234 3345 3304 περιπλακῆναι
3378 3231 3457 3304 τῷ
3501 3229 3759 3301 λειψάνῳ,
3788 3228 3886 3282 καὶ
3918 3228 4000 3290 εἰς

2417 3329 2666 3398 ἀγκάλας
2701 3329 2846 3383 ἑλεῖν
2897 3327 3437 3400 μετενταφιάζουσαν
3484 3322 3551 3396 [Γ.
3594 3319 4002 3393 μεταμφιάζονο

2420 3418 2545 3491 σαν]
2601 3419 2765 3472 οίονεὶ
2797 3418 2890 3473 τὸν
2923 3418 3117 3489 νεκρὸν
3168 3417 3351 3479 ἄλλοις
3393 3415 3599 3477 καινοῖς
3619 3412 3869 3473 ὀθονίοις.
3903 3408 4003 3471 Τίς

2419 3505 2515 3564 οὖν
2544 3510 2644 3563 οὐκ
2700 3510 2927 3563 αίάσατο
2975 3506 3134 3581 [Cod.
3168 3506 3302 3576 Reg.
3334 3500 3619 3573 ἀγάσαιτο]
3651 3502 3712 3555 τὸ
3748 3497 4003 3570 φιλάδελ-

734 3593 911 3648 doluit
936 3593 1334 3649 vehementer?
1362 3593 1581 3662 quando
1618 3609 1717 3649 nos
1750 3593 1915 3647 etiam
1944 3595 2103 3664 longe
2137 3586 2314 3649 remo-

2423 3603 2522 3671 φόν
2552 3620 2647 3655 σου
2675 3621 2688 3667 ;
2722 3602 2807 3665 τίς
2830 3602 2886 3655 δὲ
2911 3599 3217 3672 τηνικαῦτα
3243 3598 3434 3669 παρὼν
3462 3598 3560 3650 οὐκ
3602 3596 3668 3649 ἂν
3700 3594 3883 3663 ἐξέχεε
3905 3593 4003 3645 δά-

736 3696 846 3752 tos,
875 3701 941 3741 ex
981 3686 1175 3766 auditu
1230 3685 1348 3740 solo
1379 3686 1554 3757 tetigit
1597 3686 1774 3750 dolor,
1808 3688 2068 3759 gravique
2100 3687 2320 3743 tristitia

737 3791 835 3831 cor
877 3775 1078 3832 affecit.
1130 3775 1175 3830 Ο
1222 3776 1483 3830 acerbum
1526 3777 1782 3831 nuntium
1820 3778 1833 3830 !
1868 3793 1901 3832 ο
1945 3778 2256 3833 luctuosum
2304 3779 2317 3831 l

736 3869 871 3939 quid
910 3869 1114 3923 fuimus
1140 3868 1163 3921 ἲ
1195 3879 1247 3923 et
1280 3868 1411 3938 quid
1438 3867 1563 3922 facti
1601 3885 1797 3925 sumus
1828 3871 2092 3939 ?repente
2116 3871 2320 3939 orpha-

738 3962 816 4028 ui,
846 3970 901 4017 et
934 3959 1106 4015 fratre
1131 3961 1399 4015 destituti.
1432 3957 1700 4030 Ingemuit
1731 3962 1959 4016 fortasse
1991 3962 2073 4016 sol
2100 3972 2153 4016 et
2184 3963 2319 4032 ipse.

738 4051 842 4107 hoc.
888 4065 1171 4107 cernens:
1219 4048 1367 4105 llevit
1390 4049 1521 4103 luna
1544 4060 1801 4105 eventum
1838 4072 1848 4105 :
1904 4052 2177 4107 tristiores
2202 4052 2325 4107 fue-

737 4154 871 4201 runt
919 4143 1316 4209 stellaepvelut
1364 4152 1707 4201 maerentes:
1760 4142 2035 4215 similique
2075 4148 2128 4200 in
2172 4146 2319 4201 luctu

739 4234 915 4292 fuisse
964 4236 1197 4291 dixerim
1231 4236 1443 4304 singula
1492 4236 1783 4290 elementa.
1816 4234 1961 4302 Quid
1999 4238 2156 4307 ergo?
2191 4254 2320 4292 num

740 4332 797 4383 in
833 4327 1057 4383 tristitia
1100 4329 1476 4397 persistemus.
1511 4327 1828 4397 dolorisque
1873 4335 2018 4384 nube
2063 4339 2323 4386 contene-

739 4420 1083 4485 brescemus,
1130 4420 1273 4476 sicut
1313 4421 1347 4475 ii
1392 4422 1487 4491 qui
1530 4420 1857 4491 perierunt?
1899 4418 2124 4478 Minime
2171 4439 2322 4489 vero,

740 4529 900 4570 soror
934 4516 988 4569 in
1021 4516 1276 4570 Domino.
1309 4515 1416 4571 Nec
1461 4517 1607 4572 enim
1659 4518 1780 4571 sine
1822 4517 2165 4587 providentia
2197 4530 2326 4575 sunt

742 4622 831 4663 res
881 4619 1103 4669 nostrae.
1174 4624 1276 4663 nec
1322 4609 1442 4663 sine
1503 4624 1620 4679 spe,
1675 4609 2135 4679 quemadmodum
2180 4613 2322 4682 apud

743 4710 931 4774 gentes
979 4701 1253 4772 mysteriis
1292 4716 1403 4755 non
1458 4701 1744 4755 initiatas:
1781 4701 1874 4756 sed
1913 4710 2043 4757 sunt
2068 4702 2123 4757 in
2156 4718 2320 4757 manu

745 4792 862 4858 Del,
906 4792 999 4863 qui
1048 4793 1232 4847 omnia
1269 4793 1557 4858 continet;
1593 4807 1625 4846 a
1674 4807 1786 4862 quo
1832 4792 1958 4847 facti
2012 4810 2226 4860 sumus,
2270 4807 2323 4851 et

745 4899 871 4947 nos.
904 4896 959 4939 et
987 4885 1079 4955 qui
1110 4899 1210 4939 nos
1233 4894 1539 4955 genuerunt
1570 4901 1585 4949 ;
1614 4884 1774 4954 cujus
1806 4897 2031 4939 munere
2053 4896 2107 4941 et
2138 4888 2319 4955 spira-

748 4994 871 5033 mus
898 4987 954 5031 et
988 4978 1224 5032 vivimus
1250 4994 1264 5044 ;
1291 4993 1318 5031 a
1338 4994 1447 5047 quo
1471 4976 1596 5031 item
1631 4977 1695 5030 ad
1730 4976 1893 5041 hanc.
1921 4993 2044 5048 qua:
2074 4981 2321 5036 omnium

749 5069 987 5126 maxima
1038 5080 1122 5125 cst
1170 5069 1430 5139 dignitas,
1518 5058 1883 5139 virginitatis.
1926 5069 2322 5139 professionem

748 5172 932 5219 evecta
968 5178 1049 5221 es.
1103 5161 1423 5217 Planximns
1464 5172 1732 5231 quantum
1782 5163 1917 5218 satis
1967 5175 2087 5219 erat
2138 5165 2323 5223 fratris

748 5272 959 5313 necem.
1000 5254 1157 5311 Nunc
1190 5265 1403 5326 tempus
1430 5264 1515 5309 est
1552 5254 1973 5322 consolationis,
2013 5272 2160 5313 nunc
2209 5257 2325 5316 dies

749 5352 1047 5422 gratiarum
1102 5350 1361 5404 actionis.
1429 5347 1772 5417 Dcponamus
1843 5363 1974 5419 ergo
2037 5349 2323 5420 lugubrem

724 5444 1021 5507 'ltaliitum,
1049 5456 1103 5497 et
1121 5442 1299 5513 magni
1331 5442 1500 5496 animi
1526 5456 1675 5495 arma
1707 5441 2023 5497 iuduamus.
2057 5440 2332 5498 Praemisi-

748 5553 875 5594 mus
903 5538 1150 5602 fratrem,
1186 5547 1241 5591 et
1283 5534 1478 5601 forma,
1507 5545 1561 5589 et
1593 5546 1791 5601 mente,
1829 5544 1883 5589 et
1926 5536 2032 5593 title
2069 5547 2329 5609 praestan-

815 5654 862 5689 ⁹⁹
894 5651 1053 5708 Rom.
1101 5666 1153 5715 ν.
1183 5648 1277 5705 20.
1353 5651 1368 5681 ¹
1401 5647 1446 5703 ll
1498 5647 1640 5704 Tim.
1686 5665 1759 5716 tv,
1800 5649 1853 5703 '7.

2356 4914 2489 4989 ῡκε

2425 3710 2569 3763 κρυα
2592 3708 2608 3757 ;
2636 3694 2737 3745 οὐκ
2768 3693 2831 3745 ἂν
2848 3692 3165 3761 ὠλοφύρατο
3186 3688 3405 3759 θερμῶς
3426 3685 3595 3750 ξὸπου
3623 3701 3686 3753 γε
3724 3683 3821 3737 καὶ
3842 3683 4003 3753 ἡμῶν

2424 3785 2758 3855 πορρωτέρω
2799 3782 3164 3853 διακειμένων
3209 3780 3269 3846 ἐξ
3321 3780 3491 3850 ἀκοῆς
3540 3778 3700 3847 μόνον
3733 3776 3910 3847 ἥψατο
3942 3776 4003 3828 τὺ

2425 3878 2618 3941 πάθος,
2668 3878 2761 3930 καὶ
2814 3877 3190 3947 περιωδύνησε
3250 3872 3350 3946 τὴν
3400 3872 3627 3943 καρδίαν
3670 3869 3901 3941 σφόδρα.
3933 3868 4004 3929 ,‘0

2423 3968 2686 4039 ἀγγελίας
2738 3969 2945 4041 πικρᾶς
2972 3969 2984 4021 ε
3014 3966 3062 4021 ὣ
3114 3965 3531 4037 συναντήματος
3567 3962 3900 4036 όδυρτικοῦί
3950 3962 4003 4014 τί

2423 4059 2589 4134 ἦμεν,
2618 4061 2713 4115 καὶ
2736 4061 2790 4115 τί
2834 4059 3180 4131 ἑγενόμεθας
3213 4057 3478 4129 ἐξαπίνης
3525 4056 3775 4128 ὀρφανοὶ,
3832 4057 4006 4126 ὲρημυ

2425 4157 2669 4226 άδελφοι.
2706 4152 2861 4225 Τάχα
2902 4152 3188 4219 ὲστέναξεν
3210 4152 3353 4224 ὁρῶν
3381 4152 3477 4206 καὶ
3500 4154 3528 4205 ό
3554 4150 3705 4220 ἥλιος
3756 4148 3817 4201 τὸ
3849 4149 4004 4215 γενό-

2428 4267 2589 4323 μενον
2615 4266 2629 4280 ·
2662 4249 2933 4321 ἐδάκρυσε
2957 4248 3014 4301 δὲ
3056 4248 3257 4317 σελήνη
3285 4245 3356 4299 τά
3393 4244 3680 4313 φθάσαντα
3699 4257 3713 4270 ·
3740 4239 4006 4307 ἑστύγνα-

2426 4360 2528 4397 σαν
2558 4342 2614 4396 δὲ
2648 4336 2899 4413 ἀστέρες,
2929 4341 3005 4404 ὡς
3038 4338 3393 4408 λυπούμενοι,
3426 4336 3507 4388 ὅτι
3538 4330 3630 4386 οὖν
3667 4333 3845 4385 εἰπεῖν
3879 4330 4005 4385 ἀλλο

2424 4436 2533 4489 τῶν
2563 4435 2841 4506 στοιχείων
2878 4432 3146 4494 πεπονθὸς
3173 4430 3242 4483 τὰ
3270 4430 3454 4498 ὃμοια.
3490 4426 3555 4477 Τί
3587 4420 3681 4479 οὖν
3712 4426 4007 4494 ἑπιμείνω-

2429 4546 2529 4598 μεν
2561 4531 2671 4591 τοῖς
2704 4527 3010 4596 λυπηροῖς;
3044 4520 3474 4589 συσκοτάσωμεν
3503 4516 3584 4587 τῷ
3601 4517 3753 4585 νέφει
3791 4516 3892 4585 τῆς
3916 4515 4004 4567 λὺο

2426 4638 2555 4690 πης,
2584 4620 2675 4672 καὶ
2696 4616 2987 4686 γενώμεθα
3017 4616 3094 4677 ὡς
3126 4616 3175 4668 οἱ
3214 4610 3622 4673 ἀπολωλεκότες
3657 4627 3674 4675 ;
3706 4609 4003 4678 Οὓμενουν,

2423 4711 2631 4783 ἀδελφὴ
2661 4714 2716 4763 ὲν
2742 4710 2951 4779 Κυρίῳ.
2988 4708 3063 4761 Οὐ
3115 4706 3226 4776 γὰρ
3255 4703 3569 4775 ἀπρονόητα
3601 4702 3667 4753 τὰ
3712 4700 3959 4769 ἡμέτερα
3984 4712 4001 4728 ο

2422 4805 2547 4858 οὐδὲ
2576 4803 2895 4863 ἀνέλπιστα,
2928 4799 3070 4855 κατὰ
3103 4799 3170 4851 τά
3215 4797 3343 4866 ἔθνη
3388 4795 3458 4849 τὰ
3504 4793 3727 4871 ἀμύητα
3754 4807 3770 4821 ·
3802 4791 3919 4843 ἀλλ’
3948 4792 4007 4842 ὲν

2498 4897 2589 4966 ρσὶ
2617 4892 2754 4947 Θεοῦ
2796 4890 2891 4945 τοῦ
2932 4891 3003 4944 τά
3050 4889 3228 4942 πάντα
3280 4886 3626 4957 συνέχοντος·
3655 4882 3787 4951 παρ’
3825 4873 3889 4934 οὗ
3916 4880 4009 4934 καὶ

2433 4988 2737 5057 γεγόναμεν
2766 4984 2862 5038 καὶ
2886 4985 3074 5054 ἡμεῖς,
3112 4981 3207 5034 καὶ
3236 4981 3285 5032 ot
3332 4975 3693 5047 γεγενηκότες
3725 4976 3876 5045 ἡμᾶς
3900 4989 3916 5004 ο
3950 4973 4010 5037 ἐξ

2432 5076 2494 5135 οὗ
2532 5080 2625 5132 καὶ
2653 5078 2715 5131 τὸ
2740 5077 3001 5130 ἀναπνεῖν
3028 5074 3121 5127 καὶ
3163 5073 3260 5143 ζῇν
3295 5068 3615 5140 κεκτήμεθα
3640 5086 3653 5097 ·
3685 5068 3781 5121 καὶ
3823 5066 3885 5120 τὸ
3929 5067 4009 5129 εἰς

2432 5173 2551 5228 τόδε
2580 5170 2922 5242 προαχθῆναι
2947 5167 3040 5221 τοῦ
3071 5166 3327 5234 μεγίστου
3364 5163 3472 5217 τῶν
3504 5162 3832 5232 ἀξιωμάτων
3863 5176 4007 5230 παρ-

2435 5264 2645 5318 θενικὸν
2668 5261 3015 5331 ἐπάγγελμα.
3057 5257 3436 5327 Ἐκλαύσαμεν
3460 5253 3555 5308 οὖν
3604 5252 3675 5307 τὰ
3704 5252 3895 5306 εἰκότα
3919 5252 4007 5303 ἐπὶ

2433 5356 2510 5426 τῷ
2539 5354 2773 5425 ἀδελφῷ.
2819 5351 2935 5407 Νῦν
2980 5340 3167 5422 καιρὸς
3219 5348 3645 5426 παρακλήσεωςι
3690 5345 3790 5400 νῦν
3829 5343 4005 5415 ἡμέρα

2439 5446 2819 5520 εὐχαριστίας.
2868 5442 3231 5512 ’Δποθώμείὶα
3280 5436 3375 5494 οὗν
3418 5440 3481 5493 τὸ
3532 5437 3792 5492 πενθικὸν
3874 5434 4005 5504 σχῆ-

2440 5558 2538 5611 μα,
2591 5540 2683 5594 καὶ
2741 5535 3088 5608 ἐνδυσώμεθα
3139 5536 3206 5589 τά
3250 5534 3391 5589 ὅπλα
3436 5532 3533 5602 τῆς
3584 5527 4004 5601 μεγαλοψυχίας.

2271 5752 2501 5813 NOTAE}.

818 5866 895 5939 (9)
934 5865 989 5920 lu
1023 5862 1147 5921 cod.
1188 5861 1322 5933 Reg.
1356 5862 1476 5931 σις’.
