4184 6500
272 417 416 482 1645

1448 425 1995 486 .EPISTOLABUM
2041 426 2182 483 LIB.
2249 425 2325 486 ll.

3375 422 3515 487 1646

267 532 728 604 Προὺπέμψαμεν
753 533 983 603 ἀδελφὺν
1005 535 1208 602 ἀγαθὸν
1248 535 1325 606 τῷ
1353 554 1412 590 τε
1453 538 1605 601 εῖδει,
1634 539 1727 590 καὶ
1775 540 1834 607 τῇ

1946 548 2074 602 tcm,
2117 539 2262 590 sicut
2307 546 2363 592 et
2418 544 2576 589 antea
2627 534 3064 602 consanguineos
3108 541 3162 587 et
3212 543 3510 603 parentes:

262 625 486 698 γνώμῃ,
515 627 608 678 καὶ
649 628 714 696 τῇ
762 625 963 685 πίστει,
1014 626 1202 696 ῶσπερ
1251 631 1344 680 καὶ
1390 629 1654 699 πρότερον
1709 629 1836 690 τοὺς

261 721 592 790 ὁμαίμονας,
627 723 719 773 καὶ
771 723 898 784 τοὺς
955 724 1323 792 γεννήτορας⁹
1373 723 1566 794 μικρὸν
1609 723 1835 792 ὕστερον

263 812 612 881 συνεψόμεθα
640 812 735 864 καὶ
762 815 941 882 ἡμεῖς.
975 813 1160 874 Οὐδεὶς
1184 814 1212 863 6
1251 814 1450 882 ζήσων,
1475 814 1570 867 καὶ
1603 815 1677 884 μὴ
1706 814 1836 883 θνη-

261 903 526 974 ξόμενοςο
557 905 734 967 οὐδεὶς
759 906 787 957 6
809 903 1108 972 γεννηθεὶς,
1137 903 1230 956 καὶ
1267 904 1341 973 μὴ
1377 905 1591 974 ταφείς.
1653 905 1837 974 Παρα-

264 996 668 1066 σκευασώμεθα
693 997 811 1050 λίαν
827 995 985 1067 [ΟυιΙ.
1011 997 1141 1064 lieg.
1162 995 1371 1067 λοιπόν]
1410 999 1502 1050 καὶ
1518 999 1678 1068 ⁴ἡμεῖς
1699 998 1837 1067 πρὸς

260 1089 367 1155 τὴν
398 1086 601 1153 ἐξοδονο
651 1088 1029 1158 ἑτοιμάσωμεν
1075 1091 1142 1142 τὰ
1189 1089 1378 1156 ἐφόδια
1419 1089 1518 1158 τῆς
1573 1089 1837 1158 μεταστά-

263 1196 408 1242 σεως
433 1195 446 1210 ο
478 1178 820 1249 τυπώσωμεν
847 1179 946 1241 τὰς
977 1180 1210 1248 ἀδελφὰς
1239 1179 1316 1250 τῷ
1349 1181 1536 1250 οίκείῳ
1567 1182 1837 1250 καταστήο

264 1289 424 1340 ματι,
462 1274 554 1324 καί
586 1270 800 1324 πενθεῖν
840 1273 1137 1343 εὐκαίρως,
1173 1274 1266 1326 καὶ
1300 1273 1644 1344 εὐχαριστεῖν
1674 1275 1838 1344 ἁρμο·

259 1361 411 1424 δίως.
447 1361 720 1432 Δείξωμεν
748 1365 857 1425 τοῖς
887 1362 1113 1432 ὁρῶσιν,
1144 1364 1224 1417 ὅτι
1258 1363 1286 1415 6
1317 1363 1448 1426 Θεὸς
1475 1365 1534 1417 ἐν
1560 1365 1693 1434 ἡμῖν
1721 1367 1836 1418 ἑστι

259 1451 644 1521 δοξαζόμενος,
688 1453 1185 1524 εὐχαριστούμενος
1227 1454 1312 1522 ἐφ’
1338 1449 1421 1518 οἷς
1451 1455 1685 1512 κελεύει.
1717 1458 1836 1511 Αὑ-

261 1543 364 1610 τὸς
417 1543 660 1608 ἔδωκεν,
701 1545 882 1610 αὐτὸς
933 1545 1030 1598 καί
1086 1545 1366 1614 ἀφείλετο
1388 1559 1402 1574 θ
1432 1547 1512 1612 ὡς
1540 1545 1620 1611 τῷ
1646 1548 1838 1615 Κυρίῳ

260 1635 501 1701 ἔδοξεν,
532 1637 718 1702 οὕτως
743 1637 840 1690 καί
884 1637 1108 1692 ἐσείετο.
1141 1637 1247 1690 Ναὶ
1293 1639 1596 1708 παρακαλῶ
1627 1640 1726 1708 τὴν
1755 1657 1837 1692 τι·

266 1725 498 1795 μιότητὰ
535 1741 626 1777 σου
655 1725 742 1778 ῐσα
769 1727 863 1779 καὶ
888 1728 1053 1796 μητρὶ
1076 1729 1173 1778 καὶ
1197 1729 1504 1798 γεννησάσῃ
1540 1730 1656 1799 ἦτοι
1681 1729 1837 1783 ἁδελ-

263 1819 342 1884 φῇ
382 1818 446 1886 τῇ
498 1815 730 1887 φιλτάτῃ
790 1834 915 1886 μοι·
957 1819 1260 1886 ἁφήσωμεν
1311 1819 1492 1887 φωνὴν
1532 1819 1794 1882 αίνέσεως
1819 1836 1832 1848 °

1937 630 2098 698 paulo
2128 639 2246 698 post
2264 638 2313 682 et
2330 643 2427 682 nos
2449 627 2863 696 subsequentur.
2896 625 3087 680 Nullus
3111 625 3270 689 vivet,
3292 628 3382 696 qui
3404 642 3511 680 non

1939 720 2008 774 sit
2035 720 2332 773 moriturus
2358 737 2371 772 :
2396 732 2557 772 nemo
2580 726 2740 771 natus
2760 725 2814 770 et
2830 731 2937 769 non
2960 715 3225 785 sepultus.
3246 715 3512 784 Accinga-

1937 823 2060 864 mur
2087 820 2138 864 et
2160 825 2259 863 nos
2287 809 2540 877 deinceps
2571 809 2638 862 ad
2668 808 2871 862 exitum
2906 825 2920 860 :
2948 807 3287 877 migrationis
3313 807 3514 862 viatica

1936 917 2313 970 comparemus
2346 919 2359 956 :
2397 916 2612 955 sorores
2653 901 2900 969 exemplo
2920 911 3105 954 nostro
3135 899 3511 962 informemus,

1937 1006 1995 1047 ut
2026 1004 2079 1050 et
2105 994 2423 1064 tempestive
2453 995 2697 1062 lugeant,
2721 1002 2774 1046 et
2804 1001 2864 1046 ut
2899 992 3073 1056 decet,
3099 993 3300 1062 gratias
3330 1003 3512 1062 agant.

1939 1085 2308 1141 Ostendamus
2343 1087 2408 1140 iis
2435 1085 2527 1153 qui
2563 1099 2666 1140 nos
2693 1084 2896 1148 vident,
2933 1082 3101 1138 Deum
3137 1099 3168 1136 a
3199 1083 3356 1137 nobis
3399 1085 3516 1152 glo-

1939 1177 2161 1241 riticari,
2212 1177 2370 1246 eique
2404 1177 2606 1246 gratias
2649 1176 2734 1244 agi
2772 1175 2842 1230 ob
2877 1189 2940 1230 ea
2971 1189 3092 1244 quae
3143 1173 3341 1244 jubet:
3391 1172 3515 1244 Ipse

1940 1270 2108 1336 dedit,
2141 1271 2249 1337 ipse
2268 1269 2522 1322 abstulit:
2543 1271 2677 1322 sicut
2701 1267 2926 1321 Domino
2950 1267 3173 1336 placuit,
3209 1268 3284 1320 ita
3313 1268 3516 1336 factum

1937 1370 2014 1413 est
2041 1360 2079 1413 ³.
2103 1358 2298 1428 Utique
2325 1359 2565 1412 obtestor
2592 1356 3062 1412 honoriﬁcentiam
3091 1367 3260 1422 tuam,
3292 1359 3517 1427 perinde

1939 1466 2004 1505 ac
2051 1460 2283 1504 matrem
2315 1466 2436 1520 qua:
2487 1466 2573 1505 me
2619 1451 3037 1520 genuerit,,aut
3085 1466 3329 1504 sororem
3378 1451 3516 1504 mihi

1940 1543 2318 1597 charissimam
2345 1561 2356 1596 :
2387 1558 2703 1611 premamus
2735 1556 2923 1597 vocem
2955 1541 3288 1597 laudationis
3321 1560 3333 1596 :
3365 1543 3515 1597 exhi-

1938 1637 2165 1690 beamus
2214 1635 2424 1688 vultum
2478 1635 2772 1689 hilaritatis
2828 1654 2841 1688 :
2893 1637 3188 1690 doceamus
3236 1636 3514 1705 operibus,

1939 1745 2042 1784 nos
2097 1744 2314 1784 crucem
2366 1728 2610 1782 humeris
2653 1737 2888 1796 gestare,
2921 1737 2974 1781 et
3009 1728 3286 1782 voluntate
3327 1737 3516 1782 nostra

1941 1832 2186 1877 mortuos
2215 1837 2358 1885 esse,
2392 1831 2446 1876 et
2475 1822 2678 1876 divinis
2715 1820 2988 1874 mandatis
3031 1820 3084 1873 in
3131 1819 3387 1873 omnibus
3417 1820 3516 1873 ob-

262 1907 634 1976 ὑποδείξωμεν
672 1907 963 1978 πρόσωπον
1008 1908 1358 1978 φαιδρότητος
1379 1926 1392 1940 ⁸
1419 1910 1716 1980 διδάξωμεν
1745 1912 1834 1982 Ep-

1942 1927 2263 1983 temperare.
2299 1912 2413 1967 lioc
2450 1912 2613 1968 modo
2649 1912 2693 1966 si
2727 1922 2776 1965 te
2809 1911 3066 1982 gesseris,
3099 1921 3260 1980 prout
3299 1921 3512 1966 rectum

261 2015 405 2064 ⁴τοις,
455 1998 537 2050 ὅτι
591 1997 682 2050 τὸν
742 1997 972 2067 σταυρὸν
1017 1997 1294 2068 ὲπ⁹ῶμων
1344 2002 1616 2074 φέρομεν’
1651 2003 1747 2056 καὶ
1765 2007 1830 2074 τῇ

262 2089 582 2161 προαιρέσει
611 2089 977 2158 ἀπεθάνομεν,
1027 2091 1122 2142 καὶ
1177 2093 1399 2161 εἴχομεν
1455 2095 1595 2148 κατὰ
1654 2097 1833 2149 πάντα

261 2183 378 2244 τοῖς
418 2179 583 2244 θείοις
616 2180 1060 2250 προστάγμασιν.
1105 2183 1230 2235 Ἐὲιν
1268 2184 1409 2238 οὕτω
1437 2187 1682 2256 πραξοις,
1712 2191 1834 2242 ὅσον

263 2273 535 2335 τδ’κα).ὸν,
566 2274 854 2343 εὐφρανεῖς
879 2273 1132 2343 Χριστὸν,
1159 2276 1251 2329 τὸν
1281 2278 1546 2332 ἀθάνατόν
1582 2298 1673 2333 σου
1699 2301 1832 2352 νυμ-

266 2366 410 2434 φίον.
456 2365 610 2418 Ἐπεὶ
668 2365 761 2417 ἐὰν
804 2364 969 2435 λυπῇ,
1019 2365 1212 2430 λυπεῖς
1255 2369 1415 2422 αὑτὸν
1453 2371 1526 2435 ὼς
1554 2373 1613 2425 τὸ
1663 2374 1830 2437 είκὸς,

261 2458 339 2520 ὡς
362 2457 518 2510 ἄλλον
566 2455 951 2526 περισσότερον
993 2457 1204 2512 ἐκείνου
1247 2461 1494 2528 φιλοῦσα.
1535 2463 1696 2536 Ὁρᾷς
1727 2467 1830 2520 ποῦ

263 2566 325 2601 σε
358 2551 385 2602 6
415 2548 569 2616 λόγος
619 2548 863 2616 ἦγαγενς
901 2549 976 2612 ῶς
1025 2550 1146 2603 οὐδὲ
1198 2553 1438 2624 ὀρφανὴν
1483 2555 1682 2620 οὖσαν,
1710 2559 1830 2611 οὐδὲ

260 2641 650 2704 ἁνεπίσκοπον,
681 2639 800 2692 οὐδὲ
853 2641 1316 2710 ἀπροστάτευτον·
1347 2648 1418 2699 Ei
1464 2648 1573 2716 γὰρ
1613 2651 1646 2701 ό
1690 2651 1832 2716 Θεὸς

254 2733 386 2802 μεθ’
408 2733 596 2802 ἡμῶν,
627 2732 718 2798 τίς
737 2733 864 2786 καθ’
886 2733 1055 2801 ἡμῶν
1079 2737 1164 2797 ,εἰ
1194 2737 1354 2801 αὐτὸς
1374 2739 1401 2788 6
1434 2741 1732 2810 περιέπων,
1752 2745 1836 2807 τίς

258 2827 288 2878 6
315 2824 652 2878 ἁντιπίπτων
678 2840 693 2890 ;
721 2823 906 2888 Οὕτως
939 2827 1033 2879 καὶ
1058 2826 1222 2881 τανῦν
1269 2831 1572 2902 προήχθην,
1604 2835 1832 2906 ἀδελφὴ,

261 2916 636 2986 παρακαλέσαι
689 2933 769 2968 σε.
824 2917 972 2987 Αὐτὴ
1025 2918 1082 2970 δὲ

1167 2915 1193 2934 τ.

1938 2015 2022 2059 est
2046 2020 2110 2058 ac
2151 2004 2491 2073 praclarum,
2536 2003 2816 2057 Christum
2847 2003 3181 2056 exltilarabis
3218 2001 3509 2056 immorta-

1939 2099 2043 2152 lem
2087 2099 2360 2168 Sponsum
2414 2107 2619 2162 tuum;
2666 2098 2947 2166 quoniam,
2981 2097 3025 2149 si
3079 2096 3334 2160 tristaris,
3381 2111 3514 2150 con-

1940 2191 2123 2244 tristas
2173 2188 2346 2252 illum,
2393 2199 2446 2241 ut
2487 2203 2585 2257 par
2613 2197 2701 2241 est
2751 2187 2994 2251 credere,
3031 2196 3291 2256 tanquam
3343 2187 3511 2240 alium

1938 2297 2047 2352 prae
2073 2282 2166 2337 illo
2200 2295 2391 2335 amans
2432 2281 2755 2350 impensius.
2794 2279 2951 2335 Vides
2981 2295 3090 2350 quo
3133 2288 3184 2334 te
3217 2278 3307 2332 hic
3333 2293 3512 2334 sermo

1941 2373 2190 2444 perduxit
2236 2374 2432 2444 :quod
2475 2388 2651 2443 neque
2699 2373 2834 2427 orba
2885 2373 2982 2438 sis,
3051 2387 3152 2428 nec
3207 2373 3515 2442 inspectore

1939 2481 2152 2532 careas,
2203 2482 2302 2521 nec
2360 2475 2558 2520 tutore.
2595 2464 2654 2520 Si
2705 2467 2843 2518 enim
2878 2464 3014 2519 Deus
3058 2481 3154 2534 pro
3186 2467 3362 2530 nobis,
3394 2469 3512 2537 quis

1940 2571 2125 2614 contra
2157 2577 2250 2614 nos
2286 2560 2305 2590 ³
2335 2559 2358 2613 ?
2384 2561 2429 2614 si
2462 2560 2574 2629 ipse
2601 2575 2786 2614 curam
2829 2561 2986 2629 gerit,
3035 2561 3157 2628 quis
3196 2559 3514 2615 adversab'i-

1941 2664 2030 2707 tur
2063 2656 2085 2706 ‘.’
2120 2653 2209 2707 Sic
2245 2663 2297 2706 et
2330 2668 2493 2716 nunc,
2527 2667 2704 2715 soror,
2742 2652 3011 2707 adductus
3044 2668 3166 2706 sum
3213 2662 3271 2706 ut
3296 2663 3348 2708 te
3379 2656 3512 2707 hor-

1939 2756 2101 2798 tarer.
2131 2745 2172 2796 Τ
2180 2761 2210 2797 u
2259 2759 2386 2798 vero
2415 2755 2560 2798 recte
2605 2741 2800 2798 ieceris
2830 2744 2873 2797 si
2917 2744 3110 2798 credas
3157 2743 3376 2800 indocto
3396 2748 3509 2800 seni

1937 2837 2264 2899 consulenti.
2296 2846 2352 2892 et
2376 2836 2469 2906 qui
2496 2836 2661 2890 rebus
2702 2836 2831 2902 tuis,
2869 2847 3030 2906 prout
3064 2837 3244 2901 debet,
3280 2839 3358 2894 sic
3400 2837 3510 2892 alli-

1135 2922 1194 2972 εὖ
1266 2922 1578 2992 πράττουσα
1629 2928 1838 2984 πείθοιο
1865 2929 1907 2986 C
1940 2932 2080 2984 citur
2109 2938 2368 2998 tanquam
2391 2927 2647 2996 propriis.

260 3007 447 3077 ἀσόφφ
479 3007 714 3077 γέροντι,
746 3004 805 3062 εὖ
853 3009 1337 3078 συμδουλεύσαντι,
1380 3017 1474 3067 καὶ
1507 3018 1584 3086 τῷ
1608 3019 1721 3075 ὄντι
1775 3021 2202 3078 οίκειοπαθοῦντι
2247 3020 2636 3088 ὀφειλομένως,
2667 3021 2742 3084 ὡς
2789 3024 2984 3084 οἰκεῖα,
3011 3022 3080 3075 τὰ
3115 3025 3203 3077 σά.

367 3145 485 3198 ΣΙΕ⁸
517 3145 639 3217 (9').
659 3175 731 3186 —
753 3145 1018 3211 Μεθοδίῳ
1045 3147 1155 3217 (l0)
1175 3147 1512 3215 μονάζοντι.
1556 3153 1726 3229 [digit]

2213 3159 2415 3216 CCXV.
2459 3190 2523 3200 —-
2558 3159 2826 3213 Methodio
2856 3161 3107 3214 monacho
3143 3161 3226 3230 (’).

1537 3274 1609 3322 De
1645 3274 1860 3328 diversis
1891 3279 2217 3342 argumentis.

361 3377 506 3446 Οσην
536 3375 648 3446 ἔχει
675 3374 967 3427 ὲπιποθίαν
997 3376 1031 3445 ἡ
1060 3376 1312 3446 τιμιότης
1335 3393 1428 3428 σου
1458 3376 1586 3429 ίδεῖν
1616 3379 1716 3450 τὴν
1740 3398 1835 3434 τα.

263 3470 520 3524 πείνωσιν
551 3467 730 3539 ἡμῶν,
755 3466 1024 3536 τοσαύτην
1067 3469 1263 3521 οίέσθω
1301 3469 1396 3522 καὶ
1427 3470 1526 3540 τὴν
1559 3472 1835 3544 ἡμετέραν

262 3559 400 3616 εἶναι
428 3561 562 3630 πρὸς
590 3559 687 3629 τὴν
711 3558 830 3612 κατ’
856 3558 1168 3627 ὀφθαλμοὺς
1199 3559 1434 3628 ὁμιλίαν.
1475 3559 1614 3611 Ἀλλ’
1647 3562 1834 3632 ἐπειδὴ

263 3655 572 3724 γέγραπται
598 3666 610 3678 ·
642 3653 724 3703 Οὐ
753 3649 859 3702 τοῦ
886 3649 1167 3715 θέλοντος
1193 3649 1334 3703 οὐδὲ
1361 3650 1467 3704 τοῦ
1494 3650 1831 3721 τρέχοντος,

263 3745 426 3799 ἀλλὰ
448 3743 554 3796 τοῦ
576 3741 893 3806 ἐλεοῦντος
911 3741 1061 3794 Θεοῦ
1079 3758 1093 3773 ο
1125 3741 1272 3813 αὺτῷ
1299 3743 1587 3797 ἀναθετέον
1615 3746 1705 3798 τὸν
1741 3747 1836 3799 πό-

265 3838 376 3902 θον,
390 3837 482 3889 καὶ
505 3833 855 3905 ὲπιρῤιπτέον
874 3832 973 3902 τὴν
996 3831 1287 3903 μέριμναν,
1310 3834 1404 3886 καὶ
1419 3834 1579 3897 αὐτὸς
1595 3837 1829 3906 ποιήσει,

264 3930 501 4000 ὁπηνίκα
530 3929 594 3982 ἂν
623 3929 718 3981 καὶ
748 3925 1023 3996 βούληται,
1055 3927 1284 3996 θέλημα
1312 3928 1430 3982 τῶν
1449 3929 1832 3998 φοϐουμένων

264 4024 470 4077 αὐτόν.
493 4021 567 4072 T6
587 4019 642 4072 δὲ
664 4019 756 4072 νῦν
782 4018 926 4089 ἔχον,
949 4019 1242 4085 ἀναγκαῖον
1267 4021 1524 4090 περὶτῶν
1542 4022 1834 4091 προταθὲν-

261 4131 366 4166 των
393 4112 705 4181 κεφαλαίων
728 4111 832 4163 ὑπὸ
862 4110 968 4162 τῶν
992 4109 1382 4178 πνευματικῶν
1409 4111 1565 4181 ἡμῶν
1590 4112 1833 4181 ἀδελφῶν

273 4207 578 4276 Ἰλαρίωνός
602 4222 662 4258 τε
691 4204 784 4257 καί⁵
802 4201 1158 4271 Εὑστρατίου,
1181 4200 1584 4272 μεσολαΰούσης
1609 4204 1707 4273 τῆς
1732 4203 1832 4274 σῆς

263 4299 567 4362 εὐλαὸείας,
582 4296 942 4365 ἀποκριθῆναι
959 4294 1026 4347 τὰ
1044 4294 1244 4347 είκότα.
1271 4293 1358 4357 Ὠς
1377 4295 1441 4348 ἂν
1457 4295 1511 4346 δὲ
1529 4295 1832 4350 εὑσύνοπτα

262 4391 484 4461 γένηται
508 4390 576 4442 τὰ
612 4387 902 4456 λεγόμενα,
935 4387 1053 4450 ἐνὸς
1083 4386 1314 4438 ἑκάστου
1351 4385 1710 4456 προταθέντος
1740 4404 1831 4440 κε·⁵

264 4483 489 4550 φαλαίου
527 4480 665 4534 κατὰ
698 4478 1000 4548 συνέχειαν,
1028 4478 1124 4530 καὶ
1153 4479 1187 4548 ἡ
1209 4478 1498 4549 ἀπόκρισις
1523 4475 1652 4533 εῐεν.

343 4571 652 4640 Ἐρώτησις
685 4569 762 4623 A'.
793 4598 863 4609 --
892 4569 963 4620 ΙΙε
975 4569 1028 4636 pi.
1057 4567 1164 4620 τῶν
1193 4569 1677 4639 χειροτονηθέντων
1700 4589 1832 4642 πρε-

2006 3384 2224 3449 Quanto
2250 3380 2443 3452 ﬂagrat
2471 3381 2791 3436 excellentia
2848 3391 2938 3434 tua
2971 3381 3244 3435 desiderio
3292 3381 3506 3439 videndi

1936 3475 2258 3530 tenuitatem
2285 3484 2524 3530 nostram
2555 3492 2570 3528 :
2602 3483 2812 3527 tantum
2839 3484 2893 3527 et
2922 3482 3074 3543 putet
3097 3489 3218 3530 esse
3235 3483 3504 3543 nostrum,

1935 3578 1995 3623 ut
2026 3578 2204 3623 tecum
2239 3583 2424 3623 coram
2458 3565 2902 3637 congrediamur.
2936 3565 3040 3619 Sed
3073 3567 3199 3636 quia
3239 3567 3505 3637 scriptum

1936 3670 2019 3716 est
2046 3678 2058 3713 :
2090 3659 2211 3714 Non
2237 3661 2451 3714 volentis
2483 3675 2644 3729 neque
2677 3659 2958 3725 currentis,
2999 3661 3089 3714 sed
3117 3660 3408 3715 miseremis
3428 3675 3505 3717 est

1935 3750 2104 3819 Dei‘;
2141 3753 2207 3808 ad
2249 3753 2428 3823 ipsum
2461 3751 2780 3806 referendus
2811 3762 2894 3805 est
2925 3753 3152 3806 allectus
3180 3791 3196 3818 ,
3236 3769 3298 3807 ac
3335 3753 3508 3823 proji-

1933 3844 2125 3899 cienda
2178 3845 2231 3898 in
2273 3859 2396 3898 enm
2459 3858 2592 3898 cura
2628 3861 2642 3898 :
2675 3852 2837 3912 atque
2873 3842 3008 3912 ipse,
3044 3859 3170 3897 cum
3224 3845 3454 3900 voluerit
3487 3887 3503 3912 ,

1946 3937 2281 3993 Volnntatem
2304 3940 2598 3993 timentium
2623 3955 2678 3992 se
2702 3939 2864 4006 faciet
2886 3939 2928 3991 '.
2967 3937 3120 4004 Quod
3145 3954 3273 3994 vero
3303 3941 3368 3994 ad
3401 3941 3506 3994 lioe

1937 4042 2149 4100 tempus
2175 4033 2392 4099 attinet,
2424 4033 2491 4087 de
2521 4032 2792 4101 capitibus
2823 4031 3116 4101 propositis
3144 4047 3174 4084 a
3201 4033 3504 4100 spirituali-

1933 4125 2036 4178 bus
2064 4123 2330 4178 fratribus
2360 4125 2567 4178 nostris
2602 4122 2883 4178 Hilarione
2921 4134 2974 4177 et
2999 4122 3300 4188 Eustratio,
3335 4124 3504 4179 inter-

1931 4217 2188 4271 veniente
2217 4219 2524 4271 reverentia
2559 4229 2674 4281 tua,
2721 4217 3089 4271 necessarium
3117 4225 3200 4272 est
3229 4233 3351 4288 quas
3379 4233 3505 4273 con-

1930 4311 2200 4365 venientia
2228 4310 2557 4364 videbuntur
2587 4311 2936 4379 respondere.
2968 4307 3170 4364 Verum
3204 4321 3264 4365 ut
3290 4311 3503 4367 facilius

1930 4403 2134 4472 percipi
2172 4403 2385 4471 possint
2414 4419 2534 4470 qua:
2565 4403 2838 4467 dicentur,
2890 4402 3185 4472 unicuique
3215 4405 3502 4473 propositae

1929 4496 2219 4565 quaestioni
2239 4494 2569 4562 conjunctim
2594 4497 2956 4565 subjungetur
2977 4497 3168 4551 ordine
3195 4498 3498 4566 responsio.

2000 4586 2361 4658 Interrogatio
2392 4587 2434 4642 l.
2457 4616 2530 4628 —
2556 4587 2632 4643 De
2667 4587 3034 4658 presbyteris,
3065 4590 3158 4659 qui
3185 4588 3370 4644 Romae
3407 4599 3502 4643 aut

266 4664 537 4733 σ6υτέρων
565 4664 622 4715 ὲν
651 4659 854 4732 Ῥώμῃ,
883 4661 940 4712 ὲν
967 4659 1257 4721 Νεαπόλει,
1291 4660 1382 4712 καὶ
1420 4661 1477 4712 ὲν
1516 4662 1826 4733 Λογγιεαρ-

1936 4678 2176 4750 Neapoli,
2211 4689 2266 4734 et
2309 4679 2364 4734 in
2396 4679 2771 4750 Longobardia
2809 4679 3045 4734 ordinati
3075 4679 3281 4751 absque
3322 4681 3498 4737 accla-

262 4756 371 4825 δία,
420 4753 768 4824 ἁκηρύκτων,
801 4747 1394 4820 καὶ’ἀπολεὶ.υμένων·
1445 4755 1493 4806 εί
1550 4755 1655 4826 χρὴ
1705 4756 1830 4819 τοὺς

261 4847 533 4908 τοιούτους
575 4844 843 4914 δέχεσθαι,
874 4845 968 4897 καὶ
1009 4845 1285 4898 κοινωνεῖν
1328 4844 1532 4912 αὐτοῖς,
1569 4847 1662 4898 καὶ
1703 4863 1829 4900 συν-

262 4941 484 5004 εσθίειν,
512 4938 608 4990 καὶ
631 4936 1004 5006 συνεύχεσθαι.

345 5051 699 5118 Ἀπόκρισις.
723 5076 793 5088 --
834 5046 923 5100 Ἐν
971 5047 1147 5118 καιρῷ
1196 5048 1458 5118 αἱρέσεως
1494 5048 1556 5101 οὐ
1588 5049 1728 5102 κατὰ.
1760 5048 1827 5101 τὰ

264 5146 320 5196 ὲν
349 5144 539 5214 είρήνῃ
566 5138 884 5193 τυπωθέντα
915 5138 1129 5200 πάντως
1156 5139 1578 5209 ἁπαραλείπτως
1601 5141 1829 5207 γίνεται,

264 5237 350 5289 διὰ
397 5236 494 5305 τὴν
528 5233 940 5301 ἀναγκάζουσαν
983 5230 1190 5302 χρείαν.
1223 5235 1395 5302 Ὅπερ
1431 5233 1679 5300 φαίνεται
1725 5251 1824 5285 πε-

264 5326 506 5397 ποιηκὼς
534 5327 562 5378 ὃ
583 5341 641 5378 τε
665 5322 1078 5395 μακαριώτατος
1115 5321 1448 5386 ’Δθανάσιος,
1475 5323 1567 5374 καὶ
1595 5326 1623 5376 6
1654 5322 1823 5390 ἁγιώ-

331 5441 353 5472 ²
375 5438 476 5494 Job
503 5455 541 5501 ι,
573 5439 658 5492 2t.
735 5437 753 5468 ³
778 5436 932 5490 Rom.
956 5451 1067 5502 vnt,
1104 5435 1193 5488 3i.

1929 4773 2170 4826 matione
2198 4780 2348 4836 sunt,
2372 4771 2654 4828 etdimissi
2685 4789 2698 4825 :
2729 4782 2912 4827 utrum
2937 4787 3031 4828 eos
3061 4773 3302 4843 recipere
3336 4788 3497 4843 opor-

1928 4875 2057 4928 teat,
2093 4879 2216 4920 cum
2252 4865 2443 4936 eisque
2476 4867 2889 4921 communicare
2911 4907 2928 4934 ,
2958 4875 3013 4922 et
3043 4865 3226 4922 cibum
3258 4880 3494 4931 sumere,

1925 4966 1980 5012 et
2023 4973 2198 5013 orare.

1997 5050 2278 5117 Responso.
2314 5079 2384 5090 —
2413 5048 2694 5106 Haereseos
2747 5061 3006 5120 tempore,
3054 5060 3270 5120 propter
3300 5066 3497 5121 cogctt-

1929 5151 2036 5194 tem
2072 5142 2476 5206 necessitatem,
2515 5159 2621 5196 non
2665 5143 2823 5212 plane
2862 5143 3011 5197 omni
3047 5157 3113 5197 ex
3160 5151 3311 5212 parte
3364 5146 3499 5197 liuut

1934 5253 2054 5304 quae
2077 5237 2129 5288 iu
2152 5253 2282 5305 pace
2310 5236 2519 5291 sancita
2551 5247 2698 5291 sunt.
2729 5235 2783 5289 Id
2813 5236 2957 5304 quod
2994 5234 3191 5291 fecisse
3221 5238 3496 5289 cernimus

1937 5337 2047 5379 tum
2090 5327 2468 5382 beatissimum
2502 5326 2860 5381 Athanasium
2889 5368 2904 5394 ,
2939 5337 3054 5382 tum
3090 5325 3494 5383 sanctissimum

1271 5434 1292 5465 ⁸
1323 5434 1480 5487 Itoni.
1511 5451 1584 5496 Ix,
1628 5435 1712 5488 lli.
1791 5438 1811 5466 ⁸
1843 5439 1983 5494 Psal.
2019 5457 2196 5500 cxuv,
2230 5440 2313 5494 19.

1746 5556 1977 5613 NOTAE.

337 5675 433 5743 (9‘)
460 5675 517 5728 In
550 5672 670 5727 cod.
704 5669 836 5740 Reg.
875 5668 998 5738 σιη’.

339 5736 448 5813 (ιθ)
477 5744 626 5796 llanc
663 5736 1148 5813 epist'olam'cdidit
1182 5736 1666 5813 Qote_lerius,_t._lll
1701 5737 1818 5813 31o-

267 5808 648 5871 nnmeccles.
695 5808 910 5873 erca’,
948 5826 1012 5862 ex
1047 5815 1166 5863 cod.
1197 5809 1384 5876 Regio.
1423 5824 1476 5860 tt.
1509 5808 1662 5870 i770,
1718 5811 1820 5861 sub

840 5879 852 5893 ἱ

272 5883 485 5934 nomine
513 5880 797 5948 Nicepbot'i
815 5879 944 5942 Cl’.;
975 5889 1028 5931 at
1045 5878 1325 5932 Theodoro
1346 5889 1532 5930 nostro
1551 5879 1820 5931 vindicant

1923 5676 2042 5728 cod.
2080 5677 2155 5728 Re

2161 5693 2211 5744 g.
2243 5693 2300 5747 ῃ.
2337 5676 2503 5747 1987,
2538 5693 2648 5747 quo
2677 5679 2760 5734 usi
2798 5689 3012 5733 sumus.
3037 5685 3090 5731 et
3119 5673 3318 5745 duplex
3347 5690 3494 5746 apo-

1928 5748 2188 5812 grapltunt
2232 5746 2530 5800 Sirmondi.

1999 5816 2073 5885 (")
2107 5815 2436 5886 Dogmatica.
