4184 6482
693 389 825 456 164Ἱ

1878 389 1937 447 S.
1975 383 2366 446 THEODORI
2405 382 2750 443 STUDITIE

3806 378 3949 440 1648

691 509 992 569 Eusebium
1034 525 1047 562 :
1091 507 1188 578 qui
1225 505 1387 561 ambo
1435 515 1747 561 exterorum
1785 504 2158 559 ordinationes
2200 502 2270 555 fe-

2376 517 2530 563 τατος
2577 498 2854 560 Εύσέόιος,
2903 493 3228 566 ὑπερορίους
3269 490 3599 564 χειροτονίας
3640 495 3950 564 ἀμφότεροι

688 619 836 660 cere.
871 603 1125 670 Idemque
1173 615 1320 654 nunc
1368 601 1420 654 in
1466 599 1720 669 praesenti
1756 598 1950 652 haeresi
1983 598 2097 651 ﬁeri
2137 611 2268 650 con-

687 696 943 768 spicitur.
1007 691 1197 764 Itaque
1263 691 1568 763 presbyteri
1625 689 1938 754 memorati,
1987 689 2033 743 si
2088 688 2267 758 palam

687 785 931 844 damnati
968 800 1072 839 non
1100 784 1234 847 sint,
1263 797 1613 852 nequaquam
1643 782 1715 836 ob
1744 781 2014 850 ejusmodi
2046 779 2271 832 ordina-

701 879 909 934 tionem
939 876 1223 932 avessandi
1257 886 1406 940 sunt,
1460 877 1552 930 sed
1600 875 1923 929 admittendi
1969 872 2270 928 secundum

691 983 931 1044 quatuor
966 970 1395 1042 propositiones.

765 1066 1126 1135 Interrogatio
1162 1061 1227 1118 ll.
1257 1092 1331 1104 —
1371 1061 1444 1116 De
1473 1061 1810 1131 presbyteris
1835 1068 1991 1115 extra
2050 1059 2274 1130 provin-

693 1159 831 1215 ciam
869 1161 919 1212 in
969 1157 1157 1214 Sicilia
1213 1156 1485 1210 ordinatis
1515 1174 1528 1210 :
1561 1165 1745 1210 utrum
1772 1154 1988 1208 admitti
2021 1153 2271 1206 debeant.

764 1337 1073 1407 Responsio.
1101 1368 1168 1377 —
1207 1335 1330 1391 Haec
1357 1335 1714 1404 interrogatio
1745 1334 1943 1389 similis
1977 1343 2060 1388 est
2109 1349 2274 1404 supe-

697 1429 851 1496 riori,
891 1430 1018 1484 licet
1059 1430 1268 1483 ratione
1318 1429 1426 1482 loci
1457 1429 1776 1498 discrepet:
1826 1427 2058 1482 similem
2089 1428 2276 1496 itaque

698 1521 1114 1590 responsionem
1149 1520 1400 1590 accipiet.

771 1612 1131 1684 Interrogatio
1171 1612 1256 1667 Ill.
1308 1643 1378 1652 -—
1435 1613 1511 1666 De
1545 1611 1805 1666 Ecclesiis
1836 1611 2138 1681 inquinatis
2180 1625 2275 1680 per

700 1707 1012 1764 sacerdotes
1042 1707 1134 1775 qui
1192 1707 1385 1760 haeresi
1427 1706 1906 1760 cummunicarunt
1933 1743 1948 1767 .
1992 1719 2020 1756 a
2077 1704 2274 1771 quibus

2372 595 2756 662 ποιησάμενοι.
2787 589 2893 644 Καὶ
2916 588 3010 641 νῦν
3033 589 3088 640 δὲ
3115 587 3176 640 τὸ
3208 587 3338 640 αὐτὸ
3357 588 3548 655 ὁρᾶται
3569 587 3950 656 πραττόμενον

2368 687 2428 736 έν
2469 686 2534 754 τῇ
2575 679 2825 752 παρούσῃ
2856 679 3085 749 αἱρέσει.
3117 677 3281 729 ’Ὥστε
3310 676 3360 728 οἱ
3401 675 3858 742 ύποδηλωθέντες.
3902 676 3950 727 εἱ

2369 775 2431 827 οὐ
2467 771 2748 844 προδήλως
2789 770 2894 823 εἰσὶ
2934 767 3392 836 κατεγνωσμένοι,
3435 765 3686 835 οὐδαμῶς
3738 767 3804 818 ὲκ
3851 765 3949 817 τοῦ

2371 867 2545 929 οὕτως
2571 861 3012 935 χειροτονηθῆναι
3035 858 3417 929 ἁποτρόπαιοι,
3439 856 3574 909 ἀλλὰ
3594 854 3950 925 προσδεκτέοι

2372 959 2516 1012 κατὰ
2545 957 2817 1023 τέσσαρας
2846 952 3162 1024 προτάσεις.

2455 1049 2771 1118 Ἐρώτησις
2799 1047 2873 1098 Β’.
2897 1074 2966 1084 -
2995 1045 3132 1114 Περὶ
3165 1042 3270 1096 τῶν
3299 1039 3785 1111 χειροτονηθέντων
3815 1053 3950 1105 πρεο

2375 1141 2649 1211 οδυτέρων
2684 1138 2948 1209 ὑπερόρια
2985 1139 3043 1190 ὲν
3073 1135 3322 1206 Σικελίᾳ·
3372 1135 3420 1185 εἱ
3452 1133 3558 1202 χρὴ
3592 1131 3819 1192 τούτους
3863 1129 3954 1180 δὲ-

2373 1251 2431 1303 χε
2441 1231 2582 1286 σθαι.

2454 1323 2891 1390 Ἀπόκρισιςκ-
2908 1318 3079 1371 Τοῦτο
3105 1317 3166 1369 τὸ
3193 1313 3452 1385 ἐρώτημα
3479 1314 3664 1383 ὅμοιον
3688 1311 3785 1365 τοῦ
3812 1327 3951 1380 προ.

2371 1415 2640 1476 τεθέντος,
2693 1415 2742 1466 εἰ
2805 1414 2899 1464 καὶ
2968 1411 3088 1464 καθ’
3178 1409 3368 1478 ὕφεσιν
3435 1409 3603 1459 τόπου
3669 1404 3950 1474 ἀνόμοιον.

2386 1505 2609 1574 ὀμοίαν
2634 1503 2874 1573 δηλονότι
2896 1501 3006 1566 ἕξει
3037 1501 3131 1553 καὶ
3154 1500 3251 1570 τὴν
3277 1500 3589 1569 ἀπόκρισιν.

2455 1593 2770 1662 Ἐρώτησις
2802 1591 2876 1646 ῐ“¹.
2911 1622 2976 1631 -
3008 1593 3142 1661 Περὶ
3185 1589 3294 1642 τῶν
3336 1590 3703 1644 κοινωθέντων
3745 1588 3952 1656 ἐκκλη-

2374 1686 2506 1738 σιῶν
2541 1688 2603 1738 ὲκ
2631 1686 2739 1737 τῶν
2773 1685 2967 1753 ἱερέων
2993 1684 3100 1734 τῶν
3131 1683 3576 1751 κοινωνησάντων
3609 1685 3674 1750 τῇ
3706 1681 3950 1749 αἱρέσει,

698 1799 1017 1854 detinentur
1050 1773 1074 1851 ι-
1101 1806 1280 1850 utrum
1335 1799 1386 1849 in
1414 1812 1508 1852 eas
1543 1796 1809 1851 orationis
1841 1795 1926 1850 vel
1954 1795 2271 1866 psalmodim

2376 1777 2468 1830 καὶ
2494 1776 2871 1845 κατεχομένων
2894 1777 2981 1826 ὑπ’
3001 1775 3178 1828 αὐτῶν
3199 1791 3212 1804 ·
3242 1775 3292 1826 εἰ
3314 1775 3418 1844 χρὴ
3440 1775 3495 1825 ὲν
3517 1774 3706 1836 αὑταῖς
3723 1773 3952 1825 εἰσιέναι

697 1907 862 1946 causa
886 1891 1094 1959 ingredi
1122 1899 1388 1958 Oporteat.

769 1979 1078 2048 Responsio.
1108 2010 1178 2021 —
1204 1978 1527 2032 Nullatenus
1574 1977 1626 2031 in
1659 1978 1975 2047 hujusmodi
2010 1977 2274 2032 ecclesias

701 2071 1117 2140 ingrediendum
1158 2076 1262 2131 est,
1291 2069 1449 2137 juxta
1480 2068 1673 2122 modos
1702 2077 2030 2121 memoratos
2057 2083 2070 2120 :
2102 2082 2276 2136 quan-

699 2162 990 2230 doquidem
1054 2160 1318 2228 scriptum
1349 2165 1434 2212 est
1477 2175 1491 2212 :
1537 2155 1670 2210 Ecce
1720 2158 2042 2226 relinquetur
2089 2157 2274 2208 domus

698 2261 872 2304 vestra
903 2252 1112 2304 deserta
1136 2251 1175 2304 ‘.
1209 2248 1384 2303 Simul
1434 2247 1580 2302 enim
1635 2256 1796 2318 atque
1835 2247 2144 2302 introducta
2195 2255 2280 2300 est

703 2343 944 2403 hat-esis,
977 2341 1246 2396 abscessit
1271 2341 1625 2412 ungelusloci
1661 2355 1882 2410 praeses.
1912 2340 2066 2408 juxta
2095 2342 2277 2409 magni

702 2433 890 2488 Basilii
924 2448 1111 2487 vocem
1139 2433 1158 2463 '
1191 2449 1205 2485 :
1239 2447 1302 2486 ac
1339 2432 1595 2502 templum
1629 2432 1936 2501 ejusmodi,
1969 2433 2279 2487 communis

703 2533 758 2580 et
794 2524 1020 2595 profana
1069 2525 1266 2580 domus
1325 2524 1526 2580 factum
1589 2535 1721 2580 est:
1760 2524 1828 2577 Et
1877 2541 1980 2577 non
2025 2526 2276 2587 introibo,

703 2617 882 2687 inquit
904 2656 920 2680 .
951 2618 1006 2670 in
1038 2617 1316 2670 ecclesiam
1347 2617 1756 2686 malignantium
1777 2617 1819 2670 ⁸.
1852 2615 1915 2670 Et
1945 2617 2277 2686 Apostolus:

705 2710 811 2776 Qui
844 2725 1131 2764 consensus
1167 2708 1360 2778 templo
1394 2706 1490 2763 Dei
1520 2725 1638 2762 cum
1667 2709 1825 2762 idolis
1849 2707 1915 2762 ’τ
2023 2699 2027 2704 ’

778 2889 1132 2960 Interrogatio
1161 2887 1248 2943 lV.
1282 2919 1337 2929 —
1389 2888 1464 2942 De
1516 2888 1764 2942 ecclesiis
1811 2902 1906 2956 per
1942 2887 2162 2940 eosdem
2193 2901 2282 2940 sa-

707 2985 960 3039 cerdotes
994 2982 1236 3051 pollutis,
1272 2980 1366 3036 sed
1389 2996 1510 3049 qua:
1538 2980 1606 3033 ab
1632 2979 1764 3048 ipsis
1795 2994 1900 3033 non
1934 2976 2281 3031 detinentur:

711 3093 841 3132 num
877 3077 930 3130 in
965 3074 1073 3130 illis
1103 3075 1340 3144 psallere
1375 3084 1426 3128 et
1468 3087 1630 3128 orare
1659 3079 1927 3140 oporteat.

783 3252 1090 3323 Responsio.
1108 3280 1177 3290 —
1193 3251 1418 3319 Oportet
1450 3262 1581 3301 sane
1609 3247 1662 3300 in
1687 3260 1779 3299 eas
1799 3243 2055 3298 ecclesias
2081 3242 2283 3295 intrare

709 3348 777 3403 ad
807 3345 1146 3418 psallendum
1174 3353 1228 3396 et
1274 3341 1564 3403 orandum,
1603 3338 1649 3393 si
1689 3337 1850 3391 modo
1882 3336 1985 3389 illa
2029 3350 2136 3388 non
2168 3348 2283 3386 ant-

711 3443 856 3512 plius
891 3439 1211 3510 polluuntur
1242 3436 1310 3489 ab
1348 3433 1636 3497 haereticis,
1662 3430 1755 3485 sed
1788 3431 1856 3484 ab
1887 3427 2206 3483 orthodoxis
2229 3428 2280 3479 in

712 3541 1031 3605 perpetuum
1096 3531 1430 3584 detinentur.
1512 3525 1885 3580 Constitutum
1949 3531 2130 3575 autem
2194 3519 2282 3574 hic

713 3634 820 3690 est,
849 3635 910 3679 ut
941 3624 1009 3676 ab
1037 3622 1296 3691 episcopo
1328 3618 1410 3672 vel
1431 3616 1712 3672 sacerdote
1726 3629 1873 3669 sana:
1897 3613 2044 3675 tidei,
2078 3613 2280 3667 solem-

715 3719 800 3773 nis
832 3715 1040 3785 apertio
1070 3713 1351 3773 ecclesiae,
1392 3709 1634 3764 exhibita
1684 3721 1877 3777 prece,
1935 3705 2049 3759 ﬁat.
2098 3703 2284 3773 Itaque

713 3811 762 3866 si
803 3809 907 3863 hoc
937 3808 1048 3871 ﬁat,
1080 3815 1134 3860 et
1157 3819 1376 3858 sacrum
1419 3801 1494 3856 ibi
1541 3799 1807 3856 celebrari
1858 3813 1964 3852 non
1989 3796 2094 3851 erit
2120 3796 2282 3850 abso-

715 3917 868 3957 num.
905 3897 1165 3965 Exemplo
1198 3894 1269 3948 sit
1309 3903 1529 3948 sanctus
1557 3891 1892 3946 Athanasius
1917 3931 1932 3954 ,
1969 3889 2097 3959 qui,
2159 3903 2280 3943 cum

717 3997 1013 4062 imperator
1065 3987 1415 4043 Constantius
1463 3986 1638 4054 ipsum
1686 3984 1994 4038 hortaretur
2051 3988 2112 4036 ut
2146 3980 2285 4035 hanc

715 4100 880 4140 unam
915 4081 1144 4152 gratiam
1174 4077 1519 4139 concederet,
1559 4075 1802 4129 tradendi
1839 4072 2285 4128 scilicetArianis

715 4174 857 4245 apud
877 4169 1260 4226 Alexandriam
1293 4166 1554 4236 templum
1578 4180 1743 4220 unum
1775 4164 1866 4218 ubi
1896 4162 2281 4218 convenirent;

716 4265 934 4324 annuit.
980 4261 1142 4316 modo
1177 4261 1292 4329 ipse
1340 4272 1558 4327 quoque
1593 4257 1823 4326 gratiam
1857 4254 2104 4310 eamdem
2141 4253 2286 4307 Con-

718 4355 1071 4425 stantinopoli
1105 4362 1574 4423 consequeretur,
1638 4359 1698 4403 ut
1753 4363 1947 4416 nempe
1998 4345 2283 4400 orthodoxi

717 4449 1074 4505 convenirent
1101 4447 1155 4500 in
1195 4446 1457 4515 templum
1502 4457 1693 4503 unum.
1727 4440 1795 4495 ab
1841 4439 2056 4493 Arianis
2093 4438 2278 4490 deten-

717 4553 854 4596 tum.

792 4632 1146 4702 Interrogatio
1178 4629 1243 4685 V.
1296 4659 1365 4670 —
1402 4630 1474 4682 De
1512 4627 1714 4682 sanctis
1761 4623 1854 4693 qui
1908 4623 1960 4676 in
2009 4634 2234 4690 corpore
2274 4634 2285 4668 :

720 4733 904 4781 utrum
958 4722 1166 4794 ingredi
1198 4728 1444 4790 oporteat
1470 4719 1523 4771 in
1553 4733 1742 4772 eorum
1775 4715 2088 4770 cmmeteria
2115 4754 2132 4778 ,
2189 4711 2290 4764 ibi-

720 4826 828 4882 que
857 4824 1018 4864 orare
1055 4820 1110 4864 et
1148 4808 1403 4872 adorare,
1429 4807 1558 4860 dum
1589 4822 1650 4859 ea
1683 4823 1713 4859 a
1753 4804 1973 4874 pollutis
1996 4803 2290 4858 sacerdoti-

722 4903 826 4958 bus
859 4909 1134 4955 tenentur.

793 5077 1099 5144 Responsio.
1130 5104 1200 5116 —
1224 5073 1344 5128 Non
1371 5073 1636 5143 permittit
1661 5086 1860 5135 canon,
1893 5071 2192 5126 secundum
2224 5085 2286 5123 ea

723 5184 844 5240 quae
874 5169 1024 5238 prius
1052 5166 1326 5220 declarata
1353 5173 1503 5226 sunt,
1543 5165 1594 5218 in
1625 5178 1817 5218 eorum
1851 5163 2161 5217 cmmeteria
2204 5162 2285 5214 in-

724 5261 912 5316 troire.
961 5259 1235 5328 Scriptum
1267 5267 1350 5311 est
1379 5257 1524 5310 enim
1562 5274 1574 5309 :
1619 5254 1685 5308 Ut
1732 5256 1857 5324 quid
1913 5255 2126 5306 libertas
2172 5268 2286 5306 mea

718 5351 994 5418 iudicatur
1026 5348 1089 5400 ab
1117 5348 1290 5400 aliena
1316 5346 1638 5398 conscientia
1668 5345 1750 5397 '°?
1785 5344 1887 5398 nisi
1927 5343 2063 5397 forte
2091 5359 2151 5396 ex
2191 5359 2286 5397 ne-

726 5442 981 5496 cessitate
1005 5479 1020 5502 ,
1074 5438 1448 5493 tantummodo
1480 5438 1546 5489 ad
1595 5437 1928 5491 venerandus
1964 5435 2136 5489 sancti
2165 5435 2290 5488 reli-

726 5534 902 5602 quias,
941 5531 1031 5583 ﬁat
1059 5530 1356 5599 ingressus.

798 5622 1153 5693 Interrogatio
1197 5621 1279 5674 VI.
1317 5653 1377 5663 -
1419 5622 1491 5676 De
1545 5621 1612 5676 iis
1657 5621 1752 5692 qui
1798 5619 2046 5675 habitum
2089 5634 2290 5674 mona—

801 5821 823 5854 ⁸
854 5821 1040 5874 Matth.
1072 5837 1229 5883 xxm,
1265 5820 1355 5873 ‘58.
1433 5821 1452 5852 ⁷
1491 5819 1665 5888 Epist.
1701 5819 1821 5874 191.
1899 5817 1920 5850 ⁸
1961 5817 2105 5875 Psal.
2143 5833 2268 5881 xxv,
2306 5818 2357 5872 5.

2303 1853 2342 1908 Β
2373 1870 2534 1940 χάριν
2558 1867 2724 1938 εὐχῆς
2750 1868 2844 1921 καὶ
2869 1865 3206 1936 ψαλμῳδίας.

2456 1963 2814 2028 Ἀπόκρισις.
2844 1992 2908 2001 —
2934 1959 3010 2012 Οὐ
3042 1960 3147 2029 χρὴ
3179 1957 3240 2010 τὸ
3270 1957 3499 2012 καθόλου
3528 1959 3609 2021 εἰς
3629 1958 3731 2019 τὰς
3759 1958 3951 2010 τοιαύ-

2374 2071 2474 2118 τας
2502 2053 2798 2122 ἐκκλησίας
2831 2051 3077 2114 εἰσιέναι,
3120 2050 3262 2102 κατὰ
3300 2037 3426 2113 τοὺς
3465 2051 3792 2120 εἰρημένους
3824 2050 3951 2120 τρό-

2378 2161 2544 2208 πους·
2605 2144 2791 2212 ἐπειδὴ
2828 2144 3157 2212 γέγραπται·
3226 2139 3369 2195 ἰδοὺ
3428 2142 3660 2211 ἀφίεται
3712 2144 3746 2194 ὀ
3787 2138 3953 2207 οἶκος

2377 2237 2544 2308 ὑμῶν
2568 2238 2808 2304 ἕρημος.
2831 2237 2986 2305 Ἀμα
3009 2237 3117 2306 γάρ
3147 2235 3224 2304 τῷ
3250 2234 3570 2304 εἰσαχθῆναι
3590 2234 3689 2304 τὴν
3714 2235 3949 2303 αἰρεσιν,

2378 2328 2596 2395 άπέπτη
2623 2328 2651 2378 ό
2681 2325 2874 2394 ἔφορος
2906 2325 3014 2376 τῶν
3040 2325 3219 2378 ἐκεῖσε
3251 2325 3502 2392 ἄγγελος,
3540 2325 3682 2377 κατὰ
3715 2326 3815 2392 τὴν
3841 2342 3955 2392 φω-

2379 2419 2476 2489 νὴν
2530 2417 2627 2470 τοῦ
2682 2415 2920 2486 μεγάλου
2970 2415 3284 2468 Βασιλεὶου·
3337 2417 3433 2469 καὶ
3477 2418 3652 2479 κοινὸς
3717 2413 3863 2480 οἰκος
3921 2417 3952 2469 ό

2378 2509 2583 2564 τοιόσδε
2617 2505 2947 2578 χρηματίζει
2979 2508 3125 2568 ναός.
3171 2508 3278 2560 Kal
3318 2510 3390 2560 οὐ
3429 2509 3513 2575 μὴ
3550 2507 3824 2569 εἰσέλθω,
3851 2525 3955 2575 φη-

2381 2602 2485 2661 σὶν,
2515 2601 2600 2664 εἰς
2637 2598 3006 2664 Ἐκκλησίαν
3039 2596 3552 2664 πονηρευομένωγ.
3585 2600 3695 2651 Καὶ
3724 2600 3752 2649 ό
3793 2598 3954 2649 Ἀπό-

2383 2690 2598 2753 στολος·
2635 2693 2728 2757 Τίς
2771 2689 3215 2760 συγκατάθεσις
3250 2688 3374 2752 ναῷ
3415 2689 3562 2742 Θεοῦ
3608 2689 3757 2757 μετὰ
3793 2690 3953 2743 εἰδώς

2387 2785 2557 2844 Juv;

2466 2873 2789 2941 Ἐρώτησις
2817 2877 2892 2927 Δν.
2917 2904 2985 2914 -
3009 2874 3144 2944 Περὶ
3170 2872 3277 2925 τῶν
3306 2871 3414 2924 τῶν
3438 2871 3806 2925 κοινωθέντων
3862 2874 3952 2924 he-

2384 2965 2622 3036 κλησιῶν
2647 2967 2751 3019 ύπὸ
2777 2967 2885 3019 τῶν
2914 2966 3092 3019 αὐτῶν
3115 2966 3324 3036 ἱερέων,
3349 2965 3443 3018 καὶ
3473 2965 3546 3034 μὴ
3574 2964 3952 3033 κατεχομένων

2385 3057 2476 3110 ὑπ’
2513 3057 2721 3110 αὐτῶν·
2747 3060 2795 3110 εἰ
2826 3057 2930 3128 χρὴ
2959 3060 3017 3112 ὲν
3045 3060 3162 3121 ταῖς
3185 3055 3459 3121 τοιαύταις
3488 3055 3711 3125 ψάλλειν
3742 3056 3836 3109 καὶ
3863 3053 3954 3108 εύ-

2387 3149 2597 3220 χεσθαι.

2471 3240 2823 3306 Ἀπόκρισις.
2860 3271 2928 3281 -
2970 3240 3088 3311 Χρὴ
3153 3241 3249 3309 μὲν
3299 3239 3390 3293 οὖν
3445 3240 3669 3292 εἰσιέναι
3729 3239 3787 3290 ὲν
3837 3239 3953 3299 ταῖς

2383 3333 2659 3395 τοιαύταις
2693 3331 3012 3401 ἐκκλησίαις
3058 3335 3136 3394 εἰς
3171 3333 3230 3384 τὸ
3259 3332 3478 3399 ψάλλειν
3529 3333 3618 3384 καὶ
3663 3330 3949 3398 εύχεσθαν

2385 3423 2500 3475 ἀλλ’
2546 3425 2704 3493 εἰπερ
2762 3422 3018 3490 ἀσφαλῶς
3067 3423 3266 3492 μηκέτι
3322 3421 3638 3491 χραίνονται
3695 3422 3800 3474 ὑπὸ
3845 3422 3954 3474 τῶν

2383 3518 2682 3590 ὀρθοδόξων
2731 3519 2812 3580 εἰς
2857 3516 2918 3570 τὸ
2949 3517 3055 3570 ἀεί.
3089 3516 3407 3570 Τετύπωται
3453 3515 3508 3568 δὲ
3559 3514 3815 3577 ἐνταῦθα,
3850 3515 3954 3567 ὑπὸ

2386 3609 2729 3679 σεσωσμένου
2760 3604 3084 3672 ὲπισκόπού,
3113 3609 3144 3678 ἢ
3176 3609 3362 3677 ἱερέως
3393 3608 3458 3660 τὰ
3483 3607 3688 3671 άνοίξια
3733 3607 3833 3675 τῆς
3856 3609 3950 3658 ὲκ-

2385 3703 2615 3770 κλησίας
2647 3701 2918 3768 γίνεσθαι,
2962 3701 3420 3769 ὑποφωνουμένης
3469 3702 3653 3770 εὐχῆς.
3693 3701 3856 3752 Ὥστε
3905 3699 3952 3751 εἱ

2383 3794 2540 3848 τοῦτο
2569 3794 2798 3861 γένοιτο,
2824 3794 2919 3846 καὶ
2947 3792 3008 3845 τὸ
3036 3793 3368 3860 λειτουργεῖν
3398 3795 3574 3844 ἐκεῖσε
3602 3793 3699 3844 ούκ
3725 3791 3947 3861 ἀπᾷδον.

2385 3887 2761 3956 Παράδειγμα,
2789 3886 2849 3938 τὸ
2877 3885 2966 3938 τὸν
2998 3884 3152 3952 ἅγιον
3188 3884 3500 3936 Ἀθανάσιον
3527 3884 3632 3934 ὑπὸ
3661 3884 3951 3934 Κωνσταν-

2384 3981 2498 4032 τίου
2531 3978 2621 4031 τοῦ
2659 3979 2920 4047 βασιλέως
2941 3976 3426 4047 παρακαλούμενον
3459 3975 3589 4042 μίαν
3621 3972 3823 4042 ταύτην
3853 3973 3951 4040 χά-

2389 4088 2472 4141 ριν
2530 4070 2927 4140 παρασχέσθαι,
2980 4068 3074 4120 τού
3125 4069 3182 4118 εν
3242 4066 3617 4133 ’Δλεξανδρείξι⁵
3670 4065 3766 4116 ἕνα
3825 4064 3951 4116 ναὸν

2385 4161 2718 4231 παραδοῦναι
2744 4163 2849 4223 τοῖς
2881 4161 3175 4229 Ἀρειανοῖς
3201 4159 3280 4220 εἱς
3311 4157 3370 4209 τὸ
3407 4156 3752 4222 συνάγεσθαι,
3781 4171 3947 4207 κατα-

2385 4251 2592 4313 νεῦσαι,
2617 4251 2791 4319 ἄνπερ
2821 4251 2880 4302 ὲν
2911 4246 3474 4302 Κωνσταντινουπόλει
3505 4244 3726 4313 λήψοιτο
3757 4243 3950 4304 καύτὸς

2385 4343 2482 4412 τὴν
2513 4341 2681 4410 αὐτὴν
2711 4342 2888 4411 χάριν,
2924 4339 3017 4391 τοῦ
3049 4337 3374 4405 συνάγεσθαι
3409 4337 3532 4398 τοὺς
3554 4335 3862 4405 όρθοδόξους
3893 4335 3949 4386 ὲν

2387 4433 2468 4487 ἑνὶ
2488 4431 2601 4501 ναῷ
2633 4429 2981 4500 κατεχομένῳ
3008 4429 3111 4481 ὑπὸ
3149 4427 3460 4500 ’Δρειανῶν.

2472 4611 2786 4679 Ἐρώτησις
2828 4607 2904 4662 E’.
2935 4638 3004 4647 —
3042 4608 3174 4678 [ἱερὶ
3204 4607 3311 4660 τῶν
3340 4608 3395 4658 ὲν
3435 4605 3643 4676 σώματι
3671 4606 3869 4672 ἁγίωνο
3898 4607 3946 4658 εἰ

2389 4697 2496 4767 χρὴ
2522 4697 2744 4750 εἰσιέναι
2775 4697 2853 4759 εἱς
2877 4696 2943 4748 τά
2970 4697 3301 4765 κοιμητήρια
3335 4693 3534 4755 αὐτῶν,
3558 4696 3650 4748 καὶ
3674 4694 3944 4763 εὔχεσθαι,

2390 4792 2485 4846 καὶ
2516 4792 2841 4862 προσκυνεῖν
2870 4790 3054 4852 αὐτοῖς
3085 4789 3460 4858 κατεχομένων
3506 4785 3603 4857 [αι.
3652 4787 3946 4856 κατεχομέ-

2391 4903 2538 4950 νοις,
2581 4885 2654 4938 al.
2713 4879 3166 4953 καταδεχόμενον]
3203 4881 3305 4932 ὑπὸ
3345 4879 3450 4932 τῶν
3498 4878 3827 4948 μιανθέντων
3877 4880 3946 4932 ἱε-

2395 4978 2552 5050 ρέων.

2477 5067 2829 5133 Ἀπόκρισις.
2861 5093 2930 5103 --
2963 5064 3038 5116 Ob
3086 5063 3406 5132 παραχωρεῖ
3454 5060 3651 5128 κανὼν,
3700 5062 3841 5115 κατὰ
3883 5063 3946 5114 τά

2393 5156 2823 5226 προδηλωθέντα,
2869 5155 3091 5208 εἰσιέναι
3137 5155 3218 5215 είς
3257 5155 3324 5206 τὰ
3350 5153 3572 5207 τοιαῦτα
3602 5156 3942 5226 κοιμητήρια.

2393 5252 2706 5319 Γέγραπται
2729 5248 2836 5319 γάρ
2862 5264 2874 5276 ·
2914 5248 3036 5300 Ἵνα
3064 5245 3121 5297 τί
3146 5243 3184 5310 ἡ
3214 5243 3521 5312 ἐλευθερία
3546 5262 3664 5314 μου
3695 5247 3946 5314 κρίνεται

2394 5341 2514 5397 ὑπὸ
2544 5341 2738 5407 ἄλλης
2763 5336 3210 5403 συνειδήσεως;
3245 5336 3291 5386 εἱ
3318 5335 3392 5405 μή
3431 5353 3482 5388 τι
3513 5337 3578 5389 ἂν
3608 5337 3665 5402 ἐξ
3691 5337 3944 5406 ἀνάγκης,

2398 5434 2538 5484 κατὰ
2568 5432 2723 5500 μόνον
2756 5430 2816 5483 τὸ
2854 5427 3201 5482 ἀσπάσασθαι
3236 5426 3296 5478 τὸ
3323 5427 3417 5479 τού
3441 5429 3596 5496 ἁγίου
3620 5428 3888 5498 λείψανον,
3917 5431 3946 5497 ἡ

2396 5525 2599 5585 εἴσοδος
2625 5525 2850 5591 γένοιτο.

2483 5617 2800 5684 Ἐρώτησις
2836 5618 2923 5683 σο.
2955 5644 3021 5654 -
3047 5616 3178 5686 Περὶ
3208 5615 3316 5667 τῶν
3338 5613 3610 5667 λαϐόντων
3638 5611 3697 5666 τὸ
3735 5630 3950 5684 μοναχι-

2437 5817 2455 5848 ’
2504 5815 2546 5868 il
2575 5815 2698 5868 Cor.
2741 5830 2812 5877 vr,
2847 5813 2927 5866 l6.
3007 5813 3048 5844 ¹⁰
3085 5811 3102 5863 l
3133 5813 3256 5868 Cor.
3294 5829 3347 5878 x,
3379 5812 3467 5868 29.
