4184 6508
281 482 426 549 1649

1477 473 2013 535 EPISTOLARUM
2074 473 2219 533 LIB.
2289 473 2371 533 ΙΙ.

3398 480 3537 546 ιιῑδι)

280 596 383 651 κδν
435 593 618 664 σχῆμα
670 592 737 645 ὲκ
775 590 887 647 τῶν
926 589 1293 645 κοινωθέντων
1329 587 1519 660 ἱερέων
1542 604 1557 619 ’
1589 585 1708 651 πῶς
1747 584 1851 657 χρὴ

1958 586 2153 641 sticum
2204 602 2234 640 a
2291 586 2690 644 contaminatis
2728 589 3107 646 sacerdotibus
3160 602 3534 663 acceperunt:

277 685 507 749 τούτους
532 684 802 755 δέχεσθαι.

366 776 726 844 Ἀπόκρισις.
755 806 825 816 —
860 773 1294 846 Ὀμολογοῦντας
1331 766 1727 843 ἡμαρτηκέναι,
1757 771 1854 825 καὶ

277 868 715 939 ἐπιτιμηθέντας
766 867 944 939 χρόνῳ
997 869 1125 933 τινὶ,
1187 861 1289 919 εἷο*
1344 864 1519 928 οὕτως
1580 863 1854 935 σφραγῖδα

276 962 603 1032 δεχομένους
645 960 1147 1033 παρασεσωσμένου
1185 956 1581 1030 πρεσϐυτέρου,
1621 957 1844 1027 προσδε-

276 1052 462 1106 κτέον.

366 1140 687 1211 Ἐρώτησις
716 1142 791 1198 Ζ’.
818 1172 891 1183 -
934 1142 1073 1219 Περὶ
1112 1142 1224 1197 τῶν
1279 1141 1714 1215 ύπογραψάντων
1759 1140 1854 1193 καὶ

276 1236 725 1304 κοινωνησάντων
778 1234 1029 1305 μοναχῶν
1082 1235 1175 1287 καὶ
1222 1234 1499 1306 κληρικῶν
1538 1236 1595 1287 ὲν
1635 1235 1702 1304 τῇ
1759 1220 1854 1285 air-

276 1329 347 1397 τῇ
381 1326 591 1396 αἱρέσει
616 1342 632 1357 ⁶
683 1326 801 1390 πῶς
833 1327 940 1398 χρὴ
966 1323 1188 1391 τούτους
1215 1327 1463 1397 δέχεσθαι
1484 1343 1499 1358 ’
1541 1326 1709 1398 χωρὶς
1736 1325 1855 1378 ἑπι-

276 1420 488 1489 τιμὶου,
550 1417 584 1488 ἢ
622 1418 762 1489 μετὰ
797 1418 1115 1489 ἐπιτιμίου·
1159 1419 1255 1473 ἐὰν
1302 1418 1606 1490 ὁμολογῶσι
1658 1416 1855 1487 μηκέτι

276 1510 528 1582 ἐνεργεῖν
560 1510 619 1563 ὲν
645 1512 713 1582 τῇ
737 1510 983 1584 ίερατείᾳ
1000 1527 1016 1542 ’
1048 1512 1144 1565 καὶ
1166 1513 1215 1566 εί
1241 1511 1454 1579 ἔξεστιν
1478 1513 1631 1583 ἡμῖν,
1655 1510 1855 1564 διδόναι

278 1601 538 1672 ἐπιτίμια
562 1602 674 1665 τοῖς
699 1603 985 1665 τοιούτοις.

366 1693 723 1761 Ἀπόκρισις.
757 1723 827 1734 -
856 1693 1030 1763 Άῆλον
1055 1692 1137 1746 δτι
1175 1692 1313 1764 μετὰ
1332 1693 1444 1746 τῶν
1471 1692 1855 1765 προσηκόντων

274 1786 591 1857 ἐπιτιμίων.
624 1786 750 1850 Πῶς
783 1786 893 1857 γὰρ
921 1786 986 1839 ἂν
1015 1787 1089 1858 μὴ
1117 1785 1244 1850 τοὺς
1275 1786 1522 1858 καρποὺς
1553 1784 1654 1856 τῆς
1687 1802 1854 1856 μετα-

274 1878 425 1942 νοίας
451 1878 910 1949 ἐπιδεικνύμενοι,
937 1873 1044 1930 εἷεν
1071 1876 1210 1942 ἄξιοι
1237 1876 1581 1947 συναφθῆναῐ
1602 1876 1678 1948 τῷ
1700 1877 1857 1949 ὀρθο-

1958 677 2236 746 quomodo
2268 678 2438 746 recipi
2465 676 2718 733 debeant.

2030 767 2343 838 Responsio.
2384 799 2453 811 —
2491 770 2550 825 Si
2585 770 2950 827 confiteantur
2979 787 3039 827 se
3074 788 3354 842 peccasse,
3390 786 3446 830 et
3471 778 3539 831 ad

1957 860 2181 932 aliquod
2216 870 2427 931 tempus
2448 862 2835 933 paenitentiam
2854 864 3085 935 egerint,
3114 872 3281 935 atque
3301 867 3375 923 ita
3404 881 3539 923 con-

1958 953 2325 1024 signationem
2355 952 2554 1009 deinde
2580 956 2649 1010 ab
2680 964 2844 1011 rectae
2871 956 2995 1010 lidei
3026 955 3346 1027 presbytero
3383 971 3540 1014 acce-

1956 1044 2157 1114 perint,
2194 1044 2516 1099 admittendi
2541 1055 2691 1100 sunt.

2027 1133 2386 1205 Interrogatio
2414 1134 2525 1191 Vll.
2556 1164 2627 1175 —
2667 1132 2745 1190 De
2785 1134 3073 1189 monachis
3109 1143 3164 1189 et
3191 1134 3411 1191 clericis
3442 1138 3541 1208 qui

1955 1226 2136 1282 eidem
2178 1226 2376 1283 haeresi
2414 1227 2863 1297 subscripserunt
2911 1226 3537 1299 communicaruntque:

1958 1317 2238 1386 quomodo
2273 1317 2572 1387 recipiendi
2604 1318 2715 1373 sint
2746 1334 2761 1371 :
2794 1319 2913 1372 sine
2942 1318 3285 1388 paenitentia,
3315 1333 3385 1373 an
3413 1334 3540 1375 cum

1955 1410 2281 1480 pteuitentia
2320 1428 2334 1465 :
2378 1410 2424 1466 si
2482 1408 2718 1480 professi
2771 1409 2978 1464 fuerint
3030 1424 3091 1464 se
3138 1425 3248 1465 non
3303 1412 3541 1481 amplius

1956 1517 2113 1557 sacra
2144 1504 2331 1558 munia
2378 1502 2631 1558 obituros
2661 1521 2675 1558 :
2705 1508 2760 1557 et
2794 1517 2926 1556 num
2968 1501 3132 1559 liccat
3166 1503 3328 1558 nobis
3361 1505 3539 1574 poeni-

1958 1597 2159 1651 tentias
2192 1596 2395 1651 talibus
2428 1597 2730 1668 imponere.

2029 1684 2343 1759 Responsio.
2377 1718 2445 1728 —
2473 1690 2675 1762 Utique
2695 1709 2821 1749 cum
2846 1693 3183 1765 pmnitentiis
3207 1691 3541 1749 convenien-

1957 1779 2140 1847 tibus;
2174 1795 2285 1851 quo
2328 1781 2473 1835 enim
2511 1783 2677 1839 modo
2699 1828 2714 1853 ,
2758 1787 2865 1841 nisi
2896 1786 3157 1841 exhibitis
3190 1782 3542 1856 poenitentia:

1958 1872 2249 1939 fructibus,
2266 1872 2414 1945 digni
2438 1874 2545 1930 sint
2565 1878 2657 1946 qui
2681 1878 2989 1935 orthodoxo
3010 1878 3225 1949 corpori
3242 1874 3542 1949 u‘niantur?

271 1938 421 2038 δόξῳ⁷
466 1969 710 2042 σώματι;
736 1938 963 2022 ’διδόναι
1010 1967 1066 2020 δὲ
1116 1938 1211 2021 καὶ
1252 1938 1399 2038 ἡμᾶς
1445 1938 1702 2038 ἐπιτίμια
1733 1938 1851 2030 ’τοῖς

1961 1963 2059 2018 [iis
2094 1978 2278 2020 autem
2318 1975 2374 2035 et.
2402 1982 2431 2021 a
2464 1969 2626 2022 nobis
2660 1971 3013 2039 pmnitentias
3044 1938 3285 2042 iniungi,
3309 1985 3419 2025 non
3457 1978 3542 2025 est

273 2063 563 2127 τοιούτοις,
601 2062 704 2115 ούκ
738 2059 1087 2129 ἀποκριτέον.
1116 2058 1433 2129 Γέγραπται
1464 2059 1592 2131 γὰρ,
1633 2057 1852 2128 Ἀλλή-

273 2158 404 2210 λων
424 2153 494 2207 τὰ
507 2151 672 2221 ,ϐάρη
687 2149 1034 2216 βαστάζετε,
1051 2152 1149 2205 καὶ
1173 2151 1361 2218 οὕτως
1382 2149 1856 2218 ἀναπληρώσατε

274 2247 386 2302 τόν
416 2248 606 2317 νόμον
630 2245 738 2299 τοῦ
772 2245 1053 2315 Χριστοῦ.

363 2337 680 2406 Ἐρώτησις
709 2339 791 2393 H’.
823 2368 890 2380 -
915 2337 1050 2408 Περὶ
1078 2335 1187 2391 τῶν
1214 2334 1464 2407 μοναχῶν
1492 2335 1603 2389 τῶν
1631 2334 1856 2404 ἀδιαφό-

282 2439 392 2494 ρως
421 2424 879 2496 παραδαλλόντων
907 2426 1020 2488 τοῖς
1043 2424 1289 2495 τυχοῦσι,
1314 2425 1409 2478 καὶ
1440 2425 1854 2495 συνευχομένοις

280 2518 377 2570 καὶ
405 2517 777 2571 συνισθίουσιν
802 2517 988 2582 αὐτοῖς
1005 2531 1022 2549 ’
1050 2519 1099 2571 εί
1132 2516 1236 2589 χρὴ
1264 2517 1512 2588 δέχεσθαι
1532 2518 1659 2581 τοὺς
1673 2514 1854 2571 τοιού-

278 2623 408 2670 τους
431 2607 513 2669 είς
543 2607 894 2661 συνεστίασιν
930 2608 1025 2662 καὶ
1052 2607 1391 2678 ψαλμῳδίαν.

363 2697 730 2767 Ἀπόκρισις.
756 2728 826 2738 -
854 2698 962 2754 Τοῦ
997 2699 1319 2755 Ἀποστόλου
1354 2698 1603 2768 λέγοντος
1624 2715 1639 2731 ο
1672 2698 1852 2755 Στέλ-

276 2792 491 2846 λεσθαι
517 2788 674 2860 ὑμᾶς
700 2790 823 2845 ἀπὸ
848 2790 1077 2858 παντὸς
1100 2790 1370 2860 ἀδελφοῦ
1402 2790 1670 2856 ἀτάκτως
1693 2806 1854 2858 περι-

276 2883 637 2951 πατοῦντος,
666 2885 763 2938 καὶ
786 2884 873 2954 μὴ
913 2885 1065 2940 κατὰ
1092 2884 1209 2953 τὴν
1234 2883 1573 2954 παράδοσιν
1598 2883 1679 2951 ἣν
1703 2896 1853 2952 παρ-

272 2976 497 3032 έλαϐον
528 2978 666 3045 παρ’
695 2978 894 3049 ήμῶν
924 2978 1043 3042 πῶς
1101 2980 1223 3050 οὐχὶ
1265 2979 1363 3033 καὶ
1409 2980 1502 3049 ἀφ’
1537 2979 1746 3034 ἑαυτῶν
1790 2978 1852 3032 τὸ

275 3070 444 3125 καλὸν
479 3071 731 3143 κρίνετε;
762 3074 811 3126 si
843 3072 945 3143 μὲν
983 3068 1075 3127 οὖν
1104 3073 1428 3144 ἀπόσχοιντο
1459 3073 1557 3143 τῆς
1595 3072 1850 3145 ὲφαμάρ-

274 3181 372 3219 του
407 3164 718 3236 συνηθείας,
751 3165 1173 3235 καταδεχόμενοι
1202 3183 1262 3219 τε
1292 3168 1390 3220 καὶ
1429 3168 1711 3235 ἐπιτιμίαν
1750 3167 1850 3237 τὴν

276 3257 684 3328 προσήκουσαν,
713 3256 942 3311 δεκτέοι.
982 3256 1369 3329 Ἐπιτηρητέον
1416 3258 1472 3314 δὲ
1520 3258 1663 3322 τίνες
1709 3258 1848 3312 εἰσὶν

275 3347 370 3413 οὓς
421 3349 560 3419 φῆτε
617 3349 949 3417 τυχόντας·
1004 3345 1114 3421 ἆρα
1162 3350 1450 3421 αἱρετικοὶ,
1489 3351 1523 3420 ἢ
1566 3350 1849 3423 προδήλως

277 3442 720 3511 κατεγνωσμένοι
747 3442 839 3495 ἰπὶ
866 3442 944 3513 τῷ
972 3442 1072 3512 βίῳ
1097 3459 1113 3507 ;
1150 3444 1276 3513 περὶ
1304 3443 1412 3495 τῶν
1436 3442 1691 3496 τοιούτων
1720 3444 1851 3514 γὰρ,

276 3535 443 3605 φησιν
475 3537 505 3588 ὁ
542 3533 885 3599 Ἀπόστολοςο
928 3535 1071 3589 Ἐάν
1091 3553 1179 3601 τις
1208 3534 1471 3605 ἀδελφὸς
1498 3538 1851 3607 ὀνομαζόμε-

274 3644 385 3692 νος
421 3629 664 3695 πόρνος,
692 3627 730 3695 ἢ
765 3627 1160 3695 πλεονέκτης.
1190 3628 1225 3697 ἢ
1261 3629 1737 3698 εἰδωλολάτρης,
1758 3630 1853 3684 καὶ

274 3718 344 3771 τὰ
370 3717 496 3787 ἑξῆς
518 3732 534 3748 ·
570 3717 651 3783 τῷ
674 3719 922 3781 τοιούτῳ
939 3716 1096 3787 μηδὲ
1115 3716 1485 3774 συνεσθίειν.

361 3808 677 3879 Ἐρώτησις
722 3808 800 3864 8’.
835 3839 903 3849 —
947 3811 1082 3880 Περὶ
1129 3812 1239 3864 τῶν
1288 3811 1694 3884 πρεσϐυτέρων,
1743 3813 1851 3866 τῶν

278 3902 636 3980 βνεὸρωκότων
684 3901 823 3973 μετὰ
862 3902 971 3957 τῶν
1004 3904 1292 3975 αἱρετικῶν
1321 3904 1467 3970 ἅπαξ
1494 3905 1589 3959 καὶ
1621 3905 1722 3969 δὶς,
1758 3906 1852 3958 καὶ

280 3993 357 4065 μὴ
384 3994 853 4065 κοινωνησάντων,
888 3994 921 4064 ἢ
956 3995 1412 4067 ὑπογραψάνςεων,
1440 3996 1473 4066 ἢ
1510 3996 1852 4067 συλλειτουρ-

276 4087 563 4156 γησάντων
586 4100 600 4115 ·
631 4087 681 4139 εἰ
719 4084 825 4158 χρὴ
864 4086 989 4149 τοὺς
1021 4086 1297 4150 τοιούτους
1322 4088 1571 4157 δέχεσθαι
1612 4090 1848 4150 εἰς-’συν-

276 4177 541 4243 εστίασιν,
584 4178 679 4233 καὶ
705 4177 1045 4249 ψαλμῳδίαν.
1087 4179 1254 4249 χωρὶς
1297 4179 1587 4248 σφραγῖδος
1632 4179 1664 4249 ἦ
1712 4176 1850 4248 μετὰ

278 4270 596 4338 σφραγῖδος.

361 4361 711 4429 Ἀπόκρισις.
736 4391 809 4402 —
841 4361 965 4417 Ἐπὶ
989 4360 1098 4415 τῶν
1122 4360 1378 4416 τοιούτων
1408 4360 1691 4431 τηρητέον,
1725 4362 1771 4413 εἰ
1797 4362 1848 4414 οἱ

279 4452 621 4524 βεϐρωκότες
656 4456 823 4525 ἱερεῖς
866 4453 1006 4523 μετὰ
1035 4456 1227 4524 ἱερέων
1266 4454 1559 4525 αἱρετικῶν
1586 4455 1619 4525 ἢ
1648 4454 1850 4509 λαῖκῶν

276 4544 502 4613 ἔφαγον,
539 4557 636 4599 και
659 4546 1105 4617 ὁμολογουμένων
1146 4546 1178 4615 ἢ
1213 4546 1682 4617 ὁρθοφρονούντων
1726 4548 1847 4616 μὲν,

1964 2056 2409 2126 improbandum.
2455 2057 2730 2129 Scriptum
2777 2062 2922 2116 enim
2972 2072 3056 2117 est
3089 2080 3102 2116 :
3133 2060 3281 2117 Alter
3318 2061 3540 2116 alterius

1963 2165 2123 2203 onera
2162 2158 2390 2218 portate,
2432 2160 2483 2204 et
2512 2152 2591 2204 sic
2621 2152 2905 2219 adimplete
2948 2152 3117 2222 legem
3149 2150 3345 2207 Christi
3374 2153 3439 2205 “.

2034 2333 2391 2405 Interrogatio
2420 2335 2558 2391 Vill.
2596 2364 2665 2377 —
2698 2336 2774 2392 De
2798 2337 3082 2393 monachis
3112 2336 3206 2409 qui
3232 2336 3542 2408 promiscue

1961 2440 2087 2481 cum
2125 2426 2303 2482 obviis
2338 2426 2676 2496 quibuslibet
2717 2427 3089 2494 conveniunt,
3128 2442 3346 2498 unaque
3382 2438 3542 2483 orant

1961 2532 2027 2573 ac
2049 2517 2234 2573 cibum
2267 2526 2496 2573 sumunt
2524 2533 2539 2571 :
2567 2526 2754 2572 utrum
2785 2516 2854 2571 ad
2887 2531 3233 2573 communem
3267 2517 3447 2574 cibum
3484 2528 3542 2574 et

1960 2610 2321 2680 psalmodiam
2360 2608 2572 2664 admitti
2601 2608 2858 2664 debeant.

2035 2698 2349 2769 Responsio.
2374 2727 2445 2738 -ο
2473 2697 2611 2752 Cum
2654 2698 2953 2769 Apostolus
2995 2696 3141 2753 dicat
3172 2716 3191 2755 ι
3224 2696 3293 2753 Ut
3321 2699 3538 2754 subtra-

1958 2792 2099 2846 hatis
2130 2808 2215 2846 vos
2246 2791 2312 2845 ab
2342 2792 2486 2845 omni
2514 2791 2685 2862 fratre
2710 2791 3018 2847 ambulante
3045 2792 3346 2847 inordinate
3364 2802 3414 2846 et
3434 2808 3540 2846 non

1958 2884 2243 2939 secundum
2273 2884 2614 2939 traditionem
2647 2900 2806 2955 quam
2853 2893 3167 2954 acceperunt
3205 2902 3238 2939 a
3274 2883 3424 2939 nobis
3449 2885 3535 2950 ";

1958 2978 2235 3045 quomodo
2278 2992 2387 3032 non
2416 2992 2484 3033 ex
2513 2977 2669 3032 vobis
2701 2978 2835 3047 ipsis
2864 2978 3009 3047 quod
3044 2977 3249 3031 bonum
3277 2986 3361 3033 est
3392 2976 3539 3048 judi.

1958 3068 2133 3123 catis?
2169 3068 2376 3138 Itaque,
2405 3070 2509 3123 sia
2550 3083 2719 3139 prava
2768 3068 3169 3124 consuetudine
3202 3068 3536 3135 destiterint,

1956 3164 2382 3232 acceperintque
2409 3162 2822 3217 convenientem
2878 3162 3256 3232 paenitentiam
3282 3201 3298 3227 ,
3334 3162 3537 3218 admit-

1959 3255 2106 3309 tendi
2135 3264 2287 3309 sunt.
2315 3254 2728 3310 Observandum
2756 3265 2940 3311 autem
2973 3263 3060 3311 est
3092 3256 3316 3326 quinam
3357 3255 3467 3311 sint
3499 3256 3536 3312 ii

1954 3363 2095 3419 quos
2126 3349 2332 3403 vocatis
2373 3348 2546 3402 obvios
2590 3349 2850 3419 quoslibet
2880 3364 2900 3403 :
2927 3364 3058 3403 num
3108 3348 3388 3416 haeretici,
3441 3359 3538 3405 aut

1954 3441 2133 3510 palam
2178 3440 2410 3510 culpata:
2452 3440 2615 3495 vitae?
2663 3438 2739 3495 De
2769 3442 2971 3497 talibus
3000 3442 3202 3512 quippe
3240 3441 3536 3514 Apostolus

1954 3534 2031 3587 ait
2060 3553 2073 3585 :
2106 3531 2165 3587 Si
2196 3532 2241 3584 is
2266 3533 2357 3602 qui
2385 3533 2552 3600 frater
2581 3534 2908 3597 nominatur,
2963 3543 3039 3588 est
3071 3534 3384 3603 fornicator,
3438 3543 3535 3589 aut

1954 3640 2168 3684 avarus,
2205 3631 2300 3675 aut
2335 3622 2499 3675 idolis
2529 3624 2781 3691 serviens,
2815 3635 2872 3679 et
2907 3639 3030 3694 quae
3051 3634 3390 3696 sequuntur;
3413 3642 3535 3681 cum

1953 3716 2217 3771 eiusmodi
2241 3733 2334 3771 nec
2362 3717 2533 3770 cibum
2563 3732 2768 3771 sumere
2790 3716 2856 3773 ¹³.

2024 3807 2388 3879 Interrogatio
2416 3808 2509 3863 IX.
2545 3839 2615 3849 —
2646 3808 2724 3864 De
2745 3809 3082 3881 presbyteris
3115 3811 3209 3882 qui
3245 3813 3413 3868 semel
3439 3823 3535 3869 aut

1952 3900 2152 3956 iterum
2179 3917 2305 3956 cum
2338 3901 2611 3958 haereticis
2644 3902 2833 3957 cibum
2860 3915 3237 3973 sumpserunt,
3288 3919 3398 3960 non
3448 3915 3532 3961 ta-

1954 4008 2078 4048 men
2108 3993 2658 4049 communicaverunt
2685 3994 2770 4049 vel
2802 3996 3271 4066 subscripserunt,
3304 4008 3397 4052 aut
3424 4015 3531 4054 una

1954 4086 2126 4141 sacris
2158 4087 2368 4155 operati
2400 4100 2570 4142 sunt:
2600 4087 2784 4142 sintne
2844 4089 2909 4142 ad
2957 4104 3304 4145 communem
3348 4092 3532 4148 cibum

1951 4192 2007 4236 ct
2047 4182 2413 4252 psalmodiam
2451 4182 2811 4250 admittendi,
2856 4184 3063 4254 absque
3098 4187 3533 4257 consignatione,

1952 4276 2038 4331 vel
2060 4291 2186 4332 cum
2216 4276 2661 4347 consignatione.
2744 4278 2745 4281 “

2024 4369 2339 4437 Responsio.
2366 4399 2435 4410 -—
2473 4369 2533 4423 ιιι
2569 4370 2692 4426 istis
2722 4371 3125 4427 observandum
3156 4384 3278 4439 est,
3330 4389 3400 4429 an
3441 4390 3533 4430 sa-

1951 4461 2201 4517 cerdotes
2266 4460 2359 4530 qui
2425 4461 2607 4517 cibum
2653 4472 3038 4532 sumpserunt,
3087 4478 3211 4518 cum
3268 4463 3536 4521 haereticis

1954 4552 2365 4618 sacerdotibus,
2426 4568 2494 4607 an
2542 4570 2666 4609 cum
2722 4553 2875 4631 iaicis
2924 4556 3276 4625 sumpserint,
3310 4568 3365 4613 et
3400 4574 3533 4613 num

276 4636 679 4691 κοινωνούντων
698 4638 755 4691 δὲ
774 4641 887 4701 τοῖς
908 4639 1221 4708 αἱρετικοῖς.
1246 4639 1444 4703 Μεῖζον
1462 4638 1570 4708 γὰρ
1592 4640 1653 4690 τὸ
1675 4643 1851 4709 κρῖμα

1956 4661 2082 4702 cum
2120 4645 2189 4701 iis
2219 4646 2315 4717 qui
2370 4655 2516 4701 recte
2566 4646 2787 4717 quidem
2849 4648 3149 4715 sentirent,
3220 4650 3317 4705 sed
3380 4638 3535 4705 com-4

276 4728 372 4781 ἐπὶ
416 4726 524 4780 τῶν
569 4727 904 4798 ἱερωμένων.
944 4727 1221 4798 Μετανοίᾳ
1260 4727 1315 4780 δὲ
1345 4727 1610 4799 ἀξιολόγῳ
1656 4728 1851 4780 ἑκατέ-

279 4836 408 4891 ρους
445 4819 804 4890 προσδελτέον
854 4822 1181 4890 κοινωνῆσαι
1227 4821 1410 4884 αὐτοῖς
1452 4820 1598 4875 ἀλῶν
1634 4838 1723 4883 τε,
1756 4820 1852 4874 καὶ

276 4912 596 4983 προσευχῶν
643 4912 740 4985 [αι.
783 4913 957 4969 ἄλλων
1013 4930 1071 4965 τε
1117 4912 1458 4986 προσευχῶν]
1537 4914 1631 4967 καὶ
1678 4929 1850 4981 σφρα-

275 5003 444 5072 γίδος.

363 5098 680 5166 Ἐρώτησις
731 5098 786 5153 l'.
820 5128 890 5139 -—-
932 5098 1067 5169 Περὶ
1105 5098 1215 5150 τῶν
1264 5095 1698 5167 ὑπογραψάντων
1752 5113 1847 5148 κο-

280 5191 493 5261 σμικῶν
547 5194 607 5244 ὲν
649 5194 715 5262 τῇ
756 5189 967 5263 αἱρέσει
1019 5190 1113 5245 καὶ
1162 5192 1597 5243 κοινωνούντων’
1650 5190 1698 5240 εί
1747 5188 1852 5259 χρὴ

276 5285 390 5345 τοῖς
418 5284 683 5345 τοιούτοις
711 5284 996 5350 κοσμικοῖς
1037 5280 1354 5353 ὀρθοδόξους
1388 5280 1687 5351 κοσμικοὺς
1722 5296 1848 5333 συν-

277 5374 502 5431 εσοίειν.

361 5467 723 5537 Ἀπόκρισις.
747 5498 815 5509 --
858 5467 925 5521 Ἥ
951 5466 1262 5539 ἀδιαφορία,
1291 5466 1399 5519 τῶν
1442 5465 1629 5519 κακῶν
1668 5466 1728 5518 τὸ
1761 5467 1847 5519 αῖ-

275 5574 412 5611 τιον.
454 5558 778 5628 Ἀναμέσον
806 5556 936 5628 γὰρ,
970 5560 1123 5629 φησι,
1146 5558 1405 5627 καθαροῦ
1445 5556 1541 5611 καὶ
1574 5558 1847 5623 βεϐήλου

277 5654 350 5705 οὐ
370 5649 743 5705 διέστελλον.
780 5650 898 5720 Χρὴ
927 5646 1042 5714 οὖν,
1076 5653 1233 5720 εἰπερ
1257 5648 1494 5721 ζηλωταί
1520 5649 1659 5701 είσιν
1686 5650 1734 5701 οἱ
1758 5648 1849 5718 ὀρ-

278 5742 637 5810 θοδοξούντες,
674 5744 750 5816 μὴ
782 5744 1100 5814 προσίεσθαι
1144 5744 1272 5807 τοὺς
1303 5742 1579 5806 τοιούτους
1610 5744 1691 5803 εἰς
1718 5758 1847 5794 συν-

1957 4737 2301 4792 municarent
2355 4752 2482 4792 cum
2546 4736 2841 4792 haereticis.
2893 4737 3069 4807 Majas
3120 4740 3268 4795 enim
3322 4742 3532 4798 crimen

1954 4839 2039 4882 est
2070 4828 2127 4882 in
2170 4828 2404 4884 sacratis
2449 4828 2788 4886 hominibus.
2826 4827 3057 4899 Utrique
3082 4845 3247 4901 porro
3269 4847 3393 4886 cum
3418 4848 3534 4905 pa:-

1954 4918 2188 4974 nitcntia
2240 4918 2508 4989 condigna
2568 4920 2774 4989 suscipi
2819 4919 3052 4986 debent,
3097 4931 3152 4975 et
3206 4922 3419 4978 admitti
3463 4924 3533 4980 ad

1954 5011 2404 5066 communionem
2436 5012 2591 5080 salis,
2628 5020 2682 5067 et
2713 5027 2964 5082 precum,
2993 5022 3049 5067 et
3080 5015 3530 5085 consignationis.

2033 5100 2389 5172 Interrogatio
2425 5101 2594 5157 X.—
2636 5104 2711 5158 De
2740 5103 3098 5158 saecularibus
3123 5106 3215 5172 qui
3253 5107 3307 5161 in
3340 5109 3534 5165 haeresi

1952 5191 2400 5260 subscripserunt
2424 5193 3009 5262 contmunicaruntque
3030 5213 3041 5246 :
3065 5205 3247 5249 utrum
3273 5212 3399 5251 cum
3426 5199 3535 5254 illis

1952 5283 2309 5339 saecularibus
2347 5285 2643 5341 saeculares
2694 5286 3033 5341 ortbodoxos
3086 5288 3267 5341 cibum
3316 5306 3535 5347 sumere

1953 5377 2264 5428 canvenial.

2031 5465 2341 5535 Responsio.
2372 5498 2441 5509 ——
2482 5468 2625 5523 Usus
2648 5469 2998 5539 promiscuus
3036 5486 3200 5527 causa
3247 5482 3330 5528 est
3357 5473 3531 5529 malo-

1957 5575 2101 5614 rum.
2138 5561 2230 5614 Ait
2261 5562 2409 5615 enim
2447 5578 2462 5615 :
2499 5558 2648 5616 Inter
2695 5564 2948 5617 mundum
2989 5574 3040 5618 et
3083 5565 3371 5635 profanum
3426 5586 3531 5623 non

1957 5652 2254 5705 habuerunt
2296 5653 2605 5707 distantiam
2638 5655 2703 5718 ³⁵,
2747 5655 2934 5727 itaque
2968 5658 3257 5713 orthodoxi
3309 5659 3529 5727 debent,

1958 5743 2002 5797 si
2033 5743 2149 5797 zelo
2172 5741 2423 5813 ﬂagrant,
2452 5745 2587 5800 talcs
2623 5748 2689 5801 ad
2719 5760 3061 5804 communem
3094 5750 3274 5805 cibum
3303 5767 3409 5807 non
3430 5753 3529 5808 ad-

352 5920 391 5947 “
428 5919 605 5973 Galat.
645 5934 717 5985 tv,
754 5923 810 5975 2.
891 5924 929 5954 "
961 5921 998 5976 ll
1026 5922 1218 5978 Thcss.
1259 5939 1337 5989 ιιι,
1374 5923 1426 5977 6.
1506 5925 1549 5956 ⁸³
1578 5922 1597 5977 l
1624 5924 1746 5978 Cor.
1785 5940 1832 5986 ν,
1875 5924 1955 5976 ll.
2037 5926 2077 5955 ιδ
2109 5922 2305 5978 Ezech.
2341 5942 2475 5988 nn,
2511 5926 2600 5978 36.
