4184 6482
682 424 812 490 1651

1884 424 1942 484 S.
1975 423 2180 483 ΤΗΕΟ
2191 422 2373 483 DORI
2422 424 2762 485 STUDITIE

3785 416 3954 484 1652

677 547 915 609 mittere,
937 543 1042 598 nisi
1066 542 1214 613 prius
1237 555 1428 612 poenas
1447 555 1544 607 pro
1569 538 1817 610 improba
1849 539 2250 608 subscriptione

2355 541 2616 604 εστίασιν,
2654 542 2701 592 εί
2758 539 2832 610 μὴ
2875 540 3140 610 πρότερον
3184 539 3325 611 ὑπὲρ
3373 537 3473 606 τῆς
3504 537 3745 608 πονηρᾶς
3788 536 3956 589 ὑπο-

675 636 962 695 dederint,
995 649 1162 704 seque
1216 633 1284 687 ab
1324 631 1578 686 haeretica
1611 629 2000 685 communione
2033 631 2250 685 abstra-

677 726 877 782 xerint.
911 725 1015 781 Sed
1053 724 1311 794 quoniam
1345 722 1514 792 aliqui
1549 721 1620 774 ob
1649 722 1957 790 angustias,
1991 720 2119 774 dum
2151 736 2248 791 pe-

677 817 851 872 ricula
898 816 1139 887 fugiunt,
1175 814 1426 870 haeretica
1459 812 1845 866 communione
1885 812 2245 881 polluuntur:

679 910 801 973 bos,
839 924 968 964 casu
1022 907 1225 961 factum
1285 905 1337 959 id
1385 919 1504 958 esse
1547 903 1873 958 conﬁtentes
1899 942 1913 967 ,
1943 913 2152 971 oportet
2183 902 2249 956 ad

678 1001 990 1055 convictum
1015 999 1302 1054 admittere
1337 1016 1352 1051 :
1386 1011 1495 1050 non
1531 1004 1707 1050 tamen
1750 995 2250 1058 indiscriminatim,

678 1093 772 1146 sed
806 1092 1143 1163 indulgentia
1175 1089 1410 1160 quadam
1449 1087 1678 1156 tempori
1723 1088 2154 1151 accommodata,
2198 1095 2250 1141 et

677 1199 799 1254 quae
824 1186 1107 1253 utriusque
1123 1182 1310 1236 aderat
1327 1179 1780 1242 emolumentum,
1804 1194 1908 1233 non
1931 1187 2110 1232 autem
2137 1179 2255 1234 ani-

680 1287 781 1327 me
811 1274 1218 1327 detrimentum.

759 1365 1109 1436 Interrogatio
1137 1364 1230 1420 XI.
1283 1395 1353 1404 —
1397 1365 1471 1420 De
1509 1365 1574 1420 iis
1603 1361 1696 1432 qui
1730 1361 1996 1430 baptizari
2043 1362 2253 1426 volunt,

680 1455 726 1508 si
759 1469 868 1508 non
905 1457 1213 1524 reperiatur
1267 1456 1525 1510 sacerdos
1567 1453 1908 1509 ortbodoxus
1957 1461 2052 1507 aut
2082 1454 2256 1508 incul-

681 1556 840 1610 patus
878 1559 891 1594 :
927 1559 995 1597 an
1029 1544 1291 1613 baptizari
1319 1553 1569 1613 oporteat
1613 1557 1643 1595 a
1682 1543 2054 1597 sacerdotibus
2085 1544 2256 1613 pollu-

681 1634 751 1684 tis
795 1632 1127 1701 minimeque
1154 1633 1534 1701 proclamatis,
1575 1629 1848 1698 praecipue
1877 1630 1920 1682 si
1964 1645 2114 1684 mors
2155 1630 2257 1682 itu-

680 1737 906 1778 nuneat.

750 1815 1063 1884 Responsio.
1102 1849 1172 1858 —
1209 1816 1532 1888 llujusmodi
1564 1819 1800 1874 formula
1829 1819 1952 1873 istic
1982 1833 2011 1872 a
2043 1817 2259 1872 confes-

682 1905 926 1967 soribus,
961 1908 1255 1976 episcopis,
1294 1885 1350 1962 et
1398 1910 1704 1978 praepositis
1733 1908 2070 1978 promulgata
2119 1915 2247 1960 est:
2289 1885 2328 1939 Β

681 1995 750 2050 iis
803 1997 1136 2067 presbyteris
1165 2035 1182 2060 ,
1240 1998 1333 2066 qui
1388 2008 1608 2068 propter
1655 1999 2094 2053 communionem
2125 2011 2247 2052 cum

682 2087 976 2154 haereticis,
1015 2103 1045 2141 a
1085 2090 1258 2143 sacris
1291 2089 1482 2145 ofﬁciis
1525 2091 1732 2146 exclusi
1787 2101 1912 2145 sunt
1940 2134 1954 2155 ,
2009 2088 2247 2157 permitti

682 2187 762 2241 ut,
810 2178 853 2231 si
885 2193 990 2232 non
1028 2179 1338 2233 inveniatur
1377 2182 1634 2234 sacerdos
1684 2181 1972 2248 inculpatae
2005 2179 2150 2244 ﬁdei,
2197 2187 2251 2233 et

682 2267 981 2337 haptizent,
1014 2277 1068 2322 et
1095 2280 1434 2323 sacramenta
1465 2271 1682 2324 tradant
1713 2288 1726 2324 :
1761 2285 1882 2339 quae
1925 2284 2020 2338 per
2066 2283 2252 2322 sacer-

681 2361 862 2414 dotem
915 2360 1138 2414 minime
1188 2362 1359 2429 culpae
1417 2362 1628 2416 allinem
1667 2372 1980 2415 consecrata
2025 2360 2246 2415 fuerint.

687 2452 940 2505 Habitum
973 2467 1196 2522 quoque
1232 2455 1599 2506 monasticum
1636 2454 1786 2517 dent,
1834 2469 1897 2506 ae
1941 2468 2128 2522 preces
2173 2453 2251 2506 fa-

682 2541 831 2595 ciant
870 2541 923 2593 in
954 2542 1248 2609 exsequiis,
1273 2552 1326 2594 et
1353 2542 1703 2608 Evangelium
1741 2545 1792 2594 in
1820 2543 2096 2595 matutinis
2123 2556 2250 2610 pro-

687 2632 956 2694 nuntient,
986 2640 1040 2684 et
1074 2646 1270 2698 aquam
1301 2629 1780 2698 Theoplianiorum
1817 2631 2156 2693 benedicant,
2192 2638 2251 2682 ut

683 2719 890 2772 dictum
919 2728 1024 2783 est,
1053 2733 1179 2774 cum
1208 2735 1390 2772 rerum
1421 2720 1684 2788 angustias
1726 2729 1919 2788 urgent
1955 2737 1967 2771 :
2004 2734 2112 2787 quo
2153 2733 2249 2787 po-

686 2813 799 2881 puli
827 2829 931 2865 non
973 2821 1326 2882 permaneant
1360 2827 1584 2879 prorsus
1611 2812 1816 2879 absque
1848 2811 2119 2879 Evangelii
2155 2827 2251 2863 au-

684 2897 912 2959 ditione,
954 2898 1287 2964 minimeque
1323 2898 1602 2966 baptizati.
1645 2896 1702 2951 Si
1748 2913 1878 2966 ergo
1909 2899 2061 2952 vobis
2085 2899 2249 2952 etiam

685 2991 854 3058 placet
889 2989 1004 3043 liarc
1056 2988 1314 3052 formula,
1375 2990 1480 3043 illis
1511 3005 1730 3057 quoque
1789 2991 1842 3042 in
1885 2990 2019 3043 locis
2066 2989 2243 3043 obser-

689 3089 806 3134 vetu
818 3096 860 3135 r.

759 3167 1110 3239 Interrogatio
1158 3169 1272 3222 XII.
1303 3201 1370 3210 —
1408 3170 1478 3224 De
1521 3171 1589 3223 iis
1631 3171 1722 3239 qui
1765 3186 1858 3238 per
1886 3169 2128 3224 scliisma
2162 3186 2248 3225 se—

680 3273 990 3328 cesserunt,
1020 3271 1074 3316 et
1105 3262 1429 3332 pmnitentia
1480 3259 1624 3316 ducti
1682 3273 1981 3316 accurrunt
2021 3281 2034 3316 :
2073 3273 2254 3318 utrum

682 3354 841 3408 nobis
874 3354 1034 3407 liceat
1059 3355 1413 3423 pmnitentias
1446 3353 1644 3407 talibus
1670 3353 1972 3423 injungere,
1998 3356 2258 3424 autipsos

682 3447 982 3514 suscipere.

751 3536 1060 3606 Responsio.
1094 3567 1166 3578 —-
1204 3536 1324 3591 Jam
1384 3536 1437 3590 in
1499 3539 1876 3606 superioribus
1921 3538 2256 3592 declaratum

679 3638 785 3692 est,
848 3629 1056 3700 injungi
1115 3629 1360 3684 debere:
1412 3645 1474 3684 ac
1519 3630 1854 3700 superfluum
1887 3639 1990 3692 est,
2025 3632 2256 3699 iilipsum

682 3721 766 3775 bis
793 3730 1054 3775 retexere.

752 3809 1110 3882 Interrogatio
1167 3811 1310 3866 Xlll.
1359 3841 1428 3851 —
1475 3811 1532 3866 Si
1595 3812 1884 3883 episcopus
1947 3815 2002 3867 in
2050 3814 2254 3868 crimen

681 3902 898 3971 lapsus,
946 3918 974 3956 a
1035 3904 1245 3973 synodo
1291 3904 1575 3972 depositus
1624 3903 1806 3967 fuerit,
1856 3915 2042 3974 postea
2075 3913 2256 3959 tamen

683 3996 1057 4064 presbyterum
1118 3995 1496 4059 ordinaverit;
1556 3996 1656 4049 iste
1716 4007 1896 4049 autem
1952 3997 2255 4066 presbyter,

681 4095 972 4155 postquam
1006 4086 1060 4139 in
1093 4087 1484 4141 monasterium
1533 4087 1762 4151 venerit,
1811 4087 2184 4154 paenitentiam
2225 4101 2255 4140 a

682 4191 784 4230 suo
815 4178 1108 4246 praeposito
1149 4178 1422 4247 acceperit
1455 4177 1521 4231 ad
1563 4188 1797 4247 tempus,
1843 4188 1896 4231 et
1943 4191 2127 4246 postea
2167 4193 2259 4232 sao

681 4269 924 4322 cerdotio
979 4268 1200 4323 functus
1263 4270 1380 4322 sit:
1430 4269 1613 4323 doceri
1664 4269 1966 4336 expetimus
2003 4286 2069 4322 an
2105 4269 2255 4340 ejus-

681 4358 828 4411 modi
857 4359 1220 4422 sacerdotem,
1249 4361 1296 4414 si
1332 4360 1638 4428 inculpatus
1667 4370 1772 4424 est,
1799 4361 2073 4430 suscipere
2096 4375 2256 4430 opor-

682 4457 794 4505 teat
803 4487 820 4504 .

754 4625 1058 4696 Responsio.
1091 4655 1160 4668 —
1188 4628 1324 4683 Cum
1379 4629 1668 4684 manifesta
1706 4629 1778 4683 sit
1807 4629 2117 4682 absurditas
2137 4670 2151 4692 ,
2182 4639 2251 4682 ne

683 4721 1164 4790 interrogationem
1223 4723 1442 4790 quidem
1497 4738 1526 4775 a
1574 4723 1726 4776 vobis
1784 4725 1850 4776 de
1884 4724 1986 4777 hoc
2031 4723 2257 4777 crimine

683 4811 799 4866 fieri
858 4813 1118 4882 oportuit.
1178 4811 1323 4866 Dixit
1354 4815 1554 4884 quippe
1599 4813 1852 4870 Christus
1890 4833 1901 4867 :
1936 4813 2058 4867 Non
2087 4823 2255 4883 potest

682 4901 844 4954 arbor
907 4901 1053 4953 mala
1108 4899 1313 4969 fructus
1361 4903 1520 4955 bonos
1581 4902 1836 4971 facere".
1909 4900 2115 4972 Itaque,
2149 4917 2255 4955 non

680 4990 809 5059 quia
844 5004 873 5042 a
907 4989 1130 5058 proprio
1177 4993 1493 5060 praeposito,
1527 4993 1619 5046 sed
1654 5006 1829 5060 neque
1866 4992 1913 5045 si
1947 5008 1976 5046 a
2003 4993 2256 5062 quopiam

681 5091 893 5144 sancto,
925 5083 1304 5149 pmnitentiam
1345 5085 1636 5155 acceperit,
1684 5086 1806 5139 ideo
1836 5087 2046 5140 solutus
2078 5094 2162 5140 est
2201 5094 2261 5140 ut

683 5187 898 5226 sacrum
953 5171 1134 5227 facere
1177 5175 1365 5243 possit.
1420 5174 1606 5246 Neque
1634 5177 1777 5231 enim
1825 5177 1942 5247 ipse
1969 5179 2248 5244 sacerdos,

681 5278 858 5332 neque
889 5264 981 5332 qui
1006 5265 1188 5328 solvit,
1228 5277 1453 5322 sanctus
1490 5287 1504 5322 :
1551 5271 1805 5338 quoniam
1838 5271 1917 5325 sic
1940 5286 2130 5326 omnes
2159 5288 2250 5326 ca-

682 5354 889 5408 nonica
966 5358 1386 5414 constitutiones
1451 5360 1832 5416 subvertentur
1903 5377 1967 5418 ac
2017 5363 2249 5434 disperi-

681 5449 837 5504 bunt.

759 5570 802 5601 "
829 5569 1017 5623 Matth.
1043 5585 1142 5634 vn,
1182 5571 1271 5626 l7.

2348 633 2563 702 γραφῆς
2604 631 2978 703 ἐπιτιμηθεῖεν
2999 649 3011 662 ο
3048 629 3166 684 εἶτα
3195 632 3286 684 καὶ
3316 631 3954 700 ἀπόσχοιντοτῆςαξρε-

2347 725 2507 792 τικῆς
2525 724 2828 786 κοινωνίας.
2857 724 3074 792 Ἐπειδὴ
3094 723 3149 775 δὲ
3179 721 3320 774 κατὰ
3345 723 3662 792 περίστασιν
3683 721 3951 790 φεύγον-

2349 833 2440 879 τες
2472 817 2596 877 τοὺς
2627 815 2924 879 κινδύνους,
2953 816 3261 885 χραίνονται
3295 817 3359 884 τῇ
3389 816 3635 886 αἱρετικῇ
3661 813 3954 882 κοινωνίᾳ

2349 907 2532 968 τινέςο
2587 905 2980 975 ὁμολογοῦντας
3037 906 3135 977 τὴν
3198 906 3546 976 περιπέτειαν
3597 910 3689 958 καὶ
3754 923 3954 975 μετα-

2351 997 2605 1060 νοοῦντας
2626 997 2984 1067 προσδεκτέον
3010 1000 3088 1059 είς
3109 999 3450 1051 συνεστξασιν
3470 1015 3484 1029 ο
3510 999 3602 1050 καὶ
3632 996 3794 1049 τοῦτο
3827 997 3951 1048 σύας

2353 1090 2680 1158 ἀδιαφόρως,
2703 1089 2839 1144 ἀλλὰ
2861 1091 3002 1143 κατά
3020 1107 3141 1142 τινα
3193 1090 3462 1159 σύμϐασιν
3503 1090 3949 1160 περιστατικὴν.

2354 1182 2446 1233 καί
2493 1182 2763 1250 φέρουσαν
2807 1181 3058 1234 ἐντεῦθεν
3098 1181 3288 1251 κέρδος
3320 1183 3678 1252 ἀμφοτέροις,
3708 1183 3829 1236 ἀλλ’
3875 1183 3950 1234 οὐ

2355 1271 2558 1341 ζημίαν
2583 1272 2849 1343 ψυχικήν.

2443 1362 2763 1429 Ἐρώτησις
2793 1362 2893 1416 IA'.
2922 1393 2990 1406 —-
3013 1366 3149 1433 Περὶ
3179 1365 3285 1416 τῶν
3317 1363 3576 1418 θελόντων
3612 1364 3951 1435 βαπτισθῆ-

2356 1471 2465 1519 ναι,
2497 1455 2592 1506 ἐὰν
2625 1456 2699 1526 μὴ
2729 1457 2924 1526 εὑρεθῄ
2959 1456 3237 1524 όρθῶξος
3281 1458 3479 1525 ἱερεὺς,
3525 1459 3556 1528 ἢ
3597 1459 3903 1527 ἄμεμπτος
3927 1474 3947 1488 ⁶

2358 1545 2405 1594 εί
2436 1543 2540 1613 χρὴ
2577 1543 2936 1614 βαπτισθῆναι
2971 1545 3075 1597 ὑπὸ
3105 1546 3210 1597 τῶν
3250 1545 3611 1598 κοινωθέντων
3639 1549 3857 1616 ἱερέων,
3904 1547 3945 1616 ἦ

2355 1635 2711 1706 ἀκηρύκτων·
2743 1636 2975 1705 μάλιστα
2997 1635 3092 1688 ἐὰν
3123 1636 3352 1698 θάνατος
3379 1637 3697 1706 κατεπείγῃ.
3722 1668 3732 1685 ο

2442 1814 2794 1879 Ἀπόκρισις.
2815 1842 2883 1854 -
2899 1813 3080 1877 Τύπος
3100 1814 3336 1878 τοιοῦτος
3357 1815 3665 1886 ὲξεφωνήθη
3685 1817 3848 1870 ένταῦ
3858 1818 3946 1872 θα.

2357 1903 2509 1972 παρά
2540 1918 2597 1954 τε
2626 1903 2994 1972 ὁμολογητῶν,
3033 1905 3303 1974 ίεραρχῶν
3338 1923 3395 1959 τε
3439 1910 3530 1962 καὶ
3569 1911 3940 1982 καθηγουμέ-

2356 2010 2460 2044 νων
2489 2009 2501 2021 ⁸
2528 1993 2651 2054 τοὺς
2677 1995 2994 2064 εἰρημένους
3030 1996 3437 2068 πρεσϐυτέρους
3460 1999 3560 2068 τῆς
3581 2001 3944 2074 λειτουργίας

2357 2082 2445 2134 διὰ
2485 2085 2585 2150 τὴν
2619 2085 2901 2155 αἱρετικὴν
2932 2087 3237 2149 κοινωνίαν,
3269 2093 3687 2170 συγχωρεῖσθαι,
3722 2096 3796 2163 μὴ
3825 2097 3942 2147 εύ-

2359 2176 2684 2243 ρισκομένου
2729 2178 3074 2246 σεσωσμένου
3111 2179 3320 2250 ἱερέως,
3349 2184 3441 2234 καὶ
3482 2183 3784 2252 βαπτίζειν,
3821 2190 3939 2240 καὶ

2359 2267 2699 2335 μεταδιδόναι
2742 2267 2847 2319 τῶν
2879 2271 3234 2340 ἁγιασμάτων
3273 2274 3777 2344 προτετελεσμένων
3822 2280 3938 2330 καὶ

2357 2356 2416 2420 ἐξ
2439 2358 2746 2427 ἀκρατήτου
2787 2357 2848 2429 [Γ.
2885 2361 3173 2435 ἀχράντου]
3221 2365 3428 2434 ἱερέως.
3469 2366 3659 2436 Σχῆμά
3684 2384 3740 2419 τε
3775 2368 3932 2421 διδό-

2357 2465 2444 2501 ναι
2491 2450 2745 2519 μοναχοῦ,
2792 2452 2959 2520 εὐχήν
3002 2469 3060 2504 τε
3117 2456 3390 2509 ποιεῖσθαι
3447 2458 3539 2510 ἐπὶ
3601 2460 3930 2528 ἐκκομιδῆς,

2357 2541 2687 2608 Εὑαγγέλιόν
2714 2558 2773 2594 τε
2805 2545 3066 2612 έκφωνείν
3098 2545 3191 2598 ἐπὶ
3215 2546 3431 2616 ὄρθρου,
3458 2550 3553 2603 καὶ
3581 2551 3640 2602 τὸ
3668 2551 3774 2603 τῶν
3791 2553 3936 2605 Bso-

2358 2635 2562 2700 κρανίων
2594 2635 2731 2705 ὕδωρ
2760 2637 3018 2704 εὐλογεῖν,
3045 2638 3119 2702 ὡς
3143 2640 3376 2710 εἴρηται,
3404 2641 3544 2693 κατὰ
3568 2644 3893 2712 περίστασιν
3911 2662 3928 2676 ·

2356 2726 2442 2779 διὰ
2502 2727 2561 2779 τὸ
2613 2727 2687 2798 μὴ
2747 2729 3099 2798 ἐναπομένειν
3161 2733 3286 2793 τοὺς
3352 2731 3513 2794 λαοὺς
3575 2735 3931 2788 παντάπασιν

2357 2818 2620 2887 ἀνηκόους
2653 2817 2744 2870 τοῦ
2788 2820 3141 2887 Εύαγγελίου.
3173 2824 3269 2874 καὶ
3311 2824 3670 2890 ἀφωτίστους.
3716 2826 3777 2878 Εἰ
3825 2823 3931 2880 οὖν

2359 2909 2680 2976 συναρέσκει
2721 2908 2870 2977 ὑμῖν,
2904 2913 3173 2980 κρατείτω
3205 2915 3233 2965 ό
3263 2915 3499 2978 τοιοῦτος
3524 2915 3689 2980 τύπος
3734 2919 3830 2971 καὶ
3859 2920 3930 2971 ὲν

2355 3003 2467 3060 τοῖς
2507 3001 2710 3054 αὐτόθι.

2441 3192 2758 3260 Ἐρώτησις
2785 3193 2884 3248 lB'.
2915 3225 2985 3234 —
3011 3197 3143 3265 Περὶ
3191 3197 3298 3251 τῶν
3350 3199 3760 3281 ἁποσχισάντων
3820 3205 3930 3259 καὶ

2357 3284 2422 3351 τῇ
2467 3285 2726 3352 μετανοίᾳ
2782 3288 3225 3354 προστρεχόντων
3251 3305 3264 3318 °
3297 3291 3345 3342 εἰ
3391 3290 3596 3354 ἔξεστιν
3640 3295 3769 3362 ἡμῖν
3807 3299 3931 3359 τοῖς

2358 3370 2618 3433 τοιούτοις
2651 3373 2900 3442 ἐπιτίμια
2931 3374 3150 3441 διδόναι,
3179 3377 3212 3447 ἢ
3254 3379 3504 3448 δέχεσθαι
3528 3384 3741 3447 αύτούς.

2441 3545 2801 3615 Ἀπόκρισις.
2829 3579 2898 3590 -
2927 3551 3062 3622 Ἤδη
3119 3555 3175 3606 ὲν
3224 3557 3336 3619 τοῖς
3402 3557 3656 3626 ἀνωτέρω
3686 3560 3928 3632 δεδήλω-

2358 3657 2472 3704 τ-αι,
2499 3641 2580 3692 δτι
2605 3643 2709 3712 χρὴ
2737 3642 2935 3695 διδόναι
2961 3660 2975 3673 ·
3001 3647 3094 3697 καὶ
3113 3649 3405 3716 παρέλκον,
3437 3650 3516 3714 δὶς
3544 3651 3606 3705 τὸ
3639 3654 3769 3708 αὐτὸ
3798 3657 3930 3709 ἐπι·

2359 3731 2611 3785 κυκλοῦν.

2443 3824 2762 3891 Ἐρώτησις
2797 3826 2888 3879 ΙΓ⁹.
2927 3857 2996 3866 —
3032 3828 3148 3881 Κᾶν
3185 3829 3482 3896 ἐπίσκοπος
3541 3836 3620 3898 είς
3669 3836 3929 3906 ἔγκλημα

2360 3913 2693 3983 περιπεσὼν,
2726 3917 2829 3969 ὑπὸ
2856 3918 3072 3971 συνόδου
3105 3921 3427 3994 καθαιρεθῇ,
3451 3919 3568 3978 εἶτα
3595 3928 3754 3982 πάλιν
3780 3934 3928 3999 μετὰ

2359 4005 2680 4072 καθαίρεσιν
2745 4014 3092 4082 χειροτονήσῃ
3156 4015 3558 4086 πρεσϐύτερον·
3596 4023 3625 4072 ὁ
3658 4021 3712 4072 δὲ
3760 4023 3930 4085 αὐτὸς

2361 4099 2728 4168 πρεσϐύτερος
2761 4103 2818 4150 ἐν
2851 4103 3198 4173 μοναστηρίῳ
3227 4109 3807 4177 παραγενόμενοςάπδ
3825 4114 3924 4166 τοῦ

2362 4188 2492 4240 ἰδίου
2523 4191 2828 4259 ἡγουμένου
2869 4192 3086 4264 δέξηται
3129 4197 3402 4266 ἐπιτίμιον
3434 4200 3569 4270 πρὸς
3597 4203 3784 4270 χρόνον
3817 4203 3922 4275 [αι.

2360 4280 2464 4347 πρδ
2495 4280 2722 4348 χρόνων,
2758 4282 2875 4348 jam
2909 4283 3166 4355 pridem},
3207 4288 3302 4338 καὶ
3359 4291 3496 4356 μετὰ
3535 4289 3707 4343 ταῦτα
3771 4295 3925 4364 ἐνερ-

2357 4372 2426 4440 γῇ
2486 4373 2543 4423 ὲν
2591 4375 2654 4441 τῇ
2701 4374 3004 4443 ἱερωσύνῃ·
3062 4379 3110 4428 εί
3157 4379 3260 4448 χρὴ
3301 4380 3546 4450 δέχεσθαι
3609 4386 3696 4438 τὸν
3738 4387 3922 4439 τοιοῦ-

2359 4479 2450 4515 τον
2517 4465 2683 4533 ἱερέα,
2745 4468 2793 4518 εἰ
2852 4467 3184 4540 ἀνέγκλητός
3233 4472 3387 4537 ἐστι,
3438 4474 3750 4548 διδαχθῆναι
3805 4479 3926 4532 δεό-

2277 4568 2325 4627 ι)
2355 4555 2512 4625 μεθα.

2439 4645 2798 4714 Ἀπόκρισις.
2819 4677 2887 4686 —
2913 4649 3231 4719 μροφανούς
3281 4652 3447 4725 οὔσης
3515 4657 3612 4726 τῆς
3647 4659 3876 4726 ἀτοπίας
3899 4703 3918 4728 ,

2357 4735 2474 4788 οὐδὲ
2506 4739 2850 4808 ἐπερωτῆσαι
2879 4740 3020 4809 ὑμᾶς
3057 4742 3223 4814 ἐχρῆν
3270 4747 3397 4817 περὶ
3435 4747 3528 4800 τοῦ
3558 4749 3795 4804 τοιούτου
3825 4754 3920 4820 ὲγ-

2357 4827 2655 4896 κλήματος.
2692 4831 2892 4901 Εἰρηκε
2928 4835 3036 4903 γὰρ
3062 4837 3090 4887 ό
3125 4835 3377 4905 Χριστός’
3415 4842 3495 4893 Οὐ
3527 4841 3771 4896 δύναται
3807 4862 3921 4898 σα-

2357 4921 2512 4984 πρὸν
2547 4918 2798 4985 δένδρον
2844 4923 3109 4988 καρποὺς
3146 4926 3372 4993 καλοὺς
3401 4931 3610 4982 ποιεῖν.
3645 4932 3800 4984 Ὥστε
3823 4936 3920 5004 οὐχ

2358 5009 2437 5060 ὅτι
2469 5009 2573 5059 ὑπὸ
2598 5009 2690 5061 τοῦ
2727 5009 2855 5062 ἰδίου
2923 5014 3250 5080 ἡγουμένου,
3282 5015 3416 5069 ἀλλὰ
3462 5019 3560 5070 κᾶν
3611 5020 3716 5072 ὑπὸ
3763 5023 3917 5088 ἁγίου

2359 5095 2522 5159 τινὸς,
2566 5097 2910 5166 ἐπιτιμηθεὶς
2951 5102 2978 5151 ὁ
3031 5101 3269 5166 τοιοῦτος
3304 5105 3628 5160 ἀπολέλυται
3668 5110 3758 5161 τοῦ
3809 5111 3914 5164 λει-

2359 5190 2628 5256 τουργεῖν.
2673 5189 2786 5256 Ούχ
2833 5191 3042 5259 ἱερεύς,
3083 5194 3202 5246 οὐδὲ
3247 5196 3276 5248 ὁ
3313 5196 3510 5260 λύσας,
3554 5200 3741 5267 ἇγιος·
3796 5205 3914 5256 ἐπεὶ

2357 5279 2498 5331 οὓτω
2515 5297 2580 5332 πε
2591 5283 2825 5352 ριτραπή
2835 5299 2984 5334 σεται
3000 5285 3178 5339 πάντα
3194 5291 3448 5342 κανονικὰ
3464 5308 3535 5343 πα
3543 5293 3818 5364 ραγγέλμα
3829 5313 3910 5361 τα,

2358 5375 2453 5428 καὶ
2479 5376 2762 5445 οἰχήσεται
2791 5376 2837 5444 (Ι
2852 5376 2923 5444 1).

2222 5631 2448 5722 nom.

757 5751 1033 5826 (ll)fQua:.
1070 5764 1375 5826 sequuntur
1405 5756 1580 5826 liujus
1608 5755 1873 5826 epistolae,
1909 5775 2015 5811 non
2049 5770 2266 5814 exstant

690 5820 744 5874 in
783 5820 970 5878 codice
1003 5820 1171 5894 Regio
1212 5843 1265 5878 η.
1300 5825 1455 5890 1987,
1481 5820 1812 5882 sedes-stant
1844 5820 1896 5882 in
1931 5833 2264 5897 apograpliis

2371 5762 2649 5886 git-monili
2693 5776 2746 5820 et
2776 5764 3066 5824 Frontonis
3107 5769 3308 5837 Ducaei,
3347 5781 3458 5827 tum
3496 5782 3551 5830 et
3593 5777 3646 5830 in
3681 5775 3911 5834 editione

2415 5850 2446 5886 Ο
2473 5850 2501 5886 e
2526 5850 2649 5886 erll.

2415 5850 2649 5888 Olelel‘ll.
