4184 6518
259 448 400 513 1653

1449 437 1978 500 EPISTOLARUM
2023 437 2172 496 LIB.
2213 398 2312 497 II.-

3351 429 3482 495 1654

340 558 653 628 Ἐρώτησις
685 553 780 607 1Δ⁹.
817 584 885 594 -
921 552 1056 624 Περὶ
1108 551 1218 604 τῶν
1274 549 1661 622 πρεσϐυτέρων
1709 549 1818 602 τῶν
1846 552 1891 607 Α

1993 545 2345 616 Interrogatio
2376 543 2512 598 XIV.
2532 575 2598 584 —
2617 543 2694 599 De
2722 543 3049 616 presbyteris
3104 543 3197 612 qui
3233 544 3483 601 similiter

255 651 366 704 ὑπὸ
400 646 694 720 ὀρθοδὸξων
733 644 1236 715 χειροτονηθέντων,
1284 642 1356 714 μὴ
1383 641 1816 712 ὑπογραψάντων

253 743 338 801 δὲ.
393 738 526 810 μηδὲ
582 736 1044 806 κοινωνησάντων,
1098 735 1490 803 συμφαγὸντων
1549 732 1604 783 δὲ
1658 733 1817 800 μόνον

259 832 400 904 μετά
433 829 733 899 Γρηγορίου
763 827 856 880 τοῦ
891 826 1309 896 μητροπολίτου.

346 922 709 988 Ἀπόκρισις.
743 947 812 956 ——
854 916 941 969 Ἐν
962 919 1073 979 τοῖς
1097 915 1354 986 ἀνωτέρω
1367 912 1766 986 πρ[ο]απεδόθη
1791 915 1819 966 ὁ

259 1015 391 1083 περὶ
418 1010 609 1064 τούτου
647 1009 823 1075 λόγος.
878 1009 1002 1060 Εῐτε
1050 1007 1144 1059 οὖν
1171 1007 1306 1074 μετά
1349 1007 1677 1077 Γρηγορίου,
1709 1004 1819 1057 εἴτε

261 1100 382 1168 μεθ’
410 1099 521 1152 οἴου
543 1100 741 1169 δήποτε
771 1095 880 1148 τῶν
905 1095 1249 1166 ἑτεροδόξων,
1276 1097 1308 1164 ὴ
1355 1095 1695 1157 συνεστίασις
1723 1094 1818 1162 γέ-

257 1207 423 1257 γονεο
458 1187 713 1258 μετανοίᾳ
772 1185 1033 1255 ἀξιολόγῳ
1087 1186 1114 1236 ὁ
1156 1183 1525 1246 συνεστιαθεὶς
1578 1183 1673 1235 τοῦ
1725 1185 1820 1250 ὲγ-

259 1281 538 1351 κλήματος
580 1275 929 1338 ἀπολέλυται,
973 1274 1032 1326 ού
1088 1274 1246 1343 μόνον
1296 1275 1430 1344 πρὸς
1481 1273 1822 1327 συνεστίασιν

257 1370 370 1422 τῶν
420 1365 873 1437 πεφυλαγμένων,
917 1363 1050 1417 ἀλλά
1095 1366 1188 1416 καὶ
1235 1365 1372 1435 πρὸς
1413 1366 1478 1434 ἦν
1514 1364 1822 1435 ἠξιώθησαν

261 1459 583 1531 ἱερωσύνην.
616 1456 689 1508 Τὸ
711 1455 767 1508 δὲ
797 1454 993 1524 μέτρον
1014 1454 1109 1508 τοῦ
1153 1455 1429 1524 ἐπιτιμίου
1489 1456 1550 1508 ού
1601 1455 1824 1508 δυνατὸν

260 1551 588 1621 ὡρισμένως
620 1546 964 1609 ὑποϐάλλειν,
993 1545 1080 1598 διὰ
1130 1547 1388 1615 ποιότητα
1414 1547 1507 1599 καὶ
1532 1537 1823 1617 προσώπου

260 1644 360 1696 ιιταὶ⁵
385 1643 584 1711 τρόπου
611 1655 625 1669 ο
659 1639 799 1691 ὥστε
828 1639 886 1692 ὲν
928 1636 1079 1688 δυσὶν
1108 1636 1143 1707 ἢ
1179 1637 1327 1708 τρισὶ
1363 1637 1826 1706 τεσσαρακοσταῖς

259 1734 551 1806 ἀρκεῖσθαι
578 1731 668 1784 τὸν
694 1728 1106 1800 ἐπιτιμηθέντα.

1919 637 1988 690 ab
2007 636 2326 690 orthodoxis
2348 634 2581 690 ordinati
2599 644 2746 696 sunt,
2765 642 2818 686 et
2835 632 3484 701 nequesubscripserunt.

1919 743 2095 797 neque
2113 728 2608 787 communicarunt,
2635 725 2728 780 sed
2751 726 3014 779 duntaxat
3037 725 3218 779 cibum
3243 740 3487 794 sumpse-

1921 830 2050 873 runt
2077 835 2199 873 cum
2238 819 2498 888 Gregorio
2524 817 2888 885 metropolita.

1988 905 2289 974 Responsio.
2318 935 2387 946 —-
2427 904 2545 958 Jam
2582 905 2635 958 in
2669 903 3046 972 superioribus
3087 903 3157 958 de
3187 903 3287 958 ista
3317 918 3373 958 re
3407 902 3487 956 lex

1919 1007 2003 1051 est
2055 999 2274 1051 tradita.
2335 998 2465 1051 Sive
2518 996 2680 1066 igitur
2723 1010 2846 1049 cum
2906 993 3192 1064 Gregorio,
3229 999 3342 1050 sive
3368 1009 3490 1049 cum

1921 1091 2164 1159 quolibet
2208 1105 2278 1143 ex
2328 1088 2674 1143 heterodoxis
2717 1088 2875 1142 cibus
2925 1098 3174 1154 sumptus
3224 1086 3336 1150 sit;
3397 1086 3491 1155 qui

1921 1183 2238 1252 sumpserit,
2267 1197 2298 1236 a
2326 1182 2556 1236 crimine
2619 1197 2712 1248 per
2758 1179 3134 1269 paenitentiam
3195 1193 3491 1248 congruam

1924 1277 2170 1339 solvitur,
2224 1287 2331 1327 non
2387 1274 2549 1327 modo
2606 1282 2663 1326 ut
2722 1288 2846 1326 cum
2896 1272 2960 1324 iis
2998 1270 3089 1339 qui
3121 1284 3179 1324 se
3209 1270 3486 1325 immunes

1925 1367 2095 1437 culpa:
2129 1374 2438 1430 servarunt,
2467 1365 2646 1418 cibum
2688 1372 2885 1425 sumat,
2915 1364 3006 1418 sed
3031 1362 3194 1416 etiam
3227 1369 3285 1414 ut
3313 1375 3496 1416 sacer-

1926 1459 2076 1514 dotio
2102 1471 2212 1528 quo
2239 1457 2530 1524 insignitus
2553 1466 2634 1512 est
2657 1455 2930 1522 fungatur.
2955 1453 3294 1509 Paenitentiaa
3315 1460 3496 1506 autem

1926 1551 2148 1603 modum
2210 1549 2427 1602 delinite
2487 1548 2777 1617 subjicere,
2834 1562 2942 1600 non
3003 1556 3087 1600 est
3134 1544 3395 1614 possibile
3429 1543 3500 1597 oh

1927 1640 2244 1708 qualitatem
2285 1653 2531 1708 personae
2571 1646 2626 1693 et
2651 1653 2863 1692 morum
2896 1656 2909 1692 :
2955 1637 3027 1691 ita
3061 1645 3120 1690 ut
3147 1636 3360 1690 duabus
3396 1636 3501 1688 tri-

1928 1732 2100 1787 busve
2194 1731 2626 1803 quadragesimis
2712 1731 2996 1786 multatum
3092 1728 3264 1785 fuisse
3348 1728 3499 1784 sum-

1927 1825 2056 1879 ciat.

351 1909 674 1980 Ἐρώτησις
703 1907 802 1962 IE'.
835 1936 888 1947 —
908 1906 1045 1978 Hcp‘i.
1069 1905 1457 1977 πρεσϐυτέρων
1501 1905 1701 1977 ὁμοίως
1723 1904 1827 1960 om
1861 1888 1896 1944 Β

1999 1912 2355 1983 Interrogatio
2387 1905 2503 1966 XV.
2535 1943 2605 1953 —
2635 1911 2709 1966 De
2736 1911 3068 1984 presbyteris
3109 1912 3198 1981 qui
3254 1911 3524 1966 similiter

260 2003 562 2076 ὁρθοδόξων
601 1999 1104 2072 χειροτονηθέντων,
1132 2000 1224 2052 καὶ
1262 1999 1402 2053 κατά
1433 2000 1657 2066 ἄγνοιαν
1692 2015 1828 2067 συμ-

263 2097 548 2166 φαγόντων
606 2093 745 2163 μετά
773 2091 1160 2164 πρεσϐυτέρων
1195 2091 1549 2162 βεϐρωκότων
1571 2091 1707 2161 μετὰ
1732 2088 1826 2142 τοῦ

263 2185 431 2242 αὐτοῦ
478 2181 890 2255 μητροπολίτου.

353 2278 718 2345 Ἀπόκρισις.
747 2303 820 2316 —
849 2274 1161 2345 Γέγραπται
1188 2291 1202 2305 ο
1229 2273 1360 2329 Πᾶν
1395 2275 1463 2328 τὸ
1503 2274 1573 2327 ἐν
1599 2273 1827 2343 ἀγνοίᾳ,

267 2368 798 2438 καθαρισθήσεται.
827 2368 988 2419 Ὥστε
1012 2367 1255 2439 ἀνένοχοί
1286 2371 1391 2421 εἱσι
1417 2366 1620 2430 παντὸς
1651 2367 1830 2418 ἐπιτι-

271 2461 419 2532 μίου.

354 2553 680 2622 Ἐρώτησις
709 2552 828 2618 ις’.
861 2579 930 2592 -—
951 2549 1087 2620 Περὶ
1104 2547 1494 2618 πρεσϐυτέρων
1515 2546 1832 2617 ὁρθοδόξων,

267 2643 440 2716 ἤγουν
474 2642 794 2712 Ἰλαρίωνος,
824 2641 914 2694 καὶ
945 2638 1280 2710 Ε“.στρατίου
1318 2638 1552 2709 μοναχοῦ
1571 2655 1585 2669 ⁶
1605 2636 1672 2693 ἂν
1704 2637 1836 2708 έχω-

273 2753 360 2790 σιν
394 2717 642 2799 ἐξουσίαν
666 2732 761 2785 τοῦ
785 2732 985 2786 διδόναι
1010 2729 1276 2800 ἐπιτίμια.

357 2828 721 2894 Ἀπόκρισις.
756 2855 824 2868 --
854 2825 1187 2894 Προείρηται
1239 2826 1341 2880 κάν
1397 2827 1508 2888 τοῖς
1559 2823 1834 2896 ἀνωτέρω,

271 2921 357 2975 ὅτι
387 2918 493 2994 χρὴ
521 2917 744 2972 διδόναι.
779 2914 1000 2987 Ἐπειδὴ
1032 2915 1087 2967 δὲ
1110 2916 1367 2986 ἐμφαίνει
1402 2917 1436 2986 ἡ
1466 2913 1751 2986 ἐρώτησις,
1790 2913 1838 2966 εί

273 3013 355 3066 δεῖ
384 3012 475 3064 καὶ
501 3011 593 3064 τὸν
619 3009 692 3079 μὴ
717 3009 912 3080 ἔχοντα
941 3006 1263 3078 ἱερωσύνην,
1296 3006 1495 3059 διδόναι
1536 3004 1677 3058 κατὰ
1702 3005 1839 3057 ἀπο-ι

280 3103 402 3174 ρίαν
426 3100 830 3171 πρεσϐυτέρων,
871 3100 966 3153 καὶ
1005 3098 1188 3152 πίστιν
1231 3097 1327 3151 τοῦ
1357 3095 1670 3168 προσιόντος
1691 3111 1710 3127 ο
1741 3095 1841 3147 οὐκ

1930 2002 1999 2059 ab
2058 2004 2374 2059 orthodoxis
2427 2003 2664 2058 ordinati
2714 2013 2862 2067 sunt,
2909 2017 2975 2056 ac
3003 2018 3097 2071 per
3133 2002 3497 2075 ignorantiam

1929 2098 2110 2150 cibum
2137 2103 2634 2165 sumpseruntcum
2665 2093 2995 2165 presbyteris
3035 2093 3126 2162 qui
3167 2107 3290 2146 cum
3311 2092 3503 2146 eodem

1931 2185 2270 2255 metropolita
2297 2185 2479 2240 cibum
2515 2193 2885 2254 sumpserant.

2001 2277 2308 2347 Responsio.
2338 2307 2410 2318 —-
2435 2275 2709 2346 Scriptum
2752 2286 2871 2332 est:
2911 2275 3076 2331 Omne
3116 2275 3253 2345 quod
3278 2276 3331 2328 in
3361 2276 3510 2345 igno-

1933 2369 2130 2433 rantia,
2185 2369 2607 2423 inundabitur“.
2671 2367 2942 2435 Quocirca
2999 2367 3134 2421 nulli
3170 2381 3340 2435 pinna:
3384 2375 3510 2421 sunt

1933 2458 2178 2512 obnoxﬁ.

2005 2547 2359 2618 Interrogatio
2397 2547 2535 2602 XVI.
2567 2579 2638 2589 —
2671 2549 2743 2604 De
2798 2550 3128 2622 presbyteris
3158 2550 3502 2614 ortbodoxis,

1935 2648 2064 2708 puta
2100 2637 2396 2704 Hilarione,
2431 2651 2484 2694 et
2534 2638 2809 2694 Eustratio
2844 2643 3115 2695 monacho
3149 2660 3162 2697 :
3198 2641 3504 2696 habeantne
3584 2636 3587 2639 ’

1935 2737 2256 2796 potestatem
2288 2728 2606 2798 injungendi
2645 2729 3011 2799 poenitentias.

2008 2817 2310 2887 Responsio.
2342 2850 2412 2861 —
2433 2819 2550 2874 Jam
2591 2821 2792 2876 dictum
2821 2830 2908 2876 est
2937 2831 2990 2875 et
3025 2821 3080 2875 in
3106 2821 3510 2891 superioribus.

1938 2908 2147 2978 injungi
2181 2916 2454 2978 oportere.
2489 2909 2628 2975 Quia
2662 2925 2792 2966 vero
2825 2911 3000 2966 innuit
3028 2912 3404 2982 interrogatio,
3433 2927 3502 2965 an

1939 3002 2033 3070 qui
2086 3001 2340 3057 sacerdos
2386 3017 2494 3056 non
2540 3012 2644 3066 est,
2683 3004 2895 3069 debeat,
2928 3004 3020 3058 ubi
3068 3004 3366 3075 presbyteri
3397 3019 3505 3057 non

1941 3099 2088 3152 sunt,
2139 3091 2422 3162 injungere
2464 3102 2684 3162 propter
2723 3092 2880 3148 ﬁdem
2925 3095 3278 3149 accedentis:
3312 3101 3510 3164 prater

277 3193 383 3257 ἔξω
412 3192 504 3244 τοῦ
534 3190 765 3255 εἰκότος,
801 3193 898 3243 καὶ
944 3188 1037 3241 τὸν
1072 3187 1259 3251 ἀπλῶς
1311 3185 1544 3257 μοναχὸν
1588 3183 1840 3252 ἐπιτίμια
1866 3224 1896 3282 c

1942 3182 2025 3237 {as
2059 3197 2168 3236 non
2211 3193 2295 3238 est
2327 3192 2387 3238 ut
2412 3185 2496 3240 vel
2543 3185 2775 3256 simplex
2813 3188 3115 3242 monachus
3164 3186 3513 3257 pmnitentias

275 3281 497 3336 διδόναι.

363 3373 676 3442 Ἐρώτησις
713 3369 811 3425 ῙΖ’.
839 3401 908 3413 --
937 3370 1076 3441 Περὶ
1104 3369 1426 3441 μονάζοντος
1461 3364 1552 3419 τοῦ
1585 3364 1839 3426 λαϐόντος

279 3466 342 3520 τὸ
369 3465 513 3536 ἱερὸν
545 3463 731 3534 σχῆμα
762 3463 903 3515 κατά
946 3461 1167 3530 ἄγνοιαν
1192 3461 1299 3514 ἀπὸ
1323 3457 1693 3531 πρεσϐυτέρου
1727 3473 1842 3526 χει-

281 3554 663 3629 ροτονηθέντος
689 3551 793 3604 ὑπὸ
824 3553 1036 3623 καθῃρη
1047 3551 1234 3622 μένου.

365 3644 730 3711 Ἀπόκρισις.
767 3670 840 3681 —
867 3640 1094 3712 Εἴρηται
1126 3641 1184 3692 ὲν
1213 3639 1385 3710 ἑτέρῳ
1421 3635 1724 3707 κεφαλαίῳ,
1759 3637 1842 3688 ὅτι

282 3736 416 3794 Πᾶν
442 3736 508 3790 τὸ
547 3734 695 3788 κατὰ
732 3732 1001 3802 ἄγνοιαν,
1046 3728 1565 3798 καθαρισθήσεται.
1614 3726 1844 3780 Καὶούκ

284 3831 407 3896 ἐξὸν
428 3824 868 3896 ἀποστρέφεσθαι
897 3823 996 3893 τὴν
1017 3823 1156 3893 μετὰ
1177 3820 1274 3874 τοῦ
1291 3819 1534 3874 τοιούτου
1565 3817 1846 3870 συνεστια-

287 3941 395 3988 σιν,
425 3920 521 3976 καὶ
547 3920 640 3973 ἐπὶ
670 3917 844 3973 ἄλλων
873 3916 971 3987 τὴν
1011 3914 1283 3986 σύμϐασιν
1314 3913 1612 3968 ποιούντων
1643 3909 1846 3980 ὁμοίως

288 4015 385 4069 καὶ
413 4012 615 4081 φιλίαν.

360 4103 548 4158 Ταῦτά
580 4120 660 4155 σοι
693 4101 791 4171 μὲν
836 4099 911 4158 ῶς
943 4097 1211 4167 συμψύχῳ
1257 4095 1351 4149 καὶ
1390 4095 1650 4166 συμπόνῳ
1685 4095 1846 4164 ἡμεῖς

290 4197 433 4253 κατά
467 4196 530 4249 τὸ
563 4194 783 4264 ἐφικτὸν
833 4190 1232 4259 ἀνεπτύξαμεν.
1265 4190 1434 4251 arma;
1468 4188 1526 4241 δὲ
1563 4186 1848 4258 μεταδοίης

289 4285 548 4356 ἀσφαλῶς
576 4288 686 4349 τοῖς
717 4287 814 4338 ὲπε
825 4285 1130 4354 ρωτήσασιν
1166 4281 1431 4350 ἀδελφοῖς.
1468 4280 1549 4332 Οὐ
1573 4279 1682 4347 γὰρ
1703 4276 1850 4330 πάν-

291 4396 410 4435 των⁹
435 4379 471 4447 ἡ
503 4378 705 4441 πίστις
729 4392 744 4408 °
762 4376 880 4428 οὐδὲ
903 4375 1116 4436 πολλοῖς
1148 4372 1523 4442 ὲκπέφρασται
1544 4370 1614 4423 τὰ
1633 4367 1806 4422 τοιάδε
1830 4382 1847 4400 ·

292 4471 355 4525 ού
395 4471 553 4540 μόνον
569 4468 657 4521 διὰ
685 4469 785 4540 τὴν
808 4467 991 4520 ἄνοιαν
1013 4465 1119 4519 τῶν
1136 4463 1526 4534 ἀνομησὰντων
1549 4502 1564 4527 ,
1592 4461 1727 4514 ἀλλά
1757 4459 1851 4512 καὶ

1941 3275 2206 3344 imponat.

2010 3364 2366 3436 Interrogatio
2410 3366 2570 3421 XVII.
2600 3399 2660 3409 —
2690 3369 2760 3422 Dc
2789 3371 3053 3425 monacho
3084 3373 3176 3441 qui
3231 3386 3328 3440 per
3364 3372 3514 3442 igno-

1938 3458 2170 3512 rantiam
2192 3473 2406 3513 sacrum
2441 3460 2682 3513 habitum
2714 3463 2922 3530 accepit
2953 3478 2984 3517 a
3041 3463 3358 3534 presbytero
3420 3480 3514 3532 per

1940 3547 2248 3617 depositum
2291 3548 2564 3602 ordinato.

2009 3638 2312 3706 Responsio.
2351 3640 2500 3693 ——In
2551 3640 2658 3695 alio
2707 3643 2884 3712 capite
2931 3642 3134 3698 dictum
3163 3658 3244 3698 cst
3281 3665 3294 3699 :
3352 3631 3516 3700 Omne

1939 3733 2077 3801 quod
2108 3746 2197 3798 per
2234 3732 2624 3800 ignorantiam,
2664 3735 3024 3789 munt/obitur.
3052 3734 3161 3793 Nec
3199 3736 3324 3791 licet
3359 3752 3516 3791 aver-

1941 3823 2050 3878 sari
2103 3836 2451 3878 communem
2533 3840 2657 3879 cum
2729 3827 2833 3881 isto
2903 3827 3111 3893 cibum,
3181 3845 3355 3898 neque
3413 3831 3518 3885 alia

1943 3915 2194 3970 similiter
2295 3929 2415 3982 quae
2500 3916 2849 3970 concordiam
2920 3925 2976 3971 et
3046 3919 3347 3974 amicitiam
3436 3920 3520 3976 fo-

1946 4020 2089 4063 VCIH.

2015 4103 2190 4170 Atque
2235 4102 2351 4155 lucc
2397 4101 2618 4170 quidem
2651 4100 2746 4155 tibi
2787 4111 3048 4170 tanquam
3074 4103 3321 4157 unanimi
3353 4113 3411 4158 et
3439 4105 3520 4157 la-

1946 4193 2140 4246 borum
2177 4192 2328 4247 socio
2365 4208 2468 4246 nos
2507 4207 2605 4261 pro
2629 4193 2838 4249 viribus
2874 4194 3253 4264 explicuimus.
3285 4193 3364 4248 Τυ
3396 4210 3523 4250 vero

1949 4301 2010 4338 ea
2066 4295 2227 4340 caute
2282 4285 2481 4339 tradito
2541 4285 2804 4339 fratribus
2865 4286 2956 4354 qui
3028 4287 3521 4355 interrogaverunt.

1949 4376 2072 4431 Non
2117 4378 2256 4431 enim
2284 4379 2519 4431 omnium
2545 4387 2620 4430 est
2655 4377 2784 4446 ﬁdes
2805 4379 2846 4410 "
2869 4393 2888 4431 :
2939 4393 3112 4448 neque
3137 4378 3252 4433 haec
3283 4378 3525 4448 exposita

1953 4479 2085 4522 sunt
2112 4469 2298 4523 multis
2330 4485 2344 4521 :
2373 4483 2481 4522 nou
2519 4469 2683 4522 modo
2717 4478 2934 4538 propter
2978 4471 3302 4525 dementiam
3333 4485 3524 4526 eorum

293 4560 384 4614 διὰ
416 4563 542 4624 τοὺς
568 4559 910 4629 πειρασμοὺς
935 4559 1044 4610 τῶν
1083 4555 1448 4627 κρατούντων.
1488 4555 1626 4608 Ἀνθ’
1659 4548 1734 4606 ὢν
1793 4551 1850 4604 δὲ
1883 4568 1896 4624 ι

1955 4560 2047 4629 qui
2098 4559 2480 4628 deliquerunt;
2543 4559 2635 4613 sed
2691 4560 2856 4616 etiam
2917 4570 3140 4629 propter
3193 4562 3526 4618 teutationcs

294 4652 346 4704 οι
369 4651 750 4704 εύλαϐέστατοι
782 4648 1188 4702 ἀπεστάλκασιν
1215 4647 1525 4700 ἀποστόλων
1559 4644 1766 4698 πολλῶν
1793 4660 1855 4696 τε

1959 4665 2148 4703 eorum
2181 4650 2274 4718 qui
2315 4649 2690 4704 dominantur.
2729 4648 2835 4702 Pro
2865 4648 2933 4703 iis
2959 4660 3140 4703 autem
3176 4652 3361 4706 multis
3392 4667 3529 4722 pra-

297 4741 393 4792 καὶ
423 4739 626 4804 καλῶν,
663 4737 981 4809 ἀμείψοιντο
1013 4737 1164 4806 παρά
1193 4736 1326 4788 Θεοῦ
1353 4734 1451 4806 τὴν
1493 4734 1650 4798 ἀξίαν
1701 4733 1856 4804 μισθ-

297 4830 611 4895 αποδοσίαν,
637 4831 732 4883 καὶ
759 4830 881 4884 τάδε
905 4828 997 4882 δύο
1015 4827 1346 4897 μαλακίσκια
1367 4828 1445 4888 εἰς
1465 4826 1676 4896 ύπόμνη
1686 4843 1761 4894 μα
1773 4842 1858 4893 φι-

297 4920 438 4982 λίας.
476 4919 761 4991 Ἔρρωσθε
796 4920 854 4970 ἐν
906 4917 1119 4988 Κυρίῳ,
1173 4916 1510 4984 τιμιώτατοι,
1560 4913 1856 4982 προσευχό-

303 5025 455 5080 μενοι
488 5009 631 5080 ύπὲρ
677 5011 833 5080 ἡμῶν
877 5008 986 5062 τῶν
1042 5005 1373 5077 ἁμαρτωλῶν
1418 5005 1491 5059 τὰ
1529 5005 1858 5073 κρείττονα,

301 5099 402 5154 καί
423 5101 678 5170 ἐχόμενα
707 5101 1021 5169 σωτηρίας.

481 5298 616 5370 21C.”
642 5301 776 5372 (ιε).
799 5331 867 5342 --
912 5296 1157 5368 Ἰωάννῃ
1189 5298 1475 5366 κληρικῴ,
1511 5298 1721 5370 [ωμγ’.]

1960 4739 2232 4807 clarisque
2284 4738 2607 4792 muneribus
2666 4755 2788 4807 qua:
2836 4739 3232 4808 religiosissimi
3279 4740 3530 4797 homines

1963 4831 2255 4895 miserunt,
2319 4829 2536 4898 dignam
2588 4845 2617 4882 a
2671 4830 2780 4885 Deo
2835 4834 3328 4888 remunerationem
3387 4835 3531 4889 acci-

1963 4924 2134 4990 piunt,
2193 4931 2248 4975 et
2295 4921 2394 4976 bas
2443 4922 2581 4976 duas
2621 4924 2904 4992 sportellas
2951 4925 3004 4978 in
3044 4924 3297 4979 amicitiae
3334 4941 3531 4978 monu-

1965 5024 2228 5066 mentum.
2291 5012 2472 5066 Valete
2524 5017 2578 5068 in
2637 5014 2883 5080 Domino,
2924 5016 3386 5082 reverendissimi,
3434 5033 3532 5085 pro

1965 5105 2123 5158 nobis
2177 5106 2556 5173 peccatoribus
2601 5119 2883 5176 precantes
2927 5108 3143 5164 meliora
3194 5119 3241 5162 et
3280 5109 3532 5163 riciniora

1960 5195 2122 5248 saluti
2143 5193 2204 5243 ”.

2361 5306 2583 5362 CCXVI.
2621 5339 2686 5349 ——
2721 5310 2916 5362 Jortttttt'
2949 5310 3148 5365 clerico.

949 5410 1120 5460 Potius
1137 5423 1234 5459 non
1256 5421 1463 5471 peccare
1486 5415 1645 5469 curet,
1675 5422 1820 5470 quam
1859 5411 2019 5472 qualis
2047 5427 2190 5476 pinna
2231 5424 2435 5476 poet-ato
2472 5419 2730 5466 statuenda
2753 5421 2831 5468 sit.

378 5523 452 5578 Τὸ
484 5523 585 5593 μὲν
604 5524 702 5594 τῆς
731 5525 954 5592 ἀγάπης
986 5539 1081 5576 σου
1111 5522 1280 5593 δῶρον
1310 5520 1718 5592 ἀπεδεξάμεθα,
1752 5523 1873 5591 φίλε

2054 5526 2371 5584 Dilectiouis
2412 5539 2517 5584 tua:
2551 5545 2749 5586 munus
2784 5531 3111 5602 accepimus,
3153 5529 3324 5586 amice
3356 5531 3537 5586 since-

379 5659 424 5691 "
453 5655 626 5726 Levit.
659 5670 735 5721 tv,
771 5655 826 5710 2.
905 5655 947 5685 ¹⁷
977 5652 1014 5708 Il
1046 5651 1237 5711 Thess.
1282 5667 1364 5718 ιιι,
1400 5651 1454 5705 2.
1535 5651 1575 5683 ⁸⁸
1603 5649 1768 5709 Ilebr.
1806 5669 1878 5718 \‘l,
1903 5653 1956 5709 9.

1816 5747 2044 5806 ΝΟΤΑῙ.

384 5843 494 5914 (12)
528 5841 581 5898 ιιι
613 5842 730 5898 cod.
769 5840 896 5912 Reg.
930 5840 1049 5894 ULO'.
