4184 6500
692 382 825 450 1655

1870 382 1930 441 S.
1951 380 2341 442 TilEODORI
2373 381 2717 442 STUDlT/F

3805 383 3949 450 1656

690 494 929 551 rissime.
963 494 1043 548 Ad
1081 490 1569 561 interrogationem
1619 505 1751 546 vero
1779 499 1951 559 tuam,
1985 507 2094 563 qua
2121 491 2263 547 scire

2373 494 2715 564 γνησιώτατε.
2763 493 2837 545 Τὸ
2880 492 2937 545 δὲ
2976 490 3184 562 αἴτημα
3236 492 3375 563 ὅπερ
3424 491 3539 563 (12)
3578 495 3767 565 ᾐτήσω
3801 498 3947 569 πρὸς

690 604 838 656 aves,
872 603 995 659 qua:
1049 601 1207 657 paena
1254 586 1328 643 sit
1372 586 1592 650 luenda,
1643 586 1691 640 si
1724 586 2017 657 contigerit
2051 598 2105 642 te
2136 602 2263 642 cum

2373 587 2447 649 τὸ,
2482 586 2576 637 ἐὰν
2601 585 2781 655 φθάσῃ
2808 583 3225 653 συνεστιαθῆναι
3272 587 3594 655 αἱρετικοϊς.
3631 585 3831 641 εἰδέναι
3881 589 3947 643 τὸ

691 683 962 739 haereticis
1018 681 1327 745 convivari;
1376 682 1486 736 hoc
1531 682 2066 751 respondemuan
2115 682 2265 735 omni

692 771 910 841 quidem
942 780 1164 841 peccato
1194 778 1440 840 paratam
1463 786 1585 826 esse
1619 771 1835 825 veniam
1862 772 2068 825 idonea:
2092 771 2269 842 poeni-

692 862 873 917 tentir
911 882 927 917 :
966 873 1220 918 caeterum
1270 872 1397 917 ante
1452 875 1735 932 peccatum
1770 878 1987 931 poenam
2020 873 2268 918 statuere

693 968 800 1008 non
836 954 1020 1018 licere,
1068 954 1387 1024 peccatique
1425 952 1650 1022 jannam
1696 952 1803 1007 hoc
1836 952 1997 1006 modo
2029 952 2265 1022 aperire.

691 1044 878 1114 Neque
926 1045 1071 1098 enim
1110 1044 1156 1097 si
1206 1044 1584 1113 perconteris:
1633 1040 1688 1095 Si
1724 1041 2034 1096 mcechatus
2088 1039 2268 1105 fuero,

691 1136 834 1206 quod
865 1134 1056 1197 nolim,
1089 1150 1340 1204 quaznam
1370 1136 1474 1188 erit
1501 1135 1696 1203 paena?
1717 1135 1783 1188 de
1811 1134 1911 1188 bac
1944 1136 2271 1203 respondere

692 1227 866 1282 debeo
903 1245 917 1283 :
963 1227 1210 1282 incitatio
1240 1227 1385 1281 enim
1419 1235 1504 1280 est
1537 1226 1602 1280 ad
1650 1227 2005 1295 peccandum.
2049 1226 2155 1280 Sed
2195 1227 2270 1281 ita

692 1319 1129 1389 respondendum
1177 1328 1301 1373 est:
1366 1316 1507 1372 Cave
1540 1332 1605 1371 ne
1658 1329 1939 1386 peccatum
1990 1319 2269 1382 admittas.

694 1411 949 1480 pedemve
984 1411 1051 1465 ad
1098 1411 1331 1482 lapidem
1362 1410 1630 1476 offendas,
1662 1410 1776 1465 sive
1811 1411 2111 1476 intellectu,
2157 1411 2273 1467 sive

693 1516 879 1557 sensu.
936 1501 1035 1557 Ubi
1066 1513 1244 1556 autem
1288 1502 1609 1566 oﬂenderis,
1658 1509 1788 1556 tunc
1830 1503 2075 1559 medicus
2109 1502 2270 1557 obse-

693 1592 866 1647 cranti
905 1602 959 1647 et
992 1593 1275 1662 pte-nitenti
1317 1593 1573 1647 idoneum
1621 1592 1684 1645 ad
1726 1594 2063 1647 sanationem
2096 1609 2273 1648 reme-

692 1684 842 1739 dium
894 1684 1196 1738 adhibebit.
1263 1683 1389 1740 Haec.
1438 1684 1532 1738 tibi
1591 1699 1784 1754 magna
1813 1699 1938 1739 cum
1971 1686 2273 1739 attentione

696 1776 914 1846 scripsi,
963 1792 1151 1841 orans,
1204 1777 1421 1841 dilecte,
1469 1786 1528 1831 ut
1570 1776 1639 1830 ab
1673 1776 1819 1829 omni
1873 1775 2015 1831 male
2074 1776 2270 1830 libere-

731 1868 737 1875 .

698 1883 772 1922 I'IS

1013 1976 1266 2034 CCXVII.
1297 2009 1366 2022 —
1399 1978 1677 2034 Πιοωαὶάὶ
1711 1981 1899 2051 virgini
1920 1982 2007 2050 (‘).

2368 676 2668 746 ἐπιτίμιον,
2708 678 2886 728 ὲκεῖνο
2916 675 3148 743 λέγομεν
3174 714 3190 739 ,
3216 677 3299 729 ὅτι
3332 676 3427 729 ἐπὶ
3450 678 3653 740 παντὸς
3686 679 3945 750 ἁμαρτῆ-

2372 766 2600 834 ματοςὴ
2630 765 2908 831 ἀξιόλογος
2941 765 3200 831 μετάνοια
3240 765 3337 836 τὴν
3395 767 3743 838 συγχώρησιν
3786 770 3940 842 ἔχει’

2368 856 2428 908 οὐ
2465 856 2573 926 μὴν
2599 856 2705 926 ripe
2747 856 2842 908 τοῦ
2888 858 3286 927 ἁμαρτήματος
3325 858 3532 924 ἔξεστιν
3568 863 3821 931 ἐπιτίμια
3861 881 3949 917 τι-

2370 948 2540 1007 θέναι,
2576 947 2670 998 καὶ
2694 948 2928 1014 ἀνοίγειν
2963 948 3215 1001 ἐντεῦθεν
3260 949 3359 1018 τὴν
3408 948 3577 1019 θύραν
3628 954 3729 1018 τῆς
3759 956 3951 1024 ἁμαρ-

2368 1036 2507 1098 τίας.
2538 1036 2671 1089 Οὐδὲ
2703 1037 2811 1106 γὰρ
2844 1038 2937 1090 ἐὰν
2961 1040 3259 1112 ἐρωτήσῃςο
3288 1041 3349 1095 Εἰ
3377 1042 3570 1111 φθάσω
3603 1046 3910 1113 πορνεῦσαι
3930 1089 3946 1108 ,

2369 1127 2445 1192 ὼς
2472 1128 2535 1181 οὐ
2571 1126 2855 1199 βούλομαι,
2886 1129 2939 1181 τε
2961 1132 3023 1183 τὸ
3044 1132 3353 1201 ἐπιτίμιονς
3384 1136 3489 1205 χρή
3534 1152 3602 1204 με
3633 1138 3947 1208 ἀποκριθῆ-

2369 1221 2456 1273 ναι
2481 1237 2563 1274 σοι
2586 1220 2736 1273 τόδε·
2772 1224 3054 1293 προτροπὴ
3103 1224 3213 1294 γὰρ
3259 1225 3466 1293 γίνεται
3510 1227 3605 1280 τοῦ
3651 1230 3948 1299 ἁμαρτεῖν.

2382 1312 2541 1367 Ἀλλὰ
2566 1312 2723 1365 τοῦτο
2746 1313 3071 1384 ἀποκριτέον
3089 1332 3105 1347 °
3135 1316 3225 1386 Μὴ
3251 1318 3473 1387 ποιῆσαι
3507 1319 3606 1390 τὴν
3640 1320 3948 1390 ἁμαρτίαν,

2373 1404 2509 1474 μηδὲ
2542 1405 2847 1473 προσκόψαι
2882 1406 3018 1475 πρὸς
3066 1406 3213 1461 λίθον
3253 1408 3345 1462 τὸν
3389 1394 3669 1476 πόδα,’καὶ
3710 1412 3949 1481 νοητῶς,

2370 1496 2466 1548 καὶ
2501 1497 2795 1560 αἰσθητῶς.
2812 1497 2979 1549 Ὅταν
2994 1497 3049 1550 δὲ
3070 1499 3410 1572 προσκόψῃς,
3433 1502 3553 1555 τότε
3570 1506 3599 1555 ὁ
3630 1504 3818 1574 ἰατρὸς
3838 1520 3953 1558 πα-

2371 1586 2697 1657 ρακαλοῦντι
2751 1588 2848 1639 καὶ
2902 1590 3256 1656 μετανοοῦντι
3288 1591 3564 1646 ἐπιδίδωσι
3593 1592 3654 1645 τὸ
3676 1593 3954 1663 θεραπευ-

2369 1678 2521 1729 τικὸν
2555 1677 2710 1748 ἴαμα.
2740 1676 2925 1731 Ταῦτά
2944 1696 3025 1731 σοι
3058 1682 3316 1752 γέγραφα
3347 1684 3446 1736 σὺν
3476 1684 3643 1755 πολλῇ
3679 1687 3951 1756 προσοχῇ,

2373 1768 2666 1840 εὐχόμενος
2726 1768 2991 1839 ρυσθῆναί
3046 1788 3127 1837 σε,
3181 1774 3531 1845 ἡγαπημένε,
3580 1776 3690 1829 ἀπὸ
3742 1778 3952 1841 παντὸς

2306 1880 2348 1933 Β
2375 1862 2566 1915 κακοῦ.

2450 1976 2569 2029 ΣιΖ’
2596 1977 2731 2045 (l5).
2767 2008 2835 2018 —
2867 1978 3118 2045 Θωματδι
3156 1982 3630 2053 παρθενευούσῃ.
3665 1982 3873 2057 [enim]

1532 2091 1609 2143 De
1642 2104 1705 2140 eo
1730 2092 1862 2155 quod
1888 2105 2198 2155 nequaquam
2239 2091 2381 2142 latria
2398 2089 2580 2139 colitur
2602 2089 2764 2153 imago
2794 2091 3008 2141 Domini.

769 2199 1202 2270 Propositionem
1276 2202 1595 2258 reverentiae
1659 2213 1802 2264 tum.
1853 2218 1921 2256 ex
1976 2203 2097 2255 viva
2146 2216 2276 2255 voce

702 2292 992 2347 admodum
1032 2292 1339 2347 honorandi
1370 2293 1581 2348 domini
1620 2293 1880 2347 arcliiatri
1920 2291 2076 2347 laztus
2127 2307 2277 2346 acceo

698 2382 777 2452 pi,
828 2391 1016 2451 utpote
1062 2398 1091 2436 a
1128 2385 1432 2454 propinquo
1465 2386 1664 2455 Deique
1697 2392 1914 2438 amante
1944 2386 2272 2454 expositam.

698 2472 809 2529 Nec
832 2488 1027 2529 recuso
1053 2473 1136 2529 vel
1171 2488 1202 2527 a
1234 2474 1436 2529 femina
1466 2476 1678 2530 discere
1709 2477 1980 2529 interdum
2010 2474 2155 2543 quod
2189 2489 2276 2529 me

700 2567 849 2622 latet.
884 2568 1136 2621 Attamen
1158 2566 1226 2622 de
1255 2568 1691 2622 venerandarnm
1742 2568 2041 2637 imaginum
2077 2566 2278 2621 adora-

699 2660 869 2723 tione,
925 2660 1105 2727 qualis
1149 2674 1272 2715 esse
1328 2660 1544 2724 debeat,
1594 2662 1883 2730 ignorasse
1914 2674 2023 2713 non
2067 2659 2273 2715 videor.

700 2748 813 2806 Nos
844 2751 1049 2820 itaque,
1081 2751 1571 2809 reverendisslma.
1607 2762 1665 2805 ut
1697 2751 1764 2805 de
1801 2750 1923 2806 aliis
1954 2752 2006 2804 in
2039 2766 2277 2818 praesens

699 2846 883 2898 dicere
929 2844 1217 2907 omittam,
1275 2842 1564 2913 imaginem
1629 2843 1845 2897 Domini
1920 2843 2092 2898 nostri
2148 2840 2277 2897 Jesu

701 2936 903 2991 Christi
930 2938 1010 2990 sic
1043 2937 1361 2999 adoramus,
1394 2946 1453 2991 ut
1489 2938 1667 3005 ipsum
1705 2936 1995 2991 Dominum
2033 2946 2277 2992 nostrum

700 3027 887 3084 Jesum
923 3027 1231 3085 Christum.
1298 3027 1414 3084 Hoc
1446 3038 1650 3092 autem,
1677 3028 1849 3091 Sicut,
1902 3028 2279 3084 similitudinis

699 3128 804 3183 est,
834 3134 941 3173 non
970 3118 1399 3173 conﬁrmationis
1426 3136 1439 3173 :
1473 3120 1738 3187 alioquin,
1770 3133 1877 3173 non
1914 3119 2096 3188 imago
2122 3116 2281 3170 Chri-

702 3211 793 3278 sti,
819 3211 913 3266 sed
938 3210 1191 3264 Christus
1238 3212 1353 3279 ipse
1376 3219 1543 3264 esset.
1590 3211 1659 3262 At
1700 3225 1825 3265 vero
1866 3211 2045 3279 imago
2072 3208 2278 3264 Christi

702 3312 785 3357 est
813 3320 827 3356 :
855 3313 909 3357 et
940 3302 1029 3357 ille
1054 3302 1105 3355 in
1135 3304 1487 3372 suaimagine
1514 3301 1773 3355 adoratus
1801 3311 1906 3363 est.
1938 3313 1992 3357 et
2022 3308 2278 3375 tanquclm

704 3395 935 3449 alterum
968 3394 1021 3447 in
1064 3393 1235 3448 altero
1287 3403 1369 3448 est
1408 3402 1683 3447 ostensus.
1718 3393 1807 3447 Ait
1848 3394 1994 3448 enim
2037 3394 2280 3464 Chryso-

2447 2198 2767 2269 Περιχαρῶς
2791 2199 3060 2271 ἐδεξάμην
3082 2202 3183 2271 τὴν
3212 2204 3475 2273 πρότασιν
3512 2204 3611 2274 τῆς
3631 2205 3951 2278 τιμιόητὸς

2378 2305 2493 2354 σου,
2530 2288 2618 2341 διὰ
2653 2290 2833 2358 φωνῆς
2866 2290 3047 2360 ζώσης
3074 2290 3171 2345 τοῦ
3206 2293 3507 2364 ὑπερτίμου
3536 2296 3734 2365 κυρίου
3751 2297 3947 2368 ἀρχιήο

2375 2395 2527 2448 τρου,
2568 2378 2665 2432 an
2690 2380 2843 2450 παρὰ
2872 2382 3171 2449 συγγενοῦς
3217 2385 3307 2436 καὶ
3354 2384 3637 2452 θεοφιλοῦς
3684 2403 3948 2457 προσφω-

2376 2468 2652 2538 νηθεισης.
2682 2469 2791 2521 Καὶ
2824 2470 2923 2523 οῦκ
2949 2472 3320 2542 ἁπαναίνομαι
3364 2475 3459 2528 καὶ
3501 2475 3653 2546 παρὰ
3686 2479 3950 2544 γυναικὸς

2382 2564 2670 2634 μανθάνειν
2698 2563 2812 2617 ἔσθ’
2848 2566 2937 2618 ὅτε
2961 2566 3021 2619 τὸ
3040 2566 3323 2621 λανθάνον.
3353 2569 3427 2620 Οὐ
3459 2568 3565 2639 μὴν
3588 2568 3733 2622 δοκῶ
3749 2572 3949 2642 ἠγνοη-

2378 2654 2533 2707 κέναι
2558 2654 2656 2725 τὴν
2700 2655 2831 2726 περὶ
2879 2655 2988 2709 τῶν
3034 2657 3244 2710 σεπτῶν
3289 2654 3512 2711 εἱκδνων
3553 2662 3948 2731 προσκύνησιν,

2377 2750 2524 2811 ὅπως
2551 2748 2754 2817 ὀφείλει
2779 2747 2944 2803 εἶναι.
2990 2747 3183 2819 Ἡμεῖς
3214 2750 3527 2821 τοιγαροῦν,
3547 2745 3592 2807 ὦ
3620 2755 3947 2823 τιμιωτάτη.

2380 2840 2465 2892 ἴνα
2493 2840 2623 2912 περὶ
2652 2840 2760 2893 τῶν
2792 2840 2969 2894 ἄλλων
2998 2840 3145 2894 ἐάσω
3180 2842 3241 2895 τὸ
3283 2844 3457 2913 παρὸν
3497 2844 3709 2913 λέγειν,
3743 2847 3843 2915 τὴν
3869 2848 3951 2901 si-

2381 2934 2512 2987 κόνο.
2545 2934 2637 2987 τοῦ
2666 2935 2869 3005 Κυρίου
2900 2936 3060 3005 ἡμῶν
3102 2936 3274 3007 Ἰησοῦ
3310 2938 3548 3009 Χριστοῦ
3580 2940 3754 3005 οὕτως
3782 2960 3951 3013 προσ-

2384 3025 2673 3095 κυνοῦμεν,
2713 3026 2788 3088 ὼς
2820 3027 2983 3080 αὐτὸν
3016 3026 3220 3097 Κύριον
3252 3028 3417 3101 ἡμῶν
3458 3030 3668 3097 Ἰησοῦν
3691 3032 3947 3101 Χριστόν.

2384 3116 2455 3166 Τὸ
2482 3116 2561 3175 δὲ.
2603 3116 2717 3181 Ὧς,
2747 3116 2905 3169 τοῦτο
2934 3118 3245 3185 ὁμοιώσεώς
3276 3098 3450 3182 ἐστιν,
3474 3121 3589 3174 ἀλλ’
3616 3123 3676 3175 οὐ
3718 3098 3950 3193 eassus-

2386 3224 2554 3268 σεαηιςι
2598 3224 2625 3267 η
2686 3208 2793 3275 γαρ
2838 3212 2905 3262 ἀν
2970 3214 3068 3261 ουκ
3132 3212 3295 3263 tironi
3335 3212 3593 3280 Χριστοῦ,
3629 3214 3745 3267 ἀλλ’
3789 3217 3951 3281 αὐτὸς

2386 3296 2615 3369 Χριστος
2641 3302 2707 3352 to
2726 3317 2813 3352 αν.
2881 3296 3015 3354 Am
3048 3304 3154 3372 [si]:
3185 3304 3349 3357 εἰκὼν
3382 3304 3621 3374 Χριστοῦ
3662 3307 3833 3371 ἐστιν,
3856 3310 3952 3363 καὶ

2385 3394 2444 3445 ἐν
2477 3394 2543 3463 τῇ
2568 3391 2734 3447 αὐτοῦ
2756 3394 2925 3447 εἰκόνι
2947 3395 3409 3465 προσκεκύνηται,
3436 3396 3531 3450 καὶ
3558 3396 3633 3460 ὡς
3672 3397 3861 3468 ἕτερον
3894 3401 3954 3453 ἐν

703 3490 914 3536 stemus
939 3482 1023 3535 "z
1064 3499 1083 3531 ι
1122 3479 1241 3535 Vidi
1272 3482 1525 3551 angelum
1563 3482 1615 3536 in
1654 3482 1939 3553 imagine:
1981 3501 2002 3534 ι
2054 3497 2108 3539 et
2146 3484 2274 3539 Gre-

2386 3488 2557 3557 ιτέρῳ
2578 3486 2865 3540 δέδεικται.
2890 3488 3027 3556 Φησὶ
3066 3486 3173 3555 γὰρ
3210 3490 3240 3539 ὁ
3292 3488 3710 3559 Χρυσόστομος·
3741 3508 3761 3542 s
3800 3484 3955 3545 Εἶδον

701 3573 891 3645 gorius
927 3571 1239 3639 Theologus
1266 3589 1482 3628 rursum
1503 3576 1549 3606 "
1582 3593 1595 3629 :
1642 3594 1661 3627 ι
1692 3573 1843 3630 Hanc
1867 3584 2049 3631 autem
2077 3577 2282 3633 intente

702 3666 1069 3737 prospiciebat
1095 3665 1351 3722 Polemon
1381 3667 1437 3721 in
1470 3668 1730 3739 imagine.
1781 3690 1799 3721 ι
1841 3670 2007 3741 Igitur
2037 3680 2092 3727 et
2118 3670 2280 3727 Chri-

703 3765 823 3815 stus
854 3757 909 3812 in
943 3772 1003 3812 ea
1055 3758 1293 3826 imagine
1345 3760 1593 3813 cernitur
1634 3770 1688 3814 et
1722 3761 1981 3815 adorator
2016 3778 2030 3815 :
2088 3776 2277 3815 verum

702 3845 806 3900 etsi
841 3861 938 3915 per
989 3845 1453 3914 similitudinem;
1496 3862 1602 3901 non
1632 3858 1810 3903 tamen
1847 3849 1986 3915 ideo,
2011 3848 2138 3919 quia
2164 3850 2279 3920 ipse

705 3940 967 3994 adoratur
1004 3947 1059 3993 et
1086 3940 1201 4009 ipse
1223 3940 1382 3995 latria
1408 3942 1625 4004 colitur,
1662 3942 1843 4011 imago
1868 3944 2022 3997 latria
2052 3944 2277 4000 colenda

702 4038 787 4085 est
817 4046 831 4084 :
870 4028 1144 4099 siquidem
1178 4030 1385 4084 nullum
1426 4030 1568 4085 foret
1594 4030 1890 4086 discrimen
1939 4033 2193 4103 imaginis
2226 4045 2279 4090 et

704 4122 998 4194 prototypi.
1038 4121 1224 4192 Itaque
1275 4123 1387 4178 lucc
1428 4134 1557 4178 sunt
1586 4124 1716 4188 duo,
1748 4127 2000 4180 essentia:
2021 4126 2278 4183 dill‘eren-

704 4212 938 4297 tia,.sed
994 4228 1104 4268 non
1151 4215 1465 4285 hypostasis
1521 4216 1896 4273 similitudine.
1946 4217 2028 4273 Ad
2063 4220 2197 4282 haec.
2230 4220 2277 4275 si

704 4308 821 4383 sola
862 4306 1103 4363 Trinitas
1130 4308 1289 4363 latria
1315 4310 1535 4375 colitur,
1577 4326 1687 4380 quo
1724 4320 1885 4381 pacto
1911 4320 2078 4382 queat
2112 4313 2277 4368 etiam

704 4399 885 4468 imago
933 4398 1089 4454 latria
1133 4399 1276 4454 coli?
1304 4402 1646 4470 quaternitas
1690 4404 1836 4458 enim
1870 4402 2013 4459 facta
2038 4403 2279 4461 Trinitas

703 4489 1028 4557 invenietur,
1076 4491 1357 4547 additione
1398 4502 1676 4560 suscepta,
1708 4496 1851 4564 quod
1897 4497 2123 4564 impium
2171 4508 2275 4553 est.

707 4584 862 4651 Quod
891 4586 934 4640 si
958 4586 1173 4655 proprie
1200 4602 1265 4641 ac
1296 4587 1645 4655 peculiariter
1675 4589 1834 4641 habet
1862 4589 2043 4660 imago
2072 4591 2273 4646 Christi

705 4687 767 4731 ut
818 4678 976 4731 latria
1004 4677 1227 4731 colenda
1263 4678 1367 4745 sit;
1408 4677 1515 4733 hoc
1558 4679 1722 4732 etiam
1757 4680 1918 4733 modo
1957 4681 2127 4735 latriae
2157 4684 2276 4739 dua:

704 4769 1078 4838 deprehensae,
1112 4770 1177 4823 ad
1214 4779 1477 4825 creaturae
1506 4772 1711 4826 cultum
1735 4787 1832 4826 nos
1864 4773 2152 4838 adducent,
2177 4789 2274 4845 pe-

705 4859 859 4914 rinde
904 4874 968 4914 ac
1016 4860 1241 4915 haeresis
1291 4860 1617 4915 Arianorum
1696 4861 1801 4915 Sed
1838 4877 2006 4932 apage
2052 4863 2277 4931 impium

705 4965 948 5004 sensum.
980 4950 1054 5004 'l‘e
1076 4966 1207 5005 vero
1228 4950 1406 5005 bonus
1436 4950 1577 5006 Deus
1605 4962 1791 5006 noster
1819 4961 1997 5007 servet
2029 4953 2273 5021 illazsam,

706 5052 757 5093 et
792 5042 911 5095 sine
952 5042 1275 5105 otl‘ensione,
1323 5053 1436 5098 tum
1473 5044 1528 5098 in
1576 5045 1878 5099 orthodoxa
1909 5045 2034 5108 lide,
2073 5055 2185 5099 tum
2221 5047 2275 5099 in

706 5136 937 5190 honesta
997 5138 1119 5191 vitae
1174 5139 1507 5204 conditione,
1563 5155 1726 5210 quam
1776 5156 1870 5213 per
1907 5140 2273 5211 virginitatem

706 5228 941 5299 elegisti,
970 5241 1027 5283 ut
1058 5230 1271 5300 placeas
1304 5231 1548 5285 Domino.

2386 3578 2618 3647 ἄγγελον
2644 3580 2702 3630 ἐν
2731 3576 2899 3629 εἰκόνι
2924 3594 2936 3607 ·
2979 3596 2997 3628 s
3028 3578 3122 3629 καὶ
3153 3580 3181 3630 ὸ
3208 3577 3470 3645 Θεολόγος
3508 3578 3808 3650 Γρηγόριος
3841 3582 3951 3636 πά.

2386 3668 2469 3723 λιν
2501 3684 2513 3697 ·
2552 3686 2571 3718 ι
2606 3667 2685 3737 Τῇ
2711 3667 2756 3720 δ’
2779 3662 2849 3737 ἦν
2879 3667 3245 3737 ὑπερκύπτων
3300 3668 3561 3739 Πολέμων
3611 3671 3671 3725 ἑν
3698 3672 3885 3727 εικόνι.
3924 3690 3945 3722 s

2387 3760 2596 3813 Οὐκοῦν
2625 3762 2719 3815 καὶ
2758 3762 2787 3814 ὁ
2826 3760 3062 3831 Χριστὸς
3111 3763 3169 3815 ὲν
3191 3764 3256 3832 τῇ
3280 3762 3463 3833 ἐκείνη
3495 3762 3596 3835 [αι.
3629 3764 3832 3838 οἰκείᾳ]
3870 3767 3950 3819 si-

2386 3850 2626 3904 κόνιικαὶ
2650 3850 2931 3922 ὁρώμενος
2962 3853 3078 3905 ἐστι
3130 3854 3225 3906 καὶ
3277 3856 3771 3925 προσκυνούμενος.
3812 3857 3951 3910 Ἀλλ’

2385 3943 2432 3994 εἰ
2457 3942 2550 3995 καὶ
2580 3944 2998 4011 ὀμοιωματικως
3022 3985 3037 4008 ,
3070 3946 3241 4015 ὅμως,
3263 3946 3344 4000 ὅτι
3366 3946 3528 4010 αὐτὸς
3566 3951 3952 4017 προσκυνεῖται

2385 4034 2481 4087 καὶ
2532 4034 2695 4098 αὐτὸς
2745 4035 3089 4105 λατρεῦεται,
3130 4038 3191 4089 οῦ
3246 4038 3352 4110 μὴν
3384 4039 3418 4109 ἠ
3448 4037 3613 4091 εἰκὼν
3646 4040 3814 4094 αὑτοῦ
3857 4041 3949 4095 λα·

2384 4127 2581 4197 τρευτή
2635 4127 2795 4180 ’ἐπεὶ
2822 4127 2975 4181 οὐδὲν
3003 4129 3261 4199 διάφορον
3305 4131 3509 4194 εἰκόνος
3547 4132 3645 4185 καὶ
3675 4134 3951 4202 πρωτοτύ-

2386 4234 2511 4269 που.
2542 4217 2800 4285 Καίτοιγε
2825 4217 2999 4272 ταῦτα
3027 4220 3139 4285 δύο,
3164 4225 3229 4291 τῇ
3250 4221 3598 4293 διαφορότητι
3621 4223 3723 4294 τῆς
3743 4225 3946 4288 οὐσίας.

2385 4310 2445 4362 οὐ
2474 4312 2538 4384 τῇ
2565 4310 2844 4381 ὁμοιότητι
2890 4315 2988 4382 τῆς
3042 4313 3411 4378 ὑποστάσεως.
3450 4315 3701 4376 Ἔπειτα.
3751 4319 3847 4370 καὶ
3900 4320 3948 4373 ει

2386 4402 2555 4471 Τριὰς
2598 4402 2731 4471 μόνη
2766 4402 2883 4455 ἐστὶ
2928 4404 3317 4474 λατρευομένη,
3357 4406 3471 4469 πῶς
3512 4406 3713 4461 δύναιτ’
3745 4409 3812 4461 ἂν
3856 4409 3949 4462 καὶ

2386 4496 2418 4560 ἡ
2451 4491 2612 4545 εἰκὼν
2668 4493 3060 4564 λατρεύεσθαι;
3114 4494 3469 4565 εὑρεθήσεται
3522 4498 3632 4568 γὰρ
3667 4500 3867 4570 τετρὰς
3910 4501 3943 4573 ἡ

2384 4585 2574 4651 Τριάς.
2608 4584 2927 4654 προσθήκην
2984 4585 3252 4656 δεξαμένη
3280 4602 3295 4617 ο
3333 4587 3471 4659 ὅπερ
3523 4589 3674 4642 ἐστὶν
3728 4590 3943 4655 ἀσεθις.

2384 4675 2446 4728 Εἰ
2470 4676 2525 4729 δὲ
2557 4677 2650 4729 καὶ
2680 4676 2958 4740 ἰδιαζόντω
3016 4677 3130 4748 ἔχει
3152 4678 3212 4730 τὸ
3236 4678 3532 4749 λατρευτδν
3557 4683 3589 4751 ὴ
3624 4680 3788 4735 εἰκὼν
3814 4684 3945 4754 Χρι-

2385 4765 2509 4820 στοῦ
2534 4783 2548 4797 ’
2577 4767 2671 4819 καὶ
2716 4765 2860 4821 οὕτω
2888 4768 2983 4821 δύο
3008 4768 3250 4839 λατρεῖαι
3293 4772 3679 4842 εὐρισκόμεναι
3729 4776 3811 4837 εις
3841 4792 3945 4828 κτι-

2385 4856 2787 4927 σματολατρίαν
2814 4860 2960 4927 ἡμᾶς
2979 4860 3257 4927 ἀγάγοιεν,
3278 4862 3470 4931 ἐπίσης
3494 4862 3593 4933 τῆς
3610 4862 3720 4916 τῶν
3733 4864 3941 4936 ’Δρεια-

2381 4946 2484 4999 νῶν
2517 4948 2799 5019 αἱρέσεως.
2847 4950 2985 5002 Ἀλλ’
3004 4951 3184 5019 ἄπαγε
3204 4951 3299 5004 τοῦ
3324 4953 3554 5017 ἀσεϐοῦς
3575 4957 3937 5026 φρονήματος.

2382 5040 2446 5091 Σὲ
2478 5041 2534 5092 δὲ
2570 5042 2599 5092 ὁ
2628 5039 2833 5109 ἀγαθὸς
2865 5042 2997 5107 Θεὸς
3040 5042 3193 5114 ἡμῶν
3217 5045 3633 5115 περιφυλάξειεν
3661 5047 3823 5116 ἀσινῆ
3849 5048 3939 5107 καὶ

2379 5133 2728 5201 ἀπρόσκοπον
2755 5137 2820 5205 τῇ
2848 5153 2906 5187 τε
2956 5136 3221 5207 ὀρθοδόξῳ
3267 5137 3471 5203 πίστει,
3506 5139 3599 5191 καὶ
3650 5142 3715 5211 τῇ
3748 5156 3935 5210 σεμνο-

2382 5227 2583 5293 πρεπεῖ
2613 5224 2876 5297 πολιτεία,
2906 5226 2971 5296 ἢν
3021 5228 3110 5280 διὰ
3156 5227 3452 5299 παρθενίας
3496 5231 3769 5303 προείλου,
3806 5230 3937 5302 πρὸς

2383 5318 2742 5389 εὐαρέστησιν
2772 5319 2998 5389 Κυρίου.

797 5482 840 5517 ⁸⁸
871 5481 1112 5539 Sermol
1153 5483 1221 5539 de
1241 5484 1474 5542 diversis
1500 5487 1791 5560 utriusque
1848 5488 2183 5547 Testamenti
2216 5488 2372 5545 locis.
2475 5491 2519 5521 υ
2556 5490 2726 5545 lamb.
2764 5490 2845 5546 l8.

2211 5664 2437 5723 ΝΟΤΔΞ.

764 5817 832 5890 (⁵)
865 5814 1201 5887 Uogtnatica.

2468 5821 2578 5893 (l3)
2622 5820 2676 5878 In
2721 5826 2844 5882 cod.
2877 5827 3006 5895 licg.
3042 5830 3142 5883 σις’.
