4184 6530
1373 467 1901 528 EPISTOLARUM
1943 466 2090 527 LIB.
2118 466 2200 527 II.

1813 590 1861 642 Δ.

3322 469 3457 533 1658

2165 575 2438 633 CCXVIII.
2465 606 2536 617 —
2567 577 2836 633 Demetrio
2864 579 3064 634 consuli
3089 581 3176 650 (‘).

219 727 601 780 Constantinum
627 728 760 778 Iren.
787 728 855 778 fil.
882 727 944 780 ob
964 730 1163 789 nuptias
1188 725 1492 778 adulterinas
1519 720 1977 834 meritoﬁHerodet:
1997 722 2208 771 alterum
2241 720 2354 780 dici,
2379 726 2595 772 attamen
2620 720 2776 784 ipsius
2797 724 3105 772 mentionem
3131 724 3180 771 in
3212 735 3267 771 re
3289 720 3454 771 divina

670 822 671 825 η
1727 797 1800 833 ert
1823 797 1938 845 poss
1977 819 1989 830 .

670 822 671 825 ‘
1690 798 1800 833 neri
1823 798 1989 833 00588.

301 899 515 970 Μικροῦ
542 899 635 953 καὶ
661 914 921 970 προτερον
948 899 1034 953 διὰ
1063 898 1156 952 τοῦ
1205 898 1531 968 γράμματος
1585 896 1781 950 ἀπελο-

223 994 538 1064 γησάμεθα,
566 995 640 1056 ῶς
672 993 837 1064 πολλὴ
891 994 983 1046 καὶ
1032 994 1169 1064 ὑπὲρ
1212 995 1310 1064 τὴν
1362 994 1518 1058 ἀξίαν
1568 993 1786 1062 ήμῶνή

223 1085 412 1146 πίστις
448 1102 560 1147 σου,
618 1083 882 1148 Δέσποτα,
913 1083 947 1152 ἦ
993 1099 1048 1135 τε
1092 1082 1223 1151 τιμὴ
1278 1084 1370 1135 καὶ
1411 1085 1443 1152 ὴ
1490 1083 1785 1150 ἀγάπησις.

238 1177 432 1246 Ἡμεῖς
461 1175 518 1228 δέ
546 1177 643 1245 οὑχ
691 1173 861 1238 οὕτως
918 1174 1084 1244 ἐσμὲν
1137 1173 1281 1228 καθὰ
1340 1173 1747 1243 ὑπολαμϐάνετε
1769 1189 1784 1204 ο

224 1267 342 1322 ἀλλ’
375 1266 690 1337 ἁμαρτωλοὶ
723 1266 802 1329 είς
829 1265 982 1318 οὐδὲν
1021 1264 1230 1333 ἐφελος,
1269 1263 1395 1318 οὑτε
1455 1266 1605 1332 ὑμῖν,
1664 1264 1789 1318 οὔτε

225 1357 338 1427 μὴν
377 1355 555 1419 ἄλλοις
590 1357 944 1426 ὑπάρχοντες.
978 1355 1075 1424 Είη
1105 1355 1162 1408 δὲ
1212 1355 1340 1423 ὑμῖν
1388 1356 1527 1407 κατὰ
1562 1355 1661 1424 τὴν
1694 1371 1790 1406 πε-

226 1447 482 1517 ποίθησιν
504 1451 531 1502 ὁ
565 1449 756 1517 μισθὸς
787 1449 878 1500 καὶ
906 1450 934 1501 ὁ
964 1448 1110 1511 ἐλεος
1137 1448 1289 1519 παρὰ
1324 1449 1555 1518 Κυρίου,
1603 1449 1699 1501 σὺν
1721 1451 1788 1519 τῇ

227 1541 396 1611 κυρίᾳ
423 1541 716 1611 ὑπατίσσῃ,
741 1540 836 1593 καὶ
870 1541 980 1602 τοῖς
1030 1539 1306 1608 εύγενέσιν
1346 1541 1498 1610 ὑμῶν
1537 1540 1787 1602 κλάδοις’

226 1627 304 1686 ὦν
333 1634 537 1696 καὶτὰς
564 1632 876 1703 προσφορὰς
897 1632 1178 1700 δεξάμενοι
1199 1633 1653 1703 προσηνέγκαμεν
1680 1633 1792 1686 Κυ-

230 1723 332 1795 ρίῳ
351 1726 420 1776 τὰ
449 1725 800 1794 χαριστήρια.
842 1723 980 1776 Ἀλλ’
1005 1724 1097 1775 ἐπὶ
1118 1723 1179 1776 τὸ
1210 1726 1534 1792 κατεπεῖγον
1558 1726 1586 1776 ὁ
1612 1724 1788 1792 λόγος.

239 1816 640 1886 Ἒλυπήθησαν,
666 1816 817 1886 φησὶ,
845 1817 984 1878 τινὲς
1008 1816 1093 1870 διὰ
1114 1817 1205 1869 τὸν
1236 1816 1487 1888 δεύτερον
1517 1816 1789 1888 Ἡρώδην,

225 1910 310 1963 ὅτι
334 1908 606 1981 όρθόδοξος
639 1904 706 1980 ἦν
734 1909 829 1961 καὶ
861 1911 893 1979 ὴ
935 1909 1228 1978 Ἐκκλησία
1251 1909 1577 1981 μνημονεύει
1603 1909 1790 1962 αὑτοῦ.

228 2000 455 2073 Πρῶτον
487 2003 585 2072 μὲν
623 2000 865 2071 Ἡρώδην
895 1999 1123 2072 σύνηθες
1153 2001 1331 2068 λέγειν
1360 2002 1486 2064 τοὺς
1524 1999 1793 2072 κρατοῦν-

223 2108 361 2154 ταςτ
401 2091 544 2165 καθά
571 2093 778 2162 φησινὸ
812 2091 1070 2160 Θεολόγος
1093 2106 1107 2120 ⁶
1146 2109 1164 2143 ι
1212 2092 1337 2144 Ἐὰν
1375 2092 1587 2165 Ἡρώδῃ
1616 2109 1794 2162 παρα-

229 2187 383 2255 στῇς,
411 2162 704 2254 σιῶπησον.
736 2205 755 2237 ι
785 2185 1014 2238 Ἔπειτα
1059 2185 1430 2238 σκοπείτωσαν
1479 2187 1527 2238 oi
1558 2185 1792 2254 ἐπισκή-

227 2292 476 2338 πτοντες.
518 2277 566 2328 εἰ
628 2275 701 2346 μὴ
744 2275 967 2338 εἰκότως
1013 2276 1047 2346 ἡ
1077 2275 1429 2348 ἀφομοίωσις.
1476 2275 1534 2328 '0
1576 2274 1793 2345 πρῶτος

244 2366 490 2438 Ἡρώδης
517 2367 749 2433 γυναῖκα
772 2364 909 2435 ἔχων
933 2366 1031 2438 τὴν
1050 2364 1252 2434 Θυγατέ
1264 2381 1328 2436 ρα
1361 2363 1554 2435 Ἀρέτα
1573 2363 1667 2417 τοῦ
1695 2363 1794 2434 βα-

233 2457 446 2522 σιλέως,
478 2459 572 2510 καὶ
624 2456 828 2527 ταύτην
880 2455 1145 2520 ἐκϐαλὼν,
1186 2457 1374 2528 εἴληφε
1423 2457 1521 2528 τὴν
1557 2458 1794 2526 γυναῖκα

228 2549 496 2602 Φιλίππου
522 2546 618 2600 τοῦ
657 2545 888 2616 ἀδελφοῦ
917 2546 1082 2604 αὑτοῦ
1136 2549 1216 2611 είς
1253 2548 1506 2619 δεύτερον
1551 2549 1795 2602 συνοικέ-

233 2656 383 2692 σιον·
418 2640 514 2692 καὶ
546 2639 730 2708 ἐπειδὴ
771 2637 921 2708 παρὰ
988 2638 1078 2690 τὸν
1117 2638 1279 2708 νόμον
1308 2640 1486 2702 τοῦτο,
1511 2640 1792 2711 ἐλέγχεται

233 2729 341 2782 ὑπὸ
369 2728 461 2782 τοῦ
490 2728 800 2799 Προδρόμου
823 2743 838 2759 ⁶
868 2731 959 2782 καὶ
985 2728 1060 2797 μὴ
1087 2729 1264 2798 φέρων
1285 2731 1373 2783 τὸν
1391 2730 1632 2802 ἔλεγχον,
1655 2731 1795 2784 κτεί-

233 2839 314 2875 νει
342 2821 433 2874 τόν
457 2821 759 2892 προφήτην.
794 2815 926 2874 Εἶτα
972 2819 1107 2889 μετὰ
1156 2821 1350 2889 μικρὸν
1388 2822 1489 2874 ὑπὸ
1517 2821 1610 2875 τοῦ
1664 2821 1794 2874 ίδίου

230 2913 361 2966 λαοῦ
391 2910 772 2974 ἀνασοόευθεὶς
801 2909 1082 2978 φονεύεται
1110 2927 1124 2940 ο
1157 2910 1249 2962 τοῦ
1274 2911 1637 2978 δικαιοκρίτου
1661 2911 1794 2964 Θεοῦ

231 3005 391 3070 ἀξίαν
425 3002 795 3073 ἐπαγαγόντος
829 3003 985 3072 δίκην
1028 3001 1105 3071 τῷ
1138 2987 1392 3072 ξρονευτῇ,
1416 3003 1536 3056 ἀντὶ
1567 3003 1795 3056 θανάτου

233 3096 382 3150 ὁσίου
417 3093 642 3148 Θάνατον
675 3094 963 3148 οἴκτιστον.
999 3091 1281 3163 Ἐλθωμεν
1318 3092 1532 3146 ἐπὶυτὸν
1571 3094 1701 3165 περὶ
1734 3087 1796 3147 οὑ

233 3189 263 3241 ὁ
283 3186 459 3256 λόγος.

305 3281 546 3334 Γυναῖκα
578 3277 776 3340 καὺτδς
807 3277 944 3347 ἔχων
971 3275 1190 3346 Μαρίαν
1233 3276 1333 3347 τὴν
1378 3277 1624 3347 νομίμως
1668 3295 1798 3330 συν-

236 3372 500 3441 αφθεῖσαν
533 3369 681 3440 αὑτῷ
709 3371 773 3422 ἐκ
817 3369 1087 3439 νεότητος,
1127 3367 1372 3421 ἐκϐαλὼν
1424 3369 1646 3439 ταύτην,
1682 3386 1800 3440 μοιο

237 3463 427 3535 χικῶς,
467 3460 607 3514 κατά
636 3460 726 3512 τὸν
753 3460 906 3527 λόγον
942 3457 1032 3511 τοῦ
1059 3459 1287 3528 Κυρίου,
1334 3459 1521 3528 εἴληφε
1568 3463 1799 3528 γυναῖκα

236 3551 498 3621 Θεοδότην
551 3549 998 3619 κουὸικουλαρίαν
1027 3552 1106 3611 εἱς
1147 3549 1398 3619 δεύτερον
1430 3551 1761 3604 συνοικέσιον
1781 3567 1795 3583 ·

239 3645 332 3697 καὶ
353 3641 547 3712 ,ἐπειδὴ
584 3641 732 3711 παρὰ
763 3640 830 3692 τὰ
852 3640 1153 3708 Εὑαγγέλια
1185 3640 1358 3705 τοῦτο,
1392 3641 1668 3712 ἐλέγχεται
1698 3641 1800 3697 ὑπὸ

241 3736 528 3798 Πλάτωνος
563 3733 705 3786 κατὰ
732 3732 1022 3802 πρόσωπον
1047 3744 1062 3759 °
1102 3732 1196 3784 καὶ
1225 3731 1298 3802 μὴ
1328 3733 1507 3802 φέρων
1530 3735 1622 3786 τὸν
1645 3733 1801 3801 ἐλεγ-

241 3845 354 3898 χον,
387 3826 556 3879 κλείει
583 3825 675 3878 τὸν
703 3824 847 3877 ὅσιον
872 3822 947 3886 ῶς
977 3821 1318 3891 τεθαμμένον
1341 3839 1355 3853 ο
1389 3818 1509 3876 εἶτα
1540 3825 1676 3893 μετὰ
1712 3841 1802 3894 μι-

240 3919 373 3991 κρὸν
406 3917 511 3970 ὑπὸ
536 3916 631 3970 τοῦ
670 3917 908 3987 ὑπηκόου
950 3915 1329 3978 ἀνασοὸευθεὶς
1367 3915 1680 3984 τυφλοῦται,
1705 3915 1800 3969 τοῦ

240 4009 568 4065 δικαιώότου
627 4008 760 4060 Θεοῦ
818 4008 1195 4077 προσήκουσαν
1231 4008 1601 4075 ἐπαγαγόντος
1648 4009 1802 4081 δίκην

242 4101 319 4172 τῷ
349 4101 673 4172 φρουριστῇ,
706 4102 824 4151 ἀντὶ
859 4098 1106 4168 φυλακῆς
1133 4097 1285 4160 ὁσίας
1313 4101 1562 4169 πήρωσιν
1603 4099 1804 4169 ὀφθαλ-

244 4193 383 4270 μῶν.
425 4189 804 4244 Ἑνωτισάσθω
832 4185 926 4242 οὖν
963 4189 1070 4250 πᾶς
1102 4185 1241 4258 ἔχων
1262 4187 1408 4254 νοῦν,
1453 4187 1528 4249 ὡς
1581 4188 1686 4259 ἄρα,
1729 4189 1804 4242 δι-

243 4287 415 4347 καίως
445 4281 694 4352 δεύτερος
726 4280 972 4351 Ἡρώδης
1017 4281 1442 4346 Κωνσταντίνος,
1476 4280 1563 4335 ἐπ’
1595 4280 1661 4334 ἂν
1704 4281 1803 4334 οὑκ

242 4376 370 4431 ἄλλο
397 4376 581 4427 ἔκτοτε
616 4373 775 4443 μέχρι
803 4371 895 4424 τοῦ
924 4371 1080 4442 δεῦρο
1109 4372 1360 4442 πέπραχε
1388 4371 1650 4438 τοιοῦτον,
1687 4373 1804 4426 ὀνο-

246 4467 512 4544 μάζοιτο’
556 4466 718 4528 αὑτὸς
769 4464 946 4535 ἐαυτῷ
1010 4465 1344 4536 προξενήσας
1391 4465 1708 4535 πρακτικῶς
1744 4465 1806 4519 τὸ

243 4561 436 4629 ὄνομα.
472 4559 580 4612 Καὶ
608 4559 736 4629 περὶ
763 4557 953 4609 τούτου
989 4558 1289 4627 πράγματα
1323 4557 1395 4627 μὴ
1417 4559 1805 4628 παρεχέτωσαν

248 4653 398 4722 ἡμῖν.
427 4651 500 4704 οὑ
531 4649 752 4703 δύναται
783 4648 1015 4718 Χριστὸς
1038 4651 1071 4718 ἡ
1107 4649 1332 4720 ἀλήθεια
1348 4648 1651 4719 ψεύσασθαι
1679 4665 1693 4680 ο
1724 4649 1806 4701 ὅτι

250 4736 436 4816 μοιχός
463 4745 632 4805 ἐστιν,
664 4740 783 4793 οὑδὲ
807 4742 835 4792 ὁ
867 4738 1229 4804 ἁντιπίπτων,
1263 4740 1343 4793 ὅτι
1374 4741 1446 4810 μὴ
1469 4741 1588 4810 οὐχὶ
1613 4739 1807 4811 Θεομα-

1957 892 2021 946 Ει
2062 894 2221 964 paulo
2260 904 2428 949 antea
2476 911 2571 964 per
2611 896 2818 951 litteras
2865 898 3412 952 commemm-avimus
3437 939 3453 962 ,

1885 997 2088 1056 quanta
2128 997 2273 1041 esset
2319 998 2371 1042 et
2409 1005 2570 1057 quam
2611 1005 2773 1058 supra
2805 990 3058 1044 meritum
3110 1002 3354 1045 nostrum
3393 991 3458 1045 tl-

1887 1079 2045 1132 ducia
2096 1089 2208 1143 tua,
2262 1079 2509 1143 Domine,
2561 1081 2906 1135 observantia
2931 1081 3080 1138 item.
3118 1098 3181 1134 ac
3208 1082 3453 1136 dilectio.

1887 1168 1996 1225 Nos
2029 1185 2158 1224 vero
2193 1186 2298 1225 non
2334 1171 2366 1224 ii
2397 1187 2589 1226 sumus
2624 1187 2763 1241 quos
2791 1187 2912 1227 esse
2947 1174 3318 1237 arbitramini,
3361 1173 3456 1228 sed

1888 1271 2224 1330 peccatores.
2283 1276 2516 1330 quorum
2574 1261 2752 1316 inanis
2824 1271 2939 1314 tum
2992 1262 3149 1315 vobis
3188 1271 3301 1314 tum
3335 1262 3457 1316 aliis

1889 1368 2050 1422 opera
2078 1363 2179 1407 est.
2205 1352 2288 1407 Sit
2317 1363 2496 1407 autem
2518 1352 2671 1407 vobis
2694 1351 2995 1406 secundum
3030 1351 3187 1406 ﬁdem
3219 1361 3455 1406 vestram

1890 1461 2098 1500 merces
2153 1454 2207 1499 et
2256 1445 2631 1499 misericordia
2688 1461 2720 1500 a
2768 1446 3020 1508 Domino,
3075 1460 3198 1499 cum
3236 1445 3455 1499 domina

1889 1538 2217 1600 consulissa,
2247 1537 2525 1607 nobilique
2564 1539 2748 1593 sobole
2786 1549 2965 1593 vestra
2995 1557 3007 1594 :
3039 1554 3272 1608 quorum
3305 1539 3458 1592 obla—

1893 1631 2132 1685 tionibus
2166 1631 2401 1700 acceptis
2442 1630 2741 1686 obtulimus
2783 1631 3014 1686 Domino
3058 1647 3305 1686 munera.
3344 1631 3450 1685 Sed

1892 1720 1958 1775 ad
1995 1723 2264 1791 negotium
2309 1737 2505 1790 urgens
2531 1736 2594 1775 ac
2623 1724 2990 1778 necessarium
3022 1725 3197 1778 oratio
3225 1739 3458 1777 conver-

1895 1821 2058 1867 tatur.
2091 1812 2253 1884 JEgre
2281 1812 2382 1867 fuit
2419 1814 2712 1880 nonnullis,
2747 1814 2941 1883 inquit,
2988 1815 3058 1868 ob
3087 1813 3348 1868 Herodem
3384 1815 3463 1868 al-

1895 1915 2095 1968 terum,
2141 1907 2285 1975 quod
2314 1907 2649 1961 orthodoxus
2686 1907 2867 1974 fuerit,
2906 1917 2959 1962 et
2988 1906 3229 1962 Ecclesia
3279 1907 3460 1976 ipsum

1894 2006 2300 2051 commemoret.
2330 1996 2572 2050 Primum
2604 1996 2844 2066 quidem,
2874 1997 3096 2053 solenne
3119 2007 3205 2051 est
3229 1996 3460 2052 Herodis

1896 2087 2251 2156 appellatione
2296 2088 2568 2157 principes
2617 2088 2877 2143 indicare.
2920 2087 3000 2142 Ad
3043 2104 3205 2157 quem
3242 2087 3459 2142 modum

1818 2162 1865 2221 B
1895 2178 2202 2250 Theologus
2231 2180 2348 2234 ait:
2385 2199 2403 2232 ι
2442 2180 2498 2233 Si
2547 2194 2732 2233 coram
2765 2181 2974 2234 Herode
3009 2182 3246 2246 steteris,
3279 2180 3400 2234 sile.
3435 2200 3455 2231 ι

1894 2268 2238 2339 Pcrpendant
2265 2268 2459 2323 deinde
2495 2269 2586 2338 qui
2617 2279 2896 2331 accusant,
2926 2285 3105 2324 annon
3133 2270 3464 2325 conveniens

1895 2362 2231 2432 comparatio
2284 2361 2373 2417 sit.
2417 2361 2632 2415 Primus
2677 2360 2917 2416 Herodes
2982 2378 3204 2415 uxorem
3256 2361 3464 2416 habens

1893 2455 2058 2510 tiliam
2089 2454 2266 2509 Arette
2303 2453 2465 2524 regis,
2500 2469 2562 2507 ea
2599 2454 2846 2516 dimissa,
2887 2455 3172 2524 conjugem
3226 2453 3458 2523 Philippi

1894 2542 2078 2596 fratris
2104 2542 2185 2595 sui
2218 2545 2422 2611 accepit
2453 2543 2505 2595 in
2537 2543 2765 2596 alterum
2817 2545 3149 2597 connubium
3183 2561 3195 2597 :
3242 2553 3298 2598 et
3325 2559 3466 2613 quo-

1897 2635 2041 2688 niam
2079 2635 2129 2688 id
2162 2644 2354 2704 praeter
2401 2636 2594 2704 legem.
2637 2636 2880 2706 arguitur
2907 2652 2937 2690 a
2972 2636 3357 2702 Prascursore;
3401 2653 3466 2692 ac

1896 2727 2368 2794 reprehensionem
2424 2742 2532 2781 non
2577 2725 2779 2793 ferens,
2844 2728 3164 2796 prophetam
3215 2728 3463 2783 occidit:

1895 2818 2087 2874 deinde
2125 2818 2265 2872 haud
2310 2819 2482 2872 multo
2523 2827 2645 2888 post
2680 2834 2709 2872 a
2739 2820 2959 2889 proprio
3009 2821 3206 2888 populo
3256 2820 3466 2890 ejectus

1896 2910 2199 2964 occiditur:
2252 2910 2402 2980 justo
2445 2910 2557 2965 Deo
2603 2912 2818 2965 vindice
2861 2912 3100 2966 debitam
3137 2913 3467 2983 rependente

1898 3001 2179 3055 homicida:
2217 3003 2501 3067 ultionem,
2548 3018 2647 3072 pro
2693 3003 2792 3057 viri
2825 3005 2996 3058 sancti
3033 3019 3161 3058 nece
3185 3005 3469 3059 miserabi-

1897 3093 2001 3147 lem
2041 3095 2337 3149 interitum.
2376 3096 2454 3150 Ad
2486 3113 2610 3151 eum
2669 3115 2831 3168 porro
2879 3100 3182 3166 veniamus,
3241 3099 3307 3155 de
3356 3116 3465 3170 quo

1899 3199 2081 3239 sermo
2106 3195 2185 3238 est
2228 3187 2531 3242 institutus.

1973 3276 2206 3333 Uxorem
2261 3288 2314 3335 et
2360 3282 2445 3337 hic
2503 3297 2626 3337 cum
2689 3283 2909 3338 haberet
2969 3284 3192 3338 Mariam
3233 3285 3469 3356 legitime

1900 3367 2002 3423 sibi
2050 3369 2118 3422 ab
2168 3370 2530 3426 adolescentia
2581 3375 2939 3442 capulatam;
2989 3374 3088 3429 hac
3133 3377 3326 3442 ejecta,
3373 3392 3469 3446 per

1902 3460 2248 3526 adulterium,
2296 3463 2451 3532 juxta
2489 3465 2712 3518 verbum
2771 3465 3004 3531 Domini,
3046 3467 3250 3535 accepit
3278 3469 3470 3538 conju-

1906 3570 2024 3625 gem
2077 3553 2395 3610 Theodoten
2439 3557 2827 3610 cubiculariam
2881 3559 3120 3612 secundo
3152 3559 3465 3616 connubio:

1905 3649 2237 3717 etquoniam
2271 3650 2323 3702 id
2377 3659 2568 3703 contra
2617 3649 2967 3720 Evangelium
3015 3661 3119 3718 est,
3164 3667 3194 3706 a
3240 3652 3468 3709 Platone

1906 3755 2088 3795 coram
2116 3742 2558 3809 reprehenditur;
2592 3758 2823 3812 cumque
2854 3759 2958 3797 non
2988 3743 3149 3800 ferret
3177 3750 3470 3816 reprehen-

1908 3833 2139 3896 sionem,
2172 3834 2347 3888 virum
2381 3845 2653 3901 sanctum,
2678 3845 2935 3904 tanquam
2969 3838 3259 3907 sepultum,
3287 3838 3465 3895 inclu-

1907 3923 1986 3976 dit
2011 3941 2022 3975 :
2059 3923 2250 3978 deinde
2276 3927 2435 3994 paulo
2465 3935 2589 3995 post
2615 3942 2643 3978 a
2666 3928 2884 3982 subdito
2914 3929 3105 3997 pulsus
3131 3943 3464 3988 excaecatur:

1905 4015 2054 4084 justo
2072 4017 2255 4086 judice
2288 4020 2394 4074 Deo
2425 4035 2695 4088 congruas
2723 4032 2969 4075 sumente
3013 4037 3200 4091 poenas
3224 4039 3252 4076 a
3284 4039 3469 4078 carce-

1911 4109 2076 4172 rario,
2103 4123 2202 4177 pro
2253 4110 2356 4163 viri
2393 4111 2569 4163 sancti
2622 4125 2839 4166 carcere
2883 4113 3172 4168 orbitatem
3224 4115 3468 4170 luminis.

1909 4199 2108 4252 Audiat
2134 4199 2315 4269 itaque
2342 4201 2591 4270 quisquis
2617 4212 2698 4257 est
2724 4205 2919 4258 mentis
2949 4220 3062 4259 sua:
3090 4219 3335 4274 compos,
3367 4221 3470 4260 an-

1911 4305 2014 4344 non
2057 4300 2313 4360 tanquam
2367 4292 2503 4346 alter
2567 4291 2809 4348 Herodes
2870 4295 3285 4362 Constantinus,
3345 4314 3468 4354 cum

1910 4383 2044 4436 nihil
2092 4384 2235 4437 aliud
2261 4400 2324 4438 ex
2356 4400 2420 4438 eo
2451 4393 2688 4451 tempore
2724 4402 2900 4456 usque
2924 4389 2975 4441 in
3013 4389 3157 4442 hunc
3179 4389 3322 4444 diem
3343 4406 3468 4460 ege-

1910 4474 1998 4536 rit,
2044 4475 2236 4528 merito
2269 4475 2348 4529 sic
2396 4475 2724 4540 nominetur,
2774 4477 2914 4532 hanc
2967 4479 3079 4547 ipse
3121 4479 3221 4534 sibi
3280 4495 3471 4550 reapse

1910 4567 2320 4635 appellationem
2352 4567 2636 4635 adoptans.
2677 4568 2754 4622 Ac
2778 4569 2844 4622 de
2878 4585 2938 4624 re
2967 4571 3070 4624 ista
3119 4587 3186 4625 ne
3213 4573 3368 4626 nobis
3395 4573 3472 4627 illi

1914 4658 2186 4713 lacessant
2237 4658 2532 4727 negotium.
2588 4660 2703 4713 Non
2737 4669 2913 4729 potest
2943 4660 3212 4728 Christus,
3250 4664 3342 4729 qui
3375 4679 3471 4716 ve-

1913 4751 2048 4805 ritas
2089 4761 2192 4814 est,
2227 4751 2443 4804 mentiri
2474 4769 2487 4804 :
2533 4751 2786 4819 quoniam
2831 4752 3075 4807 moechus
3104 4761 3188 4806 est
3224 4753 3314 4820 qui
3362 4768 3470 4806 non

247 4837 355 4906 χεῖ.
379 4834 487 4888 Καὶ
507 4832 568 4886 οὑ
591 4832 740 4902 λήξοι
774 4830 1141 4900 λαλούμενονὸ
1161 4831 1412 4900 ἐποίησεν
1438 4834 1465 4883 ὁ
1490 4832 1794 4905 μοιχεύσας,

1913 4840 2128 4893 obsistit
2158 4858 2171 4893 :
2204 4841 2500 4908 quinetiam
2538 4839 2631 4894 Dei
2669 4841 2838 4895 hostis
2874 4851 2971 4894 est.
3015 4841 3121 4896 Nec
3153 4842 3257 4896 ulla
3293 4843 3474 4897 silebit

248 4927 355 4990 ito;
392 4924 703 4988 συντελείας
751 4924 843 4978 τοῦ
894 4924 1108 4987 αἰῶνος.
1152 4924 1290 4976 Ἀλλ’
1316 4925 1502 4994 ἐπειδὴ
1528 4925 1576 4976 oi.
1607 4925 1806 4977 λυπού-

253 5033 406 5088 μενοι
456 5017 880 5086 συναπήχθησαν
922 5019 989 5087 τῇ
1047 5015 1290 5086 μοιχείᾳ,
1321 5015 1577 5072 ἀνιῶνται
1625 5018 1810 5080 κακῶς

245 5110 314 5178 τῇ
355 5107 657 5178 ὑπομνήσει
684 5125 698 5139 °
728 5108 843 5161 δέον
865 5108 1062 5171 αὐτοὺς
1089 5107 1367 5177 ὁμολογεῖν
1394 5109 1453 5162 τὸ
1470 5109 1686 5180 ἀληθὲς,
1717 5111 1810 5164 καὶ

249 5199 612 5268 προσπίπτειν
646 5199 738 5252 καὶ
765 5199 1112 5270 προσκλαίειν
1143 5198 1219 5268 τῷ
1256 5199 1375 5271 Θεῷ
1415 5200 1554 5271 ὑπὲρ
1583 5202 1680 5269 τῆς
1706 5203 1808 5254 ἁπ-

250 5289 474 5360 αγωγῆς
509 5291 592 5359 ἐφ’
623 5284 655 5362 ᾗ
685 5290 779 5343 καὶ
803 5288 1029 5344 δώσουσι
1079 5291 1232 5358 λόγον
1265 5292 1322 5342 ἐν
1368 5291 1547 5362 ἡμέρᾳ
1577 5294 1810 5362 κρίσεως

255 5383 332 5455 μὴ
359 5382 764 5452 μετανοοῦντες.
784 5384 842 5435 Oi
875 5382 932 5436 δέ
962 5383 1094 5452 πρὸς
1120 5384 1178 5436 τὸ
1205 5382 1525 5453 παροξύνειν
1543 5384 1633 5435 τὸν
1651 5384 1802 5447 Θεὸν,

253 5473 333 5534 ιτι
365 5473 636 5544 ἁμαρτίας
687 5474 772 5543 ἐφ’
803 5473 1046 5546 ἁμαρτίᾳ
1093 5474 1428 5527 ἐπισπῶνται
1457 5490 1469 5503 ·
1503 5473 1534 5543 ἢ
1583 5473 1803 5546 λέληθεν

1910 4939 2040 4985 mtas
2069 4931 2121 4984 id
2151 4932 2293 5001 quod
2318 4933 2564 4987 maschus
2589 4933 2716 5002 egit,
2751 4949 2920 5001 usque
2944 4934 3009 4987 ad
3041 4936 3470 4988 consummatio-

1913 5038 2032 5075 nem
2101 5023 2303 5077 smculi.
2375 5023 2479 5078 Sed
2531 5025 2788 5092 quoniam
2831 5025 2866 5078 ii
2907 5027 2996 5094 qui
3042 5039 3468 5094 conqueruntur,

1912 5115 2158 5169 Inachiae
2180 5116 2638 5180 obsecundarunt;
2660 5116 2821 5185 hujus
2834 5117 2909 5170 rei
2930 5117 3255 5170 mentionem
3278 5119 3473 5170 acerbe

1913 5205 2112 5260 ferunt.
2145 5205 2346 5260 Debent
2380 5207 2414 5260 ii
2441 5223 2627 5262 verum
2663 5207 2932 5270 conﬁteri,
2965 5217 3305 5277 prosternere
3329 5224 3387 5262 se
3418 5217 3473 5263 et

1915 5310 2096 5350 coram
2135 5296 2243 5350 Deo
2302 5295 2485 5366 lugere
2515 5297 2584 5351 ob
2623 5307 2938 5353 sanctorum
2988 5299 3375 5366 captivitatem,
3405 5297 3474 5353 de

1912 5400 2016 5453 qua
2045 5395 2100 5439 et
2125 5384 2384 5439 reddituri
2413 5397 2538 5441 sunt
2594 5389 2857 5442 rationem
2913 5390 2966 5442 in
3010 5389 3326 5458 diejudicii,
3354 5389 3462 5445 nisi

1911 5478 2057 5546 ipsos
2078 5476 2354 5546 poeniteat.
2388 5477 2446 5533 Si
2486 5494 2610 5535 vero
2634 5481 2699 5536 ad
2729 5481 3050 5536 irritandum
3082 5480 3248 5536 Deum
3279 5495 3469 5550 pecca-

1695 5713 1920 5773 NOTAE.

318 5852 432 5919 μό)
472 5852 527 5907 in
561 5851 681 5907 cod.
714 5848 843 5916 Reg.
889 5847 987 5922 p62

1985 5852 2044 5922 (‘)
2077 5851 2403 5922 Dogmatica.
