4184 6488
724 396 857 461 1659

1906 405 1968 469 8.
2005 403 2395 467 TIIEODORI
2425 401 2767 465 STUDI’I‘E

3832 386 3977 456 1660

722 516 772 560 ta
811 517 1031 577 peccato
1057 509 1315 580 adjiciam
1339 529 1353 577 ;
1380 527 1447 567 an
1485 512 1619 568 latet
1654 513 1823 585 ipsios
1862 527 2065 587 quanta
2103 535 2287 589 perse-

2393 518 2587 581 αὐτοὺς
2606 509 2717 579 οἷος
2741 509 2981 581 διωγμὸς
3006 506 3257 563 ἐντεῦθεν
3280 503 3494 575 ἀνήφθη
3526 500 3842 572 πανταχοῦ·
3868 504 3975 556 καὶ

718 599 865 653 cutio
917 600 1040 655 hinc
1092 601 1295 670 ubique
1351 604 1785 674 conﬂagraverit,
1836 617 1891 663 et
1938 625 2103 678 quam
2131 612 2287 665 multi

722 688 976 743 moechati
1007 690 1115 744 sint
1149 702 1365 761 propter
1404 695 1617 763 insigne
1668 698 1769 753 hoc
1794 701 2147 770 exemplum?
2184 702 2288 756 Sed

722 780 826 834 alia
859 782 1010 835 mitto
1039 781 1237 846 dicere,
1270 787 1660 841 nonnullorum
1694 791 1977 845 hominum
2034 808 2287 847 reveren-

724 872 815 925 tia.
848 869 1131 937 Desinant,
1157 876 1474 947 quicunque
1508 878 1587 931 illi
1639 891 1787 942 sunt,
1820 882 2062 937 dolorem
2093 900 2202 953 pra:
2232 900 2289 939 se

722 961 864 1017 ferre
892 965 983 1034 qui
1016 963 1124 1017 Deo
1163 981 1365 1022 exosus
1418 978 1520 1023 est.
1548 970 1683 1023 Deus
1708 972 1845 1025 enim
1885 988 2163 1040 personam
2196 974 2291 1029 Ito-

724 1053 878 1107 minis
906 1071 1008 1108 non
1040 1058 1232 1126 accipit
1254 1060 1320 1110 ’⁸.
1355 1059 1451 1124 Ac,
1485 1072 1681 1130 praster
1708 1062 1758 1116 id
1790 1064 1934 1133 quod
1958 1080 2023 1119 ex
2052 1064 2293 1137 Evange-

723 1144 796 1198 lio
838 1146 1165 1214 accepimus,
1226 1149 1271 1203 si
1324 1152 1448 1219 quis
1497 1152 2037 1225 aliudIevangelizet,
2113 1158 2197 1212 vel
2246 1157 2292 1213 si

723 1237 947 1305 angelus
981 1238 1070 1302 sit,
1106 1241 1433 1296 anathemati
1477 1245 1763 1313 subjicitur
1786 1286 1799 1308 ,
1835 1248 2292 1317 quemadmodum

726 1328 915 1384 beatus
959 1330 1251 1400 Apostolus
1299 1334 1577 1389 clamat".
1616 1334 1740 1392 Haec
1779 1354 1899 1393 cum
1948 1341 2293 1406 religiosissi-

727 1436 849 1475 mus
881 1425 1202 1491 prazpositus
1230 1428 1402 1495 probe
1436 1429 1621 1497 norit;
1649 1446 1716 1485 ne
1738 1442 2122 1501 conqueratur,
2150 1431 2295 1502 quod

728 1526 951 1569 sanctus
996 1514 1353 1587 Theophanes
1398 1522 1451 1575 in
1498 1522 1601 1577 hoc
1631 1524 1848 1594 negotio
1883 1526 2295 1580 accusationem

727 1620 835 1659 non
866 1606 1133 1678 eﬂ'ngerit.
1168 1610 1391 1666 Veritati
1448 1613 1593 1667 enim
1642 1615 1777 1669 nihil
1832 1616 2293 1684 anteponendum.

727 1695 838 1751 Nec
892 1697 1006 1766 ipse
1038 1710 1216 1769 negat.
1250 1717 1372 1756 cum
1409 1705 1559 1757 audit
1592 1723 1606 1758 :
1654 1706 1797 1760 sicut
1851 1722 2027 1778 neque
2068 1723 2297 1779 magnus

729 1790 1004 1856 apostolus
1062 1791 1250 1847 Petrus
1310 1796 1652 1864 negationem
1706 1812 1884 1862 Suam,
1930 1813 2027 1853 nec
2074 1809 2297 1855 sanctus

729 1877 897 1932 David
944 1881 1256 1946 mcechiam,
1286 1900 1385 1939 nec
1434 1901 1587 1941 sacer
1613 1899 1817 1960 martyr
1844 1890 2146 1960 Cyprianus
2182 1908 2299 1947 ma-

728 1970 890 2039 giam.
926 1969 1076 2036 Quod
1100 1983 1278 2028 autem
1309 1984 1569 2046 tanquam
1606 1979 1940 2035 orthodoxus
1975 1983 2027 2036 in
2062 1984 2298 2039 Ecclesia

729 2073 1210 2131 commemoratur;
1246 2081 1588 2136 nequaquam
1618 2069 1669 2123 id
1703 2070 1995 2141 Evangelia
2039 2076 2297 2131 adversa-

730 2162 819 2207 tur
851 2176 864 2207 ;
896 2156 1330 2227 quandoquidem
1374 2173 1833 2217 commemoratur
1872 2175 1925 2220 et
1958 2164 2297 2223 Valentinia-

730 2259 831 2297 nus
862 2262 875 2297 :
917 2253 972 2297 at
1006 2262 1111 2301 non
1158 2264 1223 2303 eo
1258 2250 1404 2319 quod
1437 2252 1573 2307 duas
1616 2253 1781 2309 simul
1820 2272 2018 2313 uxores
2049 2258 2301 2314 habuerit

729 2344 923 2401 prater
962 2336 1155 2407 legem,
1191 2339 1285 2393 sed
1321 2352 1539 2412 propter
1565 2354 1765 2400 rectam
1795 2346 1950 2401 iidem
1990 2366 2003 2401 :
2041 2346 2298 2405 etlovia-

732 2440 854 2487 nus,
919 2437 973 2481 at
1004 2444 1111 2482 non
1158 2432 1301 2500 quod
1352 2435 1722 2490 masculorum
1780 2451 2069 2507 corruptor
2114 2439 2298 2505 fuerit,

731 2520 1186 2589 quemadmodum
1221 2535 1483 2579 narrant:
1519 2534 1572 2579 et
1606 2524 1968 2596 Nicephorus,
2003 2538 2058 2582 at
2102 2545 2208 2583 non
2239 2546 2303 2585 eo

733 2612 876 2679 quod
942 2628 1139 2669 avarus
1178 2615 1358 2669 fuerit.
1395 2618 1552 2673 Plura
1591 2619 1695 2673 dici
1724 2629 1776 2673 et
1800 2619 1865 2673 de
1913 2620 2033 2675 aliis
2059 2630 2306 2691 possunt,

734 2703 828 2771 qui
862 2718 1171 2774 quanquam
1218 2708 1339 2762 aliis
1376 2710 1700 2764 criminibus
1734 2713 1995 2775 accusati,
2034 2722 2211 2766 tamen
2238 2713 2309 2767 ob

735 2805 936 2851 rectam
968 2798 1124 2851 Iidem
1158 2798 1445 2863 duntaxat,
1483 2802 1749 2855 memoria
1779 2802 2154 2858 ecclesiastica
2189 2819 2302 2873 per-

737 2884 1011 2941 fruuntur.
1065 2889 1169 2943 Sed
1202 2891 1269 2946 de
1303 2893 1386 2946 his
1416 2894 1700 2947 hactenus.
1738 2892 1817 2946 Tu
1854 2910 2000 2955 vero,
2054 2893 2303 2960 Domine,

738 2978 881 3033 hanc
943 2980 1225 3049 epistolam
1294 3000 1448 3039 serva
1484 2985 1696 3050 sedulo,
1729 3000 1825 3040 nec
1862 2988 2165 3058 pervulgari
2194 2988 2379 3043 sinas:

737 3073 1037 3127 renuntiat.
1100 3074 1364 3131 Dominus
1425 3092 1547 3131 cum
1640 3078 1831 3147 Spiritu
1891 3089 2090 3133 vestro.
2151 3080 2343 3135 Amen.

878 3194 1109 3251 CCXIX.
1133 3227 1204 3237 —
1234 3195 1535 3252 Solutiones
1560 3198 1887 3252 diversorum
1912 3200 2165 3266 capitum.

812 3303 1171 3377 Interrogatio
1201 3305 1247 3360 l.
1279 3337 1352 3346 —
1382 3307 1456 3362 De
1490 3308 1831 3379 presbytero,
1864 3321 1917 3365 et
1957 3310 2211 3375 diacono,
2252 3320 2307 3366 et

739 3400 967 3467 lectore,
1001 3402 1093 3471 qui
1129 3417 1251 3455 cum
1277 3412 1426 3456 recta
1459 3402 1563 3457 lide
1597 3412 1801 3469 essent,
1825 3404 2094 3459 haereticis
2124 3412 2307 3459 tamen

740 3492 1218 3547 communicarunt
1268 3510 1330 3547 ex
1387 3494 1628 3549 humano
1681 3503 1830 3549 metu
1882 3511 2006 3550 :an
2062 3506 2309 3567 oporteat

739 3600 840 3655 pro
874 3584 1010 3655 ipsis
1056 3586 1389 3641 oblationem
1424 3588 1627 3653 facere,
1669 3595 1767 3643 aut
1797 3588 2167 3660 pervigilium,
2211 3600 2308 3645 aut

741 3679 1135 3746 precationem.

813 3767 1116 3837 Responsio.
1145 3800 1217 3813 --
1243 3771 1299 3826 Si
1323 3788 1499 3843 usque
1523 3774 1589 3829 ad
1622 3773 1831 3829 obitum
1862 3775 2131 3831 haereticis
2153 3790 2305 3830 com-

742 3861 1088 3917 municantes
1118 3866 1536 3932 perseverarint,
1573 3880 1939 3935 nequaquam.
1984 3865 2079 3919 Sin
2122 3874 2305 3920 autem

746 3951 799 4004 in
827 3952 996 4014 exitu,
1028 3962 1081 4007 et
1114 3954 1479 4022 resipuerunt,
1512 3964 1566 4010 et
1595 3956 1830 4012 confessi
1859 3965 1991 4011 sunt
2022 3972 2081 4013 se
2112 3957 2307 4013 timore

744 4043 939 4105 victos,
982 4060 1046 4099 ac
1086 4047 1268 4107 tertio,
1312 4048 1356 4102 si
1390 4063 1546 4103 sacra
1588 4049 1847 4118 mysteria
1877 4050 1946 4103 ab
1984 4050 2307 4106 orthodosis

743 4146 1126 4206 perceperunt,
1158 4138 1546 4210 indulgendum
1574 4150 1633 4194 ut
1662 4141 1917 4211 proipsis
1940 4142 2074 4197 ﬂant
2098 4158 2161 4198 ea
2186 4158 2309 4213 quas

745 4230 898 4299 prius
928 4243 1360 4287 commemorata
1400 4242 1547 4288 sunt.

818 4317 1175 4391 Interrogatio
1212 4321 1275 4378 ll.
1312 4353 1383 4365 -—-
1421 4323 1497 4381 De
1538 4326 1824 4381 monachis
1879 4336 1934 4381 et
1980 4326 2308 4382 monialibus

747 4409 839 4479 qui
885 4411 1135 4468 similiter
1173 4414 1228 4469 in
1278 4418 1666 4474 communione
1707 4418 2087 4474 hereticorum
2135 4434 2167 4474 e
2199 4420 2305 4474 vita

747 4499 1124 4558 decesserunt.

820 4590 1124 4661 Responsio.
1153 4624 1221 4636 -—
1250 4595 1511 4665 Superior
1546 4598 1834 4666 responsio
1882 4606 1937 4651 et
1971 4597 2025 4651 in
2076 4597 2161 4651 his
2192 4612 2311 4652 ser-

748 4691 931 4737 vetur.
970 4682 1233 4741 Similiter
1258 4695 1311 4740 et
1346 4687 1399 4740 in
1427 4686 1603 4751 laicis,
1638 4686 1790 4753 viris,
1823 4686 2058 4752 feminis,
2103 4688 2307 4757 pueris.

2340 4544 2382 4598 D

2388 612 2502 664 ὅσοι
2535 610 2864 679 ὲμοίχευσαν
2896 606 2959 657 ἐκ
2980 601 3075 655 τοῦ
3111 599 3444 670 προῦχοντος
3467 596 3919 667 παραδείγματος
3950 610 3972 660 ς

2390 703 2484 755 καὶ
2500 696 2665 753 τᾶλλα
2688 697 2875 752 σιωπῶ
2895 696 3094 763 λέγειν,
3117 694 3254 747 αίδοῖ
3273 710 3431 745 τινων
3450 689 3780 760 προσώπων.
3815 689 3975 740 Hau-

2392 793 2674 848 σάσθωσαν
2699 788 2983 843 λυπεῖσθαι
3001 787 3177 857 λύπην
3203 785 3486 853 θεοπυγῆ,
3504 784 3702 845 οἵτινες
3724 782 3792 835 ἀν
3828 778 3969 833 εἷεν.

2390 886 2721 952 Πρόσωπον
2748 883 2857 950 γὰρ
2885 882 3027 945 Θεὸς
3043 876 3356 947 ἀνθρώπου
3378 879 3450 930 οὐ
3470 873 3785 944 λαμϐάνει.
3825 873 3969 937 Καὶ,

2391 972 2521 1044 παρ’
2549 971 2577 1025 δ
2603 974 2667 1024 ὲκ
2690 970 2786 1024 τοῦ
2819 968 3154 1038 Εὑαγγελίου
3192 964 3593 1037 παρελάϐομεν,
3623 964 3723 1018 ἑάν
3750 981 3837 1027 τις
3868 966 3974 1018 εὑ·-

2392 1062 2745 1134 αγγελίζηται
2771 1063 2979 1134 ἕτερον,
3017 1060 3178 1132 μέχρι
3230 1057 3328 1111 καὶ
3362 1056 3619 1125 ἀγγέλου,
3652 1056 3975 1126 ἀναθεματι

2394 1156 2774 1219 ὑποϐάλλεται,
2798 1152 2939 1206 καθά
2955 1153 3097 1223 βοᾷό
3116 1149 3383 1221 μακάριος
3413 1147 3753 1209 ’Δπόστολος.
3774 1146 3973 1200 Ταῦτα.

2395 1249 2549 1312 εἰδὼς
2574 1249 2666 1302 xui.
2694 1250 2722 1301 ό
2752 1246 3147 1308 εὐλαϐέστατος
3198 1241 3519 1313 ἡγούμενος,
3553 1238 3629 1311 μὴ
3655 1238 3972 1306 ὲγκαλεὶτω

2395 1342 2522 1412 περὶ
2553 1340 2645 1393 τοῦ
2676 1339 2829 1407 ἁγίου
2872 1337 3193 1406 Θεοφάνους,
3233 1336 3317 1388 ὅτι
3348 1331 3545 1406 ᾐτιάθη
3585 1334 3645 1385 ὲν
3681 1330 3763 1400 τῷ
3784 1332 3969 1401 πράγ-

2398 1449 2546 1503 ματι.
2602 1429 2882 1500 ’Δληθείας
2911 1429 3017 1499 γὰρ
3069 1427 3224 1482 οὐδὲν
3254 1424 3670 1497 προτιμότερον.
3694 1424 3809 1476 Καὶ
3864 1423 3971 1475 οὐκ

2396 1523 2747 1576 ἀπαναίνεται
2781 1519 3014 1583 ἀκούων,
3050 1520 3126 1581 ώς
3152 1517 3275 1572 οὐδὲ
3321 1516 3524 1587 Πέτρος
3550 1516 3578 1567 ό
3609 1513 3788 1583 μέγας
3826 1514 3973 1567 ἀπό⁹

2397 1615 2580 1678 στολος
2604 1614 2700 1685 τὴν
2727 1614 2972 1684 ἄρνησιν,
2991 1612 3113 1664 οὐδὲ
3148 1609 3309 1662 Δαὸὶδ
3330 1610 3361 1662 ό
3387 1607 3538 1677 ἅγιος
3567 1606 3664 1678 τὴν
3694 1606 3970 1675 μοιχείαν,

2396 1704 2517 1757 οὐδὲ
2546 1702 2858 1773 Κυπριανὸς
2889 1702 2917 1753 ό
2952 1701 3276 1770 ίερόμαρτυς
3299 1698 3397 1767 τὴν
3419 1696 3693 1765 γοητείαν.
3737 1695 3875 1764 Περὶ
3910 1694 3969 1746 δὲ

2398 1794 2491 1849 τοῦ
2528 1796 2607 1848 ὅτι
2637 1794 2711 1857 ὡς
2734 1792 3009 1865 όρθόδοξος
3045 1787 3441 1861 μνημονεύεται
3465 1791 3522 1840 ἐν
3540 1790 3606 1858 τῇ
3642 1784 3967 1855 Ἐκκλησία,

2402 1888 2553 1942 οὐδὲν
2584 1887 2907 1957 προΐσταται
2933 1883 3010 1954 τῷ
3034 1882 3350 1954 Εὑαγγελίῳ
3369 1899 3384 1912 ·
3414 1880 3540 1935 ἐπεὶ
3565 1879 3973 1951 μνημονεύεται

2404 1983 2497 2035 καὶ
2522 1978 2957 2037 Οὐαλεντινιανός
2979 1993 2993 2008 ο
3026 1975 3139 2028 ἀλλ’
3170 1976 3231 2029 οὐ
3277 1974 3420 2029 κατά
3472 1973 3534 2027 τὸ
3575 1972 3669 2026 δύο
3695 1972 3833 2042 όμοῦ
3868 1990 3972 2041 γυ·-

2403 2073 2591 2133 ναϊκας
2624 2070 2767 2140 ἔχειν
2796 2068 3146 2140 παρανόμως,
3187 2064 3321 2119 ἀλλά
3364 2062 3507 2119 κατά
3555 2063 3656 2135 τὴν
3679 2064 3847 2135 ὀρθὴν
3876 2063 3971 2116 πί-

2406 2179 2561 2216 στιν·
2590 2164 2683 2215 καὶ
2725 2160 2996 2223 ἰοϐιανὸς,
3055 2157 3168 2211 ἀλλ’
3201 2158 3261 2210 οὐ
3310 2155 3493 2219 καθὼς
3544 2156 3837 2226 ἱστορεῖται
3888 2154 3972 2207 ὅτι

2403 2251 2799 2325 ἀῤῥενοφθόρος
2818 2245 2914 2319 ἦν’
2942 2227 3034 2301 κᾶι
3056 2247 3388 2317 Νικηφόρος,
3409 2244 3525 2299 ἀλλ’
3546 2244 3607 2298 οὐ
3620 2244 3757 2298 καθὸ
3780 2243 3973 2296 πλεον-

2401 2345 2585 2414 έκτης.
2623 2342 2731 2397 Καὶ
2761 2340 2952 2394 πολλοῦ
2987 2341 3100 2392 ἐστι
3128 2338 3306 2408 λέγειν
3355 2338 3483 2409 περὶ
3522 2336 3629 2390 τῶν
3660 2336 3859 2399 ἄλλων,
3883 2335 3973 2405 οἱ,

2403 2437 2505 2490 κᾶν
2536 2437 2603 2490 τὰ
2646 2435 2778 2489 ἄλλα
2832 2432 3265 2504 διαϐεϐλημένοι,
3305 2431 3391 2485 διά
3434 2430 3491 2483 δὲ
3532 2428 3632 2500 τὴν
3662 2429 3977 2499 όρθοδοξίαν

2411 2530 2568 2601 μόνον
2596 2531 2816 2601 μνήμης
2839 2529 3026 2599 ἔτυχον
3062 2510 3540 2596 ἐκκλησιαστικῆς.
3574 2521 3763 2576 Ταῦτα
3797 2522 3977 2592 ἐχέτω

2410 2616 2532 2676 ὧδε.
2573 2622 2740 2684 Αὐτὸς
2781 2621 2859 2685 δὲ,
2905 2621 3168 2680 Δέσποτα.
3218 2618 3416 2686 κάτεχε
3452 2613 3712 2683 ἀσφαλῶς
3749 2613 3812 2666 τὸ
3840 2614 3978 2681 σύγ-

2414 2729 2643 2784 γραμμα
2666 2726 2681 2739 ·
2717 2710 2792 2782 μὴ
2818 2712 3047 2782 ἔκφορον
3077 2708 3206 2763 αὐτὸ
3245 2707 3414 2761 ποιῶν
3433 2747 3451 2772 ,
3484 2704 3672 2777 ἐπειδὴ
3708 2704 3975 2768 κίνδυνος,

2410 2805 2551 2859 καθά
2581 2804 2871 2873 ἀναγγελεῖ
2892 2805 2921 2857 ό
2953 2801 3447 2875 γραμματηφόρος.
3491 2797 3550 2853 Ὀ
3592 2798 3801 2871 Κύριος
3832 2796 3977 2865 μετά

2410 2895 2504 2949 τοῦ
2530 2895 2840 2967 πνεύματος
2870 2895 3042 2966 ὑμῶν.
3088 2894 3281 2965 Ἀμήν.

2420 3006 2529 3044 non
2584 2990 2728 3045 enim
2780 3004 2869 3045 res
2923 2990 3163 3059 periculo
3221 2996 3399 3052 vacat,
3459 2986 3600 3041 sicut
3660 2981 3979 3036 tabellarius

2329 3197 2374 3259 C
2407 3198 2527 3251 ΣΙΘ¹
2552 3198 2685 3268 (l5).
2714 3224 2783 3239 -
2810 3194 3028 3261 Λύσεις
3056 3192 3351 3262 διαφόρων
3378 3194 3735 3261 κεφαλαίων.
3768 3191 3975 3266 [tepet]

2494 3304 2813 3374 Ἐρώτησις
2851 3306 2930 3358 Α’.
2963 3333 3034 3344 -
3053 3302 3189 3374 Περὶ
3218 3302 3611 3373 πρεσόυτέρου,
3641 3301 3885 3355 διακόνου
3914 3318 3977 3354 τε

2412 3398 2504 3451 καὶ
2524 3395 2865 3464 ἀναγνώστου
2889 3393 3198 3463 ἐσχηκότων
3226 3392 3479 3463 φρόνημα
3515 3389 3693 3460 ὀρθὸν,
3742 3390 3855 3447 τοῖς
3891 3388 3981 3441 αι-

2416 3491 2644 3559 ρετικοτς
2691 3486 2747 3539 δὲ
2804 3483 3243 3550 κοινωνησάντων
3294 3482 3352 3548 ἐξ
3412 3479 3753 3551 ἀνθρωπίνου
3786 3480 3977 3549 φόϐου*

2412 3583 2460 3633 εί
2501 3578 2605 3649 χρὴ
2636 3574 2953 3648 προσφορὰν
2979 3574 3115 3645 ὑπὲρ
3143 3572 3322 3628 αὐτῶν
3348 3573 3542 3638 ποιεῖν,
3584 3571 3619 3643 ἧ
3655 3571 3977 3643 παννυχίδα,

2411 3674 2443 3743 ἢ
2477 3674 2658 3742 εὐχήν.

2480 3763 2835 3830 Ἀπόκρισις.
2879 3788 2950 3801 —-
2995 3760 3058 3813 El
3116 3758 3306 3829 μέχρις
3363 3755 3718 3819 ἀποϐιώσεως
3777 3771 3979 3808 κοινω-

2410 3851 2625 3913 νοῦντες
2647 3855 2759 3915 τοῖς
2779 3852 3070 3919 αἱρετικοτς
3100 3849 3396 3917 διέμειναν,
3422 3846 3692 3916 οὐδαμῶς.
3725 3842 3789 3898 Εἰ
3822 3844 3881 3898 δὲ
3914 3846 3978 3899 ἑν

2407 3947 2473 4015 τῇ
2510 3943 2671 4015 ἐξόδῳ
2710 3944 2803 3997 καὶ
2818 3940 3281 4012 μετεμελήθησαν,
3316 3940 3411 3993 καὶ
3436 3937 3793 4008 ὡμολόγησαν
3824 3935 3979 4006 φόϐῳ

2408 4034 2797 4106 κεκρατῆσθαι,
2836 4034 2930 4087 καὶ
2967 4032 3145 4104 τρίτον
3169 4033 3216 4085 εί
3237 4030 3595 4100 ἐκοινώνησαν
3623 4028 3733 4082 τῶν
3759 4028 3976 4099 ὀρθοδό-

2410 4127 2516 4193 ξων
2548 4127 2931 4198 ἁγιασμάτωνο
2958 4124 3333 4196 συγχωρητέον
3359 4121 3600 4193 γίνεσθαι
3655 4122 3741 4175 ἐπ’
3793 4121 3978 4183 αὐτοῖς

2408 4218 2476 4273 τὰ
2523 4217 2908 4289 προειρημένα.

2493 4308 2807 4378 Ἐρώτησις
2838 4307 2912 4363 B'.
2948 4338 3020 4353 —
3047 4307 3183 4378 Περὶ
3207 4304 3454 4377 μοναχῶν
3483 4304 3579 4357 καὶ
3622 4298 3977 4374 μοναζουσῶν

2410 4402 2611 4473 ὁμοίως
2656 4403 2721 4472 τῇ
2748 4399 3001 4471 κοινωνίᾳ
3024 4397 3134 4452 τῶν
3173 4396 3463 4469 αἱρετικῶν
3518 4394 3970 4449 ἀποδιωσάντων.

2495 4596 2856 4663 Ἀπόκρισις.
2886 4623 2958 4635 -
2994 4592 3060 4646 Ἦ
3104 4589 3477 4662 προειρημένη
3525 4587 3815 4658 ἀπόκρισις
3872 4603 3977 4655 cpu-

2408 4687 2685 4743 λαττέσθω
2723 4687 2820 4740 καὶ
2850 4686 2944 4739 ἐπὶ
2986 4683 3177 4739 τοῖσδε.
3220 4683 3448 4754 Ὁμοίως
3478 4680 3574 4733 καὶ
3610 4678 3704 4731 ἐπὶ
3747 4676 3973 4742 λαῖκῶν,

753 4773 881 4829 Haec
929 4786 1107 4832 autem
1156 4776 1223 4832 de
1261 4779 1493 4833 mortuis
1526 4778 1671 4833 dicta
1714 4788 1861 4835 sunt.
1916 4777 2051 4833 Nam
2098 4779 2142 4834 si
2179 4779 2306 4833 vivit

2410 4779 2620 4851 ἀνδρῶν
2674 4795 2755 4843 ττ,
2814 4777 2910 4831 καὶ
2964 4773 3263 4845 γυναικῶν,
3317 4773 3408 4826 καὶ
3476 4770 3702 4825 παίδων.
3746 4766 3973 4838 Εἴρηται

751 4864 931 4920 adhuc
970 4868 1149 4936 quivis
1181 4883 1247 4923 ex
1276 4870 1531 4925 omnibus
1566 4879 1693 4926 ante
1730 4870 2031 4941 appellatis,
2079 4886 2143 4926 ac
2177 4871 2313 4926 resi-

750 4956 932 5027 piscit,
960 4973 1025 5013 ex
1062 4974 1127 5013 eo
1154 4960 1244 5014 die
1284 4968 1489 5015 metum
1524 4962 1820 5033 deponens,
1869 4964 2186 5032 eligensque
2215 4978 2313 5033 pro

752 5057 901 5103 recto
944 5059 998 5104 et
1043 5050 1266 5107 honesto
1300 5051 1437 5107 dura
1486 5055 1631 5121 pati;
1679 5054 1725 5109 si
1775 5052 1997 5124 quidem
2029 5054 2313 5125 presbyter

753 5140 827 5193 sit
863 5140 947 5194 vel
982 5140 1268 5208 diaconus,
1310 5158 1470 5199 sacro
1503 5145 1806 5199 ministerio
1834 5145 2187 5213 prohibeatur
2216 5161 2311 5201 us-

754 5245 864 5300 que
892 5231 959 5285 ad
990 5239 1204 5302 tempus
1234 5236 1426 5303 synodi
1454 5236 1771 5292 orthodoxae
1801 5252 1815 5290 :
1839 5245 1966 5307 post
1986 5237 2311 5292 convenien-

756 5330 865 5376 tem
906 5337 1036 5379 vero
1086 5326 1485 5395 paenitentiam,
1518 5330 1794 5401 particeps
1831 5338 1953 5385 esto
1993 5346 2162 5387 sacra:
2201 5330 2311 5385 Eu-

756 5412 1030 5471 cliaristia:
1083 5417 1152 5473 ab
1200 5418 1509 5477 orthodoxa
1565 5432 1918 5479 consecratae.
1974 5421 2312 5479 Pwnitentiae

826 5589 872 5624 ²¹
896 5590 1076 5648 Galat.
1113 5608 1173 5661 ll,
1201 5593 1255 5651 6.
1330 5588 1573 5655 "Halat.
1608 5603 1729 5661 v.8.

2410 4873 2465 4925 δὲ
2516 4871 2685 4925 ταῦτα
2734 4871 2861 4941 περὶ
2917 4868 3024 4923 τῶν
3080 4866 3410 4922 τεθνεώτων.
3472 4864 3533 4917 El
3580 4860 3688 4933 γὰρ
3739 4859 3820 4912 ἔτι
3864 4857 3974 4923 ζῶν

2419 4967 2564 5017 ἔστιν
2590 4965 2654 5017 ὲκ
2680 4963 2895 5016 πάντων
2922 4960 3032 5016 τῶν
3059 4959 3493 5032 προειρημένων,
3519 4956 3613 5010 καὶ
3648 4953 3969 5025 μεταμέλοι-

2418 5075 2498 5120 το,
2528 5056 2634 5122 ἔξω
2666 5056 2871 5127 ῥίπτων
2902 5055 2992 5109 τὸν
3021 5053 3182 5123 φόϐον
3203 5053 3308 5105 ἀπὸ
3336 5050 3430 5103 τοῦ
3460 5049 3640 5121 δεῦρο,
3674 5048 3768 5101 καὶ
3790 5044 3976 5113 αἰρού-

2422 5166 2581 5221 μενος
2612 5149 2749 5220 ὑπὲρ
2774 5147 2867 5202 τοῦ
2893 5144 3096 5216 ἀγαθοῦ
3120 5141 3451 5199 κακοπαθεῖν
3478 5157 3493 5171 ο
3525 5141 3574 5193 εί
3605 5139 3706 5211 μὲν
3733 5135 3976 5209 πρεσϐύ-

2415 5260 2573 5313 τερος
2600 5242 2635 5314 ἢ
2652 5240 2913 5303 διάκονος,
2941 5237 3205 5309 εἰργέσθω
3227 5237 3324 5306 τῆς
3339 5232 3647 5307 ἱερουργίας
3663 5230 3768 5294 ἕως
3784 5225 3972 5298 καιροῦ

2420 5335 2637 5389 συνόδου
2660 5330 2967 5406 ὀρθοδοξίας
2996 5347 3013 5363 ·
3039 5328 3175 5400 μετὰ
3219 5328 3275 5381 δὲ
3328 5326 3608 5396 ὶπιτιμίαν
3658 5320 3755 5393 τὴν
3806 5334 3973 5390 «poc-

2423 5424 2684 5495 ήκουσαν,
2721 5420 2993 5494 μετεχέτω
3019 5418 3129 5475 τῶν
3168 5415 3463 5490 ὀρθοδόξων
3492 5411 3871 5484 ἁγωσμάτων.
3910 5406 3970 5461 Ἥ

2248 5708 2477 5769 NOTAE.

827 5800 939 5872 (l3)
972 5800 1024 5856 In
1058 5803 1175 5860 cod.
1222 5801 1348 5880 Reg.
1378 5805 1511 5860 σκο⁶.
