4184 6500
766 397 899 461 1663

1935 415 1995 477 S.
2027 417 2415 480 THEODORI
2467 423 2604 486 STU
2613 427 2810 488 DITIE
3858 430 4008 495 1664

763 513 1147 569 communione
1172 515 1455 581 abstinuit,
1487 534 1702 590 aequum
1732 528 1815 576 est
1846 538 1970 577 eum
2002 527 2318 595 participem
2350 555 2367 602 λ

2425 535 2709 605 αίρετικῆς
2756 536 3058 602 κοινωνίας,
3125 537 3329 590 δίκαιον
3373 537 3620 608 μετέχειν
3663 538 3826 593 αὑτὸν
3885 541 4004 593 τῶν

762 605 879 657 fieri
914 620 1080 660 sacrae
1109 605 1486 674 Eucharistite,
1535 613 1636 666 etsi
1667 612 1719 664 in
1753 613 1877 668 aliis
1921 615 2177 685 abreptus
2209 619 2320 673 fue-

2420 622 2790 692 ἀγιασμάτων,
2819 627 2920 679 κᾶν
2951 629 3009 680 ιν
3032 627 3146 690 τοῖς
3174 627 3354 688 ἄλλοις
3376 605 3788 700 νσυναπάγηται.
3823 631 3989 682 Obso-

762 692 853 744 rit.
891 691 966 747 Ex
999 695 1402 764 dispensatione
1427 709 1605 754 autem
1637 700 1749 755 haec
1771 702 1913 757 dicta
1943 715 2069 759 sunt
2101 719 2320 777 propter

2417 691 2656 781 νομικῶς
2681 717 2737 768 δὲ
2766 691 2939 770 ταῦτα
2964 717 3177 788 είρηται
3201 717 3289 770 διὰ
3313 720 3410 784 τὴν
3439 691 3725 771 ἀσθένειαν
3751 719 3866 772 τῶν
3900 721 3998 771 ἀν·

762 781 1550 855 hominum'imbecillitatem;
1619 807 1685 846 ne
1740 794 1868 846 dum
1917 811 2012 850 eos
2067 808 2318 866 optamus

2418 800 2648 871 Θρώπων
2678 821 2692 834 ο
2725 822 2799 867 ως
2827 804 2893 857 ἂν
2924 808 2995 874 μὴ
3235 781 3520 876 ζητοῧντες
3577 808 3772 870 αὐτοὺς
3819 808 3979 860 καθα

760 872 965 928 eilicere
1001 877 1148 929 omni
1179 879 1428 932 haeretica
1456 885 1850 951 conspersione
1878 901 2068 954 puros,
2100 888 2317 945 incaute

761 964 906 1032 ipsos
937 967 988 1018 in
1021 969 1206 1021 eadem
1243 970 1484 1036 pericula
1518 975 1891 1042 conjiciamus.

831 1055 1183 1126 Interrogatio
1233 1059 1342 1114 Vll.
1375 1090 1442 1102 —
1493 1065 1576 1117 An
1626 1077 1872 1134 oporteat
1926 1084 2034 1123 una
2091 1071 2315 1138 psallere

759 1164 880 1201 cum
923 1151 990 1205 iis
1023 1153 1115 1220 qui
1173 1155 1439 1209 haereticis
1496 1173 1600 1212 non
1640 1163 2044 1216 communicant
2070 1166 2312 1232 quidem,

756 1238 849 1290 sed
881 1254 1004 1291 cum
1042 1241 1108 1294 iis
1143 1242 1310 1298 libere
1344 1257 1511 1313 agunt
1545 1249 1595 1301 in
1633 1249 1751 1303 aliis
1791 1251 1953 1306 rebus
1984 1271 1997 1306 :
2033 1263 2128 1307 aut
2163 1257 2310 1311 acci-

756 1344 883 1397 pere
916 1331 1223 1388 oblationes
1254 1335 1322 1388 ab
1352 1336 1507 1404 ipsis,
1543 1354 1637 1393 seu
1667 1356 1872 1404 ceram,
1905 1360 1999 1398 seu
2039 1345 2238 1401 oleum.

819 1418 1126 1488 Responsio.
1167 1452 1222 1459 ——
1255 1424 1309 1478 Si
1342 1429 1561 1496 quidem
1604 1435 1912 1490 sacerdotes
1942 1436 2164 1503 fuerint,
2208 1455 2308 1495 nec

752 1510 1094 1569 heterodoxis
1121 1516 1367 1582 offerant,
1401 1523 1713 1590 accipienda
1746 1528 1814 1580 ab
1842 1529 1908 1582 iis
1950 1530 2152 1593 oblata,
2184 1547 2307 1587 cum

750 1599 1064 1664 ptenitentia
1113 1605 1318 1672 aliqua.
1367 1607 1421 1659 Si
1460 1624 1584 1663 vero
1629 1611 1772 1674 laici,
1824 1615 1942 1670 sine
1992 1619 2307 1686 pmoitentia

749 1704 911 1757 porro
956 1695 1310 1762 pergendum.
1359 1700 1580 1767 Oportet
1626 1704 1768 1757 enim
1816 1706 2109 1764 discrimen
2163 1727 2303 1775 esse,

748 1789 968 1847 propter
1002 1784 1303 1839 sacerdotis
1337 1788 1677 1858 dignitatem.

820 1871 1182 1943 Interrogatio
1230 1879 1366 1932 VIII.
1416 1911 1483 1921 —
1526 1883 1606 1936 An
1663 1885 1789 1939 licet
1840 1887 1994 1943 nobis
2038 1891 2299 1959 prccatio-
2332 1911 2375 1966 Β

750 1976 870 2014 nem
904 1963 1160 2020 adhibere
1205 1968 1270 2021 iis
1305 1970 1398 2038 qui
1436 1981 1689 2038 p0seunt,
1729 1985 1822 2028 aut
1860 1977 2037 2032 oleum
2079 1978 2299 2035 benedi-

747 2067 892 2116 cere.
948 2064 1042 2108 aut
1093 2072 1276 2112 ceram
1334 2063 1676 2131 accendere,
1740 2077 1866 2122 aute
1923 2085 2082 2126 sacro
2132 2072 2302 2127 calice

744 2141 968 2197 bibere?

816 2233 1121 2302 Responsio.
1149 2271 1219 2284 --
1250 2241 1306 2297 Si
1339 2244 1652 2302 beterodoxi
1688 2259 1856 2315 sunt,
1890 2252 2118 2308 minime
2157 2254 2300 2310 :etsi

744 2340 867 2380 cum
913 2328 1016 2383 fide
1051 2332 1333 2389 accedant.
1372 2335 1536 2392 Nulla
1566 2341 1704 2394 enim
1741 2343 1962 2398 societas
1988 2344 2096 2398 luci
2128 2348 2198 2399 ad
2226 2356 2301 2401 te-

742 2418 929 2470 nebras
952 2419 1018 2470 ".

816 2507 1174 2581 Interrogatio
1214 2512 1305 2569 IX.
1353 2546 1424 2556 —
1460 2515 1516 2570 Si
1569 2522 1868 2576 monachus
1915 2536 2008 2578 aut
2048 2526 2300 2582 monialis

742 2601 810 2654 ad
845 2617 946 2657 nos
979 2606 1187 2659 venerit
1217 2607 1412 2661 divina:
1451 2607 1802 2666 Eucharistiaa
1833 2629 2019 2679 causa,
2052 2632 2300 2684 quamam

741 2692 1005 2760 exigenda
1055 2694 1330 2751 confessio
1370 2711 1473 2764 est,
1529 2700 1644 2765 ubi,
1687 2716 1796 2772 quo
1845 2705 1953 2758 sint
2003 2707 2078 2761 illi
2130 2717 2296 2775 statu,

741 2783 944 2837 lateat?

815 2874 1121 2943 Responsio.
1146 2877 1396 2933 —0mni
1450 2882 1688 2937 venienti
1730 2884 2090 2952 impertienda
2147 2903 2298 2942 com-

741 2969 947 3024 munio.
974 2970 1018 3022 si
1055 2985 1162 3039 quo
1209 2970 1261 3023 in
1298 2981 1439 3026 statu
1475 2974 1546 3027 sit
1585 2975 1891 3044 ignoratur,
1923 2979 2195 3046 rogandus
2230 2995 2296 3034 an

739 3061 1102 3114 venerandam
1132 3061 1333 3116 Christi
1368 3065 1659 3136 imaginem
1687 3077 1740 3120 et
1765 3079 2078 3125 sanctorum
2115 3074 2256 3127 colat
2282 3092 2295 3127 :

738 3164 807 3202 an
845 3147 1016 3218 fugiat
1049 3149 1428 3208 haereticorum
1479 3157 1938 3226 communionem,
1984 3177 2085 3217 nec
2131 3165 2293 3219 aliam

737 3240 902 3293 ullam
941 3242 1248 3296 haereticam
1297 3245 1482 3299 animo
1517 3249 1839 3304 sententiam
1872 3262 2069 3307 teneat.
2119 3257 2294 3324 Atque
2325 3235 2367 3294 ο

737 3332 829 3385 ubi
868 3333 1049 3387 omnia
1081 3333 1364 3390 confessus
1402 3335 1588 3403 fuerit,
1619 3347 1674 3392 et
1711 3339 1984 3395 confessio
2025 3344 2295 3399 tenebitur

734 3437 953 3477 omnem
1002 3425 1265 3478 detestata
1316 3426 1600 3493 haeresim;
1658 3438 1787 3484 tunc
1834 3425 2188 3501 impertienda
2244 3435 2293 3489 ei

734 3531 907 3570 sacrae
938 3516 1297 3571 Eucharistia:
1320 3519 1636 3574 communio
1662 3528 1766 3576 est.

807 3606 1161 3677 Interrogatio
1205 3607 1272 3662 Χ.
1300 3638 1369 3649 —-
1397 3610 1479 3664 An
1534 3611 1691 3667 liceat
1747 3615 1968 3668 moniali
2015 3631 2210 3684 aquam
2261 3631 2293 3672 e

735 3714 894 3752 sacro
927 3701 1096 3754 calice
1128 3700 1334 3754 bibere.
1373 3699 1467 3772 [Ut
1495 3713 1622 3770 puta
1649 3705 1899 3759 sanitatis
1928 3705 2141 3779 causa]

803 3789 1109 3857 Responsio.
1141 3821 1210 3830 —
1240 3792 1296 3846 In
1333 3809 1542 3848 summa
1573 3796 1873 3850 sacerdotis
1907 3809 2000 3852 aut
2039 3798 2292 3854 monachi

733 3882 982 3950 penuria,
1012 3883 1081 3935 ob
1122 3892 1401 3952 urgentem
1440 3887 1840 3952 necessitatem,
1869 3887 2037 3944 bibat.

809 4055 1163 4126 Interrogatio
1209 4058 1295 4113 ΧΙ.
1327 4091 1384 4102 -
1425 4061 1478 4116 In
1508 4062 1741 4117 transitu
1791 4079 1919 4116 num
1971 4064 2178 4132 ingredi
2208 4064 2292 4122 fas

738 4149 792 4202 in
831 4149 1132 4203 Ecelesiam
1162 4167 1324 4218 quam
1368 4153 1656 4209 lizeretieus
1689 4155 1978 4208 obtineat?

803 4241 1111 4310 Responsio.
1144 4275 1209 4282 —
1235 4244 1291 4298 Si
1340 4262 1504 4314 penes
1552 4248 1860 4302 haereticum
1910 4247 2152 4303 Ecelesia
2183 4259 2289 4313 est,

731 4334 953 4388 omnino
982 4351 1089 4390 non
1138 4337 1261 4390 licet
1292 4337 1493 4405 ingredi
1543 4339 1804 4392 orationis
1846 4353 2009 4394 causa
2039 4358 2052 4394 :
2087 4341 2190 4395 nisi
2221 4341 2291 4395 ob

731 4424 892 4477 aliam
923 4423 1392 4478 circumstantiam
1423 4441 1542 4494 qure
1568 4436 1810 4480 excuset.

2417 894 2545 962 ροὺς
2601 898 2772 946 ποιεῖν
2820 897 2917 964 τῆς
2954 897 3233 966 αἱρετικῆς
3284 897 3666 966 συμφύρσεως,
3725 898 3997 968 λάθωμεν

2416 983 2494 1046 είς
2523 986 2660 1038 αὐτὰ
2680 986 2748 1039 τὰ
2769 989 2957 1057 καίρια
2988 990 3352 1058 παραλύοντες
3386 990 3600 1053 αὐτούς.

2502 1076 2818 1143 Ἐρώτησις
2847 1081 2920 1132 Z'.
2947 1107 3015 1119 --
3045 1081 3105 1132 EI
3127 1081 3206 1133 δεῖ
3243 1079 3574 1148 ωμψάλλειν
3609 1082 3722 1143 τοῖς
3756 1081 3830 1150 μὴ
3870 1097 3990 1133 κοι-

2413 1167 2641 1220 νωνοῦσι
2675 1173 2787 1233 τοῖς
2815 1171 3128 1240 αίρετικοῖς,
3164 1172 3513 1242 ἀδιαφοροῦσι
3548 1172 3604 1226 δὲ
3635 1174 3693 1224 ὲν
3726 1176 3840 1235 τοῖς
3886 1174 3989 1226 ἄλο

2413 1259 2552 1322 λοις·
2584 1259 2616 1328 ἢ
2642 1260 2887 1329 δέχεσθαι
2916 1264 3227 1334 προσφορὰς
3257 1267 3388 1334 παρ’
3416 1264 3616 1331 αὐτῶν,
3667 1265 3700 1335 ἢ
3746 1268 3983 1334 scapo-5;,

2412 1351 2444 1421 ἥ
2465 1351 2662 1404 ἔλαιον.

2485 1436 2849 1504 Ἀπόκρισις.
2869 1464 2940 1475 -
2959 1432 3022 1486 Ei
3047 1433 3145 1502 μὲν
3177 1433 3459 1502 ίερωμένοι
3490 1430 3618 1496 εἷεν,
3653 1439 3747 1485 καὶ
3770 1437 3826 1485 οὐ
3857 1440 3977 1500 τοῖς

2405 1529 2726 1600 ἑτεροδόξοις
2777 1527 3162 1599 προσσέρουσι,
3193 1525 3550 1596 προσδεκτέον
3596 1526 3667 1577 τὰ
3713 1528 3842 1594 παρ’
3876 1527 3979 1577 αὺ-

2407 1624 2511 1676 τῶν
2542 1623 3011 1693 προσενηνεγμένα
3047 1622 3161 1692 μετ’
3187 1619 3458 1688 ἐπιτιμίου
3486 1619 3648 1680 τινος.
3675 1617 3737 1669 Et
3761 1617 3816 1668 δὲ
3850 1621 3971 1670 λαῖ-

2405 1717 2513 1780 κοὶ,
2538 1717 2665 1768 ἄνευ
2695 1717 2965 1784 ἐπιτιμίου
2989 1716 3288 1784 προσιτέον.
3334 1715 3425 1765 Δεῖ
3457 1711 3566 1782 γὰρ
3597 1711 3972 1780 διαφορότητα

2405 1802 2542 1857 εἶναι
2572 1804 2657 1856 διὰ
2688 1804 2747 1855 τὸ
2777 1804 2870 1871 τῆς
2895 1803 3186 1873 ἱερωσύνης
3212 1802 3447 1871 ἀξίωμα.

2485 1895 2797 1964 Ἐρώτησις
2822 1897 2902 1950 H'.
2931 1927 2998 1936 —
3031 1898 3091 1949 Εί
3119 1896 3294 1960 ἔξεστι
3338 1897 3510 1947 ποιεῖν
3554 1894 3667 1955 τοῖς
3716 1891 3968 1945 αίτοῦσιν

2400 1989 2533 2056 ἡμῖν
2559 1987 2744 2056 εὐχὴν.
2773 1989 2804 2057 ἢ
2836 1987 3076 2054 εὐλογεῖν
3109 1987 3306 2051 ἔλαιον,
3351 1986 3384 2056 ἢ
3443 1985 3644 2055 κηροὺς
3680 1983 3970 2046 ἀνάπτειν,

2400 2078 2432 2148 ἢ
2464 2078 2823 2148 ἀπομυρίςειν
2848 2078 2978 2147 ἅγια
2999 2095 3014 2145 ;

2483 2252 2843 2320 ‘Axdxpto'tc.
2871 2282 2942 2294 —
2987 2251 3112 2306 Ἐὰν
3135 2251 3427 2322 ἑτερόδοξοί
3459 2249 3616 2315 εἰσιν,
3670 2248 3933 2318 οὐδαμῶς
3952 2267 3970 2283 ·

2400 2344 2504 2396 κᾶν
2559 2344 2737 2395 πίστει
2771 2343 3194 2414 προσέρχωνται.
3261 2344 3516 2412 οὐθεμία
3544 2340 3654 2413 γὰρ
3685 2344 3975 2396 κοινωνία

2399 2435 2542 2505 φωτί
2569 2434 2716 2503 πρὸς
2743 2436 2984 2499 σκότος.

2481 2526 2798 2594 Ἐρώτησις
2837 2523 2910 2579 Θ’.
2933 2526 3141 2578 -Ὲὰν
3174 2527 3417 2596 μονάζων
3446 2527 3478 2598 ἢ
3515 2527 3826 2597 μονάζουσα
3843 2527 3970 2595 ἦχοι

2403 2615 2536 2682 πρὸς
2567 2617 2714 2684 ἡμᾶς
2738 2615 2831 2668 ἐπὶ
2868 2617 2933 2684 τῇ
2969 2615 3086 2685 θείᾳ
3136 2618 3388 2687 κοινωνίᾳ
3420 2635 3434 2650 ο
3475 2618 3725 2687 ποταπὴν
3777 2617 3968 2686 ὁμολο-

2397 2708 2522 2775 γίαν
2572 2707 2896 2777 ἀπαιτητέον
2951 2705 3038 2760 διὰ
3083 2707 3142 2759 τὸ
3185 2708 3524 2774 ἀδιάγνωστα
3556 2704 3698 2761 εῖναι
3742 2708 3813 2761 τὰ
3841 2709 3967 2762 κατ’

2399 2799 2625 2862 αὑτούς;

2482 2891 2842 2956 Ἀπόκρισις.
2874 2920 2943 2931 -
2999 2891 3183 2945 Πάντα
3222 2891 3314 2944 τὸν
3369 2891 3660 2962 ἐρχόμενον
3698 2895 3964 2964 κοινωνῆ-

2400 2995 2507 3032 σαι.
2543 2978 2604 3030 Εἰ
2639 2981 2910 3047 ἀγνοεῖται
2939 2981 3005 3033 τὰ
3031 2984 3146 3034 κατ’
3173 2983 3354 3047 αὐτὸν,
3379 2983 3678 3053 ὲρωτητέον
3718 2987 3765 3036 εί
3796 3003 3962 3054 προσ-

2400 3072 2551 3122 κυνεῖ
2578 3071 2677 3139 τὴν
2713 3072 2914 3142 σεπτὴν
2949 3074 3129 3126 εἰκόνα
3149 3073 3384 3142 Χριστοῦ
3424 3075 3517 3128 καὶ
3543 3074 3653 3128 τῶν
3678 3077 3874 3143 ἁγίων·
3913 3080 3960 3130 εί

2402 3158 2476 3228 μὴ
2522 3161 2767 3210 κοινωνεῖ
2801 3163 2912 3222 τοῖς
2946 3163 3257 3231 αἱρετικοῖς,
3309 3165 3402 3217 καὶ
3455 3165 3533 3227 είς
3564 3165 3594 3218 ὃ
3621 3181 3670 3217 τι
3719 3165 3786 3218 ἂν
3833 3165 3962 3220 ἄλλο

2399 3247 2766 3316 ὑποπτεύηται
2817 3249 3068 3319 φρόνημα
3120 3251 3441 3319 ἐτερόδοξον.
3489 3253 3599 3305 Καὶ
3657 3253 3786 3306 ὅταν
3817 3256 3958 3308 κατὰ

2395 3340 2569 3391 πάντα
2595 3337 2923 3408 ὁμολογήσῃ,
2955 3342 3050 3392 καὶ
3076 3342 3108 3408 ἡ
3143 3341 3402 3408 ὁμολογία
3430 3341 3654 3405 σώζοιτο
3713 3344 3809 3396 ἐπὶ
3854 3344 3957 3397 πά-

2396 3443 2494 3496 σης
2535 3429 2796 3499 αἱρέσεως
2849 3429 3257 3499 ἀπαγορευτική
3303 3445 3315 3458 ·
3340 3431 3460 3483 τότε
3495 3432 3812 3499 μεταδοτέον
3863 3436 3959 3488 καὶ

2395 3520 2850 3588 συγκοινωνητέον
2889 3519 3034 3589 αὐτῷ
3079 3520 3187 3573 τῶν
3222 3520 3588 3590 ἁγιασμάτων.

2463 3613 2775 3680 Ἐρώτησις
2805 3612 2860 3669 ι’.
2891 3645 2958 3656 -
2999 3615 3059 3667 Εί
3105 3614 3282 3681 ἔξεστι
3333 3615 3633 3687 μοναστρία
3685 3610 3958 3687 ἀπομυρίο

2392 3702 2448 3768 ξε
2459 3721 2524 3755 ιν.

2474 3794 2830 3862 Ἀπόκρισις.
2860 3825 2929 3836 -
2969 3795 3058 3860 Ἐξ
3087 3796 3320 3867 ἀπορίας
3367 3798 3548 3868 πάσης
3595 3797 3892 3869 ίερωμένου
3919 3800 3954 3856 ἢ

2394 3885 2734 3951 μονάζοντος,
2776 3885 3178 3956 ἀπομυριζὲτω,
3236 3887 3324 3941 διὰ
3381 3887 3478 3959 τὴν
3526 3889 3956 3957 κατεπείγουσαν

2390 3975 2652 4043 ἀνάγκην.

2474 4066 2786 4136 Ἐρώτησις
2824 4068 2926 4120 IA'.
2952 4098 3018 4109 —
3047 4068 3141 4128 Είς
3190 4068 3485 4137 ἐκκλησίαν
3522 4070 3663 4122 κατά
3721 4070 3954 4140 πάροδον

2393 4157 2496 4210 ὑπὸ
2522 4157 2796 4226 αίρετικοῦ
2824 4158 3200 4227 κρατουμένην
3238 4159 3284 4211 εί
3325 4159 3407 4211 δεῖ
3443 4160 3705 4224 είσιέναις

2473 4252 2830 4318 Ἀπόκρισις.
2858 4280 2928 4289 -
2961 4251 3159 4314 ’Δπαξ,
3195 4251 3242 4302 εί
3271 4251 3374 4304 ὑπὸ
3413 4250 3690 4322 αίρετικοῦ
3722 4268 3953 4323 κρατου-

2393 4343 2527 4413 μένη
2574 4341 2832 4412 ἐκκλησία
2887 4342 3075 4407 ἐστὶν,
3137 4343 3197 4394 οὑ
3235 4342 3315 4393 δεῖ
3362 4343 3588 4394 είσιέναι
3645 4343 3952 4412 προσευχῆς

2392 4435 2588 4506 χάρινο
2645 4435 2694 4488 εί
2741 4436 2814 4506 μή
2869 4451 2922 4487 τι
2981 4433 3124 4488 κατὰ
3173 4433 3336 4506 ἀλλην
3380 4433 3772 4504 περιστατικην
3821 4435 3953 4504 πρό-

2321 4561 2366 4620 o
2393 4545 2574 4620 φασΨο

804 4621 1158 4691 Interrogatio
1206 4625 1321 4680 XII.
1388 4656 1450 4666 —
1486 4627 1727 4696 Ignotum
1775 4629 2022 4684 abbatem
2065 4629 2131 4684 ad
2183 4646 2286 4688 nos

730 4716 1060 4779 venientem,
1098 4734 1164 4770 an
1205 4716 1286 4771 fas
1315 4728 1440 4771 ante
1481 4734 1732 4782 examen,
1765 4730 1824 4775 ut
1853 4734 2103 4777 sanctum
2134 4739 2286 4778 com-

732 4805 955 4872 pellare,
992 4820 1055 4858 ac
1086 4807 1453 4874 precationem
1492 4808 1558 4861 ab
1589 4825 1654 4863 eo
1687 4826 1930 4880 poscere.

803 4894 1114 4963 Responsio.
1147 4927 1215 4936 —
1242 4897 1690 4970 Quandoquidem
1739 4911 1948 4972 tempus
1998 4914 2080 4958 est
2123 4906 2291 4960 haere-

731 4987 829 5047 sis,
873 4996 998 5040 ante
1044 5002 1270 5042 examen
1318 5004 1423 5042 non
1478 5001 1689 5058 oportet
1718 5008 1930 5062 neque,
1963 4992 2280 5061 Benedicite,

730 5079 923 5142 sancti,
981 5079 1184 5144 dicere,
1241 5096 1340 5135 nec
1395 5083 1761 5151 precationem
1817 5086 1883 5140 ab
1931 5102 1997 5140 eo
2041 5103 2284 5156 poscere.

732 5169 1050 5224 Communis
1090 5187 1218 5224 vero
1263 5172 1573 5241 deneganda
1609 5190 1712 5228 non
1766 5185 1850 5231 est
1882 5178 2158 5244 salutatio,
2203 5195 2288 5235 se-

734 5258 973 5313 cundum
1011 5261 1181 5314 sancti
1214 5261 1399 5315 Basilii
1435 5265 1899 5319 constitutionem.

803 5351 1161 5423 Interrogatio
1225 5354 1357 5408 χιιι.
1389 5385 1458 5395 —
1487 5355 1560 5410 De
1592 5369 1775 5426 puteo,
1824 5360 1869 5413 si
1907 5360 2148 5428 pollutus
2192 5363 2284 5426 sit,

737 5456 802 5493 an
854 5457 1064 5509 precem
1114 5458 1367 5512 peragere
1408 5454 1650 5512 oporteat
1691 5446 2054 5505 orthodoxum
2105 5464 2298 5507 sacer-

734 5531 931 5586 dotem.

808 5817 850 5853 ³³
898 5814 939 5871 Il
963 5815 1087 5872 Cor.
1117 5833 1189 5884 τι,
1226 5818 1310 5873 Ii.

2475 4619 2794 4687 Ἐρώτησις
2823 4617 2921 4670 lB'.
2952 4648 3021 4659 —
3057 4617 3254 4671 Ἀὁὸᾶν
3278 4618 3568 4688 ἐρχόμενον
3603 4616 3741 4688 πρὸς
3804 4616 3950 4685 ἡμᾶς

2389 4711 2746 4782 ἀγνώριστον,
2807 4710 2856 4762 εί
2903 4710 3007 4780 χρὴ
3060 4712 3164 4781 πρὸ
3225 4710 3564 4780 ἀνακρίσεως
3614 4709 3948 4777 ἀγιολεκτεῖν

2388 4803 2568 4868 αὑτὸν,
2593 4803 2686 4855 καὶ
2708 4801 2975 4854 αἰτεῖσθαι
3007 4800 3138 4870 πρὸς
3165 4799 3326 4854 αὑτοῦ
3351 4802 3532 4871 εὐχήν.

2471 4894 2828 4960 Ἀπόκρισις.
2849 4892 3098 4944 -Ἐπὰν
3115 4893 3143 4945 ὁ
3166 4891 3350 4965 καιρὸς
3375 4891 3639 4962 αἱρέσεώς
3670 4893 3808 4954 ἐστι,
3840 4891 3943 4960 πρὸ

2389 4985 2725 5054 ἀνακρίσεως
2761 4983 2823 5034 οὐ
2853 4981 2960 5034 δεῖ·
2994 4981 3137 5046 οὔτε,
3169 4982 3504 5051 εὐλογεῖτε,
3534 4982 3708 5051 ἅγιοι,
3745 4982 3940 5048 λέγειν’

2389 5075 2511 5129 οὕτε
2546 5075 2710 5146 εὐχὴν
2729 5075 2900 5127 αίτεῖν
2939 5075 3067 5143 παρ’
3093 5075 3275 5129 αὑτοῦ.
3311 5075 3414 5127 Τὸν
3452 5074 3508 5128 δὲ
3534 5075 3710 5128 κοινὸν
3762 5076 3939 5129 ἀσπα-

2389 5171 2524 5240 opm
2560 5171 2660 5222 οὐκ
2684 5169 3100 5238 ἀπαγορευτέον,
3133 5168 3272 5222 κατὰ
3323 5168 3425 5240 τὴν
3473 5167 3794 5238 νομοθεσίαν
3848 5169 3938 5221 τοῦ

2391 5263 2542 5328 ἁγίου
2573 5261 2872 5314 Βασιλείου.

2457 5352 2769 5420 Ἐρώτησις
2798 5351 2980 5406 1Γ’.-
3001 5350 3137 5423 Περὶ
3169 5351 3418 5421 φρέατος,
3472 5349 3570 5404 ἐὰν
3613 5349 3836 5421 μιανθῇ,
3889 5365 3934 5403 ει

2387 5444 2468 5497 δεῖ
2494 5443 2709 5514 ποιῆσαι
2734 5442 2896 5513 εὐχὴν
2922 5443 3009 5498 τὸν
3033 5442 3308 5515 ὀροόδοξον
3330 5442 3500 5514 ίερέα.
