4184 6490
255 386 397 455 1665

1426 405 1955 469 EPISTOLARUM
1979 408 2124 469 LIB.
2166 409 2243 469 ll.

3371 422 3505 487 1666

339 504 691 573 Ἀπόκρισις.
727 537 795 548 -
841 508 987 564 Ἐκεῖ
1035 512 1119 567 δεῖ
1156 520 1331 570 ποιεῖν
1373 523 1474 590 τὴν
1525 523 1712 595 εὐχὴν.
1766 518 1814 577 οἶ

2003 522 2307 594 Responsio.
2337 554 2409 567 -—
2442 525 2517 581 lbi
2548 529 2783 598 precatio
2821 532 3150 603 peragenda,
3194 535 3284 592 ubi
3312 539 3504 591 ortho-

250 596 456 667 ἐστινὴ
487 597 766 669 ὁρθόδοξθς
798 604 1071 658 κοινωνία.
1098 606 1241 678 Πρὸς
1263 610 1321 663 δὲ
1346 613 1473 677 τοὺς
1502 616 1830 671 κοινωνοῦν-

247 704 354 752 τας
370 691 484 752 τοῖς
514 691 810 761 αίρετικοῖς
843 694 942 748 οὐκ
974 695 1133 750 ίτέον.
1178 699 1265 753 Ἐν
1301 698 1382 767 οἷς
1431 705 1540 775 γὰρ
1591 709 1832 777 μιαίνον·

246 797 345 835 ται
383 784 527 836 κατὰ
553 782 729 856 ψυχὴν
757 785 846 842 διὰ
868 788 963 841 τοῦ
995 788 1167 860 ἄρτου
1203 792 1405 862 αὐτῶν,
1435 799 1829 870 μιανθήσονται

246 874 347 927 καὶ
375 874 518 927 κατὰ.
543 876 721 947 σῶμα.

232 982 242 991 ·
322 963 639 1034 Ἐρώτησις
661 965 830 1021 1Δ’.-
860 969 996 1042 Περὶ
1025 971 1422 1043 βαπτίσματος,
1452 975 1527 1040 ὡς
1557 977 1659 1032 οὐκ
1682 980 1827 1035 ἔστιν

243 1054 515 1125 ἐκκλησία
568 1060 910 1132 κρατουμένη
964 1063 1067 1116 61:6
1097 1064 1408 1134 ὀρθοδὸξου,
1460 1068 1555 1123 ἐὰν
1594 1072 1826 1143 αἰτήση-

240 1160 337 1197 ται
375 1146 524 1214 ἡμᾶς
558 1163 642 1209 τις
668 1147 771 1201 ποῦ
795 1152 899 1221 χρὴ
919 1155 1259 1221 σφραγίζεις),
1299 1160 1576 1226 κατηχεῖν,
1609 1160 1703 1213 καὶ
1736 1160 1827 1230 βα.

240 1232 459 1297 πτίξειν
490 1252 505 1267 ·
547 1239 781 1292 ποταποὶ
811 1240 868 1293 δέ
900 1243 947 1294 οἱ
977 1247 1157 1310 γονεῖς
1185 1247 1279 1299 καὶ⁵
1327 1249 1375 1301 οί
1410 1250 1679 1321 ἀνάδοχοι.

329 1326 685 1396 Ἀπόκρισις.
712 1359 780 1369 -
802 1332 915 1385 Οὐκ
936 1335 1181 1401 εἰσιέναι,
1207 1336 1349 1392 καθα
1371 1340 1715 1411 προείρηται.
1741 1346 1824 1409 είς

236 1414 542 1487 ἐκκλησίαν
606 1423 983 1492 κρατουμένην
1029 1426 1135 1478 ὑπὸ
1201 1428 1480 1498 αἱρετικοῦ
1505 1431 1629 1484 δεῖ·
1669 1434 1821 1505 πόσῳ

236 1523 306 1576 γε
335 1508 537 1577 μᾶλλον
560 1512 628 1566 τὰ
656 1510 954 1584 λελεγμένα
976 1517 1210 1587 πρᾶξαι;
1236 1520 1371 1576 ἀλλὰ
1411 1521 1500 1575 διὰ
1549 1525 1647 1595 τὴν
1686 1530 1822 1582 ἁπο-

237 1602 369 1671 ρίαν
395 1601 690 1671 ἀναγκαῖον
724 1607 806 1669 είς
844 1607 1007 1662 τόπον
1032 1609 1420 1683 καθαρώτατον
1452 1618 1631 1680 οἰκίας
1651 1632 1667 1648 ·
1733 1621 1820 1691 ἐφ’

234 1687 275 1765 ᾗ
313 1693 401 1749 διὰ
450 1693 838 1767 θυσιαστηρίου
885 1699 1351 1773 καθηγιασμένου,
1377 1708 1495 1779 ἦτοι
1517 1687 1817 1783 τραπέζης,

233 1785 340 1857 τὴν
377 1788 692 1859 ἱερουργίαν
723 1792 752 1845 6
790 1792 999 1862 μέλλων
1028 1796 1298 1851 ἐπιτελεῖν
1321 1799 1385 1852 τὸ
1423 1798 1678 1873 φώτισμα
1710 1803 1817 1882 ,θα-

1934 613 2073 669 tloxa
2111 620 2421 672 communio
2444 629 2543 674 est.
2582 620 2662 675 Ad
2692 635 2787 676 eos
2822 632 3004 678 autem
3035 626 3279 696 quicum
3322 628 3495 683 haere-

1932 706 2055 761 ticis
2108 710 2530 775 communicant,
2571 727 2678 765 non
2710 714 2973 769 eundum.
3006 715 3064 771 ln
3096 718 3296 787 quibus
3349 722 3494 776 enim

1930 799 2113 854 animo
2142 799 2329 869 polluti
2368 814 2494 857 sunt
2524 803 2593 857 ob
2638 818 2828 873 panem
2868 804 3132 875 ipsorum,
3167 818 3223 865 et
3267 825 3497 882 corpore

1929 888 2255 959 polluentur.

1998 979 2351 1051 Interrogatio
2388 980 2527 1036 XIV.
2582 1011 2653 1021 —
2691 983 2765 1039 De
2827 985 3117 1056 baptismo,
3153 989 3240 1043 ubi
3272 1006 3377 1044 non
3410 1000 3495 1047 est

1929 1070 2161 1127 Ecclesia
2186 1088 2348 1142 quam
2378 1075 2717 1131 orthodoxus
2738 1077 3000 1143 obtineat,
3035 1080 3080 1134 si
3112 1082 3234 1149 quis
3274 1097 3303 1134 a
3336 1085 3493 1138 nobis

1923 1174 2133 1234 poscat,
2169 1165 2261 1218 ubi
2290 1165 2507 1235 signare
2549 1178 2816 1236 oporteat,
2847 1168 3065 1237 docere,
3099 1179 3153 1225 et
3179 1172 3489 1242 baptizare:

1924 1258 2111 1327 quales
2139 1266 2318 1312 autem
2343 1268 2592 1327 parentes
2623 1274 2687 1314 ac
2726 1262 2947 1329 patrini.

1994 1349 2298 1419 Responsio.
2319 1379 2391 1391 --
2421 1350 2603 1413 Nefas.
2637 1361 2694 1406 ut
2717 1352 2922 1408 dictum
2957 1363 3075 1421 est,
3101 1355 3154 1409 in
3197 1357 3487 1413 ecclesiam

1922 1441 2150 1511 ingredi.
2178 1458 2300 1511 qua:
2328 1443 2397 1496 ab
2418 1443 2673 1498 hazretico
2694 1444 3006 1500 detineatur
3048 1463 3061 1499 :
3097 1457 3317 1517 quanto
3356 1464 3487 1503 vero

1923 1533 2096 1604 magis
2132 1548 2251 1603 quae
2300 1535 2461 1589 modo
2511 1545 2936 1591 commemorata
2969 1549 3099 1593 sunt
3155 1555 3316 1610 agere
3344 1541 3368 1595 τ
3392 1543 3485 1595 sed

1920 1635 2138 1697 propter
2161 1627 2266 1681 loci
2320 1628 2623 1696 penuriam,
2655 1630 2707 1683 in
2738 1630 2919 1685 locum
2960 1631 3154 1686 aedium
3193 1634 3487 1689 mundissi-

1919 1731 2067 1769 mum
2092 1731 2316 1771 necesse
2340 1718 2592 1772 estabire
2623 1735 2635 1769 :
2667 1717 2756 1771 ubi
2782 1734 2945 1788 super
2974 1720 3129 1775 altari
3166 1732 3484 1778 consecrato

1916 1808 1999 1861 vel
2036 1824 2243 1872 mensa,
2277 1808 2370 1877 qui
2405 1823 2561 1863 sacro
2594 1808 2748 1881 fungi
2784 1812 3095 1867 ministerio
3130 1814 3313 1876 debet.
3356 1816 3486 1885 bap-

233 1881 499 1944 πτιζέτω.
572 1884 893 1955 Ἀναδόχους
940 1886 996 1940 δὲ
1051 1889 1295 1954 ἐκείνους
1332 1894 1637 1961 προσιτέον,
1688 1881 1814 1962 τοὺς

1918 1900 2136 1954 tismum
2164 1898 2581 1955 illuminationis
2622 1902 2918 1972 impertiat.
2954 1901 3160 1958 Patrini
3192 1916 3374 1961 autem
3406 1881 3483 1962 illi

231 1971 297 2023 06
328 1974 439 2035 τοῖς
480 1974 781 2045 αίρετικοῖς
832 1979 1248 2046 κοινωνοῦντας,
1293 1984 1388 2037 καὶ
1436 1984 1630 2054 γονέας
1687 1988 1814 2053 τοὺς

228 2060 498 2128 ὡσαύτως
534 2066 998 2137 πεφυλαγμένους.

317 2153 642 2223 Ἐρώτησις
692 2159 793 2211 lE’.
827 2188 897 2201 -—
928 2160 1079 2214 Εἰσὶν
1116 2162 1407 2235 ἐκκλησίαι
1457 2166 1676 2237 ἔχουσαι
1718 2168 1814 2224 δύο

228 2245 487 2334 κογχαςῆ
529 2248 623 2302 καὶ¹
653 2252 802 2319 τρεῖς
842 2267 856 2281 ’
891 2252 1007 2307 ἔστι
1038 2254 1095 2307 δὲ
1122 2253 1183 2319 ἑξ
1214 2257 1393 2312 αὐτῶν
1430 2261 1529 2329 μία
1562 2260 1814 2334 ἁνενθρο-

226 2333 451 2397 νίαστος
471 2348 487 2365 ·
521 2336 626 2408 χρὴ
649 2338 829 2392 ἐκεῖσε
859 2335 1262 2413 λειτουργῆσαι,
1294 2346 1328 2417 ἢ
1355 2346 1418 2400 οὗ
1442 2364 1459 2411 ;

313 2514 687 2585 Ἀπόκρισις.
714 2548 783 2559 -
823 2520 948 2575 Ἐὰν
982 2522 1087 2576 61:6
1132 2523 1227 2578 τὸν
1275 2526 1682 2600 ἀναφερόμενον
1724 2533 1810 2587 ati-

231 2608 446 2676 ρετικόν
484 2610 630 2663 ἐστιν
669 2612 703 2682 ή
736 2612 961 2685 τοιαύτη
1030 2615 1317 2685 ἐκκλησία,
1356 2617 1460 2672 κᾶν
1507 2621 1607 2690 μία
1637 2623 1806 2694 κόγχη

226 2698 291 2751 οὐ
316 2699 675 2770 καθιέρωται,
708 2702 770 2755 οὐ
797 2704 903 2775 χρὴ
934 2704 1271 2776 λειτουργεῖν
1305 2709 1422 2761 ἐκεῖ
1450 2726 1463 2739 ·
1492 2712 1541 2764 εί
1580 2711 1636 2765 δὲ
1668 2728 1809 2785 κρα-

224 2793 403 2844 τεῖται
429 2791 535 2846 61:6
555 2792 861 2865 ὀρθοδόξου,
902 2796 1129 2851 ποιείτω
1169 2798 1513 2872 λειτουργίαν
1574 2804 1654 2870 είς
1708 2803 1808 2878 τὴν

226 2882 435 2955 κόγχην
455 2884 576 2954 ἥτις
598 2885 659 2938 οὐ
684 2884 1036 2957 καθιέρωται.

308 2974 630 3043 Ἐρώτησις
652 2975 855 3043 ισι.-
886 2979 949 3033 Ei
978 2979 1202 3036 δύναταί
1258 3000 1345 3047 τις
1404 2986 1672 3057 κρατῆσαι
1710 2988 1808 3061 τὴν

224 3069 525 3137 ἐκκλησίαν
584 3070 771 3135 αὑτοῦ,
836 3071 923 3127 ἶνα
973 3073 1048 3144 μὴ
1084 3073 1463 3148 λειτουργῆται
1510 3078 1613 3133 61:6
1656 3082 1809 3153 αἱρε-

1912 1990 2257 2056 admittendi,
2296 1992 2536 2061 quicum
2572 1992 2843 2048 haereticis
2869 2009 2976 2048 non
3010 1999 3418 2053 communicent
3456 2016 3473 2054 :

1912 2092 2169 2153 parentes
2196 2084 2447 2139 similiter
2477 2086 2699 2155 integra
2722 2086 2868 2143 ﬁdei.

1984 2173 2339 2245 Interrogatio
2380 2172 2495 2229 XV.
2534 2206 2604 2218 --
2634 2173 2775 2229 Sunt
2837 2176 3109 2239 ecclesiae,
3167 2193 3289 2247 quae
3343 2179 3479 2235 duas

1912 2265 2115 2320 habent
2159 2276 2252 2319 aut
2299 2274 2411 2321 tres
2445 2265 2745 2321 aediculas:
2778 2280 2845 2321 ex
2888 2266 2975 2321 his
3017 2277 3199 2322 antem
3248 2286 3351 2323 una
3397 2282 3479 2326 est

1910 2370 2072 2424 quam
2096 2370 2253 2409 nemo
2266 2355 2547 2422 occuparit
2576 2372 2590 2409 :
2619 2363 2803 2410 utrum
2830 2354 2913 2411 fas
2933 2356 3004 2411 ibi
3036 2373 3255 2413 sacrum
3281 2360 3477 2427 facere,

1910 2457 2090 2499 annon
2125 2446 2148 2500 ?

1977 2530 2285 2601 Responsio.
2326 2563 2397 2575 —
2438 2533 2495 2587 Si
2553 2548 2721 2603 penes
2775 2535 3089 2592 ha'reticum
3142 2538 3476 2595 declaratum

1906 2623 2174 2691 ejusmodi
2220 2625 2450 2679 ecclesia
2491 2636 2597 2689 est,
2651 2628 2755 2684 etsi
2803 2644 2909 2684 una
2961 2631 3194 2688 aedicula
3252 2635 3325 2689 sit
3366 2651 3475 2691 non

1907 2712 2174 2778 dedicata,
2212 2712 2368 2768 nefas
2410 2714 2482 2768 ibi
2514 2730 2731 2771 sacrum
2784 2716 2966 2774 facere
3001 2738 3016 2773 :
3050 2722 3096 2775 si
3140 2737 3266 2776 vero
3310 2739 3476 2793 penes

1906 2804 2266 2858 orthodoxum
2323 2804 2507 2868 fuerit,
2537 2821 2755 2863 sacrum
2814 2822 3105 2882 peragatur
3146 2813 3203 2869 in
3244 2814 3473 2872 aedicula

1906 2910 2027 2964 quae
2049 2911 2157 2950 non
2185 2905 2268 2950 est
2299 2897 2567 2953 dedicata.

1979 2984 2331 3057 Interrogatio
2357 2986 2493 3045 XVI.
2524 3020 2590 3033 -—
2631 2990 2690 3047 Si
2714 3001 2896 3063 potest
2948 2995 3072 3066 quis
3116 2997 3347 3053 ecclesia
3372 3015 3473 3055 sua

1906 3079 2087 3149 potiri.
2121 3090 2179 3133 ut
2200 3096 2265 3133 ne
2282 3096 2499 3137 sacrum
2528 3083 2583 3138 in
2604 3099 2666 3139 ea
2690 3086 2975 3143 haereticus
3015 3088 3182 3145 faciat
3212 3108 3227 3157 ;
3260 3104 3467 3161 quanto

224 3159 384 3215 τικοῦ
425 3178 441 3194 ·
482 3162 648 3216 πόσον
677 3166 867 3235 χρόνον
919 3165 1097 3233 ἔξεστι
1156 3169 1514 3242 σφαλισθῆναι
1542 3188 1557 3203 ·
1619 3174 1711 3227 καὶ
1752 3174 1805 3228 τί

1909 3181 2151 3241 tempore
2169 3171 2325 3226 debet
2344 3183 2658 3242 exspectare
2677 3192 2691 3229 :
2707 3186 2759 3231 et
2773 3178 2899 3247 quid
2917 3179 2983 3233 de
2998 3194 3059 3233 ea
3078 3159 3468 3237 statuendum?

223 3253 433 3323 ὀφείλει
473 3256 604 3325 περὶ
640 3256 813 3327 αὐτῆς
833 3276 849 3324 ς

311 3345 672 3413 Ἀπόκρισις.
709 3379 780 3392 -
815 3347 987 3403 Τοῦτο
1037 3351 1130 3421 ὑφ’
1168 3352 1324 3421 ἡμῶν
1380 3355 1441 3406 οὑ
1495 3354 1709 3410 λέλυται
1744 3356 1803 3410 τὸ

226 3435 523 3503 κεφάλαιον
548 3454 563 3469 ο
596 3438 899 3493 ἐπισκόπου
925 3441 1034 3511 γάρ
1081 3442 1199 3495 ἐστι
1221 3442 1315 3496 τοῦ
1340 3442 1558 3510 λύοντος
1573 3446 1671 3511 τὰς
1706 3450 1800 3501 ἐκ·

224 3525 475 3596 κλησίας.

311 3618 629 3688 Ἐρώτησις
656 3618 754 3675 lZ'.
786 3649 859 3661 —-
901 3621 1024 3675 Ἐὰν
1056 3623 1111 3676 δέ
1162 3627 1300 3679 εἰσιν
1364 3627 1556 3698 ἄνδρες
1584 3645 1645 3683 τε
1706 3629 1802 3683 καὶ

224 3713 506 3779 γυναῖκες,
524 3712 702 3765 λαῖκοὶ
745 3711 1010 3782 αίρετικοί
1038 3715 1147 3768 εἴτε
1189 3710 1298 3770 ἀπὸ
1342 3719 1630 3787 χωρικίας,
1688 3722 1799 3774 εἴτε

230 3798 473 3870 ἔμφυτον
506 3801 720 3872 ἔχοντες
752 3800 849 3872 τὴν
868 3802 1078 3873 αἰρεσιν
1106 3819 1121 3834 ο
1142 3806 1191 3857 si
1213 3804 1421 3869 ἔξεστιν
1449 3807 1651 3863 ἐσθίειν
1682 3810 1799 3879 μετ’

224 3891 430 3954 αὐτῶν,
452 3892 485 3963 ἢ
505 3892 804 3962 λαμσάνειν
838 3892 897 3957 ἐξ
915 3893 1093 3947 αὐτῶν
1116 3894 1169 3947 τί
1195 3912 1342 3951 ποτε.

312 3983 671 4050 Ἀπόκρισις.
703 4012 774 4023 -—
808 3981 943 4037 Οὔτε
983 3984 1033 4036 εί
1065 3985 1129 4040 ἐκ
1159 3986 1447 4051 κακονοίας
1486 3990 1623 4042 εἰσὶν
1650 3991 1793 4059 αἱρε-

226 4076 392 4137 τικοὶ,
410 4074 535 4129 οὕτε
554 4077 603 4129 εί
624 4076 686 4140 ἐξ
715 4076 972 4145 ἀμαθίας,
1009 4076 1216 4143 ἔξεστιν
1247 4078 1276 4149 ἢ
1300 4080 1554 4150 ἐσθίεινῆ
1588 4081 1801 4152 λαμὸάο

226 4182 340 4220 νειν
357 4166 426 4217 τὰ
451 4166 582 4237 παρ’
620 4166 799 4219 αὐτῶν
838 4168 1313 4238 προσενηνεγμένα
1338 4184 1353 4199 ⁸
1384 4172 1485 4225 οὐκ
1502 4169 1618 4225 οἶδα
1646 4175 1694 4226 εί
1724 4177 1797 4245 μή

223 4271 279 4309 τι
300 4257 347 4308 oi
382 4256 612 4325 ἀμαθεῖς
627 4255 1002 4326 βελτιωθιίντες
1032 4259 1331 4331 ὁρθοδοξεῖν
1348 4262 1789 4331 ἐπαγγέλλονται.

309 4345 630 4416 Ἐρώτησις
654 4346 760 4403 lH'.
786 4378 857 4390 -—
886 4349 1020 4419 Περὶ
1051 4350 1145 4403 τοῦ
1169 4352 1372 4422 πατρός
1406 4371 1528 4423 μου,
1569 4358 1617 4408 εἰ
1651 4356 1800 4411 ἐστιν

226 4438 376 4504 ἄξιος
399 4440 482 4502 είς
508 4439 852 4511 λειτουργίαν
881 4442 1313 4511 μνημονεύεσθαι
1338 4460 1354 4509 ;

1978 3344 2287 3417 Responsio.
2327 3377 2398 3389 —
2434 3346 2549 3404 Non
2587 3362 2833 3404 nostrum
2883 3361 2966 3406 est
3014 3352 3142 3407 huic
3174 3353 3339 3424 capiti
3379 3369 3441 3409 sa

1902 3432 2296 3491 tisl'accre:est
2333 3435 2478 3494 enim
2524 3438 2789 3509 episcOpi,
2819 3455 2847 3493 a
2879 3456 2988 3510 quo
3039 3443 3327 3497 solvuntur
3378 3459 3472 3499 ec-

1902 3522 2103 3579 clesite.

1972 3610 2324 3684 Interrogatio
2358 3613 2520 3671 XVII.
2560 3648 2628 3658 —
2668 3617 2723 3672 Si
2754 3620 2845 3689 qui
2885 3630 3064 3676 autem
3099 3631 3227 3676 sunt
3271 3623 3373 3676 viri
3404 3639 3470 3679 ac

1901 3703 2157 3760 mulieres
2174 3705 2373 3761 elaicis
2397 3706 2491 3776 qui
2510 3707 2590 3763 vel
2608 3709 2677 3762 oh
2710 3710 3085 3773 rusticitatem,
3108 3711 3188 3764 vel
3206 3710 3276 3765 ob
3306 3712 3467 3765 inha-

1901 3806 2009 3850 tam
2054 3795 2302 3851 haeresim
2349 3798 2459 3852 sint
2502 3799 2739 3855 haeretici
2778 3819 2793 3856 :
2828 3816 2894 3854 an
2948 3800 3104 3855 liceat
3149 3817 3274 3857 cum
3328 3804 3466 3874 ipsis

1900 3887 2081 3953 edere,
2125 3898 2220 3943 aut
2251 3889 2499 3959 accipere
2535 3892 2829 3961 quidquam
2861 3892 2927 3945 ab
2969 3893 3123 3962 ipsis.

1970 3979 2278 4041 Responsio.
2304 4010 2372 4021 ——
2402 3980 2587 4051 Neque
2620 3983 2666 4035 si
2700 3998 2767 4037 ex
2808 3983 2973 4037 animi
3003 3984 3265 4053 pravitate
3290 3985 3464 4041 haere-

1900 4070 1994 4125 tici
2018 4080 2165 4137 sunt,
2204 4086 2379 4142 neque
2407 4072 2454 4128 si
2497 4088 2564 4128 ex
2617 4075 2942 4143 ignorantia,
2975 4076 3247 4131 autedere
3305 4078 3459 4142 licet,

1901 4171 1995 4216 aut
2017 4163 2265 4232 accipere
2292 4179 2415 4233 qua:
2443 4173 2570 4218 sunt
2596 4165 2663 4218 ab
2698 4165 2764 4241 iis
2791 4165 2975 4219 oblata
3012 4184 3026 4220 :
3064 4166 3165 4221 nisi
3195 4166 3336 4221 forte
3367 4185 3461 4222 ru-

1902 4254 2085 4309 diores
2121 4255 2415 4318 emendati,
2445 4264 2592 4309 recte
2629 4256 2831 4310 sentire
2862 4272 2919 4311 se
2969 4258 3311 4326 proﬁtentur.

1969 4344 2322 4416 Interrogatio
2372 4344 2555 4400 XVIII.
2615 4377 2684 4388 —-
2725 4346 2803 4402 De
2857 4359 3009 4417 patre
3064 4364 3214 4415 meo,
3277 4359 3459 4405 utrum

1902 4451 2002 4507 par
2034 4448 2117 4492 est
2144 4453 2271 4492 eum
2314 4439 2368 4492 in
2396 4454 2455 4493 re
2492 4438 2672 4492 divina
2717 4440 3182 4493 commemorari?

309 4530 671 4601 Ἀπόκρισις.
704 4531 829 4585 Εῖτε
867 4532 1068 4603 πατὴρ,
1094 4534 1207 4587 είτε
1244 4536 1445 4607 μήτηρ,
1494 4539 1602 4592 εἴτε
1643 4539 1796 4593 ἁδελ-

1970 4528 2278 4599 liesponsio.
2310 4559 2382 4571 —-
2412 4528 2535 4585 Sive
2566 4540 2738 4600 pater,
2766 4532 2878 4585 sive
2904 4542 3094 4594 mater,
3129 4533 3241 4587 sive
3270 4530 3456 4598 frater,

227 4622 349 4691 φὺς,
393 4622 427 4694 ἢ
469 4623 717 4677 ὁστισοῦν
755 4624 914 4688 ἄλλος
966 4624 1294 4697 κατελείφθη
1350 4630 1511 4698 μέχρι
1561 4630 1793 4685 θανάτου

228 4714 503 4767 κοινωνῶν
552 4716 620 4786 τῇ
666 4715 908 4786 αἱρέσει,
958 4717 1285 4789 προείρηται
1327 4719 1384 4771 ὲν
1406 4719 1483 4790 τῷ
1535 4722 1793 4795 ἀνωτέρῳ

232 4807 532 4876 κεφαλαίῳ,
571 4807 646 4878 μὴ
694 4808 1126 4880 μνημονεύεσθαι
1164 4812 1222 4862 ἐν
1267 4813 1334 4881 τῇ
1364 4811 1675 4886 λειτουργίᾳ
1709 4832 1722 4846 ·
1746 4819 1794 4870 εἰ

232 4902 305 4971 μή
353 4918 405 4954 τι
438 4901 661 4965 ἕκαστος
697 4901 839 4957 κατά
872 4902 1109 4957 διάνοιαν
1150 4903 1324 4957 ἐλοιτο
1365 4904 1619 4975 εὔχεσθαι
1665 4911 1795 4979 περὶ

227 4991 337 5046 τῶν
364 4992 638 5056 τοιούτων,
666 4994 758 5045 καὶ
794 4993 934 5063 ὑπὲρ
974 4994 1153 5048 αὐτῶν
1183 4997 1357 5049 ποιεῖν
1400 4997 1789 5068 ἐλεημοσύνας.

230 5084 353 5147 Πῶς
375 5085 484 5154 γὰρ
513 5083 579 5138 ἂν
615 5087 643 5139 6
678 5086 758 5139 ἔτι
805 5085 935 5149 ζῶν,
978 5086 1219 5157 μετέχων
1265 5104 1325 5141 τε
1361 5087 1461 5157 τῆς
1514 5091 1793 5160 αἱρετικῆς

233 5176 532 5241 κοινωνίας,
570 5177 662 5229 καὶ
707 5175 881 5241 οὕτως
925 5178 1288 5247 ἐκκομισθεὶς,
1348 5179 1683 5250 ληφθήσεται
1733 5183 1793 5235 ἐν

234 5264 593 5335 μνημοσύνοες
622 5267 761 5320 κατὰ
789 5266 885 5339 τὴν
926 5268 1311 5338 μυσταγωγίαν
1335 5269 1442 5322 τῶν
1476 5271 1791 5341 ὸρθοδόξων;

229 5356 496 5427 οὐδαμῶς.

299 5448 485 5502 Ταῦτα
551 5450 611 5502 ού
665 5452 965 5514 κανονικῶς
1032 5453 1382 5523 ἐφθεγξάμην
1415 5472 1429 5484 ·
1476 5458 1791 5510 ἐπισκόπων

229 5539 338 5609 γὰρ
372 5539 563 5593 τοῦτο·
605 5540 738 5594 ἀλλὰ
773 5541 1243 5613 ωμϐουλευτικῶς
1280 5546 1338 5612 ἐξ
1373 5547 1791 5616 ἀγάπης·οὺδὲν

230 5633 336 5701 γὰρ
361 5632 580 5701 ἀγάπης
616 5633 1071 5705 ἀναγκαιότερον,
1106 5636 1496 5710 φθεγξάμενος.
1538 5642 1601 5693 Εἰ
1636 5640 1692 5693 δέ
1738 5658 1790 5693 τι

230 5726 295 5791 τῇ
319 5724 570 5795 εὐλαϐείᾳ
611 5743 702 5779 σου
734 5726 906 5790 ἄλλως
948 5728 1297 5798 δοκιμάζεται
1354 5735 1745 5804 οἰκονομεῖσθαι
1774 5750 1787 5765 ·

233 5814 392 5881 ἡμεῖς
430 5817 560 5884 περὶ
593 5816 785 5871 τούτου
829 5818 986 5887 λόγον
1024 5823 1121 5875 οὐκ
1159 5824 1371 5894 ἔχομεν,
1407 5825 1441 5893 ἢ
1475 5826 1535 5877 1:6
1572 5826 1791 5877 ἐξαιτεῖ-

1901 4637 1997 4677 seu
2025 4624 2204 4692 quivis
2228 4622 2389 4685 alius,
2422 4623 2793 4692 deprehensus
2824 4621 2989 4677 fuerit
3026 4624 3093 4677 ad
3128 4624 3334 4679 obitum
3366 4639 3459 4678 us-

1894 4729 2000 4784 que
2016 4714 2505 4769 communicavisse
2523 4713 2713 4768 lneresi
2734 4731 2749 4779 ;
2769 4722 2924 4768 antea
2941 4714 3141 4768 dictum
3156 4724 3238 4769 est
3258 4716 3312 4769 in
3331 4730 3459 4785 sup-

1897 4806 2112 4875 periore
2134 4805 2330 4874 capite,
2357 4821 2465 4859 non
2505 4820 2624 4859 esse
2669 4806 2984 4859 memoriam
3010 4806 3153 4861 illius
3193 4805 3245 4859 in
3275 4822 3333 4861 re
3367 4823 3457 4861 sa-

1895 4910 1987 4951 cra
2044 4894 2344 4951 faciendam
2380 4913 2395 4950 :
2431 4895 2524 4950 sed
2547 4908 2725 4949 tamen
2765 4896 2994 4966 quisque
3027 4912 3211 4951 secum
3252 4898 3307 4952 in
3337 4899 3459 4951 ani-

1895 5002 1987 5041 m0
2012 4988 2220 5057 precari
2256 5002 2354 5057 pro
2391 4988 2476 5042 his
2523 4987 2568 5041 si
2604 4989 2751 5043 lubet
2794 4997 2987 5058 potest,
3029 5005 3094 5045 ac
3123 5004 3220 5059 pro
3266 4990 3457 5045 iisdem

1894 5076 2265 5146 eleemosynas
2288 5092 2534 5148 erogare.
2572 5078 2856 5143 Quomodo
2889 5080 3055 5139 enim,
3085 5080 3178 5148 qui
3205 5080 3332 5133 dum
3374 5081 3449 5131 vi.

1895 5176 2063 5231 veret,
2096 5171 2366 5239 particeps
2404 5171 2507 5225 fuit
2543 5172 2806 5225 haeretica:
2839 5172 3263 5237 communionis,
3292 5180 3345 5226 et
3376 5173 3458 5226 sic

1894 5264 2068 5319 elatus
2092 5265 2465 5335 sepultusque,
2492 5267 2670 5319 locum
2697 5264 2915 5320 habebit
2944 5266 2997 5319 in
3017 5266 3307 5337 diptychis,
3325 5267 3452 5321 dum

1894 5372 2007 5413 rem
2065 5372 2277 5412 sacram
2334 5369 2597 5431 peragunt
2649 5360 2979 5415 orthodoxi?
3039 5360 3263 5414 minime
3301 5374 3453 5415 sane.

1964 5446 2089 5502 Haec
2120 5464 2219 5518 ego
2249 5464 2352 5503 non
2383 5462 2640 5520 tanquam
2668 5453 2921 5507 sanciens
2942 5452 3111 5521 legem
3148 5468 3162 5503 :
3198 5465 3320 5503 nam
3353 5450 3456 5506 hoc

1891 5554 2091 5593 munus
2142 5539 2521 5609 episcoporum
2564 5551 2643 5596 est
2683 5560 2696 5597 :
2736 5543 2830 5597 sed
2875 5557 2940 5596 ex
3001 5541 3269 5597 eharitale
3320 5556 3455 5596 con-

1892 5633 2015 5688 silio
2066 5632 2261 5703 juvans
2298 5634 2422 5688 dico
2457 5652 2471 5688 :
2507 5635 2637 5689 nihil
2669 5636 2812 5688 enim
2858 5636 3119 5690 charitate
3157 5634 3329 5705 magis
3355 5649 3451 5688 ne-

1892 5728 2187 5783 cessarium
2220 5739 2317 5783 est.
2354 5726 2409 5781 Si
2443 5745 2570 5783 vero
2594 5730 2747 5784 aliter
2784 5730 3206 5800 dispensandum
3242 5729 3455 5783 videtur

1892 5822 2080 5893 pietati
2120 5832 2223 5877 tua:
2252 5839 2265 5875 :
2294 5836 2390 5876 nos
2418 5822 2484 5877 de
2527 5836 2590 5878 ea
2634 5838 2691 5878 re
2742 5823 2877 5877 nihil
2925 5824 3183 5878 habemus
3249 5821 3452 5887 dicere,
