4184 6514
264 435 405 501 1669

1506 438 1882 501 EPISTOLIE
1922 439 2276 501 INEDITE.

3356 448 3490 513 1670

264 553 536 625 μακαρία,
577 546 727 622 ᾧτινι
782 554 969 625 τρόπῳ
1008 554 1117 608 τῶν
1160 555 1463 624 εἰρημένων
1515 555 1599 626 εἴη
1660 572 1751 607 σου
1803 556 1832 608 6
1859 557 1903 615 Α

1859 557 1903 615 Α
1934 554 2153 610 homine
2176 596 2191 621 ,
2234 572 2264 610 a
2313 556 2421 612 Deo
2449 566 2600 613 arcet
2645 567 2700 613 et
2731 558 2933 613 diaboli
2982 558 3111 614 facit
3140 557 3484 617 familiarem.

263 645 501 710 σκοπὸς,
558 646 650 699 καὶ
713 647 829 698 κατ’
871 646 1003 698 αὐτὸ
1056 646 1272 715 πρόσιθι
1328 648 1439 710 τοῖς
1490 646 1825 716 μυστηρίοις.

263 735 513 791 Γνωστὸν
549 736 606 788 δὲ
647 738 813 790 πᾶσιν
863 739 945 790 ὅτι
984 736 1077 789 νῦν
1120 738 1326 808 αἵρεσις
1356 739 1413 789 ὲν
1443 740 1507 809 τῇ
1535 738 1655 792 καθ’
1684 740 1831 809 ἡμᾶς

278 828 580 899 Ἐκκλησία
632 830 1047 899 κατακρατοῦσα
1099 830 1203 883 τῶν
1250 832 1556 900 Μοιχιανῶν
1588 832 1663 901 (5)
1691 833 1827 884 ἐστι.

264 920 455 972 Φεῖσαι
485 920 665 972 τοίνυν
702 921 800 989 τῆς
829 920 1012 989 τιμίας
1042 937 1134 974 σου
1164 922 1339 991 ψυχῆς
1382 926 1519 992 μετὰ
1539 924 1647 975 τῶν
1678 925 1832 977 ἀδελ-

267 1011 387 1079 φῶν
439 1012 660 1081 καὶτῆς
708 1012 968 1081 κεφαλῆς.
1004 1014 1181 1081 Ἐφης
1224 1015 1279 1067 δέ
1316 1032 1424 1084 μοι,
1461 1016 1540 1068 ὃτι
1590 1016 1833 1080 δέδοικας

268 1103 445 1154 εἰπεῖν
475 1103 552 1171 τῷ
582 1102 936 1173 πρεσϐυτέρῳ
967 1121 1082 1168 σου,
1117 1106 1189 1175 μὴ
1234 1107 1524 1178 ἀναφέρειν
1564 1108 1655 1161 τὸν
1683 1110 1833 1180 αἰρε-

271 1196 505 1265 σιάρχην
531 1194 628 1265 (4).
653 1196 759 1247 Καὶ
780 1196 831 1246 τί
855 1198 982 1266 περὶ
1015 1195 1201 1250 τούτου
1229 1200 1404 1251 εἰπεῖν
1436 1216 1518 1251 σοι
1549 1200 1610 1252 τὸ
1634 1201 1830 1271 παρὸν,

269 1287 334 1336 οὐ
366 1284 610 1355 καθορῶ.
650 1285 793 1355 Πλὴν
832 1287 914 1338 ὅτι
960 1288 1230 1358 μολυσμὸν
1257 1288 1369 1359 ἔχει
1401 1290 1433 1359 ἡ
1472 1290 1719 1345 κοινωνία
1769 1295 1835 1345 ὲκ

276 1376 441 1441 μόνου
474 1375 567 1429 τοῦ
607 1377 917 1445 ἀναφέρειν,
950 1380 1048 1431 οὐκ
1086 1378 1153 1433 ἂν
1200 1381 1476 1449 ὀρθόόοξος
1527 1383 1610 1453 εἴη
1644 1385 1671 1436 6
1703 1384 1835 1436 ἁνα-

274 1469 477 1538 φέρων.
513 1468 571 1520 '0
595 1468 651 1520 δὲ
690 1468 892 1537 Κύριος
921 1472 949 1522 6
987 1472 1043 1523 ὲν
1075 1471 1311 1542 τοσούτῳ
1346 1474 1837 1543 μετρῳεύσεϐείας

274 1561 421 1628 ὑμᾶς
461 1558 703 1627 ἀγαγὼν,
737 1561 898 1623 αὐτὸς
938 1563 996 1613 ἐν
1030 1564 1194 1615 πᾶσιν
1218 1564 1505 1634 ἀπήμονας
1533 1565 1627 1618 καὶ
1657 1566 1835 1619 ὁλοτε-

273 1650 387 1713 λεῖς
421 1651 631 1720 σώματί
680 1667 737 1703 τε
791 1654 886 1704 καὶ
918 1653 1059 1724 ψυχῇ
1093 1654 1231 1724 πρὸς
1276 1656 1383 1708 πᾶν
1432 1655 1591 1725 ἔργον
1635 1657 1837 1724 ἀγαθὸν

277 1744 372 1795 καὶ
402 1743 536 1812 πρὸς
567 1744 747 1796 πᾶσαν
774 1744 1105 1814 αὐτάρκειαν
1128 1745 1241 1815 βίου
1278 1746 1559 1818 συντηρῶν
1582 1748 1840 1817 διαφυλα-

279 1835 408 1900 ξειε,
450 1838 547 1905 τήν
595 1854 654 1888 τε
694 1837 846 1905 ὑμῶν
892 1838 1150 1905 συζυγίαν
1176 1841 1318 1909 φημὶ
1351 1841 1445 1892 καὶ
1478 1840 1576 1901 τὰς
1619 1841 1837 1894 εὐλαϐε-

280 1927 479 1989 στάτας
508 1926 762 1995 ἀδελφὰς,
800 1928 1248 1999 ύπερευχομένων
1270 1930 1484 1983 πάντων
1508 1930 1608 2001 τῆς
1641 1931 1840 2001 ἡμετὲ-

282 2036 380 2090 ρας
409 2018 780 2088 ἁναξιότητος.

279 2306 823 2373 ΣΚΔ’.-Βασι.ῖείῳ
845 2306 923 2372 τῷ
949 2306 1192 2377 ἀοιδίμῳ
1226 2308 1532 2377 ἡγουμένῳ
1553 2309 1674 2363 σὺν
1696 2308 1846 2365 πᾶσι

456 2377 563 2444 τῆς
591 2378 919 2444 σεϐασμίας
943 2376 1137 2446 μονῆς
1163 2376 1463 2447 τοῦάγίου
1488 2380 1666 2435 Σάϐα.

351 2482 505 2555 [Cod.
538 2484 656 2538 Vat.
692 2488 815 2551 (553,
840 2486 879 2539 ἴ.
910 2488 979 2541 45
1022 2486 1100 2559 Ι).]
1134 2488 1253 2539 Τῶν
1303 2490 1401 2558 τῆς
1430 2490 1709 2551 εὐσεϐείας
1756 2491 1843 2545 δο-

278 2578 506 2645 γμάτων
567 2577 921 2633 καθεστώτων
951 2621 964 2646 ,
1022 2581 1378 2650 φιλοτάραχον
1436 2582 1496 2635 τὸ
1558 2583 1843 2638 κινεῖσθαι.

282 2670 499 2722 Τούτων
531 2671 587 2722 δὲ
635 2666 1050 2736 στασιαζόντων,
1086 2672 1160 2735 ὡς
1206 2672 1300 2725 νῦν
1357 2674 1412 2725 ἐν
1453 2676 1516 2746 τῇ
1555 2675 1849 2746 καθ’ήμᾶς

286 2762 519 2831 μάλιστα
556 2762 871 2833 Ἐκκλησία,
903 2764 1017 2826 πῶς
1047 2765 1145 2816 οὐκ
1177 2765 1487 2832 ἁναγκαῖως
1517 2766 1846 2837 διεγερτέον,

286 2853 637 2924 φειδομένους
668 2856 899 2919 οὐδενὸς,
937 2857 1011 2927 μὴ
1040 2858 1121 2910 ὅτι
1141 2874 1205 2925 γε
1244 2860 1456 2928 μακρᾶς
1479 2860 1621 2922 ὀδοῦ,
1652 2860 1759 2913 τῶν
1790 2878 1848 2913 τε

284 2946 460 2999 ἄλλων
504 2946 966 3017 τληπαθημὰτων,
998 2948 1132 3002 ἀλλὰ
1175 2951 1267 3003 καὶ
1296 2944 1457 3002 αὐτοῦ
1493 2952 1723 3005 θανάτου
1748 2970 1849 3005 κοι-

283 3042 608 3106 ταφρονεῑνς
644 3038 788 3109 Αὕτη
831 3042 862 3110 ἡ
889 3041 1035 3093 αἰτία
1061 3042 1158 3111 τῆς
1194 3042 1327 3112 πρὸς
1354 3044 1496 3112 ὑμᾶς
1528 3045 1652 3107 τοὺς
1694 3047 1852 3098 ὁσιω-

286 3130 482 3191 τάτους
515 3130 621 3181 τῶν
659 3133 1041 3199 πνευματικῶν
1065 3134 1220 3203 ἡμῶν
1250 3135 1453 3188 τέκνων
1484 3139 1710 3207 Λητοΐου
1757 3136 1852 3191 καὶ

1866 1885 1914 1944 Β

1932 645 2228 702 Considera
2257 648 2441 719 igitur,
2474 664 2505 702 ο
2537 650 2693 703 beata
2717 688 2732 715 ,
2789 666 3083 719 quamnam
3123 666 3189 705 ex
3220 653 3492 721 praedictis

1933 738 2127 807 agendi
2180 742 2444 795 rationem
2495 742 2587 795 tibi
2639 741 3027 810 proposueris,
3089 751 3142 796 et
3194 743 3490 797 secundum

1933 830 2084 885 illam
2119 831 2183 885 ad
2225 847 2378 886 sacra
2429 832 2685 903 mysreria
2735 832 3003 885 accedito.
3066 830 3276 901 Quippe
3306 834 3493 901 explo-

1932 933 2110 976 ratum
2141 934 2226 978 est
2251 924 2504 977 omnibus
2527 962 2541 985 ,
2576 938 2695 992 quae
2730 938 2873 978 nunc
2920 924 3142 978 haeresis
3193 923 3491 978 Ecclesiam

1934 1020 2177 1065 nostram
2210 1022 2457 1083 occupet.
2492 1012 2922 1067 Mmchianorum
2957 1014 3225 1067 videlicet.
3257 1014 3495 1069 Consule

1936 1099 2118 1169 itaque
2149 1101 2399 1169 pretiosa:
2430 1102 2627 1155 animae
2655 1110 2779 1166 tute,
2816 1111 2871 1155 et
2896 1103 3177 1157 sororibus
3210 1111 3372 1173 atque
3404 1119 3494 1159 ca-

1938 1190 2035 1259 piti
2069 1190 2252 1260 (viro).
2314 1190 2484 1244 Porro
2531 1192 2662 1245 mihi
2713 1191 2794 1246 ais
2849 1192 3023 1245 vereri
3081 1200 3133 1246 te
3185 1193 3367 1249 dicere
3406 1202 3497 1247 tuo

1936 1286 2291 1354 presbytero,
2363 1300 2468 1339 non
2529 1288 2688 1341 licere
2767 1287 3141 1341 haeresiarchas
3220 1288 3494 1359 liturgiam

1937 1374 2135 1429 facere.
2164 1375 2278 1440 Qua
2306 1392 2471 1445 super
2498 1393 2552 1431 re
2577 1378 2805 1447 quidem
2832 1377 2957 1447 quid
2994 1378 3086 1432 tibi
3115 1394 3259 1434 nunc
3289 1379 3499 1434 dicam?

1936 1485 2035 1538 ego
2082 1469 2188 1523 hoc
2240 1486 2431 1524 vacare
2477 1472 2637 1541 culpa
2683 1487 2790 1525 non
2821 1472 3030 1540 judico.
3062 1470 3197 1525 Nam
3236 1471 3363 1540 quia
3403 1472 3496 1526 illa

1937 1560 2251 1612 communio
2280 1559 2569 1628 inquinat,
2620 1575 2737 1630 quae
2778 1561 2833 1613 in
2868 1560 3082 1631 liturgia
3121 1561 3210 1625 (it;
3256 1561 3375 1615 ideo
3404 1562 3497 1631 qui

1938 1647 2067 1702 facit
2108 1650 2379 1719 liturgiam
2412 1690 2425 1715 ,
2477 1650 2619 1703 haud
2671 1651 3013 1705 orthodoxus
3062 1653 3186 1705 erit.
3235 1650 3500 1707 Dominus

1940 1752 2155 1806 autem,
2205 1746 2296 1814 qui
2350 1760 2447 1799 vos
2498 1745 2551 1798 in
2601 1753 2811 1800 tantum
2850 1747 3069 1815 pietatis
3102 1762 3321 1801 cumen
3369 1761 3500 1816 pro-

1940 1837 2112 1900 vexit,
2143 1835 2393 1891 innoxios
2431 1847 2485 1891 et
2521 1836 2882 1907 undequaque
2932 1837 3236 1891 incolumes
3266 1854 3501 1907 corpore

1940 1928 2229 1997 animaque
2284 1930 2351 1982 ad
2381 1945 2540 1984 omne
2574 1945 2713 2000 opus
2754 1929 2979 1994 bonum,
3023 1944 3351 1999 omnemque
3376 1930 3503 1983 vitae

1940 2034 2097 2073 usum
2123 2029 2423 2086 conservet,
2476 2029 2742 2085 vestrum,
2775 2022 3017 2090 inquam,
3068 2022 3405 2090 conjugium,
3449 2030 3503 2075 et

1940 2124 2156 2164 sorores
2197 2111 2640 2181 religiosissimas
2672 2129 2685 2165 :
2715 2112 3007 2181 cunctique
3058 2126 3158 2181 pro
3201 2122 3388 2167 nostra
3417 2113 3503 2168 in-

1940 2202 2200 2270 dignitate
2223 2203 2382 2256 enixe
2412 2203 2735 2271 precemini.

1942 2310 2173 2367 CCXXI.
2205 2344 2274 2352 —
2303 2311 2502 2366 Basilio
2568 2313 2762 2383 inclyta
2817 2314 3029 2380 prasidi
3066 2330 3197 2383 eum
3251 2314 3503 2369 universis

2231 2384 2505 2436 venerandi
2532 2382 2829 2437 monasterii
2857 2384 3024 2436 sancti
3049 2382 3224 2438 Sabw.

2017 2498 2152 2553 Cum
2193 2497 2471 2566 religionis
2502 2497 2749 2567 dogmata
2787 2506 2952 2563 stant,
2983 2498 3070 2552 ille
3102 2497 3502 2566 pertubatorem

1945 2605 2003 2646 se
2034 2589 2232 2659 praebet
2262 2589 2355 2657 qui
2404 2595 2584 2641 motus
2611 2588 2736 2642 ciet.
2794 2588 2889 2643 llis
2939 2599 3119 2643 tamen
3173 2588 3503 2652 commotis,

1947 2680 2026 2735 uti
2063 2695 2209 2733 nunc
2255 2679 2311 2731 in
2358 2686 2544 2733 nostra
2576 2678 2875 2747 praesertim
2920 2678 3166 2732 Ecclesia
3210 2678 3505 2739 usuvenit,

1947 2771 2076 2843 quid
2106 2771 2161 2825 ni
2202 2770 2512 2825 necessario
2536 2770 2975 2839 consurgendum
3003 2771 3075 2825 sit
3102 2808 3117 2834 ,
3161 2769 3405 2837 nullique
3431 2768 3512 2822 la.

1945 2863 2065 2919 bori
2098 2863 2423 2933 parcendum
2451 2903 2465 2927 ,
2506 2877 2682 2931 neque
2712 2860 2874 2929 longo
2910 2859 3130 2926 itineri,
3184 2873 3358 2928 neque
3385 2857 3507 2911 aliis

1948 2954 2230 3018 aerumnis,
2263 2954 2392 3024 quin
2430 2962 2481 3007 et
2519 2954 2634 3022 ipsa
2662 2967 2809 3006 mors
2837 2950 3275 3006 contemnenda?
3305 2950 3417 3005 Hac
3443 2950 3508 3003 de

1951 3061 2141 3111 causa,
2178 3045 2243 3099 ad
2281 3061 2375 3098 vos
2406 3044 2656 3099 misimus
2684 3047 2749 3097 de
2781 3043 3116 3110 spiritalibus
3148 3041 3276 3095 ﬁliis
3308 3040 3511 3095 nostris

1951 3139 2323 3197 sanctissimos
2354 3138 2595 3192 Letoium
2629 3149 2680 3192 et
2708 3139 3039 3192 Simeonem.
3074 3135 3197 3189 Haec
3221 3142 3305 3189 est
3342 3133 3507 3196 ratio,

288 3223 571 3307 ξυμεῶνος
604 3224 678 3295 (5)
707 3225 1029 3294 ἀποστολῆς.
1075 3221 1240 3292 Οὗτος
1288 3229 1315 3281 6
1352 3231 1550 3299 τρόπος
1578 3230 1677 3300 τῆς
1714 3232 1851 3300 μετὰ
1878 3233 1922 3293 C

1878 3233 1922 3293 C
1952 3250 2049 3287 cur
2071 3234 2125 3286 hi
2157 3242 2277 3302 post
2313 3232 2565 3285 ﬁduciam
2599 3247 2726 3299 erga
2775 3228 2947 3285 Deum
2969 3271 2983 3295 ,
3031 3226 3396 3299 periculosam
3432 3224 3508 3279 is-

290 3316 423 3370 Θεὸν
460 3317 833 3386 πεποιθήσεως
865 3318 1218 3384 κινδυνώδους
1239 3323 1295 3375 ὲν
1318 3325 1429 3384 τοῖς
1457 3323 1639 3375 αὐτόθι
1687 3324 1849 3391 ἐκδη-

296 3407 443 3477 μίας.
501 3407 639 3460 Ἀλλ’
667 3402 711 3461 ὦ
751 3410 985 3480 πατέρες
1037 3410 1202 3479 ἅγιοι,
1261 3412 1377 3475 πῶς
1430 3413 1558 3481 ύμῖν
1607 3413 1852 3483 ἐναργῶς

289 3498 616 3571 διηγήσαιμι
654 3500 720 3554 τὰ
752 3503 893 3555 κατὰ
947 3501 1040 3556 τοῦ
1085 3503 1414 3571 Εύαγγελίου
1468 3503 1561 3557 τοῦ
1616 3504 1853 3576 Χριστοῦ

293 3590 399 3644 ὑπὸ
430 3590 535 3644 τῶν
565 3593 796 3646 ἐνταῦθα
819 3593 1153 3663 τολμηθέντα
1182 3596 1273 3648 καί⁵
1316 3595 1655 3665 πραχθέντα;
1693 3596 1855 3666 Ἰερε-

298 3681 428 3750 μίας
455 3685 482 3735 ὁ
510 3681 971 3753 πολυθρηνότατος
990 3676 1091 3735 ὦδὲ
1114 3684 1214 3736 πού
1238 3701 1399 3754 φησιν
1432 3687 1488 3738 ἐν
1523 3688 1639 3747 ταῖς
1664 3684 1854 3737 ἑαυτοῦ

296 3773 679 3843 προφητείαις
706 3773 987 3843 Ποιμένες
1008 3775 1446 3844 ἠρρονήσαντο,
1477 3777 1575 3833 καὶ
1611 3777 1716 3830 τόν
1740 3778 1854 3831 Κύο

286 3882 425 3933 ριον
453 3868 563 3920 οὐκ
591 3864 975 3934 ἐξεζήτησαν.
1011 3866 1271 3920 Ἐνταῦθα
1315 3867 1369 3920 δὲ
1394 3867 1775 3938 χαλεπώτερόν.
1807 3886 1857 3921 τι

296 3954 393 4007 καὶ
420 3954 539 4009 λίαν
566 3955 793 4009 ἔκτοπον
819 3973 832 3985 ·
860 3957 983 4017 τοὺς
1039 3955 1149 4027 γὰρ
1183 3957 1431 4027 ὲκζητεῖν
1468 3958 1629 4012 αὐτὸν
1664 3975 1859 4027 προαι-

300 4047 597 4116 ρουμένους
657 4048 752 4100 καὶ
821 4047 1213 4117 ἀντεχομένους
1303 4046 1395 4101 τοῦ
1449 4048 1613 4117 νόμου
1671 4048 1858 4113 αὑτοῦ,

296 4134 754 4207 ὴλλοτριωμένους
780 4136 940 4189 αὑτοῦ
975 4135 1273 4207 ἁναθέματι
1303 4138 1398 4190 ἀνε
1433 4137 1579 4208 (6)...

1955 3324 2083 3378 thuc
2101 3324 2495 3392 expeditionem
2525 3320 3306 3390 susceperint.Verumtamen,
3324 3317 3513 3372 Patres

1956 3414 2168 3478 sanati,
2222 3413 2495 3482 quomodo
2539 3417 2821 3481 perspicue
2864 3411 3017 3465 vobis
3070 3424 3337 3479 exponam
3392 3424 3514 3478 qua:

1957 3506 2213 3559 adversus
2237 3504 2431 3558 Christi
2468 3503 2819 3574 Evangeliutn
2856 3518 2884 3556 a
2922 3512 3123 3557 nostra:
3152 3501 3392 3571 regionis
3415 3502 3515 3555 ho-

1958 3595 2193 3649 minibus
2245 3610 2373 3649 ausa
2432 3604 2557 3649 sunt
2612 3604 2665 3649 et
2715 3595 2973 3663 peracta?
3050 3593 3518 3648 Luctuosissimus

1957 3686 2173 3755 quidem
2205 3685 2504 3740 Hieremias
2543 3686 2622 3739 sic
2666 3685 2719 3737 in
2754 3701 2847 3738 sua
2901 3684 3181 3753 prophetia
3228 3684 3513 3753 loquitur:

1957 3775 2205 3829 Pastores
2237 3775 2396 3829 stulte
2427 3783 2663 3843 egerunt,
2694 3784 2742 3827 et
2772 3774 3055 3827 Dominum
3098 3790 3197 3826 non
3229 3773 3522 3841 exquisive-

1958 3866 2124 3919 runt?
2153 3864 2223 3917 At
2246 3863 2391 3918 enim
2419 3864 2562 3933 apud
2591 3878 2691 3917 nos
2720 3862 2969 3929 asperius
3009 3902 3025 3928 ,
3055 3862 3257 3931 aliquid
3290 3872 3343 3915 et
3366 3862 3519 3915 valde

1963 3972 2278 4028 perversum
2316 3966 2499 4009 actum
2544 3964 2627 4008 est
2655 3971 2669 4007 :
2696 3953 2895 4009 etenim
2948 3968 3043 4008 eos
3094 3954 3187 4022 qui
3228 3952 3517 4006 Dominum

1963 4048 2248 4116 exquirere
2265 4047 2597 4110 maluerunt,
2619 4046 2849 4114 ejusque
2876 4046 3046 4114 legem
3074 4046 3235 4111 tueri,
3262 4052 3517 4114 tanquam

1966 4137 2290 4207 apostaticos
2314 4137 2660 4191 anathemate
2685 4135 3152 4205 perculerunt.....

376 4465 677 4538 Supersunt
710 4474 968 4536 praeterea
998 4466 1075 4538 (in
1098 4467 1283 4523 codice
1314 4482 1438 4523 χειν
1473 4468 1820 4523 Bibliothecte
1856 4467 2206 4524 Coislinianae
2237 4467 2378 4539 apud
2405 4430 2777 4523 Mox'rraucoxi
2811 4467 3061 4524 Biblioth.
3108 4469 3327 4524 Coislin.
3381 4484 3509 4538 pag.

305 4562 453 4633 194.)
483 4561 731 4632 Epistolaa
759 4562 1004 4615 ducenta:
1033 4570 1087 4615 et
1110 4564 1449 4634 septuaginta
1481 4570 1709 4631 septem,
1768 4578 2045 4633 nunquam
2073 4562 2335 4618 hactenus
2357 4564 2572 4618 emissa:
2602 4564 2655 4618 in
2690 4563 2885 4628 lucem,
2931 4578 3158 4633 quarum
3190 4562 3516 4618 laterculum

303 4650 518 4705 damus.
552 4650 819 4718 Incipiunt
845 4664 873 4702 a
906 4647 1000 4703 fol.
1024 4649 1129 4705 210
1165 4665 1345 4716 verso,
1372 4652 1463 4706 ubi

374 4738 610 4808 Epistola
635 4737 739 4789 272
769 4737 832 4790 ad
868 4736 1164 4806 Josephum
1192 4736 1412 4793 fratrem
1435 4747 1490 4794 et
1512 4739 1979 4811 archiepiscopum
2007 4747 2024 4791 ι

1862 4752 1979 4809 pum
2007 4736 2167 4793 tertio
2191 4735 2464 4792 exsulem.
2486 4734 2708 4790 Initium
2733 4753 2745 4789 :
2780 4733 3083 4807 Ἐδεξάμην
3115 4734 3185 4789 τὰ
3211 4736 3514 4808 γράμματα

303 4825 403 4896 τῆς
426 4826 523 4894 σῆς
562 4825 891 4894 ἁγιωσύνης,
944 4834 1050 4879 etc.

373 4912 500 4966 275.
524 4914 601 4965 Ad
625 4912 893 4966 eumdem.
928 4913 1141 4966 lnitittm
1174 4913 1302 4976 ιΔὶς
1338 4912 1461 4983 ἄρτι
1495 4914 1916 4984 ὲπιστελλόμεθα
1950 4914 2025 4983 τὴε

1370 4930 1461 4983 ,ρτι
1495 4914 1916 4984 ὲπιστελλόμεθα
1950 4914 2047 4983 τὴν
2076 4912 2184 4967 ἀπὸ
2218 4911 2313 4966 τοῦ
2332 4911 2632 4977 Βυζαντίου
2670 4910 2876 4982 ἄφιξιν,
2916 4920 3022 4967 etc.

373 4999 501 5053 274.
531 4999 821 5069 Ettthymio
848 4998 1125 5053 Satrdensi.
1175 4999 1523 5073 Ἐμακρύνθη
1554 5019 1647 5054 σου
1682 5003 1715 5070 ὴ
1746 5001 1982 5084 ὁσιότης,
2008 5012 2116 5055 etc.

378 5085 501 5141 Q75.
526 5085 729 5155 lgnatio
756 5084 1009 5155 episcopo
1037 5085 1222 5141 Mileti.
1254 5086 1476 5159 Εὖρεμα
1504 5088 1667 5140 καλὸν
1690 5088 1956 5158 ὲθήρασα,
1984 5098 2090 5144 etc.

1804 5242 2034 5299 NOTAE.

387 5355 462 5421 (3)
483 5354 775 5428 Notissima
788 5364 873 5411 est
901 5357 956 5410 in
989 5356 1214 5426 Studita:
1243 5358 1461 5428 scriptis
1474 5356 1695 5411 haeresis
1726 5357 1857 5412 hcce.

312 5425 448 5481 Nam
478 5441 599 5480 cum
633 5425 1023 5480 Constantinus
1055 5429 1231 5484 [renes
1260 5425 1421 5491 (ilius,
1452 5429 1571 5495 ejus
1601 5429 1861 5495 temporis

314 5498 628 5565 imperator,
666 5496 817 5565 pulsa
856 5496 1094 5565 legitima
1128 5514 1335 5563 uxore,
1376 5498 1535 5550 aliam
1573 5495 1817 5549 duxisset
1842 5536 1857 5558 ,

314 5576 428 5621 tum
464 5566 579 5635 ipse
604 5575 717 5619 tum
743 5565 861 5635 ejus
887 5568 1143 5622 favitores
1169 5569 1296 5623 dicti
1337 5576 1463 5621 sunt
1500 5566 1792 5630 mmeln'ani,
1831 5582 1861 5621 a

319 5635 555 5707 μοιχείᾳ,
578 5635 858 5707 adulterio.

386 5703 463 5775 (ᾗ)
479 5703 1040 5775 Intelligitlosephum
1064 5721 1406 5761 mconomum
1422 5706 1514 5776 qui
1545 5704 1863 5776 adulterinis

317 5774 675 5845 imperatoris
714 5776 917 5845 nuptiis
963 5778 1323 5831 benedixerat.
1406 5774 1479 5829 De
1534 5790 1598 5828 eo
1658 5774 1864 5845 Studita

320 5842 491 5916 Epist.
525 5843 617 5898 lib.
645 5842 703 5910 1,
731 5842 808 5898 21-
852 5854 906 5900 et
948 5846 1039 5901 ‘22.
1095 5845 1223 5902 Sic:
1258 5846 1430 5899 Ἔστω
1466 5845 1762 5913 οἰκονόμος·
1816 5844 1868 5897 τί

1962 5359 2056 5411 καὶ
2081 5356 2313 5422 ἀναξίως
2331 5355 2606 5427 ίερουργεϊ
2627 5370 2655 5427 ;_
2676 5352 2922 5427 Ἐξέλιπε
2949 5350 3315 5427 πρεσϐύτερος
3343 5370 3368 5427 εΔ
3393 5355 3522 5427 Eata

1964 5441 2291 5489 monemus;
2326 5422 2420 5477 cu'r
2446 5422 2602 5478 etiam
2638 5424 2846 5493 indigne
2886 5425 3052 5477 sacris
3080 5422 3371 5492 operatur?
3422 5423 3525 5476 De-

1963 5499 2053 5553 εἰει
2086 5512 2196 5550 esse
2219 5495 2510 5563 presbyter.

2040 5567 2118 5636 (5)
2140 5565 2218 5618 Ad
2250 5562 2399 5636 hunc
2421 5562 2727 5636 Simeonem
2754 5563 3396 5636 strenuutnqorthodorize
3422 5564 3528 5636 tle-

1961 5632 2230 5691 {ensurem
2278 5634 2466 5702 scribit
2491 5632 2703 5685 Studita
2732 5633 2985 5702 epistolas
3026 5634 3117 5687 lib.
3168 5632 3227 5702 l,
3270 5634 3335 5687 21
3366 5674 3381 5701 ,
3412 5632 3483 5686 22
3509 5673 3525 5697 ,

1962 5706 2073 5768 εδ,
2116 5713 2170 5759 et
2202 5703 2295 5756 lib.
2324 5701 2389 5764 ιι,
2413 5703 2499 5757 so.
3013 5768 3015 5771 .

2045 5774 2121 5845 (5)
2158 5771 2337 5845 Innuit
2350 5772 2561 5845 decreta
2590 5770 2782 5845 synodi
2798 5770 3242 5845 lcouomachicaé,
3267 5779 3334 5832 ad
3363 5787 3527 5843 quam

1974 5840 2163 5902 scribit
2184 5840 2393 5897 Studita
2426 5842 2581 5912 epist.
2615 5842 2708 5895 lib.
2742 5840 2806 5906 ll,
2843 5843 2893 5896 l.
