4184 6478
741 397 868 463 1671
1915 398 1976 457 S.
2010 394 2402 457 THEODORI
2441 392 2787 453 STUDITIE
3838 375 3961 438 1672

802 508 927 565 276.
958 507 1153 564 Joanui
1184 507 1474 578 praeposito
1496 505 1825 561 Chalcedon.
1852 505 1906 560 in
1931 506 2182 562 exsilium
2214 505 2401 560 misso.
2430 503 2454 556 ’ὲ

1855 505 1906 560 in
1931 506 2182 562 exsilium
2214 505 2401 560 misso.
2430 502 2767 571 Ἐδουλόμην
2787 498 3024 568 διακόνῳ
3052 493 3382 567 χρησασθαι,
3400 503 3507 546 etc.

801 596 929 650 271.
961 597 1126 650 lrenz
1148 595 1415 650 Patricia}.
1452 596 1544 647 Σοὶ
1577 596 1781 663 πρέπει
1814 594 2003 664 ὕμνος,
2034 604 2141 649 etc.

801 685 926 738 278.
953 683 1227 738 Zacharim
1265 683 1478 753 ὑπάτῳ.
1505 681 1849 751 ’Δσπάζομαί
1876 698 1958 745 σε,
1987 681 2237 750 ἄνθρωπε
2265 679 2357 734 τοῦ
2379 679 2537 746 Θεοῦ,
2554 689 2658 735 etc.

799 771 926 829 279.
956 772 1254 826 Athanasio
1286 771 1413 825 ﬁlio.
1450 771 1633 837 Ἔγνω
1658 773 1686 823 ό
1718 769 1849 833 Θεὸς
1878 770 2003 833 τοὺς
2037 769 2197 832 ὄντας
2220 768 2403 822 αὑτοῦ.

801 860 928 916 280.
962 862 1247 916 Timotheo
1276 860 1408 923 ﬁlio,
1439 855 1507 912 Ὦ
1530 859 1663 911 καλὲ
1694 859 1947 928 ’1“ιμόθεε.

799 950 926 1003 281.
964 949 1215 1004 Anatolio
1245 959 1299 1003 et
1328 946 1589 1002 Suhhatio
1614 946 1758 1001 ﬁliis.
1792 946 1995 1015 Τρίτην
2034 945 2239 1015 ταύτην
2273 943 2451 997 ἐπιστι

1116 949 1215 1004 alio
1245 959 1299 1003 et
1328 946 1589 1002 Suhhatio
1614 946 1758 1001 ﬁliis.
1792 946 1995 1015 Τρίτην
2034 945 2239 1015 ταύτην
2273 942 2566 1015 ἐπιστολὴν
2594 942 2768 1013 ὑμῶν.

798 1035 927 1089 282.
953 1034 1113 1090 Petro
1141 1034 1351 1089 Nicaeae.
1380 1034 1646 1097 Πολλάκις
1680 1034 2015 1104 προθέμενος
2042 1030 2365 1088 ἐπιστεῖλαι.

798 1118 922 1176 285.
955 1123 1195 1192 Josepho
1220 1124 1538 1193 prcposito.
1569 1120 1837 1189 Ἤνεγκεν
1860 1124 1887 1174 ὀ
1909 1121 2122 1192 καιρός.

797 1210 923 1263 284.
959 1210 1212 1280 Gregoraa
1241 1209 1401 1265 laico.
1450 1210 1513 1263 ’11
1546 1210 1711 1279 πολλή
1743 1226 1837 1262 σου
1862 1211 1954 1263 καὶ
1980 1210 2157 1279 Οερμὴ
2189 1208 2451 1261 διακονία.

796 1297 922 1351 285.
947 1298 1116 1351 Annae
1148 1298 1450 1367 praepositae
1491 1296 1710 1351 inclusa:
1749 1298 1818 1350 ob
1840 1297 2135 1352 Christum.
2170 1296 2233 1348 Τί
2263 1293 2328 1347 ἂν
2358 1295 2448 1347 axe

1708 1320 1710 1331 ν
1749 1298 1818 1350 oh
1840 1297 2135 1352 Christum.
2170 1296 2233 1348 Τί
2263 1293 2328 1347 ἂν
2358 1292 2593 1357 ἀκούσας
2620 1290 2750 1363 περὶ
2774 1289 2876 1360 τῆς
2903 1287 3218 1360 τιμιότητός
3244 1307 3360 1348 σου.

797 1383 921 1438 286.
957 1386 1121 1439 Leoni
1156 1384 1411 1441 Patricio.
1437 1383 1500 1437 El
1540 1384 1704 1448 αὐτὸς
1738 1386 1837 1437 οὐκ
1867 1385 2081 1447 ἀτονεῖς
2115 1377 2173 1435 εὖ
2208 1386 2405 1435 ποιεῖν.

796 1475 921 1532 287.
950 1477 1117 1533 lrenae
1141 1476 1389 1532 Patriciae
1418 1477 1580 1531 domo
1610 1477 1679 1531 oh
1705 1476 1862 1530 ﬁdem
1894 1474 2098 1543 ejecta.
2138 1472 2278 1541 Ἐγὼ
2308 1474 2448 1527 κᾶν(

1466 1492 1580 1531 omo
1610 1477 1679 1531 oh
1705 1476 1862 1530 ﬁdem
1894 1474 2098 1543 ejecta.
2138 1472 2278 1541 Ἐγὼ
2308 1474 2410 1527 κᾶν
2431 1471 2491 1527 οὐ
2520 1473 2761 1543 δέχωμαι
2795 1468 3118 1540 γράμματα.

794 1569 922 1625 288.
951 1569 1174 1625 Nom-ho
1210 1570 1371 1625 laico.
1410 1569 1589 1622 Πολλά
1629 1586 1721 1621 σου
1756 1567 1825 1620 τά
1849 1568 2048 1635 ἀγαθά.

794 1660 922 1717 289.
956 1662 1322 1717 Euschemoui
1352 1660 1746 1732 Lampsaceno.
1782 1663 1995 1731 Ἐγνων
2018 1661 2092 1725 ὡς
2121 1663 2153 1731 ὴ
2179 1661 2397 1732 ὁσιότης
2432 1680 2446 1713 c

1731 1702 1746 1718 .
1782 1663 1995 1731 Ἕγνων
2018 1661 2092 1725 ὡς
2121 1663 2153 1731 ὴ
2179 1661 2397 1732 ὁσιότης
2432 1679 2526 1713 σου
2558 1660 2814 1729 εἴληπται
2850 1656 2954 1711 ὑπὸ
2982 1657 3090 1711 τῶν
3118 1654 3381 1712 διωκτῶν.

793 1755 918 1813 290.
951 1757 1209 1815 llilarioni
1239 1759 1711 1816 Archimandritze.
1747 1751 1920 1829 Εῦρον
1949 1756 2045 1825 ὀψὲ
2076 1756 2170 1809 τοῦ
2197 1755 2393 1827 καιροῦ
2416 1757 2445 1809 ἁ

1140 1762 1209 1814 )η1
1239 1759 1711 1816 Archimandritze.
1747 1751 1920 1829 Εῦρον
1949 1756 2045 1825 ὀψὲ
2076 1756 2170 1809 τοῦ
2197 1755 2393 1827 καιροῦ
2416 1754 2792 1809 ἀσπάσασθαι.

792 1846 918 1903 291.
955 1850 1339 1906 Grammaticis
1368 1851 1577 1906 duobus
1610 1850 1888 1904 fratribus.
1923 1848 2087 1902 Οὐδὲν
2120 1848 2294 1917 ἰσχύει
2325 1848 2383 1901 τὸ
2413 1865 2444 1916 γ

1284 1852 1339 1905 ris
1368 1851 1577 1906 duobus
1610 1850 1888 1904 fratribus.
1923 1848 2087 1902 Οὐδὲν
2120 1848 2294 1917 ἰσχύει
2325 1848 2383 1901 τὸ
2413 1848 2647 1918 γράμμα
2680 1848 2742 1900 τὸ
2784 1846 2936 1916 ἐμόν.

791 1936 916 1991 292.
952 1936 1226 2010 Stephano
1257 1942 1607 1997 consobrino.
1644 1939 1885 2010 Ἐμαϐον
1916 1938 1991 2001 ὡς
2019 1942 2301 2011 κρατείσαι
2334 1941 2424 1992 καὶ

1955 1956 1991 2001 »ς
2019 1942 2301 2011 κρατείσαι
2334 1941 2424 1992 καὶ
2469 1938 2632 2002 αὐτὸς
2664 1938 2770 1992 ὑπὸ
2792 1937 2900 1991 τῶν
2931 1936 3262 2009 δυσωνύμων
3287 1935 3607 2009 αἱρετικῶν.

790 2031 919 2087 295.
957 2034 1318 2107 Κηροπράτῃ.
1348 2036 1571 2087 cerario.
1618 2033 1705 2086 'Ev
1734 2036 1854 2098 ταῖς
1887 2033 2125 2105 ἡμέραις
2149 2034 2401 2096 ταύταιςί

790 2124 915 2180 294.
950 2124 1110 2180 Leoni
1141 2128 1611 2199 ἀρωματοπράτῃ,
1636 2129 1979 2183 aromatario.
2027 2128 2355 2182 Ἐπιστέλλω
2379 2146 2440 2181 σο

1636 2129 1979 2183 aromatario.
2027 2128 2355 2182 Ἐπιστέλλω
2379 2146 2460 2181 σοι
2492 2129 2586 2182 καὶ
2605 2126 2679 2192 ὡς
2703 2126 2974 2198 ἀνθρώπῳ
2998 2124 3092 2178 τοῦ
3122 2123 3277 2179 Θεοῦ.

788 2217 915 2272 295.
950 2218 1213 2273 Politiano
1246 2220 1564 2275 domestico.
1599 2222 1804 2283 Ὄντως
1836 2220 1988 2290 ἔργῳ
2012 2220 2106 2273 καὶ
2137 2218 2279 2287 λόγῳ
2306 2220 2457 2287 φίλος
2503 2214 2571 2276 εἴ,

789 2310 913 2366 296.
949 2311 1115 2366 Annae
1140 2313 1379 2366 moniali.
1416 2313 1526 2366 Kal
1556 2312 1631 2384 μὴ
1658 2313 1944 2384 δεχόμενος
1976 2312 2311 2384 ἀντίγραφα.

788 2402 913 2457 297.
942 2403 1217 2459 Zachariae
1240 2404 1465 2476 llypato.
1500 2406 1608 2459 Kal
1645 2406 1806 2459 πάλιν
1835 2404 2043 2476 γράψαι
2070 2407 2134 2475 τῇ
2158 2403 2399 2473 Θεοφιλεί
2436 2428 2440 2453 λ

1145 2406 1217 2459 ia:
1240 2404 1465 2476 llypato.
1500 2406 1608 2459 Kal
1645 2406 1806 2459 πάλιν
1835 2404 2043 2476 γράψαι
2070 2407 2134 2475 τῇ
2158 2403 2399 2473 Θεοφιλεῖ
2436 2402 2655 2474 εὐκλείᾳ
2685 2420 2797 2458 σου.

788 2494 911 2552 298.
945 2495 1110 2551 Leoni
1134 2498 1330 2553 amico.
1364 2500 1477 2551 Ούκ
1500 2497 1864 2567 ὲπιλέλησμαί
1894 2515 2007 2561 σου,
2036 2492 2081 2551 ὦ
2112 2496 2256 2566 φίλε.

788 2586 910 2643 299.
939 2586 1168 2660 llypato.
1199 2591 1497 2663 Ἔδεξάμην
1525 2609 1639 2657 σου,
1666 2591 1884 2660 ἀδελφέ.

787 2678 912 2735 500.
961 2681 1377 2754 ’Δνεπίγρσφος.
1411 2685 1522 2738 Οὐκ
1551 2684 1655 2739 ἔδει
1687 2686 1777 2738 τὸν
1808 2686 1908 2756 τῆς
1936 2680 2239 2743 εύσεσείας.

786 2770 911 2828 501.
948 2772 1158 2829 Isidoro
1189 2777 1464 2848 Bysantio.
1488 2777 1868 2848 Μνημονεύεις
1897 2793 1999 2848 μου
2034 2777 2139 2839 ἀεὶ,
2162 2769 2207 2829 ὦ
2236 2772 2357 2845 φίλε
2386 2774 2544 2829 καλέ.

787 2866 913 2921 502.
937 2866 1169 2940 Georgio
1201 2871 1536 2926 xenodocho.
1566 2870 1925 2940 Καταγώγιόν
1951 2888 2044 2923 σου
2070 2868 2328 2940 μανθάνω
2349 2864 2513 2924 εἷναι.

788 2959 913 3016 505.
946 2962 1240 3019 Naucratio
1272 2965 1403 3021 lilio.
1442 2967 1660 3037 Ἐπειδὴ
1687 2967 1979 3038 εὐδόκησεν
2010 2968 2038 3020 ό
2067 2966 2273 3033 ἀγαθὸς
2315 2966 2473 3030 Θεός.

788 3052 912 3107 504.
951 3052 1157 3110 Eidem.
1183 3056 1571 3129 Εύχαρίστησα
1602 3058 1679 3129 τῷ
1710 3060 1897 3129 Κυρίῳ
1928 3061 1954 3112 ό
1982 3058 2241 3122 ταπεινὸς
2273 3058 2396 3112 ίδὼν
2421 3057 2512 3111 τὸν
2539 3056 2765 3124 eadem
2788 3056 3105 3128 Προτέριον.

786 3142 911 3197 505.
951 3143 1161 3200 Eidem.
1208 3147 1295 3199 'Ev
1325 3149 1439 3211 τοῖς
1463 3147 1598 3218 πρὸς
1627 3150 1716 3201 τὸν
1746 3148 1973 3218 ἀδελφὸν
2004 3147 2432 3219 ἀρχιεπίσκοπον
2459 3149 2806 3216 γράμμασιν.

787 3234 913 3291 506.
952 3234 1157 3292 Eidem.
1183 3236 1353 3291 Παντὶ
1378 3239 1801 3310 προλαμϐάνεις,
1836 3240 2023 3292 τέκνον
2056 3257 2181 3309 μου.

786 3330 912 3386 507.
945 3330 1150 3388 Eidem.
1184 3331 1275 3403 Τῷ
1305 3331 1443 3397 ῦντι,
1471 3332 1679 3399 τέκνον,
1718 3332 1981 3403 ἤσχαλλον
2004 3334 2063 3385 ὲν
2090 3336 2156 3403 τῇ
2192 3331 2507 3404 βραδύτητι.

783 3425 911 3484 308.
946 3427 1149 3482 Eidem.
1174 3426 1370 3490 Καλῶς
1397 3428 1683 3496 ἐποίησας,
1717 3428 1905 3481 τέκνον
1939 3444 2064 3497 μου.

786 3516 913 3570 509.
948 3516 1154 3570 Eidem.
1194 3515 1325 3568 Ἀπό
1355 3533 1414 3568 τε
1444 3518 1542 3587 τῆς
1574 3515 1796 3585 πρώτης
1823 3516 2199 3587 καὶδευτέρας
2234 3532 2327 3569 σου
2355 3516 2668 3587 ἐπιστολῆς.

785 3605 912 3662 510.
946 3607 1155 3661 Eidem.
1180 3609 1284 3663 Τὸν
1312 3608 1538 3673 ἀδελφὺν
1574 3609 1864 3663 Σιλουανὸν
1885 3609 2000 3679 ἅμα
2021 3609 2100 3677 τῷ
2137 3609 2421 3680 Δωροθέῳ.

784 3696 909 3751 511.
942 3695 1177 3767 Josepho
1204 3697 1355 3753 fratri
1395 3707 1448 3754 et
1474 3699 1905 3770 archiepiscopo.
1945 3699 2085 3769 Ἐγὼ
2112 3700 2436 3771 εύχαριστῶί

1152 3712 1177 3751 ο
1204 3697 1355 3753 fratri
1395 3707 1448 3754 et
1474 3699 1905 3770 archiepiscopo.
1945 3699 2085 3769 Ἐγὼ
2112 3700 2415 3771 εὐχαριστῶ
2432 3699 2509 3768 τῷ
2534 3700 2653 3769 Θεῷ
2682 3715 2804 3769 μου.

787 3788 911 3843 512.
939 3788 1226 3861 Euthymio
1256 3790 1534 3846 Sardensi.
1574 3790 1666 3855 Al;
1695 3793 1820 3861 ἄρτι
1850 3792 2153 3845 ἐπιστέλλω
2180 3795 2245 3862 τῇ
2280 3808 2439 3862 μάκει

1144 3790 1226 3844 nio
1256 3790 1534 3846 Sardensi.
1574 3790 1666 3855 Al;
1695 3793 1820 3861 ἄρτι
1850 3792 2153 3845 ἐπιστέλλω
2180 3795 2245 3862 τῇ
2280 3792 2645 3862 μακαριότητι
2681 3808 2796 3847 σου.

784 3883 909 3938 515.
940 3882 1199 3938 Patricio.
1231 3885 1548 3954 ’οφειλέτην
1576 3886 1814 3954 ἐμαυτὸν
1864 3884 2235 3955 λογιζόμενος.

788 3975 914 4030 514.
947 3977 1247 4031 Athanasio
1277 3978 1409 4031 ﬁlio.
1448 3978 1649 4049 Γράφω
1681 3994 1763 4031 σοι
1782 3977 1850 4031 τά
1877 3978 1992 4043 νῦν,
2013 3978 2206 4032 τέκνον
2233 3996 2335 4047 μου

784 4068 908 4121 515.
940 4068 1231 4124 Naucratio
1255 4069 1383 4124 11110.
1416 4071 1522 4123 Καὶ
1544 4071 1620 4141 μὴ
1655 4068 2149 4141 παρεμπιπτούσης
2171 4071 2424 4142 ἀφορμῆς

1169 4070 1231 4124 Lio
1255 4069 1383 4124 ﬁlio.
1416 4071 1522 4123 Καὶ
1544 4071 1620 4141 μὴ
1655 4068 2149 4141 παρεμπιπτούσης
2171 4071 2424 4142 ἀφορμῆς
2453 4070 2821 4140 γραμμάτων.

784 4161 909 4217 316.
946 4162 1153 4216 Eidem.
1196 4163 1428 4217 Ὀπόταν
1460 4164 1617 4234 μάθω
1650 4164 1741 4217 τὸν
1766 4164 2115 4234 χελανδάριον
2140 4166 2429 4234 ἐπιστῆναι
2462 4164 2647 4235 μόνον.

784 4257 908 4312 517.
937 4258 1143 4312 Eidem.
1186 4256 1617 4328 Ἐγρηγόρησας,
1649 4260 1839 4313 τέκνον
1877 4276 2001 4329 μου.
2030 4258 2212 4313 δοῦναί
2240 4277 2330 4330 μοι
2354 4262 2558 4333 μικρὰν
2589 4259 2943 4331 ἀμεριμνίαν.

782 4345 905 4400 518.
940 4344 1147 4401 Eidem.
1192 4346 1279 4411 Ὠς
1310 4348 1450 4401 καλά
1478 4365 1571 4401 σου
1598 4348 1667 4401 τὰ
1699 4350 2028 4420 γράμματα.

783 4439 909 4495 319.
945 4439 1151 4493 Eidem.
1194 4438 1413 4501 Ἱκανῶς
1443 4440 1589 4509 ἡμᾶς
1647 4439 1974 4506 ἐξεδίδαξας,
2002 4435 2048 4494 ὦ
2076 4440 2289 4494 τέκνον.

782 4529 907 4585 520.
943 4528 1129 4584 Eidem
1167 4528 1458 4599 Ἐξὲπληξὲ
1482 4546 1548 4600 με
1574 4529 1694 4583 λίαν
1725 4532 1761 4601 ἡ
1782 4531 2033 4599 ἀγγελία.

780 4624 905 4681 321.
938 4623 1144 4680 Eidem.
1175 4623 1357 4687 Κόττος
1387 4626 1523 4687 ἐστὶ,
1547 4624 1758 4688 τέκνον,
1788 4625 1847 4676 ὲν
1870 4623 1947 4693 τῷ
1970 4623 2271 4693 τηλικούτῳ
2290 4624 2540 4693 χειμῶνι.

780 4720 907 4777 522.
938 4720 1202 4792 Gregorio
1230 4719 1362 4774 ﬁlio.
1390 4720 1504 4773 Νῦν
1538 4720 1726 4790 καιρὸς
1755 4720 1849 4773 καὶ
1885 4717 2203 4790 μονομερῶς
2234 4736 2317 4771 σοι
2345 4720 2432 4772 ἐπι

1015 4720 1202 4792 egorio
1230 4719 1362 4774 ﬁlio.
1390 4720 1504 4773 Νῦν
1538 4720 1726 4790 καιρὸς
1755 4720 1849 4773 καὶ
1885 4717 2203 4790 μονομερῶς
2234 4736 2317 4771 σοι
2345 4720 2666 4777 ἐπιστεῖλαι.

780 4815 904 4869 525.
940 4813 1256 4869 Theoctisto
1291 4813 1422 4867 ﬁlio.
1448 4812 1509 4865 Ei
1529 4815 1622 4866 καὶ
1658 4811 1737 4883 τῷ
1768 4810 1981 4882 σώματι
2008 4811 2315 4882 ὲχωρίσθην
2348 4828 2467 4865 σου.

780 4904 905 4960 525.
931 4903 1200 4959 Dorotheo
1228 4904 1358 4959 ﬁlio.
1389 4904 1593 4975 Καιρός
1626 4921 1716 4974 μοι
1748 4902 2187 4974 μονοπροσώπως
2212 4918 2294 4954 σοι
2326 4903 2659 4956 ἐπιστεῖλαι.

781 4995 906 5051 325.
942 4996 1172 5053 Basiano
1202 4998 1333 5052 11110.
1365 4997 1569 5068 Καιρός
1594 5013 1683 5067 μοι
1712 4994 2027 5066 μονομερῶς
2057 5010 2140 5047 σοι
2165 4994 2488 5048 ἐπιστεῖλαι.

780 5091 903 5147 526.
938 5092 1205 5148 Τὶιαάόωθ
1233 5092 1341 5147 11110
1359 5105 1413 5148 et
1433 5092 1755 5148 confessori.
1782 5086 1858 5143 Ὠ
1875 5090 2100 5144 Θαδδαῐε
2134 5090 2432 5160 στρατιῶτα

1434 5092 1755 5148 confessori.
1782 5086 1858 5143 Ὠ
1875 5090 2100 5144 Θαδδαῐε
2134 5090 2440 5160 στρατιῶτα
2469 5086 2723 5161 Χριστοῦ.
2766 5086 2953 5143 Mutila
2982 5097 3086 5146 est.

780 5185 905 5239 327.
934 5186 1119 5239 Letuio
1156 5185 1287 5239 ﬁlio.
1313 5187 1387 5238 Ού
1414 5186 1503 5239 διὰ
1540 5186 1759 5255 μακρᾶς
1784 5184 2033 5255 περιόδου
2060 5201 2147 5251 μοι
2178 5184 2207 5236 ό
2237 5183 2418 5251 λόγος.

782 5274 907 5327 528.
943 5272 1252 5328 Bessarioni
1281 5273 1413 5327 ﬁlio.
1453 5273 1610 5342 Χαρά
1631 5289 1722 5341 μοι
1757 5273 1848 5325 ἐπὶ
1879 5274 1980 5333 σοὶ,
2004 5271 2195 5325 τέκνον
2220 5288 2343 5341 μου.

778 5368 905 5424 529.
942 5366 1065 5419 Tito
1102 5374 1155 5419 et
1178 5364 1389 5420 Philoni
1420 5364 1566 5419 ﬁliis.
1608 5362 2042 5433 Ἑπισκέπτομαι
2066 5363 2230 5432 ὑμᾶς.

780 5460 905 5517 550.
938 5457 1145 5529 lgnatio
1176 5458 1308 5512 lilio.
1343 5457 1454 5511 Kal
1476 5458 1576 5511 οὐκ
1612 5456 1901 5527 ἠδυνήθην.

780 5553 905 5608 551.
930 5551 1138 5605 Eidem.
1160 5545 1231 5603 Ὠ
1256 5549 1387 5602 καλέ
1416 5566 1516 5619 μου
1545 5550 1794 5617 ’1γνάτιε.

778 5647 903 5703 552.
942 5642 1230 5699 Naucratio
1255 5642 1384 5697 11110.
1420 5642 1801 5713 Πεπονημένος
1828 5642 2191 5695 ἀπεσκόπουν.

778 5740 904 5793 555.
935 5735 1145 5792 Eidem.
1174 5738 1241 5789 Al
1273 5736 1621 5806 περιστάσεις
1648 5735 1746 5798 τὰς
1772 5735 1871 5804 τῆς
1898 5734 2076 5805 ψυχῆς
2111 5735 2437 5800 ὑποστάσεις
2467 5734 2716 5802 αύξουσι.

780 5833 902 5888 551.
930 5831 1131 5886 Eidem.
1166 5831 1332 5885 Ὅσον
1355 5828 1636 5899 ἡθύμησεν
1668 5832 1835 5899 ἡμᾶς.
