4184 6544
230 464 372 529 1673
1463 470 1845 533 EPISTOL/E

1807 470 1845 532 ε
1883 469 2237 534 INEDlT/E.
3330 423 3459 488 ¹⁶⁷⁴

303 576 427 631 555.
463 575 671 632 Eidem.
698 577 810 631 Kal.
836 579 1049 649 ἀκήκοα
1077 581 1147 634 τά
1171 580 1437 648 γεγονότα.
1460 582 1556 634 καὶ
1575 581 1922 653 τεθαύμακα.

304 669 430 722 556.
461 669 666 726 Eidem.
699 674 816 745 Μιᾷ
840 676 1033 745 καιροῦ
1069 678 1233 746 ῥοπῇ.

305 766 430 820 557.
462 767 669 824 Eidem.
701 772 813 841 Τὴν
844 771 1069 842 πρώτην
1097 770 1357 843 περιοχὴν
1389 770 1492 839 τῆς
1513 771 1808 842 ἐπιπολῆς
1837 790 1953 830 σου,

307 863 433 917 558.
460 861 656 918 Joanni
685 868 952 922 monacho
981 866 1237 922 Orientis.
1266 867 1484 936 Ἐπειδὴ
1514 868 1610 919 καὶ
1634 863 1791 930 αὖθις
1821 869 2168 934 ἐπέστειλας.

309 957 436 1012 559.
470 957 672 1014 Niceta!
694 958 1013 1016 Maudatori.
1039 964 1305 1030 Διαγνοὺς
1325 960 1426 1031 τὴν
1455 959 1597 1031 μετὰ
1625 959 1735 1014 τῶν
1757 961 2025 1033 ἀδελφῶν.

307 1051 434 1105 540.
470 1052 875 1120 Logothetissze.
919 1055 978 1108 Ὀ
1003 1054 1196 1126 καιρὸς
1226 1054 1484 1126 χαλεπός.

309 1143 436 1197 511.
470 1143 778 1201 Canonicis.
806 1147 924 1201 Ὀτι
944 1146 1044 1201 ούκ
1075 1147 1461 1219 ἐπιλέλησμαι.

310 1238 436 1292 542.
466 1241 790 1309 Praepositae.
807 1239 1094 1313 Τνὼριμος
1119 1243 1248 1312 ἡμῖν
1277 1243 1480 1315 ἐστινὴ
1512 1247 1921 1318 σεμνοπρέπειά
1945 1265 2062 1306 σου.

309 1333 434 1386 545.
468 1332 785 1402 llypatissze.
816 1332 1118 1404 Χρεώστην
1147 1333 1388 1403 ἐμαυτὸν
1419 1335 1804 1407 λογισάμενος.

310 1426 436 1481 544.
479 1425 667 1496 Sergio
695 1425 902 1496 llypato
933 1435 987 1481 et
1010 1425 1195 1482 fratris
1224 1426 1354 1482 ﬁlio.
1386 1428 1743 1496 Ἐπέστειλάς
1779 1449 1894 1503 μοι.

311 1519 435 1573 545.
460 1516 746 1573 Naucratio
775 1519 908 1572 lilio.
935 1519 1008 1572 Τὸ
1039 1517 1327 1572 σπουδαῖόν
1358 1535 1475 1585 σου,
1506 1522 1697 1576 τέκνον
1729 1541 1858 1594 μου.

311 1610 438 1663 546.
462 1608 672 1664 Eidem.
706 1609 842 1680 ’Ἤδη
875 1608 1267 1680 ἀπεσώθημεν,
1296 1610 1488 1665 τέκνον
1523 1629 1653 1682 μου.

315 1704 441 1758 547.
478 1702 810 1771 Praepositm.
833 1702 1064 1756 Ἐπιδὼν
1091 1703 1191 1773 τὴν
1222 1703 1449 1772 δύναμιν
1473 1705 1579 1758 τῶν
1607 1705 1806 1776 τιμίων
1839 1722 1936 1759 σου
1967 1705 2345 1778 γραμμάτων.

313 1800 437 1853 548.
469 1798 755 1854 Theodoro
788 1798 1095 1868 Spathario.
1117 1797 1230 1871 Τὴν
1251 1800 1542 1870 ἐπιστολὴν
1574 1801 1701 1872 ἇρτι
1724 1802 1844 1873 εἰμὶ
1880 1803 2188 1874 χαράττων.

316 1892 440 1944 549.
466 1890 753 1946 Naucratio
773 1891 902 1945 ﬁlio.
937 1890 1199 1951 Γίνωσκε,
1230 1891 1418 1944 τέκνον
1442 1908 1564 1961 μου.

316 1982 441 2036 550.
475 1982 680 2037 Eidem.
715 1982 857 2035 Ὅσα
891 1982 1232 2046 ἐπέστειλας,
1259 1982 1471 2035 τέκνον.

316 2075 441 2129 551.
471 2074 675 2129 Eidem.
700 2072 966 2142 Τετράκις
987 2073 1112 2142 ἄρτι
1139 2074 1368 2144 γράφων
1389 2071 1532 2142 είμί.

318 2167 442 2220 552.
471 2166 677 2221 Eidem.
701 2166 1023 2236 Ἐτάχυνας.
1050 2168 1260 2233 τέκνον,
1291 2167 1386 2220 τοῦ
1419 2164 1839 2234 ἐπισκέψασθαι.

316 2264 441 2318 555.
467 2263 652 2317 Leloio
687 2262 817 2316 lilio.
853 2263 952 2316 Διά
977 2265 1084 2316 τῶν
1112 2263 1438 2335 ἀμφοτέρων
1467 2281 1563 2316 σου
1595 2259 1915 2316 ἐπιστολῶν.

319 2352 443 2406 554.
473 2350 679 2404 Eidem.
712 2345 815 2403 Οἷα
842 2352 1016 2421 χαίρω
1055 2353 1083 2405 ὁ
1107 2353 1361 2417 ταπεινὸς
1386 2353 1674 2422 δεχόμενὸς
1697 2368 1791 2404 σου
1830 2349 2010 2418 λόγον.

319 2443 444 2498 555.
475 2444 642 2496 lreua!
680 2442 941 2510 patriciae.
982 2444 1091 2496 Καὶ
1116 2445 1420 2514 γράφοντες
1448 2445 1540 2498 καὶ
1577 2443 1651 2514 μὴ
1678 2442 2002 2513 γράφοντες.

319 2539 444 2593 556.
475 2537 666 2592 Joauni
696 2538 956 2607 episcopo
984 2540 1262 2594 Sardensi.
1293 2536 1452 2593 Οῦτω
1480 2557 1569 2609 μοι
1600 2539 1762 2609 μέχρι
1783 2537 1878 2592 τοῦ
1909 2539 1966 2592 δε

730 2538 956 2607 piscopo
984 2540 1262 2594 Sardensi.
1293 2536 1452 2593 Οὕτω
1480 2557 1569 2609 μοι
1600 2539 1762 2609 μέχρι
1783 2537 1878 2592 τοῦ
1909 2537 2072 2610 δεῦρο
2095 2538 2382 2608 ηκουσται.

320 2629 447 2683 557.
475 2629 636 2682 Petro
665 2628 876 2684 Nicaea.
907 2629 1135 2682 Κελεύει
1173 2647 1239 2699 με
1277 2629 1631 2683 ἐπιστέλλειν.

319 2722 447 2776 558.
481 2721 714 2776 Macario
755 2723 1065 2792 pmposito.
1099 2723 1252 2791 Ἐμοὶ
1284 2724 1428 2792 χαρά
1456 2723 1620 2775 παντὶ
1651 2720 1750 2791 μὲν
1789 2717 1936 2789 ἄλλῳ
1962 2720 2193 2791 ὁμιλεῖν.

322 2817 447 2871 559.
474 2815 562 2884 Τῷ
589 2816 727 2886 φίλῳ
755 2819 783 2869 ὁ
812 2817 985 2885 φίλος.
1014 2815 1222 2886 Καιρός
1255 2834 1344 2886 μοι
1374 2816 1469 2869 τοῦ
1495 2817 1751 2886 γράφειν.

320 2911 445 2966 560.
477 2912 642 2967 lreuae
665 2910 885 2967 etCalaa
919 2910 1220 2966 sororibus.
1260 2913 1380 2964 Ὅτι
1416 2910 1790 2982 παρεκλήθηή
1820 2910 1972 2980 τιμία

685 2923 721 2967 :t
740 2910 885 2965 Calai
919 2910 1220 2966 sororibus.
1260 2913 1380 2964 Ὅτι
1416 2910 1790 2982 παρεκλήθηή
1820 2910 1981 2980 τιμία
2011 2909 2164 2981 ὑμῶν
2186 2908 2337 2972 δυάς.

323 3002 447 3056 561.
479 3000 666 3070 Sergio
701 3000 911 3072 Hypato
931 3013 983 3054 et
1013 2999 1197 3056 lratris
1227 3003 1358 3057 ﬁlio.
1390 3004 1502 3073 Ούχ
1523 3004 1611 3055 ὅτε
1633 3003 1850 3072 γράφω,
1891 3002 1975 3055 τότ

871 3015 911 3055 .o
931 3013 983 3054 et
1013 2999 1197 3056 lratris
1227 3003 1358 3057 ﬁlio.
1390 3004 1502 3073 Ούχ
1523 3004 1611 3055 ὅτε
1633 3003 1850 3072 γράφω,
1891 3002 2014 3055 τότε
2049 3001 2380 3074 μνημονεύω
2413 3017 2523 3055 σον.

322 3093 448 3147 562.
475 3093 731 3163 Gregorio
753 3092 984 3148 Clerico.
1015 3094 1210 3164 Χαῖρε,
1233 3095 1544 3165 στρατιῶτα
1570 3093 1828 3163 Χριστοῦ.

322 3185 447 3240 565.
470 3186 717 3238 Anatolio
756 3185 885 3238 lilio.
912 3185 1101 3257 Χαίρω
1147 3186 1336 3249 ὁσάκις
1382 3186 1627 3255 δέξομαι.

325 3277 450 3330 564.
485 3276 739 3346 Symeoui
775 3275 906 3330 ﬁlio.
927 3278 1040 3348 Ούχ
1065 3279 1152 3331 ὅτε
1181 3277 1398 3348 γράφω,
1435 3273 1760 3348 μνημονεύω
1787 3289 1882 3327 σου
1917 3273 2102 3344 μόνον.

324 3367 447 3421 565.
485 3365 783 3435 Theophilo
812 3366 941 3419 lilio.
971 3367 1196 3437 Ἀδελφέ
1227 3366 1477 3434 Θεόφιλε.

326 3458 453 3512 566.
484 3456 766 3511 Pasarioni
799 3458 928 3512 ﬁlio.
954 3459 1158 3513 Μαθὼν
1190 3460 1272 3512 ὅτι
1306 3458 1577 3528 ἀπέστης.

329 3549 455 3603 567.
487 3547 781 3603 Laurentio
815 3551 944 3603 lilio.
975 3551 1070 3612 Τίς
1105 3552 1251 3603 ἐστιν
1279 3552 1311 3620 ὴ
1342 3536 1580 3619 τοσαύτη
1613 3550 1793 3619 χάρις.

326 3639 450 3694 568.
481 3640 781 3693 Athanasio
816 3641 1122 3709 praeposito.
1153 3643 1261 3695 Kal.
1289 3641 1426 3710 αῦτη
1455 3659 1548 3694 σου
1586 3644 1619 3712 ἡ
1647 3638 1927 3709 ἐπιστολή.

331 3733 450 3785 569.
487 3731 782 3801 Prazposito
811 3733 1058 3802 Panagri.
1095 3735 1159 3788 Ἠ
1188 3735 1374 3805 ἀγάπη
1399 3737 1500 3788 ούκ
1525 3735 1751 3790 ἀνεκτὸν
1782 3736 2036 3806 πρᾶγμα.

332 3823 453 3877 570.
498 3821 792 3877 Parthenio
821 3825 948 3878 lilio.
981 3820 1049 3876 Ὠ
1078 3827 1208 3878 καλέ
1239 3827 1500 3898 Παρθένιε
1525 3827 1661 3879 Θεοῦ
1689 3829 2021 3898 στρατιῶτα.

330 3913 455 3966 271.
499 3911 784 3980 Hegesimo
816 3915 944 3968 lilio.
978 3912 1142 3985 Εὖγε,
1169 3919 1356 3972 τέκνον
1392 3919 1684 3990 Ἡγήσιμε.

334 4011 459 4066 572.
495 4012 768 4081 Stephano
802 4011 931 4065 lilio.
963 4011 1135 4080 Χάρις
1166 4027 1270 4075 σοι,
1293 4011 1488 4081 ἀδελφέ
1519 4013 1777 4081 Στέφανε.

332 4101 456 4155 575.
485 4099 728 4170 Ephrem
754 4099 884 4154 ﬁlio.
922 4101 1116 4170 Χαῖρε,
1143 4100 1334 4153 τέκνον
1374 4102 1638 4171 Ἐφραίμ.

330 4192 455 4245 574.
487 4191 788 4261 Epiphanio
813 4194 1126 4261 praeposito.
1158 4192 1315 4262 Παρά
1339 4193 1399 4246 τὸ
1420 4191 1730 4262 διδαχθῆναί
1757 4207 1823 4261 με
1849 4191 1981 4261 μεθο

1050 4203 1126 4246 to.
1158 4192 1315 4262 Παρά
1339 4193 1399 4246 τὸ
1420 4191 1730 4262 διδαχθῆναί
1757 4207 1823 4261 με
1849 4187 2240 4261 μεθορισθῆναί
2258 4204 2352 4239 σου
2369 4184 2695 4257 ἁγιωσύνην.

333 4287 459 4341 575.
497 4285 790 4340 Naucratio
818 4288 946 4341 lilio.
981 4287 1044 4341 Οἱ
1075 4287 1615 4357 προμεμελετηκὸτες
1649 4285 1872 4339 ἀκούειν
1893 4286 1962 4338 τά

625 4287 790 4340 cratio
818 4288 946 4341 lilio.
981 4287 1044 4341 Οἱ
1075 4287 1615 4357 προμεμελετηκὸτες
1649 4285 1872 4339 ἀκούειν
1893 4286 1962 4338 τά
2000 4282 2277 4338 θλιπτικᾶ.

336 4379 460 4432 576.
503 4378 730 4432 Tithon
760 4378 890 4431 lilio.
922 4380 1108 4450 Μικρά
1127 4381 1161 4448 ἡ
1184 4378 1440 4447 ἐπιστολή
1470 4395 1589 4443 σου,
1611 4378 1825 4432 τέκνον.

336 4468 460 4521 577.
503 4467 708 4521 Eidem.
745 4468 820 4518 Ού
846 4467 1041 4520 πολλοῦ
1073 4486 1161 4538 μοι
1186 4469 1345 4535 λόγου
1365 4467 1544 4537 χρεία.

335 4560 458 4616 578.
485 4562 789 4618 Domitiano
824 4562 954 4617 filio.
994 4561 1200 4624 Εῖωθας
1225 4561 1478 4624 πάντοτε,
1511 4558 1699 4616 τέκνον
1749 4573 1867 4625 μου.

335 4653 458 4707 579.
493 4655 778 4724 Euthymio
804 4667 858 4710 et
892 4651 1114 4720 reliquis
1143 4650 1420 4707 fratribus.
1441 4651 1535 4714 Τίς
1563 4652 1596 4719 ἡ
1624 4647 1760 4717 ἀκοὴ
1788 4649 1820 4716 ἡ
1851 4645 1920 4697 τὰ
1947 4635 1987 4696 ὦ

1571 4652 1596 4719 ἡ
1624 4647 1760 4717 ἀκοὴ
1788 4649 1820 4716 ἡ
1851 4645 1920 4697 τά
1947 4635 2061 4696 ὦτα
2085 4642 2184 4712 τῆς
2218 4642 2356 4712 ἐμῆς
2402 4640 2786 4702 ταπεινώσεως
2818 4637 3223 4708 περιηχήσασα,

335 4743 460 4800 580.
489 4746 766 4801 Genuadio
800 4746 932 4800 lilio.
960 4742 1137 4815 Βραδὺ
1175 4743 1294 4811 μὲν,
1317 4744 1466 4812 ὅμως
1496 4740 1760 4808 ἐδεξάμην
1786 4755 1878 4789 σου
1907 4736 2165 4806 γράμμα.

334 4838 459 4892 581.
492 4837 760 4894 Thaddaao
791 4840 901 4894 ﬁlio
934 4849 989 4894 et
1016 4835 1335 4894 confessori.
1369 4836 1435 4888 Τί
1471 4835 1608 4888 καλά
1629 4833 1696 4886 τά
1726 4830 2032 4901 γράμματά
2064 4845 2184 4882 σου.

347 4929 472 4984 582.
497 4931 702 5000 Ignalio
729 4931 859 4987 filio.
884 4931 1160 5000 Ἐπέγνων
1192 4946 1249 4982 σε
1271 4929 1365 4982 καὶ
1381 4927 1475 4980 νῦν
1508 4927 1596 4980 διά
1617 4927 1723 4978 τῶν
1748 4925 2116 4996 γραμμάτων.

340 5026 465 5080 585.
497 5025 685 5095 Sergio
715 5027 948 5082 nmario.
976 5025 1217 5079 Ἀκούων
1248 5026 1327 5077 ὃτι
1358 5023 1615 5093 φυλάττει
1660 5021 1882 5089 ἑαυτήν.

339 5116 462 5168 584.
496 5117 760 5186 Clydonio
790 5117 922 5170 lllio.
946 5115 1269 5184 Ἐναγώνιος
1298 5118 1363 5185 τῇ
1388 5113 1496 5166 τῶν
1530 5112 1774 5180 ἀδελφῶν
1808 5128 1900 5164 σου
1931 5112 1991 5166 an

815 5117 922 5170 llio.
946 5115 1269 5184 Ἐναγώνιος
1298 5118 1363 5185 τῇ
1388 5113 1496 5166 τῶν
1530 5112 1774 5180 ἀδελφῶν
1808 5128 1900 5164 σου
1931 5112 2155 5185 ἀθλήσει
2210 5113 2467 5182 γέγονας.

353 5206 477 5261 585.
513 5206 782 5262 Dorotheo
816 5208 946 5261 filio.
979 5209 1168 5278 Χαίρω
1190 5210 1283 5260 καὶ
1309 5205 1593 5276 συγχαίρω
1625 5221 1726 5258 σοι.

339 5300 465 5354 586.
499 5299 702 5353 Iacobo
727 5300 837 5354 ﬁlio
871 5295 1033 5369 Εὖγε,
1070 5299 1295 5354 ’Ῑάκωσε
1317 5300 1506 5352 τέκνον
1532 5298 1687 5369 ἐμόν.

340 5395 464 5449 587.
498 5394 776 5449 Theodulo
809 5396 939 5449 ﬁlio.
968 5396 1065 5449 ’1δέ
1098 5394 1200 5446 ποῦ
1237 5393 1524 5464 περιῆλθες
1548 5393 1710 5444 τόπον
1735 5392 1797 5443 ἐκ
1818 5389 1992 5455 ’τύπου

809 5396 939 5449 ﬁlio.
968 5396 1065 5449 ’1δέ
1098 5394 1200 5446 ποῦ
1237 5393 1524 5464 περιῆλθες
1548 5393 1710 5444 τόπον
1735 5392 1797 5443 ἐκ
1818 5389 1994 5455 ’τύπου
2025 5387 2441 5457 μετερχόμενος.

342 5491 462 5543 588.
490 5489 744 5560 Gregora:
768 5491 926 5546 laico.
963 5492 1249 5562 Ἀνθρωπε
1288 5489 1380 5542 τοῦ
1412 5488 1572 5552 Θεοῦ,
1602 5489 1836 5557 σήμερον
1868 5486 1896 5537 ὁ
1926 5483 2152 5553 Κύριος.

342 5586 467 5639 589.
505 5587 671 5639 Anna:
698 5585 937 5653 patricia:
961 5595 1013 5638 et
1034 5585 1272 5639 mouiali.
1299 5585 1490 5653 Λύπης
1518 5585 1585 5636 τὰ
1615 5584 1917 5652 γράμματα
1942 5581 1994 5633 τί

897 5601 937 5638 se
961 5595 1013 5638 et
1034 5585 1272 5639 mouiali.
1299 5585 1490 5653 Λύπης
1518 5585 1585 5636 τὰ
1615 5584 1917 5652 γράμματα
1942 5581 2040 5650 τῆς
2091 5579 2400 5650 ἁγιωσύνης
2437 5595 2549 5632 σου.

340 5678 467 5731 590.
503 5677 830 5744 Spathareze.
863 5677 919 5730 Ὀ
952 5674 1098 5740 οἶκός
1130 5694 1246 5740 σου,
1279 5672 1427 5739 οἶκος
1453 5676 1753 5734 εὐσεϐείας.

341 5767 467 5824 591.
499 5770 798 5824 Athanasio
821 5769 950 5822 ﬁlio.
1006 5769 1203 5830 Ἡδέως
1241 5769 1510 5838 ἐδεξάμην
1551 5785 1642 5819 σου
1675 5768 1768 5819 καὶ
1796 5766 1890 5819 νῦν
1917 5769 1993 5819 ἐπι

575 5770 798 5824 hauasio
821 5769 950 5822 ﬁlio.
1006 5769 1203 5830 Ἡδέως
1241 5769 1510 5838 ἐδεξάμην
1551 5785 1642 5819 σου
1675 5768 1768 5819 καὶ
1796 5766 1890 5819 νῦν
1917 5765 2223 5836 ἐπιστολήν.

351 5860 472 5917 39‘2.
503 5862 735 5931 Joscpho
770 5861 922 5916 fratri
945 5872 998 5916 cl.
1030 5861 1462 5932 archiepiscopo.
1494 5859 1842 5932 Παραμύθιον
1873 5863 1937 5931 τῇ
1981 5876 2003 5913 τ

880 5864 922 5916 ri
945 5872 998 5916 ct
1030 5861 1462 5932 archiepiscopo.
1494 5859 1842 5932 Παραμύθιον
1873 5863 1937 5931 τῇ
1981 5863 2208 5932 ταπεινῇ
2239 5877 2339 5930 μου
2361 5860 2527 5930 ψυχῇ.

645 5956 910 6017 Pauor.
957 5959 1070 6017 tiu.
1119 5958 1334 6018 XCIX.
1517 6035 1520 6038 ἢ
3073 5945 3142 6008 53
