  <div class='ocr_page' id='page_1' title='image "/cluster/home/n/w/nwhite01/storage/ocr_20150623/99/uva.x002264937/880.png"; bbox 0 0 4184 6492; ppageno 0'>
   <div class='ocr_carea' id='block_1_1' title="bbox 254 417 383 486">
    <p class='ocr_par' dir='ltr' id='par_1_1' title="bbox 254 417 383 486">
     <span class='ocr_line' id='line_1_1' title="bbox 254 417 383 486; baseline 0.008 -7"><span class='ocrx_word' id='word_1_1' title='bbox 254 417 383 486; x_wconf 74' lang='lat'><strong>1681</strong></span> 
     </span>
    </p>
   </div>
   <div class='ocr_carea' id='block_1_2' title="bbox 1462 420 2262 496">
    <p class='ocr_par' dir='ltr' id='par_1_2' title="bbox 1462 420 2262 496">
     <span class='ocr_line' id='line_1_2' title="bbox 1462 420 2262 496; baseline 0.008 -16"><span class='ocrx_word' id='word_1_2' title='bbox 1462 420 1831 484; x_wconf 80' lang='lat' dir='ltr'><strong>CAPITULA</strong></span> <span class='ocrx_word' id='word_1_3' title='bbox 1880 423 2262 496; x_wconf 81' lang='lat' dir='ltr'><strong>QUATUOR.</strong></span> 
     </span>
    </p>
   </div>
   <div class='ocr_carea' id='block_1_3' title="bbox 3365 423 3494 489">
    <p class='ocr_par' dir='ltr' id='par_1_3' title="bbox 3365 423 3494 489">
     <span class='ocr_line' id='line_1_3' title="bbox 3365 423 3494 489; baseline -0.031 0"><span class='ocrx_word' id='word_1_4' title='bbox 3365 423 3494 489; x_wconf 78' lang='lat'><strong>1682</strong></span> 
     </span>
    </p>
   </div>
   <div class='ocr_carea' id='block_1_4' title="bbox 268 565 3486 609">
    <p class='ocr_par' dir='ltr' id='par_1_4' title="bbox 268 565 3486 609">
     <span class='ocr_line' id='line_1_4' title="bbox 268 565 3486 609; baseline 0.004 -15"><span class='ocrx_word' id='word_1_5' title='bbox 268 565 3486 609; x_wconf 51' lang='lat' dir='ltr'><em>W</em></span> 
     </span>
    </p>
   </div>
   <div class='ocr_carea' id='block_1_5' title="bbox 1131 745 2606 882">
    <p class='ocr_par' dir='ltr' id='par_1_5' title="bbox 1131 745 2606 882">
     <span class='ocr_line' id='line_1_5' title="bbox 1131 745 2606 882; baseline 0.001 -6"><span class='ocrx_word' id='word_1_6' title='bbox 1131 751 1382 882; x_wconf 88' lang='lat' dir='ltr'><strong>IV.</strong></span> <span class='ocrx_word' id='word_1_7' title='bbox 1456 745 2606 878; x_wconf 85' lang='lat' dir='ltr'><strong>MISCELLANEA.</strong></span> 
     </span>
    </p>
   </div>
   <div class='ocr_carea' id='block_1_6' title="bbox 1411 1100 2333 1213">
    <p class='ocr_par' dir='ltr' id='par_1_6' title="bbox 1411 1100 2333 1213">
     <span class='ocr_line' id='line_1_6' title="bbox 1411 1100 2333 1213; baseline -0.001 -21"><span class='ocrx_word' id='word_1_8' title='bbox 1411 1138 1552 1193; x_wconf 64' lang='grc' dir='ltr'><strong>τοι</strong></span> <span class='ocrx_word' id='word_1_9' title='bbox 1581 1139 1784 1213; x_wconf 75' lang='lat' dir='ltr'><strong>ustor</strong></span> <span class='ocrx_word' id='word_1_10' title='bbox 1825 1140 2097 1198; x_wconf 75' lang='grc' dir='ltr'>ΠΑΤΡοΣ</span> <span class='ocrx_word' id='word_1_11' title='bbox 2137 1100 2333 1193; x_wconf 67' lang='lat' dir='ltr'><strong>unum</strong></span> 
     </span>
    </p>
   </div>
   <div class='ocr_carea' id='block_1_7' title="bbox 1084 1317 2662 1414">
    <p class='ocr_par' dir='ltr' id='par_1_7' title="bbox 1084 1317 2662 1414">
     <span class='ocr_line' id='line_1_7' title="bbox 1084 1317 2662 1414; baseline -0.001 -2"><span class='ocrx_word' id='word_1_12' title='bbox 1084 1319 1684 1412; x_wconf 85' lang='grc' dir='ltr'><strong>ΘΕΟΔΩΡΟΥ</strong></span> <span class='ocrx_word' id='word_1_13' title='bbox 1754 1325 1980 1412; x_wconf 89' lang='grc' dir='ltr'><strong>ΤΟΥ</strong></span> <span class='ocrx_word' id='word_1_14' title='bbox 2034 1317 2662 1414; x_wconf 83' lang='grc' dir='ltr'><strong>ΣΤΟΥΔΙΤΟΥ</strong></span> 
     </span>
    </p>
   </div>
   <div class='ocr_carea' id='block_1_8' title="bbox 1333 1507 2366 1636">
    <p class='ocr_par' dir='ltr' id='par_1_8' title="bbox 1333 1507 2366 1636">
     <span class='ocr_line' id='line_1_8' title="bbox 1333 1507 2366 1636; baseline 0 -2"><span class='ocrx_word' id='word_1_15' title='bbox 1333 1515 2150 1636; x_wconf 74' lang='grc' dir='ltr'><strong>’ΚΕΦΑΛΑΙΑ</strong></span> <span class='ocrx_word' id='word_1_16' title='bbox 2223 1507 2366 1634; x_wconf 84' lang='grc' dir='ltr'><strong>Δ’.</strong></span> 
     </span>
    </p>
   </div>
   <div class='ocr_carea' id='block_1_9' title="bbox 925 1895 2761 1994">
    <p class='ocr_par' dir='ltr' id='par_1_9' title="bbox 925 1895 2761 1994">
     <span class='ocr_line' id='line_1_9' title="bbox 925 1895 2761 1994; baseline 0.001 -9"><span class='ocrx_word' id='word_1_17' title='bbox 925 1895 1018 1986; x_wconf 90' lang='lat' dir='ltr'><strong>S.</strong></span> <span class='ocrx_word' id='word_1_18' title='bbox 1095 1898 1206 1986; x_wconf 91' lang='lat' dir='ltr'><strong>P.</strong></span> <span class='ocrx_word' id='word_1_19' title='bbox 1286 1899 1405 1988; x_wconf 90' lang='lat' dir='ltr'><strong>N.</strong></span> <span class='ocrx_word' id='word_1_20' title='bbox 1497 1897 2129 1994; x_wconf 80' lang='lat' dir='ltr'><strong>THEODOBI</strong></span> <span class='ocrx_word' id='word_1_21' title='bbox 2205 1899 2761 1993; x_wconf 63' lang='lat' dir='ltr'><strong>STUDITfE</strong></span> 
     </span>
    </p>
   </div>
   <div class='ocr_carea' id='block_1_10' title="bbox 1106 2109 2604 2246">
    <p class='ocr_par' dir='ltr' id='par_1_10' title="bbox 1106 2109 2604 2246">
     <span class='ocr_line' id='line_1_10' title="bbox 1106 2109 2604 2246; baseline -0.004 -19"><span class='ocrx_word' id='word_1_22' title='bbox 1106 2112 1815 2228; x_wconf 87' lang='lat' dir='ltr'><strong>CAPITULA</strong></span> <span class='ocrx_word' id='word_1_23' title='bbox 1878 2109 2604 2246; x_wconf 82' lang='lat' dir='ltr'><strong>QUATUOR.</strong></span> 
     </span>
    </p>
   </div>
   <div class='ocr_carea' id='block_1_11' title="bbox 1167 2328 2568 2402">
    <p class='ocr_par' dir='ltr' id='par_1_11' title="bbox 1167 2328 2568 2402">
     <span class='ocr_line' id='line_1_11' title="bbox 1167 2328 2568 2402; baseline -0.004 -14"><span class='ocrx_word' id='word_1_24' title='bbox 1167 2332 1361 2402; x_wconf 70' lang='lat' dir='ltr'><strong>(Pen.</strong></span> <span class='ocrx_word' id='word_1_25' title='bbox 1393 2333 1606 2396; x_wconf 77' lang='lat' dir='ltr'><strong>Possm,</strong></span> <span class='ocrx_word' id='word_1_26' title='bbox 1638 2329 1940 2385; x_wconf 69' lang='lat' dir='ltr'><strong>Themin-us</strong></span> <span class='ocrx_word' id='word_1_27' title='bbox 1958 2328 2246 2398; x_wconf 73' lang='lat' dir='ltr'><strong>Asceticus,</strong></span> <span class='ocrx_word' id='word_1_28' title='bbox 2267 2345 2388 2402; x_wconf 85' lang='lat' dir='ltr'><strong>pag.</strong></span> <span class='ocrx_word' id='word_1_29' title='bbox 2418 2329 2568 2398; x_wconf 70' lang='grc' dir='ltr'><strong>δη.)</strong></span> 
     </span>
    </p>
   </div>
   <div class='ocr_carea' id='block_1_12' title="bbox 309 2559 1871 2632">
    <p class='ocr_par' dir='ltr' id='par_1_12' title="bbox 309 2559 1871 2632">
     <span class='ocr_line' id='line_1_12' title="bbox 309 2559 1871 2632; baseline -0.008 -12"><span class='ocrx_word' id='word_1_30' title='bbox 309 2567 391 2620; x_wconf 79' lang='grc' dir='ltr'><strong>Α’.</strong></span> <span class='ocrx_word' id='word_1_31' title='bbox 433 2563 599 2619; x_wconf 75' lang='grc' dir='ltr'>οὐδὲν</span> <span class='ocrx_word' id='word_1_32' title='bbox 625 2563 755 2618; x_wconf 79' lang='grc' dir='ltr'>ἄλλο</span> <span class='ocrx_word' id='word_1_33' title='bbox 805 2562 952 2615; x_wconf 70' lang='grc' dir='ltr'>ἐστὶν</span> <span class='ocrx_word' id='word_1_34' title='bbox 985 2561 1019 2625; x_wconf 86' lang='grc' dir='ltr'><strong>ἡ</strong></span> <span class='ocrx_word' id='word_1_35' title='bbox 1046 2560 1317 2632; x_wconf 82' lang='grc' dir='ltr'>ἅσκητικὴ</span> <span class='ocrx_word' id='word_1_36' title='bbox 1351 2559 1486 2632; x_wconf 73' lang='grc' dir='ltr'>ζωὴ,</span> <span class='ocrx_word' id='word_1_37' title='bbox 1516 2559 1629 2613; x_wconf 82' lang='grc' dir='ltr'>ἀλλ’</span> <span class='ocrx_word' id='word_1_38' title='bbox 1658 2561 1808 2631; x_wconf 76' lang='grc' dir='ltr'><strong>ἢὲγ-</strong></span> <span class='ocrx_word' id='word_1_39' title='bbox 1841 2571 1871 2624; x_wconf 72' lang='grc' dir='ltr'><strong>Α</strong></span> 
     </span>
    </p>
   </div>
   <div class='ocr_carea' id='block_1_13' title="bbox 1902 2559 3476 2632">
    <p class='ocr_par' dir='ltr' id='par_1_13' title="bbox 1981 2560 3476 2632">
     <span class='ocr_line' id='line_1_13' title="bbox 1981 2560 3476 2632; baseline 0 -14"><span class='ocrx_word' id='word_1_40' title='bbox 1981 2561 2024 2618; x_wconf 85' lang='grc' dir='ltr'><strong>Ι.</strong></span> <span class='ocrx_word' id='word_1_41' title='bbox 2043 2561 2188 2617; x_wconf 84' lang='lat' dir='ltr'><strong>Nihil</strong></span> <span class='ocrx_word' id='word_1_42' title='bbox 2217 2560 2368 2616; x_wconf 83' lang='lat' dir='ltr'><strong>aliud</strong></span> <span class='ocrx_word' id='word_1_43' title='bbox 2396 2571 2481 2617; x_wconf 88' lang='lat' dir='ltr'><strong>est</strong></span> <span class='ocrx_word' id='word_1_44' title='bbox 2511 2561 2619 2616; x_wconf 89' lang='lat' dir='ltr'><strong>vita</strong></span> <span class='ocrx_word' id='word_1_45' title='bbox 2645 2561 2880 2618; x_wconf 89' lang='lat' dir='ltr'><strong>ascetica</strong></span> <span class='ocrx_word' id='word_1_46' title='bbox 2922 2560 3027 2617; x_wconf 85' lang='lat' dir='ltr'><strong>nisi</strong></span> <span class='ocrx_word' id='word_1_47' title='bbox 3053 2560 3316 2618; x_wconf 90' lang='lat' dir='ltr'><strong>cobibitio</strong></span> <span class='ocrx_word' id='word_1_48' title='bbox 3349 2575 3476 2632; x_wconf 76' lang='lat' dir='ltr'><strong>pas-</strong></span> 
     </span>
    </p>
   </div>
   <div class='ocr_carea' id='block_1_14' title="bbox 236 2653 1871 2728">
    <p class='ocr_par' dir='ltr' id='par_1_14' title="bbox 236 2653 1810 2728">
     <span class='ocr_line' id='line_1_14' title="bbox 236 2653 1810 2728; baseline -0.001 -21"><span class='ocrx_word' id='word_1_49' title='bbox 236 2656 466 2728; x_wconf 84' lang='grc' dir='ltr'>κράτεια</span> <span class='ocrx_word' id='word_1_50' title='bbox 511 2653 702 2707; x_wconf 83' lang='grc' dir='ltr'>παθῶν</span> <span class='ocrx_word' id='word_1_51' title='bbox 721 2691 738 2716; x_wconf 87' lang='grc'><strong>,</strong></span> <span class='ocrx_word' id='word_1_52' title='bbox 773 2655 1063 2706; x_wconf 79' lang='grc' dir='ltr'>ὲπιστασια</span> <span class='ocrx_word' id='word_1_53' title='bbox 1091 2671 1150 2706; x_wconf 81' lang='grc' dir='ltr'><strong>τε</strong></span> <span class='ocrx_word' id='word_1_54' title='bbox 1184 2653 1482 2724; x_wconf 85' lang='grc' dir='ltr'>λογισμῶν,</span> <span class='ocrx_word' id='word_1_55' title='bbox 1513 2654 1608 2707; x_wconf 79' lang='grc' dir='ltr'>καὶ</span> <span class='ocrx_word' id='word_1_56' title='bbox 1633 2654 1810 2725; x_wconf 86' lang='grc' dir='ltr'>διηνε-</span> 
     </span>
    </p>
   </div>
   <div class='ocr_carea' id='block_1_15' title="bbox 1902 2653 3478 2728">
    <p class='ocr_par' dir='ltr' id='par_1_15' title="bbox 1910 2653 3478 2724">
     <span class='ocr_line' id='line_1_15' title="bbox 1910 2653 3478 2724; baseline -0.002 -15"><span class='ocrx_word' id='word_1_57' title='bbox 1910 2655 2150 2718; x_wconf 82' lang='grc' dir='ltr'>εἰοηυιη,</span> <span class='ocrx_word' id='word_1_58' title='bbox 2194 2653 2376 2723; x_wconf 80' lang='lat' dir='ltr'><strong>vigilia</strong></span> <span class='ocrx_word' id='word_1_59' title='bbox 2420 2668 2586 2724; x_wconf 86' lang='lat' dir='ltr'><strong>super</strong></span> <span class='ocrx_word' id='word_1_60' title='bbox 2615 2653 2994 2721; x_wconf 79' lang='lat' dir='ltr'><strong>cogitationes,</strong></span> <span class='ocrx_word' id='word_1_61' title='bbox 3025 2653 3286 2708; x_wconf 87' lang='lat' dir='ltr'><strong>continua</strong></span> <span class='ocrx_word' id='word_1_62' title='bbox 3333 2653 3478 2708; x_wconf 89' lang='lat' dir='ltr'><strong>lucta</strong></span> 
     </span>
    </p>
   </div>
   <div class='ocr_carea' id='block_1_16' title="bbox 237 2743 1806 2816">
    <p class='ocr_par' dir='ltr' id='par_1_16' title="bbox 237 2743 1806 2816">
     <span class='ocr_line' id='line_1_16' title="bbox 237 2743 1806 2816; baseline 0 -20"><span class='ocrx_word' id='word_1_63' title='bbox 237 2746 337 2812; x_wconf 81' lang='grc' dir='ltr'>κὴς</span> <span class='ocrx_word' id='word_1_64' title='bbox 369 2743 511 2813; x_wconf 82' lang='grc' dir='ltr'><strong>πάλη</strong></span> <span class='ocrx_word' id='word_1_65' title='bbox 543 2743 678 2813; x_wconf 83' lang='grc' dir='ltr'>πρὸς</span> <span class='ocrx_word' id='word_1_66' title='bbox 709 2743 835 2804; x_wconf 79' lang='grc' dir='ltr'>τοὺς</span> <span class='ocrx_word' id='word_1_67' title='bbox 865 2743 1128 2812; x_wconf 84' lang='grc' dir='ltr'>ἁοράτους</span> <span class='ocrx_word' id='word_1_68' title='bbox 1164 2743 1391 2813; x_wconf 73' lang='grc' dir='ltr'>ἐχθρούς</span> <span class='ocrx_word' id='word_1_69' title='bbox 1417 2760 1431 2774; x_wconf 77' lang='grc' dir='ltr'><strong>ο</strong></span> <span class='ocrx_word' id='word_1_70' title='bbox 1472 2744 1719 2816; x_wconf 81' lang='grc' dir='ltr'>καθαράν</span> <span class='ocrx_word' id='word_1_71' title='bbox 1746 2761 1806 2797; x_wconf 85' lang='grc' dir='ltr'><strong>τε</strong></span> 
     </span>
    </p>
   </div>
   <div class='ocr_carea' id='block_1_17' title="bbox 235 2831 1806 2903">
    <p class='ocr_par' dir='ltr' id='par_1_17' title="bbox 235 2831 1806 2903">
     <span class='ocr_line' id='line_1_17' title="bbox 235 2831 1806 2903; baseline 0.002 -18"><span class='ocrx_word' id='word_1_72' title='bbox 235 2835 332 2903; x_wconf 80' lang='grc' dir='ltr'>τὴν</span> <span class='ocrx_word' id='word_1_73' title='bbox 379 2832 558 2903; x_wconf 74' lang='grc' dir='ltr'>ψυχὴν</span> <span class='ocrx_word' id='word_1_74' title='bbox 586 2834 776 2902; x_wconf 81' lang='grc' dir='ltr'><strong>τηρεῖν</strong></span> <span class='ocrx_word' id='word_1_75' title='bbox 805 2831 918 2884; x_wconf 77' lang='grc' dir='ltr'><strong>ἀπὸ</strong></span> <span class='ocrx_word' id='word_1_76' title='bbox 954 2832 1219 2902; x_wconf 80' lang='grc' dir='ltr'>ῥυπαρῶν</span> <span class='ocrx_word' id='word_1_77' title='bbox 1249 2833 1528 2903; x_wconf 83' lang='grc' dir='ltr'><strong>λογισμῶν</strong></span> <span class='ocrx_word' id='word_1_78' title='bbox 1578 2834 1630 2886; x_wconf 83' lang='grc' dir='ltr'>οἳ</span> <span class='ocrx_word' id='word_1_79' title='bbox 1691 2852 1806 2888; x_wconf 86' lang='grc' dir='ltr'>κοι-</span> 
     </span>
    </p>
   </div>
   <div class='ocr_carea' id='block_1_18' title="bbox 236 2922 1807 2994">
    <p class='ocr_par' dir='ltr' id='par_1_18' title="bbox 236 2922 1807 2994">
     <span class='ocr_line' id='line_1_18' title="bbox 236 2922 1807 2994; baseline 0.001 -18"><span class='ocrx_word' id='word_1_80' title='bbox 236 2925 417 2978; x_wconf 77' lang='grc' dir='ltr'>νοῦσιν</span> <span class='ocrx_word' id='word_1_81' title='bbox 443 2925 589 2994; x_wconf 73' lang='grc' dir='ltr'>ἡμᾶς</span> <span class='ocrx_word' id='word_1_82' title='bbox 612 2939 626 2953; x_wconf 82' lang='grc'><em>’</em></span> <span class='ocrx_word' id='word_1_83' title='bbox 667 2925 724 2976; x_wconf 82' lang='grc' dir='ltr'>ὲν</span> <span class='ocrx_word' id='word_1_84' title='bbox 746 2924 854 2993; x_wconf 82' lang='grc' dir='ltr'>γὰρ</span> <span class='ocrx_word' id='word_1_85' title='bbox 885 2922 965 2994; x_wconf 85' lang='grc' dir='ltr'>τῷ</span> <span class='ocrx_word' id='word_1_86' title='bbox 993 2922 1324 2990; x_wconf 77' lang='grc' dir='ltr'>λογίζεσθαι,</span> <span class='ocrx_word' id='word_1_87' title='bbox 1355 2924 1430 2987; x_wconf 83' lang='grc' dir='ltr'>ὡς</span> <span class='ocrx_word' id='word_1_88' title='bbox 1464 2923 1576 2994; x_wconf 82' lang='grc' dir='ltr'>πῦρ</span> <span class='ocrx_word' id='word_1_89' title='bbox 1607 2926 1641 2994; x_wconf 80' lang='grc' dir='ltr'>ἡ</span> <span class='ocrx_word' id='word_1_90' title='bbox 1688 2925 1807 2980; x_wconf 77' lang='grc' dir='ltr'>ἑπι-</span> 
     </span>
    </p>
   </div>
   <div class='ocr_carea' id='block_1_19' title="bbox 236 3011 1806 3084">
    <p class='ocr_par' dir='ltr' id='par_1_19' title="bbox 236 3011 1806 3084">
     <span class='ocr_line' id='line_1_19' title="bbox 236 3011 1806 3084; baseline -0.002 -18"><span class='ocrx_word' id='word_1_91' title='bbox 236 3015 406 3084; x_wconf 81' lang='grc' dir='ltr'>υυμία</span> <span class='ocrx_word' id='word_1_92' title='bbox 465 3014 802 3068; x_wconf 78' lang='grc' dir='ltr'>ἁνάπτεται·</span> <span class='ocrx_word' id='word_1_93' title='bbox 855 3012 990 3066; x_wconf 77' lang='grc' dir='ltr'>ἀλλὰ</span> <span class='ocrx_word' id='word_1_94' title='bbox 1022 3011 1305 3084; x_wconf 70' lang='grc' dir='ltr'>πόρρωθεν</span> <span class='ocrx_word' id='word_1_95' title='bbox 1356 3012 1465 3065; x_wconf 85' lang='grc' dir='ltr'><strong>τῶν</strong></span> <span class='ocrx_word' id='word_1_96' title='bbox 1486 3011 1674 3065; x_wconf 84' lang='grc' dir='ltr'>παθῶν</span> <span class='ocrx_word' id='word_1_97' title='bbox 1726 3013 1806 3064; x_wconf 89' lang='grc' dir='ltr'><strong>ἰσ-</strong></span> 
     </span>
    </p>
   </div>
   <div class='ocr_carea' id='block_1_20' title="bbox 233 3101 1807 3174">
    <p class='ocr_par' dir='ltr' id='par_1_20' title="bbox 233 3101 1807 3174">
     <span class='ocr_line' id='line_1_20' title="bbox 233 3101 1807 3174; baseline -0.001 -17"><span class='ocrx_word' id='word_1_98' title='bbox 233 3107 301 3158; x_wconf 74' lang='grc' dir='ltr'>τά</span> <span class='ocrx_word' id='word_1_99' title='bbox 309 3123 480 3174; x_wconf 85' lang='grc' dir='ltr'>μενοι,</span> <span class='ocrx_word' id='word_1_100' title='bbox 499 3103 559 3168; x_wconf 70' lang='grc' dir='ltr'><strong>ἐξ</strong></span> <span class='ocrx_word' id='word_1_101' title='bbox 584 3104 752 3174; x_wconf 78' lang='grc' dir='ltr'>αὐτῆς</span> <span class='ocrx_word' id='word_1_102' title='bbox 766 3101 1074 3174; x_wconf 74' lang='grc' dir='ltr'>προσϐολῆς</span> <span class='ocrx_word' id='word_1_103' title='bbox 1087 3101 1486 3174; x_wconf 76' lang='grc' dir='ltr'>ἁποκρούωμεν</span> <span class='ocrx_word' id='word_1_104' title='bbox 1502 3101 1594 3156; x_wconf 83' lang='grc' dir='ltr'>τὸν</span> <span class='ocrx_word' id='word_1_105' title='bbox 1613 3102 1807 3174; x_wconf 82' lang='grc' dir='ltr'>πειρά-</span> 
     </span>
    </p>
   </div>
   <div class='ocr_carea' id='block_1_21' title="bbox 235 3216 418 3261">
    <p class='ocr_par' dir='ltr' id='par_1_21' title="bbox 235 3216 418 3261">
     <span class='ocr_line' id='line_1_21' title="bbox 235 3216 418 3261; baseline 0 -12"><span class='ocrx_word' id='word_1_106' title='bbox 235 3216 418 3261; x_wconf 43' lang='lat' dir='ltr'><strong>cavsa.</strong></span> 
     </span>
    </p>
   </div>
   <div class='ocr_carea' id='block_1_22' title="bbox 309 3283 1806 3359">
    <p class='ocr_par' dir='ltr' id='par_1_22' title="bbox 309 3283 1806 3359">
     <span class='ocr_line' id='line_1_22' title="bbox 309 3283 1806 3359; baseline -0.002 -18"><span class='ocrx_word' id='word_1_107' title='bbox 309 3291 384 3343; x_wconf 74' lang='lat'><strong>8&#39;.</strong></span> <span class='ocrx_word' id='word_1_108' title='bbox 415 3289 648 3359; x_wconf 75' lang='grc' dir='ltr'>Νήψεως</span> <span class='ocrx_word' id='word_1_109' title='bbox 674 3286 872 3357; x_wconf 80' lang='grc' dir='ltr'>πολλῆς</span> <span class='ocrx_word' id='word_1_110' title='bbox 900 3285 1058 3356; x_wconf 85' lang='grc' dir='ltr'>χρεία</span> <span class='ocrx_word' id='word_1_111' title='bbox 1083 3286 1218 3356; x_wconf 77' lang='grc' dir='ltr'>ἡμῖν</span> <span class='ocrx_word' id='word_1_112' title='bbox 1247 3283 1343 3338; x_wconf 81' lang='grc' dir='ltr'>καὶ</span> <span class='ocrx_word' id='word_1_113' title='bbox 1370 3283 1645 3359; x_wconf 83' lang='grc' dir='ltr'><strong>προσοχῆς</strong></span> <span class='ocrx_word' id='word_1_114' title='bbox 1664 3299 1680 3316; x_wconf 79' lang='grc'><strong>⁸</strong></span> <span class='ocrx_word' id='word_1_115' title='bbox 1711 3283 1806 3338; x_wconf 78' lang='grc' dir='ltr'>καὶ</span> 
     </span>
    </p>
   </div>
   <div class='ocr_carea' id='block_1_23' title="bbox 236 3369 1806 3452">
    <p class='ocr_par' dir='ltr' id='par_1_23' title="bbox 236 3369 1806 3452">
     <span class='ocr_line' id='line_1_23' title="bbox 236 3369 1806 3452; baseline -0.003 -18"><span class='ocrx_word' id='word_1_116' title='bbox 236 3381 554 3451; x_wconf 82' lang='grc' dir='ltr'>ὲτοιμασίας</span> <span class='ocrx_word' id='word_1_117' title='bbox 579 3383 678 3452; x_wconf 76' lang='grc' dir='ltr'>τῆς</span> <span class='ocrx_word' id='word_1_118' title='bbox 729 3379 961 3448; x_wconf 79' lang='grc' dir='ltr'><strong>καρδίας</strong></span> <span class='ocrx_word' id='word_1_119' title='bbox 991 3380 1070 3442; x_wconf 87' lang='grc' dir='ltr'><strong>είς</strong></span> <span class='ocrx_word' id='word_1_120' title='bbox 1101 3369 1162 3430; x_wconf 84' lang='grc' dir='ltr'><strong>τδ</strong></span> <span class='ocrx_word' id='word_1_121' title='bbox 1205 3377 1496 3448; x_wconf 83' lang='grc' dir='ltr'>χαλινῶσαι</span> <span class='ocrx_word' id='word_1_122' title='bbox 1535 3369 1643 3433; x_wconf 62' lang='grc' dir='ltr'>(τὸν</span> <span class='ocrx_word' id='word_1_123' title='bbox 1681 3375 1806 3431; x_wconf 82' lang='grc' dir='ltr'>νοῦν</span> 
     </span>
    </p>
   </div>
   <div class='ocr_carea' id='block_1_24' title="bbox 235 3467 1806 3544">
    <p class='ocr_par' dir='ltr' id='par_1_24' title="bbox 235 3467 1806 3544">
     <span class='ocr_line' id='line_1_24' title="bbox 235 3467 1806 3544; baseline -0.005 -17"><span class='ocrx_word' id='word_1_124' title='bbox 235 3474 416 3544; x_wconf 75' lang='grc' dir='ltr'>ἡμῶν,</span> <span class='ocrx_word' id='word_1_125' title='bbox 448 3474 525 3544; x_wconf 81' lang='grc' dir='ltr'>μὴ</span> <span class='ocrx_word' id='word_1_126' title='bbox 555 3473 884 3541; x_wconf 65' lang='grc' dir='ltr'>ἐκφέρεσθαι</span> <span class='ocrx_word' id='word_1_127' title='bbox 919 3472 998 3532; x_wconf 89' lang='grc' dir='ltr'><strong>είς</strong></span> <span class='ocrx_word' id='word_1_128' title='bbox 1025 3468 1061 3522; x_wconf 78' lang='grc' dir='ltr'>ἃ</span> <span class='ocrx_word' id='word_1_129' title='bbox 1091 3469 1166 3540; x_wconf 85' lang='grc' dir='ltr'><strong>μὴ</strong></span> <span class='ocrx_word' id='word_1_130' title='bbox 1195 3469 1293 3534; x_wconf 84' lang='grc' dir='ltr'>δεῖ,</span> <span class='ocrx_word' id='word_1_131' title='bbox 1325 3467 1401 3540; x_wconf 81' lang='grc' dir='ltr'>μὴ</span> <span class='ocrx_word' id='word_1_132' title='bbox 1450 3467 1806 3538; x_wconf 77' lang='grc' dir='ltr'>κενεμόατείν</span> 
     </span>
    </p>
   </div>
   <div class='ocr_carea' id='block_1_25' title="bbox 235 3561 1806 3635">
    <p class='ocr_par' dir='ltr' id='par_1_25' title="bbox 235 3561 1806 3635">
     <span class='ocr_line' id='line_1_25' title="bbox 235 3561 1806 3635; baseline -0.018 -4"><span class='ocrx_word' id='word_1_133' title='bbox 235 3569 316 3630; x_wconf 72' lang='grc' dir='ltr'><strong>εἰς</strong></span> <span class='ocrx_word' id='word_1_134' title='bbox 344 3567 570 3627; x_wconf 71' lang='grc' dir='ltr'>ἔκτυπα.</span> <span class='ocrx_word' id='word_1_135' title='bbox 607 3567 682 3635; x_wconf 82' lang='grc' dir='ltr'>μὴ</span> <span class='ocrx_word' id='word_1_136' title='bbox 716 3565 1135 3635; x_wconf 78' lang='grc' dir='ltr'>ἁναζωγραφεῖν</span> <span class='ocrx_word' id='word_1_137' title='bbox 1169 3561 1372 3622; x_wconf 81' lang='grc' dir='ltr'><strong>τύπους</strong></span> <span class='ocrx_word' id='word_1_138' title='bbox 1392 3562 1680 3632; x_wconf 75' lang='grc' dir='ltr'>πονηροὺς,</span> <span class='ocrx_word' id='word_1_139' title='bbox 1704 3578 1806 3631; x_wconf 82' lang='grc' dir='ltr'>μη.</span> 
     </span>
    </p>
   </div>
   <div class='ocr_carea' id='block_1_26' title="bbox 234 3646 1805 3727">
    <p class='ocr_par' dir='ltr' id='par_1_26' title="bbox 234 3646 1805 3727">
     <span class='ocr_line' id='line_1_26' title="bbox 234 3646 1805 3727; baseline -0.005 -15"><span class='ocrx_word' id='word_1_140' title='bbox 234 3661 291 3713; x_wconf 73' lang='grc' dir='ltr'>δὲ</span> <span class='ocrx_word' id='word_1_141' title='bbox 346 3658 745 3727; x_wconf 75' lang='grc' dir='ltr'>συλλαμϐάνειν</span> <span class='ocrx_word' id='word_1_142' title='bbox 786 3656 1082 3726; x_wconf 75' lang='grc' dir='ltr'>ἐπιθυμίας</span> <span class='ocrx_word' id='word_1_143' title='bbox 1112 3654 1513 3725; x_wconf 85' lang='grc' dir='ltr'>ἁμαρτητικὰς,</span> <span class='ocrx_word' id='word_1_144' title='bbox 1543 3652 1602 3718; x_wconf 81' lang='grc' dir='ltr'>ἐξ</span> <span class='ocrx_word' id='word_1_145' title='bbox 1623 3646 1698 3707; x_wconf 81' lang='grc' dir='ltr'>ὧν</span> <span class='ocrx_word' id='word_1_146' title='bbox 1712 3652 1805 3705; x_wconf 82' lang='grc' dir='ltr'>οὑ-</span> 
     </span>
    </p>
   </div>
   <div class='ocr_carea' id='block_1_27' title="bbox 233 3744 1805 3820">
    <p class='ocr_par' dir='ltr' id='par_1_27' title="bbox 233 3744 1805 3820">
     <span class='ocr_line' id='line_1_27' title="bbox 233 3744 1805 3820; baseline -0.004 -17"><span class='ocrx_word' id='word_1_147' title='bbox 233 3751 323 3803; x_wconf 82' lang='grc' dir='ltr'>δὲν</span> <span class='ocrx_word' id='word_1_148' title='bbox 364 3748 742 3820; x_wconf 84' lang='grc' dir='ltr'>ὠφελούμεθα.</span> <span class='ocrx_word' id='word_1_149' title='bbox 773 3747 1080 3801; x_wconf 81' lang='grc' dir='ltr'>τούναντίον</span> <span class='ocrx_word' id='word_1_150' title='bbox 1109 3746 1166 3800; x_wconf 84' lang='grc' dir='ltr'>δὲ</span> <span class='ocrx_word' id='word_1_151' title='bbox 1214 3745 1435 3816; x_wconf 83' lang='grc' dir='ltr'>μᾶλλον,</span> <span class='ocrx_word' id='word_1_152' title='bbox 1492 3744 1805 3816; x_wconf 84' lang='grc' dir='ltr'>όδυνώμεθα</span> 
     </span>
    </p>
   </div>
   <div class='ocr_carea' id='block_1_28' title="bbox 235 3837 1804 3912">
    <p class='ocr_par' dir='ltr' id='par_1_28' title="bbox 235 3837 1804 3912">
     <span class='ocr_line' id='line_1_28' title="bbox 235 3837 1804 3912; baseline -0.003 -18"><span class='ocrx_word' id='word_1_153' title='bbox 235 3843 331 3894; x_wconf 76' lang='grc' dir='ltr'>καὶ</span> <span class='ocrx_word' id='word_1_154' title='bbox 370 3841 762 3912; x_wconf 80' lang='grc' dir='ltr'>συντριϐόμεθα</span> <span class='ocrx_word' id='word_1_155' title='bbox 782 3881 798 3908; x_wconf 84' lang='grc'><strong>,</strong></span> <span class='ocrx_word' id='word_1_156' title='bbox 826 3841 906 3903; x_wconf 88' lang='grc' dir='ltr'><strong>είς</strong></span> <span class='ocrx_word' id='word_1_157' title='bbox 939 3839 1090 3893; x_wconf 78' lang='grc' dir='ltr'>οὐδὲν</span> <span class='ocrx_word' id='word_1_158' title='bbox 1121 3839 1391 3910; x_wconf 81' lang='grc' dir='ltr'>χρήσιμον</span> <span class='ocrx_word' id='word_1_159' title='bbox 1418 3837 1804 3907; x_wconf 77' lang='grc' dir='ltr'>τελεσφοροῦν-</span> 
     </span>
    </p>
   </div>
   <div class='ocr_carea' id='block_1_29' title="bbox 1907 2746 3478 2816">
    <p class='ocr_par' dir='ltr' id='par_1_29' title="bbox 1907 2746 3478 2816">
     <span class='ocr_line' id='line_1_29' title="bbox 1907 2746 3478 2816; baseline -0.003 -15"><span class='ocrx_word' id='word_1_160' title='bbox 1907 2756 2097 2801; x_wconf 88' lang='lat' dir='ltr'><strong>contra</strong></span> <span class='ocrx_word' id='word_1_161' title='bbox 2132 2747 2318 2801; x_wconf 87' lang='lat' dir='ltr'><strong>hostes</strong></span> <span class='ocrx_word' id='word_1_162' title='bbox 2349 2746 2682 2814; x_wconf 81' lang='lat' dir='ltr'><strong>invisibiles;</strong></span> <span class='ocrx_word' id='word_1_163' title='bbox 2707 2753 2761 2801; x_wconf 92' lang='lat' dir='ltr'><strong>et</strong></span> <span class='ocrx_word' id='word_1_164' title='bbox 2777 2760 2966 2816; x_wconf 91' lang='lat' dir='ltr'><strong>puram</strong></span> <span class='ocrx_word' id='word_1_165' title='bbox 2989 2746 3225 2799; x_wconf 90' lang='lat' dir='ltr'><strong>animam</strong></span> <span class='ocrx_word' id='word_1_166' title='bbox 3260 2760 3478 2799; x_wconf 76' lang='lat' dir='ltr'><strong>servare</strong></span> 
     </span>
    </p>
   </div>
   <div class='ocr_carea' id='block_1_30' title="bbox 1907 2833 3474 2906">
    <p class='ocr_par' dir='ltr' id='par_1_30' title="bbox 1907 2833 3474 2906">
     <span class='ocr_line' id='line_1_30' title="bbox 1907 2833 3474 2906; baseline -0.003 -15"><span class='ocrx_word' id='word_1_167' title='bbox 1907 2852 1936 2891; x_wconf 93' lang='lat' dir='ltr'><strong>a</strong></span> <span class='ocrx_word' id='word_1_168' title='bbox 1987 2837 2227 2892; x_wconf 85' lang='lat' dir='ltr'><strong>sordidis</strong></span> <span class='ocrx_word' id='word_1_169' title='bbox 2271 2837 2695 2906; x_wconf 72' lang='lat' dir='ltr'><strong>cogitationibus</strong></span> <span class='ocrx_word' id='word_1_170' title='bbox 2721 2852 2841 2906; x_wconf 74' lang='lat' dir='ltr'><strong>qua:</strong></span> <span class='ocrx_word' id='word_1_171' title='bbox 2871 2835 3161 2905; x_wconf 91' lang='lat' dir='ltr'><strong>inquinant</strong></span> <span class='ocrx_word' id='word_1_172' title='bbox 3193 2850 3312 2889; x_wconf 89' lang='lat' dir='ltr'><strong>nos.</strong></span> <span class='ocrx_word' id='word_1_173' title='bbox 3337 2833 3474 2888; x_wconf 86' lang='lat' dir='ltr'><strong>Dum</strong></span> 
     </span>
    </p>
   </div>
   <div class='ocr_carea' id='block_1_31' title="bbox 1907 2928 3476 2998">
    <p class='ocr_par' dir='ltr' id='par_1_31' title="bbox 1907 2928 3476 2998">
     <span class='ocr_line' id='line_1_31' title="bbox 1907 2928 3476 2998; baseline -0.003 -14"><span class='ocrx_word' id='word_1_174' title='bbox 1907 2930 2053 2984; x_wconf 90' lang='lat' dir='ltr'><strong>enim</strong></span> <span class='ocrx_word' id='word_1_175' title='bbox 2108 2931 2236 2984; x_wconf 86' lang='lat' dir='ltr'><strong>talia</strong></span> <span class='ocrx_word' id='word_1_176' title='bbox 2286 2939 2466 2984; x_wconf 81' lang='lat' dir='ltr'><strong>mente</strong></span> <span class='ocrx_word' id='word_1_177' title='bbox 2515 2944 2822 2994; x_wconf 87' lang='lat' dir='ltr'><strong>versamus,</strong></span> <span class='ocrx_word' id='word_1_178' title='bbox 2852 2929 3294 2998; x_wconf 85' lang='lat' dir='ltr'><strong>concupiscentia</strong></span> <span class='ocrx_word' id='word_1_179' title='bbox 3334 2928 3476 2984; x_wconf 89' lang='lat' dir='ltr'><strong>sicut</strong></span> 
     </span>
    </p>
   </div>
   <div class='ocr_carea' id='block_1_32' title="bbox 1909 3019 3471 3091">
    <p class='ocr_par' dir='ltr' id='par_1_32' title="bbox 1909 3019 3471 3091">
     <span class='ocr_line' id='line_1_32' title="bbox 1909 3019 3471 3091; baseline -0.001 -18"><span class='ocrx_word' id='word_1_180' title='bbox 1909 3022 2048 3091; x_wconf 80' lang='lat' dir='ltr'><strong>ignis</strong></span> <span class='ocrx_word' id='word_1_181' title='bbox 2087 3021 2476 3076; x_wconf 84' lang='lat' dir='ltr'><strong>inﬂammatur.</strong></span> <span class='ocrx_word' id='word_1_182' title='bbox 2532 3020 2602 3075; x_wconf 80' lang='lat' dir='ltr'><strong>At</strong></span> <span class='ocrx_word' id='word_1_183' title='bbox 2647 3021 2728 3077; x_wconf 89' lang='lat' dir='ltr'><strong>sic</strong></span> <span class='ocrx_word' id='word_1_184' title='bbox 2768 3035 2868 3076; x_wconf 88' lang='lat' dir='ltr'><strong>nos</strong></span> <span class='ocrx_word' id='word_1_185' title='bbox 2907 3021 3274 3091; x_wconf 84' lang='lat' dir='ltr'><strong>elongantesa</strong></span> <span class='ocrx_word' id='word_1_186' title='bbox 3302 3019 3471 3084; x_wconf 80' lang='lat' dir='ltr'><strong>vitiis,</strong></span> 
     </span>
    </p>
   </div>
   <div class='ocr_carea' id='block_1_33' title="bbox 1908 3113 3288 3185">
    <p class='ocr_par' dir='ltr' id='par_1_33' title="bbox 1908 3113 3288 3185">
     <span class='ocr_line' id='line_1_33' title="bbox 1908 3113 3288 3185; baseline -0.001 -18"><span class='ocrx_word' id='word_1_187' title='bbox 1908 3114 1960 3168; x_wconf 93' lang='lat' dir='ltr'><strong>in</strong></span> <span class='ocrx_word' id='word_1_188' title='bbox 1989 3114 2108 3184; x_wconf 91' lang='lat' dir='ltr'><strong>ipso</strong></span> <span class='ocrx_word' id='word_1_189' title='bbox 2141 3114 2318 3184; x_wconf 91' lang='lat' dir='ltr'><strong>primo</strong></span> <span class='ocrx_word' id='word_1_190' title='bbox 2347 3113 2559 3169; x_wconf 89' lang='lat' dir='ltr'><strong>assultu</strong></span> <span class='ocrx_word' id='word_1_191' title='bbox 2588 3113 2915 3185; x_wconf 82' lang='lat' dir='ltr'><strong>repellamus</strong></span> <span class='ocrx_word' id='word_1_192' title='bbox 2941 3121 3288 3169; x_wconf 89' lang='lat' dir='ltr'><strong>tentatorem.</strong></span> 
     </span>
    </p>
   </div>
   <div class='ocr_carea' id='block_1_34' title="bbox 1975 3279 3476 3356">
    <p class='ocr_par' dir='ltr' id='par_1_34' title="bbox 1975 3279 3476 3356">
     <span class='ocr_line' id='line_1_34' title="bbox 1975 3279 3476 3356; baseline 0.003 -20"><span class='ocrx_word' id='word_1_193' title='bbox 1975 3279 2043 3336; x_wconf 81' lang='lat' dir='ltr'><strong>li.</strong></span> <span class='ocrx_word' id='word_1_194' title='bbox 2072 3282 2237 3338; x_wconf 83' lang='lat' dir='ltr'><strong>Multa</strong></span> <span class='ocrx_word' id='word_1_195' title='bbox 2254 3284 2436 3356; x_wconf 81' lang='lat' dir='ltr'><strong>vigilia</strong></span> <span class='ocrx_word' id='word_1_196' title='bbox 2471 3299 2608 3356; x_wconf 89' lang='lat' dir='ltr'><strong>opus</strong></span> <span class='ocrx_word' id='word_1_197' title='bbox 2641 3285 2800 3344; x_wconf 85' lang='lat' dir='ltr'><strong>nobis</strong></span> <span class='ocrx_word' id='word_1_198' title='bbox 2828 3295 2933 3352; x_wconf 91' lang='lat' dir='ltr'><strong>est,</strong></span> <span class='ocrx_word' id='word_1_199' title='bbox 2976 3286 3144 3342; x_wconf 88' lang='lat' dir='ltr'><strong>multa</strong></span> <span class='ocrx_word' id='word_1_200' title='bbox 3175 3285 3476 3342; x_wconf 86' lang='lat' dir='ltr'><strong>attentione</strong></span> 
     </span>
    </p>
   </div>
   <div class='ocr_carea' id='block_1_35' title="bbox 1908 3374 3474 3444">
    <p class='ocr_par' dir='ltr' id='par_1_35' title="bbox 1908 3374 3474 3444">
     <span class='ocr_line' id='line_1_35' title="bbox 1908 3374 3474 3444; baseline 0.001 -17"><span class='ocrx_word' id='word_1_201' title='bbox 1908 3383 1960 3427; x_wconf 86' lang='lat' dir='ltr'><strong>et</strong></span> <span class='ocrx_word' id='word_1_202' title='bbox 1988 3374 2382 3444; x_wconf 66' lang='lat' dir='ltr'><strong>praeparatione</strong></span> <span class='ocrx_word' id='word_1_203' title='bbox 2420 3377 2601 3432; x_wconf 84' lang='lat' dir='ltr'><strong>cordis</strong></span> <span class='ocrx_word' id='word_1_204' title='bbox 2635 3375 2704 3430; x_wconf 89' lang='lat' dir='ltr'><strong>ad</strong></span> <span class='ocrx_word' id='word_1_205' title='bbox 2733 3374 3052 3430; x_wconf 81' lang='lat' dir='ltr'><strong>frenandam</strong></span> <span class='ocrx_word' id='word_1_206' title='bbox 3084 3382 3321 3430; x_wconf 83' lang='lat' dir='ltr'><strong>mentem</strong></span> <span class='ocrx_word' id='word_1_207' title='bbox 3369 3391 3474 3428; x_wconf 90' lang='lat' dir='ltr'><strong>no-</strong></span> 
     </span>
    </p>
   </div>
   <div class='ocr_carea' id='block_1_36' title="bbox 1905 3466 3477 3538">
    <p class='ocr_par' dir='ltr' id='par_1_36' title="bbox 1905 3466 3477 3538">
     <span class='ocr_line' id='line_1_36' title="bbox 1905 3466 3477 3538; baseline -0.003 -14"><span class='ocrx_word' id='word_1_208' title='bbox 1905 3477 2097 3529; x_wconf 88' lang='lat' dir='ltr'><strong>stram,</strong></span> <span class='ocrx_word' id='word_1_209' title='bbox 2136 3483 2203 3520; x_wconf 90' lang='lat' dir='ltr'><strong>ne</strong></span> <span class='ocrx_word' id='word_1_210' title='bbox 2235 3466 2499 3522; x_wconf 75' lang='lat' dir='ltr'><strong>efferatur</strong></span> <span class='ocrx_word' id='word_1_211' title='bbox 2533 3469 2585 3521; x_wconf 90' lang='lat' dir='ltr'><strong>in</strong></span> <span class='ocrx_word' id='word_1_212' title='bbox 2615 3483 2679 3522; x_wconf 91' lang='lat' dir='ltr'><strong>ea</strong></span> <span class='ocrx_word' id='word_1_213' title='bbox 2704 3482 2826 3538; x_wconf 67' lang='lat' dir='ltr'><strong>quae</strong></span> <span class='ocrx_word' id='word_1_214' title='bbox 2863 3482 2974 3522; x_wconf 93' lang='lat' dir='ltr'><strong>non</strong></span> <span class='ocrx_word' id='word_1_215' title='bbox 3001 3467 3331 3522; x_wconf 87' lang='lat' dir='ltr'><strong>conveniunt</strong></span> <span class='ocrx_word' id='word_1_216' title='bbox 3358 3485 3372 3522; x_wconf 90' lang='lat'><strong>:</strong></span> <span class='ocrx_word' id='word_1_217' title='bbox 3407 3482 3477 3521; x_wconf 87' lang='lat' dir='ltr'><strong>ne</strong></span> 
     </span>
    </p>
   </div>
   <div class='ocr_carea' id='block_1_37' title="bbox 1906 3558 3474 3630">
    <p class='ocr_par' dir='ltr' id='par_1_37' title="bbox 1906 3558 3474 3630">
     <span class='ocr_line' id='line_1_37' title="bbox 1906 3558 3474 3630; baseline 0.001 -18"><span class='ocrx_word' id='word_1_218' title='bbox 1906 3558 2320 3629; x_wconf 81' lang='lat' dir='ltr'><strong>iinaginationes</strong></span> <span class='ocrx_word' id='word_1_219' title='bbox 2354 3574 2553 3627; x_wconf 89' lang='lat' dir='ltr'><strong>pravas</strong></span> <span class='ocrx_word' id='word_1_220' title='bbox 2593 3559 2760 3630; x_wconf 84' lang='lat' dir='ltr'><strong>lingat</strong></span> <span class='ocrx_word' id='word_1_221' title='bbox 2793 3577 2806 3614; x_wconf 93' lang='lat'><strong>:</strong></span> <span class='ocrx_word' id='word_1_222' title='bbox 2839 3569 2934 3613; x_wconf 87' lang='lat' dir='ltr'><strong>aut</strong></span> <span class='ocrx_word' id='word_1_223' title='bbox 2969 3559 3251 3614; x_wconf 91' lang='lat' dir='ltr'><strong>obversari</strong></span> <span class='ocrx_word' id='word_1_224' title='bbox 3288 3561 3474 3613; x_wconf 90' lang='lat' dir='ltr'><strong>animo</strong></span> 
     </span>
    </p>
   </div>
   <div class='ocr_carea' id='block_1_38' title="bbox 1903 3650 3470 3721">
    <p class='ocr_par' dir='ltr' id='par_1_38' title="bbox 1903 3650 3470 3721">
     <span class='ocr_line' id='line_1_38' title="bbox 1903 3650 3470 3721; baseline 0.001 -18"><span class='ocrx_word' id='word_1_225' title='bbox 1903 3651 2095 3704; x_wconf 82' lang='lat' dir='ltr'><strong>sinat:</strong></span> <span class='ocrx_word' id='word_1_226' title='bbox 2134 3665 2268 3704; x_wconf 80' lang='lat' dir='ltr'><strong>neve</strong></span> <span class='ocrx_word' id='word_1_227' title='bbox 2317 3650 2593 3719; x_wconf 88' lang='lat' dir='ltr'><strong>concipiat</strong></span> <span class='ocrx_word' id='word_1_228' title='bbox 2642 3651 2970 3719; x_wconf 85' lang='lat' dir='ltr'><strong>cupiditates</strong></span> <span class='ocrx_word' id='word_1_229' title='bbox 3021 3651 3088 3706; x_wconf 92' lang='lat' dir='ltr'><strong>ad</strong></span> <span class='ocrx_word' id='word_1_230' title='bbox 3135 3653 3470 3721; x_wconf 87' lang='lat' dir='ltr'><strong>peccandum</strong></span> 
     </span>
    </p>
   </div>
   <div class='ocr_carea' id='block_1_39' title="bbox 1905 3737 3471 3810">
    <p class='ocr_par' dir='ltr' id='par_1_39' title="bbox 1905 3737 3471 3810">
     <span class='ocr_line' id='line_1_39' title="bbox 1905 3737 3471 3810; baseline 0.002 -19"><span class='ocrx_word' id='word_1_231' title='bbox 1905 3737 2225 3802; x_wconf 84' lang='lat' dir='ltr'><strong>incitantes;</strong></span> <span class='ocrx_word' id='word_1_232' title='bbox 2251 3753 2316 3792; x_wconf 83' lang='lat' dir='ltr'><strong>ex</strong></span> <span class='ocrx_word' id='word_1_233' title='bbox 2352 3738 2548 3808; x_wconf 89' lang='lat' dir='ltr'><strong>quibus</strong></span> <span class='ocrx_word' id='word_1_234' title='bbox 2573 3739 2710 3792; x_wconf 88' lang='lat' dir='ltr'><strong>nihil</strong></span> <span class='ocrx_word' id='word_1_235' title='bbox 2741 3740 3059 3808; x_wconf 85' lang='lat' dir='ltr'><strong>prolicimus</strong></span> <span class='ocrx_word' id='word_1_236' title='bbox 3081 3759 3094 3794; x_wconf 92' lang='lat'>:</span> <span class='ocrx_word' id='word_1_237' title='bbox 3119 3741 3253 3810; x_wconf 92' lang='lat' dir='ltr'><strong>quin</strong></span> <span class='ocrx_word' id='word_1_238' title='bbox 3282 3756 3312 3796; x_wconf 90' lang='lat' dir='ltr'><strong>e</strong></span> <span class='ocrx_word' id='word_1_239' title='bbox 3334 3757 3471 3796; x_wconf 87' lang='lat' dir='ltr'><strong>con-</strong></span> 
     </span>
    </p>
   </div>
   <div class='ocr_carea' id='block_1_40' title="bbox 1905 3829 3470 3896">
    <p class='ocr_par' dir='ltr' id='par_1_40' title="bbox 1905 3829 3470 3896">
     <span class='ocr_line' id='line_1_40' title="bbox 1905 3829 3470 3896; baseline 0.001 -15"><span class='ocrx_word' id='word_1_240' title='bbox 1905 3829 2077 3882; x_wconf 85' lang='lat' dir='ltr'><strong>trario</strong></span> <span class='ocrx_word' id='word_1_241' title='bbox 2126 3829 2477 3883; x_wconf 89' lang='lat' dir='ltr'><strong>vulneramur</strong></span> <span class='ocrx_word' id='word_1_242' title='bbox 2522 3838 2578 3884; x_wconf 90' lang='lat' dir='ltr'><strong>et</strong></span> <span class='ocrx_word' id='word_1_243' title='bbox 2629 3829 2988 3896; x_wconf 83' lang='lat' dir='ltr'><strong>conterimur,</strong></span> <span class='ocrx_word' id='word_1_244' title='bbox 3028 3831 3238 3886; x_wconf 91' lang='lat' dir='ltr'><strong>nullum</strong></span> <span class='ocrx_word' id='word_1_245' title='bbox 3282 3832 3470 3887; x_wconf 85' lang='lat' dir='ltr'><strong>utilem</strong></span> 
     </span>
    </p>
   </div>
   <div class='ocr_carea' id='block_1_41' title="bbox 234 3918 1871 4000">
    <p class='ocr_par' dir='ltr' id='par_1_41' title="bbox 234 3921 1871 4000">
     <span class='ocr_line' id='line_1_41' title="bbox 234 3921 1871 4000; baseline -0.005 -16"><span class='ocrx_word' id='word_1_246' title='bbox 234 3950 347 3995; x_wconf 79' lang='grc' dir='ltr'>τες.</span> <span class='ocrx_word' id='word_1_247' title='bbox 394 3933 511 3985; x_wconf 87' lang='grc' dir='ltr'><strong>Μία</strong></span> <span class='ocrx_word' id='word_1_248' title='bbox 536 3931 629 3986; x_wconf 79' lang='grc' dir='ltr'>οὖν</span> <span class='ocrx_word' id='word_1_249' title='bbox 675 3932 1007 3994; x_wconf 81' lang='grc' dir='ltr'>ἀνάπαυσις,</span> <span class='ocrx_word' id='word_1_250' title='bbox 1056 3930 1150 3983; x_wconf 77' lang='grc' dir='ltr'>καὶ</span> <span class='ocrx_word' id='word_1_251' title='bbox 1183 3929 1280 4000; x_wconf 87' lang='grc' dir='ltr'><strong>μία</strong></span> <span class='ocrx_word' id='word_1_252' title='bbox 1309 3928 1472 4000; x_wconf 79' lang='grc' dir='ltr'>ἡδονὴ</span> <span class='ocrx_word' id='word_1_253' title='bbox 1524 3929 1587 3981; x_wconf 86' lang='grc' dir='ltr'>τὸ</span> <span class='ocrx_word' id='word_1_254' title='bbox 1627 3928 1797 3982; x_wconf 85' lang='grc' dir='ltr'>καθα-</span> <span class='ocrx_word' id='word_1_255' title='bbox 1828 3921 1871 3976; x_wconf 90' lang='grc' dir='ltr'><strong>Β</strong></span> 
     </span>
    </p>
   </div>
   <div class='ocr_carea' id='block_1_42' title="bbox 1902 3918 3469 4000">
    <p class='ocr_par' dir='ltr' id='par_1_42' title="bbox 1902 3918 3469 3992">
     <span class='ocr_line' id='line_1_42' title="bbox 1902 3918 3469 3992; baseline 0.003 -20"><span class='ocrx_word' id='word_1_256' title='bbox 1902 3918 2137 3972; x_wconf 82' lang='lat' dir='ltr'><strong>fructum</strong></span> <span class='ocrx_word' id='word_1_257' title='bbox 2178 3929 2540 3975; x_wconf 81' lang='lat' dir='ltr'><strong>maturantes.</strong></span> <span class='ocrx_word' id='word_1_258' title='bbox 2579 3919 2697 3976; x_wconf 90' lang='lat' dir='ltr'><strong>Una</strong></span> <span class='ocrx_word' id='word_1_259' title='bbox 2746 3922 2912 3991; x_wconf 85' lang='lat' dir='ltr'><strong>igitur</strong></span> <span class='ocrx_word' id='word_1_260' title='bbox 2957 3922 3194 3992; x_wconf 83' lang='lat' dir='ltr'><strong>requies,</strong></span> <span class='ocrx_word' id='word_1_261' title='bbox 3229 3937 3335 3977; x_wconf 85' lang='lat' dir='ltr'><strong>una</strong></span> <span class='ocrx_word' id='word_1_262' title='bbox 3374 3938 3469 3976; x_wconf 73' lang='lat' dir='ltr'><strong>vo-</strong></span> 
     </span>
    </p>
   </div>
   <div class='ocr_carea' id='block_1_43' title="bbox 236 4020 1624 4094">
    <p class='ocr_par' dir='ltr' id='par_1_43' title="bbox 236 4020 1624 4094">
     <span class='ocr_line' id='line_1_43' title="bbox 236 4020 1624 4094; baseline -0.001 -18"><span class='ocrx_word' id='word_1_263' title='bbox 236 4023 415 4094; x_wconf 82' lang='grc' dir='ltr'>ρεύειν</span> <span class='ocrx_word' id='word_1_264' title='bbox 445 4025 541 4092; x_wconf 77' lang='grc' dir='ltr'>τὴν</span> <span class='ocrx_word' id='word_1_265' title='bbox 561 4023 760 4094; x_wconf 77' lang='grc' dir='ltr'>ψυχὴν,</span> <span class='ocrx_word' id='word_1_266' title='bbox 792 4023 890 4076; x_wconf 80' lang='grc' dir='ltr'>καὶ</span> <span class='ocrx_word' id='word_1_267' title='bbox 918 4021 1054 4093; x_wconf 84' lang='grc' dir='ltr'>πρὸς</span> <span class='ocrx_word' id='word_1_268' title='bbox 1082 4020 1349 4075; x_wconf 77' lang='grc' dir='ltr'>ἀπάθειαν</span> <span class='ocrx_word' id='word_1_269' title='bbox 1386 4020 1624 4091; x_wconf 80' lang='grc' dir='ltr'><strong>βλέπειν.</strong></span> 
     </span>
    </p>
   </div>
   <div class='ocr_carea' id='block_1_44' title="bbox 304 4273 1801 4350">
    <p class='ocr_par' dir='ltr' id='par_1_44' title="bbox 304 4273 1801 4350">
     <span class='ocr_line' id='line_1_44' title="bbox 304 4273 1801 4350; baseline -0.004 -17"><span class='ocrx_word' id='word_1_270' title='bbox 304 4281 379 4335; x_wconf 85' lang='grc' dir='ltr'><strong>Γ’.</strong></span> <span class='ocrx_word' id='word_1_271' title='bbox 405 4278 629 4348; x_wconf 84' lang='grc' dir='ltr'>Στῶμεν</span> <span class='ocrx_word' id='word_1_272' title='bbox 659 4275 752 4333; x_wconf 80' lang='grc' dir='ltr'>οὖν</span> <span class='ocrx_word' id='word_1_273' title='bbox 777 4277 916 4350; x_wconf 79' lang='grc' dir='ltr'>πρὸς</span> <span class='ocrx_word' id='word_1_274' title='bbox 940 4275 1001 4331; x_wconf 63' lang='grc' dir='ltr'>ιδ</span> <span class='ocrx_word' id='word_1_275' title='bbox 1029 4279 1171 4331; x_wconf 81' lang='grc' dir='ltr'>κατὰ</span> <span class='ocrx_word' id='word_1_276' title='bbox 1212 4276 1518 4346; x_wconf 85' lang='grc' dir='ltr'>συνείδησιν</span> <span class='ocrx_word' id='word_1_277' title='bbox 1552 4273 1801 4344; x_wconf 80' lang='grc' dir='ltr'>διηνεκὲς</span> 
     </span>
    </p>
   </div>
   <div class='ocr_carea' id='block_1_45' title="bbox 237 4367 1795 4443">
    <p class='ocr_par' dir='ltr' id='par_1_45' title="bbox 237 4367 1795 4443">
     <span class='ocr_line' id='line_1_45' title="bbox 237 4367 1795 4443; baseline -0.005 -17"><span class='ocrx_word' id='word_1_278' title='bbox 237 4373 538 4443; x_wconf 84' lang='grc' dir='ltr'>μαρτύριον</span> <span class='ocrx_word' id='word_1_279' title='bbox 562 4386 577 4402; x_wconf 79' lang='grc' dir='ltr'><strong>ο</strong></span> <span class='ocrx_word' id='word_1_280' title='bbox 633 4371 709 4440; x_wconf 84' lang='grc' dir='ltr'>μὴ</span> <span class='ocrx_word' id='word_1_281' title='bbox 739 4370 1047 4441; x_wconf 78' lang='grc' dir='ltr'>κάμψωμεν</span> <span class='ocrx_word' id='word_1_282' title='bbox 1079 4370 1210 4438; x_wconf 86' lang='grc' dir='ltr'>γόνυ</span> <span class='ocrx_word' id='word_1_283' title='bbox 1237 4371 1306 4440; x_wconf 77' lang='grc' dir='ltr'>τῇ</span> <span class='ocrx_word' id='word_1_284' title='bbox 1337 4368 1506 4434; x_wconf 82' lang='grc' dir='ltr'>Βάαλ,</span> <span class='ocrx_word' id='word_1_285' title='bbox 1551 4367 1795 4435; x_wconf 71' lang='grc' dir='ltr'>ἀδελφοὶ,</span> 
     </span>
    </p>
   </div>
   <div class='ocr_carea' id='block_1_46' title="bbox 235 4459 1796 4535">
    <p class='ocr_par' dir='ltr' id='par_1_46' title="bbox 235 4459 1796 4535">
     <span class='ocr_line' id='line_1_46' title="bbox 235 4459 1796 4535; baseline -0.005 -17"><span class='ocrx_word' id='word_1_286' title='bbox 235 4465 372 4535; x_wconf 81' lang='grc' dir='ltr'>μηδὲ</span> <span class='ocrx_word' id='word_1_287' title='bbox 435 4463 672 4534; x_wconf 81' lang='grc' dir='ltr'>ὲνδῶμεν</span> <span class='ocrx_word' id='word_1_288' title='bbox 735 4463 1060 4532; x_wconf 84' lang='grc' dir='ltr'>τυπτόμενοι</span> <span class='ocrx_word' id='word_1_289' title='bbox 1135 4461 1239 4514; x_wconf 83' lang='grc' dir='ltr'><strong>ὑπὸ</strong></span> <span class='ocrx_word' id='word_1_290' title='bbox 1303 4460 1411 4513; x_wconf 83' lang='grc' dir='ltr'><strong>τῶν</strong></span> <span class='ocrx_word' id='word_1_291' title='bbox 1485 4459 1796 4528; x_wconf 74' lang='grc' dir='ltr'>λογισμῶνο</span> 
     </span>
    </p>
   </div>
   <div class='ocr_carea' id='block_1_47' title="bbox 236 4549 1798 4627">
    <p class='ocr_par' dir='ltr' id='par_1_47' title="bbox 236 4549 1798 4627">
     <span class='ocr_line' id='line_1_47' title="bbox 236 4549 1798 4627; baseline -0.004 -18"><span class='ocrx_word' id='word_1_292' title='bbox 236 4557 435 4627; x_wconf 80' lang='grc' dir='ltr'>μᾶλλον</span> <span class='ocrx_word' id='word_1_293' title='bbox 485 4555 583 4626; x_wconf 83' lang='grc' dir='ltr'>μὲν</span> <span class='ocrx_word' id='word_1_294' title='bbox 615 4549 709 4608; x_wconf 83' lang='grc' dir='ltr'>οὖν</span> <span class='ocrx_word' id='word_1_295' title='bbox 766 4551 1262 4623; x_wconf 78' lang='grc' dir='ltr'>κατασϐεννύωμεν</span> <span class='ocrx_word' id='word_1_296' title='bbox 1288 4554 1356 4604; x_wconf 84' lang='grc' dir='ltr'>τὰ</span> <span class='ocrx_word' id='word_1_297' title='bbox 1386 4551 1514 4622; x_wconf 88' lang='grc' dir='ltr'>βέλη</span> <span class='ocrx_word' id='word_1_298' title='bbox 1558 4549 1654 4604; x_wconf 81' lang='grc' dir='ltr'>τοῦ</span> <span class='ocrx_word' id='word_1_299' title='bbox 1703 4567 1798 4602; x_wconf 90' lang='grc' dir='ltr'>πο-</span> 
     </span>
    </p>
   </div>
   <div class='ocr_carea' id='block_1_48' title="bbox 232 4645 1796 4718">
    <p class='ocr_par' dir='ltr' id='par_1_48' title="bbox 232 4645 1796 4718">
     <span class='ocr_line' id='line_1_48' title="bbox 232 4645 1796 4718; baseline -0.001 -19"><span class='ocrx_word' id='word_1_300' title='bbox 232 4647 398 4718; x_wconf 84' lang='grc' dir='ltr'>νηροῦ</span> <span class='ocrx_word' id='word_1_301' title='bbox 425 4647 495 4700; x_wconf 77' lang='grc' dir='ltr'>τὰ</span> <span class='ocrx_word' id='word_1_302' title='bbox 528 4646 924 4716; x_wconf 83' lang='grc' dir='ltr'>πεπυρωμένα,</span> <span class='ocrx_word' id='word_1_303' title='bbox 956 4648 1068 4709; x_wconf 81' lang='grc' dir='ltr'>τοῖς</span> <span class='ocrx_word' id='word_1_304' title='bbox 1114 4646 1367 4716; x_wconf 83' lang='grc' dir='ltr'>δάκρυσι,</span> <span class='ocrx_word' id='word_1_305' title='bbox 1413 4647 1481 4715; x_wconf 78' lang='grc' dir='ltr'><strong>τῇ</strong></span> <span class='ocrx_word' id='word_1_306' title='bbox 1534 4645 1796 4714; x_wconf 78' lang='grc' dir='ltr'>προσοχῇ,</span> 
     </span>
    </p>
   </div>
   <div class='ocr_carea' id='block_1_49' title="bbox 232 4736 1800 4808">
    <p class='ocr_par' dir='ltr' id='par_1_49' title="bbox 232 4736 1800 4808">
     <span class='ocr_line' id='line_1_49' title="bbox 232 4736 1800 4808; baseline -0.003 -18"><span class='ocrx_word' id='word_1_307' title='bbox 232 4743 297 4808; x_wconf 76' lang='grc' dir='ltr'>τῇ</span> <span class='ocrx_word' id='word_1_308' title='bbox 328 4739 533 4808; x_wconf 82' lang='grc' dir='ltr'>δεήσει,</span> <span class='ocrx_word' id='word_1_309' title='bbox 567 4740 634 4808; x_wconf 79' lang='grc' dir='ltr'>τῇ</span> <span class='ocrx_word' id='word_1_310' title='bbox 665 4736 974 4801; x_wconf 80' lang='grc' dir='ltr'>κατανύξει,</span> <span class='ocrx_word' id='word_1_311' title='bbox 1005 4739 1119 4801; x_wconf 83' lang='grc' dir='ltr'>τοῖς</span> <span class='ocrx_word' id='word_1_312' title='bbox 1176 4737 1353 4799; x_wconf 78' lang='grc' dir='ltr'>ἄλλοις</span> <span class='ocrx_word' id='word_1_313' title='bbox 1417 4736 1800 4804; x_wconf 76' lang='grc' dir='ltr'>ὑπιυπιασμοίς</span> 
     </span>
    </p>
   </div>
   <div class='ocr_carea' id='block_1_50' title="bbox 233 4824 1800 4899">
    <p class='ocr_par' dir='ltr' id='par_1_50' title="bbox 233 4824 1800 4899">
     <span class='ocr_line' id='line_1_50' title="bbox 233 4824 1800 4899; baseline -0.003 -17"><span class='ocrx_word' id='word_1_314' title='bbox 233 4829 326 4883; x_wconf 83' lang='grc' dir='ltr'>τοῦ</span> <span class='ocrx_word' id='word_1_315' title='bbox 350 4829 619 4899; x_wconf 77' lang='grc' dir='ltr'>σώματος’</span> <span class='ocrx_word' id='word_1_316' title='bbox 647 4831 676 4882; x_wconf 85' lang='grc' dir='ltr'>ὁ</span> <span class='ocrx_word' id='word_1_317' title='bbox 705 4830 812 4899; x_wconf 84' lang='grc' dir='ltr'><strong>γὰρ</strong></span> <span class='ocrx_word' id='word_1_318' title='bbox 830 4828 1097 4892; x_wconf 81' lang='grc' dir='ltr'>ἀντίδικος</span> <span class='ocrx_word' id='word_1_319' title='bbox 1127 4827 1414 4897; x_wconf 82' lang='grc' dir='ltr'>ὴμῶν,Ὠς</span> <span class='ocrx_word' id='word_1_320' title='bbox 1436 4827 1592 4879; x_wconf 73' lang='grc' dir='ltr'><em>λέων</em></span> <span class='ocrx_word' id='word_1_321' title='bbox 1615 4824 1800 4893; x_wconf 81' lang='grc' dir='ltr'>ὠρυό-</span> 
     </span>
    </p>
   </div>
   <div class='ocr_carea' id='block_1_51' title="bbox 228 4915 1799 4988">
    <p class='ocr_par' dir='ltr' id='par_1_51' title="bbox 228 4915 1799 4988">
     <span class='ocr_line' id='line_1_51' title="bbox 228 4915 1799 4988; baseline -0.003 -15"><span class='ocrx_word' id='word_1_322' title='bbox 228 4937 405 4988; x_wconf 77' lang='grc' dir='ltr'>μενος</span> <span class='ocrx_word' id='word_1_323' title='bbox 444 4918 783 4987; x_wconf 75' lang='grc' dir='ltr'>περιπατεῖ,</span> <span class='ocrx_word' id='word_1_324' title='bbox 829 4917 1015 4986; x_wconf 77' lang='grc' dir='ltr'>ζητῶν</span> <span class='ocrx_word' id='word_1_325' title='bbox 1057 4918 1192 4972; x_wconf 79' lang='grc' dir='ltr'>τίνα</span> <span class='ocrx_word' id='word_1_326' title='bbox 1220 4917 1516 4980; x_wconf 79' lang='grc' dir='ltr'>καταπίοι,</span> <span class='ocrx_word' id='word_1_327' title='bbox 1545 4915 1664 4968; x_wconf 88' lang='grc' dir='ltr'>τίνα</span> <span class='ocrx_word' id='word_1_328' title='bbox 1705 4915 1799 4969; x_wconf 67' lang='grc' dir='ltr'>λάε</span> 
     </span>
    </p>
   </div>
   <div class='ocr_carea' id='block_1_52' title="bbox 233 5005 1798 5079">
    <p class='ocr_par' dir='ltr' id='par_1_52' title="bbox 233 5005 1798 5079">
     <span class='ocr_line' id='line_1_52' title="bbox 233 5005 1798 5079; baseline -0.003 -18"><span class='ocrx_word' id='word_1_329' title='bbox 233 5011 318 5062; x_wconf 83' lang='grc' dir='ltr'>6οι</span> <span class='ocrx_word' id='word_1_330' title='bbox 371 5009 695 5079; x_wconf 82' lang='grc' dir='ltr'>θηράσιμον,</span> <span class='ocrx_word' id='word_1_331' title='bbox 735 5010 844 5062; x_wconf 86' lang='grc' dir='ltr'>εῐτε</span> <span class='ocrx_word' id='word_1_332' title='bbox 879 5009 990 5063; x_wconf 76' lang='grc' dir='ltr'>ἀπὸ</span> <span class='ocrx_word' id='word_1_333' title='bbox 1045 5009 1266 5079; x_wconf 87' lang='grc' dir='ltr'>μέρους,</span> <span class='ocrx_word' id='word_1_334' title='bbox 1319 5007 1430 5059; x_wconf 82' lang='grc' dir='ltr'>εἴτε</span> <span class='ocrx_word' id='word_1_335' title='bbox 1467 5005 1527 5071; x_wconf 78' lang='grc' dir='ltr'><strong>ἐξ</strong></span> <span class='ocrx_word' id='word_1_336' title='bbox 1579 5005 1798 5074; x_wconf 76' lang='grc' dir='ltr'>ὁλοκλή-</span> 
     </span>
    </p>
   </div>
   <div class='ocr_carea' id='block_1_53' title="bbox 236 5099 1796 5172">
    <p class='ocr_par' dir='ltr' id='par_1_53' title="bbox 236 5099 1796 5172">
     <span class='ocr_line' id='line_1_53' title="bbox 236 5099 1796 5172; baseline -0.003 -19"><span class='ocrx_word' id='word_1_337' title='bbox 236 5119 327 5172; x_wconf 90' lang='grc' dir='ltr'><strong>ρου</strong></span> <span class='ocrx_word' id='word_1_338' title='bbox 360 5116 375 5131; x_wconf 77' lang='grc'><strong><em>⁸</em></strong></span> <span class='ocrx_word' id='word_1_339' title='bbox 398 5099 521 5154; x_wconf 75' lang='grc' dir='ltr'>οὐδὲ</span> <span class='ocrx_word' id='word_1_340' title='bbox 567 5102 674 5172; x_wconf 82' lang='grc' dir='ltr'><strong>γὰρ</strong></span> <span class='ocrx_word' id='word_1_341' title='bbox 728 5102 814 5157; x_wconf 76' lang='grc' dir='ltr'><strong>ἐπ’</strong></span> <span class='ocrx_word' id='word_1_342' title='bbox 841 5101 906 5156; x_wconf 85' lang='grc' dir='ltr'>ἂν</span> <span class='ocrx_word' id='word_1_343' title='bbox 941 5099 1050 5156; x_wconf 77' lang='grc' dir='ltr'><strong>ἀπὸ</strong></span> <span class='ocrx_word' id='word_1_344' title='bbox 1095 5100 1293 5170; x_wconf 84' lang='grc' dir='ltr'>μέρους</span> <span class='ocrx_word' id='word_1_345' title='bbox 1325 5099 1500 5160; x_wconf 77' lang='grc' dir='ltr'>λάϐοι,</span> <span class='ocrx_word' id='word_1_346' title='bbox 1525 5099 1796 5169; x_wconf 83' lang='grc' dir='ltr'>ἀρκεῖται,</span> 
     </span>
    </p>
   </div>
   <div class='ocr_carea' id='block_1_54' title="bbox 232 5187 1796 5261">
    <p class='ocr_par' dir='ltr' id='par_1_54' title="bbox 232 5187 1796 5261">
     <span class='ocr_line' id='line_1_54' title="bbox 232 5187 1796 5261; baseline -0.004 -16"><span class='ocrx_word' id='word_1_347' title='bbox 232 5192 368 5245; x_wconf 76' lang='grc' dir='ltr'>ἀλλὰ</span> <span class='ocrx_word' id='word_1_348' title='bbox 401 5191 648 5261; x_wconf 80' lang='grc' dir='ltr'>πρόεισιν</span> <span class='ocrx_word' id='word_1_349' title='bbox 684 5190 770 5243; x_wconf 77' lang='grc' dir='ltr'><strong>ἀεὶ</strong></span> <span class='ocrx_word' id='word_1_350' title='bbox 815 5192 894 5254; x_wconf 85' lang='grc' dir='ltr'><strong>είς</strong></span> <span class='ocrx_word' id='word_1_351' title='bbox 926 5191 988 5243; x_wconf 82' lang='grc' dir='ltr'>τὸ</span> <span class='ocrx_word' id='word_1_352' title='bbox 1014 5193 1194 5259; x_wconf 78' lang='grc' dir='ltr'>χεῖρον</span> <span class='ocrx_word' id='word_1_353' title='bbox 1215 5205 1231 5220; x_wconf 78' lang='grc' dir='ltr'><strong><em>ο</em></strong></span> <span class='ocrx_word' id='word_1_354' title='bbox 1262 5189 1366 5252; x_wconf 78' lang='grc' dir='ltr'><strong>ἕως</strong></span> <span class='ocrx_word' id='word_1_355' title='bbox 1405 5188 1471 5242; x_wconf 82' lang='grc' dir='ltr'>ἂν</span> <span class='ocrx_word' id='word_1_356' title='bbox 1498 5187 1796 5257; x_wconf 80' lang='grc' dir='ltr'>ἀποτελέσῃ</span> 
     </span>
    </p>
   </div>
   <div class='ocr_carea' id='block_1_55' title="bbox 1904 4011 3468 4082">
    <p class='ocr_par' dir='ltr' id='par_1_55' title="bbox 1904 4011 3468 4082">
     <span class='ocr_line' id='line_1_55' title="bbox 1904 4011 3468 4082; baseline 0.001 -18"><span class='ocrx_word' id='word_1_357' title='bbox 1904 4011 2081 4080; x_wconf 87' lang='lat' dir='ltr'><strong>luptas</strong></span> <span class='ocrx_word' id='word_1_358' title='bbox 2126 4019 2230 4074; x_wconf 90' lang='lat' dir='ltr'><strong>est,</strong></span> <span class='ocrx_word' id='word_1_359' title='bbox 2261 4025 2494 4080; x_wconf 87' lang='lat' dir='ltr'><strong>purgare</strong></span> <span class='ocrx_word' id='word_1_360' title='bbox 2531 4011 2793 4076; x_wconf 88' lang='lat' dir='ltr'><strong>animam,</strong></span> <span class='ocrx_word' id='word_1_361' title='bbox 2818 4021 2870 4066; x_wconf 90' lang='lat' dir='ltr'><strong>et</strong></span> <span class='ocrx_word' id='word_1_362' title='bbox 2899 4026 3125 4082; x_wconf 89' lang='lat' dir='ltr'><strong>sc0pum</strong></span> <span class='ocrx_word' id='word_1_363' title='bbox 3159 4013 3264 4068; x_wconf 91' lang='lat' dir='ltr'><strong>sibi</strong></span> <span class='ocrx_word' id='word_1_364' title='bbox 3293 4012 3468 4082; x_wconf 69' lang='lat' dir='ltr'><strong>pram-</strong></span> 
     </span>
    </p>
   </div>
   <div class='ocr_carea' id='block_1_56' title="bbox 1901 4102 3470 4175">
    <p class='ocr_par' dir='ltr' id='par_1_56' title="bbox 1901 4102 3470 4175">
     <span class='ocr_line' id='line_1_56' title="bbox 1901 4102 3470 4175; baseline 0.001 -19"><span class='ocrx_word' id='word_1_365' title='bbox 1901 4118 2027 4171; x_wconf 86' lang='lat' dir='ltr'><strong>gere</strong></span> <span class='ocrx_word' id='word_1_366' title='bbox 2057 4117 2167 4171; x_wconf 87' lang='lat' dir='ltr'><strong>quo</strong></span> <span class='ocrx_word' id='word_1_367' title='bbox 2198 4111 2537 4172; x_wconf 86' lang='lat' dir='ltr'><strong>spectemus,</strong></span> <span class='ocrx_word' id='word_1_368' title='bbox 2564 4103 2981 4159; x_wconf 81' lang='lat' dir='ltr'><strong>exstinctionem</strong></span> <span class='ocrx_word' id='word_1_369' title='bbox 3011 4102 3306 4175; x_wconf 80' lang='lat' dir='ltr'><strong>perfectam</strong></span> <span class='ocrx_word' id='word_1_370' title='bbox 3343 4118 3470 4173; x_wconf 87' lang='lat' dir='ltr'><strong>pas-</strong></span> 
     </span>
    </p>
   </div>
   <div class='ocr_carea' id='block_1_57' title="bbox 1899 4195 2142 4250">
    <p class='ocr_par' dir='ltr' id='par_1_57' title="bbox 1899 4195 2142 4250">
     <span class='ocr_line' id='line_1_57' title="bbox 1899 4195 2142 4250; baseline -0.008 0"><span class='ocrx_word' id='word_1_371' title='bbox 1899 4195 2142 4250; x_wconf 86' lang='lat' dir='ltr'><strong>sionum.</strong></span> 
     </span>
    </p>
   </div>
   <div class='ocr_carea' id='block_1_58' title="bbox 1973 4283 3466 4360">
    <p class='ocr_par' dir='ltr' id='par_1_58' title="bbox 1973 4283 3466 4360">
     <span class='ocr_line' id='line_1_58' title="bbox 1973 4283 3466 4360; baseline 0.005 -22"><span class='ocrx_word' id='word_1_372' title='bbox 1973 4283 2060 4341; x_wconf 85' lang='grc' dir='ltr'><strong>ΙΙΙ.</strong></span> <span class='ocrx_word' id='word_1_373' title='bbox 2101 4285 2318 4341; x_wconf 89' lang='lat' dir='ltr'><strong>Stemus</strong></span> <span class='ocrx_word' id='word_1_374' title='bbox 2354 4284 2514 4355; x_wconf 87' lang='lat' dir='ltr'><strong>igitur</strong></span> <span class='ocrx_word' id='word_1_375' title='bbox 2535 4293 2696 4355; x_wconf 87' lang='lat' dir='ltr'><strong>prout</strong></span> <span class='ocrx_word' id='word_1_376' title='bbox 2739 4287 2994 4342; x_wconf 88' lang='lat' dir='ltr'><strong>standum</strong></span> <span class='ocrx_word' id='word_1_377' title='bbox 3043 4298 3309 4344; x_wconf 83' lang='lat' dir='ltr'><strong>monstrat</strong></span> <span class='ocrx_word' id='word_1_378' title='bbox 3344 4307 3466 4360; x_wconf 87' lang='lat' dir='ltr'><strong>per-</strong></span> 
     </span>
    </p>
   </div>
   <div class='ocr_carea' id='block_1_59' title="bbox 1899 4373 3466 4444">
    <p class='ocr_par' dir='ltr' id='par_1_59' title="bbox 1899 4373 3466 4444">
     <span class='ocr_line' id='line_1_59' title="bbox 1899 4373 3466 4444; baseline 0.006 -18"><span class='ocrx_word' id='word_1_379' title='bbox 1899 4384 2121 4444; x_wconf 78' lang='lat' dir='ltr'><strong>petuum</strong></span> <span class='ocrx_word' id='word_1_380' title='bbox 2182 4373 2533 4428; x_wconf 69' lang='lat' dir='ltr'><strong>conscientia:</strong></span> <span class='ocrx_word' id='word_1_381' title='bbox 2602 4375 2994 4430; x_wconf 87' lang='lat' dir='ltr'><strong>testimonium.</strong></span> <span class='ocrx_word' id='word_1_382' title='bbox 3053 4375 3130 4431; x_wconf 82' lang='lat' dir='ltr'><strong>Ne</strong></span> <span class='ocrx_word' id='word_1_383' title='bbox 3187 4377 3466 4435; x_wconf 84' lang='lat' dir='ltr'><strong>ﬂectamus</strong></span> 
     </span>
    </p>
   </div>
   <div class='ocr_carea' id='block_1_60' title="bbox 1901 4463 3466 4538">
    <p class='ocr_par' dir='ltr' id='par_1_60' title="bbox 1901 4463 3466 4538">
     <span class='ocr_line' id='line_1_60' title="bbox 1901 4463 3466 4538; baseline 0.004 -20"><span class='ocrx_word' id='word_1_384' title='bbox 1901 4481 2037 4536; x_wconf 90' lang='lat' dir='ltr'><strong>genu</strong></span> <span class='ocrx_word' id='word_1_385' title='bbox 2075 4473 2202 4518; x_wconf 85' lang='lat' dir='ltr'><strong>ante</strong></span> <span class='ocrx_word' id='word_1_386' title='bbox 2227 4463 2377 4529; x_wconf 87' lang='lat' dir='ltr'><strong>Baal,</strong></span> <span class='ocrx_word' id='word_1_387' title='bbox 2403 4463 2602 4519; x_wconf 78' lang='lat' dir='ltr'><strong>fratres</strong></span> <span class='ocrx_word' id='word_1_388' title='bbox 2639 4483 2652 4518; x_wconf 89' lang='lat'><strong>:</strong></span> <span class='ocrx_word' id='word_1_389' title='bbox 2689 4480 2862 4534; x_wconf 86' lang='lat' dir='ltr'><strong>neque</strong></span> <span class='ocrx_word' id='word_1_390' title='bbox 2903 4465 3161 4522; x_wconf 83' lang='lat' dir='ltr'><strong>cedamus</strong></span> <span class='ocrx_word' id='word_1_391' title='bbox 3193 4469 3321 4522; x_wconf 89' lang='lat' dir='ltr'><strong>dum</strong></span> <span class='ocrx_word' id='word_1_392' title='bbox 3349 4471 3466 4538; x_wconf 89' lang='lat' dir='ltr'><strong>pul-</strong></span> 
     </span>
    </p>
   </div>
   <div class='ocr_carea' id='block_1_61' title="bbox 1900 4555 3465 4630">
    <p class='ocr_par' dir='ltr' id='par_1_61' title="bbox 1900 4555 3465 4630">
     <span class='ocr_line' id='line_1_61' title="bbox 1900 4555 3465 4630; baseline 0.004 -21"><span class='ocrx_word' id='word_1_393' title='bbox 1900 4571 2090 4609; x_wconf 74' lang='lat' dir='ltr'><strong>santur</strong></span> <span class='ocrx_word' id='word_1_394' title='bbox 2138 4555 2574 4625; x_wconf 90' lang='lat' dir='ltr'><strong>cogitationibus.</strong></span> <span class='ocrx_word' id='word_1_395' title='bbox 2607 4555 2796 4611; x_wconf 85' lang='lat' dir='ltr'><strong>Potius</strong></span> <span class='ocrx_word' id='word_1_396' title='bbox 2827 4569 3008 4611; x_wconf 88' lang='lat' dir='ltr'><strong>autem</strong></span> <span class='ocrx_word' id='word_1_397' title='bbox 3052 4560 3465 4630; x_wconf 76' lang='lat' dir='ltr'><strong>exstinguamus</strong></span> 
     </span>
    </p>
   </div>
   <div class='ocr_carea' id='block_1_62' title="bbox 1897 4647 3464 4719">
    <p class='ocr_par' dir='ltr' id='par_1_62' title="bbox 1897 4647 3464 4719">
     <span class='ocr_line' id='line_1_62' title="bbox 1897 4647 3464 4719; baseline 0.004 -19"><span class='ocrx_word' id='word_1_398' title='bbox 1897 4648 2008 4701; x_wconf 78' lang='lat' dir='ltr'><strong>tela</strong></span> <span class='ocrx_word' id='word_1_399' title='bbox 2069 4648 2224 4718; x_wconf 87' lang='lat' dir='ltr'><strong>ignea</strong></span> <span class='ocrx_word' id='word_1_400' title='bbox 2275 4647 2620 4715; x_wconf 84' lang='lat' dir='ltr'><strong>nequissimi,</strong></span> <span class='ocrx_word' id='word_1_401' title='bbox 2668 4649 2945 4719; x_wconf 89' lang='lat' dir='ltr'><strong>lacrymis,</strong></span> <span class='ocrx_word' id='word_1_402' title='bbox 2975 4651 3293 4716; x_wconf 88' lang='lat' dir='ltr'><strong>attentione,</strong></span> <span class='ocrx_word' id='word_1_403' title='bbox 3339 4668 3464 4707; x_wconf 89' lang='lat' dir='ltr'><strong>ora-</strong></span> 
     </span>
    </p>
   </div>
   <div class='ocr_carea' id='block_1_63' title="bbox 1901 4737 3466 4807">
    <p class='ocr_par' dir='ltr' id='par_1_63' title="bbox 1901 4737 3466 4807">
     <span class='ocr_line' id='line_1_63' title="bbox 1901 4737 3466 4807; baseline 0.002 -15"><span class='ocrx_word' id='word_1_404' title='bbox 1901 4739 2068 4803; x_wconf 90' lang='lat' dir='ltr'><strong>tione,</strong></span> <span class='ocrx_word' id='word_1_405' title='bbox 2121 4738 2577 4807; x_wconf 84' lang='lat' dir='ltr'><strong>compunctione,</strong></span> <span class='ocrx_word' id='word_1_406' title='bbox 2629 4737 2860 4807; x_wconf 75' lang='lat' dir='ltr'><strong>aliisque</strong></span> <span class='ocrx_word' id='word_1_407' title='bbox 2910 4740 3288 4796; x_wconf 78' lang='lat' dir='ltr'><strong>vexationibus</strong></span> <span class='ocrx_word' id='word_1_408' title='bbox 3341 4757 3466 4797; x_wconf 84' lang='lat' dir='ltr'><strong>cor-</strong></span> 
     </span>
    </p>
   </div>
   <div class='ocr_carea' id='block_1_64' title="bbox 1898 4827 3464 4901">
    <p class='ocr_par' dir='ltr' id='par_1_64' title="bbox 1898 4827 3464 4901">
     <span class='ocr_line' id='line_1_64' title="bbox 1898 4827 3464 4901; baseline 0.003 -20"><span class='ocrx_word' id='word_1_409' title='bbox 1898 4829 2068 4898; x_wconf 89' lang='lat' dir='ltr'><strong>poris.</strong></span> <span class='ocrx_word' id='word_1_410' title='bbox 2124 4827 2486 4883; x_wconf 79' lang='lat' dir='ltr'><strong>Adversarius</strong></span> <span class='ocrx_word' id='word_1_411' title='bbox 2534 4827 2678 4883; x_wconf 92' lang='lat' dir='ltr'><strong>enim</strong></span> <span class='ocrx_word' id='word_1_412' title='bbox 2748 4837 2933 4884; x_wconf 88' lang='lat' dir='ltr'><strong>noster</strong></span> <span class='ocrx_word' id='word_1_413' title='bbox 2991 4846 3007 4884; x_wconf 91' lang='lat'><strong>:</strong></span> <span class='ocrx_word' id='word_1_414' title='bbox 3065 4829 3340 4901; x_wconf 81' lang='lat' dir='ltr'><strong>Tanquam</strong></span> <span class='ocrx_word' id='word_1_415' title='bbox 3385 4833 3464 4886; x_wconf 75' lang='grc' dir='ltr'>ιω</span> 
     </span>
    </p>
   </div>
   <div class='ocr_carea' id='block_1_65' title="bbox 1899 4919 3463 4992">
    <p class='ocr_par' dir='ltr' id='par_1_65' title="bbox 1899 4919 3463 4992">
     <span class='ocr_line' id='line_1_65' title="bbox 1899 4919 3463 4992; baseline 0.005 -21"><span class='ocrx_word' id='word_1_416' title='bbox 1899 4919 2106 4988; x_wconf 76' lang='lat' dir='ltr'><strong>rugiens</strong></span> <span class='ocrx_word' id='word_1_417' title='bbox 2144 4919 2353 4984; x_wconf 77' lang='lat' dir='ltr'><strong>circuit,</strong></span> <span class='ocrx_word' id='word_1_418' title='bbox 2387 4935 2626 4990; x_wconf 68' lang='lat' dir='ltr'><strong>quaerens</strong></span> <span class='ocrx_word' id='word_1_419' title='bbox 2678 4936 2827 4990; x_wconf 83' lang='lat' dir='ltr'><strong>quem</strong></span> <span class='ocrx_word' id='word_1_420' title='bbox 2873 4921 3132 4989; x_wconf 81' lang='lat' dir='ltr'><strong>devoret&#39;,</strong></span> <span class='ocrx_word' id='word_1_421' title='bbox 3165 4937 3326 4992; x_wconf 82' lang='lat' dir='ltr'><strong>quem</strong></span> <span class='ocrx_word' id='word_1_422' title='bbox 3369 4939 3463 4978; x_wconf 81' lang='lat' dir='ltr'><strong>ve-</strong></span> 
     </span>
    </p>
   </div>
   <div class='ocr_carea' id='block_1_66' title="bbox 1899 5008 3459 5080">
    <p class='ocr_par' dir='ltr' id='par_1_66' title="bbox 1899 5008 3459 5080">
     <span class='ocr_line' id='line_1_66' title="bbox 1899 5008 3459 5080; baseline 0.004 -19"><span class='ocrx_word' id='word_1_423' title='bbox 1899 5009 2081 5063; x_wconf 85' lang='lat' dir='ltr'><strong>nando</strong></span> <span class='ocrx_word' id='word_1_424' title='bbox 2107 5009 2341 5079; x_wconf 62' lang='lat' dir='ltr'><strong>praedam</strong></span> <span class='ocrx_word' id='word_1_425' title='bbox 2368 5024 2528 5065; x_wconf 88' lang='lat' dir='ltr'><strong>suam</strong></span> <span class='ocrx_word' id='word_1_426' title='bbox 2561 5008 2742 5075; x_wconf 79' lang='lat' dir='ltr'><strong>faciat,</strong></span> <span class='ocrx_word' id='word_1_427' title='bbox 2765 5011 2847 5064; x_wconf 87' lang='lat' dir='ltr'><strong>vel</strong></span> <span class='ocrx_word' id='word_1_428' title='bbox 2864 5026 2931 5064; x_wconf 82' lang='lat' dir='ltr'><strong>ex</strong></span> <span class='ocrx_word' id='word_1_429' title='bbox 2961 5020 3134 5080; x_wconf 88' lang='lat' dir='ltr'><strong>parte,</strong></span> <span class='ocrx_word' id='word_1_430' title='bbox 3160 5013 3243 5066; x_wconf 89' lang='lat' dir='ltr'><strong>vel</strong></span> <span class='ocrx_word' id='word_1_431' title='bbox 3265 5022 3459 5067; x_wconf 89' lang='lat' dir='ltr'><strong>totum.</strong></span> 
     </span>
    </p>
   </div>
   <div class='ocr_carea' id='block_1_67' title="bbox 1897 5093 3457 5167">
    <p class='ocr_par' dir='ltr' id='par_1_67' title="bbox 1897 5093 3457 5167">
     <span class='ocr_line' id='line_1_67' title="bbox 1897 5093 3457 5167; baseline 0.004 -20"><span class='ocrx_word' id='word_1_432' title='bbox 1897 5093 2082 5164; x_wconf 84' lang='lat' dir='ltr'><strong>Neque</strong></span> <span class='ocrx_word' id='word_1_433' title='bbox 2125 5097 2268 5150; x_wconf 89' lang='lat' dir='ltr'><strong>enim</strong></span> <span class='ocrx_word' id='word_1_434' title='bbox 2309 5111 2434 5151; x_wconf 81' lang='lat' dir='ltr'><strong>cuin</strong></span> <span class='ocrx_word' id='word_1_435' title='bbox 2463 5111 2528 5150; x_wconf 75' lang='lat' dir='ltr'><strong>ex</strong></span> <span class='ocrx_word' id='word_1_436' title='bbox 2557 5106 2710 5166; x_wconf 88' lang='lat' dir='ltr'><strong>parte</strong></span> <span class='ocrx_word' id='word_1_437' title='bbox 2757 5097 2980 5167; x_wconf 89' lang='lat' dir='ltr'><strong>ceperit,</strong></span> <span class='ocrx_word' id='word_1_438' title='bbox 3015 5098 3150 5154; x_wconf 89' lang='lat' dir='ltr'><strong>satis</strong></span> <span class='ocrx_word' id='word_1_439' title='bbox 3180 5099 3232 5154; x_wconf 89' lang='lat' dir='ltr'><strong>id</strong></span> <span class='ocrx_word' id='word_1_440' title='bbox 3262 5101 3457 5156; x_wconf 86' lang='lat' dir='ltr'><strong>habet:</strong></span> 
     </span>
    </p>
   </div>
   <div class='ocr_carea' id='block_1_68' title="bbox 1898 5189 3463 5261">
    <p class='ocr_par' dir='ltr' id='par_1_68' title="bbox 1898 5189 3463 5261">
     <span class='ocr_line' id='line_1_68' title="bbox 1898 5189 3463 5261; baseline 0.004 -19"><span class='ocrx_word' id='word_1_441' title='bbox 1898 5190 1991 5242; x_wconf 88' lang='lat' dir='ltr'><strong>sed</strong></span> <span class='ocrx_word' id='word_1_442' title='bbox 2021 5189 2197 5258; x_wconf 86' lang='lat' dir='ltr'><strong>pergit</strong></span> <span class='ocrx_word' id='word_1_443' title='bbox 2227 5204 2442 5259; x_wconf 88' lang='lat' dir='ltr'><strong>semper</strong></span> <span class='ocrx_word' id='word_1_444' title='bbox 2472 5189 2824 5259; x_wconf 84' lang='lat' dir='ltr'><strong>pragretliens</strong></span> <span class='ocrx_word' id='word_1_445' title='bbox 2849 5191 2904 5245; x_wconf 93' lang='lat' dir='ltr'><strong>in</strong></span> <span class='ocrx_word' id='word_1_446' title='bbox 2948 5191 3103 5261; x_wconf 87' lang='lat' dir='ltr'><strong>pejus</strong></span> <span class='ocrx_word' id='word_1_447' title='bbox 3131 5192 3304 5248; x_wconf 90' lang='lat' dir='ltr'><strong>donec</strong></span> <span class='ocrx_word' id='word_1_448' title='bbox 3332 5209 3463 5248; x_wconf 83' lang='lat' dir='ltr'><strong>con-</strong></span> 
     </span>
    </p>
   </div>
   <div class='ocr_carea' id='block_1_69' title="bbox 233 5258 1871 5350">
    <p class='ocr_par' dir='ltr' id='par_1_69' title="bbox 233 5258 1864 5348">
     <span class='ocr_line' id='line_1_69' title="bbox 233 5258 1864 5348; baseline -0.004 -16"><span class='ocrx_word' id='word_1_449' title='bbox 233 5258 461 5333; x_wconf 82' lang='grc' dir='ltr'>θάνατον</span> <span class='ocrx_word' id='word_1_450' title='bbox 509 5278 808 5348; x_wconf 77' lang='grc' dir='ltr'>ἁμαρτίας.</span> <span class='ocrx_word' id='word_1_451' title='bbox 853 5274 978 5332; x_wconf 79' lang='grc' dir='ltr'>Οἶον</span> <span class='ocrx_word' id='word_1_452' title='bbox 1018 5258 1270 5346; x_wconf 76' lang='grc' dir='ltr'>πειρᾶται</span> <span class='ocrx_word' id='word_1_453' title='bbox 1303 5274 1516 5346; x_wconf 85' lang='grc' dir='ltr'>πρῶτον</span> <span class='ocrx_word' id='word_1_454' title='bbox 1545 5274 1792 5339; x_wconf 81' lang='grc' dir='ltr'>δέξασθαι</span> <span class='ocrx_word' id='word_1_455' title='bbox 1822 5258 1864 5316; x_wconf 78' lang='lat' dir='ltr'><strong><em>C</em></strong></span> 
     </span>
    </p>
   </div>
   <div class='ocr_carea' id='block_1_70' title="bbox 1902 5258 3463 5350">
    <p class='ocr_par' dir='ltr' id='par_1_70' title="bbox 1902 5258 3463 5350">
     <span class='ocr_line' id='line_1_70' title="bbox 1902 5258 3463 5350; baseline 0.002 -17"><span class='ocrx_word' id='word_1_456' title='bbox 1902 5289 2132 5333; x_wconf 83' lang='lat' dir='ltr'><strong>summet</strong></span> <span class='ocrx_word' id='word_1_457' title='bbox 2160 5258 2438 5349; x_wconf 80' lang='lat' dir='ltr'><strong>peccatum</strong></span> <span class='ocrx_word' id='word_1_458' title='bbox 2474 5258 2698 5334; x_wconf 81' lang='lat' dir='ltr'><strong>mortis.</strong></span> <span class='ocrx_word' id='word_1_459' title='bbox 2738 5258 2979 5350; x_wconf 78' lang='lat' dir='ltr'><strong>Exempli</strong></span> <span class='ocrx_word' id='word_1_460' title='bbox 3012 5258 3199 5349; x_wconf 81' lang='lat' dir='ltr'><strong>causa,</strong></span> <span class='ocrx_word' id='word_1_461' title='bbox 3231 5293 3463 5337; x_wconf 90' lang='lat' dir='ltr'><strong>conatur</strong></span> 
     </span>
    </p>
   </div>
   <div class='ocr_carea' id='block_1_71' title="bbox 232 5364 1794 5442">
    <p class='ocr_par' dir='ltr' id='par_1_71' title="bbox 232 5364 1794 5442">
     <span class='ocr_line' id='line_1_71' title="bbox 232 5364 1794 5442; baseline -0.004 -18"><span class='ocrx_word' id='word_1_462' title='bbox 232 5373 377 5440; x_wconf 72' lang='grc' dir='ltr'>ἡμᾶς</span> <span class='ocrx_word' id='word_1_463' title='bbox 407 5372 504 5442; x_wconf 81' lang='grc' dir='ltr'>τὴν</span> <span class='ocrx_word' id='word_1_464' title='bbox 534 5369 840 5441; x_wconf 70' lang='grc' dir='ltr'>προσϐολήν</span> <span class='ocrx_word' id='word_1_465' title='bbox 866 5384 879 5399; x_wconf 91' lang='grc'><strong>·</strong></span> <span class='ocrx_word' id='word_1_466' title='bbox 917 5364 1035 5421; x_wconf 76' lang='grc' dir='ltr'>εἶτα</span> <span class='ocrx_word' id='word_1_467' title='bbox 1063 5366 1394 5437; x_wconf 78' lang='grc' dir='ltr'>φθέγξασθαί</span> <span class='ocrx_word' id='word_1_468' title='bbox 1422 5383 1476 5420; x_wconf 89' lang='grc' dir='ltr'><strong>τι</strong></span> <span class='ocrx_word' id='word_1_469' title='bbox 1503 5367 1794 5438; x_wconf 74' lang='grc' dir='ltr'>κατάκαρ-</span> 
     </span>
    </p>
   </div>
   <div class='ocr_carea' id='block_1_72' title="bbox 230 5457 1794 5533">
    <p class='ocr_par' dir='ltr' id='par_1_72' title="bbox 230 5457 1794 5533">
     <span class='ocr_line' id='line_1_72' title="bbox 230 5457 1794 5533; baseline -0.004 -17"><span class='ocrx_word' id='word_1_470' title='bbox 230 5465 344 5529; x_wconf 84' lang='grc' dir='ltr'>δίας</span> <span class='ocrx_word' id='word_1_471' title='bbox 375 5464 608 5532; x_wconf 83' lang='grc' dir='ltr'>πονηρόν</span> <span class='ocrx_word' id='word_1_472' title='bbox 634 5480 648 5493; x_wconf 77' lang='grc' dir='ltr'><strong>ο</strong></span> <span class='ocrx_word' id='word_1_473' title='bbox 677 5457 776 5514; x_wconf 79' lang='grc' dir='ltr'>εἷθ’</span> <span class='ocrx_word' id='word_1_474' title='bbox 807 5460 978 5522; x_wconf 75' lang='grc' dir='ltr'>οὕτως</span> <span class='ocrx_word' id='word_1_475' title='bbox 1006 5460 1211 5533; x_wconf 86' lang='grc' dir='ltr'>χράνας</span> <span class='ocrx_word' id='word_1_476' title='bbox 1243 5459 1333 5512; x_wconf 76' lang='grc' dir='ltr'>καὶ</span> <span class='ocrx_word' id='word_1_477' title='bbox 1375 5459 1665 5530; x_wconf 80' lang='grc' dir='ltr'>φαρμάξας</span> <span class='ocrx_word' id='word_1_478' title='bbox 1697 5462 1794 5530; x_wconf 81' lang='grc' dir='ltr'>τὴν</span> 
     </span>
    </p>
   </div>
   <div class='ocr_carea' id='block_1_73' title="bbox 231 5549 1792 5624">
    <p class='ocr_par' dir='ltr' id='par_1_73' title="bbox 231 5549 1792 5624">
     <span class='ocr_line' id='line_1_73' title="bbox 231 5549 1792 5624; baseline -0.001 -18"><span class='ocrx_word' id='word_1_479' title='bbox 231 5555 428 5624; x_wconf 70' lang='grc' dir='ltr'>ψυχὴν,</span> <span class='ocrx_word' id='word_1_480' title='bbox 488 5554 760 5621; x_wconf 76' lang='grc' dir='ltr'>ἐξίστησιν</span> <span class='ocrx_word' id='word_1_481' title='bbox 821 5551 990 5621; x_wconf 76' lang='grc' dir='ltr'>αὐτὴν</span> <span class='ocrx_word' id='word_1_482' title='bbox 1035 5553 1132 5621; x_wconf 77' lang='grc' dir='ltr'>τῆς</span> <span class='ocrx_word' id='word_1_483' title='bbox 1174 5549 1314 5603; x_wconf 86' lang='grc' dir='ltr'>κατὰ</span> <span class='ocrx_word' id='word_1_484' title='bbox 1366 5549 1527 5618; x_wconf 75' lang='grc' dir='ltr'>φύσιν</span> <span class='ocrx_word' id='word_1_485' title='bbox 1587 5550 1792 5618; x_wconf 74' lang='grc' dir='ltr'><strong>ἕξεωςο</strong></span> 
     </span>
    </p>
   </div>
   <div class='ocr_carea' id='block_1_74' title="bbox 234 5642 1792 5715">
    <p class='ocr_par' dir='ltr' id='par_1_74' title="bbox 234 5642 1792 5715">
     <span class='ocr_line' id='line_1_74' title="bbox 234 5642 1792 5715; baseline -0.001 -16"><span class='ocrx_word' id='word_1_486' title='bbox 234 5646 324 5699; x_wconf 72' lang='grc' dir='ltr'>καὶ</span> <span class='ocrx_word' id='word_1_487' title='bbox 365 5646 536 5698; x_wconf 83' lang='grc' dir='ltr'>ποιεῖν</span> <span class='ocrx_word' id='word_1_488' title='bbox 551 5644 719 5713; x_wconf 80' lang='grc' dir='ltr'>αὐτὴν</span> <span class='ocrx_word' id='word_1_489' title='bbox 751 5645 908 5699; x_wconf 81' lang='grc' dir='ltr'>ἄνουν</span> <span class='ocrx_word' id='word_1_490' title='bbox 937 5643 1031 5696; x_wconf 77' lang='grc' dir='ltr'>καὶ</span> <span class='ocrx_word' id='word_1_491' title='bbox 1068 5642 1260 5712; x_wconf 79' lang='grc' dir='ltr'>ἄλογον</span> <span class='ocrx_word' id='word_1_492' title='bbox 1291 5643 1384 5698; x_wconf 76' lang='grc' dir='ltr'>καὶ</span> <span class='ocrx_word' id='word_1_493' title='bbox 1401 5642 1624 5715; x_wconf 80' lang='grc' dir='ltr'>τυφλὴν,</span> <span class='ocrx_word' id='word_1_494' title='bbox 1643 5645 1792 5714; x_wconf 77' lang='grc' dir='ltr'>ἐφιε-</span> 
     </span>
    </p>
   </div>
   <div class='ocr_carea' id='block_1_75' title="bbox 307 5821 679 5884">
    <p class='ocr_par' dir='ltr' id='par_1_75' title="bbox 307 5821 679 5884">
     <span class='ocr_line' id='line_1_75' title="bbox 307 5821 679 5884; baseline -0.005 -10"><span class='ocrx_word' id='word_1_495' title='bbox 307 5823 317 5851; x_wconf 88' lang='grc'>¹</span> <span class='ocrx_word' id='word_1_496' title='bbox 354 5821 495 5876; x_wconf 79' lang='grc' dir='ltr'>Ρυιι·.</span> <span class='ocrx_word' id='word_1_497' title='bbox 532 5837 581 5884; x_wconf 76' lang='grc' dir='ltr'><strong>ν,</strong></span> <span class='ocrx_word' id='word_1_498' title='bbox 633 5825 679 5875; x_wconf 79' lang='lat'><strong>8.</strong></span> 
     </span>
    </p>
   </div>
   <div class='ocr_carea' id='block_1_76' title="bbox 1893 5371 3461 5442">
    <p class='ocr_par' dir='ltr' id='par_1_76' title="bbox 1893 5371 3461 5442">
     <span class='ocr_line' id='line_1_76' title="bbox 1893 5371 3461 5442; baseline 0.003 -19"><span class='ocrx_word' id='word_1_499' title='bbox 1893 5373 2129 5441; x_wconf 76' lang='lat' dir='ltr'><strong>primum</strong></span> <span class='ocrx_word' id='word_1_500' title='bbox 2155 5371 2373 5427; x_wconf 80' lang='lat' dir='ltr'><strong>efﬁcere</strong></span> <span class='ocrx_word' id='word_1_501' title='bbox 2402 5381 2462 5426; x_wconf 90' lang='lat' dir='ltr'><strong>ut</strong></span> <span class='ocrx_word' id='word_1_502' title='bbox 2489 5371 2829 5440; x_wconf 74' lang='lat' dir='ltr'><strong>excipiamus</strong></span> <span class='ocrx_word' id='word_1_503' title='bbox 2858 5373 3086 5442; x_wconf 88' lang='lat' dir='ltr'><strong>patienti</strong></span> <span class='ocrx_word' id='word_1_504' title='bbox 3114 5372 3461 5428; x_wconf 88' lang='lat' dir='ltr'><strong>oonniventia</strong></span> 
     </span>
    </p>
   </div>
   <div class='ocr_carea' id='block_1_77' title="bbox 1894 5462 3461 5533">
    <p class='ocr_par' dir='ltr' id='par_1_77' title="bbox 1894 5462 3461 5533">
     <span class='ocr_line' id='line_1_77' title="bbox 1894 5462 3461 5533; baseline 0.003 -19"><span class='ocrx_word' id='word_1_505' title='bbox 1894 5463 2182 5532; x_wconf 81' lang='lat' dir='ltr'><strong>quemdam</strong></span> <span class='ocrx_word' id='word_1_506' title='bbox 2230 5463 2346 5533; x_wconf 85' lang='lat' dir='ltr'><strong>ejus</strong></span> <span class='ocrx_word' id='word_1_507' title='bbox 2392 5462 2691 5533; x_wconf 79' lang='lat' dir='ltr'><strong>impulsum</strong></span> <span class='ocrx_word' id='word_1_508' title='bbox 2731 5463 2974 5518; x_wconf 87' lang='lat' dir='ltr'><strong>:deinde</strong></span> <span class='ocrx_word' id='word_1_509' title='bbox 3005 5463 3250 5518; x_wconf 86' lang='lat' dir='ltr'><strong>sinamus</strong></span> <span class='ocrx_word' id='word_1_510' title='bbox 3305 5463 3461 5518; x_wconf 89' lang='lat' dir='ltr'><strong>insu-</strong></span> 
     </span>
    </p>
   </div>
   <div class='ocr_carea' id='block_1_78' title="bbox 1894 5554 3462 5626">
    <p class='ocr_par' dir='ltr' id='par_1_78' title="bbox 1894 5554 3462 5626">
     <span class='ocr_line' id='line_1_78' title="bbox 1894 5554 3462 5626; baseline -0.001 -17"><span class='ocrx_word' id='word_1_511' title='bbox 1894 5556 2099 5609; x_wconf 87' lang='lat' dir='ltr'><strong>surrari</strong></span> <span class='ocrx_word' id='word_1_512' title='bbox 2131 5555 2201 5609; x_wconf 90' lang='lat' dir='ltr'><strong>ab</strong></span> <span class='ocrx_word' id='word_1_513' title='bbox 2229 5570 2296 5609; x_wconf 90' lang='lat' dir='ltr'><strong>eo</strong></span> <span class='ocrx_word' id='word_1_514' title='bbox 2327 5555 2477 5609; x_wconf 87' lang='lat' dir='ltr'><strong>cordi</strong></span> <span class='ocrx_word' id='word_1_515' title='bbox 2524 5565 2714 5610; x_wconf 91' lang='lat' dir='ltr'><strong>nostro</strong></span> <span class='ocrx_word' id='word_1_516' title='bbox 2760 5570 2990 5626; x_wconf 90' lang='lat' dir='ltr'><strong>pravum</strong></span> <span class='ocrx_word' id='word_1_517' title='bbox 3024 5554 3244 5624; x_wconf 83' lang='lat' dir='ltr'><strong>aliquod</strong></span> <span class='ocrx_word' id='word_1_518' title='bbox 3277 5554 3462 5608; x_wconf 83' lang='lat' dir='ltr'><strong>consi-</strong></span> 
     </span>
    </p>
   </div>
   <div class='ocr_carea' id='block_1_79' title="bbox 1893 5639 3462 5713">
    <p class='ocr_par' dir='ltr' id='par_1_79' title="bbox 1893 5639 3462 5713">
     <span class='ocr_line' id='line_1_79' title="bbox 1893 5639 3462 5713; baseline 0.001 -16"><span class='ocrx_word' id='word_1_519' title='bbox 1893 5641 2048 5699; x_wconf 87' lang='lat' dir='ltr'><strong>lium.</strong></span> <span class='ocrx_word' id='word_1_520' title='bbox 2087 5639 2194 5698; x_wconf 84' lang='lat' dir='ltr'><strong>Hoc</strong></span> <span class='ocrx_word' id='word_1_521' title='bbox 2225 5657 2351 5698; x_wconf 89' lang='lat' dir='ltr'><strong>cum</strong></span> <span class='ocrx_word' id='word_1_522' title='bbox 2382 5642 2640 5710; x_wconf 81' lang='lat' dir='ltr'><strong>obtinuit,</strong></span> <span class='ocrx_word' id='word_1_523' title='bbox 2669 5643 2864 5700; x_wconf 89' lang='lat' dir='ltr'><strong>deinde</strong></span> <span class='ocrx_word' id='word_1_524' title='bbox 2901 5641 3056 5700; x_wconf 90' lang='lat' dir='ltr'><strong>miris</strong></span> <span class='ocrx_word' id='word_1_525' title='bbox 3086 5639 3262 5699; x_wconf 70' lang='lat' dir='ltr'><strong>modis</strong></span> <span class='ocrx_word' id='word_1_526' title='bbox 3297 5656 3462 5713; x_wconf 72' lang='lat' dir='ltr'><strong>agens</strong></span> 
     </span>
    </p>
   </div>
  </div>
