4184 6490
714 403 849 469 1683

1896 402 1957 462 S.
1999 399 2387 461 THEODORI
2423 397 2767 459 STUDITAZ

3832 392 3961 456 1684

711 517 1025 587 ferensque,
1071 516 1333 579 miscens.
1364 532 1429 573 ac
1460 514 1738 573 fascinans
1765 517 2028 582 animam,
2057 514 2275 571 tandem

2382 514 2549 583 μένην
2582 510 2619 565 ἃ
2651 512 2726 582 μὴ
2752 510 2850 566 δεῖ.
2915 508 3088 577 [Idan
3136 502 3251 563 οὖν
3304 505 3549 577 φυλακῇ
3600 506 3953 578 τηρήσωμεν

708 627 829 666 eam
882 610 1141 665 exturbat
1188 610 1258 664 ab
1300 624 1368 665 eo
1422 610 1517 679 qui
1560 609 1857 664 secundum
1898 619 2146 663 naturam
2194 614 2281 663 est

710 697 919 760 habitu,
951 706 1007 752 et
1036 696 1213 751 reddit
1239 712 1358 751 eam
1388 696 1715 759 dementem,
1754 696 2148 761 irrationalem,
2175 710 2282 750 caa-

708 803 829 843 cam
858 831 873 852 ,
910 789 1217 859 cupientem
1257 803 1321 842 ea
1367 802 1490 858 qua:
1533 785 1614 842 fas
1646 801 1751 841 non
1788 795 1894 841 est.
1938 785 2097 841 Omni
2148 802 2281 857 ergo

709 880 948 933 custodia
971 895 1231 933 seruemus
1260 895 1351 931 cor
1402 888 1644 932 nostrum
1670 880 1711 942 ',
1748 892 1855 932 non
1893 876 2077 932 dantes
2107 878 2281 932 locum

706 966 919 1025 diabolo
947 970 987 1036 ³,
1024 970 1118 1025 sed
1147 970 1215 1025 ad
1245 971 1481 1040 primum
1533 970 1707 1025 hostis
1749 968 1933 1024 statim
1984 969 2287 1023 abnuentes

708 1077 991 1118 accessum
1014 1102 1029 1129 ,
1080 1063 1271 1133 procul
1303 1077 1427 1116 eum
1469 1063 1817 1133 repellamus.
1845 1060 2001 1127 Quod
2031 1062 2077 1115 si
2110 1076 2287 1131 usque

708 1154 776 1208 ad
805 1166 1093 1208 assensum
1115 1153 1432 1207 vincamur:
1453 1162 1509 1205 at
1532 1168 1601 1206 ne
1630 1152 1939 1221 polluamur
1967 1151 2285 1220 prodeundo

708 1240 776 1295 ad
810 1256 969 1311 Opus.
1006 1238 1162 1311 Quod
1196 1239 1241 1295 si
1264 1248 1318 1293 et
1341 1240 1445 1294 hoc
1473 1239 1756 1306 acciderit,
1784 1254 1853 1294 ne
1884 1240 1939 1294 in
1977 1238 2072 1293 tali
2110 1254 2287 1293 more-

2385 602 2503 671 τὴν
2551 602 2825 670 καρδίαν,
2870 602 2943 672 μὴ
2976 600 3245 665 διδόντες
3298 597 3486 651 τόπον
3543 596 3624 662 τῷ
3667 597 3953 664 διαϐόλῳ·

2386 694 2500 749 ἀλλ’
2533 694 2696 757 εὐθὺς
2722 693 2820 765 τὴν
2865 692 3168 762 προσϐολὴν
3218 691 3661 759 ἀπα-φαινόμενοι.
3686 690 3749 741 Ei
3777 691 3836 743 δὲ
3866 694 3930 759 ﬁt

2386 786 2641 858 σωθῶμεν
2696 785 2965 849 ἐντεῦθεν,
3019 784 3123 837 κᾶν
3173 785 3251 854 μὴ
3300 782 3596 853 χρανθῆναι
3625 797 3640 811 °
3672 783 3721 834 si
3767 782 3825 834 δὲ
3869 783 3957 835 καὶ

2385 879 2546 933 τοῦτο
2610 879 2915 949 πάθοιμεν*
2972 878 3108 932 ἀλλὰ
3157 878 3233 949 μὴ
3274 878 3585 949 δγχρονίσαι
3641 882 3735 933 καὶ
3791 898 3958 935 κατα-

2389 972 2621 1041 συρῆναι
2683 972 2763 1034 είς
2818 969 2880 1023 τὸ
2944 969 3094 1031 τέλος
3149 969 3250 1038 τῆς
3296 969 3591 1039 ἁμαρτίας.
3662 970 3957 1041 Συμὸαίνει

2385 1060 2445 1115 δὲ
2491 1062 2640 1133 ἡμᾶς
2663 1060 2822 1115 τοῦτο
2854 1062 3049 1115 παθεῖν
3076 1064 3140 1114 ἐκ
3188 1060 3297 1114 τῶν
3345 1062 3687 1132 προλήψεων,
3735 1065 3799 1116 ἐκ
3853 1064 3959 1117 τῶν

2382 1151 2549 1207 πάλαι
2580 1152 2939 1223 ἀναμνήσεων
2958 1167 2973 1181 ο
3002 1149 3138 1205 ἀλλὰ
3194 1148 3455 1221 φύγωμεν
3485 1152 3583 1213 τὰς
3618 1151 3919 1222 προλήψεις
3944 1169 3958 1181 .

2382 1244 2643 1315 φύγωμεν
2674 1242 2777 1306 τὰς
2806 1243 3135 1313 νεωτερικὰς
3188 1244 3545 1313 ἀναμνήσεις.
3596 1242 3683 1295 Ἐν
3739 1244 3850 1312 γὰρ
3886 1242 3964 1311 τῷ

709 1346 834 1385 tnur
887 1339 1057 1399 statu,
1083 1330 1227 1384 trahi
1263 1344 1364 1386 nos
1412 1330 1655 1386 sinentes
1686 1330 1741 1383 in
1774 1328 2027 1382 ultimum
2066 1327 2279 1399 peccati

2388 1334 2569 1387 ἐκεῖσε
2618 1334 2706 1388 διὰ
2751 1333 2854 1403 τῆς
2885 1335 3313 1406 ἁναθεωρήσεως
3373 1333 3617 1403 γίνεσθαι
3665 1335 3859 1403 ἡμᾶς,
3910 1337 3961 1386 τί

708 1422 1006 1477 terminum
1038 1421 1491 1493 impaenitentiam
1518 1420 1755 1475 ﬁnalem.
1787 1418 2071 1489 Contingit
2100 1430 2279 1474 autem

2390 1422 2519 1477 ἄλλο
2548 1424 2696 1477 ἔστιν
2726 1425 2902 1477 εἰπεῖν
2923 1466 2939 1490 ,
2985 1425 3019 1495 ἢ
3052 1426 3133 1477 ὅτι
3160 1425 3512 1495 ὲστρὰφημεν
3534 1427 3599 1495 τῇ
3632 1423 3831 1493 καρδίᾳ
3886 1425 3963 1485 εἷς

709 1529 809 1569 nos
856 1515 961 1570 ltoc
1006 1516 1118 1586 pati
1147 1531 1213 1571 ex
1241 1514 1593 1587 praesumptis
1626 1530 1691 1569 ex
1722 1514 1884 1583 longo
1912 1512 2281 1583 opinionibus,

2389 1514 2707 1583 Δίγυπτονς
2759 1516 2935 1589 Ὅπερ
2989 1518 3289 1588 φυλακτέον
3323 1521 3455 1590 ἡμῖν
3501 1519 3642 1573 κατὰ
3672 1518 3770 1573 τὸν
3817 1518 3964 1571 ἔνδον

706 1616 762 1659 et
788 1620 851 1660 ea
882 1608 1352 1663 recordationibus
1395 1621 1587 1662 eorum
1625 1620 1748 1677 qua:
1785 1605 1943 1660 nobis
1972 1604 2103 1659 olim
2141 1604 2282 1658 acci-

2390 1606 2699 1679 ἄνθρωπον.

706 1701 923 1759 derunt.
976 1703 1158 1770 Quare
1204 1701 1479 1775 fugiamus
1526 1702 1767 1757 delentes
1797 1718 1861 1757 ex
1903 1703 2091 1757 animo
2158 1710 2424 1769 quantum
2490 1719 2783 1773 possumus
2816 1704 2985 1762 falsas
3048 1708 3181 1763 istas
3222 1708 3606 1777 persuasiones
3639 1724 3654 1761 :
3687 1707 3963 1777 fugiamus

705 1812 925 1867 quoque
970 1798 1381 1852 recordationes
1415 1796 1684 1853 malarum
1725 1810 1906 1850 rerum
1934 1809 2072 1863 quas
2116 1794 2393 1864 quondam
2436 1798 2490 1851 in
2527 1798 2818 1868 juventute
2876 1799 3137 1863 vidimus,
3178 1802 3322 1869 passi
3355 1818 3565 1867 sumus,
3606 1813 3701 1855 aut
3726 1802 3962 1871 egimus.

702 1893 842 1950 Nam
887 1894 1198 1950 voluntaria
1232 1903 1287 1949 et
1317 1909 1538 1949 morosa
1587 1892 1777 1948 talium
1820 1891 2281 1962 contemplatione
2318 1894 2491 1948 teneri
2536 1910 2602 1950 ac
2648 1895 2858 1951 titillari
2889 1912 3013 1960 nos,
3040 1896 3169 1967 quid
3200 1897 3347 1951 aliud
3379 1910 3484 1960 est,
3532 1911 3696 1966 quam
3764 1902 3961 1954 reverti

704 1994 869 2045 corde
895 1990 949 2043 in
990 1988 1318 2060 Λεωνιυωῖ
1353 1987 1511 2054 Quod
1545 1988 1850 2042 cavendum
1890 1998 1976 2042 est
2021 1987 2202 2050 nobis,
2238 1988 2283 2041 si
2324 1987 2570 2043 interiori
2602 2001 2790 2043 nostro
2823 1991 3109 2045 consulere
3137 1989 3344 2043 homini
3377 1989 3649 2044 volumus.

774 2080 864 2138 iV.
898 2080 1183 2137 Certetnus
1216 2081 1399 2151 igitur,
1420 2080 1635 2145 fratres,
1664 2089 1720 2136 et
1744 2080 1891 2135 omni
1916 2079 2115 2135 virtute
2140 2094 2271 2134 con-

2442 2080 2519 2135 A'.
2572 2079 2993 2152 Ἀγωνισώμεθα
3019 2077 3133 2147 οὗν,
3154 2082 3389 2150 ἀδελφοὶ,
3422 2083 3513 2134 καὶ
3552 2083 3697 2153 πάσῃ
3730 2083 3959 2154 δυνάμει

704 2174 915 2238 fortati,
950 2190 1162 2229 summa
1207 2175 1557 2228 contentione
1602 2188 1865 2229 conemur
1904 2171 2131 2241 spiritus
2157 2172 2278 2239 ejus

704 2266 798 2333 qui
845 2263 899 2318 in
955 2262 1115 2317 nobis
1164 2272 1249 2317 est
1286 2263 1639 2331 cogitationes
1674 2277 1928 2332 purgare.
1952 2261 2105 2325 juxta
2130 2260 2279 2330 quod

704 2351 968 2422 scriptum
1014 2360 1095 2405 est
1125 2369 1139 2405 :
1170 2348 1238 2403 Et
1283 2365 1488 2404 omnem
1542 2349 1877 2404 altitudinem
1906 2365 2024 2418 qua:
2049 2348 2281 2402 elevatur

705 2453 894 2497 contra
924 2445 1197 2498 scientiam
1232 2442 1329 2496 Dei
1342 2444 1383 2497 ⁵.
1416 2441 1483 2496 Et
1513 2443 1613 2497 hoc
1646 2444 1972 2512 perenniter.
1996 2440 2110 2496 Hoc
2134 2442 2278 2495 enim

702 2541 791 2588 est
842 2532 1043 2588 bellum
1094 2532 1250 2596 illud,
1295 2534 1347 2586 in
1384 2547 1494 2601 quo
1537 2547 1818 2602 nunquam
1870 2532 2192 2595 debellatur,
2225 2531 2279 2585 in

705 2636 1025 2698 perpetuum
1055 2626 1283 2684 durans.
1308 2628 1371 2681 Et
1392 2627 1498 2681 hoc
1523 2626 1662 2681 idem
1698 2626 2019 2697 martyrium
2056 2632 2139 2679 est
2170 2638 2278 2678 non

706 2734 819 2773 uno
858 2722 970 2774 ictu
1006 2726 1472 2779 consummatum.
1501 2717 1595 2772 sed
1630 2717 1683 2770 in
1713 2716 1833 2770 dies
1863 2716 2066 2770 multos
2100 2715 2280 2770 conti-

709 2819 901 2866 nenter
935 2810 1164 2867 savietts
1212 2810 1371 2881 longa
1421 2809 1526 2864 sibi
1557 2808 1969 2863 succedentium
1998 2808 2139 2863 serie
2172 2818 2285 2861 tor-

706 2912 1039 2961 mentorum.
1089 2902 1383 2957 Enimvero
1439 2902 1533 2972 qui
1589 2900 2014 2971 cogitationibus
2062 2899 2283 2955 assidue

706 2996 955 3067 pulsatus
1011 2996 1214 3067 pravis,
1277 3008 1556 3064 nunquam
1606 2992 1771 3057 cedit,
1818 3007 1920 3045 nec
1957 2992 2120 3047 flectit
2144 3005 2284 3058 genu

707 3103 891 3143 coram
917 3087 1042 3141 Baal
1074 3104 1090 3141 :
1119 3086 1211 3140 sed
1244 3095 1464 3145 strenue
1512 3086 1793 3148 resistens,
1824 3086 2009 3139 vivido
2033 3085 2285 3155 superin-

708 3178 821 3235 silit
865 3184 1068 3248 impetu
1110 3178 1166 3235 in
1206 3177 1490 3247 passiones
1549 3176 1994 3243 concupiscibilis
2019 3188 2072 3231 et
2102 3175 2289 3229 irasci-

708 3273 834 3328 bilis
858 3287 997 3343 quas
1022 3272 1310 3326 concaleat
1340 3285 1533 3325 omnes
1561 3288 1575 3323 :
1609 3270 1699 3323 hic
1730 3268 1985 3323 videlicet
2010 3267 2288 3338 quotidia-

2378 2169 2796 2243 δυναμούμενοι,
2830 2173 3060 2226 κατὰτὸ
3094 2175 3292 2244 κράτος
3350 2175 3450 2243 τῆς
3510 2175 3689 2243 ἰσχύος
3753 2176 3847 2228 τοῦ
3903 2180 3957 2229 ἐν

2379 2266 2513 2335 ἡμῖν
2548 2265 2874 2335 πνεύματος,
2892 2266 3185 2337 λογισμοὺς
3210 2265 3597 2336 καθαιροῦντες
3626 2270 3841 2322 κατὰτὸ
3866 2288 3957 2336 γε·

2381 2356 2699 2425 γραμμένον
2730 2373 2744 2387 ο
2776 2355 3031 2411 Καίπᾶν
3087 2357 3301 2425 ὕψωμα
3353 2357 3746 2424 ἐπαιρόμενον
3806 2362 3957 2412 κατὰ

2380 2447 2494 2517 τῆς
2514 2448 2787 2518 γνώσεως
2822 2449 2929 2503 τοῦ
2961 2448 3109 2503 Θεοῦ
3131 2465 3147 2478 ’
3177 2449 3447 2503 καὶτοῦτο
3479 2451 3741 2511 ἀεννάως.
3788 2452 3956 2504 Τοῦτο

2383 2539 2492 2611 γάρ
2532 2540 2682 2592 ἔστιν
2732 2540 3021 2609 ὀπόλεμος
3049 2539 3076 2590 ὀ
3128 2538 3552 2609 ἁκαταμάχητος
3587 2555 3601 2571 ο
3650 2540 3745 2591 καὶ
3801 2539 3957 2591 τοῦτο

2382 2630 2444 2681 τὸ
2485 2628 2785 2701 μαρτύριον
2816 2630 2877 2683 τὸ
2908 2628 3277 2682 πολυόἀσανον
3311 2629 3404 2681 καὶ
3458 2629 3821 2699 πολυήμερον.
3862 2632 3956 2691 ὐς

2384 2720 2493 2789 γὰρ
2542 2721 2642 2774 οὐκ
2681 2716 2927 2774 ἐνδίδωσι
2966 2723 3079 2783 τοῖς
3108 2719 3392 2789 λογισμοῖς
3454 2721 3542 2774 ἀεὶ
3591 2722 3953 2788 τυπτόμενος,

2384 2810 2505 2864 οὐδὲ
2546 2812 2816 2882 κάμπτων
2843 2812 2973 2880 γόνυ
2998 2815 3065 2884 τῇ
3097 2813 3245 2865 Βάαλ
3263 2852 3279 2874 ,
3309 2811 3425 2865 ἀλλ’
3458 2813 3955 2880 ἀνταγωνιζόμενος

2385 2902 2481 2956 καὶ
2505 2901 2949 2973 ὑπεραλλόμενος
2982 2904 3091 2956 τῶν
3118 2903 3329 2969 παθῶν,
3360 2904 3624 2973 ἐπιθυμίᾳ
3652 2906 3746 2955 καὶ
3776 2905 3953 2975 θυμῷ.

2388 2990 2541 3057 οὗτος
2573 2995 2818 3064 δηλονότι
2850 2997 3120 3066 μαρτυρεί
3162 2996 3529 3064 καθεκάστην,
3570 2998 3664 3049 καὶ
3692 2998 3834 3050 κατὰ
3861 3000 3953 3051 τοῦ

2390 3088 2603 3143 Παύλου
2626 3089 2849 3151 δυνατός
2877 3090 2993 3141 ἐστι
3021 3088 3199 3155 λέγειν
3244 3089 3304 3140 τὸ
3327 3127 3339 3149 ,
3370 3087 3765 3155 Καθεχάστηγ
3816 3090 3955 3158 ἠμέ-

2382 3195 2502 3246 par
2528 3177 2915 3242 ἀποθνήσκω.
2962 3178 3069 3230 Καὶ
3109 3180 3201 3229 ἐπὶ
3248 3176 3325 3247 τῷ
3384 3174 3524 3231 τέλει
3570 3180 3678 3230 τῶν
3731 3181 3955 3246 ἀγώνων

2390 3269 2824 3341 παρῤησιὰζεται
2884 3267 3099 3322 εἰπεῖν’
3160 3271 3271 3323 Τὸν
3337 3270 3536 3340 ἁξὼνα
3605 3272 3713 3325 τὸν
3767 3278 3956 3325 καλιν

707 3374 839 3413 num
917 3358 1240 3431 martyrium
1306 3356 1496 3412 suffert
1543 3365 1599 3411 et
1652 3367 1776 3427 post
1832 3355 2061 3411 Paulum
2113 3362 2282 3424 potest

2391 3363 2659 3433 ἡγώνισα
2682 3380 2697 3394 ’
2726 3363 2835 3416 τόν
2859 3362 3084 3431 δρόμον
3110 3366 3389 3417 τετέλεκα
3407 3382 3421 3396 ·
3453 3369 3567 3429 τὴν
3613 3364 3825 3416 πίστιν
3865 3380 3957 3416 τε-

706 3450 892 3506 dicere
935 3467 950 3507 :
998 3424 1253 3517 Quotidie
1282 3449 1537 3503 morior'.
1567 3424 1721 3502 Etin
1771 3449 1878 3502 line
1921 3447 2282 3501 certaminum

2660 3468 2672 3481 '
2708 3424 2927 3506 ,λοιπειῇρ
2953 3424 3263 3507 ἀπόκειταί
3286 3469 3389 3519 μοι
3422 3454 3455 3504 ὀ
3490 3424 3601 3518 τῆς
3651 3450 3955 3505 δικαιοσύ-

706 3543 937 3598 istomm
987 3542 1212 3598 audebit
1240 3541 1424 3597 dicere
1465 3556 1479 3595 :
1512 3538 1719 3595 Battum
1762 3549 2027 3593 certamen
2055 3538 2283 3605 certavi,

708 3652 923 3690 cursum
947 3634 1331 3696 consummavi.
1363 3633 1521 3695 ﬁdem
1547 3632 1786 3698 servavi;
1828 3632 1883 3685 in
1908 3632 2109 3703 reliquo
2140 3646 2286 3701 repo-

708 3732 817 3785 sita
836 3740 914 3785 est
945 3730 1073 3783 mihi
1109 3745 1304 3783 corona
1324 3728 1561 3800 justitiar
1585 3729 1627 3782 '.

2390 3561 2503 3612 νης
2534 3542 2854 3613 στέφανος.

781 3871 803 3903 ’
831 3870 994 3927 Prov.
1024 3883 1100 3933 tv,
1127 3866 1222 3923 23.
1296 3868 1318 3901 ³
1348 3866 1551 3936 Ephes.
1590 3878 1666 3926 tv,
1697 3862 1788 3916 27.
1864 3862 1885 3892 δ
1914 3861 1953 3914 ιι
1980 3861 2107 3916 Cor.
2137 3875 2190 3925 ι,
2238 3860 2282 3914 5.

2382 3860 2389 3889 ι
2421 3856 2439 3911 l
2469 3856 2600 3912 Cor.
2626 3854 2835 3932 xv,,51.
2910 3854 2932 3885 ⁸
2961 3854 3001 3909 ll
3034 3854 3179 3907 Tim.
3217 3870 3289 3917 tv,
3330 3852 3381 3905 7.

726 3982 3942 4032 Mm

2033 4119 2655 4213 MONITUM.

1740 4279 1905 4348 (Ang.
1948 4274 2094 4341 ΜΑι,
2136 4272 2393 4329 Biblioth.
2431 4288 2549 4328 nov.
2592 4282 2632 4326 t.
2681 4269 2781 4337 IV,
2822 4271 2938 4343 9i.)

784 4401 846 4457 in
892 4408 1079 4456 vetere
1123 4398 1316 4454 codice
1358 4396 1633 4453 Vaticano
1676 4394 1815 4459 451,
1860 4392 1901 4448 f.
1944 4390 2051 4447 168
2092 4389 2391 4454 b,exstaut
2425 4386 2485 4442 S.
2534 4386 2717 4441 Basilii
2765 4384 3176 4441 Constitutioues
3227 4385 3551 4449 mcnasticw,
3587 4383 3732 4438 haud
3774 4393 3951 4437 tamen

713 4486 1024 4560 cuiusmodi
1068 4493 1200 4542 sunt
1243 4486 1299 4539 in
1349 4496 1498 4540 tomo
1538 4483 1780 4539 secundo
1848 4480 2105 4553 editionis
2152 4475 2444 4543 Garnerii,
2502 4479 2595 4532 sed
2641 4478 2951 4538 breviores.
3002 4474 3316 4547 quanquam
3369 4476 3589 4531 initium
3637 4477 3780 4530 idem
3827 4485 3949 4529 est:

714 4576 828 4650 Τὴν
856 4575 999 4629 κατὰ
1024 4574 1259 4644 Χριστὸν
1287 4571 1608 4641 φιλοσοφίαν
1638 4567 2033 4637 ιπανελόμενος
2065 4583 2079 4618 :
2113 4574 2167 4617 et
2191 4564 2245 4618 in
2273 4583 2282 4616 4

2382 4565 2508 4619 itula
2537 4576 2746 4627 tantum
2779 4567 3000 4634 triginta
3031 4566 3454 4621 distribuuntur.
3482 4564 3720 4619 Prorsus
3746 4565 3952 4618 codicis

716 4662 965 4719 Vaticani
992 4661 1183 4717 eadem
1214 4660 1354 4715 ratio
1380 4668 1498 4723 est,
1532 4672 1657 4727 quae
1683 4654 1917 4710 Caesarei
1954 4651 2387 4707 Vindobouensis
2428 4650 2588 4716 LXV,
2636 4669 2666 4706 a
2715 4651 3006 4706 Lambecio
3040 4652 3298 4719 descripti
3355 4652 3648 4707 Comment.
3703 4650 3770 4705 Β.
3814 4652 3948 4707 Cws.

715 4752 811 4807 lib.
862 4766 954 4815 tu,
1000 4749 1089 4807 ed.
1122 4747 1319 4805 Kollar.
1369 4764 1424 4818 p.
1461 4742 1839 4807 5i5.qTitulus
1878 4748 2060 4795 autem
2091 4739 2274 4807 Operis
2309 4740 2507 4807 duplex
2568 4751 2652 4797 est
2691 4741 2745 4795 in
2795 4742 2983 4795 codice
3014 4738 3170 4804 Vat.,
3221 4756 3415 4809 nempe
3466 4740 3668 4793 initio:
3703 4741 3951 4804 Διάταξις

714 4837 1011 4909 ἀσκητικὴ,
1042 4836 1179 4907 πρὸς
1203 4836 1330 4899 τοὺς
1361 4830 1693 4905 μονάζοντας
1719 4829 1813 4884 καὶ
1842 4828 1969 4890 τοὺς
2000 4829 2059 4880 ὲν
2087 4827 2282 4880 κοινοσί

2395 4827 2718 4888 ἀσκοῦντας.
2748 4838 2807 4886 ut
2833 4828 2886 4881 in
2915 4828 3155 4881 editione
3175 4825 3445 4881 Garnerii.
3471 4827 3528 4880 in
3556 4827 3706 4880 calce
3728 4836 3907 4881 autum
3936 4844 3948 4879 :

714 4925 878 4989 Τέλος
914 4924 1019 4979 τῶν
1048 4922 1358 4994 κεφαλαίων
1386 4921 1495 4975 τῶν
1528 4918 1743 4991 μικρῶν
1770 4918 1888 4990 ἦτοι
1917 4914 2027 4969 τῶν
2061 4914 2282 4984 μερικῶς

2382 4914 2655 4985 σκητικῶν
2685 4914 2779 4969 τοῦ
2820 4914 2976 4983 ἁγίου
3007 4915 3289 4969 Βαοιλείου
3322 4932 3335 4967 :
3366 4915 3673 4981 Expliriuut
3704 4912 3950 4981 Capitula

714 5027 903 5080 parua.
950 5028 1043 5065 seu
1086 5009 1447 5080 particularia
1474 5002 1716 5062 Ascetica
1744 5005 1917 5060 sancti
1951 5002 2163 5057 Basilii.
2208 5000 2480 5056 Habemus
2506 5003 2670 5069 igitur
2696 5042 2710 5065 ,
2754 5011 2814 5055 ut
2859 5012 3041 5067 antea,
3095 5000 3427 5069 Reguiurum
3469 5000 3863 5070 Compettdium
3898 5002 3948 5053 in

717 5099 941 5171 Reguiis
968 5099 1189 5155 brevius
1230 5096 1545 5167 explicatis;
1603 5094 1675 5148 ita
1726 5108 1874 5147 nunc
1918 5089 2368 5147 Constitutionum
2412 5090 2823 5142 monastirarttm
2871 5092 3029 5159 quasi
3074 5090 3504 5159 Compendium,
3545 5105 3675 5143 vero
3727 5102 3950 5142 auctore

716 5170 908 5245 eodem
941 5186 1185 5251 Basilio,
1232 5192 1289 5238 ut
1337 5183 1456 5253 ipse
1478 5180 1805 5237 Lambecius
1855 5176 2000 5235 ultro
2034 5179 2283 5248 agnoscit
2328 5184 2493 5244 atque
2534 5170 2750 5232 fatetur.
2795 5175 2917 5231 Jam
2946 5192 3078 5231 vero
3121 5186 3249 5247 post
3283 5177 3336 5230 id
3388 5176 3578 5230 Basilii
3621 5176 3947 5245 opusculum

717 5280 917 5352 legitur
961 5278 1016 5333 in
1050 5277 1239 5333 codice
1268 5273 1394 5332 Vat.
1426 5274 1521 5346 (at
1555 5274 1611 5327 in
1644 5272 1882 5327 Vindob.
1921 5271 2206 5342 praecedit)
2240 5268 2511 5323 Theodori
2553 5269 2784 5324 Sludita:
2820 5268 3079 5323 Scholion
3106 5308 3121 5330 ,
3164 5284 3276 5328 quo
3318 5269 3729 5321 demonstratur
3750 5304 3768 5329 ,
3812 5267 3949 5317 hunc

722 5383 843 5425 esse
871 5368 1174 5439 genuinum
1222 5363 1281 5419 S.
1320 5362 1503 5419 Patris
1543 5361 1737 5418 fetum.
1782 5359 2077 5414 Contendit
2106 5358 2368 5411 nimirum
2401 5356 2615 5411 Studita
2638 5397 2653 5420 ,
2686 5357 2739 5410 id
2767 5357 2947 5425 palam
2981 5356 3107 5410 inde
3152 5356 3266 5411 fieri
3290 5394 3307 5418 ,
3354 5354 3499 5424 quod
3531 5354 3705 5423 stylus
3746 5362 3803 5407 et
3842 5361 3948 5404 tota

719 5456 909 5526 scripti
937 5454 1078 5509 ratio
1101 5467 1403 5522 sensusque
1431 5450 1555 5505 aliis
1595 5450 1773 5505 sancti
1816 5446 2002 5501 Basilii
2029 5445 2296 5500 Asceticis
2334 5444 2633 5499 conformis
2664 5445 2753 5500 sit.
2798 5442 2971 5496 Porro
3020 5454 3080 5497 ut
3121 5454 3499 5515 argumentum
3536 5456 3697 5495 suum
3739 5439 3948 5493 Studita

720 5544 949 5599 firmiter
978 5549 1161 5597 teneat
1183 5579 1200 5605 ,
1235 5538 1476 5595 defendit
1498 5537 1660 5593 simul
1689 5576 1705 5601 ,
1736 5537 1829 5590 illa
1861 5549 1982 5604 quae
2014 5533 2279 5588 habemus
2313 5533 2365 5586 in
2395 5532 2726 5587 editionibus
2760 5532 2945 5586 Basilii
2982 5533 3221 5586 Ascctica
3246 5573 3262 5596 ,
3295 5546 3417 5585 esse
3457 5530 3693 5599 genuina
3719 5569 3734 5592 ,
3768 5537 3951 5580 contra

718 5630 1101 5687 nonnullorum
1130 5642 1300 5682 vanas
1322 5626 1695 5682 dubitationes
1727 5641 1740 5678 :
1770 5638 1879 5692 qua
1910 5638 1968 5677 re
1999 5621 2343 5683 conﬁrmata,
2383 5621 2629 5689 sequitur
2656 5628 2713 5673 ut
2744 5634 2900 5687 aeque
2935 5618 3250 5684 Διατάξεις,
3287 5614 3702 5671 Constitutiones
3724 5655 3739 5677 ,
3770 5613 3951 5667 Basilii

718 5721 851 5775 siut.
877 5716 999 5772 Jam
1032 5717 1137 5771 hoc
1169 5714 1437 5771 ineditum
1468 5712 1697 5769 Studita
1726 5709 1987 5767 Scholion
2028 5711 2106 5780 (α)
2140 5708 2494 5779 praecidendae
2524 5706 2815 5778 quaestioni
2855 5707 3116 5761 idoneum
3143 5716 3247 5768 est,
3272 5718 3393 5773 qua:
3412 5702 3624 5773 prolixe
3653 5702 3891 5771 agitatur
3923 5716 3951 5752 a

786 5839 858 5900 (α)
896 5836 1109 5900 Fallitur
1134 5832 1557 5900 vir_cla_rissimus.
1583 5831 1690 5883 Hoc
1711 5828 1949 5883 scholium
1988 5829 2085 5892 jam
2108 5826 2333 5877 ediderat
2374 5824 2552 5877 Christ.
2592 5825 2725 5876 Frtd.
2770 5822 2988 5875 nautici
3027 5827 3080 5873 et
3109 5833 3199 5871 nos
3245 5825 3356 5884 post
3390 5830 3505 5867 cum
3534 5815 3760 5878 Operam
3795 5815 3953 5868 Basilii

729 5896 851 5955 tum.
876 5898 965 5963 lii,
998 5902 1092 5950 col.
1126 5898 1270 5949 i519.
1304 5896 1440 5947 Eutr.
