4184 6512
278 437 417 504 1685
1216 440 1591 502 SCHOLION
1633 441 1714 502 IN
1755 443 1816 500 S.
1858 441 1930 499 BI

1858 441 1948 499 BA
1957 440 2139 499 SILIl
2182 439 2559 499 ASCETICA.
3359 433 3491 499 1686

272 553 576 620 Camerio,
609 565 650 609 t.
690 553 765 621 ll,
815 554 870 609 in
902 553 1082 610 "Praef.
1126 570 1181 624 p.
1216 572 1358 611 xxxv
1393 568 1447 612 et
1508 573 1661 628 seqq.
1709 558 1776 613 de
1836 556 2219 611 Asceticorum
2288 570 2419 610 vero
2451 561 2676 624 parente
2722 552 2961 611 Basilio:
3018 552 3260 622 itemque
3314 551 3492 613 alteri,

270 661 379 715 qua
405 644 548 699 idem
587 643 885 700 Garnerius
925 645 1075 714 praef.
1106 661 1159 715 p.
1188 661 1310 699 vat
1342 657 1394 701 et
1420 662 1598 717 seqq.,
1626 647 1898 703 immerito
1927 649 2206 703 contendit
2244 656 2435 703 contra
2482 645 2865 701 Combetisium
2886 685 2901 708 ,
2938 642 3349 697 Constitutiouu
3380 657 3494 693 mo-

271 738 504 791 nasticas
556 750 666 790 non
700 735 933 801 Basilio,
971 736 1066 792 sed
1096 735 1381 793 Eustathio
1414 738 1745 805 Sebasteno,
1792 754 1916 795 esse
1952 740 2349 795 inscribendas.
2389 737 2509 793 Jam
2557 746 2799 792 veterum
2832 738 3185 791 auctoritates
3219 730 3497 793 a'Studita

272 825 525 879 laudatas
562 824 763 893 partim
794 828 1052 879 hauserat
1082 839 1149 879 ex
1184 825 1303 879 aliis
1342 824 1581 881 fontibus
1608 827 1765 881 etiam
1797 826 2117 893 Garnerius,
2149 836 2524 882 verumtamen
2553 826 2659 880 hoc
2696 825 2907 893 insigne
2944 823 3173 878 Studitae
3214 821 3497 885 Scholion,

274 926 370 965 seu
400 910 685 978 Prologum
709 951 725 977 ,
778 910 1087 980 ignoravit:
1127 928 1289 981 quam
1320 928 1422 968 nos
1459 913 1903 983 scriptiunculam
1947 915 2002 969 in
2037 915 2139 970 hac
2172 926 2358 968 nostra
2393 913 2625 969 Studitae
2665 913 2935 965 mantissa
2990 902 3349 964 omittendam
3390 922 3500 961 non

269 995 634 1063 judicavimus
654 1040 669 1063 ,
706 1007 821 1053 tum
847 999 975 1067 quia
1005 1000 1265 1068 praaclara
1302 1016 1398 1071 per
1422 1016 1483 1056 se
1508 1012 1627 1067 est,
1649 1013 1762 1055 tum
1784 1001 1911 1070 quia
1939 1002 2068 1056 crisi
2106 1017 2329 1070 operum
2370 1001 2541 1056 sancti
2574 999 2758 1053 Basilii
2781 998 3051 1066 perutilis.
3091 994 3224 1049 Nam
3256 995 3402 1064 quod
3434 995 3499 1048 ad

280 1085 379 1141 hoc
411 1086 630 1154 proprie
669 1085 968 1139 breviatum
1009 1085 1189 1141 Basilii
1227 1088 1551 1156 opusculum
1582 1096 1786 1158 spectet
1818 1087 2045 1144 Studita:
2074 1090 2333 1145 Scholion
2363 1128 2378 1154 ,
2428 1087 2665 1143 dubitari
2702 1087 2892 1155 nequit
2920 1104 2935 1140 :
2980 1102 3085 1138 non
3125 1086 3251 1155 quia
3284 1092 3497 1137 tantum

279 1172 356 1225 illi
395 1173 449 1225 in
477 1172 663 1227 codice
689 1171 1027 1238 subtexitur,
1067 1174 1161 1227 sed
1197 1176 1321 1242 quia
1356 1174 1411 1228 in
1444 1190 1511 1229 eo
1540 1175 1744 1231 diserte
1793 1175 2109 1231 nominatur
2141 1178 2334 1233 titulus
2362 1175 2613 1247 Μερικὰ,
2644 1176 2736 1244 qui
2765 1172 3040 1244 proprius,
3072 1180 3134 1227 ut
3165 1186 3328 1241 supra
3357 1169 3502 1223 dixi-

280 1276 425 1325 mus,
457 1261 644 1330 scripti
679 1259 825 1315 illius
855 1259 1113 1315 Basiliani
1144 1271 1247 1316 est.
1492 1284 1496 1287 “

453 1418 803 1473 ΘΕΟΔΩΡΟΥ
826 1421 914 1474 ΗΓ
918 1420 1267 1476 ΟΥΜΕΝΟΥ-
1301 1420 1658 1477 ΣΤΟΥΔῙΟΥ.
1862 1433 1912 1489 Α

1862 1433 1912 1489 Α
2184 1420 2536 1477 TliEODORl
2574 1418 2965 1476 ΡιιΑῑΡοδιΤι
3006 1418 3257 1475 δτυυιι.
3362 1424 3364 1429 ’

348 1531 417 1587 α’.
458 1534 580 1585 Ὅτι
610 1533 837 1603 γνήσιον
873 1533 968 1587 τοῦ
994 1525 1233 1603 μεγάλου
1256 1534 1539 1589 Βασιλείω
1568 1537 1632 1589 τὸ
1662 1535 1837 1607 παρὸν

2009 1533 2062 1588 1.
2103 1532 2257 1600 Quod
2300 1548 2542 1604 praesens
2576 1549 2713 1603 opus
2754 1534 2934 1607 magni
2978 1532 3163 1587 Basilii
3205 1529 3500 1601 genuinum

282 1622 590 1694 σύνταγμα,
619 1624 779 1693 δῆλον
804 1626 901 1695 μὲν
928 1627 1022 1678 καὶ
1052 1624 1146 1679 ἀπ’
1169 1626 1335 1679 αὐτοῦ
1374 1626 1466 1679 τοῦ
1490 1628 1838 1698 χαρακτῆρος

1938 1622 2040 1691 sit,
2071 1633 2219 1694 patet
2244 1635 2357 1679 tum
2392 1640 2456 1679 ex
2487 1623 2800 1679 charactere
2836 1622 3092 1678 sublimis
3119 1620 3354 1690 eloquii,
3392 1629 3504 1673 tum

280 1717 380 1786 τῆς
408 1717 729 1786 ὑψηγορίας,
759 1717 853 1770 τοῦ
880 1734 938 1769 τε
969 1718 1145 1781 είδους
1167 1718 1542 1788 τῆςνφράσεως
1559 1736 1572 1749 ·
1596 1718 1755 1789 δῆλον
1782 1719 1839 1773 δὲ

1938 1714 2102 1771 etiam
2139 1731 2207 1769 ex
2237 1730 2432 1784 genere
2472 1714 2736 1784 phraseos
2782 1734 2794 1768 :
2848 1723 3125 1782 postremo
3180 1711 3303 1765 inde
3345 1713 3510 1763 etiam

282 1810 375 1861 καὶ
398 1810 462 1861 ὲκ
497 1809 590 1861 τοῦ
618 1808 1014 1879 συνεμπίπτειν
1036 1811 1156 1873 ταῖς
1179 1808 1288 1862 τῶν
1317 1808 1491 1864 ἄλλων
1523 1809 1839 1880 ἁσκητικῶν

1940 1817 2182 1881 apparet,
2199 1810 2324 1876 quia
2346 1816 2614 1862 consonat
2635 1816 2952 1861 creterorum
2984 1804 3356 1858 Asceticorum
3386 1816 3512 1857 sen-

282 1900 511 1963 ἐννοίαις
527 1917 585 1953 τε
608 1900 702 1953 καὶ
726 1882 934 1965 λέξεσιν
952 1917 966 1931 ³
987 1899 1061 1963 ὡς
1093 1901 1169 1971 μὴ
1208 1900 1384 1954 δοκεῖν
1414 1918 1467 1955 τι
1494 1900 1621 1956 ἄλλο
1646 1901 1721 1971 τῷ
1747 1901 1840 1954 καὶ

1941 1900 2127 1956 tentiis
2154 1915 2219 1955 ac
2244 1899 2426 1956 verbis
2452 1920 2467 1956 :
2508 1900 2583 1955 ita
2617 1906 2677 1953 ut
2707 1901 2790 1955 vel
2815 1915 3004 1969 parum
3037 1908 3243 1952 attente
3273 1898 3467 1966 legenti
3493 1933 3508 1959 ,

286 1994 480 2063 μικρὸν
501 1992 629 2060 γοῦν
654 1993 1078 2061 ὲπεσκεμμενως
1098 1991 1588 2063 ἀναγινώσκοντειῶ
1612 1992 1840 2062 θάτερον

1940 1990 2077 2044 nihil
2103 1993 2249 2047 aliud
2273 1993 2520 2048 videatur
2558 2008 2720 2063 quam
2754 2007 2920 2046 unum
2954 1992 3009 2045 in
3045 1991 3216 2045 altero
3248 1990 3508 2044 insertum

282 2087 339 2137 ἐν
360 2083 570 2155 Θατέρῳ
594 2082 918 2154 διέρχεσθαι.
955 2082 1077 2134 Ὀτι
1095 2082 1151 2136 δὲ
1174 2084 1355 2136 ἐκεῖνα
1384 2082 1479 2136 τοῦ
1505 2083 1730 2150 πατρὸς.
1756 2083 1841 2147 τίς

1942 2091 2258 2155 procedere.
2289 2084 2409 2140 Jam
2446 2101 2576 2141 vero
2598 2086 2745 2156 quod
2776 2086 2861 2138 illa
2896 2084 3187 2153 (Ascetica)
3230 2090 3509 2153 parentem

281 2175 593 2244 ἀντερήσει,
621 2172 655 2242 ἢ
681 2171 743 2234 ὃς
780 2170 1081 2240 τυφλώττοι
1114 2171 1257 2224 κατὰ
1285 2170 1408 2224 νοῦν
1449 2170 1840 2241 ἐνεργούμνος

1941 2174 2199 2230 Basilium
2233 2175 2489 2237 habeant,
2510 2176 2637 2245 quis
2662 2174 3014 2239 contradicet,
3050 2173 3153 2227 nisi
3198 2172 3291 2242 qui
3324 2180 3376 2225 ct
3409 2186 3511 2224 cn:-

279 2264 379 2334 τὴν
415 2264 649 2329 κακίαν;
679 2258 845 2331 Οἶμαι
895 2261 1003 2329 γάρ
1038 2279 1192 2325 τινας
1243 2262 1701 2333 δριμυττομένους
1763 2261 1841 2329 τῷ

1941 2282 2040 2321 cus
2092 2266 2166 2320 sit
2211 2274 2265 2320 et
2315 2266 2581 2334 pravitate
2626 2264 2825 2319 mentis
2882 2261 3167 2318 laborans?
3200 2259 3340 2315 Puto
3363 2258 3511 2313 enim

279 2353 607 2425 ἀκριὸασμῷ
634 2355 731 2422 τῆς
760 2350 1131 2417 διδασκαλίας,
1156 2353 1560 2423 προσλαϐόντας
1608 2370 1669 2405 τε
1723 2354 1842 2406 ἐπί-

1943 2355 2240 2411 nonnullos
2300 2355 2562 2410 doctrinae
2618 2355 2961 2411 severitatem
3025 2367 3163 2423 aegre
3228 2349 3509 2410 ferentes,

282 2461 481 2516 κουρον
513 2447 610 2514 τῆς
635 2441 921 2505 αὐθαδείας
952 2442 1011 2495 τὸ
1037 2444 1209 2497 εἰπεῖν
1225 2460 1348 2497 τινα
1370 2444 1477 2497 τῶν
1506 2446 1843 2515 ἱστοριογρά-

1942 2461 2163 2517 suaeque
2219 2447 2461 2502 audaciae
2511 2446 2773 2501 auxilium
2821 2446 2947 2500 inde
2999 2454 3320 2508 sumentes,
3362 2442 3512 2512 quod

282 2554 399 2605 φων
431 2534 505 2605 (1)
560 2534 711 2604 παρά
767 2550 909 2587 τισιν
968 2535 1409 2604 ἀμφιϐάλλεσθαι
1456 2536 1843 2607 ῥιψοκινδύνως

1945 2538 2240 2593 historicus
2268 2538 2515 2607 quidam,
2551 2538 2619 2590 de
2648 2536 2853 2604 scripto
2884 2535 2988 2589 hoc
3014 2532 3255 2589 dubitari
3280 2532 3508 2595 dixerit,

281 2626 413 2679 νόθα
465 2623 603 2677 αὐτὰ
633 2624 796 2692 φάναι
831 2640 845 2656 ⁶
879 2626 928 2679 οἱ
957 2625 1001 2677 δ’
1026 2626 1178 2679 αὐτοί
1215 2643 1317 2697 μου
1337 2626 1551 2681 δοκοῦσι
1600 2629 1695 2681 καὶ
1744 2628 1841 2699 τὴν

1944 2629 2149 2684 idcirco
2197 2638 2401 2683 temere
2444 2629 2672 2681 nothum
2704 2628 3079 2697 pronuntiare.
3126 2625 3304 2679 Porro
3346 2623 3511 2678 iidem

283 2716 421 2788 πρὸς
467 2715 746 2785 Ἐϐραίους
788 2717 1100 2786 ἐπιστολὴν,
1126 2717 1227 2787 τήν
1247 2733 1306 2768 τε
1325 2718 1534 2788 Πέτρου
1561 2718 1836 2788 δευτέραν,
1877 2774 1914 2791 ἢ

1877 2774 1914 2791 η
1947 2724 2000 2777 hi
2032 2722 2287 2777 videntur
2319 2721 2481 2787 mihi,
2525 2721 2821 2791 Epistolam
2860 2737 3074 2790 quoque
3121 2721 3186 2775 ad
3219 2719 3508 2783 Hebraeos,

296 2774 544 2859 Ἰωάννου
564 2774 631 2858 ¹τε
665 2808 764 2877 τὴν
806 2774 1193 2877 Ἀποκὰλυψιν,
1223 2808 1417 2880 ἐτέρας
1438 2774 1500 2862 τε
1548 2774 1843 2872 καθολικὰς
1877 2774 1917 2828 Β
1946 2838 1948 2857 ι

1877 2774 1917 2828 Β
1946 2826 1999 2866 et
2021 2814 2170 2868 Petri
2200 2813 2513 2873 secundam,
2540 2774 2597 2866 et
2622 2809 2846 2893 Joannis
2876 2774 3270 2880 Apocalypsin,
3302 2818 3355 2863 et
3376 2808 3512 2862 alias

282 2898 422 2968 πρὸς
458 2898 855 2969 συγγράμμασι
880 2917 991 2952 τισι
1024 2903 1336 2970 πατρικοῖς,
1404 2902 1591 2972 ἐπειδὴ
1641 2902 1844 2971 ὁμοίως

1946 2902 2246 2956 catholicas
2317 2916 2419 2956 nec
2500 2916 2609 2956 non
2668 2900 2889 2954 Patrum
2950 2901 3147 2969 scripta
3208 2900 3510 2963 nonnulla,

283 2986 737 3057 ἁμφιϐάλλονται,
761 2987 1182 3045 ἀποϐάλλεσθαι.
1243 2990 1384 3044 Ἀλλ’
1406 2993 1455 3045 εί
1506 2992 1566 3044 τὸ
1594 2991 1847 3062 δεύτερον

1948 2991 2387 3063 quandoquidem
2420 3007 2575 3062 aeque
2604 2992 2671 3046 de
2711 2992 2778 3046 iis
2808 2992 3118 3047 dubitatum
3151 2990 3253 3045 fuit
3275 3032 3290 3053 .
3318 2992 3508 3046 viden-

284 3076 479 3141 ἀσεόἐς
509 3119 525 3144 ,
555 3078 673 3142 πῶς
706 3079 826 3148 οὐχ).
850 3080 944 3132 καὶ
994 3080 1046 3132 τὸ
1068 3082 1334 3153 πρότερον
1358 3123 1373 3148 ,
1415 3082 1518 3153 ἤδη
1556 3084 1846 3150 ἀποδεδεγ-

1950 3094 2057 3151 tur,
2078 3086 2321 3152 inquam,
2343 3083 2622 3152 rejecturi.
2645 3082 2800 3149 Quod
2825 3084 2868 3138 si
2900 3084 3005 3138 hoc
3030 3084 3263 3138 alterum
3285 3084 3509 3153 impium

286 3168 466 3238 μένων
510 3171 659 3237 παρὰ
687 3171 753 3239 τῇ
794 3169 1090 3241 Ἐκκλησία
1148 3174 1498 3243 ἀμφοτέρων,
1559 3173 1654 3227 καὶ
1691 3174 1849 3227 οὐδα-

1949 3185 2072 3241 est,
2125 3175 2268 3243 quod
2326 3176 2381 3229 ni
2434 3184 2486 3228 et
2526 3175 2700 3230 illud?
2751 3184 2937 3243 postea
2990 3191 3152 3245 quam
3204 3176 3317 3230 haec
3361 3190 3514 3244 aeque

288 3257 405 3325 μῶς
424 3257 518 3310 τοῦ
544 3258 844 3327 ἀμφιϐόλου
873 3257 1055 3327 χώραν
1079 3258 1292 3331 ἔχοντός
1312 3263 1428 3314 ἐστι
1460 3262 1559 3331 (2).
1590 3263 1652 3314 El
1679 3262 1735 3315 δὲ
1758 3262 1850 3315 τὸν

1950 3267 2135 3320 omnia
2172 3266 2238 3319 ab
2280 3266 2524 3321 Ecclesia
2558 3278 2774 3337 recepta
2824 3268 3079 3330 fuerunt,
3130 3268 3371 3337 nihilque
3400 3268 3512 3337 jam

285 3348 545 3416 Θεολόγον
571 3351 646 3419 (ὅ)
698 3350 772 3420 μὴ
806 3349 1256 3422 ὑπομνηματίσαι
1288 3360 1554 3424 φήσωσιν,
1592 3353 1626 3424 ἢ
1656 3355 1849 3406 ἐπιπο-

1952 3357 2290 3429 amliignitati
2348 3362 2502 3413 locus
2561 3371 2825 3427 superest.
2884 3359 3041 3426 Quod
3075 3361 3119 3414 si
3178 3359 3514 3430 Theologum

285 3437 454 3502 λαίως
486 3439 725 3507 ἀνέγνων
750 3480 763 3502 ,
795 3438 828 3509 ἢ
859 3439 1135 3504 συνιέντες
1188 3442 1579 3513 κακουργοῦσι.
1610 3442 1852 3515 Νομοθε-

1955 3452 2142 3503 horum
2174 3450 2504 3503 mentionem
2542 3466 2648 3503 non
2694 3449 2886 3505 fecisse
2910 3452 3118 3514 dicent,
3150 3452 3183 3505 ii
3214 3453 3290 3503 vel
3324 3453 3516 3520 supine

290 3529 402 3582 σίαι
444 3530 552 3600 γὰρ
589 3531 867 3600 μοναστῶν
906 3533 1089 3600 ἡνίκα,
1142 3535 1338 3605 φησὶν,
1369 3534 1634 3605 ἔγγραφοὶ
1660 3553 1719 3589 τε
1757 3538 1852 3590 καὶ

1953 3543 2228 3611 legerunt,
2268 3552 2361 3594 aut
2402 3558 2511 3593 rem
2586 3543 2911 3609 intellectam
2967 3543 3107 3597 male
3144 3543 3512 3597 dissimulant.

292 3620 528 3692 ἄγραφοι
566 3623 665 3692 (4).
696 3624 747 3675 τί
775 3622 954 3694 ἄλλοῆ
992 3625 1207 3689 πάντως
1233 3643 1298 3695 γε
1344 3627 1515 3681 ταῦτα
1553 3629 1853 3698 δηλοποιεῖ-

1952 3632 2083 3687 Nam
2128 3649 2250 3687 eum
2291 3633 2421 3687 dicit
2465 3632 2774 3704 Theologus
2807 3634 3171 3704 legislationes
3219 3640 3516 3687 monacho-

292 3732 380 3767 ται
402 3730 417 3780 ;
436 3715 728 3778 Ἀπόδειξις
759 3716 813 3767 δὲ
833 3717 925 3768 καὶ
951 3716 1008 3781 ἐξ
1033 3719 1221 3788 ἑτέρας
1243 3718 1493 3790 Θεωρίας·
1520 3720 1548 3772 ὃ
1579 3723 1686 3791 γὰρ
1710 3721 1853 3789 λέγει

1955 3741 2076 3779 rum
2105 3725 2335 3792 scriptas
2365 3734 2417 3778 ct
2444 3740 2551 3778 non
2584 3727 2832 3795 scriptas,
2863 3727 3013 3795 quid,
3038 3741 3154 3790 oro,
3178 3727 3323 3780 aliud
3351 3743 3513 3795 quam

293 3803 569 3867 Βασίλειος
591 3806 648 3858 ἐν
671 3808 781 3867 τοῖς
821 3808 1178 3876 ’Δσκητικοῖς,
1193 3809 1258 3862 τὰ
1285 3811 1403 3881 ἱερὰ
1429 3813 1727 3883 γράμματα
1749 3828 1855 3863 πα·-

1956 3817 2053 3869 has
2079 3814 2483 3869 lucubrationes
2517 3830 2741 3884 prorsus
2774 3817 3061 3886 designat?
3100 3817 3205 3871 Sed
3238 3817 3343 3870 alia
3375 3832 3515 3887 quo-

296 3893 366 3963 ρὰ
408 3893 518 3947 τῶν
570 3895 771 3962 γονέων
816 3896 1192 3965 μεμαθηκέναι
1222 3900 1321 3968 (5),
1347 3900 1483 3969 φησὶ
1534 3901 1850 3971 Γρηγόριος,

1955 3924 2057 3976 que
2090 3910 2298 3965 ratione
2328 3910 2470 3963 idem
2499 3910 2929 3964 demonstratur.
2961 3908 3094 3963 Nam
3127 3911 3266 3980 quod
3299 3911 3375 3963 ait
3412 3910 3514 3963 Ba-

291 3982 357 4034 τὰ
388 3980 486 4051 μὲν
523 3980 587 4051 δὴ
626 3984 838 4052 πρῶτα,
894 3989 1042 4054 παρὰ
1085 3986 1165 4056 τῷ
1213 3991 1379 4057 πατρῖ
1446 3990 1853 4060 σπαργανοῦταί

1955 3998 2108 4053 silius
2135 4000 2187 4053 in
2219 3998 2520 4066 Asceticis,
2561 4014 2749 4055 sacras
2789 4015 2846 4053 se
2885 3998 3092 4055 litteras
3132 4016 3162 4053 a
3204 4001 3517 4069 parentibus

289 4089 350 4125 τε
398 4074 492 4127 καὶ
524 4074 908 4127 διαπλάττεται
941 4076 1037 4139 (6).
1070 4078 1235 4149 Εὓροι
1301 4080 1347 4132 δ’
1376 4080 1440 4134 ἄν
1495 4097 1580 4144 τις
1618 4084 1721 4143 ,καὶ
1762 4084 1854 4135 τὸν
1880 4122 1921 4178 C

1880 4122 1921 4178 ε
1954 4091 2245 4157 didicisse;
2279 4092 2357 4145 ait
2392 4106 2519 4146 ecce
2552 4092 2845 4161 Gregorius
2892 4091 3044 4145 illum
3088 4094 3261 4161 primo
3299 4094 3514 4162 quidem

291 4165 435 4222 ὅσιον
460 4165 736 4219 Θεοδόσιον
770 4167 844 4237 (7)
868 4170 1003 4241 πρός
1033 4188 1174 4224 τισιν
1200 4173 1378 4235 ἄλλοις
1407 4175 1704 4246 κεχρῆσθαι
1753 4178 1851 4229 αΰ-
1884 4165 1921 4178 v

1884 4165 1921 4178 v
1955 4183 2097 4250 apud
2152 4192 2406 4252 parentes
2454 4183 2715 4238 infantem
2777 4183 2949 4239 fuisse
2993 4196 3155 4254 atque
3202 4185 3515 4240 educatum.

291 4258 422 4318 τοῖς,
459 4256 533 4318 ὡς
561 4257 711 4325 δηλοῖ
760 4260 789 4311 δ
822 4262 950 4331 περὶ
979 4261 1143 4314 αὐτοῦ
1175 4262 1305 4332 βίος.
1349 4266 1495 4336 Πρὸς
1515 4267 1635 4320 τίνα
1682 4269 1729 4321 δ’
1782 4265 1847 4321 αὖ

1953 4274 2095 4339 Quin
2130 4276 2292 4328 etiam
2328 4285 2578 4329 sanctum
2618 4274 2985 4329 Theodosium
3022 4279 3393 4346 comperimus
3431 4278 3516 4331 his

291 4346 399 4416 ἄρα
430 4347 654 4416 ἔμελλον
682 4348 868 4419 ἕτερον
897 4354 1179 4424 ἐπερωτᾷν
1208 4355 1276 4407 τὰ
1297 4356 1427 4408 καθ’
1466 4358 1614 4428 ἡμᾶς
1641 4359 1691 4413 οἱ
1745 4360 1849 4415 πά-

1953 4365 2215 4419 Asceticis
2247 4381 2403 4419 usum
2429 4404 2443 4427 ,
2488 4375 2549 4419 ut
2591 4366 2711 4434 ejus
2756 4366 2865 4420 vita
2900 4368 3154 4421 ostendit.
3189 4366 3320 4421 Nam
3354 4380 3514 4439 quem

292 4437 379 4491 λαι
424 4441 834 4510 ἐπερωτηκότες
866 4443 1221 4511 μονάζοντεςς
1252 4445 1285 4516 ἢ
1312 4447 1457 4510 τίνος
1478 4444 1545 4517 ἦν
1573 4450 1731 4504 ἄλλου
1790 4452 1849 4503 ἐν

1954 4457 2119 4510 alium
2143 4458 2443 4511 consulturi
2471 4456 2699 4512 fuissent
2724 4457 2793 4512 de
2823 4458 2988 4513 rebus
3019 4460 3226 4513 nostris
3262 4463 3509 4514 monachi

292 4532 594 4603 τηλικαύτῃ
626 4532 843 4602 ἐξουσίᾳ
867 4535 1202 4602 νομοθετεῖν,
1263 4537 1360 4590 καὶ
1404 4539 1531 4608 ὃλην
1591 4541 1847 4595 ὑπόθεσιν

1953 4556 2161 4601 veteres
2190 4548 2419 4601 consilia
2468 4547 2755 4616 petentes?
2810 4549 2894 4602 vel
2930 4551 3180 4618 quisnam
3219 4551 3358 4606 alius
3397 4555 3510 4621 pari

294 4623 563 4696 σωτηρίας
591 4624 688 4709 την
707 4625 835 4693 περὶ
859 4624 995 4678 αὺτά
1024 4626 1407 4696 πραγματείαν
1428 4630 1798 4699 συστήσασθαι
1831 4648 1847 4697 ;

1953 4638 2297 4691 auctoritatis
2328 4639 2567 4708 pondere
2596 4638 2739 4709 leges
2770 4638 2911 4694 ferre
2948 4642 3210 4709 potuisset
3236 4684 3251 4705 ,
3303 4656 3356 4696 et
3388 4645 3513 4698 uni-

292 4710 370 4773 ὡς
439 4710 565 4781 μηδ’
617 4707 755 4764 εἶναι
801 4711 976 4775 ᾶλὶως
1023 4714 1206 4783 σχεδὸν
1262 4714 1497 4785 βαδίζειν
1542 4720 1851 4784 ἀπταίστως

1956 4742 2167 4781 versam
2197 4729 2389 4784 salutis
2413 4745 2682 4784 summam
2716 4730 2769 4784 in
2805 4731 3115 4799 hujusmodi
3150 4741 3356 4787 statuto
3380 4751 3512 4789 con-

291 4802 389 4869 τὴν
417 4802 559 4854 κατὰ
609 4800 739 4854 Θεὸν
798 4804 1041 4874 πορείαν,
1073 4805 1137 4857 ἐκ
1169 4807 1270 4875 τῆς
1318 4808 1439 4860 κατ’
1492 4809 1658 4879 αὐτὴν
1708 4810 1852 4883 ὑφή-

1958 4816 2218 4871 cludere?
2242 4827 2396 4871 extra
2429 4818 2575 4887 quod
2608 4819 2816 4873 nemini
2855 4819 3026 4874 ferme
3066 4822 3192 4876 licet
3234 4834 3405 4876 tutum
3446 4827 3510 4877 ad

291 4908 471 4961 γησιν.
500 4892 571 4945 Ἦ
611 4895 791 4946 τοίνυν
820 4893 984 4947 δῶσιν
1049 4896 1312 4967 ίσόρροπα
1346 4900 1511 4969 ἕτερα
1548 4901 1851 4973 ηἈσκητικὰ

1961 4907 2133 4962 Deum
2175 4909 2277 4964 iter
2302 4919 2517 4977 tenere,
2563 4911 2618 4965 id
2658 4922 2741 4967 est
2787 4912 2904 4967 sine
2949 4914 3121 4982 ipsius
3151 4916 3370 4969 ducatu.
3408 4918 3516 4969 Aut

290 4981 366 5046 ὡς
410 4982 633 5037 ἐκείνων
672 4984 839 5038 ὄντων
893 4986 986 5038 τοῦ
1019 4987 1250 5056 μεγάλου
1281 4989 1603 5044 Βασιλείου⁶
1646 4993 1849 5065 καίπερ

1958 4998 2126 5068 igitur
2157 5001 2495 5066 concedant,
2543 5002 2688 5072 paris
2729 5018 2852 5058 esse
2901 5006 3156 5075 ponderis
3197 5007 3310 5061 haec
3348 5009 3514 5062 altera

1807 5114 2037 5173 NOTAE.

597 5213 1081 5303 liic'Soizgomrnus,‘
1108 5218 1247 5303 Hist:
1277 5220 1374 5303 lib:
1407 5238 1490 5303 In,
1718 5294 1733 5303 _
1804 5296 1814 5303 ι
2034 5232 2113 5300 (ί)
2142 5231 2323 5303 γει-δε
2354 5235 2465 5289 haec
2490 5238 2697 5291 suntin
2730 5239 2870 5293 dicta
2902 5240 3175 5303 oratione,
3204 5257 3258 5294 n.
3285 5243 3376 5298 54.

1331 5282 1670 5377 Ecclesifpjn
1700 5294 1849 5352 desi-

364 5306 440 5353 μ)
483 5306 639 5362 viues
668 5306 893 5367 munita:
916 5306 1180 5370 Juaicium
1214 5306 1299 5372 ue.
1331 5306 1670 5375 ncctesnieun
1700 5306 1849 5352 desi-
2032 5306 2087 5368 (5
2142 5306 2197 5354 In
2231 5306 2358 5357 edit.
2398 5306 2641 5360 Garnerii
2680 5317 2717 5360 t.
2743 5309 2809 5370 ll,
2840 5326 2890 5377 p.
2916 5311 2975 5363 21

293 5352 539 5441 quamius
556 5354 1014 5441 adnnttendisque
1039 5358 1333 5441 Scripturis
1360 5368 1641 5441 canon‘tcns
1673 5378 1857 5441 aucto-
2033 5306 2110 5438 (δὲ
2139 5371 2299 5441 Greg.
2338 5373 2469 5431 Νη.
2511 5389 2651 5439 orat.
2679 5381 2772 5432 cit.
2805 5396 2859 5433 n.
2896 5382 2982 5434 i2.

294 5426 454 5522 fit???
470 5424 1854 5522 ifi‘i..?.‘2'.“f.“5‘.‘ffimi:Eneti???Per‘i'ms:
1962 5512 2000 5522 -.
2028 5424 2109 5522 ili
2136 5424 2982 5522 υεὲόεῖῇἐοᾷὃὲἷὸὂὲιὶιὶἒτίύἒ
2995 5452 3044 5503 in
3062 5449 3214 5519 praef.
3240 5467 3294 5522 ι).
3328 5468 3513 5507 mw.

294 5494 440 5581 lavet
470 5490 733 5581 Eit‘i’sebius
762 5497 813 5547 in
842 5496 1230 5581 (lineationibus
1265 5502 1332 5553 ad
1364 5490 1632 5556 Marinum
1652 5544 1667 5569 ,
1709 5490 1853 5576 apud

1961 5490 2166 5566 Ibidem
2194 5508 2491 5569 Garnerius
2527 5517 2665 5571 inter
2699 5528 2863 5573 testes
2885 5490 3516 5575 Asceti‘cornmynominat

294 5571 461 5658 “"1515
483 5561 1124 5658 ,ΨΑ,Ρξιπξξτκξνῌείιξτλὲἷθτᾼ
1174 5656 1192 5658 ἢ
1614 5646 1668 5658 __
1743 5561 1759 5576 ⁸
1956 5584 2120 5658 etiam
2147 5582 2417 5658 Studitam
2446 5596 2714 5658 nostrum,
2750 5592 2840 5658 qui
2872 5592 2923 5643 in
2949 5561 3255 5646 laudatione
3276 5561 3541 5647 ίιιςιίεἰίιῖξν

368 5632 455 5737 re).
480 5630 613 5737 Dicit
643 5630 1397 5737 (ἔνθεοι-Ἕω,Ιῌηξίκηξεηυηι
1428 5658 1568 5737 prat.
1602 5646 1689 5737 ﬁ,
1727 5662 1846 5714 qua:

427 5718 437 5737 I
466 5718 528 5737 nn
554 5718 640 5737 u-Ic
670 5720 798 5737 noun
826 5722 837 5737 I
907 5722 981 5737 ιιι-ι
1012 5725 1041 5737 η
1115 5728 1198 5737 η...
1226 5713 1332 5737 “oin
1394 5730 1422 5737 ..
1446 5715 1479 5737 ιζ
1518 5731 1545 5737 -.
1709 5732 1806 5737 ..-η
1953 5722 1977 5737 Λ

1953 5651 2313 5737 ριθξίδιτξγειιί
2341 5658 2417 5725 (η.
2444 5656 2556 5737 (ᾧ).
2589 5660 2660 5711 ait
2690 5630 2857 5737 _’ht|tnc
2900 5630 3073 5714 sancti
3123 5630 3307 5716 Basilii
3339 5630 3514 5730 ⁸νομοῗ

294 5702 838 5799 sancti
866 5706 1042 5799 Basilii
1094 5711 1354 5799 laudatio,
1394 5714 1485 5799 ubi
1518 5731 1578 5799 ιι1
1602 5702 1842 5796 sui";
1952 5702 3515 5799 galia}tegilioiﬁ'diﬁl'A'i{§$eB:'{ii'EiiE?;"éixs'ié'ffé.

297 5773 753 5849 ineransaliquut
782 5780 953 5827 sam-ti
988 5777 1157 5833 Patris
1189 5782 1410 5850 scripta,
1455 5784 1521 5838 de
1549 5784 1839 5849 Asccticis,

299 5850 356 5892 ut
386 5842 450 5893 de
474 5843 594 5896 aliis
624 5844 826 5897 multis.
862 5847 1000 5898 silet.

1952 5773 2181 5844 Studitaa
2232 5773 2332 5850 ἧος
2384 5795 2698 5853 Vaticanum
2730 5773 3034 5855 ὲὶῖίόιιῦἱτῖ
3061 5773 3514 5858 δδιιτηέδῐῖυιίιηῖὲἶ

568 5858 594 5896 5
624 5858 826 5897 multis.
862 5858 1000 5899 ειιει.
