4184 6504
243 448 382 511 1689

1412 442 1509 503 DE
1544 439 2287 501 PRESANC’I‘IFICATIS.

3324 438 3461 504 1690

239 566 460 633 ἀδελφοὶ
489 562 822 631 ἐφιζάνουσι.
846 559 999 614 Μετὰ
1026 559 1084 611 δὲ
1116 557 1211 628 τὴν
1233 557 1435 611 τούτων
1457 558 1793 626 συμπλήρω-
1822 566 1866 619 Α

1822 566 1866 619 Α
1897 557 2038 610 inter
2101 572 2293 625 preces
2346 554 2422 608 fit.
2477 554 2684 608 Etenim
2732 565 2856 623 post
2917 555 3225 609 divinorum
3286 558 3460 611 dono-

241 674 351 717 σιν,
382 655 441 706 τὸ
471 650 927 716 Κατευθυνθήτω
953 653 980 703 6
1008 650 1182 720 ἱερεὺς
1210 649 1323 720 ᾅδει
1354 649 1490 717 μετὰ
1534 648 1642 699 τῶν
1669 665 1795 700 συν-

240 748 539 816 ηνωμένων
561 743 722 797 αὑτοῦ
746 743 991 811 στοίχων,
1024 742 1132 795 τῶν
1160 740 1402 808 ἀδελφῶν
1431 739 1491 792 τὸ
1521 741 1649 806 γόνυ
1679 739 1796 791 κλι-

238 840 479 906 νομένων
503 879 517 901 ,
538 838 567 890 ὃ
604 839 697 889 καὶ
734 838 790 887 ἐν
822 838 941 897 ταῖς
970 836 1155 905 εὐχαῖς
1184 833 1342 887 τοῦτο
1384 834 1609 901 γίνεται.
1642 833 1795 887 Μετὰ

238 932 349 999 γὰρ
402 931 498 1001 τὴν
541 930 649 982 τῶν
681 932 839 983 θείων
870 928 1058 994 δώρων
1107 928 1426 988 εἰσόδευσιν,
1453 926 1685 995 ἑτοίμως
1736 925 1793 977 ai

239 1022 403 1091 θύραι
430 1021 836 1074 κεκλείσκονται
867 1036 881 1052 ·
918 1020 946 1071 6
974 1020 1031 1072 δὲ
1081 1019 1256 1088 lapsa);
1283 1016 1359 1086 τῷ
1398 1017 1660 1086 ἁνωτάτῳ
1696 1016 1795 1069 πέ-

236 1112 380 1180 πλῳ,
406 1112 434 1164 ὂ
460 1111 554 1164 καὶ
582 1112 720 1179 ἀέρα
743 1106 881 1163 οἵδεν
908 1111 936 1161 6
958 1109 1111 1177 λόγος
1151 1110 1332 1160 καλεῖν
1352 1145 1367 1169 ,
1399 1109 1466 1159 τὰ
1497 1106 1644 1177 δῶρα
1670 1108 1793 1158 ἑπι-

236 1201 536 1255 καλύπτει·
572 1204 629 1254 ὲν
657 1201 713 1254 δέ
745 1217 808 1269 γε
838 1202 901 1269 τῇ
934 1200 1033 1268 τῆς
1057 1198 1314 1267 ὑψώσεως
1341 1195 1479 1267 ὥρα,
1504 1196 1564 1249 οὐ
1591 1197 1688 1265 μέν
1713 1214 1792 1249 τοι

234 1294 386 1360 αῐρει
419 1292 479 1343 τὸ
514 1290 744 1355 πέπλον,
769 1290 884 1343 ἀλλ’
915 1290 1025 1343 ἀπὸ
1052 1288 1293 1342 κάτωθεν
1321 1287 1541 1349 τούτου,
1570 1288 1663 1340 τὸν
1695 1287 1793 1356 ἄρ·

234 1402 327 1437 τον
356 1383 524 1452 ὑψῶν,
562 1382 705 1448 λέγει
739 1399 753 1413 ·
787 1383 862 1435 Τὰ
902 1378 1346 1447 προηγιασμένα
1380 1376 1514 1446 ἅγια
1540 1393 1555 1409 ·
1583 1374 1680 1431 εἷθ’
1705 1376 1793 1429 οὑ-

230 1491 344 1535 τως
376 1475 402 1525 6
435 1475 539 1542 ἀὴρ
570 1473 807 1543 αἴρεται.
848 1472 951 1523 Ἐκ
980 1488 1037 1522 τε
1055 1470 1160 1522 τῶν
1187 1468 1444 1521 τοιούτων
1473 1468 1569 1521 καὶ
1594 1468 1792 1537 ἐτέρων

234 1564 646 1633 ὑποδειγμάτων
704 1562 934 1633 μυστικὴ
988 1560 1149 1613 θυσία
1178 1560 1288 1629 (10)
1320 1561 1785 1629 ἅνακηρύττεται,

234 1656 330 1708 καὶ
360 1656 484 1725 ἄρτι
522 1654 911 1724 τετελειωμένη
948 1651 1206 1713 ὡσαύτως
1238 1652 1330 1704 καὶ
1373 1650 1790 1722 προηγιασμένη

231 1749 445 1815 τελετὴ,
466 1748 529 1799 ἕκ
549 1763 608 1799 τε
642 1747 739 1813 τῆς
765 1745 1164 1814 ὲπιφοιτήσεως
1189 1742 1283 1795 τοῦ
1314 1741 1549 1811 σταυροῦ
1581 1742 1674 1795 καὶ
1698 1741 1790 1795 τοῦ

231 1842 390 1907 ἁγίου
417 1841 643 1909 αἵματος
670 1839 941 1907 ἡνωμένη.
965 1833 1095 1889 Εἶτα
1116 1834 1208 1887 καὶ
1231 1834 1338 1888 τῶν
1363 1832 1605 1902 ἀδελφῶν
1634 1850 1792 1904 προσ-

232 1932 581 1998 καλουμένων
621 1928 961 1997 μεταλαῦείν,
991 1924 1151 1979 Μετὰ
1200 1926 1388 1993 φόϐου
1422 1925 1569 1979 Θεοῦ
1617 1926 1790 1978 λέγων

234 2020 333 2072 καὶ
355 2022 611 2084 πίστεως
635 2019 731 2071 καὶ
760 2016 997 2087 ἀγάπης
1020 2033 1034 2049 ο
1056 2016 1221 2069 τύπον
1252 2017 1359 2086 ἄρα
1384 2017 1527 2070 θεῖον
1547 2020 1601 2069 ὲν
1621 2034 1791 2087 τούτῳ

232 2113 334 2180 τῆς
366 2110 513 2173 θείας
553 2110 647 2163 καὶ
674 2109 942 2172 ζωοποιού
973 2107 1201 2176 Τριάδος
1244 2108 1612 2161 ὑποδεικνύων
1643 2110 1671 2159 6
1706 2108 1793 2160 λό-

231 2220 328 2269 γος
354 2218 367 2230 ’
403 2203 563 2268 φοϐον
600 2202 773 2268 λέγων
799 2202 896 2269 τὴν
923 2198 1073 2252 θείαν
1102 2199 1196 2250 καὶ
1232 2199 1537 2267 ἀρχίψωτον
1560 2199 1652 2252 τοῦ
1682 2200 1790 2251 Πα-

231 2296 362 2364 τρος
416 2295 574 2357 δόξαν
599 2313 610 2324 ·
639 2293 842 2354 πίστιν,
879 2292 965 2341 τὸν
1015 2292 1277 2359 μονογενῆ
1325 2289 1417 2341 καὶ
1460 2290 1790 2359 συνάναρχον

233 2388 408 2453 Λόγον
428 2403 440 2416 ·
476 2387 692 2454 ἀγάπην
717 2384 794 2447 δὲ,
826 2382 885 2434 τὸ
916 2380 1118 2447 ἀγαθὸν
1139 2381 1235 2433 καὶ
1257 2381 1519 2447 πανάγιον
1545 2380 1787 2449 Πνεῦμα.

232 2478 382 2529 Μετὰ
416 2476 525 2546 γὰρ
550 2476 645 2546 τὴν
678 2474 782 2526 τῶν
818 2471 1061 2540 ἀδελφῶν
1094 2471 1415 2543 μετάληψιν,
1449 2471 1531 2535 τὸ,
1558 2470 1789 2536 Σῶσον,

235 2570 267 2618 ό
300 2568 465 2630 Θεὸς,
499 2564 778 2618 τὸνλαόν
807 2579 949 2625 σου,
982 2562 1197 2631 λέγεται
1227 2577 1240 2591 ·
1277 2563 1371 2614 καὶ
1414 2563 1790 2631 ὲπιχαρὰττων

229 2658 292 2708 τὸ
326 2656 467 2708 θεῖον
494 2658 715 2724 σημεῖον
748 2652 843 2705 τοῦ
870 2654 1051 2723 τιμίου
1090 2652 1349 2722 σταυροῦ,
1376 2652 1444 2704 τὰ
1485 2652 1605 2705 θεῖα
1639 2652 1790 2721 δῶρα

231 2742 480 2810 οὐδαμῶς
540 2743 630 2793 ἐπὶ
686 2742 750 2809 τῇ
808 2740 927 2811 θεία
958 2742 1201 2810 τραπέζῃ
1235 2740 1651 2809 ὑποτεθειμένα,
1677 2740 1790 2792 ἀλλ’

233 2833 467 2902 ἑτοίμως
522 2834 587 2901 τῇ
646 2831 900 2901 προθέσει
961 2832 1454 2902 πεπερατουμέναο
1502 2833 1599 2901 τῆς
1684 2832 1791 2901 γὰρ

235 2924 736 2992 ὑπογεγραμμένης
765 2924 949 2993 εὐχῆς,
968 2906 1117 2992 ’μετὰ
1149 2922 1249 2992 τὴν
1295 2923 1435 2976 ἰδίαν
1491 2922 1790 2993 μετάληψιν

232 3016 438 3084 ταύτην
478 3014 716 3066 ἐπιτελεῖ
745 3015 772 3066 ὁ
802 3014 899 3085 τὴν
948 3014 1260 3084 ἱερουργίαν
1306 3014 1493 3066 ποιῶν,
1526 3012 1681 3065 Οὕτω
1711 3029 1792 3066 σοι

235 3105 412 3171 κάγὼ,
452 3106 643 3158 τέκνον
666 3145 680 3168 ,
715 3106 1075 3175 ἐπιστάμενος
1132 3105 1445 3176 προσφέρω,
1476 3104 1659 3167 καθώς
1690 3120 1794 3173 περ

1876 652 2017 701 ‘rum
2078 645 2578 706 introductionem.
2636 647 2817 699 statim
2865 645 3046 714 januaa
3114 645 3456 701 clauduntur.

1894 737 2031 791 Tum
2094 738 2347 793 sacerdos
2394 739 2675 806 superiore
2727 752 2822 792 seu
2863 739 3069 792 extimo
3128 739 3265 804 velo,
3315 741 3457 803 quod

1892 831 2053 885 etiam
2090 846 2269 885 aerem
2310 830 2489 884 dicere
2537 830 2797 894 solemus,
2838 829 2980 883 dona
3037 831 3304 899 cooperit.
3333 828 3457 883 Ele-

1894 920 2127 975 vationis
2168 930 2347 975 autem
2404 932 2665 987 tempore.
2722 920 2863 973 haud
2898 919 3075 975 aufert
3120 922 3319 985 velum,
3358 920 3454 975 sed

1894 1011 1963 1063 ab
1995 1010 2176 1064 inﬁma
2218 1010 2377 1079 hujus
2407 1020 2583 1079 parte,
2618 1026 2811 1080 panem
2850 1012 3068 1066 elevans
3110 1012 3242 1066 dicit
3273 1031 3286 1066 :
3323 1028 3459 1081 prie-

1892 1104 2219 1171 sanctiﬁcata
2248 1115 2451 1158 sancta.
2495 1105 2694 1159 Deinde
2724 1119 2819 1158 aer
2863 1104 3127 1159 aufertur.
3159 1106 3335 1175 Atque
3374 1106 3460 1159 his

1893 1196 2120 1264 aliisque
2154 1195 2369 1251 indiciis
2426 1199 2646 1267 mystica
2697 1197 2999 1251 immolatio
3061 1198 3455 1267 proclainatnr,

1894 1294 2005 1339 tmn
2036 1285 2126 1339 illa
2156 1301 2324 1354 nuper
2358 1285 2571 1351 eli‘ecta,
2625 1297 2737 1341 tum
2776 1296 2837 1342 et»
2863 1288 2953 1341 illa
2984 1289 3461 1357 prmsaucliticata,

1891 1378 2071 1429 crucis
2102 1392 2318 1446 quoque
2358 1378 2671 1433 accessione
2709 1389 2763 1433 et
2802 1389 2993 1433 saneto
3029 1382 3301 1450 sanguine
3326 1396 3461 1436 con-

1886 1474 2093 1543 juncta.
2134 1465 2332 1521 Deinde
2361 1467 2618 1523 fratribus
2662 1470 2726 1523 ad
2769 1472 3284 1526 communicandum
3316 1473 3459 1527 invi-

1892 1559 2036 1620 tatis,
2064 1574 2180 1610 cum
2224 1560 2407 1612 timore
2445 1559 2558 1622 Dei,
2590 1560 2784 1629 inquit,
2830 1572 2879 1613 et
2918 1561 3044 1629 ﬁde,
3068 1572 3118 1616 et
3151 1562 3408 1617 charitate
3440 1578 3461 1617 :

1892 1652 2093 1719 quibus
2152 1652 2329 1706 verbis
2395 1651 2632 1706 divinam
2689 1669 2754 1708 ac
2808 1653 3074 1708 vivillcam
3138 1653 3459 1709 Trinitatem

1892 1742 2434 1799 denotat:timorem
2493 1744 2770 1813 appellans
2829 1744 3069 1798 divinam
3128 1745 3461 1814 luminisque

1895 1831 2095 1885 fontem
2126 1831 2302 1887 Patris
2335 1833 2561 1902 gloriam
2594 1850 2606 1885 :
2640 1835 2819 1896 fidem,
2851 1834 3189 1905 unigenitum
3231 1844 3285 1891 et
3319 1850 3461 1890 eoa:-

1896 1934 2107 1978 teruum
2151 1924 2382 1979 Verbum
2427 1926 2787 1980 :charitatem
2858 1927 3113 1997 denique,
3176 1927 3375 1981 bonum
3408 1937 3463 1981 et

1891 2017 2295 2070 sanctissimum
2327 2015 2608 2085 Spiritum.
2648 2016 2765 2070 Jam
2800 2027 2921 2086 post
2944 2017 3172 2072 fratrum
3214 2033 3461 2073 commu-

1892 2108 2145 2172 nionem,
2202 2107 2382 2169 Salva,
2412 2108 2651 2174 Domine,
2681 2109 2931 2178 populum
2987 2121 3166 2172 tuum,
3195 2110 3395 2165 dicitur
3443 2128 3457 2163 :

1891 2198 2141 2267 factoque
2164 2200 2323 2253 simul
2355 2209 2544 2254 sancto
2583 2204 2907 2256 veneranda:
2929 2205 3108 2257 crucis
3148 2204 3303 2272 signo
3327 2243 3342 2267 ,
3372 2202 3459 2256 di-

1894 2290 2030 2343 vinis
2084 2291 2225 2344 haud
2298 2289 2406 2358 jam
2462 2290 2516 2344 in
2593 2307 2748 2345 saera
2817 2308 3002 2347 mensa
3040 2293 3310 2362 repositis,
3362 2293 3460 2347 sed

1891 2378 2035 2432 illico
2143 2377 2199 2431 in
2262 2378 2500 2446 prothesi
2563 2392 2927 2449 consumptis,
2993 2381 3284 2435 absolvitur
3351 2393 3475 2437 tota

1891 2470 2232 2535 subsequens
2270 2469 2447 2523 oratio
2478 2479 2601 2537 post
2631 2471 3067 2524 communionem
3102 2488 3277 2533 stnun,
3302 2473 3369 2523 ab
3394 2487 3461 2524 eo

1889 2559 1981 2627 qui
2022 2559 2320 2612 sacerdotis
2377 2574 2599 2613 munere
2634 2559 2895 2629 fungitur.
2926 2560 3049 2615 llaec
3094 2561 3332 2627 egotibi,
3359 2560 3457 2623 illi,

1892 2651 2130 2705 scienter
2155 2664 2433 2719 pmpono,
2484 2652 2939 2719 quemadmodum
2992 2668 3204 2707 sumine
3256 2652 3459 2721 peritos

1894 2744 2143 2798 homines
2169 2744 2278 2797 vidi
2316 2743 2596 2798 facientes.
2636 2742 2821 2812 Neque
2845 2745 2899 2798 in
2948 2744 3051 2800 hoc
3088 2746 3259 2800 solum
3290 2760 3460 2799 sacri-

1893 2836 1999 2889 ticii
2025 2851 2237 2904 genere,
2270 2852 2453 2890 verum
2475 2838 2637 2891 etiam
2666 2839 2718 2890 in
2746 2837 2868 2891 aliis
2914 2837 3133 2906 perinde
3154 2837 3230 2890 fit.
3263 2835 3462 2891 Deinde

1892 2927 2204 2982 communio
2238 2929 2627 2996 proclamatur,
2664 2931 3010 2983 etdunorum
3059 2930 3123 2983 ad
3166 2930 3461 2997 prothesint

1894 3019 2177 3074 translatio
2206 3060 2219 3084 ,
2270 3028 2325 3074 et
2375 3020 2764 3073 venerabilium
2798 3021 3090 3089 jannarum
3153 3020 3453 3074 clausura:

1892 3117 2115 3176 excepta
2170 3112 2325 3176 panis
2363 3108 2697 3171 elevatione,
2731 3108 2823 3177 qui
2871 3108 3044 3177 palam
3089 3110 3345 3162 eleVatur.
3391 3107 3456 3161 Et

235 3195 330 3252 οὖν
362 3202 470 3268 ἄρα
498 3199 594 3251 καὶ
620 3200 745 3263 τοὺς
776 3200 854 3260 εἰς
900 3201 1065 3268 ἄκρον
1090 3200 1486 3269 ἐπισταμένους
1526 3198 1745 3269 ἑώρακα
1776 3212 1792 3227 '
1822 3219 1864 3274 ο

1822 3219 1864 3274 C
1899 3202 2133 3271 perfecta
2182 3201 2382 3254 oblatio
2440 3201 2594 3253 initio
2642 3200 2739 3266 ﬁt;
2771 3208 2825 3254 et
2871 3199 3208 3254 Benedictum
3248 3217 3461 3271 regnum

235 3292 295 3343 οὑ
328 3290 434 3361 μὴν
470 3290 721 3351 ἐνταῦθα,
756 3289 890 3343 ἀλλὰ
917 3288 1011 3341 καὶ
1059 3289 1117 3341 ἐν
1155 3292 1275 3352 ταῖς
1319 3290 1531 3360 ἑτέραις
1586 3290 1798 3359 ἱερουρ-

236 3382 404 3449 γίαις,
443 3381 613 3446 οὕτως
644 3384 871 3450 γίνεται.
908 3378 1038 3434 Εἶτα
1074 3383 1106 3451 ὴ
1147 3382 1455 3450 ὲκνρώνησις
1492 3381 1589 3449 τῆς
1640 3396 1801 3449 μετα-

1906 3300 2053 3341 tuunt
2100 3298 2353 3343 cantatur
2395 3291 2501 3343 Deo
2528 3299 2713 3344 nostro
2741 3305 2755 3355 ;
2803 3290 2891 3344 cui
2925 3290 3094 3345 honor
3121 3306 3216 3359 per
3246 3290 3464 3347 secula.

1902 3381 2070 3433 Amen
2104 3379 2150 3449 (ι
2168 3381 2235 3450 ι).

238 3470 493 3543 λήψεως·
531 3475 683 3541 καὶὴ
736 3471 1162 3534 ἀποκαθίστασις
1213 3471 1322 3523 τῶν
1378 3471 1565 3540 δώρων
1630 3470 1687 3522 ὲν
1739 3470 1806 3539 τῇ
1881 3469 2155 3540 προθέσει,
2189 3471 2282 3523 καὶ
2318 3470 2375 3523 αἱ
2425 3469 2660 3526 κλείσεις
2698 3469 2807 3522 τῶν
2842 3467 2998 3523 θείων
3060 3471 3467 3547 πυλῶνυοὲκτδς

245 3564 341 3634 μέν
374 3581 457 3617 τοι
479 3564 575 3633 τῆς
607 3562 865 3633 ὑψώσεως
891 3560 984 3614 τοῦ
1029 3561 1219 3631 ἄρτου,
1243 3562 1323 3613 ὃτι
1348 3559 1884 3628 ἀνακεκαλυμμένως
1956 3559 2208 3630 ὑψοῦται,
2276 3560 2372 3613 καὶ
2441 3562 2475 3631 ἡ
2522 3560 2705 3613 τελεία
2757 3560 3097 3632 προσκομιδὴ
3126 3564 3183 3615 ὲν
3214 3566 3282 3633 τῇ
3311 3566 3466 3635 ἀρχῇ

242 3661 452 3727 γίνεται
477 3660 615 3752 ’.καὶ
639 3659 700 3712 τὸ
719 3657 1109 3728 Εὐλογημένη
1132 3658 1169 3725 ή
1187 3658 1494 3722 βασιλεία,
1551 3654 1985 3725 ἀνακηρύττεται
2044 3656 2122 3726 τῷ
2193 3657 2312 3727 Θεῴ
2352 3657 2509 3728 ἡμῶν

254 3756 447 3826 ’Δμήν.

2617 3650 2662 3725 ᾧ
2712 3658 2746 3726 ἠ
2791 3656 2921 3722 δόξα
2967 3658 3048 3722 είς
3077 3660 3203 3725 τοὺς
3240 3662 3464 3728 αἰῶνας.

1736 3952 1964 4011 NOTAE.

317 4113 428 4183 (ιο)
453 4109 592 4167 Cod.
632 4109 817 4183 οὐσία.Δ
840 4106 1108 4183 Quoniam
1150 4121 1279 4183 vero
1305 4106 1487 4183 codex_
1508 4104 1689 4160 Ottob.
1719 4122 1804 4159 re-

248 4177 601 4237 cente'mauu
631 4180 877 4249 imperite
907 4179 1146 4247 scriptus
1180 4177 1301 4239 fuit,
1334 4177 1542 4249 menda
1578 4192 1799 4245 quoque

248 4254 349 4307 alia
383 4254 533 4320 plura
569 4246 754 4304 tollere
799 4250 983 4312 debui,
1027 4246 1110 4302 ne
1169 4247 1412 4317 syntaxis
1465 4246 1546 4301 vel
1606 4261 1800 4301 sensus

247 4322 630 4377 claudicarent.

319 4392 429 4459 (li)
460 4391 723 4455 Quoniam
760 4388 812 4441 in
862 4387 1079 4459 (iratae
1112 4385 1290 4440 missae
1329 4396 1649 4459 argumento
1679 4401 1801 4459 ver-

250 4456 349 4515 sati
381 4456 587 4521 snmus,
620 4462 792 4527 placet
819 4460 904 4510 hic
938 4457 1169 4510 breviter
1218 4472 1439 4509 narrare
1478 4457 1543 4527 de
1574 4456 1799 4523 picturis

1904 4106 2153 4161 monachi
2185 4107 2371 4177 grandi
2404 4108 2680 4163 schemate
2714 4108 2882 4163 induti
2901 4110 3023 4163 cu'm
3041 4110 3273 4165 cucullis
3294 4124 3461 4166 cruce

1901 4179 2166 4243 signatis:
2198 4188 2250 4231 et
2288 4180 2503 4246 quidem
2540 4180 2814 4239 monachi,
2872 4181 3067 4234 decore
3095 4189 3145 4233 et
3199 4182 3461 4247 gravitate

1900 4248 2198 4315 conspicui,
2225 4253 2274 4300 in
2307 4249 2390 4301 his
2420 4248 2663 4316 picturis.
2696 4250 2934 4317 ipsorum
2963 4249 3115 4317 jussu
3144 4259 3238 4303 aut
3270 4265 3457 4318 opera,

1900 4324 1959 4369 ut
1992 4328 2138 4385 Puto,
2174 4320 2485 4379 elaboratis,
2529 4335 2803 4384 nunquam
2839 4324 3047 4373 tit'Sttnt.
3088 4318 3152 4372 ll.
3190 4320 3459 4375 Diaronus

1899 4401 2021 4439 eum
2053 4396 2272 4441 tonsura
2307 4388 2566 4450 clericali,
2622 4390 2882 4443 seichario
2933 4388 3172 4448 indutus.
3213 4391 3456 4442 orarium

1903 4460 2215 4527 seu_stolam
2250 4458 2421 4510 tribus
2456 4459 2637 4527 digitis
2669 4468 2856 4510 tenens
2884 4458 2971 4526 (de
3000 4474 3103 4526 qua
3138 4475 3194 4512 re
3223 4460 3457 4512 Goarius

250 4504 913 4599 317.;.:.;1";.‘;.i;..2'i.:;amg,
938 4504 1030 4579 si
1048 4504 1621 4599 έῖἱὲιρξρὖιέὲιξοῦῑεῐέέ
1637 4504 1796 4599 ags:
1831 4504 1872 4555 υ
1902 4504 2284 4599 granaria;
2302 4504 2972 4599 ’.1135}?scissati;
2989 4504 3117 4599 ﬁlii.
3126 4504 3149 4579 ς;
3160 4504 3207 4580 .1.
3218 4504 3261 4589 ,ν
3276 4504 3457 4596 ego:

252 4594 400 4653 sione
426 4600 721 4667 rulgaudis,
757 4605 1163 4649 sacrosanctum
1207 4596 1345 4667 hunc
1388 4595 1550 4667 ritum
1601 4594 1800 4664 (missa:

252 4681 429 4723 tamen
457 4665 780 4725 eoinmunis.
806 4680 911 4718 non
950 4665 1566 4733 prmsanctilieatorum),
1600 4679 1799 4730 repue-

253 4741 593 4793 sontantihns
624 4755 638 4802 ;
670 4737 867 4805 quibus
900 4732 999 4802 ego
1035 4735 1167 4786 nihil
1198 4733 1308 4787 fere
1333 4732 1436 4785 vidi
1474 4734 1797 4805 elegantius,

252 4817 343 4862 aut
378 4807 648 4860 lloridiore
677 4802 918 4859 colorum
941 4806 1109 4873 gratia
1137 4804 1453 4871 jucundius,
1484 4803 1622 4873 inter
1649 4802 1800 4873 (ira:-

252 4896 329 4931 rze
388 4878 613 4945 Ilturgiae
660 4870 1029 4929 monumenta.
1066 4870 1251 4945 igitur
1309 4874 1514 4945 pictura
1570 4871 1612 4923 1.
1666 4870 1797 4924 Pars

251 4948 421 5001 (ἰτευοί
479 4944 658 5012 templi
691 4945 861 4997 sacris
918 4944 1161 4997 iconibus
1200 4944 1467 5005 emrnati,
1497 4950 1621 4994 ante
1663 4957 1799 5009 quas

254 5016 527 5085 lampades
577 5011 829 5083 pendent.
870 5011 926 5085 In
970 5013 1144 5085 medio
1180 5013 1428 5085 thronus,
1466 5013 1516 5062 iu
1558 5025 1665 5085 quo
1718 5026 1801 5085 _re-

252 5082 389 5138 sidet
417 5082 638 5138 sanctus
687 5082 979 5151 Gregorius
1005 5082 1283 5150 theologus
1315 5083 1690 5148 episcopaliter
1719 5082 1800 5133 in-

253 5158 437 5221 dotus,
474 5153 525 5207 id
549 5168 625 5207 est
646 5153 895 5221 phelonio
910 5152 1161 5204 crucibus
1190 5151 1547 5221 interstincto.
1575 5160 1799 5221 etomo-

255 5218 443 5291 phorio
491 5240 584 5277 seu
627 5218 809 5291 pallio,
852 5221 1047 5273 librum
1086 5228 1428 5291 tenensaet-
1475 5219 1799 5291 benedicens

255 5288 289 5347 tt
307 5298 442 5346 ibus.
470 5288 656 5347 Grasco
689 5306 855 5354 more,
880 5292 1033 5345 elatis
1064 5290 1267 5359 digitis,
1288 5290 1337 5341 id
1365 5297 1447 5341 est
1470 5288 1667 5359 ψηφῖδι
1694 5289 1799 5340 τῶν

252 5364 549 5425 δακτύλων,
575 5372 637 5415 ut‘
664 5362 901 5430 loquitur
933 5358 1151 5413 sanctus
1193 5358 1527 5430 Sophronias
1552 5375 1603 5426 p.
1623 5358 1711 5430 47,
1742 5360 1796 5430 in

251 5434 464 5499 egregio
500 5448 599 5485 suo
624 5428 1024 5499 Commentario
1048 5430 1292 5497 liturgico
1328 5443 1365 5499 a7
1392 5428 1720 5499 nobis_edito
1746 5429 1797 5479 in

254 5496 441 5569 Spicil.
478 5501 628 5555 Rom.
660 5513 806 5554 tumo
831 5497 917 5553 IV.
952 5498 1117 5551 Datus
1139 5496 1317 5569 autem
1359 5498 1508 5569 locus
1542 5496 1799 5569 Gregorio

253 5567 303 5624 in
338 5574 436 5623 hac
470 5574 641 5640 prima
698 5572 901 5637 pictura
946 5570 1065 5640 funt,
1112 5568 1238 5633 quia
1277 5568 1326 5620 is
1356 5567 1597 5640 unins_e
1628 5567 1799 5640 sacris

254 5634 482 5709 litui-giis
513 5634 820 5699 auctor-est,
850 5655 1009 5709 quam
1041 5639 1301 5709 habemus
1337 5637 1476 5703 apud
1513 5634 1799 5689 Renaudo-

252 5716 379 5764 tium
412 5719 449 5763 t.
483 5713 523 5762 l.
551 5709 637 5779 (Et
664 5710 877 5779 quidem
908 5708 1025 5779 ibi
1060 5710 1110 5779 in
1159 5708 1376 5779 Dissert.
1416 5723 1466 5773 p.
1488 5720 1641 5779 sevir
1680 5722 1801 5779 pro-

253 5781 418 5849 fertur
451 5775 569 5849 ejus
592 5775 776 5849 titulus
802 5798 815 5830 ;
861 5776 923 5828 Ἢ
947 5777 1063 5849 θεία
1080 5776 1393 5849 λειτουργία
1421 5775 1514 5849 τοῦ
1534 5778 1589 5828 ἐν
1620 5776 1794 5843 ἁγίοις

254 5848 456 5917 [ἰατρὸς
481 5843 495 5849 ⁷
523 5849 676 5916 ημῶν
738 5846 1032 5918 Γρηγορίου
1070 5846 1370 5912 θεολόγον.)
1432 5843 1794 5899 Circumstant

1901 4595 2080 4667 θυρον,
2105 4612 2303 4649 canens
2336 4614 2349 4647 :
2383 4597 2471 4649 Ἐν
2500 4596 2691 4667 εἰρήνῃ
2721 4596 2836 4664 Θεῷ
2856 4596 3153 4667 δεηθῶμεν.
3176 4595 3458 4651 Cancellos

1900 4665 2129 4717 bematis
2168 4674 2363 4718 ornant
2394 4665 2725 4732 perreuustie
2783 4666 3041 4733 imagines
3075 4665 3223 4729 ιιι-δη,
3254 4667 3453 4722 Mari:e.

1899 4745 1952 4787 et
1978 4734 2332 4805 Priecursoris
2362 4736 2449 4805 (de
2476 4737 2633 4801 cujus
2663 4737 2893 4804 imagine
2939 4737 2990 4788 in
3036 4739 3211 4789 missa:
3244 4736 3456 4805 ἐνὰρξει

1900 4802 2142 4871 praeferri
2168 4806 2326 4858 solita
2353 4804 2690 4873 Sophronius
2724 4802 2874 4872 p.39
2900 4809 2936 4867 ),
2970 4808 3095 4857 item
3130 4806 3327 4857 Christi
3348 4802 3456 4859 'se-

1902 4875 2212 4941 pultura,ct
2233 4890 2366 4927 crux
2397 4875 2641 4943 insignis.
2701 4873 2841 4927 lnl'ra
2889 4874 3113 4927 Michael
3167 4874 3457 4942 areliaugeo

1902 4944 1986 4995 lus
2028 4944 2285 4996 loricatus
2343 4957 2396 4997 et
2447 4945 2838 5013 chlamydatus,
2878 4960 3083 4996 tun-non
3140 4943 3456 4997 monasterii

1901 5013 2068 5065 abbas
2116 5016 2299 5065 senior
2358 5015 2411 5065 in
2460 5015 2586 5067 sella
2636 5030 2759 5067 rlttlt
2798 5026 2958 5067 cruce
3005 5015 3071 5067 de
3118 5014 3258 5066 collo
3320 5029 3453 5081 pen-

1900 5083 2077 5135 dente.
2121 5081 2208 5138 lli.
2246 5082 2453 5136 Rursus
2488 5084 2693 5137 nobiles
2720 5084 2939 5150 picturae
2969 5086 3020 5136 in
3059 5083 3283 5135 hematis
3322 5097 3459 5148 καγ-

1900 5151 2126 5212 κὲλλοις.
2156 5152 2294 5204 infra
2328 5152 2580 5205 sacerdos
2598 5169 2718 5205 cum
2750 5153 3002 5221 phelonio
3035 5152 3198 5204 rubro
3234 5151 3321 5217 (de
3350 5165 3459 5219 quo

1903 5222 2172 5290 ijuphrou.
2216 5240 2263 5289 p.
2297 5222 2400 5284 56)
2439 5224 2501 5275 ad
2552 5223 2771 5276 missam
2827 5224 3120 5290 procedens
3166 5237 3288 5272 cum
3323 5221 3459 5273 libro

1903 5289 2199 5358 Evangelii,
2236 5292 2617 5344 comitantibus
2646 5289 2876 5344 diacono
2898 5303 2951 5343 et
2976 5293 3309 5345 subdiacono
3333 5305 3457 5342 runt

1900 5361 2109 5422 cereis;
2146 5377 2369 5426 prorsus
2399 5370 2456 5413 ut
2479 5366 2553 5413 ait
2583 5360 2919 5428 Sophronias
2955 5376 3005 5429 p.
3030 5362 3099 5413 Η
3128 5378 3141 5414 :
3189 5360 3245 5410 'U
3282 5360 3459 5427 ἱερεὺς

1900 5430 2175 5497 ἐξέρχεται
2229 5431 2507 5497 βαστάζων
2548 5430 2608 5482 τὸ
2643 5432 2979 5497 εὐαγγέλιον,
3014 5430 3086 5491 ὡς
3127 5432 3155 5483 ὁ
3226 5429 3459 5496 Χριστὸς

1900 5500 1993 5569 τὸν
2015 5500 2261 5567 σταυρόν,
2293 5501 2373 5551 Ti
2404 5499 2568 5569 κηρία
2608 5500 2929 5567 ὀψικεύοντα
2961 5503 3018 5552 ἐν
3046 5503 3109 5569 τῇ
3137 5500 3323 5567 εἰσόδῳ
3350 5498 3459 5552 δει-

1902 5568 2123 5620 κνύουσι
2151 5571 2209 5620 τὸ
2230 5571 2370 5621 θεῖον
2401 5568 2532 5635 φῶς.
2552 5570 2615 5622 Et
2646 5572 2857 5637 quidem
2889 5582 3000 5622 tum
3037 5572 3088 5622 in
3127 5571 3226 5621 hac
3263 5582 3371 5621 tum
3406 5584 3460 5621 ιιι

1900 5649 2047 5691 sexta
2068 5639 2273 5705 pictura
2294 5648 2532 5706 gestator
2549 5643 2799 5693 suem-dos
2814 5645 2880 5691 ab
2896 5641 3121 5708 angelis,
3140 5642 3265 5691 dntn
3289 5640 3464 5689 berna-

1903 5709 1967 5787 tis
2001 5709 2223 5787 januatu
2251 5709 2545 5787 ingreditur
2586 5709 2670 5787 v_e_l
2730 5710 2852 5787 inde
2888 5711 3179 5787 egi-edituri.
3219 5708 3462 5787 Namque

1903 5778 2040 5829 idem
2061 5776 2398 5849 Sophronius
2427 5779 2501 5831 ait
2536 5779 2700 5846 p.65:
2733 5778 2791 5830 'U
2813 5776 2988 5847 ἱερεὺς
3014 5781 3071 5831 ἐν
3096 5776 3465 5849 τῴρυνθρρνῳ

1902 5844 2299 5915 βασταζόμενος
2326 5849 2429 5902 ὑπὸ
2461 5844 2720 5903 διακόνων
2756 5849 2830 5911 ὡς
2865 5844 3236 5916 ἆγγέλων.Ἐι
3257 5844 3417 5918 ιιέῧὶ
3439 5844 3461 5901 ⁷ς
