  <div class='ocr_page' id='page_1' title='image "/cluster/home/n/w/nwhite01/storage/ocr_20150623/99/uva.x002264937/886.png"; bbox 0 0 4184 6482; ppageno 0'>
   <div class='ocr_carea' id='block_1_1' title="bbox 307 396 444 458">
    <p class='ocr_par' dir='ltr' id='par_1_1' title="bbox 307 396 444 458">
     <span class='ocr_line' id='line_1_1' title="bbox 307 396 444 458; baseline -0.015 0"><span class='ocrx_word' id='word_1_1' title='bbox 307 396 444 458; x_wconf 75' lang='lat'><strong>1693</strong></span> 
     </span>
    </p>
   </div>
   <div class='ocr_carea' id='block_1_2' title="bbox 1470 417 2345 488">
    <p class='ocr_par' dir='ltr' id='par_1_2' title="bbox 1470 417 2345 488">
     <span class='ocr_line' id='line_1_2' title="bbox 1470 417 2345 488; baseline 0.011 -11"><span class='ocrx_word' id='word_1_2' title='bbox 1470 417 1924 482; x_wconf 83' lang='lat' dir='ltr'><strong>CATECHESIS</strong></span> <span class='ocrx_word' id='word_1_3' title='bbox 1948 422 2345 488; x_wconf 78' lang='lat' dir='ltr'><strong>CHRONICA.</strong></span> 
     </span>
    </p>
   </div>
   <div class='ocr_carea' id='block_1_3' title="bbox 3376 434 3509 499">
    <p class='ocr_par' dir='ltr' id='par_1_3' title="bbox 3376 434 3509 499">
     <span class='ocr_line' id='line_1_3' title="bbox 3376 434 3509 499; baseline 0.015 -1"><span class='ocrx_word' id='word_1_4' title='bbox 3376 434 3509 499; x_wconf 72' lang='grc'><strong>1694</strong></span> 
     </span>
    </p>
   </div>
   <div class='ocr_carea' id='block_1_4' title="bbox 304 524 3476 593">
    <p class='ocr_par' dir='ltr' id='par_1_4' title="bbox 304 524 3476 593">
     <span class='ocr_line' id='line_1_4' title="bbox 304 524 3476 593; baseline 0.002 -36"><span class='ocrx_word' id='word_1_5' title='bbox 304 524 3476 593; x_wconf 46' lang='lat' dir='ltr'><strong>m</strong></span> 
     </span>
    </p>
   </div>
   <div class='ocr_carea' id='block_1_5' title="bbox 1374 690 2461 759">
    <p class='ocr_par' dir='ltr' id='par_1_5' title="bbox 1374 690 2461 759">
     <span class='ocr_line' id='line_1_5' title="bbox 1374 690 2461 759; baseline 0.011 -14"><span class='ocrx_word' id='word_1_6' title='bbox 1374 690 1508 746; x_wconf 84' lang='grc' dir='ltr'><strong>ΤΟΥ</strong></span> <span class='ocrx_word' id='word_1_7' title='bbox 1534 696 1636 749; x_wconf 80' lang='grc' dir='ltr'><strong><em>ΕΝ</em></strong></span> <span class='ocrx_word' id='word_1_8' title='bbox 1655 696 1917 753; x_wconf 68' lang='grc' dir='ltr'>ΑΓιοιΣ</span> <span class='ocrx_word' id='word_1_9' title='bbox 1942 702 2039 755; x_wconf 83' lang='lat' dir='ltr'><strong>HA</strong></span> <span class='ocrx_word' id='word_1_10' title='bbox 2052 702 2225 756; x_wconf 86' lang='grc' dir='ltr'><strong>ΤΡΟΣ</strong></span> <span class='ocrx_word' id='word_1_11' title='bbox 2249 704 2461 759; x_wconf 80' lang='grc' dir='ltr'><strong>ΗΜΩΝ</strong></span> 
     </span>
    </p>
   </div>
   <div class='ocr_carea' id='block_1_6' title="bbox 879 855 2925 990">
    <p class='ocr_par' dir='ltr' id='par_1_6' title="bbox 879 855 2925 990">
     <span class='ocr_line' id='line_1_6' title="bbox 879 855 2925 990; baseline 0.007 -14"><span class='ocrx_word' id='word_1_12' title='bbox 879 861 1672 979; x_wconf 85' lang='grc' dir='ltr'><strong>ΘΕΟΔΩΡΟΥ</strong></span> <span class='ocrx_word' id='word_1_13' title='bbox 1751 866 2047 983; x_wconf 90' lang='grc' dir='ltr'><strong>ΤΟΥ</strong></span> <span class='ocrx_word' id='word_1_14' title='bbox 2102 855 2925 990; x_wconf 87' lang='grc' dir='ltr'><strong>ΣΤΟΥΔΙΤΟΥ</strong></span> 
     </span>
    </p>
   </div>
   <div class='ocr_carea' id='block_1_7' title="bbox 508 1088 3292 1187">
    <p class='ocr_par' dir='ltr' id='par_1_7' title="bbox 508 1088 3292 1187">
     <span class='ocr_line' id='line_1_7' title="bbox 508 1088 3292 1187; baseline 0.002 -9"><span class='ocrx_word' id='word_1_15' title='bbox 508 1088 1163 1179; x_wconf 86' lang='grc' dir='ltr'><strong>ΔΙΔΑΣΚΑΛΙΑ</strong></span> <span class='ocrx_word' id='word_1_16' title='bbox 1224 1088 1721 1176; x_wconf 87' lang='lat' dir='ltr'><strong>XPONIKH</strong></span> <span class='ocrx_word' id='word_1_17' title='bbox 1757 1091 1972 1176; x_wconf 91' lang='grc' dir='ltr'><strong>ΤΗΣ</strong></span> <span class='ocrx_word' id='word_1_18' title='bbox 2007 1095 2389 1180; x_wconf 88' lang='grc' dir='ltr'><strong>ΜΟΝΗΣ</strong></span> <span class='ocrx_word' id='word_1_19' title='bbox 2436 1099 2661 1183; x_wconf 90' lang='grc' dir='ltr'><strong>ΤΟΥ</strong></span> <span class='ocrx_word' id='word_1_20' title='bbox 2713 1098 3292 1187; x_wconf 88' lang='grc' dir='ltr'><strong>ΣΤΟΥΔΙΟΥ.</strong></span> 
     </span>
    </p>
   </div>
   <div class='ocr_carea' id='block_1_8' title="bbox 539 1273 3239 1360">
    <p class='ocr_par' dir='ltr' id='par_1_8' title="bbox 539 1273 3239 1360">
     <span class='ocr_line' id='line_1_8' title="bbox 539 1273 3239 1360; baseline 0.003 -29"><span class='ocrx_word' id='word_1_21' title='bbox 539 1278 757 1347; x_wconf 77' lang='grc' dir='ltr'><strong>(ΙΙολλαὶ</strong></span> <span class='ocrx_word' id='word_1_22' title='bbox 780 1278 888 1349; x_wconf 84' lang='grc' dir='ltr'>γὰρ</span> <span class='ocrx_word' id='word_1_23' title='bbox 919 1278 1252 1350; x_wconf 82' lang='grc' dir='ltr'>κατηχήσεις</span> <span class='ocrx_word' id='word_1_24' title='bbox 1283 1275 1390 1329; x_wconf 73' lang='lat' dir='ltr'><strong>elei.</strong></span> <span class='ocrx_word' id='word_1_25' title='bbox 1417 1273 1510 1328; x_wconf 87' lang='grc' dir='ltr'><strong>τοῦ</strong></span> <span class='ocrx_word' id='word_1_26' title='bbox 1537 1273 1835 1342; x_wconf 84' lang='grc' dir='ltr'>Στουδίτου,</span> <span class='ocrx_word' id='word_1_27' title='bbox 1868 1276 1980 1330; x_wconf 81' lang='grc' dir='ltr'>ἀλλ’</span> <span class='ocrx_word' id='word_1_28' title='bbox 2016 1276 2151 1350; x_wconf 85' lang='grc' dir='ltr'>αῦτη</span> <span class='ocrx_word' id='word_1_29' title='bbox 2182 1278 2397 1349; x_wconf 79' lang='grc' dir='ltr'>λέγεται</span> <span class='ocrx_word' id='word_1_30' title='bbox 2429 1283 2777 1355; x_wconf 82' lang='grc' dir='ltr'>Κατήχησις</span> <span class='ocrx_word' id='word_1_31' title='bbox 2804 1286 3053 1356; x_wconf 75' lang='grc' dir='ltr'>χρονική</span> <span class='ocrx_word' id='word_1_32' title='bbox 3078 1287 3239 1360; x_wconf 76' lang='grc'><strong>[12].)</strong></span> 
     </span>
    </p>
   </div>
   <div class='ocr_carea' id='block_1_9' title="bbox 814 1525 2977 1643">
    <p class='ocr_par' dir='ltr' id='par_1_9' title="bbox 814 1525 2977 1643">
     <span class='ocr_line' id='line_1_9' title="bbox 814 1525 2977 1643; baseline 0.003 -7"><span class='ocrx_word' id='word_1_33' title='bbox 814 1525 934 1637; x_wconf 82' lang='grc'><strong>8.</strong></span> <span class='ocrx_word' id='word_1_34' title='bbox 1020 1529 1146 1638; x_wconf 90' lang='grc' dir='ltr'><strong>Ρ.</strong></span> <span class='ocrx_word' id='word_1_35' title='bbox 1236 1526 1382 1635; x_wconf 92' lang='grc' dir='ltr'><strong>Ν.</strong></span> <span class='ocrx_word' id='word_1_36' title='bbox 1476 1525 2208 1641; x_wconf 83' lang='lat' dir='ltr'><strong>THEODORI</strong></span> <span class='ocrx_word' id='word_1_37' title='bbox 2311 1527 2977 1643; x_wconf 61' lang='lat' dir='ltr'><strong>STUDITfE</strong></span> 
     </span>
    </p>
   </div>
   <div class='ocr_carea' id='block_1_10' title="bbox 590 1722 3194 1820">
    <p class='ocr_par' dir='ltr' id='par_1_10' title="bbox 590 1722 3194 1820">
     <span class='ocr_line' id='line_1_10' title="bbox 590 1722 3194 1820; baseline 0.002 -9"><span class='ocrx_word' id='word_1_38' title='bbox 590 1722 1188 1815; x_wconf 79' lang='lat' dir='ltr'><strong>DOCTBINA</strong></span> <span class='ocrx_word' id='word_1_39' title='bbox 1258 1725 1863 1817; x_wconf 81' lang='lat' dir='ltr'><strong>CHBONICA</strong></span> <span class='ocrx_word' id='word_1_40' title='bbox 1936 1727 2672 1820; x_wconf 79' lang='lat' dir='ltr'><strong>MONASTERII</strong></span> <span class='ocrx_word' id='word_1_41' title='bbox 2748 1731 3194 1820; x_wconf 82' lang='lat' dir='ltr'><strong>STUDII.</strong></span> 
     </span>
    </p>
   </div>
   <div class='ocr_carea' id='block_1_11' title="bbox 674 1917 3119 1991">
    <p class='ocr_par' dir='ltr' id='par_1_11' title="bbox 674 1917 3119 1991">
     <span class='ocr_line' id='line_1_11' title="bbox 674 1917 3119 1991; baseline -0.001 -16"><span class='ocrx_word' id='word_1_42' title='bbox 674 1917 755 1975; x_wconf 75' lang='lat' dir='ltr'><strong>(Et</strong></span> <span class='ocrx_word' id='word_1_43' title='bbox 779 1917 962 1973; x_wconf 77' lang='lat' dir='ltr'><strong>multa:</strong></span> <span class='ocrx_word' id='word_1_44' title='bbox 988 1918 1205 1990; x_wconf 86' lang='lat' dir='ltr'><strong>quidem</strong></span> <span class='ocrx_word' id='word_1_45' title='bbox 1239 1928 1367 1975; x_wconf 86' lang='lat' dir='ltr'><strong>sunt</strong></span> <span class='ocrx_word' id='word_1_46' title='bbox 1397 1918 1625 1974; x_wconf 60' lang='lat' dir='ltr'><strong>Studita&#39;.</strong></span> <span class='ocrx_word' id='word_1_47' title='bbox 1655 1918 1986 1985; x_wconf 87' lang='lat' dir='ltr'><strong>catecbeses,</strong></span> <span class='ocrx_word' id='word_1_48' title='bbox 2012 1920 2106 1976; x_wconf 86' lang='lat' dir='ltr'><strong>sed</strong></span> <span class='ocrx_word' id='word_1_49' title='bbox 2140 1921 2252 1975; x_wconf 68' lang='lat' dir='ltr'><strong>haec</strong></span> <span class='ocrx_word' id='word_1_50' title='bbox 2280 1920 2477 1975; x_wconf 87' lang='lat' dir='ltr'><strong>dicitur</strong></span> <span class='ocrx_word' id='word_1_51' title='bbox 2504 1918 2795 1976; x_wconf 76' lang='lat' dir='ltr'><strong>Catechesis</strong></span> <span class='ocrx_word' id='word_1_52' title='bbox 2825 1920 3119 1991; x_wconf 81' lang='lat' dir='ltr'><strong>chronica.)</strong></span> 
     </span>
    </p>
   </div>
   <div class='ocr_carea' id='block_1_12' title="bbox 361 2186 1904 2270">
    <p class='ocr_par' dir='ltr' id='par_1_12' title="bbox 361 2186 1904 2265">
     <span class='ocr_line' id='line_1_12' title="bbox 361 2186 1904 2265; baseline 0.005 -24"><span class='ocrx_word' id='word_1_53' title='bbox 361 2205 431 2241; x_wconf 90' lang='grc' dir='ltr'>α.</span> <span class='ocrx_word' id='word_1_54' title='bbox 474 2186 716 2265; x_wconf 64' lang='grc' dir='ltr'><strong>Ἀδελφοὶ</strong></span> <span class='ocrx_word' id='word_1_55' title='bbox 745 2187 839 2241; x_wconf 76' lang='grc' dir='ltr'>καὶ</span> <span class='ocrx_word' id='word_1_56' title='bbox 882 2189 1156 2262; x_wconf 83' lang='grc' dir='ltr'>Πατέρες,</span> <span class='ocrx_word' id='word_1_57' title='bbox 1205 2190 1302 2245; x_wconf 85' lang='grc' dir='ltr'><strong>νῦν</strong></span> <span class='ocrx_word' id='word_1_58' title='bbox 1358 2192 1614 2262; x_wconf 75' lang='grc' dir='ltr'><strong>ἐπιχειρῶ</strong></span> <span class='ocrx_word' id='word_1_59' title='bbox 1674 2195 1838 2248; x_wconf 73' lang='grc' dir='ltr'>πᾶσιν</span> <span class='ocrx_word' id='word_1_60' title='bbox 1872 2203 1904 2254; x_wconf 78' lang='grc' dir='ltr'><strong>Α</strong></span> 
     </span>
    </p>
   </div>
   <div class='ocr_carea' id='block_1_13' title="bbox 1928 2186 3501 2270">
    <p class='ocr_par' dir='ltr' id='par_1_13' title="bbox 2010 2192 3501 2270">
     <span class='ocr_line' id='line_1_13' title="bbox 2010 2192 3501 2270; baseline 0.006 -23"><span class='ocrx_word' id='word_1_61' title='bbox 2010 2194 2061 2250; x_wconf 74' lang='grc' dir='ltr'>ί.</span> <span class='ocrx_word' id='word_1_62' title='bbox 2104 2192 2319 2251; x_wconf 82' lang='lat' dir='ltr'><strong>Fratres</strong></span> <span class='ocrx_word' id='word_1_63' title='bbox 2350 2195 2454 2249; x_wconf 91' lang='lat' dir='ltr'><strong>mei</strong></span> <span class='ocrx_word' id='word_1_64' title='bbox 2487 2210 2551 2250; x_wconf 91' lang='lat' dir='ltr'><strong>ac</strong></span> <span class='ocrx_word' id='word_1_65' title='bbox 2597 2195 2801 2251; x_wconf 77' lang='lat' dir='ltr'><strong>Patres.</strong></span> <span class='ocrx_word' id='word_1_66' title='bbox 2852 2195 3007 2251; x_wconf 87' lang='lat' dir='ltr'><strong>Nunc</strong></span> <span class='ocrx_word' id='word_1_67' title='bbox 3030 2201 3311 2270; x_wconf 76' lang='lat' dir='ltr'><strong>aggredior</strong></span> <span class='ocrx_word' id='word_1_68' title='bbox 3345 2201 3501 2256; x_wconf 82' lang='lat' dir='ltr'><strong>vobis</strong></span> 
     </span>
    </p>
   </div>
   <div class='ocr_carea' id='block_1_14' title="bbox 298 2280 1843 2357">
    <p class='ocr_par' dir='ltr' id='par_1_14' title="bbox 298 2280 1843 2357">
     <span class='ocr_line' id='line_1_14' title="bbox 298 2280 1843 2357; baseline 0.006 -26"><span class='ocrx_word' id='word_1_69' title='bbox 298 2280 429 2348; x_wconf 82' lang='grc' dir='ltr'>ὑμῖν</span> <span class='ocrx_word' id='word_1_70' title='bbox 452 2283 560 2343; x_wconf 83' lang='grc' dir='ltr'>τοῖς</span> <span class='ocrx_word' id='word_1_71' title='bbox 590 2280 830 2333; x_wconf 76' lang='grc' dir='ltr'><strong>ἐθέλουσι</strong></span> <span class='ocrx_word' id='word_1_72' title='bbox 863 2281 1049 2350; x_wconf 82' lang='grc' dir='ltr'>βιῶναι</span> <span class='ocrx_word' id='word_1_73' title='bbox 1075 2282 1247 2353; x_wconf 82' lang='grc' dir='ltr'>ὀρθῶς</span> <span class='ocrx_word' id='word_1_74' title='bbox 1276 2286 1367 2337; x_wconf 70' lang='grc' dir='ltr'>καὶ</span> <span class='ocrx_word' id='word_1_75' title='bbox 1396 2285 1678 2353; x_wconf 71' lang='grc' dir='ltr'>θεοφιλῶς,</span> <span class='ocrx_word' id='word_1_76' title='bbox 1714 2288 1843 2357; x_wconf 90' lang='grc' dir='ltr'>ἀρι-</span> 
     </span>
    </p>
   </div>
   <div class='ocr_carea' id='block_1_15' title="bbox 294 2371 1843 2450">
    <p class='ocr_par' dir='ltr' id='par_1_15' title="bbox 294 2371 1843 2450">
     <span class='ocr_line' id='line_1_15' title="bbox 294 2371 1843 2450; baseline 0.007 -27"><span class='ocrx_word' id='word_1_77' title='bbox 294 2371 560 2441; x_wconf 85' lang='grc' dir='ltr'>δηλότατα</span> <span class='ocrx_word' id='word_1_78' title='bbox 604 2374 895 2441; x_wconf 78' lang='grc' dir='ltr'>ὑποδεῖξαι,</span> <span class='ocrx_word' id='word_1_79' title='bbox 933 2376 1007 2437; x_wconf 84' lang='grc' dir='ltr'><strong>ὡς</strong></span> <span class='ocrx_word' id='word_1_80' title='bbox 1036 2377 1273 2445; x_wconf 71' lang='grc' dir='ltr'>ἐφικτὸν,</span> <span class='ocrx_word' id='word_1_81' title='bbox 1305 2378 1363 2430; x_wconf 81' lang='grc' dir='ltr'><strong>τὸ</strong></span> <span class='ocrx_word' id='word_1_82' title='bbox 1394 2378 1508 2442; x_wconf 86' lang='grc' dir='ltr'><strong>πῶς</strong></span> <span class='ocrx_word' id='word_1_83' title='bbox 1535 2380 1613 2432; x_wconf 89' lang='grc' dir='ltr'>δεῖ</span> <span class='ocrx_word' id='word_1_84' title='bbox 1658 2385 1843 2450; x_wconf 79' lang='grc' dir='ltr'>τηρεῖν</span> 
     </span>
    </p>
   </div>
   <div class='ocr_carea' id='block_1_16' title="bbox 291 2464 1844 2541">
    <p class='ocr_par' dir='ltr' id='par_1_16' title="bbox 291 2464 1844 2541">
     <span class='ocr_line' id='line_1_16' title="bbox 291 2464 1844 2541; baseline 0.006 -27"><span class='ocrx_word' id='word_1_85' title='bbox 291 2464 393 2531; x_wconf 77' lang='grc' dir='ltr'>τὴν</span> <span class='ocrx_word' id='word_1_86' title='bbox 424 2464 811 2535; x_wconf 80' lang='grc' dir='ltr'>κυκλοτερικὴν</span> <span class='ocrx_word' id='word_1_87' title='bbox 839 2466 931 2519; x_wconf 84' lang='grc' dir='ltr'><strong>τοῦ</strong></span> <span class='ocrx_word' id='word_1_88' title='bbox 970 2468 1158 2537; x_wconf 86' lang='grc' dir='ltr'>χρόνου</span> <span class='ocrx_word' id='word_1_89' title='bbox 1186 2470 1428 2539; x_wconf 77' lang='grc' dir='ltr'><strong>περίοδον</strong></span> <span class='ocrx_word' id='word_1_90' title='bbox 1447 2487 1460 2500; x_wconf 78' lang='grc' dir='ltr'><strong>ο</strong></span> <span class='ocrx_word' id='word_1_91' title='bbox 1478 2471 1600 2523; x_wconf 82' lang='grc' dir='ltr'>ὅσον</span> <span class='ocrx_word' id='word_1_92' title='bbox 1632 2471 1686 2523; x_wconf 87' lang='grc' dir='ltr'><strong>δὲ</strong></span> <span class='ocrx_word' id='word_1_93' title='bbox 1709 2473 1844 2541; x_wconf 81' lang='grc' dir='ltr'>πρὸς</span> 
     </span>
    </p>
   </div>
   <div class='ocr_carea' id='block_1_17' title="bbox 291 2554 1844 2632">
    <p class='ocr_par' dir='ltr' id='par_1_17' title="bbox 291 2554 1844 2632">
     <span class='ocr_line' id='line_1_17' title="bbox 291 2554 1844 2632; baseline 0.008 -27"><span class='ocrx_word' id='word_1_94' title='bbox 291 2554 569 2607; x_wconf 70' lang='grc' dir='ltr'>εὐσέϐειαν</span> <span class='ocrx_word' id='word_1_95' title='bbox 597 2555 705 2608; x_wconf 88' lang='grc' dir='ltr'><strong>τῶν</strong></span> <span class='ocrx_word' id='word_1_96' title='bbox 725 2557 1057 2619; x_wconf 70' lang='grc' dir='ltr'>πιστῶν,καὶ</span> <span class='ocrx_word' id='word_1_97' title='bbox 1084 2560 1205 2611; x_wconf 84' lang='grc' dir='ltr'>ὅσον</span> <span class='ocrx_word' id='word_1_98' title='bbox 1240 2561 1374 2629; x_wconf 83' lang='grc' dir='ltr'>πρὸς</span> <span class='ocrx_word' id='word_1_99' title='bbox 1402 2559 1714 2632; x_wconf 79' lang='grc' dir='ltr'>ἀνατροπὴν</span> <span class='ocrx_word' id='word_1_100' title='bbox 1736 2564 1844 2617; x_wconf 88' lang='grc' dir='ltr'><strong>τῶν</strong></span> 
     </span>
    </p>
   </div>
   <div class='ocr_carea' id='block_1_18' title="bbox 289 2645 1843 2718">
    <p class='ocr_par' dir='ltr' id='par_1_18' title="bbox 289 2645 1843 2718">
     <span class='ocr_line' id='line_1_18' title="bbox 289 2645 1843 2718; baseline 0.006 -23"><span class='ocrx_word' id='word_1_101' title='bbox 289 2645 597 2714; x_wconf 86' lang='grc' dir='ltr'>αίρετικῶν.</span> <span class='ocrx_word' id='word_1_102' title='bbox 618 2646 795 2698; x_wconf 80' lang='grc' dir='ltr'>Καλὸν</span> <span class='ocrx_word' id='word_1_103' title='bbox 817 2648 874 2699; x_wconf 84' lang='grc' dir='ltr'><strong>τὸ</strong></span> <span class='ocrx_word' id='word_1_104' title='bbox 917 2648 1068 2710; x_wconf 76' lang='grc' dir='ltr'>ἃλας,</span> <span class='ocrx_word' id='word_1_105' title='bbox 1088 2648 1248 2701; x_wconf 78' lang='grc' dir='ltr'>καλὸν</span> <span class='ocrx_word' id='word_1_106' title='bbox 1283 2651 1343 2702; x_wconf 81' lang='grc' dir='ltr'>τὸ</span> <span class='ocrx_word' id='word_1_107' title='bbox 1369 2650 1517 2718; x_wconf 48' lang='grc' dir='ltr'><strong>φῶς</strong></span> <span class='ocrx_word' id='word_1_108' title='bbox 1552 2653 1600 2704; x_wconf 82' lang='grc' dir='ltr'>εἰ</span> <span class='ocrx_word' id='word_1_109' title='bbox 1658 2652 1713 2704; x_wconf 76' lang='grc' dir='ltr'><strong>δέ</strong></span> <span class='ocrx_word' id='word_1_110' title='bbox 1762 2670 1843 2717; x_wconf 86' lang='grc' dir='ltr'><strong>τις</strong></span> 
     </span>
    </p>
   </div>
   <div class='ocr_carea' id='block_1_19' title="bbox 288 2732 1840 2810">
    <p class='ocr_par' dir='ltr' id='par_1_19' title="bbox 288 2732 1840 2810">
     <span class='ocr_line' id='line_1_19' title="bbox 288 2732 1840 2810; baseline 0.008 -27"><span class='ocrx_word' id='word_1_111' title='bbox 288 2732 443 2795; x_wconf 75' lang='grc' dir='ltr'>ἐκτὸς</span> <span class='ocrx_word' id='word_1_112' title='bbox 477 2733 680 2785; x_wconf 81' lang='grc' dir='ltr'>τούτων</span> <span class='ocrx_word' id='word_1_113' title='bbox 716 2736 913 2804; x_wconf 64' lang='grc' dir='ltr'>τυφλὸς</span> <span class='ocrx_word' id='word_1_114' title='bbox 955 2735 1064 2801; x_wconf 82' lang='grc' dir='ltr'>ὢν,</span> <span class='ocrx_word' id='word_1_115' title='bbox 1097 2738 1190 2790; x_wconf 77' lang='grc' dir='ltr'>καὶ</span> <span class='ocrx_word' id='word_1_116' title='bbox 1217 2740 1314 2791; x_wconf 73' lang='grc' dir='ltr'><strong>οὐκ</strong></span> <span class='ocrx_word' id='word_1_117' title='bbox 1350 2734 1455 2792; x_wconf 82' lang='grc' dir='ltr'>οίδε</span> <span class='ocrx_word' id='word_1_118' title='bbox 1484 2741 1583 2793; x_wconf 87' lang='grc' dir='ltr'><strong>ποῦ</strong></span> <span class='ocrx_word' id='word_1_119' title='bbox 1614 2743 1840 2810; x_wconf 76' lang='grc' dir='ltr'>ὑπάγει,</span> 
     </span>
    </p>
   </div>
   <div class='ocr_carea' id='block_1_20' title="bbox 288 2825 1843 2902">
    <p class='ocr_par' dir='ltr' id='par_1_20' title="bbox 288 2825 1843 2902">
     <span class='ocr_line' id='line_1_20' title="bbox 288 2825 1843 2902; baseline 0.006 -24"><span class='ocrx_word' id='word_1_120' title='bbox 288 2825 470 2887; x_wconf 86' lang='grc' dir='ltr'>καθὼς</span> <span class='ocrx_word' id='word_1_121' title='bbox 486 2829 513 2878; x_wconf 84' lang='grc' dir='ltr'>ὁ</span> <span class='ocrx_word' id='word_1_122' title='bbox 530 2827 795 2897; x_wconf 79' lang='grc' dir='ltr'>ἡμέτερος</span> <span class='ocrx_word' id='word_1_123' title='bbox 819 2828 1019 2898; x_wconf 81' lang='grc' dir='ltr'>Κύριος</span> <span class='ocrx_word' id='word_1_124' title='bbox 1039 2826 1206 2885; x_wconf 82' lang='grc' dir='ltr'>εἶπεν.</span> <span class='ocrx_word' id='word_1_125' title='bbox 1239 2832 1569 2901; x_wconf 83' lang='grc' dir='ltr'>Ὀρθοδοξίας</span> <span class='ocrx_word' id='word_1_126' title='bbox 1587 2835 1684 2902; x_wconf 83' lang='grc' dir='ltr'>μὲν</span> <span class='ocrx_word' id='word_1_127' title='bbox 1698 2832 1843 2888; x_wconf 77' lang='grc' dir='ltr'>οἷκον</span> 
     </span>
    </p>
   </div>
   <div class='ocr_carea' id='block_1_21' title="bbox 286 2918 1842 2994">
    <p class='ocr_par' dir='ltr' id='par_1_21' title="bbox 286 2918 1842 2994">
     <span class='ocr_line' id='line_1_21' title="bbox 286 2918 1842 2994; baseline 0.004 -23"><span class='ocrx_word' id='word_1_128' title='bbox 286 2918 637 2988; x_wconf 74' lang='grc' dir='ltr'>οἰκοδομῆσαι</span> <span class='ocrx_word' id='word_1_129' title='bbox 689 2921 978 2989; x_wconf 80' lang='grc' dir='ltr'>ἐπιχειρῶν</span> <span class='ocrx_word' id='word_1_130' title='bbox 998 2960 1012 2984; x_wconf 88' lang='grc'><em>,</em></span> <span class='ocrx_word' id='word_1_131' title='bbox 1042 2922 1287 2991; x_wconf 83' lang='grc' dir='ltr'>θεμέλιον</span> <span class='ocrx_word' id='word_1_132' title='bbox 1318 2924 1563 2976; x_wconf 79' lang='grc' dir='ltr'>ἄσειστον</span> <span class='ocrx_word' id='word_1_133' title='bbox 1601 2925 1842 2994; x_wconf 81' lang='grc' dir='ltr'>ὲμπῆξαι</span> 
     </span>
    </p>
   </div>
   <div class='ocr_carea' id='block_1_22' title="bbox 284 3006 1841 3083">
    <p class='ocr_par' dir='ltr' id='par_1_22' title="bbox 284 3006 1841 3083">
     <span class='ocr_line' id='line_1_22' title="bbox 284 3006 1841 3083; baseline 0.005 -24"><span class='ocrx_word' id='word_1_134' title='bbox 284 3007 415 3073; x_wconf 77' lang='grc' dir='ltr'>δέει,</span> <span class='ocrx_word' id='word_1_135' title='bbox 451 3011 513 3060; x_wconf 82' lang='grc' dir='ltr'>ὲκ</span> <span class='ocrx_word' id='word_1_136' title='bbox 567 3008 672 3060; x_wconf 89' lang='grc' dir='ltr'><strong>τῶν</strong></span> <span class='ocrx_word' id='word_1_137' title='bbox 699 3006 857 3061; x_wconf 89' lang='grc' dir='ltr'>θείων</span> <span class='ocrx_word' id='word_1_138' title='bbox 915 3011 1243 3075; x_wconf 58' lang='grc' dir='ltr'>ἀποστόλων,</span> <span class='ocrx_word' id='word_1_139' title='bbox 1281 3012 1376 3064; x_wconf 75' lang='grc' dir='ltr'>καὶ</span> <span class='ocrx_word' id='word_1_140' title='bbox 1413 3010 1523 3065; x_wconf 86' lang='grc' dir='ltr'><strong>τῶν</strong></span> <span class='ocrx_word' id='word_1_141' title='bbox 1567 3012 1841 3083; x_wconf 76' lang='grc' dir='ltr'>θεοφὸρων</span> 
     </span>
    </p>
   </div>
   <div class='ocr_carea' id='block_1_23' title="bbox 285 3099 1841 3175">
    <p class='ocr_par' dir='ltr' id='par_1_23' title="bbox 285 3099 1841 3175">
     <span class='ocr_line' id='line_1_23' title="bbox 285 3099 1841 3175; baseline 0.003 -23"><span class='ocrx_word' id='word_1_142' title='bbox 285 3099 544 3169; x_wconf 82' lang='grc' dir='ltr'>Πατέρων</span> <span class='ocrx_word' id='word_1_143' title='bbox 609 3101 719 3161; x_wconf 85' lang='grc' dir='ltr'>τοῖς</span> <span class='ocrx_word' id='word_1_144' title='bbox 777 3100 1125 3168; x_wconf 83' lang='grc' dir='ltr'>παραδοθεῖσι</span> <span class='ocrx_word' id='word_1_145' title='bbox 1181 3104 1367 3155; x_wconf 87' lang='grc' dir='ltr'>κανόσι</span> <span class='ocrx_word' id='word_1_146' title='bbox 1397 3118 1411 3132; x_wconf 79' lang='grc'><strong>⁸</strong></span> <span class='ocrx_word' id='word_1_147' title='bbox 1473 3104 1567 3156; x_wconf 74' lang='grc' dir='ltr'>καὶ</span> <span class='ocrx_word' id='word_1_148' title='bbox 1625 3108 1728 3175; x_wconf 72' lang='grc' dir='ltr'><strong>πρό</strong></span> <span class='ocrx_word' id='word_1_149' title='bbox 1778 3124 1841 3173; x_wconf 90' lang='grc' dir='ltr'><strong>γε</strong></span> 
     </span>
    </p>
   </div>
   <div class='ocr_carea' id='block_1_24' title="bbox 286 3189 1841 3265">
    <p class='ocr_par' dir='ltr' id='par_1_24' title="bbox 286 3189 1841 3265">
     <span class='ocr_line' id='line_1_24' title="bbox 286 3189 1841 3265; baseline 0.005 -23"><span class='ocrx_word' id='word_1_150' title='bbox 286 3190 502 3242; x_wconf 71' lang='grc' dir='ltr'>πάντων</span> <span class='ocrx_word' id='word_1_151' title='bbox 538 3189 765 3258; x_wconf 81' lang='grc' dir='ltr'>εἴδωμεν</span> <span class='ocrx_word' id='word_1_152' title='bbox 802 3190 867 3243; x_wconf 81' lang='grc' dir='ltr'><strong>ἂν</strong></span> <span class='ocrx_word' id='word_1_153' title='bbox 887 3231 901 3255; x_wconf 85' lang='grc'><em>,</em></span> <span class='ocrx_word' id='word_1_154' title='bbox 929 3192 981 3242; x_wconf 87' lang='grc' dir='ltr'><strong>τί</strong></span> <span class='ocrx_word' id='word_1_155' title='bbox 1024 3192 1081 3244; x_wconf 74' lang='grc' dir='ltr'><strong>τὸ</strong></span> <span class='ocrx_word' id='word_1_156' title='bbox 1113 3193 1252 3262; x_wconf 77' lang='grc' dir='ltr'>ἱερὸν</span> <span class='ocrx_word' id='word_1_157' title='bbox 1289 3193 1466 3261; x_wconf 73' lang='grc' dir='ltr'>λόγιον</span> <span class='ocrx_word' id='word_1_158' title='bbox 1498 3195 1717 3265; x_wconf 75' lang='grc' dir='ltr'>ἔφησεν.</span> <span class='ocrx_word' id='word_1_159' title='bbox 1742 3197 1841 3250; x_wconf 73' lang='grc' dir='ltr'><strong>Λέο</strong></span> 
     </span>
    </p>
   </div>
   <div class='ocr_carea' id='block_1_25' title="bbox 282 3280 1841 3357">
    <p class='ocr_par' dir='ltr' id='par_1_25' title="bbox 282 3280 1841 3357">
     <span class='ocr_line' id='line_1_25' title="bbox 282 3280 1841 3357; baseline 0.006 -26"><span class='ocrx_word' id='word_1_160' title='bbox 282 3297 370 3347; x_wconf 85' lang='grc' dir='ltr'>γει</span> <span class='ocrx_word' id='word_1_161' title='bbox 404 3280 502 3349; x_wconf 82' lang='grc' dir='ltr'><strong>μὲν</strong></span> <span class='ocrx_word' id='word_1_162' title='bbox 538 3282 704 3333; x_wconf 79' lang='grc' dir='ltr'>πάλαι</span> <span class='ocrx_word' id='word_1_163' title='bbox 731 3283 759 3333; x_wconf 84' lang='grc' dir='ltr'>ὁ</span> <span class='ocrx_word' id='word_1_164' title='bbox 798 3282 998 3352; x_wconf 77' lang='grc' dir='ltr'>Κύριος</span> <span class='ocrx_word' id='word_1_165' title='bbox 1049 3284 1184 3353; x_wconf 74' lang='grc' dir='ltr'>πρὸς</span> <span class='ocrx_word' id='word_1_166' title='bbox 1230 3286 1323 3337; x_wconf 78' lang='grc' dir='ltr'><strong>τὸν</strong></span> <span class='ocrx_word' id='word_1_167' title='bbox 1355 3288 1672 3357; x_wconf 73' lang='grc' dir='ltr'>ἱεροφάντην</span> <span class='ocrx_word' id='word_1_168' title='bbox 1712 3290 1841 3343; x_wconf 83' lang='grc' dir='ltr'><strong>Μω-</strong></span> 
     </span>
    </p>
   </div>
   <div class='ocr_carea' id='block_1_26' title="bbox 285 3370 1835 3445">
    <p class='ocr_par' dir='ltr' id='par_1_26' title="bbox 285 3370 1835 3445">
     <span class='ocr_line' id='line_1_26' title="bbox 285 3370 1835 3445; baseline 0.008 -27"><span class='ocrx_word' id='word_1_169' title='bbox 285 3370 384 3421; x_wconf 77' lang='grc' dir='ltr'>σέα</span> <span class='ocrx_word' id='word_1_170' title='bbox 411 3386 424 3399; x_wconf 90' lang='grc'><strong>·</strong></span> <span class='ocrx_word' id='word_1_171' title='bbox 463 3387 482 3419; x_wconf 77' lang='grc' dir='ltr'>ι</span> <span class='ocrx_word' id='word_1_172' title='bbox 521 3370 681 3439; x_wconf 86' lang='grc' dir='ltr'>Τρεῖς</span> <span class='ocrx_word' id='word_1_173' title='bbox 712 3374 935 3441; x_wconf 78' lang='grc' dir='ltr'>καιροὺς</span> <span class='ocrx_word' id='word_1_174' title='bbox 974 3370 1068 3423; x_wconf 89' lang='grc' dir='ltr'><strong>τοῦ</strong></span> <span class='ocrx_word' id='word_1_175' title='bbox 1105 3372 1351 3430; x_wconf 75' lang='grc' dir='ltr'>ἐνιαυτοῦ</span> <span class='ocrx_word' id='word_1_176' title='bbox 1402 3376 1673 3443; x_wconf 71' lang='grc' dir='ltr'>φυλάξατε</span> <span class='ocrx_word' id='word_1_177' title='bbox 1727 3394 1835 3445; x_wconf 85' lang='grc' dir='ltr'>μοι,</span> 
     </span>
    </p>
   </div>
   <div class='ocr_carea' id='block_1_27' title="bbox 283 3460 1830 3539">
    <p class='ocr_par' dir='ltr' id='par_1_27' title="bbox 283 3460 1830 3539">
     <span class='ocr_line' id='line_1_27' title="bbox 283 3460 1830 3539; baseline 0.006 -29"><span class='ocrx_word' id='word_1_178' title='bbox 283 3460 551 3529; x_wconf 87' lang='grc' dir='ltr'>νηστείαν.</span> <span class='ocrx_word' id='word_1_179' title='bbox 575 3462 753 3529; x_wconf 84' lang='grc' dir='ltr'>ἁγίαν,</span> <span class='ocrx_word' id='word_1_180' title='bbox 787 3463 893 3515; x_wconf 82' lang='grc' dir='ltr'><strong>ἀπὸ</strong></span> <span class='ocrx_word' id='word_1_181' title='bbox 933 3463 1128 3533; x_wconf 83' lang='grc' dir='ltr'>μικροῦ</span> <span class='ocrx_word' id='word_1_182' title='bbox 1180 3464 1283 3527; x_wconf 75' lang='grc' dir='ltr'><strong>ἕως</strong></span> <span class='ocrx_word' id='word_1_183' title='bbox 1328 3466 1565 3539; x_wconf 63' lang='grc' dir='ltr'>μεγάλου</span> <span class='ocrx_word' id='word_1_184' title='bbox 1622 3467 1773 3535; x_wconf 84' lang='grc' dir='ltr'>ὑμῶν</span> <span class='ocrx_word' id='word_1_185' title='bbox 1815 3483 1830 3498; x_wconf 67' lang='grc' dir='ltr'><em>υ</em></span> 
     </span>
    </p>
   </div>
   <div class='ocr_carea' id='block_1_28' title="bbox 280 3537 1906 3628">
    <p class='ocr_par' dir='ltr' id='par_1_28' title="bbox 280 3537 1906 3628">
     <span class='ocr_line' id='line_1_28' title="bbox 280 3537 1906 3628; baseline 0.004 -25"><span class='ocrx_word' id='word_1_186' title='bbox 280 3555 381 3622; x_wconf 76' lang='grc' dir='ltr'>τὴν</span> <span class='ocrx_word' id='word_1_187' title='bbox 432 3553 623 3623; x_wconf 80' lang='grc' dir='ltr'>ἑορτὴν</span> <span class='ocrx_word' id='word_1_188' title='bbox 685 3552 793 3607; x_wconf 88' lang='grc' dir='ltr'><strong>τῶν</strong></span> <span class='ocrx_word' id='word_1_189' title='bbox 851 3553 1073 3623; x_wconf 80' lang='grc' dir='ltr'><strong>ἀζύμων</strong></span> <span class='ocrx_word' id='word_1_190' title='bbox 1101 3552 1177 3623; x_wconf 81' lang='grc' dir='ltr'>τῷ</span> <span class='ocrx_word' id='word_1_191' title='bbox 1207 3554 1406 3625; x_wconf 83' lang='grc' dir='ltr'>πρώτῳ</span> <span class='ocrx_word' id='word_1_192' title='bbox 1436 3537 1588 3626; x_wconf 79' lang='grc' dir='ltr'>μηνὶ,</span> <span class='ocrx_word' id='word_1_193' title='bbox 1622 3559 1831 3628; x_wconf 72' lang='grc' dir='ltr'>ἡμέρας</span> <span class='ocrx_word' id='word_1_194' title='bbox 1868 3537 1906 3591; x_wconf 75' lang='grc' dir='ltr'><strong>Β</strong></span> 
     </span>
    </p>
   </div>
   <div class='ocr_carea' id='block_1_29' title="bbox 283 3641 1835 3718">
    <p class='ocr_par' dir='ltr' id='par_1_29' title="bbox 283 3641 1835 3718">
     <span class='ocr_line' id='line_1_29' title="bbox 283 3641 1835 3718; baseline 0.005 -24"><span class='ocrx_word' id='word_1_195' title='bbox 283 3641 424 3695; x_wconf 78' lang='grc' dir='ltr'>ἑπτὰ</span> <span class='ocrx_word' id='word_1_196' title='bbox 477 3642 847 3696; x_wconf 80' lang='grc' dir='ltr'>ταπεινώσατε</span> <span class='ocrx_word' id='word_1_197' title='bbox 887 3645 985 3707; x_wconf 77' lang='grc' dir='ltr'><strong>τὰς</strong></span> <span class='ocrx_word' id='word_1_198' title='bbox 1035 3644 1211 3714; x_wconf 74' lang='grc' dir='ltr'>ψυχὰς</span> <span class='ocrx_word' id='word_1_199' title='bbox 1276 3646 1465 3715; x_wconf 85' lang='grc' dir='ltr'>ὑμῶν,</span> <span class='ocrx_word' id='word_1_200' title='bbox 1524 3648 1618 3701; x_wconf 71' lang='grc' dir='ltr'><strong>καὶ</strong></span> <span class='ocrx_word' id='word_1_201' title='bbox 1671 3650 1835 3718; x_wconf 84' lang='grc' dir='ltr'>ἄρτον</span> 
     </span>
    </p>
   </div>
   <div class='ocr_carea' id='block_1_30' title="bbox 284 3730 1840 3809">
    <p class='ocr_par' dir='ltr' id='par_1_30' title="bbox 284 3730 1840 3809">
     <span class='ocr_line' id='line_1_30' title="bbox 284 3730 1840 3809; baseline 0.004 -23"><span class='ocrx_word' id='word_1_202' title='bbox 284 3733 577 3797; x_wconf 80' lang='grc' dir='ltr'>κακώσεως</span> <span class='ocrx_word' id='word_1_203' title='bbox 604 3734 787 3787; x_wconf 80' lang='grc' dir='ltr'>ἕδεσθε</span> <span class='ocrx_word' id='word_1_204' title='bbox 808 3751 823 3766; x_wconf 76' lang='grc' dir='ltr'><strong><em>ο</em></strong></span> <span class='ocrx_word' id='word_1_205' title='bbox 864 3730 982 3788; x_wconf 73' lang='grc' dir='ltr'>εἶτα</span> <span class='ocrx_word' id='word_1_206' title='bbox 1011 3736 1405 3807; x_wconf 81' lang='grc' dir='ltr'>ἀριθμήσονται</span> <span class='ocrx_word' id='word_1_207' title='bbox 1447 3738 1576 3809; x_wconf 88' lang='grc' dir='ltr'>ὑμῖν</span> <span class='ocrx_word' id='word_1_208' title='bbox 1606 3739 1840 3809; x_wconf 72' lang='grc' dir='ltr'>ἑϐδομα-</span> 
     </span>
    </p>
   </div>
   <div class='ocr_carea' id='block_1_31' title="bbox 281 3824 1835 3898">
    <p class='ocr_par' dir='ltr' id='par_1_31' title="bbox 281 3824 1835 3898">
     <span class='ocr_line' id='line_1_31' title="bbox 281 3824 1835 3898; baseline 0.003 -21"><span class='ocrx_word' id='word_1_209' title='bbox 281 3824 371 3887; x_wconf 70' lang='grc' dir='ltr'><strong>δίς</strong></span> <span class='ocrx_word' id='word_1_210' title='bbox 398 3825 556 3885; x_wconf 73' lang='grc' dir='ltr'>ἑπτὰ,</span> <span class='ocrx_word' id='word_1_211' title='bbox 587 3825 876 3896; x_wconf 79' lang='grc' dir='ltr'>ὀλόκληραι</span> <span class='ocrx_word' id='word_1_212' title='bbox 905 3826 1108 3894; x_wconf 81' lang='grc' dir='ltr'>ἡμέραι</span> <span class='ocrx_word' id='word_1_213' title='bbox 1138 3830 1474 3898; x_wconf 81' lang='grc' dir='ltr'>πεντήκοντα</span> <span class='ocrx_word' id='word_1_214' title='bbox 1499 3869 1514 3893; x_wconf 90' lang='grc'><em>,</em></span> <span class='ocrx_word' id='word_1_215' title='bbox 1547 3826 1835 3883; x_wconf 63' lang='grc' dir='ltr'>καῖ’καλέ-</span> 
     </span>
    </p>
   </div>
   <div class='ocr_carea' id='block_1_32' title="bbox 284 3912 1831 3988">
    <p class='ocr_par' dir='ltr' id='par_1_32' title="bbox 284 3912 1831 3988">
     <span class='ocr_line' id='line_1_32' title="bbox 284 3912 1831 3988; baseline 0.004 -21"><span class='ocrx_word' id='word_1_216' title='bbox 284 3931 412 3967; x_wconf 87' lang='grc' dir='ltr'>σατε</span> <span class='ocrx_word' id='word_1_217' title='bbox 442 3915 607 3985; x_wconf 82' lang='grc' dir='ltr'>αὐτὴν</span> <span class='ocrx_word' id='word_1_218' title='bbox 669 3912 1064 3985; x_wconf 30' lang='grc' dir='ltr'>κλητὴνλάγίαν</span> <span class='ocrx_word' id='word_1_219' title='bbox 1111 3918 1320 3986; x_wconf 79' lang='grc' dir='ltr'>ἡμέραν</span> <span class='ocrx_word' id='word_1_220' title='bbox 1345 3919 1597 3987; x_wconf 77' lang='grc' dir='ltr'>νηστείαν</span> <span class='ocrx_word' id='word_1_221' title='bbox 1621 3920 1831 3988; x_wconf 81' lang='grc' dir='ltr'>δεκτήν.</span> 
     </span>
    </p>
   </div>
   <div class='ocr_carea' id='block_1_33' title="bbox 282 4008 1835 4081">
    <p class='ocr_par' dir='ltr' id='par_1_33' title="bbox 282 4008 1835 4081">
     <span class='ocr_line' id='line_1_33' title="bbox 282 4008 1835 4081; baseline 0.003 -22"><span class='ocrx_word' id='word_1_222' title='bbox 282 4008 393 4060; x_wconf 74' lang='grc' dir='ltr'><strong>Καὶ</strong></span> <span class='ocrx_word' id='word_1_223' title='bbox 420 4009 486 4077; x_wconf 82' lang='grc' dir='ltr'><strong>τῇ</strong></span> <span class='ocrx_word' id='word_1_224' title='bbox 538 4008 739 4080; x_wconf 80' lang='grc' dir='ltr'>δεκάτῃ</span> <span class='ocrx_word' id='word_1_225' title='bbox 782 4015 822 4060; x_wconf 82' lang='grc' dir='ltr'>ε’</span> <span class='ocrx_word' id='word_1_226' title='bbox 866 4009 1156 4078; x_wconf 82' lang='grc' dir='ltr'>μεσοῦντος</span> <span class='ocrx_word' id='word_1_227' title='bbox 1218 4009 1312 4062; x_wconf 88' lang='grc' dir='ltr'><strong>τοῦ</strong></span> <span class='ocrx_word' id='word_1_228' title='bbox 1377 4013 1645 4075; x_wconf 81' lang='grc' dir='ltr'>ἐνιαυτοῦ,</span> <span class='ocrx_word' id='word_1_229' title='bbox 1676 4012 1835 4081; x_wconf 78' lang='grc' dir='ltr'>ἑορτὴ</span> 
     </span>
    </p>
   </div>
   <div class='ocr_carea' id='block_1_34' title="bbox 283 4099 1834 4169">
    <p class='ocr_par' dir='ltr' id='par_1_34' title="bbox 283 4099 1834 4169">
     <span class='ocr_line' id='line_1_34' title="bbox 283 4099 1834 4169; baseline 0.001 -17"><span class='ocrx_word' id='word_1_230' title='bbox 283 4099 412 4166; x_wconf 88' lang='grc' dir='ltr'>ἀγία</span> <span class='ocrx_word' id='word_1_231' title='bbox 459 4099 798 4167; x_wconf 73' lang='grc' dir='ltr'>σκηνοπηγία</span> <span class='ocrx_word' id='word_1_232' title='bbox 825 4099 977 4151; x_wconf 77' lang='grc' dir='ltr'>ἔσται</span> <span class='ocrx_word' id='word_1_233' title='bbox 1010 4100 1136 4169; x_wconf 86' lang='grc' dir='ltr'>ὑμῖν</span> <span class='ocrx_word' id='word_1_234' title='bbox 1162 4110 1165 4113; x_wconf 86' lang='grc'><em>’</em></span> <span class='ocrx_word' id='word_1_235' title='bbox 1191 4100 1284 4152; x_wconf 74' lang='grc' dir='ltr'><strong>καὶ</strong></span> <span class='ocrx_word' id='word_1_236' title='bbox 1321 4101 1681 4153; x_wconf 81' lang='grc' dir='ltr'>ταπεινῶσετε</span> <span class='ocrx_word' id='word_1_237' title='bbox 1736 4100 1834 4163; x_wconf 85' lang='grc' dir='ltr'><strong>τάς</strong></span> 
     </span>
    </p>
   </div>
   <div class='ocr_carea' id='block_1_35' title="bbox 281 4188 1831 4262">
    <p class='ocr_par' dir='ltr' id='par_1_35' title="bbox 281 4188 1831 4262">
     <span class='ocr_line' id='line_1_35' title="bbox 281 4188 1831 4262; baseline 0.001 -19"><span class='ocrx_word' id='word_1_238' title='bbox 281 4189 460 4259; x_wconf 75' lang='grc' dir='ltr'>ψυχὰς</span> <span class='ocrx_word' id='word_1_239' title='bbox 514 4188 743 4242; x_wconf 74' lang='grc' dir='ltr'>ἐνώπιον</span> <span class='ocrx_word' id='word_1_240' title='bbox 791 4188 883 4241; x_wconf 86' lang='grc' dir='ltr'><strong>τοῦ</strong></span> <span class='ocrx_word' id='word_1_241' title='bbox 938 4189 1072 4241; x_wconf 81' lang='grc' dir='ltr'>Θεοῦ</span> <span class='ocrx_word' id='word_1_242' title='bbox 1130 4190 1284 4259; x_wconf 84' lang='grc' dir='ltr'>ὑμῶν</span> <span class='ocrx_word' id='word_1_243' title='bbox 1314 4206 1329 4221; x_wconf 73' lang='grc' dir='ltr'><strong><em>ο</em></strong></span> <span class='ocrx_word' id='word_1_244' title='bbox 1360 4193 1450 4243; x_wconf 77' lang='grc' dir='ltr'><strong>καὶ</strong></span> <span class='ocrx_word' id='word_1_245' title='bbox 1490 4193 1638 4244; x_wconf 78' lang='grc' dir='ltr'>πᾶσα</span> <span class='ocrx_word' id='word_1_246' title='bbox 1686 4192 1831 4262; x_wconf 71' lang='grc' dir='ltr'>ψυχὴ</span> 
     </span>
    </p>
   </div>
   <div class='ocr_carea' id='block_1_36' title="bbox 279 4278 1835 4356">
    <p class='ocr_par' dir='ltr' id='par_1_36' title="bbox 279 4278 1835 4356">
     <span class='ocr_line' id='line_1_36' title="bbox 279 4278 1835 4356; baseline 0.001 -24"><span class='ocrx_word' id='word_1_247' title='bbox 279 4278 488 4352; x_wconf 75' lang='grc' dir='ltr'>ἧτις¹οὐ</span> <span class='ocrx_word' id='word_1_248' title='bbox 520 4278 1021 4356; x_wconf 66' lang='grc' dir='ltr'><strong>ταπεινωθήσεταιι</strong></span> <span class='ocrx_word' id='word_1_249' title='bbox 1047 4280 1554 4351; x_wconf 71' lang='grc' dir='ltr'>ὲξολοθρευθήσεται</span> <span class='ocrx_word' id='word_1_250' title='bbox 1588 4282 1649 4346; x_wconf 75' lang='grc' dir='ltr'>ἐξ</span> <span class='ocrx_word' id='word_1_251' title='bbox 1683 4283 1835 4351; x_wconf 81' lang='grc' dir='ltr'>ὑμῶν</span> 
     </span>
    </p>
   </div>
   <div class='ocr_carea' id='block_1_37' title="bbox 280 4370 1835 4443">
    <p class='ocr_par' dir='ltr' id='par_1_37' title="bbox 280 4370 1835 4443">
     <span class='ocr_line' id='line_1_37' title="bbox 280 4370 1835 4443; baseline -0.001 -19"><span class='ocrx_word' id='word_1_252' title='bbox 280 4370 480 4424; x_wconf 84' lang='grc' dir='ltr'>αὐτῶν.</span> <span class='ocrx_word' id='word_1_253' title='bbox 522 4388 541 4421; x_wconf 73' lang='grc' dir='ltr'><strong>ι</strong></span> <span class='ocrx_word' id='word_1_254' title='bbox 590 4370 886 4433; x_wconf 80' lang='grc' dir='ltr'>Ἐντεῦθεν,</span> <span class='ocrx_word' id='word_1_255' title='bbox 915 4371 990 4433; x_wconf 85' lang='grc' dir='ltr'><strong>ὡς</strong></span> <span class='ocrx_word' id='word_1_256' title='bbox 1025 4372 1221 4437; x_wconf 78' lang='grc' dir='ltr'>ἔοικεν,</span> <span class='ocrx_word' id='word_1_257' title='bbox 1253 4373 1345 4426; x_wconf 74' lang='grc' dir='ltr'><strong>καὶ</strong></span> <span class='ocrx_word' id='word_1_258' title='bbox 1374 4374 1504 4443; x_wconf 85' lang='grc' dir='ltr'>παρ’</span> <span class='ocrx_word' id='word_1_259' title='bbox 1534 4375 1666 4443; x_wconf 78' lang='grc' dir='ltr'>ἡμῖν</span> <span class='ocrx_word' id='word_1_260' title='bbox 1685 4376 1835 4443; x_wconf 80' lang='grc' dir='ltr'>τρεῖς</span> 
     </span>
    </p>
   </div>
   <div class='ocr_carea' id='block_1_38' title="bbox 283 4460 1838 4532">
    <p class='ocr_par' dir='ltr' id='par_1_38' title="bbox 283 4460 1838 4532">
     <span class='ocr_line' id='line_1_38' title="bbox 283 4460 1838 4532; baseline 0.003 -20"><span class='ocrx_word' id='word_1_261' title='bbox 283 4461 525 4530; x_wconf 78' lang='grc' dir='ltr'>νὴστεῖαι</span> <span class='ocrx_word' id='word_1_262' title='bbox 583 4461 959 4527; x_wconf 83' lang='grc' dir='ltr'>φυλάττονται.</span> <span class='ocrx_word' id='word_1_263' title='bbox 990 4460 1055 4526; x_wconf 77' lang='grc' dir='ltr'>ἃς</span> <span class='ocrx_word' id='word_1_264' title='bbox 1114 4464 1450 4531; x_wconf 84' lang='grc' dir='ltr'>προετύπουν</span> <span class='ocrx_word' id='word_1_265' title='bbox 1480 4465 1663 4532; x_wconf 71' lang='grc' dir='ltr'>ἑορταὶ</span> <span class='ocrx_word' id='word_1_266' title='bbox 1696 4466 1838 4516; x_wconf 80' lang='grc' dir='ltr'>ἐκεῖ·</span> 
     </span>
    </p>
   </div>
   <div class='ocr_carea' id='block_1_39' title="bbox 282 4550 1837 4623">
    <p class='ocr_par' dir='ltr' id='par_1_39' title="bbox 282 4550 1837 4623">
     <span class='ocr_line' id='line_1_39' title="bbox 282 4550 1837 4623; baseline 0 -17"><span class='ocrx_word' id='word_1_267' title='bbox 282 4570 392 4606; x_wconf 88' lang='grc' dir='ltr'>ναι.</span> <span class='ocrx_word' id='word_1_268' title='bbox 422 4551 491 4605; x_wconf 79' lang='grc' dir='ltr'>Τί</span> <span class='ocrx_word' id='word_1_269' title='bbox 508 4552 553 4603; x_wconf 86' lang='grc' dir='ltr'><strong>δ’</strong></span> <span class='ocrx_word' id='word_1_270' title='bbox 584 4554 648 4604; x_wconf 81' lang='grc' dir='ltr'>ἂν</span> <span class='ocrx_word' id='word_1_271' title='bbox 674 4550 919 4620; x_wconf 84' lang='grc' dir='ltr'>βούλεται</span> <span class='ocrx_word' id='word_1_272' title='bbox 942 4555 999 4604; x_wconf 83' lang='grc' dir='ltr'>ὲν</span> <span class='ocrx_word' id='word_1_273' title='bbox 1022 4554 1170 4622; x_wconf 77' lang='grc' dir='ltr'>ἡμῖν,</span> <span class='ocrx_word' id='word_1_274' title='bbox 1200 4554 1436 4621; x_wconf 72' lang='grc' dir='ltr'>ἀδελφοὶ,</span> <span class='ocrx_word' id='word_1_275' title='bbox 1458 4555 1518 4606; x_wconf 82' lang='grc' dir='ltr'><strong>τὸ</strong></span> <span class='ocrx_word' id='word_1_276' title='bbox 1538 4555 1695 4623; x_wconf 83' lang='grc' dir='ltr'>Τρεῖς</span> <span class='ocrx_word' id='word_1_277' title='bbox 1717 4571 1837 4606; x_wconf 89' lang='grc' dir='ltr'>και-</span> 
     </span>
    </p>
   </div>
   <div class='ocr_carea' id='block_1_40' title="bbox 287 4643 1835 4715">
    <p class='ocr_par' dir='ltr' id='par_1_40' title="bbox 287 4643 1835 4715">
     <span class='ocr_line' id='line_1_40' title="bbox 287 4643 1835 4715; baseline 0 -19"><span class='ocrx_word' id='word_1_278' title='bbox 287 4646 417 4715; x_wconf 75' lang='grc' dir='ltr'>ροὺς</span> <span class='ocrx_word' id='word_1_279' title='bbox 446 4643 537 4696; x_wconf 87' lang='grc' dir='ltr'><strong>τοῦ</strong></span> <span class='ocrx_word' id='word_1_280' title='bbox 560 4643 807 4696; x_wconf 71' lang='grc' dir='ltr'>ἐνιαυτοῦ</span> <span class='ocrx_word' id='word_1_281' title='bbox 830 4644 1100 4712; x_wconf 70' lang='grc' dir='ltr'>φυλάξατε</span> <span class='ocrx_word' id='word_1_282' title='bbox 1132 4662 1221 4713; x_wconf 83' lang='grc' dir='ltr'><strong>μοι</strong></span> <span class='ocrx_word' id='word_1_283' title='bbox 1259 4649 1512 4715; x_wconf 78' lang='grc' dir='ltr'>νηστείαν</span> <span class='ocrx_word' id='word_1_284' title='bbox 1545 4646 1704 4713; x_wconf 86' lang='grc' dir='ltr'>ἀγίαν</span> <span class='ocrx_word' id='word_1_285' title='bbox 1728 4646 1835 4698; x_wconf 79' lang='grc' dir='ltr'>ἀπὸ</span> 
     </span>
    </p>
   </div>
   <div class='ocr_carea' id='block_1_41' title="bbox 288 4733 1903 4827">
    <p class='ocr_par' dir='ltr' id='par_1_41' title="bbox 288 4733 1903 4827">
     <span class='ocr_line' id='line_1_41' title="bbox 288 4733 1903 4827; baseline -0.001 -39"><span class='ocrx_word' id='word_1_286' title='bbox 288 4735 481 4806; x_wconf 80' lang='grc' dir='ltr'>μικροῦ</span> <span class='ocrx_word' id='word_1_287' title='bbox 518 4736 621 4795; x_wconf 72' lang='grc' dir='ltr'><strong>ἕως</strong></span> <span class='ocrx_word' id='word_1_288' title='bbox 674 4735 909 4804; x_wconf 72' lang='grc' dir='ltr'>μεγάλου</span> <span class='ocrx_word' id='word_1_289' title='bbox 962 4735 1115 4804; x_wconf 85' lang='grc' dir='ltr'>ὑμῶν</span> <span class='ocrx_word' id='word_1_290' title='bbox 1138 4752 1153 4801; x_wconf 87' lang='lat'><strong>;</strong></span> <span class='ocrx_word' id='word_1_291' title='bbox 1180 4735 1347 4799; x_wconf 80' lang='grc' dir='ltr'>τύπος</span> <span class='ocrx_word' id='word_1_292' title='bbox 1368 4736 1412 4788; x_wconf 83' lang='grc' dir='ltr'><strong>δ’</strong></span> <span class='ocrx_word' id='word_1_293' title='bbox 1448 4736 1535 4801; x_wconf 84' lang='grc' dir='ltr'>ἂν,</span> <span class='ocrx_word' id='word_1_294' title='bbox 1569 4738 1644 4797; x_wconf 86' lang='grc' dir='ltr'>ὠς</span> <span class='ocrx_word' id='word_1_295' title='bbox 1679 4733 1835 4804; x_wconf 81' lang='grc' dir='ltr'>οἶμαι</span> <span class='ocrx_word' id='word_1_296' title='bbox 1862 4772 1903 4827; x_wconf 78' lang='lat' dir='ltr'>C</span> 
     </span>
    </p>
   </div>
   <div class='ocr_carea' id='block_1_42' title="bbox 285 4826 1832 4899">
    <p class='ocr_par' dir='ltr' id='par_1_42' title="bbox 285 4826 1832 4899">
     <span class='ocr_line' id='line_1_42' title="bbox 285 4826 1832 4899; baseline -0.001 -18"><span class='ocrx_word' id='word_1_297' title='bbox 285 4829 588 4899; x_wconf 77' lang='grc' dir='ltr'>ἀκραιφνὴς</span> <span class='ocrx_word' id='word_1_298' title='bbox 622 4828 707 4897; x_wconf 74' lang='grc' dir='ltr'>εἴη</span> <span class='ocrx_word' id='word_1_299' title='bbox 730 4827 891 4880; x_wconf 87' lang='grc' dir='ltr'>τοῦτο</span> <span class='ocrx_word' id='word_1_300' title='bbox 920 4826 1019 4895; x_wconf 80' lang='grc' dir='ltr'>τῆς</span> <span class='ocrx_word' id='word_1_301' title='bbox 1040 4830 1175 4895; x_wconf 79' lang='grc' dir='ltr'>μιᾶς</span> <span class='ocrx_word' id='word_1_302' title='bbox 1214 4830 1308 4881; x_wconf 79' lang='grc' dir='ltr'><strong>καὶ</strong></span> <span class='ocrx_word' id='word_1_303' title='bbox 1342 4830 1505 4898; x_wconf 82' lang='grc' dir='ltr'>μόνης</span> <span class='ocrx_word' id='word_1_304' title='bbox 1555 4828 1832 4897; x_wconf 85' lang='grc' dir='ltr'>θεότητος,</span> 
     </span>
    </p>
   </div>
   <div class='ocr_carea' id='block_1_43' title="bbox 1946 2286 3498 2365">
    <p class='ocr_par' dir='ltr' id='par_1_43' title="bbox 1946 2286 3498 2365">
     <span class='ocr_line' id='line_1_43' title="bbox 1946 2286 3498 2365; baseline 0.005 -28"><span class='ocrx_word' id='word_1_305' title='bbox 1946 2286 2199 2340; x_wconf 89' lang='lat' dir='ltr'><strong>omnibus</strong></span> <span class='ocrx_word' id='word_1_306' title='bbox 2250 2297 2391 2365; x_wconf 86' lang='lat' dir='ltr'><strong>recte</strong></span> <span class='ocrx_word' id='word_1_307' title='bbox 2427 2296 2480 2341; x_wconf 91' lang='lat' dir='ltr'><strong>et</strong></span> <span class='ocrx_word' id='word_1_308' title='bbox 2523 2288 2771 2353; x_wconf 75' lang='lat' dir='ltr'><strong>religiose</strong></span> <span class='ocrx_word' id='word_1_309' title='bbox 2802 2289 2982 2343; x_wconf 85' lang='lat' dir='ltr'><strong>vivere</strong></span> <span class='ocrx_word' id='word_1_310' title='bbox 3005 2292 3333 2357; x_wconf 79' lang='lat' dir='ltr'><strong>volentibus,</strong></span> <span class='ocrx_word' id='word_1_311' title='bbox 3368 2308 3498 2362; x_wconf 89' lang='lat' dir='ltr'><strong>per-</strong></span> 
     </span>
    </p>
   </div>
   <div class='ocr_carea' id='block_1_44' title="bbox 1944 2376 3500 2452">
    <p class='ocr_par' dir='ltr' id='par_1_44' title="bbox 1944 2376 3500 2452">
     <span class='ocr_line' id='line_1_44' title="bbox 1944 2376 3500 2452; baseline 0.005 -23"><span class='ocrx_word' id='word_1_312' title='bbox 1944 2376 2129 2444; x_wconf 85' lang='lat' dir='ltr'><strong>spicue</strong></span> <span class='ocrx_word' id='word_1_313' title='bbox 2186 2386 2351 2444; x_wconf 83' lang='lat' dir='ltr'><strong>prout</strong></span> <span class='ocrx_word' id='word_1_314' title='bbox 2401 2377 2515 2431; x_wconf 84' lang='lat' dir='ltr'><strong>ﬁeri</strong></span> <span class='ocrx_word' id='word_1_315' title='bbox 2553 2380 2751 2446; x_wconf 78' lang='lat' dir='ltr'><strong>poterit</strong></span> <span class='ocrx_word' id='word_1_316' title='bbox 2798 2379 3192 2444; x_wconf 81' lang='lat' dir='ltr'><strong>demonstrare,</strong></span> <span class='ocrx_word' id='word_1_317' title='bbox 3223 2386 3500 2452; x_wconf 81' lang='lat' dir='ltr'><strong>quomodo</strong></span> 
     </span>
    </p>
   </div>
   <div class='ocr_carea' id='block_1_45' title="bbox 1944 2463 3497 2541">
    <p class='ocr_par' dir='ltr' id='par_1_45' title="bbox 1944 2463 3497 2541">
     <span class='ocr_line' id='line_1_45' title="bbox 1944 2463 3497 2541; baseline 0.005 -23"><span class='ocrx_word' id='word_1_318' title='bbox 1944 2466 2276 2518; x_wconf 77' lang='lat' dir='ltr'><strong>observanda</strong></span> <span class='ocrx_word' id='word_1_319' title='bbox 2314 2463 2383 2518; x_wconf 87' lang='lat' dir='ltr'><strong>sit</strong></span> <span class='ocrx_word' id='word_1_320' title='bbox 2412 2467 2692 2520; x_wconf 88' lang='lat' dir='ltr'><strong>circularis</strong></span> <span class='ocrx_word' id='word_1_321' title='bbox 2717 2468 2842 2520; x_wconf 89' lang='lat' dir='ltr'><strong>anni</strong></span> <span class='ocrx_word' id='word_1_322' title='bbox 2884 2470 3158 2537; x_wconf 85' lang='lat' dir='ltr'><strong>periodus,</strong></span> <span class='ocrx_word' id='word_1_323' title='bbox 3197 2481 3310 2526; x_wconf 89' lang='lat' dir='ltr'><strong>tum</strong></span> <span class='ocrx_word' id='word_1_324' title='bbox 3353 2473 3497 2541; x_wconf 87' lang='lat' dir='ltr'><strong>quo‘d</strong></span> 
     </span>
    </p>
   </div>
   <div class='ocr_carea' id='block_1_46' title="bbox 1943 2556 3502 2633">
    <p class='ocr_par' dir='ltr' id='par_1_46' title="bbox 1943 2556 3502 2633">
     <span class='ocr_line' id='line_1_46' title="bbox 1943 2556 3502 2633; baseline 0.005 -24"><span class='ocrx_word' id='word_1_325' title='bbox 1943 2556 2135 2609; x_wconf 86' lang='lat' dir='ltr'><strong>attinet</strong></span> <span class='ocrx_word' id='word_1_326' title='bbox 2186 2556 2251 2609; x_wconf 86' lang='lat' dir='ltr'><strong>ad</strong></span> <span class='ocrx_word' id='word_1_327' title='bbox 2300 2557 2534 2609; x_wconf 87' lang='lat' dir='ltr'><strong>tidelium</strong></span> <span class='ocrx_word' id='word_1_328' title='bbox 2587 2557 2861 2625; x_wconf 83' lang='lat' dir='ltr'><strong>pietatem,</strong></span> <span class='ocrx_word' id='word_1_329' title='bbox 2907 2570 3018 2613; x_wconf 90' lang='lat' dir='ltr'><strong>tum</strong></span> <span class='ocrx_word' id='word_1_330' title='bbox 3073 2564 3403 2631; x_wconf 87' lang='lat' dir='ltr'><strong>etiamquod</strong></span> <span class='ocrx_word' id='word_1_331' title='bbox 3432 2565 3502 2633; x_wconf 85' lang='lat' dir='ltr'><strong>ad</strong></span> 
     </span>
    </p>
   </div>
   <div class='ocr_carea' id='block_1_47' title="bbox 1947 2647 3502 2717">
    <p class='ocr_par' dir='ltr' id='par_1_47' title="bbox 1947 2647 3502 2717">
     <span class='ocr_line' id='line_1_47' title="bbox 1947 2647 3502 2717; baseline 0.005 -17"><span class='ocrx_word' id='word_1_332' title='bbox 1947 2648 2324 2702; x_wconf 68' lang='lat' dir='ltr'><strong>haereticorum</strong></span> <span class='ocrx_word' id='word_1_333' title='bbox 2369 2647 2748 2703; x_wconf 79' lang='lat' dir='ltr'><strong>refutationem</strong></span> <span class='ocrx_word' id='word_1_334' title='bbox 2781 2650 3033 2705; x_wconf 81' lang='lat' dir='ltr'><strong>refertur.</strong></span> <span class='ocrx_word' id='word_1_335' title='bbox 3068 2651 3273 2706; x_wconf 88' lang='lat' dir='ltr'><strong>Bonum</strong></span> <span class='ocrx_word' id='word_1_336' title='bbox 3321 2655 3422 2717; x_wconf 84' lang='lat' dir='ltr'><strong>sal,</strong></span> <span class='ocrx_word' id='word_1_337' title='bbox 3445 2667 3502 2707; x_wconf 86' lang='lat' dir='ltr'><strong>et</strong></span> 
     </span>
    </p>
   </div>
   <div class='ocr_carea' id='block_1_48' title="bbox 1945 2740 3500 2814">
    <p class='ocr_par' dir='ltr' id='par_1_48' title="bbox 1945 2740 3500 2814">
     <span class='ocr_line' id='line_1_48' title="bbox 1945 2740 3500 2814; baseline 0.004 -21"><span class='ocrx_word' id='word_1_338' title='bbox 1945 2740 2083 2793; x_wconf 90' lang='lat' dir='ltr'><strong>bona</strong></span> <span class='ocrx_word' id='word_1_339' title='bbox 2132 2743 2223 2794; x_wconf 83' lang='lat' dir='ltr'><strong>lux</strong></span> <span class='ocrx_word' id='word_1_340' title='bbox 2254 2758 2267 2794; x_wconf 92' lang='lat'><strong>:</strong></span> <span class='ocrx_word' id='word_1_341' title='bbox 2305 2758 2332 2792; x_wconf 86' lang='lat' dir='ltr'><strong>a</strong></span> <span class='ocrx_word' id='word_1_342' title='bbox 2366 2740 2565 2809; x_wconf 83' lang='lat' dir='ltr'><strong>quibus</strong></span> <span class='ocrx_word' id='word_1_343' title='bbox 2595 2741 2785 2811; x_wconf 80' lang='lat' dir='ltr'><strong>siquis</strong></span> <span class='ocrx_word' id='word_1_344' title='bbox 2820 2743 2993 2807; x_wconf 83' lang='lat' dir='ltr'><strong>abest,</strong></span> <span class='ocrx_word' id='word_1_345' title='bbox 3021 2746 3234 2799; x_wconf 62' lang='lat' dir='ltr'><strong>executit</strong></span> <span class='ocrx_word' id='word_1_346' title='bbox 3258 2761 3357 2799; x_wconf 86' lang='lat' dir='ltr'><strong>nec</strong></span> <span class='ocrx_word' id='word_1_347' title='bbox 3389 2762 3500 2814; x_wconf 87' lang='lat' dir='ltr'><strong>quo</strong></span> 
     </span>
    </p>
   </div>
   <div class='ocr_carea' id='block_1_49' title="bbox 1944 2823 3501 2901">
    <p class='ocr_par' dir='ltr' id='par_1_49' title="bbox 1944 2823 3501 2901">
     <span class='ocr_line' id='line_1_49' title="bbox 1944 2823 3501 2901; baseline 0.004 -18"><span class='ocrx_word' id='word_1_348' title='bbox 1944 2830 2085 2884; x_wconf 84' lang='lat' dir='ltr'><strong>vadit</strong></span> <span class='ocrx_word' id='word_1_349' title='bbox 2131 2829 2251 2894; x_wconf 82' lang='lat' dir='ltr'><strong>scit,</strong></span> <span class='ocrx_word' id='word_1_350' title='bbox 2284 2830 2423 2883; x_wconf 88' lang='lat' dir='ltr'><strong>sicut</strong></span> <span class='ocrx_word' id='word_1_351' title='bbox 2467 2830 2728 2885; x_wconf 81' lang='lat' dir='ltr'><strong>Dominus</strong></span> <span class='ocrx_word' id='word_1_352' title='bbox 2765 2843 2946 2887; x_wconf 87' lang='lat' dir='ltr'><strong>noster</strong></span> <span class='ocrx_word' id='word_1_353' title='bbox 2974 2823 3129 2887; x_wconf 81' lang='lat' dir='ltr'><strong>dixit.</strong></span> <span class='ocrx_word' id='word_1_354' title='bbox 3168 2834 3270 2901; x_wconf 88' lang='lat' dir='ltr'><strong>Qui</strong></span> <span class='ocrx_word' id='word_1_355' title='bbox 3314 2838 3501 2891; x_wconf 62' lang='lat' dir='ltr'><strong>ortboo</strong></span> 
     </span>
    </p>
   </div>
   <div class='ocr_carea' id='block_1_50' title="bbox 1942 2920 3497 2990">
    <p class='ocr_par' dir='ltr' id='par_1_50' title="bbox 1942 2920 3497 2990">
     <span class='ocr_line' id='line_1_50' title="bbox 1942 2920 3497 2990; baseline 0.004 -17"><span class='ocrx_word' id='word_1_356' title='bbox 1942 2921 2114 2974; x_wconf 68' lang='lat' dir='ltr'><strong>doxiae</strong></span> <span class='ocrx_word' id='word_1_357' title='bbox 2156 2921 2377 2973; x_wconf 87' lang='lat' dir='ltr'><strong>domum</strong></span> <span class='ocrx_word' id='word_1_358' title='bbox 2412 2920 2677 2974; x_wconf 65' lang='lat' dir='ltr'><strong>aediﬁcare</strong></span> <span class='ocrx_word' id='word_1_359' title='bbox 2720 2922 3067 2990; x_wconf 64' lang='lat' dir='ltr'><strong>aggreditur;</strong></span> <span class='ocrx_word' id='word_1_360' title='bbox 3086 2923 3497 2979; x_wconf 78' lang='lat' dir='ltr'><strong>fundamentum</strong></span> 
     </span>
    </p>
   </div>
   <div class='ocr_carea' id='block_1_51' title="bbox 1942 3008 3499 3082">
    <p class='ocr_par' dir='ltr' id='par_1_51' title="bbox 1942 3008 3499 3082">
     <span class='ocr_line' id='line_1_51' title="bbox 1942 3008 3499 3082; baseline 0.001 -20"><span class='ocrx_word' id='word_1_361' title='bbox 1942 3008 2216 3064; x_wconf 83' lang='lat' dir='ltr'><strong>immobile</strong></span> <span class='ocrx_word' id='word_1_362' title='bbox 2258 3024 2458 3077; x_wconf 82' lang='lat' dir='ltr'><strong>ponere</strong></span> <span class='ocrx_word' id='word_1_363' title='bbox 2495 3009 2673 3072; x_wconf 83' lang='lat' dir='ltr'><strong>debet,</strong></span> <span class='ocrx_word' id='word_1_364' title='bbox 2706 3024 2771 3063; x_wconf 83' lang='lat' dir='ltr'><strong>ex</strong></span> <span class='ocrx_word' id='word_1_365' title='bbox 2808 3012 3023 3065; x_wconf 78' lang='lat' dir='ltr'><strong>traditis</strong></span> <span class='ocrx_word' id='word_1_366' title='bbox 3052 3028 3081 3065; x_wconf 90' lang='lat' dir='ltr'><strong>a</strong></span> <span class='ocrx_word' id='word_1_367' title='bbox 3111 3014 3249 3067; x_wconf 89' lang='lat' dir='ltr'><strong>divis</strong></span> <span class='ocrx_word' id='word_1_368' title='bbox 3276 3022 3499 3082; x_wconf 84' lang='lat' dir='ltr'><strong>aposto-</strong></span> 
     </span>
    </p>
   </div>
   <div class='ocr_carea' id='block_1_52' title="bbox 1941 3098 3499 3173">
    <p class='ocr_par' dir='ltr' id='par_1_52' title="bbox 1941 3098 3499 3173">
     <span class='ocr_line' id='line_1_52' title="bbox 1941 3098 3499 3173; baseline 0.001 -18"><span class='ocrx_word' id='word_1_369' title='bbox 1941 3102 2006 3155; x_wconf 87' lang='lat' dir='ltr'><strong>lis</strong></span> <span class='ocrx_word' id='word_1_370' title='bbox 2057 3111 2111 3155; x_wconf 87' lang='lat' dir='ltr'><strong>et</strong></span> <span class='ocrx_word' id='word_1_371' title='bbox 2156 3101 2434 3170; x_wconf 79' lang='lat' dir='ltr'><strong>iuspiratis</strong></span> <span class='ocrx_word' id='word_1_372' title='bbox 2468 3098 2718 3155; x_wconf 86' lang='lat' dir='ltr'><strong>Patribus</strong></span> <span class='ocrx_word' id='word_1_373' title='bbox 2753 3100 2973 3167; x_wconf 73' lang='lat' dir='ltr'><strong>regulis.</strong></span> <span class='ocrx_word' id='word_1_374' title='bbox 3006 3107 3183 3171; x_wconf 79' lang='lat' dir='ltr'><strong>Atque</strong></span> <span class='ocrx_word' id='word_1_375' title='bbox 3229 3105 3279 3156; x_wconf 90' lang='lat' dir='ltr'><strong>in</strong></span> <span class='ocrx_word' id='word_1_376' title='bbox 3311 3106 3499 3173; x_wconf 81' lang='lat' dir='ltr'><strong>primis</strong></span> 
     </span>
    </p>
   </div>
   <div class='ocr_carea' id='block_1_53' title="bbox 1940 3192 3497 3256">
    <p class='ocr_par' dir='ltr' id='par_1_53' title="bbox 1940 3192 3497 3256">
     <span class='ocr_line' id='line_1_53' title="bbox 1940 3192 3497 3256; baseline 0.003 -14"><span class='ocrx_word' id='word_1_377' title='bbox 1940 3192 2241 3256; x_wconf 80' lang='lat' dir='ltr'><strong>videamus,</strong></span> <span class='ocrx_word' id='word_1_378' title='bbox 2293 3192 2419 3253; x_wconf 78' lang='lat' dir='ltr'><strong>quid</strong></span> <span class='ocrx_word' id='word_1_379' title='bbox 2479 3206 2631 3244; x_wconf 81' lang='lat' dir='ltr'><strong>sacra</strong></span> <span class='ocrx_word' id='word_1_380' title='bbox 2689 3193 2910 3246; x_wconf 85' lang='lat' dir='ltr'><strong>oracula</strong></span> <span class='ocrx_word' id='word_1_381' title='bbox 2964 3193 3169 3248; x_wconf 84' lang='lat' dir='ltr'><strong>dicant.</strong></span> <span class='ocrx_word' id='word_1_382' title='bbox 3219 3193 3309 3247; x_wconf 86' lang='lat' dir='ltr'><strong>Ait</strong></span> <span class='ocrx_word' id='word_1_383' title='bbox 3366 3195 3497 3247; x_wconf 90' lang='lat' dir='ltr'><strong>olim</strong></span> 
     </span>
    </p>
   </div>
   <div class='ocr_carea' id='block_1_54' title="bbox 1940 3279 3499 3352">
    <p class='ocr_par' dir='ltr' id='par_1_54' title="bbox 1940 3279 3499 3352">
     <span class='ocr_line' id='line_1_54' title="bbox 1940 3279 3499 3352; baseline 0.001 -17"><span class='ocrx_word' id='word_1_384' title='bbox 1940 3282 2201 3336; x_wconf 86' lang='lat' dir='ltr'><strong>Dominus</strong></span> <span class='ocrx_word' id='word_1_385' title='bbox 2231 3281 2573 3349; x_wconf 86' lang='lat' dir='ltr'><strong>bieropbanti</strong></span> <span class='ocrx_word' id='word_1_386' title='bbox 2600 3279 2804 3351; x_wconf 82' lang='lat' dir='ltr'><strong>Moysi:</strong></span> <span class='ocrx_word' id='word_1_387' title='bbox 2850 3304 2867 3334; x_wconf 77' lang='grc' dir='ltr'>ι</span> <span class='ocrx_word' id='word_1_388' title='bbox 2902 3282 3098 3337; x_wconf 89' lang='lat' dir='ltr'><strong>Tribus</strong></span> <span class='ocrx_word' id='word_1_389' title='bbox 3127 3285 3253 3338; x_wconf 82' lang='lat' dir='ltr'><strong>anui</strong></span> <span class='ocrx_word' id='word_1_390' title='bbox 3292 3293 3499 3352; x_wconf 89' lang='lat' dir='ltr'><strong>tempo-</strong></span> 
     </span>
    </p>
   </div>
   <div class='ocr_carea' id='block_1_55' title="bbox 1939 3372 3499 3443">
    <p class='ocr_par' dir='ltr' id='par_1_55' title="bbox 1939 3372 3499 3443">
     <span class='ocr_line' id='line_1_55' title="bbox 1939 3372 3499 3443; baseline 0 -16"><span class='ocrx_word' id='word_1_391' title='bbox 1939 3374 2091 3427; x_wconf 87' lang='lat' dir='ltr'><strong>ribus</strong></span> <span class='ocrx_word' id='word_1_392' title='bbox 2124 3381 2371 3427; x_wconf 83' lang='lat' dir='ltr'><strong>sanctunt</strong></span> <span class='ocrx_word' id='word_1_393' title='bbox 2398 3372 2662 3441; x_wconf 84' lang='lat' dir='ltr'><strong>jejunium</strong></span> <span class='ocrx_word' id='word_1_394' title='bbox 2696 3372 2828 3426; x_wconf 89' lang='lat' dir='ltr'><strong>mibi</strong></span> <span class='ocrx_word' id='word_1_395' title='bbox 2862 3375 3240 3436; x_wconf 88' lang='lat' dir='ltr'><strong>observabitis,</strong></span> <span class='ocrx_word' id='word_1_396' title='bbox 3272 3391 3300 3427; x_wconf 87' lang='lat' dir='ltr'><strong>a</strong></span> <span class='ocrx_word' id='word_1_397' title='bbox 3333 3388 3499 3443; x_wconf 88' lang='lat' dir='ltr'><strong>parvo</strong></span> 
     </span>
    </p>
   </div>
   <div class='ocr_carea' id='block_1_56' title="bbox 1939 3461 3499 3535">
    <p class='ocr_par' dir='ltr' id='par_1_56' title="bbox 1939 3461 3499 3535">
     <span class='ocr_line' id='line_1_56' title="bbox 1939 3461 3499 3535; baseline -0.001 -19"><span class='ocrx_word' id='word_1_398' title='bbox 1939 3464 2079 3517; x_wconf 89' lang='lat' dir='ltr'><strong>inter</strong></span> <span class='ocrx_word' id='word_1_399' title='bbox 2113 3479 2208 3516; x_wconf 87' lang='lat' dir='ltr'><strong>vos</strong></span> <span class='ocrx_word' id='word_1_400' title='bbox 2254 3464 2319 3515; x_wconf 86' lang='lat' dir='ltr'><strong>ad</strong></span> <span class='ocrx_word' id='word_1_401' title='bbox 2362 3476 2638 3533; x_wconf 80' lang='lat' dir='ltr'><strong>magnum.</strong></span> <span class='ocrx_word' id='word_1_402' title='bbox 2675 3461 2896 3517; x_wconf 83' lang='lat' dir='ltr'><strong>Festum</strong></span> <span class='ocrx_word' id='word_1_403' title='bbox 2947 3480 3261 3535; x_wconf 84' lang='lat' dir='ltr'><strong>azymorum</strong></span> <span class='ocrx_word' id='word_1_404' title='bbox 3321 3465 3499 3533; x_wconf 87' lang='lat' dir='ltr'><strong>primo</strong></span> 
     </span>
    </p>
   </div>
   <div class='ocr_carea' id='block_1_57' title="bbox 1936 3555 3495 3623">
    <p class='ocr_par' dir='ltr' id='par_1_57' title="bbox 1936 3555 3495 3623">
     <span class='ocr_line' id='line_1_57' title="bbox 1936 3555 3495 3623; baseline 0.001 -16"><span class='ocrx_word' id='word_1_405' title='bbox 1936 3570 2122 3609; x_wconf 84' lang='lat' dir='ltr'><strong>mense</strong></span> <span class='ocrx_word' id='word_1_406' title='bbox 2153 3573 2167 3607; x_wconf 89' lang='lat'><strong>:</strong></span> <span class='ocrx_word' id='word_1_407' title='bbox 2196 3555 2387 3608; x_wconf 88' lang='lat' dir='ltr'><strong>diebus</strong></span> <span class='ocrx_word' id='word_1_408' title='bbox 2421 3563 2624 3623; x_wconf 79' lang='lat' dir='ltr'><strong>septem</strong></span> <span class='ocrx_word' id='word_1_409' title='bbox 2647 3555 3010 3612; x_wconf 87' lang='lat' dir='ltr'><strong>bumiliabitis</strong></span> <span class='ocrx_word' id='word_1_410' title='bbox 3033 3558 3243 3611; x_wconf 78' lang='lat' dir='ltr'><strong>animas</strong></span> <span class='ocrx_word' id='word_1_411' title='bbox 3264 3566 3495 3618; x_wconf 82' lang='lat' dir='ltr'><strong>vestras,</strong></span> 
     </span>
    </p>
   </div>
   <div class='ocr_carea' id='block_1_58' title="bbox 1934 3646 3497 3715">
    <p class='ocr_par' dir='ltr' id='par_1_58' title="bbox 1934 3646 3497 3715">
     <span class='ocr_line' id='line_1_58' title="bbox 1934 3646 3497 3715; baseline -0.001 -15"><span class='ocrx_word' id='word_1_412' title='bbox 1934 3656 1989 3701; x_wconf 85' lang='lat' dir='ltr'><strong>et</strong></span> <span class='ocrx_word' id='word_1_413' title='bbox 2040 3662 2233 3715; x_wconf 86' lang='lat' dir='ltr'><strong>panem</strong></span> <span class='ocrx_word' id='word_1_414' title='bbox 2286 3646 2594 3699; x_wconf 79' lang='lat' dir='ltr'><strong>aiﬂlctiouis</strong></span> <span class='ocrx_word' id='word_1_415' title='bbox 2625 3649 3043 3701; x_wconf 87' lang='lat' dir='ltr'><strong>manducabitis.</strong></span> <span class='ocrx_word' id='word_1_416' title='bbox 3072 3646 3273 3701; x_wconf 74' lang='lat' dir='ltr'><strong>Deinde</strong></span> <span class='ocrx_word' id='word_1_417' title='bbox 3304 3660 3497 3700; x_wconf 86' lang='lat' dir='ltr'><strong>nume-</strong></span> 
     </span>
    </p>
   </div>
   <div class='ocr_carea' id='block_1_59' title="bbox 1935 3736 3495 3807">
    <p class='ocr_par' dir='ltr' id='par_1_59' title="bbox 1935 3736 3495 3807">
     <span class='ocr_line' id='line_1_59' title="bbox 1935 3736 3495 3807; baseline 0.003 -18"><span class='ocrx_word' id='word_1_418' title='bbox 1935 3737 2201 3789; x_wconf 85' lang='lat' dir='ltr'><strong>rabuntur</strong></span> <span class='ocrx_word' id='word_1_419' title='bbox 2247 3736 2403 3788; x_wconf 87' lang='lat' dir='ltr'><strong>vobis</strong></span> <span class='ocrx_word' id='word_1_420' title='bbox 2451 3736 2800 3791; x_wconf 56' lang='lat' dir='ltr'><strong>hebdomadas</strong></span> <span class='ocrx_word' id='word_1_421' title='bbox 2833 3751 3061 3807; x_wconf 86' lang='lat' dir='ltr'><strong>septem,</strong></span> <span class='ocrx_word' id='word_1_422' title='bbox 3108 3738 3333 3791; x_wconf 89' lang='lat' dir='ltr'><strong>omnino</strong></span> <span class='ocrx_word' id='word_1_423' title='bbox 3377 3739 3495 3793; x_wconf 85' lang='lat' dir='ltr'><strong>dies</strong></span> 
     </span>
    </p>
   </div>
   <div class='ocr_carea' id='block_1_60' title="bbox 1934 3825 3498 3896">
    <p class='ocr_par' dir='ltr' id='par_1_60' title="bbox 1934 3825 3498 3896">
     <span class='ocr_line' id='line_1_60' title="bbox 1934 3825 3498 3896; baseline 0.003 -20"><span class='ocrx_word' id='word_1_424' title='bbox 1934 3825 2349 3894; x_wconf 80' lang='lat' dir='ltr'><strong>quinquaginta;</strong></span> <span class='ocrx_word' id='word_1_425' title='bbox 2380 3834 2435 3879; x_wconf 91' lang='lat' dir='ltr'><strong>et</strong></span> <span class='ocrx_word' id='word_1_426' title='bbox 2460 3826 2795 3894; x_wconf 81' lang='lat' dir='ltr'><strong>appellabitis</strong></span> <span class='ocrx_word' id='word_1_427' title='bbox 2847 3828 2991 3881; x_wconf 88' lang='lat' dir='ltr'><strong>hunc</strong></span> <span class='ocrx_word' id='word_1_428' title='bbox 3015 3827 3232 3896; x_wconf 89' lang='lat' dir='ltr'><strong>pr0prio</strong></span> <span class='ocrx_word' id='word_1_429' title='bbox 3282 3826 3498 3880; x_wconf 90' lang='lat' dir='ltr'><strong>nomine</strong></span> 
     </span>
    </p>
   </div>
   <div class='ocr_carea' id='block_1_61' title="bbox 1932 3915 3494 3987">
    <p class='ocr_par' dir='ltr' id='par_1_61' title="bbox 1932 3915 3494 3987">
     <span class='ocr_line' id='line_1_61' title="bbox 1932 3915 3494 3987; baseline 0.001 -19"><span class='ocrx_word' id='word_1_430' title='bbox 1932 3915 2074 3968; x_wconf 86' lang='lat' dir='ltr'><strong>diem</strong></span> <span class='ocrx_word' id='word_1_431' title='bbox 2131 3925 2403 3979; x_wconf 88' lang='lat' dir='ltr'><strong>sanctum,</strong></span> <span class='ocrx_word' id='word_1_432' title='bbox 2461 3915 2722 3984; x_wconf 86' lang='lat' dir='ltr'><strong>iejunium</strong></span> <span class='ocrx_word' id='word_1_433' title='bbox 2763 3918 3116 3987; x_wconf 83' lang='lat' dir='ltr'><strong>acceptabile.</strong></span> <span class='ocrx_word' id='word_1_434' title='bbox 3172 3916 3238 3971; x_wconf 84' lang='lat' dir='ltr'><strong>Et</strong></span> <span class='ocrx_word' id='word_1_435' title='bbox 3282 3916 3494 3970; x_wconf 78' lang='lat' dir='ltr'><strong>decima</strong></span> 
     </span>
    </p>
   </div>
   <div class='ocr_carea' id='block_1_62' title="bbox 1932 4005 3489 4074">
    <p class='ocr_par' dir='ltr' id='par_1_62' title="bbox 1932 4005 3489 4074">
     <span class='ocr_line' id='line_1_62' title="bbox 1932 4005 3489 4074; baseline 0.002 -17"><span class='ocrx_word' id='word_1_436' title='bbox 1932 4005 2120 4074; x_wconf 77' lang='lat' dir='ltr'><strong>quinta</strong></span> <span class='ocrx_word' id='word_1_437' title='bbox 2175 4008 2379 4059; x_wconf 89' lang='lat' dir='ltr'><strong>mensis</strong></span> <span class='ocrx_word' id='word_1_438' title='bbox 2430 4006 2665 4074; x_wconf 88' lang='lat' dir='ltr'><strong>septimi,</strong></span> <span class='ocrx_word' id='word_1_439' title='bbox 2700 4008 2876 4060; x_wconf 89' lang='lat' dir='ltr'><strong>medio</strong></span> <span class='ocrx_word' id='word_1_440' title='bbox 2920 4022 3084 4071; x_wconf 86' lang='lat' dir='ltr'><strong>anno,</strong></span> <span class='ocrx_word' id='word_1_441' title='bbox 3119 4007 3314 4062; x_wconf 81' lang='lat' dir='ltr'><strong>festum</strong></span> <span class='ocrx_word' id='word_1_442' title='bbox 3368 4022 3489 4061; x_wconf 86' lang='lat' dir='ltr'><strong>sau-</strong></span> 
     </span>
    </p>
   </div>
   <div class='ocr_carea' id='block_1_63' title="bbox 1933 4094 3497 4162">
    <p class='ocr_par' dir='ltr' id='par_1_63' title="bbox 1933 4094 3497 4162">
     <span class='ocr_line' id='line_1_63' title="bbox 1933 4094 3497 4162; baseline 0.002 -14"><span class='ocrx_word' id='word_1_443' title='bbox 1933 4108 2078 4148; x_wconf 89' lang='lat' dir='ltr'><strong>ctum</strong></span> <span class='ocrx_word' id='word_1_444' title='bbox 2137 4094 2473 4162; x_wconf 68' lang='lat' dir='ltr'><strong>scenopegia:</strong></span> <span class='ocrx_word' id='word_1_445' title='bbox 2537 4096 2687 4149; x_wconf 85' lang='lat' dir='ltr'><strong>vobis</strong></span> <span class='ocrx_word' id='word_1_446' title='bbox 2741 4096 2879 4158; x_wconf 88' lang='lat' dir='ltr'><strong>erit,</strong></span> <span class='ocrx_word' id='word_1_447' title='bbox 2931 4106 2985 4149; x_wconf 86' lang='lat' dir='ltr'><strong>et</strong></span> <span class='ocrx_word' id='word_1_448' title='bbox 3030 4099 3239 4151; x_wconf 86' lang='lat' dir='ltr'><strong>animas</strong></span> <span class='ocrx_word' id='word_1_449' title='bbox 3286 4108 3497 4151; x_wconf 81' lang='lat' dir='ltr'><strong>vestras</strong></span> 
     </span>
    </p>
   </div>
   <div class='ocr_carea' id='block_1_64' title="bbox 1935 4186 3493 4251">
    <p class='ocr_par' dir='ltr' id='par_1_64' title="bbox 1935 4186 3493 4251">
     <span class='ocr_line' id='line_1_64' title="bbox 1935 4186 3493 4251; baseline 0.002 -12"><span class='ocrx_word' id='word_1_450' title='bbox 1935 4186 2293 4240; x_wconf 82' lang='lat' dir='ltr'><strong>bumiliabitis</strong></span> <span class='ocrx_word' id='word_1_451' title='bbox 2330 4202 2510 4239; x_wconf 88' lang='lat' dir='ltr'><strong>coram</strong></span> <span class='ocrx_word' id='word_1_452' title='bbox 2560 4186 2669 4239; x_wconf 85' lang='lat' dir='ltr'><strong>Deo</strong></span> <span class='ocrx_word' id='word_1_453' title='bbox 2707 4197 2907 4241; x_wconf 61' lang='lat' dir='ltr'><strong>vestro.</strong></span> <span class='ocrx_word' id='word_1_454' title='bbox 2959 4189 3023 4241; x_wconf 79' lang='lat' dir='ltr'><strong>Et</strong></span> <span class='ocrx_word' id='word_1_455' title='bbox 3062 4190 3241 4241; x_wconf 87' lang='lat' dir='ltr'><strong>omnis</strong></span> <span class='ocrx_word' id='word_1_456' title='bbox 3290 4190 3493 4251; x_wconf 87' lang='lat' dir='ltr'><strong>anima,</strong></span> 
     </span>
    </p>
   </div>
   <div class='ocr_carea' id='block_1_65' title="bbox 1934 4278 3498 4347">
    <p class='ocr_par' dir='ltr' id='par_1_65' title="bbox 1934 4278 3498 4347">
     <span class='ocr_line' id='line_1_65' title="bbox 1934 4278 3498 4347; baseline -0.001 -18"><span class='ocrx_word' id='word_1_457' title='bbox 1934 4293 2055 4347; x_wconf 70' lang='lat' dir='ltr'><strong>qua!</strong></span> <span class='ocrx_word' id='word_1_458' title='bbox 2102 4293 2161 4331; x_wconf 91' lang='lat' dir='ltr'><strong>se</strong></span> <span class='ocrx_word' id='word_1_459' title='bbox 2206 4292 2313 4329; x_wconf 88' lang='lat' dir='ltr'><strong>non</strong></span> <span class='ocrx_word' id='word_1_460' title='bbox 2361 4278 2749 4339; x_wconf 89' lang='lat' dir='ltr'><strong>humiliaverit,</strong></span> <span class='ocrx_word' id='word_1_461' title='bbox 2780 4278 3046 4331; x_wconf 88' lang='lat' dir='ltr'><strong>delebitur</strong></span> <span class='ocrx_word' id='word_1_462' title='bbox 3086 4278 3153 4330; x_wconf 86' lang='lat' dir='ltr'><strong>de</strong></span> <span class='ocrx_word' id='word_1_463' title='bbox 3199 4280 3377 4331; x_wconf 86' lang='lat' dir='ltr'><strong>medio</strong></span> <span class='ocrx_word' id='word_1_464' title='bbox 3408 4294 3498 4330; x_wconf 66' lang='lat' dir='ltr'><strong>V0.-</strong></span> 
     </span>
    </p>
   </div>
   <div class='ocr_carea' id='block_1_66' title="bbox 1934 4368 3496 4438">
    <p class='ocr_par' dir='ltr' id='par_1_66' title="bbox 1934 4368 3496 4438">
     <span class='ocr_line' id='line_1_66' title="bbox 1934 4368 3496 4438; baseline -0.001 -13"><span class='ocrx_word' id='word_1_465' title='bbox 1934 4380 2104 4425; x_wconf 86' lang='lat' dir='ltr'><strong>strum</strong></span> <span class='ocrx_word' id='word_1_466' title='bbox 2125 4370 2163 4422; x_wconf 74' lang='lat'><strong>‘.</strong></span> <span class='ocrx_word' id='word_1_467' title='bbox 2207 4388 2225 4420; x_wconf 73' lang='grc' dir='ltr'>ι</span> <span class='ocrx_word' id='word_1_468' title='bbox 2271 4368 2427 4429; x_wconf 80' lang='lat' dir='ltr'><strong>Hinc.</strong></span> <span class='ocrx_word' id='word_1_469' title='bbox 2454 4378 2513 4423; x_wconf 89' lang='lat' dir='ltr'><strong>ut</strong></span> <span class='ocrx_word' id='word_1_470' title='bbox 2565 4370 2796 4434; x_wconf 81' lang='lat' dir='ltr'><strong>videtur,</strong></span> <span class='ocrx_word' id='word_1_471' title='bbox 2826 4369 2965 4437; x_wconf 87' lang='lat' dir='ltr'><strong>apud</strong></span> <span class='ocrx_word' id='word_1_472' title='bbox 2998 4384 3100 4422; x_wconf 91' lang='lat' dir='ltr'><strong>nos</strong></span> <span class='ocrx_word' id='word_1_473' title='bbox 3129 4383 3347 4438; x_wconf 87' lang='lat' dir='ltr'><strong>quoque</strong></span> <span class='ocrx_word' id='word_1_474' title='bbox 3392 4370 3496 4423; x_wconf 88' lang='lat' dir='ltr'><strong>tria</strong></span> 
     </span>
    </p>
   </div>
   <div class='ocr_carea' id='block_1_67' title="bbox 1928 4460 3498 4530">
    <p class='ocr_par' dir='ltr' id='par_1_67' title="bbox 1928 4460 3498 4530">
     <span class='ocr_line' id='line_1_67' title="bbox 1928 4460 3498 4530; baseline -0.001 -17"><span class='ocrx_word' id='word_1_475' title='bbox 1928 4461 2135 4530; x_wconf 86' lang='lat' dir='ltr'><strong>jejunia</strong></span> <span class='ocrx_word' id='word_1_476' title='bbox 2159 4462 2542 4524; x_wconf 83' lang='lat' dir='ltr'><strong>observantur,</strong></span> <span class='ocrx_word' id='word_1_477' title='bbox 2568 4477 2688 4529; x_wconf 67' lang='lat' dir='ltr'><strong>quae</strong></span> <span class='ocrx_word' id='word_1_478' title='bbox 2710 4476 2741 4513; x_wconf 89' lang='lat' dir='ltr'><strong>a</strong></span> <span class='ocrx_word' id='word_1_479' title='bbox 2768 4460 3203 4514; x_wconf 84' lang='lat' dir='ltr'><strong>solemnitatibus</strong></span> <span class='ocrx_word' id='word_1_480' title='bbox 3249 4460 3355 4513; x_wconf 88' lang='lat' dir='ltr'><strong>illis</strong></span> <span class='ocrx_word' id='word_1_481' title='bbox 3403 4463 3498 4512; x_wconf 85' lang='lat' dir='ltr'><strong>de-</strong></span> 
     </span>
    </p>
   </div>
   <div class='ocr_carea' id='block_1_68' title="bbox 1934 4548 3496 4620">
    <p class='ocr_par' dir='ltr' id='par_1_68' title="bbox 1934 4548 3496 4620">
     <span class='ocr_line' id='line_1_68' title="bbox 1934 4548 3496 4620; baseline -0.002 -16"><span class='ocrx_word' id='word_1_482' title='bbox 1934 4552 2281 4604; x_wconf 83' lang='lat' dir='ltr'><strong>notabantur.</strong></span> <span class='ocrx_word' id='word_1_483' title='bbox 2309 4552 2449 4616; x_wconf 81' lang='lat' dir='ltr'><strong>Quid</strong></span> <span class='ocrx_word' id='word_1_484' title='bbox 2479 4566 2623 4603; x_wconf 88' lang='lat' dir='ltr'><strong>entut</strong></span> <span class='ocrx_word' id='word_1_485' title='bbox 2651 4550 2959 4620; x_wconf 76' lang='lat' dir='ltr'><strong>signiﬁcant</strong></span> <span class='ocrx_word' id='word_1_486' title='bbox 2986 4549 3132 4618; x_wconf 78' lang='lat' dir='ltr'><strong>apud</strong></span> <span class='ocrx_word' id='word_1_487' title='bbox 3162 4566 3281 4610; x_wconf 88' lang='lat' dir='ltr'><strong>nos,</strong></span> <span class='ocrx_word' id='word_1_488' title='bbox 3315 4567 3349 4603; x_wconf 86' lang='lat'><strong>0</strong></span> <span class='ocrx_word' id='word_1_489' title='bbox 3380 4548 3496 4602; x_wconf 80' lang='lat' dir='ltr'><strong>fra-</strong></span> 
     </span>
    </p>
   </div>
   <div class='ocr_carea' id='block_1_69' title="bbox 1937 4642 3495 4710">
    <p class='ocr_par' dir='ltr' id='par_1_69' title="bbox 1937 4642 3495 4710">
     <span class='ocr_line' id='line_1_69' title="bbox 1937 4642 3495 4710; baseline -0.001 -14"><span class='ocrx_word' id='word_1_490' title='bbox 1937 4653 2065 4708; x_wconf 88' lang='lat' dir='ltr'><strong>tres,</strong></span> <span class='ocrx_word' id='word_1_491' title='bbox 2127 4644 2288 4697; x_wconf 77' lang='lat' dir='ltr'><strong>verba</strong></span> <span class='ocrx_word' id='word_1_492' title='bbox 2342 4661 2355 4697; x_wconf 92' lang='lat'><strong>:</strong></span> <span class='ocrx_word' id='word_1_493' title='bbox 2416 4643 2587 4695; x_wconf 73' lang='lat' dir='ltr'><strong>tribus</strong></span> <span class='ocrx_word' id='word_1_494' title='bbox 2652 4643 2781 4695; x_wconf 89' lang='lat' dir='ltr'><strong>anni</strong></span> <span class='ocrx_word' id='word_1_495' title='bbox 2836 4642 3168 4710; x_wconf 87' lang='lat' dir='ltr'><strong>temporibus</strong></span> <span class='ocrx_word' id='word_1_496' title='bbox 3213 4643 3495 4695; x_wconf 85' lang='lat' dir='ltr'><strong>observate</strong></span> 
     </span>
    </p>
   </div>
   <div class='ocr_carea' id='block_1_70' title="bbox 1938 4730 3493 4800">
    <p class='ocr_par' dir='ltr' id='par_1_70' title="bbox 1938 4730 3493 4800">
     <span class='ocr_line' id='line_1_70' title="bbox 1938 4730 3493 4800; baseline -0.003 -13"><span class='ocrx_word' id='word_1_497' title='bbox 1938 4732 2481 4800; x_wconf 84' lang='lat' dir='ltr'><strong>sanctum-jejunium</strong></span> <span class='ocrx_word' id='word_1_498' title='bbox 2510 4748 2539 4785; x_wconf 88' lang='lat' dir='ltr'><strong>a</strong></span> <span class='ocrx_word' id='word_1_499' title='bbox 2566 4733 2790 4800; x_wconf 90' lang='lat' dir='ltr'><strong>parvulo</strong></span> <span class='ocrx_word' id='word_1_500' title='bbox 2814 4732 2881 4785; x_wconf 90' lang='lat' dir='ltr'><strong>ad</strong></span> <span class='ocrx_word' id='word_1_501' title='bbox 2910 4732 3151 4786; x_wconf 83' lang='lat' dir='ltr'><strong>adultum</strong></span> <span class='ocrx_word' id='word_1_502' title='bbox 3192 4732 3333 4785; x_wconf 87' lang='lat' dir='ltr'><strong>inter</strong></span> <span class='ocrx_word' id='word_1_503' title='bbox 3366 4730 3493 4784; x_wconf 84' lang='lat' dir='ltr'><strong>vos?</strong></span> 
     </span>
    </p>
   </div>
   <div class='ocr_carea' id='block_1_71' title="bbox 1936 4822 3491 4891">
    <p class='ocr_par' dir='ltr' id='par_1_71' title="bbox 1936 4822 3491 4891">
     <span class='ocr_line' id='line_1_71' title="bbox 1936 4822 3491 4891; baseline -0.002 -15"><span class='ocrx_word' id='word_1_504' title='bbox 1936 4823 2133 4891; x_wconf 69' lang='lat' dir='ltr'><strong>Figura</strong></span> <span class='ocrx_word' id='word_1_505' title='bbox 2194 4824 2309 4876; x_wconf 69' lang='lat' dir='ltr'><strong>banc</strong></span> <span class='ocrx_word' id='word_1_506' title='bbox 2373 4834 2473 4884; x_wconf 86' lang='lat' dir='ltr'><strong>est,</strong></span> <span class='ocrx_word' id='word_1_507' title='bbox 2525 4832 2583 4878; x_wconf 86' lang='lat' dir='ltr'><strong>ut</strong></span> <span class='ocrx_word' id='word_1_508' title='bbox 2636 4823 2888 4886; x_wconf 83' lang='lat' dir='ltr'><strong>arbitror,</strong></span> <span class='ocrx_word' id='word_1_509' title='bbox 2950 4833 3201 4875; x_wconf 85' lang='lat' dir='ltr'><strong>accurata</strong></span> <span class='ocrx_word' id='word_1_510' title='bbox 3229 4822 3399 4874; x_wconf 68' lang='lat' dir='ltr'><strong>unicae</strong></span> <span class='ocrx_word' id='word_1_511' title='bbox 3427 4836 3491 4873; x_wconf 85' lang='lat' dir='ltr'><strong>ac</strong></span> 
     </span>
    </p>
   </div>
   <div class='ocr_carea' id='block_1_72' title="bbox 284 4904 1904 4991">
    <p class='ocr_par' dir='ltr' id='par_1_72' title="bbox 284 4920 1839 4991">
     <span class='ocr_line' id='line_1_72' title="bbox 284 4920 1839 4991; baseline -0.001 -18"><span class='ocrx_word' id='word_1_512' title='bbox 284 4921 381 4973; x_wconf 75' lang='grc' dir='ltr'>καὶ</span> <span class='ocrx_word' id='word_1_513' title='bbox 408 4922 465 4973; x_wconf 68' lang='grc' dir='ltr'>ὲν</span> <span class='ocrx_word' id='word_1_514' title='bbox 489 4920 638 4989; x_wconf 68' lang='grc' dir='ltr'>τρισὶ</span> <span class='ocrx_word' id='word_1_515' title='bbox 669 4920 1042 4991; x_wconf 80' lang='grc' dir='ltr'>χαρακτῆρσιν</span> <span class='ocrx_word' id='word_1_516' title='bbox 1066 4920 1346 4991; x_wconf 71' lang='grc' dir='ltr'>ὁρωμένης</span> <span class='ocrx_word' id='word_1_517' title='bbox 1372 4937 1432 4972; x_wconf 86' lang='grc' dir='ltr'><strong>τε</strong></span> <span class='ocrx_word' id='word_1_518' title='bbox 1464 4921 1558 4973; x_wconf 75' lang='grc' dir='ltr'><strong>καὶ</strong></span> <span class='ocrx_word' id='word_1_519' title='bbox 1585 4920 1839 4989; x_wconf 82' lang='grc' dir='ltr'>λατρευο·</span> 
     </span>
    </p>
   </div>
   <div class='ocr_carea' id='block_1_73' title="bbox 1928 4904 3491 4991">
    <p class='ocr_par' dir='ltr' id='par_1_73' title="bbox 1937 4904 3491 4982">
     <span class='ocr_line' id='line_1_73' title="bbox 1937 4904 3491 4982; baseline -0.003 -13"><span class='ocrx_word' id='word_1_520' title='bbox 1937 4904 2361 4970; x_wconf 57' lang='lat' dir='ltr'><strong>solius&#39;deitatis</strong></span> <span class='ocrx_word' id='word_1_521' title='bbox 2387 4916 2439 4967; x_wconf 93' lang='lat' dir='ltr'><strong>in</strong></span> <span class='ocrx_word' id='word_1_522' title='bbox 2470 4916 2643 4968; x_wconf 87' lang='lat' dir='ltr'><strong>tribus</strong></span> <span class='ocrx_word' id='word_1_523' title='bbox 2676 4917 2918 4982; x_wconf 79' lang='lat' dir='ltr'><strong>personis</strong></span> <span class='ocrx_word' id='word_1_524' title='bbox 2946 4924 3199 4982; x_wconf 61' lang='lat' dir='ltr'><strong>spectatae</strong></span> <span class='ocrx_word' id='word_1_525' title='bbox 3222 4914 3491 4980; x_wconf 63' lang='lat' dir='ltr'><strong>cunasque</strong></span> 
     </span>
    </p>
   </div>
   <div class='ocr_carea' id='block_1_74' title="bbox 287 5010 1834 5082">
    <p class='ocr_par' dir='ltr' id='par_1_74' title="bbox 287 5010 1834 5082">
     <span class='ocr_line' id='line_1_74' title="bbox 287 5010 1834 5082; baseline 0.001 -19"><span class='ocrx_word' id='word_1_526' title='bbox 287 5012 455 5082; x_wconf 83' lang='grc' dir='ltr'>μένης</span> <span class='ocrx_word' id='word_1_527' title='bbox 507 5014 635 5080; x_wconf 78' lang='grc' dir='ltr'>παρ’</span> <span class='ocrx_word' id='word_1_528' title='bbox 658 5012 814 5081; x_wconf 75' lang='grc' dir='ltr'>ἡμῶν</span> <span class='ocrx_word' id='word_1_529' title='bbox 844 5016 955 5065; x_wconf 86' lang='grc' dir='ltr'><strong>τῶν</strong></span> <span class='ocrx_word' id='word_1_530' title='bbox 989 5016 1085 5082; x_wconf 74' lang='grc' dir='ltr'><strong>τῆς</strong></span> <span class='ocrx_word' id='word_1_531' title='bbox 1119 5014 1372 5081; x_wconf 70' lang='grc' dir='ltr'>ἀληθείαις</span> <span class='ocrx_word' id='word_1_532' title='bbox 1427 5010 1834 5081; x_wconf 85' lang='grc' dir='ltr'>προσκυνητῶν.</span> 
     </span>
    </p>
   </div>
   <div class='ocr_carea' id='block_1_75' title="bbox 284 5098 1834 5171">
    <p class='ocr_par' dir='ltr' id='par_1_75' title="bbox 284 5098 1834 5171">
     <span class='ocr_line' id='line_1_75' title="bbox 284 5098 1834 5171; baseline 0.001 -20"><span class='ocrx_word' id='word_1_533' title='bbox 284 5098 376 5151; x_wconf 85' lang='grc' dir='ltr'><strong>Διὸ</strong></span> <span class='ocrx_word' id='word_1_534' title='bbox 395 5100 541 5169; x_wconf 87' lang='grc' dir='ltr'>τρεῖς</span> <span class='ocrx_word' id='word_1_535' title='bbox 563 5102 689 5167; x_wconf 82' lang='grc' dir='ltr'>παρ’</span> <span class='ocrx_word' id='word_1_536' title='bbox 706 5102 836 5169; x_wconf 82' lang='grc' dir='ltr'>ἡμῖν</span> <span class='ocrx_word' id='word_1_537' title='bbox 859 5104 1097 5170; x_wconf 85' lang='grc' dir='ltr'>νηστεῖαι</span> <span class='ocrx_word' id='word_1_538' title='bbox 1112 5102 1551 5171; x_wconf 83' lang='grc' dir='ltr'>νενομοθέτηνται</span> <span class='ocrx_word' id='word_1_539' title='bbox 1574 5102 1651 5163; x_wconf 84' lang='grc' dir='ltr'><strong>είς</strong></span> <span class='ocrx_word' id='word_1_540' title='bbox 1669 5101 1834 5153; x_wconf 75' lang='grc' dir='ltr'>τιξπον</span> 
     </span>
    </p>
   </div>
   <div class='ocr_carea' id='block_1_76' title="bbox 284 5192 1831 5264">
    <p class='ocr_par' dir='ltr' id='par_1_76' title="bbox 284 5192 1831 5264">
     <span class='ocr_line' id='line_1_76' title="bbox 284 5192 1831 5264; baseline -0.001 -19"><span class='ocrx_word' id='word_1_541' title='bbox 284 5192 385 5261; x_wconf 82' lang='grc' dir='ltr'>τῆς</span> <span class='ocrx_word' id='word_1_542' title='bbox 424 5193 881 5263; x_wconf 80' lang='grc' dir='ltr'>ζωαρχικωτάτης</span> <span class='ocrx_word' id='word_1_543' title='bbox 910 5195 1136 5264; x_wconf 83' lang='grc' dir='ltr'>Τριάδος</span> <span class='ocrx_word' id='word_1_544' title='bbox 1168 5196 1231 5246; x_wconf 85' lang='grc' dir='ltr'>ὲκ</span> <span class='ocrx_word' id='word_1_545' title='bbox 1260 5195 1367 5246; x_wconf 85' lang='grc' dir='ltr'><strong>τῶν</strong></span> <span class='ocrx_word' id='word_1_546' title='bbox 1397 5195 1552 5247; x_wconf 83' lang='grc' dir='ltr'>θείων</span> <span class='ocrx_word' id='word_1_547' title='bbox 1576 5193 1831 5261; x_wconf 83' lang='grc' dir='ltr'>μαθητῶν</span> 
     </span>
    </p>
   </div>
   <div class='ocr_carea' id='block_1_77' title="bbox 283 5279 1830 5354">
    <p class='ocr_par' dir='ltr' id='par_1_77' title="bbox 283 5279 1830 5354">
     <span class='ocr_line' id='line_1_77' title="bbox 283 5279 1830 5354; baseline -0.001 -18"><span class='ocrx_word' id='word_1_548' title='bbox 283 5280 379 5336; x_wconf 75' lang='grc' dir='ltr'><strong>τοῦ</strong></span> <span class='ocrx_word' id='word_1_549' title='bbox 412 5282 732 5353; x_wconf 82' lang='grc' dir='ltr'>μονογενοῦς</span> <span class='ocrx_word' id='word_1_550' title='bbox 766 5283 894 5336; x_wconf 76' lang='grc' dir='ltr'>Υίοῦ</span> <span class='ocrx_word' id='word_1_551' title='bbox 919 5284 1013 5336; x_wconf 85' lang='grc' dir='ltr'><strong>τοῦ</strong></span> <span class='ocrx_word' id='word_1_552' title='bbox 1052 5283 1183 5337; x_wconf 89' lang='grc' dir='ltr'>Θεοῦ</span> <span class='ocrx_word' id='word_1_553' title='bbox 1220 5282 1331 5354; x_wconf 75' lang='grc'><strong>(13)</strong></span> <span class='ocrx_word' id='word_1_554' title='bbox 1359 5298 1373 5314; x_wconf 77' lang='grc'><strong><em>⁸</em></strong></span> <span class='ocrx_word' id='word_1_555' title='bbox 1409 5286 1500 5337; x_wconf 76' lang='grc' dir='ltr'><strong>καὶ</strong></span> <span class='ocrx_word' id='word_1_556' title='bbox 1526 5279 1592 5337; x_wconf 88' lang='grc' dir='ltr'><strong>αῦ</strong></span> <span class='ocrx_word' id='word_1_557' title='bbox 1628 5284 1830 5354; x_wconf 78' lang='grc' dir='ltr'>ἡμέραι</span> 
     </span>
    </p>
   </div>
   <div class='ocr_carea' id='block_1_78' title="bbox 358 5436 1118 5505">
    <p class='ocr_par' dir='ltr' id='par_1_78' title="bbox 358 5436 1118 5505">
     <span class='ocr_line' id='line_1_78' title="bbox 358 5436 1118 5505; baseline 0.003 -14"><span class='ocrx_word' id='word_1_558' title='bbox 358 5436 381 5472; x_wconf 82' lang='grc'>⁸</span> <span class='ocrx_word' id='word_1_559' title='bbox 416 5436 587 5493; x_wconf 85' lang='lat' dir='ltr'><strong>Exod.</strong></span> <span class='ocrx_word' id='word_1_560' title='bbox 615 5454 786 5505; x_wconf 86' lang='lat' dir='ltr'><strong>xxut;</strong></span> <span class='ocrx_word' id='word_1_561' title='bbox 818 5438 971 5495; x_wconf 90' lang='lat' dir='ltr'><strong>Deut.</strong></span> <span class='ocrx_word' id='word_1_562' title='bbox 1010 5455 1118 5494; x_wconf 78' lang='lat' dir='ltr'><strong>th.</strong></span> 
     </span>
    </p>
   </div>
   <div class='ocr_carea' id='block_1_79' title="bbox 1937 5003 3489 5072">
    <p class='ocr_par' dir='ltr' id='par_1_79' title="bbox 1937 5003 3489 5072">
     <span class='ocr_line' id='line_1_79' title="bbox 1937 5003 3489 5072; baseline -0.003 -11"><span class='ocrx_word' id='word_1_563' title='bbox 1937 5023 1966 5061; x_wconf 89' lang='lat' dir='ltr'><strong>a</strong></span> <span class='ocrx_word' id='word_1_564' title='bbox 2007 5005 2168 5061; x_wconf 87' lang='lat' dir='ltr'><strong>nobis</strong></span> <span class='ocrx_word' id='word_1_565' title='bbox 2198 5008 2442 5061; x_wconf 82' lang='lat' dir='ltr'><strong>veritatis</strong></span> <span class='ocrx_word' id='word_1_566' title='bbox 2476 5008 2874 5059; x_wconf 83' lang='lat' dir='ltr'><strong>adoratoribus.</strong></span> <span class='ocrx_word' id='word_1_567' title='bbox 2918 5006 3041 5059; x_wconf 89' lang='lat' dir='ltr'><strong>Ideo</strong></span> <span class='ocrx_word' id='word_1_568' title='bbox 3083 5006 3184 5057; x_wconf 88' lang='lat' dir='ltr'><strong>tria</strong></span> <span class='ocrx_word' id='word_1_569' title='bbox 3220 5003 3357 5072; x_wconf 85' lang='lat' dir='ltr'><strong>apud</strong></span> <span class='ocrx_word' id='word_1_570' title='bbox 3386 5018 3489 5056; x_wconf 89' lang='lat' dir='ltr'><strong>nos</strong></span> 
     </span>
    </p>
   </div>
   <div class='ocr_carea' id='block_1_80' title="bbox 1934 5094 3487 5167">
    <p class='ocr_par' dir='ltr' id='par_1_80' title="bbox 1934 5094 3487 5167">
     <span class='ocr_line' id='line_1_80' title="bbox 1934 5094 3487 5167; baseline -0.006 -14"><span class='ocrx_word' id='word_1_571' title='bbox 1934 5100 2142 5167; x_wconf 82' lang='lat' dir='ltr'><strong>jejunia</strong></span> <span class='ocrx_word' id='word_1_572' title='bbox 2184 5100 2393 5152; x_wconf 87' lang='lat' dir='ltr'><strong>sancita</strong></span> <span class='ocrx_word' id='word_1_573' title='bbox 2426 5098 2645 5151; x_wconf 73' lang='lat' dir='ltr'><strong>fuerunt</strong></span> <span class='ocrx_word' id='word_1_574' title='bbox 2678 5114 2708 5150; x_wconf 77' lang='grc' dir='ltr'>ιι</span> <span class='ocrx_word' id='word_1_575' title='bbox 2740 5097 2880 5150; x_wconf 87' lang='lat' dir='ltr'><strong>divis</strong></span> <span class='ocrx_word' id='word_1_576' title='bbox 2909 5094 3191 5163; x_wconf 85' lang='lat' dir='ltr'><strong>discipulis</strong></span> <span class='ocrx_word' id='word_1_577' title='bbox 3227 5094 3487 5163; x_wconf 79' lang='lat' dir='ltr'><strong>unigeniti</strong></span> 
     </span>
    </p>
   </div>
   <div class='ocr_carea' id='block_1_81' title="bbox 1940 5173 3489 5258">
    <p class='ocr_par' dir='ltr' id='par_1_81' title="bbox 1940 5173 3489 5258">
     <span class='ocr_line' id='line_1_81' title="bbox 1940 5173 3489 5258; baseline -0.003 -16"><span class='ocrx_word' id='word_1_578' title='bbox 1940 5189 2057 5243; x_wconf 82' lang='lat' dir='ltr'><strong>Filii</strong></span> <span class='ocrx_word' id='word_1_579' title='bbox 2093 5189 2179 5244; x_wconf 83' lang='lat' dir='ltr'><strong>Dei</strong></span> <span class='ocrx_word' id='word_1_580' title='bbox 2233 5190 2303 5242; x_wconf 88' lang='lat' dir='ltr'><strong>ob</strong></span> <span class='ocrx_word' id='word_1_581' title='bbox 2332 5173 2660 5258; x_wconf 39' lang='lat' dir='ltr'><strong>ll&#39;gurandam</strong></span> <span class='ocrx_word' id='word_1_582' title='bbox 2717 5188 2980 5241; x_wconf 82' lang='lat' dir='ltr'><strong>viviﬁcam</strong></span> <span class='ocrx_word' id='word_1_583' title='bbox 3036 5186 3372 5241; x_wconf 86' lang='lat' dir='ltr'><strong>Trinitatem.</strong></span> <span class='ocrx_word' id='word_1_584' title='bbox 3422 5183 3489 5238; x_wconf 81' lang='lat' dir='ltr'><strong>Et</strong></span> 
     </span>
    </p>
   </div>
   <div class='ocr_carea' id='block_1_82' title="bbox 1935 5277 3485 5352">
    <p class='ocr_par' dir='ltr' id='par_1_82' title="bbox 1935 5277 3485 5352">
     <span class='ocr_line' id='line_1_82' title="bbox 1935 5277 3485 5352; baseline -0.003 -17"><span class='ocrx_word' id='word_1_585' title='bbox 1935 5282 2151 5352; x_wconf 85' lang='lat' dir='ltr'><strong>quidem</strong></span> <span class='ocrx_word' id='word_1_586' title='bbox 2169 5282 2290 5335; x_wconf 65' lang='lat' dir='ltr'><strong>dum</strong></span> <span class='ocrx_word' id='word_1_587' title='bbox 2310 5290 2509 5336; x_wconf 76' lang='lat' dir='ltr'><strong>sancta:</strong></span> <span class='ocrx_word' id='word_1_588' title='bbox 2532 5290 2689 5335; x_wconf 88' lang='lat' dir='ltr'><strong>erunt</strong></span> <span class='ocrx_word' id='word_1_589' title='bbox 2711 5280 2867 5335; x_wconf 90' lang='lat' dir='ltr'><strong>vobis</strong></span> <span class='ocrx_word' id='word_1_590' title='bbox 2884 5280 2939 5333; x_wconf 88' lang='lat' dir='ltr'><strong>in</strong></span> <span class='ocrx_word' id='word_1_591' title='bbox 2964 5278 3299 5334; x_wconf 86' lang='lat' dir='ltr'><strong>bebdomada</strong></span> <span class='ocrx_word' id='word_1_592' title='bbox 3320 5277 3485 5340; x_wconf 58' lang='lat' dir='ltr'><strong>feriae,</strong></span> 
     </span>
    </p>
   </div>
   <div class='ocr_carea' id='block_1_83' title="bbox 1725 5571 1952 5631">
    <p class='ocr_par' dir='ltr' id='par_1_83' title="bbox 1725 5571 1952 5631">
     <span class='ocr_line' id='line_1_83' title="bbox 1725 5571 1952 5631; baseline 0.013 -3"><span class='ocrx_word' id='word_1_593' title='bbox 1725 5571 1952 5631; x_wconf 67' lang='lat' dir='ltr'><strong>NOTAE.</strong></span> 
     </span>
    </p>
   </div>
   <div class='ocr_carea' id='block_1_84' title="bbox 359 5663 1824 5745">
    <p class='ocr_par' dir='ltr' id='par_1_84' title="bbox 359 5663 1824 5745">
     <span class='ocr_line' id='line_1_84' title="bbox 359 5663 1824 5745; baseline 0.001 -25"><span class='ocrx_word' id='word_1_594' title='bbox 359 5665 469 5745; x_wconf 76' lang='lat' dir='ltr'><strong>(l2)</strong></span> <span class='ocrx_word' id='word_1_595' title='bbox 501 5665 773 5745; x_wconf 65' lang='lat' dir='ltr'><strong>lucOgnita</strong></span> <span class='ocrx_word' id='word_1_596' title='bbox 805 5674 889 5745; x_wconf 70' lang='lat' dir='ltr'><strong>est</strong></span> <span class='ocrx_word' id='word_1_597' title='bbox 913 5663 1370 5745; x_wconf 58' lang='lat' dir='ltr'><strong>haecatechesis,</strong></span> <span class='ocrx_word' id='word_1_598' title='bbox 1408 5678 1529 5745; x_wconf 64' lang='lat' dir='ltr'><strong>quae</strong></span> <span class='ocrx_word' id='word_1_599' title='bbox 1557 5664 1612 5718; x_wconf 88' lang='lat' dir='ltr'><strong>in</strong></span> <span class='ocrx_word' id='word_1_600' title='bbox 1636 5675 1824 5721; x_wconf 84' lang='lat' dir='ltr'><strong>neutra</strong></span> 
     </span>
    </p>
   </div>
   <div class='ocr_carea' id='block_1_85' title="bbox 289 5735 1623 5792">
    <p class='ocr_par' dir='ltr' id='par_1_85' title="bbox 289 5735 1623 5792">
     <span class='ocr_line' id='line_1_85' title="bbox 289 5735 1623 5792; baseline -0.003 0"><span class='ocrx_word' id='word_1_601' title='bbox 289 5736 649 5792; x_wconf 81' lang='lat' dir='ltr'><strong>cateebesium</strong></span> <span class='ocrx_word' id='word_1_602' title='bbox 692 5736 914 5789; x_wconf 65' lang='lat' dir='ltr'><strong>Studien</strong></span> <span class='ocrx_word' id='word_1_603' title='bbox 951 5735 1265 5789; x_wconf 89' lang='lat' dir='ltr'><strong>collectione</strong></span> <span class='ocrx_word' id='word_1_604' title='bbox 1292 5735 1623 5789; x_wconf 88' lang='lat' dir='ltr'><strong>nominatur.</strong></span> 
     </span>
    </p>
   </div>
   <div class='ocr_carea' id='block_1_86' title="bbox 358 5802 1824 5876">
    <p class='ocr_par' dir='ltr' id='par_1_86' title="bbox 358 5802 1824 5876">
     <span class='ocr_line' id='line_1_86' title="bbox 358 5802 1824 5876; baseline 0.001 -17"><span class='ocrx_word' id='word_1_605' title='bbox 358 5806 469 5876; x_wconf 73' lang='lat'><strong>(1&#39;5)</strong></span> <span class='ocrx_word' id='word_1_606' title='bbox 502 5808 574 5861; x_wconf 86' lang='lat' dir='ltr'><strong>De</strong></span> <span class='ocrx_word' id='word_1_607' title='bbox 607 5805 779 5862; x_wconf 83' lang='lat' dir='ltr'><strong>tribus</strong></span> <span class='ocrx_word' id='word_1_608' title='bbox 812 5804 1239 5876; x_wconf 74' lang='lat' dir='ltr'><strong>quadragesimis</strong></span> <span class='ocrx_word' id='word_1_609' title='bbox 1274 5804 1463 5859; x_wconf 86' lang='lat' dir='ltr'><strong>scribit</strong></span> <span class='ocrx_word' id='word_1_610' title='bbox 1502 5802 1824 5861; x_wconf 84' lang='lat' dir='ltr'><strong>Anastasius</strong></span> 
     </span>
    </p>
   </div>
   <div class='ocr_carea' id='block_1_87' title="bbox 1930 5662 3487 5807">
    <p class='ocr_par' dir='ltr' id='par_1_87' title="bbox 1930 5662 3487 5807">
     <span class='ocr_line' id='line_1_87' title="bbox 1930 5662 3487 5807; baseline -0.003 -87"><span class='ocrx_word' id='word_1_611' title='bbox 2204 5665 2346 5737; x_wconf 86' lang='lat' dir='ltr'><strong>apud</strong></span> <span class='ocrx_word' id='word_1_612' title='bbox 2400 5665 2632 5724; x_wconf 88' lang='lat' dir='ltr'><strong>Coteler.</strong></span> <span class='ocrx_word' id='word_1_613' title='bbox 2685 5668 2923 5723; x_wconf 82' lang='lat' dir='ltr'><strong>Monum.</strong></span> <span class='ocrx_word' id='word_1_614' title='bbox 2980 5664 3124 5720; x_wconf 80' lang='lat' dir='ltr'><strong>Eccl.</strong></span> <span class='ocrx_word' id='word_1_615' title='bbox 3188 5662 3283 5720; x_wconf 85' lang='lat' dir='ltr'><strong>Gr.</strong></span> <span class='ocrx_word' id='word_1_616' title='bbox 3330 5672 3370 5717; x_wconf 93' lang='lat' dir='ltr'><strong>t.</strong></span> <span class='ocrx_word' id='word_1_617' title='bbox 3402 5662 3487 5730; x_wconf 82' lang='lat' dir='ltr'><strong>Ill,</strong></span> 
     </span>
    </p>
   </div>
  </div>
