4184 6472
748 395 766 458 1
778 397 882 458 695

1921 394 1979 453 S.
2019 389 2408 453 THEODORI
2448 385 2792 449 STUDIT/E

3849 373 3982 436 1696

741 515 936 578 quarta
962 513 1015 560 et
1042 514 1211 561 sexta.
1241 504 1380 572 Quid
1419 518 1584 575 porro
1636 503 1740 559 hoc
1778 518 1995 574 quoque
2022 503 2302 575 signiﬁcat1

2411 499 2506 557 δύο
2555 500 2718 567 ἁγναὶ
2774 495 3019 547 εστωσαν
3047 491 3175 557 ὑμῖν
3205 489 3262 542 ὲν
3311 485 3450 541 ἑπτὰ
3476 485 3742 578 ἡμέραις,
3764 489 3983 578 τετράδι

739 617 804 654 ex
837 609 1042 670 septem
1070 599 1262 652 diebus
1309 598 1419 652 duo
1470 594 2308 652 observabuntur.sanctiﬁcati?

743 691 813 746 Ut
842 692 1096 754 arbitror,
1132 691 1184 742 in
1221 689 1493 758 periodico
1539 697 1782 757 tempore
1821 698 1953 742 rota:
1987 685 2309 756 heptacycli-

740 798 838 848 cae,
861 783 982 836 dua:
999 797 1082 834 res
1101 788 1303 834 saucue
1343 779 1799 843 observabuntur,
1833 777 2087 831 divinitas
2124 787 2176 831 et
2203 777 2307 830 hu-

744 875 972 927 manitas
1008 874 1170 925 unius
1195 883 1248 926 et
1287 870 1508 925 sublimi
1542 869 1754 923 ratione
1783 870 1918 923 uniti
1943 868 2062 922 Filii
2099 866 2214 930 Dei.
2255 875 2309 921 et

740 975 943 1020 sancta:
965 964 1171 1019 Matris.
1202 964 1435 1019 Aliunde
1478 963 1640 1017 etiam
1682 962 1914 1024 videtur,
1946 960 2308 1016 hebdomada-

743 1057 822 1108 rio
856 1055 1008 1126 cyclo
1040 1055 1217 1108 trinus
1273 1054 1520 1108 denotari
1576 1062 1732 1123 typus
1785 1067 1879 1121 per
1911 1052 2050 1116 dies,
2083 1053 2224 1105 sicut
2252 1050 2304 1104 in

739 1161 884 1198 anno
940 1160 971 1199 a
1029 1144 1278 1198 ﬁdelibus
1340 1142 1630 1198 manifeste
1687 1144 1988 1197 honoratur
2033 1143 2306 1213 genuinus

741 1234 1025 1288 Trinitatis
1055 1245 1230 1305 typus.

807 1404 862 1460 2.
898 1406 1119 1461 Primus
1164 1405 1599 1477 quadragesimae
1652 1405 1940 1460 terminus.
1997 1404 2176 1458 Prima
2222 1413 2306 1459 est

739 1498 854 1564 ipsa
880 1495 1085 1552 Christi
1141 1497 1442 1552 nativitatis
1501 1496 1854 1561 solemnitas,
1896 1513 2016 1566 qua:
2047 1498 2097 1548 in
2130 1495 2305 1550 Patris

739 1599 924 1659 typum
960 1590 1292 1656 assumitur,
1330 1597 1600 1659 quatenus
1636 1589 1751 1658 ipse
1767 1589 1947 1644 sciens
1982 1589 2307 1657 complacuit

737 1683 840 1736 sibi
871 1681 937 1737 de
968 1682 1088 1736 Filii
1122 1685 1206 1738 sui
1241 1683 1596 1752 conceptione
1615 1697 1678 1737 ac
1704 1683 2004 1739 nativitate.
2030 1682 2302 1748 Quamob-

739 1788 853 1826 rem
907 1780 962 1826 et
1015 1773 1372 1842 quadraginta
1430 1773 1641 1826 dierum
1671 1787 1928 1828 numerus
1955 1774 2301 1844 praescriptus

737 1876 838 1927 est,
873 1872 931 1918 ut
956 1864 1166 1933 jejunio
1201 1863 1400 1934 Moysis
1427 1872 1480 1918 et
1518 1861 1668 1917 Ειξω.

805 1955 858 2008 5.
889 1952 1173 2009 Secundus
1209 1957 1494 2008 terminus.
1535 1953 1663 2007 Post
1694 1953 1838 2006 illam
1874 1953 2134 2020 secunda,
2185 1971 2306 2024 quae

737 2062 928 2117 magna
963 2047 1375 2116 quadragesima
1409 2046 1631 2108 dicitur,
1657 2055 1842 2116 typum
1870 2046 2031 2100 rel'ert
2053 2047 2306 2117 Unigeui-

737 2141 773 2192 ti
806 2157 820 2194 :
852 2155 1013 2208 quam
1060 2140 1277 2206 quidem
1327 2138 1442 2206 ipse
1499 2139 1662 2192 etiam
1704 2138 1993 2193 manifeste
2047 2141 2302 2206 ostendit,

735 2232 864 2282 dum
902 2230 1078 2283 tribus
1114 2229 1274 2283 anuis
1301 2243 1420 2282 eam
1451 2229 1784 2294 observavit,
1817 2241 2100 2300 postquam
2136 2247 2164 2284 a
2213 2236 2306 2285 ba-

739 2321 937 2389 ptismo
969 2321 1310 2374 ascenderat.
1340 2318 1495 2374 Unde
1525 2331 1705 2375 autem
1744 2321 1796 2376 id
1843 2323 2164 2388 innotescat,
2218 2325 2305 2376 itt-

736 2413 940 2482 telligat
969 2425 1180 2464 mecum
1232 2420 1286 2465 et
1332 2421 1481 2465 certo
1511 2423 1772 2481 agnoscat
1824 2414 2039 2467 auditor
2067 2432 2080 2466 :
2111 2431 2304 2484 nempe

735 2502 1012 2571 trigesimo
1030 2502 1204 2555 :etatis
1223 2516 1368 2555 anno
1399 2503 1726 2570 baptismum
1759 2507 2001 2573 suscepit
2021 2504 2299 2569 Dominus,

733 2605 787 2650 et
819 2594 1058 2649 triennio
1089 2595 1342 2664 posthinc
1382 2603 1608 2648 mortem
1664 2597 1850 2650 subiit.
1900 2596 2100 2662 Quare,
2160 2611 2219 2652 ut
2273 2615 2304 2654 e

739 2687 905 2755 probe
935 2686 1120 2753 gnaris
1151 2686 1494 2754 rescivimus,
1516 2698 1598 2744 ter
1630 2687 1734 2744 hoc
1766 2705 2008 2743 annuum
2036 2689 2302 2759 jejunium

733 2778 1064 2832 observavit.

803 2871 857 2924 4.
905 2868 1125 2925 Tertius
1155 2871 1442 2926 terminus.
1485 2869 1666 2926 Tertia
1699 2888 1826 2928 vero
1852 2882 1976 2939 post
2005 2874 2144 2928 hanc
2165 2891 2302 2944 qua-

733 2964 1064 3032 dragesima,
1105 2979 1227 3033 qua:
1253 2965 1416 3017 etiam
1445 2965 1816 3033 apostolorum
1853 2981 1880 3018 a
1906 2967 2182 3022 nonnullis
2209 2984 2303 3034 ap-

733 3056 962 3124 pellatur
985 3100 999 3121 ,
1034 3067 1193 3128 typus
1227 3059 1486 3114 habeatur
1525 3059 1848 3114 viviﬁcantis
1895 3058 2162 3129 Spiritus,
2212 3063 2304 3132 qui

732 3147 894 3202 etiam
929 3152 1205 3216 apostolos
1223 3149 1410 3203 docuit
1439 3151 1620 3203 omnia
1648 3166 1768 3219 qua:
1792 3152 1890 3220 ipsi
1913 3166 1941 3204 ι
1961 3150 2117 3206 Patre
2138 3152 2302 3206 Filio-

730 3251 837 3302 que
859 3237 1160 3306 signiﬁcata
1189 3238 1427 3292 fuerunt.
1454 3239 1548 3293 Est
1571 3255 1701 3294 vero
1720 3242 1876 3294 trium
1903 3258 2070 3295 unum
2100 3258 2294 3297 nomen

731 3329 926 3390 deitas,
961 3329 1012 3382 in
1047 3331 1220 3386 tribus
1253 3339 1432 3386 tamen
1466 3333 1717 3402 personis
1742 3335 1922 3402 agnita
1965 3342 2020 3388 et
2052 3335 2296 3388 adorata.

804 3501 858 3556 5.
931 3500 1038 3556 Sed
1081 3517 1180 3572 age
1234 3503 1349 3572 jam
1408 3516 1588 3557 sermo
1625 3501 1692 3558 ad
1739 3503 2081 3574 propositum
2140 3519 2302 3558 suum

728 3589 986 3655 accedat,
1053 3602 1108 3646 et
1176 3592 1387 3662 singula
1468 3594 1688 3662 proprio
1763 3597 1992 3662 tempori
2079 3596 2303 3663 depute-

731 3698 876 3749 mus,
925 3694 1032 3737 tam
1074 3684 1272 3737 diebus
1323 3700 1488 3753 quant
1521 3685 1920 3751 hebdomadis,
1971 3695 2027 3740 et
2083 3703 2189 3755 qua
2239 3689 2304 3740 de

728 3789 894 3828 causa
933 3773 1004 3826 ita
1031 3775 1389 3828 constitutum
1425 3776 1515 3831 sit.
1551 3773 1755 3843 Quarta
1785 3790 1916 3830 sane
1943 3785 1997 3830 et
2040 3788 2190 3829 sexta
2225 3774 2304 3829 fe-

733 3866 809 3918 ria
835 3865 1046 3935 jejunio
1072 3881 1287 3936 semper
1306 3867 1720 3922 sanctiﬁceutur
1743 3867 2043 3936 jejunaudo
2068 3882 2098 3920 a
2119 3881 2298 3932 caseo,

728 3957 968 4024 piscibus
1022 3967 1076 4011 et
1111 3959 1253 4021 oleo,
1287 3959 1746 4026 quemadmodum
1779 3958 1889 4012 divi
1925 3958 2169 4026 Aposmli
2198 4000 2212 4022 ,
2249 3968 2303 4013 et

727 4057 851 4116 post
883 4050 1005 4104 illos
1045 4050 1310 4104 divinitus
1368 4049 1619 4120 iuspirati
1652 4049 1842 4105 Patres
1881 4051 2302 4105 constituerunt.

727 4138 832 4192 Sed
863 4152 1044 4194 tamen
1074 4140 1125 4193 in
1148 4141 1456 4208 purissima:
1486 4139 1727 4210 Deiparae
1752 4138 2061 4202 Nativitate,
2076 4140 2306 4209 ejusque

723 4231 779 4286 in
818 4230 1076 4300 templum
1105 4232 1358 4300 lngressu
1379 4271 1394 4296 ,
1444 4241 1498 4286 et
1551 4231 1606 4285 in
1650 4231 1758 4285 alio
1784 4230 1926 4286 festo
1955 4231 2098 4300 quod
2127 4229 2306 4301 llypa-

2416 591 2558 663 φημὶ
2605 589 2699 642 καὶ
2729 589 2797 658 τῇ
2825 585 2984 657 ἕκτῃ.
3021 584 3086 637 Τί
3115 583 3172 636 δὲ
3206 580 3301 634 καὶ
3326 578 3485 633 τοῦτό
3512 579 3629 630 ἐστι
3656 576 3876 663 δηλοῦν,
3901 580 3979 642 τὸ,

2413 662 2506 735 Ἐν
2526 678 2666 734 ἑπτὰ
2701 676 2940 749 ἡμέραις
2979 674 3075 728 δύο
3111 668 3421 742 τηρηθῶσιν
3466 668 3656 736 ἁγναίς
3695 668 3774 728 ὡς
3831 662 3983 733 οἶμαι

2413 772 2585 839 τουτὶ,
2610 772 2689 842 τῷ
2733 767 3028 840 περιοδικῷ
3050 765 3226 836 χρόνῳ
3253 762 3355 832 τῆς
3385 761 3730 814 ὲπτακύκλου
3760 758 3978 829 τροχοῦ,

2413 860 2507 914 δύο
2520 859 2835 931 τηρηθῶσιν
2853 857 3037 926 ἁγναὶ,
3057 853 3246 922 θεότης
3273 853 3368 905 καὶ
3386 848 3847 922 άνθρωπότηςτοῦ
3868 849 3981 910 ἑνὸς

2413 952 2507 1005 καὶ
2532 950 2956 1021 ύπερηνωμένου
2991 945 3116 1000 Υίοῦ
3142 942 3276 998 Θεοῦ
3299 960 3383 1008 τε,
3419 942 3513 995 καὶ
3542 942 3767 1010 Μητρὸς
3798 940 3981 1006 ἁγίας.

2417 1043 2628 1104 ’Δλλως
2661 1042 2706 1094 δ’
2744 1037 2812 1094 αὖ
2850 1040 3018 1102 δοκεῖ,
3047 1037 3130 1090 ὅτι
3157 1035 3252 1089 καὶ
3280 1033 3359 1104 τῷ
3384 1030 3724 1101 έὸδομαδικῷ
3748 1031 3938 1100 κύκλῳ
3956 1030 3984 1081 ὀ

2410 1125 2688 1197 τριαδικὺς
2719 1123 3184 1197 χαρακτηρίζεται
3210 1121 3376 1185 τύπος
3417 1120 3504 1174 διὰ
3531 1121 3698 1190 τριῶν
3732 1120 3983 1189 ἡμερῶν,

2412 1219 2487 1282 ὡς
2516 1218 2592 1288 τῷ
2616 1217 2849 1286 ἐνιαυτῷ
2876 1217 3028 1286 παρὰ
3057 1214 3166 1267 τῶν
3197 1214 3412 1266 πιστῶν
3438 1212 3707 1284 άριδήλως
3747 1212 3982 1280 τιμᾶται

2411 1312 2440 1362 6
2464 1308 2773 1381 ἀκραιφνὴς
2809 1309 2909 1377 τῆς
2927 1307 3157 1378 Τριάδος
3179 1305 3242 1358 τύ
3253 1321 3376 1367 πος.

2482 1400 2548 1470 β’.
2585 1400 2753 1468 Ὅρος
2785 1395 3240 1464 τεσσαρακοστῆς
3295 1393 3531 1464 πρῶτος.
3569 1392 3728 1444 Ἐστι
3755 1391 3860 1460 μὲν
3888 1387 3982 1444 οὖν

2410 1493 2552 1570 αὺτῄ
2585 1509 2643 1546 τε
2674 1492 2707 1562 ὴ
2733 1489 2922 1559 πρώτη
2956 1487 3116 1558 ἑορτὴ
3160 1486 3256 1555 τῆς
3284 1483 3522 1554 Χριστοῦ
3564 1485 3911 1554 γεννήσεως,
3947 1485 3982 1553 ἢ

2410 1586 2490 1646 είς
2517 1583 2686 1637 τύπον
2715 1581 2780 1634 ἂν
2819 1581 3074 1651 εἴληπται
3099 1577 3192 1631 τοῦ
3223 1576 3454 1647 Πατρὸς,
3487 1575 3563 1639 ὡς
3589 1571 3731 1628 οἶδεν
3759 1575 3789 1626 6
3827 1575 3982 1628 εὐδο-

2410 1677 2588 1744 κήσας
2608 1673 2766 1736 αὐτὸς
2786 1670 2887 1743 τὴν
2920 1669 3016 1724 τοῦ
3039 1669 3169 1723 Υίοῦ
3192 1668 3459 1737 σύλληψιν
3488 1684 3549 1720 τε
3572 1669 3666 1720 καὶ
3693 1668 3974 1736 γέννησιν,

2411 1767 2553 1819 Διότι
2587 1766 2680 1818 καὶ
2710 1763 3118 1834 τεσσαράκοντα
3141 1761 3358 1831 ἡμέρας
3391 1758 3865 1829 νενομοθέτηνται,
3905 1757 3981 1821 ὡς

2346 1866 2385 1919 Β
2411 1858 2686 1920 Μωῦσέως
2707 1859 2740 1926 ἡ
2772 1855 2996 1926 νηστεία
3017 1855 3110 1906 καὶ
3145 1851 3349 1907 Ἠλίου.

2478 1953 2546 2013 γ’.
2572 1946 2831 2015 Δεύτερος
2851 1946 2996 2016 ὅρος.
3034 1943 3107 1996 Ἦ
3153 1943 3210 1995 δὲ
3240 1942 3360 2013 μετ’
3389 1940 3558 2012 αὐτὴν
3586 1941 3653 2010 β’,
3678 1941 3712 2011 ἢ
3746 1941 3845 1994 καὶ
3883 1957 3981 2010 με-

2407 2038 2545 2108 γάλη
2594 2037 3006 2106 τεσσαρακοστὴ
3058 2036 3299 2103 λέγεται,
3335 2037 3416 2098 είς
3470 2034 3638 2087 τύπον
3670 2033 3754 2102 είη
3787 2049 3848 2085 τε
3884 2031 3980 2084 τοῦ

2407 2128 2741 2198 Μονογενοῦς
2761 2145 2775 2159 ο
2812 2130 2878 2198 ῆν
2907 2127 3002 2181 καί⁵
3019 2126 3182 2188 αὐτὸς
3203 2127 3470 2196 άριδήλως
3495 2123 3798 2189 ὑπέδειξεν,
3832 2124 3980 2192 τρεῖς

2408 2222 2688 2281 ἐνιαυτοὺς
2715 2220 2874 2274 τοῦτο
2923 2219 3117 2280 ποιῶν,
3163 2219 3303 2289 μετὰ
3329 2220 3429 2288 τὴν
3470 2217 3563 2270 τοῦ
3597 2215 3979 2286 βαπτίσματος

2406 2315 2612 2368 ἄνοδον.
2672 2314 2780 2366 Καὶ
2835 2311 2998 2364 πόθεν
3040 2311 3200 2380 δῆλον
3250 2309 3408 2363 τοῦτό
3456 2310 3589 2373 ἐστι,
3625 2311 3780 2377 συνίῃ
3833 2325 3925 2377 μοι
3953 2309 3981 2359 6

2406 2405 2698 2474 ἀκροατὴς,
2735 2403 2828 2456 καὶ
2865 2403 3018 2456 ἰδέτω
3052 2402 3230 2464 καλῶς
3250 2417 3263 2431 ³
3290 2400 3712 2471 τριακονταετὴς
3733 2398 3979 2468 δηλονότι

2405 2496 2434 2548 6
2457 2495 2656 2565 Κύριος
2719 2494 3002 2564 βάπτισμα
3041 2492 3354 2557 ὑπεδέξατο,
3389 2491 3482 2545 καὶ
3512 2493 3568 2543 ὲν
3617 2490 3798 2553 ἄλλοις
3828 2491 3978 2560 τρισὶ

2404 2587 2483 2657 τῷ
2513 2587 2727 2654 θανάτῳ
2748 2587 2956 2656 ὑπέστη
2981 2603 2996 2616 ο
3023 2585 3102 2638 διὸ
3157 2585 3231 2647 ὠς
3262 2584 3508 2651 ἔγνωμεν
3538 2585 3596 2636 έν
3628 2585 3744 2642 τοῖς
3790 2583 3977 2653 ἄχρως

2405 2674 2810 2744 ἐπισταμένοις,
2846 2675 2966 2745 τρὶς
3017 2674 3111 2727 τοῦ
3141 2672 3389 2727 ἐνιαυτοῦ
3440 2672 3538 2744 τὴν
3567 2671 3852 2745 παροῦσαν
3881 2689 3974 2741 νη-

2407 2768 2591 2820 στείαν
2623 2765 2921 2829 ὑπέδειξεν.

2475 2858 2536 2912 δ’.
2563 2859 2757 2930 Τρίτος
2784 2860 2929 2928 ὅρος.
2992 2858 3057 2911 Ἥ
3091 2858 3149 2912 δὲ
3209 2857 3328 2926 μετ’
3373 2857 3542 2927 αὐτὴν
3574 2855 3754 2926 τρίτη,
3787 2855 3823 2924 ὴ
3881 2855 3975 2908 καὶ

2406 2953 2556 3022 παρά
2582 2969 2693 3004 τισι
2710 2951 2818 3005 τῶν
2835 2951 3147 3003 ἀποστόλων
3172 2967 3240 3019 κη
3252 2949 3573 3019 ρυττομένη,
3600 2948 3768 3009 τύπος
3797 2946 3862 2999 ἂν
3889 2945 3972 3016 εἴη

2405 3045 2499 3095 καὶ
2532 3043 2666 3114 αὑτὴ
2695 3043 2787 3096 τοῦ
2812 3043 3078 3104 ζωοποιοῦ
3103 3042 3444 3111 Πνεύματος,
3475 3041 3536 3090 τὸ
3569 3039 3813 3101 καὶτοὺς
3843 3038 3972 3090 6.1m-

2407 3135 2625 3194 στόλους
2657 3134 2874 3198 διδάξαν
2905 3134 3084 3185 πάντα
3113 3132 3149 3185 ἃ
3184 3132 3334 3201 παρὰ
3367 3130 3461 3182 τοῦ
3497 3130 3710 3200 Πατρὸς
3742 3132 3837 3184 καὶ
3878 3127 3970 3182 τοῦ

2325 3205 2366 3262 C
2403 3223 2530 3276 Υίοῦ
2569 3223 3091 3293 μεμυσταγώγηται.
3128 3224 3338 3291 Ὀνομα
3363 3221 3420 3274 δὲ
3465 3221 3572 3274 τῶν
3598 3221 3763 3292 τριῶν
3809 3221 3889 3284 ἓν,
3936 3221 3969 3286 ἡ

2401 3315 2615 3384 θεότης,
2661 3314 2774 3366 ἀλλ’
2807 3316 2864 3367 ὲν
2897 3314 3076 3386 τρισὶν
3108 3312 3438 3367 ὑποστάσεσι
3485 3311 3862 3382 γνωριζομένη
3912 3327 3970 3363 τε

2401 3407 2496 3459 καὶ
2529 3422 2836 3474 προσκυνου
2847 3406 3004 3475 μένη.

2472 3504 2534 3551 ε’.
2573 3497 2714 3550 Ἀλλ’
2751 3497 2923 3550 ίτέον·
2956 3498 2984 3549 6
3011 3496 3168 3564 λόγος
3212 3495 3307 3548 καὶ
3338 3493 3416 3565 τῷ
3457 3494 3697 3565 κειμένῳ
3726 3494 3966 3560 πελάσει,

2403 3591 2496 3642 καὶ
2523 3590 2727 3642 ἕκαστα
2751 3589 2828 3657 τῷ
2863 3588 2978 3658 ἰδίῳ
3001 3587 3178 3658 καιρῷ
3201 3587 3616 3658 παραθήσομεν,
3655 3587 3715 3641 εν
3744 3605 3803 3640 τε
3830 3589 3970 3658 ἡμὲο

2404 3697 2528 3748 ραις
2557 3681 2653 3732 καὶ
2678 3678 2964 3748 ἑϐδομάσι,
3025 3681 3120 3732 καὶ
3149 3679 3238 3731 διὰ
3262 3678 3423 3731 ποίαν
3471 3679 3650 3731 αἰτίαν
3688 3679 3970 3748 νενομοθέο

2401 3787 2626 3843 τηνται·
2661 3769 2859 3841 τετράς
2893 3788 2953 3824 τε
3006 3770 3101 3824 καὶ
3133 3770 3456 3843 παρασκευὴ
3487 3769 3768 3834 παντελῶς
3814 3771 3970 3838 άγναὶ

2403 3867 2482 3926 είς
2513 3864 2766 3934 νηστείαν
2807 3863 2895 3916 ἀεὶ
2923 3863 3226 3935 τηρηθῶσι,
3284 3863 3478 3934 τυροῦ,
3515 3862 3733 3932 ίχθύων,
3765 3864 3967 3928 ἐλαίου,

2403 3955 2586 4019 καθὼς
2611 3957 2660 4009 οἱ
2689 3955 2823 4008 θεῖοι
2850 3956 3159 4019 ἀπόστολοι,
3188 3955 3284 4009 καὶ
3320 3957 3371 4008 oi
3409 3955 3530 4024 μετ’
3557 3955 3758 4018 αὐτοὺς
3787 3955 3971 4022 θεοφόι

2408 4066 2490 4120 ροι
2529 4049 2768 4119 Πατέρες
2825 4048 3245 4119 ἐνομοθέτησαν.
3300 4047 3412 4118 Τὴν
3445 4048 3553 4118 γὰρ
3592 4049 3848 4117 γέννησιν
3875 4049 3970 4116 τῆς

2407 4141 2786 4209 παναχράντου
2809 4137 3097 4203 Θεοτόκου,
3128 4141 3220 4194 καὶ
3246 4140 3346 4210 τὴν
3374 4141 3543 4211 αὐτῆς
3564 4142 3644 4204 είς
3676 4141 3802 4194 ναὸν
3831 4142 3967 4194 εῐσο-

2404 4231 2514 4296 δον,
2549 4232 2642 4284 καὶ
2670 4232 2769 4302 τὴν
2794 4233 2990 4303 ἑτέραν
3019 4235 3054 4302 ἠ
3086 4233 3185 4286 καὶ
3240 4233 3529 4300 ὑπαπαντὴ
3558 4233 3849 4303 λεγομένη,
3880 4233 3969 4286 καὶ

724 4330 885 4391 ponte
916 4323 1135 4388 dicitur,
1165 4323 1388 4392 insuper
1424 4323 1477 4376 iu
1501 4322 1950 4387 Aununtiatione,
1983 4329 2038 4375 et
2065 4321 2302 4375 iumira—

2407 4318 2473 4376 αὖ
2506 4323 2603 4393 τὴν
2630 4323 2722 4376 τοῦ
2744 4323 3164 4393 εὖαγγελισμοῦ,
3188 4325 3283 4377 καὶ
3305 4327 3404 4394 τὴν
3431 4323 3583 4376 θείαν
3619 4325 3964 4394 μετάστασιν,

727 4415 816 4468 lilii
842 4416 1253 4485 Assumptione,
1271 4417 1478 4469 utimur
1504 4416 1625 4470 oleo
1641 4425 1694 4471 et
1712 4415 1974 4486 piscibus.
1996 4415 2041 4470 si
2077 4415 2217 4469 forte
2251 4415 2306 4468 in

2406 4414 2694 4482 διαλύομεν
2722 4416 2800 4478 είς
2823 4415 3000 4468 ἔλαιον
3031 4418 3124 4468 καὶ
3154 4415 3362 4484 ἰχθύας,
3415 4416 3465 4467 εί
3494 4415 3698 4485 τύχωσι
3728 4419 3848 4480 ταῖς
3879 4433 3965 4484 γε-

726 4505 1012 4571 praedictos
1027 4505 1142 4559 dies
1158 4505 1416 4569 incidant,
1438 4520 1629 4574 nempe
1646 4506 1698 4559 in
1715 4515 1962 4575 quartam
1985 4515 2077 4558 aut
2096 4514 2300 4558 sextam

2408 4506 2752 4574 γραμμέναις
2780 4506 3036 4574 ἡμέραις,
3066 4507 3132 4576 τῇ
3161 4522 3219 4558 τε
3249 4507 3470 4575 τετράδι
3504 4509 3597 4558 καὶ
3623 4511 3962 4578 παρασκευῇ.

724 4594 935 4648 feriam.
953 4593 1212 4650 Similiter
1225 4596 1388 4649 etiam
1407 4596 1461 4648 in
1481 4594 1836 4648 Praecursoris
1852 4605 2296 4662 etsupremorum

736 4687 1104 4756 apostolorum
1124 4684 1269 4740 Petri
1290 4694 1342 4740 et
1356 4684 1507 4739 Pauli
1528 4684 1928 4739 Nativitatibus.
1942 4682 2096 4739 [laud
2116 4697 2296 4740 tamen

723 4777 947 4833 infestis
960 4789 1278 4834 sanctorum
1293 4787 1594 4848 martyrum
1609 4787 1703 4832 aut
1715 4777 2031 4847 pontiﬁcum
2054 4777 2295 4847 piscibus

726 4867 952 4933 utimur,
977 4870 1021 4921 si
1047 4866 1188 4922 forte
1210 4875 1500 4922 occurrant
1523 4867 1580 4922 in
1613 4877 1808 4938 quarta
1839 4867 1921 4922 vel
1956 4879 2106 4922 sexta
2136 4867 2292 4923 feria.

792 4960 846 5012 6.
878 4959 946 5012 Et
987 4959 1239 5014 monachi
1283 4959 1502 5029 quidem
1541 4959 1595 5014 iu
1645 4961 1906 5015 honorem
1960 4975 2026 5016 ac
2075 4961 2292 5015 laudem

724 5051 930 5114 crucis,
952 5052 1367 5120 quatuordecim
1391 5050 1511 5106 dies
1537 5051 1850 5115 observant,
1869 5051 1959 5105 alii
1981 5051 2291 5118 duodecim,

722 5142 814 5196 alii
846 5153 1104 5212 quatuor.
1142 5143 1247 5198 Sed
1281 5145 1572 5199 universus
1599 5143 1798 5198 Christi
1828 5145 2058 5214 populus
2089 5147 2294 5200 sancti-

723 5235 868 5288 ﬁcati
896 5251 1089 5289 omnes
1119 5235 1409 5290 observant
1457 5234 1600 5289 diem
1628 5235 2000 5298 Exaltationis,
2031 5235 2081 5289 id
2103 5245 2184 5290 est
2205 5251 2297 5289 xw

725 5323 1078 5395 Septembris.
1101 5325 1478 5381 Verumtamen
1502 5325 1808 5381 Nativitatis
1824 5326 2020 5381 Christi
2037 5327 2300 5397 jejunium

725 5417 901 5471 tribus
931 5417 1126 5471 diebus
1159 5417 1481 5472 observetur
1511 5419 1565 5472 in
1591 5416 1951 5480 hebdomada,
1985 5417 2040 5470 id
2080 5426 2165 5471 est
2211 5433 2299 5471 se-

726 5511 921 5572 cunda,
952 5519 1167 5579 quarta,
1206 5520 1466 5580 sextaque
1501 5510 1657 5576 feria,
1695 5518 1749 5564 et
1777 5511 2024 5563 cavendo
2064 5524 2092 5562 a
2125 5511 2293 5579 pisci-

725 5600 828 5656 bus
857 5603 1107 5672 oleoque,
1135 5602 1405 5673 jejunium
1432 5612 1652 5657 strenue
1674 5604 2002 5673 transigatur
2028 5620 2041 5654 :
2067 5602 2292 5672 parique

2417 4596 2688 4659 Ὡσαύτως
2719 4599 2814 4649 καὶ
2844 4598 2904 4649 τὸ
2937 4596 3032 4650 τοῦ
3063 4597 3384 4667 Προδρόμου
3425 4600 3690 4666 γενέσιον,
3721 4600 3818 4653 καὶ
3864 4600 3967 4651 τῶν

2403 4691 2716 4761 κορυφαίων
2742 4692 2946 4763 Πέτρου
2984 4691 3078 4744 καὶ
3110 4692 3326 4746 Παύλου
3347 4708 3361 4722 ·
3401 4693 3510 4746 τῶν
3541 4695 3596 4746 δὲ
3631 4695 3802 4762 ἁγίων
3828 4710 3964 4764 μαρ-

2397 4778 2577 4850 τύρων
2610 4781 2704 4833 καὶ
2737 4781 2902 4834 ὁσίων
2926 4781 3196 4853 ίεραρχῶν
3223 4782 3288 4835 οὐ
3318 4781 3613 4854 διαλύομεν
3642 4786 3722 4848 είς
3757 4783 3964 4854 ἰχθύας,

2400 4873 2449 4924 εἰ
2477 4872 2680 4940 τύχωσι
2705 4871 2748 4924 δ’
2773 4872 2805 4942 ἢ
2836 4871 2910 4936 ς’.

2473 4960 2548 5026 ς’.
2585 4963 2646 5016 Oi
2681 4961 2780 5032 μὲν
2823 4959 2916 5016 οὖν
2955 4961 3280 5033 μονάζοντες
3324 4965 3403 5026 είς
3429 4963 3588 5028 δόξαν
3616 4964 3711 5017 καὶ
3750 4965 3963 5018 ἔπαινον

2397 5051 2493 5105 τοῦ
2518 5053 2809 5123 σταυρικοῦ
2835 5053 3017 5122 ξύλου,
3045 5054 3178 5108 δέκα
3206 5055 3301 5108 καὶ
3318 5055 3586 5125 τέσσαρας
3609 5057 3827 5126 ὴμέρας
3855 5055 3962 5108 δια-

2399 5143 2778 5212 φυλάττουσιν,
2829 5145 2980 5198 άλλοι
3021 5143 3110 5215 ιβ’,
3140 5144 3290 5199 ἄλλοι
3331 5145 3451 5198 δὀὁ
3485 5145 3542 5198 δὲ
3575 5145 3797 5215 σύμπας
3841 5145 3960 5207 λαὸς

2397 5235 2492 5289 τοῦ
2543 5237 2805 5305 Χριστοῦ,
2861 5238 3016 5306 ἁγνοὶ
3057 5239 3258 5300 πάντες
3287 5236 3615 5308 διατηρῶσιν
3650 5238 3820 5308 αὐτὴν
3867 5237 3957 5306 την

2399 5326 2610 5395 ἡμέραν
2641 5329 2738 5396 τῆς
2765 5325 3044 5395 ὑψώσεως,
3076 5327 3194 5397 ἦτοι
3231 5327 3331 5396 τὴν
3358 5326 3420 5378 ιδ’
3462 5328 3556 5380 τοῦ
3589 5327 3956 5398 Σεπεμὸρίου

2401 5419 2568 5487 μηνός
2593 5419 2724 5489 (14).
2745 5419 2855 5487 Τὴν
2882 5418 2938 5472 δὲ
2964 5415 3031 5472 αὖ
3053 5417 3308 5490 νηστείαν
3330 5417 3429 5487 τῆς
3454 5418 3548 5471 τοῦ
3573 5416 3808 5488 Χριστοῦ
3838 5435 3954 5486 γεν-

2396 5511 2627 5578 νήσεως,
2659 5510 2758 5573 τάς
2789 5513 2937 5580 τρεῖς
2974 5511 3188 5582 ἡμέρας
3212 5509 3658 5579 διαφυλαττέσθω
3687 5511 3787 5576 τῆς
3815 5511 3954 5563 ἑϐδο-

2398 5601 2586 5669 μάδος,
2634 5603 2749 5670 ἦτοι
2782 5601 2848 5672 β’,
2873 5601 2937 5667 δ’,
2964 5603 3056 5656 καὶ
3085 5608 3160 5668 ς’,
3186 5601 3374 5673 ἰχθύας
3400 5602 3492 5656 καὶ
3524 5601 3721 5667 ἔλαιον,
3751 5602 3846 5656 καὶ
3866 5619 3952 5671 νη-

2218 5711 2442 5768 NOTAE.

803 5806 914 5876 (ll)
945 5804 1151 5859 V’idesis
1187 5805 1445 5861 Nicone")
1473 5806 1612 5877 apud
1633 5805 1958 5862 Cotelerium
1984 5806 2081 5874 0p.
2120 5805 2210 5860 cit.
2244 5816 2279 5860 t.
2325 5807 2411 5866 ιιι,
2449 5823 2500 5874 p.
2539 5807 2638 5861 658
2675 5816 2723 5860 et
2757 5821 2908 5875 seqq.
