4184 6498
286 418 421 479 1697

1465 432 1923 494 CATECHESIS
1958 436 2362 499 CHRONICA.

3376 441 3510 506 1693

278 534 468 584 στείαν
509 531 707 595 ὲνθέως
760 535 1018 587 ποιείτω’
1059 537 1320 604 ὡσαύτως
1373 542 1467 594 καὶ
1515 546 1624 595 τῶν
1674 544 1840 611 ἁγίων

1948 546 2160 601 ratione
2198 557 2512 602 sanctorum
2537 563 2752 619 quoque
2767 551 3138 620 apostolorum
3173 569 3235 606 ac
3269 554 3508 625 Deipune

276 622 596 674 ἀποστόλων
626 624 870 688 ποιείτω,
906 625 1001 678 καὶ
1033 626 1131 697 τὴν
1188 629 1288 698 τῆς
1321 629 1662 702 Θεομήτορος
1681 634 1842 701 ἀγίαν

273 714 535 784 νηστείαν
561 714 697 786 (15).
758 716 846 768 Ἐν
882 718 979 786 μὲν
1024 717 1119 773 οὖν
1169 723 1236 791 τῇ
1279 725 1570 794 παραμονῇ
1622 724 1721 793 τῆς
1747 723 1860 778 τοῦ*

273 804 515 874 Χριστοῦ
557 808 881 877 γεννήσεως,
929 811 1142 877 νήστεις
1203 811 1573 884 διατελοῦμεν,
1607 817 1703 868 καὶ⁹
1745 816 1842 887 τὴν

273 895 490 965 ἡμέραν
524 896 844 965 ἁγνεύοντες
871 900 981 968 (l6)
1008 902 1087 964 είς
1119 902 1305 971 ἰχθύας
1339 905 1432 957 καὶ
1453 906 1650 971 ἔλαιον,
1669 907 1842 976 πάρεξ

275 985 564 1040 Σαϐϐάτου
596 987 953 1058 ἢΚυριακῆςο
982 989 1103 1043 τότε
1141 991 1313 1044 ταῦτα
1346 993 1615 1063 ἐσθίομεν.
1649 994 1841 1048 Ὡσαύ-

269 1096 384 1141 τως
421 1079 682 1150 ποιοῦμεν
729 1081 825 1135 καὶ
871 1082 970 1146 τὰς
999 1083 1164 1147 ἄλλας
1217 1089 1544 1156 παραμονὰς
1580 1087 1690 1142 τῶν
1742 1090 1838 1141 τοῦ

270 1170 512 1240 Χριστοῦ
553 1172 912 1244 πανηγύρεων
933 1189 947 1203 ·
983 1176 1048 1245 τῇ
1078 1174 1135 1229 δὲ
1167 1176 1427 1246 ἐπαύριον
1456 1176 1744 1248 διαλύομεν
1779 1179 1839 1230 ὲν

269 1262 627 1332 οίᾳδηποτοῦν
650 1264 834 1334 ἡμέρᾳ
870 1265 1010 1337 τύχῃ
1031 1280 1046 1296 ⁸
1079 1264 1262 1330 καθὼς
1285 1266 1491 1321 ἀνωθεν
1513 1269 1836 1339 εἰρήκαμεν,

271 1355 353 1414 είς
389 1352 547 1419 δόξαν
571 1354 665 1406 τοῦ
690 1355 1084 1427 εύδοκήσαντος
1121 1358 1360 1428 Πατρδς,
1393 1359 1603 1412 καὶτοῦ
1643 1367 1838 1429 γεννη-

272 1443 455 1504 θέντος
486 1443 645 1497 Υίοῦ·
675 1446 769 1499 καὶ
797 1447 906 1517 γὰρ
928 1447 1002 1511 ὼς
1027 1448 1198 1519 αὐτὴν
1225 1448 1324 1519 τήν
1359 1449 1572 1520 ἡμέραν
1606 1452 1698 1504 καὶ
1721 1451 1840 1504 ἑτέ-

273 1555 374 1610 ρας
397 1525 466 1604 ἒξ
478 1538 787 1611 διαλύομεν,
819 1541 903 1595 ἵνα
937 1541 1011 1613 μὴ
1031 1543 1345 1612 σκυθρωποὶ
1369 1545 1650 1614 φανῶμεν,
1683 1545 1760 1609 ὡς
1787 1549 1836 1600 οί

269 1628 586 1699 ἀγνώμονες
617 1630 883 1696 Ἰουδαῖοι,
916 1633 974 1684 ὲν
1007 1635 1075 1702 τῇ
1115 1634 1366 1705 γεννήσει
1394 1634 1489 1688 τοῦ
1515 1637 1663 1706 ἡμᾶς
1702 1637 1834 1691 ἀνα-

271 1722 602 1785 πλάσαντος.

340 1814 406 1878 ζ⁹.
435 1814 547 1883 Τὴν
577 1812 634 1866 δὲ
664 1808 733 1868 αὖ
763 1814 1084 1885 παραμονὴν
1118 1814 1225 1868 τῶν
1254 1814 1489 1882 φώτων,
1547 1814 1644 1869 καὶ
1667 1815 1837 1887 αὐτὴν

1943 647 2190 692 sanctum
2223 649 2469 694 servetur
2497 641 2786 709 jejunium.
2819 639 3126 696 Nativitatis
3153 643 3352 700 Christi
3384 663 3507 715 per-

1941 728 2186 798 vigilium
2220 729 2395 798 jejuni
2434 731 2762 799 peregimus,
2802 739 2856 784 et
2903 731 3044 785 hunc
3091 732 3233 786 diem
3268 736 3510 789 sanctiﬁ-

1939 832 2130 872 camus
2169 819 2374 887 absque
2399 819 2638 887 piscibus
2666 829 2718 874 et
2750 819 2890 882 oleo,
2914 832 3140 891 excepto
3176 822 3415 879 Sabbato
3443 840 3508 881 ac

1939 907 2028 961 die
2057 906 2362 972 Dominico,
2394 910 2597 978 quibus
2633 910 2718 964 his
2765 911 3055 965 vescimur.
3098 913 3272 968 Simili
3298 916 3510 971 ratione

1941 998 2294 1067 transigimus
2323 1009 2521 1053 caetera
2569 1015 2785 1070 quoque
2835 1001 3117 1072 pervigilia
3164 1002 3367 1059 Christi
3418 1020 3508 1060 so-

1940 1090 2278 1143 lemnitatum
2315 1106 2330 1144 :
2361 1089 2499 1146 festo
2532 1101 2711 1146 tamen
2752 1102 3012 1162 sequente
3038 1093 3307 1164 jejunium
3337 1097 3506 1152 solvi-

1939 1196 2083 1246 mus,
2119 1195 2443 1250 quacunque
2471 1181 2689 1236 demum
2742 1183 2829 1238 die
2856 1185 3179 1250 obvenerit,
3247 1195 3308 1241 ut
3339 1202 3504 1257 supra

1938 1271 2176 1326 diximus
2216 1315 2232 1339 ,
2285 1272 2339 1326 in
2376 1271 2635 1326 honorem
2691 1271 2866 1328 Patris
2921 1275 3011 1327 cui
3053 1275 3420 1344 complacuit,
3453 1287 3507 1331 et

1937 1363 2048 1415 nati
2076 1361 2219 1415 Filii.
2253 1361 2373 1416 Jam
2413 1363 2555 1417 sicut
2586 1363 2763 1432 ipsum
2803 1364 2952 1417 illum
2987 1365 3152 1432 diem,
3187 1367 3260 1421 ita
3285 1375 3338 1422 et
3368 1368 3506 1422 alios

1937 1468 2030 1507 sex
2065 1454 2397 1523 peragimus,
2433 1469 2498 1507 ne
2522 1455 2703 1508 tristes
2726 1470 3112 1524 appareamus,
3139 1458 3279 1512 sicut
3305 1458 3503 1531 ingrati
3542 1504 3547 1510 .

1936 1542 2128 1608 Judwi,
2166 1544 2220 1598 in
2250 1545 2390 1614 ejus,
2417 1545 2510 1612 qui
2544 1560 2644 1601 nos
2685 1545 3021 1614 reformavit,
3053 1549 3359 1606 nativitate.

2007 1809 2060 1862 7.
2091 1806 2259 1861 Porro
2311 1807 2362 1862 in
2425 1808 2702 1877 pervigilio
2732 1825 2952 1880 quoque
2983 1811 3251 1869 luminum
3285 1815 3502 1885 jejuna-

267 1905 470 1974 ὁμοίως
521 1905 738 1974 νήστεις
792 1905 1221 1974 διαπεραιοῦμεν
1277 1905 1342 1959 ἐκ
1394 1923 1452 1958 τε
1507 1906 1688 1960 ἐλαίου
1740 1885 1834 1959 καὶ

1939 1915 2061 1954 mus
2085 1900 2335 1955 similiter
2364 1902 2432 1956 ab
2461 1903 2604 1968 oleo,
2629 1903 2889 1972 piscibus,
2925 1906 3155 1976 aliisque
3178 1909 3502 1972 condituris,

271 1995 468 2064 ίχθύων
498 1997 589 2047 καὶ
604 1996 805 2067 ἑτέρων
833 1997 986 2050 είδῶν
1012 1998 1108 2065 τὴν
1138 1999 1315 2050 πᾶσαν
1343 1998 1560 2068 ἡμέραν
1582 2014 1596 2028 ο
1628 1999 1834 2068 ταύτην

267 2087 326 2139 δέ
359 2104 422 2154 γε
454 2087 551 2158 τὴν
581 2090 796 2159 ἡμέραν
830 2091 936 2145 τῶν
964 2092 1326 2160 Θεοφανείων,
1383 2092 1597 2146 οίανοῦν
1650 2094 1834 2164 ἡμέρα

266 2178 427 2252 τύχῃ,
462 2180 751 2252 διαλύομεν
782 2183 861 2244 είς
887 2184 1018 2248 πᾶν,
1079 2184 1158 2246 είς
1209 2185 1370 2254 χάριν
1412 2184 1508 2237 καὶ
1553 2185 1708 2249 δόξαν
1738 2185 1831 2238 τοῦ

269 2269 683 2337 βαπτισθέντος,
713 2273 808 2324 καὶ
851 2271 1025 2342 ἀρχὴν
1062 2271 1220 2338 ἁγίαν
1251 2272 1348 2340 τῆς
1380 2271 1636 2341 τοιαύτης
1680 2272 1832 2342 χάρι-

266 2377 396 2422 τος,
445 2360 538 2412 καὶ
579 2361 670 2414 τὸν
719 2361 979 2430 βυθισμὸν
1026 2363 1422 2432 θεατρίζοντες.
1483 2363 1639 2416 Ἐστι
1699 2364 1754 2416 δὲ
1797 2365 1828 2434 ἡ

265 2451 489 2522 τοιαύτη
519 2453 766 2524 χαρμονὴ
789 2455 918 2523 ἡμῖν
947 2453 1042 2505 τοῦ
1078 2454 1425 2525 βροτογτόνου
1457 2454 1683 2524 τοιούτῳ
1710 2454 1832 2524 τρό-

266 2561 377 2613 πῳ,
418 2544 494 2606 ὡς
543 2539 632 2597 οἷά
663 2561 748 2608 τις
801 2543 1038 2614 εἰληφὼς
1094 2545 1252 2614 χάριν
1297 2546 1416 2596 τινὰ
1454 2544 1684 2596 πλούτου
1728 2544 1833 2597 ὑπό

265 2653 412 2698 τινος
441 2635 723 2705 βασιλέως,
755 2636 851 2689 καὶ
899 2637 1037 2706 ἔχων
1071 2640 1128 2689 ὲν
1171 2636 1345 2707 ἑαυτῷ
1377 2637 1469 2689 καὶ
1515 2636 1722 2706 χαίρων
1773 2638 1831 2689 ὲν

263 2730 380 2788 τοῖς
406 2727 588 2789 καλοῖς
618 2721 698 2791 οἷς
737 2728 925 2798 εἴληφε
947 2745 960 2758 ο
1002 2728 1138 2798 μετὰ
1167 2728 1224 2779 δέ
1257 2745 1375 2780 τινα
1402 2727 1613 2796 χρόνον,
1645 2727 1832 2798 ἕτερός

263 2838 348 2882 τις
370 2821 560 2890 ἐχθρὸς
584 2823 856 2893 ἀντάρτης
883 2822 977 2876 καὶ
1009 2822 1220 2887 ἀλαζὼν
1244 2823 1484 2892 πηδήσας
1517 2821 1700 2882 ποθὲν,
1737 2820 1830 2872 καὶ

263 2913 358 2964 τοῦ
383 2913 595 2982 ἔχοντος
624 2913 851 2967 πλούτου
876 2914 1030 2966 τοῦδε
1060 2915 1447 2984 ἀποστερήσει,
1487 2912 1713 2980 προσέτι
1734 2913 1833 2965 καὶ

264 3007 570 3074 τιμωρήσει
634 3003 858 3072 βιαίωςο
903 3001 1012 3058 εἴτε
1062 3002 1154 3059 οῦν
1198 3006 1357 3058 τοῦτο
1396 3004 1698 3073 κατάδηλον
1754 3005 1831 3074 τῷ

267 3096 481 3166 βασιλεί
516 3097 737 3162 γεγονός
759 3112 772 3126 ·
805 3099 833 3150 6
856 3097 910 3148 δὲ
934 3098 1081 3168 ἥκει,
1123 3097 1216 3150 καὶ
1246 3097 1336 3149 τὸν
1357 3096 1669 3166 ἀποστάτην
1693 3097 1832 3147 ὲκεῖ-

265 3205 355 3240 νον
389 3187 711 3258 τιμωρήσας
744 3187 1005 3258 ἀνηλεῶς,
1038 3189 1130 3240 καὶ
1169 3187 1258 3241 τὸν
1284 3187 1621 3256 ἀφελόμενον
1662 3185 1828 3238 πλοῦ-

264 3297 357 3332 τον
384 3279 461 3350 τῷ
483 3279 656 3348 ἔχοντι
674 3280 942 3332 ἀποδώσει
960 3297 974 3311 ο
1003 3279 1181 3332 καίτοι
1213 3279 1307 3332 καὶ
1338 3279 1521 3331 πλεῖον
1549 3277 1642 3330 τοῦ
1698 3295 1832 3347 προ-

264 3371 424 3442 τέρου
449 3372 773 3442 ὲπιχαρήσει
800 3374 1026 3441 σημεῖον
1079 3371 1378 3440 βασιλικὸν,
1427 3371 1454 3423 ὃ
1481 3371 1574 3423 καὶ
1605 3369 1832 3440 φοϐερδν

264 3464 475 3534 γίνεται
518 3465 629 3525 τοῖς
665 3463 1010 3526 ὑπεναντίοις
1031 3482 1045 3496 ο
1068 3463 1296 3533 τοιούτῳ
1327 3463 1615 3532 τοιγαροῦν
1651 3480 1832 3532 παρα-

265 3554 518 3624 δείγματι
563 3555 658 3607 καὶ
699 3556 726 3608 6
753 3555 1023 3624 ἡμέτερος
1053 3555 1256 3623 Κύριος
1295 3556 1530 3624 ποιήσας
1579 3553 1656 3623 τῷ
1695 3555 1832 3607 ἀπο-

268 3646 438 3716 στάτῃ
471 3644 681 3716 ἐχθρῷ,
715 3645 1095 3715 δέδωκενήμῖν
1126 3645 1294 3698 πλείω
1331 3644 1422 3698 τοῦ
1468 3645 1733 3716 προτέρου
1780 3648 1834 3696 ὲ-

265 3735 448 3788 κείνου
473 3736 571 3807 τὴν
613 3736 771 3806 χάριν
815 3724 914 3805 τῆς
944 3735 1382 3804 παλιγγενεσίας.
1445 3737 1538 3798 El;
1569 3735 1697 3803 γοῦν
1735 3735 1834 3804 τὴν

266 3827 622 3895 ἀναγέννησιν
643 3826 709 3881 δι’
737 3826 926 3887 ὕδατός
953 3845 1012 3880 τε
1043 3830 1138 3879 καὶ
1156 3827 1492 3896 Πνεύματος,
1522 3824 1670 3895 διττὴ
1701 3827 1833 3893 ἡμῖν

266 3919 475 3987 γίνεται
504 3920 537 3988 ή
567 3917 818 3989 παροῦσα
849 3917 1142 3989 κάθαρσιςο
1193 3917 1278 3970 διὰ
1308 3916 1406 3986 μὲν
1438 3915 1532 3968 τοῦ
1565 3914 1755 3977 ὓδατος
1775 3915 1834 3966 τὸ

268 4012 426 4080 σῶμα
453 4011 755 4080 σμήχεται,
797 4011 892 4062 καὶ
939 4010 1028 4063 διὰ
1062 4009 1158 4062 τοῦ
1189 4008 1501 4078 ΙΙνεύματος
1529 4007 1590 4059 τὸ
1615 4004 1832 4074 πνεῦμα

268 4101 695 4165 ἀνακαινίζεται.
735 4101 858 4163 Πῶς
885 4101 994 4170 γὰρ
1028 4102 1089 4154 ού
1119 4091 1342 4154 δυνατδν
1372 4097 1740 4168 εὐφρανθῆναι
1769 4115 1828 4149 τε

267 4195 362 4247 καὶ
393 4193 649 4265 χορεῦσαι
679 4191 776 4262 τὴν
805 4191 961 4262 ἡμῶν
988 4189 1422 4261 σωτηρίαν;’καὶ
1445 4189 1575 4258 γὰρ,
1605 4187 1679 4250 ὡς
1704 4187 1833 4254 ἐγω-

267 4300 330 4350 γε
359 4279 535 4351 οἶμαι,
568 4283 596 4335 6
626 4281 698 4351 μὴ
721 4281 1146 4350 εὐφραινόμενος
1178 4282 1276 4350 τὴν
1310 4278 1593 4349 παροῦσαν
1621 4278 1832 4347 ἡμέραν

268 4373 361 4427 τοῦ
405 4373 560 4440 ἁγίου
589 4372 986 4442 βαπτίσματος,
1013 4371 1076 4424 ού
1109 4372 1372 4440 σωτήριος
1402 4369 1550 4439 αύτῷ
1581 4369 1832 4437 φαίνεται

1860 3231 1905 3292 C

1939 1999 2051 2043 toto
2076 1991 2183 2044 die.
2217 1991 2282 2044 At
2312 2007 2442 2047 vero
2471 1992 2649 2062 ipsum
2693 1995 2836 2049 diem
2865 1995 3182 2065 Epiphaniae
3206 2037 3221 2062 ,
3279 1999 3505 2068 quilibet

1937 2081 2052 2136 dies
2075 2083 2165 2144 sit,
2196 2083 2400 2153 absque
2420 2085 2529 2138 ulla
2562 2086 2890 2142 abstinentia
2912 2089 3148 2159 agimus,
3174 2091 3240 2144 ad
3275 2093 3501 2160 gratiam

1936 2183 1991 2228 et
2018 2174 2240 2244 gloriam
2273 2176 2564 2244 baptizati;
2601 2187 2762 2249 atque
2805 2181 2875 2234 ob
2913 2190 3077 2236 tantae
3111 2183 3296 2252 gratiae
3339 2199 3502 2238 exor-

1935 2264 2084 2319 dium
2109 2307 2122 2330 ,
2160 2267 2483 2322 mersionem
2513 2284 2734 2338 quoque
2770 2271 3044 2340 publicam
3087 2274 3339 2329 facimus.
3390 2274 3506 2331 Hoc

1936 2365 2118 2409 autem
2144 2367 2386 2411 nostrum
2416 2358 2479 2412 de
2513 2359 2782 2415 homicida
2806 2362 3027 2418 diabolo
3063 2364 3323 2433 gaudium
3351 2365 3504 2433 ejus-

1935 2447 2081 2500 modi
2115 2457 2233 2512 est;
2271 2463 2366 2501 ceu
2392 2448 2436 2501 si
2464 2449 2589 2518 quis
2625 2467 2786 2520 opum
2810 2455 2983 2524 gratia
3019 2470 3047 2508 a
3082 2471 3206 2525 rege
3256 2466 3501 2525 accepta,

1933 2550 1994 2590 ea
2030 2538 2232 2604 potitus
2272 2539 2412 2605 apud
2454 2555 2512 2594 se
2547 2541 2888 2600 laatabundus
2939 2544 3230 2601 fueretur:
3274 2558 3329 2600 at
3350 2549 3499 2601 enim

1934 2638 2058 2698 post
2082 2638 2295 2697 tempus
2324 2630 2564 2700 aliquod,
2613 2634 2796 2688 nescio
2830 2636 2952 2704 quis
2978 2637 3121 2691 alius
3151 2637 3364 2692 hostilis
3398 2639 3501 2691 ad-

1935 2720 2210 2777 versarius
2243 2733 2405 2791 atque
2435 2723 2704 2790 superbus
2729 2741 2852 2780 eum
2884 2727 3139 2781 alicunde
3158 2730 3499 2798 aggrediens,

1932 2814 2202 2882 possessis
2262 2816 2460 2883 opibus
2516 2817 2798 2884 spoliaret,
2881 2820 3214 2889 insuperque
3266 2821 3503 2877 violenta

1934 2919 2092 2973 ptena
2151 2904 2410 2974 alnigeret
2443 2924 2456 2960 :
2489 2921 2597 2974 quo
2634 2922 2760 2961 mox
2793 2907 3038 2964 facinore
3076 2912 3187 2981 regi
3223 2913 3500 2979 nuntiato,

1935 2997 1982 3050 is
2013 2998 2407 3065 superveniret,
2443 3013 2508 3052 ac
2552 2999 2802 3053 rebellem
2837 3000 2987 3054 illum
3023 3003 3141 3056 sine
3179 3004 3503 3057 misericor-

1933 3089 2021 3142 dia
2083 3089 2320 3157 puniret,
2386 3100 2440 3143 et
2496 3100 2736 3160 ereptam
2793 3093 3029 3160 przedam
3063 3095 3230 3162 priori
3274 3096 3504 3150 domino

1935 3181 2265 3237 restitueret.
2315 3179 2383 3235 Et
2428 3181 2646 3250 quidem
2692 3184 2866 3253 magis
2919 3185 3082 3238 etiam
3133 3201 3295 3254 quam
3340 3195 3503 3241 antea

1935 3272 2203 3325 laetabitur
2247 3272 2318 3326 ob
2376 3272 2480 3327 hoc
2520 3274 2728 3341 regium
2776 3274 3011 3341 facinus,
3053 3278 3196 3343 quod
3238 3278 3504 3334 formida-

1938 3363 2044 3418 bile
2069 3364 2398 3420 adversariis
2445 3365 2524 3419 lit.
2553 3365 2676 3420 Pari
2709 3381 2837 3436 ergo
2877 3367 3042 3421 modo
3072 3367 3335 3423 Dominus
3362 3384 3503 3437 quo-

1937 3471 2044 3525 que
2077 3465 2260 3511 noster
2301 3467 2492 3512 contra
2525 3458 2780 3513 rebellem
2826 3460 3038 3514 hostem
3065 3477 3125 3516 se
3157 3476 3374 3532 gerens,
3407 3460 3506 3515 de-

1938 3549 2016 3602 dit
2044 3550 2203 3603 nobis
2233 3550 2492 3616 majorem
2519 3565 2682 3618 quam
2715 3550 2788 3605 illi
2821 3552 2990 3620 priori
3025 3553 3236 3607 homini
3266 3554 3500 3624 gratiam

1937 3641 2380 3711 regenerationis.
2407 3640 2545 3709 Ergo
2578 3642 2631 3694 in
2664 3643 2765 3696 hac
2797 3658 2890 3711 per
2919 3659 3113 3711 aquam
3142 3653 3197 3698 ct
3233 3643 3498 3714 Spiritum

1931 3727 2335 3797 regeneratione
2381 3729 2583 3798 duplex
2622 3731 2782 3785 nobis
2816 3732 2874 3784 lit
2901 3732 3250 3800 purificatio:
3299 3737 3502 3789 etenim

1931 3834 2026 3888 per
2054 3835 2251 3888 aquam
2286 3835 2483 3890 corpus
2527 3821 2778 3887 lavatur,
2831 3839 2926 3892 per
2982 3823 3244 3892 Spiritum
3280 3826 3506 3895 spiritus

1929 3920 2242 3964 renovatur.
2268 3911 2466 3975 Quidni
2525 3912 2692 3981 igitur
2734 3913 3024 3967 laetandum
3055 3931 3120 3969 ac
3164 3918 3502 3984 gestiendum

1929 4003 2118 4056 salutis
2146 4011 2343 4056 nostra:
2368 4017 2530 4057 causa
2566 4002 2673 4057 sit?
2705 4003 2970 4070 Namque,
3005 4014 3062 4059 ut
3091 4021 3191 4076 ego
3221 4009 3503 4071 existimo,

1935 4095 1979 4147 si
2011 4095 2134 4163 quis
2162 4095 2265 4148 hoc
2295 4094 2382 4149 die
2436 4095 2612 4150 sancti
2667 4095 2919 4166 baptismi
2963 4113 3069 4152 non
3107 4101 3338 4160 laetatur,
3377 4101 3508 4155 huic

1939 4201 2277 4254 nequaquam
2331 4185 2551 4254 allulget
2597 4203 2834 4256 praesens
2891 4190 3080 4258 gratia,
3133 4191 3226 4246 sed
3279 4200 3506 4247 mmstus

1938 4286 2179 4345 apparet,
2211 4286 2263 4331 et
2299 4277 2599 4347 irreligiose
2642 4279 2999 4352 improheque
3037 4297 3098 4338 se
3147 4284 3331 4350 habet,
3375 4285 3504 4339 dum

1939 4371 2177 4421 salutare
2206 4369 2407 4423 donum
2438 4371 2714 4426 tribuitur.

269 4467 304 4536 ἡ
335 4463 584 4536 παροῦσα
637 4465 826 4535 χάρις,
875 4463 1010 4518 ἀλλὰ
1061 4461 1398 4533 σκυθρωπῶς
1446 4461 1821 4530 ὑποφαίνεται,
1859 4457 1952 4511 καὶ
2016 4459 2191 4524 ἀθέως
2253 4462 2526 4515 διάκειται
2575 4465 2670 4516 καὶ
2704 4463 2956 4532 πονηρῶς
2996 4468 3092 4520 ἐπὶ
3141 4467 3208 4536 τῇ
3253 4470 3506 4543 σωτηρίῳ

269 4560 437 4616 δόσει.

341 4677 480 4745 Περὶ
507 4675 614 4745 τῆς
648 4673 973 4746 ἑϐδομάδος
991 4672 1101 4742 τῆς
1124 4674 1596 4743 προφωνησίμου
1625 4671 1760 4742 (17).

2014 4661 2090 4717 De
2117 4663 2444 4720 hebdomade
2477 4667 2911 4806 proclamatignis
2948 4665 3178 4736 (Latinis
3218 4678 3434 4738 septua-

2601 4753 2794 4806 gesima
2827 4779 2839 4792 .

2601 4753 2839 4806 gestma).

342 4859 415 4921 η’.
463 4850 736 4912 Ὡσαύτως
770 4850 871 4920 τὴν
906 4852 1006 4920 τῆς
1047 4851 1342 4919 προφωνῆς
1395 4847 1683 4916 ἑϐδομάδα,
1714 4847 1772 4897 ὲν
1796 4864 1830 4919 ῃ

2007 4845 2062 4901 8.
2105 4845 2368 4900 Similiter
2393 4847 2555 4901 etiam
2609 4847 3050 4916 proclamationis
3080 4850 3470 4904 hebdomadam

272 4940 702 5009 ἀναγινώσκεται
731 4941 791 4994 τὸ
831 4940 976 5011 ἱερὸν
995 4939 1324 5008 Εὑαγγέλιον
1357 4938 1451 4991 τοῦ
1485 4937 1715 4991 τελώνου
1739 4937 1833 4989 καὶ

274 5030 367 5084 τοῦ
396 5024 709 5101 Φαρισαίου,
756 5030 1044 5100 διαλύομεν
1081 5031 1176 5083 καὶ
1208 5029 1378 5096 αὐτὴν
1425 5030 1504 5090 είς
1536 5029 1644 5080 πᾶν
1675 5024 1832 5090 εἶδος,

275 5119 458 5183 καθὼς
495 5121 602 5190 ἄρα
641 5122 1017 5191 παρελάϐομεν
1066 5121 1170 5174 ὑπὸ
1198 5122 1306 5175 τῶν
1337 5122 1444 5191 πρὸ
1478 5119 1635 5188 ἡμῶν
1667 5120 1836 5185 ἁγίων

276 5217 564 5286 Πατέρωψ
599 5217 718 5286 οὐχὶ
755 5217 841 5271 διά
867 5234 989 5270 τινα
1035 5216 1344 5287 ὀρθοδοξίαν
1393 5219 1426 5286 ή
1462 5215 1555 5270 νῦν
1607 5213 1838 5283 ἑϐδομὰς

1940 4935 1996 4988 in
2032 4951 2138 5005 qua
2195 4937 2390 5005 legitur
2450 4952 2666 4993 sacrum
2725 4939 3062 5008 evangelium
3121 4940 3392 5008 publicani
3454 4951 3511 4996 et

1940 5031 2217 5093 Phariszei,
2250 5032 2555 5102 peragimus
2579 5035 2726 5085 omni
2773 5033 3106 5088 abstinentia
3138 5035 3388 5098 liberant,
3426 5036 3505 5089 si-

1943 5133 2034 5175 cut
2068 5138 2096 5175 a
2129 5123 2332 5178 sanctis
2356 5122 2557 5176 nostris
2592 5124 2849 5177 traditum
2876 5125 3128 5180 Patribus
3167 5127 3503 5196 accepimus.

1944 5213 2127 5284 Neque
2181 5216 2250 5268 ob
2318 5214 2557 5283 aliquam
2615 5215 2996 5271 orthodoxiam
3035 5217 3172 5272 hanc
3207 5216 3508 5272 hebdoma-

1748 5391 1968 5446 ΝΟΤᾹῚ.

361 5507 464 5570 (15)
501 5505 568 5578 De
596 5505 802 5578 jejunio
832 5506 1073 5578 “ripam:
1133 5508 1401 5575 appellato
1437 5510 1546 5578 agit
1598 5509 1829 5563 Anasta-

284 5577 400 5632 sius
432 5575 571 5644 apud
599 5577 925 5644 Cotelerium
953 5577 1054 5644 Op.
1080 5587 1131 5629 et
1164 5589 1293 5629 tum.
1325 5578 1417 5630 cit.

352 5644 461 5710 (16)
501 5643 638 5707 Quia
672 5643 905 5699 fortasse
949 5643 1236 5715 :ttitltigutts
1271 5657 1352 5700 est
1399 5649 1484 5702 hic
1515 5648 1667 5701 locus
1694 5687 1708 5710 ,
1765 5661 1830 5700 cn

281 5715 401 5786 ejus
425 5715 843 5786 declarationem
874 5733 938 5768 ex
964 5718 1070 5768 alio
1089 5718 1294 5783 scripto
1317 5717 1382 5769 de
1412 5718 1634 5786 jejuniis
1663 5719 1712 5769 in
1737 5732 1832 5786 eo-

284 5783 625 5857 tlenrcodice
651 5823 688 5857 ,_
720 5800 800 5857 p._
839 5785 983 5857 1657:
1020 5786 1095 5857 Τῇ
1130 5783 1425 5856 παραμονῇή
1467 5783 1560 5840 τοῦ
1595 5785 1830 5857 Χριστοῦ

284 5854 582 5919 γεννήσεως
610 5853 700 5906 καὶ
735 5854 840 5910 τῶν
871 5856 1036 5924 ἁγίων
1070 5853 1833 5926 θεοφανείων”νήστεις’διατη-

1940 5506 2159 5580 ροῦμεν,
2187 5510 2279 5580 και
2300 5508 2373 5580 -οίύ
2400 5507 2743 5580 καταλύομεν
2769 5507 2946 5561 ἔλαιον
2975 5509 3007 5578 ἢ
3042 5507 3248 5580 ἰχθύας,
3268 5510 3423 5574 ἐκτὸς
3455 5515 3507 5567 εί

1937 5578 2141 5646 τύχωσι
2175 5578 2434 5647 Σαϐϐάτῳ
2469 5579 2499 5646 ἢ
2535 5581 2808 5648 Κυριακῇ.

2010 5647 2120 5712 (l7)
2155 5648 2419 5700 Scribitur
2459 5650 2752 5716 aliquando
2779 5649 2938 5700 etiam
2971 5665 3169 5716 προσφ.
3201 5649 3291 5705 Sic
3324 5661 3502 5705 autem

1937 5717 2157 5778 dicitur,
2193 5719 2315 5783 quia
2351 5731 2479 5771 tunc
2527 5721 2888 5770 admonentur
2920 5719 3103 5771 fideles
3168 5721 3233 5773 de
3275 5730 3505 5775 ventum

1933 5786 2139 5854 jejunio
2170 5789 2342 5855 Super
2374 5789 2473 5841 hac
2513 5789 2787 5841 Dominica
2814 5796 2867 5838 et
2905 5789 3242 5845 hcbdomada
3271 5792 3503 5848 Allatius

1936 5857 2154 5911 dissert.
2181 5873 2300 5911 mox
2335 5858 2571 5926 citanda,
2601 5858 2703 5914 col.
2735 5857 2869 5910 HM
2895 5872 3009 5928 seq.
