4184 6518
253 439 384 505 1701

1438 438 1891 504 CATECHESIS
1926 438 2326 499 CHRONICA.

3366 436 3506 520 1702

250 555 355 623 τήν
386 552 518 619 (25).
554 552 763 621 Ὥσπερ
789 552 917 618 γοῦν
939 554 969 604 ὁ
992 554 1222 625 Χριστὸς
1249 556 1394 619 λίθος
1426 558 1822 626 ἀκρογωνιαῐος

1927 553 1991 607 ad
2016 553 2182 622 hujus
2215 553 2358 605 ritus
2384 565 2641 605 normam
2671 551 2990 621 transigere.
3015 552 3168 606 Sicut
3196 567 3325 622 ergo
3345 552 3504 607 Clu-i-

254 643 472 709 λέγεταί
496 661 551 695 τε
575 643 668 695 καὶ
698 644 866 708 ἔστιν,
903 647 996 697 καὶ
1024 645 1160 714 ὁμοῦ
1189 648 1287 710 τὰς
1319 648 1412 700 δύο
1443 648 1712 718 διαθήκας
1744 651 1824 713 εἰς

252 736 312 787 ἓν
350 738 655 800 συνάπτων,
689 735 860 798 οὕτως
892 738 984 789 καὶ
1018 739 1051 807 ἡ
1089 739 1339 809 παροῦσα
1378 742 1563 811 ήμέρα
1599 758 1824 794 επισυν-

254 830 417 881 ἁπτει
475 831 571 891 τήν
615 847 674 881 τε
732 829 1046 894 ἀνάστασιν,
1086 831 1177 882 καὶ
1227 831 1325 902 τὴν
1367 832 1460 884 τοῦ
1509 834 1827 903 Πνεύματος

255 923 601 992 ἐπιφοίτησιν
622 943 636 954 ·
665 924 760 977 καὶ
781 925 1126 993 ἐπιφαίνεται
1156 929 1546 998 χαρμόσυνοςή
1581 928 1676 983 νῦν
1705 931 1827 1000 ἑορ-

253 1017 323 1086 τὴ
351 1016 445 1068 τοῦ
474 1017 831 1084 Μονογενούς,
879 1019 955 1080 ὡς
989 1020 1155 1089 μέσον
1203 1021 1457 1090 θεότητός
1502 1040 1561 1074 τε
1610 1027 1703 1077 καὶ
1731 1026 1827 1077 ἁν-

256 1109 603 1178 Ορωπότητος
634 1110 796 1171 αὐτὸς
816 1109 1174 1179 δοξαζόμενος
1205 1112 1298 1164 καὶ
1324 1115 1823 1183 προσκυνούμενοςο

254 1198 344 1251 διά
371 1216 451 1251 τοι
483 1200 641 1251 τοῦτο
670 1201 719 1252 οί
759 1200 861 1270 πρὸ
896 1202 1052 1269 ἡμῶν
1082 1204 1251 1273 αὐτὴν
1281 1204 1671 1268 ἁνενδοιάστως
1703 1208 1825 1277 ἐόρ-

253 1288 418 1349 τοιζόν
471 1305 525 1340 τε
554 1291 647 1341 καὶ
679 1290 760 1350 είς
794 1294 898 1342 πᾶν
933 1292 1130 1344 ἕσθιον.
1174 1290 1288 1345 Νῦν
1319 1293 1375 1345 δὲ
1406 1295 1433 1345 ὀ
1467 1296 1680 1365 χωρῶν,
1716 1316 1826 1368 χω-

258 1382 423 1449 ρείτω
455 1382 512 1432 ὲν
538 1380 733 1451 ταύτῃ,
766 1385 813 1434 εί
867 1384 1091 1435 δύνατόν
1133 1384 1277 1453 (26)·
1313 1384 1412 1455 τὴν
1443 1386 1499 1439 δέ
1559 1404 1623 1455 γε
1664 1390 1826 1443 πάλιν

255 1472 529 1541 ἑϐδομάδα
557 1473 652 1525 τοῦ
690 1474 847 1540 ἁγίου
905 1476 1240 1547 Πνεύματος,
1275 1476 1563 1548 διαλύομεν
1606 1482 1703 1534 καὶ
1730 1484 1827 1536 αὺ-

252 1565 355 1633 τὴν
388 1566 467 1627 είς
502 1567 630 1629 πᾶν,
685 1566 772 1618 διὰ
815 1565 913 1636 τὴν
958 1568 1053 1619 τοῦ
1103 1570 1419 1640 Πνεύματος
1460 1573 1822 1643 ὲπιφοίτησιν.

255 1656 468 1725 Ὥσπερ
486 1658 591 1727 γᾶιρ
620 1658 699 1709 δεῖ
727 1659 938 1727 χαίρειν
956 1661 1051 1713 ἐπὶ
1075 1665 1139 1733 τῇ
1168 1664 1261 1718 τοῦ
1287 1665 1416 1718 Υἱοῦ
1446 1668 1827 1737 γεννήσει,καὶ

255 1751 352 1801 ἐπὶ
371 1752 435 1820 τῇ
469 1752 656 1803 τούτου
701 1751 950 1822 ζωοποιῷ
996 1755 1322 1824 ἀναστάσει,
1372 1758 1452 1811 δεῖ
1482 1760 1694 1843 χαίρειν
1734 1762 1827 1815 καὶ

256 1842 350 1894 ἐπὶ
375 1846 440 1912 τῇ
472 1844 565 1895 τοῦ
598 1844 907 1913 Πνεύματος
929 1846 1159 1917 καθόδῳ.

333 1941 418 1990 ια’.
454 1938 614 1987 Ἰστω
640 1936 695 1988 δέ
729 1954 821 2006 μοι
855 1940 981 2003 πᾶς,
1013 1941 1095 1992 ὅτι
1142 1942 1195 1992 ai
1231 1941 1328 2010 μὲν
1359 1938 1454 1996 οὖν
1489 1947 1643 2015 τρεῖς
1671 1946 1823 1999 ἑϐδο-

259 2028 703 2097 μάδε;.δη).ονότι
732 2034 830 2099 τῆς
861 2034 1190 2101 γεννήσεως,
1214 2034 1423 2103 καὶτῆς
1454 2038 1820 2103 ἀναστάσεως,

256 2121 353 2171 καὶ
382 2121 475 2189 τῆς
518 2121 610 2172 τοῦ
638 2122 793 2188 ἁγίου
827 2123 1136 2192 Πνεύματος
1163 2127 1582 2197 ἐπιφοιτήσεως,
1619 2132 1697 2193 είς
1728 2132 1825 2184 τύ-

256 2228 358 2262 πον
390 2212 455 2264 ἂν
509 2214 637 2282 ἡμῖν
681 2214 935 2282 εἴληπται
959 2218 1055 2285 τῆς
1107 2217 1422 2290 ζωαρχικῆς
1444 2223 1537 2274 καὶ
1562 2240 1824 2293 τρισυπο-

258 2304 459 2356 στάτου
481 2305 727 2374 Τριάδος.
750 2309 813 2359 Αἱ
849 2309 904 2360 δὲ
936 2308 1054 2377 μετ’
1086 2311 1253 2375 αὑτὰς
1285 2313 1376 2366 δύο
1404 2314 1502 2383 τῆς
1536 2318 1825 2387 προφωνῆς

254 2397 353 2449 κα).
394 2397 491 2466 τῆς
521 2397 990 2466 τυροαποοέσεως,
1046 2402 1134 2455 διά
1193 2420 1253 2455 τε
1299 2405 1396 2468 τὰς
1447 2409 1703 2477 αἱρέσεις,
1758 2410 1825 2473 ἃς

254 2487 461 2541 ἄνωθεν
490 2488 813 2556 εἰρήκαμεν,
840 2487 988 2551 ὅπως
1010 2489 1085 2562 μὴ
1123 2494 1482 2563 συνεπόμενοι
1531 2498 1820 2566 φαίνοιμεν

251 2581 373 2641 ταῖς
396 2578 502 2631 τῶν
540 2578 844 2647 εἰρημένων
872 2580 1262 2647 ἀνοσιωτάταις
1294 2586 1685 2653 διδασκαλίαις.
1710 2594 1822 2659 Τὴν

250 2672 309 2724 δέ
351 2688 415 2739 γε
448 2671 719 2739 νηστείαν,
758 2672 1042 2743 ἢκαὶτῶν
1089 2678 1401 2731 ἀποστόλων
1422 2684 1818 2752 κηρυττομένη,

250 2764 615 2833 διατηροῦμεν
643 2764 718 2825 ὠς
740 2765 832 2817 καὶ
856 2766 954 2833 τῆς
979 2767 1212 2837 Χριστοῦ
1252 2771 1555 2839 γεννήσεως
1584 2774 1641 2824 ὲν
1662 2775 1725 2843 τῇ
1754 2774 1818 2840 β’,

251 2852 315 2915 δ’,
351 2860 405 2917 ς’
424 2868 437 2881 °
468 2853 565 2923 τὴν
590 2852 645 2904 δὲ
679 2854 892 2925 ἡμέραν
919 2857 1028 2909 τῶν
1060 2858 1375 2912 ἀποστόλων
1409 2861 1516 2914 τῶν
1538 2862 1679 2934 δυοῆ
1712 2864 1820 2917 τῶν

250 2944 459 2997 δώδεκα
485 2946 543 2996 οὑ
562 2945 851 3014 διαλύομεν
872 2949 950 3011 εἰς
984 2950 1121 3019 κρέα
1152 2952 1246 3002 καὶ
1283 2953 1363 3013 είς
1402 2952 1585 3023 τυρὸν,
1608 2956 1654 3006 εί
1681 2955 1817 3027 τύχῃ

250 3038 292 3089 δ’
318 3035 366 3107 ῆ’
402 3044 477 3101 ς’,
508 3038 683 3109 ἀλλ’ἢ
744 3043 905 3108 μόνον
942 3041 1131 3110 ἰχθύας
1160 3042 1254 3095 καὶ
1292 3043 1490 3100 ἔλαιον.
1545 3046 1820 3112 Ὡσαύτως

252 3128 349 3180 καὶ
388 3129 485 3196 τὴν
518 3128 617 3199 τῆς
647 3128 911 3182 Θεοτόκου
959 3132 1215 3199 νηστείαν
1273 3133 1667 3205 διατηροῦμεν·
1726 3139 1821 3191 καὶ

252 3219 423 3290 αὐτὴν
472 3220 569 3291 τὴν
607 3223 818 3291 ἡμέραν
870 3222 969 3291 τῆς
1006 3226 1487 3296 μεταμορφώσεως
1532 3230 1819 3299 διαλύομεν
1848 3251 1890 3307 c

252 3311 333 3373 εἰς
376 3310 563 3379 ἰχθύας
590 3314 683 3365 καὶ
733 3313 911 3367 ἔλαιον
934 3331 946 3344 ·
980 3317 1028 3367 εἰ
1057 3316 1151 3368 καὶ
1189 3317 1298 3370 ἔδει
1344 3318 1597 3372 διαλῦσαι.
1652 3323 1821 3394 αὐτὴν

251 3401 627 3472 ἀλλοτρόπως,
651 3404 791 3457 ἀλλὰ
818 3404 907 3458 διὰ
929 3405 1025 3476 τὴν
1064 3408 1321 3477 νηστείαν
1359 3410 1687 3467 κεκώλυται.
1712 3414 1823 3483 Τὴν

252 3493 311 3545 δὲ
342 3494 510 3564 αὐτὴν
538 3496 752 3565 ἡμέραν
791 3497 889 3566 τῆς
926 3498 1087 3563 ἁγίας
1105 3502 1416 3571 κοιμήσεως
1440 3506 1537 3573 τῆς
1563 3521 1825 3573 παναμω-

259 3588 435 3655 μήτοι)
463 3588 554 3639 καὶ
578 3586 945 3661 Θεομήτορος,
973 3593 1021 3643 εἰ
1045 3591 1180 3661 τύχῃ
1213 3592 1253 3644 δ’
1278 3593 1310 3663 ἧ
1347 3600 1421 3661 ς’,
1445 3595 1505 3647 ού
1534 3596 1826 3668 διαλύομεν

256 3678 338 3741 είς
376 3680 531 3749 κρέα,
559 3681 591 3750 ἢ
621 3684 701 3744 είς
732 3682 913 3749 τυρὸν,
943 3682 1030 3736 διὰ
1067 3687 1127 3737 τὸ
1184 3687 1325 3757 μέγα
1360 3688 1545 3757 θαῦμα
1571 3690 1667 3743 καὶ
1705 3709 1828 3761 φρι-

255 3768 385 3821 κτὸν
412 3769 505 3823 τοῦ
541 3771 844 3841 παραδόξου
868 3773 1061 3827 τούτου’
1093 3774 1286 3831 ὕπνουε
1317 3781 1380 3831 Οἱ
1412 3780 1521 3851 γὰρ
1553 3780 1685 3835 θεῖοι
1704 3786 1826 3836 τότε

256 3858 354 3911 τοῦ
382 3860 633 3932 Σωτῆρος
672 3863 982 3930 ἀπόστολοι,
1031 3867 1106 3929 ὡς
1149 3868 1380 3939 εὕρομεν
1411 3874 1468 3925 ἐν
1498 3876 1611 3935 τοῖς
1661 3872 1828 3939 θείοις

262 3952 660 4022 συγγράμμασι
695 3954 1008 4026 Κλήμεντος
1025 3958 1117 4011 τοῦ
1160 3960 1464 4031 Ῥωμαίου,
1497 3968 1646 4036 τρεῖς
1678 3966 1820 4036 πλή-

262 4060 379 4112 ρεις
402 4046 615 4114 ἡμέρας
656 4047 735 4117 τῷ
761 4049 917 4119 τάφῳ
966 4052 1366 4121 προσμένοντες
1415 4053 1575 4126 ἦσαν,
1626 4058 1732 4121 ἕως
1764 4051 1827 4112 οὗ

258 4134 367 4185 ὑπὸ
398 4134 544 4188 θείου
569 4137 803 4205 ἀγγέλου
834 4140 895 4192 τὸ
923 4142 1029 4194 πᾶν
1059 4143 1375 4215 ἐμυήθησαν
1406 4146 1539 4215 (27).
1582 4148 1668 4200 Ἐν
1691 4148 1748 4202 δέ
1764 4166 1829 4218 γε

260 4228 328 4295 τῇ
370 4228 616 4298 ἀποτομῇ
650 4230 743 4282 τοῦ
779 4230 925 4285 θείου
975 4234 1318 4304 Προδρόμου,
1370 4238 1419 4289 εἰ
1443 4237 1580 4308 τύχῃ
1611 4238 1651 4290 δ’
1687 4238 1718 4309 ἢ
1751 4246 1826 4307 ς’,

258 4319 321 4368 οὐ
352 4318 642 4389 διαλύομεν
693 4322 951 4386 ὡσαύτως
1008 4325 1145 4392 (28),
1181 4326 1316 4380 διότι
1350 4330 1445 4381 καὶ
1478 4329 1619 4401 αὐτὴ
1666 4331 1828 4399 φόνον

261 4410 476 4465 ἀνόσιον
515 4414 605 4465 καὶ
633 4412 861 4467 θάνατον
893 4417 1250 4488 ἐπιφέρουσα.

340 4582 425 4653 ιβ’.
458 4586 603 4650 Ἕως
647 4581 748 4641 ὧδε
805 4590 838 4659 ὴ
889 4591 1020 4662 παρ’
1050 4592 1205 4662 ἐμοῦ,
1244 4594 1483 4665 ἀδελφοὶ,
1517 4600 1826 4669 συγγραφὴ,
1863 4606 1908 4661 D

264 4676 332 4746 ἦν
363 4694 421 4729 τε
454 4680 691 4747 ἀνέγνων
719 4682 777 4733 ὲν
806 4682 913 4735 τῶν
965 4684 1339 4738 ἀποπολικῶν
1378 4689 1472 4740 καὶ
1505 4689 1677 4757 ἁγίων
1724 4693 1838 4745 Πα-

265 4770 440 4841 τέρων
484 4771 647 4835 θείοις
688 4776 1080 4846 σνγγράμμασι
1122 4777 1217 4830 καὶ
1246 4779 1642 4851 ὲννομωτάτοις
1673 4786 1837 4839 κανόο

267 4877 344 4914 σι·
379 4863 473 4915 καὶ
524 4863 615 4917 τὸν
646 4866 744 4937 τῆς
774 4867 1081 4939 ὀρθοδοξίας
1109 4864 1254 4923 οἵκον
1290 4872 1520 4940 βεϐαίως
1560 4875 1838 4949 ᾠκοδομή-

266 4976 464 5028 καμεν,
491 4959 519 5012 ὃ
542 4960 600 5027 ἐξ
631 4961 805 5031 ἀρχῆς
833 4965 861 5014 ό
886 4964 1039 5030 λόγος
1074 4964 1363 5037 ἐπιχειρῶν
1392 4968 1633 5041 ἱμείρετο
1655 4986 1667 4999 ·
1699 4969 1833 5042 θαρ-

269 5048 351 5121 ρῶ
402 5051 576 5104 τοίνυν
617 5052 826 5119 παγίως
864 5053 957 5106 καὶ
1010 5056 1291 5125 ἀραρότως
1340 5056 1418 5128 τῷ
1457 5061 1602 5129 μόνῳ
1635 5062 1727 5113 καὶ
1773 5065 1831 5115 ἐν

266 5143 446 5214 τριάδι
488 5147 945 5217 προσκυνονμένῳ
991 5148 1227 5219 Θεῷ.ὂτι
1280 5152 1356 5213 εἰς
1416 5152 1723 5223 όρθοδοξίαν
1768 5154 1828 5207 τὸ

1926 653 2046 700 stus
2100 644 2303 697 dicitur
2344 652 2399 697 et
2448 652 2532 697 est
2571 642 2851 710 angularis
2894 643 3055 711 lapis,
3105 651 3159 697 et
3210 655 3504 715 utrumque

1927 744 2311 789 testamentum
2372 733 2733 803 conjungens,
2789 733 2863 787 ita
2921 734 3011 789 hic
3057 734 3176 789 dies
3220 736 3506 806 conjungit

1927 826 2383 880 resurrectionem
2416 840 2538 877 cum
2576 824 2816 893 Spiritus
2851 826 3084 880 adventu
3122 844 3135 880 :
3170 836 3502 896 apparetque

1926 918 2049 972 latta
2084 920 2196 972 hagc
2235 917 2554 971 solemnitas
2613 916 2910 986 Uttigettili,
2966 918 3057 984 qui
3108 926 3165 971 ut
3199 918 3503 972 divinitatis

1927 1021 1980 1064 et
2025 1012 2377 1065 humanitatis
2426 1012 2692 1066 mediator
2740 1012 3078 1081 gloriﬁcatur
3113 1020 3169 1065 et
3210 1011 3496 1069 adoratur.

1926 1103 2220 1173 Propterea
2270 1106 2506 1172 majores
2544 1105 2717 1158 nostri
2779 1106 2951 1173 ipsam
2988 1104 3361 1158 indubitanter
3405 1119 3497 1159 so-

1928 1198 2160 1251 lemnem
2228 1198 2517 1259 habebant,
2579 1207 2633 1250 et
2694 1197 2943 1265 quolibet
3000 1197 3124 1249 cibo
3185 1197 3496 1249 utebantur.

1926 1289 2081 1345 Nunc
2112 1306 2237 1344 vero
2266 1290 2357 1359 qui
2400 1292 2545 1358 capit
2576 1293 2759 1358 capiat
2788 1290 2838 1342 in
2871 1291 2992 1353 hac,
3032 1288 3078 1342 si
3112 1298 3309 1357 potest.
3355 1288 3499 1342 Rur-

1928 1399 2023 1438 sus
2095 1383 2264 1437 sancti
2333 1398 2553 1451 quoque
2620 1381 2858 1451 Spiritus
2906 1382 3301 1435 hebdomadam
3359 1381 3501 1435 libe-

1928 1492 2045 1529 ram
2108 1476 2332 1528 omnino
2399 1475 2681 1537 habemus,
2744 1484 2967 1541 propter
3019 1472 3254 1542 Spiritus
3297 1474 3500 1527 adven-

1931 1577 2066 1622 tum.
2113 1566 2247 1620 Nam
2298 1567 2459 1619 sicuti
2501 1566 2791 1619 lzrtandum
2828 1565 2994 1618 estin
3046 1563 3163 1617 Filii
3196 1565 3496 1630 nativitate,

1928 1660 2063 1715 etin
2096 1659 2338 1728 ejusdem
2394 1660 2611 1711 vivilica
2659 1658 3084 1720 resurrectione,
3121 1658 3195 1711 ita
3240 1658 3402 1711 etiam
3444 1660 3499 1710 in

1931 1752 2170 1822 Spiritus
2203 1751 2469 1805 descensu
2500 1750 2843 1819 gaudendum
2871 1758 2975 1803 est.

1998 1928 2083 1982 ll.
2115 1926 2315 1985 Omnes
2344 1939 2525 1980 autem
2568 1942 2778 1980 mecum
2804 1936 3128 1994 agnoscant,
3157 1933 3268 1982 tres
3294 1927 3501 1982 hebdo-

1926 2024 2115 2075 madas
2147 2022 2357 2075 scilicet
2396 2021 2716 2083 nativitatis,
2764 2020 3204 2082 resurrectionis,
3241 2032 3294 2074 et
3326 2019 3500 2076 sancti

1925 2110 2159 2179 Spiritus
2204 2111 2493 2173 adventus,
2548 2110 2601 2162 in
2643 2118 2827 2178 typum
2880 2126 2999 2162 esse
3045 2121 3355 2178 assuntptas
3403 2128 3502 2167 su-

1924 2204 2400 2271 persubstantialis
2433 2201 2748 2265 Trinitatis,
2785 2218 2906 2269 quae
2929 2212 2982 2255 et
3010 2203 3130 2256 vita:
3158 2206 3338 2258 omnis
3373 2204 3501 2259 fons

1922 2304 2025 2348 cst.
2068 2295 2299 2358 Atduaz,
2336 2303 2457 2363 post
2490 2295 2608 2359 has,
2654 2294 3007 2348 hebdomada:
3054 2296 3501 2362 proclamationis

1925 2388 2418 2457 (septuagesinnc)
2472 2396 2527 2441 et
2586 2387 2907 2455 caseoprivii
2963 2389 3499 2459 (quinquagesimae),

1923 2489 2143 2548 propter
2196 2480 2541 2548 supradictas
2581 2479 2836 2542 lnereses,
2903 2480 3106 2533 liberas
3156 2482 3396 2549 agimus,
3430 2498 3499 2536 ne

1921 2570 2204 2623 videamur
2231 2568 2615 2637 praedictorum
2646 2571 2846 2622 sectari
2877 2570 3371 2638 irreligiosissimas
3400 2571 3503 2624 do-

1921 2662 2150 2716 ctrinas.
2212 2661 2385 2713 Porro
2413 2659 2702 2729 jejunium,
2756 2662 2901 2730 quod
2933 2664 3095 2715 etiam
3131 2663 3502 2730 apostolorum

1920 2752 2143 2818 dicitur,
2198 2752 2582 2815 observamus,
2633 2754 3097 2823 quemadu‘iodum
3129 2755 3332 2809 Christi
3363 2770 3504 2823 quo-

1920 2862 2026 2917 que
2085 2846 2405 2913 nativitatis,
2468 2848 2619 2901 feriis
2661 2848 2926 2914 secunda,
2971 2859 3163 2919 quarta
3229 2860 3280 2903 et
3325 2860 3501 2904 sexta.

1922 2941 2176 2994 Attamen
2221 2939 2309 2993 die
2364 2941 2739 3009 apostolorum
2796 2942 3034 2995 duorum
3094 2943 3177 2995 vel
3213 2942 3504 2999 duodecim

1922 3049 2084 3088 carne
2118 3048 2225 3087 non
2260 3032 2463 3086 utimur
2498 3049 2677 3101 neque
2723 3048 2910 3096 caseo,
2942 3035 2989 3089 si
3027 3034 3163 3090 forte
3194 3038 3265 3090 sit
3294 3047 3497 3104 quarta

1922 3127 2006 3179 vel
2041 3134 2192 3178 sexta
2224 3126 2378 3190 feria,
2429 3125 2523 3179 sed
2570 3125 2815 3194 piscibus
2873 3136 3082 3180 tantum
3123 3136 3179 3180 et
3211 3127 3353 3183 oleo.
3382 3128 3505 3182 Pari

1924 3219 2137 3272 ratione
2185 3218 2427 3287 Deipara:
2469 3220 2982 3287 qttoquejcjttnium
3015 3220 3373 3274 observamus
3409 3238 3422 3274 :
3452 3229 3508 3275 et

1926 3310 2042 3377 ipso
2070 3309 2157 3364 die
2194 3308 2693 3379 transﬁgurationis
2734 3311 2977 3379 piscibus
3007 3320 3061 3364 et
3108 3311 3230 3366 oleo
3266 3314 3501 3367 utimur:

1923 3411 1977 3454 et
2001 3417 2315 3471 quanquam
2359 3403 2501 3457 hunc
2530 3405 2688 3455 aliter
2731 3403 3036 3473 transigere
3084 3413 3381 3473 oporteret.
3422 3406 3508 3459 ni-

1925 3492 2223 3547 hilominus
2277 3494 2331 3547 id
2388 3510 2484 3563 per
2533 3495 2803 3563 jejunium
2858 3506 3097 3549 vetatur.
3137 3496 3237 3550 Ast
3269 3498 3389 3566 ipso
3416 3498 3505 3552 die

1925 3584 2270 3638 dormitionis
2292 3586 2651 3638 immaculata
2684 3583 2948 3653 Deiparae,
2983 3586 3030 3639 si
3058 3587 3339 3655 comingat
3371 3585 3506 3642 feria

1925 3688 2121 3745 quarta
2190 3677 2273 3731 vel
2330 3686 2503 3738 sexta,
2567 3693 2674 3730 non
2724 3677 2930 3730 utimur
2989 3694 3154 3733 carne
3202 3678 3505 3743 veleaseo,

1926 3776 2147 3837 propter
2192 3784 2446 3837 magnum
2505 3768 2957 3837 tremendumque
2990 3771 3168 3823 somni
3216 3769 3380 3841 hujus
3408 3772 3509 3825 ad-

1929 3862 2158 3915 mirandi
2192 3863 2521 3931 prodigium.
2558 3862 2713 3916 Tunc
2755 3864 2899 3916 enim
2939 3864 3277 3919 venerabiles
3316 3864 3507 3919 Salva-

1927 3958 2061 4010 toris
2085 3955 2336 4023 apostoli,
2371 3964 2428 4008 ut
2465 3954 2519 4008 in
2546 3960 2718 4009 sacris
2746 3957 2968 4025 scriptis
2995 3958 3363 4025 comperimus
3388 3956 3509 4012 Cle-

1928 4050 2128 4102 mentis
2154 4045 2411 4113 Romani,
2444 4056 2555 4102 tres
2590 4050 2829 4117 integros
2865 4048 2985 4103 dies
3017 4048 3161 4118 apud
3195 4053 3506 4119 sepulcrum

1928 4146 2269 4201 manserunt,
2297 4139 2473 4193 donec
2502 4154 2531 4191 a
2562 4139 2688 4191 divo
2710 4140 2905 4209 angelo
2933 4140 3000 4193 de
3033 4155 3088 4193 re
3115 4148 3223 4193 tota
3249 4141 3508 4195 certiores

1927 4230 2057 4285 faeti
2100 4231 2343 4285 fuerunt.
2385 4229 2441 4282 In
2472 4230 2836 4285 decollatione
2876 4242 3058 4286 autem
3100 4232 3213 4287 divi
3261 4232 3510 4288 Praecur-

1931 4321 2095 4383 soris,
2129 4318 2177 4373 si
2203 4320 2322 4388 ejus
2374 4320 2637 4372 memoria
2666 4321 2960 4389 contigerit
2990 4331 3191 4391 quarta
3230 4324 3312 4377 vel
3346 4333 3505 4378 sexta

1930 4410 2087 4477 feria,
2140 4426 2293 4480 mque
2338 4409 2609 4480 jejunium
2669 4426 2777 4464 non
2821 4412 3111 4480 solvimus,
3148 4414 3278 4480 quia
3310 4425 3365 4471 et
3392 4416 3509 4486 ipsa

1930 4505 2129 4558 caedem
2156 4504 2381 4575 impiam
2417 4518 2713 4573 necemque
2767 4505 2932 4558 menti
2959 4506 3189 4577 oggerit.

2006 4597 2093 4650 12.
2143 4596 2415 4653 Hactenus
2468 4613 2608 4661 mea,
2670 4596 2886 4662 fratres,
2945 4600 3235 4669 scriptura,
3291 4601 3508 4671 qualem

1936 4698 2047 4742 tum
2086 4689 2137 4743 in
2164 4690 2589 4759 apostolicorum
2622 4704 3057 4760 sanetorumque
3083 4689 3303 4745 Patrum
3334 4692 3509 4747 sacris

1934 4782 2091 4837 libris
2136 4792 2192 4837 et
2258 4783 2503 4853 apprime
2558 4782 2816 4852 legitimis
2846 4784 3187 4847 canonibus;
3224 4793 3386 4854 atque
3434 4785 3510 4839 ita

1932 4876 2272 4929 orthodoxia:
2334 4876 2553 4931 domum
2614 4875 2841 4929 lirmiter
2894 4875 3309 4943 zedilicavimus,
3364 4876 3511 4946 quod

1929 4967 2039 5036 jam
2075 4968 2200 5021 inde
2246 4967 2314 5021 ab
2349 4967 2577 5021 exordio
2612 4983 2795 5022 sermo
2818 4976 3001 5021 noster
3059 4968 3163 5023 sibi
3200 4968 3511 5023 faciendum

1939 5070 2316 5130 prpposuerat.
2372 5060 2600 5115 Conﬁdo
2648 5060 2810 5130 igitur
2836 5060 3067 5114 ﬁrmiter
3113 5061 3383 5131 enixeque
3419 5062 3513 5116 uni

1933 5162 1987 5207 et
2018 5153 2070 5206 iu
2108 5153 2371 5207 Trinitate
2407 5153 2631 5207 adorato
2668 5150 2797 5219 Deo,
2848 5167 2948 5207 nos
2979 5152 3164 5207 omnia
3192 5152 3260 5207 ad
3320 5152 3511 5209 ortho-

1733 5333 1967 5390 NOTAE.

342 5486 454 5547 (233‘:
496 5483 551 5537 ln
582 5486 768 5541 codice
791 5485 830 5541 f.
860 5488 981 5543 16:2.
1013 5490 1068 5544 b.
1112 5490 1267 5547 Alius
1294 5500 1508 5553 auctor.
1565 5493 1835 5549 Studitam

270 5569 521 5633 nostrum
554 5560 751 5633 citatis,
774 5560 971 5633 dc_hac
1015 5574 1206 5630 quarta
1250 5563 1383 5617 feria
1433 5562 1838 5633 Mesopeuteco-

271 5640 383 5705 stes
420 5629 489 5679 ita
519 5629 757 5705 scribit}
791 5629 1044 5705 Λύοντες
1073 5635 1283 5705 είςᾼπᾶν
1322 5636 1421 5705 τὴν
1465 5629 1697 5704 τετράδα
1738 5638 1839 5705 τῆς

273 5699 818 5776 μεσοπεντηκρστῆς.
853 5700 1098 5776 καθὼςό
1144 5699 1399 5774 θεοφόρος
1444 5699 1631 5776 Πατὴρ
1684 5699 1838 5776 ἡμῶν

272 5768 543 5844 θεόδωρος
575 5771 603 5819 ὁ
622 5768 881 5844 Στουδίων
919 5774 1231 5844 παρέδωκεν
1250 5768 1416 5844 ’ἡμῖει

346 5839 458 5906 (eo)
496 5837 697 5917 ﬁentpc
729 5841 823 5910 qui
857 5837 1035 5917 potest
1062 5838 1245 5917 :t'ert'e.
1282 5837 1440 5909 l'erat,
1494 5847 1544 5900 id
1589 5858 1675 5903 est
1698 5847 1840 5917 jeju—

279 5918 397 5973 net;
429 5924 494 5963 ex
519 5907 702 5963 Matth.
728 5907 972 5965 ἱιχί12ε
1004 5914 1032 5964 ό
1057 5914 1348 5985 δυνάμενος
1402 5907 1617 5989 χωρεῖν,
1649 5907 1844 5990 χιδρεί.

1937 5483 2049 5558 τώς
2085 5495 2229 5566 quod
2256 5496 2460 5552 dictum
2492 5495 2708 5550 videtur
2743 5496 2875 5550 mihi
2932 5496 3157 5565 pulchre
3211 5495 3508 5553 illuminari

1936 5583 1967 5620 a
2000 5567 2226 5638 Didyme
2279 5569 2331 5620 in
2378 5568 2417 5621 ll
2463 5567 2531 5621 ad
2572 5566 2702 5623 Cor.
2734 5583 2849 5633 vut,
2907 5569 2963 5630 2,
3002 5569 3144 5637 apud
3185 5584 3286 5621 nos
3319 5567 3382 5620 T.
3416 5566 3507 5623 IV.

1980 5648 2081 5691 art.
2118 5653 2177 5701 ll,
2207 5654 2257 5706 p.
2298 5638 2419 5691 134.

1940 5653 2081 5708 part.
2118 5653 2177 5701 ιι,
2207 5654 2257 5706 p.
2298 5653 2419 5691 ut.

2013 5708 2125 5777 (9.7)
2169 5710 2365 5763 ltecole
2386 5708 2529 5762 dicta
2565 5723 2595 5761 a
2654 5707 2810 5761 nobis
2837 5708 2901 5760 ad
2933 5723 3239 5763 sermonem
3283 5706 3321 5762 V
3378 5707 3509 5763 Stu-

1940 5778 2065 5833 ditze
2096 5780 2261 5833 nostri
2287 5780 2474 5846 (supra
2499 5780 2604 5831 col.
2626 5779 2730 5831 725
2750 5788 2802 5831 et
2828 5779 2975 5844 727).
3288 5812 3292 5816 -

2014 5848 2128 5920 (28)
2161 5850 2232 5903 Ue
2269 5850 2491 5920 jejuuiis
2516 5848 2829 5901 Graecorum
2874 5849 3227 5916 promittebat
3262 5864 3319 5903 se
3366 5852 3505 5906 scri-

1946 5929 2166 5989 pturum
2197 5935 2318 5977 esse
2343 5920 2584 5976 'Allatius
2610 5920 2661 5972 in
2692 5920 2916 5977 dissert.
2940 5921 3035 5975 cit.
3065 5922 3170 5975 col.
3202 5921 3360 5976 1460.
