4184 6488
730 442 859 509 1707
1910 439 1968 497 S.
1997 438 2386 498 THEODORI
2436 439 2579 499 STU
2589 436 2780 499 DIT/E
3841 433 3976 500 1708

797 553 852 608 5.
876 551 1061 621 Usque
1113 548 1180 605 ad
1220 549 1573 605 Ascensio'nis
1610 548 2017 604 solemnitatem
2073 552 2297 605 stichira
2330 600 2336 615 ι

2471 558 2535 604 ε’.
2569 555 2661 604 Δεῖ
2694 552 2895 604 εἰδέναι
2933 550 3015 604 ὅτι
3051 548 3179 619 ἄχρι
3224 550 3322 618 τῆς
3393 549 3749 622 Δναληψίμου
3786 554 3979 623 ἑορτῆς

741 645 1080 701 anastasitna
1129 652 1375 712 praeunt
1407 640 1825 697 cautis-motibus
1857 643 2211 713 catanycticis
2242 652 2298 699 et

2427 641 2763 711 προηγοῦνται
2834 640 2904 692 τὰ
2982 641 3326 709 ἀναστάσιμα
3429 642 3664 711 στιχηρά
3717 644 3830 712 (5ο)
3882 661 3983 694 κα-

734 736 1067 808 apostolicis.

2435 733 2675 802 ισμόιτων
2730 732 2840 784 τῶν
2918 748 2977 784 τε
3060 732 3474 785 κατανυκτικῶν
3548 733 3644 787 καὶ
3695 734 3985 787 ἀποστολι-

2400 824 2674 892 xevrs7y

2475 916 2551 974 ς’,
2596 909 2716 981 Χρὴ
2752 908 3047 979 γινώσκειν
3087 910 3169 964 ὅτι
3217 911 3326 964 ἀπὸ
3373 910 3469 964 τοῦ
3515 912 3706 982 Πάσχα
3741 912 3851 974 ἕως
3886 913 3985 981 τῆς

2415 998 2807 1069 ’Δναληψίμου,
2858 999 2920 1051 τὸ
2960 999 3301 1054 ἀνάστασιν
3323 999 3578 1067 Χριστοῦ
3606 1000 3861 1068 λέγομεν.
3889 997 3984 1051 εἶθ’

2402 1089 2577 1153 οὕτως
2619 1090 2709 1142 τὸν
2749 1098 2815 1143 ν’·
2854 1091 2948 1144 καὶ
2995 1092 3309 1163 μαρτυρικὰ
3340 1091 3451 1161 (38)
3479 1092 3536 1144 ὲν
3568 1093 3635 1161 τῇ
3666 1091 3984 1161 ψαλμῳδέαθ

2406 1181 2467 1247 ἐξ
2505 1180 2716 1235 ἐκείνου
2749 1181 2806 1235 δὲ
2836 1182 3041 1238 οὐκέτι.

811 1275 863 1328 7.
894 1274 1080 1343 Usque
1119 1276 1187 1328 ad
1215 1274 1570 1328 Pentecosten
1610 1288 1924 1343 quanquam
1963 1276 2132 1329 horas
2194 1290 2305 1328 non

2478 1271 2547 1338 ζ’.
2591 1274 2786 1325 Ἰστίον
2812 1274 2869 1327 δὲ
2897 1275 2980 1327 ὅτι
3010 1274 3114 1338 ἕως
3142 1276 3239 1345 τῆς
3271 1281 3335 1341 ν’,
3370 1276 3419 1327 εί
3454 1274 3546 1328 καὶ
3570 1274 3721 1344 ὥρας
3752 1274 3817 1327 οὐ
3851 1274 3988 1343 ψάλ-

738 1366 1049 1438 psallimus,
1083 1381 1258 1434 neque
1288 1380 1429 1436 genu
1459 1363 1748 1428 flectimus,
1793 1366 2091 1420 mortuales
2126 1377 2309 1421 tamen

2427 1378 2599 1434 ιομεν,
2628 1364 2750 1417 οὐδὲ
2776 1366 2906 1433 γόνυ
2938 1366 3214 1435 κλίνομεν,
3246 1365 3362 1418 ἀλλ’
3391 1362 3485 1418 οὖν
3517 1367 3750 1427 κανόνας
3778 1382 3988 1437 νεκρωι

742 1475 982 1515 canones
1022 1460 1075 1512 in
1111 1456 1365 1513 Sabbatis
1410 1459 1718 1528 psallimus.
1754 1457 1819 1511 Et
1863 1459 1972 1513 alio
2005 1460 2168 1513 etiam
2203 1460 2309 1525 die,

2427 1457 2605 1525 τίμους
2641 1458 2699 1509 ὲν
2747 1459 2859 1519 τοῖς
2906 1456 3145 1509 Σὰὃὸασι
3172 1457 3467 1526 ψάλλομενσ
3502 1458 3593 1510 καὶ
3649 1460 3706 1509 ὲν
3754 1456 3892 1527 ἄλλῃ
3933 1457 3990 1510 δὲ

744 1553 788 1607 si
816 1551 1270 1607 commemoratio
1303 1550 1397 1603 flat
1427 1550 1611 1604 fratris
1639 1550 1895 1619 alicujus.
1929 1550 2238 1619 psallimus,

2427 1548 2617 1619 ἡμέρᾳ,
2654 1550 2701 1601 εί
2755 1550 2907 1619 τύχοι
2942 1550 3289 1619 μνημόσυνον
3317 1549 3570 1617 ἀδελφοῦ,
3606 1549 3910 1618 ψάλλομεν.

815 1644 869 1699 8.
903 1641 1145 1697 Sabbato
1172 1641 1518 1696 Pentecostes
1549 1641 1613 1695 ad
1641 1641 2083 1710 exapostilarium
2124 1641 2315 1707 psalli-

2484 1648 2554 1710 η’.
2579 1642 2671 1693 Δεῖ
2698 1640 2894 1693 εἰδέναι
2915 1639 2989 1703 ὡς
3008 1637 3087 1709 τῷ
3109 1638 3371 1711 Σαϐϐάτῳ
3397 1640 3495 1710 τῆς
3518 1645 3561 1692 ν’
3584 1641 3663 1702 εἰς
3687 1640 3752 1691 τὸ
3784 1638 3989 1703 siam-

744 1749 867 1787 mus
899 1751 913 1788 :
946 1733 1199 1786 memoria
1224 1742 1576 1795 mortuorum,
1607 1731 1827 1784 Domine
1856 1746 1874 1783 :
1896 1742 2059 1801 atque
2089 1731 2142 1785 id
2184 1746 2316 1785 can-

2427 1730 2721 1801 στειλάριον
2752 1730 2865 1799 (59)
2894 1729 3189 1800 ψάλλομεν,
3237 1730 3277 1797 ἠ
3306 1728 3517 1799 μνήμη
3552 1729 3673 1783 τῶν
3707 1746 3991 1797 κεκοιμη-

743 1833 919 1881 tantes
947 1825 1013 1879 ad
1039 1824 1263 1878 fratrum
1292 1826 1538 1892 sepulcra
1571 1824 1841 1886 venimus,
1879 1822 2064 1891 ibique
2107 1833 2316 1877 stantes

2427 1823 2634 1887 μένων,
2661 1824 2857 1889 Κύριε*
2908 1823 3003 1874 καὶ
3053 1822 3212 1875 τοῦτο
3264 1820 3558 1891 ψάλλοντες
3610 1819 3993 1891 κατερχόμεθα

742 1916 1029 1988 psallimus
1051 1915 1159 1971 diei
1194 1915 1343 1970 illius
1392 1915 1642 1970 stichira.
1674 1914 1854 1985 Atque
1908 1915 1983 1968 ita
2012 1914 2315 1969 absolvitur

2427 1918 2502 1978 είς
2535 1915 2663 1978 τοὺς
2688 1915 2895 1984 τάφους
2918 1914 3026 1966 τῶν
3053 1913 3316 1984 ἀδελφῶν,
3350 1913 3512 1966 κάκεῖ
3543 1913 3823 1982 ἱστάμενοι
3852 1909 3991 1978 ψάλ-

743 2008 1093 2063 matutinum.
1147 2006 1205 2063 ld
1259 2015 1441 2062 autem
1496 2006 1731 2063 facimus
1767 2007 1931 2062 etiam
1967 2007 2021 2061 in
2074 2005 2314 2061 Sabbato

2427 2009 2586 2079 λομεν
2608 2007 2677 2061 τὰ
2699 2007 2798 2076 τῆς
2823 2006 3041 2077 ἡμέρας
3069 2006 3321 2076 οτιχηρά’
3348 2006 3442 2059 καὶ
3472 2003 3697 2058 ἀπολύει
3724 2006 3755 2057 ό
3774 2002 3992 2073 ὄρθρος·

742 2100 1119 2170 Carnisprivii.

2427 2100 2580 2154 τοῦτο
2600 2099 2659 2153 δὲ
2686 2097 2946 2169 ποιοῦμεν
2979 2099 3074 2152 καὶ
3100 2098 3179 2169 τῷ
3207 2097 3469 2165 Σαϐϐάτῳ
3492 2096 3591 2168 τῆς
3632 2096 3958 2166 Ἃποκρέου.

815 2196 871 2251 9.
900 2193 1141 2265 Vespere
1172 2192 1444 2247 Dominici
1496 2192 1602 2247 diei
1630 2202 1831 2247 sanctas
1869 2192 2220 2247 Pentecostes
2250 2192 2317 2245 ad

2494 2193 2562 2248 θ’.
2599 2193 2718 2265 Χρὴ
2749 2192 3040 2260 γινώσκειν
3069 2191 3151 2243 ὅτι
3186 2190 3285 2260 ὀψὲ
3316 2191 3383 2260 τῇ
3417 2189 3671 2261 κυριακῇ
3695 2186 3799 2259 τῆς
3835 2186 3998 2254 ἁγίας

747 2286 1082 2358 lyclmicutn,
1122 2285 1303 2354 inquo
1336 2284 1503 2338 etiam
1546 2294 1626 2337 ter
1658 2299 1833 2354 genua
1882 2282 2173 2347 ﬂectimus,
2198 2292 2321 2351 post

2427 2284 2805 2355 Πιντηκοστῆς
2847 2285 2925 2346 είς
2969 2282 3030 2336 τό
3070 2282 3343 2351 λυχνικὺν,
3379 2282 3438 2334 ἐν
3474 2275 3518 2348 ᾧ
3561 2282 3655 2334 καὶ
3678 2280 3779 2342 τὰς
3808 2285 3861 2346 γ’
3901 2296 3995 2345 γοα

747 2380 1071 2451 prooemium
1090 2378 1271 2431 statim
1295 2377 1526 2430 dicitur:
1547 2375 1789 2436 Domine,
1810 2376 2051 2430 clamavi.
2080 2376 2144 2428 Et
2163 2389 2322 2428 mane

2427 2376 2710 2439 νυκλισίας
2738 2373 3021 2443 ποιοῦμεν,
3058 2374 3198 2443 μετὰ
3239 2372 3302 2426 τὸ
3332 2373 3619 2444 προοίμιον
3654 2369 3768 2441 (ιο)
3800 2368 3997 2430 εὐθέως

748 2470 817 2525 ad
846 2470 1169 2524 matutinum
1190 2478 1311 2537 post
1338 2468 1743 2534 ltexapsalmum
1761 2468 2022 2522 dicimus:
2044 2466 2178 2519 Deus
2216 2465 2323 2518 Do-

2428 2468 2511 2533 τδ,
2540 2470 2737 2536 Κύριε,
2776 2465 3091 2533 ἐκέκραξα·
3127 2464 3222 2517 καὶ
3249 2467 3317 2535 τῇ
3344 2464 3512 2517 ἕωθεν
3558 2464 3638 2525 είς
3674 2462 3767 2513 τὸν
3804 2460 3998 2531 ὄρθρον

746 2564 923 2615 minus
945 2578 960 2627 ;
980 2560 1274 2629 statimque
1299 2573 1590 2621 canonem,
1614 2569 1669 2611 et
1697 2559 1834 2612 duas
1864 2559 2142 2611 lectiones.
2173 2557 2324 2614 Hanc

2434 2560 2573 2631 μετά
2598 2561 2657 2612 τὸ
2692 2556 3003 2628 ὲξάψαλμον
3052 2558 3143 2622 τὸ,
3178 2559 3321 2622 Θεὸς
3369 2557 3582 2623 Κύριος
3623 2553 3879 2622 λέγομεν
3910 2552 3999 2604 καὶ

805 909 859 965 6.
886 909 932 964 Α
961 908 1229 963 Paschate
1280 923 1455 977 usque
1484 906 1551 961 ad
1587 908 1974 963 Ascensionem
2010 908 2245 964 dicimus
2281 927 2295 964 :

737 1002 1170 1055 resurrectionem
1201 998 1421 1053 Christi.
1460 998 1662 1053 Deinde
1693 1000 1808 1069 pari
1845 999 2006 1052 modo
2034 1001 2301 1068 psalmum

736 1094 1250 1163 quinquagesimum
1278 1109 1293 1157 ;
1320 1101 1376 1145 et
1431 1091 1725 1159 martyrica
1763 1092 1817 1144 in
1847 1092 2173 1159 psalmodia.
2201 1092 2306 1147 Ne-

738 1198 1012 1255 quaquam
1054 1183 1303 1236 ulterius.

746 2668 879 2707 vero
907 2652 1072 2706 etiam
1096 2650 1489 2705 hebdomadam
1514 2650 1633 2705 sine
1653 2658 1816 2703 cantu
1845 2651 2102 2703 horarum
2131 2650 2326 2703 transi-

750 2745 953 2813 gintus.

822 2834 912 2889 10.
946 2832 1202 2903 Sequitur
1227 2842 1413 2888 sancta
1442 2832 1811 2901 apostolorum
1848 2842 2161 2886 sanctorum
2186 2848 2327 2901 qua-

752 2924 1276 2995 dragesinta,etjatn
1315 2924 1604 2991 incipimus
1654 2923 1821 2977 horas
1864 2939 2081 2992 quoque
2102 2925 2332 2993 psallere

756 3032 972 3086 semper
992 3032 1116 3069 cum
1137 3016 1480 3070 catltismate.
1507 3011 1647 3068 Tum
1669 3015 1725 3069 in
1750 3018 1857 3068 line
1880 3015 2337 3083 psalmoditcdici-

755 3124 875 3163 mus
898 3126 910 3162 :
935 3106 1170 3169 Domine,
1191 3109 1466 3172 miserere;
1484 3107 1709 3170 Christe,
1727 3108 1988 3161 miserere.
2003 3106 2068 3162 Et
2083 3108 2135 3161 in
2150 3108 2337 3177 primis

756 3198 986 3253 facimus
1028 3208 1137 3253 tres
1164 3208 1459 3251 tnetanmas
1489 3197 1604 3266 pari
1636 3198 1817 3251 cuncti
1851 3198 2122 3251 celeritate
2155 3200 2340 3267 praesi-

756 3290 879 3343 dem
912 3289 1338 3357 subsequentes:
1365 3303 1502 3357 quas
1526 3288 1665 3341 inter
1683 3290 2026 3342 extendimus
2044 3289 2208 3341 etiam
2234 3291 2338 3342 ali-

757 3389 1019 3449 quantum
1055 3394 1250 3434 manus
1269 3378 1336 3433 ad
1368 3378 1557 3433 Deum.
1584 3379 1783 3433 Deinde
1824 3380 1903 3433 sic
1948 3380 2082 3435 alias
2131 3381 2338 3450 viginti,

757 3482 962 3543 quanta
993 3476 1223 3543 quisque
1245 3474 1519 3528 celeritate
1548 3482 1742 3540 potest.
1766 3472 1842 3526 Ita
1878 3474 2093 3543 agimus
2119 3474 2172 3527 in
2206 3491 2340 3528 una-

759 3579 976 3634 quaque
1005 3565 1219 3633 syuaxi.
1241 3562 1319 3617 Ad
1349 3578 1469 3618 com
1502 3563 1793 3633 pletorium
1833 3574 2015 3619 autem
2044 3582 2221 3637 genua
2250 3566 2343 3621 ﬂe-

759 3659 960 3713 ctimus
997 3656 1375 3725 quinquagies,
1407 3665 1460 3709 et
1483 3655 1550 3710 ad
1600 3657 1927 3710 matutinum
1961 3658 2306 3728 quadragies.

837 3748 924 3803 ll.
959 3747 1017 3800 In
1077 3747 1334 3802 omnibus
1382 3748 1665 3803 matutinis
1706 3758 1830 3818 post
1879 3748 2041 3802 linem
2077 3750 2326 3804 lectionis

766 3850 1075 3911 surgentes,
1104 3838 1394 3893 duodecies
1447 3838 1681 3894 dicimus
1714 3857 1727 3893 :
1762 3838 2002 3904 Domine,
2071 3841 2334 3893 miserere.

770 3935 948 4001 Atque
975 3932 1049 3985 ita
1087 3937 1264 3985 denuo
1294 3931 1482 4000 incipit
1502 3929 1805 4001 psalmodia

834 4108 921 4163 12.
953 4105 1113 4163 Omni
1174 4108 1412 4164 Sabbato
1465 4123 1529 4165 ac
1587 4109 1676 4164 die
1744 4109 2339 4179 Dominico.quoties~

766 4215 983 4271 cunque
1033 4200 1089 4255 in
1127 4200 1214 4255 ltis
1238 4214 1348 4255 non
1393 4200 1631 4256 occurrit
1661 4200 1742 4255 vel
1794 4200 2115 4256 solemnitas
2156 4201 2339 4255 Domi-

765 4289 842 4355 ni,
882 4291 967 4344 vel
1006 4288 1241 4359 alicujus
1268 4288 1440 4344 sancti
1470 4290 1755 4353 memoria,
1787 4304 1856 4344 ει
1886 4288 2147 4359 Epistolis
2179 4289 2335 4345 Pauli

767 4380 1015 4450 legimus.
1076 4378 1327 4435 Sabbatis
1373 4390 1553 4434 autem
1579 4380 1645 4435 ad
1684 4381 2006 4435 matutinum
2051 4382 2339 4451 psallimus

765 4472 1028 4527 callusma
1076 4480 1202 4525 ante
1268 4470 1539 4540 psalmum
1594 4473 1943 4528 immaculati.
1976 4471 2178 4527 Deinde
2238 4473 2339 4525 im-

2432 2652 2595 2713 εὐθὺς
2626 2651 2717 2703 τὸν
2748 2649 2972 2712 κανόνα,
3004 2649 3098 2701 καὶ
3132 2646 3469 2714 ἀναγνώσεις
3501 2644 3564 2715 β’·
3593 2645 3801 2713 ἄγομεν
3820 2643 4000 2703 δὲααὶ

2433 2743 2533 2813 τὴν
2570 2741 2844 2809 essepeti:
2868 2740 3074 2810 ταύτην
3103 2739 3177 2809 μὴ
3203 2737 3495 2807 ψάλλοντες
3528 2735 3696 2807 ῶρας.

2508 2842 2562 2891 ι’.
2609 2830 2745 2887 Εἶτα
2773 2834 3072 2903 ἐπέρχεται
3109 2832 3205 2885 καὶ
3232 2833 3265 2901 ἡ
3302 2829 3433 2899 ἀγία
3460 2825 3872 2899 τεσσαρακοστῇ
3897 2824 4001 2879 τῶν

2436 2927 2610 2995 ἁγίων
2638 2926 2982 2989 ἀποστόλων,
3028 2924 3121 2977 καὶ
3165 2923 3444 2996 ἀρχόμεθα
3490 2920 3710 2989 ψάλλειν
3759 2918 3857 2971 καὶ
3910 2919 4001 2978 τὰς

2440 3019 2588 3089 ῶρας
2621 3018 2761 3088 μετά
2785 3017 3121 3086 καθίσματος
3149 3015 3405 3067 πὰντοτε.
3435 3012 3589 3065 Μετὰ
3613 3008 3745 3078 γοῦν
3772 3008 3834 3059 τὸ
3854 3006 4002 3067 τέλος

2440 3108 2540 3172 τῆς
2568 3105 2906 3175 ψαλμῳδίας,
2931 3104 3161 3170 λέγομεν
3200 3102 3281 3163 τὸ,
3321 3100 3517 3168 Κύριε,
3544 3098 3826 3162 ἐλέησον,
3873 3097 4004 3163 Χρι-

2442 3197 2573 3262 στὲ,
2601 3198 2883 3262 ἐλέησον.
2916 3196 3025 3247 Καὶ
3062 3193 3330 3264 βάλλομεν
3381 3186 3438 3246 ἐν
3476 3191 3713 3260 πρώτοις
3761 3194 3813 3257 γ’
3838 3205 4006 3259 μεται

2441 3289 2587 3350 νοίας
2633 3286 2895 3356 ἰσοταχῶς
2936 3286 3174 3349 ἅπαντες
3202 3286 3281 3356 τῷ
3309 3283 3609 3354 προεστῶτι
3638 3281 3917 3351 ἑπόμενον
3950 3282 4004 3329 ἐν

2440 3374 2526 3441 αἷς
2554 3379 2648 3432 καὶ
2673 3378 2871 3448 μικρὸν
2894 3377 2991 3438 τὰς
3012 3380 3201 3447 χεῖρας
3233 3377 3548 3443 ἐκτείνομεν
3572 3371 3708 3440 πρὸς
3736 3370 3826 3424 τὸν
3852 3369 4001 3421 Θεόν.

2438 3465 2554 3523 Εἶθ’
2590 3467 2761 3529 οὕτως
2794 3466 2961 3529 ἄλλας
2988 3472 3037 3520 χ’
3070 3466 3146 3528 ώς
3183 3464 3297 3534 ἔχει
3318 3466 3517 3533 τάχους
3545 3463 3793 3521 ἕκαστος.
3822 3457 4006 3519 Οὕτως

2438 3557 2533 3615 οὖν
2574 3560 2697 3613 καθ’
2729 3561 2963 3627 ἑκάστην
3009 3556 3249 3621 σύναξιν.
3284 3557 3377 3617 Εἰς
3408 3554 3466 3607 δὲ
3513 3552 3573 3606 τὸ
3617 3547 4004 3613 ’Δποδείπνιοη

2439 3652 2779 3723 γονυχλισίαι
2814 3657 2878 3714 ν’,
2916 3652 3007 3703 καὶ
3040 3651 3120 3710 είς
3164 3647 3255 3700 τὸν
3283 3645 3477 3716 ὄρθρον
3517 3643 3593 3714 μ’.

2513 3751 2602 3797 ια’.
2634 3743 2756 3813 Χρὴ
2776 3740 3067 3811 γινώσκειν
3095 3741 3179 3793 ὅτι
3206 3741 3287 3800 είς
3306 3739 3536 3791 ἕκαστον
3560 3736 3755 3807 ὄρθρον
3789 3736 3929 3805 μετά
3951 3736 4008 3788 τὸ

2437 3837 2592 3897 τέλος
2619 3835 2720 3903 τῆς
2749 3831 3109 3900 ἀναγνώσεως
3140 3830 3477 3901 ἐγειρόμενοι
3516 3828 3815 3891 δωδεκάκις
3863 3827 4009 3896 λέγοι

2440 3942 2541 3995 μεν
2567 3924 2647 3987 τὸ,
2680 3924 2879 3991 Κύριε,
2907 3920 3311 3989 ἐλέησον-,Καὶ
3330 3918 3500 3983 οὕτως
3527 3919 3756 3989 ἄρχεται
3788 3916 3948 3973 πάλιν
3976 3918 4008 3987 ἡ

2435 4015 2747 4086 «ψαλμυρδια.

2512 4107 2599 4178 ιβ’.
2636 4109 2728 4160 Δεῖ
2754 4106 2953 4161 ειδέναι
2978 4106 3055 4169 ώς
3079 4103 3203 4160 καθ’
3236 4103 3467 4158 ἕκαστον
3481 4102 3757 4159 Σάϐϐατον
3788 4104 3885 4157 καὶ
3904 4106 4008 4158 Ku-

2441 4199 2657 4271 ριακὴν,
2680 4198 2768 4251 ὅτε
2788 4198 2891 4251 οὐκ
2919 4197 3067 4251 ἐστιν
3099 4198 3158 4251 ἐν
3195 4197 3385 4259 αὑταῖς
3414 4197 3534 4267 ἦτοι
3562 4195 3724 4265 ἑορτὴ
3751 4200 4005 4247 Δεσποτι-

2438 4291 2529 4363 xi],
2554 4291 2589 4362 ἢ
2621 4290 2809 4361 μνήμη
2840 4289 3022 4357 ἁγίου,
3051 4290 3143 4341 τὸν
3174 4285 3498 4341 ’Δπόστολον
3544 4284 4003 4357 ἀναγινώσκομεν.

2449 4384 2540 4436 Ἐν
2570 4383 2628 4435 δὲ
2659 4384 2773 4444 τοῖς
2798 4380 3075 4435 Σάὁὸασιν
3120 4381 3202 4443 είς
3242 4379 3333 4432 τὸν
3386 4378 3583 4450 ὄρθρον
3623 4377 3899 4448 ψάλλομεν
3926 4377 4002 4440 τὸ,

2438 4472 2545 4543 πρὸ
2580 4470 2673 4524 τοῦ
2719 4470 2965 4540 ἀμώμου
3000 4468 3265 4538 κάθισμα.
3300 4463 3430 4520 Εἶτα
3477 4468 3569 4521 τὸν
3597 4466 3862 4536 ἄμωμον
3892 4466 4006 4519 εἶτα

767 4561 1054 4625 maculati,
1113 4569 1167 4615 et
1185 4559 1430 4616 .subinde
1477 4559 1743 4629 psalmum
1803 4560 2336 4630 quinquagesimum,

2441 4563 2533 4616 τὸν
2567 4568 2630 4615 ν’·
2667 4556 2785 4614 εἶτα
2826 4562 2918 4614 τὸν
2965 4560 3188 4613 κανόνασ
3220 4559 3459 4627 γίνονται
3489 4557 3545 4611 δὲ
3577 4557 3913 4627 ἀναγνώσεις
3937 4564 4002 4626 γ’.

767 4660 954 4724 postea
996 4666 1259 4707 canonem
1296 4666 1311 4717 ;
1342 4658 1397 4705 et
1444 4651 1581 4705 fiunt
1616 4650 1876 4705 lectiones
1914 4660 2046 4706 tres.
2098 4652 2340 4721 Namque

769 4743 839 4797 ad
865 4742 1133 4813 psalmum
1167 4740 1517 4805 imtnacalati,
1550 4754 1657 4794 non
1686 4740 1941 4809 legimus.
1975 4737 2121 4794 Loco
2154 4749 2334 4795 autem

767 4834 1143 4905 exapostilarii
1166 4833 1421 4900 dicimus,
1443 4831 1507 4887 In
1532 4831 1784 4885 memoria
1806 4842 2001 4886 eterna
2022 4831 2119 4886 erit
2133 4830 2337 4900 justus,

770 4926 836 4980 ab
861 4926 1131 4979 auditione
1160 4924 1302 4978 mala
1340 4940 1442 4978 non
1469 4922 1689 4977 timebit.
1721 4920 1847 4978 Haec
1890 4925 2167 4993 quantitas
2202 4939 2340 4991 qua-

769 5018 1005 5087 litasque
1042 5016 1355 5087 psalmodiis
1414 5014 1759 5085 protenditur
1815 5030 1986 5085 usque
2018 5015 2086 5070 ad
2142 5017 2341 5071 tivitlci

772 5106 900 5176 ligni
924 5107 1331 5160 exultationem.

850 5196 932 5251 ιδ.
973 5197 1239 5252 Postridie
1288 5195 1635 5252 dormitionis
1691 5196 2053 5253 sanctissima:
2099 5197 2344 5268 Deiparre

771 5292 827 5342 in
855 5286 1103 5359 lycltnico
1134 5297 1253 5356 post
1284 5286 1607 5356 proemium
1632 5284 1812 5339 statim
1834 5286 2033 5339 dicitur
2058 5304 2072 5340 :
2105 5287 2346 5353 Domine,

772 5381 1019 5434 clamavi.
1052 5376 1117 5432 Et
1148 5394 1303 5433 mane
1333 5380 1398 5432 ad
1424 5378 1751 5432 matutinum
1789 5390 1911 5447 post
1935 5378 2343 5447 hexapsaltnum

2434 4654 2529 4717 Είς
2558 4652 2667 4723 γὰρ
2717 4653 2809 4704 τὸν
2850 4652 3093 4721 ἄμωμον
3128 4651 3229 4704 οὐκ
3273 4653 3744 4721 ἀναγινώσκομεν.
3782 4651 3927 4704 ’Λντὶ
3952 4651 4003 4703 δὲ

2433 4746 2529 4798 τοῦ
2573 4743 3051 4813 ἑξαποστειλαρίου
3098 4742 3329 4814 λέγομεν
3362 4744 3445 4808 τὸ,
3482 4744 3586 4808 Εις
3616 4744 4006 4812 μνημόσυνον

2434 4834 2671 4888 αὶώνιον
2719 4833 2892 4886 ἔσται
2935 4831 3202 4898 δίκαιος,
3238 4834 3355 4886 ἀπὸ
3398 4830 3587 4901 ἀκοῆς
3626 4832 3894 4900 πονηρᾶς
3935 4835 4004 4888 οὺ

2435 4922 2862 4994 φοϐηθήσεται.
2913 4920 3064 4993 Αὕτη
3092 4923 3126 4992 ἡ
3170 4921 3405 4991 ποσότης
3444 4938 3502 4974 τε
3536 4924 3629 4975 καὶ
3651 4924 3872 4993 ποιότης
3909 4924 4005 4994 τῆς

2436 5014 2753 5087 ψαλμῳδίας
2773 5013 3029 5067 διατείνει
3049 5014 3212 5084 μέχρι
3228 5013 3326 5081 τῆς
3349 5011 3610 5079 meum;
3627 5012 3721 5067 τοῦ
3744 5013 4002 5078 ζωοποιοῦ

2442 5106 2617 5171 ξύλου.

2516 5204 2603 5266 ιγ’.
2648 5196 2845 5249 ’ἰστέον
2880 5196 2962 5249 ὅτι
3017 5198 3096 5259 είς
3133 5196 3230 5267 τὴν
3279 5198 3538 5267 κοίμησιν
3591 5197 3691 5266 τῆς
3738 5196 3999 5263 παναγξας

2443 5290 2701 5344 Θεοτόκου
2733 5291 2900 5360 ήγουν
2939 5290 3106 5356 είςτδ
3135 5289 3387 5360 λυχνικὸν
3428 5291 3494 5342 τὸ
3546 5289 3835 5360 μεθέορτον
3876 5290 4003 5358 μετά

2445 5379 2505 5430 τὸ
2528 5379 2812 5449 προοίμιον
2842 5378 3066 5445 εὐθέως,
3100 5379 3295 5447 Κύριε,
3328 5378 3644 5448 ἐκέκραξα.
3672 5378 3785 5432 Καὶ
3816 5380 3882 5448 τῇ
3907 5379 4003 5429 ἓω-

2289 5490 2525 5548 NOTAE.

846 5631 957 5714 (Ξϐ)
994 5629 1219 5685 Cantica
1247 5628 1641 5699 pmnitentialia
1690 5628 1777 5683 vel
1826 5628 1882 5682 in
1924 5626 2183 5681 honorem
2212 5641 2325 5698 apo-

771 5706 955 5840 εμξξῆ)
976 5770 1233 5833 Stichira,
1269 5768 1529 5840 troparia,
1552 5783 1860 5840 seuversus
1890 5768 2203 5839 longiores“

844 5836 956 5911 (58)
995 5843 1068 5897 Ita
1091 5840 1331 5909 intelligo
1358 5836 1509 5906 sigla
1542 5838 1767 5896 codicis.
1803 5836 1945 5897 Sunt
1980 5836 2157 5895 autem
2195 5853 2333 5893 mar-

2446 5627 2633 5697 tyrica,
2667 5627 2851 5700 ltymni
2878 5628 2929 5683 in
2966 5628 3222 5683 honorem
3249 5638 3566 5700 martyrum.

2514 5700 2624 5767 (39)
2668 5697 3005 5769 llymnornm
3048 5714 3239 5769 genus.
3272 5704 3337 5752 de
3389 5697 3619 5769 quorum
3651 5699 4001 5768 appellatione

2441 5757 2687 5839 disputat
2709 5757 2970 5839 Caugius.

2511 5837 2622 5909 tio)
2652 5836 2745 5893 Est
2776 5835 3017 5909 psalmus
3046 5854 3165 5894 ctu.
3208 5835 3422 5895 V’idesis
3468 5838 3754 5903 Goarimn,
3781 5856 3839 5911 p.
3881 5840 3965 5896 23.
