4184 6500
257 424 397 487 1709

1306 433 1956 497 CONSTITUTIONES
1983 441 2452 505 STUDITAN/E.

3369 455 3503 518 1710

251 541 347 591 θεν
387 541 468 601 είς
514 540 606 593 τὸν
642 539 838 612 δρθρον
881 544 1018 612 μετὰ
1075 545 1134 597 τὸ
1182 545 1494 618 ἑξάψαλμον
1535 549 1702 602 πάλιν
1741 550 1800 601 τὸ

1932 568 2123 608 rursus
2155 556 2395 611 dicitur:
2434 558 2567 612 Deus
2615 559 2865 614 Dominus
2906 579 2919 626 ;
2975 565 3274 636 statimque
3301 583 3501 630 canon,

253 629 402 692 Θεὸς
431 630 667 696 Κύριος,
719 631 813 684 καὶ
848 632 1011 695 εὐθὺς
1062 636 1090 687 6
1145 636 1346 701 κανὼν,
1392 637 1727 705 ἀναγνώσεις
1755 638 1820 708 β’.

265 717 498 788 Ὁμοίως
531 722 611 783 εἰς
652 721 714 774 τὸ
741 722 1013 790 γενέθλιον
1039 725 1138 795 τῆς
1164 728 1353 797 αὐτῆς·
1380 729 1580 798 ὁμοίως
1617 732 1696 792 είς
1724 734 1824 799 τὴν

249 810 499 879 Χριστοῦ
542 812 766 865 Γένναψ
808 814 1069 880 ὡσαύτως
1115 819 1194 880 εἰς
1230 818 1300 870 τά
1337 819 1526 873 Φῶτα’
1562 821 1824 885 ὡσαύτως

247 902 332 963 εἰς
360 902 461 971 τὴν
505 903 864 975 ’Υπαπαντὴν
912 906 1006 959 τοῦ
1043 908 1270 978 Κυρίου.
1289 910 1377 963 Ἐν
1398 910 1586 974 ἄλλαις
1611 912 1667 966 δὲ
1698 913 1822 983 ἑορ-

243 994 392 1057 ταῖς,
423 993 561 1062 πλὴν
591 995 700 1048 τῶν
734 999 1265 1068 προγεγραμμένων,
1296 1001 1501 1066 διπλῶς
1545 1002 1821 1072 ἑορτάζειν

245 1083 350 1134 οὐκ
377 1083 476 1137 ενι.
522 1085 653 1137 Ἀπὸ
693 1085 749 1137 δὲ
787 1088 885 1156 τῆς
908 1088 1169 1156 ὑψώσεως
1199 1090 1306 1154 ἕως
1337 1092 1438 1161 τῆς
1470 1095 1711 1163 μεγάλης
1743 1096 1816 1165 μ’.

243 1176 560 1244 προτίθεται
587 1179 680 1231 καὶ
710 1179 898 1250 ἕτερον
929 1180 1174 1253 κάθισμα
1205 1184 1263 1236 ὲν
1294 1186 1408 1247 τοῖς
1451 1185 1690 1257 δρθροις,
1725 1189 1819 1240 καὶ

241 1267 313 1319 τὰ
342 1269 614 1339 τροπάρια
663 1270 718 1323 δὲ
747 1272 856 1325 τῶν
901 1272 1256 1344 καθισμάτων
1291 1275 1627 1341 διπλοῦνται,
1662 1281 1816 1348 λεγο-

245 1358 411 1427 μένου
441 1361 784 1430 μεσοστίχοψ
811 1362 1054 1429 γίνονται
1087 1365 1144 1417 δὲ
1168 1366 1508 1434 ἀναγνώσεις
1536 1367 1600 1422 δ’.
1641 1369 1729 1422 Ἐν
1757 1369 1816 1423 δὲ

240 1453 357 1513 τοῖς
390 1451 629 1505 Σάϐϐασι
660 1455 872 1517 τούτοις
902 1457 1179 1528 ψάλλομεν
1210 1459 1277 1513 τά
1307 1460 1414 1530 πρὸ
1440 1461 1534 1514 τοῦ
1569 1462 1815 1531 ἀμώμου

246 1541 294 1610 β’
324 1543 660 1614 καθίσματαο
705 1542 826 1599 εἶτα
857 1547 949 1602 τὸν
979 1549 1242 1619 ἄμωμον,
1268 1548 1368 1604 εἷθ’
1394 1553 1566 1617 οὕτως
1599 1557 1689 1607 τὸν
1718 1573 1816 1608 κα-

243 1631 393 1698 νόνα,
421 1635 719 1703 γινομένων
745 1635 784 1686 δ’
812 1637 1190 1704 ἀναγνώσεων,
1221 1641 1410 1694 καθότι
1436 1644 1515 1706 εἰς
1549 1645 1639 1696 τὸν
1662 1646 1814 1715 ἄμω-

235 1741 357 1792 μον
382 1726 481 1778 οὑκ
509 1727 975 1799 ἀναγινώσκομεν.

510 1839 646 1908 Περὶ
679 1840 789 1906 τῆς
821 1841 993 1909 ἁγίας
1022 1846 1544 1915 Τεσσαρακοστῆς.

312 1949 393 2002 ιδ’.
449 1951 568 2021 Χρὴ
603 1951 894 2019 γινώσκειν
950 1954 1032 2007 ὅτι
1080 1958 1144 2026 τῇ
1196 1957 1327 2030 ἁγίᾳ
1374 1961 1469 2012 καὶ
1517 1961 1730 2033 μεγάλῃ
1763 1974 1813 2032 μ’

235 2041 512 2110 ψάλλομεν
551 2044 867 2113 καθίσματα
890 2045 954 2109 δ’,
991 2047 1086 2100 καὶ
1130 2048 1192 2100 τὸ
1240 2049 1524 2121 τριῴδιον·
1571 2053 1815 2120 γίνονται

233 2133 331 2184 καὶ
360 2133 698 2200 ἀναγνώσεις
724 2135 787 2191 δ’.
813 2137 921 2190 Καὶ
944 2139 1054 2192 τῶν
1078 2141 1324 2211 ἀδελφῶν
1349 2143 1546 2214 μικρὸν
1567 2146 1813 2200 ἀναπαυ-

234 2225 506 2294 σαμὲνων,
535 2226 663 2297 περὶ
690 2227 750 2281 τὸ
779 2228 1094 2300 διάφαυσμα
1131 2233 1379 2303 σημαίνει
1413 2237 1441 2288 6
1478 2237 1809 2310 ἐκκλησιὰρ-

233 2329 357 2400 γης
393 2318 486 2369 καὶ
534 2319 753 2374 πάντων
787 2322 1281 2392 συναθροισθέντων
1311 2329 1368 2378 ὲν
1411 2328 1489 2399 τῷ
1535 2333 1805 2403 κυριακῷ,

231 2384 510 2478 ᾧάλλομεν
539 2411 638 2481 τὴν
667 2418 738 2477 α’,
773 2414 912 2482 μετά
935 2384 1292 2486 καθίσματος·
1324 2420 1384 2472 οὑ
1425 2384 1533 2490 pip;
1559 2384 1654 2476 κάὶ

233 2499 575 2570 γινώσκομεν
601 2504 657 2554 ὲν
686 2504 844 2574 αὐτῇ.
886 2505 972 2559 Ἐν
1010 2507 1066 2560 δὲ
1105 2511 1170 2579 τῇ
1207 2515 1255 2577 γ’
1278 2512 1372 2563 καὶ
1412 2517 1464 2576 ς’
1493 2515 1584 2566 καὶ
1609 2515 1651 2567 θ’
1679 2516 1807 2569 ἀνα-

229 2593 594 2665 γινώσκομεν.
620 2594 757 2648 Καθ’
790 2596 1019 2651 ἕκαστον
1053 2601 1374 2669 ἀντίφωνον,
1403 2605 1570 2672 ἤγουν
1589 2605 1799 2674 δόξαν,

228 2686 364 2756 εὐχὴ
396 2687 604 2754 γίνεται
634 2689 784 2758 παρά
803 2708 860 2743 τε
888 2692 981 2744 τοῦ
1018 2694 1386 2765 πρεσϐυτέρου
1417 2698 1511 2749 καὶ
1528 2697 1799 2756 διακόνου.

229 2775 499 2846 Ποιοῦμεν
524 2777 580 2831 δὲ
609 2780 899 2848 μετανοίας
931 2782 1010 2844 είς
1042 2782 1140 2851 μὲν
1173 2782 1270 2845 τὰς
1297 2783 1446 2855 ὧρας
1481 2787 1575 2839 καὶ
1615 2788 1677 2841 τὸ
1706 2789 1801 2842 λυ-

228 2870 414 2940 χνικδν
442 2870 546 2924 ἀνὰ
588 2871 652 2924 λ”
686 2874 765 2937 είς
803 2874 947 2928 δὲτὸ
975 2876 1320 2931 ἀποδείπνιον
1355 2876 1422 2949 ρ’,
1467 2881 1562 2934 καὶ
1593 2882 1674 2946 είς
1712 2883 1802 2937 τὸν

225 2960 426 3030 ὄρθρον
456 2963 532 3017 πν.

301 3059 386 3107 ιε’.
431 3056 526 3107 Δεῖ
547 3055 748 3110 εἰδέναι
782 3058 863 3110 ὅτι
896 3061 963 3129 τῇ
1008 3062 1220 3132 μεγάλῃ
1249 3062 1502 3134 ἑϐδομάδι
1529 3065 1628 3139 ὅλῃ
1659 3066 1797 3136 ψάλ-

1925 652 1980 698 et
2004 645 2268 703 lectiones
2296 651 2436 704 duas.
2463 650 2722 707 Similiter
2747 664 2800 708 et
2830 656 2880 708 iu
2908 659 3188 712 nativitate
3216 660 3459 727 ejusdem
3483 682 3500 728 ;

1926 752 2136 793 necnon
2195 740 2248 794 in
2310 742 2511 796 Christi
2551 741 2868 809 Natalibus,
2921 755 2974 802 et
3030 751 3082 803 in
3145 751 3285 807 festo
3318 752 3503 809 Lumi-

1924 843 2077 891 num,
2123 839 2177 882 et
2210 830 2264 882 in
2299 830 2613 902 llypapante
2646 833 2880 890 Domini.
2914 837 2971 892 ln
3007 840 3130 894 aliis
3161 851 3342 897 autem
3411 860 3502 898 so-

1924 917 2298 978 lemnitatibus
2342 965 2356 987 ,
2390 926 2632 994 exceptis
2700 928 2968 996 przedietis
2998 971 3014 997 ,
3079 931 3357 1001 duplicare
3409 949 3500 991 so-

1923 1009 2153 1064 lemnem
2219 1013 2382 1068 ritum
2466 1031 2573 1070 non
2636 1018 2863 1074 licet.A
2927 1023 3104 1078 crucis
3157 1039 3284 1078 vero
3349 1029 3498 1082 exal-

1924 1099 2127 1154 tatione
2179 1115 2354 1173 usque
2391 1105 2458 1159 ad
2505 1123 2754 1178 magnam
2814 1111 3308 1183 quadragesimam,
3361 1134 3499 1188 pra}.

1921 1190 2139 1259 ponitur
2171 1194 2335 1249 etiam
2385 1198 2531 1252 aliud
2581 1201 2846 1256 cathisma
2884 1205 2937 1258 in
2983 1208 3284 1274 matutinis,
3317 1223 3372 1264 et
3400 1227 3496 1266 ca-

1919 1283 2236 1340 thismatum
2276 1291 2514 1359 troparia
2547 1295 2914 1364 duplicantur,
2946 1299 3091 1353 dicto
3116 1304 3492 1371 mesosticho;

1917 1382 1971 1426 et
2028 1373 2165 1429 fiunt
2219 1376 2476 1435 lectiones
2523 1394 2779 1451 quatuor.
2817 1384 2874 1438 In
2910 1385 2994 1440 his
3029 1398 3205 1442 autem
3236 1387 3494 1444 Sabbatis

1916 1466 2205 1536 psallimus
2247 1467 2358 1526 duo
2405 1473 2726 1529 cathismata
2762 1489 2886 1532 ante
2925 1480 3192 1548 psalmum
3233 1483 3495 1536 immacu-

1913 1557 2013 1612 lati
2042 1575 2060 1612 :
2083 1560 2278 1616 deinde
2311 1565 2576 1634 psalmum
2618 1569 2983 1625 immaculati:
3011 1576 3191 1642 postea
3224 1584 3493 1632 canonein

1913 1648 2070 1706 factis
2095 1662 2328 1722 qnatuor
2375 1656 2720 1722 lectionibus,
2775 1665 3214 1735 quandoquidem
3251 1669 3318 1724 ad
3347 1671 3495 1740 psal-

1911 1758 2060 1798 mum
2087 1745 2421 1803 immaculati
2446 1766 2551 1804 non
2583 1751 2830 1822 legimus.

2311 1864 2389 1919 De
2421 1878 2608 1922 sancta
2641 1870 3086 1943 Quadragesima.

1990 1970 2077 2025 M.
2113 1972 2166 2027 ln
2226 1986 2416 2031 sancta
2468 1994 2665 2049 magna
2717 1981 3148 2053 Quadragesima
3206 1988 3487 2058 psallimus

1913 2063 2232 2120 catliismata
2257 2078 2512 2136 quatuor,
2535 2080 2590 2126 et
2635 2074 2910 2137 triodium,
2945 2077 3190 2146 ﬁuntque
3224 2080 3486 2138 lectiones

1910 2164 2166 2223 quatuor.
2231 2157 2297 2213 Et
2345 2160 2604 2218 fratribus
2654 2166 2934 2234 paululum
2991 2171 3482 2238 requiescentibus,

1908 2245 2053 2301 circa
2086 2247 2384 2304 diluculum
2418 2254 2633 2324 signum
2674 2257 2766 2310 dat
2796 2258 3158 2315 ecclesiarcba
3198 2279 3211 2314 :
3245 2265 3486 2319 cunctis-

1906 2350 2012 2404 que
2060 2338 2114 2391 in
2160 2341 2390 2396 ecclesia
2442 2347 2807 2414 congregatis,
2859 2348 3085 2416 primatu
3135 2350 3325 2406 horam
3357 2368 3483 2408 can-

1908 2434 2086 2482 tamus
2122 2444 2246 2483 cum
2276 2431 2620 2500 catbismate,
2652 2451 2826 2506 neque
2879 2448 3058 2493 tamen
3095 2440 3148 2495 in
3195 2443 3384 2499 eadem
3422 2445 3484 2499 fit

1904 2518 2085 2574 lectio.
2116 2521 2277 2578 Horis
2311 2533 2490 2579 autem
2519 2529 2699 2590 tertia,
2732 2541 2905 2593 sexta,
2938 2540 2991 2586 et
3016 2547 3155 2586 noua
3196 2535 3252 2589 fit
3297 2539 3477 2592 lectio.

1901 2611 1981 2666 Ad
2007 2613 2248 2683 singulas
2277 2617 2630 2688 antipbonas,
2651 2621 2704 2676 id
2725 2632 2810 2676 est
2831 2626 3050 2692 glorias,
3082 2629 3258 2682 oratio
3286 2631 3478 2684 reeita-

1903 2712 1993 2756 tur
2019 2719 2048 2756 a
2079 2705 2398 2772 presbytero
2442 2716 2496 2760 et
2522 2707 2776 2762 diacono.
2807 2709 3062 2767 Facimus
3093 2726 3274 2769 autem
3303 2727 3478 2772 meta-

1900 2808 2053 2849 noaas
2108 2793 2161 2847 iu
2193 2794 2347 2853 boris
2380 2805 2435 2852 et
2485 2798 2754 2869 lychuieo,
2789 2802 3049 2871 triginta;
3082 2803 3136 2860 in
3181 2806 3478 2877 completo-

1901 2884 2003 2950 rio,
2040 2895 2256 2941 centum
2293 2904 2307 2953 ;
2337 2895 2390 2943 et
2420 2888 2472 2944 in
2505 2891 2771 2946 matutino
2799 2893 3096 2966 octoginta.

1970 3059 2058 3114 15.
2107 3059 2242 3116 Tota
2288 3078 2484 3134 magna
2556 3066 2894 3122 hebdomada
2953 3068 3236 3139 psallimus
3285 3071 3475 3142 horas,

224 3142 392 3214 λομεν
421 3145 518 3208 τὰς
562 3145 711 3217 ὥρας
740 3148 940 3218 ὁμοίως
964 3153 1085 3213 ταῖς
1124 3152 1229 3222 πρὸ
1279 3154 1480 3221 αὐτῶν,
1516 3158 1655 3230 πλὴν
1701 3161 1794 3213 τοῦ

1900 3153 2038 3208 sicut
2061 3167 2240 3222 antea,
2272 3156 2509 3212 Sabbato
2547 3168 2737 3214 sancto
2762 3170 2989 3230 excepto
3024 3180 3036 3216 :
3067 3172 3122 3218 et
3175 3174 3474 3222 metanteas

224 3237 384 3304 ἁγίου
430 3239 744 3293 Σαϐϐάτου·
786 3242 877 3294 καὶ
929 3245 1214 3311 μετανοίας
1264 3247 1322 3298 δὲ
1380 3246 1643 3320 πόιοῦμεν
1693 3253 1795 3317 ἕως

1901 3244 2130 3302 facimus
2169 3249 2346 3304 donec
2373 3250 2596 3321 incipiat
2625 3254 2952 3307 matutinum
2987 3255 3294 3326 trisagium,
3321 3260 3469 3327 quod

222 3331 348 3383 ὅτου
382 3329 610 3401 ἄρξηται
630 3332 689 3386 τὸ
717 3332 936 3386 ἑωθινὸν
960 3335 1263 3404 τρισάγιον,
1297 3338 1434 3411 ὅπερ
1454 3341 1671 3411 λέγεται
1703 3361 1797 3413 με-

220 3424 289 3475 τὰ
311 3423 370 3475 τὸ
398 3425 656 3495 στιχηρὸν
687 3426 782 3478 τοῦ
809 3427 1014 3496 στίχου·
1050 3429 1170 3497 μεθ’
1199 3422 1258 3482 οὗ
1289 3434 1667 3504 προκείμενον,
1703 3439 1795 3490 καὶ

233 3515 554 3568 Ἀπόστολον
587 3517 680 3570 καὶ
710 3521 1050 3588 προφητείαν
1079 3521 1173 3573 καὶ
1207 3523 1559 3592 Εὐαγγέλιον.

293 3613 390 3672 ιςδ.
425 3607 546 3679 Χρὴ
584 3608 872 3676 γινώσκειν
896 3612 979 3666 ὅτι
1007 3611 1048 3664 δ’
1071 3613 1175 3666 ,καὶ
1191 3616 1518 3691 Παρασκευῇ
1552 3622 1643 3674 καὶ
1677 3623 1789 3674 Κυ-

220 3705 410 3773 ριακῇ,
451 3703 560 3756 τῶν
605 3704 848 3774 ἀδελφῶν
898 3708 1201 3777 ἱσταμένων
1250 3713 1388 3782 μετά
1421 3716 1598 3780 πάσης
1636 3717 1793 3770 εὐλα-

217 3794 392 3858 ϐείας,
437 3795 576 3865 μετά
604 3796 701 3867 τὴν
722 3797 982 3851 ἀπόλυσιν
1015 3799 1107 3853 τοῦ
1133 3801 1329 3872 ὄρθρου
1355 3804 1790 3872 ἀναγινώσκεται

215 3886 252 3955 ή
297 3887 604 3956 κατήχησις
655 3888 750 3941 τοῦ
802 3888 1065 3960 θεοφόρου
1116 3893 1329 3964 Πατρὸς
1380 3897 1540 3965 ἡμῶν
1585 3897 1791 3950 Θεοδώ-

216 3995 314 4048 ρου
345 3978 480 4049 (ll).
514 3976 646 4032 Εῐτα
668 3980 816 4048 λέγει
844 3983 1025 4035 καὶτὰ
1061 3985 1189 4054 παρ’
1213 3986 1410 4039 ἑαυτοῦ
1439 3990 1467 4039 6
1485 3989 1789 4058 ἡγούμενος

213 4067 480 4120 νουθετῶν
503 4071 628 4132 τοὺς
653 4069 934 4138 ἀδελφούς.
959 4072 1070 4124 Καὶ
1102 4073 1240 4141 μετά
1270 4075 1369 4144 τὴν
1394 4077 1788 4148 συμπλήρωσιν

209 4161 311 4229 τῆς
343 4163 717 4233 κατηχήσεως,
741 4162 1119 4230 δοξάζουσιν,
1148 4169 1240 4221 καὶ
1273 4167 1487 4235 λέγεται
1511 4171 1570 4222 τὸ
1597 4171 1787 4241 Πάτερ

208 4253 402 4322 ἡμῶν,
424 4255 519 4308 καὶ
548 4256 868 4324 εὐλογεῖτε,
891 4257 1066 4326 ἅγιοι,
1086 4261 1444 4328 εὐλόγησον,
1463 4264 1674 4333 Πάτερ,
1697 4267 1788 4319 καὶ

207 4345 459 4399 ἀπολύει.
487 4345 674 4408 Οὕτως
712 4347 943 4402 καθόλου
968 4349 1062 4401 τοῦ
1093 4351 1361 4404 ἐνιαυτοῦ.

278 4437 368 4501 ιζ’.
395 4437 514 4508 Χρὴ
543 4437 831 4505 γινώσκειν
869 4440 950 4491 ὅτι
987 4438 1064 4510 τῷ
1098 4441 1358 4513 Σαϐϐάτῳ
1383 4444 1463 4506 είς
1491 4445 1552 4497 τὸ
1582 4447 1781 4515 Κύριε,

1896 3336 2098 3391 dicitur
2125 3345 2250 3408 post
2279 3339 2565 3394 stichirum
2598 3343 2760 3397 sticlii
2796 3362 2807 3396 :
2861 3344 3136 3415 simulque
3197 3348 3471 3416 procime-

1896 3444 2028 3489 non.
2067 3438 2120 3483 et
2159 3430 2319 3486 lectio
2375 3433 2530 3487 Pauli
2573 3434 2654 3498 fit,
2699 3451 2800 3489 nec
2870 3451 2977 3491 non
3027 3438 3360 3508 prOphetiae,
3419 3455 3474 3497 et

1894 3518 2188 3593 Evangelii.

1969 3615 2052 3669 16.
2111 3615 2270 3673 Feria
2321 3621 2514 3689 quarta
2571 3631 2625 3676 et
2675 3634 2826 3678 sexta
2890 3635 2944 3680 et
3003 3628 3091 3684 die
3140 3631 3467 3700 Dominico,

1891 3708 2197 3763 astantibus
2261 3726 2386 3766 cum
2451 3715 2763 3770 omnimoda
2819 3717 3105 3776 devotione
3183 3724 3468 3794 fratribus,

1892 3807 2012 3864 post
2032 3798 2338 3855 absolutum
2362 3806 2687 3859 matutinum
2764 3807 2959 3879 legitur
2988 3815 3288 3871 catechesis
3311 3818 3469 3876 theo-

1890 3889 2049 3958 pliori
2111 3891 2292 3949 Patris
2350 3898 2520 3951 nostri
2576 3897 2870 3956 Theodori.
2919 3902 3114 3961 Postea
3155 3907 3285 3964 facit
3343 3927 3467 3981 pro-

1888 3983 2067 4052 priam
2118 3987 2288 4042 abbas
2343 3989 2410 4044 ad
2453 3989 2648 4045 fratres
2705 3994 3165 4053 adhortationem.
3217 4002 3466 4060 Ettiuita

1887 4079 2196 4143 cateebesi,
2225 4080 2416 4136 dicunt
2464 4083 2631 4152 gloria
2670 4122 2686 4147 ,
2731 4101 2854 4141 cum
2908 4087 3073 4144 Pater
3123 4103 3301 4148 noster
3345 4137 3361 4161 ,
3411 4109 3466 4150 et

1887 4169 2192 4235 benedicite,
2212 4173 2404 4240 sancti,
2425 4175 2658 4242 benedic,
2684 4177 2862 4246 Pater,
2893 4191 2949 4235 et
2978 4181 3102 4238 ﬁnis
3127 4184 3205 4238 ﬁt.
3228 4183 3320 4240 Sic
3350 4197 3463 4244 toto

1886 4275 2032 4315 anno
2072 4263 2345 4316 usuvenit.

1955 4439 2044 4494 l7.
2072 4439 2310 4494 Sabbato
2352 4439 2419 4494 ad
2443 4440 2711 4511 psalmum
2736 4441 2977 4509 Domine,
3006 4444 3252 4512 clamavi,
3282 4447 3460 4519 tripli-

206 4526 524 4594 ἐκέκραξα,
551 4528 619 4581 τὰ
648 4528 995 4597 ἀναστάσιμα
1025 4531 1260 4599 στιχηρὰ
1275 4532 1671 4601 τρισσεύονται⁹
1696 4541 1776 4602 είς

1900 4540 2078 4587 :antur
2119 4530 2450 4586 anastasima
2506 4532 2764 4587 stichira:
2799 4535 2865 4588 ad
2902 4535 3089 4590 laudes
3135 4548 3318 4591 autem
3349 4540 3454 4594 du-

205 4612 262 4668 at
314 4620 442 4682 τοὺς
490 4619 671 4682 αἴνους
720 4619 1079 4673 δισσεύονται.
1129 4621 1365 4690 Ὁμοίως
1419 4625 1510 4676 καὶ
1557 4627 1615 4679 ὲν
1660 4631 1778 4692 ταῖς

204 4713 564 4774 Δεσποτικαίς
591 4711 825 4781 ἑορταῖς.

281 4799 370 4872 ιη’.
416 4803 612 4856 Ὶστὲον
655 4805 737 4857 ὅτι
772 4804 861 4858 καὶ
895 4804 1366 4877 ὲπιστημονάρχαι
1403 4810 1541 4863 εἰσὶν
1581 4813 1660 4873 είς
1687 4811 1782 4877 οὓς

203 4895 271 4949 τὰ
306 4895 593 4966 σφάλματα
621 4897 730 4949 τῶν
764 4899 1105 4968 μικροτέρων
1127 4899 1370 4969 ἀδελφῶν
1400 4903 1780 4975 ἀναφερόμενα

200 4990 301 5058 τὴν
328 4989 610 5058 διόρθωσιν
639 4989 875 5058 δέχεται.
917 4991 1027 5044 Καὶ
1056 4991 1348 5064 ταξιάρχαι
1381 4994 1475 5047 δύο
1505 4997 1646 5049 κατά
1679 5013 1773 5066 χοο

204 5079 333 5148 ρῶν,
361 5079 451 5146 ὑφ’
473 5073 548 5133 ὧν
587 5079 638 5131 οί
667 5080 888 5149 ἀδελφοὶ
919 5082 1160 5152 κοσμίως
1187 5083 1432 5138 ἵστασθαι
1457 5087 1515 5138 ὲν
1545 5089 1658 5150 τοῖς
1677 5104 1770 5157 χο-

205 5174 318 5241 ροῖς
339 5173 870 5243 ὑπομιμνήσκονται.
910 5173 1021 5226 Καὶ
1048 5175 1390 5248 ἀφυπνιστής
1416 5177 1622 5250 ἕτερος,
1654 5181 1682 5233 6
1710 5182 1768 5231 ὲν

199 5265 320 5326 ταῖς
349 5263 687 5332 ἀναγνώσεσι
730 5266 825 5318 τοῦ
873 5265 1092 5336 ὄρθρου,
1124 5267 1308 5339 ἡρέμα
1342 5271 1770 5341 περιερχόμενος

200 5356 324 5419 τοὺς
371 5356 662 5425 ἀδελφοὺς,
703 5358 796 5411 καὶ
843 5360 969 5422 τοὺς
1018 5362 1395 5431 κοιμωμένους
1443 5361 1765 5427 ἐξυπνίζων.

213 5447 372 5501 Ἀλλὰ
403 5449 499 5501 καὶ
528 5444 857 5522 ἐπιτηρηταὶ
898 5451 1018 5504 καθ’
1067 5453 1308 5523 ἑσπέραν
1357 5451 1452 5507 δύο
1480 5454 1768 5509 τάσσονται

196 5540 508 5610 ἀμοιϐαδὸν,
548 5542 603 5594 οἵ
629 5559 772 5604 τινες
802 5543 938 5612 μετὰ
972 5542 1071 5614 τὴν
1110 5545 1294 5615 φωνὴν
1324 5544 1418 5599 τοῦ
1443 5545 1602 5611 ξύλου
1633 5563 1766 5616 προ-

196 5634 483 5703 τρέπονται
525 5635 649 5696 τοὺς
671 5635 911 5705 νωθροὺς
946 5637 1270 5708 συνδραμεῖν
1291 5639 1371 5702 είς
1409 5640 1478 5692 τὰ
1503 5639 1763 5710 ἐσπερινὰ

1881 4624 2173 4695 plicantur.
2206 4623 2298 4680 Sic
2343 4625 2506 4679 etiam
2544 4625 2598 4681 in
2625 4627 3062 4684 solemnitatibus
3095 4627 3335 4687 Domini.

1949 4807 2036 4863 18.
2068 4807 2208 4863 Sunt
2230 4809 2392 4863 etiam
2430 4809 2734 4880 disciplinae
2767 4812 3026 4882 praefecti,
3057 4813 3125 4868 ad
3170 4830 3309 4885 quos
3335 4815 3452 4872 cul-

1877 4915 1958 4970 pas
1986 4901 2259 4956 minorum
2293 4901 2527 4956 fratrum
2560 4904 2914 4960 emendanda
2953 4905 3288 4962 deferuntur.
3315 4906 3446 4964 Item

1879 5001 2019 5047 sunt
2077 4993 2328 5048 cborales
2361 4995 2731 5051 moderatores
2766 4995 2897 5060 duo.
2927 5013 2957 5051 a
2988 4999 3190 5068 quibus
3251 4999 3449 5057 fratres

1877 5088 2239 5141 admonentur
2298 5094 2358 5141 ut
2395 5088 2593 5142 decore
2620 5088 2673 5142 in
2703 5089 2888 5145 choris
2923 5105 2982 5144 se
3044 5103 3258 5158 gerant.
3300 5094 3447 5150 Prte-

1875 5188 2022 5232 terea
2049 5179 2318 5235 excitator
2351 5180 2521 5245 alter,
2568 5180 2660 5250 qui
2691 5180 2815 5236 dum
2871 5184 3008 5237 fiunt
3049 5186 3330 5242 matutina:
3367 5189 3444 5243 le-

1874 5271 2090 5325 ctiones
2121 5309 2137 5336 ,
2182 5272 2348 5326 tacite
2401 5271 2601 5327 fratres
2647 5273 2999 5340 circumiens,
3039 5275 3443 5333 obdormientes

1867 5363 2092 5432 vigilare
2115 5364 2261 5418 facit.
2303 5364 2444 5430 Quin
2473 5366 2639 5420 etiam
2684 5367 3052 5435 speculatores
3078 5369 3188 5423 duo
3237 5371 3446 5425 consti-

1867 5461 2095 5508 tuuntur
2128 5455 2458 5520 alternatim,
2486 5457 2578 5526 qui
2633 5467 2755 5526 post
2810 5457 2940 5529 ligni
2979 5459 3217 5514 sonitum
3247 5469 3445 5530 urgent

1867 5546 2135 5617 pigriores
2166 5557 2226 5602 ut
2259 5548 2324 5604 ad
2373 5564 2625 5619 vesperas
2672 5559 2727 5607 et
2758 5551 3174 5621 completorium
3199 5566 3436 5609 concur-

1868 5649 2014 5693 rant.
2058 5639 2378 5712 Rursusque
2413 5642 2667 5699 absoluto
2712 5644 3086 5714 completorio,
3124 5644 3284 5700 iidem
3343 5662 3436 5700 se-

1703 5753 1934 5810 NOTAE.

262 5860 376 5926 (-ll)
416 5860 598 5914 Lectio
642 5863 1012 5919 catecliesium
1075 5864 1308 5923 Studitae
1367 5869 1654 5939 incipiebat
1715 5873 1766 5926 in
1811 5871 2089 5930 Dominica
2122 5874 2566 5947 Septuagesimm.
2600 5878 2762 5935 Allat.
2813 5893 2902 5948 0p.
2929 5878 3019 5934 cit.
3051 5919 3064 5944 ,
3092 5879 3190 5932 col.
3232 5876 3393 5932 1490.
