4184 6508
215 447 354 515 1713

1288 448 1942 512 CONSTITUTIONES
1975 449 2443 512 STUDITAN/E.

3327 448 3461 515 17H

206 567 402 632 αὑτοῦ,
442 568 581 639 μετὰ
610 566 672 621 τὸ
703 567 1179 640 διαμαρτύρασθαι
1205 569 1354 639 αὐτῷ
1376 568 1466 621 τὸν
1487 567 1790 637 ἡγούμενον

1897 565 2002 618 situ
2039 582 2140 620 suo
2169 565 2562 636 permanserit,
2598 575 2731 623 tunc
2753 575 3040 638 postquam
3080 566 3128 623 ei
3159 567 3328 623 abbas
3379 569 3460 621 lu-

205 666 278 717 τά
308 662 727 733 συμϐησόμενα,
746 663 1046 732 τηνικαῦτα
1074 664 1167 715 ἐπὶ
1189 663 1546 733 κατηχήσεως
1573 661 1785 727 εἰσάγει

209 755 378 808 αὑτὸν
411 755 508 808 καὶ
535 755 866 825 συναριθμεῖ
890 758 954 824 τῇ
990 754 1188 808 ἐαυτοῦ
1220 755 1426 826 ποίμνῃ
1451 796 1465 814 ,
1501 753 1786 823 βάλλοντος

208 847 305 900 τοῦ
356 847 799 918 προσερχομένου
853 847 1143 915 μετάνοιαν
1194 849 1309 910 τοῖς
1361 845 1614 912 ἀδελῳοῖς
1663 847 1787 897 κατ’

210 938 521 1011 ἐπιτροπὴν
572 937 669 991 τοῦ
720 939 1055 1007 ἡγουμένου,
1085 937 1359 991 κάκείνων
1407 936 1789 1007 ἐπευχομένων

211 1029 383 1100 αὐτῷ.

284 1130 386 1177 κε’.
425 1122 547 1194 Χρὴ
578 1120 869 1190 γινώσκειν
903 1120 980 1184 ὡς
1009 1120 1105 1173 καὶ
1145 1118 1495 1198 ἀφορίστριαι
1523 1115 1631 1169 είσὶ
1658 1117 1791 1186 παρ’

211 1217 368 1286 ἡμῖν,
399 1217 456 1268 ἐν
478 1211 566 1278 αἷς
598 1215 645 1266 οί
681 1213 930 1275 ἀπειθεῖς
956 1213 1051 1264 καὶ
1076 1211 1320 1279 δυσήνιοι
1355 1208 1786 1273 κατακλείονται,

214 1307 657 1378 ξηροφαγοῦντες
687 1307 783 1360 καὶ
813 1305 1190 1374 παιδευόμενοι
1213 1304 1313 1372 τὴν
1345 1305 1547 1372 ἀρετήν
1567 1318 1581 1332 ·
1618 1304 1652 1371 ἡ
1681 1301 1791 1371 γὰρ

211 1399 302 1454 διὰ
335 1398 617 1470 μαστίγων
660 1398 979 1464 παίδευσις,
1023 1397 1099 1460 ὡς
1141 1399 1255 1458 τοῖς
1300 1398 1586 1465 κοσμικοῖς
1615 1397 1791 1466 ἁρμό-

213 1491 417 1556 ζουσα,
471 1493 585 1553 τοῖς
639 1489 918 1560 Πατράσιν
996 1487 1154 1558 ἡμῶν
1208 1486 1514 1557 ἀπόϐλητος
1568 1487 1792 1549 εἰκότως

216 1581 431 1655 ἐκρίθη.

287 1681 402 1739 κς’.
426 1674 520 1725 Δεῖ
543 1673 740 1734 εἰδέναι
768 1669 850 1725 ὅτι
884 1672 942 1725 ἐν
972 1666 1062 1734 αἷς
1096 1671 1334 1742 ἡμέραις
1363 1670 1562 1742 ἀργίαν
1587 1671 1792 1739 ἄγομεν

211 1768 324 1820 τῶν
357 1765 688 1834 σωματικῶν
722 1763 921 1834 ἔργων,
954 1764 1139 1835 κρούει
1168 1765 1196 1816 6
1224 1761 1575 1833 βιϐλιὸφύλαξ
1605 1763 1665 1816 τὸ
1695 1763 1788 1828 ξύ-

215 1860 309 1911 λον
336 1857 504 1920 ᾰπαξ,
539 1856 634 1909 καὶ
668 1857 991 1923 συνάγονται
1034 1856 1082 1908 οἱ
1112 1855 1334 1924 ἀδελφοὶ
1378 1856 1458 1914 είς
1491 1855 1583 1907 τὸν
1625 1854 1791 1907 τόπον

216 1951 326 2004 τῶν
380 1949 622 2020 βιϐλίων,
685 1947 779 2000 καὶ
831 1947 1101 2016 λαμϐάνει
1158 1947 1387 2009 ἕκαστος
1428 1946 1650 2016 βιϐλίον,
1700 1948 1796 2000 καὶ
1826 1924 1866 1977 Β

216 2041 583 2112 ἀναγινώσκει
614 2041 719 2104 ἓως
754 2039 854 2109 ὀψέ
874 2057 888 2074 σ
942 2040 1048 2110 πρὸ
1077 2039 1135 2091 δὲ
1164 2039 1272 2091 τῶν
1303 2040 1669 2109 σημαντήριον
1697 2038 1792 2092 τοῦ

217 2136 495 2207 λυχιιικοῦ,
532 2135 719 2206 κρούει
754 2135 916 2188 πάλιν
944 2133 1091 2200 ἅπαξ
1115 2136 1142 2186 ὁ
1177 2133 1270 2186 ἐπὶ
1304 2134 1412 2186 τῶν
1447 2133 1684 2203 βιϐλίων,
1700 2134 1794 2187 καὶ

217 2235 507 2307 ἐρχόμενοι
530 2233 733 2296 πάντες
767 2231 910 2285 κατά
939 2232 1037 2302 τὴν
1069 2229 1394 2300 ἀναγραφὴν
1421 2229 1796 2299 ἀποστρέφου-

219 2344 308 2380 σιν
335 2325 511 2384 αὐτά·
540 2326 589 2378 εί
635 2323 692 2377 δέ
721 2340 806 2385 τις
835 2322 1112 2392 ύστερίσει
1149 2323 1231 2386 είς
1275 2323 1375 2392 τὴν
1404 2321 1659 2374 ἀπόδοσιν
1695 2323 1795 2392 τῆς

218 2416 429 2488 βίϐλου,
459 2416 720 2485 ἐπιτιμίῳ
757 2413 1142 2468 ὑποϐάλλεται.

291 2507 396 2572 κζ’.
437 2506 558 2577 Χρὴ
585 2507 783 2560 εἰδέναι
815 2506 890 2570 ὡς
916 2506 1080 2576 ἡνίκα
1109 2506 1338 2577 ἐννάτην
1365 2503 1646 2574 ποιοῦμεν,
1686 2502 1794 2558 ἀπὸ

215 2601 320 2670 τῆς
347 2598 402 2666 ς’
432 2599 740 2671 λειτουργεῖ
769 2599 797 2652 6
826 2598 1234 2670 πρι-τϐύτερος’
1253 2600 1300 2651 εἰ
1326 2599 1384 2653 δέ
1403 2599 1498 2653 καὶ
1529 2598 1795 2669 μέλλομεν

216 2688 444 2756 ἐσθίειν,
465 2691 572 2744 ἀπὸ
603 2692 703 2762 τῆς
732 2697 782 2762 γ’
801 2708 816 2722 ·
841 2691 936 2745 ἐὰν
959 2691 1016 2749 6‘s
1050 2691 1251 2760 ἀργίαν
1289 2690 1493 2760 ἄγομεν
1518 2689 1628 2743 τῶν
1652 2689 1797 2762 ὁρῶν

217 2784 319 2838 καὶ
363 2783 669 2853 κάμνομεν,
715 2785 748 2854 ἡ
782 2784 880 2853 μὲν
907 2783 1029 2837 θεία
1084 2783 1396 2853 λειτουργία
1440 2782 1589 2848 ῶραν
1618 2789 1666 2846 γ’
1700 2798 1797 2854 ση-

222 2876 444 2946 μαίνει·
477 2876 614 2944 μετὰ
641 2875 698 2929 δὲ
729 2876 831 2947 τὴν
869 2876 1267 2948 συμπλήρωσιν
1299 2878 1490 2946 αὐτῆς,
1523 2877 1710 2946 κρούει
1735 2875 1797 2934 τὸ

223 2968 384 3033 ξύλον
416 2970 560 3040 τρὶς,
611 2971 707 3023 καὶ
767 2969 1094 3038 συνάγονται
1140 2970 1340 3032 πάντες
1369 2971 1416 3022 οἱ
1449 2969 1667 3023 ἀδελφοὶ
1703 2969 1794 3022 ἐπὶ

218 3061 286 3116 τὸ
317 3059 472 3128 αὐτὸ,
503 3061 600 3117 καὶ
635 3062 774 3132 μετά
803 3063 865 3115 τὸ
891 3062 1063 3131 ψᾶλαι
1096 3062 1165 3116 τὰ
1216 3063 1440 3127 τυπικά,
1475 3063 1572 3116 καὶ
1609 3060 1795 3116 λαϐεῖν

220 3151 494 3222 εὐλογίαν,
527 3154 881 3225 ἀπερχόμεθα
913 3157 992 3218 είς
1020 3154 1120 3226 τὴν
1151 3153 1451 3225 τράπεζαν.

1887 670 2072 713 turttm
2108 660 2236 713 vitm
2266 675 2439 729 genus
2469 658 2824 725 iutimaverit,
2889 661 3186 715 introducit
3221 662 3286 715 ad
3319 671 3466 716 cate-

1887 752 2133 816 rhcsim,
2195 759 2250 805 et
2303 751 2451 820 gregi
2508 768 2608 806 ειμι
2660 754 3015 817 adnumerat;
3071 754 3199 808 dum
3248 755 3462 808 interim

1888 844 2184 905 admissus,
2227 844 2349 898 data
2383 844 2452 898 ab
2481 845 2674 898 abbate
2704 846 2942 910 licentia,
2978 845 3106 900 facit
3135 856 3462 902 metanosam

1888 951 2073 991 coram
2107 935 2394 1003 fratribus,
2434 946 2598 1008 atque
2632 938 2686 992 bi
2719 939 2963 994 vicissim
2995 955 3094 1010 pro
3134 941 3223 996 illo
3249 943 3425 996 ordut.

1959 1115 2050 1171 9.5.
2086 1115 2228 1172 Sunt
2275 1117 2439 1173 etiam
2471 1119 2614 1187 apud
2668 1133 2769 1174 nos
2814 1119 2918 1173 loci
2951 1114 3174 1189 quidam
3209 1121 3463 1190 separati,

1890 1211 1943 1265 in
1976 1212 2180 1280 quibus
2209 1211 2580 1267 inobedientes
2619 1223 2671 1267 et
2705 1220 3058 1267 contumaces
3095 1213 3464 1273 includuntur,

1892 1304 2047 1358 arido
2077 1306 2223 1360 victu
2249 1305 2462 1371 nutriti,
2497 1315 2660 1375 atque
2689 1305 2762 1360 ita
2791 1306 3045 1360 virtutem
3076 1306 3276 1361 edocti.
3299 1305 3466 1360 Nam-

1890 1413 1997 1467 que
2030 1397 2464 1452 emendationem
2524 1411 2622 1466 per
2683 1397 2935 1460 verbera,
2995 1413 3118 1467 quae
3174 1396 3466 1450 mundanis

1893 1489 2209 1544 hominibus
2239 1489 2519 1554 convehit,
2544 1489 2741 1543 merito
2765 1488 2950 1543 Patres
2981 1488 3153 1543 nostri
3180 1488 3466 1558 repudian-

1891 1580 2016 1634 dam
2055 1588 2410 1634 censuerunt.

1963 1670 2052 1725 26.
2096 1671 2298 1726 Diebus
2329 1672 2529 1740 quibus
2575 1687 2607 1726 a
2665 1671 2937 1741 corporali
2969 1686 3133 1742 opere
3182 1671 3466 1735 feriamur,

1893 1764 2110 1835 signum
2174 1765 2320 1833 ligno
2364 1764 2530 1818 semel
2585 1764 2698 1818 edit
2747 1763 3238 1827 bibliothecarius,
3269 1779 3471 1818 conve-

1896 1857 2159 1925 niuntque
2216 1855 2414 1910 fratres
2479 1856 2543 1910 ad
2605 1857 2867 1912 librorum
2908 1857 3133 1920 aulam,
3194 1857 3472 1924 sumitque

1897 1949 2280 2018 unusquisque
2311 1950 2533 2013 librum,
2584 1959 2638 2005 et
2668 1967 2842 2018 usque
2882 1950 2947 2003 ad
2987 1965 3267 2018 vesperam
3318 1950 3465 2019 legit.

1897 2039 1999 2093 Sed
2032 2039 2350 2108 priusquam
2386 2040 2621 2110 lychnici
2644 2040 2798 2110 signa
2831 2039 3052 2102 dentur,
3077 2041 3256 2110 pulsat
3279 2021 3497 2095 rursus.

1896 2133 2065 2185 semel
2104 2132 2587 2194 bibliothecarius;
2647 2130 2942 2201 cunctique
2970 2132 3250 2187 venientes
3272 2147 3471 2186 secun-

1897 2221 2024 2275 dum
2076 2221 2340 2290 scriptam
2379 2222 2642 2276 schedam
2674 2222 2846 2277 libros
2901 2221 3154 2276 reddunt.
3222 2221 3376 2287 Quod
3425 2223 3470 2277 si

1895 2314 2022 2383 quis
2056 2312 2283 2369 reddere
2314 2313 2511 2368 librum
2542 2323 2853 2380 cunctatur,
2886 2329 3061 2383 poena:
3085 2314 3396 2385 subjicitur.

1963 2493 2058 2548 27.
2093 2493 2213 2565 Quo
2243 2503 2486 2565 tempore
2529 2495 2720 2549 horam
2774 2509 2976 2550 nonam
3017 2494 3352 2559 recitamus,
3403 2496 3472 2551 ab

1897 2587 2032 2643 hora
2070 2597 2224 2644 sexta
2255 2603 2471 2645 sacrum
2501 2589 2629 2644 facit
2660 2589 2986 2659 presbyter:
3014 2589 3158 2658 quod
3211 2589 3256 2644 si
3303 2589 3469 2646 etiam

1896 2682 2155 2750 pransuri
2187 2695 2399 2743 sumus.
2427 2695 2490 2734 ac
2522 2681 2656 2734 hora
2683 2680 2862 2734 tertia.
2901 2678 3018 2736 Jam
3043 2681 3089 2735 si
3119 2681 3187 2734 ab
3214 2669 3364 2736 horis
3395 2680 3475 2735 fc-

1898 2771 2126 2836 riamur,
2157 2780 2211 2825 et
2265 2770 2599 2832 laboramus.
2632 2771 2818 2825 divina
2855 2771 3072 2840 liturgia
3122 2772 3274 2826 hora:
3301 2774 3474 2826 tertias

1897 2865 2196 2934 deputatur
2233 2884 2246 2918 :
2285 2880 2391 2934 qua
2427 2866 2660 2933 expleta,
2694 2864 2898 2934 lignum
2929 2873 3013 2920 ter
3035 2865 3306 2935 pulsatur,
3339 2879 3473 2920 cou-

1897 2958 2237 3027 veniuntque
2267 2973 2459 3012 omnes
2491 2957 2711 3020 fratres,
2758 2967 2812 3012 et
2843 2959 3079 3014 cantatis
3109 2958 3327 3030 typicis,
3379 2974 3474 3013 ae-

1897 3061 2161 3122 ceptaque
2199 3051 2599 3116 benedlctioue,
2631 3050 2699 3104 ad
2731 3067 2976 3106 mensam
3027 3052 3331 3122 pergimus.

220 3266 360 3336 Ilspl
385 3266 501 3350 τῆς
521 3268 591 3320 ἐν
622 3269 906 3350 βρώμασι.
935 3269 1031 3322 καὶ
1048 3270 1663 3350 adpetat-gaudentes
1693 3269 1791 3323 καί

1903 3269 1976 3325 De
2007 3270 2243 3326 ciborum
2297 3279 2346 3350 et
2401 3279 2620 3350 potuum
2679 3267 2975 3350 quantitate
3005 3280 3055 3325 et
3107 3272 3388 3346 qualitate,
3426 3282 3474 3326 et

258 3340 599 3405 ποιότητος,
626 3339 725 3391 καί
747 3339 856 3407 τῆς
882 3339 953 3392 ἐν
971 3339 1100 3405 ταῖς
1130 3339 1440 3408 τραπέζαις
1456 3340 1758 3405 εὐταξίας.

296 3448 405 3520 κη’.
431 3449 853 3520 ’Υπερχομὲνων
879 3449 986 3502 τῶν
1015 3450 1260 3519 ἀδελφῶν
1295 3452 1374 3514 είς
1396 3450 1456 3504 τδ
1482 3451 1796 3522 ἀριστῆσαι,

219 3543 252 3596 6
288 3539 471 3611 στίχος
499 3541 676 3593 αὐτῶν
706 3541 799 3593 ἐπὶ
831 3540 1097 3610 στόματος
1141 3543 1403 3612 φέρεται·
1437 3541 1712 3612 κάθηνται
1740 3541 1800 3594 δὲ.

221 3633 368 3686 κατά
436 3634 716 3703 τράπεζαν
823 3633 1120 3701 ἀκόϐητον
1172 3633 1281 3704 (65)
1359 3637 1428 3687 0"
1477 3634 1528 3686 οἱ
1585 3633 1801 3703 ταξιάρ-

220 3743 320 3796 χαι
359 3723 416 3776 δὲ
455 3724 553 3787 τάς
587 3723 1014 3797 ἀναπληρώσεις
1042 3724 1152 3777 τῶν
1173 3723 1464 3795 τραπεζῶν
1496 3723 1796 3790 ποιοῦνται,

221 3819 322 3869 καὶ
350 3816 624 3880 εὐτάκτως
654 3817 810 3882 ἐκτὸς
839 3817 1100 3886 θορύϐουο
1132 3818 1342 3886 γίνεται
1377 3817 1434 3870 δὲ
1486 3823 1520 3886 ἡ
1550 3817 1798 3886 ἀνάγνωο

222 3926 335 3974 σις,
367 3909 475 3962 τῶν
504 3910 746 3979 ἀδελφῶν
783 3910 853 3963 τά
892 3911 1219 3968 κουκούλλια
1252 3911 1347 3965 ἐπὶ
1374 3911 1617 3980 κεφαλῆς
1650 3909 1802 3982 ἐχόντ-

221 4018 358 4077 των.
392 4003 625 4071 Σημείον
653 4003 710 4056 δὲ
742 4002 838 4061 τοῦ
867 4003 1056 4067 τέλους
1079 4005 1180 4074 τῆς
1212 4002 1574 4072 ἀναγνώσεως
1599 4001 1800 4072 ταύτης

224 4091 380 4146 ἐστὶν
413 4093 442 4146 6
471 4087 606 4163 ἦχος
645 4095 756 4148 τῶν
791 4093 1053 4170 κλιερίων
1085 4095 1144 4149 ἐν
1169 4097 1237 4166 τῇ
1272 4095 1479 4166 ὑστάτῃ
1515 4093 1800 4165 μαγειρίᾳ,

223 4185 449 4240 πάντων
485 4184 623 4257 ὁμοῦ
683 4187 776 4242 ἐπὶ
832 4187 942 4241 τῶν
983 4187 1307 4258 παροψίδων
1362 4185 1797 4258 ἐρῤιπτομένωνο

223 4276 430 4346 ὁμοίως
450 4276 506 4329 δὲ
529 4275 625 4330 καὶ
641 4275 702 4329 τὸ
726 4276 968 4347 κεράσαι
987 4277 1083 4330 καὶ
1105 4276 1166 4328 τὸ
1187 4275 1502 4347 παραθῆσαι
1521 4275 1609 4328 διὰ
1638 4273 1800 4346 κρού-

235 4384 453 4439 σματος
488 4367 720 4436 γίνεται.

301 4459 407 4515 κθ’.
459 4461 660 4514 ’ἰστέον
692 4461 748 4514 δέ
778 4461 859 4515 ὅτι
894 4461 1002 4516 ἀπὸ
1029 4461 1132 4531 τῆς
1164 4462 1468 4532 πασχαλίας
1498 4460 1607 4532 (44)
1638 4460 1802 4533 μέχρι

223 4551 336 4605 τῶν
369 4550 540 4620 ἁγίων
571 4553 790 4606 πάντων
823 4553 959 4624 (45),
989 4554 1088 4617 τὰς
1122 4555 1171 4624 β’
1202 4553 1493 4625 μαγειρίας
1521 4553 1582 4606 16
1609 4570 1669 4606 τε
1703 4555 1800 4607 λά-

2278 3342 2491 3396 decente
2516 3342 2571 3398 iu
2604 3344 2798 3395 mensis
2833 3341 3019 3396 ordine

1969 3453 2060 3509 28.
2103 3452 2462 3510 Venientibus
2493 3454 2558 3509 ad
2592 3454 2881 3525 prandium
2905 3453 3194 3519 fratribus,
3225 3455 3477 3509 versicu-

1900 3547 1983 3602 lus
2012 3547 2064 3600 in
2091 3561 2185 3600 ore
2205 3545 2472 3614 cujusque
2494 3555 2600 3607 est,
2630 3545 2931 3614 sedentque
2959 3545 3030 3600 ad
3068 3559 3312 3600 mensam
3346 3545 3478 3598 ἀκό-

1900 3640 2064 3710 ϐητον
2094 3639 2160 3692 θ’.
2197 3640 2298 3705 Qui
2329 3648 2510 3693 autem
2557 3647 2709 3693 recto
2759 3637 2940 3692 ordini
2994 3647 3125 3692 sunt
3173 3639 3476 3708 praepositi,

1902 3747 2120 3786 mensas
2157 3730 2380 3785 ferculis
2403 3731 2616 3800 replent
2638 3729 2943 3800 composite
2970 3739 3028 3786 et
3061 3730 3183 3784 sine
3212 3731 3472 3786 tumultu.

1901 3825 1969 3879 Et
1993 3826 2208 3879 interim
2239 3824 2421 3892 lectio,
2457 3825 2724 3880 fratribus
2759 3825 3032 3882 cucullata
3059 3824 3239 3893 capita
3270 3825 3475 3879 haben-

1901 3918 2066 3972 tibus.
2123 3918 2349 3986 Signum
2402 3932 2534 3972 vero
2586 3918 2837 3972 finiendae
2873 3917 3039 3988 hujus
3087 3918 3336 3973 lectionis
3368 3927 3474 3984 est,

1901 4007 2116 4064 sonitus
2167 4007 2540 4064 cochlearium
2597 4008 2651 4062 in
2711 4017 2990 4079 postremo
3040 4009 3292 4076 ferculo,
3351 4024 3476 4063 cum

1901 4099 2082 4155 omnia
2115 4100 2275 4155 simul
2324 4100 2378 4153 in
2422 4101 2743 4171 paropsides
2794 4101 3180 4171 projiciuntur.
3213 4100 3477 4157 Miscendi

1899 4192 2106 4264 pariter
2131 4200 2187 4248 et
2215 4191 2520 4263 apponendi
2547 4195 2763 4265 signum
2795 4195 3106 4264 pulsatione
3139 4193 3220 4251 tit.

1969 4461 2060 4516 29.
2095 4461 2140 4514 Α
2169 4458 2408 4530 paschali
2442 4467 2686 4528 tempore
2717 4473 2890 4528 usque
2915 4457 2984 4513 ad
3028 4457 3226 4514 festum
3257 4468 3477 4514 sancto-

1905 4568 2026 4606 rum
2060 4552 2331 4613 omnium,
2368 4550 2477 4605 duo
2520 4551 2748 4615 fercula,
2769 4550 2892 4604 olus
2925 4565 3120 4620 nempe
3147 4560 3200 4605 et
3224 4551 3476 4622 legumen

225 4661 392 4718 χανον
418 4645 513 4697 καὶ
546 4645 607 4698 τὸ
631 4646 854 4715 ὄσπριον
907 4647 1044 4716 μετά
1095 4646 1273 4700 ἐλαίου
1318 4647 1606 4718 ἐσθίομενο
1652 4647 1797 4718 χρώ-

1907 4645 2146 4700 oleatum
2168 4643 2530 4698 comedimus.
2564 4641 2853 4698 Vescimur
2891 4643 3053 4697 etiam
3085 4642 3351 4712 piscibus,
3385 4659 3478 4697 ea-

229 4736 374 4812 μεθα
402 4737 458 4790 δὲ
483 4738 579 4791 καὶ
612 4738 831 4808 ἰχθύων,
857 4741 953 4792 καὶ
977 4741 1164 4810 τυροῦ,
1188 4741 1283 4793 καὶ
1313 4740 1454 4794 ὠοῦο
1487 4736 1713 4812 πίνομεν
1743 4741 1801 4794 δὲ

224 4829 297 4882 τά
328 4828 528 4900 ἄριστα
557 4826 640 4896 γ”
691 4831 980 4900 κρούοντος
1020 4831 1115 4885 τοῦ
1149 4831 1331 4896 ξύλου,
1380 4833 1708 4903 ἀπέρχονται
1747 4835 1798 4886 οί

225 4923 450 4991 ἀδελφοὶ
492 4923 586 4976 καὶ
617 4924 888 4979 ἐσθίουσιν
918 4927 1083 4997 ἄρτον
1106 4941 1121 4956 ⁸
1152 4929 1245 4980 καὶ
1286 4927 1383 4980 ἐὰν
1410 4928 1798 4995 ἐπερίσσευσεν

230 5015 494 5086 μαγειρία
546 5015 689 5087 πρωῒ
736 5017 1015 5087 (ἐπίτηδες
1077 5017 1187 5088 γὰρ
1230 5017 1433 5089 ἔδεσμα
1475 5019 1535 5072 τὸ
1581 5019 1679 5088 ὀψὲ
1721 5017 1800 5090 τῷ

226 5107 394 5178 κοινῷ
421 5108 484 5159 ού
511 5109 794 5179 γίνεται),
827 5109 990 5180 κιρνά
1027 5109 1081 5162 δέ
1113 5110 1226 5167 δύο.
1259 5111 1351 5174 Εἰς
1383 5111 1441 5165 δὲ
1471 5112 1568 5182 τὴν
1602 5117 1653 5181 μ’
1689 5111 1801 5164 τῶν

225 5200 401 5268 ἁγίων
448 5199 763 5264 ἀποστόλων
815 5200 1003 5270 ίχθύας
1044 5202 1142 5254 καί⁵
1186 5201 1348 5277 τυρὸν
1389 5202 1486 5256 καὶ
1531 5203 1636 5255 ὠὸν
1697 5201 1799 5255 οὐκ

225 5294 507 5366 ἐσθίομεν,
537 5292 676 5368 πλὴν
707 5292 817 5350 τῶν
850 5294 1072 5366 ἡμερῶν
1101 5297 1160 5349 ἐν
1189 5289 1280 5359 αἷς
1321 5295 1470 5366 ὥραν
1501 5295 1563 5348 ού
1594 5294 1797 5363 ψάλλο-

1905 4751 2020 4801 seo,
2053 4744 2107 4790 et
2142 4735 2281 4790 ovis.
2315 4733 2562 4790 Bibimus
2601 4743 2782 4789 autem
2821 4734 2874 4788 in
2921 4735 3152 4804 prandio
3205 4743 3309 4788 ter.
3379 4734 3477 4789 Ubi

1903 4829 2108 4900 lignum
2136 4827 2486 4897 increpuerit,
2519 4824 2961 4889 abeuntfratres,
2993 4833 3047 4881 et
3074 4840 3267 4894 panem
3299 4840 3480 4879 come-

1901 4923 2060 4986 dunt,
2094 4929 2146 4975 et
2176 4921 2222 4975 si
2251 4920 2381 4990 quid
2403 4935 2463 4974 ex
2499 4919 2708 4975 ferculo
2731 4919 3002 4973 matutino
3025 4916 3300 4986 superfuit
3327 4920 3474 4987 (nam

1900 5029 2128 5086 vespere
2159 5015 2439 5084 proprium
2475 5013 2716 5067 edulium
2745 5011 3135 5066 communitati
3169 5027 3275 5063 non
3318 5026 3480 5080 para-

1899 5109 2008 5180 tur)
2045 5117 2100 5164 et
2133 5107 2374 5162 bibimus
2403 5105 2599 5176 pocilla
2633 5104 2764 5158 duo.
2814 5102 2872 5157 lu
2899 5103 3315 5173 quadragesima
3348 5119 3478 5158 vero

1899 5206 2216 5255 sanctorum
2247 5196 2624 5266 apostolorum
2658 5195 2860 5266 pisces,
2881 5209 3128 5260 caseum,
3155 5203 3210 5249 et
3233 5207 3335 5249 ova
3368 5211 3476 5248 non

1899 5291 2494 5359 comedimus,przeter
2548 5304 2715 5361 quam
2784 5287 2975 5344 diebus
3023 5288 3223 5358 quibus
3283 5287 3474 5343 horam

1719 5493 1948 5552 NOTIE.

301 5675 416 5748 (43)
443 5674 522 5732 lta
549 5674 673 5730 cod.
693 5673 820 5731 Mihi
853 5690 988 5732 vero
1015 5676 1281 5748 obscurus
1312 5683 1366 5730 et
1393 5673 1682 5744 ambiguus
1705 5673 1794 5731 hic

227 5747 384 5805 locus
415 5757 520 5809 est,
556 5756 774 5816 propter
800 5747 1053 5802 vocabuli
1089 5747 1409 5816 novitatem.

302 5817 414 5887 (Η)
444 5815 632 5872 Pollux
656 5817 859 5872 Chron.
885 5818 1027 5882 apud
1051 5817 1305 5870 Allatium
1326 5815 1545 5887 dissert.
1569 5815 1662 5887 cit.
1685 5815 1788 5887 col.

232 5889 364 5946 “5|
398 5885 414 5940 ’τ
448 5887 550 5939 Δύο
584 5887 882 5954 πασχαλίας
915 5887 1208 5954 ἐϐδομάδες
1230 5925 1244 5949 ,
1292 5885 1391 5954 μία
1411 5886 1554 5954 οπρὸ,
1594 5885 1693 5952 μία
1737 5885 1793 5936 δέ

234 5959 371 6048 μετά
394 5959 543 6016 σάιιιτ
572 5958 899 6029 paschalium
932 5955 1286 6020 hcbdomada,
1315 5955 1481 6011 altera
1514 5972 1626 6017 qua
1660 5971 1794 6024 prc-

1900 5676 2057 5734 cedit.
2097 5675 2268 5746 altera
2304 5691 2420 5745 qua:
2449 5677 2800 5746 subsequitur.

1973 5747 2084 5814 (/45)
2117 5743 2330 5800 Festum
2364 5743 2960 5800 omnium'sanetorum
2999 5761 3028 5800 a
3062 5746 3266 5800 Graecis
3297 5746 3477 5814 agitur

1901 5817 1956 5870 in
2010 5815 2292 5869 Dumiuica
2321 5818 2491 5881 prima
2534 5816 2804 5882 Matthmi;
2841 5831 2962 5886 quae
3008 5827 3091 5873 est
3137 5817 3307 5886 prima
3351 5829 3475 5886 posit

1902 5886 2285 5944 Pcutecosten.
2322 5887 2476 5941 Allat.
2511 5888 2643 5943 diss.
2675 5889 2766 5944 cit.
2805 5887 2908 5944 col.
2946 5885 3101 5940 1485.
