4188 6490
751 421 882 488 1715

1756 423 2401 484 CONSTITUTIONES
2439 427 2900 488 STUDITANE.

3861 436 3992 499 1716

746 555 856 593 non
890 535 1164 591 cauimus.
1203 523 1598 589 Manducamus
1647 541 1831 586 autem
1874 534 2006 587 hora
2038 550 2177 587 nona
2215 534 2317 588 fcr-

2426 555 2526 604 μεν
2548 555 2563 569 ·
2599 540 2881 610 τρώγομεν
2925 540 2980 592 δὲ
3015 540 3058 592 0‘
3091 541 3381 612 μαγειρίας
3423 541 3488 610 β’,
3517 542 3577 594 τδ
3618 544 3717 612 μὲν
3758 545 3990 613 λάχανον

743 630 868 683 cula
893 627 1003 682 duo
1029 643 1043 680 :
1071 627 1196 680 olus
1222 625 1460 678 oleatum
1487 664 1502 689 ,
1537 624 1787 695 legumen
1824 624 2033 693 absque
2071 625 2194 679 oleo
2225 639 2319 680 eo-

744 720 1041 775 medimus.
1076 716 1320 770 Biliimus
1345 717 1474 771 h0ra
1497 731 1638 769 nona
1666 715 1892 784 cyathos
1914 715 2070 778 duos,
2098 730 2320 784 vespere

744 813 875 867 item
905 812 1064 866 duos.
1113 808 1313 869 Diebus
1343 817 1526 863 autem
1560 805 1772 861 feriatis
1795 845 1812 870 ,
1843 806 2046 877 quibus
2079 807 2320 861 diximus

746 920 848 960 nos
872 917 1034 957 caseo
1060 910 1117 955 et
1149 899 1377 969 reliquis
1404 898 1574 964 vesci,
1599 897 1735 954 hora
1765 907 1917 953 sexta
1948 898 2317 961 comedentes,

747 1005 830 1048 ter
862 993 1139 1058 bibimus;
1176 1004 1403 1061 vespere
1438 990 1544 1045 bis.
1581 987 1736 1044 Hunc
1767 1005 1974 1044 morem
1999 991 2052 1045 in
2085 990 2321 1060 quadra-

744 1087 952 1156 gesima
981 1084 1148 1141 etiam
1184 1083 1362 1139 sancti
1405 1082 1642 1152 apostoli
1694 1080 1928 1152 Philippi
1983 1097 2269 1138 servamus
2301 1098 2314 1134 :

745 1177 838 1232 aed
875 1185 1096 1245 propter
1143 1175 1463 1230 brevitatem
1491 1173 1702 1227 dierum
1731 1171 2163 1242 quadragesima:
2193 1186 2321 1226 san-

745 1270 817 1322 cti
853 1269 1111 1337 Philippi,
1144 1265 1311 1321 semel
1338 1266 1392 1319 in
1419 1265 1508 1321 die
1547 1265 1909 1328 comedimus,
1947 1264 2040 1318 sed
2065 1272 2149 1319 ter
2178 1263 2317 1318 hihi-

747 1375 888 1414 mus.
917 1363 1037 1414 .lam
1080 1358 1149 1412 ab
1184 1357 1559 1427 apostolorum
1599 1356 2114 1411 commemoratione
2147 1371 2319 1426 usque

746 1450 816 1504 ad
847 1458 1098 1504 sanctum
1130 1449 1466 1518 Philippum,
1505 1463 1704 1502 nonam
1741 1447 2056 1501 recitamus.
2089 1446 2241 1512 Quod
2269 1447 2314 1500 si

746 1541 802 1595 in
839 1541 938 1595 hos
967 1540 1086 1594 dies
1117 1541 1362 1595 incurrat
1392 1539 1841 1596 commemoratio
1867 1538 2099 1608 alicujus
2120 1539 2314 1606 sancti,

746 1649 871 1702 qua:
903 1648 1003 1688 nos
1030 1631 1254 1690 feriatos
1283 1633 1478 1688 reddat
1499 1633 1568 1687 ab
1595 1630 1746 1685 horis
1767 1640 1822 1685 et
1851 1630 2160 1695 metanmis,
2186 1641 2316 1686 tunc

747 1739 968 1778 caseum
1003 1733 1058 1778 et
1085 1738 1184 1777 ova
1221 1733 1273 1777 et
1307 1722 1506 1794 pisces,
1542 1722 1809 1792 siquidem
1833 1720 1974 1776 Deus
2004 1722 2317 1792 suppedita-

746 1817 906 1879 verit,
939 1815 1318 1879 comedimus;
1351 1831 1474 1871 cum
1505 1815 1715 1886 cyathis
1746 1813 1923 1869 tribus
1953 1814 2008 1866 in
2040 1814 2269 1883 prandio
2293 1852 2309 1877 ,

744 1923 971 1978 vespere
997 1908 1233 1962 duobus.

1041 2018 1118 2072 De
1147 2027 1333 2071 sancta
1361 2033 1553 2088 magna
1594 2016 2036 2086 Quadrageaima.

814 2109 906 2163 30.
940 2107 996 2162 ln
1027 2118 1219 2162 sancta
1246 2124 1441 2176 magna
1472 2107 1897 2176 Quadragesima
1937 2104 2103 2159 semel
2142 2105 2196 2158 in
2227 2103 2316 2160 die

741 2195 1034 2259 vescimur,
1067 2204 1292 2264 excepto
1329 2194 1586 2257 Sabbato,
1641 2205 1695 2250 et
1743 2196 1829 2249 die
1869 2193 2166 2248 Dominico.
2215 2193 2315 2247 Co-

744 2286 1010 2341 medimus
1031 2295 1210 2341 autem
1239 2287 1410 2356 prima
1437 2297 1490 2342 et
1512 2288 1757 2342 mediana
1777 2286 2108 2340 hebdomada
2127 2287 2315 2340 eodem

744 2376 926 2441 modo,
958 2378 1008 2432 id
1039 2389 1121 2432 est
1152 2377 1304 2432 fabas
1337 2389 1520 2434 coetas
1551 2420 1564 2442 ,
1593 2390 1645 2433 et
1671 2379 2057 2434 salsamentum
2112 2379 2316 2447 absque

744 2469 884 2532 oleo,
920 2480 974 2523 et
1003 2473 1212 2524 caricas
1243 2473 1519 2540 quinque,
1569 2481 1622 2525 et
1651 2472 1695 2525 si
1729 2471 1912 2526 adsint
1939 2480 2225 2533 castaneae,
2264 2480 2318 2525 et

745 2559 859 2628 pira
883 2568 1056 2624 cocta,
1081 2569 1133 2612 et
1165 2559 1574 2614 Damascenica.
1608 2559 1854 2614 Secunda
1899 2569 2077 2614 autem
2112 2560 2316 2613 hebdo-

745 2652 928 2715 mada,
960 2660 1013 2705 et
1041 2652 1222 2717 tertia,
1256 2661 1310 2706 et
1338 2654 1550 2724 quinta,
1583 2661 1637 2707 et
1668 2663 1817 2706 sexta
1839 2652 1918 2707 sic
1947 2653 2314 2707 comedimus:

745 2760 920 2814 pruna
954 2744 1211 2798 nimirum
1246 2755 1399 2798 cocta
1445 2752 1498 2798 et
1528 2745 1916 2799 salsamentum
1959 2746 2011 2799 in
2045 2745 2315 2809 scutellis;

743 2847 798 2891 et
828 2837 1024 2891 fereuli
1054 2837 1174 2890 loco
1209 2837 1455 2906 legumen
1481 2852 1604 2890 cum
1639 2853 1776 2892 nuce
1800 2837 2005 2904 fracta;
2039 2852 2198 2907 poma
2239 2845 2317 2889 la-

743 2943 867 2984 tnen
895 2937 949 2982 et
975 2927 1112 2982 ficus
1134 2929 1220 2982 his
1249 2927 1610 2982 hebdomadis
1643 2943 1748 2982 non
1778 2929 2142 2983 comedimus.
2183 2926 2319 2983 Tota

743 3029 926 3073 autem
959 3030 1145 3074 sancta
1193 3019 1616 3089 Quadragesima
1673 3019 1902 3074 mixtum
1942 3019 2201 3087 bibimus,
2233 3037 2319 3075 cx-

742 3113 916 3178 ceptis
950 3111 1185 3166 infirmis
1215 3121 1310 3166 aut
1357 3111 1600 3166 senibus.
1631 3111 1800 3168 Porro
1850 3112 2074 3168 mistum
2106 3123 2321 3168 constat

741 3217 807 3255 cz
832 3202 1038 3271 pipere,
1067 3202 1288 3256 cumino
1311 3239 1328 3265 ,
1376 3209 1431 3254 et
1482 3202 1638 3255 aniso
1667 3203 1865 3258 calido.
1899 3202 2075 3257 Feriis
2107 3204 2315 3258 sanctis
2343 3223 2386 3280 ο

741 3293 1006 3357 secunda,
1036 3292 1218 3356 tertia,
1252 3301 1468 3362 quarta,
1496 3302 1548 3346 et
1572 3292 1781 3362 quinta,
1809 3302 1862 3347 et
1894 3302 2045 3348 sexta
2071 3294 2176 3347 eihi
2205 3293 2316 3363 pri-

741 3397 848 3438 ma:
887 3383 1052 3452 hujus
1087 3381 1442 3437 hebdomada:
1478 3380 1822 3436 adhibentur.
1852 3381 2102 3435 Attamen
2129 3389 2317 3436 sancta

745 3474 886 3530 feria
926 3475 1115 3546 quinta
1148 3489 1318 3528 unum
1352 3472 1620 3529 ferculum
1654 3473 1995 3528 comedimus
2018 3513 2033 3538 ,
2068 3472 2316 3541 legumen

743 3563 957 3619 scilicet
978 3578 1104 3618 cum
1132 3577 1272 3617 nuce
1305 3561 1498 3628 fracta,
1523 3571 1578 3617 et
1601 3570 1785 3618 coctas
1815 3560 1992 3624 fabas,
2007 3570 2061 3617 et
2097 3563 2317 3618 mistum

741 3653 1000 3708 bibimus.
1036 3653 1275 3707 Sabbato
1312 3661 1492 3707 autem
1525 3662 1716 3708 sancto
1747 3654 1880 3708 hora
1911 3653 2199 3709 undecima
2234 3654 2319 3708 in-

741 3744 870 3812 cipit
917 3742 1250 3813 lychnicum,
1281 3759 1392 3814 quo
1430 3743 1698 3807 absoluto,
1732 3760 1948 3801 caseum
1979 3745 2317 3801 comedimus

741 3846 794 3891 et
824 3835 1002 3906 pisces
1024 3844 1079 3890 et
1103 3849 1228 3901 ova,
1256 3852 1320 3890 ac
1361 3836 1600 3892 bibimus
1641 3846 1743 3891 ter.

1174 3950 1247 4004 De
1279 3951 1413 4018 festo
1437 3950 1896 4005 Annuntiationia.

813 4043 905 4098 3l.
929 4042 1072 4098 llora
1101 4051 1252 4097 sexta
1271 4043 1337 4097 ad
1377 4043 1504 4111 ligni
1535 4042 1750 4112 pulsum
1764 4041 2118 4098 convenimus
2139 4043 2205 4097 ad
2227 4059 2316 4099 sa-

742 4137 936 4191 cellum
971 4136 1278 4207 purissima:
1309 4135 1401 4189 Dei
1450 4133 1638 4189 Matris
1661 4173 1677 4199 ,
1722 4144 1779 4188 et
1836 4144 2013 4204 empto
2042 4135 2313 4205 lychnico,

744 4239 993 4300 perstant
1015 4228 1126 4284 illic
1164 4227 1319 4298 pauci
1365 4228 1560 4282 fratres
1594 4226 1666 4280 ob
1696 4225 1827 4280 illud
1852 4225 2262 4296 persolvendum
2297 4246 2310 4282 :

743 4319 942 4389 reliqui
979 4319 1187 4374 faciunt
1226 4317 1656 4387 processionem,
1693 4323 1749 4370 et
1785 4317 2172 4371 monasterium
2203 4318 2316 4371 eir-

747 4412 1186 4467 cumambientes
1217 4411 1469 4476 veniunt,
1507 4410 1554 4464 si
1586 4419 1673 4465 est
1715 4411 1971 4464 introitus
1998 4420 2050 4464 et
2096 4411 2316 4480 liturgia

743 4506 1004 4573 perfecta.
1049 4503 1205 4560 Tunc
1242 4504 1515 4559 vescimur
1543 4504 1787 4576 piscibus
1815 4514 1868 4560 et
1903 4505 2046 4571 oleo,
2078 4515 2131 4561 et
2174 4506 2316 4561 bibi-

745 4614 867 4653 mus
898 4609 1000 4654 lCl’.

815 4690 907 4746 52.
946 4689 1003 4744 ln
1036 4690 1213 4746 media
1248 4688 1588 4744 hebdomada
1624 4699 1942 4744 sanctorum
1983 4687 2316 4758 jejuniorum

744 4794 868 4854 post
898 4798 1098 4836 nonam
1116 4790 1409 4849 cantatam,
1439 4780 1765 4853 proponitur
1789 4780 2064 4836 vivificum
2087 4779 2315 4849 lignum,

747 4884 802 4926 et
832 4887 1026 4926 omnes
1054 4872 1370 4926 adoramus.

2424 633 2562 700 μετὰ
2593 632 2798 697 ἐλαίου,
2835 633 2895 685 τὸ
2938 632 2998 685 δὲ
3037 633 3263 702 ισπριον
3303 634 3434 687 ἀνευ
3476 634 3658 688 ἐλαίου
3701 636 3988 708 ἐσθίομεν·

2421 724 2584 792 κιρνὰ
2613 724 2670 776 δὲ
2698 724 2793 778 δύο
2818 727 2882 795 τῇ
2910 725 2976 790 θ’,
3008 725 3102 777 καὶ
3141 725 3234 778 δύο
3267 725 3365 795 ὀψέ
3387 741 3403 756 ·
3437 727 3494 778 ὲν
3517 726 3575 780 δὲ
3606 731 3729 791 ταῖς
3763 731 3993 800 ἀργησί-

2423 830 2544 882 μοις
2573 816 2630 866 ὲν
2669 810 2757 878 αἷς
2797 816 3102 886 ᾐνιξάμεθα
3131 817 3294 887 τυρὸν
3334 817 3535 870 ἐσθίειν
3563 819 3658 873 καὶ
3688 819 3761 872 τὰ
3803 821 3988 886 λοιπὰ,

2419 905 2483 971 τῇ
2533 909 2586 968 ς’
2634 903 2959 974 τρώγοντες,
3008 912 3058 974 γ’
3101 907 3352 976 πίνομεν,
3402 909 3497 960 καὶ
3552 909 3648 978 ὀψὲ
3696 909 3779 979 β’·
3838 907 3990 976 οὗτος

2419 993 2588 1058 τύπος
2618 995 2713 1046 καὶ
2743 998 2810 1066 τῇ
2841 1001 2892 1065 μ’
2920 997 3014 1050 τοῦ
3043 997 3198 1066 ἁγίου
3229 999 3529 1052 ἀποστόλου
3553 1000 3824 1054 Φιλίππου
3841 1003 3987 1073 (46)-

2419 1082 2506 1136 διὰ
2534 1083 2592 1136 δὲ
2617 1084 2716 1156 τὴν
2740 1087 3080 1156 σμικρότητα
3108 1087 3214 1140 τῶν
3249 1089 3471 1159 ἡμερῶν
3495 1089 3596 1157 τῆς
3628 1095 3679 1160 μ’
3701 1091 3800 1143 τοῦ
3835 1093 3988 1158 ἁγίου

2419 1170 2686 1225 Φιλίππου
2722 1174 3130 1245 μονοσιτοῦμεν,
3171 1178 3401 1246 πίνομεν
3429 1177 3485 1229 δὲ
3525 1184 3596 1244 γ’.
3636 1178 3772 1231 Ἀπὸ
3795 1179 3856 1232 δὲ
3882 1182 3990 1233 τών

2418 1263 2730 1316 ἀποστόλων
2756 1267 2974 1335 μνήμης
3009 1266 3114 1330 ἓως
3140 1267 3233 1319 τοῦ
3265 1267 3423 1333 ἁγίου
3447 1267 3989 1338 Φιλίππου,τετράδα

2418 1355 2514 1406 καὶ
2544 1356 2897 1428 παρασκευὴν
2925 1359 2970 1410 θ’
2999 1357 3280 1429 ποιοῦμεν·
3301 1359 3395 1413 ἐὰν
3417 1359 3682 1414 δὲέπεσεν
3710 1362 3771 1414 ὲν
3799 1362 3988 1426 αὑταῖς

2421 1445 2614 1514 μνήμη
2669 1445 2851 1511 ἁγίου,
2888 1447 3086 1517 σχολὴν
3119 1449 3248 1518 ἡμῖν
3281 1449 3583 1518 ἐμποιοῦσα
3614 1450 3724 1504 τῶν
3745 1467 3806 1503 τε
3832 1450 3988 1520 ὡρῶν

2419 1534 2515 1586 καὶ
2547 1537 2876 1605 μετανοιών,
2919 1538 3014 1590 καὶ
3046 1539 3210 1610 τυρὸν
3236 1541 3329 1593 καὶ
3353 1542 3460 1595 ώὸν
3489 1542 3584 1596 καὶ
3615 1542 3797 1612 ίχθὺν,
3831 1543 3987 1613 ειπερ

2417 1626 2679 1696 χορηγοίη
2733 1630 2864 1698 ἡμίν
2904 1630 2933 1682 ό
2977 1629 3140 1698 Θεὸς,
3187 1631 3474 1703 ἐσθίομεν·
3515 1634 3676 1706 κιρνά
3716 1634 3779 1688 δὲ
3835 1633 3886 1704 γ’
3929 1637 3988 1690 τὲ

2417 1719 2664 1789 ἄριστον,
2697 1721 2791 1774 καὶ
2823 1721 2921 1792 ὀψὲ
2949 1721 3016 1792 β’.

2754 2010 2892 2078 Περὶ
2933 2009 3043 2078 τῆς
3072 2011 3243 2078 ἁγίας
3269 2009 3539 2080 μεγάλης
3563 2012 3656 2065 M'.

2488 2101 2552 2155 it".
2603 2102 2691 2155 'Ev
2741 2102 2798 2154 δὲ
2847 2105 2913 2175 τῇ
2967 2103 3101 2170 ἁγίᾳ
3149 2103 3242 2156 καὶ
3289 2103 3501 2173 μεγάλῃ
3559 2102 3983 2173 Τεσσαρακοστῇ

2419 2194 2828 2266 μονοσιτοῦμεν,
2860 2195 2996 2264 πλὴν
3030 2195 3306 2248 Σαϐσὰτου
3336 2196 3430 2248 καὶ⁵
3459 2193 3743 2264 Κυριακῆς
3764 2211 3779 2225 ·
3813 2197 3988 2248 ὲσθίοο

2419 2305 2518 2358 μεν
2545 2288 2602 2358 δὲ
2631 2292 2696 2358 τῇ
2721 2289 2918 2359 πρώτῃ
2939 2288 3033 2342 καὶ
3060 2291 3127 2360 τῇ
3159 2289 3299 2360 μέση
3325 2289 3578 2360 ἐΰδομάδι
3609 2288 3983 2358 μονοτρόπως,

2417 2382 2584 2450 ἡγουν
2616 2379 2764 2448 φάϐα
2796 2378 3032 2443 ἐξεστὸν,
3061 2382 3154 2432 καὶ
3181 2381 3415 2451 ἁλμαίαν
3447 2382 3616 2450 χωρὶς
3654 2379 3859 2442 ελαίου,
3893 2381 3986 2431 καὶ

2421 2473 2640 2542 ἰσχάδας
2696 2458 2803 2528 ἀνὰ
2839 2479 2900 2537 ε’,
2955 2473 3049 2525 καὶ
3081 2474 3129 2525 εί
3174 2473 3327 2543 τύχοι
3360 2471 3637 2535 κάστανα,
3690 2471 3788 2523 καὶ
3831 2473 3986 2524 ἀπίε-

2419 2564 2549 2632 φθα,
2581 2566 2675 2616 καὶ
2703 2565 3028 2634 δαμασκηνὰ
3050 2581 3062 2593 ·
3093 2567 3158 2634 τῇ
3193 2565 3249 2618 δὲ
3282 2563 3325 2634 β’
3352 2563 3626 2633 ἑϐδομαδι,
3659 2565 3756 2616 xal
3788 2563 3860 2630 γ’,
3896 2566 3987 2618 καὶ

2418 2651 2480 2714 ε’,
2523 2653 2614 2704 καὶ
2644 2659 2696 2718 ς’
2744 2653 2996 2722 ἐσθίομεν
3034 2652 3239 2715 οὓτως·
3299 2653 3534 2715 κόκκους
3583 2654 3857 2718 ἐξεστοὺς,
3896 2657 3987 2708 καὶ

2417 2743 2654 2813 ἁλμαίαν
2684 2745 2763 2807 είς
2797 2745 2866 2798 τὰ
2916 2744 3232 2798 σκουτέλλια
3256 2784 3270 2808 ,
3303 2745 3398 2797 καὶ
3445 2745 3734 2814 μαγειρίαν
3763 2746 3987 2815 ὄσπριον

2422 2835 2561 2903 μετὰ
2607 2835 2802 2907 καρίου
2832 2836 3088 2907 τριπτοῦ·
3118 2835 3339 2906 ὀπώρας
3367 2837 3424 2889 δὲ
3455 2835 3487 2906 ἢ
3518 2836 3738 2905 ἰσχάδας
3766 2839 3823 2888 ὲν
3861 2836 3989 2889 ταύ-

2419 2944 2541 2991 ταις
2571 2928 2632 2980 οὺ
2664 2930 2948 3000 τρώγομεν
2968 2944 2982 2958 ·
3013 2930 3194 2982 πᾶσαν
3218 2928 3272 2981 δὲ
3293 2929 3392 2998 τὴν
3419 2926 3583 2995 ἁγίαν
3617 2925 3669 2996 μ’
3717 2927 3984 2996 εῦκρατον

2425 3019 2676 3087 πίνομεν,
2703 3019 2870 3087 χωρὶς
2909 3017 3016 3069 τῶν
3045 3017 3418 3070 ἀσθενούντων
3447 3016 3480 3086 ἢ
3512 3016 3803 3086 γερόντων·
3834 3015 3896 3065 τὸ
3931 3015 3988 3066 δὲ

2423 3107 2689 3177 εὔκρατον
2740 3107 3057 3159 συνίσταται
3091 3106 3154 3159 ἐκ
3196 3122 3256 3168 τε
3310 3106 3587 3176 πιπέρεως
3631 3106 3725 3160 καὶ
3759 3106 3988 3173 κυμίνου

2423 3200 2516 3249 καὶ
2549 3197 2732 3249 ἀνίσου
2764 3197 2967 3267 θερμοῦ
2999 3197 3134 3267 (47).
3161 3197 3240 3267 Τῇ
3271 3197 3329 3249 δὲ
3382 3199 3513 3268 ἁγίᾳ
3551 3197 3616 3268 β’,
3661 3198 3757 3250 καὶ
3804 3197 3988 3269 τρίτῃ,

2423 3290 2516 3341 καὶ
2557 3288 2622 3352 δ’,
2653 3288 2747 3342 καὶ
2774 3295 2838 3354 ε’,
2891 3290 2985 3342 καὶ
3012 3288 3090 3355 ς’,
3117 3289 3188 3342 τὰ
3232 3287 3498 3361 βρώματα
3523 3289 3724 3358 ταύτης
3765 3287 3989 3359 πρώτης

2422 3380 2713 3452 ἑϐδομάδος
2741 3381 3064 3436 πίπτουσιν·
3101 3384 3170 3453 τῇ
3199 3381 3256 3435 δὲ
3301 3382 3434 3453 ἁγίᾳ
3477 3389 3517 3434 ε’
3563 3381 3816 3447 ἐσθίομεν
3861 3381 3990 3449 μίαν

2426 3473 2722 3544 μαγειρίαν
2756 3473 2983 3544 όσπριον
3017 3474 3156 3542 μετὰ
3182 3473 3388 3543 καρύου
3415 3471 3666 3542 τριπτοῦ,
3699 3472 3796 3524 καὶ
3826 3472 3993 3534 ζεστά

2423 3566 2619 3620 κουκίὰ
2638 3583 2653 3597 ·
2687 3566 2913 3636 πίνομεν
2954 3567 3012 3618 δὲ
3037 3565 3130 3618 καὶ
3158 3564 3293 3634 πρὸς
3325 3563 3580 3634 ἐνκρασιν
3599 3579 3613 3592 ·
3649 3563 3728 3633 τῷ
3756 3563 3814 3616 δὲ
3853 3565 3990 3635 ἁγίῳ

2423 3659 2688 3712 Σαϐὅὰτω
2731 3659 2851 3729 ὥρᾳ
2898 3657 3156 3728 ἑνδεκάτῃ
3209 3658 3434 3726 ἄρχεται
3464 3656 3524 3709 τὸ
3568 3656 3855 3726 λυχνικόν·
3897 3654 3990 3709 καὶ

2421 3751 2554 3802 ὅπου
2589 3749 2751 3802 σώσει
2779 3751 2812 3819 ἡ
2842 3749 3124 3812 ἀπόλυσις,
3157 3748 3410 3818 ἐσθίομεν
3439 3747 3494 3801 δὲ
3531 3748 3692 3818 τυρὸν
3717 3752 3812 3802 καὶ
3837 3748 3986 3819 ἰχθῦς

2423 3841 2518 3893 καὶ
2548 3839 2631 3892 dii
2651 3853 2665 3868 ·
2687 3839 2783 3892 καὶ¹
2809 3837 3038 3907 πίνομεν
3067 3836 3170 3889 ἁνὰ
3196 3836 3268 3904 γ’.

2828 3951 2969 4020 Περὶ
2995 3951 3102 4004 τοῦ
3123 3949 3582 4019 εὐαγγελισμοῦ.

2488 4040 2588 4096 λα’.
2633 4042 2837 4095 Ἱστεον
2869 4042 2945 4104 ώς
2977 4041 3096 4111 ὥρᾳ
3126 4046 3178 4105 ς’
3217 4039 3312 4092 τοῦ
3351 4025 3510 4106 ξύλου
3541 4038 3829 4110 κρούοντος
3863 4056 3986 4091 συν-

2420 4134 2668 4204 ἀγόμεθα
2713 4134 2794 4197 είς
2842 4133 2934 4186 τὸν
2967 4129 3112 4186 οἷκον
3165 4135 3262 4202 τῆς
3296 4132 3676 4202 παναχρὰντου
3723 4131 3984 4183 Θεοτόκου

2419 4226 2514 4279 καὶ
2546 4225 2854 4296 ἀρξαμένου
2908 4224 3004 4277 τοῦ
3047 4223 3336 4293 λυχνικοῦ,
3387 4223 3632 4275 ἵστανται
3669 4221 3787 4273 ἐκεῖ
3817 4221 3983 4289 ὀλίγοι

2419 4319 2640 4388 ἀδελφοὶ
2663 4317 3008 4380 ἐκτελοῦντες
3033 4316 3167 4380 αὑτό
3186 4333 3198 4345 ·
3225 4317 3273 4368 οί
3301 4315 3358 4368 δὲ
3389 4312 3565 4366 λοιποὶ
3593 4313 3880 4382 ἐπαίρουσι
3905 4313 3983 4365 λι-

2421 4412 2538 4482 τὴν,
2563 4412 2657 4464 καὶ
2678 4410 3206 4482 περικυκλεύααντες
3237 4412 3296 4461 τὸ
3325 4408 3688 4478 μοναστήριον
3712 4407 3981 4477 ἔρχονται,

2421 4507 2470 4557 εί
2505 4505 2726 4566 εἴσοδος,
2758 4505 2852 4557 καὶ
2880 4501 3190 4568 λειτουργία
3220 4501 3437 4552 τελεία·
3477 4497 3730 4568 ἐσθίομεν
3767 4499 3825 4550 δὲ
3863 4499 3982 4550 τότε

2345 4579 2390 4634 Ῑ)
2425 4596 2611 4668 ἰχθύας
2645 4597 2736 4648 καὶ
2764 4595 2960 4659 ἔλαιον,
2987 4594 3082 4646 καὶ
3110 4591 3339 4662 πίνομεν
3363 4590 3468 4646 ἀνὰ
3491 4589 3560 4658 γ’.

2487 4689 2586 4758 λβ’.
2628 4687 2749 4758 Χρὴ
2797 4685 3090 4754 γινώσκειν
3140 4685 3223 4737 ὅτι
3271 4686 3338 4754 τῇ
3377 4684 3516 4753 μέσῃ
3568 4681 3822 4751 scaenam
3873 4683 3982 4733 τῶν

2418 4786 2590 4852 ἀγίων
2607 4781 2890 4852 νηστειῶν,
2908 4779 3253 4852 καθεκὰστην
3274 4779 3413 4849 μετὰ
3428 4778 3489 4830 τὸ
3512 4777 3782 4846 ψαλθῆναι
3799 4777 3898 4847 τὴν
3915 4775 3979 4840 θ’,

2420 4878 2734 4949 προτίθεται
2777 4875 2840 4927 τὸ
2891 4873 3151 4937 ζωοποιδν
3204 4871 3381 4936 ξύλον,
3427 4873 3522 4924 καὶ
3571 4869 3984 4941 προσκυνοῦμεν

2420 4970 2622 5030 πάντες
2649 4967 2784 5036 (i8).

2244 5079 2473 5136 NOTAE.

817 5171 929 5239 (46)
963 5170 1760 5242 Dequadragesitnalijejunio,
1787 5171 1846 5225 S.
1871 5172 2101 5242 Philippi
2126 5172 2313 5240 appel-

749 5245 868 5305 lati,
906 5241 1049 5310 quod
1103 5243 1241 5295 idem
1294 5252 1376 5294 est
1424 5257 1487 5295 ac
1527 5243 1799 5310 jejunium
1842 5241 2037 5296 natalis
2079 5243 2314 5302 Domini,

747 5319 954 5384 legatur
995 5312 1319 5384 Anastasius
1360 5311 1676 5384 Sitiaita_itt_
1721 5312 1983 5380 opusculo
2027 5311 2104 5384 De
2147 5311 2313 5384 tribus

749 5380 1200 5451 Quadragesimis,
1255 5383 1396 5449 apud
1450 5381 1777 5451 Cotelerium
1819 5398 1980 5450 opere
2015 5383 2108 5435 cit.
2143 5391 2179 5435 t.
2224 5380 2313 5442 Ill,

746 5449 800 5526 p.
839 5449 1326 5507 “utr-edebatur
1353 5453 1498 5504 enini
1526 5449 1762 5523 Philippi
1788 5449 2021 5522 apostoli
2057 5453 2313 5505 mandato

746 5527 1077 5581 institutum.

819 5595 932 5658 (47)
954 5593 1119 5644 Aliter
1149 5591 1395 5657 loquitur
1424 5591 1487 5645 de
1508 5595 1671 5648 misto
1698 5591 1998 5646 monastico
2019 5591 2315 5645 Martenius

750 5669 802 5721 in
822 5664 1036 5718 Comm.
1067 5663 1131 5714 ad
1164 5659 1292 5728 Reg.
1315 5661 1371 5713 S.
1401 5661 1554 5729 Ben.,
1587 5681 1636 5727 ιι.
1668 5665 1791 5718 695.
1823 5665 1926 5715 Sed
1952 5663 2090 5715 idem
2119 5661 2316 5715 Martc-

750 5752 874 5792 rnus
906 5733 1075 5796 magis
1114 5735 1366 5798 congruit
1398 5748 1520 5785 cum
1548 5735 1770 5797 Graecis,
1797 5750 1848 5802 p.
1875 5732 1997 5784 637.

824 5805 934 5870 (ιδ)
974 5802 1045 5855 lle
1090 5803 1193 5855 hoc
1243 5805 1345 5853 ritu
1393 5803 1714 5873 Enthymius
1748 5801 2132 5873 Ncopntrensis
2173 5801 2313 5868 apud

754 5881 910 5935 Allat.
965 5889 1051 5941 0p.
1112 5873 1203 5926 cit.
1272 5873 1425 5926 “38.
1457 5873 1642 5931 Exstat
1673 5875 1830 5928 etiam
1863 5873 2088 5926 Studtta:
2141 5873 2311 5926 nostri

2423 5187 2606 5226 sermo
2631 5171 2696 5224 de
2736 5170 2836 5223 hac
2873 5166 3054 5224 crucis
3083 5163 3400 5223 adoratione
3427 5164 3479 5218 in
3516 5164 3688 5218 media
3733 5164 3980 5230 Quadra-

2423 5243 2651 5309 gesima.
2685 5240 2739 5292 ln
2764 5241 2984 5293 basilica
3013 5239 3176 5309 etiam
3204 5234 3500 5309 Vaticana,
3553 5235 3655 5309 hoc
3686 5235 3806 5309 ipso
3849 5245 3984 5286 tem-

2420 5303 2573 5382 pore,
2605 5326 2754 5382 crux_
2784 5310 2882 5378 piol
2913 5305 3289 5382 frequentique
3323 5305 3522 5382 populo
3549 5303 3826 5382 adoranda
3857 5318 3979 5370 pro-

2459 5385 2660 5434 onitur.
2717 5374 2798 5433 Et'
2831 5374 3048 5447 quidem
3102 5379 3168 5429 de
3217 5374 3774 5447 crueisatloratione.
3814 5389 3976 5442 quam

2446 5451 2764 5505 conomachi
2795 5444 2958 5503 etiam
2996 5447 3373 5514 retinuerunt,
3412 5445 3618 5514 legatur
3647 5445 3699 5496 in
3720 5444 3847 5514 _hoc
3882 5460 3977 5494 no-

2423 5530 2539 5576 stro
2565 5521 2835 5573 volumine
2867 5533 3094 5584 magnus
3143 5512 3484 5584 Nicepltorns
3527 5514 3646 5584 adv.
3706 5512 3979 5584 Coprony-

2422 5607 2571 5645 munt
2606 5591 2838 5644 antirrlt.
2870 5582 3057 5651 ΙΙΙ,”55
3081 5593 3132 5638 et
3159 5582 3308 5653 seqq.
3344 5584 3581 5653 Plurima
3612 5582 3681 5635 de
3704 5584 3808 5653 hoc
3829 5583 3972 5635 cultu

2423 5661 2760 5715 coacervavit
2791 5662 3036 5712 eruditus
3094 5651 3392 5708 monachus
3421 5652 3664 5705 Leander
3694 5651 3976 5706 Correrins

2425 5727 2494 5785 de
2534 5727 3176 5797 Sessorianispraecipuis
3210 5724 3482 5797 passionis
3507 5722 3568 5773 ι).
3597 5721 3820 5797 ιλιι-ιβ,
3851 5725 3974 5774 reli—

2424 5804 2567 5872 quiis
2617 5811 2754 5868 part.
2794 5801 2855 5862 tl,
2889 5792 2943 5872 ξι,
2975 5792 3070 5872 qui
3105 5797 3329 5872 ‘utilitet'.
3373 5795 3596 5872 legetur.
3652 5792 3766 5872 Sed
3807 5793 3977 5871 instar

2428 5862 2669 5928 otnniuiu
2719 5883 2846 5926 sunt
2890 5862 3332 5925 JacohiGretseri
3385 5864 3452 5917 de
3477 5877 3639 5918 cruce
3686 5862 3978 5917 volumina.
