4188 6494
240 437 374 498 1717

454 545 590 612 Περὶ
620 542 723 611 τῆς
750 543 819 596 ἐν
846 541 1172 606 διακονίαις
1197 542 1599 610 συμμετρίαις.

312 637 416 706 λγ’.
458 638 578 706 Χρὴ
607 635 900 704 γινώσκειν
927 635 1008 688 ὅτι
1034 636 1100 703 τῇ
1129 633 1264 702 ἁγίᾳ
1293 632 1504 702 μεγάλη
1534 647 1807 699 τεσσαρα-

242 732 436 800 κοστῇ,
467 728 602 799 μετὰ
634 729 693 782 τὸ
717 728 915 797 ψάλλαι
939 727 1086 796 ἡμᾶς
1114 727 1213 794 τὴν
1245 731 1292 778 α’
1315 724 1482 794 ῶραν,
1521 723 1673 793 ἡλίου
1709 723 1809 793 ἡδη

245 822 579 891 ἀνίσχοντος,
609 820 905 888 ἀπέρχεται
935 819 1164 878 ἕκαστος
1191 819 1271 878 εἰς
1298 815 1397 884 τὴν
1428 813 1592 868 αὐτοῦ
1631 813 1811 866 διακο-

242 915 394 966 νίαν⁹
448 913 759 984 στιχολογία
802 912 859 963 δὲ
907 911 1114 977 γίνεται
1143 908 1236 960 τοῦ
1265 907 1538 978 ψαλτῆρος
1588 906 1710 959 ὅλου
1755 905 1813 959 ὲν

244 1003 458 1064 αὐταῖς,
510 1001 650 1069 πλὴν
685 999 789 1051 τῶν
840 997 1253 1066 καλλιγραφῶν·
1300 996 1568 1065 κάμνουσί
1612 1012 1672 1047 τε
1710 994 1814 1056 ἕως

245 1094 347 1161 τῆς
373 1093 439 1145 θ’.
487 1090 640 1146 Μετὰ
668 1090 723 1142 δὲ
766 1090 827 1142 τὸ
852 1088 1105 1157 λυχνικὸν
1140 1087 1341 1156 ψάλλαι
1366 1089 1534 1156 ἡμᾶς,
1565 1087 1660 1139 καὶ
1705 1085 1813 1140 oet..-

246 1184 459 1247 πνίσαι,
493 1181 680 1245 ίδιάζει
704 1181 933 1242 ἕκαστος
956 1180 1031 1242 ῶς
1058 1179 1328 1249 βούλεται.
1371 1179 1457 1230 Ἑν
1483 1177 1538 1230 δὲ
1570 1179 1689 1240 ταῖς
1712 1177 1816 1228 λοι-

247 1279 378 1339 παῖς
408 1275 499 1330 τοῦ
539 1273 786 1329 ἐνιαυτοῦ
831 1273 1065 1344 ἡμέραις
1092 1311 1107 1337 ,
1148 1272 1237 1325 ὅτε
1290 1271 1388 1341 μὲν
1436 1271 1495 1323 οὑ
1544 1270 1816 1339 ψάλλομεν

248 1368 418 1438 ὧρας,
446 1366 631 1436 κρούει
661 1364 738 1435 τῷ
764 1363 908 1434 πρωϊ
937 1371 1008 1432 γ’,
1042 1364 1137 1416 καὶ
1160 1363 1458 1432 ἀπέρχεται
1483 1362 1711 1423 ἕκαστος
1737 1360 1817 1423 είς

246 1460 346 1526 τὴν
387 1455 581 1512 ἑαυτοῦ
627 1455 926 1514 διακονίαν,
963 1452 1057 1505 καὶ
1091 1453 1300 1522 ἐνεργεῖ
1333 1451 1524 1521 μέχρις
1568 1450 1814 1519 ἀρίστου.

250 1549 408 1604 Μετὰ
433 1549 488 1600 δὲ
524 1546 724 1616 βρῶσιν
758 1543 949 1605 ίδιάζει
996 1543 1223 1604 ἕκαστος
1265 1543 1337 1604 ώς
1387 1541 1666 1611 βούλεται,
1708 1540 1816 1592 είτε

252 1642 496 1711 μελετῶν
521 1639 656 1706 (49),
683 1639 792 1689 εἴτε
823 1633 1163 1704 κοιμώμενος
1191 1633 1297 1695 ἓως
1324 1633 1469 1704 ὥρας
1496 1638 1547 1702 η’
1565 1648 1579 1664 ⁸
1605 1633 1671 1701 τῇ
1698 1631 1752 1682 δὲ
1770 1637 1817 1701 η’

252 1731 441 1803 κρούει
485 1730 544 1782 τὸ
589 1729 745 1794 ξύλον
791 1728 861 1794 γ’,
907 1729 998 1779 καλ⁵
1046 1726 1207 1778 πάλιν
1257 1725 1562 1794 ἀπέρχεται
1608 1724 1687 1786 εἰς
1718 1723 1818 1792 τὴν

251 1821 449 1874 ἑαυτοῦ
478 1819 750 1872 διακονίαν
776 1817 1006 1877 ἕκαστος
1042 1816 1146 1877 ’έως
1175 1814 1270 1867 τοῦ
1297 1813 1573 1883 λυχνικοῦ.
1596 1814 1724 1865 ὐτε
1761 1811 1819 1864 δὲ

1419 431 1477 489 8ο
1511 429 1899 492 THEODORI
1949 430 2291 492 STUDITAZ

3345 430 3479 498 1718

2282 540 2360 594 De
2390 552 2526 595 recto
2557 543 2610 596 in
2635 542 2866 610 ofﬁcinis
2905 542 3107 596 ordine.

1987 634 2075 687 55.
2127 632 2181 686 ln
2215 645 2401 688 sancta
2447 649 2641 703 magna
2672 632 3094 702 Quadragcsima
3119 673 3134 698 ,
3194 646 3478 702 postquam

1917 721 2108 776 horam
2140 723 2370 792 primam
2401 724 2763 787 cantavimus,
2801 723 2915 776 soie
2954 723 3068 791 jam
3109 723 3336 787 oriente,
3361 739 3483 793 per-

1919 815 1994 880 git
2042 815 2416 884 unusquisque
2472 815 2539 869 ad
2584 815 2854 884 propriam
2912 815 3206 877 olficiltam,
3288 816 3485 870 recita—

1920 915 2118 975 turque
2143 907 2196 960 in
2231 907 2311 960 eis
2337 906 2651 976 psalterium
2679 915 2873 970 totum,
2902 915 3096 975 praeter
3123 921 3288 972 quam
3324 923 3353 960 a
3375 907 3487 960 cal-

1921 998 2200 1067 ligrapbis.
2255 996 2530 1051 Laborant
2585 1013 2712 1052 vero
2753 1013 2926 1065 usque
2975 997 3042 1052 ad
3097 1011 3318 1051 nonam.
3363 995 3485 1051 Iam

1920 1099 2206 1159 postquam
2259 1087 2564 1157 lychnicum
2613 1088 2974 1148 cantavimus,
3022 1099 3075 1142 et
3126 1089 3487 1151 cmnavimus,

1924 1181 2304 1249 unusquisque
2335 1180 2439 1233 sibi
2473 1190 2630 1233 vacat
2679 1194 2778 1248 pro
2819 1179 2992 1234 libito.
3038 1178 3258 1233 Caeteris
3305 1190 3488 1233 tamen

1925 1273 2053 1324 anui
2080 1270 2295 1330 diebus,
2327 1284 2452 1322 cum
2487 1268 2651 1322 boras
2686 1282 2793 1321 non
2825 1267 3093 1331 canimus,
3125 1265 3258 1319 fiunt
3299 1266 3490 1334 pulsus

1924 1374 2084 1414 mane
2111 1369 2239 1422 tres,
2263 1366 2317 1412 et
2334 1358 2712 1426 unusquisque
2729 1357 2901 1426 pergit
2919 1357 2985 1410 ad
3013 1372 3168 1410 suam
3195 1355 3490 1418 officinam,

1923 1460 1979 1503 ct
2005 1464 2176 1518 usque
2198 1449 2265 1502 ad
2292 1449 2580 1518 prandium
2604 1457 2881 1517 operatur.
2921 1447 3055 1503 Cibo
3084 1461 3322 1516 sumpto,
3381 1449 3495 1502 sin-

1924 1541 2034 1612 guli
2067 1541 2170 1595 sibi
2215 1552 2430 1604 vacant,
2457 1551 2618 1609 prout
2646 1539 2936 1603 voluerint,
2973 1539 3085 1593 sive
3108 1539 3310 1607 aliquid
3338 1553 3493 1592 com-

1924 1643 2270 1694 mentantes.
2319 1634 2434 1689 sive
2490 1632 2864 1688 dormientens
2910 1648 3083 1702 usque
3128 1633 3193 1686 ad
3243 1641 3490 1686 octavam

1925 1725 2114 1780 horam
2147 1742 2418 1795 :namque
2440 1726 2569 1780 liora
2594 1735 2787 1780 octava
2825 1726 3038 1795 lignum
3105 1725 3356 1792 pulsatur
3388 1733 3491 1785 ter,

1925 1816 2215 1887 denuoqne
2269 1817 2443 1887 pergit
2501 1817 2880 1887 unusquisque
2919 1817 2986 1870 ad
3033 1814 3300 1870 officinam
3335 1830 3492 1869 suam

251 1911 530 1980 ψάλλομεν
575 1909 744 1980 ὧρας,
796 1906 1112 1968 τελέσαντες
1157 1907 1256 1975 τὴν
1317 1904 1467 1976 ὥραν
1520 1902 1687 1973 πρωῒ,
1719 1904 1813 1954 άπ-

1926 1925 2099 1980 usque
2126 1910 2192 1963 ad
2227 1910 2558 1980 lycbnicum.
2587 1908 2692 1964 Sed
2723 1924 2832 1978 quo
2875 1918 3112 1977 tempore
3152 1907 3315 1962 horas
3349 1907 3494 1976 psal-

255 2008 507 2073 έρχονται
533 2002 582 2054 οἱ
611 1999 829 2065 ἀδελφοὶ
870 1999 950 2059 είς
985 1996 1084 2060 τὰς
1127 1996 1334 2050 ἑαυτῶν
1363 1995 1638 2057 διακονίας
1661 2034 1674 2056 ,
1715 1994 1820 2052 ἕως

256 2094 409 2162 ὥρας
445 2097 496 2154 ς’
527 2090 846 2160 κάμνοντες,
874 2088 975 2142 κάν
1003 2105 1062 2140 τε
1094 2088 1241 2140 ἐστὶν
1263 2087 1328 2151 θ’,
1361 2088 1463 2140 κᾶν
1499 2101 1559 2138 τε
1593 2085 1696 2154 μὴ·
1728 2082 1821 2136 καὶ

260 2184 403 2253 μετά
423 2180 522 2252 τὴν
555 2189 608 2247 ς’
636 2177 919 2252 ἡσυχάζει,
943 2179 1018 2243 ὡς
1042 2179 1262 2251 εἴρηται
1285 2180 1389 2244 ’έως
1422 2179 1522 2248 τῆς
1548 2183 1622 2248 η’.

331 2360 424 2413 λό’.
455 2358 575 2429 Χρὴ
597 2355 882 2425 γινώσκειν
910 2357 992 2410 ὅτι
1017 2358 1160 2411 κατὰ
1203 2359 1392 2430 καιρὸν
1415 2359 1516 2430 τῆς
1566 2378 1818 2431 παραμο-

259 2452 359 2520 νῆς
379 2449 480 2516 τῆς
508 2448 793 2517 βαῐοφόρου
818 2448 899 2510 εἱς
936 2447 996 2499 τὸ
1033 2449 1211 2515 Κύριε
1258 2447 1555 2516 ἐκέκραξα
1575 2489 1588 2511 ,
1621 2450 1818 2503 ἀλλάσ-

263 2555 447 2590 σονται
480 2537 528 2588 οί
560 2535 707 2605 χοροί
732 2551 747 2565 ⁸
775 2536 868 2588 καὶ
896 2537 942 2587 oi
980 2537 1080 2605 μὲν
1107 2536 1270 2600 δεξιοὶ
1296 2538 1622 2607 ἀπέρχονται
1648 2540 1727 2601 εἰς
1753 2538 1820 2592 τὰ

259 2626 545 2698 ἀριστερὰ,
577 2627 625 2678 οἱ
658 2627 712 2678 δὲ
740 2627 1016 2698 ἀριστεροὶ
1049 2630 1126 2689 εἰς
1159 2629 1224 2679 τὰ
1254 2627 1418 2691 δεξιά.

334 2719 424 2770 λε’.
458 2719 548 2768 Δεῖ
579 2717 866 2784 γινώσκειν
887 2717 964 2768 ὅτι
987 2717 1147 2784 ἡνίκα
1166 2718 1353 2771 κλάσει
1376 2717 1600 2786 ἀδελφὸς
1627 2717 1820 2781 σκεῦος

261 2809 374 2860 εἴτε
401 2807 720 2877 ὀστράκινον
764 2807 875 2859 εἴτε
916 2807 1185 2878 σιδήρεον,
1234 2808 1313 2878 τῷ
1342 2809 1517 2878 καιρῷ
1559 2808 1652 2862 τοῦ
1700 2807 1823 2877 ἀρίο

265 2914 394 2949 στου
423 2896 710 2948 ἐσθιόντων
742 2894 850 2947 τῶν
904 2896 1144 2964 ἀδελφῶν
1196 2899 1526 2967 παρίσταται
1595 2897 1822 2968 πλησίον

259 2989 362 3055 τῆς
391 2987 687 3058 τραπέζης,
737 2987 1038 3056 ἡγουμένου
1081 2987 1178 3057 τὴν
1222 2987 1461 3058 κεφαλὴν
1505 2987 1581 3060 τῷ
1628 2987 1822 3042 ἑαυτοῦ

260 3079 758 3149 ’περικαλύπτοντος
787 3078 1139 3149 κουκουλλίῳ,
1163 3079 1258 3132 καὶ
1285 3080 1346 3131 τὸ
1375 3081 1466 3132 ὑπ’
1489 3078 1656 3136 αὑτοῦ
1703 3097 1824 3133 συν-

261 3173 450 3242 τριὸὲν
483 3174 617 3242 μετά
644 3174 853 3243 χεῖρας,
890 3171 1070 3241 φέρων
1101 3173 1181 3235 εἰς
1214 3171 1472 3239 ἐπίδειξιν
1502 3171 1596 3225 τοῦ
1622 3170 1822 3224 οίκείου

265 3266 602 3336 σφάλματος.

335 3357 442 3421 λς’.
473 3357 592 3426 Χρὴ
652 3353 941 3424 γινώσκειν
1006 3355 1089 3408 ὃτι
1146 3357 1282 3424 μετὰ
1336 3355 1395 3408 τὸ
1446 3356 1824 3428 στιχολογῆσαι

262 3449 411 3517 ἡμᾶς
432 3447 491 3499 τὸ
517 3446 837 3516 ψαλτήριον,
868 3448 948 3508 είς
976 3445 1074 3516 τὴν
1098 3446 1312 3513 γ’δόξαν
1345 3446 1437 3498 τοῦ
1467 3448 1822 3517 καθίσματος,

265 3536 448 3607 κρούει
485 3538 550 3590 τὰ
579 3544 626 3604 γ’
662 3541 688 3590 ὁ
715 3538 808 3589 ἐπὶ
833 3536 928 3588 τοῦ
954 3539 1196 3601 κανόνος,
1225 3538 1290 3589 ἵν’
1318 3537 1749 3607 ἐπισυναχθῶσιν
1775 3540 1824 3591 οἱ

263 3631 325 3682 τὸ
360 3630 656 3699 ψαλτήριον
717 3628 795 3680 ἔτι
854 3627 1233 3695 μανθάνοντες,
1287 3627 1381 3680 τοῦ
1435 3627 1630 3697 ψάλλαι
1680 3630 1826 3699 ἡμᾶς

262 3720 398 3789 ὁμοῦ
424 3719 513 3771 τὸν
541 3720 740 3771 κανόνα
761 3735 774 3749 ·
808 3718 915 3770 ἀπὸ
963 3717 1072 3787 γάρ
1115 3718 1210 3770 τοῦ
1241 3717 1551 3787 έξαψάλμου
1578 3719 1826 3789 ἐξέρχον-

263 3828 376 3873 ται,
408 3811 501 3862 καὶ
534 3808 826 3879 μελετῶσιν
858 3808 962 3871 ἓως
1008 3808 1130 3861 τότε
1150 3824 1165 3839 ο
1192 3809 1319 3879 τρία
1342 3809 1398 3860 δὲ
1429 3809 1612 3878 κρούει
1641 3811 1822 3874 πάλιν,

265 3901 360 3953 καὶ
384 3900 464 3962 είς
487 3899 613 3962 τοὺς
630 3900 808 3960 αῐνους
827 3937 841 3960 ,
881 3899 970 3950 ὅτε
994 3898 1176 3967 μέλλει
1202 3900 1505 3970 κατήχησις
1555 3898 1826 3968 άναγινώ⁴

267 3991 493 4047 σκεσθαι
509 3991 602 4042 τοῦ
622 3992 854 4060 μεγάλου
872 3991 1082 4060 Πατρὺς
1097 3991 1190 4044 καὶ
1207 3991 1516 4061 καθηγητοῦ
1529 3992 1824 4063 Θεοδώρου.

337 4082 435 4146 λζ’.
466 4081 585 4151 Χρὴ
616 4080 906 4148 γινώσκειν
937 4083 1018 4134 ὅτι
1046 4083 1102 4134 ἐν
1149 4084 1214 4152 τῇ
1255 4085 1544 4154 παραμονῇ
1578 4084 1686 4136 τῶν
1711 4085 1825 4153 φώ-

266 4193 394 4238 των,
427 4173 564 4246 μετά
588 4174 646 4225 τὸ
667 4173 934 4226 ἀπολῦσαι
979 4173 1078 4244 τὴν
1109 4173 1255 4227 θείαν
1294 4174 1655 4246 λειτουργίαν,
1700 4175 1828 4246 λαμο

268 4267 502 4335 δάνομεν
527 4265 625 4335 τὴν
652 4266 900 4333 εὐλογίαν
921 4283 935 4296 ·
967 4263 1085 4318 εἶτα
1119 4266 1480 4336 διακλυόμεθα
1507 4269 1602 4336 μὲν
1631 4268 1680 4321 oi
1709 4286 1824 4321 κοι-

267 4358 630 4425 νωνήσαντες,
659 4357 758 4426 τὴν
787 4356 842 4408 δὲ
873 4356 1120 4424 εὐλογίαν
1150 4356 1248 4409 οὐκ
1273 4357 1521 4427 ἐσθίομεν
1551 4358 1662 4427 (50)
1687 4374 1702 4388 ⁸
1737 4375 1828 4412 συ-

270 4447 487 4509 στείλας
512 4447 568 4498 δὲ
592 4448 620 4497 ὁ
667 4447 842 4516 ἱερεὺς
875 4447 943 4498 τὰ
974 4448 1162 4516 σκεύη,
1192 4448 1407 4518 ἔρχεται
1458 4452 1538 4512 είς
1580 4451 1648 4504 τά
1696 4451 1828 4518 ἅγια

268 4537 452 4606 θυρία,
488 4537 581 4589 καὶ
607 4539 834 4606 ποιήσας
865 4539 1048 4607 εὐχὴν,
1083 4539 1362 4609 ἐξέρχεται
1382 4541 1520 4608 μετὰ
1537 4541 1646 4594 τῶν
1667 4542 1823 4596 ἀδελ-

267 4629 384 4697 φῶν
413 4631 490 4692 είς
532 4629 624 4682 τὸν
650 4629 914 4700 λουτῆρα,
953 4631 1167 4697 ψάλλων
1192 4631 1252 4682 τὸ
1282 4631 1381 4684 Ἐν
1420 4631 1684 4700 Ἰορδάνῃ
1717 4636 1831 4699 ,βα-

267 4722 614 4791 πτιζομένου
641 4739 778 4788 σου,
809 4724 984 4790 Κυρίε
1002 4739 1016 4754 ο
1046 4722 1137 4775 καὶ
1173 4723 1360 4776 τούτου
1377 4724 1666 4795 λεγομένου
1680 4729 1827 4794 γίνε-

266 4831 357 4866 ται
375 4813 510 4884 πρὸς
535 4813 627 4865 τοῦ
647 4814 890 4866 διακόνου
915 4815 1047 4882 εὐχὴ
1072 4816 1313 4884 συναπτή
1335 4830 1349 4844 ⁸
1375 4810 1441 4886 ἦς
1466 4817 1824 4887 τελεσθείσης,

268 4907 497 4975 ἄρχεται
541 4906 569 4956 ὁ
603 4907 778 4975 ἱερεὺς
815 4906 914 4974 τῆς
944 4906 1108 4974 εὐχῆς
1140 4907 1232 4957 τοῦ
1265 4908 1536 4976 ἁγιασμοῦ
1557 4925 1570 4937 ⁸
1604 4911 1739 4978 μετὰ
1770 4911 1826 4964 δὲ

268 4997 332 5048 τὸ
361 4996 684 5066 άγιασθῆναι
725 4995 793 5047 τὰ
839 4995 1026 5058 ὓδατα,
1064 4995 1156 5047 καὶ
1198 4996 1326 5057 τοὺς
1366 4997 1624 5064 ἀδελφοὺς
1653 4999 1832 5066 ῥαντι-

273 5088 491 5156 σθῆναι,
542 5087 800 5156 ψάλλεται
845 5088 1159 5157 τροπάριονο
1191 5089 1218 5139 ό
1266 5083 1397 5157 ἦχος
1445 5089 1536 5142 πλ.
1559 5089 1621 5153 δ’,
1657 5090 1828 5158 Φωνὴ

271 5182 490 5247 Κυρίου
513 5180 611 5232 ἐπὶ
644 5179 760 5232 τῶν
800 5180 1034 5234 ὑδάτων
1067 5177 1189 5246 βοᾷ
1228 5178 1524 5247 ,λέγουσα⁸
1584 5199 1722 5251 στιχ.
1758 5181 1826 5246 α’,

283 5267 344 5319 Ἡ
363 5265 645 5320 θάλασσα
666 5266 793 5320 ἴδεν
815 5268 915 5322 καὶ
942 5269 1186 5336 ἔφυγεν·
1216 5284 1356 5338 στιχ.
1383 5269 1447 5338 β’,
1468 5269 1529 5323 Τί
1543 5285 1640 5324 σοι
1657 5272 1829 5326 ἐστιν

1921 2002 2106 2064 limus,
2133 2002 2383 2056 absoluta
2413 2017 2518 2055 una
2557 2001 2712 2062 liora,
2741 2009 2971 2070 pergunt
3011 1999 3204 2053 fratres
3237 1999 3302 2053 ad
3329 1998 3497 2053 offici-

1920 2108 2020 2147 uas
2059 2109 2210 2157 suas,
2240 2107 2416 2161 usque
2465 2093 2532 2146 ad
2574 2101 2783 2146 sextam
2838 2092 3172 2155 laborantes,
3197 2091 3312 2145 sive
3351 2092 3496 2145 reci-

1918 2185 2086 2238 tanda
2113 2184 2184 2237 sit
2213 2199 2355 2237 nona
2390 2184 2504 2238 sive
2526 2198 2703 2240 secus.
2735 2183 2800 2239 Et
2823 2195 2944 2253 post
2973 2193 3181 2238 sextam
3213 2182 3370 2254 quies
3389 2191 3494 2248 est,

1919 2289 1976 2331 ut
2005 2278 2266 2338 diximus,
2303 2291 2483 2346 usque
2524 2277 2590 2331 ad
2627 2285 2898 2331 octavam.

1987 2371 2072 2423 54.
2131 2368 2186 2421 In
2214 2367 2522 2422 Palmarum
2558 2368 2856 2438 pervigilio,
2882 2368 2948 2422 ad
2978 2366 3141 2422 verba
3172 2367 3255 2419 Ad
3281 2376 3348 2432 te,
3385 2365 3502 2420 Do-

1918 2463 2079 2526 mine,
2111 2461 2353 2523 clamavi,
2400 2469 2779 2529 permutantur
2826 2460 3002 2524 cbori,
3026 2462 3096 2514 ita
3121 2467 3181 2513 ut
3205 2460 3410 2514 dexteri
3442 2458 3496 2512 in

1919 2555 2198 2608 sinistram
2237 2560 2441 2620 partem
2496 2561 2796 2616 transeant,
2825 2552 3035 2607 sinistri
3080 2561 3262 2606 autem
3290 2558 3343 2605 in
3369 2552 3500 2606 dex-

1922 2657 2114 2700 teratu.

1987 2741 2078 2794 55.
2112 2739 2393 2810 Siquando
2439 2739 2652 2810 frangat
2691 2755 2787 2794 vas
2817 2739 2986 2793 frater
3035 2738 3154 2794 sive
3204 2738 3494 2808 figulinuut

1922 2832 2039 2886 sive
2093 2831 2354 2898 ferreum,
2407 2833 2620 2902 prandii
2671 2843 2916 2901 tempore
2973 2832 3104 2886 dum
3164 2831 3365 2886 fratres
3405 2847 3497 2884 ve-

1923 2933 2170 2990 scuntur,
2204 2934 2312 2980 stat
2363 2925 2455 2979 ille
2491 2940 2662 2995 prope
2721 2939 2989 2988 mensam,
3019 2923 3218 2979 abbate
3270 2925 3494 2978 interim

1923 3018 2141 3087 caputio
2170 3025 2333 3085 caput
2355 3031 2513 3071 suum
2547 3013 2859 3068 obnubente
2885 3032 2899 3081 ;
2932 3023 2985 3068 et
3001 3029 3097 3068 vas
3126 3030 3156 3070 a
3183 3028 3241 3067 se
3265 3011 3497 3068 fractum

1925 3111 2179 3167 manibus
2201 3109 2441 3182 praefert,
2484 3115 2550 3166 ad
2586 3109 2759 3179 culpa:
2782 3125 2894 3165 sua:
2919 3109 3316 3165 ostensionetn.

2000 3370 2091 3423 56.
2119 3369 2415 3438 Postquam
2446 3369 2760 3438 psalterium
2791 3369 3165 3435 recitavimus,
3186 3369 3252 3423 ad
3288 3369 3500 3424 tertiam

1932 3461 2275 3516 cathismatis
2295 3461 2542 3531 gloriam,
2576 3471 2659 3516 ter
2680 3463 2859 3530 pulsat
2888 3463 3254 3532 isquicanoui
3283 3474 3499 3533 prmest,

1935 3562 1994 3604 ut
2027 3553 2356 3607 conveniant
2405 3553 2440 3607 ii
2490 3553 2581 3619 qui
2613 3555 2794 3608 adhuc
2849 3557 3172 3625 psalterium
3225 3559 3499 3624 ediscunt,

1936 3652 1994 3697 ut
2045 3645 2388 3713 conjunctim
2445 3660 2707 3700 canouem
2761 3658 3066 3704 cantemus.
3131 3649 3378 3720 Namque
3429 3652 3501 3705 ab

1935 3737 2285 3805 ltexapsalmo
2310 3738 2568 3808 deinceps
2601 3749 2822 3803 exeunt,
2873 3750 2930 3794 et
2961 3756 3134 3811 usque
3175 3743 3240 3796 ad
3287 3743 3337 3796 id
3366 3752 3501 3798 tem-

1934 3845 2035 3897 pus
2063 3830 2323 3897 prmdicto
2354 3830 2537 3884 studio
2573 3846 2794 3900 operam
2827 3831 2980 3886 dant.
3011 3831 3132 3886 Mox
3167 3849 3359 3889 rursus
3385 3843 3500 3888 tres

1935 3917 2290 3984 pulsationes,
2322 3927 2378 3972 et
2403 3919 2467 3972 ad
2498 3919 2687 3973 laudes
2722 3921 2966 3989 pergitur
3006 3922 3226 3990 quando
3275 3921 3498 3992 legenda

1933 4015 2016 4061 est
2041 4006 2342 4061 catecbesis
2372 4009 2553 4076 magni
2592 4009 2773 4065 Patris
2799 4019 2853 4065 et
2879 4010 3091 4065 abbatis
3119 4010 3413 4067 Theodori.

2003 4094 2094 4148 37.
2127 4094 2186 4148 In
2224 4095 2492 4150 luminum
2525 4097 2828 4165 pervigilio,
2870 4108 2989 4166 post
3024 4101 3295 4168 expletam
3356 4100 3499 4154 divi-

1935 4203 2062 4242 nam
2092 4189 2395 4258 liturgiam,
2432 4190 2871 4245 benedictionem
2917 4190 3218 4261 accipimus
3254 4209 3267 4243 :
3301 4192 3500 4248 deinde

1935 4294 1998 4331 os
2026 4277 2244 4348 quidem
2281 4280 2575 4333 colluimus
2613 4282 2705 4350 qui
2754 4281 3305 4349 communicavimus,
3347 4285 3502 4339 eulo-

1935 4369 2076 4437 giam
2109 4381 2291 4423 tamen
2321 4385 2428 4425 non
2475 4374 2835 4429 comedimus.
2870 4372 3006 4427 Tum
3059 4375 3317 4432 sacerdos
3346 4393 3499 4432 com-

1935 4460 2126 4528 positis
2159 4462 2328 4527 vasis,
2375 4462 2442 4516 ad
2474 4475 2693 4519 sanctas
2742 4466 2960 4533 januas,
3008 4467 3500 4542 dictaque‘precc,

1934 4553 2213 4621 egreditur
2274 4568 2398 4608 cum
2454 4554 2716 4612 fratribus
2749 4559 2816 4612 ad
2859 4559 3237 4628 baptisterium
3270 4575 3502 4620 cantans

1938 4644 2104 4698 illud:
2149 4644 2279 4699 Cum
2318 4647 2372 4700 in
2403 4646 2640 4703 Iordane
2664 4649 3036 4719 baptizareris,
3082 4654 3342 4723 Domine;
3391 4673 3501 4726 quo

1936 4737 2102 4795 dicto.
2129 4740 2516 4806 pronuntiatur
2540 4756 2568 4794 a
2601 4742 2834 4796 diacono
2863 4744 3039 4799 oratio
3078 4747 3303 4802 collecta
3338 4766 3352 4802 :
3391 4766 3500 4819 qua

1938 4825 2108 4890 finita,
2138 4827 2326 4896 incipit
2350 4830 2606 4884 sacerdos
2626 4846 2839 4900 precem
2865 4834 3334 4894 sanctificationis.
3372 4837 3504 4896 Post

1933 4933 2104 4986 aquas
2142 4923 2533 4985 sanctilicatas,
2566 4934 2620 4978 et
2669 4935 2793 4993 post
2835 4940 3087 4993 aspersos
3139 4930 3343 4990 eisdem
3389 4933 3501 4987 fra-

1939 5017 2066 5072 tres,
2099 5012 2314 5064 canitur
2350 5015 2647 5083 troparium
2679 5024 2807 5071 tono
2849 5017 3072 5087 obliquo
3109 5032 3346 5089 quarto:
3397 5023 3504 5078 Vox

1939 5101 2034 5154 Ilei
2067 5119 2226 5172 super
2275 5121 2441 5174 aquas
2480 5108 2677 5160 clamat
2728 5110 2926 5164 dicens.
2982 5110 3205 5167 Stichus
3256 5115 3501 5182 primus:

1937 5192 2086 5247 Mare
2114 5197 2329 5258 vidil,et
2360 5199 2512 5267 fugit.
2545 5197 2766 5255 Stichus
2786 5203 3060 5259 secundus
3085 5221 3097 5257 :
3129 5203 3268 5270 Quid
3291 5208 3498 5273 esttibi,

1940 5300 2107 5350 mare,
2141 5291 2281 5357 quod
2315 5289 2501 5359 fugisti
2530 5294 2554 5346 ?
2586 5291 2649 5346 Et
2680 5303 2803 5362 post
2835 5305 2918 5350 ter
2947 5308 3225 5353 cantatum
3262 5300 3366 5356 hoc
3392 5313 3505 5357 tro-

1757 5367 1985 5432 ΝΟΤᾹΞ.

271 5454 668 5510 Celeberrimus
701 5454 827 5510 item
862 5465 946 5510 est
988 5456 1166 5511 crucis
1198 5457 1376 5512 cultus
1431 5458 1483 5512 in
1517 5459 1826 5516 Graecorum

271 5540 337 5605 et.
357 5524 743 5592 Orientalium,
787 5527 1162 5597 praecipueque
1215 5528 1597 5597 Armenorum,
1653 5533 1828 5587 cccle-

273 5611 387 5648 SIIS.

344 5665 456 5731 ($9)
474 5665 736 5734 Μελετᾷν,
760 5664 1024 5730 meditari,
1051 5684 1146 5737 pro
1162 5669 1394 5736 simplici
1417 5670 1576 5724 etiam
1599 5671 1830 5727 lectione

273 5739 356 5786 vel
389 5738 565 5787 stttdio
597 5738 797 5789 dictum
833 5738 900 5787 ab
935 5740 1196 5804 antiquis,
1230 5743 1485 5794 observat
1534 5741 1830 5797 Marteuius

274 5806 328 5856 iu
368 5804 577 5874 Comm.
613 5807 731 5868 cit.,
767 5822 817 5874 p.
853 5806 975 5870 9.59,
1009 5809 1135 5862 9.51.

345 5873 456 5942 (50)
490 5873 707 5930 Scilicet
734 5873 950 5944 propter
981 5878 1268 5945 jejunium.
1306 5882 1520 5951 Alioqui
1565 5900 1679 5938 mos
1716 5895 1834 5940 erat

1935 5485 2058 5554 post
2111 5481 2553 5534 communionem
2608 5481 2856 5551 gustandi
2903 5483 3104 5553 aliquid
3149 5501 3212 5539 ex
3254 5485 3499 5542 oblatis;

1935 5554 2173 5629 itemque
2226 5563 2287 5629 os
2331 5549 2606 5629 abluendi,
2654 5563 2875 5629 auctore
2918 5557 3078 5629 etiam
3142 5556 3266 5610 divo
3321 5558 3501 5629 (Σιλην-

1935 5626 2198 5698 sostomo.
2233 5617 2471 5698 Legatur
2494 5622 2710 5698 isagoge
2762 5624 3008 5693 lilurgica
3038 5625 3091 5698 in
3131 5641 3334 5698 oppas.
3367 5617 3501 5681 Grc-

1936 5687 2070 5765 gorii
2103 5686 2205 5741 PP.
2229 5686 2488 5765 edfycn.
2539 5686 2962 5765 t.'lX,_cap_.Ait,
2995 5697 3080 5757 i8,
3123 5686 3181 5765 βξ
3205 5686 3339 5752 ’161.
3399 5698 3504 5751 Eu-

1939 5757 2431 5833 logiitrnmuvajios
2459 5777 2591 5815 usus
2619 5762 2781 5833 tradit
2817 5757 3371 5833 'MarteniusCotum,
3406 5770 3501 5824 ait.

1937 5828 2002 5879 ad
2041 5825 2170 5896 Reg.
2211 5829 2267 5883 S.
2303 5829 2429 5885 Ben.
2459 5847 2581 5901 cap.
2622 5832 2710 5889 54.
