4188 6494
279 428 410 495 1721

280 702 430 790 DE
508 695 1327 790 CONFESSIONE
1384 697 1530 786 ET
1611 695 1843 788 PRO

1452 431 1511 490 S.
1549 426 1938 489 THEODORI
1978 425 2323 488 STUDITJ'I

3373 426 3508 492 1722

1940 697 2495 787 PECCATIS
2564 697 3497 788 SATISFACTIONE

1720 887 2108 954 CANONES.

282 1201 394 1256 Τοῦ
432 1201 606 1255 ὁσίου
644 1199 866 1266 Πατρός
901 1199 1071 1270 ἡμῶν
1097 1199 1196 1266 καί
1225 1200 1594 1271 (illato-mro?)
1623 1201 1840 1256 Θεοδὼ·
1865 1208 1910 1263 Α

1939 1201 2120 1257 Sancti
2189 1200 2366 1254 Patris
2403 1200 2569 1254 nostri
2605 1207 2652 1252 ct
2674 1198 2986 1271 confessoris
3025 1197 3278 1253 Theodori
3300 1201 3508 1271 presby-

342 1289 454 1339 ρου
490 1271 894 1338 πρεσϐυτέρου
920 1273 1018 1324 καὶ
1043 1271 1378 1339 ἡγουμένου
1409 1271 1527 1324 τῶν
1548 1273 1836 1325 Στουδίου

349 1341 479 1407 περὶ
519 1341 958 1408 ἐξαγορεύσεως
978 1344 1073 1396 καί
1099 1340 1218 1393 τῶν
1249 1343 1469 1407 ταύτης
1504 1341 1842 1397 διαλύσεων

350 1411 603 1475 κανόνες
631 1411 972 1476 ἐκτεθέντες
1003 1411 1137 1478 παρ’
1157 1411 1341 1464 αὑτοῦ
1374 1412 1474 1484 (ί).

698 1529 766 1576 α’.
784 1522 922 1589 Περὶ
954 1522 1415 1592 ἐξαγορεύσεως.

350 1634 506 1706 [Cod.
543 1643 656 1688 vat.
705 1634 828 1700 8-40,
871 1634 911 1688 f.
960 1635 1083 1698 193,
1138 1633 1220 1705 1).]
1273 1634 1654 1704 Ἐξαγόρευσίς
1724 1636 1840 1690 ἐστι

274 1726 452 1793 λόγων
481 1727 574 1778 καὶ
603 1725 947 1796 ἐνθυμήσεων
969 1720 1209 1796 αἰσχρῶν
1227 1726 1483 1796 ἁνήδονος
1511 1727 1837 1798 ὑπόμνησις⁹

276 1817 519 1881 διάλυσις
553 1818 609 1870 δὲ
639 1820 672 1888 ή
709 1817 916 1870 τούτων
977 1819 1272 1888 διάκρισις,
1323 1818 1418 1871 ἐπὶ
1467 1818 1676 1889 ἀγαθὴν
1723 1819 1843 1873 ὁδὸν

277 1907 545 1976 ὀδηγοῦσα
572 1910 700 1972 τοὺς
733 1909 1204 1980 προσερχομένους
1223 1925 1236 1938 ⁶
1274 1909 1422 1978 Λέγε
1448 1911 1558 1981 γὰρ
1586 1911 1666 1967 σὺ
1689 1910 1844 1980 πρῶ-

279 2017 382 2063 τος
405 1999 510 2064 τὰς
539 2000 828 2068 ἁμαρτίας
842 2013 959 2052 σου
982 2000 1102 2064 ,ἵνα
1136 1999 1484 2069 δικαιωθῇς·
1518 2003 1626 2070 καὶ
1657 2002 1840 2055 πάλιν·

277 2085 455 2152 libra.
499 2089 906 2157 Ἐεατορεύσω
943 2089 1056 2155 τὴν
1101 2090 1227 2144 κατ’
1271 2091 1417 2160 ἐμοῦ
1456 2094 1844 2163 ἐγγενομένην

281 2199 401 2251 μου
429 2183 574 2250 ἁμαι
589 2184 724 2234 τίαν
745 2179 825 2246 τῷ
860 2183 1054 2251 Κιφίῳ
1076 2199 1090 2216 ο
1131 2182 1229 2236 καὶ
1257 2183 1389 2239 ιδοὺ
1421 2184 1699 2252 ἀφείλετο
1732 2183 1843 2234 πά-

275 2290 393 2339 σας
427 2273 532 2338 τὰς
559 2274 843 2342 ἁμαρτίας
868 2291 1008 2343 μου.
1028 2274 1258 2329 Δύναται
1279 2276 1388 2351 γὰρ
1417 2275 1800 2345 ἐξομολόγησις
1824 2315 1840 2340 ,

275 2369 371 2420 καὶ
405 2365 516 2436 πῦρ
544 2366 761 2419 αἰώνιον
793 2365 1092 2420 ἀποσϐέσαι
1116 2383 1130 2396 ·
1164 2367 1259 2420 καὶ
1292 2368 1400 2438 γὰρ
1426 2367 1677 2436 λογισμοὶ
1706 2385 1840 2438 κρυ·

275 2458 558 2528 πτόμενοι,
594 2459 839 2512 τίκτουσι
870 2458 1017 2530 πάθη
1042 2475 1056 2490 ·
1081 2459 1530 2532 ὲξαγορευόμενοι
1567 2461 1646 2524 δὲ,
1677 2460 1845 2514 θεοει-

2014 1275 2109 1324 teri
2143 1283 2189 1322 et
2213 1272 2476 1340 prwpositi
2517 1269 2887 1322 monachorum
2928 1269 3106 1325 Studii
3137 1269 3506 1324 cauonesnsu-

2011 1344 2250 1410 pradicto
2275 1343 2422 1398 editi.

2426 1523 2478 1577 1.
2512 1522 2588 1576 De
2618 1521 2963 1591 confessione.

2007 1635 2292 1692 Confessio
2321 1645 2406 1692 est
2426 1637 2716 1692 verborum
2739 1646 2793 1691 et
2823 1634 3217 1705 cogitationum
3251 1634 3494 1703 turpium

1942 1728 2130 1783 dolens
2195 1728 2504 1798 expositio:
2561 1727 2859 1783 satisfactio
2907 1735 3084 1782 autem
3155 1736 3238 1779 est
3295 1725 3504 1778 illorum

1943 1830 2290 1893 peccatorum
2325 1819 2618 1879 discessio.
2650 1833 2770 1888 qua:
2810 1819 2862 1872 in
2910 1819 3107 1871 bonam
3165 1817 3308 1870 viam
3356 1832 3510 1873 acce-

1941 1912 2130 1966 dentes
2161 1911 2388 1966 reducit.
2428 1911 2523 1964 Dic
2555 1921 2608 1963 tu
2633 1912 2779 1980 prior
2810 1920 3022 1978 peccata
3049 1919 3140 1961 tua
3163 1950 3178 1972 ,
3212 1918 3268 1961 ut
3299 1909 3510 1977 justi/i-

1943 2004 2118 2065 ceris‘.
2143 2003 2458 2072 Rursusque
2492 2021 2504 2058 :
2541 2001 2843 2070 Couﬁtebor
2868 2002 3114 2054 adversus
3143 2017 3220 2053 me
3241 2010 3511 2069 peccatum

1943 2111 2113 2148 meum
2171 2095 2415 2148 Domino.
2473 2093 2541 2147 Et
2606 2111 2719 2148 ecce
2777 2093 2994 2147 abstulit
3051 2095 3228 2146 omnia
3299 2103 3511 2160 peccata

1945 2204 2059 2242 mea
2080 2190 2125 2241 ².
2153 2188 2340 2242 Potest
2358 2186 2502 2240 enim
2521 2185 2796 2240 confessio
2821 2187 2994 2256 ignem
3016 2199 3230 2254 quoque
3249 2194 3509 2238 mternum

1943 2279 2304 2348 exstinguere.
2335 2276 2400 2330 Et
2422 2277 2638 2332 silentio
2665 2277 2881 2347 quidem
2907 2292 3105 2346 pressa:
3152 2275 3512 2345 cogitationes

1944 2371 2138 2440 culpas
2167 2371 2389 2440 pariunt
2417 2387 2430 2424 :
2463 2385 2599 2440 quas
2619 2370 2662 2424 si
2693 2369 2930 2424 confessi
2969 2368 3237 2423 fuerimus
3269 2369 3510 2423 divinam

1945 2464 2405 2535 pulchritudinem
2448 2462 2805 2530 acquirinius.
2868 2462 3091 2517 Denuda
3168 2463 3325 2516 ulcus
3357 2473 3509 2515 tuum

275 2552 386 2615 δεῖς
427 2552 868 2621 ἀπεργάζονταιο
910 2553 1119 2624 γύμνου
1181 2554 1274 2606 σὺν
1327 2553 1570 2624 μώλωπα
1627 2553 1706 2625 τῷ
1763 2553 1840 2624 σῷ
1874 2542 1910 2602 Β

1945 2555 2148 2609 medico
2177 2571 2191 2607 :
2229 2552 2362 2614 fare,
2395 2566 2570 2620 neque
2590 2550 2882 2606 erubescas
2908 2567 2923 2604 :
2949 2550 3144 2605 accede
3218 2565 3342 2605 cum
3407 2549 3512 2606 ﬁde

279 2640 451 2713 ίατρῷ
477 2658 490 2671 °
525 2643 665 2704 εἰπὲ,
712 2643 808 2694 καὶ
843 2643 918 2714 μὴ
965 2643 1296 2714 αἰσχυνθῇς·
1342 2643 1606 2717 πρόσελθε
1639 2645 1735 2696 σὺν
1771 2646 1837 2712 τῇ

277 2733 460 2787 πίστει
489 2734 565 2805 τῷ
598 2733 676 2804 σῷ
715 2734 1028 2805 ἡγουμένῳ,
1055 2736 1311 2806 ἀπονήρῳ
1341 2735 1622 2805 ἁπλότητι,
1649 2737 1741 2788 καὶ
1764 2735 1841 2798 ὡς

276 2827 342 2878 ἐκ
371 2824 508 2879 Θεοῦ
545 2826 810 2894 στόματος
851 2827 921 2882 τὰ
967 2829 1096 2898 παρ’
1150 2827 1314 2881 αὐτοῦ
1364 2827 1842 2898 συμϐουλευόμενά

277 2936 361 2973 σοι
392 2918 568 2987 δέχου,
604 2921 652 2970 εἰ
683 2920 774 2971 καὶ
804 2921 1020 2974 ἐναντία
1053 2920 1130 2992 τῷ
1163 2921 1240 2992 σῷ
1270 2922 1460 2995 σκοπῷ
1486 2922 1556 2974 τὰ
1580 2922 1840 2992 εἰρημένα

275 3011 632 3077 τυγχάνουσιν
654 3025 668 3040 ο
701 3011 749 3062 εί
788 3010 882 3062 καὶ
929 3010 1004 3081 μὴ
1049 3013 1188 3064 πάνυ
1223 3013 1581 3082 πνευματικοὶ
1606 3014 1653 3065 οἱ
1677 3012 1842 3081 ἡγού-

279 3117 429 3174 μενοι
458 3099 853 3171 καθεστήκασι,
892 3101 967 3172 μὴ
1003 3102 1386 3165 σκανδαλίζου·
1420 3103 1481 3154 οὐ
1513 3103 1620 3175 γὰρ
1658 3105 1841 3166 ἄδικος

275 3185 304 3243 ό
335 3190 489 3254 Θεὸς,
519 3192 698 3244 πίστει
727 3193 822 3253 καὶ
843 3193 1050 3263 ἀκακία
1073 3193 1252 3263 ψυχὰς
1277 3195 1476 3259 ἑαυτὰς
1500 3196 1844 3248 ταπεινωσά-

279 3297 399 3346 σας,
431 3285 496 3352 τῇ
519 3282 611 3334 τοῦ
647 3283 952 3353 ἡγουμένου
989 3283 1268 3356 συμϐουλῇ
1299 3287 1392 3338 καὶ
1413 3286 1593 3356 κρίσει
1624 3288 1843 3358 ἀπατη-

277 3375 459 3446 θῆναι,
494 3376 600 3429 κᾶν
623 3375 807 3445 ἄλογοι
830 3377 878 3430 oi
903 3377 1275 3447 ἀπατηθέντες
1299 3380 1661 3450 τυγχάνωσιν.

594 3491 659 3560 β’.
701 3491 838 3560 Περὶ
857 3491 1252 3561 μνησικάκων
1281 3475 1523 3560 ἐντολή.

363 3582 422 3635 Ὅ
460 3583 794 3654 μνησίκακος
820 3586 886 3654 τῇ
909 3582 1001 3635 τοῦ
1035 3582 1231 3635 Ἰακὼὸ
1258 3583 1480 3652 κλίματι
1504 3584 1582 3654 (2)
1607 3585 1838 3655 προσελ-

277 3671 407 3737 θὼν,
437 3677 503 3746 τῇ
554 3672 648 3727 τοῦ
707 3672 1003 3747 κορυφαίου
1055 3673 1262 3744 Πέτρου
1308 3672 1615 3746 ὲκπεσσύσῃ
1653 3673 1842 3728 ἁλύσει

273 3767 542 3820 ἐνδέδεται
566 3772 579 3785 ³
605 3766 701 3820 καὶ
730 3766 840 3838 γὰρ
871 3767 1226 3838 μνησικακία,
1255 3765 1428 3837 θυμοῦ
1457 3767 1574 3818 ἐστι
1601 3767 1841 3835 κατάλη-

276 3855 380 3923 ξις,
409 3856 759 3928 δικαιοσύνης
785 3860 961 3928 μῖσος.
1001 3857 1162 3910 Κατὰ
1180 3858 1278 3926 μὲν
1300 3858 1426 3921 τοὺς
1453 3857 1563 3911 τῶν
1590 3850 1840 3928 μεγάλων
1866 3877 1910 3935 ο

274 3946 539 4016 Πατέρων
576 3947 829 4010 κανόνας,
875 3948 934 4000 ἐν
975 3947 1152 4016 τρισὶν
1177 3947 1326 4000 ἔτεσι
1352 3947 1459 4000 τῶν
1484 3948 1840 4018 ἁγιασμῶων

275 4039 564 4109 ἀπεχέσθω
583 4055 596 4069 ⁸
632 4043 777 4093 κατὰ
802 4039 860 4092 δὲ
887 4039 1013 4102 τοὺς
1039 4041 1304 4110 μοναχοὺς
1330 4040 1575 4092 ἐνιαυτὸν
1606 4039 1843 4111 ξηροφα-

275 4131 444 4196 γείτω
482 4132 541 4184 ὲν
593 4133 659 4201 τῇ
713 4129 832 4201 ὥρα
864 4129 964 4196 τῆς
1009 4128 1118 4181 τῶν
1171 4128 1415 4199 ἀδελφῶν
1465 4129 1838 4206 καταλύσεως,

274 4221 445 4279 ποιῶν
475 4222 760 4291 μετανοίας
801 4220 919 4278 καθ’
951 4219 1165 4290 ἡμέραν
1193 4225 1265 4290 μ’.

715 4341 786 4401 γ’.
827 4332 967 4401 Περὶ
1003 4329 1388 4396 καταλαλιᾶς.

346 4416 514 4492 οἶμαι
537 4423 602 4475 ἐκ
657 4421 846 4491 μίσους
878 4422 969 4473 καὶ
1001 4420 1365 4490 μνησικακίας
1383 4419 1483 4489 τὴν
1509 4417 1838 4475 καταλαλιὰν

272 4514 553 4570 τίκτεσθαι
583 4533 596 4546 ο
621 4518 714 4568 καὶ
739 4515 846 4586 γὰρ
894 4513 1195 4567 καταλαλιά
1246 4515 1392 4565 ἐστιν
1421 4511 1719 4582 ἁποκΰημα
1749 4512 1840 4580 μί-

276 4623 424 4670 σους,
473 4608 660 4678 βδέλλα
707 4609 947 4678 ἀγάπης,
1002 4605 1399 4672 ὲξαφανίξουσα
1449 4607 1544 4660 καὶ¹
1606 4606 1840 4659 ἐκδαπα-

274 4697 422 4752 νῶσα
457 4696 594 4770 αἷμα
627 4700 839 4772 ψυχῆς·
865 4700 1098 4768 λέγομεν
1125 4697 1182 4750 δὲ
1216 4697 1494 4762 ὡσαύτως,
1544 4697 1691 4751 κατὰ
1740 4699 1840 4766 μὲν

353 4891 370 4925 ⁸
399 4891 493 4948 Gr.
525 4888 648 4946 lsai.
674 4906 825 4955 mu,
853 4889 943 4944 9.0.
1004 4891 1025 4920 ¹
1065 4888 1211 4966 Psal.
1241 4904 1393 4955 xm,
1437 4889 1490 4944 5.

1942 2643 2010 2700 ad
2031 2645 2223 2699 ducem
2250 2653 2426 2708 tuum,
2456 2652 2653 2696 etcum
2687 2641 3036 2710 simplicitate
3081 2642 3197 2696 sine
3247 2641 3455 2694 malitia
3490 2687 3505 2710 ,

1941 2747 1996 2789 et
2026 2743 2282 2803 tanquam
2314 2748 2380 2787 ex
2407 2747 2502 2787 ore
2533 2731 2627 2786 Dei
2683 2731 2911 2786 consilia
2945 2731 3064 2799 ejus
3089 2730 3294 2798 excipe,
3317 2741 3513 2798 quam-

1938 2827 2022 2889 vis
2055 2827 2168 2880 haec
2198 2834 2291 2879 tuo
2333 2824 2611 2880 contraria
2661 2823 2942 2894 proposito
2991 2821 3122 2875 sint.
3176 2819 3242 2875 Et
3292 2819 3337 2875 si
3373 2818 3512 2872 forte

1940 2919 2085 2973 haud
2116 2918 2248 2973 satis
2277 2917 2548 2988 spiritales
2597 2917 2885 2971 videantur
2941 2915 3108 2968 duces
3128 2913 3232 2976 tui,
3267 2925 3334 2965 ne
3356 2926 3513 2966 scau-

1939 3009 2193 3064 dalizeris
2230 3027 2243 3062 :
2292 3023 2398 3062 non
2436 3009 2581 3062 enim
2609 3006 2848 3074 injustus
2903 3015 2987 3058 est
3011 3003 3172 3068 Deus,
3206 3012 3266 3057 ut
3298 3002 3513 3067 animas

1941 3115 2062 3170 qua:
2090 3115 2149 3154 se
2170 3114 2292 3153 cum
2312 3097 2414 3153 [ide
2439 3109 2492 3152 et
2510 3098 2821 3153 sinceritate
2853 3095 3158 3158 humiliant,
3182 3094 3322 3148 sinat
3349 3109 3378 3146 a
3406 3093 3512 3146 du-

1941 3193 2020 3245 cis
2049 3190 2279 3245 consilio
2312 3198 2367 3244 et
2429 3189 2634 3259 judicio
2671 3189 2846 3256 decipi
2879 3205 2894 3252 ;
2947 3195 3224 3254 utcunque
3274 3184 3502 3240 hebetes

1940 3283 2105 3340 sintii
2137 3282 2338 3352 quibus
2376 3280 2525 3336 fraus
2555 3280 2874 3334 intenditur.

2011 3482 2067 3538 2.
2124 3483 2388 3538 Adversus
2420 3483 2742 3552 injuriarum
2776 3497 3028 3536 memores
3061 3480 3347 3535 decretum.

2010 3574 2338 3644 lujuriarum
2375 3591 2581 3628 memor
2615 3575 2680 3627 ad
2727 3572 2914 3628 Jacobi
2955 3575 3155 3628 scalam
3211 3572 3499 3639 accedens,

1941 3667 2211 3738 coryphari
2251 3665 2396 3720 Petri
2455 3667 2680 3721 cadente
2739 3674 2927 3720 catena
2997 3666 3251 3735 illigatur.
3297 3648 3512 3734 Quippe

1943 3759 2264 3828 injuriarum
2302 3758 2586 3820 memoria.
2622 3767 2706 3812 est
2734 3757 3238 3818 iraehabitaculum,
3266 3756 3506 3824 etjusti-

1943 3850 2031 3902 liae
2063 3846 2453 3902 odiuntJuxta
2505 3848 2721 3918 quidem
2776 3863 3094 3917 magnorum
3148 3848 3370 3900 Patrum
3412 3861 3508 3901 ca-

1944 3955 2137 4005 nones,
2184 3939 2349 3994 homo
2383 3939 2657 4007 ejusmodi
2710 3940 2948 3994 triennio
2991 3953 3022 3992 a
3076 3937 3281 3993 sanctis
3347 3937 3512 3992 rebus

1943 4041 2214 4094 arceatur,
2239 4031 2439 4088 Verum
2495 4033 2637 4089 inter
2684 4033 2982 4088 monachos
3051 4045 3195 4085 anno
3265 4046 3373 4085 uno
3418 4045 3512 4084 ve-

1943 4133 2132 4177 scatur
2165 4123 2328 4178 aridis
2356 4124 2487 4178 hora
2519 4139 2626 4195 qua
2673 4123 2866 4178 fratres
2887 4123 3154 4192 jejunium
3178 4121 3419 4185 solvunt,
3454 4129 3512 4178 et

1943 4223 2240 4270 tnetanmas
2269 4216 2512 4283 quotidie
2558 4215 2720 4270 faciat
2747 4213 3124 4286 quadraginta.

2428 4329 2483 4384 5.
2517 4329 2591 4383 De
2635 4330 3025 4383 obtrectatione.

2014 4419 2264 4474 Arbitror
2291 4435 2357 4475 ex
2391 4420 2519 4474 odio
2543 4431 2597 4474 et
2623 4421 2946 4490 injuriarum
2995 4417 3256 4474 memoria
3291 4417 3508 4472 obtrec-

1946 4514 2201 4568 tationem
2264 4515 2430 4582 gigni.
2485 4513 2695 4568 Etenim
2745 4513 3064 4568 obtrectatio
3107 4522 3191 4566 est
3213 4512 3318 4565 odii
3353 4512 3456 4564 filia
3489 4550 3506 4574 ,

1946 4605 2231 4661 charitatis
2282 4605 2476 4659 hirudo
2507 4621 2628 4676 qua)
2656 4607 2853 4660 animae
2905 4606 3225 4674 sanguinem
3285 4619 3507 4672 prorsus

1943 4700 2239 4755 consumit.
2273 4698 2534 4754 Similiter
2584 4707 2765 4753 autem
2831 4697 3085 4760 dicimus,
3132 4711 3199 4750 ex
3273 4695 3508 4748 aliorum

1764 5065 2000 5123 ΝΟΤᾸΞ.

342 5245 418 5315 (ii
435 5244 511 5298 Ne
531 5244 652 5312 quis
683 5244 817 5297 forte
833 5242 1042 5315 dubitet
1063 5243 1129 5297 de
1150 5243 1254 5300 huc
1269 5240 1440 5315 nostri
1461 5239 1686 5315 Studitzc
1707 5253 1845 5315 opu-

275 5311 448 5374 sculo.
476 5311 720 5368 eutestis
740 5315 946 5368 accedit
977 5314 1138 5367 etiam
1190 5313 1359 5374 codex
1401 5312 1666 5364 Arabicus
1720 5311 1839 5363 Vat.

1943 5242 2082 5294 vitiis
2125 5251 2179 5296 et
2215 5243 2278 5294 de
2300 5243 2601 5296 rirtutious.

2012 5313 2088 5379 (2)
2120 5311 2192 5365 De
2215 5312 2652 5390 scala_Ja_cobi
2689 5314 3016 5390 Benedictus
3074 5318 3201 5390 Reg.
3259 5336 3380 5390 cap.
3435 5324 3500 5385 7.

274 5383 651 5456 (JlAXlein
677 5386 918 5451 catalogo
957 5398 985 5434 a
1041 5398 1126 5435 me
1176 5382 1534 5456 im_prcsso_p.
1571 5380 1716 5456 διδ..
1756 5380 1840 5456 his
1937 5381 2092 5456 plura
2122 5381 2500 5456 \'erba__l'acit.
2563 5385 2790 5452 plurima
2856 5399 3040 5456 postea
3098 5380 3389 5445 ilartenius
3449 5380 3502 5447 in

283 5458 486 5511 verbis:
516 5473 532 5503 ‹
558 5448 991 5508 Constitutiones
1021 5452 1193 5506 sancti
1234 5452 1410 5506 Patris
1449 5448 1718 5503 Theodori
1741 5451 1838 5500 ah-

275 5523 415 5577 hatis
438 5525 743 5576 monasterii
770 5523 966 5581 Studii.
998 5537 1094 5574 seu
1149 5521 1540 5574 monachorum
1594 5519 1837 5572 Studita-

1936 5453 2148 5506 Comm.
2191 5449 2335 5505 Nihil
2388 5449 2576 5507 tamen
2625 5457 2691 5509 ad
2741 5449 2884 5511 hunc
2933 5458 3203 5512 Theodori
3262 5463 3436 5514 locum
3480 5481 3493 5517 :

1933 5535 2248 5598 gitauquam
2277 5521 2602 5598 Benedictus
2661 5541 2849 5593 reapse
2898 5527 2964 5582 de
3015 5530 3318 5584 humilitate
3349 5534 3498 5598 agit,

273 5607 418 5672 rum.
445 5596 510 5646 tle
537 5595 921 5672 pcenitentibus
951 5593 1040 5672 qui
1061 5590 1406 5672 deupecratis
1437 5591 1551 5672 suis
1604 5590 1834 5672 occultis
1935 5589 2055 5644 heic
2086 5589 2266 5645 autem
2291 5593 2446 5672 _hautl
2470 5595 2584 5648 scio
2608 5609 2696 5672 an
2729 5589 2981 5666 superbia
3019 5600 3292 5652 immatur.
3342 5589 3501 5654 Vide;

275 5659 620 5724 comitentur,
645 5663 815 5731 deque
844 5659 1211 5731 confessariis.
1248 5660 1339 5729 qui
1373 5674 1468 5712 eos
1512 5659 1577 5712 de
1610 5659 1715 5731 illis
1752 5659 1824 5731 in-

276 5743 597 5798 terrogant.»
652 5727 744 5784 Bst
771 5742 949 5785 autem
978 5732 1063 5783 hic
1087 5727 1296 5784 libellus
1331 5732 1499 5782 instar
1551 5737 1628 5780 tot
1681 5727 1824 5780 Lali-

278 5817 466 5872 ttprum
491 5805 580 5873 qui
625 5812 837 5857 exstant
896 5811 1008 5855 tum
1043 5801 1168 5856 editi
1194 5809 1304 5854 ttuu
1362 5800 1713 5868 mauuscripti
1763 5799 1826 5850 de

1932 5669 2164 5784 tlurerggo
2192 5662 2376 5730 potius
2410 5664 2755 5733 proverbium
2789 5662 3086 5736 quoddam.
3129 5670 3232 5726 Sed
3266 5670 3357 5726 alii
3412 5671 3508 5742 ju-

1933 5749 1950 5784 ι
1972 5747 2083 5784 tceu
2115 5769 2130 5784 .

1933 5747 2130 5784 ιιιςειιι.
