4188 6464
719 380 857 444 1723

1557 390 1653 451 DE
1684 390 2192 451 CONFESSIONE
2234 393 2329 452 ET
2362 393 2961 457 SATISFACTIONE.

3796 398 3931 461 179A

709 490 925 558 quidem
962 494 1444 564 prmscriptohunc
1495 514 1604 551 nno
1662 515 1806 555 anno
1860 500 2027 555 ﬂere:
2087 517 2279 555 mona-
2305 504 2355 563 Α

2275 533 2279 540 ν
2305 504 2355 563 Α
2378 506 2501 567 τοὺς
2530 506 2763 577 ἐτέρους,
2793 510 3035 563 ἐνιαυτὸν
3066 510 3489 579 προσκλαυσάτω
3513 525 3527 541 ⁸
3563 511 3701 564 κατά
3722 511 3778 564 δὲ
3805 515 3929 576 τοὺς

709 582 871 635 chum
895 594 1072 637 autem
1108 598 1343 654 quatuor
1384 590 1660 643 mensibus
1690 591 1842 644 arido
1879 592 2003 646 cibo
2049 594 2126 646 uti
2176 592 2274 646 de-

719 672 848 727 bcrc
875 674 1005 727 dum
1058 676 1251 748 reliqui
1280 679 1612 745 comedunt;
1642 690 1695 733 et
1736 690 2033 737 metanmas
2092 684 2276 737 facere

710 763 953 831 quotidie
981 774 1217 821 centum.
1251 768 1386 833 Quia
1414 770 1771 825 detrahentem
1800 784 1995 827 secreto
2024 776 2265 842 proximo

708 870 826 921 suo,
855 854 992 909 hunc
1018 859 1359 928 persequebar
1387 861 1429 914 ³.

1266 951 1320 1004 4.
1350 950 1424 1003 De
1449 952 1784 1020 garrulitate.

780 1036 1040 1092 Garrulus
1070 1039 1267 1108 lingua:
1306 1043 1436 1094 vitio
1468 1042 1721 1106 infectus,
1780 1059 1873 1099 sex
1894 1060 2107 1100 menses
2150 1060 2277 1115 pm-

710 1130 929 1183 nitendo
954 1130 1202 1198 expleat:
1238 1132 1317 1185 sic
1366 1134 1510 1186 enim
1564 1150 1801 1189 canones
1829 1134 1897 1189 de
1949 1136 2265 1204 huiusmodi

711 1217 1022 1274 hominibus
1088 1222 1404 1279 decernunt.
1460 1224 1667 1294 Quippe
1698 1227 1989 1292 garrulitas
2060 1240 2147 1282 est
2192 1230 2276 1281 in-

712 1309 885 1363 scitia:
948 1311 1231 1376 indicium,
1287 1315 1698 1369 obtrectationis
1757 1316 1949 1384 janua,
2001 1318 2270 1373 mendacii

717 1400 991 1455 ministra.
1036 1402 1147 1457 Nos
1174 1413 1283 1459 tres
1317 1405 1596 1461 mensibus
1638 1406 1783 1461 hunc
1814 1423 1843 1462 a
1891 1411 2277 1464 communione

709 1503 1076 1556 removemus,
1108 1494 1273 1547 aridis
1312 1496 1541 1549 omnino
1575 1508 1879 1552 vescentem
1920 1500 2053 1553 hora
2087 1509 2237 1555 sexta
2258 1541 2273 1564 ,

708 1590 762 1632 ct
789 1591 1086 1639 metanaeas
1111 1586 1351 1653 quotidie
1380 1597 1598 1641 centum
1644 1590 2037 1659 quinquaginta
2067 1590 2275 1647 facien-

714 1678 845 1723 tem.
877 1673 1088 1727 Etenim
1120 1676 1273 1731 valde
1330 1676 1600 1733 lubricum
1651 1682 2091 1749 periculosumve
2146 1684 2278 1752 ipsis

707 1774 927 1831 quoque
976 1765 1336 1821 aestimatione
1361 1768 1541 1839 dignis
1602 1771 1915 1828 hominibus
1966 1773 2274 1829 hocvitium

708 1858 813 1905 est.

1210 1949 1265 2005 5.
1298 1950 1375 2004 De
1399 1953 1698 2010 mendacio.

780 2033 1008 2091 Mendax
1032 2040 1189 2108 quasi
1236 2041 1449 2110 lepidus
1482 2044 1647 2099 homo
1684 2046 2051 2106 existimatur.
2109 2050 2276 2121 Atqui

710 2127 1052 2184 mendacium
1106 2132 1387 2189 cbaritatis
1441 2136 1741 2193 destructio
1786 2150 1904 2207 est;
1983 2141 2280 2212 perjurium

710 2230 915 2282 autem,
948 2221 1037 2275 Dei
1070 2224 1304 2293 negatio.
1334 2223 1505 2280 Nemo
1537 2229 1739 2299 itaque,
1769 2234 1813 2287 si
1848 2233 2011 2287 modo
2056 2235 2274 2304 sapiat,

713 2310 831 2364 leve
857 2312 1044 2366 credat
1075 2329 1197 2368 esse
1253 2326 1533 2384 peccatum
1582 2321 1947 2377 mendacium.
1979 2321 2114 2377 Nam
2166 2325 2282 2393 ipse

711 2399 949 2469 Spiritus
980 2414 1202 2458 sanctus
1245 2405 1357 2473 jam
1388 2408 1560 2462 dixit:
1604 2409 1800 2463 Perdet
1835 2429 2010 2467 omnes
2078 2416 2166 2483 qui
2206 2418 2283 2468 to-

712 2502 948 2561 quuntur
980 2496 1311 2549 mendacium
1365 2498 1387 2528 ⁵
1412 2537 1427 2553 .
1452 2500 1645 2557 Cuncti
1670 2511 1852 2557 autem
1884 2504 2133 2559 mendaci
2184 2505 2285 2560 bo-

714 2585 845 2637 mini
883 2585 1206 2640 trimestrem
1238 2590 1609 2656 pmnitentiam
1691 2594 2011 2649 decernunt.
2042 2593 2153 2651 Nos
2198 2608 2281 2651 ta-

719 2688 841 2725 men
872 2676 1230 2744 quadraginta
1279 2679 1489 2733 dierum
1547 2682 1758 2737 aridum
1803 2685 2026 2739 omnino
2084 2687 2283 2741 victum

716 2765 846 2818 hora
875 2776 1024 2820 sexta
1063 2768 1189 2821 huic
1230 2770 1581 2838 imperamus,
1611 2783 1665 2828 et
1682 2784 1978 2831 metanaaas
2004 2778 2281 2846 quotidia-

714 2869 1052 2913 nascentum
1098 2862 1524 2933 quinquaginta.
1578 2863 1791 2920 Etenim
1851 2868 2147 2923 timendum
2201 2879 2287 2925 est

715 2962 826 3015 pra:
859 2951 1068 3004 caeteris
1096 2950 1199 3004 hoc
1221 2964 1519 3022 peccatum.

1136 3044 1190 3095 6.
1222 3043 1297 3097 De
1334 3048 1595 3100 acedioso.

787 3131 1084 3188 Acediosus
1110 3135 1267 3203 quasi
1298 3136 1365 3190 de
1395 3152 1493 3191 sua
1532 3137 1708 3194 salute
1735 3136 2026 3210 desperans
2066 3152 2284 3212 reputa-
2310 3166 2353 3226 ο

718 3231 826 3277 tnr.
880 3223 1089 3278 Etenim
1145 3227 1329 3280 acedia
1383 3238 1467 3282 est
1523 3231 1837 3285 monasticae
1876 3235 2071 3303 regula‘
2097 3234 2285 3289 obser-

718 3315 905 3367 vandm
977 3317 1201 3379 odium,
1258 3318 1656 3374 mundanarum
1714 3338 1894 3376 rerum
1978 3327 2284 3379 admiratio.

717 3404 1015 3459 Acediosus
1047 3404 1213 3460 Deum
1253 3419 1492 3475 accuSat,
1530 3412 1684 3481 quasi
1723 3413 2205 3470 immisericordem
2225 3427 2279 3471 et

721 3492 1001 3547 hominum
1032 3508 1244 3549 osorem
1273 3514 1288 3561 ;
1317 3498 1381 3551 ad
1412 3499 1767 3567 psalmodiam
1824 3518 2119 3576 precesque
2175 3517 2286 3561 tor-

718 3591 826 3652 pet.
860 3581 1006 3638 Vitio
1059 3584 1184 3639 huic
1264 3586 1608 3644 decernimus
1662 3606 1767 3660 qua
1787 3592 2033 3662 draginta
2075 3597 2283 3655 dierum

719 3674 1093 3743 panitentiam
1129 3696 1145 3744 ;
1177 3686 1231 3731 et
1272 3690 1330 3733 ut
1360 3695 1455 3749 per
1492 3690 1605 3735 tres
1644 3682 2013 3742 hebdomadas
2058 3687 2182 3740 vino
2230 3699 2284 3744 et

718 3767 841 3821 oleo
864 3769 1149 3825 acediosus
1178 3786 1283 3824 non
1314 3781 1520 3840 utatur,
1565 3774 1816 3842 quotidie.
1852 3774 2052 3831 faciens
2091 3791 2263 3834 meta-

722 3871 874 3911 nceas
911 3859 1173 3913 ducentas
1202 3862 1615 3932 quinquaginta.
1672 3863 1918 3935 Namque
1947 3867 2000 3921 in
2050 3870 2281 3939 profun-

719 3949 848 4001 dum
889 3949 1085 4005 inferni
1127 3961 1303 4021 potest
1336 3954 1601 4009 deducere
1628 3958 1827 4012 acediaa
1846 3960 2057 4016 vitium.

1211 4043 1263 4095 7.
1298 4044 1371 4098 De
1401 4046 1603 4113 guloso.

790 4125 1027 4183 Gulosus
1065 4129 1261 4186 similis
1278 4143 1359 4187 est
1378 4134 1625 4203 sepulcro
1672 4140 2112 4205 putrescentibus
2154 4158 2278 4199 car-

725 4219 886 4274 nibus
910 4221 1089 4289 pleno.
1140 4223 1414 4280 Gulositas
1454 4235 1540 4279 est
1572 4229 1776 4283 ventris
1822 4230 2149 4302 hypocrisis,
2184 4238 2277 4307 qui

720 4327 848 4366 cum
908 4314 981 4368 sit
1017 4324 1190 4376 satur,
1236 4317 1585 4373 nihilominus
1634 4334 1694 4373 se
1733 4336 1891 4390 egere
1941 4325 2177 4395 clamat;
2224 4339 2278 4383 et

721 4414 995 4473 gravatus,
1025 4407 1230 4461 esurire
1257 4409 1419 4478 cogit.
1460 4409 1733 4466 Gulositas
1758 4423 1841 4467 est
1868 4416 2145 4473 oculorum
2177 4421 2273 4475 de-

2306 1838 2354 1898 Ρ

2378 598 2663 664 μοναχοὺς,
2715 599 3050 669 τετράμηνον
3103 598 3497 670 ξηροφαγείτω,
3537 601 3627 654 ὅτε
3673 604 3723 654 oi
3754 602 3932 654 λοιποὶ

2376 685 2633 752 ἐσθίουσι,
2679 690 2963 757 μετανοίας
3017 691 3183 743 ποιῶν
3254 690 3378 743 καθ’
3434 692 3646 761 ἡμέραν
3707 694 3930 746 ἑκατόνο

2376 777 2503 829 Ὅτι
2540 778 2645 831 τὸν
2676 782 3130 835 καταλωοῦντα
3159 782 3348 850 λάθρα
3396 783 3503 837 τοῦ
3527 786 3796 851 πλησίον
3825 788 3932 839 αὒ-

2374 869 2500 933 τοῦ,
2533 870 2749 925 τοῦτον
2772 872 3109 935 ἐξεδίωκον.

2816 965 2881 1018 δ’.
2920 966 3058 1033 Περὶ
3090 966 3481 1035 πολυλογίας.

2454 1053 2515 1109 Ὀ
2541 1056 2852 1123 πολυλογῶν
2889 1057 2994 1110 ὑπὸ
3018 1058 3259 1129 γλώττης
3302 1060 3697 1130 σκοτιζόμενος,
3727 1060 3937 1131 ἐξαμη-

2375 1148 2547 1199 νιαῖον
2574 1146 2763 1215 χρόνον
2801 1150 2858 1199 ὲν
2891 1148 3151 1219 μετανοίᾳ
3190 1148 3509 1218 πληρούτωσ
3541 1150 3713 1214 οὕτως
3743 1153 3853 1220 γάρ
3883 1153 3935 1203 οῖ

2377 1238 2602 1300 κανόνες
2631 1239 2760 1307 περὶ
2788 1238 2899 1291 τῶν
2929 1238 3184 1293 τοιούτων
3213 1240 3518 1310 ὁρίζονται*
3554 1242 3741 1313 ἐπειδὴ
3771 1242 3938 1295 πολυε-

2374 1327 2529 1395 λογία
2565 1330 2711 1382 ἐστὶν
2750 1330 3025 1397 ἀγνωσίας
3060 1334 3375 1402 τεκμήριον,
3406 1333 3735 1398 καταλαλιᾱς
3772 1333 3935 1404 θύρα,

2373 1418 2603 1486 ψεύδους
2634 1422 2904 1491 ὑπουργός
2925 1436 2941 1450 ⁶
2968 1424 3128 1493 ἡμεῖς
3146 1423 3203 1476 δὲ
3234 1424 3496 1494 τρίμηνον
3536 1424 3766 1495 λέγομεν
3790 1427 3939 1479 ἀκοι-

2374 1497 2607 1578 νῶνητον
2638 1504 2798 1572 εἶναι,
2832 1511 3243 1580 ξηροφαγοῦντα
3275 1514 3459 1584 ἄκρως
3486 1513 3602 1585 ὥρα
3649 1513 3804 1585 ἕκτη,
3835 1532 3935 1584 με·

2374 1598 2593 1661 τανοίας
2619 1598 2874 1652 ποιοῦντα
2917 1601 3039 1653 καθ’
3071 1602 3282 1673 ἡμέραν
3329 1610 3448 1673 ρκ’·
3490 1605 3786 1673 ἐπισφαλὲς
3826 1607 3938 1677 γάρ

2374 1686 2493 1740 λίαν
2517 1688 2611 1741 καὶ
2630 1686 2823 1751 ἀὐτοῖς
2850 1690 2964 1754 τοῖς
2988 1688 3203 1743 δοκοῦσι
3227 1691 3290 1744 τὸ
3320 1691 3491 1756 πάθος
3518 1692 3685 1748 ἐστίν.

2888 1957 2952 2015 ε’.
2992 1957 3129 2025 Περὶ
3154 1957 3438 2025 ψεύδους.

2463 2048 2522 2103 '0
2550 2048 2787 2119 ψεύστης
2833 2049 2910 2111 ὡς
2963 2048 3290 2117 εὐτράπελος
3340 2048 3652 2115 λογίζεταιο
3693 2048 3789 2102 καὶ
3825 2048 3939 2119 γάρ

2378 2138 2570 2207 ψεῦδός
2603 2141 2750 2191 ἐστιν
2790 2140 3007 2209 ἀγάπης
3033 2139 3337 2209 ἀφανισμός
3357 2154 3374 2169 ⁸
3407 2140 3662 2209 ἐπιορκία
3689 2139 3769 2203 δὲ,
3792 2140 3930 2192 Θεοῦ

2380 2232 2605 2299 ἄρνησις
2627 2246 2640 2259 ·
2674 2229 2862 2298 μηδεὶς
2882 2226 2974 2283 οὖν
2993 2230 3100 2283 τῶν
3130 2227 3553 2301 εὐφρονούντων,
3587 2231 3787 2300 μικράν
3818 2248 3939 2283 τινα

2380 2320 2479 2389 τὴν
2518 2318 2612 2372 τοῦ
2657 2318 2884 2387 ψεύδους
2935 2320 3209 2388 ἁμαρτίαν
3259 2316 3399 2373 εἶναι
3424 2319 3667 2389 νομίσαν
3705 2321 3800 2373 καὶ
3831 2321 3940 2388 γὰρ

2382 2410 2514 2463 αὺτὸ
2535 2411 2597 2462 τὸ
2625 2409 2779 2477 ἅγιον
2826 2408 3050 2477 Πνεῦμα
3079 2410 3440 2480 προείρηκεν⁹
3484 2409 3749 2475 Ἄπολεῖς
3789 2408 3941 2462 κάγ-

2380 2518 2485 2565 τας
2507 2501 2647 2566 τοὺς
2665 2501 3008 2566 λαλοῦντας
3034 2501 3100 2553 τὸ
3130 2500 3375 2568 ψεῦδος.
3395 2502 3691 2570 Ὀρίζονται
3719 2502 3775 2554 δὲ
3803 2502 3939 2555 πάν,

2380 2608 2470 2655 τες
2498 2593 2579 2645 ὅτι
2614 2593 2877 2663 τρίμηνον
2920 2594 2979 2645 ὲν
3027 2591 3284 2661 μετανοίᾳ
3324 2592 3630 2645 διατελείτω
3650 2610 3665 2624 ο
3695 2595 3856 2663 ἡμεῖς
3880 2594 3941 2646 δὲ

2385 2690 2437 2753 μ’
2465 2684 2683 2753 ἡμερῶν
2721 2683 3054 2754 ξηροφαγίαν
3079 2685 3264 2753 ἄκρως
3301 2683 3420 2753 ὥρᾳ
3457 2682 3610 2753 ἕκτῃ.
3640 2685 3735 2736 καὶ
3775 2701 3943 2752 μετα-

2382 2776 2529 2836 νοίας
2551 2774 2671 2827 καθ’
2702 2775 2910 2844 ἡμέραν
2945 2773 3021 2845 ρν⁹
3046 2790 3060 2804 ·
3093 2775 3189 2828 καὶ
3220 2774 3330 2843 γάρ
3353 2773 3561 2843 φοϐερά
3584 2774 3723 2843 ὑπὲρ
3761 2775 3943 2837 πάσας

2384 2866 2418 2935 ἡ
2452 2866 2693 2934 ἁμαρτία
2721 2864 2881 2935 αῦτη.

2835 3050 2909 3110 ς’.
2946 3047 3079 3113 Περὶ
3104 3046 3490 3113 ἀχηδιαστοῦ.

2468 3136 2526 3191 '0
2554 3138 2889 3208 άκηδιαστὴς
2922 3139 2995 3198 ὡς
3017 3138 3406 3206 ἀπογινώσκων
3424 3139 3523 3208 τῆς
3553 3139 3745 3193 ἑαυτοῦ
3776 3157 3943 3209 σωτηο

2389 3230 2511 3300 ρίας
2545 3230 2849 3298 λογίζεταιο
2877 3230 2971 3283 καὶ
3001 3230 3111 3302 γὰρ
3136 3231 3331 3301 ἀκηδία
3358 3232 3505 3286 ἐστὶν
3532 3234 3816 3303 ἀσκήσεως
3855 3236 3942 3304 μῖ-

2388 3338 2478 3383 σος
2505 3321 2597 3373 τοῦ
2654 3320 2945 3391 μοξιαχικοῦ
2996 3322 3425 3390 ἐπαγγέλματος,
3460 3322 3739 3389 κοσμικῶν
3768 3339 3943 3391 μακα-

2388 3413 2623 3483 ρίοτρια,
2671 3411 2805 3465 Θεοῦ
2852 3411 3173 3483 διαϐλήτωρ,
3204 3410 3279 3474 ὡς
3323 3411 3665 3481 ἀσπλάγχνου
3691 3414 3785 3464 καὶ
3815 3415 3944 3479 ἀφι-

2386 3505 2725 3577 λανθρώπου,
2772 3505 2958 3559 ἀτονία
3002 3503 3314 3575 ψαλμῳδίας
3341 3504 3399 3556 ὲν
3439 3506 3763 3575 προσευχαῖς
3793 3504 3943 3559 ἀσθε-

2385 3596 2581 3649 νοῦσα·
2633 3597 2887 3666 ὁρίζομεν
2940 3594 2998 3647 δὲ
3058 3596 3151 3648 καὶ
3203 3594 3404 3664 ταύτην
3437 3599 3488 3664 μ’
3520 3594 3731 3663 ἡμέρας
3780 3609 3945 3663 μετα-

2384 3689 2555 3743 νοεῖν
2594 3686 2890 3755 ἑϐδομάδας
2918 3687 3065 3755 τρεῖς
3094 3684 3237 3737 οἴνου
3279 3684 3353 3755 μὴ
3382 3683 3823 3761 μεταλαμϐάνειν
3848 3684 3945 3738 καὶ

2384 3778 2596 3834 ελαίου·
2650 3776 2936 3846 μετανοίας
2981 3776 3156 3826 ποιεῖν
3204 3774 3327 3827 καθ’
3353 3774 3565 3844 ἡμέραν
3594 3781 3703 3826 ον’
3750 3774 3832 3827 ὅτι
3865 3776 3946 3837 εἰς

2388 3868 2547 3939 βυθὸν
2578 3867 2705 3939 ᾅδου
2730 3866 2955 3921 δύναται
2980 3865 3238 3935 κατάγειν
3268 3864 3329 3917 τὺ
3357 3864 3528 3928 πάθος
3556 3864 3654 3936 τῆς
3694 3866 3943 3937 ἀκηδίας.

2801 4043 2866 4107 ζ’.
2907 4042 3045 4111 Περὶ
3078 4039 3547 4110 γαστριμάργου.

2430 4137 2487 4189 Ὀ
2504 4136 2908 4205 γαστρίμαργος
2928 4134 3069 4185 ἔοικε
3085 4135 3239 4202 τάφῳ
3255 4133 3474 4201 γέμοντι
3494 4130 3802 4199 σεοηπυιῶν
3822 4148 3949 4199 σαρ-

2378 4229 2511 4283 κῶν·
2551 4226 2993 4298 γαρστριμαργία
3022 4224 3135 4277 ἐστὶ
3171 4223 3377 4286 κοιλίας
3405 4224 3706 4293 ὑπόκρισις·
3727 4240 3946 4292 κεκορεο

2378 4322 2549 4391 σμένη
2568 4315 3044 4391 γάροῦσα,ὲνδείας
3063 4317 3281 4385 ἀναϐοᾷ·
3302 4316 3392 4368 καὶ
3403 4314 3947 4383 πεφορτισμένη,πει,,

2376 4417 2473 4465 νᾶν
2500 4411 2795 4480 ἀναγκάζει
2814 4428 2828 4441 ⁸
2858 4410 3267 4479 γαστριμαργία
3296 4409 3460 4472 ἐστὶν,
3488 4408 3783 4478 ὀφθαλμῶν
3808 4410 3946 4461 άπά-

722 4496 918 4564 eeptio.
964 4495 1316 4554 Decernimus
1340 4500 1465 4552 huic
1495 4517 1709 4571 quoque
1736 4505 1869 4558 vitio
1897 4507 2121 4577 triginta
2162 4511 2277 4566 die-
2309 4496 2354 4553 D

2309 4496 2354 4553 D
2386 4520 2454 4575 τη
2479 4520 2493 4534 ·
2527 4504 2780 4573 ὁρίζομεν
2826 4501 2883 4553 δὲ
2918 4502 3013 4553 καὶ
3058 4500 3261 4569 ταύτην
3298 4501 3356 4552 ὲν
3395 4501 3686 4571 τριάκοντα
3715 4501 3943 4571 ἡμέραις

720 4602 843 4641 rum
889 4587 1132 4654 luctum;
1164 4602 1217 4644 et
1248 4591 1409 4646 unius
1441 4592 1794 4651 hebdomadre
1816 4598 2027 4653 aridum
2076 4602 2280 4659 victum

721 4678 851 4730 hora
897 4676 1039 4731 nona
1077 4694 1211 4743 ,nee
1237 4696 1341 4734 non
1388 4683 1733 4750 quotidianas
1782 4698 2084 4745 metanmas
2129 4703 2280 4747 octo-

718 4769 891 4837 ginta.
951 4769 1161 4843 Quippe
1184 4773 1448 4843 gulositas
1495 4775 1598 4829 sibi
1648 4775 1861 4833 deditos
1899 4791 2102 4838 aterno
2170 4786 2281 4854 igni

718 4860 1055 4915 transmittit.

1312 4954 1366 5010 8.
1409 4955 1485 5010 De
1514 4975 1695 5014 avaro.

796 5036 1009 5096 Avarus
1038 5042 1325 5097 insanabili
1352 5046 1540 5101 morbo
1572 5048 1802 5113 laborat,
1835 5050 1927 5119 qui
1963 5050 2277 5109 interiorem

717 5129 991 5183 hominem
1025 5132 1228 5186 exedit.
1276 5132 1516 5190 Avaritia
1548 5149 1631 5191 est
1682 5138 1951 5194 idolorum
2000 5145 2236 5199 servitus
2261 5184 2277 5211 ,

722 5220 1058 5275 inﬁdelitatis
1096 5224 1225 5287 tilia,
1260 5224 1637 5282 inﬂrmitatum
1672 5242 1988 5299 prretextus,
2023 5236 2278 5290 volunta-

715 5311 797 5364 ria
842 5312 1135 5380 apostasia.
1189 5310 1331 5369 Huic
1378 5314 1503 5369 item
1556 5316 1900 5374 decernimus
1956 5324 2272 5391 quadrime-

716 5413 880 5454 strem
910 5403 1281 5471 paenitentiam
1309 5444 1324 5468 ,
1371 5407 1728 5477 quadraginta
1798 5411 2008 5465 dierum
2066 5415 2277 5470 aridum

716 5494 919 5547 victum
956 5495 1087 5548 hora
1122 5511 1264 5550 nona
1287 5536 1303 5561 ,
1333 5506 1388 5551 et
1409 5500 1761 5568 quotidianas
1786 5513 2087 5559 melanceas
2119 5508 2283 5575 quin-

717 5588 1008 5657 quaginta;
1049 5602 1172 5642 cum
1206 5589 1278 5645 sit
1302 5590 1492 5646 vitium
1521 5595 1755 5649 animam
1787 5610 2134 5655 consumens.

790 5770 808 5800 ⁸
839 5771 991 5826 Psal.
1033 5790 1082 5836 ιι,
1106 5772 1157 5827 5.
1217 5772 1391 5828 ‘Psal.
1429 5789 1479 5835 v,
1516 5774 1565 5827 7.

2388 4597 2736 4671 προσκλαίειν
2757 4612 2774 4626 ’
2809 4593 3077 4663 ἑϐδομάδα
3118 4593 3245 4662 μίαν
3283 4590 3611 4663 ξηροφαγεῖν
3649 4592 3769 4663 ὥρα
3796 4592 3945 4645 ἐννά-

2387 4705 2453 4757 τῃ
2480 4704 2493 4718 ·
2527 4687 2699 4740 ποιεῖν
2732 4684 3014 4755 μετανοίας
3054 4684 3176 4737 καθ’
3207 4684 3421 4754 ἡμέραν
3455 4690 3541 4736 π’⁶
3574 4684 3658 4735 ὅτι
3701 4683 3780 4755 τῷ
3810 4685 3941 4736 abt-

2386 4779 2484 4849 νίῳ
2512 4778 2644 4848 πυρὶ
2671 4778 3027 4849 παραπέμπει
3050 4778 3175 4839 τοὺς
3205 4775 3556 4846 πειθομένους
3584 4775 3744 4845 αὐτῇ.

2836 4960 2909 5025 η’.
2943 4955 3076 5022 Περὶ
3100 4954 3490 5024 φιλαργύρου.

2467 5048 2523 5102 ’0
2560 5048 2895 5121 φιλάργυρος
2948 5049 3094 5100 νοσεῖ
3133 5046 3286 5099 νόσον
3330 5046 3570 5107 ἀνίατον,
3614 5043 3940 5097 δαπανῶσαν

2379 5141 2472 5194 τὸν
2533 5140 2681 5202 ἐντὸς
2725 5139 3042 5207 ἀνθρωπονο
3090 5137 3424 5207 φιλαργυρία
3481 5137 3652 5198 ἐστὶν,
3705 5134 3935 5189 εἰδώλων

2380 5227 3035 5301 προσκύνησις,ἀπιστίας
3062 5227 3327 5299 θυγάτηρ,
3361 5226 3656 5281 ἀσθενειῶν
3673 5226 3942 5297 προφασί-

2390 5339 2549 5392 στρια
2576 5362 2593 5385 ,
2624 5312 2869 5384 ὲκόυσίος
2910 5318 3226 5390 παραϐάτης
3250 5335 3262 5347 ·
3310 5318 3563 5390 ὁρίζομεν
3593 5318 3650 5371 δὲ
3684 5317 3778 5373 καὶ
3810 5315 3943 5368 ταύ-

2386 5432 2508 5483 την,
2539 5415 2874 5484 τετράμηνον
2900 5414 2958 5486 ἐν
2982 5412 3236 5482 μετανοίᾳ
3266 5406 3426 5475 εἶναι,
3451 5413 3665 5481 ἡμέρας
3697 5416 3749 5480 μ’
3779 5409 3941 5479 ξηρο-

2390 5510 2586 5575 φαγεῖν
2611 5506 2729 5579 ὥρᾳ
2762 5506 2827 5569 θ’,
2863 5506 3148 5575 μετανοίας
3173 5507 3346 5557 ποιεῖν
3374 5502 3497 5558 καθ’
3525 5503 3737 5577 ἡμέραν
3760 5509 3803 5557 ν’
3823 5520 3837 5535 ο
3869 5502 3943 5566 ὣς

2390 5598 2483 5655 τοῦ
2508 5597 2710 5661 πάθους
2733 5596 3043 5661 ἐκκαίοντος
3080 5594 3177 5664 τὴν
3204 5594 3401 5664 ψυχήν.
