4188 6492
302 420 437 490 1725

754 536 819 592 θ’.
852 539 989 607 Περί
1014 539 1406 608 ἀναισθήτου.

379 630 440 683 Ὀ
469 627 794 698 ἀναίσθητος
831 630 974 684 ἔοικε
1021 633 1154 703 λίθῳ
1185 635 1460 706 όξυγὼνῳ,
1488 638 1739 709 κρούοντι
1773 642 1864 696 καὶ

300 721 376 792 μὴ
400 721 756 791 διαλυομένῳ.
802 723 1153 802 Ἀναισθησία
1174 728 1293 779 ἐστὶ
1334 728 1603 798 νέκρωσις
1657 732 1859 802 μελῶν,

294 813 707 884 δαιμονιώντων·
725 814 951 886 ἀδελφὴ,
986 816 1290 886 μεθυόντων
1325 821 1546 891 ὁμόνοια
1565 839 1579 853 ·
1610 823 1863 895 ὁρίζομεν

296 905 356 958 δὲ
389 905 484 957 καὶ
513 903 735 974 ταύτην,
766 905 1051 978 διμηναῖον
1081 909 1433 977 προσκλαίειν
1474 914 1685 983 χρόνον,
1718 916 1860 986 ὴμέ-

297 1013 400 1064 ρας
429 993 504 1048 κε’
534 995 713 1050 ἐλαίου
740 998 834 1050 καὶ
863 999 1022 1067 μόνου
1049 1003 1508 1074 μεταλαμϐάνειν,
1535 1007 1642 1059 τῶν
1665 1007 1721 1060 δὲ
1749 1007 1859 1060 λοι-

295 1084 417 1144 πῶν
455 1088 778 1158 ἀπέχεσθαι,
812 1091 986 1142 ποιεῖν
1036 1095 1325 1161 μετανοίας
1377 1095 1495 1150 καθ’
1533 1097 1745 1168 ἡμέραν
1776 1105 1857 1170 pt-

296 1181 392 1233 καὶ
415 1181 523 1252 γὰρ
550 1183 579 1235 ό
606 1180 930 1253 ἀναίσθητος
955 1184 1180 1241 δύναται
1211 1187 1393 1259 βαλεῖν
1415 1189 1507 1242 τὸν
1529 1189 1754 1260 ἀδελφὸν
1779 1191 1862 1255 είς

297 1269 591 1344 βάραθρον.

771 1365 822 1421 ι’.
857 1369 998 1436 Περὶ
1028 1370 1376 1436 κενοδόξου.

379 1455 437 1509 Ὀ
472 1456 748 1522 κενόδοξος
775 1459 850 1524 ὡς
877 1460 1225 1530 ὑπερήφανος
1261 1463 1676 1531 καταλογίζεται
1698 1479 1714 1494 ·
1764 1467 1859 1520 καὶ

293 1545 460 1615 γὰρὴ
494 1547 766 1611 κενοδοξία
796 1550 932 1615 ἐστὶ,
964 1551 1105 1604 κατὰ
1132 1552 1229 1622 μὲν
1260 1553 1320 1606 τὸ
1349 1547 1487 1617 εἳδος
1518 1555 1730 1622 φύσεως
1767 1557 1855 1609 ὲν-

1455 432 1515 492 S.
1554 432 1940 494 THEODORI
1987 435 2327 496 STUDlT/E

3392 431 3525 495 1726

2531 549 2587 604 9.
2631 551 2704 605 De
2738 550 2961 618 torpida.

2037 640 2667 711 Torpidns‘assitnilatur
2711 643 2872 711 lapidi
2916 640 3089 696 acutis
3138 641 3351 711 angulis
3392 657 3529 710 prte-

1963 735 2096 800 dito,
2125 735 2217 806 qui
2243 736 2493 803 percutit,
2518 748 2692 804 neque
2721 746 2899 789 tamen
2932 735 3046 804 ipse
3086 732 3526 804 frangitur.Tor-

1962 827 2101 898 pedo
2154 826 2500 881 mortilicatio
2572 826 2955 881 membrorum
3011 835 3135 888 est,
3193 825 3522 881 furiosorum

1961 918 2316 988 germanitas,
2343 915 2619 970 ebriorum
2653 916 2970 969 concordia.
3013 915 3362 970 Decernimus
3397 915 3525 968 huic

1961 1011 2122 1064 etiam
2171 1009 2304 1062 vitio
2333 1008 2646 1062 bimestrem
2687 1007 2906 1067 fletum.
2953 1016 3006 1060 et
3046 1023 3141 1076 per
3184 1007 3302 1060 dies
3334 1006 3524 1076 viginti

1963 1100 2128 1155 unius
2152 1097 2254 1152 olei
2286 1113 2445 1151 usuin
2469 1136 2484 1161 ,
2517 1096 2900 1150 abstinentiam
2933 1111 2961 1149 a
2989 1096 3222 1160 caeteris,
3259 1105 3312 1149 et
3342 1096 3524 1164 quoti-

1961 1193 2153 1247 dianas
2226 1197 2524 1243 metanmas
2570 1197 2806 1242 centum.
2863 1185 3061 1257 Utique
3119 1187 3365 1256 torpidus
3414 1186 3524 1243 fra-

1960 1294 2096 1339 trem
2123 1296 2283 1338 suum
2311 1280 2364 1333 in
2398 1278 2713 1332 barathrum
2745 1279 3015 1347 conjicere
3045 1287 3234 1348 potest.

2307 1371 2392 1426 10.
2427 1370 2504 1425 De
2532 1371 2707 1424 inanis
2741 1370 2926 1440 gloria:
2954 1370 3165 1439 cupido.

2025 1465 2208 1521 inanis
2262 1465 2446 1535 gloria:
2495 1463 2725 1532 cupidus
2776 1462 2997 1531 superbi
3045 1461 3218 1516 instar
3266 1461 3516 1516 habetur.

1956 1558 2204 1629 Namque
2233 1558 2416 1613 inanis
2465 1557 2648 1627 gloria:
2695 1553 3002 1624 cupiditas,
3056 1555 3234 1624 specie
3274 1554 3515 1623 quidem,

293 1637 529 1708 αλλαγὴ,
589 1640 681 1692 καὶ
726 1640 873 1710 ὴθῶν
932 1640 1265 1713 διαστροφὴ,
1321 1644 1418 1706 καὶ
1475 1648 1858 1717 παρατήρησις

1956 1661 2163 1705 natura:
2188 1657 2273 1704 est
2301 1648 2627 1712 immutatio,
2660 1663 2875 1701 morum
2908 1645 3208 1715 perversio,
3236 1644 3514 1714 vitupera-

297 1729 578 1798 μέμψεων,
609 1732 986 1803 ὑπερηφανίας
1015 1734 1260 1806 τρίϐολος
1286 1737 1534 1806 ἐργασία.
1575 1738 1856 1810 Ὀρίζομεν

1957 1744 2164 1797 tionum
2198 1742 2455 1811 captatio,
2489 1739 2757 1810 superbia:
2787 1738 3061 1794 senticosa
3086 1736 3347 1806 operatio.
3378 1736 3518 1792 Huic

292 1819 350 1871 δὲ
379 1821 473 1872 καὶ
505 1821 709 1891 ταύτην
735 1823 792 1875 ἐν
813 1823 857 1875 λ’
883 1825 1117 1895 ἡμέραις
1156 1827 1525 1896 προσκλαίειν,
1557 1829 1855 1901 ἑϐδομάδας
1887 1887 1925 1903 ἢ

1887 1887 1925 1903 ﬁ
1957 1847 2170 1903 quoque
2224 1831 2568 1886 decernimus
2613 1830 2834 1899 triginta
2875 1828 3087 1882 dierum
3127 1827 3342 1892 ﬂetum,
3377 1826 3517 1879 dua—

292 1908 387 1960 δὺο
440 1911 624 1979 ἄκρως
678 1912 1008 1981 ξηροφαγεῖν
1061 1915 1179 1986 ὥρᾳ
1224 1915 1288 1980 θ’,
1347 1918 1635 1986 μετανοίας
1681 1922 1855 1972 ποιεῖν

295 2002 659 2145 καὲὶήμέραν
699 2012 810 2076 ρμ’,
847 2005 922 2070 ὡς
968 2006 1220 2078 δαίμονος
1257 2009 1430 2063 αίτιον
1455 2009 1516 2064 τὸ
1548 2010 1718 2076 πάθος
1759 2012 1855 2068 καὶ

295 2109 370 2145 πο
406 2109 576 2145 ςενον.

292 2109 576 2163 προςενον.

695 2295 779 2351 ια’.
815 2300 951 2367 Περὶ
975 2299 1175 2356 δειλοῦ
1208 2302 1450 2373 (λείπει).

724 2389 812 2460 ιβ’.
838 2393 973 2459 Περὶ
1010 2394 1417 2463 ὑπερηφάνου.

391 2483 432 2532 Ο
477 2481 824 2552 ὑπερήφανος
873 2484 1056 2553 ὅμοιός
1087 2488 1202 2538 ἐστι
1232 2487 1309 2557 τῷ
1346 2487 1577 2559 διαϐόλῳ
1605 2486 1682 2558 τῷ
1711 2487 1853 2542 κατᾶ

289 2569 425 2624 Θεοῦ
462 2573 854 2642 τραχηλίσαντι
878 2591 890 2602 ·
929 2576 1155 2647 καὶγὰρ
1188 2577 1528 2648 ὑπερηφανία
1571 2578 1685 2632 ἐστὶ
1718 2578 1850 2632 Θεοῦ

290 2663 538 2734 ἄρνησις,
578 2666 846 2735 δαιμόνων
876 2668 1116 2740 εῧρημα,
1153 2672 1500 2736 ὲξουδένωσις
1527 2671 1848 2743 ἀνθρώπων,

289 2753 667 2821 κατακρίσεως
699 2756 904 2825 μήτηρ,
929 2757 1102 2826 θυμοῦ
1134 2760 1304 2829 πηγὴ,
1335 2762 1672 2831 ὑποκρίσεως
1702 2762 1848 2832 ῥίζα·

287 2843 543 2912 ὁρίζομεν
573 2848 667 2898 καὶ
694 2847 897 2916 ταύτην
923 2848 980 2901 ἐν
1009 2848 1068 2913 ἒξ
1101 2855 1230 2919 μησ“ι
1259 2852 1610 2922 προσκλαίειν
1631 2857 1695 2923 τῇ
1719 2854 1850 2925 ἁγίᾳ

289 2936 582 3007 ἐκκλησία·
622 2938 921 3008 ἑϐδομάδας
952 2939 992 2994 δ’
1036 2942 1363 3012 ξηροφαγεῖν
1393 2945 1576 3014 ἄκρως
1611 2944 1730 3018 ὥρᾳ
1762 2948 1849 2999 ὲν-

288 3030 420 3099 νάτῃ
447 3047 460 3059 ·
490 3029 611 3084 καθ’
645 3033 856 3106 ἡμέραν
888 3035 1172 3104 μετανοίας
1206 3041 1300 3104 ρο⁸.

734 3145 822 3215 ιγ’.
854 3147 989 3214 Περί
1011 3148 1406 3216 βλασφήμου.

1956 1923 2058 1978 bus
2123 1921 2482 1977 hebdomadis
2552 1919 2764 1974 aridum
2826 1933 3053 1988 prorsus
3110 1917 3316 1971 victum
3380 1915 3516 1969 hora

1955 2029 2119 2078 nona,
2165 2024 2218 2067 et
2276 2023 2573 2067 metanmas
2618 2009 2964 2080 quotidianas
3010 2017 3227 2063 centum
3289 2007 3518 2077 quadra-

1954 2104 2124 2172 ginta.
2162 2101 2405 2172 Namque
2439 2103 2543 2156 hoc
2571 2100 2761 2154 vitium
2802 2115 3024 2155 causam
3063 2098 3294 2154 dminoni
3322 2112 3518 2167 suppe-

1953 2195 2090 2250 ditat
2113 2203 2167 2248 et
2200 2194 2516 2264 hospitium.

2306 2307 2391 2360 H.
2433 2307 2509 2360 De
2537 2307 2720 2362 timido
2752 2304 2913 2373 (deest
2947 2303 2999 2356 in
3030 2301 3194 2363 cod.).

2482 2398 2567 2452 13.
2632 2397 2709 2452 De
2742 2397 2984 2465 superbo.

2025 2488 2304 2558 Superbus
2336 2489 2528 2543 similis
2577 2488 2792 2543 diabolo
2821 2497 2940 2550 est,
2997 2485 3088 2555 qui
3132 2484 3244 2538 Deo
3294 2480 3512 2537 restitit.

1951 2579 2084 2634 Nam
2119 2579 2372 2648 superbia
2403 2578 2617 2647 negatio
2651 2576 2745 2631 Dei
2776 2584 2878 2636 est,
2912 2576 3216 2628 daemonum
3253 2569 3508 2635 inventio,

1954 2673 2236 2727 hominum
2279 2671 2460 2735 ruina,
2489 2669 2852 2723 damnationis
2884 2675 3080 2728 mater,
3113 2665 3207 2718 ira:
3236 2663 3380 2723 fons,
3416 2662 3514 2730 hy-

1952 2764 2227 2834 pocriseos
2259 2761 2434 2815 radix.
2469 2759 2606 2814 iluic
2648 2760 2776 2814 item
2807 2757 3155 2812 decernimus
3195 2760 3513 2809 semestrem

1951 2855 2135 2910 ﬂetum
2166 2853 2221 2906 in
2250 2861 2437 2907 sancta
2467 2851 2717 2910 ecclesia,
2752 2859 2986 2917 quatuor
3021 2842 3373 2900 hebdomadis
3403 2841 3514 2894 ari-

1951 2949 2144 3002 dorum
2176 2947 2423 3000 strictum
2458 2959 2623 2998 usum
2670 2943 2802 2996 hora
2848 2955 3015 3003 nona,
3065 2947 3123 2993 et
3166 2937 3514 3008 quotidianas

1951 3048 2248 3094 motanmas
2282 3033 2624 3106 septuaginta
2652 3048 2815 3102 supra
2849 3042 3096 3087 centum.

2453 3151 2540 3204 13.
2588 3148 2659 3201 De
2688 3147 3007 3215 blasphemo.

366 3237 426 3290 Ὀ
454 3210 860 3308 βλάσφημοςτῇ
890 3210 986 3290 τοῦ
1020 3239 1155 3291 Κάῖν
1187 3210 1376 3309 ⁷μερίδι
1403 3238 1843 3307 καταλογίζεται·
1876 3210 1918 3269 c

1876 3210 1918 3269 ο
2023 3242 2380 3312 Blasphemus
2438 3241 2490 3294 in
2540 3240 2692 3295 Caini
2744 3210 2992 3309 partibus
3030 3245 3332 3305 reputatur.
3385 3231 3511 3289 Dira

287 3329 497 3399 χαλεπὴ
538 3329 647 3399 γὰρ
698 3331 732 3397 ἡ
780 3330 904 3400 ῥίζα
953 3331 1052 3406 τῇς
1105 3332 1400 3400 σατανικῆς
1446 3331 1844 3401 ὑπερηφανίας,

287 3421 504 3491 ἀδελφοί
528 3438 542 3451 ·
566 3421 646 3473 διὸ
670 3420 964 3487 ἀναγκαῖον
993 3419 1162 3491 αὑτὴν
1189 3423 1267 3484 εἰς
1299 3421 1462 3490 μέσον
1489 3421 1756 3491 ἀχθῆναι·
1785 3423 1846 3475 οὑ

286 3514 394 3584 γὰρ
429 3513 538 3565 τῶν
575 3513 868 3582 τυχόντων,
892 3511 1028 3566 ἀλλά
1064 3530 1128 3581 γε
1159 3512 1336 3583 πολλῴ
1373 3513 1570 3583 μᾶλλον
1598 3513 1846 3584 χαλεπώ-

287 3620 441 3674 τερος
494 3604 521 3655 ὁ
573 3603 769 3672 ὲχθρδς
825 3605 1041 3656 πάντων
1089 3602 1445 3656 καθίσταται·
1497 3604 1748 3676 ὁρίζομεν
1791 3604 1848 3656 δὲ

289 3693 638 3760 προσκλαίειν
663 3692 821 3764 μέχρι
845 3691 1236 3762 κατορθώσεως
1259 3693 1352 3746 τοῦ
1375 3693 1599 3760 πάθους,
1624 3694 1850 3747 ἀκοινώ-

288 3802 446 3854 νητον
488 3781 650 3846 εἶναι,
699 3787 1028 3854 ξηροφαγεῖν
1073 3784 1225 3854 ἡλίου
1257 3786 1509 3855 δυσμαῖς,
1560 3787 1850 3854 μετανοίας

290 3880 461 3929 ποιεῖν
484 3877 602 3930 καθ’
626 3876 836 3948 ἡμέραν
855 3873 920 3938 τ’,
950 3876 1142 3947 μέχρις
1160 3876 1225 3930 ἂν
1247 3878 1456 3948 ἀποστῇ
1477 3879 1572 3947 τῆς
1591 3877 1847 3948 ἀθεμίτου

291 3966 654 4036 βλασφημίας.

765 4079 843 4134 ιδ’.
871 4081 1008 4149 Περὶ
1037 4081 1364 4150 θυμώδους.

370 4172 429 4225 Ὀ
458 4171 714 4241 θυμώδης
747 4171 891 4223 ἔοικε
932 4172 1309 4238 δαιμονιῶντι·
1343 4172 1512 4242 θυμὸς
1559 4174 1666 4244 γάρ
1703 4175 1849 4229 ἐστιν

288 4262 502 4332 ἑταιρία
547 4261 834 4331 δαιμόνων.
904 4261 1084 4330 Ἀνὴρ
1121 4263 1413 4332 θυμώδης,
1459 4268 1570 4319 οὐκ
1626 4267 1850 4336 εὐσχή-

282 4370 413 4422 μων
439 4353 488 4384 ⁸·
517 4354 544 4405 ό
566 4352 732 4421 θυμὸς
765 4352 906 4406 ἔστω
941 4370 1022 4405 σοι
1055 4355 1197 4407 κατὰ
1234 4355 1397 4423 μόνου
1427 4356 1520 4410 τοῦ
1553 4358 1749 4426 ὄφεως,
1781 4359 1848 4413 δι’

287 4445 346 4500 ὃν
392 4445 689 4510 ἐξέπεισας·
729 4445 982 4516 ὁρίζομεν
1021 4447 1076 4498 δὲ
1126 4444 1179 4516 μ’
1213 4447 1426 4518 ἡμέρας
1475 4450 1845 4518 προσκλαίειν,

289 4538 556 4607 ἑϐδομάδα
582 4537 745 4606 τυροῦ
780 4539 873 4590 καὶ
898 4537 1005 4590 ὼοῦ
1037 4541 1129 4591 καὶ
1149 4540 1291 4593 οίνου
1321 4541 1413 4592 καὶ
1439 4541 1617 4594 ἐλαίου
1649 4543 1848 4613 ἀπέχε-

1952 3345 2036 3391 est
2056 3337 2229 3401 enim,
2254 3335 2468 3399 fratres,
2489 3333 2756 3387 Satanira:
2783 3330 3050 3400 superbiae
3091 3328 3240 3382 radix
3271 3347 3283 3382 :
3319 3341 3514 3396 quam-

1953 3431 2140 3483 obrem
2211 3444 2330 3484 eam
2385 3428 2438 3481 in
2475 3436 2723 3496 apertum
2774 3425 3080 3494 producere
3122 3435 3346 3476 necesse
3386 3427 3509 3473 est:

1954 3518 2395 3589 quandoquidem
2431 3519 2572 3571 haud
2609 3517 2846 3585 vulgaris
2879 3522 2963 3569 est
3002 3514 3178 3568 hostis
3207 3552 3222 3576 ,
3268 3509 3360 3565 sed
3393 3525 3512 3563 oni-

1955 3611 2104 3665 niutn
2137 3611 2489 3679 asperrimus.
2535 3608 2887 3662 Decernimus
2935 3606 3208 3658 hominem
3243 3598 3512 3671 ejusmodi

1954 3699 2008 3754 in
2056 3699 2184 3754 ﬂetu
2217 3698 2422 3754 versari
2459 3697 2636 3766 quoad
2689 3697 2779 3750 hic
2825 3696 3049 3750 morbus
3089 3703 3328 3755 sanetur,
3357 3699 3511 3748 extra

1953 3790 2395 3844 communionem
2435 3803 2579 3850 esse,
2606 3787 2775 3843 aridis
2807 3785 2949 3840 vesci
2982 3784 3082 3839 sub
3127 3783 3260 3837 solis
3290 3797 3508 3843 occasu,

1954 3894 2004 3936 et
2028 3879 2374 3950 quotidianas
2400 3878 2577 3933 facere
2608 3887 2904 3933 metaumas
2931 3883 3222 3940 trecentas,
3244 3872 3416 3927 donec
3443 3871 3512 3924 ab

1955 3973 2120 4042 impia
2153 3970 2487 4039 blasphemia
2516 3970 2755 4025 recedat.

2482 4082 2570 4135 Η.
2615 4080 2689 4134 De
2723 4079 3000 4135 iracundo.

2023 4175 2323 4232 Iracundus
2352 4173 2549 4228 similis
2589 4182 2673 4228 est
2714 4173 3044 4228 daemonium
3076 4169 3324 4235 habenti;
3358 4183 3514 4222 nam-

1954 4283 2061 4338 quc
2106 4269 2183 4321 ira
2221 4268 2613 4320 thetnoniorum
2645 4266 2910 4319 sodalitas
2939 4271 3040 4317 est.
3095 4261 3189 4314 Vir
3221 4258 3509 4314 iracundus

1956 4375 2058 4412 non
2095 4369 2169 4410 est
2197 4357 2414 4410 decorus
2441 4358 2482 4410 ³.
2532 4357 2614 4409 Ira
2663 4355 2757 4409 tibi
2804 4356 2875 4410 sit
2904 4355 3160 4409 adversus
3203 4359 3509 4421 serpentem

1958 4449 2334 4503 tantummodo
2396 4447 2553 4515 cujus
2613 4461 2779 4502 causa
2837 4443 3102 4503 cecidisti.
3162 4440 3512 4496 Decernimus

1958 4538 2314 4610 quadraginta
2357 4537 2565 4591 dierum
2611 4535 2796 4590 fletum
2821 4573 2837 4597 ,
2883 4542 2937 4588 et
2975 4548 3082 4586 una
3112 4528 3445 4589 hebdomada
3477 4543 3510 4582 a

290 4629 443 4689 σθαι,
474 4629 760 4698 μετανοίας
811 4631 984 4681 ποιεῖν
1041 4630 1156 4682 καθ’
1207 4632 1416 4701 ἡμέραν
1474 4640 1516 4703 ρ’
1542 4650 1556 4665 ·
1587 4635 1696 4688 Καί
1740 4638 1849 4704 γὰρ
1885 4633 1929 4686 D

1885 4633 1929 4686 ι)
1958 4645 2142 4693 caseo,
2175 4629 2312 4692 ovis,
2343 4628 2490 4692 vino,
2521 4625 2748 4695 oleoque
2776 4624 3051 4678 abstinere
3072 4663 3086 4686 ,
3131 4632 3183 4676 et
3213 4631 3511 4676 metanoeas

280 4717 443 4785 ,ῥοπὴ
484 4717 588 4771 τοῦ
615 4717 804 4785 θυμοῦ
839 4718 1045 4781 αὐτοῦ,
1070 4719 1297 4787 πτῶσις
1325 4722 1484 4788 αὺτῷ
1501 4724 1630 4777 ἐστι
1655 4727 1675 4757 ⁸
1700 4742 1714 4756 ·
1750 4727 1848 4780 καί

288 4808 434 4878 ὀργὴ
465 4809 775 4862 ἀπόλλυσι
799 4807 897 4861 καί
919 4811 1265 4878 φρονίμους.

793 4921 874 4978 ιε’.
905 4923 1039 4991 Περί
1067 4923 1333 4994 ὀργίλου.

375 5027 433 5084 ’0
453 5030 800 5102 ὀργιζόμενος
841 5033 1024 5101 δμοιος
1069 5029 1182 5096 τοῖς
1218 5034 1310 5087 τοῦ
1361 5035 1557 5106 Ἰωσὴφ
1599 5037 1844 5108 ἀδελφοῖς

1952 4732 2165 4778 centum
2198 4720 2439 4792 quotidie
2470 4718 2667 4772 facere.
2703 4715 2909 4770 Etenim
2953 4717 3173 4780 impetus
3215 4714 3311 4767 ira:
3352 4712 3466 4780 ejus
3492 4748 3510 4774 ,

1947 4815 2106 4868 ruina
2133 4813 2294 4882 ipsius
2322 4819 2419 4864 est.
2455 4809 2517 4863 Et
2539 4809 2620 4862 ira
2645 4808 2813 4878 perdit
2834 4807 2993 4860 etiam
3021 4807 3300 4874 prudentes
3323 4805 3365 4858 ⁵.

2263 4923 2348 4977 15.
2391 4921 2467 4976 De
2494 4937 2553 4975 eo
2593 4921 2682 4990 qui
2732 4919 2888 4988 facile
2919 4919 3190 4971 irascitur.

2022 5033 2122 5100 Qui
2168 5035 2422 5089 irascitur
2468 5033 2662 5088 similis
2714 5041 2798 5087 est
2835 5029 3054 5101 Josephi
3092 5030 3373 5086 fratribus.
3417 5029 3510 5084 Est

288 5124 622 5192 καθέστηκεν
639 5123 794 5193 ·όργὴ
814 5125 920 5193 γάρ
944 5127 1061 5177 ἐστι
1085 5126 1395 5195 φρονήσεως
1424 5127 1724 5201 διαρπαγὴ,
1753 5133 1846 5185 καὶ

1954 5127 2099 5181 enim
2151 5127 2231 5182 ira
2275 5124 2581 5179 intellectus
2631 5122 2894 5191 direptio,
2947 5122 3225 5190 tranquilli
3277 5122 3504 5175 fratrum

291 5215 673 5277 καταστάσεως
701 5215 947 5284 ἀδελφῶν
977 5217 1373 5288 ὲκτρεποσύνη,
1403 5220 1498 5272 καὶ
1531 5221 1848 5292 ἠγριωμένη

1948 5228 2124 5273 status
2154 5217 2385 5281 eversio,
2407 5226 2460 5270 et
2491 5231 2646 5270 saevae
2675 5216 2918 5286 quaedam
2946 5215 3276 5283 compaginis
3307 5213 3503 5268 forma.

293 5307 476 5377 μορφὴ
523 5307 791 5375 κράσεως.
853 5307 1135 5378 Ὀρίζομεν
1179 5309 1236 5362 δὲ
1280 5309 1369 5362 τὸν
1413 5311 1627 5381 ὀργίλον
1679 5314 1850 5382 μῆνας

1949 5308 2303 5364 Decernimus
2347 5322 2523 5377 prono
2573 5307 2640 5361 ad
2683 5307 2818 5360 iram
2855 5307 3164 5361 bimestrcm
3208 5306 3414 5371 ﬂetum,
3454 5315 3508 5360 et

288 5398 383 5451 δύο
410 5396 784 5467 προσκλαίειν,
815 5403 867 5466 μ’
887 5399 1100 5469 ἡμέρας
1129 5400 1456 5470 ξηροφαγεῖν
1481 5402 1598 5472 ὥρα
1627 5403 1842 5472 ὲννάτῃ,

1953 5400 2310 5469 quadraginta
2353 5399 2545 5454 diebus
2591 5399 2747 5453 arido
2786 5397 2908 5451 cibo
2943 5399 3018 5451 uti
3064 5400 3189 5451 hora
3236 5412 3400 5460 nona,
3453 5406 3506 5448 et

294 5489 576 5559 μετανοίας
597 5489 770 5541 ποιεῖν
794 5486 836 5541 o’
859 5505 873 5519 °
904 5491 996 5543 τὸν
1022 5490 1130 5561 γὰρ
1150 5492 1502 5562 ὀργιζόμενον
1528 5494 1604 5561 τῷ
1635 5493 1844 5562 ἀδελφῷ

1955 5501 2251 5546 metanmas
2278 5490 2453 5544 facere
2480 5491 2760 5545 ducentas.
2793 5487 3030 5558 Namque
3062 5490 3372 5541 irascentem
3392 5486 3506 5554 fra-

291 5579 454 5631 αὑτοῦ
485 5582 511 5632 ὁ
537 5579 741 5649 Κύριος
773 5579 971 5649 ἔφησεν
985 5579 1174 5652 ’ἔνοχον
1198 5578 1336 5636 εἶναι
1374 5585 1470 5654 τῆς
1497 5585 1767 5649 κολάσεως
1786 5585 1804 5615 ⁷
1827 5603 1840 5615 ·

291 5667 412 5722 ὅθεν
438 5671 530 5722 καὶ
562 5671 622 5724 τὸ
657 5671 859 5742 πτῶμα
895 5673 1120 5744 φοϐερόν
1152 5676 1314 5727 ἐστιν.

349 5873 366 5904 ⁸
403 5872 558 5929 Prov.
593 5888 674 5936 ιι..
707 5873 794 5928 25.
826 5893 902 5947 5r.
983 5879 1000 5908 ‘
1031 5873 1198 5932 Eccli.
1229 5894 1264 5943 I,
1293 5879 1352 5934 19
1376 5896 1453 5948 gr.
1528 5880 1748 5934 'Matth.
1780 5880 1936 5943 v,22.

1954 5586 2020 5636 tri
2069 5599 2162 5636 suo
2209 5581 2464 5636 Dominus
2516 5598 2660 5636 reum
2705 5596 2867 5652 paene
2912 5580 3077 5651 agit".
3125 5579 3304 5645 Quare
3347 5576 3503 5645 culpa

1951 5674 2305 5730 formidabilis
2332 5683 2436 5729 est.
