4188 6494
707 373 837 442 i721

1241 495 1328 550 16.
1375 496 1446 552 De
1481 501 1726 558 tristitia.

775 577 1021 634 Tristitia
1044 583 1324 641 demersus
1357 591 1551 645 similis
1582 606 1666 648 est
1690 597 1896 654 homini
1929 604 2021 671 qui
2048 605 2100 658 in
2130 609 2265 662 mari

703 677 1079 736 tempestatem
1123 678 1348 744 patitur.
1383 681 1628 738 Tristitia
1663 698 1748 743 est
1772 692 1968 747 animae
1994 697 2218 751 ariditas
2252 715 2264 750 :

721 756 828 812 Viri
874 763 1008 814 enim
1037 765 1207 818 tristis
1255 772 1590 826 exsiccantur
1649 794 1767 831 oua
1790 780 1833 834 ⁸.
1887 782 1952 837 Et
1995 785 2267 842 tristitiam

701 847 854 917 longe
885 854 1072 920 repelle
1119 873 1150 908 a
1201 862 1311 913 te’.
1345 859 1698 922 Decernimus
1753 870 2028 928 hominem
2075 878 2265 945 hujus-

704 941 845 994 modi
871 942 1264 1002 incessantibus
1296 954 1544 1019 precibus
1576 960 1713 1025 apud
1740 962 1910 1017 altare
1938 965 2086 1030 ﬂere,
2123 985 2262 1037 quo-

702 1031 834 1085 tidie
882 1044 1182 1092 metantnas
1228 1053 1450 1097 centum
1498 1049 1893 1120 quinquaginta
1946 1031 2160 1123 facere,
2212 1072 2266 1118 et

701 1123 1042 1193 quingenties
1067 1129 1247 1184 dicere
1275 1149 1289 1185 :
1321 1133 1558 1202 Domine,
1585 1141 1848 1198 miserere.
1875 1146 2010 1202 Nam
2044 1152 2264 1210 tristitia

699 1224 874 1282 potest
905 1217 970 1271 ad
1002 1218 1394 1290 blasphemiam
1428 1227 1724 1296 impellere.

1223 1312 1307 1366 l7.
1342 1313 1419 1367 De
1441 1317 1730 1376 homicida.

769 1391 1048 1450 Homicida
1116 1400 1249 1471 legis
1311 1407 1530 1474 quidem
1591 1415 1904 1484 praescripto
1973 1421 2259 1478 moriatur.

701 1479 804 1536 Sed
841 1496 1062 1540 sanctus
1089 1488 1328 1548 Basilius
1365 1497 1493 1553 huic
1525 1516 1794 1563 annorum
1827 1509 2137 1576 quindecim
2168 1515 2260 1570 ﬂe-

698 1581 810 1628 tum
848 1579 1149 1644 constituit,
1185 1593 1238 1638 et
1273 1588 1441 1644 aridis
1475 1591 1720 1650 districte
1753 1600 1899 1653 vesci
1931 1601 2057 1656 hora
2092 1620 2255 1672 nona,

696 1675 747 1717 et
774 1676 927 1724 extra
962 1678 1400 1732 communionem
1447 1698 1688 1740 manete.
1730 1686 1840 1744 Nos
1867 1695 1932 1745 ad
1965 1696 2256 1753 triennium

697 1770 964 1811 canonem
1001 1763 1146 1816 hunc
1192 1766 1511 1836 redigimus,
1545 1776 1813 1844 siquidem
1844 1785 2172 1849 partiituerit,
2203 1797 2257 1841 et

695 1846 915 1901 alllictio
960 1851 1079 1917 ejus
1126 1870 1403 1924 appareat.
1437 1861 1590 1928 Quod
1631 1870 1675 1920 si
1711 1846 1923 1937 pinnam
1977 1875 2116 1931 hanc
2160 1846 2254 1932 ne-

694 1935 942 2006 glexerit,
987 1942 1296 2010 quindecim
1337 1952 1496 2006 annis
1526 1954 1660 2019 luat,
1689 1935 1848 2026 prout
1877 1978 2108 2032 magnus
2145 1968 2259 2023 vult

693 2024 952 2084 Basilius.

1231 2127 1318 2180 18.
1353 2129 1434 2183 ιυε
1471 2138 1734 2195 adultero.

762 2211 987 2268 Adulter
1018 2216 1301 2274 homicidae
1338 2226 1534 2281 similis
1571 2240 1674 2285 est.
1720 2231 1852 2288 Nam
1887 2237 1978 2306 qui
2020 2241 2254 2308 proximi

691 2303 774 2354 sui
801 2306 954 2358 uxori
991 2306 1301 2372 insidiatur.
1335 2317 1577 2385 gladium
1607 2303 1917 2394 ancipitem‘
1944 2303 2145 2398 movet,
2195 2343 2251 2390 et

689 2394 974 2449 dmidium
1015 2399 1240 2458 inducit.
1270 2403 1502 2465 Sanctus
1526 2415 1742 2482 quidem
1768 2417 1999 2477 Basilius
2040 2394 2250 2481 consti-

690 2487 810 2545 tnit.
841 2488 984 2546 hunc
1009 2497 1168 2550 annis
1196 2501 1505 2566 quindecim
1529 2507 1683 2563 arido
1713 2512 1957 2571 districte
1988 2518 2112 2572 cibo
2148 2522 2249 2584 uti,

688 2576 822 2632 hora
862 2597 1026 2637 nona.
1057 2583 1168 2642 Nos
1209 2605 1360 2656 vero,
1410 2597 1454 2650 si
1501 2598 1696 2654 vitium
1738 2603 2027 2676 abruptum
2065 2609 2247 2676 fuerit,

686 2666 891 2724 biennii
913 2681 1538 2741 excommunicationcm
1562 2690 1930 2761 decernimus,
1953 2715 2074 2753 cum
2098 2703 2250 2758 arido

687 2761 907 2815 omnino
933 2763 1076 2831 cibo,
1119 2777 1172 2823 et
1211 2778 1496 2832 metanmis
1535 2782 1873 2848 quotidianis
1903 2789 2172 2847 ducentis.

1175 2861 1260 2914 I9.
1304 2862 1381 2918 De
1406 2867 1748 2933 fornicatore.

753 2943 1070 3006 Fornirator
1107 2968 1202 3009 sex
1252 2960 1411 3014 annis
1456 2977 1608 3017 extra
1656 2972 2096 3028 communionem
2154 2977 2243 3042 sit,

682 3030 805 3088 cibo
833 3039 986 3093 arido
1018 3057 1239 3100 vesceris
1275 3048 1406 3104 hora
1435 3066 1600 3117 nona,
1635 3071 1760 3111 cum
1801 3065 2084 3118 metanoeis
2115 3083 2245 3125 cen-

682 3133 794 3176 tum
843 3130 1258 3202 quinquagints.
1301 3137 1456 3202 Quod
1503 3144 1549 3196 si
1603 3147 1920 3214 neglexerit,
1965 3153 2240 3220 grandiori
2269 3179 2310 3236 ρ

678 3227 850 3282 pmnaa
883 3222 1058 3275 sancti
1086 3222 1269 3280 Basilii
1307 3229 1378 3282 sit
1409 3232 1702 3289 obnoxius.

955 3311 1042 3366 20.
1087 3314 1162 3369 De
1186 3321 1538 3377 masculorum
1569 3329 1921 3397 concubitores,

673 3583 986 3640 munionem
1034 3603 1157 3645 esse
1210 3592 1450 3652 decrevit
1489 3600 1824 3670 jejunantem
1881 3625 1947 3664 ac
1998 3611 2234 3670 ﬂentem.

670 3671 783 3729 Nos
826 3684 1030 3744 tamen,
1064 3683 1332 3751 siquidem
1370 3705 1399 3742 a
1429 3706 1653 3760 peccato
1691 3713 1750 3752 se
1790 3705 2083 3759 recessisse
2119 3723 2238 3760 cre-

670 3765 913 3825 dibiliter
935 3773 1292 3846 demonstret,
1326 3781 1547 3839 biennio
1573 3797 1778 3844 tantum
1813 3804 1961 3849 extra
1990 3813 2236 3852 commu-

670 3859 888 3914 nionem
921 3878 1043 3917 eum
1077 3882 1218 3930 esse,
1255 3872 1412 3927 arido
1452 3877 1574 3930 cibo
1601 3889 1841 3936 utentem
1880 3885 2014 3940 hora
2068 3905 2232 3954 nona,

664 3946 944 4013 iubemus.
973 3952 1129 4018 Quod
1159 3959 1203 4011 si
1236 3975 1451 4027 pinnam
1477 3965 1617 4021 hanc
1648 3973 1966 4041 neglexerit,
1998 3946 2231 4048 quiinde;

668 4039 774 4094 cim
804 4056 1072 4100 annorum
1104 4064 1319 4118 pinnam
1356 4058 1644 4115 sustineat.

1015 4135 1106 4192 21.
1153 4139 1230 4194 De
1277 4155 1492 4200 coeunte
1539 4165 1658 4203 cum
1701 4151 1884 4208 bestia.

738 4227 841 4295 Qui
898 4245 1022 4284 cum
1075 4233 1267 4290 bestiis
1309 4253 1422 4292 rem
1473 4248 1681 4311 turpem
1737 4247 2023 4313 habuerit,
2076 4253 2231 4322 juxta

667 4328 917 4376 sanctmn
952 4321 1214 4375 Basilium
1247 4328 1559 4394 quindecim
1594 4336 1754 4389 annis
1796 4351 1947 4394 extra
1987 4358 2233 4399 commn-

666 4409 884 4462 nionem
931 4413 1056 4464 erit.
1105 4411 1214 4470 Nos
1263 4426 1440 4470 tamen
1493 4421 1538 4472 si
1593 4436 1623 4473 a
1662 4425 1867 4493 ﬂagitio
1914 4435 2228 4496 cessaverit,

665 4499 870 4552 biennii
926 4506 1552 4563 excommunicationem
1617 4515 1663 4566 ei
1724 4517 2038 4583 inferimus,
2100 4503 2296 4579 cnmc

663 4587 818 4642 arido
844 4590 966 4645 cibo
1006 4593 1138 4646 hora
1173 4610 1336 4658 nona,
1372 4609 1424 4651 et
1454 4615 1577 4654 cum
1627 4609 1914 4661 metanazis
1955 4611 2225 4668 ducentis.

1584 393 1680 455 DE
1719 397 2225 468 CONFESSIONE
2256 410 2348 471 ET
2387 415 2983 487 SATISFACTIONE.

3808 449 3948 514 1728

2891 543 2984 598 ις’.
3015 537 3152 606 Περὶ
3175 540 3397 608 λύπης.

2459 619 2515 673 Ὁ
2537 623 2600 691 τῇ
2631 621 2774 694 λύπῃ
2804 624 3192 698 βεϐυθισμένος
3226 632 3400 686 ἔοικεν
3430 636 3581 704 ἀνδρὶ
3614 639 3945 708 κλυδωνιζο-

2376 711 2518 782 μένῳ
2541 714 2598 765 ἐν
2624 714 2702 782 τῷ
2727 717 2953 784 πελάγει
2972 734 2986 748 ’
3015 719 3158 791 λύπη
3187 724 3295 792 γάρ
3326 727 3442 778 ἐστι
3470 727 3651 798 ψυχῆς
3681 732 3942 804 ξηρότης·

2381 805 2614 873 Ἀνδρος
2640 807 2749 876 γὰρ
2767 813 3044 880 λυπηροῦ
3067 815 3408 884 ξηραίνεται
3433 823 3582 877 ὀστᾶ
3602 841 3617 855 ⁸
3656 828 3784 890 Καὶ.
3813 835 3943 886 Ma-

2367 896 2519 961 κρὰν
2559 899 2818 965 ποίησον
2864 903 2983 956 ἀπὸ
3016 906 3132 960 σοῦ
3174 910 3407 977 λύπην·
3444 914 3698 986 ὁρίζομεν
3747 921 3802 973 δὲ
3845 926 3942 979 τὸν

2364 986 2606 1040 τοιοῦτον
2651 993 3003 1060 προσκλαίειν
3029 998 3107 1064 τῷ
3135 999 3504 1074 θυσιαστηρίῳ
3547 1007 3733 1078 εὐχαῖς
3780 1014 3938 1068 ἀδιά-

2365 1074 2614 1131 λειπτον·
2672 1086 2846 1136 ποιεῖν
2911 1087 3033 1140 καθ’
3081 1091 3293 1161 ἡμέραν
3361 1074 3650 1165 μετανοίας
3713 1102 3810 1167 σν’,
3874 1108 3938 1159 τὸ

2362 1170 2537 1238 Κύριε
2550 1172 2812 1242 ἐλέησον
2829 1183 2900 1246 φ’·
2920 1178 3142 1235 δύναται
3169 1183 3278 1256 γὰρ
3304 1186 3447 1260 λύπη
3477 1191 3556 1253 είς
3578 1191 3939 1264 βλασφημίαν

2363 1260 2541 1331 ῥίψαι.

2882 1360 2966 1426 ιζ’.
2995 1363 3134 1432 Περὶ
3157 1369 3410 1436 φονέως.

2439 1444 2498 1500 '0
2523 1449 2717 1516 φονεὺς
2742 1451 2884 1504 κατά
2921 1453 3020 1520 μὲν
3050 1455 3143 1508 τὸν
3173 1459 3337 1527 νόμον
3366 1462 3789 1533 ἀποθνησκέτω·
3820 1472 3847 1522 ὁ
3871 1472 3934 1523 δὲ

2361 1537 2514 1603 ἀγιος
2563 1541 2839 1606 Βασίλειος
2885 1552 2948 1597 ιε’
2975 1546 3070 1615 ἔτη
3115 1547 3314 1619 ὥρισεν
3359 1554 3520 1606 αὑτὸν
3554 1559 3931 1625 προσκλαίειν,

2360 1629 2690 1700 ξηροφαγεῖν
2749 1636 2935 1706 ἄκρως
2988 1638 3108 1711 ὥρα
3164 1643 3378 1714 ἐννάτῃ,
3420 1646 3514 1698 καὶ
3563 1648 3931 1720 ἀκοινώνητον

2359 1715 2499 1773 εῖναι
2519 1740 2531 1752 ·
2556 1725 2720 1792 ἡμεῖς
2738 1726 2795 1778 δὲ
2816 1730 3003 1798 τριετῆ
3032 1731 3222 1798 χρόνον
3243 1733 3332 1785 τὸν
3365 1736 3567 1788 κανόνα
3594 1737 3784 1792 τοῦτον
3809 1715 3929 1812 ἀρί-

2362 1810 2547 1880 ζομεν,
2587 1815 2682 1866 ἐὰν
2720 1823 2974 1890 μετανοῇ,
3009 1824 3102 1874 καὶ
3130 1827 3159 1876 ὁ
3186 1827 3385 1895 μόχθος
3424 1829 3588 1882 αὐτοῦ
3625 1810 3922 1903 φαίνηται·

2362 1902 2456 1954 ἐὰν
2489 1905 2544 1956 δὲ
2572 1908 2768 1979 ἀμελῇ.
2809 1911 2876 1964 τὰ
2903 1919 2963 1965 ιε’
2992 1915 3278 1970 ἐκτελείτω
3309 1919 3427 1990 ἔτη,
3454 1922 3593 1976 κατά
3618 1923 3710 1976 τὸν
3744 1902 3923 1995 μέγαν

2357 1993 2658 2052 Βασίλειον.

2883 2180 2971 2251 ιη’.
3005 2185 3143 2251 Περὶ
3166 2186 3408 2254 μοιχοῦ.

2435 2267 2494 2318 Ὀ
2527 2267 2712 2338 μοιχὸς
2740 2271 2923 2340 ὅμοιος
2958 2273 3036 2344 τῷ
3067 2281 3253 2343 φονεῖ·
3285 2281 3313 2332 ὸ
3341 2280 3450 2349 γάρ
3477 2283 3539 2351 τῇ
3573 2282 3668 2335 τοῦ
3693 2285 3920 2353 πλησίον

2353 2359 2573 2423 γυναικὶ
2615 2361 3003 2428 ἐπιϐουλεύων,
3039 2368 3312 2439 μάχαιραν
3344 2369 3594 2441 δίστομον
3626 2379 3790 2440 κινεῖ,
3824 2380 3920 2429 καὶ

2351 2447 2629 2516 χωρισμὸν
2655 2451 2926 2506 ἀποτελεῖ.
2950 2456 3058 2508 Καὶ
3085 2457 3114 2509 ὁ
3142 2459 3238 2527 μὲν
3272 2458 3428 2527 ἆγιος
3461 2462 3739 2529 Βασίλειος
3764 2466 3919 2536 (ὥριρ

2352 2539 2465 2604 σεν)
2487 2537 2580 2608 ἐτη
2611 2547 2670 2592 ιε’
2704 2542 3112 2613 ξηροφαγοῦντα
3139 2549 3323 2619 ἄκρως
3354 2551 3472 2623 ὥρᾳ
3500 2557 3724 2626 ἐννάτηο
3750 2559 3916 2626 ἡμεῖς

2348 2627 2405 2680 δὲ
2430 2629 2526 2682 τοῦ
2567 2631 2770 2696 πάθους
2799 2636 3221 2706 ἑκκοπτομένου,
3253 2640 3401 2712 διετῆ
3451 2647 3638 2715 χρόνον
3679 2649 3912 2701 amtth-

2348 2736 2510 2790 νητον
2553 2717 2715 2788 εἶναι,
2760 2724 3170 2797 ξηῳφαγοῦντα
3208 2733 3410 2805 ἄκρως,
3448 2738 3736 2804 μετανοίας
3786 2742 3911 2795 καθ’

2347 2813 2558 2884 ἡμέραν
2582 2815 2880 2881 διακοσίας.

2861 2912 2946 2966 ιϐ’.
2977 2915 3115 2983 Περί
3145 2919 3392 2986 πόρνου.

2445 2999 2486 3050 0
2533 2999 2730 3070 πόρνος
2771 3001 2831 3066 ἒξ
2877 3003 2970 3073 ἐτη
3005 3006 3388 3078 ἀκοινώνητος,
3420 3008 3742 3087 ξηροφαγῶν
3786 3015 3908 3086 ὥρα

2345 3086 2560 3162 ὲννάτῃ,
2589 3096 2876 3160 μετανοίας
2905 3095 3013 3164 ρν”
3039 3101 3087 3152 εἰ
3122 3099 3176 3151 δὲ
3203 3101 3402 3172 ἀμελῇ.
3432 3105 3505 3175 τῷ
3535 3110 3752 3177 μεγάλῳ
3781 3111 3901 3162 επις

2345 3180 2509 3250 τιμίῳ
2538 3181 2632 3238 τοῦ
2660 3183 2816 3250 ἀγίου
2851 3187 3129 3241 Βασιλείω
3156 3193 3620 3256 καταδικαζέσθω.

2758 3354 2827 3412 κ’.
2857 3357 2996 3426 Περί
3033 3360 3483 3429 ἀρσενοκοῖται).

2420 3441 2481 3496 ’0
2512 3443 2610 3515 τὴν
2639 3445 3029 3521 ἀσχημοσύνην
3051 3455 3108 3506 ὲν
3133 3459 3244 3517 τοῖς
3267 3457 3490 3527 ἇρρεσιν
3515 3459 3898 3534 ἑπιδεικνύμε.

2215 3555 2239 3566 -
2340 3549 2449 3598 νος,
2472 3535 2500 3587 ὁ
2537 3538 2634 3605 μὲν
2660 3537 2815 3606 am;
2841 3540 3119 3608 Βασίλειος
3154 3553 3215 3598 ιε’
3243 3547 3339 3618 ἔτη
3369 3548 3566 3620 ὥρισεν
3600 3554 3898 3624 ἀκοινώνη-

2338 3640 2432 3677 τον
2492 3629 2817 3695 νηστεύοντα
2859 3631 2954 3684 καὶ
3006 3635 3435 3704 προσκλαίοντα·
3487 3643 3647 3712 ἡμεῖς
3695 3646 3752 3699 δὲ
3804 3649 3898 3700 ἐὰν

2337 3717 2546 3788 ἀποστῇ
2597 3718 2688 3771 τοῦ
2725 3725 2894 3776 κακοῦ
2933 3726 3070 3794 μετά
3103 3727 3494 3802 πληροφορίας,
3531 3735 3675 3807 διετῆ
3708 3741 3894 3809 χρόνον

2337 3807 2719 3878 ἀκοινώνητον,
2753 3811 3162 3885 ξηροφαγοῖητα
3201 3818 3320 3891 ὥρᾳ
3357 3823 3574 3896 ἐννάτῃ,
3609 3807 3892 3896 μετανοίας

2339 3906 2382 3950 σ¹
2407 3916 2422 3932 ο
2451 3902 2498 3953 εί
2523 3902 2579 3955 δὲ
2606 3903 2802 3975 ἀμελῇ,
2828 3909 2898 3960 τὰ
2925 3907 3219 3966 δεκαπέντε
3245 3914 3340 3987 ἔτη
3378 3917 3663 3974 ἑκτελείτω
3688 3922 3750 3975 τὸ
3772 3925 3888 3976 ἐπι-

2333 3987 2533 4061 τίμιον.

2759 4171 2864 4228 κα’.
2902 4176 3042 4244 Περι
3085 4181 3471 4246 κτηνοειίτου.

2414 4260 2472 4313 Ὀ
2507 4261 2564 4311 ἐν
2595 4261 2810 4331 ἀλόγοις
2838 4267 2936 4333 τὴν
2964 4269 3349 4342 ἀσχημοσύνην
3379 4275 3717 4346 ποιούμενος,
3751 4281 3884 4332 κατά

2330 4351 2422 4403 τὸν
2484 4354 2636 4420 ἆγιον
2693 4355 2969 4410 Βασίλειον
3024 4365 3084 4412 ιε’
3131 4359 3223 4430 ἔτη
3283 4363 3642 4436 ἀκοινώνητος
3698 4369 3882 4419 ἔσται·

2329 4441 2489 4509 ἡμεῖς
2550 4443 2605 4494 δὲ
2665 4444 2758 4498 ὲάν
2822 4447 2914 4498 τοῦ
2964 4449 3134 4502 κακοῦ
3188 4453 3423 4522 ἀποστῇ,
3484 4456 3630 4526 διετῆ
3695 4459 3888 4529 χρόνον,

2329 4533 2690 4605 ἀκοινώνητον
2753 4532 2892 4590 εἶναι
2951 4539 3224 4609 ὁρίζομεν,
3290 4543 3701 4615 ξηροφαγοῶτα
3765 4552 3882 4622 ὥρᾳ.

2323 4621 2536 4698 ὲννάτῃ,
2565 4627 2852 4694 μετανοίας
2879 4633 2926 4680 σ¹
2949 4643 2961 4658 ⁸
2994 4631 3042 4682 εί
3072 4631 3129 4684 δὲ
3159 4633 3355 4705 ἀμελῇ,
3379 4639 3448 4689 τά
3477 4639 3537 4691 ιε’
3563 4640 3657 4710 ἐτη
3682 4621 3880 4710 φυλατέ

663 4680 816 4746 Quod
866 4683 910 4736 si
963 4685 1282 4756 neglexerit,
1327 4689 1638 4759 quindecim
1692 4711 1961 4752 annorum
2007 4717 2224 4771 pinnam
2319 4712 2479 4768 τέτω.

661 4772 893 4841 expleat.

1201 4873 1291 4926 22.
1335 4873 1412 4928 De
1442 4877 1662 4932 incestu.

729 4957 832 5023 Qui
870 4960 922 5012 in
961 4975 1202 5017 sororem
1235 4969 1512 5034 propriam
1560 4971 1743 5040 lapsus
1781 4973 1963 5041 fuerit,
1990 4979 2219 5048 quinde-

657 5049 764 5103 cim
799 5052 958 5106 annis
989 5057 1376 5112 communione
1416 5072 1618 5123 careat.
1650 5076 1810 5133 prout
1841 5070 1951 5122 vult
1985 5087 2215 5142 magnus

661 5138 916 5194 Basilius.
964 5141 1076 5197 Nos
1120 5155 1326 5210 tamen,
1358 5151 1403 5202 si
1435 5152 1683 5217 posthinc
1708 5155 1911 5225 ﬂagitio
1941 5138 2217 5217 abstinue-

655 5230 749 5293 rit,
784 5232 1106 5288 triennalem
1141 5251 1356 5304 pmnam
1395 5241 1737 5300 decernimus
1773 5249 1912 5303 aridi
1945 5253 2050 5306 cibi
2083 5254 2214 5309 hora

656 5337 822 5388 nona,
852 5339 978 5378 cum
1015 5325 1264 5382 ducentis
1297 5335 1601 5388 tnetanmis.

1045 5418 1138 5473 23.
1180 5419 1254 5474 De
1279 5423 1478 5476 incestu
1506 5443 1625 5479 cum
1661 5445 1821 5484 nuru.

726 5503 827 5570 Qui
873 5505 925 5559 in
970 5523 1167 5563 nurum
1195 5511 1379 5581 lapsus
1410 5515 1594 5581 fuerit,
1644 5522 1894 5578 undecim
1946 5529 2103 5584 annis
2141 5547 2207 5586 ex

652 5597 828 5650 sancti
875 5596 1058 5653 Basilii
1104 5605 1372 5659 sententia
1426 5618 1580 5665 extra
1624 5618 2060 5675 communionem
2110 5624 2200 5679 sit.

723 5774 742 5805 ⁸
765 5774 920 5831 Prov.
958 5794 1086 5842 xm,
1119 5779 1187 5834 9.5
1220 5798 1299 5850 gr.
1378 5786 1396 5816 ’
1424 5784 1584 5843 Eccli.
1623 5806 1748 5854 xxx,
1779 5792 1865 5848 Ἡ.

2459 4894 2563 4964 κβ’.
2595 4897 2736 4964 Περὶ
2762 4899 3193 4971 ἀδελφομιείας
3222 4905 3353 4974 ἦτοι
3377 4911 3733 4978 αΙμομιξίιις.

2407 4985 2466 5038 Ὀ
2489 4990 2566 5049 είς
2594 4989 2826 5060 ἀδελφὴν
2856 4991 2990 5045 ίδίαν
3017 4995 3328 5063 ἐμπίπτων,
3369 5000 3430 5051 ιε’
3459 5001 3553 5069 ἐτη
3583 5001 3878 5072 ἀκοινῶνη-.

2321 5093 2412 5138 τος
2433 5078 2571 5130 κατά
2591 5079 2680 5132 τὸν
2707 5083 2877 5150 μέγαν
2903 5081 3180 5139 Βασίλειον
3203 5103 3217 5118 ’
3245 5089 3364 5141 καθ’
3387 5093 3530 5160 ἡμᾶς
3555 5093 3609 5145 δὲ
3632 5093 3726 5145 ἐὰν
3747 5095 3875 5145 ἁπο-

2324 5171 2422 5236 στῇ
2465 5167 2558 5221 τοῦ
2585 5171 2774 5234 κακοῦ,
2814 5175 2997 5244 τριετῆ
3026 5176 3215 5246 χρόνον
3244 5181 3607 5250 ὲπιτιμάσθω,
3641 5184 3872 5254 ξηροφα-

2319 5257 2432 5322 γῶν
2464 5258 2582 5329 ὥρᾳ
2613 5260 2826 5333 ἐννάτῃ,
2858 5267 3146 5332 μετανοίας
3177 5266 3222 5328 α’
3241 5285 3256 5299 ο
3289 5269 3385 5324 ἐὰν
3417 5271 3473 5324 δὲ
3497 5273 3690 5342 ἀμελῇ,
3720 5274 3786 5325 τά
3814 5271 3872 5326 ιε’

2318 5349 2409 5420 ἐτη
2433 5353 2738 5409 ἐκτελείτω.

2509 5443 2616 5512 κγ’.
2647 5446 2784 5515 Περὶ
2810 5449 3048 5519 νύμφης
3074 5454 3294 5520 οίκειάς
3315 5455 3670 5525 αίμομιξίας.

2397 5535 2457 5587 ’0
2486 5538 2564 5600 εἰς
2598 5537 2812 5608 νύμφην
2840 5542 3145 5611 ἐμπίπτων,
3190 5553 3259 5600 ια’
3299 5547 3394 5619 ἐτη
3430 5550 3568 5602 κατά
3596 5552 3686 5602 τὸν
3716 5550 3866 5618 ᾰγιρν

2314 5630 2592 5695 Βασίλειον
2634 5633 2994 5708 ἀκοινώνητός
3033 5639 3179 5695 ἐστιν
3201 5655 3215 5671 ο
3246 5642 3406 5712 ἡμεῖς
3435 5642 3491 5696 δὲ
3522 5644 3616 5698 ἐὰν
3658 5645 3868 5714 ἀποστῇ
