4188 6508
288 414 429 481 Π29

1470 423 1529 482 S.
1564 421 1955 483 THEODORI
1996 422 2135 483 STU
2145 421 2339 483 DIT/E

3384 420 3519 486 i730

285 526 383 580 τοῦ
440 522 637 591 κακοῦ,
687 524 835 595 διετῆ
885 524 1077 597 χρόνον
1110 526 1478 600 ἀκοινώνητον
1505 524 1647 583 εἶναι
1687 546 1857 600 προσ-

1930 528 2071 590 ,Nos
2108 540 2316 595 autem,
2362 527 2407 583 si
2443 526 2707 597 ﬂagitium
2751 526 3145 591 emendaverit,
3178 526 3398 582 biennio
3422 545 3517 583 ca-

282 615 582 683 τάσσομεν,
650 613 1064 685 ξηροφαγοῢντα
1114 615 1235 687 ὥρα
1299 617 1521 690 ιννάτῃ,
1573 619 1859 689 μετανοίας

287 706 549 760 ποιοῦντα
609 707 695 759 τ”
758 709 807 761 εἰ
861 707 919 760 δὲ
972 708 1149 781 ἀμελῇ
1208 710 1403 764 τούτου
1457 709 1555 765 τοῦ
1608 712 1856 778 κανόνος,

289 798 389 850 καὶ
418 798 656 871 ἐπιμένῃ
681 800 746 870 τῇ
772 799 961 871 κακίᾳ,
991 800 1060 854 τά
1100 808 1167 854 ια’
1197 800 1293 872 ἐτη
1320 802 1610 857 ἑκτελείτω
1650 804 1712 857 τὸ
1740 804 1862 859 ἑπι-

288 889 493 959 τίμιον.

783 978 883 1036 κδ’.
909 982 1048 1047 Περὶ
1079 983 1365 1041 κλέπτου.

374 1071 434 1124 Ὀ
491 1071 754 1141 κλέπτης,
812 1074 863 1125 εἰ
924 1073 998 1144 μὴ
1046 1074 1358 1148 ἐξαγγείλῃ,
1406 1079 1573 1149 φησὶν
1630 1080 1661 1133 ό
1708 1078 1863 1147 ἅγιος

295 1160 598 1225 Βασίλειος,
661 1161 752 1214 δύο
806 1162 970 1231 μόνας
1022 1163 1321 1231 ἑϐδομάδας
1366 1166 1753 1237 ὲπιτιμάσθω·
1813 1167 1861 1219 εἰ

293 1253 354 1305 δὲ
417 1252 548 1319 παρ’
602 1252 765 1306 ἄλλον
816 1252 1067 1323 ἐλεγχθῇ,
1115 1254 1266 1325 διετῆ
1320 1257 1547 1327 χρόνονο
1593 1260 1756 1327 ἡμεῖς
1804 1258 1863 1311 δὲ

297 1349 351 1410 μ’
393 1343 607 1413 ἡμέρας
646 1343 922 1415 ὁρίζομεν,
961 1346 1292 1416 ξηροφαγεῖν
1324 1347 1444 1420 ὥρᾳ
1471 1348 1536 1412 θ’,
1568 1351 1667 1403 καὶ
1698 1368 1865 1414 μετα-

294 1434 446 1496 νοίας
502 1438 679 1489 ποιεῖν
738 1433 804 1506 ρ’,
856 1438 1259 1508 ὲκκοπτομένου
1311 1440 1554 1512 δηλονότι
1608 1442 1704 1496 τοῦ
1754 1443 1865 1497 πά-

297 1524 446 1588 θους.

731 1616 828 1672 κε’.
857 1619 999 1688 Περὶ
1025 1623 1438 1690 τυμϐωρύχου.

378 1705 435 1760 '0
464 1708 835 1780 τυμϐὡρυχος,
864 1710 1005 1764 κατά
1041 1712 1134 1766 τὸν
1174 1713 1330 1780 ἅγιον
1364 1713 1643 1767 Βασίλειον
1679 1714 1740 1767 ιε’
1770 1716 1863 1787 ἐτη

296 1796 657 1870 ἀκοινώνητος
672 1801 845 1855 ἔσται’
866 1804 1027 1873 ἡμεῖς
1040 1803 1097 1857 δὲ
1108 1804 1203 1858 τοῦ
1221 1805 1424 1869 πάθους
1442 1806 1864 1877 ἑκκοπτομῑνου,

1958 635 2079 674 rere
2110 620 2500 674 communione
2528 621 2801 684 jnbemus,
2851 618 3020 673 aridis
3050 627 3357 673 vescentem
3389 620 3520 674 hora

1960 722 2123 771 nona,
2159 722 2283 763 cum
2330 708 2619 763 meismeis
2646 708 2924 761 trecentis.
2961 706 3117 773 Quod
3152 708 3199 762 si
3233 710 3379 763 hune
3426 724 3526 763 no-

1962 805 2135 850 strum
2170 811 2435 850 canonem
2464 797 2784 866 neglexerit,
2818 806 2872 850 et
2902 797 2953 849 in
2984 798 3114 851 vitio
3140 813 3525 867 perseverave-

1960 886 2052 953 rit,
2087 885 2335 941 undecim
2378 886 2536 940 annis
2570 901 2783 955 poenam
2815 885 2971 940 ferat.

2550 978 2642 1032 24.
2686 978 2763 1031 De
2801 980 2939 1047 fure.

2029 1067 2159 1133 Fur,
2182 1069 2229 1125 si
2254 1068 2483 1141 ipsemet
2517 1068 2802 1125 confessus
2830 1068 3017 1134 fuerit,
3050 1070 3285 1125 duarum
3315 1080 3523 1124 tantum

1962 1161 2425 1217 hebdomadarum
2455 1177 2669 1231 pmnam
2710 1161 2866 1226 ierat,
2904 1162 3082 1231 inquit
3112 1170 3336 1217 sam-tus
3371 1162 3524 1215 Bast-

1962 1255 2066 1310 lius
2097 1255 2283 1324 :quod
2324 1255 2371 1311 si
2400 1256 2469 1309 ab
2509 1255 2632 1310 aliis
2676 1253 2806 1309 furti
2853 1266 3150 1325 coargutue
3178 1255 3363 1316 iuerit,
3393 1255 3529 1308 duo-

1964 1364 2083 1402 rum
2116 1364 2411 1403 annorum.
2462 1348 2577 1404 Nos
2608 1358 2787 1403 tamen
2815 1349 3177 1418 quadraginta
3205 1348 3397 1402 diebus
3430 1362 3525 1399 vo-

1962 1442 2146 1495 lumus
2192 1456 2318 1495 eum
2374 1442 2544 1495 aridis
2602 1440 2745 1495 vesci
2785 1440 2918 1493 liora
2965 1455 3128 1503 nona,
3178 1454 3305 1493 cum
3354 1447 3526 1492 meta-

1965 1528 2106 1583 nmis
2144 1539 2363 1583 centum
2391 1546 2405 1595 ;
2438 1528 2485 1583 si
2522 1537 2666 1584 certe
2692 1544 2721 1582 a
2750 1526 2881 1581 vitio
2910 1528 3224 1583 cessaverit.

2269 1620 2359 1676 25.
2401 1621 2474 1675 De
2506 1621 2862 1690 sepulcrorum
2896 1618 3213 1687 prazdatore.

2039 1708 2431 1779 Sepulcrorum
2481 1711 2771 1779 praedator,
2816 1711 2973 1781 juxta
3016 1711 3199 1763 divum
3250 1708 3529 1769 Basilium,

1968 1800 2285 1869 quindecim
2314 1801 2476 1857 annis
2515 1810 2667 1855 cura
2699 1801 3141 1855 communionem
3177 1798 3395 1853 futurus
3424 1807 3527 1853 est.

294 1884 539 1942 sinauth
579 1872 941 1963 ἀκοινώνητον
969 1889 1117 1948 εἶναι
1146 1896 1425 1967 ὁρίζομεν,
1456 1872 1864 1970 ξηρηαγοῦντα

1930 1876 1939 1927 ἶ
1967 1890 2081 1947 Nos
2122 1901 2329 1957 tamen,
2368 1891 2503 1946 vitio
2535 1892 2847 1957 emendato,
2882 1906 3026 1947 anno
3058 1906 3169 1945 uno
3194 1902 3345 1945 extra
3376 1905 3531 1944 com-

296 1978 417 2051 ὥρα
443 1978 513 2047 θ’,
536 1982 794 2037 ποιοῦντα
822 1986 1110 2054 μετανοίας
1137 1992 1204 2043 α’.

524 2162 638 2229 κς’.
668 2166 805 2235 Περὶ
828 2169 1106 2238 γοητείας
1128 2169 1226 2233 καὶ
1250 2172 1641 2242 φαρμακείας.

368 2252 437 2306 '0
460 2252 717 2326 γοητείαν
744 2259 836 2311 καὶ
864 2260 1213 2329 φαρμακείαν
1234 2262 1593 2335 ιξαγορεύων,
1614 2265 1754 2319 κατά
1774 2266 1866 2319 τὸν

296 2341 452 2412 ἅγιον
500 2347 782 2404 Βασίλειον
827 2357 887 2404 ιε’
926 2352 1022 2420 ετη
1066 2354 1393 2425 ξηροφαγιῖη
1435 2356 1591 2411 ἔσται
1635 2358 1754 2430 ὥρᾳ
1780 2356 1864 2411 θ”

295 2435 458 2503 ἡμεῖς
503 2436 561 2491 δὲ
600 2440 789 2510 τριετῆ
832 2441 1024 2513 χρόνον
1052 2444 1310 2517 ὁρίζομεν
1343 2447 1437 2501 τὸν
1471 2448 1635 2501 αὐτὸν
1663 2448 1868 2502 κανόνα

300 2528 441 2596 μετά
493 2529 555 2582 τὸ
604 2532 907 2603 ἀποστῆναι
956 2536 1055 2605 τῆς
1096 2537 1393 2609 ἂμαρτίας,
1432 2541 1527 2594 καὶ⁵
1577 2539 1867 2612 μετανοίας

297 2621 470 2673 ποιεῖν
500 2619 625 2674 καθ’
658 2622 873 2693 ⁴ἡμέραν
904 2624 1206 2691 διακοσίας.

564 2796 670 2861 κζ’.
702 2800 844 2869 Περὶ
878 2803 1155 2871 γοητείας
1178 2804 1276 2859 καί
1296 2804 1601 2876 μαντείας.

366 2889 471 2942 Τὸν
506 2889 731 2959 μάντεσι
762 2895 1222 2965 προσερχόμενον,
1270 2899 1299 2951 ὀ
1348 2898 1448 2967 μὲν
1498 2900 1671 2969 μέγας
1700 2900 1865 2955 Βασί-

294 2980 437 3046 λειος
468 2990 527 3036 ιε’
559 2983 652 3053 ἔτη
683 2984 885 3054 ὥρισεν
914 2986 1276 3060 ἀκοινώνητον
1302 2985 1474 3043 εἶναι’
1506 2992 1666 3063 ἡμεῖς
1692 2992 1749 3045 δὲ
1774 2993 1869 3048 τὸν

298 3073 642 3141 προλαϐόντα
664 3076 863 3131 κανόνα
884 3076 976 3132 τὸν
997 3078 1126 3147 περὶ
1149 3080 1525 3151 φαρμακειῶν,
1553 3085 1864 3140 ἀποστάντα

296 3160 396 3231 τῆς
423 3162 680 3234 τοιαύτης
711 3165 999 3237 ἐργασίας.

646 3342 753 3407 κη’.
779 3336 917 3407 Περὶ
944 3338 1172 3409 ἀγαθοῦ
1199 3340 1345 3405 ,βίου
1378 3341 1497 3415 (2?).

372 3426 440 3479 Ei
459 3444 544 3490 τις
578 3427 823 3498 βούλοιτο
865 3430 978 3500 βίον
1010 3432 1282 3503 ἀτάραχον
1320 3436 1412 3488 καὶ
1437 3433 1687 3505 ἀκύμονα
1714 3438 1867 3492 ὁδεῦ-

298 3534 415 3581 σαι,
463 3517 766 3587 λογιζέσθω
825 3521 1019 3576 ἑαυτὸν
1079 3524 1184 3594 γῆν
1240 3525 1337 3579 καὶ
1394 3527 1605 3591 σποδὸν,
1644 3529 1741 3583 καὶ
1776 3532 1867 3583 εὑ-

299 3612 627 3682 χαριστείτω
672 3613 749 3677 ὡς
802 3614 1031 3684 ἄγγελος
1075 3617 1247 3673 Θεοῦ’
1290 3621 1338 3673 εί
1386 3620 1446 3675 δὲ
1483 3622 1661 3694 συμϐῇ
1695 3640 1868 3677 κατα-

298 3702 530 3773 λαλῆσαι
572 3704 756 3770 αὐτὸν,
781 3706 1052 3775 ἑϐδομάδα
1093 3709 1223 3779 μίαν
1267 3711 1662 3782 ξηροφαγείτω,
1698 3732 1865 3785 μετα-

300 3795 448 3859 νοίας
502 3796 670 3852 ποιῶν
728 3800 1089 3870 πεντήκοντα,
1132 3800 1207 3866 ὥς
1238 3804 1334 3858 τοῦ
1373 3804 1509 3859 Θεοῦ
1554 3806 1862 3879 καταλαλή-

303 3902 421 3949 σας.

306 4104 3503 4140 ξπιψοῂ-.αψῄο,πεῃψῄᾙ

910 4107 2056 4123 .————_.———_-._—-————_~__-——

1966 1984 2283 2039 ntunionem
2316 1997 2438 2038 esse
2464 1983 2834 2045 decernimus,
2864 1998 2990 2038 cum
3036 1984 3192 2038 arido
3233 1983 3359 2037 cibo
3396 1982 3533 2037 hora

1966 2091 2130 2141 nona,
2158 2085 2213 2131 et
2252 2076 2537 2130 metsnteis
2572 2075 2868 2130 trecentis.

1963 2166 2055 2222 26.
2106 2166 2182 2220 De
2216 2168 2623 2220 incantamentis
2680 2175 2728 2220 et
2778 2167 3040 2235 veneﬁciis
3088 2182 3179 2220 seu
3220 2167 3529 2235 prazstigiis.

2034 2255 2141 2323 Qui
2186 2257 2590 2311 incantamenta
2634 2264 2690 2311 et
2746 2259 3006 2313 veneﬁcia
3050 2273 3146 2313 seu
3204 2260 3530 2329 praestigias,

1966 2352 2281 2412 conlitetur,
2323 2348 2372 2404 is
2419 2348 2575 2417 juxta
2622 2360 2871 2405 sanctum
2909 2350 3170 2405 Basiliam
3222 2351 3531 2421 quindecim

1965 2438 2126 2495 annis
2175 2450 2427 2495 vescetur
2473 2440 2598 2496 cibo
2649 2442 2803 2497 arido
2847 2442 2979 2496 hora
3023 2458 3187 2496 nona.
3239 2440 3350 2496 Nos
3406 2457 3533 2495 vero

1965 2532 2218 2587 eumdem
2251 2546 2519 2587 canonem
2554 2534 2621 2588 ad
2664 2534 2959 2587 triennium
2994 2544 3362 2597 coarctamus,
3383 2542 3533 2602 post-

1966 2638 2132 2693 quam
2176 2624 2339 2679 homo
2378 2640 2408 2679 a
2453 2633 2676 2695 peccato
2724 2626 3032 2691 recesserit,
3080 2641 3205 2680 cum
3246 2625 3531 2681 metanteis

1965 2717 2211 2785 quotidie
2244 2717 2518 2773 ducentis.

2187 2808 2279 2862 27.
2323 2807 2396 2862 De
2422 2808 2830 2865 incantamentis
2872 2818 2923 2864 et
2964 2810 3307 2863 divinatione.

2034 2894 2099 2950 Ei
2148 2898 2246 2968 qui
2303 2898 2373 2953 ad
2429 2910 2585 2954 vates
2640 2902 2953 2964 accesserit,
3005 2916 3234 2971 magnus
3297 2898 3532 2955 Basilius

1964 2988 2273 3057 quindecim
2307 3006 2579 3046 annorum
2610 2992 3235 3048 excommunicationem
3267 2993 3529 3049 decrevit.

1966 3077 2079 3136 Nos
2127 3090 2311 3138 tamen
2359 3082 2408 3137 ei
2458 3098 2673 3153 poenam
2726 3094 2936 3139 tantum
2972 3084 3329 3154 przecedentis
3363 3084 3534 3138 nostri

1893 3148 1937 3208 (ἶ
1968 3174 2198 3227 canonis
2228 3173 2295 3227 de
2337 3175 2614 3230 vencliciis
2651 3186 2744 3230 aut
2774 3176 3066 3246 praestigiis
3098 3176 3450 3245 imponimus,
3487 3174 3535 3231 si

1968 3264 2037 3319 ab
2066 3263 2385 3335 huiusmodi
2425 3280 2587 3335 opere
2614 3282 2673 3322 se
2701 3268 3011 3323 retraxerit.

2489 3357 2583 3414 28.
2626 3358 2701 3413 De
2724 3360 2859 3413 bona
2888 3360 3019 3415 vita.

2042 3446 2100 3503 Si
2142 3449 2269 3520 quis
2316 3451 2433 3505 vult
2466 3451 2921 3520 imperturbatum
2962 3452 3126 3506 vitam
3158 3460 3212 3507 et
3261 3450 3533 3520 tranquil-

1967 3538 2074 3593 lam
2112 3542 2435 3611 transigere,
2478 3542 2758 3596 existimet
2796 3558 2855 3596 se
2883 3558 3006 3597 esse
3044 3552 3245 3597 terram
3282 3557 3347 3596 ac
3387 3542 3538 3596 cine-

1975 3644 2110 3692 rem,
2138 3632 2455 3701 gratiasque
2490 3641 2617 3701 agat
2667 3632 2822 3702 quasi
2871 3633 3100 3702 angelus
3150 3632 3263 3685 Dei.
3301 3631 3451 3697 Quod
3490 3630 3535 3686 si

1972 3721 2267 3791 aliquando
2318 3724 2541 3792 obloqui
2586 3724 2634 3779 ei
2683 3724 2993 3794 contigerit,
3040 3724 3376 3778 hebdomada
3428 3739 3533 3776 una

1970 3824 2224 3869 vescatur
2264 3816 2454 3880 aridis,
2497 3827 2795 3871 metanmas
2828 3816 2993 3872 simul
3027 3817 3234 3871 faciens
3261 3820 3537 3886 quinqua-

1975 3903 2145 3973 ginta,
2173 3919 2273 3958 ceu
2300 3904 2347 3957 si
2377 3914 2577 3959 contra,
2603 3904 2767 3960 Deum
2796 3906 3083 3960 oblocutus
3117 3904 3329 3960 fuisset.

2921 4112 3503 4125 ..ο-...ρῂ

1498 4276 2325 4382 QUIESTIONES.

1862 4496 1934 4511 β

313 4605 426 4662 Τοῦ
452 4610 627 4664 ὀσίου
655 4610 884 4697 ΙΖατρὸς
906 4610 1093 4697 ήμᾶξν.
1112 4612 1209 4666 καί
1255 4616 1621 4697 όμολογῃτοῇ
1652 4612 1864 4697 Θεοδὼ-

1930 4630 1948 4683 ι
1978 4619 2163 4697 Sancti
2188 4622 2368 4678 Patris
2413 4624 2582 4697 nostri
2616 4633 2661 4677 rt
2689 4625 2999 4693 confessoris
3026 4624 3289 4697 Theodori
3318 4628 3530 4697 presby-

360 4695 492 4750 ρουᾉ
510 4680 913 4748 πρεσϐυτέρου
940 4680 1035 4735 καὶ
1061 4680 1397 4750 ήγουμέἆμου
1425 4680 1541 4739 τῶν
1574 4691 1861 4743 Στουδίου

366 4748 499 4815 περὶ
526 4750 868 4817 ἐρωτήσεως
896 4752 993 4803 καί
1020 4748 1138 4804 ubi
1157 4748 1377 4819 ταύτης
1398 4755 1737 4813 διαλύσεων
1755 4772 1863 4813 κα-

366 4819 541 4884 νόνες
568 4820 973 4889 συλλεγέντες
1012 4821 1147 4889 παρ’
1175 4824 1382 4878 αὑτοῦ.

366 4901 522 4984 [Cod.
555 4911 674 4967 Vat.
699 4913 804 4967 840
830 4912 866 4968 f.
899 4914 1005 4968 202
1035 4913 1116 4985 b.]
1146 4913 1217 4969 a'.
1260 4914 1598 4986 Ἐρώτησις.
1643 4919 1731 4973 Ἐν
1750 4921 1863 4984 τοῖς

299 5008 594 5071 συνοδικοῖς
617 5008 805 5061 κανόσι
832 5011 941 5073 τοῖς
966 5009 1129 5074 θείοις
1154 5011 1461 5083 γέγραπται
1490 5014 1617 5086 περὶ
1641 5015 1740 5084 τῆς
1768 5033 1861 5087 με-

296 5097 466 5169 γάλης
500 5100 779 5170 πέμπτης,
822 5100 905 5153 ὅτι
946 5102 1007 5155 οὐ
1037 5101 1119 5155 δεῖ
1151 5104 1208 5156 ἐν
1237 5107 1303 5175 τῇ
1340 5110 1745 5178 τεσσαρακοστῇ
1792 5110 1861 5178 τῇ

298 5191 563 5263 ὑστεραίᾳ
593 5192 843 5263 ὲϐδομάδι
864 5196 961 5264 τὴν
989 5198 1431 5269 τεσσαρακοστὴν
1466 5199 1783 5268 ἀτιμάζειν·
1816 5201 1866 5253 εί

295 5273 386 5329 οὖν
407 5278 578 5342 οὕτως
603 5282 719 5335 ἐστὶ
740 5286 851 5349 τοῖς
878 5284 1045 5348 θείοις
1069 5286 1288 5339 κανόσιν
1310 5287 1863 5359 ἐμπεριειλημμένον,

296 5368 414 5433 πῶς
463 5372 622 5441 ἡμεῖς
671 5375 1013 5446 καταλύομεν
1048 5379 1147 5449 τὴν
1202 5378 1444 5449 μεγάλην
1488 5379 1747 5452 πέμπτην
1785 5383 1866 5443 είς

298 5462 474 5517 ελαιον
499 5466 593 5519 καὶ
621 5462 796 5533 οἷνονς

2045 4696 2147 4769 teri
2184 4706 2233 4747 et
2273 4695 2543 4769 μητροδίιί
2593 4700 2964 4769 monachorum
3012 4696 3191 4769 Stntlii
3220 4698 3291 4769 Vde
3318 4695 3529 4769 quibus-

2039 4768 2162 4817 dam
2187 4766 2565 4833 quastionibas
2593 4781 2819 4818 canones
2848 4766 2911 4817 ab
2936 4780 2995 4818 co
3023 4766 3250 4820 collecti.

2040 4924 2093 4977 1.
2132 4922 2513 4995 Interrogatio.
2556 4924 2613 4980 In
2652 4927 2829 4981 sacris
2860 4926 3194 4998 synodorum
3226 4926 3531 4980 canonibus

1966 5016 2231 5085 scriptum
2260 5026 2345 5072 est
2370 5018 2436 5071 de
2480 5031 2673 5086 magna
2716 5017 2847 5072 feria
2876 5017 3090 5084 quinta,
3125 5032 3232 5071 non
3280 5025 3533 5083 Oportere

1972 5108 2027 5161 in
2068 5108 2511 5179 quadragesima,
2575 5111 2769 5165 ultima
2818 5108 3176 5167 ltebdomada.
3218 5108 3419 5177 quintae
3450 5107 3531 5161 fe-

1971 5198 2067 5253 ria:
2095 5200 2619 5271 solverejejunium,
2657 5212 2822 5271 atque
2862 5202 2936 5255 ita
2988 5210 3153 5254 totam
3182 5196 3533 5269 quadragesi-

1970 5307 2115 5345 mam
2150 5293 2498 5347 inltonorare.
2547 5292 2604 5347 Si
2650 5308 2780 5363 ergo
2828 5294 2881 5347 in
2920 5291 3093 5346 sacris
3123 5288 3425 5343 canonibus
3458 5288 3530 5341 ita

1970 5395 2059 5435 res
2090 5396 2149 5436 se
2189 5382 2370 5448 habet,
2404 5399 2503 5437 cur
2537 5392 2637 5437 "nos
2674 5384 2727 5437 in
2775 5395 2970 5453 magna
3014 5380 3147 5436 feria
3180 5378 3367 5449 quinta
3408 5377 3529 5431 oleo

1954 5472 2163 5529 utimur
2187 5484 2351 5544 atque
2389 5475 2564 5529 vino?

1772 5651 2002 5709 NOTAE.

298 5828 427 5879 vita.

367 5757 475 5828 (2³⁸)
513 5757 631 5817 Huc
684 5762 825 5818 rel'er
875 5774 1037 5835 caput
1080 5764 1592 5835 praestantissimum
1650 5763 2011 5821 Benedictinze
2052 5765 2271 5837 Regula:
2296 5777 2505 5825 sextum
2547 5766 2611 5823 de
2650 5766 2809 5825 bonis
2876 5764 3124 5837 operibus
3181 5776 3273 5817 seu
3302 5759 3366 5815 de
3388 5758 3527 5814 bona
