4188 6472
713 400 810 463 731

1465 400 2031 462 RESPONSIONES
2070 401 2167 461 AD
2207 399 2740 462 INTERROGATA
2777 403 3128 474 QUAEDAM.

3769 401 3911 465 1732

747 511 1050 579 Responsio.
1107 509 1250 565 Olim
1290 508 1507 580 quidem
1560 525 1626 564 ex
1686 511 1918 579 quadam
1972 509 2237 578 peculiari
2271 515 2316 572 Α
2425 511 2684 578 Ἀπόκριο

2425 511 2775 578 Ἀπόκρισις.
2804 511 2975 563 Πάλαι
3009 511 3108 580 μὲν
3132 509 3195 562 ἐκ
3226 527 3369 572 τινος
3392 511 3676 582 συνηθείας
3701 513 3908 566 ἰδιωτι-

674 604 1072 658 consuetudine
1113 604 1166 657 in
1215 618 1408 673 magna
1452 603 1587 657 feria
1626 605 1817 672 quinta
1853 603 2102 656 homines
2147 615 2242 655 co-

677 697 961 750 ntedehant
999 697 1217 750 caseum
1245 706 1299 750 et
1331 712 1454 750 ova.
1497 696 1695 750 Verum
1721 697 1814 766 qui
1854 706 2038 764 postea
2072 695 2242 749 exsti-

675 795 861 840 terunt
890 787 1096 849 Patres,
1130 785 1443 856 praedictam
1481 802 1594 841 rem
1644 786 1936 842 absurdam
1985 796 2244 854 reputan-

677 887 781 938 tes.
829 893 1096 931 canonem
1151 878 1298 932 hunc
1342 877 1671 944 ediderunt;
1730 892 1907 948 neque
1959 887 2138 931 tamen
2175 879 2244 933 de

677 968 797 1022 oleo
826 968 1060 1036 vinoque
1103 967 1152 1021 id
1186 969 1583 1037 intelligebant.
1630 967 1842 1022 Etenim
1884 977 1968 1020 est
1995 970 2109 1021 hzec
2151 983 2244 1021 su-

679 1060 934 1116 stentatio
977 1068 1030 1113 et
1074 1059 1317 1113 solamen
1367 1075 1432 1114 ex
1466 1075 1676 1116 summa
1739 1057 2243 1127 aﬁlictionejejunii

677 1167 866 1208 eorum
900 1152 991 1220 qui
1023 1152 1205 1205 divina
1235 1155 1493 1222 mysteria
1529 1162 1772 1206 sumunt.

748 1241 804 1295 2.
848 1239 959 1295 Int.
1005 1242 1272 1296 Similiter
1302 1242 1369 1296 de
1403 1252 1590 1296 sancta
1619 1241 1936 1294 Pentecoste
1979 1240 2241 1310 scriptum

678 1343 784 1393 est.
822 1350 889 1388 ne
933 1351 1073 1405 genu
1123 1335 1405 1390 ﬂectamus
1462 1350 1596 1389 neve
1648 1333 1873 1387 omnino
1913 1333 2242 1402 jejunemus.

677 1425 790 1480 Cur
833 1442 964 1495 ergo
995 1429 1085 1494 qui
1122 1428 1175 1481 in
1224 1429 1338 1481 suis
1379 1427 1531 1480 cellis
1579 1427 1841 1489 resident,
1896 1426 1946 1479 id
1983 1441 2089 1478 non
2128 1440 2243 1478 ser-

678 1525 828 1578 vant,
861 1517 954 1571 sed
998 1528 1051 1571 et
1073 1518 1344 1588 jejunant,
1383 1528 1436 1572 et
1472 1533 1610 1588 genu
1645 1518 1869 1572 ﬂectunt
1899 1526 2008 1570 tota
2041 1516 2244 1570 hebdo-

679 1611 858 1675 mada,
887 1616 1113 1681 excepto
1143 1611 1399 1665 nimirum
1450 1611 1688 1666 Sabbato
1712 1626 1774 1665 ac
1803 1611 1889 1664 die
1923 1608 2245 1664 Dominico?

749 1787 902 1856 Resp.
945 1788 1223 1860 Evangelii
1250 1788 1588 1860 prmdicatio,
1619 1787 1926 1843 communis
1948 1803 2069 1843 cum
2099 1795 2243 1841 esnet

2342 602 2446 670 κ’ἦς
2470 605 2534 672 τῇ
2562 603 2770 672 μεγάλῃ
2797 603 3022 674 πέμπτῃ
3044 603 3220 655 εσθιον
3241 604 3291 655 οἱ
3316 603 3588 672 ἀνθρωττοι
3617 604 3780 674 τυρὸν
3811 606 3912 656 καὶ

2340 694 2424 764 ᾠὰ
2444 710 2459 724 ⁸
2496 694 2736 756 ἐλθόντες
2762 694 2818 746 δὲ
2848 693 3069 765 ὕστερον
3095 695 3146 747 οἱ
3184 696 3438 763 πατέρες,
3469 697 3561 749 καὶ
3592 695 3750 750 τοῦτο
3776 699 3910 752 ἀτο-

2340 804 2442 839 πον
2469 785 2796 854 διαγνόντες,
2827 785 2917 839 τὸν
2946 785 3148 839 κανόνα
3179 786 3366 838 τοῦτον
3400 785 3666 850 ἐξέθεντο,
3703 787 3764 839 ού
3795 790 3911 856 μὴν

2340 877 2397 929 δὲ
2427 877 2554 948 περὶ
2583 875 2764 929 ἐλαίου
2792 875 2888 929 καὶ
2910 875 3054 928 οῐνου
3087 875 3250 928 τοῦτο
3277 875 3588 940 ἐξελὰὁοντο
3610 890 3626 904 ⁸
3660 878 3908 945 συγκράο

2341 988 2497 1042 τησις
2533 971 2641 1041 γὰρ
2667 971 2824 1024 τοῦτο
2854 973 2948 1024 καὶ
2974 970 3296 1040 παραμυθία
3327 969 3426 1039 τῆς
3456 971 3630 1040 ἄκρας
3655 987 3909 1023 κακοπα-

2342 1061 2492 1125 θείας
2523 1065 2586 1116 ἐκ
2625 1062 2877 1133 νηστείας
2909 1061 3018 1116 τῶν
3055 1061 3576 1132 μεταλαμϐανόντων
3605 1062 3714 1115 τῶν
3745 1061 3910 1114 θείων

2345 1155 2678 1224 μυστηρίων.

2415 1241 2481 1313 β’.
2517 1243 2710 1312 Ἐρώτ.
2760 1243 3028 1306 Ὡσαύτως
3057 1243 3150 1296 καὶ
3193 1243 3321 1310 περὶ
3355 1242 3451 1310 τῆς
3493 1241 3654 1308 ἁγίας
3693 1241 3908 1307 Πεντη-

2343 1336 2544 1404 κοστῆς
2575 1337 2880 1407 γέγραπται
2910 1337 2984 1406 μὴ
3021 1336 3220 1389 κλίνειν
3259 1334 3462 1402 γόνυ.ἢ
3495 1335 3627 1396 ὅλως
3651 1335 3910 1400 νηστείαν

2343 1425 2717 1496 ἐργάσασθαι·
2759 1425 2874 1487 πῶς
2913 1422 3004 1479 οὖν
3045 1427 3096 1478 ol
3149 1425 3447 1494 καθήμενοι
3486 1428 3543 1477 ἐν
3575 1427 3686 1486 τοῖς
3725 1424 3911 1476 αὐτῶν

2344 1515 2577 1578 κελλίοις
2607 1517 2666 1568 ού
2699 1515 2856 1569 τοῦτο
2885 1517 3274 1585 φυλάσσουσιν,
3300 1517 3434 1570 ἀλλὰ
3459 1517 3552 1570 καὶ
3583 1519 3908 1585 νηστεύουσι

2342 1612 2438 1663 καὶ
2457 1611 2585 1677 γόνυ
2617 1608 2889 1662 κλίνουσιν
2921 1610 3048 1678 ὅλην
3073 1609 3170 1681 τὴν
3196 1609 3490 1680 ἐὸδομάδα,
3528 1609 3654 1662 ἄνευ
3687 1609 3909 1662 Σαϐϐα-

2339 1711 2434 1754 του
2460 1700 2700 1770 δηλονότι
2729 1699 2824 1752 καὶ
2852 1699 3135 1770 Κυριακῆς
3159 1717 3176 1764 ;

2426 1789 2626 1842 Ἀπόκ.
2667 1787 2740 1840 Τὸ
2773 1791 3031 1858 κήρυγμα
3064 1789 3157 1842 τοῦ
3186 1789 3518 1858 Εὐαγγελίου
3570 1789 3746 1840 κοινὸν
3802 1789 3910 1841 τεά-

679 1879 780 1932 ῑοιὶ
836 1881 1062 1946 mundo,
1125 1897 1411 1950 nuperque
1462 1880 1624 1938 facta.
1675 1880 1941 1950 generalia
1996 1870 2312 1931 tradebatB
2347 1895 2416 1950 σῃ
2463 1882 2529 1949 τῇ
2586 1881 2684 1932 οἰκι

2347 1895 2416 1950 σῃ
2463 1882 2529 1949 τῇ
2586 1879 2875 1949 οἰκουμένῃ
2913 1919 2928 1942 ,
2976 1879 3071 1931 καὶ
3120 1881 3316 1932 νεωστὶ
3378 1879 3676 1948 διδόμενον,
3739 1877 3908 1931 καθο-

679 1971 839 2024 etiam
875 1983 1164 2041 praecepta.
1194 1971 1257 2026 Et
1291 1973 1416 2042 quia
1461 1971 1662 2026 Christi
1711 1971 2038 2026 resurrectio
2062 1986 2091 2023 a
2123 1970 2239 2039 ple-

678 2063 863 2132 risque
911 2079 1016 2116 non
1075 2064 1420 2127 credebatur,
1466 2065 1535 2117 ob
1579 2079 1697 2118 eam
1751 2063 2083 2118 suadendam
2137 2061 2241 2114 hoc

676 2150 841 2204 etiam
895 2151 1175 2206 decretum
1223 2152 1427 2206 editum
1465 2151 1585 2217 fuit,
1617 2160 1804 2206 vetans
1844 2151 2242 2221 quodammodo

680 2256 747 2296 ac
787 2243 1010 2309 docens,
1045 2244 1189 2313 quod
1235 2244 1396 2298 sicuti
1432 2245 1637 2314 peccati
1677 2259 1844 2299 causa
1878 2242 2076 2298 mortui
2123 2257 2242 2296 era-

677 2348 826 2398 mus,
869 2342 924 2388 et
955 2335 1107 2388 humi
1138 2336 1321 2398 strati,
1357 2351 1458 2390 nec
1512 2351 1797 2406 resurgere
1830 2336 2094 2398 valentes,
2134 2333 2238 2387 nisi

675 2433 962 2492 appareret
1006 2424 1054 2478 is
1094 2424 1188 2494 qui
1239 2439 1340 2478 nos
1378 2435 1732 2478 revocaturus
1766 2421 1834 2475 ad
1873 2422 2040 2474 vitam
2088 2432 2237 2483 erat;

675 2516 759 2571 sic
806 2516 1128 2570 adveniente
1159 2517 1454 2585 postremis
1497 2515 1854 2584 temporibus,
1901 2513 1994 2567 illo
2023 2512 2110 2566 cui
2159 2527 2241 2565 re-

674 2608 913 2678 positum
962 2616 1080 2661 erat
1101 2609 1242 2672 ¹⁰·¹¹,
1275 2607 1492 2661 Christo
1520 2606 1629 2660 Deo
1655 2617 1860 2669 nostro,
1891 2614 1945 2660 et
1971 2604 2241 2672 impecca-

675 2699 768 2753 bili
793 2714 891 2770 pro
907 2700 1140 2768 peccatis
1158 2700 1357 2753 nostris
1387 2700 1640 2768 patiente,
1674 2714 1772 2752 nos
1812 2699 2237 2761 resurreximus,

679 2805 745 2845 ac
800 2801 1086 2860 prapterea
1135 2792 1375 2862 mysterii
1427 2791 1591 2860 hujus
1641 2789 1992 2845 conﬁrmandi
2049 2804 2237 2855 causa,

677 2895 854 2934 canon
904 2882 1004 2933 iste
1048 2883 1300 2935 conditus
1344 2881 1464 2944 fuit,
1519 2881 1612 2949 qui
1652 2890 1705 2932 et
1749 2880 1856 2932 vim
1890 2879 2146 2942 obtinuit,
2187 2887 2241 2932 et

679 2972 868 3040 utique
897 2971 1157 3024 obtineat.
1199 2969 1383 3040 Neque
1411 2970 1617 3024 idcirco
1644 2980 1824 3022 tamen
1857 2977 2082 3037 peccant
2120 2981 2239 3019 rno-

677 3065 859 3128 nachi,
913 3063 1164 3132 privatim
1223 3063 1308 3116 his
1339 3064 1530 3116 diebus
1570 3077 1709 3132 genu
1767 3061 2057 3115 ﬂectentes.
2104 3057 2236 3112 Nam

2345 1971 2509 2035 λικῶς
2571 1973 2823 2024 ἐποιείτω
2884 1975 2979 2025 καὶ
3034 1973 3104 2023 τά
3161 1972 3542 2042 ἐπιτάγματα·
3583 1973 3678 2024 καὶ
3723 1973 3842 2024 ἐπεὶ
3873 1973 3911 2040 ἡ

2345 2062 2439 2115 τοῦ
2503 2062 2736 2131 Χριστοῦ
2791 2064 3092 2126 ἀνάστασις
3151 2066 3263 2126 τοίς
3301 2063 3512 2125 πολλοῖς
3577 2064 3853 2130 ἡπιστεῖτο
3891 2103 3907 2123 ,

2345 2155 2489 2225 πρὸς
2541 2155 2913 2225 πληροςρορίαν
2970 2155 3175 2226 ταύτης
3216 2155 3579 2224 ἐδογματίσθη
3643 2157 3795 2208 τουτὶ
3846 2156 3909 2208 τὸ

2343 2246 2539 2317 δόγμα,
2567 2246 2878 2318 διαγορεῦον
2917 2247 3115 2300 ὡσανεὶ
3157 2249 3252 2301 καὶ
3297 2248 3568 2310 διδάσκον,
3602 2250 3685 2301 ὅτι
3717 2247 3909 2317 ῶσπερ

2341 2341 2408 2409 τῇ
2459 2337 2701 2408 ἁμαρτία
2750 2338 3134 2408 ἐνεκρῶθημεν
3171 2339 3425 2402 πεσόντες
3475 2339 3641 2403 κάτω,
3693 2341 3786 2392 καὶ
3828 2340 3907 2410 μὴ

2343 2430 2630 2500 δυνάμενοι
2659 2431 2952 2501 ἀναστῆναι
2984 2431 3058 2500 μὴ
3087 2433 3411 2500 φαινομένου
3444 2431 3538 2484 τοῦ
3572 2434 3906 2501 ἀναστήσον-

2341 2538 2453 2587 τος,
2483 2522 2655 2586 οὕτως
2684 2523 2926 2586 ἐλθόντος
2958 2525 3016 2577 ἐν
3046 2524 3293 2586 ὑστάτοις
3339 2526 3548 2595 καιροῖς
3580 2525 3689 2578 τοῦ·
3800 2529 3908 2578 άπ-

2342 2616 2518 2670 ίκειτο
2574 2616 2810 2688 Χριστοῦ
2861 2616 2955 2670 τοῦ
3003 2616 3136 2670 Θεοῦ
3177 2615 3351 2686 ἡμῶν,
3390 2607 3485 2669 καλ⁵
3516 2617 3775 2680 παθόντος
3809 2620 3908 2670 ἁν-

2342 2709 2671 2780 αμαρτήτως
2711 2709 2798 2763 διὰ
2830 2710 2930 2772 τὰς
2961 2707 3232 2779 ἁμαρτίας
3259 2708 3438 2777 ἡμῶν,
3477 2710 3636 2778 ἡμεῖς
3678 2709 3906 2774 ἀνέστη-

2343 2818 2476 2872 μενο
2503 2801 2594 2855 διὰ
2619 2803 2776 2855 τοῦτο
2808 2801 2943 2867 πρὸς
2978 2803 3238 2854 πίστωσιν
3271 2799 3365 2853 τοῦ
3407 2801 3705 2870 μυστηρίου
3745 2800 3903 2871 ἐτέθη

2340 2894 2518 2945 οὑτοσὶ
2569 2895 2597 2945 ό
2649 2891 2848 2954 κανὼν,
2883 2893 2976 2945 καὶ
3004 2895 3292 2964 ἐκράτησε,
3327 2892 3420 2946 καὶ
3467 2892 3770 2961 κρατείτω’
3805 2892 3906 2944 οὐκ

2339 2986 2446 3054 ἀρα
2504 2985 2560 3037 δέ
2614 2985 3014 3055 ἁμαρτάνουσιν
3070 2988 3117 3038 οἱ
3189 2985 3413 3056 μοναχοὶ
3476 2983 3718 3055 κρυφίως
3777 2986 3904 3050 γόνυ

2339 3077 2610 3140 κλίνοντες
2665 3079 2723 3131 ἐν
2777 3077 3001 3140 ταύταις
3039 3079 3160 3141 ταῖς
3219 3079 3490 3148 ἡμέραιςο
3539 3078 3905 3146 κατακρίτους

673 3171 798 3210 cum
827 3172 886 3210 se
918 3156 1169 3224 reosjam
1201 3155 1608 3217 constituerint,
1643 3164 1697 3208 et
1722 3156 1878 3224 quasi
1911 3157 2114 3210 carceri
2141 3170 2237 3208 νο·
2264 3203 2306 3261 C
2339 3171 2447 3240 γάρ
2493 3170 2683 3222 ἑαυτοὺ

2340 3171 2447 3240 γὰρ
2493 3170 2715 3232 ἐαυτοὺς
2758 3171 3102 3240 ποιήσαντες,
3144 3170 3237 3223 καὶ
3288 3169 3449 3222 οἱονεὶ
3504 3168 3762 3230 ἑκουσίως
3807 3170 3907 3234 ἐμ-

673 3251 910 3305 luntario
958 3251 1406 3320 mancipaverint,
1451 3264 1665 3318 semper
1707 3249 1905 3303 debent
1941 3250 2007 3302 ad
2062 3250 2236 3302 Domi-

674 3359 803 3397 num
852 3344 1108 3405 clamare,
1176 3351 1231 3396 et
1277 3341 1584 3395 humilitate
1647 3356 1744 3395 sua
1795 3341 2234 3394 misericordiam

675 3435 988 3505 implorare.
1020 3434 1204 3503 Neque
1227 3434 1370 3488 enim
1399 3432 1670 3486 monacho
1721 3432 2040 3486 solemnitas
2062 3446 2144 3487 est
2183 3433 2234 3486 in

673 3535 839 3590 terra,
872 3536 928 3579 ut
957 3527 1177 3595 quidam
1215 3527 1368 3579 dixit.

739 3620 791 3674 5.
838 3617 946 3673 lnt.
977 3621 1032 3673 Si
1085 3619 1208 3688 quis
1267 3629 1378 3671 tum
1429 3631 1656 3669 numero
1684 3624 1796 3669 tum
1833 3616 2094 3684 qualitate
2127 3631 2234 3670 non

672 3727 861 3781 parum
897 3712 1129 3780 peccatis
1154 3709 1465 3763 carnalibus
1500 3716 1670 3763 semet
1719 3708 1998 3776 itnpiavit;
2045 3709 2239 3763 deinde

670 3819 799 3857 vero
856 3802 923 3856 de
975 3803 1059 3855 his
1104 3802 1410 3863 confessus,
1459 3814 1700 3869 congrua
1747 3799 1923 3868 culpis
1967 3799 2236 3867 ejusmodi

672 3897 908 3950 remedia
944 3898 1148 3964 accepit
1176 3896 1389 3964 sibique
1414 3895 1661 3948 adhibuit
1689 3913 1703 3959 ;
1730 3895 2006 3964 quomodo
2036 3910 2240 3965 cogno-

671 4000 783 4044 scet
816 3991 1067 4059 prmtlicta
1102 3999 1319 4057 peccata
1371 3988 1473 4040 sibi
1527 3987 1697 4041 fuisse
1729 3989 1979 4053 remissa,
2019 3998 2078 4042 ut
2114 4003 2237 4047 per-

669 4097 892 4135 suasum
961 4081 1153 4134 habeat
1214 4082 1320 4134 tale
1393 4095 1454 4133 se
1530 4079 1730 4133 bonum
1809 4094 1934 4135 esse
2015 4096 2239 4136 assecu-

669 4183 781 4226 tum
806 4173 828 4225 ‘l

739 4265 892 4333 Resp.
928 4263 1104 4318 Nemo
1147 4278 1386 4332 unquam
1432 4263 1832 4333 comperiretur
1881 4265 2142 4333 pmnitere
2187 4272 2241 4318 et

668 4355 933 4418 conliteri,
971 4354 1074 4408 nisi
1114 4354 1326 4408 ﬁrmam
1365 4364 1522 4408 antea
1553 4370 1701 4424 spem
1745 4354 1988 4418 haberet,
2017 4355 2162 4425 quod
2193 4357 2240 4410 si

669 4453 902 4514 sincere,
953 4449 1198 4518 inquam,
1249 4445 1512 4502 conﬁtear
1558 4458 1612 4500 et
1665 4447 1968 4516 impositam
2023 4462 2237 4516 pmnam

2340 3261 2867 3331 πεφυλακισμένους,
2922 3261 3225 3330 ὀφείλουσιν
3279 3259 3366 3312 ἀεὶ
3422 3261 3548 3330 βοᾷν
3614 3259 3744 3326 πρὸς
3793 3258 3907 3310 Κῦ-

2342 3373 2474 3426 ριον,
2506 3355 2598 3408 καὶ
2627 3353 2876 3422 ἐκζητεῖν
2900 3351 2989 3403 διά
3017 3350 3396 3412 ταπεινώσεως
3420 3352 3518 3420 τὴν
3543 3353 3903 3420 συμπάθειανο

2339 3448 2399 3500 οὐ
2455 3446 2563 3516 γὰρ
2611 3447 2726 3498 ἐστι
2764 3444 2980 3515 μοναχῷ
3024 3443 3115 3496 ἐπὶ
3142 3441 3241 3512 τῆς
3273 3443 3373 3512 γῆς
3404 3443 3584 3514 ἑορτὴ,
3635 3445 3773 3496 κατὰ
3815 3445 3907 3496 τὶν

2341 3537 2582 3590 εἰπόντα.

2409 3627 2478 3696 γ’.
2517 3627 2860 3696 Ἐρώτ.Ἐὰν
2888 3644 2972 3689 τις
3002 3627 3214 3698 ἥμαρτε
3259 3626 3516 3697 ποσότητί
3547 3644 3605 3679 τε
3637 3627 3729 3680 καὶ
3753 3630 3904 3679 aratri:

2339 3732 2460 3784 τητι
2491 3716 2589 3768 οὐκ
2633 3715 2787 3784 ὀλίγα
2819 3714 2928 3768 τῶν
2959 3715 3285 3783 σωματικῶν
3319 3717 3752 3786 ἁμαρτημάτων,
3788 3715 3907 3770 εἶτα

2339 3808 2792 3877 ἐξωμολογήσατο
2836 3809 2928 3859 καὶ
2979 3806 3195 3870 ἐδέξατο
3248 3809 3591 3876 προσήκοντα
3638 3811 3904 3877 φάρμακα

2339 3904 2451 3963 τοῖς
2494 3900 2759 3962 τοιούτοις
2806 3900 3202 3969 ἁμαρτήμασι,
3250 3901 3344 3953 καὶ
3392 3901 3682 3970 εἰργάσατο
3741 3902 3902 3964 αὐτα,

2340 3993 2507 4047 πόθεν
2548 3993 2662 4064 ἔχει
2706 3992 2908 4060 γνῶναι
2938 3991 2986 4044 ει
3016 3992 3189 4046 ταῦτα
3218 3993 3285 4046 τὰ
3314 3995 3688 4065 προρρηθέντα
3721 3996 3830 4062 ἅμα
3844 4013 3903 4063 ρ-

2339 4084 2560 4153 τήματα
2607 4081 2759 4153 αύτῷ
2804 4081 3106 4153 ἀφέθησαν,
3159 4083 3300 4136 ῶστε
3349 4085 3720 4154 πληροφορίαν
3755 4091 3902 4156 σχεῖν

2338 4175 2416 4246 τῷ
2442 4173 2692 4244 λογισμῷ
2719 4173 2846 4242 περὶ
2873 4173 2983 4227 τῶν
3012 4173 3274 4226 τοιούτων
3302 4174 3553 4240 ἀγαθῶν;

2423 4265 2624 4319 Ἀπόκ.
2675 4263 2940 4318 Ούδέποτέ
2992 4279 3076 4324 τις
3119 4263 3431 4333 εὑρίσκεται
3482 4267 3760 4334 μετανοῶν
3808 4270 3901 4322 καὶ

2340 4357 2853 4426 ἐξομολογούμενος,
2885 4357 2932 4408 εί
2967 4357 3040 4426 μὴ
3065 4355 3279 4426 πρῶτον
3305 4356 3530 4427 βεϐαίαν
3554 4361 3652 4428 σχῇ
3684 4360 3896 4422 ἐλπίδα,

2339 4448 2420 4502 ὅτι
2447 4448 2572 4501 Ἐὰν
2610 4448 3089 4517 ἐξομολογήσωμαι
3121 4447 3393 4518 καθαρῶς,
3417 4448 3510 4500 καὶ
3531 4448 3802 4513 καταδὲξω
3834 4451 3898 4502 τὰ

668 4543 968 4603 admittam,
1015 4555 1240 4610 prorsus
1274 4537 1406 4592 mihi
1460 4539 1713 4592 remissio
1742 4538 1850 4593 ﬁet.
1895 4537 2033 4604 Quia
2066 4540 2232 4611 igitur
2262 4535 2311 4595 D
2335 4539 2608 4610 ἐπιτίμια,
2637 4543 2684 4592 ὲ)

2340 4539 2608 4610 ἐπιτίμια,
2637 4543 2702 4592 ἐκ
2730 4540 2931 4602 παντὸς
2959 4541 3246 4611 γενήσεταί
3295 4557 3387 4610 μοι
3429 4539 3620 4607 ἄφεσις
3641 4555 3654 4568 ·
3686 4542 3804 4592 ἐπεὶ
3841 4542 3896 4593 δὲ

669 4635 920 4691 homines
948 4633 1346 4687 multitudinem
1397 4631 1680 4699 culparum
1715 4642 2023 4685 nostrarum
2051 4633 2232 4687 consi-

667 4728 944 4790 deramus,
999 4725 1226 4794 ideoque
1259 4723 1325 4778 de
1371 4723 1540 4777 multa
1570 4738 1696 4793 erga
1738 4738 1838 4777 nos
1884 4721 1977 4777 Dei
2016 4725 2232 4779 miseri-

668 4818 852 4874 cordia
913 4817 1067 4887 quasi
1105 4817 1438 4880 dubitamus,
1492 4815 1695 4868 idcirco
1743 4815 1808 4867 ad
1867 4815 2232 4871 confessarios

668 4921 885 4964 nostros
921 4909 1284 4978 confugimus,
1335 4906 1666 4976 postulantes
1695 4905 1905 4974 plenam
1944 4923 2040 4977 per
2085 4910 2234 4979 ipso-

666 5019 788 5057 rum
839 5016 1033 5054 manus
1078 5000 1479 5068 impositionem
1539 5000 1942 5066 remissionem,
1987 5002 2079 5071 qui
2117 5018 2236 5072 per-

668 5110 856 5149 sonam
911 5092 1145 5147 tollentis
1196 5099 1415 5161 peccata
1463 5102 1645 5147 nostra
1698 5103 2086 5162 repraesentare
2116 5110 2235 5149 cre-

666 5189 890 5242 duntur.

738 5365 790 5418 4.
832 5363 941 5418 Int.
976 5364 1033 5417 Si
1065 5364 1187 5432 quis
1239 5362 1542 5431 peccaverit
1593 5361 1674 5414 vel
1731 5375 1984 5415 sermone
2037 5361 2236 5425 otioso,

669 5460 750 5512 vel
784 5457 1159 5526 improbando,
1212 5457 1294 5510 vel
1326 5453 1732 5523 interrogando,
1762 5452 1844 5506 vel
1877 5452 2235 5522 stultiloquio,

741 5573 856 5604 ¹⁰’¹⁸
890 5571 1024 5626 Gen.
1054 5586 1200 5636 χιιι,
1238 5569 1324 5624 l0.

2337 4631 2636 4704 ἀφορῶμεν
2664 4632 2712 4684 ol
2747 4629 3022 4702 ἄνθρωποι
3067 4632 3202 4700 πρὸς
3229 4630 3290 4683 τὸ
3335 4630 3538 4701 πλῆθος
3567 4628 3672 4682 τῶν
3697 4632 3893 4701 ἡμετὲ-

2340 4741 2449 4796 ρων
2485 4723 2863 4792 πταισμάτων,
2894 4725 2988 4775 καὶ
3019 4723 3183 4775 οἱονεὶ
3207 4723 3266 4774 ἐν
3301 4720 3585 4791 δισταγμῷ
3612 4737 3716 4776 τινι
3746 4725 3892 4792 εὑρι-

2340 4815 2582 4886 σκόμεθα
2611 4815 2708 4884 τῆς
2741 4813 2941 4882 πολλῆς
2980 4814 3107 4884 περὶ
3139 4814 3284 4883 ἡμᾶς
3307 4811 3401 4866 τοῦ
3435 4811 3570 4865 Θεοῦ
3601 4813 3896 4883 φιλανθρω-

2339 4909 2510 4968 πίας,
2557 4905 2646 4958 sta:
2691 4904 2846 4957 τοῦτο
2880 4905 3299 4974 καταφεύγομεν
3349 4904 3486 4975 πρὸς
3531 4905 3656 4966 τοὺς
3703 4904 3888 4957 ἀναδό-

2339 5014 2465 5068 χους
2495 4998 2571 5070 (5)
2599 4996 2778 5068 ἡμῶν,
2812 4996 3179 5063 ἐξαιτούμενοι
3215 4997 3315 5067 τὴν
3346 4996 3560 5050 τελείαν
3589 4997 3784 5063 ἄφεσιν
3811 4996 3894 5050 διὰ

2336 5089 2437 5159 τῆς
2487 5088 2786 5152 ἐπιθέσεως
2828 5088 2935 5141 τῶν
2982 5089 3180 5159 χειρῶν
3226 5089 3424 5154 αὐτῶν,
3470 5087 3895 5156 ἀντιπροσώπων

2337 5177 2477 5235 εἶναι
2540 5184 2968 5251 πεπιστωμὲνων
3025 5179 3121 5232 τοῦ
3177 5182 3423 5252 αἴροντος
3477 5181 3573 5244 τὰς
3628 5180 3894 5252 ἁμαρτίας

2340 5273 2516 5342 ἡμῶν.

2407 5364 2467 5416 δ’.
2509 5364 2700 5430 Ἑρώτ.
2739 5364 2862 5417 Ἐάν
2887 5380 2970 5425 τις
2999 5362 3285 5432 προσπέσῃ
3313 5360 3402 5413 διὰ
3423 5377 3480 5412 τε
3506 5361 3668 5429 λόγου
3698 5360 3888 5431 ἀργοῦ,

2339 5456 2373 5524 ἢ
2405 5457 2492 5509 διὰ
2525 5456 2924 5525 κατακρίσεως,
2958 5456 2990 5526 ἢ
3023 5453 3383 5524 ἀνακρίσεως,
3417 5452 3449 5521 ἢ
3483 5453 3890 5524 μωρολογίας,ῆ

2154 5661 2385 5718 NOTAE.

737 5822 813 5893 ('5)
857 5821 1122 5890 ’Δνάδοχοι
1157 5821 1316 5890 vulgo
1345 5820 1602 5878 dicuntur
1646 5832 1962 5890 susceptam
2013 5823 2065 5875 in
2099 5821 2378 5889 baptismo.
2421 5819 2518 5878 llic
2553 5831 2729 5880 tamen
2763 5823 3097 5892 intelligendi
3145 5823 3394 5879 videntur
3420 5821 3773 5878 confcssarii.
