4188 6488
240 433 379 500 1733

1429 433 1489 492 S.
1514 431 1899 495 THEODORI
1948 434 2290 497 STUDIT/E

3331 434 3466 498 1734

237 543 605 619 εὐτραπελίας
627 582 642 607 ,
675 542 709 614 ἢ
738 541 912 604 άλλως
958 539 1047 595 διὰ
1079 539 1325 611 γλώττης
1356 540 1659 612 ἁμαρτίας,
1702 544 1794 597 καὶ
1823 556 1865 607 Α

1823 556 1865 607 Α
1896 546 1978 601 vel
2006 545 2214 613 jocosis
2256 543 2456 608 verbis,
2501 542 2581 598 vel
2623 542 2909 613 jactantia,
2962 553 3056 598 aut
3110 543 3216 599 alio
3269 545 3467 616 linguae

238 638 450 709 ἑπιγνῷ
490 637 586 689 καὶ
639 634 895 704 καταγνῷ
944 631 1161 696 ἑαυτοῦ,
1210 631 1265 685 τί
1323 633 1527 701 ὀφείλει
1576 635 1801 704 ποιῆσαι

237 729 566 800 ἀντισηκοῦν
597 731 677 792 είς
709 728 1001 798 μετάνοιαν
1023 725 1180 793 ἀξίαν
1204 726 1301 781 καὶ¹
1327 727 1407 790 είς
1426 725 1801 798 πληροφορίαν

238 823 335 877 τοῦ
372 822 505 874 ίδίου
530 819 792 889 λογισμοῦ
813 836 827 883 ;

325 916 520 970 Ἀπόκ.
556 914 727 967 Τοῦτο
774 914 873 965 οὐκ
924 911 1040 965 ἑστι
1086 911 1482 982 νομοκανόνου,
1531 910 1667 964 ἀλλὰ
1708 911 1805 983 τῆς

242 1006 543 1077 μοναχικῆς
568 1043 583 1065 ,
629 1005 725 1057 καὶ
767 1004 842 1066 ὼς
884 1000 950 1056 ἂν
976 1003 1119 1055 εῐποι
1149 1020 1233 1065 τις
1260 1003 1608 1073 κοινοὸιακῆς
1632 1020 1804 1059 κατα-

241 1097 486 1159 στάσεως
527 1095 783 1166 άκρίὸεια
808 1135 825 1162 ,
864 1094 1238 1166 καθημερινὰς
1269 1094 1460 1165 ἔχοντα
1501 1096 1599 1160 τὰς
1626 1098 1804 1151 ἑπιτι-

244 1190 462 1259 μήσεις,
492 1188 524 1258 ἢ
553 1187 642 1241 καὶ
668 1186 1052 1256 ἑϐδομαδιαίας
1070 1226 1087 1249 ,
1117 1186 1299 1251 καθὼς
1329 1188 1578 1260 περιέχει
1606 1188 1677 1242 τά
1708 1187 1804 1241 τοῦ

245 1279 404 1349 ἁγίου
421 1277 702 1332 Βασιλείου
736 1279 1003 1349 ἑνκρυφῆ,
1023 1283 1118 1331 καὶ
1134 1277 1244 1331 τῶν
1272 1278 1411 1347 μετὰ
1434 1277 1610 1331 ταῦτα
1630 1278 1806 1345 ἁγίων

242 1371 526 1443 Πατέρων.
558 1368 681 1423 Οίόν
714 1368 766 1421 τί
794 1385 969 1439 φημι·
1004 1368 1356 1440 Ῥᾳθυμήσας
1376 1386 1459 1431 τις
1492 1368 1588 1423 καὶ
1607 1370 1807 1422 ἀπονυ-

246 1448 450 1526 στάξας
496 1460 756 1523 ἑκουσίως
798 1460 857 1512 ἑν
885 1458 965 1525 τῷ
1009 1458 1190 1531 ὄρθρῳ
1232 1459 1330 1529 οὐχ
1376 1460 1610 1530 εὑρέθηο
1645 1458 1805 1512 τοῦτο

245 1552 782 1623 ἐξομολογησάμενος
802 1548 879 1621 τῷ
908 1551 1083 1620 Πατρὶ
1111 1549 1501 1616 αὐτοῦ,ἑλα6εν
1528 1551 1806 1623 ἑπιτίμιον

248 1640 583 1713 ξηροφαγίαν
615 1640 779 1712 ἄρτου
813 1640 909 1695 καὶ
939 1640 1148 1706 ὓδατος,
1184 1642 1279 1695 καὶ
1315 1642 1611 1712 μετανοιῶν
1640 1644 1806 1697 ποσό-

245 1748 411 1801 τητος
460 1734 632 1787 τόσων
679 1734 774 1788 καὶ
803 1734 978 1787 τόσων
1010 1734 1152 1788 κατὰ
1182 1732 1281 1804 τὴν
1311 1734 1527 1805 ἡμέραν
1564 1736 1803 1805 ἑκείνην.

247 1824 435 1888 Οὕτως
459 1825 740 1896 νοήσωμεν
768 1826 863 1879 καὶ
899 1824 968 1878 τά
994 1824 1159 1879 λοιπά
1188 1824 1329 1879 κατὰ
1353 1827 1555 1896 τρόπον
1586 1828 1808 1883 παιδεύ-

248 1936 387 1981 σεως
417 1917 782 1990 εὑρισκόμενα
810 1917 947 1989 πρὸς
972 1918 1097 1977 τοὺς
1120 1916 1606 1988 καταδεχομένους.

1833 1885 1881 1943 Β

1902 647 2122 710 peccato
2146 678 2162 703 ,
2194 647 2248 693 et
2276 646 2455 692 tamen
2505 638 2786 706 resipiscat
2813 647 2867 690 et
2900 646 3073 691 semet
3101 638 3465 705 condemnet;

1902 730 2029 799 quid
2053 728 2101 783 ei
2124 729 2388 798 agendum
2416 737 2518 790 est,
2542 727 2686 795 quod
2730 726 2889 795 justze
2939 728 3268 796 paenitentiae
3295 732 3470 798 aequi-

1903 821 2122 892 polleat,
2151 831 2205 873 et
2230 819 2397 873 animi
2427 820 2510 874 sui
2548 820 2705 872 Iidem
2739 817 2946 872 faciat?

1976 911 2133 980 Resp.
2168 910 2280 965 Hoc
2306 926 2415 964 non
2468 911 2703 980 pertinet
2745 910 2811 963 ad
2861 924 3332 977 nomocanonem;
3374 911 3470 966 sed

1903 1012 1987 1060 est
2014 1004 2355 1058 monachalis
2382 1018 2446 1057 ac
2468 1002 2631 1056 veluti
2658 1002 3001 1057 coenobiticaa
3028 1003 3155 1057 vita:
3219 1018 3468 1057 severum

1905 1095 2185 1160 ofﬁcium,
2233 1095 2605 1165 quotidianam
2682 1108 2844 1164 agere
2900 1093 3312 1163 paenitentiam,
3374 1101 3472 1147 aut

1907 1188 2407 1252 liebdomadariam,
2452 1187 2597 1241 sicut
2633 1196 2719 1241 est
2756 1186 2810 1240 in
2858 1187 3031 1241 sancti
3083 1184 3267 1239 Basilii
3292 1201 3470 1240 secre-

1906 1276 2157 1340 tioribus,
2210 1286 2264 1331 et
2317 1287 2632 1332 sanctorum
2700 1277 2956 1347 deinceps
3007 1276 3248 1331 Patrum.
3310 1274 3470 1331 Verbi

1908 1367 2103 1437 gratia,
2134 1366 2288 1423 deses
2314 1367 2509 1436 aliquis
2538 1378 2592 1423 et
2627 1366 2925 1422 dormitans
2952 1378 3166 1434 sponte,
3203 1366 3471 1421 matutino

1906 1457 2082 1513 ofﬁcio
2135 1472 2243 1512 non
2304 1456 2494 1513 affuit:
2526 1474 2690 1529 quam
2746 1474 2859 1514 rem
2915 1458 3062 1512 Patri
3105 1474 3205 1512 suo
3238 1458 3471 1527 spiritali

1907 1550 2210 1617 confessus,
2254 1550 2585 1620 paenitentiae
2604 1552 2724 1606 loco
2747 1550 2961 1621 accepit
2986 1551 3267 1605 aridorum
3293 1565 3468 1616 esum,

1908 1642 1962 1697 id
1987 1651 2069 1697 est
2092 1642 2249 1711 panis
2284 1652 2339 1695 et
2372 1656 2545 1710 aqua},
2590 1652 2643 1697 et
2675 1651 2881 1698 certum
2932 1652 3328 1696 metanmarum
3366 1658 3471 1695 nu-

1910 1748 2119 1786 merum
2153 1732 2246 1786 illo
2275 1730 2362 1787 die
2393 1730 2783 1787 faciendarum.
2838 1731 2928 1787 Sic
2955 1734 3119 1787 etiam
3146 1734 3353 1803 reliqua
3384 1733 3471 1786 inv

1910 1826 2234 1895 telligemus,
2262 1840 2384 1887 qua:
2422 1825 2745 1880 emendandi
2791 1841 2955 1881 causa
2996 1836 3127 1881 sunt
3170 1827 3473 1896 excogitata

1907 1932 2033 1988 erga
2060 1918 2183 1972 illos
2209 1917 2303 1986 qui
2331 1930 2395 1971 ea
2433 1916 2731 1988 excipiunt.

1114 2317 1497 2410 PCENIE
1578 2312 2606 2412 MONASTERIALES.

1820 2536 1892 2552 -.

255 2669 337 2726 A'.
389 2672 503 2726 Τοῦ
557 2674 731 2727 ὁσίου
793 2672 1024 2741 Πατρός
1075 2671 1246 2741 ἡμῶν
1294 2664 1815 2741 καίίὸμολογῃτοῦ

328 2742 628 2816 Θεοδῴροῃ
668 2736 1022 2816 ’ἠίχόυμιιέγῖρύΔ
1045 2736 1164 2816 τῷν
1206 2736 1493 2816 Στουδίοὺ
1517 2736 1814 2816 ἐπιτίμια.

325 2809 659 2879 Κοινὰγτῆς
697 2809 848 2879 ὅλης
879 2812 1289 2879 ἁδελφότητος
1334 2809 1432 2860 ἐπὶ
1469 2809 1591 2861 τῶν
1628 2822 1817 2873 παρα-

324 2882 743 2938 λειπόντωνὲν
775 2881 848 2949 τῇ
876 2882 1204 2947 Ἐκκλησία
1222 2882 1308 2945 εὶς
1330 2880 1437 2932 τὸν
1468 2879 1715 2930 κανόνα.

330 3017 489 3091 [Cod.
523 3018 646 3073 Vat.
692 3015 818 3081 450,
872 3016 912 3070 f.
957 3014 1030 3069 20
1084 3014 1139 3068 h.
1196 3011 1382 3069 Ottub.
1429 3010 1555 3076 550,
1603 3011 1642 3065 f.
1676 3007 1810 3081 νη]

256 3118 325 3165 α’.
364 3112 422 3164 '0
456 3111 529 3181 μὴ
555 3109 939 3180 εὑρισκόμενος
965 3110 1044 3170 είς
1073 3107 1172 3176 τὴν
1218 3104 1421 3157 εἴσοδον
1449 3103 1542 3157 τοῦ
1566 3103 1722 3168 Δόξα
1744 3103 1815 3156 ὲν

257 3199 563 3267 ὑψίστοις,
588 3198 713 3251 ἄνευ
746 3192 1279 3265 άσθενείαςῆἑτέρας
1307 3192 1532 3262 εὐλόγου
1556 3193 1811 3263 κατοχῆς,

258 3291 317 3342 ἑν
351 3292 416 3360 τῇ
462 3287 680 3359 εὐλογίᾳ
722 3288 931 3358 μενέτω
962 3284 1214 3355 κεκυφὼς
1251 3286 1412 3357 μέχρι
1439 3284 1816 3356 παρελεύσεως

258 3382 366 3434 τῶν
412 3380 681 3448 ἀδελφῶν,
731 3376 1113 3448 ἐξαιτούμενος
1162 3376 1541 3447 συγχώρησινο
1592 3377 1686 3428 καὶ
1718 3370 1816 3429 εἷθ’

260 3472 432 3535 οὕτως
458 3470 782 3541 λαμϐανέτω
814 3470 913 3538 τὴν
940 3466 1210 3535 εὐλογίαν.

335 3564 401 3633 β’.
438 3561 497 3616 '0
547 3560 941 3630 ὑστερούμενος
982 3556 1075 3613 τοῦ
1120 3556 1432 3626 ἑξαψάλμου
1450 3569 1500 3620 ι,
1545 3573 1821 3627 παρεστη-

260 3654 407 3707 κέτω
445 3655 503 3705 ἑν
544 3654 610 3721 τῇ
655 3647 936 3721 τραπέζῃ·
976 3650 1025 3702 εἰ
1057 3646 1114 3700 δὲ
1144 3647 1544 3716 καθίσματοςι),
1580 3646 1820 3716 βαλλέτω

261 3747 366 3800 ἀνὰ
401 3744 688 3816 μετανοίας
725 3741 805 3796 ιε’.
831 3742 987 3795 Μετὰ
1014 3740 1107 3794 τὸν
1134 3739 1442 3809 ἑξάψαλμον
1467 3738 1822 3809 ἐξερχόμενος

261 3838 296 3905 ἢ
328 3836 749 3906 περιερχόμενος
779 3832 906 3887 ἄνευ
937 3831 1317 3902 ὑπομνήσεως,
1341 3827 1741 3900 παραστηκέτω
1764 3829 1821 3880 ἑν

262 3930 331 3998 τῇ
366 3927 632 3998 τραπέζῃ.

334 4025 406 4087 τι
448 4019 512 4072 ’0
550 4016 627 4088 μὴ
673 4016 1031 4087 ἀνιστάμενος
1053 4014 1158 4079 ἕως
1180 4012 1274 4068 τοῦ
1305 4008 1698 4082 πεντηκοστοῦ,
1727 4008 1823 4080 ξη-

266 4108 596 4186 ροφαγείτω.

334 4203 396 4256 δ’.
433 4203 491 4256 '0
520 4202 613 4255 τὸν
648 4200 769 4255 ὅλον
807 4200 1049 4254 κανόναο
1082 4197 1631 4269 άπολιμπανόμενος,
1661 4195 1825 4269 ξηρο-

268 4292 470 4364 φαγίαν
498 4292 793 4346 ἀκάθιστον
824 4290 1188 4361 ἑπιτιμάσθω.

339 4393 403 4440 ε’.
442 4385 499 4439 Ὀ
542 4385 617 4455 μὴ
647 4382 865 4454 φθάνων
891 4384 970 4446 είς
998 4382 1060 4436 τὸ
1085 4382 1366 4453 προοίμιον
1394 4380 1629 4450 ἑκάστης
1654 4376 1820 4451 ὥρας,

265 4477 347 4545 τῷ
383 4474 641 4544 ἐπιτιμίῳ
673 4472 1055 4527 ὑποδαλλέσθω
1078 4470 1174 4526 τοῦ
1209 4471 1286 4543 μὴ
1322 4470 1712 4543 εὑρισκομένου
1742 4472 1824 4534 είς

270 4568 331 4621 τὸ
357 4566 515 4630 Δόξα
542 4565 612 4619 ἐν
639 4565 943 4633 ὑψίστοις.

1912 2663 1953 2721 1.
2014 2665 2199 2740 Sancti
2227 2663 2405 2740 Patris
2442 2666 2619 2740 nostri
2626 2672 2687 2740 ‘el
2727 2664 3036 2740 confessoris
3059 2665 3323 2740 Theodori
3340 2688 3479 2740 ρναν-

1979 2737 2110 2790 sidis
2152 2734 2328 2790 Sludii
2378 2753 2560 2805 paenm.
2594 2734 2663 2787 Et
2721 2735 2889 2804 primo
2942 2738 3149 2803 quidem
3181 2734 3477 2795 cominunes

1981 2806 2435 2882 t_oti_{ru‘lernilali
2465 2807 2713 2859 adversus
2751 2822 2837 2859 eos
2884 2807 2974 2874 qui
3021 2818 3205 2861 contra
3244 2814 3479 2882 regulam

1980 2877 2037 2930 in
2069 2875 2305 2930 Ecclesia
2334 2885 2569 2943 peccaul.

1989 3010 2041 3064 l.
2089 3006 2194 3075 Qui
2221 3024 2326 3063 non
2350 3007 2652 3063 interfuerit
2692 3009 2847 3064 initio
2875 3020 3069 3068 cantus
3095 3012 3280 3068 Gloria
3310 3016 3364 3069 in
3385 3032 3479 3070 ea:-

1919 3102 2091 3167 celsis,
2131 3103 2337 3172 absque
2366 3102 2678 3157 infirmitate
2705 3104 2789 3157 vel
2821 3103 2928 3157 alio
2957 3105 3223 3174 probabili
3249 3106 3481 3175 impedi-

1921 3203 2122 3258 mento,
2165 3196 2289 3249 dum
2339 3195 2501 3249 datur
2529 3195 2849 3261 benedictio,
2911 3206 3127 3251 maneat
3168 3198 3483 3254 incurvatus

1921 3285 1975 3339 in
2001 3286 2232 3341 transitu
2254 3285 2501 3351 fratrum,
2528 3288 2740 3341 veniam
2763 3296 2978 3356 petens;
3002 3298 3167 3360 atque
3191 3292 3261 3345 ita
3283 3291 3479 3349 deinde

1919 3377 2148 3447 accipiat
2183 3377 2632 3435 benedictionem.

1993 3557 2049 3611 2.
2082 3557 2183 3624 Qui
2217 3573 2321 3612 non
2365 3558 2579 3614 anil‘erit
2600 3560 2971 3630 bexapsalmo,
2990 3569 3095 3616 stet
3121 3561 3187 3616 ad
3214 3576 3482 3616 mensam.

1920 3646 2071 3713 Quod
2111 3648 2157 3703 si
2213 3651 2523 3704 cathismati
2577 3650 2833 3715 defuerit,
2883 3654 3149 3722 puniatur
3192 3654 3481 3707 metanmis

1920 3740 2248 3809 quindecim.
2320 3740 2377 3794 Si
2439 3750 2562 3810 post
2620 3744 3028 3813 hexapsalmum
3092 3745 3322 3798 esiverit
3389 3754 3484 3800 aut

1921 3832 2367 3896 ubambulaverit,
2400 3834 2517 3887 sine
2547 3834 2936 3901 admonitione,
2975 3844 3083 3891 stet
3120 3852 3322 3892 mensae
3350 3847 3485 3893 tem-

1922 3938 2053 3993 pore

1990 4016 2045 4070 5.
2090 4016 2193 4082 Qui
2240 4029 2420 4074 rectus
2470 4035 2575 4073 non
2625 4020 2840 4075 steterit
2893 4036 3068 4092 usque
3101 4020 3170 4077 ad
3208 4021 3486 4092 psalmum

1922 4107 2455 4178 quinquagesimum,
2486 4110 2651 4166 aridis
2672 4120 2954 4167 vescatur.

1990 4200 2048 4255 4.
2087 4200 2189 4267 Qui
2230 4210 2403 4256 totum
2447 4218 2715 4259 canonem
2749 4203 3078 4271 deseruerit,
3130 4206 3305 4262 aridis
3336 4216 3488 4262 stans

1923 4286 2067 4341 vesci
2090 4286 2365 4352 jubeatur.

1996 4378 2050 4433 5.
2088 4378 2190 4445 Qui
2234 4396 2341 4435 non
2370 4380 2605 4437 adfuerit
2631 4383 2787 4439 initio
2822 4383 3088 4455 cujusque
3116 4384 3285 4451 horae,
3314 4388 3485 4443 eidem

1926 4482 2099 4537 poena:
2145 4469 2466 4537 subjiciatur
2525 4481 2693 4543 atque
2737 4472 2825 4530 ille
2854 4477 2946 4542 qui
2986 4476 3171 4531 cantui
3212 4476 3402 4534 Gloria
3432 4480 3492 4532 in

1924 4560 2142 4614 excelsis
2165 4561 2420 4617 defuerit.

344 4665 419 4724 ς’.
448 4658 506 4711 '0
535 4657 1046 4727 άπολιμπανόμενος
1077 4656 1171 4711 τοῦ
1199 4657 1561 4727 προκειμένου
1583 4655 1823 4728 ἑκάστης
1855 4661 1899 4716 ι)
1997 4674 1998 4687 χ

1855 4661 1899 4716 ι)
1997 4652 2050 4707 6.
2088 4652 2191 4719 Qui
2242 4655 2529 4711 recesserit
2583 4666 2710 4712 ante
2778 4658 3184 4727 responsorium
3229 4658 3492 4729 cujusque

271 4750 441 4824 ὥρας,
466 4751 499 4823 ἢ
534 4750 626 4803 καὶ
648 4750 753 4812 ἑως
784 4749 992 4813 τέλους,
1024 4747 1420 4819 ξηροφαγείτω.

344 4838 410 4906 ζ’.
449 4841 507 4894 '0
556 4840 630 4911 μὴ
673 4838 1059 4909 εὑρισκόμενος
1105 4838 1213 4892 ἀπὸ
1259 4839 1358 4909 τῆς
1400 4838 1706 4911 ὲνάρξεως,
1749 4838 1829 4910 τῷ

276 4929 536 5000 ἐπιτιμίῳ
564 4927 950 4983 ὑποόαλλέσθω
993 4924 1087 4980 τοῦ
1120 4926 1195 4998 μὴ
1226 4926 1616 4997 εὑρισκομένου
1648 4927 1729 4990 είς
1768 4920 1831 4979 τὸ

277 5022 432 5084 Δόξα
463 5023 533 5075 ἐν
557 5022 859 5089 ὑψίστοις.

346 5120 418 5184 η’.
456 5113 513 5165 '0
537 5112 631 5165 τοῦ
654 5112 975 5182 μεγαλλείου
1005 5112 1080 5183 μὴ
1106 5110 1414 5178 ὑπακούων,
1432 5110 1833 5183 παραστηκέτω

279 5207 337 5260 ἑν
364 5207 430 5276 τῇ
454 5204 719 5276 τραπέζῃ.

353 5294 418 5347 θ’.
460 5292 519 5345 Ὀ
552 5294 900 5364 ἑναπομένων
928 5294 1033 5359 ἔξω
1067 5294 1176 5348 τῶν
1207 5294 1406 5366 θυρῶν,
1435 5295 1832 5367 ξηροφαγείτω.

357 5390 415 5442 t';
447 5385 505 5439 Ὀ
549 5385 622 5455 μὴ
657 5385 929 5438 κοινωνῶν
964 5386 1082 5439 κατ’
1118 5386 1253 5439 ἰδίαν
1299 5386 1545 5457 γνώμην,
1580 5388 1838 5458 άφοριζέ-

287 5474 398 5529 σθω
424 5478 635 5547 ἡμέραν
668 5476 817 5546 μίαν.

361 5570 446 5618 ια’.
476 5565 533 5617 '0
564 5566 621 5617 ἑν
643 5566 896 5637 ἑπιτιμίᾳ
927 5565 1022 5633 ὢν,
1056 5567 1151 5622 καὶ
1182 5567 1255 5639 μὴ
1278 5566 1680 5637 παριστάμενος
1704 5568 1842 5637 μετά

288 5652 396 5707 τῶν
426 5656 850 5723 κατηχουμένων
890 5658 947 5709 ἑν
980 5655 1058 5727 τῷ
1088 5658 1319 5728 νάρθηκι
1365 5657 1464 5727 τῆς
1504 5656 1843 5726 λειτουργίας

293 5745 733 5817 ἐπιτελουμένης,
768 5749 1054 5818 μετανοίας
1084 5748 1323 5817 βαλλέτω
1354 5748 1713 5818 πεντήκοντα.

1931 4742 2098 4809 horae,
2132 4745 2216 4800 vel
2264 4746 2427 4801 etiam
2468 4756 2594 4802 ante
2616 4748 2736 4817 ejus
2798 4751 2980 4812 tinem,
3007 4749 3175 4804 aridis
3219 4760 3493 4805 vescatur.

2002 4834 2055 4888 7.
2103 4833 2205 4900 Qui
2239 4835 2394 4890 initio
2430 4850 2537 4891 non
2566 4834 2893 4900 interfuerit,
2934 4836 3109 4892 eidem
3149 4850 3324 4905 preme
3359 4838 3495 4891 sub-

1929 4924 2151 4995 jiciatur
2193 4935 2355 4998 atque
2383 4926 2474 4982 ille
2502 4926 2597 4998 qui
2637 4926 2868 4983 defuerit
2892 4927 3076 4983 cautni
3109 4926 3293 4983 Gloria
3319 4929 3372 4982 in
3401 4943 3496 4982 ex-

1934 5015 2107 5073 celsis.

2005 5108 2057 5164 8.
2088 5110 2190 5175 Qui
2216 5110 2487 5180 psalmum
2514 5111 2821 5183 magniﬁcat
2855 5127 2963 5167 non
2995 5112 3253 5175 audierit,
3296 5121 3401 5168 stet
3426 5113 3494 5167 ad

1933 5218 2199 5258 mensam.

2006 5290 2059 5344 9.
2090 5289 2195 5355 Qui
2222 5291 2484 5345 manserit
2512 5300 2667 5346 extra
2696 5291 2865 5357 fores,
2899 5292 3063 5348 aridis
3086 5304 3355 5347 vescatur.

2010 5381 2095 5436 10.
2133 5381 2237 5448 Qui
2292 5397 2395 5437 sua
2448 5383 2731 5438 voluntate
2784 5398 2996 5437 sacram
3057 5383 3499 5439 communionem

1943 5475 2207 5540 omiserit,
2240 5484 2393 5529 extra
2420 5476 2757 5529 consortium
2794 5475 2886 5529 fiat
2913 5490 3019 5531 uno
3053 5477 3160 5530 die.

2018 5567 2105 5622 11.
2146 5565 2249 5632 Qui
2321 5581 2495 5636 pana:
2568 5568 2920 5635 suppositus,
3012 5582 3117 5621 non
3188 5565 3503 5621 interfuerit

1947 5676 2070 5715 cum
2140 5659 2541 5716 catechumenis
2604 5660 2658 5713 in
2710 5658 2964 5714 narthece
3032 5658 3163 5713 dum
3224 5659 3503 5731 peragitur

1946 5749 2189 5820 liturgia,
2222 5750 2504 5805 metanoais
2532 5748 2850 5819 subjiciatur
2880 5750 3301 5821 quinquaginta.

366 5853 391 5883 ι
422 5842 642 5899 Confer.
668 5842 827 5902 Goar.
861 5862 911 5915 p.
944 5845 1034 5911 27,
1058 5846 1123 5903 de
1138 5846 1369 5917 Hexaps.
1444 5845 1473 5886 δ
1508 5844 1669 5903 Goar.
1693 5846 1821 5904 ibid.
1855 5846 1920 5905 de
1944 5845 2282 5905 catliismate.
2359 5856 2379 5885 ο
2414 5842 2643 5915 Goar.p.
2672 5846 2758 5912 9.6,
2796 5845 2860 5902 de
2880 5859 3104 5903 canone.
