4188 6506
265 394 403 459 1737

262 602 653 673 συνταράσσων
682 603 781 675 τὴν
820 603 1187 676 ἀδελφότητα,
1226 608 1569 680 ἁφοριξέσθω
1604 611 1819 681 ἡμέραν

267 697 421 763 μίαν.

333 785 434 840 λα’.
461 785 529 839 Εἴ
559 804 643 848 τις
694 787 770 849 ὡς
817 787 1004 857 ἔτυχεν
1034 788 1264 854 ἐξελθὼν
1302 793 1380 854 εἰς
1425 792 1644 862 ἀγάπην
1670 794 1726 845 ἐν
1753 795 1818 864 τῇ

262 876 578 947 ὑποστροφῇ
605 878 919 947 διηγήσεται
940 878 1006 931 τὰ
1034 880 1314 949 συμόάντα
1336 882 1452 935 καθ’
1479 880 1588 935 οἷον
1621 884 1818 954 δήποτε

259 970 462 1037 τρόπον
497 970 725 1038 μάλιστα
755 971 811 1022 ὲν
840 974 906 1041 τῇ
947 973 1212 1045 τραπέζῃ,
1262 974 1420 1037 ἐκτὸς
1459 975 1567 1028 τῶν
1609 977 1824 1047 ἐρωτω-

266 1061 447 1130 μένων
503 1062 606 1115 ὑπὸ
660 1060 752 1114 τοῦ
811 1064 1170 1134 προεστῶτος,
1217 1065 1555 1137 ἁφοριζέσθω
1609 1068 1820 1140 ἡμέραν

267 1152 420 1222 μίαν.

333 1242 431 1311 λβ’.
462 1243 529 1296 Εἴ
555 1260 641 1305 τις
661 1241 730 1296 τὰ
783 1243 891 1297 τῶν
922 1244 1095 1299 ἄλλων
1125 1248 1501 1318 μοναστηρίων
1523 1249 1822 1317 ὲπιφοιτῶν

262 1337 372 1406 πρὸ
413 1339 520 1389 τῶν
569 1339 912 1410 γραμμάτων
962 1341 1345 1413 ὲξαγγείλοι,ἢ
1386 1345 1479 1398 καὶ
1537 1346 1611 1417 μὴ
1655 1347 1822 1402 ὄντων

261 1427 627 1496 γραμμάτων,
660 1429 787 1482 ἄνευ
815 1430 909 1483 τοῦ
940 1431 1304 1502 προεστῶτος,
1332 1435 1452 1486 καθ’
1483 1431 1594 1490 οἷον
1621 1437 1820 1507 δήποτε

260 1516 461 1585 τρόπον
489 1518 581 1571 καὶ
605 1518 836 1588 μάλιστα
861 1521 954 1574 ἐπὶ
972 1521 1226 1592 βρώσεως
1247 1525 1279 1595 ἢ
1299 1524 1457 1580 ἄλλου
1475 1529 1617 1592 τινὸς
1646 1532 1824 1601 πράγ-

263 1617 454 1670 ματος,
495 1603 837 1674 ἀφοριζὲσθω
864 1609 1080 1678 ἡμέρας
1103 1610 1174 1679 γ’.

333 1691 434 1758 λγ’.
472 1693 537 1746 Εἴ
562 1711 641 1757 τις
677 1698 734 1749 ἐν
758 1698 1032 1770 κυριακῇ,
1061 1702 1155 1754 καὶ
1182 1703 1412 1773 μάλιστα
1439 1707 1497 1760 ὲν
1517 1709 1822 1780 ἑορτασίμῳ

260 1781 466 1854 ἡμέρᾳ,
502 1785 576 1854 μὴ
630 1787 834 1859 φορέσῃ
865 1795 928 1841 τὸ
959 1792 1142 1860 μεῖζον
1191 1796 1352 1849 αὐτοῦ
1414 1799 1645 1864 ἱμάτιον,
1673 1817 1823 1854 τουτ-

1433 413 1496 472 S.
1527 408 1916 469 THEODORI
1947 408 2085 467 STU
2099 409 2289 468 DIT£

334 511 398 567 λ’.
430 511 544 574 Πᾶς
570 511 598 564 ὁ
637 513 982 583 φρατριάζων
1007 515 1148 569 κατά
1185 516 1279 570 τοῦ
1304 521 1646 589 προεστῶτος
1664 560 1680 584 ,
1719 521 1813 573 καὶ
1839 522 1888 579 Α

3353 411 3481 476 1738

1983 519 2071 575 50.
2110 519 2421 588 Conjurans
2450 520 2503 574 in
2538 519 2851 589 praesidem,
2901 517 3238 591 turbamque
3290 520 3480 582 frater-

1920 611 2163 677 nitatem,
2201 621 2484 682 separetur
2511 627 2619 667 uno
2649 613 2756 668 die.

1989 783 2077 837 51.
2111 783 2165 838 Si
2205 787 2331 854 quis
2365 784 2502 841 forte
2549 803 2802 859 egressus
2836 792 2903 846 ad
2931 808 3159 864 agapen,
3201 795 3255 849 in
3306 793 3476 850 reditu

1919 883 2103 930 narret
2149 892 2212 930 ea
2255 891 2376 945 quae
2411 880 2816 947 quomodolibet
2861 885 3166 952 praesertim
3204 884 3257 937 in
3295 901 3477 938 mensa

1920 964 2240 1032 acciderint,
2276 967 2383 1025 nisi
2431 982 2462 1021 a
2517 970 2755 1038 praeside
2821 972 3203 1044 interrogetur,
3233 989 3343 1028 uno
3393 974 3482 1029 die

1920 1068 2223 1130 separetur.

1991 1232 2081 1288 52.
2111 1233 2168 1287 Si
2204 1233 2250 1288 is
2277 1234 2367 1303 qui
2404 1235 2578 1290 aliena
2622 1238 2952 1293 monasteria
2996 1239 3132 1305 adit,
3169 1250 3294 1293 ante
3333 1240 3480 1294 litte-

1921 1339 2012 1378 ras
2037 1325 2246 1379 nuntiet
2271 1326 2495 1395 aliquid,
2523 1329 2603 1382 vel
2646 1330 2810 1384 etiam
2852 1331 3017 1385 nullis
3048 1347 3170 1386 cum
3205 1331 3402 1386 litteris
3427 1342 3481 1385 ct

1923 1415 2039 1470 sine
2074 1417 2319 1486 praesidis
2348 1417 2624 1484 facultate,
2657 1423 2956 1490 pnesertim
3007 1424 3150 1477 circa
3182 1425 3369 1493 epulas
3399 1425 3481 1478 vel

1922 1507 2067 1561 aliud
2094 1508 2363 1577 negotium
2383 1510 2684 1578 quodlibet,
2703 1521 2986 1580 separetur
3021 1514 3222 1568 triduo.

1991 1680 2078 1734 '53.
2103 1679 2157 1735 Si
2193 1681 2312 1751 quis
2346 1683 2434 1738 die
2480 1683 2789 1749 Dominico,
2816 1695 2869 1741 et
2896 1688 3192 1757 praesertim
3253 1689 3481 1744 solemni

1923 1781 2124 1826 vestem
2152 1787 2304 1826 suam
2335 1774 2596 1843 majorem
2638 1791 2745 1829 non
2774 1785 2964 1847 gestet,
3002 1777 3055 1832 id
3097 1788 3180 1833 est
3215 1795 3387 1850 usque
3415 1783 3480 1835 ad

261 1850 513 1935 ἑστιν-είς
536 1850 601 1927 τα
616 1850 712 1928 δύο
729 1850 1035 1947 λι.›)ξνι>ιὰέ¹ἰ
1056 1850 1148 1936 παὶ
1167 1887 1247 1947 είς
1267 1886 1356 1940 τὸν
1379 1850 1592 1960 speset,
1855 1850 1897 1904 Β

1855 1850 1897 1904 Β
1925 1861 2034 1916 duo
2072 1862 2318 1932 lychnica
2344 1873 2396 1918 et
2435 1867 2788 1932 matutinum,
2829 1868 2876 1923 is
2916 1868 3078 1926 faciat
3114 1886 3297 1926 coram
3325 1872 3482 1926 altari

262 1962 370 2031 πρὸ
397 1962 490 2015 τοῦ
532 1966 918 2040 ουσιαστηρίου
940 1972 1042 2025 ἀνὰ
1082 1978 1369 2042 μετανοίας
1399 1986 1462 2046 ν’,
1486 1983 1577 2034 καὶ
1615 1979 1821 2036 εἷθόὖ-

259 2070 371 2114 τως
400 2057 740 2128 ἀναστρέψας
767 2063 1172 2133 περιϐαλλέσθω
1202 2069 1354 2126 αὑτό.

332 2143 424 2199 λ“δ’.
459 2142 532 2200 Οὗ
570 2165 714 2212 τινος
743 2151 992 2224 εὑρεθείη
1029 2156 1087 2207 ἐν
1123 2158 1200 2227 τῷ
1247 2160 1358 2229 ἰδίῳ
1409 2161 1596 2215 πίνακι
1639 2164 1821 2234 δίαγε·-

267 2238 583 2328 γραμμένον
623 2239 809 2310 ἔτερόν
844 2261 896 2297 τι
935 2246 968 2316 ἦ
1004 2247 1280 2317 Γραφικὺν
1303 2251 1339 2321 ἢ
1389 2252 1652 2326 λεξικὺνῆ
1688 2258 1825 2328 πρὸς

263 2324 496 2395 ἀδελφὸν
529 2333 932 2403 ὲπισταλτικδν,
971 2338 1111 2410 πλὴν
1158 2336 1328 2415 οὗπερ
1355 2324 1684 2416 ἐκμανθάνοι
1708 2324 1823 2404 στι-

260 2417 431 2487 χηροῦ
467 2420 499 2490 ἢ
533 2422 884 2495 καθίσματος.
932 2430 1272 2501 ἀφοριζέσθω
1322 2437 1534 2509 ἡμέραν
1568 2439 1715 2506 μίαν.

331 2593 422 2650 λε’.
451 2596 523 2690 ᾃ⁹Ο
549 2604 900 2670 συνεγνωκὼς
931 2608 1155 2679 ἀδελφοῦ
1179 2611 1278 2683 τὴν
1323 2614 1388 2666 ἐκ
1418 2615 1517 2669 τοῦ
1549 2634 1820 2690 μοναστηο

265 2685 379 2755 ρίου
415 2687 666 2763 {inomni}
720 2698 1161 2772 συνομιλήσας,ἢ
1212 2685 1560 2772 συνοδεύσας,
1599 2709 1692 2763 καὶ
1745 2685 1821 2781 μὴ

261 2783 700 2851 προαναγγείλοι,
740 2786 1078 2858 ἀφοριζέσθω
1129 2794 1396 2865 ἑὸδομάδα
1428 2799 1578 2869 μίαν.

721 3004 859 3072 Περὶ
889 3007 996 3061 τοῦ
1018 3015 1386 3081 κελλαρίτου.

328 3108 441 3176 λς’.
469 3111 634 3183 Χύμα
661 3115 806 3170 οίνου
853 3121 946 3174 ἐὰν
984 3123 1241 3194 γένηται,
1276 3130 1554 3198 μετάνοιαι
1595 3137 1816 3191 κατὰτὸ

261 3203 458 3271 μέτρον
486 3205 578 3257 τοῦ
606 3206 845 3276 χύματος
869 3213 972 3267 ἀνὰ
1007 3214 1068 3280 ε’,
1103 3217 1200 3270 καὶ
1238 3220 1338 3289 τὴν
1369 3221 1481 3276 ἄνω
1504 3239 1519 3255 °
1559 3226 1816 3292 ὡσαύτως

256 3297 351 3392 παὶ
395 3296 562 3392 γεύμα⁸
587 3299 824 3392 ὄξους,ῆ
871 3308 1171 3379 παράχυμα
1210 3311 1416 3380 ἐλαίου,
1444 3315 1478 3385 ἦ
1523 3320 1819 3392 παράχυμα

253 3385 479 3455 ὀσπρίου
511 3387 604 3441 ἐὰν
630 3391 873 3463 γένηται.

325 3473 425 3538 λζ’.
455 3477 624 3547 Σῆψις
654 3481 825 3545 εἴδους
855 3486 1105 3540 παντοίου
1134 3489 1573 3563 βιϐρωσκομένου
1605 3495 1698 3550 ἰὰν
1730 3499 1819 3551 τύο

255 3581 362 3635 χοι,
400 3570 543 3620 κατὰ
578 3575 648 3624 τὰ
674 3576 864 3628 ταυτά.

324 3658 428 3730 λη’.
475 3661 598 3715 Ἐάν
627 3681 679 3717 τι
715 3667 905 3731 σκεῦος
934 3671 1180 3746 εὑρεθείη
1211 3677 1554 3732 ἀσκέπαστον
1591 3683 1684 3735 ἐπὶ
1716 3701 1814 3737 πο-

251 3748 339 3814 λὺ,
367 3753 422 3804 αἱ
459 3753 620 3808 αὑταὶ
646 3759 948 3826 μετάνοιαι.

323 3842 422 3939 λθῖ.
463 3844 586 3898 Ἐὰν
603 3848 776 3903 πλείω
797 3853 1180 3926 παραθήσηται
1202 3863 1267 3931 τῇ
1287 3865 1538 3938 τραπέζῃ
1558 3867 1591 3939 ἢ
1609 3868 1814 3924 ἐλάττω

251 3931 359 3984 τῶν
384 3933 883 4009 διατετυπωμένων,
930 3944 1035 3998 ἀνὰ
1079 3953 1126 4017 ρ’
1155 3931 1464 4019 μετανοίας.

325 4029 398 4092 μ’.
431 4026 695 4100 Συντρισὴ
722 4033 814 4085 ἐὰν
845 4033 1068 4106 γένηται
1113 4039 1424 4113 οίουδήποτε
1462 4047 1686 4112 σκεύους
1714 4048 1811 4103 tti-

251 4131 344 4184 χρι
372 4115 684 4185 βαυκαλίου,
714 4125 994 4190 μετάνοιαι
1024 4133 1072 4198 ρ’
1101 4130 1193 4182 καὶ
1227 4139 1270 4185 σ’
1303 4136 1397 4189 καὶ
1429 4135 1496 4203 τ’,
1525 4138 1557 4210 ἢ
1584 4140 1680 4193 καὶ
1704 4157 1812 4195 πα-

253 4209 585 4280 ραστάσιμον
616 4215 752 4281 μετὰ
773 4216 867 4272 τοῦ
894 4218 1120 4285 σκεύους
1147 4223 1334 4279 αὑτοῦ.

707 4433 846 4500 Περὶ
894 4436 1000 4490 τοῦ
1031 4438 1345 4507 ὀψοποιοῦ.

323 4543 432 4605 μα’.
476 4539 601 4592 Ἐὰν
627 4540 702 4610 μὴ
728 4543 871 4616 γέμῃ
894 4549 922 4599 ὁ
944 4546 1126 4619 λέϐης,
1147 4568 1437 4621 μετανοιας
1459 4557 1524 4626 λ’,
1548 4557 1810 4626 ὡσαύτως
1836 4507 1890 4567 D

247 4625 342 4678 καὶ
369 4628 396 4677 ὁ
421 4627 617 4682 κούκου
628 4648 745 4699 μος.

323 4715 431 4786 μ.βῖ
476 4721 600 4773 Ἐὰν
639 4723 979 4797 περίσσευμα
1013 4731 1282 4806 ἀφανισθῇ
1322 4735 1370 4802 «1⁹
1408 4743 1695 4808 μετανοίας
1726 4752 1804 4815 ρο.

250 4809 299 4858 ει
326 4810 382 4860 δὲ
411 4812 540 4880 ῥιφῇ
581 4812 898 4882 ἁχρειωθὲν,
950 4825 1361 4896 παραστάσιμον
1397 4830 1535 4898 μετὰ
1566 4809 1805 4903 ξηροφα-

292 4899 396 4963 ίας.

292 4915 396 4963 ιας.

251 4915 285 4968 γ
323 4996 432 5060 μγθ.
480 4993 604 5046 Ἐὰν
639 4995 713 5066 μὴ
745 4998 1105 5072 προεισὸάλλῃ
1127 5004 1184 5056 ὲν
1209 5008 1385 5080 καιρῷ
1415 5010 1477 5064 τὸ
1511 5011 1686 5068 ἔλαιον
1715 5018 1808 5070 καὶ

248 5079 308 5131 τὺ
342 5080 476 5143 ἃλας
514 5083 599 5134 ἵνα
634 5087 993 5158 συνεψηθῶσι,
1046 5092 1323 5160 μετάνοιαι
1358 5102 1428 5152 κ’.

320 5175 425 5243 μδ’.
499 5176 559 5228 Ei
614 5176 796 5248 ζωμὸν
860 5183 1187 5256 ὲλαιωμένον
1256 5191 1558 5262 ἀποχύσει,
1637 5200 1804 5267 μετά-

247 5285 385 5322 νοιαι
407 5269 469 5326 λ’.

319 5370 421 5432 με’.
461 5364 528 5417 Εἴ
555 5382 637 5428 τις
678 5365 784 5436 ἄρῃ
831 5367 1117 5436 βαυκάλιον
1158 5371 1263 5426 ἀπὸ
1307 5375 1401 5428 τοῦ
1451 5378 1800 5449 ἀριστηρίου,

250 5456 341 5507 καὶ
378 5456 450 5525 μὴ
481 5458 644 5510 πάλιν
669 5460 996 5532 ἀντιστρέψη
1029 5464 1160 5516 αὐτὸ
1187 5466 1268 5528 είς
1307 5467 1398 5519 τὸν
1448 5469 1579 5522 ῐδιον
1617 5471 1800 5538 τόπον,

253 5547 529 5614 μετὰνοιαι
555 5553 617 5601 ν’.

322 5723 382 5764 ο*
408 5725 482 5780 De
514 5728 728 5799 lychnio
757 5730 919 5797 Goar,
940 5749 992 5802 p.
1027 5733 1117 5788 ει.
1192 5735 1218 5774 ἀ
1252 5739 1323 5792 al.
1354 5740 1472 5794 cod.
1504 5742 1860 5814 ἀναιρανισϋῇ.

589 5848 855 5910 Parnm”
907 5855 1017 5914 Gn.
1061 5854 1280 5918 XCIX.

1924 1963 2221 2009 metanceas
2257 1955 2684 2029 quinquaginta;
2716 1970 2881 2031 atque
2915 1964 2988 2016 ita
3034 1977 3288 2018 reversus
3323 1974 3473 2018 veste

1926 2047 2014 2101 illa
2043 2047 2325 2103 induatur.

1992 2139 2080 2194 54.
2117 2141 2172 2193 Si
2208 2143 2260 2194 in
2287 2142 2516 2213 alicujus
2540 2143 2720 2213 pluteo
2759 2146 3021 2214 scriptum
3060 2146 3265 2217 aliquid
3301 2161 3484 2217 reper-

1921 2239 2036 2285 tum
2087 2230 2288 2296 fuerit,
2337 2243 2432 2285 aut
2493 2249 2559 2286 ex
2602 2233 2808 2296 bibliis,
2866 2245 2960 2288 aut
3015 2252 3079 2290 ex
3149 2237 3358 2301 lexicis,
3390 2245 3485 2290 aut

1921 2321 2216 2389 quidquam
2250 2322 2535 2389 epistolare
2585 2325 2649 2377 ad
2689 2325 2932 2388 fratrem,
2993 2338 3186 2395 praeter
3256 2329 3304 2381 id
3340 2328 3483 2397 quod

1921 2413 2242 2468 didiceritex
2274 2416 2514 2470 metricis
2561 2417 2868 2483 versiculis,
2889 2429 2985 2473 aut
3028 2434 3092 2473 ex
3125 2420 3480 2485 cathismate.

1921 2519 2031 2558 uno
2085 2507 2171 2560 die
2211 2517 2508 2574 separetur.

1991 2597 2078 2650 35.
2115 2597 2486 2662 Quiconscius
2542 2599 2705 2656 fuerit
2752 2602 2941 2658 fratris
2980 2605 3312 2659 monasterio
3332 2618 3485 2673 egre-

1919 2687 2137 2748 dientis.
2177 2691 2261 2742 vel
2299 2705 2422 2743 cum
2453 2706 2520 2745 eo
2568 2693 2874 2748 collocutus
2904 2694 3082 2757 fuerit,
3127 2704 3222 2750 aut
3256 2695 3484 2748 comita-

1920 2788 2031 2845 tus,
2067 2795 2243 2850 neque
2292 2783 2760 2852 prrenuntiaverit,
2795 2801 2902 2839 una
2948 2785 3285 2840 hebdomada
3320 2800 3481 2857 sepa—

1919 2882 2085 2926 retur.

2519 3011 2597 3066 De
2647 3014 2880 3070 cellario.

1986 3118 2072 3174 36.
2108 3120 2164 3174 Si
2207 3121 2320 3175 vini
2359 3121 2552 3202 eQ‘usio
2597 3123 2795 3191 fuerit,
2846 3139 3144 3186 metanteas
3181 3129 3346 3186 faciat
3387 3145 3486 3200 pro

1921 3225 2176 3264 mensura
2220 3211 2502 3268 elTusionis
2540 3215 2781 3286 quinque
2821 3220 2904 3274 vel
2939 3221 3100 3276 ultra.
3139 3219 3400 3275 Similiter
3436 3222 3485 3277 si

1917 3301 2110 3356 eﬂ‘usio
2145 3304 2309 3369 aceti,
2345 3306 2430 3359 vel
2465 3307 2901 3375 superemuentia
2943 3312 3068 3378 olei,
3102 3315 3185 3368 vel
3218 3313 3345 3368 item
3392 3329 3488 3368 su-

1918 3392 2286 3462 peremuentia
2317 3395 2648 3466 leguminum
2673 3400 2974 3470 contigerit.

1988 3484 2076 3540 37.
2104 3486 2394 3556 Corruptio
2423 3488 2730 3546 eduliornm
2761 3493 3009 3562 cujusvis
3056 3495 3271 3565 generis
3297 3496 3484 3552 eadem

1916 3590 2072 3646 pmua
2099 3579 2588 3635 animadvertatur.

1985 3667 2073 3722 38.
2111 3667 2169 3721 Si
2203 3684 2298 3723 vas
2335 3671 2705 3739 comperiatur
2755 3672 2850 3727 diu
2903 3675 3186 3742 intectum,
3217 3678 3351 3734 ﬁant
3382 3697 3488 3738 ea-

1911 3754 2034 3810 dem
2065 3767 2366 3814 metantem.

1981 3847 2069 3902 59.
2104 3848 2160 3902 Si
2190 3866 2390 3906 mensa:
2438 3852 2698 3910 obtulerit
2763 3856 2887 3926 plus
2930 3858 3180 3916 minusve
3209 3877 3377 3933 quam
3415 3865 3488 3921 sit

1912 3940 2306 4010 praescriptum,
2341 3953 2558 3998 centum
2598 3944 2762 4002 iaciat
2793 3961 3113 4006 metanmas.

1980 4028 2070 4083 40.
2107 4027 2374 4088 Contritio
2407 4034 2455 4089 si
2500 4036 2757 4092 acciderit
2802 4041 3095 4111 cujuslibet
3131 4046 3276 4100 vasis
3311 4063 3487 4117 usque

1911 4123 1978 4178 ad
2008 4135 2249 4194 pateram
2269 4167 2285 4193 ,
2317 4137 2616 4184 metanmas
2655 4130 2819 4188 faciat
2860 4145 3074 4190 centum
3104 4147 3202 4190 aut
3225 4139 3490 4197 ducentas

1910 4214 1996 4269 vel
2049 4225 2360 4286 trecentas;
2433 4229 2529 4275 aut
2583 4221 2747 4276 etiam
2811 4233 2916 4278 stet
2963 4242 3147 4281 coram
3197 4243 3321 4283 cum
3371 4231 3489 4299 ipSO

1910 4321 2057 4361 V858.

2539 4441 2618 4499 De
2660 4459 2850 4514 coquo.

1983 4550 2073 4606 Η.
2094 4550 2206 4608 Nisi
2239 4553 2384 4611 lebes
2405 4555 2598 4628 plenus
2626 4557 2814 4624 fuerit,
2839 4557 2924 4613 vel
2940 4573 3230 4624 cucumus,
3262 4561 3482 4632 triginta

1910 4640 2076 4696 faciat
2104 4652 2425 4700 metanteas.

1981 4734 2070 4787 42.
2110 4734 2165 4789 Si
2217 4737 2460 4808 reliquiae
2516 4739 2714 4811 aliqua:
2749 4755 2998 4812 pereant,
3049 4754 3262 4801 centum
3320 4743 3481 4800 faciat

1910 4836 2230 4884 metanmas.
2265 4828 2421 4896 Quod
2464 4834 2508 4887 si
2553 4833 2665 4902 jam
2698 4834 2852 4892 factae
2882 4838 3097 4893 inutiles
3128 4839 3476 4908 abjiciantnr,

1908 4930 2015 4976 stet
2047 4937 2256 4986 coram,
2281 4932 2336 4976 et
2370 4925 2540 4980 aridis
2561 4938 2834 4981 vescatur.

1977 5009 2068 5065 ιδ.
2104 5008 2220 5065 Nisi
2253 5011 2449 5068 idoneo
2479 5024 2718 5084 tempore
2748 5017 2927 5071 oleum
2987 5017 3275 5074 immiserit
3297 5029 3352 5072 et
3375 5019 3478 5083 sal,

1907 5113 1967 5156 ut
1995 5104 2157 5157 simul
2185 5115 2513 5174 coquantur,
2538 5118 2840 5165 metanteas
2865 5108 3028 5164 iaciat
3064 5111 3272 5178 viginti.

1974 5196 2064 5249 44.
2095 5193 2152 5249 Si
2201 5195 2474 5266 jusculum
2536 5199 2771 5255 oleatum
2840 5202 3124 5269 effuderit,
3181 5213 3478 5259 mctanmas

1908 5286 2150 5356 triginta.

1977 5379 2067 5432 45.
2096 5379 2149 5434 Si
2181 5382 2309 5451 quis
2336 5391 2574 5453 pateram
2607 5400 2674 5440 ex
2705 5384 2992 5440 reiectorio
3039 5387 3345 5449 sustulerit.
3379 5402 3482 5442 nec

1912 5471 2055 5525 illam
2097 5472 2148 5525 in
2182 5475 2361 5530 locum
2405 5491 2565 5532 suum
2617 5479 2942 5548 reposucrit,
2980 5485 3283 5533 metanteas
3315 5478 3478 5546 quin-

1911 5567 2193 5638 quaginta.
