4188 6466
757 361 890 423 1739

1942 373 2103 432 ΜΕΝ
2115 373 2175 430 .E
2211 371 2859 432 MONASTERIALBS.

3864 379 4002 438 1740

826 478 914 531 46.
938 475 993 530 Si
1017 478 1394 551 confringatur
1411 490 1572 547 testa,
1591 495 1647 538 ut
1670 485 1796 550 olla,
1827 498 1918 540 aut
1947 486 2212 548 cacabus,
2231 494 2325 538 aut

2498 502 2581 553 μς
2602 523 2616 537 .
2662 485 2787 538 Ἐὰν
2823 486 3082 557 συντριϐῇ
3114 486 3289 558 χύτρα
3317 488 3350 558 ἢ
3378 490 3722 559 πυροστάτης
3745 491 3780 562 ἢ
3823 498 3999 546 κακά-

753 569 1035 631 craticula,
1070 581 1162 624 aut
1196 572 1339 626 aliud
1371 574 1604 643 quodvis
1631 577 1874 631 culinare
1898 592 1991 630 vas
2021 594 2082 631 ex
2141 578 2318 646 negle-

753 675 862 726 ctu,
889 676 1102 718 centum
1132 667 1211 720 vel
1239 665 1499 722 ducentas
1525 669 1608 724 vel
1635 678 1905 725 trecentas
1940 671 2104 726 faciat
2141 681 2317 724 meta-

751 771 922 811 ηωοε.

1225 870 1305 924 De
1337 871 1588 926 librorum
1617 876 1848 929 custode.

819 979 908 1034 47.
950 979 1004 1034 Si
1039 983 1162 1050 quis
1189 983 1385 1038 librum
1419 988 1706 1056 acceperit,
1743 988 2169 1066 nequenitidnm
2199 1005 2314 1045 ser-

749 1073 974 1135 vaverit,
1004 1073 1081 1125 vel
1121 1073 1284 1126 alium
1347 1076 1588 1145 attigerit
1636 1079 1754 1132 sine
1809 1079 2168 1148 permissione
2193 1080 2312 1148 ejus

747 1163 836 1229 qui
885 1172 1048 1222 tenet.
1075 1166 1153 1217 vel
1183 1166 1348 1218 alium
1391 1168 1701 1236 quaesiverit
1733 1186 2083 1224 murmurans
2119 1182 2311 1239 praeter

747 1252 896 1304 illiilli
946 1271 1102 1322 quem
1151 1255 1262 1326 jam
1312 1269 1611 1328 acceperat,
1652 1275 1878 1330 prorsus
1929 1263 2019 1315 illo
2070 1264 2155 1316 die
2200 1277 2306 1316 non

745 1344 1072 1414 impetrabit.

813 1439 899 1492 48.
938 1439 992 1492 Si
1014 1443 1274 1496 librorum
1307 1455 1492 1500 custos
1522 1445 1754 1500 debitam
1790 1447 2130 1502 sedulitatem
2165 1448 2304 1502 haud

740 1547 851 1600 pra:
879 1549 938 1588 se
977 1535 1179 1600 tulerit,
1214 1537 1381 1592 libros
1414 1538 1660 1606 singulos
1715 1541 2019 1604 excutiens,
2051 1552 2304 1612 transpo-

738 1639 894 1685 nens,
926 1625 1142 1690 pulvere
1173 1643 1433 1697 purgans,
1477 1629 1648 1684 aridis
1676 1643 1946 1686 vescatur.

806 1714 894 1768 49.
923 1716 975 1769 Si
1005 1719 1126 1786 quis
1153 1719 1346 1773 librum
1379 1721 1582 1776 abdens
1613 1723 1666 1775 in
1702 1723 1978 1786 cubiculo,
2018 1724 2161 1778 hunc
2186 1726 2304 1794 pnl-

738 1806 965 1861 sationis
1001 1817 1242 1877 tempore
1290 1813 1500 1865 custodi
1536 1799 1641 1866 non
1690 1813 2003 1879 reddiderit,
2052 1816 2171 1871 sine
2207 1819 2300 1872 bo-

736 1911 887 1951 llf‘Sla
909 1914 1095 1965 causa,
1127 1911 1235 1956 stet
1267 1918 1474 1958 mensa:
1505 1914 1768 1972 tempore.

1363 2103 1438 2158 De
1465 2114 1666 2160 sutore.

801 2213 888 2269 50.
947 2212 1002 2266 Si
1059 2215 1182 2284 quis
1217 2231 1281 2270 cx
1335 2220 1662 2289 negligentia
1717 2225 1966 2278 subulam
2020 2236 2113 2280 ant
2151 2238 2301 2283 suto-

729 2305 869 2358 rium
915 2305 1060 2359 aliud
1112 2307 1529 2363 instrumentum
1565 2311 1800 2382 fregerit,
1837 2328 2134 2372 metanteas
2176 2335 2302 2375 cen-

731 2405 866 2457 tum,
899 2407 947 2450 et
975 2398 1386 2465 quinquaginta,
1422 2411 1472 2454 et
1501 2403 1720 2472 triginta
1748 2404 1939 2459 faciat.

801 2487 886 2539 5f.
938 2486 992 2539 Si
1042 2491 1207 2543 coriis
1241 2492 1442 2544 abusus
1492 2492 1659 2546 fuerit
1704 2507 1792 2548 aut
1849 2498 2078 2558 malleis.
2117 2515 2169 2553 et
2196 2500 2298 2554 nisi

728 2579 873 2630 coria
907 2588 1063 2632 caute
1102 2579 1372 2646 inciderit,
1407 2584 1710 2655 calceisque
1775 2591 2144 2657 snpposuerit,
2200 2592 2298 2647 iis-

726 2670 846 2721 dem
881 2671 1053 2737 pugnis
1099 2673 1370 2727 obnoxius
1399 2686 1538 2730 esto.

797 2760 882 2814 52.
919 2761 974 2815 Si
1006 2778 1068 2816 ex
1095 2765 1351 2831 peculiari
1372 2767 1566 2823 affectu
1585 2770 1875 2837 detalicui,
1904 2784 1998 2831 aut
2024 2777 2140 2832 sine
2165 2794 2296 2834 usus

726 2859 1072 2922 necessitate,
1099 2859 1269 2912 aridis
1306 2872 1585 2916 Vescatur.

1271 2973 1347 3028 De
1377 2976 1729 3046 calligrapho.

794 3083 882 3137 5'5.
909 3085 962 3138 Si
989 3097 1188 3153 prater
1211 3104 1370 3142 usum
1396 3091 1579 3158 gluten
1606 3092 1792 3148 fecerit
1822 3096 1982 3166 idque
2000 3099 2106 3154 situ
2141 3115 2288 3155 mar-

725 3188 923 3238 cescat,
957 3191 1254 3235 metanmas
1285 3183 1447 3236 faciat
1473 3186 1892 3256 quinquaginta.

795 3267 880 3318 54.
917 3267 970 3320 Si
1000 3271 1137 3322 haud
1173 3273 1433 3325 mundum
1467 3287 1646 3331 servet
1670 3283 2110 3348 qnaternionem.
2144 3287 2292 3354 pari-

725 3368 912 3426 terque
946 3361 1142 3414 librum
1179 3366 1321 3417 unde
1375 3369 1656 3432 exscribit,
1693 3388 1866 3438 neque
1906 3390 2004 3428 suo
2053 3387 2294 3446 tempore

725 3461 1013 3521 utrumque
1045 3457 1274 3522 operiat,
1309 3473 1484 3526 neque
1537 3476 1724 3516 curam
1772 3475 1924 3533 gerat
1967 3469 2294 3526 antisticho-

725 3559 862 3604 rum,
919 3556 1265 3611 accentuum,
1317 3562 1370 3602 et
1410 3551 1935 3622 interpunctionum,
1994 3573 2292 3620 metanmas

723 3635 883 3689 faciat
915 3639 1130 3710 triginta
1180 3657 1343 3706 supra
1375 3654 1616 3700 centum.

790 3727 878 3779 55.
903 3728 958 3780 Si
989 3731 1110 3794 quis
1146 3734 1459 3788 memoriter
1489 3738 1800 3794 recitaverit
1837 3745 2040 3812 scripta
2065 3747 2117 3798 in
2149 3747 2289 3801 libro

724 3823 861 3871 unde
889 3825 999 3887 ipsc
1040 3825 1320 3890 exscribit,
1347 3841 1631 3895 separetur
1657 3831 1860 3887 triduo.

790 3913 873 3964 56.
912 3913 964 3965 Si
1011 3917 1134 3982 quis
1183 3919 1301 3984 plus
1329 3936 1490 3985 quam
1523 3931 1607 3974 est
1649 3923 1702 3976 in
1737 3926 1943 3992 sei-ipto
1988 3928 2175 3998 legerit
2218 3948 2283 3986 ex

718 4018 781 4054 eo
813 4019 971 4070 quem
1000 4007 1259 4058 exscribit
1284 4008 1444 4072 libro,
1472 4012 1640 4066 aridis
1659 4027 1928 4078 vescatur,

787 4094 872 4148 57.
907 4094 962 4148 Si
987 4112 1048 4150 ex
1079 4097 1156 4151 ira
1186 4100 1454 4155 calamum
1483 4102 1727 4174 fregerit,
1768 4119 2064 4166 metanoeas
2116 4111 2280 4169 faciat

717 4185 957 4253 triginta.

786 4275 871 4328 58.
915 4277 969 4329 Si
1006 4279 1141 4332 alter
1180 4283 1403 4338 alterius
1446 4289 1882 4356 quaternionem,
1911 4293 2116 4362 absque
2147 4297 2283 4350 scri-

2423 576 2540 630 6ιον
2573 580 2607 649 ἢ
2639 579 2847 650 ἐσχάρα
2871 581 2902 650 ἢ
2932 580 3059 635 me
3086 597 3139 632 τι
3175 581 3368 645 σκεῦος
3396 585 3714 654 μαγειρικὸν
3743 587 3807 638 ἐκ
3831 604 4002 638 κατα-

2422 671 2758 740 φρονήσεως,
2781 672 2884 724 ἀνά
2917 679 2964 744 ρ’
2991 673 3085 725 καὶ
3119 679 3163 726 σθ
3202 675 3295 726 καὶ
3323 680 3370 728 τ’
3411 676 3724 745 μετανοίας.

2795 865 2933 934 Περὶ
2962 865 3067 919 τοῦ
3101 866 3596 936 βιϐλιοφύλακος.

2493 985 2603 1054 με’.
2653 985 2775 1038 Ἐάν
2797 1003 2880 1049 τις
2931 985 3071 1058 λάᾶῃ
3129 985 3356 1056 βιϐλίον.
3398 989 3492 1040 καὶ
3547 988 3620 1057 μὴ
3676 987 3986 1055 φιλοκάλως

2417 1077 2592 1144 κρατῇ
2633 1075 2782 1136 αὐτὸ,
2816 1076 2848 1146 ἢ
2881 1076 3083 1146 ἅψηται
3141 1077 3303 1131 ἄλλου
3345 1077 3474 1131 ἀνευ
3520 1081 3617 1147 τῆς
3677 1079 3987 1148 ἐπιτροπῆς

2415 1164 2507 1219 τοῦ
2534 1167 2883 1232 κρατοῦντος,
2931 1169 2963 1238 ἢ
3003 1169 3288 1240 ἐπιζητοίη
3341 1170 3528 1241 ἓτερον
3575 1173 3706 1241 παρ’
3743 1171 3772 1223 ό
3821 1172 3986 1225 ἔλαϐε

2413 1258 2717 1328 γογγύζων,
2747 1259 2823 1331 μὴ
2850 1260 3055 1331 ἅψηται
3083 1262 3220 1326 ὅλως
3248 1266 3314 1334 τῇ
3351 1264 3530 1335 ἡμέρᾳ
3560 1264 3763 1335 ἐκείνῃ.

2485 1428 2597 1499 μη’.
2636 1427 2760 1482 Ἐὰν
2795 1431 2823 1482 ό
2851 1428 3199 1499 βιϐλιοφύλαξ
3239 1432 3342 1502 τὴν
3391 1431 3616 1486 δέουσαν
3662 1430 3987 1501 ἐπιμέλειαν

2414 1522 2490 1593 μὴ
2519 1521 2906 1589 ἐπιδείκνυται,
2933 1524 3202 1576 τινάσσων
3258 1525 3352 1578 καὶ
3395 1522 3834 1596 μεταωισάζων
3887 1527 3984 1577 καὶ

2410 1615 2702 1685 κονιορτὼν
2731 1615 2983 1679 ἕκαστον,
3015 1615 3413 1687 ξηροφαγείτω.

2481 1707 2588 1777 μΘ’.
2625 1709 2812 1772 Ὅστις
2835 1709 3029 1782 εὑρεθῇ
3052 1709 3424 1782 ἀποκρύπτων
3452 1710 3533 1775 εἰς
3554 1711 3846 1781 κοιτάριον,
3886 1711 3982 1762 καὶ

2412 1797 2485 1868 μὴ
2518 1799 2660 1852 κατά
2680 1799 2772 1854 τὸν
2807 1801 2994 1871 καιρὸν
3033 1801 3126 1854 τοῦ
3172 1801 3519 1873 κρούσματος
3551 1803 3774 1872 ἀποδοίη
3816 1801 3983 1854 τοῦτο

2406 1887 2485 1958 τῷ
2538 1888 2941 1959 βιϐλιοφύλακι,
2985 1890 3112 1944 ἀνευ
3159 1891 3402 1960 εὐλόγου-
3433 1894 3781 1964 προφάσεως,
3825 1909 3977 1960 παρ-

2407 1979 2685 2050 εστηκὲτω
2711 1983 2769 2034 ἐν
2790 1984 2856 2051 τῇ
2882 1982 3153 2054 τραπέζῃ.

2892 2097 3032 2166 Περὶ
3056 2095 3163 2152 τοῦ
3193 2097 3486 2164 σκυτέως.

2475 2214 2537 2260 ν.
2580 2207 2708 2261 Ἐἀν
2734 2209 2797 2262 ἐκ
2816 2212 3273 2280 καταφρονήσεως
3292 2213 3466 2282 κλάση
3489 2211 3753 2276 ωυὸλίον,
3788 2213 3820 2282 ἥ
3847 2214 3974 2266 ἐτι-

2407 2292 2497 2368 ρον
2525 2301 2805 2368 ἐργαλεῖον
2845 2301 3257 2372 σκυτοτομικὸν,
3296 2305 3401 2357 ἀνὰ
3442 2304 3730 2374 μετανοίας
3767 2313 3834 2376 ρ’,
3876 2308 3988 2360 καὶ

2403 2398 2468 2456 ν’,
2500 2391 2595 2444 καὶ
2624 2392 2688 2444 λ’.

2469 2489 2568 2536 ναν.
2610 2484 2736 2536 Ἒάν
2775 2487 3195 2556 παραχρήσηται
3223 2489 3334 2551 τοῖς
3353 2487 3667 2560 δέρμασινῆ
3697 2491 3818 2553 ταῖς
3830 2490 3972 2558 σφύ-

2403 2591 2544 2645 ραις,
2577 2577 2670 2629 καὶ
2705 2576 2780 2646 μὴ
2823 2577 2962 2646 μετά
2989 2577 3288 2647 ἀσφαλείας
3310 2579 3578 2651 διακόπτῃ
3601 2582 3694 2634 καὶ
3721 2582 3971 2654 ὑποϐάλῃ

2399 2667 2456 2719 ἐν
2485 2668 2597 2730 τοῖς
2628 2667 2988 2737 ὑποδήμασιν,
3018 2670 3190 2739 ἐχέτω
3211 2670 3280 2723 τά
3309 2671 3450 2724 αὐτὰ
3484 2674 3751 2744 ἐπιτίμια.

2469 2757 2573 2827 νβ’.
2613 2758 2738 2813 Ἐὰν
2777 2761 3112 2832 προσπαθιῖκ
3139 2762 3216 2834 δῷ
3249 2764 3378 2830 τινὶ,
3406 2765 3442 2836 ἢ
3476 2766 3571 2820 καὶ
3601 2767 3965 2836 ἀχρειάστως,

2399 2849 2463 2919 ξη
2473 2844 2803 2919 ροφαγέίτω.

2816 2966 2953 3034 Περί
2979 2966 3086 3020 τοῦ
3105 2967 3538 3038 καλλιτράφου.

2465 3067 2566 3136 νγ⁹.
2611 3069 2737 3122 Ἐὰν
2763 3071 2902 3143 ὑπὲρ
2930 3073 3029 3142 τὴν
3051 3075 3242 3144 χρείαν
3261 3077 3431 3130 ποιῶν
3450 3079 3666 3143 κόλλαν,
3699 3081 3843 3153 σήπῃ
3867 3084 3966 3136 at!»

2320 3201 2362 3258 ο
2399 3156 2496 3227 τὴν
2518 3158 2605 3210 διά
2633 3161 2734 3228 τῆς
2761 3163 3065 3234 ἀπομονῆς,
3096 3166 3374 3235 μετάνοιαι
3407 3177 3471 3222 ν’.

2466 3246 2560 3302 νδ’.
2593 3249 2654 3300 Et
2691 3251 2764 3321 μή
2798 3251 3101 3318 φιλοκάλως
3124 3258 3315 3326 κρατεῖ
3339 3257 3398 3310 τὺ
3423 3259 3722 3330 τετράδιον,
3751 3263 3845 3315 καὶ
3873 3264 3963 3316 τί-

2397 3337 2524 3409 Θησι
2557 3340 2616 3394 τὸ
2638 3341 2731 3410 ἀφ’
2760 3337 2820 3397 οὗ
2854 3346 3051 3414 γράφει
3079 3347 3303 3416 βιὸλίον,
3345 3351 3440 3403 καὶ
3471 3355 3662 3405 σκέπει
3696 3357 3754 3406 ἐν
3782 3357 3962 3425 καιρῷ

2394 3432 2651 3502 ἑκάτερα,
2719 3437 2813 3487 καὶ
2872 3443 3271 3509 παρατηρεϊται
3327 3443 3396 3495 τά
3439 3460 3497 3495 τε
3543 3445 3827 3515 ἀντίστιχα
3867 3449 3962 3500 καὶ

2391 3525 2516 3587 τοὺς
2578 3525 2763 3590 τόνους
2828 3529 2921 3581 καὶ
2975 3528 3076 3592 τὰς
3133 3532 3386 3601 στιγμὰς,
3422 3533 3526 3586 ἀνά
3581 3537 3869 3604 μετανοίας
3891 3538 3960 3604 λ’,

2393 3617 2486 3668 καὶ
2518 3623 2583 3670 o'.

2459 3634 2486 3668 ι
2551 3634 2583 3670 '.

2459 3634 2553 3759 νεῗ
2601 3708 2725 3760 Ἐάν
2749 3726 2832 3770 τις
2861 3711 3185 3782 ἐκστηθήσει
3212 3715 3274 3766 ἐκ
3305 3715 3412 3768 τῶν
3435 3722 3836 3790 γεγραμμένων
3860 3722 3956 3775 τοῦ

2387 3797 2446 3862 ἐξ
2478 3793 2538 3853 οὗ
2569 3801 2770 3870 γράφει
2801 3801 3032 3871 βιϐλίου,
3068 3807 3413 3875 ἀφοριζέσθω
3443 3812 3654 3881 ἡμέρας
3681 3820 3750 3880 γ’.

2457 3901 2566 3958 νίζ’.
2602 3896 2668 3948 Et
2692 3914 2774 3958 τις
2805 3897 2968 3950 πλέον
2995 3898 3106 3950 τῶν
3137 3901 3534 3971 γεγραμμένων
3566 3901 3868 3970 ἀναγνώσει
3894 3903 3954 3970 ἐξ

2383 3979 2444 4038 οὗ
2474 3985 2676 4052 γράφει
2721 3984 2950 4054 βιϐλίου,
2983 3988 3386 4058 ξηροφαγείτω,

2454 4071 2550 4136 νζῆ
2614 4074 2673 4126 El
2737 4077 2802 4127 ἐκ
2861 4075 3035 4146 θυμοῦ
3107 4077 3387 4148 συντρίψει
3440 4077 3724 4148 κάλαμον,
3778 4083 3947 4149 μετά-

2383 4183 2522 4218 νοιαι
2553 4166 2616 4218 λ’.

2453 4264 2552 4326 νη’.
2583 4258 2644 4310 Ei
2667 4259 2845 4330 ἐπάρῃ
2876 4260 3061 4331 ἔτερος
3104 4261 3290 4332 ἐτέρου
3333 4261 3607 4333 τετράδιον
3651 4262 3777 4316 ἀνευ
3808 4264 3948 4333 γνώ-

713 4364 889 4418 bentis
919 4382 1210 4433 consensu,
1235 4373 1334 4426 sibi
1365 4376 1715 4432 vindicaverit
1742 4420 1755 4442 ,
1791 4391 2088 4438 metantnas
2120 4383 2281 4441 faciat

2412 4365 2492 4418 ιης
2523 4350 2616 4401 τοῦ
2648 4350 2970 4420 γράφοντος,
3002 4353 3280 4421 μετάνοιαι
3309 4351 3372 4407 ν’.

713 4460 1126 4529 quinquaginta.

779 4551 867 4604 59.
904 4550 956 4604 Si
989 4555 1208 4607 minime
1245 4554 1701 4625 obtemperaverit
1730 4561 2011 4632 imperatis
2039 4583 2068 4620 a
2095 4568 2273 4637 primo
2305 4541 2350 4596 θ

708 4641 925 4709 calligra
937 4643 1062 4710 pho,
1096 4655 1381 4714 separetur
1414 4648 1601 4703 biduo.

778 4732 864 4786 60.
901 4733 956 4786 Si
1009 4735 1214 4803 primus
1251 4738 1624 4808 calligraphus
1659 4744 1920 4811 peculiari
1958 4746 2140 4816 aliquo
2185 4748 2269 4804 af-

2448 4571 2547 4624 νϐ’.
2577 4572 2636 4624 Ei
2676 4571 2750 4642 μὴ
2785 4574 3022 4646 στοιχεῖς]
3067 4577 3180 4639 τοῖς
3223 4578 3627 4647 τετυπωμένοις
3663 4582 3812 4652 παρά
3845 4583 3938 4637 τοῦ

2377 4659 2597 4731 πρώτου
2653 4663 3047 4735 καλλιγράφου,
3078 4666 3423 4738 ἀφοριζέσθω
3452 4670 3664 4738 ἡμέρας
3684 4671 3793 4724 δύο.

2447 4751 2513 4817 ξ’.
2553 4752 2679 4805 Ἐὰν
2726 4754 2755 4806 ό
2796 4757 3353 4828 πρωτοκαλλιγράφος
3392 4758 3652 4827 ἐμπαθῶς
3709 4760 3936 4841 διανέμῃ

707 4821 846 4875 fectu
907 4839 1068 4891 pensa
1121 4825 1480 4892 distribuerit,
1531 4845 1707 4900 neque
1747 4833 1882 4888 bene
1928 4837 2268 4892 membranas

2412 4840 2440 4895 ἀ
2468 4844 2779 4915 ἐργόχειρα,
2812 4821 2907 4900 καὶ
2935 4850 2983 4900 εί
3020 4849 3095 4919 μὴ
3119 4821 3445 4924 τέέριὰτέλλῄ
3469 4821 3647 4913 καλῶς
3676 4852 3771 4916 τάς
3793 4821 3932 4924 μιιμζ

704 4918 997 4983 paraverit,
1035 4927 1087 4970 et
1117 4922 1301 4974 omnia
1334 4921 1542 4992 reliqua
1573 4926 1638 4977 ad
1678 4926 1938 4993 tegendos
1979 4928 2148 4983 libros
2180 4929 2265 4983 in-

2372 4934 2576 5004 σράνας
2604 4937 2696 4989 καὶ
2751 4939 2927 4992 πάντα
2968 4941 3038 4992 τά
3083 4942 3430 5010 ἀμφιαστικά
3475 4945 3750 5014 ἐργαλεῖα,
3791 4948 3927 5002 ὥστε

703 5018 1003 5061 strumenta
1032 5050 1047 5075 ,
1082 5011 1153 5064 ita
1200 5021 1256 5066 ut
1306 5014 1438 5067 nilnil
1482 5020 1572 5069 llat
1609 5016 1798 5070 inutile
1839 5031 2025 5071 eorum
2055 5036 2174 5089 qua:
2204 5020 2270 5074 ad

2415 5025 2447 5094 ή
2477 5043 2529 5078 τι
2556 5028 2920 5099 ἀχρειωθῆναι
2943 5030 3052 5083 τῶν
3072 5011 3520 5103 χρησιμευόντωνν
3535 5037 3615 5098 είς
3631 5037 3726 5107 τὴν
3749 5041 3924 5092 rotati-

703 5100 753 5150 id
811 5100 1170 5154 ministerium
1238 5103 1580 5168 conferunt,
1642 5108 1932 5161 metanmis
1998 5111 2271 5181 quinqua-

701 5202 847 5256 ginta
877 5198 930 5242 et
957 5199 1174 5244 centum
1210 5200 1264 5245 et
1296 5195 1642 5262 separatione
1676 5195 1954 5264 puniatur.

1314 5302 1389 5358 De
1431 5316 1655 5360 sartore.

767 5414 854 5468 6f.
886 5415 942 5469 Si
978 5433 1042 5470 ex
1079 5418 1402 5487 negligentia
1429 5418 1648 5489 fregerit
1670 5437 1826 5475 acum
1855 5434 1949 5476 aut
1981 5423 2222 5480 forficem
2243 5466 2256 5489 ,

696 5517 790 5559 aut
845 5509 1125 5562 subtemen
1171 5510 1506 5575 conciderit,
1545 5522 1748 5566 vestem
1806 5516 2049 5579 sciderit,
2089 5527 2260 5572 meta-

695 5615 848 5653 nthlS
871 5600 1028 5655 faciat
1057 5603 1298 5672 triginta,
1323 5613 1414 5656 aut
1437 5603 1852 5676 quinquaginta,
1883 5619 1974 5662 aut
2014 5620 2254 5666 centum.

767 5815 792 5841 ο
825 5804 976 5856 Deest
1017 5803 1102 5858 hic
1131 5805 1316 5860 titulus
1341 5807 1393 5860 in
1423 5807 1542 5862 end.

2366 5133 2466 5188 την
2489 5118 2783 5182 διακονίαν.
2835 5123 2936 5177 ἀνά
2979 5125 3262 5194 μετανοίας
3293 5133 3357 5192 ν’,
3391 5129 3486 5182 καὶ
3516 5136 3585 5200 ρ’,
3623 5133 3714 5183 καὶ
3743 5134 3920 5203 ἀφοριο

2371 5207 2508 5276 σμὸν
2541 5210 2890 5282 ἐπιτίμησον.

2894 5326 3032 5392 Περὶ
3065 5327 3325 5383 ἀκεστοῦ
3350 5343 3394 5386 ο.

2441 5433 2539 5496 51’.
2587 5436 2710 5489 Ἑάν
2737 5438 2800 5490 ἐκ
2829 5443 3285 5512 καταφρονήσεως
3333 5447 3591 5518 συντρίψῃ
3651 5447 3930 5518 βελόνηνῆ

2365 5524 2554 5592 ψαλία,
2595 5527 2626 5596 ἤ
2662 5531 2905 5600 συγκόψη
2952 5534 3221 5606 τροιάν,ἢ
3264 5538 3515 5612 διασχίσῃ
3563 5542 3800 5610 ίμάτιον,
3832 5559 3926 5613 με·

2366 5615 2572 5669 τάνοιαι
2609 5618 2672 5683 λ’,
2703 5619 2734 5688 ἦ
2767 5627 2829 5685 ν’,
2863 5621 2893 5691 ἢ
2929 5631 2993 5693 ρ’.
