4188 6466
711 403 848 464 1743

1873 399 2109 458 ΡΠΞΝΕ
2150 398 2632 460 MONASTERIA
2642 403 2796 461 LES.

3800 401 3941 464 1744

779 512 865 565 75.
886 509 943 563 Si
968 509 1150 563 minus
1171 515 1267 561 aut
1295 506 1417 576 plus
1437 521 1598 574 quam
1629 507 1675 560 ei
1700 509 2072 576 prmsmiptum
2107 507 2271 562 fuerit
2296 511 2348 571 Α

2296 511 2348 571 Α
2441 516 2531 565 σε’.
2577 511 2699 564 Ἐὰν
2721 511 3005 585 ἐκλείψῃῆ
3059 511 3345 584 προσθήσῃ
3377 513 3525 582 παρά
3574 513 3635 567 τὸ
3694 531 3937 586 προστα-

706 603 984 674 lampades
1021 600 1293 662 incendat,
1329 600 1399 652 ita
1443 608 1501 652 ut
1539 600 1714 667 ipsum
1763 600 2030 667 signiticet
2064 609 2273 669 tempus

705 697 1067 751 solemnitatis
1101 693 1353 756 Domini,
1385 702 1439 746 et
1472 691 1823 747 Dominicalis
1865 694 1992 756 diei,
2027 702 2084 748 et
2119 707 2273 747 com-

706 789 1116 843 memorationis
1161 793 1506 848 sanctorum;
1544 793 1597 838 et
1629 784 1732 838 nisi
1765 784 1849 838 bis
1882 792 2032 839 terve
2064 784 2116 837 in
2144 783 2274 837 beb-

705 881 937 936 domada
974 880 1235 950 templum
1252 877 1348 932 Dei
1373 889 1576 943 verrat,
1604 884 1904 931 metanaas
1927 875 2165 944 triginta.

1277 1079 1353 1134 De
1385 1078 1691 1133 hortulano.

777 1193 867 1250 76.
901 1193 956 1249 Si
989 1202 1234 1262 tempore
1279 1192 1476 1247 idoneo
1507 1207 1617 1248 non
1661 1189 1862 1245 severit
1886 1190 2055 1259 olera,
2100 1201 2273 1247 meta-

707 1301 858 1341 nceas
887 1285 1305 1356 quinquaginta.

775 1379 864 1433 77.
889 1377 1008 1433 Nisi
1073 1378 1300 1447 pulchre
1355 1375 1678 1439 excoluerit,
1741 1385 1998 1444 tanquam
2057 1373 2274 1430 Domini

707 1471 1040 1540 paradisum,
1095 1468 1447 1524 commissum
1488 1466 1593 1519 sibi
1651 1465 1890 1528 hortum,
1933 1467 2006 1520 ita
2055 1477 2114 1522 ut
2155 1482 2266 1520 om.

709 1579 776 1617 ne
817 1579 988 1630 genus
1055 1562 1261 1616 olerum
1315 1558 1642 1613 fraternitati
1680 1557 1885 1613 affatim
1943 1560 2272 1628 suppeditet,

709 1664 1009 1708 metanceas
1038 1662 1273 1707 centum.

781 1745 865 1798 78.
899 1745 956 1799 Si
987 1745 1280 1800 oscitanter
1331 1746 1565 1816 negligat
1603 1744 1948 1813 rigationem,
1987 1755 2086 1796 nec
2124 1741 2271 1812 justa

709 1851 963 1891 mensura
994 1839 1250 1907 adaquet,
1284 1849 1583 1893 nietanmas
1617 1844 1858 1891 centum.

1315 1951 1388 2005 De
1421 1953 1664 2005 vinitore.

784 2037 869 2092 79.
897 2036 1010 2092 Nisi
1041 2039 1173 2092 bene
1203 2040 1435 2094 coluerit
1482 2040 1645 2093 vitem
1691 2039 1930 2105 Domini,
1961 2048 2272 2109 amputans.

707 2146 970 2202 purgans,
1005 2130 1242 2196 fodiens,
1287 2130 1471 2186 foveas
1513 2147 1806 2195 excavans,
1835 2143 1889 2186 et
1917 2132 2066 2186 omni
2113 2132 2272 2185 modo

707 2239 824 2278 eam
850 2224 1074 2294 pulchre
1102 2224 1381 2289 excolens,
1410 2233 1710 2279 metanteas
1748 2237 1990 2281 centum.

1326 2338 1403 2393 De
1433 2349 1662 2394 oratore.

777 2453 867 2512 80.
917 2453 976 2510 Si
1037 2454 1118 2510 ira
1169 2455 1479 2526 impellente
1552 2456 1746 2513 bovem
1795 2458 2144 2528 percusserit,
2181 2465 2275 2509 aut

707 2545 1050 2600 inconditum
1081 2546 1308 2601 verbum
1359 2548 1412 2601 in
1435 2563 1559 2602 eum
1624 2547 1942 2613 intenderit,
1980 2557 2274 2601 metanteas

707 2637 914 2693 decem.

779 2726 867 2781 8t.
899 2726 956 2781 Si
989 2727 1143 2782 utilia
1177 2727 1283 2784 sibi
1331 2743 1454 2782 vasa
1493 2737 1548 2784 et
1584 2727 1946 2784 instrumenta
1982 2727 2274 2797 prudenter

707 2824 762 2874 et
787 2827 1043 2874 accurate
1075 2833 1184 2873 non
1217 2819 1542 2884 servaverit,
1577 2819 1744 2875 aridis
1772 2829 2040 2875 vescatur.

1143 3007 1220 3062 De
1245 3009 1510 3076 hospitum
1537 3019 1833 3076 exceptare.

782 3097 871 3152 82.
893 3097 1004 3152 Nisi
1040 3098 1175 3153 bene
1205 3109 1403 3153 etcum
1438 3099 1751 3154 omnimoda
1782 3099 1977 3167 pietate
2033 3098 2272 3168 hospites

2374 600 2503 670 χθὲν
2539 601 2685 672 αὒτῷ
2717 605 2911 674 μέτρον
2941 604 3039 672 τῆς
3068 604 3213 674 ἁφῆς
3269 605 3378 657 τῶν
3435 607 3733 678 κανδήλων,
3797 610 3944 662 ὥστε

2374 693 2664 762 γνωρίζειν
2695 696 2856 747 αὑτὸν
2875 694 2964 746 τὸν
2985 696 3173 765 καιρὸν
3192 697 3289 764 τῆς
3317 698 3648 766 Δεσποτικῆς
3677 700 3868 769 ἑορτῆς
3891 703 3942 763 ⁸,

2373 785 2469 835 καὶ
2502 785 2599 850 τῆς
2631 785 2934 853 Κυριακῆς,
2974 785 3076 854 τῆς
3107 788 3324 856 μνήμης
3349 787 3456 841 τῶν
3484 787 3676 854 ἀγὶων,
3721 791 3818 841 καὶ
3842 792 3944 842 ἐὰν

2376 874 2453 944 μὴ
2479 875 2560 938 δὶς
2598 876 2690 928 καὶ
2707 877 2825 946 τρὶς
2855 877 2953 945 τῆς
2980 876 3274 945 ἑϐδομάδος
3303 877 3565 948 φιλοκαλῇ
3590 881 3682 931 τὸν
3700 881 3825 932 ναὸν
3841 880 3940 933 τοῦ

2373 966 2528 1034 Θεοῦ,
2546 968 2651 1021 ἀνὰ
2681 968 2968 1038 μετανοίας
2996 965 3059 1022 λ’.

2843 1080 2986 1148 Περὶ
3012 1081 3120 1136 τοῦ
3163 1082 3465 1148 κηπωροῦ.

2443 1194 2551 1253 ος⁹.
2600 1189 2725 1242 Ἐὰν
2765 1189 2840 1260 μὴ
2870 1193 2926 1242 ἐν
2980 1191 3155 1262 καιρῷ
3182 1191 3406 1261 ποιῆται
3439 1193 3534 1256 τὰς
3569 1197 3775 1265 σποράς
3826 1197 3940 1249 τῶν

2374 1281 2642 1352 λαχάνων,
2677 1283 2961 1352 μετάνοιαι
2991 1289 3056 1336 ν’.

2444 1369 2538 1435 οξ.
2580 1373 2704 1424 Ἐἀν
2733 1373 2806 1442 μὴ
2832 1373 3128 1444 καλλιεργῇ
3159 1374 3234 1437 ὡς
3263 1373 3590 1444 παράδεισον
3612 1377 3817 1448 Κυρίου
3848 1381 3942 1430 τὸν

2376 1463 2806 1532 πεπιστευμένον
2837 1463 2986 1530 αὐτῷ
3015 1464 3218 1533 κῆπον,
3252 1464 3393 1517 ὥστε
3458 1469 3713 1536 ἐπαρκεῖν
3777 1470 3942 1521 αὐτον

2375 1554 2440 1622 τῇ
2495 1552 2813 1623 ἀδελφότητι
2861 1555 3000 1608 κατά
3070 1556 3178 1608 πᾶν
3235 1551 3376 1618 εἶδος
3433 1555 3664 1626 λαχάνου
3693 1598 3708 1620 ,
3767 1577 3943 1628 μετα-

2374 1641 2519 1706 νοίας
2557 1649 2622 1712 ρ’.

2444 1742 2542 1804 οη’.
2583 1735 2708 1788 Ἐὰν
2737 1735 3042 1806 ἀδιαφόρως
3083 1740 3379 1809 παραμελῇ
3412 1739 3508 1802 τὰς
3551 1740 3795 1810 ἀρδείας,
3843 1745 3942 1794 καὶ

2304 1854 2347 1909 Β
2377 1828 2454 1898 μὴ
2485 1829 2776 1901 ὲμιιλιέτρως
2805 1831 3021 1901 ποτίζῃ,
3061 1832 3342 1900 μετάνοιαι
3369 1839 3433 1903 ρ’.

2784 1943 2926 2011 Περὶ
2954 1941 3060 1996 τοῦ
3096 1945 3536 2013 ἁμπελουργοῦ.

2443 2031 2541 2085 οϐ’.
2584 2032 2709 2086 Ἐὰν
2742 2034 2816 2103 μὴ
2844 2033 3106 2103 φιλοκαλῇ
3130 2036 3227 2103 τὴν
3251 2035 3491 2104 ἄμπελον
3539 2036 3770 2104 Κυρίου,
3819 2036 3939 2089 δια-

2373 2123 2612 2192 τέμνων,
2646 2123 2942 2194 καθαίρων,
2979 2126 3252 2186 σκάπτων,
3307 2125 3598 2196 βοθρεὺων,
3649 2131 3746 2181 καὶ
3800 2147 3939 2181 παν-

2372 2216 2536 2278 τοίως
2565 2215 2736 2286 αὐτὴν
2769 2215 3131 2285 καλλιεργῶν,
3166 2219 3456 2286 μετανοίας
3488 2217 3552 2286 ρ’.

2789 2327 2929 2396 Περὶ
2968 2328 3077 2382 τοῦ
3115 2329 3528 2396 ἀροτριῶντος.

2443 2449 2518 2495 π’.
2550 2442 2675 2496 Ἐἀν
2703 2443 2811 2498 ἀπὸ
2843 2443 3016 2512 θυμοῦ
3054 2443 3230 2514 πλήξῃ
3267 2445 3357 2498 τὸν
3386 2444 3534 2516 βοῦν,
3591 2446 3626 2518 ἢ
3677 2449 3936 2518 προσενέ-

2373 2548 2493 2599 γκοι
2521 2533 2671 2602 ῥῆμα
2707 2533 2960 2597 ἄτακτον,
2994 2535 3282 2602 μετανοίας
3307 2540 3359 2589 ι’.

2442 2718 2553 2765 πα’.
2601 2713 2726 2764 Ἐὰν
2765 2713 2837 2782 μὴ
2865 2714 2933 2770 τὰ
2983 2714 3388 2785 χρησιμεόοντα
3432 2716 3581 2786 αὺτῷ
3622 2718 3791 2788 σκεύη
3841 2722 3937 2773 καὶ

2372 2805 2629 2874 ἐργαλεῖα
2663 2804 2780 2872 μετ’
2805 2807 3120 2876 ἐπιστήμης
3145 2808 3240 2858 καὶ
3270 2807 3588 2877 ἐπιμελείας
3609 2813 3807 2879 κρατῇ,
3837 2812 3935 2878 ξη-

2375 2896 2702 2968 ροφαγείτω.

2888 3011 3024 3079 Περὶ
3074 3009 3417 3079 ξενοδόχου.

2443 3100 2552 3170 πβ’.
2597 3100 2720 3153 Ἐὰν
2754 3101 2826 3170 μὴ
2856 3101 3188 3172 ὑποδέχηται
3219 3103 3400 3166 καλῶς
3427 3105 3554 3167 τοὺς
3585 3104 3768 3169 ξένους
3800 3108 3935 3175 μετὰ

711 3191 1006 3257 exceperit,
1030 3190 1220 3244 lavans
1261 3187 1425 3258 pedes
1480 3188 1718 3254 illorum,
1760 3189 1812 3242 in
1847 3189 2112 3244 cubiculis
2141 3205 2272 3243 con-
2301 3184 2344 3244 C

2301 3184 2344 3244 C
2376 3191 2553 3260 πάσης
2592 3190 2898 3253 εὐλαϐείας,
2948 3193 3154 3245 νίπτων
3208 3195 3334 3256 τοὺς
3379 3195 3543 3256 πόδας
3595 3196 3793 3262 αὐτῶν,
3841 3200 3936 3250 καὶ

717 3282 992 3333 vcnieutcr
1023 3282 1322 3344 collocans,
1355 3291 1658 3335 metanmas
1686 3292 1926 3336 centum.

785 3372 872 3424 83.
907 3370 962 3423 Si
1013 3371 1211 3424 lectum
1267 3387 1374 3424 non
1429 3374 1700 3436 straverit,
1758 3388 1857 3426 nec
1883 3389 2003 3442 qua:
2047 3380 2173 3426 sunt
2223 3371 2274 3424 in

721 3464 856 3516 cella
889 3463 1126 3532 stragula
1164 3463 1472 3516 excusserit
1509 3474 1558 3517 et
1612 3465 1904 3527 curaverit,
1967 3465 2134 3518 aridis
2187 3479 2279 3517 ve-

717 3563 920 3608 scatur.

788 3641 876 3694 84.
905 3639 1168 3695 Similiter
1201 3641 1244 3695 si
1279 3641 1589 3696 cubiculum
1635 3641 1772 3698 bene
1806 3658 1912 3698 non
1943 3645 2282 3701 mundaverit

719 3733 861 3786 intra
895 3733 1310 3788 bedemadam.

1347 3847 1423 3900 De
1447 3849 1663 3914 pistore.

794 3956 882 4012 85.
922 3958 980 4012 Si
1041 3960 1164 4028 quis
1218 3960 1270 4012 in
1315 3960 1528 4014 ofﬁcina
1573 3959 1808 4029 panineii
1859 3963 2020 4016 verba
2073 3963 2280 4030 fecerit,

1847 4061 2144 4106 metanmas
2185 4053 2283 4106 tri-

724 4043 988 4100 fratribus
1042 4062 1234 4114 panem
1319 4049 1762 4114 elaborantibus,

722 4141 891 4207 ginta.

793 4227 880 4280 86.
919 4226 974 4280 Si
1029 4227 1204 4294 pistor
1279 4228 1626 4281 immodicam
1679 4237 2077 4284 sarmentorum
2131 4229 2284 4284 llam-

725 4333 868 4370 mam
912 4318 1172 4386 subjiciat
1229 4330 1322 4371 aut
1366 4319 1656 4388 lignorum,
1685 4320 1767 4372 vel
1809 4321 1945 4374 male
1967 4337 2155 4390 panem
2191 4338 2284 4376 co-

722 4418 876 4476 quat,
899 4417 1195 4462 tnclanmas
1229 4419 1357 4461 tres.

1234 4519 1311 4572 De
1341 4521 1491 4588 fabro
1532 4521 1779 4590 lignario.

794 4608 883 4664 87.
920 4607 976 4664 Si
1031 4610 1231 4681 lignum
1274 4613 1452 4664 securi
1509 4615 1839 4681 pessumdet,
1885 4614 1966 4668 vel
2002 4613 2284 4670 abundan-

724 4701 833 4756 tius
871 4702 1060 4765 caedat,
1089 4702 1171 4755 vel
1218 4712 1410 4770 praeter
1457 4704 1636 4758 datam
1671 4721 1982 4760 mensuram
2015 4707 2282 4772 concidat,

727 4794 809 4847 vel
843 4795 1007 4846 etiam
1040 4794 1198 4846 aliter
1227 4793 1422 4848 efficiat
1467 4795 1680 4857 inutile,
1731 4797 1896 4851 aridis
1925 4807 2193 4852 vescatur.

796 4883 884 4937 88.
915 4885 971 4937 Si
1027 4887 1151 4952 quis
1201 4886 1488 4938 abstulerit
1532 4886 1976 4952 instrumentum,
2026 4888 2183 4942 fabro
2221 4890 2285 4942 li-

727 4975 920 5043 guario
955 4973 1283 5038 inconsulto,
1330 4974 1411 5027 vel
1471 4990 1536 5028 ex
1587 4975 1694 5030 alia
1725 4976 1935 5034 oﬂicina
1970 4980 2280 5050 sumpserit,

729 5077 1027 5120 metaumas
1058 5065 1471 5136 quinquaginta.

798 5155 888 5207 89.
921 5155 977 5207 Si
1023 5156 1446 5211 instrumentum
1501 5158 1932 5228 pessumdederit
1987 5162 2041 5216 in
2091 5161 2282 5232 quavis

2378 3281 2642 3343 κοιτάζων
2671 3283 2867 3344 αὐτοὺς
2898 3283 3190 3354 ἁρμοδίως,
3229 3285 3510 3352 μετάνοιαι
3545 3294 3609 3356 ρ’.

2448 3381 2558 3440 πγ’.
2602 3376 2724 3428 Ἐὰν
2786 3377 2920 3446 ἐάσῃ
2984 3377 3260 3446 ἄστρωτον
3287 3376 3386 3446 τὴν
3415 3377 3622 3447 κλίνην,
3661 3379 3757 3431 καὶ
3779 3381 3850 3450 μὴ
3870 3384 3938 3435 τὰ

2377 3468 2434 3520 ὲν
2483 3471 2545 3536 τῇ
2578 3467 2823 3538 διακονίᾳ
2875 3471 3236 3540 σκεπάσματα
3287 3471 3644 3541 ἀνατινάσσῃ,
3697 3475 3789 3526 καὶ
3840 3494 3938 3528 πε-

2382 3563 2672 3632 ριποιῆται.
2701 3559 3096 3629 ξηροφαγείτω.

2449 3653 2554 3704 πδ’.
2598 3653 2868 3715 Ὡσαύτως
2901 3654 2994 3706 καὶ
3041 3655 3137 3708 ἐὰν
3170 3654 3244 3726 μὴ
3265 3655 3527 3728 φιλοκαλῇ
3573 3656 3664 3710 τὸν
3706 3658 3939 3712 κοιτῶνα

2377 3744 2467 3799 διὰ
2493 3745 2590 3814 τῆς
2628 3744 2944 3814 ἑϐδομάδος.

2904 3858 3038 3924 Περὶ
3061 3858 3384 3928 μάγκιπος.

2451 3970 2556 4026 πε⁰.
2586 3972 2652 4024 Εἴ
2674 3989 2754 4035 τις
2783 3970 3009 4042 λαλήσει
3037 3974 3094 4025 ὲν
3119 3972 3194 4042 τῷ
3246 3975 3604 4045 ἀρτοκοπείῳ,
3634 3978 3744 4030 τῶν
3795 3979 3942 4031 ἀδελο

2381 4060 2497 4131 φῶν
2525 4063 2650 4125 τοὺς
2681 4063 2878 4132 ἄρτους
2899 4064 3709 4136 ἀρτοκοποιοόντων,μετάνοιαι
3739 4067 3799 4118 λ’.

2451 4250 2570 4310 πςθ.
2621 4244 2748 4296 Ἐὰν
2785 4243 2858 4313 μὴ
2893 4245 2920 4296 ὁ
2946 4243 3156 4313 μάγκιψ
3181 4244 3509 4315 συμμέτρως
3537 4246 3825 4299 ὑποὸἀλλοι
3846 4249 3939 4318 τὴν

2383 4336 2576 4388 καῦσιν
2606 4336 2714 4388 τῶν
2742 4336 3031 4404 φρυγάνων
3064 4338 3096 4407 ἢ
3131 4335 3236 4388 τῶν
3264 4336 3455 4402 ξύλων,
3517 4337 3551 4408 ἦ
3602 4337 3704 4408 an;
3758 4341 3940 4402 κακὼς

2383 4426 2473 4479 τὸν
2511 4426 2693 4498 ἄρτον,
2723 4429 3002 4497 μετάνοιαι
3035 4433 3104 4494 γ’.

2861 4542 2998 4607 Περὶ
3026 4540 3132 4593 τοῦ
3164 4540 3460 4606 τέκτονος.

2451 4628 2559 4692 κζ’.
2606 4631 2728 4683 Ἐὰν
2754 4631 2993 4704 ἀφανίσῃ
3021 4634 3079 4684 τὸ
3101 4632 3476 4702 πελεκώμενον
3516 4633 3687 4700 ξύλον,
3717 4633 3749 4702 ἢ
3777 4635 3940 4702 ὑπερ-

2382 4719 2542 4792 κόψῃ,
2590 4721 2684 4772 καὶ
2713 4723 2863 4790 παρὰ
2894 4724 2954 4774 τὸ
2983 4722 3178 4792 μέτρον
3204 4723 3522 4796 παρακύψῃ,
3551 4725 3582 4793 ἢ
3623 4724 3715 4776 καὶ
3769 4724 3938 4788 ἄλλως

2381 4826 2497 4872 πως
2550 4809 2858 4879 ἀχρειώσει,
2893 4811 2952 4880 ξη
2963 4813 3293 4881 ροφαγείτω.

2451 4908 2562 4969 κη’.
2610 4903 2732 4954 Ἐὰν
2763 4904 2942 4974 ὲπὰρῃ
2969 4921 3052 4966 τις
3087 4903 3366 4974 ἐργαλεῖον
3401 4904 3528 4957 ἄνευ
3568 4903 3660 4958 τοῦ
3695 4904 3938 4966 τέκτονος

2386 4991 2423 5061 ἢ
2450 4993 2509 5056 ἐξ
2541 4993 2706 5064 ἄλλης
2748 4994 3042 5059 διακονίας,
3080 4996 3357 5064 μετάνοιαι
3383 5003 3446 5052 ν’.

2459 5172 2568 5226 πῖθ’.
2609 5173 2734 5226 Ἐὰν
2762 5173 2998 5244 ἀπολέσῃ
3029 5175 3307 5244 ἐργαλεῖον
3332 5177 3425 5228 ἐπὶ
3450 5177 3626 5246 πάσης
3649 5178 3933 5241 διακονίας.

726 5246 959 5313 oﬂicina,
1021 5249 1188 5305 aridis
1239 5260 1491 5306 vescatur
1547 5261 1601 5307 et
1647 5253 2007 5319 separationis
2065 5268 2281 5324 pteuam

2183 5269 2281 5308 nam
2390 5264 2783 5334 ξηροφαγείτω,
2842 5265 2934 5316 καὶ
2975 5264 3278 5335 ἀφορισμοῦ
3336 5268 3608 5336 ἐπιτίμιον
3650 5271 3837 5338 ἐχέτω.

729 5338 863 5391 Ιυωι.

799 5429 891 5488 90.
928 5429 1173 5500 Ruptura
1205 5430 1251 5487 si
1291 5434 1532 5488 evenerit
1592 5435 1774 5500 ascia,
1809 5434 2068 5499 terebelli,
2101 5451 2285 5497 serrae.

727 5520 958 5586 securis,
999 5520 1083 5575 vel
1150 5520 1395 5589 cujusvis
1430 5522 1772 5589 ferramenti,
1822 5534 2120 5580 metanceas
2157 5540 2286 5581 cen-

732 5613 864 5665 tum.

799 5811 825 5848 ε
851 5807 982 5863 Vide
1027 5810 1290 5882 Cangium
1345 5810 1398 5865 in
1429 5810 1754 5862 Δεσποτικαὶ
1775 5808 1974 5878 ἑορταί.

2451 5441 2520 5502 ιε’.
2572 5437 2806 5506 κλάσμα
2855 5439 2951 5490 ὶάν
2995 5439 3220 5509 γένηται
3281 5441 3610 5512 σκεπάρνου,
3668 5443 3934 5510 τερέτρου,

2385 5529 2622 5599 πρίονος,
2657 5531 2949 5597 πελέκεως,
2982 5532 3015 5600 ἢ
3048 5534 3139 5587 καὶ
3167 5532 3328 5588 ἄλλου
3356 5535 3523 5598 τινὸς,
3567 5536 3842 5604 μετάνοιαι
3871 5541 3934 5604 ρ’.
