4188 6490
258 464 396 525 1745

750 574 891 642 Περὶ
936 575 1043 630 τοῦ
1074 577 1375 644 κτηνιτου.

328 663 433 734 μα’.
491 664 617 718 Ἐὰν
654 664 730 736 μὴ
762 665 859 735 τὴν
894 668 1283 737 προσήκουσαν
1317 669 1633 739 ἐπιμέλειαν
1662 672 1827 741 ποιῆ-

254 771 347 808 ται
389 757 447 809 ἑν
494 756 611 816 τοῖς
662 754 933 825 κτήνεσιν,
965 756 1142 811 εῑτουν
1174 758 1235 810 τὸ
1260 759 1319 808 ὲν
1345 758 1519 829 καιρῷ
1567 758 1706 830 ὕδωρ
1749 760 1828 813 δι-

253 846 407 899 δόναι
434 846 527 898 καὶ
567 846 666 915 τὴν
689 846 917 916 τροφὴν,
950 847 1045 899 καὶ
1069 848 1419 917 στρωννύειν,
1452 849 1546 902 καὶ
1574 849 1829 914 ἀναξύειν

257 936 352 988 καὶ
385 934 715 1004 φιλοκαλεῖν,
748 937 842 989 καὶ
876 938 1294 1010 ἀποκαθαίρειν,
1349 943 1442 995 καὶ
1486 942 1828 1014 ψηκτρίζειν,

260 1032 543 1101 μετάνοιαι
567 1031 633 1086 λ’.

331 1121 438 1192 1,βῖ
477 1122 602 1177 Ἐὰν
627 1123 762 1177 πολῦ
814 1125 1116 1195 κατελαύνῃ
1142 1126 1199 1179 έν
1226 1125 1302 1196 τῷ
1352 1126 1611 1200 μύλωνιῆ
1660 1131 1828 1186 ἐνάλ-

256 1215 326 1288 λῃ
354 1215 479 1285 ὁδῷ,
511 1215 544 1286 ἢ
582 1216 1013 1291 καταρῤαόδίζῃ,
1070 1217 1103 1288 ἦ
1157 1218 1483 1292 ὲπιφορτίξῃ
1532 1222 1694 1277 πλέον
1731 1222 1828 1276 τοῦ

256 1304 491 1368 δέοντος,
553 1304 951 1377 ξηροφαγείτω,
998 1305 1033 1378 ἢ
1086 1308 1182 1362 καὶ
1233 1312 1574 1381 ἀφοριζέσθω
1619 1315 1830 1385 ἡμέραν

259 1412 412 1465 μιαν.

742 1488 886 1557 Περὶ
914 1490 1019 1544 τοῦ
1045 1488 1351 1547 διακόνου.

329 1580 439 1643 ια’.
482 1577 610 1631 Ἐάν
638 1579 866 1651 εἰσφέρῃ
899 1580 1110 1649 λόγους,
1146 1582 1179 1653 ἢ
1209 1582 1326 1654 εῑδη
1358 1583 1511 1656 παρὰ
1548 1584 1658 1639 τῶν
1724 1584 1830 1650 ἔξω

256 1667 292 1738 ἢ
325 1670 476 1740 παρὰ
521 1670 629 1725 τῶν
688 1672 965 1742 συγγενῶν
1010 1678 1128 1738 τοῖς
1163 1675 1437 1746 ἀδελφοῖς,
1486 1678 1830 1750 ἀφοριζέσθω

256 1762 473 1832 ἡμέραν
508 1763 657 1832 μίαν.

335 1856 429 1920 ιβ.
476 1853 598 1905 Ἐὰν
627 1855 686 1906 έν
717 1857 837 1917 ταῖς
865 1856 1185 1927 ἀγορασίαις
1230 1859 1263 1927 ἢ
1317 1860 1376 1912 ὲν
1412 1860 1530 1920 ταῖς
1558 1859 1827 1930 πράσεσι,

1447 470 1508 529 S.
1544 468 1929 530 THEODORI
1973 471 2316 531 STUDI'I‘AE

3360 477 3491 540 1746

2495 584 2569 638 οε
2594 587 2942 654 jumentorio,

1998 672 2089 729 9i.
2119 671 2176 727 Si
2204 674 2439 729 debitam
2484 675 2861 741 iumentorum
2892 691 3080 732 curam
3111 692 3215 730 non
3242 680 3493 747 gesserit,

1927 762 2041 818 sive
2071 771 2313 832 tempore
2359 764 2552 818 idoneo
2588 774 2775 835 potum
2829 776 3157 836 pastumque
3184 769 3493 836 prmbendo,

1930 855 2047 909 sive
2080 856 2341 910 stramine
2362 856 2723 925 subjicienda,
2752 867 2803 911 et
2836 857 3101 924 fricando,
3130 868 3183 913 et
3211 860 3482 928 polieudo,

1929 956 1993 995 ac
2046 943 2357 997 mundando
2418 952 2582 1015 atque
2618 945 3027 1016 destringendo,
3058 958 3358 1004 metanmas
3398 951 3494 1003 tri-

1929 1031 2100 1102 ginta.

2000 1125 2089 1181 99..
2115 1125 2170 1180 Si
2203 1126 2295 1180 diu
2336 1127 2621 1197 agitaverit
2654 1127 2708 1180 in
2754 1127 2988 1197 pistrino
3024 1128 3106 1182 vel
3150 1130 3203 1183 in
3249 1131 3361 1189 via.
3400 1145 3496 1185 aut

1930 1215 2078 1284 virga
2113 1215 2275 1269 nimis
2315 1214 2640 1277 contuderit,
2681 1215 2765 1268 vel
2816 1215 2936 1284 plus
2973 1230 3128 1284 aequo
3156 1230 3294 1272 onus
3324 1218 3497 1288 impo-

1931 1305 2133 1369 suerit,
2189 1302 2356 1357 aridis
2408 1312 2613 1369 utatur,
2683 1302 2764 1356 vel
2821 1305 2980 1358 etiam
3041 1312 3323 1371 separetur
3387 1320 3495 1357 uno

1930 1396 2035 1450 die.

2516 1482 2593 1534 De
2619 1482 2955 1535 administro.

2002 1574 2094 1628 9'5.
2122 1574 2176 1628 Si
2208 1574 2737 1636 deferatsermones,
2788 1582 2883 1625 aut
2938 1589 3220 1643 responsa,
3270 1586 3361 1628 aut
3408 1592 3495 1629 res

1930 1663 2259 1718 aromaticas
2283 1664 2350 1715 ab
2366 1662 2639 1715 extraneis
2664 1673 2757 1718 aut
2795 1662 2863 1715 ab
2891 1662 3141 1716 aliinibus
3166 1663 3232 1717 ad
3279 1663 3493 1725 fratres.

1929 1763 2214 1822 separetur
2235 1768 2342 1806 uno
2370 1752 2477 1807 die.

2001 1842 2090 1897 94.
2120 1842 2175 1896 Si
2209 1843 2261 1896 in
2305 1840 2671 1909 emptionibus
2699 1850 2794 1896 aut
2822 1841 3226 1898 venditionibus
3269 1852 3497 1897 conten-

256 1943 614 2015 διαμάχηται,
660 1947 693 2015 ἢ
752 1926 1155 2018 παροξύνηται,
1213 1926 1261 2017 ﬁ,
1299 1926 1676 2021 ὁρκοποιῆται,
1728 1952 1823 2005 καὶ

1938 1935 2098 2000 derit,
2141 1944 2234 1987 aut
2294 1932 2684 1993 excanduerit,
2719 1940 2813 1986 aut
2855 1933 3139 2003 iuraverit,
3174 1942 3225 1987 et
3252 1948 3359 1987 non
3400 1950 3492 2004 po-

261 2033 339 2102 μὴ
372 2032 532 2105 μέχρι
582 2034 647 2104 β’,
679 2037 770 2089 καὶ
797 2042 844 2103 γ’
906 2037 1089 2105 φωνῆς
1124 2037 1343 2105 ποιῆται
1376 2038 1476 2109 τήν
1520 2056 1581 2092 τε
1624 2038 1823 2111 πράσιν

258 2122 357 2176 καὶ
385 2123 480 2195 τὴν
507 2125 831 2197 ἀγορασίαν,
856 2125 961 2180 ἀνά
986 2126 1273 2197 μετανοίας
1307 2128 1370 2193 ν’,
1400 2130 1495 2183 καὶ
1513 2135 1580 2201 ρ’.

329 2302 433 2370 ῑιέ.
479 2302 608 2357 Ἐὰν
639 2303 712 2375 μὴ
743 2302 882 2374 μετὰ
907 2306 1294 2379 προσηκούσης
1324 2307 1609 2372 εὐλαϐείας
1664 2309 1827 2381 ποιῆ-

255 2409 349 2445 ται
369 2392 467 2456 τὰς
484 2393 591 2447 ἀπὸ
613 2393 708 2447 τοῦ
744 2396 1106 2467 μοναστηρίου
1139 2398 1377 2462 ἐξόδους,
1421 2397 1561 2452 ὥστε
1595 2398 1712 2468 μετ’
1741 2399 1829 2452 εύ-

260 2485 360 2554 χῆς
389 2486 711 2555 περιπατεῖν
741 2486 835 2537 καὶ
881 2486 1240 2556 στιχολογίας,
1296 2489 1371 2560 μὴ
1426 2490 1830 2561 ﬂammandi“-

260 2592 350 2639 νος
402 2577 481 2638 εἱς
509 2575 823 2641 γυναικείας
860 2575 1098 2651 δψεις,ἢ
1155 2580 1286 2633 ἄλλα
1312 2581 1586 2651 ἀνωφελῆ,
1627 2581 1714 2636 ἵνα
1770 2582 1831 2634 τὸ

264 2671 390 2723 ὅσον
417 2668 505 2723 ἐπ’
534 2668 697 2722 αὐτὸν
718 2669 1007 2739 δοξάζηται
1045 2673 1073 2725 ὁ
1102 2671 1232 2733 Θεὸς
1265 2671 1354 2725 διὰ
1380 2672 1482 2742 τῆς
1533 2671 1641 2726 τῶν
1664 2670 1833 2743 ὁρών-

259 2777 368 2814 των
402 2759 691 2829 ὡφελείας,
715 2758 1094 2832 ξηροφαγείτω
1121 2762 1332 2835 ἡμέραν
1367 2764 1515 2833 μίαν.

502 2853 640 2921 Περὶ
667 2852 774 2907 τοῦ
807 2853 1178 2909 διδασκάλου
1212 2852 1331 2908 τῶν
1352 2856 1603 2911 παίδων.

332 2946 447 3012 ιιςν.
496 2942 623 2996 Ἐὰν
661 2943 739 3015 μὴ
782 2945 1065 3015 σπλάγχνα
1096 2946 1397 3017 οἰκτιρμῶν
1427 2951 1523 3002 καὶ
1555 2950 1834 3021 πατρικὴν

262 3036 501 3089 διάθεσιν
532 3037 650 3109 ἔχῃ,
676 3038 816 3091 ὥστε
869 3038 1157 3109 ἐκτρέφειν
1206 3039 1275 3092 τὰ
1313 3042 1483 3110 νήπια
1529 3043 1586 3094 ὲν
1616 3040 1835 3112 παιδείᾳ

263 3128 356 3181 καὶ
385 3128 633 3200 νουθεσίᾳ
665 3128 893 3199 Κυρίου,
916 3130 1262 3199 ίμειρόμενος
1317 3132 1496 3184 αὐτῶν
1543 3132 1685 3196 κατὰ
1728 3132 1834 3201 ψυ-

262 3219 365 3290 χὴν
411 3220 505 3271 καὶ
546 3218 686 3272 κατὰ
717 3219 901 3288 σῶμα,
946 3219 1189 3284 Θάλπων,
1225 3222 1319 3275 καὶ
1344 3225 1624 3291 περιέπων
1654 3226 1836 3281 πᾶσαν

262 3311 361 3380 την
406 3309 726 3381 σωματικὴν
755 3307 934 3363 αὐτῶν
988 3311 1326 3380 ἐπιμέλειαν,
1377 3315 1482 3369 ἀνὰ
1542 3315 1830 3384 μετανοίας

265 3408 310 3472 ρ’
344 3442 360 3467 ,
408 3402 503 3455 καὶ
556 3400 932 3473 ξηροφαγείτω
964 3444 980 3470 ,
1042 3404 1077 3476 ἢ
1145 3404 1490 3475 ἀφοριζέσθω
1562 3405 1831 3478 ἑϐδομάδα

267 3492 417 3563 μίαν.

335 3584 439 3651 ιιζν.
469 3582 653 3638 Πάντα
676 3583 898 3653 αἰσχρὸν
919 3583 1078 3651 λόγον
1131 3583 1164 3655 ἢ
1214 3584 1591 3650 ὀνειδιστικὸν,
1654 3586 1831 3657 πάρεξ

261 3672 371 3725 τῶν
403 3672 678 3745 ἀρχόντων
704 3675 797 3726 καὶ
829 3674 1193 3737 παιδευτικῶς
1228 3675 1399 3728 ταῦτα
1440 3675 1769 3746 λαλούντων,
1801 3680 1830 3732 ὁ

264 3764 513 3837 ἐκφέρων
551 3765 609 3817 ὲν
641 3766 708 3834 τῇ
732 3764 1077 3837 ἀδελφότητι,
1122 3766 1228 3820 άνά
1259 3767 1546 3835 μετανοίας
1571 3775 1636 3824 ν’.

717 3938 859 4008 Περὶ
905 3940 1014 3995 τοῦ
1060 3942 1389 4012 κοσμήτου.

338 4036 446 4102 ιιηο.
490 4032 617 4084 Ἐὰν
667 4032 740 4103 μὴ
766 4033 846 4094 δὶς
883 4032 981 4100 τῆς
1010 4034 1304 4103 ἑϐδομάδος
1329 4038 1508 4090 πᾶσαν
1539 4037 1639 4109 τὴν
1664 4037 1830 4111 μονὴν

266 4123 549 4195 φιλοκαλῇ,
586 4123 867 4192 μετάνοιαι
895 4123 960 4187 ν’,
990 4123 1023 4194 ἢ
1059 4125 1457 4196 ξηροφαγείτω.

644 4298 784 4367 Περὶ
831 4297 938 4352 τοῦ
992 4297 1369 4369 κανονάρχου
1391 4302 1441 4356 ιι.

335 4390 440 4458 ιβ’.
493 4389 619 4444 Ἐὰν
651 4389 804 4461 παρὰ
836 4390 935 4461 τὴν
963 4391 1279 4463 ὡρισμένην
1309 4392 1478 4465 ὥραν,
1505 4396 1671 4466 ῆγουν
1733 4396 1827 4449 τοῦ

268 4481 621 4553 μεσονυκτίου
651 4482 710 4533 τὸ
744 4481 1086 4553 καθημέραν,
1118 4485 1213 4536 καὶ
1239 4484 1334 4537 τοῦ
1360 4489 1826 4556 προμεσονυκτίου

1930 2031 2036 2085 tius
2064 2034 2189 2095 post
2241 2040 2409 2079 unum
2447 2033 2539 2076 aut
2580 2023 2807 2076 alterum
2852 2023 3077 2077 verbum
3126 2023 3490 2078 venditionem

1925 2120 2365 2189 emptionemque
2414 2114 2625 2180 fecerit,
2668 2122 2970 2171 metanmas
3012 2117 3410 2188 quinquaginta
3444 2125 3499 2171 et

1926 2220 2144 2267 centum

1997 2305 2087 2360 95.
2112 2304 2169 2358 Si
2200 2304 2405 2374 absque
2442 2320 2680 2377 congrua
2700 2302 3049 2373 religiositate
3078 2300 3144 2355 de
3166 2299 3499 2355 monasterio

1929 2394 2271 2463 egressiones
2309 2393 2516 2459 faciat,
2560 2394 2814 2448 videlicet
2877 2392 3151 2463 precative
3210 2390 3499 2445 ambulan-

1929 2480 2019 2547 do,
2065 2481 2307 2550 psalmos
2358 2481 2659 2544 recitando,
2695 2480 2985 2535 muliebres
3005 2488 3256 2549 aspectus
3284 2479 3502 2547 aliaque

1929 2588 2068 2627 vana
2101 2575 2341 2635 vitando,
2373 2586 2431 2627 ut
2453 2584 2716 2644 quantum
2757 2574 2809 2626 in
2843 2572 2962 2641 ipso
2983 2582 3065 2625 est
3090 2570 3231 2624 Deus
3265 2572 3501 2624 honore-

1932 2672 2041 2723 tur,
2068 2678 2191 2716 cum
2229 2666 2591 2733 spectantium
2628 2662 2881 2727 utilitate,
2913 2660 3080 2715 aridis
3110 2666 3362 2715 vescatur
3388 2674 3499 2713 uno

1932 2752 2039 2807 die.

2369 2844 2448 2899 De
2477 2861 2757 2917 puerorum
2788 2845 3061 2915 magistro.

2004 2932 2094 2987 96.
2120 2933 2175 2985 Si
2207 2933 2421 2988 viscera
2451 2935 2842 2989 misericordia:
2858 2945 2911 2988 et
2933 2943 3215 3003 paternum
3246 2930 3497 2986 aﬂ‘cctum

1943 3040 2052 3079 non
2097 3026 2313 3088 habeat,
2338 3036 2396 3078 ut
2425 3008 2625 3095 pueros
2644 3027 2933 3095 disciplina
2968 3034 3021 3078 et
3047 3024 3267 3077 monitis
3288 3023 3501 3077 Domini

1937 3117 2153 3182 educet,
2188 3117 2421 3187 diligens
2472 3132 2661 3171 eorum
2693 3116 2907 3170 animas
2937 3114 3100 3169 simul
3155 3123 3210 3169 et
3246 3128 3499 3183 corpora,

1938 3205 2149 3271 fovens,
2198 3222 2525 3275 omnemque
2566 3207 2900 3275 corporalem
2934 3222 3122 3259 curam
3158 3206 3499 3275 impendens,

1936 3308 2240 3353 metanmas
2270 3310 2485 3353 centum
2529 3298 2713 3365 faciat,
2765 3309 2819 3353 et
2861 3299 3141 3354 aridorum
3192 3316 3289 3355 esu
3336 3313 3501 3370 atque

1932 3389 2094 3443 unius
2144 3390 2491 3445 hebdomade
2525 3391 2865 3461 separatione
2899 3391 3174 3461 puniatur.

1999 3566 2090 3622 97.
2133 3565 2445 3633 Quemlibet
2493 3575 2705 3636 turpem
2753 3577 2845 3621 aut
2877 3568 3329 3623 contumeliosum
3381 3584 3497 3622 ser-

1930 3672 2169 3724 monem,
2214 3658 2456 3727 exceptis
2504 3658 2830 3727 praesulibus
2872 3667 2927 3711 et
2978 3659 3046 3712 iis
3074 3659 3493 3729 quicorrigendi

1931 3765 2097 3804 causa
2137 3752 2217 3804 sic
2246 3748 2541 3815 aliquando
2563 3750 2880 3819 loquuntur,
2908 3750 2954 3804 si
2995 3752 3120 3821 quis
3149 3766 3332 3807 coram
3384 3752 3497 3806 fra~

1934 3844 2188 3899 ternitate
2208 3843 2517 3914 protulerit,
2551 3855 2850 3900 metanmas
2887 3847 3277 3920 quinquaginta
3308 3848 3492 3905 faciat.

2541 3934 2617 3989 De
2645 3936 2883 3989 atriensi.

1999 4026 2091 4081 98.
2122 4026 2348 4081 Nisibis
2401 4025 2819 4080 inhebdomada
2870 4037 3039 4081 totum
3096 4031 3491 4085 monasterium

1929 4118 2297 4183 mundaverit,
2332 4121 2617 4173 metanmis
2650 4117 3061 4189 quinquaginta,
3100 4121 3182 4175 vel
3212 4121 3493 4178 aridorum

1929 4224 2026 4265 esu
2047 4209 2325 4280 puniatur.

2474 4299 2552 4355 De
2593 4302 2942 4358 canonarcha.

2000 4392 2087 4448 99.
2118 4392 2175 4447 Si
2210 4402 2405 4462 praeter
2440 4390 2717 4447 definitam
2777 4393 2989 4458 horam,
3042 4394 3095 4449 id
3140 4403 3223 4450 est
3274 4406 3491 4453 noctem

1932 4482 2215 4537 dimidiam
2248 4482 2511 4551 quotidie,
2541 4491 2739 4535 etante
2766 4483 3047 4537 dimidium
3070 4487 3245 4541 noctis
3264 4487 3351 4542 die
3379 4489 3491 4542 Do-

263 4575 325 4627 τὸ
350 4574 489 4628 κατά
514 4574 795 4645 Κυριακὴν
819 4573 1212 4645 ύπερὸάλλωνῆ
1244 4576 1523 4642 ἐλλείπων,
1551 4581 1649 4649 τὴν
1674 4598 1830 4635 πνευ-

1941 4576 2164 4636 minico,
2211 4574 2482 4628 excedens
2512 4583 2607 4628 aut
2646 4574 2918 4637 minuens,
2967 4577 3265 4646 spiritalem
3304 4581 3488 4636 tubam

268 4667 502 4736 ματικὴν
530 4667 917 4737 καταφρονήσῃ
946 4664 1237 4733 σάλπιγγα,
1272 4668 1373 4721 ἀνά
1423 4672 1710 4739 μετανοίας
1757 4674 1821 4740 λ’,

266 4760 360 4813 καὶ
390 4765 453 4824 ν’,
481 4759 572 4812 καὶ
611 4766 677 4828 ρ’.

337 4854 403 4918 ρ’.
442 4850 565 4901 Ἐὰν
595 4850 669 4919 μὴ
706 4850 885 4904 πᾶσαν
912 4848 1062 4920 ὥραν
1112 4848 1491 4923 λειτουργικὴν
1548 4853 1821 4925 ὲγκαὶρως

267 4941 528 5013 σημαίνῃ,
559 4942 657 5012 τὴν
695 4941 1031 5012 ἀδελφότητα
1056 4940 1256 5003 καλῶν,
1287 4942 1566 5010 μετάνοιαι
1597 4941 1666 5013 ρ’.

337 5122 439 5186 pa’.
482 5113 607 5168 Ἐὰν
635 5112 955 5184 καταληφθῇ
984 5113 1124 5167 κατὰ
1144 5113 1475 5184 πρόσκλησιν
1504 5116 1537 5186 ἢ
1581 5114 1827 5186 προσπά-

265 5208 413 5261 Θειαν
443 5206 736 5260 εἰσϐάλλων
774 5206 1023 5276 ἀδελφὸν,
1058 5208 1112 5260 εἴ
1164 5223 1223 5260 τε
1288 5207 1422 5277 πρὸς
1484 5208 1824 5275 κατάγνωσιν

265 5299 298 5369 ἢ
357 5300 451 5351 καὶ
477 5299 817 5369 ἀποστερῶν,
850 5299 884 5369 ἢ
914 5298 1009 5351 καὶ
1059 5297 1527 5370 ύπερπλεονάζων,
1584 5298 1823 5369 ξηροφα-

265 5389 450 5457 γείτω.

339 5479 441 5552 ρβ’.
482 5478 605 5534 Ἐὰν
638 5480 711 5552 μὴ
745 5479 845 5547 τὴν
865 5479 1092 5534 δέουσαν
1137 5481 1452 5550 έπιμέλειαν
1503 5483 1596 5534 καὶ
1655 5480 1821 5534 καθα-

270 5573 519 5645 ρειότητα
551 5572 884 5627 ἐνδείκνυται
914 5573 972 5624 ὲν
992 5574 1105 5634 τοῖς
1137 5572 1537 5641 πρωτολογίοις,
1571 5571 1655 5634 εἰς
1674 5590 1732 5624 τε
1753 5572 1823 5625 τὰ

268 5665 528 5719 κοντάκια
560 5666 639 5727 εἰς
672 5664 900 5718 ἕκαστον
935 5662 1137 5735 βιϐλίον
1164 5663 1193 5714 ὃ
1238 5665 1545 5734 ἐπικρατεῖ,
1575 5665 1723 5725 ὅπως
1747 5662 1820 5733 μὴ

1925 4665 2243 4735 neglexerit,
2275 4673 2573 4721 melanmas
2629 4666 2848 4736 triginta
2889 4675 2942 4721 et
2988 4669 3387 4740 quinquaginta
3434 4680 3489 4727 et

1924 4766 2166 4813 centum.

1998 4848 2121 4903 100.
2150 4846 2265 4903 Nisi
2301 4863 2518 4904 omnem
2548 4848 2738 4903 horam
2770 4849 3077 4918 liturgicam
3109 4860 3350 4923 tempore
3383 4870 3486 4911 suo

1930 4937 2317 5007 designaverit,
2400 4937 2797 4993 fraternitatem
2875 4941 3143 5007 vocando.
3186 4952 3489 5001 metanmas

1925 5038 2163 5085 centum.

2002 5121 2125 5176 101.
2168 5120 2224 5175 Si
2272 5121 2320 5175 is
2369 5123 2806 5190 deprehendatur
2854 5124 3038 5180 favore
3071 5134 3165 5179 aut
3226 5128 3485 5196 peculiari

1929 5212 2126 5267 affectu
2160 5212 2382 5268 fratrem
2416 5215 2708 5283 prosequi,
2746 5216 2826 5269 vel
2852 5217 3013 5269 etiam
3045 5217 3357 5287 improbare
3383 5220 3486 5273 mi-

1925 5318 2030 5359 nus
2058 5312 2155 5358 aut
2187 5304 2310 5373 plus
2332 5319 2509 5374 aequo,
2539 5305 2710 5360 aridis
2747 5317 3015 5362 vescatur.

2000 5477 2122 5531 102.
2161 5474 2217 5531 Si
2240 5476 2472 5531 debitam
2505 5491 2694 5530 curam
2722 5486 2775 5530 et
2816 5477 3133 5531 munditiem
3172 5493 3279 5533 non
3328 5478 3484 5533 adbi-

1927 5570 2108 5624 bucrit
2143 5570 2194 5623 in
2244 5569 2586 5639 protologiis,
2632 5579 2685 5623 et
2731 5584 2856 5640 erga
2908 5570 3177 5637 contacia,
3234 5582 3289 5626 et
3335 5572 3483 5627 circa

1929 5662 2178 5733 quemvis
2207 5662 2403 5716 librum
2438 5662 2731 5732 possideat,
2778 5664 3070 5734 quominus
3114 5665 3362 5735 depereat
3398 5664 3480 5721 vei

335 5861 365 5903 λ
399 5859 596 5917 Confer
630 5860 854 5917 Studitaz
870 5876 1084 5917 carmen
1120 5858 1197 5925 X;
1235 5859 1308 5917 De
1333 5860 1673 5917 canonarelia
1704 5860 1867 5923 Goar,
1910 5875 1965 5929 ι).
1995 5859 2085 5926 $25,
2115 5868 2167 5915 et
2185 5859 2470 5931 (Jangium.
