4188 6474
713 438 845 502 1747

1892 445 1949 502 S.
1989 440 2382 502 THEODORI
2413 445 2758 506 STUDITIE

3807 446 3941 510 1748

707 553 1001 622 iactatione
1052 562 1471 625 praecentorum,
1513 555 1596 608 vel
1645 569 1709 609 ex
1771 555 2114 625 impendente
2143 556 2274 608 lanio
2305 563 2350 616 Α

2305 563 2350 616 Α
2378 557 2647 628 ἀχμιωθῇ
2661 559 2695 628 ἦ
2709 560 2771 611 ἐκ
2785 557 2945 612 σάλου
2958 557 3066 612 τῶν
3079 558 3574 632 κανοναρχούντων,
3590 559 3624 630 ἢ
3649 558 3708 624 ἐξ
3721 561 3949 612 ἐπιστα-

709 642 864 710 pade,
895 643 978 698 vel
1017 645 1311 700 ceromatis
1350 644 1633 711 eﬂusione,
1672 646 1758 700 vel
1804 647 2059 701 sordibus
2089 654 2146 701 et
2182 660 2275 701 su-

705 736 838 788 dore
866 751 1087 800 manus,
1113 745 1292 791 rectus
1323 746 1428 792 stet
1451 749 1602 792 extra
1629 739 1852 807 januam
1886 738 2132 792 triclinii.

793 826 917 880 105.
946 827 1003 880 Si
1045 827 1310 880 lecturum
1343 827 1426 880 vel
1478 829 1717 897 psalmos
1768 837 2112 882 cantaturum
2164 843 2272 882 non

709 922 1121 992 praemonuerit,
1170 930 1230 976 ut
1254 930 1478 990 paratus
1529 922 1929 990 meditatusque
1962 922 2029 975 ad
2069 921 2276 975 alteru-

708 1027 840 1068 train
873 1029 988 1068 rem
1018 1013 1257 1077 accedat,
1290 1025 1590 1068 metanwas
1621 1013 1830 1084 viginti,

780 1106 902 1160 104.
941 1104 996 1158 Si
1024 1105 1148 1173 quis
1182 1119 1356 1158 canon
1384 1121 1491 1160 non
1539 1105 1705 1160 fuerit
1754 1112 2009 1159 cantatus
2056 1104 2278 1175 proprio

707 1197 813 1261 die,
842 1204 1143 1252 tnetanteas
1173 1205 1412 1250 centum.

1292 1286 1370 1340 De
1401 1287 1697 1340 taxiarclta.

779 1381 904 1437 105.
926 1377 1040 1434 Nisi
1070 1387 1275 1434 rectum
1304 1377 1553 1431 ordinem
1593 1380 1707 1447 ipse
1741 1379 1953 1446 primus
1981 1379 2278 1443 custodiat,

709 1474 906 1529 deinde
961 1485 1061 1541 pro
1117 1471 1202 1525 sui
1241 1469 1402 1524 ollicii
1467 1479 1731 1539 potestate
1767 1471 2021 1525 eumdem
2070 1472 2124 1525 in
2158 1473 2280 1526 uni-

711 1582 867 1623 versa
903 1563 1247 1618 fraternitate
1295 1563 1546 1626 retineat,
1574 1570 1629 1616 et
1685 1563 1790 1617 nisi
1839 1578 2032 1619 omnes
2075 1579 2277 1618 conve-

713 1657 932 1711 nienter
971 1654 1025 1708 in
1052 1653 1221 1708 choro
1245 1652 1524 1723 disponat,
1551 1663 1605 1706 et
1634 1651 1688 1705 in
1724 1653 1916 1722 primis
1946 1665 2276 1724 Opportune,

712 1763 807 1816 pro
825 1754 1002 1808 aetate,
1041 1743 1254 1813 peritia,
1296 1751 1350 1798 et
1398 1743 1549 1796 vocis
1585 1743 1914 1806 harmonia;
1981 1754 2278 1801 tnetanaa'ts

712 1837 875 1893 faciat
905 1834 1150 1905 triginta,
1184 1843 1238 1889 et
1273 1834 1693 1904 quinquaginta,
1732 1843 2041 1888 etcentum.

2383 647 2500 710 σίας
2513 648 2797 718 κανδήλας,
2811 649 2844 718 ἢ
2863 649 2920 714 ἐξ
2935 649 3208 719 ἔκχύσεως
3219 667 3287 719 κη
3297 650 3512 722 ραψίας,
3531 650 3565 720 ἢ
3578 652 3641 703 ὲκ
3663 649 3836 722 ῥύπου
3850 653 3950 704 καὶ

2383 738 2699 809 ίδρωμάτων
2711 741 2911 811 χειρὸς,
2927 742 3234 811 παραστάσι
3241 760 3338 812 μον
3351 744 3408 795 ὲν
3421 745 3522 812 τῇτ
3548 743 3765 814 ραπέζῃ
3779 744 3881 806 ἔξω
3891 785 3902 795 .

2455 836 2558 899 ργ’.
2614 830 2737 881 Ἐὰν
2767 828 3146 902 προλέγῃ
3167 831 3244 902 τῷ
3277 831 3522 900 μέλλοντι
3550 832 3948 898 ἀναγινώσκειν

2383 918 2417 989 ἢ
2451 919 2694 988 ψάλλειν,
2725 921 2798 983 ὡς
2825 922 3369 992 προκατηρτισμένον
3393 917 3533 975 εἶναι
3561 924 3656 976 καὶ
3694 923 3941 991 διεσκεμ-

2388 1011 2547 1082 μένον
2581 1013 2657 1073 εἰς
2683 1013 2942 1083 ἑκάτερα,
2976 1013 3078 1066 ἀνά
3110 1014 3398 1081 μετανοίας
3417 1013 3484 1068 κ’.

2460 1098 2552 1169 ρε.
2594 1099 2719 1153 Ἐὰν
2745 1101 3019 1172 ἀπομείνῃ
3065 1099 3246 1154 κανὼν
3289 1101 3364 1173 μὴ
3394 1101 3618 1170 ψαλθεὶς
3673 1103 3818 1156 κατά
3849 1104 3948 1171 τὴν

2383 1191 2607 1244 δέουσαν
2629 1191 2867 1262 ἡμέραν,
2903 1191 3181 1261 μετάνοιαι
3211 1198 3275 1262 ρ’.

2809 1282 2950 1351 Περὶ
2992 1283 3098 1337 τοῦ
3120 1283 3442 1352 ταξιάρχου
3478 1285 3524 1338 ί.

2457 1372 2555 1443 ρε’.
2591 1373 2776 1426 Πῶσαν
2800 1373 3052 1440 εὐταξίαν
3079 1376 3126 1427 εί
3173 1374 3249 1445 μὴ
3281 1376 3558 1444 φυλάττοι,
3597 1377 3814 1447 πρῶτον
3845 1381 3950 1432 αὐ-

2384 1467 2496 1529 τὸς,
2521 1465 2712 1519 ἔπειτα
2738 1466 2804 1520 δι’
2828 1466 3074 1530 ἔξουσίας
3097 1468 3196 1535 τῆς
3220 1467 3428 1532 οίκείας
3459 1469 3732 1532 διακονίας
3767 1488 3950 1542 παρα⁹

2384 1559 2522 1628 τηρῇ
2556 1559 2650 1610 καὶ
2683 1558 2740 1612 ὲν
2773 1557 2922 1631 πάσῃ
2957 1561 3023 1629 τῇ
3054 1558 3394 1628 ἀδελςιίότητι,
3421 1557 3560 1612 ὥστε
3600 1565 3952 1630 χοροστατεῖν

2385 1651 2584 1712 αὐτοὺς
2605 1651 2878 1720 ἁρμοδίως
2895 1690 2910 1715 ,
2945 1651 3041 1704 καὶ
3069 1650 3300 1721 μάλιστα
3321 1652 3378 1703 ὲν
3404 1651 3581 1722 καιρῷ
3599 1654 3952 1722 καταλλήλως

2387 1741 2523 1811 προς
2558 1743 2771 1812 ἡλικίαν
2799 1742 2896 1796 καὶ
2921 1743 3019 1806 τὰς
3042 1742 3275 1811 εἰδήσεις
3311 1742 3527 1806 καὶτὰς
3585 1745 3952 1816 εὑφωνήσεις,

2386 1833 2492 1887 ἀνὰ
2522 1835 2588 1898 λ’,
2617 1834 2710 1887 καὶ
2741 1839 2806 1898 ν’,
2841 1834 2935 1888 καὶ
2963 1840 3009 1905 ρ’
3039 1833 3346 1904 μετανοίας.

782 1929 908 1985 106.
946 1927 1062 1983 Nisi
1113 1926 1459 1982 matriculam
1515 1927 1706 1980 sedulo
1761 1933 1967 1985 teneat,
2029 1936 2087 1979 ut
2149 1921 2359 1980 sciatB
2424 1957 2436 1973 .

2319 1921 2359 1976 Β
2424 1932 2570 1997 .ρς’.
2613 1926 2738 1979 Ἐὰν
2771 1924 2846 1996 μὴ
2868 1925 2927 1977 τὸ
2952 1925 3236 1995 ματρίκιον
3297 1929 3473 1998 κρατῇ
3525 1927 3817 1992 ἐπιπόνως,
3867 1929 3951 1990 είς

714 2021 1164 2090 uniuscujusque
1192 2019 1443 2089 gradum,
1489 2026 1545 2072 et
1593 2017 1758 2070 totius
1796 2017 2152 2071 fraternitatis
2185 2034 2287 2072 ttu-

715 2129 947 2178 merum,
972 2111 1206 2181 ideoque
1227 2110 1461 2180 negligat
1479 2107 1764 2163 defunctos
1782 2108 2088 2179 signiﬁcare
2105 2118 2289 2178 proto-

712 2207 944 2259 diacono
977 2205 1068 2272 qui
1105 2208 1272 2273 ponat
1317 2201 1371 2254 in
1421 2199 1692 2271 diptycbis
1753 2215 1766 2251 :
1817 2209 1870 2254 et
1921 2201 1964 2253 si
2015 2200 2108 2268 qui
2153 2200 2288 2254 insi-

716 2298 928 2368 pienter
962 2294 1303 2366 diﬂugerint,
1326 2307 1422 2349 eos
1470 2291 1764 2361 quaerendo
1808 2307 1914 2345 non
1944 2301 2125 2346 teneat
2156 2310 2170 2359 ;
2206 2293 2288 2346 vel

715 2393 760 2447 si
791 2388 924 2460 quid
958 2387 1107 2442 aliud
1156 2384 1479 2457 hujusmodi
1507 2383 1778 2448 inciderit,
1816 2391 2118 2439 metanmas
2157 2400 2286 2439 cen-

715 2495 828 2538 tum
858 2480 1040 2536 faciat.

787 2573 912 2628 107.
933 2571 989 2627 Si
1018 2585 1175 2627 sacra
1195 2568 1365 2625 divini
1384 2568 1636 2625 sacrificii
1652 2569 2015 2624 instrumenta
2039 2583 2142 2620 non
2161 2582 2287 2620 cum

718 2669 917 2721 timore
945 2673 1000 2719 et
1027 2674 1268 2719 tremore
1321 2670 1647 2725 contrectet,
1682 2662 1754 2715 ita
1801 2675 1862 2715 ut
1899 2674 2000 2714 suo
2049 2668 2291 2728 tempore

718 2755 1090 2810 venerabilem
1123 2769 1368 2809 mensam
1419 2756 1637 2817 vestiat,
1669 2768 1769 2807 net:
1808 2767 1912 2806 non
1943 2761 2136 2805 caetera
2180 2751 2291 2818 Spi-

715 2848 901 2902 ritalia
956 2847 1190 2916 liturgie
1247 2845 1486 2908 cimelia,
1537 2855 1592 2898 et
1637 2846 1739 2899 nisi
1799 2845 1962 2914 plicet
2013 2859 2290 2913 superque

721 2938 969 3007 imponat
1026 2946 1360 3008 tegumenta,
1400 2945 1703 2992 metanuaas
1757 2937 2003 3008 triginta,
2039 2949 2089 2990 et
2129 2936 2291 3006 quin-

718 3033 999 3102 quaginta.

1335 3120 1412 3174 De
1457 3130 1674 3175 textore.

795 3213 918 3268 108.
952 3211 1070 3267 Nisi
1101 3214 1217 3284 ipse
1251 3213 1462 3282 primus
1491 3229 1648 3267 mane
1671 3211 1964 3268 distribuat
2001 3212 2292 3282 unicuique

723 3321 977 3375 pensum,
1012 3306 1214 3375 detque
1235 3320 1456 3374 operam
1488 3320 1556 3358 ne
1579 3305 1702 3374 quis
1730 3306 1823 3359 liat
1862 3305 2069 3359 abusus
2105 3304 2157 3357 in
2183 3306 2298 3357 vel-

724 3397 932 3451 leribus
963 3406 1018 3451 et
1065 3397 1238 3451 laneis
1284 3396 1638 3462 staminibus,
1692 3406 1996 3452 metanteas
2027 3397 2298 3466 quinqua-

722 3487 891 3556 ginta.

795 3577 914 3632 109.
951 3575 1006 3631 Si
1032 3594 1125 3647 per
1147 3577 1412 3632 incuriam
1438 3577 1742 3648 praeciderit
1783 3579 2086 3644 subtemen,
2115 3581 2195 3635 vel
2220 3582 2298 3636 ira

724 3679 1029 3725 commotus
1048 3670 1312 3741 pectinem
1330 3669 1872 3740 l‘regerit,metanteas
1885 3673 2296 3743 quinquaginta.

797 3763 920 3815 110.
976 3760 1093 3816 Nisi
1137 3762 1391 3815 decenter
1444 3771 1704 3815 texantur
1745 3764 1962 3829 tunicae,
1992 3774 2204 3818 servata
2245 3765 2297 3818 itt

725 3853 960 3910 texendo
1015 3863 1070 3908 et
1121 3853 1346 3906 limbriaz
1374 3853 1670 3916 densitate,
1721 3863 1774 3908 et
1846 3854 1915 3908 lili
1961 3857 2296 3924 aqualitate,

724 3959 778 4000 et
808 3961 1004 4000 manus
1035 3945 1290 4016 puritate,
1330 3955 1632 4002 tuetanmas
1683 3946 2078 4017 quinquaginta
2111 3948 2297 4003 faciat.

725 4122 796 4178 ιι.
852 4122 1193 4194 Quotidianae
1247 4123 1618 4194 monachorum
1670 4141 1832 4194 preme
1890 4145 1922 4179 a
1967 4129 2298 4182 sanctissimo

955 4192 1119 4246 Patre
1157 4206 1333 4246 nostra
1367 4193 1635 4250 Theodoro
1669 4192 2010 4266 praeeriptce.

837 4351 887 4406 1.
924 4349 1002 4406 De
1029 4353 1284 4407 monacho
1313 4370 1523 4407 carnem
1553 4356 1691 4408 clam
1723 4358 2017 4412 comedente
2043 4372 2197 4414 extra

1329 4425 1715 4492 inﬁrmitatem.

797 4512 900 4580 Qui
938 4529 1158 4570 carnem
1181 4515 1320 4570 clam
1349 4517 1647 4572 comederit
1670 4521 1875 4588 alisque
1906 4521 2226 4578 necessitate
2243 4534 2297 4578 et

2388 2015 2452 2069 τὸ
2478 2016 2673 2069 ειδέναι
2701 2016 2820 2079 ἐνὸς
2851 2017 3082 2072 ἑκάστου
3112 2016 3203 2070 τὸν
3231 2015 3460 2087 βαθμὸν,
3482 2019 3688 2071 καὶτὸν
3717 2019 3955 2088 ἀριθμὸν

2386 2109 2486 2177 τῆς
2535 2107 2662 2176 ὅλης
2699 2107 3076 2178 άδελφότητος,
3113 2107 3199 2160 ἵνα
3223 2109 3348 2171 τοὺς
3370 2109 3805 2178 κεκοιμημένους
3842 2128 3952 2161 πα-

2394 2199 2679 2269 ραπέμψαι
2703 2200 3073 2270 ἐγγράφεσθαι
3093 2200 3169 2268 τῷ
3199 2200 3618 2270 πρωτοδιακόνῳ
3643 2203 3700 2252 ὲν
3735 2203 3848 2264 τοῖς
3876 2203 3956 2254 δι-

2389 2289 2616 2360 πτύχοις
2641 2307 2656 2321 ο
2683 2292 2807 2353 τοὺς
2840 2292 2883 2344 δ’
2915 2291 2974 2354 ἐξ
3005 2290 3258 2354 ἀϐουλίας
3288 2292 3697 2363 ὑποδράσαντας
3739 2293 3831 2344 διὰ
3858 2293 3956 2363 ζη-

2388 2383 2599 2452 τήσεως
2629 2382 2869 2452 κατέχοι,
2893 2382 2989 2434 καὶ
3018 2384 3070 2435 εἴ
3091 2399 3144 2435 τι
3171 2383 3297 2436 ἄλλο
3355 2384 3652 2449 ὲπιὸάλλοι,
3696 2386 3799 2438 ἀνὰ
3856 2403 3956 2455 με-

2387 2473 2607 2537 τανοίας
2645 2480 2710 2542 ρ’.

2464 2565 2566 2635 ρξ’.
2607 2566 2732 2618 Ἐὰν
2760 2563 2836 2636 μὴ
2861 2564 2930 2618 τὰ
2962 2565 3080 2636 ἱερά
3114 2563 3210 2618 καὶ
3234 2565 3352 2617 θεῖα
3383 2566 3705 2638 άναθύματα
3741 2568 3755 2618 i
3818 2570 3957 2638 μετὰ

2392 2656 2558 2724 φόὸου
2589 2658 2680 2710 καὶ
2711 2657 2915 2728 τρόμου
2947 2656 3362 2727 διαχειρίζηται,
3385 2657 3527 2710 ὥστε
3561 2660 3658 2721 τὰς
3680 2663 3818 2711 κατὰ
3841 2677 3958 2711 και-

2397 2749 2488 2820 ρὸν
2520 2749 2835 2814 ὑπενδύσεις
2864 2749 3130 2802 ποιεῖσθαι
3175 2749 3274 2818 τῆς
3332 2749 3482 2811 θείας
3528 2751 3805 2820 τραπέζης
3863 2752 3959 2804 καὶ

2393 2837 2501 2890 τῶν
2560 2839 2732 2893 ἄλλων
2771 2838 3152 2910 πνευματικῶν
3209 2838 3562 2909 ἱερουργικῶν
3619 2841 3955 2909 κειμηλίων·

2395 2932 2491 2981 καὶ
2529 2931 2576 2981 εἰ
2623 2930 2698 2999 μὴ
2729 2929 2908 2982 διπλοῖ
2934 2929 3028 2982 καὶ
3060 2929 3275 2999 τίθησιν
3328 2929 3732 2999 έπισπάστρας,
3787 2934 3957 2999 μετα-

2395 3037 2531 3074 νοιαι
2566 3024 2632 3086 λ’,
2665 3021 2760 3075 καὶ
2785 3020 2848 3075 ν’.

2846 3111 2986 3180 Περὶ
3044 3113 3154 3168 τοῦ
3207 3112 3501 3183 ὐφάντου.

2471 3210 2573 3274 ρη’.
2620 3202 2744 3258 Ἐὰν
2774 3204 2847 3275 μὴ
2878 3208 2906 3256 ὁ
2937 3205 3154 3276 πρῶτος
3201 3207 3420 3278 ἐπιδιδῷ
3474 3208 3713 3277 πρωτθεν
3745 3209 3960 3278 ἑκάστῳ

2400 3293 2462 3347 τδ
2484 3294 2661 3365 ἔργον,
2680 3297 2773 3348 καὶ
2798 3295 3051 3363 φυλάττοι
3066 3296 3222 3348 τοῦτο
3243 3296 3318 3366 μὴ
3339 3297 3590 3364 γενέσθαι
3618 3301 3961 3371 παραχρησίν

2398 3405 2522 3442 τινα
2569 3387 2625 3439 ἓν
2650 3403 2708 3439 τε
2739 3389 2850 3449 τοῖς
2883 3387 3050 3456 ἐρίοις
3081 3387 3303 3449 καὶτοῖς
3325 3387 3724 3458 ὲριουργηθείσι
3756 3396 3959 3462 στήμοο

2402 3493 2507 3539 σιν,
2555 3476 2656 3529 ἀνὰ
2717 3476 3003 3545 μετανοίας
3055 3481 3122 3529 ν’.

2473 3567 2572 3637 ρθ’.
2592 3567 2714 3620 Ἐὰν
2735 3567 2793 3631 ἐξ
2810 3566 3067 3637 ἀμελείας
3081 3567 3311 3639 suanm
3329 3568 3572 3640 τροιὰν,ἢ
3589 3572 3652 3622 ὲκ
3669 3570 3842 3640 θυμοῦ
3859 3590 3962 3626 xa-

2399 3660 2468 3712 τὰ
2490 3659 2588 3728 τῆς
2601 3659 2847 3728 κερκίδος
2864 3658 3104 3727 κινηθεὶς
3122 3676 3245 3711 συντ
3257 3660 3385 3730 ρίψῃ
3403 3661 3880 3730 αὑτὴν,μετάνοιαι
3895 3671 3960 3718 ν’.

2474 3757 2559 3820 ρι’.
2606 3751 2731 3802 Ἐάν
2764 3751 2840 3821 μὴ
2874 3750 3191 3820 πρεπόντως
3221 3752 3526 3819 ὐφαίνοιντο
3543 3755 3590 3804 οί
3620 3754 3842 3822 χιτῶνες
3863 3773 3964 3808 πα-

2404 3839 2823 3911 ρατηρουμένης
2867 3842 2924 3893 ὲν
2958 3843 3025 3911 τῇ
3056 3841 3293 3913 ὑφανσίᾳ
3333 3843 3428 3894 καὶ
3488 3842 3734 3912 λώματος
3789 3847 3966 3900 στιϐα-

2403 3933 2623 4003 ρότητος
2671 3933 2764 3985 καὶ
2818 3933 3106 4002 ίσονημίας
3154 3934 3248 3986 καὶ
3300 3933 3742 4005 καθαροχειρίας,
3797 3940 3965 4006 μετά-

2402 4041 2542 4078 νοιαι
2596 4025 2675 4095 (5)
2727 4026 3085 4096 πεντήκοντα.

2403 4139 2478 4192 Β’.
2624 4139 2984 4225 καθημεριγὰ
3016 4139 3274 4225 ἐπιτιμία
3298 4138 3371 4225 (6)
3403 4139 3836 4225 τῶνλιοναχῶνς
3872 4145 3966 4221 ἐει-

2471 4208 2712 4282 τεθέντα
2772 4209 2929 4275 παρὰ
2987 4207 3092 4260 τοῦ
3146 4207 3472 4263 ὀσιωτάτου
3522 4207 3750 4279 Harpe}
3800 4212 3966 4282 ἡμῶν

2472 4278 2793 4346 Θεοδώρου.

2400 4378 2470 4425 α’.
2518 4370 2656 4438 Περὶ
2675 4368 2948 4437 μοναχοῦ
2986 4369 3299 4440 ἐσθίοντος
3355 4368 3497 4437 κρέα
3523 4370 3737 4440 λάθρα,
3790 4373 3966 4439 ἐκτὸς

3008 4439 3344 4506 ἀσθενείας.

2483 4534 2543 4586 '0
2575 4533 2713 4602 κρέα
2751 4530 3172 4604 λαθροφαγήσας
3216 4533 3371 4596 ἐκτὸς
3403 4533 3650 4604 ἀνάγκης
3697 4537 3790 4588 καὶ
3818 4537 3968 4590 εὐλο-

728 4607 946 4662 abbatis
985 4607 1377 4668 benedictione.
1413 4611 1459 4664 is
1491 4611 1782 4666 obsonium
1818 4623 1912 4666 aut
1962 4629 2062 4668 ova
2087 4627 2180 4670 aut
2208 4633 2296 4671 ca-
2323 4597 2377 4657 D

2323 4597 2377 4657 Β
2403 4624 2525 4692 γίας
2551 4597 2644 4674 τοί)
2676 4597 2908 4693 Πατρὸς,
2934 4597 3179 4692 οψάριον,
3213 4620 3385 4690 ἢώὸν,
3405 4622 3438 4693 ἢ
3459 4597 3721 4694 supequ
3746 4627 3966 4678 ἐσθιέτω

728 4715 882 4752 seutn
943 4714 1041 4768 per
1065 4698 1181 4754 dies
1211 4699 1571 4769 quadraginta
1594 4716 1700 4754 non
1729 4704 1990 4756 comedat.
2023 4705 2294 4775 Scriptum

725 4802 811 4845 est
837 4791 1017 4847 enim:
1055 4790 1124 4844 Et
1181 4792 1360 4844 carnis
1387 4808 1572 4845 curam
1616 4809 1676 4846 ne
1701 4793 1930 4861 feceritis
1955 4795 2024 4847 ad
2055 4796 2298 4865 concupi-

725 4881 981 4933 srentt'ant
1004 4880 1048 4910 ¹⁶

794 4972 837 5003 ⁸⁸
885 4969 1043 5025 Rom.
1074 4987 1196 5032 xm,
1233 4971 1323 5032 N.

736 5091 748 5127 ,
789 5062 992 5117 Confer
1033 5061 1263 5116 Studitte
1284 5077 1453 5117 carm.
1488 5077 1560 5114 xi.
1639 5070 1653 5109 ι
1690 5058 1762 5113 lta
1787 5061 1968 5124 codd.,
1999 5061 2062 5114 θυ
2098 5079 2202 5118 non
2231 5066 2304 5124 Θε.

2402 4715 2616 4784 ἡμέρας
2647 4720 2717 4784 μ’·
2738 4715 3042 4782 γέγραπται
3061 4714 3188 4781 γάρ’
3202 4715 3309 4767 Καὶ
3323 4713 3433 4783 τῆς
3444 4719 3668 4784 σαρκός
3683 4720 3969 4787 πρόνοιαν

2400 4806 2485 4874 μὴ
2508 4805 2730 4860 ποιεῖτε
2756 4809 2842 4870 εις
2863 4806 3179 4874 ἐπιθυμίαν
3194 4804 3293 4876 (7).

2228 5161 2462 5220 ΝΟΤᾹΣ.

802 5250 880 5318 (5)
919 5249 1058 5315 Quid
1114 5253 1186 5305 sit
1241 5259 1535 5312 metanma,
1591 5249 1724 5302 satis
1770 5248 1927 5302 docet
1973 5250 2206 5307 Goarius
2238 5255 2292 5310 in

731 5319 1068 5389 Euchologio
1117 5335 1175 5389 p.
1208 5319 1297 5383 10,
1333 5335 1526 5391 nempe
1567 5318 1714 5391 illam
1748 5334 1786 5391 a_
1813 5318 2035 5385 Graecis,
2065 5339 2295 5391 praeser-

731 5391 830 5445 tim
872 5387 1181 5450 moriachis,
1223 5390 1424 5459 duplici
1459 5387 1636 5459 inodo‘
1677 5389 1834 5441 ﬁeri:
1872 5391 1952 5443 vel
2011 5387 2180 5454 enim,
2214 5397 2297 5448 in—

731 5461 873 5529 quit,
898 5475 995 5514 ore
1019 5457 1380 5530 manibusque
1406 5457 1775 5530 terraeiallixis,
1803 5475 1924 5512 cum
1949 5477 2182 5530 genuum
2215 5468 2298 5518 in-

734 5531 968 5586 llexione
992 5529 1422 5602 pt-ol‘undisSime
1453 5529 1789 5602 inclinantur
1815 5540 1869 5582 et
1904 5529 2296 5600 procumbunt,

731 5612 789 5674 et
831 5611 966 5655 tunc
996 5599 1078 5656 est
1123 5599 1660 5674 μετάνοιαίμὲγάληο
1697 5613 1823 5674 (19,ίὲ
1845 5603 2010 5654 eum“
2061 5608 2298 5674 στρωτήο

735 5671 792 5725 Si
810 5685 940 5744 vero
965 5669 1142 5727 minus
1172 5687 1371 5740 corpus
1401 5671 1698 5744 inﬂectant,
1723 5669 1920 5724 dicitur
1947 5669 2140 5744 μικρά.
2164 5669 2300 5729 Cum

732 5757 865 5795 vero
891 5743 1074 5809 plures
1129 5739 1467 5811 persolvunt,
1525 5739 1775 5811 ultimas
1808 5739 2020 5811 semper
2050 5739 2302 5798 'niinores

732 5822 781 5864 et
810 5812 1047 5936 ιῐίίιιοῐεδ
1083 5809 1312 5878 faciunt,
1339 5811 1609 5880 simulque
1639 5809 2038 5869 oratiunculam
2065 5817 2300 5886 aliquam

733 5896 830 5936 pro
856 5893 1028 5936 erunt.

733 5893 1028 5950 protet'unt.

2475 5258 2508 5310 ϐ
2545 5258 2618 5311 De
2648 5257 2960 5313 Grecorum
3001 5261 3258 5329 epitimiis
3299 5275 3477 5320 exstat
3515 5266 3582 5322 L.
3628 5268 3808 5322 Allatii
3863 5285 3966 5323 non

2403 5329 2566 5396 longa
2615 5329 2846 5398 epistola
2885 5331 2950 5384 ad
2980 5329 3105 5386 Joh.
3137 5331 3404 5390 Morinum
3433 5347 3575 5392 inter
3618 5341 3964 5394 miscellanea

2405 5399 2728 5472 Baluziied.
2767 5415 2892 5453 nov.
2926 5409 2966 5454 t.
2999 5400 3086 5462 Ill,
3112 5418 3164 5472 p.
3199 5404 3320 5459 115.

2477 5469 2553 5536 (7)
2591 5467 2751 5524 Vides
2786 5486 3009 5534 novum,
3040 5467 3207 5527 irnino
3233 5477 3493 5539 alienum,
3538 5477 3746 5532 Pauiini
3799 5493 3969 5537 textus

2408 5541 2746 5618 propositum
2776 5557 2804 5593 a
2829 5542 3038 5618 Studita
3059 5558 3300 5599 sensum.
3331 5546 3511 5618 (Conf.
3539 5554 3602 5602 ad
3626 5549 3744 5604 Gal.
3778 5549 3836 5603 ν.
3862 5552 3967 5618 10.)

2407 5607 2580 5662 Graeci
2606 5612 3124 5688 quidein_objiciuitt
3147 5618 3311 5688 nobis
3332 5607 3563 5688 Latinis,
3595 5623 3738 5688 quod
3798 5607 3964 5674 nostri

2410 5681 2662 5760 manat-lii
2684 5681 2940 5760 c_arnibus
2968 5697 3279 5760 vescantur.
3301 5687 3521 5743 Marten.
3545 5681 3754 5744 (lo-min.
3776 5708 3826 5760 p.
3850 5691 3966 5744 55L

2483 5750 2559 5816 (8)
2583 5750 2780 5804 Confer
2807 5754 3225 5809 constitutiones
3253 5759 3567 5814 Studitanas
3599 5777 3653 5814 η.
3687 5750 3967 5817 satum

2409 5821 2773 5884 cogitationes
2804 5823 3130 5877 monachum
3160 5829 3343 5883 abbati
3364 5846 3465 5887 suo
3491 5832 3734 5888 revelare
3754 5835 3971 5888 mandat

2412 5888 2468 5942 S.
2503 5889 2773 5946 Benedicti
2803 5890 3003 5964 Regula
3030 5910 3149 5967 cap.
3181 5901 3233 5954 4.
3266 5906 3320 5955 et
3347 5901 3396 5954 7.
