4188 6504
291 446 426 510 1749

1209 457 1745 520 MONACHORUM
1784 464 2020 523 l‘tEN/E
2085 465 2598 534 ΟυΟΤΙῡΙΑΝίΕ.

3413 483 3518 544 750

291 560 359 630 β’.
402 560 540 629 Περὶ
564 559 668 614 τοῦ
683 560 771 631 μὴ
801 561 1274 660 ἐξαγζὲἐλοηξος
1294 570 1566 638 μοναχοῦ
1607 569 1681 624 δι’
1710 571 1846 640 ὅλης

1987 574 2041 630 2.
2075 574 2154 631 De
2177 579 2430 632 monacho
2467 581 2556 649 qui
2598 591 2708 660 tota
2736 583 3061 660 hebdomada
3088 603 3186 642 non
3219 591 3491 660 confessus

813 633 923 702 τῆς
957 633 1300 704 ἑϐδομάδος.

369 724 429 775 '0
463 723 535 792 μὴ
566 723 905 791 ἐξαγγέλλων
950 725 1047 790 τὰς
1079 727 1202 780 καθ’
1232 730 1424 783 ἑαυτὸν
1477 732 1702 802 πράξεις
1759 735 1854 788 καὶ

2644 655 2820 719 fuerit.

2023 735 2126 801 Qui
2159 737 2446 794 confessus
2475 755 2582 795 non
2641 742 2806 798 fuerit
2856 754 3012 800 actus
3049 762 3178 801 suos
3212 759 3266 802 et
3314 751 3520 820 cogita-

285 816 577 884 λογισμοὺς
604 815 682 885 τῷ
730 818 903 887 Πατρὶ
938 817 1024 870 διὰ
1053 819 1160 871 τῶν
1193 821 1333 874 ἐπτά
1370 824 1592 892 ἡμερῶν
1623 829 1722 894 τῆς
1761 826 1846 878 ἐϐ-

1953 825 2128 880 tiones
2155 827 2335 880 abbati
2373 844 2467 897 per
2501 838 2706 898 septem
2759 833 3109 890 hebdomadaa
3139 837 3273 902 dies,
3327 815 3518 894 deinde

283 905 532 972 δομάδος,
565 906 629 956 ἐκ
657 905 776 958 τότε
811 906 884 976 μὴ
913 908 1138 960 ἐσθιέτω
1170 908 1274 971 ἕως
1307 903 1367 963 οὗ
1397 912 1706 984 ἐξαγγείλῃ.

285 1016 354 1083 γ’.
397 1017 536 1083 Περι
568 1017 673 1071 τοῦ
695 1017 884 1093 λᾴρρα
911 1019 1234 1093 γευομένου
1259 1023 1492 1090 ὀπώρας
1516 1024 1656 1093 πρὶν
1673 1029 1848 1082 εὐλο-

653 1088 908 1154 γηθῆναι
941 1093 1099 1157 παρὰ
1121 1091 1226 1144 τοῦ
1246 1088 1461 1160 ἱερέως.

366 1180 422 1233 Ὀ
454 1180 744 1250 γευόμενος
775 1181 832 1246 ἐξ
892 1181 1212 1250 οίασδήποτε
1258 1183 1478 1254 ὀπώρας
1516 1187 1643 1256 πρὶν
1695 1186 1850 1252 δέξα.

284 1271 406 1323 σοαι
456 1271 704 1339 εὐλογίαν
735 1271 883 1340 παρά
914 1272 1008 1326 τοῦ
1044 1275 1276 1345 Πατρὺς,
1311 1277 1387 1347 μὴ
1422 1279 1647 1334 ἐσθιέτω
1675 1280 1733 1348 ἐξ
1761 1282 1850 1335 αὑ-

281 1363 378 1432 τῆς
402 1362 493 1414 τὸν
523 1363 714 1431 χρόνον
739 1365 970 1421 ἐκεῖνον.

281 1479 344 1530 δ’.
379 1481 515 1547 Περὶ
542 1478 649 1533 τοῦ
686 1479 775 1533 ὅτι
834 1483 907 1535 οὐ
941 1481 1056 1550 χρὴ
1089 1481 1267 1548 ἐκτὸς
1295 1483 1572 1554 μανδύου
1617 1485 1848 1555 ἐργάζε-

807 1556 944 1606 σθαι
991 1557 1284 1621 μοναχόν.

365 1641 422 1697 '0
448 1643 572 1696 ἄνευ
589 1644 682 1697 τοῦ
715 1645 946 1714 μανδύου
979 1647 1144 1700 αὑτοῦ
1179 1648 1211 1719 ἢ
1246 1648 1341 1702 τοῦ
1375 1650 1726 1704 κουκουλλίου
1752 1652 1846 1722 ἐρ-

279 1734 580 1805 γαζόμενος
622 1737 720 1808 τὴν
772 1737 986 1790 οίανοῦν
1017 1740 1300 1810 ἐργασίαν,
1332 1740 1406 1804 ὡς
1430 1743 1847 1814 καταφρονητὴς

279 1825 640 1894 ἐπιτιμὰσΘω.
1598 1859 1600 1862 ν

1952 932 2020 971 ne
2059 920 2308 974 comedat
2336 923 2488 990 prius
2520 939 2682 992 quam
2713 927 3053 984 confiteatur.

2071 1035 2124 1089 '5.
2163 1035 2238 1091 De
2263 1054 2322 1091 eo
2353 1041 2442 1107 qui
2471 1041 2608 1116 clam
2640 1059 2795 1116 poma
2827 1055 2993 1116 gustet
3019 1059 3139 1100 ante
3172 1063 3331 1116 quam
3359 1066 3389 1100 a

2392 1113 2658 1164 sacerdote
2680 1113 3068 1169 benedicuntur.

2021 1198 2123 1266 Qui
2151 1203 2429 1270 quodlibet
2464 1221 2681 1273 pomum
2709 1211 3004 1275 gustaverit
3028 1219 3152 1264 ante
3191 1211 3400 1266 abbatis
3433 1217 3494 1267 be

1951 1293 2336 1358 nedictionem,
2373 1311 2437 1348 ex
2475 1297 2579 1352 illis
2604 1313 2711 1351 non
2747 1301 2998 1353 comedat
3025 1316 3168 1354 anno
3197 1303 3304 1356 illo.

1950 1463 2003 1517 4.
2037 1460 2190 1528 Quod
2222 1482 2323 1518 non
2353 1476 2589 1536 oporteat
2624 1470 2733 1522 sine
2763 1471 2928 1540 pallio
2946 1475 3258 1528 monac/tum
3287 1479 3521 1545 operari.

2021 1640 2122 1707 Qui
2156 1642 2274 1696 sine
2304 1658 2468 1712 parvo
2501 1659 2599 1696 suo
2631 1645 2796 1713 pallio
2833 1645 2928 1700 aut
2974 1650 3190 1704 cucullo
3216 1653 3521 1721 quamlibet

1947 1745 2169 1802 Operam
2195 1734 2410 1800 fecerit,
2440 1752 2542 1791 ceu
2568 1748 2912 1808 contemptor
2936 1743 3214 1810 puniatur.

277 1946 342 1991 ε’.
400 1939 538 2006 Περὶ
604 1937 710 1991 τοῦ
771 1938 856 2009 μὴ
907 1941 1108 2012 πίνειν
1156 1942 1313 2012 ὕδωρ
1385 1944 1533 2012 μετὰ
1594 1944 1665 1999 τὰ
1699 1946 1846 2000 ἁπό-

1998 1931 2050 1985 5.
2093 1930 2211 1984 Non
2233 1949 2343 1988 esse
2369 1951 2562 2004 aquam
2599 1937 2876 1993 bibendam
2902 1951 3019 2008 post
3054 1943 3471 2012 completoriunt.

943 2011 1173 2066 δειπνα.

366 2101 425 2154 Ὀ
459 2101 594 2171 μετά
630 2103 929 2157 ἀπόδειπνα
964 2105 1132 2158 πίνων
1187 2105 1351 2176 ὕδωρ,
1404 2105 1438 2176 ἢ
1473 2109 1848 2179 συντυγχάνων

273 2193 404 2259 τινὶ,
440 2194 660 2247 ποιείτω
695 2194 982 2264 μετανοίας
1007 2201 1074 2266 ρ’.

277 2314 353 2373 ς’.
408 2309 545 2377 Περὶ
616 2308 722 2364 τοῦ
775 2309 861 2379 μὴ
915 2310 1482 2381 μεταλαμϐάνοντος
1547 2313 1618 2378 ἐξ
1696 2314 1848 2384 ἀμε-

968 2385 1158 2448 λείας.

357 2470 415 2523 '0
457 2472 611 2535 ἐκτὸς
649 2479 699 2543 μ’
732 2473 976 2544 ἡμερῶν,
1003 2474 1132 2527 ἄνευ
1154 2475 1455 2545 ἐπιτιμίου,
1497 2477 1673 2544 μένων
1699 2479 1847 2531 ἀκοι-

2022 2086 2126 2154 Qui
2162 2099 2282 2158 post
2311 2093 2728 2163 completorium
2757 2112 2954 2166 aquam
3003 2098 3220 2162 biberit,
3255 2112 3350 2154 aut
3392 2115 3515 2155 cum

1947 2183 2134 2251 aliquo
2165 2184 2467 2240 collocutus
2498 2187 2684 2251 fuerit,
2717 2200 2938 2244 centum
2995 2190 3162 2246 faciat
3197 2202 3515 2250 metanmas.

2078 2294 2132 2349 6.
2163 2294 2237 2350 De
2269 2313 2327 2350 eo
2376 2299 2464 2369 qui
2497 2315 2561 2352 ex
2596 2300 2830 2385 negiectu
2863 2301 3256 2385 Eucharistiam
3289 2320 3391 2359 non

2519 2383 2938 2441 partrcrpaverit.

2015 2454 2118 2520 Qui
2166 2456 2310 2510 ultra
2357 2460 2718 2530 quadraginta
2767 2463 2882 2518 dies
2937 2466 3321 2535 (praeterquam
3374 2467 3419 2522 si
3462 2468 3518 2521 in

274 2560 530 2632 νώνητος,
581 2564 785 2632 λεγέτω
815 2567 913 2637 τὴν
942 2565 1120 2620 αἰτίαν
1149 2583 1164 2597 ⁸
1213 2567 1307 2620 καὶ
1356 2568 1405 2620 εί
1459 2568 1518 2632 ἐξ
1587 2569 1846 2639 ἀμελείας

1948 2560 2122 2614 pugna:
2154 2549 2525 2616 persolutione
2563 2552 2636 2606 sit
2665 2554 2896 2624 positus)
2933 2557 2998 2609 ad
3023 2571 3230 2610 sacram
3264 2573 3516 2611 comnm-

275 2654 588 2724 εὑρίσκεται
633 2655 789 2710 τοῦτο
816 2657 1006 2724 ποιῶν,
1041 2659 1387 2729 ἐπιτιμάσΘω
1418 2661 1629 2732 ἡμέρας
1663 2659 1736 2731 μ’.

272 2943 339 3010 ζ’.
366 2944 510 3016 Ilspl
540 2944 949 3012 προσενέξεως
975 2945 1322 3015 προσφορᾶς
1367 2947 1436 3000 ἐν
1461 2952 1844 3016 μοναστηρίῳ

489 3013 576 3068 ὅτι
600 3019 670 3068 οὐ
701 3016 816 3082 χρὴ
839 3015 1027 3068 πάλιν
1069 3013 1290 3082 αὐτοὺς
1318 3013 1629 3084 ἐπιζήτεῖν.

345 3105 414 3158 Et
435 3122 518 3168 τις
556 3106 787 3176 μοναχδς
820 3106 962 3160 ἔλθοι
993 3108 1072 3171 είς
1125 3110 1508 3179 μοναστήριον.
1557 3111 1652 3162 καὶ
1687 3109 1840 3179 φέρει

273 3195 378 3258 ἕως
423 3197 774 3267 κεντηναρίου
801 3198 1120 3266 ὑπόστασιν,
1148 3198 1260 3251 εἴτε
1286 3199 1389 3261 ἓως
1429 3199 1661 3268 φόλλεως
1687 3202 1838 3271 μιᾶς.

1947 2637 2164 2692 nionem
2197 2641 2457 2694 accedere
2491 2642 2754 2706 omiserit,
2799 2659 3020 2699 causam
3065 2648 3142 2700 rei
3174 2647 3320 2702 dicat
3349 2666 3362 2702 :
3387 2659 3440 2702 et
3471 2649 3516 2701 si

1943 2748 2007 2785 ex
2046 2734 2370 2803 negligentia
2397 2739 2469 2788 ita
2513 2751 2572 2790 se
2603 2737 2837 2806 gessisse
2875 2741 3262 2808 comperiatur,
3298 2755 3514 2809 pwnant

1945 2821 2304 2892 quadraginta
2335 2824 2544 2877 dierum
2574 2827 2787 2879 subeat.

2006 2937 2059 2990 7.
2094 2937 2247 3003 Quod
2282 2941 2597 2994 oblationem
2621 2943 2938 3015 monasterio
2963 2942 3196 3009 illatam,
3230 2955 3488 3015 nequeant

2472 3013 2716 3065 monachi
2753 3023 2996 3080 repetere.

2017 3098 2073 3153 Si
2106 3102 2234 3170 quis
2265 3103 2568 3156 monachus
2599 3103 2666 3156 ad
2702 3106 3084 3159 monasterium
3121 3108 3289 3171 venit,
3321 3117 3375 3162 et
3399 3109 3515 3162 sive

1948 3202 2299 3248 centenarum
2335 3195 2600 3248 librarum
2636 3197 3019 3263 substantiam,
3061 3200 3176 3254 sive
3226 3217 3392 3255 unum
3423 3219 3514 3256 so-

271 3288 369 3340 οὐκ
399 3287 512 3357 ἔχει
545 3287 792 3352 ἐξουσίαν
843 3289 901 3355 ἐξ
941 3290 1108 3361 αὐτῆς
1162 3291 1266 3355 ἓως
1297 3291 1479 3363 τριχὸς
1541 3267 1838 3362 μιᾶςτὲπι-

1944 3281 2111 3336 lidum
2138 3284 2291 3347 ferat,
2336 3301 2441 3340 non
2471 3287 2521 3340 ei
2564 3295 2804 3356 potestas
2833 3301 2915 3344 est
2936 3290 3058 3344 inde
3088 3293 3290 3362 aliquid
3318 3299 3514 3364 exqui-

270 3383 465 3446 ζητεῖν.

339 3398 465 3432 τειν.

304 3398 409 3540 ηηἏ
446 3471 722 3540 Κοσμικὸς
756 3471 996 3526 ἀσθενῶν
1052 3471 1456 3536 ἀποτάξασθαι,
1495 3475 1587 3526 καὶ
1628 3475 1718 3528 τὸν
1747 3492 1840 3544 μο-

269 3564 490 3633 ναχικὺν
539 3562 650 3632 βίον
674 3563 948 3628 εἰσελθὼν,
979 3562 1040 3616 τδ
1059 3562 1264 3635 ἔνδυμα
1301 3567 1396 3619 καὶ
1426 3565 1537 3636 (τὰ)
1573 3566 1673 3636 τῆς
1725 3567 1839 3620 κλί-

269 3675 365 3726 νης
396 3656 560 3710 αὑτοῦ
588 3659 652 3726 τῇ
688 3655 951 3726 ἐκκλησία
978 3655 1206 3725 μενέτω.

341 3750 404 3803 0'.
446 3751 503 3802 Ὀ
550 3749 722 3812 λέγων
779 3749 1009 3819 μοναχὸς
1065 3749 1257 3818 λόγους
1297 3752 1614 3821 κοσμικοὺς,
1667 3753 1700 3822 ἢ
1755 3755 1836 3806 ὅτι

271 3840 422 3910 Ἐχω
448 3843 639 3910 γενεάν
663 3839 765 3893 πού
789 3857 940 3906 ποτε,
967 3840 1313 3911 ἀφοριζέσθω
1335 3843 1410 3910 (9)
1439 3841 1649 3911 ἡμέρας
1666 3845 1833 3912 τρεῖς,

268 3933 333 4001 ξη
345 3933 591 4002 ροφαγῶν
617 3971 632 3996 ,
668 3932 760 3984 καὶ
800 3931 968 3983 ποιῶν
996 3932 1282 4001 μετανοίας
1308 3930 1351 3984 ν’
1377 3947 1391 3963 ⁸
1434 3931 1543 3985 ἀπὸ
1571 3931 1679 4003 γὰρ
1735 3933 1837 4002 τῆς

266 4025 479 4092 ⁴ἡμέρας
508 4016 574 4091 ἦς
599 4021 665 4075 τδ
695 4023 876 4092 σχῆμα
901 4020 1114 4083 ἔλαϐεν,
1145 4019 1556 4091 ἀποταξάμενος
1604 4024 1714 4084 τοῖς
1735 4039 1835 4074 κα-

265 4116 333 4167 τὰ
381 4113 560 4184 σάρκα
591 4116 874 4182 συγγενέσι
915 4113 993 4184 τῷ
1025 4112 1248 4184 Χριστῷ
1279 4112 1690 4184 προσηρμ6σθη.

339 4301 386 4348 ι’.
421 4295 487 4347 El
507 4313 588 4357 τις
609 4295 701 4348 τὸν
731 4295 1124 4366 ἐπιστρέφοντα
1152 4295 1261 4350 ἀπὸ
1288 4296 1559 4367 ἁμαρτίας
1580 4297 1640 4349 οὐ
1668 4313 1833 4366 προσ-

263 4388 498 4458 δέχεται,
526 4387 663 4440 ἀλλὰ
690 4387 852 4440 λυπεῖ
882 4390 1062 4454 αὑτὸν,
1094 4389 1335 4459 ἐλύπησε
1365 4390 1457 4442 τὸν
1487 4389 1720 4459 Χριστὸν
1751 4390 1830 4441 εί-

264 4480 435 4533 πόντα
471 4496 485 4510 ·
515 4479 672 4550 Χαρά
705 4478 911 4548 γίνεται
935 4482 991 4534 ἐν
1031 4481 1245 4552 οὐρανῷ
1286 4482 1377 4534 ἐπὶ
1403 4481 1485 4534 ἐνὶ
1523 4479 1832 4552 ἁμαρτωλῷ

267 4571 632 4642 μετανοοῦντι.

337 4671 426 4718 ια’.
487 4663 612 4716 Ἐἀν
663 4663 864 4736 φιλήσῃ
929 4665 1157 4735 μοναχὺς
1209 4664 1526 4733 οἱανδήποτε
1579 4664 1827 4731 γυναῖκα,

262 4755 400 4808 ἔστω
434 4755 796 4826 ἀκοινώνητος
835 4758 1044 4829 ἡμέρας
1077 4757 1129 4827 μ’
1161 4773 1175 4789 ·
1221 4757 1334 4810 ἀλλ’
1358 4757 1475 4810 οὐδὲ
1509 4758 1631 4810 κατ’
1660 4756 1830 4826 αὐτὴν

260 4846 358 4915 τὴν
392 4847 604 4917 ἡμέραν
633 4847 734 4914 τῆς
769 4847 1147 4910 Ἀναστάσεως
1183 4846 1278 4900 τοῦ
1309 4847 1515 4918 Κυρίου
1535 4846 1633 4918 τὴν
1664 4845 1828 4900 αὑτοῦ

263 4939 472 5007 μητέρα
502 4939 810 5009 ἀσπάσηται
839 4939 973 5008 (10).

332 5027 419 5098 ιβ’.
460 5030 519 5082 '0
552 5030 613 5082 τὸ
648 5029 803 5098 ἀγιον
833 5032 1017 5102 σχῆμα
1053 5030 1280 5098 ἀθετῶν,
1304 5030 1443 5085 ἔστω
1470 5028 1830 5096 ἀκοινώνητος

259 5117 354 5188 ἐτη
378 5119 525 5190 τρία.

1941 3374 2118 3438 rendi,
2151 3391 2218 3430 ne
2238 3378 2494 3447 capillum
2522 3380 2764 3448 quidem.

2010 3470 2063 3524 8.
2102 3470 2161 3524 Si
2193 3471 2356 3525 homo
2385 3473 2666 3527 saecularis
2706 3473 2759 3526 in
2799 3474 3116 3529 inﬁrmitate
3141 3478 3509 3544 abrenuntiet,

1937 3572 1992 3617 et
2039 3563 2415 3618 monacbalem
2453 3565 2620 3618 vitam
2650 3566 2934 3635 suscipiat,
2967 3571 3131 3624 vestis
3163 3571 3284 3638 ejus
3309 3581 3364 3625 et
3392 3573 3510 3625 lecti

1938 3655 2178 3724 stragula
2218 3668 2474 3710 maneant
2495 3657 2762 3712 ecclesiae.

2008 3745 2060 3798 9.
2095 3745 2396 3802 Monachus
2439 3749 2741 3804 mundanos
2787 3766 3070 3807 sermones
3098 3753 3381 3823 eloquens,
3415 3768 3512 3812 aut

1936 3838 2082 3906 quod
2139 3839 2447 3908 prosapiam
2478 3855 2634 3895 suam
2696 3841 2893 3896 alicubi
2949 3845 3167 3909 babeat,
3225 3860 3509 3916 separetur

1936 3930 2004 3983 ad
2058 3939 2168 3985 tres
2197 3931 2336 3996 dies,
2391 3948 2518 3986 cum
2573 3934 2695 3988 cibo
2726 3936 2900 3999 arido,
2943 3945 2996 3990 et
3040 3952 3165 3991 cum
3221 3945 3506 3996 metanaeis

1935 4023 2354 4093 quinquaginta.
2418 4024 2550 4078 Nam
2609 4042 2675 4080 ex
2734 4042 2843 4096 quo
2872 4029 2959 4082 die
3009 4045 3226 4084 sacrum
3285 4035 3505 4089 schema

1936 4117 2191 4183 sumpsit,
2225 4117 2534 4172 valedicens
2590 4121 2837 4188 cognatis
2890 4124 3224 4189 carnalibus,
3282 4125 3503 4182 Christo

1934 4205 2178 4261 cohaesit.

2008 4299 2093 4352 10.
2122 4298 2176 4352 Si
2215 4300 2338 4367 quis
2393 4301 2806 4371 resipiscentem
2849 4321 2911 4359 ex
2949 4318 3170 4377 peccato
3213 4327 3320 4365 non
3351 4313 3505 4368 exci-

1933 4391 2067 4458 piat,
2107 4391 2202 4446 sed
2225 4409 2348 4446 eum
2380 4395 2684 4460 contristet,
2709 4397 2756 4451 is
2784 4397 3065 4453 Christum
3092 4404 3381 4459 contristat
3405 4408 3499 4476 qui

1932 4483 2102 4537 dixit:
2138 4482 2407 4538 Gaudium
2431 4485 2490 4538 fit
2511 4485 2563 4540 in
2587 4488 2726 4542 coelo
2748 4503 2912 4560 super
2931 4507 3038 4547 uno
3070 4504 3356 4562 peccatore
3381 4513 3500 4567 pce-

1854 4610 1907 4669 D
1936 4575 2218 4628 uitentiam
2251 4587 2463 4645 agente,

2007 4662 2094 4715 ll.
2137 4662 2193 4716 Si
2226 4667 2530 4720 monachus
2561 4668 2862 4735 quamlibet
2899 4671 3180 4726 mulierem
3217 4675 3498 4733 osculatus

1934 4753 2119 4818 fuerit,
2156 4757 2226 4810 sit
2255 4769 2405 4811 extra
2437 4761 2876 4816 communionem
2903 4763 3094 4819 diebus
3115 4768 3494 4838 quadraginta,

1933 4843 2073 4910 Quin
2101 4846 2237 4900 adeo
2281 4864 2348 4900 ne
2383 4848 2502 4916 ipso
2541 4850 2758 4916 quidem
2810 4856 3232 4912 resurrectionis
3278 4858 3493 4914 Domini

1929 4938 2018 4992 die
2042 4951 2269 4992 matrem
2305 4942 2575 5009 propriam
2603 4941 2650 4994 ei
2675 4944 2908 4996 osculari
2941 4945 3147 5000 licebit.

2006 5031 2089 5085 η.
2127 5030 2230 5097 Qui
2273 5044 2517 5086 sanctam
2561 5036 2814 5089 monachi
2846 5047 3046 5090 vestem
3099 5039 3379 5109 abjecerit,
3422 5045 3493 5097 sit

1926 5131 2076 5176 extra
2109 5125 2548 5177 communionem
2591 5127 2748 5178 annis
2772 5126 2963 5180 tribus.

1772 5254 2001 5312 ΝΟΤᾹΞ.

330 5361 405 5440 (9)
439 5363 697 5440 Quaenam
722 5367 838 5440 hac
859 5377 1006 5440 esset
1026 5369 1097 5424 ob
1129 5370 1361 5426 leviores
1385 5372 1573 5440 culpas
1592 5384 1811 5440 excome

1923 5362 2012 5438 ille
2041 5361 2210 5438 frater
2242 5377 2420 5438 nona;
2453 5363 2498 5416 si
2533 5362 2728 5418 fratres
2763 5381 2928 5438 nona,
2963 5367 3054 5421 ille
3083 5384 3325 5438 vespera.
3355 5391 3373 5423 ι
3414 5372 3484 5424 lta

258 5434 576 5492 multicatio.
608 5438 901 5519 intelligere
925 5439 1047 5494 licet
1069 5456 1132 5494 ex
1164 5441 1376 5510 οη)λό
1410 5433 1625 5509 Regula:
1647 5439 1819 5492 sancti
1924 5433 2192 5512 intelliges
2245 5435 2442 5512 multas
2490 5437 3080 5491 excommunicationes
3137 5433 3192 5492 in
3260 5440 3488 5495 Studitze

258 5501 586 5578 Benedictio
615 5507 668 5561 Si
697 5501 820 5577 quis
853 5509 1014 5562 frater
1049 5510 1100 5563 in
1133 5501 1427 5565 levioribus
1467 5501 1640 5578 culpis
1672 5512 1820 5562 inve-

259 5574 424 5637 nitur,
449 5592 645 5630 mensa:
676 5574 1087 5650 participatione
1111 5583 1370 5650 privetur.
1411 5574 1614 5634 Privati
1637 5591 1816 5633 autem

1921 5503 2184 5571 epitimiis
2210 5504 2464 5568 scriptas.

1994 5571 2104 5641 (10)
2132 5571 2370 5640 Respicit
2387 5587 2592 5627 morem
2609 5571 2919 5628 Graecarum
2938 5577 3218 5630 osculandi
3253 5579 3481 5633 invicem

261 5658 460 5698 mensa,
505 5640 780 5701 consohio
839 5640 939 5703 ίέιη
989 5640 1306 5714 επιίιιι-διίο.
1367 5661 1425 5706 ut
1476 5654 1527 5704 ίη
1575 5651 1816 5704 oram-io
1918 5640 1973 5714 in
2006 5640 2278 5714 paschalis
2309 5643 2412 5714 di_ei
2443 5641 2734 5704 lietita.de
2761 5660 2870 5711 quo
2895 5661 3042 5699 more
3069 5646 3479 5704 Allatinstract.

259 5715 522 5790 psalmum
582 5729 672 5772 aut
715 5719 1062 5786 antiphonam
1095 5736 1200 5774 non
1255 5722 1516 5790 imponat,
1569 5731 1673 5774 etc.
1705 5718 1812 5772 Re-

261 5783 541 5855 t'ectionetn
571 5789 698 5850 cibi,
718 5783 843 5855 post
860 5791 1085 5842 fratrum
1118 5783 1464 5845 refectionem
1489 5783 1637 5845 solus
1663 5791 1805 5845 acci-

261 5857 390 5917 piat.
411 5851 479 5910 Ut
506 5858 570 5920 si,
593 5851 736 5914 verbi
768 5858 1171 5929 gratia,fratt‘es
1198 5861 1448 5918 reﬁciunt
1483 5871 1634 5918 sexta
1658 5861 1809 5926 hora,

1916 5709 2315 5836 ffsgomtnicis
2335 5711 2644 5769 Grzecorum
2673 5709 2794 5782 post
2817 5731 2952 5781 opus
2981 5715 3054 5770 De
3079 5733 3344 5774 consensu
3372 5721 3478 5775 col.

2073 5795 2188 5836 sea.

2073 5795 2188 5850 seq.
