4188 6488
719 450 847 513 1751

791 563 878 616 15.
908 559 1011 626 Qui
1046 568 1335 628 postquam
1370 558 1420 611 in
1450 566 1636 611 sancta
1690 557 2104 626 quadragesima
2135 554 2278 622 jeju-
2309 561 2356 616 Α

717 655 948 716 uaverit,
988 651 1117 706 feria
1167 667 1362 721 magna
1413 651 1626 720 quinta,
1674 649 2044 704 distinctionis
2087 661 2272 709 causa.

716 747 988 817 jejunium
1042 745 1285 810 solverit,
1339 743 1384 798 is
1429 753 1594 797 totam
1655 741 1977 796 dehonestat
2035 746 2282 794 sanctam

715 838 856 908 quad
867 839 1208 907 ragesitnam.

791 930 876 986 Η.
911 929 967 981 Si
1018 929 1335 998 iguoranler
1363 926 1747 982 antimensium
1774 925 1940 979 totum
1971 923 2156 988 fuerit.
2176 939 2282 978 non

717 1023 1021 1093 polluitur;
1058 1022 1186 1090 quia
1218 1022 1268 1073 in
1311 1020 1431 1089 ipso
1462 1019 1825 1074 sanctificatio
1861 1029 2077 1083 manet;
2111 1033 2284 1086 neque

718 1131 805 1167 rcs
828 1129 1007 1174 sacra,
1039 1113 1096 1165 lit
1125 1110 1370 1180 profana.

787 1205 876 1260 15.
914 1204 969 1257 Si
997 1205 1120 1272 quis
1176 1201 1438 1256 sacerdos
1491 1210 1613 1270 post
1650 1203 1872 1255 missam
1914 1202 2197 1260 vomuerit.
2237 1199 2281 1254 si

718 1299 818 1350 hoc
861 1296 932 1349 ob
957 1294 1233 1362 crapulam
1260 1294 1308 1348 ei
1337 1294 1582 1362 contigit.
1626 1295 1820 1347 diebus
1852 1293 2079 1361 integris
2123 1308 2280 1346 sexa-

717 1389 860 1456 ginta
895 1385 966 1440 sit
1018 1393 1172 1439 extra
1201 1388 1666 1444 communionem.
1718 1383 1997 1452 jejunans.
2049 1392 2102 1436 et
2137 1382 2282 1435 mille

716 1477 960 1546 quotidie
1009 1485 1308 1530 metanmas
1349 1475 1577 1530 faciens:
1627 1476 1712 1528 sin
1755 1485 1943 1530 contra
1991 1491 2055 1527 ex
2097 1475 2280 1542 aliqua

715 1567 1028 1621 valetudine
1077 1565 1125 1619 id
1185 1580 1379 1634 passus
1425 1564 1515 1626 sit,
1575 1564 1770 1617 diebus
1835 1575 2039 1631 septem
2107 1577 2281 1632 paenae

715 1656 942 1715 suberit.
984 1653 1255 1723 facietque
1280 1663 1578 1708 metanceas
1601 1652 1790 1722 viginti
1821 1655 2083 1722 quinque.

790 1749 875 1801 l6.
907 1746 961 1800 Si
985 1748 1110 1815 quis
1143 1747 1337 1800 canoni
1373 1745 1626 1808 defuerit,
1673 1745 1842 1799 aridis
1891 1754 2143 1798 vescatur
2173 1759 2282 1798 uno

715 1838 824 1900 die.
855 1847 907 1889 et
936 1837 1099 1890 faciat
1138 1847 1441 1890 metanteas
1475 1845 1716 1888 centum.

1896 445 1955 501 S.
1997 440 2383 501 THEODORI
2413 438 2756 496 STUDI'LE

3809 435 3958 496 1752

2457 557 2543 616 ιγ’.
2583 549 2641 601 Ὀ
2669 553 2734 619 τῇ
2776 548 2905 618 ἁγία
2928 549 3348 617 Τεσσαρακοστῇ
3391 546 3684 614 νηστεύων,
3731 549 3827 599 καὶ
3887 551 3959 616 τῇ

2394 642 2603 711 μεγάλῃ
2635 641 2863 710 πέμπτῃ
2914 639 3054 692 λύων
3113 639 3254 708 λόγῳ
3308 636 3651 707 διακρίσεως,
3692 636 3961 707 ἀτιμάζει

2380 735 2510 806 ὅλην
2540 735 2636 804 τὴν
2675 733 2835 802 ἁγίαν
2861 733 3334 804 Τεσσαρακοστὴν.

2459 912 2538 964 ιδ’.
2581 911 2707 965 Ἐὰν
2735 908 2876 962 κατά
2905 911 3126 978 ἄγνοιαν
3154 909 3327 978 πλυΘῇ
3360 908 3713 977 ἀντιμίνσιον,
3754 910 3813 961 οὑ
3852 927 3961 977 μο-

2381 1004 2598 1056 λύνεται
2622 1018 2634 1031 ⁸
2664 1003 2692 1054 ὁ
2712 1003 2820 1072 γὰρ
2852 1002 3119 1071 ἁγιασμὸς
3145 1003 3200 1055 ὲν
3229 1001 3378 1071 αὐτῷ
3405 1003 3547 1054 ἐστι·
3568 1001 3629 1055 τὸ
3654 1002 3760 1071 γὰρ
3785 1003 3958 1071 ἱερὸν,

2385 1096 2581 1165 μιαρὸν
2607 1095 2666 1147 οὐ
2707 1094 2940 1160 γίνεται.

2459 1194 2540 1240 ιε’.
2587 1187 2645 1239 '0
2671 1187 2780 1240 ἀπὸ
2801 1185 3143 1253 λειτουργίας
3172 1186 3348 1256 ἱερεὺς
3381 1186 3604 1254 Epic“,
3638 1187 3685 1238 εἰ
3715 1185 3816 1254 μιν
3841 1185 3961 1238 ἀπὸ

2391 1284 2830 1352 γαστριμαργίας
2861 1297 3020 1335 τουτο
3050 1278 3331 1338 πέπονθεν.
3359 1279 3573 1348 ἡμέρας
3609 1276 3652 1342 ξ’
3668 1277 3958 1346 πληρώσει

2389 1373 2563 1444 μένων
2581 1373 2964 1441 ἀκοινώνητος,
2984 1370 3259 1442 νηστεύων
3279 1372 3370 1424 καὶ
3394 1370 3615 1440 πληρῶν
3673 1370 3793 1424 καθ’
3818 1371 3960 1423 ἐκά-

2383 1480 2516 1533 στην
2546 1463 2758 1533 ἡμέραν
2781 1463 3068 1532 μετανοίας
3098 1463 3296 1532 χιλίας·
3319 1463 3369 1514 εί
3391 1462 3448 1515 δὲ
3473 1463 3580 1515 ἀπὸ
3595 1462 3796 1532 βλάϐης
3827 1463 3958 1529 ἐγέ-

2382 1570 2522 1616 νετο,
2543 1554 2757 1624 ἡμέρας
2806 1553 2849 1617 ζ’
2875 1554 2986 1620 ’ἐξει
3015 1553 3074 1606 τὸ
3099 1553 3394 1622 ἐπιτίμιον,
3426 1552 3594 1606 noqu
3636 1554 3731 1606 καὶ
3783 1570 3958 1623 μετα-

2383 1647 2531 1706 νοίας
2565 1652 2666 1699 κε’.

2457 1745 2549 1804 ις’.
2579 1739 2644 1792 Et
2663 1755 2747 1800 τις
2768 1737 3078 1807 καταλείψει
3101 1737 3192 1790 τὸν
3217 1737 3444 1803 κανόνα(
3451 1738 3593 1807 10⁸),
3617 1738 3960 1809 ξηροφαγίαν

2385 1831 2602 1900 ἡμέραν
2638 1830 2765 1898 μίαν
2788 1829 3029 1890 ποιείτω,
3064 1830 3161 1882 καὶ
3190 1831 3476 1898 μετανοίας
3506 1838 3569 1901 ρ’.

789 1931 874 1984 17.
911 1928 967 1982 Si
995 1927 1119 1996 quis
1151 1929 1400 1998 lyclinlco
1431 1942 1540 1980 non
1573 1926 1883 1981 interfuerit
1922 1936 2015 1980 aut
2039 1925 2278 1994 comple-

2453 1920 2537 1984 ιζ’.
2590 1920 2655 1972 Et
2694 1937 2776 1982 τις
2824 1919 3108 1989 ἀπολείψει
3152 1920 3246 1974 τοῦ
3282 1921 3556 1991 λυχνικοῦ,
3593 1924 3624 1994 ἡ
3669 1923 3776 1975 τῶν
3819 1925 3960 1976 ἀπο-

720 2021 878 2085 torio,
910 2021 1093 2074 vinum
1128 2035 1235 2074 una
1260 2018 1348 2074 die
1379 2033 1487 2073 non
1512 2019 1682 2082 bibat.
1705 2028 1758 2073 et
1798 2017 1957 2073 faciat
1991 2028 2284 2072 metanmas

718 2113 1134 2183 quinquaginta.

787 2206 874 2260 18.
912 2205 968 2259 Si
1002 2205 1131 2275 quis
1158 2204 1318 2270 hora,
1361 2219 1470 2274 qua
1505 2201 1720 2272 eulogia
1750 2201 1932 2263 datur,
1955 2202 2288 2272 negligenter

719 2298 1198 2368 abfuerit.jejunet
1221 2312 1395 2366 usque
1429 2295 1496 2351 ad
1526 2310 1830 2366 vesperam,
1854 2309 1978 2349 cum
2004 2295 2287 2348 metaureis

719 2390 1134 2459 quinquaginta.

798 2480 880 2533 l9.
929 2478 985 2533 Si
1029 2480 1152 2548 quis
1179 2477 1511 2532 monasterio
1545 2476 1878 2547 egrediatur,
1915 2475 2118 2545 absque
2150 2489 2289 2544 pra:-

725 2573 883 2638 positi
931 2572 1208 2632 facultate,
1261 2581 1481 2624 maneat
1532 2581 1684 2623 extra
1709 2568 2145 2623 communionem
2181 2579 2289 2620 una

725 2660 1081 2723 hcbdotnada,
1119 2673 1241 2712 cum
1277 2659 1564 2714 metanceis
1598 2658 1978 2728 quadraginta.

789 2752 880 2806 20.
917 2751 970 2804 Si
1000 2751 1126 2822 quis
1154 2752 1357 2820 aliquid
1402 2750 1710 2820 possederit
1753 2751 1928 2803 inscio
1977 2747 2290 2818 praeposito.

722 2843 794 2896 sit
847 2853 1000 2896 extra
1038 2842 1484 2896 communionem
1519 2841 1711 2895 diebus
1755 2842 2086 2910 quindecim.
2123 2842 2293 2895 aridis

757 2950 950 2988 escens
971 2935 1104 2988 hora
1127 2950 1294 2998 nona,
1323 2949 1447 2988 cum
1477 2937 1766 2990 metanreis
1789 2935 2206 3005 quinquaginta.

791 3027 883 3081 2l.
929 3025 985 3078 Si
1045 3026 1170 3094 quis
1196 3041 1319 3079 cum
1352 3027 1537 3095 aliquo
1565 3027 1978 3096 conspiraverit,
2029 3036 2119 3080 aut
2157 3027 2294 3080 clam

723 3118 790 3172 de
828 3118 1162 3171 monasterio
1205 3118 1514 3182 recesserit.
1543 3118 1616 3173 sit
1645 3119 1816 3172 extra"
1857 3119 2294 3174 communionem

726 3213 920 3266 diebus
955 3212 1203 3281 triginta.
1236 3213 1472 3283 ciboque
1501 3213 1654 3268 arido
1677 3223 1854 3278 utens,
1886 3223 2182 3267 metauazas
2213 3214 2294 3266 fa-

724 3307 833 3360 ciat
855 3314 1095 3361 centum.

799 3398 890 3452 22.
922 3399 978 3454 Si
1006 3401 1131 3469 quis
1159 3399 1470 3470 impositam
1513 3413 1544 3453 a
1591 3400 1880 3469 praeposito
1925 3413 2141 3468 pmnam
2187 3413 2294 3451 non

729 3493 1123 3555 observaverit,
1144 3503 1426 3560 separetur
1453 3493 1789 3546 Itebdomada
1809 3507 1916 3544 una
1951 3505 1979 3543 a
2012 3489 2294 3554 fratribus.

727 3598 852 3637 cum
893 3583 1018 3638 cibo
1072 3584 1261 3647 arido,
1303 3593 1358 3638 et
1417 3581 1753 3653 quotidianis
1820 3583 2107 3637 metanmis
2173 3597 2300 3635 cen-

728 3682 863 3726 tum.

797 3765 889 3818 23.
927 3763 984 3818 Si
1020 3764 1146 3833 quis
1202 3763 1386 3818 fratris
1435 3763 1662 3820 alterius
1690 3775 1918 3830 vestem,
1963 3775 2056 3818 aut
2087 3763 2299 3832 quidvis

735 3858 880 3910 aliud
913 3865 1112 3926 prater
1149 3857 1295 3910 illius
1322 3857 1656 3910 voluntatem
1680 3857 1887 3922 tulerit,
1931 3857 2113 3910 triduo
2134 3855 2298 3909 aridis

733 3960 982 4004 vescatur
1015 3965 1138 4003 cum
1167 3959 1385 4002 centum
1417 3950 1720 4003 metanmis.

801 4041 893 4094 25.
949 4041 1007 4094 Si
1047 4043 1172 4110 quis
1203 4041 1645 4108 deprehendatur
1695 4048 1858 4094 noctu
1907 4039 2045 4092 clam
2093 4038 2297 4092 versari

729 4148 854 4188 cum
885 4133 1087 4202 aliquo,
1147 4141 1241 4187 aut
1273 4132 1472 4188 cubitis
1500 4133 1675 4185 locum
1741 4141 1973 4194 mutare,
2022 4139 2115 4184 aut
2167 4129 2300 4184 furis

737 4235 979 4286 manere,
1012 4221 1133 4275 sine
1165 4220 1441 4289 praepositi
1474 4228 1631 4283 nutu,
1663 4228 1944 4287 separetur
1968 4233 2071 4271 uua
2099 4218 2301 4272 hebdo-

737 4313 918 4375 mada.
956 4312 1129 4367 aridis
1155 4321 1338 4374 utens.
1377 4327 1500 4366 cum
1530 4311 1872 4380 septuaginta
1902 4310 2210 4364 metanreis.

806 4402 897 4455 25.
929 4399 1225 4470 Praeposito
1273 4417 1382 4455 non
1413 4410 1707 4463 annuente,
1739 4403 1782 4454 si
1807 4400 1929 4468 quis
1966 4397 2134 4452 frater
2165 4412 2302 4466 opus

735 4507 896 4545 suum
923 4492 1175 4545 manuale
1192 4492 1505 4554 mutaverit,
1522 4491 1711 4545 diebus
1733 4491 2090 4560 quadraginta
2117 4504 2303 4542 vesca-

739 4597 825 4637 tur
846 4582 1040 4645 aridis,
1073 4597 1196 4635 cum
1239 4582 1526 4636 metanaais
1549 4582 1842 4649 octoginta.

2385 2012 2638 2073 δείπνων,
2684 2012 2894 2082 ἡμέραν
2946 2015 3076 2082 μίαν
3122 2007 3264 2067 οἶνον
3308 2015 3383 2086 μὴ
3437 2016 3626 2079 πιέτω,
3662 2018 3958 2085 μετανοίας

2387 2110 2562 2156 ποιῶν
2593 2110 2654 2158 ν’.

2461 2193 2548 2265 ιη’.
2582 2197 2767 2259 Ὅστις
2791 2197 2848 2248 ὲν
2873 2199 2938 2267 τῇ
2961 2197 3078 2267 ὥρα
3105 2196 3201 2266 τῆς
3224 2197 3422 2260 δόσεως
3450 2197 3551 2264 τῆς
3575 2197 3820 2264 εὐλογίας
3843 2198 3903 2249 λε
3915 2197 3960 2248 ί-

2385 2283 2478 2352 ψει
2530 2285 2671 2337 κατὰ
2713 2286 2991 2355 ἀμέλειαν,
3024 2287 3330 2357 νηστευέτω
3371 2287 3473 2351 ἓως
3513 2287 3632 2357 ὀψὲ,
3668 2290 3758 2341 καὶ
3791 2305 3961 2358 μετα-

2387 2375 2533 2438 νοίας
2560 2377 2777 2429 ποιείτω
2801 2374 2861 2432 ν’.

2461 2467 2547 2520 ιϐ’.
2572 2468 2646 2531 Εἴ
2671 2485 2752 2530 τις
2775 2467 2976 2531 ἐξέλθοι
3003 2467 3096 2520 τοῦ
3136 2469 3496 2538 μοναστηρίου
3537 2469 3704 2538 χωρὶς
3733 2467 3830 2532 τῆς
3858 2467 3955 2520 τοῦ

2388 2559 2693 2629 ἡγουμένου
2718 2560 3090 2630 παραθέσεως,
3117 2563 3324 2631 μενέτω
3347 2561 3704 2631 ἀκοινώνητος
3725 2561 3959 2631 ἑὸὅομά-

2390 2650 2456 2703 δα
2485 2652 2632 2719 μίαν,
2665 2652 2950 2719 μετανοίας
2979 2651 3148 2704 ποιῶν
3174 2650 3246 2721 μ’.

2463 2746 2531 2793 κ’.
2567 2741 2630 2793 Εἰ
2657 2758 2738 2802 τις
2765 2743 3022 2809 κτήσεται
3051 2743 3280 2812 πρᾶγμα
3308 2740 3478 2811 χωρὶς
3503 2739 3594 2793 τοῦ
3625 2743 3958 2811 ἡγουμένου,

2397 2834 2606 2902 μενέτω
2637 2833 2998 2903 ἀκοινώνητος
3039 2835 3251 2906 ἡμέρας
3280 2840 3362 2901 ιε’,
3390 2834 3712 2904 ξηροφαγιῖω
3735 2836 3853 2905 ὥρα
3890 2835 3959 2900 θ’,

2394 2927 2485 2979 καὶ
2516 2925 2801 2994 μετανοίας
2827 2927 2992 2978 ποιῶν
3016 2927 3078 2981 ν’.

2463 3022 2568 3068 κα’.
2600 3013 2667 3067 Et
2695 3032 2778 3078 τις
2811 3017 3092 3070 συνδυάσει
3149 3017 3288 3086 μετά
3325 3034 3488 3082 τινος,
3542 3019 3574 3088 ἤ
3615 3019 3958 3088 ἀναχωρήσει

2395 3107 2486 3160 τοῦ
2517 3125 2755 3178 μοναστη
2767 3111 2879 3178 ρίου
2905 3112 3106 3180 κρύφα,
3138 3111 3346 3177 μενέτω
3367 3111 3724 3181 ἀκοινώνητος
3746 3112 3960 3182 ἡμέρας

2396 3197 2461 3264 λ’,
2489 3198 2829 3269 ξηροφαγιῖη,
2858 3205 2950 3251 καὶ
2981 3199 3268 3268 μετανοίας
3295 3199 3464 3252 ποιῶν
3490 3205 3553 3271 ρ’.

2468 3380 2569 3449 κβ’.
2621 3380 2689 3433 Εἴ
2721 3399 2801 3444 τις
2834 3381 3013 3434 λαϐὼν
3050 3383 3321 3451 ἐπιτίμιον
3352 3384 3500 3454 παρά
3532 3384 3624 3437 τοῦ
3653 3385 3958 3454 ἡγουμένου

2401 3471 2474 3539 μὴ
2510 3470 2755 3539 φυλάξει,
2785 3473 3127 3541 ἀφοριζέσθω
3153 3475 3420 3543 ἑϐδομάδα
3457 3476 3585 3543 μίαν
3607 3476 3705 3542 τῆς
3732 3476 3958 3544 ἀδελφά.

2397 3579 2578 3632 τητος,
2619 3563 2962 3635 ξηροφαγῶν,
2994 3566 3087 3618 καὶ
3119 3567 3406 3635 μετανοίας
3441 3566 3608 3620 ποιῶν
3637 3567 3961 3639 καθημέραν

2401 3655 2614 3707 ἑκατόν.

2470 3751 2575 3812 κγ’.
2615 3745 2681 3798 Εἴ
2705 3763 2787 3806 τις
2814 3745 3041 3813 ἀδελφοῦ
3069 3745 3299 3814 ἱμάτιον.
3327 3744 3359 3815 ἦ
3395 3745 3521 3798 ἀλλο
3548 3764 3600 3800 τι
3635 3748 3785 3818 παρά
3823 3750 3962 3818 γνώ-

2403 3853 2511 3905 μην
2537 3835 2700 3888 αὑτοῦ
2731 3837 2970 3905 φορέσει,
3008 3838 3219 3908 ἡμέρας
3251 3841 3397 3910 τρεῖς
3430 3837 3828 3910 ξηροφαγείτω,
3858 3861 3955 3914 με-

2400 3927 2616 3988 τανοέας
2654 3926 2822 3978 ποιῶν
2855 3928 3072 3981 ἑκατόν.

2470 4017 2567 4069 κδ’.
2611 4017 2676 4069 Et
2707 4033 2788 4079 τις
2829 4017 3023 4086 εὑρεθῇ
3057 4020 3122 4088 τῇ
3151 4020 3305 4073 νυκτὶ
3345 4020 3558 4086 ίὸιάζων
3603 4023 3786 4093 κρύφα
3821 4025 3961 4093 μετά

2398 4123 2561 4169 τινος,
2593 4107 2624 4176 ἢ
2655 4107 2936 4165 ἀλλάσσων
2971 4110 3060 4161 τὸν
3084 4110 3247 4163 τόπον
3273 4111 3366 4164 τοῦ
3395 4115 3690 4182 κοιταρίου,
3720 4114 3750 4183 ἡ
3787 4117 3962 4184 μένων

2400 4197 2504 4260 ἔξω
2543 4198 2710 4267 χωρὶς
2748 4198 2848 4267 τῆς
2878 4198 2971 4251 τοῦ
3002 4201 3304 4272 ἡγουμένου
3339 4204 3579 4274 γνώμης.
3624 4207 3962 4275 ἀπριζέσθω

2401 4290 2694 4360 ἑϐδομάδα,
2727 4290 3074 4362 ξηροφαγῶν,
3107 4296 3394 4363 μετανόίας
3423 4297 3593 4349 ποιῶν
3617 4303 3679 4350 o’.

2472 4389 2570 4436 κε’.
2599 4383 2703 4436 Τοῦ
2734 4385 3038 4454 ἡγουμένου
3076 4386 3149 4456 μὴ
3176 4387 3583 4456 ἐπιτρέψαντος,
3609 4389 3704 4442 ἐὰν
3737 4389 3963 4458 ἀδελῳδς

2401 4475 2606 4546 ἀλλάξῃ
2635 4477 2696 4528 τὸ
2724 4477 3054 4548 ὲργόχειρον,
3080 4479 3290 4548 ἡμέρας
3334 4478 3388 4548 μ’
3421 4478 3816 4550 ξηροφαγείτω,
3865 4497 3960 4551 με-

2402 4568 2616 4631 τανοίας
2648 4568 2815 4619 ποιῶν
2853 4574 2926 4621 π’.

808 4675 901 4729 26.
953 4675 1008 4730 Si
1044 4675 1170 4744 quis
1205 4690 1318 4727 rem
1357 4689 1510 4727 suam
1558 4673 1794 4742 aliquam
1846 4686 1968 4725 cum
1999 4670 2108 4723 alio
2139 4668 2296 4723 fratre

2475 4663 2587 4720 κς·.
2624 4656 2690 4706 Εἴ
2721 4672 2802 4717 τις
2835 4657 3068 4726 πρᾶγμα
3111 4655 3305 4709 ἑαυτοῦ
3354 4655 3570 4723 ἀλλάξει
3623 4661 3760 4727 μετά
3799 4677 3961 4725 τινος,

740 4767 1189 4830 commutaverit,
1222 4767 1538 4821 inconsulto
1568 4764 1880 4834 praposito.
1909 4762 1992 4816 vel
2044 4762 2158 4830 ipse
2211 4775 2307 4829 per

2402 4749 2572 4817 χωρὶς
2616 4747 2709 4800 τοῦ
2761 4750 3086 4818 ἡγουμένου,
3139 4749 3171 4818 ἡ
3225 4749 3317 4817 ἀφ’
3366 4750 3558 4803 ἑαυτοῦ
3603 4752 3882 4820 κτήσεται.
3927 4752 3959 4820 ἦ

737 4879 796 4918 se
827 4860 1201 4930 acquisiverit.
1255 4869 1350 4912 aut
1389 4859 1456 4910 ab
1487 4858 1672 4926 aliquo
1697 4854 1983 4923 acceperit,
2023 4864 2296 4922 separetur

2401 4839 2544 4911 λάϐῃ
2573 4841 2724 4910 παρά
2753 4857 2917 4906 τινος,
2950 4839 3291 4911 ἀφοριζέσθω
3321 4841 3536 4912 ἡμέρας
3563 4841 3647 4912 ιβ’,
3679 4844 3963 4912 μετανοίας

739 4957 936 5011 diebus
966 4954 1278 5016 duodecim,
1307 4962 1362 5006 et
1393 4961 1695 5005 mctanmas
1728 4948 1998 5015 octoginta
2035 4945 2217 5000 faciat.

807 5048 898 5102 27.
934 5046 989 5100 Si
1049 5047 1174 5115 quis
1221 5054 1376 5100 extra
1426 5055 1670 5096 mensam
1718 5037 2050 5099 comederit,
2102 5037 2309 5104 absque

2403 4932 2572 4985 ποιῶν
2595 4939 2668 4985 π’.

2476 5026 2578 5088 κζ’.
2630 5024 2698 5077 Εἴ
2743 5043 2825 5088 τις
2881 5025 2984 5090 ἔξω
3034 5025 3136 5095 τῆς
3167 5025 3445 5097 τραπέζης
3491 5025 3679 5090 ἐσθίει,
3726 5025 3821 5093 τῆς

3873 5024 3964 5078 τοῦ

742 5136 1017 5209 praepositi
1055 5135 1454 5196 benediCtione,
1488 5132 1568 5185 vel
1587 5141 1741 5185 extra
1775 5129 2167 5192 infirmitatem,
2199 5125 2296 5180 ari-

2413 5118 2718 5188 ἡγουμένου
2759 5120 2924 5187 χωρὶς
2970 5116 3300 5188 εὐλογίας,ἢ
3348 5116 3656 5188 ἀρρωστίας
3700 5117 3842 5186 δίχα,
3879 5118 3967 5188 ξη-

740 5235 826 5288 dis
851 5231 1033 5286 triduo
1060 5237 1338 5292 vescatur,
1363 5242 1486 5280 cum
1517 5224 1804 5278 tnetanmis
1820 5223 2088 5277 ducentis.

2415 5210 2719 5280 ροφαγείτω
2774 5210 2992 5280 ἡμέρας
3029 5213 3196 5279 τρεῖς,
3245 5209 3414 5261 ποιῶν
3461 5209 3747 5280 μετανοίας
3792 5209 3968 5261 διακο-

2412 5301 2552 5363 σίας.

809 5405 900 5460 28.
926 5402 982 5457 Si
1007 5402 1129 5472 quis
1147 5410 1270 5468 post
1285 5398 1692 5468 completorium
1711 5396 1991 5450 comedere
2007 5390 2296 5461 deprehen-

2481 5391 2589 5462 κη’.
2629 5393 2697 5447 Et
2743 5409 2826 5455 τις
2883 5392 3021 5462 μετά
3065 5392 3132 5446 τὰ
3174 5392 3471 5446 ἀπόδειπνα
3514 5391 3708 5464 εὑρεθῇ
3755 5390 3968 5454 ἐσθίων,

741 5497 920 5559 datur,
952 5493 1122 5548 aridis
1161 5491 1436 5546 nutriatur
1483 5505 1586 5541 una
1645 5487 2003 5540 liebdomada.
2034 5482 2090 5538 Si
2125 5493 2296 5537 autem

2415 5481 2794 5551 ξηροφαγείτω
2817 5481 3084 5554 ἑϐδομάδα
3107 5499 3121 5514 ο
3150 5484 3200 5536 εἰ
3222 5483 3278 5537 δὲ
3303 5482 3500 5554 εὑρεθῇ
3529 5480 3722 5551 γελῶν,
3754 5482 3972 5534 ποιείτω

745 5588 930 5643 ridens
969 5585 1362 5654 comperiatur.
1401 5588 1700 5633 metanmas
1735 5576 1898 5630 faciat
1931 5574 2212 5629 ducentas.

2415 5574 2700 5646 μετανοίας
2730 5574 2794 5628 δ’.

2197 5755 2429 5814 NOTAE.

815 5862 948 5930 (10’)
979 5859 1160 5914 Canou
1189 5868 1270 5914 est
1321 5872 1446 5927 pars
1494 5855 1648 5912 officii
1689 5853 2022 5909 Graecorum.
