4188 6486
677 416 813 482 1755

1852 414 1915 474 S.
1949 413 2337 474 TIIEODORI
2379 414 2720 475 STUDITA‘I

3769 404 3910 467 1756

674 548 803 587 vero
844 530 992 602 parvi
1022 527 1338 594 schematis,
1384 526 1623 584 biennio.
1651 524 1853 583 Eadem
1886 527 1973 583 lex
2018 526 2086 583 de
2115 541 2235 581 mo-
2264 532 2311 586 Δ

2264 532 2311 586 Δ
2337 526 2468 580 δύο·
2526 530 2555 583 δ
2600 529 2760 593 αὐτὸς
2805 526 2863 582 δὲ
2914 525 3041 599 ἔρος
3088 522 3361 595 κρατείτω
3446 520 3544 574 καὶ
3582 516 3678 571 ἐπὶ
3738 535 3910 587 μονα-

672 623 911 676 nialibus
939 635 1160 691 quoque
1186 620 1385 674 valeat.

746 716 836 770 48.
881 713 936 768 Si
968 713 1268 768 monachus
1293 712 1482 768 ebrius
1508 711 1619 775 fiat,
1658 710 1924 765 habeatur
1955 720 2017 764 ut
2064 707 2237 763 forni-

676 806 877 864 carius.
906 815 960 859 et
984 804 1050 859 sit
1076 814 1224 857 extra
1251 801 1687 857 communionem
1728 802 1965 856 biennio.

751 898 838 952 49.
866 896 923 949 Si
957 897 1009 949 in
1044 896 1260 965 publico
1289 895 1489 959 riserit,
1533 894 1604 949 sit
1630 904 1780 949 extra
1797 892 2235 948 communionem

676 986 871 1038 diebus
902 982 1259 1052 quadraginta
1274 1024 1286 1037 .

746 1072 835 1126 50.
874 1069 931 1125 Si
975 1071 1046 1125 ob
1076 1070 1351 1139 crapulam
1392 1069 1686 1131 vomuerit,
1720 1068 1791 1121 sit
1837 1068 2045 1138 pariter
2084 1074 2239 1121 extra

678 1164 1118 1219 communionem
1150 1162 1343 1217 diebus
1369 1162 1749 1231 quadraginta.

748 1257 838 1309 51.
874 1255 929 1309 Si
959 1254 1139 1324 magni
1191 1252 1487 1307 schematis
1518 1252 1819 1306 monachus
1850 1252 1968 1306 sine
2024 1250 2242 1306 cucullo

680 1363 781 1403 suo
817 1345 1198 1410 ambulaverit,
1258 1345 1329 1399 sit
1360 1353 1513 1398 extra
1566 1343 2001 1397 communionem
2051 1342 2242 1397 diebus

679 1440 1058 1510 quadraginta.
1104 1435 1289 1506 Neque
1324 1436 1471 1490 enim
1508 1434 1560 1488 in
1597 1436 1716 1503 ejus
1759 1443 2027 1503 potestate
2050 1442 2153 1497 est,
2185 1442 2246 1487 ut

680 1532 800 1587 sine
833 1530 1124 1586 schematis
1140 1530 1224 1585 sui
1244 1528 1549 1597 insignibus
1578 1535 1850 1596 Operetur,
1879 1535 1970 1581 aut
1985 1525 2242 1591 dormiat,

680 1634 773 1679 aut
802 1624 1239 1694 quandocunque
1274 1623 1355 1676 vel
1379 1622 1619 1691 quolibet
1651 1620 1915 1675 ambulet.

752 1716 841 1770 52.
874 1714 929 1770 Si
961 1718 1086 1786 quis
1115 1714 1514 1769 contradixerit
1552 1710 1769 1782 praesidi
1805 1724 1930 1775 suo,
1965 1706 2049 1762 vel
2079 1704 2244 1761 alicui

683 1807 861 1877 fratri,
883 1808 951 1862 sit
977 1815 1131 1862 extra
1164 1806 1606 1862 communionem
1638 1803 1830 1858 diebus
1859 1798 2241 1871 quadraginta.

756 1986 843 2040 53.
872 1985 1171 2041 Monachus
1198 1986 1292 2054 qui
1332 2000 1455 2039 cum
1519 1981 1873 2039 saecularibus
1904 1980 1957 2034 in
1998 1979 2250 2034 convivio

688 2079 908 2146 sederit,
950 2081 1023 2136 sit
1082 2092 1233 2135 extra
1266 2078 1710 2134 communionem
1774 2074 1966 2129 diebus
2013 2072 2250 2145 quadra-

687 2172 856 2243 ginta.

759 2264 847 2320 54.
903 2264 959 2319 Si
1000 2264 1301 2320 monachus
1330 2273 1426 2318 aut
1468 2262 1723 2317 monialis
1789 2258 2120 2316 monasterio
2152 2270 2253 2311 suo

688 2356 996 2426 diffugiant,
1035 2372 1248 2425 pinnam
1277 2354 1859 2409 excommunicationis
1883 2352 2251 2407 duodecennis

691 2444 997 2499 incurrunt.
1024 2441 1078 2496 Si
1114 2458 1242 2496 vero
1291 2444 1476 2496 vitiata
1511 2443 1691 2495 anima
1728 2442 1865 2495 clam
1920 2438 2253 2494 monasterio

690 2548 750 2587 se
776 2532 1156 2597 subduxerint,
1198 2547 1335 2601 opus
1365 2540 1449 2586 est
1494 2540 1553 2583 ut
1599 2530 1651 2583 hi
1692 2531 1927 2599 aliquem
1965 2530 2249 2597 probatum

692 2623 1019 2676 monachum
1047 2623 1345 2685 inveniant,
1377 2621 1536 2690 eique
1566 2635 1739 2690 pauca
1767 2636 1829 2674 ex
1870 2621 2054 2675 multis
2082 2621 2251 2691 signi-

692 2714 874 2778 ficent,
928 2731 1049 2783 quae
1112 2716 1177 2767 ad
1231 2716 1306 2768 rei
1360 2713 1795 2767 emendationem
1830 2713 2150 2779 conferant;
2196 2722 2255 2767 ut

692 2819 788 2872 per
815 2804 1113 2859 sacerdotis
1146 2805 1487 2874 prudentiam
1546 2804 1888 2858 reconciliari
1932 2805 2255 2873 praesidibus

693 2897 809 2951 suis
876 2899 1104 2965 possint,
1164 2907 1217 2951 et
1268 2898 1321 2951 in
1386 2899 1603 2968 propria
1630 2898 1984 2963 monasteria,
2050 2898 2256 2954 sanatis

693 2988 891 3042 anima:
919 2988 1115 3057 culpis,
1152 2990 1368 3043 reverti.

2273 1863 2321 1923 B

2341 636 2560 691 στριων.

2414 719 2524 783 μη’.
2577 713 2702 766 Ἐάν
2730 710 2961 782 μοναχὸς
2992 708 3218 780 μεθύση,
3252 706 3603 777 ὲπόρνευσεν,
3639 702 3735 755 καὶ
3766 702 3913 756 ἔστι-ι

2340 804 2703 873 ἀκοινώνητος
2734 804 2828 873 ἔτη
2852 805 2965 856 δύο.

2414 894 2520 965 μθ’.
2567 895 2690 948 Ἐάν
2737 896 2830 948 ἐπὶ
2871 895 3041 963 δήμου
3087 889 3313 961 γελάσῃ,
3356 888 3498 944 ἔστω
3542 887 3911 955 ἀκοινώνητος

2341 988 2554 1057 ἡμέρας
2588 994 2660 1058 μό

2410 1083 2475 1131 ν’.
2512 1077 2637 1130 Ἐάν
2667 1077 2774 1129 ἀπὸ
2804 1072 3249 1147 γαστριμαργίας
3289 1072 3484 1145 ἐμέσῃ,
3517 1070 3717 1142 ὁμοίως
3752 1071 3904 1122 ἀκοιο

2343 1167 2575 1240 νώνητος
2598 1168 2735 1222 ἔστω
2755 1169 2965 1239 ἡμέρας
2988 1166 3061 1237 μ’.

2413 1268 2513 1315 να’.
2552 1261 2676 1315 Ἐἀν
2702 1261 3049 1331 περιπατήσῃ
3077 1257 3489 1329 μεγαλόσχημος
3514 1256 3640 1310 ἄνευ
3663 1254 3757 1307 τοῦ
3784 1272 3911 1306 κου-

2343 1353 2590 1407 κουλλίου
2622 1353 2807 1417 αὐτοῦ,
2842 1353 2981 1405 ἔστω
3028 1348 3389 1419 ἀκοινώνητος
3428 1348 3641 1419 ἡμέρας
3674 1354 3754 1417 μ’-
3809 1350 3913 1399 οὐκ

2344 1442 2459 1513 ἔχει
2492 1442 2600 1513 γάρ
2629 1441 2877 1506 ἐξουσίαν
2908 1439 3148 1501 τοιοῦτος
3184 1438 3313 1492 ἀνευ
3359 1436 3467 1490 τῶν
3499 1436 3781 1506 συμϐόλων
3810 1438 3909 1490 τοῦ

2342 1536 2500 1603 ἀγίου
2533 1535 2807 1605 σχήματος
2837 1530 3197 1602 ἐργάσασθαι,
3226 1529 3261 1599 ἢ
3296 1529 3645 1600 κοιμηθῆναι,
3674 1528 3709 1598 ἢ
3744 1545 3909 1600 περι-

2346 1624 2586 1694 πατῆσαι
2610 1640 2738 1677 ποτε
2773 1621 3030 1676 πούποτε.

2414 1712 2512 1783 νβ’.
2557 1711 2680 1765 Ἐἀν
2705 1710 3121 1782 ἀντιλογήσηταί
3144 1728 3226 1773 τις
3248 1708 3327 1780 τῷ
3352 1709 3652 1781 προεστῶτι
3669 1708 3911 1781 αὑτοῦ,ἧ

2346 1822 2450 1858 τινι
2480 1804 2693 1875 ἀδελφῷ
2724 1803 2909 1869 αὑτοῦ,
2938 1804 3079 1858 ἔστω
3126 1801 3488 1872 ἀκοινώνητος
3539 1801 3750 1871 ἡμέρας
3781 1817 3910 1853 τεσ-

2350 1898 2677 1970 σαράκοντα.

2419 1986 2520 2056 ιγ’.
2557 1988 2681 2040 Ἐὰν
2714 1986 2850 2057 μετά
2880 1985 3161 2056 κοσμικῶν
3190 1985 3391 2057 καθίσῃ
3420 1986 3648 2058 μοναχδς
3669 1986 3748 2047 είς
3774 2002 3914 2056 συμ-

2351 2079 2560 2147 πόσιον,
2589 2079 2730 2133 ἔστω
2756 2077 3119 2150 ἀκοινώνητος
3146 2078 3357 2149 ἡμέρας
3388 2084 3462 2148 μ’.

2421 2252 2513 2307 νδ’.
2562 2251 2685 2305 Ἐὰν
2717 2250 2945 2322 μοναχὸς
2984 2250 3018 2319 ἢ
3051 2249 3256 2322 μοναχῆ
3291 2250 3385 2305 τοῦ
3420 2248 3782 2321 μοναστηρίου
3811 2252 3911 2303 αὑ-

2351 2344 2461 2397 τῶν
2510 2342 2908 2411 ἀποδράσωσιν,
2946 2340 3161 2410 ἔχουσιν
3199 2340 3591 2409 ἀκοινωνησίας
3637 2340 3915 2406 ἐπιτίμιον

2354 2435 2447 2506 ἔτη
2481 2434 2548 2504 ιβ’
2571 2452 2583 2463 ·
2626 2436 2673 2486 εἰ
2704 2435 2760 2487 δέ
2799 2450 2862 2501 γε
2896 2424 3037 2487 κᾶτα
3072 2433 3247 2505 ψυχὴν
3273 2433 3612 2503 βλάπτωνται
3641 2433 3737 2484 καὶ
3764 2431 3915 2497 ἐξέλο

2354 2526 2487 2579 θωσι
2517 2525 2787 2592 λαθραίως
2815 2524 2922 2577 τῶν
2955 2524 3353 2593 μοναστηρίων,
3382 2522 3462 2574 δεῖ
3493 2520 3711 2581 τούτους
3736 2522 3913 2593 εὑρεῖν

2353 2617 2573 2687 δόκιμον
2606 2617 2859 2686 μοναχὸν,
2889 2615 2985 2669 καὶ
3009 2618 3073 2669 ὲκ
3103 2614 3210 2668 τῶν
3240 2612 3451 2666 πολλῶν
3470 2612 3625 2680 ὀλίγα
3652 2614 3913 2681 ἀναγγεί-

2355 2709 2443 2761 λαι
2466 2708 2615 2777 αὐτῷ
2639 2709 2774 2779 πρὸς
2805 2709 3091 2779 διόρθωσιν
3120 2708 3215 2775 τῆς
3245 2706 3428 2768 αἰτίας
3445 2704 3538 2757 τοῦ
3566 2703 3910 2775 πράγματος,

2357 2801 2444 2853 ἵνα
2474 2801 2561 2855 διά
2589 2804 2686 2871 τῆς
2712 2802 2977 2865 συνέσεως
3008 2800 3102 2854 τοῦ
3133 2799 3319 2869 ἱερέως
3349 2797 3613 2868 δυνηθῶσι
3652 2798 3916 2850 καταλλαο

2356 2892 2521 2962 γῆναι
2540 2895 2652 2957 τοῖς
2690 2893 3025 2964 προεστῶσιν
3050 2890 3247 2951 αὐτῶν,
3276 2890 3369 2942 καὶ
3398 2888 3810 2957 ὑποστρέψωσιν
3836 2889 3913 2948 είς

2356 2984 2425 3038 τὰ
2478 2986 2585 3039 ίδια
2641 2987 2993 3055 μοναστήρια,
3055 2982 3448 3054 διορθουμένων
3501 2980 3609 3034 τῶν
3669 2979 3914 3051 ψυχικῶν

2362 3079 2710 3148 σφαλμάτων.

768 3163 856 3217 55.
888 3163 1300 3258 Monachus-qui
1332 3166 1629 3221 comederit
1665 3176 1759 3221 aut
1811 3168 2006 3222 biberit
2039 3176 2162 3220 ante
2196 3167 2257 3220 fi-
2284 3202 2326 3258 ο

2284 3202 2326 3258 C
2429 3178 2521 3225 νε⁶.
2561 3170 2808 3239 Μοναχὺς
2870 3167 3063 3237 φαγὼς
3120 3170 3155 3238 η
3213 3165 3353 3222 πιὼν
3408 3167 3515 3237 πρὸ
3576 3168 3677 3237 τῆς
3717 3164 3915 3223 ἀπολύ-

696 3271 819 3308 nem
849 3270 1137 3325 synaxeos,
1180 3255 1341 3310 faciat
1368 3257 1435 3310 ad
1486 3272 1727 3311 mensam
1773 3268 2070 3311 metanmas
2093 3258 2254 3327 quin-

696 3347 979 3417 quaginta.

769 3436 929 3492 56.Si
960 3438 1082 3505 quis
1106 3439 1402 3493 monachus
1428 3440 1618 3508 synaxi
1645 3439 1697 3492 in
1717 3439 1947 3494 ecclesia
1972 3439 2259 3502 assistens,

700 3526 845 3582 haud
878 3543 1049 3597 usque
1076 3529 1141 3581 ad
1185 3528 1345 3582 tinent
1392 3529 1462 3582 ibi
1502 3529 1823 3598 reperiatur,
1850 3538 2073 3599 excepto
2101 3544 2262 3599 supeo

702 3617 1067 3686 riorisjussu,
1109 3630 1202 3673 aut
1250 3634 1445 3689 magna
1490 3620 1831 3685 necessitate,
1881 3621 2041 3676 faciat
2087 3632 2257 3675 meta-

704 3722 855 3761 nmas
875 3708 1253 3778 quadraginta,
1276 3711 1545 3781 totiesque.
1565 3711 1711 3766 dicat
1740 3711 1981 3778 Domine,
1998 3714 2260 3766 miserere.

773 3802 860 3856 57.
895 3800 950 3856 Si
970 3804 1271 3860 monachus
1297 3820 1420 3860 cum
1438 3806 1560 3861 aliis
1586 3808 1868 3862 monachis
1896 3807 1964 3860 oh
1988 3805 2264 3876 quodlibet

2362 3278 2496 3324 σεως
2528 3261 2627 3329 τῆς
2661 3260 2950 3327 συνάξεως,
2993 3260 3213 3313 ποιείτω
3256 3259 3313 3313 ἐν
3345 3260 3411 3331 τῇ
3452 3258 3706 3331 τραπέζῃ
3752 3273 3913 3329 μεταν

2359 3355 2507 3413 νοίας
2533 3359 2596 3407 ν’.

2430 3442 2536 3509 νς¹.
2578 3442 2702 3497 Ἐἀν
2729 3442 2958 3513 μοναχὸς
2986 3443 3202 3497 ἵσταται
3238 3445 3319 3507 είς
3349 3444 3567 3509 σύναξιν
3590 3441 3689 3508 τῆς
3718 3439 3913 3504 ἔκκλη-

2362 3536 2503 3600 σίας,
2537 3537 2630 3589 καὶ
2659 3538 2738 3599 είς
2765 3534 2827 3588 τὸ
2854 3535 3004 3598 τέλος
3028 3536 3126 3605 οὐχ
3154 3536 3346 3607 εὑρεθῇ
3377 3536 3547 3607 χωρὶς
3575 3534 3916 3604 προστάξεως

2361 3627 2454 3682 τοῦ
2488 3626 2823 3699 μειζοτέραν.
2849 3628 2882 3699 ἢ
2914 3629 3081 3697 χωρὶς
3109 3628 3347 3698 μεγάλης
3376 3626 3644 3696 ἀνάγκης;
3698 3626 3916 3679 ποιείτω

2365 3718 2651 3789 μετανοίας
2684 3724 2757 3789 μ’,
2787 3718 2989 3786 λεγέτω
3008 3719 3088 3782 τὸ,
3108 3720 3297 3785 Κύριε,
3317 3719 3596 3785 ἐλέησον,
3632 3716 3706 3787 μ’.

2434 3810 2529 3872 vC'.
2563 3810 2629 3863 Εί
2654 3827 2736 3874 τις
2763 3810 2992 3881 μοναχδς
3023 3809 3293 3880 φρατρίας
3322 3810 3467 3862 ποιεῖ
3525 3807 3664 3878 μετά
3719 3806 3917 3877 ἑτέρων

704 3897 981 3963 negotium
1045 3900 1505 3968 conspirationem
1552 3898 1759 3963 fecerit,
1820 3909 2033 3954 centum
2103 3897 2267 3952 faciat

2264 3937 2267 3950 .
2368 3901 2613 3972 μοναχῶν
2662 3904 2739 3965 είς
2802 3902 3110 3969 οίονδήποτε
3158 3900 3410 3969 πρᾶγμα,
3477 3897 3699 3950 ποιείτω
3761 3912 3918 3965 μετα·

705 3998 1024 4053 metanmas,
1060 3998 1115 4043 et
1143 3990 1309 4045 biduo
1347 4001 1601 4046 vescatur
1634 3990 1802 4045 aridis
1843 4005 2085 4058 vespere.

776 4073 866 4128 58.
908 4074 1116 4146 Siquis
1178 4080 1478 4135 monachus
1510 4079 1811 4135 discinctus
1867 4080 1921 4134 in
1975 4078 2114 4134 lecto
2165 4093 2268 4135 suo

704 4166 1004 4232 dormierit,
1032 4180 1330 4226 metanmas
1360 4169 1525 4225 faciat
1557 4172 1974 4242 quinquaginta.

775 4259 866 4315 59.
895 4260 950 4315 Si
990 4262 1114 4332 quis
1157 4264 1461 4319 monachus
1491 4264 1546 4319 in
1574 4265 1768 4319 balneo
1826 4265 2137 4321 unctionem
2188 4262 2268 4320 fe-

706 4353 862 4419 cerit,
898 4366 1200 4411 metanmas
1221 4364 1347 4428 agat
1394 4366 1689 4414 trecentas.
1714 4357 2007 4414 Saecularis
2060 4364 2267 4422 autem,

2365 3992 2512 4055 νοίας
2557 4000 2622 4064 ρ’,
2689 3990 3012 4064 ξηροφαγῶν
3036 3991 3140 4053 ἔως
3164 3990 3401 4059 ἑσπέρας
3428 3990 3639 4061 ἡμέρας
3669 3988 3784 4043 δύο.

2436 4092 2538 4155 νη’.
2569 4086 2639 4140 Εἴ
2659 4102 2741 4148 τις
2768 4082 2996 4154 μοναχδς
3037 4082 3277 4145 ἀζωστος
3304 4081 3563 4153 κοιμᾶται
3608 4082 3688 4145 είς
3708 4082 3807 4150 τὴν
3829 4080 3919 4133 αὖ·

2370 4177 2465 4231 τοῦ
2507 4178 2715 4247 κοίτην,
2747 4175 2970 4228 ποιείτω
2998 4174 3286 4245 μετανοίας
3314 4180 3392 4229 ν’.·

2437 4268 2532 4323 νϐ’.
2565 4268 2634 4321 Et
2660 4284 2745 4331 τις
2777 4266 3007 4339 μοναχδς
3033 4269 3091 4321 ὲν
3119 4267 3383 4339 βαλανείῳ
3431 4267 3639 4337 χρίσμα
3686 4266 3915 4335 ποιήσει.

2368 4362 2588 4415 ποιείτω
2617 4359 2902 4430 μετανοίας
2930 4366 2996 4425 τ’,
3026 4360 3056 4411 ὁ
3084 4359 3143 4414 δὲ
3196 4359 3461 4428 κοσμικὺς
3489 4363 3536 4432 ρ’
3561 4372 3576 4387 ·
3600 4357 3837 4410 ἔστωσαν
3864 4354 3917 4406 δὲ

708 4455 925 4499 centum
945 4486 959 4507 .
992 4457 1218 4517 uterque
1248 4464 1375 4504 vero
1401 4448 1473 4505 sit
1497 4457 1649 4504 extra
1680 4448 2118 4505 communionem
2144 4446 2273 4502 beb-

1892 4448 2118 4504 mionem
2144 4446 2273 4502 1181)-
2367 4453 2669 4525 ἀμφότεροι
2697 4452 3067 4525 ἀφωρισμένοι
3099 4451 3364 4523 ἔσδομάδα
3399 4450 3546 4521 μίαν.

709 4535 939 4590 domada
975 4552 1102 4590 una.

779 4625 868 4680 60.
899 4625 1193 4681 Monachus
1233 4629 1327 4699 qui
1368 4629 1421 4684 in
1477 4644 1615 4699 pago
1671 4628 1757 4684 vel
1790 4628 1952 4684 etiam
1991 4626 2265 4691 cmuobio,

710 4717 835 4773 sine
862 4720 1134 4789 praepositi
1160 4720 1246 4775 sui
1298 4720 1676 4776 benedictione
1706 4735 1815 4775 uno
1867 4735 2095 4791 vespere
2140 4721 2269 4775 dor-

2289 4536 2344 4597 D

2441 4632 2503 4701 ξ.
2529 4634 2775 4705 Μοναχδς
2796 4635 2854 4687 ἔν
2875 4631 3029 4704 χώρᾳ.
3054 4633 3087 4705 ἢ
3113 4630 3360 4701 κοινοόίῳ
3379 4631 3506 4686 ἀνευ
3526 4630 3627 4702 τῆς
3644 4628 3737 4682 τοῦ
3760 4628 3919 4698 ἡγου-

2373 4726 2533 4797 μένου
2572 4726 2734 4797 εὐχῆς
2755 4725 3034 4796 κοιμηθεὶς
3063 4723 3191 4793 μίαν
3223 4723 3481 4791 ἑσπέραν,
3516 4720 3657 4774 ἔστω
3698 4720 3916 4790 ἱστάμε-

710 4812 913 4877 mierit,
973 4812 1211 4879 vigilabit
1239 4821 1397 4867 nocte
1452 4812 1659 4883 integra
1705 4812 1912 4869 faciens
1970 4822 2272 4868 metanteas

1980 4822 2272 4868 metanmas
2369 4833 2458 4881 νος
2476 4816 2645 4870 νύκτα
2673 4814 2983 4885 ὀλόκληρον,
3008 4812 3175 4867 ποιῶν
3216 4812 3505 4884 μετανοίας
3538 4810 3634 4881 ρν’.

709 4913 929 4959 centum
961 4906 1375 4977 quinquaginta.

781 4997 869 5052 6f.
912 4996 1207 5053 Monachus
1235 4998 1329 5069 qui
1363 5000 1417 5053 in
1456 4999 1649 5071 synaxi
1674 4999 1878 5065 riserit,
1914 5000 2273 5073 quadraginta

711 5100 1016 5147 metanmas
1040 5088 1227 5145 faciat.

782 5183 872 5238 62.
914 5182 1209 5238 Monachus
1237 5192 1331 5238 aut
1359 5183 1658 5249 saecularis,
1698 5184 1790 5254 qui
1834 5200 1939 5239 non
1972 5185 2075 5240 sub
2112 5201 2270 5257 paena

710 5276 973 5332 canonica
1003 5276 1353 5340 constitutus,
1384 5291 1476 5343 per
1495 5277 1851 5349 quadraginta
1875 5277 1995 5334 dies
2027 5295 2273 5335 commu-

710 5372 928 5424 nionem
962 5368 1294 5441 negligenter
1319 5370 1588 5434 omiserit,
1633 5384 1777 5425 anno
1821 5386 1931 5425 nno
1990 5381 2274 5441 separetur

708 5462 779 5514 ah
808 5459 1061 5515 ecclesia.

780 5550 869 5605 65.
911 5550 1208 5606 Monachus
1236 5552 1331 5621 qui
1372 5566 1497 5606 cum
1534 5551 1758 5607 moniali
1801 5567 1915 5607 rem
1978 5552 2268 5618 habuerit,

711 5651 999 5712 postquam
1062 5639 1117 5694 bi
1178 5656 1210 5695 a
1272 5650 1491 5711 peccato
1543 5642 1911 5709 cessaveridt,
1974 5644 2271 5714 puniantur

712 5731 969 5789 triennali
1006 5732 1593 5789 excommunicatione.

790 5822 881 5879 δι.
913 5821 1204 5881 Saecularis
1248 5822 1503 5881 sacerdos
1530 5823 1624 5896 qui
1654 5823 2074 5892 sacriﬁcaverit,
2108 5834 2162 5881 et
2207 5839 2271 5881 ex

2443 4996 2540 5065 ειν.
2568 4996 2815 5067 Μοναχδς
2844 4996 2902 5049 ἔν
2934 4993 3149 5059 συνάξει
3196 4992 3427 5063 γελάσας
3448 5029 3465 5058 ,
3496 4989 3721 5045 ποιείτω
3764 5005 3921 5061 μετα·

2374 5090 2519 5150 νοίας
2549 5094 2621 5159 μ’.

2446 5181 2543 5252 ξβν.
2570 5178 2812 5247 Μοναχδς
2848 5176 2881 5248 ἢ
2914 5175 3176 5245 κοσμικδς
3228 5173 3302 5245 μὴ
3338 5172 3413 5227 ῶν
3449 5174 3915 5246 ἔπιτετιμημένος.

2374 5278 2469 5329 καὶ
2522 5271 2800 5341 ἀμελήσας
2833 5268 3044 5340 ἡμέρας
3101 5273 3152 5336 μ’
3195 5266 3272 5337 μὴ
3317 5265 3661 5337 κοινωνῆσαι,
3683 5265 3919 5319 ἐνιαυτὸν

2375 5363 2687 5439 χωριζέσθω
2710 5364 2808 5430 τῆς
2838 5358 3152 5429 ἐκκλησίας.

2445 5541 2543 5610 ξγ¹.
2574 5538 2819 5609 Μοναχδς
2851 5535 3149 5608 μοναστρία
3166 5533 3523 5604 συμφθαρεὶς,
3544 5533 3681 5604 μετά
3705 5534 3767 5586 τδ
3788 5534 3920 5587 m6—

2377 5636 2571 5690 σασθαι
2624 5633 2817 5694 αὐτοὺς
2859 5632 2957 5701 τῆς
3003 5628 3295 5702 ἁμαρτίας,
3342 5628 3614 5700 ἐχέτωσαν
3659 5628 3921 5700 ἐπιτίμιον

2374 5725 2766 5795 ἀκοινωνησίας
2790 5722 2884 5794 ἔτη
2908 5729 2977 5792 γ’.

2447 5819 2536 5885 ξδ’.
2580 5818 2777 5886 ’ἱερεὺς
2803 5814 3063 5887 κοσμικδς
3089 5815 3466 5886 ἱερουργήσας,
3499 5814 3589 5868 καὶ
3613 5815 3677 5867 ἐκ
3720 5827 3922 5883 γαστρι-
