4188 6484
315 419 450 488 1757

1227 436 1475 500 CANON
1513 440 1596 502 IN
1632 442 2179 510 ADORATIONEM
2219 450 2285 514 S.
2321 450 2614 525 CRUCIS.

3397 464 3531 532 1758

313 537 553 643 μαργιας
589 537 897 643 ἑμέσας-τῇ
941 545 1078 618 αὐτῇ
1127 547 1331 621 ἡμέρᾳ,
1377 551 1549 622 ἐχέτω
1600 554 1871 626 ἐπιτίμιον
1897 565 1944 620 Α

1897 565 1944 620 Α
1972 561 2189 631 crapula
2241 561 2328 618 die
2379 565 2568 620 eadem
2601 569 2910 638 vomuerit,
2946 570 3052 627 hac
3087 587 3245 643 poena
3274 577 3530 634 multetur

308 628 526 701 ἡμέρας
557 637 610 700 μ’
642 631 736 686 τοῦ
765 632 841 704 μὴ
873 636 1244 710 ἱερουργῆσαι.

380 722 472 786 ξε’.
499 722 567 775 Et
588 740 672 787 τις
720 727 826 780 ὑπὸ
858 728 952 782 τοῦ
993 730 1238 787 διαϐόλου
1285 735 1690 810 πολεμούμενος
1732 741 1868 795 ἁπο-

309 815 616 902 σκιρτήσει,
652 816 747 868 καὶ
777 818 939 872 πάλιν
970 826 1205 894 στραφῇ,
1236 825 1348 895 ἔχει
1382 829 1654 899 ἐπιτίμιον
1677 833 1866 902 χρόνον

306 901 422 956 ἕνα.
455 903 515 956 Et
537 905 594 957 δὲ
623 908 714 958 καὶ
743 908 822 970 εἰς
851 910 950 980 τὴν
973 909 1118 981 ὤραν
1138 912 1231 968 τοῦ
1262 914 1490 972 θανάτου
1520 918 1685 972 αὐτοῦ
1711 901 1868 990 μετα-

308 998 511 1062 νοήσει.
547 996 756 1066 δέχεται
783 999 943 1053 αὐτὸν
984 1003 1013 1056 ὁ
1052 1003 1218 1069 Θεόςο
1251 1007 1448 1079 ἠλέησε
1490 1009 1595 1081 γὰρ
1642 1012 1802 1065 αὑτὸν
1837 1015 1867 1067 ὁ

309 1087 544 1155 Χριστὸς
592 1090 782 1144 εἰπών’
829 1093 985 1164 Χαρὰ
1036 1097 1242 1164 γίνεται
1281 1101 1339 1154 ἐν
1393 1102 1604 1175 οὐρανῷ
1649 1105 1744 1158 ἐπὶ
1788 1107 1868 1160 ἐνὶ

310 1179 617 1250 ἁμαρτωλῷ
653 1183 1016 1250 μενανοοῦντι.

1974 662 2032 706 ut
2056 653 2414 724 quadraginta
2443 655 2636 714 diebus
2661 662 3023 718 sacriﬁcando
3052 665 3124 719 sit
3153 666 3493 726 interdictus.

2041 745 2128 800 65.
2166 745 2223 801 Si
2269 749 2395 818 quis
2444 763 2788 822 oppugnatus
2833 769 2862 808 a
2905 755 3123 811 diabolo
3149 760 3531 826 prazvaricatus

1972 836 2156 902 fuerit,
2197 841 2292 895 sed
2336 852 2524 911 postea
2559 845 2867 913 resipuerit,
2894 848 3020 900 anni
3057 847 3219 904 unius
3259 857 3529 920 ρωηῑιριι-

1975 930 2046 983 tia
2072 929 2348 986 multetur.
2384 931 2539 999 Quod
2561 936 2606 989 si
2640 947 2819 992 tamen
2851 938 2901 990 in
2929 939 3047 1007 ipso
3081 941 3273 995 mortis
3303 945 3528 995 articntc

1972 1023 2302 1090 paenituerit,
2351 1025 2542 1093 recipit
2575 1042 2696 1080 eum
2748 1026 2910 1083 Deus.
2950 1028 3188 1098 Namque
3217 1031 3267 1084 ei
3317 1035 3526 1085 veniam

1973 1114 2198 1168 contulit
2219 1113 2468 1170 Christus
2497 1117 2678 1173 verbis
2715 1119 2822 1174 illis
2850 1139 2865 1174 :
2898 1119 3162 1175 Gaudium
3202 1133 3283 1177 est
3314 1123 3365 1176 in
3390 1126 3528 1178 cmlo

1975 1217 2138 1272 super
2172 1220 2280 1258 uno
2312 1217 2596 1276 peccatore
2634 1211 3006 1280 paenitentiam
3045 1223 3256 1280 agente.

321 1371 3517 1436 Ἠ

1566 1539 1703 1593 ΤΟΥ
1745 1541 1949 1596 ΛΠοΥ
2007 1544 2276 1598 ΠΑΤΡΟΣ

877 1704 1677 1828 ΘΕΟΔΩΡΟΥ
1746 1711 2043 1827 ΤΟΥ
2100 1719 2931 1838 ΣΤΟΥΔΙΤΟΥ

847 1928 1231 2015 ΚΑΝΩΝ
1286 1929 1452 2016 ΕΙΣ
1480 1934 1707 2018 ΤΗΝ
1744 1934 2979 2039 ΣΤΑΥΡΟΠΡΟΣΚΥΝΗΣΙΝ.

941 2279 1057 2391 S.
1168 2284 1292 2392 P.
1410 2283 2138 2404 THEODORI
2232 2295 2900 2416 STUDITZE

874 2517 1261 2610 CANON
1340 2522 1468 2612 IN
1543 2523 2408 2620 ADORATIONEM
2486 2537 2935 2628 CRUCIS.

1361 2721 1655 2786 (Gnsrssn.
1693 2720 1766 2776 De
1808 2721 1993 2788 Cruce,
2031 2733 2072 2778 t.
2118 2724 2206 2791 Ill,
2239 2743 2295 2794 p,
2327 2727 2476 2800 521.)

971 3017 1103 3090 ean
1139 3021 1212 3076 A'.

383 3104 748 3179 Πανηγύρεως
774 3109 975 3181 ἡμέρα.
1021 3113 1098 3182 Τῇ
1131 3114 1342 3184 ὲγέρσει
1372 3117 1606 3188 Χριστοῦ
1643 3123 1867 3190 θάνατος

313 3197 538 3269 φροῦδος
596 3198 772 3270 ὢφθη,
835 3200 980 3271 ζωῆς
1040 3204 1309 3256 ἀνέτειλεν
1372 3209 1534 3280 αὐγὴ,
1601 3215 1629 3266 ὀ
1698 3215 1868 3287 Ἀδὰμ

312 3286 606 3352 ἐξαναστὰς
638 3290 848 3362 χορεύει
888 3293 1052 3363 χαρᾷ,
1087 3292 1167 3345 διὸ
1209 3293 1563 3370 ἀλαλάζωμεν
1604 3286 1868 3360 ἐπινίκιον

310 3378 543 3450 ᾄδοντες.

383 3471 811 3543 Προσκυνήσεως
851 3476 1032 3546 ἡμέρα
1079 3475 1168 3532 τοῦ
1209 3480 1388 3548 τιμίου
1424 3485 1677 3555 σταυροῦ,
1712 3487 1866 3543 δεῦτε

312 3562 448 3630 πρὸς
478 3561 664 3615 τοῦτον
691 3565 909 3627 πάντες.
935 3567 1045 3636 Τῆς
1072 3568 1179 3637 γὰρ
1201 3570 1471 3641 ὲγέρσεως
1498 3576 1734 3646 Χριστοῦ
1767 3579 1866 3643 τὰς

310 3652 483 3719 αὐγὰς
504 3655 820 3722 φωτοὸολῶν
847 3659 1157 3728 προτίθεται
1179 3660 1294 3727 νῦν,
1313 3664 1474 3718 αὑτὸν
1494 3667 1866 3738 ἀσπασώμεθα

308 3746 555 3815 ψυχικῶς
583 3749 957 3818 ἀγαλλόμενοι.

394 3838 737 3908 Ἐπιφάνηθι,
759 3842 787 3893 ὀ
826 3842 997 3912 μέγας
1044 3843 1139 3898 τοῦ
1164 3846 1368 3916 Κυρίου
1401 3851 1650 3923 σταυρός.
1683 3853 1864 3918 Δεῖξον

313 3943 401 3994 μοι
465 3928 586 3997 ὄψιν
639 3930 788 3983 θείαν
846 3935 944 4002 τῆς
999 3933 1327 4005 ὡραιότητὸς
1387 3955 1480 3992 σου
1546 3941 1660 4007 νῦν,
1717 3944 1864 4009 ἄξιον

311 4014 586 4088 [ἀξίωσον]
621 4023 999 4093 προσκυνητὴν
1053 4024 1307 4089 αἰνέσεώς
1357 4045 1471 4083 σου.
1516 4032 1624 4085 Καὶ
1652 4034 1759 4104 γὰρ
1790 4035 1865 4100 ὡς

309 4109 536 4179 ἐμψύχῳ
562 4127 664 4172 σοι,
694 4113 787 4165 καὶ
815 4114 998 4181 φωνῶ,
1030 4116 1122 4167 καὶ⁵
1147 4117 1617 4191 προσπτύσσομαι.

377 4203 754 4257 Αἰνεσάτωσαν
807 4205 1105 4276 συμφώνως
1145 4208 1391 4278 οὐρανὸς,
1445 4213 1537 4266 καὶ
1575 4216 1608 4284 ή
1660 4215 1751 4286 γῆ,
1783 4216 1866 4270 ὅτι

309 4295 594 4364 πρόκειται
623 4298 784 4349 πᾶσιν
808 4298 836 4350 ὁ
857 4299 1312 4368 παμμακάριστος
1334 4305 1580 4374 σταυρὸς,
1607 4299 1650 4373 ᾧ
1670 4309 1865 4376 παγεὶς

2629 3038 2765 3094 ODA
2803 3042 2846 3098 Ι.

2037 3123 2160 3182 Dies
2189 3127 2388 3182 latitia:
2418 3139 2519 3186 est.
2544 3132 2746 3188 Christi
2779 3136 3192 3194 resuscitatione
3217 3156 3362 3197 mors
3392 3159 3522 3201 eva-

1966 3220 2102 3282 nuit,
2138 3219 2256 3271 vitaa
2286 3221 2540 3289 splendor
2568 3225 2813 3292 exstitit;
2850 3227 3021 3281 Adam
3057 3246 3344 3301 resurgens
3393 3251 3518 3291 cum

1967 3307 2161 3376 gaudio
2182 3308 2410 3364 choreas
2432 3311 2599 3374 ducit,
2641 3323 2922 3383 propterea
2942 3317 3238 3386 jubilemus
3275 3325 3519 3382 victricia

1966 3399 2209 3454 carmina
2232 3401 2604 3458 concinentes.

2033 3493 2262 3547 Advenit
2298 3494 2411 3548 dies
2440 3495 2702 3550 adorandi
2733 3500 3027 3566 pretiosam
3053 3514 3270 3556 crucem
3299 3519 3314 3569 ;
3339 3504 3524 3560 adeste

1966 3595 2173 3637 omnes.
2202 3581 2422 3639 Jaciens
2456 3585 2600 3639 enim
2636 3588 3057 3644 resurrectionis
3081 3589 3280 3645 Christi
3317 3593 3525 3650 lucidos

1968 3677 2177 3740 radios,
2208 3693 2353 3733 nunc
2391 3687 2628 3748 prostat;
2659 3696 2778 3734 eam
2805 3682 3032 3751 proinde
3063 3685 3291 3753 spiritali
3328 3688 3524 3755 gaudio

1965 3765 2108 3837 pleni
2137 3767 2528 3837 amplectamur
2559 3778 2612 3823 et
2637 3772 3040 3827 exosculemur.

2035 3857 2330 3929 Appareto,
2356 3876 2389 3914 0
2413 3859 2678 3915 immensa
2718 3860 2934 3917 Domini
2962 3878 3118 3928 crux,
3141 3865 3365 3920 ostende
3390 3866 3525 3921 mihi

1965 3964 2114 4005 nunc
2147 3950 2384 4004 divinam
2415 3950 2609 4006 faciem
2636 3951 2938 4006 venustatis
2964 3960 3089 4007 tuae.
3124 3954 3356 4024 Dignare
3394 3956 3527 4010 ado-

1968 4046 2228 4102 ratorem,
2258 4044 2316 4090 ut
2340 4039 2608 4106 praconia
2638 4046 2734 4093 tua
2757 4039 3027 4094 decantet.
3068 4038 3201 4093 Nam
3236 4051 3292 4096 ut
3321 4057 3442 4095 cum
3468 4058 3526 4097 re

1968 4132 2207 4183 animata
2231 4137 2406 4184 tecum
2436 4129 2654 4200 loquor,
2689 4139 2851 4201 teque
2886 4132 3206 4202 amplector.

2039 4219 2250 4274 Laudes
2277 4234 2514 4275 consona
2548 4236 2681 4276 voce
2716 4222 3004 4277 decantent
3029 4223 3226 4277 caelum
3272 4232 3325 4278 et
3359 4235 3522 4290 terra,

1971 4309 2097 4375 quia
2121 4308 2374 4364 omnibus
2403 4325 2539 4364 crux
2557 4311 2870 4365 beatissima
2905 4313 3181 4381 proposita
3215 4323 3319 4379 est,
3350 4315 3400 4366 in
3421 4329 3526 4382 qua

313 4389 636 4458 σωματικῶς
669 4389 832 4457 ἐτύθη
871 4391 1122 4462 Χριστὸς,
1154 4392 1315 4446 αὐτὸν
1348 4395 1721 4468 ἁσπασώμεθα
1762 4374 1868 4469 Ἵψυ-
1893 4374 1936 4430 C

1893 4374 1936 4430 C
1967 4374 2220 4455 Christus
2255 4415 2357 4455 sun
2395 4417 2624 4471 corpore
2679 4403 2820 4459 ﬁxus
2863 4404 3173 4458 immolatus
3213 4414 3314 4469 est,
3354 4405 3524 4474 ipsam

313 4479 479 4549 χικῶς
503 4479 882 4550 ἀγαλλόμενοι.

941 4574 1261 4642 Τριαδικόν.

377 4661 447 4716 Ὦ
476 4664 646 4734 Τριὰς
674 4667 784 4726 τοῖς
823 4669 1213 4740 χαρακτῆρσιν,
1258 4662 1303 4720 ὦ
1327 4669 1512 4738 ,μονὰς
1552 4673 1619 4743 τῇ
1662 4675 1865 4744 μορφῇ,

309 4756 510 4824 Πάτερ,
562 4755 656 4813 Υἱὲ
713 4758 809 4811 κα)⁵
857 4762 1095 4830 Πνεῦμα.
1138 4761 1204 4814 Ἡ
1257 4761 1592 4832 ὁμοδύναμος
1644 4762 1767 4829 ἐνὰς
1811 4767 1868 4819 ὲν

313 4847 500 4918 βουλῇ,
529 4850 622 4902 καὶ
658 4849 893 4922 θελήσει,
939 4854 1033 4906 καὶ
1074 4854 1306 4923 κράτους
1354 4852 1516 4924 ἀρχῇ,
1548 4854 1638 4907 τὸν
1664 4857 1868 4928 κόσμον

315 4955 407 4990 σου
435 4939 694 5007 φύλαττε,
720 4941 819 5012 τὴν
849 4944 1072 5013 εἰρήνην
1100 4942 1461 5012 βραϐεύουσα.

923 5033 1254 5087 Θεοτόκιον.

384 5120 585 5190 Πεῖραν
613 5120 748 5185 ὅλως
781 5124 814 5192 ἡ
836 5123 1106 5195 Παρθένος
1142 5126 1216 5196 μὴ
1248 5126 1420 5179 εἰδυῖα
1445 5127 1655 5198 ἀνδρὸς,
1695 5128 1868 5181 ἄσπο-

315 5225 406 5280 ρον
452 5213 654 5277 τίκτεις
709 5213 926 5284 βρέφος,
963 5214 1230 5285 ἄχραντον
1279 5217 1461 5287 φέρεις
1507 5217 1745 5280 τοκετὸν,
1779 5217 1870 5271 τὸν

313 5302 422 5355 τῶν
469 5304 605 5356 ὅλων
649 5304 875 5377 ποιητὴν
911 5307 1140 5377 Χριστὸν
1171 5307 1261 5359 τὸν
1291 5307 1442 5371 Θεὸν,
1491 5307 1651 5361 αὐτὸν
1680 5308 1870 5383 ὲκδυστ

313 5391 532 5465 ώπησον
559 5396 870 5467 εἰρηνεῦσαι
894 5398 963 5451 τὰ
993 5398 1300 5468 σύμπαντα.

911 5492 1270 5546 Κατάόασία.

396 5575 454 5629 't)
480 5579 749 5638 θειότατος
774 5584 1124 5654 προετύπωσε
1144 5584 1308 5637 πάλαι
1329 5584 1530 5653 Μωσῆς
1554 5584 1611 5638 ὲν
1639 5583 1872 5656 Ἐρυθρᾷ

1970 4491 2108 4547 laetis
2147 4491 2420 4547 mentibus
2446 4493 2775 4548 oscnlemur.

2583 4583 2906 4638 Triadicum.

2030 4670 2076 4730 0
2124 4674 2363 4730 Trinitas
2403 4675 2671 4744 personis,
2742 4691 2776 4730 o
2825 4676 3004 4730 unitas
3071 4683 3288 4738 natura,
3349 4673 3525 4739 Pater,

1967 4765 2092 4832 Fili,
2125 4777 2180 4823 et
2208 4767 2442 4838 Spiritus
2464 4776 2669 4823 sancte.
2695 4766 2887 4822 Unitas
2911 4768 3154 4837 ejusdem
3182 4777 3235 4821 et
3306 4769 3528 4836 aequalis

1967 4860 2220 4930 potentiae
2295 4860 2547 4926 consilio,
2618 4860 2921 4927 voluntate,
2959 4868 3244 4929 potestate,
3303 4861 3529 4930 imperio

1969 4951 2229 5008 mundum
2264 4958 2416 5008 tuum
2461 4951 2698 5016 custodi,
2727 4968 3023 5022 pacemque
3061 4952 3322 5006 concede.

2579 5043 2936 5098 Theotocium.

2041 5133 2278 5190 Omnino
2314 5148 2508 5204 expers
2532 5134 2658 5197 viri,
2691 5135 2809 5189 sine
2832 5133 3038 5188 semine
3056 5133 3204 5203 paris
3243 5132 3516 5198 infantem,

1969 5236 2292 5297 partumque
2337 5227 2482 5298 geris
2513 5226 2944 5289 immaculatum,
2974 5227 3232 5294 {omnium
3280 5225 3517 5278 condito-

1974 5333 2084 5370 rem
2101 5315 2377 5372 Christum
2400 5317 2589 5382 Deutn,
2615 5317 2792 5386 ipsum
2811 5331 2998 5383 exora,
3024 5324 3081 5370 ut
3101 5316 3312 5370 cunctis
3345 5330 3525 5383 pacem

1971 5407 2254 5477 largiatur.

2587 5499 2895 5554 Catabau’a.

2042 5590 2182 5658 Olim
2213 5590 2428 5645 divinus
2454 5589 2667 5662 Moyses
2724 5591 3084 5661 praliguravit
3114 5605 3326 5645 crucem
3360 5598 3528 5652 tuam,

316 5670 556 5742 θαλάσσῃ
588 5674 909 5739 διαϐιϐάσας
953 5675 1164 5746 Ἰσραὴλ
1213 5675 1302 5726 τὸν
1351 5675 1578 5745 σταυρόν
1619 5693 1735 5741 σου,
1769 5678 1868 5747 τὴν
1897 5711 1948 5770 D

1897 5711 1948 5770 Β
1979 5679 2266 5736 traducens
2295 5678 2551 5748 populum
2582 5677 2940 5732 Israeliticum
2965 5693 3060 5748 per
3092 5694 3238 5732 mare
3262 5678 3528 5770 Rubrum.

316 5762 488 5832 ὑγρὰν
516 5767 580 5834 τῇ
607 5766 783 5834 ῥάϐδῳ
811 5765 1012 5837 τεμὼν,
1038 5766 1180 5838 ᾠδήν
1200 5782 1280 5819 σοι
1308 5765 1504 5831 ἐξόδιον
1526 5767 1870 5837 ἀναμέλπων,

316 5853 514 5918 Χριστὲ
546 5858 573 5909 6
601 5857 751 5919 Θεός.

1978 5773 2126 5841 virga
2161 5771 2317 5842 aquis
2337 5769 2555 5834 divisis;
2590 5770 2860 5825 canticum
2881 5771 3061 5826 exitus
3083 5769 3386 5827 celebrandi
3411 5783 3534 5839 gra-

1979 5864 2050 5916 tia
2080 5862 2198 5924 tibi.
2239 5861 2448 5918 Christe
2477 5860 2638 5923 Deus,
2664 5861 2982 5918 decantans.
