4188 6472
709 409 846 474 1759

1387 521 1521 578 ODA
1561 522 1625 579 ll.

773 611 993 673 Adeste,
1029 626 1229 666 novum
1261 615 1533 668 canticum
1592 626 1896 682 cantemus,
1937 620 2268 672 destructio-

1884 421 1944 478 S.
1981 421 2375 483 TIIEODORI
2411 425 2760 487 STUDIT/E

2303 533 2356 591 Α
3041 535 3172 606 tun
3207 534 3276 593 Β.

3812 436 3946 500 1760

2440 622 2630 688 Δεῦτε,
2664 620 2814 694 ᾆσμα
2839 623 3058 695 ᾅσωμεν
3102 627 3288 679 καινὸν
3331 626 3432 692 τὴν
3476 628 3774 690 κατάλυσιν
3816 632 3946 701 ᾆδον

704 720 825 758 nem
853 703 1044 758 inferni
1077 704 1429 760 celebrantes.
1466 704 1601 760 Nam
1631 707 1882 762 Christus
1917 724 1983 762 ex
2022 712 2270 778 sepulcro

2371 715 2854 785 πανηγυρίζοντες.
2912 716 3006 768 Ἐκ
3057 718 3164 786 γὰρ
3208 718 3303 771 τοῦ
3355 720 3528 787 τάφου
3559 721 3796 790 Χριστὸς
3849 725 3947 775 ἀν·-

705 797 935 859 exstitit,
969 797 1179 850 devicta
1203 806 1400 862 morte,
1433 800 1796 869 omnibusque
1829 800 2068 855 salvatis.

772 894 971 946 Adeste
1012 893 1213 956 fideles,
1265 893 1584 949 hauriamus
1624 913 1690 950 ex
1739 895 1885 950 fonte
1941 899 2270 956 scaturiente

2372 805 2523 876 έστη,
2554 807 2646 860 τὸν
2671 807 2902 861 θάνατον
2933 807 3070 860 ἑλὼν
3099 809 3192 862 καὶ
3229 808 3407 874 σώσας
3429 813 3497 864 τὰ
3522 812 3831 881 σύμπαντα.

2438 897 2599 952 Δεῦτε
2633 898 2980 968 άρυσώμεθα,
3003 899 3204 961 πιστοὶ,
3235 900 3409 954 οὐκέκ
3431 903 3637 971 κρήνης
3669 902 3944 972 βρυούσης

704 996 810 1033 non
844 998 1039 1049 aquam
1071 984 1509 1052 corruptibilem,
1553 987 1642 1038 sed
1679 983 1878 1040 fontem
1910 989 2268 1046 illuminatio-

2370 988 2512 1059 ὕδωρ
2546 990 2916 1061 φθειρόμενον,
2943 989 3082 1043 ἀλλὰ
3127 993 3311 1062 πηγὴν
3353 994 3660 1062 φωτισμοῦ,
3704 997 3940 1065 σταυροῦ

702 1072 808 1136 nis,
844 1075 1160 1127 adoratione
1189 1077 1391 1133 crucis.
1419 1077 1597 1146 inqua
1623 1087 1675 1131 et
1704 1078 2023 1147 gloriamur.

763 1160 934 1226 Quam
958 1164 1087 1216 olim
1119 1163 1326 1234 Moyses
1354 1168 1606 1221 manibus
1642 1169 2022 1240 pneiigurabat
2049 1187 2263 1226 crucem

703 1255 851 1300 tuam
887 1266 1030 1304 nunc
1050 1253 1382 1315 osculantes,
1410 1254 1630 1307 Amalec
1662 1257 1958 1324 spiritalem
2003 1259 2053 1310 in
2086 1258 2264 1327 fugam

701 1336 986 1402 vertimus,
1021 1337 1268 1402 Domine,
1303 1356 1397 1409 per
1424 1357 1585 1410 quam
1613 1345 1774 1396 etiam
1826 1345 2016 1398 salvati
2051 1362 2261 1401 sumus.

766 1430 951 1485 Oculis
994 1441 1048 1486 et
1083 1432 1240 1488 labiis
1269 1435 1421 1502 puris
1459 1436 1835 1491 exsultationis
1873 1440 2038 1493 melos
2072 1442 2262 1494 modu-

701 1521 875 1577 lantes
906 1523 1115 1578 Domini
1149 1541 1365 1581 crucem
1401 1543 1526 1582 cum
1559 1531 1757 1600 gaudio
1795 1531 2084 1590 adoremus
2112 1536 2264 1606 plau-

699 1610 889 1666 dentes
919 1612 972 1665 in
1011 1613 1259 1669 canticis.

1306 1701 1629 1758 Triadicum.

768 1789 946 1846 Unum
975 1793 1024 1847 in
1059 1794 1231 1849 tribus
1254 1795 1636 1865 hypostasibus
1682 1797 1849 1853 Deum
1886 1800 2137 1872 principii
2163 1818 2260 1857 ex-

2368 1084 2731 1152 προσκυνήσει
2755 1082 2849 1136 τοῦ
2875 1084 3132 1153 Χριστοῦ,
3169 1086 3226 1136 ὲν
3259 1079 3304 1152 ᾧ
3333 1087 3428 1138 καὶ
3461 1088 3812 1157 καυχώμεθα.

2439 1173 2610 1227 Πάλαι
2640 1174 2697 1226 ὃν
2731 1176 2928 1228 ὲτύπου
2964 1177 3208 1246 Μωῦσῆς
3235 1179 3356 1240 ταῖς
3390 1178 3673 1248 παλάμαις
3705 1183 3942 1250 σταυρόν

2367 1280 2459 1316 σου
2490 1262 2584 1316 νῦν
2613 1267 3136 1337 προσπτυσσόμενοι,
3190 1269 3280 1321 τὸν
3313 1270 3500 1340 νοητὸν
3542 1272 3789 1342 Ἀμαλὴκ
3817 1291 3942 1344 τρο-

2364 1354 2636 1422 πούμεθα,
2661 1359 2901 1410 Δέσποτα
2931 1359 3122 1429 Κύριε,
3147 1359 3214 1411 δι’
3239 1352 3302 1412 οῦ
3331 1363 3424 1412 καὶ
3453 1362 3793 1430 σεσώσμεθα.

2439 1447 2686 1514 Ὄμμασι
2730 1449 2824 1500 καὶ
2861 1449 3096 1517 χείλεσιν
3127 1451 3310 1518 ἁγνοῖς
3338 1452 3729 1519 άνακροῦοντες
3777 1454 3939 1520 μέλος

2361 1535 2751 1602 ἀγαλλιάσεως,
2775 1536 2865 1591 τὸν
2894 1538 2988 1591 τοῦ
3021 1541 3225 1611 Κυρίου
3256 1542 3486 1609 σταυρὸν
3522 1545 3664 1613 χαρᾷ
3694 1561 3938 1614 προσκυο

2361 1627 2614 1697 νήσωμεν
2643 1630 2820 1681 πιστοὶ
2849 1630 3166 1699 κροτοῦντες
3195 1633 3250 1684 ἐν
3283 1633 3542 1704 ᾄσμασιν.

2937 1721 3262 1789 Τριαδικόν.
3277 1762 3295 1774 .

2432 1807 2567 1860 Ἕνα
2598 1807 2926 1864 ὑποστάσεσι
2957 1813 3103 1881 τρισὶ
3130 1812 3259 1866 Θεὸν
3291 1813 3523 1882 ἄναρχον
3559 1815 3720 1875 σέϐω,
3750 1815 3824 1885 μὴ
3853 1817 3937 1868 δι-

696 1889 899 1948 pertem
936 1881 1076 1945 colo,
1122 1897 1226 1935 non
1265 1882 1556 1937 discretum
1612 1887 1848 1941 essentia
1882 1871 2120 1952 Patrem,
2171 1891 2261 1945 Fi-
2294 1871 2335 1927 Β

2294 1871 2335 1927 Β
2361 1898 2682 1971 αιροῦμενον
2722 1903 2786 1971 τῇ
2817 1904 2916 1972 τῆς
2942 1871 3129 1966 οῦσίας
3158 1907 3338 1974 μορφῇ
3388 1871 3623 1974 Πατέρα,
3662 1871 3932 1969 ﬂamini

695 1971 853 2036 lium,
898 1983 950 2026 et
992 1973 1254 2042 Spiritum
1302 1974 1599 2044 virillcum,
1654 1977 1707 2031 in
1757 1993 1988 2050 quorum
2041 1982 2262 2040 nomine

1757 1993 1988 2050 quorum
2041 1982 2262 2040 nomine
2362 1988 2586 2058 Πνεῦμα
2617 1991 2746 2056 ζῶν.
2781 1993 2839 2045 ἐν
2865 1971 2945 2056 οἷς
2980 1971 3407 2064 βεϐαπτίσμεθα.

695 2064 952 2133 baptizati
984 2081 1177 2120 sumus

1296 2160 1654 2220 Theotocium.

763 2249 821 2304 ln
848 2251 982 2304 rubo
1033 2253 1160 2306 olim
1225 2253 1437 2325 Moyses
1504 2256 1819 2326 mysterium
1878 2263 2026 2310 tuum
2081 2255 2259 2325 typice

2973 2174 3304 2228 Oeotdxtor.

2439 2263 2526 2316 Ἔν
2561 2263 2708 2335 βάτῳ
2745 2264 2951 2334 Μωσῆς
2991 2283 3084 2318 σου
3113 2269 3358 2331 τυπικῶς
3395 2273 3455 2321 τὸ
3491 2270 3783 2339 μυστήριον
3818 2270 3918 2321 τιά-

690 2337 846 2404 vidit,
888 2358 920 2396 ο
953 2345 1276 2399 veneranda.
1320 2345 1385 2399 Ut
1411 2347 1555 2400 enim
1595 2348 1742 2400 illum
1772 2348 2009 2412 ﬂamma,
2039 2349 2115 2404 sic
2139 2357 2258 2403 ute-

2354 2352 2466 2418 λαι,
2503 2355 2695 2424 σεμνὴ,
2732 2354 2995 2424 ἑώρακεν.
3043 2357 3130 2420 Ὠς
3180 2359 3290 2428 γὰρ
3337 2337 3547 2429 ἐκείνην
3592 2363 3624 2428 ἡ
3678 2359 3829 2428 φλὸξ,
3862 2361 3925 2412 τὸ

691 2447 812 2486 rum
849 2443 1000 2490 tuum
1035 2439 1174 2508 ignis
1206 2439 1512 2496 Divinitatis
1552 2458 1657 2496 non
1693 2443 1921 2498 adussit.

1317 2530 1627 2586 Catabasia.

755 2616 1027 2673 Confirma
1050 2636 1153 2685 me,
1193 2621 1440 2685 Domine,
1470 2639 1632 2677 cruce
1663 2634 1752 2677 tua
1777 2625 1829 2677 in
1852 2634 2000 2692 petra
2025 2625 2166 2691 ﬁdei,
2186 2641 2254 2681 ne

690 2724 841 2764 mens
881 2727 996 2764 mea
1040 2713 1400 2782 impressione
1441 2715 1646 2768 inimici
1684 2718 2046 2772 concutiatur.
2093 2717 2252 2776 Solus

687 2802 831 2856 enim
868 2813 1089 2858 sanctus
1120 2821 1198 2860 es.

1341 2916 1478 2974 ODA
1517 2918 1609 2977 ΠΙ.

751 3031 887 3085 Ecce
919 3033 1154 3087 surrexit
1185 3034 1456 3099 Christus,
1495 3038 1571 3090 ait
1612 3036 1850 3106 Angelus
1877 3037 1939 3089 ad
1968 3038 2242 3104 mulieres,

684 3137 804 3190 qua:
834 3133 1102 3191 unguenta
1127 3124 1423 3178 aﬂ'erebant
1449 3143 1462 3178 :
1489 3126 1561 3178 Ne
1583 3127 1821 3194 plorctis.
1853 3127 2054 3183 Euntes
2080 3130 2243 3184 dicite

2354 2443 2465 2514 πῦρ
2495 2443 2748 2513 θεότητος
2779 2445 2878 2514 τὴν
2914 2445 3012 2515 σὴν
3037 2446 3200 2514 νηδὺν
3223 2449 3285 2500 οὐ
3316 2450 3656 2518 κατέφλεξεν.

2959 2540 3320 2593 Καταόασία.

2421 2627 2750 2697 Στερέωσον,
2779 2629 3026 2682 Δέσποτα
3051 2631 3240 2699 Κύριε,
3267 2629 3346 2699 τῷ
3375 2632 3590 2700 σταυρῷ
3620 2650 3712 2684 σου
3744 2635 3802 2685 ὲν
3825 2633 3922 2684 πέ-

2349 2733 2457 2789 τρᾳ
2477 2735 2543 2787 με
2565 2723 2629 2790 τῇ
2648 2720 2743 2790 τῆς
2757 2721 3013 2785 πίστεως,
3031 2724 3105 2790 μὴ
3126 2722 3450 2791 σαλευθῆναι
3467 2722 3555 2773 τὸν
3579 2722 3703 2774 νοῦν
3726 2723 3920 2793 ἐχθροῦ

2348 2811 2676 2881 προσϐολαῖς
2707 2812 2800 2866 τοῦ
2823 2812 3139 2884 δυσμενοῦς.
3177 2815 3353 2878 Μόνος
3383 2815 3492 2886 γὰρ
3521 2809 3568 2867 εἶ
3599 2815 3773 2882 ἅγιος.

2994 2926 3124 2996 ῼΔΗ
3168 2926 3243 2980 ῐν.

2426 3030 2556 3084 Ἰδοὺ
2581 3031 2778 3102 ἀνέστη
2807 3035 2834 3085 ὁ
2855 3033 3110 3102 Χριστὸς,
3139 3039 3258 3100 ταῖς
3303 3039 3632 3110 μυροφόροις
3674 3039 3919 3108 γυναιξὶν

2345 3121 2572 3189 ἄγγελός
2609 3139 2762 3192 φησιο
2793 3124 2881 3194 Μὴ
2913 3125 3178 3195 θρηνεῖτε,
3211 3131 3534 3203 πορεῦθητε,
3570 3133 3760 3184 εἴπατε
3806 3135 3917 3195 τοίς

683 3214 942 3281 apostolis
970 3233 983 3267 :
1012 3214 1273 3281 Gaudete,
1303 3216 1462 3271 hodie
1499 3219 1645 3271 salus
1682 3221 1882 3272 mundo
1917 3222 2113 3275 accidit
2145 3240 2158 3276 :
2190 3233 2241 3278 et
2265 3209 2310 3271 C

2265 3209 2310 3271 C
2343 3216 2676 3280 ἀποστόλοιςο
2710 3217 2966 3289 Χαίρετε,
2998 3220 3234 3291 σήμερον
3267 3225 3512 3294 σωτηρία
3535 3225 3613 3296 τῷ
3645 3227 3852 3295 κόσμῳ,
3877 3227 3912 3296 ἠ

684 3307 929 3375 tyrannis
966 3307 1168 3360 inimici
1219 3324 1311 3376 per
1342 3318 1568 3362 mortem
1593 3311 1855 3364 dissoluta
1883 3321 1984 3365 est.

749 3395 986 3451 Viriiica:
1026 3399 1206 3452 crucis
1265 3408 1369 3452 tuae
1431 3400 1690 3454 hodierna
1749 3403 1834 3456 die
1881 3404 2244 3460 celebritatem

682 3487 964 3546 obeuntes.
1010 3491 1373 3559 prolitsimiem
1397 3493 1688 3561 quamdam
1732 3494 2066 3552 instituimus
2119 3513 2247 3552 san-

682 3581 940 3632 CliSs‘ilmP.
970 3584 1237 3649 passionis
1262 3594 1383 3649 tuae,
1411 3600 1572 3653 quam
1604 3594 1661 3638 ut
1690 3588 2047 3656 omnipotens,
2074 3588 2127 3641 in
2155 3605 2247 3645 sa-

682 3673 844 3726 lutem
879 3673 1062 3726 mundi
1099 3686 1356 3744 operatus
1383 3692 1464 3732 es.

748 3829 914 3885 Hodie
958 3831 1211 3899 gaudium
1256 3832 1470 3887 exsistit
1509 3833 1561 3887 in
1607 3834 1745 3889 cmlo
1799 3843 1854 3890 et
1910 3845 2073 3900 terra,
2113 3837 2243 3907 quia

677 3924 857 3975 crucis
894 3922 1109 3990 signum
1155 3923 1357 3977 mundo
1402 3924 1691 3988 illucescit,
1752 3941 1884 3980 crux
1925 3936 2004 3982 ter
2057 3928 2240 3995 beata;

677 4032 795 4084 quae
824 4015 1099 4082 proposita
1125 4015 1351 4084 gratiam
1385 4031 1676 4085 perennem
1714 4017 1902 4073 stillat.

748 4190 886 4257 Quid
939 4192 1055 4252 tibi,
1102 4193 1347 4256 Christe,
1406 4195 1792 4260 retribuemus,
1829 4197 1974 4267 quod
2027 4198 2239 4268 capiam

679 4283 835 4336 nobis
877 4280 1051 4337 fecisti
1095 4287 1456 4340 venerandam
1495 4302 1713 4342 crucem
1758 4298 1904 4342 tuam
1953 4289 2237 4356 adOrandi,

678 4373 729 4424 in
777 4388 881 4441 qua
924 4375 1301 4429 sanctissimus
1336 4386 1460 4430 tuus
1499 4379 1722 4446 sanguis
1772 4379 1979 4434 elTusus
2014 4391 2115 4446 est,
2150 4383 2236 4436 cui

2349 3309 2604 3376 τυραννὶς
2626 3307 2718 3360 τοῦ
2747 3309 2944 3379 ἐχθροῦ
2976 3311 3205 3365 Θανάτου
3237 3313 3475 3367 λέλυται.

2417 3399 2524 3452 Τοῦ
2569 3401 2854 3473 ζωηφόρου
2901 3420 2993 3455 σου
3048 3404 3278 3472 σταυροῦ
3327 3405 3425 3475 τὴν
3475 3411 3915 3480 προσκυνήσιμον

2345 3492 2520 3561 χαρὰν
2567 3494 2824 3564 σήμερον,
2877 3495 3102 3565 Χριστὲ,
3173 3496 3518 3560 ὑπαντῶντες
3582 3503 3914 3572 προπομπὴν

2345 3579 2645 3648 ποιούμεθα
2684 3582 2777 3635 τοῦ
2822 3583 3088 3652 παναγίου
3123 3584 3329 3647 πάθους
3363 3601 3479 3645 σου,
3512 3587 3646 3655 ὅπερ
3698 3592 3774 3652 εἰς
3804 3608 3912 3643 σω-

2342 3672 2537 3742 τηρίαν
2559 3672 2652 3724 τοῦ
2683 3673 2884 3744 κόσμου
2904 3676 3306 3746 ὲναπειργάσω,
3324 3677 3534 3748 Σωτὴρ,
3561 3679 3636 3740 ὡς
3660 3681 3913 3735 παντώύ-

2341 3781 2408 3818 να
2416 3782 2535 3834 μος.

2414 3858 2656 3927 Σήμερον
2705 3858 2910 3926 γίνεται
2965 3861 3107 3931 χαρὰ
3155 3863 3214 3915 ὲν
3254 3863 3466 3934 οὐρανῷ
3499 3863 3594 3916 καὶ
3658 3862 3751 3915 ἐπὶ
3783 3864 3905 3933 γῆς,

2340 3947 2423 4000 ὅτι
2478 3948 2569 4001 τοῦ
2625 3948 2858 4018 σταυροῦ
2907 3949 2967 4002 τὸ
3016 3955 3238 4020 σημεῖον
3299 3954 3486 4022 κόσμῳ
3531 3951 3904 4021 ἐμφανίζεται.

2340 4040 2577 4111 Σταυρδς
2602 4041 2630 4092 ὁ
2661 4041 3147 4115 τρισμακάριστος,
3179 4039 3335 4108 οὗτος
3358 4044 3639 4116 προτεθεὶς
3667 4044 3902 4098 ἁναόλῦ-

2341 4130 2422 4195 ζει
2452 4134 2609 4203 χάριν
2637 4132 2884 4190 ἀὲνναον.

2408 4225 2473 4276 Τί
2496 4241 2577 4276 σοι
2601 4226 2985 4296 προσάξωμεν.
3007 4229 3231 4299 Χριστὲ,
3258 4231 3338 4282 ὅτι
3365 4229 3454 4282 τὸν
3478 4229 3656 4298 τίμιον
3679 4229 3904 4298 σταυρὸν

2337 4313 2571 4379 δέδωκας
2598 4319 2728 4387 ἡμῖν
2753 4320 3143 4389 προσκυνῆσαι,
3169 4323 3224 4373 ἐν
3252 4315 3296 4388 ᾧ
3322 4321 3379 4373 τὸ
3402 4323 3660 4390 πανάγιον
3683 4337 3904 4373 κατεκε-

2337 4402 2480 4473 νώθη
2531 4401 2669 4475 αἷμά
2707 4424 2823 4469 σου,
2929 4409 3019 4459 καὶ
3057 4411 3090 4478 ἡ
3121 4409 3255 4480 σάρξ
3299 4427 3392 4462 σου
3421 4411 3570 4480 ἥλοις
3599 4411 3806 4481 ἐπάγῃ
3844 4413 3902 4465 ὃν

675 4468 834 4521 etiam
872 4484 1000 4523 caro
1041 4478 1129 4523 tua
1161 4470 1329 4526 clavis
1375 4480 1458 4525 est
1491 4473 1691 4526 allisa?
1723 4489 1887 4543 quam
1923 4476 2237 4531 osculantes
2259 4550 2309 4570 n

1775 4489 1887 4528 lam
1923 4476 2237 4531 οδουιὲηῑεε
2259 4550 2309 4570 “
2337 4468 2703 4565 ἀσπαζόμενοι
2736 4496 2832 4550 νῦν
2867 4468 3292 4570 εὐχαριστοῦμεν
3328 4517 3429 4556 σοι.

676 4562 877 4629 gratias
910 4561 1001 4615 tibi
1034 4563 1415 4631 persolvimus.

1299 4655 1627 4710 Triadicum.

741 4745 913 4801 Unius
939 4747 1152 4803 deitatis
1186 4757 1295 4803 tres
1327 4750 1646 4819 hypostases
1677 4751 2073 4807 indivisihiliter
2100 4755 2235 4809 sim-

674 4840 828 4909 plicis
859 4850 1063 4894 naturaa
1098 4842 1330 4910 praedico
1359 4853 1408 4896 et
1439 4859 1696 4913 agnosco,
1734 4846 1950 4899 Patrem
1985 4848 2234 4917 principii

674 4940 972 4996 expertem,
1009 4930 1228 4996 Filium,
1278 4942 1332 4986 et
1357 4931 1617 5002 Spiritum
1668 4948 1936 5001 sanctum,
1988 4937 2232 5007 ejusdem

673 5020 796 5072 solii
833 5022 1256 5077 dominationem
1288 5039 1475 5088 unam,
1504 5026 1728 5095 arqualis
1755 5029 2038 5097 potestatis
2071 5045 2230 5084 unam

672 5109 966 5177 potentiam
999 5111 1404 5181 sempiternam.

1266 5205 1622 5261 Theotocium.

741 5291 863 5344 Sola
898 5300 951 5345 tu
977 5295 1277 5350 castissima
1319 5301 1459 5354 inter
1490 5303 1746 5357 mulieres
1806 5303 2130 5358 miraculum
2171 5320 2231 5361 es

668 5380 980 5437 admirabile
1034 5395 1087 5438 et
1119 5390 1482 5443 tremendum.
1513 5389 1772 5446 Naturam
1821 5395 1962 5447 enim
2013 5395 2224 5450 novasti

669 5473 784 5522 sine
808 5473 1014 5526 semine
1046 5477 1377 5546 concipiens,
1424 5489 1477 5534 et
1509 5491 1628 5550 post
1684 5492 1895 5552 partum
1930 5485 2102 5555 virgo,
2171 5494 2231 5540 ut

667 5571 845 5626 antea,
885 5579 1227 5633 permanens.
1273 5571 1443 5626 Verus
1481 5573 1626 5627 enim
1669 5573 1812 5630 Deus
1837 5587 1938 5639 est,
1963 5579 2054 5647 qui
2084 5594 2149 5632 ex
2178 5589 2228 5634 te

668 5662 827 5708 natus
848 5664 948 5709 est.

1293 5751 1596 5808 Catabasia.

736 5831 874 5889 Cum
913 5842 985 5894 te.
1017 5853 1049 5892 ο
1082 5845 1272 5907 potens
1327 5839 1407 5894 sol
1432 5840 1485 5896 in
1508 5857 1671 5899 cruce
1707 5846 2064 5915 conspiceret,
2094 5847 2221 5904 hor-

2255 4550 2310 4611 D

2966 4675 3290 4745 Τριαδικόν.

2405 4759 2553 4823 Mtac
2598 4761 2849 4831 θεότητος
2894 4766 3048 4835 ὑμῶν
3105 4771 3253 4838 τρεῖς
3302 4769 3625 4833 ὑποστάσεις
3681 4768 3900 4839 άμερῶς

2338 4849 2548 4920 φύσεως
2569 4853 2741 4922 ἁπλῆς
2765 4853 3096 4924 δογματίζω,
3117 4858 3208 4910 τδν
3230 4859 3446 4928 Πατέρα
3471 4861 3724 4930 ἄναρχον,
3749 4860 3894 4924 Υἰὸν,

2333 4949 2426 5000 καὶ
2453 4947 2673 5015 Πνεῦμα
2705 4946 2881 5013 ἅγιον,
2911 4948 3220 5019 σύνθρονον,
3255 4952 3550 5023 κυριότητα
3588 4953 3736 5023 μίαν,
3763 4953 3894 5022 ὁμο⁹

2333 5037 2602 5092 ϐασίλειον
2627 5037 2684 5090 ἒν
2716 5037 2920 5109 κράτος
2943 5041 3132 5096 ἀΐδιον.

2956 5213 3282 5268 Θεοτόκιον.

2400 5299 2547 5370 Μόνη
2576 5303 2779 5374 ἐφάνης
2805 5305 3078 5373 γυναικῶν
3102 5305 3285 5380 χρῆμα
3310 5304 3731 5373 πανθαῦμαστον
3755 5306 3891 5377 ἁγνὴ

2330 5391 2563 5459 πρᾶγμα
2595 5393 2842 5465 φοϐερόν.
2887 5394 2997 5462 Τὴν
3033 5385 3141 5464 γὰρ
3173 5395 3332 5461 φύσιν
3368 5397 3431 5447 σὺ
3465 5397 3889 5465 ἐκαινοτόμησας

2329 5483 2454 5534 ἄνευ
2482 5487 2685 5554 σπορᾶς
2717 5488 2988 5555 κυήσασα,
3018 5486 3248 5555 μείνασα
3276 5487 3437 5538 πάλιν
3463 5488 3537 5551 ὡς
3567 5491 3694 5559 πρὶν
3747 5505 3856 5554 παρ

2329 5572 2497 5636 θὲνος.
2549 5573 2605 5626 '0
2651 5575 2927 5644 γεννηθεὶς
2976 5575 3083 5645 γὰρ
3138 5580 3202 5629 ὲκ
3248 5575 3341 5629 σοῦ
3390 5578 3521 5642 Θεός
3568 5581 3711 5631 ἐστιν
3758 5579 3860 5644 ὰλη

2329 5665 2448 5735 θής.

2926 5765 3283 5818 Κατασασία.

2409 5848 2530 5904 Ἐπὶ
2568 5851 2800 5924 σταυροῦ
2850 5872 2931 5922 σε,
2962 5855 3174 5921 sums,
3216 5859 3438 5928 φωστὴρ
3471 5860 3498 5910 6
3533 5857 3701 5928 μέγας
3751 5873 3882 5910 κατ·
