4188 6470
285 398 421 464 1761

1236 413 1483 476 CANON
1509 414 1590 476 IN
1627 413 2174 475 ADORATIONEM
2207 415 2266 476 S.
2297 416 2588 477 CRUCIS.

3387 419 3522 485 1762

286 516 414 568 ιδὼν
471 517 659 587 τρόμῳ
723 517 983 589 ἐπαρθεὶς
1046 521 1145 587 τὰς
1210 525 1433 592 ἀκτῖνας
1495 528 1850 587 συνέστειλεν.
1882 538 1926 590 Α

1882 538 1926 590 Α
1958 542 2082 582 rore
2111 529 2391 597 perculsus
2426 529 2603 583 radios
2625 528 2894 584 contraxit
2915 538 2968 586 et
2990 529 3308 587 abscondit:
3341 537 3519 590 Omnis

283 610 511 679 ἔκρυψε,
540 613 689 666 πᾶσα
716 613 771 666 δὲ
802 617 978 680 κτίσις
1022 615 1261 688 ὕμνησεν
1306 621 1364 673 ὲν
1417 620 1564 691 φόϐῳ
1615 623 1712 690 τὴν
1754 626 1854 691 σὴν

287 703 697 775 μακροθυμίαν.
733 706 843 760 Καὶ
871 707 979 779 γάρ
1007 709 1247 781 ἐπλήσθη
1275 711 1308 783 ἡ
1337 711 1410 782 γῆ
1438 711 1541 783 τῆς
1572 711 1676 783 σῆς
1706 705 1854 766 α’ίνὲ-

286 812 449 857 σεως.

943 931 1077 1003 pan
1115 932 1189 989 A'.

372 1058 670 1125 Ἐνέτειλας
711 1062 818 1116 ἀπὸ
860 1063 956 1116 τοῦ
995 1064 1188 1134 τάφου,
1215 1067 1409 1122 ἄδυτον
1448 1069 1617 1137 φάος·
1649 1069 1730 1142 τῷ
1757 1071 1851 1125 κό-

287 1168 410 1221 σμῳ
458 1154 783 1223 ἀστράπτων
833 1154 930 1224 τὴν
991 1157 1335 1229 ἀφθαρσίαν,
1381 1161 1709 1230 ἑκμειώσας,
1740 1161 1853 1216 Κύ-

288 1260 394 1313 ριε.
423 1243 653 1298 Θανάτου
678 1245 776 1317 τὴν
809 1249 1110 1320 κατήφειαν
1143 1246 1208 1305 ὲκ
1236 1251 1343 1306 τῶν
1365 1255 1615 1325 περάτων
1652 1254 1728 1320 ὡς
1761 1255 1852 1310 εὖ·

287 1337 613 1404 σπλαγχνος.

357 1428 751 1498 Προσέλθωμεν
778 1431 1174 1500 κεκαθαρμένοι
1202 1436 1265 1503 τῇ
1292 1435 1602 1508 ἐγκρατείᾳ,
1630 1437 1848 1509 θερμῶς

285 1521 790 1589 προσπτυσσόμενοι
857 1524 915 1578 ὲν
968 1523 1171 1576 αἰνέσει
1221 1524 1376 1592 ξύλον
1437 1528 1497 1580 τὸ
1557 1530 1843 1598 πανάγιον,

283 1613 342 1664 ἐν
391 1606 434 1678 ᾧ
471 1613 702 1681 Χριστὸς
750 1615 1148 1686 σταυρούμενος
1189 1616 1358 1672 ἔσωσε
1389 1619 1611 1691 κόσμον,
1640 1623 1717 1704 ῶς
1759 1623 1846 1677 εὖ·

284 1702 609 1772 σπλαγχνος.

355 1795 682 1864 Χορεύουσιν
711 1799 768 1851 ὲν
805 1799 1109 1872 εὐφροσύνῃ
1137 1800 1380 1868 ἀγγέλων
1403 1803 1584 1869 τάξεις
1609 1806 1844 1876 σήμερον

1953 633 2083 672 vero
2105 628 2354 674 creatura
2390 619 2682 673 celebravit
2711 635 2834 674 cum
2881 630 3025 676 metu
3056 623 3520 693 longanimitatem

1954 718 2122 765 tuam.
2155 710 2366 767 Etenim
2402 712 2562 767 laude
2593 724 2682 767 tua
2706 722 2848 769 terra
2880 714 3099 785 impleta
3129 723 3236 772 est.

2593 929 2725 984 ODA
2770 930 2863 988 IV.

2020 1058 2375 1116 Exstitistiex
2423 1063 2695 1132 sepulcro,
2725 1081 2758 1119 ο
2801 1065 2981 1121 lumen
3036 1083 3313 1138 nunquam
3367 1069 3518 1123 ocri-

1948 1152 2119 1216 deus;
2153 1154 2356 1208 mundo
2388 1154 2849 1212 immortalitatem
2886 1158 3178 1221 irradians,
3215 1163 3517 1231 mortisque

1948 1258 2261 1309 maerorem,
2301 1255 2561 1315 tanquam
2603 1248 2941 1316 misericors,
2989 1265 3057 1304 ex
3121 1261 3282 1308 terrae
3315 1253 3515 1308 ﬁnibus

1946 1334 2220 1404 expuﬁsﬁ.

2007 1428 2345 1484 Accedamus
2389 1432 2673 1503 expurgati
2725 1432 3085 1500 continentia,
3148 1445 3200 1490 et
3245 1434 3515 1490 ferventer

1946 1523 2339 1592 amplectamur
2370 1526 2802 1581 sacratissimum
2834 1527 3038 1598 lignum
3069 1544 3174 1583 non
3193 1529 3311 1584 sine
3339 1529 3516 1583 laudi-

1944 1612 2064 1679 bus,
2099 1614 2150 1666 in
2181 1628 2290 1683 quo
2340 1612 2594 1670 Christus
2630 1617 2928 1672 crucitixus
2959 1618 3222 1673 mundum
3253 1619 3508 1683 servavit,

1943 1713 2200 1772 tanquam
2232 1705 2563 1760 misericors.

2009 1792 2178 1848 Hodie
2207 1796 2438 1850 choreas
2461 1811 2583 1851 cum
2618 1797 2806 1853 laetitia
2833 1799 3042 1854 ducunt
3069 1799 3387 1869 angelorum
3421 1814 3518 1854 0r-

284 1886 520 1954 σταυροῦ
547 1905 639 1940 σου
670 1892 735 1960 τῇ
764 1891 1147 1961 προσκυνήσει.
1194 1893 1280 1945 'Ev
1308 1893 1455 1962 αὑτῷ
1484 1895 1591 1964 γάρ
1619 1875 1843 1966 τέθραυο
1875 1875 1915 1928 Β

1875 1875 1915 1928 Β
1943 1888 2096 1942 dines
2125 1888 2194 1942 ob
2229 1889 2405 1943 crucis
2433 1899 2536 1944 tum
2564 1891 2937 1944 adorationem
2962 1909 2975 1958 ;
3005 1891 3056 1945 in
3089 1891 3179 1944 illa
3220 1891 3364 1945 enim
3397 1891 3509 1943 dai-

283 1994 386 2038 κας
414 1978 512 2040 τὰς
539 1979 645 2031 τῶν
673 1980 943 2051 δαιμόνων
975 1981 1282 2052 φάλαγγας,
1311 1983 1515 2051 σώσας,
1539 1987 1759 2058 Χριστὲ,
1784 1988 1844 2041 τὸ

281 2066 646 2135 ἀνθρώπινον.

354 2157 686 2228 Παράδεισος
712 2159 870 2224 ἄλλος
901 2161 1145 2236 ἐγνώσθη
1186 2165 1218 2236 ἡ
1262 2163 1576 2238 Ἐκκλησία,
1605 2166 1680 2230 ὡς
1717 2168 1847 2239 πρὶν

284 2243 440 2309 ξύλον
469 2247 665 2317 ἔχουσα
699 2250 977 2321 ζωηφόρον
1006 2253 1097 2306 τὸν
1121 2256 1350 2326 σταυρόν
1382 2274 1496 2318 σου.
1526 2256 1721 2329 Κύριε.
1757 2257 1848 2324 Ἐξ

281 2329 346 2388 οὗ
378 2335 465 2390 διὰ
495 2333 904 2408 προσψαύσεως,
940 2341 1240 2409 ἀθανασίας
1270 2347 1587 2416 μετέγομεν.

902 2520 1229 2586 Τριαὸικόν.

353 2601 667 2674 Συνάναρχα
687 2603 812 2676 τρία
833 2605 1039 2672 δοξάζω
1066 2613 1195 2680 μιᾶς
1221 2611 1429 2678 οὐσίας,
1460 2613 1590 2667 Θεὸν
1616 2613 1705 2668 τὸν
1737 2616 1848 2669 Πα-

281 2691 434 2761 τέρα,
459 2693 583 2746 Υίὸν
605 2697 695 2748 καὶ⁹
722 2697 964 2770 Πνεῦμα,
991 2702 1106 2770 φῶς
1127 2701 1185 2756 ἐν
1206 2703 1702 2774 τριλαμπέστατον,
1719 2706 1849 2778 ὀμο-

285 2785 483 2853 κρατὲς
509 2784 795 2856 βασίλειον,
827 2793 886 2845 ὲν
918 2794 1207 2866 ἁσυγχύτῳ
1232 2796 1538 2868 ταυτότητι.

900 2973 1227 3030 θεοτόκιον.

365 3055 634 3127 Ἔκύησας
667 3059 880 3128 φύσεως
930 3064 1102 3135 νόμῳ,
1166 3066 1281 3119 ἀλλ’
1327 3066 1467 3138 ὑπὲρ
1515 3068 1696 3139 νόμον.
1743 3069 1846 3124 Σοῦ

283 3148 392 3219 γὰρ
428 3142 592 3220 μόνης
621 3153 853 3221 ἄσπορος
887 3155 919 3224 ἠ
946 3143 1131 3224 λοχεία
1163 3158 1388 3227 φρικτδς
1428 3162 1521 3213 καὶ
1559 3161 1847 3232 νοούμενος

284 3240 313 3292 ὁ
361 3241 559 3310 τρόπος
619 3242 713 3295 καὶ
770 3242 1059 3316 λεγόμενος
1119 3247 1214 3302 τοῦ
1271 3249 1492 3304 τοκετοῦ
1545 3269 1662 3316 σου,
1711 3270 1846 3308 παν-

284 3333 503 3405 άμωμε.

879 3434 1236 3488 Καταϐασία.

368 3519 737 3590 ὀρθρίζοντές
755 3538 813 3574 σε
855 3523 1221 3594 ἁνυμνοῦμεν,
1251 3525 1442 3596 Σωτὴρ
1485 3527 1580 3580 τοῦ
1615 3528 1843 3597 κόσμου,

281 3612 502 3682 εἰρήνην
536 3613 823 3682 εὑράμενοι
854 3613 933 3683 τῷ
971 3616 1188 3688 σταυρῷ
1224 3634 1336 3680 σου,
1377 3619 1443 3671 δι’
1474 3612 1535 3671 οὗ
1569 3620 1847 3673 ἀνεκαίνι-

284 3719 381 3766 σας
433 3703 493 3756 τὸ
524 3703 678 3770 γένος
725 3703 785 3756 τὸ
823 3704 1184 3776 ἀνθρώπινον,
1215 3709 1329 3778 φῶς
1377 3711 1512 3784 πρὸς
1545 3711 1846 3785 ἀνέσπερον

281 3795 427 3863 ἄγων
457 3799 626 3861 ἡμᾶς.

902 3935 1033 4006 om
1073 3936 1144 3990 E'.

375 4060 618 4133 Ἇνέστης
669 4064 759 4118 τὸν
809 4063 1036 4120 θάνατον
1080 4067 1341 4138 θραύσας,
1385 4071 1608 4142 Χριστὲ,
1654 4073 1842 4145 ῶσπερ

283 4151 451 4220 μέγας
490 4153 757 4222 βασιλεὺς,
794 4159 858 4210 ὲκ
888 4158 997 4211 τῶν
1037 4158 1163 4230 ᾅδου
1207 4162 1449 4231 ταμείων
1501 4165 1842 4230 ἀνακαλέσας

279 4245 422 4314 ἡμᾶς
455 4249 532 4310 είς
556 4247 853 4302 ἀπόλαυσιν
878 4250 1153 4319 βασιλείας
1184 4253 1451 4325 οὐρανῶν,
1478 4258 1558 4320 είς
1582 4257 1687 4328 γῆν
1710 4259 1842 4312 ἀθα-

280 4338 484 4398 νασίας.

349 4429 681 4496 Κροτοῦντες
732 4431 791 4484 ὲν
838 4431 1046 4504 ᾁσμασι
1101 4433 1265 4500 θείοις
1319 4438 1502 4491 πιστοὶ
1562 4439 1841 4506 ἀλαλάεω-

1945 1992 2167 2032 monum
2201 1990 2445 2033 catervas
2489 1980 2809 2047 vulnerasti,
2855 1978 3095 2047 Christe,
3145 1979 3388 2034 humano
3419 1995 3512 2050 που

1945 2084 2073 2124 nere
2108 2078 2340 2124 servato.

2013 2163 2163 2216 Alter
2197 2163 2478 2231 paradisus
2498 2163 2685 2221 eﬂ'ecta
2714 2173 2798 2221 est
2817 2164 3082 2228 Ecclesia,
3107 2181 3230 2235 quae
3256 2174 3313 2220 ut
3335 2166 3515 2233 prius,

1943 2250 2213 2306 vivilicum
2244 2253 2447 2324 lignum
2485 2255 2746 2324 possidet,
2782 2257 3067 2320 nimirum,
3087 2272 3305 2311 crucem
3333 2266 3504 2317 tuam,

1944 2343 2194 2398 Domine.
2211 2344 2292 2400 Ex
2312 2346 2469 2418 cujus
2489 2358 2747 2404 contactu
2775 2349 3200 2404 immortalitatis
3219 2350 3514 2420 participes

1943 2434 2230 2493 efﬁcimur.

2563 2531 2890 2588 Triadicum.

2013 2616 2147 2674 Tres
2203 2635 2463 2690 personas
2512 2623 2652 2678 initii
2696 2635 2971 2695 expertes,
3046 2627 3209 2680 unius
3260 2625 3515 2681 essentia:

1944 2708 2207 2780 gloritico,
2233 2711 2401 2768 Deum
2421 2712 2660 2780 Patrem,
2709 2715 2930 2783 Filium,
2999 2727 3053 2772 et
3081 2715 3340 2787 Spiritum
3381 2732 3503 2771 san-

1944 2809 2113 2866 ctum,
2130 2801 2310 2859 lumen
2337 2820 2502 2860 unum
2526 2807 2980 2877 l’ulgentissimum
3000 2809 3242 2880 ejusdem
3260 2813 3513 2880 patentia:

1943 2900 1998 2948 et
2023 2897 2172 2964 regni
2206 2897 2488 2954 inconfusa
2518 2898 2723 2955 unitate
2749 2917 2846 2956 seu
2888 2902 3190 2958 identitate.

2547 2987 2909 3050 Theotocium.

2009 3071 2238 3132 Uterum
2271 3080 2490 3150 gestasti
2519 3093 2728 3137 naturae
2767 3083 2904 3154 lege,
2954 3084 3048 3140 sed
3117 3100 3280 3153 supra
3315 3085 3508 3154 legem.

1948 3161 2099 3221 Tuus
2127 3169 2271 3223 enim
2296 3171 2640 3227 solummodo
2669 3183 2862 3242 partus
2899 3183 2984 3228 est
3037 3175 3247 3244 absque
3281 3177 3488 3230 semine

1946 3257 2282 3314 Tremendns
2318 3272 2373 3317 et
2408 3262 2644 3333 cogitatu
2681 3271 2734 3318 et
2771 3261 2922 3319 dictu
2945 3272 3029 3320 est
3073 3274 3263 3336 partus
3301 3275 3453 3334 tuus,
3480 3281 3513 3319 ο

1947 3349 2319 3406 immaculata.

2585 3444 2894 3500 Catabasia.

2015 3529 2264 3587 Diluculo
2285 3533 2625 3590 celebramus
2653 3546 2727 3601 te,
2755 3535 3007 3592 Salvator
3032 3537 3245 3602 mundi,
3269 3553 3402 3608 pace
3419 3554 3515 3608 per

1945 3640 2159 3681 crucem
2203 3637 2349 3681 tuam
2392 3626 2628 3690 inventa,
2659 3644 2764 3698 qua
2809 3645 2982 3699 genus
3014 3630 3318 3685 humanum
3351 3646 3509 3702 repa-

1944 3719 2099 3780 rasti.
2125 3733 2334 3790 nosque
2361 3718 2430 3774 ad
2479 3718 2666 3776 lumen
2709 3721 2893 3778 omnis
2929 3734 3159 3778 occasus
3186 3737 3383 3793 expers
3425 3722 3514 3779 atl-

1944 3812 2165 3868 duxisti.

2608 3949 2748 4008 ODA
2802 3951 2866 4008 V.

2013 4084 2399 4151 Resnrrexisti,
2442 4087 2678 4156 Christe,
2713 4089 2996 4145 vulnerata
3019 4096 3215 4156 morte,
3248 4097 3504 4161 tanquam

1943 4187 2135 4246 potens
2169 4194 2282 4244 rex,
2311 4179 2490 4246 nobis,
2521 4195 2588 4234 ex
2620 4181 2737 4236 orci
2783 4183 3088 4238 recessibus
3114 4182 3181 4237 ad
3207 4185 3509 4255 voluptates

1943 4271 2090 4341 regni
2119 4273 2402 4340 emlorum,
2432 4284 2739 4346 terramque
2761 4275 3186 4334 immortalitatis
3216 4280 3506 4334 revocatis.

2016 4446 2344 4505 Plaudentes
2405 4451 2460 4506 in
2511 4452 2740 4508 canticis
2789 4453 2974 4510 ﬁdeles
3023 4455 3318 4524 jubilemns
3374 4455 3504 4523 Deo,

282 4535 379 4585 μεν
405 4519 544 4589 Θεῷ,
579 4523 669 4574 τὸν
708 4525 939 4595 σταυρὸν
972 4525 1065 4579 τοῦ
1105 4528 1306 4596 Κυρίου
1339 4530 1834 4602 κατασπαζόμενοι.
1863 4551 1916 4610 D

1863 4551 1916 4610 1)
1941 4555 2159 4594 crucem
2203 4540 2420 4597 Domini
2463 4545 2796 4602 osculantes.
2833 4545 3100 4606 Omnibus
3132 4550 3276 4606 enim
3319 4545 3502 4606 mundi

290 4607 600 4681 ’Δγιότητος
633 4614 924 4681 ἀναϐλύζει
965 4618 1073 4689 γὰρ
1109 4618 1291 4690 πηγὴν
1334 4622 1466 4675 πᾶσι
1505 4624 1619 4686 τοῖς
1666 4626 1725 4676 ὲν
1761 4624 1840 4695 τῷ
1863 4607 1900 4610 ᾗ

1334 4622 1466 4675 πᾶσι
1505 4624 1619 4686 τοῖς
1666 4626 1725 4676 ὲν
1761 4624 1840 4695 τῷ
1863 4607 1900 4610 ἡ
1944 4632 2136 4687 incolis
2165 4631 2367 4688 ﬂuenta
2397 4636 2702 4692 sanctitatis
2735 4641 2977 4697 scaturit.

281 4702 490 4774 κόσμῳ.

350 4794 656 4867 Πληροῦται
687 4800 720 4870 ή
754 4800 1179 4874 ᾲσματογράφος
1211 4806 1386 4876 φωνή.
1424 4808 1843 4878 Προσκυνοῦμεν

278 4881 383 4952 γάρ
421 4885 529 4937 ἰδοὺ
577 4886 684 4940 τῶν
713 4889 998 4960 ἀχράντων
1045 4893 1222 4948 ποδῶν
1269 4911 1363 4948 σου
1429 4896 1490 4949 τὸ
1531 4897 1838 4963 ὑποπόδιον,

281 4978 678 5048 παντοδύναμε,
704 4981 796 5035 τὸν
826 4986 1055 5056 σταυρόν
1086 5004 1179 5040 σου
1211 4987 1302 5043 τὸν
1329 4988 1545 5057 σεπτὸν,
1569 4989 1629 5043 τὸ
1647 4992 1839 5060 τριπό-

279 5065 435 5133 θητον
471 5071 643 5134 ξύλον.

351 5162 413 5212 Ὃ
467 5159 570 5214 είδε
622 5165 776 5229 ξύλον
823 5167 900 5237 τῷ
937 5168 1014 5240 σῷ
1045 5171 1193 5242 ἄρτῳ
1235 5171 1444 5242 βληθὲν,
1482 5173 1774 5243 προφητῶν
1811 5177 1840 5229 ό

281 5247 580 5320 Θρηνητὴς,
600 5255 688 5307 τὸν
711 5259 940 5328 σταυρόν
971 5277 1083 5322 σου,
1104 5263 1405 5332 οίκτίρμον,
1423 5265 1840 5335 κατασπαζόμε-

281 5356 376 5393 vat.
402 5344 744 5413 ἁνυμνοῦμέν
776 5364 868 5400 σου
902 5349 970 5402 τά
991 5350 1164 5421 δεσμά
1190 5354 1284 5406 καὶ
1304 5353 1400 5424 τὴν
1421 5355 1613 5424 ταφὴν,
1641 5355 1840 5427 λόγχην

279 5445 332 5481 τε
357 5437 443 5484 καί
479 5436 601 5497 τοὺς
635 5437 816 5507 ἥλους.

358 5525 474 5578 Ἐπ’
496 5526 682 5597 ῶμων,
717 5531 882 5604 ὅνπερ
903 5534 1192 5600 κατεδέξω,
1223 5537 1444 5607 Χριστὲ,
1476 5539 1660 5610 φέρειν
1684 5539 1837 5608 ἅγιον

280 5615 525 5685 σταυρὸν,
572 5621 663 5671 καὶ
720 5623 777 5672 ἐν
821 5623 993 5693 τούτῳ
1036 5623 1270 5694 ἀρθῆναι
1318 5627 1412 5678 καὶ
1459 5628 1836 5698 σταυρωθῆναι

280 5709 473 5774 σαρκὶ,
537 5715 1038 5785 προσπτυσσόμενοι
1109 5716 1446 5787 κομιζόμεθα
1507 5719 1660 5788 ἰσχὺν
1714 5721 1834 5775 κατ’

281 5794 370 5864 ὲχθ
377 5798 486 5865 ρῶν
515 5801 778 5871 ἀοράτων.

2013 4806 2271 4879 lmpletur
2293 4809 2597 4868 Psaltnistae
2617 4816 2921 4872 oraculum.
2959 4815 3099 4871 Ecce
3128 4815 3274 4871 enim
3306 4814 3503 4870 adora-

1941 4915 2066 4956 mus
2121 4902 2589 4959 immaculatorum
2650 4904 2846 4977 pedum
2905 4916 3123 4963 tuorum
3181 4909 3502 4971 scabellnm,

1942 5008 2158 5048 crucem
2201 5003 2348 5049 tuam
2379 4999 2760 5065 venerandam,
2785 5001 3313 5058 desideratissimam
3361 5001 3492 5056 illud

1940 5083 2170 5153 lignum.

2011 5172 2262 5246 Lignnm,
2295 5179 2439 5248 quod
2473 5180 2525 5236 in
2557 5197 2752 5251 panem
2778 5192 2932 5238 tuum
2973 5185 3224 5249 missum,
3255 5184 3391 5240 vidit
3415 5182 3505 5240 ἔον

1940 5273 2400 5338 remias,crucetn
2443 5279 2652 5334 scilicet
2690 5295 2860 5347 tuam,
2897 5298 2932 5338 ο
2973 5284 3305 5342 misericors.
3344 5298 3504 5336 osen-

1937 5360 2131 5428 lantes,
2196 5367 2535 5424 celebramus
2597 5371 2810 5427 vincula
2860 5381 2974 5440 tua,
3031 5382 3087 5428 et
3141 5373 3498 5444 sepulturam,

1938 5453 2182 5509 lanceam
2210 5468 2264 5511 et
2289 5459 2492 5514 clavos.

2014 5542 2128 5598 Vim
2159 5556 2211 5600 et
2233 5551 2401 5604 robur
2437 5552 2699 5607 adversus
2744 5553 3158 5624 inaspectabiles
3199 5554 3382 5608 hostes
3412 5568 3498 5606 re-

1936 5649 2235 5708 portamus,
2268 5645 2484 5711 qnando
2521 5649 2898 5716 amplectimur
2931 5663 3170 5709 crucem,
3203 5661 3363 5716 quam
3401 5645 3500 5698 hn-

1935 5731 2101 5783 meris
2138 5734 2244 5786 tuis
2285 5747 2516 5803 gestare,
2570 5749 2624 5794 et
2669 5741 2874 5805 subire,
2931 5751 2983 5795 et
3029 5740 3082 5794 in
3137 5755 3198 5794 ea
3257 5737 3498 5807 οι·υοίίὶᾳὶ

1936 5819 2186 5888 dignatus
2218 5838 2299 5878 es.
