4188 6480
701 400 720 460 1
733 399 832 462 763

1308 507 1636 566 Triadicum.

773 595 1038 651 Unitatem
1060 598 1233 654 tribus
1256 603 1503 669 personis
1517 603 1826 657 distinctam
1850 613 1904 658 et
1929 604 2250 660 Trinitatem

698 687 747 737 in
781 701 883 738 una
908 696 1097 740 natura
1125 691 1403 742 adoratam
1426 691 1790 754 celebro,tres
1813 695 1906 762 qui
1936 696 2097 748 simul
2129 706 2256 750 sunt

697 780 787 831 lux
815 779 972 842 trina,
999 778 1240 842 Patrem,
1272 792 1326 834 et
1347 779 1564 846 Filium,
1607 793 1660 836 et
1687 782 1948 853 Spiritum
1982 796 2250 840 sanctum.

1302 956 1660 1014 Theotocium.

757 1045 1134 1100 Miraculorum
1159 1049 1399 1102 omnium
1435 1051 1729 1104 maximum
1763 1051 2081 1106 miraculum
2117 1054 2171 1108 in
2203 1064 2256 1109 te

695 1135 966 1201 apparuit.
1020 1136 1217 1188 intacta
1255 1134 1440 1206 Virgo.
1482 1139 1696 1208 Agnum
1745 1140 1912 1203 enim,
1962 1143 2058 1210 qui
2115 1144 2255 1196 tollit

695 1238 910 1294 peccata
936 1227 1140 1287 mundi.
1173 1237 1229 1281 tu
1261 1230 1311 1281 in
1349 1241 1500 1282 utero
1532 1233 1751 1300 gestasti
1786 1252 1797 1285 :
1844 1249 2000 1300 quem
2044 1235 2251 1290 indesi-

696 1327 886 1371 nenter
908 1334 1002 1386 pro
1027 1318 1208 1383 nobis,
1241 1319 1330 1388 qui
1374 1320 1563 1375 laudes
1605 1332 1725 1376 tuas
1751 1325 2112 1388 concinimus,
2159 1327 2251 1382 de-

693 1425 937 1478 precare.

1305 1503 1618 1557 Catabasia.

761 1589 967 1662 Typum
991 1591 1389 1647 divimeCrucis
1415 1592 1953 1662 praeliguraviIJouas
1981 1595 2033 1648 in
2065 1605 2252 1651 ventre

693 1681 817 1741 ceti,
865 1682 1116 1749 expansis
1165 1683 1436 1743 manibus,
1471 1685 1799 1753 exsiluitque
1846 1685 2134 1740 incolumis
2184 1703 2248 1742 ex

693 1772 891 1838 bellua,
918 1777 1118 1827 virtute
1159 1783 1276 1837 tua,
1327 1773 1581 1830 Verbum.

1298 1949 1637 2004 Idiomelum.

761 2037 1028 2093 Flammea
1058 2044 1366 2110 rhomphiea
1392 2056 1495 2094 non
1510 2042 1746 2095 custodit
1768 2043 2000 2111 amplius
2031 2053 2246 2114 portam

690 2131 955 2198 paradisi;
999 2131 1195 2183 etenim
1238 2133 1572 2199 inopinatum
1607 2136 1918 2201 supervenit
1947 2135 2249 2201 vinculum,

689 2218 869 2272 crucis
892 2220 1137 2274 videlicet
1166 2220 1398 2287 lignum.
1430 2220 1618 2276 Mortis
1653 2224 1930 2288 stimulus,
1977 2235 2031 2280 et
2061 2228 2252 2282 mortis

689 2312 918 2364 victoria
963 2312 1185 2379 depulsa
1235 2322 1337 2366 est.
1405 2312 1641 2368 Astitisti
1710 2326 1916 2379 autem,
1962 2315 2238 2381 Servator,

690 2402 815 2465 illis,
863 2401 954 2469 qui
1005 2402 1146 2468 apud
1206 2402 1410 2458 inferos
1465 2412 1644 2470 erant,
1685 2405 1928 2461 clamans
1980 2427 1994 2463 :
2051 2407 2252 2464 lntrate

690 2492 882 2545 iterum
919 2491 971 2544 iu
994 2493 1332 2560 paradisum.

1384 2584 1578 2641 (Erus.

760 2673 895 2730 Tres
922 2693 1109 2732 cruces
1137 2676 1253 2731 ﬁxit
1282 2675 1494 2734 Pilatus
1526 2680 1578 2733 in
1604 2679 1896 2750 Golgotlta.
1924 2681 2062 2736 Duas
2082 2683 2250 2740 latro-

690 2765 874 2830 nibus,
909 2777 962 2821 et
986 2784 1144 2822 unam
1173 2771 1294 2823 vitae
1329 2771 1596 2838 largitori,
1635 2789 1796 2841 quam
1825 2787 1880 2826 ut
1907 2776 2036 2830 vidit
2059 2780 2249 2842 Orcus,

689 2856 824 2908 dixit
850 2855 1040 2910 inferni
1079 2857 1302 2912 incolis:
1327 2858 1554 2915 Sodales
1587 2864 1687 2915 mei
1721 2873 1773 2916 et
1809 2865 2105 2931 adjutores,
2128 2869 2250 2935 quis

687 2956 789 3003 est.
818 2947 908 3014 qui
934 2948 1148 3001 clavum
1186 2950 1236 3001 in
1266 2960 1451 3015 pectus
1482 2967 1660 3004 meum
1694 2953 1903 3021 adigit?
1947 2953 2250 3024 Derepente

686 3034 992 3087 vulneravit
1017 3051 1101 3089 me
1119 3037 1330 3098 lancea,
1350 3048 1402 3091 et
1424 3038 1755 3109 disrumpor.
1783 3040 2043 3098 Interiora
2069 3045 2247 3112 doleo,

685 3135 922 3180 ventrem
957 3142 1132 3183 meum
1174 3129 1350 3184 doleo.
1384 3128 1588 3186 Sensus
1621 3149 1774 3187 meus
1793 3145 1846 3188 et
1875 3137 2098 3200 spiritus
2133 3149 2247 3190 tur-

683 3219 899 3277 bantur,
938 3237 1208 3290 cogorque
1243 3224 1438 3291 ejicere
1467 3227 1644 3279 denuo
1676 3228 1938 3282 Adamum
1970 3240 2022 3283 et
2045 3231 2237 3284 Adaini

683 3321 927 3379 posteros
961 3316 1089 3367 mihi
1119 3331 1211 3384 per
1239 3317 1441 3386 lignum
1477 3320 1670 3383 datos;
1720 3337 1839 3375 nam
1872 3325 2075 3392 lignum
2113 3326 2249 3381 istos

684 3403 879 3458 iterum
919 3405 972 3459 in
997 3408 1310 3476 paradisum
1343 3412 1576 3466 inducit.

1341 3643 1476 3702 ODA
1507 3647 1597 3704 Vl.

757 3790 1142 3861 Resurrexisti,
1186 3795 1430 3862 Domine,
1467 3816 1532 3855 ex
1600 3803 1850 3872 sepulcro
1913 3809 2070 3863 tertia
2136 3811 2243 3875 die,

684 3891 940 3947 tanquam
977 3884 1274 3953 dormiens,
1312 3892 1584 3958 percussis
1607 3895 1787 3950 divina
1819 3897 2017 3954 virtute
2047 3901 2246 3957 inferni

683 3975 1019 4031 custodibus.
1054 3977 1421 4050 Excitatisque
1446 4000 1635 4040 rursus
1664 4003 1694 4040 a
1733 3997 1784 4041 te
1816 3991 2006 4059 primis
2043 4009 2243 4061 paren-

685 4063 849 4128 tibus,
882 4067 973 4134 qui
1008 4068 1158 4122 solus
1185 4085 1244 4123 es
1277 4072 1594 4130 benedictus
1627 4085 1682 4130 et
1724 4079 1993 4147 gloriosus
2017 4079 2242 4137 Patrum

685 4151 847 4210 Deus.

755 4241 807 4298 ln
846 4247 1072 4302 canticis
1098 4249 1461 4318 tripudiantes
1485 4259 1822 4316 exsultemus
1841 4263 1997 4319 hodie
2028 4266 2239 4335 populi,

683 4337 862 4389 crucis
886 4337 1204 4396 adoratione
1227 4343 1377 4398 illum
1403 4384 1416 4407 ,
1445 4349 1538 4416 qui
1595 4351 1647 4404 in
1675 4367 1735 4406 ea
1779 4354 1922 4410 ﬁxus
1948 4365 2055 4420 est,
2083 4357 2242 4414 Chri-

684 4434 798 4478 tum
823 4426 1209 4494 gloriﬁcantes,
1240 4434 1333 4502 qui
1361 4435 1510 4489 solus
1525 4435 1667 4494 Deus
1689 4440 1906 4497 Patrum
1926 4453 2236 4500 nostrorum

684 4517 999 4574 benedictus
1028 4532 1109 4575 est
1136 4532 1190 4576 et
1223 4525 1518 4592 gloriosus.

753 4607 856 4673 Qui
917 4609 1134 4676 fecisti,
1187 4623 1245 4666 ut
1298 4629 1432 4671 crux
1479 4626 1567 4673 tua
1635 4624 1980 4681 mortalitatis
2034 4627 2238 4683 instru-

685 4711 920 4755 mentum
991 4702 1144 4757 lieret
1217 4705 1358 4768 vitae,
1417 4711 1572 4778 quasi
1625 4712 1856 4780 ofﬁcina,
1907 4718 2003 4772 toti
2039 4722 2242 4776 mundo

684 4793 1098 4858 desiderabilis,
1155 4805 1424 4866 quotquot
1504 4817 1623 4855 eam
1703 4805 1967 4874 adorant,
2039 4811 2242 4866 sancti-

686 4886 806 4949 lica,
847 4885 937 4954 qui
1005 4887 1155 4944 solus
1210 4905 1272 4945 es
1311 4889 1451 4947 Deus
1491 4892 1713 4950 Patrum
1739 4936 1755 4962 ,
1816 4899 2137 4960 benedictus
2183 4914 2240 4960 et

681 4977 974 5044 gloriosus.

750 5066 852 5132 Qui
877 5069 1025 5124 solus
1052 5086 1111 5125 es
1134 5071 1445 5130 misericors
1468 5084 1521 5129 et
1548 5077 2080 5151 clemens,illumina,
2107 5101 2237 5140 san-

687 5156 826 5210 tilica
858 5171 972 5222 cos,
1002 5161 1096 5228 qui
1127 5175 1340 5216 crucem
1368 5173 1512 5218 tuam
1545 5167 1893 5239 divinamque
1925 5174 2232 5241 passionem

682 5257 991 5302 reverenter
1017 5250 1278 5317 adorant,
1314 5255 1406 5322 qui
1439 5258 1587 5313 solus
1613 5274 1672 5314 es
1702 5258 1845 5316 Deus
1876 5263 2098 5320 Patrum
2146 5268 2235 5322 be-

683 5338 930 5392 nedictus
955 5348 1011 5393 et
1042 5342 1329 5410 gloriosus.

1303 5433 1625 5494 Triadicum.

756 5517 926 5575 Unam
977 5521 1030 5575 itt
1073 5522 1244 5578 tribus
1296 5524 1674 5596 hypostasibus
1708 5547 1939 5588 veneror
1983 5537 2231 5593 divinita-

684 5615 812 5662 tem.
839 5609 955 5664 Lux
984 5611 1126 5664 enim
1160 5613 1318 5668 Pater
1343 5626 1462 5682 est;
1497 5617 1584 5672 lux
1621 5619 1812 5685 Filius,
1837 5623 1926 5678 lux
1955 5625 2228 5698 Spiritus;

693 5711 814 5766 quae
839 5697 930 5752 lux
961 5699 1294 5758 indivisibilis
1320 5719 1641 5774 permanens
1673 5710 1725 5764 in
1763 5728 1867 5767 una
1899 5726 2095 5774 natura
2127 5697 2228 5774 tri?

683 5787 894 5858 basque
931 5803 1283 5859 personarum
1308 5797 1465 5864 quasi
1498 5800 1660 5855 radiis
1694 5803 1957 5872 splendet.

1870 405 1929 466 S.
1968 404 2355 467 TllEODORI
2395 405 2737 470 STUDITIE

3782 415 3915 477 1764

2967 522 3294 590 Τριαδικόν.

2424 609 2640 663 Μονάδα
2672 610 2818 680 τρισὶ
2861 613 3232 684 χαρακτῆρσιν
3269 612 3442 684 ύμνῶ,
3488 613 3583 666 καὶ
3612 613 3819 683 Τριάδα
3862 617 3919 666 ἐν

2358 703 2454 772 μιᾷ
2484 701 2641 770 φύσει
2671 704 3168 774 προσκυνουμένην,
3202 706 3333 758 Θεὸν
3381 704 3448 758 τὰ
3479 705 3606 775 τρία
3639 705 3774 775 όμοῦ
3807 706 3917 773 φῶς

2353 793 2646 860 τρισήλιον,
2706 791 2795 844 τὸν
2847 793 3086 863 Πατέρα,
3145 797 3237 849 καὶ
3293 795 3442 860 Υἰὸν,
3491 796 3587 847 καὶ
3644 796 3706 848 τὸ
3767 797 3920 864 ἅγιον

2359 881 2602 951 Πνεῦμα.

2969 979 3302 1033 Θεοτόκιον.

2430 1067 2730 1139 Θαυμάτων
2757 1071 2816 1122 τὸ
2851 1070 3102 1138 μέγιστον
3125 1068 3309 1136 Θαῦμα
3337 1069 3394 1120 ἐν
3423 1066 3507 1119 σοὶ
3539 1066 3716 1136 ὤφθη,
3753 1068 3917 1120 άσπι-

2354 1162 2413 1214 λε
2475 1158 2689 1230 Ἀμίνάς.
2732 1162 2834 1214 Τὸν
2867 1162 2976 1231 γὰρ
3017 1162 3241 1230 αἴροντα
3275 1159 3480 1226 κόσμου
3511 1159 3609 1224 τήν
3641 1160 3918 1227 ἁμαρτίαν

2353 1252 2546 1320 ’Δμνὸν
2580 1251 2914 1321 ἁπεκύησας,
2944 1251 3002 1304 6v
3024 1249 3258 1303 δυσώπει
3295 1249 3526 1311 ἐκτενῶς
3555 1249 3697 1319 ὑπὲρ
3723 1248 3832 1302 τῶν
3858 1263 3917 1301 σε

2355 1343 2384 1395 ύ
2393 1341 2684 1412 μνούντων.

2951 1517 3314 1570 Καταϐασία.

2425 1606 2530 1660 Τὸν
2561 1604 2729 1659 τύπον
2779 1606 2872 1659 τοῦ
2902 1606 3047 1659 Θείου
3096 1605 3331 1677 σταυροῦ
3386 1607 3590 1670 Ἰωνᾶς,
3633 1610 3690 1660 ἐν
3738 1607 3915 1678 κοιλίᾳ

2349 1697 2445 1751 τοῦ
2507 1700 2724 1766 κήτους,
2773 1698 3092 1767 τεταμέναις
3141 1698 3438 1766 παλάμαις,
3493 1698 3914 1768 προδιεχάραεε,

2353 1787 2446 1842 καὶ
2466 1787 2686 1859 άνέθορε
2723 1788 3061 1854 σεσωσμένος
3099 1787 3190 1839 τοῦ
3228 1787 3392 1857 Θηρὸς
3430 1790 3496 1858 τῇ
3530 1788 3759 1857 δυνάμει
3791 1807 3908 1855 σου,

2290 1869 2334 1925 Β
2358 1880 2520 1948 Λόγε.

2794 1970 3128 2024 Κοντὰκιον
3152 1969 3473 2039 ίδιόμελον.

2419 2061 2615 2115 Οὐκέτι
2643 2060 2866 2131 φλογίνη
2909 2063 3152 2132 ῥομφαία
3182 2062 3440 2129 φυλάττει
3479 2061 3579 2130 τὴν
3609 2063 3788 2134 πύλην
3812 2066 3914 2134 τῆς

2362 2153 2543 2222 Ἐδέμ,
2581 2155 2716 2224 αὐτῇ
2745 2155 2854 2224 γὰρ
2882 2153 3080 2222 ἐπῆλθε
3124 2153 3422 2223 παράδοξος
3449 2153 3616 2217 δέσις,
3659 2158 3717 2209 τὸ
3756 2155 3915 2221 ξύλον

2349 2245 2442 2298 τοῦ
2476 2245 2729 2315 σταυροῦ.
2756 2245 2994 2299 Θανάτου
3028 2245 3089 2297 τὸ
3115 2245 3360 2315 κέντρον,
3388 2245 3481 2298 καὶ
3507 2245 3635 2316 ᾅδου
3677 2247 3738 2299 τὸ
3765 2250 3914 2309 νῖκος

2349 2337 2624 2407 ἐλήλαται.
2661 2336 2922 2405 Ἐπὲστης
2941 2338 3017 2402 δέ,
3044 2339 3231 2407 Σωτήρ
3262 2355 3383 2407 μου,
3407 2337 3544 2407 βοῶν
3569 2340 3681 2401 τοῖς
3704 2339 3765 2392 ἐν
3787 2338 3911 2410 ᾅδῃ,

2350 2426 2644 2496 Είσάγεσθε
2668 2427 2826 2480 πάλιν
2855 2428 2934 2490 εις
2949 2427 3040 2481 τὸν
3061 2429 3401 2497 παράδεισον.

3016 2605 3078 2657 '0
3106 2600 3270 2672 οἶκος

2420 2695 2579 2767 Τρεῖς
2634 2694 2900 2764 σταυροὺς
2929 2694 3188 2762 ἐπήξατο,
3219 2695 3277 2746 ἐν
3314 2695 3548 2764 Γολγοθᾷ
3585 2695 3614 2747 ό
3654 2696 3909 2761 Πιλᾶτος,

2349 2787 2442 2840 δύο
2473 2790 2584 2849 τοῖς
2616 2787 2969 2859 λῃστεύσασι,
2995 2786 3089 2838 καὶ
3117 2786 3212 2838 ἐνα
3234 2784 3326 2836 τοῦ
3355 2781 3634 2849 ζωοδότου,
3677 2787 3736 2838 ὃν
3770 2783 3915 2840 εἶδεν

2350 2880 2378 2930 6
2404 2877 2554 2948 ᾅδης,
2581 2879 2674 2929 καὶ
2708 2873 2828 2930 εἶπε
2870 2881 2980 2941 τοῖς
3013 2877 3196 2931 κάτω·
3232 2872 3303 2928 Ὦ
3329 2875 3633 2946 λειτουργοί
3666 2895 3790 2946 μου,
3822 2880 3915 2930 καὶ

2350 2967 2601 3037 δυνάμεις
2635 2984 2758 3035 μου,
2798 2968 2879 3031 τίς
2920 2969 2948 3020 ὁ
2992 2967 3241 3038 ἐμπήξας
3280 2962 3410 3038 ἧλον
3433 2970 3496 3037 τῇ
3533 2968 3726 3038 καρδία
3765 2984 3908 3036 μους

2353 3058 2534 3128 ξυλίνη
2565 3075 2630 3124 με
2663 3059 2828 3128 λόγχη
2857 3059 3142 3128 ἐκέντησεν
3167 3058 3338 3125 ἄφνω,
3365 3058 3457 3110 καὶ
3486 3057 3679 3128 διαρρή
3691 3073 3910 3124 σσομαι.

2353 3146 2394 3197 Τ
2399 3145 2433 3198 ὰ
2489 3146 2637 3198 ἔνδον
2695 3162 2795 3216 μου
2850 3147 3014 3209 πονῶ,
3063 3146 3162 3218 τήν
3200 3147 3406 3200 κοιλίαν
3454 3163 3555 3216 μου
3604 3145 3772 3210 ἀλγῶ.
3827 3145 3912 3197 Τὰ

2347 3237 2672 3308 αἱσθητήριά
2729 3255 2829 3307 μου
2879 3240 3177 3306 μαιμάσσει
3229 3239 3291 3290 τὸ
3347 3237 3560 3304 πνεῦμά
3614 3251 3740 3304 μου,
3815 3237 3913 3289 καὶ

2347 3331 2725 3400 ἀναγκάζομαι
2757 3328 3142 3399 ἐξερεύξασθαι
3191 3328 3280 3380 τὸν
3321 3327 3512 3396 ’Δδὰμ,
3560 3330 3653 3379 καὶ
3684 3328 3810 3389 τοὺς
3848 3327 3912 3392 ἐξ

2361 3419 2529 3490 Ἀδάμ
2559 3420 2698 3491 ξύλῳ
2727 3420 2978 3483 δοθέντας
3011 3435 3122 3489 μοι.
3154 3417 3322 3471 Ξύλον
3352 3417 3461 3485 γὰρ
3484 3416 3703 3480 τούτους
3748 3417 3911 3470 πάλιν

2349 3511 2556 3578 εἰσάγει
2587 3511 2666 3574 εἰς
2689 3511 2780 3564 τὸν
2803 3510 3146 3577 παράδεισον.

2986 3663 3118 3733 om
3157 3661 3248 3728 ς’.

2426 3815 2679 3884 Ἀνέστης
2722 3815 2786 3868 ἐκ
2822 3814 2917 3869 τοῦ
2961 3815 3132 3884 τάφου
3177 3813 3495 3886 τριήμερος,
3530 3817 3605 3880 ὡς
3638 3818 3667 3870 ὁ
3701 3815 3905 3879 ὑπνῶν,

2345 3909 2538 3979 Κύριε.
2574 3909 2699 3980 ᾅδου
2745 3908 3026 3980 πυλωροὺς
3069 3910 3315 3976 πατάξας
3364 3909 3484 3981 Θείᾳ
3515 3910 3763 3978 δυνάμει,
3812 3910 3909 3961 καὶ

2343 4002 2467 4062 τοὺς
2493 4001 2657 4052 πάλαι
2686 3999 2906 4070 ἐγείρας
2938 4001 3312 4071 προπάτορας,
3348 4003 3376 4054 ό
3409 4003 3567 4073 μόνος
3596 4001 3904 4070 εὐλογητὸς,

2342 4093 2454 4146 τῶν
2481 4094 2736 4162 πατέρων
2761 4092 2913 4156 Θεὸς,
2946 4093 3042 4145 καὶ
3076 4093 3448 4163 ύπερένδοξος.

2411 4273 2490 4343 Τῇ
2511 4270 2649 4343 λύρᾳ
2672 4270 2781 4323 τῶν
2810 4271 3070 4342 ᾀσμάτων
3089 4269 3424 4342 χορεύοντες,
3450 4267 3907 4339 άγαλλιασὼμεθα

2344 4366 2580 4434 σήμερον
2603 4361 2741 4426 λαοὶ,
2771 4366 2836 4432 τῇ
2880 4363 2974 4416 τοῦ
3013 4362 3247 4434 σταυροῦ
3293 4362 3682 4432 προσκυνήσει,
3713 4361 3806 4414 τὸν
3847 4363 3908 4416 ἐν

2341 4454 2513 4524 τούτῳ
2545 4455 2785 4523 παγέντα
2819 4454 3054 4524 Χριστὸν
3082 4455 3417 4522 δοξάζοντες,
3446 4453 3537 4509 τὸν
3567 4453 3725 4524 μόνον
3747 4453 3903 4506 εύλο-

2262 4544 2316 4604 Ι)
2341 4545 2503 4616 γητὸν
2530 4546 2636 4598 τῶν
2669 4545 2920 4616 πατέρων
2945 4546 3095 4611 Θεὸν,
3130 4547 3226 4598 καὶ
3255 4545 3627 4616 ὑπερένδοξον.

2422 4634 2482 4689 '0
2508 4635 2686 4700 δείξας
2721 4635 2780 4688 τὸ
2825 4635 3153 4707 Θνητότητος
3177 4635 3430 4706 ὄργανον,
3465 4634 3611 4704 ζωῆς
3632 4633 3907 4706 ἐργαστή-

2342 4741 2457 4795 ριον
2485 4726 2672 4794 κόσμῳ
2713 4725 3012 4790 ἀσπαστὸν,
3063 4725 3156 4778 τὸν
3198 4725 3287 4778 σὸν
3313 4725 3561 4796 σταυρὸν,
3585 4721 3902 4795 πανοικτίρ-

2344 4831 2466 4883 μον,
2497 4816 2624 4877 τοὺς
2658 4815 2818 4868 αύτὸν
2851 4815 3287 4886 προσκυνοῦντας
3309 4817 3555 4884 ἁγίασον,
3581 4818 3610 4869 6
3637 4815 3794 4884 μόνος
3811 4815 3900 4867 εύ-

2340 4905 2566 4976 λογητὸς
2591 4906 2698 4959 τῶν
2742 4906 2992 4978 πατέρων
3016 4906 3149 4970 Θεὸς
3173 4908 3278 4960 καὶ
3290 4906 3660 4978 ύπερένδοξος.

2420 5085 2478 5138 Ὀ
2503 5085 2659 5155 μόνος
2688 5088 2933 5159 ἐλεήμων
2963 5089 3055 5142 καὶ
3081 5088 3452 5160 εῦσπλαγχνος
3471 5087 3724 5158 φὼτισον,
3743 5088 3902 5155 ἁγία-

2339 5194 2453 5243 σον,
2495 5177 2623 5247 μόνε
2665 5177 2862 5248 Ἰησοῦ,
2891 5181 3016 5242 τοὺς
3034 5180 3479 5251 προσκυνοῦντας
3528 5195 3622 5232 σου
3696 5181 3901 5242 πιστῶς

2337 5269 2424 5321 τὸν
2455 5269 2706 5338 σταυρὸν,
2740 5272 2834 5323 καὶ
2865 5272 2931 5323 τὰ
2957 5271 3076 5323 Osi:
3115 5271 3439 5342 παθήματα,
3487 5272 3515 5323 6
3547 5271 3704 5341 μόνος
3753 5271 3899 5322 εύλοο

2336 5360 2497 5430 γητὸς
2526 5359 2634 5413 τῶν
2663 5362 2916 5433 πατέρων
2941 5361 3073 5424 Θεὸς
3107 5363 3200 5415 καὶ
3238 5362 3613 5434 ὑπερένδοξος.

2947 5453 3270 5521 Τριαδικόν.

2403 5542 2621 5596 Μονάδα
2647 5543 2704 5594 ἐν
2735 5543 2910 5613 τρισὶν
2941 5545 3301 5599 ὑποστάσεσιν
3333 5543 3486 5614 ύμνῶ
3514 5546 3611 5613 τὴν
3633 5543 3891 5614 Θεότητα.

2333 5631 2449 5694 Φῶς
2479 5632 2587 5701 γὰρ
2617 5635 2645 5686 ό
2671 5633 2879 5705 Πατήρ,
2912 5635 3024 5703 φῶς
3050 5637 3079 5688 6
3115 5637 3262 5701 Υἱὸς,
3294 5635 3408 5704 φῶς
3423 5635 3484 5687 τὸ
3518 5620 3766 5704 Πνεῦμα,
3797 5635 3892 5687 τοῦ

2333 5723 2506 5789 φωτὸς
2562 5722 2797 5793 ἀμεροῦς
2843 5725 3202 5796 διαμένοντος,
3269 5727 3480 5796 ἐνότητι
3539 5728 3741 5797 φυσικῇ
3804 5727 3894 5779 καὶ

2333 5816 2508 5867 ἀκτῖσι
2543 5815 2686 5885 τρισὶ
2716 5816 3016 5888 προσώπων
3051 5817 3371 5889 λάμποντος.
