4188 6470
213 357 394 420 1765
1266 376 1511 441 CANON
1556 386 1637 447 ΙΝ
1677 382 2219 448 ADORATIONEM
2239 386 2299 448 S.
2329 387 2620 450 CRUCIS.

878 485 1215 544 Θεοτόκιον.

1904 553 1906 560 ι
2530 503 2890 561 Theotocium.

298 568 397 623 Τδ
430 570 649 624 πάντων
693 574 988 644 προφητῶν
1035 579 1389 655 πολυώνυμον
1444 591 1511 644 σὺ
1568 593 1811 666 ὑπάρχεις

2002 592 2254 655 Omnium
2312 594 2696 664 prophetarum
2756 604 2812 649 tu
2872 598 3384 656 decantatissimum
3439 618 3500 658 es

208 662 538 757 κήρυγμα.
595 660 893 757 Πὶῦληὲγὰρ
927 666 1087 757 θεοῦ,
1124 672 1360 744 στάμνος
1397 684 1587 754 χρυσῆ,
1610 660 1811 756 γῆάξίε

1930 683 2282 752 praeconium.
2316 683 2472 739 Porta
2503 685 2647 739 enim
2678 684 2771 740 Dei
2805 702 2898 752 es,
2940 704 3076 743 urna
3110 704 3315 757 aurea;
3352 702 3497 748 terra

212 752 587 847 άιὶιεδείχθης,
620 752 860 847 Πλαρθένε
919 755 1190 830 θεόνυμφε
1211 802 1227 829 ,
1282 770 1531 838 κυήσασα
1556 752 1639 827 -ὲν
1667 752 1811 847 sapit

1929 782 2140 835 sancta,
2192 788 2226 827 o
2273 771 2437 841 Virgo
2490 772 2579 827 Dei
2626 771 2872 843 Sponsa,
2923 791 3046 845 quae
3089 752 3387 846 concepisti
3440 780 3491 833 in

226 839 470 909 Ἰησοῦ-ι
500 842 593 894 τὸν
653 843 913 915 Χριστὸν,
978 850 1072 904 τὸν
1111 853 1222 909 τῶν
1252 860 1508 932 πατέρων
1542 863 1695 932 Θεὸν,
1734 839 1811 923 κα

222 936 630 990 ῦπεοένδοέον.

1928 879 2093 918 carne
2125 862 2310 919 Jcsum
2338 861 2622 919 Christum
2648 906 2665 932 ,
2700 865 2795 935 qui
2841 878 2924 922 est
2954 868 3229 937 gloriosus
3271 867 3495 925 Patrum

1931 952 2068 990 nm...

212 952 349 988 υπε
362 952 630 1008 ρενοοςον.
1925 952 2093 1011 Deus.

3363 392 3498 457 1766

870 1039 1234 1096 Καταόασία.

303 1121 648 1215 Φλογὼσεως
721 1129 750 1183 6
779 1131 974 1196 παῖδας
1008 1133 1334 1205 ῥυσάμενος,
1371 1140 1550 1212 σάρκα
1592 1146 1827 1215 προσλα-

216 1209 501 1279 ϐόμενος,
530 1212 694 1286 ἦλθεν
722 1220 817 1274 ἐπὶ
842 1223 967 1292 γῆς,
993 1224 1088 1278 καὶ
1148 1229 1365 1303 σταυρῷ
1420 1209 1822 1307 προσηλωθεὶς,

217 1306 525 1374 σωτηρίαν
540 1309 693 1400 ’ἡμῖν
726 1310 1055 1383 ἐδωρήσατο,
1091 1319 1120 1371 6
1152 1320 1314 1390 μόνος
1374 1325 1666 1400 εὐλογητὸς
1716 1332 1824 1386 τῶν

216 1408 509 1465 πατερων
530 1397 684 1465 Θεὸς,
714 1401 809 1456 καὶ
831 1402 1207 1475 ύπερένδοξος.

904 1516 1035 1587 nm
1084 1518 1160 1576 2'.

306 1617 483 1691 Μύρα
498 1622 556 1675 ὲν
570 1624 726 1695 χερσὶ
750 1625 804 1679 τί
818 1629 1073 1700 κατέχετε
1092 1632 1227 1697 ὅλως
1246 1650 1262 1701 ;
1291 1634 1413 1691 τίνα
1426 1638 1484 1691 δὲ
1500 1637 1778 1710 ἐκζητεϊτε
1804 1659 1821 1710 ;

384 1711 417 1764 6
463 1716 652 1781 φανεὶς
686 1716 943 1784 νεανίαις,
981 1720 1040 1773 ὲν
1067 1722 1145 1793 τῷ
1167 1724 1322 1796 τάφῳ
1359 1725 1518 1796 βοῶν.
1563 1731 1821 1805 ἐξανέστη

2552 1046 2865 1105 Catabasia.

1996 1137 2101 1206 Qui
2143 1150 2254 1196 tres
2288 1155 2489 1210 pueros
2532 1140 2600 1196 de
2641 1142 2860 1197 camino
2895 1140 3038 1213 ignis
3076 1140 3371 1207 liberavit,
3404 1143 3494 1200 ille

1925 1238 2201 1300 assumpta
2231 1247 2398 1287 carne
2425 1232 2666 1297 advenit,
2702 1242 2755 1288 et
2780 1233 2933 1287 cruci
2967 1232 3139 1288 clavis
3181 1234 3373 1289 aﬁixus
3402 1251 3492 1291 sa-

1923 1319 2089 1376 lutem
2124 1322 2280 1377 nobis
2328 1323 2542 1385 reddit,
2588 1323 2681 1394 qui
2730 1324 2885 1380 solus
2939 1332 3025 1380 est
3075 1324 3395 1384 benedictus
3434 1336 3491 1383 et

1921 1412 2192 1484 gloriosus
2222 1412 2446 1469 Patrum
2478 1414 2645 1471 Deus.

2558 1527 2696 1585 ODA
2737 1526 2848 1585 VII.

1990 1639 2103 1696 Cur
2134 1649 2409 1710 unguenta
2447 1639 2600 1697 fertis
2652 1640 2708 1695 in
2741 1641 2955 1696 manu?
2991 1640 3163 1709 Quem
3202 1644 3492 1715 quaeritis?

1921 1730 2025 1797 Qui
2058 1730 2236 1785 tribus
2275 1729 2465 1800 pueris
2494 1730 2784 1800 apparuit,
2826 1731 3095 1786 clamabat
3128 1732 3182 1786 in
3237 1734 3492 1803 sepulcro

218 1803 253 1903 ό
278 1802 540 1903 *Χριστὸς
568 1808 661 1903 καὶ
692 1808 825 1871 Θεὸς
855 1810 1031 1882 ἡμῶν,
1057 1814 1370 1888 ἀναστήσας
1412 1820 1574 1889 φύσιν
1612 1802 1811 1896 βροτῶν

1921 1824 2172 1893 angelus,
2206 1827 2251 1879 is
2280 1824 2585 1879 resurrexit
2612 1822 2866 1878 Christus
2895 1821 3040 1879 Deus
3068 1833 3277 1889 noster,
3301 1802 3493 1880 simul-

221 1893 368 1964 ᾅδου
402 1895 757 1968 κευθμώνων.

303 1986 558 2079 Χαίροις,
594 1989 656 2043 τὸ
685 1991 992 2062 τρισόλϐιον
1024 1994 1200 2063 ξύλον,
1232 2001 1327 2055 καὶ
1376 2001 1542 2066 θεῖον,
1586 2007 1809 2079 σταυρὲ,

222 2075 354 2170 ιρώς
396 2078 510 2140 τοῖς
544 2080 600 2130 ὲν
618 2081 821 2170 σκότει,
851 2085 1284 2160 ότετραπεράτῳ
1314 2093 1504 2165 κόσμῳ
1523 2098 1590 2167 τῇ
1617 2075 1815 2170 ὲλλάμέ

218 2166 337 2259 (per
465 2171 530 2240 σῇ
558 2169 823 2241 ὲγέρσεως
844 2176 1080 2246 Χριστοῦ
1120 2182 1441 2251 προδεικνὺς
1466 2166 1798 2259 τάςαύγάς.

238 2254 508 2320 ’Λξίωσον
538 2262 746 2327 πάντας
771 2261 997 2331 πιστοὺς
1023 2267 1227 2338 φθάσαι
1256 2272 1317 2326 τὸ
1358 2275 1571 2347 Πάσχα.

302 2431 493 2527 ξΓαύτῃ
538 2436 604 2507 τῇ
636 2437 816 2511 ἡμέρα
848 2441 1062 2513 μυρίζει
1088 2443 1156 2498 τὰ
1204 2446 1353 2517 μύρα
1379 2448 1480 2522 τῆς
1507 2452 1659 2518 θείας
1704 2472 1811 2527 μυ-

230 2524 498 2621 ροθηκης,
533 2528 593 2581 τὸ
628 2527 1002 2621 ζωομύριστον
1030 2535 1189 2603 ξύλον
1234 2541 1262 2593 6
1293 2545 1529 2616 σταυρὸς
1556 2546 1652 2602 τοῦ
1672 2524 1810 2621 ὶέρι-

228 2614 387 2711 στοῦ.
430 2614 851 2691 Ὀσφρανθῶμεν
879 2624 977 2695 τῆς
1019 2627 1183 2680 αὐτοῦ
1211 2614 1570 2690 θεοπνεύνστου
1614 2614 1807 2711 ὀδμῆς,

227 2708 400 2759 αὑτὸν
453 2712 883 2780 προσκυνοῦντες
930 2718 1140 2783 πιστῶς
1169 2719 1249 2782 εἰς
1277 2725 1405 2789 τοὺς
1442 2729 1663 2794 αἰῶνας.

304 2799 499 2871 Δεῦρο,
545 2803 818 2858 Ἐλισσαῖε
876 2809 1151 2881 προφῆτα.
1191 2814 1313 2867 εἰπὲ
1354 2818 1634 2886 ἐμφανῶς,
1667 2822 1721 2876 τί
1746 2825 1807 2879 τὸ

229 2886 389 2953 ξύλον
420 2892 614 2956 ἐκεῖνο,
633 2893 770 2982 ὃῗείς
788 2896 848 2950 τὸ
877 2897 1022 2970 ὕδωρ
1055 2901 1333 2972 καθῆκεςς
1382 2907 1439 2959 ’0
1470 2912 1806 2982 παυρὸςτοῦ

229 2983 492 3051 Χριστοῦ,
521 2986 589 3041 δι’
621 2981 683 3042 οὗ
715 2988 911 3058 βάθους
959 2992 1062 3062 τῆς
1115 2994 1321 3067 φθορᾶς
1351 2981 1804 3075 άνειλκύσθημεν,

231 3075 397 3129 αὑτὸν
422 3082 857 3147 προσκυνοῦντες
885 3084 1092 3150 πιστῶς
1113 3088 1194 3152 είς
1226 3089 1354 3152 τοὺς
1385 3091 1609 3159 αἰῶνας.

1917 1927 2026 1984 que
2050 1913 2362 1969 mortalium
2394 1922 2646 1968 naturam
2673 1928 2738 1968 ex
2769 1912 2966 1969 inferni
2997 1916 3171 1971 antris
3196 1916 3418 1987 eripuit.

1990 2001 2183 2067 Salve,
2229 2019 2263 2057 ο
2296 2012 2379 2058 ter
2408 2002 2630 2059 beatum
2658 2002 2889 2074 lignum,
2926 2014 2983 2061 et
3006 2004 3285 2073 divinum,
3313 2022 3446 2061 crux
3468 2046 3486 2066 .

1914 2092 2099 2150 lumen
2146 2094 2272 2161 his,
2321 2095 2413 2167 qui
2446 2096 2502 2149 in
2530 2094 2772 2152 tenebris
2845 2096 3071 2167 degunt,
3112 2112 3233 2168 quae
3283 2098 3488 2153 mundo

1912 2198 2142 2259 quatuor
2172 2187 2370 2243 ﬁnibus
2414 2188 2690 2243 constanti
2739 2188 3111 2245 illustratione
3170 2199 3261 2245 tua
3302 2190 3487 2245 radios

1910 2280 2330 2337 resurrectionis
2371 2280 2576 2336 Christi
2627 2281 3090 2351 praemonstrasti.
3128 2280 3383 2353 Dignare,
3426 2292 3489 2337 ut

1912 2386 2103 2428 omnes
2129 2371 2313 2428 ﬁdeles
2344 2371 2409 2426 ad
2446 2371 2658 2428 Pascha
2691 2372 3025 2446 pertingant.

1985 2463 2096 2519 Hac
2129 2462 2219 2518 die
2258 2464 2480 2519 odorem
2515 2465 2700 2519 halant
2731 2474 3014 2535 unguenta
3045 2480 3114 2520 ex
3145 2462 3346 2520 divinis
3372 2478 3486 2536 my-

1911 2557 2191 2623 rotheciis,
2227 2572 2359 2613 crux
2390 2556 2652 2611 nimirum
2691 2557 2845 2613 vitali
2890 2566 3171 2627 unguento
3221 2557 3481 2612 delibuta.

1911 2648 2217 2705 Odoremur
2250 2649 2553 2714 coelestem,
2591 2664 2755 2720 quam
2793 2648 2963 2714 halat,
2996 2663 3225 2715 auram;
3252 2663 3485 2719 eamque

1909 2756 2032 2797 cum
2065 2741 2167 2795 ﬁde
2205 2741 2497 2795 adoremus
2535 2741 2592 2794 in
2627 2740 2844 2795 saecula.

1980 2832 2205 2897 Adesto,
2239 2830 2455 2898 Elisa'e,
2484 2831 2575 2886 dic
2605 2833 2785 2902 palam
2814 2872 2832 2900 ,
2857 2831 3115 2903 quidnam
3161 2830 3367 2902 lignum
3412 2832 3482 2887 il-

1906 2924 2021 2992 lud,
2052 2925 2199 2997 quod
2246 2927 2299 2981 in
2336 2941 2535 2997 aquam
2578 2927 2891 2983 demisisti?
2924 2928 3068 2983 Crux
3102 2927 3339 2993 Christi,
3372 2943 3481 2997 qua

1906 3029 1971 3068 ex
2006 3014 2279 3083 profundo
2313 3014 2570 3071 interitus
2600 3018 2834 3072 extracti
2868 3032 3107 3073 sumus:
3136 3032 3259 3072 eam
3288 3021 3485 3073 adora-

1906 3117 2031 3157 mus
2063 3102 2291 3157 ﬁdeliter
2321 3104 2375 3157 in
2407 3104 2626 3159 saecula.

305 3167 709 3235 ΠάλαιῚακὼϐ,
744 3174 1040 3243 προτυπῶν
1056 3176 1150 3233 τὸν
1170 3183 1403 3252 σταυρόν
1430 3200 1544 3249 σου,
1572 3186 1797 3258 Χριστὲ,

1973 3192 2142 3249 Jacob
2175 3195 2305 3249 olim
2341 3195 2703 3267 praeﬁgurans
2738 3212 2957 3252 crucem
3004 3207 3151 3251 tuam
3179 3238 3195 3262 ,
3234 3197 3479 3264 Christe,

243 3259 442 3350 Ἰωσὴφ
476 3264 798 3333 προσεκύνει
831 3267 930 3337 τῆς
964 3268 1115 3334 θείας
1175 3273 1373 3342 ῥάϐδου
1427 3276 1520 3329 τὸν
1586 3280 1755 3350 ἄκρον
1785 3321 1801 3346 ,

235 3348 512 3423 σκῆπτρον
540 3356 741 3426 ταύτην
800 3358 1047 3429 φρικτὸν,
1120 3360 1399 3433 βασιλείας
1444 3384 1505 3421 τε
1554 3348 1674 3439 τῆς
1705 3372 1805 3442 σῆς

232 3442 634 3515 προορώμενος,
663 3446 727 3500 ὂν
749 3445 843 3502 νῦν
872 3452 1306 3522 προσκυνοῦντες
1335 3457 1542 3523 πιστῶς
1571 3460 1651 3525 είς
1675 3462 1803 3527 τοὺς

233 3534 455 3599 αίῶνας.

825 3629 1166 3700 Τριαδικόν.

305 3721 444 3775 Μίαν
477 3724 535 3777 ὲν
566 3728 713 3795 τρισὶ
751 3733 1126 3804 χαρακτῆρσιν
1148 3735 1341 3790 οὐσίαν
1368 3736 1580 3802 δοξάζω
1625 3739 1800 3809 ἀσυγ-

236 3813 426 3882 χύτως,
460 3821 897 3890 μονοπροσώπως
921 3826 988 3879 τά
1019 3826 1169 3897 τρία.
1204 3828 1337 3882 Οὐδὲ
1379 3830 1562 3901 τέμνω
1612 3834 1797 3904 μορφῇ

235 3906 322 3958 τὸν
350 3907 561 3979 Πατέρα
591 3916 683 3965 καὶ
711 3912 839 3967 Υξὸν
876 3917 974 3970 σὺν
1002 3917 1079 3989 τῷ
1111 3920 1409 3990 Πνεύματι.
1441 3916 1537 3985 Εἷς
1564 3923 1674 3994 γὰρ
1705 3925 1800 3978 ἐπὶ

239 3998 446 4051 πάντων
476 4000 606 4065 Θεὸς
646 4005 726 4067 είς
752 4006 878 4067 τοὺς
904 4007 1123 4072 αἰῶνας.

836 4098 1174 4154 Θεοτόκιον.

303 4180 445 4251 Μόνη
478 4182 535 4234 ὲν
586 4186 854 4255 μητράσιν
896 4189 1159 4262 ἐδείχθης,
1197 4193 1471 4263 Παρθένος
1529 4195 1796 4267 θεόνυμφε

240 4276 434 4344 Μαρία,
466 4276 593 4330 ἄνευ
635 4279 824 4350 ἀνδρὸς
866 4288 1116 4338 τετοκυῖα
1154 4286 1243 4339 τὸν
1271 4289 1499 4357 Σωτῆρα
1563 4290 1797 4361 Χριστὸν

240 4366 332 4435 τῆς
361 4368 578 4437 άγνείας
606 4370 703 4439 τὴν
734 4377 1008 4444 σφραγίδα
1036 4378 1339 4448 φυλάξασα.
1377 4382 1445 4435 Σὲ
1490 4385 1793 4456 μακαριοῦ-

228 4504 231 4507 ,
244 4472 334 4525 μεν
384 4458 565 4511 πιστοὶ
589 4461 669 4523 είς
698 4462 820 4525 τοὺς
860 4465 1083 4528 αίῶνας.

818 4554 1181 4613 Καταόασία.
1821 4532 1869 4593 D

303 4639 493 4710 Χεῖρας
526 4640 586 4693 ἐν
614 4639 693 4711 τῷ
725 4642 913 4716 λάκκῳ
943 4633 1159 4718 βληθεὶς
1180 4650 1288 4703 τῶν
1309 4650 1542 4706 λεόντων
1588 4654 1736 4719 ποτε,
1764 4657 1793 4709 ὁ

246 4730 400 4816 μέγας
433 4732 491 4784 ὲν
518 4734 825 4803 προφήταις
868 4740 1229 4809 σταυροειδῶς
1258 4744 1568 4807 ἓκπετάσας
1592 4746 1793 4816 Δανιὴλ

244 4815 484 4891 ἀϐλαϐὴς,
519 4824 582 4875 ὲκ
606 4825 703 4893 τῆς
726 4826 1359 4902 τούτωντκαταϐρὼσεως
1385 4836 1672 4905 σέσωσται,
1700 4839 1793 4893 εύ-

240 4911 396 4977 λογῶν
428 4913 683 4981 Χριστὸν,
715 4916 806 4971 τὸν
840 4918 972 4972 Θεὸν
1008 4922 1087 4985 είς
1108 4923 1235 4987 τοὺς
1257 4925 1475 4990 αἰῶνας.

879 5051 1010 5123 pan
1058 5052 1137 5108 H.

316 5157 393 5210 ’Ev
421 5159 577 5231 τάφῳ
607 5159 897 5231 κατῆλθες,
918 5165 947 5218 6
970 5165 1239 5238 ζωοδότης
1257 5168 1526 5239 καὶίΘεὸς,
1549 5172 1644 5227 καὶ⁸
1668 5191 1794 5228 συν-

250 5246 447 5316 έτριψας
500 5251 699 5315 πάντα,
734 5252 960 5324 κλεῖθρά
991 5272 1049 5308 τε
1092 5259 1185 5309 καὶ
1227 5259 1351 5321 τοὺς
1402 5260 1652 5331 μοχλοὺς,
1698 5266 1793 5317 καὶ⁴

248 5341 352 5401 τοὺς
382 5343 603 5411 νεκροὺς
631 5344 1015 5415 ὲξανέστησας,
1042 5347 1167 5413 δόξα
1190 5351 1256 5421 τῇ
1276 5352 1342 5421 σῇ
1363 5350 1599 5421 ὲγέρσει,
1624 5350 1789 5423 βοῶν-

250 5446 347 5493 τας,
374 5431 572 5501 Χριστὲ
602 5433 790 5505 Σωτὴρ
824 5436 1199 5510 παντοδύναμε

317 5519 365 5576 '0
387 5525 549 5593 τάφος
618 5524 763 5597 ζωήν
792 5544 903 5597 μοι,
940 5528 1163 5600 Χριστὲ,
1199 5531 1489 5587 ἀνέϐλυσεν
1523 5534 1551 5588 6
1581 5536 1691 5601 σός.
1732 5536 1792 5592 Ὀ

253 5613 441 5682 κρατῶν
478 5616 577 5686 τῆς
607 5618 750 5688 ζωῆς
781 5619 910 5688 γὰρ,
941 5622 1167 5685 ἐπιστὰς
1206 5623 1438 5695 ἐϐόησας
1464 5626 1577 5690 τοῖς
1601 5644 1790 5682 κατοιο

255 5703 411 5759 κοῦσιν
442 5708 497 5760 ἐν
525 5708 822 5779 μνήμασινο
845 5712 906 5764 Oi
928 5712 987 5763 ὲν
1012 5711 1256 5786 δεσμοῖς,
1290 5715 1507 5787 λύθητε.
1526 5716 1665 5788 Ἐγὼ
1679 5719 1789 5792 γὰρ

256 5792 333 5847 τοῦ
357 5795 554 5868 κόσμου
596 5798 790 5870 λύτρον
816 5798 1070 5871 εληλυθα.

1904 3288 2166 3342 adorabat
2212 3286 2490 3359 fastigium
2538 3288 2739 3344 divinae
2786 3290 2951 3360 virgae
2979 3291 3188 3360 Joseph
3216 3329 3231 3354 ,
3288 3290 3481 3360 pravi.

1903 3379 2039 3434 dens
2088 3396 2207 3434 eam
2249 3396 2372 3437 esse
2417 3381 2569 3453 regni
2628 3382 2704 3437 tui
2759 3392 3033 3453 sceptrum
3084 3383 3430 3438 tremendum
3460 3422 3478 3449 ,

1903 3482 2066 3536 quam
2105 3483 2253 3523 nunc
2278 3469 2511 3524 ﬁdeliter
2544 3470 2600 3523 in
2629 3470 2828 3526 saecula
2862 3469 3182 3526 adoramus.

2516 3645 2843 3701 Triadicum.

1973 3736 2147 3794 Unam
2177 3738 2231 3792 in
2277 3738 2452 3793 tribus
2486 3738 2739 3807 personis
2776 3738 3141 3794 substantiam
3192 3737 3480 3796 inconfuse

1902 3826 2164 3897 gloriﬁco.
2189 3825 2373 3897 Neque
2398 3838 2509 3883 tres
2540 3835 2734 3882 natura
2762 3828 2947 3883 divido
2977 3829 3218 3895 Patrem,
3248 3828 3473 3897 Filium,

1900 3929 1955 3975 et
1988 3918 2249 3989 Spiritum
2278 3930 2552 3975 sanctum.
2600 3918 2750 3975 Unus
2794 3922 2940 3975 enim
2968 3919 3113 3977 Deus
3149 3930 3232 3978 est
3268 3922 3323 3977 in
3355 3939 3475 3978 om-

1900 4011 2084 4066 nibus.

2507 4100 2868 4157 Theotocium.

1968 4194 2093 4247 Sola
2123 4192 2263 4247 inter
2291 4202 2493 4247 matres
2526 4190 2695 4263 Virgo
2724 4206 2786 4247 es
2806 4230 2823 4256 ,
2880 4192 2973 4247 Dei
3015 4208 3216 4262 sponsa
3262 4192 3433 4248 Maria
3455 4236 3471 4261 ,

1898 4300 2017 4353 qum
2045 4286 2163 4339 sine
2188 4285 2306 4339 viro
2338 4283 2597 4355 peperisti
2640 4281 2977 4339 Salvatorem
3011 4282 3295 4339 Christum
3320 4322 3335 4349 ,
3371 4299 3475 4355 pu-

1897 4376 2096 4430 dicitia:
2133 4384 2238 4430 tuae
2267 4376 2551 4446 signaculo
2581 4375 2882 4432 custodito.
2919 4371 2998 4430 Te
3041 4390 3140 4432 nos
3193 4374 3381 4433 ﬁdeles
3417 4378 3471 4433 in

1896 4468 2095 4523 sarcula
2131 4468 2348 4523 beatam
2377 4468 2824 4539 praedicabiinus.

2521 4556 2839 4612 Catabasia.

1964 4648 2190 4720 Magnus
2220 4649 2483 4721 propheta
2520 4650 2706 4705 Daniel
2733 4651 2939 4706 missus
2975 4650 3253 4719 quondam
3300 4650 3355 4704 in
3380 4650 3468 4703 la-

1891 4758 2012 4798 Cum
2062 4743 2277 4797 leonum
2298 4784 2314 4810 ,
2348 4742 2603 4798 manibus
2631 4744 2815 4799 crucis
2848 4742 2903 4798 in
2940 4744 3177 4813 speciem
3211 4744 3468 4812 expansis

1892 4835 2179 4890 incolumis
2224 4824 2288 4889 ex
2337 4835 2589 4891 iaucihus
2638 4836 2942 4891 bestiarum
2988 4834 3196 4899 evasit,
3242 4834 3466 4888 benedio

1891 4945 2019 4985 cens
2048 4928 2329 4984 Christum
2356 4930 2527 4985 Deum
2569 4930 2623 4984 in
2654 4929 2875 4985 saecula.

2515 5060 2655 5117 ODA
2694 5061 2832 5117 VIII.

1963 5173 2046 5229 'l'u
2084 5173 2177 5244 qui
2210 5173 2332 5228 vita:
2358 5174 2586 5245 largitor
2616 5190 2678 5230 es
2718 5184 2775 5230 et
2812 5173 2990 5239 Deus,
3044 5174 3097 5229 in
3150 5175 3459 5246 sepulcrum

1890 5266 2260 5332 descendisti,
2312 5277 2367 5322 et
2413 5269 2597 5323 omnia
2632 5268 2867 5323 claustra
2911 5278 3201 5338 vectusque
3244 5268 3460 5322 confre-

1891 5360 2039 5430 gisti,
2064 5368 2118 5414 et
2143 5360 2341 5414 mortui
2371 5369 2819 5425 resurrexerunt,
2867 5360 3041 5431 gloria
3070 5361 3459 5415 resurrectioui

1892 5459 2019 5513 tuae,
2048 5451 2263 5506 Christe
2298 5449 2548 5506 Salvator
2578 5453 2946 5522 omnipotens.

1965 5542 2283 5613 Sepulcrum
2315 5554 2492 5603 tuum.
2545 5544 2786 5610 Christe,
2817 5544 2985 5598 vitam
3020 5544 3151 5598 mihi
3178 5543 3455 5615 produxit.

1893 5632 2156 5690 Dominus
2178 5635 2321 5689 enim
2347 5636 2491 5701 vitae,
2511 5637 2879 5691 habitantibus
2898 5638 2951 5691 iu
2980 5638 3243 5707 sepulcris
3264 5651 3457 5707 magna

1894 5738 2026 5781 voce
2060 5725 2391 5781 acclamasti.
2430 5726 2713 5782 Solvimini
2740 5769 2755 5791 .
2788 5728 2880 5797 qui
2920 5727 2973 5781 in
3018 5728 3253 5782 vinculis
3297 5726 3458 5784 estis.

1896 5814 2009 5885 Ego
2038 5817 2202 5883 enim,
2235 5818 2327 5887 qui
2365 5818 2549 5872 mundi
2585 5834 2704 5874 sum
2738 5819 2954 5881 solutio.
2986 5819 3098 5889 jam
3131 5817 3344 5874 adveni.
