  <div class='ocr_page' id='page_1' title='image "/cluster/home/n/w/nwhite01/storage/ocr_20150623/99/uva.x002264937/923.png"; bbox 0 0 4188 6474; ppageno 0'>
   <div class='ocr_carea' id='block_1_1' title="bbox 730 382 3968 468">
    <p class='ocr_par' dir='ltr' id='par_1_1' title="bbox 730 382 3968 468">
     <span class='ocr_line' id='line_1_1' title="bbox 730 382 3968 468; baseline -0.01 0"><span class='ocrx_word' id='word_1_1' title='bbox 730 404 869 468; x_wconf 80' lang='grc'><strong>1767</strong></span> <span class='ocrx_word' id='word_1_2' title='bbox 1915 403 1974 461; x_wconf 87' lang='lat' dir='ltr'><strong>S.</strong></span> <span class='ocrx_word' id='word_1_3' title='bbox 2012 397 2398 460; x_wconf 80' lang='lat' dir='ltr'><strong>THEODORI</strong></span> <span class='ocrx_word' id='word_1_4' title='bbox 2424 395 2767 455; x_wconf 65' lang='grc' dir='ltr'><strong>ΒΤΗΒΙΤΒ</strong></span> <span class='ocrx_word' id='word_1_5' title='bbox 3839 382 3968 440; x_wconf 73' lang='lat'><strong>1763</strong></span> 
     </span>
    </p>
   </div>
   <div class='ocr_carea' id='block_1_2' title="bbox 798 491 2452 580">
    <p class='ocr_par' dir='ltr' id='par_1_2' title="bbox 798 503 2366 580">
     <span class='ocr_line' id='line_1_2' title="bbox 798 503 2366 580; baseline -0.006 -16"><span class='ocrx_word' id='word_1_6' title='bbox 798 513 854 565; x_wconf 88' lang='lat' dir='ltr'><strong>In</strong></span> <span class='ocrx_word' id='word_1_7' title='bbox 902 509 1114 580; x_wconf 82' lang='lat' dir='ltr'><strong>hymnis</strong></span> <span class='ocrx_word' id='word_1_8' title='bbox 1134 507 1401 562; x_wconf 73' lang='lat' dir='ltr'><strong>exsultent</strong></span> <span class='ocrx_word' id='word_1_9' title='bbox 1447 505 1631 560; x_wconf 83' lang='lat' dir='ltr'><strong>omnia</strong></span> <span class='ocrx_word' id='word_1_10' title='bbox 1669 503 1812 574; x_wconf 69' lang='lat' dir='ltr'><strong>ligna</strong></span> <span class='ocrx_word' id='word_1_11' title='bbox 1850 505 1998 558; x_wconf 63' lang='lat' dir='ltr'><strong>silva</strong></span> <span class='ocrx_word' id='word_1_12' title='bbox 2025 503 2289 558; x_wconf 79' lang='lat' dir='ltr'><strong>intuentia</strong></span> <span class='ocrx_word' id='word_1_13' title='bbox 2322 507 2366 564; x_wconf 76' lang='grc' dir='ltr'><strong>Α</strong></span> 
     </span>
    </p>
   </div>
   <div class='ocr_carea' id='block_1_3' title="bbox 2310 491 3964 580">
    <p class='ocr_par' dir='ltr' id='par_1_3' title="bbox 2322 491 3964 568">
     <span class='ocr_line' id='line_1_3' title="bbox 2322 491 3964 568; baseline -0.006 -16"><span class='ocrx_word' id='word_1_14' title='bbox 2322 507 2366 564; x_wconf 75' lang='grc' dir='ltr'>Α</span> <span class='ocrx_word' id='word_1_15' title='bbox 2477 499 2564 552; x_wconf 85' lang='grc' dir='ltr'>Ἐν</span> <span class='ocrx_word' id='word_1_16' title='bbox 2597 497 2787 568; x_wconf 80' lang='grc' dir='ltr'>ὕμνοις</span> <span class='ocrx_word' id='word_1_17' title='bbox 2817 496 3091 567; x_wconf 80' lang='grc' dir='ltr'>σκιρτάτω</span> <span class='ocrx_word' id='word_1_18' title='bbox 3119 495 3298 549; x_wconf 81' lang='grc' dir='ltr'>πάντα</span> <span class='ocrx_word' id='word_1_19' title='bbox 3326 494 3398 546; x_wconf 80' lang='grc' dir='ltr'>τὰ</span> <span class='ocrx_word' id='word_1_20' title='bbox 3429 493 3560 558; x_wconf 76' lang='grc' dir='ltr'>ξύλα</span> <span class='ocrx_word' id='word_1_21' title='bbox 3586 491 3683 546; x_wconf 76' lang='grc' dir='ltr'><strong>τοῦ</strong></span> <span class='ocrx_word' id='word_1_22' title='bbox 3736 491 3964 562; x_wconf 69' lang='grc' dir='ltr'>δρυμοῦ,</span> 
     </span>
    </p>
   </div>
   <div class='ocr_carea' id='block_1_4' title="bbox 731 582 2385 666">
    <p class='ocr_par' dir='ltr' id='par_1_4' title="bbox 731 595 2291 666">
     <span class='ocr_line' id='line_1_4' title="bbox 731 595 2291 666; baseline -0.006 -9"><span class='ocrx_word' id='word_1_23' title='bbox 731 602 1000 657; x_wconf 87' lang='lat' dir='ltr'><strong>hodierno</strong></span> <span class='ocrx_word' id='word_1_24' title='bbox 1047 598 1135 652; x_wconf 89' lang='lat' dir='ltr'><strong>die</strong></span> <span class='ocrx_word' id='word_1_25' title='bbox 1169 598 1414 666; x_wconf 89' lang='lat' dir='ltr'><strong>ejusdem</strong></span> <span class='ocrx_word' id='word_1_26' title='bbox 1451 596 1688 650; x_wconf 82' lang='lat' dir='ltr'><strong>nominis</strong></span> <span class='ocrx_word' id='word_1_27' title='bbox 1719 596 1924 664; x_wconf 76' lang='lat' dir='ltr'><strong>lignum</strong></span> <span class='ocrx_word' id='word_1_28' title='bbox 1977 595 2171 649; x_wconf 90' lang='lat' dir='ltr'><strong>Crucis</strong></span> <span class='ocrx_word' id='word_1_29' title='bbox 2201 609 2291 647; x_wconf 85' lang='lat' dir='ltr'><strong>os-</strong></span> 
     </span>
    </p>
   </div>
   <div class='ocr_carea' id='block_1_5' title="bbox 2308 582 3962 666">
    <p class='ocr_par' dir='ltr' id='par_1_5' title="bbox 2390 582 3962 657">
     <span class='ocr_line' id='line_1_5' title="bbox 2390 582 3962 657; baseline -0.004 -16"><span class='ocrx_word' id='word_1_30' title='bbox 2390 588 2452 641; x_wconf 79' lang='grc' dir='ltr'>τὸ</span> <span class='ocrx_word' id='word_1_31' title='bbox 2483 585 2774 657; x_wconf 83' lang='grc' dir='ltr'>ὁμώνυμον</span> <span class='ocrx_word' id='word_1_32' title='bbox 2801 585 2956 653; x_wconf 85' lang='grc' dir='ltr'>ξύλον</span> <span class='ocrx_word' id='word_1_33' title='bbox 2983 583 3078 638; x_wconf 83' lang='grc' dir='ltr'>τοῦ</span> <span class='ocrx_word' id='word_1_34' title='bbox 3114 582 3350 654; x_wconf 77' lang='grc' dir='ltr'>σταυροῦ</span> <span class='ocrx_word' id='word_1_35' title='bbox 3392 583 3641 651; x_wconf 80' lang='grc' dir='ltr'><strong>θεώμενα</strong></span> <span class='ocrx_word' id='word_1_36' title='bbox 3674 599 3962 636; x_wconf 76' lang='grc' dir='ltr'>κατασπα-</span> 
     </span>
    </p>
   </div>
   <div class='ocr_carea' id='block_1_6' title="bbox 730 671 2384 759">
    <p class='ocr_par' dir='ltr' id='par_1_6' title="bbox 730 677 2294 759">
     <span class='ocr_line' id='line_1_6' title="bbox 730 677 2294 759; baseline -0.005 -11"><span class='ocrx_word' id='word_1_37' title='bbox 730 694 869 748; x_wconf 83' lang='lat' dir='ltr'><strong>culis</strong></span> <span class='ocrx_word' id='word_1_38' title='bbox 898 701 950 744; x_wconf 75' lang='lat' dir='ltr'><strong>et</strong></span> <span class='ocrx_word' id='word_1_39' title='bbox 976 690 1315 759; x_wconf 68' lang='lat' dir='ltr'><strong>amplexibus</strong></span> <span class='ocrx_word' id='word_1_40' title='bbox 1344 688 1622 749; x_wconf 86' lang='lat' dir='ltr'><strong>honorari,</strong></span> <span class='ocrx_word' id='word_1_41' title='bbox 1656 677 1814 754; x_wconf 76' lang='lat' dir='ltr'><strong>cujus</strong></span> <span class='ocrx_word' id='word_1_42' title='bbox 1847 687 2101 740; x_wconf 77' lang='lat' dir='ltr'><strong>Christus</strong></span> <span class='ocrx_word' id='word_1_43' title='bbox 2131 694 2294 755; x_wconf 88' lang='lat' dir='ltr'><strong>caput</strong></span> 
     </span>
    </p>
   </div>
   <div class='ocr_carea' id='block_1_7' title="bbox 2309 671 3963 759">
    <p class='ocr_par' dir='ltr' id='par_1_7' title="bbox 2394 671 3963 749">
     <span class='ocr_line' id='line_1_7' title="bbox 2394 671 3963 749; baseline -0.005 -17"><span class='ocrx_word' id='word_1_44' title='bbox 2394 678 2618 749; x_wconf 76' lang='grc' dir='ltr'><strong>ξάμενον</strong></span> <span class='ocrx_word' id='word_1_45' title='bbox 2653 681 2908 749; x_wconf 84' lang='grc' dir='ltr'>σήμερον.</span> <span class='ocrx_word' id='word_1_46' title='bbox 2939 671 3014 732; x_wconf 74' lang='grc' dir='ltr'>Οὗ</span> <span class='ocrx_word' id='word_1_47' title='bbox 3047 679 3075 730; x_wconf 87' lang='grc' dir='ltr'><strong>ό</strong></span> <span class='ocrx_word' id='word_1_48' title='bbox 3097 677 3327 741; x_wconf 77' lang='grc' dir='ltr'>Χριστὸς</span> <span class='ocrx_word' id='word_1_49' title='bbox 3382 676 3564 746; x_wconf 73' lang='grc' dir='ltr'>ῦψωσε</span> <span class='ocrx_word' id='word_1_50' title='bbox 3624 675 3731 744; x_wconf 79' lang='grc' dir='ltr'>τὴν</span> <span class='ocrx_word' id='word_1_51' title='bbox 3764 676 3963 742; x_wconf 62' lang='grc' dir='ltr'>τιάραν,</span> 
     </span>
    </p>
   </div>
   <div class='ocr_carea' id='block_1_8' title="bbox 732 763 2386 853">
    <p class='ocr_par' dir='ltr' id='par_1_8' title="bbox 732 779 1940 853">
     <span class='ocr_line' id='line_1_8' title="bbox 732 779 1940 853; baseline -0.005 -13"><span class='ocrx_word' id='word_1_52' title='bbox 732 787 1010 853; x_wconf 70' lang='grc' dir='ltr'>εκοῑιονιι,</span> <span class='ocrx_word' id='word_1_53' title='bbox 1055 793 1111 836; x_wconf 81' lang='grc' dir='ltr'><strong>ιιι</strong></span> <span class='ocrx_word' id='word_1_54' title='bbox 1146 783 1468 836; x_wconf 82' lang='lat' dir='ltr'><strong>vaticinatur</strong></span> <span class='ocrx_word' id='word_1_55' title='bbox 1505 780 1723 834; x_wconf 87' lang='lat' dir='ltr'><strong>divinus</strong></span> <span class='ocrx_word' id='word_1_56' title='bbox 1753 779 1940 834; x_wconf 89' lang='lat' dir='ltr'><strong>David.</strong></span> 
     </span>
    </p>
   </div>
   <div class='ocr_carea' id='block_1_9' title="bbox 1606 763 3260 853">
    <p class='ocr_par' dir='ltr' id='par_1_9' title="bbox 1606 763 3260 838">
     <span class='ocr_line' id='line_1_9' title="bbox 1606 763 3260 838; baseline -0.008 -6"><span class='ocrx_word' id='word_1_57' title='bbox 1606 781 1723 834; x_wconf 82' lang='lat' dir='ltr'><strong>inus</strong></span> <span class='ocrx_word' id='word_1_58' title='bbox 1753 779 1940 834; x_wconf 89' lang='lat' dir='ltr'><strong>David.</strong></span> <span class='ocrx_word' id='word_1_59' title='bbox 2391 768 2466 831; x_wconf 80' lang='grc' dir='ltr'><strong>ὡς</strong></span> <span class='ocrx_word' id='word_1_60' title='bbox 2496 766 2824 838; x_wconf 67' lang='grc' dir='ltr'><strong>προφητεύει</strong></span> <span class='ocrx_word' id='word_1_61' title='bbox 2846 769 2874 819; x_wconf 84' lang='grc' dir='ltr'><strong>ό</strong></span> <span class='ocrx_word' id='word_1_62' title='bbox 2913 765 3053 828; x_wconf 72' lang='lat' dir='ltr'><strong>Belo;</strong></span> <span class='ocrx_word' id='word_1_63' title='bbox 3076 763 3260 819; x_wconf 77' lang='grc' dir='ltr'><strong>Δαὸξδ.</strong></span> 
     </span>
    </p>
   </div>
   <div class='ocr_carea' id='block_1_10' title="bbox 805 851 2459 944">
    <p class='ocr_par' dir='ltr' id='par_1_10' title="bbox 805 851 2288 944">
     <span class='ocr_line' id='line_1_10' title="bbox 805 851 2288 944; baseline -0.005 -14"><span class='ocrx_word' id='word_1_64' title='bbox 805 876 907 943; x_wconf 85' lang='lat' dir='ltr'><strong>Qui</strong></span> <span class='ocrx_word' id='word_1_65' title='bbox 954 851 1007 928; x_wconf 86' lang='lat' dir='ltr'><strong>in</strong></span> <span class='ocrx_word' id='word_1_66' title='bbox 1038 875 1184 944; x_wconf 81' lang='lat' dir='ltr'><strong>ligno</strong></span> <span class='ocrx_word' id='word_1_67' title='bbox 1233 883 1479 927; x_wconf 89' lang='lat' dir='ltr'><strong>mortuus</strong></span> <span class='ocrx_word' id='word_1_68' title='bbox 1523 872 1731 926; x_wconf 82' lang='lat' dir='ltr'><strong>fueram</strong></span> <span class='ocrx_word' id='word_1_69' title='bbox 1761 911 1776 933; x_wconf 92' lang='lat'><strong>,</strong></span> <span class='ocrx_word' id='word_1_70' title='bbox 1809 872 2012 941; x_wconf 75' lang='lat' dir='ltr'><strong>lignum</strong></span> <span class='ocrx_word' id='word_1_71' title='bbox 2045 871 2168 924; x_wconf 73' lang='lat' dir='ltr'><strong>vita:</strong></span> <span class='ocrx_word' id='word_1_72' title='bbox 2202 879 2288 934; x_wconf 91' lang='lat' dir='ltr'><strong>te,</strong></span> 
     </span>
    </p>
   </div>
   <div class='ocr_carea' id='block_1_11' title="bbox 2313 851 3967 944">
    <p class='ocr_par' dir='ltr' id='par_1_11' title="bbox 2473 851 3967 927">
     <span class='ocr_line' id='line_1_11' title="bbox 2473 851 3967 927; baseline -0.004 -17"><span class='ocrx_word' id='word_1_73' title='bbox 2473 857 2564 910; x_wconf 82' lang='grc' dir='ltr'>Ἑν</span> <span class='ocrx_word' id='word_1_74' title='bbox 2601 857 2741 927; x_wconf 73' lang='grc' dir='ltr'>ξύλῳ</span> <span class='ocrx_word' id='word_1_75' title='bbox 2763 855 3024 925; x_wconf 78' lang='grc' dir='ltr'>τεθνήξας</span> <span class='ocrx_word' id='word_1_76' title='bbox 3054 856 3211 921; x_wconf 85' lang='grc' dir='ltr'>ξύλον</span> <span class='ocrx_word' id='word_1_77' title='bbox 3241 872 3301 907; x_wconf 82' lang='grc' dir='ltr'>σε</span> <span class='ocrx_word' id='word_1_78' title='bbox 3348 851 3558 923; x_wconf 71' lang='grc' dir='ltr'><strong>εὕρηκα</strong></span> <span class='ocrx_word' id='word_1_79' title='bbox 3608 853 3786 923; x_wconf 77' lang='grc' dir='ltr'><strong>ζωῆς,</strong></span> <span class='ocrx_word' id='word_1_80' title='bbox 3835 854 3967 920; x_wconf 80' lang='grc' dir='ltr'>Χρι-</span> 
     </span>
    </p>
   </div>
   <div class='ocr_carea' id='block_1_12' title="bbox 730 944 2384 1032">
    <p class='ocr_par' dir='ltr' id='par_1_12' title="bbox 730 961 2294 1032">
     <span class='ocr_line' id='line_1_12' title="bbox 730 961 2294 1032; baseline -0.005 -12"><span class='ocrx_word' id='word_1_81' title='bbox 730 983 860 1021; x_wconf 82' lang='lat' dir='ltr'><strong>crux</strong></span> <span class='ocrx_word' id='word_1_82' title='bbox 893 967 1167 1020; x_wconf 85' lang='lat' dir='ltr'><strong>Christum</strong></span> <span class='ocrx_word' id='word_1_83' title='bbox 1203 964 1404 1026; x_wconf 83' lang='lat' dir='ltr'><strong>ferens,</strong></span> <span class='ocrx_word' id='word_1_84' title='bbox 1444 963 1641 1032; x_wconf 88' lang='lat' dir='ltr'><strong>reperi.</strong></span> <span class='ocrx_word' id='word_1_85' title='bbox 1691 962 1951 1016; x_wconf 79' lang='lat' dir='ltr'><strong>Custodia</strong></span> <span class='ocrx_word' id='word_1_86' title='bbox 1992 976 2108 1014; x_wconf 89' lang='lat' dir='ltr'><strong>mea</strong></span> <span class='ocrx_word' id='word_1_87' title='bbox 2140 961 2294 1014; x_wconf 86' lang='lat' dir='ltr'><strong>insu-</strong></span> 
     </span>
    </p>
   </div>
   <div class='ocr_carea' id='block_1_13' title="bbox 2313 944 3967 1032">
    <p class='ocr_par' dir='ltr' id='par_1_13' title="bbox 2395 944 3967 1018">
     <span class='ocr_line' id='line_1_13' title="bbox 2395 944 3967 1018; baseline -0.003 -19"><span class='ocrx_word' id='word_1_88' title='bbox 2395 947 2618 1018; x_wconf 79' lang='grc' dir='ltr'>στοφόρε</span> <span class='ocrx_word' id='word_1_89' title='bbox 2647 948 2845 1018; x_wconf 78' lang='grc' dir='ltr'>σταυρέ</span> <span class='ocrx_word' id='word_1_90' title='bbox 2876 965 2993 1016; x_wconf 85' lang='grc' dir='ltr'>μου.</span> <span class='ocrx_word' id='word_1_91' title='bbox 3030 946 3315 1015; x_wconf 70' lang='grc' dir='ltr'>Φυλακτήρ</span> <span class='ocrx_word' id='word_1_92' title='bbox 3357 961 3458 1012; x_wconf 85' lang='grc' dir='ltr'><strong>μου</strong></span> <span class='ocrx_word' id='word_1_93' title='bbox 3493 944 3761 1013; x_wconf 80' lang='grc' dir='ltr'><strong>ᾰρῤηκτε.</strong></span> <span class='ocrx_word' id='word_1_94' title='bbox 3830 949 3967 995; x_wconf 72' lang='grc' dir='ltr'><strong>κατὰ</strong></span> 
     </span>
    </p>
   </div>
   <div class='ocr_carea' id='block_1_14' title="bbox 731 1032 2385 1127">
    <p class='ocr_par' dir='ltr' id='par_1_14' title="bbox 731 1053 2291 1127">
     <span class='ocr_line' id='line_1_14' title="bbox 731 1053 2291 1127; baseline -0.003 -17"><span class='ocrx_word' id='word_1_95' title='bbox 731 1058 1017 1127; x_wconf 84' lang='lat' dir='ltr'><strong>perahilis,</strong></span> <span class='ocrx_word' id='word_1_96' title='bbox 1049 1056 1224 1108; x_wconf 86' lang='lat' dir='ltr'><strong>valida</strong></span> <span class='ocrx_word' id='word_1_97' title='bbox 1257 1056 1520 1108; x_wconf 90' lang='lat' dir='ltr'><strong>adversus</strong></span> <span class='ocrx_word' id='word_1_98' title='bbox 1548 1053 1820 1107; x_wconf 66' lang='lat' dir='ltr'><strong>daemones</strong></span> <span class='ocrx_word' id='word_1_99' title='bbox 1867 1053 2072 1113; x_wconf 87' lang='lat' dir='ltr'><strong>virtus,</strong></span> <span class='ocrx_word' id='word_1_100' title='bbox 2108 1060 2159 1106; x_wconf 88' lang='lat' dir='ltr'><strong>te</strong></span> <span class='ocrx_word' id='word_1_101' title='bbox 2191 1054 2291 1106; x_wconf 88' lang='lat' dir='ltr'><strong>h0-</strong></span> 
     </span>
    </p>
   </div>
   <div class='ocr_carea' id='block_1_15' title="bbox 2316 1032 3970 1127">
    <p class='ocr_par' dir='ltr' id='par_1_15' title="bbox 2390 1032 3970 1107">
     <span class='ocr_line' id='line_1_15' title="bbox 2390 1032 3970 1107; baseline -0.003 -18"><span class='ocrx_word' id='word_1_102' title='bbox 2390 1037 2653 1106; x_wconf 78' lang='grc' dir='ltr'><strong>δαιμόνων</strong></span> <span class='ocrx_word' id='word_1_103' title='bbox 2676 1037 2826 1106; x_wconf 70' lang='grc' dir='ltr'>ἰσχὺς</span> <span class='ocrx_word' id='word_1_104' title='bbox 2844 1039 3100 1107; x_wconf 71' lang='grc' dir='ltr'>κραταιὰ,</span> <span class='ocrx_word' id='word_1_105' title='bbox 3121 1035 3180 1088; x_wconf 76' lang='grc' dir='ltr'>σὲ</span> <span class='ocrx_word' id='word_1_106' title='bbox 3200 1032 3517 1104; x_wconf 80' lang='grc' dir='ltr'>προσκυνῶν</span> <span class='ocrx_word' id='word_1_107' title='bbox 3536 1034 3779 1100; x_wconf 76' lang='grc' dir='ltr'>σήμερον</span> <span class='ocrx_word' id='word_1_108' title='bbox 3798 1050 3970 1101; x_wconf 68' lang='lat' dir='ltr'><strong>xpetu-</strong></span> 
     </span>
    </p>
   </div>
   <div class='ocr_carea' id='block_1_16' title="bbox 731 1125 2385 1211">
    <p class='ocr_par' dir='ltr' id='par_1_16' title="bbox 731 1125 2117 1211">
     <span class='ocr_line' id='line_1_16' title="bbox 731 1125 2117 1211; baseline -0.004 -11"><span class='ocrx_word' id='word_1_109' title='bbox 731 1125 815 1201; x_wconf 72' lang='lat' dir='ltr'><strong>die</strong></span> <span class='ocrx_word' id='word_1_110' title='bbox 847 1148 1100 1210; x_wconf 78' lang='lat' dir='ltr'><strong>adorans,</strong></span> <span class='ocrx_word' id='word_1_111' title='bbox 1127 1147 1302 1199; x_wconf 80' lang='lat' dir='ltr'><strong>clamo</strong></span> <span class='ocrx_word' id='word_1_112' title='bbox 1329 1161 1343 1196; x_wconf 87' lang='lat'><strong>:</strong></span> <span class='ocrx_word' id='word_1_113' title='bbox 1380 1143 1669 1198; x_wconf 84' lang='lat' dir='ltr'><strong>Sauctilica</strong></span> <span class='ocrx_word' id='word_1_114' title='bbox 1700 1157 1786 1196; x_wconf 88' lang='lat' dir='ltr'><strong>me</strong></span> <span class='ocrx_word' id='word_1_115' title='bbox 1811 1142 1976 1211; x_wconf 76' lang='lat' dir='ltr'><strong>gloria</strong></span> <span class='ocrx_word' id='word_1_116' title='bbox 2005 1150 2117 1194; x_wconf 90' lang='lat' dir='ltr'><strong>tua.</strong></span> 
     </span>
    </p>
   </div>
   <div class='ocr_carea' id='block_1_17' title="bbox 1711 1125 3365 1211">
    <p class='ocr_par' dir='ltr' id='par_1_17' title="bbox 1711 1125 3365 1211">
     <span class='ocr_line' id='line_1_17' title="bbox 1711 1125 3365 1211; baseline -0.011 -15"><span class='ocrx_word' id='word_1_117' title='bbox 1711 1157 1786 1196; x_wconf 86' lang='lat' dir='ltr'><strong>me</strong></span> <span class='ocrx_word' id='word_1_118' title='bbox 1811 1142 1976 1211; x_wconf 75' lang='lat' dir='ltr'><strong>gloria</strong></span> <span class='ocrx_word' id='word_1_119' title='bbox 2005 1150 2117 1194; x_wconf 90' lang='lat' dir='ltr'><strong>tua.</strong></span> <span class='ocrx_word' id='word_1_120' title='bbox 2391 1127 2542 1198; x_wconf 71' lang='grc' dir='ltr'><strong>γὰζω</strong></span> <span class='ocrx_word' id='word_1_121' title='bbox 2565 1144 2581 1160; x_wconf 85' lang='grc'><em>’</em></span> <span class='ocrx_word' id='word_1_122' title='bbox 2627 1127 2879 1194; x_wconf 79' lang='grc' dir='ltr'>’Δτίασόν</span> <span class='ocrx_word' id='word_1_123' title='bbox 2905 1143 2971 1196; x_wconf 72' lang='grc' dir='ltr'>με</span> <span class='ocrx_word' id='word_1_124' title='bbox 3000 1128 3066 1196; x_wconf 84' lang='grc' dir='ltr'>τῇ</span> <span class='ocrx_word' id='word_1_125' title='bbox 3097 1125 3223 1196; x_wconf 74' lang='grc' dir='ltr'>δόξῃ</span> <span class='ocrx_word' id='word_1_126' title='bbox 3250 1140 3365 1177; x_wconf 87' lang='grc' dir='ltr'>σου.</span> 
     </span>
    </p>
   </div>
   <div class='ocr_carea' id='block_1_18' title="bbox 803 1212 2457 1311">
    <p class='ocr_par' dir='ltr' id='par_1_18' title="bbox 803 1231 2292 1300">
     <span class='ocr_line' id='line_1_18' title="bbox 803 1231 2292 1300; baseline -0.005 -10"><span class='ocrx_word' id='word_1_127' title='bbox 803 1238 1026 1299; x_wconf 79' lang='lat' dir='ltr'><strong>Lzetare,</strong></span> <span class='ocrx_word' id='word_1_128' title='bbox 1046 1235 1276 1296; x_wconf 74' lang='lat' dir='ltr'><strong>exsulta,</strong></span> <span class='ocrx_word' id='word_1_129' title='bbox 1297 1232 1530 1286; x_wconf 81' lang='lat' dir='ltr'><strong>Ecclesia</strong></span> <span class='ocrx_word' id='word_1_130' title='bbox 1558 1231 1671 1293; x_wconf 81' lang='lat' dir='ltr'><strong>Dei,</strong></span> <span class='ocrx_word' id='word_1_131' title='bbox 1696 1247 1815 1300; x_wconf 77' lang='lat' dir='ltr'><strong>qua:</strong></span> <span class='ocrx_word' id='word_1_132' title='bbox 1841 1240 1920 1284; x_wconf 86' lang='lat' dir='ltr'><strong>ter</strong></span> <span class='ocrx_word' id='word_1_133' title='bbox 1939 1232 2150 1284; x_wconf 89' lang='lat' dir='ltr'><strong>heatum</strong></span> <span class='ocrx_word' id='word_1_134' title='bbox 2168 1244 2292 1284; x_wconf 81' lang='lat' dir='ltr'><strong>san-</strong></span> 
     </span>
    </p>
   </div>
   <div class='ocr_carea' id='block_1_19' title="bbox 2315 1212 3969 1311">
    <p class='ocr_par' dir='ltr' id='par_1_19' title="bbox 2460 1212 3969 1290">
     <span class='ocr_line' id='line_1_19' title="bbox 2460 1212 3969 1290; baseline -0.005 -17"><span class='ocrx_word' id='word_1_135' title='bbox 2460 1219 2785 1290; x_wconf 77' lang='grc' dir='ltr'>Εύφραινου,</span> <span class='ocrx_word' id='word_1_136' title='bbox 2833 1217 3092 1286; x_wconf 77' lang='grc' dir='ltr'><strong>ἁγάλλου,</strong></span> <span class='ocrx_word' id='word_1_137' title='bbox 3137 1218 3172 1287; x_wconf 76' lang='grc' dir='ltr'>ἡ</span> <span class='ocrx_word' id='word_1_138' title='bbox 3221 1213 3517 1285; x_wconf 75' lang='grc' dir='ltr'><strong>Ἐκκλησία</strong></span> <span class='ocrx_word' id='word_1_139' title='bbox 3571 1212 3664 1266; x_wconf 79' lang='grc' dir='ltr'>τοῦ</span> <span class='ocrx_word' id='word_1_140' title='bbox 3690 1212 3853 1276; x_wconf 76' lang='grc' dir='ltr'><strong>Θεοῦ,</strong></span> <span class='ocrx_word' id='word_1_141' title='bbox 3906 1215 3969 1265; x_wconf 68' lang='grc' dir='ltr'>τὸ</span> 
     </span>
    </p>
   </div>
   <div class='ocr_carea' id='block_1_20' title="bbox 728 1304 2382 1394">
    <p class='ocr_par' dir='ltr' id='par_1_20' title="bbox 728 1321 2289 1394">
     <span class='ocr_line' id='line_1_20' title="bbox 728 1321 2289 1394; baseline -0.004 -13"><span class='ocrx_word' id='word_1_142' title='bbox 728 1329 985 1382; x_wconf 72' lang='lat' dir='ltr'><strong>ctissimae</strong></span> <span class='ocrx_word' id='word_1_143' title='bbox 1021 1327 1205 1380; x_wconf 91' lang='lat' dir='ltr'><strong>crucis</strong></span> <span class='ocrx_word' id='word_1_144' title='bbox 1239 1326 1444 1394; x_wconf 78' lang='lat' dir='ltr'><strong>lignum</strong></span> <span class='ocrx_word' id='word_1_145' title='bbox 1478 1324 1636 1377; x_wconf 86' lang='lat' dir='ltr'><strong>hodie</strong></span> <span class='ocrx_word' id='word_1_146' title='bbox 1669 1321 1864 1376; x_wconf 86' lang='lat' dir='ltr'><strong>adoras</strong></span> <span class='ocrx_word' id='word_1_147' title='bbox 1918 1322 2002 1375; x_wconf 90' lang='lat' dir='ltr'><strong>cui</strong></span> <span class='ocrx_word' id='word_1_148' title='bbox 2035 1332 2289 1390; x_wconf 86' lang='lat' dir='ltr'><strong>tanquam</strong></span> 
     </span>
    </p>
   </div>
   <div class='ocr_carea' id='block_1_21' title="bbox 2311 1304 3965 1394">
    <p class='ocr_par' dir='ltr' id='par_1_21' title="bbox 2388 1304 3965 1378">
     <span class='ocr_line' id='line_1_21' title="bbox 2388 1304 3965 1378; baseline -0.004 -17"><span class='ocrx_word' id='word_1_149' title='bbox 2388 1308 2688 1378; x_wconf 79' lang='grc' dir='ltr'>τρισόλσιον</span> <span class='ocrx_word' id='word_1_150' title='bbox 2733 1307 2888 1374; x_wconf 80' lang='grc' dir='ltr'>ξύλον</span> <span class='ocrx_word' id='word_1_151' title='bbox 2935 1304 3315 1378; x_wconf 79' lang='grc' dir='ltr'>προσκυνοῦσα</span> <span class='ocrx_word' id='word_1_152' title='bbox 3380 1306 3618 1373; x_wconf 80' lang='grc' dir='ltr'>σήμερον</span> <span class='ocrx_word' id='word_1_153' title='bbox 3673 1304 3769 1354; x_wconf 76' lang='grc' dir='ltr'>τοῦ</span> <span class='ocrx_word' id='word_1_154' title='bbox 3832 1321 3965 1355; x_wconf 73' lang='grc' dir='ltr'>παν-</span> 
     </span>
    </p>
   </div>
   <div class='ocr_carea' id='block_1_22' title="bbox 731 1391 2385 1488">
    <p class='ocr_par' dir='ltr' id='par_1_22' title="bbox 731 1416 2290 1488">
     <span class='ocr_line' id='line_1_22' title="bbox 731 1416 2290 1488; baseline -0.002 -17"><span class='ocrx_word' id='word_1_155' title='bbox 731 1419 982 1482; x_wconf 88' lang='lat' dir='ltr'><strong>ministri,</strong></span> <span class='ocrx_word' id='word_1_156' title='bbox 1016 1419 1331 1488; x_wconf 77' lang='lat' dir='ltr'><strong>angelorum</strong></span> <span class='ocrx_word' id='word_1_157' title='bbox 1388 1416 1634 1480; x_wconf 86' lang='lat' dir='ltr'><strong>ordines,</strong></span> <span class='ocrx_word' id='word_1_158' title='bbox 1698 1417 1864 1468; x_wconf 86' lang='lat' dir='ltr'><strong>etiam</strong></span> <span class='ocrx_word' id='word_1_159' title='bbox 1916 1430 2043 1469; x_wconf 88' lang='lat' dir='ltr'><strong>cum</strong></span> <span class='ocrx_word' id='word_1_160' title='bbox 2095 1416 2290 1468; x_wconf 86' lang='lat' dir='ltr'><strong>timore</strong></span> 
     </span>
    </p>
   </div>
   <div class='ocr_carea' id='block_1_23' title="bbox 2312 1391 3966 1488">
    <p class='ocr_par' dir='ltr' id='par_1_23' title="bbox 2389 1391 3966 1472">
     <span class='ocr_line' id='line_1_23' title="bbox 2389 1391 3966 1472; baseline -0.002 -19"><span class='ocrx_word' id='word_1_161' title='bbox 2389 1402 2544 1468; x_wconf 80' lang='grc' dir='ltr'>αγίου</span> <span class='ocrx_word' id='word_1_162' title='bbox 2567 1401 2796 1472; x_wconf 83' lang='grc' dir='ltr'>σταυροῦ</span> <span class='ocrx_word' id='word_1_163' title='bbox 2820 1399 2912 1453; x_wconf 82' lang='grc' dir='ltr'><strong>τού</strong></span> <span class='ocrx_word' id='word_1_164' title='bbox 2933 1398 3189 1469; x_wconf 81' lang='grc' dir='ltr'><strong>Χριστοῦ,</strong></span> <span class='ocrx_word' id='word_1_165' title='bbox 3206 1391 3250 1466; x_wconf 84' lang='grc' dir='ltr'>ᾧ</span> <span class='ocrx_word' id='word_1_166' title='bbox 3267 1399 3342 1461; x_wconf 82' lang='grc' dir='ltr'><strong>ὡς</strong></span> <span class='ocrx_word' id='word_1_167' title='bbox 3371 1396 3675 1466; x_wconf 74' lang='grc' dir='ltr'>λειτουργοὶ</span> <span class='ocrx_word' id='word_1_168' title='bbox 3707 1399 3966 1466; x_wconf 71' lang='grc' dir='ltr'>τάγματα</span> 
     </span>
    </p>
   </div>
   <div class='ocr_carea' id='block_1_24' title="bbox 725 1490 2379 1564">
    <p class='ocr_par' dir='ltr' id='par_1_24' title="bbox 725 1512 1008 1564">
     <span class='ocr_line' id='line_1_24' title="bbox 725 1512 1008 1564; baseline 0.004 -2"><span class='ocrx_word' id='word_1_169' title='bbox 725 1512 1008 1564; x_wconf 85' lang='lat' dir='ltr'><strong>assistunt.</strong></span> 
     </span>
    </p>
   </div>
   <div class='ocr_carea' id='block_1_25' title="bbox 1887 1490 3541 1564">
    <p class='ocr_par' dir='ltr' id='par_1_25' title="bbox 2389 1490 3541 1562">
     <span class='ocr_line' id='line_1_25' title="bbox 2389 1490 3541 1562; baseline -0.004 -16"><span class='ocrx_word' id='word_1_170' title='bbox 2389 1493 2635 1560; x_wconf 76' lang='grc' dir='ltr'><strong>ἀγγέλων</strong></span> <span class='ocrx_word' id='word_1_171' title='bbox 2669 1492 2763 1544; x_wconf 78' lang='grc' dir='ltr'><strong>καὶ</strong></span> <span class='ocrx_word' id='word_1_172' title='bbox 2794 1492 2929 1562; x_wconf 72' lang='grc' dir='ltr'>μετὰ</span> <span class='ocrx_word' id='word_1_173' title='bbox 2959 1490 3126 1560; x_wconf 78' lang='grc' dir='ltr'>φόσου</span> <span class='ocrx_word' id='word_1_174' title='bbox 3155 1491 3541 1561; x_wconf 79' lang='grc' dir='ltr'><strong>παρίστανται.</strong></span> 
     </span>
    </p>
   </div>
   <div class='ocr_carea' id='block_1_26' title="bbox 1341 1606 2995 1675">
    <p class='ocr_par' dir='ltr' id='par_1_26' title="bbox 1341 1620 1669 1675">
     <span class='ocr_line' id='line_1_26' title="bbox 1341 1620 1669 1675; baseline 0 -1"><span class='ocrx_word' id='word_1_175' title='bbox 1341 1620 1669 1675; x_wconf 78' lang='lat' dir='ltr'><strong>Triadicum.</strong></span> 
     </span>
    </p>
   </div>
   <div class='ocr_carea' id='block_1_27' title="bbox 1682 1606 3336 1675">
    <p class='ocr_par' dir='ltr' id='par_1_27' title="bbox 3009 1606 3336 1675">
     <span class='ocr_line' id='line_1_27' title="bbox 3009 1606 3336 1675; baseline 0.009 -15"><span class='ocrx_word' id='word_1_176' title='bbox 3009 1606 3336 1675; x_wconf 80' lang='grc' dir='ltr'>Τριαόικόν.</span> 
     </span>
    </p>
   </div>
   <div class='ocr_carea' id='block_1_28' title="bbox 795 1720 2449 1802">
    <p class='ocr_par' dir='ltr' id='par_1_28' title="bbox 795 1731 2286 1802">
     <span class='ocr_line' id='line_1_28' title="bbox 795 1731 2286 1802; baseline 0.002 -18"><span class='ocrx_word' id='word_1_177' title='bbox 795 1732 972 1786; x_wconf 80' lang='lat' dir='ltr'><strong>Adoro</strong></span> <span class='ocrx_word' id='word_1_178' title='bbox 1011 1741 1079 1796; x_wconf 91' lang='lat' dir='ltr'><strong>te,</strong></span> <span class='ocrx_word' id='word_1_179' title='bbox 1115 1741 1300 1787; x_wconf 85' lang='lat' dir='ltr'><strong>saneta</strong></span> <span class='ocrx_word' id='word_1_180' title='bbox 1330 1733 1541 1795; x_wconf 86' lang='lat' dir='ltr'><strong>Deitas,</strong></span> <span class='ocrx_word' id='word_1_181' title='bbox 1571 1733 1892 1788; x_wconf 86' lang='lat' dir='ltr'><strong>Trinitatem</strong></span> <span class='ocrx_word' id='word_1_182' title='bbox 1925 1733 1978 1787; x_wconf 91' lang='lat' dir='ltr'><strong>in</strong></span> <span class='ocrx_word' id='word_1_183' title='bbox 2014 1731 2286 1802; x_wconf 84' lang='lat' dir='ltr'><strong>personis,</strong></span> 
     </span>
    </p>
   </div>
   <div class='ocr_carea' id='block_1_29' title="bbox 2306 1720 3960 1802">
    <p class='ocr_par' dir='ltr' id='par_1_29' title="bbox 2459 1720 3960 1793">
     <span class='ocr_line' id='line_1_29' title="bbox 2459 1720 3960 1793; baseline 0 -18"><span class='ocrx_word' id='word_1_184' title='bbox 2459 1722 2661 1792; x_wconf 78' lang='grc' dir='ltr'>Τριάδα</span> <span class='ocrx_word' id='word_1_185' title='bbox 2704 1720 3014 1793; x_wconf 81' lang='grc' dir='ltr'>προσώποις</span> <span class='ocrx_word' id='word_1_186' title='bbox 3039 1760 3054 1782; x_wconf 96' lang='lat'><strong>,</strong></span> <span class='ocrx_word' id='word_1_187' title='bbox 3080 1720 3282 1788; x_wconf 73' lang='grc' dir='ltr'>μονάδα</span> <span class='ocrx_word' id='word_1_188' title='bbox 3335 1721 3494 1787; x_wconf 75' lang='grc' dir='ltr'>φύσει</span> <span class='ocrx_word' id='word_1_189' title='bbox 3537 1725 3833 1790; x_wconf 78' lang='grc' dir='ltr'>προσκυνῶ</span> <span class='ocrx_word' id='word_1_190' title='bbox 3880 1741 3960 1785; x_wconf 80' lang='grc' dir='ltr'><strong>σε.</strong></span> 
     </span>
    </p>
   </div>
   <div class='ocr_carea' id='block_1_30' title="bbox 725 1810 2379 1900">
    <p class='ocr_par' dir='ltr' id='par_1_30' title="bbox 725 1824 2363 1900">
     <span class='ocr_line' id='line_1_30' title="bbox 725 1824 2363 1900; baseline 0.001 -26"><span class='ocrx_word' id='word_1_191' title='bbox 725 1834 778 1875; x_wconf 89' lang='lat' dir='ltr'><strong>et</strong></span> <span class='ocrx_word' id='word_1_192' title='bbox 824 1824 1083 1876; x_wconf 84' lang='lat' dir='ltr'><strong>unitatem</strong></span> <span class='ocrx_word' id='word_1_193' title='bbox 1139 1824 1190 1876; x_wconf 85' lang='lat' dir='ltr'><strong>iit</strong></span> <span class='ocrx_word' id='word_1_194' title='bbox 1243 1834 1434 1877; x_wconf 85' lang='lat' dir='ltr'><strong>natura</strong></span> <span class='ocrx_word' id='word_1_195' title='bbox 1462 1865 1476 1886; x_wconf 96' lang='lat'><strong>,</strong></span> <span class='ocrx_word' id='word_1_196' title='bbox 1523 1826 1738 1879; x_wconf 81' lang='lat' dir='ltr'><strong>Patrem</strong></span> <span class='ocrx_word' id='word_1_197' title='bbox 1775 1838 1828 1880; x_wconf 92' lang='lat' dir='ltr'><strong>et</strong></span> <span class='ocrx_word' id='word_1_198' title='bbox 1867 1824 2068 1879; x_wconf 78' lang='lat' dir='ltr'><strong>Filium</strong></span> <span class='ocrx_word' id='word_1_199' title='bbox 2096 1865 2110 1886; x_wconf 96' lang='lat'><strong>,</strong></span> <span class='ocrx_word' id='word_1_200' title='bbox 2163 1839 2285 1878; x_wconf 91' lang='lat' dir='ltr'><strong>cutn</strong></span> <span class='ocrx_word' id='word_1_201' title='bbox 2318 1842 2363 1900; x_wconf 80' lang='grc' dir='ltr'><strong>Β</strong></span> 
     </span>
    </p>
   </div>
   <div class='ocr_carea' id='block_1_31' title="bbox 2309 1810 3963 1900">
    <p class='ocr_par' dir='ltr' id='par_1_31' title="bbox 2318 1810 3963 1900">
     <span class='ocr_line' id='line_1_31' title="bbox 2318 1810 3963 1900; baseline -0.001 -34"><span class='ocrx_word' id='word_1_202' title='bbox 2318 1842 2363 1900; x_wconf 80' lang='grc' dir='ltr'><strong>Β</strong></span> <span class='ocrx_word' id='word_1_203' title='bbox 2390 1814 2587 1883; x_wconf 79' lang='grc' dir='ltr'>Θεότης</span> <span class='ocrx_word' id='word_1_204' title='bbox 2612 1815 2764 1881; x_wconf 79' lang='grc' dir='ltr'>ἁγία,</span> <span class='ocrx_word' id='word_1_205' title='bbox 2804 1813 2893 1867; x_wconf 78' lang='grc' dir='ltr'><strong>τὸν</strong></span> <span class='ocrx_word' id='word_1_206' title='bbox 2924 1813 3157 1878; x_wconf 76' lang='grc' dir='ltr'>Πατέρα,</span> <span class='ocrx_word' id='word_1_207' title='bbox 3185 1812 3276 1864; x_wconf 78' lang='grc' dir='ltr'><strong>καὶ</strong></span> <span class='ocrx_word' id='word_1_208' title='bbox 3311 1810 3402 1864; x_wconf 77' lang='grc' dir='ltr'>τὸν</span> <span class='ocrx_word' id='word_1_209' title='bbox 3438 1811 3564 1864; x_wconf 80' lang='grc' dir='ltr'>Υἰὸν</span> <span class='ocrx_word' id='word_1_210' title='bbox 3591 1815 3686 1865; x_wconf 80' lang='grc' dir='ltr'>σὺν</span> <span class='ocrx_word' id='word_1_211' title='bbox 3717 1814 3794 1882; x_wconf 83' lang='grc' dir='ltr'><strong>τῷ</strong></span> <span class='ocrx_word' id='word_1_212' title='bbox 3819 1815 3963 1881; x_wconf 79' lang='grc' dir='ltr'><strong>ἁγίῳ</strong></span> 
     </span>
    </p>
   </div>
   <div class='ocr_carea' id='block_1_32' title="bbox 726 1903 2380 1988">
    <p class='ocr_par' dir='ltr' id='par_1_32' title="bbox 726 1914 2284 1988">
     <span class='ocr_line' id='line_1_32' title="bbox 726 1914 2284 1988; baseline 0.001 -20"><span class='ocrx_word' id='word_1_213' title='bbox 726 1926 914 1968; x_wconf 87' lang='lat' dir='ltr'><strong>sancto</strong></span> <span class='ocrx_word' id='word_1_214' title='bbox 946 1914 1189 1984; x_wconf 88' lang='lat' dir='ltr'><strong>Spiritu,</strong></span> <span class='ocrx_word' id='word_1_215' title='bbox 1241 1932 1408 1969; x_wconf 87' lang='lat' dir='ltr'><strong>ttnttm</strong></span> <span class='ocrx_word' id='word_1_216' title='bbox 1451 1917 1760 1987; x_wconf 89' lang='lat' dir='ltr'><strong>imperium,</strong></span> <span class='ocrx_word' id='word_1_217' title='bbox 1813 1932 1982 1972; x_wconf 88' lang='lat' dir='ltr'><strong>unum</strong></span> <span class='ocrx_word' id='word_1_218' title='bbox 2017 1932 2240 1988; x_wconf 76' lang='lat' dir='ltr'><strong>regnum</strong></span> <span class='ocrx_word' id='word_1_219' title='bbox 2267 1956 2284 1982; x_wconf 96' lang='lat'><strong>,</strong></span> 
     </span>
    </p>
   </div>
   <div class='ocr_carea' id='block_1_33' title="bbox 2305 1903 3959 1988">
    <p class='ocr_par' dir='ltr' id='par_1_33' title="bbox 2391 1903 3959 1976">
     <span class='ocr_line' id='line_1_33' title="bbox 2391 1903 3959 1976; baseline 0.001 -18"><span class='ocrx_word' id='word_1_220' title='bbox 2391 1923 2450 1958; x_wconf 80' lang='grc' dir='ltr'>τε</span> <span class='ocrx_word' id='word_1_221' title='bbox 2504 1907 2798 1974; x_wconf 78' lang='grc' dir='ltr'>[Ινεύματι.</span> <span class='ocrx_word' id='word_1_222' title='bbox 2844 1906 2971 1974; x_wconf 73' lang='grc' dir='ltr'>μίαν</span> <span class='ocrx_word' id='word_1_223' title='bbox 3003 1905 3193 1975; x_wconf 77' lang='grc' dir='ltr'><strong>ἀρχὴν,</strong></span> <span class='ocrx_word' id='word_1_224' title='bbox 3235 1904 3364 1975; x_wconf 79' lang='grc' dir='ltr'>μίαν</span> <span class='ocrx_word' id='word_1_225' title='bbox 3399 1903 3674 1974; x_wconf 81' lang='grc' dir='ltr'>βασιλείαν</span> <span class='ocrx_word' id='word_1_226' title='bbox 3701 1906 3804 1976; x_wconf 80' lang='grc' dir='ltr'>τὴν</span> <span class='ocrx_word' id='word_1_227' title='bbox 3850 1906 3959 1960; x_wconf 68' lang='grc' dir='ltr'><strong>τῶν</strong></span> 
     </span>
    </p>
   </div>
   <div class='ocr_carea' id='block_1_34' title="bbox 724 1994 2378 2076">
    <p class='ocr_par' dir='ltr' id='par_1_34' title="bbox 724 2008 1380 2076">
     <span class='ocr_line' id='line_1_34' title="bbox 724 2008 1380 2076; baseline 0.002 -17"><span class='ocrx_word' id='word_1_228' title='bbox 724 2008 809 2060; x_wconf 91' lang='lat' dir='ltr'><strong>cui</strong></span> <span class='ocrx_word' id='word_1_229' title='bbox 838 2018 1074 2076; x_wconf 77' lang='lat' dir='ltr'><strong>potestas</strong></span> <span class='ocrx_word' id='word_1_230' title='bbox 1099 2009 1152 2062; x_wconf 89' lang='lat' dir='ltr'><strong>in</strong></span> <span class='ocrx_word' id='word_1_231' title='bbox 1177 2013 1380 2061; x_wconf 84' lang='lat' dir='ltr'><strong>omnia.</strong></span> 
     </span>
    </p>
   </div>
   <div class='ocr_carea' id='block_1_35' title="bbox 1406 1994 3060 2076">
    <p class='ocr_par' dir='ltr' id='par_1_35' title="bbox 2391 1994 3060 2060">
     <span class='ocr_line' id='line_1_35' title="bbox 2391 1994 3060 2060; baseline -0.003 -10"><span class='ocrx_word' id='word_1_232' title='bbox 2391 1997 2646 2052; x_wconf 80' lang='grc' dir='ltr'>ἁπάντων</span> <span class='ocrx_word' id='word_1_233' title='bbox 2677 1994 2938 2060; x_wconf 76' lang='grc' dir='ltr'>δεσπόζον</span> <span class='ocrx_word' id='word_1_234' title='bbox 2947 2013 3060 2049; x_wconf 78' lang='grc' dir='ltr'>σαν.</span> 
     </span>
    </p>
   </div>
   <div class='ocr_carea' id='block_1_36' title="bbox 1332 2109 2986 2175">
    <p class='ocr_par' dir='ltr' id='par_1_36' title="bbox 1332 2115 1694 2175">
     <span class='ocr_line' id='line_1_36' title="bbox 1332 2115 1694 2175; baseline 0.014 -5"><span class='ocrx_word' id='word_1_235' title='bbox 1332 2115 1577 2172; x_wconf 77' lang='lat' dir='ltr'><strong>Tlieotact‘</strong></span> <span class='ocrx_word' id='word_1_236' title='bbox 1586 2135 1694 2175; x_wconf 86' lang='lat' dir='ltr'><strong>um.</strong></span> 
     </span>
    </p>
   </div>
   <div class='ocr_carea' id='block_1_37' title="bbox 1678 2109 3332 2175">
    <p class='ocr_par' dir='ltr' id='par_1_37' title="bbox 1678 2109 3332 2175">
     <span class='ocr_line' id='line_1_37' title="bbox 1678 2109 3332 2175; baseline -0.001 -12"><span class='ocrx_word' id='word_1_237' title='bbox 1678 2158 1694 2175; x_wconf 86' lang='grc'><em>,</em></span> <span class='ocrx_word' id='word_1_238' title='bbox 3001 2109 3332 2162; x_wconf 78' lang='grc' dir='ltr'>Θεοτόκιον.</span> 
     </span>
    </p>
   </div>
   <div class='ocr_carea' id='block_1_38' title="bbox 794 2215 2448 2300">
    <p class='ocr_par' dir='ltr' id='par_1_38' title="bbox 794 2225 2288 2300">
     <span class='ocr_line' id='line_1_38' title="bbox 794 2225 2288 2300; baseline 0.003 -20"><span class='ocrx_word' id='word_1_239' title='bbox 794 2225 899 2286; x_wconf 82' lang='lat' dir='ltr'><strong>Tu.</strong></span> <span class='ocrx_word' id='word_1_240' title='bbox 927 2242 959 2280; x_wconf 92' lang='grc' dir='ltr'><strong>ο</strong></span> <span class='ocrx_word' id='word_1_241' title='bbox 985 2225 1148 2293; x_wconf 72' lang='lat' dir='ltr'><strong>Virgo</strong></span> <span class='ocrx_word' id='word_1_242' title='bbox 1189 2242 1418 2296; x_wconf 79' lang='lat' dir='ltr'><strong>magnus</strong></span> <span class='ocrx_word' id='word_1_243' title='bbox 1452 2228 1540 2282; x_wconf 92' lang='lat' dir='ltr'><strong>ille</strong></span> <span class='ocrx_word' id='word_1_244' title='bbox 1577 2244 1732 2283; x_wconf 92' lang='lat' dir='ltr'><strong>mons</strong></span> <span class='ocrx_word' id='word_1_245' title='bbox 1761 2244 1840 2293; x_wconf 87' lang='lat' dir='ltr'><strong>es,</strong></span> <span class='ocrx_word' id='word_1_246' title='bbox 1883 2228 1937 2282; x_wconf 92' lang='lat' dir='ltr'><strong>in</strong></span> <span class='ocrx_word' id='word_1_247' title='bbox 1996 2244 2104 2300; x_wconf 92' lang='lat' dir='ltr'><strong>quo</strong></span> <span class='ocrx_word' id='word_1_248' title='bbox 2127 2228 2288 2286; x_wconf 90' lang='lat' dir='ltr'><strong>Chri-</strong></span> 
     </span>
    </p>
   </div>
   <div class='ocr_carea' id='block_1_39' title="bbox 2298 2215 3952 2300">
    <p class='ocr_par' dir='ltr' id='par_1_39' title="bbox 2462 2215 3952 2294">
     <span class='ocr_line' id='line_1_39' title="bbox 2462 2215 3952 2294; baseline -0.003 -17"><span class='ocrx_word' id='word_1_249' title='bbox 2462 2225 2536 2277; x_wconf 81' lang='grc' dir='ltr'><strong>Τδ</strong></span> <span class='ocrx_word' id='word_1_250' title='bbox 2561 2223 2764 2294; x_wconf 66' lang='grc' dir='ltr'>ὕροςτὺ</span> <span class='ocrx_word' id='word_1_251' title='bbox 2810 2223 2970 2293; x_wconf 74' lang='grc' dir='ltr'>μέγα,</span> <span class='ocrx_word' id='word_1_252' title='bbox 3012 2225 3069 2276; x_wconf 81' lang='grc' dir='ltr'>ὲν</span> <span class='ocrx_word' id='word_1_253' title='bbox 3125 2215 3170 2292; x_wconf 81' lang='grc' dir='ltr'>ᾧ</span> <span class='ocrx_word' id='word_1_254' title='bbox 3231 2223 3517 2292; x_wconf 78' lang='grc' dir='ltr'><strong>κατῴκησε</strong></span> <span class='ocrx_word' id='word_1_255' title='bbox 3575 2221 3834 2292; x_wconf 73' lang='grc' dir='ltr'>Χριστὸς.</span> <span class='ocrx_word' id='word_1_256' title='bbox 3890 2223 3952 2274; x_wconf 67' lang='grc' dir='ltr'>σὺ</span> 
     </span>
    </p>
   </div>
   <div class='ocr_carea' id='block_1_40' title="bbox 725 2309 2379 2390">
    <p class='ocr_par' dir='ltr' id='par_1_40' title="bbox 725 2318 2284 2390">
     <span class='ocr_line' id='line_1_40' title="bbox 725 2318 2284 2390; baseline 0.003 -20"><span class='ocrx_word' id='word_1_257' title='bbox 725 2327 842 2372; x_wconf 89' lang='lat' dir='ltr'><strong>stus</strong></span> <span class='ocrx_word' id='word_1_258' title='bbox 877 2319 1184 2381; x_wconf 85' lang='lat' dir='ltr'><strong>habitavit,</strong></span> <span class='ocrx_word' id='word_1_259' title='bbox 1231 2329 1288 2372; x_wconf 85' lang='grc' dir='ltr'><strong>ιιι</strong></span> <span class='ocrx_word' id='word_1_260' title='bbox 1313 2319 1530 2373; x_wconf 89' lang='lat' dir='ltr'><strong>divinus</strong></span> <span class='ocrx_word' id='word_1_261' title='bbox 1576 2318 1740 2374; x_wconf 83' lang='lat' dir='ltr'><strong>David</strong></span> <span class='ocrx_word' id='word_1_262' title='bbox 1771 2321 1958 2384; x_wconf 87' lang='lat' dir='ltr'><strong>canit,</strong></span> <span class='ocrx_word' id='word_1_263' title='bbox 1989 2336 2083 2389; x_wconf 88' lang='lat' dir='ltr'><strong>per</strong></span> <span class='ocrx_word' id='word_1_264' title='bbox 2122 2336 2284 2390; x_wconf 89' lang='lat' dir='ltr'><strong>quam</strong></span> 
     </span>
    </p>
   </div>
   <div class='ocr_carea' id='block_1_41' title="bbox 2304 2309 3958 2390">
    <p class='ocr_par' dir='ltr' id='par_1_41' title="bbox 2395 2309 3958 2386">
     <span class='ocr_line' id='line_1_41' title="bbox 2395 2309 3958 2386; baseline -0.001 -18"><span class='ocrx_word' id='word_1_265' title='bbox 2395 2316 2677 2385; x_wconf 79' lang='grc' dir='ltr'>ὑπάρχεις,</span> <span class='ocrx_word' id='word_1_266' title='bbox 2711 2313 2970 2385; x_wconf 74' lang='grc' dir='ltr'><strong>Παρθένε,</strong></span> <span class='ocrx_word' id='word_1_267' title='bbox 2991 2314 3066 2377; x_wconf 82' lang='grc' dir='ltr'><strong>ὡς</strong></span> <span class='ocrx_word' id='word_1_268' title='bbox 3091 2314 3447 2378; x_wconf 74' lang='grc' dir='ltr'>Δαῦὶδόθεῐος</span> <span class='ocrx_word' id='word_1_269' title='bbox 3477 2315 3593 2386; x_wconf 79' lang='grc' dir='ltr'><strong>βοᾷ,</strong></span> <span class='ocrx_word' id='word_1_270' title='bbox 3608 2314 3674 2367; x_wconf 83' lang='grc' dir='ltr'><strong>δι’</strong></span> <span class='ocrx_word' id='word_1_271' title='bbox 3700 2309 3770 2386; x_wconf 74' lang='grc' dir='ltr'><strong>ἧς</strong></span> <span class='ocrx_word' id='word_1_272' title='bbox 3795 2316 3958 2384; x_wconf 69' lang='grc' dir='ltr'>ἡμεῖς</span> 
     </span>
    </p>
   </div>
   <div class='ocr_carea' id='block_1_42' title="bbox 726 2405 2380 2486">
    <p class='ocr_par' dir='ltr' id='par_1_42' title="bbox 726 2415 2288 2486">
     <span class='ocr_line' id='line_1_42' title="bbox 726 2415 2288 2486; baseline 0.002 -18"><span class='ocrx_word' id='word_1_273' title='bbox 726 2431 824 2468; x_wconf 86' lang='lat' dir='ltr'><strong>nos</strong></span> <span class='ocrx_word' id='word_1_274' title='bbox 855 2417 918 2467; x_wconf 81' lang='lat' dir='ltr'><strong>ad</strong></span> <span class='ocrx_word' id='word_1_275' title='bbox 953 2417 1151 2470; x_wconf 71' lang='lat' dir='ltr'><strong>cmlum</strong></span> <span class='ocrx_word' id='word_1_276' title='bbox 1187 2415 1379 2469; x_wconf 89' lang='lat' dir='ltr'><strong>elevati</strong></span> <span class='ocrx_word' id='word_1_277' title='bbox 1406 2431 1618 2479; x_wconf 84' lang='lat' dir='ltr'><strong>sumus.</strong></span> <span class='ocrx_word' id='word_1_278' title='bbox 1654 2415 1750 2470; x_wconf 89' lang='lat' dir='ltr'><strong>ﬁlii</strong></span> <span class='ocrx_word' id='word_1_279' title='bbox 1791 2416 1884 2472; x_wconf 89' lang='lat' dir='ltr'><strong>Dei</strong></span> <span class='ocrx_word' id='word_1_280' title='bbox 1916 2432 2010 2486; x_wconf 90' lang='lat' dir='ltr'><strong>per</strong></span> <span class='ocrx_word' id='word_1_281' title='bbox 2039 2417 2288 2486; x_wconf 82' lang='lat' dir='ltr'><strong>adoptio-</strong></span> 
     </span>
    </p>
   </div>
   <div class='ocr_carea' id='block_1_43' title="bbox 2302 2405 3956 2486">
    <p class='ocr_par' dir='ltr' id='par_1_43' title="bbox 2392 2405 3956 2478">
     <span class='ocr_line' id='line_1_43' title="bbox 2392 2405 3956 2478; baseline -0.001 -18"><span class='ocrx_word' id='word_1_282' title='bbox 2392 2406 2754 2476; x_wconf 73' lang='grc' dir='ltr'>ἁνυψὼθημεν</span> <span class='ocrx_word' id='word_1_283' title='bbox 2787 2405 2922 2474; x_wconf 80' lang='grc' dir='ltr'>πρὸς</span> <span class='ocrx_word' id='word_1_284' title='bbox 2949 2407 3178 2476; x_wconf 71' lang='grc' dir='ltr'>οὐρανὸν</span> <span class='ocrx_word' id='word_1_285' title='bbox 3210 2408 3606 2478; x_wconf 80' lang='grc' dir='ltr'><strong>υἱοθετηθέντες</strong></span> <span class='ocrx_word' id='word_1_286' title='bbox 3639 2406 3716 2474; x_wconf 80' lang='grc' dir='ltr'>τῷ</span> <span class='ocrx_word' id='word_1_287' title='bbox 3787 2407 3956 2458; x_wconf 75' lang='grc' dir='ltr'>πνεύ-</span> 
     </span>
    </p>
   </div>
   <div class='ocr_carea' id='block_1_44' title="bbox 726 2500 2380 2577">
    <p class='ocr_par' dir='ltr' id='par_1_44' title="bbox 726 2508 1405 2577">
     <span class='ocr_line' id='line_1_44' title="bbox 726 2508 1405 2577; baseline -0.001 -16"><span class='ocrx_word' id='word_1_288' title='bbox 726 2523 846 2562; x_wconf 87' lang='lat' dir='ltr'><strong>netn</strong></span> <span class='ocrx_word' id='word_1_289' title='bbox 879 2508 934 2561; x_wconf 89' lang='lat' dir='ltr'><strong>in</strong></span> <span class='ocrx_word' id='word_1_290' title='bbox 971 2511 1170 2577; x_wconf 82' lang='lat' dir='ltr'><strong>spiritu</strong></span> <span class='ocrx_word' id='word_1_291' title='bbox 1204 2509 1405 2563; x_wconf 81' lang='lat' dir='ltr'><strong>eﬁecti.</strong></span> 
     </span>
    </p>
   </div>
   <div class='ocr_carea' id='block_1_45' title="bbox 1384 2500 3038 2577">
    <p class='ocr_par' dir='ltr' id='par_1_45' title="bbox 1392 2500 3038 2570">
     <span class='ocr_line' id='line_1_45' title="bbox 1392 2500 3038 2570; baseline -0.002 -16"><span class='ocrx_word' id='word_1_292' title='bbox 1392 2549 1405 2561; x_wconf 87' lang='grc'><em>,</em></span> <span class='ocrx_word' id='word_1_293' title='bbox 2397 2515 2549 2570; x_wconf 85' lang='grc' dir='ltr'>ματι,</span> <span class='ocrx_word' id='word_1_294' title='bbox 2583 2500 3038 2568; x_wconf 80' lang='grc' dir='ltr'>παμμακαριστε.</span> 
     </span>
    </p>
   </div>
   <div class='ocr_carea' id='block_1_46' title="bbox 1357 2611 3343 2676">
    <p class='ocr_par' dir='ltr' id='par_1_46' title="bbox 1357 2611 3343 2676">
     <span class='ocr_line' id='line_1_46' title="bbox 1357 2611 3343 2676; baseline -0.006 -1"><span class='ocrx_word' id='word_1_295' title='bbox 1357 2621 1664 2676; x_wconf 76' lang='lat' dir='ltr'><strong>Catabaaia.</strong></span> <span class='ocrx_word' id='word_1_296' title='bbox 2986 2611 3343 2664; x_wconf 77' lang='lat' dir='ltr'><strong>Kara6am&#39;a.</strong></span> 
     </span>
    </p>
   </div>
   <div class='ocr_carea' id='block_1_47' title="bbox 795 2708 2449 2796">
    <p class='ocr_par' dir='ltr' id='par_1_47' title="bbox 795 2708 2290 2781">
     <span class='ocr_line' id='line_1_47' title="bbox 795 2708 2290 2781; baseline 0.003 -19"><span class='ocrx_word' id='word_1_297' title='bbox 795 2711 966 2763; x_wconf 86' lang='lat' dir='ltr'><strong>Mater</strong></span> <span class='ocrx_word' id='word_1_298' title='bbox 993 2708 1176 2781; x_wconf 75' lang='lat' dir='ltr'><strong>Virgo,</strong></span> <span class='ocrx_word' id='word_1_299' title='bbox 1208 2721 1259 2766; x_wconf 90' lang='lat' dir='ltr'><strong>et</strong></span> <span class='ocrx_word' id='word_1_300' title='bbox 1291 2728 1416 2766; x_wconf 83' lang='lat' dir='ltr'><strong>vera</strong></span> <span class='ocrx_word' id='word_1_301' title='bbox 1455 2711 1679 2780; x_wconf 84' lang='lat' dir='ltr'><strong>Deipara</strong></span> <span class='ocrx_word' id='word_1_302' title='bbox 1708 2754 1722 2776; x_wconf 92' lang='lat'><strong>,</strong></span> <span class='ocrx_word' id='word_1_303' title='bbox 1771 2727 1892 2780; x_wconf 71' lang='lat' dir='ltr'><strong>qua!</strong></span> <span class='ocrx_word' id='word_1_304' title='bbox 1935 2711 2054 2766; x_wconf 87' lang='lat' dir='ltr'><strong>sine</strong></span> <span class='ocrx_word' id='word_1_305' title='bbox 2082 2713 2290 2767; x_wconf 86' lang='lat' dir='ltr'><strong>semine</strong></span> 
     </span>
    </p>
   </div>
   <div class='ocr_carea' id='block_1_48' title="bbox 2303 2708 3957 2796">
    <p class='ocr_par' dir='ltr' id='par_1_48' title="bbox 2463 2717 3957 2796">
     <span class='ocr_line' id='line_1_48' title="bbox 2463 2717 3957 2796; baseline -0.001 -20"><span class='ocrx_word' id='word_1_306' title='bbox 2463 2717 2533 2776; x_wconf 66' lang='grc' dir='ltr'><strong><em>Ὠ</em></strong></span> <span class='ocrx_word' id='word_1_307' title='bbox 2561 2724 2750 2794; x_wconf 76' lang='grc' dir='ltr'>Μῆτερ</span> <span class='ocrx_word' id='word_1_308' title='bbox 2779 2724 3045 2796; x_wconf 74' lang='grc' dir='ltr'><strong>Παρθένε,</strong></span> <span class='ocrx_word' id='word_1_309' title='bbox 3082 2725 3173 2778; x_wconf 77' lang='grc' dir='ltr'><strong>καὶ</strong></span> <span class='ocrx_word' id='word_1_310' title='bbox 3205 2723 3428 2778; x_wconf 77' lang='grc' dir='ltr'>Θεοτόκε</span> <span class='ocrx_word' id='word_1_311' title='bbox 3450 2725 3702 2794; x_wconf 72' lang='grc' dir='ltr'><strong>ἀψευδὴς,</strong></span> <span class='ocrx_word' id='word_1_312' title='bbox 3765 2723 3800 2791; x_wconf 77' lang='grc' dir='ltr'><strong>ἡ</strong></span> <span class='ocrx_word' id='word_1_313' title='bbox 3864 2739 3957 2775; x_wconf 80' lang='grc' dir='ltr'>τι·</span> 
     </span>
    </p>
   </div>
   <div class='ocr_carea' id='block_1_49' title="bbox 727 2799 2381 2887">
    <p class='ocr_par' dir='ltr' id='par_1_49' title="bbox 727 2799 2292 2869">
     <span class='ocr_line' id='line_1_49' title="bbox 727 2799 2292 2869; baseline 0.001 -17"><span class='ocrx_word' id='word_1_314' title='bbox 727 2799 957 2869; x_wconf 73' lang='lat' dir='ltr'><strong>genuisti</strong></span> <span class='ocrx_word' id='word_1_315' title='bbox 984 2799 1261 2855; x_wconf 89' lang='lat' dir='ltr'><strong>Christum</strong></span> <span class='ocrx_word' id='word_1_316' title='bbox 1301 2800 1467 2855; x_wconf 90' lang='lat' dir='ltr'><strong>Deum</strong></span> <span class='ocrx_word' id='word_1_317' title='bbox 1511 2811 1778 2866; x_wconf 84' lang='lat' dir='ltr'><strong>nostrum,</strong></span> <span class='ocrx_word' id='word_1_318' title='bbox 1817 2803 1866 2855; x_wconf 94' lang='lat' dir='ltr'><strong>in</strong></span> <span class='ocrx_word' id='word_1_319' title='bbox 1899 2817 2064 2857; x_wconf 90' lang='lat' dir='ltr'><strong>cruce</strong></span> <span class='ocrx_word' id='word_1_320' title='bbox 2095 2819 2292 2858; x_wconf 83' lang='lat' dir='ltr'><strong>secun-</strong></span> 
     </span>
    </p>
   </div>
   <div class='ocr_carea' id='block_1_50' title="bbox 2305 2799 3959 2887">
    <p class='ocr_par' dir='ltr' id='par_1_50' title="bbox 2396 2815 3959 2887">
     <span class='ocr_line' id='line_1_50' title="bbox 2396 2815 3959 2887; baseline -0.001 -20"><span class='ocrx_word' id='word_1_321' title='bbox 2396 2815 2565 2868; x_wconf 82' lang='grc' dir='ltr'>κοῦσα</span> <span class='ocrx_word' id='word_1_322' title='bbox 2600 2817 2850 2886; x_wconf 82' lang='grc' dir='ltr'>ἀσπόρως</span> <span class='ocrx_word' id='word_1_323' title='bbox 2880 2817 3111 2887; x_wconf 71' lang='grc' dir='ltr'>Χριστὸν</span> <span class='ocrx_word' id='word_1_324' title='bbox 3133 2817 3223 2870; x_wconf 76' lang='grc' dir='ltr'><strong>τὸν</strong></span> <span class='ocrx_word' id='word_1_325' title='bbox 3245 2816 3567 2886; x_wconf 75' lang='grc' dir='ltr'><strong>Θεδνὴμῶν,</strong></span> <span class='ocrx_word' id='word_1_326' title='bbox 3588 2815 3678 2867; x_wconf 76' lang='grc' dir='ltr'>τὸν</span> <span class='ocrx_word' id='word_1_327' title='bbox 3706 2817 3768 2866; x_wconf 73' lang='grc' dir='ltr'>ἐν</span> <span class='ocrx_word' id='word_1_328' title='bbox 3799 2831 3959 2866; x_wconf 78' lang='grc' dir='ltr'>σταυ-</span> 
     </span>
    </p>
   </div>
   <div class='ocr_carea' id='block_1_51' title="bbox 725 2893 2379 2976">
    <p class='ocr_par' dir='ltr' id='par_1_51' title="bbox 725 2893 2292 2966">
     <span class='ocr_line' id='line_1_51' title="bbox 725 2893 2292 2966; baseline 0.004 -20"><span class='ocrx_word' id='word_1_329' title='bbox 725 2894 853 2946; x_wconf 83' lang='lat' dir='ltr'><strong>duin</strong></span> <span class='ocrx_word' id='word_1_330' title='bbox 905 2908 1126 2947; x_wconf 82' lang='lat' dir='ltr'><strong>carnem</strong></span> <span class='ocrx_word' id='word_1_331' title='bbox 1170 2894 1489 2948; x_wconf 79' lang='lat' dir='ltr'><strong>exaltatum.</strong></span> <span class='ocrx_word' id='word_1_332' title='bbox 1533 2893 1608 2948; x_wconf 81' lang='lat' dir='ltr'><strong>Te</strong></span> <span class='ocrx_word' id='word_1_333' title='bbox 1657 2910 1852 2950; x_wconf 83' lang='lat' dir='ltr'><strong>omnes</strong></span> <span class='ocrx_word' id='word_1_334' title='bbox 1902 2895 2089 2951; x_wconf 82' lang='lat' dir='ltr'><strong>ﬁdeles</strong></span> <span class='ocrx_word' id='word_1_335' title='bbox 2131 2897 2292 2966; x_wconf 74' lang='lat' dir='ltr'><strong>digne</strong></span> 
     </span>
    </p>
   </div>
   <div class='ocr_carea' id='block_1_52' title="bbox 2303 2893 3957 2976">
    <p class='ocr_par' dir='ltr' id='par_1_52' title="bbox 2401 2903 3957 2976">
     <span class='ocr_line' id='line_1_52' title="bbox 2401 2903 3957 2976; baseline -0.001 -19"><span class='ocrx_word' id='word_1_336' title='bbox 2401 2905 2476 2975; x_wconf 85' lang='grc' dir='ltr'>ρῷ</span> <span class='ocrx_word' id='word_1_337' title='bbox 2521 2905 2801 2974; x_wconf 75' lang='grc' dir='ltr'>ύψωθέντα</span> <span class='ocrx_word' id='word_1_338' title='bbox 2839 2907 3022 2976; x_wconf 82' lang='grc' dir='ltr'>σαρκί.</span> <span class='ocrx_word' id='word_1_339' title='bbox 3071 2907 3136 2960; x_wconf 67' lang='grc' dir='ltr'><strong>Σὶ</strong></span> <span class='ocrx_word' id='word_1_340' title='bbox 3158 2910 3206 2960; x_wconf 83' lang='lat' dir='ltr'><strong>oi</strong></span> <span class='ocrx_word' id='word_1_341' title='bbox 3236 2907 3418 2959; x_wconf 76' lang='grc' dir='ltr'>πιστοὶ</span> <span class='ocrx_word' id='word_1_342' title='bbox 3477 2905 3713 2967; x_wconf 65' lang='grc' dir='ltr'>ἅπαντες</span> <span class='ocrx_word' id='word_1_343' title='bbox 3785 2903 3957 2968; x_wconf 77' lang='grc' dir='ltr'>ἀξίως</span> 
     </span>
    </p>
   </div>
   <div class='ocr_carea' id='block_1_53' title="bbox 728 2985 2382 3065">
    <p class='ocr_par' dir='ltr' id='par_1_53' title="bbox 728 2985 1654 3059">
     <span class='ocr_line' id='line_1_53' title="bbox 728 2985 1654 3059; baseline 0.002 -17"><span class='ocrx_word' id='word_1_344' title='bbox 728 3000 859 3042; x_wconf 87' lang='lat' dir='ltr'><strong>cum</strong></span> <span class='ocrx_word' id='word_1_345' title='bbox 897 2985 1038 3042; x_wconf 80' lang='lat' dir='ltr'><strong>Filio</strong></span> <span class='ocrx_word' id='word_1_346' title='bbox 1079 2997 1169 3042; x_wconf 89' lang='lat' dir='ltr'><strong>tuo</strong></span> <span class='ocrx_word' id='word_1_347' title='bbox 1207 2989 1654 3059; x_wconf 68' lang='lat' dir='ltr'><strong>deprtedicamus.</strong></span> 
     </span>
    </p>
   </div>
   <div class='ocr_carea' id='block_1_54' title="bbox 1591 2985 3245 3065">
    <p class='ocr_par' dir='ltr' id='par_1_54' title="bbox 1591 2993 3245 3065">
     <span class='ocr_line' id='line_1_54' title="bbox 1591 2993 3245 3065; baseline 0.003 -22"><span class='ocrx_word' id='word_1_348' title='bbox 1591 3004 1654 3044; x_wconf 83' lang='lat' dir='ltr'><strong>ts.</strong></span> <span class='ocrx_word' id='word_1_349' title='bbox 2399 2994 2494 3047; x_wconf 80' lang='grc' dir='ltr'><strong>σὺν</strong></span> <span class='ocrx_word' id='word_1_350' title='bbox 2531 2994 2704 3065; x_wconf 84' lang='grc' dir='ltr'>τούτῳ</span> <span class='ocrx_word' id='word_1_351' title='bbox 2736 2994 2829 3048; x_wconf 82' lang='grc' dir='ltr'>νῦν</span> <span class='ocrx_word' id='word_1_352' title='bbox 2853 2993 3245 3064; x_wconf 75' lang='grc' dir='ltr'>μιγαλύνομεν.</span> 
     </span>
    </p>
   </div>
   <div class='ocr_carea' id='block_1_55' title="bbox 1305 3098 2959 3173">
    <p class='ocr_par' dir='ltr' id='par_1_55' title="bbox 1305 3098 2958 3160">
     <span class='ocr_line' id='line_1_55' title="bbox 1305 3098 2958 3160; baseline 0.006 -10"><span class='ocrx_word' id='word_1_353' title='bbox 1305 3098 1458 3150; x_wconf 74' lang='lat' dir='ltr'><strong>Finis</strong></span> <span class='ocrx_word' id='word_1_354' title='bbox 1490 3101 1729 3153; x_wconf 69' lang='lat' dir='ltr'><strong>canonis.</strong></span> <span class='ocrx_word' id='word_1_355' title='bbox 2890 3108 2958 3160; x_wconf 79' lang='grc' dir='ltr'><strong>Τέ</strong></span> 
     </span>
    </p>
   </div>
   <div class='ocr_carea' id='block_1_56' title="bbox 1841 3098 3495 3173">
    <p class='ocr_par' dir='ltr' id='par_1_56' title="bbox 2890 3105 3495 3173">
     <span class='ocr_line' id='line_1_56' title="bbox 2890 3105 3495 3173; baseline 0 -13"><span class='ocrx_word' id='word_1_356' title='bbox 2890 3108 3066 3173; x_wconf 74' lang='grc' dir='ltr'><em>Τέλος</em></span> <span class='ocrx_word' id='word_1_357' title='bbox 3089 3105 3194 3160; x_wconf 82' lang='grc' dir='ltr'>τοῦ</span> <span class='ocrx_word' id='word_1_358' title='bbox 3222 3106 3495 3172; x_wconf 77' lang='grc' dir='ltr'><strong>κανόνος.</strong></span> 
     </span>
    </p>
   </div>
   <div class='ocr_carea' id='block_1_57' title="bbox 1217 3439 3475 3536">
    <p class='ocr_par' dir='ltr' id='par_1_57' title="bbox 1217 3439 3475 3536">
     <span class='ocr_line' id='line_1_57' title="bbox 1217 3439 3475 3536; baseline -0 -8"><span class='ocrx_word' id='word_1_359' title='bbox 1217 3439 1597 3530; x_wconf 84' lang='lat' dir='ltr'><strong>CANON</strong></span> <span class='ocrx_word' id='word_1_360' title='bbox 1702 3442 2313 3531; x_wconf 84' lang='lat' dir='ltr'><strong>EPINICIUS</strong></span> <span class='ocrx_word' id='word_1_361' title='bbox 2409 3443 2625 3533; x_wconf 88' lang='lat' dir='ltr'><strong>SEU</strong></span> <span class='ocrx_word' id='word_1_362' title='bbox 2713 3443 3475 3536; x_wconf 79' lang='lat' dir='ltr'><strong>VICTORIALIS</strong></span> 
     </span>
    </p>
   </div>
   <div class='ocr_carea' id='block_1_58' title="bbox 1862 3665 2823 3714">
    <p class='ocr_par' dir='ltr' id='par_1_58' title="bbox 1862 3665 2823 3714">
     <span class='ocr_line' id='line_1_58' title="bbox 1862 3665 2823 3714; baseline -0.001 -1"><span class='ocrx_word' id='word_1_363' title='bbox 1862 3665 1929 3713; x_wconf 73' lang='lat' dir='ltr'><strong>IN</strong></span> <span class='ocrx_word' id='word_1_364' title='bbox 1968 3668 2316 3712; x_wconf 73' lang='lat' dir='ltr'><strong>ERECTIONE</strong></span> <span class='ocrx_word' id='word_1_365' title='bbox 2359 3669 2446 3712; x_wconf 88' lang='lat' dir='ltr'><strong>SS.</strong></span> <span class='ocrx_word' id='word_1_366' title='bbox 2489 3668 2823 3714; x_wconf 71' lang='lat' dir='ltr'><strong>IMAGINUM.</strong></span> 
     </span>
    </p>
   </div>
   <div class='ocr_carea' id='block_1_59' title="bbox 1591 3828 3084 3902">
    <p class='ocr_par' dir='ltr' id='par_1_59' title="bbox 1591 3828 3084 3902">
     <span class='ocr_line' id='line_1_59' title="bbox 1591 3828 3084 3902; baseline 0.004 -17"><span class='ocrx_word' id='word_1_367' title='bbox 1591 3833 1884 3897; x_wconf 72' lang='lat' dir='ltr'><strong>Buonws,</strong></span> <span class='ocrx_word' id='word_1_368' title='bbox 1924 3830 2150 3884; x_wconf 74' lang='lat' dir='ltr'><strong>Annales</strong></span> <span class='ocrx_word' id='word_1_369' title='bbox 2185 3828 2590 3900; x_wconf 69' lang='lat' dir='ltr'><strong>Ecclesiaatici;</strong></span> <span class='ocrx_word' id='word_1_370' title='bbox 2627 3841 2667 3888; x_wconf 91' lang='grc' dir='ltr'>ι.</span> <span class='ocrx_word' id='word_1_371' title='bbox 2701 3829 2802 3895; x_wconf 78' lang='lat' dir='ltr'><strong>IX.</strong></span> <span class='ocrx_word' id='word_1_372' title='bbox 2837 3847 2892 3902; x_wconf 70' lang='grc' dir='ltr'><strong>ι).</strong></span> <span class='ocrx_word' id='word_1_373' title='bbox 2928 3832 3084 3892; x_wconf 72' lang='grc'><strong>1059.</strong></span> 
     </span>
    </p>
   </div>
   <div class='ocr_carea' id='block_1_60' title="bbox 801 4067 3955 4142">
    <p class='ocr_par' dir='ltr' id='par_1_60' title="bbox 801 4067 3955 4142">
     <span class='ocr_line' id='line_1_60' title="bbox 801 4067 3955 4142; baseline 0 -18"><span class='ocrx_word' id='word_1_374' title='bbox 801 4067 1096 4124; x_wconf 82' lang='lat' dir='ltr'><strong>Confessor</strong></span> <span class='ocrx_word' id='word_1_375' title='bbox 1117 4069 1255 4124; x_wconf 87' lang='lat' dir='ltr'><strong>alius</strong></span> <span class='ocrx_word' id='word_1_376' title='bbox 1290 4068 1424 4136; x_wconf 87' lang='lat' dir='ltr'><strong>(etsi</strong></span> <span class='ocrx_word' id='word_1_377' title='bbox 1447 4067 1765 4125; x_wconf 83' lang='lat' dir='ltr'><strong>Theodorus</strong></span> <span class='ocrx_word' id='word_1_378' title='bbox 1791 4069 2006 4124; x_wconf 82' lang='lat' dir='ltr'><strong>Studita</strong></span> <span class='ocrx_word' id='word_1_379' title='bbox 2033 4085 2154 4125; x_wconf 81' lang='lat' dir='ltr'><strong>esse</strong></span> <span class='ocrx_word' id='word_1_380' title='bbox 2185 4087 2288 4124; x_wconf 88' lang='lat' dir='ltr'><strong>non</strong></span> <span class='ocrx_word' id='word_1_381' title='bbox 2313 4073 2521 4140; x_wconf 88' lang='lat' dir='ltr'><strong>potuit,</strong></span> <span class='ocrx_word' id='word_1_382' title='bbox 2553 4073 2775 4142; x_wconf 85' lang='lat' dir='ltr'><strong>quijam</strong></span> <span class='ocrx_word' id='word_1_383' title='bbox 2808 4081 2934 4127; x_wconf 87' lang='lat' dir='ltr'><strong>ante</strong></span> <span class='ocrx_word' id='word_1_384' title='bbox 2964 4073 3080 4128; x_wconf 72' lang='lat' dir='ltr'><strong>haec</strong></span> <span class='ocrx_word' id='word_1_385' title='bbox 3116 4082 3351 4142; x_wconf 88' lang='lat' dir='ltr'><strong>tempora</strong></span> <span class='ocrx_word' id='word_1_386' title='bbox 3373 4087 3435 4126; x_wconf 77' lang='lat' dir='ltr'><strong>ex</strong></span> <span class='ocrx_word' id='word_1_387' title='bbox 3477 4071 3578 4124; x_wconf 89' lang='lat' dir='ltr'><strong>hac</strong></span> <span class='ocrx_word' id='word_1_388' title='bbox 3611 4073 3719 4123; x_wconf 83' lang='lat' dir='ltr'><strong>vita</strong></span> <span class='ocrx_word' id='word_1_389' title='bbox 3747 4069 3955 4139; x_wconf 72' lang='lat' dir='ltr'><strong>migra-</strong></span> 
     </span>
    </p>
   </div>
   <div class='ocr_carea' id='block_1_61' title="bbox 735 4155 3942 4229">
    <p class='ocr_par' dir='ltr' id='par_1_61' title="bbox 735 4155 3942 4229">
     <span class='ocr_line' id='line_1_61' title="bbox 735 4155 3942 4229; baseline -0.001 -17"><span class='ocrx_word' id='word_1_390' title='bbox 735 4163 853 4224; x_wconf 84' lang='lat' dir='ltr'><strong>rat)</strong></span> <span class='ocrx_word' id='word_1_391' title='bbox 886 4159 1050 4212; x_wconf 90' lang='lat' dir='ltr'><strong>alium</strong></span> <span class='ocrx_word' id='word_1_392' title='bbox 1081 4166 1207 4210; x_wconf 90' lang='lat' dir='ltr'><strong>tunc</strong></span> <span class='ocrx_word' id='word_1_393' title='bbox 1234 4159 1512 4225; x_wconf 87' lang='lat' dir='ltr'><strong>temporis,</strong></span> <span class='ocrx_word' id='word_1_394' title='bbox 1553 4155 1661 4211; x_wconf 91' lang='lat' dir='ltr'><strong>Deo</strong></span> <span class='ocrx_word' id='word_1_395' title='bbox 1684 4158 2004 4226; x_wconf 78' lang='lat' dir='ltr'><strong>inspirante,</strong></span> <span class='ocrx_word' id='word_1_396' title='bbox 2038 4160 2364 4228; x_wconf 87' lang='lat' dir='ltr'><strong>conscripsit</strong></span> <span class='ocrx_word' id='word_1_397' title='bbox 2392 4161 2651 4229; x_wconf 81' lang='lat' dir='ltr'><strong>hymnum</strong></span> <span class='ocrx_word' id='word_1_398' title='bbox 2676 4203 2690 4226; x_wconf 88' lang='lat'><strong>,</strong></span> <span class='ocrx_word' id='word_1_399' title='bbox 2723 4176 2830 4229; x_wconf 91' lang='lat' dir='ltr'><strong>quo</strong></span> <span class='ocrx_word' id='word_1_400' title='bbox 2855 4169 3122 4214; x_wconf 90' lang='lat' dir='ltr'><strong>concentu</strong></span> <span class='ocrx_word' id='word_1_401' title='bbox 3165 4161 3462 4213; x_wconf 84' lang='lat' dir='ltr'><strong>oblectaret</strong></span> <span class='ocrx_word' id='word_1_402' title='bbox 3505 4157 3804 4211; x_wconf 84' lang='lat' dir='ltr'><strong>Eeclesiam</strong></span> <span class='ocrx_word' id='word_1_403' title='bbox 3828 4198 3840 4220; x_wconf 86' lang='lat'><strong>,</strong></span> <span class='ocrx_word' id='word_1_404' title='bbox 3884 4166 3942 4212; x_wconf 83' lang='lat' dir='ltr'><strong>et</strong></span> 
     </span>
    </p>
   </div>
   <div class='ocr_carea' id='block_1_62' title="bbox 735 4242 3946 4314">
    <p class='ocr_par' dir='ltr' id='par_1_62' title="bbox 735 4242 3946 4314">
     <span class='ocr_line' id='line_1_62' title="bbox 735 4242 3946 4314; baseline -0.001 -16"><span class='ocrx_word' id='word_1_405' title='bbox 735 4245 924 4298; x_wconf 81' lang='lat' dir='ltr'><strong>aculeo</strong></span> <span class='ocrx_word' id='word_1_406' title='bbox 966 4246 1246 4314; x_wconf 82' lang='lat' dir='ltr'><strong>itnpeteret</strong></span> <span class='ocrx_word' id='word_1_407' title='bbox 1278 4245 1512 4313; x_wconf 84' lang='lat' dir='ltr'><strong>perﬁdos</strong></span> <span class='ocrx_word' id='word_1_408' title='bbox 1543 4245 1902 4301; x_wconf 86' lang='lat' dir='ltr'><strong>lconoclastas</strong></span> <span class='ocrx_word' id='word_1_409' title='bbox 1930 4264 1942 4300; x_wconf 89' lang='lat'><strong>:</strong></span> <span class='ocrx_word' id='word_1_410' title='bbox 1976 4263 2137 4314; x_wconf 88' lang='lat' dir='ltr'><strong>quem</strong></span> <span class='ocrx_word' id='word_1_411' title='bbox 2175 4247 2225 4300; x_wconf 91' lang='lat' dir='ltr'><strong>in</strong></span> <span class='ocrx_word' id='word_1_412' title='bbox 2256 4248 2482 4300; x_wconf 86' lang='lat' dir='ltr'><strong>solemni</strong></span> <span class='ocrx_word' id='word_1_413' title='bbox 2513 4249 2862 4314; x_wconf 90' lang='lat' dir='ltr'><strong>processione</strong></span> <span class='ocrx_word' id='word_1_414' title='bbox 2898 4247 3196 4301; x_wconf 82' lang='lat' dir='ltr'><strong>canendum</strong></span> <span class='ocrx_word' id='word_1_415' title='bbox 3226 4255 3354 4300; x_wconf 92' lang='lat' dir='ltr'><strong>tunc</strong></span> <span class='ocrx_word' id='word_1_416' title='bbox 3382 4246 3640 4311; x_wconf 85' lang='lat' dir='ltr'><strong>temporis</strong></span> <span class='ocrx_word' id='word_1_417' title='bbox 3669 4242 3946 4297; x_wconf 85' lang='lat' dir='ltr'><strong>Constan-</strong></span> 
     </span>
    </p>
   </div>
   <div class='ocr_carea' id='block_1_63' title="bbox 740 4331 3952 4402">
    <p class='ocr_par' dir='ltr' id='par_1_63' title="bbox 740 4331 3952 4402">
     <span class='ocr_line' id='line_1_63' title="bbox 740 4331 3952 4402; baseline 0.001 -19"><span class='ocrx_word' id='word_1_418' title='bbox 740 4331 1098 4400; x_wconf 78' lang='lat' dir='ltr'><strong>tiunpulitana</strong></span> <span class='ocrx_word' id='word_1_419' title='bbox 1137 4332 1378 4400; x_wconf 85' lang='lat' dir='ltr'><strong>suscepit</strong></span> <span class='ocrx_word' id='word_1_420' title='bbox 1416 4331 1654 4386; x_wconf 80' lang='lat' dir='ltr'><strong>Ecclesia</strong></span> <span class='ocrx_word' id='word_1_421' title='bbox 1685 4371 1700 4394; x_wconf 94' lang='lat'><strong>,</strong></span> <span class='ocrx_word' id='word_1_422' title='bbox 1747 4348 1870 4386; x_wconf 91' lang='lat' dir='ltr'><strong>cum</strong></span> <span class='ocrx_word' id='word_1_423' title='bbox 1905 4333 2068 4385; x_wconf 85' lang='lat' dir='ltr'><strong>veluti</strong></span> <span class='ocrx_word' id='word_1_424' title='bbox 2117 4335 2168 4386; x_wconf 90' lang='lat' dir='ltr'><strong>in</strong></span> <span class='ocrx_word' id='word_1_425' title='bbox 2211 4333 2544 4402; x_wconf 84' lang='lat' dir='ltr'><strong>triumphum</strong></span> <span class='ocrx_word' id='word_1_426' title='bbox 2584 4349 2753 4388; x_wconf 67' lang='lat' dir='ltr'><strong>sacra:</strong></span> <span class='ocrx_word' id='word_1_427' title='bbox 2797 4335 3120 4388; x_wconf 85' lang='lat' dir='ltr'><strong>veherentur</strong></span> <span class='ocrx_word' id='word_1_428' title='bbox 3162 4332 3424 4401; x_wconf 72' lang='lat' dir='ltr'><strong>imagines</strong></span> <span class='ocrx_word' id='word_1_429' title='bbox 3458 4353 3468 4385; x_wconf 92' lang='lat'><strong>:</strong></span> <span class='ocrx_word' id='word_1_430' title='bbox 3503 4345 3662 4399; x_wconf 89' lang='lat' dir='ltr'><strong>quem</strong></span> <span class='ocrx_word' id='word_1_431' title='bbox 3692 4331 3853 4382; x_wconf 87' lang='lat' dir='ltr'><strong>etiam</strong></span> <span class='ocrx_word' id='word_1_432' title='bbox 3883 4348 3952 4386; x_wconf 89' lang='lat' dir='ltr'><strong>ne</strong></span> 
     </span>
    </p>
   </div>
   <div class='ocr_carea' id='block_1_64' title="bbox 735 4418 3949 4489">
    <p class='ocr_par' dir='ltr' id='par_1_64' title="bbox 735 4418 3949 4489">
     <span class='ocr_line' id='line_1_64' title="bbox 735 4418 3949 4489; baseline 0.001 -21"><span class='ocrx_word' id='word_1_433' title='bbox 735 4419 862 4487; x_wconf 90' lang='lat' dir='ltr'><strong>quid</strong></span> <span class='ocrx_word' id='word_1_434' title='bbox 897 4418 988 4470; x_wconf 78' lang='lat' dir='ltr'><strong>tilii</strong></span> <span class='ocrx_word' id='word_1_435' title='bbox 1015 4419 1205 4471; x_wconf 83' lang='lat' dir='ltr'><strong>deesse</strong></span> <span class='ocrx_word' id='word_1_436' title='bbox 1236 4419 1408 4486; x_wconf 78' lang='lat' dir='ltr'><strong>possit</strong></span> <span class='ocrx_word' id='word_1_437' title='bbox 1439 4420 1504 4471; x_wconf 91' lang='lat' dir='ltr'><strong>ad</strong></span> <span class='ocrx_word' id='word_1_438' title='bbox 1552 4419 1767 4486; x_wconf 84' lang='lat' dir='ltr'><strong>plenum</strong></span> <span class='ocrx_word' id='word_1_439' title='bbox 1800 4420 2055 4487; x_wconf 77' lang='lat' dir='ltr'><strong>gaudium</strong></span> <span class='ocrx_word' id='word_1_440' title='bbox 2086 4419 2154 4473; x_wconf 90' lang='lat' dir='ltr'><strong>ob</strong></span> <span class='ocrx_word' id='word_1_441' title='bbox 2186 4431 2507 4485; x_wconf 87' lang='lat' dir='ltr'><strong>prostratam</strong></span> <span class='ocrx_word' id='word_1_442' title='bbox 2548 4424 2875 4489; x_wconf 86' lang='lat' dir='ltr'><strong>impietatem</strong></span> <span class='ocrx_word' id='word_1_443' title='bbox 2904 4462 2920 4487; x_wconf 95' lang='lat'><strong>,</strong></span> <span class='ocrx_word' id='word_1_444' title='bbox 2964 4432 3018 4476; x_wconf 93' lang='lat' dir='ltr'><strong>et</strong></span> <span class='ocrx_word' id='word_1_445' title='bbox 3060 4423 3213 4476; x_wconf 83' lang='lat' dir='ltr'><strong>ﬁdem</strong></span> <span class='ocrx_word' id='word_1_446' title='bbox 3254 4421 3576 4475; x_wconf 74' lang='lat' dir='ltr'><strong>catholicam</strong></span> <span class='ocrx_word' id='word_1_447' title='bbox 3619 4423 3912 4475; x_wconf 76' lang='lat' dir='ltr'><strong>exaltatam</strong></span> <span class='ocrx_word' id='word_1_448' title='bbox 3933 4465 3949 4485; x_wconf 88' lang='lat'><strong>,</strong></span> 
     </span>
    </p>
   </div>
   <div class='ocr_carea' id='block_1_65' title="bbox 737 4505 3950 4576">
    <p class='ocr_par' dir='ltr' id='par_1_65' title="bbox 737 4505 3950 4576">
     <span class='ocr_line' id='line_1_65' title="bbox 737 4505 3950 4576; baseline 0 -19"><span class='ocrx_word' id='word_1_449' title='bbox 737 4505 823 4558; x_wconf 90' lang='lat' dir='ltr'><strong>hic</strong></span> <span class='ocrx_word' id='word_1_450' title='bbox 851 4505 944 4557; x_wconf 82' lang='lat' dir='ltr'><strong>tibi</strong></span> <span class='ocrx_word' id='word_1_451' title='bbox 979 4505 1331 4557; x_wconf 76' lang='lat' dir='ltr'><strong>occineriduui</strong></span> <span class='ocrx_word' id='word_1_452' title='bbox 1358 4507 1658 4573; x_wconf 85' lang='lat' dir='ltr'><strong>posuimus,</strong></span> <span class='ocrx_word' id='word_1_453' title='bbox 1690 4508 1780 4573; x_wconf 81' lang='lat' dir='ltr'><strong>qui</strong></span> <span class='ocrx_word' id='word_1_454' title='bbox 1814 4507 1892 4558; x_wconf 87' lang='lat' dir='ltr'><strong>sic</strong></span> <span class='ocrx_word' id='word_1_455' title='bbox 1920 4522 1976 4559; x_wconf 85' lang='lat' dir='ltr'><strong>se</strong></span> <span class='ocrx_word' id='word_1_456' title='bbox 2010 4508 2166 4559; x_wconf 87' lang='lat' dir='ltr'><strong>habet</strong></span> <span class='ocrx_word' id='word_1_457' title='bbox 2200 4509 2300 4562; x_wconf 85' lang='lat' dir='ltr'><strong>hac</strong></span> <span class='ocrx_word' id='word_1_458' title='bbox 2335 4509 2681 4576; x_wconf 85' lang='lat' dir='ltr'><strong>inscriptione</strong></span> <span class='ocrx_word' id='word_1_459' title='bbox 2716 4520 2928 4562; x_wconf 88' lang='lat' dir='ltr'><strong>notatus</strong></span> <span class='ocrx_word' id='word_1_460' title='bbox 2962 4525 2975 4560; x_wconf 90' lang='lat'><strong>:</strong></span> <span class='ocrx_word' id='word_1_461' title='bbox 3009 4507 3192 4561; x_wconf 88' lang='lat' dir='ltr'><strong>Canon</strong></span> <span class='ocrx_word' id='word_1_462' title='bbox 3223 4509 3501 4576; x_wconf 72' lang='lat' dir='ltr'><strong>epinicius,</strong></span> <span class='ocrx_word' id='word_1_463' title='bbox 3531 4525 3619 4560; x_wconf 77' lang='lat' dir='ltr'><strong>seu</strong></span> <span class='ocrx_word' id='word_1_464' title='bbox 3659 4509 3950 4560; x_wconf 73' lang='lat' dir='ltr'><strong>tictorialia</strong></span> 
     </span>
    </p>
   </div>
   <div class='ocr_carea' id='block_1_66' title="bbox 734 4587 3954 4660">
    <p class='ocr_par' dir='ltr' id='par_1_66' title="bbox 734 4587 3954 4660">
     <span class='ocr_line' id='line_1_66' title="bbox 734 4587 3954 4660; baseline 0.001 -18"><span class='ocrx_word' id='word_1_465' title='bbox 734 4607 767 4642; x_wconf 89' lang='lat' dir='ltr'><strong>a</strong></span> <span class='ocrx_word' id='word_1_466' title='bbox 810 4589 1077 4643; x_wconf 81' lang='lat' dir='ltr'><strong>Theodoro</strong></span> <span class='ocrx_word' id='word_1_467' title='bbox 1113 4587 1326 4644; x_wconf 79' lang='lat' dir='ltr'><strong>Studita</strong></span> <span class='ocrx_word' id='word_1_468' title='bbox 1356 4592 1646 4659; x_wconf 67' lang='lat' dir='ltr'><strong>confessor:</strong></span> <span class='ocrx_word' id='word_1_469' title='bbox 1673 4593 1999 4660; x_wconf 76' lang='lat' dir='ltr'><strong>conscriptus</strong></span> <span class='ocrx_word' id='word_1_470' title='bbox 2020 4635 2034 4653; x_wconf 90' lang='lat'><strong>,</strong></span> <span class='ocrx_word' id='word_1_471' title='bbox 2079 4604 2126 4646; x_wconf 84' lang='lat' dir='ltr'><strong>et</strong></span> <span class='ocrx_word' id='word_1_472' title='bbox 2157 4596 2266 4646; x_wconf 74' lang='lat' dir='ltr'><strong>suis</strong></span> <span class='ocrx_word' id='word_1_473' title='bbox 2298 4593 2431 4648; x_wconf 78' lang='lat' dir='ltr'><strong>Odia</strong></span> <span class='ocrx_word' id='word_1_474' title='bbox 2455 4596 2762 4656; x_wconf 73' lang='lat' dir='ltr'><strong>distinctus,</strong></span> <span class='ocrx_word' id='word_1_475' title='bbox 2813 4611 2908 4647; x_wconf 71' lang='lat' dir='ltr'><strong>usu</strong></span> <span class='ocrx_word' id='word_1_476' title='bbox 2954 4607 3182 4658; x_wconf 75' lang='lat' dir='ltr'><strong>receptus</strong></span> <span class='ocrx_word' id='word_1_477' title='bbox 3210 4606 3262 4646; x_wconf 84' lang='lat' dir='ltr'><strong>ut</strong></span> <span class='ocrx_word' id='word_1_478' title='bbox 3287 4603 3560 4647; x_wconf 72' lang='lat' dir='ltr'><strong>caneretur</strong></span> <span class='ocrx_word' id='word_1_479' title='bbox 3583 4631 3598 4653; x_wconf 92' lang='lat'><strong>,</strong></span> <span class='ocrx_word' id='word_1_480' title='bbox 3628 4595 3753 4644; x_wconf 80' lang='lat' dir='ltr'><strong>dum</strong></span> <span class='ocrx_word' id='word_1_481' title='bbox 3783 4609 3954 4644; x_wconf 69' lang='lat' dir='ltr'><strong>sacri:</strong></span> 
     </span>
    </p>
   </div>
   <div class='ocr_carea' id='block_1_67' title="bbox 740 4677 3951 4751">
    <p class='ocr_par' dir='ltr' id='par_1_67' title="bbox 740 4677 3951 4751">
     <span class='ocr_line' id='line_1_67' title="bbox 740 4677 3951 4751; baseline 0.001 -22"><span class='ocrx_word' id='word_1_482' title='bbox 740 4677 1026 4731; x_wconf 72' lang='lat' dir='ltr'><strong>ﬂaminicae</strong></span> <span class='ocrx_word' id='word_1_483' title='bbox 1048 4680 1218 4730; x_wconf 73' lang='lat' dir='ltr'><strong>crucia</strong></span> <span class='ocrx_word' id='word_1_484' title='bbox 1247 4679 1446 4748; x_wconf 82' lang='lat' dir='ltr'><strong>lignum</strong></span> <span class='ocrx_word' id='word_1_485' title='bbox 1472 4689 1520 4733; x_wconf 79' lang='lat' dir='ltr'><strong>et</strong></span> <span class='ocrx_word' id='word_1_486' title='bbox 1551 4681 1856 4734; x_wconf 71' lang='lat' dir='ltr'><strong>veneranda</strong></span> <span class='ocrx_word' id='word_1_487' title='bbox 1888 4681 2141 4748; x_wconf 74' lang='lat' dir='ltr'><strong>imagines</strong></span> <span class='ocrx_word' id='word_1_488' title='bbox 2167 4683 2621 4750; x_wconf 70' lang='lat' dir='ltr'><strong>procationaliter</strong></span> <span class='ocrx_word' id='word_1_489' title='bbox 2653 4684 2826 4751; x_wconf 83' lang='lat' dir='ltr'><strong>prima</strong></span> <span class='ocrx_word' id='word_1_490' title='bbox 2858 4683 3131 4736; x_wconf 70' lang='lat' dir='ltr'><strong>Dominicis</strong></span> <span class='ocrx_word' id='word_1_491' title='bbox 3167 4682 3608 4751; x_wconf 76' lang='lat' dir='ltr'><strong>Quadragcaima-</strong></span> <span class='ocrx_word' id='word_1_492' title='bbox 3635 4679 3951 4734; x_wconf 70' lang='lat' dir='ltr'><strong>Constanti-</strong></span> 
     </span>
    </p>
   </div>
   <div class='ocr_carea' id='block_1_68' title="bbox 736 4765 1233 4834">
    <p class='ocr_par' dir='ltr' id='par_1_68' title="bbox 736 4765 1233 4834">
     <span class='ocr_line' id='line_1_68' title="bbox 736 4765 1233 4834; baseline 0.002 -15"><span class='ocrx_word' id='word_1_493' title='bbox 736 4765 911 4834; x_wconf 77' lang='lat' dir='ltr'><strong>nopoli</strong></span> <span class='ocrx_word' id='word_1_494' title='bbox 945 4775 1233 4834; x_wconf 71' lang='lat' dir='ltr'><strong>gestantur.</strong></span> 
     </span>
    </p>
   </div>
   <div class='ocr_carea' id='block_1_69' title="bbox 1247 4932 2901 4999">
    <p class='ocr_par' dir='ltr' id='par_1_69' title="bbox 1247 4932 2901 4999">
     <span class='ocr_line' id='line_1_69' title="bbox 1247 4932 2901 4999; baseline 0.001 -12"><span class='ocrx_word' id='word_1_495' title='bbox 1247 4933 1480 4987; x_wconf 77' lang='lat' dir='ltr'><strong><em>ALTER</em></strong></span> <span class='ocrx_word' id='word_1_496' title='bbox 1523 4932 1781 4990; x_wconf 76' lang='lat' dir='ltr'><strong>CANON</strong></span> <span class='ocrx_word' id='word_1_497' title='bbox 2308 4939 2357 4999; x_wconf 62' lang='grc' dir='ltr'><strong>(ζ</strong></span> <span class='ocrx_word' id='word_1_498' title='bbox 2893 4938 2901 4988; x_wconf 75' lang='lat' dir='ltr'><strong>l</strong></span> 
     </span>
    </p>
   </div>
   <div class='ocr_carea' id='block_1_70' title="bbox 1794 4932 3448 4999">
    <p class='ocr_par' dir='ltr' id='par_1_70' title="bbox 2308 4936 3448 4999">
     <span class='ocr_line' id='line_1_70' title="bbox 2308 4936 3448 4999; baseline 0 -11"><span class='ocrx_word' id='word_1_499' title='bbox 2308 4939 2357 4999; x_wconf 62' lang='grc' dir='ltr'><strong>(Ζ</strong></span> <span class='ocrx_word' id='word_1_500' title='bbox 2893 4937 3175 4988; x_wconf 77' lang='grc' dir='ltr'><strong>ΕΤΕΡΟΣ</strong></span> <span class='ocrx_word' id='word_1_501' title='bbox 3204 4936 3448 4988; x_wconf 78' lang='grc' dir='ltr'><strong>ΚΑΝΩΝ</strong></span> 
     </span>
    </p>
   </div>
   <div class='ocr_carea' id='block_1_71' title="bbox 738 5021 2392 5102">
    <p class='ocr_par' dir='ltr' id='par_1_71' title="bbox 738 5026 2292 5102">
     <span class='ocr_line' id='line_1_71' title="bbox 738 5026 2292 5102; baseline 0.003 -22"><span class='ocrx_word' id='word_1_502' title='bbox 738 5026 839 5094; x_wconf 74' lang='lat' dir='ltr'><strong>Qui</strong></span> <span class='ocrx_word' id='word_1_503' title='bbox 870 5029 1078 5102; x_wconf 72' lang='lat' dir='ltr'><strong>canitur</strong></span> <span class='ocrx_word' id='word_1_504' title='bbox 1105 5030 1158 5081; x_wconf 82' lang='lat' dir='ltr'><strong>in</strong></span> <span class='ocrx_word' id='word_1_505' title='bbox 1189 5031 1440 5102; x_wconf 71' lang='lat' dir='ltr'><strong>creatione</strong></span> <span class='ocrx_word' id='word_1_506' title='bbox 1475 5041 1778 5102; x_wconf 48' lang='lat' dir='ltr'><strong>sanaturum</strong></span> <span class='ocrx_word' id='word_1_507' title='bbox 1799 5031 2085 5102; x_wconf 60' lang='lat' dir='ltr'><strong>imaginum</strong></span> <span class='ocrx_word' id='word_1_508' title='bbox 2117 5047 2135 5084; x_wconf 92' lang='lat'><strong><em>:</em></strong></span> <span class='ocrx_word' id='word_1_509' title='bbox 2166 5047 2292 5099; x_wconf 76' lang='lat' dir='ltr'><strong>opus</strong></span> 
     </span>
    </p>
   </div>
   <div class='ocr_carea' id='block_1_72' title="bbox 2297 5021 3951 5102">
    <p class='ocr_par' dir='ltr' id='par_1_72' title="bbox 2400 5021 3951 5102">
     <span class='ocr_line' id='line_1_72' title="bbox 2400 5021 3951 5102; baseline -0.001 -26"><span class='ocrx_word' id='word_1_510' title='bbox 2400 5024 2797 5102; x_wconf 53' lang='grc' dir='ltr'><strong>ΨατιλςᾶμεινοςΔ</strong></span> <span class='ocrx_word' id='word_1_511' title='bbox 2835 5026 2920 5102; x_wconf 57' lang='lat' dir='ltr'><strong>sic</strong></span> <span class='ocrx_word' id='word_1_512' title='bbox 2965 5026 3105 5102; x_wconf 42' lang='grc' dir='ltr'><strong>τὴν-</strong></span> <span class='ocrx_word' id='word_1_513' title='bbox 3128 5024 3559 5102; x_wconf 51' lang='grc' dir='ltr'><strong>ἀγησντήέωσιξρ</strong></span> <span class='ocrx_word' id='word_1_514' title='bbox 3605 5021 3722 5102; x_wconf 51' lang='grc' dir='ltr'><strong>τᾶρ’</strong></span> <span class='ocrx_word' id='word_1_515' title='bbox 3768 5024 3951 5102; x_wconf 51' lang='lat' dir='ltr'><strong>gris»-</strong></span> 
     </span>
    </p>
   </div>
   <div class='ocr_carea' id='block_1_73' title="bbox 898 5091 2552 5216">
    <p class='ocr_par' dir='ltr' id='par_1_73' title="bbox 898 5091 2552 5216">
     <span class='ocr_line' id='line_1_73' title="bbox 898 5091 2552 5173; baseline -0.001 -21"><span class='ocrx_word' id='word_1_516' title='bbox 898 5099 1130 5152; x_wconf 76' lang='lat' dir='ltr'><strong>videlicet</strong></span> <span class='ocrx_word' id='word_1_517' title='bbox 1165 5102 1334 5152; x_wconf 69' lang='lat' dir='ltr'><strong>sancti</strong></span> <span class='ocrx_word' id='word_1_518' title='bbox 1370 5099 1547 5152; x_wconf 76' lang='lat' dir='ltr'><strong>Putris</strong></span> <span class='ocrx_word' id='word_1_519' title='bbox 1583 5099 1836 5153; x_wconf 72' lang='lat' dir='ltr'><strong>Theodori</strong></span> <span class='ocrx_word' id='word_1_520' title='bbox 1875 5091 2124 5155; x_wconf 56' lang='lat' dir='ltr'><strong>Studium</strong></span> <span class='ocrx_word' id='word_1_521' title='bbox 2196 5091 2207 5099; x_wconf 73' lang='grc'><em>’</em></span> <span class='ocrx_word' id='word_1_522' title='bbox 2459 5097 2552 5173; x_wconf 39' lang='lat' dir='ltr'><strong>tibi.</strong></span> 
     </span>
     <span class='ocr_line' id='line_1_74' title="bbox 2459 5180 2552 5216; baseline -0.022 0"><span class='ocrx_word' id='word_1_523' title='bbox 2459 5180 2552 5216; x_wconf 83' lang='grc' dir='ltr'><strong>τοι</strong></span> 
     </span>
    </p>
   </div>
   <div class='ocr_carea' id='block_1_74' title="bbox 2298 5091 3952 5216">
    <p class='ocr_par' dir='ltr' id='par_1_74' title="bbox 2459 5091 3952 5216">
     <span class='ocr_line' id='line_1_75' title="bbox 2459 5091 3952 5160; baseline 0.001 -16"><span class='ocrx_word' id='word_1_524' title='bbox 2459 5094 2721 5145; x_wconf 74' lang='grc' dir='ltr'><strong>εικόνων.</strong></span> <span class='ocrx_word' id='word_1_525' title='bbox 2751 5094 2976 5160; x_wconf 81' lang='grc' dir='ltr'>Ποίημα</span> <span class='ocrx_word' id='word_1_526' title='bbox 3007 5091 3110 5145; x_wconf 77' lang='grc' dir='ltr'>τοῦ</span> <span class='ocrx_word' id='word_1_527' title='bbox 3145 5095 3222 5160; x_wconf 78' lang='grc' dir='ltr'><strong>ἀγ</strong></span> <span class='ocrx_word' id='word_1_528' title='bbox 3244 5112 3316 5147; x_wconf 89' lang='grc' dir='ltr'>ου</span> <span class='ocrx_word' id='word_1_529' title='bbox 3360 5093 3583 5160; x_wconf 76' lang='grc' dir='ltr'>Πατρός</span> <span class='ocrx_word' id='word_1_530' title='bbox 3651 5091 3952 5158; x_wconf 59' lang='grc' dir='ltr'>Θεοδώρου</span> 
     </span>
     <span class='ocr_line' id='line_1_76' title="bbox 2459 5162 2938 5216; baseline -0.004 0"><span class='ocrx_word' id='word_1_531' title='bbox 2459 5162 2564 5216; x_wconf 82' lang='grc' dir='ltr'>τοῦ</span> <span class='ocrx_word' id='word_1_532' title='bbox 2595 5163 2938 5216; x_wconf 79' lang='grc' dir='ltr'><strong>Στυυδίτου.</strong></span> 
     </span>
    </p>
   </div>
   <div class='ocr_carea' id='block_1_75' title="bbox 1401 5275 3055 5348">
    <p class='ocr_par' dir='ltr' id='par_1_75' title="bbox 1401 5275 3055 5330">
     <span class='ocr_line' id='line_1_77' title="bbox 1401 5275 3055 5330; baseline 0.001 -1"><span class='ocrx_word' id='word_1_533' title='bbox 1401 5275 1536 5329; x_wconf 78' lang='lat' dir='ltr'><strong>ODA</strong></span> <span class='ocrx_word' id='word_1_534' title='bbox 1577 5275 1616 5329; x_wconf 91' lang='grc'><strong>1.</strong></span> <span class='ocrx_word' id='word_1_535' title='bbox 3043 5280 3055 5330; x_wconf 88' lang='grc' dir='ltr'><strong>Ι</strong></span> 
     </span>
    </p>
   </div>
   <div class='ocr_carea' id='block_1_76' title="bbox 1635 5275 3289 5348">
    <p class='ocr_par' dir='ltr' id='par_1_76' title="bbox 3043 5278 3289 5348">
     <span class='ocr_line' id='line_1_78' title="bbox 3043 5278 3289 5348; baseline 0.012 -19"><span class='ocrx_word' id='word_1_536' title='bbox 3043 5278 3173 5348; x_wconf 72' lang='lat' dir='ltr'><strong>om</strong></span> <span class='ocrx_word' id='word_1_537' title='bbox 3212 5280 3289 5332; x_wconf 79' lang='lat' dir='ltr'><strong>A&#39;.</strong></span> 
     </span>
    </p>
   </div>
   <div class='ocr_carea' id='block_1_77' title="bbox 809 5384 2463 5507">
    <p class='ocr_par' dir='ltr' id='par_1_77' title="bbox 809 5388 2463 5460">
     <span class='ocr_line' id='line_1_79' title="bbox 809 5388 2463 5460; baseline 0.002 -17"><span class='ocrx_word' id='word_1_538' title='bbox 809 5388 938 5444; x_wconf 84' lang='lat' dir='ltr'><strong>Ton.</strong></span> <span class='ocrx_word' id='word_1_539' title='bbox 973 5389 1004 5444; x_wconf 88' lang='lat'><strong>6</strong></span> <span class='ocrx_word' id='word_1_540' title='bbox 1036 5391 1204 5443; x_wconf 74' lang='lat' dir='ltr'><strong>instar</strong></span> <span class='ocrx_word' id='word_1_541' title='bbox 1235 5389 1379 5444; x_wconf 72' lang='lat' dir='ltr'><strong>illius</strong></span> <span class='ocrx_word' id='word_1_542' title='bbox 1408 5405 1425 5442; x_wconf 91' lang='lat'><strong><em>:</em></strong></span> <span class='ocrx_word' id='word_1_543' title='bbox 1456 5391 1685 5459; x_wconf 82' lang='lat' dir='ltr'><strong>Adjutor</strong></span> <span class='ocrx_word' id='word_1_544' title='bbox 1712 5402 1760 5445; x_wconf 79' lang='lat' dir='ltr'><strong>et</strong></span> <span class='ocrx_word' id='word_1_545' title='bbox 1788 5401 2069 5460; x_wconf 85' lang='lat' dir='ltr'><strong>protector,</strong></span> <span class='ocrx_word' id='word_1_546' title='bbox 2099 5401 2206 5448; x_wconf 87' lang='lat' dir='ltr'><strong>etc.</strong></span> <span class='ocrx_word' id='word_1_547' title='bbox 2393 5389 2463 5446; x_wconf 88' lang='grc' dir='ltr'><strong><em>Ἦ</em></strong></span> 
     </span>
    </p>
   </div>
   <div class='ocr_carea' id='block_1_78' title="bbox 2295 5384 3949 5507">
    <p class='ocr_par' dir='ltr' id='par_1_78' title="bbox 2393 5384 3949 5507">
     <span class='ocr_line' id='line_1_80' title="bbox 2393 5384 3949 5460; baseline -0.005 -14"><span class='ocrx_word' id='word_1_548' title='bbox 2393 5389 2572 5460; x_wconf 84' lang='grc' dir='ltr'><strong>Ἦχος</strong></span> <span class='ocrx_word' id='word_1_549' title='bbox 2598 5389 2848 5459; x_wconf 73' lang='grc' dir='ltr'>πλάγιος</span> <span class='ocrx_word' id='word_1_550' title='bbox 2879 5387 3182 5456; x_wconf 82' lang='grc' dir='ltr'>δευτέρου,</span> <span class='ocrx_word' id='word_1_551' title='bbox 3221 5389 3391 5457; x_wconf 79' lang='grc' dir='ltr'>πρός·</span> <span class='ocrx_word' id='word_1_552' title='bbox 3433 5386 3656 5454; x_wconf 79' lang='grc' dir='ltr'><strong>Βοηθὸς</strong></span> <span class='ocrx_word' id='word_1_553' title='bbox 3690 5384 3788 5439; x_wconf 71' lang='grc' dir='ltr'><strong>καὶ</strong></span> <span class='ocrx_word' id='word_1_554' title='bbox 3815 5402 3949 5438; x_wconf 78' lang='grc' dir='ltr'><strong>σκε-</strong></span> 
     </span>
     <span class='ocr_line' id='line_1_81' title="bbox 2915 5459 3422 5507; baseline 0 0"><span class='ocrx_word' id='word_1_555' title='bbox 2915 5460 3170 5507; x_wconf 71' lang='grc' dir='ltr'>καστὴρ-</span> <span class='ocrx_word' id='word_1_556' title='bbox 3204 5477 3254 5507; x_wconf 77' lang='grc' dir='ltr'><strong>κ.</strong></span> <span class='ocrx_word' id='word_1_557' title='bbox 3295 5476 3344 5507; x_wconf 85' lang='grc' dir='ltr'>τ-</span> <span class='ocrx_word' id='word_1_558' title='bbox 3373 5459 3422 5507; x_wconf 86' lang='grc' dir='ltr'><strong>λ.</strong></span> 
     </span>
    </p>
   </div>
   <div class='ocr_carea' id='block_1_79' title="bbox 2915 5475 3422 5525">
    <p class='ocr_par' dir='ltr' id='par_1_79' title="bbox 2915 5475 3422 5525">
     <span class='ocr_line' id='line_1_82' title="bbox 2915 5475 3422 5525; baseline -0.008 -14"><span class='ocrx_word' id='word_1_559' title='bbox 2915 5475 3171 5525; x_wconf 80' lang='grc' dir='ltr'>καστης,</span> <span class='ocrx_word' id='word_1_560' title='bbox 3204 5477 3254 5512; x_wconf 81' lang='grc' dir='ltr'><strong>κ.</strong></span> <span class='ocrx_word' id='word_1_561' title='bbox 3295 5476 3344 5512; x_wconf 86' lang='grc' dir='ltr'>τ.</span> <span class='ocrx_word' id='word_1_562' title='bbox 3375 5475 3422 5508; x_wconf 82' lang='grc' dir='ltr'><strong>Α.</strong></span> 
     </span>
    </p>
   </div>
   <div class='ocr_carea' id='block_1_80' title="bbox 802 5478 2456 5624">
    <p class='ocr_par' dir='ltr' id='par_1_80' title="bbox 802 5550 2293 5624">
     <span class='ocr_line' id='line_1_83' title="bbox 802 5550 2293 5624; baseline 0.001 -18"><span class='ocrx_word' id='word_1_563' title='bbox 802 5550 1095 5614; x_wconf 85' lang='lat' dir='ltr'><strong>Canamus,</strong></span> <span class='ocrx_word' id='word_1_564' title='bbox 1130 5566 1164 5606; x_wconf 96' lang='lat' dir='ltr'><strong>o</strong></span> <span class='ocrx_word' id='word_1_565' title='bbox 1199 5551 1404 5613; x_wconf 84' lang='lat' dir='ltr'><strong>ﬁdeles,</strong></span> <span class='ocrx_word' id='word_1_566' title='bbox 1432 5563 1648 5605; x_wconf 86' lang='lat' dir='ltr'><strong>cantum</strong></span> <span class='ocrx_word' id='word_1_567' title='bbox 1680 5569 1776 5621; x_wconf 92' lang='lat' dir='ltr'><strong>pro</strong></span> <span class='ocrx_word' id='word_1_568' title='bbox 1805 5553 2098 5624; x_wconf 75' lang='lat' dir='ltr'><strong>gratiarum</strong></span> <span class='ocrx_word' id='word_1_569' title='bbox 2125 5555 2293 5607; x_wconf 83' lang='lat' dir='ltr'><strong>actio-</strong></span> 
     </span>
    </p>
   </div>
   <div class='ocr_carea' id='block_1_81' title="bbox 2289 5478 3943 5624">
    <p class='ocr_par' dir='ltr' id='par_1_81' title="bbox 2289 5478 3943 5622">
     <span class='ocr_line' id='line_1_84' title="bbox 2915 5478 3422 5525; baseline -0.008 -14"><span class='ocrx_word' id='word_1_570' title='bbox 2915 5478 3171 5525; x_wconf 78' lang='grc' dir='ltr'>καστης,</span> <span class='ocrx_word' id='word_1_571' title='bbox 3204 5478 3254 5512; x_wconf 81' lang='grc' dir='ltr'><strong>κ.</strong></span> <span class='ocrx_word' id='word_1_572' title='bbox 3295 5478 3344 5512; x_wconf 89' lang='lat'><strong>1.</strong></span> <span class='ocrx_word' id='word_1_573' title='bbox 3375 5478 3422 5508; x_wconf 79' lang='grc' dir='ltr'><strong>Α.</strong></span> 
     </span>
     <span class='ocr_line' id='line_1_85' title="bbox 2289 5545 3943 5622; baseline -0.005 -17"><span class='ocrx_word' id='word_1_574' title='bbox 2289 5586 2293 5596; x_wconf 70' lang='grc' dir='ltr'><strong>ι</strong></span> <span class='ocrx_word' id='word_1_575' title='bbox 2464 5551 2824 5622; x_wconf 83' lang='grc' dir='ltr'>Χαριστήριον</span> <span class='ocrx_word' id='word_1_576' title='bbox 2874 5550 3012 5620; x_wconf 78' lang='grc' dir='ltr'>ᾠδὴν</span> <span class='ocrx_word' id='word_1_577' title='bbox 3058 5550 3136 5620; x_wconf 83' lang='grc' dir='ltr'>τῷ</span> <span class='ocrx_word' id='word_1_578' title='bbox 3183 5549 3414 5619; x_wconf 77' lang='grc' dir='ltr'>εύργέτῃ</span> <span class='ocrx_word' id='word_1_579' title='bbox 3480 5545 3600 5616; x_wconf 85' lang='grc' dir='ltr'><strong>Θεῷ</strong></span> <span class='ocrx_word' id='word_1_580' title='bbox 3647 5546 3755 5599; x_wconf 78' lang='grc' dir='ltr'>τῶν</span> <span class='ocrx_word' id='word_1_581' title='bbox 3807 5546 3943 5597; x_wconf 84' lang='grc' dir='ltr'>ὅλων</span> 
     </span>
    </p>
   </div>
   <div class='ocr_carea' id='block_1_82' title="bbox 735 5632 2389 5715">
    <p class='ocr_par' dir='ltr' id='par_1_82' title="bbox 735 5642 2291 5714">
     <span class='ocr_line' id='line_1_86' title="bbox 735 5642 2291 5714; baseline 0.002 -18"><span class='ocrx_word' id='word_1_582' title='bbox 735 5658 804 5701; x_wconf 85' lang='lat' dir='ltr'><strong>ne</strong></span> <span class='ocrx_word' id='word_1_583' title='bbox 824 5643 1201 5696; x_wconf 86' lang='lat' dir='ltr'><strong>universorum</strong></span> <span class='ocrx_word' id='word_1_584' title='bbox 1239 5642 1346 5697; x_wconf 92' lang='lat' dir='ltr'><strong>Deo</strong></span> <span class='ocrx_word' id='word_1_585' title='bbox 1366 5652 1419 5697; x_wconf 86' lang='lat' dir='ltr'><strong>et</strong></span> <span class='ocrx_word' id='word_1_586' title='bbox 1439 5644 1768 5698; x_wconf 81' lang='lat' dir='ltr'><strong>henel’aetori</strong></span> <span class='ocrx_word' id='word_1_587' title='bbox 1791 5685 1804 5708; x_wconf 92' lang='lat'><strong>,</strong></span> <span class='ocrx_word' id='word_1_588' title='bbox 1837 5647 2094 5714; x_wconf 85' lang='lat' dir='ltr'><strong>quoniam</strong></span> <span class='ocrx_word' id='word_1_589' title='bbox 2121 5647 2291 5700; x_wconf 79' lang='lat' dir='ltr'><strong>erexit</strong></span> 
     </span>
    </p>
   </div>
   <div class='ocr_carea' id='block_1_83' title="bbox 2291 5632 3945 5715">
    <p class='ocr_par' dir='ltr' id='par_1_83' title="bbox 2392 5632 3945 5715">
     <span class='ocr_line' id='line_1_87' title="bbox 2392 5632 3945 5715; baseline -0.007 -19"><span class='ocrx_word' id='word_1_590' title='bbox 2392 5643 2634 5715; x_wconf 73' lang='grc' dir='ltr'>ᾀσωμεν,</span> <span class='ocrx_word' id='word_1_591' title='bbox 2675 5643 2873 5706; x_wconf 74' lang='grc' dir='ltr'>πιστοὶ,</span> <span class='ocrx_word' id='word_1_592' title='bbox 2902 5642 2983 5693; x_wconf 86' lang='grc' dir='ltr'>ὅτι</span> <span class='ocrx_word' id='word_1_593' title='bbox 3048 5640 3234 5710; x_wconf 71' lang='grc' dir='ltr'>ἤγειρε</span> <span class='ocrx_word' id='word_1_594' title='bbox 3273 5637 3538 5706; x_wconf 81' lang='grc' dir='ltr'>σωτήριον</span> <span class='ocrx_word' id='word_1_595' title='bbox 3573 5635 3761 5706; x_wconf 72' lang='grc' dir='ltr'><strong>κέρας,</strong></span> <span class='ocrx_word' id='word_1_596' title='bbox 3793 5632 3945 5703; x_wconf 78' lang='grc' dir='ltr'>βασι-</span> 
     </span>
    </p>
   </div>
   <div class='ocr_carea' id='block_1_84' title="bbox 737 5727 2391 5806">
    <p class='ocr_par' dir='ltr' id='par_1_84' title="bbox 737 5733 2289 5806">
     <span class='ocr_line' id='line_1_88' title="bbox 737 5733 2289 5806; baseline 0.003 -18"><span class='ocrx_word' id='word_1_597' title='bbox 737 5749 904 5788; x_wconf 84' lang='lat' dir='ltr'><strong>cornu</strong></span> <span class='ocrx_word' id='word_1_598' title='bbox 933 5733 1143 5792; x_wconf 83' lang='lat' dir='ltr'><strong>salutis.</strong></span> <span class='ocrx_word' id='word_1_599' title='bbox 1171 5744 1225 5788; x_wconf 87' lang='lat' dir='ltr'><strong>et</strong></span> <span class='ocrx_word' id='word_1_600' title='bbox 1249 5744 1438 5804; x_wconf 88' lang='lat' dir='ltr'><strong>potens</strong></span> <span class='ocrx_word' id='word_1_601' title='bbox 1464 5735 1767 5806; x_wconf 88' lang='lat' dir='ltr'><strong>imperium,</strong></span> <span class='ocrx_word' id='word_1_602' title='bbox 1802 5737 1864 5794; x_wconf 89' lang='lat' dir='ltr'><strong>ad</strong></span> <span class='ocrx_word' id='word_1_603' title='bbox 1899 5748 2099 5794; x_wconf 88' lang='lat' dir='ltr'><strong>rectam</strong></span> <span class='ocrx_word' id='word_1_604' title='bbox 2131 5737 2289 5792; x_wconf 85' lang='lat' dir='ltr'><strong>ﬁdem</strong></span> 
     </span>
    </p>
   </div>
   <div class='ocr_carea' id='block_1_85' title="bbox 1873 5727 3527 5806">
    <p class='ocr_par' dir='ltr' id='par_1_85' title="bbox 1899 5727 3527 5806">
     <span class='ocr_line' id='line_1_89' title="bbox 1899 5727 3527 5806; baseline -0.005 -16"><span class='ocrx_word' id='word_1_605' title='bbox 1899 5748 2099 5794; x_wconf 88' lang='lat' dir='ltr'><strong>rectam</strong></span> <span class='ocrx_word' id='word_1_606' title='bbox 2131 5737 2289 5792; x_wconf 85' lang='lat' dir='ltr'><strong>ﬁdem</strong></span> <span class='ocrx_word' id='word_1_607' title='bbox 2394 5737 2541 5791; x_wconf 72' lang='grc' dir='ltr'>λείαν</span> <span class='ocrx_word' id='word_1_608' title='bbox 2569 5734 2852 5806; x_wconf 79' lang='grc' dir='ltr'>κραταιὰν,</span> <span class='ocrx_word' id='word_1_609' title='bbox 2891 5731 3194 5803; x_wconf 77' lang='grc' dir='ltr'>όρθοδοξίας</span> <span class='ocrx_word' id='word_1_610' title='bbox 3227 5727 3527 5800; x_wconf 78' lang='grc' dir='ltr'>πρόμαχον.</span> 
     </span>
    </p>
   </div>
   <div class='ocr_carea' id='block_1_86' title="bbox 739 5825 1138 5895">
    <p class='ocr_par' dir='ltr' id='par_1_86' title="bbox 739 5825 1138 5895">
     <span class='ocr_line' id='line_1_90' title="bbox 739 5825 1138 5895; baseline 0.003 -17"><span class='ocrx_word' id='word_1_611' title='bbox 739 5825 1138 5895; x_wconf 77' lang='lat' dir='ltr'><strong>prolegendam.</strong></span> 
     </span>
    </p>
   </div>
  </div>
