4188 6476
256 407 402 472 1769

346 520 616 590 Ἐπεφάνη
644 521 858 592 ἀληθῶς
897 525 929 592 ἡ
958 523 1077 578 θεία
1106 525 1259 595 χάρις
1290 528 1353 596 τῇ
1384 526 1672 595 οίκουμένῃ
1694 523 1816 588 δόξει
1848 541 1888 592 Α

254 613 356 665 καὶ
382 613 514 683 τιμὴ
545 614 949 684 πεφανέρωται.⁸
988 619 1184 687 σκιρτᾷ
1224 618 1516 688 Ἐκκλησία
1550 618 1817 687 δεξαμένη

250 707 358 776 τὴν
388 706 596 775 στολὴν,
629 706 724 775 τῆς
756 707 956 775 ἑαυτῆς
983 709 1331 778 γυμνωσεως.

331 880 434 932 Τὸν
465 879 666 950 χιτῶνα
708 882 801 935 τοῦ
848 883 1083 955 Χριστοῦ
1132 885 1524 958 διερῤηγμένΟν
1577 889 1681 943 ὑπὸ
1723 892 1816 944 τοῦ

253 969 462 1021 πλάνου
514 969 608 1022 καὶ
657 972 1091 1042 ’φαρμακουργοῦ
1159 974 1404 1028 Ἰωάννου
1451 977 1510 1030 τὸ
1559 979 1707 1048 πρὶν,
1770 981 1818 1032 οἱ

253 1060 395 1114 θεῖοι
447 1060 685 1132 Πατέρες
734 1060 1091 1131 ὲξυφάναντες
1135 1065 1342 1134 σαφῶς,
1396 1068 1462 1137 τῇ
1521 1068 1816 1144 Ἐκκλησία

252 1151 548 1206 δεδώκασι.

328 1244 434 1296 Τοῦ
463 1244 669 1314 Κυρίου
711 1245 810 1315 τὴν
860 1246 1070 1317 μορφὴν
1114 1249 1461 1304 ἀπολαϐοῦσα
1510 1254 1543 1323 ἠ
1587 1254 1816 1321 Ἐκκληο

257 1334 370 1400 σία,
401 1337 579 1407 χαίρει
630 1338 724 1391 καὶ
758 1340 948 1408 σκιρτᾷ
977 1339 1073 1392 σὺν
1114 1342 1226 1404 τοῖς
1274 1343 1481 1405 τέκνοις
1523 1345 1710 1414 αὐτῆς,
1741 1346 1815 1408 ὡς

255 1428 417 1498 νίκης
444 1428 668 1500 βραδεῖα
688 1429 948 1501 δεξαμένη
981 1431 1107 1503 παρ’
1135 1433 1320 1497 αὑτοῦ,
1349 1434 1652 1506 ὁρθοδοξίας
1677 1436 1813 1507 σύμ-

255 1518 414 1572 εολα.

328 1608 778 1679 Αίσχυνθήτωσαν
822 1611 1024 1679 λοιπὸν,
1057 1613 1151 1667 καὶ
1189 1615 1611 1685 ὲντραπήτωσαν
1646 1635 1814 1690 μεμη-

254 1701 411 1764 νότες
433 1716 446 1728 ·
479 1702 648 1771 Λήζιξ
671 1703 699 1754 ὁ
726 1703 915 1769 δεινὸς,
941 1706 1036 1758 καὶ
1075 1705 1376 1770 Ἀντώνιος,
1400 1707 1496 1760 σὺν
1513 1709 1592 1780 τῷ
1626 1706 1810 1764 Ἰωάν-

253 1808 344 1861 νῃ,
379 1793 472 1845 καὶ
516 1792 785 1865 Θεόδωρος
812 1797 1031 1866 ἀμφοῖν,
1065 1799 1114 1850 ot
1151 1799 1378 1870 ἀρνηταὶ
1408 1800 1504 1868 τῆς
1551 1801 1803 1866 πίστεως.

335 1971 592 2038 Ἰωαννὶς,
625 1978 719 2028 καὶ
745 1977 987 2050 Ἰαμδρὶς
1011 1979 1397 2050 ἀνθεστηκότες
1417 1985 1493 2056 τῷ
1522 1987 1806 2059 νομοθέτῃ,

250 2063 420 2116 πάλαι
474 2068 680 2136 Μωῦσῇ
732 2070 1200 2142 κατῃσχύνθησαν.
1240 2074 1376 2128 Νυνὶ
1433 2077 1490 2128 δὲ
1532 2080 1560 2131 ὁ
1609 2079 1809 2144 πλάνος

261 2152 515 2222 Ἰωάννης
542 2155 775 2225 ἀληθῶς,
810 2161 905 2212 σὺν
943 2159 1212 2231 Ἀντωνίῳ
1235 2162 1560 2219 δείκνυνται.

320 2329 391 2382 Σὺ
429 2329 736 2403 διέρῤηξας,
769 2335 987 2402 Χριστὲ,
1021 2338 1120 2409 τὴν
1153 2341 1415 2415 ξυνωρίδα
1452 2347 1562 2401 τῶν
1609 2349 1806 2419 θεομά-

243 2431 375 2485 χων,
409 2419 502 2472 καὶ
537 2421 628 2473 τὸν
658 2420 944 2493 στολισμὸν
985 2427 1328 2495 ἀποδέδωκας
1373 2437 1439 2504 τῇ
1480 2439 1545 2506 σῇ
1585 2438 1808 2510 Ἐκκλη-

245 2506 359 2572 σία,
392 2510 532 2580 υπὲρ
569 2508 636 2581 ἧς
663 2511 738 2574 ὡς
767 2514 987 2581 ἀγαθὸς,
1017 2518 1077 2570 τὸ
1111 2516 1250 2591 αἷμά
1285 2542 1377 2578 σου
1417 2526 1658 2598 ἐξέχεας.

316 2685 345 2738 θ
391 2688 487 2759 (Ξ).
527 2689 594 2742 Σὲ
637 2691 828 2762 Τριὰς,
863 2695 1130 2768 Θεολογῶ,
1161 2704 1254 2755 καὶ
1283 2710 1574 2774 προσκυνῶ
1625 2730 1717 2766 σου
1747 2717 1806 2769 τὸ

243 2776 385 2829 θεῖον
423 2778 641 2849 κράτοςο
667 2781 827 2852 ῥῦσαι
861 2791 1182 2861 πειρασμῶν
1205 2795 1268 2846 ἐκ
1296 2799 1562 2852 παντοίων
1592 2819 1678 2870 με.
1709 2805 1799 2861 ΕΞ,

245 2868 306 2967 σε
349 2869 455 2940 γὰρ
487 2874 726 2928 πιστεύω
753 2878 843 2931 τὸν
875 2881 1112 2951 Πατέρα,
1145 2886 1238 2938 καὶ
1271 2887 1414 2955 rev,
1452 2893 1546 2946 καὶ
1589 2868 1805 2967 Πνεῦμα

241 2960 304 3012 τὸ
335 2965 619 3032 πανάγιον.

313 3132 356 3185 6'
389 3134 486 3206 (3).
511 3139 620 3210 Τὴν
641 3142 905 3212 βασίλειον
930 3150 1121 3217 στολὴν
1149 3155 1209 3207 ἐκ
1242 3157 1358 3223 σοῦ,
1387 3162 1647 3230 Παρθένε,
1673 3167 1802 3231 Θεὸς

1177 415 1420 476 CANON
1471 417 1551 477 IN
1590 415 2014 476 ERECTIONE
2057 415 2160 476 SS.
2202 414 2616 474 IMAGINUM.

3355 420 3485 485 1770

1993 521 2253 590 Apparuit
2282 537 2463 575 revera
2493 520 2673 574 divina
2713 521 2881 588 gratia
2903 565 2918 586 ,
2960 533 3012 577 et
3059 526 3310 581 universo
3344 533 3460 584 orbi

1927 612 2100 666 honor
2123 619 2175 666 et
2204 612 2370 680 gloria
2399 621 2483 666 est
2517 611 2889 667 manifestata.
2919 615 3170 672 Exsultat
3200 630 3480 688 propterea

1923 703 2124 757 Christi
2158 703 2398 757 Ecclesia
2425 742 2440 767 ,
2487 713 2703 772 recepta
2755 705 2893 758 stola
2915 748 2929 771 ,
2965 723 3070 776 qua
3110 707 3291 765 fuerat
3325 722 3481 767 antea

1921 803 2104 848 exuta.

1990 885 2192 940 Christi
2240 893 2444 940 vestem
2502 896 2657 940 antea
2713 887 3039 958 discerptam
3098 906 3129 944 a
3195 893 3481 951 seductore

1921 984 1974 1029 et
2004 977 2418 1044 pharmacorum
2463 977 2856 1032 concinnatore
2887 978 3094 1033 Joanne
3126 963 3320 1037 ‘sancti
3376 983 3482 1037 Pa-

1919 1077 2028 1120 tres
2059 1068 2253 1121 iterum
2286 1075 2638 1124 contexentes
2663 1111 2678 1134 ,
2727 1071 2985 1126 Ecclesiae
3032 1073 3175 1126 illam
3228 1077 3483 1130 restitue-

1919 1167 2063 1211 J'Ulll.

1988 1249 2199 1306 Domini
2251 1253 2478 1322 figuram
2524 1268 2811 1309 resumens
2859 1255 3142 1322 Ecclesia,
3184 1260 3382 1327 gaudet
3425 1272 3482 1314 et

1916 1342 2147 1397 exsultat
2193 1359 2300 1398 una
2346 1360 2467 1399 cum
2509 1345 2634 1400 (iliis
2672 1346 2827 1410 suis,
2875 1362 2996 1400 cum
3054 1348 3119 1400 ab
3166 1350 3259 1403 illo
3307 1351 3476 1405 victo-

1919 1431 2013 1486 ria:
2043 1432 2288 1488 bravium
2323 1436 2591 1505 acceperit
2635 1449 2793 1491 rectae
2825 1438 3078 1494 videlicet
3124 1439 3248 1494 ﬁdei
3291 1457 3476 1496 sacra-

1916 1533 2116 1578 menta.

1985 1615 2407 1672 Confundantur
2448 1618 2501 1672 in
2540 1628 2818 1688 posterum
2845 1663 2860 1686 ,
2906 1630 2960 1675 et
3011 1631 3360 1676 rerereantur
3393 1623 3477 1676 iu-

1915 1709 2038 1762 sani
2072 1710 2180 1775 illi,
2232 1709 2424 1765 Lezius
2455 1710 2529 1782 (i)
2571 1712 2779 1767 scilicet
2807 1712 2993 1768 furens
3020 1754 3034 1776 ,
3088 1723 3141 1768 et
3169 1714 3434 1768 Antonius
3460 1755 3474 1778 ,

1915 1814 2019 1852 una
2041 1815 2162 1853 cum
2182 1799 2409 1866 Joanne,
2427 1811 2481 1854 et
2503 1801 2818 1870 Theodoro,
2839 1805 3102 1859 ambobus
3132 1804 3252 1858 fidei
3279 1805 3464 1860 deser-

1845 1908 1885 1960 Β
1917 1888 2148 1954 toribus,

1978 1978 2218 2038 Joannes
2265 1994 2318 2039 et
2356 1984 2595 2041 Mambre
2637 1985 2932 2054 legislatori
2962 1986 3095 2042 Mosi
3122 1988 3249 2042 olim
3279 1988 3474 2043 adver-

1911 2073 2050 2136 sati,
2101 2073 2169 2127 ab
2217 2075 2335 2143 ipso
2376 2076 2526 2131 fuere
2567 2076 2780 2131 confusi
2814 2096 2826 2130 :
2872 2093 3015 2132 nunc
3047 2093 3178 2132 vero
3221 2079 3475 2134 seductor

1907 2158 2144 2216 Joannes
2185 2179 2292 2218 una
2331 2180 2455 2220 cum
2493 2167 2733 2220 Antonio
2759 2205 2776 2233 ,
2819 2168 3006 2223 eadem
3035 2169 3181 2238 passi
3221 2185 3464 2226 noscun-

1911 2261 2016 2306 tur.

1993 2343 2097 2410 Tu,
2140 2344 2392 2413 Christe,
2444 2346 2539 2402 Dei
2586 2348 2773 2404 hostes
2804 2349 3101 2420 dissipasti,
3142 2361 3195 2406 et
3226 2362 3329 2408 tua:
3369 2352 3476 2408 Ec-

1907 2434 2085 2491 clesia:
2142 2453 2300 2492 suum
2362 2439 2615 2495 decorem
2669 2441 2995 2508 reddidisti,
3052 2458 3149 2512 pro
3208 2461 3355 2514 qua,
3412 2457 3472 2501 ut

1907 2531 2080 2584 bonus
2136 2539 2369 2600 pastor,
2420 2534 2742 2603 sanguinem
2796 2544 2947 2588 tuum
3002 2535 3210 2591 fudisti.
3271 2536 3458 2593 Gloria

1908 2618 2077 2675 Patri.

1976 2710 2052 2767 Te
2103 2714 2423 2769 Trinitatem
2453 2754 2469 2779 ,
2519 2732 2688 2772 unum
2733 2715 2902 2773 Deum
2956 2735 3192 2792 agnosco
3239 2731 3293 2776 et
3335 2737 3469 2777 con-

1907 2803 2102 2869 ﬁteor,
2154 2814 2208 2860 et
2246 2816 2393 2859 tuam
2442 2805 2680 2862 divinam
2727 2812 3022 2879 potentiam
3071 2813 3258 2877 adoro,
3300 2814 3469 2869 libera

1906 2911 2011 2959 me,
2048 2912 2253 2966 quasso,
2287 2899 2354 2952 ab
2404 2900 2660 2955 omnibus
2702 2903 3112 2959 tentationibus.
3151 2903 3206 2958 ln
3240 2913 3291 2959 te
3322 2904 3467 2959 enim

1906 2987 2066 3042 credo
2091 3027 2106 3052 ,
2141 2989 2352 3044 Patrem
2373 3031 2390 3056 ,
2422 2998 2476 3046 et
2505 2991 2704 3048 Filium
2729 3036 2744 3060 ,
2774 3004 2827 3049 et
2855 2996 3262 3051 sanctissimum
3301 2996 3472 3066 Spiri-

1909 3091 2047 3135 tum.

1988 3172 2207 3243 Regiam
2243 3177 2459 3239 stolam,
2493 3193 2560 3230 ex
2592 3187 2664 3241 te,
2693 3176 2852 3250 Virgo
2874 3181 3015 3235 Deus
3043 3190 3259 3248 gestans
3293 3181 3470 3235 homi-

245 3229 503 3341 φορέσαςῖ
519 3231 815 3341 ῶφθηττοῖς
839 3237 1047 3309 βροτοῖς
1074 3229 1561 3323 ἀνθρωπόμορσος,
1590 3229 1818 3312 διπλοῦέ
1842 3236 1886 3300 C

1815 3236 1886 3300 ὀ
1907 3229 2375 3334 -ηἰὴυευαρραι-υἰι,
2409 3268 2461 3320 in
2493 3229 3018 3336 hominumoforma,
3051 3273 3250 3341 duplex
3284 3288 3469 3328 secun-

245 3321 361 3372 κατ’
385 3324 568 3378 οὐσίαν
593 3343 605 3355 ·
645 3321 708 3381 οὗ
729 3330 791 3383 τὸ
815 3327 951 3397 εἶδος
992 3335 1092 3405 τῆς
1125 3341 1336 3411 μορφῆς
1366 3344 1422 3396 ἐν
1445 3351 1802 3420 προσκυνήσει

243 3411 456 3483 ἔχομεν.

897 3519 1029 3588 om
1071 3522 1144 3575 r'.

315 3595 702 3691 εὐφραίνεσθε,
756 3607 995 3673 ἅπαντες
1044 3617 1194 3683 χοροὶ
1235 3619 1495 3691 Πατέρων
1542 3627 1634 3678 καὶ
1668 3630 1800 3682 ἁπο-

244 3687 461 3755 στό).ων,
491 3691 829 3762 καθορῶντες
877 3699 973 3770 τὴν
1015 3707 1381 3780 προσκύνησιν
1403 3715 1511 3767 τῶν
1555 3719 1794 3785 εἰκόνων,

241 3778 412 3849 ἤνπερ
442 3785 698 3852 ἐμφανῶς
727 3791 1096 3859 παρεδώκατε.

310 3956 382 4009 Τὸ
411 3959 604 4024 κάλλος
630 3980 730 4031 μου
757 3964 968 4033 ἔλαϐον,
1013 3973 1106 4024 καὶ
1134 3975 1234 4044 τὴν
1274 3981 1466 4050 στολήν
1492 4000 1590 4048 μου
1617 3987 1796 4052 ὲνςδυο

243 4046 439 4116 σάμην,
490 4052 735 4111 ὲκὸοάτω
778 4057 810 4126 ἡ
858 4061 1193 4131 πανάμωμος
1262 4069 1588 4141 Ἐκκλησία,
1621 4077 1795 4148 ἤνπερ

252 4137 498 4209 Ἰωάννης
523 4143 784 4209 ὲξέδυσεν.

307 4229 656 4303 Αἰσχύνθητε,
707 4238 895 4309 ἄνομοι
917 4246 1351 4316 αἱρεσχελοῦντες
1386 4257 1525 4309 κατά
1555 4260 1754 4329 Κυρίου
1775 4280 1791 4295 ο

241 4321 518 4421 ἐσαρκὼθη
551 4331 644 4381 καὶ
683 4331 852 4405 ἐφάνη
889 4337 996 4405 γὰρ
1021 4343 1082 4392 ὲν
1100 4344 1266 4398 εἰκόνι
1286 4363 1299 4375 ο
1324 4348 1498 4421 ἤνπερ
1527 4321 1789 4421 σχετικῶς

240 4415 605 4487 ἀσπαζόμεθα.

303 4589 616 4684 Τἀ-βὲδηλα
657 4599 916 4671 δόγματα,
962 4609 1055 4659 καὶ
1098 4609 1195 4672 τὰς
1231 4612 1496 4684 ἀθέσμους
1537 4618 1788 4673 διδασκαο

237 4674 348 4740 λίας
393 4681 634 4738 Ἰωάννου
664 4689 758 4741 τοῦ
787 4695 1130 4765 παράφρονας
1181 4700 1261 4762 τίς
1282 4703 1482 4769 ἐξεὶποι
1507 4745 1520 4769 ,
1551 4709 1783 4777 τρόπους

238 4769 510 4837 δελφικοὺς
532 4778 904 4852 ἐκτιθέμενος;

309 4866 495 4920 Ἀνάθε
505 4888 578 4939 μα
600 4873 814 4944 Λήζικι,
838 4881 931 4931 καὶ
964 4881 1181 4956 Ἰωάννῃ
1204 4885 1298 4937 σὺν
1339 4889 1624 4960 ’Δντωνίῳ,
1650 4892 1779 4944 Θεο-

408 4959 484 5029 τῷ
516 4963 658 5035 ἀθέῳ
685 4984 744 5019 τε
795 4973 886 5022 καὶ
917 4971 1236 5047 βλασφήμῳ,
1264 4977 1378 5048 ἅμα
1403 4955 1640 5052 Θεοδότῳ
1671 5001 1778 5036 πα-

239 5049 479 5118 ράφρονι.

301 5144 378 5196 Τά
406 5146 607 5215 αἵματα
624 5152 901 5221 κράζουσι,
932 5160 999 5211 τά
1031 5161 1328 5229 ἐκχυθέντα
1349 5166 1485 5234 ὑπὲρ
1507 5169 1602 5238 τῆς
1633 5168 1781 5232 Θείας

240 5239 567 5308 σαρκοφόρου
605 5245 911 5314 ὁμοιώσεως
959 5251 1053 5304 τοῦ
1088 5239 1380 5323 Δεσπότου,
1413 5259 1553 5328 άπερ
1596 5260 1778 5312 Ἰωάν-

238 5344 324 5396 νης
352 5330 581 5400 ἐξέχεεν.

1904 3355 2032 3409 dum
2067 3357 2363 3411 essentiam
2385 3398 2400 3421 ,
2433 3359 2592 3428 cujus
2621 3359 2846 3432 elIigieni
2896 3373 2949 3418 et
2992 3362 3217 3433 ﬁguram
3247 3378 3471 3418 venera-

1906 3462 2051 3500 mur.

2558 3539 2688 3594 ODA
2723 3543 2806 3600 ΠΙ.

1971 3632 2234 3698 Gaudete,
2281 3649 2471 3688 omnes
2537 3646 2849 3690 sanctorum
2911 3635 3129 3690 Patrum
3189 3648 3362 3692 cactus
3416 3649 3469 3696 et

1900 3727 2271 3795 apostolorum
2313 3728 2553 3789 chorus,
2613 3727 2966 3796 respicientes
3024 3729 3324 3800 imaginum
3377 3747 3468 3782 re-

1901 3817 2276 3882 nerationem,
2323 3832 2485 3886 quam
2542 3833 2639 3873 vos
2692 3820 2794 3889 ipsi
2845 3819 3000 3874 nobis
3061 3833 3246 3888 aperte
3301 3825 3467 3875 tradi-

1901 3905 2081 3959 distis.

1968 3995 2431 4051 Pulchritudinem
2486 4013 2662 4052 meam
2716 4000 2919 4068 accepi,
2956 4009 3010 4053 et
3043 4001 3208 4053 decus
3253 4015 3458 4064 meum,

1897 4105 1959 4142 ac
1991 4105 2107 4144 mea
2152 4091 2288 4144 stola
2328 4107 2446 4145 sum
2483 4091 2696 4154 induta,
2739 4093 2936 4147 clamet
2979 4094 3329 4148 immaculata
3362 4094 3455 4148 Dei

1894 4180 2155 4244 Ecclesia,
2182 4197 2288 4250 qua
2321 4183 2465 4236 illam
2487 4182 2727 4239 Joannes
2749 4196 2993 4239 exuerat.

1962 4270 2370 4326 Conl‘undimini
2425 4273 2576 4342 impii
2623 4276 2909 4329 adversum
2973 4274 3263 4330 Dominum
3307 4276 3460 4331 obla-

1894 4371 2096 4416 trantes
2136 4378 2397 4428 ;carnem
2445 4365 2588 4419 enim
2651 4369 2969 4436 assumpsit.
3027 4379 3080 4422 et
3130 4371 3460 4438 apparuitin

1893 4453 2143 4522 imagine,
2189 4469 2354 4523 quam
2405 4471 2504 4511 nos
2557 4457 2621 4510 ad
2661 4458 2841 4527 ipsum
2888 4459 3203 4524 referentes,
3234 4475 3461 4516 venera-

1822 4575 1864 4626 ο
1897 4560 2037 4596 111111⁸.

1963 4634 2126 4703 Impia
2174 4637 2444 4706 dogmata,
2498 4647 2552 4692 et
2613 4639 2833 4693 insanas
2887 4640 3177 4694 doctrinas
3231 4645 3462 4697 amentis

1887 4724 2113 4782 Joannis
2169 4729 2294 4796 quis
2324 4730 2572 4783 enarret?
2623 4731 2746 4800 quis
2779 4731 2897 4800 ejus
2945 4743 3154 4800 tropos,
3183 4743 3237 4786 et
3269 4749 3461 4787 versu-

1890 4817 1990 4870 tias
2018 4818 2293 4886 delphicas
2318 4822 2590 4888 exponet?

1955 4910 2252 4964 Auathema
2283 4913 2528 4965 dicamus
2565 4911 2748 4974 Lezio,
2785 4925 2834 4968 et
2872 4912 3086 4979 Joanni,
3133 4931 3255 4969 cum
3289 4918 3457 4970 Anto-

1887 5002 1997 5058 nio.
2029 5013 2080 5055 et
2136 5005 2299 5072 impio
2350 5005 2640 5058 Theodoro
2699 5016 2756 5061 et
2841 5007 3179 5076 blasphemo,
3249 5024 3457 5063 necnon

1888 5094 2076 5147 insano
2108 5094 2408 5149 Theodoto.

1959 5185 2190 5255 Sanguis
2233 5189 2449 5253 clamat,
2510 5190 2602 5259 qui
2652 5189 2859 5245 eﬂ‘usus
2914 5201 2997 5245 est
3027 5209 3056 5244 a
3109 5190 3316 5246 Joanne
3360 5209 3457 5261 pro

1887 5275 2066 5328 divina
2091 5278 2464 5342 similitudine,
2489 5290 2542 5334 et
2571 5283 2809 5350 imagine
2841 5281 3044 5336 Christi
3090 5283 3308 5336 Domini
3335 5299 3455 5337 car-

1889 5379 2009 5417 nem
2043 5370 2328 5435 gestantis.

1711 5463 1943 5526 ΝΟΤᾹΞ.

303 5538 380 5619 (1.).
423 5539 574 5619 Hunc
610 5544 766 5619 illum
790 5547 1050 5619 perﬁdum
1087 5559 1248 5617 puto,
1298 5551 1388 5619 qui
1440 5568 1468 5604 a
1498 5553 1782 5610 Theodoro

242 5605 439 5663 Studita
467 5613 515 5663 in
549 5605 925 5687 suisgepis'tolis
949 5605 1204 5673 Leou'tius
1231 5605 1782 5687 nominatur,curru:-

241 5688 342 5751 pio,
364 5685 788 5751 veroﬂvocabnlo
824 5686 1022 5740 Leuius
1053 5690 1250 5743 dictus.

306 5747 388 5833 (2)
409 5751 462 5833 θἶ
488 5749 599 5805 Hoc
631 5755 842 5833 signum
868 5758 1006 5821 apud
1034 5759 1248 5833 Ci_':ecos
1272 5761 1469 5816 dicitur
1489 5764 1780 5833 τριαδικὸν,

248 5817 291 5870 id
317 5831 416 5886 est,
451 5817 707 5892 hymnus"
734 5827 799 5878 de
848 5817 1031 5880 sancta
1075 5828 1354 5898 Trinitate,
1401 5845 1454 5890 et
1506 5817 1785 5905 propterea

545 5915 810 5974 Panum.
861 5920 971 5976 Gn.
1020 5921 1225 5980 XCIX.

1890 5567 2212 5642 auteipsum
2238 5570 2642 5642 cantatur-778659:
2671 5572 2863 5642 lJaspi,
2897 5583 3001 5628 etc.

1961 5636 2036 5703 (5)
2072 5638 2149 5716 δ’.⁸
2167 5637 2281 5716 Hoc
2308 5641 2658 5716 verodicitur
2682 5636 3064 5716 antemna:
3091 5657 3194 5708 est,
3220 5647 3456 5716 hymnus

1891 5705 2322 5782 densanctissima
2368 5708 2596 5778 Deipara
2648 5714 2733 5765 cui
2773 5705 3032 5782 praecedit
3079 5705 3318 5782 καὶνῦν,
3371 5719 3456 5769 κοὶ

1893 5775 1998 5844 ἀεί,
2021 5788 2126 5833 etc.
2156 5778 2260 5833 Pro
2291 5779 2444 5834 beata
2468 5775 2714 5852 Virgine.

2964 5940 3041 5998 56
