4188 6476
761 404 894 471 1771

821 511 1037 583 Expulit
1096 509 1363 565 Dominus
1434 509 1875 581 alienigenarum
1940 521 2193 576 turmas,

748 604 992 657 restituit
1032 617 1129 656 sua
1178 602 1295 658 suis
1324 620 1339 658 :
1391 601 1564 673 gldria
1598 602 1672 657 sit
1698 612 1986 675 propterea
2018 604 2138 674 ejus
2164 604 2321 658 boni-

750 695 868 749 tati.
896 693 1083 748 Gloria
1112 692 1280 748 Patri.

820 784 1167 841 Voluntatem
1203 784 1471 855 principio
1500 795 1777 842 carentem
1805 795 1859 841 et
1903 788 2223 858 potentiam,
2268 796 2322 842 et

745 893 976 947 regnum
1003 876 1288 932 Trinitatis
1313 877 1606 933 adoremus
1656 888 1804 933 recta
1834 878 1957 934 ﬁde.
1974 880 2161 934 Arium
2177 894 2320 935 sem-

748 985 867 1038 per,
906 978 1088 1040 utpar
1113 978 1219 1035 est,
1262 970 1529 1025 conviciis
1557 970 1911 1025 insectantes.

815 1059 953 1117 Vere
991 1070 1043 1116 te
1088 1060 1373 1116 Dominam
1419 1062 1770 1127 conﬁtemur,
1800 1078 1923 1131 quae
1956 1062 2126 1118 Deum
2152 1078 2317 1133 pepe-

740 1151 882 1217 risti,
915 1151 1149 1207 Nestorii
1176 1152 1337 1222 nugis
1360 1153 1644 1223 neglectis,
1675 1162 1731 1208 et
1754 1160 2072 1209 sanctorum
2094 1153 2316 1209 Patrum

740 1244 1087 1313 dogmatibus
1120 1244 1469 1300 inhaeremus.

1399 1334 1538 1391 ODA
1567 1336 1683 1406 lV._

813 1424 1039 1490 Laetare,
1086 1424 1372 1491 Ecclesia,
1443 1434 1499 1482 et
1573 1443 1914 1499 unaquaeque
1996 1429 2188 1483 civitas
2262 1438 2317 1483 et

740 1516 909 1586 regio,
966 1531 1091 1571 cum
1140 1518 1504 1574 exsultatione
1560 1520 1758 1590 templa
1810 1536 1956 1575 nunc
1985 1522 2215 1590 aperiat,
2261 1530 2315 1575 et

738 1604 1012 1676 virginum
1050 1608 1352 1677 domicilia,
1405 1626 1593 1666 sacras
1624 1612 1906 1681 reliquias,
1961 1624 2309 1678 venerentur,

737 1706 792 1751 et
850 1698 1115 1769 imagines
1171 1712 1493 1775 martyrum,
1554 1702 1735 1774 dignis
1796 1704 2097 1759 honoribus
2154 1720 2311 1760 exor-

738 1794 890 1841 nent.

1937 408 1997 468 S.
2033 407 2419 468 THEODORI
2460 406 2804 466 STUDlTA!

2278 518 2405 573 οιΑ

3882 406 3981 466 τ’ίέ

2514 511 2728 577 Ἐδίωξε
2755 509 2959 580 Κύριος
3005 510 3101 581 τήν
3125 509 3390 580 ξυνωρίδα
3417 510 3526 564 τῶν
3545 511 3871 581 ἀλλοτρίων,
3896 520 3981 569 καὶ

2422 600 2670 654 ἀπέδωκε
2718 600 2786 653 τὰ
2812 600 2919 654 ίδια
2943 602 3054 663 τοῖς
3085 600 3235 664 ἰδίοις
3272 616 3285 628 ·
3320 600 3445 664 δόξα
3468 604 3533 671 τῇ
3577 602 3749 656 αὑτοῦ
3800 604 3989 669 ἀγαθό-

2418 708 2563 760 τητι.
2596 689 2755 755 Δόξα.

2490 782 2601 849 Τὴν
2631 781 2866 849 ἄναρχον
2898 778 3138 850 θέλησιν,
3166 781 3263 834 καὶ
3292 780 3562 845 ἐξουσίαν,
3591 783 3690 835 καὶ
3716 783 3989 852 βασιλείαν

2418 873 2516 943 τῆς
2570 873 2801 945 Τριάδος
2876 875 3346 945 προσκυνήσωμεν
3400 873 3727 945 ὀρθοὸόξως,
3782 879 3991 947 ’Δρειον

2419 965 2507 1018 ἀεὶ
2536 963 2912 1032 στηλιτεύοντε
2921 981 2972 1027 ς.
3008 965 3075 1018 θ’.

2489 1054 2705 1125 Κυρίως
2732 1053 2812 1118 σὲ,
2842 1056 3128 1120 Δέσποινα,
3161 1056 3525 1127 ὁμολογοῦμεν
3546 1057 3682 1111 Θεὸν
3708 1057 3992 1121 τεκοῦσαν,

2420 1147 2495 1217 μὴ
2545 1147 2902 1217 προσέχοντες
2945 1150 3056 1210 τοῖς
3091 1149 3295 1218 ῥήμασι
3322 1150 3640 1221 Νεστορίου,
3713 1152 3859 1206 ἀλλὰ
3896 1155 3994 1205 τῶν

2417 1238 2675 1309 Πατέρων
2707 1242 2821 1301 τοίς
2848 1239 3133 1309 δόγμασιν.

3082 1332 3213 1401 om
3252 1335 3328 1387 Δί.

2495 1422 2778 1491 ’Δγάλλοιλ
2807 1425 2839 1494 ή
2880 1423 3198 1493 Ἐκκλησία,
3227 1424 3324 1478 καὶ
3352 1427 3498 1479 πᾶσα
3524 1427 3679 1491 πόλις
3726 1427 3828 1480 καὶ
3849 1428 3997 1497 χώρα

2412 1514 2471 1567 ὲν
2500 1514 2829 1585 εὐφροσύνῃ·
2870 1515 3170 1582 άνοιγέσθω
3193 1516 3287 1569 νῦν
3312 1516 3381 1569 τά
3407 1518 3742 1589 άσκητήρια·
3774 1520 3896 1582 καὶ,
3943 1530 3993 1577 οἱ

2413 1600 2782 1670 παρθενῶνες,
2810 1602 3216 1666 καλλωπίζεσθε
3249 1605 3316 1657 τὰ
3360 1605 3584 1673 λείψανα
3604 1623 3617 1635 ’
3672 1608 3770 1661 καὶ
3804 1608 3999 1661 εἰκονίο

2414 1707 2596 1761 σματα
2625 1690 2733 1743 τῶν
2766 1681 3059 1763 μαρτύρων
3092 1694 3257 1759 ἀξίως
3290 1695 3837 1767 προσκυνείσθωσαν.

804 1877 1060 1936 Christus
1087 1896 1187 1936 vos
1219 1891 1379 1937 vocat
1407 1899 1422 1936 :
1470 1882 1773 1938 Convenite
1802 1899 1949 1939 nunc
2000 1885 2165 1939 alacri
2200 1886 2312 1940 ani-

2485 1868 2720 1939 Χριστὸς
2766 1868 2911 1939 ὑμᾶς
2956 1870 3371 1939 προσκαλεῖται·
3408 1872 3689 1925 συνέλθετε
3724 1872 3824 1924 νῦν
3860 1891 3994 1944 προ-

737 1985 849 2036 mo,
907 1972 1077 2027 divini
1126 1972 1336 2039 Patres,
1388 1981 1444 2028 et
1498 1983 1854 2043 conspectum
1900 1977 2020 2041 ejus
2066 1978 2315 2031 incarna-

740 2063 944 2129 tionis,
994 2064 1367 2133 apostolorum
1432 2080 1626 2131 more,
1682 2066 1953 2121 celebrate
2011 2068 2313 2147 miracula,

736 2154 898 2207 etiam
932 2162 986 2208 et
1014 2154 1350 2224 passionem,
1385 2170 1509 2225 qua}
1544 2171 1761 2211 sacrum
1791 2171 1889 2211 nos
1915 2155 2103 2211 docuit
2139 2156 2315 2212 Evan-

743 2246 970 2315 gelium.

805 2336 1226 2409 Congregamini
1294 2338 1595 2408 gaudentes
1665 2338 2059 2394 monachorum
2115 2349 2314 2406 cmtus,

737 2438 793 2485 et
820 2431 979 2485 hilari
1005 2432 1190 2486 animo
1223 2448 1237 2485 :
1269 2432 1316 2487 si
1348 2433 1495 2486 enim
1527 2430 1667 2485 male
1713 2434 2101 2502 pravaluerint
2130 2436 2316 2491 hostes

738 2522 895 2588 ﬁdei,
954 2523 1147 2578 iterum
1198 2523 1365 2579 etiam
1422 2525 1714 2578 vincentur
1768 2525 1979 2587 miseri,
2027 2534 2083 2581 et
2133 2526 2315 2581 consi-

738 2616 891 2677 lium,
932 2616 1073 2683 quod
1112 2614 1425 2684 hujusmodi
1482 2616 1732 2671 homines
1764 2616 2007 2683 inierint,
2050 2616 2315 2673 Dominus

736 2703 1042 2773 dissipabit.

808 2794 1031 2849 Patrum
1085 2795 1330 2859 verbera,
1379 2805 1433 2851 et
1492 2796 1783 2852 vulnerum
1841 2798 2068 2869 sanguis
2120 2814 2307 2855 revera

736 2887 1034 2952 desierunt,
1091 2886 1402 2955 frequentia
1470 2888 1666 2942 exsilia
1723 2893 2070 2957 quieverunt,
2125 2899 2179 2943 et
2209 2906 2311 2958 pax

738 2976 993 3031 omnibus
1019 2991 1366 3047 procuratur.
1408 2976 1521 3034 Non
1576 2980 1889 3048 praevalebit
1933 2980 2167 3047 amplius
2199 2996 2314 3034 ma-

737 3068 870 3134 gicae
902 3068 1038 3122 artis
1067 3068 1359 3134 industria,
1399 3069 1540 3121 Deus
1571 3070 1773 3122 etenim
1809 3079 1892 3123 est
1924 3071 2237 3125 nobiscum.

2417 1959 2625 2029 θύμως,
2659 1960 2792 2013 θεῖοι
2817 1962 3079 2032 Πατέρες·
3112 1962 3209 2014 καὶ
3237 1962 3334 2031 τὴν
3367 1962 3517 2015 θείαν
3539 1963 3637 2033 τῆς
3662 1964 3835 2016 αὑτοῦ
3864 1982 3994 2039 σαρ-

2415 2050 2657 2115 κώσεως,
2707 2053 3078 2117 ἀποστολικῶς
3132 2055 3528 2126 ἁνιστορήσατε
3608 2056 3678 2108 τά
3734 2056 3994 2126 θαύματα

2416 2145 2508 2226 καὶ
2540 2144 2606 2196 τὰ
2635 2144 2955 2215 παθήματα,
2993 2146 3175 2211 καθὼς
3228 2130 3429 2218 γράφει
3476 2148 3536 2201 τὸ
3566 2148 3711 2202 θεῖον
3741 2149 3995 2218 Εὐαγγέ-

2416 2250 2444 2287 It
2453 2252 2547 2289 ιον.

2496 2323 2845 2395 Ἀθροίσθητε
2893 2324 3211 2395 γεγηθότες,
3257 2330 3327 2380 τά
3374 2329 3555 2398 πλήθη
3592 2330 3705 2382 τῶν
3738 2333 3994 2401 μοναζὸν-

2414 2433 2522 2469 νων
2555 2418 2613 2469 ὲν
2657 2419 2971 2489 παρρησία’
3004 2419 3099 2469 ἐὰν
3127 2419 3235 2489 γὰρ
3268 2419 3453 2483 κακῶς
3505 2420 3793 2489 ἰσχύσωσι,
3832 2424 3992 2475 πάλιν

2415 2511 2807 2582 ἡττηθήσονται
2839 2515 2887 2565 οί
2916 2514 3159 2567 δείλαιοι.
3195 2515 3303 2567 Καὶ
3330 2516 3396 2585 ήν
3430 2516 3497 2568 ἂν
3524 2515 3722 2587 βουλὴν
3774 2517 3992 2587 βουλεὺ-

2416 2618 2618 2655 σωνται
2646 2603 2696 2656 οἰ
2726 2603 2980 2670 τοιοῦτοι,
3007 2604 3350 2659 διασκεδάσει
3373 2605 3601 2677 Κύριος.

2483 2776 2549 2827 Al
2588 2778 2849 2860 μάστιχες
2895 2779 3004 2832 τῶν
3050 2780 3333 2851 Πατέρων,
3365 2783 3435 2835 τὰ
3476 2784 3683 2853 αἵματα
3728 2786 3837 2838 τῶν
3870 2804 3983 2855 μω-

2413 2866 2609 2921 λώπων
2636 2870 2886 2939 ἐλλειψαν
2913 2872 3081 2935 ὅντως
3105 2888 3119 2903 ο
3142 2872 3347 2944 ὲξορίαι
3380 2877 3951 2944 συνεχείςὲπαύσαντο
3969 2895 3985 2907 ·

2415 2960 2509 3010 καὶ
2561 2961 2751 3030 εἰρήνη
2804 2962 2938 3013 πᾶσι
2993 2963 3354 3027 πολιτεύεται,
3377 2968 3474 3018 οὐκ
3529 2965 3607 3018 ἔτι
3657 2968 3871 3036 ἰσχύσει
3927 2969 3988 3021 τί»

2415 3048 2595 3119 δράμα
2624 3050 2722 3119 τῆς
2754 3053 3005 3121 γοητείας
3029 3068 3043 3083 ο
3075 3054 3207 3117 Θεὸς
3232 3056 3340 3124 γὰρ
3379 3059 3496 3126 μεθ’
3519 3060 3676 3129 ήμῶν
3706 3063 3879 3114 ἐστιν.

808 3154 1118 3225 lniquitatis
1173 3158 1331 3212 vinea
1383 3158 1683 3227 impietatis
1727 3160 1979 3229 palmites
2044 3162 2307 3228 extendit,

2496 3137 2556 3190 Ἦ
2586 3138 2827 3208 ἄμπελος
2862 3140 2961 3210 τῆς
3008 3143 3205 3206 κακίας
3237 3144 3467 3208 ἐξέτεινε
3502 3148 3569 3199 τὰ
3598 3148 3857 3218 κλήματα
3886 3150 3988 3218 τῆς

734 3257 789 3301 et
854 3264 1101 3302 amarum
1157 3249 1375 3303 botrum
1425 3251 1718 3319 produxit,
1769 3261 1823 3305 et
1883 3254 1963 3306 ira
2011 3254 2312 3309 draconum

735 3348 819 3392 est
860 3339 1046 3393 viuum
1100 3340 1367 3409 ipsorum,
1414 3357 1523 3409 quo
1571 3341 1786 3395 Domini
1814 3346 2072 3412 populum
2122 3362 2312 3401 revera

739 3430 1100 3495 inebriarunt,
1126 3444 1225 3484 sua
1256 3445 1420 3499 prava
1451 3441 1504 3485 et
1542 3433 1895 3489 obtenebrata
1934 3444 2137 3490 mente.

806 3516 1092 3587 Templum
1141 3528 1295 3573 tuum
1346 3522 1861 3577 contaminaverunt
1928 3524 2119 3594 impii,
2194 3527 2311 3581 suis

736 3610 981 3679 profanis
1034 3626 1293 3664 manuum
1346 3612 1812 3681 impositionibus,
1845 3628 1899 3669 et
1935 3617 2254 3672 simoniacis
2287 3635 2300 3671 :

735 3711 790 3754 et
828 3700 931 3755 hac
977 3701 1045 3755 de
1078 3716 1243 3756 causa
1273 3703 1425 3771 juxta
1451 3718 1637 3759 sacros
1676 3720 1958 3760 canones:
1999 3706 2308 3763 istiusmodi

736 3793 1009 3855 homines,
1052 3809 1081 3846 a
1126 3796 1306 3847 divina
1358 3796 1526 3864 gloria
1566 3807 1693 3851 sunt
1718 3797 1933 3865 dejecti,
1979 3800 2306 3868 quibuscum

735 3886 899 3939 etiam
936 3883 1124 3939 Simon
1182 3885 1387 3957 Magus,
1438 3896 1493 3942 et
1537 3886 1775 3945 Joannes
1806 3898 1863 3944 et
1906 3890 2178 3948 Antonius
2223 3894 2302 3947 in-

735 3993 927 4032 sanus.

806 4068 972 4124 Fer'as
1010 4070 1152 4137 illas,
1181 4081 1236 4125 et
1270 4070 1360 4125 Dei
1387 4072 1597 4136 hostes,
1627 4072 1913 4143 profanum
1948 4077 2160 4133 scilicet
2193 4082 2306 4133 An-

735 4163 945 4217 tonium
969 4174 1022 4217 et
1050 4174 1474 4233 trangressorem
1521 4164 1788 4221 Joannem
1817 4167 2032 4225 Satanae
2066 4182 2303 4227 mentem

736 4254 1011 4323 adeptum.
1041 4267 1096 4309 et
1124 4256 1382 4311 Ecclesia
1423 4260 1859 4326 perturbatores,
1888 4272 1946 4315 ut
1972 4262 2131 4332 lupos
2167 4263 2305 4319 infe-

735 4354 849 4400 stos
872 4362 1061 4401 omnes
1092 4349 1274 4402 tideles
1313 4351 1728 4418 convenientes,
1778 4353 2123 4410 anathemate
2152 4356 2305 4410 dam-

734 4452 950 4493 nemus.
993 4437 1175 4492 Gloria
1204 4440 1370 4494 Patri.

2414 3229 2693 3297 ἁσεὸείας,
2737 3232 2832 3285 καὶ
2861 3234 2953 3286 τὸν
2988 3233 3179 3304 βότρυν
3201 3236 3293 3288 τὸν
3322 3240 3519 3309 πικρὸν
3561 3239 3825 3310 ἐξήνθησε
3889 3244 3986 3295 καὶ

2415 3321 2584 3391 θυμὸς
2628 3323 2944 3394 δρακόντιος
2971 3327 2999 3377 ὁ
3028 3322 3173 3389 οἶνος
3202 3328 3381 3381 αὐτῶν
3405 3347 3418 3359 ·
3444 3330 3503 3393 ἐξ
3526 3326 3585 3384 οὗ
3615 3332 3707 3383 τὸν
3733 3333 3862 3387 λαὸν
3887 3334 3982 3387 τοῦ

2416 3414 2617 3483 Κυρίου
2648 3418 2902 3469 ὲπότισαν
2928 3416 3114 3483 ὅντως,
3142 3419 3242 3489 τὴν
3274 3420 3501 3491 θολερὰν
3531 3424 3843 3477 κακόνοιαν.

2495 3505 2755 3574 Ἐμίαναν
2787 3506 2879 3559 τὸν
2909 3508 3036 3560 ναόν
3063 3525 3157 3562 σου
3217 3509 3479 3581 ἀθέσμοις
3516 3515 3873 3583 χειροτονίαις
3895 3515 3981 3570 διὰ

2410 3598 2735 3666 χρημάτων
2772 3601 2867 3651 καὶ
2912 3601 3212 3665 κανονικῶς
3246 3596 3394 3657 οὗτοι
3440 3604 3822 3675 ἐπιϐέϐληνται.
3870 3608 3980 3661 Καὶ

2408 3688 2505 3757 τῆς
2524 3688 2671 3750 θείας
2698 3689 2853 3760 δόξης
2879 3691 3321 3756 ἑκπεπτὼκασιν,
3347 3697 3375 3748 ὁ
3398 3696 3576 3765 Σίμων
3600 3699 3629 3749 ὁ
3650 3698 3858 3767 Μάγος,
3881 3701 3976 3752 σὺν

2408 3776 2581 3847 τούτῳ
2609 3778 2702 3831 καὶ
2744 3779 2999 3851 Ἰωάννης
3022 3783 3113 3835 καὶ
3143 3784 3171 3836 ὁ
3196 3783 3371 3847 δεινὸς
3408 3786 3710 3851 ’Δντώνιος.

2476 4070 2615 4137 Τοὺς
2648 4073 2821 4145 θῆρας
2849 4076 2940 4129 καὶ
2990 4075 3312 4148 θεομάχους,
3356 4080 3646 4135 ’Λντώνιον
3693 4083 3973 4156 τὸννβέὁη-

2404 4162 2514 4225 λον,
2550 4165 2646 4217 καὶ
2690 4167 3017 4237 παραϐάτην
3062 4169 3314 4240 Ἰωάννην
3362 4172 3452 4224 τὸν
3498 4174 3968 4243 σατανογνώμονα,

2405 4256 2497 4307 καὶ
2526 4256 2624 4326 τῆς
2665 4255 2993 4325 Ἐκκλησίας
3032 4258 3407 4330 πολεμήτορα,
3440 4262 3517 4324 ὼς
3560 4262 3755 4328 λύκους
3783 4265 3971 4335 βαρεῖς

2406 4346 2766 4413 συνελθόντες,
2793 4348 3169 4419 ἀναθεμάτους
3200 4352 3382 4405 πιστοὶ
3408 4353 3823 4425 ἀναϐοήσωμεν.
3844 4358 3898 4411 θ.

813 4529 1062 4583 Increata
1118 4532 1435 4586 monarchia
1466 4530 1645 4595 Pater,
1678 4542 1732 4588 et
1757 4532 1949 4600 Filius,
1979 4545 2033 4591 et
2066 4535 2300 4608 Spiritus

2485 4548 2550 4603 Ἥ
2567 4550 2820 4615 άκτιστος
2843 4553 3134 4624 μοναρχία,
3169 4554 3371 4628 Πάτερ,
3394 4555 3493 4608 Υἰὲ
3522 4556 3616 4609 καὶ
3639 4555 3879 4624 Πνεῦμα,
3912 4557 3974 4609 σὲ

734 4631 980 4683 sanctus.
1012 4630 1064 4676 te
1096 4623 1409 4687 adoramus,
1436 4641 1598 4695 quam
1619 4624 1935 4693 Cherubim,
1963 4631 2149 4686 multis
2177 4646 2303 4686 oeu-

733 4711 802 4765 lis
864 4722 1123 4766 exornata
1150 4752 1166 4779 ,
1217 4722 1270 4768 et
1316 4713 1624 4784 Seraphim,
1680 4729 1773 4770 sex
1816 4718 1921 4771 alis
1966 4719 2301 4775 circumdata

734 4802 958 4857 laudant
1015 4804 1307 4859 clamantia
1337 4824 1352 4860 :
1404 4804 1662 4872 Sanctus,
1695 4821 1939 4872 sanctus,
1973 4820 2193 4866 sanctus
2218 4826 2299 4877 es,

730 4911 765 4946 ο
793 4896 1005 4950 excelse
1032 4906 1086 4951 et
1114 4898 1481 4967 omnipotens.

806 4984 1023 5042 Sanctis
1082 4989 1343 5053 sanctior,
1396 4998 1449 5043 et
1482 4989 1739 5044 omnibus
1798 4992 2065 5047 creaturis
2125 4995 2302 5049 excel-

736 5075 868 5141 sior,
909 5085 966 5129 tu
1004 5076 1121 5132 sola
1147 5078 1448 5148 apparuisti
1491 5077 1660 5131 Mater
1695 5079 1858 5132 simul
1891 5089 1944 5133 et
1994 5079 2159 5152 Virgo
2207 5082 2301 5137 Dei

730 5167 1010 5233 Cenitrix,
1070 5183 1195 5223 cum
1252 5170 1433 5237 ipsum
1486 5178 1641 5222 tuum
1691 5167 2005 5224 Creatorem
2074 5188 2301 5243 pepere-

732 5259 831 5321 ris,
871 5269 1205 5329 quapropter
1253 5269 1403 5316 tuam
1448 5271 1693 5317 sanctam
1738 5264 2030 5335 imaginem
2076 5281 2303 5322 venera-

734 5366 878 5405 tnur.

1386 5442 1521 5499 ODA
1567 5443 1634 5500 V.

800 5535 1055 5592 Christus
1086 5536 1234 5602 vicit,
1258 5536 1497 5592 exsultet
1532 5545 1696 5604 terra,
1748 5541 1957 5611 quievit
2009 5544 2294 5608 tumultus,

736 5630 1056 5699 quieverunt
1110 5639 1165 5685 et
1192 5630 1444 5702 lacrymae
1501 5647 1782 5689 servorum
1848 5636 1963 5702 Dei,
2009 5638 2140 5694 tides
2171 5655 2297 5695 vero

732 5721 934 5790 ubique
966 5737 1061 5791 per
1096 5722 1407 5779 universum
1436 5724 1617 5780 orbem
1652 5737 1734 5782 est
1761 5728 2113 5799 promulgata.

2404 4642 2836 4713 προσκυνοῦμεν,
2869 4645 2933 4715 ήν
2964 4646 3030 4698 τά
3051 4647 3331 4717 Χερουϐὶμ
3358 4648 3425 4701 τὰ
3467 4646 3844 4719 πολυόμματα,
3871 4649 3973 4701 καὶ

2400 4732 2468 4786 τά
2503 4733 2753 4803 Σεραφὶμ
2789 4734 2855 4787 τά
2883 4736 3248 4805 ἑξαπτέρυγα,
3274 4738 3503 4809 ὑμνοῦσι
3541 4738 3921 4809 κραυγάζοντα
3948 4753 3966 4769 °

2402 4824 2610 4893 Ἄγιος,
2644 4827 2815 4895 ἅγιος,
2847 4830 3001 4898 ἅγιος
3029 4826 3099 4894 si,
3127 4824 3172 4883 ὦ
3200 4832 3593 4902 παντοκράτωρ
3625 4832 3874 4901 ’Υψιστι
3892 4820 3965 4883 θῗ

2484 5004 2685 5075 Ἀγίων
2738 5008 3036 5081 ἁγιωτέρα,
3086 5010 3178 5065 καὶ
3240 5012 3456 5065 πάντων
3496 5010 3799 5081 ὑψηλοτέρα
3852 5008 3963 5060 τῶν

2400 5098 2739 5177 ποιημάτων,
2795 5100 2927 5171 μόνη
2972 5102 3309 5171 άνιδείχθης,
3364 5100 3819 5173 Μητροπάρθενε·
3883 5099 3961 5161 ὡς

2398 5191 2561 5244 αὐτὸν
2595 5194 2843 5262 κυήσασα
2876 5195 2967 5246 τὸν
2994 5194 3245 5266 Πλάστην
3276 5196 3487 5259 σου,διὸ
3508 5194 3607 5266 τήν
3642 5194 3795 5261 ἁγίαν
3828 5209 3957 5264 μορ-

2399 5282 2506 5353 φήν
2546 5299 2661 5348 σου,
2688 5282 3079 5355 Θεογεννῆτορ,
3117 5287 3174 5339 ἐν
3204 5286 3575 5358 προσκυνήσει
3603 5284 3816 5356 ἔχομεν.

3050 5461 3181 5515 ΩΔΗ
3223 5462 3298 5515 E'.

2465 5545 2698 5615 Χριστος
2753 5514 3078 5621 νενίκηκε*⁸
3111 5553 3385 5619 σκιρτάτω
3433 5557 3466 5623 ή
3523 5555 3632 5623 γῆο
3687 5558 3956 5609 πέπαυται

2395 5634 2623 5703 θόρυϐος
2643 5652 2660 5669 ο
2692 5639 2966 5693 πέπαυται
2996 5642 3091 5694 καὶ
3118 5644 3146 5695 ὁ
3173 5642 3467 5713 κλαυθμὸς,
3502 5645 3609 5699 τῶν
3631 5646 3723 5700 τοῦ
3753 5647 3957 5717 Κυρίου

2393 5726 2631 5780 δούλωνο
2682 5733 2715 5802 ή
2772 5733 2954 5797 πίστις
3015 5734 3070 5787 δὲ
3162 5736 3439 5808 πανταχοῦ
3490 5738 3568 5809 τῷ
3635 5740 3819 5811 κόσμῳ
3864 5740 3955 5810 ἐφ-

2395 5822 2613 5895 ηπ>.ὠθη
2623 5862 2637 5878 .
