4188 6492
244 428 390 493 1773

1254 438 1499 498 CANON
1538 441 1623 499 IN
1666 441 2093 501 ERECTIONE
2130 445 2233 502 SS.
2264 447 2677 506 IMAGINUM.

3362 457 3495 520 17M

331 543 419 595 'Ev
473 539 642 594 εικόνι
695 539 991 611 βλέποντες
1037 542 1138 611 τὴν
1201 545 1505 617 σταύρωσιν
1561 548 1805 611 σέϐοντες

1985 550 2043 605 In
2076 550 2315 621 imagine
2364 565 2651 609 cernentes
2692 557 2844 613 cruci
2899 558 3209 616 aﬂixionem
3254 564 3496 628 Domini,

237 636 576 705 στέργομεν,
631 632 999 703 ἀσπαζόμενοι
1058 635 1292 704 Χριστὸν
1357 638 1451 690 καὶ
1522 641 1591 692 τὰ
1645 640 1811 693 αὐτοῦ

237 728 474 797 σημεῖα,
502 724 598 778 καὶ
624 724 1034 797 προσκυνοῦμεν
1086 726 1223 781 αὑτά
1245 745 1261 760 ο
1292 729 1389 801 οὐχ
1413 730 1488 795 ὡς
1540 730 1694 796 θεοὺς
1725 750 1811 787 τι·-

241 820 481 890 μῶντες.

317 910 542 981 Πνεῦμα
572 909 634 963 τὸ
676 909 1030 981 πολύρῤημον
1084 912 1180 966 καὶ
1227 912 1546 985 βλάσφημον
1572 913 1810 985 Λήζικος

234 1003 544 1067 πέπαυται,
575 1001 635 1055 τὸ
679 1001 874 1057 λαλοῦν
926 1003 1237 1068 διαπαντὸς,
1268 1006 1481 1076 ἡμέραν
1531 1005 1653 1059 καθ’
1682 1007 1812 1077 ήμέο

237 1114 347 1166 ραν
379 1098 517 1150 κατὰ
544 1097 642 1164 τῆς
673 1095 824 1161 θείας
861 1098 1073 1169 μορφῆς
1094 1099 1330 1171 Χριστοῦ
1362 1107 1453 1152 καὶ
1478 1098 1584 1152 τῶν
1615 1100 1805 1169 ἁγίων.

314 1270 433 1325 Ἵνα
454 1270 529 1337 τί,
567 1268 1186 1342 τρισάθλιε,μεμίσηκας
1219 1272 1498 1343 μόρφωσιν
1522 1273 1803 1345 ἄχραντον,

233 1365 338 1433 τῆς
395 1352 723 1432 σαρκώσεως
768 1362 1027 1432 Χριστοῦ,
1065 1363 1159 1416 καὶ
1196 1363 1305 1417 τῶν
1344 1365 1515 1432 ἁγίων
1554 1365 1804 1435 πάντων;

237 1454 320 1526 μὴ
344 1455 452 1526 γὰρ
477 1453 716 1518 εἰδώλοις
749 1457 950 1524 κωφοῖς
1008 1457 1056 1509 oi
1088 1457 1269 1510 πιστοὶ
1292 1458 1732 1528 προσκυνοῦμενς

318 1630 598 1694 Ἀσεὸείας
623 1630 829 1701 ὄργανα
862 1630 1244 1700 τυγχάνοντες,
1297 1630 1562 1701 ἥθροισαν
1591 1630 1807 1686 σύνοδον

232 1725 431 1795 ἱερέων
460 1723 693 1789 ἀσεϐῶν,
720 1725 861 1777 κατὰ
903 1724 1037 1777 Θεοῦ
1076 1724 1300 1795 ὑψίστου
1319 1740 1334 1756 °
1364 1725 1442 1790 ὡς
1477 1725 1717 1780 Ἰουδαῖοι
1746 1725 1806 1779 τὸ

227 1816 387 1887 πρὶν,
426 1816 623 1879 Ἄννας
655 1817 749 1869 καὶ
783 1816 1057 1885 Καῖάφας.

313 1992 404 2046 Ἐν
449 1991 631 2063 ἡμέρᾳ
658 1990 916 2061 κρίσεως,
958 1990 1243 2056 πανάθλιε,
1276 1992 1562 2062 στήσονται
1599 1990 1807 2061 ἔλεγχοι
1832 1971 1881 2030 Β

225 2087 331 2156 τῆς
354 2084 516 2138 ἀθέου
546 2100 640 2167 σρυ
670 2082 870 2154 ψυχῆς,
897 2084 926 2136 6
952 2083 1123 2152 δῆμος
1164 2085 1275 2135 τῶν
1309 2083 1589 2155 Πατέρων,
1618 2076 1802 2154 ὧνπερ

227 2175 492 2247 ἀμέτροις
518 2173 753 2245 πληγαῖς
781 2172 1102 2243 ὲγύμνωσας
1124 2172 1221 2236 τὰς
1254 2172 1482 2243 σάρκας.

311 2350 630 2421 Ἐκκλησίαι
678 2349 885 2404 ἅπασαι
917 2348 1190 2420 βοήσουσι,
1238 2348 1537 2419 κράξουσαι
1567 2349 1798 2411 ἅπασαι,

225 2442 572 2513 στερηθεῖσαι
617 2441 721 2493 ὑπὸ
764 2441 880 2504 σοῦ,
926 2441 1025 2511 τῆς
1073 2442 1287 2512 μορφῆς
1322 2442 1416 2495 τοῦ
1445 2442 1650 2513 Κυρίου
1704 2442 1800 2496 καὶ

222 2535 335 2586 τῶν
374 2535 544 2602 ἁγίων
576 2531 737 2613 αὑτοῦ
763 2549 861 2593 τας
894 2532 1042 2603 ἱερὰς
1064 2535 1299 2597 εἰκόνας.

301 2625 353 2679 θ.
415 2627 480 2679 ’11
515 2625 576 2679 τὸ
604 2627 713 2679 πᾶν
743 2624 1043 2696 συῖιέχουσα
1074 2626 1151 2697 τῷ
1177 2627 1367 2698 κράτει
1394 2644 1510 2693 σου,
1540 2626 1665 2694 δόξα
1692 2643 1795 2691 σοι,

188 2744 207 2751 —
229 2716 359 2782 δόξα
381 2735 485 2784 σοι,
517 2721 912 2790 τρισυπόστατε
939 2720 1126 2791 μονὰς,
1153 2722 1355 2792 Πάτερ,
1388 2720 1485 2774 Υἱὲ
1509 2722 1603 2774 καὶ
1626 2718 1797 2773 Πνεῦο

232 2826 330 2879 μα,
384 2811 511 2874 τοὺς
569 2810 897 2874 πεποιθότας
930 2814 1013 2873 είς
1068 2813 1129 2865 σὲ
1170 2812 1331 2885 ῥῦσαι
1372 2812 1633 2876 παντοίας
1664 2811 1792 2883 βλά-

227 2902 351 2970 6ης.

297 3116 348 3171 θ.
367 3117 454 3180 Ὠς
474 3116 1017 3190 χρυσοκαλλώπιστον
1032 3118 1250 3189 λυχνίαν
1268 3118 1626 3183 σε,δέσποινα,
1642 3118 1792 3171 σέϐο-

227 3229 348 3281 μεν,
398 3211 495 3281 τὴν
537 3211 598 3265 τὸ
644 3210 757 3280 φῶς
798 3212 857 3265 τὸ
884 3213 1073 3283 νοητὸν
1111 3214 1449 3283 γεννήσασαν
1473 3212 1550 3283 τῷ
1577 3212 1787 3283 κόσμῳ,

140 3340 147 3345 .
223 3301 318 3353 καὶ
345 3300 444 3372 τὴν
472 3301 683 3374 ζοφώδη
718 3302 884 3374 ἀχλὺν
904 3304 1204 3375 μειώσασα,
1248 3305 1508 3377 Παρθένε.

854 3466 985 3537 nan
1024 3468 1117 3533 qv.

303 3620 566 3690 Ἐδόησαν
624 3622 671 3674 οί
716 3620 985 3693 ἄγρυπνοι
1032 3624 1271 3694 φύλακες
1319 3627 1417 3696 τῆς
1459 3625 1782 3695 Ἐκκλησίας

219 3712 314 3764 τοῦ
344 3713 579 3784 Χριστοῦ
616 3714 763 3783 πρὸς
791 3714 952 3768 αὑτὸν
986 3717 1282 3782 αἰτοῦντες,
1314 3718 1529 3787 δοθῆναι
1572 3718 1671 3789 τὴν
1704 3719 1781 3771 εἰ·

226 3802 418 3871 ρὴνην,
446 3805 539 3855 καὶ
572 3804 884 3874 είσήκουσε,
915 3806 1011 3859 καὶ
1043 3809 1315 3877 προσέσχε
1342 3810 1409 3878 τῇ
1436 3808 1641 3879 δεήσει.

289 3892 614 3962 Διήλεγκται
666 3896 761 3949 τοῦ
823 3897 1025 3951 πλάνου
1086 3900 1157 3952 τὰ
1212 3899 1479 3971 θύρατρα,
1508 3903 1626 3964 ταῖς
1672 3900 1781 3953 τῶν

222 3982 482 4053 Πατέρων
511 3984 750 4055 διδαχαῖς
768 4003 783 4017 ο
811 3989 904 4041 καὶ
931 3987 1062 4052 Θεὸς
1105 3990 1358 4060 ὑμνεῖται
1388 3991 1553 4062 σαρκὶ
1584 4007 1783 4063 μεμορ‹

222 4075 495 4145 φωμένος,
520 4078 548 4129 6
576 4078 1001 4150 ἀπεριγράπτως
1029 4083 1241 4153 θεότητι
1266 4084 1545 4155 ὑπάρχων.

288 4247 349 4298 Θὶ
380 4251 632 4321 συνεργοὶ
687 4253 787 4322 τῆς
813 4252 1041 4323 πλάνης,
1081 4255 1401 4326 αἰσχύνεσθε
1420 4273 1434 4287 ·
1464 4258 1556 4312 καὶ
1581 4259 1778 4313 ἀπολέ-

222 4335 434 4391 σθωσαν
462 4338 619 4410 ὁμοῦ,
653 4344 750 4396 σὺν
767 4344 844 4413 τῷ
882 4346 1171 4416 Ἀντωνίῳ,
1201 4348 1455 4413 Θεόδοτος
1476 4350 1568 4404 καὶ
1587 4350 1775 4422 Λήζιξ,

221 4427 313 4480 κάὶ
335 4427 627 4500 Θεόδωρος,
663 4434 691 4484 6
714 4431 871 4502 βυθὸς
897 4435 995 4506 τῆς
1025 4438 1315 4501 ἀπωλείας.

287 4542 360 4595 Τὸ
388 4544 561 4615 στόμα
590 4562 682 4599 σου
718 4547 1007 4618 διήνοιξας,
1026 4553 1195 4618 ἄθλιε,
1216 4554 1316 4609 οὐκ
1350 4556 1407 4609 ἐν
1427 4555 1591 4628 ᾠδαῖς
1620 4573 1779 4611 πνευ-

219 4644 494 4709 ματικαῖς,
542 4643 658 4695 ἀλλ’
687 4644 745 4698 ἐν
781 4646 1166 4719 βλασφημίαις,
1201 4652 1342 4705 κατὰ
1382 4652 1475 4705 τοῦ
1531 4652 1623 4706 σοῦ
1683 4656 1769 4706 Δε-

216 4731 432 4795 σπότου,
463 4733 849 4805 ἀπωθούμενος
869 4738 965 4808 τὴν
1006 4740 1208 4811 σεπτὴν
1238 4744 1627 4814 είκονουργίαν.

286 4844 616 4917 Διέστρεψας
668 4849 928 4922 Πατέρων
974 4853 1042 4905 τά
1092 4853 1376 4925 δόγματα,
1417 4858 1512 4911 καὶ
1538 4858 1775 4912 ἀποστόο

214 4935 316 4987 λων
365 4936 608 5008 διδαχάς,
661 4940 830 5012 ἄλλην
868 4943 1043 5008 ἄλλως
1100 4948 1345 5017 γράφων,
1381 4950 1521 5005 κατὰ
1547 4953 1646 5024 τὴν
1675 4954 1775 5025 σὴν

217 5028 506 5099 θρησκείαν
535 5032 870 5105 παράνομον,
906 5036 1126 5108 Ἰωάννη
1152 5040 1196 5092 Χ
1207 5042 1521 5113 ριστομάχε.

280 5207 380 5261 Σοῦ
413 5209 442 5261 6
471 5210 672 5273 καπνὸς
716 5212 966 5283 δακρύων
1015 5216 1278 5290 ἐνέπλησε
1328 5222 1436 5274 τῶν
1489 5224 1768 5279 εύσεὸούν-

214 5316 315 5352 των
372 5300 713 5373 ὀφθαλμούς·
767 5305 903 5359 ἀλλὰ
951 5307 1028 5377 τῷ
1084 5312 1269 5381 ἀνέμῳ
1296 5314 1404 5366 τῶν
1439 5315 1595 5369 θείων
1618 5318 1766 5372 διδα-

218 5389 424 5443 σκάλων
464 5392 860 5459 διεσκέδασται,
901 5399 1249 5469 ματαιόφρων
1287 5403 1526 5475 Ἰωάννη.

277 5505 351 5556 Σὺ
378 5506 477 5576 τὴν
508 5507 699 5578 στολὴν
738 5510 837 5576 τὴν
888 5510 1036 5565 θείαν
1057 5513 1363 5586 διέρῤηξας,
1398 5518 1585 5591 ὥσπερ
1610 5523 1638 5575 6
1667 5522 1764 5575 Ἀ-

218 5610 352 5662 ρειος
388 5596 450 5649 τὸ
490 5598 617 5666 πρὶν
656 5598 746 5651 τὸν
772 5599 864 5653 τοῦ
894 5602 1128 5671 Χριστοῦ
1160 5605 1359 5674 χιτῶνα
1381 5623 1394 5637 ·
1427 5608 1506 5661 διὸ
1531 5608 1624 5680 τὴς
1648 5610 1767 5665 Ἐκ-

214 5685 431 5755 κλησίας
446 5689 632 5759 πόρρω
652 5687 883 5762 βέδλησσ
896 5709 931 5757 ι,
954 5693 1235 5767 examen;
1253 5697 1501 5772 καθάπερ
1519 5700 1683 5760 κύων.

243 5858 289 5916 θ.
308 5861 451 5917 Μίαν
471 5862 642 5935 ἀρχὴν
664 5861 868 5930 δοξάζω
892 5863 1160 5937 θεότητος,
1198 5872 1253 5925 ἐν
1283 5872 1609 5929 ὑποστάσεσι
1639 5893 1752 5947 τρια

1913 642 2061 696 illam
2148 659 2481 711 eneramur,
2537 647 2817 703 Christum
2873 658 2929 705 et
2972 652 3093 722 ejus
3150 656 3306 727 signa
3356 661 3493 715 ado-

1912 745 2137 802 rantes;
2195 753 2305 793 non
2362 747 2546 796 tamen
2590 740 2663 796 ila
2707 758 3032 799 veneramur
3087 756 3145 802 ut
3204 750 3489 820 gentilium

1884 826 2068 889 ,deos.

1984 918 2222 991 Spiritus
2272 923 2364 978 ille
2414 925 2615 997 loquax
2665 937 2719 983 et
2762 930 3114 1000 blasphemus
3144 929 3343 988 Lezius
3380 937 3495 990 sci-

1909 1008 2055 1076 licet,
2097 1012 2211 1081 jam
2243 1016 2469 1084 quievit,
2518 1018 2613 1087 qui
2647 1018 2959 1090 frequenter
3003 1024 3248 1090 quotidie
3289 1025 3486 1078 adver-

1909 1117 2005 1157 sus
2060 1104 2303 1160 divinam
2351 1104 2556 1162 Christi
2597 1109 2848 1179 effigiem,
2892 1120 2947 1166 et
2976 1124 3292 1169 sanctorum
3334 1116 3492 1170 obla-

1908 1196 2106 1249 trahat.

1979 1284 2230 1350 Quanam
2264 1287 2330 1343 de
2359 1305 2548 1353 causa,
2581 1292 2887 1350 miserrime
2936 1296 3250 1365 homuncio,
3298 1300 3491 1356 imma-

1906 1374 2139 1429 culatam
2174 1376 2399 1449 elligiem
2454 1382 2853 1440 incarnationis
2895 1385 3101 1443 Christi
3139 1388 3383 1461 Domini,
3431 1402 3486 1448 et

1907 1475 2220 1523 sanctorum
2249 1472 2490 1527 omnium
2524 1489 2582 1529 es
2612 1476 2738 1531 odio
2761 1481 3124 1545 prosecutus?
3155 1479 3294 1536 Num
3319 1485 3485 1539 surda

1906 1549 2050 1615 idola
2092 1575 2192 1615 nos
2228 1561 2414 1617 fideles
2451 1571 2821 1621 veneramur?

1975 1649 2275 1721 impietatis
2322 1653 2681 1711 instrumenta
2740 1674 2863 1713 cum
2895 1663 3300 1733 convenissent,
3339 1684 3478 1725 con-

1904 1740 2222 1797 ciliabulum
2251 1755 2566 1817 coegerunt,
2605 1749 2897 1818 impiorum
2927 1753 3179 1811 videlicet
3215 1763 3475 1815 sacerdo-

1907 1841 2044 1897 tum,
2092 1835 2359 1891 adversus
2402 1836 2572 1892 Deum
2624 1842 2923 1907 excelsum,
2968 1847 3113 1914 quod
3159 1849 3323 1904 etiam
3352 1852 3482 1906 olim

1907 1923 2152 1980 fecerunt
2180 1925 2376 1993 Judaei,
2407 1928 2562 1984 Anna
2590 1931 2799 1988 scilicet
2819 1945 2873 1989 et
2915 1922 3173 2005 Caiphas.

1977 2016 2036 2070 ln
2069 2017 2156 2073 die
2195 2019 2285 2073 illa
2312 2022 2539 2074 extremi
2580 2021 2795 2090 judicii,
2842 2039 2875 2078 ο
2908 2025 3306 2092 infelicissime,
3349 2031 3482 2085 ade-

1902 2117 2055 2171 runt,
2103 2106 2199 2177 qui
2250 2118 2397 2163 tuam
2444 2109 2666 2180 impiam
2704 2114 2943 2168 animam
2982 2129 3231 2187 arguent,
3261 2130 3485 2174 sancto-

1902 2212 2022 2251 rum
2061 2196 2310 2255 videlicet
2358 2198 2584 2255 Patrum
2628 2206 2853 2270 chorus,
2897 2222 3136 2275 quorum
3207 2212 3483 2268 denudata

1900 2305 2129 2360 corpora
2158 2292 2653 2351 innumerabilibus
2687 2297 2860 2368 plagis
2883 2299 3144 2355 alllixisti.

1968 2380 2169 2438 Omnes
2195 2384 2448 2441 Ecclesia:
2478 2386 2719 2443 clamare
2762 2404 2871 2444 non
2895 2390 3167 2457 desinent,
3201 2409 3325 2448 cum
3362 2410 3393 2449 a
3426 2404 3479 2451 te

1901 2472 2104 2530 fuerint
2147 2476 2355 2532 orbatzr.
2387 2478 2590 2535 Christi
2636 2479 2849 2535 Domini
2884 2481 3138 2555 imagine,
3188 2494 3241 2541 et
3266 2497 3483 2543 sancto-

1898 2577 2018 2617 rum
2050 2564 2170 2634 ejus
2196 2568 2371 2622 sacris
2402 2568 2614 2636 figuris.
2650 2569 2833 2625 Gloria
2867 2570 3038 2627 Patri.

1966 2654 2147 2710 Gloria
2179 2657 2298 2720 tibi,
2361 2667 2415 2713 et
2460 2659 2656 2714 iterum
2690 2661 2862 2731 gloria
2910 2664 3007 2718 tibi
3048 2666 3139 2732 sit,
3174 2667 3320 2722 trina
3351 2669 3477 2723 uni-

1896 2754 2000 2808 tas,
2042 2746 2202 2803 Pater
2258 2759 2312 2804 et
2335 2749 2508 2805 Filius
2538 2760 2592 2806 et
2627 2750 2863 2821 Spiritus
2900 2766 3151 2821 sanctus,
3191 2774 3313 2828 qua:
3346 2763 3476 2813 uni-

1896 2854 2113 2892 versum
2166 2841 2357 2896 orbem
2387 2843 2627 2911 potentia
2666 2854 2757 2897 tua
2789 2847 3079 2902 contines:
3133 2857 3184 2903 te
3214 2852 3474 2920 depreca-

1894 2946 2039 2992 mur.
2084 2941 2142 2986 ut
2181 2934 2249 2988 ab
2290 2935 2440 2992 omni
2474 2935 2616 2991 malo
2649 2952 2767 3003 eos,
2820 2939 2916 3009 qui
2957 2940 3014 2995 in
3065 2950 3118 2996 te
3157 2943 3469 3007 contidunt,

1895 3025 2134 3081 liberare
2157 3025 2423 3096 digneris.

1962 3139 2141 3192 lnstar
2187 3138 2481 3195 lucernarii
2523 3156 2659 3197 auro
2712 3144 2985 3210 exornati,
3022 3154 3077 3201 te
3116 3161 3469 3214 veneramur,

1892 3242 2077 3286 sancta
2108 3230 2202 3285 Dei
2237 3231 2506 3298 Genitrix,
2536 3251 2657 3305 quae
2686 3237 2870 3294 lumen
2903 3239 3269 3296 intellectuale
3300 3259 3463 3297 mun-

1812 3328 1857 3391 ς,
1890 3322 1960 3376 do
1997 3323 2277 3395 peperisti,
2306 3332 2361 3378 et
2396 3328 2740 3384 tenebrosam
2784 3332 3040 3387 nebulam
3093 3334 3396 3405 dissipasti.

2567 3475 2705 3533 ODA
2735 3478 2826 3535 Vl.

1956 3620 2245 3677 Vociferati
2268 3636 2396 3681 sunt
2418 3628 2610 3698 vigiles
2664 3630 2923 3688 Ecclesiae
2956 3633 3161 3691 Christi
3192 3642 3462 3715 custodes,

1884 3712 1952 3766 ab
1976 3713 2094 3783 ipso
2122 3724 2385 3784 petentes,
2419 3730 2479 3774 ut
2512 3723 2615 3776 sibi
2653 3740 2755 3794 pax
2789 3726 3104 3797 largiretur,
3129 3747 3270 3801 quos
3296 3712 3466 3791 exau-

1883 3805 2037 3868 divit,
2076 3813 2130 3861 et
2157 3822 2346 3863 eorum
2379 3814 2636 3879 precibus
2666 3826 2901 3872 mentem
2934 3821 3208 3878 adhibuit.

1953 3896 2185 3954 Detectaa
2225 3912 2355 3957 sunt
2394 3906 2702 3963 seductoris
2737 3910 2884 3968 illius
2912 3922 3059 3969 artes
3099 3926 3153 3971 et
3184 3916 3294 3972 doli
3328 3935 3459 3974 san-

1881 3998 2092 4044 ctorum
2134 3991 2353 4048 Patrum
2402 3996 2784 4068 dogmatibus;
2840 4014 2895 4059 et
2931 4004 3077 4062 Deus
3100 4023 3263 4063 carne
3301 4012 3461 4066 indn-

1882 4090 1971 4134 tus
2001 4082 2070 4135 ah
2116 4085 2370 4141 omnibus
2415 4089 2743 4160 celebratur,
2783 4096 2875 4164 qui
2916 4112 3014 4167 pro
3042 4113 3139 4152 sua
3173 4099 3459 4159 divinitate

1881 4172 2395 4246 incircumscriptus
2424 4182 2658 4237 exsistit.

1952 4265 2094 4320 Socii
2123 4268 2453 4325 seductionis
2505 4272 2713 4342 pudore
2763 4276 3201 4347 confundantur,
3251 4292 3303 4337 et
3333 4298 3455 4353 per-

1880 4366 2008 4411 eant
2074 4375 2181 4414 una
2247 4377 2372 4416 cum
2416 4366 2659 4421 Antonio
2713 4366 3029 4428 Theodotus
3078 4384 3131 4429 et
3166 4374 3361 4432 Letius
3398 4389 3455 4433 et

1880 4450 2219 4520 Theodorus,
2248 4455 2577 4524 profundum
2611 4462 2955 4531 perditionis.

1954 4542 2026 4598 0s
2065 4553 2218 4600 tuum
2256 4551 2539 4618 aperuisti,
2574 4567 2607 4606 ο
2646 4554 2833 4621 miser,
2859 4570 2968 4611 non
3004 4556 3057 4612 in
3094 4563 3321 4618 canticis
3344 4565 3453 4634 spio

1880 4634 2188 4701 ritualibus,
2234 4640 2327 4693 sed
2361 4641 2418 4694 in
2459 4640 2813 4713 blasphemiis
2853 4647 3117 4705 adversus
3155 4651 3447 4709 Dominum

1881 4734 2054 4793 tuum,
2079 4733 2420 4788 venerandas
2454 4734 2722 4806 imagines
2751 4738 3089 4799 insectando.

1945 4836 2262 4895 Pervertisti
2298 4853 2612 4899 sanctorum
2646 4847 2869 4903 Patrum
2914 4850 3189 4923 dogmata,
3225 4866 3445 4924 aposto-

1872 4928 2052 4983 lorum
2102 4931 2366 4988 doctrinis
2410 4938 2685 4993 contraria
2729 4942 3036 5009 scribendo,
3084 4945 3245 5014 juxta
3293 4957 3443 5006 tuam

1874 5014 2070 5071 falsam
2122 5020 2444 5090 religionem
2490 5032 2546 5081 et
2591 5027 2833 5099 impiam,
2875 5047 2909 5086 o
2938 5031 3181 5091 Joannes
3237 5036 3443 5099 Christi

1872 5122 2108 5162 "IIITIICC.

1941 5218 2148 5277 Fumus
2176 5230 2306 5279 tuus
2331 5227 2544 5296 piorum
2567 5233 2757 5290 oculos
2786 5234 3042 5308 lacrymis
3068 5241 3310 5308 replevit,
3344 5244 3459 5306 sed.

1870 5322 2037 5366 vento
2072 5330 2354 5372 sacrorum
2383 5321 2665 5379 doctorum
2708 5326 3006 5399 dissipatus
3042 5341 3145 5397 est,
3170 5347 3209 5387 o
3248 5335 3443 5392 insane

1870 5399 2129 5459 Joannes.

1941 5515 2023 5571 Tu
2082 5534 2296 5576 sacram
2366 5526 2559 5581 stolam
2615 5528 2910 5601 dilaniasti,
2975 5538 3436 5605 quemadmodum

1872 5607 1998 5662 olim
2030 5609 2195 5668 Arius
2224 5614 2427 5670 Christi
2478 5629 2684 5676 vestem
2712 5641 2726 5690 ;
2756 5640 3087 5698 quapropter
3140 5634 3335 5685 merito
3370 5636 3440 5689 ab

1871 5697 2113 5757 Ecclesia
2142 5708 2331 5774 procul
2398 5709 2571 5767 instar
2608 5716 2762 5773 canis
2797 5757 2812 5783 ,
2861 5734 2922 5775 es
2965 5720 3193 5791 eiectus.
3251 5723 3437 5782 Gloria

1869 5789 2039 5847 Patri.

1944 5883 2121 5943 Unum
2151 5889 2370 5949 deitatis
2402 5893 2731 5969 principium
2769 5901 2946 5961 tribus
2994 5906 3245 5977 personis
3276 5908 3436 5981 glori-
