4188 6472
745 411 879 473 1Π5

1921 402 1982 458 S.
2022 399 2412 461 THEODORI
2455 405 2796 464 STUDITAZ

3854 400 3983 463 ιττε

738 521 863 576 ﬁco.
903 517 1056 574 Unus
1095 515 1240 570 enim
1289 512 1433 567 Deus
1462 519 1564 575 est,
1619 508 1798 573 Pater,
1833 504 2030 571 Filius,
2061 518 2115 563 et
2147 509 2317 578 Spiri-

2353 524 2392 578 Α
2424 513 2527 574 σίν,
2558 508 2637 573 εἷς
2665 512 2798 575 Θεὸς
2829 512 2936 582 γάρ
2970 513 3105 575 ἐστι,
3134 513 3343 583 Πατὴρ,
3373 512 3496 576 Υἱὸς
3529 514 3626 566 καὶ
3648 512 3983 582 Πνεῦμα,διο

739 622 829 664 tus
858 618 1102 672 sanctus,
1133 605 1259 660 licet
1285 602 1634 658 idiomatibus
1658 601 2087 670 distinguantur,
2117 608 2170 655 et
2193 615 2316 670 per-

739 701 916 756 sonis.

807 791 852 846 Ο
881 789 1180 860 purissima
1204 788 1370 860 Virgo
1413 802 1442 842 a
1490 785 1599 841 Deo
1633 783 1958 854 gloriﬁcata,
1998 779 2194 836 civitas
2226 778 2318 832 Dei

737 900 766 938 α
794 884 1070 955 prophetis
1115 883 1309 938 merito
1346 898 1406 937 cs
1459 878 1844 952 praenuntiata,
1885 892 1950 932 ex
2002 891 2109 946 qua
2164 885 2318 929 ortus

735 986 818 1030 est
851 978 1078 1046 ipsemet
1101 975 1178 1028 tui
1200 975 1445 1038 Creator,
1478 971 1572 1042 qui
1601 981 1652 1026 te
1677 978 1804 1040 post
1827 978 2066 1039 partum,
2089 977 2149 1023 ut
2171 975 2314 1041 ante,

738 1065 1019 1137 Virginem
1058 1065 1426 1120 conservavit.

1409 1168 1547 1224 ODA
1574 1166 1686 1222 VII.

807 1282 1037 1338 llaeresis
1085 1282 1365 1338 fornacem
1406 1289 1644 1352 quatuor
1669 1279 1748 1350 (4)
1793 1292 2062 1334 annorum
2109 1276 2316 1332 hebdo-

737 1379 924 1429 madas
959 1375 1465 1444 praadominantem,
1495 1373 1670 1444 gratia
1700 1385 1848 1426 nunc
1880 1369 2143 1424 exstinxit
2168 1369 2312 1422 divi-

736 1481 826 1528 na,
874 1466 1070 1521 ardens
1119 1467 1340 1536 quidem
1385 1465 1693 1530 Chaldaeos,
1728 1473 1783 1518 et
1831 1460 2161 1530 refrigerans
2197 1461 2314 1530 pios

737 1557 1020 1614 Trinitatis
1050 1561 1311 1614 cultores.

807 1650 1080 1705 Exornata
1131 1660 1235 1714 est,
1284 1660 1338 1705 et
1376 1649 1604 1720 pulchra
1650 1648 1838 1704 effecta
1897 1646 1990 1701 Dei
2047 1644 2311 1709 Ecclesia,

735 1753 949 1812 recepta
996 1742 1297 1799 Dominica'.
1337 1741 1734 1797 incarnationis
1765 1755 1919 1795 sacra
1963 1739 2218 1808 imagine,
2261 1747 2315 1792 et

734 1836 854 1904 ejus
887 1835 1183 1904 passionis,
1229 1849 1293 1890 ac
1343 1826 1575 1888 alierum
1612 1833 2020 1904 mysteriorum,
2050 1832 2202 1900 juxta
2229 1827 2313 1883 di!

735 1928 890 1981 vinas
927 1927 1094 1997 leges.

2417 603 2618 676 ᾕρηται
2649 606 2990 676 χαρακτῆρσι
3023 606 3118 660 καὶ
3148 605 3478 677 προσώποις.

2489 784 2538 837 θ.
2581 785 2940 855 Προφητικῶς
2957 785 3093 857 ἁγνὴ
3121 786 3431 851 θεοδόξαστε
3455 786 3608 850 πόλις
3631 786 3882 856 ἐδείχθης
3899 788 3984 841 τοῦ

2417 876 2573 940 Θεοῦ,
2603 877 2662 940 ἐξ
2686 871 2751 947 ἦς
2775 876 3037 947 ἐγεννήθη
3077 877 3240 941 αὐτὸς
3271 880 3299 931 ό
3331 878 3566 949 Ποιητής
3594 895 3712 942 σου,
3738 882 3878 948 μετά

2417 985 2512 1021 κον
2543 985 2603 1022 σε
2635 968 2709 1033 ὡς
2740 970 2801 1022 τὸ
2827 970 2955 1040 πρὶν
2981 969 3336 1038 διαφυλάξας.

3099 1164 3229 1234 nan
3257 1162 3334 1220 2'.

2487 1271 2596 1343 Τὴν
2623 1271 2854 1342 κάμινον
2880 1274 2978 1343 τῆς
3009 1275 3296 1344 αἱρέσεως,
3322 1276 3416 1328 νῦν
3445 1278 3777 1331 κατέσϐεσεν
3811 1283 3844 1351 ἡ
3872 1282 3984 1334 θεία

2417 1366 2594 1436 χάρις,
2632 1365 2906 1433 φλέγουσα
2956 1367 3280 1436 νοουμένους
3322 1368 3641 1433 Χαλδαίους,
3684 1374 3775 1424 καὶ
3804 1373 3984 1442 δροσί-

2417 1457 2584 1520 ζουσα
2609 1458 2836 1529 Τριάδος
2860 1457 3195 1527 θεράποντας
3218 1475 3233 1488 ·
3271 1461 3594 1530 τετραπλαῖς
3628 1465 3985 1535 έδὸομὰσεσιν

2424 1548 2561 1601 ἑτῶν
2586 1548 2753 1620 αὐτὴν
2777 1548 3238 1620 διακρατήσασαν.

2488 1640 2864 1705 Πεποίκιλται,
2891 1641 3300 1712 περιϐέϐληται,
3333 1645 3771 1699 κεκαλλὼπισται
3798 1649 3830 1718 ἡ
3867 1649 3985 1700 Ἐκ-

2417 1728 2611 1798 κλησία
2631 1745 2644 1758 ·
2681 1729 2962 1799 μόρφωσιν
2986 1729 3079 1783 τοῦ
3115 1732 3384 1784 Δεσπότου
3416 1734 3522 1786 τῶν
3562 1736 3699 1789 ὅλων
3723 1738 3823 1806 τῆς
3854 1755 3982 1809 σαρ-

2416 1820 2653 1884 κώσεως,
2685 1820 2912 1874 καὶτῶν
2975 1821 3312 1892 παθημάτων
3360 1826 3522 1879 αὑτοῦ
3577 1827 3672 1879 καὶ
3731 1829 3799 1881 τὰ
3843 1830 3978 1898 σύμ·

2415 1911 2542 1963 ϐολα
2593 1913 2853 1982 φέρουσα,
2887 1915 2966 1976 είς
2999 1914 3154 1978 τέλος
3180 1916 3318 1968 κατά
3374 1917 3435 1969 τὸ
3478 1920 3603 1982 τοὺς
3659 1920 3844 1983 θείους
3892 1923 3981 1975 θε-

2298 2051 2316 2070 ,
2415 2002 2605 2073 σμούς.

801 2103 1114 2158 Christiane
1159 2103 1248 2157 Dei
1291 2101 1508 2171 popule,
1545 2099 1776 2161 exsulta,
1827 2108 1883 2154 et
1927 2098 2157 2170 hymnos
2208 2099 2313 2153 Deo

735 2192 984 2258 concine,
1012 2191 1140 2244 dum
1182 2191 1332 2245 vides
1393 2189 1695 2244 Ecclesiam
1746 2189 1943 2242 itcrum
1991 2189 2312 2242 illustratam

734 2285 930 2337 divinae
987 2277 1243 2353 imaginis
1297 2280 1724 2352 pulchritudine,
1771 2295 1935 2350 quam
1997 2295 2120 2334 cum
2171 2277 2313 2332 Deus

733 2387 899 2438 esset,
956 2377 1206 2446 gestavit,
1249 2385 1308 2429 ut
1359 2376 1544 2437 homo,
1595 2383 1652 2427 ut
1699 2388 1798 2427 nos
1841 2371 2093 2426 homines
2135 2371 2313 2425 salvos

735 2469 956 2524 faceret.

804 2561 1125 2632 Pauperiem
1180 2576 1375 2630 passus
1420 2569 1523 2623 est,
1576 2569 1630 2613 et
1687 2557 1910 2621 famem,
1981 2565 2035 2609 et
2078 2556 2222 2610 sitim
2258 2556 2311 2609 in

735 2671 900 2710 carne
957 2652 1101 2708 Deus
1155 2651 1411 2716 Verbum,
1452 2650 1565 2704 hazc
1593 2649 1862 2719 siquidem
1895 2647 2150 2700 humana:
2189 2656 2315 2700 sunt

735 2755 946 2802 natura:
992 2744 1272 2809 idiomata,
1326 2757 1422 2813 per
1482 2756 1601 2811 qua:
1645 2739 2150 2796 circumscribitur:
2200 2739 2314 2807 ipse

734 2851 864 2888 vero
892 2833 1099 2889 Deitate
1148 2833 1376 2902 simplex
1424 2831 1662 2895 exsistit,
1697 2839 1750 2884 et
1782 2828 2311 2898 incircumscriptus.

806 2926 1080 2990 Portenta,
1141 2934 1194 2980 et
1245 2940 1398 2978 vana:
1445 2923 1825 2993 praedictiones
1887 2919 2118 2974 Joannis
2167 2921 2313 2974 illius

736 3019 956 3074 Christo
983 3019 1177 3072 infensi
1204 3025 1330 3071 sunt
1361 3017 1658 3084 dissipate,
1695 3016 1788 3084 qui
1824 3029 1902 3078 se,
1930 3013 2102 3068 instar
2142 3014 2314 3082 genti-

739 3113 892 3174 lium,
920 3110 1163 3180 jactabat
1217 3122 1409 3161 corum
1474 3107 1718 3174 scriptis,
1762 3117 1882 3172 quae
1917 3102 2112 3156 merito
2136 3102 2312 3170 justo-

737 3219 858 3257 rum
887 3217 1047 3256 voces
1073 3210 1122 3255 et
1153 3214 1342 3270 preces
1378 3196 1734 3267 disiecerunt.

807 3290 1056 3356 Occulta,
1087 3299 1140 3344 et
1179 3288 1430 3359 profana,
1465 3296 1520 3341 et
1563 3285 1854 3339 animabus
1880 3281 2184 3352 perniciosa
2219 3289 2310 3333 tua

739 3389 990 3453 dogmata
1039 3396 1288 3452 quamam
1351 3381 1536 3447 lingua
1607 3381 1808 3446 poterit
1873 3389 2175 3437 enarrare,
2232 3373 2312 3426 vel

738 3476 1139 3548 praedictionem
1167 3481 1274 3526 tua:
1314 3471 1669 3538 ventriloquze
1701 3467 2059 3538 phytonissae,
2094 3479 2126 3517 ο
2152 3462 2309 3517 Joan-

740 3568 876 3623 nes?
907 3567 1008 3621 hoc
1042 3565 1262 3619 nomine
1289 3562 1511 3632 indigne
1543 3560 1732 3630 procul
1761 3559 1951 3620 dubio,
1985 3571 2108 3612 cum
2137 3557 2314 3625 potius

739 3657 958 3711 Satana:
992 3667 1315 3723 prmcnrsor,
1343 3660 1397 3704 et
1429 3649 1753 3703 Antichristi
1784 3647 2036 3700 exsistas.

810 3745 928 3803 Non
976 3743 1270 3813 oportebat
1305 3750 1377 3802 te,
1414 3755 1447 3793 ο
1481 3739 1867 3793 scelestissimc
1903 3737 2170 3796 omnium,
2212 3733 2314 3786 hoc

741 3837 985 3899 nomine,
1023 3833 1255 3888 Joannes
1301 3831 1550 3884 videlicet
1604 3825 1930 3893 nuncupari,
1991 3824 2084 3877 sed
2134 3824 2312 3890 potius

743 3925 1130 3995 Pythagoram,
1162 3929 1215 3974 et
1245 3917 1538 3972 Saturnum
1568 3914 1650 3968 vel
1680 3912 2000 3982 Apollinem,
2039 3911 2118 3962 vel
2146 3909 2311 3962 alium

745 4012 1056 4084 quempiam
1111 4010 1466 4080 profanorum
1521 4005 1738 4059 illorum
1781 4003 2028 4065 deorum,
2080 4014 2313 4069 quorum

745 4108 911 4160 vitam
949 4119 1008 4158 es
1043 4103 1309 4163 imitatus,
1359 4115 1548 4154 eorum
1594 4093 1950 4165 impudicitiis
1992 4092 2312 4148 delectatus.

746 4199 929 4255 Gloria
957 4195 1127 4252 Patri.

819 4289 1216 4359 Sempiternam
1244 4282 1674 4353 omnipotentem
1715 4274 2314 4348 incomprehensibilem

745 4381 1068 4436 Trinitatem
1101 4378 1283 4432 fideles
1311 4389 1502 4429 omnes
1519 4374 1828 4437 adoremus,
1848 4366 2314 4432 Patrem,Filium,

749 4485 800 4528 et
829 4471 1090 4542 Spiritum
1127 4477 1405 4530 sanctum,
1439 4474 1494 4519 et
1529 4463 1730 4519 divinis
1758 4462 2011 4516 laudibus
2039 4458 2318 4514 inconfuse

749 4565 1107 4629 celebremus,
1135 4560 1435 4615 clamantes
1475 4575 1488 4610 :
1531 4553 1786 4616 Sanctus,
1824 4563 2066 4615 sanctus,
2096 4560 2317 4603 sanctus
2349 4585 2393 4638 Β

749 4675 808 4714 es
835 4658 995 4713 Deus.

823 4750 1022 4806 Sancta
1059 4746 1152 4802 Dei
1211 4742 1460 4801 Genitrix
1514 4738 1684 4793 Mater
1745 4746 1799 4790 et
1860 4733 2051 4804 Virgo,
2102 4730 2320 4802 hymnis

751 4839 1097 4903 celebranda,
1134 4848 1187 4891 et
1225 4829 1596 4905 gloriﬁcanda,
1636 4828 1802 4881 libera
1835 4839 1935 4879 nos
1967 4824 2034 4878 ab
2065 4821 2318 4876 omnibus

754 4931 989 4997 delictis,
1021 4930 1115 5002 qui
1144 4938 1296 4983 tuum
1343 4921 1750 4980 immaculatum
1809 4927 2026 4990 partum
2091 4929 2315 4968 venera-

755 5041 881 5081 mur
909 5043 924 5080 :
959 5022 1168 5078 nullum
1195 5019 1338 5074 enim
1370 5015 1520 5071 aliud
1548 5014 1813 5068 habemus
1835 5007 2149 5080 presidium
2181 5020 2318 5075 pra:-

757 5129 838 5173 ter
877 5123 951 5181 te,
981 5130 1015 5170 o
1040 5113 1136 5168 Dei
1168 5125 1390 5182 sponsa.

1455 5225 1539 5277 DA
1581 5221 1715 5276 VIII.

1455 5225 1539 5278 DA
1581 5224 1715 5276 VIII.

830 5321 949 5378 Una
979 5335 1105 5376 cum
1137 5224 1750 5390 prophetagxsultemus
1774 5317 1828 5364 et
1852 5307 2112 5370 laetemur,
2139 5304 2317 5360 fideles

2495 2093 2772 2163 Ἐόρταζε,
2805 2093 3224 2166 πανηγύριζε,ό
3277 2096 3646 2170 χριστὼνυμος
3693 2102 3823 2163 λαὸς
3873 2105 3980 2156 Κυ-

2415 2182 2554 2252 ρίου,
2586 2183 2797 2252 βλέπων
2833 2184 2930 2255 τὴν
2967 2186 3293 2257 Ἐκκλησίαν
3341 2192 3433 2243 καὶ
3459 2192 3619 2245 πάλιν
3640 2194 3978 2263 διαλάμπουο

2415 2290 2532 2339 σαν,
2559 2275 2618 2326 τὸ
2647 2275 2839 2338 κάλλος
2866 2277 2961 2347 τῆς
2979 2279 3126 2340 θείας
3155 2281 3369 2352 μορφῆς
3388 2301 3401 2313 ο
3420 2284 3486 2353 ἥν
3529 2283 3659 2347 Θεὸς
3681 2284 3757 2338 ῶν
3789 2287 3979 2357 ἐφόρει

2414 2380 2525 2426 σεν,
2563 2363 2636 2426 ῶς
2672 2363 2956 2435 ἄνθρωπος
2998 2367 3085 2420 διὰ
3116 2369 3176 2422 τὸ
3217 2370 3387 2424 σῶσαι
3430 2373 3593 2442 ἡμᾶς.

2496 2536 2854 2607 Ἐπτὼχευσε,
2891 2540 2984 2592 καὶ
3014 2541 3290 2605 ὲπείνασε,
3331 2544 3422 2596 καὶ
3487 2544 3706 2616 ἐδίψησε
3773 2554 3977 2621 σαρκὶό

2412 2626 2614 2695 Λόγος·
2654 2628 2824 2682 ταῦτα
2863 2629 2963 2698 τῆς
2986 2631 3332 2701 ἀνθρωπίνης
3380 2634 3565 2697 οὐσίας
3591 2637 3876 2706 ἰδιώματα,
3913 2642 3976 2691 δι’

2412 2714 2485 2771 ῶν
2514 2721 2932 2789 περιγράφεται.
2973 2717 3139 2786 Οὗτος
3182 2722 3239 2775 δὲ
3274 2727 3339 2795 τῇ
3371 2723 3584 2798 θεότητι
3614 2729 3822 2793 ἁπλοῦς
3866 2732 3975 2784 ἐστι

2414 2809 2507 2862 καὶ
2535 2811 2637 2862 ἀπε
2645 2811 2966 2881 ρίγραπτος.

2483 2903 2843 2973 Κατήργηται
2869 2904 2935 2957 τά
2952 2904 3212 2975 τεράστια
3237 2906 3329 2959 καί⁵
3359 2907 3714 2977 μαντεύματα
3740 2911 3978 2980 10'3sz-

2415 2993 2706 3062 στομάχου.
2748 2997 2888 3056 Ἰσος
2941 2996 3049 3063 γὰρ
3093 2996 3200 3048 τῶν
3244 2997 3506 3066 Ἑλλήνων
3554 2998 3766 3069 ἐδείχθη
3812 3003 3975 3071 ὑψαυο

2413 3085 2695 3154 χούμενος,
2717 3089 2825 3148 τοῖς
2840 3087 3042 3138 τούτων
3061 3089 3508 3158 συγγράμμασιν,
3537 3089 3573 3143 ἃ.
3609 3091 3836 3157 δικαίως
3872 3095 3975 3146 ἐλί-

2415 3192 2632 3246 κμησαν
2664 3177 2722 3230 αί
2750 3178 2857 3230 τῶν
2881 3178 3102 3230 δικαίων
3129 3180 3319 3247 φωναί.

2336 3239 2380 3300 C
2454 3239 2563 3322 ’Ἱζά
2595 3269 2799 3340 κρύφια
2824 3271 2918 3322 καὶ
2971 3239 3318 3343 παμὸέόηλα,
3349 3274 3443 3326 καὶ
3490 3274 3799 3345 ψυχόλεθρα
3843 3278 3976 3332 διδά-

2415 3362 2603 3432 γματὰ
2624 3379 2742 3427 σου,
2774 3362 2902 3415 ποία
2931 3363 3583 3435 ἑκδιηγήσεταιγλῶσσας
3616 3369 3648 3435 ἢ
3681 3370 3780 3439 τὴν
3813 3371 3975 3440 πρόρ-

2418 3457 2573 3524 ρησιν
2594 3455 2690 3523 τῆς
2738 3453 3179 3524 ὲγγαστριμύθου
3203 3473 3318 3519 σου,
3364 3457 3584 3528 Ἰωάννη
3640 3459 3974 3530 ψευδώνυμε,

2415 3550 2509 3599 καὶ
2543 3547 2814 3617 πρόδρομε
2841 3548 2934 3601 τοῦ
2962 3548 3301 3617 ἀντιχρίστου
3345 3549 3517 3602 Σατᾶν
3544 3567 3560 3617 ;

2465 3718 2578 3770 Ούκ
2600 3717 2706 3769 ἔδει
2731 3734 2809 3781 σε,
2825 3715 2868 3770 ὠ
2884 3719 3186 3788 παράνομε,
3203 3720 3561 3789 ὀνομάζεσθαι
3579 3724 3834 3796 τοιαύτην
3850 3727 3972 3795 κλῆο

2416 3828 2520 3876 σιν,
2555 3809 2828 3878 μᾶλλονδὲ
2880 3810 3220 3880 Πυθαγόραν,
3255 3814 3348 3866 καὶ
3387 3815 3614 3884 Κρόνον,
3650 3820 3744 3870 καὶ
3785 3819 3974 3872 Ἀπόλο

2414 3904 2576 3969 λωνα,
2606 3903 2639 3972 ἧ
2670 3919 2792 3955 τινα
2835 3901 2942 3955 τῶν
2987 3901 3160 3956 ἄλλων
3209 3903 3367 3968 θεῶν,
3395 3900 3469 3959 ὦν
3508 3909 3597 3962 τὸν
3631 3909 3745 3980 βίον
3782 3912 3974 3982 ἐζηλωο

2417 4012 2536 4059 σας,
2568 3996 2904 4066 τερπόμενος
2927 3995 3044 4057 ταῖς
3074 3995 3356 4065 ἀσελγίαις
3385 3999 3581 4055 αὐτῶν.

2448 4249 2496 4303 θ.
2519 4247 2712 4302 Ἀτδιον
2741 4246 3038 4302 παντοδύνα
3047 4263 3145 4316 μον
3165 4247 3542 4318 ἀκατάληπτον
3558 4248 3760 4320 Τριάδα
3779 4252 3972 4313 πιστοὶ,

2419 4342 2620 4404 πάντες
2664 4341 2900 4410 Πατέρα,
2940 4339 3066 4392 Υίὸν
3098 4341 3187 4392 καὶ
3231 4339 3450 4408 Πνεῦμα
3481 4344 3972 4411 προσκυνήσωμεν,

2419 4436 2513 4487 καί⁷
2539 4434 2950 4503 θεολογήσωμεν
2981 4430 3297 4501 ἀσυγχύτως
3322 4433 3726 4502 κραυγάζοειτες
3750 4450 3764 4463 ⁸
3788 4437 3972 4503 Ἀγιος

2420 4527 2593 4594 ἅγιος,
2624 4524 2775 4590 ἅγιος
2800 4519 2850 4575 εἰ
2879 4526 2907 4575 ό
2935 4521 3088 4584 Θεός.

2488 4743 2537 4795 θ.
2575 4742 2895 4811 Πανύμνητε
2931 4741 3308 4807 πολυδόξαστε,
3328 4744 3735 4814 μητροπάρθενε
3755 4745 3976 4814 θεοκυῆ-

2415 4834 2820 4902 τορ,λύτρωσαι
2851 4831 3098 4902 χαλεπῶν
3127 4833 3510 4906 ἐγκλημάτων.
3539 4837 3665 4897 τοὺς
3706 4835 3975 4906 τιμῶντας

2418 4942 2509 4978 σου
2541 4925 2639 4995 τὴν
2687 4923 2950 4992 ἄχραντον
2982 4923 3197 4993 κύησινο
3231 4925 3292 4976 ού
3313 4924 3420 4995 γὰρ
3438 4926 3601 4996 ἀλλην
3624 4926 3974 4997 βοήθειανκε-

2417 5016 2666 5086 κτήμεθα
2705 5013 2843 5084 πλήν
2870 5030 2985 5078 σου,
3009 5011 3308 5082 Θεόνυμφε.

3125 5211 3212 5261 ΔΗ
3241 5211 3322 5265 Η’.

3125 5211 3212 5261 ΔΗ
3241 5211 3322 5265 Ην.

2494 5300 2848 5373 Προφητικῶς
2910 5209 3377 5372 ἀγαλλῗισὼμεθα,
3429 5302 3521 5355 καὶ
3593 5299 3972 5370 εὐφρανθῶμεν

2240 5481 2469 5538 ΝΟΤΞ.

829 5684 905 5754 (ι)
945 5681 1199 5737 ALeonis
1235 5679 1451 5754 Armeni
1495 5687 1755 5754 tempore,
1803 5670 1893 5754 qui
1945 5679 2063 5737 post
2098 5668 2304 5754 Irenam

759 5743 1056 5824 Augustam
1101 5751 1362 5824 regnavit,
1382 5743 1726 5821 manifestum
1756 5743 1980 5824 estOhosA
2007 5743 2307 5824 computari

759 5810 980 5880 annos:
1047 5810 1230 5893 viginti
1280 5830 1403 5876 octo
1464 5830 1693 5884 namque
1719 5813 1857 5867 'anni
1911 5810 2246 5866 intercedunt
2279 5821 2306 5858 a

2416 5668 2586 5736 primo
2647 5683 2788 5720 anno
2844 5665 3039 5720 Leonis
3098 5680 3268 5736 usque
3323 5663 3390 5718 ad
3421 5663 3624 5736 obitum
3669 5662 3967 5733 Theophili.

2416 5734 2632 5807 Quando
2664 5751 2830 5791 sacrae
2863 5739 3122 5806 imagines
3175 5734 3301 5791 sunt
3330 5734 3608 5790 restitute.
