  <div class='ocr_page' id='page_1' title='image "/cluster/home/n/w/nwhite01/storage/ocr_20150623/99/uva.x002264937/928.png"; bbox 0 0 4188 6484; ppageno 0'>
   <div class='ocr_carea' id='block_1_1' title="bbox 256 424 389 491">
    <p class='ocr_par' dir='ltr' id='par_1_1' title="bbox 256 424 389 491">
     <span class='ocr_line' id='line_1_1' title="bbox 256 424 389 491; baseline 0.06 -8"><span class='ocrx_word' id='word_1_1' title='bbox 256 424 389 491; x_wconf 77' lang='lat'><strong>1777</strong></span> 
     </span>
    </p>
   </div>
   <div class='ocr_carea' id='block_1_2' title="bbox 1194 425 2617 489">
    <p class='ocr_par' dir='ltr' id='par_1_2' title="bbox 1194 425 2617 489">
     <span class='ocr_line' id='line_1_2' title="bbox 1194 425 2617 489; baseline -0.003 0"><span class='ocrx_word' id='word_1_2' title='bbox 1194 427 1438 489; x_wconf 87' lang='lat' dir='ltr'><strong>CANON</strong></span> <span class='ocrx_word' id='word_1_3' title='bbox 1479 426 1563 486; x_wconf 85' lang='grc' dir='ltr'><strong>ΙΝ</strong></span> <span class='ocrx_word' id='word_1_4' title='bbox 1604 425 2030 485; x_wconf 84' lang='lat' dir='ltr'><strong>ERECTIONE</strong></span> <span class='ocrx_word' id='word_1_5' title='bbox 2069 426 2173 486; x_wconf 92' lang='lat' dir='ltr'><strong>SS.</strong></span> <span class='ocrx_word' id='word_1_6' title='bbox 2207 426 2617 487; x_wconf 79' lang='lat' dir='ltr'><strong>IMAGINUM.</strong></span> 
     </span>
    </p>
   </div>
   <div class='ocr_carea' id='block_1_3' title="bbox 3338 427 3472 495">
    <p class='ocr_par' dir='ltr' id='par_1_3' title="bbox 3338 427 3472 495">
     <span class='ocr_line' id='line_1_3' title="bbox 3338 427 3472 495; baseline 0.022 -3"><span class='ocrx_word' id='word_1_7' title='bbox 3338 427 3472 495; x_wconf 82' lang='lat'><strong>177.8</strong></span> 
     </span>
    </p>
   </div>
   <div class='ocr_carea' id='block_1_4' title="bbox 254 528 1908 608">
    <p class='ocr_par' dir='ltr' id='par_1_4' title="bbox 254 528 1888 608">
     <span class='ocr_line' id='line_1_4' title="bbox 254 528 1888 608; baseline -0.003 -18"><span class='ocrx_word' id='word_1_8' title='bbox 254 539 436 591; x_wconf 78' lang='grc' dir='ltr'>πιστοὶ</span> <span class='ocrx_word' id='word_1_9' title='bbox 493 538 689 599; x_wconf 81' lang='grc' dir='ltr'>πάντες</span> <span class='ocrx_word' id='word_1_10' title='bbox 744 539 1039 606; x_wconf 85' lang='grc' dir='ltr'>μυστικῶς.</span> <span class='ocrx_word' id='word_1_11' title='bbox 1075 536 1223 607; x_wconf 77' lang='grc' dir='ltr'>Δῦτη</span> <span class='ocrx_word' id='word_1_12' title='bbox 1256 536 1363 608; x_wconf 81' lang='grc' dir='ltr'>γὰρ</span> <span class='ocrx_word' id='word_1_13' title='bbox 1397 537 1433 603; x_wconf 82' lang='grc' dir='ltr'><strong>ἡ</strong></span> <span class='ocrx_word' id='word_1_14' title='bbox 1467 532 1667 605; x_wconf 83' lang='grc' dir='ltr'>ἡμέρα,</span> <span class='ocrx_word' id='word_1_15' title='bbox 1694 536 1751 586; x_wconf 82' lang='grc' dir='ltr'>ὲν</span> <span class='ocrx_word' id='word_1_16' title='bbox 1775 528 1809 605; x_wconf 76' lang='grc' dir='ltr'>ᾖ</span> <span class='ocrx_word' id='word_1_17' title='bbox 1836 536 1888 594; x_wconf 85' lang='grc' dir='ltr'>Α</span> 
     </span>
    </p>
   </div>
   <div class='ocr_carea' id='block_1_5' title="bbox 1814 528 3468 608">
    <p class='ocr_par' dir='ltr' id='par_1_5' title="bbox 1836 534 3468 605">
     <span class='ocr_line' id='line_1_5' title="bbox 1836 534 3468 605; baseline 0.004 -19"><span class='ocrx_word' id='word_1_18' title='bbox 1836 536 1888 594; x_wconf 85' lang='grc' dir='ltr'>Α</span> <span class='ocrx_word' id='word_1_19' title='bbox 1910 547 2101 588; x_wconf 88' lang='lat' dir='ltr'><strong>omnes</strong></span> <span class='ocrx_word' id='word_1_20' title='bbox 2135 554 2149 588; x_wconf 89' lang='lat'><strong>:</strong></span> <span class='ocrx_word' id='word_1_21' title='bbox 2197 534 2313 587; x_wconf 66' lang='lat' dir='ltr'><strong>haec</strong></span> <span class='ocrx_word' id='word_1_22' title='bbox 2351 536 2498 587; x_wconf 87' lang='lat' dir='ltr'><strong>enim</strong></span> <span class='ocrx_word' id='word_1_23' title='bbox 2533 544 2615 589; x_wconf 90' lang='lat' dir='ltr'><strong>est</strong></span> <span class='ocrx_word' id='word_1_24' title='bbox 2654 534 2791 597; x_wconf 86' lang='lat' dir='ltr'><strong>dies,</strong></span> <span class='ocrx_word' id='word_1_25' title='bbox 2829 535 2882 589; x_wconf 90' lang='lat' dir='ltr'><strong>in</strong></span> <span class='ocrx_word' id='word_1_26' title='bbox 2924 550 3030 605; x_wconf 87' lang='lat' dir='ltr'><strong>qua</strong></span> <span class='ocrx_word' id='word_1_27' title='bbox 3057 534 3307 591; x_wconf 80' lang='lat' dir='ltr'><strong>Christus</strong></span> <span class='ocrx_word' id='word_1_28' title='bbox 3332 538 3468 594; x_wconf 76' lang='lat' dir='ltr'><strong>Ver-</strong></span> 
     </span>
    </p>
   </div>
   <div class='ocr_carea' id='block_1_6' title="bbox 250 624 1807 699">
    <p class='ocr_par' dir='ltr' id='par_1_6' title="bbox 250 624 1807 699">
     <span class='ocr_line' id='line_1_6' title="bbox 250 624 1807 699; baseline -0.003 -19"><span class='ocrx_word' id='word_1_29' title='bbox 250 628 483 697; x_wconf 83' lang='grc' dir='ltr'>Χριστὸς</span> <span class='ocrx_word' id='word_1_30' title='bbox 513 627 541 678; x_wconf 88' lang='grc' dir='ltr'><strong>ό</strong></span> <span class='ocrx_word' id='word_1_31' title='bbox 566 627 733 695; x_wconf 80' lang='grc' dir='ltr'><strong>Λόγος</strong></span> <span class='ocrx_word' id='word_1_32' title='bbox 771 628 868 698; x_wconf 80' lang='grc' dir='ltr'>τὴν</span> <span class='ocrx_word' id='word_1_33' title='bbox 897 627 1033 680; x_wconf 88' lang='grc' dir='ltr'>ίδίαν</span> <span class='ocrx_word' id='word_1_34' title='bbox 1085 628 1277 699; x_wconf 81' lang='grc' dir='ltr'>στολὴν</span> <span class='ocrx_word' id='word_1_35' title='bbox 1314 625 1558 679; x_wconf 84' lang='grc' dir='ltr'>ἀπέδωκε</span> <span class='ocrx_word' id='word_1_36' title='bbox 1587 627 1654 696; x_wconf 75' lang='grc' dir='ltr'>τῇ</span> <span class='ocrx_word' id='word_1_37' title='bbox 1696 624 1807 677; x_wconf 80' lang='grc' dir='ltr'><strong>Ἐκ·</strong></span> 
     </span>
    </p>
   </div>
   <div class='ocr_carea' id='block_1_7' title="bbox 252 718 473 789">
    <p class='ocr_par' dir='ltr' id='par_1_7' title="bbox 252 718 473 789">
     <span class='ocr_line' id='line_1_7' title="bbox 252 718 473 789; baseline 0 -17"><span class='ocrx_word' id='word_1_38' title='bbox 252 718 473 789; x_wconf 76' lang='grc' dir='ltr'>κλησίᾳ.</span> 
     </span>
    </p>
   </div>
   <div class='ocr_carea' id='block_1_8' title="bbox 320 806 1807 883">
    <p class='ocr_par' dir='ltr' id='par_1_8' title="bbox 320 806 1807 883">
     <span class='ocr_line' id='line_1_8' title="bbox 320 806 1807 883; baseline -0.004 -18"><span class='ocrx_word' id='word_1_39' title='bbox 320 810 634 883; x_wconf 86' lang='grc' dir='ltr'>Πολεμικῶς</span> <span class='ocrx_word' id='word_1_40' title='bbox 649 810 793 864; x_wconf 87' lang='grc' dir='ltr'>ῶσπε</span> <span class='ocrx_word' id='word_1_41' title='bbox 802 829 833 882; x_wconf 93' lang='grc' dir='ltr'><strong>ρ</strong></span> <span class='ocrx_word' id='word_1_42' title='bbox 856 811 1250 882; x_wconf 77' lang='grc' dir='ltr'><strong>παρετάξαντο,</strong></span> <span class='ocrx_word' id='word_1_43' title='bbox 1287 807 1432 863; x_wconf 80' lang='grc' dir='ltr'>κατὰ</span> <span class='ocrx_word' id='word_1_44' title='bbox 1451 806 1685 880; x_wconf 78' lang='grc' dir='ltr'><strong>Χριστοῦ</strong></span> <span class='ocrx_word' id='word_1_45' title='bbox 1708 806 1807 877; x_wconf 82' lang='grc' dir='ltr'>τῆς</span> 
     </span>
    </p>
   </div>
   <div class='ocr_carea' id='block_1_9' title="bbox 254 900 1805 974">
    <p class='ocr_par' dir='ltr' id='par_1_9' title="bbox 254 900 1805 974">
     <span class='ocr_line' id='line_1_9' title="bbox 254 900 1805 974; baseline -0.002 -19"><span class='ocrx_word' id='word_1_46' title='bbox 254 903 489 974; x_wconf 59' lang='grc' dir='ltr'>μομφῆς,</span> <span class='ocrx_word' id='word_1_47' title='bbox 518 904 859 974; x_wconf 80' lang='grc' dir='ltr'><strong>ὁμοθυμαδὸν</strong></span> <span class='ocrx_word' id='word_1_48' title='bbox 894 904 1067 974; x_wconf 75' lang='grc' dir='ltr'>Λήζιξ</span> <span class='ocrx_word' id='word_1_49' title='bbox 1100 903 1192 958; x_wconf 74' lang='grc' dir='ltr'>καὶ</span> <span class='ocrx_word' id='word_1_50' title='bbox 1237 903 1507 973; x_wconf 81' lang='grc' dir='ltr'><strong>Ἰωάννης,</strong></span> <span class='ocrx_word' id='word_1_51' title='bbox 1533 901 1595 954; x_wconf 83' lang='grc' dir='ltr'>τὸ</span> <span class='ocrx_word' id='word_1_52' title='bbox 1617 900 1805 968; x_wconf 76' lang='grc' dir='ltr'>ζεῦγος</span> 
     </span>
    </p>
   </div>
   <div class='ocr_carea' id='block_1_10' title="bbox 247 992 1808 1066">
    <p class='ocr_par' dir='ltr' id='par_1_10' title="bbox 247 992 1808 1066">
     <span class='ocr_line' id='line_1_10' title="bbox 247 992 1808 1066; baseline -0.002 -19"><span class='ocrx_word' id='word_1_53' title='bbox 247 995 341 1047; x_wconf 82' lang='grc' dir='ltr'><strong>τοῦ</strong></span> <span class='ocrx_word' id='word_1_54' title='bbox 373 995 588 1066; x_wconf 86' lang='grc' dir='ltr'>Βελίαρ,</span> <span class='ocrx_word' id='word_1_55' title='bbox 610 995 826 1048; x_wconf 80' lang='grc' dir='ltr'><strong>πελέκει</strong></span> <span class='ocrx_word' id='word_1_56' title='bbox 856 996 1050 1059; x_wconf 82' lang='grc' dir='ltr'>κακίας</span> <span class='ocrx_word' id='word_1_57' title='bbox 1092 993 1421 1063; x_wconf 67' lang='grc' dir='ltr'><strong>ἐγκύψαντες</strong></span> <span class='ocrx_word' id='word_1_58' title='bbox 1450 993 1550 1063; x_wconf 81' lang='grc' dir='ltr'>τὴν</span> <span class='ocrx_word' id='word_1_59' title='bbox 1584 992 1808 1062; x_wconf 83' lang='grc' dir='ltr'>Ἐκκλη-</span> 
     </span>
    </p>
   </div>
   <div class='ocr_carea' id='block_1_11' title="bbox 250 1103 390 1140">
    <p class='ocr_par' dir='ltr' id='par_1_11' title="bbox 250 1103 390 1140">
     <span class='ocr_line' id='line_1_11' title="bbox 250 1103 390 1140; baseline 0.007 -1"><span class='ocrx_word' id='word_1_60' title='bbox 250 1103 390 1140; x_wconf 87' lang='grc' dir='ltr'>σιαν.</span> 
     </span>
    </p>
   </div>
   <div class='ocr_carea' id='block_1_12' title="bbox 324 1173 1806 1250">
    <p class='ocr_par' dir='ltr' id='par_1_12' title="bbox 324 1173 1806 1250">
     <span class='ocr_line' id='line_1_12' title="bbox 324 1173 1806 1250; baseline -0.005 -19"><span class='ocrx_word' id='word_1_61' title='bbox 324 1180 419 1241; x_wconf 88' lang='grc' dir='ltr'><strong>Τίς</strong></span> <span class='ocrx_word' id='word_1_62' title='bbox 456 1178 530 1248; x_wconf 82' lang='grc' dir='ltr'>μὴ</span> <span class='ocrx_word' id='word_1_63' title='bbox 592 1178 851 1250; x_wconf 85' lang='grc' dir='ltr'>θρηνήσει</span> <span class='ocrx_word' id='word_1_64' title='bbox 884 1178 944 1230; x_wconf 79' lang='grc' dir='ltr'>τὸ</span> <span class='ocrx_word' id='word_1_65' title='bbox 1008 1180 1154 1248; x_wconf 89' lang='grc' dir='ltr'>μέγα</span> <span class='ocrx_word' id='word_1_66' title='bbox 1213 1174 1486 1245; x_wconf 80' lang='grc' dir='ltr'>τόλμημα,</span> <span class='ocrx_word' id='word_1_67' title='bbox 1530 1174 1629 1245; x_wconf 84' lang='grc' dir='ltr'><strong>τὴν</strong></span> <span class='ocrx_word' id='word_1_68' title='bbox 1660 1173 1806 1226; x_wconf 86' lang='grc' dir='ltr'>θείαν</span> 
     </span>
    </p>
   </div>
   <div class='ocr_carea' id='block_1_13' title="bbox 252 1266 1803 1342">
    <p class='ocr_par' dir='ltr' id='par_1_13' title="bbox 252 1266 1803 1342">
     <span class='ocr_line' id='line_1_13' title="bbox 252 1266 1803 1342; baseline -0.003 -21"><span class='ocrx_word' id='word_1_69' title='bbox 252 1270 467 1339; x_wconf 81' lang='grc' dir='ltr'><strong>βλέπων</strong></span> <span class='ocrx_word' id='word_1_70' title='bbox 498 1269 731 1339; x_wconf 78' lang='grc' dir='ltr'>μορφὴν,</span> <span class='ocrx_word' id='word_1_71' title='bbox 757 1272 855 1337; x_wconf 77' lang='grc' dir='ltr'><strong>τὴν</strong></span> <span class='ocrx_word' id='word_1_72' title='bbox 879 1270 937 1335; x_wconf 76' lang='grc' dir='ltr'>ἐν</span> <span class='ocrx_word' id='word_1_73' title='bbox 968 1272 1033 1339; x_wconf 81' lang='grc' dir='ltr'>τῇ</span> <span class='ocrx_word' id='word_1_74' title='bbox 1052 1268 1224 1339; x_wconf 84' lang='grc' dir='ltr'>χαλκῇ</span> <span class='ocrx_word' id='word_1_75' title='bbox 1248 1269 1392 1342; x_wconf 82' lang='grc' dir='ltr'>πύλῃ</span> <span class='ocrx_word' id='word_1_76' title='bbox 1405 1268 1497 1321; x_wconf 92' lang='grc' dir='ltr'><strong>τοῦ</strong></span> <span class='ocrx_word' id='word_1_77' title='bbox 1520 1266 1803 1328; x_wconf 69' lang='grc' dir='ltr'>παλατίου,</span> 
     </span>
    </p>
   </div>
   <div class='ocr_carea' id='block_1_14' title="bbox 248 1357 1804 1432">
    <p class='ocr_par' dir='ltr' id='par_1_14' title="bbox 248 1357 1804 1432">
     <span class='ocr_line' id='line_1_14' title="bbox 248 1357 1804 1432; baseline -0.001 -20"><span class='ocrx_word' id='word_1_78' title='bbox 248 1361 353 1413; x_wconf 80' lang='grc' dir='ltr'>ὑπὸ</span> <span class='ocrx_word' id='word_1_79' title='bbox 382 1361 589 1432; x_wconf 87' lang='grc' dir='ltr'>ἀνδρῶν</span> <span class='ocrx_word' id='word_1_80' title='bbox 633 1362 847 1432; x_wconf 87' lang='grc' dir='ltr'>ἀνόμων</span> <span class='ocrx_word' id='word_1_81' title='bbox 894 1360 1061 1425; x_wconf 78' lang='grc' dir='ltr'><strong>λίθοις</strong></span> <span class='ocrx_word' id='word_1_82' title='bbox 1103 1360 1459 1432; x_wconf 81' lang='grc' dir='ltr'><strong>βαλλομένην,</strong></span> <span class='ocrx_word' id='word_1_83' title='bbox 1505 1362 1572 1430; x_wconf 80' lang='grc' dir='ltr'>τῇ</span> <span class='ocrx_word' id='word_1_84' title='bbox 1618 1357 1804 1429; x_wconf 82' lang='grc' dir='ltr'><strong>διδαχῇ</strong></span> 
     </span>
    </p>
   </div>
   <div class='ocr_carea' id='block_1_15' title="bbox 243 1452 666 1519">
    <p class='ocr_par' dir='ltr' id='par_1_15' title="bbox 243 1452 666 1519">
     <span class='ocr_line' id='line_1_15' title="bbox 243 1452 666 1519; baseline 0 -14"><span class='ocrx_word' id='word_1_85' title='bbox 243 1454 339 1505; x_wconf 86' lang='grc' dir='ltr'><strong>τοῦ</strong></span> <span class='ocrx_word' id='word_1_86' title='bbox 391 1452 637 1506; x_wconf 83' lang='grc' dir='ltr'>Ἰωάννου</span> <span class='ocrx_word' id='word_1_87' title='bbox 652 1471 666 1519; x_wconf 88' lang='lat'><strong>;</strong></span> 
     </span>
    </p>
   </div>
   <div class='ocr_carea' id='block_1_16' title="bbox 318 1540 1802 1611">
    <p class='ocr_par' dir='ltr' id='par_1_16' title="bbox 318 1540 1802 1611">
     <span class='ocr_line' id='line_1_16' title="bbox 318 1540 1802 1611; baseline -0.003 -15"><span class='ocrx_word' id='word_1_88' title='bbox 318 1544 439 1603; x_wconf 85' lang='grc' dir='ltr'><strong>Πῶς</strong></span> <span class='ocrx_word' id='word_1_89' title='bbox 481 1544 542 1596; x_wconf 76' lang='grc' dir='ltr'><strong>οὐ</strong></span> <span class='ocrx_word' id='word_1_90' title='bbox 596 1543 869 1611; x_wconf 83' lang='grc' dir='ltr'>συνῆκας,</span> <span class='ocrx_word' id='word_1_91' title='bbox 910 1541 1075 1610; x_wconf 79' lang='grc' dir='ltr'>τυφλὲ</span> <span class='ocrx_word' id='word_1_92' title='bbox 1121 1541 1404 1607; x_wconf 74' lang='grc' dir='ltr'>πανάθλιε,</span> <span class='ocrx_word' id='word_1_93' title='bbox 1454 1540 1802 1610; x_wconf 81' lang='grc' dir='ltr'>ἑσκοτισμένε</span> 
     </span>
    </p>
   </div>
   <div class='ocr_carea' id='block_1_17' title="bbox 249 1629 1807 1711">
    <p class='ocr_par' dir='ltr' id='par_1_17' title="bbox 249 1629 1807 1711">
     <span class='ocr_line' id='line_1_17' title="bbox 249 1629 1807 1711; baseline -0.001 -28"><span class='ocrx_word' id='word_1_94' title='bbox 249 1631 340 1684; x_wconf 66' lang='grc' dir='ltr'>τὸν</span> <span class='ocrx_word' id='word_1_95' title='bbox 360 1632 503 1694; x_wconf 84' lang='grc' dir='ltr'>νοῦν,</span> <span class='ocrx_word' id='word_1_96' title='bbox 524 1632 621 1701; x_wconf 88' lang='grc' dir='ltr'><strong>τὴν</strong></span> <span class='ocrx_word' id='word_1_97' title='bbox 645 1631 735 1684; x_wconf 81' lang='grc' dir='ltr'>ὑπ’</span> <span class='ocrx_word' id='word_1_98' title='bbox 752 1630 978 1700; x_wconf 78' lang='grc' dir='ltr'>οὐρανὸν</span> <span class='ocrx_word' id='word_1_99' title='bbox 1002 1629 1211 1700; x_wconf 77' lang='grc' dir='ltr'>βλέπων</span> <span class='ocrx_word' id='word_1_100' title='bbox 1232 1630 1651 1711; x_wconf 81' lang='grc' dir='ltr'>κεκοσμημένην</span> <span class='ocrx_word' id='word_1_101' title='bbox 1671 1630 1807 1699; x_wconf 87' lang='grc' dir='ltr'>Χρι-</span> 
     </span>
    </p>
   </div>
   <div class='ocr_carea' id='block_1_18' title="bbox 247 1720 1805 1795">
    <p class='ocr_par' dir='ltr' id='par_1_18' title="bbox 247 1720 1805 1795">
     <span class='ocr_line' id='line_1_18' title="bbox 247 1720 1805 1795; baseline -0.001 -20"><span class='ocrx_word' id='word_1_102' title='bbox 247 1722 378 1776; x_wconf 88' lang='grc' dir='ltr'>στοῦ</span> <span class='ocrx_word' id='word_1_103' title='bbox 408 1724 485 1795; x_wconf 80' lang='grc' dir='ltr'>τῷ</span> <span class='ocrx_word' id='word_1_104' title='bbox 512 1723 839 1792; x_wconf 78' lang='grc' dir='ltr'>χαρακτῆρι,</span> <span class='ocrx_word' id='word_1_105' title='bbox 863 1721 999 1776; x_wconf 73' lang='grc' dir='ltr'>ἀλλὰ</span> <span class='ocrx_word' id='word_1_106' title='bbox 1048 1722 1205 1791; x_wconf 85' lang='grc' dir='ltr'>μόνος</span> <span class='ocrx_word' id='word_1_107' title='bbox 1244 1721 1399 1791; x_wconf 74' lang='grc' dir='ltr'>ἔσχες</span> <span class='ocrx_word' id='word_1_108' title='bbox 1442 1722 1505 1773; x_wconf 78' lang='grc' dir='ltr'>τὸ</span> <span class='ocrx_word' id='word_1_109' title='bbox 1553 1720 1805 1791; x_wconf 66' lang='grc' dir='ltr'>φρόνημα</span> 
     </span>
    </p>
   </div>
   <div class='ocr_carea' id='block_1_19' title="bbox 243 1815 698 1879">
    <p class='ocr_par' dir='ltr' id='par_1_19' title="bbox 243 1815 698 1879">
     <span class='ocr_line' id='line_1_19' title="bbox 243 1815 698 1879; baseline -0.004 -12"><span class='ocrx_word' id='word_1_110' title='bbox 243 1815 355 1867; x_wconf 87' lang='grc' dir='ltr'><strong>τῶν</strong></span> <span class='ocrx_word' id='word_1_111' title='bbox 396 1815 661 1867; x_wconf 77' lang='grc' dir='ltr'>Ἰουδαίων</span> <span class='ocrx_word' id='word_1_112' title='bbox 684 1831 698 1879; x_wconf 88' lang='grc'><strong>;</strong></span> 
     </span>
    </p>
   </div>
   <div class='ocr_carea' id='block_1_20' title="bbox 1909 622 3271 695">
    <p class='ocr_par' dir='ltr' id='par_1_20' title="bbox 1909 622 3271 695">
     <span class='ocr_line' id='line_1_20' title="bbox 1909 622 3271 695; baseline 0.001 -16"><span class='ocrx_word' id='word_1_113' title='bbox 1909 623 2035 679; x_wconf 89' lang='lat' dir='ltr'><strong>bum</strong></span> <span class='ocrx_word' id='word_1_114' title='bbox 2064 622 2316 680; x_wconf 63' lang='lat' dir='ltr'><strong>Ecclesiae</strong></span> <span class='ocrx_word' id='word_1_115' title='bbox 2346 641 2457 681; x_wconf 74' lang='lat' dir='ltr'><strong>sua:</strong></span> <span class='ocrx_word' id='word_1_116' title='bbox 2494 627 2764 695; x_wconf 83' lang='lat' dir='ltr'><strong>propriam</strong></span> <span class='ocrx_word' id='word_1_117' title='bbox 2797 628 3036 683; x_wconf 88' lang='lat' dir='ltr'><strong>restituit</strong></span> <span class='ocrx_word' id='word_1_118' title='bbox 3058 629 3271 683; x_wconf 87' lang='lat' dir='ltr'><strong>stolam.</strong></span> 
     </span>
    </p>
   </div>
   <div class='ocr_carea' id='block_1_21' title="bbox 1979 803 3474 868">
    <p class='ocr_par' dir='ltr' id='par_1_21' title="bbox 1979 803 3474 868">
     <span class='ocr_line' id='line_1_21' title="bbox 1979 803 3474 868; baseline 0.005 -11"><span class='ocrx_word' id='word_1_119' title='bbox 1979 803 2225 860; x_wconf 86' lang='lat' dir='ltr'><strong>llostium</strong></span> <span class='ocrx_word' id='word_1_120' title='bbox 2261 807 2430 862; x_wconf 88' lang='lat' dir='ltr'><strong>instar</strong></span> <span class='ocrx_word' id='word_1_121' title='bbox 2470 808 2615 864; x_wconf 84' lang='lat' dir='ltr'><strong>acies</strong></span> <span class='ocrx_word' id='word_1_122' title='bbox 2657 819 2975 864; x_wconf 81' lang='lat' dir='ltr'><strong>struxerunt</strong></span> <span class='ocrx_word' id='word_1_123' title='bbox 3016 810 3283 867; x_wconf 86' lang='lat' dir='ltr'><strong>adversus</strong></span> <span class='ocrx_word' id='word_1_124' title='bbox 3319 811 3474 868; x_wconf 85' lang='lat' dir='ltr'><strong>Chri—</strong></span> 
     </span>
    </p>
   </div>
   <div class='ocr_carea' id='block_1_22' title="bbox 1908 896 3469 970">
    <p class='ocr_par' dir='ltr' id='par_1_22' title="bbox 1908 896 3469 970">
     <span class='ocr_line' id='line_1_22' title="bbox 1908 896 3469 970; baseline 0.004 -20"><span class='ocrx_word' id='word_1_125' title='bbox 1908 896 1975 950; x_wconf 91' lang='lat' dir='ltr'><strong>sti</strong></span> <span class='ocrx_word' id='word_1_126' title='bbox 2040 898 2350 969; x_wconf 79' lang='lat' dir='ltr'><strong>imaginem,</strong></span> <span class='ocrx_word' id='word_1_127' title='bbox 2413 900 2605 955; x_wconf 86' lang='lat' dir='ltr'><strong>eodem</strong></span> <span class='ocrx_word' id='word_1_128' title='bbox 2662 902 2827 956; x_wconf 88' lang='lat' dir='ltr'><strong>animi</strong></span> <span class='ocrx_word' id='word_1_129' title='bbox 2888 902 3071 958; x_wconf 83' lang='lat' dir='ltr'><strong>furore</strong></span> <span class='ocrx_word' id='word_1_130' title='bbox 3139 904 3359 970; x_wconf 89' lang='lat' dir='ltr'><strong>Lezius,</strong></span> <span class='ocrx_word' id='word_1_131' title='bbox 3416 914 3469 959; x_wconf 89' lang='lat' dir='ltr'><strong>et</strong></span> 
     </span>
    </p>
   </div>
   <div class='ocr_carea' id='block_1_23' title="bbox 1906 975 3470 1063">
    <p class='ocr_par' dir='ltr' id='par_1_23' title="bbox 1906 975 3470 1063">
     <span class='ocr_line' id='line_1_23' title="bbox 1906 975 3470 1063; baseline 0.006 -22"><span class='ocrx_word' id='word_1_132' title='bbox 1906 986 2161 1055; x_wconf 81' lang='lat' dir='ltr'><strong>Joannes,</strong></span> <span class='ocrx_word' id='word_1_133' title='bbox 2202 975 2335 1045; x_wconf 79' lang='lat' dir='ltr'><strong>socii</strong></span> <span class='ocrx_word' id='word_1_134' title='bbox 2360 990 2547 1053; x_wconf 88' lang='lat' dir='ltr'><strong>Belial,</strong></span> <span class='ocrx_word' id='word_1_135' title='bbox 2606 992 2912 1063; x_wconf 77' lang='lat' dir='ltr'><strong>iniquitatis</strong></span> <span class='ocrx_word' id='word_1_136' title='bbox 2968 994 3470 1052; x_wconf 86' lang='lat' dir='ltr'><strong>sccuriEcclesiam</strong></span> 
     </span>
    </p>
   </div>
   <div class='ocr_carea' id='block_1_24' title="bbox 1907 1079 2313 1141">
    <p class='ocr_par' dir='ltr' id='par_1_24' title="bbox 1907 1079 2313 1141">
     <span class='ocr_line' id='line_1_24' title="bbox 1907 1079 2313 1141; baseline 0.01 -10"><span class='ocrx_word' id='word_1_137' title='bbox 1907 1079 2313 1141; x_wconf 84' lang='lat' dir='ltr'><strong>abscindentes.</strong></span> 
     </span>
    </p>
   </div>
   <div class='ocr_carea' id='block_1_25' title="bbox 1976 1166 3446 1243">
    <p class='ocr_par' dir='ltr' id='par_1_25' title="bbox 1976 1166 3446 1243">
     <span class='ocr_line' id='line_1_25' title="bbox 1976 1166 3446 1243; baseline 0.007 -24"><span class='ocrx_word' id='word_1_138' title='bbox 1976 1166 2110 1233; x_wconf 89' lang='lat' dir='ltr'><strong>Quis</strong></span> <span class='ocrx_word' id='word_1_139' title='bbox 2136 1181 2244 1222; x_wconf 83' lang='lat' dir='ltr'><strong>non</strong></span> <span class='ocrx_word' id='word_1_140' title='bbox 2274 1168 2579 1238; x_wconf 84' lang='lat' dir='ltr'><strong>deplorabit</strong></span> <span class='ocrx_word' id='word_1_141' title='bbox 2606 1187 2859 1243; x_wconf 77' lang='lat' dir='ltr'><strong>magnam</strong></span> <span class='ocrx_word' id='word_1_142' title='bbox 2890 1174 3270 1230; x_wconf 71' lang='lat' dir='ltr'><strong>hmreticorum</strong></span> <span class='ocrx_word' id='word_1_143' title='bbox 3305 1177 3446 1231; x_wconf 88' lang='lat' dir='ltr'><strong>auda</strong></span> 
     </span>
    </p>
   </div>
   <div class='ocr_carea' id='block_1_26' title="bbox 1906 1256 3472 1337">
    <p class='ocr_par' dir='ltr' id='par_1_26' title="bbox 1906 1256 3472 1337">
     <span class='ocr_line' id='line_1_26' title="bbox 1906 1256 3472 1337; baseline 0.005 -25"><span class='ocrx_word' id='word_1_144' title='bbox 1906 1256 2069 1323; x_wconf 85' lang='lat' dir='ltr'><strong>ciam,</strong></span> <span class='ocrx_word' id='word_1_145' title='bbox 2117 1262 2414 1329; x_wconf 90' lang='lat' dir='ltr'><strong>respiciens</strong></span> <span class='ocrx_word' id='word_1_146' title='bbox 2458 1264 2697 1319; x_wconf 81' lang='lat' dir='ltr'><strong>divinam</strong></span> <span class='ocrx_word' id='word_1_147' title='bbox 2742 1265 3053 1336; x_wconf 82' lang='lat' dir='ltr'><strong>imaginem,</strong></span> <span class='ocrx_word' id='word_1_148' title='bbox 3124 1283 3248 1337; x_wconf 70' lang='lat' dir='ltr'><strong>quae</strong></span> <span class='ocrx_word' id='word_1_149' title='bbox 3306 1276 3392 1323; x_wconf 83' lang='lat' dir='ltr'><strong>est</strong></span> <span class='ocrx_word' id='word_1_150' title='bbox 3418 1268 3472 1321; x_wconf 88' lang='lat' dir='ltr'><strong>in</strong></span> 
     </span>
    </p>
   </div>
   <div class='ocr_carea' id='block_1_27' title="bbox 1904 1352 3474 1427">
    <p class='ocr_par' dir='ltr' id='par_1_27' title="bbox 1904 1352 3474 1427">
     <span class='ocr_line' id='line_1_27' title="bbox 1904 1352 3474 1427; baseline 0.006 -25"><span class='ocrx_word' id='word_1_151' title='bbox 1904 1363 2054 1403; x_wconf 67' lang='lat' dir='ltr'><strong>aenea</strong></span> <span class='ocrx_word' id='word_1_152' title='bbox 2093 1359 2248 1418; x_wconf 90' lang='lat' dir='ltr'><strong>porta</strong></span> <span class='ocrx_word' id='word_1_153' title='bbox 2288 1353 2496 1421; x_wconf 77' lang='lat' dir='ltr'><strong>palatii,</strong></span> <span class='ocrx_word' id='word_1_154' title='bbox 2535 1369 2564 1407; x_wconf 91' lang='lat' dir='ltr'><strong>a</strong></span> <span class='ocrx_word' id='word_1_155' title='bbox 2601 1352 2824 1411; x_wconf 84' lang='lat' dir='ltr'><strong>nefariis</strong></span> <span class='ocrx_word' id='word_1_156' title='bbox 2857 1355 3174 1414; x_wconf 88' lang='lat' dir='ltr'><strong>hominibus</strong></span> <span class='ocrx_word' id='word_1_157' title='bbox 3196 1356 3474 1427; x_wconf 81' lang='lat' dir='ltr'><strong>lapidibus</strong></span> 
     </span>
    </p>
   </div>
   <div class='ocr_carea' id='block_1_28' title="bbox 1905 1441 2821 1515">
    <p class='ocr_par' dir='ltr' id='par_1_28' title="bbox 1905 1441 2821 1515">
     <span class='ocr_line' id='line_1_28' title="bbox 1905 1441 2821 1515; baseline 0.008 -22"><span class='ocrx_word' id='word_1_158' title='bbox 1905 1441 2504 1509; x_wconf 80' lang='lat' dir='ltr'><strong>percussam,,Joannis</strong></span> <span class='ocrx_word' id='word_1_159' title='bbox 2530 1446 2821 1515; x_wconf 79' lang='lat' dir='ltr'><strong>exemplo?</strong></span> 
     </span>
    </p>
   </div>
   <div class='ocr_carea' id='block_1_29' title="bbox 1976 1531 3471 1609">
    <p class='ocr_par' dir='ltr' id='par_1_29' title="bbox 1976 1531 3471 1609">
     <span class='ocr_line' id='line_1_29' title="bbox 1976 1531 3471 1609; baseline 0.009 -25"><span class='ocrx_word' id='word_1_160' title='bbox 1976 1531 2261 1598; x_wconf 85' lang='lat' dir='ltr'><strong>Quomodo</strong></span> <span class='ocrx_word' id='word_1_161' title='bbox 2292 1551 2399 1589; x_wconf 89' lang='lat' dir='ltr'><strong>non</strong></span> <span class='ocrx_word' id='word_1_162' title='bbox 2427 1536 2764 1601; x_wconf 70' lang='lat' dir='ltr'><strong>intellexisti,</strong></span> <span class='ocrx_word' id='word_1_163' title='bbox 2804 1552 2838 1592; x_wconf 90' lang='grc' dir='ltr'><strong>ο</strong></span> <span class='ocrx_word' id='word_1_164' title='bbox 2870 1549 3026 1609; x_wconf 86' lang='lat' dir='ltr'><strong>capte</strong></span> <span class='ocrx_word' id='word_1_165' title='bbox 3059 1540 3252 1605; x_wconf 87' lang='lat' dir='ltr'><strong>oculis,</strong></span> <span class='ocrx_word' id='word_1_166' title='bbox 3287 1556 3339 1598; x_wconf 88' lang='lat' dir='ltr'><strong>et</strong></span> <span class='ocrx_word' id='word_1_167' title='bbox 3370 1546 3471 1600; x_wconf 75' lang='lat' dir='ltr'><strong>mi~</strong></span> 
     </span>
    </p>
   </div>
   <div class='ocr_carea' id='block_1_30' title="bbox 1905 1624 3474 1691">
    <p class='ocr_par' dir='ltr' id='par_1_30' title="bbox 1905 1624 3474 1691">
     <span class='ocr_line' id='line_1_30' title="bbox 1905 1624 3474 1691; baseline 0.008 -14"><span class='ocrx_word' id='word_1_168' title='bbox 1905 1624 2155 1689; x_wconf 90' lang='lat' dir='ltr'><strong>serrimo,</strong></span> <span class='ocrx_word' id='word_1_169' title='bbox 2186 1640 2250 1681; x_wconf 89' lang='lat' dir='ltr'><strong>ac</strong></span> <span class='ocrx_word' id='word_1_170' title='bbox 2282 1637 2513 1681; x_wconf 87' lang='lat' dir='ltr'><strong>mentem</strong></span> <span class='ocrx_word' id='word_1_171' title='bbox 2544 1629 2914 1691; x_wconf 84' lang='lat' dir='ltr'><strong>obtenebrate.</strong></span> <span class='ocrx_word' id='word_1_172' title='bbox 2932 1631 3247 1686; x_wconf 82' lang='lat' dir='ltr'><strong>universum</strong></span> <span class='ocrx_word' id='word_1_173' title='bbox 3288 1634 3474 1690; x_wconf 87' lang='lat' dir='ltr'><strong>orbem</strong></span> 
     </span>
    </p>
   </div>
   <div class='ocr_carea' id='block_1_31' title="bbox 1907 1711 3476 1787">
    <p class='ocr_par' dir='ltr' id='par_1_31' title="bbox 1907 1711 3476 1787">
     <span class='ocr_line' id='line_1_31' title="bbox 1907 1711 3476 1787; baseline 0.005 -20"><span class='ocrx_word' id='word_1_174' title='bbox 1907 1711 2110 1767; x_wconf 86' lang='lat' dir='ltr'><strong>Christi</strong></span> <span class='ocrx_word' id='word_1_175' title='bbox 2135 1715 2449 1771; x_wconf 86' lang='lat' dir='ltr'><strong>charactere</strong></span> <span class='ocrx_word' id='word_1_176' title='bbox 2483 1718 2821 1787; x_wconf 79' lang='lat' dir='ltr'><strong>insignitum,</strong></span> <span class='ocrx_word' id='word_1_177' title='bbox 2850 1720 2944 1774; x_wconf 86' lang='lat' dir='ltr'><strong>sed</strong></span> <span class='ocrx_word' id='word_1_178' title='bbox 2992 1720 3142 1775; x_wconf 88' lang='lat' dir='ltr'><strong>solus</strong></span> <span class='ocrx_word' id='word_1_179' title='bbox 3195 1729 3248 1774; x_wconf 93' lang='lat' dir='ltr'><strong>tu</strong></span> <span class='ocrx_word' id='word_1_180' title='bbox 3280 1728 3476 1776; x_wconf 82' lang='lat' dir='ltr'><strong>nactus</strong></span> 
     </span>
    </p>
   </div>
   <div class='ocr_carea' id='block_1_32' title="bbox 1907 1804 2617 1863">
    <p class='ocr_par' dir='ltr' id='par_1_32' title="bbox 1907 1804 2617 1863">
     <span class='ocr_line' id='line_1_32' title="bbox 1907 1804 2617 1863; baseline 0.008 -6"><span class='ocrx_word' id='word_1_181' title='bbox 1907 1819 1966 1858; x_wconf 89' lang='lat' dir='ltr'><strong>es</strong></span> <span class='ocrx_word' id='word_1_182' title='bbox 2003 1804 2312 1861; x_wconf 67' lang='lat' dir='ltr'><strong>Iudaeorum</strong></span> <span class='ocrx_word' id='word_1_183' title='bbox 2340 1811 2617 1863; x_wconf 81' lang='lat' dir='ltr'><strong>mentem?</strong></span> 
     </span>
    </p>
   </div>
   <div class='ocr_carea' id='block_1_33' title="bbox 318 1878 1972 1975">
    <p class='ocr_par' dir='ltr' id='par_1_33' title="bbox 318 1878 1876 1975">
     <span class='ocr_line' id='line_1_33' title="bbox 318 1878 1876 1975; baseline -0.001 -18"><span class='ocrx_word' id='word_1_184' title='bbox 318 1907 386 1959; x_wconf 81' lang='grc' dir='ltr'>Σὺ</span> <span class='ocrx_word' id='word_1_185' title='bbox 406 1905 677 1967; x_wconf 81' lang='grc' dir='ltr'>παντελῶς</span> <span class='ocrx_word' id='word_1_186' title='bbox 699 1904 940 1969; x_wconf 79' lang='grc' dir='ltr'>καθελεῖν</span> <span class='ocrx_word' id='word_1_187' title='bbox 972 1905 1224 1974; x_wconf 65' lang='grc' dir='ltr'>ἐνόμισας</span> <span class='ocrx_word' id='word_1_188' title='bbox 1250 1904 1359 1957; x_wconf 87' lang='grc' dir='ltr'><strong>τῶν</strong></span> <span class='ocrx_word' id='word_1_189' title='bbox 1401 1903 1559 1957; x_wconf 84' lang='grc' dir='ltr'>θείων</span> <span class='ocrx_word' id='word_1_190' title='bbox 1607 1904 1800 1975; x_wconf 85' lang='grc' dir='ltr'>ὲκκλη-</span> <span class='ocrx_word' id='word_1_191' title='bbox 1836 1878 1876 1933; x_wconf 72' lang='grc' dir='ltr'><strong><em>Β</em></strong></span> 
     </span>
    </p>
   </div>
   <div class='ocr_carea' id='block_1_34' title="bbox 1817 1878 3471 1975">
    <p class='ocr_par' dir='ltr' id='par_1_34' title="bbox 1836 1878 3471 1975">
     <span class='ocr_line' id='line_1_34' title="bbox 1836 1878 3471 1975; baseline 0.006 -27"><span class='ocrx_word' id='word_1_192' title='bbox 1836 1878 1876 1933; x_wconf 75' lang='grc' dir='ltr'><strong><em>Β</em></strong></span> <span class='ocrx_word' id='word_1_193' title='bbox 1974 1896 2055 1949; x_wconf 84' lang='lat' dir='ltr'><strong>Tu</strong></span> <span class='ocrx_word' id='word_1_194' title='bbox 2076 1913 2107 1951; x_wconf 92' lang='lat' dir='ltr'><strong>e</strong></span> <span class='ocrx_word' id='word_1_195' title='bbox 2136 1899 2317 1953; x_wconf 89' lang='lat' dir='ltr'><strong>medio</strong></span> <span class='ocrx_word' id='word_1_196' title='bbox 2341 1903 2565 1955; x_wconf 91' lang='lat' dir='ltr'><strong>omnino</strong></span> <span class='ocrx_word' id='word_1_197' title='bbox 2589 1902 2777 1957; x_wconf 88' lang='lat' dir='ltr'><strong>tollere</strong></span> <span class='ocrx_word' id='word_1_198' title='bbox 2808 1904 2990 1957; x_wconf 88' lang='lat' dir='ltr'><strong>animo</strong></span> <span class='ocrx_word' id='word_1_199' title='bbox 3011 1905 3266 1975; x_wconf 78' lang='lat' dir='ltr'><strong>cogitasti</strong></span> <span class='ocrx_word' id='word_1_200' title='bbox 3284 1920 3351 1959; x_wconf 80' lang='lat' dir='ltr'><strong>ex</strong></span> <span class='ocrx_word' id='word_1_201' title='bbox 3381 1904 3471 1960; x_wconf 87' lang='lat' dir='ltr'><strong>Dei</strong></span> 
     </span>
    </p>
   </div>
   <div class='ocr_carea' id='block_1_35' title="bbox 249 1993 1800 2065">
    <p class='ocr_par' dir='ltr' id='par_1_35' title="bbox 249 1993 1800 2065">
     <span class='ocr_line' id='line_1_35' title="bbox 249 1993 1800 2065; baseline 0 -18"><span class='ocrx_word' id='word_1_202' title='bbox 249 1995 378 2048; x_wconf 87' lang='grc' dir='ltr'>σιῶν</span> <span class='ocrx_word' id='word_1_203' title='bbox 450 1997 549 2064; x_wconf 79' lang='grc' dir='ltr'><strong>τὴν</strong></span> <span class='ocrx_word' id='word_1_204' title='bbox 601 1993 960 2063; x_wconf 86' lang='grc' dir='ltr'>σαρκολαμπῆ</span> <span class='ocrx_word' id='word_1_205' title='bbox 1009 1994 1289 2065; x_wconf 80' lang='grc' dir='ltr'>μόρφωσιν</span> <span class='ocrx_word' id='word_1_206' title='bbox 1318 1993 1413 2046; x_wconf 92' lang='grc' dir='ltr'><strong>τοῦ</strong></span> <span class='ocrx_word' id='word_1_207' title='bbox 1442 1995 1672 2063; x_wconf 83' lang='grc' dir='ltr'>Κυρίου,</span> <span class='ocrx_word' id='word_1_208' title='bbox 1707 1995 1800 2047; x_wconf 71' lang='grc' dir='ltr'><strong>καλ⁸</strong></span> 
     </span>
    </p>
   </div>
   <div class='ocr_carea' id='block_1_36' title="bbox 244 2084 1799 2158">
    <p class='ocr_par' dir='ltr' id='par_1_36' title="bbox 244 2084 1799 2158">
     <span class='ocr_line' id='line_1_36' title="bbox 244 2084 1799 2158; baseline -0.001 -18"><span class='ocrx_word' id='word_1_209' title='bbox 244 2090 353 2141; x_wconf 85' lang='grc' dir='ltr'><strong>τῶν</strong></span> <span class='ocrx_word' id='word_1_210' title='bbox 382 2087 550 2155; x_wconf 82' lang='grc' dir='ltr'>ἁγίων</span> <span class='ocrx_word' id='word_1_211' title='bbox 584 2089 798 2141; x_wconf 80' lang='grc' dir='ltr'>πάντων</span> <span class='ocrx_word' id='word_1_212' title='bbox 819 2104 834 2118; x_wconf 88' lang='grc'><strong>·</strong></span> <span class='ocrx_word' id='word_1_213' title='bbox 863 2085 980 2139; x_wconf 82' lang='grc' dir='ltr'>ἀλλ’</span> <span class='ocrx_word' id='word_1_214' title='bbox 1004 2088 1050 2157; x_wconf 77' lang='grc' dir='ltr'>η’</span> <span class='ocrx_word' id='word_1_215' title='bbox 1088 2085 1205 2140; x_wconf 84' lang='grc' dir='ltr'>θεία</span> <span class='ocrx_word' id='word_1_216' title='bbox 1258 2086 1417 2158; x_wconf 87' lang='grc' dir='ltr'>χάρις</span> <span class='ocrx_word' id='word_1_217' title='bbox 1459 2084 1672 2140; x_wconf 83' lang='grc' dir='ltr'>καθείλέ</span> <span class='ocrx_word' id='word_1_218' title='bbox 1705 2103 1799 2139; x_wconf 89' lang='grc' dir='ltr'><strong>σου</strong></span> 
     </span>
    </p>
   </div>
   <div class='ocr_carea' id='block_1_37' title="bbox 243 2178 675 2252">
    <p class='ocr_par' dir='ltr' id='par_1_37' title="bbox 243 2178 675 2252">
     <span class='ocr_line' id='line_1_37' title="bbox 243 2178 675 2252; baseline 0 -20"><span class='ocrx_word' id='word_1_219' title='bbox 243 2180 344 2252; x_wconf 84' lang='grc' dir='ltr'>τὴν</span> <span class='ocrx_word' id='word_1_220' title='bbox 366 2178 675 2249; x_wconf 82' lang='grc' dir='ltr'>τυραννίδα.</span> 
     </span>
    </p>
   </div>
   <div class='ocr_carea' id='block_1_38' title="bbox 316 2267 1803 2343">
    <p class='ocr_par' dir='ltr' id='par_1_38' title="bbox 316 2267 1803 2343">
     <span class='ocr_line' id='line_1_38' title="bbox 316 2267 1803 2343; baseline 0 -22"><span class='ocrx_word' id='word_1_221' title='bbox 316 2270 395 2321; x_wconf 78' lang='grc' dir='ltr'><strong>Τὰ</strong></span> <span class='ocrx_word' id='word_1_222' title='bbox 426 2270 466 2321; x_wconf 77' lang='lat' dir='ltr'><strong>le</strong></span> <span class='ocrx_word' id='word_1_223' title='bbox 479 2270 544 2339; x_wconf 70' lang='grc' dir='ltr'>ρὰ</span> <span class='ocrx_word' id='word_1_224' title='bbox 576 2268 883 2343; x_wconf 37' lang='grc' dir='ltr'>τῶν-ἁγίων</span> <span class='ocrx_word' id='word_1_225' title='bbox 911 2268 1158 2338; x_wconf 80' lang='grc' dir='ltr'>λείψανα,</span> <span class='ocrx_word' id='word_1_226' title='bbox 1196 2268 1289 2321; x_wconf 73' lang='grc' dir='ltr'>καὶ</span> <span class='ocrx_word' id='word_1_227' title='bbox 1331 2268 1432 2331; x_wconf 73' lang='grc' dir='ltr'><strong>τάς</strong></span> <span class='ocrx_word' id='word_1_228' title='bbox 1462 2268 1676 2329; x_wconf 88' lang='grc' dir='ltr'>είκόνας</span> <span class='ocrx_word' id='word_1_229' title='bbox 1700 2267 1803 2321; x_wconf 82' lang='grc' dir='ltr'>αὐ-</span> 
     </span>
    </p>
   </div>
   <div class='ocr_carea' id='block_1_39' title="bbox 240 2358 1802 2433">
    <p class='ocr_par' dir='ltr' id='par_1_39' title="bbox 240 2358 1802 2433">
     <span class='ocr_line' id='line_1_39' title="bbox 240 2358 1802 2433; baseline -0.001 -20"><span class='ocrx_word' id='word_1_230' title='bbox 240 2362 351 2413; x_wconf 85' lang='grc' dir='ltr'><strong>τῶν</strong></span> <span class='ocrx_word' id='word_1_231' title='bbox 377 2359 547 2431; x_wconf 74' lang='grc' dir='ltr'>Αήζιξ</span> <span class='ocrx_word' id='word_1_232' title='bbox 591 2362 619 2413; x_wconf 84' lang='grc' dir='ltr'><strong>ό</strong></span> <span class='ocrx_word' id='word_1_233' title='bbox 649 2360 703 2413; x_wconf 86' lang='grc' dir='ltr'><strong>δε</strong></span> <span class='ocrx_word' id='word_1_234' title='bbox 714 2361 837 2421; x_wconf 78' lang='grc' dir='ltr'>ινὸς.</span> <span class='ocrx_word' id='word_1_235' title='bbox 863 2359 976 2428; x_wconf 75' lang='grc' dir='ltr'><strong>ἅμα</strong></span> <span class='ocrx_word' id='word_1_236' title='bbox 996 2359 1071 2431; x_wconf 80' lang='grc' dir='ltr'>τῷ</span> <span class='ocrx_word' id='word_1_237' title='bbox 1086 2360 1327 2433; x_wconf 78' lang='grc' dir='ltr'>Ἰωάννῃ,</span> <span class='ocrx_word' id='word_1_238' title='bbox 1349 2358 1457 2412; x_wconf 75' lang='grc' dir='ltr'>οὐδ’</span> <span class='ocrx_word' id='word_1_239' title='bbox 1474 2358 1608 2421; x_wconf 84' lang='grc' dir='ltr'>ὅλως</span> <span class='ocrx_word' id='word_1_240' title='bbox 1631 2374 1802 2429; x_wconf 88' lang='grc' dir='ltr'>προσ-</span> 
     </span>
    </p>
   </div>
   <div class='ocr_carea' id='block_1_40' title="bbox 243 2447 1802 2519">
    <p class='ocr_par' dir='ltr' id='par_1_40' title="bbox 243 2447 1802 2519">
     <span class='ocr_line' id='line_1_40' title="bbox 243 2447 1802 2519; baseline -0.003 -16"><span class='ocrx_word' id='word_1_241' title='bbox 243 2450 522 2503; x_wconf 85' lang='grc' dir='ltr'>κυνεῖσθαι</span> <span class='ocrx_word' id='word_1_242' title='bbox 598 2450 829 2518; x_wconf 72' lang='grc' dir='ltr'>ἔφασκον</span> <span class='ocrx_word' id='word_1_243' title='bbox 862 2448 1100 2519; x_wconf 85' lang='grc' dir='ltr'>ἀνόμως,</span> <span class='ocrx_word' id='word_1_244' title='bbox 1157 2449 1205 2502; x_wconf 82' lang='grc' dir='ltr'>οἱ</span> <span class='ocrx_word' id='word_1_245' title='bbox 1248 2449 1477 2519; x_wconf 82' lang='grc' dir='ltr'>άρνηταὶ</span> <span class='ocrx_word' id='word_1_246' title='bbox 1525 2447 1621 2516; x_wconf 76' lang='grc' dir='ltr'>τῆς</span> <span class='ocrx_word' id='word_1_247' title='bbox 1646 2447 1802 2499; x_wconf 84' lang='grc' dir='ltr'>εὐσε-</span> 
     </span>
    </p>
   </div>
   <div class='ocr_carea' id='block_1_41' title="bbox 252 2540 425 2605">
    <p class='ocr_par' dir='ltr' id='par_1_41' title="bbox 252 2540 425 2605">
     <span class='ocr_line' id='line_1_41' title="bbox 252 2540 425 2605; baseline 0.023 -14"><span class='ocrx_word' id='word_1_248' title='bbox 252 2540 312 2592; x_wconf 82' lang='grc' dir='ltr'><strong>ϐε</strong></span> <span class='ocrx_word' id='word_1_249' title='bbox 323 2540 425 2605; x_wconf 89' lang='grc' dir='ltr'>ίας.</span> 
     </span>
    </p>
   </div>
   <div class='ocr_carea' id='block_1_42' title="bbox 317 2630 1801 2703">
    <p class='ocr_par' dir='ltr' id='par_1_42' title="bbox 317 2630 1801 2703">
     <span class='ocr_line' id='line_1_42' title="bbox 317 2630 1801 2703; baseline -0.002 -17"><span class='ocrx_word' id='word_1_250' title='bbox 317 2632 367 2689; x_wconf 91' lang='grc' dir='ltr'><strong>θ.</strong></span> <span class='ocrx_word' id='word_1_251' title='bbox 411 2630 813 2703; x_wconf 80' lang='grc' dir='ltr'>Παντουργικην</span> <span class='ocrx_word' id='word_1_252' title='bbox 835 2630 1087 2702; x_wconf 83' lang='grc' dir='ltr'>θεαρχίαν</span> <span class='ocrx_word' id='word_1_253' title='bbox 1106 2632 1368 2697; x_wconf 83' lang='grc' dir='ltr'>σέϐοντες,</span> <span class='ocrx_word' id='word_1_254' title='bbox 1390 2634 1447 2685; x_wconf 82' lang='grc' dir='ltr'>ὲν</span> <span class='ocrx_word' id='word_1_255' title='bbox 1463 2632 1801 2703; x_wconf 79' lang='grc' dir='ltr'>χαρακτῆρσι</span> 
     </span>
    </p>
   </div>
   <div class='ocr_carea' id='block_1_43' title="bbox 242 2720 1801 2790">
    <p class='ocr_par' dir='ltr' id='par_1_43' title="bbox 242 2720 1801 2790">
     <span class='ocr_line' id='line_1_43' title="bbox 242 2720 1801 2790; baseline 0.001 -18"><span class='ocrx_word' id='word_1_256' title='bbox 242 2720 410 2790; x_wconf 76' lang='grc' dir='ltr'>τρισὶ,</span> <span class='ocrx_word' id='word_1_257' title='bbox 465 2721 667 2783; x_wconf 84' lang='grc' dir='ltr'>πάντες</span> <span class='ocrx_word' id='word_1_258' title='bbox 716 2720 984 2784; x_wconf 81' lang='grc' dir='ltr'>εὐσεϐῶς,</span> <span class='ocrx_word' id='word_1_259' title='bbox 1016 2720 1246 2789; x_wconf 82' lang='grc' dir='ltr'>ἄναρχον</span> <span class='ocrx_word' id='word_1_260' title='bbox 1279 2720 1370 2772; x_wconf 78' lang='grc' dir='ltr'><strong>τὸν</strong></span> <span class='ocrx_word' id='word_1_261' title='bbox 1411 2720 1648 2790; x_wconf 81' lang='grc' dir='ltr'>Πατέρα,</span> <span class='ocrx_word' id='word_1_262' title='bbox 1678 2737 1801 2773; x_wconf 80' lang='grc' dir='ltr'>συν-</span> 
     </span>
    </p>
   </div>
   <div class='ocr_carea' id='block_1_44' title="bbox 247 2808 1802 2882">
    <p class='ocr_par' dir='ltr' id='par_1_44' title="bbox 247 2808 1802 2882">
     <span class='ocr_line' id='line_1_44' title="bbox 247 2808 1802 2882; baseline -0.001 -18"><span class='ocrx_word' id='word_1_263' title='bbox 247 2812 478 2880; x_wconf 88' lang='grc' dir='ltr'>άναρχον</span> <span class='ocrx_word' id='word_1_264' title='bbox 504 2808 596 2863; x_wconf 77' lang='grc' dir='ltr'><strong>τὸν</strong></span> <span class='ocrx_word' id='word_1_265' title='bbox 619 2811 812 2879; x_wconf 85' lang='grc' dir='ltr'>Λόγον,</span> <span class='ocrx_word' id='word_1_266' title='bbox 844 2811 1065 2881; x_wconf 77' lang='grc' dir='ltr'>Πνεῦμα</span> <span class='ocrx_word' id='word_1_267' title='bbox 1091 2810 1466 2882; x_wconf 85' lang='grc' dir='ltr'>συνεκλάμπον</span> <span class='ocrx_word' id='word_1_268' title='bbox 1492 2810 1802 2882; x_wconf 79' lang='grc' dir='ltr'>δοξάσωμεν</span> 
     </span>
    </p>
   </div>
   <div class='ocr_carea' id='block_1_45' title="bbox 245 2898 718 2963">
    <p class='ocr_par' dir='ltr' id='par_1_45' title="bbox 245 2898 718 2963">
     <span class='ocr_line' id='line_1_45' title="bbox 245 2898 718 2963; baseline -0.004 -9"><span class='ocrx_word' id='word_1_269' title='bbox 245 2904 324 2963; x_wconf 85' lang='grc' dir='ltr'><strong>είς</strong></span> <span class='ocrx_word' id='word_1_270' title='bbox 350 2901 476 2963; x_wconf 76' lang='grc' dir='ltr'>τοὺς</span> <span class='ocrx_word' id='word_1_271' title='bbox 496 2898 718 2962; x_wconf 79' lang='grc' dir='ltr'>αἰῶνας.</span> 
     </span>
    </p>
   </div>
   <div class='ocr_carea' id='block_1_46' title="bbox 278 3072 1806 3147">
    <p class='ocr_par' dir='ltr' id='par_1_46' title="bbox 278 3072 1806 3147">
     <span class='ocr_line' id='line_1_46' title="bbox 278 3072 1806 3147; baseline 0.001 -20"><span class='ocrx_word' id='word_1_272' title='bbox 278 3072 347 3128; x_wconf 85' lang='grc' dir='ltr'>θ’.</span> <span class='ocrx_word' id='word_1_273' title='bbox 366 3073 710 3145; x_wconf 83' lang='grc' dir='ltr'>Χριστιανῶν</span> <span class='ocrx_word' id='word_1_274' title='bbox 729 3076 762 3145; x_wconf 79' lang='grc' dir='ltr'>ἡ</span> <span class='ocrx_word' id='word_1_275' title='bbox 782 3073 973 3145; x_wconf 85' lang='grc' dir='ltr'>βεϐαία</span> <span class='ocrx_word' id='word_1_276' title='bbox 991 3075 1288 3146; x_wconf 80' lang='grc' dir='ltr'>γέφυρα,τὸ</span> <span class='ocrx_word' id='word_1_277' title='bbox 1308 3077 1566 3147; x_wconf 78' lang='grc' dir='ltr'>καύχημα</span> <span class='ocrx_word' id='word_1_278' title='bbox 1582 3074 1689 3129; x_wconf 86' lang='grc' dir='ltr'><strong>τῶν</strong></span> <span class='ocrx_word' id='word_1_279' title='bbox 1715 3093 1806 3129; x_wconf 90' lang='grc' dir='ltr'>πι-</span> 
     </span>
    </p>
   </div>
   <div class='ocr_carea' id='block_1_47' title="bbox 1900 1987 3475 2065">
    <p class='ocr_par' dir='ltr' id='par_1_47' title="bbox 1900 1987 3475 2065">
     <span class='ocr_line' id='line_1_47' title="bbox 1900 1987 3475 2065; baseline 0.005 -25"><span class='ocrx_word' id='word_1_280' title='bbox 1900 1987 2156 2045; x_wconf 83' lang='lat' dir='ltr'><strong>Ecclesiis</strong></span> <span class='ocrx_word' id='word_1_281' title='bbox 2197 1992 2396 2045; x_wconf 79' lang='lat' dir='ltr'><strong>Christi</strong></span> <span class='ocrx_word' id='word_1_282' title='bbox 2442 1992 2656 2047; x_wconf 89' lang='lat' dir='ltr'><strong>Domini</strong></span> <span class='ocrx_word' id='word_1_283' title='bbox 2704 1994 2996 2064; x_wconf 80' lang='lat' dir='ltr'><strong>imaginem</strong></span> <span class='ocrx_word' id='word_1_284' title='bbox 3036 2011 3199 2051; x_wconf 86' lang='lat' dir='ltr'><strong>carne</strong></span> <span class='ocrx_word' id='word_1_285' title='bbox 3253 1994 3475 2065; x_wconf 62' lang='lat' dir='ltr'><strong>praeful-</strong></span> 
     </span>
    </p>
   </div>
   <div class='ocr_carea' id='block_1_48' title="bbox 1899 2084 3473 2155">
    <p class='ocr_par' dir='ltr' id='par_1_48' title="bbox 1899 2084 3473 2155">
     <span class='ocr_line' id='line_1_48' title="bbox 1899 2084 3473 2155; baseline 0.005 -23"><span class='ocrx_word' id='word_1_286' title='bbox 1899 2088 2132 2146; x_wconf 79' lang='lat' dir='ltr'><strong>gentem,</strong></span> <span class='ocrx_word' id='word_1_287' title='bbox 2163 2091 2217 2135; x_wconf 92' lang='lat' dir='ltr'><strong>et</strong></span> <span class='ocrx_word' id='word_1_288' title='bbox 2246 2092 2555 2137; x_wconf 85' lang='lat' dir='ltr'><strong>sanctorum</strong></span> <span class='ocrx_word' id='word_1_289' title='bbox 2600 2084 2877 2151; x_wconf 90' lang='lat' dir='ltr'><strong>omnium;</strong></span> <span class='ocrx_word' id='word_1_290' title='bbox 2923 2087 3015 2141; x_wconf 83' lang='lat' dir='ltr'><strong>sed</strong></span> <span class='ocrx_word' id='word_1_291' title='bbox 3060 2086 3241 2139; x_wconf 87' lang='lat' dir='ltr'><strong>divina</strong></span> <span class='ocrx_word' id='word_1_292' title='bbox 3298 2085 3473 2155; x_wconf 73' lang='lat' dir='ltr'><strong>gratia</strong></span> 
     </span>
    </p>
   </div>
   <div class='ocr_carea' id='block_1_49' title="bbox 1900 2173 2741 2242">
    <p class='ocr_par' dir='ltr' id='par_1_49' title="bbox 1900 2173 2741 2242">
     <span class='ocr_line' id='line_1_49' title="bbox 1900 2173 2741 2242; baseline 0.006 -18"><span class='ocrx_word' id='word_1_293' title='bbox 1900 2178 2051 2225; x_wconf 87' lang='lat' dir='ltr'><strong>tuam</strong></span> <span class='ocrx_word' id='word_1_294' title='bbox 2080 2173 2422 2242; x_wconf 87' lang='lat' dir='ltr'><strong>tyrannidem</strong></span> <span class='ocrx_word' id='word_1_295' title='bbox 2448 2174 2741 2231; x_wconf 83' lang='lat' dir='ltr'><strong>destruxit.</strong></span> 
     </span>
    </p>
   </div>
   <div class='ocr_carea' id='block_1_50' title="bbox 1972 2263 3474 2344">
    <p class='ocr_par' dir='ltr' id='par_1_50' title="bbox 1972 2263 3474 2344">
     <span class='ocr_line' id='line_1_50' title="bbox 1972 2263 3474 2344; baseline 0.008 -27"><span class='ocrx_word' id='word_1_296' title='bbox 1972 2263 2168 2319; x_wconf 88' lang='lat' dir='ltr'><strong>Sacras</strong></span> <span class='ocrx_word' id='word_1_297' title='bbox 2195 2274 2509 2321; x_wconf 89' lang='lat' dir='ltr'><strong>sanctorum</strong></span> <span class='ocrx_word' id='word_1_298' title='bbox 2532 2268 2817 2339; x_wconf 85' lang='lat' dir='ltr'><strong>reliquias,</strong></span> <span class='ocrx_word' id='word_1_299' title='bbox 2848 2278 2906 2325; x_wconf 89' lang='lat' dir='ltr'><strong>et</strong></span> <span class='ocrx_word' id='word_1_300' title='bbox 2932 2269 3175 2341; x_wconf 89' lang='lat' dir='ltr'><strong>ipsorum</strong></span> <span class='ocrx_word' id='word_1_301' title='bbox 3205 2272 3474 2344; x_wconf 81' lang='lat' dir='ltr'><strong>imagines</strong></span> 
     </span>
    </p>
   </div>
   <div class='ocr_carea' id='block_1_51' title="bbox 1900 2353 3474 2434">
    <p class='ocr_par' dir='ltr' id='par_1_51' title="bbox 1900 2353 3474 2434">
     <span class='ocr_line' id='line_1_51' title="bbox 1900 2353 3474 2434; baseline 0.008 -26"><span class='ocrx_word' id='word_1_302' title='bbox 1900 2353 2094 2411; x_wconf 83' lang='lat' dir='ltr'><strong>Lezius</strong></span> <span class='ocrx_word' id='word_1_303' title='bbox 2137 2356 2227 2411; x_wconf 90' lang='lat' dir='ltr'><strong>ille</strong></span> <span class='ocrx_word' id='word_1_304' title='bbox 2278 2356 2448 2422; x_wconf 77' lang='lat' dir='ltr'><strong>ferus,</strong></span> <span class='ocrx_word' id='word_1_305' title='bbox 2502 2375 2609 2414; x_wconf 86' lang='lat' dir='ltr'><strong>una</strong></span> <span class='ocrx_word' id='word_1_306' title='bbox 2668 2376 2792 2415; x_wconf 90' lang='lat' dir='ltr'><strong>cum</strong></span> <span class='ocrx_word' id='word_1_307' title='bbox 2844 2361 3074 2425; x_wconf 81' lang='lat' dir='ltr'><strong>Joanne,</strong></span> <span class='ocrx_word' id='word_1_308' title='bbox 3121 2364 3274 2418; x_wconf 91' lang='lat' dir='ltr'><strong>nullo</strong></span> <span class='ocrx_word' id='word_1_309' title='bbox 3312 2375 3474 2434; x_wconf 85' lang='lat' dir='ltr'><strong>paeto</strong></span> 
     </span>
    </p>
   </div>
   <div class='ocr_carea' id='block_1_52' title="bbox 1900 2450 3477 2525">
    <p class='ocr_par' dir='ltr' id='par_1_52' title="bbox 1900 2450 3477 2525">
     <span class='ocr_line' id='line_1_52' title="bbox 1900 2450 3477 2525; baseline 0.006 -23"><span class='ocrx_word' id='word_1_310' title='bbox 1900 2450 2260 2516; x_wconf 88' lang='lat' dir='ltr'><strong>venerandas,</strong></span> <span class='ocrx_word' id='word_1_311' title='bbox 2299 2451 2463 2520; x_wconf 88' lang='lat' dir='ltr'><strong>impie</strong></span> <span class='ocrx_word' id='word_1_312' title='bbox 2496 2454 2855 2521; x_wconf 84' lang='lat' dir='ltr'><strong>asserebant,</strong></span> <span class='ocrx_word' id='word_1_313' title='bbox 2884 2463 2942 2508; x_wconf 86' lang='lat' dir='ltr'><strong>ut</strong></span> <span class='ocrx_word' id='word_1_314' title='bbox 2985 2456 3205 2525; x_wconf 86' lang='lat' dir='ltr'><strong>pietatis</strong></span> <span class='ocrx_word' id='word_1_315' title='bbox 3234 2456 3477 2511; x_wconf 84' lang='lat' dir='ltr'><strong>deserto-</strong></span> 
     </span>
    </p>
   </div>
   <div class='ocr_carea' id='block_1_53' title="bbox 1902 2537 2437 2594">
    <p class='ocr_par' dir='ltr' id='par_1_53' title="bbox 1902 2537 2437 2594">
     <span class='ocr_line' id='line_1_53' title="bbox 1902 2537 2437 2594; baseline -0.002 -1"><span class='ocrx_word' id='word_1_316' title='bbox 1902 2553 2011 2593; x_wconf 86' lang='lat' dir='ltr'><strong>res.</strong></span> <span class='ocrx_word' id='word_1_317' title='bbox 2050 2537 2234 2594; x_wconf 83' lang='lat' dir='ltr'><strong>Gloria</strong></span> <span class='ocrx_word' id='word_1_318' title='bbox 2268 2538 2437 2594; x_wconf 83' lang='lat' dir='ltr'><strong>Patri.</strong></span> 
     </span>
    </p>
   </div>
   <div class='ocr_carea' id='block_1_54' title="bbox 1969 2627 3469 2706">
    <p class='ocr_par' dir='ltr' id='par_1_54' title="bbox 1969 2627 3469 2706">
     <span class='ocr_line' id='line_1_54' title="bbox 1969 2627 3469 2706; baseline 0.004 -23"><span class='ocrx_word' id='word_1_319' title='bbox 1969 2627 2172 2685; x_wconf 88' lang='lat' dir='ltr'><strong>Omnes</strong></span> <span class='ocrx_word' id='word_1_320' title='bbox 2209 2632 2298 2700; x_wconf 88' lang='lat' dir='ltr'><strong>pie</strong></span> <span class='ocrx_word' id='word_1_321' title='bbox 2320 2641 2644 2688; x_wconf 84' lang='lat' dir='ltr'><strong>venerantes</strong></span> <span class='ocrx_word' id='word_1_322' title='bbox 2687 2632 2781 2689; x_wconf 90' lang='lat' dir='ltr'><strong>Dei</strong></span> <span class='ocrx_word' id='word_1_323' title='bbox 2818 2636 3181 2706; x_wconf 86' lang='lat' dir='ltr'><strong>majestatem,</strong></span> <span class='ocrx_word' id='word_1_324' title='bbox 3220 2636 3469 2690; x_wconf 90' lang='lat' dir='ltr'><strong>omnium</strong></span> 
     </span>
    </p>
   </div>
   <div class='ocr_carea' id='block_1_55' title="bbox 1900 2723 3473 2793">
    <p class='ocr_par' dir='ltr' id='par_1_55' title="bbox 1900 2723 3473 2793">
     <span class='ocr_line' id='line_1_55' title="bbox 1900 2723 3473 2793; baseline 0.006 -20"><span class='ocrx_word' id='word_1_325' title='bbox 1900 2729 2202 2787; x_wconf 87' lang='lat' dir='ltr'><strong>auctorem,</strong></span> <span class='ocrx_word' id='word_1_326' title='bbox 2258 2723 2312 2777; x_wconf 93' lang='lat' dir='ltr'><strong>in</strong></span> <span class='ocrx_word' id='word_1_327' title='bbox 2360 2725 2532 2779; x_wconf 83' lang='lat' dir='ltr'><strong>tribus</strong></span> <span class='ocrx_word' id='word_1_328' title='bbox 2591 2727 2880 2793; x_wconf 90' lang='lat' dir='ltr'><strong>personis,</strong></span> <span class='ocrx_word' id='word_1_329' title='bbox 2944 2726 3155 2783; x_wconf 85' lang='lat' dir='ltr'><strong>Patrem</strong></span> <span class='ocrx_word' id='word_1_330' title='bbox 3219 2727 3473 2783; x_wconf 83' lang='lat' dir='ltr'><strong>videlicet</strong></span> 
     </span>
    </p>
   </div>
   <div class='ocr_carea' id='block_1_56' title="bbox 1901 2811 3475 2886">
    <p class='ocr_par' dir='ltr' id='par_1_56' title="bbox 1901 2811 3475 2886">
     <span class='ocr_line' id='line_1_56' title="bbox 1901 2811 3475 2886; baseline 0.004 -22"><span class='ocrx_word' id='word_1_331' title='bbox 1901 2811 2168 2882; x_wconf 89' lang='lat' dir='ltr'><strong>principio</strong></span> <span class='ocrx_word' id='word_1_332' title='bbox 2189 2823 2486 2876; x_wconf 84' lang='lat' dir='ltr'><strong>carentem,</strong></span> <span class='ocrx_word' id='word_1_333' title='bbox 2501 2825 2555 2869; x_wconf 85' lang='lat' dir='ltr'><strong>et</strong></span> <span class='ocrx_word' id='word_1_334' title='bbox 2578 2815 2811 2870; x_wconf 86' lang='lat' dir='ltr'><strong>Verbum</strong></span> <span class='ocrx_word' id='word_1_335' title='bbox 2831 2828 3183 2873; x_wconf 64' lang='lat' dir='ltr'><strong>coaeternum.</strong></span> <span class='ocrx_word' id='word_1_336' title='bbox 3213 2817 3475 2886; x_wconf 88' lang='lat' dir='ltr'><strong>Spiritum</strong></span> 
     </span>
    </p>
   </div>
   <div class='ocr_carea' id='block_1_57' title="bbox 1902 2907 3475 2979">
    <p class='ocr_par' dir='ltr' id='par_1_57' title="bbox 1902 2907 3475 2979">
     <span class='ocr_line' id='line_1_57' title="bbox 1902 2907 3475 2979; baseline 0.003 -22"><span class='ocrx_word' id='word_1_337' title='bbox 1902 2919 2120 2974; x_wconf 83' lang='lat' dir='ltr'><strong>quoque</strong></span> <span class='ocrx_word' id='word_1_338' title='bbox 2157 2915 2403 2960; x_wconf 87' lang='lat' dir='ltr'><strong>sanctum</strong></span> <span class='ocrx_word' id='word_1_339' title='bbox 2458 2907 2619 2961; x_wconf 87' lang='lat' dir='ltr'><strong>simul</strong></span> <span class='ocrx_word' id='word_1_340' title='bbox 2672 2909 3056 2977; x_wconf 61' lang='lat' dir='ltr'><strong>pralucentem</strong></span> <span class='ocrx_word' id='word_1_341' title='bbox 3106 2908 3475 2979; x_wconf 76' lang='lat' dir='ltr'><strong>gloriﬁcemus</strong></span> 
     </span>
    </p>
   </div>
   <div class='ocr_carea' id='block_1_58' title="bbox 1903 2995 2207 3051">
    <p class='ocr_par' dir='ltr' id='par_1_58' title="bbox 1903 2995 2207 3051">
     <span class='ocr_line' id='line_1_58' title="bbox 1903 2995 2207 3051; baseline 0.007 -2"><span class='ocrx_word' id='word_1_342' title='bbox 1903 2995 1957 3049; x_wconf 88' lang='lat' dir='ltr'><strong>in</strong></span> <span class='ocrx_word' id='word_1_343' title='bbox 1988 2996 2207 3051; x_wconf 73' lang='lat' dir='ltr'><strong>szecnla.</strong></span> 
     </span>
    </p>
   </div>
   <div class='ocr_carea' id='block_1_59' title="bbox 1974 3085 3476 3155">
    <p class='ocr_par' dir='ltr' id='par_1_59' title="bbox 1974 3085 3476 3155">
     <span class='ocr_line' id='line_1_59' title="bbox 1974 3085 3476 3155; baseline 0.001 -14"><span class='ocrx_word' id='word_1_344' title='bbox 1974 3085 2020 3141; x_wconf 91' lang='lat'><strong>0</strong></span> <span class='ocrx_word' id='word_1_345' title='bbox 2050 3087 2280 3143; x_wconf 89' lang='lat' dir='ltr'><strong>Domina</strong></span> <span class='ocrx_word' id='word_1_346' title='bbox 2313 3087 2404 3143; x_wconf 91' lang='lat' dir='ltr'><strong>Dei</strong></span> <span class='ocrx_word' id='word_1_347' title='bbox 2432 3088 2700 3155; x_wconf 81' lang='lat' dir='ltr'><strong>Genitrix,</strong></span> <span class='ocrx_word' id='word_1_348' title='bbox 2730 3098 2787 3144; x_wconf 86' lang='grc' dir='ltr'><strong>ιιι</strong></span> <span class='ocrx_word' id='word_1_349' title='bbox 2814 3092 2927 3145; x_wconf 86' lang='lat' dir='ltr'><strong>sola</strong></span> <span class='ocrx_word' id='word_1_350' title='bbox 2957 3090 3181 3147; x_wconf 80' lang='lat' dir='ltr'><strong>exsistis</strong></span> <span class='ocrx_word' id='word_1_351' title='bbox 3209 3090 3476 3145; x_wconf 86' lang='lat' dir='ltr'><strong>Christia-</strong></span> 
     </span>
    </p>
   </div>
   <div class='ocr_carea' id='block_1_60' title="bbox 245 3165 1899 3279">
    <p class='ocr_par' dir='ltr' id='par_1_60' title="bbox 245 3165 1871 3279">
     <span class='ocr_line' id='line_1_60' title="bbox 245 3165 1871 3279; baseline 0.002 -61"><span class='ocrx_word' id='word_1_352' title='bbox 245 3165 403 3230; x_wconf 87' lang='grc' dir='ltr'>στῶν,</span> <span class='ocrx_word' id='word_1_353' title='bbox 435 3168 529 3219; x_wconf 69' lang='grc' dir='ltr'><strong>καὶ</strong></span> <span class='ocrx_word' id='word_1_354' title='bbox 550 3168 833 3237; x_wconf 79' lang='grc' dir='ltr'>καταφυγή</span> <span class='ocrx_word' id='word_1_355' title='bbox 856 3183 871 3199; x_wconf 78' lang='grc'><em>’</em></span> <span class='ocrx_word' id='word_1_356' title='bbox 899 3167 1169 3221; x_wconf 79' lang='grc' dir='ltr'>Δέσποινα</span> <span class='ocrx_word' id='word_1_357' title='bbox 1186 3169 1436 3232; x_wconf 83' lang='grc' dir='ltr'>Θεοτόκε,</span> <span class='ocrx_word' id='word_1_358' title='bbox 1460 3169 1597 3239; x_wconf 80' lang='grc' dir='ltr'>αὐτη</span> <span class='ocrx_word' id='word_1_359' title='bbox 1621 3169 1799 3239; x_wconf 84' lang='grc' dir='ltr'>ὑπάρ-</span> <span class='ocrx_word' id='word_1_360' title='bbox 1827 3217 1871 3279; x_wconf 77' lang='lat' dir='ltr'>C</span> 
     </span>
     <span class='ocr_line' id='line_1_61' title="bbox 248 3257 1799 3279; baseline 0 0"><span class='ocrx_word' id='word_1_361' title='bbox 248 3275 362 3279; x_wconf 29' lang='lat' dir='ltr'>___a_</span> <span class='ocrx_word' id='word_1_362' title='bbox 396 3258 522 3279; x_wconf 46' lang='grc' dir='ltr'><strong>--Ιμμ</strong></span> <span class='ocrx_word' id='word_1_363' title='bbox 590 3259 789 3279; x_wconf 61' lang='grc'><strong>,1..-..-</strong></span> <span class='ocrx_word' id='word_1_364' title='bbox 840 3257 1105 3279; x_wconf 57' lang='lat' dir='ltr'><strong>D---A_P__..</strong></span> <span class='ocrx_word' id='word_1_365' title='bbox 1177 3260 1261 3279; x_wconf 66' lang='lat'>___,!</span> <span class='ocrx_word' id='word_1_366' title='bbox 1325 3258 1557 3279; x_wconf 32' lang='grc' dir='ltr'><strong>,1)’-νᾼμ</strong></span> <span class='ocrx_word' id='word_1_367' title='bbox 1606 3261 1661 3279; x_wconf 28' lang='grc' dir='ltr'><strong>ι-.</strong></span> <span class='ocrx_word' id='word_1_368' title='bbox 1700 3260 1761 3279; x_wconf 35' lang='lat'><strong>7,‘</strong></span> <span class='ocrx_word' id='word_1_369' title='bbox 1794 3277 1799 3279; x_wconf 64' lang='lat'><strong>.</strong></span> 
     </span>
    </p>
   </div>
   <div class='ocr_carea' id='block_1_61' title="bbox 1819 3165 3473 3279">
    <p class='ocr_par' dir='ltr' id='par_1_61' title="bbox 1827 3181 3473 3279">
     <span class='ocr_line' id='line_1_62' title="bbox 1827 3181 3473 3279; baseline 0.005 -46"><span class='ocrx_word' id='word_1_370' title='bbox 1827 3217 1871 3279; x_wconf 63' lang='grc' dir='ltr'>Ο</span> <span class='ocrx_word' id='word_1_371' title='bbox 1906 3196 2100 3234; x_wconf 88' lang='lat' dir='ltr'><strong>norum</strong></span> <span class='ocrx_word' id='word_1_372' title='bbox 2132 3196 2270 3250; x_wconf 89' lang='lat' dir='ltr'><strong>pons</strong></span> <span class='ocrx_word' id='word_1_373' title='bbox 2304 3196 2550 3245; x_wconf 82' lang='lat' dir='ltr'><strong>securus,</strong></span> <span class='ocrx_word' id='word_1_374' title='bbox 2597 3192 2652 3239; x_wconf 92' lang='lat' dir='ltr'><strong>et</strong></span> <span class='ocrx_word' id='word_1_375' title='bbox 2696 3181 2930 3248; x_wconf 77' lang='lat' dir='ltr'><strong>ﬁdelium</strong></span> <span class='ocrx_word' id='word_1_376' title='bbox 2984 3186 3161 3256; x_wconf 83' lang='lat' dir='ltr'><strong>gloria</strong></span> <span class='ocrx_word' id='word_1_377' title='bbox 3188 3195 3353 3257; x_wconf 87' lang='lat' dir='ltr'><strong>atque</strong></span> <span class='ocrx_word' id='word_1_378' title='bbox 3385 3202 3473 3241; x_wconf 82' lang='lat' dir='ltr'><strong>re-</strong></span> 
     </span>
    </p>
   </div>
   <div class='ocr_carea' id='block_1_62' title="bbox 247 3257 1901 3349">
    <p class='ocr_par' dir='ltr' id='par_1_62' title="bbox 247 3257 1871 3329">
     <span class='ocr_line' id='line_1_63' title="bbox 247 3257 1871 3329; baseline 0.002 -20"><span class='ocrx_word' id='word_1_379' title='bbox 247 3275 363 3329; x_wconf 86' lang='grc' dir='ltr'>χεις</span> <span class='ocrx_word' id='word_1_380' title='bbox 394 3258 551 3329; x_wconf 84' lang='grc' dir='ltr'>μόνη,</span> <span class='ocrx_word' id='word_1_381' title='bbox 584 3259 789 3321; x_wconf 84' lang='grc' dir='ltr'>πάντας</span> <span class='ocrx_word' id='word_1_382' title='bbox 839 3257 1139 3329; x_wconf 79' lang='grc' dir='ltr'>βοηθοῦσα,</span> <span class='ocrx_word' id='word_1_383' title='bbox 1176 3260 1269 3313; x_wconf 86' lang='grc' dir='ltr'><strong>καί</strong></span> <span class='ocrx_word' id='word_1_384' title='bbox 1318 3258 1563 3324; x_wconf 74' lang='grc' dir='ltr'>σώζουσα</span> <span class='ocrx_word' id='word_1_385' title='bbox 1602 3261 1667 3315; x_wconf 65' lang='grc' dir='ltr'>ἐκ</span> <span class='ocrx_word' id='word_1_386' title='bbox 1695 3260 1801 3314; x_wconf 89' lang='grc' dir='ltr'><strong>τῶν</strong></span> <span class='ocrx_word' id='word_1_387' title='bbox 1828 3257 1871 3279; x_wconf 63' lang='grc' dir='ltr'>υ</span> 
     </span>
    </p>
   </div>
   <div class='ocr_carea' id='block_1_63' title="bbox 1820 3257 3474 3349">
    <p class='ocr_par' dir='ltr' id='par_1_63' title="bbox 1828 3257 3474 3349">
     <span class='ocr_line' id='line_1_64' title="bbox 1828 3257 3474 3349; baseline 0.006 -25"><span class='ocrx_word' id='word_1_388' title='bbox 1828 3257 1871 3279; x_wconf 58' lang='grc' dir='ltr'>υ</span> <span class='ocrx_word' id='word_1_389' title='bbox 1910 3271 2134 3342; x_wconf 78' lang='lat' dir='ltr'><strong>l‘ngimn,</strong></span> <span class='ocrx_word' id='word_1_390' title='bbox 2169 3288 2198 3327; x_wconf 91' lang='lat' dir='ltr'><strong>a</strong></span> <span class='ocrx_word' id='word_1_391' title='bbox 2222 3275 2478 3344; x_wconf 90' lang='lat' dir='ltr'><strong>periculis</strong></span> <span class='ocrx_word' id='word_1_392' title='bbox 2505 3276 2739 3343; x_wconf 88' lang='lat' dir='ltr'><strong>cunctis,</strong></span> <span class='ocrx_word' id='word_1_393' title='bbox 2771 3292 2963 3333; x_wconf 91' lang='lat' dir='ltr'><strong>omnes</strong></span> <span class='ocrx_word' id='word_1_394' title='bbox 2990 3277 3257 3348; x_wconf 88' lang='lat' dir='ltr'><strong>adjuvans</strong></span> <span class='ocrx_word' id='word_1_395' title='bbox 3312 3288 3474 3349; x_wconf 87' lang='lat' dir='ltr'><strong>atque</strong></span> 
     </span>
    </p>
   </div>
   <div class='ocr_carea' id='block_1_64' title="bbox 249 3350 527 3405">
    <p class='ocr_par' dir='ltr' id='par_1_64' title="bbox 249 3350 527 3405">
     <span class='ocr_line' id='line_1_65' title="bbox 249 3350 527 3405; baseline 0.011 -3"><span class='ocrx_word' id='word_1_396' title='bbox 249 3350 527 3405; x_wconf 80' lang='grc' dir='ltr'>κινδύνων.</span> 
     </span>
    </p>
   </div>
   <div class='ocr_carea' id='block_1_65' title="bbox 931 3507 1171 3577">
    <p class='ocr_par' dir='ltr' id='par_1_65' title="bbox 931 3507 1171 3577">
     <span class='ocr_line' id='line_1_66' title="bbox 931 3507 1171 3577; baseline 0.013 -19"><span class='ocrx_word' id='word_1_397' title='bbox 931 3508 1063 3577; x_wconf 74' lang='lat' dir='ltr'><strong>om</strong></span> <span class='ocrx_word' id='word_1_398' title='bbox 1093 3507 1171 3561; x_wconf 78' lang='grc' dir='ltr'><strong>θ’.</strong></span> 
     </span>
    </p>
   </div>
   <div class='ocr_carea' id='block_1_66' title="bbox 322 3634 1801 3706">
    <p class='ocr_par' dir='ltr' id='par_1_66' title="bbox 322 3634 1801 3706">
     <span class='ocr_line' id='line_1_67' title="bbox 322 3634 1801 3706; baseline 0.003 -19"><span class='ocrx_word' id='word_1_399' title='bbox 322 3635 403 3687; x_wconf 81' lang='grc' dir='ltr'><strong>Τά</strong></span> <span class='ocrx_word' id='word_1_400' title='bbox 430 3634 577 3705; x_wconf 77' lang='grc' dir='ltr'>ἔθνη,</span> <span class='ocrx_word' id='word_1_401' title='bbox 611 3635 931 3705; x_wconf 79' lang='grc' dir='ltr'>κροτήσατεο</span> <span class='ocrx_word' id='word_1_402' title='bbox 966 3636 1115 3706; x_wconf 77' lang='grc' dir='ltr'>χοροὶ</span> <span class='ocrx_word' id='word_1_403' title='bbox 1141 3634 1415 3705; x_wconf 84' lang='grc' dir='ltr'>Πατέρων,</span> <span class='ocrx_word' id='word_1_404' title='bbox 1435 3636 1723 3691; x_wconf 77' lang='grc' dir='ltr'>σπεύσατε·</span> <span class='ocrx_word' id='word_1_405' title='bbox 1752 3638 1801 3691; x_wconf 78' lang='lat' dir='ltr'><strong>oi</strong></span> 
     </span>
    </p>
   </div>
   <div class='ocr_carea' id='block_1_67' title="bbox 250 3724 1801 3797">
    <p class='ocr_par' dir='ltr' id='par_1_67' title="bbox 250 3724 1801 3797">
     <span class='ocr_line' id='line_1_68' title="bbox 250 3724 1801 3797; baseline 0.003 -20"><span class='ocrx_word' id='word_1_406' title='bbox 250 3724 482 3793; x_wconf 72' lang='grc' dir='ltr'>ἀσκηταὶ</span> <span class='ocrx_word' id='word_1_407' title='bbox 510 3740 569 3775; x_wconf 88' lang='grc' dir='ltr'><strong>τε</strong></span> <span class='ocrx_word' id='word_1_408' title='bbox 604 3726 698 3776; x_wconf 73' lang='grc' dir='ltr'>καὶ</span> <span class='ocrx_word' id='word_1_409' title='bbox 726 3724 775 3775; x_wconf 80' lang='grc' dir='ltr'>οἱ</span> <span class='ocrx_word' id='word_1_410' title='bbox 796 3724 854 3778; x_wconf 81' lang='grc' dir='ltr'>ὲν</span> <span class='ocrx_word' id='word_1_411' title='bbox 877 3726 987 3789; x_wconf 61' lang='lat' dir='ltr'><strong>tot;</strong></span> <span class='ocrx_word' id='word_1_412' title='bbox 1014 3726 1185 3796; x_wconf 82' lang='grc' dir='ltr'>δρεσι,</span> <span class='ocrx_word' id='word_1_413' title='bbox 1215 3726 1512 3779; x_wconf 81' lang='grc' dir='ltr'>συνέλθετε’</span> <span class='ocrx_word' id='word_1_414' title='bbox 1543 3728 1726 3797; x_wconf 76' lang='grc' dir='ltr'>ἥκετε,</span> <span class='ocrx_word' id='word_1_415' title='bbox 1752 3730 1801 3781; x_wconf 85' lang='grc' dir='ltr'><strong>οί</strong></span> 
     </span>
    </p>
   </div>
   <div class='ocr_carea' id='block_1_68' title="bbox 249 3814 1800 3887">
    <p class='ocr_par' dir='ltr' id='par_1_68' title="bbox 249 3814 1800 3887">
     <span class='ocr_line' id='line_1_69' title="bbox 249 3814 1800 3887; baseline 0.002 -19"><span class='ocrx_word' id='word_1_416' title='bbox 249 3814 565 3887; x_wconf 77' lang='grc' dir='ltr'>διωχθέντες</span> <span class='ocrx_word' id='word_1_417' title='bbox 606 3816 770 3870; x_wconf 87' lang='grc' dir='ltr'>πάλαι</span> <span class='ocrx_word' id='word_1_418' title='bbox 834 3814 941 3869; x_wconf 72' lang='grc' dir='ltr'><strong>ἀπὸ</strong></span> <span class='ocrx_word' id='word_1_419' title='bbox 979 3816 1071 3869; x_wconf 89' lang='grc' dir='ltr'><strong>τοῦ</strong></span> <span class='ocrx_word' id='word_1_420' title='bbox 1119 3816 1319 3869; x_wconf 81' lang='grc' dir='ltr'>πλάνου</span> <span class='ocrx_word' id='word_1_421' title='bbox 1376 3818 1468 3871; x_wconf 73' lang='grc' dir='ltr'><strong>καὶ</strong></span> <span class='ocrx_word' id='word_1_422' title='bbox 1512 3818 1800 3883; x_wconf 76' lang='grc' dir='ltr'>δυσσεϐοῦς</span> 
     </span>
    </p>
   </div>
   <div class='ocr_carea' id='block_1_69' title="bbox 262 3906 1800 3979">
    <p class='ocr_par' dir='ltr' id='par_1_69' title="bbox 262 3906 1800 3979">
     <span class='ocr_line' id='line_1_70' title="bbox 262 3906 1800 3979; baseline 0.004 -22"><span class='ocrx_word' id='word_1_423' title='bbox 262 3907 504 3961; x_wconf 84' lang='grc' dir='ltr'>Ἰωάννου</span> <span class='ocrx_word' id='word_1_424' title='bbox 532 3923 546 3938; x_wconf 78' lang='grc' dir='ltr'><strong>ο</strong></span> <span class='ocrx_word' id='word_1_425' title='bbox 583 3906 925 3977; x_wconf 84' lang='grc' dir='ltr'>στηλιτεῦσαι</span> <span class='ocrx_word' id='word_1_426' title='bbox 988 3908 1087 3971; x_wconf 80' lang='grc' dir='ltr'>τὰς</span> <span class='ocrx_word' id='word_1_427' title='bbox 1124 3908 1353 3977; x_wconf 82' lang='grc' dir='ltr'>μαγείας</span> <span class='ocrx_word' id='word_1_428' title='bbox 1421 3910 1513 3963; x_wconf 77' lang='grc' dir='ltr'><strong>καὶ</strong></span> <span class='ocrx_word' id='word_1_429' title='bbox 1571 3909 1800 3979; x_wconf 84' lang='grc' dir='ltr'>μαντεύ-</span> 
     </span>
    </p>
   </div>
   <div class='ocr_carea' id='block_1_70' title="bbox 250 4015 414 4067">
    <p class='ocr_par' dir='ltr' id='par_1_70' title="bbox 250 4015 414 4067">
     <span class='ocr_line' id='line_1_71' title="bbox 250 4015 414 4067; baseline 0.006 -18"><span class='ocrx_word' id='word_1_430' title='bbox 250 4015 414 4067; x_wconf 88' lang='grc' dir='ltr'>ματα.</span> 
     </span>
    </p>
   </div>
   <div class='ocr_carea' id='block_1_71' title="bbox 314 4171 1794 4249">
    <p class='ocr_par' dir='ltr' id='par_1_71' title="bbox 314 4171 1794 4249">
     <span class='ocr_line' id='line_1_72' title="bbox 314 4171 1794 4249; baseline 0.004 -24"><span class='ocrx_word' id='word_1_431' title='bbox 314 4171 635 4242; x_wconf 77' lang='grc' dir='ltr'>Εὺφραίνου,</span> <span class='ocrx_word' id='word_1_432' title='bbox 661 4174 693 4243; x_wconf 77' lang='grc' dir='ltr'><strong>ἡ</strong></span> <span class='ocrx_word' id='word_1_433' title='bbox 716 4172 918 4245; x_wconf 78' lang='grc' dir='ltr'>ἔρημος</span> <span class='ocrx_word' id='word_1_434' title='bbox 946 4174 1040 4227; x_wconf 74' lang='grc' dir='ltr'><strong>καὶ</strong></span> <span class='ocrx_word' id='word_1_435' title='bbox 1069 4174 1357 4247; x_wconf 79' lang='grc' dir='ltr'>οἰκουμένη</span> <span class='ocrx_word' id='word_1_436' title='bbox 1375 4175 1580 4240; x_wconf 73' lang='grc' dir='ltr'>ἅπασα,</span> <span class='ocrx_word' id='word_1_437' title='bbox 1608 4177 1677 4230; x_wconf 77' lang='grc' dir='ltr'>τὰ</span> <span class='ocrx_word' id='word_1_438' title='bbox 1696 4177 1794 4249; x_wconf 78' lang='grc' dir='ltr'><strong>ὅρη</strong></span> 
     </span>
    </p>
   </div>
   <div class='ocr_carea' id='block_1_72' title="bbox 247 4262 1795 4335">
    <p class='ocr_par' dir='ltr' id='par_1_72' title="bbox 247 4262 1795 4335">
     <span class='ocr_line' id='line_1_73' title="bbox 247 4262 1795 4335; baseline 0.005 -20"><span class='ocrx_word' id='word_1_439' title='bbox 247 4265 443 4325; x_wconf 74' lang='grc' dir='ltr'>πάντα,</span> <span class='ocrx_word' id='word_1_440' title='bbox 463 4262 775 4333; x_wconf 83' lang='grc' dir='ltr'>γλυκασμδν</span> <span class='ocrx_word' id='word_1_441' title='bbox 792 4264 1107 4330; x_wconf 79' lang='grc' dir='ltr'>σταλάξατε,</span> <span class='ocrx_word' id='word_1_442' title='bbox 1132 4265 1330 4335; x_wconf 81' lang='grc' dir='ltr'>βουνοὶ,</span> <span class='ocrx_word' id='word_1_443' title='bbox 1350 4267 1697 4335; x_wconf 79' lang='grc' dir='ltr'>ἀγαλλιᾶσθε,</span> <span class='ocrx_word' id='word_1_444' title='bbox 1716 4270 1795 4323; x_wconf 80' lang='grc' dir='ltr'><strong>ὅτι</strong></span> 
     </span>
    </p>
   </div>
   <div class='ocr_carea' id='block_1_73' title="bbox 244 4354 1796 4431">
    <p class='ocr_par' dir='ltr' id='par_1_73' title="bbox 244 4354 1796 4431">
     <span class='ocr_line' id='line_1_74' title="bbox 244 4354 1796 4431; baseline 0.005 -24"><span class='ocrx_word' id='word_1_445' title='bbox 244 4354 491 4424; x_wconf 73' lang='grc' dir='ltr'>Χριστὸς,</span> <span class='ocrx_word' id='word_1_446' title='bbox 521 4356 549 4407; x_wconf 87' lang='grc' dir='ltr'><strong>ό</strong></span> <span class='ocrx_word' id='word_1_447' title='bbox 579 4355 773 4423; x_wconf 81' lang='grc' dir='ltr'>Λόγος,</span> <span class='ocrx_word' id='word_1_448' title='bbox 817 4356 1038 4427; x_wconf 81' lang='grc' dir='ltr'>είρήνην</span> <span class='ocrx_word' id='word_1_449' title='bbox 1072 4357 1269 4411; x_wconf 79' lang='grc' dir='ltr'>δέδωκε</span> <span class='ocrx_word' id='word_1_450' title='bbox 1320 4361 1433 4422; x_wconf 82' lang='grc' dir='ltr'>τοῖς</span> <span class='ocrx_word' id='word_1_451' title='bbox 1490 4360 1549 4412; x_wconf 74' lang='grc' dir='ltr'>ὲν</span> <span class='ocrx_word' id='word_1_452' title='bbox 1576 4362 1669 4431; x_wconf 79' lang='grc' dir='ltr'><strong>γῇ,</strong></span> <span class='ocrx_word' id='word_1_453' title='bbox 1703 4362 1796 4414; x_wconf 80' lang='grc' dir='ltr'><strong>καὶ</strong></span> 
     </span>
    </p>
   </div>
   <div class='ocr_carea' id='block_1_74' title="bbox 241 4446 1797 4521">
    <p class='ocr_par' dir='ltr' id='par_1_74' title="bbox 241 4446 1797 4521">
     <span class='ocr_line' id='line_1_75' title="bbox 241 4446 1797 4521; baseline 0.004 -22"><span class='ocrx_word' id='word_1_454' title='bbox 241 4450 358 4510; x_wconf 84' lang='grc' dir='ltr'>ταῖς</span> <span class='ocrx_word' id='word_1_455' title='bbox 425 4446 595 4511; x_wconf 82' lang='grc' dir='ltr'>θείαις</span> <span class='ocrx_word' id='word_1_456' title='bbox 685 4447 1029 4517; x_wconf 75' lang='grc' dir='ltr'>Ἐκκλησίαις</span> <span class='ocrx_word' id='word_1_457' title='bbox 1101 4450 1199 4519; x_wconf 77' lang='grc' dir='ltr'><strong>τὴν</strong></span> <span class='ocrx_word' id='word_1_458' title='bbox 1263 4451 1485 4521; x_wconf 75' lang='grc' dir='ltr'>ἑνότητα</span> <span class='ocrx_word' id='word_1_459' title='bbox 1542 4453 1641 4521; x_wconf 83' lang='grc' dir='ltr'>τῆς</span> <span class='ocrx_word' id='word_1_460' title='bbox 1708 4454 1797 4507; x_wconf 88' lang='grc' dir='ltr'>πί-</span> 
     </span>
    </p>
   </div>
   <div class='ocr_carea' id='block_1_75' title="bbox 243 4555 433 4600">
    <p class='ocr_par' dir='ltr' id='par_1_75' title="bbox 243 4555 433 4600">
     <span class='ocr_line' id='line_1_76' title="bbox 243 4555 433 4600; baseline 0.011 -12"><span class='ocrx_word' id='word_1_461' title='bbox 243 4555 433 4600; x_wconf 84' lang='grc' dir='ltr'>στεως.</span> 
     </span>
    </p>
   </div>
   <div class='ocr_carea' id='block_1_76' title="bbox 310 4628 1795 4708">
    <p class='ocr_par' dir='ltr' id='par_1_76' title="bbox 310 4628 1795 4708">
     <span class='ocr_line' id='line_1_77' title="bbox 310 4628 1795 4708; baseline 0.007 -28"><span class='ocrx_word' id='word_1_462' title='bbox 310 4628 441 4691; x_wconf 74' lang='grc' dir='ltr'>Θεὸς</span> <span class='ocrx_word' id='word_1_463' title='bbox 496 4630 826 4700; x_wconf 80' lang='grc' dir='ltr'>ὲκδικήσεων</span> <span class='ocrx_word' id='word_1_464' title='bbox 884 4630 979 4684; x_wconf 90' lang='grc' dir='ltr'><strong>νῦν</strong></span> <span class='ocrx_word' id='word_1_465' title='bbox 1053 4632 1515 4703; x_wconf 72' lang='grc' dir='ltr'>ἐπαρρησιάσατο,</span> <span class='ocrx_word' id='word_1_466' title='bbox 1565 4636 1795 4708; x_wconf 76' lang='grc' dir='ltr'>Χριστὸς</span> 
     </span>
    </p>
   </div>
   <div class='ocr_carea' id='block_1_77' title="bbox 248 4719 1793 4794">
    <p class='ocr_par' dir='ltr' id='par_1_77' title="bbox 248 4719 1793 4794">
     <span class='ocr_line' id='line_1_78' title="bbox 248 4719 1793 4794; baseline 0.008 -25"><span class='ocrx_word' id='word_1_467' title='bbox 248 4719 474 4787; x_wconf 72' lang='grc' dir='ltr'>ἐπέστη,</span> <span class='ocrx_word' id='word_1_468' title='bbox 502 4720 763 4790; x_wconf 70' lang='grc' dir='ltr'>ἐνισχύων</span> <span class='ocrx_word' id='word_1_469' title='bbox 797 4723 1030 4794; x_wconf 77' lang='grc' dir='ltr'>σήμερον</span> <span class='ocrx_word' id='word_1_470' title='bbox 1062 4722 1185 4786; x_wconf 80' lang='grc' dir='ltr'>τοὺς</span> <span class='ocrx_word' id='word_1_471' title='bbox 1221 4724 1399 4789; x_wconf 87' lang='grc' dir='ltr'>θείους</span> <span class='ocrx_word' id='word_1_472' title='bbox 1424 4726 1793 4794; x_wconf 84' lang='grc' dir='ltr'>διδασκάλους,</span> 
     </span>
    </p>
   </div>
   <div class='ocr_carea' id='block_1_78' title="bbox 238 4808 1790 4882">
    <p class='ocr_par' dir='ltr' id='par_1_78' title="bbox 238 4808 1790 4882">
     <span class='ocr_line' id='line_1_79' title="bbox 238 4808 1790 4882; baseline 0.01 -24"><span class='ocrx_word' id='word_1_473' title='bbox 238 4808 295 4858; x_wconf 75' lang='grc' dir='ltr'>ἑν</span> <span class='ocrx_word' id='word_1_474' title='bbox 351 4811 634 4881; x_wconf 70' lang='grc' dir='ltr'>παρρησίᾳ</span> <span class='ocrx_word' id='word_1_475' title='bbox 708 4810 887 4879; x_wconf 87' lang='grc' dir='ltr'>λέγειν</span> <span class='ocrx_word' id='word_1_476' title='bbox 972 4818 1071 4882; x_wconf 75' lang='grc' dir='ltr'><strong>τὴν</strong></span> <span class='ocrx_word' id='word_1_477' title='bbox 1140 4816 1545 4882; x_wconf 79' lang='grc' dir='ltr'>συγκατάϐασιν</span> <span class='ocrx_word' id='word_1_478' title='bbox 1590 4820 1790 4882; x_wconf 83' lang='grc' dir='ltr'>αὐτοῦ,</span> 
     </span>
    </p>
   </div>
   <div class='ocr_carea' id='block_1_79' title="bbox 239 4898 1794 4981">
    <p class='ocr_par' dir='ltr' id='par_1_79' title="bbox 239 4898 1794 4981">
     <span class='ocr_line' id='line_1_80' title="bbox 239 4898 1794 4981; baseline 0.006 -27"><span class='ocrx_word' id='word_1_479' title='bbox 239 4899 333 4954; x_wconf 82' lang='grc' dir='ltr'>καὶ</span> <span class='ocrx_word' id='word_1_480' title='bbox 364 4898 463 4968; x_wconf 79' lang='grc' dir='ltr'>τὴν</span> <span class='ocrx_word' id='word_1_481' title='bbox 525 4901 799 4971; x_wconf 89' lang='grc' dir='ltr'>σάρκωσιν</span> <span class='ocrx_word' id='word_1_482' title='bbox 842 4900 1075 4970; x_wconf 85' lang='grc' dir='ltr'>βεϐαίως</span> <span class='ocrx_word' id='word_1_483' title='bbox 1132 4906 1189 4957; x_wconf 82' lang='grc' dir='ltr'>ὲν</span> <span class='ocrx_word' id='word_1_484' title='bbox 1235 4905 1403 4959; x_wconf 79' lang='grc' dir='ltr'>είκόνι</span> <span class='ocrx_word' id='word_1_485' title='bbox 1460 4911 1794 4981; x_wconf 84' lang='grc' dir='ltr'>περιγράφε-</span> 
     </span>
    </p>
   </div>
   <div class='ocr_carea' id='block_1_80' title="bbox 241 4990 385 5045">
    <p class='ocr_par' dir='ltr' id='par_1_80' title="bbox 241 4990 385 5045">
     <span class='ocr_line' id='line_1_81' title="bbox 241 4990 385 5045; baseline 0 -1"><span class='ocrx_word' id='word_1_486' title='bbox 241 4990 385 5045; x_wconf 90' lang='grc' dir='ltr'>σθαι.</span> 
     </span>
    </p>
   </div>
   <div class='ocr_carea' id='block_1_81' title="bbox 307 5085 1793 5161">
    <p class='ocr_par' dir='ltr' id='par_1_81' title="bbox 307 5085 1793 5161">
     <span class='ocr_line' id='line_1_82' title="bbox 307 5085 1793 5161; baseline 0.005 -25"><span class='ocrx_word' id='word_1_487' title='bbox 307 5085 639 5155; x_wconf 79' lang='grc' dir='ltr'>Μακρόουμε</span> <span class='ocrx_word' id='word_1_488' title='bbox 672 5085 870 5158; x_wconf 84' lang='grc' dir='ltr'>Κύριε,</span> <span class='ocrx_word' id='word_1_489' title='bbox 898 5085 973 5149; x_wconf 85' lang='grc' dir='ltr'>ὡς</span> <span class='ocrx_word' id='word_1_490' title='bbox 1000 5085 1287 5157; x_wconf 79' lang='grc' dir='ltr'>θαυμαστὰ</span> <span class='ocrx_word' id='word_1_491' title='bbox 1304 5092 1376 5142; x_wconf 79' lang='grc' dir='ltr'><strong>τά</strong></span> <span class='ocrx_word' id='word_1_492' title='bbox 1394 5089 1529 5161; x_wconf 76' lang='grc' dir='ltr'>ἔργα</span> <span class='ocrx_word' id='word_1_493' title='bbox 1554 5094 1675 5147; x_wconf 71' lang='lat' dir='ltr'><strong>soul</strong></span> <span class='ocrx_word' id='word_1_494' title='bbox 1710 5092 1793 5157; x_wconf 85' lang='grc' dir='ltr'><strong>τίς</strong></span> 
     </span>
    </p>
   </div>
   <div class='ocr_carea' id='block_1_82' title="bbox 236 5175 1792 5253">
    <p class='ocr_par' dir='ltr' id='par_1_82' title="bbox 236 5175 1792 5253">
     <span class='ocr_line' id='line_1_83' title="bbox 236 5175 1792 5253; baseline 0.005 -25"><span class='ocrx_word' id='word_1_495' title='bbox 236 5175 529 5248; x_wconf 80' lang='grc' dir='ltr'>ἀριθμήσει</span> <span class='ocrx_word' id='word_1_496' title='bbox 551 5178 649 5247; x_wconf 76' lang='grc' dir='ltr'><strong>τὴν</strong></span> <span class='ocrx_word' id='word_1_497' title='bbox 671 5178 1080 5247; x_wconf 85' lang='grc' dir='ltr'>φιλανθρωπίαν</span> <span class='ocrx_word' id='word_1_498' title='bbox 1109 5197 1203 5233; x_wconf 88' lang='grc' dir='ltr'><strong>σου</strong></span> <span class='ocrx_word' id='word_1_499' title='bbox 1231 5198 1245 5246; x_wconf 91' lang='lat'><strong>;</strong></span> <span class='ocrx_word' id='word_1_500' title='bbox 1270 5181 1395 5245; x_wconf 88' lang='grc' dir='ltr'><strong>Πῶς</strong></span> <span class='ocrx_word' id='word_1_501' title='bbox 1416 5182 1625 5253; x_wconf 85' lang='grc' dir='ltr'>βλέπων</span> <span class='ocrx_word' id='word_1_502' title='bbox 1651 5201 1792 5237; x_wconf 87' lang='grc' dir='ltr'>κτει-</span> 
     </span>
    </p>
   </div>
   <div class='ocr_carea' id='block_1_83' title="bbox 237 5266 1792 5343">
    <p class='ocr_par' dir='ltr' id='par_1_83' title="bbox 237 5266 1792 5343">
     <span class='ocr_line' id='line_1_84' title="bbox 237 5266 1792 5343; baseline 0.006 -26"><span class='ocrx_word' id='word_1_503' title='bbox 237 5266 493 5335; x_wconf 79' lang='grc' dir='ltr'>νομένους</span> <span class='ocrx_word' id='word_1_504' title='bbox 535 5268 616 5320; x_wconf 69' lang='grc' dir='ltr'>διὰ</span> <span class='ocrx_word' id='word_1_505' title='bbox 663 5270 762 5339; x_wconf 80' lang='grc' dir='ltr'><strong>τὴν</strong></span> <span class='ocrx_word' id='word_1_506' title='bbox 792 5269 891 5338; x_wconf 77' lang='grc' dir='ltr'>σὴν</span> <span class='ocrx_word' id='word_1_507' title='bbox 944 5270 1147 5336; x_wconf 80' lang='grc' dir='ltr'>εἰκόνα,</span> <span class='ocrx_word' id='word_1_508' title='bbox 1187 5274 1312 5334; x_wconf 80' lang='grc' dir='ltr'>τοὺς</span> <span class='ocrx_word' id='word_1_509' title='bbox 1358 5273 1520 5343; x_wconf 85' lang='grc' dir='ltr'>ίερείς</span> <span class='ocrx_word' id='word_1_510' title='bbox 1558 5291 1651 5327; x_wconf 86' lang='grc' dir='ltr'><strong>σου</strong></span> <span class='ocrx_word' id='word_1_511' title='bbox 1700 5274 1792 5329; x_wconf 77' lang='grc' dir='ltr'><strong>καὶ</strong></span> 
     </span>
    </p>
   </div>
   <div class='ocr_carea' id='block_1_84' title="bbox 236 5355 1791 5435">
    <p class='ocr_par' dir='ltr' id='par_1_84' title="bbox 236 5355 1791 5435">
     <span class='ocr_line' id='line_1_85' title="bbox 236 5355 1791 5435; baseline 0.008 -30"><span class='ocrx_word' id='word_1_512' title='bbox 236 5355 500 5423; x_wconf 83' lang='grc' dir='ltr'>ἀσκητὰς,</span> <span class='ocrx_word' id='word_1_513' title='bbox 534 5358 595 5409; x_wconf 83' lang='grc' dir='ltr'><strong>οὐ</strong></span> <span class='ocrx_word' id='word_1_514' title='bbox 622 5356 958 5427; x_wconf 75' lang='grc' dir='ltr'>κατέφλεξας</span> <span class='ocrx_word' id='word_1_515' title='bbox 985 5361 1111 5423; x_wconf 83' lang='grc' dir='ltr'>τοὺς</span> <span class='ocrx_word' id='word_1_516' title='bbox 1138 5359 1391 5425; x_wconf 86' lang='grc' dir='ltr'>πλάνους,</span> <span class='ocrx_word' id='word_1_517' title='bbox 1431 5362 1546 5417; x_wconf 78' lang='grc' dir='ltr'>ἀλλ’</span> <span class='ocrx_word' id='word_1_518' title='bbox 1562 5364 1791 5435; x_wconf 74' lang='grc' dir='ltr'>ἠνέσχου</span> 
     </span>
    </p>
   </div>
   <div class='ocr_carea' id='block_1_85' title="bbox 239 5444 634 5517">
    <p class='ocr_par' dir='ltr' id='par_1_85' title="bbox 239 5444 634 5517">
     <span class='ocr_line' id='line_1_86' title="bbox 239 5444 634 5517; baseline 0.008 -19"><span class='ocrx_word' id='word_1_519' title='bbox 239 5444 591 5517; x_wconf 72' lang='grc' dir='ltr'>ὑϐριζόμενος</span> <span class='ocrx_word' id='word_1_520' title='bbox 618 5466 634 5515; x_wconf 88' lang='lat'><strong>;</strong></span> 
     </span>
    </p>
   </div>
   <div class='ocr_carea' id='block_1_86' title="bbox 320 5618 1791 5705">
    <p class='ocr_par' dir='ltr' id='par_1_86' title="bbox 320 5618 1791 5705">
     <span class='ocr_line' id='line_1_87' title="bbox 320 5618 1791 5705; baseline 0.012 -33"><span class='ocrx_word' id='word_1_521' title='bbox 320 5618 379 5672; x_wconf 83' lang='lat'><strong>&#39;0</strong></span> <span class='ocrx_word' id='word_1_522' title='bbox 412 5621 587 5691; x_wconf 82' lang='grc' dir='ltr'>πήξας</span> <span class='ocrx_word' id='word_1_523' title='bbox 611 5624 905 5679; x_wconf 83' lang='grc' dir='ltr'>ἀσάλευτον</span> <span class='ocrx_word' id='word_1_524' title='bbox 949 5626 1045 5698; x_wconf 82' lang='grc' dir='ltr'>τὴν</span> <span class='ocrx_word' id='word_1_525' title='bbox 1086 5628 1433 5701; x_wconf 81' lang='grc' dir='ltr'>Ἐκκλησίαν,</span> <span class='ocrx_word' id='word_1_526' title='bbox 1464 5634 1655 5705; x_wconf 83' lang='grc' dir='ltr'>Κύριε,</span> <span class='ocrx_word' id='word_1_527' title='bbox 1699 5637 1791 5690; x_wconf 78' lang='grc' dir='ltr'>καὶ</span> 
     </span>
    </p>
   </div>
   <div class='ocr_carea' id='block_1_87' title="bbox 242 5709 1790 5799">
    <p class='ocr_par' dir='ltr' id='par_1_87' title="bbox 242 5709 1790 5799">
     <span class='ocr_line' id='line_1_88' title="bbox 242 5709 1790 5799; baseline 0.012 -38"><span class='ocrx_word' id='word_1_528' title='bbox 242 5709 405 5766; x_wconf 70' lang='grc' dir='ltr'>πύλαι</span> <span class='ocrx_word' id='word_1_529' title='bbox 436 5711 561 5782; x_wconf 65' lang='grc' dir='ltr'>ᾅδου</span> <span class='ocrx_word' id='word_1_530' title='bbox 594 5714 794 5786; x_wconf 80' lang='grc' dir='ltr'>ταύτης</span> <span class='ocrx_word' id='word_1_531' title='bbox 842 5716 902 5769; x_wconf 86' lang='grc' dir='ltr'><strong>οὐ</strong></span> <span class='ocrx_word' id='word_1_532' title='bbox 951 5718 1302 5789; x_wconf 86' lang='grc' dir='ltr'>κατίσχυσαν,</span> <span class='ocrx_word' id='word_1_533' title='bbox 1334 5722 1494 5788; x_wconf 78' lang='grc' dir='ltr'>αὐτὸς</span> <span class='ocrx_word' id='word_1_534' title='bbox 1521 5726 1618 5796; x_wconf 84' lang='grc' dir='ltr'><strong>τὴν</strong></span> <span class='ocrx_word' id='word_1_535' title='bbox 1638 5728 1790 5799; x_wconf 87' lang='grc' dir='ltr'>είρή-</span> 
     </span>
    </p>
   </div>
   <div class='ocr_carea' id='block_1_88' title="bbox 238 5807 1795 5883">
    <p class='ocr_par' dir='ltr' id='par_1_88' title="bbox 238 5807 1795 5883">
     <span class='ocr_line' id='line_1_89' title="bbox 238 5807 1795 5883; baseline 0.011 -29"><span class='ocrx_word' id='word_1_536' title='bbox 238 5820 335 5874; x_wconf 89' lang='grc' dir='ltr'><strong>νην</strong></span> <span class='ocrx_word' id='word_1_537' title='bbox 367 5820 457 5858; x_wconf 89' lang='grc' dir='ltr'><strong>σου</strong></span> <span class='ocrx_word' id='word_1_538' title='bbox 517 5807 793 5879; x_wconf 79' lang='grc' dir='ltr'>παράσχου</span> <span class='ocrx_word' id='word_1_539' title='bbox 836 5809 909 5881; x_wconf 81' lang='grc' dir='ltr'>τῷ</span> <span class='ocrx_word' id='word_1_540' title='bbox 958 5809 1070 5883; x_wconf 83' lang='grc' dir='ltr'>λαῷ</span> <span class='ocrx_word' id='word_1_541' title='bbox 1116 5829 1230 5882; x_wconf 88' lang='grc' dir='ltr'>σου,</span> <span class='ocrx_word' id='word_1_542' title='bbox 1267 5812 1351 5868; x_wconf 83' lang='grc' dir='ltr'>ἵνα</span> <span class='ocrx_word' id='word_1_543' title='bbox 1393 5830 1449 5868; x_wconf 83' lang='grc' dir='ltr'><strong>σε</strong></span> <span class='ocrx_word' id='word_1_544' title='bbox 1500 5816 1694 5882; x_wconf 80' lang='grc' dir='ltr'>πάντες</span> <span class='ocrx_word' id='word_1_545' title='bbox 1718 5822 1795 5873; x_wconf 77' lang='grc' dir='ltr'>εί-</span> 
     </span>
    </p>
   </div>
   <div class='ocr_carea' id='block_1_89' title="bbox 1909 3364 2159 3419">
    <p class='ocr_par' dir='ltr' id='par_1_89' title="bbox 1909 3364 2159 3419">
     <span class='ocr_line' id='line_1_90' title="bbox 1909 3364 2159 3419; baseline 0.008 -4"><span class='ocrx_word' id='word_1_546' title='bbox 1909 3364 2159 3419; x_wconf 86' lang='lat' dir='ltr'><strong>liberans.</strong></span> 
     </span>
    </p>
   </div>
   <div class='ocr_carea' id='block_1_90' title="bbox 2572 3519 2836 3577">
    <p class='ocr_par' dir='ltr' id='par_1_90' title="bbox 2572 3519 2836 3577">
     <span class='ocr_line' id='line_1_91' title="bbox 2572 3519 2836 3577; baseline -0.004 -1"><span class='ocrx_word' id='word_1_547' title='bbox 2572 3519 2708 3576; x_wconf 82' lang='lat' dir='ltr'><strong>ODA</strong></span> <span class='ocrx_word' id='word_1_548' title='bbox 2744 3521 2836 3577; x_wconf 77' lang='lat' dir='ltr'><strong>IX.</strong></span> 
     </span>
    </p>
   </div>
   <div class='ocr_carea' id='block_1_91' title="bbox 1978 3645 3493 3723">
    <p class='ocr_par' dir='ltr' id='par_1_91' title="bbox 1978 3645 3493 3723">
     <span class='ocr_line' id='line_1_92' title="bbox 1978 3645 3493 3723; baseline 0.012 -22"><span class='ocrx_word' id='word_1_549' title='bbox 1978 3645 2179 3702; x_wconf 79' lang='lat' dir='ltr'><strong>Gentes</strong></span> <span class='ocrx_word' id='word_1_550' title='bbox 2219 3662 2431 3715; x_wconf 88' lang='lat' dir='ltr'><strong>omnes,</strong></span> <span class='ocrx_word' id='word_1_551' title='bbox 2483 3651 2719 3719; x_wconf 76' lang='lat' dir='ltr'><strong>plaudite</strong></span> <span class='ocrx_word' id='word_1_552' title='bbox 2764 3656 3036 3723; x_wconf 88' lang='lat' dir='ltr'><strong>manibus,</strong></span> <span class='ocrx_word' id='word_1_553' title='bbox 3083 3671 3134 3714; x_wconf 84' lang='lat' dir='ltr'><strong>et</strong></span> <span class='ocrx_word' id='word_1_554' title='bbox 3163 3674 3493 3721; x_wconf 83' lang='lat' dir='ltr'><strong>sanctorum.</strong></span> 
     </span>
    </p>
   </div>
   <div class='ocr_carea' id='block_1_92' title="bbox 1907 3737 3475 3816">
    <p class='ocr_par' dir='ltr' id='par_1_92' title="bbox 1907 3737 3475 3816">
     <span class='ocr_line' id='line_1_93' title="bbox 1907 3737 3475 3816; baseline 0.012 -24"><span class='ocrx_word' id='word_1_555' title='bbox 1907 3737 2127 3793; x_wconf 84' lang='lat' dir='ltr'><strong>Patrum</strong></span> <span class='ocrx_word' id='word_1_556' title='bbox 2164 3740 2317 3795; x_wconf 88' lang='lat' dir='ltr'><strong>chori</strong></span> <span class='ocrx_word' id='word_1_557' title='bbox 2373 3744 2662 3807; x_wconf 87' lang='lat' dir='ltr'><strong>accurrite,</strong></span> <span class='ocrx_word' id='word_1_558' title='bbox 2699 3755 2752 3800; x_wconf 91' lang='lat' dir='ltr'><strong>et</strong></span> <span class='ocrx_word' id='word_1_559' title='bbox 2778 3748 2871 3816; x_wconf 80' lang='lat' dir='ltr'><strong>qui</strong></span> <span class='ocrx_word' id='word_1_560' title='bbox 2898 3748 3138 3805; x_wconf 83' lang='lat' dir='ltr'><strong>claustra</strong></span> <span class='ocrx_word' id='word_1_561' title='bbox 3174 3763 3227 3809; x_wconf 87' lang='lat' dir='ltr'><strong>et</strong></span> <span class='ocrx_word' id='word_1_562' title='bbox 3261 3766 3475 3813; x_wconf 82' lang='lat' dir='ltr'><strong>montes</strong></span> 
     </span>
    </p>
   </div>
   <div class='ocr_carea' id='block_1_93' title="bbox 1905 3830 3472 3915">
    <p class='ocr_par' dir='ltr' id='par_1_93' title="bbox 1905 3830 3472 3915">
     <span class='ocr_line' id='line_1_94' title="bbox 1905 3830 3472 3915; baseline 0.013 -31"><span class='ocrx_word' id='word_1_563' title='bbox 1905 3830 2167 3893; x_wconf 90' lang='lat' dir='ltr'><strong>incolitis,</strong></span> <span class='ocrx_word' id='word_1_564' title='bbox 2210 3833 2497 3888; x_wconf 88' lang='lat' dir='ltr'><strong>convenite</strong></span> <span class='ocrx_word' id='word_1_565' title='bbox 2526 3850 2738 3902; x_wconf 86' lang='lat' dir='ltr'><strong>omnes,</strong></span> <span class='ocrx_word' id='word_1_566' title='bbox 2771 3847 2826 3893; x_wconf 90' lang='lat' dir='ltr'><strong>et</strong></span> <span class='ocrx_word' id='word_1_567' title='bbox 2854 3842 3113 3907; x_wconf 87' lang='lat' dir='ltr'><strong>accedite,</strong></span> <span class='ocrx_word' id='word_1_568' title='bbox 3146 3860 3287 3915; x_wconf 89' lang='lat' dir='ltr'><strong>quos</strong></span> <span class='ocrx_word' id='word_1_569' title='bbox 3313 3860 3472 3905; x_wconf 81' lang='lat' dir='ltr'><strong>antea</strong></span> 
     </span>
    </p>
   </div>
   <div class='ocr_carea' id='block_1_94' title="bbox 1905 3922 3469 4007">
    <p class='ocr_par' dir='ltr' id='par_1_94' title="bbox 1905 3922 3469 4007">
     <span class='ocr_line' id='line_1_95' title="bbox 1905 3922 3469 4007; baseline 0.014 -32"><span class='ocrx_word' id='word_1_570' title='bbox 1905 3922 1993 3976; x_wconf 90' lang='lat' dir='ltr'><strong>ille</strong></span> <span class='ocrx_word' id='word_1_571' title='bbox 2020 3922 2277 3978; x_wconf 87' lang='lat' dir='ltr'><strong>seductor</strong></span> <span class='ocrx_word' id='word_1_572' title='bbox 2302 3932 2357 3978; x_wconf 89' lang='lat' dir='ltr'><strong>et</strong></span> <span class='ocrx_word' id='word_1_573' title='bbox 2410 3924 2609 3995; x_wconf 87' lang='lat' dir='ltr'><strong>impius</strong></span> <span class='ocrx_word' id='word_1_574' title='bbox 2644 3926 2879 3986; x_wconf 80' lang='lat' dir='ltr'><strong>Joannes</strong></span> <span class='ocrx_word' id='word_1_575' title='bbox 2914 3932 3091 3990; x_wconf 79' lang='lat' dir='ltr'><strong>fuerat</strong></span> <span class='ocrx_word' id='word_1_576' title='bbox 3132 3951 3469 4007; x_wconf 87' lang='lat' dir='ltr'><strong>persecutus,</strong></span> 
     </span>
    </p>
   </div>
   <div class='ocr_carea' id='block_1_95' title="bbox 1904 4013 3473 4097">
    <p class='ocr_par' dir='ltr' id='par_1_95' title="bbox 1904 4013 3473 4097">
     <span class='ocr_line' id='line_1_96' title="bbox 1904 4013 3473 4097; baseline 0.012 -33"><span class='ocrx_word' id='word_1_577' title='bbox 1904 4018 1964 4064; x_wconf 92' lang='lat' dir='ltr'><strong>ut</strong></span> <span class='ocrx_word' id='word_1_578' title='bbox 2016 4025 2108 4065; x_wconf 85' lang='lat' dir='ltr'><strong>eas</strong></span> <span class='ocrx_word' id='word_1_579' title='bbox 2170 4013 2409 4082; x_wconf 78' lang='lat' dir='ltr'><strong>magicas</strong></span> <span class='ocrx_word' id='word_1_580' title='bbox 2465 4026 2631 4081; x_wconf 89' lang='lat' dir='ltr'><strong>artes,</strong></span> <span class='ocrx_word' id='word_1_581' title='bbox 2666 4028 2720 4073; x_wconf 92' lang='lat' dir='ltr'><strong>et</strong></span> <span class='ocrx_word' id='word_1_582' title='bbox 2778 4018 2997 4077; x_wconf 80' lang='lat' dir='ltr'><strong>fraudes</strong></span> <span class='ocrx_word' id='word_1_583' title='bbox 3035 4028 3389 4097; x_wconf 85' lang='lat' dir='ltr'><strong>conculcetis,</strong></span> <span class='ocrx_word' id='word_1_584' title='bbox 3419 4041 3473 4085; x_wconf 85' lang='lat' dir='ltr'><strong>et</strong></span> 
     </span>
    </p>
   </div>
   <div class='ocr_carea' id='block_1_96' title="bbox 1902 4100 2212 4172">
    <p class='ocr_par' dir='ltr' id='par_1_96' title="bbox 1902 4100 2212 4172">
     <span class='ocr_line' id='line_1_97' title="bbox 1902 4100 2212 4172; baseline 0.003 -17"><span class='ocrx_word' id='word_1_585' title='bbox 1902 4100 2212 4172; x_wconf 80' lang='lat' dir='ltr'><strong>proﬂigetis.</strong></span> 
     </span>
    </p>
   </div>
   <div class='ocr_carea' id='block_1_97' title="bbox 1970 4191 3467 4271">
    <p class='ocr_par' dir='ltr' id='par_1_97' title="bbox 1970 4191 3467 4271">
     <span class='ocr_line' id='line_1_98' title="bbox 1970 4191 3467 4271; baseline 0.013 -24"><span class='ocrx_word' id='word_1_586' title='bbox 1970 4191 2198 4257; x_wconf 70' lang='lat' dir='ltr'><strong>Lzetare,</strong></span> <span class='ocrx_word' id='word_1_587' title='bbox 2224 4211 2439 4251; x_wconf 87' lang='lat' dir='ltr'><strong>eremus</strong></span> <span class='ocrx_word' id='word_1_588' title='bbox 2466 4208 2519 4252; x_wconf 92' lang='lat' dir='ltr'><strong>ct</strong></span> <span class='ocrx_word' id='word_1_589' title='bbox 2549 4200 2833 4258; x_wconf 90' lang='lat' dir='ltr'><strong>universus</strong></span> <span class='ocrx_word' id='word_1_590' title='bbox 2867 4205 3036 4271; x_wconf 87' lang='lat' dir='ltr'><strong>orbis,</strong></span> <span class='ocrx_word' id='word_1_591' title='bbox 3064 4220 3279 4265; x_wconf 88' lang='lat' dir='ltr'><strong>montes</strong></span> <span class='ocrx_word' id='word_1_592' title='bbox 3306 4212 3467 4267; x_wconf 78' lang='lat' dir='ltr'><strong>etiam</strong></span> 
     </span>
    </p>
   </div>
   <div class='ocr_carea' id='block_1_98' title="bbox 1901 4286 3471 4375">
    <p class='ocr_par' dir='ltr' id='par_1_98' title="bbox 1901 4286 3471 4375">
     <span class='ocr_line' id='line_1_99' title="bbox 1901 4286 3471 4375; baseline 0.015 -37"><span class='ocrx_word' id='word_1_593' title='bbox 1901 4299 2089 4341; x_wconf 89' lang='lat' dir='ltr'><strong>omnes</strong></span> <span class='ocrx_word' id='word_1_594' title='bbox 2111 4286 2447 4343; x_wconf 89' lang='lat' dir='ltr'><strong>dulcedinem</strong></span> <span class='ocrx_word' id='word_1_595' title='bbox 2490 4292 2709 4357; x_wconf 90' lang='lat' dir='ltr'><strong>stillate,</strong></span> <span class='ocrx_word' id='word_1_596' title='bbox 2728 4306 2781 4349; x_wconf 90' lang='lat' dir='ltr'><strong>et</strong></span> <span class='ocrx_word' id='word_1_597' title='bbox 2816 4298 2984 4353; x_wconf 80' lang='lat' dir='ltr'><strong>valles</strong></span> <span class='ocrx_word' id='word_1_598' title='bbox 3012 4302 3301 4367; x_wconf 81' lang='lat' dir='ltr'><strong>exsultate,</strong></span> <span class='ocrx_word' id='word_1_599' title='bbox 3335 4321 3471 4375; x_wconf 72' lang='lat' dir='ltr'><strong>quo~</strong></span> 
     </span>
    </p>
   </div>
   <div class='ocr_carea' id='block_1_99' title="bbox 1902 4374 3470 4455">
    <p class='ocr_par' dir='ltr' id='par_1_99' title="bbox 1902 4374 3470 4455">
     <span class='ocr_line' id='line_1_100' title="bbox 1902 4374 3470 4455; baseline 0.017 -29"><span class='ocrx_word' id='word_1_600' title='bbox 1902 4374 2047 4428; x_wconf 89' lang='lat' dir='ltr'><strong>niam</strong></span> <span class='ocrx_word' id='word_1_601' title='bbox 2100 4375 2353 4433; x_wconf 84' lang='lat' dir='ltr'><strong>Christus</strong></span> <span class='ocrx_word' id='word_1_602' title='bbox 2404 4378 2496 4434; x_wconf 88' lang='lat' dir='ltr'><strong>Dei</strong></span> <span class='ocrx_word' id='word_1_603' title='bbox 2558 4381 2792 4438; x_wconf 82' lang='lat' dir='ltr'><strong>Verbum</strong></span> <span class='ocrx_word' id='word_1_604' title='bbox 2853 4402 3041 4455; x_wconf 87' lang='lat' dir='ltr'><strong>pacem</strong></span> <span class='ocrx_word' id='word_1_605' title='bbox 3091 4374 3470 4452; x_wconf 73' lang='lat' dir='ltr'><strong>omnibusest</strong></span> 
     </span>
    </p>
   </div>
   <div class='ocr_carea' id='block_1_100' title="bbox 1902 4466 3237 4539">
    <p class='ocr_par' dir='ltr' id='par_1_100' title="bbox 1902 4466 3237 4539">
     <span class='ocr_line' id='line_1_101' title="bbox 1902 4466 3237 4539; baseline 0.016 -22"><span class='ocrx_word' id='word_1_606' title='bbox 1902 4466 2146 4535; x_wconf 81' lang='lat' dir='ltr'><strong>largitus,</strong></span> <span class='ocrx_word' id='word_1_607' title='bbox 2171 4478 2225 4523; x_wconf 89' lang='lat' dir='ltr'><strong>et</strong></span> <span class='ocrx_word' id='word_1_608' title='bbox 2258 4472 2459 4526; x_wconf 88' lang='lat' dir='ltr'><strong>sanctis</strong></span> <span class='ocrx_word' id='word_1_609' title='bbox 2493 4471 2752 4530; x_wconf 84' lang='lat' dir='ltr'><strong>Ecclesiis</strong></span> <span class='ocrx_word' id='word_1_610' title='bbox 2782 4476 2907 4533; x_wconf 81' lang='lat' dir='ltr'><strong>ﬁdei</strong></span> <span class='ocrx_word' id='word_1_611' title='bbox 2954 4482 3237 4539; x_wconf 88' lang='lat' dir='ltr'><strong>unitatem.</strong></span> 
     </span>
    </p>
   </div>
   <div class='ocr_carea' id='block_1_101' title="bbox 1969 4645 3464 4732">
    <p class='ocr_par' dir='ltr' id='par_1_101' title="bbox 1969 4645 3464 4732">
     <span class='ocr_line' id='line_1_102' title="bbox 1969 4645 3464 4732; baseline 0.013 -33"><span class='ocrx_word' id='word_1_612' title='bbox 1969 4645 2111 4704; x_wconf 85' lang='lat' dir='ltr'><strong>Deus</strong></span> <span class='ocrx_word' id='word_1_613' title='bbox 2141 4649 2407 4705; x_wconf 88' lang='lat' dir='ltr'><strong>ultionnm</strong></span> <span class='ocrx_word' id='word_1_614' title='bbox 2436 4667 2577 4707; x_wconf 90' lang='lat' dir='ltr'><strong>nunc</strong></span> <span class='ocrx_word' id='word_1_615' title='bbox 2609 4652 2777 4709; x_wconf 90' lang='lat' dir='ltr'><strong>libere</strong></span> <span class='ocrx_word' id='word_1_616' title='bbox 2802 4655 2931 4725; x_wconf 77' lang='lat' dir='ltr'><strong>egit,</strong></span> <span class='ocrx_word' id='word_1_617' title='bbox 2990 4656 3241 4715; x_wconf 90' lang='lat' dir='ltr'><strong>Christus</strong></span> <span class='ocrx_word' id='word_1_618' title='bbox 3270 4662 3464 4732; x_wconf 85' lang='lat' dir='ltr'><strong>astitit,</strong></span> 
     </span>
    </p>
   </div>
   <div class='ocr_carea' id='block_1_102' title="bbox 1894 4741 3459 4821">
    <p class='ocr_par' dir='ltr' id='par_1_102' title="bbox 1894 4741 3459 4821">
     <span class='ocr_line' id='line_1_103' title="bbox 1894 4741 3459 4821; baseline 0.011 -26"><span class='ocrx_word' id='word_1_619' title='bbox 1894 4741 2252 4799; x_wconf 79' lang='lat' dir='ltr'><strong>corroborans</strong></span> <span class='ocrx_word' id='word_1_620' title='bbox 2276 4744 2437 4800; x_wconf 89' lang='lat' dir='ltr'><strong>hodie</strong></span> <span class='ocrx_word' id='word_1_621' title='bbox 2467 4758 2686 4803; x_wconf 85' lang='lat' dir='ltr'><strong>sanctos</strong></span> <span class='ocrx_word' id='word_1_622' title='bbox 2715 4746 2924 4814; x_wconf 83' lang='lat' dir='ltr'><strong>Patres,</strong></span> <span class='ocrx_word' id='word_1_623' title='bbox 2951 4752 3144 4821; x_wconf 90' lang='lat' dir='ltr'><strong>utejus</strong></span> <span class='ocrx_word' id='word_1_624' title='bbox 3170 4754 3459 4812; x_wconf 79' lang='lat' dir='ltr'><strong>adventum</strong></span> 
     </span>
    </p>
   </div>
   <div class='ocr_carea' id='block_1_103' title="bbox 1895 4830 3463 4920">
    <p class='ocr_par' dir='ltr' id='par_1_103' title="bbox 1895 4830 3463 4920">
     <span class='ocr_line' id='line_1_104' title="bbox 1895 4830 3463 4920; baseline 0.015 -37"><span class='ocrx_word' id='word_1_625' title='bbox 1895 4830 2064 4886; x_wconf 89' lang='lat' dir='ltr'><strong>libere</strong></span> <span class='ocrx_word' id='word_1_626' title='bbox 2126 4836 2422 4902; x_wconf 65' lang='lat' dir='ltr'><strong>praalicare</strong></span> <span class='ocrx_word' id='word_1_627' title='bbox 2474 4840 2711 4904; x_wconf 83' lang='lat' dir='ltr'><strong>valeant,</strong></span> <span class='ocrx_word' id='word_1_628' title='bbox 2766 4850 2931 4912; x_wconf 86' lang='lat' dir='ltr'><strong>atque</strong></span> <span class='ocrx_word' id='word_1_629' title='bbox 2981 4845 3313 4914; x_wconf 75' lang='lat' dir='ltr'><strong>imaginibus</strong></span> <span class='ocrx_word' id='word_1_630' title='bbox 3342 4850 3463 4920; x_wconf 81' lang='lat' dir='ltr'><strong>ejus</strong></span> 
     </span>
    </p>
   </div>
   <div class='ocr_carea' id='block_1_104' title="bbox 1896 4920 2665 4998">
    <p class='ocr_par' dir='ltr' id='par_1_104' title="bbox 1896 4920 2665 4998">
     <span class='ocr_line' id='line_1_105' title="bbox 1896 4920 2665 4998; baseline 0.01 -24"><span class='ocrx_word' id='word_1_631' title='bbox 1896 4920 2329 4979; x_wconf 87' lang='lat' dir='ltr'><strong>incarnationem</strong></span> <span class='ocrx_word' id='word_1_632' title='bbox 2358 4926 2665 4998; x_wconf 78' lang='lat' dir='ltr'><strong>designare.</strong></span> 
     </span>
    </p>
   </div>
   <div class='ocr_carea' id='block_1_105' title="bbox 1963 5093 3458 5184">
    <p class='ocr_par' dir='ltr' id='par_1_105' title="bbox 1963 5093 3458 5184">
     <span class='ocr_line' id='line_1_106' title="bbox 1963 5093 3458 5184; baseline 0.014 -35"><span class='ocrx_word' id='word_1_633' title='bbox 1963 5093 2337 5168; x_wconf 79' lang='lat' dir='ltr'><strong>Longanimis,</strong></span> <span class='ocrx_word' id='word_1_634' title='bbox 2366 5099 2613 5168; x_wconf 86' lang='lat' dir='ltr'><strong>Domine,</strong></span> <span class='ocrx_word' id='word_1_635' title='bbox 2648 5120 2815 5175; x_wconf 86' lang='lat' dir='ltr'><strong>quam</strong></span> <span class='ocrx_word' id='word_1_636' title='bbox 2838 5107 3111 5163; x_wconf 90' lang='lat' dir='ltr'><strong>mirabilia</strong></span> <span class='ocrx_word' id='word_1_637' title='bbox 3143 5119 3268 5167; x_wconf 91' lang='lat' dir='ltr'><strong>sunt</strong></span> <span class='ocrx_word' id='word_1_638' title='bbox 3296 5128 3458 5184; x_wconf 83' lang='lat' dir='ltr'><strong>opera</strong></span> 
     </span>
    </p>
   </div>
   <div class='ocr_carea' id='block_1_106' title="bbox 1892 5187 3461 5273">
    <p class='ocr_par' dir='ltr' id='par_1_106' title="bbox 1892 5187 3461 5273">
     <span class='ocr_line' id='line_1_107' title="bbox 1892 5187 3461 5273; baseline 0.013 -35"><span class='ocrx_word' id='word_1_639' title='bbox 1892 5195 1985 5240; x_wconf 87' lang='lat' dir='ltr'><strong>tua</strong></span> <span class='ocrx_word' id='word_1_640' title='bbox 2006 5187 2019 5239; x_wconf 83' lang='grc' dir='ltr'><strong>ί</strong></span> <span class='ocrx_word' id='word_1_641' title='bbox 2050 5188 2176 5258; x_wconf 88' lang='lat' dir='ltr'><strong>quis</strong></span> <span class='ocrx_word' id='word_1_642' title='bbox 2204 5199 2347 5245; x_wconf 86' lang='lat' dir='ltr'><strong>tnam</strong></span> <span class='ocrx_word' id='word_1_643' title='bbox 2367 5192 2709 5250; x_wconf 86' lang='lat' dir='ltr'><strong>clementiam</strong></span> <span class='ocrx_word' id='word_1_644' title='bbox 2738 5198 3085 5255; x_wconf 75' lang='lat' dir='ltr'><strong>recensebit?</strong></span> <span class='ocrx_word' id='word_1_645' title='bbox 3107 5210 3160 5256; x_wconf 91' lang='lat' dir='ltr'><strong>et</strong></span> <span class='ocrx_word' id='word_1_646' title='bbox 3187 5206 3461 5273; x_wconf 79' lang='lat' dir='ltr'><strong>quomodo</strong></span> 
     </span>
    </p>
   </div>
   <div class='ocr_carea' id='block_1_107' title="bbox 1893 5277 3460 5359">
    <p class='ocr_par' dir='ltr' id='par_1_107' title="bbox 1893 5277 3460 5359">
     <span class='ocr_line' id='line_1_108' title="bbox 1893 5277 3460 5359; baseline 0.015 -29"><span class='ocrx_word' id='word_1_647' title='bbox 1893 5277 2111 5333; x_wconf 89' lang='lat' dir='ltr'><strong>intuens</strong></span> <span class='ocrx_word' id='word_1_648' title='bbox 2148 5290 2269 5337; x_wconf 88' lang='lat' dir='ltr'><strong>tuos</strong></span> <span class='ocrx_word' id='word_1_649' title='bbox 2296 5285 2605 5341; x_wconf 87' lang='lat' dir='ltr'><strong>sacerdotes</strong></span> <span class='ocrx_word' id='word_1_650' title='bbox 2639 5298 2694 5342; x_wconf 89' lang='lat' dir='ltr'><strong>et</strong></span> <span class='ocrx_word' id='word_1_651' title='bbox 2733 5292 3054 5359; x_wconf 86' lang='lat' dir='ltr'><strong>monachos,</strong></span> <span class='ocrx_word' id='word_1_652' title='bbox 3098 5295 3225 5349; x_wconf 85' lang='lat' dir='ltr'><strong>dum</strong></span> <span class='ocrx_word' id='word_1_653' title='bbox 3253 5297 3460 5352; x_wconf 54' lang='lat' dir='ltr'><strong>interii-</strong></span> 
     </span>
    </p>
   </div>
   <div class='ocr_carea' id='block_1_108' title="bbox 1892 5379 3461 5451">
    <p class='ocr_par' dir='ltr' id='par_1_108' title="bbox 1892 5379 3461 5451">
     <span class='ocr_line' id='line_1_109' title="bbox 1892 5379 3461 5451; baseline 0.016 -30"><span class='ocrx_word' id='word_1_654' title='bbox 1892 5379 2147 5425; x_wconf 86' lang='lat' dir='ltr'><strong>cerenlur</strong></span> <span class='ocrx_word' id='word_1_655' title='bbox 2188 5385 2406 5444; x_wconf 82' lang='lat' dir='ltr'><strong>propter</strong></span> <span class='ocrx_word' id='word_1_656' title='bbox 2444 5386 2589 5432; x_wconf 88' lang='lat' dir='ltr'><strong>tuam</strong></span> <span class='ocrx_word' id='word_1_657' title='bbox 2640 5380 2954 5451; x_wconf 66' lang='lat' dir='ltr'><strong>imaginem,</strong></span> <span class='ocrx_word' id='word_1_658' title='bbox 2991 5387 3309 5445; x_wconf 86' lang='lat' dir='ltr'><strong>seductores</strong></span> <span class='ocrx_word' id='word_1_659' title='bbox 3340 5392 3461 5447; x_wconf 87' lang='lat' dir='ltr'><strong>illos</strong></span> 
     </span>
    </p>
   </div>
   <div class='ocr_carea' id='block_1_109' title="bbox 1892 5461 3457 5542">
    <p class='ocr_par' dir='ltr' id='par_1_109' title="bbox 1892 5461 3457 5542">
     <span class='ocr_line' id='line_1_110' title="bbox 1892 5461 3457 5542; baseline 0.017 -30"><span class='ocrx_word' id='word_1_660' title='bbox 1892 5461 2027 5513; x_wconf 84' lang='lat' dir='ltr'><strong>tanti</strong></span> <span class='ocrx_word' id='word_1_661' title='bbox 2063 5462 2189 5516; x_wconf 88' lang='lat' dir='ltr'><strong>mali</strong></span> <span class='ocrx_word' id='word_1_662' title='bbox 2222 5475 2469 5522; x_wconf 90' lang='lat' dir='ltr'><strong>auctores</strong></span> <span class='ocrx_word' id='word_1_663' title='bbox 2503 5486 2610 5523; x_wconf 84' lang='lat' dir='ltr'><strong>non</strong></span> <span class='ocrx_word' id='word_1_664' title='bbox 2636 5473 3012 5542; x_wconf 83' lang='lat' dir='ltr'><strong>combussisli,</strong></span> <span class='ocrx_word' id='word_1_665' title='bbox 3039 5479 3133 5533; x_wconf 88' lang='lat' dir='ltr'><strong>sed</strong></span> <span class='ocrx_word' id='word_1_666' title='bbox 3168 5489 3345 5537; x_wconf 84' lang='lat' dir='ltr'><strong>tantas</strong></span> <span class='ocrx_word' id='word_1_667' title='bbox 3374 5483 3457 5537; x_wconf 88' lang='lat' dir='ltr'><strong>in-</strong></span> 
     </span>
    </p>
   </div>
   <div class='ocr_carea' id='block_1_110' title="bbox 1890 5550 2690 5623">
    <p class='ocr_par' dir='ltr' id='par_1_110' title="bbox 1890 5550 2690 5623">
     <span class='ocr_line' id='line_1_111' title="bbox 1890 5550 2690 5623; baseline 0.016 -21"><span class='ocrx_word' id='word_1_668' title='bbox 1890 5550 2059 5621; x_wconf 82' lang='lat' dir='ltr'><strong>jurias</strong></span> <span class='ocrx_word' id='word_1_669' title='bbox 2097 5568 2252 5623; x_wconf 64' lang='lat' dir='ltr'><strong>aequo</strong></span> <span class='ocrx_word' id='word_1_670' title='bbox 2282 5557 2447 5613; x_wconf 88' lang='lat' dir='ltr'><strong>tulisti</strong></span> <span class='ocrx_word' id='word_1_671' title='bbox 2467 5560 2690 5615; x_wconf 83' lang='lat' dir='ltr'><strong>animo?</strong></span> 
     </span>
    </p>
   </div>
   <div class='ocr_carea' id='block_1_111' title="bbox 1963 5640 3457 5722">
    <p class='ocr_par' dir='ltr' id='par_1_111' title="bbox 1963 5640 3457 5722">
     <span class='ocr_line' id='line_1_112' title="bbox 1963 5640 3457 5722; baseline 0.017 -26"><span class='ocrx_word' id='word_1_672' title='bbox 1963 5640 2007 5698; x_wconf 92' lang='grc'>0</span> <span class='ocrx_word' id='word_1_673' title='bbox 2060 5643 2305 5711; x_wconf 88' lang='lat' dir='ltr'><strong>Domine,</strong></span> <span class='ocrx_word' id='word_1_674' title='bbox 2354 5651 2445 5719; x_wconf 92' lang='lat' dir='ltr'><strong>qui</strong></span> <span class='ocrx_word' id='word_1_675' title='bbox 2507 5651 2805 5710; x_wconf 83' lang='lat' dir='ltr'><strong>Ecclesiam</strong></span> <span class='ocrx_word' id='word_1_676' title='bbox 2868 5666 3012 5714; x_wconf 81' lang='lat' dir='ltr'><strong>tuam</strong></span> <span class='ocrx_word' id='word_1_677' title='bbox 3072 5661 3457 5722; x_wconf 78' lang='lat' dir='ltr'><strong>inconcussam</strong></span> 
     </span>
    </p>
   </div>
   <div class='ocr_carea' id='block_1_112' title="bbox 1894 5738 3455 5827">
    <p class='ocr_par' dir='ltr' id='par_1_112' title="bbox 1894 5738 3455 5827">
     <span class='ocr_line' id='line_1_113' title="bbox 1894 5738 3455 5827; baseline 0.015 -37"><span class='ocrx_word' id='word_1_678' title='bbox 1894 5738 2235 5807; x_wconf 80' lang='lat' dir='ltr'><strong>compegisti,</strong></span> <span class='ocrx_word' id='word_1_679' title='bbox 2266 5750 2325 5795; x_wconf 88' lang='lat' dir='ltr'><strong>nt</strong></span> <span class='ocrx_word' id='word_1_680' title='bbox 2355 5752 2526 5811; x_wconf 83' lang='lat' dir='ltr'><strong>porta:</strong></span> <span class='ocrx_word' id='word_1_681' title='bbox 2554 5744 2710 5802; x_wconf 79' lang='lat' dir='ltr'><strong>inferi</strong></span> <span class='ocrx_word' id='word_1_682' title='bbox 2739 5748 2999 5808; x_wconf 77' lang='lat' dir='ltr'><strong>adversus</strong></span> <span class='ocrx_word' id='word_1_683' title='bbox 3018 5768 3136 5809; x_wconf 89' lang='lat' dir='ltr'><strong>eam</strong></span> <span class='ocrx_word' id='word_1_684' title='bbox 3166 5759 3455 5827; x_wconf 66' lang='lat' dir='ltr'><strong>prmvalerc</strong></span> 
     </span>
    </p>
   </div>
   <div class='ocr_carea' id='block_1_113' title="bbox 1895 5830 3457 5921">
    <p class='ocr_par' dir='ltr' id='par_1_113' title="bbox 1895 5830 3457 5921">
     <span class='ocr_line' id='line_1_114' title="bbox 1895 5830 3457 5921; baseline 0.018 -43"><span class='ocrx_word' id='word_1_685' title='bbox 1895 5838 2185 5895; x_wconf 65' lang='lat' dir='ltr'><strong>nequeant,</strong></span> <span class='ocrx_word' id='word_1_686' title='bbox 2239 5830 2351 5900; x_wconf 87' lang='lat' dir='ltr'><strong>ipse</strong></span> <span class='ocrx_word' id='word_1_687' title='bbox 2391 5848 2577 5903; x_wconf 86' lang='lat' dir='ltr'><strong>pacem</strong></span> <span class='ocrx_word' id='word_1_688' title='bbox 2610 5845 2754 5894; x_wconf 87' lang='lat' dir='ltr'><strong>tuam</strong></span> <span class='ocrx_word' id='word_1_689' title='bbox 2799 5842 2997 5912; x_wconf 80' lang='lat' dir='ltr'><strong>pepulo</strong></span> <span class='ocrx_word' id='word_1_690' title='bbox 3034 5852 3125 5902; x_wconf 91' lang='lat' dir='ltr'><strong>tuo</strong></span> <span class='ocrx_word' id='word_1_691' title='bbox 3150 5847 3365 5921; x_wconf 75' lang='lat' dir='ltr'><strong>largire,</strong></span> <span class='ocrx_word' id='word_1_692' title='bbox 3400 5862 3457 5906; x_wconf 89' lang='lat' dir='ltr'><strong>ut</strong></span> 
     </span>
    </p>
   </div>
  </div>
