4188 6500
718 404 851 467 1779

1891 402 1951 463 S.
1991 398 2381 461 THEODORI
2420 398 2763 459 STUDITIE

3840 392 3954 452 780

712 524 765 567 te
789 524 976 563 omnes
1004 507 1173 563 alacri
1202 509 1404 574 animo,
1440 524 1550 564 uno
1582 523 1676 564 ore
1703 508 1986 563 laudemus
2041 517 2095 563 et
2123 508 2262 561 cele-

2387 505 2640 576 .ικρινῶς,
2674 509 2733 558 έν
2765 505 2864 584 μιῇ.
2891 502 3167 573 δοξολογίᾳ.
3215 498 3607 571 προσκυνῶμεν
3660 501 3752 553 καὶ
3782 502 3958 564 δοξὰ-

714 605 955 657 bremus.

780 693 1079 746 Analbema
1111 693 1181 745 sit
1213 692 1339 754 illis,
1371 690 1615 756 Domine,
1639 692 1732 762 qui
1761 690 2286 747 tuaincarnationis

714 783 1006 851 imaginem
1057 798 1162 837 non
1195 794 1539 844 venerantur,
1584 784 1637 837 in
1669 784 1859 853 primis
1908 796 2037 837 vero
2066 780 2284 843 Joanni,

712 884 767 928 et
788 875 1045 937 Antonio,
1081 885 1134 929 et
1163 874 1455 929 Theodoro
1486 876 1673 945 impio,
1699 890 1805 929 una
1829 890 1951 929 cum
1983 872 2287 939 Theodoto,

713 975 769 1020 et
794 965 926 1021 aliis
954 965 1078 1021 ﬁdei
1104 966 1500 1021 desertoribus.

785 1138 830 1194 Ο
865 1138 1113 1203 Domine,
1149 1140 1243 1209 qui
1292 1140 1552 1209 apostolis
1590 1139 1699 1193 tuis
1726 1153 1915 1208 pacem
1951 1145 2098 1190 tuam
2143 1133 2290 1189 dedi-

717 1232 806 1295 sti,
846 1231 1043 1299 largire
1096 1233 1260 1284 etiam
1312 1248 1455 1285 nunc
1499 1231 1755 1285 omnibus
1808 1229 2283 1297 tranquillitatem,

716 1331 810 1374 tua
845 1339 1009 1377 manu
1061 1324 1181 1377 illos
1229 1338 1587 1392 congregans,
1630 1322 1723 1390 qui
1754 1330 1882 1374 sunt
1924 1318 2205 1387 dissipati,
2234 1328 2288 1373 et

717 1424 974 1483 tanquam
1001 1430 1128 1469 oves
1153 1416 1459 1476 rationales,
1488 1424 1688 1468 sancta:
1711 1424 1815 1468 tua:
1863 1412 2117 1469 Ecclesia:
2141 1409 2287 1481 gregi

720 1503 844 1557 illos
870 1520 1121 1575 aggrega.
1149 1506 1334 1560 Gloria
1372 1508 1538 1562 Patri.

788 1594 1053 1650 Deitatem
1113 1598 1355 1667 gloriﬁco
1403 1598 1602 1659 Patris.
1650 1610 1705 1655 et
1746 1600 1892 1664 Filii,
1952 1608 2006 1654 et
2053 1598 2287 1667 Spiritus

721 1688 916 1751 sancti,
947 1705 1107 1743 uuam
1152 1691 1354 1745 scilicet
1401 1701 1648 1745 naturam
1696 1693 1749 1745 in
1798 1692 1971 1746 tribus
2020 1690 2284 1760 personis,

722 1780 1013 1832 essentiam
1059 1780 1342 1835 indivisam
1388 1785 1685 1852 suppositis
1732 1784 2067 1843 distinctam.
2121 1783 2284 1837 simul

723 1881 1064 1938 regnantem,
1113 1874 1291 1926 omnia
1336 1873 1644 1936 facientem,
1676 1876 2123 1943 omnipotentem,
2161 1889 2281 1942 per-

725 1961 925 2017 fectum
966 1964 1276 2032 imperium,
1307 1967 1487 2019 omnia
1518 1968 1752 2035 denique
1784 1966 2179 2020 continentem.

804 2049 892 2103 Dei
916 2049 1162 2105 Genitrix
1190 2069 1308 2123 quae
1325 2058 1567 2109 omnium
1591 2071 1649 2109 es
1675 2056 1959 2121 auxilium,
2020 2054 2288 2123 refugium

727 2152 782 2195 ct
809 2144 1093 2213 protectio,
1124 2147 1369 2209 ostende,
1402 2162 1715 2215 quasumus
1758 2160 1828 2211 te,
1858 2148 2002 2217 quod
2045 2164 2141 2217 pro
2169 2164 2289 2201 om-

729 2232 894 2289 nibus
921 2234 1013 2303 qui
1043 2236 1108 2288 ad
1137 2245 1187 2289 te
1214 2236 1555 2305 confugiunt,
1591 2237 1737 2290 vales
1777 2237 2127 2299 intercedere,
2150 2238 2293 2291 sicut

731 2341 763 2381 ε
806 2336 992 2381 contra
1045 2327 1238 2396 impios
1292 2328 1493 2396 rejicis,
1545 2329 1622 2381 tui
1666 2327 1787 2383 Filii
1822 2330 2078 2397 potentia,
2108 2329 2292 2383 omnia

735 2418 1003 2488 siquidem
1029 2429 1205 2488 potes,
1244 2428 1302 2473 ut
1334 2420 1453 2489 ejus
1480 2419 1667 2474 Mater.

2387 595 2589 665 ζωμεν.

2469 688 2735 757 ’Δνάθεμα
2777 688 3020 741 εστωσαν
3048 688 3096 739 οἱ
3145 685 3219 756 μὴ
3242 684 3529 757 τιμῶντες,
3558 685 3826 749 Δέσποτα,
3859 687 3962 738 τὸν

2385 779 2703 849 χαρακτῆρα
2728 780 2824 848 τῆς
2846 778 2946 847 σῆς
2964 778 3361 847 σωματώσεως,
3389 777 3493 846 πρὸ
3516 777 3730 829 πάντων
3761 778 3963 829 Ἰωάν-

2385 886 2503 938 νης,
2535 868 2649 939 ἅμα
2672 870 2767 921 σὺν
2814 868 3105 937 ’Δντωνέῳ,
3139 869 3229 920 καὶ
3252 867 3512 937 Θεοδώρῳ
3552 855 3629 937 τῷ
3665 868 3962 932 δυσσεϐεῖ,

2386 959 2624 1029 Θεοδότῳ
2670 960 2764 1013 xui.
2814 962 2926 1022 τοῖς
2973 958 3175 1023 ἄλλοις,
3228 959 3341 1020 τοῖς
3392 955 3680 1030 ἀλάστορσι
3720 959 3824 1029 τῆς
3862 959 3966 1010 πί-

2388 1068 2579 1115 στεως.

2467 1142 2527 1193 Ὀ
2555 1140 2675 1202 δοὺς
2705 1140 2802 1211 τὴν
2830 1142 3051 1211 εἰρήνην
3073 1157 3166 1193 σου
3184 1141 3295 1202 τοῖς
3316 1140 3646 1204 ἀποστόλοις,
3673 1141 3964 1204 Δέσποτα,

2388 1232 2481 1285 καὶ
2512 1231 2604 1284 νῦν
2629 1233 2909 1302 παράσχου
2946 1232 3043 1301 τὴν
3098 1232 3339 1300 γαλήνην
3386 1230 3576 1294 ἅπασι,
3608 1233 3861 1298 συνάγων
3892 1234 3965 1301 τῇ

2387 1322 2529 1391 χειρί
2562 1338 2675 1386 σου,
2719 1322 2842 1383 τοὺς
2874 1321 3393 1391 διεσκορπισμένους
3418 1335 3432 1349 ’
3468 1323 3559 1373 καὶ
3590 1319 3777 1391 ὥσπερ
3807 1322 3967 1391 πρό-

2388 1414 2525 1465 δατα
2576 1414 2787 1481 λογικὰ,
2841 1414 3243 1485 συναρίθμησον
3294 1416 3360 1483 τῇ
3396 1412 3618 1484 μάνδρᾳ,
3657 1416 3756 1483 τῆς
3784 1415 3969 1482 ἁγίας

2400 1505 2723 1573 Ἐκκὶησίας
2752 1522 2863 1557 σου.
2895 1505 2946 1558 Θ.

2448 1597 2665 1663 Δοξάζω
2686 1597 2912 1666 θεότητα
2940 1597 3168 1665 Πατρδς,
3200 1594 3329 1649 Υίοῦ
3356 1597 3448 1650 καὶ
3482 1597 3812 1667 Πνεύματος,
3854 1599 3967 1667 τήν

2390 1688 2517 1757 μίαν
2566 1687 2726 1755 φύσιν
2780 1690 2956 1757 τρισίν
3005 1687 3349 1750 ὑποστάσεσι,
3386 1687 3571 1739 οὐσίαν
3626 1687 3963 1757 ἀμέριστον,

2386 1780 2661 1850 διαιρετὴν
2718 1780 3048 1849 προσώποις,
3119 1779 3523 1848 ὀμοῦασίλειον,
3576 1780 3965 1849 παντουργόυ,

2400 1872 2695 1939 πανσϐενῆ,
2729 1870 3101 1941 τελεταρχίαν,
3146 1873 3244 1942 τὴν
3319 1874 3643 1942 συνέχουσαν
3688 1873 3761 1925 τὰ
3807 1874 3967 1943 σύμ.-

2399 1980 2595 2015 παντα.
2624 1962 2689 2015 θ’.

2475 2055 2539 2107 Ἠ
2588 2055 2801 2107 πάντων
2859 2054 3094 2125 βοήθεια,
3124 2058 3219 2110 καὶ
3264 2057 3440 2127 σκέπη
3497 2057 3590 2109 καὶ
3644 2057 3962 2125 ἀντίληψις,

2392 2146 2582 2210 δεῖξον,
2622 2147 2705 2199 ὅτι
2730 2146 2954 2198 δύνασαι
2992 2148 3312 2217 πρεσϐεύειν
3341 2149 3479 2217 ὑπὲρ
3529 2149 3744 2200 πάντων
3778 2151 3860 2211 si;
3900 2151 3968 2201 σὲ

2394 2241 2868 2310 καταφευγόντων,
2916 2244 3009 2295 καὶ
3056 2243 3377 2305 ἀπελαύνεις
3411 2245 3536 2305 τοὺς
3577 2243 3855 2306 δυσσεϐεῖς
3889 2248 3963 2314 τῇ

2393 2333 2617 2401 δυνάμει
2673 2331 2768 2385 τοῦ
2822 2333 2950 2386 Υἱοῦ
3002 2352 3131 2387 σουο
3184 2335 3259 2399 ὡς
3288 2337 3396 2406 γὰρ
3441 2340 3621 2405 μήτηρ
3652 2336 3827 2389 πάντα
3859 2338 3960 2391 δύο

2398 2439 2576 2477 νασαι.

747 2629 3953 2665 W

1504 2807 1623 2919 S.
1720 2808 2446 2922 THEODORI
2529 2806 3196 2921 STUDITZE
3282 2964 3285 2965 ξ

1210 3044 1620 3134 IAMBl
1698 3038 1862 3131 DE
1932 3041 2415 3133 VABIIS
2511 3038 3477 3133 ABGUMENTIS.

791 3396 980 3452 Sancti
1010 3396 1190 3451 Patris
1218 3398 1387 3451 nostri
1413 3407 1461 3451 et
1491 3396 1800 3464 confessoris
1833 3394 2089 3449 Theodori
2114 3409 2287 3463 pra'po

2436 3393 2549 3447 Τοῦ
2578 3398 2751 3460 ὁσίου
2770 3393 3004 3463 Πατρός
3035 3394 3202 3464 ἡμῶν
3231 3392 3329 3447 καί
3347 3392 3719 3460 ὁμολογητοῦ
3745 3394 3970 3464 Θεοδώ-

848 3468 940 3519 siti
978 3465 1315 3521 Studitarum
1349 3467 1521 3521 Iambi
1570 3468 1633 3521 de
1660 3466 1819 3520 variis
1853 3466 2195 3533 argumentis.

2480 3482 2595 3532 ρου
2634 3462 2965 3535 ἡγουμένου
2994 3462 3113 3519 τῶν
3139 3465 3450 3529 Στουδιόυ,
3481 3464 3703 3533 Ἰαμϐοι
3730 3466 3816 3528 είς
3834 3462 3970 3517 δια-

2475 3537 2696 3604 φόρους
2722 3536 3056 3599 ὑποθέσεις.

2089 3639 2367 3709 (Slauonn.
2402 3658 2457 3714 p.
2500 3644 2645 3714 597.)

958 3760 1142 3819 l.—In
1179 3759 1428 3828 reliquias
1458 3767 1760 3809 sanctorum
1791 3763 2103 3821 martyrum.

820 3859 971 3911 Diam
1006 3856 1059 3907 in
1107 3851 1347 3921 reliquiis
1376 3850 1682 3903 allluentem
1717 3846 1946 3915 gratiam
1980 3884 1998 3910 ,

748 3948 1187 4005 Hmmorrboissaa
1214 3943 1502 4013 quitlidem
1536 3941 1687 4004 feret,
1730 3939 1955 3994 auferet.

747 4041 883 4095 Nam
926 4038 1018 4107 qui
1054 4040 1151 4089 has
1202 4034 1456 4102 tetigerit,
1494 4033 1636 4087 sicut
1671 4033 1756 4085 illa
1799 4031 2091 4091 ﬁmbriam,

745 4134 988 4202 Corpore
1032 4128 1259 4182 validior
1284 4126 1393 4189 liet,
1439 4126 1620 4177 anima
1665 4128 1924 4178 sanctior.

1095 4220 1179 4273 ll.’
1210 4248 1260 4259 —
1297 4217 1362 4270 In
1384 4217 1572 4270 cellam
1598 4216 1777 4269 Patris
1808 4217 1991 4269 nostri.

745 4315 853 4376 Me,
887 4313 1044 4376 cella,
1078 4312 1218 4380 luge,
1270 4324 1484 4378 segnem
1515 4307 1719 4362 habens
1741 4308 2071 4376 Operarium,

744 4406 924 4459 linum
966 4406 1104 4459 inter
1128 4416 1341 4464 omnes,
1365 4413 1499 4469 quos
1529 4399 1695 4452 tulisti
1718 4440 1733 4464 ,
1760 4399 2079 4468 pessimum.

746 4496 864 4550 Non
892 4512 991 4563 ego
1014 4508 1234 4564 precum
1275 4500 1327 4545 te
1361 4490 1672 4545 condecoro
1702 4490 1928 4558 lumine,

747 4584 857 4639 Nec
882 4580 1222 4652 pinguefacio
1249 4579 1609 4648 lacrymarum
1643 4577 1853 4641 rivulis,

748 4674 859 4729 Nec
890 4686 1060 4742 purgo
1088 4670 1322 4738 denique
1359 4668 1625 4722 castitatis
1658 4669 1924 4724 moribus.

750 4769 820 4819 At
848 4774 904 4817 tu
934 4761 1176 4816 omnium
1218 4760 1331 4821 lux,
1355 4766 1409 4813 et
1438 4760 1606 4823 salus,
1634 4772 1809 4812 rerum
1859 4770 2027 4825 sator,

753 4854 853 4910 Tui
884 4854 949 4907 ad
983 4854 1230 4906 timorem
1260 4851 1599 4920 espergefac,
1631 4852 1925 4906 exsuscita.

749 4949 964 5009 Annue,
997 4944 1063 4998 ad
1095 4960 1330 4998 amorem
1367 4944 1649 4997 charitatis
1682 4952 1740 4997 ut
1761 4952 1865 4998 tua:

753 5036 1056 5091 Subvectus
1092 5035 1192 5089 alis
1222 5035 1429 5089 evolem
1460 5034 1687 5090 aﬂ'ectus
1727 5052 1919 5105 supra,

752 5121 890 5176 Dum
931 5132 1077 5176 recte
1126 5121 1315 5191 agendi
1369 5134 1584 5191 tempus
1645 5138 1819 5191 usque
1865 5128 2135 5193 suppetit:

752 5211 825 5266 Ut
855 5212 1153 5282 gratiarum
1204 5211 1431 5280 gloriam
1466 5221 1521 5265 et
1548 5212 1761 5266 laudem
1812 5214 2034 5268 oll‘eram

751 5302 895 5367 Tibi,
927 5302 1018 5372 qui
1052 5303 1281 5355 salutem
1324 5302 1666 5372 concupiscis
1706 5306 1972 5361 omnium.

1210 5389 1367 5444 Ill.——
1398 5391 1462 5443 In
1493 5396 1879 5447 renuntiantes.

753 5480 969 5543 Procul,
995 5495 1027 5534 ο
1055 5477 1247 5534 doloso
1279 5480 1610 5551 refugiamus
1642 5484 1863 5549 saeculo,

752 5571 1001 5626 Christus
1037 5580 1213 5639 vocat,
1252 5588 1621 5643 properemus,
1654 5574 1766 5630 haec
1787 5585 1897 5631 tuta
1928 5579 2105 5633 estvia
2126 5618 2143 5644 ,

2479 3758 2558 3811 A'.
2582 3786 2652 3798 -
2676 3758 2778 3824 Εἰς
2811 3758 2883 3812 τὰ
2914 3760 3175 3827 λείψανα
3201 3762 3319 3816 τῶν
3346 3762 3530 3829 ἁγίων
3554 3762 3889 3830 μαρτύρων.

2410 3848 2578 3917 Χάριν
2614 3849 2883 3919 βρύουσαν
2913 3851 3061 3904 Θείαν
3087 3854 3145 3905 ὲν
3174 3856 3285 3917 τοῖς
3309 3853 3578 3922 λειψάνοις

2411 3941 2523 4003 Πᾶς
2554 3959 2636 4004 τις
2662 3942 2877 4013 συλήσει
2911 3944 3091 3998 πίστιν
3117 3945 3380 4015 αἱμόρῤου
3411 3945 3610 4013 φέρων.

2408 4030 2609 4084 Ψαύων
2638 4033 2743 4103 γὰρ
2769 4035 2967 4100 αὐτῶν,
3004 4037 3080 4099 ὼς
3110 4038 3292 4107 ἐκείνη
3321 4036 3649 4107 κρασπέδου,

2420 4120 2641 4174 Ῥώσειε
2676 4122 2853 4193 σῶμα,
2886 4126 2978 4177 καὶ
3000 4126 3176 4195 ψυχὴν
3204 4126 3442 4192 ἀγιάσει.

2546 4218 2813 4282 Ε’.-Εὶς
2840 4216 2953 4284 τὴν
2975 4219 3203 4273 κέλλαν
3232 4218 3340 4272 τοῦ
3372 4218 3599 4286 Πατρός
3630 4219 3819 4288 ἡμῶν.

2408 4306 2605 4376 Θρήνει
2638 4325 2725 4379 με,
2762 4308 2941 4383 κέλλα,
2974 4309 3175 4379 σχοῦσα
3197 4310 3399 4381 νωθρὸν
3424 4312 3680 4380 ἐργάτην,

2409 4399 2585 4452 Μόνον
2620 4400 2876 4452 κάκιστον
2899 4394 3078 4470 ὧνπερ
3104 4402 3260 4471 ἔσχες
3288 4402 3584 4472 κτητόρων.

2410 4489 2483 4541 Οὐ
2511 4488 2809 4561 λαμπρύνω
2840 4507 2899 4543 σε
2926 4491 3034 4544 τῶν
3065 4493 3380 4562 προσευχῶν
3404 4494 3482 4563 τῷ
3512 4492 3654 4561 φάει.

2410 4583 2485 4635 Οὐ
2514 4581 2577 4652 δὴ
2606 4584 2803 4638 πιαίνω
2831 4588 2895 4655 τῇ
2924 4587 3019 4656 ῥοῇ
3051 4585 3159 4640 τῶν
3186 4586 3435 4655 δακρύων
3457 4626 3473 4652 ,

2410 4674 2533 4727 Οὐδ’
2564 4671 2629 4728 αὖ
2656 4676 2900 4747 καθαίρω
2924 4678 3021 4745 τῆς
3054 4677 3274 4743 ἁγνείας
3299 4680 3409 4741 τοῖς
3440 4678 3682 4749 τρόποις.

2424 4763 2561 4816 Ἀλλ’
2589 4760 2679 4817 οὖν
2709 4767 2771 4818 σὺ
2794 4805 2809 4828 ,
2846 4767 3048 4836 Σῶτερ,
3084 4768 3311 4829 Κτίστα,
3343 4768 3567 4837 Φωστὴρ
3591 4768 3698 4821 τῶν
3723 4769 3874 4833 ὅλων,

2415 4848 2696 4925 Ἔγειρον,¹
2723 4854 3010 4919 ἐξύπνισον
3039 4859 3117 4919 είς
3140 4857 3230 4909 τὸν
3258 4859 3348 4910 σὸν
3380 4858 3541 4924 φόϐον
3564 4879 3579 4893 ο

2416 4943 2755 5012 Πρόσγευσον
2778 4947 2803 4975 ⁸
2832 4948 2909 5009 είς
2938 4947 3117 5017 ἔρωτα
3140 4948 3239 5015 τῆς
3266 4946 3364 5015 σῆς
3387 4948 3626 5017 ἀγάπης.

2340 5017 2387 5073 Ῐ)
2415 5034 2699 5105 Πτέρωσον
2723 5035 2954 5106 ἀρθῆναι
2984 5054 3053 5105 με
3082 5036 3187 5090 τῶν
3214 5038 3401 5091 παθῶν
3430 5041 3541 5093 ἄνω
3559 5080 3576 5105 ,

2413 5124 2557 5188 Ἕως
2581 5127 2812 5194 πάρεστι
2837 5128 3028 5199 καιρὸς
3052 5129 3131 5191 εἰς
3162 5129 3457 5199 εὐπραξίαν
3478 5146 3493 5160 ’

2412 5217 2528 5269 ἰνα
2560 5220 2831 5288 προσοίσω
2863 5220 3016 5285 δόξαν
3045 5221 3391 5291 εὐχαριστίαν

2413 5306 2501 5359 Σοὶ
2534 5308 2609 5378 τῷ
2642 5308 2847 5363 θέλοντι
2873 5313 3006 5363 πᾶσι
3031 5312 3129 5381 τὴν
3164 5314 3456 5382 σωτηρίαν.

2750 5400 2822 5454 I".
2853 5431 2921 5442 —
2943 5404 3047 5466 Είς
3074 5403 3625 5473 ἁποτασσομένους.

2422 5488 2642 5559 ’Ἄνδρες
2683 5490 2883 5561 βροτοὶ,
2911 5493 3170 5563 φύγωμεν
3201 5496 3263 5547 ἐκ
3293 5496 3496 5567 κόσμου
3525 5500 3750 5565 πλάνου,

2415 5581 2456 5633 Χ
2467 5582 2646 5651 ριστός
2670 5585 2842 5649 καλεῖ,
2866 5584 3160 5657 δράμωμεν
3181 5603 3195 5618 “
3230 5586 3457 5653 εὖπλους
3480 5591 3587 5663 γὰρ
3616 5591 3750 5662 βίος.

2020 5691 2244 5747 ΥΑιὶΙίΕ
2284 5692 2677 5756 LECTIONES.

827 5822 851 5849 ι
885 5808 956 5861 al.
995 5810 1341 5874 πρόσνευσον.
