4188 6504
284 430 413 496 1781

276 541 474 610 Ζάλης,
510 536 787 609 μεριμνῶν
817 535 908 590 καὶ
941 536 1185 606 στροφῶν
1216 536 1536 607 ὑπερπλὲων

274 631 497 702 Φρόντις
523 631 629 698 γὰρ
652 627 789 698 αὕτη
812 629 891 698 τῷ
914 634 1150 701 μοναστῇ
1179 633 1272 683 καὶ
1302 632 1481 700 μόνον,

274 722 470 789 Τυχεῖν
499 718 707 772 ἐκείνου
731 717 825 770 τοῦ
854 716 1088 789 γαληνοῦ
1120 719 1361 789 λιμένος,

286 812 374 864 Ἐν
404 804 447 877 ᾧ
474 811 752 863 πέπαυται
783 808 891 863 τῶν
916 809 1174 880 λυπηρῶν
1200 812 1309 873 πᾶς
1341 811 1521 875 πόνος.

274 903 342 954 Ὢ
367 900 482 964 πῶς
510 902 650 954 πάνυ
659 919 787 971 μνος
812 902 841 955 ό
870 902 1019 966 ξένος
1042 902 1246 955 τούτων
1283 902 1395 971 βίος
1430 905 1443 956 l

271 993 383 1045 Καὶ
415 992 497 1054 τίς
525 992 784 1061 φρόνιμος
812 991 1240 1063 πραγματευτὴς
1264 991 1554 1060 κερδάνων,

276 1086 372 1148 Ὃς
396 1084 551 1139 πάντ’
584 1085 744 1153 ἀφεὶς
773 1084 944 1138 ἕλοιτο
968 1084 1058 1138 τὸν
1092 1083 1325 1154 σταυρὸν
1352 1084 1566 1154 φέρειν;

705 1179 777 1230 Δ’.
807 1206 877 1218 ——
896 1178 998 1242 Εἰς
1034 1177 1391 1247 ἡγούμενον.

270 1261 503 1337 Οἷόνπερ
535 1265 666 1335 ὕψος
697 1266 794 1332 τῆς
822 1267 1114 1338 προεδρίας
1146 1267 1378 1337 βλέπων,

269 1357 406 1409 Κατ’
442 1356 595 1420 ἀξίαν
625 1354 918 1425 πρόσὸαινε
943 1358 1021 1427 τῷ
1056 1356 1250 1427 βαθμῷ
1286 1358 1518 1427 τρέμων.

270 1448 431 1499 Εἴλου
458 1445 565 1517 γὰρ
594 1445 754 1516 ἔργον
783 1448 1042 1501 κινδύνων
1069 1447 1280 1501 πολλῶν
1308 1447 1499 1517 γέμον,

271 1535 480 1603 Πολλῆς
517 1535 805 1605 μερίμνης,
831 1536 952 1589 οὐδὲ
982 1539 1185 1607 μικρᾶς
1209 1537 1508 1608 φροντίδος.

270 1628 489 1689 Σκόπει,
520 1625 803 1698 προμηθοῦ
835 1628 1126 1699 γρηγόρως
1158 1626 1249 1691 οὓς
1275 1627 1515 1697 ἐξάγεις,

268 1721 360 1789 Μή
397 1737 489 1771 σου
526 1718 727 1789 συληθῇ
760 1718 982 1789 θρέμμα
1014 1736 1130 1782 πως
1159 1720 1385 1792 ἀπειρίᾳ
1411 1735 1426 1751 α

272 1814 475 1867 Σαυτὸν
495 1813 756 1877 τεθεικὼς
790 1816 870 1878 είς
902 1813 1082 1867 καλῶν
1114 1813 1291 1884 ἔργων
1323 1812 1515 1869 τύπον.

272 1904 407 1974 Εἴσῃ
438 1903 545 1972 γὰρ
577 1902 750 1965 εἰδὼς.
785 1902 860 1965 ὡς
892 1902 1111 1971 ὑφέξεις
1141 1902 1234 1955 τὸν
1264 1901 1442 1971 λόγον,

272 1996 441 2049 Ὅταν
466 1993 704 2064 καθεσθῇ
736 1993 968 2063 Χριστὸς
998 1994 1079 2057 είς
1105 1994 1320 2048 πάντων
1344 1994 1547 2064 κρίσιν.

667 2085 741 2137 E'.
769 2110 841 2125 -ι
868 2086 975 2150 Εἰς
1003 2086 1434 2139 ὐποτακτικόν.

270 2175 423 2246 Δείἰρ⁹
450 2175 593 2236 ἐλθὲ.
624 2175 826 2241 πύκτα,
858 2174 1018 2246 δεῦρό
1046 2193 1136 2246 μοι
1167 2175 1325 2248 στῆθι
1352 2176 1512 2241 ζέων,

269 2268 406 2331 Τοὺς
435 2265 665 2336 αὐχένας
690 2283 784 2319 σου
811 2265 992 2321 κλῖνον
1024 2268 1358 2336 εὐεπηκόως,

269 2358 427 2422 Ὅλος
458 2357 727 2421 ταπεινὸς,
753 2357 943 2428 νεκρὸς
975 2355 1049 2409 ὢν
1084 2359 1140 2409 ὲν
1165 2357 1242 2426 τῷ
1276 2357 1447 2411 θέλειν
1470 2374 1486 2390 ·

268 2452 384 2504 Πᾶν
418 2450 705 2519 ἐνθύμημα
736 2448 985 2519 φανερῶν
1010 2448 1110 2519 τῆς
1142 2447 1389 2519 καρδίας,

282 2541 369 2604 Ὠς
396 2540 460 2594 ἂν
487 2539 702 2602 τελείως
729 2538 972 2610 ὲμμένῃς
995 2537 1074 2609 τῷ
1103 2538 1322 2609 σταδίῳ.

268 2633 359 2699 Μή
391 2630 437 2683 σ“
464 2629 762 2698 ὲκφοόείτω
798 2630 923 2700 μήτ’
945 2630 1171 2701 ἔρημος,
1208 2630 1283 2702 μὴ
1311 2630 1523 2695 στύλος,

258 2722 407 2791 Μήτ’
435 2719 563 2774 ἄλλο
590 2719 778 2788 τάγμα
804 2719 912 2772 τῶν
942 2718 1253 2790 θεοδρόμων
1284 2719 1436 2790 βίων.

270 2809 532 2882 Προῦχεις
562 2810 833 2873 ἁπάντων,
860 2810 935 2873 ὡς
964 2810 1284 2880 θεογράφως
1310 2809 1444 2881 ἔχει*

269 2904 311 2956 Τ
315 2902 375 2956 οὗ
410 2902 701 2973 μαρτύρων
724 2900 942 2970 πρώτου
976 2901 1085 2972 γὰρ
1114 2902 1265 2955 οὐδὸν
1294 2901 1498 2966 ἁνύεις.

484 2997 576 3061 ς’.
605 3025 675 3036 ——
702 2995 806 3059 Εἰς
831 2994 940 3047 τὸν
958 2994 1030 3048 τὰ
1056 2993 1305 3062 δεύτερα
1324 2993 1608 3063 φέροντα.

267 3084 471 3153 Μωσῆς
502 3084 597 3153 μὲν
630 3082 833 3153 ἅρχων,
862 3082 1101 3153 Ναυῖδης
1123 3083 1180 3136 δὲ
1212 3083 1469 3149 συνθὲων,

268 3175 444 3239 Εὐθὺς
474 3176 590 3245 μετ’
617 3174 801 3241 αὑτὸν,
819 3174 893 3238 ὡς
921 3176 1276 3247 παραστάτης
1310 3175 1473 3241 ξένος.

267 3271 378 3325 Καὶ
408 3272 471 3323 σὺ
502 3270 788 3341 πρόσωπον
811 3269 1061 3341 δεύτερον
1090 3270 1275 3324 στάσει
1305 3270 1504 3335 πέλων,

268 3364 393 3427 Πῶς
415 3364 512 3433 τὴν
542 3362 880 3432 ἀδελφότητα
907 3365 1255 3434 συγκρατεῖς,
1284 3362 1476 3415 σκόπει
1496 3378 1512 3393 ·

283 3455 469 3525 ⁸Ηγοῦ,
495 3453 764 3524 καθηγοῦ,
792 3454 887 3507 καὶ
916 3453 1245 3517 συνασπίζου
1275 3453 1435 3525 τόνῳ,

268 3548 571 3620 Εἰρηνικῶς
607 3564 688 3610 τε,
718 3544 1041 3617 συμπαθῶς,
1078 3545 1173 3599 καὶ
1202 3546 1442 3616 πραέως,

268 3640 485 3709 Νόμους
511 3639 795 3709 φυλάττων
821 3638 885 3689 ἐκ
910 3636 1045 3690 Θεοῦ
1074 3637 1196 3700 τοὺς
1224 3637 1529 3707 κειμένους,

268 3731 493 3802 Κρίσεις
524 3732 743 3792 δικαίας
762 3728 1010 3799 ἐκφέρων
1038 3728 1402 3799 άπροσκόπως
1424 3745 1440 3762 ·

269 3824 384 3877 Νῦν
416 3824 512 3891 μὲν
546 3820 825 3890 συναλγῶν
853 3822 965 3883 τοῖς
1003 3818 1301 3890 κάμνουσιν
1329 3822 1393 3875 ὲκ
1425 3820 1653 3885 πάθους,

270 3915 384 3968 Νῦν
413 3916 468 3967 δὲ
504 3913 796 3984 προθυμῶν
830 3913 959 3976 τοὺς
986 3910 1278 3982 τρέχοντας
1304 3914 1368 3966 ὲκ
1398 3912 1565 3966 πόθου
1589 3929 1606 3945 θ

274 4008 367 4060 Ἷν’
397 4006 630 4076 ἀξιωθῇς
664 4004 885 4074 ἐννόμου
910 4003 1241 4075 δημαρχίας,

282 4100 366 4165 Ὠς
395 4100 556 4162 αὐτὸς
585 4098 728 4162 άξων
759 4098 849 4150 τὸν
877 4096 1014 4149 λεὼν
1039 4096 1134 4150 τοῦ
1158 4097 1386 4167 Κυρίου.

652 4186 727 4240 Ζ’.
751 4187 819 4227 ’—
845 4188 946 4252 Εῑς
971 4187 1079 4240 τὸν
1102 4187 1439 4256 οἰκονόμον.

276 4284 474 4354 Ἔργον
505 4278 802 4347 Στεφάνου,
832 4277 925 4331 τοῦ
958 4278 1188 4347 στέφους
1219 4278 1327 4332 τῶν
1362 4278 1672 4350 μαρτύρων,

270 4373 482 4442 Λαχὼν,
515 4372 775 4441 ἐπάρχειν
804 4369 883 4432 εἰς
906 4368 966 4420 τὸ
994 4369 1093 4432 τὰς
1116 4368 1305 4439 χρείας
1334 4370 1545 4438 νέμειν,

270 4466 349 4535 Τῇ
381 4460 763 4533 Χριστολέκτῳ
790 4459 897 4513 τῶν
927 4459 1172 4529 ἀδελφῶν
1204 4458 1406 4528 πληθύῖ
1425 4473 1440 4488 ⁸

269 4555 420 4608 Δίδου
452 4552 647 4615 κόπους
681 4568 776 4604 σου
802 4549 880 4621 τῷ
906 4550 1024 4621 Θεῷ
1051 4550 1392 4621 καθημέραν,

271 4643 465 4715 Τηρῶν
494 4643 722 4695 ἕκαστον
743 4641 817 4705 ὡς
845 4641 1002 4713 μέλος
1037 4641 1127 4694 σὺν
1154 4643 1401 4711 ὲμπόνως
1422 4655 1438 4672 '

269 4737 343 4787 Οὐ
374 4734 482 4804 γάρ
508 4734 688 4803 σχέσει
724 4732 834 4798 τδν,
859 4732 950 4785 τδν
978 4732 1033 4785 δὲ
1060 4732 1204 4802 μίσει
1232 4733 1325 4784 καὶ⁵
1349 4730 1546 4801 φθόνῳ,

268 4825 491 4877 Πάντων
516 4822 559 4875 δ’
585 4822 784 4893 ὁμοίως
806 4822 1165 4893 προσϐλέπων
1187 4822 1250 4875 τὸ
1272 4823 1569 4895 συμφέρον,

286 4914 371 4976 Ὠς
410 4914 483 4983 μὴ
512 4914 780 4967 κινεῖσθαι
811 4914 899 4966 τόν
925 4931 1047 4968 τινα
1072 4914 1208 4983 πρὸς
1240 4913 1277 4967 ἂ
1301 4913 1475 4985 χρεών
1494 4931 1510 4946 ο

280 5004 418 5057 Ἀλλ’
446 5004 504 5069 ἐξ
533 5005 726 5059 ἑαυτοῦ
752 5005 815 5058 τὸ
840 5004 1116 5075 προσῆκον
1144 5006 1436 5076 είσφέροις.

277 5097 365 5161 Ὦς
388 5094 454 5150 ἂν
478 5097 791 5165 πρεπόντως
820 5096 1055 5150 ἐκτελῶν
1080 5113 1173 5150 σου
1200 5098 1292 5149 τὸν
1313 5098 1532 5169 δρόμον,

279 5188 666 5259 ’Δπροσκόπως
694 5206 775 5255 τε,
811 5188 1144 5253 πανσθενῶς,
1185 5188 1509 5260 θεοφρόνως,

269 5280 371 5332 Τὸν
404 5279 590 5350 μισθὸν
617 5278 798 5351 εὕροις
828 5277 1011 5351 ἧσπερ
1041 5280 1166 5334 εἴλω
1195 5282 1490 5351 φροντίδος.

528 5369 609 5424 Η’.
626 5401 696 5411 -
718 5369 822 5437 Είς
850 5370 991 5436 τοὺς
1012 5370 1552 5442 ἐπιστημονάρχας.

268 5462 329 5515 Ol
358 5461 457 5531 τῆς
484 5462 841 5534 ἀδελφότητος
868 5462 1229 5532 ἐξειληφότες,

267 5554 461 5623 Κρίσιν
488 5571 544 5607 τε
578 5556 801 5625 κρίνειν,
833 5557 929 5609 καὶ
965 5558 1168 5610 δίκαιον
1197 5555 1431 5624 ἐξάγειν,

266 5644 355 5713 Μὴ
382 5642 445 5713 δὴ
471 5644 590 5695 κατ’
619 5644 737 5714 ὄψιν
761 5646 1004 5714 ὲξάγοιτε
1036 5647 1135 5709 τὰς
1158 5645 1351 5714 φάσεις
1374 5663 1387 5676 ·

266 5734 355 5803 Μὴ
387 5735 747 5807 προσπαθείᾳ,
775 5739 907 5809 μηδὲ
936 5737 1154 5809 μήνιδος
1180 5737 1360 5806 χάριν,

268 5825 358 5895 Μὴ
386 5827 675 5899 προσφιλεί
698 5845 777 5893 τε,
812 5830 933 5901 μηδ’
964 5828 1191 5902 ἀπεχθεῖ
1210 5830 1409 5903 καρδίᾳ
1432 5848 1447 5865 ο

1787 432 2022 494 IAMBI.

1863 550 1907 602 Α
1937 541 2122 605 Curis,
2152 541 2424 611 procellis,
2450 539 2733 597 fraudibus
2778 552 3156 612 supernatans.

1933 631 2065 686 Nam
2105 646 2236 686 cura
2262 633 2528 687 monacho
2561 634 2775 688 residua
2799 642 2882 689 est
2904 633 3018 688 hac
3071 636 3257 699 unica,

1931 725 2153 779 Portum
2182 726 2379 794 quietis
2428 727 2645 780 tandem
2682 726 2747 781 ad
2784 727 2935 780 illum
2977 725 3271 796 appellere,

1936 815 2037 870 Ubi
2068 815 2221 869 labor
2249 815 2426 870 omnis
2470 826 2524 871 et
2555 817 2820 873 molestia
2880 817 3059 873 silent.

1931 904 2193 976 Ubijugis
2222 906 2478 978 hymnus,
2508 909 2725 979 vitaque
2759 910 2842 965 his
2875 926 3067 967 carens
3107 912 3283 967 malis.

1931 996 2246 1068 Negotiator
2273 1013 2402 1066 ergo
2431 1000 2554 1068 quis
2594 1001 2835 1069 prudens
2857 1001 2981 1062 erit.

1930 1092 2035 1159 Qui
2067 1093 2338 1149 derelictis
2368 1095 2623 1150 omnibus
2658 1096 2813 1151 tollat
2833 1112 3051 1152 crucem
3086 1097 3110 1150 3

2279 1184 2369 1240 IV.
2400 1215 2471 1226 —
2515 1185 2582 1240 In
2610 1190 2967 1257 (impositum.

1930 1276 2204 1343 Quantum
2235 1280 2471 1346 regentis
2502 1278 2574 1332 sit
2605 1294 2886 1344 cacumen,
2928 1281 3238 1350 pervidens,

1932 1367 2346 1425 Tremebundus
2374 1371 2549 1435 illum,
2587 1387 2686 1426 ceu
2709 1373 2882 1440 decet,
2907 1376 3131 1445 gradum
3159 1389 3300 1447 pete.

1932 1459 2102 1516 Vario
2119 1462 2309 1517 subisti
2341 1463 2557 1531 plenum
2583 1478 2721 1533 opus
2758 1465 3097 1532 discrimine,

1932 1553 2249 1623 Magnisque
2290 1554 2459 1621 curis,
2504 1557 2861 1626 plurimisque
2895 1560 3210 1628 angoribus.

1934 1643 2227 1713 Vigilanter
2255 1646 2417 1708 insta.
2464 1662 2603 1715 quos
2628 1648 2769 1715 regis
2806 1649 3184 1719 circumspice,

1933 1733 2091 1789 Nulla
2143 1745 2201 1789 ut
2228 1737 2344 1789 ovis
2384 1752 2613 1807 usquam
2644 1739 2739 1793 tibi
2774 1751 2961 1809 pereat
2991 1741 3208 1811 ignavia
3248 1762 3261 1798 :

1936 1825 2081 1880 Ilans
2103 1827 2283 1894 operis
2312 1828 2368 1882 in
2428 1838 2477 1883 te
2498 1831 2776 1900 specimen
2809 1842 2862 1887 et
2892 1832 3122 1888 formam
3156 1836 3302 1891 boni.

1862 1891 1905 1947 Β
1933 1891 2221 1972 Reddenda
2260 1919 2397 1973 ratio
2424 1927 2477 1976 te
2505 1891 2685 1977 manet
2707 1924 2925 1994 quippe,
2946 1935 3002 1979 ut
3028 1928 3167 1982 scies

1930 2006 2180 2065 Christus
2214 2011 2303 2065 ubi
2332 2010 2501 2082 judex
2548 2015 2790 2069 omnium
2817 2018 3146 2073 consederit.

1996 2110 1999 2113 ‘
2450 2101 2595 2161 ‘V.-—
2622 2102 2690 2161 In
2721 2105 3014 2162 subditum.

1930 2189 2093 2256 Ades,
2128 2190 2297 2261 pugil,
2328 2192 2458 2249 ades
2482 2192 2703 2251 fervidis
2728 2198 2869 2252 votis
2905 2199 3138 2268 flagrans
3172 2218 3187 2252 :

1930 2280 2386 2353 Obtemperantes
2419 2286 2587 2342 subde
2609 2289 2851 2343 cervices
2886 2289 3041 2360 jngo,

1930 2372 2101 2429 Totus
2128 2375 2374 2441 humilis,
2396 2384 2546 2433 totus
2575 2378 2791 2433 volendi
2833 2382 3095 2455 nescius:

1930 2464 1996 2519 Et
2019 2467 2287 2537 cogitatus
2332 2469 2514 2523 cordis
2555 2484 2748 2525 omnes
2814 2474 3046 2542 explica,

1929 2555 2101 2623 Quam
2139 2574 2233 2627 par
2276 2560 2471 2626 labori,
2514 2578 2679 2631 quam
2704 2562 2899 2629 libens,
2933 2568 3167 2622 stadium
3187 2577 3353 2625 teras.

1927 2645 2044 2703 Non
2073 2659 2124 2703 te
2141 2650 2418 2713 columna,
2448 2667 2558 2705 non
2590 2669 2809 2709 eremus
2843 2665 3065 2721 terreat,

1928 2739 2045 2794 Non
2071 2741 2172 2794 alia
2200 2742 2325 2796 vita
2356 2742 2551 2809 forma,
2594 2747 2845 2815 quamvis
2873 2764 3104 2819 aspera,

1907 2832 2007 2887 'Tu
2026 2832 2196 2889 vincis
2227 2848 2438 2899 omnes,
2465 2834 2679 2893 Littera
2706 2849 2766 2893 ut
2800 2856 2968 2897 sacra
2998 2842 3214 2909 docent,

1929 2924 2083 2981 Viam
2112 2928 2350 2996 supremi
2378 2939 2675 3000 martyrum
2701 2933 2856 2989 ducis
2878 2943 3090 2992 tenens.

2188 3016 2365 3072 VL—
2392 3018 2459 3074 In
2490 3038 2608 3076 eum
2639 3025 2729 3093 qui
2753 3026 3009 3080 secundas
3035 3028 3248 3083 obtinet.

1929 3107 2167 3180 Regente
2195 3110 2359 3177 Mosc,
2384 3110 2615 3169 Navides
2635 3114 2821 3171 aderat
2849 3132 3059 3184 comes,

1856 3237 1901 3300 Ο
1932 3197 2220 3256 Proximus
2272 3201 2343 3255 ab
2391 3201 2503 3263 illo,
2544 3218 2640 3257 ceu
2673 3220 2850 3261 novus
2872 3216 3195 3275 parastates.

1936 3288 2027 3345 Sic
2047 3298 2104 3343 tu
2135 3291 2404 3347 secundas
2437 3293 2528 3362 qui
2561 3295 2731 3363 gradu
2763 3306 2947 3366 partes
2972 3300 3138 3368 geris,

1930 3380 2052 3449 Quo
2082 3396 2235 3437 more
2266 3381 2466 3439 fratres
2500 3395 2790 3455 temperes,
2821 3389 3133 3445 considera.

1929 3469 2089 3536 Prai,
2124 3472 2389 3542 guberna,
2424 3477 2683 3547 omnique
2714 3493 2846 3533 cura
2893 3489 3139 3552 protege,

1928 3562 2192 3632 Paeifice,
2228 3575 2494 3629 amanter,
2530 3569 2911 3635 condolenter,
2951 3576 3183 3628 comiter
3215 3595 3230 3630 :

1928 3652 2100 3723 Leges
2139 3670 2373 3724 superne
2403 3656 2630 3712 traditas
2652 3662 2987 3728 custodiens,

1930 3741 2095 3798 Casto
2121 3744 2438 3815 integroque
2464 3746 2720 3815 judicans
2751 3752 3003 3806 examine
3032 3769 3045 3806 :

1930 3833 2087 3889 Modo
2109 3834 2403 3906 languidis,
2432 3840 2701 3909 agrisque
2718 3840 2787 3895 ab
2818 3841 3013 3897 affectu
3045 3844 3314 3914 indolens,

1930 3923 2092 3980 Modo
2120 3936 2365 3996 vegetos,
2394 3928 2714 3999 alacresque
2746 3948 2840 4002 per
2855 3948 3098 3990 amorem
3127 3938 3362 3996 incitans
3391 3959 3404 3997 :

1933 4015 2005 4071 Ut
2029 4017 2214 4087 populi
2242 4018 2470 4074 habenis
2508 4018 2728 4090 dignus,
2759 4040 2826 4079 ex
2862 4024 2975 4096 lege
3000 4028 3256 4097 imperes,

1931 4106 2212 4181 Tanquam
2235 4110 2351 4181 ipsc
2381 4111 2587 4169 ducens
2621 4123 2678 4169 tu
2708 4132 2926 4187 quoque
2956 4122 3213 4190 populum
3238 4123 3354 4179 Dei.

2405 4200 2516 4257 νιι.
2539 4234 2609 4245 -
2645 4204 2714 4258 In
2743 4222 3088 4265 aconomum.

1933 4288 2213 4361 Stephani,
2246 4306 2464 4349 corona
2489 4304 2811 4367 martyrum,
2849 4314 3050 4356 munus
3075 4317 3292 4372 gerens,

1933 4380 2097 4438 Hanc
2131 4392 2325 4439 nactus
2349 4399 2409 4440 es
2467 4401 2677 4453 curam,
2707 4397 2768 4443 ut
2796 4406 2916 4460 qua
2940 4407 3078 4461 opus
3116 4394 3473 4452 suntdividas

1930 4472 2180 4528 Fratrum
2206 4486 2459 4543 caterva,
2488 4478 2712 4548 proprio
2743 4478 2944 4536 Christi
2972 4484 3141 4555 gregi.

1860 4571 1903 4626 ι)
1935 4563 2042 4620 Deo
2060 4566 2272 4622 labores
2300 4566 2434 4621 offer
2469 4569 2524 4622 in
2558 4570 2699 4625 diem
2736 4580 2884 4636 tuos,

1929 4654 2042 4710 Tua
2072 4657 2229 4726 quasi
2252 4660 2496 4713 membra
2516 4661 2704 4716 sedulo
2725 4672 2954 4720 cunctos
2983 4664 3171 4724 fovens
3194 4686 3208 4723 :

1926 4745 2043 4802 Non
2084 4748 2209 4802 huic
2248 4748 2538 4819 benignus,
2565 4752 2736 4808 durus
2769 4754 2866 4821 illi,
2912 4769 3007 4812 aut
3050 4759 3288 4827 invidus,

1930 4838 2033 4894 Sed
2066 4840 2263 4909 cuique
2286 4842 2491 4910 pariter
2516 4844 2809 4912 providens
2856 4850 3000 4917 quod
3021 4854 3292 4923 congruit,

1926 4928 2096 4983 Nemo
2133 4940 2189 4984 ut
2214 4930 2420 4987 laboret
2448 4948 2711 5003 quarere,
2750 4940 2949 5008 quibus
2986 4941 3191 5014 indiget

1928 5016 2032 5073 Sed
2049 5020 2163 5089 ipse
2184 5032 2375 5090 sponte
2396 5024 2779 5082 subministres
2796 5030 3000 5086 omnia.

1931 5107 1999 5164 Ut
2028 5113 2126 5166 rite
2148 5126 2341 5169 cursus
2360 5115 2535 5184 spatia
2593 5132 2717 5172 cum
2767 5122 3066 5191 peregeris,

1925 5200 2094 5265 Forti,
2117 5204 2316 5273 pioque
2344 5206 2550 5275 animo,
2595 5220 2649 5263 et
2679 5210 2945 5269 inoffenso
2969 5217 3125 5283 pede’,

1926 5290 2125 5349 Sumas
2154 5294 2427 5361 laborum,
2458 5313 2595 5367 quos
2636 5301 2826 5365 tulisti,
2862 5305 3103 5373 praemia.

2280 5385 2418 5442 VIII.
2457 5420 2525 5429 —
2557 5388 2626 5443 In
2666 5394 3162 5461 epistemonarcltas.

1922 5477 2174 5535 Fratrum
2209 5482 2261 5536 in
2294 5499 2492 5540 corona
2534 5486 2627 5556 qui
2675 5489 2876 5545 sedetis
2904 5490 3138 5562 judices,

1926 5567 2169 5642 Utaqua
2215 5584 2363 5631 recto
2392 5576 2647 5647 judicetis
2670 5581 2895 5648 calculo,

1920 5660 2100 5720 Nolite
2138 5680 2297 5722 voces
2332 5668 2399 5722 ad
2429 5670 2645 5726 oculum
2672 5672 2989 5743 depromere
3025 5692 3039 5731 :

1919 5752 2036 5810 Non
2090 5757 2198 5812 ullo
2240 5762 2466 5826 amoris,
2493 5778 2600 5818 non
2632 5764 2836 5822 furoris
2869 5768 3098 5840 impetu,

1920 5845 2030 5905 Nec
2085 5860 2143 5907 ut
2176 5850 2348 5912 favori
2383 5856 2569 5928 dediti,
2600 5874 2700 5918 nec
2722 5868 2776 5916 ut
2810 5861 2954 5932 odio,

3364 433 3497 496 1782
