4188 6470
761 397 894 463 1783
1927 404 1985 461 S.
2017 403 2114 461 TH
2125 403 2399 462 EODORI
2437 404 2778 462 STUDlT/E

758 511 861 566 Sed
885 513 1047 566 corde
1076 512 1213 575 miti,
1250 511 1582 574 condolenti,
1609 510 1792 576 ﬂebili,

755 600 1076 658 Deliberate,
1103 599 1313 660 leniter,
1345 598 1572 651 viriliter
1603 617 1615 651 :

755 690 1006 741 Animum
1048 688 1324 748 acuehtes,
1359 703 1509 741 more
1546 689 1657 751 teli,
1694 688 1999 752 innoxium,

757 779 976 847 Dirigite
1008 790 1184 832 certas
1219 780 1270 831 in
1296 793 1519 847 scepnm
1546 780 1843 832 sententias
1870 796 1884 832 :

755 865 880 919 Veri
929 867 1246 920 incubantes
1279 882 1491 934 semper
1525 876 1582 918 ut
1613 867 1874 935 vestigiis,

755 957 965 1011 Judicia
985 958 1200 1010 Christo
1247 958 1721 1026 deferatisintegra
1759 975 1771 1009 :

758 1048 888 1102 Nam
916 1064 1035 1118 quae
1059 1047 1234 1102 facitis
1265 1048 1508 1112 arbitria,
1543 1063 1636 1099 \os
1664 1051 1852 1102 eadem
1895 1057 2131 1101 manent.

1100 1138 1189 1193 IX.
1225 1169 1291 1178 -——
1322 1137 1385 1190 In
1413 1141 1787 1194 observatores.

761 1233 886 1295 Vos,
924 1232 1092 1285 vicem
1123 1232 1404 1284 oculorum
1449 1230 1703 1286 fratribus
1737 1234 1831 1301 qui
1874 1231 2209 1302 impenditis,

758 1323 1143 1392 Speculamini,
1166 1323 1460 1378 observate
1487 1335 1712 1377 cunctos
1745 1326 1962 1386 acriter,

758 1415 1013 1477 interdiu,
1050 1424 1346 1482 noctuque,
1385 1430 1477 1468 seu
1505 1416 1745 1480 meridie,

756 1505 832 1559 Ne
861 1507 1074 1574 quando
1092 1506 1314 1574 juvenes
1343 1507 1550 1574 uspiam
1589 1524 1693 1560 una
1717 1508 1947 1562 siutduo
1977 1527 1992 1564 :

758 1600 832 1650 Ne
861 1599 1147 1662 coitiones,
1179 1614 1313 1651 neve
1359 1599 1737 1662 contubernia,

757 1691 1116 1758 Licentizeque
1136 1692 1318 1758 pestis,
1342 1700 1395 1742 et
1422 1691 1770 1743 tenebrarum
1808 1706 1964 1758 opus,

761 1783 920 1832 Risus
955 1782 1140 1841 soluti,
1180 1778 1387 1847 injuriae
1431 1780 1751 1847 petulantia,

757 1869 988 1936 Maliqtte
1015 1869 1273 1938 quidquid
1309 1885 1337 1922 a
1369 1869 1477 1922 Deo
1529 1869 1717 1938 procul
1746 1868 1924 1939 fugat:

760 1957 881 2011 Hac
905 1959 1214 2010 nuntiantes
1247 1959 1505 2026 perpelim
1536 1959 1858 2022 rectoribus,

761 2047 981 2099 Sincera
1040 2056 1239 2113 aperta:
1265 2049 1507 2101 veritatis
1548 2047 1761 2115 regula.

760 2139 850 2190 Sic
881 2153 976 2191 vos
1011 2152 1197 2204 reapse
1240 2153 1454 2206 semper
1493 2140 1722 2204 aspiciat
1754 2141 1914 2200 Deus.

758 2226 1004 2296 Etdigna
1046 2227 1254 2296 pulchri
1287 2229 1530 2282 muneris
1572 2230 1662 2282 det
1691 2231 1930 2298 praemia.

1215 2317 1281 2372 Χ.
1305 2347 1374 2358 -
1399 2317 1462 2372 In
1496 2322 1876 2377 cauonardten.

757 2405 912 2475 Lyra:
939 2421 1217 2460 sacrorum
1240 2409 1498 2476 praesides
1537 2411 1627 2477 qni
1653 2412 1980 2473 carminum,

757 2497 925 2553 'l'ubae
955 2499 1255 2572 instaresto
1291 2509 1545 2552 cantuum
1573 2502 1958 2557 moderamine.

757 2589 834 2642 Da
873 2589 1026 2658 signa
1065 2589 1214 2659 ligno
1254 2593 1505 2659 tempori.
1541 2608 1640 2647 ceu
1676 2609 1762 2647 res
1789 2595 1966 2663 jubet,

757 2679 824 2734 Et
845 2681 1043 2750 plectra
1090 2683 1285 2752 linguae
1307 2689 1513 2752 primus
1578 2686 1643 2738 ad
1681 2687 1848 2740 melos
1876 2701 2051 2750 move,

766 2773 994 2826 Versum
1031 2773 1288 2827 decenter
1325 2776 1723 2829 concinendum
1771 2778 2076 2846 proferens,

759 2862 937 2925 Clara,
969 2864 1119 2915 suavi
1147 2877 1295 2925 voce,
1322 2874 1374 2916 et
1405 2865 1574 2917 instar
1645 2869 1856 2935 organi,

759 2949 1014 3006 Fratrum
1040 2952 1256 3005 canoris
1290 2966 1384 3005 ora
1418 2954 1754 3008 concinnatis
1777 2957 1967 3009 modis.

759 3043 899 3098 Tum
941 3054 1137 3098 cuncta
1171 3047 1378 3099 cunctis
1405 3056 1763 3116 congruenter
1795 3049 2023 3117 impera,

759 3135 902 3189 Nihil
941 3136 1136 3197 dolori,
1168 3136 1326 3188 iraeve
1365 3137 1522 3199 dans,
1551 3148 1643 3190 aut
1675 3140 1858 3206 gratiae
1887 3159 1899 3192 :

760 3223 867 3280 Sed
901 3227 1042 3280 sicut
1075 3240 1227 3294 aequa
1259 3225 1397 3278 ratio
1432 3229 1621 3294 poscit,
1678 3243 1741 3280 ac
1773 3229 1988 3282 modus.

757 3314 874 3369 Tua
891 3317 1088 3385 quippe
1110 3316 1291 3368 cuncti
1325 3317 1567 3370 membra
1598 3328 1766 3382 sunt;
1793 3329 1921 3372 sunt
1941 3327 1994 3373 et
2012 3315 2124 3370 Dei.

758 3408 902 3462 Deus
927 3422 1180 3461 coronam
1209 3405 1289 3459 sic
1325 3409 1502 3475 agenti
1527 3407 1792 3461 conferet.

1145 3500 1236 3555 XI.
1281 3531 1351 3540 —
1404 3499 1469 3552 In
1493 3502 1820 3554 taxiarcllen.

757 3591 829 3646 At
853 3602 929 3657 tu,
963 3593 1249 3645 ordinandi
1294 3593 1379 3645 cui
1421 3603 1660 3661 potestas
1689 3593 1902 3665 obtigit,

761 3683 833 3737 Ut
862 3684 1162 3736 taxiarches
1189 3683 1406 3736 additus
1449 3685 1644 3752 populo
1675 3683 1790 3747 Dei,

760 3772 999 3834 Modum,
1029 3773 1383 3842 ordinemque
1415 3784 1661 3843 tempore
1701 3776 1929 3828 observa
1957 3787 2009 3829 et
2039 3777 2178 3838 loco,

763 3867 889 3917 Sive
915 3864 1268 3927 redeundum,
1315 3865 1426 3917 sive
1463 3866 1699 3919 eundum
1739 3867 2120 3935 estquopiani,

761 3955 899 4009 Dum
925 3958 1186 4024 dignitate
1223 3957 1460 4024 prmditis
1490 3960 1809 4024 oceurritur,

761 4048 900 4101 Dum
937 4046 1149 4100 Domini
1181 4048 1247 4100 ad
1268 4047 1436 4100 edem
1469 4051 1758 4103 convenire
1785 4051 2066 4121 mosjubet
2096 4071 2108 4104 :

760 4139 994 4193 Ratione
1027 4151 1252 4194 cunctos
1278 4141 1596 4205 collocabis,
1623 4157 1687 4194 ac
1719 4143 1898 4205 modo,

762 4234 932 4285 Suum
965 4233 1159 4298 cuique
1191 4233 1291 4286 rite
1325 4248 1623 4299 procurans
1661 4236 1912 4303 gradum,

761 4317 819 4370 In
849 4330 1019 4381 veste,
1051 4335 1354 4388 gressuque
1394 4322 1621 4389 exigens
1655 4323 1984 4388 decentiam,

761 4408 885 4464 Haec
914 4412 959 4465 si
1011 4414 1178 4479 perite
1210 4411 1424 4473 feceris,
1453 4414 1498 4464 si
1534 4418 1699 4474 scrin,

764 4502 819 4555 Si
848 4512 1148 4563 mansuete,
1174 4501 1219 4553 si
1257 4501 1361 4568 pie,
1397 4502 1441 4552 si
1470 4502 1713 4569 provide,

762 4592 1023 4646 Mercedis
1052 4591 1243 4660 ingens
1270 4606 1299 4643 a
1331 4590 1437 4644 Deo
1477 4600 1583 4644 stat
1608 4596 1799 4660 gratia.

1181 4678 1297 4736 ΧΠ.
1327 4708 1395 4717 —
1419 4678 1484 4731 lu
1533 4682 1824 4737 cellarium.

761 4775 896 4839 Quis
919 4782 969 4827 te
1007 4772 1199 4841 magis,
1236 4771 1439 4834 fili,Dei
1463 4780 1546 4826 est
1574 4777 1857 4842 operarius
1879 4777 1904 4828 ?

760 4867 908 4933 Opus
945 4864 1142 4917 laboris
1158 4864 1375 4931 plenum
1413 4865 1579 4918 habes
1602 4882 1709 4934 prae
1732 4869 1943 4924 carteris
1963 4910 1977 4932 ,

760 4955 1140 5008 Fraternitatis
1171 4955 1261 5022 qui
1291 4969 1461 5021 prmes
1490 4955 1731 5009 cibariis.

761 5047 1020 5101 Incnmbe
1046 5046 1170 5098 tntis
1201 5046 1486 5114 diligenter
1509 5049 1736 5111 viribus,

759 5138 911 5202 Quod
941 5137 1135 5204 cuique
1154 5135 1336 5198 debes,
1366 5153 1602 5208 congrue
1623 5141 1963 5208 dispertiens.

757 5229 1028 5279 Assuesce
1051 5224 1232 5276 multis
1254 5227 1580 5292 postulatum
1613 5229 1861 5293 vocibus,

759 5317 872 5370 Hoc
906 5317 1078 5377 illum,
1111 5326 1162 5368 et
1193 5315 1284 5368 illo
1309 5320 1581 5372 sustinens
1614 5321 1761 5374 vultu
1785 5323 2034 5389 alterum,

758 5409 893 5466 Miti,
924 5421 1135 5464 sereno,
1171 5407 1500 5472 condolenti,
1542 5409 1728 5465 flebili.

761 5501 850 5555 Sic
878 5498 971 5551 tibi
1011 5510 1216 5550 corona
1247 5499 1442 5566 cinget,
1483 5513 1538 5552 ut
1568 5501 1865 5570 Stephano,
1888 5516 2066 5575 caput.

1078 5588 1218 5640 XIII.
1255 5617 1320 5626 --
1358 5587 1420 5641 In
1446 5593 1659 5658 prandii
1689 5597 2008 5651 ministrum.

758 5680 1005 5736 Fratrum
1043 5696 1256 5735 corona:
1293 5683 1597 5750 prandium,
1627 5684 1723 5749 fili,
1754 5704 2039 5758 apparatis,

758 5774 1172 5828 Ordinelocatas
1204 5775 1304 5828 rite
1335 5791 1549 5833 mensas
1583 5781 1817 5838 instrue.

825 5868 886 5894 "‘
922 5865 1004 5917 Al.
1040 5867 1233 5932 πείρας

2334 524 2376 573 Α
2417 515 2560 566 Ἀλλ’
2597 515 2769 582 ἠπίως
2800 530 2878 575 τε,
2913 513 3226 582 συμπαθῶς,
3256 515 3634 584 οἰκτιρμὸνως,

2407 605 2769 667 Βονλευτικῶς
2792 621 2872 666 τε,
2906 604 3289 674 μακροθύμως,
3321 605 3574 668 εὐτόνως·

2406 697 2508 747 Τὸν
2535 697 2656 748 νοῦν
2679 696 2992 765 ἀκραιφνῶς
3019 695 3320 760 όξύναντες,
3345 697 3420 760 ὡς
3444 696 3620 766 βέλος,

2409 788 2561 840 Κατὰ
2586 787 2784 840 σκοπὸν
2812 787 3052 856 βάλλοιτε
3078 789 3204 850 τοὺς
3231 787 3406 851 εὐθεῖς
3433 790 3648 858 λόγους.

2409 877 2594 938 Ὅπως
2620 878 2666 929 τ’
2697 877 2893 946 ἀληθὲς
2925 879 3088 929 παντὶ
3114 877 3386 948 θηρῶντες
3422 880 3588 951 λόγῳ,

2407 967 2523 1036 Θεῷ
2551 968 2761 1031 δικαίας
2791 968 3148 1039 προσφέροιτε
3172 971 3271 1032 τὰς
3295 972 3506 1042 κρίσεις
3527 990 3542 1004 ο

2409 1052 2476 1129 ᾮ
2508 1060 2613 1128 γάρ
2644 1064 2899 1129 κρινεῖτε,
2924 1063 3018 1114 καὶ
3054 1062 3378 1130 κριθήσεσθε
3399 1066 3603 1135 τρόπῳ.

2746 1149 2822 1204 Θ’.
2849 1180 2916 1190 -
2939 1154 3041 1216 ΕΙς
3068 1151 3210 1217 τοὺς
3244 1154 3623 1221 ἐπιτφητὰς.

2412 1240 2573 1305 Τάξει
2605 1241 2848 1304 τεθέντες
2873 1242 3134 1312 ὀμμάτων
3153 1247 3264 1307 τοῖς
3296 1246 3600 1312 συγγόνοις,

2424 1330 2636 1400 Ὁρᾶτε,
2665 1332 2760 1384 καὶ
2785 1336 3004 1401 τηρεῖτε
3037 1335 3242 1397 πάντας
3275 1335 3578 1400 εὐσκόπως,

2426 1421 2510 1471 Ἐν
2536 1422 2787 1491 ἡμέραις,
2820 1425 2876 1474 ὲν
2903 1424 3072 1489 νυξὶν,
3103 1427 3160 1477 ἐν
3193 1427 3585 1498 μεσημϐρίαις,

2413 1513 2606 1580 Μήπου
2634 1514 2900 1584 πρόσωπα
2924 1516 3032 1569 τῶν
3060 1517 3193 1570 νέων
3220 1513 3330 1570 εἶεν
3352 1519 3466 1582 δύο,

2414 1604 2610 1672 Μήπου
2640 1605 2896 1669 γίνωνται
2925 1608 3148 1676 φατρίαι
3180 1609 3490 1680 συσκηνίαι.

2417 1693 2738 1763 Παρῤησιῶν
2764 1694 3004 1764 ὄλεθρος,
3036 1697 3172 1768 ἔργα
3199 1699 3294 1751 τοῦ
3325 1701 3569 1765 σκότους,

2417 1784 2641 1854 Στρηνοὶ
2670 1784 2929 1851 γέλωτες,
2962 1786 3172 1856 ὕϐρεως
3203 1791 3440 1856 ἀταξίαι,

2345 1857 2384 1911 Β
2414 1873 2520 1922 Καὶ
2553 1874 2659 1925 πᾶν
2691 1874 2924 1942 πονηρὸν
2955 1876 3049 1928 τοῦ
3075 1877 3208 1930 Θεοῦ
3239 1881 3426 1951 πόρρω
3453 1882 3617 1952 φέρον
3637 1900 3651 1913 ο

2413 1963 2573 2015 Ταῦτ’
2610 1963 2961 2029 ἐκλαλοῦντες
2990 1970 3169 2020 πυκνά
3198 1973 3310 2033 τοῖς
3343 1976 3772 2041 πρωτοστάταις.

2426 2054 2850 2126 ’Λπροσπαθεία,
2883 2057 2980 2127 τῆς
3017 2059 3264 2128 ἀληθείας
3301 2061 3473 2131 λόγῳ·

2416 2144 2578 2213 Τύχοι
2608 2161 2664 2195 τε
2694 2143 2843 2207 θείας
2875 2147 3121 2217 ἀτρεκῶς
3148 2149 3400 2217 έποψίας,

2415 2236 2525 2306 Τὴν
2559 2236 2878 2305 άντάμειψιν
2905 2238 3012 2291 τῶν
3036 2241 3213 2293 καλῶν
3240 2244 3546 2314 ἐσχηκότες.

2769 2332 2822 2383 ι’.
2846 2360 2913 2370 -
2932 2335 3036 2398 Εις
3069 2335 3173 2387 τὸν
3192 2337 3590 2405 κανονὰρχην.

2430 2422 2691 2491 Ἀρχηγὸς
2723 2422 2891 2484 ἑστὼς
2923 2424 3021 2492 τῆς
3048 2423 3216 2494 λύρας
3247 2426 3354 2478 τῶν
3376 2427 3654 2496 ᾀσμάτων,

2421 2512 2657 2579 Σάλπιγξ
2686 2513 2884 2583 φάνηθι
2908 2518 2972 2584 τῇ
2999 2515 3294 2585 μελουργία
3323 2517 3469 2588 ξένῃ.

2422 2604 2650 2667 Σάλπυςε
2682 2605 2854 2674 καιρῴ
2883 2606 2940 2657 τὸ
2968 2605 3140 2669 ξύλον,
3174 2605 3356 2668 καθὼς
3378 2606 3508 2670 δέοι,

2421 2696 2573 2747 Κίνει
2598 2696 2653 2747 δέ
2681 2713 2771 2747 σου
2800 2697 2895 2764 τὴν
2923 2696 3168 2763 γλῶτταν
3198 2697 3273 2760 ὡς
3305 2699 3579 2769 πλῆκτρον
3605 2701 3810 2772 φέρων,

2433 2785 2544 2837 ’Λεὶ
2575 2789 2890 2857 πρεπόντως
2914 2787 3004 2838 τὸν
3034 2787 3212 2856 στίχον
3240 2790 3571 2856 συνεισάγων

2433 2877 2777 2947 Ἀσῦγχυτον,
2817 2879 3109 2950 κάλληχον,
3147 2882 3380 2949 ὀργάνου
3411 2881 3585 2951 δίκην,

2419 2967 2490 3018 Τὸ
2513 2970 2610 3036 τῆς
2633 2971 2990 3040 άδελφότητος
3022 2971 3309 3040 εὑρυθμῶν
3335 2973 3527 3042 στόμα.

2419 3057 2650 3120 Τάσσοις
2680 3062 2888 3113 ᾶπαντα
2923 3063 3087 3113 πᾶσιν
3116 3061 3434 3132 ἁξιοχρέως,

2345 3185 2384 3236 C
2417 3148 2506 3216 Μὴ
2536 3150 2669 3217 πρὸς
2697 3152 2873 3219 χάριν,
2911 3151 2982 3220 μὴ
3010 3152 3190 3220 μῆνιν,
3224 3151 3257 3220 ἢ
3291 3152 3464 3222 λύπης
3494 3152 3660 3216 δόσιν,

2432 3241 2568 3293 Ἀλλ’
2599 3242 2655 3292 έν
2679 3243 2870 3312 δικαίῳ
2891 3243 2969 3313 τῷ
3001 3243 3159 3315 λόγῳ,
3194 3245 3288 3298 καὶ
3316 3244 3392 3313 τῷ
3425 3247 3624 3316 τρόπῳ.

2420 3333 2623 3395 Πάντες
2644 3334 2750 3404 γάρ
2773 3337 2876 3387 είσι
2900 3336 2994 3388 τοῦ
3024 3335 3158 3389 Θεοῦ
3193 3339 3285 3391 καὶ
3319 3339 3410 3390 σοῦ
3443 3338 3599 3408 μέλη.

2420 3423 2602 3487 Οὕτως
2632 3426 2840 3495 φρονῶν
2871 3426 3000 3494 γοῦν
3029 3429 3091 3479 ἐκ
3123 3427 3256 3480 Θεοῦ
3286 3428 3426 3498 λήψῃ
3460 3430 3674 3495 στέφος.

2770 3516 2870 3569 ΙΑ⁹.
2893 3548 2959 3556 -
2978 3519 3080 3582 Εἰς
3110 3517 3214 3570 τὸν
3240 3518 3583 3585 ταξιάρχην.

2421 3600 2524 3653 Τοῦ
2558 3601 2867 3672 ταξιαρχεῖν
2892 3604 2981 3655 τὸν
3010 3605 3164 3670 λόγον
3193 3605 3532 3675 δεδεγμένος,

2435 3692 2519 3754 Ὡς
2548 3693 2835 3761 ταξίαρχος
2865 3694 2954 3745 τοῦ
2988 3693 3094 3746 λεὼ
3123 3693 3217 3746 τοῦ
3243 3696 3472 3764 Κυρίου,

2420 3782 2584 3846 Τάξιν
2613 3782 2848 3850 φύλαττε
2879 3785 3042 3836 παντὶ
3074 3785 3250 3855 καιρῷ
3280 3786 3372 3838 καὶ
3400 3787 3569 3857 τόπῳ,

2433 3871 2520 3922 Ἐν
2552 3871 2770 3934 εἰσόδοις
2797 3872 2932 3942 ὁμοῦ
2965 3890 3023 3926 τε
3047 3874 3139 3927 καὶ
3170 3875 3443 3940 διεξόδοις,

2432 3963 2518 4014 Ἐν
2549 3965 2668 4025 ταῖς
2703 3964 2964 4026 ὐπανταῖς
2995 3966 3168 4032 δψεων
3206 3967 3312 4018 τῶν
3351 3966 3568 4036 ὲξόχων,

2431 4052 2518 4103 Ἐν
2543 4055 2655 4114 τοῖς
2682 4051 2996 4123 ἀθροισμοῖς
3024 4056 3118 4113 τοῦ
3151 4055 3279 4108 ναοῦ
3301 4056 3396 4109 τοῦ
3430 4058 3721 4112 Δεσπότου.

2420 4146 2770 4217 Χοροστατῶν
2798 4148 3042 4211 ἅπαντας
3072 4150 3250 4219 εἱρμῷ
3284 4153 3378 4203 καὶ
3406 4151 3566 4220 λόγῳ,

2419 4238 2614 4306 Τηρῶν
2646 4238 2875 4291 ἑκάστου
2908 4241 3008 4310 τὴν
3040 4242 3376 4311 τεταγμένην
3409 4242 3563 4310 βάσιν
3589 4261 3602 4274 ·

2421 4326 2616 4395 Στολὴν
2645 4327 2908 4389 ἁπαιτῶν,
2942 4329 3034 4380 καὶ
3071 4329 3306 4398 βάδισμα
3331 4333 3390 4383 τὸ
3416 4333 3640 4400 πρέπον.

2423 4416 2482 4465 Εἰ
2507 4416 2676 4468 ταῦτα
2697 4420 2854 4485 ποιῇς
2880 4417 3186 4486 ἐμφρόνως,
3211 4419 3302 4470 καὶ
3335 4419 3617 4482 συντόνως,

2344 4514 2395 4571 D
2422 4507 2746 4575 Θεοπρεπῶς
2777 4524 2858 4570 τε,
2891 4509 3128 4574 πραέως,
3161 4510 3516 4576 κεκριμένως,

2423 4597 2600 4660 "Eget;
2623 4597 2800 4665 χάριν,
2833 4599 2926 4648 καὶ
2963 4597 3154 4665 μισθὸν
3189 4599 3252 4650 ἐκ
3287 4599 3422 4651 Θεοῦ
3456 4601 3645 4668 μέγαν.

2767 4683 2864 4737 ΙΒ⁰.
2899 4715 2955 4726 -ο
2971 4686 3070 4750 Εἰς
3098 4684 3204 4736 τὸν
3232 4690 3608 4754 κελλαρίτην.

2419 4790 2514 4853 Τίς
2541 4791 2617 4854 ὡς
2644 4794 2726 4855 σὺ,
2756 4793 2962 4858 τέκνον,
2995 4794 3230 4863 ἐργάτης
3259 4794 3394 4849 Θεοῦ
3433 4797 3617 4865 πέλεις

2423 4883 2605 4950 Ἔχεις
2635 4885 2739 4953 γὰρ
2767 4884 2924 4954 έργον
2959 4887 3163 4956 σφόδρα
3193 4889 3297 4941 τῶν
3326 4890 3498 4943 ἄλλων
3527 4891 3708 4958 πλέον,

2419 4973 2540 5024 Τῶν
2565 4976 2663 5043 τῆς
2690 4976 3050 5046 άδελφότητος
3084 4981 3264 5048 ἄρχων
3298 4981 3618 5051 βρωμάτων.

2420 5065 2576 5128 Ὀλος
2615 5065 2876 5136 πρόσελθε
2904 5068 3213 5131 πανσθενῶς
3242 5075 3307 5141 τῇ
3342 5075 3599 5142 φροντίδι,

2419 5155 2605 5218 Διδοῦς
2637 5157 2848 5226 ἑκάστῳ
2874 5159 2933 5210 τὸ
2965 5160 3236 5229 προσῆκον
3265 5163 3322 5213 ὲν
3353 5165 3546 5233 κρίσει.

2419 5245 2604 5314 Πύρὰς
2626 5249 2672 5285 ι·
2706 5247 2878 5315 δέχοιο
2899 5252 2996 5313 τῆς
3027 5251 3446 5322 πολυζητησίας.

2422 5331 2666 5388 Ἐκεῖνον
2695 5337 2885 5398 οὕτως,
2915 5339 3070 5391 ἄλλον
3097 5341 3319 5405 ἀλλοίως
3351 5343 3546 5414 φέρων,

2417 5429 2637 5499 Πράως,
2668 5431 2932 5500 γαληνῶς,
2973 5435 3290 5502 συμπαθῶς,
3323 5437 3700 5506 οίκτιρμόνως.

2417 5516 2603 5584 Οὕτως
2634 5522 2739 5591 γάρ
2765 5522 2905 5586 ἔξεις
2940 5526 3035 5576 σῦν
3066 5525 3319 5596 Στεφάνῳ
3345 5527 3404 5578 τὸ
3428 5527 3636 5594 στέφος.

2734 5610 2828 5666 ll".
2850 5615 3032 5679 -Είς
3062 5616 3167 5667 τὸν
3195 5616 3630 5683 ἁριστητάριον.

2428 5699 2487 5751 Ἀ
2500 5701 2820 5768 ριστοποιῶν
2855 5705 2966 5764 τοῖς
2999 5701 3244 5770 ἀδελφοῖς
3267 5721 3381 5766 σου,
3406 5705 3583 5768 τέκος,

2419 5788 2492 5845 Εὖ
2525 5811 2610 5862 μοι
2648 5793 2876 5858 στῦϐαζε
2909 5795 3016 5850 τῶν
3042 5796 3328 5865 τραπεζῶν
3349 5798 3444 5860 τὰς
3471 5797 3667 5864 θέσεις,

3851 402 3952 464 784
