4188 6530
276 539 509 618 Σκίαθμῴ
538 541 629 595 τὸν
662 541 845 611 ἄρτον,
875 538 931 592 ετ
956 556 1008 592 τι
1034 538 1080 592 δ’
1107 539 1173 593 ἂν
1204 539 1411 609 βρωτὺν
1443 539 1580 612 τύχῃ
1602 582 1616 601 ο

280 638 439 699 Ἴσως
468 631 727 705 μερίζων,
759 635 867 695 τοῖς
896 632 951 685 δὲ
992 628 1205 701 μείζοσι
1232 631 1411 687 πλέον.

275 728 482 798 Διπλῆς
502 729 666 798 τιμῆς
692 724 802 794 γὰρ
827 723 1012 789 ἀξιοῦν
1042 723 1267 788 τούτους
1294 723 1470 794 λόγος.

271 822 457 875 Φείδου
485 820 530 873 δ’
559 818 761 889 ὁμοίως
786 821 881 871 καὶ
912 818 1005 871 τὸν
1034 817 1400 889 ύστεροτάτην
1424 833 1441 849 ο

273 916 454 975 Ἀπας
477 911 583 983 γάρ
607 912 723 964 ἐστι
750 909 843 963 σὺν
870 910 1052 980 μέλος,
1085 909 1190 963 κᾶν
1216 911 1317 963 οὐκ
1343 910 1475 971 ἴσως
1492 925 1505 940 ·

269 1006 381 1059 Καὶ
414 1004 521 1075 μὴν
554 1000 841 1072 παρεστὼς
863 1000 939 1065 ὡς
969 1000 1215 1073 τραπέζῃ
1252 1002 1545 1067 Δεσπότου,

281 1094 621 1156 Ἀποστόλοις
654 1094 841 1163 νόμιζε
869 1092 1111 1146 δουλείαν
1140 1094 1351 1163 φέρειν.

268 1186 530 1257 Στρέφου,
565 1184 781 1253 θεὼρει,
813 1184 975 1253 vr,pr
1005 1182 1241 1253 ἁλλοπερ
1272 1185 1474 1252 νέμων.

268 1280 365 1331 Ἰν*
394 1274 454 1332 εὖ
481 1277 703 1347 γένηται
734 1277 827 1329 καὶ
852 1276 1010 1347 χάρις
1034 1292 1115 1331 σοι
1153 1276 1402 1333 πλουσία.

652 1369 750 1423 ῘΔ’.
772 1398 841 1408 --
857 1370 960 1434 Εἰς
983 1368 1091 1423 τὸν
1124 1370 1439 1438 ὀψοποιόν.

265 1465 370 1516 Τὸν
399 1460 651 1532 ὀψοποιὸν
680 1460 763 1522 τίς
790 1476 871 1525 σε,
908 1460 1122 1524 τέκνον,
1148 1462 1207 1514 ού
1251 1462 1462 1531 στέφει,

265 1557 437 1609 Πολὺν
464 1554 695 1624 φέροντα
724 1552 815 1606 τὸν
845 1550 1011 1605 κόπον
1048 1552 1401 1624 καθημέραν;

264 1645 612 1701 Δονλευτικόν
648 1662 728 1697 σοι
758 1644 968 1715 χρῆμα,
1004 1642 1192 1713 μισθὸς
1224 1642 1268 1695 δ’
1298 1640 1392 1697 οὖν
1417 1644 1613 1714 μέγας.

262 1740 469 1810 Χρῆσις
503 1734 779 1808 ρυπώδης,
810 1733 949 1789 ἀλλὰ
973 1734 1203 1803 πλυτρὶς
1230 1736 1609 1806 πταισμάτων.

260 1832 448 1899 Φλέγει
478 1848 536 1884 σε
564 1829 659 1883 νῦν
689 1828 823 1899 πῦρ,
845 1828 907 1881 ού
936 1828 996 1881 τὸ
1025 1826 1214 1898 μέλλον
1237 1827 1294 1880 δὲ
1329 1828 1504 1897 κρίνει
1527 1842 1541 1855 ⁸

263 1924 509 1993 Ιιροσσὰς
537 1920 805 1993 σταθηρὸς
832 1920 1018 1973 λοιπὸν
1038 1921 1116 1980 εἰς
1142 1919 1242 1990 τὴν
1273 1918 1452 1989 ὲψίαν,

261 2017 467 2069 Ἐωοεν
499 2015 659 2076 εὐθὺς
684 2013 827 2068 κλῶν
855 2011 1066 2076 δαλοὺς,
1100 2013 1302 2083 χύτρας
1334 2010 1486 2076 κλύε,

258 2108 493 2177 Βρώσεις
525 2104 834 2175 προσεψῶν,
858 2104 933 2167 ὡς
955 2103 1111 2167 Θεοῦ,
1137 2105 1205 2157 τὰ
1235 2104 1346 2157 τῶν
1376 2104 1582 2158 τέκνων
1599 2122 1611 2136 ·

259 2202 456 2270 Εὑχαίς
485 2195 688 2261 ἁλίζοις
710 2196 883 2250 ταῦτα
913 2195 1101 2266 ὥσπερ
1125 2196 1404 2267 ἀρτύσεις,

258 2293 353 2345 Ἳν*
376 2292 671 2362 εύλογηθῇς
705 2289 779 2353 ὡς
813 2287 1008 2342 Ἰακὼῆ
1037 2287 1115 2357 τῷ
1144 2288 1333 2353 πάλαι,

258 2386 365 2437 Καὶ
391 2387 542 2454 χαῖρε
568 2382 775 2444 τούτοις
811 2380 1047 2433 ἐκτελῶν
1072 2397 1163 2432 σου
1195 2378 1288 2432 τὸν
1314 2379 1531 2451 δρόμον.

364 2478 459 2529 ΙΕ¹.
482 2505 547 2514 —
572 2477 673 2539 Εἷς
703 2472 844 2536 τοὺς
864 2472 1097 2541 paper},
1126 2471 1683 2541 ἤτοιβεστιαρίους.

266 2571 449 2639 Ὑμεῖς
479 2569 725 2637 ἔπαρχοι,
752 2566 845 2620 καὶ
868 2565 1141 2637 διαιτηταὶ
1176 2566 1320 2635 μάλα

255 2664 373 2715 Τῶν
404 2663 499 2732 τῆς
534 2659 886 2729 ἀδελφότητος
913 2659 1337 2728 ἁμφιασματων,

266 2754 437 2820 Ἀγὼν
469 2755 596 2823 ύμῖν
620 2752 680 2803 ού
709 2749 901 2821 μικρός
927 2750 983 2801 ὲν
1006 2750 1181 2819 τούτῳ
1214 2752 1391 2819 πέλει,

254 2846 475 2919 φροντὶς
505 2846 559 2898 δὲ
593 2843 784 2913 πολλὴ,
815 2843 909 2895 καὶ
945 2842 1205 2912 μέριμνα,
1238 2843 1332 2895 καὶ
1359 2845 1547 2910 κόπος,

262 2941 538 3001 Ῥάπτειν,
565 2940 862 3009 νεουργετν,
895 2934 1265 3005 ἐκκαθαίρειν,
1301 2936 1396 2989 καὶ
1420 2936 1657 3003 πλύνειν,

254 3034 457 3102 Νέμειν
486 3031 695 3097 ἑκάστῳ
721 3028 783 3080 τὸ
811 3027 1189 3097 προταρμόξον
1217 3027 1383 3097 λόγῳ,

258 3127 415 3185 Ἴσως
446 3122 543 3193 μὲν
571 3120 691 3183 οῦκ,
730 3120 863 3183 ίσως
893 3119 951 3172 δὲ
982 3120 1191 3190 φίλτρῳ
1220 3122 1311 3174 καὶ
1338 3122 1488 3191 πόοῳ
1514 3137 1529 3153 ⁸

258 3216 450 3270 ’Δλλου
480 3214 586 3285 γὰρ
615 3212 771 3276 ἄλλος
800 3211 1100 3281 ἀξιώτερος
1131 3214 1298 3285 πόνῳ.

255 3310 511 3361 Σκοπείτε
537 3305 719 3358 λοιπὸν
745 3305 915 3358 ταῦτα
946 3308 1119 3359 ποιεῖν
1148 3308 1461 3380 σωφρόνως,

255 3400 440 3461 *οπως
473 3395 715 3467 ἀμοιόῶν
740 3396 1093 3464 ἀντιλήψεσθε
1121 3398 1299 3467 χρέος,

256 3490 396 3560 Πρὸς
418 3488 511 3541 τοῦ
541 3484 674 3539 Θεοῦ
698 3485 927 3549 διδόντος
950 3486 1107 3551 ἀξίας
1130 3487 1321 3552 δόσεις.

565 3581 679 3645 ις’.
696 3607 765 3618 --
783 3580 887 3644 Elc
915 3579 1056 3645 τοὺς
1078 3579 1480 3649 ἀρυπνιστάς.

255 3670 397 3741 Πρὸς
427 3672 590 3723 πᾶσιν
616 3668 793 3733 ἄλλοις
819 3669 928 3721 οὐδ’
960 3670 1087 3739 ύμῖν
1114 3669 1308 3739 μικρὸς
1336 3670 1527 3734 κόπος,

254 3762 599 3832 Διεξανιστᾷν
627 3762 751 3825 τοὺς
780 3760 1043 3825 ὑπνώδεις
1071 3761 1385 3829 συγγόνους,

255 3854 683 3907 Συνεισελαύνειν
706 3854 834 3915 τοὺς
862 3853 1128 3923 γυρευτὰς
1157 3853 1234 3916 είς
1269 3853 1455 3922 μέσον.

253 3944 296 3995 Τ
301 3943 444 3996 οίνυν
479 3944 695 3995 ἐπειδὰν
726 3943 960 4015 σαλπίσῃ
988 3961 1070 4004 τις
1098 3944 1156 3996 τὸ
1189 3943 1363 4011 Ξύλον,

268 4033 355 4095 Ὦς
385 4034 604 4101 ἄγγελοι
638 4034 880 4103 παρευθὺ
914 4033 1333 4104 δεδραμηκότες,

253 4119 347 4181 Εἰς
376 4122 548 4173 πάντα
579 4121 944 4183 κοιτωνίσκον,
973 4124 1052 4185 εἰς
1077 4123 1318 4193 κρυπτὸν
1342 4122 1525 4177 τόπον.

264 4210 533 4279 Ἐγείρετε
568 4210 703 4281 πρὸς
732 4210 899 4279 ὕμνον
930 4212 1213 4282 ἀχρὰντων
1246 4212 1441 4281 λόγων,

256 4300 700 4371 Συνεισφέροντες
727 4302 805 4362 είς
834 4299 968 4353 νεὼν
1000 4302 1092 4354 τοῦ
1114 4303 1406 4369 Δεσπότου,

265 4390 352 4443 Ἑν
375 4392 628 4462 ἡμέραις,
659 4393 716 4444 ἑν
742 4391 912 4455 νυξὶν,
940 4394 998 4445 ὲν
1033 4392 1421 4463 μεσημϐρίαις,

252 4483 521 4535 Ἕκαστον
544 4483 723 4537 αὐτῶν
752 4483 1179 4554 προσκαλοῦντες
1208 4484 1464 4548 εὐθέτως.

253 4575 438 4635 Ὅπως
471 4566 600 4644 ὑμῖν
628 4576 719 4627 τὸν
755 4575 942 4645 μισθὸν
970 4574 1118 4639 ἄξιον
1156 4577 1293 4650 νέμῃ
1312 4618 1328 4640 ,

262 4668 319 4720 '0
352 4667 523 4719 πάντα
553 4666 789 4736 μἐτρῶν,
823 4668 919 4720 καὶ
948 4668 1125 4737 νέμων
1157 4672 1276 4722 κατ’
1302 4670 1477 4735 ἀξίαν.

598 4762 697 4814 ΙΖ’.
717 4792 784 4803 -—-
801 4762 904 4825 Εἰς
929 4761 1039 4814 τὸν
1063 4766 1422 4832 νοσοκόμον.

252 4853 324 4906 Τὸ
351 4853 539 4923 χρῆμα
565 4854 727 4917 θεῖον,
759 4852 1001 4907 ἀσθενῶν
1036 4852 1174 4925 βάρη
1203 4855 1411 4925 φέρειν.

252 4943 452 4995 Τούτου
484 4942 661 5013 λαχὼν
694 4943 1016 5009 πύκτευσον,
1056 4938 1101 4997 ῶ
1136 4962 1226 5015 μοι
1250 4946 1481 5013 τεχνίον,

252 5033 502 5104 Θερμῶς,
530 5034 823 5105 προθύμως
850 5038 1087 5090 ἐκτελεῖν
1113 5054 1205 5089 σου
1232 5037 1323 5090 τὸν
1355 5038 1574 5109 δρόμον,

252 5124 462 5177 Ἔωθεν
494 5124 653 5188 εὐθὺς
680 5128 803 5191 τοὺς
832 5126 1105 5199 κλινήρεις
1139 5145 1232 5181 σου
1270 5128 1507 5199 βλέποις,

258 5214 450 5266 Ἀλλου
484 5214 591 5284 πρὸ
622 5215 818 5279 παντὸς
850 5218 1220 5288 φαρμακεύων
1251 5224 1362 5284 τοῖς
1393 5221 1591 5290 λόγοις,

254 5301 365 5358 Εἶτ’
398 5302 463 5359 αὖ
493 5308 807 5375 πρεπόντως
832 5309 1160 5379 προσφέροις
1188 5311 1349 5365 σίτων
1376 5312 1576 5379 δόσεις,

265 5393 352 5460 Ὠς
381 5397 485 5468 χρὴ
518 5397 562 5449 δ’
594 5398 829 5469 ἑκάστῳ,
859 5399 1223 5470 συνδιακρίσει
1250 5403 1430 5471 λόγου.

255 5489 426 5553 Μέλος
450 5489 557 5559 γάρ
587 5491 721 5549 ἑστι.
756 5493 828 5562 μὴ
858 5492 1130 5563 παρέρχου
1159 5494 1248 5547 τὸν
1280 5496 1467 5562 πέλας.

256 5580 437 5644 Οὕτως
469 5582 824 5652 ὑπηρετοῦντι
859 5584 1046 5654 μισθός
1073 5601 1155 5638 σοι
1192 5588 1382 5655 μέγας,

255 5671 373 5737 Φῶς
405 5674 711 5742 ἀπρόσιτον,
741 5677 986 5746 οὐρανῶν
1016 5678 1297 5749 εύκληρία.

588 5765 690 5819 lﬂ'.
712 5769 895 5833 -Εἱς
932 5769 1073 5835 τοὺς
1106 5771 1457 5838 νοσοῦντας.

260 5858 332 5915 Τὸ
352 5858 449 5929 τῆς
474 5860 628 5915 νόσου
664 5879 754 5933 μοι
779 5862 948 5935 δῶρον
975 5860 1057 5931 εὖ,
1091 5864 1294 5935 τέκνον,
1323 5866 1500 5937 δέχου.

1760 439 1997 496 ΙΑΜΒῙ.

1854 554 1900 603 Α
1929 540 2127 596 Panem
2149 558 2216 597 ex
2242 543 2473 607 amussi,
2505 551 2558 597 et
2586 544 2632 597 si
2663 543 2792 612 quid
2822 553 2903 597 est
2929 544 3115 607 edulii,

1926 632 2132 688 Partire
2160 634 2229 688 ab
2252 649 2428 703 aequo,
2459 635 2580 704 plus
2614 644 2794 689 tamen
2828 634 3160 704 majoribus:

1926 723 2058 779 Nam
2094 725 2292 795 duplici
2323 726 2529 779 honore
2558 724 2658 779 hos
2682 724 2817 779 allici
2843 726 2982 779 ratio
3003 726 3179 795 jubet.

1928 816 2191 871 Reverere
2223 816 2425 886 pariter
2456 817 2642 871 intimo
2661 817 2825 871 situm
2848 816 3039 886 gradu,

1924 905 2059 961 Nam
2090 908 2329 962 membra
2394 908 2575 963 cuncti
2618 917 2746 962 sunt
2769 919 2882 969 tua.
2911 908 3050 961 haud
3068 924 3217 978 mque
3247 917 3420 963 tamen
3458 928 3470 962 :

1925 998 2236 1069 Christique
2265 1010 2523 1070 tanquam
2552 1016 2813 1069 appareas
2840 1000 3108 1064 convivio,

1923 1092 2198 1159 Apostolis
2218 1101 2269 1146 te
2302 1101 2431 1146 tunc
2460 1091 2773 1146 ministrare
2790 1092 3022 1146 aestima.

1924 1181 2163 1250 Appone,
2208 1181 2353 1243 tolle,
2385 1189 2533 1236 verte
2563 1192 2638 1248 te,
2674 1179 3031 1250 circumspice
3058 1199 3074 1235 :

1930 1271 1996 1327 Ut
2021 1274 2238 1343 copiosa
2265 1273 2449 1327 redeat
2474 1273 2539 1327 ad
2569 1283 2619 1327 te
2646 1273 2840 1343 gratia.

2271 1362 2412 1419 XIV.
2449 1394 2519 1404 ——
2545 1363 2612 1417 In
2640 1379 2883 1433 coquum.

1926 1458 2151 1528 Dignum
2182 1471 2383 1512 corona
2418 1463 2471 1509 te
2497 1471 2732 1526 coquum
2758 1457 2881 1525 quis
2899 1456 3125 1519 abnuat,

1920 1551 2089 1622 Cujus
2119 1551 2376 1621 perennis
2406 1551 2458 1605 in
2492 1550 2609 1606 dies
2637 1552 2798 1606 durat
2823 1552 3017 1604 labor?

1922 1646 2125 1702 Servile
2155 1663 2355 1702 munus
2384 1657 2489 1714 est,
2533 1659 2588 1703 at
2620 1650 2810 1716 ingens
2837 1647 3117 1716 prtemium
3157 1666 3171 1702 :

1921 1739 2201 1794 Immunda
2230 1754 2336 1803 res,
2372 1740 2463 1795 sed
2495 1754 2602 1809 qua
2644 1738 2889 1792 lavantur
2918 1737 3168 1792 crimina.

1920 1832 2069 1886 Nunc
2096 1832 2235 1903 ignis
2285 1833 2415 1895 urit,
2464 1847 2531 1884 ne
2556 1831 2776 1886 futurus
2810 1830 3051 1884 devoret.

1918 1926 2027 1996 Age
2065 1942 2211 1996 ergo.
2252 1925 2405 1979 hctus
2430 1926 2497 1979 ad
2520 1925 2810 1994 coquinam
2848 1927 3097 1988 convola,

1918 2017 1985 2070 Et
2019 2033 2175 2072 mane
2205 2028 2377 2073 torres
2414 2018 2665 2078 dissecta,
2694 2016 2828 2070 ollas
2852 2016 2991 2079 clue,

1918 2108 2167 2163 Fratrum
2197 2118 2438 2176 tuorum,
2458 2125 2556 2164 ceu
2588 2108 2705 2173 Dei,
2759 2108 2910 2161 cibos
2946 2116 3143 2175 coque,

1916 2200 2169 2255 Precibus
2189 2201 2417 2255 subinde
2454 2200 2739 2262 condiens.
2776 2211 3037 2268 tanquam
3077 2197 3227 2253 sale:

1916 2288 2312 2343 Denetlictionis
2341 2286 2511 2343 Jacob
2540 2298 2601 2342 ut
2630 2289 2708 2342 sis
2731 2288 3042 2357 particeps:

1916 2376 2146 2449 lstisque
2176 2378 2341 2433 vitam
2371 2378 2623 2433 claudere
2659 2377 2715 2430 in
2746 2376 2943 2431 studiis
2962 2375 3135 2444 jnvet.

2193 2467 2311 2523 XV.
2333 2498 2402 2509 —
2432 2468 2498 2521 In
2522 2478 2750 2522 sonores
2778 2482 2867 2519 seu
2899 2465 3191 2519 vestiarios.

1920 2561 2026 2617 Vos
2056 2561 2363 2616 administri
2387 2569 2441 2614 et
2468 2559 2724 2630 prasides
2754 2556 3031 2628 potissimi

1915 2653 2111 2708 Cultus
2137 2654 2356 2717 domus,
2382 2652 2571 2722 reique
2605 2648 2874 2705 vestiat-ise
2894 2689 2909 2715 ,

1917 2742 2025 2798 Nec
2050 2742 2338 2798 dilIicultas
2358 2757 2527 2814 parva
2546 2753 2727 2796 vestro
2759 2740 2811 2793 in
2846 2752 3087 2801 munere,

1919 2833 2025 2889 Sed
2052 2849 2180 2892 cura
2215 2843 2359 2889 certe
2399 2832 2651 2903 plurima,
2683 2841 2736 2887 et
2766 2829 3026 2893 studium,
3048 2836 3103 2881 et
3136 2826 3306 2891 labor,

1919 2925 2111 2990 Suere,
2139 2939 2360 2988 novare,
2384 2924 2641 2987 colluere,
2668 2923 2969 2994 detergcre,

1918 3014 2165 3069 Dividere
2191 3014 2412 3080 cuique,
2471 3022 2618 3065 recta
2648 3012 2794 3082 quod
2853 3014 2991 3066 ratio
3023 3016 3226 3073 monet,

1918 3100 2035 3155 Non
2060 3111 2209 3155 sorte
2237 3100 2449 3165 eadem,
2484 3116 2670 3153 verum
2688 3114 2877 3153 amore
2903 3100 3047 3153 haud
3068 3096 3293 3164 dispari,

1917 3187 2126 3256 Quippe
2154 3187 2289 3241 alter
2312 3188 2484 3241 altero
2505 3186 2576 3241 ob
2605 3186 2843 3241 laborem
2875 3184 3210 3255 estdignior.

1917 3276 2102 3329 Videte
2132 3288 2294 3343 porro
2324 3273 2547 3343 provide
2576 3274 2663 3329 his
2690 3273 2993 3343 fungamini
3027 3290 3041 3325 :

1912 3367 2175 3423 Mercedis
2206 3375 2264 3420 ut
2292 3369 2359 3420 ab
2379 3367 2471 3420 illo
2496 3365 2682 3421 feratis
2712 3367 2958 3437 gratiam,

1913 3459 2148 3531 Equata
2179 3458 2389 3515 meritis
2430 3458 2524 3528 qui
2546 3459 2794 3527 rependit
2823 3458 3066 3527 pramia.

2351 3545 2488 3603 XVI.
2519 3575 2589 3586 --
2615 3546 2679 3601 In
2707 3548 3044 3601 cxcitatores.

1913 3660 2020 3716 Nec
2052 3676 2253 3731 parvus
2284 3660 2427 3714 inter
2456 3667 2681 3714 caeteros
2714 3659 2872 3711 vobis
2904 3658 3083 3722 labor,

1914 3754 2263 3809 Exsuscitare
2295 3753 2668 3808 somnolentos
2699 3766 3016 3821 congreges,

1911 3845 2221 3915 Locumque
2244 3845 2299 3899 in
2328 3861 2495 3899 unum
2524 3855 2675 3913 parte
2704 3845 2772 3899 ab
2803 3844 2951 3898 omni
2981 3859 3190 3913 cogere.

1914 3938 2088 3992 Simul
2135 3952 2266 4007 ergo
2296 3937 2429 4006 ligni
2462 3946 2590 3991 nota
2622 3938 2907 4006 personuit
2936 3937 3085 3998 tuba,

1910 4029 2033 4084 Mox
2064 4030 2381 4100 angelorqu
2413 4044 2567 4083 more
2595 4044 2818 4084 cursum
2850 4028 3113 4082 intendite

1910 4122 2085 4176 Cellas
2122 4136 2216 4190 per
2248 4135 2462 4186 omnes,
2493 4130 2633 4176 tecta
2664 4137 2762 4191 per
2791 4121 3012 4175 cubilia.

1912 4213 2086 4268 Divini
2125 4214 2191 4269 ad
2226 4214 2458 4285 hymnos
2490 4216 2721 4269 excitate
2748 4214 3031 4279 carminis,

1910 4303 1977 4357 Et
2011 4304 2225 4358 Domini
2258 4305 2323 4359 ad
2353 4305 2522 4359 aedem
2555 4305 2748 4360 sedulo
2779 4307 3109 4376 compellite,

1908 4392 2169 4458 Interdiu,
2204 4406 2505 4465 noctuque,
2541 4411 2637 4451 seu
2680 4396 2927 4461 meridie,

1910 4484 2089 4540 Unum
2127 4496 2417 4544 evocantes
2448 4503 2721 4559 quemque
2748 4504 2911 4559 quam
2948 4490 3277 4545 scitissime:

1834 4570 1887 4631 D
1914 4575 2022 4632 Vos
2051 4579 2375 4648 congruenti
2404 4581 2626 4648 pramio
2651 4590 2712 4633 ut
2742 4591 3073 4643 remuneret,

1912 4665 2016 4733 Qui
2054 4675 2253 4722 cuncta
2290 4667 2454 4737 justis
2478 4668 2584 4722 rite
2613 4667 2845 4737 p'artitur
2872 4670 3068 4723 modis.

2189 4757 2351 4814 XVII.
2383 4790 2452 4802 --
2482 4757 2547 4812 In
2582 4775 2843 4829 agrorum
2874 4769 3189 4815 curatorem.

1910 4853 2101 4907 Divina
2132 4868 2219 4908 res
2248 4862 2333 4908 est
2362 4854 2597 4923 compati
2622 4869 2889 4925 aegrorum
2921 4854 3097 4909 malis.

1910 4946 2019 5003 Has
2047 4963 2177 5018 ergo
2208 4956 2389 5017 partes
2415 4948 2714 5012 sustinens,
2746 4947 2842 5010 ﬁli,
2874 4949 3050 5012 stude,

1910 5040 2168 5109 Prompte
2199 5055 2262 5094 ac
2292 5038 2547 5104 libenter,
2580 5054 2742 5108 quem
2769 5048 2939 5105 tenes,
2968 5055 3189 5095 cursum
3226 5041 3378 5111 sequi
3411 5056 3425 5093 :

1911 5130 2076 5185 Lecto
2102 5130 2349 5200 iacentes
2381 5129 2501 5184 luce
2544 5129 2721 5199 prima
2760 5130 3013 5193 invisere,

1909 5221 2265 5291 Primumque
2288 5221 2499 5275 blandis
2528 5219 2821 5276 confovere
2857 5220 3109 5277 affatibus
3139 5239 3153 5275 :

1908 5312 2039 5368 Post
2064 5313 2177 5367 haec
2202 5319 2387 5381 parata
2420 5311 2782 5365 condecenler
2822 5311 3082 5375 inferens,

1911 5404 1980 5460 Ut
2011 5406 2205 5474 cuique
2228 5402 2519 5473 quadram,
2546 5403 2823 5457 esculenta
2848 5403 3048 5457 divide.

1908 5495 2053 5551 Cave
2083 5495 2359 5563 relinquas
2392 5493 2697 5562 proximum
2735 5512 2748 5547 :
2784 5509 2911 5563 pars
2946 5504 3029 5549 est
3056 5497 3155 5553 tui.

1910 5586 2049 5641 Dum
2076 5586 2154 5641 sic
2177 5585 2476 5650 ministras,
2505 5599 2696 5654 magna
2723 5600 2933 5641 merces
2968 5596 3017 5641 te
3055 5598 3259 5653 manet,

1912 5678 2031 5733 Lux
2060 5678 2406 5748 sempiterna,
2437 5692 2557 5733 sors
2590 5681 2743 5733 beata
2776 5680 3044 5734 cmlitum.

2309 5771 2499 5827 XVIII.
2529 5802 2595 5811 —
2628 5769 2695 5825 In
2722 5782 3061 5843 aegrotantes.

1912 5863 2039 5921 Mihi
2074 5866 2195 5934 rite,
2224 5865 2318 5932 (ili,
2349 5880 2550 5921 munus
2577 5865 2679 5922 hoc
2710 5867 2883 5923 morbi
2908 5881 3077 5935 cape:

3341 440 3470 503 1786
