4188 6468
742 408 874 471 1787
1912 408 1969 465 S.
2010 405 2397 464 THEODORI
2436 404 2779 463 STUDITrE

736 524 989 577 Caelestis
1021 520 1123 571 ista
1157 526 1240 571 est
1271 532 1400 571 cura
1430 517 1805 587 providentiae.

740 613 841 668 Fer
874 611 1155 667 aestuantis
1191 611 1401 664 fortiter
1445 610 1716 663 ﬂammam
1753 608 1901 672 mali,

742 706 809 760 Et
844 705 989 758 molli
1020 704 1279 757 habenda!
1308 716 1431 756 rore
1459 702 1605 771 tinge
1638 702 1844 770 gratire.

740 795 844 850 Job
874 794 1151 858 simulare,
1177 794 1326 863 paria
1354 808 1476 846 cum
1506 793 1622 845 viro
1649 793 1897 859 loquens,

742 888 848 954 Qui
876 904 976 941 nec
1011 887 1281 957 loquendo
1308 885 1485 953 decipi
1516 900 1575 939 se
1611 898 1806 953 passus
1830 898 1932 938 est.

746 980 804 1035 Si
833 981 969 1035 forte
1003 982 1197 1034 transit
1224 979 1516 1049 quispiam,
1547 978 1689 1031 haud
1729 993 1892 1032 cerne
1913 986 1967 1032 et
1994 985 2132 1042 tace,

746 1076 1048 1130 Contentus
1084 1075 1195 1139 illa,
1226 1089 1388 1143 quam
1419 1074 1495 1127 tui
1529 1088 1717 1128 curam
1745 1081 1962 1142 gerunt,

751 1166 822 1223 Ut
864 1168 945 1223 sic
972 1167 1027 1221 in
1061 1180 1201 1236 agro
1246 1182 1342 1220 cor
1376 1166 1673 1221 hiiarescat
1704 1181 1957 1235 corpore.

1228 1279 1370 1335 XIX.
1400 1311 1469 1320 —
1500 1279 1565 1334 In
1596 1290 1823 1334 sutores.

750 1372 795 1427 Ο
830 1382 1070 1441 quantus
1104 1372 1237 1427 artis
1275 1382 1355 1427 est
1390 1373 1565 1426 honos
1594 1372 1849 1426 sutoriaa!

750 1463 853 1519 Ars
884 1479 1078 1534 nempe
1107 1463 1258 1517 Pauli
1290 1464 1511 1517 maximi
1553 1476 1634 1519 est
1670 1463 1928 1533 apostoli.

750 1556 885 1624 Ejus
914 1556 1163 1610 laborum
1193 1556 1466 1625 provocati
1502 1557 1789 1619 memoria,

750 1646 1014 1713 Perferte,
1049 1649 1195 1701 velut
1225 1649 1505 1717 operarios
1528 1647 1731 1701 Christi
1761 1648 1937 1711 decet,

751 1734 899 1802 Quos
938 1738 1051 1791 haec
1082 1737 1138 1791 in
1170 1737 1333 1791 horas
1363 1751 1500 1791 cura
1530 1737 1761 1792 sudores
1792 1746 1963 1792 creat.

754 1829 928 1883 Sectis
960 1830 1217 1883 decenter
1254 1830 1504 1898 pellibus,
1541 1839 1805 1899 quantum
1830 1838 1913 1883 est
1944 1843 2102 1897 opus,

752 1919 952 1977 Vetera
988 1923 1263 1987 innovate,
1292 1923 1485 1978 deinde
1515 1938 1654 1977 nova
1681 1922 2035 1991 compingite,

759 2014 869 2069 Nec
896 2014 1198 2085 quidquam
1227 2016 1389 2070 inerti
1425 2015 1678 2085 projicite
1709 2014 1983 2081 socordia,

754 2104 909 2171 Quod
950 2108 1094 2160 velut
1122 2107 1363 2176 ineptum
1406 2108 1599 2177 projici
1636 2123 1745 2161 non
1776 2106 1968 2161 debeat
1996 2124 2010 2160 :

755 2199 832 2253 De
857 2200 987 2269 quid
1020 2200 1262 2254 vicissim
1304 2201 1522 2269 parcius
1543 2200 1835 2255 concidite.

756 2291 892 2345 Nam
925 2302 1117 2347 cuncta
1150 2305 1295 2347 recte
1330 2293 1373 2346 si
1403 2294 1611 2363 geritis,
1658 2303 1820 2363 atque
1847 2293 2059 2358 ordine,

757 2387 867 2439 Par
901 2385 1044 2440 lucta
1070 2385 1225 2439 vobis
1264 2396 1566 2455 martyrum
1595 2395 1678 2441 est
1710 2386 2020 2440 certamini.

1160 2498 1282 2555 XX.
1306 2531 1377 2541 —
1406 2500 1470 2554 In
1506 2502 1892 2554 dormitorium.

760 2591 1025 2645 Somnum
1058 2592 1304 2646 levandis
1334 2594 1424 2662 qui
1461 2594 1657 2648 dedisti
1690 2594 1969 2659 sensibus,

762 2684 959 2754 Longa:
988 2684 1097 2739 diei
1131 2700 1268 2754 quos
1293 2686 1509 2740 labores
1538 2696 1798 2751 atterunt,

761 2775 891 2831 Mihi
926 2792 1200 2847 soporem,
1243 2777 1457 2832 Christe
1491 2779 1587 2841 mi,
1625 2778 1859 2833 Verbum
1892 2777 2007 2843 Dei,

762 2867 862 2932 Da,
895 2883 1098 2937 quaeso,
1141 2867 1379 2933 facilem,
1406 2870 1473 2923 da
1504 2869 1653 2923 brevi
1684 2886 1846 2924 cursu
1880 2868 2070 2933 levem,

762 2957 832 3011 Et
857 2959 1186 3013 turbulentis
1217 2960 1448 3013 liherum
1479 2960 1904 3029 phantasmatis,

765 3048 1152 3105 Desiderandis
1190 3050 1497 3105 aIIIuentem
1532 3052 1780 3105 somniis.

767 3140 905 3196 Tum
935 3159 1021 3197 me
1052 3144 1296 3197 vocantis
1324 3144 1524 3198 suscita
1572 3145 1637 3197 ad
1667 3145 1797 3212 ligni
1836 3158 2054 3207 sonum,

766 3232 1266 3304 Exspergefactum,
1301 3235 1533 3288 alacrem
1590 3244 1644 3289 et
1669 3245 1853 3303 aptum
1881 3236 2151 3299 cantibus,

770 3326 1004 3380 Stabiles
1031 3326 1089 3380 in”
1109 3326 1329 3396 hymnis
1356 3327 1457 3381 rite
1479 3324 1809 3381 confirmans
1831 3326 2016 3395 pedes,

768 3416 1001 3471 Mentem
1035 3433 1064 3471 a
1101 3418 1369 3486 protervis
1398 3418 1704 3472 daemonum
1736 3428 1917 3475 tutans
1947 3420 2120 3485 dolis,

770 3508 1067 3578 Clarosque
1100 3508 1299 3578 lingua:
1337 3510 1473 3564 dans
1498 3510 1707 3575 modos,
1735 3512 1891 3580 queis
1926 3512 2173 3583 gloriam,

770 3598 814 3652 Τ
823 3615 1008 3668 uaeque
1041 3600 1228 3655 laudes
1250 3600 1459 3654 intonet
1480 3602 1733 3669 potentia:
1760 3617 1777 3659 :

772 3693 847 3747 Ut
884 3693 963 3747 sic
991 3702 1205 3763 peracta
1237 3701 1395 3747 nocte
1422 3708 1614 3763 purus,
1640 3694 1845 3750 lumine

772 3784 979 3856 Legum
1012 3794 1228 3840 tuarum
1270 3785 1519 3855 perfruar
1546 3788 1809 3843 diluculo.

1077 3898 1217 3952 XXI.
1243 3930 1312 3940 —
1344 3899 1411 3952 In
1444 3901 1626 3954 divites
1666 3918 1728 3954 ac
1756 3918 2025 3972 pauperes.

773 3992 1042 4047 Memento
1076 3994 1168 4060 qui
1200 3993 1297 4055 sis,
1323 4007 1357 4045 ο
1381 3992 1561 4056 homo,
1598 3994 1730 4062 quid
1760 3995 2089 4065 impendeat,

775 4086 948 4152 Quam
982 4085 1165 4140 sedem
1196 4085 1485 4151 inhabites,
1511 4102 1620 4156 quo
1651 4088 1994 4159 migrandum
2030 4090 2284 4161 denique,

774 4179 853 4231 Ad
886 4193 1080 4247 supera
1110 4194 1333 4247 prorsus
1382 4179 1543 4233 tende
1582 4182 1729 4235 curis
1763 4183 2039 4238 omnibus.

774 4269 1015 4323 Plurima
1050 4269 1124 4323 ibi
1157 4270 1271 4332 lux,
1304 4280 1357 4324 at
1404 4286 1561 4340 pmna
1591 4286 1754 4342 porro
1794 4274 2125 4329 indesinens.

776 4361 872 4416 llic
902 4364 1161 4432 quidquid
1196 4372 1296 4427 est,
1337 4364 1390 4417 id
1425 4380 1581 4429 aura,
1620 4365 1837 4431 ﬂuctus,
1868 4369 2162 4423 somnium.

778 4455 1039 4524 Liquatur
1067 4470 1283 4517 aurum,
1314 4456 1431 4511 laus
1458 4458 1615 4525 perit,
1643 4458 1746 4511 alia
1778 4460 2027 4524 elIqunt,

776 4545 1134 4615 Planctuque,
1167 4548 1531 4617 lacrymisquc
1559 4548 1647 4602 hic
1672 4550 1979 4605 redundant
2003 4552 2208 4606 omnia.

778 4636 921 4692 Cave
942 4653 1008 4693 ne
1032 4638 1192 4692 inane
1221 4648 1432 4708 tempus
1461 4639 1603 4693 elabi
1634 4641 1805 4705 sinas,

780 4730 934 4798 Quod
966 4747 1064 4787 nec
1088 4741 1232 4786 retro
1266 4734 1462 4798 redire,
1489 4749 1589 4788 nec
1620 4732 1730 4787 falli
1757 4742 1931 4803 potest

1034 4923 1037 4929 Ι
1218 4842 1381 4898 XXII.
1404 4875 1473 4887 —-
1493 4844 1553 4898 In
1585 4847 1898 4901 mundanas.

780 4930 983 4985 Christi
1020 4944 1281 5000 sequaces
1315 4934 1583 4987 mansueti
1612 4943 1667 4988 et
1694 4934 1906 5003 optimi,

781 5022 893 5077 Cur
916 5022 1170 5077 eﬂ'eratos
1199 5025 1404 5078 mutuis
1442 5025 1750 5091 discordiis,

782 5116 915 5186 Ejus
940 5116 1271 5170 tremendam
1300 5131 1408 5169 non
1440 5118 1605 5186 pudet
1636 5119 1856 5172 domum
1885 5119 2088 5188 ingredi
2112 5120 2135 5172 ?

785 5208 1148 5262 Sacrosancta
1172 5209 1315 5262 dona
1342 5212 1619 5278 quomodo
1648 5210 1925 5263 libabitis?

782 5301 854 5353 At
880 5300 1025 5355 enim
1063 5310 1115 5355 et
1148 5298 1318 5355 Judas
1348 5302 1515 5370 impio
1546 5304 1809 5356 accedens
1846 5303 1992 5364 dolo,

784 5390 943 5446 Foris
974 5391 1238 5455 salutans,
1272 5390 1363 5444 sed
1394 5389 1579 5445 furens
1612 5393 1959 5455 intrinsecus,

785 5483 948 5537 Dirus
972 5481 1217 5552 magistri
1248 5482 1500 5537 venditor
1542 5484 1716 5553 patuit
1750 5484 1857 5538 sui.

786 5573 905 5629 Huc
926 5590 1054 5643 ergo
1090 5590 1157 5629 ne
1182 5575 1303 5644 quis
1331 5575 1537 5631 hostem
1570 5577 1775 5631 habens
1806 5578 2033 5647 gradum
2066 5577 2198 5634 l‘erat
2226 5596 2239 5631 :

786 5665 1065 5721 Mucronis
1098 5668 1268 5722 aciem
1299 5669 1505 5737 pectori
1537 5668 1764 5739 inligens
1800 5687 1922 5737 suo,

787 5757 1062 5813 Flammas
1094 5772 1357 5827 perennes
1388 5760 1593 5827 prmmii
1626 5761 1818 5817 referet
1850 5762 1987 5818 loco.

791 5848 917 5905 Haec
944 5866 1042 5907 nos
1074 5850 1326 5917 scientes,
1363 5854 1513 5911 valde
1539 5869 1783 5912 amemus
1813 5856 2067 5911 invicem.

2327 526 2373 577 Λ
2412 517 2712 586 Ἐπισκοπὴ
2742 516 2849 585 γάρ
2883 515 2997 566 ἐστι
3025 513 3174 576 Θείας
3202 512 3501 583 φροντίδος.

2400 610 2591 678 Φέροις
2624 609 2863 671 ἀνεκτῶς
2882 608 2979 674 τῆς
3010 607 3239 676 καμίνου
3268 606 3366 676 τὴν
3390 606 3587 673 φλόγα,

2415 700 2505 754 Ἐν
2532 700 2609 771 τῷ
2638 691 2912 769 δροσισμῷ
2934 700 3032 769 τῆς
3054 697 3501 768 ἀπευχαριστίας.

2416 791 2535 844 ’1ὼὸ
2559 793 2756 860 γένοιο,
2788 794 2914 855 τοὺς
2939 791 3146 845 ἐκείνου
3176 790 3292 859 φῶν
3319 790 3535 859 λόγους,

2416 888 2531 956 Ἐφ’
2564 880 2644 949 οἷς
2676 888 2941 957 ἁμαρτεῖν
2974 886 3073 939 οὐκ
3104 885 3274 956 ἀνῆκε
3304 885 3407 937 κᾶν
3432 884 3599 953 λόγῳ.

2405 978 2522 1033 Κᾶν
2550 979 2596 1032 δ’
2626 975 2693 1031 αὖ
2727 978 2967 1049 παρέλθῃ
2988 978 3071 1041 τίς
3100 995 3181 1041 σε,
3216 977 3290 1048 μὴ
3317 976 3537 1046 βλέψας,
3569 975 3720 1042 σίγα,

2418 1070 2509 1123 Ἐν
2540 1072 2705 1123 πᾶσιν
2728 1070 2892 1124 αἰνῶν
2919 1074 2984 1141 τῇ
3024 1070 3162 1124 κατὰ
3188 1070 3378 1140 χρείαν
3406 1066 3549 1121 δόσει
3566 1082 3583 1097 ο

2408 1162 2506 1215 Ἰν*
2538 1157 2597 1216 εὖ
2630 1162 2877 1233 παθήσῃς
2904 1163 3117 1232 σώματι
3150 1162 3287 1232 πρὸς
3307 1162 3558 1233 καρδίαν.

2790 1272 2895 1329 ῙΘ’.
2914 1304 2982 1315 -
2998 1274 3099 1339 Εἰς
3124 1272 3260 1339 τοὺς
3288 1273 3553 1340 σκυτεῖς.

2411 1367 2768 1422 Πεδιλοποιῶν
2794 1366 2869 1431 ὡς
2896 1366 3114 1438 ἄριστος
3148 1368 3181 1439 ὴ
3206 1368 3399 1438 τέχνηῐ

2423 1458 2743 1513 Ἀποστόλου
2775 1462 2883 1528 γάρ
2911 1460 3027 1511 ἐστι
3060 1458 3295 1524 Παύλου,
3328 1458 3422 1511 τοῦ
3452 1458 3617 1512 πάνυ.

2414 1552 2703 1622 Ζηλοῦντες
2729 1553 2892 1607 αὐτοῦ
2919 1557 3047 1619 τοὺς
3082 1555 3308 1627 ἱδρῶτας
3335 1556 3445 1609 τῶν
3469 1554 3673 1619 κόπων,

2413 1640 2645 1706 Δέξασθε
2680 1642 2895 1713 θερμῶς
2924 1645 3049 1707 τοὺς
3083 1646 3275 1708 πόνους
3303 1643 3642 1715 καθημέραν,

2426 1732 2513 1797 Ὠς
2543 1735 2768 1803 ἐργάται
2804 1736 3076 1807 Χριστοῖο,
3096 1737 3258 1805 τῆσδε
3285 1738 3583 1807 φροντίδος.

2349 1880 2388 1933 Β
2416 1828 2636 1898 Δέρρεις
2662 1845 2721 1881 τε
2752 1828 2977 1900 βύρσας,
3013 1829 3086 1893 ὡς
3116 1830 3252 1896 δέον,
3278 1835 3629 1903 τετμηκότες.

2422 1919 2633 1972 Παλαιά
2662 1922 3127 1992 καινουργοῦντες,
3155 1922 3272 1977 εἶτα
3305 1926 3398 1977 καὶ
3428 1926 3540 1989 νέα,

2416 2010 2509 2081 Μὴ
2540 2012 2833 2084 νωθρότητι
2864 2014 2999 2084 πρὸς
3037 2017 3379 2087 παράχρηοτν
3408 2018 3586 2086 λόγου,

2431 2101 2794 2171 Ῥιπτοῦντες,
2830 2107 2883 2159 εἴ
2911 2124 2963 2159 τι
2991 2106 3099 2159 τῶν
3134 2109 3298 2180 ριφῆς
3328 2110 3427 2163 οὐκ
3457 2111 3642 2177 ἀξίων,

2425 2196 2494 2249 Ἦ
2519 2196 2615 2268 τὴν
2645 2200 2815 2268 τομὴν
2846 2200 3102 2270 φέροντες
3132 2201 3393 2267 ἐλλειπῶς
3419 2204 3578 2275 ὓπερ.

2423 2287 2671 2340 Ἀπαντα
2708 2290 2817 2359 γὰρ
2851 2290 3125 2355 ποιοῦντες
3154 2293 3473 2365 ἀξιοχρέως,

2422 2379 2544 2432 Τῶν
2571 2380 2991 2451 μαρτυρούντων
3024 2382 3309 2447 ὲξανύσετε
3343 2386 3559 2456 δρόμον.

2771 2500 2857 2553 K’.
2879 2530 2949 2539 —
2965 2501 3067 2566 Εἰς
3094 2501 3161 2555 τὸ
3200 2502 3605 2569 κοιμητήριον.

2436 2588 2493 2643 '0
2515 2588 2635 2653 δοὺς
2658 2590 2747 2643 τὸν
2778 2590 2944 2645 ὕπνον
2969 2594 3155 2656 πᾶσιν,
3174 2595 3254 2655 εἰς
3283 2592 3477 2664 λύτρον
3503 2595 3701 2663 πόνων,

2425 2672 2632 2749 Ὠνπερ
2657 2681 2930 2750 παρέσχεν
2955 2682 2987 2752 ἡ
3014 2682 3237 2753 διαυγὴς
3268 2685 3471 2754 ἡμέρα,

2426 2773 2610 2842 Κάμοὶ
2636 2774 2942 2844 παράσχου,
2972 2775 3175 2845 Χριστέ
3209 2793 3332 2846 μου,
3359 2776 3493 2831 Θεοῦ
3525 2780 3687 2846 Δόγε,

2428 2865 2641 2933 Κοῦφον
2670 2867 2758 2921 τὸν
2792 2866 2977 2932 ὕπνον,
3007 2869 3105 2939 ἡδὺ
3138 2871 3231 2923 καὶ
3254 2874 3390 2941 ταχὺ
3428 2872 3648 2943 δρόμον,

2428 2959 2828 3029 Φαντασμάτων
2860 2962 2958 3030 μὲν
2980 2962 3089 3015 τῶν
3116 2964 3299 3017 κακῶν
3328 2964 3650 3034 ὲξωσμένον,

2443 3049 2763 3121 Ὀνειράτων
2791 3052 2847 3105 δὲ
2878 3053 2987 3105 τῶν
3014 3054 3190 3107 καλῶν
3216 3056 3613 3125 πεπλησμένον.

2431 3140 2540 3191 Καί
2572 3141 2627 3209 μ’
2659 3141 2952 3211 ἐξὲγειρον,
2994 3145 3464 3214 κρουσματοῦντος
3495 3144 3587 3198 τοῦ
3620 3146 3796 3210 ξύλον,

2354 3215 2400 3277 C
2442 3232 2772 3295 Ἀνέκλυτον,
2806 3234 3071 3305 σταθηρὸν
3098 3236 3347 3306 εύθύμως
3367 3238 3532 3310 ᾄδειν,

2438 3326 2625 3379 ’ἱστῶν
2656 3327 2819 3390 πόδας
2850 3345 2951 3397 μου
2988 3332 3270 3401 καρτερῶς
3301 3334 3359 3384 ὲν
3393 3333 3615 3396 αἰνέσει,

2430 3420 2689 3490 Φρουρῶν
2710 3420 2835 3483 νόας
2867 3438 2967 3490 μου
2997 3422 3265 3493 δαιμόνων
3295 3425 3650 3493 πανουργίας,

2432 3512 2690 3564 Γλῶσσαν
2711 3513 2921 3583 τρανῶν
2944 3531 3045 3581 μου
3083 3513 3217 3583 πρὸς
3244 3514 3302 3566 τὸ
3332 3515 3559 3583 μέλπειν
3586 3514 3835 3580 εὐτόνως,

2431 3603 2526 3665 EI;
2552 3603 2707 3667 δόξαν
2735 3604 2899 3657 αῑνων
2928 3605 3023 3657 τοῦ
3056 3606 3313 3673 μεγίστου
3342 3622 3434 3657 σου
3465 3606 3698 3676 κράτους
3716 3620 3733 3636 ο

2432 3694 2620 3760 Ὅπως
2642 3696 2846 3759 τέλειος
2874 3698 3257 3769 νυκτερεύσας,
3290 3696 3384 3768 ὀρθ
3395 3698 3567 3768 ρίσας,

2432 3787 2507 3840 Τὸ
2539 3788 2654 3857 φῶς
2684 3789 2776 3841 ἴδω
2808 3805 2899 3841 σου
2930 3791 3039 3842 τῶν
3070 3790 3300 3843 ἐντολῶν
3328 3792 3588 3862 πρωῖθεν.

2634 3900 2765 3956 KA'.
2790 3902 2973 3967 -Εὶς
2998 3903 3336 3969 πλουσίους
3371 3904 3469 3956 και
3498 3903 3778 3969 πένητας.

2437 3992 2574 4047 Ἰσθι
2600 3994 2683 4056 τίς
2706 3992 2801 4060 ὢν,
2834 3993 3104 4064 ἄνθρωπε,
3128 3998 3223 4048 καὶ
3254 3996 3306 4047 τί
3340 4012 3419 4048 σοι
3448 3996 3617 4066 μένει,

2437 4086 2587 4154 Ὀπη
2620 4088 2924 4156 παροικεῖς,
2959 4088 3051 4138 καὶ
3080 4088 3423 4156 μετασταίειν
3456 4089 3623 4159 ἔχεις,

2437 4177 2596 4240 Ὀλος
2627 4177 2793 4244 γίνοιο
2826 4178 2960 4247 πρὸς
2982 4178 3027 4231 τ’
3059 4179 3170 4232 ἄνω
3196 4183 3259 4250 τῇ
3290 4181 3548 4251 φροντίδι.

2438 4268 2648 4338 Πλῆρές
2683 4269 2734 4337 γ’
2764 4271 2881 4323 ἐκεῖ
2905 4271 3039 4341 φῶς,
3069 4271 3205 4325 ἀλλὰ
3229 4273 3323 4325 καὶ
3355 4274 3533 4343 κρίσις
3564 4272 3717 4343 ἄληξ.

2438 4360 2529 4431 Τῷ
2555 4361 2667 4432 τῇδ’
2689 4363 2717 4415 ὃ
2747 4362 2795 4416 τ’
2820 4362 3014 4426 εἴποις,
3046 4361 3208 4432 αὖρα,
3237 4363 3381 4433 ῥοῦς,
3408 4367 3503 4418 καὶ
3529 4367 3794 4433 νυκτόναρ

2439 4454 2647 4523 Χρυσὺς
2680 4456 2913 4525 χοοῦται,
2941 4455 3046 4520 δόξ’
3078 4456 3328 4519 ἀπανθεῖ,
3363 4453 3532 4510 τᾶλλα
3569 4460 3673 4529 ῥεῖ,

2370 4572 2413 4627 D
2440 4546 2765 4609 Πολύστονα,
2797 4546 3043 4617 θρηνηρά
3072 4548 3247 4601 πάντα
3275 4548 3519 4611 τάνθάδε,

2444 4636 2572 4704 Ἔχε
2607 4635 2921 4706 προσεκτῶς
2955 4637 3028 4706 μή
3055 4653 3113 4688 σε
3143 4636 3338 4709 κυλξσῃ
3367 4637 3573 4706 χρόνος,

2439 4720 2516 4781 Οῦ
2548 4728 2623 4800 μὴ
2648 4728 2809 4783 πάλιν
2834 4729 3111 4800 ἄγραιτον,
3147 4730 3180 4799 ἣ
3214 4730 3442 4783 mw.th
3468 4730 3640 4783 πέλει.

2857 4846 2988 4900 KB'.
3008 4848 3190 4911 -Εις
3216 4847 3567 4914 κοσμικούς.

2440 4936 2677 5008 Χριστοῦ
2712 4937 2965 5008 μαθηταὶ,
2997 4938 3089 4991 τοῦ
3119 4937 3281 4991 καλοῦ
3307 4938 3402 4991 καὶ
3431 4937 3654 5007 πραὲος,

2441 5031 2619 5099 Μῆνιν
2650 5031 2901 5101 φέροντες
2940 5032 3017 5095 εἰς
3051 5031 3276 5094 ἑαυτοὺς
3306 5033 3424 5092 ταῖς
3458 5032 3680 5100 μάχαις,

2448 5122 2567 5183 Πῶς
2597 5125 2676 5185 εἰς
2700 5123 2759 5174 τὸ
2788 5121 2951 5175 αὐτοῦ
2983 5120 3191 5191 βαίνετε
3227 5120 3452 5191 φρικτὸν
3480 5121 3676 5190 δόμον;

2445 5211 2642 5283 Δώρων
2668 5213 2956 5280 πανάγνων
2989 5212 3105 5273 πῶς
3141 5210 3389 5280 μεθέξετε
3426 5209 3629 5277 ξενωςς

2448 5306 2556 5357 Καὶ
2581 5304 2687 5374 μὴν
2722 5302 2919 5366 Ἰούδας
2947 5305 2984 5356 ὁ
3010 5302 3320 5371 προσελθὼν
3346 5304 3403 5354 ὲν
3426 5301 3584 5371 δόλῳ,

2444 5395 2617 5447 Φιλῶν
2644 5394 2743 5465 μὲν
2773 5394 2895 5460 ἔξω,
2929 5395 3131 5464 μηνιῶν
3160 5394 3217 5446 δὲ
3241 5396 3352 5455 τοῖς
3381 5392 3510 5457 ἔσω,

2450 5485 2627 5555 Ὠφθη
2659 5484 2904 5555 μαθητὴς
2930 5486 3225 5555 πεπρακὼς
3258 5484 3346 5537 τὸν
3377 5482 3670 5552 Δεσπότην.

2447 5579 2651 5647 Μηδεὶς
2680 5577 2924 5647 παρείτω
2953 5577 3140 5630 λοιπὸν
3174 5576 3461 5647 ἐχθρωδῶς
3492 5573 3651 5643 ἔχων,

2447 5671 2609 5739 Ξίφος
2632 5670 2751 5723 κατ’
2779 5668 2944 5723 αὑτοῦ
2972 5668 3229 5741 πηγνύων
3258 5671 3322 5739 τῇ
3354 5666 3573 5737 καρδίᾳ,

2449 5762 2673 5813 Αἰὼνιον
2698 5760 2805 5831 πῦρ
2838 5761 3129 5833 ἀντίδωρον
3156 5760 3464 5830 λαμϐάνων.

2452 5853 2670 5916 Γνόντες
2702 5854 2768 5908 τὰ
2812 5854 2957 5920 τῇδε,
2985 5852 3290 5924 προσφιλῶς
3314 5846 3529 5921 σχῶμεν
3556 5846 3711 5902 πάνυ.

3826 397 3964 457 1783
