4188 6464
727 434 860 498 1791

723 548 793 605 Ut
823 542 1090 601 membra.
1121 548 1356 595 mentem
1387 538 1467 591 sic
1500 549 1691 605 vagam
1729 531 2003 599 recollige,

722 640 888 691 Inane
913 642 973 689 ut
998 634 1142 686 intro
1170 630 1247 684 nil
1281 630 1423 683 feras
1455 627 1821 690 extrinsecus,

723 728 828 782 Sed
859 725 1042 797 gravia
1073 731 1306 781 tantum.
1336 734 1435 773 nec
1472 718 1577 772 nisi
1605 714 1932 771 rectoribus.

722 823 863 875 Cave
894 833 1021 888 ergo
1062 814 1249 869 mundi
1274 812 1456 867 futiles
1486 825 1655 881 nugas
1694 807 1865 878 loqui,

722 912 868 977 Vidi,
901 910 1131 972 comedi,
1158 915 1270 960 tum
1301 906 1403 959 hoc
1429 912 1484 958 et
1519 902 1652 957 illud
1688 900 1897 962 incidit,

723 1004 833 1057 Aut
861 1002 977 1055 haec
1007 1008 1061 1053 et
1089 999 1177 1052 illa
1218 996 1312 1051 tibi
1335 996 1425 1049 hic
1447 994 1530 1049 vel
1557 994 1647 1049 ille
1669 992 1902 1047 nuntiat.

723 1095 857 1149 Nam
882 1094 928 1148 si
960 1092 1116 1146 hisce
1141 1090 1304 1145 dictis
1329 1088 1636 1157 proximum
1679 1084 2033 1146 subverteris,

728 1185 875 1240 Diris
906 1183 1185 1253 prophetae
1215 1179 1507 1242 obnoxius,
1530 1191 1719 1247 ρωπος
1743 1175 1917 1229 dabis.

1016 1271 1205 1326 XXIX.
1234 1302 1306 1313 —
1328 1269 1393 1325 In
1425 1268 1736 1336 hospitalem
1773 1267 1985 1321 domum

726 1364 843 1431 Eia,
884 1364 1140 1434 hospitali
1172 1363 1372 1419 lectulo
1402 1360 1699 1423 succedite,

725 1456 863 1510 Boni
898 1457 1132 1517 viantes.
1163 1469 1302 1524 quos
1334 1454 1431 1507 via:
1460 1452 1624 1522 fregit
1654 1451 1807 1504 labor
1833 1466 1847 1504 :

726 1547 823 1602 His
848 1562 945 1602 vos
982 1548 1183 1603 reficite
1214 1546 1419 1599 lautius
1442 1558 1564 1614 quae
1594 1541 1829 1612 prabeo,

726 1638 902 1708 Fruge
924 1640 1159 1708 expetita
1188 1637 1371 1692 cordis
1400 1637 1467 1689 ad
1493 1634 1773 1695 solatium,

734 1729 975 1798 Vinoque
1002 1730 1149 1784 dulci
1184 1728 1484 1797 proﬂuente
1512 1726 1759 1796 largiter,

727 1822 795 1876 Et
818 1832 987 1887 veste,
1030 1822 1173 1876 vires
1203 1835 1325 1890 qua:
1356 1820 1609 1874 relundat
1638 1816 1879 1887 frigoris.

728 1914 855 1970 Haec
878 1922 1025 1977 sunt,
1058 1913 1241 1976 amici,
1280 1927 1401 1981 qua:
1437 1909 1787 1980 Theognosto
1816 1908 1974 1971 mihi,

728 2006 809 2060 Ex
834 2005 1074 2061 conditis
1101 2018 1326 2060 suarum
1355 2001 1697 2056 inexhaustis
1720 2014 1906 2069 apum,

728 2101 900 2169 Opum
931 2098 1165 2153 tributor
1190 2112 1285 2151 rex
1315 2110 1470 2150 meus
1495 2094 1748 2149 Christus
1771 2091 1941 2149 dedit.

729 2191 809 2243 Illi
836 2205 968 2260 ergo
997 2197 1179 2261 grates
1210 2188 1306 2257 qui
1336 2186 1523 2242 orbem
1557 2186 1653 2240 alit
1684 2184 2014 2254 persolvite:

732 2281 860 2335 Milli
892 2289 978 2335 sat
1005 2294 1303 2348 superque,
1335 2277 1381 2331 si
1408 2291 1599 2346 preces
1627 2273 1943 2344 rependitis,

731 2369 802 2424 Ut
833 2370 1121 2439 hospitalis
1151 2383 1249 2439 pro
1279 2368 1484 2423 laboris
1511 2382 1757 2432 munere,

730 2464 791 2519 In
822 2464 1116 2519 Abrahami
1148 2478 1454 2533 consequar
1478 2463 1602 2517 sinu
1633 2462 1835 2515 locum.

1055 2555 1223 2611 XXX.
1259 2584 1329 2597 —
1359 2555 1427 2609 In
1457 2565 1672 2610 sanctas
1708 2554 1988 2622 imagines.

731 2646 932 2701 Christi
961 2657 1046 2701 est
1081 2647 1280 2717 imago,
1312 2661 1477 2715 quam
1509 2646 1681 2710 vides,
1713 2654 1877 2714 atque
1909 2644 2021 2698 haec
2064 2642 2159 2697 tibi

732 2735 969 2793 Dicenda
1003 2736 1256 2793 Christus
1283 2737 1419 2806 ipsa,
1452 2751 1637 2791 verum
1673 2737 2016 2807 homonyma.

734 2826 937 2883 Natura
960 2830 1147 2899 dispar
1172 2839 1276 2892 est,
1305 2831 1447 2886 idem
1492 2829 1843 2884 vocabulum.

738 2923 1026 2992 Utriusque
1048 2923 1228 2978 cultus
1260 2924 1426 2985 idem.
1470 2922 1661 2977 eadem
1696 2921 1964 2975 adoratio.

735 3013 885 3068 Hanc
915 3029 1044 3083 ergo
1074 3014 1267 3069 adorat
1304 3014 1577 3084 quisquis,
1613 3022 1671 3068 et
1709 3012 1983 3067 Christum
2009 3014 2155 3069 colit.

734 3106 837 3171 Qui
867 3120 974 3159 non
1002 3105 1212 3169 adorat,
1244 3104 1387 3159 idem
1417 3114 1470 3158 et
1496 3103 1617 3173 ejus
1640 3104 1817 3159 hostis
1842 3115 1947 3160 est.

734 3198 903 3267 Cujus
932 3196 1159 3267 ﬁguram
1183 3198 1388 3260 carnis,
1412 3211 1731 3265 expressam
1767 3204 1917 3267 typo,

735 3288 875 3355 Coli,
910 3288 1097 3343 furore
1135 3288 1337 3344 mentis
1368 3289 1564 3343 insano
1600 3295 1765 3342 vetat.

1273 3378 1468 3434 XXXI.
1489 3412 1557 3423 --
1578 3379 1757 3436 Aliud.

735 3473 794 3530 Si
820 3489 1018 3545 corpus
1048 3475 1225 3544 ipsum
1258 3475 1458 3529 Christi
1484 3475 1753 3530 edendum
1780 3476 2070 3542 sumimus,

738 3564 873 3620 Vita
901 3576 1176 3635 parentem
1208 3566 1584 3622 combihentes
1609 3566 1928 3637 sanguinem
1957 3585 1974 3634 ;

740 3656 944 3712 Pictum
980 3658 1032 3711 in
1064 3658 1255 3712 tabella
1284 3673 1385 3713 cur
1413 3657 1567 3713 nefas
1601 3660 1908 3724 ostendere,

738 3747 907 3817 Cujus
934 3748 1113 3818 reipsa
1143 3764 1345 3819 corpus
1368 3750 1547 3819 ellingi
1586 3751 1804 3820 potest?

741 3838 874 3894 Nam
908 3849 1175 3908 quatenus
1210 3839 1443 3909 simplex
1470 3841 1721 3909 quidem,
1759 3857 1867 3897 non
1914 3844 2188 3915 pingitur:

743 3930 836 3985 Sic
871 3945 1105 3999 namque
1138 3931 1277 3985 Deus
1306 3938 1410 3995 est,
1440 3930 1561 3999 capi
1590 3930 1710 3986 loco
1742 3935 1951 4002 nequit.

742 4022 811 4076 At
842 4033 1111 4091 quatenus
1148 4033 1386 4076 nostram
1420 4022 1597 4077 induit
1632 4025 2018 4091 substantiam,

743 4110 919 4165 IIomo
941 4120 1044 4175 est,
1074 4121 1126 4165 et
1152 4112 1241 4165 illa
1265 4118 1417 4181 parte
1440 4112 1939 4178 circumscribitur,

743 4199 1000 4255 Naturam
1025 4211 1311 4272 utramque
1333 4203 1436 4257 rite
1456 4204 1747 4257 discretam
1779 4221 1991 4275 gerens,

746 4289 975 4360 Unaque
1008 4300 1267 4347 constans
1298 4293 1631 4362 sempiterna
1666 4293 1963 4363 hypustasi.

745 4384 1064 4452 Quicunque
1094 4381 1272 4440 Verbo
1314 4386 1488 4440 reddit
1521 4386 1607 4441 his
1635 4388 1841 4441 cultum
1884 4387 2084 4451 modis,

744 4474 1043 4530 Germanus
1070 4474 1159 4529 ille
1188 4475 1350 4530 fanus
1390 4486 1471 4531 est
1502 4477 1773 4533 Ecclesiae.

745 4566 850 4632 Qui
883 4567 1047 4622 sentit
1072 4566 1247 4629 aliter,
1276 4582 1307 4620 a
1334 4566 1444 4621 Deo
1470 4582 1695 4624 aversus
1744 4581 1973 4625 manete

1288 4656 1501 4712 XXXII.
1532 4689 1601 4700 -—
1625 4659 1809 4715 Aliud.

746 4749 977 4805 Pictoris
1000 4758 1115 4804 arte
1146 4750 1463 4820 perpolitam
1494 4750 1805 4821 imaginem,

747 4842 908 4897 Omni
938 4843 1189 4897 decoram
1221 4840 1391 4912 gratia
1417 4845 1510 4912 qui
1536 4842 1783 4905 cernitis.

750 4932 1052 5003 Spectando
1079 4932 1312 4988 fructum
1332 4948 1492 5002 quem
1519 4934 1671 4987 decet
1702 4932 1995 5005 decerpitc,

747 5026 1111 5096 Animumque
1142 5040 1336 5081 causas
1357 5026 1482 5080 hinc
1502 5026 1570 5080 ad
1601 5027 1745 5095 ipsas
1765 5027 1953 5083 tollite.

749 5116 885 5172 Nam
922 5119 1081 5173 clara:
1113 5118 1289 5189 imago
1336 5120 1487 5173 vocis
1517 5120 1689 5173 instar
1733 5133 2028 5189 personat:

750 5209 901 5266 Meus
928 5210 1103 5265 honor
1124 5213 1322 5276 omnis,
1358 5211 1527 5281 gloria
1557 5222 1641 5267 est
1673 5213 1832 5282 primi
1861 5216 1965 5285 typi
1988 5257 2002 5279 ,

751 5298 919 5365 Quem
949 5309 1164 5369 propter
1186 5302 1312 5365 ista,
1342 5302 1612 5362 memoria:
1628 5318 1811 5367 causa,
1843 5306 2042 5369 exstiti.

752 5390 1006 5461 Magistra
1028 5399 1322 5462 custosque
1353 5394 1596 5447 omnium
1628 5395 1720 5465 qui
1748 5410 1833 5450 me
1863 5398 2047 5453 colunt
2083 5418 2095 5452 :

752 5485 841 5545 At.
894 5482 1070 5537 colere
1099 5484 1190 5552 qui
1216 5498 1306 5538 me
1342 5494 1603 5554 respuunt
1636 5486 1936 5558 analogice,

754 5573 1072 5631 "meditate
1104 5577 1291 5633 cmlica
1316 5580 1503 5647 procul
1538 5595 1777 5636 movens.

1261 5666 1497 5723 XXXIII.
1528 5701 1597 5712 —-
1623 5670 1806 5727 Aliud.

760 5760 885 5816 Sine
912 5776 1074 5817 carne
1104 5762 1354 5819 Christus
1378 5765 1506 5819 dum
1545 5764 1665 5829 fuit,
1698 5782 1805 5821 non
1842 5768 1928 5823 hic
1957 5780 2070 5825 erat
2098 5790 2111 5825 :

762 5852 931 5907 Ilomo
964 5854 1163 5919 nullus,
1194 5856 1367 5925 inquit
1393 5858 1619 5920 scilicet,
1648 5858 1780 5912 vidit
1810 5857 1974 5913 Deum
2006 5881 2018 5915 :

872 5940 890 5978 ί
919 5940 977 5994 F.
1009 5942 1387 6015 λαμϐάνωμεν.
1493 5948 1517 5985 ³
1555 5945 1614 6001 F.
1646 5947 1907 6013 δείξομεν.

1898 421 1959 480 S.
1994 412 2381 477 THEODORI
2424 406 2768 471 STUDITE

2313 528 2361 583 Α
2391 520 2696 590 Σύστρεψον
2724 516 2881 577 εὐθὺς
2916 512 3079 582 σαρκὶ
3103 508 3197 565 καὶ
3223 508 3347 561 νοῦν
3376 523 3468 559 σου
3498 504 3719 567 πλάνον,

2390 615 2609 668 Εἰκαῖον
2638 609 2790 663 οὐδὲν
2818 606 2965 659 ἔνδον
2994 601 3193 669 ἔξωθεν
3222 600 3425 670 φέρων,

2401 701 2541 756 Ἀλλ’
2562 701 2615 753 εῐ
2639 716 2692 752 τι
2721 696 2935 767 σεμνὸν,
2963 694 3056 746 καὶ
3094 692 3154 744 τὸ
3187 692 3297 752 τοῖς
3333 685 3759 758 πρωτοστάταις.

2389 796 2559 863 Λόγον
2582 793 2691 862 γὰρ
2719 791 2779 844 οὐ
2802 789 2908 857 φὴς
2930 786 3029 855 τῆς
3055 780 3503 854 ματαιοκοσμίας,

2391 884 2564 950 Εἶδον,
2594 884 2844 955 βέϐρωκα
2866 895 2881 910 ο
2909 880 3005 932 καὶ
3027 879 3109 939 τὸ,
3136 874 3233 929 καὶ
3258 874 3321 926 τὸ
3352 871 3608 941 τυγχάνει
3626 883 3640 896 ’

2390 980 2499 1032 Καὶ
2526 976 2656 1046 γοῦν
2678 977 2790 1037 ὅτις
2828 971 2923 1025 καὶ
2958 968 3102 1022 τίσδε
3132 968 3297 1036 φωνεῖ
3325 981 3407 1016 σοι
3446 962 3592 1015 τάδε.

2404 1065 2735 1137 Ἀνατροπὴν
2770 1063 2879 1131 γὰρ
2907 1060 3081 1114 τοῖσδε
3107 1055 3305 1127 κιρνῶν
3332 1054 3411 1122 τῷ
3439 1052 3624 1115 πέλας,

2406 1163 2564 1234 Ἀρᾶς
2600 1159 2879 1229 προφήτου
2904 1151 3264 1225 χρηματίζεις
3286 1147 3457 1212 ἄξιος.

2717 1250 2848 1303 KG’.
2880 1278 2949 1290 --
2966 1248 3065 1311 Ε’ίς
3083 1243 3153 1298 τὸ
3178 1237 3571 1307 ξενοδοχεῖον.

2394 1344 2659 1416 Προϐατε,
2687 1341 2860 1401 δεῦτε,
2885 1341 2953 1410 τῇ
2980 1334 3259 1404 ξενιζοῦσῃ
3286 1331 3475 1401 στέγῃ,

2396 1436 2620 1505 Ἄνδρες
2646 1432 2928 1503 πορευταὶ,
2956 1430 3068 1489 τοῖς
3105 1425 3286 1486 πόνοις
3312 1418 3671 1489 κεκμηκότες,

2392 1526 2792 1606 Μετεκλᾴῦοιτε
2823 1524 2932 1575 τῶν
2964 1520 3115 1591 ὲμῶν
3150 1518 3510 1588 ξενισμάτων,

2395 1626 2593 1693 Ἄρτου
2620 1617 2880 1687 ποοητοῦ,
2910 1614 3005 1669 τοῦ
3045 1613 3338 1685 τρέφοντος
3383 1606 3627 1679 καρδίαν,

2394 1714 2565 1769 Ποτοῦ
2594 1710 2870 1781 γλυκείου,
2899 1711 2995 1761 τοῦ
3026 1707 3243 1776 ῥέοντος
3269 1701 3535 1771 ἀφθόνως,

2393 1804 2801 1875 Σκεπασμάτων
2853 1816 2913 1853 τε
2950 1797 3061 1851 τῶν
3087 1795 3290 1866 ψύχους
3318 1790 3630 1860 ἀλλοτρίων.

2323 1878 2369 1935 Β
2396 1900 2467 1951 Ἀ
2496 1914 2585 1966 μοι
2615 1894 2856 1964 παρέσχε
2884 1888 2965 1962 τῷ
2991 1884 3341 1957 Θεογνὼστῳ,
3380 1884 3540 1953 φίλοι,

2405 1989 2498 2041 Ἐκ
2529 1986 2637 2040 τῶν
2662 1985 2944 2039 πανόλκων
2975 1979 3191 2052 δωρεῶν
3226 1974 3391 2033 αὐτοῦ
3434 1974 3613 2046 χάριν,

2408 2081 2464 2133 Ὀ
2486 2076 2761 2146 Δεσπότης
2792 2092 2892 2144 μου
2924 2071 3179 2141 Χριστὸς,
3206 2071 3235 2122 ὁ
3261 2065 3687 2135 πλουτοδρύτης.

2406 2168 2855 2236 Ἐπευλογοῦντες
2888 2165 3071 2229 αὑτὸν,
3103 2163 3178 2224 ὡς
3208 2158 3595 2231 κοσμοτρόφον.

2397 2265 2579 2336 Κὰμοὶ
2613 2260 2919 2334 προσευχὴν
2942 2253 3341 2315 ἁντιποιοῦντες
3388 2250 3565 2321 μόνον,

2398 2360 2585 2419 Ὅπως
2621 2353 2831 2407 ἐκεῖθεν
2860 2349 2938 2421 τῷ
2962 2348 3225 2419 φιλοξένῳ
3254 2344 3461 2414 τρόπῳ,

2396 2449 2534 2512 Τοὺς
2572 2445 2823 2517 ’Δδραᾶμ
2849 2443 3067 2513 τύχοιμι
3098 2439 3332 2501 κόλπους
3363 2434 3620 2488 εἰσδῦναι.

2797 2538 2877 2590 Δ’.
2908 2566 2975 2575 -
3003 2531 3107 2598 Εις
3127 2531 3301 2601 ἁγίας
3328 2527 3587 2591 εὶκόνας.

2399 2632 2611 2702 Ἦνπερ
2640 2629 2855 2701 βλέπεις
2878 2625 3082 2688 εἰκόνα,
3115 2619 3350 2692 Χριστοῦ
3393 2619 3671 2687 τυγχάνει,

2398 2724 2627 2795 Χριστὸν
2649 2721 2707 2776 δὲ
2739 2718 2945 2791 καύτὴν
2969 2715 3141 2781 λέξον,
3171 2713 3286 2767 ἀλλ’
3312 2711 3637 2781 ὁμωνύμως.

2399 2818 2599 2887 κλήσει
2627 2814 2735 2884 γάρ
2765 2815 2879 2865 ἐστι
2920 2807 3208 2877 ταυτότης,
3237 2803 3353 2858 ἀλλ’
3384 2803 3445 2856 οὐ
3475 2799 3654 2871 φύσει.

2411 2908 2634 2978 Ἀμφοῖν
2662 2905 2720 2957 δὲ
2747 2900 3118 2969 προσκύνησις
3140 2896 3412 2966 ἀσχίστως
3453 2894 3569 2965 μία.

2400 3001 2613 3068 Ταύτην
2645 2998 2674 3050 ό
2703 2995 2881 3050 τοίνυν
2920 2989 3258 3063 προσκυνῶν,
3293 2987 3526 3060 Χριστὸν
3557 2982 3703 3037 σέϐει

2400 3095 2490 3163 Μὴ
2526 3087 2848 3163 προσκυνῶν
2874 3087 3006 3157 γὰρ,
3048 3081 3243 3154 ἐχθρὸς
3282 3077 3446 3135 αὑτοῦ
3482 3077 3576 3131 καὶ⁵
3614 3075 3778 3128 πάνυ.

2326 3206 2371 3267 c
2415 3186 2501 3247 Ὠς
2538 3183 2635 3254 τὴν
2658 3180 3064 3251 ἀναγραφείσαν
3098 3175 3364 3243 ἔνσαρκον
3386 3170 3538 3267 Θέαν,

2400 3275 2601 3330 Τούτου
2634 3270 2891 3345 μεμηνὼς
2931 3270 3007 3339 μὴ
3042 3265 3373 3332 σεδασοῆναι
3414 3262 3603 3316 θέλων.

2937 3358 3062 3412 ΛΑ’.
3099 3385 3171 3398 —-
3203 3354 3413 3408 Ἄλλο.

2402 3461 2462 3514 Ei
2490 3458 2648 3528 σῶμα
2669 3450 2903 3526 Χριστοῦ
2951 3447 3299 3521 λαμσάνομεν
3332 3444 3430 3517 μὲν
3466 3440 3485 3481 ί
3520 3439 3739 3497 ἐσθίειν,

2400 3552 2603 3626 Τούτου
2636 3549 2880 3606 πίνοντες
2899 3539 3036 3611 αἷμα
3056 3540 3117 3593 τὸ
3140 3538 3423 3607 ζωηφόρον
3445 3551 3460 3566 ·

2401 3646 2523 3706 Πῶς
2552 3624 2651 3695 οῦκ
2680 3642 2745 3694 ἂν
2770 3636 2933 3691 αὑτὸν
2962 3634 3223 3703 δείξωμεν
3255 3634 3279 3672 ε
3307 3624 3714 3700 γεγραμμένον.

2402 3733 2477 3793 Ub
2511 3740 2607 3791 καὶ
2638 3734 2698 3787 τὸ
2750 3732 2909 3801 σῶμα
2948 3726 3438 3799 σχηματόγραπτον
3482 3718 3675 3783 «rem;

2415 3834 2501 3894 Ὠς
2536 3830 2633 3901 μὲν
2662 3826 2771 3896 γὰρ
2799 3822 3026 3886 ἁπλοῦς,
3054 3820 3114 3872 οὐ
3146 3813 3494 3888 περιγραφὴν
3522 3812 3658 3881 ἔχει.

2402 3923 2532 3986 θεὸς
2560 3922 2667 3991 γάρ
2708 3921 2847 3982 ἐστι,
2878 3913 3077 3976 παντὸς
3098 3909 3297 3977 ἔξωθεν
3317 3909 3502 3962 τόπου.

2418 4018 2504 4079 Ὠς
2538 4012 2777 4073 ὲνδυθεὶς
2803 4009 2860 4061 δὲ
2883 4007 2981 4078 τὴν
3003 4004 3127 4059 καθ’
3157 4004 3305 4072 ἡμᾶς
3328 3998 3534 4059 οὐσίαν,

2407 4104 2721 4176 ’Ἄνθρωπός
2746 4104 2885 4166 ἐστι,
2912 4096 3157 4151 συνθέσει
3200 4089 3607 4162 γεγραμμένος.

2407 4200 2586 4269 Ἐχων
2609 4193 2863 4262 ἁφύρτως
2890 4189 3117 4257 Θάτερον
3143 4184 3262 4238 κατ’
3294 4182 3503 4241 οὐσίαν,

2416 4288 2740 4343 ’Υποστάσει
2776 4283 2874 4354 μιᾷ
2896 4297 2955 4333 τε
2984 4275 3415 4346 συντεθειμένος.

2415 4381 2472 4434 '0
2501 4377 2590 4430 τὸν
2612 4374 2781 4442 Λόγον
2805 4369 3024 4425 τοιῶσδε
3048 4364 3283 4430 δοξάζων
3310 4362 3473 4431 μάλα,

2408 4470 2597 4523 Πιστὺν
2625 4467 2831 4536 πέφηνε
2856 4462 3079 4533 θρέμμα
3098 4459 3199 4527 τῆς
3228 4451 3573 4522 Ἐκκλησίας.

2335 4546 2376 4599 D
2410 4562 2615 4624 Ἄλλως
2646 4556 2852 4630 φρονῶν
2878 4555 3007 4623 γὰρ,
3033 4550 3128 4605 τοῦ
3150 4545 3284 4602 Θεοῦ
3307 4545 3495 4616 πόρρω
3523 4541 3653 4594 οέιι.

2953 4640 3074 4694 AB'.
3107 4666 3177 4677 -—
3208 4637 3418 4691 Ἀλλο.

2486 4739 2579 4791 Ἐκ
2618 4731 2949 4807 μορφοποιοῦ
2979 4730 3155 4801 χειρὸς
3176 4726 3540 4797 ὡραϊσμένην,

2476 4831 2771 4891 Βλέποντες
2790 4826 2978 4895 ἄνδρες
3009 4823 3371 4893 ὲγγραφεῖσαν
3402 4816 3606 4879 ἐνθάδε,

2474 4921 2749 4995 Δρέψασθε
2770 4918 2977 4989 καρπὸν
3005 4914 3271 4985 ὠφελείας
3297 4912 3481 4979 ἀξίως,

2484 5018 2585 5073 Τὸν
2622 5012 2745 5068 νοῦν
2773 5013 3002 5084 ἄραντες
3026 5008 3105 5071 είς
3135 5006 3233 5068 τὰς
3259 5002 3435 5057 αὐτῶν
3468 4998 3661 5059 αἰτίας.

2480 5112 2625 5165 ἰσυυ
2656 5107 2815 5176 λόγου
2844 5104 2950 5174 γὰρ
2976 5103 3009 5173 ἡ
3034 5097 3217 5170 γραφὴ
3248 5095 3349 5165 βοᾷ
3379 5092 3542 5163 μέγα.

2486 5211 2573 5272 Ὠς
2622 5206 2687 5259 Ἠ
2712 5202 2844 5273 τιμή
2874 5216 2997 5272 μου,
3019 5196 3146 5261 δόξα
3170 5194 3269 5262 τῆς
3289 5187 3570 5257 αὐτοψίας,

2477 5297 2553 5349 Δι’
2583 5296 2649 5365 ην
2675 5289 2963 5361 παρήχθην
2993 5287 3071 5348 είς
3101 5283 3404 5351 ὑπόμνησιν
3428 5277 3606 5346 μόνον.

2475 5387 2810 5462 Φρουροῦσα,
2832 5379 3139 5452 φωτίζουσα
3165 5376 3292 5434 τοὺς
3322 5371 3489 5442 ἐμοὺς
3511 5366 3717 5462 φίλους,

2478 5458 2614 5544 Τοὺς
2653 5475 2975 5550 προσκυνεῖν
3003 5470 3061 5524 δὲ
3093 5468 3167 5539 μὴ
3201 5462 3451 5524 θέλοντας
3476 5476 3543 5529 με
3570 5458 3773 5530 κέσει,

2490 5570 2864 5641 ’Δλλοτριοῦσα
2889 5565 2988 5636 τῆς
3016 5563 3127 5617 ἄνω
3155 5557 3499 5630 κληρουχίας.

2961 5657 3083 5714 Al“.
3103 5685 3171 5697 —-
3197 5655 3403 5708 Ἀλλο.

2482 5764 2754 5832 ’Δσαρκος
2776 5756 2851 5811 ὣν
2879 5753 3007 5825 πρὶν
3035 5747 3289 5822 Χριστὸς,
3310 5745 3409 5798 οόκ
3436 5737 3503 5813 ἦν
3530 5735 3736 5792 ὶνθάδε.

2480 5855 2611 5909 Θεὸν
2646 5853 2752 5921 γὰρ
2782 5848 2975 5912 οὐδεὶς,
3014 5842 3197 5915 φησὶν,
3222 5836 3518 5909 ἀνθρώπων
3545 5832 3674 5886 ἴδεν.

3808 386 3930 450 1792
