4188 6478
254 412 386 475 I793

332 525 485 578 Ἐπεὶ
511 525 566 577 δὲ
593 520 792 589 σαρκὸς
811 521 1173 574 ὲνδιδύσκεται
1195 521 1386 591 πάχος,

330 625 389 677 Ὀ
412 616 609 679 παντὸς
638 615 744 681 ἔξω
777 615 868 666 καὶ
899 615 1088 684 χρόνου
1117 631 1175 667 τε
1202 620 1296 668 καὶ
1321 615 1506 684 τόπου,

334 715 548 775 Ἀπτδς,
581 706 820 777 παθητὸς
841 708 1048 774 γίνεται
1073 709 1140 778 τῇ
1172 708 1435 762 συνθέσει.

319 803 525 873 Βρέφος
557 798 778 869 κυηθεὶς
797 800 861 852 ὲκ
895 798 1083 869 κόρης,
1108 801 1311 870 σπορᾶς
1339 800 1488 861 ἄνευ,

322 893 505 958 Aliger,
532 891 691 958 διψεῖ,
714 893 886 944 πεινεϊ
911 908 994 955 τε,
1023 892 1117 944 καὶ
1143 891 1364 961 σύμπαν
1391 895 1568 962 φέρει,

326 986 447 1037 Τῶν
475 986 532 1037 έν
564 983 707 1038 Θέσει
732 1000 790 1036 τε
820 985 912 1037 καὶ
941 987 1124 1054 γραφῇ
1157 984 1531 1054 δεδειγμένων.

327 1076 451 1138 Πῶς
475 1071 567 1130 οὖν
594 1077 657 1129 σὺ
685 1075 886 1140 λοιπὸν,
912 1069 957 1128 ὦ
984 1077 1292 1144 παράφρονι,
1317 1069 1361 1128 ὦ
1384 1077 1538 1136 τάλα,

325 1169 400 1221 Ού
429 1169 589 1238 σαρκὶ
614 1167 824 1229 σεπτῶς
852 1168 1082 1238 Χριστὸν
1112 1169 1567 1239 ὲμπεριγράφεις,

333 1263 466 1315 Κατ’
497 1257 634 1326 εἶδος
658 1260 820 1313 αὑτοῦ
846 1260 944 1330 τὴν
977 1259 1102 1331 ὅλην
1127 1261 1458 1330 παρουσίαν;

341 1354 478 1406 Ἀλλ’
503 1354 535 1424 ἢ
566 1353 859 1422 μεταγνοὺς
884 1352 1072 1414 πιστὸς
1102 1353 1163 1403 ἐκ
1190 1351 1394 1422 πλάνης
1419 1352 1592 1419 γίνου,

329 1448 396 1498 Ἠ
434 1449 530 1516 τῆς
555 1443 690 1498 Θεοῦ
719 1443 999 1515 πόρρωθεν
1035 1445 1201 1513 αὐλῆς
1229 1443 1482 1514 ἑκφέρου.

813 1536 934 1590 ΛΔ’.
952 1568 1021 1579 --
1038 1539 1250 1592 Ἀλλο.

337 1630 398 1682 '0
428 1628 658 1699 Χριστός
686 1629 804 1681 ἐστι
831 1630 895 1698 τῇ
925 1629 1108 1698 γραφῇ
1146 1627 1504 1697 δεδειγμένοςν

341 1723 490 1774 Ἐπεὶ
518 1720 702 1792 βροτὸς
734 1721 995 1789 πέφηνεν,
1026 1719 1101 1774 ὢν
1133 1719 1262 1783 Θεὸς
1286 1721 1466 1789 φύσει.

341 1814 398 1866 Ὀ
421 1813 493 1882 μὴ
520 1813 626 1882 γὰρ
649 1811 816 1876 οὕτως
840 1811 1198 1882 προσϐλέπειν
1232 1812 1392 1865 αὑτὸν
1415 1811 1582 1864 Θέλων

327 1905 798 1974 Φαντασματωδῶς
839 1904 1216 1974 σιε›ματοῦσθαι
1248 1905 1553 1976 προσλέγει.

510 1999 630 2052 AE'.
669 2029 735 2038 —
761 2001 860 2063 Εἰς
889 1997 1005 2066 τὴν
1040 1999 1214 2067 ἁγίαν
1245 2001 1552 2052 Θεοτόκον.

342 2091 427 2143 Ἑν
465 2091 629 2144 εἰκόνι
660 2089 868 2160 βλέπων
891 2107 970 2152 σε,
1002 2093 1173 2161 μῆτερ
1196 2090 1418 2159 Κυρίου,

330 2183 480 2254 Φόϐῳ
509 2185 765 2254 πρόσειμι
797 2185 1119 2254 προσκυνεῖν
1151 2200 1232 2246 σε,
1264 2183 1357 2236 καὶ
1389 2182 1559 2252 πόθῳ.

333 2274 501 2342 Χάρις
523 2274 630 2342 γάρ
656 2272 822 2335 ὅντως
841 2270 1138 2342 τηλικαύτη
1170 2287 1254 2322 σοι
1277 2269 1448 2330 πέλει,

345 2364 428 2425 Ὡς
455 2364 519 2432 τῇ
553 2363 680 2432 σκιᾷ
713 2378 805 2414 σου
839 2359 1276 2430 Θαυματουργίας
1302 2356 1505 2428 βρύειν.

815 2452 953 2518 aqu
969 2480 1040 2490 -
1058 2451 1266 2505 Ἄλλο.

345 2543 460 2596 Ἐπ’
495 2543 696 2613 ὠλένης
730 2559 828 2614 μου
860 2542 1187 2612 μητρόμοιόν
1217 2558 1301 2611 μοι
1337 2540 1553 2610 βρέφος,

332 2636 434 2688 Τὸν
463 2636 814 2689 παντάνακτα
843 2634 1074 2705 Χριστὸν
1108 2634 1397 2703 ἐγγράφως
1433 2631 1606 2700 φέρω,

333 2727 405 2780 Τὸ
428 2727 541 2794 φῶς
568 2727 1026 2796 άπαστράπτοντα
1044 2729 1141 2796 τῆς
1164 2724 1492 2795 ἀφθαρσίας,

335 2817 440 2869 Καὶ
465 2817 667 2886 κόσμον
695 2815 977 2885 ὲξαίροντα
1002 2813 1268 2882 δαιμόνων
1291 2813 1517 2879 πλάνης.

818 2909 937 2960 ΛΖ¹.
961 2937 1030 2948 ——
1053 2907 1260 2959 Ἄλλο.

333 3001 403 3053 Σὺ
431 2999 520 3052 τὸν
545 2998 674 3052 Θεὸν
703 2997 953 3061 τεκοῦσα,
983 2995 1235 3066 προύχεις
1260 2993 1525 3062 ἀγγέλων.

339 3095 432 3146 Ὃν
463 3091 523 3143 ού
549 3090 803 3143 δύνανται
863 3090 957 3142 καὶ
985 3088 1092 3158 γὰρ
1113 3089 1265 3140 αὐτοὶ
1298 3083 1680 3157 προσϐλέπειν,

345 3185 433 3248 Ὠς
461 3183 589 3236 Υἱὸν
622 3183 756 3252 αὐτὴ
782 3183 969 3252 χερσὶν
1002 3180 1290 3251 ἀκράντοις
1321 3180 1528 3249 φέρεις.

817 3275 946 3326 AH'.
976 3303 1046 3315 -—
1077 3274 1286 3326 Ἄλλο.

336 3363 748 3439 Μητροπρεπῶς
765 3364 856 3416 τὸν
883 3363 1010 3416 Υἱδν
1039 3362 1346 3432 ἐγγράπτον
1376 3361 1545 3430 φέρω,

346 3461 431 3523 Ὠς
471 3459 533 3512 ἂν
568 3458 760 3527 φανείη
790 3457 1008 3525 γνήσιον
1036 3454 1239 3525 μητρὸς
1262 3453 1438 3514 τέκος’

346 3554 404 3603 ’0
434 3550 776 3622 πατρομοὶως
806 3549 902 3617 τῆς
930 3548 1145 3618 γραφῆς
1172 3545 1502 3616 ἐπηρμένος.

349 3643 605 3712 Ἐπείπερ
634 3642 749 3694 ἐστι
777 3640 946 3701 διττὸς
976 3638 1144 3708 ἀπρὶξ
1163 3639 1261 3706 τὴν
1291 3637 1470 3702 φύσιν.

471 3734 594 3786 ΛΘ’.
621 3762 689 3772 -
719 3734 820 3796 Εἰς
847 3730 962 3797 τὴν
981 3730 1184 3782 εἰκόνα
1210 3728 1314 3780 τοῦ
1338 3727 1617 3794 Χριστοῦ.

349 3823 766 3892 Ἐξεικόνισμαι,
800 3823 903 3876 κᾶν
932 3821 1062 3884 Θεὸς
1092 3820 1238 3873 πέλω
1260 3819 1440 3887 φύσει,

351 3913 605 3984 Ἐπείπερ
633 3914 746 3982 εἰμὶ
775 3914 866 3966 καὶ
894 3912 1084 3983 βροτὸς
1117 3911 1236 3964 κατ’
1257 3909 1462 3964 οὐσίαν·

343 4003 450 4055 Καὶ
470 4005 534 4073 τῇ
562 4003 689 4073 σκιᾷ
714 4019 814 4072 μου
836 4001 1248 4073 προσκυνοῦμαι
1279 4000 1438 4052 παντί
1459 4017 1581 4058 που,

340 4095 520 4166 Μήπω
551 4094 813 4165 μερισμὸν
837 4093 930 4146 τοῦ
960 4094 1144 4156 κλέους
1178 4091 1626 4163 προσλαμϐάνων.

494 4209 584 4264 M'.
609 4237 680 4248 -——
701 4211 803 4273 Εἰς
831 4208 938 4260 τὸν
967 4207 1117 4260 ναὸν
1143 4205 1250 4274 τῆς
1277 4207 1591 4258 Θεοτόκου.

342 4301 450 4370 Τῆς
481 4300 752 4371 Παρθένου
784 4299 872 4352 τὸν
895 4294 1040 4351 οἷκον
1061 4299 1088 4349 ὁ
1122 4297 1353 4368 βλέπων,
1387 4297 1515 4349 νόει.

343 4393 485 4456 Ναδς
517 4394 623 4461 γάρ
647 4386 782 4456 α’ὖτη
803 4390 897 4444 τοῦ
923 4390 1056 4442 Θεοῦ
1086 4389 1443 4457 δεδειγμένος,

343 4486 520 4545 Ναοὺς
556 4484 752 4554 ἑαυτῆς
777 4482 1052 4552 πανταχοῦ
1081 4482 1242 4550 γαίης
1274 4481 1407 4550 ἔχει.

806 4594 941 4648 MA’.
977 4625 1048 4635 —
1084 4595 1292 4647 Ἀλλο.

345 4712 448 4765 Τὸν
477 4708 816 4781 Κοσμοποιδν
840 4706 1091 4778 σωματού
1102 4723 1259 4777 μενον
1291 4705 1518 4775 βλέπων,

347 4806 448 4858 Σὺν
472 4807 538 4874 τῇ
571 4801 806 4874 τεκούσῃ
829 4803 894 4870 τῇ
921 4802 1103 4872 γραφῇ
1140 4799 1248 4851 τῶν
1272 4799 1513 4863 εἰκόνων,

351 4893 765 4962 Καταπλάγηθι,
792 4890 908 4954 πῶς
939 4889 1068 4952 Θεὸς
1092 4890 1288 4959 βρέφος
1314 4888 1485 4954 πέλει,

350 4986 596 5039 Ἀπαντά
616 5003 672 5037 τε
698 4984 800 5054 δρᾷ
832 4983 966 5054 πρὸς
999 4982 1202 5052 βροτῶν
1233 4983 1520 5051 σωτηρίανο

353 5077 445 5132 ’Ῑν’
473 5079 550 5140 εἰς
572 5077 762 5130 ἑαυτὸν
784 5076 881 5146 τὴν
915 5074 1119 5147 φθοράν
1151 5075 1501 5144 κατακρίνας,

349 5168 420 5220 Τὸ
452 5166 674 5235 πλάσμα
700 5164 844 5236 σώσῃ
874 5165 1125 5234 Θεότητος
1152 5164 1226 5234 τῷ
1249 5164 1460 5234 κράτει.

351 5257 423 5309 Τὸ
451 5257 514 5326 δὴ
545 5254 812 5327 φρονοῦσα
844 5258 908 5325 τῇ
931 5255 1174 5324 Θεοτόκῳ
1207 5254 1381 5323 φέρει,

353 5350 491 5419 Πρὸς
520 5348 712 5418 λύτρον
740 5347 907 5416 αὐτῆς
932 5348 979 5398 τ’
1007 5346 1216 5417 ἀνδρὸς,
1251 5347 1517 5416 ἄχραντον
1535 5347 1690 5414 δόμα.

419 5465 550 5518 MB’.
585 5495 653 5504 —
671 5465 772 5529 Εἰς
795 5461 862 5516 τὸ
885 5463 1178 5529 κιϐούριον
1203 5463 1306 5516 τοῦ
1332 5461 1691 5530 Προδρόμου.

351 5556 511 5620 Θείας
537 5557 817 5627 τραπέζης
842 5555 1262 5625 σογκαλύπτραν
1291 5572 1356 5624 με
1387 5555 1614 5624 βλέπων,

354 5648 687 5719 Χερουϐικὴν
717 5649 900 5718 νόμιζε
935 5648 1268 5717 ταξιαρχίαν·

354 5742 586 5810 Χριστὸν
614 5741 720 5812 γὰρ
743 5741 886 5794 ἔνδον
917 5741 1385 5811 μυσταγωγεῖσθαι
1411 5742 1539 5801 νόει,

359 5835 458 5888 Τὸν
486 5835 590 5888 τῶν
613 5836 720 5889 άνω
754 5853 808 5888 τε
842 5837 1133 5903 Δισπότην,
1167 5836 1257 5889 καὶ
1286 5835 1392 5888 τῶν
1415 5836 1579 5889 κάτω.

1731 419 1972 481 ῙΑΜΒῙ.

1832 545 1881 602 Α
1907 531 1974 586 At
2003 532 2143 586 mole
2168 540 2458 600 postquam
2490 530 2735 598 corporis
2761 544 2880 586 sese
2938 530 3132 596 induit,

1910 621 2080 688 Quem
2112 639 2210 679 nec
2227 623 2327 677 loci
2359 637 2456 677 nec
2493 622 2664 690 spatia
2705 621 2964 677 claudunt
2993 624 3273 692 temporis,

1909 711 2046 767 Exin
2084 712 2256 766 dolori
2293 712 2465 768 Iactus
2503 723 2585 766 est
2627 712 2915 768 obnoxius.

1910 803 2229 858 Intaminata
2257 813 2416 857 natus
2449 802 2625 857 infans
2665 801 2905 871 Virgine,

1908 895 2184 963 Augescit,
2209 896 2398 955 esurit,
2439 895 2572 954 sitit,
2602 893 2703 948 fert
2737 895 2940 959 omnia,

1909 986 2038 1052 Qua:
2070 994 2404 1040 consuerunt
2437 986 2692 1040 omnibus
2721 985 2849 1054 fingi
2884 985 3043 1056 typis.

1908 1079 2046 1143 Quid
2077 1094 2206 1147 ergo
2235 1093 2410 1133 causa:
2442 1088 2543 1138 est.
2570 1093 2602 1132 ο
2633 1080 2814 1142 miser,
2846 1095 2943 1133 cur
2977 1081 3186 1133 abnuas

1910 1168 2180 1224 Clu-istum
2215 1171 2442 1224 verenda
2476 1171 2856 1240 comprehendi
2893 1171 3148 1240 imagine,

1911 1259 2208 1330 Totamque
2240 1262 2358 1314 vita:
2393 1262 2584 1316 seriem
2622 1271 2674 1315 et
2715 1261 2993 1317 historiam
3039 1277 3206 1316 sacra:
3236 1262 3258 1314 ἲ

1909 1352 1977 1406 At
2005 1364 2060 1407 tu
2089 1363 2180 1408 aut
2207 1354 2486 1424 profanum
2532 1356 2726 1408 mentis
2767 1370 3002 1409 errorem
3034 1355 3225 1424 abjice.

1909 1444 2016 1497 Aut
2052 1453 2102 1501 te
2132 1445 2357 1500 sacratis
2401 1445 2618 1513 proripe
2650 1460 2680 1498 a
2707 1446 2901 1500 castris
2928 1446 3041 1498 Dei.

2405 1535 2644 1591 XXXIV.
2677 1539 2942 1592 --Aliud.

1912 1626 2012 1680 llic
2040 1627 2292 1684 Christus
2324 1636 2426 1688 est,
2464 1628 2670 1695 pictura
2695 1643 2852 1695 quem
2880 1625 3160 1680 denuntiat
3184 1642 3198 1678 :

1911 1717 2151 1773 Mortalis
2177 1736 2240 1771 ex
2272 1733 2381 1788 quo
2412 1717 2586 1773 factus
2610 1729 2691 1774 est
2713 1720 2806 1788 qui
2852 1731 2967 1773 erat
2989 1715 3154 1772 Deus.

1913 1809 2066 1862 Illum
2109 1809 2286 1862 videre
2316 1809 2406 1877 qui
2440 1819 2653 1863 recusat
2688 1811 2790 1864 hoc
2829 1812 3010 1879 modo,

1852 1894 1890 1948 Β
1919 1898 2326 1967 Ineurporatum
2374 1901 2630 1969 praedicat
2659 1902 3017 1969 phantastice.

2177 1989 2392 2045 XXXV.
2420 2023 2487 2034 —-
2519 1991 2584 2046 In
2615 2004 2851 2047 sanctam
2883 1995 3190 2064 Deiparam.

1916 2077 2118 2132 Pictam
2153 2080 2204 2134 in
2234 2082 2426 2136 tabella
2460 2091 2527 2148 te,
2557 2082 2652 2137 Dei
2680 2095 2868 2148 mater,
2908 2086 3088 2143 videns
3109 2126 3123 2150 ,

1918 2170 2089 2224 Venio
2114 2180 2172 2227 ut
2198 2173 2418 2229 adorem
2471 2190 2654 2230 amore
2694 2177 2884 2245 plenus
2911 2193 2974 2232 ac
3007 2186 3174 2231 metu.
3227 2210 3232 2214 -

1916 2264 2050 2319 Nam
2083 2275 2266 2321 tantus
2296 2267 2347 2319 in
2379 2275 2428 2321 te
2457 2269 2643 2337 gratia:
2666 2275 2902 2323 exundat
2932 2270 3096 2334 latex,

1919 2355 1989 2412 Ut
2018 2360 2132 2428 ipsa
2162 2359 2230 2413 ab
2261 2358 2449 2413 umbra
2472 2358 2741 2428 proﬂuam
2763 2360 3046 2414 miracula.

2395 2449 2634 2508 XXXVI.
2665 2482 2735 2491 —
2763 2453 2944 2505 Aliud.

1917 2540 2263 2597 Consimilem
2307 2543 2357 2598 in
2384 2544 2525 2599 ulnis
2551 2555 2719 2599 mater
2749 2545 3004 2599 infantem
3032 2545 3182 2605 mihi,

1917 2632 2192 2689 Christum
2218 2636 2453 2690 universi
2495 2636 2816 2706 principem,
2860 2637 3064 2707 pictum
3107 2651 3255 2704 gero,

1918 2723 2259 2780 Aiternitatis
2285 2728 2604 2780 emicantem
2631 2727 2853 2792 lumine,

1920 2813 2221 2887 Terrasque
2247 2816 2438 2872 fraude
2477 2818 2792 2873 liberantem
2828 2820 3154 2874 daemonum.

2411 2907 2673 2964 XXXVII.
2703 2940 2773 2950 —
2797 2910 2978 2965 Aliud.

1920 3005 2074 3072 Quod
2110 3015 2282 3060 mater
2317 3019 2380 3062 es
2408 3003 2522 3067 Dei,
2553 3004 2773 3072 angelos
2802 3005 3190 3072 superemines.

1921 3097 2055 3152 Nam
2087 3097 2330 3151 contueri
2361 3110 2522 3164 quem
2557 3105 2810 3150 verentur
2830 3097 3027 3165 angeli,

1844 3229 1889 3290 ρ
1924 3191 2078 3247 llunc
2103 3191 2214 3259 ipsa
2250 3189 2399 3259 puris
2431 3187 2621 3241 Filium
2658 3190 2904 3244 manibus
2928 3190 3091 3258 geris.

2372 3276 2658 3332 XXXVIII.
2685 3309 2756 3320 —
2778 3279 2960 3331 Aliud.

1919 3371 2081 3426 Gesto
2113 3372 2166 3426 in
2201 3370 2394 3425 tabella
2422 3369 2640 3434 Filimn,
2669 3379 2725 3423 ut
2757 3381 2983 3424 matrem
3018 3371 3194 3434 decet,

1925 3461 1990 3516 Ut
2012 3471 2155 3517 certa
2195 3462 2408 3516 soboles
2439 3461 2624 3514 matris
2657 3460 2779 3515 hinc
2833 3461 3044 3514 eluceat
3074 3480 3086 3515 :

1919 3555 2045 3620 Qui,
2075 3569 2179 3623 qua
2209 3554 2346 3623 patri
2382 3553 2684 3607 consimilis
2713 3563 2818 3614 est,
2848 3553 2991 3621 pingi
3020 3554 3226 3622 nequit.

1920 3648 2122 3703 Natura
2156 3648 2350 3714 duplex
2389 3645 2586 3714 quippe
2611 3645 2666 3697 in
2699 3644 2789 3697 illo
2814 3645 3075 3698 cernitur.

2215 3736 2454 3791 XXXIX.
2477 3766 2546 3777 ——
2575 3735 2640 3790 In
2690 3737 2914 3805 imagine
2955 3734 3172 3789 Christi.

1920 3831 2158 3895 Artifice,
2191 3829 2438 3901 quamvis
2465 3845 2581 3882 sum
2619 3829 2779 3888 Deus,
2814 3829 3002 3897 pingor
3048 3844 3233 3892 manu,

1922 3922 2168 3976 Humana
2203 3920 2458 3989 quoniam
2487 3919 2620 3972 mihi
2647 3934 2860 3988 quoque
2882 3931 2964 3973 est
3011 3919 3310 3972 substantia
3340 3935 3355 3972 :

1923 4012 2234 4081 Umbraque
2261 4012 2460 4081 ubique
2491 4011 2569 4065 sic
2605 4011 2804 4064 adoror
2846 4012 2898 4063 in
2934 4025 3079 4076 mea,

1924 4105 1992 4161 Ut
2022 4107 2167 4160 nulla
2192 4106 2412 4159 honoris
2441 4102 2706 4173 perferam
2737 4104 3069 4158 discrimina.

2272 4218 2382 4272 XL.
2405 4249 2474 4257 —
2498 4216 2564 4271 1η
2595 4217 2842 4286 templum
2872 4216 3137 4286 Deipara'.

1927 4314 2061 4367 Dum
2103 4311 2277 4366 cernis
2310 4311 2476 4365 aedem
2509 4308 2765 4378 Virginis,
2795 4321 3025 4364 mentem
3056 4307 3303 4361 admove.

1927 4406 2004 4460 Ex
2033 4420 2139 4475 quo
2167 4405 2278 4474 ipsa
2319 4405 2573 4471 templum
2615 4412 2697 4455 est
2745 4401 2880 4455 facta
2915 4402 3184 4455 nascentis
3239 4400 3353 4462 Dei,

1928 4497 2162 4568 Templis
2191 4496 2389 4566 ubique
2433 4495 2672 4565 gentium
2707 4495 2899 4547 colitur
2935 4495 3073 4548 suis.

2504 4604 2638 4660 XLI.
2670 4635 2731 4644 ——
2771 4605 2954 4660 Aliud.

1930 4699 2110 4755 Mundi
2141 4709 2414 4770 parentem
2445 4714 2568 4753 cum
2610 4697 2759 4752 vides
2791 4699 2843 4750 in
2874 4712 3119 4766 corpore,

1929 4795 2063 4848 Cum
2095 4804 2285 4860 matre,
2312 4794 2450 4862 picta
2479 4792 2782 4845 dedicatum
2828 4791 3057 4859 imagine
3083 4807 3097 4855 ;

1933 4886 2043 4941 IIoc
2064 4887 2400 4954 obstupesce,
2435 4884 2704 4954 quomodo
2738 4882 2915 4936 infans
2945 4885 3014 4936 sit
3043 4881 3206 4947 Deus,

1931 4977 2120 5047 Nilque
2150 4977 2214 5031 ad
2238 4977 2464 5030 salutem
2505 4991 2610 5028 non
2635 4984 2758 5045 agat
2801 4974 3106 5027 mortalium
3133 4991 3144 5024 :

1935 5069 2002 5125 Ut
2040 5071 2229 5124 mortis
2254 5070 2306 5122 in
2335 5085 2392 5123 se
2427 5069 2708 5137 proferens
2736 5067 3084 5128 sententiam,

1933 5165 2238 5218 Divinitatis
2270 5163 2460 5215 liberet
2492 5175 2590 5213 nos
2619 5159 2844 5213 viribus.

1933 5256 2084 5322 Quod
2122 5257 2221 5308 ista
2257 5262 2532 5322 reputans,
2573 5249 2812 5319 Deipara:
2845 5257 2989 5304 casta
3017 5248 3234 5303 exhibet

1937 5353 2067 5418 Sua,
2100 5352 2308 5419 virique
2338 5363 2432 5418 pro
2467 5347 2662 5408 salute,
2695 5360 2940 5398 munera.

2211 5460 2368 5515 XLII.
2406 5491 2464 5501 -—
2498 5459 2559 5512 In
2585 5460 2834 5511 cibarium
2871 5457 3240 5514 I’rwcursnris.

1936 5557 2131 5612 Mensa:
2162 5566 2383 5609 sacrata:
2412 5553 2737 5620 conspicans
2767 5551 3102 5618 operculum,

1937 5651 2086 5704 Ilanc
2118 5659 2172 5702 tu
2204 5649 2478 5702 cohortem
2515 5646 2691 5712 cogita
2733 5643 3085 5698 Clterubieam
3124 5661 3138 5696 ε

1935 5742 2068 5795 Nam
2098 5741 2346 5794 Christus
2380 5738 2522 5790 intus
2566 5737 2804 5805 mysticis
2837 5736 2988 5790 adest
3019 5736 3212 5798 sacris,

1937 5835 2246 5893 leestium
2287 5832 2425 5888 idem
2470 5829 2729 5886 Dominus
2771 5845 2830 5886 ac
2863 5827 3221 5884 terrestrium.

3325 419 3459 486 1794
