4188 6466
716 394 849 458 Π95

760 565 771 576 .
1128 495 1311 551 XLIII.
1329 526 1397 537 —-
1430 494 1497 549 In
1536 497 1805 567 templum.

706 594 898 649 Divina
927 592 1053 646 dum
1087 603 1146 645 se
1178 604 1364 643 mensa
1404 592 1752 657 spectandam
1786 589 2030 655 exhibet,

707 685 978 741 Venerare
1009 696 1231 745 numen,
1263 678 1509 733 membra
1553 680 1931 735 inhorrescant
1958 692 2126 737 metu.

1058 770 1244 826 XLIV.
1265 802 1333 812 —
1353 771 1419 825 In
1461 782 1699 824 sanctum
1725 773 1916 826 allarc.

707 864 941 920 Horrore
971 864 1188 933 plenum
1224 870 1305 916 est
1337 862 1439 915 hoc
1469 861 1702 915 tribunal
1727 873 1779 916 et
1811 872 1981 928 metu,

708 954 908 1010 Lucida
951 954 1043 1007 Dei
1073 953 1237 1017 aedes,
1272 968 1371 1007 nec
1400 952 1503 1007 nisi
1528 954 1693 1007 castis
1718 964 1926 1022 patens.

706 1048 798 1103 Pie
839 1046 1141 1117 pr0pinqua
1167 1084 1181 1111 ,
1214 1046 1409 1115 dignus
1436 1054 1494 1099 ut
1525 1046 1600 1100 sis
1626 1061 1885 1100 munere:

706 1136 841 1193 Nam
867 1153 1067 1191 munus
1099 1137 1239 1205 ignis
1266 1145 1372 1200 est,
1399 1144 1455 1191 et
1489 1135 1743 1205 indignos
1776 1142 1951 1190 vorat.

1092 1227 1247 1282 XLV.
1272 1256 1342 1267 -—-
1387 1226 1453 1280 In
1475 1227 1675 1296 januas
1704 1227 1905 1295 ferula'.

709 1320 938 1377 Foribns
960 1321 1180 1389 apertis,
1209 1320 1369 1391 adyta
1412 1335 1520 1389 qua
1562 1319 1745 1389 templi
1778 1327 1983 1387 patent,

710 1416 769 1467 In
792 1412 952 1470 corde
980 1422 1175 1468 mwsto
1204 1414 1451 1482 spiritum
1486 1410 1616 1465 oll‘er
1653 1413 1873 1465 anxium
1905 1428 1918 1464 :

710 1506 835 1561 Haec
861 1516 1009 1576 grata
1044 1505 1271 1559 Domino
1300 1513 1404 1569 est,
1439 1505 1538 1559 hac
1562 1505 1744 1557 litatur
1780 1502 1977 1556 hostia.

882 1596 1069 1652 XLVI.
1101 1627 1169 1637 —
1198 1596 1263 1651 In
1294 1599 1522 1666 primum
1568 1594 1746 1665 templi
1782 1594 2093 1665 ingressum.

708 1691 893 1745 Limen
932 1699 1186 1760 parantes
1226 1688 1433 1758 ingredi
1463 1688 1658 1742 domus
1689 1686 1808 1751 Dei,

707 1784 1001 1839 Removete
1021 1798 1181 1837 curas
1226 1783 1390 1835 ebria:
1427 1780 1697 1851 cupidinis
1725 1798 1736 1831 :

710 1876 857 1930 Intus
885 1876 1170 1945 benignum
1196 1873 1508 1942 utjudicem
1538 1872 1915 1942 experiamini,

708 1968 812 2036 Qui
841 1969 972 2023 dura
1004 1966 1158 2020 vobis
1184 1966 1360 2019 vincla
1385 1965 1556 2019 solvat
1583 1964 1893 2019 criminum.

848 2058 1053 2113 XLVII.
1068 2088 1136 2100 —
1158 2056 1224 2111 In
1247 2056 1423 2126 templi
1452 2058 1774 2126 ingressum:
1797 2059 1850 2110 in
1872 2072 2097 2111 crucem.

706 2152 940 2208 Custode
974 2166 1081 2216 me,
1123 2160 1175 2205 te
1200 2150 1383 2205 nullus
1428 2149 1658 2219 exagitet
1687 2160 1903 2204 metus:

708 2242 819 2315 Ego
863 2259 1097 2311 namque
1142 2252 1317 2296 terror
1350 2242 1687 2297 daemonibus
1723 2251 1778 2296 et
1811 2240 2029 2296 ﬂamma
2056 2256 2200 2295 sum.

1014 2333 1249 2388 XLVIII.
1266 2364 1336 2376 —
1358 2332 1699 2404 Epigramma
1716 2335 1765 2388 in
1786 2351 1983 2388 cruces.

705 2426 1025 2497 Ubicunque
1052 2428 1264 2496 pingor,
1308 2426 1515 2480 nullum
1574 2426 1735 2481 habet
1776 2426 1940 2481 Satan
1976 2428 2190 2486 locum:

705 2518 841 2574 Nam
880 2520 1047 2574 robur
1075 2519 1191 2587 ejus
1221 2519 1441 2572 sustulit
1479 2534 1571 2572 rex
1603 2519 1869 2572 omnium.

1267 2607 1524 2662 XLIX.—
1554 2608 1733 2661 Aliud.

702 2702 904 2773 Fugam
942 2702 1192 2771 capessit,
1251 2710 1301 2756 to
1332 2702 1521 2770 procul
1552 2702 1687 2767 visa,
1733 2701 1900 2757 draco
1922 2741 1938 2767 ,

704 2794 871 2849 Deum
905 2794 1140 2864 gerentis
1172 2793 1388 2848 intuens
1424 2793 1553 2863 ligni
1579 2800 1789 2863 typum.

1130 2873 1133 2879 '
1258 2882 1318 2937 L.
1341 2915 1410 2925 --
1437 2884 1618 2937 Aliud.

702 2974 745 3029 Ο
773 2991 931 3038 crux,
961 2975 1208 3046 perenni,
1249 2974 1343 3029 lux
1377 2990 1496 3029 mea
1519 3014 1534 3039 ,
1563 2974 1710 3030 adsis
1745 2975 1968 3040 lumine,

703 3066 989 3138 Longeque
1036 3068 1231 3123 mentis
1266 3068 1532 3122 submove
1567 3068 1880 3137 caliginem.

1265 3156 1349 3210 LI.
1375 3157 1647 3211 —-Aliud.

704 3246 885 3302 Delixa
913 3262 1127 3303 summo
1148 3246 1427 3318 Golgothae
1452 3248 1649 3301 montis
1668 3247 1799 3318 jugo
1819 3287 1835 3313 ,

707 3338 831 3396 Haec
861 3356 1017 3412 poma
1040 3342 1243 3395 mundo
1277 3339 1498 3409 protulit
1534 3338 1737 3393 vitalia.

1294 3429 1406 3483 LII.
1425 3458 1495 3469 ——
1529 3430 1708 3483 Aliud.

707 3520 957 3589 Expansa
988 3520 1215 3575 tendens
1238 3520 1487 3575 Christus
1508 3521 1560 3574 in
1594 3532 1645 3575 te
1676 3520 1921 3586 brachia,

707 3612 963 3667 Mundum
992 3612 1243 3667 excitavit
1270 3628 1300 3667 e
1329 3613 1582 3667 barathro
1610 3615 1920 3669 criminum.

1289 3704 1422 3767 LIII,
1441 3736 1509 3749 —
1534 3705 1715 3759 Aliud.

711 3800 891 3865 Salve,
932 3798 1228 3868 tropbmum
1262 3799 1469 3853 ειειὶοω
1508 3798 1816 3867 ροηοριίωε

708 3892 812 3947 Per
848 3902 900 3946 te
941 3890 1122 3959 iugata
1148 3899 1232 3944 est
1260 3898 1371 3943 tota
1406 3888 1714 3942 daemonum
1759 3885 2019 3956 phalanx.

1268 3978 1403 4033 LIV.
1427 4009 1491 4019 —
1516 3979 1700 4037 Aliud.

711 4076 887 4141 Salve,
920 4076 1081 4129 arbor
1111 4075 1338 4138 illibata,
1372 4084 1451 4128 ter
1474 4072 1761 4127 laudabilis
1792 4090 1807 4127 :

710 4167 846 4223 Feta
872 4168 1060 4222 mortis
1098 4166 1154 4220 in
1185 4175 1237 4221 te
1267 4175 1447 4220 cessat
1491 4166 1816 4221 exsecratio.

1304 4256 1415 4313 LV.
1438 4288 1507 4298 —
1536 4258 1716 4312 Aliud.

720 4355 898 4421 Salve,
931 4370 1145 4410 coronae
1172 4369 1339 4409 suave
1365 4368 1507 4407 onus
1544 4353 1893 4408 monasticae:

712 4449 915 4505 Christi
947 4449 1006 4503 iit
1040 4447 1135 4501 olli
1161 4461 1358 4501 cursus
1390 4446 1443 4498 in
1478 4454 1529 4499 te
1556 4446 1787 4514 planior.

1302 4536 1437 4591 LVI.
1466 4566 1534 4577 —
1571 4536 1753 4590 Aliud.

716 4638 893 4701 Salve,
919 4634 1097 4691 omnis
1134 4634 1186 4688 in
1219 4649 1327 4704 quo
1358 4632 1614 4703 praesides
1662 4641 1845 4687 custos
1879 4630 1985 4686 loci
2018 4648 2032 4684 :

721 4732 909 4786 Salvos
938 4738 1086 4785 tuere
1118 4736 1387 4799 quotquot
1414 4726 1496 4780 ba:
1527 4724 1686 4781 sedes
1718 4724 1935 4779 habent.

1272 4817 1429 4873 LVII.
1451 4817 1717 4870 —-Aliud.

719 4913 776 4969 Si
820 4928 911 4973 me
934 4912 1019 4967 vel
1049 4912 1163 4981 ipsa
1185 4909 1451 4980 quispiam
1501 4908 1715 4977 eﬂingat
1741 4922 1925 4975 mann,

718 5005 877 5060 Dabit
905 5014 1124 5074 repente
1149 5004 1393 5059 damona
1422 5000 1700 5055 inimicum
1730 4999 1782 5054 in
1822 4999 2025 5070 fugam.

998 5089 1269 5149 LVlll.——
1298 5092 1364 5147 In
1390 5109 1564 5145 cruces
1600 5093 1989 5145 monachorum.

715 5188 862 5242 Crux
907 5188 1209 5241 intuentum
1244 5183 1442 5255 fulguri
1468 5198 1755 5237 coruscum
1805 5183 1989 5252 jubar.

718 5282 858 5335 Crux
893 5290 1041 5337 certa
1074 5289 1128 5335 et
1154 5279 1401 5345 expedita
1435 5278 1823 5332 monachorum
1865 5275 2035 5329 salus.

716 5370 863 5425 Crux
886 5371 1085 5425 Christi
1130 5378 1403 5424 amantum
1435 5367 1802 5436 comprimens
1849 5365 2153 5430 libidinem,

718 5465 862 5517 Crux
892 5464 1283 5534 lacrymantum
1322 5469 1515 5516 cuncta
1549 5458 1736 5513 delens
1770 5457 2021 5511 crimina.

716 5555 857 5613 Crux
888 5557 1180 5611 castiorum
1214 5562 1330 5611 luta
1370 5562 1552 5609 custos
1581 5552 1860 5606 mentium.

1885 398 1945 456 S.
1981 398 2368 458 THEODORI
2397 399 2741 459 STUDl'I‘l-E

2296 503 2349 563 Λ

3783 390 3918 467 1796

2791 498 2922 558 Ml".
2943 531 3013 543 ——
3048 501 3149 568 Εἰς
3172 502 3238 555 τὸ
3264 502 3538 567 τέμϐλον.

2438 594 2599 648 Θείαν
2625 593 2896 665 τράπεζαν
2920 594 3025 664 πρὸ
3052 592 3341 663 προσώπου
3372 612 3465 648 σου
3498 596 3732 665 βλέπων,

2436 687 2594 741 Αἰδοῦ
2623 686 2683 738 τὸ
2714 685 2930 750 σεπτὸν,
2960 685 3054 737 καὶ
3081 686 3215 749 ὅλως
3243 687 3397 757 στῆθι
3429 690 3601 761 φόϐῳ.

2586 778 2718 833 MA'.
2742 810 2811 820 —
2840 781 2942 844 Εἰς
2965 779 3031 831 τὸ
3059 778 3227 848 ἅγιον
3251 784 3713 851 θυσιαστήριον.

2436 871 2663 940 Φρικτὺν
2684 870 2744 923 τὸ
2782 871 2933 940 βῆμα
2960 870 3137 937 τοῦτο,
3172 873 3268 926 καὶ
3298 874 3502 945 πλῆρες
3534 876 3721 944 φόϐου,

2436 962 2581 1025 Nae;
2603 961 2737 1014 Θεοῦ
2766 963 3047 1031 φωτεινὸς,
3079 965 3261 1031 ἁγνοῖς
3288 966 3507 1030 ἁπτέος.

2438 1053 2704 1123 Πρόσελθε
2738 1053 2915 1116 θείως,
2947 1055 3039 1106 καὶ
3066 1054 3311 1124 μεθέξεις
3343 1057 3541 1121 ἀξίως.

2437 1144 2554 1214 Πῦρ
2584 1144 2691 1215 γὰρ
2722 1145 2781 1198 τὸ
2808 1146 2998 1212 δῶρον,
3024 1146 3148 1209 τοὺς
3179 1145 3433 1210 ἀναξίους
3452 1147 3669 1216 φλέγον.

2488 1238 2621 1290 ME'.
2648 1264 2717 1278 ——
2746 1237 2844 1302 Εις
2867 1236 3005 1301 τοὺς
3031 1236 3313 1303 πυλῶνας
3341 1240 3447 1293 τοῦ
3479 1237 3801 1308 νάρθηκος.

2439 1329 2617 1392 Πύλας
2638 1330 2826 1397 διάρας
2860 1329 2950 1383 τοῦ
2992 1328 3117 1383 ναοῦ
3147 1331 3255 1383 τῶν
3289 1331 3499 1385 ἐνθάδε.

2441 1420 2544 1473 Ἰθι
2573 1421 2871 1490 προσοίσων
2898 1421 3114 1492 πνεῦμα
3144 1424 3628 1494 συντετριμμένον·

2438 1510 2549 1564 Καὶ
2572 1512 2726 1565 τοῦτο
2749 1512 2895 1582 Θῦμα
2916 1514 3103 1567 δεκτόν
3132 1515 3247 1567 ἐστι
3272 1515 3479 1585 Κυρίῳ.

2456 1602 2605 1670 Μίῗ.
2635 1633 2704 1644 -
2736 1602 2839 1669 Εἰς
2860 1603 2974 1671 τὴν
2999 1605 3238 1674 πρώτην
3264 1605 3507 1659 εἴσοδον
3532 1605 3639 1659 τοῦ
3666 1603 3836 1661 ναοῦ.

2439 1690 2599 1747 Οἷκου
2628 1694 2762 1747 Θεοῦ
2796 1696 3079 1765 μέλλοντες
3112 1695 3403 1749 εἰσϐαίνειν
3437 1696 3633 1767 πύλην.

2444 1785 2588 1850 Ἐξω
2610 1786 2851 1853 γένοισθε
2883 1787 2979 1855 τῆς
3012 1786 3183 1858 μέθης
3207 1787 3315 1840 τῶν
3342 1787 3654 1856 φροντίδων·

2444 1880 2539 1933 Ἰν*
2564 1879 2802 1949 εὐμενῶς
2834 1878 3045 1949 εὕροιτε
3069 1879 3160 1932 τὸν
3184 1879 3375 1950 κριτὴν
3395 1879 3522 1943 ἔσω,

2439 1971 2639 2035 Λύσεις
2662 1973 2787 2041 ὑμῖν
2818 1971 3063 2028 διδοῦντα
3095 1973 3201 2026 τῶν
3231 1972 3583 2042 ὀφλημάτων.

2438 2066 2569 2119 MZ'.
2600 2094 2671 2104 —
2707 2062 2809 2129 Εἰς
2830 2063 2979 2117 ναοῦ
3010 2064 3284 2119 εισοδον·
3324 2066 3413 2131 εις
3441 2063 3549 2117 τὸν
3575 2064 3854 2130 σταυρόν.

2442 2156 2620 2225 Ἐχων
2644 2172 2710 2225 με
2743 2155 2995 2226 φρουρὸν,
3024 2154 3099 2226 μὴ
3120 2156 3282 2210 πτοοῦ
3312 2156 3550 2218 κτύπους
3570 2154 3781 2222 φόϐων·

2439 2246 2701 2314 Καυστὴρ
2726 2247 2829 2315 γάρ
2852 2247 2967 2315 εἰμι
2996 2248 3336 2318 φρικτοειδὴς
3368 2246 3658 2315 δαιμόνων.

2598 2336 2742 2391 MH’.
2768 2365 2839 2377 —
2871 2337 3238 2407 Ἐπίπραμμα
3264 2342 3351 2400 εις
3379 2338 3700 2403 σταυροὺς.

2450 2430 2565 2497 Ἐφ’
2596 2421 2640 2495 ᾧ
2667 2428 2961 2498 τιιποῦμαι,
2989 2428 3172 2498 χώραν
3196 2430 3257 2481 οὐ
3284 2427 3458 2481 Σατὰν
3481 2426 3614 2496 ἔχει·

2440 2521 2672 2574 Καθείλε
2699 2521 2808 2591 γὰρ
2834 2521 2896 2573 τὸ
2922 2521 3122 2589 κράτος
3151 2519 3313 2573 αὑτοῦ
3340 2517 3650 2583 Παντὰναξ.

2913 2610 3047 2664 MG'.
3075 2640 3146 2651 —
3169 2612 3369 2664 Ἄλλο.

2440 2701 2542 2756 Σοῦ
2565 2706 2629 2773 τῇ
2658 2701 2755 2775 Θέᾳ
2779 2700 3060 2772 πόρρωθεν
3080 2702 3109 2753 ὁ
3137 2700 3350 2772 δράκων
3376 2703 3581 2775 τρέχει,

2440 2797 2623 2851 Τόπον
2654 2812 2713 2849 σε
2741 2793 2951 2868 δέρκων
3009 2794 3105 2848 τοῦ
3137 2794 3426 2849 θεοπλόκου
3456 2796 3634 2863 ξύλου.

2940 2886 3024 2940 Ν’.
3056 2915 3127 2927 -
3159 2888 3359 2941 'A.1.10.

2438 2976 2509 3035 Ὦ
2534 2980 2755 3049 σταυρὶ,
2782 2978 2897 3046 φῶς
2920 2995 3042 3047 μου,
3066 2978 3245 3045 λάμπε
3272 2994 3362 3047 μοι
3394 2976 3559 3030 παντὶ
3589 2977 3781 3049 χρόνῳ,

2439 3073 2636 3145 Πόρῤω
2659 3069 2868 3124 διώκων
2894 3068 2994 3137 τῆς
3025 3068 3209 3139 ψυχῆς
3242 3085 3343 3138 μου
3371 3068 3434 3121 τὸ
3460 3069 3665 3133 σκότος.

2919 3162 3047 3215 NA’.
3078 3190 3147 3201 —
3176 3162 3375 3215 Ἄλλο.

2444 3251 2611 3319 Οὗτος
2642 3254 2907 3325 πεπηγὼς
2936 3255 2995 3306 ἐν
3023 3253 3175 3319 τόπῳ
3196 3252 3291 3307 τοῦ
3314 3252 3573 3321 Γολγοθᾶ,

2412 3370 2415 3373 ·
2448 3347 2685 3417 Ἤνθησε
2711 3345 2900 3416 κόσμῳ
2930 3344 3167 3415 ζωτικὴν
3201 3344 3525 3415 εὐκαρπίαν.

2922 3434 3049 3488 NB’.
3070 3464 3141 3474 —
3174 3434 3371 3486 Ἄλλο.

2456 3529 2543 3582 Ἐν
2564 3526 2695 3598 τῷδε
2718 3526 2907 3596 χεῖρας
2940 3523 3202 3587 ὲξαπλοῦς
3223 3523 3252 3574 ὀ
3281 3522 3587 3587 Παντάναξ,

2448 3619 2670 3691 Ἠγειρε
2693 3618 2894 3687 κόσμον
2925 3618 2989 3669 ἐκ
3015 3616 3284 3687 βαράθρου
3317 3616 3689 3685 πταισμάτων.

2924 3708 3049 3762 NP.
3079 3736 3149 3748 —
3175 3710 3386 3763 'A.1.10.

2446 3804 2687 3876 Χαίροις,
2714 3802 2972 3874 τρόπαιον
2991 3799 3091 3869 τῆς
3116 3800 3229 3854 ἄνω
3263 3801 3611 3871 παντευχίας·

2455 3896 2544 3949 Ἐν
2564 3894 2647 3947 σοὶ
2672 3893 2971 3964 τέτραπται
3000 3891 3149 3943 πᾶσα
3174 3890 3442 3960 δαιμόνων
3469 3890 3700 3961 φάλαγξ.

2932 3983 3055 4038 ΝΔ¹.
3081 4013 3150 4025 -
3183 3984 3383 4038 Ἄλλο.

2442 4080 2687 4151 Χαίροις,
2711 4074 3147 4149 τρισευλότητον,
3176 4078 3442 4147 ἄχραντον
3470 4074 3626 4142 ξύλον
3646 4089 3662 4104 ·

2456 4175 2544 4229 Ἐν
2572 4175 2655 4228 σοὶ
2686 4177 2960 4228 πέπαυται
2990 4173 3091 4243 τῆς
3117 4173 3255 4242 ἀρᾶς
3278 4173 3312 4240 ἡ
3342 4168 3625 4239 θνητότης.

2915 4260 3043 4317 NE’.
3078 4291 3151 4304 -—
3188 4262 3393 4315 'A.1.10.

2445 4356 2690 4427 Χαὶροις,
2712 4354 2990 4425 μοναστῶν
3014 4351 3387 4421 παντέλαφρον
3419 4348 3657 4420 φορτίον.

2458 4449 2547 4502 Ἐν
2576 4448 2660 4501 σοὶ
2686 4448 2792 4518 γὰρ
2827 4447 3007 4507 αὐτοῖς
3036 4444 3234 4513 κοῦφος
3260 4444 3288 4495 ὁ
3313 4440 3550 4511 Χριστοῦ
3575 4440 3788 4512 δρόμος.

2921 4534 3065 4603 NQ”.
3092 4563 3166 4574 —
3200 4536 3398 4588 Ἄλλο.

2447 4631 2689 4705 Χαίροις,
2723 4627 3006 4699 φυλακτὴρ
3033 4620 3093 4681 οὗ
3120 4624 3474 4695 παρεδρεύεις
3504 4624 3693 4678 τόπου·

2447 4728 2675 4789 Σκὲποις
2704 4721 2903 4786 ἀσινῶς
2932 4722 3059 4783 τοὺς
3098 4719 3357 4791 μένοντας
3386 4716 3594 4771 ἐνθάδε.

2930 4812 3057 4867 ΝΖ’.
3081 4840 3150 4852 —
3174 4810 3364 4864 'A.1.10

2447 4908 2645 4963 Τυπῶν
2670 4906 2737 4979 μό
2762 4923 2845 4970 τις
2876 4905 2969 4959 καὶ
2997 4905 3153 4975 μόνον
3178 4901 3353 4971 ἐμπου
3383 4899 3653 4970 δακτύλῳ,

2445 5000 2619 5063 Εὐθὺς
2646 4999 2734 5053 τὸν
2758 4996 3110 5068 ιχθραίνοντα
3137 4994 3364 5064 δαίμονα
3396 4992 3637 5065 στρέφει.

2602 5092 2734 5146 Nll'.
2768 5119 2835 5131 -
2862 5088 2965 5155 Εἰς
2985 5087 3287 5156 σταυροὺς
3302 5083 3623 5156 μοναστῶν
3652 5084 3701 5138 ι.

2446 5184 2681 5257 Σταυρδς
2708 5182 3008 5253 βλεπόντων
3035 5181 3457 5251 ἁστραπηφόρον
3487 5178 3667 5240 σέλας.

2445 5276 2681 5347 Σταυρὸς
2711 5272 2987 5345 μοναστῶν
3016 5270 3275 5341 εὔδρομος
3303 5269 3564 5340 σωτηρία.

2448 5366 2684 5437 Σταυρδς
2711 5362 3002 5433 φιλούντων
3028 5361 3224 5424 ὲνθέως
3254 5360 3627 5430 πορνοκτόνος.

2450 5457 2683 5524 Σταυρὸς
2708 5452 2976 5505 κλαόντων
2994 5451 3330 5521 ὲξαλείπτωρ
3358 5446 3730 5516 πταισμάτων.

2451 5546 2686 5616 Σταυρὸς
2716 5543 2986 5613 φιλάγνων
3010 5541 3412 5613 ἀσφαλέστατος
3441 5539 3635 5610 φύλαξ.

2025 5700 2258 5757 ῩΑΒΙΛΕ
2299 5698 2703 5757 LECTIONES.

792 5844 823 5887 ι
855 5845 984 5918 Reg.
1017 5843 1137 5900 cod.
1176 5841 1601 5913 Ἐπιγράμματα
1646 5841 1931 5911 μονόστιχα
1974 5842 2051 5905 εἰς
2098 5838 2383 5913 σταυρούς.
