4188 6470
282 384 419 447 I797

821 500 947 555 NO’.
983 533 1051 544 —
1076 505 1273 561 Ἄλλο.

274 588 387 649 Πᾶς
415 587 443 639 ὁ
475 587 700 659 γράφων
733 607 823 661 με,
858 594 950 646 καὶ
979 594 1206 664 γράφειν
1227 597 1459 667 Χριστὸν
1479 599 1620 656 θέλε.

287 678 544 749 Ἐπείπερ
564 679 725 744 αὐτὸς
761 682 1167 750 συμπέπλεκται
1201 703 1291 755 μοι
1317 688 1497 744 πάθει.
1542 748 1545 749 ν

286 767 448 835 Ἐμοῦ
475 769 582 839 γὰρ
603 770 813 840 ἐχθρὸς,
841 773 934 824 καὶ
964 774 1289 845 καθαιρέτης
1321 778 1497 843 πέλει,

285 854 344 908 '0
375 856 450 925 μὴ
477 858 702 928 γράφων
730 862 954 927 ἐκεῖνον,
981 866 1028 917 εὶ
1056 866 1147 917 καί
1177 885 1243 937 με
1272 870 1491 940 γράφει.

749 950 824 1004 Ξ’.
854 982 919 991 -—
942 957 1335 1025 Μονόστιχον.

271 1034 504 1120 Βροτοὺς
541 1037 795 1108 δαδουχῶ,
822 1041 916 1094 καὶ
948 1047 1378 1114 σκοταρχοῦντας
1409 1049 1612 1120 φλέγω.

366 1108 381 1125 ’
626 1127 744 1183 ΞΑ’.
774 1161 840 1172 -
862 1131 955 1198 Εἰς
992 1134 1096 1187 τὸν
1117 1108 1475 1207 Πρόδρομοός.

272 1216 448 1269 Εὶκὼν
502 1219 727 1289 ὑπάρχω
761 1221 853 1275 τοῦ
881 1225 1140 1278 σεϐαστοῦ
1166 1229 1498 1299 Προδρόμου.

269 1308 378 1360 Καὶ
404 1309 527 1371 τοὺς
556 1310 702 1379 πόθῳ
734 1330 798 1381 με
836 1316 1265 1383 προσκυνοῦντας
1285 1319 1472 1384 ἀξίως,

281 1397 369 1460 Ὠς
401 1401 477 1463 εἰς
507 1402 708 1454 ἐκεῖνον
735 1403 832 1471 τὴν
865 1407 1031 1477 τιμὴν
1062 1409 1431 1478 ποιουμένους,

267 1482 448 1546 Σώους
483 1484 715 1552 φύλαττε
737 1490 1111 1561 αἱρετιζόντων
1139 1496 1364 1564 πλάνης.

303 1572 421 1628 ΞΒ’.
455 1576 663 1645 -νΕὶςε
682 1579 789 1632 τὸν
815 1581 984 1650 ἅγιον
1024 1585 1306 1654 Ἰωάννην
1336 1587 1440 1641 τὸν
1470 1593 1778 1664 Θεολόγον.

265 1663 502 1735 Βροντῆς
532 1667 621 1719 τὸν
649 1670 783 1736 υἱὸν,
814 1672 1098 1745 ἀστραπὴν
1124 1667 1233 1747 τῆν’
1248 1677 1339 1730 τοῦ
1366 1678 1542 1746 λόγου,

280 1754 452 1824 Ὀρῶν
481 1776 539 1811 σε
560 1762 799 1831 γραπτὸν
822 1765 1125 1836 φωτιοῦμαι
1156 1768 1280 1830 τοῦς
1304 1770 1447 1833 νόας.

264 1845 338 1899 Σὺ
360 1847 467 1916 γὰρ
494 1851 774 1919 προσάψας
800 1853 1001 1923 πυρσὸν
1031 1856 1319 1926 ἀφθάρτων
1341 1859 1535 1929 λόγων,

266 1935 435 1989 Λῦσαι
466 1937 683 2005 φθάνεις
707 1940 796 1993 τὸν
826 1942 1024 2011 κόσμον
1049 1946 1111 1998 ὲκ
1136 1947 1355 2012 σκότους
1384 1951 1610 2023 πλάνης.

334 2023 449 2077 ΞΡ.
486 2029 588 2091 Εἰς
619 2027 724 2080 τὸν
756 2027 925 2097 ἅγιον
962 2032 1203 2088 Παῦλον
1237 2035 1344 2090 τὸν
1371 2038 1738 2098 ἀπόστολον.

263 2114 507 2184 Χαίροις,
535 2116 736 2187 δοχεῖον
759 2119 1013 2187 γνώσεως
1039 2123 1172 2178 Θεοῦ
1210 2128 1372 2196 μέγα,

276 2205 364 2270 Ἐξ
393 2200 453 2259 οὗ
479 2206 548 2259 τὰ
585 2206 700 2260 θεῖα
727 2210 922 2276 πάντες
948 2214 1194 2269 ἀντλοῦσι
1227 2222 1449 2294 σφόδρα.

274 2294 370 2346 Ἐκ
398 2296 504 2366 γάρ
534 2296 738 2368 πλάνης
763 2300 826 2353 σὺ
862 2303 1063 2372 κόσμον
1089 2308 1364 2373 ἐκσπάσας
1397 2313 1529 2379 ὅλον,

260 2385 357 2446 Εἰς
391 2384 522 2454 ὕψος
547 2382 730 2458 ἦλθες,
762 2391 989 2461 οὐρανὸν
1023 2397 1202 2467 τρίτον
1235 2402 1466 2469 φθάσας.

506 2477 620 2533 ΞΔἏ
650 2511 721 2525 --
747 2486 849 2548 Εἰς
898 2486 1004 2539 τὸν
1032 2488 1202 2557 ἅγιον
1245 2496 1562 2562 Ζαχαρίαν.

263 2564 335 2615 Σὺ
366 2565 471 2619 τῶν
501 2572 793 2642 προφητῶν
825 2575 916 2627 τὸν
945 2578 1195 2647 μέγιστον
1222 2585 1489 2653 αὐγάσας,

261 2653 395 2705 Θεοῦ
431 2660 1100 2735 προφήτηςχρηματὶζεις
1133 2672 1225 2724 καὶ
1260 2675 1443 2743 θύτης·

264 2745 485 2813 Καρπὸν
512 2748 567 2801 δὲ
596 2750 734 2804 θεῖον
759 2758 1079 2829 προσφέρων
1115 2762 1191 2831 τῷ
1224 2765 1489 2840 Δεσπότῃ,

260 2837 375 2909 Θὺῃ
414 2853 653 2913 μάχαιρα
684 2844 789 2915 πρὸ
812 2852 1087 2921 τραπέζης
1128 2854 1356 2924 Κυρίου.

504 2930 620 2986 ΞΕ’.
653 2964 723 2976 -ο
752 2940 856 3004 Εἰς
878 2940 983 2994 τὸν
1015 2942 1186 3012 ἅγιον
1229 2950 1561 3005 Διονύσιον.

260 3019 433 3081 Πολὺς
460 3020 527 3073 τὰ
552 3022 670 3078 θεῖα
698 3032 1069 3099 χρηματίζων,
1095 3039 1431 3109 τρισμάκαρ,

260 3112 399 3174 Τοὺς
420 3112 681 3181 ἀγγέλους
710 3121 773 3172 σὺ
811 3124 1081 3189 μυστικῶς
1134 3126 1483 3205 διαγράφεις,

261 3201 368 3253 Καὶ
401 3209 783 3277 συμπεραίνων
816 3214 997 3266 πᾶσαν
1025 3216 1327 3287 ἱεραρλίαν,

259 3292 301 3343 Τ
305 3294 361 3345 ὲν
384 3295 583 3366 κόσμον
606 3299 754 3354 ἔνθεν
778 3302 1058 3375 δογμάτων
1091 3308 1316 3382 πληροῖς
1350 3312 1560 3367 πλάτει.

502 3388 635 3457 EG’.
665 3424 732 3433 -—-
754 3395 855 3460 Εἰς
901 3397 1005 3450 τὸν
1037 3398 1208 3468 ἄτιον
1245 3407 1589 3465 Βασίλειον.

261 3478 584 3549 Ἢστραψας
618 3483 779 3556 αἴγλῃ
810 3486 901 3537 τοῦ
921 3490 1140 3554 φαεινοῦ
1165 3471 1255 3545 σου
1284 3496 1421 3564 βίου,

260 3569 368 3621 Καὶ
398 3572 704 3640 φαιδρύνεις
729 3577 819 3628 τὸν
850 3579 1050 3648 κόσμον
1081 3582 1260 3653 ἔργοις
1282 3588 1372 3639 καὶ
1402 3589 1601 3659 λόγοις.

260 3659 452 3712 Λαϐὼν
490 3661 545 3714 δὲ
570 3665 665 3728 τὰς
704 3666 849 3729 κλεῖς
876 3670 1071 3735 καύτὸς
1100 3673 1173 3737 ὡς
1203 3677 1407 3748 Πέτρος
1439 3682 1577 3748 νέος,

257 3748 434 3813 Φύλαξ
460 3752 719 3823 ὑπάρχεις
742 3757 841 3827 τῆς
867 3761 1043 3833 πάσης
1086 3764 1427 3837 Ἐκκλησίας.

260 3837 374 3893 ΞΖ’.
412 3868 483 3878 -
510 3844 612 3909 Εἰς
672 3846 776 3899 τὸν
825 3848 994 3918 ἅγιον
1049 3856 1374 3926 Γρηγόριον
1418 3863 1523 3916 τὸν
1573 3865 1757 3917 θεολό
1781 3895 1808 3905 -

965 3961 1091 4009 τον.

259 4023 501 4093 Βροντῶν
528 4026 595 4080 τὰ
617 4028 733 4082 θεῖα
761 4034 825 4101 τῇ
864 4032 957 4105 βοῇ
986 4037 1092 4087 τῶν
1120 4039 1424 4110 δογμάτων,

266 4112 508 4184 Ἥχησας
534 4117 700 4182 ὅντως
736 4121 833 4191 τὴν
858 4124 947 4175 ὑπ’
978 4125 1225 4196 οὐρανὸν,
1260 4135 1463 4207 μάκαρ.

259 4204 366 4257 Καὶ
394 4207 569 4270 πάσας
599 4211 761 4281 ἀπρὶξ
788 4217 1041 4284 μωράνας
1071 4221 1327 4291 αἱρέσεις,

912 4495 1149 4559 ουργόν.

265 4566 351 4627 Ὠς
378 4567 527 4638 ἥλιός
552 4588 635 4635 τις
662 4575 718 4627 ἐν
759 4575 857 4648 βίῳ
885 4579 1103 4651 λάμψας
1134 4587 1328 4655 μέγας,

252 4660 627 4725 Διασκεδάζεις
655 4664 821 4719 νύκτα
852 4670 951 4740 τῆς
980 4675 1278 4747 μοχθηρίας
1302 4697 1317 4712 ⁹

257 4753 362 4804 Καὶ
394 4754 820 4835 θαυματουργῶν
849 4767 953 4819 τῶν
988 4774 1302 4842 προσευχῶν
1324 4778 1399 4847 τῷ
1430 4782 1574 4849 φάει,

268 4846 646 4913 Ἀπεκδιὼκεις
676 4852 943 4921 δαιμόνων
975 4862 1175 4931 σμήνη,
1209 4846 1407 4939 Πάτερ.

494 4937 611 4992 ΞΘ’.
641 4972 709 4981 --
744 4942 844 5009 Εἰς
872 4946 975 4999 τὸν
998 4948 1167 5017 ἅγιον
1221 4954 1588 5027 Ἐπιφάνιον.

267 5023 569 5099 Ἑωσφόρον
598 5048 656 5083 σε
684 5035 934 5101 πράξεως
967 5041 999 5109 ή
1034 5041 1370 5116 λαμπρότης,

260 5115 495 5180 Ἔδειξεν
532 5120 655 5190 ὕψει
684 5125 791 5178 τῶν
824 5130 1093 5196 μεγίστων
1125 5138 1434 5207 θαυμάτων.

268 5205 353 5271 Ἐξ
386 5203 452 5277 ἧς
481 5212 546 5263 τὰ
580 5215 765 5285 ῥεῖθρα
800 5219 1140 5293 πλημμυρῶν
1166 5203 1272 5282 τῶν
1306 5233 1607 5305 δογμάτων.

258 5300 478 5354 Πάντων
508 5304 770 5376 θρίαμϐος
800 5313 1175 5381 αἱρετιζόντων
1209 5323 1406 5387 πέλεις.

256 5392 331 5445 0’.
366 5422 437 5433 —
466 5398 567 5461 Εἰς
595 5402 722 5483 τὸν
769 5402 938 5471 ἅγιον
994 5407 1278 5475 Ἰγνάτιον
1320 5417 1425 5469 τὸν
1485 5423 1794 5493 Θεοέρόρον.

283 5483 433 5552 Εχων
460 5487 635 5557 ἔρωτα
667 5493 897 5560 Χριστὸν
923 5499 979 5548 ὲν
1010 5502 1072 5568 σῇ
1106 5505 1316 5573 καρδίᾳ.

267 5574 598 5631 Ἀποστόλων
626 5582 884 5653 σύσκηνος
910 5586 1115 5660 ὤφθης,
1140 5596 1451 5669 τρισμάκαρ
1475 5616 1487 5629 ’

259 5664 471 5732 ’Ἄθλοις
497 5670 554 5723 δὲ
589 5672 805 5745 θερμοῖς
832 5680 1161 5749 ἐκφλογίζων
1190 5686 1285 5755 τὴν
1312 5664 1537 5763 πλάνην,

271 5754 602 5826 Ἐπιστολαις
636 5783 726 5819 σου
758 5767 961 5834 Παῦλος
987 5771 1140 5837 ἄλλος
1170 5754 1251 5840 τις
1278 5754 1474 5847 πέλεις.

1758 408 1892 468 IAM
1904 410 1992 470 BI.

1850 521 1899 578 Λ

3338 409 3472 473 I798

2439 518 2576 576 LII.
2593 550 2663 561 —
2691 520 2872 575 Aliud.

1930 608 2246 681 Quicunque
2272 610 2447 682 pingis
2477 627 2579 676 me,
2609 612 2770 665 simul
2804 612 3079 668 Christum
3107 614 3237 668 velis

1922 699 2185 767 Pinxisse,
2238 710 2410 756 morte
2439 718 2563 756 nam
2592 703 2873 772 colligatus
2913 705 3043 758 mihi
3084 715 3186 760 est.

1920 790 2293 847 Extcrmiuare
2328 808 2413 847 me
2438 804 2611 862 parat,
2644 795 2687 848 si
2711 796 2833 863 quis
2863 804 3045 863 typum

1921 881 2052 953 Ejus
2107 892 2320 938 recuset
2356 885 2593 954 pingere,
2620 894 2672 936 et
2699 886 2880 952 pingat
2909 900 3110 937 meum.

2403 972 2588 1027 LX.—
2606 973 3011 1028 Monosticlzum.

1920 1060 2233 1119 Mortalibus
2269 1080 2388 1119 sum
2417 1064 2527 1130 lux,
2559 1074 2613 1119 et
2635 1081 2734 1119 uro
2764 1065 3081 1120 daamonas.‘

2362 1154 2497 1210 LXI.
2521 1185 2589 1197 --
2616 1155 2682 1210 In
2705 1157 3071 1209 Prodromum.

1920 1243 2096 1313 Imago
2119 1258 2237 1298 sum
2275 1246 2576 1299 veneranda
2632 1247 2808 1315 magni
2846 1247 3165 1307 Prodromi;

1920 1331 1983 1384 Et
2007 1348 2089 1386 me
2124 1333 2328 1387 lubenti
2359 1336 2449 1403 qui
2484 1336 2667 1390 colunt
2699 1338 2900 1400 animo,
2928 1346 2984 1391 ut
3010 1337 3182 1401 decet,

1920 1419 2113 1475 Sancte
2141 1424 2452 1479 exhibentes
2480 1441 2639 1494 quem
2671 1427 2800 1480 mihi
2839 1428 3039 1481 cultum
3070 1426 3344 1490 exhibent,

1917 1509 2027 1565 llos
2053 1512 2166 1580 ipse
2198 1529 2378 1568 serves
2406 1515 2629 1571 haeresis
2663 1520 2936 1587 contagio.

2056 1601 2214 1657 LXII.
2237 1635 2303 1645 —
2327 1604 2391 1658 In
2426 1616 2662 1659 sanctum
2698 1607 2955 1664 Joannem
2988 1610 3299 1687 Theologam

1922 1686 2188 1759 Verbique
2213 1690 2412 1762 fulgur,
2446 1707 2497 1747 et
2530 1697 2751 1751 tonitrui
2778 1700 2940 1762 Iilius,

1918 1779 2044 1835 Mihi
2078 1782 2196 1836 luce
2225 1786 2460 1852 comples
2483 1798 2737 1852 mentem,
2767 1792 2857 1845 ubi
2885 1794 3083 1860 pictum
3115 1797 3352 1854 intueor.

1850 1853 1891 1908 Β
1916 1873 2071 1928 Potes
2096 1890 2321 1930 corusca
2368 1894 2596 1948 namque
2627 1897 2935 1937 sermonum
2973 1884 3111 1952 face,

1912 1965 2126 2019 Erroris
2156 1967 2373 2023 umbras
2419 1971 2547 2024 orbe
2586 1981 2694 2026 toto
2732 1975 2945 2043 pellere.

2052 2057 2231 2113 LXIII.
2271 2091 2341 2100 —
2368 2060 2436 2114 In
2474 2077 2713 2130 sanctum
2739 2065 2964 2120 Paulum
2999 2069 3318 2136 apostolum.

1913 2150 2091 2216 Salve,
2121 2166 2153 2206 ο
2180 2168 2428 2223 supernae
2465 2157 2665 2224 grande
2699 2172 2793 2213 vas
2824 2160 3063 2216 scientia
3094 2179 3107 2215 :

1913 2244 1990 2300 Ex
2017 2262 2125 2317 quo
2158 2249 2389 2301 universi
2449 2264 2642 2318 nempe
2668 2251 2851 2306 divina
2884 2253 3161 2309 hauriunt.

1912 2336 2015 2391 Per
2040 2349 2089 2393 te
2120 2337 2335 2408 fugatus
2357 2340 2487 2393 orbe
2517 2351 2800 2410 postquam
2829 2358 2983 2398 error
3014 2344 3137 2411 fuit,

1913 2426 2138 2484 Tolleris
2165 2430 2230 2483 ad
2261 2431 2389 2496 alta,
2421 2433 2614 2486 cmlum
2649 2434 2714 2487 ad
2748 2450 2919 2505 usque
2951 2440 3194 2493 tertium.

2188 2520 2441 2575 LXIV.—-
2467 2522 2530 2577 In
2566 2537 2803 2578 sanctum
2831 2526 3174 2586 Zachariam.

1912 2608 1991 2664 Tu
2033 2610 2124 2680 qui
2146 2615 2461 2678 prophetam
2490 2615 2795 2682 prardieasti
2830 2619 3149 2685 maximum,

1910 2699 2004 2753 Dei
2036 2704 2290 2757 sacerdos
2321 2713 2372 2758 et
2407 2706 2667 2774 propheta
2696 2708 2893 2763 diceris
2926 2726 2939 2763 :

1909 2786 2245 2859 Dominoque
2274 2790 2506 2845 fructum
2531 2794 2629 2848 rite
2654 2795 2896 2849 divinum
2924 2796 3177 2863 oﬂ‘erens,

1909 2879 2167 2937 Mactatus
2194 2897 2343 2947 ense,
2374 2885 2590 2941 victima
2619 2898 2742 2944 ante
2768 2905 2917 2943 aram
2950 2892 3122 2948 cadis.

2170 2974 2328 3029 LXV.
2360 3008 2427 3017 —
2456 2977 2522 3031 In
2560 2990 2799 3033 sanctum
2837 2982 3170 3055 Dionysium.

1908 3061 2057 3118 Felix
2086 3066 2267 3132 nimis,
2300 3068 2482 3124 divina
2506 3072 2591 3125 cui
2617 3071 2803 3127 datum
2828 3075 3034 3144 eloqui,

1836 3186 1877 3243 ο
1913 3153 1973 3207 Et
2003 3156 2310 3225 angelorum
2352 3174 2546 3214 arcana
2579 3177 2805 3232 quaeque
2831 3168 3066 3233 pandere
3095 3186 3110 3220 :

1910 3245 2233 3314 Complexus
2255 3264 2413 3303 omne
2447 3252 2706 3320 quidquid
2740 3264 2822 3309 est
2850 3256 3189 3323 liierarcliize,

1911 3337 2191 3408 Multiplici
2228 3344 2485 3396 mundum
2520 3344 2641 3399 inde
2663 3346 2909 3402 doctrina
2935 3350 3126 3417 reples.

2212 3430 2393 3486 LXVI.
2421 3464 2489 3473 —
2519 3434 2580 3487 In
2606 3447 2843 3489 sanctum
2866 3438 3158 3494 Basiliam.

1910 3517 2045 3574 Vitae
2073 3520 2282 3576 refulsit
2317 3524 2570 3592 splendor
2601 3527 2830 3581 eximius
2872 3538 3007 3595 tuae,

1909 3610 2193 3682 Factisque
2227 3616 2484 3669 mundum
2511 3620 2709 3686 pariter
2738 3630 2789 3673 et
2822 3623 3002 3677 verbis
3028 3623 3178 3678 beas.

1906 3704 1983 3757 Ac
2006 3705 2117 3773 ipse
2151 3706 2350 3769 claves,
2383 3707 2517 3760 alter
2545 3719 2601 3762 ut
2632 3708 2842 3778 Petrus,
2879 3729 3069 3782 gerens
3091 3755 3107 3780 ,

1907 3794 2162 3849 Ecclesia:
2193 3813 2333 3851 unus
2375 3800 2641 3853 universae
2668 3804 2955 3872 prospicis.

1977 3880 2181 3936 LXVII.
2215 3914 2279 3923 ——
2316 3882 2379 3936 In
2408 3896 2647 3939 sanctum
2694 3887 3004 3961 Gregorium
3041 3892 3377 3965 Tlteologunt.

1907 4059 2034 4125 Qua:
2061 4072 2114 4113 tu
2155 4062 2360 4130 potenti
2395 4078 2525 4119 voce
2556 4064 2743 4120 fudisti
2776 4076 2968 4123 tonans

1906 4152 2156 4215 Oracula,
2191 4155 2389 4219 omnis,
2414 4155 2557 4220 dive,
2579 4158 2818 4215 mundus
2847 4162 3021 4215 audiit
3056 4180 3069 4216 :

1903 4241 2286 4313 Perimensque
2314 4258 2536 4302 cunctas
2580 4250 2812 4305 haereses
2849 4254 3105 4309 radicitus
3125 4297 3141 4321 ,

1904 4334 2097 4389 Orbem
2134 4337 2441 4392 universum
2472 4355 2651 4395 sermo
2683 4344 2922 4397 Iirmavit
2950 4356 3095 4401 tuus.

1780 4451 1804 4463 -
1906 4423 2130 4480 LXVIII.
2168 4458 2237 4467 —
2267 4428 2332 4482 In
2362 4441 2598 4484 sanctum
2638 4430 2944 4503 Gregorium
2984 4436 3443 4513 Thaumaturgum.

1903 4597 2052 4653 Ilaud
2084 4601 2237 4655 aliter
2266 4618 2329 4658 ac
2361 4604 2439 4658 sol
2473 4605 2687 4675 aliquis,
2726 4608 2780 4662 in
2811 4609 2916 4663 vita
2943 4612 3182 4681 micans,

1903 4690 2176 4746 Scelerum
2202 4696 2482 4748 nefandam
2509 4698 2717 4765 disjicis
2761 4700 3044 4767 caliginem
3079 4722 3095 4759 :

1900 4782 2124 4836 Precum
2162 4795 2215 4838 ct
2242 4796 2455 4839 tuarum
2481 4788 2559 4841 vis
2593 4798 2813 4856 patrans
2837 4793 3097 4847 miracula
3124 4834 3139 4858 ,

1900 4872 2092 4927 Procul
2129 4885 2369 4929 catervas
2399 4876 2703 4931 daemonum
2731 4878 2895 4949 fugat,
2926 4882 3105 4937 Pater.

2109 4962 2291 5019 LXIX.
2324 4992 2393 5004 -—-
2426 4963 2492 5019 In
2532 4979 2771 5021 sanctum
2809 4970 3180 5040 Epiphaniam.

1902 5054 2123 5109 Divinus
2162 5072 2381 5125 operum
2420 5056 2616 5127 fulgor,
2649 5069 2809 5130 atque
2843 5064 3129 5119 excelsitas

1901 5146 2300 5209 Miraculorutn,
2329 5150 2694 5219 pltosphorum
2732 5163 2781 5207 te
2822 5157 3088 5223 praestitit.

1905 5240 2167 5293 Doctrina:
2192 5250 2247 5295 et
2268 5242 2422 5295 almae
2464 5243 2605 5312 larga
2631 5243 2813 5300 [undis
2844 5247 3061 5302 ﬂumina
3084 5291 3099 5315 ,

1903 5329 2070 5384 Victis
2096 5333 2401 5401 triumphos
2433 5334 2693 5389 incresuut
2720 5340 2881 5393 sectis
2912 5356 3101 5408 agens.

2007 5421 2165 5475 LXX.
2202 5455 2266 5463 ——
2295 5423 2359 5476 In
2384 5438 2621 5478 sanctum
2654 5426 2920 5495 lgnalium
2953 5430 3336 5502 Theopltorum.

1902 5512 2103 5566 Cereus
2130 5513 2179 5564 iu
2212 5517 2315 5567 alto
2338 5516 2535 5569 Christi
2571 5532 2809 5572 amorem
2840 5533 3060 5588 pectore
3081 5563 3096 5589 ,

1903 5602 2279 5677 Apostolorum
2322 5604 2472 5660 visus
2497 5622 2553 5661 es
2578 5606 2704 5662 felix
2735 5624 2918 5667 comes
2943 5630 2956 5643 ·

1904 5692 2153 5746 Errorem
2183 5703 2235 5747 et
2271 5697 2381 5749 acri
2414 5713 2743 5767 persequens
2775 5706 3096 5769 certamine.

1904 5786 2082 5841 Alium
2120 5786 2225 5841 tuis
2259 5788 2311 5841 iu
2345 5791 2585 5859 epistolis
2606 5790 2831 5851 Paulum
2858 5799 3104 5858 exhibes.
