4188 6506
735 417 877 484 I799
1915 413 1955 472 S
2016 410 2401 473 THEODORI
2440 406 2782 471 STUDIT/E
3822 396 3951 460 1800

1014 525 1197 583 LXXI.
1228 557 1295 568 —
1325 524 1392 579 In
1419 534 1661 579 sanctum
1683 523 2053 577 Athanasium.
2320 525 2368 583 Α
2628 520 2668 572 0

2320 525 2368 583 Α
2628 519 2749 572 OA'.
2772 544 2841 559 -—
2868 516 2972 580 Εἰς
3003 513 3108 567 τὸν
3128 512 3299 581 ἅγιον
3346 509 3723 565 Ἀθανάσιον.

735 623 868 679 Nam
893 621 1017 695 quis
1045 620 1281 683 labores,
1308 616 1494 687 przelia
1529 626 1583 671 et
1623 623 1716 669 tua
1752 612 2017 682 explicet,

2397 613 2493 677 Τίς
2514 612 2638 675 τοὺς
2683 608 2899 678 ἀγῶνας
2924 604 3033 660 τῶν
3066 604 3244 658 πόνων
3280 601 3390 655 τῶν
3420 600 3529 653 σῶν
3558 600 3779 671 φράσοι,

734 714 946 768 Athleta
979 708 1216 781 magne?
1241 720 1297 763 tu
1338 707 1721 775 magistrorum
1764 704 1950 759 decus.

735 803 869 859 Nam
900 819 996 874 pro
1030 801 1161 866 Deo,
1182 798 1412 872 gigantis
1441 798 1637 862 instar,
1663 795 1952 857 dimicans,

736 892 931 949 Hostes
958 890 1300 960 triumphans
1326 887 1605 958 dissipasti
1628 886 1916 956 pessimos.

1090 980 1301 1038 LXXII.
1323 1011 1392 1023 -
1410 983 1477 1035 In
1494 979 1948 1050 Chrysostomum.

738 1075 784 1130 Ο
817 1076 906 1146 qui
943 1075 1198 1145 perennis
1235 1073 1562 1144 eloquentis
1586 1085 1785 1126 aureos

737 1165 937 1221 Fontes
964 1165 1219 1230 recludis,
1247 1173 1442 1220 cuncta
1480 1170 1752 1218 terrarum
1783 1160 1946 1228 irriga
1983 1177 1997 1211 :

740 1256 991 1313 Pandens
1022 1256 1216 1311 salutis
1237 1264 1291 1310 et
1317 1256 1457 1309 viam
1485 1252 1811 1307 mortalibus
1834 1287 1849 1312 ,

740 1350 942 1406 Omnes
985 1349 1144 1405 beato
1177 1348 1414 1403 coalitum
1439 1346 1583 1417 gregi
1612 1346 1812 1399 insere.

1017 1437 1250 1494 LXXIII.
1284 1469 1353 1480 —
1385 1435 1452 1492 In
1477 1446 1719 1491 sanctum
1752 1433 2034 1505 Cyrillum.

742 1533 894 1588 Tuus
915 1541 1031 1587 arte
1058 1532 1225 1585 multa
1247 1545 1545 1601 congerens
1578 1542 1764 1583 sacras
1792 1542 1953 1597 opes,

742 1624 941 1680 Ditavit
968 1627 1155 1680 orbein
1199 1624 1548 1692 postmodum
1579 1621 1831 1691 egregius
1862 1621 2012 1673 labor
2043 1636 2057 1672 :

742 1714 974 1771 Proiana
999 1724 1246 1783 retegens
1279 1715 1547 1767 haeresum
1575 1723 1632 1765 et
1670 1709 1928 1782 mysteria
1948 1746 1964 1773 ,

746 1808 967 1863 Sincera
990 1807 1202 1877 populis
1236 1805 1539 1876 praedicasti
1562 1805 1592 1859 ιι
1608 1814 1859 1885 ogmata.

818 1895 1051 1952 LXXIV.
1080 1925 1151 1937 —
1188 1894 1254 1949 In
1279 1904 1517 1949 sanctum
1564 1892 1871 1963 Gregorium
1914 1888 2229 1959 Nyssennm.

749 1985 1069 2041 Sermonum
1096 1984 1367 2053 aperiens,
1404 1980 1557 2045 Dive,
1588 1980 1790 2034 fontem
1823 1976 2064 2033 dulcium
2084 2015 2099 2040 ,

746 2076 974 2135 Omnem
1006 2075 1204 2147 iugasti
1238 2075 1441 2129 lumine
1461 2072 1661 2144 ingenii
1701 2070 1949 2127 haeresim
1979 2088 1995 2125 :

747 2166 989 2240 Novique
1009 2166 1174 2223 Mosis
1206 2167 1465 2239 inclytum
1497 2179 1692 2220 nomen
1718 2178 1913 2234 gerens
1935 2202 1952 2229 ,

750 2257 955 2313 Ductor
983 2256 1254 2327 gubernas
1280 2257 1521 2326 Optimus
1550 2254 1809 2324 pupulum
1841 2250 1958 2306 Dei.

848 2348 1059 2409 LXXV.
1096 2378 1159 2391 ··
1187 2348 1255 2403 In
1290 2356 1529 2403 sanctum
1564 2345 1891 2401 Theodorum
1919 2342 2173 2398 Siceoten.

752 2442 797 2498 0
825 2444 1030 2513 grande
1058 2456 1260 2496 munus
1289 2440 1507 2495 coalitus
1537 2437 1742 2492 mundo
1770 2436 1954 2490 datum
1977 2474 1993 2499 ,

753 2534 921 2590 Malas
954 2534 1151 2605 iugasti
1186 2532 1496 2587 daemonum
1520 2538 1751 2592 turmas,
1781 2529 1958 2582 Pater.

756 2626 975 2681 Fulsisti
1005 2634 1066 2679 ut
1095 2624 1297 2678 almum
1328 2623 1484 2677 sidus
1517 2638 1532 2674 :
1570 2620 1812 2689 ipsisque
1845 2616 2052 2687 angelis

756 2716 968 2772 Eximia
997 2718 1120 2770 vita:
1154 2716 1414 2770 sanctitas
1443 2712 1569 2768 fecit
1592 2726 1802 2781 parem.

1021 2802 1259 2860 LXXVI.
1291 2832 1362 2843 -—
1394 2801 1460 2856 In
1493 2812 1734 2856 sanctum
1762 2798 2070 2853 Antonium.

759 2897 900 2969 Ignis
923 2898 1179 2953 columna
1209 2897 1359 2952 visus
1377 2910 1457 2959 es,
1496 2895 1621 2948 vita:
1658 2907 1800 2947 novo

762 2982 1082 3053 Splendore,
1107 2992 1418 3037 monstrans
1445 2979 1700 3034 omnibus
1722 2976 1847 3031 caeli
1879 2976 2042 3030 viam.

761 3074 1029 3145 Erebique
1056 3074 1207 3129 diros
1233 3084 1515 3142 proterens
1541 3070 1799 3125 satellites
1816 3109 1832 3133 .

765 3169 855 3223 Sic
892 3182 1117 3239 prorsus
1153 3176 1212 3220 ut
1241 3165 1388 3221 Eden
1429 3163 1652 3235 angelus
1678 3176 1919 3217 eremum
1963 3159 2176 3216 incolis.

990 3254 1247 3311 LXXVII.
1280 3286 1347 3297 —
1376 3254 1443 3309 In
1475 3262 1717 3309 sanctum
1745 3250 2106 3305 Hilariomm.

770 3350 904 3407 Vita:
937 3351 1151 3406 refulsit
1190 3350 1332 3404 baud
1362 3364 1518 3403 secus
1545 3348 1799 3415 splendor
1822 3357 1959 3412 tum,

765 3444 843 3499 Ac
866 3459 1023 3497 mane
1056 3442 1231 3514 primo
1252 3438 1402 3497 stella
1431 3440 1641 3495 luciferi
1668 3438 1832 3493 micat
1861 3459 1875 3495 :

768 3535 1053 3605 Clarisque
1081 3534 1343 3588 mundum
1379 3546 1629 3587 recreans
1663 3533 1970 3599 miraculis,

767 3625 954 3697 Abigis
982 3635 1266 3680 nocentem
1295 3624 1601 3678 daemonum
1636 3623 1941 3691 caliginem.

980 3713 1259 3771 LXXVIII.
1290 3744 1359 3755 —
1387 3712 1454 3767 In
1482 3723 1721 3767 sanctum
1753 3713 2111 3783 Euthymium.

774 3806 1002 3863 Eremus
1039 3807 1135 3861 abs
1173 3815 1225 3860 te
1250 3804 1441 3860 civitas
1464 3803 1603 3859 facta
1636 3811 1721 3859 est
1754 3803 1865 3859 Dei.

772 3900 849 3954 lbi
882 3913 1118 3968 namque
1148 3898 1299 3967 cogis
1323 3895 1490 3951 densa
1517 3894 1883 3949 Cliristiadnm
1912 3894 2127 3964 agmina
2154 3913 2167 3946 :

779 3989 1050 4045 Iliraculis
1077 3999 1132 4043 et
1160 3988 1294 4057 ipse,
1326 4000 1425 4041 ceu
1453 3986 1641 4051 radiis,
1682 3985 1857 4039 nitens
1877 4026 1891 4049 ,

776 4080 1061 4144 Lanitiam,
1093 4089 1153 4134 ut
1181 4080 1315 4133 alter
1338 4077 1717 4147 ,phospborus.
1751 4075 1953 4130 mundo
1982 4075 2127 4143 paris
2146 4114 2161 4139 ,

1056 4169 1288 4225 LXXIX.
1317 4200 1385 4211 —
1424 4168 1489 4222 In
1520 4179 1759 4222 sanctum
1801 4166 2049 4222 Sabbam.

779 4264 1002 4319 Exculta
1026 4277 1243 4319 eremus
1278 4262 1373 4315 tibi
1402 4261 1585 4315 labore
1618 4261 1850 4330 plurimo
1870 4299 1885 4323 ,

778 4358 1011 4428 Operum
1038 4357 1161 4410 inde
1192 4354 1401 4409 fructus
1428 4353 1649 4423 protulit
1687 4352 2082 4423 pulcherrimos
2120 4368 2135 4405 :

779 4452 1011 4521 Piosque
1043 4463 1242 4518 cogens
1268 4454 1413 4502 astra
1445 4460 1542 4500 ceu
1566 4446 1787 4500 totidem
1814 4444 2019 4499 incolas
2042 4485 2055 4505 .

782 4541 893 4598 Hos
923 4542 1037 4611 ipse
1062 4539 1274 4593 medius
1310 4540 1470 4602 inter,
1505 4546 1566 4591 ut
1603 4535 1783 4601 Titan,
1818 4536 2004 4591 micas.

1051 4628 1265 4686 LXXX.
1290 4660 1359 4671 —
1388 4628 1453 4684 In
1476 4641 1715 4684 sanctum
1745 4627 2088 4682 Dalmatium.

783 4727 851 4781 Et
874 4733 930 4779 tu
961 4737 1248 4779 coruscum
1280 4720 1432 4776 sidus
1454 4735 1535 4787 es,
1566 4722 1679 4776 sole
1706 4720 1915 4783 editus,

784 4818 1017 4885 Compar
1040 4822 1097 4869 et
1133 4813 1235 4883 ipsi
1272 4812 1575 4867 sanctitatis
1604 4810 1848 4875 lumine;

788 4908 1047 4978 Vemque
1083 4907 1330 4962 columen
1359 4914 1587 4972 uterque
1612 4902 1872 4957 doctrinae
1908 4900 2007 4955 fuit
2039 4920 2051 4954 :

788 4998 855 5052 Et
891 5006 949 5051 tu
981 4996 1219 5066 paternis
1244 4994 1450 5063 legibus
1478 4992 1775 5047 monachos
1805 4992 1967 5061 regis.

1026 5086 1263 5141 LXXXI.
1287 5116 1356 5127 —
1383 5084 1448 5140 In
1475 5094 1711 5138 sanctum
1740 5082 2101 5144 Pacliomium,

792 5182 1076 5251 Quondam
1106 5177 1399 5234 Abrahami
1430 5177 1662 5231 nobilem
1704 5175 1946 5230 imitatus
1982 5174 2139 5229 Iidem
2163 5216 2176 5238 ,

794 5276 940 5332 Felix
976 5274 1127 5329 fuisti
1157 5271 1325 5342 prolis
1356 5285 1533 5325 aureae
1564 5269 1743 5324 Pater.

796 5365 872 5420 'l‘e
900 5379 1057 5421 sacra
1093 5368 1378 5432 postquam
1409 5360 1593 5414 docuit
1630 5374 1825 5413 arcana
1871 5361 2093 5428 angelus
2118 5401 2131 5421 ,

797 5458 965 5528 Leges
990 5452 1204 5515 dedisti,
1234 5467 1331 5507 ceu
1357 5466 1529 5506 novus
1561 5449 1759 5513 Moses,
1791 5450 1919 5503 tuis.

1060 5542 1318 5599 LXXXII.
1344 5572 1413 5583 —
1438 5538 1503 5593 In
1525 5550 1764 5594 sanctum
1799 5540 2092 5593 Arsaniam.

799 5638 919 5708 .Iugi
950 5636 1155 5705 rigatus
1182 5633 1353 5689 imbre
1381 5633 1741 5702 lacrymarum
1768 5630 1863 5685 tibi

804 5730 1050 5792 Animus,
1078 5727 1252 5798 perire
1281 5726 1497 5781 nescios
1527 5722 1734 5779 fructus
1762 5724 1879 5777 tulit
1912 5740 1926 5777 :

806 5822 871 5876 Et
894 5836 1063 5884 usque
1086 5827 1271 5876 sancta
1303 5817 1553 5888 ﬂagitans
1581 5815 1745 5872 Deum
1773 5830 1925 5885 prece
1944 5855 1959 5880 ,

2395 703 2466 759 *Ω
2489 702 2851 771 πενταθλητὰ,
2874 700 2983 753 τῶν
3006 694 3341 751 διδασκάλων
3367 693 3521 756 κλέος
3545 708 3561 755 ;

2407 796 2580 867 ’Υπὲρ
2615 793 2751 848 Θεοῦ
2778 792 2887 863 γάρ
2917 792 2992 855 ὡς
3032 790 3195 859 γίγας
3219 783 3448 857 δραμὼν
3474 784 3665 854 μέγας,

2398 885 2757 958 Στεφηφορῶν
2787 882 3033 946 καθεῖλες
3070 880 3296 951 ἐχθροὺς
3322 877 3665 944 παγκάκους.

2698 975 2818 1031 OB'.
2847 1004 2915 1016 —
2933 975 3036 1039 Εἰς
3064 972 3173 1026 τὸν
3197 968 3649 1039 Χρυσόστομον.

2399 1070 2588 1142 Πηγὴν
2620 1068 2852 1137 ἄληκτον
2882 1064 3209 1135 παγχρύσων
3251 1061 3425 1128 λόγων
3453 1058 3678 1130 βλύσας,

2401 1162 2567 1232 Ὅλην
2599 1159 2885 1231 κατάρδοις
2918 1156 3016 1227 τὴν
3045 1154 3297 1225 ύφήλιον,
3330 1152 3517 1223 μάκαρ
3552 1166 3570 1180 ο

2399 1254 2581 1324 Θύρας
2607 1252 2649 1305 δ’
2676 1250 2903 1319 ἀνοίγων
2931 1250 3043 1311 τοῖς
3073 1246 3281 1317 βροτοῖς
3312 1242 3601 1311 σωτηρίας.

2401 1346 2495 1409 Εἰς
2513 1344 2770 1414 οὐρανοὺς
2796 1341 2887 1393 τὸν
2920 1338 3122 1409 κόσμον
3145 1337 3447 1405 ἐκπέμπεις
3470 1332 3612 1386 ὅλον.

2678 1435 2794 1488 Ol".
2815 1463 2886 1475 -—
2908 1435 3016 1496 Εις
3042 1430 3149 1485 τὸν
3168 1429 3339 1499 ἅγιον
3359 1427 3679 1493 Κύριλλον.

2400 1524 2747 1597 Θησαυρὶσας
2773 1522 2843 1575 τά
2865 1521 2984 1575 θεῖα
3012 1517 3463 1588 ποικιλοτρόπως,

2414 1613 2768 1675 ἐπλούτισας
2796 1611 2884 1664 τὸν
2912 1610 3114 1679 κόσμον
3141 1609 3345 1669 ἐνθέοις
3373 1605 3553 1672 λόγοις
3573 1617 3589 1632 ·

2402 1707 2512 1760 Καὶ
2539 1704 2635 1767 τάς
2667 1702 2925 1773 βεϐήλους
2958 1700 3200 1771 αἱρέσεις
3228 1696 3609 1757 κατασπάσας,

2402 1788 2591 1873 Κήρυξ
2618 1796 2865 1870 πέφηνας
2890 1792 3182 1866 ὀρθοὸόξων
3209 1789 3509 1859 δογμάτων.

2331 1856 2376 1915 Β
2784 1856 2890 1945 to}
2924 1856 3109 1953 ¹ἅγιον·
3170 1856 3496 1951 Γρήγόριον
3539 1880 3647 1931 τὸν
3689 1878 3960 1941 Micam.

2404 1987 2592 2059 Βρύων
2618 1984 2852 2040 ἄϐυσσον
2879 1976 3214 2047 παγγλύκων
3237 1974 3431 2041 λόγων,
3469 1971 3681 2041 μάκαρ,

2405 2081 2593 2133 Πᾶσαν
2614 2075 2819 2146 νοητῶς
2855 2070 3163 2137 εξετίναξας
3195 2066 3402 2136 πλάνην
3426 2082 3440 2095 ·

2406 2171 2519 2227 Καὶ
2543 2166 2893 2241 χρηματίζων
2922 2162 3159 2231 Μωῦσῆς
3194 2158 3351 2221 ἄλλος
3382 2154 3575 2225 μέγας.

2410 2266 2597 2332 Ἀγεις
2629 2260 2826 2331 ἄριστα
2854 2255 2944 2309 τὸν
2967 2252 3103 2306 λεὼν
3130 2250 3222 2304 τοῦ
3247 2249 3468 2319 Κυρίου.

2410 2330 2740 2415 θεὲ-εις
2795 2346 2903 2399 τὸν
2944 2343 3114 2413 ἅγιον
3166 2337 3462 2406 Θεόδωρον
3506 2335 3613 2389 τὸν
3652 2330 3965 2399 truditur.

2409 2443 2544 2499 Θεοῦ
2591 2444 2655 2496 σὺ
2689 2440 2861 2509 δῶρον
2888 2440 3002 2497 τοῖς
3050 2433 3260 2505 βροτοῖς
3301 2428 3475 2491 δοθεὶς
3508 2427 3675 2496 μέγα,

2411 2538 2591 2590 Ἀπαν
2614 2531 2860 2593 καθεῖλες
2886 2526 3156 2599 δαιμόνων
3184 2524 3388 2593 στιφος.
3418 2521 3626 2592 Πάτερ.

2411 2626 2646 2697 Λάμψας
2670 2624 2775 2695 γὰρ
2803 2620 2962 2684 εὐθὺς
2992 2619 3065 2682 ὡς
3096 2617 3230 2688 ἑῷος
3288 2615 3594 2687 φωσνόρος.

2429 2716 2735 2786 Ἰσάγγελος
2759 2712 3005 2784 πέφηνας
3034 2709 3159 2779 ὕψει
3187 2707 3282 2761 τοῦ
3309 2708 3424 2777 βίου

2650 2805 2787 2874 θεῖ’.
2820 2834 2892 2845 ——
2916 2804 3017 2867 Εις
3038 2800 3143 2855 τὸν
3173 2798 3345 2866 ἄτιον
3397 2793 3733 2850 Ἀντώνιον.

2414 2900 2611 2962 Στύλος
2637 2896 2805 2966 πυρὸς
2834 2884 3079 2962 πὲφηνας
3105 2888 3271 2961 αἴγλῃ
3293 2886 3385 2941 τοῦ
3424 2886 3559 2956 βίου,

2414 2992 2631 3062 Κόσμον
2655 2986 2903 3059 ποδηγῶν
2931 2986 3011 3049 εἰς
3042 2983 3229 3054 τρίϐον
3256 2980 3544 3051 σωτηρίας.

2415 3082 2535 3136 Τῶν
2559 3080 2827 3152 δαιμόνων
2861 3077 2916 3130 δὲ
2938 3077 3032 3139 τάς
3065 3075 3348 3144 φάλαγγας
3377 3070 3692 3141 πτερνεσας,

2339 3189 2384 3251 C
2421 3174 2665 3245 Ἐρημον
2692 3169 2856 3241 ᾤκεις
2878 3167 2954 3232 ὡς
2994 3166 3155 3238 Ἐδέμ
3183 3182 3268 3229 τις
3302 3164 3545 3233 ἀγγέλων

2659 3263 2777 3317 ΟΖ’.
2804 3290 2877 3301 —-
2899 3262 3004 3325 Εἰς
3045 3258 3153 3312 τὸν
3191 3257 3362 3326 ἄτιον
3402 3252 3721 3321 ’Μαρίωνα

2416 3358 2499 3428 Τῇ
2532 3353 2876 3424 λαμπρότητι
2901 3348 2996 3401 τοῦ
3026 3346 3248 3416 φαεινοῦ
3272 3362 3367 3399 σου
3395 3346 3530 3415 βίου,

2430 3444 2740 3515 Ἐωσφόρος
2766 3442 2830 3496 τδ
2858 3440 3003 3513 πρωϊ
3024 3439 3259 3510 λάμπων
3286 3438 3350 3492 σὺ
3386 3437 3598 3497 πέλεις·

2420 3540 2529 3595 Καὶ
2559 3537 2850 3608 θαυμάτων
2883 3535 3063 3587 ἀκτῖσι
3101 3534 3302 3603 κόσμον
3332 3529 3656 3599 φαιδρύνων,

2420 3632 2590 3701 Ζόφον
2613 3630 2826 3691 διώκεις
2853 3626 3141 3698 βλαπτικὸν
3166 3624 3273 3677 ¹τῶν
3296 3622 3590 3691 δαιμόνων.

2654 3720 2783 3775 OII'.
2815 3747 2884 3759 —
2912 3719 3015 3781 Εις
3052 3717 3158 3769 τὸν
3214 3714 3383 3783 ἅγιον
3413 3712 3728 3780 Εύθύμιον.

2423 3815 2494 3869 Σὺ
2521 3813 2619 3885 τὴν
2652 3812 2855 3883 ἔρημον
2884 3810 3122 3879 εἰργάσω
3158 3806 3293 3860 Θεοῦ
3325 3804 3498 3858 πόλιν.

2422 3908 2652 3970 Πυκνοῐς
2695 3903 2803 3975 γὰρ
2829 3902 2999 3969 αὐτὴν
3026 3898 3253 3970 πλήθεσι
3280 3893 3725 3967 Χριστοφρὸνων·

2423 3998 2613 4061 Βολαῖς
2639 3994 3002 4063 summa;
3031 3991 3089 4046 δὲ
3115 3994 3233 4055 ταῖς
3274 3990 3382 4043 τῶν
3406 3986 3719 4056 θαυμάτων,

2425 4092 2528 4145 Τὸν
2558 4089 2733 4143 πάντα
2761 4087 2962 4155 κόσμον
3000 4081 3310 4155 φαιδρύνεις
3346 4080 3422 4144 ὡς
3451 4077 3763 4148 φωσφόρος.

2714 4178 2834 4231 08'.
2870 4205 2937 4219 --
2970 4176 3074 4240 Εἰς
3096 4176 3203 4228 τὸν
3229 4173 3398 4241 ἅγιον
3433 4168 3686 4222 Σάϐϐαν.

2431 4273 2683 4342 Ἥρωσας
2720 4269 2887 4328 δντως
2918 4265 3015 4335 τὴν
3039 4263 3241 4335 ἔρημον
3264 4264 3379 4325 τοῖς
3406 4259 3609 4320 πόνοις.

2439 4363 2757 4434 Ὤραιότατα
2785 4357 3044 4413 ποικίλων
3073 4356 3250 4426 ἔργων
3277 4352 3495 4425 βρίθων.

2429 4456 2642 4525 Πλήσας
2669 4453 2727 4506 δὲ
2752 4454 2953 4520 ταύτην
2986 4448 3094 4501 τῶν
3117 4446 3320 4518 νοητῶν
3342 4446 3604 4515 ἀστέρων,

2350 4521 2403 4581 Ῑ)
2437 4521 2701 4613 Ὠςνῆλιός
2729 4557 2810 4602 τις
2840 4541 2894 4591 εν
2935 4537 3083 4607 μέσῳ
3102 4535 3304 4589 τούτων
3329 4535 3491 4594 θέεις.

2674 4632 2756 4685 11'.
2785 4658 2855 4671 —-
2886 4631 2989 4695 Εἰς
3017 4629 3123 4681 τὸν
3170 4626 3341 4693 ἅγιον
3384 4620 3737 4692 Δαλμάτιον.

2444 4725 2533 4790 Ἐξ
2560 4722 2708 4795 ἡλίου
2744 4737 2830 4783 τις
2860 4719 3103 4786 αύγάσις
3128 4716 3305 4786 ἀστὴρ
3331 4714 3523 4784 μέγαῖν

2434 4817 2679 4885 Λάμπεις
2728 4812 2823 4865 σὺν
2852 4810 2999 4880 αύτῷ
3024 4810 3301 4878 ⁴τταμιρςιεῖς
3330 4804 3649 4877 εὐπραξίας.

2438 4909 2705 4979 Ἐρεισμα
2730 4904 2774 4957 δ’
2800 4902 3123 4971 άμπὲφηνας
3150 4897 3473 4970 ὀρθοδοξίας.

2435 4990 2904 5067 Μανδραρχαῖζεις
2927 4991 3035 5044 τῶν
3062 4989 3339 5061 μοναστῶν
3364 4988 3648 5061 πατρόθεν.

2681 5083 2805 5139 llA'.
2840 5113 2910 5125 -
2933 5085 3035 5149 Εἰς
3071 5083 3179 5137 τὸν
3205 5081 3377 5150 ἄτιον
3398 5080 3730 5149 Παχὼμιον.

2437 5179 2539 5232 Τὸν
2581 5177 2826 5248 Ἀδραάμ
2850 5192 2965 5237 πως
2997 5172 3415 5243 ἐκμιμούμενος,
3446 5172 3647 5240 μάκαρ,

2439 5269 2651 5325 Πολλῶν
2682 5257 3135 5336 Πατὴρ’γέγονας,
3168 5258 3243 5317 ὧν
3276 5260 3505 5335 χρυσοῦν
3534 5263 3707 5328 γένος.

2454 5361 2543 5425 Ἐξ
2565 5358 2801 5427 ἀγγέλου
2828 5358 2885 5411 δὲ
2922 5356 3305 5426 μυσταγωγίας
3331 5356 3531 5425 φέρων,

2440 5452 2531 5523 Τῷ
2560 5452 2636 5522 σῷ
2656 5450 2761 5520 λεῷ
2787 5450 3056 5515 τέθεικας,
3083 5450 3157 5511 ὼς
3188 5448 3409 5517 Μωσῆς.
3439 5447 3651 5515 νόμους.

2720 5544 2840 5596 IIB'.
2861 5544 3039 5607 -Εις
3066 5542 3171 5595 τὸν
3196 5540 3361 5609 ἅγιον
3394 5538 3705 5608 Ὰρσένιον.

2442 5635 2561 5689 Τῶν
2582 5634 2830 5705 δακρύων
2856 5649 2947 5685 σου
2973 5632 3070 5703 τὴν
3107 5630 3281 5701 ψυχὴν
3309 5630 3483 5701 ἄρδων
3511 5628 3689 5698 χύσει,

2443 5726 2701 5795 Rapa-rain;
2728 5723 3125 5793 ἀνεϐλάστησας
3152 5721 3457 5792 ἀφθάρτους
3498 5721 3641 5789 μάλα
3662 5737 3675 5749 ·

2447 5816 2640 5885 Εύχαίς
2665 5812 2727 5884 δὴ
2766 5814 3036 5885 λαμπραῖς
3064 5810 3373 5882 προσλαλῶν
3403 5807 3521 5879 Θεῷ
3552 5807 3778 5877 σφόδρα,
