4188 6506
196 400 345 465 1801

191 509 331 562 Τῶν
359 510 680 582 ησυχαστῶν
705 511 937 580 ἄγγελος
966 512 1149 577 πέλεις
1185 515 1378 584 μέγας.

447 604 567 656 ΠΡ.
599 633 669 642 —
689 607 791 670 Εἰς
835 605 940 657 τὸν
965 605 1134 674 ἅγιον
1197 607 1536 664 Θεοδόσιον.

209 694 307 758 Ὠς
339 695 567 763 οὐρανὸν
601 695 801 766 ὑψηλὸν
828 697 1072 760 ἐκτείνας
1116 698 1254 768 βίον,

199 784 559 854 Κατάστερος
596 787 843 856 πέφηνας
897 791 954 841 ὲν
989 788 1182 859 πλήθει
1207 791 1432 846 τέκνων.

197 873 320 935 Τάς
351 874 636 944 ἀστραπάς
667 876 722 929 δὲ
754 876 1039 948 πληθύνων
1069 879 1176 932 τῶν
1210 880 1524 950 θαυμάτων.

215 964 586 1036 Ἐσκόρπισας
617 971 845 1020 παντοῖα
879 970 1148 1040 δαιμόνων
1178 973 1338 1041 νέφη.

561 1057 683 1111 ΠΔ’.
706 1089 756 1098 -
797 1061 898 1127 Εἰς
930 1061 1037 1114 τὸν
1068 1061 1240 1131 ἅγιον
1266 1064 1422 1117 Δῖον.

197 1146 340 1210 Ταῖς
369 1147 711 1220 λαμπρότησι
749 1152 856 1204 τῶν
882 1151 1128 1221 θεαυγῶν
1159 1171 1253 1207 σου
1275 1155 1509 1224 τρόπων,

215 1236 317 1290 Ἐκ
367 1238 467 1307 τῆς
504 1238 645 1308 ἑῴας
675 1239 900 1310 φαιδρὸς
938 1243 1112 1313 ἀστὴρ
1143 1245 1355 1310 ὲκθέεις
1378 1261 1393 1275 ⁸

198 1329 318 1382 Καὶ
369 1331 610 1398 φωτίσας
646 1333 842 1402 ἄριστα
861 1334 961 1404 τὴν
992 1335 1323 1401 Βυζαντίδα,

205 1423 435 1491 Πρῶτος
463 1424 744 1491 μοναστῶν
780 1433 1176 1500 ποιμνηαρχείς
1209 1432 1395 1496 ἀξίως.

410 1511 619 1566 [ΙΕ’.-
651 1517 757 1581 Είς
795 1519 900 1569 τὸν
933 1517 1108 1572 ὅσιον
1142 1522 1574 1592 Χριστοφόρον.

206 1603 426 1654 Οξκεῖον
453 1599 594 1674 αἷμα
621 1605 698 1676 τῷ
731 1606 847 1677 Θεῷ
870 1608 1014 1674 δοὺς,
1047 1612 1262 1682 ἀντέχει

225 1693 289 1747 Ὀ
314 1696 730 1769 Χριστόμαρτυς
759 1701 1114 1776 Χριστόφρων
1146 1707 1518 1778 Χριστοφόρος

207 1787 436 1856 Κρήνην
463 1789 692 1858 χέουσαν
732 1791 1178 1867 θαυματουργίας
1210 1800 1387 1869 ῥύσιν.

209 1879 428 1950 Ἥνπερ
464 1881 710 1946 πίνοντες
737 1887 786 1937 οι
815 1887 1098 1953 νοσοῦντες
1145 1890 1356 1961 βηχίον,

208 1971 598 2043 Καταψύχουσι
630 1975 723 2028 τοῦ
755 1978 981 2044 πάθους,
1021 1979 1179 2052 δίψης
1199 1982 1390 2052 δίκην·

207 2062 443 2115 Μάλισθ’
478 2065 605 2116 ὅταν
628 2068 851 2134 φοιτῶσι
877 2071 1084 2134 πιστῶς
1113 2072 1319 2127 ἐνθάδε.

212 2155 355 2220 HG".
387 2187 452 2197 —
476 2159 581 2223 Εὶς
608 2158 759 2212 ναὸν
789 2160 894 2214 τοῦ
926 2162 1101 2232 ἁγίου
1153 2164 1505 2221 ἀποστόλου
1529 2167 1774 2237 Πέτρου.

207 2239 281 2315 ’ῼ
306 2264 410 2316 περ
437 2247 693 2315 δέδωκας,
725 2253 949 2323 Χριστὲ,
974 2257 1072 2319 τὰς
1089 2257 1234 2321 κλεῖς
1261 2258 1370 2312 τῶν
1398 2259 1530 2324 ἄνω,

212 2335 442 2407 Ἐδειμα
469 2339 643 2411 τούτῳ
672 2342 821 2396 τόνδε
845 2345 938 2398 τὸν
959 2345 1122 2417 δόμον
1147 2350 1318 2406 κάτω.

206 2427 335 2481 ΠΖ’.
365 2432 549 2497 -Εις
596 2433 702 2486 τὸν
741 2435 912 2504 ἅγιον
957 2438 1232 2506 Ἀνδρέαν
1260 2443 1368 2496 τὸν
1402 2442 1772 2503 ἀπόστολον.

204 2515 278 2572 Ὠ
310 2525 680 2595 προπόκλητε,
714 2529 824 2582 τῶν
862 2532 1174 2586 ἀποστόλων
1203 2533 1374 2598 κλέος.

217 2609 276 2663 Ὀ
313 2615 695 2682 παμμέγιστος
717 2618 827 2671 τῶν
859 2621 1086 2691 Πατρῶν
1117 2627 1419 2696 ,φαεσφόρος
1441 2643 1457 2658 ο

203 2701 311 2753 Τὸν
343 2703 432 2754 σὺν
463 2703 587 2758 λαὸν
627 2707 862 2776 φύλαττε
895 2714 990 2766 σὺν
1013 2715 1092 2786 τῷ
1122 2718 1363 2786 ποιμένι.

350 2795 478 2849 HH'.
500 2827 569 2836 —-
596 2802 698 2865 Εις
720 2801 828 2854 τὸν
857 2804 1006 2857 ναὸν
1041 2806 1147 2860 τοῦ
1175 2811 1629 2886 Χρυσοστόμου.

202 2881 332 2944 Τοῖς
364 2885 452 2937 τὸν
487 2888 578 2941 σὺν
600 2886 747 2944 οἷκον
776 2896 1079 2965 παμπόθως
1099 2902 1358 2969 ὴγερκόσι

205 2973 611 3048 Πρεσόευτικὴν
639 2983 934 3056 πρόσνειμε
961 2991 1188 3058 δωρεὰν,
1218 2995 1420 3068 Πάτερ.

350 3067 473 3120 ΠΘ¹.
509 3099 576 3109 -
607 3074 711 3138 Εἰς
741 3076 845 3128 τὸν
871 3079 1021 3132 ναὸν
1044 3079 1154 3148 τῆς
1200 3067 1624 3158 Πανεὺερήμου.

205 3152 346 3216 Τοὺς
401 3158 464 3210 ὲκ
500 3162 666 3214 πόθου
703 3182 796 3217 σου
828 3168 916 3221 τὸν
952 3173 1078 3225 ναὸν
1103 3152 1490 3247 δειμαμένους,

203 3244 455 3314 Μάρτυς,
496 3252 732 3320 φύλαττε
766 3264 1016 3334 πημονῆς
1054 3244 1392 3339 ἐλευθέρους.

547 3342 617 3410 ιζ.
650 3376 713 3386 -
743 3353 843 3416 Εἰς
872 3353 937 3406 τὸ
961 3360 1416 3430 τετρακάμαρογ.

203 3430 532 3502 Θαυμαστὸν
565 3435 752 3508 ὤφθης
780 3441 939 3515 ἔργον
976 3447 1176 3519 ὡραῖον
1203 3455 1365 3511 πάνυ.

217 3522 304 3586 Ὦς
334 3525 560 3597 ἐμψύχῳ
593 3529 648 3581 δὲ
683 3535 1082 3606 προσλέλεγμαί
1119 3557 1198 3592 σοι
1229 3543 1381 3607 νεώς.

204 3612 394 3682 Φέρεις
440 3618 547 3688 γάρ
572 3619 720 3674 ἔνδον
751 3625 975 3678 εἰκόνων
1023 3628 1276 3701 θεωρίαν,

213 3706 485 3778 Ἀρῤητον
522 3712 644 3765 ὄψιν
664 3715 771 3768 τῶν
799 3717 911 3772 ἀνω
942 3720 1247 3790 θεαμάτων.

204 3797 378 3850 Αὑτὸν
412 3801 607 3872 δέχοιο,
642 3805 750 3858 τῶν
801 3808 1114 3865 ἀποστόλων
1173 3816 1348 3881 κλέος,

209 3887 581 3957 Εὑαγγελιστά
622 3900 947 3970 παμμάκαρ,
978 3903 1204 3974 Θεολόγε
1227 3926 1239 3938 ·

206 3979 316 4032 Καὶ
347 3985 458 4046 τοῖς
507 3987 653 4057 πόθῳ
681 4008 760 4042 σοι
788 3993 974 4048 τοῦτον
1007 3996 1349 4068 ὲξηγερκόσι,

204 4070 381 4140 Χάριν
412 4077 717 4148 παράσχου,
751 4085 844 4138 κα)⁸
875 4086 1027 4140 λύσιν
1054 4091 1162 4143 τῶν
1187 4098 1569 4166 πταισμάτων.

206 4163 323 4228 ιιΑν.
350 4194 420 4205 -
448 4170 553 4234 Εὶς
582 4172 689 4224 τὸν
709 4178 858 4230 ναὸν
886 4177 992 4246 τῆς
1019 4182 1191 4249 ἁγίας
1217 4163 1525 4256 Θεοτοκου,
1554 4192 1641 4257 είς
1667 4191 1772 4245 τὸν

856 4271 1129 4336 Τρίτωνα.

221 4348 284 4402 Ἦ
317 4353 481 4407 πᾶσιν
510 4355 676 4424 ἐγγὺς
709 4359 786 4420 εἰς
818 4359 1066 4432 βοήθειαν
1098 4369 1314 4438 τάχους,

207 4441 310 4494 Τὸν
341 4444 507 4498 πλοῦν
534 4448 878 4521 διευθέτησον
907 4448 981 4506 ὦν
1007 4455 1226 4529 θερμῶς
1251 4463 1418 4533 ἔχεις.

207 4532 620 4606 Προσκειμένων
650 4556 730 4593 σοι
763 4545 882 4605 ταῖς
910 4544 1081 4609 λιταῖς
1111 4565 1225 4614 σου,
1255 4532 1514 4624 Παρθένε.

526 4629 639 4695 ιβ’.
673 4634 778 4698 Εἰς
805 4635 996 4700 ῥάκος
1037 4640 1449 4709 ἱστορημένον.

203 4715 431 4783 Φρικτὺν
459 4719 518 4771 τὸ
553 4720 753 4791 θαῦμα,
795 4726 1027 4794 Χριστὸν
1060 4732 1117 4782 ὲν
1146 4737 1325 4804 γραφῇ
1354 4735 1590 4804 βλέπειν,

206 4808 486 4875 Δράσαντα
521 4811 695 4864 πάντα
733 4819 867 4885 πρὸς
899 4817 1102 4888 βροτῶν
1129 4825 1416 4894 σωτηρίαν.

218 4898 305 4950 Ἐν
333 4903 444 4962 τοῖς
482 4902 602 4954 καθ’
633 4906 778 4975 ἡμᾶς
797 4910 957 4972 αὐτὸς
984 4911 1138 4983 ὤφθη
1178 4917 1284 4986 γὰρ
1313 4917 1483 4982 ξένος,

210 4994 481 5064 Ἀσαρκος
505 4997 693 5061 ἐλθὼν,
719 5001 812 5052 καὶ
841 5002 1028 5069 βροτὸς
1055 5006 1252 5073 βαίνων
1289 5011 1416 5065 ἄνω.

201 5083 438 5155 Μνήμης
468 5089 626 5156 χάριν
647 5091 700 5142 δὲ
733 5096 1028 5163 προσφέρει
1057 5097 1227 5167 δῶρον
1255 5101 1392 5165 τόδε,

217 5175 275 5228 Ὀ
307 5177 513 5240 κλεινὸς
541 5181 706 5243 ὅντως
733 5184 953 5252 Συμεὼν
980 5188 1054 5257 τῷ
1079 5191 1344 5262 Δεσπότη.

436 5270 548 5335 bl".
567 5300 636 5310 -—-
651 5275 749 5338 Εἰς
777 5276 888 5342 τὴν
907 5281 1109 5331 εικονα
1137 5284 1240 5334 τοῦ
1263 5285 1537 5350 Χριστοῦ.

215 5357 274 5408 '0
301 5359 534 5427 Χριστός
568 5364 704 5431 εἰμι,
742 5369 806 5436 τῇ
843 5374 1023 5440 γραφῇ
1054 5371 1414 5440 δεδειγμένος.

204 5451 312 5502 Καὶ
336 5451 424 5502 τὸν
467 5455 739 5519 πεποιθὼς
764 5462 1262 5532 εἰκονουργήσαντά
1293 5483 1382 5533 με.

213 5541 300 5602 Ὠς
326 5543 533 5612 αἳρεσιν
573 5549 834 5615 μισοῦντα
869 5553 973 5604 τῶν
1001 5555 1278 5619 ἐναντίων,

204 5635 409 5688 Λέοντα
438 5638 750 5709 Πατρίκιον,
782 5646 838 5695 ἐν
870 5647 1002 5697 πᾶσι
1032 5649 1236 5701 σκέπω.

618 5737 729 5798 ιιΔν.
753 5766 820 5774 —-
852 5736 951 5802 [δὶς
974 5740 1348 5805 ἑγκλειστον.

211 5821 562 5889 Ἐγκλειστός
591 5827 756 5889 ἐστιν,
784 5829 840 5891 ὃς
873 5831 1055 5883 παθῶν
1087 5833 1188 5895 ἔξω
1220 5836 1414 5903 μένων,

531 5919 795 5981 ΡΑτιιοι..
839 5925 949 5983 CR.
976 5927 1190 5987 XCIX.

1715 415 1952 476 IAMBI.

1802 526 1850 580 Α
1879 518 2036 574 Pacis
2064 531 2345 590 sequester
2371 526 2646 580 maximus
2672 526 2874 580 mundo
2898 528 3067 582 clues.

3318 425 3336 487 I
3349 425 3452 487 802

2083 610 2367 667 LXXXIII.
2397 643 2468 652 —
2497 612 2563 667 In
2591 628 2828 667 sanctum
2859 615 3227 673 Theodosium.

1885 700 2064 769 Super
2099 713 2245 757 astra
2281 714 2469 758 notum
2497 707 2802 760 sanctitatis
2837 708 3007 776 gloria
3040 751 3055 776 ,

1882 793 1958 849 Te
1998 794 2230 850 filiorum
2258 798 2436 857 turba.
2467 812 2566 852 cett
2601 799 2801 853 claram
2826 799 2999 855 facem
3019 826 3037 847 τ

1881 886 2096 953 Mirata;
2131 897 2297 956 tuque
2333 887 2616 958 fulgurans
2643 891 2956 959 miraculis,

1881 978 2142 1035 Tartarea
2172 981 2373 1048 ubique
2399 981 2678 1050 dissipasti
2717 984 2922 1038 nubila.

2184 1067 2466 1123 LXXXIV.
2495 1099 2564 1108 —
2596 1070 2661 1123 In
2693 1083 2934 1124 sanctum
2959 1071 3136 1128 Dium.

1881 1161 2092 1216 Virtute
2113 1163 2315 1228 clarus,
2344 1178 2553 1216 morum
2593 1174 2647 1218 et
2675 1165 3018 1232 excellentia,

1881 1255 2177 1310 Lretificum
2209 1271 2310 1309 eoo
2340 1255 2493 1310 sidus
2535 1265 2714 1310 ortum
2752 1255 2946 1323 limite,

1880 1347 2080 1402 Lucem
2104 1348 2330 1402 attulisti
2363 1349 2652 1417 plurimam
2679 1349 2952 1420 Byzantiis
2977 1389 2991 1413 ,

1880 1439 2272 1509 Monachisque
2301 1441 2402 1493 rite
2437 1441 2646 1509 primus
2670 1457 2729 1495 es
2770 1449 2951 1510 pastor
2978 1440 3141 1496 datus

2059 1530 2317 1585 LXXXV.
2348 1562 2415 1572 -—
2447 1531 2514 1585 In
2536 1543 2777 1585 sanctum
2812 1531 3270 1602 Christophorum.

1881 1619 1991 1675 Deo
2023 1622 2481 1693 litavitsanguine
2509 1625 2750 1692 proprio,
2783 1626 2989 1680 assecla

1879 1713 2080 1767 Christi
2111 1725 2276 1782 atque
2294 1725 2496 1781 martyr
2516 1714 2943 1786 Christophorus
2970 1735 2982 1771 :
3003 1718 3126 1774 inde
3149 1719 3275 1775 huic
3296 1735 3449 1776 sacer

1885 1802 2028 1858 Fons
2067 1805 2159 1858 dat
2193 1805 2422 1860 salutem
2461 1807 2653 1860 crebra
2687 1824 2780 1876 per
2808 1810 3106 1866 miracula:

1883 1897 1949 1950 Et
1977 1910 2117 1965 quos
2149 1896 2338 1964 fatigat
2370 1897 2532 1951 tussis
2565 1914 2738 1967 aegros
2767 1899 3046 1970 improha,

1881 1986 2127 2041 Morbum
2157 1989 2356 2052 levare,
2388 2006 2486 2044 ceu
2517 1991 2686 2050 sitim,
2723 1993 2823 2046 hac
2855 1994 3034 2048 solent
3065 2009 3205 2062 aqua
3231 2009 3246 2046 :

1878 2075 2032 2131 Tunc
2065 2078 2316 2144 maxime,
2343 2095 2467 2134 cum
2502 2095 2637 2149 pura
2661 2083 2970 2136 venientum
2999 2092 3083 2138 est
3105 2083 3260 2139 fides.

1950 2166 2233 2222 LXXXVI.
2265 2199 2334 2210 —
2360 2167 2427 2224 In
2459 2170 2704 2240 templum
2751 2174 2922 2226 sancti
2959 2175 3185 2239 apostoli
3206 2172 3373 2230 Petri.

1877 2258 1974 2313 Cui
2013 2270 2068 2314 tu
2090 2261 2308 2324 dedisti,
2341 2262 2575 2327 Christe,
2606 2263 2787 2318 claves
2821 2265 3062 2329 muneris,

1877 2348 1990 2420 Ego
2017 2351 2162 2404 hanc
2195 2351 2364 2406 eidem
2397 2352 2613 2406 condidi
2656 2353 2709 2406 in
2743 2353 2904 2408 terris
2939 2354 3184 2408 domum.

1946 2441 2255 2496 LXXXVII.
2287 2473 2356 2483 —
2392 2441 2459 2496 In
2488 2455 2728 2498 sanctum
2758 2445 3024 2498 Andream
3051 2447 3368 2515 apostolum.

1875 2536 1920 2591 Ο
1953 2537 2044 2607 qui
2073 2547 2298 2591 vocatus
2327 2547 2452 2592 ante
2490 2549 2737 2599 caeteros.
2763 2538 2931 2594 decus

1875 2629 2257 2698 Apostolorum
2290 2645 2350 2684 es
2381 2630 2582 2699 luxque
2615 2629 2834 2683 Patrum
2871 2631 3109 2685 maxima
3136 2648 3152 2685 :

1875 2720 2008 2774 Esto
2042 2719 2149 2771 tuis
2182 2720 2486 2789 horumque
2519 2721 2720 2790 pastori
2756 2721 2926 2775 salus.

2049 2809 2378 2864 LXXXVIII.
2408 2840 2476 2849 —
2504 2810 2570 2864 In
2597 2813 2842 2880 (emplum
2872 2811 3255 2881 Cltrysostomi.

1874 2897 2133 2955 Struxere
2164 2918 2358 2971 magno
2393 2903 2483 2971 qui
2513 2912 2658 2956 tuam
2683 2906 2864 2960 studio
2891 2907 3111 2960 domum
3138 2945 3153 2967 ,

1872 2988 2060 3043 Divina
2092 3007 2186 3059 per
2211 3001 2261 3045 te
2296 3008 2518 3046 munera
2551 2994 2859 3064 impetrent,
2894 2997 3080 3052 Pater.

2002 3080 2284 3134 LXXXIX.
2309 3112 2379 3121 —
2399 3080 2465 3134 In
2500 3085 2746 3151 templum
2767 3097 2964 3140 sancta:
2989 3086 3322 3157 Euphemia.

1874 3171 2155 3242 Templum
2186 3174 2281 3228 tibi
2313 3186 2630 3230 construere
2652 3177 2805 3245 queis
2835 3179 2984 3234 cordi
3016 3178 3147 3248 fuit,

1875 3265 2006 3332 Hos,
2033 3277 2259 3337 martyr,
2290 3268 2437 3320 omni
2478 3268 2675 3324 liberos
2711 3285 2895 3324 serves
2922 3272 3085 3328 malo.

2129 3359 2239 3414 XC.
2272 3388 2340 3401 —-
2374 3359 2436 3414 In
2459 3361 2620 3415 wdem
2647 3374 2879 3432 quatuor
2906 3364 3190 3435 fornicum.

1871 3447 2165 3504 Pulchrum
2200 3451 2433 3521 refulges
2466 3461 2523 3505 ut
2549 3467 2684 3522 opus
2706 3469 2770 3508 ac
2810 3456 3077 3511 mirabile.

1873 3540 1989 3594 Tibi
2021 3557 2137 3596 sum
2175 3543 2412 3606 locutus,
2441 3559 2664 3613 compos
2692 3547 2887 3600 animae
2907 3563 3003 3601 ceu
3029 3549 3213 3606 fores:

1874 3632 2052 3687 Habes
2075 3635 2216 3688 enim
2251 3635 2394 3688 intus
2426 3636 2721 3705 imaginum
2750 3640 3118 3706 spectaculum
3141 3679 3156 3704 ,

1871 3724 2297 3796 leestiumque
2326 3742 2541 3780 scenam
2570 3727 3011 3784 inenarrabilem.

1872 3818 2064 3873 [Eueni
2093 3820 2239 3873 illam
2270 3819 2488 3882 habeto,
2514 3821 2679 3875 decus
2700 3823 2988 3891 apostolici
3017 3824 3193 3891 chori,

1873 3909 2210 3981 Ilvangclista
2241 3911 2382 3972 dive,
2425 3926 2632 3966 necnon
2671 3912 2948 3985 Theologe
2978 3933 2990 3969 :

1874 4003 2051 4073 thue
2087 4004 2224 4057 hanc
2263 4003 2476 4056 lubente
2505 4005 2806 4059 struximus
2830 4007 3015 4061 animo
3043 4007 3138 4062 tibi
3163 4048 3178 4068 .

1873 4094 1964 4148 Sic
1989 4094 2102 4163 ipse
2131 4094 2287 4148 nobis
2313 4095 2541 4164 gratiam
2580 4106 2633 4149 et
2667 4098 2881 4151 veniam
2917 4099 3192 4167 impetres.

1872 4182 2007 4239 XCI.
2043 4216 2103 4230 -—
2125 4182 2193 4238 In
2227 4186 2472 4253 templum
2492 4196 2691 4240 sancta:
2715 4186 2807 4242 Dei
2844 4187 3146 4255 Genitricis,
3179 4191 3235 4245 in
3263 4191 3439 4248 Trito-

2595 4292 2730 4332 nem.

1872 4364 2074 4420 Adesse
2098 4365 2258 4421 celeri
2283 4381 2404 4435 qua
2427 4368 2568 4423 soles
2591 4372 2805 4425 cunctis
2833 4387 2933 4441 ope
2961 4414 2977 4438 ,

1877 4452 1984 4508 Fac
2016 4469 2271 4524 prospere
2299 4454 2374 4507 illi
2413 4457 2672 4526 navigent
2702 4474 2843 4528 quos
2864 4460 3048 4532 diligis
3068 4502 3084 4527 ,

1874 4544 1976 4612 Qui
2000 4556 2049 4599 te
2077 4556 2391 4615 perurgent,
2429 4546 2612 4619 Virgo,
2642 4552 2873 4619 supplici
2906 4568 3087 4622 prece.

2079 4637 2238 4693 XCII.
2270 4671 2338 4682 --
2369 4639 2437 4693 In
2476 4642 2827 4711 fragmentum
2874 4647 3206 4704 historicum.

1873 4730 2146 4801 Stupenda
2191 4747 2300 4795 res,
2333 4733 2387 4786 in
2421 4735 2717 4803 scriptione
2741 4752 2961 4792 cernere
2982 4779 2997 4802 ,

1871 4823 2160 4877 Hominum
2203 4824 2268 4878 ad
2302 4825 2528 4879 salutem
2564 4827 2810 4883 Christus
2863 4841 2920 4884 ut
2944 4841 3140 4886 cuncta
3172 4833 3366 4899 egerit.

1872 4914 2117 4984 Namque
2149 4917 2238 4970 hic
2270 4919 2412 4985 apud
2450 4933 2549 4971 nos
2576 4920 2775 4989 hospes
2809 4921 2924 4989 ipse
2963 4924 3113 4976 visus
3139 4938 3244 4987 est,

1869 5008 2022 5062 Caelo
2055 5009 2260 5077 absque
2294 5025 2458 5064 carne
2487 5011 2701 5079 lapsus;
2735 5013 2923 5077 homo,
2955 5030 3077 5068 cum
3112 5015 3239 5070 illuc
3273 5018 3428 5073 redit.

1871 5101 2065 5164 Porro,
2098 5102 2375 5155 memoria:
2405 5104 2599 5171 gratia,
2643 5103 2873 5157 Domino
2905 5103 3050 5158 dicat

1871 5191 2086 5245 Donum
2120 5193 2289 5245 hocce
2317 5192 2573 5262 Symeon,
2602 5194 2760 5248 laude
2786 5195 2868 5248 vir
2898 5197 3067 5248 multa
3106 5197 3366 5269 inclytus.

2177 5283 2359 5339 CXIII.
2391 5315 2460 5324 —
2488 5285 2554 5338 In
2583 5287 2861 5355 imaginem
2894 5287 3111 5344 Christi.

1871 5378 2127 5433 Christus
2151 5394 2273 5449 ego,
2307 5395 2467 5448 quem
2497 5380 2711 5448 pictura
2747 5381 3102 5448 spectandum
3141 5381 3308 5436 dedit.

1874 5470 2051 5540 thue
2083 5471 2195 5525 [nec
2235 5471 2414 5540 imago
2444 5471 2612 5534 fieret,
2646 5471 2759 5541 ipse
2797 5482 2987 5525 auctor
3017 5473 3117 5526 fui.

1872 5564 2222 5616 Contrarium
2254 5579 2481 5632 perosus
2522 5579 2704 5626 omne,
2732 5570 2789 5615 ut
2816 5563 3088 5629 haeresim,

1874 5655 1957 5710 Me
1983 5671 2176 5724 sospes
2202 5665 2287 5709 est
2310 5657 2537 5709 custode
2566 5655 2834 5709 Patricius
2865 5655 2995 5709 Leo.

2306 5743 2486 5800 XCIV.
2515 5779 2582 5788 —-
2616 5747 2680 5801 In
2712 5747 2993 5800 inclusum.

1878 5837 2125 5894 Inclusus
2154 5839 2240 5893 ille
2279 5849 2382 5904 est,
2415 5840 2506 5909 qui
2545 5841 2736 5910 procul
2769 5841 2835 5893 ab
2863 5837 3173 5902 aﬂ'ectibus,

2975 5930 3052 5989 ‘57
