4188 6466
769 420 909 487 1803

765 530 907 583 Toto
929 525 1154 583 reclusit
1186 525 1243 581 in
1282 523 1449 579 Deum
1477 538 1536 579 se
1556 533 1775 595 pectore
1807 540 1821 577 :

769 620 945 675 Freno
972 632 1237 673 coercens
1263 616 1466 671 mentis
1498 631 1713 671 errores
1749 628 1941 685 vagos,

766 711 1137 779 Animumque
1174 707 1323 763 curis
1361 706 1578 776 erigens
1607 706 1963 761 cmlestibus:

766 801 1029 857 Precibus
1071 798 1363 864 inhaerens,
1409 815 1531 869 quae
1569 806 1835 867 perurunt
1870 796 2163 852 damones,

770 892 856 958 Et,
883 908 993 962 quo
1032 900 1260 945 retrusa:
1286 906 1373 946 res
1403 899 1612 961 patent,
1639 891 1882 946 silentio.

767 982 885 1038 Non
916 999 1011 1054 spe
1046 981 1329 1046 fatiscens,
1362 997 1471 1037 non
1506 982 1666 1037 inerti
1699 982 1921 1054 gaudio,

770 1072 982 1130 Labore
1006 1091 1207 1145 corpus
1236 1085 1289 1130 et
1323 1075 1465 1129 fame
1498 1089 1761 1129 exercens
1791 1074 1964 1143 gravi,

746 1166 1015 1238 .llyumos
1046 1178 1299 1238 gemente
1324 1166 1523 1237 spiritu
1546 1166 1706 1237 juges
1740 1181 1967 1220 canens.

770 1259 890 1322 llic,
922 1260 1097 1328 angeli
1127 1260 1256 1325 ritu,
1292 1274 1389 1313 ore
1418 1260 1717 1329 conspicuo
1743 1259 1946 1318 nitens,

774 1350 869 1404 Dia
904 1352 1210 1404 intuentum
1244 1350 1412 1405 corda
1446 1350 1735 1405 collustrat
1768 1348 1905 1402 Iace.

772 1439 855 1495 Nil
891 1457 1135 1511 unquam
1168 1442 1331 1496 inane
1361 1453 1551 1497 suetus
1582 1441 1649 1495 ad
1686 1444 1855 1495 risum
1887 1440 2063 1508 loqui,

773 1531 881 1588 Sed
922 1549 1032 1603 quo
1060 1533 1245 1603 juvari
1276 1536 1516 1588 sentiant
1541 1548 1621 1595 se,
1650 1534 1741 1602 qui
1774 1532 2036 1596 audiunt;

772 1624 884 1683 Nec
914 1628 995 1683 sic
1024 1627 1261 1697 profusas
1290 1628 1407 1682 vela
1448 1629 1586 1681 dans
1615 1627 1931 1697 loquentiae.

773 1716 902 1772 Haec
931 1717 1150 1787 assequi
1182 1717 1227 1771 si
1262 1719 1407 1787 potis
1441 1732 1521 1782 es,
1554 1718 1605 1770 in
1642 1725 1759 1770 tuto
1786 1726 1869 1771 est
1900 1716 2049 1771 salus
2073 1760 2087 1771 .

775 1804 897 1872 Sin.
939 1807 1005 1863 ad
1039 1810 1311 1880 gregalem
1346 1812 1599 1879 protinus
1623 1813 1787 1865 vitam
1820 1811 1955 1871 redi,

778 1898 878 1956 Ubi
909 1916 1128 1955 rursum
1160 1916 1365 1970 agones
1402 1901 1622 1957 excolas
1658 1903 1948 1956 asceticos.

1152 1990 1313 2048 XCV.
1340 2021 1410 2033 —
1439 1990 1503 2046 In
1536 2002 1671 2047 recte
1702 1993 1973 2048 viventem.

770 2081 927 2150 Sapit
955 2082 1097 2137 inter
1125 2098 1341 2147 omnes,
1369 2086 1463 2153 qui
1492 2084 1584 2139 Dei
1613 2085 1744 2137 vivit
1772 2093 1937 2138 metu.

772 2172 1045 2243 Purgatus
1076 2174 1295 2230 animus
1325 2176 1504 2245 potior
1532 2186 1615 2231 est
1646 2176 1879 2231 cumulis
1910 2190 2096 2244 opum.

773 2261 959 2318 XCVI.
988 2293 1059 2305 —-
1092 2262 1160 2319 In
1197 2266 1500 2350 monachos,
1554 2283 1763 2321 carmen
1796 2268 2115 2337 dactylicum
2155 2279 2203 2321 et
2238 2271 2344 2323 ele-

1423 2354 1659 2406 gmcum.

773 2422 819 2481 0
848 2422 1014 2481 fortes
1050 2426 1257 2482 salvete
1285 2428 1409 2491 viri,
1442 2430 1599 2498 queis
1630 2428 1786 2484 cedat
1811 2430 2074 2490 Achilles.

845 2511 1080 2569 Hectora
1112 2519 1522 2587 magnanimum
1554 2521 1811 2575 straverit
1844 2520 1933 2574 ille
1962 2520 2108 2575 licet.

776 2603 943 2661 Vobis
974 2607 1131 2664 arma
1171 2608 1272 2664 fuit
1300 2612 1490 2675 lorica,
1516 2614 1820 2667 monastica
1855 2616 1961 2667 vita
1992 2629 2006 2665 :

849 2697 913 2753 Et
940 2698 1135 2755 docilis
1167 2702 1339 2770 pietas
1365 2704 1605 2772 optimus
1641 2704 1792 2759 ensis
1822 2714 1959 2758 erat.

778 2786 1041 2860 Fregistis
1068 2789 1268 2857 Beliar,
1312 2796 1661 2848 tenebrarum
1686 2804 1739 2849 et
1774 2810 1938 2865 regna
1975 2799 2205 2864 superba
2242 2818 2253 2851 :

844 2876 1085 2951 Postque
1112 2883 1325 2937 obitum
1358 2884 1499 2939 cmlo
1526 2894 1681 2955 parta
1711 2900 1914 2941 corona
1942 2886 2065 2942 fuit.

779 2970 962 3043 Deque
984 2973 1141 3029 vobis
1171 2974 1260 3030 hic
1288 2978 1552 3031 remansit
1583 2976 1700 3032 sola
1732 2978 1891 3048 pellis
1919 2991 2152 3035 mortua.

1027 3062 1238 3119 XCVII.
1260 3094 1334 3108 -—
1361 3065 1707 3137 Epigramma
1743 3068 1812 3122 ad
1851 3071 2099 3141 seipsam.

778 3155 975 3210 Anima
1010 3157 1242 3222 misella,
1270 3174 1439 3227 prope
1474 3160 1605 3215 ades
1634 3168 1689 3215 ct
1723 3161 1886 3215 verba
1922 3165 2132 3233 excipe.

777 3245 1017 3317 Tempus
1044 3248 1375 3318 volucripes,
1411 3264 1604 3304 cursor
1645 3260 1706 3305 ut
1730 3252 1908 3317 velox,
1942 3253 2074 3317 abit,

777 3336 1093 3410 Propinqua
1122 3349 1266 3395 meta
1298 3349 1404 3405 est,
1446 3357 1547 3397 nec
1579 3343 1705 3398 licet
1727 3345 2068 3413 praetervehi.

777 3428 897 3487 Non
931 3447 1063 3502 ergo
1094 3446 1242 3487 cum
1271 3447 1375 3487 nos
1405 3435 1598 3489 inanes
1626 3446 1918 3504 occupent,

785 3525 852 3579 Ut
882 3529 1243 3594 pertinentem
1274 3525 1369 3595 qui
1400 3525 1613 3596 replent
1639 3542 1781 3597 aqua
1813 3529 2033 3593 cadum,

780 3615 1033 3685 lgnemve
1062 3614 1305 3680 fodiunt,
1335 3632 1458 3685 quae
1488 3632 1637 3672 mera
1668 3628 1752 3673 est
1782 3619 2022 3674 insania.

784 3706 973 3761 Divina
1006 3708 1190 3777 potius
1222 3722 1287 3763 ac
1316 3708 1480 3763 saluti
1508 3724 1774 3779 congrua,

780 3798 847 3855 Et
868 3801 1132 3871 cogitare,
1162 3809 1218 3855 et
1252 3801 1507 3871 persequi
1542 3802 1680 3857 votis
1702 3803 1897 3872 juvet:

782 3888 853 3947 Ut
879 3892 948 3947 ad
976 3891 1217 3947 tribunal
1244 3902 1455 3949 stemus
1486 3894 1862 3964 imperterriti,

780 3984 999 4040 Domini
1024 3984 1264 4054 potentis
1298 3986 1542 4040 omnium
1574 3994 1738 4056 atque
1762 3986 1967 4055 judicis
1994 4004 2010 4041 :

781 4075 1089 4147 Proculque
1116 4075 1355 4131 ﬂammis
1385 4078 1673 4130 aestuantis
1702 4076 1915 4143 tartari,

778 4167 861 4223 Ad
884 4167 1069 4223 lumen
1100 4166 1387 4222 evolemus
1412 4166 1555 4221 haud
1586 4166 1823 4224 eﬂ'abile.

877 4254 1110 4313 XCVIII.
1139 4286 1210 4298 —
1240 4254 1590 4329 Epigramma
1629 4262 1685 4311 in
1715 4255 1975 4313 Chalcita:
1998 4258 2262 4312 custodia.

782 4440 1009 4495 Alienus
1037 4439 1129 4495 ille
1165 4450 1250 4496 est
1286 4455 1317 4495 a
1360 4439 1491 4504 Deo,
1518 4447 1680 4495 terra
1710 4440 1851 4495 bona

784 4531 887 4599 Qui
923 4546 1032 4587 non
1072 4541 1289 4603 reputat
1328 4533 1502 4587 aliena
1527 4548 1641 4603 prae
1677 4533 1801 4587 caeli
1842 4533 1999 4588 bonis
2032 4551 2047 4586 :

782 4624 967 4683 Terra:
996 4627 1263 4681 bonorum
1292 4640 1533 4696 namque
1557 4625 1819 4680 Dominus
1849 4625 1929 4679 sic
1954 4626 2078 4680 erit.

1116 4734 1304 4792 XCIX.
1335 4766 1405 4777 -—
1436 4733 1501 4790 In
1542 4740 1725 4791 eadem
1750 4736 2014 4789 custodia.

783 4828 971 4899 Spem,
1003 4828 1165 4892 cella,
1188 4836 1409 4898 praeter,
1438 4826 1707 4896 hospitem
1741 4840 1827 4880 me
1855 4825 2068 4881 detines
2093 4842 2107 4879 :

783 4921 855 4975 At
880 4930 933 4974 te
970 4918 1205 4988 benigna
1235 4916 1489 4987 perfruor
1516 4915 1755 4969 colonia.

785 5010 1043 5082 Byuntis
1070 5008 1179 5064 huc
1209 5024 1298 5064 me
1328 5007 1525 5064 civitas
1551 5006 1943 5069 exterminans,

783 5105 982 5171 Pravo,
1017 5102 1161 5174 quod
1192 5102 1308 5172 ipsa
1341 5100 1539 5166 nescit,
1581 5099 1775 5155 allectu
1800 5099 2010 5153 eximit.

1190 5211 1253 5269 C.
1279 5241 1353 5253 —
1380 5209 1447 5266 In
1481 5210 1661 5265 eadem
1691 5212 1955 5263 custodia.

785 5310 915 5365 Mihi
947 5324 1074 5365 vera
1107 5323 1309 5377 corpus
1332 5314 1385 5360 et
1410 5304 1569 5358 unica
1608 5312 1693 5358 est
1715 5304 2002 5358 custodia:

786 5400 963 5457 Locus
993 5396 1272 5455 habitandi
1304 5395 1532 5467 quilibet
1555 5398 1758 5463 pariter
1790 5396 1949 5448 datus
1982 5413 1995 5447 :

787 5491 869 5550 Me
902 5508 1136 5563 namque
1170 5490 1357 5545 nullus
1384 5497 1439 5541 et
1467 5484 1577 5541 Deo
1609 5486 1957 5555 disjunxerit.

1960 416 2018 473 S.
2060 408 2453 473 THEODORI
2478 408 2827 470 STUDITE

2369 514 2421 572 A
2447 513 2616 583 Ὅλην
2647 513 2899 586 καθεῖρξε
2925 513 3061 585 πρδς
3091 511 3224 566 Θεδν
3247 511 3347 583 τὴν
3372 510 3629 581 καρδίανο

3880 401 4001 467 180$

2443 606 2659 659 κλείων
2692 608 2987 675 λογισμοὺς
3016 607 3145 668 τοὺς
3177 604 3447 674 γυρευτὰς
3476 604 3578 675 τῆς
3606 602 3840 674 πλάνης,

2443 698 2589 751 Νοῦν
2621 698 2753 753 αῦτε
2802 700 3040 769 πέμπων
3066 701 3185 761 ταῖς
3210 698 3326 752 ἄνω
3352 697 3626 767 θεωρίαις,

2445 790 2625 859 Ἐχων
2650 791 2960 862 προσευχὴν
2994 790 3296 861 καυστικὴν
3322 789 3433 843 τῶν
3459 790 3750 859 δαιμόνων,

2441 881 2627 951 Φὲρων
2661 881 2873 952 σιωπὴν
2902 881 3366 952 μυσταγωγοῦσαν
3395 880 3553 951 βάθη,

2443 974 2633 1043 Ψυχὴν
2663 974 2921 1028 ἄθλιπτον
2950 976 3007 1028 ἐν
3037 976 3180 1044 χαρᾷ
3204 973 3313 1027 τῶν
3338 973 3592 1038 ἐλπίδων,

2447 1066 2663 1135 Ἔργων
2694 1083 2753 1119 τε
2788 1066 3006 1136 χειρῶν,
3032 1066 3125 1118 καὶ
3152 1066 3323 1118 κόπου
3352 1064 3548 1134 λαιμοῦ
3570 1065 3710 1133 τόνῳ
3730 1080 3743 1095 ’

2454 1157 2610 1227 ’ῼδὴν
2634 1158 2935 1220 ἄπαυστον,
2982 1157 3198 1227 πνεῦμα
3228 1157 3708 1228 συντετριμμένον.

2446 1245 2639 1309 Οῦτως
2664 1246 2901 1316 ἀνοίγων
2929 1248 3336 1317 ἀγγελοπρεπεῖ
3367 1246 3486 1316 θέα,

2456 1338 2880 1409 Ἀκτινολαμπεϊ
2910 1340 3038 1401 τοὺς
3066 1339 3309 1408 ὁρῶντας
3337 1337 3555 1399 ὲνθέως.

2444 1432 2631 1497 Λέγων
2656 1430 2755 1499 μὲν
2780 1429 2933 1484 οὐδὲν
2960 1430 3069 1482 τῶν
3101 1430 3391 1501 ἀχρήστων
3419 1430 3500 1491 είς
3524 1428 3720 1495 γέλως,

2456 1524 2597 1576 Ἀλλ’
2622 1517 2779 1594 ᾧπέρ
2807 1525 2959 1576 ἐστιν
2983 1522 3309 1591 ὠφελεῖσθαι
3332 1522 3423 1575 τὸν
3457 1522 3625 1587 ξένον.

2445 1617 2553 1669 Καὶ
2583 1615 2756 1668 ταῦτα
2789 1615 3006 1685 φεύγων
3044 1618 3427 1686 μακρορημεῖν
3462 1618 3541 1679 είς
3573 1616 3735 1686 κόρον
3757 1633 3773 1645 ·

2448 1706 2545 1759 Ἀν
2569 1701 2662 1759 οῦν
2692 1706 2822 1777 δύνῃ
2859 1708 2997 1775 πρὸς
3031 1708 3226 1773 ταῦτα,
3262 1708 3541 1771 σωστικῶς
3571 1708 3808 1779 τρέχεις.

2449 1798 2510 1849 EI
2539 1797 2611 1867 μὴ
2634 1798 2712 1851 δέ·
2740 1799 2960 1867 φεύγοις
2988 1800 3068 1863 είς
3094 1800 3208 1869 βίον
3242 1800 3460 1864 ζώντων
3487 1802 3621 1869 ἅμα,

2376 1872 2417 1928 Β
2460 1886 2548 1941 Ἐν
2579 1882 2623 1957 ᾧ
2658 1889 2919 1953 πλειόνως
2940 1893 3068 1955 τοὺς
3100 1893 3316 1959 ἀγῶνας
3341 1894 3699 1965 λαμπρῦνεις.

2853 1980 2969 2049 ιε’.
3002 2014 3073 2022 -
3098 1986 3201 2050 Εις
3232 1981 3303 2041 εὖ
3330 1986 3609 2050 βιοῦντα.

2445 2068 2685 2140 Σώφρων
2713 2070 3026 2141 κράτιστος,
3061 2073 3119 2137 ὃς
3147 2074 3284 2127 Θεοῦ
3322 2075 3431 2143 βιοῖ
3459 2076 3629 2148 φόϐῳ.

2445 2162 2638 2231 Ψυχῆς
2665 2163 2931 2233 κάθαρσις
2966 2168 3220 2235 κρεῖσσον
3258 2166 3275 2204 ί
3304 2167 3335 2237 ἢ
3360 2167 3589 2233 πλοῦτος
3610 2170 3770 2241 ῥέων.

2446 2256 2578 2321 ιιςν.
2606 2285 2671 2296 -
2690 2256 2795 2321 Εἰς
2836 2257 3168 2326 μοναχαὺς,
3202 2257 3565 2328 δακτυλικὸς
3596 2262 3694 2315 καὶ
3731 2260 4009 2330 ἑλεῖ-εἷος.

2448 2434 2700 2504 Χαίρετε,
2730 2436 2920 2506 ἄνδρες
2948 2438 3195 2509 ἀριστέες
3226 2440 3321 2494 τοῦ
3354 2440 3598 2512 Ἀχιλῆος
3637 2441 3877 2512 ὕπερθεν
3899 2458 3913 2471 ·

2523 2526 2747 2579 κτεῖναι
2779 2527 2880 2597 μὲν
2909 2528 3149 2600 Ἕκτορα
3179 2524 3336 2595 οὗτος
3365 2533 3631 2602 κρατερὸν
3661 2532 3882 2603 ξιφὲρη.

2448 2618 2507 2669 Οἱ
2534 2617 2611 2681 δὲ,
2642 2618 2986 2687 μοναζόντων
3011 2621 3389 2691 θωρηξάμενοι
3416 2624 3716 2689 πολιτείαν,

2520 2709 2683 2780 Χείρε
2712 2709 2969 2774 λαϐόντες
2993 2712 3091 2785 ἄορ
3111 2712 3400 2778 εὐπειθοῦς
3426 2715 3523 2785 τῆς
3546 2716 3722 2780 ὁσίας.

2450 2799 2694 2867 Σφάξατε
2716 2801 2807 2854 τὸν
2834 2801 3050 2873 Βελίαρ,
3083 2803 3304 2867 σκότεος
3336 2805 3684 2876 μεγαλαύχεα
3709 2806 3843 2859 νοῦα
3865 2822 3880 2835 ·

2525 2893 2720 2946 Ἔνθεν
2748 2895 3033 2964 ἁπήρκατε
3067 2896 3148 2958 εἰς
3170 2896 3396 2966 οὐρανὸν
3427 2897 3761 2970 ἁθλοιρόρως.

2450 2985 2756 3057 Δερματίδα
2784 2986 3155 3056 προεπαφέντες
3189 2988 3414 3041 τάνθάδε
3441 2991 3540 3060 τὴν
3565 2993 3766 3062 νεκράν
3794 2992 3963 3063 μόνην

2732 3074 2845 3143 ιιΖκ
2876 3106 2942 3117 -
2978 3078 3346 3147 Ἐπίγραμμα
3386 3083 3471 3145 εἰς
3502 3082 3738 3139 ἑαυτόν.

2452 3165 2613 3235 Ψυχὴ
2635 3166 2892 3235 ταπεινὴ,
2922 3164 3081 3235 δεῦρό
3108 3183 3221 3235 μοι,
3251 3167 3399 3231 δέξαι
3426 3168 3607 3236 λόγον.

2375 3231 2421 3291 C
2464 3256 2522 3308 Ὀ
2544 3231 2731 3327 καιρὸς
2755 3231 2882 3320 ὀξὺς
2902 3255 2978 3319 ὡς
3002 3231 3235 3327 δρομεὺς
3261 3231 3558 3329 διατρέχων
3578 3273 3595 3289 ο

2463 3350 2661 3418 Ἐγγὺς
2685 3351 2746 3403 τὸ
2772 3351 2971 3421 τέρμα,
2999 3354 3095 3405 καὶ
3125 3352 3418 3423 παρελθεῖν
3444 3354 3541 3407 οὑκ
3567 3355 3669 3409 ἔνι.

2452 3444 2543 3514 Μὴ
2563 3443 2625 3513 δὴ
2656 3443 2930 3513 κάμοιμεν
2959 3446 3080 3507 ταῖς
3108 3444 3365 3513 ματαίαις
3394 3447 3694 3515 φροντίσιν,

2467 3534 2807 3599 ’Δντλοῦντες
2836 3536 3004 3598 δντως
3032 3537 3111 3598 είς
3142 3537 3299 3589 πίθον
3328 3538 3709 3608 τετριμμένον,

2454 3627 2737 3688 Ξαίνοντες
2763 3627 2843 3689 είς
2871 3625 3002 3695 πῦρ,
3031 3626 3108 3689 ὡς
3130 3627 3434 3695 γελοιωδῶς
3469 3628 3601 3697 ἔχει.

2468 3718 2606 3771 Ἀλλ’
2628 3718 2683 3770 εί
2704 3737 2756 3773 τι
2787 3718 2951 3783 θεῖον,
2982 3720 3037 3772 ετ
3057 3735 3110 3771 τι
3140 3719 3406 3772 σωστικὸν
3439 3722 3609 3782 nam,

2454 3810 2640 3864 Ταῦτα
2663 3810 2990 3874 σκοποῦντες
3026 3812 3120 3865 καὶ
3143 3810 3435 3876 διώκοντες
3465 3812 3635 3883 πόθῳ.

2470 3900 2557 3963 Ὠς
2584 3900 2651 3955 ἂν
2675 3900 3096 3971 παρασταίημεν
3127 3903 3187 3954 ιν
3215 3903 3519 3973 παρρησία.

2454 3994 2547 4065 Τῷ
2580 3993 2689 4047 τῶν
2714 3994 2971 4047 ἁπάντων
3004 3994 3100 4047 καὶ
3123 3996 3298 4067 Κριτῇ
3326 3995 3419 4048 καὶ
3449 3994 3717 4067 Δεσπότῃ.

2455 4084 2529 4138 Τὸ
2554 4082 2667 4153 πῦρ
2694 4084 2957 4153 φυγόντες
2986 4086 3085 4157 τῆς
3113 4086 3357 4155 γεέννης,
3390 4084 3466 4149 ὡς
3484 4088 3706 4156 γράφει,

2456 4178 2568 4231 Καὶ
2605 4177 3035 4250 προστρέχοντες
3064 4178 3144 4248 τῷ
3172 4179 3511 4249 παναρῤήτῳ
3538 4178 3686 4247 φάει.

2457 4270 2581 4336 ιιην.
2629 4299 2698 4311 —
2738 4272 3103 4340 Ἐπίγραμμα
3146 4271 3217 4393 fr
3273 4268 3348 4359 τῇ
3414 4268 3657 4338 φυλακῇ
3718 4270 3837 4338 τῆς
3886 4272 4019 4325 Xal-

3109 4358 3144 4393 κ
3172 4358 3278 4393 του
3306 4362 3320 4389 ι
3339 4381 3352 4393 .

3109 4358 3278 4393 κιτου
3306 4362 3320 4389 ι
3339 4381 3352 4394 .

2458 4430 2621 4494 Ξένος
2648 4430 2785 4485 Θεοῦ
2815 4431 3073 4500 πέφηνεν,
3101 4432 3251 4493 ὅστις
3279 4431 3341 4484 οῦ
3369 4430 3496 4495 ξένα

2466 4522 2619 4592 Ἔχει
2644 4522 2710 4574 τὰ
2744 4522 2869 4592 τῇδε
2894 4523 3073 4575 πάντα
3095 4522 3207 4574 τῶν
3231 4522 3343 4575 ἄνω
3365 4522 3566 4591 σχέσει.

2390 4578 2435 4638 D
2465 4578 2623 4667 Οὕτω
2649 4613 2758 4683 γὰρ
2782 4578 2936 4685 ἓκρθη
2967 4614 3246 4682 Δεσπότης
3286 4578 3437 4666 παισίι
3470 4614 3579 4667 τῶν
3610 4614 3787 4669 κάτω.

2778 4727 2893 4794 ιβ’.
2925 4755 2994 4766 ——
3032 4724 3135 4778 Ἐν
3164 4722 3237 4791 τῇ
3265 4722 3419 4791 αὑτῇ
3445 4724 3711 4793 φυλακῇ.

2464 4819 2663 4888 ’Ἑσχες
2694 4834 2783 4887 με,
2817 4815 3001 4879 una,
3033 4815 3125 4867 τὸν
3149 4814 3301 4881 ξένον
3334 4815 3462 4885 παρ³
3487 4814 3701 4870 ἐλπίδα.

2462 4904 2636 4980 Εὗρον
2660 4909 2705 4961 δ’
2735 4908 2845 4976 ἐγώ
2872 4924 2929 4960 σε
2960 4907 3223 4976 φιλτάτην
3256 4906 3567 4977 παροικίαν.

2456 5004 2718 5066 Βυζαντὶς
2745 5004 2778 5071 ἠ
2813 5001 2969 5064 πόλις
3001 5018 3069 5071 με
3107 5000 3290 5070 βάλλει
3318 5000 3568 5054 κάνθάδε.

2457 5092 2709 5149 Λαθοῦσά
2741 5095 2790 5146 τ’
2820 5092 2959 5161 αῦτη
2990 5091 3361 5162 προσπαθείας
3383 5092 3584 5158 ἐξάγει.

2799 5208 2879 5259 P'.
2910 5232 2980 5245 ——
3022 5206 3117 5257 Ὲν
3143 5202 3219 5271 τῇ
3241 5202 3395 5273 αὑτῇ
3425 5202 3677 5272 φρουρᾷ.

2470 5299 2626 5367 Ἐμοὶ
2648 5297 2710 5350 τδ
2744 5296 2901 5365 σῶμα
2925 5296 3136 5365 φρουρὰ
3166 5294 3258 5345 καὶ
3294 5294 3454 5361 μόνον
3490 5290 3645 5344 πέλει
3671 5308 3690 5357 τ

2462 5389 2637 5451 Τόπος
2663 5387 2720 5440 δὲ
2754 5388 2860 5450 πᾶς
2892 5403 2974 5448 τις
2998 5384 3057 5449 ἐξ
3087 5386 3201 5437 ἴσου
3236 5383 3554 5454 δεδωμένος.

2462 5481 2697 5549 Πάμπαν
2724 5477 2858 5531 Θεοῦ
2884 5477 2992 5547 γὰρ
3022 5476 3081 5530 οὐ
3116 5477 3374 5546 πάροικος
3400 5476 3677 5545 τυγχάνω.

2072 5667 2307 5724 νΑΒιιΕ
2336 5666 2742 5722 LECTIONES.

866 5837 884 5879 ί
926 5837 1059 5891 Cod.
1085 5836 1214 5905 Reg.
1255 5835 1542 5906 κρείσσων.
1625 5834 1636 5879 I
1676 5830 1803 5899 Reg.
1849 5829 1982 5884 Cod.
2022 5830 2327 5897 Χαλκήτου.
2409 5823 2433 5861 ⁸⁸
2458 5823 2743 5895 Reg.tlod.
2772 5840 2907 5885 πως.
