4188 6532
212 497 349 562 1805

547 603 668 659 PA'.
693 635 762 645 -—
796 605 893 660 Ἐν
926 601 999 672 τῇ
1025 600 1178 670 αὐτῇ
1203 599 1427 669 εἱρκτῇ.

203 699 376 770 Ὥραν
407 696 530 750 καθ’
563 696 711 765 ὥραν
735 693 828 746 τοῦ
860 692 972 764 βίου
995 692 1146 754 τέλος
1174 691 1386 753 σκόπει,

202 792 311 843 Καὶ
339 789 555 860 μακρὰν
588 789 652 839 ἑκ
679 785 773 839 σοῦ
795 785 893 856 τὴν
922 783 1147 853 ὰκηδίαν
1175 782 1411 852 βλέποις.

204 884 325 935 Τῶν
353 881 623 950 δαιμόνων
644 879 753 947 γὰρ
785 877 846 932 τὸ
868 877 1049 944 λέγειν
1069 892 1085 908 ·
1123 877 1276 940 Ἕως
1305 877 1488 939 πότος

205 975 315 1028 Καὶ
346 972 422 1045 μὴ
452 971 511 1024 τὸ
542 971 688 1035 δόξαι
711 967 962 1023 τεθνάναι
996 966 1337 1036 καθημέραν.

435 1060 556 1117 PB'.
583 1092 652 1101 —
686 1060 1046 1130 Ἐπίγραμμα
1075 1059 1163 1123 εις
1185 1057 1290 1121 τὰς
1321 1052 1536 1124 φάνας.

207 1157 422 1225 Δοχεῖόν
454 1157 566 1224 ειμι
599 1153 697 1222 τῆς
732 1152 1032 1221 ἀκοιμήτου
1066 1150 1260 1217 φάνης,

217 1245 544 1314 ’Υπεριραεῐς
570 1240 667 1303 τὰς
700 1241 872 1306 αὐγὰς
895 1240 951 1291 ὲν
977 1238 1175 1308 ψυχαῖς
1199 1236 1382 1307 φέρον.

205 1333 273 1388 Ὅ
304 1331 647 1403 λαμπαδοῦχε
678 1329 769 1384 τοῦ
808 1327 1148 1399 τριλαμποῦς
1173 1327 1347 1397 ἡλίου,

210 1426 519 1494 Ἀστραψον
561 1426 693 1492 ἡμῖν
743 1422 943 1491 φέγγος
985 1421 1269 1491 ἀστραπῆς
1303 1419 1485 1482 πλέον,

204 1517 385 1578 Φωτός
417 1534 482 1586 με
514 1513 730 1580 τεύξας,
753 1516 782 1566 ὁ
807 1512 1103 1583 προσοίσας
1135 1512 1179 1564 δ’
1203 1512 1413 1581 εὑχάδε.

209 1609 401 1676 Εὖροις
428 1609 483 1676 μ’
510 1607 718 1659 ἐκεῖθεν
749 1605 951 1674 λάμψιν
979 1605 1218 1675 ἀρῤήτου
1244 1604 1436 1671 φάους.

208 1701 328 1753 Pl“.
373 1729 441 1740 -—-
475 1696 624 1766 Πρὸς
673 1696 740 1751 τὸ
787 1696 1082 1776 ἐπυιελῶς
1124 1695 1558 1766 ἀναγινώσκειν
1602 1693 1670 1746 τὰ
1704 1692 1774 1745 ἐν

803 1766 928 1832 τοῖς
969 1766 1211 1834 τοίχοις.

207 1857 381 1912 Γνῶθι
412 1856 619 1926 παριὼν
652 1856 757 1909 τῶν
786 1856 1148 1926 ἀνατράπτων
1180 1855 1364 1925 μέρος.

204 1951 358 2003 Θεῐον
382 1950 490 2020 γὰρ
522 1949 672 2001 οὐδὲν
704 1948 855 2018 ρῆμά
889 1965 967 2000 σοι
998 1948 1328 2018 παροπτέον.

207 2065 330 2117 PA'.
369 2093 436 2104 —
491 2062 855 2130 Ἐπίγραμμα
886 2063 989 2194 ge
1046 2056 1213 2116 οἶκον
1258 2058 1559 2130 γυναικῶν
1603 2060 1773 2129 φιλο-

955 2148 1098 2184 νων.

955 2148 1098 2184 νων.

208 2222 545 2291 Σπλάγχνοις
574 2222 839 2290 ξενισμῶν
863 2222 1272 2292 εὐρυχωροῦσαι
1307 2221 1450 2280 λίαν.

209 2315 422 2384 Ὠσπερ
452 2331 534 2376 τις
565 2314 722 2376 ἄλλος
765 2314 1014 2385 ’Λϐραὰμ
1037 2315 1457 2384 πατροκράτωρ,

207 2405 276 2456 AI
305 2404 655 2458 δεσποτοῦσαι
691 2406 850 2474 τῆσδε
873 2405 972 2473 τῆς
1008 2405 1322 2474 παροικίας,

211 2494 423 2562 Πλῆθος
455 2497 734 2563 μοναστῶν
763 2495 1060 2559 δεξιοῦνται
1087 2496 1182 2548 σὺν
1209 2494 1356 2561 πόθῳ
1376 2509 1391 2524 ’

211 2585 648 2647 Μισοξενούντων
677 2585 736 2637 τὸ
766 2586 1088 2656 στενόψυχον
1113 2586 1281 2648 πάθος

211 2675 680 2743 Καταισχὺνουσαι
703 2678 767 2746 τῇ
796 2677 1222 2748 πολυσπλάγχνῳ
1248 2676 1449 2747 σχέσει,

213 2765 323 2818 Καὶ
351 2765 448 2834 τὴν
481 2765 684 2817 ἄνωθεν
715 2767 989 2836 κτώμεναι
1020 2767 1406 2836 σκηπτουχίαν,

494 2873 614 2926 PE'.
646 2905 714 2915 —
748 2874 1109 2944 Ἐπίγραμμα
1146 2877 1233 2940 εἰς
1262 2873 1494 2940 ξένους.

211 2967 444 3036 Χριστὸν
474 2964 666 3028 ξενίζει
697 2967 800 3026 πᾶς
824 2966 1128 3034 διατρέφων
1162 2966 1366 3031 ξένους.

212 3056 429 3123 Ἠνπερ
460 3054 661 3122 μεθῆκε
693 3055 925 3126 Χριστὸς
953 3057 1016 3107 ὲκ
1053 3056 1258 3127 φθορᾶς
1295 3059 1427 3122 ἄνων

225 3146 388 3201 Ἀλλά
410 3163 474 3214 γε
501 3147 805 3210 συντάξοιεν
836 3149 892 3199 ὲν
920 3147 1132 3209 ζώντων
1161 3149 1336 3220 μέρει,

211 3240 430 3308 Ταύτης
458 3239 516 3289 τὸ
554 3238 790 3307 πνεῦμα.
824 3238 931 3291 τῶν
963 3240 1098 3291 ὅλων
1127 3243 1155 3293 ὁ
1182 3242 1478 3311 Δεσπότης.

459 3352 594 3419 PG’.
620 3383 689 3392 —
716 3355 818 3418 Εἰς
842 3352 1248 3420 μοναστήριον
1276 3355 1531 3424 ἀνδρῶν.

211 3441 347 3496 Θεοῦ
383 3442 534 3495 πόλιν
560 3461 642 3503 τις
667 3446 714 3496 εἰ
739 3445 930 3514 καλοίη
955 3444 1045 3497 τὸν
1066 3445 1253 3508 τόπον,

213 3537 330 3589 Οὔκ
360 3535 423 3589 ἂν
451 3536 788 3590 διαπταίσειε
819 3538 920 3605 τῆς
945 3538 1197 3609 Θεωρίας.

227 3627 390 3698 Ὁρᾷς
418 3628 524 3698 γὰρ
548 3627 727 3690 αὐτὸν,
768 3627 1036 3690 κυκλικῶς
1063 3630 1386 3694 διαϐλέπων,

218 3719 400 3781 Ναοὺς
435 3718 711 3786 φαεινοὺς,
743 3719 1116 3788 ὡραῖσμένους
1144 3721 1303 3789 ἄγαν,

219 3810 413 3872 Οῑκους
437 3809 520 3862 ἐπ’
543 3810 720 3871 οἴκους
752 3810 1191 3876 καλλισυνοέτους
1218 3813 1356 3876 λίαν,

219 3902 446 3970 Κήπους
479 3901 722 3969 φυτείας,
743 3900 816 3963 ὡς
858 3900 1034 3970 Ἐδὲμ,
1065 3905 1452 3972 κεκασμένους.

219 3992 335 4044 Πᾶν
362 3989 414 4042 εἴ
436 4009 487 4042 τι
516 3991 726 4053 τούτοις
749 3992 1105 4062 τερπνοειδῶς
1141 3995 1426 4065 ὲμὸλέπων
1450 4013 1465 4028 ο

231 4081 473 4147 ’Λγαθῶν
498 4081 659 4153 Οεωρὶ
686 4083 906 4149 δόξασον
936 4083 1256 4154 Θεοφρόνως,

216 4174 301 4228 Με
310 4191 414 4243 μνη
423 4175 578 4242 μένος
605 4175 831 4237 Λέοντος
864 4176 1178 4246 ἁξιοχρέως,

219 4264 327 4318 Τοῦ
360 4266 799 4336 κτισματουργοῦ
834 4269 929 4320 σὺν
959 4267 1077 4337 (ι)εῴ
1099 4269 1206 4322 τῶν
1237 4271 1445 4326 ἐνθάδε.

361 4381 478 4434 ΡΖ’.
502 4411 569 4420 -
597 4383 700 4448 Εἰς
723 4382 788 4436 τὸ
813 4383 1052 4452 δοχεῐον
1080 4382 1188 4451 τῆς
1210 4384 1400 4454 αὐτῆς
1421 4386 1636 4456 μονῆς.

217 4470 402 4540 Μονῆς
428 4473 689 4540 ὰγαστῆς,
716 4475 811 4544 τῆς
840 4476 1175 4546 καλουμένης
1201 4479 1351 4542 νέαςς

216 4562 431 4632 Δοχεῖόν
455 4565 592 4633 εἰμι,
628 4565 720 4616 καὶ
757 4567 1045 4635 προαύλιον
1075 4569 1254 4635 ξένονο

220 4652 452 4716 Πολλοὺς
486 4654 690 4720 ξενίζον
713 4657 792 4718 εἰς
822 4656 1046 4726 ἄμειψιν
1071 4661 1253 4713 αἰσίαν

216 4746 444 4808 Λέοντος
474 4746 685 4811 ἐσθλοῦ,
713 4749 981 4801 Δεσπότου
1002 4750 1109 4802 τῶν
1138 4751 1346 4806 ἐνθάδε.

667 4861 793 4915 PH'.
826 4889 896 4902 -——
925 4863 1030 4926 Εἰς
1063 4862 1126 4915 τὸ
1155 4865 1323 4917 αὐτό.

214 4943 346 5003 Ὧδε
379 4950 640 5015 ξενισθεὶς
665 4951 813 5022 δεξιᾷ
842 4952 1170 5024 προμηθείᾳ,

229 5039 525 5106 Ἀντίξενον
549 5044 771 5113 φέροιμι
798 5042 966 5112 δῶρον
994 5047 1023 5097 ὁ
1043 5043 1210 5111 ξένοςν

219 5124 324 5182 ’Ὧν
351 5130 639 5200 εὐποροίην
669 5131 730 5184 τὸ
759 5129 1052 5199 κράτιστον
1089 5132 1151 5186 εὖ
1186 5133 1351 5202 μάλα,

229 5221 398 5290 Ὁμοῦ
424 5222 521 5277 σὺν
550 5222 732 5292 εὐχαῖς
755 5223 944 5275 τούσδε
976 5223 1242 5295 τέτταρας
1272 5225 1506 5296 στίχους.

672 5335 792 5390 ΡΘ’.
827 5364 896 5375 —-
917 5337 1018 5402 Εἰς
1046 5339 1288 5406 τάφους.

219 5427 292 5479 Τὸ
314 5425 544 5498 τερπνὸν
569 5426 723 5490 εἰδὼς
754 5427 845 5480 καὶ
873 5428 1098 5491 σκιῶδες
1125 5429 1218 5480 τοῦ
1250 5430 1388 5499 βίου,

219 5519 370 5572 Λέων
393 5519 567 5586 ἔγωγε
595 5519 691 5589 τῆς
722 5519 888 5588 μονῆς
917 5521 945 5572 ὁ
977 5520 1265 5589 συστάτης,

220 5612 399 5664 Καλὸν
429 5611 657 5681 τέτευχα
683 5615 793 5675 τοῖς
818 5611 1080 5681 φιληλίοις
1109 5615 1285 5681 τέγος,

217 5701 290 5753 Τὸ
315 5703 439 5772 τῇδε
465 5702 619 5772 δῶμα
643 5704 909 5773 τέρματος
939 5705 1157 5774 μνήμην
1188 5706 1353 5775 φέρον
1379 5725 1391 5737 °

217 5794 397 5856 "Arta;
420 5795 526 5863 γὰρ
554 5794 736 5856 ἐσθλὸς
773 5794 1000 5846 Θανάτου
1027 5796 1392 5864 μεμνημένος,

215 5884 330 5945 φῶς
353 5886 658 5954 εἰσδέχοιτο,
692 5887 784 5938 καὶ
821 5887 1146 5956 παρέρχεται
1174 5889 1415 5951 σκότους.

1719 489 1954 548 ΙΑΜΒΙ.

3283 482 3418 550 1806

2269 597 2353 652 CI.
2393 627 2454 640 ι-
2488 594 2552 649 Iu
2577 596 2757 650 eodem
2790 611 3017 648 carcere.

1869 690 1943 742 Ex
1975 688 2105 741 hora
2141 691 2193 742 iu
2237 690 2422 742 horam
2451 689 2743 742 terminum
2767 688 2891 741 vita).
2922 686 3149 757 inspice,

1865 782 2163 851 Omnisque
2187 782 2343 851 longe
2375 781 2539 851 fugiet
2568 796 2598 840 a
2638 790 2690 834 te
2726 778 2962 849 ignavia.

1867 877 2145 945 Quousque
2171 873 2417 929 tandem?
2448 873 2646 936 dicere,
2679 883 2759 927 est
2789 870 3219 932 cacodaamonis;

1866 963 1975 1020 Nec
1997 965 2122 1020 vitae
2149 965 2201 1018 in
2229 964 2392 1018 horas
2422 962 2722 1032 przestolari
2751 960 3076 1016 clausulam.

2145 1055 2253 1110 CII.
2281 1085 2352 1095 —
2381 1053 2724 1124 Epigramma
2756 1056 2810 1106 in
2852 1052 3148 1120 lampades.

1871 1148 2130 1202 Perennis
2158 1162 2258 1217 ego
2287 1162 2407 1200 sum
2441 1147 2666 1201 luminis
2691 1144 3055 1207 domicilium,

1870 1239 2169 1308 Splendore
2203 1238 2423 1307 penitus
2457 1237 2620 1290 corda
2657 1233 2942 1304 multiplici
2981 1232 3216 1302 replens.

1868 1330 1944 1387 0!
1973 1331 2200 1402 triplicis
2230 1330 2322 1400 qui
2351 1328 2483 1384 solis
2515 1328 2772 1383 accendis
2806 1327 2976 1381 facem
2997 1367 3014 1391 ,

1869 1422 2082 1478 Nostris
2113 1423 2164 1476 in
2190 1422 2388 1477 animis
2419 1421 2636 1491 fulgura
2661 1419 2966 1488 ingemines
2991 1425 3107 1480 tua,

1871 1515 1953 1569 Me
1982 1514 2186 1568 lumine
2210 1529 2451 1577 armaris,
2487 1522 2650 1580 atque
2677 1510 2746 1564 ad
2784 1506 3051 1562 orandum
3086 1506 3388 1566 instruens,

1877 1606 1970 1660 Sic
1993 1605 2190 1674 jubare
2225 1603 2438 1675 fulgens
2465 1606 2588 1656 liam
2623 1598 3016 1671 inexplicabili.

1872 1696 2002 1753 CIII.
2036 1728 2100 1738 —
2134 1695 2202 1751 Ut
2249 1697 2532 1767 diligenter
2585 1695 2827 1767 legantur
2873 1707 2990 1761 qua:
3052 1688 3106 1743 iu
3157 1687 3439 1757 parietibus

2444 1765 2710 1830 descripta
2734 1773 2876 1814 sunt.

1875 1858 2014 1914 Dum
2047 1860 2318 1928 praeteris.
2355 1857 2614 1924 inscripta
2653 1853 2850 1923 raptim
2879 1851 3113 1922 perlege.

1803 1967 1847 2024 Β
1877 1952 2063 2006 Divina
2099 1965 2368 2020 nusquam
2396 1949 2560 2002 verba
2591 1945 2866 2001 contemni
2895 1944 3069 1999 decet.

1873 2046 2006 2104 CIV.
2043 2076 2105 2088 —
2141 2045 2479 2116 Epigramma
2528 2045 2581 2125 in
2620 2045 2842 2125 domum
2877 2040 3158 2093 mulierum
3215 2036 3441 2106 hospites

2459 2123 2853 2182 excipientium.

1875 2209 2010 2264 Lata
2042 2208 2331 2279 huspitalis
2361 2206 2654 2263 charitatis
2685 2205 2919 2269 viscera,

1875 2303 1944 2357 Ut
1972 2303 2244 2373 quondam
2286 2301 2556 2359 Abramus
2583 2298 2672 2352 ille
2701 2297 3029 2367 populorum
3057 2302 3232 2363 pater,

1876 2398 1966 2452 Sic
2004 2406 2055 2449 et
2080 2397 2275 2450 domus
2302 2393 2532 2462 hujusce
2563 2392 2820 2446 rectriees
2847 2398 3064 2460 gerunt.

1876 2487 1989 2542 Illic
2016 2487 2288 2556 recipiunt
2315 2494 2510 2555 sponte
2544 2485 2938 2537 monachorum
2965 2480 3184 2552 agmina
3215 2496 3231 2535 :

1873 2580 2114 2649 Angusta
2142 2578 2371 2631 nimium
2407 2576 2592 2639 corda,
2625 2584 2678 2628 et
2711 2573 2930 2627 inimica
2963 2573 3266 2641 hospitum,

1875 2667 2292 2724 Pudefacientes
2326 2667 2534 2721 liberali
2563 2675 2803 2735 pectore.

1876 2761 2102 2832 Sibique
2143 2775 2306 2830 regna
2341 2768 2720 2828 comparantes
2750 2755 3020 2811 caelitum.

2176 2871 2284 2928 CV.
2315 2901 2386 2910 —
2420 2870 2759 2940 Epigramma
2791 2870 2847 2921 in
2880 2869 3127 2934 hospites.

1875 2968 2197 3036 Quicunque
2221 2964 2392 3034 pascit
2426 2963 2690 3032 hospites,
2715 2961 2989 3015 Christum
3019 2958 3240 3027 excipit.

1875 3058 2048 3124 Quam
2067 3061 2084 3081 ‘
2113 3058 2180 3112 de
2204 3057 2458 3125 sepulcro
2480 3055 2733 3110 Christus
2766 3054 2830 3106 ad
2861 3055 3061 3107 caelum
3087 3052 3301 3107 extulit.

1878 3149 1982 3204 Sed
2012 3158 2065 3203 et
2093 3149 2337 3218 reposuit
2369 3147 2592 3201 sedibus
2626 3146 2962 3212 viventium,

1879 3241 2121 3312 Hujusce
2147 3241 2394 3310 spiritus,
2424 3238 2688 3293 Dominus
2712 3247 2794 3291 est
2823 3237 3094 3290 omnium.

2142 3349 2274 3406 CVI.
2308 3380 2376 3391 —
2408 3350 2469 3404 In
2504 3349 2885 3403 monasterium
2917 3349 3174 3403 virorum.

1878 3445 1934 3500 Si
1970 3445 2093 3515 quis
2125 3445 2217 3498 Dei
2246 3444 2434 3498 urbem
2463 3443 2645 3498 dicere
2673 3443 2820 3497 hunc
2849 3442 3029 3497 locum
3064 3442 3215 3508 velit,

1880 3538 2081 3607 Nempe
2117 3537 2205 3591 ille
2237 3536 2394 3589 vanis
2425 3536 2569 3590 haud
2602 3535 2823 3590 aberret
2856 3535 3133 3589 sensibus.

1879 3630 2218 3699 Quocunque
2248 3628 2422 3682 ﬂexus
2454 3627 2722 3682 luminum
2758 3626 3139 3690 circumferas,

1882 3724 2204 3779 Fabrefacta
2236 3725 2377 3779 miro
2410 3723 2608 3792 templa
2649 3721 2796 3775 cultu
2834 3719 3132 3789 conspicis,

1879 3815 2140 3871 Connexa
2172 3817 2402 3886 pulchro
2438 3825 2580 3869 tecta
2613 3814 2772 3868 tectis
2805 3811 3020 3875 ordine,

1881 3908 2186 3978 Ilortosque
2216 3909 2440 3977 plantis,
2471 3908 2619 3961 velut
2656 3905 2846 3971 Edem,
2877 3903 3207 3959 virentibus.

1881 3996 1937 4051 In
1973 4000 2055 4053 his
2087 4013 2303 4052 amtqu
2329 3998 2593 4068 quidquid
2629 3996 2823 4050 obtutu
2858 3994 3043 4059 vides;

1883 4090 2113 4144 Primam
2143 4090 2408 4143 bonorum
2443 4088 2670 4158 principi
2702 4088 2917 4141 Iaudem
2951 4084 3094 4140 refer
3124 4102 3136 4137 :

1881 4178 2019 4235 Tum
2051 4197 2214 4250 quam
2243 4180 2409 4235 Leoni
2444 4181 2564 4249 iure
2595 4180 2761 4234 debes
2798 4178 3049 4249 gratiam,

1879 4273 2050 4342 Cujus
2071 4289 2207 4342 opus
2243 4287 2406 4327 omne
2434 4271 2713 4327 conditum
2744 4281 2830 4326 est
2858 4269 3151 4326 industria.

2011 4385 2165 4442 CVII.
2197 4418 2265 4428 —
2293 4384 2358 4439 In
2399 4386 2685 4455 hospitium
2714 4387 2950 4456 ejusdem
2984 4387 3310 4445 monasterii.

1884 4475 1981 4532 llic
2010 4476 2277 4541 clarioris,
2310 4492 2472 4543 tutam
2506 4485 2704 4530 vocant
2732 4491 2954 4541 novam,
2987 4477 3186 4532 domus

1883 4567 2157 4621 Monachis
2191 4579 2373 4636 parata
2405 4567 2664 4634 hospitia,
2699 4577 2752 4620 et
2782 4569 2925 4623 aedes
2958 4567 3183 4623 advenis

1808 4645 1852 4699 ί)
1883 4660 2064 4714 Multis
2097 4668 2418 4729 patescunt;
2453 4659 2680 4729 recipiat
2708 4658 2942 4714 faustam
2977 4672 3036 4714 ut
3075 4661 3268 4726 viceni,

1883 4751 2120 4820 Hujusce
2149 4751 2406 4805 dominus
2434 4751 2527 4820 qui
2561 4751 2665 4805 loci
2694 4761 2797 4814 est,
2833 4751 2942 4805 Leo
2974 4754 3237 4822 optimus.

2366 4861 2545 4918 CVIII.
2584 4892 2654 4903 —
2688 4862 2754 4916 In
2795 4864 2955 4921 idem.

1882 4955 1979 5008 llic
2013 4955 2317 5025 hospitatus
2348 4958 2628 5010 commode
2659 4965 2822 5025 atque
2847 4972 3127 5026 prospere,

1883 5046 2091 5099 Donum
2124 5045 2366 5100 vicissim
2395 5054 2586 5115 gratus
2617 5047 2817 5116 hospes
2845 5047 3093 5110 oITeram,

1881 5138 2064 5209 Longe
2093 5141 2357 5205 omnium,
2393 5155 2514 5210 quae
2537 5152 2833 5210 suppetunt
2866 5142 3020 5204 mihi,
3050 5144 3335 5209 optimum.

1880 5234 2014 5285 Cum
2043 5233 2294 5301 precibus
2323 5232 2457 5287 istos
2487 5249 2680 5302 nempe
2711 5249 2904 5288 versus
2931 5244 3190 5304 quatuor.

2351 5335 2489 5394 CIX.
2529 5371 2588 5381 —
2616 5339 2682 5392 In
2712 5343 2971 5409 sepulcra.

1885 5430 2141 5486 Umbram
2173 5448 2292 5487 esse
2327 5434 2449 5486 vita:
2481 5433 2740 5503 gaudium
2773 5450 2978 5503 gnarus
3007 5437 3206 5504 probe,

1882 5520 2160 5575 Fundator
2194 5523 2352 5591 hujus
2381 5539 2482 5589 ego
2513 5523 2826 5576 monasterii
2854 5522 2981 5587 Leo,

1882 5615 2085 5669 Decora
2124 5617 2277 5683 posui
2314 5624 2457 5668 tecto
2491 5614 2660 5668 solem
2693 5614 3025 5675 amantibus.

1884 5706 2056 5769 Hanc,
2088 5722 2207 5774 quae
2246 5707 2565 5758 memoriam
2606 5705 2727 5756 finis
2767 5706 2982 5774 ingerit,
3006 5706 3266 5774 domum;

1883 5798 2016 5850 Nam
2053 5800 2132 5850 vir
2163 5799 2367 5867 probus
2401 5799 2716 5867 quicunque
2757 5797 2952 5853 mortis
2986 5809 3069 5853 est
3112 5816 3337 5869 mcmor,

1883 5889 2196 5956 Luccmque
2236 5889 2447 5956 recipit,
2483 5903 2545 5942 ac
2573 5886 2825 5940 tenebras
2857 5886 3062 5956 effugit.
