4188 6462
749 458 879 523 1807
1940 443 2000 502 S.
2039 438 2431 501 TIIEODORI
2474 431 2816 495 STUDITE

1313 559 1425 616 CX.
1457 588 1525 600 —
1551 559 1732 612 Aliud.

733 655 779 712 0
810 655 1018 710 tumule
1053 667 1236 708 amare
1260 652 1580 723 gaudiorum
1617 646 1823 706 szeculi.

735 747 820 802 Nil
851 757 902 801 te
930 755 1109 816 p0test
1138 745 1361 810 satiare,
1400 759 1524 798 cum
1554 749 1782 796 cunctos
1815 737 2021 800 trahas,

740 840 948 908 Inopes.
989 838 1198 899 beatos,
1237 835 1510 889 maximos
1545 843 1598 888 et
1631 829 1873 891 infimos,

737 931 1131 999 Pulchrosque,
1159 927 1562 996 delormesque,
1593 925 1786 978 doctos
1815 930 1867 975 et
1890 919 2052 973 rudes
2077 935 2091 972 :

737 1025 895 1079 Molis
925 1023 1212 1078 universos
1238 1020 1464 1090 pariter,
1496 1033 1560 1072 ac
1594 1018 1834 1070 cinerem
1865 1012 2058 1076 eﬂicis,

740 1117 883 1169 Nhil
917 1115 1225 1170 auferentes
1251 1123 1444 1182 praeter
1472 1126 1534 1164 ea
1565 1126 1687 1180 quae
1714 1107 2010 1179 gesserint,

742 1208 833 1261 Dei
866 1207 932 1260 ad
969 1204 1208 1258 tribunal
1235 1201 1542 1258 exhibenda
1564 1202 1768 1271 judicis
1800 1217 1814 1254 :

739 1299 871 1364 Qua:
904 1309 1049 1351 recta
1079 1297 1122 1349 si
1172 1296 1301 1357 sint,
1347 1295 1514 1364 gloria
1553 1295 1640 1347 his
1679 1306 1914 1362 quorum
1944 1290 2059 1345 hac
2093 1299 2254 1344 erunt
2291 1306 2304 1340 :

742 1390 799 1443 Si
833 1403 1015 1458 prava,
1048 1386 1216 1440 miser
1242 1385 1371 1438 heul
1398 1386 1489 1454 qui
1524 1384 1730 1437 nefaria
1761 1383 1956 1452 egerit.

741 1479 974 1533 Proinde
999 1488 1238 1547 reputes,
1265 1492 1298 1530 ο
1337 1477 1524 1539 homo,
1551 1491 1672 1544 qua:
1703 1485 1752 1529 te
1775 1490 1896 1528 sors
1932 1481 2129 1526 manet.

986 1567 1123 1624 CXI.
1155 1597 1225 1609 —
1260 1566 1604 1637 Epigramma
1639 1567 1692 1618 in
1726 1565 2068 1634 Stephanum.

744 1661 973 1716 Mortale
998 1675 1198 1731 corpus
1233 1657 1547 1729 Stephanus
1575 1659 1660 1713 hic
1697 1657 2021 1721 recondidit,

743 1753 848 1806 Ter
870 1751 1112 1821 quinque
1140 1766 1264 1803 cum
1301 1749 1529 1803 vixisset
1565 1763 1740 1802 annos
1767 1762 1831 1801 ac
1858 1747 2046 1801 decem
2073 1762 2086 1798 ε

743 1838 976 1894 Germen
1015 1841 1323 1907 probatum.
1361 1839 1558 1892 decore
1588 1837 1874 1890 abundans
1913 1836 2040 1890 hinc
2069 1845 2121 1888 et
2163 1834 2309 1897 hinc.

747 1929 1048 1999 Splendore
1083 1940 1348 1999 praestans
1373 1931 1575 1999 quippe
1607 1930 1740 1984 clari
1779 1930 2085 2000 sanguinis,

749 2023 823 2075 De
853 2021 1020 2090 stirpe
1049 2035 1238 2089 regum
1271 2021 1510 2090 gloriosa
1540 2021 1818 2075 surculus.

747 2112 1027 2165 Probitate
1053 2125 1180 2165 vero
1213 2126 1427 2166 morum
1463 2112 1716 2166 amabilis
1744 2112 2024 2175 omnibus,

745 2204 1018 2258 Connubii
1046 2220 1266 2273 expers,
1295 2214 1459 2274 atque
1494 2206 1648 2276 virgo
1679 2207 1961 2275 perpetim.

748 2293 919 2358 Quem
953 2296 1272 2364 providente
1301 2310 1474 2360 cura,
1516 2304 1574 2350 ut
1613 2313 1676 2350 ex
1705 2297 1878 2365 spinis
1911 2313 2114 2359 rosam,

749 2387 1038 2456 Postquam
1061 2389 1227 2441 hocce
1248 2403 1476 2458 propere
1495 2389 1746 2444 Christus
1764 2407 1827 2444 ex
1848 2392 2050 2444 mundo
2069 2391 2312 2453 abstulit,

749 2481 897 2532 Inter
922 2479 1060 2533 alios
1089 2479 1280 2533 dextra
1314 2481 1597 2534 coronavit
1626 2497 1812 2535 manu.

1224 2569 1386 2624 CXII.
1411 2601 1481 2611 —
1510 2570 1571 2624 In
1603 2573 1839 2628 domum.

753 2659 918 2713 Grata
951 2671 1115 2728 atque
1144 2661 1322 2716 dulcis
1354 2664 1532 2716 videor
1566 2666 1822 2717 omnibus
1853 2666 2050 2718 domus

755 2749 864 2805 Viri
902 2751 1114 2820 optimi,
1145 2754 1425 2822 multoque
1458 2755 1844 2818 laudatissimi,

753 2843 1034 2898 Monachis
1071 2859 1266 2898 novam
1297 2845 1538 2914 praebere
1561 2846 1654 2916 qui
1691 2848 1870 2901 studet
1900 2847 2146 2912 domum,

750 2936 1125 3007 I‘retiumque,
1153 2953 1325 2992 noxas
1352 2954 1461 3007 quo
1494 2940 1742 3003 redimat,
1780 2939 1939 2993 oﬂ'ert
1978 2942 2104 2993 Deo.

1193 3027 1377 3083 CXIII.
1403 3061 1473 3071 —
1505 3028 1570 3084 In
1600 3031 1885 3099 sepultum.

751 3119 883 3182 Isto,
913 3121 1109 3183 viator,
1144 3123 1397 3176 conditus
1432 3123 1642 3175 tumulo
1671 3123 1817 3190 jacet

756 3211 844 3264 Vir
875 3220 957 3266 ter
988 3212 1180 3267 beatus
1210 3211 1653 3285 Theophylactus
1683 3215 1903 3269 nomine
1935 3230 1950 3269 :

753 3303 1052 3358 Eunuchus
1078 3305 1353 3372 equidem,
1386 3322 1582 3376 genere
1612 3307 1704 3362 sed
1737 3307 1914 3364 fausto
1949 3317 2128 3375 satus,

754 3395 915 3450 Vultu
940 3397 1434 3462 decorusjuvenis,
1469 3414 1534 3453 ac
1568 3399 1722 3453 valde
1749 3400 1892 3467 pius.

753 3488 856 3554 Qui
891 3489 1102 3559 primus
1137 3489 1280 3544 inter
1319 3491 1530 3544 nobiles
1561 3490 1904 3559 Spatharios,

755 3582 956 3652 Longis
979 3583 1173 3637 diebus
1200 3582 1586 3652 imperatorum
1615 3582 1740 3636 fuit.

755 3672 1039 3743 Templum
1059 3675 1181 3736 hoc,
1199 3675 1521 3744 beatamque
1540 3676 1678 3730 hanc
1695 3675 2057 3729 monasticam
2075 3676 2316 3741 domum,

755 3763 951 3819 Munus
991 3767 1099 3820 Deo
1131 3763 1472 3835 Dominoque
1498 3775 1740 3836 gratum,
1782 3766 2047 3825 condidit.

759 3854 948 3910 Errata
973 3857 1094 3911 vita:
1116 3873 1226 3925 quo
1259 3858 1540 3926 piarentur
1571 3873 1704 3912 suae.

1030 3945 1214 4001 CXIV.
1243 3976 1311 3986 —-
1343 3947 1409 4001 In
1452 3952 1828 4002 monasterium
1868 3947 2049 4019 Ignas.

760 4039 866 4096 Leo
893 4041 1074 4096 clarus
1111 4041 1250 4095 inter
1277 4051 1524 4100 czeteros,
1553 4042 1743 4110 virque
1778 4041 2037 4110 optimus,

759 4137 958 4187 Amore
980 4132 1203 4195 Christi,
1243 4133 1473 4202 conjuge
1497 4133 1719 4186 avulsus
1746 4147 1865 4196 sua,

759 4222 936 4277 Vitam
966 4233 1229 4277 monastze
1261 4231 1338 4276 ter
1376 4224 1590 4276 beatam
1624 4223 1910 4292 amplexus
1935 4234 2040 4286 est.

757 4314 1013 4369 Caelestis
1042 4317 1092 4368 in
1123 4329 1229 4384 qua
1258 4313 1543 4368 liwreditas
1573 4317 1876 4385 acquiritur
1905 4334 1918 4370 :

759 4411 836 4462 Ac
867 4407 1176 4461 universam
1207 4405 1470 4460 familiam
1499 4407 1728 4462 adduxit
1759 4407 1889 4471 Deo,

763 4500 930 4554 Edes
954 4501 1240 4554 mulierum
1267 4515 1484 4570 quoque
1517 4500 1847 4555 monasticas
1873 4509 2110 4555 struens.

763 4593 868 4648 Deo
903 4593 1144 4662 probatae
1176 4603 1370 4646 nactus
1399 4602 1452 4646 et
1477 4593 1598 4646 vita:
1629 4593 1856 4658 exitum,

763 4688 869 4742 Isto
905 4688 1150 4757 sepultus
1179 4694 1263 4740 est
1281 4685 1423 4748 loco,
1455 4695 1780 4753 exspecmns
1811 4684 1979 4747 dicm,

761 4780 874 4845 Qua
908 4778 1157 4833 Christus
1179 4779 1351 4832 aderit
1374 4778 1634 4830 mundum
1663 4785 1721 4829 ut
1751 4791 1966 4830 omnem
1997 4775 2221 4845 judicct.

1126 4870 1286 4926 CXV.
1335 4903 1381 4912 —
1411 4869 1475 4924 In
1504 4872 1668 4938 ipsius
1695 4886 1929 4923 uxorem.

760 4972 929 5021 Annae
963 4965 1269 5035 sepulcrum
1303 4964 1548 5032 proxime
1579 4963 1665 5015 hic
1683 4967 1846 5015 situm
1875 4961 2049 5026 vides,

765 5055 834 5110 Ut
867 5072 988 5124 quze
1021 5056 1218 5110 marito
1241 5054 1440 5124 pariter
1470 5069 1690 5106 assensu
1722 5063 1803 5107 cst
1836 5069 1960 5116 suo,

767 5147 1062 5200 Divortium
1098 5144 1358 5214 perferre,
1391 5143 1594 5196 Christi
1620 5143 1813 5211 gratia,

762 5237 1112 5292 Monasticam
1144 5245 1197 5290 et
1225 5251 1349 5289 cum
1379 5235 1564 5288 liberis
1591 5235 1906 5302 amplectier

770 5325 940 5380 Vitam
977 5325 1256 5395 inclytam,
1291 5325 1378 5377 cui
1416 5334 1566 5393 parta
1598 5325 1720 5378 caeli
1754 5325 1942 5394 gloria.

763 5420 937 5484 Atque
973 5416 1100 5470 hinc
1120 5425 1174 5469 et
1195 5416 1310 5484 ipsa
1341 5430 1488 5484 spem
1522 5415 1642 5469 sinu
1674 5427 1873 5468 certam
1901 5416 2060 5478 fovet,

763 5511 962 5563 Adfore
997 5511 1161 5573 diem,
1183 5524 1289 5578 qua
1319 5508 1595 5562 Christum
1622 5509 1685 5561 ad
1713 5510 1886 5577 ipsum
1917 5509 2184 5572 convnlet,

762 5601 900 5662 Cum
930 5617 1124 5670 nempe
1151 5600 1329 5654 veniet
1363 5599 1451 5652 ille
1491 5607 1550 5652 ut
1581 5615 1772 5653 omnes
1799 5599 2027 5668 judicet.

1216 5690 1400 5745 CXVI.
1439 5719 1507 5729 -—
1538 5691 1600 5744 In
1625 5692 1906 5758 sepultum.

764 5783 910 5837 Fidei
946 5793 1107 5852 atque
1133 5797 1344 5835 morum
1371 5781 1527 5835 laude
1560 5780 1756 5834 mulier
1781 5779 2048 5848 prasstitit,

767 5877 976 5930 Illustrc
1014 5892 1132 5944 qua:
1168 5875 1407 5942 reposuit
1437 5875 1536 5926 hoc
1564 5888 1760 5942 corpus
1787 5873 1925 5935 loco,

2333 554 2382 611 Α
2969 540 3068 592 PI'.
3102 568 3165 580 —-—
3197 539 3396 594 Ἄλλο.

2403 634 2476 692 Ὅ
2498 636 2671 706 τύμδε
2699 631 2862 704 πικρὲ
2887 629 2995 684 τῶν
3022 630 3137 700 βίου
3166 627 3592 697 γλυκασμάτων,

2407 730 2620 790 Πάντας
2655 722 2953 780 κατασπῶν
2975 722 3073 774 οὐκ
3104 722 3335 790 ἐπαρκεῖ
3361 722 3637 789 χορτάσει,

2407 820 2675 890 Μικροῦς,
2710 818 3020 888 μεγίστους,
3052 813 3286 877 ὀλϐίους,
3317 812 3622 876 ἀνεστίους,

2410 912 2634 981 Σοφοὺς,
2664 910 2961 980 ἀμύστους,
2997 904 3442 975 δυσπροσώπους,
3471 904 3748 969 εὐθέτους,

2411 1006 2626 1067 Ὅλους,
2653 1001 2867 1072 ἁλήθων
2896 1001 3100 1066 τέφραν
3120 999 3290 1066 ἴσχεις
3319 995 3517 1059 ὲξίσου,

2408 1097 2592 1168 Μηδὲν
2626 1097 2907 1164 φέροντας,
2939 1093 2970 1161 ἢ
3006 1094 3166 1160 μόνον
3187 1089 3256 1141 τὰ
3287 1089 3551 1158 πρακτέα,

2412 1192 2592 1256 Ἀπερ
2623 1188 2871 1256 παραστῇ
2902 1184 2980 1254 τῷ
3005 1181 3139 1236 Θεοῦ
3161 1179 3452 1251 κριτηρξῳ.

2411 1283 2474 1334 El
2510 1281 2606 1350 μὲν
2641 1280 2927 1348 κράτιστα,
2958 1275 3083 1338 δόξα
3106 1273 3183 1345 τῷ
3212 1274 3534 1342 κεκτημένῳ
3558 1289 3573 1302 ·

2411 1373 2475 1424 Ei
2499 1371 2543 1422 δ’
2574 1365 2640 1422 αὖ
2673 1368 2928 1427 κάκιστα,
2960 1363 3061 1434 φεῦ
3084 1380 3143 1416 τε
3174 1363 3253 1432 τῷ
3282 1361 3695 1430 φαυλοπράττῃ.

2416 1459 2722 1530 Ἄνθρωπε,
2750 1458 2935 1509 λοιπον
2961 1457 3216 1523 πρόσχες,
3247 1446 3358 1504 οἷόν
3404 1469 3484 1504 σοι
3515 1453 3683 1520 μένει.

2625 1552 2774 1606 PIA'.
2807 1580 2871 1591 —-
2913 1550 3277 1616 Ἐπίγραμμα
3314 1550 3402 1610 εἰς
3439 1546 3775 1612 Στέφανον.

2412 1643 2542 1699 Ὧδε
2569 1646 2840 1712 Στέφανος
2865 1638 3246 1710 ὲγκατέκλεισε
3281 1638 3470 1708 δέμας,

2415 1735 2893 1804 Εἰκοστόπεμπτον
2920 1733 2976 1782 ἐν
3007 1729 3105 1799 βίῳ
3135 1729 3305 1798 ζήσας
3327 1728 3547 1798 χρόνονο

2427 1828 2723 1896 Ῥαδαμνος
2758 1824 2918 1886 εὐθὺς
2949 1821 3298 1891 ἀμφικαλλὴς
3323 1820 3582 1872 διττόθεν.

2344 1897 2389 1957 Β
2430 1916 2521 1980 Ἐξ
2549 1913 2801 1982 εὐγενοῦς
2841 1914 2937 1983 μὲν
2974 1914 3202 1982 αἵματος
3231 1911 3572 1983 διαπρέπων,

2427 2009 2592 2062 Ἐλὼν
2622 2008 2678 2060 δὲ
2715 2007 2912 2078 ράσδον
2949 2006 3005 2071 ἐξ
3040 2005 3354 2074 ἀνακτόρων
3383 2003 3590 2065 κλέους.

2416 2103 2556 2154 [list
2587 2100 2821 2169 ποθητὺς
2852 2098 3180 2170 χρηστότητι
3213 2098 3323 2150 τὼν
3353 2098 3587 2167 τρόπων,

2417 2193 2654 2244 Γυναῖκα
2683 2192 2756 2261 μὴ
2779 2193 2960 2257 γνοὺς,
2984 2190 3116 2241 ἀλλὰ
3144 2189 3407 2259 παρθένος
3435 2188 3629 2258 μένων.

2419 2285 2625 2352 Ὀνπερ
2656 2282 2974 2353 προμηθῶς,
3003 2281 3061 2344 ἐξ
3083 2280 3336 2334 ἀκανθῶν
3361 2280 3433 2344 ὡς
3459 2280 3633 2351 ῥόδον,

2418 2375 2523 2428 τοῦ
2559 2376 2682 2445 τῇδε
2727 2376 2931 2442 κόσμου
2978 2374 3209 2443 Χριστὸς
3260 2375 3457 2444 ἐξάρας
3489 2373 3666 2440 τάχει,

2423 2467 2571 2536 Ἔχει
2618 2467 2712 2517 σὺν
2745 2464 2921 2526 ἄλλοις
2947 2463 3097 2533 δεξιᾷ
3127 2466 3270 2534 χειρὶ
3298 2465 3526 2532 στέφων.

2891 2556 3037 2608 Ρ1Β’.
3075 2585 3138 2593 —-
3155 2556 3256 2620 Εἰς
3278 2557 3494 2611 οὶκίαν.

2421 2643 2580 2710 Οἶκος
2605 2647 2886 2717 δέδειγμαι
2916 2647 3262 2717 τερπνοειδὴς
3287 2643 3343 2700 εὖ
3379 2648 3542 2717 μάλα,

2433 2741 2647 2808 Ἀνδρος
2674 2740 2965 2810 κρατίστου
3005 2743 3097 2792 καὶ
3128 2743 3481 2810 πανευφήμου
3510 2741 3657 2795 λίαν.

2426 2836 2520 2897 ’(ὶς
2547 2835 2637 2887 καὶ
2666 2838 2915 2903 νεουργεῖ
2946 2833 3042 2900 τὴν
3077 2833 3205 2901 ὅλην
3233 2834 3398 2903 μονὴν
3425 2834 3596 2902 πόθῳ.

2419 2926 2538 2996 Θεῴ
2573 2927 2866 2995 προσοίσας
2897 2925 3090 2994 λύτρον
3119 2925 3234 2977 ἀνθ’
3266 2925 3612 2995 ἁμαρτάδων.

2808 3016 2944 3069 PII".
2979 3048 3047 3057 —
3080 3020 3181 3080 Εὶς
3217 3015 3588 3085 κοιμηθέντα.

2424 3098 2547 3159 Ὧδε
2583 3106 2859 3176 προελθὼν
2891 3108 3212 3160 ὲντέθαπται
3243 3107 3318 3177 τῷ
3350 3108 3522 3176 τάφῳ,

2345 3231 2388 3287 c
2423 3198 2796 3267 Θεοφύὶακτος
2825 3201 2852 3250 ὁ
2878 3201 3177 3269 τρισόλϐιος
3214 3199 3386 3268 μέροψ
3410 3216 3424 3230 ’

2427 3291 2692 3360 Εὐνοῦχος
2729 3292 2826 3360 μὲν
2851 3292 2944 3351 ὧν.
2971 3294 3103 3345 ἀλλὰ
3132 3293 3304 3356 δεξιοῦ
3337 3293 3544 3360 γένους,

2427 3381 2663 3444 Εὕοπτος
2692 3384 2831 3452 ἧλιξ,
2865 3384 3092 3451 εὐσεϐής
3126 3399 3188 3448 γε
3226 3385 3320 3434 καὶ
3353 3384 3514 3451 μάλα.

2430 3473 2525 3535 ’ος
2556 3472 2937 3543 πρωτοδαῦρεῖ
2967 3475 3023 3523 ὲν
3055 3471 3380 3540 Σπαθαρὶων
3413 3475 3617 3534 στάσει,

2439 3565 2524 3616 Ἐν
2557 3564 2890 3635 μακρότησιν
2920 3565 3137 3633 ἡμερῶν
3170 3565 3508 3635 ἀνακτόρων.

2427 3654 2529 3705 Τὸν
2558 3654 2680 3722 τῇδε
2713 3655 2859 3718 ναὸν,
2895 3656 2988 3707 καί
3023 3655 3190 3724 μονὴν
3221 3657 3536 3723 παναισίαν,

2431 3745 2657 3813 νηγειρε
2686 3746 2933 3814 τερπνῶς
2967 3747 3044 3815 τῷ
3073 3747 3190 3814 Θεῷ
3219 3747 3310 3800 καὶ
3340 3750 3602 3818 Δεσπότῃ,

2427 3838 2520 3900 Εἰς
2557 3837 2750 3907 λύτρον
2779 3837 2940 3890 αὑτοῦ
2972 3839 3328 3906 πταισμάτων
3352 3839 3458 3891 τῶν
3486 3843 3542 3892 ἐν
3569 3841 3692 3909 βὶῳ,

2719 3927 2858 3983 Ρ1Δ’.
2899 3961 2956 3970 -
2992 3933 3094 3996 Εις
3121 3932 3314 3999 Ἰγγας
3338 3931 3450 3996 τὴν
3472 3933 3691 4000 μονήν.

2428 4044 2578 4096 Λέων
2607 4045 2636 4096 ὁ
2665 4043 2874 4105 κλεινὸς
2905 4044 3000 4095 καὶ
3038 4043 3325 4114 κράτιστος
3357 4044 3636 4115 ἀνδράσιν,

2428 4133 2669 4204 Τμηθεὶς
2703 4133 2955 4185 συνεύνου
2986 4135 3028 4185 Χ
3037 4113 3254 4202 ριστοσυ
3265 4113 3495 4205 μπλόκιρ
3520 4137 3694 4207 πόθῳ,

2428 4219 2552 4277 Ei):
2585 4226 2854 4295 μονήρους
2879 4224 2969 4277 τὸν
2994 4225 3294 4294 τρισόλϐιον
3331 4226 3465 4296 βίον,

2439 4315 2527 4378 Ὠς
2555 4314 2916 4384 προξενοῦντα
2945 4317 3046 4386 τὴν
3069 4316 3180 4368 ἄνω
3208 4317 3534 4387 κληρουχίαν
3555 4333 3569 4346 ·

2430 4407 2596 4476 Ὅλην
2633 4407 2906 4476 προσάξας
2939 4406 3016 4476 τῷ
3043 4405 3160 4476 Θεῷ
3188 4410 3284 4479 τὴν
3307 4409 3502 4470 οἰκίαν,

2430 4498 2610 4566 Μονὴν
2636 4498 2907 4566 γυναικῶν
2939 4500 3290 4568 σχηματίζειν
3323 4503 3519 4554 αἰσίαν.

2359 4579 2401 4634 Ῐ)
2433 4592 2539 4644 Καὶ
2560 4591 2915 4662 τερματισμῷ
2942 4591 3036 4644 τοῦ
3064 4592 3344 4656 θεοκλεοῦς
3372 4595 3593 4664 δρόμου,

2431 4677 2564 4753 *Ωδη
2591 4682 2878 4746 τέθαπται,
2912 4685 3234 4754 προσμένων
3267 4687 3366 4755 τὴν
3387 4689 3621 4755 ἡμέραν,

2443 4773 2530 4828 Ἐν
2553 4768 2696 4846 ᾗπερ
2733 4773 2852 4842 ἥξει
2888 4775 3118 4844 Χριστὸς
3149 4778 3228 4838 εἰς
3260 4778 3474 4828 πάντων
3507 4779 3712 4847 κρίσιν,

2689 4867 2835 4918 Ρ1Ε’.
2869 4896 2936 4904 —
2966 4869 3068 4931 Εἰς
3098 4867 3212 4934 τὴν
3248 4869 3432 4922 αὑτοῦ
3461 4871 3741 4937 σύμϐιον.

2433 4959 2630 5026 Ἀννης
2656 4958 2714 5009 τὸ
2739 4957 2889 5026 σῆμα
2918 4959 3181 5027 συμφυῶς
3215 4953 3314 5012 ὦδε
3339 4961 3574 5030 βλέπεις,

2444 5049 2527 5110 Ὠς
2557 5048 2631 5118 τῷ
2661 5049 2896 5115 συνεύνῳ
2926 5053 3385 5120 συμφρονησὰσης
3412 5052 3521 5116 ἴσα,

2430 5141 2628 5195 Παθεῖν
2658 5143 2936 5211 χωρισμὸν
2960 5143 3139 5195 εἵνεκα
3168 5145 3404 5214 Χριστοῦ
3434 5146 3596 5215 μάλα.

2431 5232 2538 5284 Καὶ
2565 5231 2623 5283 τὸ
2659 5234 2927 5302 μονήρους
2962 5234 3308 5288 ἀσπάσασθαι
3334 5237 3431 5288 σὺν
3459 5238 3691 5303 τέκνοις,

2429 5323 2551 5373 Βέον
2583 5323 2800 5390 φαεινὸν
2827 5326 3224 5395 οὐρανοκτήτου
3260 5327 3469 5390 κλέους.

2432 5412 2593 5466 ὈΘεν
2623 5431 2685 5480 γε
2717 5414 2890 5484 καύτὴ
2923 5418 3216 5484 προσμένει
3243 5418 3340 5486 τὴν
3367 5419 3572 5482 ἐλπίδα,

2431 5505 2571 5573 Πρὸς
2599 5505 2831 5574 Χριστὸν
2860 5506 3018 5558 αὑτὸν
3050 5508 3471 5577 οὐρανοδραμείν
3498 5512 3644 5572 τότε,

2431 5598 2547 5649 Ὀτ⁹
2575 5598 2638 5650 ἄν
2671 5614 2773 5669 περ
2795 5598 2898 5668 ἦξῃ
2929 5600 3020 5652 τοῦ
3049 5600 3231 5670 κρίναι
3257 5601 3477 5671 βροτοὺς
3501 5603 3680 5668 ὅλους.

2817 5691 2978 5756 Ριςῖσ.
3009 5723 3070 5732 —
3090 5693 3190 5754 Εἰς
3218 5693 3626 5760 κοιμηθεῖσιιν.

2441 5779 2631 5849 Ἐσθλὴ
2663 5782 2938 5846 γυναικῶν
2967 5782 3024 5835 ἐν
3057 5801 3114 5836 τε
3146 5784 3322 5836 πίστει
3355 5787 3448 5837 καὶ
3489 5787 3609 5857 βίῳ,

2444 5872 2503 5922 'II
2533 5872 2652 5940 τῇδε
2681 5873 2832 5924 Θεῖσα
2866 5874 2923 5926 τδ
2947 5875 3174 5936 κλεῶδες
3213 5877 3450 5944 σαρκίον,

3842 419 3977 484 1808
