4188 6462
246 389 382 453 1809

245 508 358 560 Καὶ
382 503 602 574 πνεῦμα
629 501 797 556 δοῦσα
819 503 896 574 τῷ
929 501 1048 573 Θεῴ
1073 505 1166 558 καί
1198 505 1464 576 Δεσπότῃ.

243 600 342 660 Ὃς
371 596 683 666 εὐδόκησεν,
718 596 979 649 Εὑδοκίαν
1011 597 1234 660 εἰκότως

238 689 455 757 Ταύτην
481 688 763 741 καλεῖσθαι
786 687 864 757 τῷ
898 687 1204 758 φερωνύμῳ
1225 688 1430 757 τρόπῳ,

249 783 338 845 Ὠς
359 779 743 850 εὐδοκηθεῖσάν
773 797 836 847 γε
871 779 1170 846 παγκάλως
1202 780 1445 849 τρόποις,

238 875 344 926 Σὺν
374 873 526 944 ἀνδρὶ
551 870 745 942 κλεινῷ
776 871 972 939 σεμνὸν
998 871 1200 934 ὲξοῖσαι
1226 870 1361 937 βίον.

238 963 359 1017 Κᾶν
387 963 464 1032 τῷ
487 961 765 1031 τελευτᾷν,
793 961 1122 1013 εὒδωθεῖσαν
1151 960 1330 1012 κλίναι

239 1054 386 1125 Πρὸς
412 1053 594 1105 πίστιν
619 1051 785 1122 ὀρθὴν
817 1050 906 1104 τὸν
931 1050 1176 1119 φύσαντα
1205 1050 1437 1119 πατέρα.

610 1143 754 1196 PIZ'.
779 1171 850 1182 —
879 1144 984 1207 Εις
1017 1140 1427 1210 κοιμηθεῖσαν.

236 1235 555 1305 Εῡχρηστον
584 1233 751 1296 ὅντως
775 1233 966 1294 σκεῦος
996 1231 1353 1303 ἡγιασμένον,

250 1324 591 1379 Ἰσοστατοῦν
614 1341 676 1391 γε
703 1322 1114 1395 χρυσοκολλήτῳ
1143 1323 1353 1392 στέφει,

251 1418 496 1478 Ῥαντοῖς
523 1416 734 1468 καλοῖσι
770 1414 1075 1484 μαργάροις
1104 1415 1453 1484 ηὐγασμένῳ,

253 1508 318 1560 Ἦ
348 1507 473 1576 τῇδε
501 1506 657 1558 θεῖσα
679 1505 740 1557 τὸ
765 1505 1073 1576 τρισόλϐιον
1097 1505 1286 1575 δέμας.

236 1600 379 1652 Νέου
408 1597 516 1668 γὰρ
540 1597 729 1667 ἀνδρὸς
754 1595 989 1667 ἐκτομὴν
1015 1597 1315 1658 ὑποστάσει,

241 1689 456 1758 Ἥρωος
487 1688 648 1740 ἄλλου
679 1686 756 1756 τῷ
785 1685 959 1739 σθένει
990 1685 1083 1738 καὶ
1114 1684 1191 1753 τῷ
1215 1685 1382 1747 κλέει,

240 1779 384 1848 Πρὸς
433 1778 721 1850 Ἀρμενίας
748 1780 860 1830 τοῖν
886 1777 1030 1829 δυοῖν
1052 1776 1415 1846 ὡρμημένων,

241 1873 498 1941 Ἀριστον
533 1865 626 1942 ᾖδε
654 1869 814 1922 τοῦτο
837 1869 1095 1940 κέκρικεν
1123 1869 1288 1938 μάλα,

237 1963 320 2015 Τὰ
347 1963 524 2015 πάντα
547 1959 727 2014 δοῦναι
759 1961 837 2030 τῷ
862 1959 980 2030 Θεῷ
1013 1960 1107 2014 καὶ
1137 1961 1404 2031 Δεσπότη,

250 2051 625 2105 Ῥακοστολεῖν
648 2049 707 2102 δὲ
735 2048 813 2119 τῷ
838 2049 1150 2120 μοναστικῷ
1176 2051 1382 2121 τρόπῳ,

242 2144 341 2196 Ἰοι
367 2143 629 2213 κράτιστα
656 2142 945 2212 τοιγαροῦν
970 2144 1027 2194 ὲν
1056 2141 1133 2210 τῷ
1162 2142 1282 2211 βίῳ,

241 2235 460 2303 Κόσμον
496 2232 767 2303 φέρουσαν
789 2233 891 2304 τὴν
917 2233 1176 2303 ταπεινὴν
1206 2233 1456 2302 καρδίαν,

252 2325 673 2395 Ἰσοσμάραγδον
699 2325 797 2395 τὴν
832 2325 958 2395 ῥοὴν
987 2325 1094 2377 τῶν
1126 2323 1396 2393 δακρύων,

244 2417 557 2485 Ἀγρυπνον
582 2417 760 2485 ὄμμα,
786 2415 877 2467 καὶ
898 2415 1204 2486 προσευχὴν
1225 2415 1298 2476 ὠς
1324 2417 1487 2479 φάος·

241 2506 424 2577 Ταύτῃ
455 2507 652 2559 τελειοῖ
676 2507 766 2558 καί
793 2521 856 2572 γε
888 2505 1044 2567 θείως
1071 2505 1162 2557 τὸν
1184 2505 1404 2573 δρόμον,

254 2598 732 2669 Ἀπροσπέλαστον
757 2596 1138 2668 αἱρετιζὸντων
1161 2595 1357 2669 πλάνῃ.

241 2688 473 2742 Διπλοῦν
498 2688 553 2740 δὲ
578 2687 750 2758 δῶρον
779 2687 856 2758 τῷ
884 2687 1002 2757 Θεῷ
1031 2689 1410 2758 προσηγμένη,

244 2781 399 2851 Ἔχει
425 2780 485 2833 τὸ
513 2779 726 2852 χαίρειν
760 2781 854 2833 σὺν
873 2780 1098 2843 δικαίοις
1121 2781 1201 2843 εἰς
1234 2781 1402 2834 ἅπαν.

746 2873 899 2927 PIH'.
922 2903 990 2915 —
1028 2870 1108 2940 Τῇ
1137 2869 1317 2938 αὐτῇ.

251 2964 311 3017 Ὃ
341 2962 516 3034 χῶρος
544 2961 734 3027 ἐσθλὸς
761 2963 875 3034 (καὶ
901 2963 1008 3034 γὰρ
1039 2964 1274 3033 Εἰρήνης
1299 2963 1491 3032 τάφος)

240 3053 597 3125 Είρηνοποιὸν
626 3055 762 3124 πρὸς
793 3053 923 3108 Θεὸν
954 3052 1187 3122 σχούσης
1212 3052 1347 3122 βίον.

651 3144 800 3199 ΡῙΘ’.
829 3174 898 3184 -
927 3147 1032 3208 Εἰς
1065 3145 1399 3198 Διονύσιον.

240 3237 425 3307 Τάφος
448 3238 664 3309 πέφηνα
698 3238 973 3290 Διονυσίου
1011 3237 1174 3307 μάλα,

238 3328 405 3382 Ξένου
441 3329 730 3399 μοναστοῦ,
764 3327 1052 3388 πυκτικοῦ,
1085 3329 1374 3397 κατηκόου,

242 3420 478 3483 Πολλοὺς
501 3421 800 3492 δραμόντος
831 3419 1137 3489 όρθοδοξὶας
1163 3422 1419 3491 δρόμους,

241 3513 353 3566 Καὶ
381 3512 757 3584 μαρτύραθλον
778 3510 1161 3576 ὲξαποίσαντος
1185 3513 1354 3576 τέλος.

479 3602 605 3656 ΡΚ’.
633 3633 704 3643 -
733 3605 837 3669 Εἰς
864 3603 1107 3687 εῑσοδον
1129 3606 1558 3673 μοναστηρίου.

245 3697 448 3765 ,Αννης
480 3695 701 3767 ἀπαρχὴ
729 3695 803 3765 τῷ
831 3694 968 3764 Θεῷ,
999 3695 1094 3748 καὶ
1124 3697 1387 3767 Δεσπότῃ.

255 3787 318 3840 Ἦ
347 3786 473 3858 τῇδε
512 3787 722 3856 μάνδρα
746 3787 839 3838 καὶ
865 3785 1001 3856 μονὴ
1028 3786 1320 3856 σεϐασμία,

255 3877 651 3947 Ἐπωνυμοῦσα
671 3868 768 3946 ἰῆς
793 3879 1067 3944 πανάγνου
1091 3877 1388 3947 Παρθένου,

245 3968 353 4020 Ka‘t
375 3967 674 4037 παρθένους
709 3967 948 4038 φέρουσα
970 3969 1366 4035 νυμφιοκλέως,

258 4059 592 4128 ’Λσκητικῶς
614 4059 710 4129 ζῇν
740 4056 938 4121 ὲνθέως
971 4058 1312 4128 διαπρέπειν.

262 4147 432 4218 ’Υπέρ
464 4167 523 4202 τε
554 4150 747 4220 λύτρον
775 4149 882 4201 τῶν
903 4149 1040 4203 ὅλων
1073 4150 1422 4220 ἁμαρτάδων,

246 4242 423 4306 Αὐτῆς
454 4259 515 4308 γε
547 4242 772 4312 ταύτης,
801 4242 892 4294 καὶ
918 4241 1140 4304 Λέοντος
1175 4243 1428 4310 συζύγου,

246 4331 379 4384 Μεθ’
399 4323 474 4384 ὧν
511 4331 759 4384 Ἰωάννου
785 4347 865 4393 τε,
898 4330 1152 4398 φιλτάτου
1179 4332 1389 4384 τέκνου.

493 4421 669 4474 ΡΚΑ’.
699 4449 768 4460 ο-
801 4421 903 4485 Εἰς
939 4422 1229 4489 Θεόφιλον
1260 4420 1559 4475 διάκονον.

248 4509 420 4580 Πολλὴ
451 4511 791 4580 πρόσεστιν-ἡ
822 4508 1054 4577 σεόαστή
1087 4525 1166 4561 σοι
1193 4512 1372 4580 χάρις,

247 4606 367 4657 Ὀτι
401 4605 532 4667 πρὸς
562 4605 717 4674 ἡμῶν
742 4604 894 4657 οὐδὲν
913 4603 1179 4673 ἐσχηκυῖά
1207 4619 1280 4669 τι,

248 4695 308 4748 EI
341 4698 414 4766 μὴ
439 4693 753 4766 προσευχῶν
775 4695 882 4747 τῶν
915 4694 1252 4765 ἁμαρτωλῶν
1284 4695 1453 4764 γέρας
1476 4710 1492 4724 ⁶

249 4786 412 4841 Οὕπω
446 4789 718 4841 πέπαυται
747 4787 1078 4858 προσφέρειν
1100 4788 1232 4856 ἡμῖν
1251 4787 1449 4849 δόσεις,

249 4878 464 4945 Ἀσπερ
492 4877 745 4940 λαϐόντες
769 4879 862 4930 καὶ
893 4878 1054 4931 πάλιν
1081 4877 1437 4947 φιλοφρόνως’

248 4968 632 5038 Προσοὶσωμέν
666 4985 748 5021 σοι
773 4967 850 5037 τῷ
874 4969 1010 5038 φίλῳ
1035 4969 1100 5021 τὰ
1123 4968 1229 5020 τῶν
1255 4969 1446 5036 φίλων.

346 5059 518 5111 PKB’.
546 5085 614 5097 —-
637 5060 739 5123 Εἰς
777 5057 1093 5128 Πάμφιλον
1127 5057 1232 5110 τὸν
1262 5059 1705 5126 Τριμαλέθοντα.

247 5147 601 5218 Ψυχοφθόρος
623 5147 725 5218 θὴρ
761 5146 1038 5218 Πάμφιλος
1065 5147 1298 5216 δειχθεὶς
1319 5149 1456 5210 νέος,

260 5238 697 5310 Ἐξωστρακίσθη
725 5241 823 5308 τῆς
857 5241 1021 5310 μονῆς
1051 5240 1143 5292 τοῦ
1177 5240 1510 5310 Προδρόμου.

423 5329 595 5386 PKI".
630 5361 696 5370 —
730 5331 1053 5398 Ἐπιστολὴ
1093 5334 1178 5397 εἰς
1216 5336 1633 5400 γραμματικόν.

249 5421 326 5492 Τῇ
354 5423 614 5492 τριστίχῳ
642 5439 733 5474 σου
760 5423 1198 5494 χρυσομαργάρῳ
1228 5421 1246 5460 1
1278 5424 1493 5492 φράσει,

250 5514 695 5583 Σμαραγδότιμον
721 5514 1072 5582 ἀντεπεξάγω
1099 5513 1275 5582 χρέος.

249 5605 417 5669 Αὐτὸς
441 5605 483 5658 δ’
514 5605 658 5676 ᾅδοις
689 5623 778 5675 μοι
806 5605 1260 5677 μουσικοπρεπῶς
1285 5606 1446 5658 πάλιν
1475 5618 1534 5656 ιη.

330 5796 444 5853 καί.
477 5800 940 5869 χρυσομαρμάρῳ.
1055 5808 1090 5834 ³³
1124 5816 1206 5863 Π).
1250 5795 1432 5850 πάλαι.

1731 393 1968 451 unm.
2290 377 2297 382 ’
3317 392 3452 458 1810

1836 512 1883 563 Α
1911 505 2046 558 Cum
2074 506 2385 562 tradidisset
2411 505 2666 575 spiritum
2705 506 2937 560 Domino
2971 521 3033 561 ac
3062 505 3172 560 Deo
3201 526 3214 561 :

1908 597 2008 650 Cui
2046 597 2171 666 jure
2201 609 2412 668 gratum
2445 598 2624 652 fuerat
2663 597 2958 651 Eudociam
2989 600 3196 668 optimo

1909 688 2044 750 Dici,
2075 699 2236 756 atque
2263 705 2462 744 nomen
2492 691 2784 744 convenire
2808 691 3050 744 moribus
3078 709 3091 743 :

1907 779 2056 845 Quos
2091 789 2310 849 prOpter
2338 781 2426 834 illa
2457 781 2664 850 placuit
2686 781 2843 834 unice
2867 780 3144 843 omnibus,

1910 871 2176 926 Przeclaro
2209 875 2491 928 honestam
2521 889 2644 927 cum
2668 874 2786 926 viro
2809 874 2974 926 vitam
3008 873 3250 943 exigens.

1907 963 2195 1031 Cursuque
2225 967 2467 1020 moriens
2497 966 2735 1020 evolavit
2762 980 3021 1035 prospero

1909 1051 2048 1107 Hinc
2078 1053 2144 1107 ad
2177 1065 2478 1124 parentem.
2510 1056 2601 1125 qui
2634 1056 2793 1109 [idem
2835 1060 3035 1110 rectam
3067 1055 3286 1111 indidit.

2324 1144 2530 1199 CXVII.
2577 1176 2648 1186 —
2674 1146 2736 1200 In
2775 1146 3054 1215 sepultam.

1980 1234 2110 1296 Vas,
2144 1234 2279 1298 haec,
2313 1244 2584 1290 sacratum
2615 1237 2864 1305 idemque
2890 1238 3185 1306 pretiosum
3217 1236 3337 1300 fuit,

1908 1326 2102 1393 (Quale
2121 1336 2174 1381 et
2198 1343 2416 1382 coronae
2446 1344 2554 1383 non
2582 1330 2653 1383 sit
2681 1330 2855 1398 impar
2887 1344 3090 1391 aurem,

1909 1418 2168 1473 Distincta
2201 1420 2430 1490 gemmis
2458 1437 2578 1489 quae
2613 1420 2684 1474 sit
2712 1421 2876 1474 etiam
2904 1420 3121 1487 lucidis)

1906 1506 2038 1572 Quae
2067 1517 2145 1560 ter
2171 1507 2386 1561 beatum
2414 1522 2612 1577 corpus
2652 1508 2774 1563 istic
2803 1508 3063 1563 condidit.

1905 1596 2131 1652 Juvenis
2161 1599 2340 1651 mariti
2379 1613 2612 1666 namque
2645 1609 2870 1652 mortem
2908 1600 3212 1664 sustinens,

1907 1688 2010 1753 Qui
2042 1688 2232 1742 robore
2254 1688 2416 1744 heros
2445 1689 2580 1742 alter
2604 1704 2669 1744 ac
2697 1688 2838 1743 fama
2873 1687 3105 1750 ex'stitit.

1909 1779 2062 1834 Tunc
2096 1795 2217 1834 curn
2255 1780 2518 1834 referrent
2546 1782 2706 1834 ambo
2739 1782 2806 1834 ab
2832 1783 3084 1835 Armenia
3117 1783 3303 1851 pedem
3336 1799 3349 1836 ι

1832 1837 1878 1895 Β
1909 1869 2021 1926 Sibi
2054 1887 2175 1926 esse
2205 1855 2349 1924 iactu
2375 1871 2644 1940 judicavit
2694 1871 2980 1939 optimum,

1908 1963 2018 2018 Deo
2050 1974 2210 2030 atque
2240 1963 2469 2017 Domino
2498 1972 2690 2016 cuneta
2721 1978 2942 2030 prorsus
2973 1962 3205 2027 tradere,

1907 2056 1973 2111 Et
2011 2067 2159 2110 veste
2189 2056 2304 2120 vili,
2330 2070 2480 2108 more
2498 2056 2914 2119 monachorum,
2945 2055 3120 2109 indui.

1909 2147 2112 2200 Exinde
2146 2147 2271 2200 vitae
2299 2156 2512 2215 tempus
2546 2145 2654 2215 egit
2695 2161 2973 2215 prospere,

1905 2238 2011 2292 Cor
2043 2239 2268 2304 humile,
2301 2239 2482 2294 cultus
2509 2239 2681 2292 instar
2707 2238 2917 2302 eximii,
2952 2253 3149 2306 gerens
3177 2257 3190 2292 :

1908 2328 2126 2384 Similes
2155 2331 2458 2399 smaragdis
2490 2330 2866 2401 lacrymasque
2897 2330 3168 2392 funderet,

1906 2419 2178 2476 Insomnis
2208 2423 2401 2477 oculus
2425 2436 2522 2490 pro
2543 2422 2657 2476 face.
2689 2435 2742 2476 et
2765 2438 2955 2492 preces
3004 2421 3183 2475 forent
3208 2440 3223 2475 :

1906 2512 2148 2579 Quarum
2175 2529 2275 2584 Ope
2301 2523 2573 2568 sacratum
2605 2514 2707 2568 rite
2734 2529 2956 2568 cursum
2984 2514 3307 2576 absolveret,

1908 2605 2111 2658 Intacta
2145 2605 2363 2673 penitus
2394 2604 2663 2659 hatresum
2699 2603 2952 2658 fallaciis.

1905 2695 2152 2762 Cumque
2184 2694 2271 2747 illa
2305 2696 2582 2763 geminum
2607 2710 2808 2748 munus
2841 2693 3103 2747 obtulerit
3135 2693 3262 2757 Deo,

1907 2785 2171 2841 Permisla
2204 2787 2428 2850 sanetis,
2453 2788 2645 2857 gaudia
2681 2798 2878 2840 aeterna
2899 2788 3123 2840 obtinet.

2417 2875 2653 2930 CXVIII.
2681 2907 2752 2916 —
2779 2875 2989 2929 Eidem.

1908 2966 2087 3022 Locus
2113 2968 2428 3038 auspicatus
2462 2967 2572 3030 hic,
2609 2969 2698 3021 ubi
2724 2968 2874 3022 lrene
2898 2967 3064 3035 jacet,

1907 3056 2040 3122 Quae
2060 3057 2209 3126 pacis
2233 3073 2407 3127 usque
2428 3073 2549 3110 cum
2580 3059 2688 3111 Deo
2710 3058 2906 3110 cultrix
2937 3057 3060 3112 fuit.

1831 3171 1873 3226 ο
2305 3146 2491 3202 CXIX.
2519 3176 2588 3187 ——
2617 3148 2680 3202 In
2709 3147 3041 3218 Dionysium.

1905 3237 2054 3294 Jacet
2077 3239 2178 3295 hoc
2202 3240 2451 3308 sepulcro
2473 3240 2723 3294 conditus
2760 3239 3069 3310 Dionysius,

1905 3331 2006 3396 Qui
2033 3332 2352 3396 monachus,
2381 3332 2602 3400 hospes,
2641 3347 2705 3385 ac
2736 3333 2882 3401 pugil
2911 3333 3107 3386 docilis
3133 3332 3256 3397 fuit,

1908 3422 2074 3474 Multo
2096 3429 2149 3474 et
2176 3422 2359 3474 labore
2387 3436 2483 3489 pro
2514 3421 2616 3474 [ide
2637 3431 2722 3474 est
2756 3423 3052 3485 exercitus,

1906 3512 2222 3583 Clausitque
2252 3529 2522 3582 pugnans,
2559 3523 2782 3585 martyr,
2811 3524 3113 3568 extremum
3149 3515 3315 3570 diem.

2215 3605 2378 3660 CXX.
2406 3636 2476 3645 —
2516 3605 2582 3658 In
2609 3608 2917 3660 monasterii
2937 3609 3164 3660 aditum.

1910 3697 2018 3752 Deo
2046 3707 2208 3765 atque
2251 3698 2480 3752 Domino
2512 3699 2610 3752 has
2641 3700 2793 3752 Anna
2822 3699 3091 3768 primitias
3113 3697 3284 3756 dedit.

1911 3788 2189 3842 Mandram
2220 3789 2380 3854 hanc,
2410 3790 2835 3859 monasteriique
2854 3790 3475 3853 venerandamdomum,

1910 3880 2041 3946 Quae
2059 3890 2214 3934 nacta
2249 3897 2446 3934 nomen
2467 3879 2708 3951 Virginis
2729 3897 2822 3935 Sun
2837 3881 3115 3943 ctissimae,

1911 3972 2218 4040 'l’itulisque
2248 3973 2430 4042 sponsi
2467 3973 2701 4041 virgines
2730 3973 2905 4027 claras
2939 3974 3120 4034 habet,

1909 4061 2159 4116 Caelestis
2187 4061 2296 4114 illic
2326 4060 2502 4114 studia
2539 4077 2677 4130 quas
2712 4063 2836 4116 vitae
2883 4063 3130 4116 excolunt
3160 4082 3173 4116 :

1916 4149 2091 4219 thue
2116 4131 2450 4203 redimantur
2474 4166 2699 4204 munere
2737 4152 2839 4205 hoc
2870 4153 3084 4220 piacula

1911 4239 2115 4292 Cuncta
2146 4238 2451 4307 ipsiusmet,
2487 4255 2549 4292 ac
2574 4239 2773 4295 Leonis
2808 4242 3076 4312 conjugis,

1909 4328 2136 4382 Joannis
2163 4330 2346 4392 etiam,
2370 4330 2462 4382 lilii
2490 4331 2819 4387 charissimi.

2149 4419 2336 4473 CXXI.
2379 4450 2447 4460 -—
2479 4419 2545 4473 In
2583 4419 2922 4490 Theophilum
2953 4425 3252 4479 diaconum.

1843 4501 1890 4554 Ι)
1986 4510 2124 4577 Tua,
2158 4513 2242 4564 vir
2269 4512 2518 4575 colende,
2562 4515 2796 4566 maxima
2834 4526 2918 4569 est
2947 4519 3272 4587 benignitas.

1918 4603 2070 4657 Ilaud
2097 4604 2202 4657 ulla
2236 4619 2470 4673 namque
2497 4605 2638 4658 dona
2662 4606 2971 4662 dederimus
3002 4610 3145 4676 licet,

1915 4692 2027 4748 Nisi
2059 4709 2194 4761 quas
2222 4693 2414 4747 miselli
2440 4693 2719 4749 intulimus
2745 4712 2842 4765 pro
2871 4708 2921 4751 te
2939 4715 3165 4768 preces;

1916 4786 2124 4856 Largiri
2153 4796 2204 4840 at
2239 4786 2355 4855 ipse
2395 4803 2620 4840 munera
2653 4788 2794 4841 haud
2827 4805 3009 4846 cessas
3035 4808 3188 4847 nova.

1915 4878 2047 4944 Qua:
2071 4895 2168 4934 nos
2200 4880 2464 4933 benevolo
2481 4895 2675 4935 rursus
2706 4881 2889 4934 animo
2920 4886 3249 4954 accepimus,

1920 4969 2274 5035 Quaecunque
2309 4981 2586 5022 amantum
2621 4980 2764 5032 sunt,
2800 4976 3078 5039 reprnsuri
3112 4975 3227 5029 tibi.

2041 5058 2248 5113 CXXII.
2292 5090 2358 5099 -
2390 5059 2455 5114 In
2493 5062 2824 5126 Pamphilum
2857 5063 3342 5121 Trimalctlwnlent:

1920 5148 2096 5204 Pestis
2126 5151 2431 5204 animarum
2456 5153 2631 5206 bellua
2665 5169 2826 5215 nova,
2857 5155 3197 5226 Pamphilus,

1919 5238 2096 5310 Magni
2126 5241 2409 5293 abdicatus
2439 5243 2708 5310 prodromi
2741 5246 2808 5297 ab
2841 5245 3006 5299 domo
3041 5248 3158 5300 fuit.

2126 5326 2354 5384 CXXIII.
2385 5360 2456 5370 ——
2484 5331 2723 5399 Epistola
2758 5335 2825 5386 ad
2858 5340 3280 5404 grammaticum.

1917 5417 2214 5475 Gemmatae
2248 5424 2300 5475 in
2324 5425 2736 5478 aurotristichte
2770 5427 2952 5494 phrasi
2988 5439 3114 5492 tuae,

1918 5511 2257 5580 Smaragdini
2292 5517 2442 5584 pretii
2471 5533 2672 5584 repono
2699 5520 2937 5574 debitum
2966 5541 2979 5575 :

1915 5603 1993 5658 Tu
2025 5604 2152 5659 mihi
2188 5622 2388 5661 canora
2407 5623 2595 5663 rursus
2617 5610 2730 5665 edis
2761 5614 3024 5670 carmina.
