4188 6464
741 393 870 458 1811

1887 394 1945 452 S.
1997 389 2384 451 THEODORI

2457 394 2799 456 STUDITE
3815 391 3949 458 1812

735 502 966 561 CXXIV.
996 532 1066 548 -—
1088 502 1426 575 Epigramma
1459 505 1514 556 in
1544 514 1784 556 sanctum
1813 499 2028 554 Patrem
2061 512 2296 552 nostrum
2325 513 2368 562 Α

2295 540 2296 545 η
2325 513 2368 562 Δ
2398 506 2567 560 ΡΚΔ⁹.
2592 537 2660 546 -
2697 510 3058 578 Ἐπίγραμμα
3083 512 3169 574 εις
3192 511 3298 562 τὸν
3325 508 3498 563 ὅσιον
3527 505 3750 574 Πατέρα
3783 506 3949 575 ἡμῶν

1359 591 1706 646 Theodoram.

736 682 986 738 Numinis
1015 682 1198 738 aterni
1226 681 1431 737 donum
1467 682 1716 751 regisque
1749 675 2012 746 supremi,

735 773 950 827 Clarum
969 781 1022 827 et
1042 773 1200 828 dulce
1237 773 1400 827 simul
1432 786 1626 825 nomen
1654 768 1994 827 Theodorus.
2021 765 2093 819 ob
2106 772 2225 819 acta

737 865 1023 920 Prudentis
1047 866 1201 920 vita:
1234 876 1420 919 custos
1447 872 1765 918 mansuetus
1797 859 1977 922 ovilis,

735 957 964 1012 Assidue
998 956 1336 1027 fundensque
1366 970 1575 1025 preces,
1605 962 1978 1023 praeceptaque
2003 947 2220 1003 tradens

734 1049 983 1120 Egregia,
1013 1047 1348 1119 bymniieros
1375 1047 1558 1100 divino
1583 1045 1811 1116 psallere
1836 1044 1945 1096 ritu

734 1138 974 1194 Studitas
1006 1139 1227 1194 docuit:
1257 1153 1376 1208 quae
1399 1136 1671 1193 fortunata
1698 1146 1926 1190 vocatur

734 1229 857 1286 Rite
881 1231 1097 1296 domus,
1126 1231 1421 1300 prodromo
1443 1227 1638 1283 Joanni
1667 1241 1846 1290 sacra,
1875 1224 2053 1278 beavit

732 1320 901 1394 Quem
931 1321 1134 1378 Christi
1172 1319 1394 1377 uberior
1419 1336 1530 1390 pre
1561 1319 1778 1374 cunctis
1806 1315 1977 1385 gratia
2000 1312 2229 1369 sanctis.

3013 581 3334 648 Θεόδωρον.

2397 663 2576 734 Δῶρον
2605 665 2853 730 ἀειζὼοιο
2877 666 3031 730 Θεοῦ,
3065 669 3316 739 μεγάλοιο
3342 669 3592 731 ἄνακτος,

2403 759 2644 830 Ἰμερόεν
2677 759 3030 830 περίπυστον,
3057 760 3142 812 ἐπ’
3165 760 3400 831 εὐλαὸέῃ
3423 757 3644 827 βιότοιο,

2390 852 2607 920 Οὓνομα
2643 851 2933 921 Θεόδωρος,
2970 852 3202 922 ποίμνης
3226 851 3524 922 ἡγεύμενος
3548 845 3677 918 ἦκα,

2386 942 2694 1011 Νωλεμὲως
2723 942 2936 1011 νυχίῃσι
2963 944 3110 1014 λιτῇς
3135 944 3208 995 ἴδε
3232 943 3446 1006 τάξεσιν
3475 941 3682 1001 ἄλλαις.

2396 1032 2746 1101 ’Υμνοπόλων
2775 1032 3085 1085 Θεότευκτον
3113 1034 3357 1102 ἀγήνορα
3393 1023 3568 1101 ὦρσεν
3604 1031 3811 1100 ἀοιδὴν,

2384 1123 2631 1175 Στουδιου
2655 1123 2720 1192 ἡν
2752 1123 3059 1190 κληῒζουσιν
3081 1121 3356 1194 ἀριπρεπέ
3386 1121 3400 1138 ⁸
3431 1121 3606 1174 δλόιον
3637 1118 3806 1183 οἷκον,

2405 1216 2540 1285 Ἱρὸν
2579 1216 2843 1266 Ἰωάννοιο
2873 1213 3103 1284 Χριστοῦ
3133 1215 3457 1284 προδρόμοιο
3481 1217 3684 1282 σοφοῖο,

2396 1305 2495 1357 ’ον
2526 1320 2618 1355 κεν
2645 1302 2733 1356 ἐπ’
2763 1302 2969 1366 ἐσθλοῖς
2993 1311 3032 1340 ιι
3063 1301 3264 1371 πλῆσεν
3289 1302 3546 1374 autem;
3574 1302 3870 1375 χαρίτεσσι.

1991 1444 2226 1502 VABIE
2269 1441 2670 1500 LECTIONES.

800 1583 838 1605 "
874 1573 990 1628 ἔσθ)
1003 1576 1129 1628 οἶσι.

738 1714 3928 1748 __—__—_—_——_—-——I——'——-—_—_——_——-

1466 1841 1878 1930 SANCTI
1937 1830 2559 1925 THEODORI
2643 1830 3201 1920 STUDITIE

1977 2078 2244 2142 SERMO
2296 2072 2549 2135 vam
2578 2070 2687 2150 (ι).

724 2282 976 2324 υοιιιιιιω
1010 2280 1059 2319 Π
1091 2275 1301 2319 Jlmﬂll.
1331 2272 1395 2312 βε
1416 2268 1635 2310 ANIIOSB
1666 2265 1859 2306 SANCTA
1885 2260 2217 2302 TIARSEUNDA
2244 2257 2656 2307 QUADRAGESIIA,
2693 2257 2760 2296 ετ
2788 2256 2838 2294 IN
2877 2253 3343 2297 ειειειτλτιοιεειι
3389 2259 3587 2299 εΑιεΑι
3612 2261 3948 2311 θερσιπεκ,

793 2499 1010 2555 Fratres
1041 2493 1337 2559 Patresque
1357 2527 1375 2552 ,
1414 2486 1585 2541 sancti
1638 2482 1870 2551 Spiritus
1918 2492 2014 2529 nos
2041 2470 2283 2540 benigni-
2314 2470 2360 2527 B
2388 2483 2490 2536 que
2513 2470 2822 2537 angelorum
2852 2487 3162 2538 consessus,
3197 2489 3261 2529 ac
3289 2484 3598 2530 sanctorum
3631 2477 3948 2546 respublica

723 2602 808 2648 tas
834 2590 898 2643 ad
933 2587 1249 2641 hodiernum
1273 2582 1415 2634 diem
1444 2579 1703 2638 valentes,
1736 2588 1832 2626 nec
1856 2568 2040 2637 paucis
2063 2563 2284 2634 praecla-

724 2685 800 2739 ris
826 2681 987 2736 editis
1011 2675 1346 2731 facinoribus
1366 2669 1609 2728 deduxit,
1636 2665 1726 2733 qui
1761 2674 1812 2716 et
1842 2660 2069 2718 labetur,
2098 2654 2282 2716 credo,

724 2789 888 2843 atque
944 2773 1008 2825 ad
1044 2769 1308 2822 viviticam
1353 2779 1415 2816 ac
1445 2763 1776 2832 praelustrem
1811 2749 2280 2807 Besurrectionent

726 2839 934 2920 mactos
980 2858 1355 2930 pulcherrimis
1402 2854 1674 2923 profectus
1719 2847 1888 2901 nostri
1931 2839 2282 2896 incrementis

725 2957 1003 3026 provebet.
1036 2951 1169 3004 Nam
1204 2947 1444 3016 repetite,
1479 2943 1935 3004 sultis,anteact2e
1971 2931 2281 2987 memoriam

726 3022 869 3110 vitae,
897 3055 950 3099 et
980 3040 1263 3096 intuemini
1298 3048 1519 3098 statum,
1548 3033 1639 3102 qui
1671 3029 1833 3084 fuerit
1860 3022 2186 3091 aliquando,
2221 3035 2284 3073 ac

723 3151 833 3207 quo
864 3149 1005 3186 nunc
1031 3129 1260 3184 evaserit
1285 3145 1297 3180 :
1319 3125 1534 3178 animus
1559 3121 1701 3176 enim
1728 3127 1878 3188 parta
1911 3113 2097 3167 salutis
2121 3110 2282 3164 semel

725 3205 1032 3288 occasione,
1061 3223 1198 3276 clam
1231 3234 1397 3288 ocyus
1428 3223 1728 3285 grassatus,
1758 3207 1991 3275 fastigiis
2022 3205 2281 3256 virtutum

725 3317 1018 3387 superatis,
1043 3313 1237 3366 caelum
1265 3315 1513 3378 peragrat
1544 3301 1812 3357 sublimis.
1859 3298 1936 3351 lta
1971 3312 2068 3349 nos
2094 3335 2109 3356 ,
2153 3292 2282 3354 ﬁlii,

725 3411 791 3464 ad
828 3408 1035 3475 frugem
1071 3402 1295 3463 reversi,
1327 3396 1554 3452 remot‘is
1598 3405 1650 3447 et
1709 3390 2104 3460 impedimentis
2137 3398 2287 3438 amo—

728 3501 818 3564 tis,
848 3503 1073 3569 gradum
1103 3494 1332 3547 fecimus
1357 3531 1371 3553 ,
1406 3499 1549 3542 recto
1582 3487 1773 3540 itinere
1809 3481 2054 3550 proiecti,
2087 3478 2286 3546 aliique

727 3566 918 3646 sumus
949 3604 1012 3642 ex
1046 3586 1188 3650 aliis,
1225 3580 1541 3635 modestiam
1571 3575 1836 3636 complexi
1865 3612 1880 3635 ,
1911 3587 1975 3624 ac
2003 3566 2285 3638 praeceptis

727 3683 870 3738 serio
898 3679 1185 3739 obeundis,
1214 3689 1556 3744 nequaquam
1589 3673 1688 3723 rite
1723 3668 2006 3721 amisimus
2038 3659 2282 3729 qna-sita.

727 3773 991 3841 Equidem
1026 3768 1140 3835 cepi
1171 3766 1424 3832 gaudium
1453 3801 1467 3824 ,
1495 3772 1547 3814 et
1574 3761 1758 3813 animo
1787 3754 2091 3821 triumpho,
2138 3759 2285 3819 post-

725 3880 887 3934 quam
923 3862 1166 3915 divinum
1214 3865 1452 3910 vestrum
1489 3854 1715 3905 increvit
1754 3863 1892 3915 opus
1933 3845 2280 3910 studiumque

726 3973 965 4018 sacrum,
1001 3954 1143 4024 quod
1173 3951 1394 4020 urgetis,
1427 3947 1707 4017 perspicue
1739 3943 2005 4011 potiorum
2037 3947 2151 4001 est,
2179 3937 2278 3991 etsi

2383 2571 2648 2622 cernunt,
2688 2571 2742 2614 et
2777 2564 3056 2632 explorant
3097 2567 3336 2620 assidue.
3386 2565 3452 2620 Ut
3477 2568 3589 2635 jam
3623 2583 3789 2638 porro
3815 2585 3948 2623 cur-

2383 2654 2610 2703 sandutn
2652 2653 2794 2705 serio
2826 2654 2924 2714 sit,
2958 2653 3185 2716 fratres,
3220 2656 3423 2726 ingenti
3472 2659 3575 2712 hoc
3621 2661 3720 2713 tiae
3744 2659 3949 2714 decur—

2383 2746 2550 2798 rendo
2577 2745 2762 2798 diaulo
2785 2787 2800 2808 ,
2831 2763 2950 2815 qua:
2995 2747 3046 2799 in
3079 2747 3274 2801 caelum
3311 2747 3452 2802 ferat
3480 2766 3508 2801 e
3544 2759 3718 2815 terra,
3749 2751 3946 2806 devin-

2382 2838 2584 2890 cendus
2637 2839 2887 2892 inimicus
2933 2854 2995 2892 ac
3053 2840 3396 2904 multandus,
3449 2843 3610 2895 simul
3683 2845 3949 2912 congredi

2386 2937 2588 2991 tentat,
2643 2928 2904 2996 l0ngeqne
2954 2930 3296 2986 animositate
3331 2932 3560 3000 quadarn
3602 2933 3781 2985 excita
3825 2933 3946 2986 abi-

2386 3020 2606 3087 gcndns.
2633 3019 2848 3074 Scilicet
2880 3022 3096 3075 timidus
3125 3033 3227 3087 est,
3268 3023 3545 3091 rejiculus,
3577 3021 3846 3089 imbellis;
3881 3041 3948 3080 ea

2387 3126 2602 3181 propter
2644 3113 2734 3166 Dei
2779 3129 3068 3182 germanus
3113 3115 3314 3168 clamat
3357 3114 3590 3168 Jacobus
3631 3133 3644 3144 ·
3697 3115 3950 3169 Resistite

2384 3205 2594 3257 diabolo
2620 3246 2634 3267 ,
2682 3217 2729 3258 et
2763 3206 2926 3274 fugiet
2969 3224 3000 3257 α
3041 3209 3216 3268 vobis;
3251 3211 3664 3275 appropinquare
3706 3206 3851 3268 Deo.
3895 3219 3949 3261 et

2387 3297 2824 3366 appropinquabit
2880 3298 3019 3349 vobis
3051 3301 3092 3349 '.
3144 3296 3330 3367 Neque
3377 3313 3504 3350 vero
3557 3298 3608 3350 in
3673 3300 3947 3366 posticum

2387 3387 2624 3441 ferantur
2658 3403 2926 3455 prorsum,
2955 3389 3098 3457 quod
3129 3404 3464 3457 nequaquam
3490 3390 3693 3443 acriter
3716 3406 3951 3444 curren-

2385 3490 2499 3533 tum
2534 3484 2604 3533 sit
2633 3481 2867 3550 insigne,
2894 3496 2996 3534 neu
3031 3490 3370 3549 tepescamus
3401 3492 3687 3550 postquam
3720 3482 3772 3534 id
3802 3481 3951 3534 indi-

2386 3571 2530 3625 cium
2573 3587 2677 3624 non
2709 3580 2793 3626 est
2823 3574 3038 3625 vincere
3070 3575 3334 3626 nitentum
3359 3613 3374 3637 ,
3411 3573 3539 3642 quin
3577 3573 3821 3626 nuditunt
3875 3576 3951 3627 ab

2391 3665 2547 3718 rebus
2579 3674 2688 3716 tutn
2723 3663 2789 3716 ab
2819 3665 3115 3727 voluntate,
3145 3679 3472 3730 sursumque
3505 3663 3652 3716 velut
3686 3666 3738 3716 in
3770 3663 3946 3718 εωιω

2389 3755 2689 3816 intuentes,
2735 3771 2955 3810 cursum
2985 3756 3296 3825 exigamus,
3337 3755 3532 3808 dicturi
3585 3765 3639 3808 et
3680 3770 3776 3808 nos
3811 3770 3945 3808 cum

2386 3844 2552 3899 Paulo
2578 3864 2590 3898 :
2627 3845 2826 3898 Bonum
2850 3859 3107 3899 certamen
3135 3846 3345 3904 certari,
3369 3853 3580 3897 cursant
3601 3860 3944 3896 consumma-

2381 3939 2459 3999 ri,
2493 3938 2646 4004 ﬁdem
2679 3940 2901 3998 servavi,
2926 3939 2990 3988 de
3020 3937 3216 4005 reliquo
3251 3937 3476 4004 reposita
3495 3944 3570 3988 est
3596 3935 3722 3986 mihi
3742 3949 3943 3987 corona

727 4051 777 4103 id
807 4062 967 4100 omne
996 4061 1098 4097 non
1129 4043 1407 4102 currentis,
1433 4053 1590 4106 neque
1629 4035 1864 4098 volentis,
1895 4043 1953 4085 ut
1989 4030 2280 4099 apostolice
2373 4030 2594 4094 justitia:
2618 4028 2638 4058 ³
2667 4069 2680 4082 .
2723 4029 2865 4080 Sane
2894 4030 2985 4080 alii
3017 4028 3120 4080 alia
3150 4042 3209 4080 re
3237 4027 3484 4095 quapiam
3508 4065 3524 4088 ,
3551 4037 3603 4079 et
3637 4026 3818 4088 aliter,
3853 4028 3945 4079 iu-

725 4138 927 4197 dicant,
959 4135 1046 4188 sed
1078 4131 1374 4185 miserantis
1408 4137 1480 4182 est
1513 4126 1604 4179 Dei
1643 4125 1657 4155 ¹
1693 4162 1707 4185 ,
1744 4124 1834 4192 qui
1867 4131 1920 4174 et
1944 4122 2116 4174 victos
2145 4135 2279 4172 con-

725 4230 921 4289 tirntet,
952 4236 1004 4280 et
1033 4224 1278 4278 imbelles
1307 4221 1510 4273 viribus
1532 4217 1798 4284 acciugat.
1825 4213 2111 4266 Enimvero
2137 4209 2276 4263 haud

723 4318 961 4374 contenti
989 4317 1055 4370 iis
1083 4329 1203 4383 quae
1227 4313 1336 4378 jam
1370 4309 1740 4378 pepererintus
1763 4345 1778 4370 ,
1810 4306 1927 4370 lilii,
1959 4305 2114 4373 quasi
2140 4318 2276 4373 quo-

723 4411 847 4465 dam
874 4407 1095 4478 jnvenili
1124 4407 1305 4460 calore
1327 4403 1486 4454 altius
1516 4401 1751 4454 nitamur
1771 4437 1787 4460 ,
1821 4398 2124 4451 animorum
2159 4404 2278 4448 tan-

722 4513 885 4570 quam
929 4495 1121 4551 subole
1168 4495 1340 4547 instar
1393 4490 1588 4559 aquilae
1640 4487 1946 4542 renovanda
2005 4482 2276 4554 progressi

724 4609 956 4662 semper,
983 4590 1274 4658 mactique,
1298 4588 1388 4656 qui
1417 4584 1652 4644 virtutis.
1681 4592 1841 4652 atque
1870 4580 2052 4634 eximii
2089 4594 2277 4633 ascen-

723 4701 818 4742 sus
849 4682 1068 4736 modum
1099 4679 1424 4732 arbitrentur
1456 4676 1664 4729 nullum
1694 4713 1708 4736 ,
1752 4674 1879 4727 dum
1920 4688 2012 4741 per
2047 4681 2274 4725 mortem

723 4776 1017 4829 abierimus
1048 4787 1080 4826 θ
1108 4769 1450 4840 temporariis
1478 4768 1544 4820 ad
1573 4776 1792 4820 aeterna.
1836 4765 1975 4816 Sane
2008 4777 2131 4816 cunt
2171 4762 2277 4816 eri-

722 4884 844 4922 mus
871 4865 1007 4919 beati
1037 4906 1053 4930 ,
1097 4873 1209 4916 tum
1244 4862 1526 4915 beatorum
1564 4867 1763 4912 sortem
1797 4867 2106 4911 sanctorum
2136 4855 2276 4909 erci-

723 4973 961 5013 scemur.
991 4954 1109 5008 Jam
1140 4967 1261 5022 quae
1298 4952 1352 5004 in
1387 4953 1487 5004 bac
1516 4949 1763 5007 obeunda
1798 4947 1904 5000 vita
1938 4947 2110 5010 posita
2137 4947 2274 5007 laus,

721 5059 776 5105 et
804 5050 1001 5103 adorea
1031 5045 1153 5100 est?
1187 5045 1382 5114 gaudet
1408 5059 1503 5096 vos
1532 5052 1796 5095 contuens
1825 5040 2028 5092 arbiter
2053 5048 2276 5093 cuncto-

2381 4132 2496 4175 star
2529 4121 2659 4174 solis
2684 4160 2699 4184 ,
2741 4119 3020 4186 fulgebunt
3046 4127 3170 4170 ante
3205 4115 3368 4170 Deum
3392 4157 3407 4180 ,
3437 4131 3536 4168 nos
3567 4115 3808 4170 habitum
3845 4133 3944 4186 ge-

2381 4222 2561 4266 rentes
2604 4211 2958 4277 apostolicum
2991 4210 3135 4260 circa
3169 4207 3533 4275 apostolorum
3577 4209 3938 4261 contubernia

2378 4304 2787 4372 deprendemur,
2808 4300 2923 4362 ﬁlii,
2942 4297 3393 4368 quemadmodum
3410 4299 3681 4360 existimo,
3701 4308 3760 4352 ut
3774 4313 3942 4351 ovatio

2377 4395 2504 4448 dum
2550 4393 2623 4448 sit
2672 4408 2736 4446 ac
2771 4392 3095 4453 limandum,
3139 4401 3192 4443 et
3245 4389 3443 4443 animis
3483 4389 3680 4458 oppido
3733 4390 3937 4441 trium-

2377 4487 2668 4555 pltandum.
2709 4486 2786 4538 Ac
2833 4485 3047 4537 beatam
3093 4497 3210 4536 eam
3247 4492 3479 4536 mentem
3506 4521 3522 4543 ,
3569 4497 3732 4551 quam
3785 4482 3932 4536 baud

2377 4581 2596 4635 satietas
2632 4577 2810 4647 capiat
2835 4575 3000 4628 divini
3039 4573 3200 4627 studii
3247 4582 3302 4626 et
3332 4572 3633 4626 futurorum
3671 4573 3932 4628 desiderii

2376 4685 2438 4724 ac
2472 4668 2817 4738 praesentium
2851 4665 3081 4734 repudii.
3133 4663 3238 4719 Vos
3269 4664 3545 4718 enimvero
3577 4681 3700 4718 cum
3734 4667 3802 4718 iis
3835 4667 3934 4719 bo-

2378 4763 2462 4816 nis
2493 4759 2747 4814 fruemini
2771 4799 2786 4822 ,
2820 4768 2931 4811 tum
2965 4772 3207 4810 meorum
3240 4756 3397 4811 nauci
3429 4757 3712 4810 verborum
3745 4773 3933 4811 recer-

2377 4853 2616 4915 damini,
2657 4865 2815 4917 quam
2861 4862 2955 4900 vos
3006 4848 3305 4899 adamarim
3335 4884 3351 4908 ,
3398 4860 3562 4915 quam
3611 4861 3641 4897 a
3683 4846 3840 4900 vobis
3879 4848 3932 4900 iu

2375 4945 2604 4999 Domino
2651 4943 3019 5012 adjumentnnt
3061 4941 3394 5011 quasiet-itu,
3445 4957 3606 5011 quam
3659 4957 3755 4996 vos
3802 4942 3934 4995 divi-

2379 5054 2444 5090 na
2493 5036 2663 5106 gloria
2719 5038 3005 5102 sategerim
3064 5043 3316 5102 praestare
3375 5047 3471 5100 per
3527 5031 3806 5086 Christum
3842 5031 3932 5087 Je—

723 5161 865 5209 rum,
901 5144 1112 5210 laetique
1150 5140 1319 5194 sancti
1360 5154 1422 5192 ac
1474 5137 1875 5208 gratulabundi,
1912 5136 2189 5204 plaudunt,
2220 5143 2274 5188 et
2305 5132 2350 5186 ι)
2379 5147 2494 5183 sunt
2547 5128 2836 5182 Dominum
2891 5135 3168 5187 nostrum,
3223 5125 3308 5179 cui
3349 5125 3468 5179 laus
3521 5140 3584 5178 ac
3649 5127 3932 5194 imperium

723 5237 938 5292 caelitus
983 5243 1267 5286 coronant.
1314 5231 1522 5297 Quippe
1567 5240 1623 5280 ttt
1672 5230 1722 5280 in
1778 5229 1952 5280 stadio
1993 5237 2273 5281 currentes

723 5326 995 5396 corporeis
1015 5335 1322 5392 spectamus
1342 5321 1548 5383 oculis,
1585 5321 1663 5373 sic
1695 5329 1876 5374 nostra
1909 5318 2066 5381 Deus,
2098 5326 2272 5373 totus-

794 5510 812 5542 ¹
849 5511 1004 5566 Rom.
1048 5528 1127 5574 Ix,
1167 5509 1252 5574 16,
1327 5514 1347 5542 '
1383 5508 1498 5563 Jac.
1537 5522 1613 5569 tv,
1656 5506 1707 5559 7.
1785 5507 1804 5536 '
1845 5505 1885 5558 ll
1914 5506 2056 5558 Tim.
2094 5521 2178 5569 tv,
2221 5510 2272 5560 7.

2381 5239 2520 5277 nunc
2596 5233 2648 5276 et
2701 5235 2914 5289 semper
2988 5220 3039 5271 in
3122 5233 3448 5287 omnemque
3502 5219 3930 5288 perpetuitatem.

2381 5321 2572 5367 Amen.

2216 5658 2445 5714 NOTAE.

793 5826 868 5890 ιι)
908 5824 1061 5878 Circa
1137 5825 1273 5876 hanc
1339 5821 1404 5874 68
1454 5821 1730 5874 hontiliam
1785 5822 1903 5873 vide
1958 5821 2086 5886 quid
2135 5816 2276 5870 dicat
2315 5815 2611 5871 Lat-nitens
2646 5816 2694 5867 in
2735 5814 3082 5884 praefatione,
3123 5827 3281 5881 supra
3323 5812 3425 5868 col.
3458 5809 3582 5866 501.
