4188 6466
211 405 360 474 1813

1543 409 1588 464 Τ
1596 406 2128 467 ESTAMENTUM.

3324 399 3465 471 1314

214 545 3435 583 Μ

935 720 1348 812 SANCTI
1430 721 1592 809 ΤΗ
1615 717 2069 812 EODORI
2148 719 2751 809 STUDITAE.

1211 935 2459 1066 TESTAMENTUM.

1323 1173 1615 1243 (Editionis
1665 1172 2070 1228 Sirmondianze
2105 1187 2230 1243 pag.
2259 1173 2350 1230 6'5.

207 1493 325 1549 Τοῦ
360 1492 534 1546 ὁσίου
564 1489 662 1543 καὶ
715 1489 1014 1557 Θεοφόρου
1061 1483 1290 1557 Πατρός
1331 1481 1623 1557 ἠμῷνηκαὶ
1650 1484 1781 1557 ῥμο-

1889 1481 2172 1557 Sanctiaf
2199 1482 2399 1557 Deiferi
2441 1487 2607 1552 patris
2649 1487 2815 1557 nosth
2862 1492 2911 1540 et
2946 1488 3260 1556 confessoris
3303 1489 3464 1544 Thro-

275 1562 536 1630 λοτητοῦ
571 1552 914 1630 Θεοδώροὶξί
940 1556 1276 1630 ἡγουμένου
1328 1553 1436 1606 τοῦ
1477 1552 1774 1630 ,Στρυδὶου

281 1623 564 1699 Διαθῆκη.
587 1623 1079 1697 Ἀγαγίινώσκεται
1107 1625 1173 1678 δὲ
1204 1625 1352 1690 αὕτη
1384 1623 1494 1691 πρὸ
1523 1623 1632 1691 τῆς
1663 1639 1782 1675 κοι-

271 1703 518 1772 μήσεως
549 1700 758 1755 αὑτοῦ.

291 1835 534 1889 Ἀκούων
566 1832 661 1885 τοῦ
688 1831 835 1884 θείου
864 1828 1028 1882 Δασὶδ
1048 1826 1320 1895 λέγοντος,
1357 1824 1777 1893 Ἡτοιμάσθην,

199 1930 307 1982 καί
350 1930 461 1980 οὐκ
493 1923 827 1992 ἐταράχθην
852 1939 866 1952 ο
899 1921 993 1974 καὶ
1011 1920 1172 1973 πάλιν
1199 1919 1519 1987 φάσκοντος.
1549 1916 1778 1983 Ἑτοίμη

201 2023 245 2089 ἠ
288 2019 498 2088 καρδία
525 2036 644 2087 μου
664 2033 678 2048 ο
712 2015 1010 2084 ἐπειδήπερ
1031 2014 1112 2077 εἰς
1141 2011 1340 2082 συνεχῆ
1363 2009 1646 2063 ἀσθένειαν
1679 2009 1780 2079 τὴν

198 2113 302 2168 τοῦ
333 2114 592 2182 δυστήνου
631 2108 884 2179 σώματος
911 2103 1310 2175 ἐμπεπτωκὼς,
1347 2102 1445 2173 οὐχ
1473 2096 1583 2165 οἷός
1615 2101 1672 2154 τέ
1702 2105 1780 2153 εἰ·-

204 2226 271 2277 μι
303 2206 508 2266 πάντας
533 2204 697 2272 ὑμᾶς,
731 2201 894 2253 τέκνα
934 2217 1034 2262 μου
1075 2197 1169 2251 καὶ
1217 2195 1435 2264 ἀδελφοὶ
1481 2196 1571 2248 καὶ
1611 2193 1782 2247 Πατέ-

205 2317 328 2370 ρες,
354 2297 493 2351 κατὰ
524 2295 819 2367 πρόσωπόν
870 2310 971 2363 μου
1013 2292 1241 2360 ἀγαγεῖν
1271 2292 1328 2342 ὲν
1366 2288 1541 2358 καιρῷ
1575 2287 1778 2354 ἐξόδου,

199 2390 296 2444 διὰ
327 2389 387 2442 τὸ
425 2390 482 2440 ἐν
513 2385 791 2455 διαφόροις
817 2384 1002 2446 τόποις
1057 2380 1385 2434 καθεστάναι
1414 2381 1481 2431 τὰ
1507 2378 1782 2447 μοναστή-

206 2499 328 2552 ρια,
360 2480 534 2542 ἁλὶως
566 2494 625 2529 τε
665 2477 759 2528 καὶ
793 2475 882 2527 διὰ
915 2473 975 2526 τὸ
1001 2471 1335 2542 ἀποδημίαις
1366 2469 1671 2540 χρήσασθαί
1698 2487 1781 2521 τι-

203 2591 329 2637 νας,
368 2573 444 2636 ὡς
477 2571 576 2640 ήδη
611 2566 933 2640 ἐληλυθυίας
962 2565 1061 2636 τῆς
1117 2564 1267 2635 ὥρας
1323 2565 1420 2634 τῆς
1476 2563 1582 2616 ἀπὸ
1627 2561 1781 2614 τοῦδε

200 2664 304 2718 τοῦ
352 2662 466 2734 βίου
524 2658 909 2730 μεταστάσεως
972 2674 1097 2726 μου,
1148 2656 1445 2725 προφθάνω
1503 2652 1781 2706 διαθέσθαι

1971 1553 2090 1604 dori
2117 1551 2414 1606 Studiemis
2444 1551 2726 1632 praepositi
2774 1551 3288 1632 Testamentum“).
3313 1561 3466 1632 Legi-

1955 1633 2043 1675 tur
2074 1632 2250 1676 autem
2276 1632 2397 1676 ante
2433 1625 2805 1680 domuitionem
2827 1627 2965 1695 ejus.

1953 1830 1996 1882 Ι.
2027 1826 2336 1880 Davidicam
2359 1842 2545 1882 vocem
2574 1828 2802 1885 audiens
2821 1869 2836 1894 ,
2874 1829 3104 1887 Paratus
3126 1849 3263 1897 sum,
3291 1843 3462 1887 etnon

1882 1935 2000 1972 sum
2045 1919 2286 1972 turbatus
2313 1920 2368 1972 ‘z
2409 1929 2463 1974 et
2507 1921 2728 1984 iterum,
2783 1923 3046 1976 Paratum
3074 1941 3167 1978 cor
3226 1940 3399 1978 meum
3419 1925 3462 1978 '.

1883 2027 2005 2066 cum
2031 2013 2248 2068 assidua
2286 2014 2464 2068 miseri
2518 2014 2764 2085 corporis
2792 2016 3105 2070 inﬁrmitate
3129 2028 3341 2087 captus,
3359 2035 3464 2070 non

1881 2103 2084 2172 possim
2117 2119 2211 2158 vos
2240 2119 2450 2167 omnes,
2477 2104 2568 2158 filii
2600 2106 2726 2168 mei,
2752 2118 2804 2160 et
2830 2105 3047 2174 fratres,
3079 2115 3242 2178 atque
3285 2117 3467 2178 patres

1882 2195 1985 2248 sub
2002 2210 2259 2250 excessus
2281 2197 2384 2250 mei
2411 2206 2622 2267 tempus
2649 2199 2919 2253 adducere
2951 2216 2967 2263 ;
3011 2211 3293 2270 propterea
3319 2201 3464 2273 quod

1850 2289 2217 2343 'monasteria
2253 2289 2356 2343 ista
2390 2291 2442 2343 in
2478 2290 2711 2346 diversis
2746 2292 2883 2348 locis
2916 2293 3020 2346 sita
3055 2302 3204 2357 sunt,
3250 2301 3306 2347 et
3339 2294 3466 2363 qui-

1882 2380 2005 2433 dam
2040 2389 2300 2455 praaterea
2330 2396 2557 2450 peregre
2591 2383 2823 2452 profecti
2852 2402 2866 2439 :
2899 2384 3048 2439 velut
3071 2384 3313 2439 instante
3348 2384 3462 2454 jam

1883 2473 2226 2542 migrationis
2256 2488 2322 2527 ex
2358 2473 2460 2528 hac
2493 2474 2601 2527 vita
2631 2491 2764 2530 mea:
2784 2477 3038 2545 articulo,
3071 2485 3465 2533 testamentum

1885 2565 1990 2619 hoc
2017 2565 2174 2620 vobis
2209 2566 2364 2636 prius
2398 2567 2632 2621 condere
2679 2567 2894 2623 institui
2926 2586 2941 2635 ;
2996 2584 3111 2624 rem
3164 2585 3464 2641 congruam

1891 2670 2054 2728 atque
2085 2661 2272 2716 utilem
2299 2674 2389 2712 me
2441 2658 2716 2713 facturum
2783 2659 3081 2715 arbitratus
3116 2679 3132 2728 ;
3171 2671 3230 2715 ut
3262 2676 3465 2732 cogno-

202 2760 339 2828 ὑμῖν
371 2754 574 2823 ταύτην
614 2753 712 2822 τὴν
770 2750 1068 2821 διαθήκην·
1099 2747 1357 2819 ἁρμόδιον
1401 2747 1496 2799 καὶ
1539 2743 1778 2812 ἀσφαλὲς

1892 2760 2047 2807 seant
2075 2752 2169 2821 qui
2220 2766 2529 2820 supremam
2559 2767 2731 2805 meam
2767 2767 2951 2806 vocem
2985 2753 3232 2818 audient,
3276 2769 3469 2824 quem-

201 2849 366 2904 τοῦτο
417 2841 969 2916 ἡγησάμενοςυπρὸς
1024 2840 1082 2892 τὸ
1127 2838 1473 2900 ἀκούσαντάς
1529 2854 1630 2906 μου
1682 2834 1782 2901 τῆς

199 2937 524 2999 τελευταίας
582 2931 770 3001 φωνῆς
816 2929 1193 2996 διεγνωκέναι,
1237 2929 1385 2988 ὅπως
1435 2943 1494 2976 τε
1545 2922 1784 2976 πιστεύω

202 3034 302 3087 καὶ
329 3029 535 3102 φρονῶ,
563 3029 658 3081 καὶ
685 3022 799 3078 οἷον
820 3024 1024 3095 ἀφίημι
1064 3022 1153 3075 τὸν
1189 3020 1641 3089 καθηγησόμενον
1666 3017 1784 3083 μετ’

205 3123 348 3194 ὲμέο
384 3123 470 3176 ἵνα
523 3117 774 3172 ἐντεῦθεν
825 3115 1145 3185 συμφωνίαν
1201 3113 1380 3180 ἄγοι-τε
1435 3112 1524 3163 καὶ
1565 3112 1784 3177 εἰρήνην

203 3218 306 3287 τὴν
340 3217 400 3268 ὲν
431 3210 649 3282 Χριστῷ
671 3228 684 3241 ο
713 3212 779 3280 ἣν
806 3211 886 3270 εἰς
934 3207 1198 3277 οὐρανοὺς
1230 3203 1436 3274 μέλλων
1464 3201 1781 3268 ἁναφοιτᾷν,

202 3309 400 3378 ἀφίησι
421 3307 532 3369 τοῖς
562 3305 737 3371 ἁγίοις
791 3300 955 3354 αὑτοῦ
991 3300 1259 3369 μαθηταῖς
1294 3297 1386 3348 καὶ
1413 3293 1723 3353 ἀποστόλοις
1757 3293 1785 3343 ὁ

204 3398 430 3469 Κύριος.

772 3481 911 3550 Περὶ
947 3480 1224 3542 πίστεως.

275 3577 528 3635 Πιστεύω
557 3573 847 3647 τοιγαροῦν
874 3577 951 3635 εἰς
979 3572 1199 3643 Πατέρα
1237 3570 1328 3622 καὶ
1352 3570 1478 3621 Υἱὸν
1512 3569 1604 3620 καὶ
1629 3569 1783 3634 ἅγιον

205 3673 454 3743 Πνεῦμα,
512 3671 611 3738 τὴν
666 3669 827 3736 ἁγίαν
876 3667 972 3718 καὶ
1030 3662 1318 3733 ὁμοούσιον
1390 3662 1484 3712 καὶ
1552 3659 1784 3729 ἀρχικήν

205 3765 437 3838 Τριάδα,
466 3761 650 3824 καθὼς
680 3759 1049 3830 βεδέιπτισμαι
1082 3757 1174 3808 καὶ
1200 3753 1534 3821 ἁναγεγέννη
1545 3770 1659 3820 μαι,
1690 3749 1782 3802 καὶ

203 3857 563 3925 τετελείωμαι
586 3871 600 3885 ο
628 3854 763 3905 Θεὸν
804 3853 896 3902 τὸν
949 3851 1166 3919 Πατέρα
1197 3845 1497 3914 ὁμολογῶν,
1530 3843 1661 3896 Θεὸν
1687 3842 1779 3895 τὸν

206 3951 358 4016 Υίὸν,
387 3949 520 4002 Θεὸν
557 3947 618 4000 τὸ
647 3944 870 4013 Πνεῦμα
894 3943 953 3994 τὸ
981 3943 1155 4010 ἅγιον,
1187 3940 1244 3992 ἓν
1290 3939 1359 3991 τὰ
1387 3937 1513 4008 τρία
1551 3939 1616 4006 τῇ
1646 3935 1783 3988 θειό-

204 4061 354 4115 τητι,
380 4041 457 4104 ὡς
483 4041 579 4093 καὶ
605 4038 841 4108 ἔμπαλιν
883 4035 1008 4104 τρία
1057 4034 1115 4086 τὸ
1144 4033 1202 4084 ἓν
1245 4035 1366 4094 ταῖς
1401 4032 1778 4082 ὑποστάσεσιν.

1890 2843 2179 2896 admodum
2243 2842 2461 2896 credam
2519 2851 2574 2895 et
2641 2843 2919 2911 sentiam;
2956 2852 3011 2898 et
3059 2844 3274 2913 qualem
3341 2853 3469 2915 post

1890 2949 1976 2987 me
2009 2933 2253 2987 futurum
2285 2934 2632 3002 praepositum
2680 2935 2984 3006 relinquam
3017 2954 3034 3001 ;
3085 2947 3197 2991 tum
3234 2946 3294 2991 ut
3335 2952 3468 2991 con-

1888 3025 2128 3080 cordiam
2168 3026 2311 3091 inde,
2343 3042 2641 3096 pacemque
2669 3027 2723 3081 in
2761 3027 2982 3083 Christo
3013 3030 3262 3094 servetis,
3300 3044 3465 3098 quam

1888 3131 2219 3172 ascensurus
2248 3118 2299 3170 in
2335 3118 2504 3174 caalos
2527 3117 2792 3174 Dominus
2817 3117 3323 3190 sanctisdiscipulis
3352 3119 3467 3174 suis

1887 3221 1938 3264 et
1970 3210 2234 3280 apostolis
2264 3210 2504 3281 reliquit.

2539 3476 2613 3531 De
2652 3477 2776 3543 ﬁde.

1962 3569 2023 3623 ll.
2051 3570 2230 3624 Credo
2260 3569 2428 3639 igitur
2461 3569 2514 3621 in
2566 3567 2808 3630 Patrem,
2848 3567 3046 3622 Filium
3094 3583 3157 3623 ac
3199 3567 3466 3638 Spiritum

1885 3670 2164 3726 sanctum,
2191 3670 2437 3713 sanetam
2461 3670 2515 3714 et
2545 3659 3072 3713 consubstantialem
3096 3669 3150 3713 et
3178 3662 3469 3730 sempiter~

1889 3769 2014 3807 nam
2047 3750 2406 3816 Trinitatem,
2443 3751 2584 3804 sicut
2630 3750 2939 3820 baptizatus
2970 3749 3071 3814 fui,
3095 3761 3465 3821 regeneratus.

1886 3858 1940 3899 et
1971 3852 2426 3899 consummatus:
2468 3842 2636 3896 Deum
2685 3841 2904 3896 Patrem
2951 3842 3243 3908 confitens,
3294 3842 3466 3898 Deum

1888 3936 2108 3999 Filium,
2143 3934 2315 3988 Deum
2355 3932 2618 4003 Spiritum
2670 3943 2946 3998 sanctum,
2987 3948 3158 3987 unum
3219 3934 3322 3988 tria
3349 3934 3468 3989 dei-

1887 4037 2018 4090 tate,
2050 4027 2192 4081 sicut
2221 4025 2339 4079 vice
2373 4040 2530 4080 versa
2557 4024 2659 4078 tria
2681 4038 2850 4078 unum
2883 4023 3283 4080 subsistentiis.
3312 4022 3470 4081 Unus

208 4129 306 4197 Εἷς
352 4133 460 4203 γὰρ
497 4129 628 4192 Θεὸς
660 4130 694 4199 ή
742 4126 933 4198 Τριὰς,
984 4123 1074 4177 διὰ
1129 4123 1188 4175 τὸ
1235 4118 1628 4190 ὁμοούσιονοεί
1689 4117 1781 4169 καὶ

1885 4118 2032 4173 enim
2066 4126 2151 4172 est
2182 4116 2326 4172 Deus
2357 4117 2619 4182 Trinitas,
2662 4125 2885 4186 propter
2922 4116 3468 4172 consubstantialita-

204 4226 467 4297 διῄρηται
502 4221 590 4274 διὰ
627 4223 688 4273 τὸ
721 4216 1180 4288 ὲτεροῦπὸστατον
1205 4253 1218 4266 .
1257 4207 1421 4274 Αὖθίς
1448 4227 1506 4262 τε
1535 4207 1779 4279 ὁμολογῶ

1884 4218 2010 4274 tem,
2034 4207 2161 4262 licet
2176 4207 2430 4261 distincta
2449 4207 2519 4261 sit
2538 4216 2763 4276 propter
2779 4205 3257 4262 subsistentiarum
3275 4207 3471 4263 distin-

207 4321 301 4372 τὸν
327 4319 424 4371 ἕνα
450 4315 550 4384 τῆς
584 4312 814 4384 mssa;
844 4310 936 4362 τὸν
965 4308 1168 4379 Κύριον
1209 4306 1365 4376 ήμῶν
1401 4303 1604 4374 Ἰησοῦν
1646 4304 1780 4373 Χρι-

210 4411 335 4463 στὸν
367 4408 455 4462 διὰ
483 4404 865 4477 φιλαθρωπίαν
897 4403 1130 4473 ἄμετρον
1157 4402 1213 4452 ἐν
1245 4398 1414 4469 σαρκὶ
1442 4396 1777 4467 ἐληλυθέναι,

208 4504 306 4555 ἐπὶ
334 4499 578 4570 σωτηρίᾳ
603 4497 698 4550 τοῦ
725 4496 845 4549 καθ’
880 4496 1027 4562 ἡμᾶς
1060 4494 1248 4561 γένους
1291 4491 1556 4560 δηλονότι,
1589 4491 1652 4541 ὲκ
1682 4489 1780 4556 τῆς

207 4593 373 4660 ἁγίας
393 4592 488 4644 κα)⁵
509 4587 853 4659 παναμὼμου
898 4587 1161 4640 Θεοτόκου
1201 4585 1301 4656 τὴν
1340 4583 1520 4654 σάρκα
1566 4581 1782 4652 ἀνειλη-

209 4684 372 4753 φέναι
401 4682 525 4752 δίχα
573 4681 782 4749 σπορᾶς
811 4675 1182 4748 ἀνθρωπίνης,
1208 4675 1301 4726 καὶ
1339 4675 1401 4726 ἐκ
1429 4672 1658 4744 γαστρὸς
1685 4672 1779 4725 ab-

207 4775 311 4844 τῆς
345 4775 484 4826 κατὰ
515 4772 576 4825 τὸ
601 4772 741 4824 θεῖον
776 4770 955 4836 λόγιον
1001 4767 1151 4837 νόμῳ
1196 4765 1409 4833 φύσεως
1444 4762 1780 4832 γεγεννημέ-

210 4883 301 4920 νον
321 4879 336 4894 ·
374 4862 592 4918 διπλοῦν
624 4879 681 4915 τε
712 4862 842 4914 ὄντα
871 4860 960 4912 τὸν
991 4858 1152 4911 αὑτὸν
1181 4857 1300 4910 ὅλον
1334 4857 1535 4908 τέλειον
1567 4857 1633 4923 τῇ
1663 4853 1780 4905 θεό⁹

209 4974 354 5026 τητι,
373 4955 506 5010 καθὸ
530 4955 632 5006 οὐκ
659 4953 957 5022 ἐτέτραπτο
980 4949 1127 5002 τοῦθ’
1145 4950 1280 5018 ὅπερ
1312 4944 1400 5018 ἦν.
1435 4947 1525 4999 καὶ
1550 4946 1668 4998 ὅλον
1696 4945 1784 4996 τέ-

207 5047 351 5101 λειον
379 5048 446 5115 τῇ
479 5044 882 5114 ἀνθρωπὰτητι,
922 5040 1057 5094 καθὸ
1095 5040 1195 5093 οὐκ
1226 5038 1502 5091 ἐλέλειπτο
1522 5055 1596 5100 τι,
1644 5035 1792 5088 τοῦθ’

209 5141 346 5208 ὅπερ
382 5135 736 5208 προσείληφε.
790 5134 896 5186 Τὸν
941 5133 1105 5186 αὑτὸν
1151 5131 1246 5182 ἕνα
1293 5129 1415 5182 καθ’
1455 5129 1773 5190 ὑπόστασιν,

210 5231 398 5302 ὥσπερ
420 5232 477 5282 ὲν
508 5229 601 5282 δύο
637 5227 834 5296 φύσεσι
870 5223 1290 5294 γνωριζόμενον,
1339 5221 1481 5274 οὕτω
1526 5217 1776 5289 θελήσεσί

210 5342 270 5377 τε
301 5325 396 5377 καὶ
422 5324 729 5394 ἐνεργείαις
760 5339 774 5353 ·
800 5322 858 5373 ὲν
885 5313 974 5382 αἷς
996 5318 1192 5390 ἔδρασε
1227 5315 1576 5386 καταλλήλως
1617 5314 1686 5368 τά
1713 5327 1773 5366 τε

213 5415 329 5468 θεῖα
360 5415 454 5469 καὶ
480 5415 550 5467 τὰ
573 5411 911 5482 ἀνθρώπινα.

284 5616 300 5647 ¹
324 5615 468 5672 Psal.
504 5629 696 5679 cxvm,
721 5615 808 5668 60.
888 5615 906 5644 ’
932 5613 1071 5667 Psal.
1097 5629 1205 5676 ινι,
1233 5610 1289 5665 8.

1887 4303 2152 4355 ctionem.
2185 4300 2464 4355 Conﬁteor
2488 4297 2683 4354 deinde
2709 4315 2878 4355 unum
2910 4315 2941 4354 e
2978 4297 3245 4354 Trinitate
3278 4299 3468 4355 Domi-

1891 4407 2022 4446 num
2057 4402 2306 4446 nostrum
2336 4389 2521 4445 Jesum
2540 4390 2821 4446 Christum
2848 4405 2945 4460 per
2977 4391 3302 4447 immensam
3335 4407 3466 4463 erga

1884 4484 2134 4539 homines
2167 4484 2489 4537 cbaritatem
2529 4498 2687 4537 suam
2717 4483 2771 4537 in
2809 4498 2974 4538 carne
3017 4488 3232 4540 venisse
3277 4483 3345 4538 ad
3372 4500 3464 4538 sa-

1882 4576 2050 4630 lutem
2082 4575 2301 4644 generis
2330 4575 2530 4640 nostri,
2565 4590 2633 4630 ex
2659 4588 2848 4630 sancta
2883 4585 2939 4630 et
2973 4575 3320 4630 immaculata
3344 4577 3467 4631 Dei-

1883 4683 2014 4738 para
2043 4667 2162 4722 sine
2191 4666 2433 4720 humano
2459 4666 2670 4721 semine
2691 4680 2911 4720 carnem
2941 4666 3266 4736 sumpsisse,
3299 4673 3466 4735 atque

1885 4773 1950 4812 ex
1979 4768 2135 4812 utero
2165 4758 2461 4811 secundum
2491 4756 2742 4810 divinum
2768 4757 3050 4811 oraculum
3095 4765 3306 4812 natura
3345 4757 3464 4826 lege

1887 4857 2074 4904 natum
2105 4864 2253 4912 esse,
2296 4848 2571 4918 duplicem
2605 4848 2787 4919 ipsum
2851 4848 3233 4914 exsistentem,
3288 4857 3465 4904 totum

1889 4942 2191 5012 perfectum
2221 4941 2444 5006 deitate,
2474 4952 2748 5010 quatenus
2772 4957 2883 4996 non
2921 4941 3275 4996 immutatum
3305 4948 3389 4996 est
3410 4941 3462 4996 id

1902 5032 2046 5103 quod
2076 5042 2234 5098 erat;
2276 5043 2330 5087 et
2379 5041 2553 5086 totum
2593 5030 2894 5101 perfectum
2935 5031 3294 5097 humanitate,
3329 5047 3466 5102 qua-

1888 5137 2044 5180 tenus
2079 5140 2190 5179 non
2228 5124 2438 5179 dimisit
2457 5124 2757 5194 quidquam
2787 5139 2852 5179 ex
2883 5138 2950 5179 eo
2976 5125 3122 5194 quod
3143 5123 3460 5194 assumpsit.

1886 5215 2153 5270 Eumdem
2199 5231 2371 5269 unum
2406 5214 2564 5285 juxta
2604 5215 2965 5286 hypostasim,
2994 5215 3136 5269 sicut
3165 5214 3220 5268 in
3249 5214 3465 5270 duabus

1884 5307 2098 5361 naturis
2131 5307 2436 5376 cognitum,
2465 5305 2547 5362 sic
2574 5307 2629 5361 in
2660 5306 2882 5362 totidem
2901 5306 3276 5361 voluntatibus
3299 5315 3469 5377 atque

1883 5399 2332 5470 operationibus;
2366 5414 2463 5470 per
2526 5414 2665 5470 quas
2720 5399 2904 5455 divina
2953 5408 3008 5456 et
3038 5397 3275 5454 humana
3332 5412 3463 5454 con-

1885 5500 2144 5563 gruenter
2166 5501 2420 5561 operatus
2460 5501 2564 5546 ρει.

1714 5764 1950 5821 ΝΟΤΑΕ.

294 5890 370 5962 (ί)
393 5889 515 5948 Haec
540 5888 820 5958 inscriptio
852 5886 1020 5944 indita
1050 5893 1132 5940 est
1168 5901 1197 5939 a
1237 5883 1485 5949 Studitis,
1519 5881 1655 5939 sicut
1679 5881 1885 5938 notavit
1920 5881 2186 5938 Baronius
2210 5880 2277 5936 ad
2307 5898 2396 5936 an.
2426 5879 2549 5950 826,
2585 5899 2642 5936 ιι.
2684 5882 2776 5938 50.
