4188 6498
718 427 848 488 1815

1894 422 1954 482 S.
1983 420 2372 482 THEODORI
2418 417 2760 479 STUD1T£

3807 404 3941 466 1815

780 534 859 589 Ad
901 533 1016 588 haec
1047 548 1265 586 omnem
1303 533 1570 588 hreretica:
1607 533 2012 588 communionis
2035 546 2274 585 errorem
2306 583 2307 587 η

2450 527 2591 596 Πρὸς
2615 526 2826 589 τούτοις
2861 520 3238 592 ἀποτρέπομαι
3288 519 3466 571 πᾶσαν
3517 515 3803 585 αίρετικῆς
3829 534 3943 568 κοι-

711 642 936 680 aversor
956 636 1009 680 et
1038 627 1341 688 abominor,
1366 642 1457 679 sex
1488 626 1658 679 sacris
1681 624 2034 678 (ecumeuicis
2056 623 2278 693 synodis

713 717 1022 778 inluerens;
1061 732 1267 770 necnon
1290 717 1363 770 illi
1396 733 1516 786 qua:
1547 718 1598 770 in
1618 715 1794 769 Nicaea
1832 717 2053 770 civitate
2083 717 2278 768 iterum

711 818 903 864 contra
946 809 1377 863 Christianorum
1452 819 1803 863 accusatores
1858 818 2043 862 coacta
2110 823 2283 875 nuper

715 900 842 964 fuit,
883 902 1120 956 adorans
1145 911 1199 955 et
1227 907 1558 970 amplectens
1607 901 1941 955 venerandas
1994 914 2286 968 sacrasque

717 995 980 1063 imagines
1005 994 1216 1047 Domini
1251 994 1418 1047 nostri
1447 993 1572 1050 Jesu
1605 993 1828 1056 Christi,
1865 993 2126 1062 Deiparze,
2157 1006 2287 1058 apo-

717 1086 1004 1150 stolorum,
1066 1087 1474 1155 prophetarum,
1547 1100 1867 1154 martyrum,
1928 1094 1980 1137 et
2043 1082 2285 1136 omnium

717 1187 1032 1232 sanctorum
1065 1189 1230 1247 atque
1253 1178 1548 1246 justorum.
1587 1175 1900 1242 Quinetiam
1925 1190 2109 1228 sacras
2155 1173 2289 1226 isto-

719 1284 840 1321 rum
881 1269 1298 1322 intercessiones
1335 1309 1349 1331 ,
1386 1284 1505 1337 qua:
1523 1269 1813 1338 propitium
1843 1267 2006 1318 Deum
2031 1267 2280 1326 reddunt,

717 1374 958 1427 exposco
989 1377 1002 1412 :
1031 1359 1412 1413 sanctissimas
1437 1359 1598 1412 etiam
1640 1356 1916 1426 reliquias,
1952 1366 2006 1409 ut
2045 1353 2136 1407 Dei
2173 1368 2293 1422 gra-

721 1453 792 1506 tia
822 1451 1073 1518 refertas,
1115 1467 1238 1506 cum
1276 1450 1380 1505 [ide
1412 1461 1466 1505 et
1501 1451 1696 1504 timore
1726 1448 1847 1503 colo
1880 1459 1933 1502 et
1974 1446 2289 1516 amplector.

796 1629 1022 1685 Omnem
1062 1645 1284 1700 quoque
1318 1630 1581 1684 divinitus
1628 1629 1944 1698 inspiratam
1993 1626 2209 1682 Veteris
2243 1635 2296 1679 et

721 1722 856 1778 Novi
890 1723 1222 1778 Testamenti
1254 1722 1588 1793 Scripturam
1643 1724 1845 1793 recipio
1876 1741 1889 1776 :
1941 1724 2297 1788 omniumque

721 1816 848 1870 item
882 1816 1191 1869 divinorum
1241 1816 1487 1876 Patrum,
1521 1816 1831 1876 doctorum.
1881 1826 1932 1870 et
1993 1817 2293 1870 monacho-

721 1925 842 1962 rum
879 1910 1018 1962 vitas
1049 1916 1101 1961 et.
1137 1909 1316 1962 divina
1351 1910 1551 1979 scripta
1581 1910 1678 1978 (ξ).
1732 1907 1845 1962 lloc
1890 1924 2020 1964 vero
2059 1910 2293 1963 dixerim

723 2014 942 2072 propter
964 2017 1226 2056 vesanum
1259 2003 1412 2056 illum
1450 2003 1820 2072 Pamphilum,
1848 2003 1941 2073 qui
1968 2018 2032 2059 ex
2073 2000 2296 2058 Oriente

724 2096 943 2164 prodiit,
975 2103 1028 2148 et
1061 2096 1160 2149 hos
1201 2105 1424 2152 sanctos
1452 2096 1712 2156 traduxit.
1753 2095 2019 2158 Marcum,
2055 2098 2296 2166 inquam,

727 2187 945 2251 Isaiam,
967 2187 1425 2258 Barsanuphinm,
1464 2187 1816 2250 Dorotheum,
1843 2197 1897 2242 et
1938 2186 2296 2258 Hesychium:

726 2296 833 2332 non
868 2279 1084 2348 quidem
1123 2279 1584 2349 Barsanuphium,
1647 2288 1702 2332 et
1760 2277 1977 2344 Isaiam,
2014 2287 2068 2331 el.
2130 2278 2300 2332 Doro-

727 2372 936 2431 theum,
977 2371 1096 2424 illos
1137 2371 1226 2437 qui
1259 2387 1382 2424 cum
1414 2370 1700 2439 Acephalis
1725 2371 1746 2402 ³
1784 2371 2095 2440 coacephali
2153 2373 2300 2440 pari-

727 2473 808 2518 ter
841 2463 1138 2519 fueruntet
1168 2465 1472 2519 Decacerati
1500 2464 1543 2528 ⁸,
1595 2464 1739 2534 quod
1794 2465 2093 2526 dicebatur,
2146 2466 2302 2533 quasi

727 2571 1030 2611 concornes
1061 2573 1076 2622 ;
1130 2558 1333 2626 quique
1373 2574 1399 2608 a
1437 2557 1596 2611 beato
1640 2556 1952 2626 Sophronio
2004 2560 2055 2610 in
2089 2557 2209 2626 ejus
2241 2557 2304 2609 li-

728 2643 871 2698 bello
898 2644 919 2675 '
970 2645 1312 2698 anathemate
1337 2646 1664 2700 damnantur
1697 2668 1708 2701 :
1753 2663 1874 2701 cum
1925 2648 2122 2701 diversi
2160 2648 2300 2702 haud

732 2737 898 2790 dubie
924 2736 1010 2790 isti
1060 2737 1262 2790 fuerint
1293 2753 1320 2790 a
1355 2738 1648 2807 praedictis,
1683 2754 1821 2804 quos
1848 2754 1948 2808 ego
1982 2754 2047 2792 ex
2083 2750 2302 2808 paterna

735 2828 1031 2883 traditione
1089 2829 1312 2896 recipio,
1374 2841 1496 2899 post
1546 2833 2024 2900 interrogationem
2094 2831 2303 2885 Tarasii

730 2921 1057 2991 patriarchae
1093 2922 1450 2984 sanctissimi,
1501 2923 1840 2990 aliorumque
1872 2922 1974 2976 ﬁde
2017 2923 2303 2993 dignorum

733 3013 1039 3078 hominum,
1097 3024 1208 3067 tum
1269 3014 1672 3078 indigenarum,
1731 3025 1843 3069 tum
1894 3016 2302 3070 Orientalium:

732 3121 857 3158 cum
889 3115 942 3158 et
1001 3105 1360 3176 Barsauuphii
1423 3107 1715 3175 imaginem
1760 3109 1812 3161 in
1875 3124 2034 3162 sacro
2094 3125 2306 3178 magnae

2381 622 2575 682 νωνίας
2605 620 2811 688 πλάνην
2830 633 2846 648 ·
2874 618 3137 685 ἑπόμενος
3161 615 3279 675 ταῖς
3310 610 3492 678 ἁγίαις
3513 610 3608 661 καί
3639 611 3947 676 οίκουμενι-

2383 715 2504 776 καῑς
2533 713 2592 778 ἓξ
2615 712 2852 768 συνόδοις
2874 726 2886 738 ·
2922 709 3000 762 ἔτι
3035 724 3092 760 τε
3132 707 3225 759 καὶ
3267 707 3365 774 τὴν
3395 706 3622 772 ἔναγχος
3662 702 3947 770 συναθροι-

2388 809 2604 861 σθείσαν
2635 809 2690 859 ὲν
2720 803 2923 873 Νικαία
2951 802 3012 854 τὸ
3039 800 3287 869 δεύτερον
3313 796 3456 850 κατά
3481 795 3591 848 τῶν
3623 795 3950 864 Χρισιιανο-

2388 900 2732 970 κατηγόρων,
2767 894 3086 965 προσκυνῶν
3133 893 3228 944 καὶ
3269 890 3664 959 ἀποδεχόμενος
3715 887 3818 949 τάς
3867 903 3951 938 σεο

2389 993 2528 1054 πτέις
2562 992 2652 1042 καὶ
2688 988 2836 1059 ἱερὰς
2867 985 3075 1047 εἰκόνας
3117 982 3211 1036 τοῦ
3257 998 3318 1033 τε
3349 980 3552 1048 Κυρίου
3580 976 3741 1046 ἡμῶν
3784 976 3955 1045 Ἰησοῦ

2390 1085 2433 1137 Χ
2443 1082 2644 1152 ριστοῦ,
2676 1083 2776 1148 τῆς
2803 1079 3088 1140 Θεοτόκου,
3113 1073 3446 1137 ἀποστόλων,
3468 1071 3788 1140 προφητῶν,
3821 1086 3960 1139 μαρ-

2389 1176 2591 1244 τύρων,
2623 1174 2717 1228 καὶ
2763 1174 2977 1226 πάντων
3023 1169 3131 1223 τῶν
3165 1167 3326 1220 ὁσίων
3359 1181 3418 1217 τε
3462 1165 3553 1216 καὶ
3597 1164 3852 1216 δικαίων.
3887 1162 3959 1214 Οὐ

2396 1270 2500 1338 μὴν
2528 1267 2660 1319 ἀλλά
2690 1265 2787 1319 καὶ
2813 1265 2912 1327 τὰς
2941 1262 3120 1316 αὐτῶν
3150 1260 3447 1331 άχράντους
3475 1255 3775 1328 πρεσϐείας
3812 1254 3960 1319 ἐξαι-

2392 1360 2485 1412 τοῦ
2495 1377 2589 1429 μαι
2617 1357 3071 1424 ίλεωποιουμένας
3091 1354 3151 1406 τὸ
3179 1353 3333 1405 Θετον
3353 1367 3368 1380 ·
3391 1348 3852 1422 προσπτύσσομαι
3879 1347 3962 1397 πί-

2396 1468 2512 1505 στει
2537 1467 2596 1503 τε
2652 1451 2746 1502 καὶ
2793 1447 2945 1518 φόϐῳ
2977 1448 3047 1498 τὰ
3078 1447 3320 1513 πανάγια
3367 1441 3548 1496 αὐτῶν
3602 1441 3861 1510 λείψανα,
3891 1437 3963 1499 ὡς

2396 1543 2621 1613 χάριτος
2654 1540 2804 1602 θείας
2830 1538 3095 1593 ἀνάπλεα.

2470 1635 2698 1703 Προσέτι
2727 1635 2823 1687 καὶ
2854 1634 3037 1685 πᾶσαν
3081 1630 3269 1683 Βίϐλον
3315 1628 3672 1682 θεόπνευστον
3725 1625 3966 1685 Παλαιᾶς

2396 1743 2456 1780 τε
2488 1726 2584 1778 καὶ
2625 1725 2833 1793 Καινῆς
2877 1723 3152 1791 Διαθήκης
3194 1721 3564 1790 ἀποδέχομαι·
3593 1719 3675 1770 ἔτι
3721 1718 3829 1786 μὴν
3876 1718 3966 1768 καὶ

2401 1818 2654 1871 ἁπάντων
2701 1815 2810 1868 τῶν
2862 1814 3163 1867 θεσπεσίων
3203 1813 3482 1882 Πατέρων,
3524 1809 3864 1863 διδασκάλων
3911 1823 3966 1858 τε

2401 1911 2492 1964 καὶ
2523 1909 2780 1979 ἀσκητῶν
2824 1907 2946 1970 τοὺς
2999 1907 3148 1977 βίους
3201 1906 3296 1957 καὶ
3331 1904 3397 1956 τά
3446 1903 3565 1956 θεῖα
3603 1900 3970 1970 συγγράμμα-

2398 2022 2486 2060 τα.
2527 2001 2699 2056 Τοῦτο
2729 2002 2785 2054 δὲ
2816 2001 2926 2071 έρῶ
2948 2001 3036 2054 διά
3060 1999 3150 2052 τὸν
3181 1997 3522 2069 φρενοϐλαϐῆ
3562 1994 3854 2065 Πάμφιλον
3882 1994 3968 2044 τὸν

2400 2095 2509 2148 ἀπὸ
2547 2092 2838 2162 Ἀνατολῆς
2863 2092 3217 2160 φοιτήσαντα,
3262 2089 3357 2143 καὶ
3404 2088 3588 2141 τούσδε
3630 2089 3760 2150 τοὺς
3793 2085 3970 2146 ὁσίους

2400 2187 2778 2245 διαϐάλλοντα.
2810 2185 2954 2252 λέγω
2986 2184 3050 2253 δὴ
3085 2183 3332 2250 Μάρκον,
3380 2181 3628 2240 Ἦσαῑαν,
3660 2176 3971 2249 Βαρσανού-

2403 2297 2546 2349 φιον,
2583 2277 2881 2350 Δωρόθεον,
2933 2276 3025 2330 καὶ
3062 2275 3336 2344 Ἠσύχιον.
3389 2275 3460 2326 Ού
3507 2273 3613 2342 μὴν
3663 2270 3961 2340 Βαρσανού

2405 2375 2665 2443 φιον,καὶ
2709 2371 2958 2430 Ἡσαΐαν,
3004 2369 3098 2423 καὶ
3139 2369 3438 2438 Δωρόθεον,
3487 2370 3611 2428 τοὺς
3664 2365 3777 2417 τῶν
3822 2366 3978 2416 ’Δκεο

2404 2469 2586 2538 φάλων
2638 2465 3062 2533 συνακεφάλους.
3091 2463 3185 2515 καὶ
3215 2461 3310 2514 τοῦ
3344 2460 3633 2529 λεγομένου
3668 2457 3966 2524 Δεκακερά-

2403 2579 2497 2614 του
2539 2558 3014 2630 συνομοκερώτους
3037 2573 3050 2586 ·
3082 2556 3176 2608 καὶ
3210 2556 3313 2608 ὑπὸ
3341 2554 3434 2606 τοῦ
3477 2555 3534 2605 ὲν
3561 2553 3736 2620 ἁγίοις
3761 2553 3967 2620 Σωφρτν

2406 2657 2517 2707 νίου
2554 2657 2611 2707 ὲν
2633 2653 2708 2722 τῷ
2742 2651 2970 2720 λιϐἐλλῳ
3004 2649 3167 2702 αὑτοῦ
3219 2646 3823 2716 ἀναθεματιζομένουςο
3865 2645 3982 2696 ire.

2408 2764 2516 2816 ρων
2539 2744 2782 2814 δηλονότι
2814 2743 2964 2810 παρά
2995 2740 3181 2792 τούσδε
3223 2739 3391 2791 ὄντων
3407 2738 3514 2790 τῶν
3538 2735 3984 2806 προειρημένων,

2406 2837 2500 2900 οὒς
2522 2836 2632 2905 ἐγὼ
2654 2835 3150 2906 πατροπαραδότως
3167 2831 3498 2901 ἀποδέχομαι
3522 2847 3534 2860 ·
3558 2831 3625 2882 δι’
3654 2831 3984 2899 ἑρωτήσεκ

2407 2930 2502 2984 τοῦ
2534 2930 2634 3000 ήδη
2663 2928 3188 3000 ἀρχιερατεύσαντος
3221 2925 3496 2994 Ταρασίου
3537 2922 3630 2976 τοῦ
3672 2923 3983 2989 ἀγιωτάτου

2411 3021 2777 3091 πατριάρχου,
2813 3021 3015 3090 ἑτέρων
3059 3035 3117 3069 τε
3158 3017 3485 3081 ἀξιοπίστων
3537 3016 3842 3085 ἀνθρώπων
3895 3015 3991 3066 αὖ·

2411 3112 2674 3180 τοχθόνων
2700 3128 2758 3164 τε
2789 3113 2882 3164 καὶ
2905 3108 3237 3164 ἀνατολικῶν
3267 3124 3278 3136 ·
3307 3107 3448 3160 κατὰ
3476 3107 3536 3158 τὸ
3559 3108 3653 3158 καὶ
3679 3107 3776 3176 τὴν
3800 3106 3991 3158 εἰκόνα

735 3195 993 3250 Ecclesiae
1048 3196 1338 3262 Vestiario,
1382 3215 1485 3249 una
1540 3215 1664 3252 cum
1715 3202 1977 3264 Antonio,
2025 3200 2306 3269 Ephraim,

2413 3203 2820 3273 Βαρσανουςρίου
2859 3202 2917 3253 έν
2948 3203 3012 3268 τῇ
3059 3199 3178 3270 θείᾳ
3211 3200 3397 3268 ένδυτῇ
3441 3199 3542 3267 τῆς
3575 3198 3819 3266 μεγάλης
3870 3199 3991 3250 Ἐκο

735 3287 969 3358 aliisque
1021 3290 1226 3343 sanctis
1267 3289 1523 3345 Patribus
1577 3301 1790 3346 exstare
1851 3303 2108 3347 constet:
2168 3295 2306 3347 etin

736 3397 927 3435 eorum
961 3382 1209 3436 doctrina
1239 3382 1447 3436 nullum
1484 3384 1782 3452 impietatis
1822 3386 2107 3453 vestigium
2142 3385 2312 3439 oﬂen-

735 3472 948 3528 derim:
989 3475 1083 3526 sed
1134 3485 1402 3537 econtra,
1453 3491 1708 3546 magnum
1763 3479 2062 3545 spiritualis
2117 3479 2312 3532 anima:

737 3565 1166 3632 compendium:
1215 3569 1393 3636 quoad
1435 3569 1697 3622 nimirum
1744 3585 1843 3639 per
1874 3570 2195 3641 synodicam
2231 3573 2316 3624 in-

737 3657 1089 3726 quisitionem
1122 3674 1277 3713 error
1313 3661 1586 3729 quispiam
1629 3661 1682 3714 in
1719 3663 1826 3716 illis
1855 3663 2310 3732 deprehendatur.

739 3745 875 3801 Nam
909 3747 952 3800 si
987 3746 1107 3801 illos
1153 3748 1303 3816 ipsos
1337 3765 1459 3803 esse
1510 3750 1758 3820 liquebit,
1813 3753 1906 3820 qui
1967 3754 2315 3808 anathemate

740 3843 910 3896 notati
943 3841 1186 3906 fuerunt,
1220 3853 1315 3896 aut
1349 3845 1415 3898 ab
1467 3845 1535 3899 iis
1577 3846 1779 3900 diversi
1819 3847 1948 3910 sint,
2007 3846 2198 3900 haeresi
2233 3855 2316 3898 ta-

740 3949 865 3988 men
900 3934 989 3987 illa
1021 3934 1250 3988 infectos
1281 3953 1296 4000 ;
1330 3935 1621 3991 anathema
1687 3937 1815 4000 illis,
1870 3947 1924 3991 et
1986 3936 2315 3998 catathema,

740 4035 797 4080 et
824 4027 1248 4094 pantanathema
1283 4042 1312 4080 a
1348 4026 1504 4082 Patre
1531 4037 1586 4083 et
1613 4027 1752 4083 Filio
1771 4038 1826 4083 et
1861 4028 2068 4098 Spiritu
2099 4039 2313 4083 sancto.

811 4115 1088 4172 Conﬁteor
1123 4119 1346 4187 insuper
1377 4122 1738 4176 monasticum
1788 4131 1992 4176 statum
2026 4121 2314 4176 sublimem

740 4223 884 4270 esse,
907 4219 962 4262 et
989 4209 1287 4273 excelsum,
1309 4220 1363 4265 et
1388 4213 1718 4281 angelicum,
1749 4214 1842 4282 qui
1864 4224 1917 4268 et
1950 4223 2168 4283 peccata
2198 4229 2318 4268 om-

743 4302 832 4355 nia
873 4312 1143 4372 expurget
1198 4304 1460 4358 absoluta:
1507 4307 1630 4360 vita:
1685 4305 2041 4376 perfectione,
2093 4317 2205 4361 tum
2239 4309 2320 4361 ni-

744 4394 944 4448 mirum
974 4395 1020 4448 si
1061 4411 1125 4448 ex
1179 4396 1352 4449 divini
1400 4400 1695 4468 magnique
1726 4399 1910 4454 Basilii
1955 4401 2317 4455 asceticorum

745 4485 954 4556 legibus
988 4487 1146 4556 plene
1187 4488 1439 4557 exigatur
1481 4501 1536 4544 et
1562 4507 1668 4545 non
1721 4492 2002 4546 dimidiata
2033 4508 2097 4546 ex
2137 4501 2318 4561 parte;

2415 3296 2643 3365 κλησίας
2664 3293 3173 3360 ἐνίστασθαιάγίοις
3215 3292 3514 3362 Πατράσιν,
3557 3291 3849 3358 Ἀντωνίῳ,
3899 3292 3991 3344 ἐι

2414 3387 2615 3458 φραῒμ,
2648 3388 2740 3440 καὶ
2769 3387 3009 3456 ἑτέροις·
3047 3387 3140 3437 καὶ
3178 3384 3253 3448 ὠς
3287 3386 3359 3453 μή
3395 3401 3448 3436 τι
3495 3385 3552 3436 έν
3578 3387 3696 3444 ταῖς
3733 3383 3993 3435 διδασκα-

2413 3479 2556 3543 λίαις
2603 3478 2781 3532 αὐτῶν
2823 3475 3074 3547 εὑρηκὼς
3127 3475 3419 3542 ἀσέϐημα·
3451 3473 3761 3525 τούναντίον
3805 3471 3864 3524 δὲ
3903 3474 3993 3524 καὶ

2414 3571 2617 3641 πολλὴν
2643 3571 2881 3641 ψυχικὴν
2914 3569 3278 3620 λυσιτέλειαν·
3311 3566 3504 3634 μέχρις
3534 3565 3599 3616 ἀν
3627 3565 3724 3616 καὶ
3746 3564 3840 3615 ἐπὶ
3864 3564 3990 3615 τού-

2415 3683 2521 3718 των
2547 3665 2634 3717 διὰ
2667 3662 2952 3731 συνοδικῆς
2997 3659 3376 3729 έπιζητήσεως
3425 3656 3772 3725 ἀποδειχθείη
3819 3674 3876 3708 τι
3907 3657 3993 3723 Ey-

2415 3758 2618 3826 κλημα.
2655 3757 2716 3809 Εἰ
2748 3756 2856 3826 γὰρ
2886 3755 3039 3808 αὐτοὶ
3065 3755 3263 3806 ἐκεῖνοι
3299 3753 3598 3820 φανείησαν
3626 3752 3676 3803 οί
3709 3750 3993 3818 ἀναθεμαο

2415 3849 2714 3920 τιζόμενοι,
2741 3849 2774 3919 ἢ
2807 3849 2985 3918 ἕτεροι
3014 3847 3142 3916 παρ’
3170 3846 3370 3907 αὐτοὺς
3415 3845 3625 3916 αἱρέσει
3657 3843 3993 3911 ὑποϐληθέν-

2414 3959 2526 4004 τες,
2558 3941 2806 4010 ἀνάθεμα
2835 3941 3038 4001 αὐτοῖς.
3066 3939 3158 3991 καὶ
3197 3937 3503 4004 κατάθεμα,
3531 3935 3625 3989 καὶ
3659 3937 3994 3988 παντανάθε-

2421 4050 2498 4102 μα
2525 4032 2636 4084 ἀπὸ
2660 4029 2872 4102 Πατρδς
2897 4031 2992 4082 καὶ
3026 4028 3154 4081 Υίοῦ
3186 4029 3280 4080 καὶ
3310 4027 3465 4093 ἁγίου
3505 4025 3851 4094 Πνεύματος.

2490 4119 2844 4190 Συνομολογῶ
2865 4119 2922 4173 δὲ
2959 4118 3094 4189 πρὸς
3122 4117 3331 4180 τούτοις
3356 4117 3523 4170 καὶτὸ
3553 4117 3841 4184 μοναδικὸν
3869 4119 3995 4185 σχῆο

2423 4232 2498 4284 μα
2519 4214 2722 4284 ὑψηλόν
2753 4229 2810 4265 τε
2842 4208 2981 4265 εἶναι
3029 4213 3122 4264 καὶ
3162 4211 3490 4280 ἐπηρμένον,
3539 4210 3633 4261 καὶ
3683 4209 3991 4274 ἀγγελικὸν,

2420 4308 2751 4376 καθαρτικόν
2780 4324 2838 4359 τε
2863 4307 3045 4376 πάσης
3075 4306 3349 4376 ἁμαρτίας
3376 4304 3464 4357 διὰ
3505 4304 3718 4366 τελείας
3772 4304 3992 4355 ἐπιϐιὼο

2424 4415 2592 4464 σεως·
2621 4400 2841 4469 εῦδηλον
2867 4399 3010 4453 κατὰ
3041 4399 3139 4469 τὴν
3162 4398 3486 4466 νομοθεσίαν
3532 4397 3642 4447 τῶν
3680 4395 3993 4462 ἀσκητικῶν

2423 4493 2519 4545 τοῦ
2548 4492 2692 4544 θείου
2724 4493 2814 4544 καὶ
2857 4490 3095 4560 μεγάλου
3139 4488 3418 4541 Βασιλείου
3461 4486 3874 4554 διεξαγὸμενον,
3911 4488 3991 4538 καὶ

747 4589 806 4633 ut
845 4580 1022 4634 solent
1055 4580 1303 4648 quidam,
1335 4581 1429 4648 qui
1489 4583 1668 4650 aliqua
1731 4584 2047 4645 desumunt,
2081 4559 2207 4639 alia.
2261 4593 2307 4637 ut

2424 4586 2523 4636 οὐκ
2551 4586 2611 4648 ἐξ
2635 4559 2927 4650 ἡμισείας·
2963 4581 3039 4643 ῶς
3065 4582 3139 4648 πή
3177 4596 3320 4642 τινες
3345 4579 3412 4631 τὰ
3442 4579 3539 4648 μὲν
3566 4577 3912 4647 αἱρούμενοι,
3933 4577 3991 4627 τά

747 4675 942 4744 placet,
985 4677 1243 4730 omittunt
1275 4693 1287 4728 :
1319 4675 1392 4728 ita
1443 4687 1500 4729 ut
1529 4687 1678 4729 extra
1731 4686 1843 4729 tres
1893 4677 2092 4744 gradus
2126 4676 2218 4743 qui
2266 4676 2318 4727 in

746 4767 928 4820 divina
960 4769 1105 4823 scala
1141 4769 1345 4823 osteusi
1399 4777 1546 4833 sunt,
1583 4770 1743 4822 vitam
1785 4769 1926 4822 hanc
1962 4768 2198 4834 legitime
2222 4768 2322 4819 du-

747 4875 871 4913 eere
899 4875 1005 4913 non
1030 4861 1190 4914 liceat
1217 4878 1230 4913 :
1257 4875 1361 4913 non
1388 4876 1606 4915 servum
1642 4861 1942 4930 possidere,
1971 4875 2078 4913 non
2107 4860 2323 4928 jumen—

751 4963 864 5005 ttnn
913 4968 1077 5006 sexus
1133 4952 1351 5006 feminei
1415 4967 1649 5021 quorum
1708 4961 2000 5018 utrumque
2047 4951 2116 5004 ab
2174 4947 2325 5004 iusti-

753 5050 872 5094 tuto
927 5042 1161 5095 alienum
1215 5053 1320 5105 est,
1360 5051 1413 5095 et
1467 5043 1663 5095 animae
1719 5042 2101 5110 periculusum.
2147 5043 2325 5109 Atque

756 5133 870 5187 hinc
894 5149 994 5202 ego
1029 5134 1234 5188 cursim
1275 5133 1462 5202 paucis
1492 5133 1992 5202 perstrinxi,neque
2013 5133 2156 5185 enim
2186 5142 2324 5184 tem-

757 5241 859 5293 pns
913 5226 1144 5293 patitur,
1179 5237 1235 5280 ut
1271 5227 1516 5294 pluribus
1550 5240 1816 5294 exp0nam
1840 5265 1854 5288 ,
1887 5241 1953 5278 ne
2009 5226 2134 5292 quis
2185 5223 2324 5280 forte

755 5318 887 5370 mihi
947 5334 1167 5386 pravam
1222 5318 1535 5386 opinionem
1588 5318 1891 5384 attribuat,
1929 5327 2118 5371 contra
2159 5333 2322 5386 quam

752 5417 900 5463 recte
927 5411 1102 5464 sentio
1125 5419 1179 5464 et
1201 5411 1390 5464 doceo.

825 5567 860 5604 ’-
881 5567 1007 5621 Sine
1050 5569 1250 5638 capite.

2423 4677 2478 4729 δὲ
2507 4675 2823 4742 ἐπαφιέντες
2846 4691 2858 4704 ·
2894 4673 3032 4726 ὥστε
3079 4672 3154 4742 μὴ
3193 4670 3334 4725 εἶναι
3391 4673 3520 4724 ἀνευ
3554 4671 3663 4722 τῶν
3689 4671 3747 4720 ἐν
3779 4674 3844 4738 τῇ
3879 4670 3986 4738 θείᾳ

2426 4768 2657 4838 κλίμακι
2697 4765 3168 4835 ἀποδεδειγμένων
3197 4764 3363 4834 τριῶν
3404 4765 3819 4829 καταστάσεων,
3848 4767 3986 4831 αἱρε-

2425 4863 2518 4913 τὸν
2551 4860 2724 4923 ἄλλως
2764 4877 2879 4921 πως
2929 4860 3176 4928 νομίμως
3241 4857 3526 4911 ἐπιϐιῶναι
3559 4873 3571 4884 ·
3606 4858 3670 4909 οὐ
3715 4858 3827 4927 μὴν
3882 4857 3987 4908 οὔτε

2429 4953 2612 5006 δοῦλον
2635 4949 3101 5022 κεκτῆσθαι,οὗτε
3136 4950 3331 5016 κτῆνος
3378 4948 3487 4999 τῶν
3537 4949 3600 5000 ἐκ
3651 4946 3746 4999 τοῦ
3803 4946 3989 5014 θήλεως

2431 5045 2645 5111 γένους,
2671 5042 2758 5094 διά
2782 5042 2844 5093 τὸ
2877 5038 3261 5094 ἀνοίκειον-τοῦ
3293 5038 3710 5105 ἐπαγγέλματος
3731 5053 3744 5065 ·
3777 5039 3988 5088 statim.

2431 5134 2677 5188 κίνδυνον
2711 5135 2830 5195 ταῖς
2859 5133 3076 5202 ψυχαῖς.
3105 5131 3217 5184 Καὶ
3247 5129 3419 5182 ταῦτα
3443 5128 3657 5198 διῆλθον
3694 5131 3755 5180 ὲν
3789 5129 3986 5198 ἐπιδρο-

2436 5231 2532 5298 μῇ·
2571 5228 2632 5280 οὺ
2665 5226 2772 5296 γὰρ
2803 5225 2990 5296 καιρὸς
3029 5227 3126 5293 τῆς
3156 5222 3264 5276 τῶν
3296 5221 3553 5273 τοιούτων
3597 5220 3950 5287 ἐξαπλώσεως
3971 5233 3983 5247 ’

2435 5317 2572 5370 ἀλλά
2593 5319 2681 5370 διά
2711 5319 2772 5370 τὸ
2795 5318 2868 5388 μή
2896 5333 3048 5378 τινας
3078 5317 3158 5372 εἰς
3191 5316 3291 5382 cpt
3322 5314 3419 5384 τὴν
3448 5315 3670 5384 χείρονα
3693 5314 3858 5378 δόξαν
3874 5315 3982 5364 ὐπο-

2435 5411 2763 5480 λαμϐάνειν,
2801 5409 2936 5479 παρ’
2966 5408 2995 5460 ὃ
3025 5407 3206 5478 φρονῶ
3233 5405 3403 5477 ὀρθῶς
3436 5409 3527 5460 καὶ
3557 5405 3795 5472 δοξάζω.

1334 5567 1356 5598 ⁸
1385 5567 1579 5623 Decem
1608 5584 1876 5622 cornuum
1900 5569 2124 5623 hzeresis
2149 5568 2442 5639 principes.
2522 5568 2542 5599 '
2579 5565 2634 5621 In
2665 5567 2901 5622 concilio
2923 5580 2995 5630 v1,
3027 5573 3130 5618 art.
3166 5565 3254 5631 ll,
3276 5580 3399 5636 pag.
3431 5563 3555 5619 990.

2269 5723 2501 5778 NOTAE.

828 5816 906 5885 (2)
944 5814 1041 5869 llic
1067 5813 1335 5868 Theodori
1371 5816 1522 5869 locus
1556 5816 1814 5870 recitatur
1854 5816 1905 5870 in
1940 5815 2261 5870 Praefatioue
2301 5817 2365 5871 ad
2410 5815 2691 5871 Doctrinas
2732 5813 2791 5873 Β.
2833 5816 3112 5879 Dorothei,
3155 5815 3487 5872 Bibliotheca?
3531 5815 3758 5872 Patrum
3801 5816 3979 5873 Greco-

757 5886 988 5951 Latt‘ua,
1020 5898 1149 5939 tum.
1185 5885 1222 5949 Ι,
1253 5904 1371 5958 pag.
1415 5887 1532 5942 744.
1572 5890 1621 5940 b.
