4188 6478
260 406 392 472 1817

645 509 782 577 napi
823 508 931 564 τοῦ
967 511 1434 580 καθηγουμένου.

332 598 550 652 Τούτων
580 601 677 670 μὲν
708 599 881 665 οὕτως
913 601 1164 672 ἑχόντων,
1194 602 1443 675 δεύτερόν
1470 604 1620 660 ἐστιν
1646 609 1821 662 εἰπεῖν

262 695 356 745 καὶ
386 692 513 761 περὶ
540 691 634 744 τοῦ
664 691 1097 763 καθηγουμένου.
1136 694 1364 765 ’Λφίημι
1393 696 1574 751 τοίνυν
1606 700 1821 770 πρῶτον

265 785 367 854 μὲν
397 784 486 836 τὸν
537 784 724 854 κύριον
751 785 843 837 καὶ
881 786 1092 856 Πατέρα
1135 803 1234 854 μου
1281 787 1374 841 κα)⁸
1410 788 1629 860 Πατέρα
1667 791 1820 862 ὑμῶν

261 877 352 927 τὸν
406 873 696 926 ὁσιώτατον
739 875 1106 943 Ἐγκλειστον,
1161 877 1255 932 καὶ
1283 878 1520 946 Πατέρα,
1567 882 1662 936 καὶ
1707 900 1819 952 φω-

263 964 458 1032 στῆρα,
493 964 588 1016 καὶ
618 963 955 1018 διδάσκαλον.
973 965 1142 1025 Αὐτὸς
1171 966 1349 1036 κάμοῦ
1376 969 1471 1021 καὶ
1502 969 1662 1038 ὑμῶν’
1685 988 1818 1040 προ-

262 1055 600 1123 καοέστηκεν
630 1058 686 1108 ὲν
736 1055 947 1126 Κυρίῳ,
991 1058 1085 1110 καὶ
1122 1058 1448 1112 καθίσταται
1495 1060 1727 1131 κεφαλὴ,
1770 1064 1819 1117 εί

261 1148 358 1198 καὶ
387 1145 726 1215 ύπεξήγαγεν
754 1148 1068 1210 ὲαυτὸν,διὰ
1085 1149 1526 1221 Χριστομίμητον
1547 1152 1820 1205 ταπείνω-

262 1253 349 1288 σιν
372 1235 540 1289 τελῶν
567 1238 624 1290 ὲν
661 1238 858 1308 ἠσυχίᾳ
879 1253 894 1268 ·
927 1233 988 1293 οῦ
1014 1242 1133 1302 ταῖς
1159 1240 1398 1309 ὀδηγίαις
1428 1258 1489 1295 τε
1525 1242 1620 1296 καὶ
1648 1260 1819 1312 προσ-

259 1330 445 1398 ευχαίς
490 1328 727 1380 πιστεύω
774 1328 917 1398 ὑμᾶς
970 1330 1531 1404 σωθήσεσθαιοεῐπερ
1583 1334 1678 1388 καὶ
1722 1332 1820 1404 τὴν

259 1417 485 1472 δέουσαν
515 1417 650 1488 πρὸς
680 1420 838 1473 αὑτὸν
862 1411 1261 1493 ἁντεισφέροιτε
1287 1423 1597 1478 εὐπείθειάν
1623 1442 1682 1478 τε
1724 1425 1820 1478 καὶ

261 1511 525 1579 ὑπακοήν.
564 1512 794 1566 Ἔπειτα
827 1513 887 1565 ὃν
925 1515 989 1567 ὲκ
1031 1511 1211 1567 κοινοῦ
1250 1513 1430 1584 ψήφου
1475 1515 1818 1586 θεοπρεπῶς,

261 1600 678 1672 προηγουμένης
717 1602 817 1670 τῆς
862 1602 1135 1674 πατρικῆς
1173 1603 1384 1674 βουλῆς,
1425 1606 1814 1676 προστήσεσθε.

273 1685 456 1759 Ἐφἰἶ›
503 1693 610 1764 γὰρ
647 1692 856 1747 εὐδοκεῖ
907 1697 1055 1749 πᾶσα
1100 1697 1133 1766 ἡ
1172 1696 1488 1768 ἀδελφότης,
1556 1698 1819 1769 ἑπόμενόν

240 1784 380 1836 ’ἐστι
407 1788 502 1837 καὶ
526 1785 584 1837 τὸ
622 1785 753 1854 ἐμὸν
782 1786 1012 1857 θέλημα.
1059 1788 1217 1841 Ἀλλά
1248 1789 1426 1858 δεῦρο,
1455 1785 1499 1843 ὦ
1518 1791 1698 1862 Πάτερ
1727 1792 1820 1844 καὶ

260 1875 479 1944 aesaes,
507 1877 653 1939 ὅστις
684 1877 750 1930 ἄν
778 1881 894 1947 εἴης
919 1894 936 1910 ο
970 1880 1076 1933 ἰδοὺ
1115 1881 1453 1952 παρατίθημί
1477 1899 1559 1936 σοι
1591 1883 1820 1936 ἐνώπιον

256 1966 352 2019 τοῦ
386 1967 520 2020 Θεοῦ
573 1969 667 2020 καὶ
717 1968 825 2020 τῶν
870 1970 1141 2024 ἐκλεκτῶν
1173 1972 1419 2040 ἀγγέλων
1449 1971 1615 2026 αὐτοῦ
1641 1976 1821 2027 πᾶσαν

256 2058 358 2124 τὴν
413 2059 482 2112 ἐν.
521 2059 740 2129 Χριστῷ
782 2059 1148 2130 ἁδελφότητα’
1181 2063 1329 2127 ὅπως
1381 2062 1548 2134 αὐτὴν
1591 2064 1818 2136 είσδέξῃ.

258 2148 387 2211 Πῶς
409 2148 464 2202 δὲ
502 2150 810 2222 προσλάϐῃς
835 2168 849 2217 ;
879 2152 1077 2222 ἡλίκως
1120 2154 1177 2208 δὲ
1215 2155 1541 2225 όδηγήσεις;
1569 2156 1822 2221 ποδαπῶς

257 2239 315 2291 δὲ
350 2239 738 2309 διαφυλάξειςς
777 2243 863 2306 Ὠς
916 2245 1084 2316 ἄρνας
1129 2246 1364 2315 Χριστοῦ
1390 2262 1408 2279 ο
1431 2246 1507 2310 ὡς
1555 2247 1690 2318 μέλη
1726 2263 1820 2301 σου

260 2328 491 2397 φίλτατα
517 2345 531 2358 ο
564 2330 783 2384 Θάλπων
837 2333 929 2385 καὶ
985 2335 1298 2404 περιέπων,
1333 2335 1428 2388 καὶ
1479 2336 1822 2408 ίμειρόμενος

259 2421 380 2483 ἑνὸς
409 2422 660 2490 ἑκάστου,
693 2425 830 2477 κατὰ
857 2425 918 2477 τὸ
948 2427 1063 2479 ῐσον
1091 2430 1186 2498 τῆς
1211 2429 1429 2498 ἀγάπης
1476 2429 1672 2500 μέτρον
1696 2445 1714 2462 ο
1740 2429 1822 2483 ὅτι

259 2513 518 2583 ὲπίσηςή
559 2516 756 2584 στοργὴ
797 2515 904 2568 τῶν
951 2517 1128 2588 μελῶν
1170 2518 1265 2572 τοῦ
1313 2522 1562 2588 σώματός
1589 2523 1735 2574 ἐστιν
1764 2523 1821 2572 ὲν

264 2605 476 2675 ἑκάστῳ
505 2606 792 2676 ἀνθρώπῳ.
839 2608 1115 2676 Διάνοιξόν
1171 2627 1254 2664 του
1317 2611 1383 2663 τὰ
1440 2612 1721 2683 σπλάγχνα
1764 2613 1822 2664 ὲν

265 2695 607 2766 συμπαθείᾳ
644 2699 928 2752 είσοίκισαι
957 2701 1081 2763 τοὺς
1113 2701 1317 2760 πάντας
1348 2702 1407 2754 ὲν
1442 2702 1777 2775 ἐλεημοσύνη
1802 2717 1819 2734 ⁶

264 2783 551 2852 τιθήνησαι
582 2785 779 2848 αύτούς
802 2803 816 2818 °
849 2787 1241 2857 ἁναμόρφωσον
1274 2789 1468 2852 αύτούς
1490 2807 1502 2820 ο
1535 2791 1821 2845 τελείωσον

266 2875 462 2937 αὐτοὺς
495 2876 552 2926 ὲν
586 2877 775 2945 Κυρίῳ
798 2915 812 2930 .
845 2877 1067 2941 Ὄξυνόν
1101 2895 1191 2930 σου
1219 2880 1319 2948 τὴν
1355 2879 1588 2932 διάνοιαν
1615 2881 1821 2951 φρονή-

265 2982 349 3017 σει
374 2982 388 2994 ·
429 2966 693 3034 διέγειρόν
725 2985 817 3019 σου
848 2969 907 3020 τὸ
926 2969 1202 3038 πρόθυμον
1228 2971 1284 3022 ὲν
1302 2971 1523 3041 ἀνδρείᾳ
1547 2984 1560 2999 °
1595 2971 1823 3039 στερέω-

267 3057 358 3109 σόν
396 3074 488 3110 σου
541 3059 638 3127 τὴν
687 3060 913 3129 καρδίαν
949 3062 1006 3112 ἐν
1045 3060 1224 3113 πίστει
1265 3063 1358 3114 καὶ
1386 3061 1589 3114 ἐλπίδι·
1622 3061 1817 3133 προπό-

1575 407 2156 472 TESTAMENTUM.

1843 521 1890 572 Δ

3324 405 3456 468 18l8

2470 513 2542 570 De
2568 520 2865 584 pra'posito.

1981 605 2078 662 His
2119 617 2296 661 autem
2334 607 2407 660 ita
2439 610 2770 673 censtitutis,
2798 611 3105 679 proximum
3151 621 3252 671 est.
3298 625 3356 669 ut
3386 618 3464 669 di-

1908 714 2028 756 cam
2084 699 2152 754 de
2216 699 2524 768 praposito.
2570 697 2808 754 Primum
2873 702 3035 770 igitur
3085 705 3365 759 dominum
3414 718 3466 759 et

1911 799 2111 859 patrem
2142 803 2318 843 meum
2368 804 2431 843 ac
2453 798 2659 859 patrem
2697 803 2934 845 vestrum
2969 793 3213 862 relinquo
3237 800 3461 851 sanctis-

1908 880 2105 938 simum
2151 879 2463 943 Reelusum,
2505 883 2752 935 eumdem
2796 891 2851 936 et
2901 893 3139 952 patrem,
3175 894 3229 938 et
3263 889 3461 948 lumen,

1906 982 1963 1030 et
1984 973 2323 1042 magistrum.
2357 973 2450 1027 Ille
2480 973 2611 1026 mihi
2634 982 2688 1028 et
2717 974 2868 1028 vobis
2892 974 3105 1043 praal'uit
3130 978 3179 1029 in
3208 975 3459 1038 Domino.

1907 1073 2178 1135 caputque
2221 1073 2465 1118 nostrum
2507 1073 2613 1127 est,
2640 1067 2890 1133 quamvis
2929 1067 3167 1134 seipsum
3193 1068 3466 1122 subduxe~

1907 1158 1996 1221 rit,
2035 1156 2104 1210 ob
2133 1154 2333 1210 Christi
2362 1155 2607 1209 tantulam
2649 1157 3008 1211 humilitatem
3053 1159 3251 1228 degens
3297 1160 3349 1212 in
3388 1160 3466 1214 si-

1910 1247 2072 1304 lentio
2098 1266 2112 1304 :
2143 1247 2301 1316 cujus
2333 1248 2498 1302 ductu
2539 1264 2601 1302 ac
2632 1249 2880 1317 precibus
2909 1251 3119 1304 confido
3151 1265 3246 1304 vos
3284 1251 3464 1304 salvus

1907 1340 2044 1405 fore,
2082 1343 2126 1396 si
2157 1341 2318 1394 modo
2361 1349 2744 1409 congruentem
2778 1356 2906 1409 erga
2938 1342 3088 1395 illum
3140 1341 3296 1395 Iidem
3331 1345 3461 1394 ohe-

1905 1433 2269 1502 dientiamque
2290 1432 2594 1502 praebentis.
2629 1431 2832 1487 Deinde
2873 1449 3034 1502 quem
3068 1434 3165 1501 ipsi
3192 1434 3461 1487 continuni

1905 1524 2114 1581 calculo
2142 1523 2421 1584 divinitus,
2469 1530 2695 1591 paterno
2743 1525 2971 1577 consilio
3003 1535 3292 1590 praeeunte,
3326 1541 3466 1592 pra:-

1905 1613 2188 1672 flcietian
2208 1630 2317 1685 quo
2333 1615 2476 1669 enim
2495 1615 2835 1668 consenserit
2858 1613 3169 1670 fraternitas
3189 1617 3460 1679 universa,

1904 1719 1958 1764 et
1978 1709 2103 1764 huic
2122 1724 2224 1777 ego
2252 1707 2424 1762 libens
2446 1707 2743 1775 volensque
2769 1706 3056 1777 sulfragor.
3078 1707 3276 1761 Verum
3315 1710 3462 1770 ades,

1907 1809 2054 1869 pater
2099 1816 2162 1855 ac
2214 1798 2416 1862 frater,
2465 1801 2775 1868 quicunque
2826 1798 3037 1854 futurus
3076 1813 3176 1853 es:
3230 1814 3295 1852 en
3345 1800 3464 1852 ﬁdei

1906 1898 2012 1945 tua:
2042 1891 2197 1946 trado
2221 1891 2273 1945 in
2323 1890 2496 1945 oculis
2547 1889 2657 1952 Dei,
2700 1891 3105 1960 electorumque
3151 1893 3461 1959 angelorum

1905 1982 2046 2050 ejus,
2083 1991 2250 2033 totam
2281 1978 2334 2032 in
2365 1978 2583 2033 Christo
2606 1977 3025 2039 fraternitatem,
3058 1988 3115 2032 ut
3146 1995 3263 2032 eam
3292 1981 3465 2033 susci-

1905 2073 2043 2142 pias.
2069 2073 2139 2126 At
2167 2071 2443 2141 quomodo
2490 2071 2724 2140 accipies
2750 2072 2773 2125 ‘l
2815 2086 2924 2141 quo
2952 2083 3108 2140 pacto
3139 2073 3332 2141 reges?
3358 2088 3464 2140 qua

1906 2163 2116 2219 ratione
2140 2161 2741 2230 custodies?Tanquam
2770 2177 2940 2231 agnos
2963 2161 3184 2226 Christi,
3211 2173 3463 2231 tanquam

1905 2255 2146 2309 membra
2172 2262 2264 2307 tua
2285 2253 2629 2315 charissima,
2678 2254 2886 2319 fovens,
2915 2269 3234 2323 procurans,
3260 2264 3312 2306 et
3345 2255 3466 2306 dili-

1907 2362 2038 2416 gens
2089 2361 2553 2415 unumquemque,
2585 2345 2736 2414 juxta
2769 2361 2978 2415 aequam
3007 2345 3286 2399 charitatis
3316 2361 3462 2398 men-

1909 2451 2144 2500 suram;
2175 2436 2430 2504 quoniam
2464 2451 2529 2490 ex
2565 2452 2721 2504 :equo
2748 2436 2988 2489 membra
3022 2436 3268 2504 corporis
3295 2435 3469 2504 diligit

1907 2527 2308 2595 unusquisque.
2339 2526 2500 2593 Aperi
2529 2525 2734 2579 viscera
2759 2537 2847 2576 tua
2873 2524 2926 2577 in
2949 2522 3426 2577 commiseratione
3451 2540 3464 2576 :

1907 2614 2158 2672 introduc
2210 2630 2401 2669 omnes
2437 2614 2489 2668 in
2544 2614 2914 2668 misericordia
2955 2631 2969 2667 :
3007 2614 3144 2668 laeta
3185 2616 3308 2668 illos
3342 2634 3356 2669 :
3386 2631 3468 2669 re-

1909 2707 2078 2763 forma
2107 2709 2228 2760 illos
2259 2724 2272 2760 :
2307 2708 2504 2776 perfice
2527 2707 2646 2760 illos
2683 2707 2735 2760 in
2771 2705 3019 2760 Domino.
3054 2707 3202 2760 Acue
3231 2719 3467 2761 mentem

1908 2807 2053 2851 tuatn
2076 2799 2377 2866 prudentia,
2404 2796 2578 2850 excita
2603 2795 2935 2865 diligentiam
2962 2795 3278 2850 fortitudine
3303 2814 3316 2850 :
3344 2813 3470 2850 con-

1916 2891 2066 2942 firma
2104 2899 2290 2957 pectus
2339 2887 2443 2942 fide
2491 2902 2555 2941 ac
2589 2902 2723 2954 spe:
2778 2902 3049 2954 praecurre
3075 2887 3178 2941 illis
3215 2887 3279 2941 ad
3310 2903 3470 2940 omne

1915 2993 2052 3048 opus
2083 2979 2280 3030 bonum
2317 2994 2332 3043 ;
2369 2993 2641 3046 propugua
2679 2977 2940 3032 adversus
2967 2978 3237 3047 spiritales
3289 2977 3470 3030 inimi-

1907 3083 2002 3124 cos
2023 3086 2036 3121 :
2055 3067 2302 3132 defende,
2324 3068 2534 3137 dirige:
2555 3071 2753 3136 perduc
2776 3068 2897 3121 illos
2923 3068 2990 3120 ad
3014 3068 3226 3120 virtutis
3252 3069 3464 3121 sedem:

270 3163 457 3215 ρευσαι
500 3149 676 3201 αὐτῶν
702 3151 756 3201 ἐν
811 3150 956 3220 πάσῃ
1004 3148 1336 3222 ἀγαθοεργία
1356 3166 1370 3181 ο
1408 3152 1822 3221 προπολέμησον
1840 3194 1882 3248 C
1911 3174 1924 3212 ι

1812 3167 1882 3248 lc
1911 3159 2086 3212 divide
2116 3158 2220 3212 illis
2248 3167 2446 3212 terram
2488 3161 2793 3229 tranquilla:
2836 3161 3122 3214 affectuum
3160 3160 3466 3215 vacuitatis.

265 3238 403 3290 κατὰ
423 3237 531 3291 τῶν
558 3240 760 3308 νοητῶς
789 3242 1110 3311 μαχομένων
1133 3257 1146 3273 ·
1179 3243 1548 3313 ύπεράσπισαι
1573 3257 1586 3270 ·
1617 3241 1820 3294 διευθέ-

265 3345 428 3398 τησον
453 3345 467 3359 ·
494 3329 755 3398 εἰσάγαγε
785 3333 983 3395 αὐτοὺς
1010 3335 1088 3398 είς
1137 3333 1229 3387 τὸν
1270 3333 1365 3402 τῆς
1395 3333 1594 3404 ἀρετῆς
1622 3333 1782 3386 τόπον
1804 3349 1820 3366 ⁶

1909 3245 2196 3316 Propterea
2250 3248 2500 3301 mandata
2561 3249 2674 3302 haec
2725 3249 2820 3302 tibi
2869 3255 2957 3314 do,
3000 3266 3120 3319 quze
3175 3251 3465 3304 observare

1909 3339 2222 3394 necessario
2248 3337 2434 3392 debes.

259 3421 650 3492 κληροδότησαι
677 3420 772 3489 τὴν
803 3421 907 3492 γῆν
937 3422 1033 3492 τῆς
1055 3423 1326 3489 ἀπαθείας
1356 3463 1370 3480 .
1407 3425 1501 3480 Διὸ
1553 3426 1648 3481 καὶ
1706 3423 2012 3496 ἐντέλλομαί
2069 3448 2152 3486 σοι
2193 3433 2292 3494 τὰς
2359 3429 2580 3492 ἐντολὰς
2615 3430 2835 3494 ταύτας,
2886 3432 3065 3502 ἇσπερ
3108 3431 3470 3502 διακρατῆσαι

257 3512 491 3579 ὀφείλεις
525 3509 669 3563 κατὰ
695 3510 754 3563 τὸ
780 3512 1093 3579 ἀναγκαῖον.

615 3620 883 3674 Ἐντολαί
917 3619 994 3684 τῷ
1031 3617 1464 3687 καθηγουμένῳ.

321 3744 390 3792 α’.
423 3738 498 3791 Ού
528 3735 827 3798 διαλλάξεις
870 3727 960 3785 οῦν
998 3732 1056 3784 ὃν
1103 3729 1438 3801 προσέλαὸες
1491 3727 1658 3782 τύπον
1717 3728 1812 3781 καὶ

255 3830 452 3880 κανόνα
485 3825 630 3895 παρὰ
667 3825 766 3894 τῆς
794 3819 1172 3884 ταπεινώσεὼς
1207 3838 1309 3891 μου
1339 3823 1398 3873 ὲν
1428 3820 1652 3885 ἅπασιν,
1682 3818 1811 3874 ἄνευ

255 3920 685 3990 κατεπειγούσης
708 3920 971 3986 ἀνάγκης.

327 4033 392 4103 β’.
424 4033 498 4085 Ού
534 4035 708 4102 κτήσῃ
736 4029 829 4083 τοῦ
870 4009 1076 4099 κόσμου
1122 4027 1314 4081 τούτου
1342 4044 1420 4093 τι,
1450 4024 1571 4079 ούδὶ
1599 4024 1810 4095 ἀποθη-

260 4125 537 4195 σαυρίσεις
563 4122 859 4194 ίόιορίστως
888 4124 966 4185 είς
1004 4120 1195 4175 ἑαυτὸν
1240 4118 1401 4189 μέχρι
1427 4117 1522 4171 καὶ
1565 4116 1684 4180 ἑνὸς
1714 4117 1815 4187 ἀρ-

257 4216 475 4288 γυρίου.

330 4326 399 4398 γ’.
432 4327 506 4381 Ob
540 4326 874 4396 διαμερίσεις
903 4327 1000 4397 τὴν
1018 4325 1196 4395 ψυχὴν
1235 4321 1330 4375 κα)⁸
1349 4322 1448 4392 τὴν
1474 4320 1702 4391 καρδίαν
1721 4337 1814 4373 σου

259 4423 319 4476 ἑν
347 4419 528 4490 σχέσει
567 4419 660 4471 καὶ
703 4417 961 4488 φροντίδι,
1001 4416 1152 4486 παρὰ
1195 4417 1319 4478 τοὺς
1362 4414 1466 4467 ύπδ
1490 4413 1624 4467 Θεοῦ
1658 4428 1818 4464 πεπιο

2275 3609 2533 3663 Μαηάσια
2561 3613 2842 3680 ρνωροεὲιο
2873 3614 3096 3666 tradita.

1981 3720 2032 3774 Ι.
2065 3718 2180 3774 Νοη
2214 3720 2377 3791 igitur
2421 3723 2760 3789 imntutabis,
2797 3726 3002 3795 absque
3032 3738 3253 3796 urgente
3285 3746 3472 3784 neces-

1910 3811 2089 3878 sitate,
2115 3812 2343 3867 fortnam
2374 3823 2428 3868 et
2462 3816 2906 3886 regulam,quam
2931 3820 2998 3872 ab
3027 3821 3329 3874 humilitate
3355 3838 3471 3875 mea

1912 3901 1966 3957 itt
1996 3904 2250 3958 omnibus
2283 3906 2562 3973 accepisti.

1976 4013 2032 4068 2.
2065 4012 2181 4067 Non
2215 4017 2517 4084 possidebis
2544 4034 2608 4072 ex
2646 4017 2847 4070 mundo
2879 4020 2977 4072 hoc
3003 4019 3295 4089 quidquam
3329 4040 3342 4076 :
3377 4039 3472 4076 uec

1910 4102 2006 4158 tibi
2038 4107 2141 4176 ipsi
2167 4107 2383 4176 proprie
2414 4123 2642 4177 repones
2670 4111 2748 4161 vel
2775 4112 2994 4163 uuieutu
3023 4123 3363 4182 argenteum.

1975 4302 2030 4357 3.
2081 4303 2200 4357 Non
2233 4302 2442 4358 divides
2492 4305 2737 4358 animum
2773 4317 2825 4360 et
2864 4323 2959 4362 cor
2995 4322 3149 4362 tuum
3175 4312 3297 4365 aliis
3326 4314 3472 4366 curis

1907 4403 1961 4449 et
1988 4395 2464 4458 sollicitudinibus,
2499 4408 2714 4466 propter
2755 4413 2849 4453 cos
2891 4399 2980 4468 qui
3011 4401 3104 4452 tibi
3139 4416 3169 4454 a
3196 4402 3305 4456 Deo
3327 4419 3473 4456 cont-

266 4512 610 4582 στευμένους,
639 4510 732 4563 καὶ
762 4508 852 4561 ὑπ’
891 4507 1024 4578 ἐμοῦ
1053 4507 1536 4577 παραδεδομένους,
1556 4504 1649 4557 καὶ
1672 4519 1816 4570 γενο-
1844 4517 1886 4571 D
1910 4508 1920 4542 ι

1815 4532 1816 4537 η
1844 4517 1886 4571 D
1910 4491 2080 4551 missi,
2099 4500 2151 4544 et
2179 4506 2206 4543 a
2235 4505 2321 4544 me
2343 4491 2522 4544 traditi
2553 4501 2701 4554 sunt,
2726 4494 2999 4561 spiritales
3029 4496 3168 4550 filios
3193 4505 3246 4550 et
3275 4497 3469 4552 fratres

260 4605 457 4676 μένους
484 4620 577 4656 σου
611 4602 1014 4665 πνευματικοὺς
1062 4601 1208 4659 υἱοὺς
1241 4601 1335 4652 καὶ
1367 4597 1646 4667 ἀδελφούς.
1679 4593 1816 4648 Οὔτε

256 4701 336 4761 είς
397 4695 524 4760 τούς
583 4711 709 4748 ποτε
768 4693 908 4747 κατὰ
961 4693 1138 4760 σάρκα
1179 4691 1361 4754 ἰδίους,
1391 4690 1424 4760 ἢ
1455 4685 1815 4756 συγγενεῖς,ἢ

257 4785 468 4857 φίλους,
505 4785 538 4855 ἢ
571 4783 919 4854 συνεταίρους
945 4822 960 4843 ,
989 4782 1167 4851 χρήσῃ
1205 4782 1316 4841 τοῖς
1357 4779 1454 4847 τῆς
1485 4777 1693 4839 οἰκείας
1724 4791 1818 4844 μοι

256 4879 376 4949 νῆς,
404 4877 525 4931 οῦτε
565 4877 694 4940 ζῶν,
733 4874 856 4928 οὔτε
898 4874 1035 4944 μετὰ
1081 4871 1330 4931 θάνατον.
1385 4865 1818 4938 ὲλεημονητικῶς

258 4970 293 5041 ἢ
335 4966 760 5040 κληρονομικῶς,
800 4967 879 5028 είς
921 4965 1045 5026 τοὺς
1096 4963 1195 5033 ἤδη
1241 4958 1691 5031 προειρημένους.
1744 4956 1818 5010 ού

260 5061 368 5129 γὰρ
400 5062 464 5111 ὲκ
505 5059 613 5110 τῶν
657 5055 749 5108 τοῦ
793 5055 997 5125 κόσμου
1058 5048 1128 5113 εἴ,
1157 5053 1243 5104 ἵνα
1269 5050 1499 5120 μετέχῃς
1519 5049 1624 5102 τῶν
1647 5051 1708 5101 ἐκ
1725 5046 1819 5099 τοῦ

262 5151 490 5218 κόσμου.
524 5147 668 5218 Πλὴν
697 5147 742 5198 εἰ
772 5147 954 5215 μήπου
999 5142 1288 5213 μεταὸαἰέν
1327 5157 1471 5204 τινες
1493 5141 1556 5192 ἐκ
1584 5137 1675 5191 τοῦ
1705 5153 1821 5189 κοι-

263 5239 492 5294 νωνικοῦ
521 5237 635 5307 βίου
673 5236 806 5305 πρὸς
843 5234 902 5288 τὸ
940 5232 1059 5288 καθ’
1086 5234 1230 5302 ἡμᾶς
1276 5231 1464 5298 τάγμα
1491 5246 1506 5260 ο
1538 5229 1631 5281 καὶ
1679 5225 1822 5280 οὕτω

267 5331 569 5401 φροντίσεις
599 5330 738 5380 κατὰ
779 5325 1006 5396 μίμησιν
1033 5325 1142 5376 τῶν
1167 5323 1338 5390 ἁγίων
1371 5320 1647 5389 Πατέρων.

335 5423 396 5475 δ’.
417 5422 492 5474 Ού
513 5421 689 5489 κτήσῃ
705 5417 906 5478 δοῦλον,
922 5414 1042 5468 οῦτε
1057 5416 1135 5477 είς
1151 5416 1248 5483 τὴν
1267 5412 1469 5466 οίκείαν
1481 5411 1689 5481 χρείαν,
1701 5408 1822 5460 οὔτε

270 5514 350 5574 εἰς
380 5513 477 5580 τὴν
504 5510 712 5563 οἰκείαν
747 5495 935 5578 μονὴν,
967 5505 1089 5558 οὕτε
1112 5507 1190 5566 εἰς
1217 5504 1441 5573 ἀγροὺς,
1470 5501 1564 5554 τὸν
1592 5501 1711 5552 κατ’
1740 5501 1818 5552 εἰ-

270 5601 402 5654 κόνα
422 5600 555 5653 Θεοῦ
573 5599 831 5668 γεγονότα
856 5596 1135 5664 ἄνθρωπον
1158 5594 1468 5664 ’,τοῦτογάρ
1509 5593 1686 5662 μόνοις
1715 5594 1825 5654 τοῖς

273 5693 330 5743 ἐν
357 5690 433 5761 τῷ
464 5691 562 5760 βίῳ
585 5689 1026 5758 συγκεχώρηται,
1057 5686 1172 5750 ὼςό
1205 5687 1378 5756 γάμος
1400 5699 1414 5714 ⁸
1450 5687 1531 5737 σοὶ
1578 5684 1632 5736 δὲ
1653 5683 1826 5753 χρεὼν

277 5783 578 5850 παρασχεῖν
606 5780 830 5832 σεαυτὸν
862 5778 1046 5832 δοῦλον
1081 5780 1194 5839 τοίς
1224 5776 1518 5847 όμοψύχοις
1547 5791 1640 5830 σου
1671 5775 1832 5830 ἀδελ-

1908 4588 2048 4632 tuos.
2088 4577 2207 4632 Non
2233 4580 2481 4648 erogabis
2528 4582 2580 4634 in
2608 4591 2728 4638 tuos
2749 4584 2876 4636 olim
2913 4587 3214 4639 secundum
3244 4602 3462 4642 carnem

1906 4683 1999 4724 aut
2031 4673 2383 4740 proliinquos,
2418 4681 2514 4726 aut
2544 4674 2773 4738 amicos,
2807 4686 2900 4730 aut
2927 4679 3138 4733 sodales
3163 4695 3225 4733 ex
3260 4683 3464 4748 pr0prii

1907 4763 2221 4816 monasterii
2266 4765 2426 4818 rebus
2462 4766 2782 4834 quidquam,
2825 4785 2923 4822 nec
2975 4770 3182 4835 vivens,
3216 4788 3312 4826 nec
3347 4785 3467 4842 post

1908 4865 2158 4919 mortem,
2203 4856 2560 4925 eleemosyuae
2592 4860 2673 4911 vel
2705 4859 3039 4916 haereditatis
3081 4865 3297 4917 nomine
3330 4881 3344 4918 :
3381 4881 3468 4918 ne-

1905 4964 2009 5016 que
2034 4949 2176 5000 enim
2208 4963 2274 5002 ex
2308 4949 2508 5002 saeculo
2539 4965 2618 5012 es,
2654 4961 2711 5004 ut
2748 4955 3080 5007 consortium
3115 4957 3312 5010 habeas
3341 4972 3464 5010 Clllll

1904 5040 2254 5094 saecularibus
2283 5057 2298 5105 ;
2330 5041 2434 5095 nisi
2470 5043 2563 5111 qui
2597 5041 2736 5096 forte
2764 5059 2830 5097 ex
2862 5047 3114 5100 casnobio
3140 5049 3191 5100 iu
3223 5049 3464 5102 ordinem

1907 5143 2152 5185 nostrum
2216 5135 2549 5197 transierint,
2602 5143 2763 5204 atque
2809 5136 2881 5189 ita
2913 5153 3102 5191 eorum
3149 5153 3332 5194 curam
3374 5155 3468 5212 ge-

1905 5239 1993 5276 ras
2031 5225 2096 5276 ad
2125 5225 2433 5295 exemplum
2469 5235 2786 5281 sanctorum
2821 5226 3064 5282 Patrum.

1974 5407 2026 5456 4.
2057 5404 2172 5459 Non
2206 5407 2508 5476 possidebis
2537 5423 2776 5472 servum,
2809 5424 2909 5463 nec
2943 5417 3063 5464 tuos
3090 5411 3142 5464 in
3179 5426 3331 5472 usus.
3366 5427 3468 5467 nec

1905 5498 2106 5566 preprii
2157 5501 2501 5566 monasterii,
2541 5516 2638 5554 nec
2679 5500 2911 5569 denique
2965 5501 3030 5555 ad
3076 5517 3257 5572 agros,
3294 5505 3469 5556 homi-

1906 5605 2025 5644 nem
2054 5593 2143 5661 qui
2181 5593 2245 5646 ad
2285 5592 2377 5648 Dei
2424 5594 2710 5662 imaginem
2761 5593 2937 5649 faetus
2985 5606 3065 5650 est
3108 5612 3123 5648 :
3176 5594 3278 5649 hoc
3323 5597 3466 5649 enim

1905 5683 2036 5737 solis
2062 5685 2413 5739 saecularibus
2441 5699 2752 5740 concessum
2783 5694 2886 5751 est,
2931 5686 3070 5740 sicut
3124 5687 3349 5756 nuptiae.
3384 5686 3466 5740 Tu

1905 5790 2032 5831 vero
2067 5776 2321 5833 fratribus
2350 5778 2456 5834 tuis
2494 5777 2761 5832 unanimis
2789 5779 3027 5834 seiosum
3055 5777 3316 5834 fautuluut
3350 5781 3468 5834 aui-
