4188 6472
717 388 853 451 1819

1895 404 1955 463 S.
1999 401 2389 463 THEODORI
2439 397 2789 458 STUDlT/E

3812 384 3951 448 183)

710 514 802 553 mo
850 508 1106 569 praestare
1154 502 1341 569 debes,
1371 504 1500 560 licet
1536 516 1757 563 externa
1800 510 1979 581 specie
2018 522 2261 582 tanquan

2380 508 2499 574 φοίς
2526 508 2592 575 τῇ
2624 503 2899 573 προθέσει,
2938 502 3041 556 κάν
3061 504 3126 573 τῇ
3155 500 3261 566 ἔξω
3287 499 3610 571 ἐπιφανείᾳ,
3640 500 3718 564 ὡς
3740 502 3951 555 dem-

710 590 973 645 Dominus
996 600 1052 645 et
1076 594 1333 664 magister
1371 610 1637 667 reputere.

778 682 831 736 5.
860 679 971 739 Nec
1008 684 1213 741 habeas
1252 687 1559 756 iumentum
1610 690 1831 747 feminei
1869 709 2037 750 sexus
2070 695 2138 749 ad
2182 694 2280 749 mi-

711 774 935 831 nisteria
966 780 1297 842 necessaria,
1328 791 1384 834 tu
1407 782 1500 850 qui
1543 782 1758 839 feminis
1803 787 2031 841 omnino
2076 802 2279 841 renun-

706 866 857 922 tiasti
890 882 906 921 :
942 884 1115 936 neque
1139 870 1194 925 in
1235 875 1593 938 monasterio,
1625 891 1802 947 neque
1828 877 1883 931 in
1927 881 2073 948 agris
2106 896 2119 932 :
2149 892 2274 934 cum

706 970 807 1013 nec
837 958 1125 1030 quisquam
1172 973 1481 1019 sanctorum
1526 974 1743 1036 patrum
1783 979 2096 1025 nostrorum
2143 984 2276 1027 usus

705 1048 795 1111 sit,
827 1065 927 1104 nec
958 1059 1150 1106 natura
1181 1052 1297 1124 ipsa
1324 1058 1618 1126 permittat.

776 1137 831 1193 6.
862 1139 980 1195 Non
1005 1144 1385 1212 superveheris
1414 1149 1571 1219 equis
1615 1160 1711 1205 aut
1741 1152 1906 1210 mulis
1938 1155 2144 1226 absque
2177 1174 2273 1212 ne-

704 1231 963 1287 cessitate
991 1252 1006 1299 ;
1034 1235 1128 1289 sed
1156 1234 1356 1294 Christi
1386 1241 1657 1310 exemplo,
1693 1244 1917 1312 pedibus
1955 1247 2055 1301 iter
2079 1247 2267 1305 facies.

705 1319 801 1376 Sin
829 1324 1033 1389 minus,
1066 1328 1246 1396 pullus
1275 1332 1415 1386 asini
1450 1334 1554 1388 erit
1578 1335 1883 1403 iumentum
1913 1348 2087 1395 tuum.

777 1412 828 1467 7.
858 1414 1087 1472 Curabis
1116 1422 1359 1482 omnino.
1392 1433 1450 1477 ut
1480 1425 1618 1479 inter
1642 1425 1838 1483 fratres
1870 1434 2177 1487 communia
2214 1444 2271 1489 et

702 1502 931 1561 indivisa
953 1508 1061 1563 sint
1085 1512 1291 1575 omnia,
1314 1523 1367 1568 et
1397 1516 1530 1570 nihil
1559 1519 1880 1590 cujusquam
1913 1526 2117 1594 proprii
2141 1526 2267 1597 jure

700 1597 946 1663 dominii,
980 1616 1152 1672 usque
1180 1604 1246 1659 ad
1270 1620 1449 1661 acum.
1475 1609 1592 1664 Tibi
1617 1626 1746 1667 vero
1767 1621 1822 1668 et
1852 1616 2032 1670 anima
2061 1627 2113 1671 et
2142 1633 2265 1672 cor-

2377 615 2476 671 της
2505 596 2698 670 λογίζῃ
2734 598 2828 651 καὶ
2852 594 3191 657 διδάσκαλος.

2448 695 2510 748 ε’.
2547 690 2624 745 Ού
2658 689 2845 761 σχοίης
2872 687 3010 752 ζῶον
3037 687 3146 740 τῶν
3178 688 3242 741 ὲκ
3273 684 3368 740 τοῦ
3404 684 3614 757 θήλεως
3644 686 3840 755 γένους
3865 686 3949 748 είς

2376 782 2566 854 χρείαν
2586 781 2953 854 ὑπουργικὴν,
2980 781 3010 833 ὀ
3030 778 3108 850 τῷ
3144 778 3297 851 θήλει
3337 780 3694 833 παντάπασιν
3736 778 3950 830 ἀποτα-

2378 880 2605 951 ξάμενος
2630 895 2644 911 ’
2680 878 2803 933 οὔτε
2845 880 2904 932 tv
2929 880 2997 949 τῇ
3033 880 3197 948 μονῇ,
3226 875 3354 931 οὗτε
3372 878 3432 929 tv
3460 876 3574 939 τοῖς
3595 874 3809 945 άγροίς.
3834 875 3947 928 Κα-

2374 970 2481 1034 θὼς
2528 968 2701 1033 οὐδεὶς
2744 968 2852 1021 τῶν
2902 968 3065 1021 ὁσίων
3114 969 3208 1021 καὶ
3266 966 3438 1035 ἁγίων
3483 965 3744 1036 Πατέρων
3788 964 3950 1035 ήμῶν

2372 1062 2662 1132 ἐχρήσατο,
2701 1060 2823 1114 οὔτε
2856 1061 2890 1131 ή
2922 1059 3082 1130 φύσις
3122 1059 3262 1130 αὐτὴ
3291 1057 3579 1128 ἐπιτρέπει

2443 1158 2519 1218 ς’.
2547 1152 2664 1206 Ούκ
2694 1150 3057 1221 ἐποχούμενος
3084 1149 3185 1221 ἔσῃ
3211 1150 3305 1203 ἐπὶ
3332 1148 3521 1212 ἵπποις
3560 1148 3659 1202 καὶ
3698 1146 3946 1218 ήμιόνοις

2369 1244 2491 1315 δίχα
2524 1245 2769 1314 ἀνάγκης
2795 1259 2809 1273 ·
2842 1244 2976 1296 ἀλλά
3004 1243 3471 1315 Χριστομιμήτιικ
3518 1241 3944 1311 πεζοπορήσεις.

2369 1334 2435 1390 El
2470 1336 2517 1390 δ’
2539 1333 2653 1402 οῦν,
2688 1337 2868 1401 «me;
2899 1353 2980 1390 σοι
3010 1336 3071 1389 ea
3104 1334 3399 1405 ὑποζύγιον
3429 1332 3589 1387 ἔστω.

2436 1430 2502 1493 ζ’.
2534 1429 2947 1501 Παραφυλάξεις
2968 1430 3076 1483 πάν
3089 1446 3185 1493 cui;
3214 1428 3276 1482 τὸ
3297 1428 3475 1481 πάντα
3505 1428 3565 1480 ὲν
3596 1429 3663 1496 τῇ
3701 1424 3934 1494 ἀδελφό-

2365 1537 2489 1590 τητι
2517 1522 2672 1573 κοινά
2708 1515 2867 1584 εἶναι,
2903 1523 2998 1573 καὶ
3024 1519 3318 1590 ἀμέριστα,
3350 1517 3445 1570 καὶ
3469 1516 3631 1587 μηδὲν
3670 1514 3815 1567 κατὰ
3840 1514 3941 1583 μέ-

2366 1628 2457 1681 ρος
2479 1611 2573 1665 τοῦ
2603 1611 2725 1665 καθ’
2750 1613 2979 1666 ἕκαστον
3004 1613 3084 1674 είς
3125 1609 3507 1679 ἔξαῦθὲντησιν
3531 1607 3695 1678 μέχρι
3724 1603 3820 1658 καὶ
3844 1606 3941 1675 ῥα-

702 1703 827 1757 pus,
856 1706 954 1746 nec
983 1704 1242 1763 praeterea
1270 1698 1588 1770 quidquam,
1610 1718 1763 1771 aequa
1794 1706 1948 1761 lance
1978 1709 2261 1765 cbaritatis

2367 1701 2533 1771 φίδος.
2557 1702 2658 1754 Σοῦ
2686 1702 2742 1755 δὲ
2770 1702 2863 1756 καὶ
2893 1703 2954 1756 τὸ
2986 1702 3145 1773 σῶμα
3164 1703 3256 1755 καὶ
3281 1703 3314 1772 ή
3341 1699 3510 1770 ψυχή,
3536 1700 3668 1769 μήτι
3701 1714 3766 1766 γε
3787 1696 3940 1761 ἄλλο,

702 1779 874 1835 divisa
910 1794 1072 1839 sunto
1106 1784 1163 1840 in
1191 1802 1383 1845 omnes
1416 1801 1541 1848 tuos
1580 1795 1851 1864 spiritales
1880 1798 2017 1854 filios
2054 1817 2119 1856 ac
2145 1802 2257 1858 fra-

701 1879 833 1925 tres.

770 1962 823 2017 8.
852 1962 1201 2026 Nonhabeas
1246 1987 1370 2027 cum
1418 1977 1769 2035 saecularibus
1816 1981 2133 2053 adoptiones
2173 1998 2267 2044 aut

699 2056 1129 2126 consiliationcs,
1192 2070 1248 2116 tu
1287 2066 1379 2132 qui
1411 2069 1669 2123 mundum
1725 2070 1867 2143 fugis
1916 2091 1979 2131 ac
2027 2080 2262 2148 nuptias.

697 2144 816 2201 Non
850 2152 994 2203 enim
1034 2156 1302 2222 reperitur
1338 2157 1392 2211 in
1458 2162 1701 2230 patribus
1732 2182 1748 2232 ;
1784 2175 1857 2231 et,
1900 2167 1945 2223 si
1975 2144 2263 2240 reperitur,

699 2254 826 2294 raro
861 2258 874 2294 :
905 2258 1076 2313 neque
1105 2245 1155 2299 id
1188 2246 1272 2301 lex
1300 2259 1402 2305 est.

767 2329 821 2384 9.
862 2329 979 2386 Non
1030 2337 1249 2404 epulare
1290 2356 1412 2395 cum
1465 2344 1807 2412 mulieribus,
1835 2362 2059 2420 excepta
2094 2367 2265 2413 matre

700 2427 791 2474 tua
838 2425 1134 2479 secundum
1178 2444 1421 2495 carnem,
1458 2444 1509 2487 et
1548 2449 1737 2493 sorore
1793 2449 1905 2504 tua,
1947 2443 2062 2498 sive
2100 2461 2265 2502 cano-

699 2510 835 2566 nica:
864 2514 1085 2581 fuerint,
1114 2519 1227 2574 sive
1248 2522 1534 2580 saeculares
1564 2543 1578 2579 :
1610 2529 1710 2583 nisi
1758 2531 1839 2585 vis
1884 2533 2063 2603 aliqua
2096 2546 2148 2590 et
2169 2553 2266 2593 ne-

693 2604 924 2661 cessitas
947 2606 1209 2677 impellat,
1238 2612 1380 2667 sicut
1404 2616 1696 2673 admouent
1728 2624 1899 2676 sancti
1923 2622 2130 2681 Patres.

770 2802 857 2859 10.
894 2802 972 2860 Ne
1019 2805 1275 2878 frequens
1303 2811 1380 2865 sis
1411 2812 1463 2866 in
1510 2817 1819 2885 egressibus
1847 2830 1901 2874 et
1928 2820 2263 2878 circumcur-

694 2899 1021 2965 sationibus,
1043 2903 1324 2971 proprium
1342 2908 1483 2961 ovile
1501 2910 1754 2966 deserens
1777 2914 1892 2967 sine
1915 2918 2262 2973 necessitate:

696 2995 891 3050 melius
932 2997 1077 3051 enim
1123 3008 1207 3053 est
1251 3009 1306 3054 et
1351 3002 1680 3070 optabilius,
1722 3017 1780 3059 ut
1823 3006 1904 3060 vel
1954 3010 2163 3064 otiosus
2210 3010 2263 3065 in

693 3087 851 3140 caula
876 3088 1096 3157 degens,
1121 3105 1339 3145 servare
1360 3094 1539 3161 possis
1557 3095 1842 3151 variabiles
1866 3107 1919 3151 et
1947 3100 2049 3153 late
2074 3116 2263 3154 erran-

695 3188 778 3233 tes
806 3180 1104 3235 rationales
1135 3196 1285 3237 oves.

766 3273 851 3326 ll.
901 3272 1230 3329 Observabis
1279 3292 1527 3346 prorsus,
1562 3289 1619 3333 ut
1647 3281 1953 3337 catecbesiu
1986 3293 2066 3337 ter
2087 3284 2261 3353 quali-

698 3364 786 3420 bet
806 3365 1145 3421 hebdomada
1201 3366 1372 3423 facias
1397 3372 1628 3439 vesperi,
1663 3373 1744 3427 vel
1773 3389 1865 3443 per
1884 3376 2256 3446 temetipsum,

694 3457 776 3511 vel
805 3472 897 3526 per
946 3458 1110 3512 alium
1142 3463 1448 3531 quempiam
1492 3479 1522 3517 e
1571 3465 1737 3531 filiis;
1782 3468 2037 3536 quoniam
2077 3484 2106 3523 a
2161 3466 2264 3524 Pa-

694 3546 871 3602 tribus
894 3547 1150 3603 traditum
1174 3560 1277 3617 est,
1297 3562 1353 3605 et
1374 3553 1633 3607 salutare.

765 3639 852 3694 12.
896 3638 1012 3694 Non
1041 3642 1195 3697 dabis
1246 3659 1473 3713 parvum
1525 3646 1791 3713 babitum,
1842 3666 1999 3720 quem
2044 3666 2257 3717 vocant,

690 3739 877 3800 postea
929 3732 1094 3787 veluti
1146 3748 1402 3806 maguum
1450 3752 1463 3789 :
1520 3753 1665 3793 unus
1713 3741 1856 3792 enim
1895 3749 1977 3795 est
2022 3742 2257 3805 habitus,

691 3822 857 3877 sicuti
903 3833 954 3878 et
999 3824 1291 3893 baptisma,
1343 3830 1799 3895 quemadmodum
1845 3832 1897 3885 in
1949 3847 2097 3888 more
2154 3833 2258 3888 fuit

689 3922 1004 3968 sanctorum
1038 3915 1278 3973 Patrum.

761 4026 845 4081 15.
908 4024 1026 4080 Non
1072 4031 1347 4087 transilies
1387 4031 1533 4102 leges
1575 4042 1629 4087 et
1680 4036 1893 4105 regulas
1943 4050 2257 4096 sanctorum

689 4111 953 4177 Patrum,
1005 4119 1273 4187 praecipue
1326 4130 1451 4175 ante
1508 4138 1697 4179 omnes
1762 4126 1929 4179 divini
1975 4131 2261 4200 magnique

693 4207 874 4262 Basilii
911 4225 924 4261 :
986 4210 1081 4264 sed
1122 4212 1386 4282 quidquid
1437 4211 1605 4270 facies
1650 4226 1745 4270 aut
1790 4217 1958 4279 dices.
2002 4228 2258 4290 tanquam

690 4298 1062 4353 testimonium
1108 4299 1317 4357 habens
1372 4318 1440 4357 ex
1493 4302 1793 4375 Scripturis
1833 4308 2019 4371 facies.
2074 4322 2167 4365 aut
2193 4329 2257 4367 ex

692 4398 911 4457 paterna
952 4394 1348 4450 consuetudine
1387 4398 1594 4467 absque
1646 4402 1882 4455 mandati
1918 4403 2087 4458 divini
2130 4420 2261 4475 pra:-

689 4481 1042 4537 varicatione.

2367 1794 2607 1847 ἔστωσαν
2655 1793 3121 1865 διαμεμερισμένα
3158 1796 3217 1847 ἐν
3278 1793 3483 1863 ἰσότητι
3528 1791 3749 1860 ἀγάπης
3803 1792 3948 1844 πᾶσι

2299 1880 2343 1939 Β
2369 1889 2481 1949 τοῖς
2556 1888 2943 1957 πνευματικοῖς
2992 1902 3085 1939 σου
3144 1886 3353 1949 τέκνοις
3418 1884 3513 1937 καὶ
3557 1883 3827 1951 ἀδελφοῖς.

2436 1978 2505 2050 η’.
2548 1981 2622 2034 Ού
2648 1979 2836 2051 σχοίης
2864 1980 2999 2051 μεεά
3026 1979 3307 2049 κοσμικῶν
3342 1978 3724 2047 ἀδελφοποιίας
3745 1979 3779 2048 ἦ
3824 1995 3945 2031 συν-

2364 2074 2603 2137 τεκνίας,
2637 2077 2665 2128 ὁ
2686 2074 2861 2143 φυγάς
2888 2074 2983 2127 τοῦ
3016 2073 3217 2143 κόσμου
3244 2073 3339 2126 καὶ
3376 2073 3471 2126 τοῦ
3495 2073 3673 2143 γάμου
3697 2088 3713 2102 ·
3738 2073 3801 2125 ού
3829 2073 3941 2145 γάρ

2364 2164 2589 2236 εὓρηται
2628 2168 2685 2217 ὲν
2721 2168 2832 2228 τοῖς
2890 2166 3197 2233 Πατρασιν⁸
3227 2164 3355 2217 εἰδὲ
3388 2165 3482 2217 καὶ
3515 2164 3768 2234 εὕρηται,
3797 2181 3938 2217 σπα-

2369 2257 2571 2319 νιάκις.
2602 2258 2696 2311 καὶ
2721 2257 2880 2309 τοῦτο
2901 2258 2962 2309 ού
2995 2257 3178 2326 νόμος.

2441 2348 2507 2401 θ’.
2542 2348 2615 2401 Ού
2677 2348 3068 2419 συνεστιαθήσῃ
3111 2350 3252 2418 μετά
3302 2346 3598 2415 γυναικῶν,
3638 2346 3781 2416 πλὴν
3835 2347 3937 2419 τῆς

2366 2441 2505 2495 κατά
2557 2440 2735 2511 σάρκα
2764 2440 2969 2512 μητρός
3008 2458 3101 2494 σου
3140 2442 3236 2494 καὶ
3276 2440 3531 2511 ἀδελφῆς,
3563 2440 3665 2493 κάν
3688 2457 3746 2493 τε
3776 2458 3937 2495 κανο-

2366 2534 2541 2603 νικῆς,
2568 2534 2669 2587 κάν
2701 2550 2756 2585 τε
2779 2535 3047 2603 κοσμικῆς
3070 2548 3085 2563 ο
3112 2532 3211 2585 ούκ
3258 2526 3400 2595 οἶδας
3419 2532 3469 2585 εί
3499 2533 3572 2602 μή
3600 2548 3687 2596 τις
3717 2532 3810 2602 βία
3839 2533 3937 2587 καὶ

2365 2624 2577 2695 ἀνάγκη
2612 2623 2822 2695 καλοίη,
2849 2623 3029 2686 καθὼς
3053 2621 3517 2691 παρακελεύονται
3544 2623 3593 2677 οἱ
3622 2622 3769 2693 ἀγιοι
3813 2624 3931 2678 Πα-

2363 2716 2540 2784 τέρες.

2441 2827 2493 2881 ι’.
2528 2827 2603 2881 Ού
2636 2826 2823 2897 σχοίης
2847 2824 2908 2879 τὸ
2963 2825 3330 2897 πολυπρόοδον
3371 2826 3465 2880 καὶ
3504 2826 3933 2897 πολυγύρευτον.

2366 2922 2494 2976 ἀνευ
2529 2922 2775 2991 ἀνάγκης
2813 2920 3309 2990 ὲγκαταλιμπάνων
3341 2921 3404 2973 τὸ
3427 2924 3626 2975 οἰκεῖον
3658 2922 3930 2992 ποίμνιον.

2380 3014 2690 3083 Ἀγαπητὸν
2716 3014 2824 3083 γάρ
2867 3014 2959 3065 καὶ
2992 3012 3319 3084 σχολάζοντα
3347 3014 3405 3065 ἐν
3432 3017 3497 3084 τῇ
3531 3014 3738 3084 ποίμνῃ
3767 3014 3932 3084 δυνη-

2365 3106 2525 3176 θῆναί
2556 3123 2616 3158 σε
2664 3106 2928 3159 διασῶσαι
2966 3108 3033 3159 τά
3077 3104 3534 3176 πολυτροταῦτατα
3573 3106 3668 3159 καὶ
3710 3105 3930 3158 πολυδι-

2285 3222 2330 3281 c
2363 3194 2611 3259 εξόδευτα
2635 3195 2827 3264 λογικά
2852 3196 3116 3269 πρόὸατα.

2437 3294 2525 3341 ια’.
2559 3286 2971 3360 Παραφυλάξεις
2992 3289 3210 3353 πάντως
3238 3286 3333 3341 τοῦ
3364 3288 3630 3342 ποιεῖσθαι
3672 3288 3929 3359 τρισάκις

2362 3378 2463 3448 τὴν
2495 3380 2795 3451 κατήχησιν
2824 3384 2890 3452 τῇ
2925 3380 3201 3451 ἑϐδομάδι,
3231 3382 3326 3434 καὶ.
3353 3380 3476 3433 καθ’
3506 3380 3749 3450 ἑσπέραν
3785 3380 3820 3451 ἢ
3844 3380 3932 3434 διὰ

2366 3470 2583 3536 σαυτοῦ,
2612 3471 2735 3542 ήδιν
2772 3471 2934 3525 άλλου
2961 3471 3071 3525 τῶν
3124 3473 3349 3525 τέκνων.
3388 3472 3603 3541 Ἐπειδὴ
3645 3489 3932 3544 πατροπα-

2366 3564 2587 3635 ράδοτον
2616 3564 2776 3617 τοῦτο
2808 3566 2903 3618 καὶ
2930 3567 3215 3637 σωτήριον.

2436 3654 2520 3725 ιβ’.
2555 3656 2630 3709 Ού
2653 3655 2802 3727 δοίης
2829 3656 2968 3728 ὅπερ
3001 3656 3221 3724 λέγουσι
3261 3657 3457 3729 μικρὸν
3495 3658 3705 3729 σχῆμα,
3737 3658 3933 3713 ἔπειτα

2361 3742 2438 3806 ὡς
2471 3745 2612 3814 μέγα
2635 3762 2649 3775 ·
2678 3745 2736 3798 ἓν
2770 3745 2878 3817 γάρ
2902 3746 2962 3798 τὸ
2990 3746 3191 3817 σχῆμα,
3217 3746 3407 3819 ὥσπερ
3424 3750 3517 3802 καὶ
3539 3749 3602 3803 τδ
3622 3748 3931 3820 βάπτισμα.

2362 3835 2541 3902 καθὼς
2569 3837 2620 3890 οί
2644 3837 2788 3907 ἆγιοι
2814 3839 3053 3910 Πατέρες
3085 3841 3408 3912 ἐχρήσαντο.

2432 4046 2522 4107 ιγ’.
2551 4038 2625 4092 Ού
2653 4038 2965 4111 παραϐαίης
3011 4039 3138 4101 τοὺς
3189 4037 3387 4108 νόμους
3426 4034 3524 4090 καὶ
3552 4033 3783 4097 κανόνας
3816 4033 3928 4087 τῶν

2362 4130 2530 4200 ἁγίων
2563 4132 2839 4201 Πατέρων.
2872 4132 2984 4200 Πρό
3008 4146 3071 4197 γε
3124 4130 3339 4183 πάντων
3385 4125 3480 4179 τοῦ
3526 4125 3673 4179 θείου
3701 4124 3798 4179 καὶ
3829 4142 3928 4197 με·

2361 4223 2525 4289 γάλου
2555 4221 2855 4275 Βασιλείου.
2898 4219 3057 4273 Ἀλλά
3087 4220 3241 4272 πᾶνὸ
3261 4234 3314 4270 τι
3348 4216 3414 4269 ἂν
3444 4219 3603 4286 ποιῇς
3647 4215 3683 4285 ἢ
3730 4214 3923 4286 λέγῃς,

2360 4313 2435 4377 ὡς
2470 4313 2772 4385 μαρτυρίαν
2814 4313 2952 4382 ἔχων
2985 4313 3050 4364 ἑκ
3087 4309 3195 4362 τῶν
3232 4308 3465 4381 Γραφῶν
3499 4306 3749 4378 πράξας,
3794 4309 3830 4379 ἦ
3859 4310 3926 4362 ὲκ

2361 4404 2633 4475 πατρικῆς
2693 4403 2980 4473 συνηθείας
3008 4443 3023 4468 ,
3076 4402 3205 4456 ἀνευ
3279 4401 3649 4473 παραϐάσεως
3702 4401 3925 4471 ἑντολῆς

2359 4494 2516 4549 Θεοῦ.

760 4592 849 4647 11.
880 4590 998 4648 Non
1040 4593 1387 4666 derelinques
1435 4614 1650 4669 gregem
1680 4609 1857 4663 tuum,
1882 4610 1939 4655 ut
1983 4602 2047 4655 ad
2087 4603 2253 4658 alium

2432 4607 2490 4660 ιδ’
2497 4648 2511 4662 .
2534 4607 2609 4660 Οὐ
2624 4607 2971 4677 καταλείψεις
2996 4608 3057 4662 τὸ
3086 4607 3334 4678 ποίμνιόν
3363 4624 3457 4661 σου
3478 4608 3571 4662 καὶ
3587 4606 3726 4677 πρὸς
3740 4606 3924 4680 ἕτερον

688 4692 968 4752 transeas;
1000 4697 1094 4741 aut
1134 4688 1201 4742 ad
1236 4688 1552 4759 dignitatem
1596 4707 1700 4743 non
1737 4701 2030 4759 revertere,
2055 4695 2157 4748 nisi
2188 4711 2251 4749 ex

687 4792 962 4835 consensu
985 4790 1038 4831 et
1062 4778 1452 4848 approbatione
1481 4778 1861 4836 fraternitatis.

761 4868 846 4923 15.
870 4866 988 4923 Non
1009 4871 1159 4926 ineas
1179 4871 1473 4926 amicitiam
1497 4888 1620 4927 cum
1646 4874 1940 4941 canonica;
1966 4890 2139 4944 neque
2169 4876 2253 4931 in-

686 4962 935 5031 grediare
966 4965 1355 5019 monasterium
1382 4964 1729 5029 feminarum,
1763 4982 1865 5022 nec
1900 4967 2050 5023 solus
2084 4970 2253 5024 collo-

684 5068 854 5123 quare
872 5069 995 5109 cum
1018 5056 1282 5111 monacba
1303 5058 1387 5112 vel
1414 5060 1682 5125 saeculari,
1702 5060 1803 5113 nisi
1823 5061 2118 5116 necessitas
2143 5071 2252 5116 tra-

686 5147 807 5212 hat;
848 5146 1012 5218 idque
1038 5164 1161 5203 cum
1199 5150 1411 5204 duabus
1451 5152 1521 5205 ab
1558 5160 1789 5223 utraque
1821 5164 1971 5223 parte
2000 5156 2249 5224 personis

684 5240 991 5295 astantibus
1015 5258 1027 5293 :
1044 5241 1203 5295 unius
1219 5242 1386 5305 enim,
1405 5250 1465 5296 ut
1480 5244 1652 5309 aiunt,
1670 5242 1843 5299 facilis
1860 5246 2249 5301 estcalumnia.

754 5326 843 5383 16.
862 5327 979 5383 Non
1001 5332 1212 5399 aperies
1231 5332 1431 5386 ostium
1450 5335 1764 5389 monasterii
1786 5336 1853 5389 ad
1881 5336 2252 5392 intromitten-

682 5420 807 5475 dum
850 5419 1107 5477 feminam
1168 5424 1334 5478 ullam
1379 5426 1495 5479 sine
1554 5442 1749 5497 magna
1801 5431 2140 5487 necessitate.
2193 5432 2248 5489 Si

682 5527 810 5568 vero
869 5525 1021 5583 petes
1071 5515 1208 5570 citra
1264 5528 1510 5571 mutuum
1564 5531 1843 5589 aspectum
1878 5524 2148 5593 excipere,
2195 5526 2247 5581 id

680 5616 901 5672 quoque
930 5603 1154 5660 minime
1182 5606 1584 5678 negligendum.

754 5713 842 5768 17.
860 5712 975 5770 Non
998 5726 1201 5774 statues
1226 5719 1321 5773 tibi
1348 5720 1727 5785 diversorium.
1752 5734 1845 5783 aut
1874 5727 2249 5797 spiritualibus

686 5808 834 5875 ﬁliis,
892 5814 1203 5869 smcularcm
1259 5814 1503 5886 domum,
1535 5817 1587 5873 in
1623 5834 1731 5891 qua
1779 5823 1890 5878 sint
1929 5824 2091 5882 etiam
2122 5841 2245 5882 mu-

2358 4699 2665 4771 μεταδήσῃ,
2693 4699 2725 4770 ἢ
2758 4701 2892 4771 πρὸς
2916 4700 3074 4767 ἀξίαν
3111 4700 3523 4772 ὲπαναδράμῃς.
3552 4701 3685 4757 άνευ
3719 4716 3922 4770 συγκα-

2352 4791 2625 4855 ταθέσεως
2657 4792 2759 4861 τῆς
2784 4792 2988 4857 οἰκείας
3024 4810 3118 4847 σου
3161 4794 3542 4865 ἀδελφότητος.

2425 4892 2505 4940 ιε’.
2524 4885 2598 4939 Οὐ
2617 4884 2881 4953 φιλιάσεις
2926 4886 3061 4956 μετά
3098 4887 3391 4957 κανονικῆς
3408 4904 3424 4918 ·
3439 4886 3559 4940 οὐδὲ
3583 4885 3920 4959 παραδαλετς

2352 4979 2411 5031 ὲν
2449 4977 2739 5049 γυναικείῳ
2779 4982 3016 5049 σεμνείῳ
3042 4995 3056 5009 ·
3092 4978 3214 5032 οὐδὲ
3266 4980 3582 5051 καταμόνας
3635 4981 3915 5051 ὁμιλήσεις

2356 5069 2661 5143 μοναζούσῃ
2694 5070 2726 5141 ἢ
2757 5074 2996 5143 κοσμικῇ
3019 5087 3034 5102 ο
3068 5073 3115 5125 εί
3152 5073 3227 5143 μή
3246 5089 3349 5126 που
3378 5075 3595 5145 ἀνάγκη
3627 5074 3801 5139 ἕλκει,
3828 5075 3913 5129 καὶ

2352 5160 2472 5212 τότε
2501 5160 2593 5213 δύο
2614 5161 2895 5231 παρόντων
2934 5160 2994 5226 ἐξ
3023 5161 3283 5233 ἑκατέρου
3337 5164 3537 5238 μέρους
3565 5166 3877 5238 προσάπτων
3895 5182 3911 5199 ο

2351 5254 2410 5305 τὸ
2440 5252 2547 5324 γάρ
2572 5252 2650 5319 ἓν,
2680 5252 2757 5315 ὦς
2784 5269 2969 5323 φασιν,
3012 5255 3442 5328 εύετιηρέαστον.

2424 5350 2521 5409 ις’.
2544 5345 2659 5398 Ούκ
2685 5344 2920 5413 ἀνοίξεις
2954 5347 3053 5419 τήν
3092 5347 3261 5418 θύραν
3291 5350 3390 5418 τῆς
3414 5349 3581 5421 μονῆς
3608 5350 3705 5403 ἐπὶ
3729 5351 3912 5422 είσὸδῳ

2354 5434 2613 5501 παντοίας
2638 5439 2898 5507 γυναικὸς
2918 5441 3049 5494 άνευ
3078 5442 3323 5512 μεγάλης
3345 5442 3593 5514 ἀνάγκης
3618 5461 3632 5475 ⁸
3663 5445 3715 5498 εί
3742 5444 3802 5499 δι
3827 5445 3907 5499 δυ-

2352 5530 2511 5593 νατὸς
2538 5527 2588 5583 εἶ
2625 5529 2961 5600 άσυμφανῶς
3000 5530 3268 5604 δέχεσθαι,
3308 5533 3429 5588 οὐδὲ
3472 5536 3632 5589 τοῦτο
3670 5537 3908 5607 ἀπόσλη-

2351 5639 2462 5678 τον.

2425 5737 2593 5799 ιζ’.ού
2620 5740 2866 5809 ποιήσεις
2884 5738 3092 5809 σεαυτῷ
3113 5736 3522 5809 καταγώγιον,ἠ
3538 5742 3647 5803 τοῖς
3666 5758 3907 5811 πνευμα-

2352 5831 2522 5893 τικοῖς
2552 5844 2642 5884 σου
2675 5828 2884 5893 τέκνοις
2906 5825 3053 5885 οἷκον
3082 5832 3363 5901 κοσμικὸν,
3404 5833 3463 5886 ἐν
3492 5824 3539 5901 ᾧ
3579 5832 3686 5887 είσι
3723 5834 3905 5904 γυναῖ-
