4188 6472
261 389 395 460 1821

1615 411 2199 477 TESTAMENTUM.

3351 418 3489 483 1822

252 523 374 570 κες,
405 505 499 558 ἐπὶ
556 506 734 578 συχνῷ
783 508 1145 578 παραϐάλλων
1172 528 1185 541 ·
1223 511 1338 564 ἀλλ’
1370 512 1563 584 ἐκλέξῃ
1598 517 1678 578 είς
1722 517 1799 567 άν-

1923 516 2104 581 liercs,
2142 520 2335 574 crebro
2382 522 2641 578 accedens
2669 541 2682 576 :
2710 522 2802 578 sed
2844 521 2984 591 apud
3030 521 3312 589 religiosos
3339 526 3490 581 viros

249 597 395 668 δρῶν
431 597 673 651 εὐλαϐῶν
696 600 794 663 τὰς
822 601 1121 672 παροδικὰς
1165 603 1262 657 καὶ
1296 605 1601 672 ἀναγκαίας
1633 607 1818 676 χρείας

251 688 546 743 ποιεῖσθαι.

323 788 412 852 ιη’.
430 785 502 835 Οὐ
535 785 710 856 κτήσῃ
747 785 993 856 μαθητὴν
1011 787 1090 851 είς
1113 786 1174 840 τὸ
1193 789 1401 843 κελλίον
1418 805 1508 843 σου
1535 789 1818 860 μειράκιον

247 873 586 943 προσπαθὼς
604 893 617 907 ·
635 877 750 929 ἀλλ’
764 880 828 930 ἐκ
849 878 1139 948 προσώπου
1157 883 1486 942 ἀνυπόπτου.
1505 885 1599 935 καὶ
1618 885 1681 936 ἐκ
1703 882 1817 935 δια-

248 963 433 1033 φόρων
467 965 715 1034 ἀδελφῶν
749 968 846 1035 τὴν
885 968 1190 1038 ὑπηρεσίαν
1228 989 1320 1024 σου
1366 975 1635 1040 ποιήσεις.

319 1055 405 1110 ιθ’.
441 1057 513 1109 Οὐ
552 1059 725 1130 κτήσῃ
757 1058 1048 1128 ἱματισμὸν
1092 1060 1492 1132 ἐξηλλαγμένον
1524 1068 1615 1117 καὶ
1651 1066 1816 1120 πολύυ

243 1164 436 1218 τιμον,
475 1149 604 1203 ἄνευ
673 1151 767 1203 τοῦ
830 1152 1126 1222 ἱερατικοῦ.
1180 1154 1340 1208 Ἀλλὰ
1386 1159 1499 1220 τοῖς
1537 1162 1813 1223 ταπεινοῖς

244 1241 675 1310 πατρομιμήτως
704 1241 796 1294 καὶ
831 1242 1041 1296 ἐνδόσει
1080 1245 1171 1297 καὶ
1205 1245 1479 1304 ὑποδύσει.

314 1338 384 1384 κ’.
401 1333 510 1384 Οὐκ
537 1332 635 1406 ἐσῃ
651 1334 1010 1404 ἁϐροδίαιτος,
1027 1335 1150 1388 οὔτε
1177 1338 1233 1390 ἐν
1254 1341 1317 1408 τῇ
1341 1339 1445 1411 ἰδίᾳ
1462 1357 1555 1392 σου
1573 1340 1810 1416 δαπάνῃ,

241 1421 368 1481 οὔτε
403 1426 460 1478 ἐν
488 1429 606 1490 ταῖς
640 1427 929 1497 ὑποδοχαῖς
965 1428 1076 1481 τῶν
1116 1430 1316 1496 ξένων·
1347 1431 1424 1495 ὡς
1466 1433 1609 1487 κατά
1654 1437 1812 1489 τοῦτο

241 1517 664 1588 περισπώμενος
682 1535 696 1549 ·
728 1519 844 1573 ἐστι
867 1520 976 1591 γὰρ
1002 1521 1164 1575 τοῦτο
1185 1525 1285 1593 τῆς
1309 1525 1529 1596 μερίδος
1553 1526 1648 1580 τοῦ
1674 1528 1810 1582 ἀποο

240 1609 537 1664 λαυστικοῦ
562 1611 701 1680 βίου.

311 1702 417 1755 κα’.
437 1703 512 1756 Οὐ
545 1703 895 1773 θησαυρίσεις
921 1704 1142 1774 χρυσίον
1172 1706 1228 1757 ἐν
1256 1709 1320 1777 τῇ
1346 1710 1478 1778 μονῇ
1514 1726 1607 1762 σου
1631 1723 1644 1736 ·
1675 1709 1808 1763 ἀλλὰ

239 1793 301 1846 τὸ
334 1794 475 1848 κατὰ
497 1795 814 1865 περισσείαν
845 1796 934 1848 ἐπὶ
952 1797 1150 1859 παντὸς
1169 1798 1363 1864 εἴδους,
1384 1800 1668 1871 μεταδοίης
1689 1792 1807 1864 τοῖς

239 1876 514 1956 δεομένοις
536 1903 551 1918 ο
592 1888 650 1940 ἐν
677 1887 878 1952 ἀνοίξει
900 1890 1000 1958 τῆς
1029 1888 1200 1957 αὐλῆς
1229 1906 1347 1955 σου,
1371 1891 1552 1957 καθὼς
1578 1895 1626 1947 oi
1657 1895 1803 1961 ἆγιοι

237 1978 506 2048 Πατέρες.

310 2069 416 2138 κβ⁸.
449 2069 522 2122 Οὐ
551 2069 844 2141 κρατήσεις
873 2070 1037 2124 τόπον
1059 2072 1459 2144 ἡσφαλισμένον
1493 2075 1586 2128 καὶ
1607 2075 1704 2146 τὴν
1727 2077 1803 2129 ol-

230 2160 533 2230 κονομικὴν
579 2161 834 2232 φροντίδα
856 2163 1002 2216 ’ἀλλ’
1034 2164 1172 2217 ἐστω
1207 2183 1287 2218 σοι
1306 2165 1474 2231 κλεὶς,
1502 2168 1534 2237 ἠ
1567 2169 1797 2238 μεγίστη

230 2252 345 2305 τῶν
370 2251 558 2322 ψυχῶν
586 2254 829 2323 φροντὶς,
871 2253 960 2307 τοῦ
982 2255 1133 2309 λύειν
1159 2257 1251 2309 καὶ
1278 2257 1517 2327 δεσμεῖν,
1563 2260 1703 2312 κατά
1729 2259 1800 2314 τὰ

228 2344 426 2412 Λόγια.
461 2345 534 2398 Τὸ
562 2347 781 2416 χρυσίον
820 2347 876 2400 δὲ
912 2348 1002 2399 καὶ
1043 2349 1112 2402 τὰ
1151 2349 1291 2402 κατὰ
1315 2350 1526 2420 χρείαν,
1563 2353 1800 2422 ἐγχειρί-

230 2455 346 2500 σεις
374 2441 489 2501 τοῖς
515 2439 836 2509 οἰκονόμοις,
891 2444 1001 2503 τοῖς
1050 2440 1415 2513 κελλαρίταις,
1451 2444 1543 2495 καὶ
1572 2443 1647 2507 ώς
1677 2446 1798 2497 ἐπι-

228 2529 416 2582 ϐάλλει
449 2532 567 2585 καθ’
601 2534 836 2603 ἑκάστην
865 2535 1144 2589 διακονίαν
1179 2555 1270 2590 σου
1295 2539 1560 2608 πρόδηλον
1580 2543 1798 2596 πάντων

226 2622 327 2692 τὴν
352 2623 598 2686 ἐξουσίαν
627 2624 840 2694 ἔχοντος
859 2642 872 2656 ·
901 2627 995 2680 καὶ
1040 2630 1436 2700 μεταφέροντος
1473 2634 1548 2694 ώς
1585 2634 1651 2686 ἂν
1674 2633 1797 2704 βου-

225 2713 360 2784 λεύῃ
392 2715 529 2783 μετά
557 2716 666 2767 τῶν
692 2717 1029 2786 προεχόντων
1054 2721 1112 2772 ἐν
1141 2720 1216 2791 τῷ
1245 2721 1461 2789 τυχόντι
1490 2724 1793 2793 προσώπῳ,

227 2806 630 2875 ἀπολαμϐάνων
656 2809 746 2860 τὸν
776 2809 932 2877 λόγον
970 2811 1207 2882 ἑκάστης
1239 2813 1580 2884 διοικήσεως.

301 2896 404 2966 κγ’.
423 2899 497 2951 Οὐ
527 2902 883 2971 προτιμήσεις
914 2901 1009 2954 τοῦ
1044 2906 1456 2975 συμμφέροντος
1482 2909 1546 2977 τῇ
1577 2908 1798 2977 ἁδελφό-

225 3005 350 3057 τητι
370 2989 660 3058 πρόσωπον
680 2994 877 3057 παντὸς
900 2993 1084 3064 ἐτέρου
1113 2995 1419 3066 ἀνθρώπου,
1445 2999 1797 3070 ὑπερέχοντος

227 3080 324 3132 καὶ
353 3081 757 3147 ἐξουσιάζοντος
808 3085 948 3137 κατὰ
999 3086 1090 3138 τὸν
1138 3089 1379 3157 παρόντα
1423 3091 1630 3144 αίῶνα·
1669 3093 1795 3146 οὔτε

1920 614 2104 681 potius
2130 613 2428 677 ilivcrsare,
2452 624 2507 668 et
2542 614 2852 668 transitoria
2883 615 2984 667 via:
3020 614 3266 668 subsidia
3294 632 3490 687 capere

1919 705 2186 759 studebis.

1994 794 2078 848 l8.
2097 794 2212 848 Non
2229 795 2451 850 habebis
2475 797 2526 850 in
2551 797 2683 851 cella
2702 805 2789 850 tua
2815 798 3141 867 discipulum
3167 801 3486 856 adolescen-

1917 892 2048 950 tem,
2081 901 2190 954 quo
2223 885 2466 942 afliciare
2498 906 2511 941 :
2544 889 2637 943 sed
2689 889 2990 944 ministeria
3039 901 3129 944 tua
3163 893 3363 946 obeant
3389 893 3484 946 die-

1917 977 2058 1031 versi
2087 977 2303 1042 l‘ratres,
2337 988 2391 1033 et
2423 980 2645 1034 minime
2672 982 2933 1050 suspecti.

1987 1069 2073 1125 19.
2110 1068 2230 1123 Non
2258 1071 2426 1126 uteris
2460 1073 2782 1126 vestimento
2827 1073 3106 1127 elaborato
3133 1086 3184 1128 et
3211 1076 3482 1144 pretioso,

1913 1171 2273 1233 praterquam
2335 1165 2690 1230 sacerdotali;
2743 1165 2835 1219 sed
2883 1167 3214 1234 humilibus,
3261 1166 3482 1223 Patrum

1911 1256 2182 1324 exemplo,
2213 1256 2452 1316 imluere,
2483 1269 2536 1310 et
2567 1257 2896 1311 calceabere.

1981 1344 2071 1398 20.
2100 1343 2216 1398 Non
2240 1347 2348 1400 eris
2371 1345 2634 1401 delicatus
2651 1362 2714 1401 ac
2737 1347 2938 1413 lautus,
2967 1363 3146 1418 neque
3179 1349 3232 1404 in
3267 1351 3482 1419 privato

1911 1451 2129 1508 sumptu
2180 1450 2294 1500 tuo.
2331 1455 2506 1508 neque
2551 1441 2604 1493 in
2652 1441 2928 1509 hospitum
2981 1442 3324 1510 receptione;
3359 1453 3480 1497 tan-

1910 1549 2072 1601 quam
2115 1548 2176 1586 ea
2203 1547 2332 1586 cura
2361 1532 2683 1587 distrahatis
2721 1548 2737 1586 :
2771 1533 2872 1587 hoc
2905 1535 3049 1588 enim
3086 1535 3362 1604 proprium
3393 1544 3482 1591 est

1910 1623 2031 1676 vita:
2059 1623 2396 1691 voluptarize.

1977 1715 2067 1770 21.
2096 1715 2212 1769 Non
2243 1716 2505 1769 recondas
2534 1732 2726 1770 aurum
2753 1717 2805 1770 in
2851 1719 3184 1773 monasterio
3231 1730 3346 1784 tuo,
3379 1719 3476 1776 sed

1909 1805 2169 1876 quidquid
2196 1807 2247 1858 in
2273 1820 2603 1876 unoquoque
2616 1821 2812 1875 genere
2825 1808 3165 1874 redundabit,
3193 1809 3480 1877 indigenti-

1905 1903 2009 1955 bus
2044 1900 2258 1970 largire,
2290 1901 2546 1968 adaperto
2578 1898 2719 1953 atrio
2753 1909 2865 1964 tuo,
2903 1899 3043 1955 sicut
3067 1901 3242 1956 sancti
3265 1900 3474 1957 Patres.

1970 2073 2059 2128 εἳ.
2083 2073 2199 2130 Non
2221 2076 2458 2130 servabis
2478 2077 2654 2130 locum
2675 2076 2966 2141 munitum,
2988 2091 3087 2130 nec
3110 2092 3297 2130 curam
3320 2092 3476 2146 geras

1899 2166 2295 2220 (economicam
2347 2185 2361 2218 :
2405 2165 2497 2219 sed
2556 2166 2726 2220 clavis
2771 2177 2892 2221 esto
2955 2167 3050 2220 tibi
3094 2182 3307 2221 summa
3344 2182 3474 2223 cura

1901 2259 2230 2321 animarum,
2263 2258 2330 2312 ad
2363 2259 2678 2312 solvendum
2715 2267 2769 2312 et
2794 2259 3254 2330 ligandumJuxta
3287 2261 3476 2331 Scrip.

1899 2361 2099 2404 turam.
2144 2351 2353 2404 Aurum
2399 2360 2580 2404 autem
2611 2358 2667 2403 et
2697 2366 2783 2405 res
2813 2352 2934 2404 usui
2959 2352 3298 2405 necessarias
3323 2366 3474 2405 com-

1899 2444 2082 2497 mittes
2136 2443 2458 2508 uaconomis,
2500 2442 2735 2497 cellariis
2775 2453 2831 2496 et
2878 2443 3113 2507 wteris,
3161 2453 3220 2496 ut
3273 2443 3474 2512 cuique

1898 2535 2149 2591 convenit
2181 2551 2246 2590 ex
2279 2535 2462 2590 oilicio
2489 2553 2501 2588 :
2532 2535 2603 2587 ita
2639 2534 2895 2588 nimirum
2922 2546 2980 2588 ut
3001 2536 3244 2588 omnium
3271 2534 3473 2590 habeas

1896 2638 2261 2698 pmestatem;
2316 2637 2369 2680 et
2418 2626 2715 2681 transleras
2787 2635 2950 2696 prout
3021 2627 3374 2696 praeceperis,
3411 2625 3466 2680 in

1897 2717 2043 2770 hunc
2091 2717 2174 2770 vel
2231 2717 2402 2782 illum,
2464 2718 2730 2772 rationein
2777 2717 2997 2788 exigens
3042 2717 3471 2787 uniuscujusque

1896 2810 2410 2864 administrationis.

1965 2901 2052 2955 23.
2069 2898 2184 2955 Non
2200 2910 2498 2969 anteponas
2519 2900 2744 2954 fratrum
2761 2901 2974 2955 utilitati
2990 2915 3273 2969 personam
3292 2900 3472 2970 cujus.

1896 3008 2002 3063 que
2031 2993 2258 3046 alterius
2304 2994 2540 3048 hominis
2579 2992 2868 3047 eminentis
2909 3007 2974 3046 ac
3000 2991 3234 3062 potentis
3270 3007 3474 3047 secun-

1871 3086 2023 3139 dum
2063 3086 2343 3139 saeculum.
2373 3084 2483 3138 Nec
2518 3083 2754 3152 refugies
2811 3098 2908 3152 pro
2952 3082 3262 3136 divinarum
3288 3083 3468 3153 legum

226 3171 550 3238 ὐποσταλεῖς
607 3175 794 3245 μέχρις
821 3176 1057 3245 αἵματος
1105 3179 1198 3230 ἐπὶ
1242 3181 1452 3253 φυλακῇ
1505 3184 1614 3236 τῶν
1637 3184 1797 3245 θείων

1899 3190 1962 3228 ac
1995 3184 2384 3244 praeceptorum
2415 3173 2822 3237 observatione,
2849 3173 3089 3227 animam
3115 3183 3261 3226 tuam
3295 3187 3472 3243 usque

226 3265 430 3332 νόμων,
458 3266 551 3318 καὶ
578 3266 828 3329 ἐντολῶν,
855 3266 1133 3335 προθεῖναι
1173 3269 1271 3339 τὴν
1298 3271 1476 3342 ψυχήν
1508 3290 1623 3328 σου.

299 3354 395 3409 κδ’.
419 3357 494 3410 Οὐ
522 3359 766 3428 ποιήσεις
789 3376 840 3410 τι
870 3358 902 3429 ἦ
927 3359 1152 3429 πράξεις
1171 3363 1509 3417 κατόίκείαν
1541 3365 1792 3436 γνώμην,

225 3449 288 3514 ἐν
320 3451 603 3522 πράγματι
642 3454 808 3504 παντὶ
829 3453 937 3505 τῶν
966 3470 1024 3506 τε
1059 3454 1308 3524 ψυχικῶν
1338 3461 1428 3510 καὶ
1459 3459 1566 3511 τῶν
1600 3477 1790 3529 σωμα-

223 3542 394 3594 τικῶν
418 3560 430 3574 ·
462 3544 677 3614 πρῶτον
711 3545 811 3614 μὲν
837 3547 966 3599 ἄνευ
999 3545 1196 3615 βουλῆς
1234 3550 1326 3600 καὶ
1362 3549 1526 3620 εὐχῆς
1553 3551 1646 3603 τοῦ
1676 3553 1790 3604 Κυ-

227 3634 344 3705 ρίου
369 3634 463 3688 καὶ
494 3636 703 3706 Πατρός
727 3652 843 3697 σου,
866 3635 1058 3690 ἔπειτα
1079 3638 1184 3692 τῶν
1213 3643 1551 3711 προεχόντων
1573 3645 1630 3695 ἐν
1651 3643 1792 3711 γνώ·

227 3744 311 3780 σει
341 3727 432 3780 καὶ
469 3727 729 3798 εὐλαϐείᾳ
768 3729 908 3782 κατὰ
957 3728 1055 3798 τὴν
1101 3733 1468 3802 ὑποκειμένην
1492 3734 1786 3786 ὑπόθεσιν·

225 3821 343 3884 ἐνὸς
364 3821 472 3892 γὰρ
500 3821 660 3891 χρεία
701 3822 864 3892 τυχὸν
891 3824 922 3893 ἢ
955 3824 1069 3890 δύο,
1107 3827 1138 3897 ἦ
1177 3826 1424 3899 τριῶν,ἢ
1459 3827 1553 3878 καὶ
1608 3828 1792 3880 πλειό-

224 3931 332 3966 νων
391 3912 576 3983 ῶσπερ
647 3914 1013 3985 ἐντετάλμεθα
1067 3918 1348 3989 πατρικῶς
1383 3959 1398 3983 ,
1451 3921 1544 3972 καὶ
1607 3919 1791 3990 διήξα-

227 4020 346 4074 μεν.

295 4095 479 4148 Ταῦτα
528 4094 706 4148 πάντα
756 4098 850 4149 καὶ
889 4097 988 4150 ὅσα
1018 4097 1178 4166 ἕτερα
1218 4080 1495 4163 ἐξέλάϐου,
1528 4115 1788 4171 παραφυ-

222 4186 422 4253 λάξεις,
450 4189 545 4240 καὶ
576 4191 908 4259 φρουρήσεις
927 4206 940 4221 ·
980 4190 1064 4242 ἴνα
1093 4186 1151 4243 εὖ
1181 4207 1262 4244 σοι
1293 4191 1539 4262 γένηται.
1565 4196 1673 4246 Καὶ
1692 4195 1789 4266 ἐσῃ

223 4279 678 4348 κατευοδούμενος
710 4283 767 4334 ἐν
809 4281 997 4352 Κυρίῳ
1022 4297 1036 4311 ⁶
1069 4283 1132 4336 τὸ
1175 4285 1282 4352 γὰρ
1337 4285 1576 4337 ἐναντίον
1623 4287 1788 4357 ἀπείη

224 4375 317 4427 καὶ
347 4374 525 4441 λέγειν
552 4376 646 4427 καὶ
685 4376 904 4430 ἐννοεῖν.

621 4467 887 4520 Ἐντολαί
921 4467 1046 4532 τοῖς
1079 4469 1383 4539 ἀδελφοῖς.

1899 3267 1965 3321 ad
2006 3266 2326 3336 sanguinem
2361 3281 2651 3336 apponere.

1966 3357 2055 3413 25.
2080 3355 2198 3411 Non
2218 3356 2384 3413 iacies
2407 3358 2487 3411 vel
2506 3371 2631 3426 ages
2649 3356 2944 3426 quidquam
2960 3373 3025 3410 ex
3046 3357 3264 3427 proprio
3301 3372 3469 3413 sensu

1900 3452 1952 3506 in
1981 3468 2038 3505 re
2063 3452 2190 3515 ulla,
2221 3452 2335 3506 sive
2363 3451 2428 3504 ad
2457 3451 2695 3504 animam
2726 3460 2950 3518 Spectet,
2988 3453 3102 3505 sive
3139 3451 3205 3505 ad
3233 3466 3465 3520 corpus;

1899 3540 2134 3609 primum
2168 3539 2285 3594 sine
2308 3539 2540 3593 consilio
2570 3553 2632 3591 ac
2662 3547 2786 3592 voto
2831 3538 3040 3592 domini
3063 3555 3126 3593 ac
3151 3538 3331 3593 Patris
3355 3539 3465 3593 tui:

1898 3631 2092 3686 deinde
2143 3632 2376 3684 aliorum
2430 3631 2638 3699 judicio
2675 3639 2730 3685 et
2781 3631 2977 3700 pietate
3019 3631 3466 3700 pracellenlium,

1899 3735 2059 3794 prout
2105 3725 2350 3794 subjecta
2416 3741 2501 3777 res
2557 3725 2841 3793 postulat:
2880 3738 2990 3776 uno
3037 3725 3179 3777 enim
3233 3723 3465 3777 forsitan

1895 3832 2034 3886 opus
2060 3827 2164 3879 est.
2195 3827 2290 3871 aut
2316 3817 2549 3879 duobus,
2574 3825 2664 3869 aut
2691 3817 2884 3879 tribus,
2903 3815 3260 3884 autplnribus
3279 3815 3466 3879 etiam,

1898 3911 2042 3963 sicut
2069 3924 2099 3962 a
2139 3907 2391 3961 Patribus
2433 3907 2588 3961 nobis
2619 3916 2947 3976 praeceptum
2976 3915 3081 3959 est.

1970 4085 2092 4142 Haec
2107 4085 2312 4148 omnia,
2337 4094 2741 4154 etquaecunque
2762 4083 2864 4136 alia
2891 4082 3168 4152 accepisti,
3194 4080 3465 4148 servabis,

1895 4189 1950 4234 et
1978 4178 2273 4244 custodies,
2307 4187 2363 4229 ut
2387 4177 2520 4231 bene
2547 4176 2640 4230 tibi
2670 4175 2759 4236 sit,
2789 4185 2843 4229 et
2864 4185 3007 4229 recte
3029 4175 3342 4231 ambulcsin
3367 4173 3474 4232 Do-

1897 4274 2068 4328 mino.
2091 4271 2437 4326 Contrarium
2463 4269 2605 4322 enim
2636 4268 2778 4323 absit
2796 4268 2878 4322 vel
2903 4268 3084 4323 dicere
3099 4269 3183 4324 vel
3205 4271 3464 4340 cogitare.

2304 4470 2581 4540 Prwcepta
2612 4469 2870 4539 fratribus
2907 4470 3058 4522 data.

293 4558 464 4628 Δεῦρο
487 4561 580 4612 καὶ
616 4561 794 4629 ὑμεῖς,
829 4555 874 4614 ὦ
896 4563 1062 4615 τέκνα
1093 4581 1192 4632 μου
1229 4567 1323 4618 καὶ
1343 4566 1579 4635 ἀδελφοί,
1631 4568 1792 4623 ἀκού-

1969 4569 2161 4621 Adeste
2179 4575 2234 4620 et
2255 4581 2373 4628 vos,
2405 4565 2499 4618 lilii
2527 4565 2632 4617 mei
2656 4578 2720 4616 ac
2741 4563 2955 4626 fratres,
2975 4571 3028 4616 et
3060 4562 3244 4619 audite
3273 4563 3468 4620 miscr-

225 4652 357 4704 σατέ
386 4668 487 4720 μου
518 4655 616 4723 τῆς
645 4654 1000 4724 οίκτροτάτης
1044 4655 1245 4722 φωνῆς.
1282 4656 1519 4722 Δέξασθε
1569 4660 1662 4711 τὸν
1692 4659 1790 4713 κύ-

229 4759 342 4813 ριον
398 4744 490 4795 τὸν
543 4743 866 4814 ἡγούμενον,
924 4746 1107 4810 καθὼς
1160 4746 1474 4812 ἐξελέξασθε
1522 4751 1684 4804 αὐτὸν
1733 4753 1782 4805 oi

225 4837 427 4896 πάντες
452 4854 465 4866 ’
493 4837 670 4889 οὐδενὶ
689 4838 798 4908 γὰρ
822 4838 997 4902 ἔξεστι
1031 4840 1150 4892 κατ’
1188 4840 1378 4893 οὐδένα
1404 4843 1604 4912 τρόπον
1638 4846 1792 4915 αἱρή-

226 4929 420 4983 σασθαι
456 4929 613 4982 ἄλλον
647 4930 770 4990 τινὰ
825 4929 938 5000 βίον
981 4932 1112 5002 παρ’
1139 4930 1167 4983 ὃ
1195 4933 1429 5004 ὑπάρχει
1454 4952 1467 4966 ο
1496 4937 1588 4988 καὶ
1635 4929 1792 4999 οὗτος

222 5023 252 5075 ὁ
277 5021 476 5090 δεσμὸς
505 5021 608 5072 ὑπὸ
652 5022 880 5091 Κυρίου.
927 5022 1268 5076 Ἀσπάσασθε
1300 5027 1462 5078 αὐτὸν
1502 5027 1576 5090 ώς
1621 5027 1793 5081 διάδο-

225 5113 318 5183 χόν
353 5131 474 5183 μου,
499 5112 565 5164 δι’
588 5113 764 5176 αἰδοῦς
795 5114 888 5164 καὶ
928 5114 1096 5184 τιμῆς
1127 5115 1560 5186 προσϐλέποντες
1589 5119 1750 5171 αὐτόν
1774 5133 1789 5148 ⁶

227 5206 323 5259 καὶ
367 5205 462 5258 τὸν
489 5205 586 5273 τῆς
621 5205 899 5275 ὑποταγῆς
933 5208 1133 5260 κανόνα
1176 5209 1405 5278 νόμιμον
1456 5209 1530 5271 ώς
1577 5212 1634 5260 ἐν
1671 5209 1792 5278 ἐμοὶ

228 5301 322 5353 καὶ
353 5300 410 5352 ἐν
436 5297 583 5368 αὐτῷ
605 5298 990 5368 διαφυλαξατε,
1022 5301 1096 5371 μὴ
1123 5301 1587 5371 καταφρονοῦντες
1610 5302 1706 5370 τῆς
1736 5304 1792 5354 ἐν

225 5389 420 5462 Κυρίῳ
466 5393 668 5460 νεαρᾶς
699 5393 966 5465 προϐολῆς
1015 5394 1178 5448 αὐτοῦ
1205 5411 1216 5423 ·
1255 5395 1387 5464 μηδέ
1436 5393 1792 5462 ἐκζητοῦντες

227 5480 411 5534 πλεῖόν
457 5498 510 5533 τι
573 5483 724 5552 παρὰ
780 5485 890 5536 τῶν
955 5485 1308 5554 δωρηθέντων
1354 5485 1503 5553 αὐτῷ
1548 5485 1652 5537 ὐπὸ
1699 5482 1791 5536 τοῦ

227 5569 544 5640 Πνεύματος
574 5570 666 5623 τοῦ
720 5572 878 5638 ἁγίου
930 5571 1304 5644 χαρισμάτων.
1348 5575 1600 5644 Ἀρκετὸν
1641 5573 1791 5643 αὐτῷ

225 5655 608 5732 διακρατῆσαι,
642 5662 783 5734 ἅπερ
813 5666 962 5734 παρά
996 5665 1096 5735 τῆς
1138 5665 1518 5730 ταπεινώσεως
1563 5684 1666 5736 μου
1704 5668 1791 5718 ἐν-

225 5754 500 5808 τέταλται.
539 5756 642 5808 Καὶ
671 5758 716 5806 εἰ
743 5757 988 5824 ἀγαπᾶτέ
1024 5777 1111 5828 με,
1139 5759 1305 5812 τέκνα
1346 5776 1469 5829 μου,
1497 5759 1595 5820 τὰς
1641 5759 1787 5810 ἐντο-

228 5849 323 5910 λάς
351 5864 453 5916 μου
490 5847 780 5913 φυλάξατε.
816 5852 921 5903 Καὶ
943 5852 1040 5920 τὴν
1067 5854 1288 5923 εἰρήνην
1312 5855 1368 5906 ἐν
1404 5854 1618 5914 ἑαυτοῖς
1640 5851 1786 5920 ἔχετε

1895 4658 2091 4713 rimam
2134 4671 2322 4711 vocem
2371 4670 2568 4708 meam.
2599 4653 2868 4722 Suscipite
2893 4653 3172 4707 dominum
3203 4655 3467 4724 preposi-

1896 4754 2036 4806 tum,
2068 4742 2212 4795 sicut
2257 4739 2466 4808 clegisti
2502 4739 2677 4806 ipsum
2725 4753 2944 4802 omnes;
2974 4738 3176 4792 nemini
3203 4739 3346 4792 enim
3380 4737 3466 4795 fas

1893 4846 2004 4902 est,
2042 4834 2153 4888 ullo
2203 4833 2364 4886 modo
2410 4831 2573 4886 aliam
2629 4831 2940 4900 quampiam
3005 4831 3171 4883 vitam
3230 4830 3461 4902 eligere,

1893 4936 2088 4998 praeter
2135 4940 2298 4996 quam
2346 4925 2571 4978 sortitus
2620 4933 2704 4977 est
2735 4940 2747 4976 :
2780 4931 2835 4976 et
2876 4922 2979 4975 hoc
3018 4921 3293 4976 vinculum
3320 4933 3404 4978 est
3430 4938 3463 4979 a

1896 5020 2144 5076 Domino.
2172 5015 2577 5088 Amplectimiui
2607 5015 2758 5070 illum
2793 5024 3048 5082 tanquam
3085 5029 3462 5070 successorem

1894 5133 2097 5177 meum,
2131 5130 2254 5170 cum
2288 5111 2586 5167 reverentia
2618 5121 2672 5166 et
2690 5111 2894 5164 honore
2923 5109 3196 5164 intuentes
3229 5109 3282 5163 in
3313 5124 3459 5175 eum,

1893 5221 1947 5265 et
1965 5209 2260 5282 legitimam
2285 5205 2604 5261 ohedientim
2630 5204 2870 5274 regulam
2893 5216 3021 5270 erga
3047 5201 3198 5255 illum
3224 5209 3460 5262 servate.

1898 5313 2153 5373 tanquam
2204 5315 2329 5370 erga
2383 5313 2470 5352 me
2526 5298 2724 5368 ipsum,
2759 5312 2954 5351 novam
2985 5295 3105 5367 ejus
3143 5296 3197 5349 in
3227 5295 3462 5349 Domino

1897 5395 2292 5465 proumtionem
2346 5392 2570 5447 minime
2625 5401 2964 5460 spernentes,
2996 5404 3097 5443 nec
3139 5389 3260 5458 plus
3303 5387 3463 5457 quid—

1893 5504 2056 5559 quam
2101 5488 2152 5540 in
2201 5501 2266 5540 eo
2296 5485 2653 5555 requirentes.
2684 5498 2846 5551 quam
2879 5482 2925 5536 ei
2962 5496 2990 5534 a
3029 5479 3232 5550 Spiritu
3268 5488 3462 5534 sancto

1894 5591 2216 5631 concessum
2243 5575 2311 5630 sit
2342 5571 2814 5642 :quandoquiilem
2851 5572 2896 5624 ei
2933 5569 3153 5633 sufﬁcit,
3185 5579 3245 5623 ut
3273 5583 3333 5622 ea
3363 5570 3461 5623 ob-

1893 5679 2088 5732 servet,
2117 5683 2238 5736 qua:
2263 5667 2330 5720 ab
2353 5665 2655 5719 humilitate
2687 5679 2805 5718 mea
2829 5671 3094 5732 praecepta
3125 5671 3273 5716 sunt.
3300 5659 3458 5727 Quod

1892 5760 1937 5815 si
1983 5759 2207 5828 diligitis
2256 5774 2361 5820 me,
2397 5757 2488 5810 lilii
2520 5756 2645 5816 mei,
2677 5755 2934 5808 mandata
2978 5768 3096 5807 mea
3130 5760 3364 5817 servate,
3403 5760 3457 5806 et

1895 5870 2078 5924 pacein
2113 5855 2249 5908 inter
2280 5869 2373 5907 vos
2437 5853 2707 5906 habetote.
2741 5849 3056 5919 Angelicum
3116 5845 3448 5916 promissum
