4188 6474
705 405 842 468 1823

1586 407 1646 466 S.
1677 406 2064 466 THEODORI
2118 402 3077 466 STUDITETESTAMENTUM.

3807 389 3944 455 ιδει

703 526 946 569 vestrum
994 513 1370 584 incorruptum
1425 513 1731 580 custodite,
1770 516 1820 568 in
1869 514 2023 568 caelis
2079 512 2320 570 ambu-l

2393 512 2429 562 τὸ
2451 511 2744 579 ἀγγελικὸν
2794 511 2950 582 ὑμῶν
2983 508 3305 578 ἐπάγγελμα
3359 505 3720 574 ἀδιάψευστον
3772 503 3943 572 τηρή-

705 609 904 662 lantes.

776 699 1033 754 Mundum
1064 699 1190 754 odio
1229 699 1511 762 habentes,
1544 700 1609 752 ad
1638 699 1826 752 mundi
1860 714 2022 766 opera
2048 713 2115 752 ne
2144 711 2276 752 con-

707 793 1013 846 vertamini.
1041 790 1244 846 Solutis
1278 793 1506 846 vinculis
1530 792 1827 845 carnalium
1860 791 2176 854 affectuum,
2210 805 2277 844 ne

711 883 764 937 in
796 884 1013 938 eosdem
1048 885 1242 938 iterum
1285 883 1618 954 impingatis.

781 1064 884 1132 Qui
905 1066 1158 1120 omnibus
1180 1066 1400 1120 caducis
1435 1065 1599 1130 huius
1630 1066 1753 1118 vitae
1786 1065 2054 1120 illecebris
2080 1079 2280 1118 renuu-

713 1160 910 1222 tiastis,
945 1176 973 1214 a
998 1162 1284 1230 praeposito
1326 1172 1506 1216 vestro
1537 1161 1715 1215 studio
1737 1171 1789 1214 et
1819 1161 2141 1214 obedientiae
2169 1176 2282 1214 cer-

715 1253 917 1305 tamine
941 1267 1008 1306 ne
1035 1253 1290 1307 resiliatis
1324 1269 1418 1322 per
1443 1253 1713 1322 ignaviam
1750 1291 1766 1318 ,
1801 1253 1970 1308 risum
2021 1251 2281 1306 daemoni-

715 1341 818 1396 bus
847 1343 1164 1409 prahentes.

784 1433 864 1486 Ad
903 1448 1125 1486 cursum
1161 1435 1477 1488 obedientia':
1521 1451 1692 1503 usque
1721 1435 1786 1488 ad
1821 1434 1978 1488 finem
2007 1434 2278 1501 insistite;

715 1533 777 1577 ut
801 1523 1304 1581 immarcecsibiletn
1336 1527 1558 1596 justiti:e
1590 1543 1846 1581 coronam
1880 1526 2192 1596 reponetis.

789 1695 1160 1753 Humilitatem
1245 1709 1555 1766 sectantes,
1615 1700 1946 1755 voluntatem
2009 1701 2280 1771 propriam

715 1789 1001 1859 abnegate,
1043 1792 1108 1844 ad
1141 1807 1202 1845 ea
1233 1792 1408 1846 solum
1461 1808 1560 1844 vos
1607 1791 2034 1855 couformautes,
2082 1808 2202 1861 quae
2251 1807 2280 1845 a

718 1854 1002 1951 praeposito
1031 1895 1209 1938 vestro
1235 1883 1434 1938 fuerint
1458 1886 1774 1954 approbata.
1794 1885 1856 1938 Et
1875 1885 1917 1937 si
1937 1854 2151 1953 quidem
2172 1885 2284 1938 hac
2312 1854 2358 1913 Β

722 1968 1048 2029 scitis.beati
1072 1972 1247 2032 eritis,
1275 1972 1318 2024 si
1348 1972 1414 2024 ad
1449 1973 1606 2024 linem
1646 1988 1815 2042 usque
1857 1974 1944 2026 illa
1980 1975 2282 2030 servabitis.

726 2062 836 2116 Vos
886 2064 1026 2116 enim
1080 2076 1379 2134 martyrum
1411 2065 1614 2119 chorus
1661 2067 1917 2135 excipiet,
1958 2069 2287 2137 coronisque

718 2154 772 2205 in
813 2167 979 2222 regno
1006 2156 1267 2208 cwlorutn
1300 2155 1556 2221 redimiti,
1585 2157 1926 2226 sempiternis
1957 2158 2113 2212 bouis
2141 2157 2285 2211 frue-

719 2245 872 2297 mini.

1368 2335 1640 2408 Epilogus.

791 2427 866 2482 De
903 2439 1120 2493 caetero,
1151 2431 1368 2496 fratres,
1405 2436 1598 2486 valete.
1635 2433 1736 2487 lter
1801 2435 1944 2487 enim
1991 2436 2287 2505 ingredior,

723 2519 865 2573 unde
916 2523 1120 2576 reditus
1175 2538 1281 2576 non
1325 2533 1471 2592 patet
1502 2543 1516 2575 :
1547 2525 1690 2594 quod
1735 2540 1924 2580 omnes
1953 2528 2020 2579 ab
2051 2542 2166 2580 aevo
2201 2528 2285 2582 in-

722 2614 894 2683 gressi
954 2624 1081 2668 sunt
1120 2633 1133 2668 :
1171 2617 1312 2684 quod
1369 2625 1424 2670 et
1479 2632 1577 2670 vos
1627 2617 1995 2686 postmodum,
2036 2619 2136 2672 hac
2185 2620 2286 2672 vita

725 2712 981 2772 peracta,
1021 2703 1319 2773 ingressuri
1373 2707 1526 2760 estis.
1581 2705 1772 2777 Ignoro
1834 2719 2043 2775 autem,
2083 2709 2290 2764 Ifratres

727 2795 854 2856 mei,
904 2811 1012 2864 quo
1066 2812 1322 2865 pergam,
1354 2807 1407 2852 et
1439 2799 1599 2868 quale
1625 2799 1891 2868 judicium
1931 2817 2015 2854 me
2055 2811 2288 2863 maneat,

725 2891 820 2937 aut
847 2886 1097 2953 quisnam
1131 2903 1216 2941 me
1247 2891 1397 2941 locus
1435 2891 1696 2957 excipiet;
1726 2907 1862 2957 opus
1899 2892 2042 2943 cnim
2090 2892 2290 2944 bonum

728 2976 782 3029 in
810 2987 1103 3046 conspectu
1139 2978 1233 3033 Dei
1268 2981 1476 3033 nullum
1519 2983 1626 3048 egi,
1655 2996 1719 3034 ne
1753 2998 1918 3034 unum
1953 2982 2204 3050 quidem;
2241 2992 2294 3036 at

728 3076 915 3119 contra
945 3081 1071 3120 reus
1113 3083 1232 3121 sum
1267 3074 1446 3123 omnis
1475 3071 1700 3138 peccati.
1731 3069 2115 3125 Verumtamen
2144 3072 2295 3126 laetor

2378 620 2528 666 σατε,
2558 604 2825 672 οὐρανίως
2852 604 3230 674 πορευόμενοι.

2445 697 2549 748 Τὸν
2585 696 2787 763 κόσμον
2815 699 3162 764 μισήσαντες,
3204 692 3277 763 μὴ
3305 690 3681 760 ἑπιστραφῆτε
3715 686 3852 755 πρὸς
3875 688 3944 738 τά

2375 787 2470 840 τοῦ
2495 788 2699 857 κόσμου
2737 788 2893 857 ἔργα.
2921 787 3182 849 Λυθὲντες
3207 786 3314 836 τῶν
3335 783 3548 852 δεσμῶν
3568 781 3665 846 τῆς
3689 795 3943 845 προσπα-

2379 879 2549 943 θείας,
2593 879 2668 950 μὴ
2713 879 2964 949 unum
3016 877 3176 941 αὖθις
3223 875 3359 946 πρὸς
3397 876 3494 935 τὰς
3529 871 3803 939 σαρκικάς
3827 869 3947 937 σχέ-

2380 984 2516 1030 σεις.

2461 1060 2930 1130 Ἀπαρνησάμενοι
2983 1059 3160 1112 πάντα
3207 1055 3275 1109 τά
3309 1053 3519 1124 τερπνά
3568 1052 3662 1104 καὶ
3708 1049 3949 1118 ἐπίκηρα

2380 1153 2474 1206 τοῦ
2500 1155 2765 1223 παρόντος
2799 1154 2940 1222 βίου,
2979 1153 3054 1221 μὴ
3103 1151 3171 1203 δι’
3209 1148 3501 1216 ὀλιγωρίαν
3557 1143 3950 1211 ἀποπηδησητε

2379 1249 2478 1316 τῆς
2499 1246 2796 1316 ἀθλητικῆς
2828 1245 2981 1316 ὑμῶν
3011 1242 3311 1312 ὑποταγῆς,
3343 1240 3626 1310 γενόμενοι
3654 1237 3949 1306 ὲπίχαρμα

2380 1337 2666 1406 δαιμόνων.

2452 1429 2596 1498 Πρὸς
2623 1430 2715 1481 τὸν
2738 1427 2938 1499 δρόμον
2972 1426 3072 1496 τῆς
3116 1424 3397 1492 ὑποταγῆς
3439 1423 3602 1492 μέχρι
3640 1419 3829 1481 τέλους
3861 1421 3954 1484 ἑγ-

2385 1522 2788 1591 καρτερήσατεο
2813 1519 2898 1572 ἵνα
2935 1520 3028 1573 τὸν
3058 1517 3154 1589 τῆς
3193 1514 3538 1584 δικαιοσύνης
3579 1512 3952 1587 ἀμαράντινον

2385 1613 2646 1681 στέφανον
2679 1610 3003 1680 κομίσησθε.

2453 1705 2532 1775 Τῇ
2563 1702 3026 1772 ταπεινοφροσύνῃ
3055 1700 3333 1770 ἀγόμενοι.
3360 1698 3594 1768 ἀρνηταὶ
3619 1695 3716 1750 τοῦ
3745 1696 3951 1750 οἰκείου

2385 1793 2684 1866 θελήματος
2730 1793 3169 1864 γένοισθε-πρὸς
3225 1792 3360 1861 μόνα
3414 1789 3841 1859 διατυπούμενοι
3881 1789 3952 1839 τὰ

2387 1889 2537 1958 παρά
2573 1887 2665 1940 τοῦ
2696 1886 3107 1956 καθηγουμένου
3151 1885 3306 1954 ὑμῶν
3346 1883 3733 1954 ἐγκρινόμενα,
3767 1882 3876 1932 Καὶ
3907 1883 3956 1930 εί

2385 1977 2556 2032 ταῦτα
2603 1977 2803 2041 οἴδατε,
2857 1976 3116 2046 μακάριοί
3173 1978 3316 2039 ἐστε,
3349 1975 3444 2028 ἑάν
3492 1974 3782 2044 φυλάξοιτε
3819 1974 3957 2026 αὒτά

2387 2071 2516 2138 ἄχρι
2545 2070 2755 2130 τέλους.
2805 2069 2862 2121 '0
2883 2070 2991 2137 γὰρ
3021 2069 3178 2138 χορὸς
3207 2069 3315 2120 τῶν
3349 2069 3637 2139 μαρτύρων
3669 2069 3816 2136 ὑμᾶς
3841 2066 3957 2118 είσ-

2386 2161 2616 2228 δέξεται.
2645 2162 2753 2214 Καὶ
2791 2161 3327 2230 στεφανηφοροῦντες
3366 2163 3424 2214 ὲν
3462 2164 3527 2231 τῇ
3569 2159 3821 2230 βασιλεία
3849 2160 3960 2212 τῶν

2386 2252 2652 2322 οὐρανῶν,
2694 2251 2802 2303 τῶν
2830 2252 3067 2304 αίωνίων
3116 2251 3336 2317 ἀγαθῶν
3364 2251 3741 2304 ἀπολαύσοιτε.

3003 2342 3332 2408 Ἐπίλοτος.

2461 2435 2571 2488 Καὶ
2586 2435 2794 2499 λοιπὸν,
2818 2433 2983 2487 τέκνα
3002 2475 3015 2497 ,
3037 2432 3298 2497 σώζοισθε
3327 2447 3342 2463 ⁸
3361 2433 3670 2503 ἀποδημίαν
3687 2435 3796 2502 γὰρ
3819 2430 3963 2485 στέλ-

2389 2525 2551 2593 λομαι
2588 2527 3017 2596 ἀνεπίστροφον·
3052 2525 3119 2595 ἠν
3161 2525 3359 2582 πάντες
3397 2525 3446 2577 οἱ
3495 2525 3589 2576 ἀπ’
3635 2524 3831 2585 αίῶνος
3881 2523 3962 2574 δι-

2393 2613 2630 2668 ὥδευσαν
2656 2631 2669 2643 ·
2699 2615 2784 2684 ἐφ’
2818 2617 2885 2686 ἠν
2913 2616 3004 2668 καὶ
3021 2615 3171 2668 αὐτοὶ
3205 2617 3399 2686 μικρὸν
3439 2615 3680 2685 ὕστερον.
3712 2615 3963 2685 λειτουρο

2393 2707 2660 2775 γήσαντες
2679 2707 2744 2759 τα
2765 2706 2858 2759 τοῦ
2881 2706 3407 2777 βίου,ὲπι6ιώσεσθε.
3435 2707 3546 2759 Οὐκ
3568 2703 3684 2760 οἴδα
3712 2707 3790 2770 δὲ,
3817 2708 3960 2758 ἀδελ-

2393 2797 2483 2866 φοί
2516 2815 2638 2864 μου,
2671 2797 2771 2850 ποῦ
2823 2799 3168 2868 ἀπέρχομαι·
3193 2799 3227 2868 ἢ
3257 2793 3369 2852 οἷον
3419 2800 3721 2868 ἀπαντήσει
3772 2816 3866 2868 μοι
3898 2798 3961 2848 τὺ

2394 2892 2568 2958 κρίμα
2599 2905 2612 2918 °
2641 2889 2673 2959 ἢ
2701 2890 2881 2951 ὁποῖος
2927 2891 3242 2957 ὑποδέξεταί
3294 2907 3361 2960 με
3409 2893 3570 2951 τόπος
3596 2908 3610 2921 ’
3640 2890 3803 2960 ἔργον
3850 2891 3960 2959 γὰρ

2396 2977 2600 3043 ἀγαθὸν
2653 2979 2751 3030 οὐκ
2802 2980 3148 3050 εἰργασάμην
3192 2979 3422 3032 ἐνώπιον
3471 2979 3566 3032 τοῦ
3603 2979 3738 3032 Θεοῦ
3767 2979 3827 3030 ἓν
3865 2981 3961 3032 καὶ

2400 3069 2558 3140 μόνον
2582 3085 2593 3097 '
2629 3071 2806 3138 πάσης
2831 3070 2886 3122 δὲ
2920 3072 3193 3141 ἁμαρτίας
3220 3072 3518 3133 ὑπεύθυνος
3540 3072 3790 3140 ὑπάρχω.
3817 3071 3963 3140 Πλὴν

729 3167 781 3212 et
807 3161 1033 3226 gaudeo,
1073 3160 1219 3230 quod
1274 3177 1339 3215 ex
1389 3161 1490 3216 hoc
1526 3164 1728 3216 mundo
1753 3165 1805 3218 in
1837 3165 2029 3218 malum
2067 3165 2222 3228 abeo,
2265 3181 2294 3220 a

2399 3162 2571 3232 χαίρω
2586 3164 2678 3214 καὶ
2699 3163 2896 3232 ἥδομαι
2918 3165 2998 3218 ὅτι
3025 3165 3130 3216 ἀπὺ
3148 3165 3355 3233 κόσμου
3380 3167 3458 3225 είς
3475 3163 3701 3231 οὐρανὸν
3723 3162 3958 3230 πορεύου

727 3252 968 3307 tenebris
1027 3255 1077 3306 in
1111 3254 1305 3318 lucem,
1331 3271 1359 3308 a
1398 3256 1653 3309 servitute
1679 3257 1729 3308 in
1769 3257 2090 3320 libertatem,
2116 3258 2185 3312 ab
2217 3259 2299 3311 iu-

732 3344 908 3397 colatu
953 3345 1006 3398 in
1051 3360 1232 3400 veram
1275 3346 1660 3400 habitationem
1703 3359 1756 3401 et
1785 3349 2050 3416 patriam;
2088 3365 2117 3402 a
2146 3365 2298 3419 pere-

730 3437 904 3503 grinis
961 3446 1015 3491 et
1064 3439 1278 3501 alienis,
1309 3437 1493 3492 lncala
1540 3440 1682 3492 enim
1718 3455 1835 3493 sum
1883 3452 1932 3494 et
1976 3443 2298 3510 peregrinus,

729 3527 869 3578 sicut
899 3543 1074 3580 omnes
1108 3539 1280 3596 patres
1309 3531 1407 3582 mei
1432 3532 1476 3592 ‘,
1510 3532 1574 3583 ad
1614 3547 1728 3584 mea
1764 3541 1818 3584 et
1848 3532 2086 3600 prOpria.
2117 3530 2298 3584 Confi-

730 3620 954 3674 deutius
999 3622 1176 3675 adhuc
1233 3623 1431 3681 dicam,
1481 3624 1622 3692 quod
1670 3623 1736 3675 ad
1794 3622 2080 3677 Dominum
2123 3640 2300 3676 meum

732 3713 892 3775 abeo,
925 3712 990 3766 ad
1023 3714 1309 3768 Dominum
1346 3731 1408 3769 ac
1441 3715 1605 3769 Deum
1655 3733 1857 3782 meum,
1903 3732 2062 3786 quem
2113 3717 2304 3770 dilexit

731 3807 917 3860 anima
975 3821 1119 3872 mea;
1161 3823 1318 3876 quem
1373 3808 1567 3875 agnovi
1622 3807 1867 3872 Patrem,
1917 3809 2130 3862 tametsi
2195 3825 2301 3861 non

739 3899 879 3953 colui
934 3906 993 3953 ut
1050 3899 1192 3953 filius
1227 3917 1239 3953 :
1271 3914 1431 3967 quem
1482 3899 1698 3968 possedi
1750 3915 1857 3969 prae
1912 3900 2186 3963 omnibus,
2222 3910 2304 3952 ta-

741 3994 896 4044 metsi
954 4000 1006 4044 ut
1062 4007 1352 4059 germanus
1409 4007 1599 4045 servus
1658 4006 1765 4045 non
1823 3991 2040 4046 servivi.
2084 3989 2206 4045 "me
2251 4003 2307 4043 ut

742 4084 1002 4152 insipiens
1024 4083 1155 4146 dixi,
1177 4083 1268 4136 sed
1302 4093 1520 4151 pr0ptt-r
1553 4097 1648 4135 vos
1678 4083 1812 4145 dixi,
1837 4091 1896 4136 ut
1926 4083 2308 4152 propensiores

743 4177 884 4239 sitis,
921 4184 974 4228 et
1003 4178 1170 4229 oretis
1209 4192 1305 4243 pro
1343 4177 1514 4229 salute
1555 4191 1672 4230 mea
1706 4193 1718 4226 ε
1755 4190 1916 4242 quam
1956 4175 2045 4227 ubi
2081 4174 2308 4242 adeptus

745 4269 900 4322 fuero
934 4271 1080 4339 (ecce
1108 4284 1170 4323 ea
1205 4270 1446 4338 spondeo
1476 4270 1527 4321 in
1553 4267 1727 4320 oculis
1760 4266 2042 4332 veritatis),
2072 4280 2175 4318 non
2209 4264 2304 4317 de-

745 4363 980 4417 siturum
1041 4377 1126 4416 tne
1177 4362 1508 4416 confidenter
1537 4377 1693 4415 orare
1726 4360 1890 4414 Deum
1928 4376 1989 4413 ac
2018 4358 2308 4413 Dominum

747 4439 925 4505 meum
954 4467 1049 4520 pro
1076 4451 1329 4504 omnibus
1363 4451 1538 4512 vobis,
1571 4461 1629 4504 ut
1651 4452 1786 4504 bene
1820 4451 1971 4526 vobis
1997 4449 2086 4514 sit,
2117 4459 2172 4502 ut
2198 4448 2308 4502 sal-

2403 3275 2499 3328 μαι
2533 3275 2547 3289 ⁶
2582 3259 2690 3311 ἀπὸ
2723 3260 2940 3320 σκότους
2972 3259 3050 3320 είς
3095 3258 3212 3326 φῶς
3239 3275 3253 3288 ·
3285 3257 3392 3310 ἀπὸ
3432 3257 3677 3318 δουλείας
3703 3257 3783 3319 είς
3815 3256 3967 3308 ελευο

2401 3349 2618 3418 θερίανο
2649 3349 2759 3402 ἀπὸ
2781 3349 3074 3418 παροικίας
3104 3350 3183 3411 είς
3207 3347 3468 3416 ἀληθινὴν
3487 3347 3793 3402 κατοικίαν,
3834 3347 3970 3399 Ἀπὸ

2400 3440 2506 3493 τῶν
2541 3440 2703 3506 ξένων
2734 3446 2826 3493 καὶ
2864 3440 3160 3511 ἀλλοτρίων
3202 3440 3516 3510 (Πάροικος
3555 3439 3666 3507 γάρ
3709 3440 3827 3502 ειμι
3866 3439 3967 3491 καί

2402 3533 2826 3600 παρεπίδημος,
2848 3533 3039 3598 καθὼς
3079 3531 3301 3598 πάντες
3330 3534 3384 3586 οἱ
3431 3530 3681 3600 πατέρες
3723 3530 3865 3600 μου)
3892 3533 3968 3593 εἰς

2403 3625 2470 3674 τα
2500 3624 2608 3692 ἐμὰ
2658 3627 2854 3678 οἰκεῖα.
2890 3623 3011 3677 Ἔτι
3067 3624 3467 3696 τολμηρότερον
3520 3625 3846 3692 φθέγξομαι,
3889 3625 3968 3676 ὅτι

2407 3715 2538 3784 πρὸς
2563 3714 2653 3766 τὸν
2675 3716 2950 3783 Δεσπότην
2978 3733 3077 3785 μου
3105 3717 3332 3786 ἀπίημι,
3358 3718 3494 3787 πρὸς
3519 3717 3611 3768 τὸν
3644 3716 3850 3786 Κύριον
3879 3717 3970 3768 καὶ

2405 3803 2538 3856 Θεόν
2569 3819 2692 3874 μου,
2743 3804 2801 3857 ὃν
2844 3805 3133 3874 ἠγάπησεν
3165 3805 3197 3874 ἡ
3239 3805 3384 3876 ψυχή
3435 3823 3536 3875 μου
3565 3820 3581 3835 ·
3609 3804 3668 3856 δν
3699 3805 3971 3876 ἐγνώρισα

2407 3895 2644 3965 Πατέρα,
2672 3897 2720 3948 εί
2757 3896 2848 3949 καὶ
2877 3896 2976 3948 οὐκ
3007 3895 3346 3966 ἐθεράπευσα
3390 3896 3464 3956 ὡς
3496 3895 3640 3958 υἱός·
3683 3897 3782 3948 ’ον
3816 3897 3973 3964 ἑκτη-

2410 3987 2590 4054 σαμην
2618 3987 2736 4040 ἀντὶ
2767 3987 3008 4047 πάντων,
3033 3987 3080 4039 εί
3119 3987 3210 4038 καὶ
3249 3987 3348 4040 οὐκ
3374 3984 3661 4038 ἐδούλευσα
3688 3985 3762 4046 ὡς
3793 3983 3974 4045 δοῦλος

2383 4081 2650 4152 χνήσιος.
2686 4077 2870 4131 Ταῦτα
2926 4077 3292 4149 παραφρονῶν
3347 4077 3581 4146 εἴρηκα·
3610 4075 3676 4128 δι’
3718 4075 3865 4143 ὑμᾶς
3919 4075 3971 4126 δὲ

2409 4171 2601 4240 λέλεχα
2627 4187 2640 4201 ·
2671 4171 2757 4223 ἵνα
2791 4168 3145 4240 προθυμῆσθε
3187 4170 3281 4221 καὶ
3320 4166 3695 4237 ὑπερεῦχησθέ
3741 4183 3846 4235 μου
3880 4169 3975 4232 τῆς

2413 4261 2684 4330 σωτηρίας
2709 4276 2722 4289 ·
2758 4261 2852 4313 καὶ
2882 4261 2976 4313 ὲάν
3011 4257 3251 4328 ἐπιτύχω
3293 4257 3516 4328 ταύτης,
3544 4257 3653 4310 ἰδοῦ
3705 4256 3865 4324 λόγον
3887 4254 3975 4306 δί-

2412 4353 2553 4422 δωμι
2582 4351 2810 4404 ἐνώπιον
2835 4351 2930 4420 τῆς
2953 4349 3228 4420 ἀληθείας,
3257 4350 3338 4402 ὅτι
3366 4349 3425 4402 οὑ
3451 4349 3660 4416 σιγήσω
3688 4344 3975 4414 τολμηρῶς

2413 4441 2623 4493 δέεσθαι
2655 4441 2745 4494 τοῦ
2767 4442 2970 4510 Κυρίου
3021 4445 3116 4494 καὶ
3148 4441 3416 4494 Δεσπότου
3462 4457 3564 4509 μου
3595 4439 3736 4507 ὑπὲρ
3765 4438 3978 4490 πάντων

749 4543 967 4605 vemini,
1003 4550 1059 4595 ut
1091 4543 1421 4611 impleamini
1453 4559 1467 4596 :
1499 4552 1820 4612 exspectans
1866 4525 2309 4609 unumquemque

2420 4531 2590 4601 ὑμῶν,
2623 4533 2708 4586 ἵνα
2758 4534 3098 4602 εὐπραγῆτε,
3127 4533 3214 4584 ίνα
3259 4531 3545 4596 σώζοισθε,
3574 4530 3661 4583 ἵνα
3699 4527 3974 4598 πληθύνη-

749 4636 1043 4705 sigillatim,
1075 4651 1194 4688 cum
1231 4650 1296 4688 ex
1349 4634 1551 4688 tnundo
1604 4635 1872 4703 migrabit,
1895 4644 1952 4687 ut
1994 4634 2228 4696 videam,
2260 4643 2314 4686 et

751 4729 1040 4797 excipiam,
1062 4739 1115 4780 et
1135 4728 1448 4795 amplectar.
1471 4727 1746 4781 Fiduciam
1782 4728 1924 4780 enim
1954 4729 2092 4780 hanc
2120 4729 2313 4788 habeo,

751 4820 896 4890 quod
933 4822 1145 4873 bonitas
1179 4820 1297 4888 ejus
1332 4821 1384 4872 in
1422 4819 1655 4890 idipsum
1709 4837 1808 4872 nos
1847 4835 2037 4873 omnes
2070 4820 2158 4874 hic
2202 4836 2317 4872 ser-

749 4913 900 4967 vabit
924 4923 976 4966 et
1010 4913 1062 4966 in
1094 4912 1278 4965 futuro
1313 4913 1531 4976 saeculo,
1561 4911 1678 4978 ejus
1709 4912 1977 4965 mandatis
2007 4912 2315 4975 obsecutus,

753 5009 820 5061 ad
871 5006 1244 5061 celebrandam
1291 5005 1409 5073 ejus
1453 5021 1722 5059 summam
1761 5006 2078 5074 potentiam.
2115 5003 2317 5058 Recor-

756 5099 961 5152 damiui
1013 5097 1298 5151 humilium
1343 5113 1654 5150 sermonum
1696 5113 1960 5158 meorum,
1997 5097 2111 5149 lilii.
2144 5095 2318 5164 Depo-

758 5193 921 5246 situm
968 5191 1235 5246 custodite
1266 5208 1278 5244 :
1315 5189 1367 5242 in
1401 5189 1620 5242 Christo
1661 5187 1786 5243 Jesu
1836 5191 2060 5242 Domino
2091 5198 2280 5240 nostro
2302 5228 2316 5252 ,

757 5287 845 5339 cui
913 5285 1082 5354 gloria
1142 5293 1196 5338 et
1263 5281 1548 5352 imperium
1603 5281 1656 5334 iu
1711 5281 1903 5335 swcula
1975 5280 2319 5334 saeculorum.

759 5382 950 5434 Amen.

837 5555 1162 5611 Obdormivit
1197 5555 1558 5608 sanctissimus
1595 5553 1757 5605 Pater
1809 5561 1984 5604 noster
2026 5561 2073 5604 et
2107 5565 2324 5620 magnus

764 5647 1030 5715 confessor
1055 5644 1376 5703 Theodorus,
1399 5662 1562 5696 annos
1618 5654 1770 5695 natus
1803 5644 2079 5711 sexaginta
2110 5652 2324 5709 septem,

767 5753 936 5791 mense
966 5734 1262 5796 Novembri,
1287 5736 1557 5787 undecima
1579 5735 1662 5788 die
1695 5734 1989 5799 Dominica,
2006 5734 2131 5787 hora
2155 5742 2321 5796 serta,

769 5829 962 5882 Indirt.
990 5829 1190 5894 quinta,
1225 5843 1362 5878 mmo
1395 5827 1551 5881 65³55.

843 5945 860 5971 ⁸
901 5942 1036 5990 l’sal.
1077 5956 1300 6001 nunt,
1341 5941 1420 5990 13.

2423 4621 2542 4672 σθε·
2581 4622 3006 4692 προσδεχόμενος
3035 4623 3130 4676 Eva
3161 4622 3364 4679 καθένα
3388 4622 3475 4675 διά
3511 4622 3608 4691 τῆς
3645 4621 3755 4674 ἀπὸ
3776 4622 3977 4689 κόσμου
4009 4667 4012 4672 .

2419 4715 2843 4785 ἀποχωρήσεως,
2896 4717 3140 4785 θεωρεῖν,
3197 4716 3292 4770 καὶ
3357 4714 3823 4786 προσλαμϐάνειν,
3891 4713 3979 4764 καὶ

2421 4805 2887 4875 προασπὰζεσθαι.
2914 4805 3240 4875 Πεποίθησίν
3289 4805 3398 4876 γὰρ
3439 4803 3698 4873 τοιαύτην
3725 4803 3856 4872 ἔχω,
3900 4803 3977 4854 ὅτι

2421 4897 2454 4965 η
2480 4895 2749 4965 ἀγαθότης
2782 4895 2942 4949 αὑτοῦ
2975 4898 3067 4948 ἐπὶ
3095 4897 3154 4948 τὸ
3175 4897 3326 4960 αὐτὸ,
3357 4897 3433 4959 ὡς
3467 4894 3698 4949 ἐνταῦθα
3722 4895 3978 4962 διατηρή-

2423 5001 2506 5038 σει
2542 4989 2748 5049 παντας
2778 4988 2921 5056 ὑμᾶς
2947 4987 3041 5041 καὶ
3069 4991 3127 5040 ὲν
3165 4987 3243 5056 τῷ
3275 4987 3518 5057 μέλλοντι
3565 4986 3741 5049 αίῶνι,
3769 4988 3867 5048 τὰς
3897 4986 3977 5034 ἐν·

2420 5079 2577 5142 τολάς
2608 5079 2771 5132 αὐτοῦ
2796 5081 3184 5150 τετηρηκότας,
3209 5081 3344 5148 πρὸς
3378 5079 3438 5132 τὸ
3467 5081 3723 5148 ἀνυμνεῖν
3755 5077 3818 5129 τὸ
3847 5092 3978 5128 παν-

2422 5171 2578 5238 ἀγιον
2635 5171 2798 5224 αὑτοῦ
2832 5173 3051 5240 κράτος.
3080 5173 3377 5242 Μέμνησθέ
3417 5189 3516 5241 μου
3567 5172 3676 5223 τῶν
3714 5169 3978 5223 ταπεινῶν

2420 5264 2612 5331 λόγων,
2651 5264 2836 5317 τεκνία
2863 5283 2876 5296 ·
2913 5264 3010 5334 τὴν
3071 5264 3542 5334 παρακαταθήκην
3585 5263 3860 5333 φυλάξατε
3889 5281 3900 5292 ·
3927 5265 3978 5314 ὲν

2425 5355 2646 5426 Χριστῷ
2698 5355 2871 5426 Ἰησοῦ
2901 5356 2977 5426 τῷ
2999 5357 3188 5426 Κυρίῳ
3227 5355 3408 5426 ἡμῶν,
3437 5350 3482 5424 ᾧ
3522 5359 3556 5427 ἡ
3608 5355 3733 5420 δόξα
3789 5356 3883 5408 καὶ
3928 5352 3980 5404 τὸ

2427 5455 2631 5524 κράτος
2662 5455 2738 5515 είς
2770 5453 2892 5514 τοὺς
2923 5451 3121 5514 αἰῶνας
3159 5449 3268 5502 τῶν
3307 5449 3540 5503 αίὼνων.
3583 5451 3780 5520 Ἀμήν.

2507 5544 2819 5613 Ἐχοιμήθη
2869 5545 2899 5595 ό
2927 5541 3364 5610 πανατιώτατος
3421 5542 3620 5607 Πατὴρ
3679 5539 3847 5607 ἡμῶν
3891 5533 3977 5588 καί

2419 5638 2604 5708 μέγας
2626 5635 3001 5705 ὀμολογητὴς
3022 5633 3318 5701 Θεόδωρος
3337 5632 3487 5686 ἐτῶν
3516 5631 3803 5698 ὑπάρχων
3843 5631 3977 5680 ἑπτα

2426 5729 2523 5780 καὶ
2551 5726 2844 5792 ἐξήκοντα
2867 5742 2880 5754 ·
2905 5722 3048 5791 μηνί
3075 5724 3387 5790 Νοεμϐρίῴ,
3407 5728 3477 5776 ια’
3497 5719 3681 5789 ἡμέρᾳ
3705 5712 3979 5787 κυριακῇ,

2427 5822 2540 5889 ὥρᾳ
2584 5829 2653 5885 ς’.
2696 5819 2834 5874 Ἰνὶ.
2865 5827 2923 5872 ε’.
2965 5818 3049 5870 ἔτ.
3084 5818 3259 5868 τ’τᾸεἎ
