4188 6494
325 427 3503 480 mm:

1491 616 2324 742 APPENDIX.

766 891 1413 981 NAUCRATII
1489 890 2294 982 CONFESSORIS
2392 893 3045 988 ENCYCLICA

1123 1082 1230 1142 DE
1258 1080 1499 1145 OBITU
1533 1081 1811 1143 SANCTI
1845 1082 2260 1144 THEODORI
2301 1085 2688 1151 STUDITIE.

300 1392 430 1459 τοῖς
461 1392 559 1447 διὰ
590 1392 805 1460 Κύριον
831 1390 1265 1459 δεδιωγμένοις,
1300 1391 1396 1443 καὶ
1424 1390 1731 1459 πανταχοῦ
1760 1390 1848 1443 δι·-

1954 1389 2375 1443 Persecutionem
2420 1401 2632 1460 propter
2692 1390 2973 1443 Dominum
3017 1394 3414 1459 sustinentibus,
3457 1414 3521 1451 ac

363 1462 758 1532 εσπαρμένοις
806 1460 1221 1532 πνευματικοῖς
1266 1460 1548 1532 ἀδελφοῖς
1600 1461 1697 1514 καὶ
1729 1464 1846 1514 Πα-

364 1530 565 1601 τράσιέ
598 1532 961 1600 Ναυκράτιος
993 1530 1357 1599 ἁμαρτωλὸς,
1382 1531 1639 1599 εὔχεται.

2021 1462 2205 1536 ultique
2231 1462 2502 1536 dispersis,
2522 1462 2847 1536 spiritglibus
2870 1461 3120 1531 fratribus
3162 1467 3519 1536 patribusque,

2030 1529 2350 1583 Naucratius
2381 1541 2624 1599 peccator
2670 1530 2729 1585 S.

1202 1644 1506 1713 (COIBEFIS.
1539 1643 1746 1699 llis-tor.
1784 1643 1969 1699 Ita-res.
1992 1641 2349 1705 Monomclit.,
2378 1658 2429 1711 p.
2460 1641 2610 1711 856.)

370 1761 515 1823 Ἕως
560 1760 659 1828 μὲν
697 1758 793 1814 τοῦ
830 1758 1361 1829 παρόντος,·ἀδελφοί
1394 1777 1497 1827 μου
1534 1759 1853 1831 τιμιώτατοι

295 1853 391 1907 καὶ
449 1852 715 1921 Πατέρες,
763 1850 1131 1921 ἀνεϐαλλόμην
1176 1852 1238 1904 τὸ
1286 1852 1540 1904 ταπεινὸν
1598 1853 1853 1923 γράμμα,

296 1945 513 2016 ἡμέραν
548 1944 607 2008 ἐξ
637 1944 853 2013 ἡμέρας
885 1941 1311 2013 διεξερχόμενος.
1343 1943 1437 1996 καὶ
1472 1943 1591 1996 κατ’
1621 1942 1855 2012 ἐμαυτὸν

296 2038 543 2107 κατέχων
592 2035 651 2088 τὸ
692 2033 952 2102 λυπηρόν,
1004 2034 1112 2085 Καὶ
1161 2032 1224 2104 δὴ
1269 2034 1426 2087 τοῦτο
1466 2034 1721 2105 πέπραχα
1767 2033 1855 2088 διά

298 2127 490 2188 πολλὰ,
526 2126 562 2180 ἃ
593 2122 744 2196 οἶμαι
790 2125 909 2177 οὐδὲ
947 2122 1047 2196 τὴν
1080 2125 1371 2195 τιμιότητα
1416 2124 1569 2195 ὑμῶν
1614 2127 1854 2193 ἀγνοεῖν·

296 2221 390 2274 καί
423 2237 487 2289 γε
520 2221 623 2290 πρὸ
650 2218 758 2271 τῶν
785 2216 977 2280 ἄλλων,
1014 2216 1086 2286 μὴ
1119 2218 1299 2288 φέρων
1324 2218 1552 2286 ἄγγελος
1588 2218 1714 2287 ὑμῖν
1742 2217 1857 2270 θλι-

296 2312 498 2380 πτικῆς
530 2310 798 2377 ἐπιφορᾶς
823 2307 1106 2375 γενέσθαι·
1133 2308 1279 2376 λέγω
1306 2309 1393 2377 δὴ,
1423 2308 1522 2376 τῆς
1556 2309 1865 2376 κοιμήσεως

293 2401 388 2455 τοῦ
425 2399 694 2472 μακαρίου
725 2398 818 2450 καὶ
858 2397 1101 2468 ἀοιδίμου
1130 2397 1343 2470 ῐιατρος
1373 2398 1547 2469 ήμιῖιν.
1589 2397 1742 2453 Ἐπεὶ
1782 2397 1861 2462 δὲ,

294 2493 371 2556 ὡς
404 2492 534 2562 ὁρῶ,
570 2490 640 2542 of!
679 2488 837 2559 μόνον
864 2489 932 2543 τὰ
965 2488 1218 2552 ἐνταῦθα,
1258 2488 1391 2542 ἀλλά
1435 2487 1531 2541 καὶ
1561 2487 1630 2541 τὰ
1671 2488 1861 2559 «opem

2028 1756 2327 1822 Hactenus,
2360 1758 2773 1814 honoratissimi
2814 1775 2878 1816 ac
2908 1760 3212 1817 charissimi
3242 1759 3438 1815 fratres
3462 1774 3525 1814 ac

1961 1858 2176 1918 patres,
2213 1849 2443 1904 humiles
2484 1851 2725 1920 vilesque
2774 1852 2958 1906 distuli
3010 1853 3233 1917 litteras,
3273 1851 3414 1906 diem
3456 1866 3524 1905 ex

1961 1939 2046 1993 die
2077 1939 2392 2003 decurrens,
2425 1954 2488 1993 ac
2532 1955 2743 1993 mecum
2786 1939 2901 2007 ipse
2951 1941 3223 1996 tristitiam
3261 1939 3522 1994 retinens.

1963 2031 2017 2085 Id
2052 2048 2213 2101 porro
2240 2033 2424 2087 multis
2450 2031 2517 2087 de
2563 2032 2747 2087 causis
2792 2030 2917 2097 feci,
2963 2038 3102 2103 quas
3142 2048 3318 2101 neque
3373 2041 3524 2101 puto,

1968 2124 2285 2177 honoranda
2343 2132 2525 2176 vestra
2571 2122 2810 2178 charitas
2851 2123 3217 2193 ignoraverit:
3246 2122 3301 2176 In
3336 2122 3525 2191 primis

1966 2224 2172 2278 autem,
2232 2214 2378 2283 quod
2438 2230 2546 2268 non
2579 2213 2774 2269 ferrem
2813 2215 3028 2269 molesti
3061 2215 3217 2268 vobis
3246 2230 3310 2269 ac
3338 2214 3520 2269 acerbi

1968 2320 2153 2369 casus,
2183 2306 2404 2359 nuntius
2443 2320 2565 2360 esse
2602 2323 2617 2360 :
2662 2320 2855 2375 nempe
2890 2306 3237 2361 dormitionis
3275 2305 3421 2360 beati
3456 2321 3521 2361 ac

1963 2395 2205 2464 praeclari
2253 2395 2426 2451 Patris
2457 2397 2648 2454 nostri.
2679 2403 2748 2451 At
2782 2406 3091 2467 postquam,
3122 2406 3180 2451 ut
3207 2396 3382 2462 video,
3415 2413 3523 2452 non

1963 2486 2048 2540 hic
2073 2496 2305 2553 tantum,
2338 2488 2430 2543 sed
2457 2496 2511 2542 et
2533 2488 2745 2558 longius
2770 2488 2995 2557 positos,
3028 2504 3166 2542 nova
3189 2488 3305 2543 haec
3336 2488 3524 2542 turba-

293 2584 570 2651 δεδύνηται
621 2580 698 2651 τῷ
751 2580 1040 2651 παραδόξῳ
1087 2578 1182 2633 τοῦ
1237 2578 1615 2648 ἀκούσματος·
1645 2579 1721 2643 ὡς
1764 2578 1858 2632 καὶ

1961 2578 2035 2630 vit
2066 2579 2308 2643 auditio;
2343 2587 2400 2633 ut
2428 2586 2481 2632 et
2509 2579 2784 2648 plerisque
2812 2578 3026 2633 dimcile
3045 2580 3255 2634 creditu
3277 2579 3525 2633 videatur

296 2679 408 2739 τοῖς
438 2674 645 2727 πλείοσι
677 2673 995 2726 δύσπειστον
1017 2671 1289 2739 γενέσθαι,
1314 2673 1362 2724 εί
1392 2673 1499 2731 ἄρα
1527 2689 1589 2741 γε
1618 2671 1849 2741 μετέστη

296 2765 405 2817 τῶν
434 2763 641 2817 ἐνθένδε
672 2763 700 2815 ὁ
726 2762 819 2816 τοῦ
850 2762 1053 2833 Κυρίου
1084 2762 1364 2831 Θεράπων·
1394 2764 1493 2815 οὐκ
1519 2759 1669 2832 οἶμαι
1699 2762 1754 2815 δὲ
1780 2764 1853 2833 μὴ

299 2857 393 2907 καὶ
426 2854 559 2924 πρὸς
583 2855 727 2924 ὑμᾶς
759 2854 1084 2907 καταλαϐεῖν
1118 2854 1178 2905 τὸ
1207 2854 1338 2921 παρ’
1365 2855 1522 2924 ἡμῶν
1554 2855 1694 2907 αἰδοῖ
1722 2855 1853 2907 ὑπο-

302 2943 651 3014 σιωπὼμενον
668 2962 683 2977 ·
716 2944 1028 3013 ἀναγκαίως
1050 2944 1142 2995 ἐπὶ
1166 2944 1226 2997 τὸ
1248 2944 1481 3013 γράμμα
1501 2939 1685 3015 ἦλθον,
1730 2944 1854 3014 ἄρτι

298 3038 425 3105 ὑμῖν
451 3038 860 3105 ἐναργέστερον,
892 3036 983 3088 καὶ
1011 3035 1084 3105 μὴ
1112 3034 1455 3105 βουλόμενος,
1486 3036 1851 3103 ἀναγγέλλων,

296 3130 357 3181 τὸ
380 3131 508 3197 παρ’
533 3131 732 3198 ἑτέρων
754 3127 1154 3199 προακουσθέν·
1177 3128 1446 3182 καὶτοῦτο
1467 3129 1566 3182 οὐκ
1587 3129 1857 3193 ἀποτνιῶς

297 3221 404 3273 οὐδ’
440 3222 723 3291 ἀδακρυτί.
743 3222 839 3282 Τίς
871 3221 979 3292 γὰρ
1004 3222 1052 3273 εί
1090 3224 1183 3274 καὶ
1208 3221 1413 3291 λιθίνην
1440 3222 1552 3291 ἔχει
1585 3222 1684 3291 τὴν
1718 3241 1856 3293 καρ-

298 3312 439 3373 δίαν,
489 3313 587 3366 οὐκ
618 3311 943 3376 ἀποστάξειε
990 3311 1222 3381 δάκρυον
1267 3312 1487 3383 θερμὸν,
1528 3315 1626 3384 τὴν
1672 3315 1857 3385 κοινὴν

299 3400 496 3468 ζημίαν
546 3400 645 3470 τῆς
684 3400 778 3453 τοῦ
827 3399 961 3453 Θεοῦ
1004 3399 1325 3471 Ἐκκλησίας
1369 3402 1855 3473 ἀναλογιζόμενοςς

297 3492 488 3544 ὁποίαν
522 3493 576 3544 δὲ
604 3493 971 3562 ἀδαμαντίνην
998 3492 1173 3563 ψυχὴν
1201 3495 1554 3563 κεκτημένος,
1588 3498 1636 3548 εί
1666 3500 1760 3550 καὶ
1783 3498 1856 3567 μὴ

300 3584 577 3647 παντελῶς
607 3583 711 3648 ἔξω
743 3584 850 3635 τῶν
878 3585 1019 3653 ὅρων
1047 3584 1302 3652 γεγονὼς,
1343 3586 1402 3649 ὃς
1438 3588 1496 3639 οὐ
1521 3588 1860 3659 πληγήσεται

300 3674 378 3744 τῷ
439 3677 828 3745 ἀπροσδοκήτῳ
877 3679 976 3747 τῆς
1025 3678 1214 3746 ἀκοῆς,
1271 3680 1366 3732 καὶ
1413 3679 1482 3732 τά
1514 3680 1611 3749 τῆς
1645 3680 1860 3748 φύσεως

301 3767 574 3836 δράσειεν;
612 3768 770 3821 Ἀλλά
800 3768 899 3837 φεῦ
926 3769 1023 3838 τῆς
1055 3771 1193 3839 ἐμῆς
1218 3772 1614 3842 ταλαιπωρίαςί
1645 3776 1724 3836 εἰς
1753 3769 1861 3826 οἷον

302 3857 504 3926 τετήρη
517 3875 613 3925 μαι
647 3859 674 3910 ὀ
699 3858 956 3925 δύστηνος
997 3862 1224 3929 καιρὸνς
1272 3860 1365 3911 καὶ
1398 3861 1576 3912 ὁποῖον
1604 3860 1863 3913 ἀπέκειτο

306 3966 405 4017 μου
443 3951 508 4019 τῇ
557 3949 803 4019 μοχθηρᾷ
844 3948 977 4019 ζωῇ.
1018 3949 1245 4004 θάνατον
1293 3952 1609 4017 ἀναγγεῖλαι
1656 3951 1751 4004 τοῦ
1787 3951 1862 4022 μὴ

302 4039 482 4109 ἑαυτῷ
513 4038 785 4110 ἐζηκότος,
829 4041 963 4094 ἀλλά
991 4042 1243 4112 Χριστῷ;
1286 4044 1393 4096 Καὶ
1441 4042 1605 4105 ὅντως
1645 4042 1862 4111 ἀληθῶς

301 4130 626 4202 κεκοίμηται
659 4134 685 4185 ὁ
708 4133 882 4195 κοινὸς
918 4133 1106 4202 Πατὴρ
1138 4134 1315 4203 ἡμῶν,
1345 4136 1373 4186 ὁ
1399 4134 1567 4187 πολλά
1594 4136 1737 4205 ὑμᾶς
1766 4136 1860 4189 καὶ

303 4220 491 4289 φιλῶν,
534 4222 625 4273 καὶ
650 4222 909 4290 στέργων,
932 4221 1007 4282 ὼς
1031 4224 1191 4276 τέκνα
1226 4222 1452 4293 ἀληθινά
1475 4238 1489 4253 ’
1519 4222 1595 4287 ὡς
1622 4225 1857 4295 ἐργάτας

302 4311 396 4365 τοῦ
458 4313 778 4380 ἀμπελῶνος
838 4313 1080 4383 Κυρίου·
1135 4314 1210 4377 ὡς
1263 4316 1410 4378 υἱοὺς
1453 4316 1737 4385 ὑπακοῆς·
1785 4316 1861 4381 ὡς

306 4402 640 4471 στρατιώτας
670 4403 938 4472 Χριστοῦ·
972 4404 1049 4468 ὡς
1087 4404 1424 4474 ὁμολογητάς
1469 4406 1755 4477 ἀψευδεῖς·
1786 4410 1861 4471 ὡς

306 4494 806 4560 συγκεκοπιακὸτας
828 4493 995 4564 αὐτῷ,
1019 4493 1113 4546 καὶ
1137 4494 1535 4565 συνηθληκότας
1562 4499 1619 4549 ὲν
1648 4496 1861 4561 πολλοῖς

1955 2680 2016 2723 ιιι
2044 2683 2168 2724 vere
2200 2669 2417 2723 Domini
2463 2669 2705 2724 famulus
2733 2669 2802 2724 ab
2836 2670 3091 2724 humanis
3120 2672 3416 2724 translatus
3454 2669 3527 2724 sit

1954 2758 2098 2813 haud
2128 2774 2256 2813 vero
2278 2761 2534 2825 arbitror,
2567 2769 2627 2815 ut
2657 2760 2802 2831 quod
2858 2761 2961 2829 ipsi
2993 2776 3059 2815 ex
3100 2761 3334 2830 quadam
3370 2775 3525 2814 reve-

1955 2850 2129 2902 rentia
2154 2860 2208 2902 et
2233 2858 2376 2903 metu
2409 2851 2807 2916 subiacuimus,
2840 2852 2905 2905 ad
2932 2867 3027 2907 vos
3052 2866 3157 2905 non
3186 2851 3522 2918 pervenerit;

1954 2940 2280 2996 necessitate
2317 2942 2382 2996 ad
2433 2942 2779 2997 scribendum
2837 2943 3115 3012 processi;
3143 2942 3253 3012 jam
3286 2943 3521 3012 planius,

1955 3049 2268 3103 quanquam
2325 3035 2540 3100 nolens,
2574 3037 3010 3101 renuntiaturus,
3048 3037 3191 3104 quod
3236 3038 3420 3105 utique
3456 3050 3527 3090 ex

1957 3126 2189 3179 aliorum
2212 3125 2322 3193 jam
2359 3127 2531 3180 relatu
2564 3126 2797 3181 audistis
2824 3145 2837 3181 :
2874 3142 2974 3183 nec
3006 3129 3184 3197 plane,
3239 3127 3359 3183 sine
3388 3142 3527 3198 que-

1958 3217 2093 3269 rulis
2140 3216 2619 3271 lamentationibus
2702 3232 2765 3270 ac
2825 3217 3097 3287 lacrymis.
3164 3215 3299 3283 Quis
3354 3218 3523 3280 enim,

1958 3323 2269 3377 quanquam
2304 3324 2467 3363 saxeo
2508 3310 2696 3373 corde,
2744 3325 2854 3364 non
2905 3308 3175 3365 ferventes
3235 3310 3528 3379 profundat

1959 3400 2249 3470 lacrymas.
2286 3416 2626 3455 communem
2670 3400 2923 3457 Ecclesiae
2952 3402 3045 3456 Dei
3072 3402 3340 3470 jactur-am
3369 3417 3499 3471 repu

1962 3492 2122 3547 tans?
2150 3490 2284 3556 Quis
2322 3506 2451 3545 vero
2506 3508 2678 3562 usque
2719 3494 2854 3547 adeo
2894 3495 3301 3547 adamantinum
3336 3501 3527 3561 pectus

1964 3585 2179 3649 habeat,
2221 3586 2327 3639 nisi
2365 3586 2593 3640 omnino
2626 3587 2862 3641 excessit
2892 3596 3099 3640 natura:
3129 3586 3284 3650 lines,
3326 3595 3377 3639 ιιι
3414 3601 3525 3639 non

1963 3678 2332 3747 inexspectata
2406 3678 2686 3732 auditione
2744 3694 3076 3748 percussus,
3131 3677 3292 3732 faciat
3354 3677 3526 3747 patia-

1964 3782 2181 3840 turque,
2216 3770 2359 3840 quod
2385 3770 2685 3824 humanum
2714 3770 2833 3826 est?
2859 3770 2987 3834 Sed,
3020 3770 3122 3823 heu
3149 3784 3235 3822 me
3258 3769 3521 3821 miserum

1964 3862 2015 3916 in
2050 3863 2230 3930 quale,
2277 3860 2483 3926 infelix,
2515 3872 2725 3930 tempus
2763 3872 3009 3916 servatus
3055 3860 3218 3916 sunt?
3249 3857 3522 3924 Quidnam

1967 3968 2095 4007 vero
2116 3953 2264 4017 illud,
2291 3952 2499 4007 alllictae
2522 3954 2641 4007 vitae
2663 3969 2795 4007 mem
2817 3963 2935 4008 erat
2957 3954 3275 4023 repositum.
3299 3964 3357 4006 ut
3382 3951 3523 4020 ejus,

1967 4053 2192 4099 mortem
2228 4060 2403 4099 essem
2427 4046 2867 4107 annuntiaturus,
2892 4044 2981 4113 qui
3013 4061 3117 4099 non
3142 4045 3244 4099 sibi
3274 4044 3524 4108 vixisset,

1964 4135 2056 4190 sed
2084 4133 2343 4189 Christo?
2371 4133 2536 4190 Plane
2559 4149 2706 4200 vero,
2735 4135 3062 4189 obdormivit
3096 4134 3253 4190 Pater
3280 4152 3527 4191 commu-

1963 4226 2093 4280 nis:
2143 4226 2210 4289 is,
2243 4226 2485 4294 inquam,
2516 4226 2607 4295 qui
2657 4227 2821 4281 multa
2863 4243 2958 4282 vos
2993 4228 3282 4283 dilectione
3334 4236 3388 4282 et
3426 4242 3524 4296 pa-

1962 4326 2118 4371 terno
2161 4316 2353 4370 affectu
2410 4326 2731 4387 prosecutus
2781 4327 2884 4383 est,
2937 4326 2996 4371 ut
3050 4334 3175 4373 vere
3236 4318 3424 4384 filios;
3466 4325 3525 4372 ut

1960 4409 2132 4462 vineae
2180 4409 2391 4462 Domini
2436 4409 2714 4479 operarios
2745 4427 2759 4475 ;
2792 4418 2849 4463 ut
2886 4410 3204 4464 obedientia:
3235 4411 3374 4463 lilios
3404 4426 3419 4473 ;
3467 4420 3528 4464 ut

1964 4499 2167 4555 milites
2207 4499 2407 4556 Christi
2439 4517 2455 4568 ;
2498 4510 2555 4555 ut
2586 4516 2745 4555 veros
2784 4500 3127 4556 confessores
3158 4519 3173 4567 ;
3216 4510 3273 4555 ut
3306 4516 3401 4555 eos
3428 4500 3522 4569 qui

1791 4633 2022 4691 ΝυΤᾸί.

374 4745 451 4814 (Ι)
486 4743 659 4813 Magni
700 4742 969 4798 Theodori
1013 4746 1286 4813 praepositi
1323 4746 1496 4801 Studii
1528 4764 1638 4806 res.
1681 4765 1867 4804 susce-

304 4818 489 4885 ptique
520 4816 586 4885 ab
618 4830 683 4867 eo
701 4830 799 4883 pro
819 4815 1055 4869 Ecclesia
1082 4816 1315 4879 labores,
1346 4833 1409 4871 ac
1432 4817 1748 4873 defensione
1777 4836 1865 4874 sa-

305 4884 521 4957 crarunt
554 4884 871 4951 imaginum,
906 4887 1046 4957 adeo,
1074 4897 1358 4957 praestant,
1396 4899 1629 4957 suntque
1676 4890 1861 4943 Eccle-

305 4955 401 5008 sia:
430 4953 701 5029 uliles_,_Aut
722 4955 968 5029 quamvis
1002 4956 1151 5029 plura
1180 4955 1289 5029 jam
1315 4958 1381 5010 de
1405 4958 1472 5011 iis
1501 4953 1704 5029 scripta
1729 4960 1860 5023 sint,

306 5035 468 5094 atque
498 5023 549 5075 in
584 5022 877 5097 llistorinm
911 5026 1359 5097 ecclesiasticam,
1384 5044 1579 5097 magno
1606 5022 1745 5097 ejus,
1773 5022 1864 5082 or;

307 5102 563 5147 nameuto
590 5094 755 5157 illata,
801 5094 941 5148 haud
978 5105 1157 5149 tamen
1201 5096 1326 5161 alia,
1357 5094 1649 5153 codicibus
1677 5100 1861 5153 hacteo

222 5186 225 5189 π
307 5180 410 5218 nus
445 5164 705 5233 reposita.
728 5179 791 5216 ac
828 5167 1033 5233 paucis,
1072 5168 1273 5233 pervia,
1309 5167 1483 5221 eidem
1512 5169 1773 5231 historiae,
1799 5182 1864 5222 ac

300 5236 578 5286 communi
610 5232 862 5287 Ecclesia:
890 5235 1033 5305 usui.
1067 5232 1308 5305 neganda
1332 5237 1632 5293 videantur.
1661 5239 1858 5293 Prmter

303 5318 433 5379 ergo
457 5318 539 5379 ea,
559 5318 693 5379 quae
721 5305 803 5379 vel
825 5304 939 5379 suis
968 5305 1079 5379 ipse
1112 5304 1176 5379 de
1208 5322 1266 5360 se
1300 5309 1625 5379 conscripsit
1654 5310 1857 5379 episto-

307 5373 393 5438 lis,
421 5373 504 5426 vel
540 5373 606 5426 de
630 5388 695 5426 eo
728 5372 968 5444 ejusdem
993 5372 1311 5444 discipulus
1357 5372 1582 5432 Michael
1632 5372 1701 5431 in"
1739 5382 1858 5431 eius

305 5446 435 5507 vita,
505 5457 733 5511 quaeque
778 5442 1041 5498 Batonius
1102 5442 1536 5501 communicatur
1587 5448 1703 5501 viro
1758 5449 1856 5499 do-

306 5510 549 5585 ctissimo
568 5510 969 5585 Jacobosirtn.
993 5515 1051 5570 S.
1084 5514 1121 5569 l.
1158 5516 1207 5567 in
1238 5516 1475 5571 Annales
1498 5517 1696 5581 retulit,
1730 5534 1857 5585 0pc-

307 5598 378 5656 ree
402 5583 628 5656 pretium
665 5583 819 5656 duxi,
840 5584 981 5638 hanc
1009 5588 1344 5639 successoris
1361 5585 1629 5641 Naucratii
1656 5583 1856 5656 episto-

310 5652 413 5704 lam
446 5652 587 5731 velul
618 5653 1217 5731 encyclicatn,_di_gnum
1253 5658 1408 5723 plane
1433 5673 1557 5711 cum
1584 5652 1851 5731 ponentis,

305 5734 415 5775 tum
450 5722 566 5790 ejus
599 5722 683 5776 cui
716 5722 948 5792 positum
982 5722 1103 5791 fuit,
1136 5722 1649 5796 monumentumfin
1680 5730 1856 5798 publi-

1958 4766 2082 4805 cum
2117 4749 2294 4804 facere
2321 4768 2333 4805 :
2364 4766 2425 4805 ac
2453 4766 2553 4804 nec
2581 4748 2712 4803 mihi
2741 4749 3021 4818 imperare
3060 4764 3302 4815 possum,
3348 4759 3406 4804 nt
3449 4766 3519 4805 ne

1960 4821 2100 4874 idem
2131 4832 2380 4889 praestem
2412 4822 2478 4875 de
2500 4820 2671 4874 sancti
2711 4817 2914 4873 Nicolai
2971 4818 3197 4872 Studitee
3249 4821 3378 4883 vita,
3426 4822 3520 4889 qui

1960 4892 2076 4959 ipse
2118 4888 2242 4944 cum
2286 4890 2521 4959 praefatis
2560 4888 2863 4951 confessor,
2900 4903 2987 4959 _ac
3039 4903 3225 4941 eorum
3280 4888 3519 4953 tandem,

1959 4957 2265 5023 successor,
2287 4957 2363 5015 ad
2399 4962 2583 5029 lgnatii
2613 4975 2784 5081 usque
2807 4975 2871 5012 ae
2897 4957 3072 5012 Photii
3091 4966 3365 5025 tempora,
3386 4975 3523 5028 prte-

1960 5031 2143 5081 clarus
2175 5032 2381 5081 meritis
2414 5046 2477 5081 ac
2517 5030 2642 5081 fide.
2715 5029 2990 5081 unatiioue
3041 5028 3424 5081 communione
3458 5044 3522 5081 ae

1960 5031 2143 5086 clarus
2175 5032 2381 5085 meritis
2414 5028 2477 5085 ac
2517 5030 2642 5090 fide,
2691 5028 2990 5097 lgnatiique
3041 5028 3424 5082 communione
3458 5044 3522 5083 ac

1960 5101 2285 5169 patrocinio,
2323 5100 2546 5169 insignis
2582 5100 2823 5167 pervenit
2858 5117 2873 5152 :
2906 5113 3009 5167 qua
3054 5098 3295 5169 ejusdem
3341 5098 3519 5169 Theo-

1961 5166 2079 5225 dori
2107 5186 2170 5224 ac
2198 5166 2535 5237 reliquorum
2566 5166 2946 5223 confessorum
2981 5171 3083 5222 sub
3116 5166 3365 5234 pluribus
3404 5166 3517 5219 leo.

1962 5242 2221 5294 noclastis
2260 5242 2619 5309 principibus.
2662 5250 2807 5308 gesta
2849 5237 3196 5309 memoranda
3225 5237 3518 5309 plurimum

1962 5306 2319 5369 illustrentur,
2360 5306 2727 5364 ac'sttcccSSio
2787 5318 2896 5362 ιοιιι
2920 5323 3099 5362 rerum
3152 5306 3405 5359 Ecclesia:
3466 5306 3518 5358 in

1960 5379 2167 5433 Graecia
2214 5381 2279 5431 ad
2320 5396 2491 5449 usque
2538 5378 2863 5433 Photianum
2916 5379 3187 5449 scltistna;
3222 5374 3522 5449 Consecrat

1964 5451 2128 5519 hujus
2155 5449 2355 5503 Nicolai
2403 5445 2719 5503 inemoriam
2770 5448 3023 5503 Nicolaus
3060 5446 3222 5515 Papa,
3250 5445 3521 5519 qua_petit

1961 5512 2154 5593 ipsqu
2174 5522 2316 5593 mitti
2344 5521 2665 5593 llomantab
2704 5521 3044 5593 imperatore,
3078 5512 3153 5571 ei
3184 5512 3337 5585 parte
3368 5512 3521 5593 Igna-

1962 5592 2043 5652 tii,
2074 5590 2157 5642 cui
2192 5590 2445 5643 nimirum
2507 5590 2828 5653 adhaereret,
2873 5590 3146 5649 obnitens,
3196 5590 3515 5655 grassatori,

1964 5659 2183 5783 Pholtio,
2218 5661 2296 5713 uti
2326 5660 2532 5731 pridem
2564 5660 2795 5715 obnixus
2823 5659 2999 5715 fuerat
3036 5654 3372 5728 principibus
3405 5654 3509 5708 lcu-

1964 5746 2064 5783 noc
2087 5741 2241 5783 aSlIS.

1964 5741 2241 5786 llOClaSlIS.
