4188 6482
715 431 847 496 1827

1618 437 2016 499 ΑΡΡΕΝΒΙΧ.
2044 461 2113 479 -
2147 441 2556 502 NAUCRATII
2587 438 2992 501 ENCYCLICA

3787 435 3935 498 1828

709 542 815 612 ipsi
873 539 1309 596 oollahorassetis
1339 582 1354 608 ,
1404 557 1465 596 ac
1519 541 1572 595 itt
1643 545 1830 599 multis
1877 547 2258 616 omnibusque,
2288 551 2335 608 Α

2288 551 2335 608 Α
2363 549 2453 600 καὶ
2494 550 2550 600 ὲν
2587 549 2738 600 πᾶσι.
2793 544 3130 614 Κεκοίμηται
3175 544 3204 596 6
3251 541 3424 606 κοινὸς
3456 541 3644 614 Πατὴρ
3676 546 3859 613 ἡμων,
3904 546 3936 596 ὁ

705 648 991 688 commune
1017 648 1141 687 cum
1181 651 1245 688 eo
1273 634 1600 688 habuissetis
1653 648 1944 691 certamen.
1972 639 2265 692 Dormitio-

711 742 833 780 nem
894 727 1104 794 accepit
1129 727 1435 780 communis
1468 726 1626 779 Pater
1663 739 1864 791 noster,
1899 730 1985 783 ille
2015 746 2261 800 prorsus,

709 826 762 870 et
784 816 1084 882 discipulus
1111 817 1307 871 Christi
1333 819 1637 871 etimitator
1675 836 1688 882 ;
1720 835 1780 873 os
1823 819 1950 873 illud
1977 820 2263 888 Ecclesiae;

709 905 1051 959 sacerdotum
1093 906 1256 959 decus
1287 923 1300 971 ;
1337 907 1457 961 ﬁdei
1524 910 1769 962 columen
1799 926 1812 974 ;
1848 911 2030 979 regula
2075 927 2268 966 mona-

713 999 940 1050 chorum
969 1013 983 1060 ;
1021 997 1360 1065 evangelicus
1388 1007 1569 1066 pastor
1601 1016 1614 1060 ;
1646 1011 1829 1068 pectus
1868 1003 2222 1069 apostolicum
2250 1020 2264 1067 ;

711 1089 944 1142 eximius
994 1089 1276 1142 confessor
1327 1106 1342 1153 ;
1395 1100 1568 1161 matyr
1629 1094 1966 1160 propositus;
2011 1094 2090 1147 sol
2143 1093 2266 1148 lidei

711 1179 1074 1243 orthodoxae;
1129 1179 1279 1232 orbis
1322 1181 1528 1232 doctor.
1582 1184 1777 1250 Atque,
1817 1184 1949 1250 proh
2004 1184 2264 1238 verbum!

712 1270 919 1337 accepit
947 1269 1326 1322 dorntitionem
1374 1273 1680 1325 communis
1726 1273 1926 1334 Pater;
1978 1275 2265 1328 vocalissi-

713 1376 836 1414 mus
871 1361 958 1413 ille
979 1360 1219 1414 veritatis
1246 1376 1419 1430 ριξηοο
1451 1379 1464 1425 ;
1491 1361 1636 1430 jugis
1661 1361 1919 1416 doctrina:
1947 1365 2222 1433 scaturrigo
2252 1382 2267 1432 ;

713 1453 800 1505 cui
851 1452 995 1504 velut
1050 1452 1464 1506 innumerabilis
1515 1453 1592 1521 (2)
1629 1456 1692 1505 ad
1727 1458 2170 1522 gubernationem
2215 1458 2265 1510 in

711 1545 869 1596 linem
894 1543 1058 1596 divini
1085 1543 1340 1611 propositi
1363 1554 1501 1597 esset
1534 1546 1836 1600 intellectus
1869 1563 1883 1611 ;
1932 1549 2268 1604 admirabilis

709 1633 800 1686 ille
827 1633 1209 1696 consiliarius;
1239 1634 1408 1687 lidelis
1435 1636 1775 1703 dispensator
1803 1650 2265 1693 sacramentorum

711 1722 801 1776 Dei
832 1738 847 1787 ;
883 1724 1016 1776 civis
1052 1725 1286 1777 cmlestis
1318 1722 1654 1790 Jerusalem;
1682 1743 1834 1781 mens
1865 1741 2086 1797 purgata
2118 1747 2132 1794 ;
2164 1745 2263 1782 au-

709 1829 834 1868 reus
859 1815 1075 1868 animus
1107 1831 1122 1878 ;
1160 1816 1488 1884 ptenitentia:
1517 1817 1681 1885 janua
1713 1817 1875 1882 ;lons
1909 1821 2219 1890 dogmatum
2247 1863 2261 1886 ,

2365 640 2459 692 τοῦ
2483 639 2714 706 Χριστοῦ
2745 637 2978 707 ἀληθῶς,
3006 638 3098 688 καὶ
3129 635 3394 704 μαθητὴς,
3427 638 3518 687 καὶ
3548 637 3789 705 μιμητής
3815 651 3831 665 ·
3866 636 3936 687 16

2367 731 2560 792 σκεῦος
2601 729 2699 798 τῆς
2739 715 3093 798 ὲκλογῆςίτδ
3127 727 3298 794 στόμα
3337 725 3437 794 τῆς
3475 725 3833 794 Ἐκκλησίας·
3867 727 3936 779 16

2366 823 2520 884 κλέος
2563 821 2670 873 τῶν
2716 821 2936 890 ἱερέων·
2964 819 3026 871 τὸ
3061 819 3157 888 τῆς
3187 819 3422 879 πίστεως
3449 816 3677 887 ἔρεισμα
3698 834 3712 848 ·
3753 821 3780 870 6
3817 817 3934 869 τῶν

2368 912 2706 984 μοναζόντων
2739 911 2917 962 κανών
2938 925 2953 939 ·
2994 909 3023 960 6
3055 906 3407 975 εὐαγγελικδς
3436 908 3671 976 ποιμήν·
3706 909 3738 975 ή
3787 908 3933 960 ἀπο·

2368 1006 2584 1074 στολικὴ
2645 1005 2868 1076 καρδία·
2920 1002 3029 1056 τῶν
3078 1002 3424 1072 όμολογητῶν
3466 1005 3494 1056 6
3535 1003 3850 1072 ἐξαίρετος·
3901 1005 3933 1054 6

2367 1097 2745 1167 προαιρετικὸς
2776 1095 3012 1165 μάρτυς·
3039 1093 3067 1146 ό
3098 1094 3196 1162 τῆς
3219 1092 3522 1161 όρθοδοξίας
3555 1094 3704 1163 ἧλιος
3728 1111 3741 1123 ·
3773 1095 3802 1145 6
3844 1095 3930 1146 οί-

2367 1186 2686 1257 κουμενικδς
2716 1185 3046 1246 διδάσκαλος.
3071 1185 3200 1248 Καὶ,
3232 1182 3277 1235 ὣ
3298 1183 3392 1236 τοῦ
3416 1183 3794 1253 ἀκούσματοςί
3831 1203 3930 1236 κε-

2367 1280 2620 1346 κοίμηται
2658 1278 2686 1328 6
2733 1274 2910 1337 κοινὸς
2944 1273 3128 1344 Πατὴρ
3165 1272 3320 1342 ἡμῶν
3347 1276 3375 1325 6
3409 1274 3927 1341 μεγαλοφωνότατος

2366 1374 2462 1442 τῆς
2486 1371 2738 1438 ἀληθείας
2766 1370 2968 1441 κῆρυξ·
2997 1370 3026 1421 6
3048 1369 3269 1432 ἀένναος
3297 1369 3395 1436 τῆς
3423 1368 3766 1432 διδασκαλίας
3795 1369 3932 1440 βρυ-

2363 1466 2469 1536 τήρ
2488 1480 2502 1493 ·
2536 1466 2564 1516 6
2587 1464 2868 1534 μυριόνους
2887 1465 2954 1532 τῇ
2979 1461 3256 1530 θεοσκόπῳ
3281 1460 3602 1530 κυϐερνήσει
3622 1478 3635 1492 ·
3657 1463 3686 1513 6
3719 1461 3933 1529 θαυμα-

2369 1559 2488 1619 στὸς
2523 1556 2850 1626 βουληφόρος
2871 1571 2885 1584 ·
2915 1554 2944 1606 6
2971 1553 3160 1615 πιστὸς
3189 1552 3468 1621 οἰκονόμος
3500 1553 3608 1604 τῶν
3648 1551 3742 1604 τοῦ
3786 1551 3926 1606 Θεοῦ

2369 1648 2712 1717 μυστηρίων·
2752 1649 2780 1698 ό
2805 1645 2904 1714 τῆς
2931 1643 3250 1713 ἐπουρανίου
3287 1643 3642 1713 Ἰερουσαλὴμ
3676 1644 3926 1714 πολίτην

2363 1742 2392 1792 6
2421 1737 2823 1806 κεκαθαρμένος
2875 1735 3100 1803 νοῦς·ἡ
3154 1735 3470 1804 χρυσοειδὴς
3517 1735 3699 1805 ψυχή·
3749 1738 3782 1804 η
3829 1735 3931 1801 τῆς

2370 1830 2652 1899 μετανοίας
2684 1828 2853 1897 θύρα·
2903 1828 2937 1896 ἡ
2970 1826 3076 1879 τῶν
3115 1825 3397 1894 δογμάτων
3433 1828 3620 1896 πηγή·
3669 1829 3703 1897 ἡ
3732 1826 3932 1896 εὖηχος

708 1906 846 1959 bene
890 1905 1158 1960 modulata
1201 1905 1434 1976 Spiritus
1476 1909 1586 1978 lyra
1629 1927 1642 1974 ;
1681 1911 1850 1965 beata:
1895 1927 1956 1965 ac
1985 1885 2264 1981 'principis
2297 1885 2339 1943 Β

2297 1885 2339 1943 Β
2367 1885 2458 1972 τοῦ
2512 1885 2826 1988 Πνεόματος
2859 1885 3025 1988 λύρα·
3067 1921 3128 1971 16
3162 1885 3618 1989 t'v6tal1qtu'1ij;
3651 1885 3929 1989 μακαρίας

707 1995 993 2052 Trinitatis
1023 1999 1355 2052 domicilium
1389 1999 1653 2054 Caeterum
1689 2002 1862 2056 dicam
1888 2004 2079 2058 iterum
2108 2022 2122 2059 :
2159 2022 2264 2059 non

708 2097 764 2141 ut
796 2089 1226 2143 consolationem
1261 2090 1543 2144 adhibeam
1570 2109 1584 2157 ;
1613 2091 1742 2156 Qua:
1772 2095 1912 2146 enim
1946 2097 2118 2149 oratio
2148 2107 2268 2149 tan-

708 2187 775 2233 ta:
806 2179 931 2233 huic
961 2181 1257 2234 calamitati
1302 2182 1505 2236 mederi
1541 2183 1714 2252 possit
1735 2183 1758 2235 ?
1778 2185 1868 2237 sed
1903 2195 1959 2237 ut
1989 2201 2114 2239 voce
2143 2186 2264 2250 hac,

711 2271 958 2325 dolorem
989 2273 1136 2325 omni
1167 2282 1316 2341 parte
1337 2274 1792 2343 constringentem
1817 2291 1930 2338 cor,
1963 2276 2220 2345 explicem
2252 2294 2264 2330 :

709 2361 912 2430 accepit
960 2363 1336 2417 dormitionetn
1393 2365 1699 2419 communis
1723 2363 1883 2420 Pater
1924 2383 1937 2430 ;
1999 2369 2269 2422 terrestris

711 2451 798 2506 ille
827 2454 1066 2521 angelus,
1094 2465 1148 2509 et
1177 2455 1338 2508 homo
1361 2456 1596 2510 cmlestis
1632 2473 1648 2520 ;
1683 2458 2100 2512 mundissimum
2138 2458 2269 2514 illud

711 2543 1036 2613 virginitatis
1059 2547 1313 2614 templum
1344 2563 1359 2611 ;
1396 2548 1675 2615 multiplex
1708 2548 1792 2601 ille
1822 2565 1884 2602 ac
1902 2551 2267 2616 multiformis,

711 2635 934 2688 volubili
955 2637 1216 2704 sapientia
1238 2638 1510 2707 Spiritus;
1539 2623 1936 2695 intentissimus
1961 2644 2269 2712 Cottjector;

713 2741 876 2779 verus
913 2728 1114 2782 Christi
1161 2728 1398 2784 famulus
1455 2748 1468 2795 ;
1516 2731 1760 2798 corporis
1799 2731 2000 2786 Christi
2049 2734 2272 2801 pulchro

715 2819 1008 2886 supercilio
1066 2819 1257 2875 oculus
1315 2836 1330 2885 ;
1384 2823 1651 2889 patientize
1710 2823 1878 2892 pugil,
1944 2825 2274 2894 Ineresisque

714 2909 1200 2966 lconomacltorum
1247 2915 1417 2966 victor
1450 2932 1464 2978 ;
1504 2914 1729 2982 justitiae
1772 2923 2046 2968 armatura
2083 2933 2096 2980 ;
2129 2917 2273 2970 elee-

713 3017 952 3073 tnosynte
997 3003 1116 3058 fons
1147 3022 1162 3070 ;
1193 3005 1422 3071 diligens
1455 3004 1664 3059 Domini
1696 3008 1872 3075 legum
1905 3018 2126 3073 custos;
2159 3011 2276 3062 the-

713 3095 861 3148 sauri
907 3094 1166 3148 virtutum
1207 3112 1344 3164 penu
1383 3115 1396 3161 ;
1441 3097 1612 3152 dulcis
1645 3114 1912 3160 sermone,
1949 3108 2001 3151 et
2033 3099 2098 3152 ad
2133 3100 2275 3152 salu-

716 3186 938 3240 tandum
983 3186 1155 3241 facilis
1177 3189 1274 3257 (5).
1313 3188 1443 3254 Quis
1472 3205 1619 3250 vero,
1662 3199 1737 3242 tot
1767 3200 2006 3244 tantasve
2043 3191 2276 3258 appella-

717 3277 893 3332 tiones
932 3279 1098 3346 gratia
1148 3294 1459 3341 concessas,
1504 3280 1570 3332 ab
1598 3281 1715 3347 ejus
1745 3281 2150 3348 Operationibus
2179 3283 2270 3350 qui

716 3370 1008 3436 apostolica
1045 3369 1329 3424 allectionc
1358 3374 1537 3425 omnia
1581 3373 1835 3426 omnibus
1859 3373 2082 3427 elTectns
2111 3384 2272 3438 esset,

716 3462 963 3513 oratione
1015 3462 1387 3530 expresserit?
1427 3461 1470 3516 Ο
1520 3462 1990 3527 desideratissimi,
2029 3464 2156 3533 quid
2207 3465 2274 3516 ad

718 3569 816 3607 nos
865 3553 1096 3608 humiles
1149 3554 1288 3606 istud
1330 3554 1702 3608 sacramenti?
1761 3554 1890 3619 Quae
1926 3569 2051 3608 vero
2079 3570 2273 3609 arcana

720 3643 809 3697 Dei
851 3645 1112 3715 sapientia
1145 3646 1168 3697 ?
1199 3643 1351 3700 Nunc
1386 3646 1516 3699 mihi
1551 3645 1794 3699 Jeremia:
1845 3647 2091 3700 lamentis
2140 3661 2276 3715 opus

715 3747 877 3799 esset,
905 3755 968 3792 ac
1005 3739 1048 3792 si
1077 3739 1200 3807 quis
1222 3739 1358 3791 alius
1400 3739 1586 3792 beatus
1606 3738 1692 3791 vir
1723 3747 2075 3806 sanctusque,
2110 3753 2275 3807 gran-

715 3831 834 3883 dem
873 3831 1109 3899 aliquam
1129 3830 1490 3883 calamitatem
1535 3830 1853 3898 deploravit.
1906 3829 2120 3882 Corruit
2171 3830 2273 3893 vir,

718 3920 873 3988 plane
941 3921 1191 3974 columna
1249 3929 1302 3974 et
1365 3920 1596 3974 fulcrum
1663 3920 1917 3974 Ecclesia:
1971 3937 1983 3972 :
2045 3920 2185 3982 imo,
2229 3920 2275 3972 is

718 4013 933 4081 quidem
976 4011 1041 4064 ad
1075 4012 1281 4064 beatam
1317 4012 1486 4066 elatus
1515 4012 1698 4074 vitam,
1727 4026 1755 4064 a
1781 4011 1938 4064 nobis
1970 4011 2273 4064 abscessit:

719 4103 1019 4172 periculum
1056 4118 1180 4154 vero
1199 4112 1300 4163 est,
1333 4117 1399 4155 ne
1429 4113 1578 4155 tanto
1599 4103 1911 4155 lttlcimento
1945 4103 2272 4167 substracto,

721 4203 978 4248 col-ruant
1041 4193 1228 4260 aliqui,
1269 4193 1551 4261 palamque
1585 4193 1675 4246 ﬁat
1701 4195 1844 4260 quod
1878 4204 2031 4260 putre
2088 4193 2142 4246 in
2196 4193 2275 4248 eis

720 4299 819 4341 est.
845 4288 1163 4340 Obturatum
1193 4296 1273 4340 est
1304 4302 1386 4348 os,
1417 4286 1566 4351 Quod
1597 4287 1650 4338 in
1673 4286 1782 4356 lege
1806 4285 1900 4339 Dei
1935 4287 2279 4340 meditaretur

719 4381 801 4431 die
843 4395 906 4430 ac
967 4391 1113 4431 nocte
1140 4380 1182 4441 ¹,
1212 4379 1642 4447 quodquejusue
1706 4379 1973 4432 libertatis
2021 4380 2180 4433 verba
2210 4379 2277 4433 ad

717 4470 1126 4525 aedificationem
1162 4471 1472 4525 scaturiret.
1503 4471 1896 4524 Abscesserunt
1930 4471 2048 4540 ejus
2079 4471 2276 4526 mentis

2367 2011 2460 2062 καὶ
2506 2011 2738 2080 ἀρχικῆς
2780 2010 3030 2079 Τριάδος.
3063 2010 3172 2064 Καί
3213 2027 3276 2078 γε
3311 2008 3466 2073 αὖθις
3494 2011 3626 2079 ὲρῶ,
3656 2012 3719 2063 οὺ
3752 2028 3931 2081 παρα-

2366 2101 2606 2170 κλήσεως
2645 2102 2832 2154 ἕνεκα·
2885 2102 2970 2159 τίς
3017 2103 3124 2172 γὰρ
3168 2101 3233 2156 ἂν
3278 2103 3369 2155 καὶ
3416 2102 3571 2169 λόγος
3615 2100 3928 2172 ὲξευρεθείη

2367 2194 2634 2261 τοσαύτης
2681 2195 2963 2262 συμφορᾶς
3015 2194 3230 2261 ίατρός;
3279 2194 3413 2248 ἀλλὰ
3451 2195 3552 2263 τὴν
3583 2193 3930 2264 περιοδυνίαν

2368 2285 2465 2353 τῆς
2513 2285 2769 2353 ταπεινῆς
2805 2285 2962 2353 ἡμῶν
2995 2286 3238 2354 καρδίας,
3273 2287 3335 2336 έκ
3373 2285 3472 2354 τῆς
3513 2283 3697 2353 φωνῆς
3728 2283 3930 2352 ταύτης

2370 2377 2498 2444 ὑμῖν
2543 2376 3018 2443 διασημαίνοντες·
3069 2376 3394 2443 κεκοίμηται
3439 2377 3466 2428 6
3505 2375 3683 2436 κοινὸς
3742 2373 3931 2442 Πατὴρ

2369 2468 2547 2537 ἡμῶν,
2581 2471 2608 2520 6
2638 2467 2873 2532 ἐπίγειος
2903 2466 3128 2534 ἄγγελος
3156 2467 3248 2518 καὶ
3273 2467 3522 2534 οὐράνιος
3549 2465 3836 2534 ἄνθρωπος
3854 2480 3867 2494 ·
3903 2465 3932 2515 6

2368 2561 2466 2627 τῆς
2506 2559 2800 2627 παρθενίας
2853 2558 2978 2621 v16;
3016 2557 3422 2626 καθαρώτατος·
3455 2558 3483 2608 ὁ
3521 2555 3809 2618 πολλοστὸς
3841 2555 3932 2607 καὶ

2371 2651 2650 2720 πολυειδὴς
2676 2652 2743 2718 τῇ
2773 2649 3199 2718 ποικιλοστρόφῳ
3226 2647 3384 2717 σοφίᾳ
3414 2645 3506 2698 τοῦ
3531 2646 3874 2713 Πνεὺματος·
3904 2646 3933 2697 6

2372 2739 2760 2808 ὲτιιτεταμένος
2795 2739 3094 2807 στοχαστής
3115 2755 3128 2768 ·
3160 2739 3188 2789 6
3215 2738 3436 2805 γνήσιος
3467 2734 3698 2786 Χσιστοῦ
3724 2735 3931 2803 ὑπηρέ-

2370 2846 2467 2899 της
2491 2845 2505 2860 ·
2536 2830 2564 2882 6
2603 2828 3026 2896 καλλιϐλέφαρος
3055 2827 3329 2896 ὀφθαλμὸς
3358 2823 3451 2877 τοῦ
3480 2823 3715 2893 Χριστοῦ
3748 2823 3933 2891 σώμα-

2372 2936 2486 2982 τος·
2511 2921 2540 2970 6
2559 2921 2655 2988 τῆς
2684 2919 2958 2987 ὑπομονῆς
2979 2919 3234 2987 ἀθλητὴς.
3259 2919 3352 2970 καὶ
3378 2917 3475 2985 τῆς
3503 2917 3933 2984 Εἱκονομαχικῆ,

2375 3010 2636 3079 αἱρέσεως
2661 3011 2884 3085 νικητής
2909 3025 2922 3038 ·
2957 3010 3017 3060 16
3047 3011 3142 3076 τῆς
3163 3008 3506 3076 δικαιοσύνης
3545 3007 3707 3058 ὅπλον
3730 3023 3744 3035 ·
3778 3009 3810 3074 ἡ
3840 3007 3934 3074 τῆς

2375 3103 2742 3170 ἐλεημοσύνης
2779 3102 2973 3170 κρήνη,
3015 3103 3041 3153 6
3070 3103 3298 3170 ἀκριϐὴς
3331 3101 3421 3152 τοῦ
3461 3099 3662 3168 Κυρίου
3701 3098 3937 3166 νομοφύ-

2378 3190 2503 3255 λαξ·
2537 3191 2596 3241 16
2626 3189 3120 3260 θησαυροφυλάκιον
3163 3188 3272 3241 τῶν
3313 3186 3556 3257 ἀρετῶν·
3596 3187 3624 3237 6
3656 3186 3748 3237 16v
3782 3184 3936 3252 λόγον

2381 3282 2528 3351 ἡδὺς,
2560 3285 2650 3334 καί
2670 3281 2765 3351 τὴν
2792 3282 3159 3351 προσηγορίαν
3191 3281 3526 3349 εὖπρόσιτος.
3556 3279 3665 3332 Καὶ
3699 3279 3783 3336 τίς
3816 3277 3935 3328 ίκαο

2380 3375 2467 3436 νὸς
2497 3376 2871 3442 λογογραφεῖν,
2908 3375 3104 3434 ὁπόσας
3135 3372 3280 3437 αὐτῷ
3304 3373 3398 3422 καὶ
3438 3370 3628 3439 ἡλίκας
3660 3384 3935 3437 προσηγο-

2383 3466 2502 3537 ρίας
2534 3466 2769 3534 παρέσχε
2805 3465 2838 3532 ἡ
2864 3463 2982 3514 θεία
3020 3463 3198 3531 χάρις,
3229 3464 3346 3522 ταῖς
3376 3461 3673 3526 ἐνεργείαις
3705 3458 3799 3510 τοῦ
3832 3460 3939 3520 τοῖς

2384 3560 2516 3611 πᾶσι
2547 3558 2720 3610 πάντα
2745 3555 3071 3624 ἀποστολικῇ
3117 3552 3352 3606 διαθέσει
3386 3550 3674 3619 γενομένου
3722 3566 3736 3612 ;
3769 3543 3940 3602 ὣάει-

2381 3648 2630 3716 πόθητοι,
2666 3647 2716 3697 τί
2744 3647 2804 3698 τὸ
2840 3647 2967 3714 περὶ
3001 3647 3144 3714 ἡμᾶς
3183 3644 3308 3704 τοὺς
3343 3641 3627 3702 ταπεινοὺς
3654 3640 3811 3692 τοῦτο
3839 3657 3938 3707 μυ-

2383 3742 2632 3809 στήριον;
2678 3739 2786 3791 Καὶ
2827 3739 2908 3800 τίς
2959 3739 2992 3805 ἠ
3041 3735 3134 3788 τοῦ
3166 3734 3299 3787 Θεοῦ
3337 3733 3496 3802 σοφία
3539 3734 3808 3802 ἂρῤητοςς
3847 3729 3940 3781 νῦν

2381 3833 2610 3901 ἐδεόμην
2637 3829 2743 3881 τῶν
2784 3827 3044 3896 Ἰερεμίου
3079 3826 3310 3896 θρήνων,
3341 3825 3434 3877 καὶ
3479 3825 3525 3874 εἰ
3569 3823 3630 3888 δή
3664 3838 3748 3881 τις
3786 3820 3940 3881 ἀλλος

2380 3923 2488 3976 τῶν
2511 3921 2794 3991 μακαρίων
2818 3918 3026 3989 ἀνδρῶν
3047 3919 3327 3987 συμφορᾶς
3351 3914 3578 3984 μέγεθος
3599 3912 3782 3964 ἀπωδὺ
3793 3928 3938 3980 ρατο.

2384 4015 2643 4068 Πέπτωκε
2669 4011 2805 4080 ἀνὴρ
2827 4009 2902 4079 τῷ
2933 4009 3042 4061 δντι
3070 4008 3255 4070 στύλος
3283 4008 3378 4058 καὶ
3407 4006 3683 4076 ἑδραίωμα
3708 4003 3806 4070 τῆς
3824 4002 3942 4054 Ἐκ-

2383 4106 2643 4174 κλησίας·
2682 4103 2881 4172 μᾶλλον
2924 4101 2998 4163 δὲ,
3037 4100 3199 4162 αὐτὸς
3239 4099 3337 4168 μὲν
3365 4099 3499 4168 προς
3541 4097 3637 4148 τὴν
3669 4094 3941 4162 μακαρίαν

2384 4198 2530 4266 ζωὴν
2588 4195 2792 4263 ἀρθεὶς,
2843 4193 2934 4259 ἀφ’
2977 4191 3135 4261 ἡμῶν
3186 4192 3421 4258 οἴχεται·
3468 4188 3586 4248 δέος
3638 4185 3718 4247 δὲ,
3761 4184 3836 4252 μὴ
3870 4183 3940 4250 τῷ

2385 4287 2667 4356 ἐρείσματι
2697 4283 2870 4352 τούτῳ
2899 4279 3328 4349 ὑπεξαιρεθέντι,
3349 4278 3494 4339 τινὲς
3522 4274 3942 4343 συγκαταπέσωο

2385 4391 2460 4439 σι,
2509 4375 2603 4427 καὶ
2645 4374 2712 4426 τὰ
2751 4371 2954 4424 τούτων
2986 4370 3159 4438 σαθρά
3201 4367 3564 4437 διελεγχθῶσι.
3623 4364 3941 4418 Κέκλεισται

2387 4465 2580 4534 στόμα,
2607 4461 2883 4518 Male:th
2908 4461 2978 4514 ἐν
2999 4461 3158 4528 νόμῳ
3190 4459 3406 4526 Κυρίου
3445 4457 3665 4525 ἡμέρας
3705 4455 3800 4506 καί
3837 4470 3940 4504 rv-

718 4561 964 4621 consilia,
991 4559 1149 4628 cujus
1174 4559 1226 4612 in
1251 4559 1359 4613 Deo
1389 4569 1566 4612 motus
1589 4569 1760 4614 erant.
1785 4559 2016 4614 Clausus
2042 4567 2125 4613 est
2150 4574 2280 4613 ocu-
2306 4576 2360 4636 ι)

2306 4576 2360 4636 D
2389 4557 2526 4621 κτός
2549 4571 2563 4585 ·
2601 4552 2910 4625 παρρησίας
2940 4568 2997 4604 τε
3023 4546 3090 4602 αὖ
3121 4549 3354 4611 δικαίας,
3388 4549 3513 4608 τοὺς
3536 4547 3727 4636 λόγους
3867 4544 3942 4593 οξ-

720 4650 804 4704 lus
821 4661 966 4704 recta
993 4651 1415 4719 videns,quique
1441 4651 1639 4703 bonum
1658 4666 1687 4703 a
1708 4652 1848 4703 malo
1867 4650 2066 4719 optime
2082 4650 2287 4704 discer-
2307 4633 2342 4636 —

2307 4633 2342 4636 —
2385 4646 2590 4714 κοδομῇ
2635 4645 2868 4705 πίστεως
2899 4641 3083 4712 βρύον.
3117 4640 3336 4708 Οίχεται
3370 4637 3565 4706 φρενὸς
3603 4633 3942 4704 βουλεύματα

721 4751 892 4795 neret.
912 4741 1242 4811 Quieverunt
1267 4745 1425 4806 labia,
1446 4758 1560 4809 quae
1591 4743 1869 4796 scientiam
1927 4742 2282 4805 custodirent,

723 4847 786 4886 ac
835 4849 899 4886 ex
944 4833 1141 4900 quibus
1173 4876 1188 4896 ,
1225 4842 1481 4901 tanquam
1539 4833 1713 4901 angeli
1773 4831 1980 4886 Domini
2033 4833 2283 4900 omnipo-

725 4925 887 4978 tentis
938 4923 1118 4987 labiis,
1151 4923 1398 4993 ,divinatn
1455 4924 1621 4993 legem
1669 4924 2032 4992 exquirerent.
2095 4921 2279 4977 Vincta

792 5056 812 5090 ⁸
835 5055 976 5112 Psal.
1001 5073 1039 5122 t,
1067 5055 1122 5111 2.

2385 4740 2486 4806 τῆς
2524 4737 2691 4798 ὅντως
2740 4738 2798 4788 έν
2843 4733 2962 4804 Θεῷ
2997 4732 3336 4800 κινουμένης.
3370 4728 3628 4795 Μέμυκεν
3672 4723 3944 4792 όφθαλμδς

2388 4825 2599 4896 βλέπων
2645 4824 2799 4894 ὀρθὰ.
2850 4825 2944 4875 καὶ
2986 4819 3272 4887 διακρίνων
3317 4818 3380 4871 16
3421 4818 3664 4882 κρεῖττον
3709 4813 3816 4868 ἀπὸ
3856 4809 3944 4862 τοῦ

2391 4917 2633 4987 χείρονος
2695 4913 2978 4968 κάλλιστα.
3045 4911 3328 4964 Πέπαυται
3394 4905 3546 4977 χείλη
3613 4904 3946 4972 φυλάσσοντα

2226 5165 2459 5222 NOTAE.

795 5265 875 5334 (2)
930 5264 1028 5319 Cui
1089 5263 1225 5318 velut
1279 5262 1901 5334 innumeraotlis,‘etc..
1957 5261 2279 5328 μυριόνους·

725 5331 894 5390 Plane
915 5337 1190 5403 egregium
1225 5334 1276 5385 itt
1323 5333 1570 5397 praelatos
1609 5331 1938 5403 epithetum;
1979 5334 2177 5403 quibus
2204 5339 2282 5382 tot

725 5399 974 5460 debeant"
1006 5399 1126 5456 esse
1187 5403 1397 5468 ingenia
1441 5410 1570 5467 quot
1610 5401 1848 5456 subditi:
1904 5415 2002 5452 nec
2040 5399 2090 5451 id
2143 5416 2281 5466 quo-

725 5480 808 5529 vis
844 5475 1022 5534 modo,
1060 5474 1153 5528 sed
1182 5475 1247 5539 τῇ
1280 5472 1557 5537 θεοσκόπῳ
1587 5470 1909 5538 κυϐερνήσει
1938 5485 1949 5497 ·
1983 5479 2039 5521 ιιι
2084 5473 2282 5539 guber-

727 5555 856 5598 nent
887 5544 1230 5612 dirigautque
1261 5541 1504 5612 subditos
1550 5541 1600 5591 in
1645 5555 1862 5605 scopum
1892 5549 1943 5590 et
1983 5542 2141 5590 liuent
2167 5538 2282 5590 cui-

727 5629 833 5681 que
863 5611 1196 5681 propOsitntu
1234 5628 1261 5662 ιι
1300 5611 1437 5671 Deo;
1477 5624 1588 5681 non
1631 5620 1687 5660 ut
1718 5625 1926 5681 eorum
1985 5619 2281 5674 sequantur

726 5678 880 5741 vitia,
912 5678 1260 5749 placeantquc
1330 5694 1434 5731 nou
1484 5680 1532 5730 itt
1577 5678 1824 5731 Domino.
1878 5679 2088 5729 Grande
2143 5687 2287 5749 certe

732 5754 834 5804 hoc
859 5747 1204 5819 inpr-delatos.
1233 5758 1288 5800 ttt
1317 5749 1662 5819 postmodum
1689 5750 1888 5814 Colligit
1912 5749 2120 5819 Nancra
2137 5747 2242 5819 tius
2270 5763 2281 5796 :

733 5823 917 5887 paucis
940 5816 1064 5874 vere
1118 5829 1326 5881 uolunt;
1350 5832 1522 5883 eoque
1566 5818 1675 5883 jant
1707 5820 1855 5869 tnulti
1889 5833 1995 5870 rent
2021 5816 2283 5868 antbittnt.

2472 5260 2550 5330 (ὅ)
2603 5258 2683 5312 Ad
2719 5256 3060 5330 salutandum
3092 5253 3284 5330 facilis.
3336 5250 3571 5330 Passive.
3613 5248 3723 5328 ,τὴν
3783 5265 3947 5330 προσ-

2387 5322 2620 5397 ηγορίαν
2641 5329 2955 5396 εὐπρόσιτος
2979 5343 2990 5354 ·
3032 5322 3305 5397 Acostahle
3337 5339 3352 5374 :
3381 5336 3498 5397 qua:
3525 5328 3578 5373 et
3613 5322 3726 5396 ipsa
3751 5322 3944 5397 virtus,

2390 5388 2580 5453 patres
2613 5388 2942 5452 animorum,
2970 5405 3020 5446 et
3051 5394 3316 5460 spiritales
3361 5391 3529 5443 duces
3580 5388 3812 5460 tnaxitnc
3853 5388 3947 5460 ge-

2390 5482 2493 5522 cet.
2525 5468 2622 5521 Vix
2659 5468 2949 5534 quidquam
2980 5453 3186 5516 Ascette
3218 5462 3542 5535 constiterit,
3583 5458 3671 5535 cui
3713 5473 3817 5535 non
3853 5453 3946 5533 Pa-

2391 5542 2491 5591 tris
2517 5532 2820 5591 constiterit
2846 5539 3079 5594 animus,
3111 5535 3200 5585 sed
3221 5532 3404 5603 magis
3447 5532 3617 5580 severi
3657 5532 3941 5603 exactoris.

2393 5624 2452 5659 ac
2489 5609 2728 5660 tetricosi
2775 5606 2970 5670 judicis
3010 5625 3017 5654 :
3054 5605 3132 5653 vel
3161 5602 3343 5660 etiam,
3385 5614 3482 5670 s_tta
3523 5602 3819 5670 quaerentis
3844 5611 3940 5645 tton

2393 5679 2616 5738 subditi,
2653 5666 2824 5742 eoque
2856 5691 2919 5726 ne
2950 5673 3116 5725 hilnnt
3164 5671 3355 5724 Patris.
3406 5666 3600 5719 Pareat
3658 5666 3819 5726 Deus,
3883 5679 3942 5742 ne

2394 5748 2522 5813 quid
2555 5732 2779 5798 inonsti-i
2811 5743 3096 5811 ejusmodi,
3132 5751 3236 5794 tam
3270 5749 3483 5800 sancta,
3523 5743 3699 5788 mater
3728 5744 3783 5788 et
3824 5732 3940 5785 reli-

2395 5833 2480 5882 gio
2515 5826 2798 5882 pepererit.
