4188 6512
229 431 368 496 1829

1178 440 1276 499 DE
1324 442 1553 501 OBITU
1580 443 1642 502 S.
1670 443 2059 505 THEODORI
2084 448 2452 509 STUDITIE.

3330 439 3468 504 1830

222 545 452 615 γνῶσιν,
502 545 595 599 καὶ
638 544 802 615 νόμον
840 544 981 599 θεῖον
1018 545 1415 619 ὲκξητούμενα,
1462 549 1540 614 ὡς
1568 550 1798 619 ἀγγέλου

1925 563 1984 608 rst
2035 554 2218 625 lingua
2267 570 2403 610 auro
2438 554 2628 618 ﬂuens,
2677 553 2979 608 cnarratrix
3036 550 3127 605 illa
3163 547 3467 605 cmlestium

227 637 432 709 Κυρίου
464 639 924 709 παντοκράτορος.
958 638 1178 693 Δέδεται
1221 640 1443 707 γλῶσσα
1491 645 1801 714 χρυσοῤῥή-

228 747 371 801 μων.
404 729 564 783 θείων
585 729 870 799 δογμάτων
892 730 1182 802 ἐξηγητής.
1214 727 1444 801 Εἷρκται
1463 733 1588 804 χεὶρ
1609 733 1803 805 ὡραιο-

226 824 461 895 γράφος,
493 822 803 886 ἐπιστολαῖς
826 822 918 875 τὸν
951 823 1153 893 κόσμον
1179 825 1680 891 καταπλουτίσασα,
1709 826 1803 878 καὶ

230 916 464 978 πολλοὺς
526 916 607 978 είς
664 917 959 984 ἐπίγνωσιν
1009 915 1265 987 ἀληθείας
1318 919 1799 989 ἑπαναστρέψασα.

236 1007 515 1078 Ἐστησαν
541 1007 700 1070 πόδες
728 1007 916 1077 ὡραῖοι
958 1008 1275 1078 παννυχίοις
1320 1010 1542 1063 στάσεσι
1571 1010 1804 1081 διηρκη-

231 1099 412 1165 κότες,
441 1100 535 1153 καὶ
564 1100 778 1162 πολλοῖς
820 1099 1303 1169 εὐαγγελισάμενοι
1343 1102 1586 1173 εἰρήνην,
1611 1103 1703 1155 καὶ
1737 1104 1806 1155 τά

233 1190 433 1259 ἀγαθά.
479 1189 754 1261 Ἢρέμησε
782 1189 902 1251 νοῦς
930 1190 1399 1262 διορατικὼτατος,
1431 1190 1497 1244 τὰ
1517 1192 1610 1245 τοῦ
1636 1192 1807 1247 Ilvati-

237 1298 409 1354 ματος
446 1281 588 1353 βάθη
616 1283 988 1352 διερευνήσας,
1025 1283 1121 1335 καὶ
1148 1282 1217 1334 τὰ
1248 1281 1529 1353 πόρρωθεν
1564 1282 1803 1353 προϐλε-

234 1376 366 1445 ψας,
394 1377 489 1429 καὶ⁵
521 1373 754 1444 προϊδὼν
782 1374 1000 1445 ἄριστα.
1029 1374 1350 1446 Κέκρυπται
1380 1373 1485 1428 ὑπὸ
1512 1376 1615 1444 γῆν
1647 1374 1809 1445 σῶμα

237 1468 555 1537 ἀσκητικοίς
574 1466 757 1529 πόνοις
779 1465 1175 1535 ὲγγυμνασθὲν,
1198 1468 1291 1520 καὶ
1313 1468 1532 1533 πολλαῖς
1549 1468 1807 1543 ἐξορίαις,

237 1562 334 1615 καὶ
356 1560 646 1629 φυλακαῖς,
669 1558 903 1629 πληγαῖς
924 1575 983 1611 τε
1013 1560 1106 1612 καὶ
1133 1560 1459 1628 ἀπαγωγαῖς
1487 1560 1806 1632 ὲξαρκέσαν.

238 1653 490 1717 Τοιοῦτος
522 1654 650 1722 γὰρ,
678 1646 723 1705 ὦ
756 1651 1179 1732 μακαριώτατοι,
1210 1655 1239 1706 ὁ
1283 1653 1549 1725 ἡμέτερος
1586 1657 1775 1728 Πατήρ
1795 1672 1809 1687 ο

237 1747 434 1802 ταυτὸν
473 1746 530 1800 δὲ
567 1747 762 1811 εἰπεῖν,
795 1745 1001 1799 πολλῶν
1049 1746 1239 1817 Πατὴρ
1282 1748 1376 1800 καὶ
1401 1747 1720 1812 διδάσκαλος
1740 1764 1755 1778 ·
1783 1749 1812 1803 ὁ

237 1839 491 1909 δεύτερος
525 1838 793 1910 Ἀϐραάμ,
824 1833 884 1892 οὗ
919 1840 951 1909 ἡ
986 1839 1132 1908 παρὰ
1164 1838 1298 1892 Θεοῦ
1344 1840 1564 1909 εὐλογία
1598 1841 1811 1912 ἐξαίρε-

238 1950 355 1998 τος,
387 1934 481 1987 καὶ
515 1924 574 1987 οὗ
615 1934 675 1986 τὸ
716 1934 939 2002 σπέρμα
981 1932 1121 2003 ὑπὲρ
1154 1932 1406 2003 ἀριθμόν.
1441 1935 1501 1987 '0
1541 1934 1632 1989 τοῦ
1670 1937 1813 2005 Προ-

239 2024 444 2098 δρὸμου
482 2024 723 2095 μιμητής
746 2040 762 2055 ⁸
789 2025 817 2076 ὁ
840 2022 934 2076 τοῦ
961 2022 1139 2076 Ἠλίου
1162 2025 1406 2095 ζηλωτής
1422 2044 1436 2059 ·
1461 2026 1562 2093 τῆς
1595 2027 1814 2097 χάριτος

239 2120 462 2181 Φινεές⁹
497 2119 528 2170 ὁ
569 2118 689 2181 νέος
720 2116 1001 2188 Σαμουήλο
1041 2117 1102 2172 '0
1146 2118 1650 2189 ἑκλελογισμένος
1695 2120 1814 2175 ἀπὸ

236 2209 572 2283 μυριάδων
604 2204 666 2264 οὗ
692 2209 791 2281 τὴν
822 2209 1022 2280 ἀρετὴν
1049 2209 1232 2281 ᾄδουσι
1263 2210 1454 2264 πολλαὶ
1483 2212 1686 2275 πόλεις,
1710 2212 1811 2283 χὼ⁴

244 2304 337 2374 ραί
370 2319 427 2355 τε
470 2302 561 2355 καὶ
601 2300 776 2371 νῆσοι,
818 2303 911 2353 καὶ
946 2292 1006 2352 οὗ
1036 2300 1126 2353 τὸν
1152 2299 1288 2370 βίον,
1322 2302 1415 2354 καὶ
1444 2304 1570 2365 τοὺς
1597 2302 1816 2370 ἀγῶνας

243 2395 469 2457 είκότως
492 2392 707 2464 θρυλλεῖ
731 2392 801 2445 τὰ
821 2394 1053 2464 πέρατα.
1082 2393 1177 2455 Τίς
1206 2392 1312 2465 γὰρ
1337 2393 1527 2456 οὕτως,
1556 2393 1586 2464 ἢ
1619 2393 1817 2465 ἀρετὴν

241 2486 551 2557 ἠγάπησεν,
582 2484 614 2553 ἢ
638 2483 836 2537 κακίαν
861 2484 1090 2554 ἐμίσησε
1112 2500 1127 2549 ;
1159 2483 1238 2549 τίς
1262 2484 1431 2547 οὕτως
1459 2484 1816 2553 ἐνέκρωσεν,

243 2576 617 2639 άποστολικῶς
646 2578 839 2639 είπεῖν,
882 2576 955 2630 τὰ
979 2578 1134 2644 μέλη
1175 2574 1248 2628 τὰ
1284 2575 1379 2628 ἐπὶ
1414 2576 1523 2642 τῆς
1561 2575 1691 2645 γῆς,
1726 2579 1819 2631 καὶ

246 2670 518 2741 ἐκάθηρεν
549 2670 762 2735 ἑαυτὸν,
782 2668 875 2721 καὶ
899 2670 1024 2721 ναὸν
1044 2667 1178 2721 Θευῦ
1206 2666 1407 2731 ζῶντος
1427 2669 1819 2739 ἀπειργάσατο;

246 2764 332 2828 τίς
363 2765 760 2835 ἐστρατήγησε,
790 2764 882 2816 καὶ
904 2760 1247 2832 παρετάξατο
1274 2761 1410 2832 πρὸς
1437 2763 1564 2824 τοὺς
1587 2762 1820 2815 ὑπεναν-

248 2857 416 2922 τίους,
448 2858 543 2910 καὶ
570 2854 893 2929 προσϐαλὼν
931 2854 1200 2924 εὐστόχως
1225 2854 1491 2908 κατέϐαλε
1525 2854 1823 2923 νενικηκὼς

256 2947 493 3020 άριστα;
525 2948 605 3009 τίς
636 2944 887 3015 ὀξύτερος
915 2944 1126 2997 ἐκείνου
1156 2944 1470 3013 προϊδέσθαι
1499 2944 1559 2996 τὸ
1590 2943 1780 3014 μέλλον
1806 2961 1822 3010 ;

252 3038 335 3103 τίς
357 3038 499 3092 οὕτω
520 3036 791 3108 σταθηρῷ,
817 3036 911 3090 καὶ
935 3036 1114 3105 παγίῳ
1135 3036 1232 3105 τῆς
1254 3036 1432 3106 ψυχῆς
1459 3036 1599 3107 ἤθει,
1627 3037 1826 3107 ἀστρα-

1844 1902 1885 1957 Β

1900 646 2235 717 dogmatnm.
2277 646 2465 701 Vincla
2506 655 2589 702 est
2622 661 2684 701 ac
2715 645 2967 715 impedita
3008 655 3203 697 manus
3245 640 3471 709 pulchre

1902 740 2165 805 scribens,
2196 756 2317 809 quae
2334 740 2580 809 epistolis
2617 740 2877 792 mundum
2906 736 3156 797 ditasset,
3181 749 3245 788 ac
3267 730 3473 785 mullos

1905 833 1970 886 ad
1993 833 2325 903 agnitionem
2383 833 2627 887 veritatis
2689 836 3048 887 converterat.
3098 825 3476 881 Constiterunt

1903 926 2137 995 speciosi
2170 927 2351 995 pedes,
2389 927 2481 995 qui
2518 936 2705 979 noctes
2740 932 2885 978 totas
2919 921 3219 980 stetissent,
3261 914 3475 971 inultis-

1904 1034 2010 1088 que
2038 1020 2506 1089 evangelizassent
2530 1034 2714 1087 pacem
2733 1028 2786 1072 et
2813 1017 2975 1071 bona.
2998 1012 3284 1084 Requievit
3317 1022 3474 1063 mens

1905 1111 2398 1182 perspicacissima.
2443 1126 2563 1180 quae
2626 1110 2862 1179 Spiritus
2920 1107 3187 1179 profunda
3233 1109 3477 1159 scrutata

1906 1211 2068 1265 esset,
2126 1217 2190 1257 ac
2229 1202 2441 1270 longius
2493 1202 2667 1271 posita
2733 1201 3119 1270 prOSpexisset.
3169 1197 3283 1251 Sub
3331 1205 3478 1248 terra

1907 1294 2148 1348 abditum
2179 1304 2261 1348 est
2290 1309 2488 1364 corpus
2518 1293 2647 1348 illud
2692 1294 2941 1347 asceticis
2968 1291 3243 1345 laboribus
3263 1287 3478 1343 exerci-

1909 1396 2102 1447 tatum,
2131 1384 2385 1455 quodque
2412 1387 2599 1441 exsilia
2636 1386 2824 1446 multa,
2869 1397 3243 1451 carceresqne,
3275 1390 3329 1435 et
3361 1380 3480 1445 pla-

1908 1492 2026 1547 gas.
2077 1486 2129 1532 et
2179 1478 2530 1532 abductiones
2593 1476 2962 1531 sustinuisset.
3022 1473 3167 1528 Talis
3211 1473 3479 1543 siquidem

1909 1578 2061 1634 erat,
2116 1570 2435 1635 beatissimi,
2477 1578 2632 1640 pater
2666 1570 2754 1623 ille
2800 1581 3033 1623 noster:
3082 1565 3308 1637 perinde
3352 1580 3483 1621 vero

1913 1661 2093 1728 fuerit,
2137 1679 2203 1719 ac
2261 1666 2553 1717 multorum
2607 1664 2787 1718 dicere
2842 1671 3050 1732 patrem
3107 1670 3269 1730 atque
3309 1660 3482 1731 Inagi-

1914 1766 2087 1811 struni
2122 1777 2134 1811 :
2167 1757 2256 1810 ille
2290 1758 2425 1809 alter
2460 1756 2755 1819 Abraham,
2787 1755 2944 1823 cujus
2972 1770 2998 1805 a
3035 1752 3141 1807 Deo
3178 1751 3485 1808 benedictio

1915 1850 2134 1914 eximia,
2159 1860 2214 1903 et
2243 1864 2424 1902 semen
2458 1848 2848 1901 iuntnnerabile
2892 1867 2905 1901 :
2943 1847 3181 1900 imitator
3204 1846 3311 1901 “ille
3338 1846 3484 1901 Piac-

1917 1944 2159 1997 cursoris
2204 1957 2217 1992 :
2269 1941 2359 1994 ille
2409 1939 2533 1993 Elizt'.
2576 1940 2907 1994 mmulutor:
2958 1939 3193 1993 Phinees
3244 1936 3430 2007 gratiae
3468 1954 3482 1991 :

1916 2052 2089 2090 novus
2119 2034 2335 2088 Samuel
2361 2048 2376 2086 :
2406 2033 2597 2087 electus
2625 2047 2689 2085 ex
2713 2030 2945 2085 millibus
2967 2031 3013 2094 ’,
3043 2030 3203 2099 cujus
3224 2030 3482 2084 virtutem

1916 2127 2101 2182 multa:
2146 2126 2437 2180 decantant
2480 2124 2664 2186 urbes,
2726 2123 3104 2192 regionesque,
3155 2130 3209 2175 et
3254 2119 3487 2184 insulae;

1916 2218 2075 2287 cujus
2115 2228 2168 2272 et
2204 2216 2370 2269 vitam
2427 2225 2480 2269 et
2521 2213 2843 2274 certamina,
2910 2212 3061 2266 orbis
3121 2210 3258 2265 lines
3297 2207 3490 2264 merito

1918 2309 2321 2365 concelebrant.
2365 2306 2499 2372 Quis
2539 2305 2683 2359 enim
2730 2313 2997 2373 quantum
3036 2302 3145 2366 ille,
3193 2308 3288 2356 aut
3319 2301 3492 2367 virtu-

1921 2410 2025 2453 tem
2057 2398 2265 2459 dilexit,
2297 2405 2391 2449 aut
2419 2395 2545 2450 odio
2576 2395 2764 2448 vitium
2810 2393 3001 2447 habuit
3034 2392 3056 2445 ί
3087 2391 3225 2458 Quia
3253 2392 3324 2445 ita
3354 2406 3495 2443 mor-

1921 2492 2159 2560 tiﬁcavit,
2190 2499 2248 2544 ut
2271 2488 2450 2543 verbis
2500 2487 2745 2558 Apostoli
2789 2496 2931 2549 utar,
2971 2487 3202 2538 membra
3235 2498 3351 2553 qua:
3372 2491 3491 2537 sunt

1920 2601 2074 2654 super
2098 2594 2292 2636 terram
2315 2583 2355 2646 ³,
2398 2598 2562 2650 seque
2604 2581 2776 2650 ipsum
2811 2580 3136 2642 emundans,
3179 2577 3268 2631 Dei
3306 2578 3493 2629 viven-

1925 2679 1993 2730 tis
2043 2675 2302 2744 templum
2355 2673 2578 2729 eﬂecit?
2623 2672 2756 2737 Quis
2805 2673 2875 2726 ita
2922 2673 3115 2726 ducem
3153 2670 3279 2738 egit,
3331 2679 3495 2737 atque

1922 2766 2210 2820 adversum
2256 2764 2439 2818 hOstes
2486 2764 2657 2816 aciem
2709 2762 2985 2827 instruxit,
3037 2772 3493 2828 congressusque,

1923 2866 2032 2913 tam
2067 2858 2207 2910 l’eliei
2241 2870 2519 2921 successu,
2540 2854 2871 2909 nobilissima
2914 2861 3067 2923 parta
3099 2849 3347 2912 victoria,
3369 2863 3499 2918 pro-

1925 2950 2160 3007 stravit?
2188 2949 2322 3014 Quis
2362 2947 2453 3000 illo
2495 2947 2709 3001 acutior
2756 2945 2997 2998 futurum
3041 2942 3287 3014 praevidit
3314 2941 3337 2994 ?
3364 2938 3500 3005 Quis

1927 3046 2000 3100 ita
2047 3042 2286 3098 robustis
2323 3038 2932 3108 solidisque‘moribns,
2965 3037 3056 3105 qui
3099 3034 3372 3106 pernicins
3402 3031 3505 3086 ful-

252 3130 364 3201 πῆς
418 3130 607 3201 τάχιον
643 3133 753 3193 τοῖς
802 3129 1120 3199 πράγμασιν
1168 3126 1413 3179 ἐπελθεῖν
1464 3128 1681 3195 ίκανός;
1717 3130 1819 3182 Καὶ

1928 3153 2060 3207 gure
2104 3150 2167 3189 ac
2200 3134 2348 3188 dicto
2395 3132 2558 3185 citius
2590 3146 2677 3184 res
2700 3145 2862 3198 agere
2900 3136 3081 3198 posset
3114 3126 3136 3180 ?
3174 3126 3373 3181 Verum
3410 3123 3504 3178 de-

251 3223 358 3277 ποῦ
392 3241 481 3293 μοι
517 3223 705 3293 καιρὸς
743 3222 810 3275 τὰ
840 3222 1061 3274 πλείονα
1084 3220 1283 3289 λέγειν,
1320 3219 1355 3273 ἃ
1385 3222 1517 3274 πᾶσι
1563 3220 1819 3292 πρόδηλα,

1931 3229 2090 3282 fuerit
2117 3237 2351 3295 tempus,
2372 3233 2431 3278 ut
2451 3222 2644 3292 loquar
2666 3222 2855 3291 plura;
2886 3230 3009 3274 nota
3033 3219 3188 3288 plane
3221 3215 3498 3281 omnibus,

255 3315 359 3371 κᾶν
389 3317 549 3387 ἡμεῖς
574 3317 648 3386 μὴ
674 3316 941 3385 λέγωμεν,
968 3313 1055 3367 διὰ
1078 3313 1137 3366 τὸ
1166 3313 1264 3383 τῆς
1290 3314 1574 3383 ἐπιστολῆς
1600 3314 1828 3385 ὑπερτεο

256 3407 347 3470 νὲς
376 3424 553 3478 παρατ
563 3407 832 3477 ρὲχοντεςς

329 3499 522 3569 Οῖμοιί
550 3498 724 3566 οἰμοιί
755 3495 972 3564 ἀδελφοί
1004 3513 1104 3563 μου
1125 3493 1465 3565 τιμιώτατοι·
1494 3495 1704 3560 πολλοῖς
1728 3498 1828 3569 ἤδη

263 3591 692 3663 προειλημμένοι
726 3590 922 3643 πάθεσι
951 3590 1046 3641 καὶ⁸
1068 3588 1330 3658 θλίψεσιν,
1358 3589 1495 3660 ὑπὲρ
1528 3590 1741 3654 οὐδενός
1767 3607 1831 3658 γε

267 3685 375 3755 μὴν
415 3684 587 3747 οὕτως
634 3683 713 3745 εἰς
746 3682 886 3735 αὐτὰ
917 3683 1104 3753 καίρια
1134 3684 1234 3751 τῆς
1269 3682 1448 3751 ψυχῆς
1476 3681 1829 3752 τρωσθὲντες.

263 3777 378 3832 Νῦν
408 3777 721 3847 άπήνθηκεν
751 3776 881 3846 ἡμῖν
906 3775 1109 3845 κόσμος
1136 3778 1164 3828 ὸ
1185 3774 1465 3838 κάλλιστος
1485 3790 1499 3803 ·
1540 3775 1833 3845 Ἐκκλησία

263 3868 321 3921 δὲ
350 3868 660 3936 στυγνάζει,
692 3867 787 3920 καὶ
809 3866 1263 3936 σκυθρωπάζουσι
1290 3866 1471 3937 δῆμοι,
1506 3868 1587 3920 ὃτι
1622 3867 1834 3934 ἐξέλιπε

267 3961 535 4031 μαχητὴς,
588 3960 684 4014 καὶ
732 3959 950 4031 ἀπέπτη
1009 3960 1328 4030 στοχαστὴς,
1384 3959 1479 4013 καί
1524 3960 1836 4028 θαυμαστὸς

267 4052 590 4125 σύμϐουλος.
651 4052 929 4106 Ἐντεῦθεν
962 4050 1213 4122 ἐπιζητεῖ
1256 4052 1317 4105 τὸ
1372 4052 1513 4123 ἱερὸν
1564 4052 1836 4121 συνέδριον

264 4146 358 4200 τὸν
386 4147 681 4216 κορυφαῖον
705 4161 719 4175 ο
750 4147 799 4197 οἱ
822 4144 1150 4215 ὁμολογηταὶ
1171 4144 1260 4197 τὸν
1286 4144 1571 4198 σύναθλονο
1599 4146 1648 4197 οί
1676 4145 1732 4195 ἐν
1760 4142 1838 4215 τῷ

267 4238 440 4307 ἀγῶνι
464 4237 552 4290 τὸν
582 4236 842 4308 ἀλείπτην
861 4252 875 4266 ·
901 4238 950 4289 οἱ
983 4234 1264 4299 νοσοῦντες
1292 4236 1384 4290 τὸν
1410 4235 1589 4307 ίατρὸν
1609 4251 1623 4265 ⁸
1654 4237 1702 4289 οί
1730 4234 1841 4287 θλιο

1928 3336 2236 3396 qnanquam
2271 3316 2493 3371 minime
2519 3316 2783 3378 dicamus,
2823 3315 3159 3375 oniittentcs,
3193 3321 3251 3364 ut
3282 3326 3350 3364 ne
3375 3324 3504 3379 pro-

1930 3416 2087 3471 lixior
2122 3414 2211 3467 liat
2237 3412 2489 3481 epistola.

2002 3505 2114 3559 lleu
2142 3504 2265 3557 me!
2299 3501 2412 3556 Heu
2446 3516 2531 3555 me
2563 3500 2576 3553 !
2613 3495 3025 3553 honoratissimi
3059 3492 3255 3549 fratres
3285 3506 3349 3546 ac
3376 3489 3508 3545 cha-

1931 3598 2131 3651 rissimi
2157 3636 2169 3659 ,
2193 3595 2285 3665 qui
2322 3592 2506 3647 multis
2530 3590 2749 3661 quidem
2777 3591 3043 3642 hactenus
3066 3584 3315 3655 occupati
3345 3583 3505 3637 malis

1931 3703 1985 3747 et
2022 3691 2424 3752 alliictionibus,
2452 3688 2599 3741 nulla
2641 3702 2701 3740 re
2746 3694 2924 3738 tamen
2970 3684 3051 3737 sic.
3082 3696 3246 3753 grave
3274 3696 3337 3734 ac
3362 3679 3508 3749 peri-

1934 3786 2181 3842 culosum
2216 3784 2399 3837 animo
2430 3779 2625 3833 vulnus
2654 3777 2966 3846 accepistis.
2986 3773 3105 3827 iam
3139 3772 3295 3826 nobis
3326 3786 3507 3825 emar-

1934 3880 2049 3934 cuit
2087 3876 2321 3930 mundns
2348 3871 2751 3944 pulcherrimus
2780 3888 2794 3935 ;
2824 3868 3073 3923 trislatur
3088 3880 3218 3919 vero
3247 3863 3506 3927 Ecclesia,

1936 3988 2000 4027 ac
2028 3977 2261 4026 maerent
2305 3966 2513 4037 pepuli,
2538 3965 2683 4035 quod
2712 3962 2973 4017 defecerit
3006 3968 3296 4029 pugnator,
3325 3958 3509 4011 avola-

1936 4066 2115 4134 ritque
2138 4061 2438 4131 conjector,
2471 4074 2536 4113 ac
2563 4056 2911 4113 consiliarius
2935 4053 3294 4108 admirabilis.
3328 4050 3509 4116 Quare

1938 4160 2168 4230 requirit
2185 4168 2404 4212 senatus
2427 4168 2581 4209 sacer
2601 4150 2900 4222 principem
2926 4162 3084 4201 suum
3111 4144 3513 4203 :confessores.

1940 4246 2254 4304 certaminis
2289 4245 2497 4301 socium
2528 4262 2541 4297 :
2580 4242 2808 4312 pugiles,
2856 4238 3075 4308 aliptem
3119 4251 3278 4290 suum
3306 4250 3370 4289 ac
3400 4232 3513 4288 ludi

269 4333 511 4403 δόμενοι,
565 4330 665 4402 τὴν
711 4329 1093 4401 παραμυθίαν·
1153 4330 1201 4382 οἱ
1259 4330 1316 4381 ὲν
1366 4330 1695 4400 συμφοραῖς,
1741 4328 1819 4399 τὴε

1941 4338 2252 4409 przeleclum
2281 4352 2295 4389 :
2319 4336 2469 4405 agri,
2491 4334 2761 4387 medicum
2784 4350 2796 4385 :
2818 4328 3025 4386 alllicti.
3043 4325 3472 4382 consolationem
3496 4342 3511 4378 :

268 4422 649 4494 παράκλησιν’
685 4421 735 4473 οἱ
764 4420 1008 4491 ὀρφανοὶ,
1038 4419 1131 4473 τὸν
1163 4419 1406 4488 πατέρα’
1444 4422 1498 4473 αί
1540 4420 1725 4490 χῆραι,
1749 4421 1841 4474 τὸν

269 4514 611 4587 προστάτηνο
646 4516 694 4566 οί
725 4512 972 4583 πένητες,
1005 4511 1096 4565 τὸν
1119 4514 1322 4584 τροφέα
1346 4528 1359 4543 ο
1395 4514 1445 4566 οί
1472 4513 1837 4584 ἀδικούμενοι,

271 4607 364 4661 τὸν
412 4607 828 4677 ὑπερασπιστὴν
878 4607 973 4661 καὶ
1012 4608 1379 4679 ἀντιλήπτορα
1402 4625 1416 4637 ⁸
1445 4610 1495 4662 oi
1531 4610 1733 4672 πάντες
1777 4610 1842 4662 ὲκ

272 4700 383 4753 τῶν
424 4699 640 4753 οἰκείων
691 4699 971 4769 ὀνομάτων
1027 4702 1454 4767 ἀνακαλούμενοι
1512 4702 1609 4755 ἐπὶ
1658 4700 1843 4770 οἰκείῳ

274 4791 459 4851 πάθει,
509 4795 707 4845 οἰκεῖον
759 4794 934 4863 ἑαυτῷ
979 4795 1074 4846 καὶ
1117 4795 1456 4863 προσήκοντα
1483 4794 1711 4856 ἕκαστος
1750 4794 1842 4844 τὸν

276 4885 473 4957 θρῆνον
506 4885 804 4949 ποιοῦνται,
838 4884 1027 4939 τούτου
1054 4884 1148 4939 τοῦ
1184 4886 1474 4957 μακαρίου,
1502 4886 1596 4939 τοῦ
1626 4886 1839 4939 πλείοσι

1943 4432 1997 4487 in
2027 4425 2427 4484 calamitatibus
2452 4420 2631 4492 positi,
2654 4420 2745 4491 qui
2786 4420 3029 4472 levamen
3055 4413 3241 4468 all‘erat
3266 4429 3280 4466 :
3316 4411 3516 4481 orpha-

1946 4524 2023 4587 ni,
2070 4530 2275 4591 patrem
2326 4535 2338 4571 :
2378 4525 2687 4585 patronum,
2734 4510 2913 4564 vidua:
2952 4524 2967 4561 :
3003 4520 3291 4578 pauperes,
3344 4502 3519 4556 nutri-

1948 4613 2093 4666 cium
2122 4606 2252 4677 :qni
2290 4604 2571 4675 patiuntur
2592 4598 2873 4668 injuriam,
2902 4596 2999 4666 qui
3025 4600 3327 4665 propugnet
3349 4604 3414 4645 ac
3436 4592 3523 4643 dc-

1952 4702 2175 4757 l'endat:
2218 4712 2428 4757 omnes,
2462 4709 2527 4747 ex
2564 4692 2680 4745 suis
2710 4688 2907 4759 singuli
2950 4686 3285 4750 nominibus,
3325 4682 3377 4735 in
3403 4695 3524 4751 pro-

1952 4794 2073 4864 prio
2126 4791 2360 4861 quisque
2412 4785 2554 4838 malo
2594 4783 2929 4839 invocantes,
2998 4774 3222 4847 proprio
3287 4772 3523 4840 quisque

1945 4898 2319 4956 congruoque,
2345 4882 2559 4935 beatum
2582 4878 2782 4937 virum,
2806 4874 3043 4927 lamenlo
3066 4874 3473 4939 prosequuntur
3501 4880 3518 4929 ;

275 4976 486 5041 τούτοις
530 4979 624 5032 καὶ
670 4977 1059 5049 ἀναριθμήτοις
1106 4976 1433 5050 χαρίσμασι,
1482 4978 1576 5031 καὶ⁸
1627 4977 1819 5047 ἁρεταῑ

1946 4978 2118 5040 illum,
2152 4976 2374 5044 inquam
2396 5013 2409 5034 ,
2436 4973 2597 5026 etiam
2630 4967 2879 5038 pluribus
2923 4958 3525 5026 innumerabilibusque

276 5070 743 5139 κατεστεμμένου,
778 5046 885 5122 καὶ
931 5046 1137 5124 ἄνωθεν
1172 5046 1516 5140 ᾡερωνύμως
1556 5046 1850 5139 ἐσχηκότος
1945 5068 2131 5139 gratia:
2146 5066 2305 5120 donis
2320 5068 2744 5123 coronatum,ac
2759 5068 2997 5123 congrua
3036 5048 3398 5106 similitudine
3421 5046 3523 5119 (5),

278 5163 379 5236 τὴν
404 5163 615 5232 κλῆσιν.

351 5260 373 5292 ⁸
398 5257 564 5313 Cant.
587 5275 641 5323 v,
670 5257 756 5311 10.
835 5258 857 5291 ³
883 5257 1093 5314 Coloss.
1123 5273 1182 5312 ιιι
1204 5296 1219 5320 ,
1247 5256 1299 5311 5.

1952 5158 2190 5214 nominis
2224 5156 2642 5227 appellationem
2668 5149 2935 5206 divinitus
2964 5151 3343 5200 consecutum.

1770 5318 2003 5375 NOTAE.

356 5422 433 5492 (4)
472 5421 576 5487 Qui
604 5430 777 5475 noctes
811 5429 946 5475 totas
964 5421 1258 5492 stetissent.
1287 5416 1600 5492 παννυχίοις
1628 5414 1850 5492 στάσεσι

283 5483 668 5564 διηρκηκότες.
701 5490 1121 5564 Habenth-aaci
1170 5505 1299 5564 suas
1351 5483 1568 5564 στάσεις
1618 5496 1671 5540 et
1717 5483 1850 5564 καθ-

290 5554 426 5627 ίσέίς
468 5554 521 5617 in
563 5554 759 5617 divinis
798 5562 1026 5624 ollieiis;
1078 5561 1407 5628 quandoque
1455 5559 1633 5628 etiam
1675 5554 1853 5628 conti-

289 5624 450 5687 nuata
484 5642 652 5687 totam
708 5646 921 5687 noetem
980 5624 1234 5692 statione,
1290 5624 1348 5681 ut
1400 5629 1452 5681 in
1504 5626 1705 5680 celebri
1765 5624 1852 5678 illa

291 5711 471 5767 nocte,
506 5719 669 5774 quam
702 5712 871 5774 totam
923 5702 1053 5774 recti
1098 5703 1149 5753 in
1176 5700 1346 5774 pedes
1383 5698 1585 5774 divinis
1625 5694 1855 5749 canticis

293 5783 343 5827 et
375 5768 567 5843 gratiis
596 5772 937 5843 impendunt.
993 5772 1114 5843 ideo
1155 5768 1353 5843 dictam
1398 5768 1687 5821 ἁκάθιστον
1717 5785 1732 5799 ο
1766 5781 1857 5817 ve-

294 5841 415 5898 rum
444 5844 597 5912 plura
623 5841 830 5897 addunt
872 5842 1045 5898 sancti
1086 5841 1359 5902 monachi,
1411 5848 1725 5912 spontaneo
1765 5850 1823 5912 sa

294 5906 523 5981 criticio,
578 5914 839 5984 majorem
897 5914 948 5967 in
1008 5912 1209 5967 debitis
1264 5906 1655 5979 praeceptisque
1716 5906 1854 5960 indi-

1954 5424 2141 5468 cantes
2170 5411 2527 5465 voluntatem.
2567 5406 2738 5463 Nobis
2786 5405 3117 5475 geniculatio
3163 5403 3216 5457 in
3248 5402 3526 5475 precibus

1954 5482 2235 5605 erlebrior;
2277 5480 2480 5534 Graecis
2511 5494 2647 5548 pene
2678 5473 2883 5549 ignota,
2920 5487 2973 5531 et
3004 5474 3354 5531 insuetudine
3387 5473 3529 5527 dilIi-

1957 5570 2005 5605 ct
2036 5570 2101 5605 is.

1957 5570 2101 5608 CIIIS.

2027 5624 2105 5692 (5)
2164 5620 2638 5692 Acusimilitudine
2694 5635 2923 5689 congrua
2956 5657 2969 5679 ,
3026 5625 3131 5692 etc:
3188 5612 3530 5692 φερωνύμως

1986 5683 2221 5746 ἀνωθεν.
2254 5688 2411 5744 Velut
2459 5694 2582 5753 er,
2636 5683 2934 5759 congruum
2986 5686 3207 5759 omnino
3250 5683 3530 5759 Θεοδώρου

1963 5779 2199 5827 nomen;
2235 5762 2379 5830 quod
2411 5769 2586 5816 sonet.
2633 5753 2996 5818 Dei'rlonum;
3054 5757 3387 5830 impellente.
3439 5753 3533 5807 Sic

1965 5822 2339 5905 passimvln'dit
2369 5830 2784 5905 Amphilochius
2825 5837 3031 5886 noster.
3086 5822 3148 5879 in
3195 5822 3379 5879 Basilii
3430 5840 3533 5877 no-

1968 5901 2131 5969 inine,
2164 5902 2305 5973 quod
2338 5904 2407 5955 sit
2438 5901 2640 5956 dictqu
2678 5914 2705 5951 a
2742 5915 2927 5970 regno.
