4188 6462
716 394 845 462 1831

1653 393 2059 459 APPENDIX.
2089 420 2157 431 ··-
2188 394 2604 458 NAUCRATII
2635 392 3051 457 ENCYCLICA

3808 388 3947 454 1832

782 510 894 566 Nos
925 507 1182 567 humiles.
1214 521 1339 561 cum
1374 505 1499 561 aliis
1527 520 1593 561 ac
1635 522 1750 576 prae
1781 509 1903 563 aliis
1956 509 2007 563 in
2042 523 2311 579 praeseno,

2458 508 2646 578 Ἡμεῖς
2671 508 2720 561 oi
2748 506 3010 568 ταπεινοὶ,
3042 504 3091 555 oi
3134 500 3272 573 μετά
3296 499 3517 553 πάντων
3546 499 3639 552 καὶ
3675 510 3780 569 προ
3813 504 3949 555 πάν-

709 607 909 659 tiarnm
937 600 1065 655 facti
1101 599 1357 668 orphani,
1392 614 1455 654 ac
1491 615 1720 668 corpore
1750 601 2013 670 disjuncti
2043 643 2057 663 ,
2099 601 2275 656 relicti

711 710 903 750 sumus
945 692 1198 746 desolati.
1254 689 1402 743 Facti
1452 706 1644 745 sumus
1682 692 1826 746 sicut
1885 707 1913 745 a
1963 690 2272 761 principio:

714 787 959 849 lugentes
1006 782 1312 837 incedimus
1344 797 1407 835 ac
1436 782 1587 835 vultu
1626 792 1841 836 maesto.
1876 782 2025 837 Facti
2081 798 2276 837 sumus

714 874 1051 929 adversariis
1096 873 1447 942 Opprohrium
1479 913 1493 936 ,
1544 874 1910 944 gaudiumque
1986 873 2273 927 ltareticis.

713 967 1040 1032 Aperuerunt
1062 975 1241 1018 contra
1272 982 1363 1018 nos
1396 964 1735 1019 lcunomachi
1762 982 1817 1019 os
1844 965 2031 1018 suum‘
2056 982 2070 1019 :
2100 963 2275 1017 Λευὶ-

713 1060 841 1111 mati
890 1074 1067 1110 sumus
1119 1072 1236 1109 cum
1279 1056 1703 1111 descendentibus
1734 1059 1787 1109 in
1818 1057 1987 1109 lacum
2018 1060 2039 1091 ⁸
2069 1071 2084 1109 :
2121 1055 2277 1109 Facti

711 1166 891 1203 sumus
916 1150 1052 1202 sicut
1079 1164 1260 1216 passer
1287 1148 1559 1201 solitarius
1580 1151 1633 1200 in
1666 1148 1834 1201 tecto'
1871 1168 1883 1201 :
1913 1148 2084 1201 Paulo
2105 1148 2274 1201 minus

710 1240 967 1293 habitavit
994 1240 1099 1291 vita
1119 1250 1295 1291 nostra
1326 1240 1379 1290 in
1411 1238 1667 1305 infernu’.
1697 1236 1899 1293 Sumus
1914 1238 2272 1305 destitutiﬂi),

712 1348 776 1385 ac
820 1331 942 1385 \icti
973 1331 1133 1384 taedio
1167 1348 1179 1383 :
1213 1330 1620 1398 desperavimus
1649 1347 1661 1383 :
1691 1329 1816 1383 facti
1855 1346 2047 1384 sumus
2105 1330 2275 1385 tristis

711 1420 915 1473 mundo
953 1420 1191 1473 narratio
1219 1437 1231 1471 ε
1265 1431 1449 1487 atque,
1478 1435 1510 1471 ο
1530 1420 1784 1489 grandem
1814 1436 1998 1473 revera
2036 1421 2275 1475 tristem-

710 1528 816 1582 que
877 1512 1220 1565 solitudinem
1259 1514 1271 1565 !
1307 1528 1467 1581 quam
1508 1512 1665 1581 plane
1705 1528 1894 1567 sumus
1916 1512 2041 1565 lacti
2068 1512 2275 1567 similes

712 1606 970 1671 pelecano
996 1604 1246 1659 solitario
1271 1606 1291 1635 "
1318 1604 1342 1657 ?
1394 1604 1580 1675 lnclyti
1631 1605 1728 1657 viri
1794 1605 2057 1659 transitus
2085 1604 2275 1659 dolore

712 1696 951 1763 implevit
980 1703 1223 1749 nostrum
1258 1713 1353 1748 eor
1385 1697 1607 1749 humile.
1660 1696 2056 1751 Obtenebratus
2086 1698 2275 1751 oculos

713 1800 928 1841 nostros
968 1788 1206 1857 opplevit
1232 1788 1507 1860 lacrymis.
1537 1788 1714 1841 Animi
1753 1804 1945 1842 sensus
1983 1789 2272 1858 gemitibus

711 1880 1030 1943 cumulavit,
1080 1896 1143 1933 ac
1186 1880 1306 1933 aliis
1338 1858 1567 1948 aliisque
1596 1881 1779 1935 cordis
1822 1880 2066 1935 astibus.
2096 1880 2271 1933 \‘itant
2306 1858 2347 1912 Β

713 1981 1029 2040 pra-sentem
1066 1973 1318 2025 odibilcm
1346 1972 1597 2034 reddidit,
1630 1981 1859 2025 mortem
1886 1987 2011 2026 vero
2049 1972 2276 2026 deside-

711 2065 957 2118 rabilem.
1021 2064 1200 2117 Animi
1254 2079 1348 2117 ver
1400 2064 1451 2117 itt
1513 2064 1743 2117 hiemem
1810 2065 2092 2119 convertit.
2144 2062 2276 2131 Qum

713 2157 866 2208 multi
902 2158 1143 2223 impense
1165 2166 1371 2218 amant,
1398 2171 1459 2210 ea
1485 2156 1639 2209 nobis
1663 2157 2051 2211 abominationi
2075 2159 2278 2212 haben-

713 2253 823 2297 tur.
855 2244 941 2298 Sic
970 2260 1099 2298 vero
1132 2258 1338 2310 nostra,
1366 2262 1400 2299 ο
1428 2247 1906 2309 venerabilissimi,
1947 2248 2272 2302 immensum

714 2337 981 2405 lugubria.
1019 2352 1336 2407 amaraque,
1374 2354 1474 2391 nec
1508 2340 1708 2403 antica,
1736 2341 1819 2393 vel
1852 2340 2149 2410 quidquam
2182 2340 2275 2393 lae-

712 2438 799 2491 ta;
829 2446 890 2481 ac
924 2430 1211 2498 ejusmodi,
1270 2438 1327 2482 ut
1368 2431 1570 2483 nullam
1616 2431 2046 2485 consolationem
2082 2431 2277 2485 admit—

714 2530 862 2585 tant;
902 2532 960 2574 nt
991 2538 1150 2591 quant
1190 2523 1241 2575 itt
1278 2532 1484 2591 partem
1532 2523 1807 2577 discurrat
1850 2524 2071 2580 humilis
2112 2524 2272 2590 ratio,

712 2623 1005 2673 nusquam.
1046 2610 1148 2664 nisi
1194 2627 1257 2666 ea
1288 2621 1497 2665 tantum
1547 2615 1778 2676 ratione,
1816 2624 1874 2668 ut
1908 2615 1959 2668 iit
1994 2614 2158 2669 Deum
2212 2630 2277 2671 ac

711 2715 925 2754 sacrum
962 2703 1267 2769 sepulcrutn
1298 2705 1517 2758 assidue
1551 2708 1870 2775 respexerit,
1916 2708 2153 2775 quietem
2188 2708 2277 2763 in-

713 2793 910 2845 veniat.
942 2792 1206 2847 Caeterum
1237 2795 1329 2863 qui
1360 2796 1562 2850 habent
1606 2813 1691 2850 res
1722 2798 1951 2851 vestra?
1982 2797 2098 2853 Non
2132 2799 2279 2855 velut

710 2885 948 2938 nesciam
993 2885 1285 2955 intermgo.
1322 2886 1619 2943 Percontor
1673 2888 2052 2953 nihilominus,
2097 2906 2131 2944 o
2182 2891 2276 2946 de-

711 2975 1095 3031 sideratissimi
1134 2994 1147 3030 :
1185 2993 1317 3032 sane
1345 2979 1489 3033 enim
1515 2980 1710 3034 similia
1744 2996 1966 3049 prorsus
1995 2983 2275 3051 dixeritis;

710 3069 997 3135 siquidem,
1014 3079 1149 3123 teste
1168 3072 1471 3139 Scriptura,
1493 3089 1595 3125 uno
1620 3074 1845 3127 membro
1866 3076 2114 3142 patiente,
2132 3092 2276 3129 com-

712 3166 991 3229 patiuntur
1022 3164 1198 3215 omnia
1231 3163 1460 3215 tnembra
1485 3166 1526 3217 '.
1556 3164 1709 3229 Quod
1743 3180 1873 3217 vero
1909 3165 2007 3234 ipsi
2033 3167 2274 3221 membra
2299 3196 2344 3259 ε

709 3256 850 3315 sitis,
904 3266 955 3308 et
990 3256 1209 3323 quidem
1260 3256 1311 3308 itt
1352 3257 1609 3310 membris
1640 3256 2003 3322 nobilissima,
2050 3259 2274 3314 omnino

710 3347 1059 3401 manifestum
1109 3348 1217 3408 sit;
1286 3365 1455 3418 quare
1505 3350 1701 3403 merito
1753 3352 2077 3411 condoletis.
2140 3353 2275 3420 Quis

708 3438 853 3491 enim
878 3438 1133 3502 deinceps
1162 3438 1500 3490 venientibus
1521 3441 1643 3491 laeto
1680 3438 1829 3490 vultu
1863 3441 2187 3503 occurrerit,
2210 3456 2275 3495 ac

709 3530 961 3583 manilius
990 3530 1200 3597 supinis
1235 3532 1556 3597 susceperit,
1609 3532 2030 3601 complexusque
2080 3532 2275 3587 charos

707 3620 892 3673 vultus
926 3621 1206 3674 osculatus
1232 3620 1431 3673 fuerit?
1466 3618 1600 3685 Quis
1633 3633 1963 3692 opportuna,
1995 3634 2051 3679 et
2080 3624 2277 3679 animae

709 3713 1079 3766 conducibilia
1112 3713 1560 3780 percontabitur?
1588 3713 1722 3780 Quis
1760 3717 1945 3771 tristes
1974 3717 2274 3785 composita

708 3804 1082 3857 admonitione
1120 3805 1519 3860 laetilicaverit?
1551 3806 1691 3873 Quis
1742 3823 1852 3877 prae
1891 3809 2137 3861 molestia
2176 3822 2273 3861 co-

708 3893 1034 3962 gitationum
1068 3906 1315 3961 maestos,
1349 3905 1599 3965 totosque
1625 3912 1920 3952 succensus
1945 3913 2009 3953 ac
2036 3907 2275 3952 astuan-

710 3992 790 4039 tes
829 3985 1274 4055 refrigeraverit?
1325 3986 1461 4052 Quis
1504 3988 1777 4041 inuttxerit
1821 3988 1886 4041 ad
1938 3988 2275 4043 certamina?

709 4077 841 4143 Quis
870 4078 935 4129 ad
979 4078 1196 4146 pietatis
1216 4093 1438 4132 cursum
1467 4079 1796 4134 intenderit?
1829 4079 1963 4145 Quis
2005 4082 2071 4134 ad
2104 4080 2273 4137 virilis

708 4169 875 4221 animi
906 4170 1071 4222 robur
1098 4169 1514 4238 provocaverit?
1560 4171 1695 4236 Quis
1720 4172 1785 4225 ad
1822 4172 2065 4227 veritatis
2098 4182 2275 4227 certa-

710 4276 832 4313 men
862 4260 1181 4314 duraverit?
1219 4259 1352 4327 Quis
1374 4265 1759 4331 :egrotautihus
1786 4264 2044 4317 medelam
2080 4264 2276 4318 attule-

710 4350 818 4405 rit?
849 4352 984 4417 Quis
1014 4354 1202 4422 procul
1244 4354 1561 4409 absentibus
1592 4371 1686 4425 per
1722 4356 1978 4426 epistolas
2008 4366 2272 4426 Opportu-

710 4459 777 4497 na
835 4443 1083 4499 elucutus
1122 4444 1322 4498 fuerit?
1355 4444 1491 4511 Quis
1517 4446 1589 4501 ita
1613 4446 1898 4513 dilexerit,
1928 4449 2275 4518 animamque

2376 617 2485 654 των
2507 601 2575 652 τὰ
2596 598 2690 652 νῦν
2710 595 3228 667 ἀπορφανισθέντες,
3264 593 3357 647 καὶ
3387 590 3796 660 διαζευχθέντες
3838 609 3949 645 σω-

2382 686 2649 759 ματικῶς,
2671 684 3105 755 κατελείφθημεν
3128 682 3519 753 μεμονωμένοι.
3538 680 3844 750 Γεγόναμεν
3870 680 3951 744 ὡς

2376 782 2438 836 τὸ
2465 782 2561 835 ἀπ’
2587 781 2761 851 ἀρχῆς
2784 798 2798 810 ·
2839 776 3161 839 πενθοῦντες
3200 776 3295 827 καὶ
3330 773 3819 843 σκυθρωπάζοντες
3850 790 3951 824 πο-

2381 872 2647 944 ρευόμεθα
2665 886 2679 899 ·
2711 870 3013 938 γεγόναμεν
3036 866 3237 928 ὄνειδος
3254 864 3365 928 τοῖς
3396 864 3679 927 ἐναντίοις,
3710 863 3945 932 ἐπίχαρ-

2380 965 2457 1035 μα
2485 967 2597 1026 τοῖς
2621 961 2947 1025 κακοδοξοις.
2981 962 3273 1014 Ἥνοικται
3304 956 3432 1012 καθ’
3454 954 3622 1025 ἡμῶν
3644 956 3948 1023 Είκονομά-

2376 1076 2486 1128 χων
2515 1058 2708 1124 στόμα
2728 1070 2741 1083 ·
2771 1053 3331 1120 Προσελοτισθημεν
3349 1049 3496 1117 μετὰ
3526 1046 3643 1100 τῶν
3671 1049 3952 1100 καταϐαι-

2375 1154 2605 1207 νόντων
2640 1154 2727 1216 είς
2753 1150 3003 1213 λάκκον,
3023 1146 3312 1218 ψαλμικῶς
3340 1148 3513 1197 εἰπεῖν
3536 1159 3552 1174 ⁸
3596 1143 3950 1211 refovens?

2375 1243 2456 1309 ὡς
2481 1240 2801 1309 στρουθίον
2832 1237 3093 1308 parer
3117 1238 3215 1291 ἐπὶ
3246 1236 3512 1304 δώματος
3532 1250 3548 1265 ⁸
3584 1231 3950 1300 Παραεραχὺ

2376 1332 2693 1402 παρῴκησε
2743 1330 2820 1396 τῷ
2855 1330 2970 1398 ᾷδῃ
3019 1330 3057 1396 ἠ
3103 1328 3216 1395 ζωὴ
3257 1326 3444 1396 ἡμῶν.
3488 1324 3947 1395 Ἑξηπορήμεθα·

2375 1422 2727 1492 ἀπειπάμεθα
2764 1420 2972 1473 ἑαυτῶν
2992 1434 3007 1448 ⁸
3034 1420 3344 1487 γεγόναμεν
3372 1416 3451 1487 τῷ
3477 1416 3665 1484 κόσμῳ
3694 1414 3953 1483 διήγημα

2377 1513 2698 1583 σκυθρωπόν
2716 1528 2733 1545 ο
2781 1513 2895 1573 καὶ,
2917 1510 2964 1563 ὦ
2988 1510 3086 1579 τῆς
3110 1508 3288 1578 δεινῆς
3307 1508 3476 1569 ὅντως
3501 1507 3594 1558 καὶ
3616 1504 3953 1575 σκυθρωπῆς

2375 1606 2645 1677 ἐρημίαςί
2680 1604 2795 1667 πῶς
2834 1602 3076 1675 ἀκριϐῶς
3113 1599 3478 1671 ὡμοιώθημεν
3510 1598 3769 1650 πελεκᾶνι
3813 1598 3954 1665 ἐρη-

2377 1700 2555 1771 μικῷ;
2606 1698 2842 1751 Ἐκείνου
2886 1694 2979 1749 τοῦ
3000 1694 3239 1763 ἀοιδίμου
3288 1694 3321 1763 ὴ
3368 1692 3713 1761 μετάστασις,
3755 1688 3954 1759 ὀδύνης

2376 1792 2741 1861 πεπλήρωκεν
2774 1788 2930 1859 ἡμῶν
2956 1786 3054 1857 τὴν
3080 1784 3341 1854 ταπεινὴν
3384 1783 3611 1853 καρδίαν
3633 1797 3648 1812 ’
3694 1779 3952 1850 δακρύων

2377 1887 2532 1955 ἡμῶν
2554 1887 2678 1947 τοὺς
2698 1884 3113 1953 ἑσκοτισμένους
3136 1880 3428 1949 ἐνέπλησεν
3448 1876 3760 1946 ὀφθαλμούς
3776 1889 3791 1903 ·
3824 1890 3953 1926 στε-

2376 1980 2602 2048 ναγμῶν
2624 1977 2927 2047 ἐπλήρωσε,
2959 1972 3265 2045 adpotuth
3294 1970 3578 2041 βρασμῶν,
3597 1968 3693 2021 καὶ
3711 1966 3951 2036 ἀναερα·

2378 2070 2552 2141 σμῶν,
2573 2070 2641 2123 τά
2662 2072 2759 2139 τῆς
2776 2068 2953 2138 ψυχῆς
2973 2066 3323 2135 αίσθητήρια.
3346 2062 3457 2133 Τὴν
3488 2060 3767 2131 παροῦσαν
3794 2060 3951 2127 ζωὴν

2380 2162 2613 2234 μισητὴν
2644 2162 2932 2231 πεποίηκε,
2960 2160 3053 2212 τὸν
3077 2157 3306 2211 θάνατον
3347 2153 3701 2224 ἐπιθυμητὸν,
3732 2151 3810 2204 Τὸ
3839 2151 3952 2219 ψυ-

2376 2254 2529 2325 χικὸν
2559 2255 2660 2325 ἔαρ
2692 2257 2770 2316 είς
2802 2252 3041 2324 χειμῶνα
3083 2248 3435 2321 μετέστρεφε.
3474 2249 3516 2300 Τ
3521 2249 3556 2299 ἀ
3583 2249 3692 2309 τοῖς
3725 2244 3953 2305 πολλοῖς

2376 2345 2840 2415 περισπούδαστα,
2880 2345 3011 2413 ἡμῖν
3057 2340 3399 2394 ἀπόπτυστα.
3432 2339 3540 2391 Καὶ
3576 2328 3643 2388 si
3686 2334 3786 2403 μὶν
3819 2332 3950 2386 καθ’

2375 2440 2543 2508 ἡμᾶς,
2602 2432 2647 2490 ὦ
2702 2434 3156 2505 σεϐασμιώτατοι,
3202 2433 3347 2487 οὕτω
3397 2429 3797 2484 πολυστένακτα
3848 2428 3955 2479 καὶ

2376 2529 2711 2592 πολυώδυνα,
2756 2529 2923 2598 ἀφιλά
2954 2544 3012 2580 τε
3045 2527 3141 2580 καὶ
3188 2526 3437 2596 ἀνέορτα,
3487 2521 3757 2593 μηδεμίαν
3792 2534 3954 2588 παρ-

2374 2620 2601 2692 ηγορίαν
2656 2618 2881 2689 1χοντα’
2930 2615 3202 2687 πανταχοῦ
3240 2615 3334 2668 τοῦ
3385 2612 3641 2668 ταπεινοῦ
3680 2608 3953 2678 λογισμοῦ

2373 2712 2693 2774 διαθέοντος.
2725 2711 2819 2763 καὶ
2849 2708 3098 2779 μηδαμοῦ
3126 2708 3317 2761 στάσιν
3344 2705 3702 2778 εὑρίσκοντος,
3722 2702 3756 2771 ἥ
3781 2702 3955 2770 μόνον

2375 2808 2424 2859 εί
2472 2806 2551 2865 είς
2592 2803 2725 2856 Θεδν
2770 2803 2865 2856 καὶ
2913 2804 2993 2865 είς
3030 2802 3121 2854 τὸν
3162 2800 3307 2871 ἱερὸν
3333 2800 3501 2867 τάφον
3539 2795 3957 2869 παρεδρευτικὴ

2376 2898 2675 2969 ἀποδλέπ.
2718 2897 2909 2950 Ὀποία
2932 2894 2989 2949 δὲ
3014 2894 3083 2947 τὰ
3114 2892 3235 2946 καθ’
3272 2892 3446 2961 ὑμᾶςς
3476 2890 3575 2941 οὑκ
3607 2886 3816 2955 ἀγνοῶν
3843 2888 3957 2937 £1:—

2376 2991 2595 3060 ερωτῶ⁶
2650 2988 2987 3057 πυνθάνομαι
3032 2984 3078 3038 δ’
3112 2980 3206 3038 οὖν
3253 2984 3421 3053 ὅμως,
3460 2975 3505 3034 ὦ
3553 2978 3954 3043 ποθεινότατοι,

2375 3084 2467 3136 καί
2492 3099 2552 3151 γε
2580 3080 2651 3134 τά
2689 3082 2849 3149 ὅμοια
2877 3077 3091 3139 πάντως
3122 3077 3375 3143 φήσοιτε’
3405 3076 3454 3126 εἰ
3494 3074 3625 3142 γάρ.
3646 3071 3718 3134 ὦς
3752 3088 3955 3140 φησιν,

2375 3174 2512 3239 ἐνὸς
2552 3173 2779 3241 μέλους
2826 3168 3172 3235 πάσχοντος
3223 3164 3573 3233 συμπάσχει
3630 3161 3824 3214 πάντα
3876 3166 3960 3214 τὰ

2373 3264 2551 3336 μέλη.
2608 3263 2729 3315 Ὀτι
2778 3261 2835 3315 δὲ
2881 3261 3036 3329 ὑμεῖς
3083 3256 3243 3328 μέλη,
3272 3256 3366 3310 καὶ
3417 3255 3527 3307 τῶν
3578 3254 3955 3324 τιμιωτάτων,

2380 3355 2541 3411 παντί
2580 3372 2683 3408 που
2712 3353 2891 3424 δῆλον.
2930 3351 3092 3405 Ὅθεν
3132 3350 3353 3411 εἰκότως
3390 3349 3423 3416 ἡ
3458 3347 3799 3414 συνάλγησις.
3849 3343 3959 3405 Ti;

2378 3451 2487 3521 γὰρ
2527 3449 2684 3519 ὑμῶν
2725 3447 2806 3501 ἔτι
2840 3444 3298 3517 παραγενομένων
3343 3440 3784 3511 προσυπαντήσε.
3818 3453 3959 3502 eas.-

2378 3543 2492 3614 δρῷ
2518 3541 2599 3611 τῷ
2625 3538 2923 3613 προσώπῳ,
2968 3537 3063 3590 καὶ
3113 3534 3331 3597 ὑπτίαις
3387 3533 3573 3602 χερσὶν
3609 3527 3953 3591 ὑποδέξεται,

2379 3634 2475 3688 καὶ
2538 3630 2928 3703 περιπλακεὶς,
2990 3626 3400 3681 κατασπάσεται
3454 3621 3606 3690 ὑμῶν
3662 3621 3729 3672 τὰ
3788 3618 3959 3687 τίμια

2380 3723 2681 3790 πρόσωπα;
2711 3719 2807 3782 Τίς
2834 3716 3169 3787 ἐπερωτήσει
3194 3712 3264 3766 τά
3286 3713 3471 3765 δέοντα
3493 3709 3591 3761 καὶ
3616 3706 3954 3777 ψυχωφελῆ;

2378 3816 2475 3875 Τίς
2501 3813 2871 3883 λυπουμένους
2901 3807 3283 3880 χαῳποιήσειε
3311 3808 3377 3873 τῇ
3409 3802 3633 3873 ἔμμελεί
3660 3798 3919 3869 νουθεσίᾳ
3939 3840 3955 3864 ,

2378 3903 2474 3968 Τίς
2502 3903 2895 3971 ἀπεγνωκότας
2926 3895 3326 3969 παρακαλέσειε
3351 3910 3373 3957 ;-
3394 3893 3489 3955 Τίς
3513 3890 3858 3960 ἀθυμοῦντας
3890 3892 3958 3942 ὲκ

2375 3994 2675 4065 λογισμῶν,
2722 3991 2819 4046 καὶ
2858 3986 3416 4059 κατεμπρηζομὰνους
3472 3983 3799 4053 ἀναψύξειε;
3853 3982 3958 4042 Τίς

2376 4085 2709 4155 ἀπαλείψειεο
2750 4083 2886 4154 πρὸς
2931 4082 3057 4138 τοὺς
3100 4079 3352 4148 ἀγῶναςς
3395 4078 3491 4139 Τίς
3522 4074 3775 4129 τονώσειε
3812 4074 3957 4143 πρὸς

2376 4178 2469 4230 τὸν
2496 4178 2595 4247 τῆς
2623 4172 2907 4235 εὐσεϐείας
2938 4170 3175 4241 δρόμον;
3203 4169 3298 4231 Τίς
3320 4164 3578 4233 διεγείροι
3610 4163 3750 4232 πρὸς
3787 4163 3956 4215 εὑαν-

2377 4268 2596 4339 δρείανς
2629 4264 2723 4328 Ti;
2753 4261 3053 4333 στομώσειε
3082 4261 3219 4330 πρὸς
3249 4260 3496 4312 ἔνστασιν
3530 4254 3822 4325 ἀληθείας;
3852 4252 3955 4316 Τίς

2383 4358 2659 4430 ίατρεύσει
2682 4354 3071 4425 νενοσηκότας;
3099 4352 3193 4415 Τίς
3221 4351 3407 4421 πόρρω
3427 4347 3547 4401 οὖσι
3573 4346 3665 4399 διά
3690 4345 3956 4416 γράμμα-

2378 4468 2471 4514 τος
2501 4447 2935 4521 προσφθίγξεται
2962 4446 3029 4498 τά
3055 4444 3371 4512 desaeviet;
3401 4439 3495 4501 Ti;
3524 4438 3695 4497 οὕτως
3729 4435 3954 4505 ἀγαπή-

708 4535 1001 4604 pretiosant
1035 4575 1050 4598 ,
1106 4534 1307 4589 Christi
1346 4538 1597 4607 exemplo
1628 4578 1642 4601 ,
1674 4539 2135 4607 quemadmodum
2185 4541 2274 4595 ille
2305 4556 2311 4610 1

2378 4560 2511 4605 σειε,
2559 4542 2653 4593 καὶ
2697 4540 2795 4609 τὴν
2840 4538 3027 4607 τιμίαν
3066 4534 3243 4605 ψυχὴν
3298 4533 3439 4601 ὑπὲρ
3493 4531 3727 4583 ἑκάστου
3764 4529 3951 4597 θήσειε

708 4626 896 4681 divino
927 4642 1151 4681 munere
1182 4642 1481 4683 concessus
1514 4641 1697 4698 pastor
1746 4646 1810 4683 ac
1863 4632 2056 4684 doctor
2084 4671 2099 4693 ,
2174 4646 2273 4700 pro

709 4732 1038 4787 unoquoque
1068 4718 1346 4787 posuerit?
1375 4718 1512 4785 Quid
1554 4736 1681 4775 vero
1709 4737 1869 4791 opus,
1900 4733 1959 4774 ut
2015 4722 2272 4791 pleraque

710 4807 855 4861 heati
908 4819 1069 4877 atque
1119 4811 1462 4865 admirabilis
1496 4812 1618 4877 viri,
1676 4813 1927 4868 lamentis
1953 4828 2267 4882 prosequar,

708 4898 779 4950 ob
802 4913 920 4967 quae
941 4901 1105 4953 etiam
1142 4902 1379 4954 maxime
1404 4900 1616 4968 jactura
1645 4901 1860 4955 videtur
1881 4902 2274 4958 intolerabilis?

709 4984 841 5040 Nam
874 5004 983 5041 non
1025 4990 1207 5045 tulerit
1235 4992 1426 5047 modus
1458 4992 1700 5061 epistola:
1732 5011 1746 5047 :
1775 5008 2085 5063 quanquam
2133 4996 2270 5047 alio-

708 5079 819 5147 qui,
849 5081 929 5134 sic
955 5082 1147 5135 humili
1172 5085 1352 5137 aninta
1382 5094 1567 5140 nostra
1593 5101 1657 5139 ex
1678 5087 1896 5141 tristitia
1925 5088 2266 5152 cuncideute,

2376 4636 2879 4705 Χριστομιμήτωςς
2937 4629 3014 4691 ὡς
3053 4630 3081 4681 ὁ
3123 4624 3453 4695 θεοδώρητος
3491 4625 3697 4684 ἐκεῖνος
3745 4620 3951 4688 ποιμὴν

2376 4725 2471 4777 καὶ
2508 4720 2853 4781 διδάσκαλοςς
2898 4717 3009 4770 Καὶ
3050 4715 3101 4768 τί
3127 4715 3205 4767 δεῖ
3232 4713 3302 4767 τά
3349 4711 3517 4767 πολλά
3553 4708 3649 4763 τοῦ
3678 4708 3949 4778 μακαρίου

2378 4814 2473 4867 καὶ
2515 4812 2843 4879 ἀξιαγάστου
2896 4806 3290 4877 ὲκτραγῳδείν,
3337 4804 3419 4871 ὶξρ*
3462 4798 3542 4865 οἷς
3585 4802 3679 4853 καὶ
3715 4799 3949 4869 μάλιστα

2376 4906 2475 4977 τὴν
2522 4904 2723 4973 ζημίαν
2759 4900 3032 4971 ἀφόρητον
3075 4898 3339 4967 ὑπάρχειν
3370 4892 3693 4963 λογίζεσθε;
3729 4892 3842 4944 οὐδ’
3884 4890 3948 4943 ἄν

2376 4996 2661 5065 ἔπιστολῆς
2695 4995 2890 5065 μέτρον
2917 4991 3256 5057 ὑποδέξαιτο·
3282 4989 3377 5043 καὶ
3408 4988 3604 5051 ἄλλως,
3631 4987 3733 5038 οὐκ
3762 4984 3947 5037 εὒκαι-

2377 5108 2470 5162 ρον
2511 5088 2923 5161 ἀριστευμάτων
2956 5085 3133 5155 πλήθη
3172 5084 3250 5153 τῷ
3281 5083 3571 5152 γράμματι
3617 5082 3941 5151 προσάγειν,

776 5213 798 5243 ⁸
826 5214 969 5268 Psal.
1010 5229 1120 5276 xxi,
1163 5216 1251 5270 l4.
1326 5217 1347 5247 '
1383 5214 1529 5272 Psal.
1566 5233 1807 5283 Lxxxvtt,
1840 5219 1894 5274 5.
1970 5221 1991 5253 ⁸
2029 5220 2174 5275 Psal.
2212 5236 2287 5286 Cl,
2321 5222 2375 5277 8.
2448 5226 2467 5256 '
2499 5222 2644 5279 Psal.
2673 5237 2823 5286 xcnt,
2858 5221 2944 5275 Π.
2984 5222 3005 5253 ⁸
3046 5221 3191 5277 Psal.
3221 5235 3296 5283 ct,
3328 5220 3383 5273 7.
3453 5219 3473 5251 ⁸
3503 5217 3520 5271 l
3549 5217 3678 5273 Cor.
3724 5235 3823 5282 xtt,
3853 5216 3937 5271 26.

2206 5334 2435 5393 ΝΟΤΑΞ.

780 5442 1103 5519 (6)__Sumus
1171 5447 1427 5502 destituti.
1484 5449 1868 5519 ιεηπορήμεθα
1922 5467 1937 5505 :
1988 5450 2278 5519 apostolica

707 5530 810 5589 vox
862 5516 1066 5589 llACnr.
1113 5532 1185 5579 tv,
1244 5519 1447 5571 habens
1505 5516 1829 5585 emphasim,
1894 5530 1953 5573 ttt
2012 5516 2278 5589 signiticet

707 5586 853 5658 velut
906 5586 1344 5654 desperationem
1409 5590 1655 5642 vincente
1717 5606 1941 5658 prorsus
2004 5586 2162 5643 taedio
2225 5600 2278 5645 et

707 5656 977 5727 anxietate
1034 5659 1433 5727 ἀπορούμενοι,
1495 5656 1729 5727 inquit,‘
1762 5660 1875 5711 ἀλλ’
1910 5662 2011 5713 οὑκ
2078 5659 2275 5724 ἐξαπο-

712 5724 999 5798 ρούμενοις
1036 5724 1189 5795 quaSi
1230 5724 1374 5781 dicat
1412 5748 1421 5781 :
1461 5724 1617 5783 on—ii
1661 5730 1876 5798 quidem
1902 5769 1916 5791 ,
1958 5740 2013 5783 at
2049 5746 2157 5783 non
2201 5732 2271 5783 ita

710 5804 769 5849 ut
798 5795 1043 5851 anxietas
1081 5799 1304 5853 omnino
1336 5799 1549 5863 vincat,
1591 5815 1653 5854 ac
1682 5795 1849 5863 'velut,
1904 5803 1956 5856 in
2015 5802 2269 5869 despera-

2377 5452 2541 5506 tionis
2571 5451 2887 5504 barathrum
2916 5448 3176 5518 impellat.
3206 5447 3419 5501 Erasin.
3452 5445 3803 5518 Lahoratnas,
3829 5442 3939 5518 sed,

2374 5534 2504 5586 etc.,
2534 5523 2679 5574 velut
2708 5521 2774 5573 de
2821 5516 3008 5572 reruni
3044 5518 3268 5586 penuria
3325 5520 3577 5586 loquatur
3623 5516 3939 5582 Apostolus,

2373 5583 2516 5661 quod
2561 5594 2743 5661 minus
2771 5602 2954 5657 aptum
2985 5583 3221 5644 videtur.
3272 5587 3454 5661 Ilaluit
3505 5583 3660 5661 Vulg.
3707 5586 3941 5661 retinere

2372 5658 2558 5715 vocem
2606 5660 2874 5719 Crtecam.
2929 5674 2992 5713 ac
3034 5675 3133 5713 ceu
3179 5675 3243 5711 ex
3301 5674 3362 5709 ea
3418 5658 3663 5708 Latinam
3718 5658 3937 5724 tingere.

2371 5748 2480 5802 quo
2510 5748 2606 5802 sua
2649 5732 2725 5785 illi
2758 5730 3059 5798 amplitudo
3089 5734 3428 5802 conisisteret.
3456 5726 3801 5794 Aperiantur,
3828 5728 3937 5787 sed,

2376 5800 2481 5857 etc.
2510 5801 2673 5857 Plane
2705 5811 2883 5856 tamen
2919 5800 3207 5856 obscurius
3244 5809 3346 5853 est.
