4188 6484
260 382 399 449 1833

1208 389 1304 449 DE
1336 388 1565 452 OBITU
1609 389 1649 451 S
1704 391 2455 456 THEODORISTUDITAE

3342 394 3477 465 1834

244 496 421 559 οὕτως
461 492 613 565 ήμῶν
642 495 740 566 τῆς
766 498 1024 568 ταπεινῆς
1051 498 1225 569 ψυχῆς
1252 496 1715 570 συμπεπτωκυίας
1746 504 1810 573 τῇ
1842 553 1844 562 ,

1915 504 2284 573 importunum
2312 506 2383 561 sit
2407 505 2559 575 plura
2579 505 2679 560 viri
2717 506 2960 561 facinora
2994 506 3187 564 litteris
3219 507 3475 567 inserere-

244 587 414 659 λύπῃ.
449 588 513 639 Τί
547 586 654 658 γὰρ
674 587 781 641 τῶν
803 589 1008 643 ἐκείνου
1037 590 1299 655 τοιοῦτον,
1329 586 1437 645 οἷον
1468 593 1498 663 ἢ
1538 593 1637 663 τῆς
1674 595 1811 664 μνή-

250 693 360 746 μης
386 675 541 746 ήμῶν
570 678 843 741 ἐκπεσεῖν,
875 676 908 745 ἢ
935 679 1240 732 σιωπᾶσθαι
1276 680 1423 746 ἄξιον
1460 682 1807 751 νομισθῆναι;

259 766 402 819 Ἀλλ’
430 766 575 837 οἴμοι
607 766 685 837 τῷ
713 768 980 839 ταπεινῷι
1016 768 1224 824 ἔνδοθεν
1246 773 1335 840 ὑφ’
1368 774 1559 843 ἡδονῆς
1588 773 1695 826 τῶν
1722 773 1810 826 λε-

245 856 486 925 χθέντων
536 856 873 927 κινούμενος,
920 858 1117 928 λέληθα
1153 862 1387 930 ἐμαυτὸν
1425 864 1813 934 ὲμφιλοχωρῶν

243 945 325 1017 τῷ
358 946 538 1010 πάθει,
570 947 664 1000 κα)⁵
693 947 1130 1017 ὑπομιμνήσκειν
1155 949 1297 1017 ὑμᾶς
1324 950 1392 1003 τὰ
1415 951 1509 1004 τοῦ
1540 952 1811 1021 μακαρίου

246 1034 386 1104 πρὸς
439 1036 588 1104 ήμᾶς
637 1035 1104 1105 πρακτικεύματα,
1141 1040 1570 1109 παρηγορεῖσθαι
1603 1043 1808 1096 δοκῶν’

242 1124 553 1177 τούναντίον
588 1124 864 1195 ὲπικνήθω
904 1125 1055 1195 ὑμῶν
1118 1127 1179 1179 τὺ
1224 1129 1323 1198 τῆς
1355 1130 1532 1199 ψυχῆς
1571 1132 1810 1203 τραῦμα,

244 1214 340 1269 καὶ
370 1214 594 1269 ἀνάπτω
617 1214 714 1281 τὴν
742 1218 844 1284 τῆς
874 1216 1099 1287 καρδίας
1123 1216 1314 1286 φλόγα,
1338 1222 1431 1273 καὶ
1450 1219 1595 1285 αὔξω
1622 1222 1683 1274 τὸ
1710 1224 1814 1277 πά-

244 1305 360 1370 θος,
391 1306 485 1361 καὶ
507 1307 756 1377 δακρύων
783 1305 936 1377 ὑμῶν
959 1308 1096 1380 τάχα
1122 1310 1247 1374 τοὺς
1267 1310 1591 1380 ἀδελφικοὺς
1617 1314 1812 1382 ὀφθαλ-

249 1399 386 1468 μοὺς
414 1399 632 1466 άποπλη
641 1401 738 1469 ρῶ.

325 1490 484 1545 Ἀλλά
517 1509 605 1561 μοι
632 1492 790 1563 δεῦρο
811 1533 830 1559 ,
874 1488 919 1548 ὧ
975 1495 1233 1567 Πατέρων
1275 1496 1506 1567 ἄριστοι,
1538 1498 1632 1551 καὶ
1660 1498 1812 1552 ἁδελ-

242 1582 360 1650 φῶν
414 1582 799 1653 γνησιώτατοι’
846 1586 921 1656 μὴ
970 1588 1132 1659 μέχρι
1171 1586 1375 1641 τούτων
1419 1589 1510 1641 τὸν
1556 1589 1810 1662 λογισμὸν

242 1674 551 1744 στήσωμεν,
586 1675 720 1745 μηδὲ
745 1676 1308 1747 καταμαλακισθῶμεν
1350 1680 1444 1731 καὶ
1489 1682 1808 1743 καταπάσω-

244 1783 349 1837 μεν
397 1766 473 1837 τῷ
517 1767 699 1833 πάθει,
749 1770 835 1824 ἵνα
881 1771 954 1841 μὴ
1004 1773 1357 1844 κατηγορήσῃ
1413 1773 1508 1827 καὶ
1562 1774 1721 1845 ήμῶν
1781 1779 1810 1829 ὁ

1911 595 2048 660 Quid
2086 596 2231 651 enim
2262 611 2351 652 res
2374 597 2492 667 ejus
2535 598 2640 652 tale
2680 596 2905 663 habent,
2940 607 2999 653 ut
3032 598 3117 652 vel
3161 600 3475 659 excisurum

1910 687 2194 750 memoria,
2226 687 2309 741 vel
2339 687 2564 758 dignum
2593 688 2740 759 quod
2771 697 3036 755 taceatur,
3075 691 3267 747 debeat
3294 692 3478 748 existi-

1913 776 2090 829 mari?
2143 776 2249 833 Sed
2291 778 2394 833 heu
2456 794 2544 834 me
2597 780 2891 835 humilem!
2937 782 3084 837 Intus
3136 782 3474 850 stimulante,

1912 880 2077 934 quam
2116 865 2253 921 dicta
2287 867 2614 937 voluptatem
2642 869 2866 936 habent,
2917 871 3032 939 ipse
3082 873 3302 928 nescius
3328 874 3476 929 velut

1913 956 2053 1011 ultro
2075 956 2248 1013 dolori
2277 960 2572 1027 immoror;
2604 975 2668 1015 ac
2700 962 3038 1032 suggerendo
3073 971 3133 1017 ut
3159 977 3219 1018 se
3241 963 3329 1018 vir
3346 963 3475 1020 bea-

1914 1056 2004 1103 tus
2047 1048 2101 1103 in
2137 1064 2239 1105 nos
2287 1050 2532 1119 haberet,
2578 1051 2725 1107 visus
2764 1053 3055 1119 consolari,
3090 1056 3272 1124 potius
3307 1054 3475 1111 vestri

1914 1138 2081 1193 animi
2100 1140 2299 1195 vulnus
2326 1139 2548 1205 refrico,
2574 1142 2920 1211 accendoqne
2944 1145 3181 1212 pectoris
3203 1143 3473 1201 ﬂammam

1914 1242 1977 1283 ac
2006 1244 2181 1298 augeo
2217 1231 2487 1297 dolorem,
2530 1232 2749 1301 forsque
2805 1232 3032 1289 fratrum
3072 1235 3262 1291 oculos
3302 1235 3476 1305 lacry-

1914 1322 2019 1376 mis
2057 1322 2269 1391 oppleo.

1982 1493 2288 1563 Enimvero,
2322 1498 2505 1553 adeste
2536 1498 2698 1564 mihi,
2734 1508 2917 1569 patres
2945 1502 3157 1570 optimi,
3187 1516 3251 1558 ac
3280 1502 3475 1558 fratres

1912 1586 2268 1642 sincerissimi
2303 1607 2315 1642 :
2349 1604 2415 1644 ne
2437 1589 2542 1644 huc
2568 1604 2740 1660 usque
2771 1592 3177 1648 cohibuerimus
3211 1595 3473 1655 animum.

1912 1689 2047 1730 neve
2074 1676 2437 1740 emolliamnr,
2466 1687 2558 1732 aut
2599 1678 2788 1734 dolore
2815 1680 3167 1735 concidamus
3200 1696 3266 1735 ue
3290 1690 3346 1736 et
3376 1698 3476 1737 nos

1913 1780 2143 1836 magnus
2172 1766 2467 1836 Apostolus
2513 1768 2904 1837 vituperaverit
2940 1787 2953 1824 :
2987 1771 3079 1825 sed
3128 1786 3475 1827 recurramus

242 1857 419 1926 μέγας
467 1858 821 1926 Ἀπόστολοςῤ
856 1860 1255 1931 ἀναδράμωμεν
1304 1862 1399 1916 ἐπὶ
1445 1862 1541 1933 τὴν
1584 1866 1806 1935 ἀρχαιο-
1842 1845 1844 1851 1

1912 1855 1976 1907 ad
2011 1855 2262 1924 antiquas
2296 1855 2675 1925 generationes
2701 1897 2714 1919 ,
2780 1858 3170 1928 videamusque
3219 1876 3248 1913 a
3301 1861 3477 1930 primo

237 1946 445 2014 γονίαν,
477 1947 569 2000 καὶ
600 1946 800 2017 ἴδωμεν
823 1948 929 2003 ἀπὸ
956 1948 1048 2001 τοῦ
1074 1948 1417 2021 προπάτορος
1446 1950 1604 2020 ήμῶν
1645 1952 1805 2023 μέχρι

233 2036 338 2091 τοῦ
359 2036 516 2109 δεῦρο
535 2052 549 2069 ⁶
577 2038 670 2091 καί
696 2055 759 2107 γε
784 2041 889 2108 πρὸ
910 2038 1017 2091 τῶν
1037 2038 1208 2093 ἄλλων
1229 2040 1354 2104 τοὺς
1376 2040 1493 2111 Θεῷ
1514 2041 1808 2115 εὐαρεστη-

236 2128 406 2190 κότας
431 2128 519 2183 διὰ
555 2127 672 2198 βίου
706 2130 798 2183 καὶ
827 2129 1103 2192 πολιτείας
1130 2130 1363 2203 ἀρίστης
1383 2149 1397 2162 ·
1422 2117 1562 2200 λέγω
1590 2133 1653 2204 δὴ
1682 2136 1805 2199 τοὺς

239 2218 351 2288 πρὸ
389 2222 552 2289 νόμου
591 2221 853 2290 πατέρας,
884 2221 1248 2293 πατριάρχας,
1287 2222 1556 2293 Ἀϐραὰμ,
1602 2225 1803 2291 Ἰσαὰκ,

252 2306 487 2362 Ἰακώϐ·
543 2311 669 2371 τοὺς
722 2310 826 2381 πρὸ
882 2310 1079 2374 αὐτῶν,
1128 2312 1222 2365 καὶ
1277 2312 1395 2383 μετ’
1437 2314 1654 2378 αὐτοὺς,
1686 2317 1808 2381 τοὺς

240 2398 302 2451 ιν
328 2400 493 2469 νόμῳ.
526 2401 726 2454 Μωσέα
759 2402 852 2454 καὶ
895 2400 1103 2473 Ἀαρών
1125 2418 1139 2432 ⁸
1180 2403 1306 2467 τοὺς
1338 2404 1653 2474 μετέπειτα,
1682 2424 1805 2478 κρι-

240 2487 345 2552 τὰς
381 2491 473 2543 καὶ
502 2492 817 2561 προφήτας·
852 2493 976 2556 τοὺς
1009 2494 1067 2545 ὲν
1099 2496 1165 2565 τῇ
1198 2495 1398 2565 χάριτι,
1444 2497 1807 2562 ἀποστόλους,

246 2579 552 2649 μάρτυρας,
618 2579 973 2650 ὁμολογητάς,
1033 2582 1312 2652 ίεράρχας,
1371 2584 1575 2650 ὁσίους,
1644 2587 1809 2655 μέχρι

240 2666 339 2719 τοῦ
395 2668 864 2737 μνημονευομένου
889 2684 903 2697 ο
966 2670 1058 2722 καὶ
1106 2669 1181 2733 ὡς
1236 2669 1461 2725 ἕκαστον
1502 2674 1706 2728 τούτων
1743 2679 1806 2745 τῇ

245 2758 353 2829 ibi;
409 2759 570 2828 γενεᾷ
619 2759 913 2829 ἐπιτρέψας
963 2761 1447 2833 ύπηρετήσασθαι,
1481 2767 1592 2829 τοῖς
1670 2767 1807 2819 καθ-

242 2848 439 2919 ήκουσι
485 2848 697 2919 χρόνοις
730 2852 865 2922 πρὸς
895 2852 1083 2905 ἑαυτὸν
1115 2853 1274 2907 πάλιν
1306 2856 1811 2915 άνεκαλέσατο.Καὶ

248 2943 325 3012 μὴ
356 2942 595 2995 λυπείτω
629 2944 773 3012 ὑμᾶς
828 2943 977 3012 ήτοῦ
1031 2945 1358 3017 ἀειμνήστου
1421 2950 1753 3019 μετάστασις
1795 2968 1808 2983 ⁸

245 3032 584 3103 εὐφραινέτω
612 3033 667 3086 δὲ
705 3034 923 3103 μᾶλλον,
960 3035 1040 3089 ὅτι
1081 3036 1191 3089 τῶν
1221 3040 1812 3108 προμνημονευθέντων

248 3124 603 3195 συναρίθμιος
632 3128 726 3179 καὶ
762 3128 1124 3197 συμμέτοχος,
1148 3129 1223 3191 ὡς
1251 3131 1319 3183 τά
1346 3132 1435 3185 ῐσα
1466 3137 1558 3185 καὶ
1610 3134 1813 3201 ἀγωνι-

248 3178 1483 3289 σάμενοέάρῖδήλως.τλότιοῖὲῖἀῖοιέλᾷιπεν
1533 3178 1677 3294 ἡμᾶς
1729 3178 1881 3279 εει-Ο

248 3324 355 3378 περ
383 3306 626 3378 θέλομεν,
656 3309 791 3362 ἀλλὰ
828 3309 946 3378 μεθ’
974 3310 1129 3380 ήμῶν
1159 3314 1326 3378 ἐστιν,
1366 3314 1419 3365 εἴ
1445 3331 1528 3382 γε,
1555 3314 1629 3379 ὡς
1651 3316 1811 3380 αὐτὸς

246 3396 373 3468 εφη,
432 3398 529 3461 τὰς
581 3399 801 3461 ἐντολὰς
858 3400 1023 3453 αὐτοῦ
1088 3403 1437 3472 τηρήσομεν·
1499 3405 1811 3475 ύπερτέρως

245 3488 373 3558 ἄρτι
402 3482 599 3557 ἰσχύων
635 3489 959 3559 πρεσϐεύειν
986 3507 1047 3543 τε
1074 3493 1169 3545 καὶ
1203 3493 1417 3562 βοηθεῖν
1444 3511 1454 3524 ·
1497 3497 1589 3549 καὶ
1624 3497 1811 3550 τοσοῦ-

243 3595 357 3644 τον,
381 3580 503 3632 ὅσον
534 3582 590 3632 ἐν
607 3580 1000 3651 ύποδείγματος
1025 3582 1157 3653 ὅρῳ,
1173 3584 1435 3657 πρότερον
1458 3585 1526 3639 δι’
1548 3586 1809 3658 ἐσᾲπτρου

244 3668 338 3721 καὶ
356 3671 697 3739 αἰνίγματος,
732 3670 827 3724 νῦν
853 3672 908 3725 δὲ
940 3672 1234 3743 πρόσωπον
1305 3675 1441 3744 πρὸς
1498 3676 1806 3747 πρόσωπον,

244 3760 645 3831 καθαρωτέρως
677 3762 772 3816 καὶ
794 3762 946 3833 λαμπ
964 3766 1201 3835 ροτέρως
1255 3766 1331 3836 τῷ
1361 3766 1480 3836 Θεῷ
1538 3768 1811 3839 λατρεύων

246 3856 339 3907 κα)⁸
360 3853 711 3924 λειτουργῶν.
748 3855 859 3908 Kal.
882 3855 1061 3923 ὀλίγον
1096 3858 1468 3929 προενήρξατο
1523 3860 1621 3928 τῆς
1671 3861 1808 3928 πρὸς

243 3945 376 3998 Θεὸν
397 3945 539 4008 ὁδοῦ,
580 3946 948 4016 προοδοποιῶν
1008 3948 1139 4017 ἡμῖν
1190 3950 1393 4019 ταύτην
1425 3965 1439 3981 ⁸
1478 3952 1809 4022 εύτρεπίζιιιν

242 4038 378 4106 ήμῖν
414 4038 668 4090 κάκεῖθεν
691 4038 1046 4103 ἀναπαύσεως
1072 4042 1381 4113 κατάλυμα,
1414 4044 1572 4113 εἴπερ
1620 4045 1809 4115 εύαρέ-

246 4143 387 4190 στως
425 4127 613 4198 Κυρίῳ
644 4127 1012 4198 βιοτεύσομεν,
1039 4132 1132 4183 καὶ
1164 4131 1239 4194 ὡς
1268 4133 1429 4195 αὐτὸς
1460 4135 1588 4204 ήμῖν
1612 4135 1808 4206 ἐμαθήι

242 4235 432 4273 τευσεν
496 4218 641 4289 ἔργῳ
704 4221 798 4273 καὶ
841 4221 1001 4289 λόγῳ.
1074 4222 1262 4276 Ταῦτα
1318 4225 1808 4295 παρηγορείτωσαν

243 4310 398 4380 ὑμῶν
426 4309 522 4380 τὴν
553 4311 828 4381 μακαρίαν
859 4312 1059 4382 ψυχήν.
1102 4314 1191 4366 Ἐν
1224 4314 1432 4379 τούτοις
1461 4317 1760 4387 ἀνιστορῶν
1781 4322 1809 4371 ὁ

243 4398 624 4471 καθαρώτατος
674 4402 829 4470 ὑμῶν
858 4402 1001 4465 νοῦς,
1064 4404 1435 4468 σαϐϐατιζέτω
1502 4407 1597 4461 καὶ
1648 4409 1809 4461 οἱονεὶ

1909 1950 2129 2007 parente
2153 1951 2361 2007 nostro,
2402 1942 2467 1996 ad
2493 1943 2594 1998 hoc
2636 1960 2810 2014 usque
2838 1954 3087 2015 tempus;
3112 1956 3272 2017 atque
3300 1964 3392 2004 eos
3420 1949 3475 2005 in

1908 2031 2116 2099 primis,
2149 2032 2242 2100 qui
2270 2034 2377 2087 vita
2415 2049 2477 2087 ac
2506 2036 2705 2103 Optima
2742 2037 3185 2100 conversatione,
3222 2036 3330 2095 Deo
3358 2040 3477 2109 pla-

1907 2129 2136 2175 cuerunt
2153 2122 2384 2187 :Patrcs,
2406 2124 2648 2193 inquam,
2664 2126 2775 2192 lege
2801 2124 3162 2195 antiquiores,
3177 2128 3474 2194 Abraham,

1909 2208 2075 2274 Isaac,
2115 2209 2281 2265 Jacob
2310 2231 2322 2265 :
2350 2214 2460 2268 illis
2500 2224 2659 2269 actate
2689 2218 3021 2284 superiores,
3075 2232 3141 2273 ac
3190 2230 3473 2288 posteros:

1909 2314 2003 2353 eos
2030 2300 2119 2370 qui
2146 2301 2403 2356 vixerunt
2430 2304 2534 2359 sub
2576 2307 2713 2377 lege,
2762 2305 2946 2362 Mosen
2979 2317 3035 2362 et
3077 2309 3258 2363 Aaron
3289 2326 3302 2363 :
3328 2325 3479 2365 secus

1910 2402 2100 2461 tosquc
2126 2393 2342 2461 judices
2398 2405 2451 2449 et
2487 2397 2802 2466 prophetas.
2847 2398 2954 2454 Eos
2992 2401 3086 2468 qui
3138 2401 3241 2455 sub
3280 2402 3475 2471 gratia,

1910 2484 2209 2551 apostolos,
2243 2496 2533 2557 martyres,
2566 2486 2915 2542 confessores
2940 2528 2953 2549 ,
2990 2489 3306 2559 pontifices,
3348 2507 3477 2548 san-

1912 2583 2029 2629 ctos
2051 2574 2149 2645 (7),
2182 2576 2246 2629 ad
2284 2578 2427 2631 hunc
2459 2592 2651 2647 usque,
2696 2579 2761 2632 de
2807 2594 2916 2648 quo
2948 2581 3105 2636 nobis
3130 2590 3214 2636 est
3253 2595 3433 2639 sermo
3462 2596 3475 2636 :

1912 2677 2078 2733 utque
2132 2666 2293 2731 Dens,
2350 2668 2440 2721 ubi
2501 2669 2749 2738 singulos
2784 2685 2896 2723 sua:
2933 2685 3205 2741 quemque
3232 2674 3377 2727 artati
3417 2688 3482 2727 ac

1914 2756 1995 2809 sui
2030 2756 2127 2810 aevi
2157 2755 2473 2813 hominibus
2509 2759 2734 2829 obsequi
2773 2762 3130 2829 permisisset,
3180 2764 3247 2817 ad
3278 2779 3339 2819 se
3359 2778 3481 2818 rur-

1914 2862 2033 2900 sum
2051 2835 2311 2917 congruis
2340 2848 2677 2918 temporibus
2708 2853 3060 2906 revocaverit.
3096 2851 3205 2908 Nec
3228 2867 3358 2909 vero
3386 2868 3481 2907 vos

1916 2940 2172 2993 transitus
2200 2939 2268 2993 ab
2288 2940 2542 2993 humanis
2562 2941 2885 3011 sempiterna
2923 2944 3187 2998 memoria
3216 2946 3315 2999 viri
3348 2960 3478 3000 con-

1916 3031 2237 3091 tristaverit,
2275 3031 2455 3099 potius
2487 3046 2616 3087 vero
2635 3032 2873 3087 laetitiam
2910 3034 3061 3089 vobis
3091 3033 3303 3096 fecerit.
3337 3035 3480 3103 quod

1918 3120 1985 3176 iis
2014 3137 2249 3191 quorum
2287 3122 2657 3187 meminimus,
2694 3126 2764 3178 sit
2818 3134 3141 3189 consertus,
3198 3125 3485 3197 factusque

1913 3226 2099 3266 eorum
2135 3213 2427 3282 particeps,
2458 3214 2602 3268 velut
2645 3216 2737 3284 qui
2770 3216 2956 3271 eadem
2995 3216 3174 3286 palam
3204 3216 3486 3274 desudarit

1914 3302 2229 3367 certamina,
2275 3304 2549 3375 vitamque
2598 3308 2845 3361 eamdem
2873 3308 3113 3362 duxerit.
3146 3306 3282 3363 Nam
3308 3323 3485 3379 neque

1913 3394 1960 3451 si
1985 3395 2256 3458 volumus,
2279 3410 2378 3452 nos
2401 3396 2721 3467 dereliquit:
2745 3399 2875 3467 quin
2898 3411 3149 3454 versatur
3166 3400 3483 3456 nobiseum:

1914 3489 2095 3554 modo,
2128 3498 2186 3543 ut
2232 3489 2369 3543 dixit
2413 3489 2545 3558 ipse,
2598 3491 2717 3559 ejus
2752 3490 3008 3544 mandata
3050 3492 3481 3555 servaverimus;

1914 3579 2185 3647 potentior
2229 3580 2341 3649 jam
2386 3580 2450 3633 ad
2493 3580 2936 3635 intercessionem
2979 3588 3145 3650 atque
3173 3582 3481 3636 auxilium:

1915 3682 2173 3740 ramoque
2202 3670 2458 3740 amplius,
2502 3680 2787 3740 quantum,
2820 3670 3052 3740 exempli
3090 3686 3255 3727 causa
3288 3670 3477 3734 refert,

1912 3771 1970 3816 ut
2005 3762 2153 3831 prius
2197 3778 2290 3831 per
2342 3761 2622 3831 speculum
2668 3762 2722 3815 in
2766 3760 3071 3831 aenigmate,
3120 3776 3268 3817 nunc
3300 3772 3484 3817 autem

1912 3853 2051 3907 facie
2091 3854 2154 3906 ad
2180 3852 2396 3915 faciem,
2436 3853 2627 3922 purius
2668 3851 3119 3922 splendidiusqne
3142 3850 3255 3907 Deo
3286 3853 3487 3907 serviat

1910 3957 2070 4015 atque
2102 3945 2397 3999 ministret.
2456 3949 2533 3996 Ac
2580 3944 2727 4013 prior
2761 3944 3159 4013 aliquantulum
3201 3943 3295 3997 Dei
3342 3944 3481 3997 viam

1911 4037 2212 4099 inchoavit,
2244 4038 2399 4091 nobis
2426 4035 2631 4091 faciens
2672 4036 2775 4089 iter
2804 4054 2813 4086 :
2854 4037 2965 4089 illic
2990 4043 3284 4104 paraturus
3316 4034 3485 4089 beatae

1910 4130 2112 4199 quietis
2148 4129 2517 4182 habitaculum
2548 4167 2562 4190 ,
2600 4127 2901 4182 dummodo
2930 4128 3039 4180 Deo
3072 4126 3285 4195 placitis
3318 4125 3485 4180 mori-

1911 4222 2012 4275 bus
2047 4221 2344 4274 vixerimus
2370 4261 2383 4285 ,
2420 4236 2526 4288 qna
2563 4220 2678 4288 ipse
2723 4220 2951 4282 ratione,
3004 4217 3169 4275 verbo
3215 4224 3269 4271 et
3322 4230 3484 4286 opere

1909 4313 2115 4368 docuit.
2170 4313 2293 4366 Sint
2317 4313 2433 4367 haec
2466 4312 2635 4365 beata:
2662 4310 2857 4364 animae
2884 4318 3080 4364 vestra:
3110 4306 3322 4362 solatia.
3358 4303 3482 4361 ﬂare

1911 4404 2157 4460 recolens
2206 4404 2499 4472 purissima
2555 4417 2709 4456 mens
2772 4403 2989 4464 vestra,
3060 4398 3359 4453 Sabbatum
3420 4412 3487 4453 ac

246 4490 621 4545 καταπαυέτω.
655 4492 764 4553 Τὰς
783 4493 838 4545 δὲ
866 4492 956 4545 τοῦ
982 4494 1284 4563 τρισολϐίου
1333 4495 1542 4562 Πατρδς
1592 4498 1808 4561 ἐντολάς
1833 4499 1844 4558 ]

1912 4494 2147 4565 quietem
2175 4500 2317 4562 agat.
2365 4492 2471 4546 Ter
2508 4490 2649 4546 beati
2710 4490 2881 4561 patris
2909 4489 3163 4544 mandata
3191 4495 3247 4543 et
3294 4488 3484 4542 admo-

244 4584 339 4637 καὶ
366 4583 666 4649 νουθεσίας,
697 4587 790 4638 καὶ
814 4585 957 4655 μάλα
996 4587 1209 4657 ἡμέρας
1274 4589 1368 4640 καὶ
1428 4592 1622 4654 νυκτὸς
1674 4592 1809 4644 ἀνα-

250 4676 700 4746 μιμνησκόμενοι,
735 4677 825 4730 καὶ
854 4678 1134 4748 προσεχῶς
1162 4680 1219 4731 ἐν
1260 4680 1482 4743 ταύταις
1516 4681 1809 4751 ὲνασχλού·

247 4780 397 4833 μενοι
430 4765 525 4817 καὶ
556 4766 885 4832 μελετῶντες
909 4781 921 4794 ⁸
953 4765 1095 4819 οὕτω
1115 4768 1223 4836 γὰρ
1252 4769 1346 4819 καὶ
1370 4768 1487 4839 Θεῷ
1518 4770 1814 4841 εὐαρεστή-

245 4870 410 4922 σομεν
453 4848 497 4922 ᾧ
551 4857 1088 4928 προσκεκολλήμεθα,
1145 4859 1237 4910 καὶ
1304 4858 1394 4911 τὸν
1455 4860 1813 4930 προκείμενον

243 4945 430 5012 ἀγῶνα
454 4944 617 5008 ὁσίως
646 4947 1022 5018 ἔκτελέσομεν,
1044 4950 1133 5002 καὶ
1156 4949 1543 5020 δοξασθήσεται
1574 4950 1641 5005 δι’
1657 4952 1813 5021 ήμῶν

245 5035 339 5088 καὶ
367 5035 923 5107 ἀντιδοξάσειενήμᾶς
955 5039 1225 5101 ἐντεῦθεν,
1258 5040 1351 5093 καὶ
1379 5042 1436 5092 ἐν
1462 5040 1542 5110 τῷ
1568 5040 1812 5110 μέλλοντι

246 5123 525 5191 ἑτοιμάσει
554 5126 687 5193 ἡμῖν
719 5125 998 5195 βασιλείαν
1024 5128 1286 5199 οὐρανῶν.
1345 5130 1455 5181 Καὶ
1507 5130 1678 5184 ταῦτα
1714 5132 1811 5202 μὲν

245 5212 477 5283 διῆλθον,
497 5216 543 5267 εί
563 5218 657 5271 καὶ
675 5218 813 5289 ὑπὲρ
830 5218 1116 5289 ἐπιστολὴν
1151 5219 1298 5290 παρά
1316 5238 1475 5273 τινων
1501 5220 1774 5291 λογισθείη
1792 5237 1809 5254 ο

247 5306 384 5377 πρὸς
411 5308 467 5361 δὲ
491 5310 558 5362 τά
587 5310 888 5382 ὀφείλοντα,
922 5312 1040 5365 οὐδὲ
1070 5312 1233 5383 μέρος
1294 5312 1582 5382 ἐπιστολῆς
1607 5330 1623 5347 ο
1675 5313 1810 5384 ὁμοῦ

252 5401 373 5469 μὲν,
414 5401 483 5455 τὰ
511 5402 770 5457 κατὰτδν
810 5404 1081 5475 μακάριον
1116 5406 1321 5458 ἐκεῖνον
1352 5406 1812 5476 ἁνδραγαθήματα

1914 4588 2148 4641 nitiones
2178 4584 2271 4639 diu
2308 4591 2581 4653 noctuque
2630 4583 2895 4637 memoria
2936 4580 3268 4644 retinentes,
3311 4579 3481 4633 otium

1913 4678 1967 4731 in
1994 4676 2101 4730 illis
2134 4689 2400 4744 ponamus
2436 4689 2501 4729 ac
2535 4672 2858 4728 meditemur
2892 4690 2906 4726 :
2941 4672 3019 4725 sic
3061 4670 3205 4725 enim
3228 4709 3243 4735 ,
3274 4681 3329 4725 et
3364 4670 3483 4738 plac

1913 4768 2188 4824 cuerimus
2209 4766 2314 4822 Deo
2332 4766 2418 4821 cui
2444 4765 2795 4829 adltaesimus,
2821 4774 3118 4831 sancteque
3138 4760 3482 4832 propositum

1914 4869 2187 4915 certamen
2217 4857 2616 4913 confecerimus
2647 4874 2660 4910 :
2700 4856 2856 4925 isque
2888 4870 2918 4909 a
2956 4854 3115 4909 nobis
3147 4851 3483 4922 glorificabi-

1919 4959 2025 5012 tnr,
2055 4963 2119 5002 ac
2148 4946 2385 5002 vicissim
2412 4944 2757 5017 glorificabit,
2789 4943 3085 5013 futuroque
3110 4942 3309 4998 saeculo
3350 4956 3484 5011 ρειαί

1917 5040 2128 5111 parabit
2150 5040 2370 5095 cmleste
2394 5053 2638 5109 regnum.
2676 5038 2856 5106 Atque
2881 5035 2997 5091 haec
3024 5036 3318 5099 hactenus;
3347 5046 3486 5104 quo-

1918 5128 2166 5183 rumdam
2190 5127 2327 5181 forte
2348 5126 2557 5197 judicio
2586 5140 2751 5194 supra
2810 5124 3055 5194 epistola:
3084 5122 3337 5187 modum;
3360 5136 3484 5191 quae

1918 5228 2098 5274 tamen
2131 5233 2229 5273 nec
2259 5218 2500 5288 epistolae
2538 5217 2806 5286 attingant
2845 5223 3073 5285 partem,
3119 5223 3176 5267 ut
3206 5220 3484 5283 spectetur

1919 5311 2203 5366 debitum:
2240 5318 2355 5363 tum
2379 5350 2394 5373 ,
2452 5309 2668 5375 inquam
2693 5349 2707 5371 ,
2746 5308 2893 5377 quod
2942 5306 3081 5361 beati
3129 5304 3232 5359 viri
3267 5304 3483 5373 egregia

1921 5404 2135 5466 merito,
2173 5400 2505 5468 humilisque
2561 5415 2624 5455 ac
2667 5399 2875 5455 alllieta:
2931 5398 3125 5453 animae
3173 5403 3378 5451 nostra
3428 5392 3481 5449 in

1754 5532 1979 5596 ΝΟΤιΕ.

328 5644 672 5721 ('llSanctos.
710 5648 907 5709 ὁσίους.
970 5648 1101 5703 Eam
1148 5664 1332 5704 Vocem
1385 5652 1655 5721 praecipue
1689 5668 1808 5706 mo-

260 5715 775 5789 nacltis‘assignant
804 5756 819 5781 ,
883 5732 1011 5773 snas
1057 5721 1252 5789 cuique
1300 5715 1509 5784 ordini,
1553 5715 1621 5774 ἰιι
1684 5731 1810 5776 sunt

261 5785 431 5840 Graeci
461 5785 860 5855 ἁκριϐἰστατοι,
899 5785 1438 5861 Ιιιιιιοηιρε’βιορι·ἰιιε
1486 5809 1499 5844 :
1549 5790 1638 5845 Sic
1688 5807 1811 5862 pas-

588 5879 851 5940 PnnOL.
886 5881 999 5940 (in.
1036 5880 1259 5942 XCIX.

1915 5650 2017 5705 sim
2050 5645 2326 5715 apostolos
2357 5654 2553 5702 vocant
2578 5646 3019 5719 Απανευφήμουςο
3053 5639 3478 5719 ἱερομάρτυραϐο

1916 5714 2213 5788 episcopos
2232 5726 2495 5788 martyres
2526 5734 2539 5770 :
2570 5714 2814 5781 δικαίους
2832 5714 2864 5781 ’,’
2889 5714 3121 5773 sanctos
3139 5714 3475 5786 οὸηὶιιεειοεο

1918 5787 2011 5844 seu
2040 5802 2137 5843 nec
2170 5787 2406 5857 virgines
2437 5801 2534 5841 nec
2580 5798 2865 5860 martyres,
2896 5796 3002 5843 etc.

3006 5874 3083 5938 88
