4188 6500
715 427 848 489 1835

1590 417 1986 479 APPENDIX.
2025 417 2526 478 -NAUCRATII
2602 416 3005 478 ENCYCLICA

3808 414 3938 478 1836

706 553 828 592 eum
861 531 1244 595 necessitudo;
1281 539 1395 584 tum
1427 531 1570 598 quod
1606 530 1860 584 fraternae.
1902 539 2096 584 vestrae
2137 530 2271 582 dile-

2385 528 2590 597 καὶτῆς
2645 528 2905 596 ταπεινῆς
2936 523 3091 594 ἡμῶν
3143 525 3234 576 καὶ
3267 523 3570 578 κατωδΰνου
3622 523 3807 593 ψυχῆς
3852 542 3938 590 φι-

707 625 876 682 ctioni
914 621 1286 693 impertiendte
1314 619 1520 675 salutes
1551 619 1661 688 (8),
1723 633 1787 674 ac
1821 618 1966 674 velut
1999 617 2264 673 solamina

707 715 952 783 exigunt.

779 890 954 946 Porro
981 890 1346 959 quaesieritis;
1392 889 1528 942 bene
1578 886 1738 951 novi;
1776 900 1883 954 qua
1931 884 2139 938 ratione
2176 883 2270 935 hac

709 982 886 1037 buerit
909 983 1010 1034 viri
1047 981 1190 1034 beati
1211 979 1466 1034 dormitio
1495 997 1506 1031 :
1535 978 1658 1046 quis
1678 991 1805 1029 vero
1823 974 1988 1029 fuerit
2016 973 2267 1027 morbus:

707 1081 909 1144 quotve
939 1073 1057 1127 dies
1099 1071 1440 1125 decubuerit.
1477 1068 1580 1134 Qui
1631 1068 1824 1121 iterum
1864 1067 1968 1119 sub
1991 1079 2269 1130 egressum

708 1176 988 1217 sermones
1018 1175 1082 1214 ac
1105 1158 1441 1213 valedictorii
1473 1175 1486 1208 :
1520 1157 1789 1224 quodnam
1821 1169 1947 1209 vero
1983 1162 2271 1208 testamen-

708 1263 850 1317 tum,
875 1265 1065 1321 quazve
1096 1249 1449 1302 ordinaverit.
1510 1248 1587 1300 Ac
1623 1260 1863 1309 rursum,
1904 1245 2124 1312 quinam
2171 1242 2274 1296 sub

711 1341 832 1396 vita
865 1349 1192 1401 extremum,
1215 1347 1268 1392 et
1304 1338 1372 1391 ad
1402 1337 1692 1405 exsequias
1720 1333 2114 1397 concurrerint,
2146 1342 2198 1388 et
2226 1332 2272 1387 si

711 1448 818 1502 qua
857 1431 1125 1499 ejusmodi
1167 1439 1313 1483 sunt.
1345 1429 1635 1482 Enimvero
1685 1427 1810 1495 quis
1852 1426 2079 1478 idoneus
2119 1424 2269 1487 satis,

712 1533 772 1577 ut
807 1524 921 1580 haec
947 1522 1099 1575 vobis
1128 1536 1221 1588 per
1252 1521 1459 1572 litteras
1480 1518 1804 1581 annuntiet;
1844 1515 2035 1585 quisve
2057 1515 2272 1567 animus

711 1609 829 1663 sine
869 1606 1073 1660 doloris
1104 1605 1296 1658 alTectu
1331 1605 1410 1657 vel
1435 1605 1561 1672 quid
1596 1603 1881 1656 minimum
1906 1602 2106 1670 scripto
2139 1616 2271 1655 con-

711 1700 930 1767 signare
969 1699 1174 1767 possit;
1213 1707 1467 1751 caeterum
1517 1696 1691 1748 dicant
1739 1695 1884 1748 velut
1937 1709 2173 1754 summa,
2217 1702 2276 1745 ut

714 1790 843 1843 hinc
875 1789 1080 1859 aliquid
1107 1787 1265 1843 vobis
1310 1789 1486 1842 solatii
1512 1786 1749 1842 accedat.
1779 1785 1998 1839 Morbus
2036 1784 2272 1852 quidem,

2373 619 2825 689 λοοτοργήματα·
2877 616 3013 685 ὁμοῦ
3077 614 3153 682 δὲ,
3209 616 3302 667 καὶ
3349 618 3416 684 τῇ
3463 614 3727 682 ἀδελφικῇ
3791 613 3941 680 ὑμῶν

2375 711 2563 780 ἀγάπῃ
2617 708 3123 779 προσφθεγκτήρια,
3180 708 3274 758 καὶ
3309 706 3470 758 οἱονεὶ
3525 706 3889 774 παρηγορητή
3915 733 3941 744 -

2377 817 2487 871 pta.

2456 887 2833 958 Ἐπιζητοίητε
2862 887 2938 951 δὲ,
2969 885 3029 939 εὖ
3056 882 3197 949 οἶδα,
3241 886 3356 948 πῶς
3383 902 3440 936 τε
3472 886 3503 953 ἡ
3537 883 3632 936 τοῦ
3672 884 3939 954 μακαρίου

2379 983 2653 1048 γοίμησις,
2711 978 2794 1040 τίς
2822 993 2879 1029 τε
2904 980 2936 1046 ἡ
2972 977 3144 1037 νόσος,
3183 977 3273 1028 καὶ
3321 975 3728 1044 ποσαήμεροςή
3782 974 3942 1026 κατά-

2379 1068 2551 1129 κλισις
2574 1083 2589 1098 ο
2621 1069 2764 1130 τίνες
2817 1068 2862 1119 δ’
2887 1062 2954 1120 αὖ
2985 1068 3034 1118 ot
3062 1065 3321 1135 ὲξιτήριοι
3361 1065 3532 1131 λόγοι,
3570 1065 3667 1116 καὶ
3700 1064 3940 1133 προπόμ-

2378 1176 2489 1210 πιοι
2515 1173 2528 1187 ⁸
2559 1158 2642 1220 τίς
2667 1175 2726 1210 τε
2753 1159 2786 1228 ἡ
2834 1158 3087 1248 διαθέήκη,
3117 1159 3209 1209 καὶ
3242 1155 3480 1220 διάταξις
3509 1171 3522 1184 ·
3554 1156 3647 1207 καὶ
3682 1149 3752 1206 αὖ
3785 1155 3940 1206 πάλιν

2377 1249 2520 1310 τίνες
2540 1248 2590 1300 oi
2629 1244 3135 1317 συνδεδραμήκότες
3162 1248 3219 1298 tv
3248 1248 3314 1315 τῇ
3353 1246 3578 1313 ἐσχατιᾷ
3597 1244 3795 1314 ταύτῃ,
3829 1244 3938 1313 ἦτοι

2378 1339 2436 1388 tv
2486 1338 2554 1406 τῇ
2589 1336 2796 1406 κηδείᾳ,
2825 1339 2916 1388 καὶ
2942 1337 3038 1388 ὅσα
3092 1336 3278 1404 ἔτερα.
3341 1335 3449 1386 Καὶ
3495 1333 3578 1395 τίς
3638 1335 3823 1394 ἱκανὸς
3857 1334 3940 1385 διά

2378 1426 2701 1496 γράμματος
2727 1426 3091 1493 ἀπαγγέλλειν
3126 1428 3273 1494 ὑμῖν,
3312 1425 3406 1476 καὶ
3455 1425 3582 1476 ποία
3637 1423 3786 1492 ψυχὴ
3843 1424 3940 1488 ἔξω

2379 1518 2471 1569 τοῦ
2504 1517 2704 1578 πάθους
2754 1518 3070 1588 ὑπάρχουσα
3127 1514 3329 1584 ἰσχύσει
3385 1515 3789 1584 λογογραφῆσαι
3845 1516 3940 1567 κᾶν

2379 1611 2439 1659 τὸ
2491 1609 2897 1680 σμικρότατονς
2939 1608 3025 1670 ὐς
3058 1608 3115 1659 tv
3149 1606 3428 1675 κεφαλαίῳ
3484 1607 3536 1658 δὲ
3561 1605 3818 1675 ἐροῦμεν,
3871 1607 3940 1666 ὡς

2381 1699 2672 1751 κάντεὺθέν
2703 1716 2823 1762 τινα
2850 1697 3198 1767 παραμυθίαν
3229 1697 3484 1767 εὑρέσθαι
3528 1698 3691 1765 ὑμᾶς.
3737 1698 3801 1749 Ἦ
3849 1698 3939 1766 μὲν

2382 1791 2552 1851 νόσος,
2587 1793 2618 1858 ἡ
2652 1789 2854 1860 ἀρχαία
2877 1805 2891 1818 ⁸
2919 1790 3064 1855 λέγω
3091 1788 3155 1858 δὴ
3205 1787 3297 1840 τοῦ
3368 1789 3640 1856 στομάχου
3669 1806 3684 1819 ο
3713 1789 3832 1856 ἣτις
3882 1791 3941 1840 ὲκ

713 1879 804 1934 ille
832 1881 1090 1948 antiquus
1113 1879 1250 1944 fuit;
1280 1894 1470 1947 nempe
1497 1877 1786 1933 stomachi.
1821 1875 1891 1940 ls,
1917 1890 1982 1928 ex
2011 1873 2278 1927 diuturnis

2385 1882 2489 1933 τῶν
2533 1881 2895 1951 πολυχρονίων
2933 1880 3186 1948 φυλακῶν
3214 1882 3307 1933 καί
3334 1879 3578 1950 ὲξοριῶν,
3618 1880 3714 1931 καὶ
3735 1882 3832 1948 τῆς
3862 1881 3942 1930 ἐν·

713 1971 1028 2027 carceribus
1041 1971 1378 2039 exsiliisque,
1403 1983 1723 2038 summoque
1753 1968 1874 2022 inde
1901 1967 2139 2036 neglectu
2168 1981 2280 2019 cor-

713 2062 887 2132 poris,
922 2067 1113 2114 auctus
1135 2068 1297 2128 atque
1325 2062 1377 2114 in
1409 2059 1650 2113 diﬂiciles
1681 2058 2031 2126 :egritudines
2060 2070 2278 2126 promo—

715 2165 869 2217 vens,
924 2152 979 2206 in
1015 2150 1316 2222 perfectam
1371 2149 1588 2204 demum
1649 2148 1878 2202 deietam
1915 2147 2275 2216 appetentiam

715 2243 918 2307 desiit;
948 2251 1009 2297 ut
1043 2245 1122 2296 vir
1157 2242 1368 2302 beatus,
1403 2250 1529 2293 aute
1558 2241 1718 2293 etiam
1744 2239 2145 2300 dormitionem,
2188 2239 2278 2290 vix

715 2347 825 2388 non
854 2343 1107 2387 mortuus
1149 2331 1439 2385 videretur.
1496 2327 1573 2382 Eo
1619 2329 1839 2391 morbo,
1871 2328 1964 2380 ubi
2013 2328 2275 2407 triduum,

715 2421 1037 2477 Novembris
1082 2421 1276 2485 initio,
1329 2419 1718 2483 decuhttisset,
1774 2419 1967 2472 iterum
2008 2419 2280 2472 convaluit

717 2513 899 2569 divina
935 2513 1234 2567 voluntate.
1263 2511 1392 2574 Sed,
1443 2520 1524 2564 ter
1572 2511 1780 2564 beatam
1813 2510 1980 2563 animi
2016 2512 2281 2580 magnitu-

716 2603 933 2668 dinem,
986 2617 1051 2656 ac
1082 2600 1419 2671 propositum
1470 2597 1667 2652 invicta
1713 2601 2020 2653 constantia
2060 2601 2273 2655 nobile!

715 2690 854 2746 Nam
881 2707 1058 2761 neque
1096 2705 1163 2746 eo
1198 2691 1412 2752 morbo,
1463 2690 1698 2759 quietem
1731 2689 1968 2759 aliquam
2008 2692 2090 2744 vel
2130 2693 2279 2745 sola-

718 2781 1101 2851 mlnisaliquid
1131 2781 1409 2851 indulgere
1435 2781 1604 2832 voluit
1635 2797 1648 2832 :
1681 2780 1752 2832 ita
1787 2780 1841 2833 in
1874 2783 2032 2834 lluem
2054 2782 2128 2849 (9)
2153 2781 2282 2836 ode-

719 2882 806 2927 rat
838 2873 1002 2926 vitam
1059 2884 1401 2940 prasentem.
1438 2869 1556 2922 iam
1587 2869 1731 2922 enim
1770 2869 2106 2938 longatvitate
2137 2872 2281 2926 defe-

720 2973 840 3016 ctus
862 3003 878 3027 ,
922 2960 1188 3028 senioque
1227 2961 1447 3014 attritus
1475 3000 1488 3023 ,
1523 2970 1782 3030 praeterea
1834 2976 1996 3022 vero,
2032 2961 2279 3013 dolorum

719 3050 1062 3105 immanitate
1095 3050 1206 3118 (l0)
1230 3049 1369 3102 lecto
1398 3049 1610 3112 aﬂixus,
1638 3050 1795 3118 juxta
1832 3048 2143 3104 Davidicum
2169 3066 2282 3104 ser-

722 3155 937 3196 monem
970 3159 984 3194 :
1021 3138 1144 3193 Non
1191 3138 1334 3193 dedit
1375 3155 1616 3192 somnum
1668 3140 1871 3204 oculis,
1905 3155 2065 3208 neque
2101 3140 2281 3208 palpe—

2383 1972 2573 2024 τεῦθεν
2602 1973 2808 2034 τελείας
2851 1972 3276 2040 ἀνεπιμελησίας
3333 1970 3649 2038 αὐξηθεῖσα,
3719 1971 3812 2021 καὶ
3866 1971 3941 2031 είς

2386 2062 2578 2124 πόνους
2631 2063 2908 2123 δυσιάτους
2966 2062 3224 2127 ἐλάσασα,
3277 2063 3356 2121 είς
3414 2060 3623 2113 τελείαν
3670 2059 3942 2128 ἀνορεξίαν

2387 2153 2666 2222 κατέληξε,
2697 2154 2787 2203 καὶ
2810 2151 3081 2214 τοσοῦτον,
3111 2151 3184 2213 ὡς
3237 2151 3417 2218 σχεδὸν
3476 2150 3666 2218 νεκρὸν
3723 2150 3942 2218 δρᾶσθαι

2385 2245 2477 2296 καὶ
2511 2243 2618 2312 πρὸ
2665 2244 2971 2312 κοιμήσεως
3023 2243 3112 2293 τὸν
3168 2240 3449 2309 μακαρίον.
3495 2239 3581 2301 Ἐξ
3630 2236 3698 2309 ἦς
3752 2256 3944 2307 τετραο

2390 2337 2498 2406 ήμε
2511 2353 2599 2405 ρον
2627 2335 2720 2386 ἐπὶ
2739 2338 2835 2402 τῆς
2853 2333 3038 2402 κλίνης
3062 2331 3258 2392 πεσὼν,
3282 2335 3336 2383 tv
3353 2332 3493 2400 ἀρχῇ
3524 2329 3615 2382 τοῦ
3643 2330 3941 2398 Νοεμϐρίου

2387 2427 2574 2499 μηνὸς,
2603 2426 2762 2477 πάλιν
2786 2424 2999 2493 εὐδοκία
3027 2423 3225 2493 Κυρίου
3251 2421 3588 2491 ἀνερρὠθη.
3621 2419 3760 2472 ’Δλϊ
3791 2419 3834 2472 ὣ
3852 2420 3943 2488 τῆς

2383 2516 2476 2569 τοῦ
2512 2516 2885 2585 τρισμάκαρος
2922 2514 3326 2583 μεγαλοψυχίας
3383 2513 3476 2563 καὶ
3530 2511 3940 2579 γενναιότητοςῑ

2383 2607 2464 2657 ὃτι
2492 2605 2612 2657 οὐδὲ
2639 2607 2696 2656 tv
2726 2605 2859 2673 αὐτῇ
2883 2607 2950 2672 τῇ
2982 2603 3120 2672 νόσῳ
3150 2603 3405 2671 ἠρεμίας,
3436 2601 3470 2668 ἡ
3500 2617 3642 2661 τινος
3673 2599 3947 2668 παρακλή-

2387 2713 2522 2758 σεως
2555 2694 2803 2747 ἐϐούλετο
2850 2693 3139 2747 ἀπολαύειν
3164 2708 3177 2722 ·
3223 2692 3391 2754 οὓτως
3418 2693 3497 2752 εἰς
3520 2691 3668 2752 τέλος
3718 2706 3947 2758 μεμισηο

2386 2788 2497 2849 κὼς
2519 2787 2616 2856 τὴν
2643 2785 2924 2855 παροῦσαν
2961 2785 3124 2856 ζωήν.
3161 2785 3521 2844 Ἐκλελοιπὼς
3572 2783 3681 2853 γάρ
3730 2783 3830 2852 ήδη
3883 2784 3944 2850 τῇ

2389 2875 2864 2944 μακροημερεύσει
2893 2911 2907 2935 ,
2943 2875 3033 2924 καὶ
3081 2872 3624 2940 κατατετρυχωμένος
3675 2871 3748 2939 τῷ
3783 2871 3945 2939 γήρᾳ,

2386 2967 2559 3026 ἄλλως
2609 2977 2666 3017 τε
2697 2965 2751 3016 δὲ
2784 2964 2877 3015 καὶ
2910 2967 3022 3025 τοῖς
3071 2963 3317 3032 σφοδροῖς
3366 2964 3547 3024 πόνοις
3606 2962 3948 3030 βαλλόμενος,

2389 3056 2528 3108 κατὰ
2553 3055 2614 3107 τὸ
2641 3053 2941 3106 Δαυῖτικόν’
2980 3055 3098 3106 Οὐκ
3121 3053 3320 3105 ἐδίδου
3350 3053 3543 3104 ὕπνον
3583 3052 3705 3116 τοῖς
3735 3053 3952 3118 ὀφθαλ-

2382 3145 2539 3213 μοῖς,
2575 3144 2716 3198 οὐδὲ
2738 3144 2860 3208 τοῖς
2888 3141 3222 3208 βλεφάροις
3242 3144 3604 3208 νυσταγμόν,
3633 3144 3783 3195 Ἀλλ’
3816 3140 3952 3194 οὐδὲ

722 3231 830 3284 bris
877 3231 1342 3292 dormitationem;
1379 3245 1440 3282 ac
1483 3246 1644 3298 neque
1686 3233 1912 3298 requiem
1947 3235 2281 3298 temporibus,

2386 3235 2510 3298 τοῖς
2537 3235 2856 3302 κροτάφοις
2891 3232 3257 3291 ἀνάπαυσιν,
3289 3233 3398 3295 ἕως
3457 3232 3531 3284 ἂν
3589 3228 3726 3298 εὗρε
3771 3235 3954 3283 τόπον

721 3323 886 3376 donec
914 3322 1194 3374 invenisset
1219 3321 1391 3374 locum
1435 3320 1747 3374 Domino“.
1785 3323 1862 3374 Ac
1894 3338 2023 3376 sane
2060 3324 2283 3377 invenit.

725 3415 895 3480 Quem
927 3411 1121 3466 illum?
1152 3412 1549 3481 Utiquejugem
1581 3411 1726 3464 illam
1757 3426 1820 3465 ac
1842 3412 1989 3466 velut
2011 3413 2130 3481 jure
2167 3431 2286 3482 per-

726 3513 890 3575 petuo
922 3513 1117 3558 statam
1150 3504 1284 3571 (Il),
1321 3519 1483 3571 quam
1516 3520 1612 3573 pro
1648 3518 1800 3558 more
1835 3505 2075 3571 quotidie
2103 3521 2288 3574 perso-

728 3605 882 3652 naret
910 3597 1203 3651 salutarem
1252 3597 1573 3657 doctrinam,
1615 3612 1777 3666 quam
1816 3605 1871 3652 et
1912 3597 2052 3652 lecto
2081 3599 2287 3667 jacens,

729 3698 790 3741 ut
818 3687 912 3757 qui
954 3702 1060 3741 non
1097 3693 1283 3755 posset
1311 3687 1567 3740 collectos
1598 3687 1736 3756 apttd
1769 3687 1946 3756 ipsum
1984 3687 2183 3744 fratres
2213 3692 2290 3744 al-

729 3781 840 3834 tius
871 3778 1097 3846 alloqui,
1128 3778 1217 3830 uui
1241 3778 1541 3831 scribarum
1574 3781 1878 3848 suggessit;
1914 3781 2137 3836 alterius
2158 3783 2291 3850 ipse,

728 3884 865 3923 voce
887 3871 1196 3937 alloquens;
1232 3884 1396 3938 quam
1428 3879 1481 3923 et
1511 3880 1708 3924 nostra:
1737 3871 1863 3925 huic
1890 3873 2128 3943 epistolae
2167 3873 2295 3927 sub-

727 3961 986 4031 jecimus,
1007 3970 1064 4014 ut
1084 3960 1166 4013 vel
1195 3960 1319 4015 hinc
1349 3961 1580 4031 quisque
1609 3964 1824 4031 sapiens
1860 3965 2089 4029 noverit,
2122 3981 2295 4035 neque

729 4051 944 4105 beatam
984 4065 1137 4105 suam
1181 4051 1560 4106 dormitionem
1603 4054 1894 4108 nescivisse
1943 4055 2122 4130 virum
2167 4072 2292 4111 san-

731 4148 911 4206 ctum,
961 4141 1182 4209 quando
1213 4141 1510 4210 symbolice
1551 4157 1670 4197 eam
1711 4144 1979 4214 praedixit.
2038 4143 2169 4199 Nam
2219 4147 2291 4201 ita

730 4228 916 4282 habet.

797 4340 848 4372 “
878 4339 1021 4396 Psal.
1060 4355 1170 4405 ext,
1207 4342 1261 4395 4.

2393 3325 2469 3389 τῷ
2487 3328 2698 3392 Κυρίῳ.
2730 3327 2838 3377 Καὶ
2857 3325 2918 3394 δὴ
2947 3325 3160 3393 ἐφεῦρε.
3191 3324 3298 3374 Καὶ
3324 3323 3405 3385 τίς
3429 3319 3581 3385 οὗτος
3602 3339 3616 3386 ;
3641 3323 3703 3375 Ἢ
3729 3325 3956 3391 ἀληκτος

2394 3419 2490 3471 καὶ
2518 3419 2676 3470 οἱονεὶ
2710 3417 3061 3488 ἀπαράϐατος
3088 3418 3229 3469 κατὰ
3267 3417 3328 3468 τὸ
3357 3416 3547 3478 εἰωθὸς
3601 3418 3729 3487 παρ’
3794 3417 3956 3470 αὐτοῦ

2396 3509 2735 3577 ὲξηχουμένη
2773 3509 3029 3560 ἑκάστοτε
3067 3507 3330 3576 σωτήριος
3361 3507 3698 3570 διδασκαλία,
3754 3511 3822 3577 ἦν
3869 3511 3958 3561 καὶ

2399 3601 2660 3668 κλινήρης
2689 3599 2784 3659 ὢν,
2826 3599 2913 3650 διὰ
2942 3600 3001 3651 τὸ
3030 3601 3103 3669 μὴ
3141 3600 3398 3651 δύνασθαι
3434 3601 3802 3670 γεγωνότερον
3853 3603 3961 3663 τοῖς

2400 3691 2644 3757 ἀδελφοῖς
2672 3691 2801 3758 παρ’
2826 3689 2986 3742 αὑτοῦ
3015 3691 3524 3759 ὲκκλησιαζομένοις
3581 3691 3958 3762 προσφθέγξα-

2403 3780 2548 3844 σθαι,
2611 3781 2985 3850 ὑπηγόρευσεν
3045 3781 3126 3831 tvi.
3178 3781 3284 3832 τῶν
3324 3782 3610 3851 γραφέων·
3664 3782 3730 3834 δι’
3775 3784 3960 3852 ἑτέρου

2402 3873 2583 3941 φωνῆς
2609 3872 2767 3933 αὐτὸς
2802 3871 3310 3939 προσφθεγγόμενος
3337 3888 3350 3900 ·
3405 3875 3471 3942 ἣν
3503 3874 3596 3925 καὶ
3645 3872 3961 3942 ὑπεθέμεθα

2401 3963 2480 4032 τῷ
2512 3961 2820 4032 γράμματι,
2853 3961 3000 4021 ὅπως
3028 3961 3179 4030 γνοίη
3217 3963 3322 4022 πᾶς
3354 3979 3434 4023 τις
3457 3962 3567 4013 τῶν
3619 3959 3677 4015 εὖ
3709 3962 3963 4033 φρονούν.

2400 4071 2510 4106 των
2547 4052 2858 4115 κάντεῦθεν,
2893 4051 2967 4114 ὡς
3001 4053 3133 4121 μηδὲ
3158 4054 3255 4121 τὴν
3283 4053 3558 4121 μακαρίαν
3586 4055 3751 4106 αὑτοῦ
3772 4055 3963 4122 κοίμη-

2403 4163 2488 4198 σιν
2543 4145 2892 4214 ἠγνοηκέναι,
2935 4144 2982 4195 εί
3009 4146 3100 4196 καὶ
3128 4143 3466 4212 συμϐολικῶς
3495 4145 3698 4214 ταύτην
3727 4147 3963 4213 προέφη-

2403 4253 2506 4288 σεν.
2551 4235 2699 4304 Ἔχει
2725 4235 2833 4302 γάρ
2863 4229 2984 4285 ὦδε·

2228 4459 2456 4514 ΝΟΤΛί.

803 4549 879 4618 (8)
914 4546 1280 4620 Impertiendte
1297 4550 1515 4620 salutes.
1541 4549 2028 4620 προσφθεγκτήρια
2053 4565 2066 4579 ·
2104 4552 2293 4605 amica

732 4617 1092 4699 allocutiones
1123 4618 1332 4671 solandi
1370 4633 1555 4684 causa,
1589 4617 1664 4672 ‘ut
1706 4617 1949 4688 sequens
1981 4620 2147 4674 dictio
2196 4636 2293 4674 ex-

733 4699 906 4757 ponit.
1143 4755 1152 4757 _
1870 4755 1885 4757 _

807 4760 884 4828 (9)
916 4757 1004 4828 Ita
1029 4757 1097 4828 in
1120 4755 1301 4826 ﬁnem.
1328 4758 1408 4820 εἰς
1438 4759 1608 4822 τέλος.
1659 4757 1813 4822 Quod
1861 4755 2098 4828 Joannes
2139 4758 2294 4824 dixit,

2399 4555 2536 4620 quod
2564 4570 2665 4606 non
2695 4555 2971 4618 subsistat,
3012 4563 3062 4607 et
3105 4553 3242 4623 quod
3272 4555 3339 4608 sit
3374 4550 3724 4623 intolerabile,
3761 4551 3816 4623 id
3862 4564 3957 4616 est,

2433 4623 2537 4675 ποτε
2581 4624 2907 4704 uentoferre
2935 4619 3127 4692 queat.'
3156 4625 3246 4675 Sic
3292 4624 3455 4704 paulo
3497 4619 3721 4704 inferius
3771 4622 3959 4704 dicitur:

2400 4639 2536 4744 quoa
2581 4640 2728 4676 nemo
2773 4639 2907 4690 ferre
2935 4639 3108 4692 queat.
3156 4639 3246 4675 me
3292 4639 3455 4690 paulo
3497 4639 3721 4673 lltlel'lUS
3771 4639 3956 4675 dicunt

2385 4695 2396 4706 '
2429 4704 2586 4745 utura
2616 4692 2706 4745 Dei
2744 4693 2822 4744 ira
2847 4709 3005 4761 super
3031 4703 3356 4760 peccatores,
3384 4691 3750 4749 ἀνυπόστατος
3770 4704 3784 4716 '
3821 4693 3956 4759 quod

2404 4775 2659 4829 sequens,
2687 4764 3038 4824 ἀνυποίστους
3061 4763 3330 4823 κολάσεις,
3367 4762 3418 4813 iu
3458 4775 3592 4829 quas
3619 4768 3841 4812 sanctus
3877 4779 3960 4815 ve-

731 4826 1041 4921 ngQmiui
1086 4826 1140 4879 in
1180 4841 1307 4921 sutis
1331 4828 1640 4921 dilectione.
1692 4830 1782 4921 ξίς
1828 4827 2025 4906 uhique
2053 4839 2298 4921 Isatietas
2333 4867 2374 4921 ο
2406 4826 2712 4921 lientetttius
2763 4833 3271 4921 timeretjincidere,
3323 4826 3639 4906 memor-iant
3700 4830 3960 4921 Excitatus

731 4897 938 4953 videris
964 4910 1120 4950 sacra
1149 4897 1311 4949 verba
1341 4897 1641 4965 loquentes,
1672 4905 1730 4949 ut
1759 4897 1811 4948 iu
1845 4897 1925 4950 eis
1946 4897 2299 4952 meditatissi-

736 4981 904 5022 mos:
941 4981 1101 5035 quam
1136 4965 1340 5019 utinam
1389 4967 1796 5035 meditationem
1841 4975 2172 5032 eructareut,
2220 4967 2302 5020 vel

733 5037 865 5103 quia
897 5035 1249 5090 meditatione
1285 5036 1558 5105 ejusmodi
1593 5035 1700 5088 ἀπὸ
1723 5034 1824 5102 τῆς
1869 5036 2178 5104 ἀσκήσεως,
2207 5051 2304 5090 ηο-

735 5119 860 5156 men
895 5104 1114 5156 habent.

735 5119 860 5159 men
895 5112 1114 5157 habent.

809 5174 921 5245 (10)
958 5172 1225 5245 Italorum
1246 5175 1578 5245 immanitate
1610 5178 1742 5245 lecto
1783 5175 1999 5242 afﬁxus.
2029 5177 2141 5235 τοῖς
2174 5189 2305 5242 σφο-

739 5241 887 5314 δροῖς
927 5241 1110 5304 πόνοις
1146 5242 1486 5314 βαλλόμενος.
1539 5243 1708 5308 Quasi
1766 5241 2039 5311 projectus
2080 5255 2132 5296 et
2185 5241 2308 5312 pro-

742 5311 992 5367 stratus:
1024 5326 1186 5381 quam
1223 5311 1335 5380 ipse
1373 5311 1688 5367 Theodorus
1729 5327 1910 5365 vocem
1964 5311 2306 5381 postmodum

711 5382 936 5450 repetit
971 5397 984 5432 :
1012 5380 1274 5449 Ἐλῦήθην
1301 5382 1405 5434 ὑπὸ
1433 5382 1689 5444 διακαοῦς
1722 5380 1976 5450 πυρετοῦί
2001 5384 2127 5450 ὅλην
2166 5384 2302 5450 ἠμέ-

739 5449 859 5520 ραίν.
896 5449 1082 5520 Totam
1109 5450 1266 5511 diem,
1299 5462 1477 5504 urente
1511 5453 1652 5520 febre
1681 5449 1902 5503 decubui
1937 5468 1953 5504 :
1986 5449 2106 5519 post
2146 5449 2305 5503 mmi-

740 5519 860 5588 t'ttm
903 5519 1270 5588 ἀνυπόστατον
1317 5521 1466 5572 illum
1513 5519 1725 5582 κλόνον,
1770 5536 1834 5572 ex
1879 5522 2074 5584 rigore,
2119 5537 2145 5571 a
2199 5536 2307 5588 quo

738 5587 909 5643 febris
943 5587 1132 5658 ittcipit
1169 5605 1182 5640 :
1220 5587 1626 5652 Quassationem
1679 5590 2062 5658 intolerabilem
2109 5605 2126 5641 :
2172 5587 2307 5658 quo-

744 5659 902 5710 modo
951 5656 1178 5727 dicitur,
1240 5659 1378 5727 μοι.
1439 5675 1602 5712 cum
1657 5676 1670 5711 :
1721 5657 1864 5727 ὕδωρ
1913 5656 2303 5711 ἀνυπόστατον.

743 5725 1284 5797 Aquaituolerabitis.
1320 5725 1420 5780 Ubi
1471 5728 1775 5797 llicronym.
1825 5725 2067 5791 Verbum,
2111 5727 2310 5794 inquit,

743 5795 1132 5859 ἀνυπόστατον,
1163 5796 1356 5851 ϐγωςίε
1388 5795 1686 5866 ambiguum
1715 5806 1810 5863 est,
1836 5807 1882 5850 et
1925 5806 2088 5863 potest
2118 5812 2304 5850 sonare

1012 5381 1024 5398 ν

2405 4900 2614 4951 suailla
2647 4900 2762 4952 dira
2789 4901 3130 4968 aegritudine,
3180 4911 3235 4952 ut
3278 4909 3406 4952 sunt
3449 4897 3620 4952 sancti
3659 4897 3860 4964 ubique
3900 4901 3958 4952 ad

2406 4969 2724 5038 modestiam
2767 4971 3052 5038 compositi
3101 4979 3152 5022 et
3206 4970 3457 5038 humiles,
3510 4970 3651 5021 clare
3708 4969 3956 5032 erplicat.

2404 5035 2630 5092 Hehraza
2653 5053 2718 5091 eo
2749 5038 2866 5092 loco
2896 5035 3032 5107 psal.
3063 5039 3260 5092 habent
3295 5037 3439 5106 quod
3476 5043 3648 5107 sonet.
3690 5048 3845 5107 aqua:
3880 5050 3958 5094 tu-

2405 5109 2604 5177 midae;
2633 5118 2690 5177 ut
2719 5103 2910 5162 sanctf
2929 5109 3007 5161 vel
3036 5117 3094 5161 ut
3133 5107 3244 5173 alii,
3280 5103 3419 5177 aqua
3461 5103 3706 5174 superba.
3755 5104 3960 5173 Optime

2405 5175 2496 5230 illo
2533 5175 2672 5228 ι,χί
2703 5193 3042 5244 expressum.

2477 5246 2588 5314 (ll)
2618 5251 2689 5299 Ac
2716 5249 2850 5299 velut
2877 5248 2996 5313 jure
3024 5253 3268 5314 perpetuo
3291 5253 3505 5297 statam.
3539 5246 3699 5298 οἱονεὶ
3751 5246 3956 5314 ἀπαρά-

2411 5314 2592 5368 6ατον.
2641 5314 2799 5368 Velut
2841 5315 3318 5382 intpraeteribilem,
3347 5315 3393 5368 si
3443 5322 3498 5367 et
3530 5316 3688 5367 nobis
3728 5326 3872 5370 esset
3906 5317 3959 5365 li-

2415 5383 2594 5437 berior
2625 5385 2786 5438 ﬁctio.
2825 5383 3105 5449 Signiﬁcat
3145 5384 3288 5436 velut
3331 5394 3586 5452 perpetua
3629 5385 3958 5437 distrlctione

2418 5453 2466 5505 id
2507 5468 2536 5504 a
2574 5469 2629 5505 se
2665 5454 3012 5521 esegisse,.et
3051 5455 3104 5505 iu
3147 5468 3296 5507 more
3335 5457 3568 5521 positum
3602 5453 3877 5514 habuisse,
3913 5458 3961 5503 ut

2414 5523 2672 5574 ἑκάστοτε
2693 5539 2705 5550 ·
2737 5523 2966 5590 quotidie
2997 5538 3059 5576 ac
3088 5537 3250 5589 quam
3291 5523 3638 5592 creberrime,
3696 5523 3962 5592 paraeneti-

2415 5606 2536 5643 cunt
2578 5606 2881 5644 sermonem
2913 5593 2978 5644 ad
3019 5593 3213 5645 fratres
3245 5591 3485 5652 haberet,
3519 5591 3704 5659 quam
3736 5595 3781 5646 is
3819 5605 3960 5659 regu-

2415 5660 2542 5722 lam,
2587 5675 2684 5713 nec
2716 5663 2766 5712 in
2812 5675 3066 5727 supremo
3105 5660 3320 5729 spiritu,
3358 5659 3600 5729 jamque,
3648 5675 3789 5729 pene
3831 5674 3963 5714 mor-

2418 5740 2564 5793 tuus,
2603 5730 3099 5799 transgrediendam
3132 5728 3466 5798 putarit,'vel
3502 5728 3678 5799 ali_euo
3699 5744 3795 5782 ore
3838 5742 3958 5799 prae:

2415 5807 2590 5863 stans,
2631 5795 2778 5867 quod
2819 5798 2931 5867 jam
2988 5816 3094 5854 non
3132 5795 3325 5869 posset
3379 5813 3497 5853 suo.
3555 5796 3650 5853 Est
3706 5795 3960 5868 ejusmodi
