4188 6534
176 473 311 536 1837

1135 470 1231 527 DE
1271 469 1496 526 OBlTU
1549 468 1609 524 S.
1661 461 2052 522 THEODORI
2105 461 2470 519 STUDIT/E.

3280 455 3414 516 1838

250 600 272 633 ι
319 578 568 646 Ἀδελφοὶ
615 578 712 630 καὶ
759 577 1000 646 Πατέρες
1031 591 1042 603 ·
1092 577 1384 644 ἠσθένησα,
1439 575 1534 628 καὶ
1593 573 1752 628 πάλιν

1931 589 1948 620 ι
1978 569 2214 631 Fratres,
2257 575 2566 636 patresque,
2600 562 2852 632 aegrotavi
2876 561 3421 631 ,iterumquevestris

169 672 363 744 εὐχαῖς
397 669 549 741 ὑμῶν
579 669 980 738 άνακέκλημαι.
1018 667 1158 720 Ἀλλ’
1187 667 1296 728 ἕως
1322 666 1455 718 πότε
1493 664 1756 735 μέλλομεν

171 761 433 833 ἔρχεσθαι
462 759 554 812 ἐπὶ
569 756 629 810 τὸ
660 755 886 820 suum;
923 754 1236 809 Ἐλεύσεται
1266 755 1330 825 δὴ
1363 752 1622 821 πάντωςή
1643 753 1758 803 ὲπιο

174 854 430 914 θάνατιος
457 849 661 921 ἡμέρα,
682 849 770 902 ὅτε
800 848 899 918 οὺχ
933 847 1044 912 ἕξει
1078 846 1260 918 χώραν
1293 845 1354 898 τὸ
1381 844 1586 909 πάλιν,
1646 859 1754 912 χω-

177 941 409 1014 ρίζουσά
443 960 508 1010 με
539 943 632 1009 ἀφ’
669 939 844 1009 ὑμῶν,
880 940 974 991 καὶ
997 935 1444 1008 παραπέμπουσα
1478 951 1545 1003 με
1567 931 1758 986 ἐκτῶν

175 1034 416 1090 ἐνθένδε.
448 1033 523 1087 Οὐ
557 1030 763 1102 μὴνδιὰ
788 1028 946 1083 τοῦτο
976 1030 1252 1096 λογιστέον
1281 1025 1546 1098 ὀρφανίαν
1567 1039 1582 1055 ’
1601 1023 1760 1093 ἀψευ-

174 1125 277 1196 δὴς
305 1124 416 1194 γὰρ
443 1126 471 1177 ὁ
493 1121 681 1176 εἰπών’
718 1124 838 1175 Οὐκ
871 1120 1087 1189 ἀφήσω
1118 1117 1272 1188 ὑμᾶς
1300 1117 1600 1186 ὀρφανούς
1619 1116 1756 1177 'xal,

189 1216 342 1272 Ἰδοὺ
375 1214 489 1284 ἐγὼ
515 1212 641 1283 μεθ’
678 1209 841 1282 ὑμῶν
868 1215 986 1280 ειμι
1023 1210 1226 1273 πάσας
1255 1210 1362 1274 τὰς
1391 1205 1758 1275 ἢμέρας,ἓως

177 1308 295 1377 τῆς
323 1305 683 1370 συντελείας
708 1302 813 1358 τοῦ
841 1302 1056 1367 αἰῶνος
1088 1318 1101 1332 ·
1136 1300 1311 1363 ἄλλως
1342 1316 1400 1352 τε
1433 1298 1529 1352 καὶ
1557 1297 1760 1366 ὀψόμε-

182 1402 254 1455 θα
298 1398 562 1466 ἀλλήλους
600 1397 658 1448 ὲν
688 1398 755 1466 τῇ
790 1394 975 1464 ἡμέρᾳ
1005 1391 1217 1461 ἐκείνῃ⁸
1277 1389 1391 1443 ἀλλ’
1447 1389 1532 1458 εἴη
1587 1388 1760 1440 εἰπεῖν

182 1491 245 1544 ἔν
269 1489 416 1560 χαρᾷ
440 1486 790 1556 ανεκλαλήτῳ
821 1484 916 1536 καὶ
945 1482 1058 1549 ζωῇ
1097 1479 1454 1549 ἀτελευτήτῳ.
1493 1479 1557 1530 Ὀ
1589 1476 1643 1529 δὲ
1664 1476 1761 1529 πέ-

185 1581 360 1634 πονθα
400 1581 458 1631 ὲν
493 1577 560 1647 τῇ
601 1575 858 1646 ἀσθενείᾳ
907 1573 1025 1626 ἴστε
1054 1590 1069 1602 ο
1117 1571 1233 1633 πῶς
1293 1569 1397 1622 ὑπὸ
1430 1570 1613 1639 ῥίγους
1667 1585 1760 1619 συ-

189 1671 424 1742 σχεθεὶς,
460 1667 830 1723 ἀνυπόστατον
885 1664 1070 1719 κλόνον
1131 1662 1371 1730 ὑπέστην
1400 1675 1414 1689 ⁸
1475 1656 1592 1713 εἶτα
1648 1659 1763 1720 πῶς

187 1764 386 1817 θᾶττον
418 1759 651 1831 ὲὸλήθην
674 1757 777 1811 ὑπὸ
810 1756 1066 1819 διακαοῦς
1088 1754 1323 1826 πυρετοῦ
1357 1753 1485 1822 ὅλην
1510 1752 1724 1822 ἡμέραν
1747 1791 1760 1804 .

199 1852 580 1924 Ἐνεθυμήθην
608 1847 700 1905 οὖν
749 1852 828 1913 είς
857 1848 1096 1917 ἐμαυτὸν
1122 1848 1365 1917 πάσχων,
1421 1847 1504 1900 ὅτι
1557 1847 1764 1914 μήποτε

1859 658 2110 727 precibus
2136 655 2408 711 convalui.
2449 652 2765 716 Enimvero,
2809 651 3052 720 quandiu
3077 650 3292 706 venturi
3329 665 3423 704 su-

1858 764 1981 803 mus
2007 749 2073 803 ad
2106 748 2236 802 illud
2262 788 2276 812 ,
2332 745 2574 800 lterum?
2621 745 2762 800 Sane
2811 745 3036 799 omnino
3085 752 3306 798 ventura
3341 749 3425 796 est

1859 838 2053 894 mortis
2083 838 2220 901 dies,
2253 835 2470 907 quando
2518 835 2594 889 illi
2623 837 2809 888 iterum
2840 849 2947 889 non
2981 834 3052 889 sit
3092 832 3312 888 futurus
3345 832 3426 887 lo-

1859 941 1956 985 cus
1994 947 2008 983 :
2045 930 2235 983 mortis
2281 929 2500 998 inquam
2533 927 2648 982 dies
2673 968 2688 994 ,
2719 941 2825 996 qua
2861 941 2892 980 a
2938 925 3092 980 vobis
3136 925 3238 980 sim
3269 939 3426 994 sepa-

1860 1020 2086 1084 randus,
2126 1028 2291 1089 atque
2342 1020 2409 1073 ab
2461 1018 2718 1072 humanis
2749 1017 3104 1087 migraturus.
3146 1015 3264 1072 Non
3307 1017 3428 1070 ideo

1861 1119 2041 1164 tamen
2081 1110 2380 1176 reputanda
2429 1107 2903 1177 orbitaszquippc
2951 1123 3119 1162 verax
3159 1116 3279 1172 est,
3334 1122 3406 1174 qu

1860 1199 1995 1253 dixit
2028 1217 2040 1254 :
2076 1199 2198 1254 Non
2231 1201 2525 1268 relinquam
2572 1214 2659 1251 vos
2709 1199 2968 1263 orplmnos
3013 1200 3052 1228 ¹¹
3087 1214 3101 1262 ;
3147 1206 3202 1252 et
3238 1218 3252 1251 :
3296 1197 3428 1250 Ecce

1859 1309 1951 1361 ego
1985 1294 2249 1347 vobiscum
2287 1310 2404 1346 sum
2437 1291 2676 1345 omnibus
2707 1290 2889 1344 diebus
2912 1306 3071 1360 usque
3093 1289 3163 1343 ad
3191 1305 3433 1343 consum-

1863 1385 2145 1439 mationem
2174 1385 2356 1440 swculi
2385 1387 2425 1416 ¹¹
2453 1403 2466 1438 :
2508 1404 2525 1436 ι
2557 1383 2823 1438 Praeterea
2857 1385 3024 1437 etiam
3053 1382 3295 1437 futurum
3327 1392 3431 1446 est,

1862 1485 1924 1531 ut
1958 1492 2059 1531 nos
2091 1476 2182 1531 illa
2224 1477 2311 1531 die
2341 1484 2531 1529 mutuo
2578 1474 2860 1528 videamus
2893 1491 2906 1526 :
2945 1474 3152 1527 utinam
3198 1488 3329 1528 vero
3378 1475 3432 1526 in

1863 1568 2060 1638 gaudio
2111 1567 2501 1632 inenarrabili,
2552 1577 2606 1621 et
2655 1567 2764 1620 vita
2815 1566 3230 1620 interminabili.
3278 1565 3433 1631 Quod

1863 1676 2028 1730 porro
2067 1661 2201 1715 mihi
2237 1659 2292 1714 in
2342 1659 2657 1714 infirmitate
2687 1658 2927 1724 accidit,
2969 1673 3075 1712 non
3123 1673 3219 1712 vos
3260 1658 3433 1712 latet:

1864 1761 1926 1806 ut
1964 1753 2141 1818 rigore
2170 1751 2603 1819 constringente,
2636 1748 3032 1804 intolerabilem
3087 1763 3283 1817 passus
3331 1749 3436 1802 sim

1866 1844 2271 1912 quassationem
2297 1856 2310 1895 :
2337 1851 2504 1911 utque
2527 1842 2872 1911 postmodum
2898 1840 2966 1893 ab
2988 1839 3181 1895 ardore
3205 1839 3435 1894 febrium

535 1904 1031 2013 Lebedon-xamen
1061 1939 1169 1993 ἀπὸ
1190 1904 1292 2008 τῖἶς
1317 1904 1426 1990 των
1468 1904 1765 2005 Ταρτάρων

1891 1904 2011 1986 liem
2044 1939 2212 1985 totam
2248 1904 2542 2000 jacuerim:
2587 1929 2680 1985 Sic
2719 1945 2820 2000 ego
2871 1929 3079 1985 habens
3131 1930 3436 2000 cogitabam

189 2036 483 2109 τιμωρίας,
514 2035 630 2088 ἔστι
669 2033 1032 2103 μεταπίπτειν
1061 2032 1141 2094 εἰς
1173 2031 1272 2102 τὴν
1296 2030 1522 2097 γέενναν
1545 2026 1638 2079 τοῦ
1664 2043 1769 2077 πυ-

1891 2022 2007 2092 ιρυὰ
2038 2022 2328 2089 meipsum,
2374 2035 2505 2073 num
2534 2019 2669 2073 etin
2705 2019 2888 2073 futuro
2913 2019 3143 2089 judicio,
3185 2036 3214 2072 a
3270 2029 3439 2074 tarta-

193 2129 289 2200 ρός
312 2147 327 2161 ·
356 2130 452 2183 καὶ
481 2128 626 2181 δυοῖν
656 2124 818 2196 τυχδν
845 2123 1147 2195 τιμωριῶν,
1171 2123 1205 2192 ἢ
1235 2122 1330 2175 καὶ
1345 2119 1600 2174 πλειόνων
1623 2116 1768 2169 ἐστὶν

1891 2115 1980 2168 'cis
2005 2111 2342 2167 cruciatibus
2359 2111 2430 2166 sit
2459 2110 2696 2165 incidere
2717 2111 2770 2166 in
2798 2112 3100 2181 gehennam
3124 2112 3267 2181 ignis
3289 2111 3438 2183 (i2):

193 2218 501 2284 ὑπεύθυνος
533 2221 563 2272 ὁ
591 2217 939 2287 ταλαίπωρος
973 2214 1278 2283 ἅνθρωπος.

1891 2219 2071 2259 iumve
2111 2203 2276 2258 miser
2306 2202 2470 2257 homo
2495 2202 2698 2272 duplici
2734 2217 2931 2273 poenae,
2957 2203 3035 2258 ait
3076 2204 3242 2259 etiam
3270 2203 3442 2273 pluri-

1872 2298 2000 2361 bus,
2028 2294 2301 2350 obnoxius
2335 2295 2430 2350 sit.

267 2390 414 2462 Πλὴν
459 2390 570 2444 εἴτε
601 2390 750 2459 μιᾶς,
803 2389 910 2442 εἴτε
942 2387 1085 2440 δυοῖν
1111 2427 1128 2452 ,
1183 2383 1578 2456 τεκμαίρεσθαι
1628 2382 1774 2435 ἐστιν

1945 2387 2238 2452 Caeterum,
2275 2386 2390 2442 sive
2431 2402 2538 2440 una
2595 2394 2813 2441 maneat
2855 2401 3038 2455 paena,
3070 2387 3184 2441 sive
3224 2385 3444 2455 duplex,

196 2486 266 2538 ἐκ
297 2483 404 2536 τῶν
451 2479 688 2534 ἐνταῦθα
715 2478 1006 2547 ἀλγεινῶν,
1039 2477 1137 2546 τὴν
1166 2477 1535 2529 ἀνυπόστατον
1558 2475 1650 2527 ἐπὶ
1663 2476 1774 2537 τοῖς

1891 2490 2024 2535 :erto
2048 2478 2342 2546 coniectari
2377 2477 2522 2541 licet,
2547 2493 2611 2532 ex
2644 2477 2928 2547 pra-sentis
2970 2477 3095 2532 vitae
3131 2477 3446 2541 doloribus,

199 2569 544 2643 ἁμαρτωλοῖς
577 2568 747 2638 ὀργὴν
771 2566 866 2622 τοῦ
896 2565 1028 2620 Θεοῦ
1060 2583 1072 2594 ·
1102 2567 1195 2620 καὶ
1227 2565 1378 2635 φόϐῳ
1424 2564 1626 2634 πολλῷ,
1683 2563 1774 2617 καὶ

1891 2570 1996 2624 lore
2027 2569 2124 2623 Dei
2171 2572 2307 2622 iram
2348 2570 2403 2622 in
2450 2578 2764 2637 peccatores
2806 2568 3203 2624 intolerabilem
3238 2587 3253 2623 :
3285 2576 3449 2637 atque

219 2662 409 2731 τρόμῳ
440 2658 760 2730 συνέχεσθαι
792 2656 1060 2722 ἐντεῦθεν,
1094 2658 1174 2718 είς
1204 2657 1262 2709 τὸ
1296 2655 1370 2726 μὴ
1401 2656 1653 2708 ἐκπεσεῖν
1700 2655 1774 2716 εἰς

1891 2659 2039 2724 adeo,
2074 2656 2246 2710 multo
2298 2656 2495 2711 timore
2543 2670 2608 2710 ao
2648 2664 2891 2711 tremore
2927 2657 3285 2711 habuerimus
3315 2672 3448 2712 con-

200 2754 304 2816 τὰς
374 2750 737 2813 ἀνυποίστους
799 2747 1051 2811 κολάσεις
1103 2747 1341 2811 ὲκείνας.
1399 2746 1704 2818 Τοιγαροῦν
1753 2746 1774 2798 έ

1891 2748 2104 2818 stringi,
2138 2757 2196 2802 ut
2224 2762 2292 2801 ne.
2321 2749 2374 2801 in
2407 2762 2597 2817 poenas
2630 2748 2750 2804 illas
2789 2749 3161 2805 intolerabiles
3193 2750 3453 2805 incideri-

206 2841 398 2914 παρὼν
426 2841 696 2912 διωγμόςο
721 2834 804 2904 οἷς
842 2841 960 2912 μὲν,
1002 2838 1104 2908 ὕλη
1154 2840 1354 2908 άρετῆς
1399 2838 1618 2908 εὑρέθη,
1684 2838 1774 2890 Ἐν

1891 2857 2031 2896 mus.
2061 2841 2308 2895 Praesens
2337 2855 2467 2911 ergo
2500 2841 2830 2910 persecutio,
2857 2841 2978 2898 aliis
3007 2843 3251 2912 quidem,
3283 2843 3456 2898 virtu-

204 2929 255 3002 ᾧ
285 2934 641 3002 ἐξέλαμψαν
667 2930 748 2997 ὠς
774 2928 1086 3000 φωστῆρες
1104 2930 1174 2982 ἐν
1196 2932 1418 2996 κόσμῳ,
1436 2930 1622 2996 λόγον
1639 2924 1774 2995 ζωῆς

1891 2934 1956 2987 lis
1985 2932 2209 2986 materia
2246 2933 2464 2985 inventa
2489 2941 2597 2995 est,
2634 2933 2755 2996 Qua
2793 2933 2928 2987 sicut
2957 2932 3247 2987 luminaria
3272 2934 3457 2989 ειπερ·

210 3023 567 3092 ἐπέχοντες,
599 3024 686 3087 είς
710 3021 992 3089 καύχημα
1025 3020 1154 3088 ἐμοὶ
1193 3020 1263 3088 (εἰ
1288 3019 1444 3087 θέμις
1469 3018 1660 3086 εἰπεῖν)
1699 3019 1774 3082 εἰς

1891 3033 2009 3077 runt
2042 3026 2096 3076 in
2127 3024 2345 3087 mundo,
2377 3040 2667 3078 sermonem
2707 3026 2828 3080 rita:
2859 3027 3104 3081 habentes
3132 3028 3201 3080 ad
3233 3027 3459 3098 gloriam

206 3116 440 3185 ἡμέραν
471 3113 728 3183 Χριστοῦ
749 3129 764 3144 ’
786 3113 838 3166 τί
872 3113 930 3165 οὐ
950 3111 1110 3165 καλὸν
1138 3111 1499 3181 ἐργασάμενοι
1525 3128 1538 3175 ;
1571 3112 1651 3172 εἰς
1674 3110 1774 3161 οἷαι

1891 3129 2060 3167 meam
2095 3113 2163 3177 (si
2193 3112 2274 3168 fas
2303 3122 2387 3167 est
2415 3113 2616 3183 dicere)
2651 3115 2701 3169 in
2721 3115 2809 3169 die
2831 3115 3033 3171 Christi
3069 3118 3134 3170 “.
3167 3116 3285 3183 Que
3316 3118 3462 3171 bono

208 3207 267 3261 δὲ
299 3205 579 3276 βελτίωσιν
607 3206 668 3258 οὐ
703 3204 1098 3275 προελθόντι-κς
1131 3204 1211 3256 ὅτι
1263 3203 1356 3255 καὶ
1395 3203 1640 3266 ἑαυτοὺς,
1698 3202 1774 3254 κα⁴

1899 3226 2006 3264 non
2048 3209 2327 3265 defuncti?
2363 3208 2483 3275 Quo
2512 3226 2618 3264 non
2651 3210 2892 3280 proiectu
2934 3227 2998 3267 ac
3027 3212 3358 3283 prolectione
3392 3208 3462 3265 ad

211 3299 449 3365 ἔσωσαν,
481 3299 576 3352 καὶ
614 3297 901 3362 σώζουσιν,
936 3295 1404 3366 έγγυμνασθέντες
1431 3298 1542 3357 τοῖς
1591 3311 1774 3360 πειρα-

1891 3301 2132 3356 meliora?
2148 3301 2280 3355 Nam
2310 3310 2365 3356 et
2388 3311 2675 3357 servarunt
2703 3304 2912 3373 seipsos
2939 3313 3282 3373 servantque,
3312 3317 3466 3357 exer-

213 3390 396 3458 σμοῖς,
452 3387 793 3459 πυρωθέντες
816 3391 937 3450 ταῖς
970 3386 1179 3456 θλίψεσι
1213 3387 1557 3457 χρυσοειδῶς,
1592 3386 1774 3448 ἄλλους

1891 3393 2037 3449 citati
2116 3393 2549 3459 tentationibus,
2590 3395 2707 3447 auri
2779 3395 2951 3448 instar
3005 3394 3462 3459 tribulationibus,

213 3492 276 3529 τε
311 3477 679 3548 προσιέμενοι,
712 3476 806 3528 καὶ
848 3475 1088 3546 σωτῆρες
1124 3475 1329 3529 πολλῶν
1357 3475 1632 3543 ὀφθέντες,
1663 3475 1774 3542 ὁμο

1891 3487 2034 3540 velut
2081 3484 2201 3555 igne
2263 3485 2476 3554 probati
2523 3485 2841 3555 purgatiquc
2883 3502 2897 3551 ;
2948 3486 3039 3556 qui
3097 3495 3152 3541 et
3201 3485 3469 3554 recipiant

216 3569 406 3637 ταγῶν
433 3585 492 3621 τε
518 3569 612 3622 καὶ
632 3569 965 3638 ἑτεροταγῶν
984 3584 998 3598 ο
1020 3567 1141 3638 μεθ’
1163 3562 1236 3620 ὧν
1259 3568 1340 3638 εἴη
1369 3585 1457 3637 μοι
1489 3584 1552 3636 με
1562 3569 1665 3637 ρἰς,
1694 3567 1774 3618 ml

1894 3577 2053 3639 alios,
2090 3585 2144 3629 et
2175 3576 2468 3629 multorum
2497 3592 2554 3630 se
2578 3585 2885 3631 servatores
2917 3575 3284 3640 exhibuerint,
3315 3574 3468 3642 ejus-

219 3662 275 3713 εἰ
299 3678 405 3714 τινι
436 3661 586 3730 φίλον
613 3662 737 3730 ἐμοὶ
761 3659 1150 3713 συντάττεσθαι
1175 3677 1188 3690 ·
1220 3655 1300 3720 οἷς
1330 3659 1406 3719 δὲ,
1440 3659 1534 3710 καὶ
1580 3656 1788 3718 τούτοις

219 3753 555 3820 ὁλιγοστοίς,
604 3751 703 3822 ὕλη
758 3751 974 3815 κακίας,
1027 3753 1093 3822 τῇ
1145 3750 1449 3821 αὐθαιρέτῳ
1508 3749 1642 3819 ζωῇ,
1697 3748 1791 3801 καὶ

221 3845 390 3899 οἱονεὶ
434 3843 787 3912 άπονοσφίσει
817 3844 918 3912 τῆς
979 3844 1257 3913 ὑποταγῆς
1319 3844 1647 3912 ὲνεργήσασι
1696 3841 1792 3903 τὰς

225 3937 438 3991 ἔαυτῶν
479 3936 758 4008 αἰσχύνας.
787 3935 951 3989 Ὅθεν
974 3935 1266 4004 Γραφικῶς
1319 3934 1572 4004 εὔκαιρον
1599 3935 1790 3986 εἰπεῖν·

240 4031 579 4085 Ἐσκότωσε
610 4029 677 4084 τὸ
708 4025 869 4093 εἶδος
899 4029 1004 4082 τοῦ
1031 4028 1354 4095 προσώπου
1383 4027 1598 4090 αὐτῶν,
1653 4027 1796 4080 ὡσεί

227 4122 483 4189 ἀσϐόληο
499 4123 633 4193 πρὸς
656 4117 748 4185 οὓς
763 4122 854 4174 καὶ
875 4121 1136 4192 βοήσομαι
1157 4138 1170 4152 ’
1199 4121 1315 4174 Υἱοὶ
1344 4121 1572 4188 ἄνομοι,
1588 4119 1798 4184 ἐγκατ-

227 4213 465 4266 ελίπετε
509 4213 615 4266 τὸν
648 4213 862 4281 Κύριον
886 4227 900 4239 ο
933 4211 1197 4280 ἡλλάξατε
1232 4210 1299 4263 τὰ
1328 4211 1530 4279 νόμιμα
1557 4209 1655 4278 τῆς
1702 4224 1800 4277 μο-

231 4304 453 4375 ναδικῆς
474 4303 808 4366 διαϐιὼσεως
835 4321 850 4337 ο
879 4303 1102 4374 τροχιὰς
1140 4301 1305 4372 ὀρθὰς
1353 4301 1454 4354 οὐκ
1493 4301 1664 4371 ἔχετε,
1687 4299 1800 4353 ἀλλ’

231 4395 309 4458 ὡς
337 4395 503 4464 χωλοὶ
537 4395 866 4466 ὲκτρέπεσθε
898 4390 999 4448 ὦδε
1030 4397 1254 4448 κακεῖσε
1284 4395 1570 4463 φερόμενοι
1603 4411 1618 4424 ·
1667 4394 1802 4447 ἀπο·

232 4485 505 4539 διίστασθε
534 4486 644 4539 τῶν
698 4487 953 4540 συνοδιῶν
1004 4486 1194 4556 ὑμῶν’
1249 4484 1658 4553 φιλογυνιάζετε
1688 4501 1704 4517 ο
1754 4485 1803 4538 οί

1894 3669 2017 3723 dem
2044 3682 2233 3723 secum
2266 3682 2332 3722 ac
2357 3667 2558 3722 diversi
2589 3667 2797 3723 ordinis
2835 3685 2849 3721 :
2889 3668 3216 3736 quibuscum
3258 3676 3467 3736 partem

1896 3760 2031 3814 mihi
2067 3759 2210 3814 Deus
2239 3760 2598 3825 concesserit,
2629 3775 2694 3815 ac
2722 3759 2769 3815 si
2807 3760 2918 3824 cui,
2952 3773 3008 3813 ut
3039 3759 3172 3813 mihi
3203 3759 3470 3827 adjunga-

1897 3859 2004 3912 tur,
2041 3849 2294 3918 placitum
2332 3850 2492 3903 fuerit
2536 3864 2552 3902 :
2593 3850 2714 3904 aliis
2772 3862 2951 3906 autem
3019 3853 3194 3924 iisque
3244 3852 3469 3922 paucis.

1900 3941 2129 3997 materia
2172 3940 2277 3996 fuit
2326 3948 2382 3994 et
2412 3940 2632 3996 occasio
2666 3942 2889 3998 sceleris
2918 3958 2982 3998 ac
3016 3944 3236 4014 probri:
3269 3945 3356 4007 iis,
3387 3945 3473 3998 in-

1902 4046 2090 4101 quam,
2121 4031 2218 4100 qui
2260 4031 2383 4084 vita:
2424 4030 2692 4096 libertate,
2740 4047 2805 4088 ac
2852 4033 2999 4089 velut
3043 4035 3290 4090 suﬂurati
3341 4037 3476 4091 obe-

1904 4122 2161 4176 dientiam
2192 4121 2326 4190 (15),
2369 4135 2466 4176 sua
2498 4121 2743 4191 ipsorum
2777 4123 3042 4180 dedecora
3077 4129 3287 4195 operati
3325 4137 3473 4182 sunt.

1906 4215 2086 4278 Quare
2128 4220 2562 4282 opportuneceu
2599 4213 2898 4284 Scriptura:
2925 4216 3104 4273 verbis
3132 4218 3428 4273 dixerimus
3459 4235 3475 4273 :

1913 4305 2260 4360 Obtenebrata
2289 4313 2364 4357 est
2395 4306 2588 4373 species
2634 4306 2808 4359 vultus
2835 4322 3015 4360 eorum
3045 4310 3182 4361 sicut
3208 4309 3375 4378 [uligo
3402 4311 3478 4363 “z

1911 4397 1977 4451 ad
2009 4411 2146 4465 quos
2177 4396 2338 4450 etiam
2373 4397 2653 4452 clamabo:
2692 4396 2822 4451 Filii
2858 4399 3086 4465 scelesti,
3122 4400 3477 4470 dereliquistis

1918 4487 2199 4540 Dominum
2232 4487 2274 4517 ”
2299 4504 2311 4539 :
2344 4487 2676 4541 immutastis
2706 4487 2944 4558 legitima
2973 4491 3097 4544 vitae
3125 4492 3477 4545 monasticae:

237 4577 360 4647 μὲν,
392 4577 766 4648 μιμονωμένοι
794 4578 1152 4648 τυγχάνοντες
1175 4593 1189 4608 ο
1223 4579 1270 4630 οἱ
1302 4578 1379 4640 δὲ,
1398 4577 1616 4640 δούλους
1646 4576 1774 4630 ὠνοῦ

1917 4580 2033 4636 Νοη
2072 4580 2280 4634 habetis
2310 4595 2530 4649 gressus
2564 4590 2742 4634 rectos
2776 4581 2838 4646 '6;
2865 4579 2956 4635 sed
2987 4583 3136 4634 velut
3165 4581 3344 4636 claudi
3379 4585 3483 4637 huc

240 4684 392 4739 μενοι
416 4685 431 4700 ο
465 4668 619 4734 ένιοι,
647 4669 954 4740 ἐμπορικὴν
996 4669 1142 4740 ζωὴν
1178 4669 1552 4738 διαμείὸοντες
1598 4668 1688 4721 διὰ
1710 4670 1807 4738 τὴν

309 4784 350 4815 ⁸⁸
385 4782 543 4838 Joan.
584 4799 698 4849 xiv,
725 4784 813 4838 18.
909 4784 952 4815 ¹²
985 4781 1176 4837 Matth.
1213 4797 1408 4848 xxvm,
1440 4783 1530 4837 (ΞΟ.

240 4868 342 4920 1n,
380 4853 469 4907 1'5.

1652 4785 1694 4816 "
1732 4785 1872 4842 Phil.
1907 4803 1969 4853 tl,
2005 4785 2090 4840 l5.

1916 4683 2078 4743 atque
2113 4673 2240 4726 illuc
2269 4671 2606 4726 deﬂectentes
2632 4672 2752 4737 iter,
2785 4671 3040 4727 lerimini.
3112 4673 3480 4743 Abjungimini

2185 4781 2457 4837 “Tliren.
2505 4800 2578 4848 tv,
2609 4783 2659 4837 8.
2767 4785 2807 4817 “
2860 4785 2963 4841 lsa.
3000 4803 3037 4850 ι,
3084 4787 3140 4842 4.
3245 4789 3288 4819 ¹⁶
3318 4786 3482 4842 Hebr.

1751 4948 1985 5004 ΝΟΤᾹΞ.

241 5037 536 5099 districtio,
589 5036 642 5088 in
695 5035 763 5089 iis
804 5035 1061 5096 maxime.
1112 5050 1233 5104 quze
1291 5045 1416 5089 sunt
1465 5037 1712 5102 canonis,
1759 5048 1814 5092 et

245 5115 433 5163 sancte
477 5106 746 5169 obtinent,
780 5105 1120 5160 continenda:
1167 5104 1408 5172 religioni
1456 5123 1681 5175 prorsus
1716 5123 1811 5162 ne-

246 5176 506 5233 cessaria.
565 5175 753 5247 Apud
791 5177 1017 5247 Paulum
1092 5176 1444 5247 ἀπαράϐατος
1503 5175 1810 5247 ἱερωσύνη,

249 5247 415 5302 Hebr.
444 5261 541 5306 vn,
571 5244 933 5297 sacerdotium
964 5252 1066 5307 est,
1115 5245 1258 5312 quod
1304 5260 1408 5297 non
1461 5244 1697 5300 transeat
1748 5244 1814 5301 ad

250 5318 438 5375 alium,
469 5329 643 5382 eoque
669 5326 1010 5384 perpetuum,
1037 5324 1197 5380 atque
1223 5314 1475 5384 uti-eddit
1505 5316 1810 5384 interpres:

248 5385 636 5452 sempiternum.
689 5384 841 5450 Apud
877 5383 1046 5450 Epict.
1087 5382 1439 5452 ἀπαράϐατος
1462 5382 1658 5451 νόμοςί
1683 5384 1811 5446 Lex,

250 5470 409 5510 auom
444 5469 592 5507 nemo
620 5455 1058 5522 lransgrediatur.

323 5523 433 5591 (l2)
465 5525 509 5576 A
547 5523 795 5576 tartareis
821 5522 1140 5574 cruciatibus
1171 5522 1237 5573 sit
1270 5521 1496 5592 inride_re
1532 5524 1582 5574 in
1624 5525 1812 5592 gehen—

251 5610 378 5651 nam
411 5594 567 5662 ignis.
594 5592 769 5645 Multis
801 5591 1092 5662 Pineda_ad
1125 5607 1240 5649 xu,
1274 5607 1397 5646 xxiv
1426 5590 1548 5654 Job,
1589 5590 1700 5659 quo
1734 5595 1814 5643 vi-

252 5665 412 5719 detur
433 5660 625 5716 auctor
653 5661 954 5729 respicere;
1001 5660 1066 5714 de
1109 5661 1226 5714 illa‘
1254 5676 1536 5729 poenarum
1580 5664 1816 5716 alterna-

254 5735 422 5788 tione.
457 5729 682 5786 Videtur
708 5731 850 5798 quod
877 5732 965 5785 hic
998 5731 1176 5785 innuit
1205 5729 1543 5796 Theodorus,
1578 5747 1697 5786 esse
1730 5747 1816 5786 res

257 5803 439 5856 minus
467 5810 644 5867 certa;
672 5803 851 5870 minus
895 5811 1039 5854 certe
1081 5801 1300 5854 coniicit
1340 5800 1427 5853 ille
1457 5801 1627 5865 lorus,
1656 5817 1813 5870 quem

255 5873 404 5927 varie
437 5882 733 5942 exponunt.
783 5869 974 5940 Magna
1017 5879 1194 5926 tamen
1247 5870 1645 5941 probabilitate,
1671 5869 1818 5926 velut

1919 5054 2155 5095 consona
2195 5037 2328 5092 satis
2370 5035 2701 5106 Scriptura.
2764 5052 2865 5091 nec
2914 5037 3119 5090 habens
3147 5036 3348 5106 aliquid
3389 5035 3486 5092 ali-

1920 5111 2090 5174 surdi,
2123 5107 2490 5176 Patribusque
2518 5107 2793 5177 nonnullis
2821 5122 2884 5159 ac
2911 5108 3176 5177 theologis
3209 5109 3329 5160 aliis
3362 5125 3487 5177 pro-

1922 5183 2066 5242 bata,
2101 5177 2309 5231 admitti
2345 5185 2518 5243 potest
2572 5190 2635 5229 ac
2667 5176 2889 5246 timeri:
2925 5176 3248 5244 Quanquam
3294 5176 3483 5246 parum

1924 5249 2109 5310 refert,
2142 5249 2464 5315 timeaturne
2491 5246 2628 5313 ipsa,
2667 5248 2744 5298 vel
2776 5245 2926 5299 solus
2952 5248 3105 5315 ignis.

1994 5318 2102 5386 (l3)
2143 5316 2294 5368 Velut
2323 5314 2573 5386 suﬂuriati
2603 5314 3175 5369 obedientiatn.0iov:l.
3197 5317 3486 5384 ἀπονοσφί-

1925 5384 2010 5440 σει
2033 5388 2129 5453 τῆς
2166 5385 2462 5452 ὑποταγῆς.
2489 5384 2769 5450 Tanquam
2794 5385 2997 5439 alludat
3026 5387 3090 5437 ad
3116 5389 3314 5439 factum
3343 5387 3488 5440 Ana-

1923 5458 2023 5510 niae
2055 5467 2105 5509 et
2138 5453 2382 5522 Saphirze
2413 5453 2528 5504 Aet.
2568 5468 2620 5510 v.
2652 5455 3063 5524 quodicunlur,
3096 5456 3484 5524 νοσφίσασθαιδ

1919 5526 2244 5580 subtraxisse
2272 5538 2333 5575 ac
2362 5523 2708 5592 defraudasse
2741 5523 2803 5575 de
2841 5526 3010 5588 pretio
3035 5525 3188 5592 agri;
3219 5526 3365 5579 velut
3405 5526 3490 5579 di-

1921 5607 2005 5650 cat
2060 5614 2071 5648 :
2122 5592 2516 5647 Substractione
2568 5591 2875 5647 obedientite
2921 5609 2938 5647 :
2989 5591 3089 5662 qua
3144 5595 3489 5662 sacrilegium

1923 5668 2160 5720 immane
2209 5671 2433 5729 peccant
2481 5662 2658 5714 devoti
2710 5663 2818 5717 Deo
2890 5665 3175 5726 homines,
3224 5664 3490 5732 siquidem

1922 5737 2072 5805 quasi
2104 5731 2663 5805 peccatumariolandi
2697 5745 2797 5805 est,
2831 5749 3146 5805 repugnare,
3173 5731 3334 5788 etc.rl
3365 5732 3489 5804 Reg.

1922 5800 2012 5867 iv,
2044 5800 2233 5871 nempe
2263 5801 2316 5853 in
2351 5800 2568 5873 debitis.
2601 5803 2781 5868 qualia
2822 5800 2950 5860 faeit
2971 5800 3078 5858 _vel
3115 5803 3293 5873 ipsum
3322 5800 3488 5873 spon-

1924 5870 2174 5938 dentem,
2194 5871 2418 5939 sponsio
2449 5870 2716 5936 religiosa.
