4188 6468
750 429 888 494 1839

1669 419 2066 480 APPENDIX.
2097 439 2164 449 -
2207 413 2618 472 NAUCRATII
2655 414 3059 475 ENCYCLICA

3859 416 3995 477 1880

747 553 776 592 a
807 531 1004 590 vestris
1035 529 1393 587 conventibus
1419 548 1430 582 :
1460 530 1590 585 estis
1627 530 1942 592 mulierosi;
1971 527 2059 580 alii
2097 524 2314 594 quidem

2426 523 2758 594 φιλάργυρον
2787 525 3033 594 γνώμην.
3063 524 3136 578 Ού
3163 525 3317 593 φοϐεῖ
3348 527 3510 595 ὑμας,
3544 526 3670 578 οὔτε
3701 525 3811 595 ἀρα
3852 545 3992 596 προσ

748 628 975 686 sulitarii
1001 627 1173 688 estis;
1206 625 1295 679 alii
1318 635 1494 679 autem
1527 624 1734 678 emistis
1771 636 1958 677 servos
1985 637 2000 684 ;
2033 618 2124 672 alii
2163 615 2310 670 deni-

747 734 876 790 que,
921 732 1031 788 pra:
1074 716 1242 771 animi
1285 715 1538 770 sordibus
1570 730 1634 770 ac
1677 712 1927 776 avaritia,
1952 718 2313 764 mercaturam

749 809 1050 866 assumitis.
1100 807 1220 860 Non
1267 821 1364 860 vos
1410 815 1633 868 terrent,
1665 805 1746 857 vel
1786 804 1918 856 dirae
1964 799 2312 872 prophetica;

749 902 831 953 vel
879 900 1187 968 apostolica:
1233 899 1422 962 minae;
1465 896 1545 951 vel
1596 910 1728 950 meae
1754 895 1924 963 ipsius
1969 890 2314 952 humilitatis,

749 993 826 1045 uti
859 993 1021 1044 etiam
1062 991 1206 1051 novi,
1247 988 1568 1051 admonitio,
1601 988 1818 1054 quando
1847 985 2011 1038 etiam
2047 980 2314 1051 ejusmodi

749 1083 983 1152 aliquis,
1014 1082 1310 1134 amicitiam
1356 1081 1531 1133 iniens
1566 1094 1687 1133 cum
1734 1077 1934 1146 puella,
1962 1084 2188 1143 excepto
2227 1089 2317 1126 ra-

748 1185 866 1242 ptu.
900 1174 1063 1226 etiam
1106 1171 1303 1224 divinae
1352 1169 1723 1236 aspernationi
1758 1168 1921 1237 pedes
1950 1166 2151 1235 aptavit
2181 1164 2315 1233 (ts).

752 1263 887 1330 Quid
911 1263 991 1316 ais
1021 1261 1208 1316 infelix
1235 1276 1299 1316 ac
1321 1262 1520 1315 miser?
1547 1261 1770 1326 Quoties
1792 1258 2021 1312 cantasti
2052 1275 2063 1310 :
2090 1255 2205 1320 Quo
2236 1256 2319 1307 ibo

749 1369 781 1405 a
814 1352 1004 1420 spiritu
1045 1360 1155 1416 tuo,
1197 1359 1372 1419 etquo
1417 1364 1449 1401 a
1498 1349 1632 1416 [acie
1676 1359 1767 1400 tua
1804 1347 2006 1416 fugiam
2038 1346 2077 1376 "
2103 1346 2126 1397 ?
2157 1343 2320 1397 Plane

753 1440 1024 1510 impulsus
1058 1453 1118 1494 es
1146 1439 1197 1492 in
1229 1451 1493 1501 amorem,
1528 1439 1842 1508 serpentino
1866 1437 1959 1490 illo
1981 1435 2184 1498 afflatu,
2211 1448 2321 1502 quo

751 1534 973 1587 seducta
1007 1529 1136 1594 Eva,
1174 1545 1277 1584 una
1319 1545 1441 1583 eum
1479 1530 1656 1598 primo
1689 1537 1913 1598 parente
1944 1528 2135 1588 Adam,
2167 1526 2320 1594 pulsa

749 1631 832 1676 est
863 1621 1137 1691 paradiso.
1179 1619 1399 1688 Cogitas
1447 1619 1671 1672 omnino
1707 1617 1986 1671 Christum
2028 1617 2317 1683 ahnegare,

751 1709 839 1764 cui
890 1723 1090 1764 vovens
1135 1710 1503 1778 virginitatem
1535 1709 1902 1777 desponsatus
1932 1721 2012 1770 es,
2046 1717 2107 1758 ut
2139 1706 2320 1758 adhae-

2416 616 2619 682 φητική
2653 631 2667 646 ο
2693 615 2816 668 οὔτε
2872 617 3200 685 ἁποστολικὴ
3235 617 3430 686 ἀπειλή
3457 632 3472 646 ·
3513 616 3637 669 οὔτε
3696 621 3799 686 τῆς
3855 619 3999 687 ἐμῆς

2415 705 2795 769 ταπεινώσεως
2825 709 2857 777 ἡ
2889 707 3204 778 παραίνεσις
3231 723 3244 738 ⁸
3274 706 3349 770 ὡς
3407 707 3720 776 μεμάθηκα,
3771 709 3854 760 ὅτι
3905 709 4000 759 καί

2415 812 2497 858 τις
2527 796 2636 848 τῶν
2670 796 2944 860 τοιούτων,
2984 799 3076 850 καὶ
3109 798 3244 870 κόρῃ
3274 799 3656 866 συμφιλιάσας,
3691 799 3827 866 πρὸς
3855 799 3998 866 αὐτῇ

2417 891 2481 956 τῇ
2513 890 2756 959 ἁρπαγῇ,
2785 890 2881 942 καὶ
2902 892 2967 959 τῇ
2995 889 3247 958 ἀθετήσει
3299 891 3390 942 τοῦ
3427 889 3582 956 Θεοῦ,
3635 891 3760 954 τοὺς
3826 891 4002 951 πόδας

2419 979 2807 1049 εὐτρέπισε.Τί
2835 982 3032 1046 λέγεις,
3057 975 3101 1033 ιῖι
3129 981 3276 1035 ἄθλιε
3303 984 3394 1034 καὶ
3423 984 3732 1051 ταλαίπωρε
3757 1001 3770 1047 ;
3818 986 4001 1036 ’ποσά⁸

2419 1090 2506 1134 κις
2540 1073 2766 1140 έψαλλες
2792 1088 2805 1101 '
2838 1072 2960 1125 Ποῦ
3011 1073 3278 1139 πορευθῶ
3315 1073 3433 1126 ἀπὸ
3489 1074 3591 1127 τοῦ
3654 1077 4002 1143 πνεύματός

2421 1179 2575 1225 σου;
2607 1164 2702 1217 καί
2759 1164 2878 1218 ἀπὸ
2913 1163 3021 1217 τοῦ
3077 1163 3400 1231 προσώπου
3449 1181 3563 1218 σου
3614 1165 3731 1219 ποῦ
3781 1169 4004 1233 ,φύγιιυ

2425 1256 2693 1318 Φιλιαζειν
2718 1255 2852 1314 ὅλως
2876 1253 3048 1323 ἠχθης
3082 1255 3220 1306 κατὰ
3250 1253 3344 1306 τοῦ
3383 1255 3555 1320 ὄφεως
3582 1257 3671 1307 τοῦ
3711 1257 4006 1325 ἠπατηκό-

2422 1363 2511 1406 τοῖ
2559 1348 2654 1415 τὴν
2687 1345 2848 1406 Εὕαν.
2881 1347 2974 1397 καὶ
3010 1346 3427 1408 συνεκϐαλόντος
3457 1349 3520 1398 ὲκ
3541 1347 3631 1399 τοῦ
3663 1348 4004 1416 παραδείσω

2436 1436 2604 1505 Ἀδὰμ
2630 1437 2719 1488 τὸν
2759 1437 3076 1505 προπάτορα
3124 1437 3292 1504 ἡμῶν.
3339 1436 3575 1506 Ἐνθυμῇ
3634 1437 3770 1501 ὅλως
3823 1441 4007 1506 ἀρνή-

2425 1526 2621 1580 σασθαι
2671 1520 2716 1594 ᾧ
2762 1526 3042 1596 ἡρμόσθης
3075 1526 3316 1596 Χριστῷ,
3373 1527 3462 1578 διὰ
3521 1527 3610 1579 τοῦ
3665 1527 4006 1597 παρθενικοῦ

2425 1618 2861 1687 ἐπαγγέλματος,
2895 1617 2988 1670 καὶ
3023 1617 3358 1687 συναφθῆναι
3389 1620 3454 1687 τῇ
3501 1617 3760 1687 ἁμαρτία,
3818 1618 3896 1670 δι’
3938 1613 4006 1687 ἧς

2429 1711 2652 1772 θάνατος
2685 1710 2763 1771 είς
2785 1708 2878 1760 τὸν
2907 1709 3106 1778 κόσμον
3142 1708 3389 1776 εἰσῆλθεν
3419 1724 3434 1772 ;
3474 1709 3574 1760 οὑκ
3631 1708 3849 1770 ἀκούεις
3905 1710 4007 1777 τῆς

754 1816 877 1855 reas
908 1810 1274 1870 peccate,qno
1292 1815 1435 1854 mors
1462 1801 1514 1852 in
1549 1799 1811 1854 mundum
1842 1798 2088 1866 ingressa
2120 1804 2204 1851 est
2233 1795 2316 1847 "?

2426 1800 2642 1871 Γραφῆς
2695 1798 2904 1868 βοώσης
2952 1801 3078 1869 περὶ
3133 1799 3240 1852 τῶν
3301 1799 3442 1851 οὕτω
3494 1800 3883 1868 πραττόντων·
3951 1801 4006 1851 Ὀ

753 1883 872 1941 Non
906 1886 1063 1941 audis
1093 1886 1418 1942 clamantem
1460 1885 1794 1955 Scripturam
1841 1886 1896 1940 in
1924 1901 2040 1949 eos,
2069 1886 2163 1955 qui
2192 1884 2320 1938 talia

753 1987 919 2050 agunt
954 1996 967 2031 :
1018 1976 1215 2032 Vermis
1245 1994 1424 2032 eorum
1463 1994 1564 2031 non
1593 1979 1866 2040 morietur,
1894 1987 1944 2030 et
1982 1977 2116 2046 ignis
2142 1992 2321 2030 eorum

755 2085 858 2123 non
890 2069 1256 2138 exstinguetur
1287 2069 1330 2098 "
1355 2069 1378 2120 't
1408 2065 1526 2122 Non
1563 2068 1720 2122 audis
1748 2067 2014 2122 dicentem
2049 2065 2278 2120 Paulum
2307 2085 2318 2120 :

759 2156 1134 2229 Fornicatores
1159 2168 1210 2212 et
1250 2160 1522 2212 adulteros
1557 2157 1824 2226 judicabit
1856 2156 1997 2210 Deus
2029 2158 2113 2209 "‘3
2140 2157 2202 2209 Et
2227 2156 2324 2210 ite-

754 2266 872 2305 rum
910 2265 924 2302 :
965 2249 1022 2304 Si
1056 2251 1171 2317 quis
1214 2250 1465 2318 templum
1506 2248 1599 2302 Dei
1639 2249 1932 2309 violaverit,
1968 2248 2230 2315 disperdat
2256 2246 2324 2298 il-

751 2341 863 2396 lum
917 2340 1058 2396 Deus
1109 2342 1192 2394 "?
1239 2340 1379 2406 Quid
1427 2357 1486 2395 es
1524 2341 1866 2402 inventurus,
1903 2354 2027 2393 cum
2063 2353 2322 2392 consum-

754 2433 1400 2501 maverisiniquitatem?
1451 2429 1640 2484 Nonne
1670 2431 1923 2484 tenebras
1978 2429 2324 2497 gladiumque

753 2524 1147 2579 dissecaturum
1191 2538 1284 2577 cor
1331 2522 1527 2575 tuum?
1569 2519 1760 2574 Nonne
1796 2521 2192 2589 desperationis
2225 2535 2323 2589 pu-

754 2614 950 2672 teumf
989 2615 1177 2671 Nonne
1206 2616 1383 2682 ipsum
1421 2611 1680 2667 Satanam
1713 2613 1805 2681 qui
1837 2611 2089 2676 seduxit,
2129 2627 2325 2680 urgen-

753 2717 860 2761 tent
907 2715 967 2761 ut
1016 2706 1200 2760 restim
1245 2703 1591 2771 amplexeris,
1633 2703 1686 2756 in
1727 2717 1891 2770 quam
1929 2701 2058 2756 olim
2108 2700 2325 2767 impulit

750 2795 991 2852 ludam?
1023 2795 1299 2865 Resipisce
1326 2795 1418 2861 qui
1455 2794 1693 2848 tenebris
1723 2793 2032 2846 obcaecatus
2060 2806 2153 2845 es:
2182 2790 2327 2859 Fuge

753 2890 945 2944 mortis
972 2889 1242 2957 laqueum,
1271 2885 1363 2955 qui
1406 2885 1555 2940 fuisti
1592 2885 2007 2954 supplantatus:
2038 2899 2104 2937 ne
2129 2882 2325 2936 inferni

752 2988 986 3059 capiaris
1031 2996 1257 3057 petauro
1287 2986 1422 3055 (l5),
1453 2987 1506 3040 in
1543 2999 1673 3055 quo,
1714 2986 1879 3040 etiam
1915 2985 2170 3055 praesenti
2208 2999 2324 3038 aevo

754 3081 910 3135 Caini
943 3079 1146 3134 vixeris
1177 3081 1375 3144 vitam;
1409 3077 1689 3147 fuerisqne
1723 3090 1960 3131 tremens
1992 3091 2055 3131 ac
2083 3091 2323 3145 gemens,

755 3181 1058 3237 omnesque
1079 3175 1236 3219 notos
1262 3165 1506 3234 fugiens:
1531 3165 1583 3218 in
1613 3165 1799 3217 futuro
1825 3173 2031 3226 autem,
2053 3141 2326 3214 damneris
2353 3141 2397 3201 Ο

757 3262 811 3314 in
859 3259 1104 3330 gehenna
1145 3258 1303 3327 ignis.
1339 3255 1479 3323 Quid
1507 3271 1669 3320 vero,
1699 3255 1864 3309 miser
1907 3268 2035 3324 ego,
2064 3253 2182 3306 loco
2217 3267 2326 3305 uno

756 3349 1008 3405 definitus
1044 3351 1097 3402 in
1123 3364 1313 3403 omnes
1343 3348 1598 3417 przrfatos
1625 3346 1828 3416 agam?
1872 3344 2035 3410 Quid,
2081 3345 2326 3412 inquam,

756 3441 940 3503 aliud,
985 3455 1152 3510 quam
1205 3449 1264 3493 ut
1303 3440 1501 3509 gemitu
1551 3439 1795 3506 lugeam,
1839 3443 2238 3502 conteslerque,
2267 3447 2330 3486 ac

761 3542 1047 3586 venturum
1085 3531 1325 3599 gladium
1365 3529 1724 3584 annuntiem?
1759 3527 1822 3580 Et
1843 3528 1886 3582 si
1913 3526 2184 3580 audierint
2211 3526 2332 3594 qui-

755 3625 904 3688 dem,
938 3623 1247 3693 fuerintque
1271 3621 1523 3675 conversi
1562 3635 1593 3673 a
1633 3621 1719 3672 via
1749 3618 1954 3672 erroris
1993 3617 2099 3681 sui,
2123 3625 2177 3669 et
2212 3631 2333 3684 qua

756 3714 824 3768 ad
859 3713 1216 3782 perditionem
1250 3712 1399 3765 ducit
1425 3749 1439 3774 ,
1473 3710 1574 3765 sibi
1626 3710 1760 3778 ipsis
1807 3723 2047 3776 meaeque
2114 3707 2334 3760 humili-

757 3806 879 3870 tati,
908 3805 1068 3858 saluti
1101 3804 1304 3858 fuerint
1333 3821 1346 3857 :
1389 3803 1470 3857 sin
1507 3811 1689 3855 autem
1717 3840 1731 3862 ,
1758 3800 1855 3853 soli
1885 3800 2137 3853 haurient
2166 3799 2330 3864 mala,

757 3895 861 3950 soli
882 3895 1032 3948 ibunt
1052 3895 1104 3947 in
1126 3897 1330 3963 ignem,
1349 3907 1510 3961 quem
1534 3890 1938 3945 succenderunt
1961 3904 1975 3952 ;
1995 3889 2100 3942 soli
2127 3904 2328 3957 poenam

759 3987 937 4048 luent;
989 3994 1244 4037 aternum
1285 3981 1555 4035 interitum
1588 3996 1620 4032 α
1651 3979 1790 4047 facie
1845 3979 1976 4043 Dei,
2017 3989 2066 4032 et
2101 3995 2132 4030 a
2162 3979 2330 4048 gloria

758 4072 968 4126 virtutis
1001 4071 1138 4139 ejus.
1170 4085 1287 4123 cum
1315 4069 1510 4122 venerit
1547 4068 1840 4137 gloriﬁcari
1879 4069 1933 4120 in
1967 4067 2164 4119 sanctis
2196 4067 2326 4126 suis,

756 4181 804 4222 ct
834 4169 1172 4223 admirabilis
1215 4170 1332 4237 ﬁeri
1371 4170 1427 4220 in
1465 4167 1701 4220 omnibus
1728 4167 1790 4228 “,
1826 4167 1918 4235 qui
1947 4179 2012 4218 ex
2045 4163 2327 4217 mandato-

759 4284 879 4322 rttm
911 4268 1084 4338 ipsius
1115 4267 1432 4336 prznscripto
1464 4265 1693 4318 ﬁdeliter
1734 4261 2133 4316 ambulaverint
2167 4273 2182 4310 :
2222 4257 2328 4311 illis

774 4361 996 4429 quidem
1048 4359 1352 4415 retribuens
1397 4356 1674 4429 condigna.
1709 4354 1951 4424 praemia;
2001 4349 2328 4405 adversariis

2424 1890 2671 1955 σκώληξ
2701 1890 2899 1944 αὐτῶν
2927 1893 2998 1944 οὐ
3033 1891 3401 1955 τελευτήσει,
3442 1891 3538 1944 καὶ
3570 1892 3634 1943 τὸ
3660 1890 3778 1958 πῦρ
3799 1889 4010 1944 αὐτῶν·

2423 1984 2494 2036 οὐ
2527 1982 2966 2047 σϐεσθήσεταις
3015 1983 3127 2034 Οὐκ
3157 1983 3367 2044 ἐπαϊεις
3387 1983 3481 2034 τοῦ
3537 1982 3865 2035 ’Δποστόλου
3917 1983 4011 2034 λέ-

2424 2091 2611 2140 γοντος
2631 2091 2645 2104 ·
2678 2076 2947 2141 Πόρνους
2967 2073 3066 2126 καὶ
3091 2074 3348 2141 μοιχοὺς
3378 2075 3571 2143 κρινεῖ
3629 2078 3660 2127 ό
3687 2075 3831 2138 Θεός
3857 2090 3875 2135 ;
3915 2077 4009 2127 καὶ

2425 2167 2577 2230 αὖθις
2605 2184 2616 2195 ·
2656 2166 2722 2219 El
2749 2184 2836 2231 τις
2871 2166 2977 2218 τὸν
3004 2167 3152 2218 ναὸν
3186 2165 3292 2219 τοῦ
3325 2167 3472 2220 Θεοῦ
3503 2170 3747 2235 φθειμῖι,
3800 2168 4013 2235 φθερεῖ

2425 2256 2638 2309 τοῦτον
2677 2259 2707 2308 ό
2736 2254 2920 2319 Θεός;
2961 2255 3024 2306 Τί
3053 2255 3304 2325 εὑρήσεις
3343 2258 3400 2309 ἒν
3430 2257 3505 2326 τῷ
3547 2258 3860 2310 συντελέσαι
3910 2260 4006 2327 τὴν

2427 2346 2692 2415 ἀνομίαν;
2729 2346 2850 2414 οὐχὶ
2883 2345 3072 2408 σκότος
3099 2350 3192 2399 καὶ
3223 2349 3500 2416 μάχαιραν
3553 2348 3862 2414 τέμνουσαν
3915 2369 4007 2403 σου

2425 2438 2523 2506 τὴν
2551 2437 2778 2506 καρδίαν
2805 2453 2818 2498 ;
2851 2438 2971 2506 οὐχὶ
3002 2437 3363 2505 ἀπογνώσεως
3396 2437 3583 2508 βόθρον
3611 2456 3625 2502 ;
3677 2439 3779 2493 οὐκ
3845 2444 4010 2494 αὑτὸν

2427 2527 2746 2594 ἡπατηκότα
2776 2543 2830 2578 σε
2860 2528 3127 2591 Σατανᾶν,
3151 2527 3248 2594 τὴν
3269 2527 3503 2595 ἀγχόνην
3524 2543 3582 2578 σε
3610 2531 4010 2598 κατεπείγοντα

2426 2616 2794 2678 ἀσπάσασθαι,
2819 2618 3065 2684 καθαπερ
3129 2616 3219 2668 τὸν
3258 2617 3454 2669 Ἰούδαν
3478 2619 3640 2685 ποτὲ;
3683 2621 4007 2693 Ἀνάνῃψοις,

2425 2709 2453 2758 ὁ
2498 2708 2911 2777 ὲσκοτισμένος’
2948 2707 3082 2775 φύγε
3105 2707 3203 2777 τὴν
3238 2708 3444 2775 παγῖδα
3500 2709 3590 2761 τοῦ
3663 2709 3924 2774 θανάτου,
3977 2719 4007 2766 ὁ

2427 2798 2806 2868 “limum:
2832 2817 2845 2830 ’
2881 2801 2952 2867 μὴ
2990 2799 3130 2864 ἁλῷς
3187 2801 3266 2861 εἰς
3319 2800 3591 2870 πέταυρον
3650 2802 3802 2872 ᾅδου,
3829 2807 3920 2871 ὑφ’
3946 2800 4008 2857 οἶ)

2431 2892 2708 2944 κάνταῦθα
2745 2890 2835 2942 τοῦ
2866 2890 3003 2942 Καῒν
3033 2891 3127 2956 τὴν
3179 2890 3326 2961 ζωὴν
3373 2891 3585 2960 ζήσεις·
3651 2895 3873 2962 τρέμων
3915 2900 4008 2946 καὶ

2432 2984 2632 3035 στένων
2674 2983 2791 3051 ἔσῃ,
2830 2983 2925 3033 καὶ
2971 2982 3300 3049 ἀποφεύγων
3342 2985 3626 3053 πρόσωπον
3681 2984 3958 3056 γνώριμον
3992 3003 4006 3015 ·

2430 3080 2486 3132 ἔν
2517 3096 2576 3132 τε
2599 3080 2674 3148 τῷ
2704 3078 2949 3147 μέλλοντι
2985 3079 3160 3142 αἰῶνι,
3198 3080 3687 3146 καταδικαζόμενος
3711 3081 3769 3130 ὲν
3788 3084 3852 3149 τῇ
3912 3099 4009 3148 γε-

2433 3173 2557 3241 έννῃ
2585 3170 2678 3222 τοῦ
2717 3169 2902 3238 πυρός.
2935 3170 2998 3221 Ti
3028 3169 3120 3222 οὖν
3173 3171 3297 3223 ἄλλο
3326 3172 3534 3238 ποιήσω
3566 3173 3592 3222 ὁ
3619 3171 3790 3233 τάλας
3812 3211 3825 3232 ,
3858 3189 4011 3241 περι-

2432 3261 2731 3330 ωρισμένος
2754 3263 2810 3312 ἐν
2842 3262 2920 3312 ἐν).
2955 3262 3273 3330 τόπιρ,πρὺς
3307 3261 3550 3322 ἅπαντας
3573 3261 3698 3322 τοὺς
3737 3278 4008 3332 προειρη-

2438 3353 2629 3422 μένους
2663 3369 2674 3415 ;
2709 3353 2772 3404 Τί
2804 3353 3064 3421 ἓτερον,ῆ
3096 3353 3152 3403 τδ
3171 3353 3372 3403 στένειν
3412 3351 3502 3401 καὶ
3532 3351 4008 3421 διαμαρτύρασθαι

2433 3444 2526 3492 καὶ
2552 3442 2650 3510 τὴν
2680 3443 2981 3511 ἐρχομένην
3017 3441 3290 3510 ῥομφαίαν
3310 3441 3658 3506 ἁναγγέλλειν
3686 3459 3700 3505 ;
3731 3443 3825 3494 καὶ
3845 3443 4009 3510 εἰμὲν

2433 3535 2738 3596 ἀκούσοιεν,
2770 3536 2863 3585 καὶ
2895 3531 3280 3601 ἐπιστρέψαιεν
3314 3531 3421 3582 ἀπὸ
3451 3531 3552 3597 τῆς
3583 3533 4008 3602 πεπλανημένης

2434 3625 2615 3675 αὐτῶν
2638 3623 2780 3686 όδοῦ,
2811 3621 3080 3689 φερούσης
3112 3620 3190 3681 εἰς
3218 3619 3437 3688 ὄλεθρον
3469 3635 3483 3649 ’
3518 3622 3727 3681 ἑαυτοῖς
3794 3623 4008 3674 ἔσονται

2437 3716 2722 3782 σωτήριον,
2755 3712 2850 3764 καὶ
2880 3714 2944 3779 τῇ
2979 3713 3082 3780 ἐμῇ
3113 3710 3475 3762 ταπεινώσεν
3510 3713 3554 3763 εί
3586 3712 3643 3763 δὲ
3701 3712 3798 3781 μὴ,
3858 3714 4006 3782 μόνοι

2433 3806 2755 3872 ἀντλήσουσι
2801 3805 2868 3855 τὰ
2897 3805 3064 3865 κακὰ,
3103 3803 3249 3871 μόνοι
3277 3803 3633 3873 πορεύσονται
3685 3808 3752 3874 τῇ
3796 3801 4005 3876 φλογὶῇ

2435 3895 2747 3960 ἐξέκαυσαν,
2791 3895 2971 3948 Moror
3005 3893 3565 3961 τιάουσιννόλεθρον
3595 3895 3835 3947 αἰώνιον
3893 3897 4006 3948 ἀπὸ

2433 3985 2754 4052 προσώπου
2795 3984 2902 4038 τοῦ
2961 3985 3128 4046 Θεοῦ,
3179 3985 3275 4037 καὶ
3337 3985 3453 4037 ἀπὸ
3495 3985 3603 4051 τῆς
3662 3985 3852 4051 δόξης
3901 3985 4006 4052 τῆς

2434 4077 2644 4142 ἰσχύος
2668 4075 2874 4138 αὑτοῦ,
2911 4075 3055 4127 ὅταν
3087 4075 3232 4142 ἔλθῃ
3279 4073 3716 4142 ἐνδοξασθῆναι
3780 4079 3847 4128 ἐν
3881 4079 4004 4140 τοῖς

2431 4166 2616 4232 ἁγίοις
2647 4165 2962 4227 αὐτοῦ,καὶ
2986 4164 3400 4234 θαυμασθῆναι
3431 4166 3498 4216 ὲν
3527 4165 3672 4218 πᾶσι
3701 4171 3814 4228 τοῖς
3871 4173 4003 4219 κατα

2430 4259 2527 4320 τὰς
2566 4257 2782 4319 ἐντολὰς
2818 4258 2982 4310 αὑτοῦ
3026 4259 3228 4321 πιστῶς
3284 4258 3622 4328 πορευθεῖσιν
3657 4277 3667 4286 ·
3705 4260 3887 4320 αὐτοῖς
3915 4261 4005 4327 μὲν

2435 4348 2720 4410 ἀποδιδοὺς
2754 4350 2824 4401 τὰ
2859 4346 2983 4411 ἀξια
3013 4349 3147 4417 γέρα
3168 4362 3182 4375 ’
3215 4350 3323 4410 τοῖς
3341 4349 3395 4400 δὲ
3428 4350 3708 4409 ἐναντίοις,
3744 4348 3838 4409 τας
3868 4353 4005 4416 ἡτοι-

767 4464 974 4512 autem,
1003 4461 1188 4522 parata
1219 4461 1422 4505 aeterna
1455 4448 1739 4517 supplicia.
1773 4445 1880 4499 Vos
1909 4452 2112 4502 autem,
2138 4440 2330 4493 fratres

2439 4442 2724 4509 μασμένας
2753 4442 2935 4501 αὐτοῖς
2963 4440 3353 4509 ἀτελευτήτους
3387 4439 3654 4501 κολάσεις.
3709 4441 3905 4508 Ὑμεῖς
3927 4441 4001 4503 δὲ,

758 4547 904 4608 mei.
953 4548 1087 4600 bene
1133 4559 1317 4615 quaeso
1369 4542 1775 4598 ambulaveritis
1801 4577 1815 4604 ,
1854 4550 1912 4593 ut
1941 4537 2254 4604 ili/famulus
2293 4536 2324 4586 ὰ

827 4726 869 4761 τ’
895 4724 1040 4782 Psal.
1061 4739 1322 4788 cxxxvnt,
1341 4724 1394 4776 7.
1436 4723 1479 4763 ι’
1511 4723 1552 4777 ιι
1577 4721 1704 4777 Cor.
1742 4736 1800 4786 II,
1828 4720 1881 4773 2.

2437 4527 2653 4594 ἀδελφοί
2679 4544 2802 4595 μου,
2836 4526 2896 4578 εὖ
2935 4527 3275 4596 πορεύοισθε,
3309 4528 3628 4598 παρακαλῶ,
3683 4529 3758 4593 ὡς
3798 4532 3863 4582 ᾰν
3912 4530 4004 4599 ἀφ’

1962 4720 2003 4749 ¹⁹
2035 4719 2135 4773 lsa.
2162 4734 2303 4772 vat.

2459 4719 2504 4749 "
2527 4714 2688 4770 llebr.
2716 4728 2838 4775 xtn,
2862 4712 2919 4766 ’4.
2996 4714 3036 4743 “
3067 4711 3225 4766 lCor.
3250 4729 3330 4774 ιιι,
3356 4715 3440 4766 17.
3515 4716 3559 4746 ¹¹
3590 4713 3630 4767 ll
3659 4715 3804 4770 Thes
3841 4732 3879 4777 ι.
3920 4716 3999 4770 10.

2258 4854 2492 4911 NOTE.

826 4976 958 5044 (Ib).
1007 4973 1238 5044 Excepto
1290 4984 1444 5043 raptu
1477 5011 1491 5035 ,
1538 4977 1698 5028 etiam
1751 4975 1942 5027 divina:
1989 4973 2331 5044 amrmationi

758 5038 927 5116 pedes
949 5038 1172 5117 aptavit.
1201 5046 1337 5117 προς
1355 5038 1498 5115 αὐτῇ
1515 5048 1580 5114 τῇ
1607 5046 1852 5117 ἁρπαγῇ,
1879 5038 2058 5117 καιτῆ
2075 5038 2329 5111 ἀθετήσει

755 5113 848 5168 τοῦ
871 5113 1018 5185 θεοῦ
1043 5117 1170 5185 τους
1211 5113 1378 5177 πόδας
1401 5113 1708 5185 εὐτρέπισε.
1729 5113 1956 5185 Videtur
1976 5113 2202 5164 innuere
2236 5127 2330 5164 ne-

756 5184 948 5238 fandas
994 5184 1234 5250 nuptias.
1279 5201 1416 5252 quas
1472 5183 1618 5238 velut
1668 5185 1721 5236 in
1765 5183 1859 5236 Dei
1909 5189 2328 5252 contemptum,

754 5264 940 5322 aposta
969 5268 1128 5323 quem
1162 5250 1334 5316 notat,
1378 5255 1754 5308 contraxerit:
1795 5251 1982 5322 quales
2015 5250 2139 5323 fere
2194 5265 2327 5323 eon-

754 5320 1040 5392 traxerunt
1083 5334 1344 5392 apostatze
1405 5325 1604 5386 nostri,
1657 5320 1962 5377 novo‘orto
2015 5320 2330 5388 Evangelio,

754 5391 993 5462 Luthero
1023 5391 1351 5460 praedicante
1400 5411 1413 5445 :
1451 5395 1594 5462 quod
1648 5401 1976 5455 monstrum,
2022 5404 2332 5462 quanquam

753 5461 843 5514 alii
874 5476 1193 5516 assuescere
1221 5471 1407 5517 coacta
1438 5460 1612 5516 Gallia
1647 5473 1858 5524 nostra,
1906 5460 2048 5512 haud
2104 5463 2173 5512 ita
2222 5461 2328 5526 pri-

753 5530 900 5593 dem,
932 5533 1194 5585 severiori
1227 5534 1517 5586 sanctione
1545 5534 1596 5584 in
1637 5547 1757 5584 eam
1791 5547 1901 5584 rem
1940 5531 2106 5589 edita,
2150 5529 2329 5595 depel-

754 5598 864 5670 l_cre
892 5611 1087 5654 conata
1128 5611 1231 5670 est.
1259 5600 1440 5654 Potest
1467 5603 1581 5670 ipse
1610 5598 2155 5670 Theodorus‘consuli
2189 5596 2327 5670 apud

755 5667 1072 5733 Baroniutn,
1107 5669 1193 5722 ubi
1222 5665 1570 5724 nonnulla-de
1599 5670 1750 5724 falsis
1791 5670 1897 5722 illis
1932 5667 2210 5721 fratribus.
2235 5665 2328 5717 Est

757 5738 901 5806 apud
931 5739 1318 5807 Theophanem
1346 5742 1412 5794 de
1448 5741 1755 5803 monachis,
1785 5754 1923 5808 quos
1956 5737 2196 5790 nonnulli
2227 5736 2331 5808 int-

759 5805 1038 5876 peratores
1068 5805 1412 5864 iconoclastz:
1441 5811 1707 5877 cogebant
1749 5805 2024 5863 coronari.
2069 5821 2108 5859 ι.
2155 5805 2329 5860 sacri-

2440 4967 2724 5088 ιεεαίιιίιρ
2747 4965 3026 5088 lconiugia,
3060 4974 3120 5020 ut
3148 4965 3310 5021 docto
3343 4971 3633 5038 συμμυστῇ
3679 4969 3802 5037 ejus
3843 4970 3998 5023 inter-

2443 5051 2578 5088 DI'CII
2623 5054 2692 5088 ιιι
2713 5052 2741 5088 e
2771 5051 2856 5088 ur.

2481 5047 2578 5092 relt
2623 5047 2856 5089 videtur.

2443 5055 2578 5108 preti
2623 5055 2856 5089 \ltlellll‘.

2511 5109 2646 5177 (l5).
2677 5103 2759 5158 Ne
2784 5105 2975 5177 inferni
3007 5103 3238 5177 capiaris
3262 5114 3499 5177 petauro.
3537 5103 3696 5158 Plura
3735 5105 3991 5176 Stephan.

2440 5173 2629 5231 de'illa
2662 5191 2796 5230 voce
2828 5175 2880 5228 in
2921 5173 3236 5243 appendice.
3276 5173 3374 5227 Hic
3407 5175 3618 5227 videtur
3641 5173 4000 5230 auc-tor'acci-

2443 5264 2567 5316 pere
2614 5260 2718 5316 pro
2753 5245 2844 5316 tali
2889 5259 3082 5311 genere
3121 5243 3319 5316 laquei,
3368 5259 3478 5316 qqu
3517 5259 3614 5297 ceu
3658 5260 3872 5316 carcere
3912 5262 3996 5300 ca-

2444 5313 2834 5384 ptnm'animal
2882 5321 3128 5384 teneatur
3179 5313 3324 5384 :sie‘
3365 5314 3508 5384 enim
3548 5315 3779 5382 quadrat
3808 5317 3998 5383 optime

2442 5383 2750 5453 exemplum
2775 5383 2952 5454 Caini,
2976 5384 3043 5454 ab
3090 5383 3343 5436 omnibus
3376 5383 3619 5454 timentis
3654 5393 3708 5436 et
3743 5388 3884 5454 vagi.
3920 5385 3995 5435 Vel

2439 5447 2716 5514 etiam'zb,
2743 5453 2830 5519 ὑφ’
2856 5447 2938 5506 οὗ.
2987 5453 3194 5512 Fuerit,
3244 5455 3392 5505 velut
3433 5467 3543 5521 quo
3589 5447 3899 5516 detinente,
3938 5470 3996 5506 eo

2440 5524 2604 5578 modo
2637 5537 2745 5590 quo
2767 5523 2904 5584 avis.
2939 5523 3074 5589 pede
3097 5532 3191 5574 aut
3214 5522 3297 5574 ala
3328 5523 3604 5575 detinetur
3644 5522 3874 5590 laqueo,
3923 5522 3994 5574 fu-

2441 5595 2683 5661 gitatque
2718 5606 2781 5644 ac
2823 5601 2979 5658 pavet
3019 5591 3218 5644 omnia.
3261 5590 3832 5661 Eam_amplitudinetn
3875 5594 3995 5647 satis

2439 5659 2610 5716 refert
2642 5663 2911 5721 nostrum,
2948 5662 3000 5712 in
3044 5676 3166 5728 quo,
3216 5669 3322 5713 etc.
3369 5659 3548 5713 Utitur
3578 5675 3640 5714 ea
3673 5677 3805 5715 voce
3835 5661 3991 5714 Andr.

2437 5732 2584 5788 Cret.
2619 5730 2984 5801 Encomiqel;
3020 5731 3421 5801 Thaumacum
3453 5729 3546 5782 τοῦ
3577 5732 3731 5796 ἁγίου
3775 5732 3992 5801 [1906,915-

2440 5819 2566 5868 μου,
2597 5801 2825 5856 necdum
2851 5799 3034 5855 ercc
3051 5799 3214 5854 edito.
3233 5799 3370 5870 γυνὴ
3387 5800 3695 5871 ἀφρων“οὺκ
3713 5799 3993 5854 ἐπίσταται
