4188 6468
271 406 413 471 1841

1226 405 1321 463 DE
1362 405 1583 463 OBITU
1625 406 1685 464 S.
1734 404 2122 466 THEODORI
2158 407 2500 468 ΞΤΗΒΙΤιΕ

3361 409 3495 473 1842

265 512 444 582 ὑμῶν
470 512 871 581 ἑξηχούμενος
905 514 936 565 ὁ
965 511 1146 580 ,λόγος
1170 506 1281 577 τῆς
1322 509 1556 578 ἀρετῆς,
1600 512 1691 565 καὶ
1745 511 1836 565 ἐπὶ
1864 519 1911 575 Α

1864 519 1911 575 Α
1937 514 2078 569 vobis
2125 516 2337 569 virtutis
2385 531 2553 569 sermo
2585 514 2632 548 ”
2654 556 2668 581 ,
2708 516 2790 571 vel
2828 516 2968 586 apud
3000 517 3145 587 ipsos
3181 518 3493 581 sceleratos.

265 604 403 664 τοὺς
432 601 786 665 ἁτασθάλους,
814 600 1216 670 ἁγάγοιαύτοὺς
1241 602 1326 666 είς
1340 600 1665 669 ἐπίγνωσιν
1691 601 1834 669 άλη-

269 695 440 759 θείας
463 709 477 723 ο
525 689 719 745 πάντα
751 692 1173 759 ὑπομένοντες.
1213 691 1298 745 ἴνα
1337 691 1538 754 πάντες
1572 692 1631 744 ὲν
1671 692 1833 745 πᾶσιν

271 783 739 855 εὐαρεστήσαντες
773 781 851 851 τῷ
896 782 1103 853 Κυρίῳ,
1140 781 1405 851 φύγοιμεν
1428 781 1700 846 κολάσεως
1734 799 1835 836 κα-

268 879 522 946 ταδίκην,
550 876 645 929 καὶ
672 875 927 946 τύχοιμεν
962 875 1239 945 βασιλείας
1263 875 1529 945 οὐρανῶν,
1580 876 1638 927 ἐν
1689 874 1834 944 αὖτῷ

273 968 497 1038 Χριστῷ
519 966 599 1037 τῷ
627 966 815 1037 Κυρίῳ
845 967 1020 1036 ημῶν,
1057 960 1101 1034 ᾧ
1134 967 1168 1036 ἡ
1199 966 1326 1032 δόξα
1353 968 1444 1019 καὶ
1496 965 1558 1019 τὸ
1613 966 1832 1037 κράτος,

273 1058 376 1112 σὺν
403 1056 480 1127 τῷ
530 1056 707 1127 Πατρὶ
735 1057 830 1109 καὶ
855 1055 932 1126 τῷ
981 1057 1120 1126 ἀγίῳ
1154 1055 1450 1126 Πνεύματι,
1480 1055 1574 1110 νῦν
1608 1056 1703 1110 καὶ
1724 1057 1831 1124 ἀεὶ,

274 1148 372 1202 καὶ
400 1150 478 1211 εἰς
505 1148 630 1210 τοὺς
659 1146 861 1210 αἰῶνας
901 1146 1009 1199 τῶν
1035 1144 1264 1199 αἰώνων.
1312 1145 1509 1216 Ἀμήν.

344 1238 496 1293 Μετὰ
525 1238 581 1291 δὲ
607 1239 705 1307 τὴν
727 1236 1083 1307 τετράριθμον
1110 1236 1217 1289 τῶν
1240 1236 1460 1307 ἡμερῶν
1484 1239 1548 1308 τῇ
1581 1236 1704 1307 ἑξῆς
1727 1252 1739 1265 ’
1766 1232 1834 1308 ἦν

273 1328 383 1398 γὰρ
411 1328 778 1397 ἀναπάσιμος
810 1325 947 1396 αὕτη
974 1340 991 1357 σ
1018 1326 1102 1393 ἐφ’
1204 1326 1343 1380 κατά
1375 1325 1436 1378 τὸ
1465 1326 1654 1390 είωθὸς
1697 1343 1832 1397 προ-

272 1415 561 1478 καθεσθεὶς
593 1416 622 1467 ὁ
653 1413 983 1484 μακαρίτης,
1014 1412 1110 1466 καὶ
1144 1411 1581 1483 ἀναγνωσθείσης
1614 1413 1713 1481 τῆς
1740 1404 1834 1465 αὐ-

271 1505 375 1574 τῆς
413 1507 762 1574 κατηχήσεως
827 1502 879 1555 τί
900 1503 1143 1570 γίνεται;
1177 1501 1441 1571 ῥώννυται
1466 1505 1532 1573 τῇ
1559 1502 1832 1573 προθυμία

272 1597 398 1650 ἐπεὶ
426 1596 539 1658 καὶ,
569 1594 643 1657 ὦς
660 1610 792 1663 φησι
812 1636 826 1659 ,
871 1593 1029 1655 πόνος
1060 1592 1247 1661 ὑγείαν
1270 1593 1572 1662 χαρίζεται,
1606 1593 1697 1645 καὶ
1711 1609 1832 1664 προ-

273 1679 445 1750 θυμία
490 1680 713 1749 νεκροὺς
758 1680 1053 1750 ἀνίστησιν.
1094 1680 1241 1732 Ἐπεὶ
1265 1680 1321 1733 δὲ
1364 1679 1468 1733 ἔδει
1499 1681 1590 1733 καὶ
1630 1697 1830 1749 μυστα-

270 1769 480 1837 γωγίαν
518 1769 790 1837 γενέσθαι,
823 1770 888 1839 ἢν
938 1771 1192 1823 ἑκάστοτε
1246 1770 1332 1823 διὰ
1367 1770 1566 1839 πολλῆς
1626 1773 1654 1823 ὁ
1680 1788 1830 1841 τρισ-

1936 616 2029 657 eos
2053 602 2223 657 ducat
2251 602 2318 656 ad
2343 605 2645 672 ignitionem
2668 621 2683 653 i
2705 606 2907 658 critatis
2931 607 2997 659 ".
3047 604 3361 674 Sit/ferentes
3382 625 3496 662 om-

1935 692 2023 744 nia
2056 691 2188 761 (16);
2221 692 2405 746 omnia
2435 693 2751 759 credentes;
2776 696 2957 748 omnia
2981 696 3314 753 sustinentes
3345 698 3410 765 “,
3437 711 3496 755 ut

1935 795 2122 836 omnes
2154 782 2208 835 in
2247 783 2502 837 omnibus
2539 783 2814 852 placentes
2856 784 3112 852 Domino,
3142 787 3403 857 gehennae
3429 803 3495 844 ac

1934 870 2181 940 supplicii
2209 871 2614 927 damnationem
2642 871 2982 943 etl‘ugiamus,
3010 889 3073 930 ac
3097 890 3494 945 consequamur

1933 963 2195 1015 ctelorum
2229 975 2478 1029 regnum,
2498 961 2551 1015 in
2574 962 2764 1018 eodem
2790 962 3007 1019 Christo
3034 963 3261 1020 Domino
3285 978 3490 1031 nostro,

1933 1052 2017 1106 cui
2049 1051 2220 1122 gloria
2247 1062 2301 1106 et
2329 1053 2641 1123 imperium,
2676 1069 2799 1109 cum
2826 1054 2983 1111 Patre
3012 1063 3066 1110 et
3100 1064 3288 1111 sancto
3319 1055 3491 1127 Spiri-

1935 1149 2013 1207 tu,
2034 1156 2179 1196 nunc
2202 1151 2256 1196 et
2273 1155 2509 1212 semper,
2528 1153 2580 1198 et
2601 1144 2654 1198 in
2679 1146 2873 1200 saecula
2901 1147 3242 1203 saeculorum.
3262 1150 3485 1205 Amen.»

2009 1230 2179 1286 Porro
2218 1240 2407 1286 exacta
2455 1243 2647 1301 quarta
2703 1237 2827 1301 die;
2878 1236 3167 1305 postridie,
3225 1254 3345 1307 qua:
3397 1239 3493 1294 fuit

1934 1320 2211 1377 Dominica
2258 1337 2323 1378 ac
2361 1338 2514 1379 sacra
2543 1324 2977 1383 Resurrectionis
3005 1329 3140 1394 dies,
3176 1344 3298 1384 cum
3342 1333 3492 1396 prius

1932 1423 2031 1477 pro
2068 1424 2216 1466 more
2262 1413 2346 1465 vir
2384 1412 2576 1469 beatus
2614 1414 2845 1470 sedisset
2885 1416 3183 1489 fuissetque
3209 1420 3347 1475 lecta
3377 1422 3491 1475 haec

1932 1499 2047 1570 ipsa
2079 1501 2378 1557 catechesis
2412 1542 2428 1569 ,
2464 1503 2592 1573 quid
2627 1506 2820 1560 accidit
2854 1506 3206 1563 ?Animatior
3236 1510 3294 1564 ﬁt
3323 1511 3491 1565 animi

1932 1592 2210 1646 alacritate
2244 1611 2256 1646 :
2293 1608 2415 1647 nam
2465 1603 2518 1648 et
2545 1594 2715 1661 labor,
2748 1597 2923 1661 aiunt,
2955 1598 3238 1654 sanitatem
3270 1601 3486 1670 priebet,

1932 1682 2211 1752 animique
2245 1683 2499 1739 alacritas
2527 1698 2590 1739 ac
2621 1685 2919 1756 impensius
2952 1687 3213 1752 studium,
3244 1698 3490 1746 mortuos

1933 1774 2175 1831 suscitat.
2219 1767 2355 1838 Quia
2400 1788 2526 1828 vero
2555 1789 2666 1829 rem
2719 1790 2929 1843 sacram
2965 1778 3145 1848 peragi
3183 1768 3486 1848 oportebat,

273 1860 462 1929 μάκαρ
491 1861 697 1921 ἐκεῖνος
736 1856 877 1929 εἶχεν
922 1858 1235 1929 ἐπιθυμίας,
1258 1860 1481 1911 εἴσεισιν
1510 1862 1588 1923 είς
1612 1860 1671 1913 τὸ
1690 1860 1829 1929 ἱερὸν
1857 1861 1904 1920 Β

1857 1861 1904 1920 Β
1932 1855 2088 1931 c'ujus
2123 1862 2206 1916 vir
2236 1871 2316 1917 ter
2348 1863 2559 1930 beatus,
2584 1865 2756 1920 multo
2780 1867 3020 1937 quotidie
3043 1867 3316 1924 desiderio
3342 1879 3488 1927 tene-

270 1948 529 2019 καθαρῶς
560 1948 867 2021 λατρεύσων
894 1948 968 2017 τῷ
998 1949 1207 2017 Κυρίῳ,
1240 1950 1331 2001 καὶ
1363 1950 1462 2019 τὴν
1496 1949 1828 2020 ἀναίμακτον

270 2038 596 2109 προσφέρων
622 2038 828 2091 θυσίαν.

344 2126 453 2179 Καὶ
482 2127 681 2195 ταύτην
708 2124 1104 2194 πεπληρωκὼς,
1141 2125 1233 2179 καὶ
1258 2125 1514 2194 μεταδοὺς
1542 2128 1651 2189 τοῖς
1684 2141 1823 2195 παρ-

269 2216 412 2281 οῦσι,
446 2217 539 2269 καὶ
596 2217 772 2269 πάντα
804 2214 1159 2278 ἐκτετελεκὼς
1192 2214 1590 2285 ἁρμοδιώτατα,
1619 2216 1826 2269 ἐκεῖθεν

269 2308 366 2360 ἐπὶ
392 2307 491 2377 τὴν
518 2305 796 2377 τράπεζαν
828 2304 1223 2373 ἀνακέκληταιο
1259 2305 1343 2374 ἐφ’
1382 2301 1416 2378 ᾖ
1452 2307 1541 2359 καί
1572 2305 1827 2371 δεξιωσά-

274 2399 437 2467 μενός
474 2413 623 2459 τινας
659 2396 765 2449 τῶν
799 2395 1250 2465 παραγενομένων
1286 2397 1544 2467 Πατέρων
1578 2398 1671 2449 καὶ
1695 2400 1825 2467 ὁμο-

268 2484 535 2555 λογητῶν,
566 2486 661 2537 καὶ⁵
692 2474 1027 2553 φιλοφρόνως
1060 2481 1293 2548 ξενίσας,
1321 2484 1386 2537 τὰ
1416 2483 1514 2553 τῆς
1558 2485 1825 2554 μεταστά-

272 2591 409 2637 σεως
437 2574 523 2628 διὰ
554 2573 792 2638 πάντων,
824 2572 917 2625 καὶ
949 2572 1477 2643 προσφθεγγόμενος,
1507 2574 1597 2626 καὶ
1627 2574 1825 2643 ὁμιλῶν

269 2663 501 2725 τούτοις,
542 2662 953 2731 παρεπέμπετο.
981 2659 1086 2711 Καί
1112 2676 1173 2726 γε
1193 2658 1352 2711 τοῦτο
1381 2659 1501 2728 οὐχ).
1529 2666 1825 2729 τηνικαῦτα

274 2753 457 2824 μόνον,
496 2751 570 2815 ὥς
616 2753 759 2813 ὲστε,
794 2749 907 2804 ἀλλ’
949 2749 1068 2812 ὅλος
1116 2750 1144 2801 ὁ
1185 2747 1371 2818 χρόνος
1404 2750 1502 2818 τῆς
1552 2750 1825 2821 μακαρίας

270 2841 365 2896 τοῦ
392 2841 634 2910 ἀοιδίμου
662 2839 825 2907 ζωῆς,
857 2838 1006 2891 οὐδὲν
1034 2838 1193 2891 πλέον
1231 2834 1319 2909 ἦν,
1364 2836 1397 2908 ἢ
1427 2838 1623 2908 μελέτη
1659 2838 1821 2893 θανά-

273 2950 367 2986 του
390 2973 404 2998 ,
426 2932 521 2985 καὶ
558 2929 822 3001 ἐπιθυμία
855 2928 960 2982 τοῦ
979 2928 1300 2994 ἀναλῦσαι,
1326 2929 1421 2982 καὶ
1449 2928 1570 2983 σὺν
1596 2930 1824 2998 Χριστῷ

272 3019 445 3075 εἶναι.
493 3019 581 3084 Ἐξ
621 3016 686 3090 ἧς
722 3020 961 3090 μνήμης,
1004 3020 1195 3081 ὁπόσος
1226 3017 1392 3087 αὐτῷ,
1436 3021 1526 3071 καὶ
1568 3019 1753 3089 ἡλίκος
1796 3022 1825 3072 ὁ

272 3111 614 3179 καθεκάστην
665 3110 840 3176 ἀγών;
891 3110 982 3161 καὶ
1015 3110 1081 3161 τὰ
1130 3109 1215 3161 διὰ
1255 3099 1486 3178 σπουδῆς
1536 3110 1823 3179 κατορθού-

1929 1954 2089 2007 batur
2117 1954 2249 2023 (l7),
2281 1955 2586 2025 ingreditur
2618 1957 3107 2026 templum.munde
3136 1960 3360 2017 Domino
3382 1963 3487 2018 mi-

1927 2042 2276 2107 nistraturus,
2308 2057 2373 2098 ac
2398 2043 2683 2099 oblaturus
2714 2046 3049 2100 incruentam
3083 2049 3335 2103 hostiam.

1979 2127 2170 2194 Porro,
2190 2138 2407 2198 peracta
2432 2146 2488 2185 re
2505 2146 2678 2193 sacra,
2696 2132 3107 2201 inipertitusque
3132 2134 3215 2198 iis,
3234 2134 3328 2204 qui
3345 2134 3491 2190 ades-

1927 2226 2071 2279 sent,
2107 2214 2321 2270 vivifica
2353 2227 2714 2281 sacramenta,
2745 2232 2809 2271 ac
2836 2218 3091 2271 omnibus
3114 2218 3490 2289 congruentis-

1927 2306 2063 2361 sime
2097 2307 2507 2373 consummatis;
2544 2307 2693 2363 illinc
2724 2309 2788 2367 ad
2818 2323 3057 2365 mensam
3092 2316 3484 2365 reversusest:

1927 2395 2017 2450 ubi
2052 2396 2216 2451 etiam
2249 2399 2560 2463 nonnullos,
2584 2400 2674 2469 qui
2700 2400 2970 2465 adessent,
2991 2400 3174 2456 Patres
3202 2410 3254 2455 et
3275 2399 3488 2455 confes-

1927 2496 2102 2547 sores,
2135 2483 2498 2553 amplexatus,
2536 2501 2598 2541 ac
2636 2495 2885 2541 amanter
2925 2485 3223 2556 excipiens,
3264 2487 3352 2541 vix
3384 2486 3486 2542 nisi

1925 2572 1994 2625 de
2031 2582 2202 2626 morte
2247 2584 2499 2629 conserto
2541 2589 2791 2629 sermone
2833 2590 2897 2629 ac
2944 2576 3238 2646 colloquio,
3281 2576 3487 2632 dimisit

1923 2674 2037 2715 eos.
2071 2660 2179 2716 Nec
2221 2676 2371 2729 sane,
2406 2665 2475 2717 ita
2518 2670 2647 2717 tunc
2677 2663 2875 2729 solum,
2905 2673 2966 2717 ut
3004 2665 3190 2730 scitis;
3225 2666 3317 2720 sed
3349 2674 3488 2721 tem-

1926 2762 2027 2815 pus
2058 2757 2231 2802 totum
2268 2750 2438 2804 beatae
2475 2751 2572 2804 viri
2600 2751 2783 2821 inclyti
2819 2752 2941 2807 vita:
2965 2790 2980 2816 ,
3023 2753 3159 2807 nihil
3192 2754 3360 2824 magis
3390 2754 3489 2810 ha-

1925 2837 2062 2903 buit,
2090 2854 2251 2909 quam
2275 2841 2465 2896 mortis
2490 2842 2915 2903 meditationem,
2941 2851 2994 2897 et
3020 2843 3335 2902 desiderium
3375 2845 3487 2899 dis-

1924 2929 2052 2983 solvi
2099 2938 2147 2982 et
2185 2945 2293 2982 esse
2335 2945 2452 2981 cum
2497 2929 2789 2985 Christo".
2815 2930 2891 2985 Ex
2924 2947 2986 2987 ea
3025 2935 3306 2999 memoria,
3330 2934 3487 3001 quale

1926 3020 2027 3088 ipsi
2060 3034 2123 3073 ac
2148 3029 2411 3089 quantum
2440 3022 2683 3089 quotidie
2714 3033 2987 3077 certamen
3025 3022 3159 3078 fuit?
3190 3023 3327 3090 Quid
3354 3040 3485 3081 vero

1925 3123 2086 3177 opus,
2118 3109 2325 3164 referre
2347 3125 2412 3165 eo
2442 3112 2623 3166 studio
2667 3121 2817 3181 gesta
2844 3114 3056 3183 egregia
3092 3124 3204 3170 tum
3232 3116 3482 3186 privatim

276 3212 414 3266 μενα
463 3177 580 3246 ῑδιά-
613 3211 672 3246 τε
720 3194 815 3247 καὶ
842 3196 1014 3264 κοινῇ,
1060 3195 1110 3246 τί
1146 3195 1227 3247 δεῖ
1272 3196 1366 3248 καὶ⁵
1400 3177 1597 3263 λέγειν,
1646 3177 1825 3250 αὐτῶν
1854 3177 1896 3237 C

1854 3177 1896 3237 (ἶ
1931 3208 2043 3253 tum
2076 3201 2312 3267 publice,
2350 3216 2470 3256 cum
2499 3203 2584 3255 vix
2620 3177 2734 3271 ipsa
2766 3177 3179 3259 non'cla'meut?
3211 3177 3364 3267 lianc
3386 3222 3483 3260 au-

272 3286 479 3342 τούτων
538 3285 859 3355 μονονουχὶ,
917 3284 1009 3336 καὶ
1059 3284 1204 3356 ἔργῳ
1261 3286 1538 3355 βοώντων;
1589 3288 1723 3340 Νυνὶ
1771 3289 1825 3340 δὲ

273 3377 456 3447 πολλῷ
516 3374 706 3428 πλέον’
763 3374 837 3437 ὼς
890 3374 1083 3443 μικροῦ
1136 3376 1375 3440 ἐνιαυτὸς
1425 3377 1823 3448 παρῡιπευσεν,

274 3470 513 3538 ὁπηνίκα
542 3467 763 3529 τελείως
796 3465 929 3536 πρὸς
951 3465 1047 3534 τὴν
1078 3465 1254 3533 ἔξοδον
1292 3470 1698 3540 παρεσκεύαστο
1718 3486 1732 3501 ·
1755 3472 1828 3533 ώς

276 3559 554 3620 πολλάκις,
591 3558 684 3611 καὶ
724 3557 811 3609 ἐπὶ
840 3554 1015 3624 συχνῷ
1062 3558 1444 3628 παρεδρεύοντί
1482 3577 1569 3629 μοι
1598 3559 1763 3629 αὐτῷ,
1800 3561 1828 3611 ὁ

275 3650 454 3701 πάντα
503 3648 753 3718 βουλήσει
808 3644 940 3698 Θεοῦ
991 3645 1086 3699 καὶ
1132 3648 1273 3717 δρῶν
1318 3652 1409 3701 καὶ
1448 3650 1638 3717 λέγων,
1682 3650 1829 3719 ὅμως

274 3738 706 3808 Χριστομιμήτῳ
736 3734 1058 3791 ταπεινώσει
1105 3738 1204 3790 οὐκ
1239 3739 1465 3808 ἀπηξίου
1518 3740 1827 3810 προσφθέγ-

275 3830 487 3898 γεσθαι,
518 3829 611 3881 καὶ
652 3830 715 3897 τῇ
748 3827 992 3903 ἡμετέρα
1018 3828 1345 3882 ταπεινώσει
1380 3833 1437 3884 ὲν
1462 3832 1672 3893 τούτοις
1694 3849 1708 3862 ’
1733 3833 1823 3901 Μή

272 3937 326 3973 τι
356 3919 667 3986 ένελίπομεν
691 3914 797 3987 ἆρα
817 3916 924 3969 τῶν
948 3916 1266 3985 ὀφειλόντων
1286 3920 1582 3992 λαληθῆναι
1606 3921 1744 3975 κατὰ
1765 3922 1823 3975 τὸ

275 4010 603 4077 ἀναγκαῖον;
639 4008 713 4077 μή
749 4024 801 4060 τι
847 4006 954 4059 τῶν
999 4010 1493 4081 κεχρεωστημένων
1528 4014 1660 4082 ἡμῖν
1686 4030 1822 4083 παρ-

273 4097 572 4168 ημὲληται;
614 4095 754 4149 οὕτω
793 4096 889 4150 καὶ
942 4098 1067 4166 περὶ
1104 4099 1210 4152 τῶν
1243 4100 1497 4154 τοιούτων
1522 4103 1555 4172 ἡ
1582 4103 1821 4172 μακαρία

272 4189 456 4258 ἐκείνη
506 4187 906 4257 πολυμέριμνος
949 4186 1094 4256 ψυχη
1140 4189 1455 4257 ἠγωνίζετο,
1490 4192 1583 4245 καὶ
1629 4194 1818 4261 ἐφρόν-

273 4280 428 4342 τιζε·
470 4279 563 4329 καὶ
596 4278 733 4347 μετά
756 4276 853 4347 τὴν
895 4276 1049 4345 ἑξῆς·
1103 4274 1169 4347 ἦν
1210 4278 1317 4349 γὰρ
1346 4281 1500 4350 τρίτη
1548 4281 1654 4333 τῶν
1686 4284 1818 4351 ἡμεο

1927 3302 2032 3346 tem
2062 3290 2219 3362 longe
2257 3292 2489 3362 amplius
2526 3310 2538 3345 :
2570 3294 2755 3359 utjam
2791 3292 2905 3349 fere
2934 3293 3002 3348 ab
3031 3310 3197 3359 anno,
3230 3298 3392 3351 merti
3425 3288 3486 3353 se

1927 3379 2166 3450 perfecte
2211 3390 2582 3451 comparasset
2615 3400 2625 3435 :
2659 3382 2806 3437 Adeo
2840 3394 2933 3445 ιιι,
2960 3384 3083 3437 eum
3113 3384 3159 3438 ei
3198 3386 3396 3454 saepius
3421 3402 3485 3441 ac

1931 3469 2185 3539 frequens
2224 3471 2491 3535 adessem,
2523 3472 2616 3541 qui
2655 3473 2835 3529 omnia
2874 3472 2965 3527 Dei
2997 3475 3273 3532 voluntate
3306 3488 3361 3533 et
3400 3478 3484 3533 fa-

1933 3573 2077 3619 ceret
2104 3570 2157 3615 et
2189 3564 2529 3631 loqueretur;
2575 3576 2672 3617 nec
2710 3564 2787 3617 sic
2829 3572 3031 3631 tamen,
3063 3566 3267 3623 Christi
3299 3569 3482 3625 humi-

1932 3655 2098 3710 litatis
2126 3655 2372 3716 aemulus,
2399 3651 2761 3706 humilitatem
2792 3668 2965 3707 meam
2995 3668 3158 3723 super
3178 3655 3262 3711 his
3284 3657 3483 3728 alloqui

1932 3746 2339 3817 dedignaretur:
2364 3741 2504 3796 Num
2524 3752 2793 3811 superest,
2820 3744 3016 3810 aiebat,
3041 3746 3243 3816 aliquid
3271 3762 3481 3808 eorum.

1933 3847 2051 3902 quae
2097 3829 2402 3886 necessarie
2450 3829 2595 3899 loqui
2636 3828 2967 3884 habuimus?
3007 3831 3261 3901 Nunquid
3296 3848 3483 3890 eorum

1930 3923 2133 3992 aliquid
2184 3920 2544 3991 negleximus,
2592 3934 2819 3987 quorum
2869 3935 3112 3977 essemus
3173 3925 3487 3981 debitores?

1930 4013 2020 4070 Sic
2052 4014 2102 4067 in
2136 4011 2403 4081 ejusmodi
2429 4010 2789 4065 contendebat
2810 4022 2865 4066 et
2889 4014 3082 4083 agebat
3102 4028 3311 4080 curam,
3330 4015 3481 4071 beata

1930 4104 2037 4169 illa,
2072 4117 2135 4157 ac
2160 4103 2341 4156 multae
2375 4100 2757 4156 sollicitudinis
2782 4102 2983 4156 anima.
3023 4102 3221 4158 Verum
3251 4117 3371 4173 post
3394 4120 3481 4163 se-

1926 4204 2180 4267 quentem
2210 4194 2350 4249 diem
2385 4210 2400 4247 :
2442 4194 2545 4248 fuit
2580 4196 2725 4249 enim
2754 4196 2907 4250 tertia
2948 4195 3085 4259 dies,
3117 4212 3221 4266 qua
3249 4199 3482 4253 occurrit

1928 4286 2181 4342 memoria
2212 4284 2321 4354 ('18)
2372 4287 2551 4355 magni
2601 4286 2927 4345 confessoris
2967 4286 3150 4351 Pauli;
3185 4290 3267 4342 vir
3297 4288 3485 4344 beatus

346 4410 391 4443 ’³
423 4408 443 4462 ι
476 4404 638 4460 Thes.
674 4424 710 4470 ι,
742 4409 793 4462 8.
870 4409 915 4440 ”
948 4409 964 4461 l
995 4408 1131 4462 Tim.
1178 4424 1234 4473 ιι,
1266 4413 1318 4474 4.
1394 4412 1438 4444 ’⁸
1488 4412 1502 4464 l
1552 4410 1677 4466 Cor.
1728 4429 1850 4482 xm,
1892 4415 1941 4467 7.

873 4409 915 4440 “
948 4409 964 4461 l
995 4408 1131 4462 Tim.
1178 4424 1234 4473 ιι,
1266 4413 1318 4474 4.
1394 4412 1438 4444 ’⁸
1488 4412 1502 4464 Ι
1552 4410 1677 4466 Cor.
1728 4429 1850 4482 xm,
1892 4415 1941 4467 7.
2018 4417 2063 4447 ’⁸
2091 4414 2319 4483 Philipp.
2374 4414 2527 4478 i,23.

276 4503 564 4577 αἰσχύνηνο
618 4501 862 4577 ἁλλ’-ἐπὶ
902 4504 1327 4577 πέταυρονάξου
1374 4508 1639 4577 συναντᾷλ·
1685 4523 1826 4577 qua:
1861 4522 1930 4576 Di

1861 4522 1903 4576 υ
1926 4518 1974 4562 et
2015 4526 2043 4563 τι
2074 4510 2182 4561 Deo
2217 4525 2245 4561 a
2275 4524 2381 4576 quo
2430 4509 2582 4576 ipse;
2614 4510 2931 4577 iuspectauti
3002 4510 3194 4564 fratres
3238 4525 3483 4567 sorores-

277 4569 436 4625 vet'ba
454 4569 878 4642 habenturProvr.
900 4587 977 4627 It.
998 4569 1202 4626 Orcurit
1216 4569 1595 4642 inprofuttdnni
1614 4569 1822 4641 inferni.

278 4640 509 4712 Hesych.
542 4637 676 4712 εἶδος
716 4641 970 4712 παγίδος)
1004 4653 1190 4712 auctor
1222 4637 1437 4711 quoque
1478 4644 1599 4695 vita:
1623 4637 1825 4697 Νἶοῡιθί

281 4708 507 4780 Studitae
535 4712 603 4780 de
622 4708 889 4776 Cypriano
914 4708 1115 4763 Nicolai
1144 4708 1425 4779 discipulo,
1456 4727 1577 4765 cum
1611 4713 1825 4780 juvenis

280 4780 420 4833 inter
449 4779 737 4849 Scliolarcs
774 4780 895 4849 alas
932 4781 1186 4841 militans,
1217 4798 1243 4832 a
1274 4782 1496 4833 muliere
1554 4779 1821 4849 impudica

276 4850 386 4917 jam
429 4849 583 4900 tertio
625 4846 690 4899 ad
729 4848 1003 4900 libidinem
1045 4861 1423 4916 provocaretur
1463 4864 1477 4899 ε
1520 4850 1593 4909 ὡς
1631 4846 1691 4901 δὲ
1729 4852 1822 4901 καὶ

278 4918 460 4988 τρίτον
478 4917 797 4988 -ὲπιστᾶσαν,
826 4918 922 4968 καὶΙ
944 4918 1077 4988 προς
1090 4918 1264 4988 Δπέταυ
1272 4935 1362 4986 ρον
1379 4917 1502 4987 ᾅδου
1521 4918 1822 4988 κατασῦραί

284 4984 351 5055 με
383 4985 705 5054 βουλομένην
738 4984 999 5053 ἑώρακα.’
1031 4984 1509 5054 υὺὶλιιιιι“ιενίιιιηι
1543 4984 1823 5039 instantem

279 5057 617 5124 tidi,_meque
650 5055 701 5104 in
731 5055 921 5122 inferni
950 5056 1262 5124 profundunt
1304 5056 1555 5108 volentem
1599 5058 1819 5109 trahere.

351 5122 461 5192 (l6)
512 5123 821 5190 Sit/ferentes
860 5122 1056 5177 omnia.
1108 5126 1243 5177 Sunt
1279 5127 1434 5178 verba
1470 5124 1619 5177 Pauli
1651 5129 1669 5177 ι
1701 5126 1822 5180 Cor.

283 5209 401 5248 xm.
436 5193 660 5260 soloque
684 5195 969 5261 antiquarii
1004 5196 1154 5261 lapsu
1184 5196 1387 5247 videtur
1417 5195 1476 5245 τὸ
1510 5195 1822 5262 στέργοντες

283 5263 585 5330 irrepsisse,
616 5262 738 5315 ἀντὶ
758 5264 849 5315 τοῦ
878 5265 1173 5329 στέγοντες.
1190 5264 1325 5327 Quid
1349 5264 1392 5317 si
1417 5264 1487 5315 ita
1509 5263 1634 5331 legit
1656 5262 1829 5316 Theo-

283 5332 470 5397 dorus,
502 5330 587 5384 vel
630 5332 702 5385 ita
754 5333 1102 5400 apostolicam
1138 5347 1321 5388 vocem
1374 5334 1618 5395 detorsit,
1662 5344 1717 5386 ut
1756 5333 1829 5385 si-

284 5401 566 5471 gnificaret
593 5400 683 5454 illa
714 5401 979 5469 justoruui
1013 5402 1237 5463 viscera,
1278 5403 1475 5469 quibus
1503 5417 1625 5455 veie
1648 5403 1830 5455 omnia

283 5470 529 5522 videntur
565 5470 829 5538 στέργειν,
875 5471 1145 5532 adamare,
1178 5481 1231 5525 et
1256 5472 1487 5539 quadam
1540 5473 1823 5534 cliaritate,

285 5553 385 5609 pro
416 5544 681 5606 cujusque
726 5541 802 5592 rei
844 5540 1067 5602 ratione,
1112 5539 1361 5608 prosequi
1403 5557 1414 5592 :
1458 5539 1613 5605 Nam,
1665 5540 1825 5593 Not-it

279 5610 453 5674 justus
487 5608 841 5675 juntentorum
882 5624 1093 5660 suorum
1144 5611 1369 5672 animus,
1416 5610 1611 5661 uiscera
1652 5623 1822 5663 autem

283 5679 556 5744 impiorum
609 5677 863 5729 crudelia.
899 5678 1054 5730 Prov.
1088 5694 1182 5741 xu,
1212 5693 1350 5732 vers.
1400 5678 1482 5731 10.
1528 5678 1823 5735 Ριεςειιυὶι

283 5742 606 5801 Franciscus
634 5747 876 5802 Asisinas
904 5762 965 5803 ea
996 5748 1274 5813 charitatc,
1308 5748 1394 5803 cui
1425 5750 1602 5804 omnia
1628 5759 1685 5803 ut
1710 5749 1820 5814 Dei,

1934 4593 2037 4645 que
2066 4578 2316 4631 audirent
2362 4595 2374 4628 :
2422 4592 2539 4629 eam
2584 4579 2677 4629 \iri
2718 4579 2969 4645 pietatem
2999 4617 3014 4643 ,
3071 4583 3485 4637 commendante

1936 4644 2065 4710 Deo,
2108 4644 2337 4698 mirabili
2365 4646 2595 4712 quadam
2625 4647 2675 4698 in
2707 4644 2791 4699 res
2815 4661 3005 4701 omnes
3048 4650 3394 4713 auctoritate,
3427 4662 3485 4706 ut

1935 4718 2127 4770 nedum
2151 4716 2326 4776 liruta,
2356 4716 2445 4789 sed
2473 4715 2553 4789 vel
2578 4715 2871 4779 insensata,
2896 4716 3041 4789 velut
3077 4716 3291 4789 fratrem
3318 4734 3485 4789 agno.

1933 4793 2162 4847 scercnt,
2186 4798 2249 4836 ac
2276 4798 2375 4836 nec
2406 4782 2549 4851 ignis
2563 4788 2856 4847 cruciarer,
2872 4786 3169 4839 cruciatum
3195 4782 3486 4856 deprecan-

1932 4863 2057 4907 tein.

1991 4921 2102 4991 (l7)
2146 4920 2313 4991 Multo
2338 4920 2567 4991 quotidie
2603 4920 2861 4991 desiderio
2892 4911 3178 4975 terrebatur.
3214 4926 3277 4990 ἦν
3320 4926 3483 4978 έκάσ-

1920 4986 2039 5064 τοτε
2104 4990 2193 5042 διά
2232 4986 2430 5064 πολλῆς
2473 4986 2616 5059 εἶχεν
2665 4990 2973 5064 ἐπιθυμίας,
3021 4986 3339 5064 NonAfoI-te
3391 5011 3487 5064 per

1925 5060 2159 5127 seipsum
2197 5062 2435 5125 quotidie
2463 5066 2798 5127 peracturus,
2829 5062 2973 5127 quod
3011 5075 3108 5115 nec
3142 5060 3326 5115 Graeca
3350 5060 3480 5117 satis

1932 5130 2239 5198 signiﬁcant
2282 5130 2411 5182 :vcl
2457 5129 2697 5200 quotidie
2741 5138 3060 5200 peracturus
3110 5133 3345 5200 quidem,
3391 5132 3483 5186 sed

1936 5197 2103 5253 veto:
2138 5212 2308 5268 reque
2347 5200 2482 5268 ipsa,
2524 5197 2762 5268 quoties
2811 5198 3053 5253 licuisset
3103 5197 3140 5262 ,⁷
3172 5216 3333 5268 quam
3382 5200 3488 5253 fre-

1937 5270 2155 5337 quentis
2185 5266 2565 5321 celebrationis
2592 5268 2937 5334 cupiditatem
2962 5277 3161 5321 tantam
3178 5266 3485 5322 habuerunt

1938 5340 2114 5417 sancti
2158 5354 2265 5391 non
2313 5338 2490 5415 pauci,
2532 5346 2587 5388 ut
2618 5340 2794 5417 “velut
2827 5338 3075 5417 desolati,
3116 5352 3221 5417 qua
3264 5337 3349 5391 die
3380 5354 3484 5415 non

1939 5409 2326 5467 celobrassent,
2360 5406 2441 5458 vix
2491 5406 2745 5474 gaudium
2784 5406 3039 5460 haberent
3072 5424 3083 5458 :
3136 5406 3213 5460 ira
3255 5412 3489 5463 maxime

1940 5487 2124 5529 noster
2156 5476 2481 5536 Ludovicus,
2516 5485 2620 5529 etc.

2004 5544 2113 5613 (l8)
2149 5544 2323 5612 Magni
2356 5546 2665 5611 confessoris
2692 5542 2872 5596 Pauli.
2907 5543 3063 5598 Ponit
3092 5544 3316 5599 Michael
3346 5544 3489 5600 hunc

1933 5612 2072 5666 diem
2109 5614 2140 5666 (ἰ
2172 5614 2506 5678 Novembris,
2540 5632 2569 5667 a
2600 5630 2707 5682 quo
2740 5626 3015 5681 superstes
3050 5613 3145 5667 fuit
3174 5612 3491 5681 Theodorus

1934 5699 2105 5751 usque
2140 5686 2204 5737 ad
2236 5684 2373 5753 diem
2409 5694 2597 5739 sancto
2625 5685 2839 5753 martyri
2886 5682 3050 5738 Meum
3084 5700 3300 5739 sacrum
3333 5723 3346 5747 ,
3392 5700 3493 5739 ιιο-

1932 5754 2013 5809 bis
2038 5753 2209 5808 sancti
2240 5752 2452 5807 Martini
