4188 6468
262 413 404 477 1845

1248 409 1348 467 DE
1378 406 1605 467 OBITU
1646 409 1708 468 S.
1738 407 2132 467 THEODORI
2170 408 2535 469 STUDITIE.

3370 404 3503 466 1846

257 520 605 589 πνεύματος
641 515 841 585 ὑμῶν’
876 514 969 568 καὶ
995 514 1380 585 ἀσπασάμενος
1415 516 1542 578 τοὺς
1567 514 1839 583 παρόντας

1945 514 2205 570 Dominus
2236 515 2382 583 pacis
2411 515 2512 569 erit
2543 530 2661 568 sunt
2689 516 2881 583 spiritu
2912 523 3079 568 uestro
3101 514 3169 568 ’⁸.
3195 513 3507 582 Omnesque

262 615 535 674 ἃπαντας,
563 608 833 677 διέμεινεν
865 604 1057 670 οὕτως.
1087 606 1198 660 Καὶ
1227 604 1327 677 τὴν
1354 605 1521 677 αὐτὴν
1540 595 1833 660 διαδίδοται

258 707 296 771 ἠ
326 705 487 771 ἀκοὴ,
536 700 634 752 καὶ
677 698 1040 769 παραγίνεται
1082 696 1212 751 λαοῦ
1256 698 1461 767 πλῆθος
1509 698 1608 750 οὐκ
1634 696 1835 765 ὀλίγον.

263 794 379 849 Καὶ
426 791 569 845 οὕτω
615 788 1038 859 δισημερεύσας,
1088 788 1318 841 ἕκαστον
1372 787 1483 841 τῶν
1508 786 1838 857 ἐρχομένων,

264 885 363 939 καὶ
391 882 873 952 κατασφραγίζων,
909 882 1003 934 καὶ
1051 880 1311 949 εὐλογῶν,
1350 881 1445 934 καὶ
1491 880 1839 945 κατασπαζό-

268 991 450 1046 μενος,
481 975 576 1027 καὶ
617 973 798 1043 ἠρέμα
830 971 1368 1043 προσφθεγγόμενος,
1410 972 1505 1024 καὶ
1533 971 1839 1041 ἐπευχόμε-

265 1084 355 1129 νος
400 1067 429 1119 6
478 1064 899 1136 τρισμακάριος,
939 1062 1180 1117 ἀπέλυεν
1230 1063 1288 1116 ἐν
1336 1063 1574 1133 εἰρήνῃ,
1622 1062 1840 1133 ἑκάστῳ

270 1161 490 1227 μνήμης
521 1154 667 1220 ἀξιον
701 1153 793 1207 καὶ
824 1152 1095 1221 σωτηρίας
1149 1151 1359 1219 ἐφόδιον
1389 1151 1835 1221 καταλιμπάνων.

343 1247 451 1299 Καὶ
471 1248 535 1315 τῇ
569 1246 821 1315 κυριακῇ
850 1244 908 1297 ἐν
1006 1243 1039 1312 ἠ
1074 1242 1265 1311 μνήμη
1299 1241 1594 1307 ἐξετελεῖτο
1622 1240 1717 1293 τοῦ
1740 1258 1838 1311 με·

266 1336 436 1404 γάλου
474 1336 748 1404 μάρτυρος
796 1332 997 1401 Μηνᾶ,
1049 1329 1299 1400 ἐψαλκὼς
1331 1329 1401 1383 τὰ
1446 1329 1690 1401 συνήθηο
1739 1325 1840 1382 εἷθ’

268 1426 444 1489 οὕτως
497 1422 781 1495 μετασχὼν
828 1422 935 1474 τῶν
982 1422 1342 1491 ἀγιασμάτων
1398 1420 1505 1474 τῶν
1558 1419 1840 1484 ζωοποιῶν

270 1517 529 1580 ἐκείνων,
579 1513 673 1567 καὶ
715 1511 854 1565 κατά
896 1511 956 1564 τὸ
1009 1511 1199 1574 είωθδς
1263 1509 1697 1580 ἐπαλειψάμενος
1746 1509 1841 1563 καὶ

268 1601 881 1673 κατασφραγισάμενος,
937 1598 1072 1668 ὑψοῦ
1129 1600 1228 1661 τὰς
1283 1600 1471 1668 χεῖρας
1530 1599 1689 1669 ἄρας,
1746 1597 1842 1650 καὶ

270 1693 733 1767 προσευξάμενος,
764 1694 891 1762 περὶ
917 1689 1066 1762 ὤραν
1093 1689 1260 1759 ἕκτην
1289 1689 1612 1759 αἰσθόμενος
1642 1687 1839 1741 ἑαυτοῦ

270 1784 667 1857 ἠσθενηκότος,
721 1781 1054 1850 προστάσσει
1112 1779 1295 1849 ἡρέμα
1349 1778 1625 1848 κηραψίαν
1684 1778 1837 1847 γενέο

1938 608 2032 679 qui
2065 607 2293 662 aderant
2314 608 2680 678 amplexatus,
2703 610 2775 663 ita
2799 606 3079 663 remansit.
3128 605 3349 663 Interim
3375 619 3507 661 vero

1937 696 2114 767 gliscit
2140 696 2309 763 fama,
2328 697 2592 769 adestque
2617 698 2800 769 populi
2824 698 3114 753 multitudo
3139 713 3248 753 non
3270 695 3506 754 modica.

1940 788 2045 845 Ubi
2075 788 2157 844 sic
2180 788 2264 843 vir
2295 798 2375 844 ter
2405 790 2598 846 beatus
2624 790 2763 846 duos
2794 791 3065 861 exegisset
3095 789 3231 855 dies,
3262 789 3508 860 singulos

1939 872 2259 931 accedentes
2302 878 2653 947 consignans,
2694 890 2761 931 ac
2804 876 3132 933 benedicens
3177 886 3234 933 et
3275 877 3510 933 deoscu-

1939 974 2078 1029 |ans,
2110 966 2339 1035 leaeque
2367 982 2433 1022 ac
2456 967 2731 1022 submisse
2761 967 3045 1037 alloquens
3064 976 3119 1023 et
3150 966 3506 1038 adprecatus;

1939 1063 2101 1122 atque
2144 1055 2355 1127 signum
2405 1060 2688 1123 memoria,
2724 1067 2779 1113 et
2819 1058 3090 1113 salubrem
3145 1067 3507 1113 commeatum

1940 1146 2270 1217 reliquisset,
2298 1148 2508 1205 dimisit
2542 1151 2594 1205 in
2626 1165 2777 1220 pace.

2017 1240 2188 1296 Porro
2230 1240 2317 1295 die
2360 1239 2665 1306 Dominica,
2695 1255 2805 1310 qua
2848 1241 3031 1312 magni
3064 1242 3318 1314 martyris
3346 1239 3512 1296 Mena

1940 1331 2205 1387 memoria
2241 1327 2568 1390 celebratur,
2600 1328 2695 1383 ubi
2734 1336 2994 1387 consueta
3034 1328 3257 1383 Cantica
3282 1338 3336 1381 et
3358 1326 3512 1381 Psal-

1942 1434 2061 1474 mos
2114 1418 2435 1481 recitasset;
2473 1424 2697 1484 tumque
2734 1416 3008 1485 particeps
3045 1430 3328 1469 sacrorum
3385 1414 3512 1469 effe-

1942 1518 2065 1562 ctus
2092 1503 2225 1576 (2i);
2250 1517 2556 1566 sacrorum,
2589 1503 2837 1571 inquam,
2870 1517 2993 1572 quae
3018 1501 3231 1557 viviiica
3259 1510 3418 1568 sunt;
3448 1516 3513 1557 ac

1944 1608 2043 1663 pro
2073 1606 2226 1647 more
2281 1592 2543 1644 inunctus
2620 1588 3084 1659 consignatusque
3125 1605 3139 1642 :
3179 1588 3409 1643 sublatis
3455 1590 3511 1643 in

1943 1684 2181 1739 sublime
2207 1680 2480 1747 manibus,
2507 1692 2801 1747 oransque;
2821 1694 2968 1745 cum,
2996 1679 3142 1733 circa
3162 1679 3356 1734 horam
3387 1694 3513 1735 sex.-

1944 1781 2079 1835 tam,
2122 1785 2183 1826 se
2220 1767 2426 1824 sensim
2468 1766 2698 1821 deﬁcere
2729 1767 3011 1832 sensisset,
3041 1780 3173 1821 voce
3198 1781 3355 1821 cassa
3382 1767 3511 1822 sub-

272 1848 430 1932 σοαι’
484 1848 777 1928 κάνταῦθα
816 1848 1225 1941 προσϐάλλομεν
1263 1872 1329 1940 τῇ
1376 1868 1666 1939 ψαλμῳδία
1694 1884 1709 1900 ο
1745 1870 1838 1921 καὶ

1948 1856 2221 1926 missaque
2250 1868 2439 1909 cereos
2470 1851 2692 1907 accendi
2721 1850 2877 1920 jubet
2921 1867 2937 1904 :
2978 1850 3339 1921 deincepsque
3361 1848 3515 1906 Psal-

269 1974 331 2025 ἐν
366 1967 444 2038 τῷ
491 1966 685 2036 στίχῳ,
719 1967 776 2017 ἐν
886 1979 1084 2032 φησιν,
1120 1964 1224 2028 Εἰς
1264 1963 1370 2015 τὸν
1411 1960 1599 2015 αἰῶνα
1638 1962 1711 2015 οὐ
1751 1958 1836 2029 μὴ

268 2060 639 2127 ἐπιλάθωμαι
664 2055 782 2110 τῶν
810 2053 1216 2123 δικαιωμάτων
1242 2068 1383 2119 σου,
1420 2052 1510 2106 ὅτι
1537 2052 1610 2106 ἐν
1634 2051 1839 2117 αὐτοῖς

268 2150 490 2221 ἕζησὰς
542 2166 640 2220 με,
684 2144 1152 2216 ἐνδιατριϐόντων,
1202 2143 1485 2217 παρέδωκε
1520 2143 1618 2212 τὴν
1656 2160 1839 2213 μακα-

274 2244 397 2316 ρίαν
450 2242 545 2296 καὶ
588 2238 834 2308 καθαρὰν
881 2235 1047 2290 αὑτοῦ
1075 2234 1251 2305 ψυχὴν
1299 2236 1411 2297 τοῖς
1468 2234 1646 2302 ἁγίοις
1674 2232 1842 2301 ἀγγέ-

269 2336 404 2397 λοις.
434 2332 588 2386 Οὕτω
620 2328 717 2400 μὲν
752 2323 845 2380 οὖν
878 2326 952 2389 ὡς
978 2327 1034 2379 ἐν
1068 2323 1329 2395 συντομία
1355 2327 1388 2394 ἡ
1415 2324 1509 2377 τοῦ
1533 2324 1842 2394 τρισμάκα-

275 2442 367 2495 ρυς
399 2423 682 2492 κοίμησις,
732 2419 828 2471 καὶ
860 2416 954 2469 τοῦ
984 2413 1279 2484 ἀθλητικοῦ
1313 2415 1514 2486 δρόμου
1542 2414 1602 2467 τὸ
1633 2413 1837 2485 πέρας·

272 2517 370 2571 καὶ
416 2514 556 2583 αὕτη
590 2515 623 2583 ἡ
666 2511 773 2563 τῶν
808 2509 1015 2563 πολλῶν
1062 2506 1313 2576 ἀγώνων,
1356 2507 1451 2560 καὶ
1500 2506 1698 2572 πόνων,
1748 2506 1843 2559 καὶ

275 2604 515 2677 ἱδρώτων
540 2604 619 2665 είς
648 2601 819 2654 αἰῶνα
852 2598 1048 2661 αίῶνος
1082 2598 1447 2660 κατάπαυσις.

362 2693 502 2749 Ἀλλ’
548 2693 615 2759 ὣ,
660 2692 779 2756 πῶς
819 2692 948 2762 ὑμῖν
1013 2688 1275 2759 ἀδακρυτὶ
1307 2688 1377 2741 τὰ
1422 2688 1550 2759 ἑξῆς
1598 2688 1689 2743 ὑπ’
1721 2688 1842 2758 ὄψιν

273 2788 488 2857 ἀγάγω,
543 2783 986 2854 πυρπολούμενος
1019 2783 1131 2844 τοῖς
1183 2781 1486 2851 λογισμοῖς,
1537 2780 1633 2833 καὶ
1680 2780 1843 2834 οἱονεὶ

275 2876 585 2949 ἐξεστηκὼς
614 2878 678 2945 τῇ
712 2873 907 2943 καρδία
928 2890 943 2938 ;
968 2871 1064 2925 καί
1099 2887 1188 2941 μοι
1216 2869 1334 2923 δότε
1360 2869 1553 2941 μικρὸν
1582 2869 1842 2941 ἐνδιατρί-

274 2969 375 3039 ψαι
404 2968 483 3038 τῷ
507 2967 826 3036 διηγήματι.
876 2963 1093 3015 "Exacto
1120 2956 1213 3013 οὖν
1240 2960 1269 3012 6
1299 2961 1618 3032 τρισμάκαρ
1647 2959 1844 3031 (καλὸν

275 3060 385 3129 γὰρ
461 3057 593 3129 μηδέ
642 3055 800 3108 τοῦτο
856 3052 1269 3124 παραδραμεῖν,
1320 3051 1510 3122 ὥσπερ
1588 3068 1640 3104 τι
1695 3049 1846 3117 ξένον

277 3154 500 3222 θέαμα),
536 3147 811 3217 αἰδέσιμος
831 3149 895 3215 τῇ
930 3144 1072 3215 ὄψει,
1098 3142 1447 3213 ἀγγελοειδὴς
1477 3140 1555 3211 τῷ
1579 3143 1842 3213 σχήματι,

275 3244 376 3313 τῆς
415 3239 796 3311 ἐνδημησάπης
826 3236 962 3308 πρὸς
1013 3234 1217 3306 Κύριον
1260 3232 1436 3303 ψυχῆς
1472 3231 1661 3301 ὥσπερ
1689 3231 1843 3295 τινὰς

278 3334 586 3406 φωτπιδεῖς
634 3332 858 3393 ἀκτῖνας
913 3324 1409 3397 ἐναπομαξαμένης
1446 3321 1525 3393 τῷ
1572 3324 1703 3393 ίερῷ
1735 3322 1845 3375 σώ-

280 3444 432 3497 ματι,
455 3424 572 3494 μεθ’
604 3414 665 3475 οὗ
695 3420 789 3474 καὶ
814 3421 901 3489 ἐφ’
920 3412 964 3487 ᾧ
994 3417 1322 3489 λελάτρευκε
1352 3417 1416 3485 τῇ
1448 3413 1580 3484 ἀγίᾳ
1629 3412 1841 3483 Τριάδι.

280 3514 665 3579 Προστέθειται
703 3510 962 3581 ἐξαπίνης
982 3509 1096 3572 τοῖς
1116 3505 1449 3579 προλαὸοὖσι
1485 3503 1693 3573 πλῆθος
1728 3502 1845 3555 ἓτε-

282 3627 399 3683 ρον,
426 3607 560 3679 ὁμοῦ
594 3606 690 3675 μέν
720 3601 1023 3673 μοναστῶν,
1047 3598 1183 3669 ὁμοῦ
1206 3599 1263 3653 δὲ
1296 3596 1389 3652 καὶ
1419 3595 1681 3683 μιγάδων·
1710 3593 1844 3646 πολ-

278 3679 362 3755 λοι
387 3702 468 3754 ὅτι
506 3698 760 3770 μάλιστα,
805 3694 898 3747 καὶ
925 3692 1031 3747 τῶν
1064 3691 1287 3761 ἐξόχων,
1334 3687 1456 3759 μεθ’
1483 3679 1559 3741 ὧν
1592 3685 1688 3740 καὶ
1732 3688 1846 3756 ίερ-

279 3793 479 3862 ἀρχαι,
527 3790 623 3842 καὶ
676 3787 877 3857 ἱερεῖς.
933 3781 1327 3854 ἐπιφερόμενος
1363 3778 1592 3838 ἕκαστος
1637 3775 1707 3829 τὰ
1746 3775 1846 3844 τῆς

283 3880 560 3955 μακαρίας
594 3878 810 3947 ἐκείνης
853 3872 1073 3943 κηδείας
1112 3871 1209 3924 καὶ
1254 3868 1437 3937 ταφῆς
1486 3866 1758 3938 ἁρμόδιαο
1796 3864 1846 3917 οἱ

284 3972 381 4042 μὲν
401 3970 602 4039 κηροὺς
633 3966 934 4034 ἐξάσπρους
964 3962 1057 4016 καὶ
1084 3959 1410 4029 πολυτίμους
1429 3976 1443 3989 ο
1473 3959 1501 4011 6
1528 3958 1604 4023 δὲ,
1627 3956 1840 4011 σινδόνα

283 4058 715 4128 πεποικιλμένην
733 4072 748 4088 ο
777 4056 962 4126 ἔτερος
991 4049 1389 4120 καταπέτασμα
1411 4066 1478 4103 πε
1489 4048 1844 4121 ριπόρφυρονσ

281 4156 377 4209 καὶ
407 4154 555 4209 ἄλλοι
596 4149 766 4219 σκεύη
798 4150 1038 4220 ἀργυρᾶ,
1076 4147 1170 4200 καὶ
1194 4145 1573 4216 χρυσάργυρα,
1610 4141 1706 4194 καὶ
1734 4140 1850 4210 ἠλε-

281 4242 549 4316 κτριώδηο
582 4242 677 4296 καὶ
716 4241 766 4292 οί
801 4241 898 4309 μὲν
928 4236 1217 4308 ἀρώματα,
1246 4235 1339 4288 καὶ
1380 4233 1721 4303 θυμιάματα,
1754 4231 1848 4283 καὶ

281 4338 437 4399 ἄλλος
472 4335 619 4396 ἀλλο,
650 4336 743 4385 καὶ
774 4332 964 4401 ἕτερος
998 4331 1205 4401 ἕτερον,
1246 4329 1333 4381 ἵνα
1365 4326 1441 4397 μὴ
1488 4323 1844 4394 μακρηγορῶ.

283 4432 494 4491 Πάντες
522 4426 566 4479 δ’
590 4424 683 4479 οὖν
712 4425 861 4494 ὅμως
894 4422 1075 4474 πίστει
1103 4419 1424 4480 σπεύδοντες
1453 4416 1604 4482 ἀξιον
1627 4414 1847 4485 μνήμης

1943 1962 2062 2001 mos
2093 1944 2381 2014 incipimus
2417 1958 2431 1994 :
2473 1948 2633 2010 atque
2663 1939 2729 1991 ad
2761 1937 2915 1991 illum
2946 1951 3164 1992 versum
3195 1954 3211 1991 :
3259 1935 3327 1991 In
3358 1945 3513 1992 teter-

1940 2055 2065 2093 nnm
2094 2052 2197 2091 non
2229 2034 2513 2089 obliviscar
2538 2031 2948 2102 iustiﬁcationes
2984 2040 3123 2093 tuas,
3152 2031 3277 2100 quia
3306 2030 3361 2083 in
3385 2030 3513 2099 ipsis

1940 2126 2215 2197 viviﬁcasti
2227 2141 2304 2179 me
2317 2125 2363 2157 "
2382 2120 2834 2178 :immorantibus
2851 2120 3007 2176 nobis
3022 2118 3366 2187 Psalmodia,
3388 2119 3514 2175 bea-

1943 2229 2050 2275 tam
2076 2216 2447 2286 mundamque
2472 2228 2627 2270 suam
2679 2210 2919 2266 animam
2946 2212 3151 2267 sanctis
3172 2210 3377 2281 angelis
3404 2218 3515 2266 tra-

1941 2306 2099 2361 didit.
2129 2305 2221 2359 Sic
2261 2318 2395 2359 sane
2425 2300 2569 2355 velut
2595 2298 2917 2369 compendio
2946 2306 3164 2352 narrata
3192 2297 3382 2353 habuit
3413 2298 3514 2352 viri

1943 2407 2023 2453 ter
2066 2395 2206 2451 beati
2252 2392 2529 2449 dormitio.
2566 2388 2685 2445 Tali
2728 2389 2966 2444 termino
3022 2388 3229 2444 athleta
3285 2389 3517 2444 absolvit

1942 2502 2189 2544 cursum.
2214 2486 2342 2541 Fuit
2368 2485 2482 2539 haec
2506 2483 2800 2539 multorum
2826 2483 3208 2544 certaminum,
3236 2481 3516 2535 laborum-

1942 2594 2047 2652 que
2070 2590 2123 2635 et
2154 2576 2442 2643 sudorum,
2474 2575 2731 2632 saeculum
2766 2575 2819 2628 in
2852 2574 3034 2629 saeculi
3068 2572 3307 2643 requies.

2016 2671 2330 2734 Enimvero,
2368 2683 2476 2738 qua
2502 2665 2662 2721 vobis
2684 2665 2915 2730 ratione,
2940 2678 3059 2732 qua:
3087 2673 3215 2718 sunt
3235 2661 3516 2732 deinceps.

1943 2759 2064 2814 sine
2104 2756 2360 2828 lacrymis
2407 2756 2477 2810 ob
2519 2753 2707 2809 oculos
2747 2765 2968 2822 ponam,
3012 2764 3173 2820 quem
3221 2764 3319 2806 ceu
3380 2748 3517 2819 ignis

1944 2850 2313 2921 cogitationes
2341 2845 2645 2909 devastent,
2678 2843 2881 2912 quique
2918 2840 3063 2895 velut
3100 2842 3284 2897 animo
3305 2838 3517 2895 defece-

1944 2942 2070 2995 rim.
2111 2938 2309 2992 Verum
2374 2934 2538 2990 liceat
2581 2932 2829 2988 nonnihil
2887 2930 3188 2985 narrationi
3243 2930 3516 2986 insistere.

1944 3032 2170 3088 Iacebat
2209 3029 2375 3096 igitur
2416 3027 2502 3082 vir
2541 3035 2621 3081 ter
2661 3025 2852 3080 beatus
2884 3040 2898 3077 :
2932 3022 3155 3079 Przestat
3181 3022 3361 3088 enim,
3420 3034 3521 3078 nec

1948 3124 2078 3177 illud
2129 3120 2278 3176 velut
2326 3132 2529 3174 novum
2572 3116 2924 3184 insolensque
2961 3113 3327 3183 spectaculum
3360 3112 3516 3168 omit-

1870 3192 1914 3251 ε
1951 3221 2065 3267 tere
2103 3230 2118 3267 :
2147 3209 2384 3279 iacebat,
2417 3208 2662 3277 inquam,
2717 3205 2856 3260 facie
2923 3202 3293 3258 venerabilis:
3324 3200 3516 3272 ﬁgura,

1951 3303 2101 3359 velut
2182 3300 2484 3368 angelicam
2534 3297 2768 3368 speciem
2818 3294 3097 3362 referens,
3143 3294 3346 3360 anima,
3399 3309 3522 3363 qua:

1950 3403 2101 3451 esset
2137 3392 2479 3463 peregrinata
2514 3389 2580 3444 ad
2615 3387 2930 3450 Dominum,
2964 3386 3108 3440 velut
3143 3386 3410 3456 quosdam
3442 3385 3522 3439 lu-

1952 3489 2031 3544 cis
2086 3486 2290 3549 radios,
2345 3496 2504 3537 sacro
2561 3479 2801 3548 corpori,
2855 3492 2980 3534 cum
3028 3492 3159 3547 quo,
3192 3490 3256 3531 ac
3306 3476 3361 3530 in
3410 3491 3521 3546 quo

1952 3585 2155 3635 sanctae
2186 3574 2441 3631 Trinitati
2489 3571 2770 3635 servisset,
2803 3584 2870 3624 ex
2905 3583 2986 3634 se,
3016 3583 3081 3624 ac
3126 3567 3243 3623 suis
3289 3565 3522 3639 fulgori-

1950 3672 2076 3735 bus,
2098 3669 2442 3739 imprimente
2470 3664 2606 3734 (22).
2626 3662 2911 3717 Prioribus
2936 3659 3249 3726 confestim,
3277 3673 3399 3716 sese
3423 3674 3520 3730 po-

1952 3762 2066 3832 puli
2095 3760 2185 3813 alii
2209 3758 2599 3827 adjunxerunt,
2634 3767 2742 3823 qua
2792 3750 3208 3815 monachorum,
3251 3765 3355 3821 qua
3391 3764 3522 3820 pro-

1953 3853 2180 3908 miscua:
2239 3845 2605 3902 multitudinis
2661 3863 2673 3900 :
2723 3842 2993 3912 multique
3046 3841 3101 3896 in
3153 3841 3365 3912 primis,
3418 3841 3520 3896 viri

1954 3943 2188 4007 nobiles,
2216 3954 2281 3995 ac
2303 3947 2607 4009 magnates,
2637 3951 2742 3990 una
2775 3950 2900 3991 cum
2928 3933 3201 4004 episcopis
3250 3942 3305 3988 et
3340 3948 3523 3989 sacer-

1952 4036 2200 4101 dotibus;
2263 4030 2496 4103 singulis
2552 4028 2945 4089 inferentibus,
3015 4042 3137 4096 qua:
3182 4025 3361 4081 beatis
3417 4024 3524 4081 illis

1955 4126 2237 4199 exsequiis
2259 4138 2325 4179 ac
2355 4121 2533 4177 funeri
2558 4135 2796 4191 congrua
2813 4125 3017 4174 essent.
3068 4116 3384 4173 All‘erebant
3430 4116 3525 4171 alii

1953 4221 2170 4292 quidem
2230 4216 2383 4271 albos
2442 4228 2505 4268 ac
2560 4211 2741 4281 magni
2795 4209 2952 4281 pretii
2982 4222 3172 4263 cereos
3224 4208 3373 4278 (23);
3433 4206 3525 4263 hic

1954 4310 2187 4383 Phrygio
2217 4320 2380 4379 opere
2404 4305 2604 4376 pictam
2646 4301 2970 4368 sindonem;
2998 4301 3088 4355 ille
3140 4307 3521 4371 praetextatum

1953 4406 2173 4469 velum;
2205 4400 2296 4456 alii
2328 4405 2512 4453 autem
2575 4408 2708 4449 vasa
2760 4400 3015 4463 argentea
3060 4400 3115 4446 et
3160 4392 3439 4453 deaurata.
3469 4397 3524 4445 et

284 4481 363 4593 τῷ
401 4481 530 4590 ἱερῷ
563 4481 800 4586 tamen?
830 4481 1135 4584 προσοίσαι,
1160 4509 1255 4563 καὶ
1279 4509 1357 4579 τῷ
1383 4481 1552 4576 τιμίω
1576 4481 1730 4574 τάφῴ
1753 4481 1839 4555 ἐπ-

1955 4497 2210 4555 succinea
2245 4510 2260 4549 :
2295 4505 2361 4546 ac
2389 4488 2479 4545 alii
2510 4486 2731 4558 quidem
2777 4494 3020 4540 aromata
3059 4492 3113 4539 et
3146 4482 3384 4549 sumtus;
3428 4481 3522 4537 alii

1990 4592 2018 4593 η
2082 4589 2094 4593 -
2336 4582 2348 4593 .
2438 4581 2453 4593 .
3066 4574 3375 4593 μηηιω
3449 4572 3515 4593 ..,

284 4572 602 4667 ἀποθέσθαι.
632 4572 827 4675 ίέγονε
871 4572 927 4657 δὲ
970 4572 1178 4673 χειμὼν
1212 4572 1355 4653 κατὰ
1401 4572 1463 4649 ἰδ
1505 4572 1839 4666 νυχθήμερον

1955 4589 2121 4653 aliud,
2147 4594 2209 4642 ut
2240 4598 2309 4639 ne
2335 4582 2390 4637 in
2438 4581 2657 4650 longum
2700 4590 3009 4633 sermonem
3065 4574 3403 4645 protraham.
3448 4572 3521 4628 Ita

285 4706 461 4761 ἐκεῖνο
501 4699 747 4770 σφοδρὸς,
782 4697 855 4759 ὡς
901 4694 1066 4747 πάλαι
1094 4694 1186 4746 ἐπὶ
1214 4689 1309 4744 τοῦ
1359 4687 1594 4759 μεγάλου
1640 4686 1847 4756 Πέτρου

299 4794 721 4867 Ἀλεξανδρείας.
754 4790 864 4845 Καὶ
892 4786 959 4860 ἦν
981 4789 1107 4841 ίδεῖν
1137 4783 1413 4856 ὑπερφυὲς
1442 4782 1503 4835 τὸ
1532 4780 1842 4851 γενόμενον.

355 4913 400 4945 ’⁸
427 4909 587 4965 Num.
619 4925 692 4971 vn,
724 4907 815 4960 26.
891 4906 935 4937 ¹⁹
962 4903 1104 4959 Psal.
1133 4915 1325 4960 cxvm,
1352 4896 1443 4952 9'5.

1956 4675 2309 4735 nihilominus
2337 4679 2398 4726 ut
2423 4677 2771 4725 accurrentes
2804 4679 2993 4722 omnes
3022 4664 3194 4721 sacris
3217 4663 3524 4734 aliquidre-

1959 4769 2122 4841 iquiis
2152 4780 2253 4837 pro
2279 4762 2539 4819 memoria
2581 4759 2955 4819 admoverent.
2991 4771 3055 4811 ac
3082 4754 3381 4811 venerabili
3435 4763 3523 4810 tu-

1788 4984 2018 5042 NOTIE.

363 5142 496 5211 (il).
551 5140 817 5211 Partiqeps
848 5148 1119 5190 sacrorum
1169 5132 1364 5199 factus,
1424 5123 1709 5211 μετασχςυν
1740 5123 1851 5175 τῶν

290 5194 669 5279 ἀγῖασμάτων.
685 5194 841 5279 Ve'lnt
859 5194 1349 5279 sacramentorum,
1374 5214 1404 5251 a
1426 5194 1714 5279 Sacr-endo,
1735 5206 1858 5275 quia

292 5228 456 5279 αγιασ
506 5228 669 5264 ατων.
694 5228 841 5261 velut
859 5228 1349 5263 sacrauimus-rum,
1374 5228 1404 5251 ει
1429 5228 1714 5256 aauauuv,
1737 5228 1857 5262 ιμιιυ

292 5282 416 5337 ideo
447 5228 716 5341 dicantur,
740 5274 974 5341 ζωοποιά
991 5289 1007 5304 ο
1050 5269 1265 5338 Vini/ica
1303 5274 1658 5341 sacramenta,
1695 5262 1857 5317 nimi-

293 5338 780 5406 rumEucharistiaa
806 5363 818 5398 :
843 5354 954 5399 tum
974 5340 1120 5396 addit
1144 5346 1209 5394 de
1239 5338 1357 5393 solo
1387 5341 1726 5406 sacramento
1759 5347 1859 5384 uno

292 5403 535 5484 ctio'nis;
551 5433 656 5488 quo
675 5418 785 5488 iam
817 5415 1179 5488 migratur_us,_
1197 5419 1257 5463 ut
1272 5406 1562 5488 _est.moris
1592 5403 1857 5488 velut'prq

760 5469 1013 5559 intinctus
1037 5481 1105 5533 sit
1126 5469 1618 5559 {inulta-aptiuson
1631 5469 1857 5559 Michael

292 5540 489 5622 litem,
503 5540 557 5612 ut
570 5540 889 5626 verpressit“
906 5552 1178 5626 interpres
1214 5540 1451 5626 βαι·οὴἱῇ
1479 5542 1653 5626 magis
1694 5540 1847 5626 vide-

297 5611 796 5684 lurrlilucharis'tiam
840 5611 1065 5677 dicere?
1135 5617 1332 5691 Deinde
1410 5611 1677 5691 mysteriis
1711 5611 1845 5691 divi-

296 5701 399 5763 nis,
425 5710 479 5752 ut
507 5698 696 5750 animm
718 5693 959 5747 uiaticum
979 5699 1025 5743 et
1042 5690 1311 5763 _mu_nimen
1329 5694 1519 5763 essent,
1538 5686 1841 5763 participat.

1962 5135 2129 5191 quam
2170 5120 2222 5172 in
2264 5114 2633 5191 suisgraecis
2681 5109 3042 5191 improbante.
3073 5116 3122 5191 et
3160 5114 3215 5158 ut
3252 5104 3523 5161 novellum

1962 5174 2206 5245 Errorem
2236 5203 2265 5241 a
2289 5186 2561 5246 sordibus,
2602 5174 2898 5235 damnante
2922 5174 3181 5246 Arcudio,
3231 5189 3336 5227 non
3373 5183 3522 5246 sp‘er-

1965 5244 2141 5315 nenda
2181 5257 2235 5310 in
2288 5256 2403 5309 suis
2428 5244 2805 5318 Euchelogicis
2843 5258 3025 5318 noster
3057 5244 3221 5318 Goar.

2037 5327 2175 5398 (Ἡ).
2218 5323 2310 5398 Εω-
2351 5339 2444 5398 se,_
2477 5338 2537 5374 ac
2581 5313 2698 5398 suis
2739 5316 3125 5398 fuigoribys,’
3173 5313 3521 5398 imprimente.

1970 5383 2060 5451 Sic
2087 5383 2578 5461 circumloquimur
2609 5389 2707 5461 τί),⁸
2736 5383 3244 5461 ἐναπομάξαμένης’
3275 5384 3420 5461 quod
3452 5385 3525 5437 sit

1967 5468 2114 5522 velut
2151 5481 2179 5518 a
2220 5480 2277 5518 se
2312 5453 2673 5530 alistergendo
2695 5453 3023 5530 imprimere,
3062 5469 3125 5508 ac
3151 5453 3381 5530 quadam
3415 5468 3445 5530 a
3467 5468 3527 5507 se

1955 5534 2294 5591 derivatione
2325 5550 2338 5584 :
2374 5532 2478 5585 alia
2502 5522 2652 5583 'voce
2682 5536 2737 5580 et
2773 5522 2970 5586 'simili,
2995 5522 3527 5594 ἐναπομόργνυσθαι·

1954 5607 2121 5676 plane
2144 5601 2619 5676 signantissimum
2647 5597 2699 5649 in
2734 5595 2974 5676 materia.
2994 5594 3256 5661 subjecta.

2024 5660 2363 5755 (9.3).ﬂ'Albos
2392 5683 2601 5750 cereos,
2645 5667 2855 5755 κηροὺς.
2889 5663 3232 5743 ἐξάσπρουςχ
3277 5660 3391 5715 Vox
3446 5676 3533 5716 se-

300 5733 1741 5822 i'i'é’riili"CAIE'SniEiiii"manliis?'Hééiﬁiiii’braecié
1779 5763 1843 5803 ac
1948 5733 2370 5822 quioriGraeciaa
2396 5735 2861 5822 nsitatissima‘,’ut
2899 5734 3062 5822 etiam
3089 5733 3414 5789 numismata
3443 5748 3534 5787 ar-

301 5838 506 5895 Latinis
535 5836 769 5900 diverso,
798 5832 1044 5901 utrisque
1082 5826 1435 5883 nihilominus
1470 5835 1625 5887 sano,
1669 5833 1841 5890 quan-

1948 5804 2138 5888 gcntea
2181 5825 2211 5865 a
2240 5811 2424 5866 colore
2454 5809 2700 5876 ἀσπρους
2740 5804 2943 5859 dicant.
