4188 6466
244 407 408 472 1849

1320 413 1418 471 DE
1452 414 1873 472 SCHISMATE
1922 415 2349 477 STUDITARU
2362 422 2439 480 Μ.

3364 430 3499 491 1850

236 511 525 588 4&0:an;
594 519 740 589 Πλὴν
792 520 874 573 ὃτι
927 520 1022 573 καὶ
1075 520 1136 573 τὸ
1196 523 1295 591 τῆς
1343 522 1557 589 φύσεως
1609 522 1825 577 ,πανθάε

1878 525 1911 583 Α
1937 523 2054 589 quis
2089 524 2283 577 restitit
2315 527 2393 578 ³δῖ
2423 526 2712 591 Catcrum,
2746 528 2872 597 quia
2901 530 3063 583 etiam
3129 541 3335 585 natura:
3380 534 3503 601 jura

242 627 431 683 νομεν
458 648 474 674 ,
545 610 642 663 καὶ
718 609 1033 680 όρφανικῶς
1114 609 1540 681 ἀποδυρόμενοι,
1602 609 1693 662 τὸν
1765 609 1839 673 ὡς

242 702 480 775 ἀληθῶς
503 742 520 769 ,
589 702 683 756 καὶ
744 701 992 771 φιλόθεον
1018 744 1033 770 ,
1093 704 1189 757 καὶ
1254 702 1567 771 φιλότεκνον
1615 703 1837 773 Πατέρα

241 794 655 866 διεξερχόμεθα
674 809 691 826 ’
714 794 807 849 καί
836 812 902 863 γε
944 795 1180 865 μάλιστα
1208 793 1443 865 ὁρῶντες
1466 793 1833 863 καθεκὰστην,

245 886 516 957 καθάπερ
595 887 860 955 πετηνούς
924 887 1050 947 τοὺς
1107 886 1369 953 ἀδελφοὺς
1418 886 1575 955 ἡμῶν
1640 886 1835 950 ἄλλους

244 978 576 1048 ἀλλαχόθεν,
628 976 754 1040 τοὺς
812 977 910 1047 μὲν
958 976 1212 1045 ἐγγύθεν,
1258 976 1385 1040 τοὺς
1434 976 1491 1029 δὲ
1544 976 1833 1047 πόρρωθεν

244 1069 697 1143 προστρέχοντας
746 1066 828 1137 τῷ
879 1066 1132 1138 πατρικῷ
1191 1068 1385 1138 τάφῳ,
1452 1069 1698 1137 ἁμειδεῖς
1750 1068 1831 1139 τῷ

246 1162 560 1232 προσώπῳ,
592 1160 1016 1231 ξρικνωμένους,
1056 1160 1396 1231 αὐχμηροὺς,
1426 1159 1829 1232 δακρυρροοῦνο

244 1272 380 1320 τας,
425 1251 917 1325 συστρεφομένους,
951 1251 1047 1304 καὶ
1071 1253 1135 1304 ὲκ
1162 1250 1361 1321 βάθους
1389 1251 1790 1322 ποτνιωμένους
1810 1265 1827 1284 ο

246 1347 334 1411 ὡς
366 1347 460 1401 καὶ
499 1332 761 1414 ἑξάὐτῆς
793 1342 969 1407 ὅψεως
1001 1341 1367 1413 γνωρίζεσθαι
1409 1344 1545 1396 πᾶσι
1579 1342 1668 1395 τὸν
1701 1341 1826 1412 τρό-

248 1455 360 1493 πον
379 1455 394 1471 ο
427 1436 565 1491 ἀλλὰ
596 1435 702 1507 μὴν
733 1436 826 1488 καὶ
862 1435 1080 1504 ἑτέρους
1124 1433 1372 1496 πλείονας
1403 1433 1513 1485 τῶν
1541 1431 1824 1501 πατρικῶν

249 1527 709 1585 ἀπολελαυκότων
737 1525 1065 1595 εὐεργεσιῶν
1116 1522 1234 1577 κατ’
1270 1522 1579 1593 ἀμφότερα.
1634 1521 1823 1591 Ὑμεῖς

249 1622 333 1685 δὲ,
366 1614 410 1673 ὦ
440 1616 876 1689 μακαριώτατοι,
910 1616 976 1667 τὰ
1012 1614 1102 1668 ἴσα
1134 1617 1182 1667 εί
1216 1615 1312 1666 καὶ
1342 1613 1562 1665 πλείονα
1592 1612 1818 1676 εἴποιτε,

249 1713 329 1776 ὡς
364 1708 783 1777 ἀπολειφθέντες
830 1710 924 1759 καὶ
965 1708 1063 1774 τῆς
1111 1706 1204 1757 ἐπὶ
1248 1708 1315 1775 τῇ
1358 1704 1687 1774 μεταστάσει
1724 1702 1819 1756 τοῦ

249 1802 625 1873 παμμάκαρος
680 1797 983 1866 αὐτοψίας,
1052 1798 1145 1850 καὶ
1207 1796 1668 1864 ἁποκλαιόμενοι,
1728 1796 1820 1848 καὶ

1941 612 2187 667 subimus
2218 611 2352 684 (‘27),
2373 614 2694 683 pupillorum
2724 632 2875 672 more
2894 618 3257 687 deplorantes,
3290 636 3417 683 vere
3451 630 3507 676 et

1939 700 2034 756 Dei
2082 714 2134 758 et
2174 703 2410 759 ﬁliorum
2479 708 2713 762 amantis
2755 706 2964 773 Patris,
3015 724 3102 764 res
3161 725 3502 766 enarramus.

1940 791 2085 849 Sane
2112 795 2196 849 vel
2236 795 2495 862 maxime,
2534 812 2654 853 cum
2700 798 2798 853 ceu
2833 799 3096 864 aviculas,
3159 800 3355 856 fratres
3405 815 3502 855 no-

1936 893 2104 950 stros,
2133 887 2269 941 alios
2300 889 2569 959 aliosque,
2590 907 2654 943 ex
2687 891 2808 946 aliis
2838 891 3070 961 aliisque
3096 894 3500 963 prOpinquiori-

1934 978 2038 1033 bus
2056 992 2119 1033 ac
2146 979 2532 1036 remotioribus
2563 982 2717 1046 locis,
2741 984 2804 1035 ad
2838 995 3122 1052 paternum
3183 987 3493 1055 sepulcrum

1932 1080 2303 1135 accurrentes,
2335 1072 2389 1125 in
2424 1073 2540 1127 dies
2568 1073 2873 1139 videamus,
2898 1075 3051 1130 vultu
3088 1076 3363 1142 tetricoso,
3393 1077 3499 1131 im-

1932 1163 2165 1217 maniter
2193 1164 2418 1219 aiﬁictos
2443 1180 2508 1220 ac
2541 1166 2721 1220 tristes
2756 1168 2891 1237 (ΞΒ),
2938 1169 3248 1237 squalidos,
3322 1171 3498 1240 lacry-

1930 1256 2035 1310 mis
2068 1255 2411 1323 dilIluentes,
2470 1274 2591 1313 sese
2656 1269 3111 1329 contorquentes,
3156 1278 3331 1332 exque
3387 1265 3498 1319 imo

1928 1358 2150 1417 pectore
2182 1359 2481 1419 gementes,
2512 1360 2572 1404 ut
2605 1352 2687 1405 vel
2728 1369 2793 1406 ex
2846 1352 2971 1421 ipso
3016 1366 3264 1425 aSpectu,
3299 1358 3490 1426 quivis

1926 1440 2112 1494 statim
2167 1452 2429 1511 agnoscat
2486 1442 2761 1497 aﬂ‘ectum.
2811 1443 2952 1509 Quin
3001 1454 3053 1499 et
3105 1446 3245 1501 alios
3292 1447 3492 1515 plures,

1925 1530 2020 1597 qui
2056 1529 2110 1584 in
2160 1539 2392 1600 utroque
2437 1543 2661 1600 paterna
2720 1534 2979 1588 beneﬁcia
3037 1536 3313 1589 consecuti
3362 1535 3493 1588 sint.

1926 1620 2033 1676 Vos
2067 1636 2250 1691 porro,
2292 1623 2615 1688 beatissimi,
2648 1624 2857 1687 eadem,
2898 1641 2962 1679 ac
2993 1625 3057 1679 iis
3090 1626 3245 1693 plura
3290 1626 3493 1680 dixeri-

1926 1710 2015 1775 tis,
2048 1712 2151 1767 hoc
2176 1714 2240 1766 ad
2278 1712 2379 1766 alia
2421 1714 2786 1782 deplorantes,
2831 1716 2973 1784 quod
3014 1716 3085 1769 sit
3116 1725 3392 1781 negatum,
3437 1726 3495 1770 ut

1924 1808 2005 1855 ter
2036 1802 2177 1856 beati
2210 1804 2309 1857 viri
2336 1804 2589 1858 transilui
2623 1815 2916 1874 praesentes
2940 1806 3149 1860 essetis.
3178 1807 3491 1873 Enimvero,

248 1870 667 1963 ἀποδυρόμενοι.
726 1888 851 1943 Αλλ’
885 1883 977 1940 οὖν
1006 1887 1095 1939 διὰ
1144 1886 1252 1939 τῶν
1288 1885 1684 1950 ἀκουσθέντων,
1724 1884 1819 1939 καὶ

1878 1873 1891 1924 ³
1921 1892 2298 1959 consolatuini,
2327 1909 2421 1963 per
2442 1909 2503 1948 ea
2536 1910 2657 1964 qua:
2689 1896 2919 1951 audistis
2962 1905 3015 1950 et
3044 1898 3299 1965 speratis,
3333 1897 3492 1950 rel‘ri-

246 1983 619 2053 ἐλπιζομένων
683 1978 1109 2050 παρηγορήθητε
1167 1977 1262 2031 καὶ
1310 1976 1647 2042 ἀναψύξατε,
1725 1976 1818 2029 καὶ

247 2076 385 2146 πρὸς
406 2074 467 2128 τὸ
492 2072 617 2142 ἑξῆς
649 2071 837 2140 ἔχεσθε
868 2070 966 2123 τοῦ
998 2068 1163 2122 καλοῦ
1197 2068 1351 2136 ὑμῶν
1367 2067 1570 2139 δρόμου
1603 2068 1816 2135 ἀνολιγ-

241 2167 437 2238 ὡρως⁶
477 2166 761 2235 εὐχόμενοι
796 2163 903 2229 καὶέ
932 2162 1073 2230 ὑπὲρ
1115 2161 1212 2231 τῆς
1238 2158 1618 2221 ταπεινώσεως
1658 2161 1814 2229 ἡμῶν

241 2256 627 2318 ἀδιαλείπτως,
677 2256 799 2307 ἐπεὶ
846 2252 940 2304 καὶ
980 2253 1140 2322 ἡμεῖς
1182 2250 1321 2321 ὑπὲρ
1370 2249 1469 2319 τῆς
1504 2250 1813 2319 τιμιότητος

242 2347 401 2417 ὐμῶν
423 2386 437 2412 ,
478 2347 527 2399 εί
562 2346 657 2398 καὶ
679 2342 991 2413 τολμηρῶς.
1024 2343 1210 2395 Πᾶσαν
1242 2340 1396 2411 ὐμῶν
1425 2340 1524 2409 τὴν
1564 2340 1809 2393 συνοδίαν

244 2442 384 2511 μετὰ
441 2440 534 2494 καὶ
576 2439 685 2492 τῶν
728 2436 930 2510 λοιπῶν
975 2434 1285 2502 ἀδελφικῶς
1335 2433 1815 2504 προσαγορεύομεν

238 2534 309 2588 δι’
340 2534 513 2604 ὑμῶν.
550 2534 612 2585 Οἱ
649 2534 743 2584 σὺν
776 2531 928 2599 ἡμῖν,
962 2528 1191 2581 πλεῖστα
1214 2526 1678 2598 προσαγορεύουσι
1716 2526 1815 2579 τὶν)

240 2625 552 2697 ἁγιωσύνην
593 2622 767 2695 ὑμῶν.

313 2763 359 2796 ³⁸
390 2759 545 2815 Rom.
582 2775 658 2823 ix,
697 2757 781 2812 19.

1918 1981 2175 2051 gerioque
2199 1984 2426 2048 alacres,
2461 1985 2730 2053 reliquum
2771 1986 2971 2039 bonum
2998 2002 3216 2041 cursum
3248 1996 3488 2041 vestrum

1919 2072 2150 2142 impigre
2180 2076 2568 2143 prosequimini
2601 2093 2613 2128 :
2648 2077 2812 2130 etiam
2855 2075 3224 2131 indesinenter
3261 2092 3360 2147 pro
3390 2093 3489 2131 no-

1914 2172 2024 2217 stra
2055 2164 2361 2220 humilitate
2389 2176 2693 2235 precantes,
2723 2166 2943 2238 quando
2974 2176 3028 2222 et
3050 2184 3148 2223 nos
3176 2183 3274 2238 pro
3308 2169 3489 2222 hono-

1914 2252 2080 2305 randa
2120 2263 2296 2307 vestra
2324 2255 2589 2309 charitate
2624 2276 2635 2310 :
2676 2273 2989 2327 quanquam
3022 2258 3271 2312 videatur
3304 2260 3355 2313 id
3388 2272 3489 2311 au-

1918 2340 2230 2398 daciuscule
2255 2345 2457 2399 dictum
2482 2361 2496 2397 :
2522 2345 2623 2399 Per
2651 2363 2766 2411 vos,
2794 2348 3030 2405 fraterne
3052 2352 3229 2406 saluto
3245 2361 3486 2405 vestrum

1917 2448 2135 2487 omnem
2194 2447 2519 2489 conventum
2563 2450 2687 2489 cum
2740 2438 2985 2507 reliquis.
3042 2440 3143 2506 Qui
3199 2440 3484 2495 nobiscum

1916 2537 2047 2581 sunt
2110 2526 2307 2583 fratres
2357 2528 2652 2597 plurimutn
2706 2531 2945 2585 salutant
2999 2533 3343 2588 sanctitatem
3400 2547 3483 2587 ve-

1916 2628 2105 2675 stram.

948 3068 1030 3129 IN
1074 3060 1703 3134 SUBSEQUENTEM
1752 3060 2337 3122 NARRATIONEM
2350 3062 2752 3125 MONITUM.

308 3210 387 3263 Ad
418 3223 533 3264 rem
564 3210 882 3266 canonicam
916 3210 1072 3265 valde
1103 3210 1337 3280 pertinet
1385 3208 1627 3264 narratio
1687 3205 1930 3277 quaedam
1976 3205 2187 3260 dissidii
2233 3206 2317 3260 vel
2370 3207 2554 3276 potius
2592 3207 2903 3263 scbismatis
2937 3206 3207 3262 Theodori
3252 3205 3476 3260 Studitae

234 3313 266 3351 a
298 3297 513 3351 duabus
544 3297 869 3366 patriarchis
904 3296 1132 3353 Tarasio
1151 3307 1205 3351 et
1240 3297 1580 3366 Nicephoro,
1608 3297 1750 3365 quod
1785 3311 1816 3349 a
1857 3294 2034 3347 Studii
2076 3294 2269 3349 deinde
2328 3296 2611 3349 monachis
2671 3296 2832 3364 paulo
2886 3294 3053 3349 ditius
3095 3295 3473 3349 continuatum

234 3383 359 3440 fuit.
391 3382 465 3437 Ea
499 3398 621 3437 cum
653 3384 787 3437 mihi
816 3393 1107 3454 conspecta
1142 3383 1305 3439 fuerit
1333 3385 1386 3438 in
1427 3383 1561 3438 Cod.
1600 3382 1717 3436 Vat.
1752 3382 1976 3451 praecisa
2007 3383 2301 3439 admodum
2338 3393 2391 3437 et
2422 3384 2557 3438 satis
2584 3383 2752 3447 utilis,
2796 3383 2922 3437 nolo
2946 3383 3195 3437 fraudare
3218 3382 3470 3448 lectores,

234 3485 387 3526 meos
415 3470 482 3525 de
512 3470 613 3525 hac
646 3470 1026 3526 ecclesiastica:
1047 3471 1287 3527 historiae
1317 3471 1601 3540 particula.
1635 3498 1701 3510 —-
1731 3470 1863 3523 Anc.
1901 3466 2005 3523 MAI
2039 3468 2290 3541 Spicileg.
2328 3468 2483 3524 Rom.
2526 3480 2563 3525 t.
2602 3468 2716 3536 VII,
2751 3486 2805 3539 ι).
2848 3487 2999 3524 xxix.

232 3688 373 3757 Περὶ
417 3686 707 3756 Tapaaiov
735 3685 831 3739 καὶ
854 3687 1195 3765 Νικηφόρον
1227 3686 1346 3741 τῶν
1370 3689 1441 3743 ἐν
1471 3690 1662 3760 ἁγίοις
1686 3706 1796 3745 πα·-
1823 3699 1865 3757 c

848 3773 1159 3824 τριαρχων.

302 3871 426 3924 Ὀτι
456 3872 727 3943 Ταράσιος
772 3870 865 3923 καὶ
905 3871 1217 3941 Νικηφόρος
1250 3872 1299 3923 οἱ
1330 3873 1562 3942 ἀοίδιμοι
1604 3891 1797 3943 πατρι-

235 3964 401 4033 άρχαι
473 3963 783 4031 οἰκονομίας
844 3962 996 4025 τινὰς
1059 3964 1371 4029 ἀναγκαίοις
1429 3967 1791 4036 ἐποιήσαντο,

229 4052 297 4104 δι’
332 4051 397 4113 ἃς
426 4052 519 4103 καὶ
550 4052 843 4123 ἀπέσχισεν
868 4053 1145 4107 ἑαυτὸνὲκ
1184 4055 1285 4124 τῆς
1336 4055 1541 4109 τούτων
1598 4071 1791 4110 κοινω-

228 4144 345 4206 νίας
382 4145 411 4195 ό
452 4144 510 4195 ἐν
563 4144 738 4210 ἁγίοις
794 4144 1070 4215 Θεόδωρος
1126 4148 1154 4197 ὁ
1204 4147 1515 4217 Στουδίτης,
1560 4148 1635 4211 ὡς
1692 4150 1788 4219 ἤδη

228 4231 692 4303 παρεδηλώσαμεν
718 4251 731 4264 ·
797 4235 1042 4304 βούλεται
1078 4233 1169 4290 οὖν
1218 4239 1246 4289 ό
1274 4236 1430 4304 λόγος
1464 4238 1667 4300 ταύτας
1713 4239 1785 4291 δι-

225 4324 553 4396 ηγήσασθαι.
596 4325 654 4377 Ὀ
708 4326 816 4396 γὰρ
848 4326 1099 4397 βασιλεὺς
1147 4330 1572 4394 Κωνσταντῖνος,
1620 4332 1648 4382 ό
1692 4329 1791 4398 τῆς

2024 3688 2099 3743 De
2126 3691 2323 3743 sanctis
2353 3690 2670 3757 patriarchis
2700 3688 2917 3743 Tarasio
2941 3700 2991 3743 et
3021 3689 3341 3761 Nicephoro.

1975 3875 2306 3928 Patriarcha:
2344 3873 2586 3927 celebres
2619 3872 2881 3926 Tarasius
2930 3881 3093 3941 atque
3126 3872 3467 3943 Nicephorus

1900 3962 2337 4030 dispensationes
2375 3962 2638 4029 quasdam
2691 3960 2954 4026 fecerunt,
3016 3979 3249 4032 quarum
3296 3980 3463 4019 causa

1908 4054 2182 4123 separavit
2213 4066 2271 4106 se
2302 4052 2371 4106 ab
2404 4052 2622 4104 illorum
2642 4053 3023 4109 communione
3052 4066 3271 4111 sanctus
3289 4056 3463 4111 Theo-

1897 4146 2064 4199 dorus
2094 4143 2333 4219 Studita,
2376 4152 2436 4197 ut
2474 4143 2585 4212 jam
2639 4144 3085 4212 signiﬁcavimus.
3137 4146 3236 4202 Ilei
3300 4148 3462 4219 igitur

1899 4233 2129 4287 historia
2178 4218 2462 4303 pandenda
2521 4244 2624 4287 est.
2682 4232 2981 4302 Imperator
3044 4218 3459 4301 Constantinus,

1898 4327 2164 4397 religiose
2210 4326 2390 4380 lrenes
2414 4326 2576 4391 ﬁlius,
2607 4341 2778 4380 uxore
2810 4341 2907 4381 sua
2931 4326 3121 4396 ejecta,
3146 4311 3199 4381 et
3223 4344 3320 4397 per
3353 4330 3459 4383 vim

1744 4422 1974 4480 ΝΟΤᾹΞ.

1889 4539 2017 4600 ritu,
2058 4537 2301 4591 subsidio
2326 4537 2497 4590 eidem
2524 4536 2740 4596 futuris,
2767 4534 2997 4590 dederit.

1958 4609 2072 4673 (‘27)
2106 4608 2240 4669 Ouia
2296 4618 2343 4660 et
2392 4617 2637 4659 naturam
2683 4607 2957 4666 discimus,
3001 4604 3059 4656 τὸ
3100 4605 3198 4673 τῆς
3228 4605 3448 4673 φύσεως

1886 4678 2245 4756 πανθάνομεν.
2262 4676 2417 4756 Yelttt
2436 4678 2601 4756 dicat,
2619 4674 3048 4756 afﬁciornatura:
3064 4674 3448 4756 aﬂectimribus,

1884 4763 1946 4801 ac
1968 4745 2254 4815 praesentit)
2279 4750 2327 4798 in
2368 4748 2451 4799 his
2482 4745 2743 4806 adversis,
2764 4754 2817 4797 et
2842 4746 3115 4797 communi
3140 4745 3448 4810 alﬁictiono,

1882 4817 2027 4885 quod
2054 4826 2135 4869 est
2164 4817 2419 4879 hominis,
2456 4830 2765 4885 quanquam
2805 4815 3140 4885 propositum
3164 4815 3327 4867 animi
3351 4831 3448 4869 Sll-

1885 4882 2049 4939 hlime
2098 4894 2181 4939 est
2202 4926 2216 4951 ,
2247 4901 2309 4939 ac
2354 4886 2417 4938 ad
2450 4882 2691 4939 sanetam
2722 4884 2864 4936 illam
2898 4882 3166 4934 ἀπάθειαν
3198 4884 3443 4951 impellit.

1807 4938 1859 4996 D
1888 4938 2098 5009 Similia
2128 4938 2239 5008 l‘er'c
2274 4938 2470 5023 Sulpit.
2503 4954 2843 5022 delacrymis
2875 4953 2927 5005 in
2952 4952 3101 5005 obittt
3136 4938 3446 5023 beati'MarQ

1888 5026 2015 5090 lini;
2042 5040 2140 5079 nec
2161 5022 2608 5092 vero.Apnstolus
2630 5038 2721 5076 eas
2749 5024 3018 5093 lacrymas
3050 5022 3317 5089 prohibet,
3350 5023 3443 5076 sed

1887 5097 2074 5163 quales
2096 5104 2223 5147 sunt
2252 5109 2439 5147 eorum
2470 5094 2564 5163 qui
2588 5108 2736 5161 spem
2775 5092 2882 5146 nou
2922 5092 3271 5163 habenuuaut
3304 5092 3446 5163 velut

1888 5160 1993 5217 non
2022 5164 2280 5217 haberent
2304 5160 2758 5230 minus—castigate
2780 5169 2833 5216 et
2856 5160 3118 5214 modestia
3134 5160 3439 5213 Christiana

1888 5236 2254 5303 Iacrymautur
2294 5243 2348 5287 et
2380 5235 2766 5303 lamentantur,
2809 5232 2955 5285 velut
2994 5230 3134 5283 facto
3184 5240 3441 5303 negantes

1887 5299 2342 5358 resurrectionem
2383 5304 2477 5373 :uin
2508 5318 2645 5371 quos
2684 5302 3147 5373 Qhrysostomus,_
3184 5300 3343 5373 litim.-
3370 5299 3429 5352 2|

1884 5374 1938 5427 in
1971 5375 2127 5435 Acta,
2160 5383 2212 5426 et
2240 5374 2264 5426 ι
2296 5374 2348 5425 iu
2385 5367 2554 5441 Epist.
2590 5374 2653 5425 ad
2684 5367 2847 5426 Hebr.
2875 5370 2962 5423 ubi
2995 5380 3047 5422 et
3098 5367 3438 5422 divinissime

1883 5452 2122 5503 enarrat,
2158 5444 2303 5511 qttod
2350 5442 2586 5496 Ecclesia
2619 5444 2766 5495 velut
2809 5441 3263 5494 resurrectionem
3301 5454 3439 5505 pra:-

1881 5514 2070 5567 dieaus
2097 5514 2148 5565 in
2171 5514 2404 5564 lidelunn
2430 5512 2721 5579 exsequiis,
2745 5511 3129 5579 suavissimum
3153 5516 3433 5579 personat:

1882 5582 2208 5647 Convertere,
2224 5583 2423 5645 animo,
2444 5583 2493 5634 in
2511 5578 2737 5651 requiem
2758 5595 2900 5634 tuam
2913 5621 2927 5647 ,
2941 5580 3063 5648 quia
3083 5578 3333 5629 Dominus
3349 5578 3435 5630 be-

1880 5654 2061 5717 nefacit
2091 5653 2202 5705 tibi.

1949 5715 2057 5791 (28)
2103 5723 2408 5777 [inmaniter
2435 5720 2662 5790 afﬂictos
2694 5738 2754 5775 ac
2786 5724 2985 5785 tristes,
3011 5715 3431 5791 ὲρικνωμένους.

1876 5786 1995 5859 Quo
2016 5786 2179 5863 settsu
2200 5786 2477 5863 llesyehio
2492 5786 2599 5857 "re,
2626 5794 2941 5862 κνωμὲνων,
2961 5786 3430 5856 θείποωυμένων.

1874 5875 1925 5920 Ct
1950 5865 2027 5931 τὸ,
2055 5861 2551 5933 κνῆ-σαπλυπῆσαι.

223 4537 579 4610 κεχρισμένος
608 4532 675 4610 ἦν
705 4537 1111 4608 ἀρχιερωσύνης
1130 4539 1208 4609 τῷ
1234 4538 1516 4608 χρίσματι·
1541 4539 1619 4594 sic
1642 4540 1785 4594 enim

223 4608 488 4680 ego‘cum»
509 4608 614 4661 ms.
636 4608 943 4680 jrungerem,
969 4624 1087 4680 Anon
1115 4618 1172 4680 ut
1215 4609 1418 4680 habent
1464 4610 1630 4680 edita,
1662 4624 1785 4680 cum

223 4677 579 4756 sequentibus
636 4679 703 4756 de
729 4677 1040 4756 _martyrio,
1077 4678 1160 4756 _ad
1194 4678 1340 4747 quod
1374 4678 1610 4756 chrisma
1657 4679 1784 4756 illud

226 4747 545 4814 pontiﬁcum
590 4747 958 4800 accidentario
1002 4747 1182 4810 habet,
1228 4750 1503 4801 communi
1538 4749 1782 4816 martyrii

226 4820 409 4873 laurea
450 4818 597 4869 omni
644 4816 922 4869 hominum
954 4818 1119 4868 statui
1150 4826 1203 4869 et
1230 4816 1437 4881 ordini;
1471 4818 1569 4871 nec
1605 4819 1784 4871 minus

199 4888 289 4958 .ad
318 4900 507 4939 omnes
548 4884 799 4946 habente,
829 4900 993 4958 quam
1026 4885 1221 4958 habeat
1247 4886 1448 4939 Christi
1477 4886 1778 4958 eharitas,ta

224 4972 329 5026 qua
374 4966 476 5019 est,
516 4962 577 5007 ut
645 4956 961 5026 martyrium
1003 4954 1106 5018 sit;
1163 4964 1423 5026 operante
1476 4957 1532 5026 in
1580 4970 1673 5026 eo,
1708 4964 1782 5026 Aut

222 5022 423 5089 Christi
453 5025 704 5093 passione
734 5022 825 5085 per
852 5022 1434 5093 imitationeni'operis,
1474 5024 1546 5077 ita
1578 5023 1779 5093 Spiritu

222 5107 412 5147 saneto
438 5092 528 5161 per
556 5092 895 5159 potissimum
925 5092 1230 5147 dileCtionis
1256 5092 1525 5154 aﬁectum,
1552 5104 1601 5145 ιιι
1624 5092 1627 5093 ⁷
1649 5094 1782 5148 scite

220 5164 413 5216 doctor
465 5172 652 5215 noster
697 5164 974 5230 angelicus
1001 5163 1052 5215 3.
1096 5178 1146 5228 ιι.
1177 5179 1233 5229 q.
1264 5161 1351 5215 66.
1386 5178 1414 5215 a
1447 5163 1533 5216 ιε.
1559 5162 1674 5215 Νοιι
1703 5166 1781 5218 sic

219 5232 301 5295 τὸ,
354 5230 612 5302 θεοφόρον
691 5235 783 5285 scd
831 5234 895 5285 iis
931 5232 1074 5283 velut
1112 5232 1387 5302 proprium
1438 5242 1539 5298 est,
1582 5234 1779 5302 quihns

221 5301 512 5372 Apostolus
532 5300 833 5354 doctrinam
875 5310 933 5353 ut
985 5301 1256 5370 prepriam
1300 5302 1483 5353 tribuit
1532 5323 1543 5355 :
1591 5300 1781 5372 nempe

222 5370 608 5440 pastoribuset
636 5372 950 5439 episcopis-z
979 5386 1117 5440 quos
1143 5380 1392 5439 oporteat
1434 5372 1500 5423 ab
1547 5374 1659 5440 ipsa
1693 5370 1781 5426 ra-

224 5440 369 5492 tione
395 5439 553 5493 oﬁicii
594 5454 712 5492 eSse
758 5440 863 5493 Deo
890 5440 1117 5502 adlatos,
1152 5455 1215 5493 ac
1260 5455 1356 5493 ceu
1402 5439 1615 5495 aiilanie
1672 5442 1779 5497 Deo

221 5509 415 5562 docere
438 5507 707 5575 subjectus
740 5511 940 5578 plebes;
973 5520 1029 5562 ut
1052 5510 1143 5563 alii
1164 5524 1353 5563 omnes
1374 5550 1388 5572 ,
1426 5514 1538 5565 sive
1583 5510 1779 5569 Dama:

221 5592 438 5641 scenus,
457 5579 919 5648 siveTheodorus.
943 5580 1053 5633 sive
1080 5580 1364 5642 Maximus,
1394 5590 1487 5636 aut
1508 5582 1775 5648 Ephrmm,

221 5657 532 5720 nosterque
556 5646 940 5720 Hieronymus.
970 5665 1035 5702 ac
1062 5660 1329 5717 quotquot
1354 5667 1457 5703 non
1511 5646 1771 5720 episcopi,

221 5731 344 5788 vere
378 5717 621 5787 θεοφόροι
656 5728 708 5771 et
734 5720 831 5787 ipsi
860 5718 1095 5781 fuerunt,
1151 5720 1294 5771 velut
1336 5717 1567 5787 quadam
1607 5717 1768 5788 parti-

218 5786 492 5859 cipatione
537 5786 827 5855 pastoralis
854 5789 998 5859 illius
1058 5789 1303 5859 spiritus,
1350 5786 1620 5859 ejusmodi
1651 5791 1768 5845 fuco

221 5855 329 5911 rint
368 5874 381 5913 :
417 5856 558 5913 velut
584 5859 827 5915 seniores
856 5858 1056 5930 quibus
1085 5855 1346 5915 Dominus
1378 5855 1444 5915 de
1466 5860 1628 5918 Mosis
1658 5862 1768 5931 Spi-
