4188 6470
738 402 869 469 1851

2156 410 2559 472 APPENDIX.

3842 402 4001 467 1852

732 527 919 583 tonsa,
948 518 1111 575 aliam
1143 520 1575 577 subintroduxit.
1604 519 1669 575 Et
1698 529 1923 577 sanctus
1948 520 2169 591 quidem
2193 520 2298 576 Ta-

2404 524 2754 595 φιλοχρίστου
2798 520 3037 592 Εἰρήνης
3083 518 3219 585 υίὸς,
3266 518 3363 588 τὴν
3391 514 3587 570 ἑαυτοῦ
3620 512 3854 583 σύμϐιον
3894 513 3997 577 ἐξ.

731 609 933 675 rasius,
962 609 1057 679 qui
1093 617 1224 665 tunc
1253 610 1517 680 temporis
1544 608 2171 679 Constantinopolitanae
2200 608 2302 664 Ec-

730 698 911 753 clesia;
931 698 1143 752 clavum
1180 699 1592 764 moderabatur,
1628 714 1853 769 prorsus
1876 714 1980 753 non
2000 699 2300 764 consensit;

733 788 829 845 sed
854 790 1097 845 ecclesia:
1125 790 1407 861 presbyter
1442 791 1690 861 quidam,
1738 790 1959 845 nomine
2006 788 2300 860 Iosephus,

731 880 855 935 illus
883 881 1185 935 coronavit.
1220 878 1377 935 Tunc
1412 896 1542 950 ergo
1571 894 1801 951 magnus
1839 878 2163 936 Theodorus
2201 881 2301 934 im-

729 979 1037 1040 peratorem
1072 971 1259 1025 divino
1287 971 1403 1025 zelo
1436 981 1746 1027 commotus
1778 973 2296 1035 excommunicavit,

729 1072 784 1118 et
822 1078 920 1117 ceu
948 1064 1189 1132 graviter
1214 1072 1404 1118 contra
1433 1063 1524 1133 jus
1549 1072 1799 1132 agentem
1840 1063 2139 1132 redarguit,
2176 1064 2300 1119 aliis

730 1153 920 1209 multis
957 1155 1292 1223 pmpositutn
1322 1155 1441 1224 ejus
1489 1154 1777 1223 zelumque
1799 1155 2135 1209 sectantibus
2171 1173 2185 1208 :
2225 1156 2300 1209 si-

729 1246 955 1315 mulque
1008 1247 1279 1315 separavit
1311 1262 1369 1301 se
1416 1246 1485 1300 ab
1511 1244 1755 1300 Ecclesia
1788 1254 1841 1299 et
1883 1261 1912 1298 a
1954 1248 2299 1318 patriarcha;

730 1337 859 1406 quia
904 1338 1116 1392 etiamsi
1160 1338 1365 1408 nuptiis
1410 1337 1613 1391 illicitis
1656 1354 1762 1393 non
1809 1349 2163 1395 consenserat
2203 1355 2301 1408 pa-

730 1420 992 1495 triarcha,
1019 1429 1161 1484 haud
1200 1438 1379 1483 tamen
1413 1438 1602 1483 contra
1626 1428 1818 1492 iverat,
1852 1446 2026 1499 neque
2052 1431 2298 1484 divinum

732 1520 906 1574 zelum
946 1522 1207 1576 adversus
1238 1522 1616 1591 imperatorem
1660 1524 1793 1576 tanti
1822 1523 2004 1592 ﬂagitii
2030 1538 2180 1577 reum
2204 1537 2301 1577 ex-

731 1614 1094 1682 promp'serat.
1125 1610 1230 1667 Sed
1261 1623 1547 1683 postquam
1582 1614 1693 1669 Deo
1737 1614 1948 1670 vindice
1982 1615 2300 1669 Constanti-

720 1704 838 1759 ~nus
873 1714 1177 1760 excaecatus
1230 1705 1354 1770 fuit,
1384 1716 1439 1760 et
1494 1706 1657 1775 hujus
1696 1722 1915 1777 quoque
1949 1714 2122 1761 mater
2148 1706 2327 1761 lrene'

734 1794 963 1864 imperio
991 1797 1209 1861 excidit,
1264 1796 1310 1851 is
1342 1797 1434 1866 qui
1467 1796 1607 1852 hanc
1664 1798 1879 1852 insidiis
1926 1799 2299 1853 exauctoravit

732 1881 1077 1954 Nicephorus
1122 1896 1335 1956 sceptro
1385 1887 1611 1956 potitus,
1664 1886 1807 1942 inter
1856 1887 1963 1942 alia
2012 1902 2297 1957 perperam

733 1984 1062 2045 perpetrata,
1103 1992 1322 2046 operam
1372 1978 1521 2031 dedit
1572 1985 1631 2031 ut
1672 1978 1963 2045 praedictus
2016 1979 2301 2049 presbyter

733 2060 1024 2130 Josephus,
1059 2063 1171 2133 jam
1204 2066 1377 2121 sacris
1396 2069 1675 2132 exclusus,
1715 2084 1909 2123 rursus
1931 2068 1985 2122 in
2010 2068 2299 2123 ecclesiam

734 2153 1091 2221 reciperetur.
1118 2154 1257 2209 Tum
1285 2168 1506 2214 sanctus
1539 2158 1903 2228 Nicephorus,
1949 2160 2149 2213 mortui
2187 2159 2299 2228 jam

735 2241 948 2298 Tarasii
976 2260 1287 2313 successor,
1328 2248 1621 2319 Nicephori
1658 2250 2004 2320 imperatoris
2034 2252 2302 2305 voluntati

735 2336 1142 2401 eondescendit,
1168 2347 1221 2392 et
1254 2339 1553 2409 Josepltum
1583 2342 1825 2396 admisit.
1883 2341 2056 2408 Quam
2086 2343 2156 2395 ob
2190 2358 2301 2396 rem

737 2440 933 2479 rursus
975 2442 1205 2496 magnus
1240 2427 1564 2485 Theodorus
1600 2431 1670 2484 ab
1714 2431 1880 2499 hujus
1908 2447 2124 2502 quoque
2155 2446 2306 2487 com-

740 2518 1000 2573 munione
1038 2529 1211 2573 semct
1252 2524 1503 2576 secrevit.
1555 2522 1621 2577 Et
1667 2524 1887 2592 quidem
1924 2524 2037 2592 jam
2071 2525 2195 2579 inde
2237 2526 2307 2580 ab

741 2606 897 2661 initio
941 2620 1165 2665 sanctus
1213 2611 1532 2668 Theodorus
1597 2615 1940 2683 iniquitatem
1998 2615 2143 2669 illam
2195 2631 2305 2670 non

744 2699 984 2765 tulerat;
1036 2717 1349 2773 quanquam
1406 2705 1799 2761 Constantinus
1850 2707 2147 2776 imperator
2194 2724 2310 2761 ntu-

2404 616 2572 681 ώσας,
2594 616 2688 669 καὶ
2705 614 3005 682 ἀποκείρας
3020 613 3259 666 ἄκουσαν
3278 610 3371 663 καὶ
3384 608 3458 679 μὴ
3484 605 3841 677 βουλομένην,
3860 604 3997 657 ἑτέ-

2408 727 2507 781 ραν
2537 710 2649 760 ἀντ’
2671 706 2841 775 αὐτῆς
2867 704 3108 773 ἠγάγετο
3132 718 3145 733 ’
3170 703 3271 754 καὶ
3292 703 3320 754 6
3351 701 3450 769 μὲν
3501 699 3656 767 ἇγιος
3698 696 3995 767 Ταράσιος

2409 794 2584 869 (οὗτος
2614 797 2724 868 γὰρ
2744 793 2814 867 ἦν
2837 794 3139 865 τηνικαῦτα
3166 792 3293 855 τοὺς
3318 791 3511 852 οῐακας
3546 788 3739 842 ίθύνων
3794 786 3903 856 τῆς
3930 786 3995 836 ὲν

2404 886 2983 944 Κωνσταντινουπὸλει
3027 882 3378 951 Ἐκκλησίας.
3412 880 3549 941 ὅλως
3574 881 3655 941 είς
3699 875 3864 929 τοῦτο
3921 874 3992 926 οὐ

2404 980 2797 1047 συνευδόκησεν
2816 993 2832 1009 ⁸
2860 976 2995 1030 ἀλλὰ
3013 972 3383 1044 πρεσὸύτερός
3410 988 3495 1033 τις
3517 973 3616 1040 τῆς
3643 965 3993 1035 Ἐκκλησίας

2403 1074 2577 1143 ὄνομα
2622 1070 2843 1139 Ἰωσὴφ,
2869 1067 3247 1135 ἐστεφάνωσεν
3276 1062 3473 1124 αὐτούς
3504 1077 3517 1089 ·
3550 1062 3674 1113 τότε
3729 1058 3924 1110 τοίνυν
3960 1058 3992 1106 6

2407 1164 2577 1235 μέγας
2613 1161 2887 1231 Θεόδωρος
2912 1158 3001 1211 τὸν
3036 1155 3261 1226 βασιλέα
3290 1154 3390 1224 μὲν
3425 1149 3776 1221 ἀπεκήρυξεν
3830 1148 3993 1217 ζήλῳ

2403 1255 2533 1325 θείῳ
2562 1250 3015 1320 κινούμενος,καὶ
3042 1249 3117 1311 ὡς
3141 1248 3203 1299 οὐ
3236 1244 3471 1315 μετρίως
3501 1240 3991 1311 παρανομήσαντα

2403 1345 2653 1415 ῆλεγξεν,
2691 1339 3172 1408 ἀκολουθησάντων
3200 1335 3279 1405 τῷ
3307 1334 3474 1389 αὐτοῦ
3530 1330 3720 1401 σκοπῷ
3774 1348 3837 1383 τε
3881 1329 3990 1382 καὶ

2402 1436 2547 1505 ζήλῳ
2569 1436 2661 1487 καὶ
2678 1434 2853 1486 ἄλλων
2879 1430 3161 1483 πλειόνωνο
3185 1424 3493 1497 ἀφώρισεδὲ
3521 1423 3711 1476 ἑαυτὸν
3722 1420 3790 1489 τῆ
3796 1438 3825 1483 ς
3854 1420 3991 1471 ἐκ-

2402 1527 2631 1597 κλησίας
2661 1523 2871 1578 καὶτοῦ
2898 1522 3241 1592 πατριάρχου
3279 1534 3293 1549 ⁸
3321 1517 3455 1571 διότι
3482 1518 3530 1568 εί
3557 1515 3651 1569 καὶ
3679 1514 3756 1584 μὴ
3778 1528 3982 1567 συνευ-

2401 1619 2629 1688 δόκησεν
2674 1618 2754 1678 εἰς
2811 1615 2903 1667 τὸν
2948 1612 3265 1682 παράνομον
3318 1610 3496 1677 γάμον
3529 1609 3557 1660 6
3600 1604 3987 1676 πατριάρχης.

2401 1711 2515 1765 ἀλλ’
2539 1709 2646 1762 οὐδ’
2678 1706 2991 1775 ἐπεξῆλθεν,
3007 1703 3127 1756 οὐδὲ
3144 1702 3302 1771 ζῆλον
3318 1700 3461 1753 θεῖον
3485 1697 3800 1762 ἐπεδείξατο
3831 1694 3989 1745 κατᾶ

2401 1800 2495 1853 τοῦ
2544 1797 2862 1867 τηλικοῦτον
2914 1798 3067 1860 μῖσος
3097 1792 3472 1863 ἐργασαμένου
3506 1788 3791 1857 βασιλέως.
3831 1783 3991 1837 Ἀλλ’

2404 1891 2542 1961 μετὰ
2596 1890 2695 1958 τὴν
2751 1890 2816 1941 ἐκ
2868 1886 3018 1948 Θείας
3069 1884 3222 1953 δίκης
3271 1882 3349 1951 τῷ
3387 1878 3777 1946 κωνσταντίνῳ
3810 1878 3987 1930 ἐπεν-

2402 1980 2652 2051 εχθεῖσαν
2674 1976 2969 2046 τύφλωσιν,
2986 1976 3080 2026 καὶ
3094 1975 3193 2042 τὴν
3211 1975 3276 2025 ὲκ
3298 1970 3395 2040 τῆς
3414 1966 3691 2038 βασιλείας
3711 1962 3987 2031 καθαίρε-

2405 2090 2489 2127 σιν
2522 2072 2754 2142 Εἰρήνης
2780 2069 2881 2137 τῆς
2914 2067 3101 2121 τούτου
3130 2064 3356 2135 μητρὸς,
3381 2064 3409 2114 6
3436 2059 3640 2129 ταύτην
3663 2056 3724 2121 ἐξ
3751 2052 3987 2106 ἐπιϐουο

2402 2166 2501 2235 λῆς
2528 2162 2773 2218 καθελὼν
2825 2158 3139 2229 Νικηφόρος
3195 2155 3305 2208 τῶν
3340 2155 3633 2223 σκήπτρων
3694 2144 3987 2235 ἐγκραςεῆς

2403 2234 2715 2324 γενόμενος,
2746 2254 2881 2321 μετὰ
2907 2250 3018 2302 τῶν
3046 2248 3221 2303 ἄλλων
3245 2238 3319 2297 ὧν
3348 2245 3448 2297 οὐκ
3472 2239 3686 2308 εὐαγῶς
3712 2234 3984 2324 ἔπραξεν,

2405 2323 2701 2407 ἐσπούδαζε
2733 2342 2827 2395 καὶ
2857 2341 2949 2392 τὸν
2976 2336 3345 2409 προλεχθὼτα
3374 2330 3743 2403 πρεσϐύτερον
3772 2323 3984 2392 Ἰωσὴφ

2404 2433 2791 2507 καθῃρημένον
2830 2431 2953 2500 ἤδη,
2981 2428 3237 2498 δεχθῆναι
3265 2424 3426 2479 πάλιν
3459 2424 3517 2476 ὲν
3566 2423 3634 2490 τῇ
3662 2414 3940 2507 ἐκκλησίᾳ
3964 2428 3981 2441 ⁶

2406 2532 2434 2582 ὁ
2470 2506 2529 2581 δέ
2571 2530 2629 2580 ὲν
2654 2526 2827 2593 ἁγίοις
2852 2522 3189 2591 Νικηφόρος,
3224 2517 3602 2585 διαδεξάμενος
3635 2510 3735 2581 ἤδη
3782 2506 3983 2559 τελευ-

2406 2619 2650 2690 τήσαντα
2674 2616 2765 2668 τὸν
2790 2615 3080 2685 Ταράτιον,
3115 2608 3426 2679 συγκατέδη
3476 2606 3541 2674 τῇ
3570 2599 3665 2655 τοῦ
3707 2596 3986 2690 βασιλέως

2407 2688 2726 2779 Νικηφόρον
2764 2706 2987 2774 σπουδῇ,
3026 2705 3119 2757 καὶ
3147 2700 3451 2764 εἰσεδέξατο
3472 2694 3560 2747 τὸν
3599 2691 3798 2759 Ἰωσήφ
3819 2704 3833 2717 ·
3853 2688 3986 2779 ὅθεν

742 2805 871 2845 nera
936 2805 1155 2861 quoque
1206 2794 1499 2862 obtulerat,
1551 2812 1786 2866 eumque
1836 2798 2061 2853 omnino
2094 2799 2310 2869 placare

2410 2777 2574 2854 πάλιν
2603 2777 2641 2852 όν
2666 2798 2845 2868 μέγας
2859 2795 3130 2862 Θεόδωρος
3148 2791 3241 2842 καὶ
3270 2790 3334 2840 ὲκ
3361 2787 3459 2855 τῆς
3483 2784 3672 2836 τούτου
3690 2777 3984 2869 κοινωνίας

742 2890 1010 2950 sategerat
1031 2892 1143 2937 tum
1172 2888 1285 2953 ipse
1306 2901 1399 2955 per
1418 2901 1496 2949 se,
1522 2895 1635 2940 tum
1652 2901 1746 2955 per
1771 2887 1929 2950 alios,
1944 2898 1999 2943 et
2023 2868 2117 2959 per
2137 2890 2308 2958 ipsam

2411 2890 2822 2961 ἀπορῤήγνυται
2839 2899 2851 2913 ·
2872 2884 2984 2937 ἀλλ’
3014 2880 3177 2941 αὐτὸς
3203 2878 3304 2947 μὲν
3354 2878 3383 2929 6
3406 2877 3463 2928 ὲν
3491 2872 3665 2941 ἁγίοις
3698 2868 3985 2937 Θεόδωρος

743 2970 978 3040 denique
1006 2972 1344 3042 illegititnam
1382 2974 1697 3043 conjugem,
1731 2991 1853 3044 quae
1874 2976 2165 3033 Theodoro
2194 2988 2310 3033 erat

2413 2982 2537 3036 οὔτε
2571 2980 2631 3045 ἐξ
2662 2979 2834 3049 ἀρχῆς
2854 2979 2922 3046 τῇ
2966 2972 3283 3042 παρανομία
3336 2966 3626 3022 συνθέσθαι
3680 2962 3985 3031 ἠνέσχετο,

742 3062 918 3118 aﬂinis
955 3082 967 3117 :
1006 3080 1184 3134 neque
1214 3066 1365 3129 item,
1400 3069 1723 3138 gravissima
1762 3072 1832 3125 ab
1859 3072 1951 3125 illo
1993 3087 2310 3140 perpessus,

2416 3074 2623 3141 καίπερ
2652 3070 2746 3123 τοῦ
2776 3066 3041 3138 βασιλέως
3066 3061 3482 3116 Κωνσταντίνου
3508 3058 3601 3111 καὶ
3628 3054 3777 3123 δῶρα
3838 3069 3984 3123 προσ

742 3154 936 3209 exsilia
980 3156 1210 3222 scilicet,
1258 3172 1537 3221 carceres,
1589 3160 1804 3231 longam
1858 3161 2077 3226 famem,
2142 3163 2310 3232 plagis

2414 3164 2703 3224 τείνοντος,
2742 3160 2836 3211 καὶ
2866 3154 3135 3217 παντοίως
3161 3148 3503 3205 τιθασσεύειν
3549 3145 3713 3198 αὑτὸν
3778 3144 3988 3211 ἐπιχει-

743 3246 907 3299 etiatn
933 3246 1095 3301 dorso
1126 3247 1366 3312 inﬂictis,
1410 3259 1463 3304 et
1499 3251 1832 3305 omnimodis
1858 3253 2213 3320 cruciatibus,
2246 3256 2310 3310 de

2420 3252 2635 3325 ροῦντος
2667 3248 2757 3303 διὸ.
2784 3264 2845 3301 τε
2874 3243 3089 3308 ἑαυτοῦ,
3121 3242 3217 3296 καὶ
3241 3242 3307 3295 δι’
3332 3238 3559 3309 ἐτίρων,
3588 3234 3683 3287 καὶ
3707 3232 3986 3325 δι’ᾲαὺτῇς

743 3337 927 3391 divino
957 3337 1073 3392 zelo
1104 3339 1401 3409 quidquam
1433 3342 1663 3409 remisit,
1686 3359 1861 3412 neque
1895 3345 2117 3415 segnius
2179 3346 2315 3402 resi-

744 3440 893 3486 stere
932 3430 1087 3486 visus
1115 3441 1217 3487 est.
1261 3431 1514 3489 Profecto
1571 3437 1685 3491 leve
1747 3437 1914 3492 videri
1944 3453 2050 3492 non
2100 3447 2312 3508 poterat

746 3531 911 3577 tanta
942 3523 1159 3577 virtutis
1195 3524 1311 3577 viro
1342 3524 1687 3583 Constantini
1728 3529 2018 3600 ﬂagitium,
2054 3531 2200 3602 quod
2243 3532 2313 3585 ab

747 3619 1075 3686 imperatore
1120 3621 1392 3690 inceptum
1464 3620 1530 3675 ad
1579 3622 1937 3691 plurimarum
2000 3623 2309 3677 animarum

748 3704 1155 3759 subversionem
1197 3706 1310 3775 jam
1349 3706 1711 3761 redundabat.
1770 3706 1984 3761 Etenim
2050 3709 2310 3764 mortales

749 3794 927 3861 multi,
970 3797 1267 3864 praesertim
1310 3798 1374 3852 ad
1412 3798 1691 3851 libidinem
1733 3799 1912 3868 proni,
1959 3814 2147 3854 ansam
2190 3800 2314 3856 inde

748 3883 1078 3953 abripientes
1105 3886 1167 3939 ad
1203 3900 1331 3941 suas
1358 3887 1650 3955 explendas
1693 3888 2120 3956 intemperantes
2156 3889 2313 3958 cupi-

745 3972 961 4038 ditates,
1002 3974 1115 4043 jam
1156 3986 1412 4046 tanquam
1448 3978 1616 4047 legem
1661 3976 1922 4046 ﬂagitium
1970 3978 2317 4048 imperatoris

746 4064 1115 4130 sectabantur,
1180 4066 1447 4135 legitimas
1498 4066 1745 4138 pellendo
1789 4081 2011 4131 uxores,
2063 4076 2118 4122 et
2177 4069 2312 4125 alias

747 4162 911 4225 prout
932 4156 1130 4226 cuique
1161 4158 1333 4227 magis
1353 4158 1639 4227 placebant
1665 4158 1767 4212 sibi
1804 4159 2141 4229 copulantes.
2164 4159 2315 4216 llanc

747 4256 952 4315 pestem
983 4246 1095 4316 jam
1130 4248 1197 4301 ad
1218 4249 1400 4318 plures
1442 4250 1694 4317 regiones
1727 4260 2037 4305 manantem
2084 4266 2314 4306 cernens

749 4350 983 4404 magnus
1013 4336 1357 4403 Theodorus,
1389 4340 1685 4394 commovlt
1718 4341 1833 4409 ipse
1866 4356 2022 4395 suum
2052 4341 2314 4398 adversus

752 4425 1140 4496 imperatorem
1173 4430 1417 4485 divinum
1454 4432 1647 4495 zelum,
1683 4440 1741 4484 ut
1777 4431 2036 4496 diximus,
2073 4440 2127 4487 et
2149 4432 2215 4487 ad
2247 4436 2312 4488 ti-

2413 3319 2479 3412 δὴ
2508 3343 2605 3412 τῆς
2628 3340 2882 3409 ἀθέσμως
2912 3335 3058 3406 αὐτῷ
3085 3331 3504 3400 συνοικησάσης,
3537 3323 3835 3393 συγγενοῦς
3891 3319 3986 3373 οὕ-

2416 3452 2517 3506 σης
2554 3433 2646 3486 τοῦ
2679 3431 2887 3501 Πατρός
2911 3446 2925 3459 ·
2954 3426 3076 3481 οὔτε
3124 3422 3278 3486 αὖθις
3305 3422 3371 3474 τὰ
3408 3418 3686 3473 δεινότατα
3740 3412 3984 3513 ὐποπᾷ

2414 3527 2546 3598 παρ’
2570 3522 2733 3578 αὑτοῦ
2750 3525 2805 3575 ὲν
2821 3520 3077 3591 ὲξορίαις,
3093 3517 3183 3570 καὶ
3204 3514 3465 3581 εἱρκταῖς,
3484 3508 3577 3562 καὶ
3601 3506 3747 3575 λιμῷ
3764 3506 3983 3572 μακρῷ,

2414 3621 2650 3691 πληγαῖς
2685 3634 2743 3671 τε
2772 3620 2892 3679 ταῖς
2919 3613 3059 3668 κατὰ
3090 3611 3198 3664 τῶν
3224 3607 3432 3667 νώτων,
3455 3605 3550 3657 καὶ
3579 3601 3864 3661 παντοίαις
3886 3614 3988 3650 κα-

2418 3690 2643 3774 κώσεσι,
2674 3705 2956 3777 καθυφῆκέ
2980 3722 3033 3757 τι
3065 3700 3160 3754 τοῦ
3193 3699 3336 3753 θείου
3361 3696 3545 3768 ζήλου,
3581 3694 3615 3762 ἢ
3640 3692 3778 3753 ὅλως
3808 3690 3985 3760 ἥττων

2417 3801 2571 3871 ὤφθη
2600 3802 2700 3869 τὴν
2730 3799 2995 3851 ἔνστασιν.
3016 3793 3090 3846 (ὶύ
3118 3791 3228 3861 γὰρ
3253 3786 3320 3860 ἦν
3359 3786 3589 3856 ἐλαφρὸν
3629 3784 3807 3837 δοκεῖν
3834 3778 3987 3849 ἀνδρὶ

2416 3890 2654 3961 τοσούτῳ
2669 3890 2765 3958 τὴν
2782 3891 2810 3941 ἁ
2821 3885 2981 3956 ρετὴν
2997 3883 3059 3936 τὸ
3073 3882 3166 3935 τοῦ
3180 3877 3587 3934 Κωνσταντίνου
3608 3872 3982 3943 παράπτωμαο

2421 3986 2515 4037 καὶ
2545 3982 2653 4051 γὰρ
2684 3981 2778 4032 ἀπ’
2808 3976 2971 4030 αὑτοῦ
3005 3974 3197 4027 τούτου
3226 3970 3321 4024 τοῦ
3356 3966 3615 4038 βασιλέως
3678 3963 3984 4034 ἀρξάμενον

2417 4078 2495 4138 είς
2523 4069 2909 4141 καταστροφὴν
2942 4065 3151 4137 μυρίων
3188 4061 3374 4133 ψυχῶν
3430 4060 3532 4128 ήδη
3587 4054 3940 4127 προέϐαινειν
3961 4067 3978 4081 ·

2418 4164 2465 4215 οί
2493 4161 2603 4229 γὰρ
2633 4158 2817 4212 πολλοὶ
2842 4156 2953 4209 τῶν
2982 4154 3076 4207 ἀνθ
3088 4153 3304 4225 ρώπων,
3356 4149 3449 4202 καὶ
3474 4147 3671 4217 μᾶλλον
3697 4148 3747 4199 οί
3800 4147 3980 4213 ἔμπα-

2417 4254 2682 4322 θέστεροι,
2712 4250 2964 4321 ἀφορμὴν
2980 4251 3043 4301 ἐκ
3064 4247 3253 4300 τούτου
3281 4242 3645 4314 λαμϐάνοντες
3673 4239 3754 4301 είς
3779 4235 3983 4307 εκπλή-

2422 4360 2590 4416 ρωσιν
2638 4342 2747 4395 τῶν
2778 4339 3090 4393 ἀκολάστων
3122 4334 3300 4389 αὐτῶν
3330 4330 3657 4400 ἑπιθυμιιῖιν,
3706 4327 3785 4389 ὡς
3839 4327 3985 4416 νόμῳ

2417 4413 2578 4503 δῆθεν
2607 4432 2672 4501 τῇ
2735 4426 3047 4499 παρανομίᾳ
3072 4424 3166 4478 τοῦ
3201 4423 3463 4495 βασιλέως
3489 4420 3725 4480 εἵποντο,
3761 4418 3863 4479 τὰς
3888 4413 3985 4484 μὲν

753 4534 878 4573 nem
919 4536 1091 4589 usque
1137 4521 1415 4576 dissensit.
1451 4521 1621 4575 Porro
1652 4536 1719 4575 ex
1763 4522 1924 4577 dictis
1966 4524 2310 4593 patriarchis,

2421 4528 2562 4580 κατὰ
2595 4524 2758 4594 νόμον
2794 4524 2896 4593 ήδη
2945 4518 3333 4587 συζευχθείσας
3373 4516 3556 4575 αὐτοῖς
3580 4512 3849 4579 γυναῖκας
3892 4507 3982 4594 εκ·

752 4611 911 4666 divus
946 4613 1161 4681 quidem
1208 4611 1467 4668 Tarasius
1508 4613 1629 4667 ideo
1664 4614 2072 4680 eondescendit,
2118 4624 2173 4671 et
2214 4615 2319 4673 hoc

754 4702 1001 4771 iniquum
1059 4703 1402 4759 Constantini
1464 4703 1678 4760 facinus
1745 4705 2133 4770 dissimulaVit,
2187 4708 2315 4777 quia

752 4793 1064 4847 minabatur
1094 4794 1231 4848 idem
1253 4794 1647 4851 Constantinus
1700 4796 2021 4865 imperator,
2065 4796 2171 4853 nisi
2205 4812 2318 4852 sua:

750 4884 1015 4938 voluntati
1042 4886 1258 4940 cederet
1280 4886 1612 4955 patriarcha,
1644 4902 1701 4941 se
1728 4887 2063 4956 superiorem
2083 4888 2317 4958 impera-

750 4983 931 5029 torum
956 4975 1206 5031 haeresim
1230 4978 1683 5039 instauraturum,
1716 4987 1770 5033 et
1794 4978 2131 5034 venerandas
2190 4994 2318 5033 san—

750 5076 983 5137 ctasque
1030 5067 1295 5136 imagines
1336 5070 1517 5123 denuo
1545 5068 1975 5124 destrueturum.
2028 5069 2317 5140 Propterea

751 5155 917 5227 igitur
951 5157 1127 5211 visum
1157 5165 1240 5212 est
1264 5158 1315 5213 ei
1342 5158 1681 5229 aliquantum
1711 5159 1778 5215 de
1804 5159 2057 5214 districto
2078 5161 2203 5230 jure
2229 5177 2315 5215 re-

753 5247 989 5313 mittere,
1029 5263 1098 5304 ne
1134 5250 1212 5305 rei
1239 5265 1510 5306 summam
1546 5251 1944 5320 pessumtlaret.
1990 5251 2058 5305 At
2094 5260 2317 5307 sanctus

752 5336 1114 5409 Nicephorus,
1163 5356 1286 5396 cum
1335 5342 1490 5397 valde
1534 5350 1693 5396 antea
1736 5342 2028 5398 restitisset
2074 5345 2318 5413 regnanti

752 5439 879 5499 post
906 5428 1325 5485 Constantinum
1366 5429 1672 5502 Nicephoro
1700 5449 1713 5498 ;
1762 5441 1948 5502 postea
1977 5444 2159 5487 tamen
2188 5448 2318 5488 con-

754 5522 1049 5575 tumaciatn
1110 5522 1275 5593 hujus
1321 5524 1629 5594 mentisque
1690 5526 2013 5595 pravitatem
2076 5526 2321 5595 apprime

753 5611 955 5677 sciens,
985 5614 1292 5683 timensque
1325 5630 1391 5670 ne
1416 5614 1707 5685 aliquando
1740 5630 1825 5670 res
1849 5630 2042 5671 omnes
2060 5615 2319 5670 ecclesia-

754 5702 923 5759 sticas
971 5704 1215 5761 turbaret
1255 5721 1321 5761 ac
1353 5708 1727 5777 permisceret,
1772 5706 2163 5763 eondescendit
2204 5706 2320 5777 ipse

752 5808 996 5866 quoque,
1039 5805 1093 5853 et
1151 5808 1563 5855 exauctoratum
1625 5796 1919 5870 Josepbunt
1966 5796 2189 5869 recepit,
2234 5795 2313 5853 uti

2419 4593 2725 4678 ϐάλλοντες,
2757 4611 2948 4681 ἑτέρας
2993 4609 3051 4661 δὲ
3088 4609 3265 4677 ἇσπερ
3297 4599 3441 4674 εἶχον
3469 4598 3840 4667 καταθυμίους
3875 4593 3983 4645 εἱσ-

2418 4707 2750 4775 οικιςόμενοι
2795 4716 2808 4730 ·
2865 4698 3070 4767 ταύτην
3133 4697 3231 4767 τὴν
3282 4695 3461 4764 λύμην
3508 4693 3590 4755 είς
3636 4688 3839 4748 πολλὰς
3883 4684 3982 4755 ήδη

2418 4796 2825 4868 διαδραμοῦσαν
2841 4790 3022 4863 χώρας
3038 4789 3179 4860 ὁρῶν
3195 4790 3223 4841 6
3250 4788 3421 4857 μέγας
3437 4784 3735 4853 Θεόδωρος,
3761 4778 3981 4848 ὲκίνησέ

2418 4907 2477 4942 τε
2506 4886 2647 4941 κατὰ
2689 4884 2786 4938 τοῦ
2827 4882 3088 4953 βασιλέως
3115 4879 3205 4933 τὸν
3232 4878 3377 4930 θεῖον
3421 4875 3604 4946 ζῆλον,
3630 4875 3705 4935 ὼς
3734 4871 3981 4941 εἴπομεν,

2418 4980 2514 5033 καὶ
2561 4978 2721 5048 μέχρι
2751 4974 2935 5037 τέλους
2969 4972 3130 5025 αὐτὸν
3158 4969 3481 5040 διετήρησεν
3506 4984 3524 5001 ι
3573 4966 3669 5019 καὶ
3698 4959 3855 5027 οὗτος
3891 4960 3983 5032 μὶν

2417 5089 2579 5126 ουτω.

2488 5162 2610 5216 Τῶν
2632 5161 2689 5215 δὲ
2716 5156 3192 5230 μνημονευθίντων
3220 5151 3576 5225 πατριαρχῶν
3629 5150 3660 5204 6
3690 5149 3793 5221 μὶν
3843 5147 3980 5207 θεῖος

2419 5252 2691 5324 Ταράσιος
2730 5250 2817 5303 διὰ
2837 5248 2995 5302 τοῦτο
3026 5245 3337 5316 συγκατέση
3394 5244 3489 5297 καὶ
3536 5240 3853 5311 ὲφησύχασι
3909 5234 3983 5306 τῷ

2418 5343 2644 5412 τοιούτῳ
2662 5340 2883 5413 ἀθέσμῳ
2898 5339 2991 5393 τοῦ
3015 5336 3422 5392 Κωνσταντίνου
3439 5331 3981 5406 δραματουργήματι,

2421 5431 2612 5502 ἐπειδὴ
2647 5428 2863 5500 ἠπείλει
2892 5430 2921 5482 6
2948 5427 3110 5491 αὐτὸς
3141 5427 3551 5487 Κωνσταντῖνος
3576 5424 3605 5474 6
3636 5419 3910 5492 βασιλεὺς,
3933 5416 3977 5467 εἰ

2425 5525 2525 5594 μὶν
2556 5523 2633 5593 τῷ
2696 5519 2861 5575 αὐτοῦ
2904 5518 3169 5589 θελήματι
3230 5515 3498 5585 ὑποκύψει
3537 5516 3566 5567 6
3616 5511 3979 5581 πατριάρχης.

2417 5616 2525 5669 τῶν
2559 5613 2783 5683 Ξναγχος
2818 5610 3248 5682 βασιλευσάντων
3280 5608 3375 5679 τὴν
3417 5606 3627 5675 αἵρεσιν
3678 5599 3979 5655 ἀνανεώσα-

2421 5706 2567 5769 σθαι,
2615 5706 2707 5759 καὶ
2750 5704 2847 5767 τὰς
2879 5702 3079 5766 σεπτὰς
3107 5702 3201 5756 καὶ
3225 5699 3387 5767 ἁγίας
3422 5695 3636 5759 εἰκόνας
3666 5693 3829 5747 πάλιν
3857 5688 3983 5742 καθ-

2420 5798 2694 5870 αιρήσιιΨ
2744 5796 2937 5851 τούτου
2984 5792 3080 5851 ουν
3133 5791 3311 5859 ἔδοξεν
3360 5791 3547 5846 Evsst
3585 5785 3738 5857 αὐτῷ
3795 5781 3981 5856 μικρὸν
