4188 6466
261 406 405 466 1853

1313 413 1409 473 DE
1448 410 1867 473 SCHISMATE
1905 407 2400 468 S'l‘UDlTARUM

3357 408 3490 470 1854

250 515 503 571 ἱνδοῦναι
531 515 632 586 τῆς
656 517 958 588 ἀκριϐείας,
977 519 1064 573 ἵνα
1096 518 1170 590 μὴ
1185 519 1447 573 ἀπολέσαι
1472 519 1541 572 τά
1573 516 1820 588 μέγιστω
1853 522 1896 577 Α

1853 522 1896 577 Α
1923 513 2125 567 dictum
2170 521 2271 567 est.
2311 511 2691 568 Verumtamen
2733 522 2915 569 utrum
2964 530 3189 586 magnus
3229 515 3479 574 Theodo-

255 609 291 657 6
319 605 376 658 δὲ
405 608 463 659 ὲν
497 607 671 674 ἁγίοις
695 608 743 660 Ν
750 611 1009 681 ικηφὸρος
1039 609 1212 663 πολλὰ
1240 611 1504 679 πρότερον
1536 609 1824 661 ἀντικατα-

256 698 396 759 στάς
434 697 511 767 τῷ
541 697 677 766 μετά
698 700 869 753 ταῦτα
891 701 1266 771 βασιλεύσαντι
1287 700 1602 771 Νικηφόρῳ,
1635 699 1825 751 ἔπειτα

251 785 321 837 τὸ
385 784 684 854 δύστροπον
724 788 891 841 αὐτοῦ
929 792 1021 842 καὶ
1052 790 1113 842 τὸ
1149 789 1248 858 τῆς
1280 789 1505 858 γνώμης
1532 787 1822 848 κακοθελὲς

253 876 503 946 ἀκριϐῶς
529 878 906 948 ἐπιστάμενος,
938 880 1032 932 καὶ
1061 878 1413 950 ὑφορώμενος
1469 879 1542 947 μή
1574 893 1708 930 ποτε
1726 893 1824 929 ταο

259 967 404 1039 ράξῃ
433 968 528 1020 καὶ
559 968 758 1038 συγχέῃ
803 969 979 1022 πάντα
1005 970 1072 1021 τά
1103 969 1546 1037 ὲκκλησιαστικὰ,
1576 981 1824 1034 συγκατ-

252 1056 359 1124 έ6η
401 1057 492 1109 καὶ
533 1057 713 1124 αὐτὸς,
755 1059 851 1110 καὶ
897 1059 1112 1124 ἐδέξατο
1165 1058 1256 1109 τὸν
1285 1055 1661 1126 καθῃρημένον
1714 1055 1824 1106 Ἰω-

257 1147 392 1217 σὴφ,
423 1147 498 1210 ὡς
528 1148 849 1217 προείρηται
878 1165 891 1178 ·
926 1149 1063 1216 πλὴν
1097 1149 1202 1200 εἴτε
1251 1150 1278 1200 6
1336 1148 1508 1216 μέγας
1549 1145 1820 1214 Θεόδωρος

252 1239 504 1307 κρεῖττον
553 1237 758 1302 ἔπραξε
792 1237 1312 1307 παρρησιασάμενος
1343 1235 1483 1290 κατά
1511 1239 1610 1301 τῆς
1643 1251 1820 1304 παρα-

253 1327 447 1395 νομίας
488 1327 582 1379 καὶ
605 1327 762 1396 μέχρι
794 1327 977 1390 τέλους
1004 1326 1192 1389 ὲνστάς
1213 1365 1228 1391 ,
1259 1326 1311 1378 εἴ
1328 1344 1386 1378 τε
1413 1327 1464 1377 οἱ
1485 1328 1818 1393 πατριάρχαι

255 1417 698 1483 συγκαταῆἁντες
725 1417 811 1470 διὰ
863 1419 963 1481 τὰς
1001 1418 1297 1488 εἰρημένας
1352 1417 1549 1480 αἰτίας,
1615 1413 1819 1481 ἑτέροις

252 1506 565 1575 δοκιμάζειν
583 1508 1001 1577 καταλείψομεν,
1028 1510 1139 1570 τοῖς
1179 1508 1360 1576 έχουσι
1387 1507 1476 1559 τὸν
1507 1505 1698 1574 λύχνον
1719 1503 1817 1570 τῆς

251 1595 507 1664 γνώσεως
539 1598 596 1649 ὲν
634 1600 847 1660 ἑαυτοῖς
896 1598 1174 1666 φαίνοντα,
1221 1599 1316 1649 καὶ
1371 1595 1701 1666 ἐρρωμένοις
1749 1595 1818 1648 τὰ

249 1690 350 1756 τῆς
377 1687 550 1756 ψυχῆς
567 1689 890 1758 αἰσθητήρια
915 1687 1046 1758 πρὸς
1061 1691 1160 1758 τὴν
1188 1688 1296 1740 τῶν
1323 1687 1577 1740 τοιούτων
1606 1687 1816 1755 διάκρι-

1924 619 2019 658 rus
2047 602 2242 656 melius
2281 618 2340 657 sc
2373 604 2601 672 gesserit
2644 604 2846 672 ﬂagitio
2881 605 3176 663 adversans
3210 617 3264 663 et
3313 627 3487 680 usque

1923 693 1991 746 ad
2048 693 2207 746 finem
2256 692 2548 759 resistens;
2600 711 2666 747 an
2727 694 2910 764 potius
2967 696 3075 751 duo
3136 698 3482 766 patriarchas,

1921 785 2098 840 dictas
2129 785 2198 837 ob
2239 799 2435 838 causas
2474 785 2992 848 condescendentes,
3027 787 3149 842 aliis
3173 788 3484 856 dijudican-

1922 878 2049 931 dum
2096 875 2492 944 permittemus,
2546 877 2638 944 qui
2667 876 2906 930 scientiae
2951 877 3228 931 lucernam
3280 880 3482 935 habent

1921 967 2063 1036 apud
2093 981 2152 1021 se
2177 967 2526 1029 relucentem,
2564 968 2835 1035 lirmoque
2865 967 3057 1021 anima:
3074 982 3240 1022 sensu
3269 971 3478 1038 praediti

1921 1066 2051 1110 sunt
2097 1058 2162 1111 ad
2214 1059 2328 1111 haec
2376 1058 2756 1113 discernenda.
2812 1056 3054 1127 Namque
3112 1067 3165 1113 et
3227 1069 3477 1115 sanctum

1920 1146 2076 1216 Cypri
2146 1146 2504 1216 Epiphanium
2579 1148 2964 1214 comperimus,
3038 1164 3218 1217 parent
3281 1165 3480 1220 magno

1920 1234 2201 1290 Theodoro
2247 1237 2443 1301 zelum,
2506 1246 2560 1290 et
2605 1238 2862 1291 invictum
2901 1238 3186 1292 resistendi
3236 1240 3476 1308 vigorem

1919 1327 2324 1393 cit-prompsisse
2375 1335 2561 1380 contra
2614 1325 2914 1380 Eudoxiam
2966 1339 3298 1397 augustam:
3358 1344 3480 1397 qua:

1917 1415 2045 1468 dum
2074 1416 2365 1485 aliquando
2387 1420 2687 1470 minaretur
2726 1417 2993 1472 idolorum
3041 1418 3237 1486 templa
3263 1434 3323 1473 se
3361 1419 3479 1473 fore

1917 1513 2305 1568 reseraturam,
2345 1505 2447 1559 nisi
2480 1505 2638 1559 divus
2689 1505 3107 1576 Chrysostomus
3144 1508 3198 1560 in
3223 1507 3474 1562 exsilium

1919 1592 2225 1660 pelleretur,
2253 1591 2392 1644 haud
2412 1593 2594 1644 animo
2618 1593 2858 1646 concidit
2875 1608 3048 1662 neque
3070 1595 3235 1648 cessit
3252 1595 3476 1649 omnino

1917 1681 2000 1733 vir
2032 1689 2288 1745 sanctus;
2322 1682 2414 1735 sed
2448 1681 2634 1736 dicens
2673 1700 2687 1735 :
2721 1681 2955 1736 Mundus
2984 1698 3083 1752 ego
3114 1700 3234 1738 sum
3278 1685 3344 1739 ab
3373 1686 3476 1742 hoc

253 1795 339 1830 σιν
370 1793 384 1807 ’
420 1777 541 1830 ἐπεὶ
570 1779 663 1831 καὶ
688 1782 777 1831 τὸν
809 1780 964 1846 ἆγιον
1011 1779 1324 1846 Ἐπιφάνιον
1359 1777 1448 1830 τὸν
1469 1777 1695 1845 Κύπρου
1723 1776 1816 1829 εύ-

1914 1768 2143 1835 judicio,
2177 1768 2448 1832 discessit,
2479 1770 2690 1838 plenam
2719 1770 2924 1824 irarum
2944 1771 3114 1840 ipsam
3135 1774 3471 1842 relinquens.

251 1866 534 1936 ρίσκομεν,
566 1866 657 1918 τὸν
684 1866 844 1919 αύτδν
869 1866 946 1936 τῷ
983 1867 1202 1936 μεγάλῳ
1241 1865 1498 1936 Θεοδώρῳ
1533 1851 1692 1933 ζῆλον
1718 1865 1812 1916 καὶ
1845 1848 1886 1903 Β

1845 1848 1886 1903 Β
1917 1857 2090 1910 Aliam
2124 1872 2340 1926 quoque
2370 1858 2440 1912 ob
2474 1873 2694 1911 causam
2724 1858 2944 1920 dicitur,
2975 1860 3043 1912 ab
3065 1859 3361 1914 illustribus
3386 1876 3477 1930 pa-

249 1956 499 2009 ἔνστασιν
527 1956 791 2025 ἀήττητον
831 1955 1201 2024 ἐνδειξάμενον
1233 1955 1369 2024 πρὸς
1412 1956 1510 2025 τὴν
1569 1955 1813 2025 βασίλισ-

251 2062 350 2100 σαν
384 2045 635 2110 Εύδοξίαν
659 2061 674 2077 ·
708 2044 1036 2115 ἀπειλούσης
1080 2045 1189 2116 γὰρ
1217 2046 1474 2116 κάκείνης
1510 2046 1660 2108 ποτὲ,
1689 2046 1815 2107 τοὺς

245 2137 358 2190 τῶν
379 2137 610 2190 είδώλων
643 2140 802 2200 ναοὺς
844 2137 1099 2206 ἀνοίγειν,
1131 2140 1178 2190 εί
1218 2138 1291 2207 μὴ
1347 2140 1375 2190 6
1419 2137 1557 2200 θεῖος
1608 2138 1815 2207 Χρυσό-

249 2243 449 2296 στομος
475 2227 744 2298 ὲξορισθῇ.
775 2227 836 2280 οὐ
865 2225 1222 2295 κατέπτηξεν,
1241 2226 1359 2279 οὐδὲ
1392 2226 1652 2279 ἐνέδωκεν
1675 2227 1811 2288 ὅλως

245 2315 275 2367 6
305 2313 492 2382 ἆγιοςο
525 2315 636 2366 ἀλλ’
678 2315 868 2379 εἰπὼν,
903 2314 1104 2376 Ἀθῶός
1132 2317 1246 2382 είμι
1285 2314 1391 2367 ἀπὸ
1445 2313 1543 2383 τῆς
1579 2313 1812 2384 κρίσεως

243 2403 472 2474 ταύτης,
514 2405 725 2472 ἐξῆλθε,
747 2404 918 2473 θυμοῦ
958 2406 1224 2458 πνέουσαν
1250 2404 1582 2472 καταλείψας
1612 2406 1804 2475 αὐτήν.

247 2497 485 2564 Λέγεται
518 2497 573 2549 δὲ
603 2497 683 2549 ὃτι
706 2495 772 2548 δι’
807 2496 996 2565 ἑτέραν
1033 2496 1211 2547 αἰτίαν
1255 2496 1363 2549 ἀπὸ
1399 2495 1508 2547 τῶν
1552 2495 1810 2563 ἀοιδίμων

248 2587 606 2658 πατριαρχῶν
638 2589 665 2639 6
705 2587 763 2638 ἐν
793 2587 970 2654 ἁγίοις
998 2586 1273 2656 Θεόδωρος
1307 2586 1596 2657 ἀπερράγη
1622 2601 1636 2616 °
1672 2587 1704 2654 ὴ
1753 2585 1808 2639 δὲ

241 2675 334 2744 ἦν,
370 2679 475 2742 ὃτι,
502 2678 685 2746 φησὶν,
720 2677 827 2729 ἀπὸ
848 2678 1051 2730 λαῖκῶν
1080 2678 1238 2738 εὐθὺς
1261 2679 1340 2739 είς
1362 2678 1455 2730 τὸν
1480 2693 1803 2748 πατριαρχι-

245 2766 343 2819 κὺν
376 2765 563 2836 θρόνον
596 2764 1051 2833 ἁνεῦιόἀσθησαν,
1085 2765 1175 2816 καὶ
1225 2765 1284 2817 ού
1316 2766 1456 2818 κάτά
1490 2764 1689 2833 θεσμὸν
1713 2767 1805 2817 ὲκ-

240 2857 627 2926 κλησιαστικὸν
653 2856 868 2924 ἐγένετο
919 2858 949 2923 ἡ
977 2855 1180 2908 τούτων
1211 2855 1515 2925 χειροτονία
1538 2873 1551 2886 ο
1589 2856 1723 2923 πρὸς
1749 2855 1805 2907 δὲ

240 2946 397 3000 τοῦτο
424 2946 767 3013 ἀπολογεῖται
801 2947 828 2998 6
855 2946 923 2998 τὰ
951 2948 1070 2998 κατ’
1099 2947 1295 3007 αὐτοὺς
1330 2945 1802 3015 συγγραψάμενος.

242 3036 327 3088 ὅτι
357 3036 405 3086 ot
441 3034 572 3086 θεῖοι
603 3035 826 3095 κανόνες
855 3034 953 3085 οὐκ
980 3033 1326 3086 ἀποκλείουσι
1358 3034 1534 3099 πάντη
1562 3033 1622 3084 τὸ
1672 3032 1806 3100 πρᾶ-

240 3137 377 3192 γμα’
392 3124 506 3177 ἀλλ’
530 3122 869 3193 ὑφορώμενοι
883 3124 954 3192 μή
973 3140 1087 3184 πως
1105 3123 1328 3193 ἄπειρος
1340 3122 1413 3174 ὢν
1432 3125 1459 3175 6
1474 3139 1556 3192 χει
1565 3121 1804 3191 ροτονού-
1831 3162 1873 3220 C

243 3232 406 3285 μενος
435 3215 543 3267 τῶν
567 3218 631 3284 τῇ
673 3211 937 3284 ἱερωσύνῃ
971 3212 1334 3282 καθηκόντων,
1364 3216 1442 3274 εἰς
1491 3213 1693 3264 πτῶσιν
1715 3215 1801 3263 ἐν-

243 3309 381 3376 έγκῃ
409 3306 477 3357 τὰ
504 3303 954 3372 ὲκκλητιαστικά’
974 3294 1120 3355 οὗτοι
1143 3302 1218 3366 δὲ,
1239 3303 1266 3355 6
1286 3303 1478 3370 μέγας,
1508 3301 1672 3370 φημὶ,
1699 3302 1797 3353 Ta-

243 3397 429 3466 ράσιος
453 3395 545 3446 καὶ
573 3395 600 3446 6
632 3392 772 3454 θεῖος
804 3390 1135 3463 Νικηφόρος,
1175 3392 1253 3453 εἰς
1275 3391 1341 3447 τὰ
1371 3391 1556 3461 πρόσω
1601 3390 1803 3459 βαίνειν

240 3487 338 3556 τὴν
384 3484 705 3555 Ἐκκλησίαν
739 3481 1090 3551 πεποιήκασι,
1138 3485 1233 3534 καὶ
1263 3482 1437 3535 πάντα
1480 3481 1656 3544 καλῶς
1709 3483 1802 3534 καὶ

241 3575 517 3645 ὲνθέσμως
552 3574 820 3646 ἔπραττον
843 3587 856 3600 '
885 3573 975 3624 καὶ
996 3573 1082 3625 διὰ
1117 3572 1271 3625 τοῦτο
1298 3573 1395 3641 οὐχ
1423 3574 1649 3625 ἅπτεται
1699 3573 1800 3624 αύ-

239 3668 349 3719 τῶν
409 3667 436 3719 6
473 3665 670 3719 κανών.
721 3664 910 3716 Ίστέον
962 3664 1144 3732 μέντοι
1178 3665 1258 3716 ὅτι
1304 3664 1364 3715 τὸ
1434 3661 1800 3733 προσκροῦσαι

239 3758 352 3820 τοῖς
378 3756 636 3826 ἀοιδίμοις
670 3747 1034 3824 πατριάρχαις
1073 3753 1166 3806 τὸν
1212 3754 1384 3823 μέγαν
1411 3753 1682 3824 Θεόδωρον
1736 3753 1800 3803 ὲκ

239 3845 372 3898 Θεοῦ
403 3845 796 3916 κεκινημένοις,
813 3847 904 3895 καὶ
921 3844 1112 3914 μικρὸν
1141 3844 1347 3896 ἐνδοῦσι
1370 3844 1467 3911 τῆς
1493 3841 1794 3910 ἀκριϐείας,

239 3937 326 3990 διὰ
349 3937 412 3990 τὸ
451 3936 525 4007 μὴ
543 3935 792 4005 γενέσθαι
826 3937 1046 4003 μείζονα
1081 3933 1300 4004 βλάϐην,
1329 3935 1421 3986 καὶ
1453 3934 1639 3986 ἑαυτὸν
1664 3933 1799 3984 ἁπο-

241 4028 423 4098 σχίσαι
451 4028 550 4096 τῆς
586 4025 927 4088 Ἐκκλησίας,
968 4026 1027 4077 ού
1065 4025 1259 4095 μικρὸν
1288 4024 1488 4093 πτῶμα
1520 4025 1633 4085 τοῖς
1680 4025 1793 4075 Πα-

239 4120 431 4188 τράσιν
475 4117 649 4180 ἔδοξεν
676 4133 690 4146 ·
724 4115 839 4168 ἀλλ’
887 4116 1036 4184 ὅμως
1074 4116 1236 4168 πάλιν
1290 4113 1657 4184 διωρθώσατο,
1721 4113 1796 4176 ὼς

239 4209 561 4279 προείρηται
597 4225 612 4241 ο
645 4206 738 4260 καὶ
760 4207 909 4274 δηλοί
940 4208 1036 4275 μὲν
1070 4207 1228 4261 τοῦτο
1256 4209 1288 4275 ἡ
1314 4207 1422 4258 τῶν
1467 4207 1586 4259 κατ’
1636 4205 1796 4257 αὐτὸν

241 4301 451 4370 ἱστορία
479 4316 492 4329 ο
527 4300 673 4370 δηλοί
697 4298 752 4350 δὲ
780 4299 874 4350 καὶ
918 4301 946 4350 6
989 4298 1158 4367 μέγας
1188 4298 1447 4359 Μεθόδιος
1482 4299 1538 4349 ὲν
1565 4296 1640 4366 τῷ
1694 4296 1792 4365 ἠδη

242 4406 348 4457 μνη
359 4386 667 4458 μονευθέντι
690 4387 830 4456 λόγῳ
852 4386 1013 4438 αὑτοῦ
1046 4386 1123 4454 τῷ
1149 4386 1281 4455 πρὸς
1307 4386 1433 4448 τοὺς
1473 4386 1755 4459 Στουδςτας
1777 4401 1790 4414 °

1919 1946 2172 1999 lriarchis
2195 1945 2481 1999 (lissidium
2509 1945 2704 1999 fecisse
2725 1954 2943 2000 sanctus
2964 1947 3320 2012 Theodorus;
3344 1949 3474 2017 quia

1914 2035 2161 2089 videlicet
2190 2034 2253 2088 de
2286 2044 2430 2089 cmtu
2466 2034 2668 2099 laicali,
2713 2044 2773 2088 ut
2800 2035 2998 2100 aiebat,
3041 2036 3106 2090 ad
3138 2038 3476 2106 patriarcha-

1914 2127 2016 2179 lem
2048 2127 2224 2180 sedem
2253 2125 2465 2178 fuerant
2499 2125 2787 2192 assumpti,
2823 2140 2996 2193 neque
3037 2141 3227 2180 eorum
3277 2127 3476 2182 electio

1913 2215 1977 2267 ad
2007 2214 2148 2282 juris
2170 2212 2524 2268 ecclesiastici
2547 2213 2816 2266 tramitem
2847 2212 3006 2267 facta.
3030 2212 3148 2268 Jam
3175 2231 3306 2270 vero
3342 2217 3474 2272 huic

1911 2313 2227 2372 argumento
2259 2302 2551 2372 respondet
2589 2303 2677 2357 ille
2737 2305 2828 2371 qui
2879 2305 3072 2358 horum
3139 2321 3229 2360 res
3291 2319 3470 2376 gestas

1911 2394 2146 2464 scripsit,
2182 2408 2376 2464 nempe
2403 2408 2592 2449 sacros
2616 2409 2852 2450 canones
2877 2396 3018 2449 haud
3053 2397 3299 2451 districte
3328 2400 3474 2454 hanc

1909 2500 2020 2538 rem
2043 2494 2225 2540 vetare
2259 2503 2272 2539 :
2306 2486 2397 2540 sed
2443 2495 2688 2540 verentes
2733 2494 2971 2552 tantum,
3016 2502 3083 2540 ne
3118 2487 3163 2541 si
3206 2487 3343 2541 forte
3379 2504 3472 2543 sa-

1909 2576 2203 2630 cerdotalis
2230 2576 2387 2630 cilicii
2419 2578 2642 2647 ignarus
2673 2577 2987 2645 eligeretur,
3025 2593 3112 2632 res
3138 2579 3474 2632 ecclesiasti-

1907 2681 1998 2719 cas
2041 2670 2435 2736 pessumdaret.
2474 2669 2542 2721 At
2588 2667 2733 2720 enim
2788 2667 2867 2733 hi,
2922 2682 3174 2736 magnus,
3218 2668 3464 2736 inquam,

1909 2755 2166 2810 Tarasius
2197 2765 2250 2809 et
2277 2757 2434 2810 divus
2465 2755 2822 2824 Nicephorus,
2853 2771 2966 2810 rem
2996 2756 3106 2809 imo
3134 2757 3470 2810 ecclesiasti-

1905 2862 2023 2899 cam
2047 2847 2098 2898 in
2123 2847 2313 2899 melius
2350 2853 2729 2912 provexerunt,
2765 2856 2926 2915 atque
2948 2847 3129 2899 omnia
3154 2856 3300 2899 recte
3331 2845 3468 2915 legi-

1907 2934 2145 3004 timeque
2172 2943 2475 3003 gesserunt.
2507 2935 2741 3004 Ideoque
2774 2936 2920 3004 ipsos
2943 2950 3118 2988 canon
3152 2950 3260 2988 non
3292 2935 3468 2989 attin-

1905 3025 2000 3093 git.
2027 3025 2316 3080 Sciendum
2349 3041 2478 3080 vero
2511 3035 2612 3087 est,
2646 3027 2827 3096 magni
2859 3025 3468 3089 Theodoriobluetatio-

1908 3128 2030 3166 nem
2054 3113 2313 3168 adversus
2336 3114 2574 3169 illustres
2592 3115 2953 3183 patriarchas,
2977 3117 3070 3186 qui
3094 3117 3184 3170 Dei
3203 3117 3467 3171 instinctu

1906 3205 2237 3271 aliquantum
2270 3204 2337 3257 de
2382 3205 2558 3274 rigore
2587 3205 2916 3259 remiserunt
2969 3223 3034 3259 ne
3077 3208 3257 3276 majus
3302 3208 3470 3261 detri-

1906 3302 2143 3344 mentum
2172 3292 2346 3358 ﬁeret,
2382 3301 2547 3362 atque
2577 3294 2822 3362 eiusdem
2844 3296 2909 3349 ab
2935 3295 3176 3351 Ecelesia
3202 3297 3470 3352 secessio-

1906 3394 2050 3444 nem,
2090 3379 2262 3434 visam
2288 3397 2408 3436 esse
2427 3381 2675 3437 Patribus
2706 3385 2846 3437 haud
2872 3387 3198 3440 mediocrem
3231 3402 3462 3442 noxam.

1906 3466 2009 3521 Sed
2053 3478 2232 3523 tamen
2265 3479 2446 3525 actum
2499 3474 2753 3536 correxit,
2797 3484 2854 3526 ut
2893 3489 3063 3542 supra
3113 3474 3319 3529 dictum
3358 3485 3463 3542 est,

1902 3573 2066 3629 atque
2109 3572 2166 3616 ut
2205 3564 2396 3617 horum
2454 3564 2681 3618 historia
2728 3566 3084 3620 demonstrat.
3123 3566 3373 3622 Ostendit
3413 3567 3466 3622 id

1902 3667 2132 3721 magnus
2162 3669 2381 3722 quoque
2414 3653 2726 3710 Methodius
2769 3657 2822 3710 in
2860 3669 3161 3712 memorato
3209 3674 3463 3714 sermone

1903 3755 2003 3795 suo
2043 3743 2109 3796 ad
2139 3739 2423 3798 Studitas:
2461 3756 2646 3798 narrat
2676 3748 2819 3800 enim
2862 3745 3206 3802 Theodorum
3241 3759 3465 3805 senten-

1904 3835 2032 3886 tiam
2073 3849 2225 3887 suam
2252 3834 2596 3901 immutasse,
2632 3852 2739 3904 qua
2776 3838 3034 3906 abreptus
3077 3838 3274 3902 fuerat,
3313 3847 3367 3894 et
3404 3854 3465 3894 se

1901 3939 2025 3978 cum
2072 3924 2314 3978 Ecclesia
2361 3927 2794 3982 reconciliasse:
2837 3937 2889 3982 et
2936 3929 3080 3983 circa
3128 3931 3254 3984 vitae
3302 3931 3463 3984 finem

1900 4017 2124 4069 multam
2154 4017 2322 4070 animi
2355 4019 2820 4087 conjunctioncm,
2855 4022 3176 4076 charitatem
3211 4037 3276 4077 ac
3304 4020 3457 4076 fami-

1901 4108 2186 4162 liaritatem
2219 4123 2533 4178 perpetuam
2587 4127 2710 4166 cum
2741 4114 2935 4167 illustri
2957 4115 3263 4184 patriarcha
3293 4113 3463 4170 Nice-

1898 4202 2070 4269 phoro
2105 4201 2326 4255 fovisse.
2373 4200 2537 4273 Igitur
2566 4204 2618 4256 in
2669 4221 2733 4258 eo
2764 4207 3091 4276 completum
3142 4217 3222 4261 est
3267 4209 3463 4276 psalmi

1898 4291 2029 4344 illud
2061 4294 2126 4346 de
2149 4293 2299 4361 justo
2345 4294 2566 4348 homine
2598 4295 2826 4363 dictum,
2866 4301 3010 4366 quod
3047 4316 3163 4350 cum
3193 4298 3461 4354 reciderit.

1898 4398 1999 4436 non
2017 4383 2314 4445 collidelur,
2330 4385 2452 4453 quia
2466 4384 2723 4439 Dominus
2737 4392 2978 4456 supponit
3000 4406 3211 4441 manum
3227 4406 3378 4443 suam
3393 4390 3460 4443 ³⁸.

237 4480 499 4549 διηγεῖται
530 4479 636 4547 γὰρ
664 4480 745 4530 ὅτι
777 4478 938 4530 πάλιν
962 4477 1194 4547 ἠθέτησε
1219 4476 1314 4547 τὴν
1331 4477 1552 4545 γνώμην
1582 4478 1646 4547 ἦν
1673 4477 1796 4546 ἔσχε
1829 4477 1874 4533 D

1829 4477 1874 4533 D
1902 4474 2038 4526 Nam
2075 4474 2123 4527 si
2151 4475 2233 4528 vel
2260 4476 2480 4530 cuilibet
2508 4479 2775 4531 sacerdoti
2800 4479 3096 4543 adversari,
3128 4491 3352 4549 excepta
3378 4481 3461 4534 ni-

239 4570 382 4622 κατά
420 4569 794 4638 συναρπαγὴν,
824 4569 918 4620 καὶ
945 4570 1009 4636 τῇ
1060 4568 1351 4638 Ἐκκλησία
1383 4569 1630 4637 συνήφθη
1660 4586 1673 4598 ·
1699 4568 1795 4620 καὶ

235 4660 318 4712 ὅτι
350 4659 486 4730 πρὸς
513 4659 591 4728 τῷ
621 4659 762 4712 τέλει
788 4657 946 4711 αὑτοῦ
972 4658 1170 4727 πολλὴν
1200 4659 1392 4711 ἕνωσιν
1444 4659 1540 4711 καὶ
1575 4658 1794 4730 ἀγάπην

238 4751 331 4803 καὶ⁸
359 4749 669 4819 συνομιλίαν
702 4750 921 4802 ἁένναον
949 4749 1087 4818 μετὰ
1127 4749 1441 4819 Νικηφόρον
1484 4749 1576 4801 τοῦ
1628 4750 1794 4804 ἀοιδί-

241 4857 343 4909 μου
381 4840 718 4910 πατριάρχου
752 4841 1015 4910 ἐκέκτητο
1041 4854 1054 4868 ⁶
1086 4839 1376 4910 ἐπληρώθη
1413 4839 1542 4907 γοῦν
1575 4840 1659 4893 ἐπ’
1690 4841 1791 4893 αύ-

236 4929 315 4998 τῷ
366 4929 426 4982 τὸ
451 4931 508 4982 ὲν
538 4930 785 4999 Ψαλμοῖς
818 4929 1104 4998 εἰρημένον
1134 4929 1263 4998 περὶ
1297 4927 1389 4979 τοῦ
1417 4927 1655 4995 δικαίου,
1713 4931 1795 4980 ὅτι

239 5016 425 5070 Ὅταν
453 5017 720 5085 πέσῃ,οὑ
738 5014 1303 5083 καταρῤιιχθήσεται,
1333 5015 1421 5068 ὅτι
1447 5017 1658 5084 Κύριος
1687 5017 1795 5070 ἀν-

239 5105 548 5176 τιστηρίζει
610 5106 774 5174 χεῖρα
831 5105 1053 5160 αὐτοῦ’
1104 5108 1150 5156 εἰ
1175 5105 1281 5175 γὰρ
1308 5105 1370 5156 τὸ
1426 5107 1795 5176 προσκροῦσαι

239 5197 334 5248 καὶ
360 5196 437 5264 τῷ
464 5197 676 5263 τυχόντι
702 5195 860 5264 ίερεϊ,
903 5194 1029 5247 ἀνευ
1057 5193 1253 5262 δηλαδὴ
1281 5193 1564 5262 αἱρέσεως,
1621 5193 1793 5262 μέγαν

239 5287 475 5357 ἔχειτὸν
518 5287 780 5350 κίνδυνον,
825 5287 1053 5354 πηλίκον
1108 5281 1177 5352 ἧν
1227 5285 1286 5337 τὸ
1339 5285 1474 5355 πρὸς
1521 5286 1790 5354 τοιούτους

1905 4565 2104 4619 mirum
2136 4566 2349 4629 haeresi,
2378 4583 2704 4637 magnOpere
2732 4570 3100 4638 periculosum
3132 4580 3234 4636 est,
3268 4572 3457 4640 quanti

1905 4657 2162 4710 momenti
2182 4656 2399 4710 demum
2433 4657 2536 4710 fuit
2563 4659 2759 4712 talibus
2783 4659 3060 4714 adversari
3091 4662 3459 4730 pontificibus,

1903 4745 2240 4812 pontificum,
2271 4748 2512 4815 inquam,
2535 4746 2905 4816 pontificibus,
2934 4749 3014 4802 vel
3047 4751 3225 4818 potius
3245 4759 3462 4819 aposto—

1903 4837 1992 4901 lis,
2035 4846 2094 4890 ut
2134 4854 2358 4907 magnus
2388 4840 2630 4909 loquitur
2659 4838 2990 4910 Dionysius?
3021 4840 3135 4896 Hoc
3162 4852 3342 4896 autem
3377 4842 3461 4896 di-

1900 4943 2001 4982 vus
2035 4945 2251 4999 quoque
2283 4929 2588 4985 Methodius
2619 4932 2795 4986 sancti
2822 4933 2924 4985 viri
2957 4933 3254 5002 discipulis,
3287 4933 3338 4987 id
3375 4943 3460 4988 est

1903 5017 2152 5083 Studitis,
2175 5021 2321 5089 justc
2345 5021 2562 5090 obiecit,
2582 5021 2660 5076 sic
2679 5023 2863 5077 dicens
2897 5041 2910 5076 :
2943 5021 3024 5076 Tu
3055 5023 3350 5077 monachus
3375 5039 3458 5086 cs,

1902 5125 2076 5179 neque
2105 5111 2198 5165 tibi
2228 5113 2352 5168 licet
2369 5114 2711 5168 sacerdotum
2740 5129 2825 5168 res
2845 5115 3109 5181 scrutari;
3134 5115 3226 5170 sed
3253 5123 3302 5169 te
3323 5114 3457 5170 sub-

1895 5201 2098 5270 jectum
2138 5218 2258 5258 esse
2278 5215 2510 5274 oportet,
2536 5220 2643 5259 non
2669 5206 2805 5260 alios
2828 5205 3096 5273 subjicere
3122 5216 3215 5260 aut
3239 5206 3454 5261 eventi-

1903 5296 2038 5350 lare.

239 5381 512 5449 ἀρχιερεῖς
545 5378 701 5432 τοῦτο
757 5379 1028 5446 γενέσθαι,
1060 5379 1154 5430 καὶ
1188 5378 1486 5447 ἀρχιερέων
1525 5381 1820 5450 ἀρχιερεῖς,
1865 5388 2063 5454 μᾶλλον
2091 5390 2147 5442 δὲ
2186 5391 2279 5442 καὶ
2313 5389 2640 5452 ἀποστόλους
2673 5391 2891 5456 αὐτοὺς,
2940 5389 3083 5444 κατὰ
3143 5389 3236 5443 τὸν
3281 5387 3454 5460 μέγαν

231 5467 550 5532 Διονύσιον;
603 5468 760 5520 τοῦτο
806 5469 913 5538 γὰρ
959 5469 1097 5520 καὶὸ
1133 5468 1273 5530 θεῖος
1322 5468 1582 5532 Μεθὸδιος
1633 5471 1768 5539 πρὸς
1802 5477 1924 5540 τοὺς
1970 5479 2061 5532 τοῦ
2129 5481 2284 5549 ἁγίου
2329 5481 2595 5550 μαθητὰς,
2647 5484 2772 5544 τοὺς
2812 5482 3095 5544 Στουδίτας
3150 5481 3314 5550 φημὶ,
3369 5479 3452 5532 δι-

234 5562 408 5623 καίως
435 5560 792 5630 προτείνεται,
827 5559 998 5627 λέγων
1018 5559 1188 5621 οὕτως
1213 5576 1225 5588 ·
1263 5558 1333 5610 Σὺ
1377 5559 1606 5628 μοναχὸς
1631 5557 1701 5625 εἴ,
1739 5566 1829 5617 καὶ
1866 5569 1962 5621 οὐκ
1994 5571 2170 5635 ἒξεστί
2241 5589 2323 5626 σοι
2357 5571 2630 5637 ἐξετάζειν
2680 5572 2748 5625 τὰ
2789 5571 2898 5626 τῶν
2936 5572 3116 5644 ἱερῶν,
3163 5570 3278 5624 ἀλλ’
3324 5569 3460 5623 ύπο-

235 5649 534 5707 τάσσεσθαι
564 5665 623 5700 σε
667 5648 793 5718 χρὴ,
827 5649 919 5700 καὶ
966 5648 1062 5718 οὐχ
1092 5644 1418 5703 ύποτάσσειν
1452 5649 1570 5703 οὐδὲ
1600 5651 1874 5718 ἐξετάζειν
1904 5660 2120 5724 αὐτούς.

314 5767 358 5797 ³⁸
379 5762 525 5819 Psal.
551 5777 733 5821 xxxvi.
766 5763 855 5818 ﬁt.
