4188 6470
719 402 855 466 1859
1912 401 2147 461 INDEX
2187 401 2373 460 EPIS';

2296 401 2735 462 lSTOLARUM.
3816 391 3950 457 1860

1455 686 2016 749 EPISTOLARUM
2040 687 2487 749 EARUMDEM
2523 689 2709 749 ALIA
2743 687 3247 750 DISTRIBUTIO

2014 869 2076 906 ex
2110 852 2278 921 Regio
2306 853 2492 907 codice
2529 852 2649 906 709.

783 965 841 1022 In
878 966 982 1022 bac
1009 966 1184 1022 saneti
1213 965 1489 1021 Theodori
1534 966 1689 1023 Stud.
1726 968 2078 1037 epistolarum
2117 969 2355 1023 editione
2389 969 2560 1023 secuti
2599 969 2816 1038 quidem
2849 987 3042 1026 sumus
3069 972 3314 1026 ordinem
3360 980 3414 1024 et
3447 978 3666 1024 modum
3697 986 3812 1040 quo
3847 979 3938 1026 de~

716 1056 930 1125 scriptae
977 1064 1106 1109 sunt
1143 1055 1198 1108 in
1226 1055 1607 1111 Columnensis
1646 1045 1986 1110 bibliothecae
2016 1055 2224 1117 codice.
2257 1070 2419 1124 quem
2461 1057 2664 1125 passim
2710 1056 2894 1112 laudat
2939 1068 2993 1112 et
3044 1069 3305 1127 perpetuo
3345 1060 3595 1127 sequitur
3636 1059 3945 1114 Carilinalis

717 1141 1007 1197 Baronius.
1034 1141 1260 1196 Gratum
1309 1153 1489 1197 tamen
1531 1143 1824 1198 lectoribus
1867 1158 1965 1197 nec
2002 1158 2463 1212 supervacaneum
2507 1142 2624 1196 fore
2669 1145 2983 1214 putavimus
3031 1146 3195 1199 aliam
3231 1147 3549 1201 earumdem
3587 1147 3946 1216 epistolarum

718 1229 1184 1295 distributionem,
1213 1245 1377 1300 quam
1408 1229 1631 1286 Graecus
1657 1231 1835 1302 Regia)
1864 1231 2206 1286 bibliothecae
2234 1230 2402 1286 codex
2437 1219 2676 1295 exhibet,
2713 1231 2801 1286 hic
2831 1233 2994 1286 etiam
3039 1233 3303 1301 conspici.

788 1316 909 1386 Ipso
941 1318 1292 1388 epistolarum
1349 1321 1594 1375 omnium
1643 1321 1796 1375 initio
1825 1322 1992 1376 codex
2043 1319 2244 1386 Regius
2291 1321 2429 1372 hanc

2293 1321 2429 1372 hanc
2473 1319 2634 1372 habet
2676 1319 3076 1388 inscriptionem
3118 1339 3130 1373 :
3177 1321 3342 1390 Ἀρχὴ
3363 1319 3457 1374 τοῦ
3485 1321 3704 1390 πρώτου
3742 1320 3947 1389 βιϐλίου

718 1401 811 1454 τοῦ
833 1403 996 1456 αὑτοῦ
1031 1407 1093 1456 ἐκ
1119 1404 1226 1457 τῶν
1280 1405 1550 1476 διαφόρων
1578 1406 1742 1460 αὑτοῦ
1775 1406 2069 1459 ἐπιστολῶν
2101 1424 2114 1437 ο
2147 1406 2343 1475 ἐκλογὴ

2289 1407 2343 1475 τὴ
2372 1407 2472 1474 τῆς
2521 1407 2708 1475 τρίτης
2741 1408 2976 1477 saepiae.
3015 1407 3092 1462 Ac
3126 1419 3428 1478 sequuntur
3467 1408 3712 1478 epistolae
3753 1410 3943 1461 decem

721 1503 952 1556 quarum
984 1506 1324 1560 unaquceque
1358 1494 1674 1548 inscribitur
1709 1511 1721 1545 :
1755 1493 2067 1562 Δογμτιτικὴ
2096 1494 2222 1562 περὶ
2255 1481 2361 1544 τῶν

2293 1481 2361 1544 ὥν
2396 1495 2641 1547 εἰκόνων.
2685 1493 2776 1549 Ila:
2803 1504 2932 1550 sunt
2962 1496 3014 1549 in
3037 1496 3274 1552 editione
3312 1505 3520 1562 nostra,
3573 1497 3670 1551 lib.
3727 1495 3794 1561 Il,
3830 1498 3947 1566 epi-

722 1582 858 1634 stola
881 1583 932 1645 1,
961 1581 1013 1647 1,
1041 1583 1094 1647 6,
1126 1582 1180 1648 8,
1222 1583 1308 1646 10,
1337 1585 1426 1647 21,
1457 1585 1546 1647 25,
1569 1585 1658 1646 26,
1690 1586 1755 1639 55
1783 1596 1832 1638 et
1863 1583 1952 1638 56.

792 1667 985 1722 Postea
1009 1669 1060 1722 in
1110 1668 1279 1739 Regio
1318 1669 1516 1726 Codice
1557 1673 1748 1740 legitur
1776 1671 2058 1739 inscriptio
2100 1671 2250 1724 haec:
2288 1668 2392 1720 Τοῦ
2427 1668 2446 1720 ε

2293 1668 2392 1720 Τοῦ
2427 1667 2679 1736 δευτέρου
2729 1667 2954 1736 βιϐλίου.
2999 1666 3135 1721 Tum
3172 1677 3479 1738 sequuntur
3527 1666 3773 1736 epistola
3812 1683 3947 1736 qua-

723 1753 989 1821 draginta,
1019 1770 1246 1823 quarum
1274 1754 1500 1824 singula:
1527 1757 1901 1810 inscribuntur
1938 1757 2100 1810 etiam
2133 1774 2144 1808 :
2177 1759 2377 1824 Δογμαπ

2294 1754 2488 1823 ματικὴ
2513 1755 2768 1822 περὶτῶν
2792 1755 2961 1822 ἁγίων
3000 1755 3242 1807 εἰκόνων·
3286 1765 3412 1810 sunt
3443 1765 3625 1810 autem
3659 1756 3714 1808 in
3760 1764 3948 1809 nostra

723 1837 984 1901 editione,
1028 1837 1150 1890 libri
1191 1840 1416 1892 secundi
1443 1840 1669 1905 epistola
1695 1841 1782 1902 41,
1814 1841 1903 1900 12,
1926 1839 2014 1903 65,
2047 1838 2136 1902 72,
2168 1838 2256 1902 81,
2287 1840 2374 1901 85,

2291 1840 2835 1903 85,151,198,156,
2874 1843 3154 1906 158,161,
3191 1843 3777 1908 162,165,166,167,
3821 1843 3945 1905 169,

723 1923 850 1985 290,
881 1924 1002 1985 191.
1039 1923 1158 1987 I99,
1185 1925 1310 1991 201,
1345 1925 1471 1989 212,
1501 1925 1627 1990 217,
1654 1926 1781 1992 218,
1817 1927 1937 1988 152,
1968 1927 2090 1992 155,
2126 1927 2375 1992 151,155

2295 1929 2394 1994 55,
2431 1929 2552 1995 157,
2577 1928 2700 1993 159,
2731 1929 3002 1995 160,161,
3035 1930 3160 1996 165,
3189 1930 3469 1996 168,170,
3501 1929 3626 1994 171,
3660 1931 3790 1995 172,
3827 1930 3949 1992 175,

725 2010 849 2074 195,
872 2009 999 2075 215,
1029 2010 1134 2064 219

794 2096 925 2163 Quae
947 2099 1191 2167 proxime
1227 2109 1531 2167 sequuntur
1551 2101 1794 2168 epistolae
1821 2116 2047 2156 numero
2068 2102 2463 2174 quinquaginta
2491 2122 2605 2170 sex,
2645 2109 2845 2164 habent
2874 2108 3016 2163 hanc
3044 2106 3453 2176 inscriptionem
3485 2123 3498 2158 :
3538 2104 3646 2158 Τοῦ
3672 2103 3842 2158 αὑτοῦ
3889 2104 3953 2155 ἐκ

724 2184 833 2237 τῶν
877 2185 1150 2254 διαφόρων
1190 2187 1351 2240 αὑτοῦ
1389 2187 1684 2240 ἐπιστολῶν
1714 2188 1911 2259 ἐκλογή
1947 2190 2045 2258 τῆς
2078 2189 2300 2260 πρώτης
2333 2209 2378 2246 κε

2298 2209 2300 2218 λ
2333 2195 2709 2266 καὶδευτέρας
2747 2194 2982 2267 ἐξορίας.
3022 2197 3098 2250 Ac
3127 2194 3342 2249 easdem
3371 2206 3619 2262 prorsus,
3649 2190 3952 2260 eodemque

727 2271 866 2325 inter
897 2271 1044 2340 ipsas
1082 2272 1294 2337 ordine,
1330 2274 1381 2326 in
1409 2283 1593 2327 nostra
1615 2275 1851 2328 editione
1878 2286 2230 2344 repraesentat
2262 2280 2396 2334 liber
2434 2282 2663 2350 primus.

799 2358 892 2412 His
926 2359 1244 2426 subjunctus
1277 2370 1359 2414 est
1388 2361 1441 2413 in
1482 2361 1669 2415 codice
1713 2361 1804 2415 illo
1833 2361 2023 2416 Graeco
2051 2361 2209 2418 Index
2246 2367 2313 2420 ad
2347 2378 2636 2436 sequentes
2665 2368 2927 2438 epistolas
2968 2369 3265 2438 pertinens,
3296 2376 3459 2436 atque
3499 2365 3572 2419 ita
3607 2364 3910 2434 inscriptus
3939 2379 3954 2415 :

728 2443 837 2496 Τοῦ
881 2445 1043 2498 αὑτοῦ
1078 2447 1141 2499 lx
1172 2445 1280 2499 τῶν
1317 2446 1585 2516 διαφόρων
1635 2447 1800 2500 αὑτοῦ
1843 2449 2144 2502 ἐπιστολῶν
2177 2451 2376 2523 ἐκλογὴ

2299 2453 2376 2523 ’γῆ
2417 2455 2515 2522 τῆς
2545 2453 2733 2526 τρίτης
2791 2455 3026 2527 ὲξορῑας.
3069 2454 3206 2508 Tum
3259 2455 3316 2508 in
3350 2451 3528 2506 Indice
3563 2452 3657 2506 illo
3689 2460 3953 2506 notantur

729 2533 990 2588 continua
1023 2535 1164 2589 serie
1189 2535 1544 2590 ducentarum
1584 2545 1639 2591 et
1669 2537 1830 2591 unius
1863 2537 2217 2606 epistolarum
2257 2542 2418 2606 tituli,
2449 2542 2770 2598 exhibentes
2804 2543 3004 2613 singuli
3035 2556 3232 2596 nomen
3265 2540 3411 2595 illius
3437 2539 3505 2593 ad
3531 2554 3694 2608 quem
3721 2537 3955 2608 epistola

728 2622 986 2676 mittitur.

800 2707 931 2764 Post
973 2709 1206 2766 Iudicem
1253 2712 1537 2784 descripta
1590 2723 1719 2768 sunt
1767 2715 2013 2784 epistola:
2065 2716 2171 2770 illas
2217 2716 2464 2770 ducentae
2495 2724 2547 2771 et
2573 2732 2703 2782 una,
2737 2715 2842 2772 sub
2876 2717 2981 2772 hoc
3022 2715 3313 2770 lemmate:
3358 2712 3588 2784 Ἐκλογὴ
3625 2713 3728 2783 τῆς
3770 2712 3956 2782 τρίτης

731 2795 966 2863 ἰξορίας.
998 2797 1135 2852 Tum
1169 2799 1223 2853 in
1258 2811 1492 2870 quatuor
1519 2801 1686 2858 libros
1725 2804 2063 2857 tribuuntur.

806 2883 984 2938 Prima
1037 2885 1200 2954 igitur
1240 2902 1307 2940 ex
1339 2887 1405 2941 iis
1445 2888 1726 2956 epistolis,
1774 2899 1971 2958 prater
2025 2889 2197 2958 ipsius
2247 2888 2655 2957 inscriptionem
2700 2889 2994 2959 propriam,
3053 2889 3213 2943 habet
3247 2889 3394 2942 hunc
3423 2900 3642 2956 quoque
3683 2885 3904 2938 titulum
3938 2903 3953 2936 :

733 2970 922 3023 ΑΡΧΗ
952 2970 1228 3025 ΒΙΒΛΙΟΥ
1266 2972 1346 3027 Δ’.
1388 2973 1492 3038 Qui
1539 2975 1731 3029 titulus
1785 2978 2015 3043 pertinet
2046 2977 2302 3030 nimirum
2352 2976 2418 3029 ad
2469 2976 2727 3046 epistolas
2780 2975 3000 3044 triginta
3033 2990 3124 3029 sex
3159 2991 3178 3029 :
3205 2989 3326 3044 qua:
3357 2975 3772 3043 subsequuntur
3802 2989 3814 3024 :
3849 2972 3954 3024 nisi

733 3058 880 3125 quod
912 3074 1019 3114 una
1049 3059 1233 3122 deest;
1271 3061 1428 3128 cujus
1480 3071 1663 3115 tamen
1701 3077 1909 3116 vacuus
1953 3063 2175 3116 relictus
2221 3072 2304 3116 est
2352 3063 2527 3116 locus.
2578 3061 2688 3116 Has
2737 3071 2940 3124 autem,
2990 3062 3288 3131 eodemque
3321 3062 3536 3125 ordine,
3572 3068 3759 3116 nostra
3790 3059 3961 3114 editio

734 3143 992 3208 exhibet,
1027 3144 1095 3197 ab
1127 3144 1280 3198 initio
1307 3161 1500 3214 nempe
1529 3147 1650 3200 libri
1675 3148 1897 3201 secundi
1927 3163 2098 3214 usque
2127 3148 2191 3200 ad
2225 3148 2552 3201 tricesimam
2608 3149 2893 3217 septimam
2935 3149 3262 3216 epistolam;
3297 3159 3522 3219 excepta
3569 3158 3754 3204 tamen
3800 3146 3958 3201 tertia

740 3229 956 3283 numeri
981 3229 1161 3296 illius;
1187 3240 1351 3302 atque
1377 3233 1492 3287 haec
1520 3241 1604 3286 est
1624 3247 1722 3303 pro
1743 3249 1847 3302 qua
1869 3248 2100 3288 vacuum
2131 3234 2307 3288 locum
2345 3233 2504 3288 habet
2536 3233 2703 3288 codex
2731 3230 2966 3304 Regius;
2996 3235 3086 3304 qui
3115 3235 3473 3291 nihilominus
3504 3239 3558 3291 in
3592 3236 3772 3291 indice
3794 3248 3957 3303 supra

739 3324 1063 3382 memorato,
1101 3316 1244 3372 illius
1279 3319 1528 3387 epistolae
1558 3319 1968 3387 inscriptionem
2007 3319 2225 3372 exhibet
2259 3334 2321 3373 ac
2350 3319 2561 3374 numeri
2594 3330 2800 3385 notam,
2839 3321 3088 3377 videlicet
3112 3323 3171 3376 Γ.
3201 3323 3512 3392 ἡγουμένῳ.

804 3423 1008 3478 Deinde
1059 3425 1114 3478 in
1171 3425 1372 3482 Codice
1423 3425 1613 3481 Graeco
1663 3438 1881 3480 notatur
1911 3426 2098 3479 ΑΡΧΗ
2139 3427 2410 3481 ΒΙΒΛΙΟΥ
2444 3429 2520 3485 B'.
2564 3431 2640 3483 Ac
2681 3439 2980 3499 sequuntur
3034 3428 3424 3498 quinquaginta
3469 3427 3713 3495 epistolae
3761 3442 3776 3478 :
3827 3439 3960 3494 quas

741 3521 927 3568 nostra
957 3513 1125 3568 editio
1161 3514 1324 3569 simili
1353 3528 1580 3583 prorsus
1610 3514 1801 3568 ordine
1830 3513 2071 3584 subjicit,
2102 3529 2133 3568 a
2168 3515 2436 3570 tricesima
2457 3527 2606 3571 sexta
2634 3517 2842 3571 scilicet
2871 3515 2992 3570 libri
3018 3515 3240 3570 secundi
3272 3530 3445 3583 usque
3475 3513 3541 3568 ad
3566 3512 3957 3581 octogesimam

742 3602 1053 3670 septimam.

814 3691 944 3746 Inde
995 3692 1051 3746 in
1089 3690 1287 3748 Codice
1323 3690 1513 3748 Graeco
1547 3692 1733 3747 ΑΡΧΗ
1775 3694 2048 3748 ΒῙΒΛΙΟΥ
2079 3695 2154 3748 I".
2189 3702 2243 3749 et
2273 3698 2575 3760 sequuntur
2599 3691 2844 3759 epistolae
2886 3692 3164 3760 sexaginta
3209 3698 3444 3759 quatuor
3490 3702 3611 3758 quae
3641 3687 3698 3740 in
3724 3686 3958 3740 editione

746 3785 952 3843 nostra,
1013 3777 1206 3834 eodem
1257 3777 1420 3835 etiam
1470 3779 1682 3847 ordiue,
1735 3781 1803 3835 ab
1849 3781 2173 3850 octogesima
2229 3790 2380 3834 sexta
2429 3781 2637 3835 scilicet
2693 3797 2867 3852 usque
2925 3783 2994 3836 ad
3043 3783 3402 3837 centesimam
3450 3779 3955 3850 quinquagesimam

747 3880 1001 3934 primam.

811 3973 950 4029 Tum
1001 3976 1235 4048 denique
1268 3978 1456 4032 ΑΡΧΗ
1511 3977 1784 4031 ΒΙΒΛΙΟΥ
1816 3975 1888 4029 Δ’.
1926 3975 1989 4029 Ει
2018 3985 2321 4044 sequuntur
2349 3976 2591 4045 epistolae
2615 3977 2858 4046 quinque
2899 3985 2952 4031 et
3001 3975 3222 4046 triginta
3272 3991 3392 4045 quae
3423 3975 3476 4028 in
3513 3982 3697 4028 nostra
3727 3972 3956 4026 editione

748 4074 877 4117 sunt
928 4063 1047 4117 libri
1099 4065 1320 4118 secundi
1351 4065 1578 4133 epistola
1610 4064 1730 4127 171,
1775 4063 1897 4126 I75,
1935 4062 2056 4123 I76,
2086 4061 2204 4126 I77,
2245 4062 2402 4126 178,1

2298 4063 2511 4127 18,179,
2543 4063 2664 4126 180,
2697 4064 2820 4125 181.
2854 4063 2976 4126 182,
3010 4062 3130 4126 185,
3171 4062 3293 4124 181,
3325 4061 3451 4124 185,
3494 4059 3615 4122 186,
3669 4059 3791 4121 187,
3839 4057 3952 4118 188.

751 4149 871 4216 189,
903 4151 992 4214 91,
1017 4149 1106 4216 92,
1139 4150 1229 4216 95,
1259 4150 1350 4217 96,
1382 4151 1471 4214 97,
1491 4150 1616 4216 200,
1641 4151 1766 4214 201,
1801 4150 1928 4214 202,
1964 4149 2090 4215 201,
2114 4149 2242 4214 205,
2271 4148 2399 4213 206,

2140 4149 2242 4214 £05,
2271 4148 2399 4213 206,
2432 4146 2558 4210 207,
2591 4146 2716 4212 208,
2746 4147 2872 4213 209,
2891 4145 3018 4210 210,
3044 4145 3170 4212 212,
3205 4145 3332 4209 215,
3359 4145 3484 4210 211,
3511 4144 3638 4209 215,
3666 4142 3794 4195 216.

749 4333 3946 4364 *Μ

1692 4489 1881 4550 ALIA
1910 4488 2107 4548 ITEM
2147 4487 2522 4548 PARTITIO
2577 4483 3027 4546 EARUMDEM

1992 4651 2060 4710 Ut
2097 4659 2294 4706 notata:
2332 4659 2459 4706 sunt
2498 4651 2549 4702 in
2591 4666 2723 4704 mss.

2038 4834 2307 4875 εριδτοωε
2337 4832 2670 4874 DOGIA'I‘IC‘.

823 4938 987 4995 Libro
1012 4937 1079 5004 II,
1112 4936 1284 5009 Epist.
1316 4937 1370 5005 1,
1401 4937 1456 4998 1.
1497 4939 1552 5004 6,
1600 4938 1687 5000 10,
1716 4937 1805 5001 21,
1828 4935 1918 4998 25,
1955 4933 2046 4997 26,
2077 4933 2168 4997 55,
2195 4931 2282 4997 56,
2315 4931 2403 4998 11,
2427 4933 2518 4994 12,
2545 4933 2632 4992 15,
2666 4933 2754 4998 72,
2794 4932 2884 4995 81,
2916 4932 3006 4995 85,
3045 4930 3169 4994 151,
3209 4929 3331 4995 152,
3364 4929 3487 4992 155,
3525 4929 3651 4994 151,
3694 4930 3818 4993 155,
3857 4928 3945 4984 156

756 5026 1188 5093 157,158,159,
1239 5025 1362 5091 160,
1415 5026 1538 5090 161,
1593 5025 1716 5086 162,
1771 5024 1893 5087 165,
1943 5021 2065 5084 161,
2098 5019 2221 5084 165,
2263 5019 2387 5088 166,

2297 5019 2387 5088 66,
2421 5021 2537 5084 167,
2580 5020 2702 5086 168,
2738 5019 2859 5084 169,
2894 5019 3015 5083 170,
3057 5017 3181 5084 171,
3218 5018 3339 5084 172,
3379 5017 3502 5084 175,
3540 5016 3664 5085 190,
3703 5018 3945 5075 195.191

756 5117 877 5180 198.
910 5115 1032 5182 199,
1060 5111 1796 5182 201,212,215,217,218,
1832 5108 1957 5163 219.

2167 5229 2572 5270 ελτεειιετιειε.

824 5309 988 5366 Libro
1010 5308 1054 5376 Ι,
1088 5309 1256 5380 Epist.
1291 5309 1381 5375 51,
1423 5307 1585 5364 Libro
1613 5307 1678 5374 II,
1709 5307 1877 5378 Epist.
1907 5305 1962 5375 8,
1992 5304 2082 5371 21,
2115 5304 2203 5365 57,
2235 5302 2325 5363 58.
2356 5302 2444 5364 62,
2478 5303 2565 5366 61,
2587 5300 2676 5369 90,
2709 5302 2828 5369 112,
2863 5301 2987 5370 124,
3022 5300 3149 5369 151,
3180 5298 3306 5366 155,
3344 5298 3467 5365 110,
3504 5299 3624 5354 112.

2176 5405 2562 5446 ΡΔΒΑΕΝΕΤΙΕΕ.

825 5489 986 5543 Libro
1014 5487 1076 5556 II,
1114 5486 1287 5558 Epist.
1320 5488 1409 5553 55,
1454 5488 1572 5554 102,
1613 5487 1729 5552 105,
1765 5485 1884 5540 109.

2139 5578 2572 5619 εοκδοιιλτοιιιι.

824 5653 985 5711 Libro
1014 5655 1056 5719 l,
1093 5655 1260 5724 Epist.
1302 5657 1386 5723 12,
1416 5657 1503 5711 59.

2221 5815 2490 5836 w
