4000 6306
147 363 236 433 557

1289 365 1686 425 SERMONES
1715 364 2227 426 CATECHETICI.

3263 372 3366 434 558

145 481 407 534 minutum
459 478 570 533 olei
625 478 920 548 ampullam
945 478 1010 532 “.
1071 476 1144 533 De
1198 487 1395 533 caetero
1442 488 1698 545 spectate,
1733 488 1773 540 Α
1805 495 1926 533 rum
1968 482 2258 541 bonorum,
2310 489 2363 534 et
2414 479 2740 549 perduellem
2794 494 2974 535 meum
3034 481 3364 538 cohmredeni

147 573 352 637 fratres,
399 579 460 624 ut
493 569 644 625 feriae
679 570 968 633 decedunt,
1014 571 1355 625 celebritates
1399 572 1703 637 solvuntur,

145 665 257 718 dies
302 672 722 732 praetermeant,
781 672 945 731 atque
987 662 1114 714 hinc
1161 663 1393 731 quilibet
1443 663 1703 716 abimus:

144 760 247 828 jam
276 758 419 810 obiit
449 765 506 809 et
536 755 707 809 frater
744 755 1076 818 Theodolns,
1107 764 1270 824 atque
1314 758 1400 810 hic
1428 772 1459 811 e
1494 756 1704 826 primis,

148 860 198 902 et
220 847 532 901 obedientia
559 854 861 915 spectatus.
890 853 943 898 et
969 847 1022 898 in
1054 846 1394 899 confessione
1425 856 1707 913 constans,

149 939 322 1009 flagris
368 942 443 992 ob
475 937 787 1001 Christum,
819 953 882 991 ac
913 952 1132 991 carcere
1173 938 1456 1000 multatus,
1493 939 1710 1006 vitaque

150 1033 200 1084 in
246 1029 635 1099 persecutione
679 1027 1014 1081 defunctus:
1066 1043 1175 1096 quo
1225 1026 1354 1095 quid
1405 1027 1711 1082 illustrius?

153 1130 226 1174 tot
277 1131 502 1174 nostros
539 1117 738 1171 fratres
782 1115 1069 1186 (siquidem
1116 1116 1180 1168 ad
1231 1127 1450 1170 centum
1495 1126 1548 1170 et
1597 1132 1712 1170 am-

152 1213 288 1282 plius
313 1211 517 1266 crescit
549 1209 862 1276 numerus),
897 1207 1182 1262 stellarum
1218 1207 1394 1261 instar
1418 1207 1708 1276 fulgentes,

153 1305 199 1354 in
260 1317 381 1370 qua:
433 1299 635 1366 ahjecti
697 1297 813 1351 loca
882 1307 1044 1361 sunt,
1103 1297 1339 1351 indidem
1397 1312 1553 1351 sacra
1613 1312 1712 1351 sua

151 1408 374 1460 corpora
413 1401 527 1443 tum
565 1390 783 1452 comvis,
825 1398 936 1442 tum
990 1390 1225 1456 posteris
1269 1388 1336 1442 ad
1381 1389 1714 1444 orthodoxire

152 1484 521 1537 testimonium
552 1482 864 1551 reliquisse.

215 1573 406 1643 Neque
442 1574 623 1626 solum
657 1571 723 1626 de
764 1573 864 1627 bac
895 1583 1080 1628 nostra
1131 1581 1390 1644 tanquam
1437 1574 1716 1644 republica

151 1665 378 1734 loquor,
431 1665 526 1718 sed
585 1663 750 1716 etiam
796 1665 888 1732 qui
936 1679 999 1718 ex
1051 1665 1171 1717 aliis
1223 1665 1599 1720 contuberniis
1649 1666 1716 1720 ad

155 1770 334 1809 necem
369 1752 522 1821 petiti
564 1752 852 1805 decessere
883 1769 894 1803 :
933 1766 1054 1803 nam
1099 1752 1185 1819 pol
1214 1766 1308 1805 eos
1347 1751 1494 1805 haud
1519 1765 1718 1805 accen-

1807 572 2073 644 ccepistis.
2123 571 2278 636 Quod
2327 580 2607 640 superest,
2660 571 2825 634 abite,
2889 571 3261 637 detestabiles,
3310 574 3366 627 in

1809 665 1985 732 ignem
2077 671 2391 732 perpetem,
2458 664 2674 716 diabolo
2738 663 2964 734 ejusque
3043 664 3368 720 satellitibus

1810 764 2061 824 paratum
2085 754 2151 809 ⁸⁸.
2206 753 2312 808 Sed
2365 769 2729 824 nequaquam,
2782 754 3000 818 fratres,
3042 755 3215 810 diram
3245 772 3365 811 eam

1810 863 2036 909 vocem,
2085 861 2148 901 ac
2196 856 2436 903 atrocem
2478 850 2818 902 stomachum
2866 848 3200 914 sentiamus,
3235 851 3366 919 quin

1811 937 1958 989 omni
1997 950 2101 1004 ope
2129 951 2389 990 conemur
2417 939 2578 991 vitam
2616 937 2900 1003 anteactis,
2947 948 3370 994 consentaneam

1811 1027 2028 1093 ducere,
2052 1031 2341 1098 puritatem
2367 1029 2655 1098 complexi,
2673 1029 2938 1100 lacryntas
2961 1030 3371 1100 profundentes,

1815 1117 1982 1172 animi
2010 1126 2270 1187 tanquam
2303 1119 2538 1172 stimulis
2569 1128 2863 1182 scatentes,
2898 1134 3016 1188 qua:
3041 1120 3094 1172 in
3121 1121 3374 1175 manibus

1816 1213 1926 1266 sint
1959 1212 2132 1267 officia
2185 1221 2542 1281 peragentes,
2595 1211 2827 1266 sollicite
2875 1212 2930 1265 in
2976 1227 3143 1282 opere
3187 1213 3374 1267 divino

1826 1312 1989 1358 noctu
2055 1314 2108 1358 et
2161 1303 2397 1357 interdiu
2446 1304 2807 1368 excubantes,
2876 1319 2941 1358 ne
2995 1320 3104 1374 qua
3149 1305 3374 1374 illapsns

1815 1396 1988 1451 hostis
2017 1396 2261 1450 animum
2294 1394 2651 1465 negligentem
2685 1394 2920 1459 trucidet
2951 1414 2964 1449 :
3001 1411 3125 1449 nam
3161 1397 3372 1450 utinam

1815 1489 1899 1541 vel
1937 1488 2226 1557 vigilantes
2274 1488 2568 1542 draconem
2619 1487 2916 1558 fugiamus,
2963 1497 3174 1543 tantum
3222 1490 3376 1544 abest

1817 1587 1878 1633 ut
1906 1580 2124 1648 paulum
2170 1578 2564 1633 dormitantes!
2599 1578 2805 1634 Socors
2851 1580 3138 1649 labilisque
3183 1590 3378 1633 natura

1818 1680 1922 1737 est,
1964 1672 2109 1726 dicet
2170 1672 2466 1740 quispiam.
2503 1671 2700 1726 Fateor
2751 1673 2998 1742 equidem
3050 1686 3268 1741 quoque
3299 1672 3379 1725 uti

1821 1763 1873 1816 in
1897 1764 2140 1817 eamdem
2167 1764 2269 1816 sim
2294 1764 2670 1831 conscriptus;
2700 1764 2792 1817 sed
2829 1763 3042 1832 quoties
3072 1764 3122 1818 id
3147 1764 3378 1827 accidet,

153 1859 318 1907 581"“.
347 1843 442 1912 ειυὶ
471 1852 604 1896 ante
646 1842 1102 1909 oppugnationem
1131 1840 1371 1894 sedatam
1412 1841 1478 1894 ad
1514 1854 1719 1893 m‘ma“
1751 1828 1792 1881 Β
1823 1854 1988 1929 toties,
2016 1853 2318 1922 expeditior
2371 1828 2678 1919 confessio,
2741 1828 3021 1920 paenitudo
3048 1893 3063 1916 ,
3125 1853 3379 1907 contritio

151 1937 311 1991 steria
347 1943 649 1996 revertere,
683 1931 839 2000 quasi
875 1932 1095 2000 quidam
1125 1933 1434 1986 desertores
1465 1932 1667 1985 milites
1697 1947 1712 1984 ε

153 2032 347 2099 quippe
400 2029 672 2096 scriptum
719 2033 844 2077 est:
875 2023 1014 2088 Pax,
1055 2035 1101 2077 et
1133 2040 1236 2076 non
1275 2021 1714 2090 eratpax“;et:

159 2121 250 2174 tibi
279 2131 327 2173 te
351 2119 639 2179 inveniam,
672 2115 784 2167 illic
811 2124 856 2166 te
875 2111 1128 2181 judicabo
1148 2113 1217 2164 ⁸⁸.
1251 2111 1387 2180 Ergo
1415 2111 1504 2166 hic
1529 2110 1718 2180 ingens

153 2225 232 2268 est
263 2214 354 2267 Dei
393 2211 660 2266 Ecclesiae
707 2207 928 2270 tibicen,
979 2214 1186 2260 tantam
1221 2204 1480 2259 habuisse
1519 2205 1716 2258 nubem

156 2317 454 2376 martyrum
505 2314 607 2371 pro
661 2297 872 2351 Domini
934 2297 1108 2351 nostri
1152 2294 1279 2350 Jesu
1315 2296 1540 2360 Christi,
1596 2295 1718 2348 Dei-

156 2414 313 2466 parte,
348 2397 713 2462 omniumque
767 2390 1003 2459 imagine
1051 2397 1371 2444 sanctorum
1421 2386 1716 2441 adoranda.

157 2489 525 2557 Quamobrem
573 2494 634 2538 ut
685 2482 883 2552 pignus
915 2482 1062 2535 aliud
1098 2480 1306 2535 nullum
1351 2487 1623 2548 suppetat,
1666 2477 1719 2532 id

157 2597 320 2635 unum
354 2579 495 2634 satis
533 2586 619 2632 est
649 2575 888 2630 cordatis
924 2573 1216 2642 probandae
1242 2572 1478 2626 veritati.

221 2675 572 2742 Quapropter
600 2670 791 2723 hostes
835 2667 1055 2735 pudeat,
1089 2665 1181 2734 qui
1210 2665 1482 2718 diversam
1507 2663 1721 2733 opinio-

158 2785 273 2822 nem
307 2774 442 2820 sunt
487 2762 665 2817 secuti
700 2779 713 2814 :
750 2759 948 2813 etenim
991 2758 1117 2827 quis
1153 2755 1447 2826 (malum!)
1488 2757 1582 2824 qui
1628 2770 1721 2810 eo-

157 2878 270 2916 rum
306 2857 638 2927 religionem
684 2859 1074 2920 propugnaret,
1105 2863 1380 2904 aarumnas
1408 2863 1500 2902 eas
1530 2862 1721 2902 susce-

155 2955 274 3024 pit?
307 2951 542 3005 Minime
574 2958 729 3007 vero,
764 2944 893 3012 quin
922 2942 1068 2996 velut
1098 2940 1396 3009 noctivaga:
1418 2939 1722 2993 animantes

157 3048 206 3100 in
234 3053 397 3100 nocte
427 3037 656 3093 haeresis
679 3037 882 3098 volant,
913 3051 976 3089 ac
1000 3033 1306 3104 praefidunt,
1336 3042 1391 3086 at
1416 3032 1723 3087 lucescente

159 3139 261 3202 die,
307 3143 549 3199 ortoque
605 3125 859 3182 Lucifero
909 3124 1266 3189 orthodoxiae,
1314 3122 1520 3176 abdunt
1562 3136 1623 3177 se
1667 3120 1721 3175 in

159 3241 417 3282 cavernas
468 3220 754 3286 sacrilegae
822 3231 933 3270 suae
984 3216 1179 3270 mentis
1228 3223 1282 3269 et
1335 3214 1558 3284 ingenii.
1619 3211 1724 3267 Sed

161 3320 414 3373 nimirum
457 3315 602 3384 ignis
636 3312 720 3365 sui
763 3310 902 3372 luce,
945 3316 1188 3376 etquam
1221 3307 1540 3370 accendere,
1569 3305 1723 3358 flam-

160 3427 240 3464 ma
288 3417 669 3479 grassantur:
705 3418 827 3463 nos,
882 3401 1081 3453 fratres
1132 3398 1482 3462 charissimi,
1534 3411 1565 3449 a
1613 3395 1724 3449 Deo

159 3501 454 3558 constructi
505 3512 673 3566 super
695 3493 1080 3563 apostolorum
1137 3499 1428 3556 vatumque
1478 3502 1543 3541 ac
1585 3485 1724 3539 divi-

160 3610 345 3648 norum
398 3592 631 3647 Patrum
683 3584 1070 3646 fundamento,
1130 3580 1272 3634 firmi
1323 3578 1723 3642 consislamus,

159 3687 426 3756 nullisque
502 3683 845 3750 inposterum
926 3673 1183 3729 humanis
1256 3671 1725 3728 terriculamentis

159 3777 448 3848 praefracti.

220 3871 501 3923 Caeterum
538 3860 759 3916 infracti
823 3859 1018 3920 simus,
1077 3857 1122 3911 si
1169 3871 1236 3910 ex
1284 3855 1528 3924 Apostoli
1581 3868 1722 3922 prae-

158 3962 375 4030 scripto,
402 3970 633 4016 aurum,
666 3960 979 4020 argentum,
1003 3949 1270 4018 pretiosos
1297 3946 1503 4016 lapides
1537 3961 1724 4014 super-

159 4063 460 4112 struamus,
513 4059 624 4099 non
676 4043 856 4111 ligna,
910 4041 1115 4105 fenum,
1156 4037 1434 4107 stipulam,
1472 4037 1612 4105 ignis
1643 4036 1725 4089 fo-

159 4145 396 4200 menta“
450 4159 466 4195 :
528 4153 654 4192 nam
711 4135 792 4189 sic
861 4134 1158 4187 stabilitum
1228 4129 1364 4183 nihil
1430 4139 1513 4185 est
1575 4127 1724 4196 quod

159 4237 441 4291 demovere
470 4233 526 4286 in
555 4230 725 4283 Deum
755 4226 1005 4280 fiduciam
1034 4231 1220 4293 queat.
1251 4222 1328 4276 Ac
1355 4233 1720 4283 revercamur,

160 4330 363 4389 fratres,
399 4335 459 4378 et
493 4321 620 4374 festi
667 4317 812 4387 quod
858 4315 1096 4370 obiimus
1150 4327 1432 4366 arcanum.
1481 4309 1722 4365 Christus

161 4436 243 4474 nos
280 4415 511 4471 redemit
561 4411 625 4462 de
669 4407 946 4460 maledicto
1008 4406 1155 4474 legis,
1214 4404 1388 4472 factus
1434 4417 1530 4469 pro
1578 4399 1722 4452 nobis

1819 1945 2028 2009 cordis‘,
2085 1944 2152 1997 ad
2204 1942 2412 2012 frugem
2459 1945 2676 2007 reditio,
2731 1944 2783 1996 in
2839 1945 3123 2012 antiquum
3177 1953 3378 1997 statum

1819 2036 2125 2090 revertendi
2164 2035 2432 2090 celeritas.
2475 2036 2651 2105 Atque
2685 2037 2770 2090 his
2801 2035 3041 2104 quotidie
3087 2035 3378 2104 perfuncti,

1819 2143 1942 2183 cum
1978 2128 2090 2182 voti
2140 2135 2420 2196 compotes
2474 2128 2708 2192 fiamus,
2761 2137 2913 2191 tum,
2964 2128 3203 2196 optanda
3249 2143 3382 2182 voce

1820 2220 2110 2279 audienda,
2146 2234 2371 2288 regnum
2411 2222 2660 2274 ineamus
2696 2220 2939 2274 divinum
2976 2235 3071 2289 per
3101 2219 3379 2275 Christum

1824 2311 2011 2367 Jesum
2040 2310 2329 2365 Dominum
2356 2320 2603 2366 nostrum
2631 2330 2644 2366 :
2679 2311 2767 2366 cui
2797 2312 2966 2381 gloria
2997 2321 3052 2366 et
3091 2313 3380 2382 imperium

1820 2417 1945 2457 cum
1977 2403 2158 2464 Patre,
2191 2417 2255 2456 ac
2284 2409 2477 2456 sancto
2524 2399 2752 2470 Spiritu,
2803 2414 2949 2456 nunc
2975 2409 3029 2456 et
3054 2415 3287 2472 semper,
3325 2400 3380 2454 in

1821 2507 2148 2561 omnemque
2178 2493 2614 2561 perpetuitatem.
2648 2495 2842 2548 Amen.

2367 2603 2493 2658 SER
2503 2603 2596 2660 MO
2625 2603 2888 2659 XXXVII.

1821 2696 1950 2749 Post
1986 2697 2210 2750 lumina.
2251 2694 2599 2766 Nequaquam
2647 2697 2938 2766 feriundum
2971 2695 3189 2763 crapula
3227 2703 3382 2765 atque

2064 2767 2286 2834 poculis,
2323 2767 2484 2834 deque
2514 2768 2874 2819 recordatione
2907 2768 3110 2819 mortis.

1892 2856 2112 2913 Fratres
2138 2858 2454 2928 Patresque,
2490 2858 2600 2928 jam
2633 2858 2783 2913 feriae
2821 2859 3104 2922 transiere,
3127 2870 3251 2913 cum
3271 2858 3381 2912 Na-

1823 2950 1947 3004 talis
1996 2957 2110 3003 tum
2147 2947 2444 3017 Epiphania
2469 2990 2484 3013 ,
2533 2963 2669 3018 quas
2707 2958 2761 3003 et
2803 2964 2960 3019 agere
2992 2951 3289 3005 meruimus
3328 2951 3381 3004 in

1825 3041 1925 3095 hac
1955 3055 2051 3094 ora
2086 3040 2139 3094 id
2184 3040 2330 3110 quod
2365 3041 2652 3095 molestum
2680 3053 2789 3095 non
2819 3049 2926 3104 est,
2954 3042 3085 3111 quin
3114 3042 3167 3095 in
3195 3042 3385 3111 primis

1750 3156 1792 3214 ο
1827 3131 2241 3200 perjucundum,
2259 3131 2404 3200 quod
2425 3130 2546 3198 ejus
2572 3130 2762 3199 gratia,
2794 3132 2885 3199 qui
2911 3147 2970 3187 se
2997 3132 3248 3195 inanivit,
3272 3148 3388 3187 ser-

1828 3220 1986 3288 vique
2020 3219 2250 3274 formam
2278 3220 2516 3289 suscepit
2540 3229 2819 3290 nostrapte
2843 3236 3006 3277 causa
3033 3223 3098 3286 ",
3121 3233 3385 3289 extorres,

1826 3310 2003 3380 capite
2053 3325 2117 3366 ac
2161 3311 2396 3365 fortunis
2433 3326 2836 3380 oppugnantur.
2896 3311 3029 3367 Nam
3071 3316 3200 3381 quid
3241 3316 3387 3369 aliud

1826 3411 1908 3455 est
1938 3399 2121 3456 feriari
2161 3416 2326 3470 quam
2362 3401 2470 3456 Deo
2491 3402 2896 3458 cohaerescere?
2923 3402 3254 3459 Cohaerescit
3285 3419 3388 3457 au-

1826 3506 1931 3548 tem
1960 3493 2080 3562 quis
2113 3492 2224 3547 Deo
2273 3493 2355 3546 vel
2387 3494 2617 3547 maxime
2649 3509 2832 3549 rerum
2876 3509 2997 3561 qua:
3043 3497 3284 3550 materiae
3313 3505 3390 3551 te-

1825 3595 2021 3640 nentur
2058 3584 2202 3655 fuga,
2226 3595 2388 3655 atque
2416 3587 2579 3655 hujus
2605 3589 2794 3643 mundi
2826 3591 3073 3656 repudio.
3107 3589 3227 3643 Jam
3255 3592 3386 3660 quid

1824 3676 1891 3730 de
1918 3675 1984 3729 iis
2008 3675 2252 3730 dicemus
2280 3674 2374 3743 qui
2410 3675 2462 3728 in
2503 3675 2731 3730 desertis
2754 3686 2808 3729 et
2828 3678 3021 3742 antris,
3045 3688 3204 3747 atque
3231 3695 3389 3732 mon-

1827 3767 1969 3820 tibus
1997 3781 2061 3819 ac
2108 3775 2264 3819 terrae
2285 3765 2532 3817 cavernis
2555 3765 2840 3820 victitant?
2870 3767 3096 3824 minime
3116 3785 3210 3826 eos
3227 3769 3390 3825 feria-

1824 3857 1910 3910 ri?
1937 3856 2004 3909 At
2033 3871 2145 3925 pra:
2174 3855 2296 3911 aliis
2324 3855 2587 3910 feriantur
2607 3894 2622 3919 ,
2671 3855 2723 3909 in
2754 3856 2934 3925 quiete
2960 3859 3122 3928 positi
3177 3875 3242 3914 ac
3296 3861 3387 3930 pol

1825 3950 2112 4005 sublimius
2142 3957 2197 4003 et
2230 3948 2470 4003 divinius
2496 3986 2511 4010 ,
2542 3949 2808 4017 siquidem
2838 3951 2931 4019 qui
2968 3951 3151 4006 feriari
3185 3952 3388 4007 ducant

1826 4042 1879 4094 in
1911 4040 2137 4105 deliciis,
2169 4040 2412 4108 crapula,
2447 4041 2960 4108 comessationibus,
3019 4044 3246 4110 poculis.
3278 4045 3384 4099 sibi

1824 4146 1884 4186 se
1940 4129 2184 4185 fraudem
2232 4141 2441 4185 struere
2492 4130 2763 4199 ignorant.
2805 4129 2950 4196 Quos
2997 4142 3051 4186 et
3101 4133 3386 4203 deplorant

1824 4237 1993 4277 sacra:
2033 4221 2248 4276 Litterae
2277 4223 2330 4274 in
2365 4221 2480 4276 hac
2520 4223 2683 4277 verba
2719 4236 2735 4276 :
2777 4221 2994 4292 Epulati
3043 4226 3168 4278 estis
3232 4243 3387 4295 super

1826 4325 2042 4379 terram,
2069 4324 2118 4368 et
2148 4315 2200 4367 in
2235 4313 2461 4367 luxuriis
2491 4315 2763 4368 enutristis
2811 4315 2970 4367 corda
2994 4325 3196 4381 vestra,
3241 4328 3297 4370 ut
3331 4320 3386 4372 in

1824 4407 1907 4460 die
1947 4407 2220 4460 occisionis
2245 4406 2289 4436 ⁷ο
2320 4423 2334 4459 :
2367 4405 2570 4460 similes
2599 4415 2728 4460 sunt
2748 4405 2890 4460 enim
2921 4409 3103 4474 porcis
3132 4408 3197 4461 ad
3225 4409 3388 4463 lanie-

160 4511 496 4564 maledictum
513 4505 582 4567 ⁸⁷,
631 4500 710 4554 uti
749 4501 1013 4567 scriptum
1055 4506 1139 4551 est
1175 4513 1187 4548 :
1226 4496 1410 4563 itaque
1447 4509 1514 4548 ne
1547 4493 1718 4547 simus

1825 4515 1948 4554 nam
1981 4497 2334 4567 comparatis,
2371 4511 2605 4566 quorum
2638 4497 2773 4551 deus
2812 4498 3098 4566 ingluvies,
3130 4510 3181 4552 et
3210 4499 3262 4553 in
3300 4500 3386 4554 in-

161 4602 289 4654 nltra
317 4593 631 4659 maledicti,
663 4591 914 4646 Christus
944 4603 1044 4643 nos
1085 4590 1138 4642 in
1163 4601 1267 4642 suo
1294 4586 1563 4655 sanguine
1597 4583 1728 4638 lavit

160 4709 247 4761 per
311 4685 761 4761 regenerationis
814 4681 1130 4744 lavacrum,
1193 4693 1257 4733 ac
1319 4677 1726 4732 renovationem

162 4783 392 4853 spiritus,
426 4796 497 4835 ne
523 4777 594 4832 ad
623 4775 770 4830 foeda
800 4773 1064 4837 facinora,
1106 4770 1380 4834 detestati,
1413 4769 1722 4823 redeamus.

163 4875 248 4929 Sin
288 4877 497 4936 minus,
536 4863 900 4936 apparitionis
947 4877 1060 4918 sua:
1100 4861 1186 4916 die
1219 4856 1591 4930 (crediderim)
1627 4871 1727 4911 nos

162 4967 406 5020 affabitur
451 4965 512 5017 in
565 4961 686 5015 hanc
714 4957 878 5010 verba
912 4953 1213 5023 :Equidem
1252 4964 1614 5020 concorpores
1663 4963 1728 5003 ac

162 5059 461 5114 conformes
489 5069 595 5108 vos
629 5048 864 5111 reddidi,
898 5056 951 5102 et
983 5061 1101 5100 mea
1137 5045 1380 5098 membra
1418 5040 1725 5097 meretricis

162 5151 390 5204 membra
423 5142 697 5204 effecistis
724 5157 740 5205 ;
776 5155 804 5193 a
839 5138 1077 5207 peccatis
1109 5135 1277 5199 ablui,
1314 5135 1525 5189 macula
1554 5131 1722 5196 nulla,

163 5253 244 5296 aut
270 5258 428 5311 ruga,
481 5246 583 5293 aut
631 5233 804 5290 simili
837 5244 1112 5298 quoquam
1151 5227 1426 5296 praeditos,
1460 5233 1513 5278 et
1559 5224 1721 5276 vitio-

162 5350 269 5386 rum
309 5333 590 5402 paedorem
629 5321 991 5390 redamplexi,
1038 5319 1304 5373 scelerum
1345 5315 1567 5382 fuligine
1601 5326 1721 5365 sor-

163 5429 326 5492 detis;
359 5427 608 5480 animam
653 5419 816 5472 beata
866 5416 1003 5477 luce,
1052 5421 1300 5466 sanctum
1342 5409 1569 5476 largitus
1600 5404 1722 5474 Spi-

164 5518 334 5581 ritum,
369 5514 624 5584 replevi,
706 5516 762 5561 et
825 5515 1057 5559 mentem
1119 5499 1471 5556 rcdhibuistis
1538 5495 1722 5549 sedem

165 5608 580 5676 grassalricibus
628 5599 833 5663 noxis;
876 5589 1116 5650 haaredes'
1165 5591 1440 5661 designavi
1488 5598 1720 5643 aeterno-

241 5789 279 5817 ”
315 5789 372 5839 lll
410 5788 547 5853 Reg.
594 5798 734 5853 xvii,
776 5778 924 5853 1.9.2“
1050 5774 1250 5853 Jercm;
1289 5770 1490 5853 nini-vl.
1597 5770 1640 5798 ⁵⁵

169 5855 412 5908 Matth.
459 5841 590 5918 κ’έν,
625 5841 731 5902 tt:
799 5844 1187 5912 εθΡιιιιίρῐιοιιι
1223 5844 1272 5896 7-
1352 5841 1540 5893 ⁷⁰ι¹³εο
1580 5841 1712 5901 ν»

1597 5769 1640 5798 ⁸⁵
1683 5765 1877 5823 Ezccb.
1915 5784 2004 5830 vn,
2039 5769 2090 5821 5.

1823 4589 1985 4643 famia
2026 4589 2357 4657 triumphus.
2415 4587 2777 4653 Quamobrem
2832 4588 3016 4644 verius
3062 4605 3230 4659 penes
3286 4607 3386 4647 nos

1822 4691 1905 4736 est
1960 4681 2170 4744 feriari,
2224 4680 2268 4734 si
2325 4679 2694 4741 attendimus.
2745 4680 3077 4750 dignamque
3129 4690 3257 4736 voto
3321 4697 3388 4737 ac

1823 4773 2026 4828 Christi
2055 4771 2399 4826 confessione
2431 4771 2594 4824 vitam
2637 4771 2918 4839 ducimus.
2945 4771 3202 4841 Equidem
3235 4773 3385 4827 vide-

1824 4881 1969 4928 mur,
1995 4863 2222 4926 fratres,
2275 4871 2335 4915 ut
2369 4863 2484 4916 dies
2528 4864 3005 4931 praeterequitent,
3067 4874 3386 4933 tempusque

1826 4966 1957 5011 rota:
1994 4956 2165 5009 instar
2206 4953 2445 5007 volutum
2477 4953 2576 5008 hos
2607 4954 2842 5007 adducat
2873 4969 2968 5023 per
2995 4965 3172 5010 ortum
3199 4994 3213 5017 ,
3265 4956 3386 5009 illos

1827 5045 2065 5101 abducat
2095 5061 2191 5114 per
2239 5055 2468 5098 mortem
2494 5086 2509 5108 ,
2544 5052 2700 5097 aetate
2737 5060 2844 5097 non
2876 5059 2982 5098 una
3045 5055 3098 5098 et
3154 5045 3383 5113 aequali;

1824 5136 1953 5205 quin
1988 5150 2146 5189 senes
2169 5143 2294 5187 ante
2318 5133 2567 5202 juvenes,
2602 5143 2654 5187 et
2683 5133 2910 5202 juvenes
2941 5145 3066 5188 ante
3092 5150 3267 5200 senes,
3299 5151 3386 5203 pa-

1825 5236 2006 5281 rentes
2030 5235 2155 5280 ante
2185 5225 2405 5289 liberos,
2434 5240 2498 5279 ac
2533 5226 2731 5280 liberos
2763 5236 2887 5279 ante
2922 5235 3194 5294 parentes,
3226 5242 3388 5281 omne

1832 5329 1994 5387 caput
2017 5320 2342 5387 promiscue,
2381 5316 2489 5370 Deo
2519 5317 2598 5371 sic
2623 5326 2969 5386 procurante,
3002 5334 3111 5385 quo
3131 5319 3201 5371 ob
3221 5319 3392 5372 incer-

1833 5407 2117 5460 titudincm
2156 5405 2344 5459 mortis
2370 5403 2582 5457 cunctis
2612 5403 3009 5457 instrueremur
3030 5403 3095 5456 ad
3124 5404 3246 5455 iter.
3287 5403 3391 5456 Ita-

1829 5511 1934 5564 que
1964 5495 2248 5564 vigilemus
2270 5535 2282 5556 ,
2323 5501 2376 5545 et
2405 5491 2646 5545 animum
2677 5491 3004 5560 arrigatnus,
3034 5507 3099 5545 ne
3137 5507 3283 5546 mors
3309 5494 3391 5544 in-

1828 5601 2027 5656 gruens
2069 5595 2289 5657 repente
2319 5584 2499 5638 minus
2533 5593 2749 5652 paratos
2783 5583 3051 5645 offendat.
3080 5583 3391 5654 frustraque

2200 5768 2242 5798 ⁸⁸
2285 5765 2300 5817 1
2341 5765 2465 5820 Cor.
2521 5781 2604 5828 ιιι,
2657 5765 2739 5817 12.
2839 5766 2879 5796 θ’
2921 5762 3098 5820 Galat.
3158 5782 3240 5832 ut,
3299 5766 3385 5818 13.
