4000 6306
615 355 719 415 559

1796 353 1856 410 S.
1893 345 2283 410 TIIEODORI
2326 349 2677 408 STUDlT/E

3761 350 3859 411 560

614 484 677 521 ac
707 469 826 522 sine
856 464 1009 536 fruge
1039 466 1360 536 paenitentia
1383 465 1666 520 ducamur.
1711 463 1946 518 Nescitis
1991 472 2050 516 ut
2093 478 2186 517 su-
2214 467 2256 519 Α
2287 458 2765 514 ambirenttulere.
2809 456 2992 527 Atque
3025 464 3082 511 ut
3112 458 3358 512 omittam
3419 468 3634 514 veteres
3685 461 3856 516 histo-

612 559 924 629 perioribus
955 559 1145 613 diebus
1174 558 1354 612 subito
1389 558 1442 610 in
1466 555 1830 610 valetudinem
1861 554 2052 620 incidi,
2089 569 2186 607 nec

615 655 773 722 longe
805 651 978 706 abfuit
1015 652 1144 719 quin
1177 652 1357 705 anima
1390 651 1504 704 haec
1531 650 1586 703 in
1630 647 1844 703 inferno
1883 646 2204 701 habitaret?

614 744 812 798 Etsi'in
846 758 1086 812 prmsens
1131 757 1259 796 vero
1299 741 1584 805 convalui,
1615 755 1721 794 non
1751 739 1978 794 omnino
2011 739 2064 791 in
2095 753 2189 807 po-

615 845 821 889 sterum
856 843 1058 894 tamen,
1091 834 1223 902 quin
1257 847 1478 887 necesse
1500 841 1581 886 est
1604 831 1716 900 jam
1765 830 1892 884 inde
1942 842 2125 884 senem
2159 844 2188 880 a

614 924 770 978 vobis
809 924 1122 986 abscedere,
1155 934 1316 991 atque
1343 922 1409 976 ad
1453 931 1634 990 patres
1683 920 1991 990 fratresque
2020 919 2186 988 profi-

613 1018 745 1072 cisci
775 1037 787 1072 :
825 1026 1035 1070 tantum
1065 1016 1365 1086 precamini
1393 1023 1451 1069 ut
1475 1015 1642 1084 probe
1662 1013 1940 1077 conscius,
1968 1012 2190 1080 vitaque

614 1109 761 1162 obita
809 1109 1106 1177 inculpata.
1149 1106 1316 1176 Igitur
1363 1106 1542 1160 adhuc
1564 1104 1848 1159 doloribus
1888 1102 2184 1164 distentus,

613 1199 1016 1267 cogitabundus
1044 1213 1253 1253 mecum
1308 1199 1387 1251 sic
1441 1197 1702 1265 loquebar
1732 1214 1744 1247 :
1779 1194 1836 1250 Si
1873 1194 1961 1248 hic
2006 1204 2189 1248 tantus

614 1292 770 1344 labor
796 1300 897 1353 est,
957 1300 1198 1359 quantus
1240 1291 1574 1343 imminentis
1605 1287 1796 1356 judicii
1827 1287 2046 1340 futurus
2067 1285 2093 1338 ?
2124 1302 2190 1341 ac

615 1380 662 1433 si
698 1390 809 1433 tres
842 1391 1146 1448 quatuorve
1194 1379 1312 1432 dies
1357 1392 1630 1432 aerumnas
1684 1393 1791 1431 non
1827 1377 2186 1446 perpetimur,

615 1469 711 1538 qui
743 1485 980 1539 perenne
1025 1471 1350 1538 supplicium
1399 1468 1681 1522 feramus?
1715 1467 1838 1522 Haec
1872 1483 1996 1522 curn
2034 1468 2188 1523 vobis

615 1563 899 1615 consulam
929 1577 1146 1631 quoque
1178 1561 1453 1623 meditari,
1485 1569 1538 1614 et
1564 1560 1843 1615 revolvere
1869 1601 1883 1624 ,
1924 1569 2038 1614 tum
2084 1560 2188 1614 cir-

614 1663 932 1722 cumspecte
953 1654 1169 1721 degere,
1214 1654 1358 1722 quod
1385 1654 1450 1707 ad
1480 1654 1757 1707 hominem
1789 1660 1982 1706 attinet
2004 1661 2188 1706 exter-

616 1760 779 1808 num,
821 1758 946 1798 cum
1000 1744 1148 1798 omni
1199 1744 1501 1814 probitate,
1546 1743 1888 1808 humilitate,
1937 1741 2184 1797 laborum

2289 550 2416 611 rias,
2444 549 2585 602 intra
2645 557 2854 603 aetatem
2889 559 3128 603 nostram
3163 549 3447 619 exigamus
3521 567 3856 606 sermonem.

2289 640 2496 710 Ecquid
2537 641 2822 706 Psalterio,
2865 643 2957 711 qui
2986 640 3290 707 dicebatur,
3327 642 3529 711 profuit
3563 645 3631 699 ad
3661 647 3856 716 Stylum

2289 734 2600 803 profectio?
2633 749 2700 787 an
2738 750 2842 787 non
2879 735 3137 788 reductus
3167 735 3290 788 inde
3329 744 3413 789 est
3440 746 3627 790 mente
3663 748 3856 806 captus

2289 842 2353 880 ac
2373 828 2482 893 jam
2517 842 2615 881 nec
2637 827 2888 882 subditus
2915 835 3018 892 est,
3053 842 3152 881 nec
3195 828 3421 897 stylita?
3455 827 3597 894 Quid
3627 829 3859 900 Sapritae

2291 915 2432 969 idem
2465 917 2697 971 contulit
2725 917 2939 986 stylus?
2974 932 3041 970 an
3074 933 3178 970 non
3206 918 3497 984 degressus
3528 920 3655 972 inde
3683 929 3769 974 est
3789 922 3856 974 ob

2290 1005 2693 1070 orthodoxiam,
2718 1007 3012 1075 lapsusque
3029 1007 3081 1059 in
3109 1007 3383 1072 haeresim,
3410 1009 3658 1076 proditor
3678 1009 3856 1064 factus

2291 1094 2551 1158 veritatis,
2585 1110 2650 1150 ac
2682 1112 2827 1150 nunc
2858 1105 3198 1167 oppugnator
3253 1106 3337 1151 est
3365 1098 3707 1151 acerrimus?
3751 1098 3856 1153 Sed

2291 1195 2537 1241 nostram
2622 1190 3012 1257 rempublicam
3067 1190 3436 1260 inspectemus
3498 1206 3736 1260 quoque.
3777 1194 3857 1244 An

2289 1292 2396 1331 non
2443 1278 2653 1343 Petrus,
2674 1280 2767 1348 qui
2785 1280 2897 1349 jam
2929 1281 3056 1335 olim
3084 1282 3250 1350 probe
3265 1282 3545 1335 subditum
3573 1283 3860 1351 gessisset,

2288 1371 2506 1438 pietatis
2530 1385 2717 1433 causa,
2767 1372 2996 1436 scilicet,
3061 1373 3115 1425 in
3161 1373 3508 1427 solitudinem
3548 1374 3864 1429 discessit?

2289 1462 2431 1515 unde
2457 1462 2763 1527 cuiusmodi
2781 1463 2850 1517 sit
2881 1478 3153 1528 reversus,
3173 1479 3400 1532 quemve
3424 1465 3637 1519 dederit
3669 1465 3860 1533 finem,

2289 1556 2446 1611 scitis
2474 1556 2569 1625 qui
2609 1556 2818 1624 experti
2853 1556 3004 1610 estis.
3041 1557 3123 1608 An
3153 1569 3261 1609 non
3309 1563 3362 1609 et
3409 1557 3858 1626 Amphilochius,

2287 1648 2381 1717 qui
2412 1648 2591 1702 adhuc
2624 1657 2902 1718 superest,
2939 1647 3121 1717 stylita
3181 1647 3234 1700 in
3295 1647 3508 1716 primis,
3569 1664 3634 1704 ac
3663 1649 3864 1705 deinde

2291 1740 2466 1794 factus
2511 1738 2750 1803 Clusius,
2785 1753 2931 1792 nunc
2996 1737 3253 1793 indecore
3292 1739 3400 1793 huc
3438 1739 3569 1794 illuc
3609 1742 3864 1809 palatur?

614 1836 984 1896 contentione,
1023 1836 1343 1902 tolerantia;
1394 1836 1537 1905 quod
1586 1836 1651 1889 ad
1695 1837 1994 1900 internum,
2023 1849 2184 1903 quam
2221 1815 2260 1871 Β
2290 1843 2541 1897 noxaque
2566 1829 2677 1882 haec
2706 1829 2909 1882 diaboli
2944 1836 3029 1882 est
3057 1828 3232 1882 aliena
3267 1829 3560 1894 subjicere.
3596 1846 3709 1900 quo
3741 1832 3863 1886 suis

616 1927 922 1980 arctissime
953 1926 1195 1980 animum
1219 1942 1456 1990 servare,
1492 1942 1596 1980 neu
1619 1935 1981 1980 veteratorem
2007 1925 2187 1978 sinere

615 2028 948 2086 serpentem,
991 2018 1279 2072 draconem
1316 2017 1465 2071 illum
1500 2017 1780 2086 grandem,
1818 2017 2184 2078 insusurrare,

615 2119 670 2163 et
702 2112 755 2162 in
798 2124 896 2163 nos
920 2109 1150 2174 insilire,
1180 2125 1284 2163 neu
1303 2109 1396 2162 Dei
1426 2108 1622 2162 famem
1655 2107 1838 2163 sedem
1871 2121 2188 2176 comparare

613 2201 900 2266 vitiorum,
927 2201 1054 2269 quin
1075 2215 1244 2271 puros
1273 2201 1516 2269 praebere
1543 2202 1669 2262 Deo,
1699 2209 1862 2268 atque
1884 2199 2009 2253 hinc
2025 2200 2186 2252 vitam

618 2305 779 2360 agere
811 2291 1024 2346 beatam
1059 2292 1224 2345 etiam
1266 2300 1393 2345 ante
1423 2291 1682 2344 futuram.
1731 2289 1866 2344 Nam
1904 2291 2030 2360 quid
2065 2290 2188 2342 bea-

616 2384 726 2436 tius
761 2398 923 2452 quam
957 2397 1097 2452 puro
1124 2393 1180 2437 et
1210 2383 1428 2438 insonte
1453 2383 1633 2438 animo
1661 2382 1969 2452 prrestando
1997 2397 2185 2451 pacem

615 2487 741 2526 cum
771 2473 882 2528 Deo
912 2473 1162 2543 agitare?
1186 2474 1331 2542 quod
1380 2489 1725 2544 nequaquam
1765 2474 1857 2528 fiat
1903 2473 1958 2527 ni
1989 2487 2187 2543 prazce—

617 2563 749 2616 dant
777 2565 948 2629 labor,
980 2579 1189 2632 preces,
1210 2565 1482 2635 lacrymae,
1510 2567 1879 2634 compunctio,
1910 2565 2184 2626 alacritas,

618 2655 799 2708 fervor
829 2653 1056 2723 spiritus
1087 2671 1102 2708 :
1139 2655 1410 2725 siquidem
1441 2669 1616 2724 neque
1659 2655 1746 2709 his
1782 2653 2077 2708 instructos
2101 2669 2188 2707 ca-

616 2755 773 2815 ptare
791 2748 965 2802 hostis
982 2758 1181 2812 cessat,
1211 2748 1524 2817 bellumque
1547 2747 1889 2817 implacabile
1927 2745 2183 2801 conflare.

617 2838 793 2906 Atque
821 2838 872 2893 id
908 2839 1093 2904 faciet,
1125 2839 1217 2908 qui
1247 2839 1301 2892 in
1329 2840 1498 2894 caelos
1531 2839 1813 2893 tendentes
1843 2848 2047 2892 cernat.
2082 2837 2187 2892 Sed

618 2927 868 2998 profecto
912 2929 1052 2983 haud
1081 2940 1206 2984 sunt
1241 2945 1402 2998 pares
1444 2931 1610 3000 hujus
1643 2930 1901 2999 temporis
1934 2945 2188 2984 aerumnae

617 3021 667 3074 ci
692 3035 811 3089 quae
837 3021 891 3074 in
919 3035 1020 3077 nos
1048 3021 1368 3077 ostendetur
1398 3022 1601 3092 gloriae.
1622 3022 1801 3088 Quare
1830 3023 2039 3077 cunctis
2067 3038 2190 3076 eon-

618 3113 808 3166 tractis
842 3114 1016 3182 copiis
1047 3129 1208 3184 atque
1241 3114 1451 3169 viribus
1476 3155 1489 3176 ,
1527 3131 1649 3183 quae
1709 3115 1762 3167 in
1820 3130 1914 3184 spe
1975 3115 2186 3183 fideque

619 3206 759 3269 sitae,
795 3207 1080 3274 profligare
1121 3207 1324 3260 bellum
1357 3217 1410 3260 et
1441 3206 1716 3261 vafriciem
1766 3207 2028 3260 dazmonis
2072 3207 2185 3261 dis-

618 3297 828 3352 solvere
850 3307 1144 3360 certemus,
1187 3298 1382 3352 imitati
1418 3298 1472 3352 in
1509 3299 1684 3354 stadio
1709 3310 1991 3353 currentes
2016 3339 2030 3364 ,
2094 3299 2184 3366 qui

620 3396 769 3442 tanta
804 3390 1153 3444 contentione
1181 3391 1502 3461 confligunt,
1539 3401 1598 3445 ut
1640 3391 1693 3445 in
1741 3399 1984 3445 extremo
2021 3404 2185 3443 cursu

622 3479 899 3544 anhelent,
931 3495 996 3535 ac
1021 3481 1110 3534 vix
1139 3483 1389 3550 spiritum
1427 3484 1662 3538 trahant.
1696 3483 1871 3551 Atque
1919 3482 2004 3536 his
2039 3481 2188 3536 diur-

617 3588 724 3628 nus
752 3574 967 3628 interim
993 3590 1189 3630 cursus
1210 3585 1262 3630 et
1293 3575 1538 3629 mortalis
1558 3574 1834 3643 proposita
1861 3588 2062 3627 corona
2083 3583 2184 3635 est,

621 3665 778 3719 nobis
805 3665 1044 3733 quandiu
1088 3666 1337 3720 vivamus
1357 3705 1372 3730 ,
1405 3680 1576 3734 eaque
1605 3665 1671 3718 de
1699 3679 1865 3718 causa
1895 3671 1950 3718 et
1984 3677 2185 3718 corona

619 3757 946 3811 immortalis
972 3757 1255 3826 quaeritur,
1283 3765 1336 3811 et
1365 3756 1647 3826 praemium
1679 3769 1871 3825 perpes
1897 3772 1909 3807 :
1936 3754 2103 3824 quod,
2135 3764 2189 3808 et

619 3856 843 3914 peracto
881 3847 1094 3900 fortiter
1124 3862 1289 3901 cursu
1325 3848 1543 3917 assequi
1575 3862 1765 3900 omnes
1794 3846 2074 3915 contingat
2095 3860 2188 3913 per

617 3937 898 3992 Christum
966 3936 1148 3991 Jesum
1198 3937 1487 3992 Dominum
1549 3945 1826 3995 nostrum.
1860 3935 1948 3990 cui
1991 3934 2184 4004 gloria,

617 4038 671 4081 et
702 4027 1015 4096 imperium,
1051 4043 1175 4082 cum
1209 4026 1389 4094 Patre,
1439 4042 1504 4082 ac
1545 4037 1737 4082 sancto
1763 4025 1966 4095 Spiritu
1988 4064 2002 4088 ,
2040 4039 2189 4078 nunc

614 4129 671 4173 et
698 4133 935 4189 semper,
962 4119 1016 4173 in
1045 4135 1371 4190 omnemque
1421 4120 1856 4190 perpetuitatem.
1897 4118 2093 4175 Amen.

1110 4228 1341 4285 SERMO
1380 4228 1664 4284 XXXVIII.

690 4319 765 4374 De
801 4318 1029 4373 Patrum
1059 4322 1334 4374 imitandis
1365 4323 1506 4385 vitis,
1539 4321 1896 4391 manendoque
1939 4322 1993 4374 in
2018 4337 2117 4389 quo

1063 4393 1237 4444 vocati
1267 4392 1521 4445 divinitus
1552 4408 1757 4446 sumus.

2287 1922 2462 1991 privet
2506 1929 2561 1974 et
2613 1921 2902 1990 exspoliet.
2945 1919 3285 1991 Quapropter
3315 1921 3514 1975 clamat
3540 1922 3861 1992 Apostolus,

2291 2011 2656 2082 Unusquisque
2679 2013 2732 2066 in
2761 2030 2861 2082 quo
2885 2024 3097 2066 vocatus
3137 2022 3235 2076 est,
3266 2012 3484 2082 fratres,
3524 2015 3579 2067 in
3616 2013 3712 2067 hoc
3740 2031 3862 2082 per—

2287 2115 2498 2159 maneat
2533 2106 2672 2173 apud
2705 2106 2864 2159 Deum
2891 2107 2958 2159 ⁷¹.
2993 2104 3234 2160 Vocatus
3270 2121 3329 2160 cs
3368 2106 3463 2174 qui
3518 2116 3569 2159 te
3625 2107 3863 2161 dederes

2287 2199 2599 2266 quieti?ne
2651 2214 2780 2253 cura
2832 2199 3130 2253 subditum.
3167 2197 3402 2253 Vocatus
3456 2215 3516 2254 es
3571 2200 3664 2269 qui
3724 2202 3863 2256 sub-

2286 2291 2458 2344 ditum
2529 2291 2781 2359 gereres?
2851 2306 2919 2343 ne
3015 2305 3144 2345 cura
3216 2288 3481 2359 quietum.
3547 2290 3604 2343 In
3694 2306 3862 2359 quam

2286 2383 2517 2452 quisque
2573 2383 2800 2435 classem
2858 2389 2940 2436 est
2991 2382 3353 2450 conscriptus,
3421 2381 3530 2437 Deo
3595 2383 3860 2452 placeto:

2288 2474 2450 2528 habet
2519 2474 2724 2528 utervis
2783 2472 3026 2539 exempla
3100 2487 3197 2526 sua
3238 2513 3253 2538 ,
3317 2473 3384 2526 ad
3447 2488 3568 2542 quae
3635 2489 3865 2528 necesse

2285 2579 2369 2620 est
2429 2568 2595 2618 vitam
2659 2574 2966 2634 componat.
3035 2563 3218 2633 Itaque
3289 2573 3344 2617 tu
3417 2577 3643 2633 sequere
3724 2565 3860 2618 obe-

2287 2657 2488 2710 dientia
2515 2657 2870 2726 praelustres:
2917 2656 3103 2725 quos?
3147 2656 3391 2724 inquam.
3469 2653 3588 2708 Non
3641 2655 3862 2723 priscos

2288 2747 2668 2799 tantummodo
2697 2759 2937 2809 sanctos,
2975 2748 3108 2816 quin
3157 2745 3332 2801 nostri
3367 2759 3585 2814 quoque
3636 2755 3859 2800 cmtus:

2289 2836 2502 2890 imitare
2535 2835 2751 2889 beatum
2785 2836 3176 2900 Domitianum,
3227 2837 3384 2905 cujus
3437 2836 3640 2891 fervida
3684 2837 3861 2903 ﬁdes;

2289 2930 2500 2986 imitare
2530 2927 2746 2983 beatum
2783 2927 3084 2991 Zosimum,
3135 2930 3253 2984 sine
3302 2928 3428 2984 fuco
3467 2931 3808 3000 morigerum
3844 2948 3857 2996 ;

2289 3021 2503 3075 imitare
2547 3022 2765 3076 beatum
2821 3019 3085 3082 Marcum,
3143 3022 3234 3090 qui
3286 3022 3497 3090 probris
3549 3036 3614 3076 ac
3664 3029 3872 3074 contn-

2289 3110 2464 3163 meliis
2488 3124 2586 3178 pro
2609 3110 2752 3165 bono
2785 3109 2968 3163 omine
3026 3109 3224 3170 ductis.
3261 3122 3520 3165 constans
3566 3112 3620 3165 in
3665 3112 3859 3166 habitu

2289 3221 2388 3260 suo
2430 3207 2762 3274 permansit:
2807 3207 3021 3259 imitare
3089 3205 3304 3260 beatum
3366 3206 3704 3274 Terentium,
3763 3209 3860 3277 qui

2289 3299 2595 3367 complures
2628 3314 2804 3352 annos
2825 3302 2986 3367 aagris
3026 3297 3078 3350 in
3114 3298 3347 3366 coquina
3379 3299 3696 3364 famulatus,
3743 3318 3858 3355 non

2289 3388 2446 3441 taedio
2474 3388 2674 3443 fractus
2705 3389 3048 3453 claudicavit,
3101 3388 3192 3442 sed
3222 3389 3482 3442 invitatus
3529 3406 3755 3460 quoque
3801 3403 3860 3445 ut

2287 3480 2414 3533 inde
2443 3493 2501 3533 se
2530 3480 2818 3543 conferret,
2859 3481 3000 3535 haud
3049 3480 3264 3536 induxit
3305 3481 3572 3545 animum,
3631 3484 3847 3538 malens

2287 3571 2528 3626 divexari
2561 3571 2897 3638 ministerio;
2957 3574 3172 3628 imitare
3209 3582 3435 3628 caeteros
3484 3573 3701 3638 fratres,
3734 3591 3863 3644 per-

2287 3663 2510 3723 multos,
2551 3673 2606 3718 et
2647 3663 2952 3718 obedientia
3016 3666 3280 3735 insignes,
3316 3681 3550 3735 quorum
3608 3676 3739 3721 sunt
3803 3667 3858 3721 in

2287 3754 2408 3808 vitae
2445 3755 2584 3809 libro
2613 3757 2835 3809 nomina
2863 3774 2874 3810 :
2912 3756 3258 3822 hosimitarc,
3285 3773 3390 3812 non
3419 3758 3855 3815 solitudinarios.

2290 3844 2456 3915 Igitur
2507 3847 2854 3900 solitudinem
2932 3862 3255 3919 montesque
3316 3849 3477 3903 Pater
3534 3848 3860 3905 Joannicius

2288 3952 2411 3990 cum
2460 3937 2696 3990 subditis
2750 3939 2980 4002 habeto,
3045 3949 3098 3992 tu
3144 3949 3264 3994 tene
3313 3949 3396 4005 te,
3444 3940 3751 3995 obedientia
3804 3953 3862 3996 et

2289 4026 2466 4080 alieno
2501 4027 2619 4081 solo
2649 4036 2958 4081 contentus.
2991 4024 3110 4080 Non
3167 4037 3511 4097 oppugnatur
3562 4045 3710 4084 nunc
3741 4031 3854 4095 ille,

2292 4128 2344 4171 tn
2378 4135 2694 4188 oppugnare
2745 4121 2816 4175 ob
2862 4122 3170 4191 justitiam:
3210 4122 3297 4175 ille
3325 4127 3378 4176 in
3439 4137 3714 4177 carcerem
3745 4139 3856 4178 non

2287 4211 2681 4280 compingitur,
2719 4221 2773 4265 tu
2806 4227 2903 4281 pro
2943 4212 3174 4267 Domino
3208 4212 3262 4267 in
3311 4227 3582 4267 carcerem
3617 4228 3675 4267 es
3703 4229 3858 4268 com-

2291 4311 2520 4371 pactus;
2548 4318 2654 4357 non
2682 4304 2908 4358 caeditur
2940 4306 3048 4366 ille,
3075 4313 3129 4359 tu
3164 4320 3337 4360 census
3371 4319 3429 4359 es
3453 4314 3664 4374 propter
3696 4303 3860 4358 Chri-

2289 4403 2433 4447 stum
2471 4411 2484 4446 :
2520 4404 2724 4462 quanto
2755 4398 2868 4450 hinc
2911 4397 3019 4451 illis
3051 4398 3362 4452 antistant?
3393 4399 3469 4452 Ac
3488 4398 3667 4452 dicam
3700 4398 3856 4466 equi—

688 4481 905 4536 Fratres
967 4478 1287 4552 Patresque,
1346 4483 1574 4538 lectione
1601 4483 1822 4538 Patrum
1863 4485 2000 4538 vitas
2032 4500 2182 4541 reco-
2213 4498 2258 4556 ι)
2289 4485 2409 4538 dem
2448 4494 2501 4538 et
2537 4486 2604 4539 de
2637 4501 2724 4541 me
2755 4487 3015 4557 quiddam
3049 4489 3335 4557 inglorius,
3361 4498 3720 4558 posteaquam
3764 4502 3858 4542 vo-

618 4572 789 4627 lentes
812 4612 828 4636 .
863 4581 1172 4642 stupemus,
1207 4589 1308 4627 nec
1356 4574 1632 4629 immerito
1662 4592 1675 4628 :
1737 4577 1986 4645 stupendi
2044 4577 2185 4631 enim

619 4673 766 4730 sunt,
797 4665 889 4732 qui
919 4665 1022 4718 hac
1058 4665 1265 4733 praediti
1291 4679 1478 4729 carne,
1528 4666 1778 4736 angelica
1819 4667 2054 4736 quadam
2081 4669 2188 4721 vita

619 4753 894 4816 obeunda,
941 4753 1201 4822 omnique
1232 4752 1361 4806 vitio
1390 4753 1573 4818 soluti,
1611 4753 1718 4807 Deo
1744 4755 2188 4822 complacuerint.

620 4844 940 4914 Quanquam
974 4861 1078 4898 non
1113 4855 1330 4914 stupere
1354 4846 1608 4899 convenit
1629 4846 1829 4910 solum,
1855 4846 1984 4915 quin
2013 4847 2189 4901 debite

618 4953 835 5006 quoque
861 4938 1137 4991 imitemur
1187 4952 1406 4992 necesse
1435 4946 1557 5001 est;
1595 4938 1698 4991 hoc
1760 4947 1863 5003 est,
1926 4937 2183 4992 subditus

619 5029 918 5093 subditum,
951 5029 1178 5099 quietus
1210 5031 1478 5097 quietum,
1530 5029 1943 5085 solitudinarius
1991 5031 2182 5085 solitu-

618 5122 916 5188 dinarium,
946 5122 1234 5190 praefectus
1268 5122 1585 5192 prmf‘ectum
1617 5141 1629 5176 :
1660 5138 1783 5176 nam
1830 5123 1921 5192 qui
1975 5123 2184 5178 fructus

620 5212 692 5264 sit
717 5227 1057 5282 nequaquam
1109 5229 1222 5267 sua:
1247 5223 1506 5283 tanquam
1561 5216 1774 5279 classis,
1817 5216 1910 5270 sed
1947 5217 2181 5269 alienum

618 5306 773 5374 sequi
805 5315 860 5360 et
909 5308 1159 5376 efﬁngere
1185 5309 1206 5361 ?
1243 5309 1369 5363 hinc
1389 5318 1752 5379 przeterquam
1781 5311 1921 5380 quod
1945 5310 2178 5365 fructum

621 5397 786 5453 facias
821 5401 1070 5464 nullum,
1127 5404 1179 5455 in
1224 5404 1558 5471 exploratam
1625 5405 1918 5472 perniciem
1963 5405 2181 5472 ferare;

621 5487 746 5543 hinc
785 5492 938 5544 multi
971 5493 1347 5550 contuberniis
1393 5496 1508 5550 suis
1561 5497 1963 5565 peregrinandi,
1999 5497 2044 5551 si
2076 5497 2182 5552 diis

621 5579 815 5648 placet,
877 5584 1058 5639 studio
1094 5586 1315 5653 relictis,
1384 5589 1552 5658 gradu
1606 5588 1871 5654 cecidere,
1935 5604 2032 5644 nec
2062 5605 2182 5659 qua:

691 5756 733 5788 "
766 5755 785 5810 ι
815 5756 940 5813 Cor.
979 5776 1074 5827 vn,
1095 5760 1183 5816 2i.

2288 4577 2614 4647 bisindigne
2647 4589 2809 4648 caput
2832 4596 2952 4634 sum
2995 4580 3309 4649 impositus.
3355 4580 3562 4650 Ecquid
3601 4581 3853 4636 deseram

2286 4668 2665 4737 praefecturam
2716 4680 2770 4724 et
2831 4672 2884 4724 in
2941 4672 3294 4729 solitudinem
3346 4672 3667 4736 concedam,
3764 4683 3858 4726 aut

2285 4761 2444 4814 aliam
2469 4762 2631 4815 ullam
2661 4777 2780 4831 quae
2803 4778 2861 4817 se
2890 4762 3080 4817 offeret
3109 4763 3274 4817 vitam
3302 4764 3325 4815 ?
3355 4763 3423 4816 At
3461 4777 3570 4817 n0n
3613 4763 3666 4816 id
3708 4764 3857 4831 capi—

2285 4852 2353 4905 tis
2379 4863 2462 4906 est
2506 4868 2680 4921 neque
2717 4854 2976 4922 pastoris,
3007 4870 3168 4922 quem
3210 4870 3307 4923 par
3373 4864 3455 4908 est
3500 4869 3597 4923 pro
3658 4854 3856 4909 ovibus

2290 4944 2455 4997 vitam
2488 4946 2817 5014 impendere.
2853 4946 3032 5011 Quare
3073 4962 3173 5001 nec
3204 4962 3299 5001 vos
3332 4946 3478 5000 aliud
3513 4961 3676 5016 quam
3712 4947 3855 5014 quod

2290 5036 2422 5090 estis
2471 5037 2717 5090 meditari
2769 5053 2832 5091 ac
2869 5039 3048 5092 moliri
3082 5039 3237 5094 decet
3267 5057 3280 5092 :
3309 5040 3508 5108 quippe
3534 5039 3660 5091 hinc
3692 5040 3855 5093 steri-

2288 5128 2428 5194 litas,
2465 5140 2518 5185 et
2547 5132 2838 5201 proposita:
2868 5131 3186 5186 dissidentia
3217 5132 3361 5192 vitae,
3403 5130 3553 5184 illinc
3582 5130 3850 5184 obedien-

2286 5219 2406 5283 tiaz,
2452 5236 2612 5289 quam
2647 5222 3015 5290 requirimus,
3059 5220 3361 5273 fecunditas
3419 5229 3618 5272 manat.
3653 5219 3854 5283 Quam-

2289 5313 2474 5366 obrem
2506 5321 2565 5365 nt
2607 5313 2804 5381 cuique
2838 5313 3060 5381 largitus
3094 5312 3236 5365 Deus
3265 5320 3368 5373 est,
3411 5311 3626 5378 qualem
3660 5326 3852 5380 quem-

2289 5419 2394 5473 que
2420 5406 2653 5466 vocavit,
2679 5405 2758 5458 sic
2784 5405 2951 5468 obito,
2989 5405 3068 5460 sic
3097 5405 3262 5457 vitam
3302 5403 3594 5469 instituito,
3639 5405 3722 5457 sic
3747 5403 3853 5458 Deo

2291 5496 2518 5565 placcto,
2538 5511 2645 5565 quo
2664 5497 2850 5550 audire
2871 5505 3168 5550 mereatur:
3188 5494 3349 5564 Euge,
3366 5511 3505 5547 serve
3518 5495 3645 5547 boue
3667 5494 3854 5564 etﬁde-

2293 5589 2387 5655 lis;
2425 5606 2577 5659 super
2605 5606 2773 5657 pauca
2806 5589 2956 5657 {nisti
2986 5588 3157 5658 ﬁdelis
3205 5603 3357 5655 super
3385 5585 3552 5639 multa
3585 5596 3632 5641 te
3660 5586 3854 5641 consti-
