4000 6306
140 376 223 442 561

1279 390 1681 450 SERMONES
1710 389 2228 453 CATECHETICI.

3273 387 3375 456 56?.

142 499 288 551 tuam,
316 489 462 544 intra
494 492 549 544 in
577 493 834 562 gaudium
869 492 1082 547 Domini
1115 497 1187 548 tui
1211 498 1254 527 τ’
1283 515 1298 560 ;
1339 499 1423 552 cui
1453 500 1626 568 gloria
1648 509 1700 552 et
1737 502 1780 560 Α
1807 500 2090 554 evanuerit
2153 499 2372 569 injuria,
2450 509 2649 570 tuaque
2703 514 2898 570 pet-pes
2934 508 3151 553 maneat
3176 500 3367 556 virtus.

141 580 404 648 imperium
448 597 578 636 cum
612 584 794 646 Patre,
847 600 910 640 ac
949 596 1139 640 sancto
1197 587 1424 656 Spiritu,
1468 608 1612 648 nunc
1642 603 1697 648 et

141 685 348 740 semper,
382 674 437 726 in
464 689 796 743 onmemque
825 678 1261 744 perpetuitatem.
1297 681 1490 737 Amen.

655 768 884 824 SERMO
924 770 1166 825 XXXIX.

168 853 222 908 In
245 855 469 912 Patrum
495 862 658 915 vitas.
703 860 1022 986 sanctorizim
1073 864 1221 918 nobis
1265 862 1488 918 Patrum
1526 867 1661 922 vitas

756 943 940 986 mntan
984 952 1062 986 as.

756 943 1062 989 imitandus.

197 1016 404 1074 Fratres
459 1021 789 1090 Patresque,
830 1024 965 1078 nihil
989 1035 1072 1080 est
1097 1027 1182 1082 vel
1208 1026 1421 1084 felicius
1456 1039 1700 1084 nostrate

139 1107 247 1170 vita,
279 1109 361 1163 vel
397 1110 657 1166 instituto
695 1114 1009 1178 sublimius,
1045 1117 1091 1172 si
1127 1119 1316 1187 quales
1349 1121 1702 1175 nominamur

137 1199 370 1264 vivimus,
413 1217 517 1258 nec
547 1205 976 1260 nomenclaturae
1020 1210 1352 1264 contrariam
1403 1212 1570 1266 vitam
1602 1212 1698 1266 de-

139 1291 312 1358 gimus.
338 1293 646 1350 Monachus
673 1306 755 1351 est
790 1299 934 1352 enim
971 1302 1065 1370 qui
1099 1301 1150 1355 in
1195 1319 1365 1358 unum
1397 1313 1700 1359 contuetur

140 1384 307 1448 Deum,
368 1404 543 1441 unum
603 1390 944 1456 desiderans,
1000 1396 1093 1451 uni
1149 1397 1476 1464 imminens,
1530 1396 1700 1454 unum'

138 1490 410 1542 procurare
438 1489 732 1549 satagens,
778 1499 967 1552 pacem
1001 1497 1054 1541 et
1084 1488 1188 1542 sibi
1230 1505 1353 1543 cum
1390 1491 1498 1544 Beo
1537 1491 1698 1544 moli-

141 1577 228 1629 tus.
263 1577 314 1624 et
345 1571 471 1627 aliis
506 1583 702 1628 auctor
747 1592 964 1647 quoque
997 1595 1011 1633 :
1068 1587 1124 1634 at
1159 1581 1250 1648 qui
1298 1582 1415 1636 haec
1467 1583 1701 1638 minime

140 1665 336 1727 teneat,
380 1674 692 1736 contraque
732 1671 1103 1738 aemulatione,
1142 1674 1299 1736 rixis,
1326 1673 1557 1728 dissidio
1603 1675 1702 1729 du-

136 1760 288 1816 catur.
358 1771 442 1811 na:
495 1758 546 1810 is
597 1775 765 1814 ctecus
813 1771 912 1824 est,
943 1772 992 1816 et
1047 1779 1206 1816 manu
1251 1774 1452 1820 tentans
1488 1765 1585 1835 (7),
1624 1767 1700 1822 uti

1800 588 2033 646 Vescum
2089 592 2242 662 quid,
2289 604 2545 662 potumve
2600 607 2759 648 secus
2814 607 2976 660 quam
3007 591 3172 646 velles
3215 607 3369 646 acce-

1801 684 1966 752 pisti?
2026 685 2302 754 gratulare
2349 684 2416 738 dc
2463 684 2824 753 prtesentibus
2860 701 2874 736 :
2913 683 3183 753 siquidem
3227 684 3370 752 quod

1803 781 1857 825 tu
1887 788 2138 829 aversare
2170 790 2310 843 saepe
2332 815 2346 839 ,
2384 775 2593 829 habens
2628 789 2727 843 pro
2770 775 2933 835 malo,
2965 773 3049 828 vel
3085 773 3374 843 degustare

1802 865 2119 933 optentalii.
2143 868 2219 920 Ac
2240 867 2290 920 ni
2318 867 2432 920 haec
2449 865 2648 928 adsint,
2665 881 2776 934 quo
2798 865 3166 918 obedientiam
3186 879 3375 918 cense-

1803 972 1926 1010 mus
1954 974 1967 1009 :
1995 958 2195 1026 quidve
2218 959 2318 1010 hac
2342 957 2643 1027 gloriamur
2665 957 2687 1008 ?
2707 970 2881 1025 neque
2915 955 3059 1009 enim
3094 954 3176 1007 vel
3199 955 3376 1008 conti-

1804 1050 2008 1112 nentia,
2030 1049 2111 1102 vel
2133 1049 2527 1118 pervigilio,vel
2551 1047 2837 1112 solicubio,
2860 1047 2944 1100 vel
2974 1047 3080 1100 alio
3097 1061 3375 1116 quoquam

1806 1139 1987 1194 labore
2032 1141 2434 1195 commendatio
2483 1141 2766 1210 quaeritur,
2813 1147 3021 1209 quanta
3078 1137 3374 1190 voluntatis

1803 1232 2151 1298 coercitione,
2178 1235 2444 1303 quasique
2477 1233 2720 1304 martyrii
2752 1232 3040 1300 cujusdam
3072 1229 3374 1284 emnobiaei

1803 1323 2280 1389 repraesentatione
2360 1323 2679 1378 certaminis
2740 1341 2754 1377 :
2813 1321 3134 1390 Deponentes
3214 1322 3378 1390 igitur

1803 1429 2004 1466 omnem
2031 1415 2315 1475 malitiam,
2365 1425 2412 1467 et
2444 1432 2646 1468 omnem
2685 1414 2883 1478 dolum,
2933 1412 3299 1467 simulationes
3326 1421 3377 1465 et

1803 1505 2049 1570 invidias,
2099 1515 2149 1556 et
2207 1522 2382 1558 omnes
2442 1507 2817 1571 detractiones,
2885 1513 2943 1559 ut
2985 1505 3375 1572 Apostolorum

1799 1596 1954 1663 jubet
1980 1595 2319 1665 coryphmus,
2379 1597 2516 1648 sicut
2554 1598 2708 1650 modo
2748 1596 2907 1666 geniti
2951 1597 3177 1664 infantes
3219 1596 3379 1647 ratio-

1807 1685 1977 1739 nabile
2019 1687 2129 1740 sine
2165 1687 2287 1740 dolo
2322 1687 2404 1739 lac
2439 1692 2886 1755 concupiscamus,
2921 1697 2978 1738 ut
3004 1687 3139 1739 ineo
3171 1701 3380 1738 cresca-

1807 1794 1942 1846 mus,
1969 1778 2014 1832 si
2053 1787 2227 1833 tamen
2261 1782 2581 1850 gustauimus
2630 1780 2876 1848 quoniam
2924 1778 3095 1832 dulcis
3142 1777 3252 1848 (lli)
3303 1785 3379 1829 est

138 1842 376 1910 scriptum
399 1854 508 1910 est,
548 1847 864 1903 oblivionem
913 1853 1175 1921 accipiens
1200 1857 1536 1924 purgationis
1563 1868 1696 1912 vete-

1811 1872 2052 1923 Dominus
2084 1872 2152 1934 ⁷⁸,
2197 1873 2430 1940 vittaque
2485 1869 2762 1925 desiderio
2815 1878 3100 1923 teneamur
3169 1867 3374 1935 sempi-

138 1949 235 1985 rum
279 1953 499 1991 suorum
551 1939 940 1996 delictorum".
978 1944 1109 2010 Qua:
1155 1963 1252 2002 cur
1279 1948 1508 2002 dixerim
1543 1951 1695 2006 scitis

137 2025 215 2090 qui
266 2027 488 2083 obnoxii
530 2033 688 2087 estis.
727 2033 836 2088 Nec
868 2036 991 2089 dico
1032 2038 1281 2107 equidem
1339 2054 1450 2108 quo
1497 2041 1691 2096 iterum

137 2118 456 2186 contristem,
503 2123 638 2191 quin
687 2133 749 2179 ut
788 2127 841 2179 in
875 2138 1156 2196 posterum
1186 2133 1588 2197 communium,
1628 2150 1695 2190 ne

141 2207 183 2257 in
213 2209 397 2264 eadem
430 2213 670 2267 crimina
710 2216 901 2270 ruatis.
926 2215 1148 2272 Patrum
1185 2222 1450 2276 memoria
1476 2224 1695 2278 exsula-

140 2297 218 2352 bat
255 2301 548 2368 detractio,
589 2315 644 2360 et
676 2305 1023 2363 detrahentes
1069 2311 1300 2369 audiens
1340 2315 1421 2369 vel
1470 2317 1697 2371 obtura-

140 2390 418 2460 bataures,
465 2398 554 2451 vel
593 2397 737 2451 bono
772 2404 1185 2470 commutabat;
1238 2422 1384 2462 nunc
1414 2407 1572 2464 facile
1599 2426 1697 2465 ea-

141 2482 342 2541 lumniis
390 2504 588 2542 aurem
645 2491 971 2559 prmbemus.
1027 2503 1247 2566 tamque
1279 2499 1436 2554 avide
1478 2501 1698 2556 inaudi-

142 2590 268 2640 mus,
294 2596 458 2648 quam
491 2597 603 2635 non
637 2583 922 2639 lectionem
959 2591 1212 2657 usurpari
1247 2592 1557 2647 audiamus.
1587 2593 1693 2648 Pa-

143 2675 268 2722 trum
325 2681 656 2742 tempestate
714 2675 847 2728 nihil
906 2679 1131 2747 sequius
1184 2682 1511 2747 dicebatur,
1563 2687 1695 2754 quin

143 2760 352 2831 benigne
402 2765 804 2836 modesteque;
865 2784 1010 2824 nunc
1059 2771 1341 2839 clamose,
1408 2775 1693 2841 iracunde,

142 2852 274 2906 vultu
305 2854 378 2925 (8)
420 2856 664 2911 distorto
694 2877 704 2910 ε
743 2873 852 2927 quo
881 2859 1010 2929 quid
1041 2863 1435 2920 inhonestius?
1466 2866 1688 2922 Patrum

142 2952 282 2998 :etate
327 2959 432 3001 non
490 2948 802 3016 agitabatur
851 2967 1121 3018 murmur,
1158 2955 1253 3009 sed
1283 2957 1427 3024 quod
1475 2957 1701 3012 daretur

143 3035 355 3106 quisque
381 3041 643 3108 capiebat
693 3057 818 3096 cum
854 3045 1152 3113 gratiarum
1197 3047 1432 3114 actione,
1484 3058 1541 3102 ut
1572 3050 1700 3104 hinc

1796 1970 2002 2028 ternae;
2040 1978 2143 2016 neu
2173 1963 2458 2017 admoneri
2494 1963 2890 2022 detreCIemus,
2943 1977 3040 2014 nec
3087 1959 3381 2013 defatisca-

1796 2070 1942 2117 mus,
1981 2055 2203 2111 assidue
2233 2071 2334 2110 nos
2369 2071 2398 2109 a
2425 2056 2578 2125 lapsu
2611 2063 2951 2108 revocantes.
2985 2053 3102 2118 Qua
3139 2051 3379 2115 insignes

1795 2144 2027 2209 adorea,
2091 2143 2498 2198 immortalitate
2550 2143 2877 2198 donabimur
2939 2157 3033 2212 per
3100 2142 3377 2195 Christum

1793 2234 1978 2289 Jesnm
2038 2234 2329 2289 Dominum
2362 2245 2629 2297 nostrum,
2663 2235 2751 2290 cui
2780 2234 2959 2305 gloria
2993 2241 3046 2287 et
3084 2233 3376 2302 imperium

1794 2343 1919 2381 cum
1957 2325 2137 2391 Patre,
2194 2342 2258 2381 ac
2309 2336 2500 2382 sancto
2550 2327 2798 2397 Spiritu,
2849 2341 3000 2380 nunc
3047 2334 3103 2380 et
3139 2340 3377 2394 semper,

1797 2420 1850 2471 in
1892 2431 2221 2486 omnemque
2253 2419 2693 2488 perpetuitatem.
2726 2419 2924 2470 Amen.

2392 2507 2622 2562 SERth
2666 2507 2777 2562 XL.

1800 2594 1865 2654 In
1911 2599 2130 2653 Patrum
2164 2602 2320 2654 vitas.
2358 2600 2430 2654 De
2474 2603 2581 2654 vita
2627 2599 2860 2655 obeunda
2892 2599 3108 2661 novitia,
3148 2608 3202 2650 ut
3229 2616 3381 2652 sacro

2253 2672 2434 2724 habitu
2468 2673 2634 2724 simus
2678 2671 2920 2738 professi.

1870 2766 2087 2822 Fratres
2151 2766 2495 2834 Patresque,
2546 2762 3007 2832 quemadmodum
3076 2765 3404 2820 esurientes.

1797 2857 1979 2912 cibum
2020 2874 2235 2928 capere,
2262 2872 2325 2912 ac
2360 2857 2605 2911 sitientes
2630 2856 2814 2909 bibere
2847 2870 3094 2920 avemus,
3129 2856 3208 2909 sic
3241 2855 3384 2909 divi-

1799 2951 1854 3003 ni
1886 2950 2141 3004 audiendi
2191 2948 2460 3005 sermonis
2490 2948 2765 3002 desiderio
2806 2954 3093 3001 teneamur
3127 2955 3380 3015 oportet:

1801 3058 1927 3095 nam
1983 3051 2248 3111 quaean
2302 3040 2567 3094 faciemus
2613 3039 2884 3093 audiendo
2921 3038 3245 3102 maximum,
3286 3038 3382 3105 qui

144 3127 506 3185 dulcescerent
546 3147 758 3198 amara,
808 3134 1150 3190 oblectarent
1194 3137 1467 3194 inamoena
1495 3156 1508 3206 ;
1553 3156 1700 3195 nunc
1729 3173 1770 3231 α
1803 3150 1897 3187 seu
1937 3133 2113 3202 ignavi
2143 3133 2335 3194 simus,
2365 3131 2635 3201 ignaviam
2664 3145 2954 3200 ponamus,
2985 3144 3080 3183 seu
3118 3128 3379 3198 ῐιΐοιηριίο

146 3234 564 3284 nmrmuramus,
622 3222 738 3278 haec
786 3225 987 3294 illaque
1032 3234 1346 3290 causantes,
1408 3243 1584 3298 neque
1647 3230 1699 3283 id

146 3309 434 3375 nobiseum,
464 3313 560 3366 sed
607 3313 661 3365 in
693 3315 933 3382 publico,
968 3329 1076 3383 quo
1106 3315 1290 3384 plures
1324 3332 1578 3384 paremus
1610 3321 1702 3387 qui

146 3413 626 3468 commurmurent,
664 3419 726 3459 ac
754 3404 918 3460 Deum
955 3407 1177 3476 gravius
1202 3406 1506 3465 irritcmus.

206 3492 315 3548 Non
354 3496 492 3560 haec,
541 3494 780 3561 fratres,
833 3498 911 3550 sic
947 3500 1028 3552 fas
1062 3498 1178 3552 ﬁeri
1219 3507 1322 3563 est,
1369 3515 1467 3554 nec
1512 3515 1704 3555 mona-

147 3582 279 3636 stica:
319 3584 444 3638 vitae
483 3585 603 3639 haec
658 3584 890 3654 insignia
926 3597 1073 3641 sunt.
1111 3585 1263 3640 Haud
1309 3589 1563 3658 exiguum
1595 3591 1706 3644 cri-

149 3688 256 3728 men
290 3677 624 3732 maledicere
677 3686 778 3732 est.
834 3676 1110 3746 Siquidem
1139 3720 1155 3744 ,
1198 3678 1460 3745 Maledici,
1507 3682 1706 3752 inquit,

152 3763 231 3827 Dei
262 3783 479 3836 regnum
514 3783 622 3821 non
663 3769 1080 3836 possidebunt“.
1116 3768 1225 3825 Nec
1269 3771 1384 3825 leve
1418 3785 1705 3841 peccatum

151 3870 518 3912 murmurare:
558 3873 707 3923 nam,
741 3857 853 3912 Nec
909 3861 1367 3915 murmuraveritis
1389 3901 1405 3928 ,
1443 3863 1541 3926 ait,
1573 3864 1710 3916 sicut

150 3948 344 4012 quidam
371 3966 562 4004 eorum
594 3961 1075 4016 murmurarerunt,
1100 3962 1148 4006 et
1173 3953 1437 4021 perierunt
1466 3953 1529 4006 ab
1549 3964 1716 4009 exter-

153 4038 391 4094 utittalore
405 4043 473 4093 ⁷⁸.
493 4039 642 4106 Quin
668 4054 766 4093 nec
784 4041 1071 4096 minimum
1092 4043 1256 4100 futire
1271 4045 1486 4110 scelus;
1514 4047 1721 4117 quippe

152 4139 310 4185 exstat
359 4132 477 4187 llaec
542 4131 815 4186 sententia
859 4151 872 4185 :
929 4137 1108 4187 Omnis
1162 4151 1333 4189 sermo
1384 4136 1558 4190 malus
1617 4138 1713 4208 (8')

152 4235 206 4272 es
228 4238 312 4276 ore
358 4234 534 4278 vestro
585 4239 692 4276 non
739 4224 1007 4290 procedat,
1067 4224 1158 4278 sed
1186 4225 1233 4278 si
1263 4226 1381 4294 quis
1440 4225 1624 4292 bonus,
1649 4227 1716 4278 ad

153 4313 551 4381 wdiﬁcationem
589 4314 732 4382 frugi
760 4314 857 4383 (9),
901 4323 948 4368 et
996 4314 1166 4380 utilis,
1223 4323 1282 4367 ut
1318 4314 1405 4367 det
1458 4315 1711 4385 gratiam,

155 4406 497 4471 audientibus,
529 4415 583 4460 et
632 4406 790 4459 nolite
816 4407 1134 4460 contristare
1175 4405 1443 4474 Spiritum
1470 4418 1719 4460 sanctum

1807 3229 2173 3297 promptiores
2197 3227 2491 3281 reddamur
2518 3244 2529 3279 :
2557 3232 2616 3278 ut
2655 3224 2827 3293 probe
2858 3238 2949 3276 res
2979 3222 3179 3276 habeat
3205 3223 3382 3276 utrin-

1805 3319 1906 3370 vis.
1961 3316 2160 3385 Ecquis
2223 3317 2389 3386 igitur
2442 3329 2684 3383 praesens
2752 3312 2970 3367 futurus
3025 3327 3208 3367 sermo
3261 3310 3387 3366 est?

1807 3409 1896 3463 Sic
1924 3408 2059 3461 Deus
2080 3408 2266 3461 dilexit
2307 3406 2582 3468 mundum,
2632 3405 2830 3473 inquit,
2886 3415 2941 3457 ut
2979 3402 3182 3457 Filium
3231 3420 3385 3455 suum

1805 3499 2128 3568 unigenitum
2178 3497 2353 3562 daret,
2417 3507 2472 3549 ut
2503 3498 2672 3550 omnis
2723 3497 2812 3561 qui
2851 3496 3016 3551 credit
3050 3497 3104 3548 in
3138 3511 3256 3549 eum
3281 3512 3385 3548 non

1806 3601 2003 3660 pereat,
2031 3591 2119 3644 sed
2147 3590 2333 3643 habent
2362 3591 2523 3642 vitam
2559 3601 2808 3644 aeternam
2829 3590 2896 3642 τ’.

1877 3682 2061 3753 Neque
2097 3684 2226 3750 hoc,
2257 3684 2404 3737 dedit
2440 3684 2622 3746 modo,
2659 3684 2752 3738 sed
2783 3685 2849 3737 ad
2882 3693 3109 3736 mortem
3142 3697 3384 3752 quoque,

1810 3782 1863 3829 et
1889 3789 2008 3828 eam
2034 3776 2239 3828 crucis.
2269 3773 2390 3839 Quo
2419 3775 2617 3844 pacto?
2649 3774 2812 3827 Servi
2835 3773 3055 3828 diabolo
3091 3775 3161 3828 ob
3194 3775 3386 3826 Adami

1812 3880 2010 3920 noxam
2038 3865 2380 3929 tenebamur,
2414 3864 2577 3918 morti
2630 3865 3017 3934 regnabamur,
3055 3867 3155 3919 sub
3189 3880 3386 3933 pecca-

1815 3968 1932 4011 tum
1968 3954 2308 4018 venundati,
2358 3955 2578 4008 obnoxii
2622 3955 2967 4022 corruptelae,
3021 3961 3074 4008 et
3122 3964 3384 4021 tanquam

1815 4047 2060 4102 dedititii.
2094 4046 2235 4116 Ergo
2265 4046 2413 4100 venit
2453 4046 2689 4116 unigena
2721 4045 2812 4098 Dci
2846 4045 3036 4110 Filius,
3076 4060 3174 4112 pro
3206 4045 3386 4096 omni-

1817 4138 1919 4191 bus
1968 4153 2026 4192 se
2075 4135 2416 4204 impendens,
2462 4136 2554 4203 qui
2585 4149 2692 4188 non
2726 4135 2905 4188 solum
2953 4133 3147 4188 mortis
3177 4133 3387 4202 obliga-

1819 4228 1965 4282 tione
2019 4227 2249 4287 solutos,
2305 4226 2397 4280 sed
2450 4240 2479 4277 a
2548 4224 2786 4294 peccatis
2830 4223 3046 4278 ablutos
3082 4237 3300 4291 quoque
3334 4222 3387 4274 in

1821 4334 1921 4374 suo
1974 4319 2260 4385 sanguine.
2306 4330 2556 4384 regnum,
2599 4324 2764 4382 atque
2813 4313 3130 4368 sacerdotes
3172 4311 3303 4373 Deo,
3338 4319 3392 4362 et

1825 4409 1967 4464 Patri
2000 4424 2100 4464 suo
2159 4407 2304 4472 fecit,
2360 4407 2436 4459 uti
2469 4406 2732 4474 scriptum
2766 4406 2934 4460 est“.
2980 4402 3170 4457 Viden’
3203 4416 3387 4455 acrem

155 4496 260 4560 Dei,
294 4501 347 4552 in
371 4517 475 4570 quo
507 4499 712 4569 signati
731 4499 856 4551 estis
881 4500 933 4552 in
961 4499 1096 4553 diem
1124 4500 1577 4568 redemptionis".
1603 4497 1718 4553 Non
1753 4500 1796 4554 D
1827 4501 2174 4572 prmpotentis
2228 4498 2510 4553 amorem?
2562 4495 2740 4552 viden’
2784 4496 3124 4551 humanitate
3157 4494 3393 4548 clemen-

156 4591 630 4644 comminationem
675 4589 914 4653 sentitis,
951 4588 1046 4644 Dei
1093 4604 1194 4645 nos
1224 4605 1524 4660 provocare
1554 4590 1720 4660 spiri-

158 4688 258 4731 tum
311 4679 620 4736 futientes?
657 4692 769 4732 non
815 4680 1066 4735 timemus
1089 4720 1103 4744 ,
1145 4681 1410 4735 rationem
1447 4681 1531 4735 vel
1560 4683 1722 4736 otiosi

157 4772 349 4826 verbuli
376 4774 565 4828 daturi
626 4772 682 4824 in
717 4769 944 4840 judicio,
982 4771 1059 4825 uti
1103 4773 1365 4827 Dominus
1397 4771 1720 4826 intermina-

160 4863 272 4916 tur?
296 4863 407 4918 Cur
443 4881 555 4920 non
594 4861 766 4932 igitur
807 4862 1060 4932 deinceps
1105 4862 1396 4932 arrigimus
1435 4863 1722 4916 animum?

159 4968 246 5008 cur
275 4972 379 5010 non
437 4969 778 5026 apparamur
805 4992 820 5017 ,
871 4953 964 5024 qui
995 4951 1063 5007 ad
1117 4953 1426 5024 ingruentia
1456 4955 1723 5022 procincti

162 5045 531 5103 offendamur?
595 5045 860 5115 lnjuriam
909 5044 1177 5101 sensisti?
1214 5044 1294 5098 fer
1342 5060 1499 5114 aquo
1539 5045 1726 5099 animo

162 5139 561 5203 contumeliam,
611 5138 666 5192 in
701 5145 754 5190 te
790 5136 1136 5205 opprobrium
1203 5135 1482 5191 suﬂ'ocans
1519 5153 1534 5202 ;
1576 5153 1726 5203 nam,

166 5224 414 5285 Turbatus
468 5245 616 5294 sum,
665 5226 866 5295 inquit,
900 5235 948 5280 et
1006 5243 1111 5280 non
1149 5242 1263 5280 sum
1315 5226 1613 5289 locutus";
1653 5227 1728 5281 ita

224 5405 266 5438 ¹¹²
288 5405 476 5461 Matth.
501 5419 637 5468 xxv,
665 5400 755 5454 ‘2].
831 5400 936 5454 ⁷³11
961 5400 1073 5454 Pet.
1108 5416 1144 5465 ι,
1164 5399 1216 5454 9.

1291 5399 1377 5452 ⁷⁸1
1407 5398 1531 5453 Cor.
1551 5415 1625 5462 v1,
1657 5398 1710 5451 9.

166 5470 206 5504 ⁷⁸
243 5474 453 5542 lPetr.,
485 5491 551 5540 ll,
600 5473 691 5527 15.
730 5471 774 5501 ⁷⁸
807 5468 963 5524 Joan.
1001 5486 1077 5535 in,
1106 5471 1191 5522 16.

1269 5470 1314 5501 ⁸ο
1340 5469 1510 5538 Apoc.
1544 5485 1580 5532 ι,
1617 5470 1670 5522 l5.

231 5589 301 5660 (7)
334 5589 730 5660 Hallucinatur
775 5599 788 5636 :
834 5598 955 5660 nam
1027 5582 1342 5660 Grgcenest
1397 5579 1732 5660 μυωπάζῳνη

229 5650 299 5730 (8)
329 5659 645 5728 Διαστοφῆς
671 5653 961 5725 προσώπου
984 5663 1095 5707 erat
1128 5655 1180 5706 in
1218 5650 1434 5714 Greece;
1458 5650 1730 5704 emendavi

168 5729 506 5800 διιστρρφῆς.

235 5802 324 5870 {8'}
353 5798 611 5856 Putidus.

1788 5399 1834 5430 ⁷⁵
1873 5401 1890 5453 l
1919 5399 2042 5455 Cor.
2074 5415 2129 5464 Χ,
2166 5398 2249 5451 10.

1830 4591 1958 4643 tiam
2042 4587 2346 4658 majorem?
2407 4585 2580 4650 Quam
2650 4585 2988 4653 inexplorata
3040 4579 3390 4651 benignitas?

1827 4695 1991 4751 quam
2025 4677 2535 4749 impervestigabilis
2565 4676 2801 4738 bonitas,
2835 4691 3000 4744 quam
3036 4675 3088 4726 in
3122 4689 3220 4727 nos
3251 4672 3389 4726 cliu-

1827 4774 1906 4827 dit
1956 4773 2232 4842 copiosam
2297 4785 2393 4839 per
2427 4767 2614 4823 Jesum
2663 4767 2944 4821 Christum
3004 4763 3395 4819 Servatorem'.’

1826 4863 1966 4930 Quid
2017 4878 2117 4917 nos
2161 4860 2380 4915 tandem
2413 4859 2478 4912 ad
2513 4858 2626 4912 haec
2657 4857 2816 4910 nauci
2873 4855 3142 4915 dicamus,
3196 4849 3395 4918 quidve

1824 4953 2461 5024 cogitemus?iterumne
2495 4949 2640 5002 ultro
2685 4949 2742 5001 in
2773 4947 2904 5000 vitia
2974 4944 3233 5007 feramur,
3276 4955 3396 4995 scr-

1828 5045 2052 5098 vitutem
2100 5043 2430 5104 ambiamus,
2473 5037 2778 5101 infamiam,
2821 5033 3208 5101 corruptelam,
3263 5044 3394 5096 sup-

1828 5134 2051 5202 plicium
2086 5132 2421 5186 asciscamus
2447 5128 2469 5180 ?
2494 5126 2665 5191 Absit,
2707 5126 2782 5179 ait
2804 5122 3125 5193 Apostolus,
3153 5119 3241 5188 qui
3259 5118 3400 5170 enim

1829 5227 2023 5279 mortui
2057 5240 2236 5278 sumus
2280 5229 2514 5291 peccato,
2566 5216 2826 5288 quomodo
2874 5215 3046 5268 adhuc
3080 5213 3304 5265 vivemus
3345 5207 3396 5257 in

2328 5394 2370 5424 ⁷⁸
2404 5392 2601 5462 Ephes.
2624 5408 2695 5456 tv,
2730 5391 2816 5443 50.
2897 5386 3096 5440 "Psal.
3130 5398 3310 5445 Lxxvt,
3344 5382 3396 5435 5.

1903 5577 1977 5646 (9)
2006 5575 2225 5646 Χρείας.
2271 5577 2457 5646 auctor
2491 5576 2548 5646 et
2587 5564 2783 5646 vulgati
2832 5565 2954 5619 cod.
3018 5561 3235 5646 habent.
3283 5555 3396 5610 Yet.

1836 5637 2070 5714 interpr:
2093 5645 2216 5712 [idet
2245 5642 2420 5702 vertit,
2458 5639 2617 5690 aliam
2652 5637 2936 5714 lectioacm
2971 5641 3215 5688 secutus:

1907 5705 2017 5784 (lli)
2051 5705 2361 5781 Incorrupte
2387 5720 2504 5764 erat
2533 5713 2584 5762 in
2617 5720 2804 5760 nostro
2847 5705 2931 5776 χέ.
2967 5718 3088 5757 nam
3120 5713 3304 5753 verum
3321 5707 3406 5749 est

1837 5788 2090 5859 χρηστός.
