4000 6306
616 373 720 438 563

1800 387 1857 445 S-
1893 387 2285 447 THEODORI
2317 389 2666 449 STUDI'I‘.'E

3757 392 3869 455 564

610 487 702 538 illo
723 486 748 537 .9
775 488 855 538 An
911 487 1164 555 ignoratis
1190 528 1204 550 ,
1235 490 1358 558 quia
1386 493 1680 563 quicunque
1712 495 1968 562 baptizati
1999 515 2177 551 sumus
2207 503 2255 560 Α
2281 502 2588 570 exemplum
2622 512 2748 555 sunt
2783 503 2959 556 nobis.
3001 501 3205 557 Videtis
3251 502 3377 571 quid
3411 504 3700 558 admiserit
3732 520 3871 573 pec-

609 583 665 632 in
691 580 903 635 Christo
937 581 1090 647 Jesu,
1124 585 1179 638 in
1231 597 1398 640 morte
1450 588 1616 656 ipsius
1651 587 1905 656 baptizati
1950 607 2130 644 sumus
2157 592 2183 643 1’

609 673 897 738 consepulti
947 661 1095 744 ergo.
1122 691 1302 732 sumus
1345 694 1464 730 cum
1513 679 1605 730 illo
1655 695 1746 746 per
1777 679 2093 744 baptismum
2127 683 2180 736 in

609 773 851 826 mortem,
911 773 968 816 ut
1025 764 1281 832 quomodo
1344 765 1592 820 Christus
1651 769 1881 821 surrexit
1945 785 1977 821 a
2039 783 2182 821 mor-

611 855 716 906 tuis
743 870 835 922 per
864 855 1092 922 gloriam
1128 855 1327 920 Patris,
1362 859 1440 910 ita
1471 865 1522 911 et
1550 874 1644 911 nos
1689 860 1743 911 in
1803 861 2031 914 novitate
2066 859 2182 914 vita:

611 945 933 998 ambulemus
957 947 1021 997 ⁸¹.

683 1033 870 1105 Itaque
903 1037 1095 1099 vitam,
1149 1037 1365 1102 fratres,
1397 1040 1662 1095 obeamus
1698 1041 1980 1103 novitiam,
2018 1041 2092 1094 uti
2127 1049 2181 1095 et

614 1126 803 1180 habitu
845 1143 1036 1184 sumus
1061 1128 1315 1198 professi,
1333 1130 1490 1198 justi,
1511 1131 1690 1201 piique
1708 1132 1975 1196 vivamus,
1993 1148 2184 1201 quem-

611 1218 910 1274 admodum
972 1232 1193 1276 sanctos
1247 1222 1450 1286 decet,
1512 1239 1645 1292 pace
1740 1239 1804 1280 ac
1888 1224 2182 1280 concordia

613 1310 846 1380 prtediu',
874 1312 1115 1379 augusti,
1149 1311 1551 1381 circumspecti.
1584 1314 1852 1379 insontes,
1874 1317 1992 1368 sine
2017 1314 2181 1377 vitiis,

612 1404 706 1472 qui
737 1419 841 1457 non
870 1405 947 1458 uti
964 1404 1092 1458 olim
1121 1405 1171 1458 in
1194 1419 1398 1466 errore,
1430 1404 1714 1461 fraudibus
1743 1407 2030 1471 ducamur,
2054 1407 2181 1459 dum

611 1497 1094 1566 praesumptionem
1151 1497 1444 1566 fugiamus,
1480 1507 1537 1552 ut
1590 1500 1792 1570 ignem,
1862 1515 2027 1569 super
2059 1499 2183 1554 ﬁdei

615 1604 748 1656 rupe
803 1600 1003 1644 nostra:
1070 1589 1274 1643 defixi:
1339 1605 1464 1644 nam
1508 1591 1616 1644 hoc
1666 1591 1882 1646 novitas
1917 1602 2019 1647 est.
2053 1591 2184 1658 Quae

612 1680 951 1749 antiquitas?
980 1679 1264 1750 Voluptas,
1283 1697 1390 1751 qua
1414 1692 1605 1750 captus
1630 1682 1888 1739 decessor
1917 1683 2180 1750 Adamus,

611 1771 860 1839 pomario
878 1772 1134 1836 extorris,
1158 1770 1388 1826 flebilem
1407 1773 1576 1828 subiit
1597 1773 1762 1826 vitam
1785 1791 1799 1839 ;
1819 1774 2044 1837 invidia,
2074 1789 2182 1844 qua

610 1865 817 1922 Cainus
861 1875 1122 1929 aestuans,
1168 1866 1390 1921 Abelem
1427 1881 1751 1935 germanum
1785 1869 1856 1922 ob
1906 1882 2181 1938 prmroga-
2212 1849 2256 1906 Β

611 1956 778 2011 tivam
853 1973 1140 2012 munerum
1189 1958 1564 2027 peremitzex
1619 1972 1730 2027 quo
1789 1965 2034 2013 trenmns
2094 1973 2184 2027 ge-

611 2064 873 2120 mensque
901 2050 1154 2118 pervixit.
1186 2049 1262 2104 Ex
1301 2051 1387 2105 his
1422 2049 1653 2120 geminis
1704 2051 2004 2105 sceleribus
2035 2051 2184 2106 mille

610 2143 750 2198 mala
779 2142 1046 2197 inhaesere
1097 2143 1321 2207 mundo,
1355 2143 1481 2196 hinc
1524 2142 1814 2204 diluvium,
1857 2143 2002 2212 quod
2033 2143 2183 2198 orbis

607 2243 878 2289 terrarum
924 2232 1147 2302 stirpem
1209 2231 1583 2287 internecione
1637 2233 1864 2296 delevit,
1923 2233 2051 2287 hinc
2091 2233 2186 2287 So-

607 2323 770 2378 doma
801 2333 858 2379 et
882 2322 1184 2378 Gomorrha
1212 2323 1334 2394 igne
1365 2334 1528 2393 atque
1558 2325 1820 2395 sulphure
1864 2323 2182 2392 cinefactaz,

1199 2460 1431 2514 SERMO
1466 2461 1603 2516 XLI.

643 2552 720 2607 De
758 2550 984 2606 Patrum
1021 2553 1422 2692 contemplandra
1455 2555 1582 2634 vita,
1622 2555 1935 2609 azmulandis
1971 2572 2150 2610 eorum

1202 2636 1339 2677 recte
1394 2633 1549 2677 actis.

1202 2636 1339 2677 recte
1370 2633 1549 2677 tactis.

680 2781 899 2836 Fratres
920 2779 1242 2849 Patresque,
1284 2795 1379 2849 per
1408 2781 1507 2833 hos
1537 2778 1655 2834 dies
1685 2788 2001 2835 sanctorum
2034 2780 2175 2837 vitas

608 2875 833 2929 Patrum
862 2874 1100 2943 legentes
1125 2872 1233 2926 dici
1259 2889 1369 2927 non
1401 2881 1577 2940 potest
1617 2887 1779 2940 quem
1811 2871 2048 2927 fructum
2090 2889 2181 2928 ca-

609 2967 845 3036 piamus,
896 2979 1071 3035 quove
1124 2965 1321 3035 gaudio
1385 2963 1804 3018 fruamur.Ccdo
1831 2965 1998 3027 enim,
2049 2966 2178 3034 quid

609 3061 677 3113 sit
725 3057 1021 3123 jucundius
1068 3071 1231 3124 quam
1278 3070 1470 3109 eorum
1530 3055 1888 3125 contemplari
1947 3056 2176 3110 immor-

2283 605 2464 649 catum
2521 595 2791 664 appetitus
2832 594 3116 649 oculorum
3150 634 3165 657 ,
3221 609 3284 650 ac
3351 596 3669 664 impotentia
3697 597 3871 650 vitae?

2284 685 2386 740 Sed
2413 695 2590 740 tamen
2619 695 2679 740 ut
2715 685 3029 754 praedictum
3081 697 3186 750 est,
3216 686 3310 741 Dei
3350 687 3729 743 misericordia
3782 703 3866 742 re-

2284 779 2460 833 vocati
2515 788 2568 833 et
2594 779 2812 844 asserti,
2860 780 2914 833 in
2945 779 3294 849 adoptionem
3343 780 3628 834 rediimus.
3665 782 3867 850 Itaque

2284 869 2648 924 consistamus
2716 870 2769 923 in
2825 870 3074 924 libertate
3130 871 3182 924 in
3229 886 3393 940 quam
3452 886 3553 925 nos
3601 871 3866 926 Christus

2284 962 2599 1026 vindicavit,
2632 977 2696 1017 ac
2726 978 2831 1033 (ωδ
2862 963 2928 1017 ab
2951 978 3015 1016 eo
3037 962 3376 1018 cohonestati
3407 979 3599 1018 sumus
3624 963 3862 1032 gloriam

2286 1065 2558 1121 tueamur,
2602 1064 2795 1110 cuncta
2829 1055 2944 1109 haec
2978 1055 3161 1110 inania
3199 1064 3764 1124 respuentes,cuncta
3794 1056 3866 1108 ob

2285 1145 2560 1200 Christum
2625 1146 2679 1200 in
2736 1147 2992 1202 secundis
3051 1146 3312 1201 habentes
3351 1186 3365 1209 ,
3415 1163 3510 1202 seu
3569 1146 3864 1201 infamiam

2286 1255 2385 1309 pro
2429 1239 2655 1304 honore,
2688 1255 2780 1294 seu
2830 1240 3235 1294 amictationem
3268 1255 3366 1310 pro
3411 1240 3727 1310 triumpho,
3764 1257 3867 1296 seu

2287 1331 2511 1385 verbera
2541 1347 2638 1401 pro
2683 1331 2914 1395 deliciis,
2951 1347 3047 1386 seu
3081 1331 3540 1401 oppugnationem
3584 1346 3684 1399 pro
3735 1331 3871 1386 bea-

2287 1425 2538 1490 titudine,
2582 1440 2678 1479 seu
2725 1435 2954 1479 mortem
3000 1439 3098 1494 pro
3131 1425 3242 1478 vita
3269 1423 3553 1490 ducentes,
3585 1423 3866 1492 quemad-

2287 1516 2510 1571 modum
2551 1525 2605 1570 et
2653 1517 2947 1585 protulere,
2977 1531 3117 1586 quos
3146 1515 3309 1569 hodie
3339 1515 3700 1578 recoluimus,
3748 1514 3860 1570 SS.

2287 1607 2477 1664 Patres
2536 1607 2840 1678 fratresque
2893 1608 3092 1672 nostri,
3163 1623 3396 1678 quorum
3445 1615 3574 1661 sunt
3624 1608 3677 1660 in
3737 1607 3869 1662 vitae

2287 1701 2430 1756 libro
2450 1702 2693 1755 nomina.
2740 1701 2860 1767 Quo
2896 1715 2998 1755 nos
3027 1715 3246 1770 quoque
3272 1700 3511 1754 ineundo
3547 1699 3673 1752 vita:
3707 1699 3871 1753 insti-

2288 1804 2424 1860 tuto,
2468 1809 2592 1849 cum
2659 1793 2750 1848 hic
2811 1801 3067 1862 tanquam
3129 1791 3423 1846 luminaria
3469 1791 3870 1861 apparebimus

2285 1891 2341 1945 in
2400 1889 2611 1952 orbem,
2667 1888 2795 1941 vitze
2857 1886 3031 1943 instar
3083 1885 3368 1949 habentes,
3405 1891 3519 1936 tum
3583 1883 3636 1936 in
3670 1882 3872 1938 futuro

2287 1982 2487 2038 saecqu
2520 1981 2745 2036 cmleste
2797 1995 3024 2049 regnum
3089 1977 3422 2032 erciscemur
3453 1990 3546 2044 per
3571 1974 3868 2029 Christum

2283 2075 2470 2131 Jesum
2505 2073 2791 2128 Dominum
2822 2081 3069 2125 nostrum
3105 2113 3118 2136 ,
3157 2069 3242 2124 cui
3272 2068 3440 2138 gloria
3475 2076 3527 2122 et
3567 2067 3870 2136 imperium

2284 2183 2409 2223 eum
2447 2165 2627 2229 Patre,
2657 2180 2721 2218 ac
2757 2172 2945 2218 sancto
2975 2161 3204 2230 Spiritu,
3251 2177 3422 2228 nunc,
3461 2168 3516 2216 et
3543 2175 3771 2230 semper
3808 2161 3866 2214 in

2285 2274 2611 2330 omnemque
2639 2255 3080 2329 perpetuitatem.
3111 2254 3305 2311 Amen.

2861 2437 3078 2492 ΛΟΓΟΣ
3120 2437 3255 2492 MA'.

2283 2537 2423 2606 Περὶ
2447 2535 2553 2590 τοῦ
2582 2530 2938 2608 ἀναθεωρεῖν
2967 2528 3127 2608 ᾐμ-ᾶς
3151 2527 3292 2608 τοὺς
3310 2527 3490 2608 ,ϐζους
3529 2523 3650 2578 τῶν
3679 2523 3866 2608 "aet!-

2347 2598 2503 2676 ρων*
2559 2605 2708 2672 πρὸς
2764 2601 2832 2655 τὸ
2881 2601 3102 2668 ζηλοῦν
3154 2598 3226 2651 τὰ
3283 2599 3508 2650 τούτων
3561 2598 3865 2662 κατορθώ-

2347 2675 2508 2749 ματα
2536 2675 2681 2747 μοι)
2694 2715 2706 2728 .

2365 2794 2608 2863 Ἀδελφολ⁵
2656 2792 2751 2845 καὶ
2802 2790 3046 2860 Πατέρες
3069 2803 3083 2818 ο
3121 2788 3177 2839 ὲν
3206 2783 3428 2847 ταύταις
3471 2784 3593 2843 ταῖς
3623 2782 3863 2852 ἡμέραις

2281 2883 2470 2954 ἐπειδὴ
2508 2883 2950 2950 ἀναγινώσκομεν
2987 2879 3111 2940 τοὺς
3144 2876 3291 2947 βίους
3329 2874 3438 2927 τῶν
3470 2872 3640 2940 ἀγὶων
3687 2871 3865 2923 Πατέ-

2283 2993 2394 3046 ρων
2437 2973 2614 3042 ἡμῶν,
2647 2973 2777 3040 ὅσης
2812 2968 3077 3037 ὡφελείας
3119 2965 3485 3034 ἀπολαύομεν,
3529 2962 3624 3015 καὶ
3655 2961 3863 3029 ὁπόσης

2281 3065 2621 3137 εὐφροσύνης
2668 3060 3175 3134 μεταλαμϐάνομεν,
3227 3059 3345 3110 οὐδὲ
3392 3057 3538 3108 ἔστιν
3569 3057 3778 3107 εἰπεῖν·
3811 3054 3864 3104 τί

612 3151 748 3204 tales
779 3150 1044 3212 aetiones,
1087 3148 1378 3210 miracula,
1432 3160 1620 3201 contra
1671 3149 1950 3203 daemones
2005 3149 2178 3202 victo-

2287 3160 2391 3230 γὰρ
2410 3157 2761 3227 γλυκύτερον,
2792 3154 2913 3207 εἰπέ
2943 3171 3054 3223 μοι,
3074 3152 3167 3205 τοῦ
3191 3150 3522 3218 ἀναθεωρεῖν
3543 3147 3638 3209 τὰς
3655 3145 3864 3198 τούτων

609 3243 765 3299 rias?
803 3244 872 3298 Ut
914 3243 1122 3312 lapides
1175 3242 1299 3312 ipsi,
1332 3243 1545 3297 medius
1590 3241 2005 3309 fldius,,sentire
2045 3244 2180 3298 mihi

610 3336 847 3391 fructum
869 3337 1153 3390 videantur
1185 3353 1198 3389 :
1235 3343 1439 3405 quanto
1470 3335 1716 3391 homines
1748 3335 1922 3408 magis
1957 3337 2008 3390 in
2050 3338 2183 3407 qui-

610 3429 715 3484 bus
745 3429 887 3483 inest
912 3429 1074 3493 ratio,
1104 3439 1158 3483 et
1185 3430 1462 3499 ingenium
1491 3430 1514 3482 ?
1547 3430 1690 3500 Ergo
1715 3430 1844 3484 hinc
1871 3431 2178 3487 illustratur

611 3536 767 3574 meus
809 3522 1066 3584 humana,
1110 3532 1253 3575 caeco
1283 3522 1437 3590 quasi
1505 3521 1742 3588 quodam
1797 3524 1978 3579 carnis
2015 3539 2180 3578 sensu

611 3611 879 3682 deposito,
914 3613 1041 3666 hinc
1062 3612 1278 3666 animus
1312 3612 1644 3676 stimulatur,
1677 3613 1742 3667 ad
1769 3628 2011 3669 amorem
2043 3615 2183 3670 divi-

614 3719 744 3758 num
787 3704 1153 3773 plumescens.
1186 3704 1365 3773 Atque
1417 3714 1475 3758 ιιι
1531 3705 1712 3760 verius
1745 3705 1941 3769 dicam,
1982 3706 2017 3759 ii
2057 3715 2186 3761 sunt

614 3794 708 3850 Dei
735 3796 786 3848 in
806 3794 952 3848 Eden
973 3795 1301 3863 pomarium,
1332 3809 1438 3848 non
1458 3797 1761 3850 materiatis
1777 3797 2054 3866 stirpibus,
2089 3799 2182 3852 sed

615 3887 843 3956 spiritus
868 3898 1124 3955 tanquam
1160 3887 1430 3941 fructibus
1467 3889 1672 3956 pictum
1708 3896 1762 3942 et
1783 3898 2058 3953 ornatum,
2087 3891 2181 3944 ubi

611 3978 822 4048 fragrat
855 3978 1030 4030 vitalis
1054 3979 1210 4041 odor,
1241 3978 1329 4031 ubi
1356 3993 1576 4047 serpens
1611 3994 1718 4033 non
1757 3979 1955 4034 vulnus
1979 3980 2180 4046 intulit,

614 4070 706 4124 sed
732 4068 961 4138 accepit,
986 4083 1092 4122 non
1116 4070 1308 4139 exegit,
1337 4070 1428 4124 sed
1460 4079 1540 4133 ut,
1563 4085 1659 4139 par
1676 4080 1813 4134 erat,
1847 4071 2185 4140 proscriptus

613 4171 716 4217 est.
754 4161 874 4215 Iam
905 4177 1026 4215 cum
1061 4163 1174 4215 haec
1222 4162 1431 4215 Domini
1491 4163 1562 4216 sit
1595 4164 1903 4218 sententia:
1944 4163 2182 4234 Regnum

615 4253 862 4306 caelorum
895 4255 1037 4306 intra
1067 4269 1153 4306 vos
1175 4263 1248 4305 est
1271 4253 1338 4315 θ’,
1365 4268 1470 4306 non
1518 4254 1784 4306 erraverit
1841 4255 1933 4323 qui
1963 4256 2183 4310 caeleste

615 4361 841 4416 regnum
873 4359 968 4399 eos
1021 4353 1315 4414 nuucupet,
1372 4345 1424 4397 in
1472 4344 1671 4413 quibus
1713 4347 1978 4416 benignus
2044 4351 2183 4404 resi-

612 4438 748 4492 dens
789 4435 952 4501 Deus,
999 4453 1101 4492 ceu
1162 4453 1256 4491 rex
1285 4438 1506 4506 quidam
1565 4437 1876 4500 munificus,
1919 4441 2178 4496 donativa

2283 3253 2583 3313 ἀθανάτους
2635 3249 2895 3318 πράξεις,
2933 3247 3002 3300 τά
3043 3245 3103 3298 τε
3148 3243 3422 3311 θαύματα,
3456 3241 3549 3293 καὶ
3600 3241 3666 3292 τὰ
3720 3238 3865 3292 κατά

2283 3343 2392 3396 τῶν
2445 3341 2713 3410 δαιμόνων
2751 3338 3083 3406 νικητήρια;
3132 3333 3286 3403 Ἐμοὶ
3321 3333 3465 3384 δοκεῖ
3518 3331 3701 3392 λίθους
3755 3332 3863 3381 ὲπ-

2286 3434 2637 3492 αισθάνεσθαι
2670 3431 2768 3500 τῆς
2794 3429 3083 3499 ὡφελείας,
3119 3427 3192 3498 μὴ
3218 3429 3298 3480 ὅτι
3324 3442 3386 3492 γε
3413 3423 3628 3491 λογικὸν
3661 3423 3864 3491 ἄνθρω-

2285 3547 2406 3582 πον.
2453 3524 2731 3580 Ἐντεῦθεν
2759 3521 2852 3577 οὖν
2887 3520 3178 3592 φωτίζεται
3211 3517 3336 3580 νοῦς
3367 3515 3656 3585 ἀνθρώπου
3680 3554 3694 3575 ,
3727 3515 3862 3565 ἀπο-

2284 3621 2568 3689 τιθέμενος
2593 3618 2653 3670 τὸ
2679 3616 2778 3686 τῆς
2802 3615 3004 3686 σαρκὸς
3031 3611 3263 3681 ζοφῶδες
3298 3608 3552 3680 φρόνημα
3573 3624 3587 3637 ο
3614 3606 3864 3658 ἐντεῦθεν

2286 3710 2684 3764 κατανύσσεται
2715 3705 2883 3775 ψυχὴ,
2911 3699 3355 3770 ἀναπτερουμένη
3394 3696 3529 3766 πρὸς
3559 3695 3700 3747 θεῖον
3728 3694 3863 3763 ἔρω-

2285 3817 2371 3854 τα.
2405 3799 2517 3850 Καὶ
2553 3798 2601 3848 εἰ
2638 3795 2720 3847 δεῖ
2745 3793 3135 3863 τάληθέστερον
3163 3790 3370 3842 εἰπεῖν’
3407 3779 3554 3838 οὗτοί
3579 3787 3717 3836 εἰσιν
3745 3787 3772 3837 6
3807 3787 3862 3837 ὲν

2298 3885 2459 3954 Ἐδὲμ
2486 3882 2812 3953 παράδεισος
2833 3879 2925 3932 τοῦ
2950 3879 3106 3938 Θεοῦ,
3129 3878 3226 3930 οὐκ
3252 3875 3458 3937 ἐνύλοις
3483 3875 3696 3942 φυτοῖς,
3729 3874 3862 3925 ἀλλὰ

2285 3982 2398 4041 τοῖς
2456 3981 2686 4048 καρποῖς
2744 3976 2835 4028 τοῦ
2889 3975 3199 4043 πνεύματος
3235 3970 3613 4040 ποικιλόμενός
3663 3987 3722 4020 τε
3769 3971 3861 4022 καὶ

2287 4069 2674 4141 ὠραῖζόμενος,
2711 4067 2836 4119 ἔνθα
2871 4065 3003 4135 πνοὴ
3042 4064 3187 4132 ζωῆς
3223 4063 3623 4125 εὐωδιάςουσα·
3663 4062 3759 4113 καλ⁸
3801 4053 3860 4113 οὗ

2285 4163 2408 4230 ὄφις
2457 4162 2556 4213 οὐκ
2606 4159 2862 4228 ἔτρωσεν,
2893 4155 3008 4211 ἀλλ’
3038 4154 3248 4224 ἐτρώθη
3272 4171 3285 4185 ·
3321 4152 3444 4207 οὔτε
3487 4153 3714 4218 ἔξωσεν,
3749 4152 3859 4202 ἀλλ’

2288 4251 2721 4322 ἐξωστρακίσοη,
2753 4250 2941 4318 ὥσπερ
2971 4245 3038 4317 ἦν
3057 4247 3204 4311 ἀξιον
3225 4263 3239 4278 ο
3271 4245 3364 4298 καὶ
3394 4245 3441 4296 εἰ
3473 4245 3614 4297 κατὰ
3648 4245 3742 4296 τὸν
3773 4243 3860 4295 λό-

2286 4365 2380 4416 γον
2403 4348 2655 4416 Κυρῖου,ι
2681 4344 2741 4399 Ἠ
2758 4345 3044 4408 βασιλεία
3066 4341 3185 4394 τῶν
3209 4337 3481 4407 οὐρανῶν
3506 4339 3684 4402 ἐντὸς
3700 4337 3863 4405 ὑμῶν

2288 4441 2476 4504 ἐστιν,
2512 4458 2528 4490 ι
2569 4439 2668 4490 οὐκ
2693 4437 2758 4490 ἄν
2791 4455 2874 4499 τις
2907 4436 3142 4504 ἁμάρτοι
3177 4435 3270 4486 καὶ
3307 4431 3585 4502 βασιλείαν
3616 4431 3861 4502 οὐρανῶν

611 4528 818 4582 tribuat
853 4529 902 4581 in
936 4544 1142 4583 servos.
1183 4528 1320 4594 Quid
1357 4529 1613 4599 deinceps
1645 4532 1776 4585 mihi
1805 4548 1926 4586 cum
1973 4533 2054 4588 Itis
2089 4535 2182 4589 de-

2289 4534 2485 4596 αὐτοὺς
2515 4529 2858 4590 ἀποκαλέσας
2885 4546 2894 4557 ·
2928 4531 2984 4580 ἐν
3005 4521 3085 4590 οἷς
3109 4529 3136 4579 ὁ
3165 4525 3364 4593 ἀγαθὸς
3396 4523 3528 4586 θεὸς
3555 4524 3716 4593 ἡμῶν
3740 4524 3860 4576 ἀνα-

612 4622 766 4675 sexis
793 4621 975 4690 regiis,
1008 4621 1112 4675 levi
1161 4622 1356 4691 gloria,
1395 4631 1692 4692 ventreque
1728 4625 1972 4693 perituro
1999 4627 2021 4679 ?
2050 4629 2178 4696 quid

613 4728 737 4766 cum
759 4727 913 4775 auro,
953 4721 1201 4781 argento,
1235 4712 1520 4780 pellucidis
1552 4713 1816 4777 vestibus,
1843 4727 1895 4768 et
1926 4731 2045 4783 quae
2074 4719 2180 4771 alia

613 4811 742 4859 sunt
775 4803 932 4856 tinea:
954 4803 1153 4870 pabula
1182 4804 1206 4854 ?
1233 4802 1363 4871 quid
1391 4818 1514 4857 cum
1558 4804 1774 4872 plausu,
1819 4809 2085 4872 susurris,
2117 4825 2178 4864 ac

614 4896 760 4949 inani
805 4910 1023 4950 sursum
1057 4895 1306 4949 deorsum
1334 4897 1655 4951 vectationis
1676 4899 1898 4952 studio?
1920 4898 2180 4970 Equidem

613 5004 714 5042 nec
759 4988 918 5057 digna
949 4996 1076 5041 sunt
1137 4989 1568 5056 comparatione,
1602 4990 1703 5043 nisi
1750 5007 1871 5058 quae
1923 5002 2006 5047 est
2041 4993 2180 5050 lucis

611 5095 735 5133 cum
770 5078 1031 5142 tenebris,
1083 5079 1203 5132 vita:
1233 5095 1352 5133 cum
1386 5090 1578 5143 morte,
1635 5081 1882 5138 veritatis
1934 5101 2057 5140 eum
2101 5089 2184 5141 in-

612 5171 865 5226 somniis.
906 5170 1037 5237 Quae
1076 5186 1202 5225 cum
1237 5171 1307 5225 ita
1345 5173 1474 5234 sint,
1514 5173 1707 5228 fratres
1735 5213 1749 5238 ,
1788 5177 2044 5246 gaudium
2077 5183 2183 5251 agi-

611 5271 788 5316 temus
817 5263 1005 5334 ingens
1030 5271 1084 5317 et
1147 5264 1377 5325 illustre,
1410 5265 1501 5333 qui
1555 5267 1820 5333 potiorem
1864 5271 2006 5324 nacti
2054 5289 2181 5340 par-

612 5363 743 5416 tem,
789 5354 923 5406 tanti
969 5354 1137 5423 stirpe
1193 5355 1406 5422 generis
1471 5371 1794 5410 censeamur
1849 5360 2057 5425 selecti,
2117 5379 2182 5418 ac

617 5442 895 5500 nobilitate
923 5444 1109 5514 fulgidi
1149 5445 1352 5498 divina.
1385 5444 1524 5510 Quin
1560 5449 1740 5502 a3muli
1783 5467 2002 5522 quoque
2031 5455 2181 5510 ciliu-

707 5620 750 5649 ⁸⁸
784 5619 942 5673 Rom.
972 5636 1044 5680 vt,
1071 5620 1184 5673 2-4.
1260 5621 1304 5651 ⁸²
1337 5621 1470 5674 Luc.
1506 5638 1634 5684 xvn,
1658 5623 1746 5676 2|.

2293 4629 2663 4698 παυσάμενος,
2689 4619 2775 4677 οἷά
2801 4640 2883 4685 τις
2907 4622 3155 4691 βασιλεὺς
3180 4619 3491 4689 φιλόδωρος,
3522 4619 3635 4680 τοῖς
3667 4616 3858 4670 ἑαυτοῦ

2291 4707 2589 4788 θεράπουσι
2636 4713 2877 4782 διανέμει
2935 4711 3001 4763 τά
3046 4710 3378 4780 χαρίσματα.
3419 4707 3484 4760 Τί
3532 4724 3625 4773 μοι
3675 4707 3858 4760 λοιπὸν

2291 4812 2425 4882 πρὸς
2450 4809 2620 4862 ταῦτα
2647 4807 2714 4859 τά
2741 4806 2887 4858 κάτω
2915 4803 3178 4872 βασίλεια,
3211 4800 3305 4854 καὶ
3326 4799 3385 4853 τὸ
3409 4798 3561 4851 κενὸν
3589 4797 3850 4868 δοξάριον,

2284 4907 2376 4962 καὶ
2419 4906 2450 4974 ἡ
2485 4898 2903 4968 καταργουμένη
2942 4894 3154 4957 κοιλία;
3201 4891 3254 4944 τι
3299 4892 3353 4944 δὲ
3394 4895 3421 4944 6
3468 4893 3670 4961 χρυσὸς
3708 4892 3799 4944 καὶ
3826 4892 3851 4942 6

2283 5003 2542 5070 ἄργυρος,
2568 4995 2660 5047 καὶ
2684 4995 2750 5044 τὰ
2778 4990 3010 5058 διαφανῆ
3035 4987 3439 5057 περιδλήματα,
3474 4985 3569 5038 καὶ
3597 4987 3700 5039 ὅσα
3725 4986 3851 5039 ἄλλα

2286 5091 2445 5160 σητός
2473 5091 2590 5141 ἐστι
2620 5085 3016 5150 δαπανήματα;
3049 5079 3100 5130 τι
3130 5078 3186 5129 δὲ
3229 5080 3256 5130 6
3283 5077 3472 5147 κρότος
3506 5077 3601 5128 καὶ
3643 5078 3671 5128 6
3699 5075 3851 5146 Θόρυ-

2284 5184 2397 5247 6ος,
2432 5181 2524 5234 καὶ
2566 5180 2664 5249 τῆς
2698 5176 2808 5228 ἄνω
2837 5174 2928 5225 καὶ
2956 5173 3106 5225 κάτω
3142 5171 3442 5240 περιφορᾶς
3476 5170 3510 5238 ἡ
3557 5185 3848 5238 ματαιοπο-

2287 5275 2412 5338 via;
2446 5273 2554 5343 ἄρα
2582 5269 2702 5322 οὐδὲ
2736 5264 3044 5336 παραϐολῆς
3099 5263 3237 5313 εἰσιν
3268 5261 3390 5327 ἀξια
3412 5302 3426 5326 ,
3480 5259 3514 5330 ἢ
3564 5262 3689 5313 ὅσον
3741 5261 3846 5328 φῶς

2289 5367 2422 5436 πρὸς
2471 5363 2679 5425 σκότος,
2729 5360 2824 5410 καὶ
2869 5356 2980 5424 ζωὴ
3024 5356 3158 5424 πρὸς
3198 5354 3442 5417 θάνατον,
3487 5352 3583 5404 καὶ
3631 5353 3846 5422 ἀλήθεια

2287 5457 2422 5527 πρὸς
2463 5455 2732 5523 ὀνείρατα.
2761 5447 2971 5503 Οὐκοῦν
3012 5447 3134 5500 ἐπεὶ
3161 5445 3334 5498 ταῦτα
3366 5443 3540 5507 οὕτως
3568 5444 3704 5514 ἔχει,
3731 5444 3842 5514 χαί-

683 5729 830 5805 ίιοξ)
859 5731 1172 5805 Cate_clte_sis
1200 5731 1318 5805 hate
1349 5744 1560 5786 atxxvtt'I
1610 5742 1689 5788 est
1725 5734 1776 5786 in
1807 5733 1925 5788 cud.
1953 5733 2010 5786 8|
2042 5732 2179 5802 apud
2214 5730 2450 5799 Nauios,
2499 5751 2547 5804 p.
2586 5735 2701 5798 164,
2739 5735 2825 5788 ubi
2876 5735 3082 5805 primus
3112 5736 3295 5791 titulus
3340 5735 3409 5790 ita
3440 5752 3496 5791 se
3519 5736 3682 5792 habet
3710 5755 3720 5790 :
3755 5738 3836 5799 Et;

683 5731 830 5852 (10⁸2
859 5731 1172 5784 Catechesis
1204 5731 1318 5785 hate

613 5797 736 5862 τοὺς
771 5800 799 5870 β
825 5819 914 5864 ους
939 5800 1043 5854 τῶν
1071 5802 1342 5871 Πατέρων.
