4000 6306
179 370 283 432 565

1340 356 1740 418 SERMONES
1779 320 2278 417 CATECHETiCI

3325 344 3424 407 566

180 494 389 549 ρωμεν,
419 476 665 543 ἀδελφοὶ,
694 475 840 545 χαρᾷ
857 469 1221 540 ἀνεκλαλήτῳ,
1241 470 1335 523 καὶ
1355 468 1720 539 δεδοξασμένῃ
1735 485 1746 496 ·

1855 481 2045 536 gamus
2069 480 2284 529 eorum,
2331 469 2596 534 quantum
2630 475 2920 532 possumus
2947 500 2961 526 ,
2990 467 3135 515 recte
3161 458 3326 523 facta,
3360 475 3426 512 ne

177 572 256 624 ὅτι
297 569 399 638 τῆς
443 567 752 637 κρείττονος
790 565 982 636 μοιρᾶς
1016 562 1317 632 ἐτύχομεν’
1348 561 1441 612 καί⁵
1471 560 1554 612 ὅτι
1579 558 1754 610 τοιού-

177 680 268 715 του
318 663 517 729 γένους
553 659 780 730 σπέρμα
809 655 1255 728 χρηματίζομεν·
1292 653 1486 722 γένους
1529 650 1623 711 τοῦ
1663 652 1757 703 ὲκε

180 753 374 808 λεκτοῦ
417 752 515 806 καὶ
548 753 616 821 τῇ
653 750 776 820 θείᾳ
801 747 1049 818 εὐγενείᾳ
1083 743 1631 816 ὐπεραστράπτοντος
1651 756 1666 770 ⁶
1695 741 1755 793 οὐ

181 845 286 914 μὴν
331 842 472 896 ἀλλὰ
511 841 605 893 καὶ
650 837 1057 907 ζηλοωποῦμεν
1111 834 1232 888 καθ’
1273 833 1397 886 ὅσον
1443 826 1554 883 οἷόν
1589 845 1648 881 τε
1691 827 1760 882 τὰ

180 931 407 984 ἐκείνων
447 926 848 998 κατορθώματα
873 939 886 953 ⁸
923 924 997 987 ώς
1033 923 1100 978 ἂν
1152 921 1225 992 μὴ
1270 919 1425 974 κενὸν
1462 920 1633 988 ὄνομα
1660 917 1756 986 φέ-

181 1037 386 1091 ρωμεν·
445 1033 728 1089 μορνρωσιν
756 1017 852 1084 μὲν
881 1013 1161 1076 εὐσεϐείας
1193 1014 1430 1082 ἔχοντες*
1463 1011 1562 1080 τὴν
1588 1008 1645 1061 δὲ
1671 1007 1760 1060 δύ-

179 1128 343 1179 ναμιν
366 1109 540 1180 αὐτῆς
567 1107 886 1177 ἠρνημένοι.
910 1103 1208 1174 Τοιγαροῦν
1240 1102 1427 1171 ὥσπερ
1455 1102 1513 1153 ἐν
1544 1097 1761 1167 ίατρείῳ

180 1205 258 1257 ὅτι
286 1201 527 1263 ἕκαστος
558 1199 697 1268 πρὸς
723 1198 822 1267 τὴν
851 1195 1055 1250 οἰκείαν
1078 1194 1359 1248 ἀσθένειαν
1390 1193 1449 1245 τὸ
1473 1193 1760 1262 φάρμακον

182 1294 490 1362 ἐκλέγεται,
515 1292 606 1345 τὸν
636 1289 799 1345 αὐτὸν
824 1289 888 1358 δὴ
914 1287 1110 1357 τρόπον
1133 1286 1229 1338 καὶ
1257 1284 1436 1354 ἡμεῖς,
1469 1283 1605 1354 πρὸς
1635 1282 1760 1344 τοὺς

182 1384 478 1453 ὁμοταγεῖς
517 1378 936 1442 ἀποϐλέποντες,
971 1373 1218 1429 ἐντεῦθεν
1244 1371 1597 1441 ποριζώμεθα
1631 1371 1759 1423 ἕκα-

183 1493 302 1539 στος
331 1475 395 1528 τὺ
423 1472 724 1541 ὠφέλιμον.
756 1470 947 1522 Τοίνυν
989 1466 1098 1534 ἐγὼ
1141 1466 1169 1517 ό
1197 1464 1436 1530 ἄναξιος,
1462 1463 1598 1534 πρὸς
1634 1461 1760 1524 τοὺς

183 1568 443 1632 ἀξιοθέως
467 1565 869 1635 ποιμάνανταςο
894 1564 922 1614 ὁ
942 1560 1222 1628 οἰκονόμος
1246 1555 1382 1628 πρὸς
1404 1556 1530 1619 τοὺς
1554 1554 1760 1618 πιστῶς

181 1660 271 1712 καὶ
305 1658 594 1727 φρονίμως
640 1653 1105 1725 οίκονομήσαντας
1126 1667 1140 1681 ⁶
1175 1653 1203 1705 ό
1241 1648 1588 1720 κελλαρίτης,
1623 1647 1760 1718 πρὸς

181 1753 300 1814 τοὺς
330 1749 698 1818 εὐδιακρίτως
728 1749 822 1800 καί
851 1744 1232 1807 εὐσυνειδότως
1251 1741 1722 1811 κελλαρεύσαντας
1742 1755 1755 1770 ·

179 1841 348 1903 οὕτως
375 1843 406 1894 ό
439 1840 778 1909 κανονάρχος
804 1838 900 1891 καὶ
933 1835 1203 1902 ξενοδόκος
1223 1851 1238 1864 ·
1263 1832 1434 1894 οὕτως
1457 1832 1485 1882 ό
1505 1831 1756 1901 ὀψοποιὸς
1789 1825 1828 1878 Β

183 1933 270 1984 καὶ
309 1934 338 1985 ό
391 1930 823 2002 ἀριπητάριος·
871 1926 1043 1989 οὕτως
1075 1925 1302 1986 ἕκαστος
1335 1924 1393 1974 ἐν
1434 1925 1499 1992 τῇ
1550 1921 1752 1992 ἑκάστῃ

179 2023 421 2092 διακονίᾳ
447 2023 796 2091 ταττόμενος.
833 2020 1069 2087 Ἔχομεν
1089 2018 1215 2087 γὰρ,
1236 2018 1283 2068 εί
1318 2014 1663 2084 βουλοίμεθα,
1685 2013 1755 2066 τὰ

182 2114 622 2184 παραδείγματα.
653 2113 834 2183 Μήτις
857 2106 948 2164 οὖν
966 2111 1056 2162 ἐπὶ
1079 2109 1230 2180 πάσῃ
1250 2109 1526 2177 παρακοῇ,
1553 2105 1666 2159 ἀλλ’
1691 2106 1754 2158 ὲκ

182 2203 395 2274 πρώτης
430 2205 682 2274 κλήσεως
737 2203 770 2272 ή
810 2202 1112 2268 ἀπάντησις
1135 2217 1148 2230 ο
1186 2200 1245 2253 τὸ
1275 2197 1382 2267 γὰρ
1407 2195 1617 2265 λέγειν’
1650 2195 1754 2248 Μι-

183 2301 302 2367 κῴν
327 2301 425 2352 καὶ
461 2299 724 2368 πάρειμν
755 2294 1029 2349 καὶτοῦτο
1053 2293 1146 2346 ἐπὶ
1179 2291 1271 2346 τοῦ
1301 2291 1609 2360 οἰκονόμου,
1642 2285 1752 2340 τῶν

183 2392 494 2446 ὑπευθύνων
519 2389 580 2443 τέ
605 2392 724 2443 ἐστι
757 2388 849 2440 καὶ
881 2386 1246 2457 κατακρίτωνο
1281 2385 1442 2456 μήτις
1478 2383 1750 2450 παραίτη-

186 2501 258 2547 σις
311 2485 633 2546 διακονίαςο
687 2482 824 2534 ἀλλά
876 2480 1038 2550 μέχρι
1094 2477 1324 2531 θανάτου
1365 2477 1399 2546 ἡ
1444 2473 1747 2527 εὐπείθειαν

180 2574 324 2628 τοῦτο
351 2577 464 2646 γὰρ
484 2578 518 2646 ἡ
547 2574 818 2645 μοναχικὴ
853 2572 1140 2640 τελειότης’
1171 2570 1333 2639 μήτις
1362 2567 1747 2638 μεμψίμοιρος,

182 2669 262 2722 τὴν
297 2671 420 2739 τῇδε
455 2670 624 2722 τόπον
659 2665 1106 2735 καταιτιώμενος,
1143 2663 1219 2726 ὡς
1242 2662 1343 2716 οὐκ
1371 2659 1560 2730 ἔχοντα
1589 2659 1746 2712 τοῦτο

183 2762 408 2815 κάκεῖνο.
463 2761 524 2814 '0
553 2760 662 2830 γὰρ
696 2757 938 2820 τοιοῦτος
963 2755 1219 2817 ὑπόδικός
1248 2755 1365 2806 ἐστι
1405 2751 1484 2821 τῷ
1518 2751 1746 2821 κρίματι

181 2852 278 2903 τῶν
320 2853 713 2920 γογγυσάντων
754 2851 811 2902 ὲν
842 2851 908 2919 τῇ
938 2848 1163 2918 ἐρήμῳ·
1195 2840 1269 2898 ὧν
1297 2844 1529 2908 ἐξαίσιος
1567 2845 1594 2895 ό
1626 2841 1746 2894 ὄλε-

183 2945 296 3012 Ope;
320 2959 332 2972 °
357 2944 496 2997 ἀλλὰ
519 2961 668 3005 τινες
698 2939 893 3004 ταῦτα,
924 2940 973 2992 oi
999 2937 1333 2998 ἀπαίδευτοι,
1365 2935 1413 2986 οἱ
1436 2932 1748 3003 ἀκαρτέρη-

182 3051 274 3095 τοι,
303 3037 394 3089 καὶ
430 3038 557 3099 ταῖς
583 3034 750 3106 φρεσὶ
773 3030 1146 3100 νηπιάζοντες,
1177 3023 1258 3089 οἷς
1286 3026 1346 3077 τὸ
1371 3025 1630 3091 ἀναπνεῖν
1659 3020 1750 3074 τὸν

1859 573 2074 612 cassum
2099 571 2291 611 nomen
2319 554 3007 627 geramus,deformatione
3030 552 3239 623 praediti
3263 553 3424 621 pieta-

1859 648 1950 713 tis,
1970 650 2078 703 vim
2099 658 2148 704 et
2179 657 2504 719 potestatem
2532 657 2808 717 negantes.
2843 647 3010 716 Igitur
3028 656 3087 702 ut
3125 646 3180 700 iu
3206 645 3424 700 ofﬁcina

1859 743 1969 796 suis
1993 743 2228 812 quisque
2262 741 2470 796 morbis
2502 741 2828 797 medicinam
2858 739 3061 808 deligit,
3097 739 3169 793 ita
3200 753 3334 793 sane
3369 746 3423 792 et

1857 848 1960 888 nos
1984 834 2039 887 in
2074 849 2202 889 suos
2232 833 2432 903 singuli
2452 842 2708 902 tanquam
2736 831 2964 902 gentiles
2991 831 3262 885 intuentes
3278 845 3424 899 quae-

1858 934 2001 980 stum
2030 925 2156 980 inde
2185 925 2599 981 contrahamus.
2634 924 2746 993 Ego
2800 924 2890 978 hic
2920 923 3174 992 indignus
3227 922 3282 975 in
3331 921 3419 974 Dei

1859 1017 2030 1072 instar
2051 1026 2321 1086 pastores,
2368 1031 2690 1071 meonomus
2733 1015 2788 1068 in
2839 1013 3144 1068 meonomia
3197 1012 3422 1067 ﬁdeliter

1856 1109 2258 1179 prudenterque
2308 1107 2551 1175 functos,
2588 1104 3055 1176 promus-condus
3085 1105 3139 1158 in
3184 1118 3281 1158 eos
3318 1104 3410 1172 qui

1858 1201 2092 1256 discrete
2153 1216 2217 1255 ac
2269 1201 2481 1256 sincere
2547 1199 2598 1253 id
2663 1196 2904 1253 exsecuti
2984 1204 3110 1250 sunt
3166 1209 3418 1250 munus:

1858 1292 1924 1345 ad
1955 1294 2204 1347 eumdem
2257 1292 2478 1347 modum
2538 1289 2902 1352 canonarcha,
2944 1289 3181 1358 hospes,
3255 1287 3421 1342 obso-

1857 1394 2060 1447 nator,
2104 1393 2384 1446 structor,
2427 1383 2624 1451 singuli
2692 1383 2744 1436 in
2806 1381 3018 1451 singula
3083 1379 3255 1434 ofﬁcia
3322 1379 3416 1434 de-

1859 1475 2067 1544 scripti.
2102 1474 2360 1543 Exempla
2401 1472 2621 1542 quidem
2649 1479 2819 1532 certe.
2849 1471 2894 1526 si
2952 1471 3226 1531 volumus,
3258 1469 3424 1522 habe-

1857 1581 1996 1620 mus.
2031 1564 2172 1635 Ergo
2202 1579 2270 1617 ne
2297 1577 2406 1632 qua
2432 1561 2483 1614 in
2510 1574 2790 1630 quoquam
2811 1558 3153 1614 contumacia
3181 1557 3271 1621 sit,
3291 1555 3421 1625 quin

1858 1655 1924 1710 ad
1963 1655 2193 1725 primam
2232 1652 2675 1706 inclamationem
2727 1651 3002 1705 accurrito
3049 1649 3272 1717 (quippe
3336 1645 3419 1700 di-

1859 1762 1982 1802 cere
2011 1765 2025 1801 :
2076 1745 2230 1800 Mane
2263 1744 2445 1808 venio,
2500 1742 2804 1814 praesertim
2834 1753 3142 1799 oeconomo.
3189 1754 3296 1792 non
3331 1752 3423 1791 ca-

1857 1848 1939 1895 ret
1969 1839 2124 1909 culpa
2179 1849 2232 1894 et
2279 1838 2528 1910 flagitio),
2578 1852 2647 1891 ne
2700 1851 2808 1905 qua
2861 1833 3024 1888 otiieii
3081 1830 3420 1886 detrectatiu.

1856 1932 1949 1986 sed
1982 1930 2066 1985 vel
2097 1931 2150 1984 in
2209 1945 2395 1985 necem
2431 1929 2739 1998 sequacitas
2774 1925 2846 1992 (id
2898 1933 2982 1980 est
3032 1923 3176 1978 enim
3228 1937 3420 1975 mona-

1858 2024 1997 2078 stica
2032 2021 2338 2092 perfectio),
2375 2037 2441 2075 ne
2464 2020 2588 2090 quis
2631 2017 2895 2089 querulus
2952 2017 3131 2070 locum
3164 2015 3308 2067 hunc
3341 2012 3422 2065 in-

1854 2123 2028 2179 cuset,
2063 2123 2120 2167 ut
2151 2113 2266 2168 haec
2294 2113 2494 2182 illaque
2539 2126 2648 2166 non
2681 2110 2990 2164 habentem.
3029 2104 3163 2160 Nam
3193 2105 3280 2159 hic
3317 2106 3424 2158 cri-

1856 2206 2004 2260 mine
2060 2214 2275 2259 tenetur
2325 2220 2554 2270 eorum,
2595 2202 2692 2274 qui
2736 2202 2791 2256 in
2829 2199 3123 2256 solitudine
3173 2212 3419 2251 murmu-

1850 2307 2034 2350 rantes
2058 2295 2200 2350 fuade
2231 2295 2437 2366 periere
2454 2297 2525 2349 ’".
2551 2295 2620 2349 At
2639 2309 2702 2348 ea
2729 2294 2952 2365 quinam
2980 2292 3003 2344 ’ί
3037 2289 3264 2353 indocti,
3317 2289 3421 2342 im-

1847 2389 2134 2459 patientes,
2164 2397 2342 2443 mente
2393 2388 2570 2458 pueri,
2609 2386 2816 2455 indigni
2841 2387 2937 2456 qui
2986 2385 3070 2438 vel
3107 2398 3287 2437 aerem
3321 2382 3419 2435 du-

1847 2490 2008 2535 cant:
2051 2490 2262 2535 tantum
2304 2481 2459 2535 abest
2512 2488 2571 2534 ut
2638 2478 2724 2533 his
2775 2477 3080 2532 commodis
3144 2474 3414 2528 fruantur.

1846 2573 2044 2628 Verum
2069 2573 2308 2626 clemens
2340 2571 2483 2626 Deus
2533 2580 2644 2625 tum
2705 2570 2924 2624 erudiat
2974 2574 3242 2630 amentes,
3303 2573 3416 2618 tum

1852 2669 2045 2729 augeat
2075 2660 2360 2730 prudentia
2388 2668 2560 2722 catos,
2583 2674 2882 2729 omnesque
2931 2659 2984 2712 in
3017 2672 3176 2711 suum
3197 2655 3420 2710 caalcste

1853 2766 2078 2822 regnum
2102 2761 2386 2806 conservet
2404 2767 2499 2821 per
2514 2750 2790 2807 Christum
2811 2751 2994 2806 Jesum
3019 2749 3305 2803 Dominum
3326 2762 3420 2802 n0-

1853 2847 2025 2895 strum
2052 2858 2064 2894 :
2101 2840 2189 2894 cui
2217 2840 2385 2911 gloria
2408 2842 2768 2911 etimperium
2787 2857 2912 2896 cum
2939 2841 3100 2896 Patre
3120 2853 3183 2892 ac
3214 2836 3417 2891 Sancto

1856 2930 2079 2999 Spiritu,
2104 2947 2274 2995 nunc,
2303 2940 2356 2987 et
2389 2947 2624 3002 semper,
2667 2933 2722 2987 in
2771 2944 3102 3000 omnemque
3132 2928 3417 3000 perpetui«

1857 3030 2045 3076 tatem.
2080 3021 2274 3076 Amen.

183 3129 306 3196 ἀέρα
351 3132 450 3183 οὐκ
488 3129 666 3194 ἄξιον,
698 3127 772 3197 μὴ
810 3126 957 3192 ὃτιγε
985 3121 1254 3175 τοσούτων
1287 3119 1581 3173 ἀπολαύειν
1614 3114 1996 3170 ἀναπαύσεων.
2034 3114 2180 3187 Πλὴν
2221 3119 2248 3170 ό
2281 3115 2482 3184 ἀγαθὸς
2510 3113 2640 3179 Θεὸς
2690 3114 2845 3185 ἡμῶν
2876 3114 2970 3167 καὶ
3009 3113 3136 3177 τοὺς
3176 3115 3419 3185 ἄφρονας

184 3227 562 3294 σωφρονήσειε,
597 3221 692 3273 καὶ
740 3220 864 3282 τοὺς
899 3215 1364 3285 πεπαιδεύμενους
1418 3211 1500 3264 ἔτι
1552 3209 1880 3275 συνετίσειε,
1921 3210 2015 3262 καὶ
2055 3210 2263 3272 πάντας
2295 3208 2486 3262 σώσειε
2525 3212 2602 3274 είς
2633 3209 2735 3276 τὴν
2781 3208 3057 3279 βασιλείαν
3116 3208 3281 3262 αὐτοῦ
3321 3209 3418 3280 τὴν

183 3317 486 3386 ἐπουράνιον
506 3333 521 3346 ·
554 3319 614 3369 ὲν
639 3312 860 3382 Χριστῷ
898 3309 1070 3382 Ἰησοῦ
1102 3307 1178 3379 τῷ
1216 3307 1406 3378 Κυρίῳ
1439 3304 1618 3377 ἡμῶν,
1651 3299 1695 3370 ᾧ
1723 3304 1756 3370 ἡ
1783 3301 1909 3368 δόξα
1940 3301 2035 3354 καὶ
2062 3302 2122 3354 τὸ
2153 3300 2353 3371 κράτος
2401 3301 2498 3354 σὺν
2523 3299 2599 3372 τῷ
2629 3300 2804 3371 Πατρὶ
2847 3301 2942 3355 καὶ
2975 3298 3050 3370 τῷ
3080 3298 3219 3370 ἁγίῳ
3251 3300 3418 3355 Πνεύ-

188 3429 305 3478 putt
324 3429 336 3441 ·
362 3411 456 3464 νῦν
483 3411 582 3463 καὶ
608 3409 717 3471 ἀεὶ,
743 3407 835 3459 καὶ
860 3406 938 3468 είς
962 3405 1085 3466 τοὺς
1115 3403 1317 3466 αίῶνας
1340 3401 1447 3455 τῶν
1470 3397 1699 3453 αἰώνων.
1746 3395 1938 3466 Ἀμήν.

740 3497 970 3555 SERMO
1023 3496 1181 3552 XLII.

189 3613 259 3688 In,
290 3615 652 3688 Chrysostomi
687 3630 749 3667 ac
885 3609 1531 3688 Ephrazmimemoriam.
1594 3604 1740 3688 Nili-il

246 3675 442 3740 beatum
487 3690 543 3740 in
603 3685 850 3738 Immanis
906 3675 1096 3752 praeter
1135 3684 1400 3745 virtutem,
1457 3693 1573 3747 qua:
1624 3675 1741 3728 sola

245 3755 558 3811 beatitudine
582 3757 748 3826 digna
777 3764 874 3808 est.

248 3845 451 3901 Fratres
491 3847 797 3914 Patresque
822 3883 837 3908 ,
865 3843 1144 3898 hominum
1173 3839 1419 3910 plerique
1449 3851 1599 3906 opes,
1623 3835 1736 3904 ple-

188 3937 325 4006 rique
355 3941 676 4008 potentiam,
716 3935 958 4007 plerique
1000 3933 1242 3995 delicias,
1297 3929 1544 3999 plerique
1583 3925 1738 3980 volu-

189 4039 370 4095 ptatem
406 4031 620 4085 beatam
655 4029 971 4099 pradicant.
1002 4025 1244 4091 Quorum
1294 4023 1511 4077 beatum
1550 4018 1737 4074 estnio

190 4119 288 4174 hil:
343 4121 608 4190 siquidem
647 4119 792 4171 haud
871 4125 1187 4186 permanent
1231 4110 1568 4190 asterna,sed
1611 4125 1735 4164 cum

189 4224 287 4264 tero
337 4189 435 4266 hoc
482 4211 782 4265 intereunt.
817 4207 957 4274 Quin
1013 4206 1198 4260 multis
1241 4219 1310 4258 ne
1369 4203 1456 4257 hic
1504 4189 1734 4270 quidem

188 4300 447 4367 suffecere,
477 4303 706 4370 visaque
734 4307 859 4353 sunt
890 4297 1074 4362 simul,
1097 4305 1152 4351 et
1185 4295 1358 4349 instar
1395 4293 1591 4348 somnii
1613 4307 1738 4361 pos-

190 4405 434 4447 sessorem
458 4393 669 4465 fugere.
704 4390 829 4443 Sola
855 4391 1014 4460 digna
1044 4395 1126 4443 est
1163 4383 1496 4442 beatitudine
1541 4385 1733 4447 virtus,

188 4496 292 4548 qua;
317 4493 368 4539 et
387 4483 716 4539 immortalis
739 4481 996 4536 habeatur
1015 4489 1066 4534 et
1108 4494 1164 4534 se
1197 4477 1503 4534 obtinentes
1548 4475 1735 4531 beatos

1768 3492 1811 3550 C
1846 3489 1988 3543 nitus
2045 3489 2098 3542 in
2164 3487 2344 3542 multis
2369 3485 2625 3554 fratribus
2655 3503 2672 3551 ,'
2703 3503 2831 3558 quos
2864 3497 3037 3541 autem
3067 3491 3416 3557 prwdestina-

1843 3579 1936 3642 vit,
1969 3577 2060 3630 hos
2088 3587 2137 3631 et
2169 3580 2365 3633 vocavit
2391 3595 2410 3642 ;
2443 3587 2492 3631 et
2540 3594 2668 3647 quos
2703 3578 2926 3644 vocavit,
2953 3579 3044 3632 Iros
3075 3589 3123 3632 et
3146 3581 3418 3650 justi,’ica-

1842 3670 1955 3732 vit;
1987 3685 2115 3738 quos
2142 3679 2314 3722 autem
2340 3669 2686 3738 justiﬁcavit,
2736 3668 2854 3723 illos
2898 3679 2948 3722 et
2992 3671 3309 3740 gluriﬁcauit
3347 3673 3413 3726 “.

1842 3759 1982 3826 Quid
2016 3775 2147 3831 ergo
2171 3761 2237 3814 ad
2265 3761 2380 3815 haec
2409 3761 2642 3816 dicimus
2664 3762 2687 3815 ?
2709 3777 2839 3815 num
2869 3763 3170 3816 vocationis
3219 3763 3338 3833 ejus
3363 3774 3416 3818 et

1844 3852 2067 3907 honoris
2093 3868 2283 3907 sumus
2338 3852 2630 3908 exsortes?
2659 3851 3013 3923 Nequaquam
3049 3872 3060 3906 :
3087 3855 3218 3923 quin
3247 3865 3330 3910 est
3362 3869 3417 3911 ct

1841 3939 1972 3992 nihil
2005 3941 2164 3996 nobis
2190 3956 2314 3996 cum
2351 3942 2634 4011 crucigera
2673 3945 2806 4006 vita,
2845 3952 2957 3998 tum
2997 3943 3271 4002 beatitatis
3312 3946 3410 4001 ho-

1839 4032 2150 4086 norarium:
2177 4033 2374 4102 quippe
2401 4033 2618 4089 obimus
2651 4034 2702 4088 in
2738 4035 2878 4090 hanc
2906 4036 3094 4090 horam
3126 4052 3224 4106 pro
3251 4037 3412 4092 Chri-

1839 4132 1925 4179 sto
1963 4125 2282 4186 discrimen,
2318 4133 2513 4195 prteter
2561 4127 2871 4195 superiores
2912 4128 3141 4196 egregia:
3194 4128 3411 4185 confes-

1840 4214 2011 4269 sionis
2040 4213 2368 4282 triumphos.
2404 4213 2448 4268 0
2479 4215 2855 4269 admirandam
2897 4217 3147 4271 virtutem
3183 4220 3194 4271 !
3229 4219 3415 4288 qualia

1838 4305 1953 4361 suis
1989 4305 2292 4361 cultoribus
2324 4305 2924 4375 largitur?Atquehaac
2966 4306 3204 4362 indidem
3236 4325 3367 4364 sane
3394 4328 3407 4364 :

1837 4397 1966 4466 quid
1998 4412 2126 4451 vero
2159 4396 2211 4449 in
2244 4394 2429 4450 futuro
2460 4396 2701 4450 sazculo?
2739 4397 2934 4465 Ecquas
2973 4412 3092 4452 eam
3122 4398 3410 4455 beatitudi-

1839 4504 1960 4543 nem
2008 4500 2062 4542 et
2112 4488 2365 4543 adoream
2421 4499 2752 4558 exsequatur
2811 4490 3026 4545 oratio?
3077 4491 3146 4546 de
3194 4507 3299 4559 qua
3335 4493 3412 4546 ait

189 4572 418 4637 pmbeat.
1837 4577 2100 4634 Dominus
2132 4594 2148 4632 :
2207 4577 2353 4630 Tum:
2389 4578 2524 4646 justi
2560 4578 2831 4648 fulgebunt
2893 4580 3026 4632 sicut
3067 4581 3148 4633 sot
3183 4580 3250 4647 ⁸⁸;
3283 4595 3406 4634 nam

248 4662 368 4719 nam
407 4667 672 4722 οδεθπηυε
709 4663 890 4718 animo
943 4671 1073 4733 qum
1110 4660 1178 4716 ab
1216 4673 1332 4716 αδνο
1375 4667 1735 4729 Ρῐαέροῑθηῑεε
1837 4670 1964 4739 quia
2004 4671 2050 4725 is
2084 4669 2164 4724 sol
2219 4669 2447 4738 justitiae.
2486 4678 2588 4733 est,
2619 4669 2800 4738 justus
2860 4685 3097 4740 quoque,
3152 4687 3251 4727 ceu
3304 4673 3405 4727 sibi

190 4767 244 4806 ac
285 4756 544 4814 delicaluli
605 4759 780 4820 fuere.
841 4769 1070 4824 quorum
1128 4754 1332 4808 ηυηίυε
1382 4761 1556 4806 “Si?l
1610 4766 1732 4806 cum
1768 4825 1788 4830 Α
1838 4760 2832 4827 conformes,instarsolismicaturos
2859 4762 3208 4830 promisit.Si
3237 4774 3405 4817 tamen

189 4842 327 4902 laude
380 4851 679 4904 memoria:
714 4855 964 4902 caeterum
1016 4846 1211 4900 virtute
1247 4843 1598 4914 prmditorum
1653 4845 1736 4897 in-
1768 4825 1810 4878 D
1839 4825 2209 4918 compatimur,
2237 4849 2435 4918 inquit,
2465 4858 2524 4902 ut
2552 4859 2599 4904 et
2641 4825 3093 4920 congloriﬁcemur
3117 4852 3181 4918 ⁸⁶;
3233 4853 3405 4907 ἰάθη)-

188 4939 424 4992 exstincta
459 4941 630 5010 gloria
667 4946 771 4992 est.
803 4936 1031 4992 Evidens
1069 4936 1121 4990 id
1150 4942 1236 4989 est
1263 4949 1328 4988 ex
1362 4933 1428 4988 iis
1457 4949 1578 5003 quae
1600 4934 1736 4987 acti-
1832 4957 1938 5010 que
1969 4942 2095 4996 alibi
2124 4960 2136 4995 ε
2172 4940 2357 5005 pater,
2388 4957 2518 5011 quo;
2548 4941 2742 4995 ἀράξετε
2791 4942 2918 4995 mihi
2948 4941 3059 4994 υυιο
3088 4951 3142 4995 αι
3175 4943 3261 4996 ub,-
3288 4958 3403 4995 sum

190 5033 368 5083 mnus:
405 5030 519 5085 beri
546 5031 773 5085 [κηλίυηῖ
807 5027 1257 5097 (ἶιιΓΥδοδῑοηιυιη
1298 5024 1730 5079 εθιθῧτθνίηὶυδε
1829 5049 1920 5101 ego
1975 5041 2026 5086 et
2055 5033 2134 5086 illi
2175 5032 2280 5086 sint
2328 5048 2548 5096 mecum,
2572 5042 2629 5085 ut
2663 5032 2869 5086 uideant
2890 5033 3184 5086 claritatem
3214 5051 3400 5099 meam,

191 5114 329 5174 home
374 5123 714 5190 Ρηίυεῑτθῐη
759 5118 1121 5190 Ερὶπωιηυηι,
1157 5134 1279 5173 cras
1336 5118 1504 5171 alium
1539 5131 1569 5171 θ
1603 5131 1733 5170 8³η-
1828 5141 1988 5193 quam
2025 5125 2218 5180 dedisti
2268 5125 2420 5186 mihi,
2450 5124 2575 5193 quia
2604 5124 2841 5178 dilexisti
2871 5139 2949 5176 me
2996 5135 3118 5176 ante
3146 5126 3406 5178 constitu-

189 5208 294 5276 θιῖεν
330 5225 390 5265 ac
414 5213 493 5268 Sic
519 5215 572 5268 in
616 5225 824 5266 almum
851 5224 946 5263 CC“
974 5209 1264 5263 luminaria
1305 5209 1474 5263 οοοΓιῘ
1519 5209 1621 5262 δυὶ)
1649 5207 1729 5261 ΓΘ·
1831 5216 2022 5268 tionem
2057 5214 2238 5268 mundi
2267 5214 2332 5266 ⁸⁷.
2368 5212 2597 5268 Videtin’
2635 5231 2744 5283 quo
2774 5213 3083 5268 ahihimus?
3114 5212 3216 5268 Ubi
3245 5215 3401 5268 Chri-

190 5304 278 5361 διδ,
321 5301 368 5355 in
417 5303 604 5358 laudes
634 5315 734 5357 ora
764 5298 1005 5355 omnium
1042 5299 1277 5362 solvunt,
1319 5299 1629 5368 nostrisque
1657 5299 1724 5352 ad
1833 5315 1952 5360 stus
1984 5318 2091 5369 est,
2124 5308 2188 5359 ad
2223 5305 2316 5360 Dei
2346 5306 2592 5360 dextram
2633 5307 2943 5367 considens,
2980 5306 3070 5358 ubi
3117 5307 3400 5376 gaudium,

194 5383 335 5444 Deum
366 5395 638 5462 gressibus
691 5391 1006 5460 praelucent.
1045 5389 1184 5444 Vera
1227 5389 1342 5442 11πο
1374 5389 1539 5457 Ῐὲζίίυτ
1570 5403 1723 5443 Sacra
1831 5408 1882 5452 et
1906 5400 2111 5462 ovatio,
2140 5398 2231 5451 ubi
2260 5397 2576 5466 angelorum
2607 5398 2860 5468 tripudia,
2896 5412 2960 5450 ac
2985 5409 3160 5451 costus
3209 5413 3400 5452 eorum

191 5483 426 5538 sententia
458 5494 570 5540 est:
610 5484 758 5549 Quos
783 5482 1059 5548 prwscirit,
1103 5490 1150 5534 et
1179 5481 1574 5548 praedestinavit
1599 5497 1726 5534 con-
1830 5488 1924 5557 qui
1960 5489 2011 5542 in
2047 5489 2215 5543 caelos
2253 5488 2521 5557 principes
2556 5499 2684 5542 Sunt
2715 5486 3145 5555 conscripti,ubi
3172 5488 3400 5556 gentiles

195 5570 355 5634 ίοηηεε
383 5579 493 5646 ﬁeri
531 5579 782 5650 imaginis
823 5576 948 5633 Filii
994 5580 1101 5642 sui,
1137 5589 1189 5630 ut
1211 5577 1318 5646 ipse
1365 5578 1433 5631 sit
1468 5579 1724 5646 primoge-
1834 5583 2001 5637 nostri
2038 5581 2236 5638 fratres
2283 5590 2592 5652 patresque,
2624 5596 2690 5636 eo
2727 5595 2850 5635 mox
2885 5579 3215 5642 abeundum,
3253 5581 3398 5650 gavia

249 5795 285 5825 ⁸³
309 5797 448 5857 Num.
491 5820 598 5870 xw,
641 5805 692 5858 f.
789 5801 832 5834 “"
865 5803 1020 5857 llum.
1053 5815 1165 5858 \‘lll.
1201 5801 1286 5855 50.
1377 5801 1420 5834 ⁸⁵
1444 5805 1636 5862 Matth.
1674 5825 1748 5865 xu

1848 5814 1912 5870 ὦ.
2010 5815 2054 5846 ⁸⁸
2091 5813 2248 5869 Rom.
2282 5827 2397 5874 γη),
2434 5813 2517 5865 17.
2634 5813 2672 5843 ⁸⁷
2701 5810 2992 5868 Juamxvn,
3047 5810 3133 5864 2-1.
