4000 6306
597 358 698 420 567
1777 369 1839 431 S.
1870 370 2175 430 THEODO

2260 424 2261 427 η
2314 372 2658 431 ΞΤΠΟΙΤΑΞ
3738 366 3840 428 568

596 485 741 525 SIII'IS
782 471 835 523 in
870 486 956 537 eo,
978 475 1064 538 qui
1121 474 1173 525 in
1222 475 1410 527 virtute
1460 491 1558 527 sua
1593 477 1899 529 dominatur
1926 479 1979 530 in
2010 488 2163 533 wter-
2196 494 2234 542 Α
2268 482 2529 535 virtutum
2568 500 2580 534 :
2618 495 2728 549 quo
2784 481 2876 549 qui
2931 478 3325 543 conscendere,
3378 492 3478 533 ceu
3541 478 3836 533 luminaria

597 575 742 622 num,
785 560 860 613 uti
898 561 1047 615 canit
1080 564 1271 617 beatus
1304 562 1472 617 David
1502 564 1569 627 ⁸⁸,
1599 578 1707 619 non
1751 568 2018 630 centenis,
2069 582 2173 623 nec
2272 572 2485 642 fulgent
2527 572 2581 625 in
2622 571 2835 632 orbem,
2878 570 3002 622 vita:
3046 569 3219 623 instar
3263 568 3547 632 habentes,
3600 582 3725 620 mea
3783 568 3835 621 in

596 654 917 708 millcnariis
971 655 1154 718 annis,
1192 656 1286 711 sed
1337 657 1614 726 perpetuis
1644 659 1878 721 saeculis,
1910 675 1976 713 ac
2007 661 2169 715 finem
2269 661 2474 715 Christi
2519 660 2662 715 diem
2707 660 2903 731 gloria.
2955 658 3113 713 nunc
3159 673 3281 724 nos,
3337 656 3563 720 fratres,
3615 670 3833 710 sacrum

595 758 705 797 non
739 744 1085 799 habentibus.
1113 744 1192 798 Ad
1237 746 1350 801 hazc
1380 748 1503 815 quis
1536 747 1809 802 idoneus?
1839 748 2018 814 Quis?
2076 749 2170 817 qui
2270 761 2512 806 montem
2544 751 2982 806 conscendamus
3025 762 3245 817 quoque
3294 766 3307 801 :
3360 762 3523 815 quem
3573 759 3836 813 superare

594 832 736 886 diem
764 849 1000 902 onmem,
1041 835 1342 905 horamque
1370 837 1554 907 vigilat
1584 839 1845 899 intentus.
1884 855 1951 895 ne
1986 842 2170 895 animo
2268 862 2628 917 nequeamus,
2654 845 2705 898 ni
2742 845 2825 897 his
2866 842 3059 898 inferis
3092 841 3327 910 primum
3363 837 3588 902 relictis,
3630 837 3686 892 id
3729 846 3831 903 est,

596 922 887 977 dormitet:
931 938 1057 977 nam
1092 925 1552 991 dormitabundis,
1579 943 1678 981 ceu
1720 927 1869 995 ferae,
1914 931 2169 999 ingruunt
2269 944 2454 998 ραι-..ξε
2502 941 2783 1009 animique
2827 937 3172 997 libidinibus,
3223 944 3386 1005 atque
3426 934 3518 990 hic
3554 934 3681 989 νῖιω
3714 948 3835 1003 ρετ..

598 1010 752 1069 vitia.
778 1018 831 1063 et
862 1010 1105 1064 animum
1155 1020 1436 1080 prensant.
1477 1012 1743 1067 Caeterum
1770 1015 2012 1084 quandiu
2070 1032 2169 1086 pro
2268 1035 2397 1088 ditis
2428 1032 2821 1101 vojuplalibus,
2857 1045 3091 1099 quorum
3124 1026 3252 1097 ωε,
3280 1026 3499 1081 virtutis
3528 1036 3613 1081 εει
3645 1040 3835 1080 asse“-

598 1099 830 1151 statione
859 1101 1213 1164 excubemus,
1243 1117 1349 1154 non
1390 1102 1671 1170 praedatur
1705 1104 1869 1167 latro,
1898 1122 1999 1160 nec
2050 1122 2167 1161 ser-
2268 1141 2385 1181 sus.
2421 1099 2787 1191 ρυθιῇιοιπθιη
2822 1136 2975 1176 mens
3025 1119 3306 1173 februator
3349 1133 3380 1172 ει
3412 1117 3653 1173 sordidis
3686 1117 3837 1185 cogi-

596 1206 732 1257 pens
773 1191 933 1260 rapit.
985 1192 1349 1257 Quamobrem
1404 1194 1737 1264 vigilandum
1773 1205 1876 1262 est,
1933 1213 1997 1252 ac
2045 1213 2168 1267 qua:
2270 1219 2417 1279 mus,
2443 1217 2638 1271 ocums
2668 1215 2773 1269 ι-ίιο
2805 1211 3007 1267 intueri
3057 1209 3325 1275 ernditor,
3360 1209 3513 1263 auris
3550 1207 3837 1277 ﬂagitiosae

592 1281 704 1335 dixi
750 1284 1187 1352 contemplanda,
1241 1302 1417 1356 neque
1467 1303 1574 1341 non
1636 1305 1758 1358 quae
1808 1290 2098 1345 contrariis
2136 1305 2167 1345 e

2266 1307 2531 1363 auditioni
2556 1304 2849 1365 clauditur,
2892 1303 3075 1369 lingua
3106 1299 3270 1355 futire
3293 1308 3599 1362 mercetur,
3636 1313 3834 1351 manus

594 1375 873 1428 contrario
902 1375 1150 1429 condicta
1197 1379 1464 1446 supplicia
1520 1391 1668 1443 sunt,
1703 1381 1843 1451 ignis
1898 1381 2165 1435 inexstin-
2267 1397 2559 1455 τειτειιίιοιι
2590 1411 2620 1450 a
2654 1392 3072 1450 contrectandis
3116 1407 3239 1462 qua:
3271 1389 3496 1445 minime
3528 1389 3707 1450 decet,
3739 1404 3834 1457 pes

593 1478 735 1535 ctus,
766 1469 1003 1525 tenebrae
1034 1472 1269 1536 extimae,
1314 1475 1511 1527 vermis
1560 1474 1905 1536 immortalis.
1958 1485 2014 1530 et
2044 1490 2166 1545 qua:

2265 1488 2520 1560 dirigitor
2560 1488 2612 1541 in
2642 1485 2949 1542 concordiae
2992 1484 3257 1554 pacisque
3287 1482 3451 1544 viam,
3510 1492 3710 1536 cuncta
3765 1479 3831 1533 ad

593 1560 699 1614 alia
736 1570 885 1626 sunt,
917 1578 1027 1629 quo
1062 1563 1144 1617 his
1171 1564 1392 1633 implexi
1425 1581 1489 1620 ac
1514 1567 1732 1622 distenti
1761 1568 2033 1637 cogitatis,
2063 1569 2155 1623 ho-

2266 1580 2620 1635 ambitionem
2640 1577 3013 1632 Christianam
3068 1574 3314 1631 membra
3358 1572 3739 1633 instituuntur,
3770 1585 3836 1623 at:

594 1652 746 1710 stiles
793 1653 1018 1722 laqueos
1055 1655 1373 1719 evadamus,
1418 1659 1675 1727 nulloque
1723 1667 2006 1714 contracto
2056 1660 2163 1715 cri-
2265 1681 2660 1729 εοηεεοηιιιοι·
2710 1688 2722 1724 :
2776 1685 2903 1724 nam
2936 1668 3265 1723 ambitiosus
3319 1667 3405 1720 vel
3456 1666 3694 1721 maxime
3745 1675 3834 1723 est

592 1748 739 1799 ιηῖηθ
769 1746 893 1800 hinc
928 1745 1418 1814 βτοίθθιίνοωιθειθ
1482 1766 1709 1821 regnum
1760 1767 2165 1821 consequamur
2266 1763 2522 1819 Christus
2555 1762 2726 1817 animi
2759 1760 2909 1815 vitiis
2950 1760 3192 1829 purgati.
3229 1758 3442 1828 Quippe
3495 1759 3586 1815 hic
3617 1757 3834 1814 inferus

594 1852 688 1904 per
718 1835 997 1892 Christum
1032 1836 1214 1893 Jesum
1252 1840 1538 1895 Dominum
1569 1852 1848 1898 nostrum:
1879 1845 1966 1899 cui
1995 1846 2164 1915 gloria

2268 1864 2622 1926 prmstantem
2687 1868 2937 1923 corpore,
2972 1852 3096 1907 εωιί
3137 1850 3253 1906 Rex
3301 1849 3575 1921 Deusqne,
3623 1849 3831 1922 Spiritu

592 1935 647 1978 et
682 1925 966 1994 imperium
1006 1942 1129 1981 cum
1177 1929 1358 1995 Patre,
1409 1947 1473 1985 ac
1512 1942 1701 1987 sancto
1731 1932 1960 2002 Spiritu,
1996 1950 2163 1999 nunc,

2266 1925 2465 2003 scitum
2496 1946 2625 2017 legit
2653 1955 2707 2000 et
2741 1944 3111 2012 amplectitur,
3143 1943 3495 2013 quantumvis
3528 1942 3665 1997 facie
3695 1957 3833 2012 pan-

592 2029 644 2073 et
668 2033 903 2085 semper,
940 2018 994 2072 in
1028 2034 1359 2090 omnemque
1392 2024 1827 2092 perpetuitatem.
1862 2026 2059 2080 Amen.

2266 2054 2422 2105 nosa,
2453 2052 2682 2100 caecum,
2714 2051 3007 2098 esttecum,
3038 2034 3322 2101 claudum,
3357 2034 3592 2104 aliisque
3617 2036 3835 2089 eunetis

1153 2134 1385 2191 SERMO
1414 2138 1599 2194 XLIII.
2264 2131 2572 2200 praeditum,
2620 2144 2743 2198 qua:
2795 2128 2938 2183 foeda
2985 2126 3301 2181 hominibus
3348 2135 3633 2196 apparent.
3693 2124 3836 2179 Hinc

592 2219 955 2293 ln_sanctunt
1004 2225 1315 2293 Antonium,
1370 2241 1418 2282 et
1476 2240 1761 2293 martyrem
1816 2232 2161 2288 Tltaddamm.

2266 2221 2533 2292 ignobiles
2564 2220 2797 2283 nobiles,
2822 2218 3040 2289 inglorii
3062 2217 3307 2289 gloriosi,
3333 2216 3525 2287 inopes
3551 2217 3832 2287 opulenti;

658 2291 735 2345 De
758 2294 937 2382 divina
972 2291 1314 2365 liberalitate,
1361 2301 1568 2371 vitaque
1612 2291 1840 2356 ineunda
1876 2303 1971 2357 Dei
2024 2303 2165 2358 illice

2266 2291 2395 2370 hinc
2431 2314 2575 2369 beati
2624 2312 2860 2382 apostoli
2896 2327 2927 2366 e
2968 2310 3336 2381 piscatoribus
3381 2319 3648 2364 terrarum
3680 2310 3835 2363 orbis

660 2378 723 2414 ac
751 2362 1009 2430 formosa.
1302 2362 1310 2365 ⁷
1482 2362 1493 2371 ’

2264 2406 2584 2477 principes;
2635 2362 2763 2458 hrinc
2793 2410 3020 2457 sanctus
3063 2400 3360 2463 Antonius,
3397 2400 3491 2469 qui
3535 2399 3834 2453 illiteratus

655 2494 878 2551 Fratres
907 2498 1225 2569 Patresqne,
1250 2517 1467 2571 semper
1499 2505 1590 2559 Dei
1644 2508 1961 2564 liberalitate
1983 2509 2165 2565 fruen-
2266 2500 2425 2563 foret,
2458 2497 2633 2552 doctis
2664 2496 2911 2559 doctior;
2941 2494 3089 2559 hinc,
3124 2503 3185 2548 ut
3218 2493 3463 2548 afliniore
3494 2501 3621 2547 utar
3643 2507 3835 2547 exemo

591 2597 693 2653 tes,
737 2605 950 2660 semper
1007 2593 1056 2647 ei
1111 2610 1329 2665 quoque
1383 2612 1609 2668 agamus
1670 2604 1871 2672 gratias
1927 2616 2160 2675 oportet,
2266 2598 2389 2668 plo,
2441 2592 2747 2647 Thaddaeus
2794 2599 2980 2645 noster
3014 2604 3046 2644 e
3085 2587 3358 2660 Scythicis
3409 2585 3715 2649 natalibus,
3770 2601 3836 2641 ac

592 2691 774 2736 meme
802 2681 1027 2749 fervida,
1084 2695 1137 2741 et
1183 2701 1288 2755 qm!
1323 2704 1417 2757 par
1455 2701 1538 2745 est
1564 2694 1883 2758 acrimonia,
1923 2712 2033 2765 quo
2060 2712 2160 2752 an-
2267 2688 2554 2745 servitutis
2586 2686 2752 2755 jugo,
2800 2683 2877 2737 uti
2916 2682 3115 2746 nostis,
3165 2681 3233 2735 ad
3269 2679 3637 2734 confessionis
3674 2679 3836 2735 Chri-

588 2773 813 2827 ctiorem
838 2775 956 2845 ejus
984 2776 1414 2835 benevolentiam
1449 2785 1876 2851 paremus.V'ide
1907 2789 2051 2842 enim
2084 2789 2162 2843 sis
2265 2783 2459 2838 stiana:
2490 2779 2770 2849 fastigium
2802 2777 2998 2841 evasil.
3042 2775 3355 2844 mundoque
3398 2772 3575 2828 ίίὶυιυδ
3614 2774 3834 2843 εοηδβί·

587 2864 748 2933 quale
772 2864 877 2919 hoc
911 2882 1149 2936 praesens
1178 2870 1498 2928 beneﬁcium
1534 2884 1618 2931 est
1648 2892 1661 2928 :
1694 2892 1760 2931 an
1818 2894 1924 2933 non
1960 2879 2154 2949 Agare-
2263 2891 2399 2931 cuus
2430 2884 2534 2929 est.
2574 2874 2614 2925 Ο
2646 2870 2926 2924 infandam
2960 2867 3247 2923 clementis
3270 2866 3359 2920 Dei
3394 2866 3832 2921 humanitatem!

589 2969 783 3008 norum
816 2967 959 3010 metu
993 2960 1215 3015 sedibus
1250 2973 1522 3027 ext0rres,
1556 2968 1608 3021 in
1642 2985 1751 3038 quo
1793 2986 1981 3025 sumus
2010 2972 2161 3042 abje-
2262 2982 2428 3038 quam
2488 2964 2700 3019 facilem
2756 2963 2919 3018 nobis
2968 2962 3035 3016 ad
3085 2974 3145 3015 se
3195 2960 3501 3028 ingressum
3559 2959 3833 3029 praebuit!

587 3046 657 3098 cti
692 3046 831 3107 loco,
864 3049 1011 3102 velut
1035 3050 1086 3103 in
1123 3053 1439 3119 solitudine,
1474 3060 1639 3126 pavit,
1662 3060 1821 3128 idque
1852 3063 2161 3131 complures
2264 3056 2536 3128 siquidem
2576 3070 2685 3110 non
2742 3054 3039 3123 Ρθτάυοῑοτ
3087 3066 3227 3121 opus
3274 3062 3381 3114 θεῖν
3420 3067 3530 3105 ιιοη
3563 3052 3833 3121 pecuniast.

587 3136 728 3190 dies?
764 3156 832 3193 an
867 3157 972 3195 non
1004 3143 1091 3197 hic
1116 3146 1498 3203 instaurationi
1536 3150 1825 3206 fenestram
1869 3155 2158 3224 patefecit;
2192 3205 2229 3224 η
2265 3164 2373 3204 11011
2417 3150 2657 3202 humana
2694 3146 2803 3199 Ulla
2844 3144 3145 3206 lemefilas,
3175 3142 3270 3198 58d
3305 3142 3616 3198 adhibenda
3654 3144 3833 3198 801"!“

588 3227 678 3281 ubi
714 3230 856 3284 :edes
884 3243 1112 3302 augusta
1138 3276 1152 3299 ,
1179 3235 1457 3292 domicilia
1490 3252 1739 3301 venusta,
1787 3205 1950 3311 alqrue
1994 3244 2079 3297 hic
2128 3205 2158 3299 τί
2188 3205 2230 3262 C
2266 3242 2541 3305 voluntas,
2592 3238 2883 3308 omnisque
2909 3235 3161 3291 confecta
3212 3250 3302 3291 res
3332 3246 3450 3303 est;
3506 3250 3631 3291 nam
3664 3250 3837 3304 penes

585 3336 697 3391 quo
727 3337 921 3377 sumus
959 3328 1193 3395 excepti,
1233 3328 1565 3399 suffragatur
1604 3331 1817 3387 frater?
1856 3332 1921 3387 Ut
1975 3336 2026 3389 in
2057 3352 2158 3390 nos
2265 3334 2534 3404 quemvis,
2564 3333 2656 3401 qui
2682 3330 2901 3400 quidem
2928 3329 3079 3393 velit,
3109 3329 3313 3385 bonum
3339 3340 3422 3384 est
3443 3345 3547 3399 qua
3578 3343 3835 3397 parvum,

586 3418 777 3485 ingens
831 3416 1118 3473 clementis
1170 3419 1261 3475 Dei
1313 3425 1629 3490 procuratio
1668 3426 1771 3480 sit:
1837 3444 1960 3480 nam
2027 3430 2157 3498 quid
2265 3442 2372 3496 qua
2409 3440 2691 3494 magnum,
2734 3439 2843 3494 qua
2886 3422 3130 3486 doctum,
3172 3437 3279 3493 qua
3307 3422 3604 3481 indoctum,
3636 3436 3835 3490 quem-

586 3506 702 3561 fieri
728 3510 990 3578 oportuit,
1018 3526 1192 3581 neque
1222 3510 1426 3567 factum
1455 3517 1584 3570 est?
1614 3516 1727 3571 Sub
1760 3519 1938 3587 fugam
1969 3537 2154 3591 panes,
2265 3517 2558 3571 admodum
2615 3524 2669 3569 et
2725 3529 2890 3584 penes
2951 3529 3178 3569 cernere
3218 3514 3489 3567 volentem
3535 3512 3653 3566 sole
3699 3512 3834 3566 frui.

586 3599 732 3661 vina,
790 3600 985 3669 pisces,
1026 3611 1221 3657 cmtera
1287 3608 1598 3662 necessaria
1640 3608 1901 3678 profudit,
1944 3628 2007 3667 ac
2038 3614 2156 3682 plus
2264 3604 2406 3674 Ergo
2436 3605 2519 3659 vis
2566 3603 2619 3658 in
2653 3604 2811 3660 ccclis
2856 3603 3160 3675 praestare?
3195 3602 3377 3672 arripe
3414 3601 3502 3655 hic
3532 3615 3831 3656 estremas.

587 3692 913 3747 necessariis
936 3694 1121 3759 etiam,
1156 3705 1214 3749 ut
1241 3698 1449 3767 stupori
1478 3713 1723 3755 essemus
1760 3705 2152 3772 speetantibus.
2267 3696 2361 3752 Vis
2396 3697 2490 3753 Dei
2534 3698 2682 3753 ﬁlius
2727 3699 2910 3753 Vocati
2935 3699 2957 3751 ’ἰ
2986 3699 3230 3751 θηίῐηυω
3264 3711 3295 3750 ³
3327 3696 3478 3750 Villis
3509 3696 3832 3765 tranquilla-

586 3777 690 3832 l’ro
727 3780 925 3848 quibus
990 3782 1150 3837 nauci
1190 3785 1424 3854 quisque
1485 3798 1729 3842 nostrum
1774 3805 1882 3845 non
1928 3792 2156 3852 damnas
2266 3790 2360 3846 Vis
2395 3789 2489 3844 Dei
2518 3790 2693 3845 oculis
2739 3790 3086 3844 collustrari?
3134 3804 3289 3845 serva
3324 3788 3620 3859 justitiam.
3654 3790 3835 3843 Caste-

585 3872 747 3926 modo
774 3882 857 3926 est
899 3889 1064 3944 agere
1099 3885 1299 3944 grates,
1330 3878 1421 3931 sed
1452 3879 1690 3934 animam
1716 3898 1935 3955 quoque
1973 3887 2024 3939 in
2058 3904 2154 3942 ne-
2265 3900 2383 3938 rum
2432 3883 2497 3938 ad
2531 3884 2646 3938 hmc
2690 3884 2813 3953 quis
2855 3882 3129 3938 idoneus?
3161 3882 3335 3949 Quis?
3371 3883 3561 3954 pernix
3592 3883 3835 3953 arripere

583 3979 700 4018 cem
738 3966 1200 4038 dederezitaque,
1223 3969 1503 4036 cohortor,
1541 3974 1806 4029 acriorem
1849 3977 1965 4046 ejus
2002 3993 2155 4032 amo-
2262 3976 2635 4045 disciplinam,
2687 3974 2911 4046 exsequi
2960 3974 3257 4045 justitiam,
3319 3990 3451 4047 Opes
3501 3991 3701 4046 cogere
3746 3975 3834 4030 di-

583 4071 697 4109 rem
762 4055 1187 4124 inﬂammemus,
1242 4062 1338 4115 toti
1380 4078 1501 4117 cum
1566 4080 1631 4119 eo
1693 4070 2150 4135 coluerescamus,
2264 4068 2439 4123 vinas.
2486 4066 2591 4122 Sed
2642 4067 2725 4123 fas
2769 4068 2842 4121 sit
2870 4075 2923 4121 et
2968 4068 3148 4134 nobis,
3195 4068 3312 4138 pari
3347 4068 3529 4123 studio
3574 4068 3832 4124 vitalibus

582 4144 752 4199 vicem
786 4147 1160 4213 gratissimam
1192 4150 1637 4222 reddamus(ll).
1664 4151 2154 4219 Quamnamivitte
2262 4162 2426 4217 obitis
2493 4162 2813 4231 prmceptis,
2877 4161 3101 4219 caeleste
3156 4177 3385 4233 regnum
3437 4178 3565 4217 cum
3626 4164 3834 4219 sanctis

586 4237 675 4290 hie
704 4238 1014 4292 institutum
1054 4254 1274 4309 quoque
1299 4244 1609 4298 venerando
1635 4246 1755 4314 ejus
1788 4248 1993 4302 nomini
2040 4249 2151 4319 glo-
2262 4252 2521 4307 omnibus
2572 4252 2714 4308 inire
2744 4268 2840 4323 per
2866 4253 3146 4309 Christum
3170 4252 3357 4308 Jesum
3403 4254 3698 4309 Dominum
3735 4272 3834 4309 no-

583 4324 791 4377 riosum
839 4335 894 4380 et
925 4324 1157 4391 illustre,
1216 4329 1319 4383 hoc
1358 4330 1766 4398 comprobanda
1808 4332 2017 4388 cﬂ‘ato:
2066 4334 2154 4391 Sic
2262 4354 2435 4401 suum
2490 4363 2503 4399 ε
2554 4345 2641 4399 cui
2692 4345 2860 4414 gloria
2898 4356 2951 4400 et
3002 4346 3290 4415 imperium
3346 4361 3471 4400 cum
3525 4347 3710 4410 Patre.
3768 4362 3832 4400 ac

582 4413 753 4468 luceat
785 4416 879 4469 tua:
909 4428 1083 4471 vestra
1106 4436 1286 4472 coram
1322 4421 1644 4487 hominibus,
1676 4426 1961 4481 utvitleant
1997 4444 2156 4495 opera
2262 4448 2451 4492 sancto
2509 4413 2736 4507 Spiritu,
2790 4453 2957 4503 nunc,
3020 4413 3093 4493 et—
3126 4452 3341 4509 semper
3385 4437 3441 4492 in
3498 4453 3831 4510 omnemque

582 4515 753 4559 restra
793 4506 948 4571 bona,
986 4518 1035 4561 et
1081 4509 1379 4578 gloriﬁcent
1415 4511 1633 4567 Patrem
1684 4524 1932 4582 vestrum,
1966 4518 2059 4587 qui
2099 4519 2153 4571 in
2188 4563 2229 4616 υ
2261 4506 2679 4600 perpetuitatem
2754 4530 2948 4588 Amen,

582 4598 906 4699 cmlisest‘l’.
1342 4696 1376 4699 υ
2188 4598 2273 4616 νὴ
2360 4598 2373 4600 ⁷
2808 4642 3041 4699 διςιιιιο
3081 4642 3265 4698 xuv.

651 4691 792 4756 Qui"
842 4693 1090 4763 ΑΡοδιοιί
1147 4696 1262 4751 11ωο
1309 4696 1505 4752 alicubi
1556 4709 1638 4754 est
1697 4701 1970 4755 sententia
2005 4718 2020 4757 ε
2053 4700 2157 4756 Deo
2460 4759 2471 4769 θ
2561 4759 2572 4769 .
2809 4691 3033 4699 τ---υη

651 4782 783 4828 alias
814 4784 904 4828 (mi
932 4799 1135 4828 smunpr
1159 4785 1449 4828 trinmnhnt
1484 4804 1578 4828 nm
1612 4789 1665 4828 in
1696 4788 1915 4828 ΙἺΙηοειιη
1953 4798 2000 4828 οι
2031 4790 2157 4828 nam
2260 4754 2341 4810 ΝΘ
2382 4758 2506 4827 quid
2553 4775 2606 4812 ιη
2649 4759 2840 4827 fratres
2892 4776 2984 4827 per
3034 4760 3267 4828 favorem
3316 4767 3558 4822 obeatttr,
3617 4771 3712 4814 aut
3763 4764 3827 4813 ab

579 4782 783 4850 αναιίαε
804 4784 904 4899 re."
1159 4785 1449 4899 "irrita;
1611 4789 1665 4841 ίη
2024 4790 2157 4899 ξλαυ-
2260 4782 2612 4892 "signa:
2644 4782 3558 4899 ιῑῖειεςῖιοιῑναιιῖσῖξηιςσςῖτεαςτιξε
3602 4782 3824 4895 zzz-:3”;

586 4890 697 4926 rem
728 4876 931 4929 notitite
968 4892 1079 4929 sua:
1123 4879 1435 4947 manifestat
1475 4896 1568 4947 per
1613 4898 1707 4934 nos
1761 4882 1817 4933 in
1848 4883 1988 4935 omni
2018 4882 2153 4947 loco,
2328 4876 2731 4952 ggg"j.g,,'g,.;,;
2774 4876 3123 4965 3"""1,,'u-E¢","
3153 4876 3525 4970 ('1',',0""8},;,p'uf
3576 4876 3829 4956 εᾶὶιάεως.

577 4967 703 5033 quia
746 4965 951 5021 Clu-isti
1005 4968 1171 5021 bonus
1211 4972 1345 5021 odor
1394 4988 1581 5024 sumus
1632 4970 1735 5025 Deo
1780 4975 1847 5027 iis
1878 4977 1967 5043 qui
2018 4974 2153 5028 salvi
2326 4967 2489 5022 Βραδ-

577 5056 736 5122 ﬁunt.
789 5067 839 5109 et
882 5058 937 5109 iu
967 5058 1032 5111 iis
1069 5058 1159 5127 qui
1208 5062 1513 5127 pereunt".
1571 5061 1762 5117 Viden’
1803 5073 1861 5117 ut
1896 5063 1987 5118 Dei
2042 5064 2152 5118 fra-
2322 5059 2543 5117 Fratres
2587 5061 2904 5134 l’atresque,
2948 5064 3133 5119 forsan
3174 5065 3525 5119 eontristavit
3564 5082 3665 5122 vos
3729 5082 3825 5122 su-

577 5147 789 5215 grantia
848 5148 921 5202 sit
976 5150 1177 5205 virtute
1228 5154 1507 5221 praeditus,
1560 5155 1871 5226 ubicunque
1906 5157 2150 5211 locorum
2250 5153 2433 5222 perior
2478 5157 2807 5221 catechesis,
2850 5174 2957 5227 qua
2988 5159 3225 5228 proscidi
3262 5158 3603 5227 frequentes.
3639 5162 3826 5226 Quan-

585 5235 881 5287 versetur?
931 5250 1105 5305 neque
1136 5241 1281 5293 enim
1315 5240 1397 5295 fas
1437 5251 1521 5295 est
1562 5244 1817 5299 virtutem
1862 5248 1987 5315 tegi,
2019 5248 2152 5317 quin
2250 5262 2410 5315 quam
2467 5248 2519 5302 id
2574 5249 2791 5317 expedit
2825 5266 3066 5320 quoque,
3121 5265 3245 5303 nam
3288 5251 3596 5305 secundum
3650 5252 3824 5307 Deum

576 5339 696 5376 eam
741 5336 1092 5382 consectatus
1128 5331 1333 5399 passim
1388 5332 1718 5399 innotescat,
1769 5337 2148 5406 scriptumque
2251 5340 2472 5393 tristitia
2505 5342 2762 5411 gaudium
2814 5343 3063 5407 molitur,
3098 5352 3152 5397 et
3192 5342 3454 5397 benevola
3506 5344 3827 5402 verberatio

578 5426 662 5471 est
698 5437 709 5470 :
746 5418 869 5473 Non
898 5429 1067 5488 potest
1100 5423 1285 5476 civitas
1312 5424 1564 5477 abscondi
1603 5442 1766 5495 supra
1796 5439 2023 5482 titantem
2051 5444 2145 5496 ρος
2262 5442 2479 5486 revocat
2510 5433 2575 5486 ad
2625 5433 2879 5495 cilicium,
2931 5444 3096 5503 atque
3149 5435 3255 5489 hoc
3286 5435 3525 5506 denique
3572 5438 3822 5505 Apostoli

576 5510 681 5563 sita
702 5510 770 5565 ".
829 5509 973 5582 Ergo
1024 5513 1219 5569 civitas
1263 5525 1346 5569 est
1400 5518 1651 5585 animus,
1708 5534 1867 5575 mons
1926 5520 2138 5575 culmen
2256 5521 2460 5575 dictum
2494 5524 2791 5592 probatur,
2835 5527 2936 5580 Per
2979 5544 3129 5580 arma
3163 5527 3395 5596 justitia:
3448 5547 3480 5582 a
3530 5530 3739 5585 dextris
3779 5542 3824 5584 et

649 5668 691 5698 ”
717 5668 855 5721 Psal.
890 5683 1013 5735 va,
1047 5669 1096 5724 7.
1174 5671 1218 5709 ³ο
1257 5670 1445 5725 Matth.
1519 5688 1552 5724 v
1614 5672 1699 5727 16.
1778 5674 1822 5705 ’θ
1860 5672 1902 5728 ll
1948 5673 2073 5729 Cor.
2108 5690 2166 5740 ιι,
2208 5675 2229 5728 1

1277 5670 1445 5725 Ilattb.
1519 5688 1552 5724 v
1614 5672 1699 5727 16.
1778 5674 1822 5705 ’θ
1860 5672 1902 5728 ll
1948 5673 2073 5729 Cor.
2108 5690 2166 5740 ιι,
2208 5675 2290 5728 ll.
2371 5678 2411 5707 ⁹¹
2456 5677 2641 5732 Matth.
2688 5697 2738 5745 ν,
2776 5681 2857 5735 li.

648 5833 758 5903 (ιι)
783 5828 912 5883 Tale
938 5830 1140 5899 aliquid
1174 5831 1324 5888 deest
1352 5833 1403 5887 in
1435 5833 1643 5889 (ἑτερο.
