4000 6306
166 333 271 394 569

171 537 458 605 infamiam
535 546 585 588 et
657 535 849 587 bonam
913 535 1203 602 famam",
1284 535 1533 603 utrisque
1607 536 1749 588 enim

172 628 442 697 regimur,
478 641 546 680 ac
578 627 688 695 pati
739 634 968 695 utraque
1019 641 1243 680 necesse
1288 637 1390 688 est.
1441 641 1617 694 neque
1659 633 1754 678 aut

175 717 356 787 frangi
420 717 726 782 laudibus,
801 726 892 770 aut
951 719 1374 786 reprehensione
1437 717 1748 772 concidere.

178 808 476 862 Enimvero
541 823 767 862 rursum
829 821 914 862 me
972 809 1036 861 ad
1106 811 1358 862 eumdem
1439 823 1748 863 sermonem

177 899 430 954 confero.
488 899 633 964 Quid
676 903 780 953 hoc
833 900 1086 954 scilicet?
1125 912 1379 970 oportere
1429 901 1752 954 ministran-

179 999 310 1053 tem,
347 1004 510 1058 atque
545 1004 611 1043 ac
650 989 739 1042 cui
795 989 1155 1054 ministretur,
1202 990 1495 1044 sollicitum
1530 1005 1652 1045 esse
1697 991 1750 1043 in

183 1080 496 1135 ministerio
535 1080 931 1148 (teconomum,
980 1081 1226 1149 inquam,
1259 1081 1546 1146 vicarium,
1585 1081 1752 1134 cella-

183 1174 367 1235 rium,
419 1172 848 1238 obsonatorem,
905 1182 1269 1234 structorem,
1317 1182 1373 1226 et
1416 1175 1508 1242 qui
1555 1173 1645 1226 alii
1698 1172 1751 1225 in

183 1265 496 1319 ministerio
548 1264 712 1334 positi
769 1264 934 1334 sunt)
989 1280 1055 1318 ne
1122 1266 1222 1317 sub
1284 1265 1403 1334 ejus
1468 1264 1754 1318 sententia:

178 1357 622 1412 exsecrationem
669 1356 879 1411 cadat:
929 1355 1240 1409 Haledictus
1292 1357 1380 1425 qui
1420 1357 1549 1424 facit
1594 1372 1753 1424 opera

185 1449 402 1502 Domini
422 1449 743 1517 negligenter
759 1449 825 1511 ”,
865 1449 997 1516 quin
1029 1448 1209 1516 potius
1243 1449 1379 1502 hanc
1413 1448 1751 1503 Dominicam

180 1540 712 1594 commendationem
743 1550 1014 1594 mereatur
1041 1558 1054 1592 :
1097 1539 1248 1604 Quis,
1280 1550 1455 1608 putas,
1487 1552 1559 1594 est
1581 1541 1750 1610 ﬁdelis

180 1649 380 1695 servus,
428 1641 478 1684 et
517 1633 768 1698 prudens,
815 1647 966 1699 quem
1005 1633 1274 1684 constituit
1322 1632 1565 1686 dominus
1600 1647 1756 1700 super

180 1725 446 1792 familiam
472 1740 646 1786 suam,
668 1732 724 1775 ut
743 1724 826 1775 det
854 1723 956 1776 illis
979 1723 1150 1776 cibum
1180 1726 1234 1776 in
1276 1726 1538 1793 tempore?
1577 1725 1754 1778 beatus

1336 333 1736 393 SERMONES
1763 332 2254 394 CATECHETICI
2265 380 2278 394 .

169 464 201 498 a
253 444 540 506 sinistris,
599 448 698 511 per'
750 443 974 514 gloriam
1045 454 1094 498 et
1181 445 1603 513 ignobilitatem,
1667 447 1835 511 perA

3320 334 3425 396 570

2421 442 2654 496 SERMO
2695 441 2854 496 XLV.

1860 555 2114 609 Fratrum
2158 555 2596 608 tumultuatorum
2643 554 2992 619 reprehensio,
3038 569 3100 605 ac
3143 553 3423 607 monitoria

2322 626 2384 677 de
2414 625 2668 676 modestia
2692 624 2955 676 doctrina.

1931 719 2146 773 Fratres
2202 719 2518 787 Patresque,
2547 717 2768 785 paulum
2812 730 2840 768 a
2868 715 3020 768 vobis
3055 715 3380 785 pcregrinati
3403 755 3420 777 ,

1857 823 1910 865 et
1962 813 2154 864 iterum
2211 811 2433 871 reversi,
2483 809 2842 862 tumultuatos
2889 805 3214 860 offendimus
3256 807 3417 870 (nam

1859 910 2075 972 oportet
2121 909 2176 955 et
2211 901 2264 955 in
2305 901 2580 968 publicum
2621 899 2921 968 patefieri),
2963 907 3220 967 tantaque
3269 897 3422 952 inso-

1861 991 2060 1054 lentia,
2108 997 2168 1043 ut
2218 988 2437 1058 quidam
2484 1004 2681 1043 manus
2733 988 3118 1052 extenderint,
3171 1002 3239 1042 ac
3288 989 3423 1042 alter

1859 1084 2085 1137 alterum
2117 1083 2373 1135 atrociter
2403 1081 2820 1151 prehensarint,
2862 1095 2964 1135 nec
3007 1081 3141 1134 citra
3188 1081 3324 1135 iram
3369 1091 3423 1136 ct

1859 1175 2172 1229 clamorem.

1932 1265 2219 1318 Enimvero
2259 1263 2326 1318 de
2356 1264 2528 1318 altero
2555 1263 2740 1317 minus
2762 1273 2846 1318 est
2888 1264 3178 1326 novitium,
3220 1262 3425 1331 quippe

1860 1357 2022 1419 laico,
2077 1371 2141 1409 ac
2189 1354 2429 1409 nondum
2483 1355 2535 1408 in
2589 1355 2728 1410 hanc
2777 1355 3051 1409 civitatem
3099 1369 3300 1417 censo;
3357 1354 3424 1407 de

1861 1452 2031 1504 altero
2064 1449 2338 1518 impendio
2361 1448 2581 1509 mirum,
2624 1447 2974 1510 monachum,
3005 1445 3212 1498 mundo
3241 1444 3426 1499 cruci—

1864 1545 2053 1608 fixum,
2104 1556 2268 1595 carne
2316 1540 2605 1609 praeditum
2652 1538 2811 1608 quasi
2859 1537 3188 1606 quibusdam
3255 1536 3425 1591 clavis

1862 1636 2077 1699 sullixa,
2128 1635 2178 1687 id
2223 1633 2484 1701 flagitium
2522 1632 2740 1687 fecisse.
2779 1631 2978 1701 Ergon‘
3006 1640 3078 1692 te,
3128 1631 3320 1694 frater,
3357 1631 3426 1684 de

1861 1741 2023 1781 cruce
2075 1739 2197 1778 esse
2242 1721 2593 1791 degressum?
2641 1719 2826 1789 ergon’
2891 1717 3062 1772 clavis
3115 1717 3422 1771 exsolutum

181 1817 268 1870 ille
295 1833 500 1880 servus,
537 1832 713 1885 quem,
761 1831 877 1867 cum
908 1817 1098 1868 venerit
1145 1814 1393 1870 dominus
1433 1817 1581 1884 ejus,
1613 1818 1756 1869 inve-
1787 1794 1830 1853 Β
1855 1818 2082 1873 .ludaice
2126 1816 2348 1869 Christo
2396 1827 2589 1866 manus
2636 1809 2928 1865 intulisse?
2961 1824 3109 1874 nam,
3146 1808 3246 1871 Qui
3277 1808 3422 1876 fecit,

182 1908 313 1960 nerit
340 1909 421 1960 sic
463 1907 774 1976 facientem,
805 1922 956 1958 amen
989 1907 1107 1959 dico
1138 1908 1279 1960 vobis
1315 1909 1563 1976 quoniam
1600 1923 1758 1975 super

180 2000 358 2052 omnia
413 2000 547 2052 bona
601 2015 701 2051 sua
753 1999 1032 2050 constituet
1068 2014 1187 2051 eum
1207 2001 1275 2052 “.
1332 1997 1522 2052 Viden’
1570 2013 1752 2066 quem,

181 2101 560 2160 quantumque
607 2091 873 2144 honorem
919 2090 1122 2143 tribuat
1174 2090 1342 2159 probe
1388 2092 1758 2146 ministranti?

185 2184 352 2252 igitur
390 2193 445 2237 et
475 2184 715 2253 maligne
747 2182 1080 2237 ministranti
1113 2183 1459 2236 contrarium
1488 2184 1755 2253 judicium

184 2277 470 2347 irrogabit.
503 2275 634 2328 Eam
667 2275 739 2329 ob
771 2291 884 2329 rem
927 2290 1022 2329 vos
1055 2277 1330 2338 cohortor,
1362 2274 1581 2341 fratres,
1610 2276 1756 2345 quod

184 2367 385 2434 cuique
413 2365 654 2420 oﬂicium
691 2365 960 2419 creditum
998 2374 1101 2426 est,
1131 2365 1340 2435 integre
1372 2374 1571 2428 tuetor,
1614 2368 1756 2420 unde

184 2469 236 2512 et
285 2459 633 2512 concelebret
691 2457 900 2520 Deum,
964 2466 1017 2511 et
1076 2457 1305 2511 salutem
1363 2458 1468 2512 sibi
1523 2469 1754 2527 quaerat.

185 2549 535 2604 (Economns
591 2564 715 2617 qua:
764 2563 963 2617 corpus
1013 2549 1254 2617 postulat
1299 2549 1542 2613 tribuito,
1593 2565 1752 2603 suum

184 2641 380 2709 cuique
411 2640 759 2708 impertiens,
815 2654 920 2692 non
976 2638 1186 2692 delectu
1239 2653 1303 2692 ac
1362 2655 1458 2708 per
1511 2637 1754 2692 favorem

186 2732 310 2798 quid
372 2747 578 2800 agens.
637 2731 733 2784 sed
787 2729 1046 2784 benevole
1122 2737 1176 2783 et
1242 2732 1438 2784 amice.
1494 2731 1758 2786 Cellarius

187 2822 364 2876 videto
398 2832 454 2874 ut
485 2821 646 2876 cibos
679 2821 732 2873 in
767 2819 997 2874 fratrum
1027 2835 1317 2875 commune
1347 2829 1500 2890 paret
1545 2822 1757 2876 sincero

186 2910 610 2965 iustaurationis
667 2924 856 2964 eorum
905 2909 1198 2973 desiderio,
1248 2926 1353 2964 neu
1401 2913 1529 2978 quid
1573 2914 1758 2980 negle-

185 3013 326 3055 rtum
376 3002 617 3062 habeat,
667 3011 760 3053 aut
813 3010 1130 3067 corruptum
1176 3000 1228 3051 in
1281 2999 1518 3053 cellario.
1583 2999 1757 3054 Obso-

1855 1909 2065 1978 inquit,
2117 1907 2208 1959 uni
2250 1921 2315 1958 ex
2357 1905 2438 1957 Itis
2487 1903 2746 1971 fratribus
2795 1902 2923 1954 meis
2965 1899 3237 1962 minimis,
3295 1896 3424 1949 milii

1857 2003 1978 2072 fecit
2003 2002 2070 2055 ⁹⁸.
2106 1999 2220 2053 Non
2258 2006 2310 2052 te
2339 1997 2454 2050 hac
2491 2003 2749 2049 testatum
2785 1991 3096 2046 timuisset?
3138 1987 3256 2043 Non
3299 2003 3423 2057 spc-

1855 2105 2090 2149 ctatores
2133 2090 2331 2144 fratres
2379 2097 2433 2142 et
2473 2085 2714 2154 hospites
2762 2081 3065 2152 refugisse?
3105 2079 3192 2134 Sic
3227 2079 3422 2144 luceat,

1858 2188 1952 2250 ait,
1989 2186 2081 2236 lux
2124 2194 2297 2238 vestra
2340 2195 2521 2234 coram
2557 2175 2875 2238 hominibus,
2920 2184 2978 2226 ut
3018 2173 3228 2226 videant
3266 2187 3424 2240 opera

1856 2285 2023 2330 vestra
2064 2275 2219 2336 bona,
2249 2281 2298 2325 et
2342 2271 2632 2340 gloriﬁcent
2674 2267 2891 2320 Patrem
2939 2274 3193 2326 vestrum,
3248 2264 3425 2332 quiin

1855 2369 1999 2424 caelis
2030 2378 2104 2421 est
2129 2367 2195 2419 ’°.
2225 2363 2307 2418 Tu
2348 2364 2394 2417 ei
2439 2369 2631 2415 contra
2663 2362 2766 2413 hoc
2801 2367 2895 2412 tuo
2935 2357 3140 2411 scelere
3174 2355 3424 2408 tenebras

1856 2460 2115 2524 etIudisti,
2163 2468 2225 2512 ut
2259 2472 2355 2526 per
2390 2463 2440 2509 te
2474 2454 2563 2508 Dei
2603 2467 2800 2508 nomen
2841 2447 3188 2505 contumeliis
3217 2447 3422 2501 lacera-

1858 2563 1970 2607 tum
1997 2555 2088 2606 sit.

1927 2643 2038 2698 Heu
2071 2657 2156 2696 me
2192 2649 2406 2696 sontem
2433 2640 2447 2693 ι
2489 2637 2556 2694 ad
2582 2635 2724 2706 quod
2755 2635 2880 2688 vita:
2913 2633 3190 2702 fastigium
3223 2627 3425 2692 vocati,

1858 2751 1966 2805 quo
2015 2734 2421 2794 descendimus,
2473 2730 2587 2799 pari
2637 2727 2955 2796 indignitate
3001 2723 3216 2778 vitiosis
3269 2721 3424 2775 laicis

1859 2827 2152 2894 suscepta!
2205 2823 2419 2877 Etenim
2490 2821 2636 2889 quod
2703 2819 2794 2872 ille
2869 2831 3108 2887 pugnam
3167 2813 3420 2882 occepit,

1859 2920 2051 2989 inquit.
2080 2918 2228 2971 Itane
2253 2930 2358 2968 non
2383 2913 2606 2968 audiisti
2634 2912 2827 2966 herum
2854 2910 3108 2963 ministro
3133 2907 3422 2966 dicentem,

1858 3013 1949 3081 qui
2003 3025 2242 3080 pugnum
2298 3006 2648 3076 ingessisset,
2698 3003 2760 3058 Si
2807 3002 2945 3054 male
2994 3001 3200 3054 locutus
3258 3013 3374 3051 sum
3407 3033 3423 3059 ,

188 3104 342 3147 nalor
367 3091 771 3147 conscientiam
801 3100 1015 3145 servato
1039 3091 1092 3143 in
1115 3091 1259 3160 jure,
1279 3107 1341 3144 ac
1369 3091 1752 3157 condimentis,

1865 3103 2221 3158 testimonium
2265 3099 2474 3166 perhibe
2523 3099 2586 3150 de
2625 3095 2764 3147 malo
2790 3109 2808 3146 :
2849 3095 2893 3146 si
2925 3102 3101 3145 autem
3128 3090 3269 3152 bene,
3299 3088 3424 3158 quid

186 3196 242 3239 ut
283 3185 525 3239 ofﬁcium
576 3186 642 3238 ad
687 3183 858 3236 Deum
914 3182 1178 3238 referens.
1219 3183 1471 3237 Struetor
1509 3199 1752 3238 mensam

187 3279 398 3348 tergito,
438 3285 494 3331 et
532 3276 905 3330 ministrarios
952 3290 1171 3340 urceos,
1208 3275 1470 3329 fratribus
1511 3291 1608 3329 ceu
1649 3275 1756 3328 Deo

188 3369 534 3422 ministrans.
568 3367 649 3420 Ad
683 3365 934 3418 etundem
965 3364 1183 3417 modum
1210 3365 1302 3418 alii
1333 3365 1457 3418 aliis
1490 3364 1755 3417 obeundis

185 3460 525 3514 ministeriis.
565 3457 752 3525 Neque
783 3457 896 3511 haec
922 3457 1066 3520 dico,
1090 3466 1148 3510 ut
1177 3457 1377 3526 quibus
1409 3457 1752 3509 ministratur

185 3553 434 3620 instigem
502 3551 556 3603 in
600 3550 936 3603 ministros:
972 3550 1101 3618 quin
1151 3559 1228 3609 ut,
1282 3549 1333 3602 in
1368 3564 1479 3618 quo
1526 3549 1757 3618 quisque

183 3654 256 3699 est
287 3652 544 3706 vocatus,
597 3641 780 3696 officio
831 3641 1155 3703 satisfaciat,
1207 3639 1374 3695 Deum
1421 3651 1754 3709 respectans,

185 3750 210 3788 a
243 3751 350 3804 quo
387 3733 700 3788 mercedem
736 3733 1103 3801 praestoletur.
1140 3733 1221 3784 An
1254 3746 1364 3785 non
1395 3741 1449 3784 et
1479 3731 1636 3784 nauci
1671 3731 1759 3784 hic

184 3842 279 3897 ego
305 3826 761 3896 procurationem
789 3841 909 3878 smn
938 3825 1185 3888 sortitus,
1222 3839 1286 3878 ac
1311 3823 1399 3892 pol
1423 3822 1758 3876 maximam?

186 3918 327 3988 Ergo
362 3926 426 3972 ut
476 3932 563 3970 me
607 3915 868 3971 convenit
901 3931 998 3985 pro
1043 3916 1242 3970 animis
1275 3917 1474 3970 vestris
1523 3914 1760 3970 sollicite

186 4010 503 4080 vigilantem
537 4021 990 4074 unumquemque
1031 4015 1086 4059 et
1127 4006 1404 4075 privatim.
1445 4014 1501 4060 et
1545 4006 1760 4074 puhlice

188 4101 427 4163 hortari,
463 4099 668 4169 Deique
721 4099 850 4168 jus,
901 4107 956 4153 et
1003 4114 1250 4167 acquum,
1302 4113 1366 4152 ac
1419 4097 1757 4165 ingruentem

187 4206 508 4248 mucronem
562 4190 931 4259 promulgare,
989 4191 1060 4244 ita
1118 4199 1360 4244 vestrum
1417 4188 1489 4242 sit
1543 4201 1761 4257 quoque

189 4283 494 4338 ministeria
519 4281 787 4352 impigros
805 4281 977 4336 obire.
1001 4285 1068 4335 At
1096 4281 1309 4346 fiamus,
1341 4281 1561 4343 fratres,
1586 4280 1760 4348 magis

191 4377 475 4448 magisque
503 4390 672 4429 unum
702 4389 926 4442 corpus,
961 4390 1179 4444 unaque
1208 4390 1388 4435 mens,
1419 4383 1480 4426 ut
1507 4373 1560 4426 in
1595 4387 1758 4425 unam

1863 3214 1941 3250 me
1975 3192 2233 3249 aedis"?
2263 3201 2315 3246 et
2343 3192 2395 3244 in
2437 3188 2677 3259 patibulo
2699 3202 2914 3242 rursum
2950 3203 2962 3238 :
3004 3183 3188 3248 Pater,
3220 3181 3427 3233 dimitte

1860 3290 1966 3343 illis
2017 3297 2286 3354 peccatum
2331 3300 2348 3337 :
2401 3300 2504 3336 non
2559 3283 2696 3335 enim
2727 3282 2896 3333 sciunt
2948 3277 3075 3346 quid
3133 3273 3422 3344 faciunt”.

1861 3382 1980 3447 Quo
2027 3378 2275 3446 exemplo
2323 3375 2559 3430 debebas
2606 3382 2659 3427 et
2705 3371 3011 3441 opprobriis
3069 3367 3270 3436 petitus
3317 3363 3429 3418 col-

1862 3475 2104 3534 laudare,
2141 3480 2192 3524 et
2229 3469 2473 3537 pulsatus
2514 3465 2816 3535 deprecari,
2863 3471 2916 3516 et
2964 3469 3194 3514 vexatus
3228 3467 3425 3512 contu-

1862 3563 2021 3616 melia
2068 3558 2300 3614 blandiri
2346 3575 2358 3610 :
2411 3566 2466 3609 at
2516 3565 2572 3609 tu
2621 3554 2824 3608 bonum
2877 3551 3102 3604 minime
3151 3549 3424 3608 imitatus,

1863 3654 2064 3708 videsis
2095 3651 2252 3720 cujus
2279 3648 2505 3704 effectus
2532 3661 2592 3700 es
2638 3645 3018 3699 simulacrum.
3065 3641 3312 3696 Haaccine
3342 3646 3428 3692 est

1863 3746 2214 3802 catecheseon
2272 3737 2657 3809 praemunitio?
2718 3737 2823 3790 hoc
2885 3732 3126 3802 Apostoli
3191 3730 3424 3792 scitum,

1863 3848 1914 3894 et
1943 3837 2180 3892 edictum
2213 3852 2226 3887 :
2258 3833 2440 3888 Omnis
2465 3829 2791 3889 amaritudo,
2820 3835 2870 3880 et
2896 3827 2997 3888 ira,
3029 3835 3075 3878 et
3106 3822 3422 3890 indignatio,

1863 3939 1910 3983 et
1930 3929 2152 3990 clamor,
2191 3934 2239 3978 et
2275 3921 2598 3991 blasphemia
2639 3919 2860 3971 tollatur
2884 3934 2915 3969 a
2945 3916 3110 3973 vobis,
3140 3929 3259 3966 cum
3284 3910 3426 3962 omni

1865 4021 2075 4076 malitia
2099 4020 2166 4082 ",
2216 4025 2360 4072 utet
2418 4028 2614 4067 manus
2675 4009 3060 4070 consereretis,
3127 4013 3182 4060 et
3247 4003 3427 4057 crines

1864 4110 2185 4181 carperetis,
2223 4119 2277 4163 et
2332 4106 2468 4160 alter
2516 4102 2671 4158 alteri
2729 4099 2916 4155 fauces
2972 4094 3283 4167 angeretis?
3331 4091 3424 4145 Dei

1865 4203 2082 4274 quidem
2109 4200 2315 4254 calcata
2368 4197 2453 4250 lex
2481 4204 2584 4259 est,
2630 4202 2684 4248 et
2723 4200 3000 4260 argentum
3055 4186 3424 4256 nequidquam,

1865 4307 1924 4351 ut
1951 4293 2205 4349 vaticinis
2231 4301 2352 4346 utar
2376 4287 2578 4351 verbis,
2610 4284 2941 4354 argentarius
2966 4281 3109 4334 cudit
3132 4279 3172 4346 ‘,
3203 4277 3433 4331 frustra-

1866 4403 1970 4458 que
1994 4385 2201 4447 infelix,
2231 4398 2295 4437 ac
2322 4381 2441 4436 sine
2476 4378 2630 4448 fruge
2662 4376 2872 4430 laboro.

189 4482 332 4537 spem
389 4464 556 4519 acciti
611 4473 668 4519 et
722 4463 942 4529 vocati,
1005 4477 1197 4519 mutuo
1251 4466 1604 4527 adamantes,
1661 4478 1758 4517 ceu
1794 4475 1840 4532 ι)
1939 4479 2042 4533 δρα
2092 4489 2271 4532 mne"
2321 4492 2418 4529 ηερ
2458 4473 2534 4529 δίο
2565 4473 2823 4528 absistam
2861 4469 2993 4538 quin
3049 4478 3198 4519 meas
3247 4466 3430 4529 partes

191 4569 372 4614 mutua
390 4557 662 4620 membra,
694 4567 886 4611 mutuo
913 4559 1265 4623 sustinentes,
1293 4565 1484 4610 mutuo
1509 4554 1765 4624 amplexi,

192 4662 372 4706 mutua
404 4666 578 4705 onera
613 4659 920 4720 portantes,
959 4666 1068 4705 neu
1098 4650 1508 4705 committamus
1555 4659 1614 4703 ιιι
1646 4664 1767 4702 mu-

193 4747 347 4797 tando
370 4743 608 4798 consilio
641 4742 937 4797 decursum
967 4743 1159 4813 ignave
1188 4751 1400 4811 tempus
1429 4743 1534 4796 sub
1560 4741 1765 4794 exitum

193 4851 532 4899 revocemus,
553 4836 687 4904 quin
726 4836 900 4889 simus
941 4843 1206 4904 perpetuo
1233 4834 1434 4904 parati,
1470 4832 1756 4902 procincti,

195 4929 242 4982 in
276 4943 428 4998 spem
463 4927 693 4996 arrepti,
745 4927 964 4992 sinceri,
1004 4927 1288 4996 inculpati,
1341 4935 1402 4980 ut
1444 4939 1571 4978 cum
1621 4924 1761 4977 bona

195 5019 520 5075 conscientia
553 5018 682 5073 hinc
712 5015 942 5087 profecti
974 5019 1196 5074 emleste
1231 5032 1455 5088 regnum
1481 5015 1764 5070 nancisca-

198 5127 308 5166 inur
341 5126 442 5182 per
465 5111 750 5166 Christum
792 5107 975 5164 Jesum
1023 5109 1314 5164 Dominum
1350 5117 1598 5163 nostrum
1630 5125 1641 5161 :
1675 5105 1763 5160 cui

199 5204 352 5271 gloria
397 5211 454 5258 et
498 5203 797 5273 imperium
827 5216 949 5255 cum
983 5203 1164 5268 Patre,
1205 5217 1270 5258 ac
1299 5211 1492 5258 sancto
1534 5199 1763 5270 Spiritu,

201 5311 350 5360 nunc,
406 5305 463 5351 et
513 5309 758 5364 semper,
825 5293 878 5346 in
939 5308 1268 5365 omnemque
1325 5295 1764 5364 perpetuitatem.

201 5383 376 5440 Amen.

267 5715 304 5747 "
339 5714 380 5768 ll
417 5715 549 5771 Cor.
588 5729 668 5773 vi,
713 5711 762 5763 7.

207 5783 242 5818 ³⁷
275 5785 420 5842 loan.
456 5801 612 5852 xvnt,
651 5783 746 5835 “l3.

842 5709 887 5740 ”
923 5707 1122 5766 Jcrem.
1164 5725 1350 5774 uvui,
1411 5709 1495 5763 l6.

825 5781 869 5811 ’⁸
908 5779 1040 5834 Luc.
1075 5796 1227 5848 mu,
1265 5781 1352 5838 54.

1572 5709 1618 5741 οδ
1659 5706 1847 5760 Matth.
1892 5723 2036 5768 xxw,
2069 5706 2253 5759 433-47.

1431 5780 1475 5814 ν’
1498 5777 1694 5849 Ephes.
1723 5795 1794 5846 tv,
1822 5780 1907 5832 51.

1864 4585 2157 4638 exsequar,
2202 4564 2501 4636 praesertim
2549 4578 2650 4617 nec
2684 4574 2886 4631 paucos
2910 4557 3114 4611 habens
3149 4551 3293 4606 serio
3326 4565 3426 4601 au-

1863 4662 2094 4717 dientes.
2131 4658 2279 4711 Unde
2309 4657 2472 4726 igitur
2497 4655 2546 4708 ei
2581 4650 2935 4705 immodestiae
2960 4645 3168 4701 causa?
3208 4655 3428 4696 necesse

1861 4758 1944 4804 est
1971 4748 2116 4802 enim
2149 4746 2352 4799 crimen
2407 4758 2515 4795 non
2574 4742 2842 4793 incessere
2879 4735 3079 4796 solum,
3116 4731 3210 4786 sed
3264 4729 3426 4783 etiam

1863 4841 2186 4895 medicinam
2225 4833 2530 4888 ostendere.
2581 4830 2722 4886 Sane
2761 4829 2875 4880 haec
2908 4839 3036 4880 sons
3078 4822 3260 4876 molita
3296 4835 3428 4874 con-

1869 4933 2090 4990 scientia
2114 4939 2195 4984 est
2227 4929 2398 4982 fastus
2423 4925 2612 4989 animi,
2637 4936 2800 4992 prava
2831 4916 3184 4973 immeditatio
3212 4933 3226 4969 :
3263 4913 3319 4966 Si
3352 4913 3429 4972 id,

1870 5026 1969 5088 ait,
2001 5023 2132 5077 mihi
2160 5021 2322 5082 dicet,
2353 5019 2453 5070 hoc
2472 5014 2837 5082 respondero;
2876 5009 2920 5064 si
2944 5007 2994 5061 id
3016 5007 3193 5065 faciet,
3221 5019 3317 5074 par
3350 5003 3430 5056 fe-

1872 5133 2014 5172 cero.
2047 5113 2245 5169 Deinde
2282 5128 2346 5165 ex
2378 5108 2647 5163 incidente
2676 5104 2926 5174 quopiam
2961 5107 3222 5170 prmtextu
3249 5097 3430 5150 irrita-

1870 5209 2016 5262 tione
2056 5211 2263 5264 coorta,
2301 5199 2373 5252 ibi
2415 5207 2527 5251 tum
2580 5209 2700 5262 qua:
2740 5193 2879 5244 intus
2909 5198 3038 5243 sunt
3061 5186 3287 5241 consilia
3319 5183 3431 5252 agi-

1872 5301 1980 5348 tata
2013 5291 2292 5362 prodimus
2325 5285 2376 5337 iu
2411 5290 2682 5351 apertum:
2719 5293 2838 5331 nam
2869 5277 2979 5330 hzec
3008 5274 3127 5343 ejus
3151 5272 3428 5340 explorata

1872 5361 2134 5436 sententia
2159 5386 2241 5433 est
2260 5395 2273 5430 :
2295 5373 2377 5428 Ea:
2404 5370 2727 5425 abundantia
2753 5368 2924 5421 cordis
2957 5382 3013 5420 os
3034 5364 3269 5433 loquitur
3301 5361 3430 5415 :bo-

1879 5490 1972 5526 nus
1999 5475 2149 5525 homo
2185 5469 2246 5521 de
2273 5466 2403 5520 bono
2446 5465 2686 5517 thesauro
2716 5460 2912 5530 profert
2966 5457 3120 5522 bona,
3167 5464 3216 5508 et
3259 5453 3427 5505 malus

2333 5707 2376 5736 ⁸⁵
2415 5703 2599 5758 Matth.
2643 5717 2763 5765 xxv,
2799 5701 2883 5755 40.
2961 5701 3005 5732 "
3025 5697 3209 5754 Matth.
3250 5713 3296 5760 ν,
3341 5694 3423 5750 16.

1992 5777 2227 5832 'Jerem.
2279 5791 2354 5840 vn,
2390 5774 2476 5830 50.
