4000 6306
593 355 689 418 571

1763 355 1821 413 S.
1849 351 2238 413 THEODORI

2306 351 2648 411 STUDIT/E
3731 345 3837 406 572

595 470 747 520 homo
799 465 862 518 de
898 463 1035 516 malo
1089 465 1332 517 thesauro
1363 464 1562 532 profert
1613 466 1755 516 mata
1793 466 1832 516 ’.
1870 463 2057 532 Itaque
2091 463 2158 517 sit
2190 467 2232 520 Λ
2332 461 2547 514 Scilicet
2574 475 2681 513 non
2722 474 2785 512 ex
2821 456 3034 528 injuriis
3055 456 3294 526 profecta
3330 457 3578 522 vulnera,
3617 465 3674 508 et
3711 458 3834 510 vul-

596 560 811 611 animtts
862 557 1019 609 nobis
1067 556 1331 608 bonorum
1377 555 1723 609 consiliorum
1759 557 2064 619 thesaurus,
2097 572 2159 609 ac

597 662 702 699 non
752 646 914 700 modo
942 660 1049 700 non
1079 645 1420 713 proferemus
1455 645 1617 710 mala,
1652 653 1745 698 aut
1775 647 2157 715 pugnabimus,

596 733 726 802 quin
763 734 1008 786 dextram
1044 732 1254 786 ferienti
1292 733 1489 786 malam
1535 733 1893 802 praebebimus
1928 744 1982 788 et
2027 735 2161 788 sini-

597 834 766 878 stram
794 825 835 886 ³,
876 824 1090 893 aliaque
1126 834 1320 878 cuncta
1350 839 1416 877 ex
1447 825 1758 895 evangelico
1789 835 2054 894 praecepto
2082 826 2161 881 fe-

598 914 919 969 remus.Sed
944 931 1038 968 cur
1057 925 1104 967 te
1122 915 1163 967 is
1186 915 1466 983 perditum,
1497 914 1717 968 lsraetis
1745 931 1903 984 genus
1930 915 1990 968 ‘?
2019 915 2160 969 haud

598 1008 694 1060 abs
718 1021 776 1059 re
802 1005 890 1060 hic
915 1006 1161 1060 dicamus
1186 1021 1424 1075 quoque,
1459 1006 1548 1074 qui
1595 1007 1661 1060 de
1696 1007 1781 1060 die
1829 1007 1880 1060 in
1912 1006 2055 1060 diem
2082 1007 2162 1060 vi-

599 1106 708 1149 tam
759 1096 1022 1150 trahimus
1080 1112 1322 1166 segnem,
1353 1105 1406 1150 et
1459 1097 1576 1151 sine
1630 1095 1804 1164 fruge,
1851 1097 2072 1165 ligurire
2101 1114 2163 1153 ac

599 1188 914 1255 permadere
945 1188 1195 1255 equidem
1247 1188 1370 1242 sciti
1418 1198 1472 1241 et
1502 1189 1698 1257 oppido
1737 1189 1938 1244 laudati
1969 1193 1991 1244 ⁸1
2028 1191 2165 1263 Ergo

602 1281 743 1335 haud
800 1283 1112 1335 muniamur
1162 1297 1270 1350 quo
1307 1281 1484 1337 minus
1528 1283 1868 1347 acerbemur,
1899 1286 2165 1355 praefura-

602 1389 744 1438 mus,
776 1373 1101 1441 irascamur,
1131 1375 1449 1440 clamemus,
1483 1377 1625 1430 unde
1661 1386 1914 1446 tanquam
1954 1380 2056 1433 tela
2085 1380 2168 1434 in-

600 1465 758 1532 juria:
812 1465 1178 1535 proferantur,
1235 1476 1401 1535 atque
1439 1466 1526 1522 his
1555 1468 1715 1522 etiam
1747 1471 2036 1538 graviora?
2087 1470 2165 1524 En

603 1555 758 1610 edico
791 1557 1042 1625 equidem
1066 1559 1223 1612 vobis
1241 1558 1342 1613 sub
1369 1558 1732 1614 instauratore
1762 1562 2006 1614 omnium
2039 1561 2165 1628 Deo,

604 1663 667 1702 ac
719 1647 845 1702 Jesu
877 1648 1116 1715 Christo,
1153 1650 1245 1719 qui
1283 1651 1512 1720 egregiae
1570 1651 1930 1708 confessionis
1983 1670 2166 1709 coram

602 1739 794 1794 Pontio
832 1740 1005 1795 Pilato
1031 1743 1399 1796 testimonium
1438 1746 1667 1813 peregit.
1713 1744 1981 1799 Servatote
2027 1764 2164 1816 prte-

604 1841 829 1898 ceptum,
868 1841 928 1885 ut
958 1833 1288 1888 vociferatur
1323 1836 1642 1904 Apostolus,
1685 1838 1795 1891 sine
1831 1839 2060 1903 macula,
2097 1840 2170 1892 ir-

604 1925 1003 1990 repreltensibite
1033 1928 1075 1991 ',
1110 1943 1176 1981 ne
1207 1943 1294 1982 me
1336 1929 1567 1997 adigatis
1593 1939 1804 1986 atroces
1843 1932 1896 1985 in
1930 1949 2028 1988 vos
2056 1948 2172 2002 pm-

604 2029 703 2068 nas
739 2023 978 2071 statuere
1013 2033 1028 2082 ;
1064 2018 1194 2086 quin
1227 2019 1490 2087 gravitate
1529 2036 1594 2075 ac
1633 2023 1895 2077 modestia
1937 2024 2168 2092 praediti,

601 2119 653 2158 et
676 2121 760 2159 me
792 2116 1000 2160 sontem
1030 2109 1331 2175 oblectetis,
1359 2120 1413 2165 et
1463 2112 1628 2165 Deum
1657 2115 1979 2180 procuratis,
2012 2124 2173 2169 aster-

605 2197 690 2250 nis
713 2196 869 2251 bonis
909 2197 1124 2252 fruituri
1156 2199 1365 2253 Domini
1392 2202 1562 2255 nostri
1585 2202 1711 2257 Jesu
1741 2203 1942 2259 Christi
1975 2207 2171 2260 libera-

603 2290 753 2343 litate
781 2300 944 2359 atque
979 2292 1241 2347 beneficio
1269 2332 1284 2358 ,
1318 2295 1403 2348 cui
1427 2296 1618 2365 gloria,
1637 2305 1690 2351 et
1715 2299 2023 2368 imperium,
2047 2315 2169 2354 cum

604 2381 784 2446 Patre,
812 2397 876 2436 ac
917 2394 1106 2437 saneto
1141 2383 1364 2453 Spiritu,
1401 2402 1565 2452 nunc,
1593 2397 1647 2443 et
1701 2403 1934 2458 semper,
1969 2390 2022 2444 in
2053 2406 2171 2445 om-

605 2486 836 2540 nemque
867 2475 1303 2544 perpetuitatem.
1330 2479 1519 2533 Amen.

1161 2565 1389 2621 SERMO
1423 2569 1607 2624 XLVI.

605 2650 673 2705 In
713 2662 1048 2722 pugnatores.
1079 2656 1155 2711 De
1187 2675 1313 2725 pace
1339 2676 1399 2712 ac
1442 2664 1858 2729 mansuetudine,
1895 2666 2169 2720 comitate-

1139 2745 1235 2796 que
1264 2739 1311 2781 et
1340 2731 1660 2800 virginitate.

674 2812 892 2873 Fratres
942 2818 1255 2889 Patresque,
1280 2837 1378 2876 nec
1407 2838 1492 2877 me
1524 2824 1745 2893 alloquii
1791 2827 2041 2893 salubris,
2076 2845 2173 2883 nec

606 2923 702 2962 vos
721 2906 865 2977 frugi
891 2911 1184 2966 auditionis
1212 2913 1434 2968 satietas
1456 2915 1634 2983 capiat
1661 2931 1883 2972 necesse
1910 2927 1993 2972 est
2025 2935 2039 2983 ;
2081 2920 2172 2974 sed

609 2998 826 3066 utrique
855 2999 921 3053 ad
952 3001 1225 3055 utrumvis
1252 3002 1331 3055 sic
1359 3003 1684 3069 animemur,
1713 3016 1769 3058 ut
1803 3021 1998 3076 aquam
2038 3008 2173 3061 hau-

608 3086 716 3182 rire
768 3087 1021 3143 scientes.
1057 3089 1233 3158 Atque
1263 3090 1314 3144 id
1345 3100 1430 3146 est
1457 3105 1834 3162 argumentum
1875 3096 2170 3165 profectus,
2201 3124 2243 3182 ρ

608 3175 724 3228 hmc
765 3177 983 3232 occasio
1034 3180 1265 3246 salutis;
1306 3191 1554 3237 sternunt
1591 3185 1733 3239 enim
1792 3186 1858 3239 ad
1897 3202 1984 3242 res
2033 3189 2172 3243 viam

607 3282 906 3331 sermones,
949 3269 1160 3325 honesti
1218 3274 1284 3325 ad
1319 3273 1593 3337 honestas,
1624 3278 1878 3329 contrarii
1919 3281 1984 3331 ad
2041 3297 2171 3334 con-

609 3357 825 3412 trarias.
865 3357 1036 3427 Igitur
1083 3361 1173 3429 qui
1212 3376 1370 3429 agere
1420 3362 1643 3418 honesta
1670 3365 1974 3433 cupiamus,
2008 3367 2174 3422 hone-

607 3449 707 3502 stis
741 3450 1085 3506 sermonibus
1126 3467 1188 3505 ac
1220 3452 1401 3520 probis
1425 3456 1796 3512 contuberniis
1824 3467 2064 3527 utamur,
2107 3475 2172 3515 ne

607 3536 925 3592 aberremus
955 3539 1023 3592 ab
1048 3539 1428 3611 oﬂicioz‘quod
1464 3544 1750 3613 Apostolus
1807 3549 2004 3604 docens
2043 3552 2174 3605 scri-

611 3627 687 3678 bit
726 3627 778 3679 in
809 3627 922 3681 haec
955 3631 1113 3684 verba
1144 3647 1160 3684 :
1195 3632 1378 3687 Omnis
1410 3653 1577 3690 sermo
1609 3641 1779 3692 malus
1809 3657 1872 3694 ea:
1895 3659 1980 3695 ore
2005 3654 2172 3696 vestro

609 3732 710 3768 non
742 3724 1011 3786 procedat,
1047 3723 1136 3774 sed
1165 3725 1213 3775 si
1249 3727 1366 3792 quis
1425 3728 1609 3796 bonus,
1666 3731 1734 3783 ad
1770 3734 2174 3800 ardi/icationem

609 3809 751 3877 frugi
788 3817 837 3862 et
873 3810 1040 3875 utilis,
1071 3823 1126 3864 ut
1152 3814 1235 3867 det
1286 3817 1515 3885 gratiam
1546 3821 1903 3889 audientibus,
1940 3835 1988 3878 et
2018 3827 2173 3879 nolite

608 3902 924 3954 contristare
970 3902 1230 3970 Spiritum
1282 3919 1523 3963 sanctum
1572 3911 1691 3977 Dei,
1743 3915 1797 3968 in
1847 3933 1946 3986 quo
1981 3920 2173 3988 signati

606 3990 730 4042 estis
771 3991 826 4042 in
870 3991 1007 4044 diem
1055 3996 1426 4063 redemptionis
1451 4000 1491 4052 ⁸.
1543 4001 1610 4055 Et
1670 4019 1924 4059 rursum.
1992 4008 2171 4062 Omnis

605 4083 926 4147 amaritudo,
954 4094 1002 4137 et
1025 4086 1126 4149 ira,
1153 4096 1200 4140 et
1238 4089 1556 4159 indignatio,
1595 4104 1644 4146 et
1684 4095 1906 4161 clamor,
1938 4107 1984 4150 et
2019 4099 2170 4151 blas-

605 4175 811 4241 phemia
851 4175 1069 4230 tollatur
1106 4197 1137 4232 a
1169 4181 1312 4234 vobis
1334 4222 1349 4246 ,
1379 4199 1497 4236 cum
1541 4188 1685 4240 omni
1715 4188 1956 4240 malitia:
2011 4200 2172 4244 estote

583 4271 782 4314 .autem
811 4264 1029 4316 invicem
1061 4267 1290 4336 benigni,
1317 4270 1698 4336 misericordes,
1740 4275 1994 4328 donantes
2041 4278 2173 4330 invi-

604 4367 744 4416 cem;
775 4354 910 4406 sicut
934 4363 983 4406 et
1006 4355 1144 4409 Deus
1175 4358 1228 4410 in
1258 4360 1462 4412 Christo
1495 4363 1707 4416 donavit
1731 4365 1931 4418 nobis’.

2263 564 2450 602 nerum
2482 548 2698 601 asseclae
2733 563 2891 600 ncces
2917 547 2939 599 ?
2963 544 3102 614 Ergo
3150 545 3252 598 hoc
3297 553 3551 613 suscepto
3601 545 3832 605 scelere,

2261 641 2457 708 quibus
2491 639 2744 694 convenit
2783 638 2958 707 ptenis
3013 635 3404 703 subjicientur,
3461 650 3528 688 ne
3579 635 3632 687 in
3675 635 3832 702 pejus

2263 731 2652 801 provehantur.
2684 729 2950 784 Ca-terum
2986 743 3103 791 vos,
3135 727 3440 781 cbarissimi
3469 726 3692 790 fratres,
3734 741 3830 780 ceu

2263 819 2516 888 discipuli
2562 819 2853 880 mansueti,
2891 831 2956 871 ac
2985 831 3170 885 pacem
3206 815 3502 884 largientes
3534 815 3674 880 heri,
3718 817 3831 884 pla-

2264 911 2382 964 cide
2412 919 2802 978 mansueteque
2850 908 3048 978 degite,
3081 922 3267 976 pacem
3295 907 3525 976 amplexi
3555 923 3683 961 cum
3711 923 3830 963 om-

2266 1003 2510 1067 nibus,et
2535 1002 2972 1062 sanctimoniam,
2999 1001 3116 1054 sine
3147 1015 3252 1068 qua
3289 999 3456 1053 Deum
3489 1001 3833 1054 contuebitur

2267 1095 2468 1158 nullus,
2503 1095 2737 1148 maxime
2788 1092 3001 1147 reveriti
3033 1090 3370 1144 Dominicum
3421 1104 3618 1159 corpus
3671 1101 3833 1158 atque

2268 1187 2607 1254 sanguinem,
2657 1199 2765 1253 quo
2814 1184 2983 1238 simus
3013 1183 3189 1251 potiti.
3218 1180 3600 1245 Quamobrem,
3641 1196 3707 1234 ne
3740 1183 3832 1248 qui

2269 1279 2508 1333 imbutus
2535 1278 2749 1330 animus
2771 1284 2855 1330 est
2889 1275 3006 1328 sine
3035 1273 3245 1326 macula
3280 1272 3457 1336 donis,
3485 1273 3829 1334 tumultibus,

2271 1369 2503 1433 insania,
2525 1367 2681 1422 {tedis
2693 1365 2976 1420 desideriis
2993 1364 3252 1418 imbuitor
3273 1383 3288 1430 ;
3315 1378 3416 1418 neu
3438 1378 3522 1427 os,
3540 1362 3832 1416 immortali

2271 1460 2466 1514 hausto
2512 1458 2657 1513 fonte
2679 1499 2693 1524 ,
2750 1456 2999 1511 sordidos
3048 1470 3350 1517 sermones,
3382 1470 3444 1508 ac
3475 1454 3690 1508 cloacas
3719 1453 3834 1506 ina-

2271 1566 2367 1605 nes
2398 1551 2579 1614 etlito;
2619 1565 2722 1603 neu
2759 1548 2925 1614 oculi,
2966 1560 3197 1615 augusto
3241 1546 3504 1615 sanguine
3528 1548 3682 1614 piati,
3709 1544 3835 1597 etle-

2274 1657 2390 1695 rum
2427 1651 2713 1704 eernunto,
2750 1651 2802 1694 et
2859 1649 3112 1707 aspectus
3169 1636 3500 1691 meretricios
3551 1635 3832 1704 ﬁngunto;

2273 1749 2376 1786 neu
2407 1747 2622 1792 manus.
2651 1733 2822 1786 sacris
2849 1730 3142 1785 contractis
3164 1729 3354 1797 opibus
3376 1766 3391 1792 ,
3426 1743 3546 1796 qua!
3578 1726 3728 1780 nefas
3768 1725 3838 1779 sit

2272 1830 2590 1885 attrectato;
2633 1821 2763 1889 quin
2797 1829 2992 1874 cuneta
3024 1820 3262 1874 membra
3296 1817 3522 1886 proinde
3552 1832 3616 1871 ac
3636 1816 3836 1870 Christi

2272 1914 2517 1968 membra
2569 1912 2948 1967 custodiuntor
3011 1921 3171 1980 atque
3223 1916 3522 1964 servantor.
3574 1907 3836 1975 Equidem

2270 2021 2394 2059 cum
2421 2005 2596 2058 virtus
2624 2003 2793 2056 ardua
2825 2002 3004 2055 omnis
3049 1999 3357 2067 summique
3389 1999 3497 2050 voti
3534 2007 3618 2051 est
3650 1998 3837 2065 acqui-

2272 2111 2410 2158 rere,
2438 2105 2550 2148 tum
2573 2093 2893 2163 virginitatis
2925 2093 3097 2146 instar
3129 2091 3271 2144 nulla
3303 2099 3383 2144 est
3416 2106 3428 2143 :
3460 2105 3582 2142 nam
3606 2088 3719 2142 haec
3752 2089 3838 2142 illa

2270 2196 2354 2240 est
2380 2185 2628 2255 qumjam
2657 2185 2785 2238 olim
2819 2184 2871 2236 in
2917 2182 3162 2252 pomario
3219 2181 3457 2244 reluxit,
3494 2179 3646 2248 prius
3678 2197 3838 2249 quam

2271 2276 2652 2331 decessoribus
2677 2290 2704 2328 a
2735 2283 2983 2344 serpente
3015 2273 3194 2326 oblata
3221 2271 3368 2325 fraus
3395 2280 3501 2340 est,
3562 2281 3615 2326 et
3640 2272 3838 2326 Christi

2271 2366 2458 2422 effecta
2490 2365 2678 2424 Mater.
2705 2375 2759 2419 et
2786 2365 3007 2434 angelos
3040 2379 3105 2418 ex
3138 2362 3453 2418 hominibus
3500 2365 3684 2418 molita
3715 2372 3796 2417 est
3825 2384 3836 2417 :

2273 2459 2471 2528 quippe
2499 2456 2833 2512 matrimonii
2863 2467 2915 2509 et
2949 2455 3102 2524 origo
3134 2455 3249 2509 haec
3268 2465 3591 2520 extremum,
3621 2473 3842 2522 corrup-

2275 2552 2378 2605 tela
2411 2561 2527 2615 est;
2559 2559 2613 2603 et
2645 2548 2928 2618 virginitas
2959 2548 3224 2603 mundum
3257 2547 3322 2602 ad
3376 2547 3838 2602 immortalitatem

2274 2642 2520 2710 surrigit.

2349 2731 2416 2785 At
2445 2733 2538 2801 qui
2580 2747 2700 2787 eam
2721 2730 3021 2802 paremus?
3046 2730 3192 2785 dicat
3221 2730 3514 2799 quispiam.
3551 2728 3654 2793 Qui
3687 2727 3842 2783 alit‘er

2274 2833 2496 2876 censent
2537 2823 2639 2876 nisr
2673 2822 2950 2876 laboribus
3004 2821 3149 2875 mille
3181 2836 3243 2875 ac
3279 2818 3616 2875 sudoribus?
3646 2820 3734 2872 ubi
3765 2830 3842 2873 est

2276 2914 2418 2968 enim
2455 2913 2646 2982 ingens
2695 2912 3023 2981 perfunctio,
3057 2911 3295 2966 studium
3341 2924 3562 2981 quoque
3599 2925 3737 2979 opus
3765 2920 3842 2963 est

2276 3021 2572 3059 summum.
2621 3004 2890 3069 Quocirca
2955 3013 3015 3057 ut
3087 3003 3356 3057 irruentes
3431 3011 3628 3055 acutus
3699 3004 3842 3056 ensis

2277 3095 2551 3160 cont-idat,
2583 3095 2650 3150 ad
2683 3096 2934 3149 eumdem
2963 3093 3182 3149 modum
3208 3101 3262 3147 et
3289 3092 3505 3146 animus
3529 3091 3625 3146 Dei
3653 3094 3842 3146 timore

2281 3189 2437 3256 quasi
2473 3186 2702 3256 quodam
2737 3185 3064 3240 fabrefactus
3094 3185 3235 3253 igne,
3269 3191 3324 3237 et
3349 3197 3488 3253 aqua
3516 3192 3843 3252 temperatus

2284 3280 2669 3349 lacrymarum,
2693 3278 2956 3331 diabolica
2984 3290 3141 3331 sensa
3169 3274 3513 3338 obtruncato,
3545 3274 3844 3343 praadaeque

2281 3371 2479 3423 habeto
2515 3388 2525 3422 :
2562 3371 2645 3422 sin
2681 3368 2892 3422 accidat
2921 3365 3185 3432 obtundi,
3221 3380 3438 3420 rursum
3490 3374 3842 3431 temperator,

2281 3460 2552 3514 caedendis
2580 3475 2686 3513 non
2723 3459 2869 3512 mille
2925 3458 3124 3519 solum,
3171 3455 3302 3526 quin
3361 3457 3545 3510 decem
3607 3455 3844 3507 millibus

2279 3566 2515 3621 quoque,
2556 3553 2636 3605 uti
2684 3560 2766 3606 est
2812 3550 2864 3604 in
2920 3550 3176 3603 Davidem
3229 3549 3490 3617 jactatum
3527 3565 3538 3598 :
3573 3545 3842 3612 siquidem

2281 3645 2436 3699 multi
2483 3644 2576 3714 qui
2611 3658 2709 3698 nos
2761 3659 2791 3698 e
2841 3644 3058 3698 sublimi
3104 3646 3433 3711 oppugnent,
3477 3638 3736 3706 milleque
3770 3639 3846 3690 in—

2281 3747 2488 3791 structa
2521 3737 2577 3790 in
2612 3752 2713 3791 nos
2744 3737 2859 3790 acie
2893 3751 3125 3804 nequam
3162 3734 3386 3802 Spiritus
3416 3749 3428 3783 :
3455 3730 3658 3798 quibus
3707 3731 3843 3799 obji-

2280 3845 2402 3884 cere
2429 3844 2487 3883 se
2521 3829 2587 3882 ad
2619 3837 2920 3881 extremum
2945 3866 2958 3889 ,
3007 3825 3210 3879 Christi
3254 3823 3478 3877 militem
3511 3837 3577 3876 ac
3607 3838 3736 3878 vere
3766 3824 3844 3876 lu-

2281 3921 2556 3975 culentum
2589 3919 2849 3972 victorem
2877 3918 3086 3987 probat.
3127 3916 3229 3973 Sed
3261 3916 3442 3970 divina
3471 3915 3842 3970 misericordia

2279 4020 2333 4064 et
2364 4011 2752 4065 consceleratis
2782 4010 2936 4064 venia
2961 4008 3238 4078 contingat
3263 4050 3276 4070 .
3312 4017 3363 4062 et
3391 4007 3572 4071 nobis,
3605 4009 3702 4077 qui
3746 4009 3845 4062 rite

2279 4101 2551 4155 currimus
2580 4101 2644 4154 ad
2663 4112 2860 4154 cuncta
2891 4099 2985 4154 Dei
3006 4111 3266 4169 praecepta
3290 4100 3666 4167 exsequenda,
3694 4099 3842 4153 insu-

2279 4205 2375 4261 per
2405 4191 2659 4245 alacritas
2683 4230 2697 4253 ,
2728 4206 2955 4260 regnum
2989 4191 3266 4260 adepturis
3303 4190 3522 4244 caeleste
3558 4205 3655 4258 per
3685 4188 3841 4244 Chri-

2280 4291 2422 4337 stum
2448 4280 2631 4336 Jesum
2663 4282 2951 4335 Dominum
2984 4291 3228 4336 nostrum
3276 4298 3287 4332 :
3325 4279 3413 4332 cui
3453 4280 3625 4348 gloria
3658 4289 3714 4333 et
3755 4279 3844 4332 im-

2279 4373 2488 4443 perium
2552 4387 2678 4427 cum
2729 4372 2908 4437 Patre,
2953 4388 3017 4426 ac
3056 4381 3244 4425 sancto
3290 4371 3530 4439 Spiritu,
3568 4387 3751 4438 nunc,
3795 4381 3845 4425 et

676 4442 876 4500 Videtis
905 4448 1033 4516 quid
1056 4450 1230 4504 edicat
1255 4452 1277 4505 ?
1300 4468 1421 4522 qua
1460 4457 1739 4510 accuratio
1769 4461 2065 4529 przecepti?
2105 4461 2168 4517 Et
2201 4473 2242 4526 D
2277 4442 2516 4533 semper,
2548 4463 2602 4517 in
2637 4478 2965 4532 omnemque
2991 4463 3423 4532 perpetuitatem.
3458 4462 3650 4516 Amen.

602 4549 743 4601 quos
786 4536 1067 4605 alloquens
1113 4555 1242 4595 vero
1273 4541 1296 4595 ?
1326 4558 1431 4596 non
1465 4546 1784 4610 monachos,
1818 4548 1910 4602 sed
1948 4551 2172 4605 omnino

602 4640 792 4680 omnes
829 4629 1151 4684 mundanos.
1188 4632 1243 4684 In
1279 4636 1576 4691 monachos
1605 4639 1825 4707 quidem
1878 4640 1990 4694 hinc
2038 4657 2173 4710 qua-

600 4715 784 4769 drent:
823 4715 927 4780 Qui
959 4727 1134 4771 autem
1164 4733 1286 4775 sunt
1317 4722 1537 4788 Christi,
1574 4745 1780 4782 carnem
1816 4746 1967 4783 suam
2002 4735 2172 4784 cruci-

601 4810 852 4876 /i:rerunt,
881 4826 999 4862 cum
1026 4814 1164 4865 vitiis
1221 4825 1271 4868 et
1319 4821 1751 4886 concupiscentiis
1788 4823 1830 4887 ⁸,
1867 4837 1962 4877 ceu
2006 4825 2172 4878 scele-

603 4908 720 4951 rato
751 4896 978 4953 facinori
1012 4901 1255 4972 inagiles.
1293 4905 1425 4972 Qua:
1479 4924 1604 4963 cum
1636 4912 1707 4965 ita
1763 4912 1892 4977 sint,
1932 4913 2164 4969 viderint

600 5003 746 5044 nunc
788 5001 1114 5058 pugnatores
1147 5011 1254 5064 quo
1281 4991 1549 5068 supplicio
1583 5003 1691 5057 sint
1718 5003 1888 5074 digni,
1923 5006 2015 5075 qui
2058 5023 2164 5061 non

598 5082 889 5150 pugnarint
931 5085 1114 5150 modo,
1149 5089 1240 5142 sed
1275 5089 1507 5146 invicem
1542 5110 1736 5150 manus
1766 5113 1981 5168 quoque
2027 5100 2163 5168 inje-

598 5171 790 5226 cerint.
847 5173 976 5228 Ten’
1024 5177 1201 5233 adhuc
1255 5181 1407 5238 laicis
1431 5199 1719 5241 accensum
1755 5187 1806 5241 in
1841 5191 2162 5245 monachum

598 5262 913 5319 involasse?
946 5268 1050 5321 ten’
1081 5282 1276 5326 ausum
1308 5274 1400 5340 qui
1441 5277 1746 5333 monachus
1778 5280 1875 5346 sis,
1910 5281 2164 5337 obedien-

599 5353 705 5419 tise,
744 5365 803 5409 ut
824 5357 902 5411 sic
927 5358 1126 5426 dicam,
1162 5365 1451 5419 candidato
1476 5365 1670 5422 fustem
1706 5370 1952 5426 illidere?
1982 5372 2163 5442 Itaque

598 5463 702 5500 non
728 5450 1028 5506 monachus
1053 5467 1134 5518 es,
1164 5455 1258 5510 sed
1291 5462 1716 5526 monomachus;
1756 5478 1861 5516 non
1890 5478 2161 5529 exercere,

598 5539 686 5591 sed
717 5539 1074 5611 latrocinare;
1108 5559 1214 5599 non
1252 5548 1419 5615 pacis,
1449 5550 1541 5605 sed
1571 5550 1665 5607 irae
1695 5551 1835 5607 ﬁlius
1867 5567 1942 5608 es.

650 5699 714 5778 ,_’
742 5699 941 5778 Matth.
981 5720 1078 5778 χιι,
1122 5708 1208 5761 5t.
1323 5711 1342 5740 ³
1387 5711 1573 5767 Matth.
1616 5716 1772 5778 nso.

597 5766 613 5795 τ
650 5768 776 5822 me.
813 5773 897 5839 δι,
933 5777 1000 5830 52
1051 5766 1074 5808 ε’
1110 5778 1281 5834 Galat.
1321 5797 1372 5846 v,
1405 5783 1491 5835 ει.

1907 5717 1924 5746 ⁸
1968 5713 2136 5773 Ezcch
2188 5734 2377 5788 χχχιιι,
2413 5727 2488 5779 ll.

2853 4571 3085 4626 SERMO
3113 4570 3299 4624 XLVII

2271 4662 2689 4717 Permittendum
2719 4681 2821 4717 non
2856 4680 2966 4716 esse
3000 4672 3054 4714 ut
3086 4679 3263 4729 praete
3293 4663 3348 4714 in
3377 4663 3526 4713 nobis
3561 4665 3840 4732 cogitatio-

2539 4751 2627 4788 nes
2657 4735 2939 4799 resideant,
2965 4750 3026 4785 ac
3058 4736 3118 4786 de
3149 4750 3250 4785 non
3290 4732 3551 4799 pulsando

2341 4827 2557 4881 Fratres
2602 4827 2922 4894 Patrcsque,
2939 4824 3078 4878 nihil
3103 4825 3316 4893 agimus
3340 4839 3620 4894 magnum,
3645 4829 3839 4894 postri-

2269 4917 2357 4973 die
2393 4916 2616 4972 Sabbati
2650 4916 2732 4970 bis
2799 4925 2946 4969 terve
2975 4930 3072 4969 vos
3114 4915 3479 4984 alloquentes,
3512 4916 3647 4984 quin
3684 4917 3730 4970 si
3763 4916 3839 4969 fas

2267 5009 2406 5065 foret
2443 5010 2529 5064 vel
2577 5009 2820 5079 quotidie
2856 5008 3124 5074 factitare,
3156 5009 3424 5077 prmberet
3471 5008 3522 5060 id
3561 5023 3671 5062 non
3724 5010 3838 5063 exi-

2264 5119 2428 5173 guum
2461 5103 2804 5158 commodum
2833 5120 2845 5155 :
2877 5103 3073 5157 etenim
3101 5102 3344 5170 quotidie
3368 5117 3557 5156 omnes
3581 5102 3838 5162 labimur,

2263 5195 2512 5264 interque
2545 5211 2648 5250 nos
2688 5195 3121 5250 cohortationem
3156 5194 3437 5258 vicissim,
3485 5203 3653 5263 atque
3688 5196 3839 5264 adju—

2263 5294 2504 5339 mentum
2536 5286 2883 5353 requirimus,
2917 5301 3025 5354 quo
3051 5284 3411 5355 surrigamur,
3435 5293 3487 5340 et
3515 5285 3567 5337 in
3597 5286 3833 5354 priorem

2271 5382 2606 5429 revertamur
2631 5383 2828 5428 statum
2862 5394 2874 5428 :
2907 5391 3030 5428 nam
3058 5375 3305 5444 equidem
3338 5385 3511 5428 status
3538 5385 3622 5428 est
3648 5377 3835 5440 virtus,

2269 5467 2336 5519 ab
2371 5481 2542 5534 eaque
2567 5466 2855 5520 declinatio
2887 5467 3078 5519 vitium
3106 5477 3188 5521 est
3239 5476 3400 5535 atque
3433 5467 3764 5520 nominatur.

2341 5555 2456 5609 Jam
2511 5557 2561 5612 id
2588 5559 2968 5626 gravissimum
3008 5559 3269 5629 quisque,
3324 5574 3386 5613 ac
3436 5559 3834 5627 projectissima

2602 5727 2619 5751 ⁵
2656 5724 2835 5779 lTim.
2870 5740 2938 5789 γι,
2975 5724 3054 5776 Η.
3185 5725 3203 5752 “
3237 5723 3428 5794 Ephes.
3489 5738 3559 5786 tv,
3627 5720 3714 5785 29,
3747 5721 3832 5773 30.
