4000 6306
199 362 296 425 573

1363 372 1764 434 SERMONES
1795 373 2315 434 CATECHETICI.

3362 375 3463 438 574

196 481 301 532 vita
338 475 527 533 scelus
553 489 799 544 censeat,
829 482 1044 536 actione
1074 482 1331 556 defungi;
1396 495 1521 554 puta
1569 495 1780 554 stupro,
1817 491 1857 544 Λ
1889 487 2050 555 plieio
2078 486 2225 538 Inmc
2247 497 2298 540 et
2334 484 2486 538 illum
2515 484 2764 550 offecere,
2803 483 2896 539 sed
2927 484 3151 540 lictores
3177 484 3339 540 edere
3365 502 3459 540 ve-

195 572 490 637 adulterio,
515 573 768 635 libidine,
788 574 1120 638 fmditate,et
1137 593 1259 646 quae
1282 579 1383 632 alia
1405 587 1532 632 sunt
1550 577 1773 649 flagitia,

195 677 432 731 quorum
469 673 523 718 et
565 663 898 732 permolesta
936 665 1020 719 lex
1056 679 1173 733 est;
1220 678 1272 722 at
1303 670 1534 740 diligens
1558 711 1572 734 ,
1604 679 1658 724 et
1685 684 1779 723 ac-

196 759 456 817 curatus,
515 768 617 806 nec
648 751 1075 811 deformationes
1105 758 1272 812 animi
1308 767 1511 829 turpes,
1561 774 1625 814 ac
1660 775 1783 829 qure

197 843 322 898 hinc
340 845 564 913 corpori
591 845 833 899 titillatio
853 848 1138 916 quaeritur,
1170 851 1416 906 insontes
1441 852 1621 918 habet,
1648 867 1782 906 cun-

197 942 394 1004 ctaque
425 935 630 1004 satagit
664 935 902 1000 abolere,
938 949 990 992 et
1019 954 1049 993 a
1081 938 1260 995 noxiis
1305 941 1592 996 affectibus
1624 942 1784 1010 quie-

197 1034 304 1080 tem
341 1027 550 1081 ducere
580 1043 595 1080 :
627 1026 773 1096 quod
805 1039 887 1083 est
918 1045 1103 1096 pacem
1142 1030 1343 1085 habere
1384 1047 1506 1086 cum
1548 1031 1657 1085 Deo
1689 1048 1783 1101 per

196 1116 480 1171 Christum
509 1115 698 1171 Jesum
738 1115 1028 1172 Dominum
1062 1129 1312 1175 nostrum
1337 1119 1378 1187 ’,
1413 1120 1782 1189 utApostelus

199 1207 474 1275 loquitur.

265 1297 323 1350 In
354 1312 466 1366 qua
507 1297 726 1350 animus
754 1295 1076 1362 collocatus,
1131 1300 1451 1354 vehemente
1484 1300 1685 1370 gaudio
1717 1314 1781 1354 ac

193 1389 479 1457 voluptate
508 1388 924 1442 inexsaturabili
947 1387 1166 1457 fruitur,
1188 1390 1280 1446 Dei
1303 1392 1619 1448 notionibus
1643 1392 1783 1446 iner—

193 1495 351 1544 rans,
380 1489 434 1534 et
466 1478 705 1533 infandae
741 1480 1046 1548 majestatis
1078 1483 1524 1552 contemplationi
1563 1485 1783 1552 penitus

191 1571 515 1636 immersus,
544 1581 598 1624 ut
631 1570 716 1624 sui
749 1571 1102 1625 obliviscatur
1140 1588 1390 1644 quoque,
1435 1574 1519 1628 sin
1546 1589 1610 1628 eo
1639 1581 1783 1629 statu

189 1662 472 1725 demotus,
496 1661 672 1714 brutis
694 1661 985 1716 desideriis
1014 1663 1279 1727 trahatur,
1313 1664 1575 1728 tunditur,
1603 1662 1782 1732 jacta-

192 1767 417 1826 turque,
456 1764 517 1809 ut
550 1769 581 1808 a
612 1754 911 1809 fluctuante
963 1755 1101 1808 mari
1149 1757 1351 1826 agitata
1384 1756 1574 1822 navis,
1627 1772 1692 1812 ac
1727 1758 1780 1812 ni

191 1847 374 1918 epiler
412 1848 579 1902 instet
604 1847 772 1913 Deus,
807 1856 860 1900 et
889 1846 1239 1917 naufragium
1278 1849 1538 1918 patiatur.

262 1939 454 2008 Itaque
502 1940 682 1994 danda
713 1951 796 1993 est
830 1953 1022 2008 opera,
1059 1939 1274 2003 fratres,
1313 1958 1380 1995 ne
1448 1941 1687 1996 residere
1722 1941 1776 1997 in

197 2029 356 2083 nobis
397 2043 597 2098 pravas
635 2028 995 2098 cogitationes
1044 2031 1316 2093 sinamus,
1352 2030 1445 2085 sed
1478 2031 1778 2087 evellamus

193 2119 464 2175 radicitus
521 2137 536 2174 :
591 2119 864 2189 siquidem
915 2127 1107 2174 nactus
1158 2134 1384 2189 serpens
1437 2121 1777 2192 inspectandi

196 2212 401 2275 locum,
445 2225 511 2265 ac
543 2211 806 2279 paulatim
855 2209 1148 2276 subeundi,
1191 2211 1355 2280 plane
1387 2212 1531 2267 haud
1562 2213 1779 2266 absistit

191 2301 246 2354 ni
279 2311 514 2354 mortem
551 2298 841 2370 pepererit.
883 2298 1024 2369 Ergo
1054 2300 1132 2354 ait
1179 2301 1468 2371 Scriptura
1500 2322 1514 2357 :
1557 2303 1655 2357 Hic
1679 2303 1775 2356 tibi

191 2393 430 2447 tuebitur
463 2393 635 2446 calces
659 2393 723 2456 ⁸ο,
759 2391 811 2445 id
867 2402 972 2458 est,
1016 2395 1251 2450 actionis
1307 2397 1469 2451 finem
1507 2405 1560 2451 et
1601 2408 1778 2452 extre-

192 2503 365 2551 mum,
415 2495 472 2539 tu
510 2487 557 2539 ei
606 2495 790 2554 caput,
825 2485 929 2541 hoc
960 2497 1044 2541 est
1075 2488 1423 2553 cogitationis
1473 2489 1775 2544 incursum.

194 2580 366 2649 Igitur
426 2580 770 2635 obsistamus
827 2580 1082 2650 deinceps
1141 2583 1388 2636 animose
1443 2581 1777 2650 incursibus,

190 2674 586 2742 palantesque,
657 2672 1020 2741 cogitationes
1072 2673 1402 2743 prtedemur,
1453 2683 1508 2728 et
1571 2675 1775 2729 salsum

190 2766 350 2834 quasi
388 2763 669 2834 quoddam
705 2765 912 2832 peccati
947 2779 1096 2818 mare
1131 2765 1479 2832 dividamus;
1509 2781 1617 2836 quo
1652 2782 1776 2821 cum

193 2856 403 2911 Davide
451 2871 554 2910 nos
609 2869 831 2923 quoque
884 2856 1066 2910 dicere
1095 2872 1384 2925 queamus,
1417 2856 1776 2910 Transivimus

188 2966 280 3016 per
305 2950 480 3018 ignem
514 2955 564 3000 el
588 2961 804 3016 aquam,
825 2955 873 2999 et
896 2947 1127 3000 eduxisti
1160 2964 1253 3001 nos
1280 2949 1334 3000 in
1361 2947 1688 3018 refrigerium
1709 2947 1773 3000 “.

192 3042 464 3096 Caeterum
501 3053 610 3091 non
645 3037 699 3090 id
725 3038 920 3091 vitium
958 3039 1225 3093 duntaxat
1253 3039 1498 3092 animum
1548 3047 1775 3093 contur-

191 3135 279 3188 bat
313 3141 367 3187 et
392 3130 614 3194 evertit,
651 3130 784 3199 quin
821 3131 903 3184 vel
936 3132 1172 3186 maxime
1209 3131 1360 3184 furor
1398 3148 1412 3184 :
1447 3145 1596 3193 nam,
1641 3129 1776 3182 Tur-

192 3224 344 3276 batus
368 3233 469 3283 est,
496 3222 701 3290 inquit,
735 3238 766 3274 a
789 3223 969 3291 furore
990 3223 1170 3278 oculus
1200 3239 1341 3276 metu
1365 3224 1407 3252 "
1427 3241 1449 3300 ς·
1473 3232 1528 3276 et
1558 3240 1570 3276 :
1596 3220 1776 3276 Furor

193 3314 300 3368 illis
334 3313 628 3367 secundum
673 3314 1077 3367 similitudinem
1119 3313 1446 3383 serpentis”,
1489 3321 1567 3381 et,
1603 3312 1779 3367 Furor

193 3407 646 3460 insinuantentum
673 3406 1052 3470 stabuletur“,
1071 3416 1142 3470 et,
1169 3405 1403 3472 Impetus
1435 3407 1638 3476 furoris
1663 3405 1777 3473 ejus

194 3500 350 3553 ruina
377 3508 457 3553 est
488 3499 537 3552 ei
559 3500 624 3553 ¹⁸.
656 3497 762 3564 Qui
801 3498 941 3551 unde
977 3498 1224 3552 nascitur
1254 3499 1360 3554 nisi
1393 3515 1458 3552 ex
1483 3505 1778 3568 arrogante

194 3608 256 3647 ac
311 3602 673 3660 centempere
726 3607 912 3652 sensu,
971 3594 1064 3662 qui
1115 3608 1173 3648 se
1219 3593 1422 3661 aliquid
1456 3593 1774 3655 arbitretur,

193 3697 357 3754 atque
401 3685 456 3738 in
493 3684 778 3738 subditum
820 3684 1074 3740 ferociat?
1104 3686 1304 3755 quippe
1333 3685 1502 3739 animi
1533 3683 1777 3738 submis-

192 3794 306 3842 sus,
368 3779 562 3830 lierum
616 3775 884 3835 imitatus,
936 3775 1075 3831 lenis
1132 3785 1186 3830 et
1244 3778 1470 3831 sedatus
1503 3784 1609 3839 est,
1669 3790 1775 3828 non

191 3869 529 3925 contendens
590 3882 771 3934 neque
822 3869 1094 3923 clamans.
1126 3869 1204 3924 Ac
1257 3870 1301 3924 si
1352 3868 1484 3938 quid
1540 3867 1772 3931 accidat,

192 3958 366 4028 magis
401 3957 508 4011 fert
533 3957 792 4027 iniuriam
823 3973 987 4026 quam
1018 3959 1214 4023 infert,
1249 3959 1466 4026 feritur,
1500 3975 1605 4013 non
1644 3958 1779 4013 refe-

192 4054 281 4106 rit.
310 4053 381 4105 At
415 4052 620 4121 quibus
650 4050 718 4105 de
741 4051 942 4120 agitur,
983 4068 1091 4106 non
1123 4053 1299 4107 solum
1332 4053 1539 4107 furiose
1579 4063 1777 4108 contu-

190 4145 369 4199 meliis
401 4153 656 4209 certant,
693 4143 786 4197 sed
830 4144 1049 4212 pulsare
1083 4145 1288 4200 audent
1331 4161 1570 4215 quoque,
1599 4155 1652 4200 et
1689 4145 1776 4214 pol

192 4238 380 4291 habitu
416 4237 753 4306 eonjunctes
794 4234 1022 4303 fratres;
1049 4245 1162 4290 tum
1195 4238 1427 4293 incusati
1457 4240 1522 4292 de
1554 4238 1776 4292 temeri-

193 4342 318 4392 tate,
341 4328 680 4397 respondent
707 4344 1051 4398 nequaquam
1074 4343 1134 4382 se
1157 4328 1384 4383 Canone
1409 4329 1602 4393 teneri,
1630 4336 1778 4397 post-

192 4437 376 4493 quam,
411 4421 694 4490 inquiunt,
728 4435 837 4474 non
873 4436 967 4490 per
999 4435 1122 4486 nos,
1160 4420 1253 4475 sed
1288 4436 1384 4490 per
1415 4421 1552 4475 alios
1596 4420 1778 4489 pulsa-

1886 579 2065 649 stiget,
2094 577 2240 648 quod
2272 576 2473 646 oppido
2509 586 2591 631 est
2631 575 2925 632 insulsum.
2955 575 3077 632 Jam
3111 577 3206 647 qui
3238 587 3458 648 aposto-

1885 671 1972 725 lici
2031 670 2256 724 canonis
2309 668 2546 723 edictum
2614 667 2943 738 negligatur,
2994 668 3338 738 episcopum,
3371 679 3467 723 aut

1884 761 2252 822 sacerdotem,
2291 770 2386 813 aut
2437 757 2734 812 diaconum
2790 757 3077 827 pulsantes
3133 773 3227 812 seu
3279 759 3464 814 ﬁdeles

1884 854 2167 918 scelerate,
2191 867 2286 907 seu
2307 850 2553 906 infideles
2573 849 3467 920 perinjuriam,abdicarijnbens?

1884 948 1964 1000 An
1995 946 2169 1016 fugit,
2230 946 2481 1010 scilicet,
2534 954 2783 999 sanctum
2859 942 3122 1014 Spiritum
3187 944 3463 998 recordari

1885 1053 1979 1107 per
2006 1038 2174 1091 alium
2204 1037 2491 1092 verberis?
2521 1035 2624 1090 Sed
2663 1036 2916 1106 apagesis
2937 1036 3036 1090 has
3066 1051 3240 1104 nugas
3267 1035 3337 1090 ab
3370 1035 3463 1090 iis-

1884 1144 1989 1197 que
2014 1128 2107 1197 qui
2142 1127 2388 1194 pecuniis
2423 1129 2532 1182 sint
2559 1127 2672 1198 (12)
2696 1127 2889 1191 creati,
2919 1127 3233 1197 exemplum
3285 1126 3467 1195 capiat

1883 1217 2081 1270 oratio.
2119 1215 2324 1282 Ecquid
2352 1215 2445 1284 qui
2467 1230 2576 1268 non
2608 1231 2706 1284 per
2741 1231 2818 1281 se,
2851 1216 2946 1270 sed
2977 1231 3073 1285 per
3105 1215 3314 1270 alienas
3343 1230 3463 1268 ma-

1886 1323 1989 1362 nus
2020 1322 2116 1362 seu
2153 1308 2482 1375 acceperint,
2535 1321 2632 1360 seu
2671 1308 2939 1371 dederint,
2979 1308 3300 1361 canonicam
3329 1305 3464 1360 etfu-

1886 1400 2039 1468 giunt
2096 1400 2534 1454 abdicationem?
2591 1398 2814 1453 Minime
2858 1401 3127 1470 gentium.
3171 1400 3313 1453 Idem
3376 1399 3466 1452 hic

1887 1509 2105 1564 quoque
2139 1493 2205 1546 de
2241 1492 2440 1547 furoris
2477 1492 2606 1547 fmt‘u
2646 1491 2956 1546 habendum
3017 1493 3464 1559 censendumque

1884 1595 1988 1648 est,
2013 1600 2172 1654 quem
2211 1584 2323 1638 tolli
2354 1599 2418 1638 ex
2460 1583 2660 1639 animis
2682 1584 2752 1639 sit
2784 1598 3028 1648 necesse,
3055 1598 3210 1652 teque
3235 1597 3298 1636 ac
3333 1598 3463 1651 pra-

1885 1694 2006 1733 vam
2038 1678 2369 1748 eupidinem,
2396 1692 2494 1731 nec
2518 1677 2706 1730 dextra
2725 1675 3035 1740 sinistrave,
3063 1675 3157 1730 sed
3181 1674 3266 1728 via
3293 1674 3461 1744 regia,

1887 1771 1940 1825 id
1983 1779 2068 1825 est
2117 1769 2451 1839 evangelicis
2503 1776 2557 1822 et
2594 1767 2908 1837 apostolicis
2935 1766 3166 1837 legibus,
3207 1766 3279 1819 sit
3306 1780 3462 1835 gras‘

1810 1835 1853 1889 B
1882 1863 2140 1928 sandum;
2179 1863 2253 1915 ita
2281 1861 2426 1915 enim
2456 1868 2771 1915 sanctorum
2805 1858 3046 1929 vestigiis
3072 1859 3358 1922 obeuntes,
3399 1857 3453 1910 in

1881 1959 2046 2012 vitam
2094 1971 2218 2012 cum
2251 1955 2318 2010 iis
2350 1965 2607 2010 aeternam
2644 1967 2998 2008 occurremus
3039 1966 3134 2020 per
3168 1950 3452 2005 Christum

1879 2050 2066 2107 Jesum
2108 2047 2396 2102 Dominum
2431 2052 2720 2099 nostrum:
2751 2045 2839 2099 cui
2874 2043 3044 2113 gloria
3075 2051 3124 2096 et
3163 2042 3456 2111 imperium

1880 2161 2004 2200 cum
2039 2143 2200 2197 Patre
2226 2181 2241 2205 ,
2275 2155 2340 2194 ac
2368 2149 2560 2194 sancto
2591 2136 2816 2207 Spiritu,
2850 2148 3014 2201 nunc,
3047 2143 3102 2190 et
3149 2147 3382 2202 semper,
3404 2131 3458 2185 in

1880 2249 2208 2305 omnemque
2235 2230 2673 2303 perpetuitatem.
2696 2229 2890 2282 Amen.

2408 2378 2642 2435 SERMO
2690 2373 2922 2432 XLVIII.

2057 2475 2136 2530 De
2172 2473 2489 2536 obedientia,
2529 2480 2580 2524 et
2607 2468 2917 2528 concordia,
2945 2475 3101 2536 atque
3133 2480 3280 2533 pace.

1950 2587 2167 2642 Fratres
2225 2586 2540 2655 Patresque,
2574 2596 2794 2637 rursum
2837 2579 3093 2648 accingor
3132 2576 3199 2631 ad
3245 2589 3457 2629 sermo-

1880 2695 2004 2735 nem
2041 2719 2056 2744 ,
2118 2678 2356 2732 maxime
2398 2677 2490 2745 qui
2523 2673 2846 2744 Apestolum
2897 2670 3111 2726 audiam
3163 2669 3456 2728 dicentem,

1881 2773 2102 2825 Attende
2126 2771 2218 2823 tibi
2239 2780 2285 2823 et
2308 2768 2582 2827 doctrinm,
2607 2766 2702 2818 hoc
2735 2765 2872 2818 enim
2900 2763 3120 2829 faciens,
3154 2769 3200 2812 et
3235 2759 3457 2826 teipsttm

1880 2865 2082 2919 salvum
2132 2863 2317 2931 facies,
2356 2870 2403 2914 et
2447 2877 2531 2913 eos
2569 2858 2659 2928 qui
2692 2866 2738 2910 te
2775 2854 3080 2916 audiunt”,
3117 2853 3300 2919 itaque
3351 2847 3454 2900 fari

1882 2972 1965 3010 me
1989 2971 2212 3010 necesse
2251 2964 2354 3017 εει,
2388 2969 2484 3007 VOS
2515 2961 2694 3006 autem
2730 2964 2893 3003 aures
2927 2947 3190 3017 prrebcre,
3226 2958 3291 2997 ac
3330 2956 3454 3010 quae

1881 3048 2001 3104 sitis
2026 3046 2202 3101 edocti
2232 3045 2285 3098 in
2318 3060 2457 3113 opus
2480 3043 2767 3097 deducere.

1952 3140 2089 3207 Quid
2133 3139 2298 3210 igitur
2333 3151 2477 3190 nunc
2507 3151 2700 3190 sumus
2747 3130 2989 3187 dicturi?
3019 3128 3093 3183 De
3120 3127 3228 3182 vita
3262 3133 3452 3180 nostra

1882 3233 2175 3303 corporali,
2221 3232 2337 3301 qui,
2393 3230 2496 3284 etsi
2542 3229 2595 3281 in
2658 3227 2891 3291 exsilio,
2928 3232 3112 3277 tamen
3141 3219 3462 3276 cmnebiace

1882 3326 2148 3394 degamus
2184 3363 2199 3389 ,
2248 3337 2357 3375 non
2414 3335 2558 3373 unus
2605 3317 2830 3381 alterve,
2884 3314 2978 3370 sed
3037 3311 3352 3381 complures
3404 3309 3458 3360 in

1882 3417 2068 3473 simul.

1952 3508 2029 3562 Ac
2055 3523 2177 3560 eum
2209 3504 2445 3560 emnebii
2487 3501 2776 3559 commoda
2805 3507 2858 3556 et
2883 3513 3013 3570 epes
3037 3513 3142 3552 non
3171 3496 3458 3558 habemus,

1882 3612 1996 3657 tum
2057 3601 2271 3655 labores
2330 3598 2695 3663 allucramur;
2754 3609 2879 3648 nam
2929 3593 3088 3663 jugcs
3147 3595 3460 3644 commeant

1883 3692 2100 3757 fratres,
2126 3701 2440 3760 patresque,
2476 3696 2528 3741 et
2556 3687 2801 3756 hospites
2849 3682 3035 3743 amici.
3065 3688 3230 3748 atque
3259 3692 3458 3748 paupe-

1883 3801 1988 3850 res,
2016 3783 2216 3852 quibus
2252 3781 2510 3834 omnibus
2534 3792 2826 3832 occurrere
2853 3789 2916 3828 ac
2963 3772 3304 3832 satisfacere,
3367 3783 3461 3822 ne-

1881 3894 1988 3947 que
2017 3875 2199 3945 exigui
2238 3873 2468 3943 spiritus
2494 3881 2594 3933 est,
2628 3884 2728 3924 nec
2759 3867 3000 3921 minimae
3027 3861 3313 3916 molestiae.

1951 3968 2198 4022 Prudens
2239 3979 2369 4034 ergo
2444 3980 2508 4018 ac
2565 3961 2695 4030 vigil
2745 3971 3064 4013 eecenomus
3106 3954 3175 4007 sit
3220 3958 3455 4018 oportet,

1880 4078 1979 4117 ceu
2007 4061 2097 4114 Dei
2131 4072 2487 4120 meonomus,
2525 4066 2836 4121 quanquam
2883 4049 2934 4101 id
2976 4045 3320 4116 profuturum
3374 4050 3458 4093 est

1881 4154 2039 4214 nihil,
2074 4153 2118 4206 si
2155 4165 2261 4203 non
2294 4147 2556 4202 vicarium
2582 4159 2800 4214 quoque
2837 4140 3054 4195 habebit
3077 4136 3345 4204 collegam
3399 4140 3453 4185 et

1881 4244 2234 4307 concordem,
2270 4241 2356 4296 hic
2397 4240 2674 4295 cellarium
2729 4249 3041 4305 sequacem,
3077 4227 3327 4284 cellarius
3358 4226 3458 4278 ad-

1877 4340 2140 4409 jntantem
2190 4350 2249 4387 sc
2301 4333 2686 4385 obsonatorem
2713 4371 2725 4392 ,
2755 4337 3086 4392 cwterosque
3117 4321 3294 4373 czeteri
3328 4333 3460 4370 con-

1884 4440 2197 4486 sentaneos.
2231 4425 2451 4479 Scilicet
2485 4430 2541 4472 ut
2574 4436 2682 4472 uno
2715 4419 2767 4470 in
2809 4429 3036 4483 corpore
3068 4410 3237 4464 multa
3271 4409 3459 4460 insunt

192 4517 391 4580 Villius.
430 4515 699 4569 advoca“
761 4513 813 4566 in
873 4513 1096 4568 Sceleris
1137 4513 1500 4584 βαινυϐίηίιιηὶ
1542 4530 1571 4568 8
1618 4513 1776 4567 Scala
1811 4515 1854 4569 D
1885 4520 2149 4582 membra,
2176 4532 2299 4584 qua:
2325 4514 2559 4566 invicem
2595 4511 2780 4564 omnia
2807 4514 3126 4577 procurant,
3157 4519 3249 4557 seu
3282 4516 3454 4554 unum

195 4606 547 4670 sententiola,
598 4603 696 4672 qui
738 4619 848 4660 non
879 4605 1098 4658 videant
1153 4613 1409 4660 coactum
1465 4620 1588 4658 esse
1647 4619 1774 4657 eum

196 4714 528 4764 sermonem,
565 4704 621 4751 et
649 4697 788 4766 aequi
824 4707 1124 4752 exsortem.
1155 4698 1275 4767 Ipse
1306 4698 1357 4751 id
1382 4697 1516 4750 adeo
1535 4696 1778 4751 ostendit

198 4789 368 4851 I’ater,
401 4788 656 4858 Apostoli
691 4788 852 4842 verha
895 4803 1217 4857 suggerens,
1265 4797 1428 4856 atque
1479 4788 1593 4841 luec
1639 4787 1776 4840 scri-

195 4882 322 4936 bens
358 4882 600 4951 :Argue,
639 4881 883 4949 increpa,
923 4881 1218 4943 obsecra”,
1259 4895 1367 4933 non
1402 4879 1564 4933 etiam
1596 4879 1774 4947 pulsa.

195 4975 542 5044 Quapropter
575 4973 623 5026 si
659 4972 804 5027 haud
838 4972 1264 5041 pulsarejussit,
1293 4971 1418 5041 quis
1440 4972 1641 5024 addere
1683 4981 1778 5024 aut

193 5064 410 5118 demere
457 5062 612 5116 ausit
656 5062 723 5116 de
770 5062 1008 5115 editione
1046 5061 1390 5130 apostolica?
1423 5059 1690 5114 Praeterea
1727 5061 1774 5114 si

197 5170 294 5208 non
325 5169 428 5222 per
463 5167 547 5218 se,
596 5152 689 5205 sed
722 5166 818 5220 per
853 5151 1020 5204 alium
1078 5152 1296 5221 pulsare
1355 5150 1548 5205 liberat
1594 5150 1771 5218 culpa,

195 5260 379 5301 omnes
404 5244 579 5299 caulis
620 5243 848 5297 crimine
878 5244 1094 5313 tyranni
1129 5243 1506 5305 absolvuntor,
1541 5246 1633 5311 qui
1665 5259 1772 5295 non

195 5354 282 5408 per
323 5353 406 5403 se,
453 5337 552 5391 sed
586 5350 686 5404 per
737 5350 866 5390 suos
916 5335 1155 5398 lictores,
1203 5343 1352 5389 vates
1387 5349 1451 5388 ac
1508 5344 1775 5404 martyres

197 5443 496 5499 peremere,
533 5442 639 5482 nec
688 5426 799 5496 jam
840 5427 982 5482 ullus
1014 5427 1236 5492 dixerit,
1270 5425 1370 5480 llic
1413 5434 1469 5481 et
1516 5425 1605 5480 ille
1646 5442 1777 5494 sup-

758 5605 798 5636 ¹⁰
831 5604 964 5659 Gen.
999 5622 1048 5666 ν,
1095 5608 1177 5661 15.
1292 5607 1328 5636 ¹¹
1368 5606 1457 5659 Ps.
1497 5621 1620 5664 LXV,
1658 5605 1736 5658 1'2.

863 5675 904 5705 ¹⁶
943 5673 981 5726 Il
1013 5677 1150 5730 Tim.
1191 5693 1263 5739 Iv,
1299 5677 1351 5728 9..

259 5610 274 5637 '
310 5606 476 5661 Rom.
510 5604 648 5666 v.1.

198 5676 426 5732 “Eccli.
477 5691 652 5740 xxvu,
695 5675 782 5729 53.

257 5834 366 5904 (ιε)
397 5833 457 5888 Id
500 5841 606 5898 est,
641 5830 930 5900 dignitates
956 5831 1348 5890 ecclesiaSticas
1391 5833 1588 5900 adepti.

1885 4607 2113 4668 laboret,
2148 4603 2362 4659 cunctis
2413 4599 2853 4660 eondolentihus,
2899 4610 2993 4649 seu
3043 4593 3455 4647 eohonestetur,

1883 4695 2096 4752 cunctis
2128 4690 2558 4763 gratulantibus:
2598 4687 2737 4742 haud
2771 4699 2928 4740 secus
2959 4683 3012 4734 in
3053 4683 3154 4733 hac
3180 4677 3455 4746 republica

1883 4801 2120 4858 quoque,
2154 4785 2208 4838 ni
2264 4783 2453 4838 eadem
2498 4780 2638 4834 ratio
2682 4785 2963 4837 servetur,
2993 4787 3100 4826 non
3143 4768 3456 4824 cmnohium

1884 4881 1976 4940 sit,
2027 4894 2134 4931 non
2166 4893 2268 4946 pax
2301 4885 2352 4929 et
2401 4872 2714 4935 concordia,
2751 4869 2842 4924 sed
2872 4866 3140 4921 tumultus
3200 4879 3262 4915 ac
3292 4860 3457 4913 dissi-

1885 4973 2052 5025 dinm.
2087 4972 2218 5036 Quae
2268 4984 2390 5022 cum
2423 4968 2496 5020 ita
2537 4966 2667 5030 sint,
2696 4962 2788 5031 qui
2840 4959 3005 5014 audet
3052 4956 3342 5025 quisquam
3391 4967 3455 5005 ex

1881 5063 2109 5118 libidine
2145 5060 2370 5121 moveri,
2392 5066 2485 5112 aut
2510 5057 2622 5126 jam
2659 5057 2871 5108 lucente
2897 5052 2984 5106 die
3014 5049 3223 5118 private
3276 5044 3456 5097 studio

1883 5157 1966 5209 vel
2005 5154 2221 5223 opilicio
2250 5165 2463 5214 vacare,
2488 5162 2663 5217 neque
2697 5145 2762 5198 ad
2787 5145 2989 5198 bonum
3026 5139 3300 5209 publicum
3326 5150 3455 5203 pro-

1883 5246 2000 5298 dit?
2028 5244 2131 5310 Qui
2156 5242 2364 5296 inducit
2407 5239 2651 5292 animum
2701 5235 3000 5289 advocatus
3043 5229 3193 5298 operi
3232 5240 3451 5293 negare,

1885 5355 2059 5408 neque
2113 5353 2172 5392 se
2217 5335 2300 5388 vel
2346 5334 2401 5387 in
2435 5333 2500 5386 iis
2535 5346 2656 5400 quae
2686 5330 2831 5384 vires
2878 5330 3138 5395 superent
3179 5319 3452 5390 praebere,

1885 5448 2018 5488 sane
2056 5447 2164 5486 non
2198 5443 2257 5484 se
2291 5428 2337 5483 is
2369 5426 2507 5495 gerit
2552 5423 2858 5487 subditum,
2897 5434 2997 5474 nec
3052 5415 3308 5478 fratrem,
3357 5410 3453 5467 sed

2940 5596 3179 5655 “Eccle.
3231 5609 3323 5658 vn,
3364 5595 3446 5650 I0.

1854 5610 1893 5639 ¹²
1923 5607 2063 5665 Psal.
2094 5626 2168 5677 vt,
2198 5609 2249 5665 8.
2359 5606 2399 5638 ”
2426 5603 2566 5662 Psal.
2607 5616 2734 5670 Lvn,
2769 5600 2821 5655 5.

1434 5677 1472 5705 '7
1504 5675 1521 5728 I
1551 5675 1688 5730 Tim.
1722 5692 1791 5746 tv,
1813 5678 1904 5763 ‘IG.
