  <div class='ocr_page' id='page_1' title='image "/cluster/home/n/w/nwhite01/storage/ocr_20150623/99/pst.000005714063/321.png"; bbox 0 0 4000 6306; ppageno 0'>
   <div class='ocr_carea' id='block_1_1' title="bbox 523 299 626 362">
    <p class='ocr_par' dir='ltr' id='par_1_1' title="bbox 523 299 626 362">
     <span class='ocr_line' id='line_1_1' title="bbox 523 299 626 362; baseline -0.029 0"><span class='ocrx_word' id='word_1_1' title='bbox 523 299 626 362; x_wconf 79' lang='grc' dir='ltr'>5Ἱῦ</span> 
     </span>
    </p>
   </div>
   <div class='ocr_carea' id='block_1_2' title="bbox 1713 295 2584 359">
    <p class='ocr_par' dir='ltr' id='par_1_2' title="bbox 1713 295 2584 359">
     <span class='ocr_line' id='line_1_2' title="bbox 1713 295 2584 359; baseline 0 -3"><span class='ocrx_word' id='word_1_2' title='bbox 1713 299 1770 358; x_wconf 92' lang='lat' dir='ltr'><strong>S.</strong></span> <span class='ocrx_word' id='word_1_3' title='bbox 1810 295 2205 358; x_wconf 79' lang='lat' dir='ltr'><strong>THEODORI</strong></span> <span class='ocrx_word' id='word_1_4' title='bbox 2239 299 2584 359; x_wconf 85' lang='lat' dir='ltr'><strong>STUDIT/E</strong></span> 
     </span>
    </p>
   </div>
   <div class='ocr_carea' id='block_1_3' title="bbox 3677 293 3790 354">
    <p class='ocr_par' dir='ltr' id='par_1_3' title="bbox 3677 293 3790 354">
     <span class='ocr_line' id='line_1_3' title="bbox 3677 293 3790 354; baseline 0 0"><span class='ocrx_word' id='word_1_5' title='bbox 3677 293 3790 354; x_wconf 83' lang='lat'><strong>5&#39;76</strong></span> 
     </span>
    </p>
   </div>
   <div class='ocr_carea' id='block_1_4' title="bbox 522 403 3786 479">
    <p class='ocr_par' dir='ltr' id='par_1_4' title="bbox 522 403 3786 479">
     <span class='ocr_line' id='line_1_4' title="bbox 522 403 3786 479; baseline -0.002 -17"><span class='ocrx_word' id='word_1_6' title='bbox 522 409 812 479; x_wconf 75' lang='lat' dir='ltr'><strong>hospitem.</strong></span> <span class='ocrx_word' id='word_1_7' title='bbox 847 408 961 464; x_wconf 88' lang='lat' dir='ltr'><strong>Etsi</strong></span> <span class='ocrx_word' id='word_1_8' title='bbox 1019 407 1069 463; x_wconf 87' lang='lat' dir='ltr'><strong>id</strong></span> <span class='ocrx_word' id='word_1_9' title='bbox 1100 417 1279 462; x_wconf 89' lang='lat' dir='ltr'><strong>autem</strong></span> <span class='ocrx_word' id='word_1_10' title='bbox 1317 407 1568 478; x_wconf 88' lang='lat' dir='ltr'><strong>contigit,</strong></span> <span class='ocrx_word' id='word_1_11' title='bbox 1605 409 1796 461; x_wconf 92' lang='lat' dir='ltr'><strong>saltem</strong></span> <span class='ocrx_word' id='word_1_12' title='bbox 1827 409 2085 479; x_wconf 82' lang='lat' dir='ltr'><strong>deinceps</strong></span> <span class='ocrx_word' id='word_1_13' title='bbox 2116 415 2156 470; x_wconf 78' lang='grc' dir='ltr'><strong>Α</strong></span> <span class='ocrx_word' id='word_1_14' title='bbox 2189 413 2476 479; x_wconf 81' lang='lat' dir='ltr'><strong>gerere“,</strong></span> <span class='ocrx_word' id='word_1_15' title='bbox 2528 406 2990 476; x_wconf 82' lang='lat' dir='ltr'><strong>quemadmodum</strong></span> <span class='ocrx_word' id='word_1_16' title='bbox 3053 404 3347 474; x_wconf 77' lang='lat' dir='ltr'><strong>Apostolus</strong></span> <span class='ocrx_word' id='word_1_17' title='bbox 3421 405 3605 459; x_wconf 91' lang='lat' dir='ltr'><strong>docet.</strong></span> <span class='ocrx_word' id='word_1_18' title='bbox 3675 403 3786 457; x_wconf 85' lang='lat' dir='ltr'><strong>Sed</strong></span> 
     </span>
    </p>
   </div>
   <div class='ocr_carea' id='block_1_5' title="bbox 520 498 2093 570">
    <p class='ocr_par' dir='ltr' id='par_1_5' title="bbox 520 498 2093 570">
     <span class='ocr_line' id='line_1_5' title="bbox 520 498 2093 570; baseline -0.001 -14"><span class='ocrx_word' id='word_1_19' title='bbox 520 510 806 563; x_wconf 87' lang='lat' dir='ltr'><strong>cavetote,</strong></span> <span class='ocrx_word' id='word_1_20' title='bbox 856 516 923 554; x_wconf 90' lang='lat' dir='ltr'><strong>ne</strong></span> <span class='ocrx_word' id='word_1_21' title='bbox 957 501 1050 570; x_wconf 87' lang='lat' dir='ltr'><strong>qui</strong></span> <span class='ocrx_word' id='word_1_22' title='bbox 1093 499 1457 568; x_wconf 91' lang='lat' dir='ltr'><strong>deprendetur</strong></span> <span class='ocrx_word' id='word_1_23' title='bbox 1493 498 1852 553; x_wconf 75' lang='lat' dir='ltr'><strong>immodestia:</strong></span> <span class='ocrx_word' id='word_1_24' title='bbox 1904 514 2093 563; x_wconf 69' lang='lat' dir='ltr'><strong>pmnas</strong></span> 
     </span>
    </p>
   </div>
   <div class='ocr_carea' id='block_1_6' title="bbox 520 588 2094 661">
    <p class='ocr_par' dir='ltr' id='par_1_6' title="bbox 520 588 2094 661">
     <span class='ocr_line' id='line_1_6' title="bbox 520 588 2094 661; baseline -0.001 -17"><span class='ocrx_word' id='word_1_25' title='bbox 520 600 759 661; x_wconf 81' lang='lat' dir='ltr'><strong>expetat.</strong></span> <span class='ocrx_word' id='word_1_26' title='bbox 788 592 907 646; x_wconf 84' lang='lat' dir='ltr'><strong>Non</strong></span> <span class='ocrx_word' id='word_1_27' title='bbox 937 589 1136 645; x_wconf 85' lang='lat' dir='ltr'><strong>auditis</strong></span> <span class='ocrx_word' id='word_1_28' title='bbox 1166 589 1296 660; x_wconf 91' lang='lat' dir='ltr'><strong>quid</strong></span> <span class='ocrx_word' id='word_1_29' title='bbox 1335 589 1632 658; x_wconf 82' lang='lat' dir='ltr'><strong>Apostolus</strong></span> <span class='ocrx_word' id='word_1_30' title='bbox 1671 588 1887 644; x_wconf 67' lang='lat' dir='ltr'><strong>ndicat?</strong></span> <span class='ocrx_word' id='word_1_31' title='bbox 1918 589 2094 643; x_wconf 85' lang='lat' dir='ltr'><strong>Estote</strong></span> 
     </span>
    </p>
   </div>
   <div class='ocr_carea' id='block_1_7' title="bbox 521 679 2092 751">
    <p class='ocr_par' dir='ltr' id='par_1_7' title="bbox 521 679 2092 751">
     <span class='ocr_line' id='line_1_7' title="bbox 521 679 2092 751; baseline -0.001 -16"><span class='ocrx_word' id='word_1_32' title='bbox 521 683 741 736; x_wconf 86' lang='lat' dir='ltr'><strong>invicem</strong></span> <span class='ocrx_word' id='word_1_33' title='bbox 766 681 990 751; x_wconf 80' lang='lat' dir='ltr'><strong>benigni,</strong></span> <span class='ocrx_word' id='word_1_34' title='bbox 1015 681 1397 744; x_wconf 79' lang='lat' dir='ltr'><strong>misericordes,</strong></span> <span class='ocrx_word' id='word_1_35' title='bbox 1426 681 1680 732; x_wconf 80' lang='lat' dir='ltr'><strong>donantes</strong></span> <span class='ocrx_word' id='word_1_36' title='bbox 1712 679 1928 733; x_wconf 84' lang='lat' dir='ltr'><strong>invicem</strong></span> <span class='ocrx_word' id='word_1_37' title='bbox 1956 682 2092 733; x_wconf 85' lang='lat' dir='ltr'><strong>sicut</strong></span> 
     </span>
    </p>
   </div>
   <div class='ocr_carea' id='block_1_8' title="bbox 518 773 2094 841">
    <p class='ocr_par' dir='ltr' id='par_1_8' title="bbox 518 773 2094 841">
     <span class='ocr_line' id='line_1_8' title="bbox 518 773 2094 841; baseline -0.002 -13"><span class='ocrx_word' id='word_1_38' title='bbox 518 786 569 828; x_wconf 85' lang='lat' dir='ltr'><strong>ct</strong></span> <span class='ocrx_word' id='word_1_39' title='bbox 597 775 732 828; x_wconf 86' lang='lat' dir='ltr'><strong>Deus</strong></span> <span class='ocrx_word' id='word_1_40' title='bbox 754 776 968 828; x_wconf 87' lang='lat' dir='ltr'><strong>donavit</strong></span> <span class='ocrx_word' id='word_1_41' title='bbox 999 773 1144 828; x_wconf 87' lang='lat' dir='ltr'><strong>nobis</strong></span> <span class='ocrx_word' id='word_1_42' title='bbox 1163 777 1224 828; x_wconf 68' lang='grc' dir='ltr'><strong>ω.</strong></span> <span class='ocrx_word' id='word_1_43' title='bbox 1248 775 1613 840; x_wconf 86' lang='lat' dir='ltr'><strong>Quamobrem</strong></span> <span class='ocrx_word' id='word_1_44' title='bbox 1649 773 1841 826; x_wconf 91' lang='lat' dir='ltr'><strong>demus</strong></span> <span class='ocrx_word' id='word_1_45' title='bbox 1872 788 2094 841; x_wconf 85' lang='lat' dir='ltr'><strong>operam</strong></span> 
     </span>
    </p>
   </div>
   <div class='ocr_carea' id='block_1_9' title="bbox 520 864 2095 937">
    <p class='ocr_par' dir='ltr' id='par_1_9' title="bbox 520 864 2095 937">
     <span class='ocr_line' id='line_1_9' title="bbox 520 864 2095 937; baseline -0.002 -16"><span class='ocrx_word' id='word_1_46' title='bbox 520 883 620 922; x_wconf 87' lang='lat' dir='ltr'><strong>nos</strong></span> <span class='ocrx_word' id='word_1_47' title='bbox 643 882 863 937; x_wconf 89' lang='lat' dir='ltr'><strong>quoque</strong></span> <span class='ocrx_word' id='word_1_48' title='bbox 887 867 1154 932; x_wconf 88' lang='lat' dir='ltr'><strong>vicissim,</strong></span> <span class='ocrx_word' id='word_1_49' title='bbox 1185 876 1238 921; x_wconf 91' lang='lat' dir='ltr'><strong>et</strong></span> <span class='ocrx_word' id='word_1_50' title='bbox 1272 867 1408 920; x_wconf 86' lang='lat' dir='ltr'><strong>alter</strong></span> <span class='ocrx_word' id='word_1_51' title='bbox 1432 867 1587 920; x_wconf 88' lang='lat' dir='ltr'><strong>alteri</strong></span> <span class='ocrx_word' id='word_1_52' title='bbox 1623 864 1851 929; x_wconf 83' lang='lat' dir='ltr'><strong>dederit,</strong></span> <span class='ocrx_word' id='word_1_53' title='bbox 1888 866 2095 919; x_wconf 88' lang='lat' dir='ltr'><strong>mutuis</strong></span> 
     </span>
    </p>
   </div>
   <div class='ocr_carea' id='block_1_10' title="bbox 520 957 2090 1028">
    <p class='ocr_par' dir='ltr' id='par_1_10' title="bbox 520 957 2090 1028">
     <span class='ocr_line' id='line_1_10' title="bbox 520 957 2090 1028; baseline -0.001 -18"><span class='ocrx_word' id='word_1_54' title='bbox 520 958 758 1012; x_wconf 73' lang='lat' dir='ltr'><strong>ferendis</strong></span> <span class='ocrx_word' id='word_1_55' title='bbox 796 960 1054 1013; x_wconf 90' lang='lat' dir='ltr'><strong>oneribus</strong></span> <span class='ocrx_word' id='word_1_56' title='bbox 1086 960 1256 1028; x_wconf 83' lang='lat' dir='ltr'><strong>legem</strong></span> <span class='ocrx_word' id='word_1_57' title='bbox 1306 958 1596 1028; x_wconf 89' lang='lat' dir='ltr'><strong>implentes</strong></span> <span class='ocrx_word' id='word_1_58' title='bbox 1627 957 1999 1013; x_wconf 82' lang='lat' dir='ltr'><strong>Christianam</strong></span> <span class='ocrx_word' id='word_1_59' title='bbox 2022 958 2090 1020; x_wconf 70' lang='lat'><strong>‘9,</strong></span> 
     </span>
    </p>
   </div>
   <div class='ocr_carea' id='block_1_11' title="bbox 522 1049 2092 1118">
    <p class='ocr_par' dir='ltr' id='par_1_11' title="bbox 522 1049 2092 1118">
     <span class='ocr_line' id='line_1_11' title="bbox 522 1049 2092 1118; baseline 0.001 -17"><span class='ocrx_word' id='word_1_60' title='bbox 522 1050 599 1103; x_wconf 93' lang='lat' dir='ltr'><strong>uti</strong></span> <span class='ocrx_word' id='word_1_61' title='bbox 653 1050 918 1118; x_wconf 91' lang='lat' dir='ltr'><strong>scriptum</strong></span> <span class='ocrx_word' id='word_1_62' title='bbox 979 1059 1080 1104; x_wconf 90' lang='lat' dir='ltr'><strong>est.</strong></span> <span class='ocrx_word' id='word_1_63' title='bbox 1115 1049 1391 1104; x_wconf 89' lang='lat' dir='ltr'><strong>Admonui</strong></span> <span class='ocrx_word' id='word_1_64' title='bbox 1426 1066 1523 1103; x_wconf 88' lang='lat' dir='ltr'><strong>vos</strong></span> <span class='ocrx_word' id='word_1_65' title='bbox 1549 1060 1695 1116; x_wconf 89' lang='lat' dir='ltr'><strong>ante,</strong></span> <span class='ocrx_word' id='word_1_66' title='bbox 1718 1060 1770 1105; x_wconf 95' lang='lat' dir='ltr'><strong>et</strong></span> <span class='ocrx_word' id='word_1_67' title='bbox 1801 1065 1949 1104; x_wconf 90' lang='lat' dir='ltr'><strong>nunc</strong></span> <span class='ocrx_word' id='word_1_68' title='bbox 1981 1050 2092 1118; x_wconf 90' lang='lat' dir='ltr'><strong>jam</strong></span> 
     </span>
    </p>
   </div>
   <div class='ocr_carea' id='block_1_12' title="bbox 521 1139 2095 1210">
    <p class='ocr_par' dir='ltr' id='par_1_12' title="bbox 521 1139 2095 1210">
     <span class='ocr_line' id='line_1_12' title="bbox 521 1139 2095 1210; baseline 0.001 -18"><span class='ocrx_word' id='word_1_69' title='bbox 521 1139 810 1203; x_wconf 89' lang='lat' dir='ltr'><strong>admoneo,</strong></span> <span class='ocrx_word' id='word_1_70' title='bbox 843 1155 910 1193; x_wconf 91' lang='lat' dir='ltr'><strong>ne</strong></span> <span class='ocrx_word' id='word_1_71' title='bbox 955 1140 1348 1206; x_wconf 80' lang='lat' dir='ltr'><strong>cogitationum</strong></span> <span class='ocrx_word' id='word_1_72' title='bbox 1406 1140 1724 1208; x_wconf 84' lang='lat' dir='ltr'><strong>frangainur</strong></span> <span class='ocrx_word' id='word_1_73' title='bbox 1765 1152 1920 1206; x_wconf 66' lang='lat' dir='ltr'><strong>aestu,</strong></span> <span class='ocrx_word' id='word_1_74' title='bbox 1963 1141 2095 1210; x_wconf 91' lang='lat' dir='ltr'><strong>quin</strong></span> 
     </span>
    </p>
   </div>
   <div class='ocr_carea' id='block_1_13' title="bbox 520 1229 2095 1300">
    <p class='ocr_par' dir='ltr' id='par_1_13' title="bbox 520 1229 2095 1300">
     <span class='ocr_line' id='line_1_13' title="bbox 520 1229 2095 1300; baseline 0.003 -19"><span class='ocrx_word' id='word_1_75' title='bbox 520 1245 644 1282; x_wconf 82' lang='lat' dir='ltr'><strong>rum</strong></span> <span class='ocrx_word' id='word_1_76' title='bbox 686 1230 858 1284; x_wconf 88' lang='lat' dir='ltr'><strong>sancti</strong></span> <span class='ocrx_word' id='word_1_77' title='bbox 906 1229 1142 1298; x_wconf 88' lang='lat' dir='ltr'><strong>Spiritus</strong></span> <span class='ocrx_word' id='word_1_78' title='bbox 1195 1230 1376 1284; x_wconf 61' lang='lat' dir='ltr'><strong>laetitia</strong></span> <span class='ocrx_word' id='word_1_79' title='bbox 1405 1232 1526 1283; x_wconf 70' lang='lat' dir='ltr'><strong>vitae</strong></span> <span class='ocrx_word' id='word_1_80' title='bbox 1547 1231 1817 1300; x_wconf 91' lang='lat' dir='ltr'><strong>quoddam</strong></span> <span class='ocrx_word' id='word_1_81' title='bbox 1840 1233 2095 1285; x_wconf 71' lang='lat' dir='ltr'><strong>exercita:</strong></span> 
     </span>
    </p>
   </div>
   <div class='ocr_carea' id='block_1_14' title="bbox 523 1322 2093 1392">
    <p class='ocr_par' dir='ltr' id='par_1_14' title="bbox 523 1322 2093 1392">
     <span class='ocr_line' id='line_1_14' title="bbox 523 1322 2093 1392; baseline 0.002 -19"><span class='ocrx_word' id='word_1_82' title='bbox 523 1330 799 1375; x_wconf 84' lang='lat' dir='ltr'><strong>certamen</strong></span> <span class='ocrx_word' id='word_1_83' title='bbox 853 1337 1198 1392; x_wconf 77' lang='lat' dir='ltr'><strong>peragamus,</strong></span> <span class='ocrx_word' id='word_1_84' title='bbox 1229 1323 1422 1377; x_wconf 90' lang='lat' dir='ltr'><strong>ducem</strong></span> <span class='ocrx_word' id='word_1_85' title='bbox 1464 1338 1527 1376; x_wconf 90' lang='lat' dir='ltr'><strong>ac</strong></span> <span class='ocrx_word' id='word_1_86' title='bbox 1572 1322 1932 1392; x_wconf 88' lang='lat' dir='ltr'><strong>perfectorem</strong></span> <span class='ocrx_word' id='word_1_87' title='bbox 1975 1324 2093 1377; x_wconf 83' lang='lat' dir='ltr'><strong>ﬁdei</strong></span> 
     </span>
    </p>
   </div>
   <div class='ocr_carea' id='block_1_15' title="bbox 521 1411 2096 1484">
    <p class='ocr_par' dir='ltr' id='par_1_15' title="bbox 521 1411 2096 1484">
     <span class='ocr_line' id='line_1_15' title="bbox 521 1411 2096 1484; baseline 0.001 -19"><span class='ocrx_word' id='word_1_88' title='bbox 521 1411 707 1466; x_wconf 82' lang='lat' dir='ltr'><strong>Jesum</strong></span> <span class='ocrx_word' id='word_1_89' title='bbox 742 1424 1128 1483; x_wconf 85' lang='lat' dir='ltr'><strong>respectantes,</strong></span> <span class='ocrx_word' id='word_1_90' title='bbox 1157 1415 1250 1482; x_wconf 90' lang='lat' dir='ltr'><strong>qui</strong></span> <span class='ocrx_word' id='word_1_91' title='bbox 1282 1423 1337 1468; x_wconf 90' lang='lat' dir='ltr'><strong>et</strong></span> <span class='ocrx_word' id='word_1_92' title='bbox 1363 1415 1607 1484; x_wconf 88' lang='lat' dir='ltr'><strong>precanti</strong></span> <span class='ocrx_word' id='word_1_93' title='bbox 1634 1423 1754 1468; x_wconf 89' lang='lat' dir='ltr'><strong>vota</strong></span> <span class='ocrx_word' id='word_1_94' title='bbox 1788 1415 2012 1477; x_wconf 86' lang='lat' dir='ltr'><strong>tribuat,</strong></span> <span class='ocrx_word' id='word_1_95' title='bbox 2043 1423 2096 1468; x_wconf 86' lang='lat' dir='ltr'><strong>et</strong></span> 
     </span>
    </p>
   </div>
   <div class='ocr_carea' id='block_1_16' title="bbox 522 1504 1296 1560">
    <p class='ocr_par' dir='ltr' id='par_1_16' title="bbox 522 1504 1296 1560">
     <span class='ocr_line' id='line_1_16' title="bbox 522 1504 1296 1560; baseline 0.008 -7"><span class='ocrx_word' id='word_1_96' title='bbox 522 1504 803 1557; x_wconf 86' lang='lat' dir='ltr'><strong>victoriam</strong></span> <span class='ocrx_word' id='word_1_97' title='bbox 830 1505 1047 1560; x_wconf 86' lang='lat' dir='ltr'><strong>vincere</strong></span> <span class='ocrx_word' id='word_1_98' title='bbox 1073 1506 1296 1559; x_wconf 89' lang='lat' dir='ltr'><strong>volenti.</strong></span> 
     </span>
    </p>
   </div>
   <div class='ocr_carea' id='block_1_17' title="bbox 589 1593 2094 1665">
    <p class='ocr_par' dir='ltr' id='par_1_17' title="bbox 589 1593 2094 1665">
     <span class='ocr_line' id='line_1_17' title="bbox 589 1593 2094 1665; baseline 0.005 -21"><span class='ocrx_word' id='word_1_99' title='bbox 589 1593 824 1648; x_wconf 82' lang='lat' dir='ltr'><strong>Nescitis</strong></span> <span class='ocrx_word' id='word_1_100' title='bbox 874 1605 933 1649; x_wconf 90' lang='lat' dir='ltr'><strong>ut</strong></span> <span class='ocrx_word' id='word_1_101' title='bbox 975 1596 1200 1664; x_wconf 89' lang='lat' dir='ltr'><strong>jamjam</strong></span> <span class='ocrx_word' id='word_1_102' title='bbox 1245 1605 1464 1665; x_wconf 83' lang='lat' dir='ltr'><strong>repente</strong></span> <span class='ocrx_word' id='word_1_103' title='bbox 1529 1597 1727 1652; x_wconf 89' lang='lat' dir='ltr'><strong>accidit</strong></span> <span class='ocrx_word' id='word_1_104' title='bbox 1781 1607 2094 1665; x_wconf 86' lang='lat' dir='ltr'><strong>tempestas,</strong></span> 
     </span>
    </p>
   </div>
   <div class='ocr_carea' id='block_1_18' title="bbox 2198 497 3790 571">
    <p class='ocr_par' dir='ltr' id='par_1_18' title="bbox 2198 497 3790 571">
     <span class='ocr_line' id='line_1_18' title="bbox 2198 497 3790 571; baseline -0.005 -15"><span class='ocrx_word' id='word_1_105' title='bbox 2198 514 2320 571; x_wconf 82' lang='lat' dir='ltr'><strong>agat</strong></span> <span class='ocrx_word' id='word_1_106' title='bbox 2347 519 2479 558; x_wconf 91' lang='lat' dir='ltr'><strong>sane</strong></span> <span class='ocrx_word' id='word_1_107' title='bbox 2515 510 2572 555; x_wconf 88' lang='lat' dir='ltr'><strong>ut</strong></span> <span class='ocrx_word' id='word_1_108' title='bbox 2605 501 2753 554; x_wconf 90' lang='lat' dir='ltr'><strong>lubet</strong></span> <span class='ocrx_word' id='word_1_109' title='bbox 2784 499 3047 554; x_wconf 92' lang='lat' dir='ltr'><strong>mundum</strong></span> <span class='ocrx_word' id='word_1_110' title='bbox 3079 513 3202 567; x_wconf 72' lang='lat' dir='ltr'><strong>quae</strong></span> <span class='ocrx_word' id='word_1_111' title='bbox 3252 498 3303 550; x_wconf 90' lang='lat' dir='ltr'><strong>in</strong></span> <span class='ocrx_word' id='word_1_112' title='bbox 3349 497 3521 566; x_wconf 91' lang='lat' dir='ltr'><strong>legem</strong></span> <span class='ocrx_word' id='word_1_113' title='bbox 3578 497 3790 551; x_wconf 84' lang='lat' dir='ltr'><strong>abierit</strong></span> 
     </span>
    </p>
   </div>
   <div class='ocr_carea' id='block_1_19' title="bbox 2198 587 3787 661">
    <p class='ocr_par' dir='ltr' id='par_1_19' title="bbox 2198 587 3787 661">
     <span class='ocr_line' id='line_1_19' title="bbox 2198 587 3787 661; baseline -0.004 -14"><span class='ocrx_word' id='word_1_114' title='bbox 2198 594 2435 657; x_wconf 87' lang='lat' dir='ltr'><strong>insania,</strong></span> <span class='ocrx_word' id='word_1_115' title='bbox 2483 609 2583 646; x_wconf 88' lang='lat' dir='ltr'><strong>nos</strong></span> <span class='ocrx_word' id='word_1_116' title='bbox 2632 591 3130 661; x_wconf 88' lang='lat' dir='ltr'><strong>intemperantiam,</strong></span> <span class='ocrx_word' id='word_1_117' title='bbox 3183 587 3404 651; x_wconf 78' lang='lat' dir='ltr'><strong>fratres,</strong></span> <span class='ocrx_word' id='word_1_118' title='bbox 3453 589 3536 642; x_wconf 92' lang='lat' dir='ltr'><strong>vel</strong></span> <span class='ocrx_word' id='word_1_119' title='bbox 3585 587 3642 640; x_wconf 90' lang='lat' dir='ltr'><strong>in</strong></span> <span class='ocrx_word' id='word_1_120' title='bbox 3698 588 3787 641; x_wconf 90' lang='lat' dir='ltr'><strong>eis</strong></span> 
     </span>
    </p>
   </div>
   <div class='ocr_carea' id='block_1_20' title="bbox 2196 680 3786 754">
    <p class='ocr_par' dir='ltr' id='par_1_20' title="bbox 2196 680 3786 754">
     <span class='ocr_line' id='line_1_20' title="bbox 2196 680 3786 754; baseline -0.003 -16"><span class='ocrx_word' id='word_1_121' title='bbox 2196 701 2315 754; x_wconf 67' lang='lat' dir='ltr'><strong>qua:</strong></span> <span class='ocrx_word' id='word_1_122' title='bbox 2341 686 2452 754; x_wconf 93' lang='lat' dir='ltr'><strong>jam</strong></span> <span class='ocrx_word' id='word_1_123' title='bbox 2486 685 2632 739; x_wconf 91' lang='lat' dir='ltr'><strong>vesci</strong></span> <span class='ocrx_word' id='word_1_124' title='bbox 2675 692 2760 738; x_wconf 91' lang='lat' dir='ltr'><strong>est</strong></span> <span class='ocrx_word' id='word_1_125' title='bbox 2810 682 3132 752; x_wconf 90' lang='lat' dir='ltr'><strong>permissum</strong></span> <span class='ocrx_word' id='word_1_126' title='bbox 3187 680 3493 749; x_wconf 86' lang='lat' dir='ltr'><strong>fugiamus,</strong></span> <span class='ocrx_word' id='word_1_127' title='bbox 3535 681 3786 734; x_wconf 87' lang='lat' dir='ltr'><strong>scientes</strong></span> 
     </span>
    </p>
   </div>
   <div class='ocr_carea' id='block_1_21' title="bbox 2196 772 3786 846">
    <p class='ocr_par' dir='ltr' id='par_1_21' title="bbox 2196 772 3786 846">
     <span class='ocr_line' id='line_1_21' title="bbox 2196 772 3786 846; baseline -0.004 -16"><span class='ocrx_word' id='word_1_128' title='bbox 2196 794 2314 830; x_wconf 89' lang='lat' dir='ltr'><strong>eam</strong></span> <span class='ocrx_word' id='word_1_129' title='bbox 2356 778 2560 846; x_wconf 88' lang='lat' dir='ltr'><strong>peccati</strong></span> <span class='ocrx_word' id='word_1_130' title='bbox 2609 793 2731 832; x_wconf 85' lang='lat' dir='ltr'><strong>esse</strong></span> <span class='ocrx_word' id='word_1_131' title='bbox 2775 787 3023 830; x_wconf 86' lang='lat' dir='ltr'><strong>matrem.</strong></span> <span class='ocrx_word' id='word_1_132' title='bbox 3063 772 3282 827; x_wconf 89' lang='lat' dir='ltr'><strong>Etenim</strong></span> <span class='ocrx_word' id='word_1_133' title='bbox 3306 773 3566 828; x_wconf 90' lang='lat' dir='ltr'><strong>decessor</strong></span> <span class='ocrx_word' id='word_1_134' title='bbox 3592 781 3786 826; x_wconf 88' lang='lat' dir='ltr'><strong>noster</strong></span> 
     </span>
    </p>
   </div>
   <div class='ocr_carea' id='block_1_22' title="bbox 2198 862 3785 936">
    <p class='ocr_par' dir='ltr' id='par_1_22' title="bbox 2198 862 3785 936">
     <span class='ocr_line' id='line_1_22' title="bbox 2198 862 3785 936; baseline -0.003 -17"><span class='ocrx_word' id='word_1_135' title='bbox 2198 866 2461 931; x_wconf 81' lang='lat' dir='ltr'><strong>Adamus,</strong></span> <span class='ocrx_word' id='word_1_136' title='bbox 2493 867 2736 936; x_wconf 89' lang='lat' dir='ltr'><strong>quandiu</strong></span> <span class='ocrx_word' id='word_1_137' title='bbox 2787 867 2856 919; x_wconf 89' lang='lat' dir='ltr'><strong>ab</strong></span> <span class='ocrx_word' id='word_1_138' title='bbox 2890 866 3182 920; x_wconf 88' lang='lat' dir='ltr'><strong>interdicto</strong></span> <span class='ocrx_word' id='word_1_139' title='bbox 3231 880 3324 918; x_wconf 89' lang='lat' dir='ltr'><strong>esu</strong></span> <span class='ocrx_word' id='word_1_140' title='bbox 3379 877 3437 917; x_wconf 88' lang='lat' dir='ltr'><strong>se</strong></span> <span class='ocrx_word' id='word_1_141' title='bbox 3463 862 3785 917; x_wconf 87' lang='lat' dir='ltr'><strong>abstinebat</strong></span> 
     </span>
    </p>
   </div>
   <div class='ocr_carea' id='block_1_23' title="bbox 2199 952 3783 1026">
    <p class='ocr_par' dir='ltr' id='par_1_23' title="bbox 2199 952 3783 1026">
     <span class='ocr_line' id='line_1_23' title="bbox 2199 952 3783 1026; baseline -0.005 -14"><span class='ocrx_word' id='word_1_142' title='bbox 2199 959 2252 1012; x_wconf 91' lang='lat' dir='ltr'><strong>in</strong></span> <span class='ocrx_word' id='word_1_143' title='bbox 2291 960 2556 1026; x_wconf 88' lang='lat' dir='ltr'><strong>pomario,</strong></span> <span class='ocrx_word' id='word_1_144' title='bbox 2624 957 2908 1012; x_wconf 63' lang='lat' dir='ltr'><strong>laetabatur</strong></span> <span class='ocrx_word' id='word_1_145' title='bbox 2960 970 3024 1010; x_wconf 86' lang='lat' dir='ltr'><strong>ac</strong></span> <span class='ocrx_word' id='word_1_146' title='bbox 3058 956 3287 1017; x_wconf 87' lang='lat' dir='ltr'><strong>ovabat,</strong></span> <span class='ocrx_word' id='word_1_147' title='bbox 3321 961 3535 1008; x_wconf 85' lang='lat' dir='ltr'><strong>mactus</strong></span> <span class='ocrx_word' id='word_1_148' title='bbox 3574 952 3783 1006; x_wconf 81' lang='lat' dir='ltr'><strong>divinis</strong></span> 
     </span>
    </p>
   </div>
   <div class='ocr_carea' id='block_1_24' title="bbox 2198 1043 3783 1116">
    <p class='ocr_par' dir='ltr' id='par_1_24' title="bbox 2198 1043 3783 1116">
     <span class='ocr_line' id='line_1_24' title="bbox 2198 1043 3783 1116; baseline -0.005 -14"><span class='ocrx_word' id='word_1_149' title='bbox 2198 1048 2476 1103; x_wconf 89' lang='lat' dir='ltr'><strong>obtutibus</strong></span> <span class='ocrx_word' id='word_1_150' title='bbox 2539 1059 2590 1103; x_wconf 91' lang='lat' dir='ltr'><strong>et</strong></span> <span class='ocrx_word' id='word_1_151' title='bbox 2623 1049 2826 1113; x_wconf 90' lang='lat' dir='ltr'><strong>initiis;</strong></span> <span class='ocrx_word' id='word_1_152' title='bbox 2879 1047 3134 1116; x_wconf 87' lang='lat' dir='ltr'><strong>victoque</strong></span> <span class='ocrx_word' id='word_1_153' title='bbox 3180 1043 3575 1100; x_wconf 88' lang='lat' dir='ltr'><strong>incontinentia</strong></span> <span class='ocrx_word' id='word_1_154' title='bbox 3614 1043 3783 1096; x_wconf 84' lang='lat' dir='ltr'><strong>vetita</strong></span> 
     </span>
    </p>
   </div>
   <div class='ocr_carea' id='block_1_25' title="bbox 2197 1135 3782 1211">
    <p class='ocr_par' dir='ltr' id='par_1_25' title="bbox 2197 1135 3782 1211">
     <span class='ocr_line' id='line_1_25' title="bbox 2197 1135 3782 1211; baseline -0.004 -16"><span class='ocrx_word' id='word_1_155' title='bbox 2197 1142 2393 1195; x_wconf 90' lang='lat' dir='ltr'><strong>arbore</strong></span> <span class='ocrx_word' id='word_1_156' title='bbox 2439 1151 2722 1211; x_wconf 87' lang='lat' dir='ltr'><strong>percepta,</strong></span> <span class='ocrx_word' id='word_1_157' title='bbox 2782 1140 3054 1208; x_wconf 83' lang='lat' dir='ltr'><strong>extemplo</strong></span> <span class='ocrx_word' id='word_1_158' title='bbox 3119 1137 3346 1207; x_wconf 87' lang='lat' dir='ltr'><strong>pomarii</strong></span> <span class='ocrx_word' id='word_1_159' title='bbox 3397 1135 3607 1189; x_wconf 90' lang='lat' dir='ltr'><strong>deliciis</strong></span> <span class='ocrx_word' id='word_1_160' title='bbox 3650 1149 3782 1202; x_wconf 91' lang='lat' dir='ltr'><strong>pro-</strong></span> 
     </span>
    </p>
   </div>
   <div class='ocr_carea' id='block_1_26' title="bbox 2198 1223 3657 1300">
    <p class='ocr_par' dir='ltr' id='par_1_26' title="bbox 2198 1223 3657 1300">
     <span class='ocr_line' id='line_1_26' title="bbox 2198 1223 3657 1300; baseline -0.009 -15"><span class='ocrx_word' id='word_1_161' title='bbox 2198 1231 2402 1300; x_wconf 84' lang='lat' dir='ltr'><strong>scripto</strong></span> <span class='ocrx_word' id='word_1_162' title='bbox 2434 1231 2625 1285; x_wconf 91' lang='lat' dir='ltr'><strong>mortis</strong></span> <span class='ocrx_word' id='word_1_163' title='bbox 2656 1229 2888 1299; x_wconf 78' lang='lat' dir='ltr'><strong>genitrix</strong></span> <span class='ocrx_word' id='word_1_164' title='bbox 2925 1226 3340 1295; x_wconf 83' lang='lat' dir='ltr'><strong>intemperantia</strong></span> <span class='ocrx_word' id='word_1_165' title='bbox 3371 1223 3515 1277; x_wconf 87' lang='lat' dir='ltr'><strong>facta</strong></span> <span class='ocrx_word' id='word_1_166' title='bbox 3551 1230 3657 1274; x_wconf 89' lang='lat' dir='ltr'><strong>est.</strong></span> 
     </span>
    </p>
   </div>
   <div class='ocr_carea' id='block_1_27' title="bbox 2269 1312 3782 1392">
    <p class='ocr_par' dir='ltr' id='par_1_27' title="bbox 2269 1312 3782 1392">
     <span class='ocr_line' id='line_1_27' title="bbox 2269 1312 3782 1392; baseline -0.009 -15"><span class='ocrx_word' id='word_1_167' title='bbox 2269 1323 2560 1377; x_wconf 73' lang='lat' dir='ltr'><strong>Sodomita:</strong></span> <span class='ocrx_word' id='word_1_168' title='bbox 2589 1337 2806 1392; x_wconf 92' lang='lat' dir='ltr'><strong>quoque</strong></span> <span class='ocrx_word' id='word_1_169' title='bbox 2834 1320 3027 1390; x_wconf 91' lang='lat' dir='ltr'><strong>perditi</strong></span> <span class='ocrx_word' id='word_1_170' title='bbox 3056 1335 3163 1387; x_wconf 55' lang='lat' dir='ltr'><strong>pra!</strong></span> <span class='ocrx_word' id='word_1_171' title='bbox 3181 1317 3527 1386; x_wconf 89' lang='lat' dir='ltr'><strong>cupediarum</strong></span> <span class='ocrx_word' id='word_1_172' title='bbox 3555 1312 3782 1366; x_wconf 64' lang='lat' dir='ltr'><strong>amuem</strong></span> 
     </span>
    </p>
   </div>
   <div class='ocr_carea' id='block_1_28' title="bbox 2198 1405 3780 1479">
    <p class='ocr_par' dir='ltr' id='par_1_28' title="bbox 2198 1405 3780 1479">
     <span class='ocr_line' id='line_1_28' title="bbox 2198 1405 3780 1479; baseline -0.008 -10"><span class='ocrx_word' id='word_1_173' title='bbox 2198 1416 2270 1470; x_wconf 90' lang='lat' dir='ltr'><strong>tia</strong></span> <span class='ocrx_word' id='word_1_174' title='bbox 2306 1415 2459 1479; x_wconf 83' lang='lat' dir='ltr'><strong>luxu,</strong></span> <span class='ocrx_word' id='word_1_175' title='bbox 2488 1415 2623 1468; x_wconf 84' lang='lat' dir='ltr'><strong>iram</strong></span> <span class='ocrx_word' id='word_1_176' title='bbox 2658 1415 2710 1468; x_wconf 92' lang='lat' dir='ltr'><strong>in</strong></span> <span class='ocrx_word' id='word_1_177' title='bbox 2739 1429 2797 1468; x_wconf 91' lang='lat' dir='ltr'><strong>se</strong></span> <span class='ocrx_word' id='word_1_178' title='bbox 2822 1420 3145 1467; x_wconf 80' lang='lat' dir='ltr'><strong>contraxere</strong></span> <span class='ocrx_word' id='word_1_179' title='bbox 3171 1410 3287 1472; x_wconf 88' lang='lat' dir='ltr'><strong>Dei,</strong></span> <span class='ocrx_word' id='word_1_180' title='bbox 3341 1409 3604 1479; x_wconf 87' lang='lat' dir='ltr'><strong>sulphure</strong></span> <span class='ocrx_word' id='word_1_181' title='bbox 3634 1405 3746 1476; x_wconf 90' lang='lat' dir='ltr'><strong>igni</strong></span> <span class='ocrx_word' id='word_1_182' title='bbox 3766 1435 3780 1444; x_wconf 88' lang='lat'><strong>-</strong></span> 
     </span>
    </p>
   </div>
   <div class='ocr_carea' id='block_1_29' title="bbox 2196 1500 3782 1576">
    <p class='ocr_par' dir='ltr' id='par_1_29' title="bbox 2196 1500 3782 1576">
     <span class='ocr_line' id='line_1_29' title="bbox 2196 1500 3782 1576; baseline -0.006 -14"><span class='ocrx_word' id='word_1_183' title='bbox 2196 1523 2302 1576; x_wconf 88' lang='lat' dir='ltr'><strong>que</strong></span> <span class='ocrx_word' id='word_1_184' title='bbox 2360 1507 2560 1561; x_wconf 87' lang='lat' dir='ltr'><strong>obruti.</strong></span> <span class='ocrx_word' id='word_1_185' title='bbox 2605 1503 2716 1560; x_wconf 89' lang='lat' dir='ltr'><strong>Nec</strong></span> <span class='ocrx_word' id='word_1_186' title='bbox 2748 1519 2855 1559; x_wconf 93' lang='lat' dir='ltr'><strong>non</strong></span> <span class='ocrx_word' id='word_1_187' title='bbox 2907 1513 2959 1557; x_wconf 91' lang='lat' dir='ltr'><strong>et</strong></span> <span class='ocrx_word' id='word_1_188' title='bbox 3008 1501 3148 1557; x_wconf 87' lang='lat' dir='ltr'><strong>Esau</strong></span> <span class='ocrx_word' id='word_1_189' title='bbox 3204 1502 3292 1556; x_wconf 91' lang='lat' dir='ltr'><strong>ille</strong></span> <span class='ocrx_word' id='word_1_190' title='bbox 3321 1517 3553 1563; x_wconf 80' lang='lat' dir='ltr'><strong>exosus,</strong></span> <span class='ocrx_word' id='word_1_191' title='bbox 3596 1500 3782 1554; x_wconf 80' lang='lat' dir='ltr'><strong>avaris</strong></span> 
     </span>
    </p>
   </div>
   <div class='ocr_carea' id='block_1_30' title="bbox 2200 1592 3781 1665">
    <p class='ocr_par' dir='ltr' id='par_1_30' title="bbox 2200 1592 3781 1665">
     <span class='ocr_line' id='line_1_30' title="bbox 2200 1592 3781 1665; baseline -0.006 -12"><span class='ocrx_word' id='word_1_192' title='bbox 2200 1598 2377 1653; x_wconf 90' lang='lat' dir='ltr'><strong>oculis</strong></span> <span class='ocrx_word' id='word_1_193' title='bbox 2399 1597 2694 1659; x_wconf 90' lang='lat' dir='ltr'><strong>inescatus,</strong></span> <span class='ocrx_word' id='word_1_194' title='bbox 2734 1595 2983 1665; x_wconf 78' lang='lat' dir='ltr'><strong>pauxillo</strong></span> <span class='ocrx_word' id='word_1_195' title='bbox 3009 1593 3174 1648; x_wconf 91' lang='lat' dir='ltr'><strong>edulii</strong></span> <span class='ocrx_word' id='word_1_196' title='bbox 3203 1592 3611 1662; x_wconf 75' lang='lat' dir='ltr'><strong>pnerogativam</strong></span> <span class='ocrx_word' id='word_1_197' title='bbox 3643 1607 3781 1644; x_wconf 87' lang='lat' dir='ltr'><strong>ven-</strong></span> 
     </span>
    </p>
   </div>
   <div class='ocr_carea' id='block_1_31' title="bbox 520 1683 3784 1775">
    <p class='ocr_par' dir='ltr' id='par_1_31' title="bbox 520 1683 3784 1775">
     <span class='ocr_line' id='line_1_31' title="bbox 520 1683 3784 1775; baseline -0.001 -39"><span class='ocrx_word' id='word_1_198' title='bbox 520 1684 832 1738; x_wconf 87' lang='lat' dir='ltr'><strong>restitutum</strong></span> <span class='ocrx_word' id='word_1_199' title='bbox 874 1684 939 1739; x_wconf 90' lang='lat' dir='ltr'><strong>de</strong></span> <span class='ocrx_word' id='word_1_200' title='bbox 974 1687 1183 1756; x_wconf 86' lang='lat' dir='ltr'><strong>integro</strong></span> <span class='ocrx_word' id='word_1_201' title='bbox 1211 1687 1407 1741; x_wconf 75' lang='lat' dir='ltr'><strong>ccelum</strong></span> <span class='ocrx_word' id='word_1_202' title='bbox 1460 1688 1580 1741; x_wconf 82' lang='lat' dir='ltr'><strong>est?</strong></span> <span class='ocrx_word' id='word_1_203' title='bbox 1610 1687 1754 1742; x_wconf 84' lang='lat' dir='ltr'><strong>Idem</strong></span> <span class='ocrx_word' id='word_1_204' title='bbox 1790 1690 1843 1742; x_wconf 92' lang='lat' dir='ltr'><strong>in</strong></span> <span class='ocrx_word' id='word_1_205' title='bbox 1891 1690 2099 1758; x_wconf 84' lang='lat' dir='ltr'><strong>e0gita-</strong></span> <span class='ocrx_word' id='word_1_206' title='bbox 2135 1722 2173 1775; x_wconf 76' lang='grc' dir='ltr'>Β</span> <span class='ocrx_word' id='word_1_207' title='bbox 2199 1689 2555 1744; x_wconf 68' lang='grc' dir='ltr'><strong>όίἁίιξειιιιίς.</strong></span> <span class='ocrx_word' id='word_1_208' title='bbox 2577 1687 2721 1753; x_wconf 92' lang='lat' dir='ltr'><strong>Quin</strong></span> <span class='ocrx_word' id='word_1_209' title='bbox 2745 1686 2838 1741; x_wconf 88' lang='lat' dir='ltr'><strong>Dei</strong></span> <span class='ocrx_word' id='word_1_210' title='bbox 2865 1686 3100 1756; x_wconf 91' lang='lat' dir='ltr'><strong>populus</strong></span> <span class='ocrx_word' id='word_1_211' title='bbox 3119 1685 3242 1739; x_wconf 86' lang='lat' dir='ltr'><strong>cibo</strong></span> <span class='ocrx_word' id='word_1_212' title='bbox 3294 1692 3534 1753; x_wconf 87' lang='lat' dir='ltr'><strong>potuque</strong></span> <span class='ocrx_word' id='word_1_213' title='bbox 3555 1683 3784 1750; x_wconf 86' lang='lat' dir='ltr'><strong>capien-</strong></span> 
     </span>
    </p>
   </div>
   <div class='ocr_carea' id='block_1_32' title="bbox 523 1775 2096 1847">
    <p class='ocr_par' dir='ltr' id='par_1_32' title="bbox 523 1775 2096 1847">
     <span class='ocr_line' id='line_1_32' title="bbox 523 1775 2096 1847; baseline 0.006 -21"><span class='ocrx_word' id='word_1_214' title='bbox 523 1775 763 1830; x_wconf 90' lang='lat' dir='ltr'><strong>tionibus</strong></span> <span class='ocrx_word' id='word_1_215' title='bbox 791 1778 955 1839; x_wconf 87' lang='lat' dir='ltr'><strong>valet,</strong></span> <span class='ocrx_word' id='word_1_216' title='bbox 976 1778 1196 1847; x_wconf 91' lang='lat' dir='ltr'><strong>paulum</strong></span> <span class='ocrx_word' id='word_1_217' title='bbox 1235 1781 1588 1844; x_wconf 90' lang='lat' dir='ltr'><strong>conturbant,</strong></span> <span class='ocrx_word' id='word_1_218' title='bbox 1617 1790 1670 1833; x_wconf 91' lang='lat' dir='ltr'><strong>et</strong></span> <span class='ocrx_word' id='word_1_219' title='bbox 1702 1780 1883 1835; x_wconf 90' lang='lat' dir='ltr'><strong>denuo</strong></span> <span class='ocrx_word' id='word_1_220' title='bbox 1902 1781 2096 1834; x_wconf 88' lang='lat' dir='ltr'><strong>absce-</strong></span> 
     </span>
    </p>
   </div>
   <div class='ocr_carea' id='block_1_33' title="bbox 521 1868 2096 1940">
    <p class='ocr_par' dir='ltr' id='par_1_33' title="bbox 521 1868 2096 1940">
     <span class='ocr_line' id='line_1_33' title="bbox 521 1868 2096 1940; baseline 0.004 -22"><span class='ocrx_word' id='word_1_221' title='bbox 521 1868 676 1921; x_wconf 91' lang='lat' dir='ltr'><strong>dunt.</strong></span> <span class='ocrx_word' id='word_1_222' title='bbox 712 1869 892 1939; x_wconf 82' lang='lat' dir='ltr'><strong>Atque</strong></span> <span class='ocrx_word' id='word_1_223' title='bbox 925 1870 1132 1922; x_wconf 91' lang='lat' dir='ltr'><strong>utinam</strong></span> <span class='ocrx_word' id='word_1_224' title='bbox 1162 1870 1229 1924; x_wconf 93' lang='lat' dir='ltr'><strong>iis</strong></span> <span class='ocrx_word' id='word_1_225' title='bbox 1254 1871 1410 1940; x_wconf 89' lang='lat' dir='ltr'><strong>plane</strong></span> <span class='ocrx_word' id='word_1_226' title='bbox 1445 1872 1588 1924; x_wconf 89' lang='lat' dir='ltr'><strong>haud</strong></span> <span class='ocrx_word' id='word_1_227' title='bbox 1624 1872 1910 1940; x_wconf 84' lang='lat' dir='ltr'><strong>capiamur</strong></span> <span class='ocrx_word' id='word_1_228' title='bbox 1937 1874 1948 1924; x_wconf 89' lang='lat'>!</span> <span class='ocrx_word' id='word_1_229' title='bbox 1972 1887 2096 1925; x_wconf 91' lang='lat' dir='ltr'><strong>nam</strong></span> 
     </span>
    </p>
   </div>
   <div class='ocr_carea' id='block_1_34' title="bbox 521 1957 2096 2029">
    <p class='ocr_par' dir='ltr' id='par_1_34' title="bbox 521 1957 2096 2029">
     <span class='ocr_line' id='line_1_34' title="bbox 521 1957 2096 2029; baseline 0.004 -21"><span class='ocrx_word' id='word_1_230' title='bbox 521 1957 710 2025; x_wconf 90' lang='lat' dir='ltr'><strong>quidni</strong></span> <span class='ocrx_word' id='word_1_231' title='bbox 767 1974 956 2028; x_wconf 91' lang='lat' dir='ltr'><strong>pacem</strong></span> <span class='ocrx_word' id='word_1_232' title='bbox 1004 1959 1271 2014; x_wconf 90' lang='lat' dir='ltr'><strong>habemus</strong></span> <span class='ocrx_word' id='word_1_233' title='bbox 1305 1960 1357 2013; x_wconf 90' lang='lat' dir='ltr'><strong>in</strong></span> <span class='ocrx_word' id='word_1_234' title='bbox 1401 1961 1600 2014; x_wconf 88' lang='lat' dir='ltr'><strong>animis</strong></span> <span class='ocrx_word' id='word_1_235' title='bbox 1628 1961 1963 2029; x_wconf 88' lang='lat' dir='ltr'><strong>perennem?</strong></span> <span class='ocrx_word' id='word_1_236' title='bbox 2002 1962 2096 2015; x_wconf 89' lang='lat' dir='ltr'><strong>sed</strong></span> 
     </span>
    </p>
   </div>
   <div class='ocr_carea' id='block_1_35' title="bbox 521 2050 2097 2120">
    <p class='ocr_par' dir='ltr' id='par_1_35' title="bbox 521 2050 2097 2120">
     <span class='ocr_line' id='line_1_35' title="bbox 521 2050 2097 2120; baseline 0.003 -19"><span class='ocrx_word' id='word_1_237' title='bbox 521 2065 863 2120; x_wconf 76' lang='lat' dir='ltr'><strong>nequaquam</strong></span> <span class='ocrx_word' id='word_1_238' title='bbox 901 2050 986 2104; x_wconf 89' lang='lat' dir='ltr'><strong>fas</strong></span> <span class='ocrx_word' id='word_1_239' title='bbox 1038 2060 1143 2114; x_wconf 88' lang='lat' dir='ltr'><strong>est,</strong></span> <span class='ocrx_word' id='word_1_240' title='bbox 1178 2061 1472 2120; x_wconf 83' lang='lat' dir='ltr'><strong>postquam</strong></span> <span class='ocrx_word' id='word_1_241' title='bbox 1517 2052 1618 2106; x_wconf 88' lang='lat' dir='ltr'><strong>sub</strong></span> <span class='ocrx_word' id='word_1_242' title='bbox 1677 2052 2097 2105; x_wconf 87' lang='lat' dir='ltr'><strong>mutabilitatem</strong></span> 
     </span>
    </p>
   </div>
   <div class='ocr_carea' id='block_1_36' title="bbox 522 2138 2100 2211">
    <p class='ocr_par' dir='ltr' id='par_1_36' title="bbox 522 2138 2100 2211">
     <span class='ocr_line' id='line_1_36' title="bbox 522 2138 2100 2211; baseline 0.003 -22"><span class='ocrx_word' id='word_1_243' title='bbox 522 2138 750 2205; x_wconf 85' lang='lat' dir='ltr'><strong>subjecti</strong></span> <span class='ocrx_word' id='word_1_244' title='bbox 785 2153 886 2192; x_wconf 90' lang='lat' dir='ltr'><strong>nec</strong></span> <span class='ocrx_word' id='word_1_245' title='bbox 921 2138 1064 2192; x_wconf 90' lang='lat' dir='ltr'><strong>diem</strong></span> <span class='ocrx_word' id='word_1_246' title='bbox 1083 2153 1473 2208; x_wconf 88' lang='lat' dir='ltr'><strong>permanemus</strong></span> <span class='ocrx_word' id='word_1_247' title='bbox 1513 2139 1701 2204; x_wconf 91' lang='lat' dir='ltr'><strong>iidem,</strong></span> <span class='ocrx_word' id='word_1_248' title='bbox 1738 2141 1937 2194; x_wconf 88' lang='lat' dir='ltr'><strong>nedum</strong></span> <span class='ocrx_word' id='word_1_249' title='bbox 1978 2157 2100 2211; x_wconf 89' lang='lat' dir='ltr'><strong>per-</strong></span> 
     </span>
    </p>
   </div>
   <div class='ocr_carea' id='block_1_37' title="bbox 522 2238 707 2297">
    <p class='ocr_par' dir='ltr' id='par_1_37' title="bbox 522 2238 707 2297">
     <span class='ocr_line' id='line_1_37' title="bbox 522 2238 707 2297; baseline 0.016 -18"><span class='ocrx_word' id='word_1_250' title='bbox 522 2238 707 2297; x_wconf 75' lang='lat' dir='ltr'><strong>petat).</strong></span> 
     </span>
    </p>
   </div>
   <div class='ocr_carea' id='block_1_38' title="bbox 597 2316 2097 2388">
    <p class='ocr_par' dir='ltr' id='par_1_38' title="bbox 597 2316 2097 2388">
     <span class='ocr_line' id='line_1_38' title="bbox 597 2316 2097 2388; baseline 0.001 -17"><span class='ocrx_word' id='word_1_251' title='bbox 597 2317 714 2372; x_wconf 82' lang='lat' dir='ltr'><strong>Jam</strong></span> <span class='ocrx_word' id='word_1_252' title='bbox 748 2316 951 2372; x_wconf 88' lang='lat' dir='ltr'><strong>videsis</strong></span> <span class='ocrx_word' id='word_1_253' title='bbox 982 2317 1118 2371; x_wconf 91' lang='lat' dir='ltr'><strong>mihi</strong></span> <span class='ocrx_word' id='word_1_254' title='bbox 1166 2318 1508 2372; x_wconf 86' lang='lat' dir='ltr'><strong>atrocitatem</strong></span> <span class='ocrx_word' id='word_1_255' title='bbox 1556 2319 1779 2384; x_wconf 90' lang='lat' dir='ltr'><strong>diaboli,</strong></span> <span class='ocrx_word' id='word_1_256' title='bbox 1829 2319 2097 2388; x_wconf 88' lang='lat' dir='ltr'><strong>siquidem</strong></span> 
     </span>
    </p>
   </div>
   <div class='ocr_carea' id='block_1_39' title="bbox 525 2409 2091 2480">
    <p class='ocr_par' dir='ltr' id='par_1_39' title="bbox 525 2409 2091 2480">
     <span class='ocr_line' id='line_1_39' title="bbox 525 2409 2091 2480; baseline 0.002 -19"><span class='ocrx_word' id='word_1_257' title='bbox 525 2411 692 2463; x_wconf 89' lang='lat' dir='ltr'><strong>instat</strong></span> <span class='ocrx_word' id='word_1_258' title='bbox 716 2409 994 2479; x_wconf 89' lang='lat' dir='ltr'><strong>repulsus,</strong></span> <span class='ocrx_word' id='word_1_259' title='bbox 1033 2424 1096 2464; x_wconf 86' lang='lat' dir='ltr'><strong>ac</strong></span> <span class='ocrx_word' id='word_1_260' title='bbox 1132 2410 1370 2464; x_wconf 67' lang='lat' dir='ltr'><strong>tenebrae</strong></span> <span class='ocrx_word' id='word_1_261' title='bbox 1400 2424 1523 2463; x_wconf 89' lang='lat' dir='ltr'><strong>cum</strong></span> <span class='ocrx_word' id='word_1_262' title='bbox 1553 2410 1647 2472; x_wconf 87' lang='lat' dir='ltr'><strong>sit,</strong></span> <span class='ocrx_word' id='word_1_263' title='bbox 1675 2410 1728 2463; x_wconf 93' lang='lat' dir='ltr'><strong>in</strong></span> <span class='ocrx_word' id='word_1_264' title='bbox 1761 2411 2010 2480; x_wconf 86' lang='lat' dir='ltr'><strong>angelum</strong></span> <span class='ocrx_word' id='word_1_265' title='bbox 2032 2426 2091 2464; x_wconf 90' lang='lat' dir='ltr'><strong>se</strong></span> 
     </span>
    </p>
   </div>
   <div class='ocr_carea' id='block_1_40' title="bbox 524 2500 2100 2569">
    <p class='ocr_par' dir='ltr' id='par_1_40' title="bbox 524 2500 2100 2569">
     <span class='ocr_line' id='line_1_40' title="bbox 524 2500 2100 2569; baseline 0.001 -16"><span class='ocrx_word' id='word_1_266' title='bbox 524 2500 812 2567; x_wconf 84' lang='lat' dir='ltr'><strong>quemdam</strong></span> <span class='ocrx_word' id='word_1_267' title='bbox 870 2501 1110 2554; x_wconf 92' lang='lat' dir='ltr'><strong>lucidum</strong></span> <span class='ocrx_word' id='word_1_268' title='bbox 1160 2501 1408 2569; x_wconf 79' lang='lat' dir='ltr'><strong>diffingit,</strong></span> <span class='ocrx_word' id='word_1_269' title='bbox 1439 2502 1566 2554; x_wconf 91' lang='lat' dir='ltr'><strong>dolo</strong></span> <span class='ocrx_word' id='word_1_270' title='bbox 1617 2516 1718 2554; x_wconf 92' lang='lat' dir='ltr'><strong>nos</strong></span> <span class='ocrx_word' id='word_1_271' title='bbox 1772 2502 2100 2569; x_wconf 84' lang='lat' dir='ltr'><strong>intercipere</strong></span> 
     </span>
    </p>
   </div>
   <div class='ocr_carea' id='block_1_41' title="bbox 524 2589 2101 2647">
    <p class='ocr_par' dir='ltr' id='par_1_41' title="bbox 524 2589 2101 2647">
     <span class='ocr_line' id='line_1_41' title="bbox 524 2589 2101 2647; baseline 0.001 -3"><span class='ocrx_word' id='word_1_272' title='bbox 524 2593 733 2646; x_wconf 85' lang='lat' dir='ltr'><strong>volens.</strong></span> <span class='ocrx_word' id='word_1_273' title='bbox 763 2589 964 2646; x_wconf 80' lang='lat' dir='ltr'><strong>Verum</strong></span> <span class='ocrx_word' id='word_1_274' title='bbox 1023 2592 1256 2645; x_wconf 85' lang='lat' dir='ltr'><strong>facessat</strong></span> <span class='ocrx_word' id='word_1_275' title='bbox 1307 2607 1336 2644; x_wconf 89' lang='lat' dir='ltr'><strong>a</strong></span> <span class='ocrx_word' id='word_1_276' title='bbox 1388 2593 1544 2645; x_wconf 90' lang='lat' dir='ltr'><strong>nobis</strong></span> <span class='ocrx_word' id='word_1_277' title='bbox 1602 2594 1767 2646; x_wconf 88' lang='lat' dir='ltr'><strong>draco</strong></span> <span class='ocrx_word' id='word_1_278' title='bbox 1823 2592 2101 2647; x_wconf 88' lang='lat' dir='ltr'><strong>dicamus-</strong></span> 
     </span>
    </p>
   </div>
   <div class='ocr_carea' id='block_1_42' title="bbox 524 2679 2103 2751">
    <p class='ocr_par' dir='ltr' id='par_1_42' title="bbox 524 2679 2103 2751">
     <span class='ocr_line' id='line_1_42' title="bbox 524 2679 2103 2751; baseline 0.003 -17"><span class='ocrx_word' id='word_1_279' title='bbox 524 2698 652 2751; x_wconf 84' lang='lat' dir='ltr'><strong>que,</strong></span> <span class='ocrx_word' id='word_1_280' title='bbox 683 2681 799 2737; x_wconf 84' lang='lat' dir='ltr'><strong>Non</strong></span> <span class='ocrx_word' id='word_1_281' title='bbox 837 2693 908 2748; x_wconf 90' lang='lat' dir='ltr'><strong>te,</strong></span> <span class='ocrx_word' id='word_1_282' title='bbox 934 2679 1172 2748; x_wconf 87' lang='lat' dir='ltr'><strong>Christe,</strong></span> <span class='ocrx_word' id='word_1_283' title='bbox 1199 2696 1481 2750; x_wconf 89' lang='lat' dir='ltr'><strong>negamus,</strong></span> <span class='ocrx_word' id='word_1_284' title='bbox 1507 2695 1614 2735; x_wconf 92' lang='lat' dir='ltr'><strong>non</strong></span> <span class='ocrx_word' id='word_1_285' title='bbox 1645 2682 1855 2736; x_wconf 91' lang='lat' dir='ltr'><strong>beatam</strong></span> <span class='ocrx_word' id='word_1_286' title='bbox 1887 2682 2103 2738; x_wconf 82' lang='lat' dir='ltr'><strong>confes-</strong></span> 
     </span>
    </p>
   </div>
   <div class='ocr_carea' id='block_1_43' title="bbox 527 2773 2102 2844">
    <p class='ocr_par' dir='ltr' id='par_1_43' title="bbox 527 2773 2102 2844">
     <span class='ocr_line' id='line_1_43' title="bbox 527 2773 2102 2844; baseline 0.004 -20"><span class='ocrx_word' id='word_1_287' title='bbox 527 2773 739 2827; x_wconf 71' lang='lat' dir='ltr'><strong>sionem</strong></span> <span class='ocrx_word' id='word_1_288' title='bbox 768 2773 1086 2836; x_wconf 90' lang='lat' dir='ltr'><strong>mentimur,</strong></span> <span class='ocrx_word' id='word_1_289' title='bbox 1121 2787 1230 2827; x_wconf 89' lang='lat' dir='ltr'><strong>non</strong></span> <span class='ocrx_word' id='word_1_290' title='bbox 1256 2773 1623 2842; x_wconf 84' lang='lat' dir='ltr'><strong>virginitatem</strong></span> <span class='ocrx_word' id='word_1_291' title='bbox 1657 2776 1967 2844; x_wconf 90' lang='lat' dir='ltr'><strong>prodimus,</strong></span> <span class='ocrx_word' id='word_1_292' title='bbox 1992 2792 2102 2830; x_wconf 88' lang='lat' dir='ltr'><strong>non</strong></span> 
     </span>
    </p>
   </div>
   <div class='ocr_carea' id='block_1_44' title="bbox 528 2864 2100 2935">
    <p class='ocr_par' dir='ltr' id='par_1_44' title="bbox 528 2864 2100 2935">
     <span class='ocr_line' id='line_1_44' title="bbox 528 2864 2100 2935; baseline 0.003 -19"><span class='ocrx_word' id='word_1_293' title='bbox 528 2867 954 2930; x_wconf 74' lang='lat' dir='ltr'><strong>generositatem</strong></span> <span class='ocrx_word' id='word_1_294' title='bbox 986 2864 1332 2933; x_wconf 91' lang='lat' dir='ltr'><strong>projicimus,</strong></span> <span class='ocrx_word' id='word_1_295' title='bbox 1360 2880 1536 2935; x_wconf 89' lang='lat' dir='ltr'><strong>neque</strong></span> <span class='ocrx_word' id='word_1_296' title='bbox 1565 2867 1710 2919; x_wconf 88' lang='lat' dir='ltr'><strong>enim</strong></span> <span class='ocrx_word' id='word_1_297' title='bbox 1743 2868 1875 2921; x_wconf 91' lang='lat' dir='ltr'><strong>estis</strong></span> <span class='ocrx_word' id='word_1_298' title='bbox 1908 2869 2100 2934; x_wconf 91' lang='lat' dir='ltr'><strong>nescii,</strong></span> 
     </span>
    </p>
   </div>
   <div class='ocr_carea' id='block_1_45' title="bbox 529 2954 2104 3024">
    <p class='ocr_par' dir='ltr' id='par_1_45' title="bbox 529 2954 2104 3024">
     <span class='ocr_line' id='line_1_45' title="bbox 529 2954 2104 3024; baseline 0.003 -17"><span class='ocrx_word' id='word_1_299' title='bbox 529 2955 746 3016; x_wconf 85' lang='lat' dir='ltr'><strong>fratres,</strong></span> <span class='ocrx_word' id='word_1_300' title='bbox 789 2969 819 3008; x_wconf 89' lang='lat' dir='ltr'><strong>e</strong></span> <span class='ocrx_word' id='word_1_301' title='bbox 861 2954 1060 3023; x_wconf 92' lang='lat' dir='ltr'><strong>quibus</strong></span> <span class='ocrx_word' id='word_1_302' title='bbox 1095 2955 1147 3008; x_wconf 90' lang='lat' dir='ltr'><strong>in</strong></span> <span class='ocrx_word' id='word_1_303' title='bbox 1178 2971 1299 3024; x_wconf 70' lang='lat' dir='ltr'><strong>qua:</strong></span> <span class='ocrx_word' id='word_1_304' title='bbox 1329 2957 1650 3012; x_wconf 90' lang='lat' dir='ltr'><strong>recidimus.</strong></span> <span class='ocrx_word' id='word_1_305' title='bbox 1677 2957 1763 3010; x_wconf 88' lang='lat' dir='ltr'><strong>An</strong></span> <span class='ocrx_word' id='word_1_306' title='bbox 1795 2973 1897 3012; x_wconf 91' lang='lat' dir='ltr'><strong>nou</strong></span> <span class='ocrx_word' id='word_1_307' title='bbox 1926 2973 1956 3012; x_wconf 92' lang='lat' dir='ltr'><strong>e</strong></span> <span class='ocrx_word' id='word_1_308' title='bbox 1983 2974 2104 3013; x_wconf 89' lang='lat' dir='ltr'><strong>sor-</strong></span> 
     </span>
    </p>
   </div>
   <div class='ocr_carea' id='block_1_46' title="bbox 2202 1773 3782 1845">
    <p class='ocr_par' dir='ltr' id='par_1_46' title="bbox 2202 1773 3782 1845">
     <span class='ocr_line' id='line_1_46' title="bbox 2202 1773 3782 1845; baseline -0.005 -10"><span class='ocrx_word' id='word_1_309' title='bbox 2202 1783 2269 1835; x_wconf 93' lang='lat' dir='ltr'><strong>do</strong></span> <span class='ocrx_word' id='word_1_310' title='bbox 2299 1781 2508 1845; x_wconf 87' lang='lat' dir='ltr'><strong>sedere,</strong></span> <span class='ocrx_word' id='word_1_311' title='bbox 2539 1794 2606 1835; x_wconf 91' lang='lat' dir='ltr'><strong>ac</strong></span> <span class='ocrx_word' id='word_1_312' title='bbox 2632 1793 2921 1834; x_wconf 78' lang='lat' dir='ltr'><strong>surrexere</strong></span> <span class='ocrx_word' id='word_1_313' title='bbox 2967 1777 3174 1831; x_wconf 83' lang='lat' dir='ltr'><strong>ludere.</strong></span> <span class='ocrx_word' id='word_1_314' title='bbox 3215 1773 3401 1844; x_wconf 77' lang='lat' dir='ltr'><strong>Neque</strong></span> <span class='ocrx_word' id='word_1_315' title='bbox 3436 1774 3526 1828; x_wconf 91' lang='lat' dir='ltr'><strong>his</strong></span> <span class='ocrx_word' id='word_1_316' title='bbox 3561 1775 3782 1828; x_wconf 70' lang='lat' dir='ltr'><strong>diversa</strong></span> 
     </span>
    </p>
   </div>
   <div class='ocr_carea' id='block_1_47' title="bbox 2202 1867 3781 1940">
    <p class='ocr_par' dir='ltr' id='par_1_47' title="bbox 2202 1867 3781 1940">
     <span class='ocr_line' id='line_1_47' title="bbox 2202 1867 3781 1940; baseline -0.005 -14"><span class='ocrx_word' id='word_1_317' title='bbox 2202 1881 2327 1926; x_wconf 89' lang='lat' dir='ltr'><strong>sunt</strong></span> <span class='ocrx_word' id='word_1_318' title='bbox 2359 1888 2480 1940; x_wconf 67' lang='lat' dir='ltr'><strong>qua:</strong></span> <span class='ocrx_word' id='word_1_319' title='bbox 2512 1887 2606 1938; x_wconf 90' lang='lat' dir='ltr'><strong>per</strong></span> <span class='ocrx_word' id='word_1_320' title='bbox 2632 1872 2732 1926; x_wconf 93' lang='lat' dir='ltr'><strong>hos</strong></span> <span class='ocrx_word' id='word_1_321' title='bbox 2774 1871 2892 1924; x_wconf 87' lang='lat' dir='ltr'><strong>dies</strong></span> <span class='ocrx_word' id='word_1_322' title='bbox 2931 1869 3252 1924; x_wconf 86' lang='lat' dir='ltr'><strong>factitantur</strong></span> <span class='ocrx_word' id='word_1_323' title='bbox 3275 1907 3288 1930; x_wconf 95' lang='lat'><strong>,</strong></span> <span class='ocrx_word' id='word_1_324' title='bbox 3327 1867 3781 1930; x_wconf 87' lang='lat' dir='ltr'><strong>comessationes,</strong></span> 
     </span>
    </p>
   </div>
   <div class='ocr_carea' id='block_1_48' title="bbox 2202 1959 3784 2030">
    <p class='ocr_par' dir='ltr' id='par_1_48' title="bbox 2202 1959 3784 2030">
     <span class='ocr_line' id='line_1_48' title="bbox 2202 1959 3784 2030; baseline -0.003 -14"><span class='ocrx_word' id='word_1_325' title='bbox 2202 1963 2457 2028; x_wconf 79' lang='lat' dir='ltr'><strong>ebrietas,</strong></span> <span class='ocrx_word' id='word_1_326' title='bbox 2489 1964 2781 2026; x_wconf 87' lang='lat' dir='ltr'><strong>clamores,</strong></span> <span class='ocrx_word' id='word_1_327' title='bbox 2814 1961 3081 2016; x_wconf 89' lang='lat' dir='ltr'><strong>diabolica</strong></span> <span class='ocrx_word' id='word_1_328' title='bbox 3119 1960 3372 2030; x_wconf 87' lang='lat' dir='ltr'><strong>tripudia,</strong></span> <span class='ocrx_word' id='word_1_329' title='bbox 3412 1975 3533 2027; x_wconf 67' lang='lat' dir='ltr'><strong>qua:</strong></span> <span class='ocrx_word' id='word_1_330' title='bbox 3556 1974 3664 2014; x_wconf 89' lang='lat' dir='ltr'><strong>non</strong></span> <span class='ocrx_word' id='word_1_331' title='bbox 3697 1959 3784 2011; x_wconf 88' lang='lat' dir='ltr'><strong>in-</strong></span> 
     </span>
    </p>
   </div>
   <div class='ocr_carea' id='block_1_49' title="bbox 2204 2057 3786 2126">
    <p class='ocr_par' dir='ltr' id='par_1_49' title="bbox 2204 2057 3786 2126">
     <span class='ocr_line' id='line_1_49' title="bbox 2204 2057 3786 2126; baseline -0.001 -15"><span class='ocrx_word' id='word_1_332' title='bbox 2204 2059 2380 2112; x_wconf 91' lang='lat' dir='ltr'><strong>terdiu</strong></span> <span class='ocrx_word' id='word_1_333' title='bbox 2417 2057 2596 2113; x_wconf 92' lang='lat' dir='ltr'><strong>solum</strong></span> <span class='ocrx_word' id='word_1_334' title='bbox 2628 2059 2919 2122; x_wconf 89' lang='lat' dir='ltr'><strong>obcantur,</strong></span> <span class='ocrx_word' id='word_1_335' title='bbox 2952 2057 3046 2110; x_wconf 89' lang='lat' dir='ltr'><strong>sed</strong></span> <span class='ocrx_word' id='word_1_336' title='bbox 3097 2071 3353 2123; x_wconf 85' lang='lat' dir='ltr'><strong>magnam</strong></span> <span class='ocrx_word' id='word_1_337' title='bbox 3412 2070 3630 2126; x_wconf 88' lang='lat' dir='ltr'><strong>quoque</strong></span> <span class='ocrx_word' id='word_1_338' title='bbox 3659 2071 3786 2125; x_wconf 87' lang='lat' dir='ltr'><strong>par-</strong></span> 
     </span>
    </p>
   </div>
   <div class='ocr_carea' id='block_1_50' title="bbox 2207 2147 3780 2218">
    <p class='ocr_par' dir='ltr' id='par_1_50' title="bbox 2207 2147 3780 2218">
     <span class='ocr_line' id='line_1_50' title="bbox 2207 2147 3780 2218; baseline -0.002 -15"><span class='ocrx_word' id='word_1_339' title='bbox 2207 2159 2310 2205; x_wconf 91' lang='lat' dir='ltr'><strong>tem</strong></span> <span class='ocrx_word' id='word_1_340' title='bbox 2351 2151 2574 2218; x_wconf 81' lang='lat' dir='ltr'><strong>exigaut</strong></span> <span class='ocrx_word' id='word_1_341' title='bbox 2607 2150 2807 2205; x_wconf 88' lang='lat' dir='ltr'><strong>noctis.</strong></span> <span class='ocrx_word' id='word_1_342' title='bbox 2849 2147 3085 2204; x_wconf 86' lang='lat' dir='ltr'><strong>Tantum</strong></span> <span class='ocrx_word' id='word_1_343' title='bbox 3128 2149 3544 2218; x_wconf 85' lang='lat' dir='ltr'><strong>intemperantia</strong></span> <span class='ocrx_word' id='word_1_344' title='bbox 3577 2149 3780 2202; x_wconf 90' lang='lat' dir='ltr'><strong>malum</strong></span> 
     </span>
    </p>
   </div>
   <div class='ocr_carea' id='block_1_51' title="bbox 2202 2238 3787 2309">
    <p class='ocr_par' dir='ltr' id='par_1_51' title="bbox 2202 2238 3787 2309">
     <span class='ocr_line' id='line_1_51' title="bbox 2202 2238 3787 2309; baseline 0.001 -17"><span class='ocrx_word' id='word_1_345' title='bbox 2202 2247 2285 2293; x_wconf 89' lang='lat' dir='ltr'><strong>est</strong></span> <span class='ocrx_word' id='word_1_346' title='bbox 2317 2254 2411 2309; x_wconf 86' lang='lat' dir='ltr'><strong>per</strong></span> <span class='ocrx_word' id='word_1_347' title='bbox 2439 2256 2604 2309; x_wconf 89' lang='lat' dir='ltr'><strong>quam</strong></span> <span class='ocrx_word' id='word_1_348' title='bbox 2646 2241 2700 2293; x_wconf 92' lang='lat' dir='ltr'><strong>in</strong></span> <span class='ocrx_word' id='word_1_349' title='bbox 2739 2239 2926 2294; x_wconf 86' lang='lat' dir='ltr'><strong>orbem</strong></span> <span class='ocrx_word' id='word_1_350' title='bbox 2965 2254 3114 2293; x_wconf 90' lang='lat' dir='ltr'><strong>mors</strong></span> <span class='ocrx_word' id='word_1_351' title='bbox 3154 2240 3375 2303; x_wconf 90' lang='lat' dir='ltr'><strong>invasit,</strong></span> <span class='ocrx_word' id='word_1_352' title='bbox 3429 2246 3490 2292; x_wconf 92' lang='lat' dir='ltr'><strong>ut</strong></span> <span class='ocrx_word' id='word_1_353' title='bbox 3520 2238 3787 2293; x_wconf 79' lang='lat' dir='ltr'><strong>habendae</strong></span> 
     </span>
    </p>
   </div>
   <div class='ocr_carea' id='block_1_52' title="bbox 2203 2331 3781 2401">
    <p class='ocr_par' dir='ltr' id='par_1_52' title="bbox 2203 2331 3781 2401">
     <span class='ocr_line' id='line_1_52' title="bbox 2203 2331 3781 2401; baseline 0.001 -16"><span class='ocrx_word' id='word_1_354' title='bbox 2203 2331 2317 2385; x_wconf 88' lang='lat' dir='ltr'><strong>sint</strong></span> <span class='ocrx_word' id='word_1_355' title='bbox 2342 2332 2502 2387; x_wconf 88' lang='lat' dir='ltr'><strong>nobis</strong></span> <span class='ocrx_word' id='word_1_356' title='bbox 2530 2333 2640 2387; x_wconf 86' lang='lat' dir='ltr'><strong>Deo</strong></span> <span class='ocrx_word' id='word_1_357' title='bbox 2667 2333 2874 2401; x_wconf 66' lang='lat' dir='ltr'><strong>gratiae,</strong></span> <span class='ocrx_word' id='word_1_358' title='bbox 2913 2333 3006 2401; x_wconf 91' lang='lat' dir='ltr'><strong>qui</strong></span> <span class='ocrx_word' id='word_1_359' title='bbox 3035 2333 3103 2386; x_wconf 91' lang='lat' dir='ltr'><strong>ab</strong></span> <span class='ocrx_word' id='word_1_360' title='bbox 3133 2331 3282 2385; x_wconf 89' lang='lat' dir='ltr'><strong>inani</strong></span> <span class='ocrx_word' id='word_1_361' title='bbox 3317 2347 3384 2387; x_wconf 92' lang='lat' dir='ltr'><strong>eo</strong></span> <span class='ocrx_word' id='word_1_362' title='bbox 3412 2333 3665 2387; x_wconf 91' lang='lat' dir='ltr'><strong>instituto</strong></span> <span class='ocrx_word' id='word_1_363' title='bbox 3697 2347 3781 2386; x_wconf 89' lang='lat' dir='ltr'><strong>as-</strong></span> 
     </span>
    </p>
   </div>
   <div class='ocr_carea' id='block_1_53' title="bbox 2204 2422 3783 2493">
    <p class='ocr_par' dir='ltr' id='par_1_53' title="bbox 2204 2422 3783 2493">
     <span class='ocr_line' id='line_1_53' title="bbox 2204 2422 3783 2493; baseline 0.001 -18"><span class='ocrx_word' id='word_1_364' title='bbox 2204 2431 2380 2476; x_wconf 92' lang='lat' dir='ltr'><strong>sertos</strong></span> <span class='ocrx_word' id='word_1_365' title='bbox 2410 2423 2463 2475; x_wconf 92' lang='lat' dir='ltr'><strong>in</strong></span> <span class='ocrx_word' id='word_1_366' title='bbox 2493 2423 2635 2476; x_wconf 89' lang='lat' dir='ltr'><strong>hanc</strong></span> <span class='ocrx_word' id='word_1_367' title='bbox 2667 2422 2879 2476; x_wconf 90' lang='lat' dir='ltr'><strong>felicem</strong></span> <span class='ocrx_word' id='word_1_368' title='bbox 2913 2424 3191 2476; x_wconf 87' lang='lat' dir='ltr'><strong>transtulit</strong></span> <span class='ocrx_word' id='word_1_369' title='bbox 3237 2424 3424 2488; x_wconf 89' lang='lat' dir='ltr'><strong>vitam,</strong></span> <span class='ocrx_word' id='word_1_370' title='bbox 3454 2424 3506 2477; x_wconf 92' lang='lat' dir='ltr'><strong>in</strong></span> <span class='ocrx_word' id='word_1_371' title='bbox 3535 2439 3642 2493; x_wconf 91' lang='lat' dir='ltr'><strong>qua</strong></span> <span class='ocrx_word' id='word_1_372' title='bbox 3677 2440 3783 2477; x_wconf 90' lang='lat' dir='ltr'><strong>non</strong></span> 
     </span>
    </p>
   </div>
   <div class='ocr_carea' id='block_1_54' title="bbox 2205 2513 3782 2583">
    <p class='ocr_par' dir='ltr' id='par_1_54' title="bbox 2205 2513 3782 2583">
     <span class='ocr_line' id='line_1_54' title="bbox 2205 2513 3782 2583; baseline 0.001 -16"><span class='ocrx_word' id='word_1_373' title='bbox 2205 2514 2624 2582; x_wconf 84' lang='lat' dir='ltr'><strong>intemperantia</strong></span> <span class='ocrx_word' id='word_1_374' title='bbox 2647 2513 2902 2583; x_wconf 87' lang='lat' dir='ltr'><strong>agitetur,</strong></span> <span class='ocrx_word' id='word_1_375' title='bbox 2931 2514 3022 2568; x_wconf 83' lang='lat' dir='ltr'><strong>sed</strong></span> <span class='ocrx_word' id='word_1_376' title='bbox 3048 2513 3384 2576; x_wconf 86' lang='lat' dir='ltr'><strong>moderatio;</strong></span> <span class='ocrx_word' id='word_1_377' title='bbox 3409 2530 3506 2569; x_wconf 88' lang='lat' dir='ltr'><strong>nec</strong></span> <span class='ocrx_word' id='word_1_378' title='bbox 3522 2517 3782 2576; x_wconf 86' lang='lat' dir='ltr'><strong>ebrietas,</strong></span> 
     </span>
    </p>
   </div>
   <div class='ocr_carea' id='block_1_55' title="bbox 2203 2604 3782 2675">
    <p class='ocr_par' dir='ltr' id='par_1_55' title="bbox 2203 2604 3782 2675">
     <span class='ocr_line' id='line_1_55' title="bbox 2203 2604 3782 2675; baseline 0 -16"><span class='ocrx_word' id='word_1_379' title='bbox 2203 2606 2297 2660; x_wconf 89' lang='lat' dir='ltr'><strong>sed</strong></span> <span class='ocrx_word' id='word_1_380' title='bbox 2321 2607 2614 2672; x_wconf 89' lang='lat' dir='ltr'><strong>sobrietas;</strong></span> <span class='ocrx_word' id='word_1_381' title='bbox 2647 2620 2748 2660; x_wconf 89' lang='lat' dir='ltr'><strong>nec</strong></span> <span class='ocrx_word' id='word_1_382' title='bbox 2775 2606 2968 2670; x_wconf 68' lang='lat' dir='ltr'><strong>turbae,</strong></span> <span class='ocrx_word' id='word_1_383' title='bbox 3017 2604 3110 2660; x_wconf 89' lang='lat' dir='ltr'><strong>sed</strong></span> <span class='ocrx_word' id='word_1_384' title='bbox 3160 2620 3304 2675; x_wconf 83' lang='lat' dir='ltr'><strong>pax;</strong></span> <span class='ocrx_word' id='word_1_385' title='bbox 3353 2620 3454 2660; x_wconf 93' lang='lat' dir='ltr'><strong>nec</strong></span> <span class='ocrx_word' id='word_1_386' title='bbox 3493 2607 3782 2668; x_wconf 90' lang='lat' dir='ltr'><strong>tumultus,</strong></span> 
     </span>
    </p>
   </div>
   <div class='ocr_carea' id='block_1_56' title="bbox 2203 2695 3784 2768">
    <p class='ocr_par' dir='ltr' id='par_1_56' title="bbox 2203 2695 3784 2768">
     <span class='ocr_line' id='line_1_56' title="bbox 2203 2695 3784 2768; baseline 0 -17"><span class='ocrx_word' id='word_1_387' title='bbox 2203 2698 2296 2752; x_wconf 90' lang='lat' dir='ltr'><strong>sed</strong></span> <span class='ocrx_word' id='word_1_388' title='bbox 2324 2697 2518 2768; x_wconf 90' lang='lat' dir='ltr'><strong>quies;</strong></span> <span class='ocrx_word' id='word_1_389' title='bbox 2552 2711 2653 2750; x_wconf 91' lang='lat' dir='ltr'><strong>nec</strong></span> <span class='ocrx_word' id='word_1_390' title='bbox 2681 2695 3102 2765; x_wconf 89' lang='lat' dir='ltr'><strong>turpiloquium,</strong></span> <span class='ocrx_word' id='word_1_391' title='bbox 3161 2695 3254 2749; x_wconf 92' lang='lat' dir='ltr'><strong>sed</strong></span> <span class='ocrx_word' id='word_1_392' title='bbox 3290 2695 3623 2764; x_wconf 85' lang='lat' dir='ltr'><strong>gratulatio;</strong></span> <span class='ocrx_word' id='word_1_393' title='bbox 3685 2711 3784 2751; x_wconf 77' lang='lat' dir='ltr'><strong>nec</strong></span> 
     </span>
    </p>
   </div>
   <div class='ocr_carea' id='block_1_57' title="bbox 2204 2789 3780 2861">
    <p class='ocr_par' dir='ltr' id='par_1_57' title="bbox 2204 2789 3780 2861">
     <span class='ocr_line' id='line_1_57' title="bbox 2204 2789 3780 2861; baseline 0.001 -18"><span class='ocrx_word' id='word_1_394' title='bbox 2204 2790 2463 2859; x_wconf 80' lang='lat' dir='ltr'><strong>flagitium</strong></span> <span class='ocrx_word' id='word_1_395' title='bbox 2486 2831 2499 2852; x_wconf 88' lang='lat'><strong>,</strong></span> <span class='ocrx_word' id='word_1_396' title='bbox 2538 2791 2629 2844; x_wconf 90' lang='lat' dir='ltr'><strong>sed</strong></span> <span class='ocrx_word' id='word_1_397' title='bbox 2649 2792 2895 2853; x_wconf 88' lang='lat' dir='ltr'><strong>castitas,</strong></span> <span class='ocrx_word' id='word_1_398' title='bbox 2923 2805 2986 2844; x_wconf 91' lang='lat' dir='ltr'><strong>ac</strong></span> <span class='ocrx_word' id='word_1_399' title='bbox 3005 2789 3456 2856; x_wconf 89' lang='lat' dir='ltr'><strong>sanctimonia,et</strong></span> <span class='ocrx_word' id='word_1_400' title='bbox 3480 2791 3780 2861; x_wconf 87' lang='lat' dir='ltr'><strong>integritas.</strong></span> 
     </span>
    </p>
   </div>
   <div class='ocr_carea' id='block_1_58' title="bbox 2207 2879 3785 2949">
    <p class='ocr_par' dir='ltr' id='par_1_58' title="bbox 2207 2879 3785 2949">
     <span class='ocr_line' id='line_1_58' title="bbox 2207 2879 3785 2949; baseline 0 -17"><span class='ocrx_word' id='word_1_401' title='bbox 2207 2880 2284 2932; x_wconf 83' lang='lat' dir='ltr'><strong>Ex</strong></span> <span class='ocrx_word' id='word_1_402' title='bbox 2319 2880 2421 2933; x_wconf 88' lang='lat' dir='ltr'><strong>hac</strong></span> <span class='ocrx_word' id='word_1_403' title='bbox 2443 2880 2612 2933; x_wconf 89' lang='lat' dir='ltr'><strong>divini</strong></span> <span class='ocrx_word' id='word_1_404' title='bbox 2639 2881 2809 2934; x_wconf 87' lang='lat' dir='ltr'><strong>nostri</strong></span> <span class='ocrx_word' id='word_1_405' title='bbox 2841 2880 3090 2948; x_wconf 87' lang='lat' dir='ltr'><strong>prodiere</strong></span> <span class='ocrx_word' id='word_1_406' title='bbox 3124 2879 3336 2944; x_wconf 83' lang='lat' dir='ltr'><strong>Patres,</strong></span> <span class='ocrx_word' id='word_1_407' title='bbox 3379 2883 3472 2949; x_wconf 90' lang='lat' dir='ltr'><strong>qui</strong></span> <span class='ocrx_word' id='word_1_408' title='bbox 3505 2883 3614 2935; x_wconf 89' lang='lat' dir='ltr'><strong>Deo</strong></span> <span class='ocrx_word' id='word_1_409' title='bbox 3648 2883 3785 2936; x_wconf 81' lang='lat' dir='ltr'><strong>duco</strong></span> 
     </span>
    </p>
   </div>
   <div class='ocr_carea' id='block_1_59' title="bbox 2206 2972 3785 3044">
    <p class='ocr_par' dir='ltr' id='par_1_59' title="bbox 2206 2972 3785 3044">
     <span class='ocr_line' id='line_1_59' title="bbox 2206 2972 3785 3044; baseline 0.003 -20"><span class='ocrx_word' id='word_1_410' title='bbox 2206 2973 2335 3026; x_wconf 83' lang='lat' dir='ltr'><strong>vitia</strong></span> <span class='ocrx_word' id='word_1_411' title='bbox 2397 2974 2711 3037; x_wconf 84' lang='lat' dir='ltr'><strong>calcavere,</strong></span> <span class='ocrx_word' id='word_1_412' title='bbox 2763 2972 3038 3026; x_wconf 64' lang='lat' dir='ltr'><strong>dtemones</strong></span> <span class='ocrx_word' id='word_1_413' title='bbox 3088 2972 3342 3040; x_wconf 84' lang='lat' dir='ltr'><strong>fugavcre</strong></span> <span class='ocrx_word' id='word_1_414' title='bbox 3371 3012 3384 3036; x_wconf 94' lang='lat'><strong>,</strong></span> <span class='ocrx_word' id='word_1_415' title='bbox 3417 2988 3540 3027; x_wconf 89' lang='lat' dir='ltr'><strong>cum</strong></span> <span class='ocrx_word' id='word_1_416' title='bbox 3579 2973 3785 3044; x_wconf 86' lang='lat' dir='ltr'><strong>angelis</strong></span> 
     </span>
    </p>
   </div>
   <div class='ocr_carea' id='block_1_60' title="bbox 527 3047 3784 3134">
    <p class='ocr_par' dir='ltr' id='par_1_60' title="bbox 527 3047 3784 3134">
     <span class='ocr_line' id='line_1_60' title="bbox 527 3047 3784 3134; baseline 0.002 -35"><span class='ocrx_word' id='word_1_417' title='bbox 527 3047 690 3101; x_wconf 90' lang='lat' dir='ltr'><strong>dibus</strong></span> <span class='ocrx_word' id='word_1_418' title='bbox 730 3048 784 3100; x_wconf 92' lang='lat' dir='ltr'><strong>in</strong></span> <span class='ocrx_word' id='word_1_419' title='bbox 817 3049 1174 3117; x_wconf 88' lang='lat' dir='ltr'><strong>majestatem,</strong></span> <span class='ocrx_word' id='word_1_420' title='bbox 1209 3065 1275 3104; x_wconf 84' lang='lat' dir='ltr'><strong>ex</strong></span> <span class='ocrx_word' id='word_1_421' title='bbox 1314 3050 1657 3118; x_wconf 86' lang='lat' dir='ltr'><strong>ignoratione</strong></span> <span class='ocrx_word' id='word_1_422' title='bbox 1700 3051 1752 3104; x_wconf 92' lang='lat' dir='ltr'><strong>in</strong></span> <span class='ocrx_word' id='word_1_423' title='bbox 1791 3053 2101 3116; x_wconf 89' lang='lat' dir='ltr'><strong>scientiam,</strong></span> <span class='ocrx_word' id='word_1_424' title='bbox 2133 3063 2177 3124; x_wconf 73' lang='grc' dir='ltr'><strong>ς</strong></span> <span class='ocrx_word' id='word_1_425' title='bbox 2209 3076 2508 3131; x_wconf 57' lang='lat' dir='ltr'><strong>ccum-ere,</strong></span> <span class='ocrx_word' id='word_1_426' title='bbox 2547 3065 2790 3134; x_wconf 68' lang='lat' dir='ltr'><strong>prodigia</strong></span> <span class='ocrx_word' id='word_1_427' title='bbox 2821 3065 3074 3129; x_wconf 59' lang='lat' dir='ltr'><strong>edidere,</strong></span> <span class='ocrx_word' id='word_1_428' title='bbox 3114 3064 3390 3118; x_wconf 65' lang='grc' dir='ltr'><strong>ραςιρειειη</strong></span> <span class='ocrx_word' id='word_1_429' title='bbox 3427 3065 3654 3134; x_wconf 65' lang='lat' dir='ltr'><strong>gloria...</strong></span> <span class='ocrx_word' id='word_1_430' title='bbox 3691 3081 3784 3134; x_wconf 72' lang='grc' dir='ltr'><strong>ρε-</strong></span> 
     </span>
    </p>
   </div>
   <div class='ocr_carea' id='block_1_61' title="bbox 527 3137 2103 3208">
    <p class='ocr_par' dir='ltr' id='par_1_61' title="bbox 527 3137 2103 3208">
     <span class='ocr_line' id='line_1_61' title="bbox 527 3137 2103 3208; baseline 0.004 -18"><span class='ocrx_word' id='word_1_431' title='bbox 527 3153 592 3190; x_wconf 85' lang='lat' dir='ltr'><strong>ex</strong></span> <span class='ocrx_word' id='word_1_432' title='bbox 624 3137 918 3206; x_wconf 90' lang='lat' dir='ltr'><strong>ignominia</strong></span> <span class='ocrx_word' id='word_1_433' title='bbox 946 3137 999 3190; x_wconf 90' lang='lat' dir='ltr'><strong>in</strong></span> <span class='ocrx_word' id='word_1_434' title='bbox 1033 3138 1284 3208; x_wconf 89' lang='lat' dir='ltr'><strong>gloriam,</strong></span> <span class='ocrx_word' id='word_1_435' title='bbox 1319 3140 1615 3208; x_wconf 87' lang='lat' dir='ltr'><strong>additaque</strong></span> <span class='ocrx_word' id='word_1_436' title='bbox 1655 3142 1816 3203; x_wconf 90' lang='lat' dir='ltr'><strong>ratio,</strong></span> <span class='ocrx_word' id='word_1_437' title='bbox 1849 3143 2103 3208; x_wconf 86' lang='lat' dir='ltr'><strong>scientia,</strong></span> 
     </span>
    </p>
   </div>
   <div class='ocr_carea' id='block_1_62' title="bbox 530 3226 2107 3300">
    <p class='ocr_par' dir='ltr' id='par_1_62' title="bbox 530 3226 2107 3300">
     <span class='ocr_line' id='line_1_62' title="bbox 530 3226 2107 3300; baseline 0.006 -23"><span class='ocrx_word' id='word_1_438' title='bbox 530 3226 650 3277; x_wconf 87' lang='lat' dir='ltr'><strong>laus</strong></span> <span class='ocrx_word' id='word_1_439' title='bbox 674 3231 776 3290; x_wconf 90' lang='lat' dir='ltr'><strong>est,</strong></span> <span class='ocrx_word' id='word_1_440' title='bbox 796 3240 858 3279; x_wconf 88' lang='lat' dir='ltr'><strong>ac</strong></span> <span class='ocrx_word' id='word_1_441' title='bbox 880 3241 1075 3280; x_wconf 88' lang='lat' dir='ltr'><strong>manus</strong></span> <span class='ocrx_word' id='word_1_442' title='bbox 1115 3238 1168 3281; x_wconf 91' lang='lat' dir='ltr'><strong>et</strong></span> <span class='ocrx_word' id='word_1_443' title='bbox 1199 3227 1312 3280; x_wconf 87' lang='lat' dir='ltr'><strong>oris</strong></span> <span class='ocrx_word' id='word_1_444' title='bbox 1338 3227 1672 3282; x_wconf 85' lang='lat' dir='ltr'><strong>dexteritas?</strong></span> <span class='ocrx_word' id='word_1_445' title='bbox 1703 3229 1952 3300; x_wconf 89' lang='lat' dir='ltr'><strong>equidem</strong></span> <span class='ocrx_word' id='word_1_446' title='bbox 1980 3247 2107 3286; x_wconf 87' lang='lat' dir='ltr'><strong>vere</strong></span> 
     </span>
    </p>
   </div>
   <div class='ocr_carea' id='block_1_63' title="bbox 531 3318 2108 3390">
    <p class='ocr_par' dir='ltr' id='par_1_63' title="bbox 531 3318 2108 3390">
     <span class='ocr_line' id='line_1_63' title="bbox 531 3318 2108 3390; baseline 0.007 -22"><span class='ocrx_word' id='word_1_447' title='bbox 531 3331 666 3369; x_wconf 90' lang='lat' dir='ltr'><strong>auro</strong></span> <span class='ocrx_word' id='word_1_448' title='bbox 696 3327 884 3370; x_wconf 91' lang='lat' dir='ltr'><strong>contra</strong></span> <span class='ocrx_word' id='word_1_449' title='bbox 914 3318 1265 3385; x_wconf 83' lang='lat' dir='ltr'><strong>pretiosiores</strong></span> <span class='ocrx_word' id='word_1_450' title='bbox 1287 3320 1420 3374; x_wconf 91' lang='lat' dir='ltr'><strong>estis</strong></span> <span class='ocrx_word' id='word_1_451' title='bbox 1448 3336 1546 3390; x_wconf 90' lang='lat' dir='ltr'><strong>pro</strong></span> <span class='ocrx_word' id='word_1_452' title='bbox 1578 3337 1741 3375; x_wconf 89' lang='lat' dir='ltr'><strong>aurea</strong></span> <span class='ocrx_word' id='word_1_453' title='bbox 1773 3333 1948 3377; x_wconf 86' lang='lat' dir='ltr'><strong>vestra</strong></span> <span class='ocrx_word' id='word_1_454' title='bbox 1977 3325 2108 3379; x_wconf 90' lang='lat' dir='ltr'><strong>obe-</strong></span> 
     </span>
    </p>
   </div>
   <div class='ocr_carea' id='block_1_64' title="bbox 531 3407 2104 3482">
    <p class='ocr_par' dir='ltr' id='par_1_64' title="bbox 531 3407 2104 3482">
     <span class='ocr_line' id='line_1_64' title="bbox 531 3407 2104 3482; baseline 0.004 -23"><span class='ocrx_word' id='word_1_455' title='bbox 531 3407 757 3473; x_wconf 90' lang='lat' dir='ltr'><strong>dientia,</strong></span> <span class='ocrx_word' id='word_1_456' title='bbox 783 3407 897 3461; x_wconf 89' lang='lat' dir='ltr'><strong>filii.</strong></span> <span class='ocrx_word' id='word_1_457' title='bbox 935 3407 1139 3476; x_wconf 89' lang='lat' dir='ltr'><strong>Ecquid</strong></span> <span class='ocrx_word' id='word_1_458' title='bbox 1171 3425 1302 3479; x_wconf 87' lang='lat' dir='ltr'><strong>ergo</strong></span> <span class='ocrx_word' id='word_1_459' title='bbox 1331 3426 1469 3480; x_wconf 84' lang='lat' dir='ltr'><strong>opus</strong></span> <span class='ocrx_word' id='word_1_460' title='bbox 1497 3421 1581 3465; x_wconf 90' lang='lat' dir='ltr'><strong>est</strong></span> <span class='ocrx_word' id='word_1_461' title='bbox 1603 3413 1800 3480; x_wconf 87' lang='lat' dir='ltr'><strong>porro?</strong></span> <span class='ocrx_word' id='word_1_462' title='bbox 1821 3413 2104 3482; x_wconf 88' lang='lat' dir='ltr'><strong>patientia,</strong></span> 
     </span>
    </p>
   </div>
   <div class='ocr_carea' id='block_1_65' title="bbox 534 3499 2109 3574">
    <p class='ocr_par' dir='ltr' id='par_1_65' title="bbox 534 3499 2109 3574">
     <span class='ocr_line' id='line_1_65' title="bbox 534 3499 2109 3574; baseline 0.005 -22"><span class='ocrx_word' id='word_1_463' title='bbox 534 3515 656 3552; x_wconf 89' lang='lat' dir='ltr'><strong>nam</strong></span> <span class='ocrx_word' id='word_1_464' title='bbox 680 3499 950 3553; x_wconf 86' lang='lat' dir='ltr'><strong>Patientia</strong></span> <span class='ocrx_word' id='word_1_465' title='bbox 981 3502 1122 3554; x_wconf 83' lang='lat' dir='ltr'><strong>vobis</strong></span> <span class='ocrx_word' id='word_1_466' title='bbox 1144 3504 1441 3556; x_wconf 80' lang='lat' dir='ltr'><strong>necessaria</strong></span> <span class='ocrx_word' id='word_1_467' title='bbox 1473 3513 1568 3570; x_wconf 87' lang='lat' dir='ltr'><strong>est,</strong></span> <span class='ocrx_word' id='word_1_468' title='bbox 1603 3505 1800 3574; x_wconf 81' lang='lat' dir='ltr'><strong>itfquit,</strong></span> <span class='ocrx_word' id='word_1_469' title='bbox 1835 3516 1892 3558; x_wconf 87' lang='lat' dir='ltr'><strong>ut</strong></span> <span class='ocrx_word' id='word_1_470' title='bbox 1923 3506 2109 3560; x_wconf 82' lang='lat' dir='ltr'><strong>volun-</strong></span> 
     </span>
    </p>
   </div>
   <div class='ocr_carea' id='block_1_66' title="bbox 536 3588 2054 3660">
    <p class='ocr_par' dir='ltr' id='par_1_66' title="bbox 536 3588 2054 3660">
     <span class='ocr_line' id='line_1_66' title="bbox 536 3588 2054 3660; baseline 0.007 -21"><span class='ocrx_word' id='word_1_471' title='bbox 536 3598 693 3641; x_wconf 82' lang='lat' dir='ltr'><strong>tatem</strong></span> <span class='ocrx_word' id='word_1_472' title='bbox 751 3588 850 3643; x_wconf 83' lang='lat' dir='ltr'><strong>Dei</strong></span> <span class='ocrx_word' id='word_1_473' title='bbox 914 3590 1162 3658; x_wconf 79' lang='lat' dir='ltr'><strong>[acientes</strong></span> <span class='ocrx_word' id='word_1_474' title='bbox 1235 3594 1509 3660; x_wconf 89' lang='lat' dir='ltr'><strong>reportetis</strong></span> <span class='ocrx_word' id='word_1_475' title='bbox 1574 3596 1944 3660; x_wconf 83' lang='lat' dir='ltr'><strong>promissiones</strong></span> <span class='ocrx_word' id='word_1_476' title='bbox 2007 3596 2054 3626; x_wconf 80' lang='lat'><strong>&#39;°</strong></span> 
     </span>
    </p>
   </div>
   <div class='ocr_carea' id='block_1_67' title="bbox 535 3679 2108 3754">
    <p class='ocr_par' dir='ltr' id='par_1_67' title="bbox 535 3679 2108 3754">
     <span class='ocr_line' id='line_1_67' title="bbox 535 3679 2108 3754; baseline 0.006 -22"><span class='ocrx_word' id='word_1_477' title='bbox 535 3679 855 3744; x_wconf 87' lang='lat' dir='ltr'><strong>Quasnam?</strong></span> <span class='ocrx_word' id='word_1_478' title='bbox 914 3682 1029 3752; x_wconf 87' lang='lat' dir='ltr'><strong>ipse</strong></span> <span class='ocrx_word' id='word_1_479' title='bbox 1061 3684 1138 3736; x_wconf 90' lang='lat' dir='ltr'><strong>ait</strong></span> <span class='ocrx_word' id='word_1_480' title='bbox 1187 3682 1493 3737; x_wconf 88' lang='lat' dir='ltr'><strong>Dominus:</strong></span> <span class='ocrx_word' id='word_1_481' title='bbox 1543 3684 1687 3738; x_wconf 82' lang='lat' dir='ltr'><strong>Vada</strong></span> <span class='ocrx_word' id='word_1_482' title='bbox 1719 3702 1909 3754; x_wconf 84' lang='lat' dir='ltr'><strong>parare</strong></span> <span class='ocrx_word' id='word_1_483' title='bbox 1965 3689 2108 3741; x_wconf 84' lang='lat' dir='ltr'><strong>vobis</strong></span> 
     </span>
    </p>
   </div>
   <div class='ocr_carea' id='block_1_68' title="bbox 536 3775 2109 3844">
    <p class='ocr_par' dir='ltr' id='par_1_68' title="bbox 536 3775 2109 3844">
     <span class='ocr_line' id='line_1_68' title="bbox 536 3775 2109 3844; baseline 0.006 -20"><span class='ocrx_word' id='word_1_484' title='bbox 536 3775 733 3839; x_wconf 82' lang='lat' dir='ltr'><strong>locum,</strong></span> <span class='ocrx_word' id='word_1_485' title='bbox 764 3783 813 3827; x_wconf 87' lang='lat' dir='ltr'><strong>et</strong></span> <span class='ocrx_word' id='word_1_486' title='bbox 853 3775 899 3827; x_wconf 86' lang='lat' dir='ltr'><strong>si</strong></span> <span class='ocrx_word' id='word_1_487' title='bbox 924 3776 1100 3828; x_wconf 86' lang='lat' dir='ltr'><strong>abiero</strong></span> <span class='ocrx_word' id='word_1_488' title='bbox 1127 3793 1317 3844; x_wconf 89' lang='lat' dir='ltr'><strong>parare</strong></span> <span class='ocrx_word' id='word_1_489' title='bbox 1348 3778 1489 3831; x_wconf 80' lang='lat' dir='ltr'><strong>vobis</strong></span> <span class='ocrx_word' id='word_1_490' title='bbox 1523 3777 1718 3842; x_wconf 86' lang='lat' dir='ltr'><strong>locum,</strong></span> <span class='ocrx_word' id='word_1_491' title='bbox 1747 3781 1936 3832; x_wconf 86' lang='lat' dir='ltr'><strong>iterum</strong></span> <span class='ocrx_word' id='word_1_492' title='bbox 1965 3783 2109 3834; x_wconf 83' lang='lat' dir='ltr'><strong>venio</strong></span> 
     </span>
    </p>
   </div>
   <div class='ocr_carea' id='block_1_69' title="bbox 536 3865 2108 3941">
    <p class='ocr_par' dir='ltr' id='par_1_69' title="bbox 536 3865 2108 3941">
     <span class='ocr_line' id='line_1_69' title="bbox 536 3865 2108 3941; baseline 0.006 -25"><span class='ocrx_word' id='word_1_493' title='bbox 536 3876 580 3916; x_wconf 83' lang='lat' dir='ltr'><strong>et</strong></span> <span class='ocrx_word' id='word_1_494' title='bbox 619 3865 877 3932; x_wconf 77' lang='lat' dir='ltr'><strong>accipiam</strong></span> <span class='ocrx_word' id='word_1_495' title='bbox 909 3881 995 3917; x_wconf 84' lang='lat' dir='ltr'><strong>vos</strong></span> <span class='ocrx_word' id='word_1_496' title='bbox 1041 3867 1110 3918; x_wconf 85' lang='lat' dir='ltr'><strong>ad</strong></span> <span class='ocrx_word' id='word_1_497' title='bbox 1141 3868 1420 3935; x_wconf 86' lang='lat' dir='ltr'><strong>meipsum,</strong></span> <span class='ocrx_word' id='word_1_498' title='bbox 1457 3877 1513 3920; x_wconf 88' lang='lat' dir='ltr'><strong>ut</strong></span> <span class='ocrx_word' id='word_1_499' title='bbox 1549 3870 1635 3922; x_wconf 86' lang='lat' dir='ltr'><strong>ubi</strong></span> <span class='ocrx_word' id='word_1_500' title='bbox 1660 3886 1777 3922; x_wconf 89' lang='lat' dir='ltr'><strong>sum</strong></span> <span class='ocrx_word' id='word_1_501' title='bbox 1821 3888 1912 3941; x_wconf 82' lang='lat' dir='ltr'><strong>ego</strong></span> <span class='ocrx_word' id='word_1_502' title='bbox 1945 3885 1992 3925; x_wconf 86' lang='lat' dir='ltr'><strong>et</strong></span> <span class='ocrx_word' id='word_1_503' title='bbox 2021 3890 2108 3927; x_wconf 79' lang='lat' dir='ltr'><strong>vos</strong></span> 
     </span>
    </p>
   </div>
   <div class='ocr_carea' id='block_1_70' title="bbox 536 3955 2109 4036">
    <p class='ocr_par' dir='ltr' id='par_1_70' title="bbox 536 3955 2109 4036">
     <span class='ocr_line' id='line_1_70' title="bbox 536 3955 2109 4036; baseline 0.008 -30"><span class='ocrx_word' id='word_1_504' title='bbox 536 3956 673 4008; x_wconf 81' lang='lat' dir='ltr'><strong>sitis.</strong></span> <span class='ocrx_word' id='word_1_505' title='bbox 705 3955 768 4008; x_wconf 85' lang='lat' dir='ltr'><strong>Et</strong></span> <span class='ocrx_word' id='word_1_506' title='bbox 793 3973 893 4024; x_wconf 91' lang='lat' dir='ltr'><strong>quo</strong></span> <span class='ocrx_word' id='word_1_507' title='bbox 933 3974 1023 4028; x_wconf 81' lang='lat' dir='ltr'><strong>ego</strong></span> <span class='ocrx_word' id='word_1_508' title='bbox 1059 3959 1191 4012; x_wconf 84' lang='lat' dir='ltr'><strong>vado</strong></span> <span class='ocrx_word' id='word_1_509' title='bbox 1221 3960 1392 4022; x_wconf 85' lang='lat' dir='ltr'><strong>scitis,</strong></span> <span class='ocrx_word' id='word_1_510' title='bbox 1423 3976 1473 4013; x_wconf 86' lang='lat' dir='ltr'><strong>et</strong></span> <span class='ocrx_word' id='word_1_511' title='bbox 1511 3962 1651 4014; x_wconf 79' lang='lat' dir='ltr'><strong>viam</strong></span> <span class='ocrx_word' id='word_1_512' title='bbox 1687 3963 1856 4028; x_wconf 79' lang='lat' dir='ltr'><strong>scitis,</strong></span> <span class='ocrx_word' id='word_1_513' title='bbox 1893 3973 1941 4017; x_wconf 90' lang='lat' dir='ltr'><strong>et</strong></span> <span class='ocrx_word' id='word_1_514' title='bbox 1975 3983 2109 4036; x_wconf 87' lang='lat' dir='ltr'><strong>gau-</strong></span> 
     </span>
    </p>
   </div>
   <div class='ocr_carea' id='block_1_71' title="bbox 537 4048 2111 4120">
    <p class='ocr_par' dir='ltr' id='par_1_71' title="bbox 537 4048 2111 4120">
     <span class='ocr_line' id='line_1_71' title="bbox 537 4048 2111 4120; baseline 0.01 -22"><span class='ocrx_word' id='word_1_515' title='bbox 537 4048 682 4098; x_wconf 81' lang='lat' dir='ltr'><strong>dium</strong></span> <span class='ocrx_word' id='word_1_516' title='bbox 713 4058 938 4100; x_wconf 84' lang='lat' dir='ltr'><strong>vestrum</strong></span> <span class='ocrx_word' id='word_1_517' title='bbox 975 4067 1122 4102; x_wconf 85' lang='lat' dir='ltr'><strong>nemo</strong></span> <span class='ocrx_word' id='word_1_518' title='bbox 1155 4050 1302 4105; x_wconf 81' lang='lat' dir='ltr'><strong>tollet</strong></span> <span class='ocrx_word' id='word_1_519' title='bbox 1345 4069 1376 4104; x_wconf 91' lang='lat' dir='ltr'><strong>a</strong></span> <span class='ocrx_word' id='word_1_520' title='bbox 1412 4053 1552 4106; x_wconf 84' lang='lat' dir='ltr'><strong>vobis</strong></span> <span class='ocrx_word' id='word_1_521' title='bbox 1587 4054 1653 4106; x_wconf 84' lang='lat'><strong>“.</strong></span> <span class='ocrx_word' id='word_1_522' title='bbox 1685 4053 1952 4120; x_wconf 87' lang='lat' dir='ltr'><strong>Quocirca</strong></span> <span class='ocrx_word' id='word_1_523' title='bbox 1996 4060 2111 4113; x_wconf 75' lang='lat' dir='ltr'><strong>haec</strong></span> 
     </span>
    </p>
   </div>
   <div class='ocr_carea' id='block_1_72' title="bbox 539 4142 2111 4213">
    <p class='ocr_par' dir='ltr' id='par_1_72' title="bbox 539 4142 2111 4213">
     <span class='ocr_line' id='line_1_72' title="bbox 539 4142 2111 4213; baseline 0.009 -19"><span class='ocrx_word' id='word_1_524' title='bbox 539 4142 861 4209; x_wconf 80' lang='lat' dir='ltr'><strong>cogitantes,</strong></span> <span class='ocrx_word' id='word_1_525' title='bbox 891 4159 955 4197; x_wconf 92' lang='lat' dir='ltr'><strong>ac</strong></span> <span class='ocrx_word' id='word_1_526' title='bbox 1016 4160 1137 4213; x_wconf 67' lang='lat' dir='ltr'><strong>qua:</strong></span> <span class='ocrx_word' id='word_1_527' title='bbox 1169 4147 1374 4201; x_wconf 86' lang='lat' dir='ltr'><strong>sanctis</strong></span> <span class='ocrx_word' id='word_1_528' title='bbox 1429 4149 1766 4205; x_wconf 88' lang='lat' dir='ltr'><strong>ostendenda</strong></span> <span class='ocrx_word' id='word_1_529' title='bbox 1803 4166 2016 4205; x_wconf 90' lang='lat' dir='ltr'><strong>summa</strong></span> <span class='ocrx_word' id='word_1_530' title='bbox 2058 4161 2111 4208; x_wconf 90' lang='lat' dir='ltr'><strong>et</strong></span> 
     </span>
    </p>
   </div>
   <div class='ocr_carea' id='block_1_73' title="bbox 541 4233 2110 4307">
    <p class='ocr_par' dir='ltr' id='par_1_73' title="bbox 541 4233 2110 4307">
     <span class='ocr_line' id='line_1_73' title="bbox 541 4233 2110 4307; baseline 0.01 -25"><span class='ocrx_word' id='word_1_531' title='bbox 541 4233 825 4288; x_wconf 81' lang='lat' dir='ltr'><strong>ineffabilis</strong></span> <span class='ocrx_word' id='word_1_532' title='bbox 855 4236 1024 4305; x_wconf 89' lang='lat' dir='ltr'><strong>gloria</strong></span> <span class='ocrx_word' id='word_1_533' title='bbox 1054 4247 1155 4302; x_wconf 88' lang='lat' dir='ltr'><strong>est,</strong></span> <span class='ocrx_word' id='word_1_534' title='bbox 1199 4249 1609 4307; x_wconf 88' lang='lat' dir='ltr'><strong>prospectantes</strong></span> <span class='ocrx_word' id='word_1_535' title='bbox 1631 4280 1645 4306; x_wconf 98' lang='lat'><strong>,</strong></span> <span class='ocrx_word' id='word_1_536' title='bbox 1677 4252 1876 4298; x_wconf 88' lang='lat' dir='ltr'><strong>cuncta</strong></span> <span class='ocrx_word' id='word_1_537' title='bbox 1915 4245 2110 4300; x_wconf 89' lang='lat' dir='ltr'><strong>leniter</strong></span> 
     </span>
    </p>
   </div>
   <div class='ocr_carea' id='block_1_74' title="bbox 539 4324 2108 4402">
    <p class='ocr_par' dir='ltr' id='par_1_74' title="bbox 539 4324 2108 4402">
     <span class='ocr_line' id='line_1_74' title="bbox 539 4324 2108 4402; baseline 0.008 -25"><span class='ocrx_word' id='word_1_538' title='bbox 539 4324 795 4391; x_wconf 83' lang='lat' dir='ltr'><strong>feramur,</strong></span> <span class='ocrx_word' id='word_1_539' title='bbox 835 4343 931 4382; x_wconf 88' lang='lat' dir='ltr'><strong>seu</strong></span> <span class='ocrx_word' id='word_1_540' title='bbox 960 4330 1313 4384; x_wconf 90' lang='lat' dir='ltr'><strong>esurieudum</strong></span> <span class='ocrx_word' id='word_1_541' title='bbox 1343 4340 1446 4396; x_wconf 90' lang='lat' dir='ltr'><strong>est,</strong></span> <span class='ocrx_word' id='word_1_542' title='bbox 1492 4333 1833 4402; x_wconf 87' lang='lat' dir='ltr'><strong>esuriamus;</strong></span> <span class='ocrx_word' id='word_1_543' title='bbox 1869 4351 1964 4391; x_wconf 90' lang='lat' dir='ltr'><strong>seu</strong></span> <span class='ocrx_word' id='word_1_544' title='bbox 2012 4352 2108 4390; x_wconf 82' lang='lat' dir='ltr'><strong>va-</strong></span> 
     </span>
    </p>
   </div>
   <div class='ocr_carea' id='block_1_75' title="bbox 538 4421 2106 4494">
    <p class='ocr_par' dir='ltr' id='par_1_75' title="bbox 538 4421 2106 4494">
     <span class='ocr_line' id='line_1_75' title="bbox 538 4421 2106 4494; baseline 0.008 -23"><span class='ocrx_word' id='word_1_545' title='bbox 538 4421 854 4487; x_wconf 86' lang='lat' dir='ltr'><strong>pulandum,</strong></span> <span class='ocrx_word' id='word_1_546' title='bbox 882 4423 1238 4494; x_wconf 84' lang='lat' dir='ltr'><strong>vapulemus;</strong></span> <span class='ocrx_word' id='word_1_547' title='bbox 1264 4439 1356 4478; x_wconf 92' lang='lat' dir='ltr'><strong>seu</strong></span> <span class='ocrx_word' id='word_1_548' title='bbox 1387 4425 1757 4494; x_wconf 91' lang='lat' dir='ltr'><strong>moriendum,</strong></span> <span class='ocrx_word' id='word_1_549' title='bbox 1784 4429 2106 4494; x_wconf 90' lang='lat' dir='ltr'><strong>moriamur,</strong></span> 
     </span>
    </p>
   </div>
   <div class='ocr_carea' id='block_1_76' title="bbox 538 4513 2104 4589">
    <p class='ocr_par' dir='ltr' id='par_1_76' title="bbox 538 4513 2104 4589">
     <span class='ocr_line' id='line_1_76' title="bbox 538 4513 2104 4589; baseline 0.008 -27"><span class='ocrx_word' id='word_1_550' title='bbox 538 4513 790 4577; x_wconf 68' lang='lat' dir='ltr'><strong>perennis</strong></span> <span class='ocrx_word' id='word_1_551' title='bbox 841 4516 965 4568; x_wconf 82' lang='lat' dir='ltr'><strong>vitae</strong></span> <span class='ocrx_word' id='word_1_552' title='bbox 1021 4516 1389 4570; x_wconf 67' lang='lat' dir='ltr'><strong>haareditatem</strong></span> <span class='ocrx_word' id='word_1_553' title='bbox 1433 4515 1634 4572; x_wconf 91' lang='lat' dir='ltr'><strong>adituri</strong></span> <span class='ocrx_word' id='word_1_554' title='bbox 1685 4533 1781 4589; x_wconf 92' lang='lat' dir='ltr'><strong>per</strong></span> <span class='ocrx_word' id='word_1_555' title='bbox 1822 4518 2104 4576; x_wconf 88' lang='lat' dir='ltr'><strong>Christqu</strong></span> 
     </span>
    </p>
   </div>
   <div class='ocr_carea' id='block_1_77' title="bbox 534 4601 2105 4681">
    <p class='ocr_par' dir='ltr' id='par_1_77' title="bbox 534 4601 2105 4681">
     <span class='ocr_line' id='line_1_77' title="bbox 534 4601 2105 4681; baseline 0.01 -29"><span class='ocrx_word' id='word_1_556' title='bbox 534 4601 723 4654; x_wconf 72' lang='lat' dir='ltr'><strong>Jesum</strong></span> <span class='ocrx_word' id='word_1_557' title='bbox 758 4601 1049 4657; x_wconf 91' lang='lat' dir='ltr'><strong>Dominum</strong></span> <span class='ocrx_word' id='word_1_558' title='bbox 1085 4622 1332 4662; x_wconf 73' lang='lat' dir='ltr'><strong>nosuum</strong></span> <span class='ocrx_word' id='word_1_559' title='bbox 1367 4628 1379 4663; x_wconf 93' lang='lat'>:</span> <span class='ocrx_word' id='word_1_560' title='bbox 1412 4608 1500 4662; x_wconf 91' lang='lat' dir='ltr'><strong>cui</strong></span> <span class='ocrx_word' id='word_1_561' title='bbox 1531 4609 1704 4680; x_wconf 88' lang='lat' dir='ltr'><strong>gloria</strong></span> <span class='ocrx_word' id='word_1_562' title='bbox 1735 4622 1788 4665; x_wconf 90' lang='lat' dir='ltr'><strong>et</strong></span> <span class='ocrx_word' id='word_1_563' title='bbox 1818 4611 2105 4681; x_wconf 91' lang='lat' dir='ltr'><strong>imperium</strong></span> 
     </span>
    </p>
   </div>
   <div class='ocr_carea' id='block_1_78' title="bbox 535 4694 2106 4774">
    <p class='ocr_par' dir='ltr' id='par_1_78' title="bbox 535 4694 2106 4774">
     <span class='ocr_line' id='line_1_78' title="bbox 535 4694 2106 4774; baseline 0.01 -31"><span class='ocrx_word' id='word_1_564' title='bbox 535 4707 656 4744; x_wconf 91' lang='lat' dir='ltr'><strong>cum</strong></span> <span class='ocrx_word' id='word_1_565' title='bbox 682 4694 858 4760; x_wconf 90' lang='lat' dir='ltr'><strong>Patre,</strong></span> <span class='ocrx_word' id='word_1_566' title='bbox 890 4710 953 4750; x_wconf 89' lang='lat' dir='ltr'><strong>ac</strong></span> <span class='ocrx_word' id='word_1_567' title='bbox 986 4707 1176 4752; x_wconf 89' lang='lat' dir='ltr'><strong>sancto</strong></span> <span class='ocrx_word' id='word_1_568' title='bbox 1206 4699 1436 4768; x_wconf 80' lang='lat' dir='ltr'><strong>Spiritu,</strong></span> <span class='ocrx_word' id='word_1_569' title='bbox 1474 4717 1640 4767; x_wconf 88' lang='lat' dir='ltr'><strong>nunc,</strong></span> <span class='ocrx_word' id='word_1_570' title='bbox 1691 4710 1746 4758; x_wconf 90' lang='lat' dir='ltr'><strong>et</strong></span> <span class='ocrx_word' id='word_1_571' title='bbox 1779 4718 2021 4774; x_wconf 89' lang='lat' dir='ltr'><strong>semper,</strong></span> <span class='ocrx_word' id='word_1_572' title='bbox 2053 4705 2106 4760; x_wconf 87' lang='lat' dir='ltr'><strong>in</strong></span> 
     </span>
    </p>
   </div>
   <div class='ocr_carea' id='block_1_79' title="bbox 534 4789 1574 4857">
    <p class='ocr_par' dir='ltr' id='par_1_79' title="bbox 534 4789 1574 4857">
     <span class='ocr_line' id='line_1_79' title="bbox 534 4789 1574 4857; baseline 0.013 -23"><span class='ocrx_word' id='word_1_573' title='bbox 534 4798 860 4854; x_wconf 91' lang='lat' dir='ltr'><strong>omnemque</strong></span> <span class='ocrx_word' id='word_1_574' title='bbox 894 4789 1333 4857; x_wconf 87' lang='lat' dir='ltr'><strong>perpetuitatem.</strong></span> <span class='ocrx_word' id='word_1_575' title='bbox 1376 4792 1574 4848; x_wconf 85' lang='lat' dir='ltr'><strong>Amen.</strong></span> 
     </span>
    </p>
   </div>
   <div class='ocr_carea' id='block_1_80' title="bbox 1094 4880 1542 4940">
    <p class='ocr_par' dir='ltr' id='par_1_80' title="bbox 1094 4880 1542 4940">
     <span class='ocr_line' id='line_1_80' title="bbox 1094 4880 1542 4940; baseline 0.016 -8"><span class='ocrx_word' id='word_1_576' title='bbox 1094 4880 1325 4936; x_wconf 77' lang='lat' dir='ltr'><strong>SERMO</strong></span> <span class='ocrx_word' id='word_1_577' title='bbox 1356 4882 1542 4940; x_wconf 78' lang='lat' dir='ltr'><strong>XLIX.</strong></span> 
     </span>
    </p>
   </div>
   <div class='ocr_carea' id='block_1_81' title="bbox 536 4967 2109 5048">
    <p class='ocr_par' dir='ltr' id='par_1_81' title="bbox 536 4967 2109 5048">
     <span class='ocr_line' id='line_1_81' title="bbox 536 4967 2109 5048; baseline 0.011 -28"><span class='ocrx_word' id='word_1_578' title='bbox 536 4967 696 5021; x_wconf 75' lang='lat' dir='ltr'><strong>Sexto</strong></span> <span class='ocrx_word' id='word_1_579' title='bbox 728 4968 1190 5027; x_wconf 75' lang='lat' dir='ltr'><strong>Excarnaliorum.</strong></span> <span class='ocrx_word' id='word_1_580' title='bbox 1216 4975 1287 5048; x_wconf 72' lang='lat' dir='ltr'><strong>De</strong></span> <span class='ocrx_word' id='word_1_581' title='bbox 1309 4977 1649 5043; x_wconf 82' lang='lat' dir='ltr'><strong>abstinentia,</strong></span> <span class='ocrx_word' id='word_1_582' title='bbox 1683 4994 1746 5032; x_wconf 88' lang='lat' dir='ltr'><strong>ac</strong></span> <span class='ocrx_word' id='word_1_583' title='bbox 1785 4982 2109 5048; x_wconf 81' lang='lat' dir='ltr'><strong>confessione</strong></span> 
     </span>
    </p>
   </div>
   <div class='ocr_carea' id='block_1_82' title="bbox 1102 5046 1533 5115">
    <p class='ocr_par' dir='ltr' id='par_1_82' title="bbox 1102 5046 1533 5115">
     <span class='ocr_line' id='line_1_82' title="bbox 1102 5046 1533 5115; baseline 0.007 -17"><span class='ocrx_word' id='word_1_584' title='bbox 1102 5061 1218 5115; x_wconf 66' lang='lat' dir='ltr'><strong>quae</strong></span> <span class='ocrx_word' id='word_1_585' title='bbox 1244 5046 1533 5100; x_wconf 85' lang='lat' dir='ltr'><strong>incumbat.</strong></span> 
     </span>
    </p>
   </div>
   <div class='ocr_carea' id='block_1_83' title="bbox 607 5148 2106 5230">
    <p class='ocr_par' dir='ltr' id='par_1_83' title="bbox 607 5148 2106 5230">
     <span class='ocr_line' id='line_1_83' title="bbox 607 5148 2106 5230; baseline 0.011 -29"><span class='ocrx_word' id='word_1_586' title='bbox 607 5148 825 5205; x_wconf 83' lang='lat' dir='ltr'><strong>Fratres</strong></span> <span class='ocrx_word' id='word_1_587' title='bbox 872 5151 1206 5223; x_wconf 87' lang='lat' dir='ltr'><strong>Patresque,</strong></span> <span class='ocrx_word' id='word_1_588' title='bbox 1239 5166 1536 5225; x_wconf 85' lang='lat' dir='ltr'><strong>praesentes</strong></span> <span class='ocrx_word' id='word_1_589' title='bbox 1587 5157 1705 5214; x_wconf 91' lang='lat' dir='ltr'><strong>dies</strong></span> <span class='ocrx_word' id='word_1_590' title='bbox 1740 5161 1984 5230; x_wconf 90' lang='lat' dir='ltr'><strong>plerique</strong></span> <span class='ocrx_word' id='word_1_591' title='bbox 2027 5161 2106 5217; x_wconf 86' lang='lat' dir='ltr'><strong>fe-</strong></span> 
     </span>
    </p>
   </div>
   <div class='ocr_carea' id='block_1_84' title="bbox 538 5239 2107 5321">
    <p class='ocr_par' dir='ltr' id='par_1_84' title="bbox 538 5239 2107 5321">
     <span class='ocr_line' id='line_1_84' title="bbox 538 5239 2107 5321; baseline 0.011 -30"><span class='ocrx_word' id='word_1_592' title='bbox 538 5239 648 5292; x_wconf 88' lang='lat' dir='ltr'><strong>rias</strong></span> <span class='ocrx_word' id='word_1_593' title='bbox 700 5241 991 5310; x_wconf 88' lang='lat' dir='ltr'><strong>appellant,</strong></span> <span class='ocrx_word' id='word_1_594' title='bbox 1040 5260 1136 5312; x_wconf 90' lang='lat' dir='ltr'><strong>per</strong></span> <span class='ocrx_word' id='word_1_595' title='bbox 1164 5261 1303 5314; x_wconf 88' lang='lat' dir='ltr'><strong>quos</strong></span> <span class='ocrx_word' id='word_1_596' title='bbox 1337 5247 1652 5303; x_wconf 90' lang='lat' dir='ltr'><strong>helluentur</strong></span> <span class='ocrx_word' id='word_1_597' title='bbox 1715 5251 1951 5321; x_wconf 87' lang='lat' dir='ltr'><strong>vinoque</strong></span> <span class='ocrx_word' id='word_1_598' title='bbox 1980 5253 2107 5308; x_wconf 86' lang='lat' dir='ltr'><strong>bac-</strong></span> 
     </span>
    </p>
   </div>
   <div class='ocr_carea' id='block_1_85' title="bbox 540 5330 2106 5408">
    <p class='ocr_par' dir='ltr' id='par_1_85' title="bbox 540 5330 2106 5408">
     <span class='ocr_line' id='line_1_85' title="bbox 540 5330 2106 5408; baseline 0.011 -29"><span class='ocrx_word' id='word_1_599' title='bbox 540 5330 792 5395; x_wconf 79' lang='lat' dir='ltr'><strong>chentur,</strong></span> <span class='ocrx_word' id='word_1_600' title='bbox 829 5331 998 5400; x_wconf 82' lang='lat' dir='ltr'><strong>ignari</strong></span> <span class='ocrx_word' id='word_1_601' title='bbox 1021 5335 1405 5391; x_wconf 85' lang='lat' dir='ltr'><strong>abstinentiam</strong></span> <span class='ocrx_word' id='word_1_602' title='bbox 1437 5353 1531 5393; x_wconf 91' lang='lat' dir='ltr'><strong>eos</strong></span> <span class='ocrx_word' id='word_1_603' title='bbox 1551 5341 1794 5405; x_wconf 90' lang='lat' dir='ltr'><strong>profiteri</strong></span> <span class='ocrx_word' id='word_1_604' title='bbox 1829 5343 2106 5408; x_wconf 89' lang='lat' dir='ltr'><strong>carnium,</strong></span> 
     </span>
    </p>
   </div>
   <div class='ocr_carea' id='block_1_86' title="bbox 541 5426 2107 5495">
    <p class='ocr_par' dir='ltr' id='par_1_86' title="bbox 541 5426 2107 5495">
     <span class='ocr_line' id='line_1_86' title="bbox 541 5426 2107 5495; baseline 0.01 -22"><span class='ocrx_word' id='word_1_605' title='bbox 541 5436 649 5475; x_wconf 86' lang='lat' dir='ltr'><strong>non</strong></span> <span class='ocrx_word' id='word_1_606' title='bbox 701 5426 974 5492; x_wconf 69' lang='lat' dir='ltr'><strong>crapulae,</strong></span> <span class='ocrx_word' id='word_1_607' title='bbox 1018 5437 1072 5482; x_wconf 87' lang='lat' dir='ltr'><strong>et</strong></span> <span class='ocrx_word' id='word_1_608' title='bbox 1116 5429 1394 5485; x_wconf 88' lang='lat' dir='ltr'><strong>ebrietatis</strong></span> <span class='ocrx_word' id='word_1_609' title='bbox 1444 5430 1802 5495; x_wconf 81' lang='lat' dir='ltr'><strong>iunctionem,</strong></span> <span class='ocrx_word' id='word_1_610' title='bbox 1862 5448 1986 5486; x_wconf 90' lang='lat' dir='ltr'><strong>nam</strong></span> <span class='ocrx_word' id='word_1_611' title='bbox 2056 5435 2107 5489; x_wconf 92' lang='lat' dir='ltr'><strong>id</strong></span> 
     </span>
    </p>
   </div>
   <div class='ocr_carea' id='block_1_87' title="bbox 545 5511 2104 5591">
    <p class='ocr_par' dir='ltr' id='par_1_87' title="bbox 545 5511 2104 5591">
     <span class='ocr_line' id='line_1_87' title="bbox 545 5511 2104 5591; baseline 0.009 -27"><span class='ocrx_word' id='word_1_612' title='bbox 545 5511 849 5567; x_wconf 61' lang='lat' dir='ltr'><strong>Criecarum</strong></span> <span class='ocrx_word' id='word_1_613' title='bbox 903 5515 1159 5573; x_wconf 83' lang='lat' dir='ltr'><strong>feriarum</strong></span> <span class='ocrx_word' id='word_1_614' title='bbox 1190 5522 1466 5591; x_wconf 89' lang='lat' dir='ltr'><strong>proprium</strong></span> <span class='ocrx_word' id='word_1_615' title='bbox 1503 5530 1608 5584; x_wconf 91' lang='lat' dir='ltr'><strong>est,</strong></span> <span class='ocrx_word' id='word_1_616' title='bbox 1641 5521 2104 5590; x_wconf 86' lang='lat' dir='ltr'><strong>Christianorum,</strong></span> 
     </span>
    </p>
   </div>
   <div class='ocr_carea' id='block_1_88' title="bbox 547 5600 2101 5681">
    <p class='ocr_par' dir='ltr' id='par_1_88' title="bbox 547 5600 2101 5681">
     <span class='ocr_line' id='line_1_88' title="bbox 547 5600 2101 5681; baseline 0.011 -30"><span class='ocrx_word' id='word_1_617' title='bbox 547 5601 620 5654; x_wconf 86' lang='lat' dir='ltr'><strong>uti</strong></span> <span class='ocrx_word' id='word_1_618' title='bbox 652 5600 973 5673; x_wconf 88' lang='lat' dir='ltr'><strong>frugalitate,</strong></span> <span class='ocrx_word' id='word_1_619' title='bbox 1014 5627 1111 5665; x_wconf 89' lang='lat' dir='ltr'><strong>nec</strong></span> <span class='ocrx_word' id='word_1_620' title='bbox 1157 5612 1400 5680; x_wconf 87' lang='lat' dir='ltr'><strong>corporis</strong></span> <span class='ocrx_word' id='word_1_621' title='bbox 1427 5628 1524 5681; x_wconf 92' lang='lat' dir='ltr'><strong>pro</strong></span> <span class='ocrx_word' id='word_1_622' title='bbox 1568 5612 1886 5666; x_wconf 90' lang='lat' dir='ltr'><strong>libidinibus</strong></span> <span class='ocrx_word' id='word_1_623' title='bbox 1918 5628 2101 5668; x_wconf 88' lang='lat' dir='ltr'><strong>curam</strong></span> 
     </span>
    </p>
   </div>
   <div class='ocr_carea' id='block_1_89' title="bbox 619 5759 1642 5832">
    <p class='ocr_par' dir='ltr' id='par_1_89' title="bbox 619 5759 1642 5832">
     <span class='ocr_line' id='line_1_89' title="bbox 619 5759 1642 5832; baseline 0.008 -20"><span class='ocrx_word' id='word_1_624' title='bbox 619 5759 656 5789; x_wconf 84' lang='grc'><strong>¹¹¹</strong></span> <span class='ocrx_word' id='word_1_625' title='bbox 689 5760 882 5829; x_wconf 72' lang='lat' dir='ltr'><strong>Ephes.</strong></span> <span class='ocrx_word' id='word_1_626' title='bbox 926 5782 996 5830; x_wconf 80' lang='lat' dir='ltr'><strong>tv,</strong></span> <span class='ocrx_word' id='word_1_627' title='bbox 1034 5767 1118 5820; x_wconf 72' lang='lat'><strong>3‘2.</strong></span> <span class='ocrx_word' id='word_1_628' title='bbox 1206 5770 1244 5800; x_wconf 79' lang='lat'><strong>&quot;</strong></span> <span class='ocrx_word' id='word_1_629' title='bbox 1277 5767 1448 5822; x_wconf 84' lang='lat' dir='ltr'><strong>Galat.</strong></span> <span class='ocrx_word' id='word_1_630' title='bbox 1488 5782 1559 5832; x_wconf 77' lang='lat' dir='ltr'><strong>vr,</strong></span> <span class='ocrx_word' id='word_1_631' title='bbox 1592 5768 1642 5820; x_wconf 76' lang='lat'><strong>‘2.</strong></span> 
     </span>
    </p>
   </div>
   <div class='ocr_carea' id='block_1_90' title="bbox 1725 5767 2173 5838">
    <p class='ocr_par' dir='ltr' id='par_1_90' title="bbox 1725 5767 2173 5838">
     <span class='ocr_line' id='line_1_90' title="bbox 1725 5767 2173 5838; baseline 0.007 -17"><span class='ocrx_word' id='word_1_632' title='bbox 1725 5768 1766 5798; x_wconf 81' lang='grc'><strong>²⁰</strong></span> <span class='ocrx_word' id='word_1_633' title='bbox 1796 5767 1954 5822; x_wconf 74' lang='lat' dir='ltr'><strong>Hebr.</strong></span> <span class='ocrx_word' id='word_1_634' title='bbox 1997 5786 2045 5838; x_wconf 78' lang='grc' dir='ltr'><strong>κ,</strong></span> <span class='ocrx_word' id='word_1_635' title='bbox 2089 5770 2173 5824; x_wconf 72' lang='grc'><strong>56.</strong></span> 
     </span>
    </p>
   </div>
   <div class='ocr_carea' id='block_1_91' title="bbox 2211 3154 3786 3224">
    <p class='ocr_par' dir='ltr' id='par_1_91' title="bbox 2211 3154 3786 3224">
     <span class='ocr_line' id='line_1_91' title="bbox 2211 3154 3786 3224; baseline -0.001 -13"><span class='ocrx_word' id='word_1_636' title='bbox 2211 3173 2419 3221; x_wconf 88' lang='lat' dir='ltr'><strong>perere,</strong></span> <span class='ocrx_word' id='word_1_637' title='bbox 2446 3158 2648 3210; x_wconf 88' lang='lat' dir='ltr'><strong>mundo</strong></span> <span class='ocrx_word' id='word_1_638' title='bbox 2673 3156 3019 3209; x_wconf 87' lang='lat' dir='ltr'><strong>admirationi</strong></span> <span class='ocrx_word' id='word_1_639' title='bbox 3056 3154 3245 3208; x_wconf 85' lang='lat' dir='ltr'><strong>fuere:</strong></span> <span class='ocrx_word' id='word_1_640' title='bbox 3278 3171 3513 3224; x_wconf 85' lang='lat' dir='ltr'><strong>quorum</strong></span> <span class='ocrx_word' id='word_1_641' title='bbox 3541 3172 3682 3211; x_wconf 89' lang='lat' dir='ltr'><strong>unus</strong></span> <span class='ocrx_word' id='word_1_642' title='bbox 3703 3166 3786 3211; x_wconf 88' lang='lat' dir='ltr'><strong>est</strong></span> 
     </span>
    </p>
   </div>
   <div class='ocr_carea' id='block_1_92' title="bbox 2212 3245 3788 3318">
    <p class='ocr_par' dir='ltr' id='par_1_92' title="bbox 2212 3245 3788 3318">
     <span class='ocr_line' id='line_1_92' title="bbox 2212 3245 3788 3318; baseline 0 -17"><span class='ocrx_word' id='word_1_643' title='bbox 2212 3249 2403 3301; x_wconf 89' lang='lat' dir='ltr'><strong>beatus</strong></span> <span class='ocrx_word' id='word_1_644' title='bbox 2436 3247 2731 3312; x_wconf 79' lang='lat' dir='ltr'><strong>Antonius,</strong></span> <span class='ocrx_word' id='word_1_645' title='bbox 2778 3247 2935 3315; x_wconf 90' lang='lat' dir='ltr'><strong>cujus</strong></span> <span class='ocrx_word' id='word_1_646' title='bbox 2968 3246 3134 3299; x_wconf 86' lang='lat' dir='ltr'><strong>vitam</strong></span> <span class='ocrx_word' id='word_1_647' title='bbox 3183 3245 3413 3314; x_wconf 89' lang='lat' dir='ltr'><strong>legimus</strong></span> <span class='ocrx_word' id='word_1_648' title='bbox 3437 3285 3452 3309; x_wconf 97' lang='lat'><strong>,</strong></span> <span class='ocrx_word' id='word_1_649' title='bbox 3485 3263 3549 3301; x_wconf 91' lang='lat' dir='ltr'><strong>ac</strong></span> <span class='ocrx_word' id='word_1_650' title='bbox 3581 3264 3788 3318; x_wconf 82' lang='lat' dir='ltr'><strong>quern-</strong></span> 
     </span>
    </p>
   </div>
   <div class='ocr_carea' id='block_1_93' title="bbox 2210 3338 3789 3407">
    <p class='ocr_par' dir='ltr' id='par_1_93' title="bbox 2210 3338 3789 3407">
     <span class='ocr_line' id='line_1_93' title="bbox 2210 3338 3789 3407; baseline 0.001 -13"><span class='ocrx_word' id='word_1_651' title='bbox 2210 3341 2503 3394; x_wconf 88' lang='lat' dir='ltr'><strong>admodum</strong></span> <span class='ocrx_word' id='word_1_652' title='bbox 2563 3356 2591 3393; x_wconf 88' lang='lat' dir='ltr'><strong>a</strong></span> <span class='ocrx_word' id='word_1_653' title='bbox 2640 3338 2751 3393; x_wconf 88' lang='lat' dir='ltr'><strong>Deo</strong></span> <span class='ocrx_word' id='word_1_654' title='bbox 2788 3339 2842 3392; x_wconf 91' lang='lat' dir='ltr'><strong>in</strong></span> <span class='ocrx_word' id='word_1_655' title='bbox 2875 3339 2980 3395; x_wconf 84' lang='lat' dir='ltr'><strong>hoc</strong></span> <span class='ocrx_word' id='word_1_656' title='bbox 3025 3339 3104 3393; x_wconf 90' lang='lat' dir='ltr'><strong>eis</strong></span> <span class='ocrx_word' id='word_1_657' title='bbox 3159 3339 3356 3392; x_wconf 74' lang='lat' dir='ltr'><strong>cmlum</strong></span> <span class='ocrx_word' id='word_1_658' title='bbox 3391 3339 3679 3407; x_wconf 77' lang='lat' dir='ltr'><strong>complexu</strong></span> <span class='ocrx_word' id='word_1_659' title='bbox 3717 3341 3789 3395; x_wconf 88' lang='lat' dir='ltr'><strong>sit</strong></span> 
     </span>
    </p>
   </div>
   <div class='ocr_carea' id='block_1_94' title="bbox 2209 3434 3787 3503">
    <p class='ocr_par' dir='ltr' id='par_1_94' title="bbox 2209 3434 3787 3503">
     <span class='ocr_line' id='line_1_94' title="bbox 2209 3434 3787 3503; baseline -0.002 -14"><span class='ocrx_word' id='word_1_660' title='bbox 2209 3443 2431 3489; x_wconf 74' lang='grc' dir='ltr'><strong>ρνροιιιε</strong></span> <span class='ocrx_word' id='word_1_661' title='bbox 2468 3434 2846 3503; x_wconf 79' lang='lat' dir='ltr'><strong>perspeximus</strong></span> <span class='ocrx_word' id='word_1_662' title='bbox 2873 3474 2887 3498; x_wconf 87' lang='lat'><strong>,</strong></span> <span class='ocrx_word' id='word_1_663' title='bbox 2927 3441 2984 3486; x_wconf 72' lang='grc' dir='ltr'><strong>ιιι</strong></span> <span class='ocrx_word' id='word_1_664' title='bbox 3037 3441 3192 3485; x_wconf 69' lang='grc' dir='ltr'><strong>ιειτξιξ</strong></span> <span class='ocrx_word' id='word_1_665' title='bbox 3229 3445 3449 3500; x_wconf 89' lang='lat' dir='ltr'><strong>quoque</strong></span> <span class='ocrx_word' id='word_1_666' title='bbox 3486 3446 3643 3501; x_wconf 68' lang='lat' dir='ltr'><strong>T8385</strong></span> <span class='ocrx_word' id='word_1_667' title='bbox 3674 3449 3787 3486; x_wconf 86' lang='lat' dir='ltr'><strong>ma—</strong></span> 
     </span>
    </p>
   </div>
   <div class='ocr_carea' id='block_1_95' title="bbox 2209 3524 3786 3595">
    <p class='ocr_par' dir='ltr' id='par_1_95' title="bbox 2209 3524 3786 3595">
     <span class='ocr_line' id='line_1_95' title="bbox 2209 3524 3786 3595; baseline 0.001 -18"><span class='ocrx_word' id='word_1_668' title='bbox 2209 3542 2373 3593; x_wconf 75' lang='lat' dir='ltr'><strong>gnum</strong></span> <span class='ocrx_word' id='word_1_669' title='bbox 2406 3526 2665 3581; x_wconf 89' lang='lat' dir='ltr'><strong>ducerent</strong></span> <span class='ocrx_word' id='word_1_670' title='bbox 2691 3526 2756 3578; x_wconf 90' lang='lat' dir='ltr'><strong>ad</strong></span> <span class='ocrx_word' id='word_1_671' title='bbox 2791 3541 2914 3578; x_wconf 90' lang='lat' dir='ltr'><strong>eum</strong></span> <span class='ocrx_word' id='word_1_672' title='bbox 2947 3525 3210 3588; x_wconf 88' lang='lat' dir='ltr'><strong>scribere,</strong></span> <span class='ocrx_word' id='word_1_673' title='bbox 3243 3524 3618 3593; x_wconf 71' lang='lat' dir='ltr'><strong>scriptumque</strong></span> <span class='ocrx_word' id='word_1_674' title='bbox 3667 3525 3786 3595; x_wconf 86' lang='lat' dir='ltr'><strong>ejus</strong></span> 
     </span>
    </p>
   </div>
   <div class='ocr_carea' id='block_1_96' title="bbox 2211 3616 3784 3686">
    <p class='ocr_par' dir='ltr' id='par_1_96' title="bbox 2211 3616 3784 3686">
     <span class='ocr_line' id='line_1_96' title="bbox 2211 3616 3784 3686; baseline -0.001 -13"><span class='ocrx_word' id='word_1_675' title='bbox 2211 3620 2360 3673; x_wconf 88' lang='lat' dir='ltr'><strong>adire</strong></span> <span class='ocrx_word' id='word_1_676' title='bbox 2391 3634 2598 3672; x_wconf 86' lang='lat' dir='ltr'><strong>vocem.</strong></span> <span class='ocrx_word' id='word_1_677' title='bbox 2641 3616 2846 3671; x_wconf 87' lang='lat' dir='ltr'><strong>florum</strong></span> <span class='ocrx_word' id='word_1_678' title='bbox 2895 3618 3055 3672; x_wconf 88' lang='lat' dir='ltr'><strong>nauci</strong></span> <span class='ocrx_word' id='word_1_679' title='bbox 3091 3632 3191 3671; x_wconf 92' lang='lat' dir='ltr'><strong>nos</strong></span> <span class='ocrx_word' id='word_1_680' title='bbox 3229 3631 3449 3686; x_wconf 91' lang='lat' dir='ltr'><strong>quoque</strong></span> <span class='ocrx_word' id='word_1_681' title='bbox 3505 3617 3784 3671; x_wconf 79' lang='lat' dir='ltr'><strong>beatorum</strong></span> 
     </span>
    </p>
   </div>
   <div class='ocr_carea' id='block_1_97' title="bbox 2212 3705 3790 3777">
    <p class='ocr_par' dir='ltr' id='par_1_97' title="bbox 2212 3705 3790 3777">
     <span class='ocr_line' id='line_1_97' title="bbox 2212 3705 3790 3777; baseline 0 -16"><span class='ocrx_word' id='word_1_682' title='bbox 2212 3710 2377 3763; x_wconf 81' lang='lat' dir='ltr'><strong>vitam</strong></span> <span class='ocrx_word' id='word_1_683' title='bbox 2412 3710 2720 3777; x_wconf 91' lang='lat' dir='ltr'><strong>sequimur,</strong></span> <span class='ocrx_word' id='word_1_684' title='bbox 2755 3707 3070 3777; x_wconf 89' lang='lat' dir='ltr'><strong>imitarique</strong></span> <span class='ocrx_word' id='word_1_685' title='bbox 3097 3706 3293 3776; x_wconf 91' lang='lat' dir='ltr'><strong>probat</strong></span> <span class='ocrx_word' id='word_1_686' title='bbox 3326 3705 3631 3759; x_wconf 89' lang='lat' dir='ltr'><strong>monastica</strong></span> <span class='ocrx_word' id='word_1_687' title='bbox 3671 3722 3790 3775; x_wconf 89' lang='lat' dir='ltr'><strong>per-</strong></span> 
     </span>
    </p>
   </div>
   <div class='ocr_carea' id='block_1_98' title="bbox 2216 3797 3785 3870">
    <p class='ocr_par' dir='ltr' id='par_1_98' title="bbox 2216 3797 3785 3870">
     <span class='ocr_line' id='line_1_98' title="bbox 2216 3797 3785 3870; baseline -0.001 -16"><span class='ocrx_word' id='word_1_688' title='bbox 2216 3800 2399 3864; x_wconf 89' lang='lat' dir='ltr'><strong>fectio,</strong></span> <span class='ocrx_word' id='word_1_689' title='bbox 2429 3802 2618 3855; x_wconf 86' lang='lat' dir='ltr'><strong>mundi</strong></span> <span class='ocrx_word' id='word_1_690' title='bbox 2638 3802 2948 3870; x_wconf 89' lang='lat' dir='ltr'><strong>despectus,</strong></span> <span class='ocrx_word' id='word_1_691' title='bbox 2973 3799 3183 3868; x_wconf 68' lang='lat' dir='ltr'><strong>patriae,</strong></span> <span class='ocrx_word' id='word_1_692' title='bbox 3202 3798 3436 3869; x_wconf 85' lang='lat' dir='ltr'><strong>generis,</strong></span> <span class='ocrx_word' id='word_1_693' title='bbox 3459 3797 3785 3862; x_wconf 88' lang='lat' dir='ltr'><strong>amicorum,</strong></span> 
     </span>
    </p>
   </div>
   <div class='ocr_carea' id='block_1_99' title="bbox 2213 3889 3786 3962">
    <p class='ocr_par' dir='ltr' id='par_1_99' title="bbox 2213 3889 3786 3962">
     <span class='ocr_line' id='line_1_99' title="bbox 2213 3889 3786 3962; baseline -0.001 -17"><span class='ocrx_word' id='word_1_694' title='bbox 2213 3892 2530 3962; x_wconf 88' lang='lat' dir='ltr'><strong>patrimonii</strong></span> <span class='ocrx_word' id='word_1_695' title='bbox 2568 3893 2882 3960; x_wconf 91' lang='lat' dir='ltr'><strong>repudium,</strong></span> <span class='ocrx_word' id='word_1_696' title='bbox 2914 3890 3201 3958; x_wconf 87' lang='lat' dir='ltr'><strong>subjectio,</strong></span> <span class='ocrx_word' id='word_1_697' title='bbox 3235 3889 3610 3960; x_wconf 89' lang='lat' dir='ltr'><strong>morigeratio,</strong></span> <span class='ocrx_word' id='word_1_698' title='bbox 3652 3905 3786 3958; x_wconf 69' lang='lat' dir='ltr'><strong>pne-</strong></span> 
     </span>
    </p>
   </div>
   <div class='ocr_carea' id='block_1_100' title="bbox 2189 3981 3787 4058">
    <p class='ocr_par' dir='ltr' id='par_1_100' title="bbox 2189 3981 3787 4058">
     <span class='ocr_line' id='line_1_100' title="bbox 2189 3981 3787 4058; baseline -0.003 -18"><span class='ocrx_word' id='word_1_699' title='bbox 2189 3999 2340 4051; x_wconf 58' lang='lat' dir='ltr'><strong>.sens</strong></span> <span class='ocrx_word' id='word_1_700' title='bbox 2371 3983 2665 4048; x_wconf 87' lang='lat' dir='ltr'><strong>confessio,</strong></span> <span class='ocrx_word' id='word_1_701' title='bbox 2725 3984 2794 4039; x_wconf 89' lang='lat' dir='ltr'><strong>ob</strong></span> <span class='ocrx_word' id='word_1_702' title='bbox 2826 3999 2992 4053; x_wconf 88' lang='lat' dir='ltr'><strong>quam</strong></span> <span class='ocrx_word' id='word_1_703' title='bbox 3022 3982 3198 4058; x_wconf 72' lang='lat' dir='ltr'><strong>capite</strong></span> <span class='ocrx_word' id='word_1_704' title='bbox 3232 3981 3579 4050; x_wconf 88' lang='lat' dir='ltr'><strong>fortunisque</strong></span> <span class='ocrx_word' id='word_1_705' title='bbox 3621 3996 3787 4050; x_wconf 78' lang='lat' dir='ltr'><strong>oppe~</strong></span> 
     </span>
    </p>
   </div>
   <div class='ocr_carea' id='block_1_101' title="bbox 2214 4074 3789 4145">
    <p class='ocr_par' dir='ltr' id='par_1_101' title="bbox 2214 4074 3789 4145">
     <span class='ocr_line' id='line_1_101' title="bbox 2214 4074 3789 4145; baseline -0.004 -13"><span class='ocrx_word' id='word_1_706' title='bbox 2214 4081 2399 4133; x_wconf 88' lang='lat' dir='ltr'><strong>timur.</strong></span> <span class='ocrx_word' id='word_1_707' title='bbox 2440 4076 2807 4143; x_wconf 85' lang='lat' dir='ltr'><strong>Quamobrem</strong></span> <span class='ocrx_word' id='word_1_708' title='bbox 2837 4076 3191 4145; x_wconf 88' lang='lat' dir='ltr'><strong>gaudeamus,</strong></span> <span class='ocrx_word' id='word_1_709' title='bbox 3220 4083 3273 4130; x_wconf 80' lang='lat' dir='ltr'><strong>et</strong></span> <span class='ocrx_word' id='word_1_710' title='bbox 3299 4074 3526 4128; x_wconf 86' lang='lat' dir='ltr'><strong>invicem</strong></span> <span class='ocrx_word' id='word_1_711' title='bbox 3553 4074 3789 4143; x_wconf 83' lang='lat' dir='ltr'><strong>gratule-</strong></span> 
     </span>
    </p>
   </div>
   <div class='ocr_carea' id='block_1_102' title="bbox 2214 4166 3788 4239">
    <p class='ocr_par' dir='ltr' id='par_1_102' title="bbox 2214 4166 3788 4239">
     <span class='ocr_line' id='line_1_102' title="bbox 2214 4166 3788 4239; baseline -0.002 -15"><span class='ocrx_word' id='word_1_712' title='bbox 2214 4186 2359 4233; x_wconf 91' lang='lat' dir='ltr'><strong>mur,</strong></span> <span class='ocrx_word' id='word_1_713' title='bbox 2393 4170 2540 4239; x_wconf 90' lang='lat' dir='ltr'><strong>quod</strong></span> <span class='ocrx_word' id='word_1_714' title='bbox 2574 4170 2689 4224; x_wconf 66' lang='lat' dir='ltr'><strong>haec</strong></span> <span class='ocrx_word' id='word_1_715' title='bbox 2721 4169 2881 4223; x_wconf 88' lang='lat' dir='ltr'><strong>nobis</strong></span> <span class='ocrx_word' id='word_1_716' title='bbox 2910 4168 3138 4236; x_wconf 84' lang='lat' dir='ltr'><strong>largitus</strong></span> <span class='ocrx_word' id='word_1_717' title='bbox 3171 4166 3313 4221; x_wconf 91' lang='lat' dir='ltr'><strong>Deus</strong></span> <span class='ocrx_word' id='word_1_718' title='bbox 3340 4176 3444 4232; x_wconf 86' lang='lat' dir='ltr'><strong>est,</strong></span> <span class='ocrx_word' id='word_1_719' title='bbox 3509 4183 3572 4223; x_wconf 92' lang='lat' dir='ltr'><strong>ac</strong></span> <span class='ocrx_word' id='word_1_720' title='bbox 3625 4167 3788 4221; x_wconf 86' lang='lat' dir='ltr'><strong>vitam</strong></span> 
     </span>
    </p>
   </div>
   <div class='ocr_carea' id='block_1_103' title="bbox 2213 4260 3784 4334">
    <p class='ocr_par' dir='ltr' id='par_1_103' title="bbox 2213 4260 3784 4334">
     <span class='ocr_line' id='line_1_103' title="bbox 2213 4260 3784 4334; baseline -0.002 -16"><span class='ocrx_word' id='word_1_721' title='bbox 2213 4266 2424 4334; x_wconf 86' lang='lat' dir='ltr'><strong>agimus</strong></span> <span class='ocrx_word' id='word_1_722' title='bbox 2462 4262 2782 4331; x_wconf 90' lang='lat' dir='ltr'><strong>spiritalem,</strong></span> <span class='ocrx_word' id='word_1_723' title='bbox 2813 4260 2865 4314; x_wconf 93' lang='lat' dir='ltr'><strong>in</strong></span> <span class='ocrx_word' id='word_1_724' title='bbox 2898 4275 3004 4329; x_wconf 89' lang='lat' dir='ltr'><strong>qua</strong></span> <span class='ocrx_word' id='word_1_725' title='bbox 3058 4260 3243 4323; x_wconf 90' lang='lat' dir='ltr'><strong>liceat,</strong></span> <span class='ocrx_word' id='word_1_726' title='bbox 3281 4261 3324 4314; x_wconf 90' lang='lat' dir='ltr'><strong>si</strong></span> <span class='ocrx_word' id='word_1_727' title='bbox 3361 4260 3614 4326; x_wconf 91' lang='lat' dir='ltr'><strong>velimus,</strong></span> <span class='ocrx_word' id='word_1_728' title='bbox 3646 4276 3784 4329; x_wconf 88' lang='lat' dir='ltr'><strong>quo-</strong></span> 
     </span>
    </p>
   </div>
   <div class='ocr_carea' id='block_1_104' title="bbox 2213 4352 3786 4424">
    <p class='ocr_par' dir='ltr' id='par_1_104' title="bbox 2213 4352 3786 4424">
     <span class='ocr_line' id='line_1_104' title="bbox 2213 4352 3786 4424; baseline 0 -13"><span class='ocrx_word' id='word_1_729' title='bbox 2213 4358 2342 4411; x_wconf 89' lang='lat' dir='ltr'><strong>tidie</strong></span> <span class='ocrx_word' id='word_1_730' title='bbox 2373 4355 2578 4420; x_wconf 89' lang='lat' dir='ltr'><strong>feriari,</strong></span> <span class='ocrx_word' id='word_1_731' title='bbox 2614 4362 2668 4409; x_wconf 89' lang='lat' dir='ltr'><strong>et</strong></span> <span class='ocrx_word' id='word_1_732' title='bbox 2709 4354 2907 4422; x_wconf 84' lang='lat' dir='ltr'><strong>gaudio</strong></span> <span class='ocrx_word' id='word_1_733' title='bbox 2946 4353 3068 4408; x_wconf 89' lang='lat' dir='ltr'><strong>sine</strong></span> <span class='ocrx_word' id='word_1_734' title='bbox 3098 4354 3204 4408; x_wconf 86' lang='lat' dir='ltr'><strong>fine</strong></span> <span class='ocrx_word' id='word_1_735' title='bbox 3232 4353 3414 4423; x_wconf 91' lang='lat' dir='ltr'><strong>potiri.</strong></span> <span class='ocrx_word' id='word_1_736' title='bbox 3447 4352 3659 4424; x_wconf 85' lang='lat' dir='ltr'><strong>Itaque,</strong></span> <span class='ocrx_word' id='word_1_737' title='bbox 3699 4371 3786 4411; x_wconf 84' lang='lat' dir='ltr'><strong>co-</strong></span> 
     </span>
    </p>
   </div>
   <div class='ocr_carea' id='block_1_105' title="bbox 2213 4445 3785 4512">
    <p class='ocr_par' dir='ltr' id='par_1_105' title="bbox 2213 4445 3785 4512">
     <span class='ocr_line' id='line_1_105' title="bbox 2213 4445 3785 4512; baseline 0 -11"><span class='ocrx_word' id='word_1_738' title='bbox 2213 4449 2427 4512; x_wconf 91' lang='lat' dir='ltr'><strong>hortor,</strong></span> <span class='ocrx_word' id='word_1_739' title='bbox 2447 4457 2558 4499; x_wconf 88' lang='lat' dir='ltr'><strong>lum</strong></span> <span class='ocrx_word' id='word_1_740' title='bbox 2577 4445 2815 4501; x_wconf 90' lang='lat' dir='ltr'><strong>studium</strong></span> <span class='ocrx_word' id='word_1_741' title='bbox 2839 4445 2943 4499; x_wconf 90' lang='lat' dir='ltr'><strong>hoc</strong></span> <span class='ocrx_word' id='word_1_742' title='bbox 2969 4454 3217 4500; x_wconf 90' lang='lat' dir='ltr'><strong>nostrum</strong></span> <span class='ocrx_word' id='word_1_743' title='bbox 3250 4447 3645 4512; x_wconf 85' lang='lat' dir='ltr'><strong>monasticum,</strong></span> <span class='ocrx_word' id='word_1_744' title='bbox 3674 4457 3785 4502; x_wconf 90' lang='lat' dir='ltr'><strong>tum</strong></span> 
     </span>
    </p>
   </div>
   <div class='ocr_carea' id='block_1_106' title="bbox 2212 4537 3790 4610">
    <p class='ocr_par' dir='ltr' id='par_1_106' title="bbox 2212 4537 3790 4610">
     <span class='ocr_line' id='line_1_106' title="bbox 2212 4537 3790 4610; baseline 0 -17"><span class='ocrx_word' id='word_1_745' title='bbox 2212 4538 2616 4594; x_wconf 84' lang='lat' dir='ltr'><strong>confessionem</strong></span> <span class='ocrx_word' id='word_1_746' title='bbox 2647 4537 2879 4591; x_wconf 87' lang='lat' dir='ltr'><strong>firmiter</strong></span> <span class='ocrx_word' id='word_1_747' title='bbox 2917 4545 3170 4590; x_wconf 90' lang='lat' dir='ltr'><strong>tueamur</strong></span> <span class='ocrx_word' id='word_1_748' title='bbox 3207 4554 3221 4592; x_wconf 87' lang='lat'><strong>:</strong></span> <span class='ocrx_word' id='word_1_749' title='bbox 3255 4553 3377 4592; x_wconf 91' lang='lat' dir='ltr'><strong>nam</strong></span> <span class='ocrx_word' id='word_1_750' title='bbox 3411 4553 3600 4608; x_wconf 90' lang='lat' dir='ltr'><strong>sparsa</strong></span> <span class='ocrx_word' id='word_1_751' title='bbox 3634 4540 3790 4610; x_wconf 89' lang='lat' dir='ltr'><strong>equi-</strong></span> 
     </span>
    </p>
   </div>
   <div class='ocr_carea' id='block_1_107' title="bbox 2212 4626 3785 4697">
    <p class='ocr_par' dir='ltr' id='par_1_107' title="bbox 2212 4626 3785 4697">
     <span class='ocr_line' id='line_1_107' title="bbox 2212 4626 3785 4697; baseline -0.001 -14"><span class='ocrx_word' id='word_1_752' title='bbox 2212 4629 2336 4683; x_wconf 88' lang='lat' dir='ltr'><strong>dem</strong></span> <span class='ocrx_word' id='word_1_753' title='bbox 2367 4627 2510 4682; x_wconf 89' lang='lat' dir='ltr'><strong>fama</strong></span> <span class='ocrx_word' id='word_1_754' title='bbox 2535 4634 2621 4682; x_wconf 86' lang='lat' dir='ltr'><strong>est</strong></span> <span class='ocrx_word' id='word_1_755' title='bbox 2646 4628 2933 4681; x_wconf 89' lang='lat' dir='ltr'><strong>imminere</strong></span> <span class='ocrx_word' id='word_1_756' title='bbox 2963 4626 3124 4681; x_wconf 89' lang='lat' dir='ltr'><strong>rebus</strong></span> <span class='ocrx_word' id='word_1_757' title='bbox 3153 4627 3356 4682; x_wconf 86' lang='lat' dir='ltr'><strong>nostris</strong></span> <span class='ocrx_word' id='word_1_758' title='bbox 3377 4629 3785 4697; x_wconf 89' lang='lat' dir='ltr'><strong>imperatorem,</strong></span> 
     </span>
    </p>
   </div>
   <div class='ocr_carea' id='block_1_108' title="bbox 2213 4719 3784 4789">
    <p class='ocr_par' dir='ltr' id='par_1_108' title="bbox 2213 4719 3784 4789">
     <span class='ocr_line' id='line_1_108' title="bbox 2213 4719 3784 4789; baseline -0.001 -13"><span class='ocrx_word' id='word_1_759' title='bbox 2213 4738 2277 4778; x_wconf 91' lang='lat' dir='ltr'><strong>ac</strong></span> <span class='ocrx_word' id='word_1_760' title='bbox 2296 4722 2495 4776; x_wconf 92' lang='lat' dir='ltr'><strong>mirum</strong></span> <span class='ocrx_word' id='word_1_761' title='bbox 2528 4721 2582 4775; x_wconf 91' lang='lat' dir='ltr'><strong>ni</strong></span> <span class='ocrx_word' id='word_1_762' title='bbox 2609 4720 2789 4774; x_wconf 88' lang='lat' dir='ltr'><strong>veniet</strong></span> <span class='ocrx_word' id='word_1_763' title='bbox 2814 4728 3035 4788; x_wconf 86' lang='lat' dir='ltr'><strong>repente</strong></span> <span class='ocrx_word' id='word_1_764' title='bbox 3059 4719 3332 4788; x_wconf 85' lang='lat' dir='ltr'><strong>apparitor</strong></span> <span class='ocrx_word' id='word_1_765' title='bbox 3355 4721 3559 4789; x_wconf 85' lang='lat' dir='ltr'><strong>regius.</strong></span> <span class='ocrx_word' id='word_1_766' title='bbox 3583 4720 3784 4776; x_wconf 81' lang='lat' dir='ltr'><strong>Verum</strong></span> 
     </span>
    </p>
   </div>
   <div class='ocr_carea' id='block_1_109' title="bbox 2214 4808 3783 4878">
    <p class='ocr_par' dir='ltr' id='par_1_109' title="bbox 2214 4808 3783 4878">
     <span class='ocr_line' id='line_1_109' title="bbox 2214 4808 3783 4878; baseline -0.001 -11"><span class='ocrx_word' id='word_1_767' title='bbox 2214 4828 2282 4868; x_wconf 90' lang='lat' dir='ltr'><strong>ne</strong></span> <span class='ocrx_word' id='word_1_768' title='bbox 2309 4821 2728 4867; x_wconf 89' lang='lat' dir='ltr'><strong>consternemur</strong></span> <span class='ocrx_word' id='word_1_769' title='bbox 2752 4824 2995 4876; x_wconf 91' lang='lat' dir='ltr'><strong>rumore,</strong></span> <span class='ocrx_word' id='word_1_770' title='bbox 3018 4810 3163 4878; x_wconf 92' lang='lat' dir='ltr'><strong>quod</strong></span> <span class='ocrx_word' id='word_1_771' title='bbox 3195 4808 3240 4863; x_wconf 88' lang='lat' dir='ltr'><strong>si</strong></span> <span class='ocrx_word' id='word_1_772' title='bbox 3269 4824 3296 4862; x_wconf 85' lang='lat' dir='ltr'><strong>a</strong></span> <span class='ocrx_word' id='word_1_773' title='bbox 3317 4809 3475 4864; x_wconf 90' lang='lat' dir='ltr'><strong>nobis</strong></span> <span class='ocrx_word' id='word_1_774' title='bbox 3505 4810 3649 4864; x_wconf 86' lang='lat' dir='ltr'><strong>Deus</strong></span> <span class='ocrx_word' id='word_1_775' title='bbox 3680 4821 3783 4877; x_wconf 91' lang='lat' dir='ltr'><strong>est,</strong></span> 
     </span>
    </p>
   </div>
   <div class='ocr_carea' id='block_1_110' title="bbox 2213 4900 3785 4974">
    <p class='ocr_par' dir='ltr' id='par_1_110' title="bbox 2213 4900 3785 4974">
     <span class='ocr_line' id='line_1_110' title="bbox 2213 4900 3785 4974; baseline 0 -16"><span class='ocrx_word' id='word_1_776' title='bbox 2213 4905 2335 4974; x_wconf 91' lang='lat' dir='ltr'><strong>quis</strong></span> <span class='ocrx_word' id='word_1_777' title='bbox 2365 4913 2556 4959; x_wconf 89' lang='lat' dir='ltr'><strong>contra</strong></span> <span class='ocrx_word' id='word_1_778' title='bbox 2581 4903 2722 4958; x_wconf 87' lang='lat' dir='ltr'><strong>nos?</strong></span> <span class='ocrx_word' id='word_1_779' title='bbox 2756 4900 2975 4956; x_wconf 88' lang='lat' dir='ltr'><strong>Scilicet</strong></span> <span class='ocrx_word' id='word_1_780' title='bbox 3019 4901 3110 4970; x_wconf 93' lang='lat' dir='ltr'><strong>qui</strong></span> <span class='ocrx_word' id='word_1_781' title='bbox 3158 4912 3284 4955; x_wconf 90' lang='lat' dir='ltr'><strong>ante</strong></span> <span class='ocrx_word' id='word_1_782' title='bbox 3334 4901 3633 4970; x_wconf 88' lang='lat' dir='ltr'><strong>opitulatus</strong></span> <span class='ocrx_word' id='word_1_783' title='bbox 3683 4916 3785 4967; x_wconf 90' lang='lat' dir='ltr'><strong>est,</strong></span> 
     </span>
    </p>
   </div>
   <div class='ocr_carea' id='block_1_111' title="bbox 2211 4993 3779 5066">
    <p class='ocr_par' dir='ltr' id='par_1_111' title="bbox 2211 4993 3779 5066">
     <span class='ocr_line' id='line_1_111' title="bbox 2211 4993 3779 5066; baseline -0.003 -15"><span class='ocrx_word' id='word_1_784' title='bbox 2211 5012 2322 5052; x_wconf 85' lang='lat' dir='ltr'><strong>non</strong></span> <span class='ocrx_word' id='word_1_785' title='bbox 2355 4995 2651 5066; x_wconf 79' lang='lat' dir='ltr'><strong>opituletur</strong></span> <span class='ocrx_word' id='word_1_786' title='bbox 2679 5002 2732 5048; x_wconf 88' lang='lat' dir='ltr'><strong>et</strong></span> <span class='ocrx_word' id='word_1_787' title='bbox 2763 4993 3120 5062; x_wconf 88' lang='lat' dir='ltr'><strong>imposterum</strong></span> <span class='ocrx_word' id='word_1_788' title='bbox 3143 4993 3166 5045; x_wconf 82' lang='lat'><strong>?</strong></span> <span class='ocrx_word' id='word_1_789' title='bbox 3189 5001 3396 5046; x_wconf 91' lang='lat' dir='ltr'><strong>tantum</strong></span> <span class='ocrx_word' id='word_1_790' title='bbox 3426 5001 3635 5047; x_wconf 88' lang='lat' dir='ltr'><strong>stemus</strong></span> <span class='ocrx_word' id='word_1_791' title='bbox 3671 4994 3779 5047; x_wconf 87' lang='lat' dir='ltr'><strong>ani-</strong></span> 
     </span>
    </p>
   </div>
   <div class='ocr_carea' id='block_1_112' title="bbox 2211 5081 3792 5151">
    <p class='ocr_par' dir='ltr' id='par_1_112' title="bbox 2211 5081 3792 5151">
     <span class='ocr_line' id='line_1_112' title="bbox 2211 5081 3792 5151; baseline -0.004 -9"><span class='ocrx_word' id='word_1_792' title='bbox 2211 5103 2397 5150; x_wconf 90' lang='lat' dir='ltr'><strong>mose,</strong></span> <span class='ocrx_word' id='word_1_793' title='bbox 2448 5094 2659 5139; x_wconf 90' lang='lat' dir='ltr'><strong>tantum</strong></span> <span class='ocrx_word' id='word_1_794' title='bbox 2699 5084 3096 5151; x_wconf 86' lang='lat' dir='ltr'><strong>circumspecte</strong></span> <span class='ocrx_word' id='word_1_795' title='bbox 3145 5096 3475 5145; x_wconf 90' lang='lat' dir='ltr'><strong>caveamus,</strong></span> <span class='ocrx_word' id='word_1_796' title='bbox 3533 5081 3792 5151; x_wconf 85' lang='lat' dir='ltr'><strong>viresque</strong></span> 
     </span>
    </p>
   </div>
   <div class='ocr_carea' id='block_1_113' title="bbox 2210 5173 3788 5248">
    <p class='ocr_par' dir='ltr' id='par_1_113' title="bbox 2210 5173 3788 5248">
     <span class='ocr_line' id='line_1_113' title="bbox 2210 5173 3788 5248; baseline -0.003 -17"><span class='ocrx_word' id='word_1_797' title='bbox 2210 5178 2328 5248; x_wconf 90' lang='lat' dir='ltr'><strong>ipse</strong></span> <span class='ocrx_word' id='word_1_798' title='bbox 2367 5177 2661 5248; x_wconf 66' lang='lat' dir='ltr'><strong>prmbebit,</strong></span> <span class='ocrx_word' id='word_1_799' title='bbox 2694 5175 2785 5244; x_wconf 92' lang='lat' dir='ltr'><strong>qui</strong></span> <span class='ocrx_word' id='word_1_800' title='bbox 2811 5190 2877 5229; x_wconf 87' lang='lat' dir='ltr'><strong>ex</strong></span> <span class='ocrx_word' id='word_1_801' title='bbox 2913 5173 3033 5243; x_wconf 83' lang='lat' dir='ltr'><strong>ejus</strong></span> <span class='ocrx_word' id='word_1_802' title='bbox 3069 5173 3350 5226; x_wconf 89' lang='lat' dir='ltr'><strong>voluntate</strong></span> <span class='ocrx_word' id='word_1_803' title='bbox 3373 5173 3481 5226; x_wconf 87' lang='lat' dir='ltr'><strong>vita</strong></span> <span class='ocrx_word' id='word_1_804' title='bbox 3511 5173 3578 5226; x_wconf 91' lang='lat' dir='ltr'><strong>ad</strong></span> <span class='ocrx_word' id='word_1_805' title='bbox 3613 5184 3788 5227; x_wconf 81' lang='lat' dir='ltr'><strong>extre—</strong></span> 
     </span>
    </p>
   </div>
   <div class='ocr_carea' id='block_1_114' title="bbox 2212 5267 3786 5340">
    <p class='ocr_par' dir='ltr' id='par_1_114' title="bbox 2212 5267 3786 5340">
     <span class='ocr_line' id='line_1_114' title="bbox 2212 5267 3786 5340; baseline -0.003 -14"><span class='ocrx_word' id='word_1_806' title='bbox 2212 5287 2361 5327; x_wconf 91' lang='lat' dir='ltr'><strong>mum</strong></span> <span class='ocrx_word' id='word_1_807' title='bbox 2395 5269 2662 5340; x_wconf 87' lang='lat' dir='ltr'><strong>perfuncti</strong></span> <span class='ocrx_word' id='word_1_808' title='bbox 2715 5267 2937 5323; x_wconf 65' lang='lat' dir='ltr'><strong>caeleste</strong></span> <span class='ocrx_word' id='word_1_809' title='bbox 2982 5279 3206 5335; x_wconf 85' lang='lat' dir='ltr'><strong>regnum</strong></span> <span class='ocrx_word' id='word_1_810' title='bbox 3241 5278 3654 5334; x_wconf 88' lang='lat' dir='ltr'><strong>consequamur</strong></span> <span class='ocrx_word' id='word_1_811' title='bbox 3693 5282 3786 5335; x_wconf 88' lang='lat' dir='ltr'><strong>per</strong></span> 
     </span>
    </p>
   </div>
   <div class='ocr_carea' id='block_1_115' title="bbox 2210 5353 3786 5424">
    <p class='ocr_par' dir='ltr' id='par_1_115' title="bbox 2210 5353 3786 5424">
     <span class='ocr_line' id='line_1_115' title="bbox 2210 5353 3786 5424; baseline -0.004 -9"><span class='ocrx_word' id='word_1_812' title='bbox 2210 5362 2489 5416; x_wconf 88' lang='lat' dir='ltr'><strong>Christum</strong></span> <span class='ocrx_word' id='word_1_813' title='bbox 2535 5358 2720 5414; x_wconf 80' lang='lat' dir='ltr'><strong>Jesum</strong></span> <span class='ocrx_word' id='word_1_814' title='bbox 2754 5357 3041 5411; x_wconf 90' lang='lat' dir='ltr'><strong>Dominum</strong></span> <span class='ocrx_word' id='word_1_815' title='bbox 3076 5362 3322 5408; x_wconf 90' lang='lat' dir='ltr'><strong>nostrum</strong></span> <span class='ocrx_word' id='word_1_816' title='bbox 3359 5373 3374 5408; x_wconf 86' lang='lat'><strong>:</strong></span> <span class='ocrx_word' id='word_1_817' title='bbox 3403 5353 3491 5408; x_wconf 91' lang='lat' dir='ltr'><strong>cui</strong></span> <span class='ocrx_word' id='word_1_818' title='bbox 3527 5355 3702 5424; x_wconf 88' lang='lat' dir='ltr'><strong>gloria</strong></span> <span class='ocrx_word' id='word_1_819' title='bbox 3735 5369 3786 5410; x_wconf 92' lang='lat' dir='ltr'><strong>et</strong></span> 
     </span>
    </p>
   </div>
   <div class='ocr_carea' id='block_1_116' title="bbox 2213 5443 3788 5521">
    <p class='ocr_par' dir='ltr' id='par_1_116' title="bbox 2213 5443 3788 5521">
     <span class='ocr_line' id='line_1_116' title="bbox 2213 5443 3788 5521; baseline -0.004 -15"><span class='ocrx_word' id='word_1_820' title='bbox 2213 5452 2501 5521; x_wconf 90' lang='lat' dir='ltr'><strong>imperium</strong></span> <span class='ocrx_word' id='word_1_821' title='bbox 2531 5466 2655 5505; x_wconf 90' lang='lat' dir='ltr'><strong>cum</strong></span> <span class='ocrx_word' id='word_1_822' title='bbox 2679 5451 2858 5514; x_wconf 85' lang='lat' dir='ltr'><strong>Patre,</strong></span> <span class='ocrx_word' id='word_1_823' title='bbox 2892 5462 2956 5501; x_wconf 91' lang='lat' dir='ltr'><strong>ac</strong></span> <span class='ocrx_word' id='word_1_824' title='bbox 2985 5455 3175 5502; x_wconf 89' lang='lat' dir='ltr'><strong>sancto</strong></span> <span class='ocrx_word' id='word_1_825' title='bbox 3211 5443 3437 5514; x_wconf 90' lang='lat' dir='ltr'><strong>Spiritu,</strong></span> <span class='ocrx_word' id='word_1_826' title='bbox 3493 5462 3644 5500; x_wconf 89' lang='lat' dir='ltr'><strong>nunc</strong></span> <span class='ocrx_word' id='word_1_827' title='bbox 3672 5487 3685 5512; x_wconf 92' lang='lat'><strong>,</strong></span> <span class='ocrx_word' id='word_1_828' title='bbox 3736 5459 3788 5502; x_wconf 89' lang='lat' dir='ltr'><strong>et</strong></span> 
     </span>
    </p>
   </div>
   <div class='ocr_carea' id='block_1_117' title="bbox 2214 5537 3570 5614">
    <p class='ocr_par' dir='ltr' id='par_1_117' title="bbox 2214 5537 3570 5614">
     <span class='ocr_line' id='line_1_117' title="bbox 2214 5537 3570 5614; baseline -0.007 -14"><span class='ocrx_word' id='word_1_829' title='bbox 2214 5561 2447 5614; x_wconf 88' lang='lat' dir='ltr'><strong>semper,</strong></span> <span class='ocrx_word' id='word_1_830' title='bbox 2474 5544 2527 5598; x_wconf 90' lang='lat' dir='ltr'><strong>in</strong></span> <span class='ocrx_word' id='word_1_831' title='bbox 2559 5556 2887 5611; x_wconf 90' lang='lat' dir='ltr'><strong>omnemque</strong></span> <span class='ocrx_word' id='word_1_832' title='bbox 2910 5539 3345 5610; x_wconf 87' lang='lat' dir='ltr'><strong>perpetuitatem.</strong></span> <span class='ocrx_word' id='word_1_833' title='bbox 3372 5537 3570 5596; x_wconf 80' lang='lat' dir='ltr'><strong>Amen.</strong></span> 
     </span>
    </p>
   </div>
   <div class='ocr_carea' id='block_1_118' title="bbox 2253 5759 3485 5833">
    <p class='ocr_par' dir='ltr' id='par_1_118' title="bbox 2253 5759 3485 5833">
     <span class='ocr_line' id='line_1_118' title="bbox 2253 5759 3485 5833; baseline -0.01 -12"><span class='ocrx_word' id='word_1_834' title='bbox 2253 5769 2291 5799; x_wconf 85' lang='grc'><strong>²¹</strong></span> <span class='ocrx_word' id='word_1_835' title='bbox 2321 5766 2476 5822; x_wconf 86' lang='lat' dir='ltr'><strong>Joan.</strong></span> <span class='ocrx_word' id='word_1_836' title='bbox 2511 5782 2584 5831; x_wconf 88' lang='lat' dir='ltr'><strong>tv,</strong></span> <span class='ocrx_word' id='word_1_837' title='bbox 2616 5765 2670 5833; x_wconf 62' lang='lat'><strong>“3,</strong></span> <span class='ocrx_word' id='word_1_838' title='bbox 2709 5763 2761 5819; x_wconf 75' lang='grc'><strong>4.</strong></span> <span class='ocrx_word' id='word_1_839' title='bbox 2841 5763 2881 5793; x_wconf 81' lang='grc'><strong>²¹</strong></span> <span class='ocrx_word' id='word_1_840' title='bbox 2916 5759 3074 5816; x_wconf 77' lang='lat' dir='ltr'><strong>Rom.</strong></span> <span class='ocrx_word' id='word_1_841' title='bbox 3116 5775 3232 5823; x_wconf 81' lang='lat' dir='ltr'><strong>xm,</strong></span> <span class='ocrx_word' id='word_1_842' title='bbox 3287 5760 3485 5829; x_wconf 69' lang='lat' dir='ltr'><strong>fseqq,</strong></span> 
     </span>
    </p>
   </div>
  </div>
