4000 6306
170 323 270 385 577

833 426 1063 484 SERMO
1102 429 1164 482 L.

172 546 458 602 Dominica
493 543 967 598 Excarnaliorum.
1000 542 1073 595 De
1098 557 1287 608 magno
1316 551 1364 594 et
1395 541 1596 593 illustri
1651 540 1760 592 Do-

238 619 378 670 mini
408 617 582 669 nostri
621 612 757 667 Jesu
799 614 997 668 Christi
1029 612 1133 666 die.
1169 611 1437 665 Extrentis
1485 610 1763 664 Excanta-

241 689 384 740 libus
425 687 628 739 dictus.

237 798 467 853 Fratres
526 799 850 866 Patresque,
889 795 977 852 lex
1008 804 1094 852 est
1141 797 1467 852 universalis
1502 796 1762 853 hodierno

172 896 252 950 die
283 895 606 949 mundanos
637 909 736 947 esu
767 893 1015 946 carnium
1042 891 1284 962 defungi,
1309 909 1676 962 magnumque
1707 894 1759 947 in

171 988 232 1040 iis
288 986 621 1039 voracitatis
675 999 742 1038 ac
779 983 1086 1038 bibacitatis
1119 993 1390 1038 certamen
1428 985 1614 1039 videas
1650 985 1764 1054 agi-

171 1081 292 1144 tari,
329 1095 438 1134 nec
473 1093 583 1131 non
614 1087 669 1132 et
698 1075 842 1130 foeda
876 1076 1212 1130 ludicrorum
1249 1077 1557 1145 spectacula
1579 1117 1593 1139 ,
1643 1093 1764 1146 qua:

171 1173 250 1224 vel
284 1171 502 1226 referre
537 1181 696 1238 turpe
726 1177 845 1232 est;
890 1183 952 1220 ac
985 1181 1126 1235 quos
1166 1182 1264 1235 par
1311 1176 1430 1220 erat
1482 1168 1764 1238 frugaliter

170 1263 267 1325 uti,
299 1272 354 1316 et
389 1262 466 1315 de
492 1258 856 1331 praesentibus
890 1256 1000 1312 Deo
1020 1258 1302 1328 gratulari,
1329 1274 1558 1328 seseque
1573 1262 1637 1314 ad
1663 1260 1766 1313 im-

175 1354 386 1406 minens
404 1350 746 1414 convivium,
783 1357 843 1401 ut
876 1359 1134 1412 meretur,
1164 1364 1503 1418 comparare,
1531 1351 1762 1405 diaboli-

173 1442 246 1497 cis
277 1442 388 1495 acti
422 1439 761 1502 fraudibus,
814 1437 918 1491 alia
969 1438 1151 1492 omnia
1199 1437 1440 1504 faciunt,
1492 1439 1656 1492 alium
1703 1456 1763 1494 se

173 1540 502 1599 excepturos
523 1543 620 1597 pro
637 1528 750 1582 alio
770 1527 1232 1583 demonstrantes.
1249 1528 1520 1594 Quorsum
1543 1529 1654 1582 haec
1671 1545 1763 1584 au-

175 1630 279 1675 tem
313 1620 457 1674 mihi
497 1618 804 1673 dicuntur?
831 1627 887 1671 ut
911 1632 978 1670 ne
996 1618 1181 1671 eodem
1215 1634 1312 1672 nos
1337 1633 1553 1688 quoque
1576 1617 1762 1688 inopes

176 1708 436 1762 monachi
479 1717 722 1761 mentem
757 1705 1124 1773 dimittamus,
1158 1723 1259 1762 neu
1287 1723 1474 1762 eorum
1493 1710 1761 1764 desiderio

175 1799 625 1869 ducamur,un
647 1814 993 1869 nequaquam
1025 1799 1244 1869 dignum
1265 1802 1334 1854 sit
1352 1801 1642 1865 desiderio,
1673 1804 1765 1856 sed

180 1895 433 1960 planetu;
475 1892 608 1959 quin
643 1891 822 1945 oculis
864 1891 918 1944 in
954 1891 1264 1959 Evangelio,
1312 1893 1458 1960 quod
1493 1891 1653 1946 hodie
1696 1892 1768 1946 sit

179 1983 536 2044 audiendum,
571 1982 790 2046 delixis,
823 1982 888 2035 de
929 1997 1040 2052 quo
1072 1991 1125 2035 et
1156 1991 1408 2037 cantatus
1439 1983 1627 2037 Canon
1658 1993 1761 2050 est,

181 2089 432 2144 magnum
475 2083 532 2128 et
573 2074 787 2127 illustre
819 2071 1037 2128 Domini
1069 2074 1239 2127 nostri
1278 2070 1405 2128 Jesu
1435 2074 1638 2129 Christi
1666 2075 1766 2129 ad-

179 2175 368 2219 ventus
395 2165 545 2220 diem
572 2167 903 2236 cogitemus,
950 2181 1057 2235 qua
1089 2165 1258 2232 judex
1313 2167 1507 2222 ovibus
1553 2169 1761 2232 dextra,

185 2257 344 2313 haedis
381 2259 609 2313 sinistra
666 2257 976 2321 collocatis,
1017 2258 1140 2312 illos
1175 2259 1278 2312 hac
1313 2257 1470 2315 felice
1519 2270 1573 2315 et
1609 2269 1764 2328 opta-

184 2349 384 2402 tissima
403 2364 538 2404 voce
554 2347 932 2416 compellabit:
963 2347 1158 2414 Venite,
1178 2349 1432 2404 benedicti
1451 2350 1630 2405 Patris
1644 2355 1762 2417 mei,

182 2441 434 2506 possidete
456 2451 717 2508 paratum
746 2438 887 2493 vobis
912 2457 1129 2509 regnum
1156 2459 1187 2494 a
1212 2445 1586 2498 constitutione
1612 2462 1765 2497 mun-

184 2530 235 2582 di
261 2531 325 2592 ",
356 2532 441 2585 his
468 2531 648 2584 diram
708 2545 772 2584 ac
825 2531 1197 2586 tristissimam
1260 2549 1379 2586 cam
1440 2536 1760 2589 sententiam

186 2619 436 2690 loquetur
463 2638 478 2674 :
512 2621 783 2674 Discedite
817 2637 848 2672 a
875 2638 974 2684 me,
1005 2621 1294 2687 maledicti,
1320 2623 1371 2676 in
1407 2625 1576 2693 ignem
1609 2635 1764 2679 teter-

186 2726 323 2775 nunt,
367 2713 461 2764 aui
489 2721 722 2780 paratus
753 2721 829 2764 est
860 2711 1072 2764 diabolo
1096 2722 1143 2766 et
1171 2715 1370 2783 angelis
1396 2715 1509 2784 ejus
1527 2715 1616 2770 ²³⁶.
1642 2717 1764 2772 ΙΙωο

187 2801 403 2857 horrore
437 2812 594 2866 sunt,
633 2802 849 2857 medius
883 2801 1061 2869 lidius,
1094 2815 1146 2858 et
1172 2821 1389 2874 pavore,
1431 2822 1493 2860 ac
1520 2817 1764 2862 conster-

188 2894 396 2949 natione
431 2895 593 2962 plena
625 2911 636 2946 :
679 2909 802 2962 qua!
833 2908 931 2948 nos
958 2895 1109 2964 juxta
1172 2906 1336 2966 atque
1390 2899 1512 2954 illos
1553 2909 1764 2969 oportet

188 2991 494 3049 reputantes
521 2981 777 3036 accidere
807 2993 860 3036 et
885 2984 1254 3055 allaerymari.

255 3071 537 3143 Deumque
585 3072 885 3140 propitium
936 3089 1149 3142 parare,
1198 3075 1515 3146 priusquam
1564 3077 1630 3131 ad
1663 3092 1832 3160 ex-C

190 3165 500 3230 pcrientiam
540 3164 612 3218 sit
638 3163 935 3219 deventum
968 3181 1151 3220 rerum
1184 3182 1305 3236 quae
1337 3169 1650 3225 audiantur.
1683 3171 1760 3224 Ac

191 3269 300 3310 cum
357 3257 436 3312 sic
506 3256 717 3311 obeant
772 3257 871 3322 illi,
931 3273 1050 3322 nos,
1098 3260 1376 3324 cohortor,
1435 3261 1759 3331 Evangelica

190 3350 449 3414 praeconia
481 3351 742 3420 pernices
791 3350 1099 3415 audiamus,
1139 3352 1324 3404 timide
1365 3362 1525 3422 atque
1555 3354 1762 3422 trepide

191 3436 289 3491 Deo
314 3439 527 3495 servire
552 3447 888 3509 satagentes,
925 3449 1121 3496 cuncta
1151 3457 1218 3497 ex
1263 3444 1446 3497 animo
1466 3445 1764 3500 vitiositate

192 3540 447 3598 remota;
510 3532 788 3601 omnique
856 3531 1087 3587 invicem
1145 3534 1421 3602 praeclarae
1463 3535 1762 3591 functionis

194 3619 400 3678 inducta
453 3624 719 3688 scientia,
755 3624 937 3692 penita
970 3626 1372 3691 misericordia,
1407 3627 1760 3695 benignitate,

194 3713 573 3781 submissione,
612 3716 1056 3781 mansuetudine,
1091 3717 1440 3782 lenitate,seu
1462 3721 1590 3789 quid
1617 3721 1761 3775 aliud

196 3823 269 3866 est
295 3813 554 3869 eximium
594 3822 648 3869 et
694 3812 992 3876 laudatum,
1028 3828 1140 3883 quo
1178 3814 1338 3884 digna
1375 3815 1522 3870 obita
1561 3816 1761 3871 Christi

197 3900 471 3974 Evangelio
491 3908 604 3960 vita
633 3903 858 3958 caeleste
888 3919 1110 3975 regnum
1129 3911 1459 3963 erciscamur
1486 3924 1578 3977 per
1607 3908 1765 3964 Chri-

197 4003 328 4048 stum
353 3996 538 4051 Jesum
567 3997 864 4050 Dominum
888 4008 1133 4054 nostrum
1164 4014 1184 4052 τ
1204 4002 1288 4054 cui
1318 4001 1508 4071 gloria,
1527 4002 1762 4072 etimpe-

198 4081 347 4148 rium,
388 4101 512 4141 cum
545 4086 732 4152 Patre,
760 4102 823 4142 ac
848 4097 1036 4142 sancto
1061 4087 1284 4157 Spiritu,
1327 4106 1493 4153 nunc,
1532 4101 1586 4146 et
1616 4108 1761 4147 sem-

197 4187 299 4242 per,
328 4177 378 4232 in
403 4194 740 4250 omnemque
778 4182 1214 4250 perpetuitatem.
1251 4181 1443 4237 Amen.

792 4331 1027 4389 SERMO
1074 4332 1158 4386 ιι.

199 4463 384 4527 Quarto
410 4468 888 4542 Tyropliagiorunt.
917 4468 990 4522 De
1007 4470 1206 4538 ﬁducia
1238 4482 1391 4541 atque
1421 4474 1472 4525 in
1511 4478 1757 4542 prteseuti

681 4538 914 4607 periculo
947 4543 1269 4594 constantia.

260 4671 465 4731 Fratres
506 4677 832 4745 Patresque,
867 4675 1210 4731 institueram
1264 4680 1427 4734 hodie
1458 4683 1525 4736 de
1584 4686 1759 4739 conti-

201 4765 363 4819 nentia
393 4768 690 4833 disserere,
749 4778 1036 4839 postquam
1091 4770 1143 4824 in
1186 4771 1393 4828 foribus
1422 4774 1478 4828 S.
1509 4775 1756 4841 Quadra-

200 4856 385 4921 gesima
433 4871 557 4916 est:
589 4861 689 4916 sed
720 4877 844 4932 qua:
895 4863 1207 4918 rumoribus
1237 4865 1515 4934 jactantur
1557 4885 1759 4940 nequa-

202 4961 346 5012 quam
363 4951 411 5004 id
431 4969 591 5023 agere
624 4955 969 5023 permittunt,
995 4965 1173 5010 mente
1194 4972 1259 5012 ac
1304 4961 1760 5018 sermocinatione

203 5036 296 5089 alio
350 5042 594 5098 traducta
643 5061 659 5097 :
711 5043 822 5113 jam
874 5045 1018 5099 enim
1074 5047 1226 5103 vobis
1281 5048 1426 5103 edixi
1477 5053 1758 5122 superiore

203 5124 460 5187 Catechesi
502 5135 795 5190 imminere
823 5136 986 5190 rebus
1026 5139 1228 5194 nostris
1257 5141 1662 5212 imperatorem,
1701 5158 1756 5202 et

207 5233 334 5275 nunc
369 5227 517 5282 aiunt
549 5243 645 5297 per
679 5227 1026 5284 Nicomedem
1053 5231 1228 5286 minas
1258 5232 1546 5290 intentare.

266 5314 463 5379 Quibus
513 5324 559 5377 si
612 5339 969 5379 occurremus
1032 5327 1267 5396 egregie,
1325 5329 1550 5384 omnino
1610 5331 1755 5388 haud

207 5406 490 5466 sustinebit.
521 5413 628 5469 Sed
674 5412 872 5469 efficiat
903 5430 1033 5469 sane
1073 5417 1217 5486 quod
1249 5419 1489 5474 animum
1523 5423 1753 5491 induxit,

267 5531 518 5609 ’ᾖΜειιιμ
553 5559 683 5609 xxv,
711 5544 800 5598 54.
878 5546 945 5577 ²³·
978 5545 1109 5602 ibid.
1139 5550 1227 5603 tt.

210 5598 248 5628 "‘
281 5603 459 5664 Matth.
514 5629 568 5678 ι,
605 5616 661 5669 5.

1341 317 1742 379 SERMONES
1782 315 2298 375 CATECHETICI.

1796 432 1839 485 Α
1871 425 1999 492 quid
2025 425 2177 477 tum?
2206 433 2387 492 postea
2414 423 2620 478 scilicet
2653 439 2871 478 rursum
2897 425 3198 494 oppugnari
3229 440 3445 480 rursum

1311 5552 1417 5606 "ll
1451 5553 1578 5609 Cor.
1616 5573 1652 5625 ι,
1687 5559 1807 5612 5-7.

3345 315 3449 379 578

1866 521 1950 566 est
1995 513 2266 577 coronari,
2321 527 2384 566 ac
2404 527 2516 581 quo
2569 512 2807 580 majores
2844 523 2975 566 sunt
3021 528 3297 576 :rrumnm,
3340 515 3444 569 hoc

1866 601 2042 655 sancti
2076 601 2312 672 Spiritus
2363 603 2537 670 major
2590 602 2894 656 consolatio
2916 612 3028 657 est:
3061 619 3183 657 nam
3204 604 3449 673 Apostoli

1865 691 1980 745 haec
2020 702 2148 745 sunt
2193 693 2355 747 verba
2395 709 2408 745 :
2448 691 2594 745 Sicut
2625 691 2895 746 abundant
2943 695 3211 762 passiones
3246 694 3449 749 Christi

1865 783 1921 836 in
1951 782 2119 848 nobis,
2161 784 2237 836 ita
2265 794 2312 837 et
2332 799 2424 852 per
2455 782 2725 838 Christum
2743 784 2975 838 abundat
3023 787 3321 839 consolatio
3356 803 3450 839 no-

1865 883 2001 928 stra.
2030 873 2148 928 Sive
2173 886 2347 928 autem
2391 876 2732 940 tribulamur,
2764 894 2858 946 pro
2895 887 3066 930 uestra
3093 881 3452 932 consolatione

1863 975 1910 1018 et
1941 967 2110 1018 salute
2148 966 2279 1035 (I5),
2320 983 2439 1036 qua:
2472 976 2721 1034 operatur
2749 969 2802 1021 in
2838 968 3120 1022 tolerantia
3149 972 3452 1023 earumdem

1864 1059 2186 1128 passionum,
2209 1075 2341 1126 quas
2369 1069 2417 1111 et
2441 1075 2532 1112 nos
2558 1061 2813 1128 patimur,
2846 1059 2914 1130 (et
2953 1076 3069 1128 spes
3094 1072 3275 1113 nostra
3297 1062 3453 1129 ﬁrma

1864 1159 1940 1204 est
1967 1151 2030 1204 de
2051 1151 2213 1218 vobis)
2242 1151 2345 1204 sive
2369 1152 2722 1215 consolamur,
2750 1168 2844 1220 pro
2894 1162 3064 1205 vestra
3095 1152 3452 1207 consolatione

1865 1253 1910 1295 et
1953 1242 2148 1306 salute,
2184 1245 2402 1296 scientes
2453 1244 2589 1311 quod
2630 1245 2766 1295 sicut
2799 1242 2930 1297 socii
2969 1245 3272 1311 passionum
3303 1245 3452 1306 estis,

1864 1336 1940 1387 sic
1973 1335 2125 1388 eritis
2161 1344 2210 1388 et
2255 1333 2632 1388 consolationis
2657 1333 2723 1387 “.
2753 1332 2832 1387 En
2866 1335 2932 1389 iis
2983 1335 3160 1388 verbis
3205 1336 3455 1391 ostendit

1865 1424 2044 1479 socios
2088 1440 2189 1478 nos
2231 1440 2354 1479 esse
2411 1424 2652 1479 vicissim
2692 1425 2748 1477 in
2799 1425 3010 1480 solatiis
3067 1435 3122 1478 et
3169 1427 3450 1491 arumnis,

1867 1530 1964 1570 ceu
1999 1531 2167 1569 unum
2214 1531 2434 1584 corpus,
2484 1531 2758 1586 unamque
2802 1529 3062 1581 mentem,
3122 1527 3182 1572 ut
3211 1518 3263 1571 in
3289 1535 3451 1574 unam

1865 1621 2017 1676 spem
2057 1622 2276 1676 quoque
2321 1609 2530 1661 accitos
2593 1623 2658 1662 ac
2706 1616 2946 1664 vocatos.
2992 1608 3356 1674 Quamobrem
3387 1626 3453 1664 ne

1871 1700 1923 1752 in
1972 1706 2252 1769 posterum
2293 1700 2670 1762 concidamus,
2725 1697 2946 1764 fratres,
2990 1716 3092 1753 neu
3136 1700 3440 1764 doleamus.

1869 1790 2000 1859 quin
2057 1805 2162 1842 una
2221 1804 2410 1844 omnes
2464 1805 2883 1858 consurgamus,
2940 1798 3192 1858 tanquam
3256 1790 3440 1843 eximii

1869 1879 2071 1933 Christi
2129 1880 2354 1944 milites,
2395 1895 2546 1934 arma
2609 1879 2847 1934 ferentes
2889 1896 2997 1933 non
3044 1881 3307 1945 carnalia,
3354 1881 3450 1935 sed

1870 1965 2230 2036 Deipotentia,
2258 1982 2380 2038 quae
2397 1983 2552 2022 arces
2578 1978 2851 2034 evertant,
2881 1968 2931 2022 id
2965 1979 3048 2022 est
3079 1970 3447 2036 prudentiam,

1869 2057 2236 2114 fortitudinem
2267 2101 2282 2127 ,
2347 2061 2762 2130 temperantiam
2800 2101 2815 2124 ,
2882 2059 3151 2130 justitiam
3187 2101 3201 2125 ,
3246 2061 3449 2117 Christi

1868 2149 1956 2202 hic
1983 2163 2203 2218 quoque
2236 2153 2478 2204 exsecuti
2505 2152 2831 2204 sententiam
2869 2192 2883 2214 ,
2922 2152 3054 2206 Cum
3081 2166 3451 2222 persequentur

1866 2254 1952 2290 vos
1985 2239 2042 2290 in
2073 2239 2286 2292 civitate
2311 2241 2434 2302 ista,
2464 2239 2628 2309 fugite
2651 2240 2705 2290 in
2763 2239 2928 2292 aliam
2958 2243 3023 2293 ’³.
3055 2240 3173 2306 Quo
3205 2253 3451 2298 extorres

1868 2341 1937 2380 ne
1973 2326 2103 2395 quid
2149 2327 2298 2381 esuri
2348 2344 2557 2393 sumus,
2606 2328 2914 2392 bibiturive,
2950 2340 3042 2383 aut
3067 2332 3318 2385 amicturi
3346 2348 3443 2386 cu-

1867 2433 2051 2472 remus
2084 2435 2097 2469 :
2157 2418 2271 2486 ipse
2332 2419 2478 2473 enim
2535 2421 2670 2473 dixit
2701 2438 2713 2474 :
2769 2419 2890 2474 Non
2919 2430 2964 2474 te
2996 2423 3256 2487 deseram,
3289 2439 3449 2492 neque

1868 2507 2161 2576 relinquam
2185 2509 2252 2573 ¹⁶,
2272 2517 2328 2562 ut
2352 2509 2434 2562 \el
2462 2509 2698 2563 indidem
2719 2509 3014 2564 fenestram
3040 2512 3108 2567 sit
3132 2522 3446 2582 aperturas.

1865 2609 2028 2668 atque
2060 2599 2372 2668 adjumento
2412 2599 2567 2654 nobis
2605 2602 2657 2655 in
2687 2602 2944 2657 omnibus
2975 2603 3208 2658 futurus.
3239 2604 3443 2674 Ecquid

1866 2704 1974 2743 non
2006 2691 2360 2759 gaudeamus,
2385 2691 2466 2746 his
2493 2689 2669 2746 allecti
2702 2694 3030 2761 promissis?
3060 2711 3164 2749 non
3189 2710 3441 2759 ovemus,

1867 2783 1958 2850 qui
2007 2783 2273 2838 Dominici
2321 2784 2490 2840 simus
2528 2785 2782 2855 discipuli
2817 2786 2840 2838 ‘t
2880 2787 2962 2841 sic
3009 2790 3277 2858 persecuti
3308 2800 3438 2845 sunt

1864 2883 1917 2926 et
1943 2883 2161 2927 sanctos
2211 2875 2507 2943 apostolos,
2537 2891 2676 2944 quos
2710 2875 2974 2932 Dominus
3019 2880 3217 2935 affatur
3254 2882 3306 2934 in
3334 2883 3447 2936 haec

1864 2963 2027 3016 verba
2061 2980 2074 3016 :
2116 2963 2268 3017 Beati
2306 2967 2432 3018 estis
2467 2981 2585 3018 cum
2623 2967 2991 3022 maledixerint
3037 2971 3203 3034 vobis,
3247 2983 3297 3025 et
3328 2989 3446 3042 per-

1865 3054 2029 3105 secuti
2059 3071 2141 3107 ros
2175 3056 2394 3123 fuerint,
2420 3067 2467 3109 et
2497 3059 2730 3112 dixerint
2760 3077 2909 3114 omne
2937 3061 3137 3114 malum
3171 3062 3445 3117 adversum

1865 3159 1951 3197 vos
1984 3149 2292 3201 mentientes
2332 3158 2546 3216 propter
2592 3166 2672 3204 me
2712 3163 2731 3203 :
2772 3154 2992 3220 gaudete
3077 3154 3130 3205 in
3187 3155 3284 3206 illa
3338 3157 3444 3218 die,

1864 3245 1913 3287 et
1946 3237 2276 3291 exsultate"
2327 3257 2340 3293 :
2392 3240 2578 3309 itaque
2625 3244 2806 3310 gaudii
2841 3253 2970 3298 sunt
3020 3252 3183 3314 atque
3212 3247 3447 3301 exsulta-

1866 3325 2027 3380 tionis
2065 3330 2378 3397 praesentia,
2435 3346 2556 3400 quae
2592 3333 3012 3388 inenarrabilem
3060 3337 3324 3405 laetitiam,
3361 3341 3441 3393 vi-

1867 3426 1974 3470 tam
2005 3433 2317 3487 perennem,
2352 3437 2415 3476 ac
2450 3424 2570 3477 sine
2592 3424 2699 3479 ﬁne
2724 3441 2950 3494 regnum
2999 3430 3295 3485 concilient
3331 3449 3342 3485 :
3384 3431 3445 3486 In

1865 3510 2000 3561 riam
2026 3512 2258 3580 gentium
2283 3530 2346 3565 ne
2378 3513 2634 3578 abieritis,
2671 3516 2768 3580 ait,
2792 3527 2840 3570 et
2865 3519 2919 3570 in
2946 3519 3183 3574 civitates
3206 3521 3446 3578 Samari-

1866 3611 2109 3654 tanorum
2167 3619 2228 3657 ne
2259 3605 2584 3660 intrareritis
2615 3609 2680 3671 ",
2720 3609 2822 3664 hoc
2849 3611 3224 3681 accipiendum
3251 3616 3302 3669 in
3338 3617 3446 3670 hm—

1865 3692 2085 3747 retieos.
2129 3691 2469 3765 Quapropter
2492 3712 2680 3752 eorum
2729 3715 2831 3753 neu
2870 3702 3164 3767 ecclesias,
3215 3722 3316 3760 neu
3345 3708 3442 3761 do-

1865 3799 1984 3839 mos
2007 3787 2254 3840 ineamus
2287 3827 2302 3850 ,
2335 3791 2466 3856 quin
2512 3790 2824 3858 ubicunque
2855 3794 3004 3860 pacis
3037 3794 3181 3851 ﬁlius
3207 3837 3220 3860 ,
3257 3814 3440 3852 semen

1863 3875 2079 3944 pietatis
2110 3888 2210 3941 eSt,
2240 3893 2306 3932 co
2356 3881 2710 3946 divertamus,
2760 3883 3005 3954 inibiqne
3036 3903 3336 3952 versemur,
3366 3893 3443 3946 uti

1864 3977 1917 4018 et
1946 3968 2208 4034 proximis
2262 3973 2641 4039 temporibus;
2694 3989 2986 4030 caveamus
3022 3979 3114 4046 qui
3161 3981 3439 4035 veritatem

1866 4056 2089 4125 ﬁngant,
2137 4059 2227 4126 qui
2263 4062 2550 4128 praefectos
2586 4079 2644 4117 se
2676 4066 2882 4130 dicant,
2952 4084 3127 4137 neque
3183 4072 3311 4137 sint,
3349 4076 3438 4129 sed

1865 4145 2008 4214 plani
2049 4149 2137 4216 qui
2187 4160 2393 4216 errent,
2448 4162 2501 4206 et
2536 4153 2587 4206 in
2643 4169 2884 4210 errorem
2953 4159 3254 4229 impellant,
3285 4165 3440 4219 delu-

1863 4238 1994 4290 dant
2037 4254 2100 4292 ac
2132 4241 2477 4308 deludantur,
2534 4261 2768 4315 quorum
2813 4250 2959 4317 jusla
3016 4255 3291 4307 damnatio
3335 4267 3436 4319 est,

1866 4337 2116 4384 tueamur
2166 4334 2503 4389 consolidant
2557 4338 2738 4404 fidem,
2790 4350 2902 4393 tum
2938 4343 3200 4412 integram
3252 4347 3436 4413 vitam,

1745 4478 1756 4507 ἶ
1792 4431 1832 4484 ι)
1863 4421 2182 4476 alterutrum
2241 4425 2504 4479 alterutro
2537 4444 2644 4480 non
2705 4431 2977 4494 laedentes,
3025 4435 3156 4503 quin
3184 4440 3440 4507 utrinque

1868 4513 2061 4579 integri
2101 4527 2153 4566 et
2199 4515 2442 4582 perfecti.
2497 4517 2628 4583 Qua:
2665 4523 2936 4590 proposita
2997 4526 3272 4584 confessio
3331 4544 3436 4596 est,

1863 4603 1928 4656 de
1955 4601 2169 4657 Domini
2195 4608 2366 4660 nostri
2386 4607 2512 4662 Jesu
2539 4609 2746 4665 Christi
2778 4615 3154 4673 incarnatione
3186 4621 3434 4689 ducitur,

1863 4701 1922 4746 ut
1969 4695 2061 4762 qui
2119 4710 2243 4748 eum
2293 4708 2449 4767 neget
2489 4706 2863 4770 reprzesentari
2911 4707 3140 4773 pictura,
3196 4724 3351 4783 neget
3383 4729 3436 4770 ct

1863 4797 2208 4854 corporatura
2232 4801 2612 4860 conspectum:
2645 4795 2784 4849 idem
2812 4807 2893 4850 est
2911 4801 3055 4852 enim
3083 4816 3432 4872 corporatnm

1863 4890 1982 4930 esse
2042 4890 2416 4948 conspectum,
2468 4899 2531 4937 ac
2592 4889 2970 4954 repraesentari
3034 4891 3265 4958 pictura.
3332 4897 3434 4960 Qui

1860 4981 2073 5022 sacram
2117 4972 2238 5040 ejus
2272 4973 2561 5043 imaginem
2611 4995 2715 5030 non
2748 4980 2958 5047 adoret,
3003 4981 3293 5039 Dominum
3327 5005 3432 5042 non

1859 5058 2050 5115 adorat
2085 5081 2098 5116 :
2139 5064 2279 5118 inest.
2329 5068 2535 5120 scilicet
2578 5069 2631 5121 in
2669 5071 2906 5139 imagine
2954 5075 3206 5144 princeps
3253 5095 3436 5132 exem-

1858 5155 1995 5220 plar,
2062 5165 2224 5225 atque
2289 5158 2342 5211 in
2408 5161 2652 5229 principe
2701 5165 3000 5232 exemplari
3061 5174 3432 5237 reprzesentati

1860 5245 2127 5317 cujusque
2185 5249 2362 5317 imago
2405 5253 2580 5306 elucet
2620 5262 2674 5308 et
2712 5257 2989 5312 adoretur.

1935 5337 2031 5391 Sin
2061 5342 2289 5393 adorare
2316 5357 2374 5396 se
2403 5341 2744 5400 lconomachi
2783 5349 2993 5416 dicant,
3040 5353 3381 5407 mentiuntur
3415 5374 3429 5409 :

1866 5444 2012 5496 nam,
2047 5429 2402 5497 Confitentur,
2439 5434 2635 5504 inquit,
2663 5453 2715 5489 se
2738 5453 2887 5491 nosse
2929 5440 3112 5507 Deum,
3142 5445 3298 5511 factis
3336 5463 3433 5498 au~

1887 5563 1930 5592 "
1959 5563 2154 5617 Matth.
2197 5579 2251 5627 χ,
2288 5563 2375 5618 ‘25.
2456 5566 2502 5596 ³⁸
2528 5565 2691 5623 Josue
2721 5583 2734 5620 ι
2763 5609 2777 5630 ,
2817 5569 2868 5621 5.
2948 5573 2990 5602 ’⁷
3018 5571 3205 5630 Matth.
3258 5595 3305 5645 ν,
3343 5582 3424 5637 Η.

593 5730 753 5785 aliter
791 5731 905 5786 haec
931 5732 983 5786 in
1022 5734 1221 5791 Graecis
1247 5739 1476 5811 vulgatis
1504 5754 1549 5799 et
1573 5743 1765 5801 Latino
1799 5749 2092 5819 interprete
2129 5751 2398 5822 leguntur.
2447 5753 2554 5809 Nos
2586 5755 2827 5810 auctoris
2854 5755 3165 5815 citationem
3201 5763 3428 5818 ﬁdeliter

211 5797 582 5857 Pl‘ﬂpusuimus.
