4000 6306
537 346 641 408 5'19

1723 344 1781 400 S.
1812 340 2201 402 THEODORI
2251 342 2597 403 STUDIT/E

3672 347 3779 408 530

534 472 638 514 tem
666 465 857 526 negant
889 457 955 508 ”.
981 454 1162 522 Quare
1184 454 1463 510 Christum
1503 468 1604 509 nos
1635 454 1865 523 ejusque
1896 454 2091 522 imagi-
2124 460 2169 514 Α
2196 454 2654 525 ticineloquar“,
2688 464 2893 525 stupra,
2924 455 3089 520 furta,
3114 456 3419 525 mendacia,
3452 458 3609 524 dirae,
3641 459 3775 515 alia-

528 565 672 612 nem,
714 548 1006 616 Deiparam
1078 547 1309 616 ejusque
1358 545 1687 615 imaginem,
1749 554 1969 599 sanctos
2011 558 2106 598 eo-

534 656 771 712 rumque
807 641 1073 711 imagines
1122 640 1453 703 adoremus;
1527 654 1691 706 quant
1746 637 2105 707 apostolicam

528 735 837 789 doctrinam
866 748 898 787 a
932 732 1138 786 sanctis
1160 730 1415 785 Patribus
1452 739 1740 800 acceptam
1777 730 1953 795 vobis,
2003 731 2099 783 filii

530 830 855 895 fratresque,
874 837 1036 893 porro
1049 837 1145 877 ceu
1160 824 1459 891 depositum
1474 821 1743 888 concedo,
1756 836 1851 891 per
1863 830 2107 875 sanctum

531 917 818 987 Spiritum,
851 915 945 985 qui
973 915 1314 969 inhabitatin
1345 914 1517 979 vobis,
1553 912 1777 967 illaesam
1840 923 1893 965 et
1928 914 2107 966 incor-

532 1007 747 1075 ruptam
784 1005 1238 1061 conservandam.
1292 1004 1446 1071 Quod
1502 1014 1792 1073 superest,
1846 1004 2106 1073 depreca-

531 1099 661 1150 mini
698 1112 795 1166 pro
842 1096 1023 1161 nobis,
1072 1104 1133 1150 ut
1182 1111 1279 1150 ore
1312 1099 1613 1149 reserando
1648 1111 1958 1150 sermonem
1997 1097 2108 1149 tri-

534 1188 665 1241 buat
695 1190 861 1253 Deus,
895 1202 1005 1256 quo
1041 1186 1279 1241 sermoni
1327 1188 1651 1241 resistamus
1687 1202 1795 1241 neu
1820 1197 2106 1257 exspecta-

538 1279 741 1332 tionem
798 1279 1151 1341 frustremur,
1209 1292 1423 1347 unaque
1478 1279 1759 1332 vobiscum
1812 1279 2105 1333 imminens

534 1376 809 1423 certamen
861 1368 980 1422 sine
1034 1368 1222 1423 fraude
1285 1369 1569 1433 obeamus,
1628 1369 1841 1424 cunctis
1884 1368 2104 1424 cwleste

536 1474 762 1529 regnum
816 1458 1096 1528 adepturis
1136 1474 1231 1528 per
1258 1459 1536 1514 Christum
1586 1458 1772 1514 Jesum
1815 1460 2101 1515 Dominum

538 1559 782 1603 nostrum
819 1568 831 1604 :
876 1550 963 1603 cui
998 1550 1170 1618 gloria
1202 1559 1257 1604 et
1296 1549 1584 1619 imperium
1640 1566 1762 1605 cum
1816 1550 1999 1616 Patre,
2038 1565 2102 1605 ac

538 1652 731 1695 Sancto
762 1638 991 1708 Spiritu,
1049 1655 1215 1703 nunc,
1276 1649 1332 1695 et
1380 1655 1617 1711 semper,
1671 1642 1724 1694 in
1775 1655 2102 1711 omnemque

538 1734 973 1802 perpetuitatem.
1007 1731 1203 1789 Amen.

1134 1866 1366 1923 SERMO
1402 1868 1513 1924 LII.

542 1980 617 2036 De
647 1981 975 2036 continentia
1031 1998 1093 2036 ac
1127 1984 1563 2051 comprecatione,
1592 1981 1799 2036 habitus
1823 1992 1967 2037 sexto
1996 1980 2101 2053 Ty-

1120 2054 1517 2121 rapitugiorum.

605 2180 825 2235 Fratres
891 2177 1211 2249 Patresque,
1262 2180 1433 2235 vitam
1483 2180 1626 2236 hanc
1680 2189 1921 2236 nostrain
1961 2196 2101 2252 swpe

536 2274 837 2343 praedicans
880 2270 1129 2337 felicem,
1184 2288 1291 2327 non
1334 2273 1383 2327 id
1425 2273 1754 2336 adulatione,
1794 2275 1925 2342 quin
1962 2274 2103 2326 veri-

542 2375 649 2418 tate
683 2365 935 2433 equidem
982 2362 1143 2429 facio,
1180 2378 1278 2417 nec
1325 2363 1418 2431 qui
1469 2364 1757 2431 deplorare
1792 2364 2103 2416 mundanos

540 2457 721 2519 velim,
774 2455 868 2510 sed
922 2454 1013 2522 qui
1076 2454 1373 2507 alacriores
1426 2466 1522 2507 vos
1576 2454 1791 2522 cupiam
1826 2452 2098 2506 reddere:

542 2562 666 2599 nam
691 2556 748 2601 et
775 2546 933 2598 hodie
960 2545 1111 2600 scitis
1151 2560 1271 2615 qua:
1308 2545 1361 2599 in
1413 2545 1617 2599 mundo
1652 2557 1930 2612 gerantur,
1984 2561 2103 2599 cra~

544 2639 683 2706 pula:
717 2638 976 2698 ebrietas,
1027 2640 1477 2700 comessationes,
1528 2638 1743 2705 pocula,
1807 2638 2099 2700 clamores,

534 2731 801 2800 tripudia,
838 2744 903 2784 ac
942 2744 1064 2799 qua:
1102 2730 1205 2783 alia
1236 2729 1472 2785 fanatica
1525 2739 1673 2784 sunt.
1716 2729 1934 2797 Maligni
1970 2729 2103 2784 faci-

540 2838 674 2877 nora
696 2863 710 2887 ,
744 2837 970 2890 quarunt
1004 2822 1275 2873 danmatio
1308 2830 1383 2873 est
1413 2858 1428 2883 ,
1456 2822 1913 2889 quemadmodum
1968 2822 2105 2875 seri-

541 2925 690 2983 ptum
716 2910 1167 2966 est“.Ca:terum
1202 2921 1384 2965 nostra
1410 2910 1552 2965 haud
1581 2911 1846 2980 ejusmodi
1873 2913 1975 2965 vita
2000 2920 2101 2974 est,

542 3008 637 3060 sed
684 3003 909 3074 qualis?
960 3002 1128 3057 Deum
1180 3014 1367 3057 noctes
1415 3004 1641 3072 diesque
1703 3004 1989 3059 laudamus
2034 3006 2100 3058 ad

2209 557 2315 612 que
2343 559 2461 612 qua:
2495 557 2594 597 nec
2626 542 2787 596 facile
2830 558 3160 597 recenseam.
3193 542 3378 614 anue
3425 557 3624 601 cuncta
3655 564 3777 603 me-

2211 633 2385 686 moria
2417 634 2608 688 beatus
2656 631 3141 703 Chrysostotomus
3170 636 3487 704 complexus
3519 639 3779 709 princeps

2208 723 2425 777 censuit
2472 738 2616 793 aegre
2651 733 2872 793 quotam
2914 723 3065 777 orbis
3108 732 3373 778 terrarum
3414 736 3626 795 partem
3650 744 3771 783 ser-

2208 814 2321 867 vari
2358 833 2371 868 :
2401 830 2520 883 quae
2544 815 2796 884 equidem
2841 813 3122 877 terribilis,
3170 815 3267 870 sed
3303 824 3480 871 tamen
3522 833 3647 873 vera
3686 831 3775 875 est

2207 905 2404 959 oratio.
2437 904 2503 959 Ut
2528 906 2665 959 inea
2699 905 2967 958 sententia
2996 904 3285 974 lugendum
3334 920 3399 959 ac
3431 909 3775 963 manendum

2207 998 2255 1053 ei
2293 999 2383 1064 sit,
2412 998 2503 1067 qui
2534 998 2679 1053 serio
2704 997 2900 1050 habeat
2922 1011 3164 1051 sensum.
3190 995 3409 1052 Scilicet
3440 1013 3546 1052 non
3571 998 3777 1055 fratres

2207 1103 2399 1143 sumus
2440 1089 2579 1142 inter
2630 1102 2729 1141 nos
2775 1086 3000 1141 omnes?
3047 1101 3156 1139 non
3197 1102 3265 1139 ex
3319 1103 3429 1142 uno
3482 1089 3771 1158 sanguine,

2205 1182 2502 1249 eademque
2552 1180 2732 1234 terra?
2795 1177 2915 1233 Non
2960 1179 3042 1232 vel
3084 1178 3389 1247 jumentum
3442 1194 3671 1235 cernens
3717 1182 3771 1233 in

2206 1271 2561 1339 praecipitium
2595 1268 2748 1335 ferri,
2798 1269 3174 1323 misericordia
3211 1279 3433 1339 tangare
3461 1270 3483 1323 ?
3515 1286 3621 1340 quo
3648 1286 3770 1324 ma-

2205 1364 2287 1432 gis
2317 1361 2546 1415 fratrum
2577 1368 2631 1414 et
2670 1358 3054 1414 c0nfidelium?
3080 1361 3219 1414 Hinc
3272 1360 3565 1430 Apostolus
3588 1362 3773 1416 crucis

2205 1452 2393 1507 hostes
2439 1451 2763 1506 Christianae
2823 1450 3123 1517 plorare”,
3180 1466 3278 1520 pro
3334 1454 3556 1507 assiduo
3598 1454 3771 1508 animi

2202 1542 2391 1597 dolore
2423 1555 2779 1609 comprecans
2800 1538 2844 1570 “
2872 1557 2887 1605 ;
2930 1540 3058 1594 hinc
3087 1538 3351 1595 Jeremias
3381 1542 3596 1598 Israelis
3636 1544 3770 1597 stir-

2204 1649 2325 1704 pem
2381 1632 2668 1687 lamentari
2722 1632 2981 1699 variaque
3038 1631 3275 1686 lamenta
3329 1644 3550 1687 exarata
3603 1634 3774 1689 relin-

2204 1739 2405 1794 quere;
2435 1724 2563 1778 hinc
2606 1738 2835 1791 magnus
2874 1723 2963 1776 ille
3002 1722 3177 1778 Moses
3212 1723 3379 1779 Deum
3423 1726 3768 1781 inclamare:

2130 1793 2173 1848 Β
2204 1816 2266 1873 Si
2296 1818 2545 1879 remittis,
2586 1816 2788 1868 remitte
2810 1830 2935 1867 sane
2970 1815 3104 1868 hanc
3125 1815 3197 1868 eis
3217 1832 3442 1881 noxam;
3463 1819 3541 1870 sin
3571 1820 3770 1881 minus,

2201 1907 2316 1961 dele
2374 1923 2452 1959 me
2502 1921 2705 1975 quoque
2734 1920 2760 1958 e
2802 1913 2889 1956 tuo
2936 1903 3158 1958 libro”.
3194 1904 3490 1976 Sanctique
3515 1908 3770 1963 eumdem

2203 2000 2387 2055 cuncti
2420 1998 2667 2053 affectum
2711 1994 2883 2050 secuti
2912 2035 2928 2059 ,
2967 2012 3065 2065 pro
3092 1997 3214 2051 aliis
3242 1997 3543 2066 deprecari.
3578 1997 3649 2052 Ut
3670 2013 3773 2053 no-

2203 2092 2287 2146 bis
2310 2091 2500 2153 etiam,
2526 2090 2571 2142 si
2600 2089 2863 2143 assectari
2898 2102 2993 2143 eos
3017 2104 3283 2153 amamus,
3316 2104 3423 2143 non
3453 2104 3540 2143 res
3564 2100 3771 2147 nostra:

2203 2182 2513 2254 spectandae
2547 2182 2707 2236 modo
2748 2182 2880 2244 sint,
2924 2180 3019 2235 sed
3059 2192 3111 2235 ct
3151 2196 3251 2250 pro
3280 2184 3485 2238 mundo
3516 2198 3769 2254 compre-

2202 2278 2462 2342 eandum,
2496 2278 2845 2334 miseratione
2869 2276 3047 2332 ductis
3075 2292 3261 2331 eorum
3285 2277 3380 2347 qni
3410 2278 3577 2330 vitam
3606 2286 3773 2345 agant

2206 2384 2546 2439 perversam,
2585 2367 2676 2435 qui
2718 2367 2912 2420 heresi
2963 2377 3271 2430 teneantur,
3310 2367 3481 2436 quiin
3519 2382 3766 2422 errorem

2205 2464 2314 2516 sint
2370 2457 2608 2523 abducti,
2671 2458 2763 2527 qui
2814 2456 2870 2510 in
2914 2458 3147 2512 ethnicis
3200 2459 3449 2523 caligent,
3509 2458 3767 2522 breviter,

2207 2551 2451 2606 omnium
2516 2548 2857 2611 mortalium,
2909 2557 3197 2617 postquam
3256 2548 3413 2616 jubet
3471 2548 3767 2617 Apostqlus

2203 2642 2604 2703 obsecrationes,
2639 2650 2689 2693 et
2714 2640 2977 2718 orationes
3009 2639 3124 2707 ﬁeri
3177 2655 3271 2707 pro
3298 2640 3535 2691 omnibus
3592 2639 3767 2691 homi-

2206 2736 2361 2789 nibus
2392 2735 2436 2765 "
2470 2752 2484 2788 :
2517 2734 2591 2788 ita
2622 2733 2771 2787 enim
2812 2732 2971 2786 nobis
3008 2730 3146 2800 ipsis
3186 2745 3296 2799 pra:
3350 2730 3578 2799 reliquis
3612 2737 3767 2784 cmo-

2206 2828 2507 2883 lumentum
2560 2841 2891 2893 qureramus,
2940 2824 3275 2893 compuneti,
3327 2823 3625 2891 habituque
3673 2824 3769 2877 de-

2208 2918 2379 2973 functi
2409 2918 2606 2972 vitioso
2640 2934 2655 2970 :
2689 2930 2798 2985 quo
2836 2924 2887 2969 et
2914 2914 3149 2995 exspluti
3188 2929 3481 2983 perennem
3522 2914 3660 2967 inire
3690 2917 3771 2967 vi-

2211 3018 2317 3062 tam
2376 3022 2684 3061 mereamur
2736 3021 2835 3075 per
2889 3004 3170 3059 Christum
3229 3003 3417 3059 Jesum
3476 3003 3769 3058 Dominum

543 3096 913 3164 praescriptam
946 3110 971 3146 a
1007 3095 1210 3149 sanctis
1240 3094 1494 3149 Patribus
1526 3096 1719 3163 legem,
1743 3096 2098 3164 pSaIniodiam
2130 3120 2172 3177 ο
2211 3107 2454 3154 nostrum
2486 3117 2499 3153 :
2535 3098 2621 3153 cui
2660 3098 2834 3169 gloria
2877 3107 2930 3152 et
2969 3098 3258 3166 imperium
3301 3111 3425 3149 cum
3470 3096 3649 3159 Patre,
3704 3112 3770 3149 ac

541 3187 745 3255 excipit
788 3186 1111 3254 psaltnodia,
1154 3186 1441 3240 lectionem
1493 3187 1674 3250 lectio,
1716 3189 2107 3255 comprecatio-

545 3295 670 3333 nem
745 3277 1139 3347 comprecatio,
1192 3292 1349 3332 mens
1400 3277 1799 3347 cogitationum
1848 3278 2109 3347 magistra

543 3378 646 3429 est,
677 3367 893 3421 animus
923 3368 975 3420 in
1009 3367 1341 3421 meditandis
1379 3367 1577 3423 di\inis
1606 3368 1844 3422 oraculis
1866 3369 2107 3433 deditus,

546 3460 817 3514 silentium
870 3460 1105 3526 agitatur
1141 3460 1546 3528 tempestivum,
1581 3460 1912 3528 colloquium
1956 3475 2110 3515 COIII-

547 3555 753 3619 petens,
794 3547 1023 3601 invicem
1074 3549 1369 3613 servimus,
1417 3548 1649 3601 invicem
1688 3564 2107 3618 propugnamus,

549 3641 848 3706 omniaque
880 3640 1060 3703 modo,
1090 3648 1144 3692 et
1170 3648 1431 3709 tanquam
1477 3642 1542 3695 de
1586 3656 1778 3694 menso
1827 3652 2109 3710 reguntur.

552 3730 646 3781 Sin
673 3727 958 3797 corporale
988 3742 1126 3797 Opus
1150 3736 1235 3781 est
1264 3728 1515 3781 solatium
1552 3728 1604 3780 in
1645 3728 1807 3790 festo,
1843 3746 1909 3781 nc
1939 3729 1989 3782 id
2019 3730 2113 3783 ab-

548 3837 743 3875 sonum
780 3821 997 3888 quidem
1029 3838 1040 3873 :
1082 3820 1284 3874 auditis
1311 3820 1453 3873 enim
1488 3820 1617 3888 quid
1644 3817 1797 3873 Juda:
1822 3820 1984 3872 herus
2013 3820 2113 3871 im-

550 3922 700 3979 peret
734 3929 747 3964 :
776 3911 927 3974 Quod
959 3912 1089 3979 facis
1119 3911 1204 3978 fac
1231 3912 1383 3963 citius
1410 3925 1428 3962 :
1460 3910 1555 3961 hoc
1578 3920 1753 3963 autem
1787 3928 1933 3964 nemo
1962 3911 2113 3964 scivit

548 4003 980 4056 discumbentium
1007 4004 1075 4054 ad
1098 4004 1223 4070 quid
1240 4004 1445 4056 dixerat
1469 4003 1515 4055 ei
1534 4004 1774 4071 :quirtam
1795 4004 1934 4055 enim
1963 4011 2112 4070 puta-

548 4097 694 4159 bunt,
722 4096 846 4163 quia
878 4095 1077 4147 (oculos
1111 4094 1333 4148 habebat
1364 4092 1571 4159 ludas,
1617 4096 1754 4162 quod
1799 4094 2021 4147 dixisset
2064 4094 2111 4147 ei

547 4186 724 4251 Jcsus,
754 4185 883 4239 Eme
904 4203 965 4239 ea
993 4202 1110 4255 qua:
1137 4203 1265 4254 opus
1298 4196 1420 4239 sunt
1446 4188 1592 4240 nobis
1634 4188 1701 4239 ad
1726 4188 1862 4239 diem
1898 4187 2109 4254 festum,

551 4288 642 4329 aut
691 4278 861 4346 egenis
916 4288 971 4329 ut
1009 4278 1211 4347 aliquid
1244 4280 1393 4331 daret
1420 4279 1485 4331 ⁸¹.
1536 4278 1726 4333 Viden‘
1757 4289 1815 4332 ut
1871 4278 1995 4334 festi
2048 4294 2111 4333 ac

551 4382 849 4436 pauperum
882 4382 1011 4421 cura
1038 4368 1417 4422 ducebantur?
1446 4367 1587 4436 quod
1634 4369 1818 4437 inopes
1846 4385 1942 4422 nos
1973 4384 2110 4437 quo-

2209 3200 2401 3244 sancto
2435 3188 2661 3256 Spiritu,
2695 3202 2860 3253 nunc,
2882 3196 2937 3240 et
2962 3201 3195 3255 semper,
3227 3185 3279 3239 in
3299 3199 3627 3255 omnemque
3652 3200 3775 3255 per-

2209 3281 2551 3349 petuitatem.
2582 3277 2777 3331 Amen.

2789 3382 3020 3439 SERMO
3075 3384 3185 3439 LIII

2216 3498 2490 3553 Dominica
2537 3494 3132 3568 Tyropltagiorumabe
3164 3494 3390 3568 jejunio,
3424 3509 3472 3546 et
3521 3498 3777 3568 quemad-

2280 3570 2489 3621 modum
2523 3564 2645 3621 serii
2678 3564 2753 3619 ac
2786 3564 3046 3634 imorigeri
3079 3566 3276 3618 subditi
3309 3579 3481 3618 rerum
3508 3564 3774 3633 jejunium

2279 3639 2349 3691 sit
2377 3654 2601 3707 proprie
2629 3637 2889 3691 excidium
2918 3636 3219 3690 voluntatis.

2283 3746 2506 3801 Fratres
2572 3744 2890 3813 Patresque,
2919 3744 3187 3814 benignus
3213 3743 3377 3809 Deus,
3413 3745 3508 3814 qui
3539 3744 3649 3798 vita
3672 3744 3779 3798 imo

2214 3838 2373 3892 butos
2402 3852 2469 3892 ex
2495 3851 2638 3890 anno
2671 3837 2726 3889 in
2769 3851 2969 3889 annum
3023 3836 3229 3899 ductat,
3285 3836 3546 3891 benevole
3572 3838 3640 3891 ad
3673 3837 3779 3891 hoc

2213 3943 2431 3996 quoque
2452 3926 2646 3995 jejunii
2682 3936 2897 3993 tempus
2935 3926 3211 3996 perduxit,
3244 3927 3297 3979 in
3340 3942 3448 3996 quo
3476 3929 3780 3997 unusquis-

2214 4034 2317 4089 que
2342 4018 2554 4087 piorum
2605 4017 2679 4070 uti
2730 4016 2911 4069 lubeat
2946 4025 3143 4079 certet,
3178 4018 3317 4071 alius
3350 4019 3401 4070 in
3429 4019 3777 4073 continentia

2212 4112 2445 4176 deditus,
2476 4109 2694 4179 duplam
2731 4108 2953 4177 exigens
3020 4108 3321 4177 triplamve,
3355 4109 3489 4163 alius
3522 4109 3575 4163 in
3612 4111 3781 4178 privi-

2214 4205 2353 4275 legio
2380 4245 2395 4269 ,
2447 4212 2659 4256 tantum
2702 4202 3045 4256 tantillumvc
3083 4202 3431 4272 pervigilans,
3471 4202 3611 4258 alius
3642 4219 3779 4258 con-

2214 4294 2600 4365 geniculationi
2655 4293 2777 4363 plus
2836 4309 3065 4358 vacans,
3129 4295 3267 4348 alius
3306 4295 3461 4350 alteri
3518 4297 3778 4366 cuiquam

2216 4386 2503 4452 functioni,
2536 4386 2804 4455 planeque
2836 4388 3026 4455 ingens
3060 4402 3154 4455 per
3180 4386 3281 4442 hos
3302 4402 3487 4443 sacros
3517 4390 3630 4445 dies
3665 4401 3782 4444 stu-

549 4475 655 4528 que
698 4459 871 4524 obire,
921 4468 981 4513 ut
1031 4460 1247 4527 videtis,
1302 4460 1543 4513 animum
1595 4460 1921 4515 inducimus.
1972 4460 2113 4514 Sam:
2145 4468 2186 4521 D
2219 4480 2370 4533 dium
2394 4489 2560 4548 atque
2592 4477 2927 4547 diligentiam
2962 4494 3155 4533 comas
3190 4496 3203 4530 ε
3254 4490 3508 4534 δίεισι-,ηπ
3534 4482 3629 4550 qui
3660 4498 3782 4536 mo-

549 4554 771 4622 agenda:
797 4552 905 4606 Deo
930 4554 1137 4621 gratiae,
1164 4554 1256 4620 qui
1286 4567 1382 4606 uos
1415 4552 1467 4606 in
1496 4552 1635 4607 hanc
1667 4553 1830 4606 vitam
1860 4551 2113 4623 dignatus

550 4645 898 4700 conscribere
927 4654 1031 4710 est,
1071 4660 1177 4697 non
1214 4660 1310 4713 pro
1334 4658 1556 4713 operum
1585 4660 1704 4714 qua:
1737 4644 1965 4700 fecimus
1997 4661 2109 4700 me-

550 4736 671 4789 ritis
705 4752 720 4787 :
759 4735 1028 4804 siquidem
1063 4733 1198 4787 nihil
1220 4736 1436 4803 egimus
1476 4735 1529 4787 in
1566 4735 1724 4791 terris
1758 4738 1982 4800 bonum,
2018 4737 2111 4791 sed

553 4842 649 4897 pro
672 4827 791 4895 ejus
820 4827 1198 4880 misericordia
1253 4826 1490 4896 gratuita
1524 4828 1739 4881 vocatio
1768 4837 1873 4882 est.
1914 4828 1985 4883 Ut
2014 4829 2112 4881 ob-

551 4920 778 4974 strictus
803 4920 873 4975 sit
900 4920 1274 4987 unusquisque
1303 4927 1547 4973 nostrum
1592 4935 1806 4989 semper
1831 4923 2000 4975 animi
2032 4922 2113 4975 di-

551 5026 675 5065 cere
695 5010 963 5065 contritus
1000 5027 1013 5061 :
1046 5008 1245 5078 Ecquis
1274 5024 1375 5078 ego
1406 5026 1553 5075 sum,
1582 5010 1807 5065 Domine
1845 5013 1915 5065 mi
1948 5012 2110 5077 Deus,

552 5115 739 5170 quzeve
764 5099 939 5169 patria
977 5099 1197 5161 domus,
1255 5100 1438 5154 studio
1488 5101 1890 5169 complectare?
1940 5103 2116 5169 Atque

554 5193 670 5245 haec
698 5206 862 5260 penes
907 5205 1025 5255 nos,
1073 5207 1193 5261 qua:
1236 5191 1290 5244 iu
1346 5192 1550 5245 mundo
1598 5191 1841 5246 invenias
1892 5196 2111 5246 rarius:

555 5300 678 5338 nam
713 5284 855 5337 nocti
909 5284 1150 5339 succedit
1183 5284 1300 5339 dies
1333 5284 1383 5336 in
1424 5283 1583 5351 hujus
1614 5284 1975 5338 sollicitudine
1990 5285 2111 5351 aevi,

553 5389 717 5443 Opum
753 5373 1062 5439 fraudibus,
1098 5376 1417 5443 caeterisque
1452 5376 1619 5437 curis,
1649 5384 1706 5427 ut
1740 5376 1821 5432 vel
1848 5378 2116 5445 respirare

555 5466 679 5533 quis
728 5473 982 5533 nequeat,
1031 5466 1165 5520 alter
1219 5466 1373 5518 alteri
1429 5467 1740 5532 pauperiem
1776 5464 1926 5531 facit,
1976 5468 2116 5521 alius

557 5572 679 5609 cum
712 5556 815 5609 alio
844 5555 1104 5626 confligit,
1143 5556 1309 5611 eﬂusa
1342 5564 1469 5609 sunt
1515 5556 1566 5608 in
1603 5566 1819 5620 terram,
1852 5566 1907 5611 ut
1940 5558 1992 5611 in
2025 5574 2117 5613 va-

629 5714 671 5742 ”
704 5710 809 5765 Tit.
845 5728 881 5773 ι,
923 5710 1005 5764 16.
1118 5712 1161 5743 ³ο
1202 5709 1356 5763 Rom.
1389 5726 1468 5772 III,
1507 5710 1557 5765 8.

1671 5712 1710 5740 ³¹
1744 5709 1898 5765 Joan.
1926 5729 2046 5779 χιιι,
2072 5714 2263 5770 ‘27-‘29.

2218 4570 2491 4638 rigeretur
2523 4570 2687 4633 serio,
2735 4569 2839 4623 sub
2886 4569 3197 4624 obedientia
3247 4572 3477 4639 positus,
3508 4588 3616 4627 non
3650 4573 3783 4628 defi-

2220 4664 2335 4717 nito
2364 4662 2477 4715 ullo
2505 4671 2768 4729 tempore,
2805 4662 2932 4730 quin
2960 4671 3219 4731 perpetuo
3248 4663 3391 4716 idem
3422 4666 3633 4720 obtinet
3657 4682 3780 4722 cer-

2220 4768 2419 4810 tamen.
2457 4753 2782 4819 Quodnam?
2822 4769 3165 4822 nequaquam
3227 4770 3414 4824 gerere
3464 4771 3522 4810 se
3562 4773 3628 4811 ex
3682 4775 3781 4813 sua

2210 4846 2454 4909 libidine,
2503 4844 2596 4898 sed
2634 4844 2785 4897 ducis
2837 4846 2949 4912 regi
3001 4844 3442 4902 deformatione:
3486 4849 3779 4916 quodcum

2211 4935 2329 4989 aliis
2382 4933 2592 4987 cunctis
2634 4931 2829 4985 studiis
2874 4932 3162 4986 sublimius
3209 4945 3333 4997 est,
3378 4944 3487 4987 tum
3537 4938 3779 5009 martyrii

2212 5021 2407 5075 habeat
2453 5018 2721 5073 diadema.
2766 5016 3087 5086 Quanquam
3134 5030 3213 5073 εει
3261 5028 3315 5072 et
3345 5020 3502 5075 nobis
3553 5024 3780 5076 mutatio

2213 5110 2481 5175 ciborum,
2534 5109 2945 5178 adgenienlandi
2988 5110 3294 5174 contentio,
3342 5126 3408 5165 ac
3448 5112 3778 5181 psalmodia-

2219 5217 2335 5254 rum
2387 5200 2664 5263 accessio,
2710 5200 3005 5254 secundum
3069 5200 3409 5255 traditionem
3459 5203 3527 5254 ab
3570 5204 3780 5273 origine

2218 5291 2565 5358 descriptam.
2633 5291 2817 5359 Itaque
2865 5294 3140 5357 cohortor,
3190 5290 3519 5361 jejuniorum
3578 5310 3777 5350 munus

2216 5382 2321 5435 heti
2367 5382 2648 5450 capiamus
2674 5420 2689 5445 ,
2739 5396 2846 5434 non
2896 5383 3165 5436 maestitiae
3197 5382 3550 5451 praeferenda,
3582 5400 3776 5453 quem-

2215 5472 2503 5525 admodum
2554 5473 2813 5525 docemur
2843 5474 2907 5537 ³⁷,
2965 5474 3057 5529 sed
3107 5490 3229 5528 cum
3291 5476 3458 5528 animi
3504 5476 3778 5531 hilaritate

2214 5563 2494 5629 obeuntes,
2555 5578 2657 5616 neu
2704 5565 3001 5633 pravitate,
3055 5565 3420 5633 detractione,
3478 5568 3578 5631 ira,
3619 5568 3776 5621 mal.—

2400 5721 2443 5749 ³²
2476 5718 2612 5795 Osee
2642 5738 2712 5782 ιν,
2744 5722 2798 5775 9..
2844 5722 2919 5795 A”
2948 5722 3100 5779 Rom.
3137 5743 3209 5784 is.
3240 5727 3293 5781 2.
3371 5729 3414 5760 ³³
3446 5727 3603 5783 Rom.
3640 5747 3693 5795 χ,
3723 5731 3772 5784 1.

560 5784 604 5816 ⁸⁸
628 5782 796 5837 Exod.
832 5798 1001 5847 xxx”,
1043 5783 1129 5836 52.
1164 5782 1242 5833 ³⁶Ι
1273 5781 1412 5834 Tim.
1447 5797 1502 5843 Il,
1541 5781 1586 5832 l.
1620 5783 1633 5799 '
1666 5783 1860 5833 Addidi
1888 5783 2020 5837 lucis
2043 5802 2222 5851 causa,
2251 5805 2411 5855 neque
2434 5794 2566 5843 cnim
2599 5781 2715 5845 sunt
2744 5795 2795 5844 in
2828 5792 3029 5848 Crmco.
3069 5796 3111 5827 ³⁷
3142 5781 3329 5850 hlatth.
3365 5814 3438 5864 vi,
3478 5800 3564 5853 16.
