4000 6306
126 363 207 426 581
1269 357 1354 416 SE
1365 353 1666 415 RMONES
1705 352 2215 413 CATEClIETICl.

3265 353 3367 416 582

127 479 338 545 gnitate,
407 475 621 531 invidia
676 474 858 539 ducti,
921 472 1051 542 quin
1099 479 1345 524 mutuam
1404 482 1592 539 pacem
1646 474 1698 518 et
1729 468 1772 523 Α
1802 464 2010 532 aliquot
2060 464 2226 518 millia
2270 479 2406 532 pane
2451 473 2503 517 et
2554 478 2694 534 aqua
2741 464 3013 533 accepisse
3054 480 3066 516 :
3113 473 3172 518 ut
3238 465 3364 517 nihil

127 585 352 624 amorem
382 570 682 639 agitantes,
722 579 923 630 comes,
969 563 1258 632 morigeri,
1304 558 1696 615 misericordia:

130 658 502 725 bonorumque
529 654 811 706 fructuum
849 650 1014 720 pleni,
1044 650 1280 719 quietem
1320 647 1698 716 tempestivam

131 749 395 803 trahentes
438 745 757 817 (siquidem
807 744 862 797 in
901 739 1258 797 contubernio
1288 739 1499 807 inquies
1542 740 1696 791 dam-

132 854 248 894 nosa
278 840 410 902 est)
449 879 465 902 ,
530 837 698 891 verba
764 843 1066 904 opportune
1133 830 1394 885 facientes
1435 831 1453 896 (
1499 828 1698 897 quippe

131 930 290 982 aliena
315 927 466 996 frugi
501 926 687 995 quiete
726 923 930 989 muta),
967 922 1022 975 in
1070 921 1371 990 primisque
1415 918 1698 988 cogitatio-

133 1034 245 1072 num
319 1018 643 1087 magisterio
713 1014 1097 1082 invigilantes,
1169 1011 1272 1080 'qui
1353 1022 1698 1078 nequaquam

134 1110 436 1178 aperiamus
492 1107 644 1160 vitiis
695 1105 1026 1167 fenestram,
1097 1119 1200 1157 neu
1247 1103 1426 1156 locum
1485 1101 1702 1155 diabolo

132 1204 331 1257 demus.
357 1199 422 1255 Si
465 1199 697 1267 Spiritus
720 1238 736 1263 ,
775 1199 882 1261 ait,
913 1205 1219 1265 potestatem
1248 1194 1481 1248 habentis
1517 1210 1701 1247 ascen—

133 1293 252 1343 derit
285 1307 450 1359 super
501 1299 552 1343 te
602 1290 772 1343 locum
803 1304 906 1340 non
945 1287 1175 1340 inveniat
1205 1285 1250 1316 ³⁸
1282 1303 1295 1338 :
1329 1294 1389 1338 ut
1433 1285 1703 1339 lacessere

137 1383 380 1438 inimicus
399 1389 590 1450 queat,
620 1380 831 1449 ingredi
855 1393 962 1432 non
992 1378 1141 1439 item,
1166 1375 1700 1444 nostriqueipsorum

139 1476 239 1529 lteri
266 1476 465 1531 simus.
502 1473 673 1543 Igitur
701 1488 768 1526 ne
796 1471 1010 1525 diabolo
1043 1468 1187 1523 fores
1210 1468 1512 1537 pandamus
1532 1508 1547 1532 ,
1571 1466 1704 1535 quin

138 1577 359 1620 mentem
412 1564 696 1632 undique,
758 1575 856 1615 ceu
898 1558 993 1614 Dei
1035 1573 1330 1628 sponsam,
1389 1558 1704 1612 muniamus

140 1656 525 1722 cegitationum
595 1650 806 1721 sagittis
849 1650 1106 1704 intactam
1167 1658 1221 1702 et
1259 1648 1523 1702 illaesum:
1580 1662 1702 1700 nam

139 1747 207 1800 sic
237 1745 580 1800 domicilium
625 1743 733 1798 Deo
768 1742 982 1797 animus
1011 1742 1141 1806 ﬁat,
1176 1750 1229 1795 et
1253 1741 1437 1795 audire
1487 1755 1696 1794 merea-

140 1852 252 1888 mur
282 1855 295 1889 :
348 1835 505 1888 Beati
534 1833 727 1887 mundo
758 1832 943 1894 corde,
972 1831 1218 1899 quoniam
1251 1831 1348 1898 ipsi
1381 1829 1545 1882 Deum
1569 1829 1706 1881 vide-
1737 1821 1779 1875 Β

142 1927 253 1979 bunt
281 1926 346 1981 ³⁹.
380 1926 635 1980 Breviter
667 1943 682 1982 :
715 1924 1043 1992 Quwcunque
1072 1930 1192 1975 sunt
1229 1937 1367 1985 vera,
1392 1936 1707 1989 quwcunque

141 2028 352 2086 augusta
374 2057 390 2082 ,
431 2031 753 2086 quacunque
771 2013 921 2082 justo
942 2054 955 2078 ,
1002 2027 1317 2082 quaecunque
1347 2019 1496 2063 casta
1519 2048 1532 2073 ,
1565 2026 1707 2078 qua:-

141 2125 328 2177 runque
375 2107 665 2170 amabilia,
717 2120 1033 2175 qua’cunque
1088 2104 1234 2156 bona:
1276 2103 1467 2169 fama,
1521 2101 1566 2153 si
1606 2116 1709 2170 qua

144 2201 328 2261 rirtus,
381 2199 430 2252 si
471 2214 577 2267 qua
621 2203 772 2260 laus,
811 2205 870 2249 ut
898 2194 1135 2264 Apostoli
1185 2203 1307 2246 utar
1346 2193 1557 2257 verbis,
1601 2192 1710 2246 Itwc

143 2292 270 2357 agite
294 2290 365 2352 ⁸ο,
422 2289 580 2357 pacis
626 2287 907 2341 vobiscum
951 2286 1060 2338 Deo
1099 2283 1282 2336 futuro
1313 2298 1406 2352 per
1430 2281 1706 2336 Christum

143 2379 314 2434 .lesum
339 2381 640 2434 Dominum
672 2387 918 2432 nostrum
952 2395 964 2430 :
993 2377 1082 2431 cui
1108 2375 1280 2445 gloria
1309 2383 1363 2427 et
1397 2373 1706 2442 imperium,

145 2488 256 2525 cum
288 2473 475 2536 Patre,
509 2487 576 2526 ac
616 2482 806 2525 sancto
841 2467 1043 2539 Spiritu
1065 2506 1080 2532 ,
1111 2481 1276 2532 nunc,
1302 2475 1356 2520 et
1389 2479 1620 2534 semper,
1655 2464 1707 2518 in

145 2579 466 2634 omnemque
503 2562 936 2634 perpetuitatem.
955 2560 1148 2613 Amen.

733 2650 962 2705 SERMO
993 2647 1127 2703 LIV.

148 2743 214 2797 De
236 2744 444 2813 jejunio
465 2782 480 2809 ,
534 2742 892 2862 vacuitateqze
921 2739 1201 2861 fibidinum
1225 2777 1240 2801 ,
1283 2735 1467 2804 primis
1492 2734 1710 2804 jejuniis

871 2826 915 2862 tt:
943 2825 1026 2862 us.

871 2825 1026 2863 κιαι.

209 2924 428 2979 Fratres
473 2923 803 2992 Patresque,
835 2920 1275 2992 Quadragesimze
1307 2931 1521 2992 tempus
1586 2936 1711 2976 cum

149 3017 394 3071 universo
437 3030 588 3070 anno
611 3015 968 3084 compositum
994 3015 1172 3070 simile
1192 3024 1276 3070 est
1298 3014 1712 3084 intempestuosi

1799 557 1975 610 dicam
2031 556 2374 610 insolentiam
2414 557 2692 611 alacritate
2743 555 2964 609 lenitam
3021 555 3156 608 citra
3189 557 3358 609 mole-

1801 650 1961 703 stiam
2021 649 2286 705 futuram.
2328 650 2598 705 Caeterum
2653 649 2924 719 jejunium
2975 663 3083 702 non
3115 647 3252 702 cibis
3276 647 3370 700 de-

1801 743 1994 796 finitur
2058 743 2238 806 modo,
2287 742 2416 810 quin
2475 742 2625 795 omni
2691 740 2959 796 scelerum
3020 739 3367 793 abstinentia.

1801 831 2257 900 quemadmodum
2284 829 2385 884 SS.
2426 829 2615 884 Patres
2634 830 2868 883 edixere.
2894 827 3072 894 Quare
3100 828 3371 883 abstinea—

1803 939 1947 988 mus,
2018 923 2292 988 cobortor,
2346 922 2579 992 ignavia,
2648 921 2894 991 segnitie,
2960 920 3369 982 detrectatione,

1801 1017 2024 1079 invidia,
2056 1016 2195 1076 rixa,
2219 1015 2574 1082 malignitate,
2597 1015 2778 1067 studio
2801 1013 2993 1078 nostri,
3015 1012 3082 1066 ad
3105 1012 3371 1081 privatam

1803 1123 2052 1163 normam
2085 1107 2300 1161 vivendi
2337 1107 2577 1170 licentia,
2607 1120 2670 1160 ac
2700 1105 2789 1174 pol
2818 1104 2984 1159 noxio
3026 1104 3249 1174 insuper
3276 1117 3370 1158 cu-

1805 1204 2009 1273 pidine,
2045 1203 2315 1272 siquidem
2339 1212 2393 1256 et
2421 1200 2795 1270 jejunantibus
2822 1208 3087 1252 veterator
3117 1196 3367 1251 imminet

1807 1311 2050 1365 serpens.
2077 1295 2241 1357 Sane,
2265 1301 2486 1362 aspectu
2513 1290 2758 1360 pulcher,
2789 1297 2952 1358 atque
2981 1303 3076 1342 esu
3100 1286 3375 1355 jucundus

1803 1398 1920 1443 erat
1952 1387 2048 1457 qui
2098 1401 2184 1440 me
2223 1382 2501 1439 interfecit
2531 1382 2760 1444 fractus,
2805 1380 3060 1433 audimus
3081 1379 3371 1432 dicentem.

1811 1477 1890 1531 Ac
1916 1475 2117 1531 \‘idesis
2167 1475 2300 1528 mibi
2330 1483 2388 1528 ut
2412 1472 2698 1544 pulchrum
2743 1471 2984 1523 nominet
3019 1483 3126 1522 non
3157 1477 3374 1530 natura,

1807 1568 1898 1621 sed
1951 1575 2214 1635 aspectu:
2271 1564 2474 1618 etenim
2524 1561 2681 1632 quasi
2738 1559 2862 1628 quis
2903 1557 3160 1611 ﬂoridum
3207 1555 3376 1610 rubro

1807 1659 2007 1714 cortice
2051 1666 2240 1712 tenens
2291 1655 2574 1724 punicum,
2627 1665 2835 1706 meram
2878 1648 3223 1718 putrediuem
3273 1645 3372 1700 de-

1815 1750 2078 1820 prendat;
2105 1748 2170 1802 ad
2197 1747 2445 1801 eumdem
2483 1743 2705 1798 modum
2731 1742 2977 1810 voluptas
3009 1753 3226 1808 quoque
3254 1737 3376 1791 dul-

1808 1843 2050 1896 cedinem
2103 1839 2312 1908 ﬁngens
2375 1836 2696 1899 inauditam,
2751 1833 2898 1887 ilicet
2962 1832 3084 1886 felle
3138 1829 3376 1884 amarior

1809 1943 2037 1988 tractata
2089 1930 2376 2000 reperitur,
2404 1942 2621 1996 praeque
2659 1924 2807 1979 omni
2843 1922 3066 1992 ancipiti
3114 1935 3378 1975 mucrone

1809 2024 2052 2077 animum
2084 2019 2369 2075 lancinans
2388 2029 2627 2087 captum.
2667 2015 2722 2070 Id
2748 2015 2885 2069 adeo
2917 2027 3112 2082 passus
3140 2019 3224 2066 est
3238 2025 3377 2080 prae-

1810 2116 2061 2169 decessor
2083 2111 2348 2174 Adamus,
2370 2110 2439 2163 ab
2470 2116 2720 2178 serpente
2759 2107 3055 2169 inescatus,
3095 2103 3187 2172 qui
3217 2103 3378 2157 simul

1811 2206 2157 2260 interdictum
2189 2201 2363 2272 attigit
2383 2201 2588 2264 cibum,
2622 2207 2848 2252 mortem
2875 2195 3077 2250 invenit
3101 2208 3198 2263 pro
3232 2193 3340 2246 vita
3363 2233 3377 2246 .

1812 2298 2061 2365 idemque
2106 2294 2289 2350 cuncti
2325 2292 2520 2347 exinde
2550 2292 2808 2344 hactenus
2829 2297 2956 2342 sunt
2983 2285 3210 2355 experti,
3240 2297 3380 2353 quos

1812 2386 1867 2439 in
1918 2383 2162 2437 fraudem
2199 2381 2413 2451 impulit
2457 2380 2643 2433 draco.
2674 2377 2893 2432 Scilicet
2923 2373 3380 2445 quemadmodum

1814 2481 2135 2535 tenebrosus
2187 2478 2305 2546 ipse
2355 2477 2408 2528 in
2458 2474 2706 2542 angelum
2748 2486 2806 2526 se
2846 2469 3084 2524 lucidum
3134 2466 3378 2534 dilIiugit,

1813 2572 1889 2625 ita
1940 2583 2072 2624 sane
2110 2578 2163 2622 et
2217 2566 2418 2620 malum
2477 2566 2642 2628 bono,
2704 2576 2950 2615 amarum
2976 2558 3144 2620 dulci,
3176 2571 3378 2611 crecum

1814 2657 2119 2728 splendido,
2153 2655 2359 2710 foedum
2387 2664 2639 2718 venusto,
2671 2651 3010 2706 mortiferum
3044 2649 3193 2702 vitali
3233 2661 3382 2702 com-

1813 2759 2027 2805 mutare
2085 2758 2141 2802 et
2176 2755 2492 2802 convertere
2528 2745 2694 2808 novit,
2731 2751 2894 2812 atque
2925 2742 3054 2796 hinc
3087 2741 3381 2795 sceleratus

1815 2842 2035 2896 minime
2094 2847 2273 2894 cessat
2309 2838 2570 2891 tnundum
2608 2834 2829 2890 assidue
2871 2832 3144 2888 deludere.
3179 2829 3380 2887 Verum

1815 2949 1938 2997 nos,
1997 2932 2214 2996 fratres,
2249 2944 2594 3000 nequaquam
2649 2927 2818 2982 variis
2874 2925 2942 2980 iis
2995 2924 3278 2978 fraudibus
3327 2925 3382 2977 in

1815 3023 2090 3078 diversum
2132 3022 2393 3088 feramur,
2440 3036 2546 3074 neu
2580 3019 2721 3074 idem
2765 3018 3037 3088 patiamur
3059 3015 3200 3083 quod
3231 3029 3380 3078 aves,

149 3117 359 3173 pOI'lllS,
397 3120 513 3174 quo
548 3103 883 3158 conﬂuentes
907 3107 1087 3159 cuncti
1126 3105 1380 3158 1110113165
1403 3103 1707 3173 tranquilli-
1740 3145 1782 3202 Ο
1816 3130 1935 3184 qua
1974 3114 2027 3166 in
2074 3113 2342 3182 obiectam
2391 3111 2548 3166 avide
2597 3125 2781 3164 escam
2812 3120 3049 3172 ruentes,
3087 3107 3279 3174 laqueo
3303 3107 3384 3159 in-

148 3206 246 3250 tate
279 3199 538 3252 fruantur
566 3196 821 3265 spiritali:
842 3212 1016 3265 neque
1036 3198 1180 3250 enim
1204 3197 1487 3251 monachis
1511 3198 1708 3263 solum,

149 3286 270 3353 quin
322 3287 484 3341 laicis
519 3298 780 3354 quoque,
824 3285 1111 3354 parvisque
1156 3285 1312 3354 juxta
1363 3300 1425 3338 ac
1464 3284 1710 3353 magnis,

149 3378 476 3444 praestitibus
500 3417 516 3442 ,
557 3375 791 3432 subditis
812 3417 827 3442 ,
857 3377 1074 3446 regibus
1099 3415 1113 3440 ,
1144 3375 1535 3440 sacerdoribus,
1563 3375 1711 3429 omni

149 3469 320 3534 generi
374 3477 430 3522 et
463 3469 612 3522 aetati
664 3469 778 3523 ha-c
802 3469 928 3522 anni
970 3476 1262 3538 tempestas
1289 3466 1568 3523 salutifera
1609 3477 1711 3522 cst.

213 3560 422 3630 Quippe
476 3561 646 3615 urbes
695 3575 758 3614 ac
810 3561 1079 3614 territoria
1138 3559 1311 3630 magis
1362 3558 1714 3630 superscdent

154 3652 277 3708 rixis
305 3666 357 3708 et
414 3652 748 3708 tumultibus
783 3671 796 3706 :
835 3654 1178 3722 subeuntque
1213 3653 1448 3707 vicissim
1478 3653 1715 3721 psalmo-

153 3742 266 3804 diae,
321 3744 539 3806 laudes,
593 3741 880 3811 supplicia,
935 3756 1122 3812 preces
1168 3761 1181 3797 :
1228 3743 1428 3812 quibus
1478 3742 1715 3797 clemens

153 3831 388 3899 placatus
443 3833 592 3888 Deus
643 3846 777 3901 pace
853 3832 1047 3888 imbuit
1127 3842 1355 3899 mentes,
1434 3847 1717 3902 noxasque

155 3925 441 3987 condonat,
481 3925 530 3978 si
577 3938 644 3978 ex
677 3923 860 3977 animo
902 3925 1115 3978 sincero
1147 3925 1334 3978 timide
1364 3924 1410 3978 ei
1476 3926 1716 3994 trepide-

156 4029 252 4082 que
301 4017 649 4080 accidamus,
686 4024 740 4070 et
790 4016 1210 4087 illacrymemur,
1252 4017 1517 4086 promissa
1546 4019 1597 4070 in
1623 4032 1719 4085 po-

156 4117 352 4161 sterum
394 4108 804 4163 emendatione.
851 4110 954 4165 Sed
983 4125 1106 4163 cum
1132 4110 1423 4164 mundanis
1461 4110 1718 4164 ecclesia-

157 4199 266 4252 stici
296 4214 562 4254 censores
613 4208 813 4267 agunto
847 4215 912 4254 ex
953 4199 1128 4256 ofﬁcio
1163 4201 1343 4271 (egent
1374 4217 1610 4271 namque
1661 4211 1720 4257 ut

159 4291 204 4342 in
259 4292 438 4345 stadio
497 4299 784 4345 currentes
850 4293 1278 4346 concertantium
1338 4294 1586 4358 vocibus,
1641 4296 1721 4349 sic

155 4381 456 4450 jejunantes
482 4383 870 4451 magistrorum
892 4384 1133 4455 solatio),
1156 4385 1428 4453 equidem,
1460 4402 1721 4440 veneran-

1821 3207 2026 3260 harent
2050 3203 2300 3273 aucupis,
2347 3204 2480 3272 quin
2510 3201 2752 3257 reductis
2775 3199 3028 3253 vitiorum
3061 3196 3381 3258 involucris,

1813 3294 2075 3364 sagaciter
2099 3307 2307 3345 merum
2341 3292 2519 3346 scelus
2551 3292 2938 3359 dispectemus,
2959 3302 3022 3340 ac
3048 3286 3385 3353 refugiamus

1813 3386 1976 3443 serio.
2017 3383 2201 3453 Neque
2270 3397 2377 3438 non
2431 3383 2664 3452 expediti
2724 3382 2898 3438 simus
2942 3380 3008 3434 ad
3061 3380 3385 3452 psalmodias

1813 3495 1916 3549 pro
1969 3490 2232 3549 tempore,
2277 3478 2512 3547 prompti
2555 3477 2620 3531 ad
2675 3476 3037 3544 laudationes,
3089 3477 3300 3531 assidui
3329 3476 3381 3529 in

1815 3575 2157 3639 lectionibus,
2197 3570 2672 3643 congeniculantes
2720 3570 2774 3626 in
2823 3571 2982 3626 horas
3010 3587 3105 3641 pro
3139 3569 3380 3634 modulo,

1815 3677 2124 3723 exercentes
2167 3663 2441 3718 munificia
2477 3663 2768 3732 (siquidem
2826 3664 3110 3717 honestum
3141 3662 3384 3716 laborare

1815 3774 1920 3824 εει,
1964 3776 2064 3814 nec
2108 3759 2310 3829 (lignus
2360 3756 2577 3810 habitus
2604 3767 2686 3810 est
2713 3755 2804 3825 qui
2829 3770 2935 3808 non
2967 3755 3171 3810 laboret
3203 3756 3381 3810 cibum

1817 3853 2050 3923 capere),
2077 3862 2262 3905 mutua
2319 3864 2484 3904 onera
2540 3847 2796 3914 ferentes,
2827 3848 3261 3917 quandoquidem
3299 3848 3387 3902 llic

1818 3946 2077 4009 imbellis,
2097 3944 2355 3998 robustus
2373 3941 2460 3994 ille
2476 3949 2577 4005 est,
2603 3941 2746 4006 cibo,
2772 3951 2923 4010 potu,
2949 3940 3175 4009 aliisque
3193 3955 3388 4010 paran-

1818 4037 1901 4091 dis
1923 4034 2265 4098 necessariis,
2319 4047 2386 4087 ne
2437 4033 2492 4086 in
2543 4033 2768 4101 perditis
2824 4032 3162 4094 aemulemur,
3207 4033 3300 4087 sed
3331 4033 3384 4086 in

1820 4128 2065 4182 honestis
2095 4145 2109 4193 ;
2141 4125 2208 4180 ad
2239 4134 2537 4179 extremum
2559 4125 2788 4178 invicem
2820 4125 3084 4189 benevoli,
3110 4125 3384 4188 liberales,

1819 4234 2023 4283 comes,
2075 4216 2351 4286 morigeri,
2415 4216 2803 4270 misericordiae
2852 4217 3228 4284 bonorumque
3267 4215 3384 4269 fru-

1821 4323 2007 4368 ctuum
2033 4312 2196 4380 pleni.
2214 4310 2292 4364 Ac
2313 4309 2406 4363 Dei
2435 4309 2683 4377 equidem
2709 4325 2833 4378 pax,
2855 4324 2975 4379 quae
2989 4324 3147 4363 omne
3170 4320 3388 4379 superat

1823 4404 2098 4474 ingenium
2120 4402 2185 4466 ⁸³,
2209 4410 2417 4456 mentes
2443 4400 2766 4469 animosque
2789 4401 2996 4454 muniat
3020 4409 3248 4467 vestros,
3278 4417 3387 4471 quo

157 4477 223 4541 di,
269 4486 436 4547 caput
506 4475 666 4529 vobis
734 4474 1043 4544 impositus,
1106 4477 1388 4531 vobiscum
1431 4479 1713 4546 disseram,

1827 4509 1948 4549 cum
1994 4493 2235 4547 insontes
2271 4490 2570 4559 principem
2597 4504 2744 4543 nunc
2771 4488 3204 4542 Resurrectionis
3246 4489 3385 4541 diem

158 4579 308 4638 atque
337 4572 391 4624 id
431 4569 695 4623 breviter.
749 4567 1037 4624 Enimvero
1085 4571 1350 4639 jejunium
1376 4572 1541 4625 animi
1570 4588 1720 4641 quae-

159 4662 270 4716 dam
333 4662 629 4718 renovatio
689 4670 808 4728 est;
865 4662 938 4716 ait
989 4663 1132 4716 enim
1180 4678 1334 4718 sacer
1389 4664 1720 4732 Apostolus:

162 4755 504 4819 Quantumvis
552 4755 643 4824 qui
677 4754 808 4823 foris
827 4765 904 4808 est
946 4765 1124 4809 noster
1164 4756 1316 4809 homo
1348 4759 1720 4827 corrumpitur,

163 4856 356 4897 tantum
386 4847 432 4899 is
458 4846 553 4914 qui
585 4847 730 4897 intus
759 4855 834 4898 est
864 4856 1142 4899 renovatur
1176 4847 1239 4900 de
1275 4848 1362 4900 die
1403 4849 1457 4900 in
1491 4851 1625 4902 diem
1654 4848 1720 4901 "‘.

162 4934 302 4999 Quod
332 4938 379 4992 si
445 4945 768 5001 renovatur,
821 4937 1181 5005 proculdubio
1237 4939 1303 4991 ad
1347 4939 1722 5010 primigeniam

163 5026 620 5093 pulchritudinem
672 5027 923 5093 comitur,
997 5039 1355 5097 comptusque
1403 5030 1455 5084 in
1484 5046 1725 5086 amorem

164 5120 354 5186 pellicit
387 5120 715 5190 stipulatum
755 5119 808 5173 in
846 5121 957 5175 bmc
987 5124 1150 5176 verba
1181 5141 1195 5176 :
1230 5121 1341 5192 Ego
1369 5133 1415 5176 et
1451 5123 1612 5178 Pater
1637 5141 1727 5178 ve—

166 5213 442 5279 niemus,et
473 5213 622 5281 apud
657 5225 775 5263 eum
807 5214 1130 5265 mansionem
1156 5214 1431 5282 faciemus.
1457 5216 1724 5281 “Quam-

166 5305 337 5358 obrem
375 5305 420 5360 si
455 5305 510 5359 id
531 5301 730 5372 jejunii
779 5302 1101 5358 beneﬁcium
1151 5314 1252 5367 est,
1290 5314 1350 5359 ut
1380 5306 1470 5360 Dei
1500 5324 1597 5362 nos
1626 5308 1726 5362 do-

168 5396 418 5451 micilium
453 5395 674 5459 reddat,
700 5395 902 5462 prtelati
953 5395 1030 5460 id,
1061 5393 1282 5462 fratres,
1325 5399 1605 5469 suscipere
1635 5400 1728 5455 de-

168 5486 363 5553 bemus,
400 5488 540 5542 nihil
569 5485 767 5541 oll'ensi
818 5487 995 5544 victus
1035 5488 1321 5555 tenuitate,
1357 5493 1591 5548 scientes
1621 5493 1726 5547 Do-

169 5576 386 5643 minum,
412 5577 513 5648 qui
545 5575 831 5646 splendide
859 5578 1101 5647 praebere
1127 5589 1326 5648 posset,
1357 5579 1410 5634 in
1438 5583 1730 5638 solitudine

243 5799 280 5829 ³⁸
305 5801 480 5857 Eccle.
521 5817 575 5866 κ,
623 5799 675 5853 4.
722 5797 763 5829 ³³
799 5797 980 5856 Matth.
1011 5814 1062 5862 ν,
1104 5797 1242 5854 5.’⁸⁰
1275 5799 1506 5870 Philipp.
1549 5818 1622 5867 tv,
1655 5803 1704 5855 8.

1814 5801 1848 5854 ll
1883 5803 2006 5858 (lor.
2029 5819 2098 5870 tv,
2132 5805 2214 5856 16.

1826 4585 2306 4656 ρνωνετιειιίε,ιυηι
2331 4581 2386 4634 in
2411 4579 2596 4635 futuro
2626 4581 2982 4644 saeculo,cum
3006 4581 3230 4634 redivivi
3252 4595 3384 4635 con-

1826 4691 2133 4744 surgemus,
2184 4673 2403 4727 caeleste
2450 4683 2677 4742 regnum
2731 4674 2939 4727 adeatis
2968 4686 3062 4740 per
3111 4672 3387 4726 Christum

1827 4766 2012 4822 Jesum
2042 4765 2330 4818 Dominum
2373 4773 2621 4818 nostrum
2653 4782 2665 4817 :
2717 4763 2804 4817 cui
2830 4764 3000 4832 gloria
3030 4774 3080 4818 et
3101 4763 3388 4833 imperium

1836 4873 1960 4912 cum
1994 4857 2168 4923 Patre,
2202 4871 2264 4911 ac
2312 4864 2500 4910 sancto
2533 4855 2757 4924 Spiritu,
2785 4871 2952 4922 nunc,
2985 4865 3039 4911 et
3066 4870 3297 4926 semper,
3335 4856 3403 4924 in

1831 4964 2158 5019 omnemque
2188 4949 2624 5020 perpetuitatem.
2652 4948 2846 5002 Amen.

2419 5057 2649 5114 SERMO
2687 5059 2798 5117 LV.

1833 5156 2029 5210 Prima:
2063 5152 2398 5207 hebdomadis
2430 5159 2598 5203 sexta.
2646 5151 2716 5204 De
2746 5153 3051 5218 incorrupta
3084 5151 3393 5220 quasiqua-

1904 5228 2028 5279 dam
2048 5225 2211 5278 animi
2241 5227 2394 5273 domo
2418 5222 2664 5273 virtutem
2686 5223 2996 5274 exorttanda
3031 5222 3318 5288 functione,

1906 5317 2125 5370 Fratres
2176 5314 2513 5377 Patresque,
2567 5310 2710 5364 aedes
2779 5312 3077 5366 excitantes
3130 5312 3395 5365 mundani

1835 5419 2202 5475 sumptuosas,
2237 5419 2580 5472 nequaquam
2611 5405 2712 5458 sibi
2742 5405 3036 5474 requietem
3067 5405 3394 5465 concedunt.

1836 5510 2002 5554 noctu
2045 5508 2096 5553 et
2116 5496 2346 5550 interdiu
2373 5496 2699 5559 laborantes,
2723 5496 3144 5561 solliciti,anxii,
3166 5496 3295 5548 dum
3329 5497 3394 5552 ad

1838 5589 1998 5642 finem
2027 5603 2162 5657 opus
2189 5585 2478 5648 adducant,
2513 5594 2835 5655 tantumque
2864 5587 2931 5641 iis
2958 5586 3099 5638 inest
3128 5586 3393 5646 studium,

2294 5802 2508 5858 s“.iuan.
2555 5821 2663 5864 xw,
2701 5805 2790 5867 9.3,
2856 5807 2896 5836 ⁸³
2927 5808 2943 5858 l
2977 5805 3164 5860 Thess.
3199 5821 3277 5866 Ill.
3315 5805 3398 5858 16.
