4000 6306
587 345 690 407 583

1769 333 1830 393 S.
1862 331 2257 394 THEODORI
2312 328 2661 391 ΞΤΠΒΙΤίΕ

3737 326 3850 388 584

585 448 1022 509 nttotaindidem
1046 461 1199 502 mens
1212 453 1529 516 occupetur,
1550 459 1614 500 ac
1641 445 1948 499 consideret
1972 458 2160 514 quem-
2189 449 2235 504 Α
2265 456 2385 496 rum
2416 438 2629 493 facinus
2652 448 2754 493 cst.
2791 435 3155 503 Quamobrem
3188 450 3293 491 non
3328 436 3438 506 jam
3499 450 3668 507 porro
3693 439 3851 494 diur.

587 544 881 601 admodum
935 550 988 595 et
1024 538 1301 609 fastigium
1358 539 1448 591 fiat
1500 547 1640 592 tecto
1697 536 2070 599 commodum,
2110 544 2165 589 et

593 641 926 707 picturatum
960 632 1333 687 marmoribus
1384 631 1586 695 solum,
1639 646 1739 685 nec
1788 630 1908 684 sine
1953 629 2163 698 reliqua

588 728 895 798 majestate,
931 735 1212 796 aspectum
1243 722 1484 778 curiosis
1526 719 1990 790 iucundissimum
2025 732 2164 787 prae-

588 823 714 877 beat
743 839 757 875 :
793 836 857 875 ac
891 819 937 875 si
968 821 1091 889 quis
1124 817 1261 871 adeo
1290 816 1359 869 ab
1414 828 1477 868 ea
1506 829 1636 868 cura
1664 814 1797 867 velit
1842 813 2166 868 abstrahere

593 915 910 983 ringantur,
965 925 1062 964 ceu
1118 918 1365 964 extrema
1426 906 1626 974 injuria
1695 903 1892 958 allecti.
1956 902 2166 973 Ecquid

587 1017 689 1056 nos
718 1013 920 1063 autem,
945 999 1036 1069 qui
1061 1013 1168 1052 non
1199 999 1483 1059 caducam,
1507 995 1599 1050 sed
1628 1009 1915 1064 perennem
1938 994 2162 1048 domum

588 1093 939 1156 fabricemur,
970 1106 1071 1145 nec
1100 1104 1220 1158 quae
1268 1104 1299 1143 e
1359 1086 1511 1141 saxis
1579 1086 1850 1154 lignisque
1896 1092 2165 1148 struatur,

590 1187 685 1240 sed
714 1202 744 1241 e
773 1184 1115 1256 spiritalibus
1145 1179 1336 1251 gratiis
1385 1170 1647 1247 poliatur,
1709 1176 2070 1244 torpebimus,
2114 1182 2170 1229 et.

588 1293 782 1334 eorum
810 1285 1016 1346 atergo
1072 1285 1478 1339 consequemur
1536 1266 1913 1322 industriam?
1956 1266 2170 1320 scilicet

591 1387 697 1426 non
721 1386 783 1425 ea
815 1384 1033 1425 summa
1068 1363 1397 1421 contumelia
1425 1362 1540 1418 sit?
1571 1360 1690 1416 Jam
1748 1361 1874 1424 illae,
1908 1369 1963 1413 et
2007 1358 2161 1412 carni

588 1464 788 1518 deditis
820 1461 1134 1517 hominibus
1190 1457 1433 1526 exceptis
1457 1497 1472 1522 ,
1504 1465 1558 1510 et
1608 1454 1755 1509 heris
1798 1452 2169 1521 compluribus

592 1555 845 1620 mutatis,
878 1554 943 1607 ad
996 1561 1300 1606 extremum
1335 1548 1596 1604 solitaria:
1630 1545 2019 1608 dissolventur,
2056 1543 2173 1597 haec

595 1647 839 1716 hospitio
868 1652 1119 1699 sanctum
1150 1642 1414 1711 Spiritum
1452 1639 1601 1709 capit
1630 1654 1645 1693 :
1692 1637 1965 1707 siquidem
2017 1634 2170 1689 Tem-

592 1740 736 1797 Dlnm
769 1737 864 1791 Dei
898 1752 1079 1791 sumus
1112 1735 1231 1799 cici,
1264 1743 1314 1787 et
1348 1733 1584 1802 Spiritus
1617 1730 1710 1784 Dei
1744 1729 1947 1782 habitat
1978 1729 2035 1781 in
2072 1742 2168 1780 no-

591 1796 667 1884 bis
699 1830 769 1893 “,
807 1838 867 1883 ut
890 1830 1103 1881 divinus
1129 1796 1424 1894 Apostolus
1451 1827 1546 1878 ait.
1577 1820 1720 1888 Quin
1748 1822 2011 1875 abeuntes
2040 1819 2169 1872 hinc
2201 1796 2243 1852 Β

589 1934 807 1990 quoque
833 1919 1256 1980 concomitatur,
1314 1930 1543 1970 manens
1574 1915 1628 1968 in
1657 1913 1811 1968 caelis
1872 1910 2173 1966 indissolu-

591 2014 715 2069 bilis
741 2024 793 2067 et
821 2022 1046 2067 aeterna.
1075 2010 1145 2063 At
1193 2024 1316 2080 quae
1342 2016 1425 2063 est
1460 2008 1580 2076 ejus
1623 2004 1837 2060 aedilicii
1877 2002 2172 2085 materies?

589 2108 855 2160 virtutum
892 2103 1121 2159 functio.
1154 2104 1229 2157 Ac
1255 2102 1467 2172 capesis
1538 2101 1673 2155 mihi
1730 2100 1787 2154 in
1848 2097 2038 2169 primis
2079 2089 2174 2150 Del

592 2201 861 2263 timorem,
897 2196 1053 2265 quasi
1082 2194 1316 2265 quodam
1357 2193 1711 2247 fundamento
1742 2190 1992 2256 locando,
2047 2203 2172 2242 nam

593 2284 813 2339 Initium
850 2284 1124 2354 sapientia:
1172 2283 1353 2343 timor,
1383 2281 1595 2335 Domini
1616 2290 1693 2334 est
1719 2280 1805 2334 "z
1845 2289 1958 2334 tum
1994 2286 2173 2332 autem

592 2376 959 2445 prudentiam,
996 2373 1393 2439 fortitudinem,
1427 2375 1861 2444 temperantiam,
1884 2372 2173 2441 justitiam,

593 2485 717 2540 qua:
756 2469 988 2523 invicem
1021 2483 1195 2531 nene,
1235 2475 1289 2523 et
1334 2467 1621 2521 charitatis
1664 2475 1920 2534 tanquam
1960 2463 2177 2517 vinculo

594 2570 987 2632 coagmentatae
1041 2574 1106 2613 ac
1155 2566 1421 2613 conserta:
1454 2596 1469 2619 ,
1523 2566 1757 2611 crescant
1809 2557 1864 2609 in
1928 2555 2177 2621 templum

596 2664 836 2707 sanctum
864 2651 1093 2705 Domino
1122 2650 1191 2717 “,
1246 2651 1587 2706 auctoribus.
1622 2648 1839 2704 litteris.
1892 2645 2044 2701 Hanc
2078 2659 2177 2699 nos

595 2747 787 2808 aedem,
812 2743 1028 2805 fratres.
1060 2744 1279 2798 assidue
1313 2743 1625 2804 moliamur,
1651 2756 1758 2795 neu
1796 2740 2063 2794 virtutum
2087 2753 2178 2792 or-

596 2851 728 2891 nare
766 2836 1225 2905 pulchritudinem
1249 2850 1676 2905 cessemus,quo
1692 2834 2049 2889 domesticum
2082 2834 2176 2887 ha-

596 2929 822 2982 beamus
839 2936 1088 2982 sanctum
1115 2926 1398 2996 Spiritum,
1430 2926 1662 2994 vitisque
1678 2926 1871 2981 delicio
1895 2926 2175 2997 geniorum

599 3022 651 3073 in
682 3035 785 3076 nos
837 3033 933 3073 ora
989 3019 1383 3088 hominumque
1436 3027 1736 3072 vertamus.
1790 3016 1871 3071 Ac
1910 3032 2034 3071 cum
2073 3033 2178 3071 una

598 3113 861 3166 virtutum
902 3110 1239 3167 continentia
1271 3112 1364 3174 sit,
1400 3111 1454 3165 in
1497 3124 1728 3180 eamque
1753 3124 1900 3164 nunc
1921 3108 2178 3178 temporis

599 3202 942 3271 potissimum
973 3202 1376 3267 incumbamus,
1435 3201 1545 3257 Deo
1596 3201 1808 3257 laudem
1848 3203 2174 3264 tribuamus,

597 3294 691 3363 qui
729 3309 895 3346 unum
927 3294 1043 3360 ejus
1077 3294 1309 3347 stadium
1341 3294 1760 3348 decurrerimus.
1794 3293 2056 3363 Equidem
2095 3293 2177 3347 fa-

600 3386 712 3439 cies
741 3398 841 3453 pro
872 3383 1035 3438 solito
1063 3392 1193 3438 sunt
1232 3392 1473 3449 mutatae,
1507 3394 1562 3438 at
1590 3383 1910 3446 mutatione,
1932 3398 2020 3437 me
2047 3385 2174 3437 her-

599 3479 762 3541 cule,
804 3476 1042 3546 egregia,
1101 3484 1291 3530 coorto
1338 3491 1370 3530 e
1401 3474 1738 3530 continentia
1782 3475 1988 3544 pallore
2031 3476 2176 3529 reni-

604 3580 811 3636 tentes;
862 3569 947 3623 ori
1006 3569 1286 3624 amarities
1317 3569 1543 3639 quaesita
1581 3578 1684 3631 est,
1741 3576 2026 3623 contracto
2066 3575 2176 3621 tan-

598 3675 763 3732 quam
802 3659 925 3715 felle
958 3675 1068 3729 pra:
1093 3660 1201 3714 cibi
1238 3660 1445 3714 tardius
1480 3659 1787 3728 sumptione
1828 3659 1923 3713 sed
1953 3657 2176 3712 imbuta:

598 3752 885 3808 dulcedine
915 3760 1145 3815 mentes,
1172 3766 1269 3820 spe
1302 3752 1501 3806 allatae.
1547 3752 1771 3806 Scilicet
1803 3751 1941 3805 inter
1972 3765 2031 3805 se
2062 3750 2177 3806 haec

597 3845 928 3913 depugnant,
958 3850 1019 3895 ut
1044 3856 1155 3896 uno
1185 3842 1393 3896 victore
1420 3852 1579 3909 cogat
1608 3843 1908 3897 necessitas
1943 3844 2173 3897 alterum

601 3933 958 3988 succumbere
988 3949 1000 3985 :
1042 3933 1226 4003 itaque
1261 3933 1505 3987 laetemur
1537 3934 1952 3989 addilimcliori.
1988 3934 2176 3989 Enim-

600 4039 728 4080 vero
758 4024 906 4079 dicat
936 4023 1170 4078 fortasse
1202 4024 1475 4095 quispiam
1512 4025 1566 4079 in
1598 4024 1925 4094 perfectione
1969 4041 2174 4095 ponen-

601 4116 755 4182 dum,
792 4116 1038 4185 quotidie
1071 4124 1122 4169 te
1172 4118 1294 4170 cibo
1350 4117 1690 4172 defraudare.
1734 4117 2002 4171 Fabulae:
2042 4132 2174 4172 sane

545 4263 548 4265 Α
600 4210 742 4263 enim
778 4208 997 4278 quidem
1045 4207 1189 4262 haud
1220 4223 1319 4263 nos
1374 4206 1636 4263 Dominus
1688 4208 1947 4276 jussisset
1975 4223 2170 4277 panem

600 4312 825 4367 poscere
855 4298 1229 4367 quotidianum
1259 4310 1526 4368 perpetem
1553 4316 1567 4365 ;
1597 4314 1703 4353 non
1747 4299 1891 4353 Elias
1931 4300 2173 4369 quotidie

601 4393 652 4441 in
684 4391 903 4442 deserto
950 4388 1167 4455 epulum
1195 4405 1225 4443 a
1257 4405 1443 4448 corvo.
1499 4406 1605 4445 non
1655 4390 1875 4455 Paulus,
1922 4393 2014 4461 qui
2048 4401 2173 4445 ante

596 4482 782 4534 divum
826 4481 1124 4534 Antonium
1157 4481 1500 4537 solitudinem
1533 4486 1724 4549 coluit,
1779 4485 2034 4538 diurnum
2078 4501 2171 4554 pa-
2206 4496 2247 4548 υ

600 4586 723 4626 nem
751 4572 1012 4626 divinitus
1040 4574 1358 4641 accepisset,
1391 4587 1498 4626 non
1530 4585 1873 4643 magnusmet
1904 4573 2174 4627 Antonius

599 4664 718 4733 plus
739 4663 939 4717 diurno
969 4678 1034 4719 ac
1061 4664 1364 4734 septimano
1406 4664 1615 4734 jejunio
1674 4666 2003 4733 praetulisset
2039 4682 2175 4734 quo—

601 4756 732 4810 tidie
760 4760 919 4825 paulo
948 4772 1111 4826 quam
1161 4758 1459 4811 necessitas
1503 4756 1641 4812 ferat
1678 4772 1926 4811 comesse
1974 4758 2174 4821 minus,

597 4849 814 4916 opinor,
845 4848 947 4903 hac
988 4849 1055 4902 de
1090 4863 1279 4902 causa.
1325 4847 1462 4903 Nam
1517 4849 1647 4919 quia
1708 4865 1908 4918 corpus
1942 4850 2174 4905 solidum

596 4945 740 4998 diem
774 4942 1055 5014 fatigatum
1084 4946 1337 4999 sensibus
1366 4945 1607 5015 languet,
1631 4960 1727 5000 ceu
1759 4961 1946 5000 cursor
1972 4963 2169 5017 equus,

597 5046 757 5106 atque
796 5036 1251 5092 instaurationem
1290 5038 1583 5104 desiderat,
1618 5042 1924 5094 necessario
1956 5057 2172 5109 quoque

599 5141 807 5185 naturae
829 5130 1067 5185 instituit
1132 5130 1462 5186 architectus
1520 5142 1579 5186 ut
1626 5133 1826 5187 diurno
1879 5134 2071 5204 pabulo
2102 5145 2175 5188 tc-

600 5231 840 5286 neretur,
868 5238 980 5291 quo
1006 5222 1248 5276 vividum
1284 5224 1539 5294 deinceps
1589 5224 1747 5289 foret,
1788 5240 1896 5280 non
1936 5241 2169 5289 cassum,

598 5322 653 5368 et
681 5328 880 5368 enerve
908 5330 923 5376 ;
954 5315 1097 5383 quod
1131 5315 1194 5369 iis
1223 5316 1419 5369 accidit
1439 5318 1531 5385 qui
1574 5318 1787 5387 duplas,
1818 5335 1880 5373 ac
1909 5321 2174 5389 quinque-

599 5406 787 5476 cuplas
821 5409 1041 5461 trahant
1073 5425 1085 5461 :
1122 5408 1322 5478 quippe
1351 5420 1582 5479 nequeat
1604 5423 1696 5464 aut
1722 5411 2014 5465 identidem
2047 5428 2173 5466 con-

600 5500 865 5568 genulari,
906 5510 999 5555 aut
1035 5500 1088 5554 in
1144 5503 1460 5571 psalmodiis
1505 5518 1763 5558 sonorum
1796 5505 1969 5574 loqui,
1999 5506 2173 5560 aliave

599 5590 848 5660 expedite
876 5593 1055 5647 munia
1082 5606 1362 5662 prmtare,
1412 5595 1513 5651 nisi
1546 5597 1689 5665 quod
1740 5597 1976 5653 insolens
2008 5598 2171 5652 nitui-

677 5813 721 5843 “
752 5812 767 5866 ι
795 5811 917 5870 Cor.
947 5831 1028 5882 Ill,
1061 5819 1146 5874 16.

2271 543 2376 583 nus
2417 527 2811 597 imperfectioni
2864 527 3021 581 cibus
3078 528 3312 594 ducitur,
3369 528 3503 597 quin
3555 532 3761 604 oppido
3790 531 3845 587 in

2266 621 2521 689 perfectis
2546 622 2776 676 habetor
2828 621 2895 675 ad
2930 621 3150 675 modum
3188 634 3550 692 normamque
3586 624 3848 692 prmscrio

2265 724 2437 784 ptam.
2470 716 2643 783 Atque
2678 730 2712 768 o
2757 713 2963 769 factum
3014 714 3173 781 bene,
3229 713 3377 783 quod
3432 729 3520 769 res
3563 726 3841 772 nostrates

2268 805 2508 874 paternis
2538 804 2851 861 constitutae
2904 813 3031 859 sunt
3086 803 3348 872 scitaeque
3402 805 3626 874 regulis.
3683 806 3856 863 Vobis

2267 897 2487 966 quidem
2518 898 2683 950 etiam
2710 897 2986 966 etiamque
3039 895 3244 951 sanitas
3276 904 3388 950 tum
3433 897 3701 966 corporis,
3735 906 3852 954 tum

2269 988 2437 1043 animi
2488 988 2716 1043 ﬁrmitas
2752 991 3059 1052 tribuatur,
3106 987 3201 1057 qui
3262 988 3556 1042 immortali
3618 1004 3858 1061 veroque

2269 1079 2381 1134 Deo
2423 1080 2696 1141 servistis,
2756 1095 2819 1134 ac
2846 1094 3156 1149 supremam
3212 1078 3357 1134 diem
3416 1080 3705 1142 maneatis.
3745 1098 3854 1151 qua

2269 1170 2404 1225 solis
2444 1171 2653 1225 micetis
2702 1172 2876 1225 instar
2930 1186 3054 1224 cum
3090 1172 3313 1234 sanctis,
3353 1168 3504 1238 regni
3531 1169 3857 1224 haereditate

2273 1261 2416 1316 aucti
2454 1263 2694 1317 cmlestis
2729 1277 2825 1331 per
2852 1262 3130 1317 Christum
3177 1260 3363 1317 Jesum
3411 1262 3700 1315 Dominum
3754 1279 3855 1319 no-

2273 1364 2490 1408 strum:
2534 1354 2621 1407 cui
2682 1354 2852 1425 gloria
2911 1362 2965 1408 et
3016 1354 3303 1424 imperium
3353 1369 3475 1407 cum
3533 1354 3713 1418 Patre,
3790 1371 3855 1409 ac

2277 1458 2466 1502 sancto
2502 1447 2729 1517 Spiritu,
2765 1462 2928 1510 nnnc,
2949 1458 3004 1501 et
3030 1461 3266 1517 semper,
3302 1446 3355 1501 in
3376 1460 3707 1515 omnemque
3726 1462 3856 1517 per—

2272 1540 2609 1608 petuitatem.
2637 1540 2832 1593 Amen.

2859 1666 3089 1723 SERMO
3120 1666 3253 1724 LVI.

2274 1781 2555 1838 Dominica
2600 1786 2787 1853 primae
2834 1781 3339 1836 hebdomadis.'Ne
3396 1800 3559 1853 supra
3612 1783 3748 1840 vires
3800 1788 3858 1839 in

2348 1853 2537 1909 divinis
2570 1855 2762 1909 studiis
2794 1853 3061 1920 nitamur,
3109 1869 3172 1905 ac
3223 1854 3556 1921 spiritalibus
3609 1858 3855 1909 animum

2346 1926 2659 1993 spectaculis
2702 1938 3011 1992 pascamus.

2343 2034 2562 2091 Fratres
2594 2036 2892 2105 Patresque
2908 2048 3061 2099 ,cum
3083 2033 3309 2089 arduum
3330 2050 3491 2091 omne
3509 2044 3591 2090 est
3618 2035 3859 2097 initium,

2276 2136 2391 2182 tum
2415 2127 2607 2197 jejunii
2629 2127 2808 2198 ingres
2854 2140 2950 2181 sus
2968 2128 3265 2181 mutatione
3284 2126 3528 2182 ciborum
3550 2136 3713 2196 atque
3740 2136 3861 2181 stu-

2276 2219 2516 2285 diorum,
2535 2218 2907 2274 dilIicultatem
2923 2217 3217 2287 quamdam
3241 2228 3295 2272 et
3315 2219 3658 2289 asperitatem
3682 2228 3858 2288 parat.

2277 2310 2501 2367 Lenitur
2521 2318 2701 2366 tamen
2734 2326 2798 2365 ac
2828 2310 3150 2365 tractatione
3172 2310 3392 2365 assidua
3421 2313 3669 2366 mollitur
3703 2326 3719 2363 :
3750 2327 3862 2381 quo

2281 2405 2395 2459 btec
2416 2405 2643 2474 pertinet
2673 2389 2963 2464 sententia,
2988 2401 3171 2456 Omnis
3202 2404 3488 2474 disciplina
3516 2406 3571 2458 in
3611 2406 3862 2474 prasenti

2277 2496 2485 2564 quidem
2512 2495 2714 2548 videtur
2747 2510 2850 2547 non
2873 2510 2984 2547 esse
3003 2496 3209 2565 gaudii,
3242 2498 3332 2550 sed
3374 2498 3646 2558 mceroris;
3678 2508 3863 2567 postea

2278 2596 2455 2641 autent
2472 2590 2704 2655 fructum
2721 2586 3123 2654 pacatissimam
3140 2588 3443 2641 exercitatis
3474 2604 3565 2657 per
3579 2605 3697 2642 eam
3737 2589 3861 2643 red-

2277 2678 2363 2732 det
2387 2678 2620 2748 justitite
2643 2679 2708 2732 ⁵⁷.
2735 2676 3102 2745 Quamobrem
3143 2694 3243 2734 nos
3276 2694 3495 2749 quoque
3521 2696 3627 2735 una
3652 2681 3862 2736 hebdo-

2278 2773 2435 2826 mada
2487 2771 2680 2843 jejunii
2716 2772 3075 2833 transmissa,
3129 2770 3183 2823 in
3238 2784 3515 2841 posterum
3566 2775 3863 2829 alacriores

2279 2878 2376 2933 per
2418 2863 2810 2933 experientiam
2868 2860 3181 2923 reddamur,
3230 2861 3565 2917 alacritatem
3612 2864 3852 2919 scientes

2281 2972 2484 3027 corpus
2519 2957 2680 3026 juxta
2748 2953 3103 3022 animumque
3152 2952 3405 3020 ﬁrmare,
3448 2954 3586 3011 levia
3634 2972 3863 3026 compa-

2284 3060 2495 3102 rantem
2543 3063 2665 3117 quae
2704 3046 2890 3117 gravia
2924 3045 3056 3108 sint,
3083 3045 3344 3115 proclivia
3384 3062 3508 3117 qua:
3554 3049 3748 3112 ardua,
3782 3050 3864 3103 uti

2205 3135 2246 3190 C
2281 3138 2540 3208 segnities
2600 3147 2787 3193 contra
2819 3137 3005 3209 gravia
3041 3151 3163 3206 qua:
3193 3137 3329 3192 levia
3363 3140 3495 3198 sint,
3537 3139 3710 3193 ardua
3742 3156 3865 3209 qua:

2285 3233 2566 3304 proclivia.
2589 3229 2775 3301 Neque
2795 3246 2925 3285 vero
2950 3232 3003 3285 in
3030 3230 3229 3286 studiis
3250 3246 3417 3301 supra
3430 3232 3575 3286 vires
3596 3233 3859 3301 nitamur,

2284 3322 2412 3391 quin
2447 3336 2570 3375 cum
2612 3320 2841 3390 spiritali
2874 3319 3106 3391 quadam
3163 3321 3468 3377 valetudine
3515 3330 3771 3378 tueamur
3809 3334 3866 3379 et

2281 3414 2528 3483 corporis
2569 3414 2861 3467 sanitatem
2899 3413 3066 3484 :quid
3117 3415 3263 3468 enim
3289 3416 3510 3485 prodest
3551 3419 3862 3473 accelerare

2283 3504 2338 3558 in
2380 3504 2668 3574 principio,
2700 3519 2766 3560 ac
2794 3519 2920 3559 mox
2958 3506 3153 3561 ruere?
3173 3514 3229 3561 ut
3253 3507 3648 3578 circumspecte
3673 3511 3862 3580 potius

2284 3599 2357 3651 sit
2394 3598 2658 3662 eundum,
2689 3596 2755 3651 ad
2810 3597 3125 3652 distantiam
3188 3600 3356 3654 tuenti
3399 3601 3706 3655 diversorii.
3750 3604 3860 3658 Sed

2282 3690 2544 3760 quoniam
2606 3704 2727 3760 quae
2785 3690 3189 3745 contentionem
3258 3691 3455 3745 habeat
3493 3691 3609 3747 dies
3660 3708 3861 3763 parere

2284 3782 2556 3851 ignaviam
2594 3782 2764 3845 solet,
2814 3779 3061 3834 honestis
3104 3780 3560 3849 occupationibus
3603 3792 3659 3837 et
3692 3786 3861 3854 spiri-

2284 3873 2480 3925 talibus
2502 3871 2745 3923 animum
2778 3870 3102 3938 spectaculis
3123 3885 3431 3937 pascamus,
3457 3888 3563 3927 non
3588 3874 3675 3930 his
3696 3892 3863 3931 mun-

2280 3968 2456 4034 danis,
2490 3967 2545 4021 in
2585 3967 2788 4037 quibus
2817 3967 2962 4021 inest
2991 3969 3227 4033 vanitas,
3257 3984 3537 4037 aarumnae,
3571 3972 3855 4042 confusio,

2280 4072 2344 4114 ac
2373 4073 2608 4120 amaror,
2640 4057 2732 4111 sed
2767 4073 2888 4127 quae
2917 4072 3040 4111 cum
3072 4059 3361 4115 dulcedine
3393 4071 3523 4116 sunt
3560 4061 3860 4137 laetitiaque

2280 4148 2558 4218 permista.
2594 4147 2688 4201 Dei
2732 4164 2847 4200 sum
2900 4150 3225 4214 recordatus,
3260 4151 3337 4205 ait
3367 4152 3854 4225 ille",acgavisus.

2282 4239 2447 4310 Igitur
2481 4240 2532 4293 in
2564 4239 2674 4293 Deo
2721 4256 2875 4295 mens
2923 4240 3191 4310 deligitor,
3232 4242 3287 4297 in
3323 4244 3638 4301 caelestibus
3685 4248 3853 4314 visis,

2281 4330 2333 4382 in
2364 4328 2603 4398 paradisi
2644 4329 3064 4397 pulchritudine,
3111 4332 3163 4385 in
3191 4333 3411 4389 aeternis
3446 4336 3849 4403 mansionibus,

2282 4423 2333 4477 in
2377 4424 2691 4494 angelorum
2737 4410 3008 4493 tripudiis,
3051 4425 3104 4478 in
3147 4442 3380 4495 superna
3440 4429 3580 4494 vita;
3621 4429 3709 4483 ubi
3741 4432 3855 4485 Sint

2274 4518 2347 4586 pii
2403 4518 2658 4584 noxiiquc
2703 4532 2906 4581 manes,
2955 4517 3264 4586 cujusmodi
3327 4520 3589 4574 adventus
3648 4524 3853 4591 praelu-

2273 4613 2403 4667 stris
2437 4613 2525 4667 Dei
2576 4622 2628 4666 et
2674 4612 2979 4667 Servatoris
3011 4611 3140 4667 Jesu
3189 4614 3389 4669 Christi
3435 4614 3699 4673 futurus:
3748 4622 3857 4675 sub

2274 4720 2435 4775 quem
2465 4720 2530 4759 ex
2570 4705 2794 4759 oraculo
2828 4707 3016 4759 divino
3051 4708 3165 4760 caeli
3211 4725 3397 4777 magno
3441 4710 3636 4778 impetu
3676 4722 3860 4767 trans-

2276 4800 2404 4861 ient,
2447 4797 2701 4851 elementa
2748 4813 2865 4850 vero
2926 4797 3101 4852 calore
3160 4802 3445 4863 solventur,
3500 4811 3642 4855 terra
3678 4815 3857 4858 autem

2275 4902 2323 4945 et
2358 4906 2474 4961 quin
2507 4892 2562 4943 in
2595 4891 2711 4952 ipsa
2744 4899 2866 4942 sunt
2895 4906 3076 4959 Opera,
3105 4890 3492 4961 exurentur",
3520 4904 3634 4949 tum
3669 4907 3857 4954 autem

2279 4992 2338 5037 ut
2373 4984 2587 5037 animus
2618 4982 2819 5051 conjux
2851 4984 3085 5055 quisque
3136 5002 3338 5056 corpus
3390 5001 3654 5054 assumct,
3686 5007 3856 5059 quam

2280 5088 2566 5127 numerosa
2594 5073 2665 5126 sit
2694 5074 2978 5129 hominum
3032 5090 3258 5142 corona,
3291 5079 3361 5133 ab
3389 5079 3599 5136 Adamo
3647 5082 3717 5136 ad
3751 5084 3856 5137 avi

2279 5162 2566 5215 decursum
2612 5161 2909 5231 pertinens,
2942 5178 3105 5232 quam
3140 5166 3397 5221 terribilis
3422 5168 3623 5223 Christi
3647 5170 3852 5238 vultus,

2278 5248 2409 5302 solis
2450 5249 2620 5303 radiis
2649 5250 2995 5320 przefulgeus,
3030 5267 3258 5321 ecquam
3296 5255 3414 5324 ejus
3442 5272 3629 5311 vocem
3664 5262 3856 5315 audie-

2270 5355 2393 5393 mus
2426 5338 2490 5391 ad
2521 5350 2852 5404 extremum,
2884 5356 3003 5410 quae
3032 5343 3356 5398 instauratio
3386 5344 3570 5401 futura
3612 5357 3728 5403 tum
3762 5351 3855 5419 ju-

2269 5430 2369 5480 stls
2393 5425 2457 5478 ad
2488 5426 2710 5481 rteleste
2740 5442 2966 5497 regnum
2994 5428 3203 5497 asc-itis,
3230 5440 3341 5485 tum
3367 5434 3419 5487 in
3442 5450 3712 5503 perennes
3734 5454 3854 5508 pa:-

2270 5530 2369 5568 nas
2411 5515 2661 5569 sontibus
2713 5516 2997 5570 dimissis:
3030 5517 3144 5573 Isaac
3202 5535 3330 5587 nos,
3374 5520 3594 5591 fratres,
3629 5542 3729 5596 par
3770 5539 3856 5583 est

2271 5615 2488 5668 curare,
2548 5617 2613 5656 ac
2660 5603 2938 5672 cogitare,
2977 5605 3030 5658 in
3072 5605 3250 5678 iisque
3312 5613 3541 5679 versari,
3601 5631 3702 5670 ceu
3758 5618 3845 5688 qui

1224 5822 1269 5857 ⁸⁵
1302 5822 1442 5876 Psal.
1469 5837 1555 5887 cx,
1594 5821 1677 5875 l0.
1752 5824 1796 5854 ιε
1831 5822 2026 5892 Ephes.
2054 5839 2111 5887 ιι,
2144 5823 2231 5878 ill.
2280 5823 2319 5853 ‘7
2357 5821 2517 5879 llebr.
2551 5840 2620 5880 xu
2654 5865 2667 5889 ,
2710 5823 2792 5878 il.
2841 5819 3219 5891 “Psal.xr.t,5.
3273 5826 3368 5886 “tl
3401 5831 3544 5887 De",
3576 5851 3634 5889 ηι
3691 5838 3843 5896 740.
