4000 6306
125 381 217 444 585

1274 368 1674 430 SERMON‘ES
1706 367 2201 427 CATECIIETICI

3271 360 3375 428 586

124 505 268 550 extra
294 493 564 547 mundum
601 489 785 562 positi,
811 489 1038 558 cmlique
1073 487 1239 540 cives.
1273 484 1529 539 societate
1547 481 1692 535 nulla
1723 487 1766 542 Α
1799 479 2170 540 facinoribus,
2215 495 2241 532 a
2277 479 2510 533 sordidis
2557 479 2828 548 cogitatis,
2895 493 3012 549 qua:
3050 495 3148 534 nos
3195 480 3376 546 inqui--

125 595 401 636 teneamur
434 594 629 636 eorum
662 578 752 648 qui
788 578 1074 633 carnaliter
1104 577 1308 636 vivant,
1359 573 1496 625 unde
1529 570 1697 624 exsti-

124 668 409 732 mulemur,
480 666 868 735 lacrymemur,
932 661 1335 720 collustremur,
1399 666 1558 725 atque
1613 655 1700 709 hic

127 761 227 814 vita
257 758 408 826 obita
443 758 657 825 quieta,
688 755 741 809 in
771 769 920 824 spem
955 753 1229 822 erigantur
1263 747 1459 802 futuris
1506 761 1698 815 peren-

125 849 279 904 nibus
312 847 477 901 bonis
518 843 731 898 fruendi
762 858 856 912 per
884 840 1160 896 Christum
1196 837 1382 891 Jesutn
1415 837 1700 888 Dominum

127 945 371 991 nostrum
403 954 416 990 :
453 936 542 989 cui
604 935 776 1004 gloria
828 943 883 988 et
917 934 1202 1003 imperium
1239 950 1362 988 cum
1400 931 1554 985 Patre
1584 971 1596 992 .
1642 944 1705 984 ac

129 1039 314 1084 sancto
353 1027 607 1096 Spiritu,
647 1042 791 1082 nunc
848 1034 902 1081 et
955 1042 1191 1094 semper,
1254 1026 1305 1078 in
1381 1038 1706 1092 omnemque

131 1120 564 1192 perpetuitatem.
585 1119 780 1173 Amen.

723 1209 951 1266 SERMO
980 1209 1137 1263 LVII.

137 1306 388 1362 Secunda:
427 1301 784 1362 Hebdomadis
849 1312 1059 1370 quarta.
1111 1299 1188 1353 De
1231 1299 1407 1351 animo
1468 1316 1497 1354 a
1539 1299 1708 1352 noxiis

643 1371 915 1441 aﬂ'ectibus
944 1370 1219 1423 servando.

201 1469 421 1522 Fratres
447 1464 770 1534 Patresque,
803 1462 988 1532 prima:
1011 1461 1362 1515 hebdomadis
1390 1461 1598 1530 jejunio
1623 1459 1714 1512 de-

136 1561 300 1615 functi
363 1559 598 1613 invicem
659 1557 748 1611 alii
810 1571 973 1625 quam
1045 1554 1309 1609 fuerimus
1368 1570 1710 1624 apparemus,

135 1654 398 1722 graciles,
455 1667 520 1707 ac
590 1650 894 1704 decolores.
985 1649 1302 1719 Quanquam
1337 1650 1434 1702 etsi
1488 1653 1716 1702 exterior

136 1742 488 1810 corrumpitur
550 1743 747 1803 homo,
819 1747 879 1792 ut
938 1740 1181 1809 Apostoli
1241 1749 1361 1793 utar
1389 1739 1610 1804 verbis,
1661 1748 1712 1790 at

137 1836 352 1888 interior
382 1841 668 1886 renovatur
698 1831 763 1883 de
789 1830 872 1883 die
892 1831 946 1882 in
975 1829 1112 1883 diem
1149 1830 1193 1860 ⁵ο
1221 1847 1232 1882 :
1259 1845 1380 1882 nam
1412 1829 1568 1898 quasi
1597 1845 1708 1883 cor-
1745 1821 1782 1874 Β

135 1945 232 1999 pus
258 1928 506 1982 videmus
531 1930 642 1996 pra:
661 1925 868 1979 deliciis
885 1925 1169 1995 pingue,et
1187 1926 1437 1979 renidens
1462 1939 1557 1993 per
1583 1940 1714 1979 con-

136 2017 416 2070 tiucutiarn
455 2015 509 2068 in
568 2014 750 2067 animo
785 2011 1182 2067 consectarium
1237 2011 1457 2065 credere
1504 2017 1606 2063 est.
1647 2006 1714 2062 Ut

138 2107 440 2162 alﬂictando
480 2119 709 2174 corpore
761 2105 944 2158 animo
993 2102 1450 2172 pulchritudinem
1487 2114 1710 2169 pepere-

137 2201 458 2268 rimus,eam
507 2197 792 2259 nimirum,
829 2211 990 2265 quam
1023 2203 1244 2250 sanctus
1284 2193 1450 2248 David
1498 2192 1710 2246 deside-

138 2306 282 2352 rans,
317 2290 666 2358 precabatur,
697 2287 936 2352 Domine,
996 2287 1052 2339 in
1082 2286 1347 2339 voluntate
1377 2297 1464 2338 tua
1505 2286 1712 2351 prwsti-

140 2383 248 2434 tisti
275 2381 454 2434 decori
508 2395 623 2433 meo
655 2380 901 2432 virtutem
946 2378 990 2408 ⁸¹
1031 2396 1044 2432 :
1081 2392 1254 2446 eaque
1283 2376 1399 2445 ipsa
1429 2384 1482 2428 et
1523 2376 1712 2429 beatus

140 2473 336 2527 Paulus
375 2471 667 2526 confirmat
694 2469 913 2525 Christo
939 2484 1038 2523 nos
1061 2466 1408 2537 desponderi,
1449 2465 1711 2534 Despondi

136 2566 269 2618 enim
310 2579 396 2616 vos
416 2565 508 2616 uni
531 2564 664 2626 viro,
695 2563 943 2631 virginem
983 2570 1184 2614 castam
1209 2560 1447 2613 exhibere
1481 2557 1710 2612 Christo.

140 2655 314 2709 Timeo
353 2665 530 2708 autem
561 2669 622 2707 ne
650 2654 785 2706 sicut
813 2669 1020 2721 serpens
1056 2651 1219 2704 Evam
1265 2651 1474 2703 seduxit
1514 2651 1712 2702 astutia

137 2766 252 2815 sua,
275 2751 355 2802 ita
369 2756 780 2814 corrumpantur
800 2764 978 2800 sensus
999 2747 1154 2800 vestri
1186 2763 1216 2797 a
1234 2744 1570 2813 simplicitate
1599 2760 1713 2812 qntv

136 2852 208 2895 est
238 2844 290 2894 in
318 2841 532 2895 Christo
568 2841 634 2892 δ’.
675 2839 856 2892 Viden‘
887 2838 1130 2893 beneficii
1178 2837 1616 2906 amplitudinem,
1654 2843 1713 2888 ut

136 2948 398 3003 sponsum
422 2932 725 2986 habeamus
746 2931 1020 2986 Christum
1054 2941 1074 2984 ’ξ
1096 2930 1268 2984 viden‘
1300 2929 1714 2998 prouubum,.ut

135 3031 201 3080 de
234 3023 615 3079 incolumitate
669 3031 856 3077 nostra
888 3023 957 3077 sit
1004 3022 1269 3077 sollicitus
1299 3020 1486 3091 ?Ergo
1521 3021 1715 3076 abditae

139 3119 190 3171 in
231 3117 396 3171 cubili
433 3115 612 3170 instar
639 3113 943 3184 juvenculse
974 3122 1057 3168 est
1101 3114 1317 3167 animus
1361 3124 1568 3178 noster,
1594 3129 1714 3182 quae

139 3218 197 3262 ut
249 3209 495 3262 virorum
551 3206 788 3259 abstinet
843 3205 1031 3259 obtutu
1074 3246 1089 3270 ,
1126 3207 1266 3258 intra
1325 3205 1631 3259 cubiculum
1663 3221 1720 3258 se

141 3302 452 3364 continens,
483 3312 816 3366 onmemque
869 3298 1127 3352 adhibens
1158 3297 1480 3350 industriam
1530 3311 1638 3365 quo
1663 3312 1720 3349 se

142 3395 512 3462 incorruptam
552 3399 754 3456 servet,
806 3390 932 3444 dum
978 3397 1192 3457 tempus
1223 3388 1429 3442 venerit
1461 3388 1716 3449 nubendi,

141 3485 203 3539 ad
256 3483 512 3539 eumdem
565 3481 791 3536 modum
840 3481 1054 3534 animus
1095 3496 1311 3548 quoque
1349 3480 1495 3531 omni
1540 3479 1718 3532 studio

141 3589 168 3628 a
200 3574 380 3628 noxiis
432 3572 645 3642 peccati
694 3571 975 3625 aﬂ‘ectibus
1015 3585 1209 3639 purum
1243 3584 1300 3623 se
1336 3569 1388 3622 in
1441 3570 1716 3623 decessum

145 3676 362 3722 tueatur
399 3673 618 3733 oportet
667 3663 769 3717 sub
812 3677 970 3732 quem
1037 3654 1287 3729 egressus
1341 3674 1564 3728 corpore
1622 3675 1716 3713 ceu

144 3759 306 3813 cubili
339 3758 613 3827 quodam,
669 3755 714 3808 si
755 3753 970 3822 quidem
1027 3752 1301 3806 formosus
1339 3761 1454 3817 est,
1489 3753 1718 3822 egregiis

142 3849 456 3904 actionibus
490 3845 806 3915 splendens,
850 3851 1066 3897 sanctos
1097 3843 1326 3896 oblectet
1354 3843 1594 3910 angelos,
1625 3859 1719 3895 nc-

143 3955 246 4009 que
273 3937 480 4005 injuria
512 3954 528 4002 ;
557 3936 678 3988 sine
720 3933 921 4000 ﬂagitio
973 3931 1236 3986 deformis
1257 3971 1270 3992 ,
1303 3932 1496 3998 volupe
1523 3932 1590 3984 sit
1613 3933 1722 3984 dre-

145 4035 427 4098 monibus,
460 4033 516 4086 in
549 4031 754 4084 Christi
788 4028 1067 4097 probrum,
1091 4027 1236 4096 quod
1268 4037 1378 4080 tum
1413 4027 1580 4086 dictu,
1606 4038 1717 4079 tum

144 4129 387 4198 cogitatu
429 4123 742 4178 miserabile
769 4131 870 4175 cst.

211 4220 361 4275 Sane
390 4231 512 4271 eam
548 4215 622 4269 ob
676 4230 790 4285 rem
825 4229 1070 4285 corporis
1131 4215 1430 4279 repressio,
1455 4222 1507 4266 et
1537 4222 1720 4266 auste-

149 4313 296 4378 ritas,
341 4324 466 4381 qute
513 4317 773 4376 tanquam
810 4306 1019 4360 frenum
1050 4308 1230 4361 carnis
1253 4304 1608 4375 appetitiones
1639 4318 1723 4356 re-

147 4408 358 4470 tundat,
403 4419 472 4458 ne
502 4402 868 4471 aurigatorem
916 4402 1154 4455 excutiat
1184 4409 1439 4462 mentem,
1473 4413 1576 4451 non
1624 4399 1723 4451 hac

1802 579 1950 631 nent,
1981 580 2198 624 auctore
2231 570 2477 629 Domino,
2511 570 2827 624 malumucc
2853 571 3173 640 cogitantes,
3199 587 3374 641 quau-

1802 659 2089 728 doquidem
2139 660 2428 728 cogitando
2462 660 2800 724 accenditur,
2825 660 2974 714 velut
3028 661 3190 728 ignis,
3227 661 3376 716 desi-

1803 752 2036 814 derium,
2072 753 2201 821 quin
2253 753 2438 822 procul
2474 753 2615 806 vitiis
2642 752 2774 815 siti,
2806 768 2869 807 ac
2912 752 3092 822 primo
3139 755 3361 809 incursu

1806 851 2126 897 teutatorem
2189 844 2564 912 propulsantcs
2603 881 2616 907 ,
2685 845 3036 913 animumque
3099 845 3378 913 praeclaris

1807 935 2109 990 actionibus
2140 944 2417 1000 ornautes,
2451 944 2504 989 et
2532 952 2652 1005 qua:
2698 936 2750 989 in
2796 937 3045 990 manibus
3080 948 3196 1002 est,
3252 953 3382 992 cou‘

1808 1027 2088 1080 tincntiam
2135 1027 2370 1081 alacrius
2401 1027 2689 1089 obeuntes,
2732 1043 2841 1096 quo
2866 1029 2986 1096 puri
3017 1030 3141 1082 hinc
3199 1028 3380 1098 profe-

1810 1121 1902 1185 cti,
1935 1136 2056 1174 cum
2083 1121 2384 1175 incredibili
2411 1120 2609 1190 gaudio
2638 1122 2690 1172 in
2715 1121 2912 1175 coelum
2935 1122 3381 1191 commigremus,

1813 1210 2035 1264 thalami
2081 1212 2263 1265 laetitia
2303 1212 2539 1266 caelestis
2582 1211 2820 1277 fruituri,
2855 1227 2949 1281 per
2992 1212 3266 1267 Christum
3295 1210 3384 1266 Je-

1813 1316 1932 1353 sum
1996 1301 2285 1355 Dominum
2345 1310 2629 1355 nostrum:
2677 1303 2762 1355 cui
2795 1302 2966 1372 gloria
3000 1311 3053 1357 et
3094 1303 3380 1372 imperium

1815 1408 1935 1446 cum
1974 1391 2154 1460 Patre,
2185 1408 2248 1448 ac
2283 1403 2471 1450 sancto
2520 1394 2750 1463 Spiritu,
2795 1411 2939 1450 nunc
2977 1407 3029 1450 et
3060 1411 3295 1466 semper,
3331 1397 3382 1450 in

1817 1501 2141 1553 otnuemque
2187 1487 2618 1554 perpetuitatem.
2663 1488 2855 1540 Amen.

2340 1596 2569 1649 SERMO
2609 1596 2784 1648 LVIII.

1821 1689 2068 1742 Secundw
2100 1688 2437 1742 hebdomadis
2471 1699 2638 1740 sexta.
2691 1685 2759 1738 De
2799 1689 3100 1749 concordia,
3131 1697 3179 1741 et
3209 1704 3400 1751 amore,

1889 1760 2212 1828 ferendisque
2281 1773 2519 1827 generose
2602 1759 2808 1811 virtutis
2874 1759 3170 1824 laboribus,
3228 1775 3385 1827 regno

1883 1832 2196 1890 acquirendo
2235 1828 2450 1881 cwlesti.

1885 1922 2102 1976 Fratres
2151 1920 2450 1988 Patresque
2493 1960 2506 1984 ,
2569 1919 2820 1989 equidem
2853 1918 2905 1972 in
2952 1920 3106 1974 vobis
3153 1919 3384 1989 gaudeo,

1813 2014 1902 2082 qui
1941 2011 2246 2067 concordes
2325 2012 2558 2074 obcatis,
2595 2028 2657 2066 ac
2694 2027 2878 2081 pacem
2912 2012 3148 2081 agitetis,
3177 2023 3388 2083 tempus

1814 2107 2076 2174 patienter
2125 2103 2316 2174 jejuuii
2368 2103 2695 2172 perferatis,
2727 2105 2872 2172 quod
2906 2105 2970 2157 ad
3021 2105 3250 2159 salutem
3296 2119 3392 2160 ve-

1813 2205 2003 2255 stram.
2057 2205 2408 2264 nostramque
2460 2210 2608 2263 spem
2648 2196 2878 2263 pertinet
2929 2205 3387 2266 sane;quantum

1814 2298 1897 2341 est
1924 2287 2066 2341 enim
2105 2287 2159 2339 in
2188 2286 2545 2340 contubernio
2580 2301 2702 2354 pax,
2744 2296 2796 2340 et
2829 2288 3121 2342 concordia
3156 2288 3387 2352 bonum,

1815 2379 1968 2432 malis
1997 2379 2064 2432 de
2104 2378 2280 2432 medio
2311 2378 2555 2443 sublatis,
2587 2379 2954 2445 immodestia,
2993 2379 3388 2449 inquietudine,

1816 2470 2242 2538 responsatione,
2285 2469 2670 2533 inohedientia,
2705 2471 3043 2526 detractione
3064 2513 3078 2538 ,
3108 2471 3388 2541 superbia,

1814 2576 1875 2613 ac
1907 2561 1950 2615 si
1980 2574 2101 2630 quae
2156 2559 2261 2612 alia
2314 2559 2514 2628 flagitia
2568 2569 2696 2614 sunt
2741 2561 3012 2616 ?Scilicet
3066 2561 3101 2614 ii
3155 2576 3279 2615 cum
3332 2562 3389 2614 in

1815 2652 2004 2720 primis
2053 2649 2398 2705 commodqu
2433 2651 2534 2705 sibi
2565 2663 2837 2720 qutcrunt,
2887 2661 3002 2706 tum
3030 2653 3152 2709 aliis
3203 2668 3392 2708 exem—

1818 2745 1963 2811 plum
2022 2744 2289 2824 propositi
2343 2744 2605 2807 virtutis,
2664 2754 2932 2813 quaestum
2993 2746 3121 2802 hinc
3171 2761 3392 2818 quoque

1818 2840 2021 2893 faciunt
2056 2839 2354 2892 maximum
2383 2857 2397 2894 :
2431 2854 2552 2892 nam
2593 2841 3048 2908 quemadmodum
3077 2842 3168 2912 qui
3223 2858 3392 2899 noxas

1816 2939 2130 2999 comparent
2161 2930 2554 2994 detestationis,
2591 2934 2670 2986 sic
2697 2932 2788 3001 qui
2813 2944 3088 2988 exacuant
3132 2935 3388 2989 virtutem

1817 3023 2238 3078 collaudationis
2281 3023 2390 3078 sint
2420 3023 2685 3078 haeredes.
2720 3023 2905 3095 Neque
2939 3026 3217 3095 equidem,
3277 3025 3390 3080 fra~

1749 3159 1792 3218 C
1825 3125 1954 3182 tres,
1989 3118 2053 3171 de
2082 3117 2286 3170 eximio
2316 3126 2458 3172 statu
2485 3136 2496 3170 :
2521 3119 2740 3187 vitaque
2776 3120 2990 3174 laudata
3048 3120 3390 3185 decidamus,

1831 3221 1935 3262 neu
1992 3211 2059 3260 ab
2110 3222 2296 3262 amore
2353 3208 2538 3262 divino
2575 3211 3027 3279 conquiescamus
3074 3211 3391 3282 :siquidem

1823 3301 2078 3368 scriptum
2110 3308 2228 3354 est:
2263 3299 2460 3366 Diliges
2489 3301 2769 3354 Dominum
2799 3302 2964 3356 Deum
3010 3314 3159 3356 tuum
3190 3318 3254 3356 ea:
3284 3313 3394 3357 toto

1822 3391 1976 3444 corde
2007 3400 2094 3443 tuo
2123 3431 2139 3457 ,
2184 3402 2234 3444 et
2264 3408 2328 3445 ex
2361 3401 2470 3445 tota
2507 3394 2686 3446 anima
2719 3403 2810 3446 tua
2831 3433 2846 3457 ,
2877 3403 2925 3447 et
2963 3410 3027 3447 ea:
3067 3403 3177 3449 tota
3227 3406 3396 3452 mento

1824 3492 1934 3545 tua,
1992 3491 2039 3534 et
2078 3497 2142 3535 ex
2199 3493 2307 3535 tota
2377 3486 2570 3538 virtute
2628 3495 2718 3538 tua
2752 3487 2818 3538 ⁸⁵.
2862 3486 3148 3541 Enimvero
3174 3487 3270 3558 qui
3315 3486 3395 3542 sic

1821 3575 2016 3643 diligit,
2059 3589 2166 3628 non
2194 3585 2540 3630 exsaturatur
2567 3617 2580 3643 ,
2621 3564 2739 3634 non"
2765 3579 3014 3641 labascit,
3040 3593 3148 3633 non
3183 3579 3391 3649 ignavia

1824 3677 2020 3736 torpet,
2054 3670 2182 3737 quin
2219 3670 2326 3740 igni
2361 3669 2508 3723 addit
2536 3670 2735 3740 ignem,
2774 3681 2828 3724 et
2862 3669 3157 3739 alacritate.
3195 3670 3392 3722 alacri-

1825 3766 1986 3812 tatem
2013 3767 2292 3826 provocat,
2324 3760 2515 3827 positis
2544 3761 2597 3812 in
2627 3760 2810 3813 animo
2842 3760 3101 3814 virtutum
3136 3771 3395 3830 tanquam

1822 3848 2102 3916 gradibus,
2134 3860 2300 3917 atque
2332 3865 2361 3903 e
2388 3851 2583 3904 robore
2614 3851 2667 3904 iu
2695 3851 2938 3920 spiritale
2969 3852 3132 3905 robur
3177 3866 3397 3922 grassa-

1825 3949 1931 4002 tur,
1956 3940 2116 4008 idque
2149 3941 2500 3996 incessanter.
2535 3939 2650 3995 Non
2669 3941 2914 3995 carnales
2945 3943 3223 4008 operarios
3252 3943 3399 3998 vide-

1826 4030 1914 4095 tis,
1942 4037 2000 4083 ut
2035 4031 2086 4082 in
2117 4029 2361 4084 futilibus
2395 4045 2456 4084 ac
2486 4031 2704 4085 caducis
2746 4032 2990 4086 laborent
3018 4034 3029 4084 !
3059 4048 3163 4086 non
3195 4048 3396 4103 naupe-

1826 4139 1921 4194 gos
1964 4138 2144 4178 coram
2191 4124 2429 4188 cernitis,
2458 4133 2518 4178 ut
2566 4133 2737 4179 totum
2777 4124 3040 4180 desudent
3100 4126 3262 4192 diem,
3300 4140 3404 4181 nec

1829 4215 2091 4270 tantillam
2123 4217 2223 4271 sibi
2250 4217 2543 4284 requietem
2571 4217 2808 4271 tribuant
2826 4217 2848 4270 ?
2866 4215 3266 4281 Quamobrem?
3289 4231 3400 4286 quo

1826 4307 2124 4377 pauxillum
2174 4304 2422 4359 auferant
2477 4306 2686 4375 argenti
2740 4316 2792 4359 et
2824 4321 2944 4374 qua:
2979 4320 3110 4360 usus
3162 4305 3400 4374 postulat

1827 4400 2154 4453 domesticus
2199 4405 2555 4464 comportent.
2599 4395 2707 4450 Nos
2755 4397 2857 4450 diis
2909 4396 3102 4464 opibus
3150 4395 3416 4464 parandis.

147 4500 326 4553 solum
351 4504 699 4565 tempestate,
729 4492 858 4562 quin
895 4508 990 4563 per
1017 4508 1232 4548 omnem
1260 4493 1422 4546 vitam
1453 4492 1715 4560 agitatur:
1754 4497 1797 4550 1)
1828 4504 1993 4557 regno
2023 4488 2351 4558 acquirendo
2369 4488 2596 4552 caelesti,
2621 4488 2776 4543 bonis
2799 4487 3127 4557 perennibus
3160 4485 3417 4546 fruendis.

149 4606 262 4644 nam
305 4588 441 4659 quid
483 4587 632 4640 aliud
676 4584 974 4639 monastica
1007 4585 1116 4638 vita
1153 4593 1234 4637 est
1263 4598 1426 4652 quam
1471 4582 1726 4635 vitiorum

148 4682 512 4742 continentia,
564 4679 959 4748 cogitationum
1021 4677 1430 4744 magisterium,
1478 4674 1731 4741 luctaque

149 4789 341 4844 perpes
369 4788 496 4827 cum
546 4770 800 4824 hostibus
833 4767 1066 4823 invisis?
1104 4767 1310 4820 Acerba
1344 4781 1407 4820 ca
1451 4774 1577 4818 sunt
1606 4768 1625 4835 (
1653 4764 1730 4819 fa-

151 4875 258 4920 teor
291 4865 492 4935 )carni
536 4903 551 4923 ,
590 4861 688 4916 sed
745 4861 882 4930 quod
913 4861 963 4912 in
1008 4859 1252 4927 prwsenti
1301 4866 1376 4909 est
1446 4869 1735 4909 momenta-

151 4976 302 5013 neum
335 4966 385 5011 et
442 4957 550 5010 leve
587 4953 947 5006 tribulationis
983 4959 1197 5013 nosti-tr,
1230 4948 1306 5001 uti
1339 4947 1598 5016 scriptum
1632 4958 1732 5010 est,

151 5068 312 5120 supra
361 5045 665 5102 modumin
706 5043 1029 5096 sublimitate
1075 5052 1329 5096 azternum
1362 5039 1544 5108 glorite
1601 5055 1731 5106 pon-

153 5145 245 5196 dus
278 5155 539 5212 operatur
600 5137 823 5189 innobis
859 5175 874 5197 ,
906 5152 1005 5188 non
1061 5133 1526 5202 contemplantibus
1584 5133 1729 5183 nobis

153 5251 262 5302 qua:
326 5234 622 5289 videnlur,
682 5229 770 5279 sed
828 5243 943 5295 qua:
1002 5242 1101 5278 non
1154 5225 1394 5277 videntur
1446 5223 1490 5252 ³³
1569 5221 1732 5290 Igitur

155 5324 221 5377 ob
269 5318 694 5394 inaspectabilia
731 5320 869 5371 bona
914 5359 928 5381 ,
963 5333 1083 5385 qua:
1139 5315 1219 5369 vel
1256 5330 1349 5384 per
1385 5327 1732 5367 transennam

156 5415 333 5470 videre
392 5419 598 5483 optant
668 5409 842 5477 angeli
893 5450 906 5470 ,
954 5409 1022 5462 ob
1065 5422 1326 5476 sponsum
1380 5407 1466 5460 cui
1547 5406 1734 5460 conci-

158 5501 263 5556 liati
312 5517 534 5564 sumus,
593 5497 898 5557 Christum,
952 5496 1136 5548 hortor
1193 5505 1245 5547 et
1304 5495 1565 5559 obtestor,
1627 5493 1734 5546 fra—

159 5600 280 5659 tres,
336 5595 564 5649 animos
594 5604 759 5656 puros
790 5601 1173 5642 conservemus
1217 5603 1246 5640 a
1297 5587 1471 5640 noxiis
1502 5587 1729 5641 salutem

212 5781 253 5810 ⁵⁰
286 5781 326 5835 ΙΙ
362 5784 496 5838 Cor.
534 5796 612 5842 tv,
651 5777 738 5830 16.
818 5777 858 5807 "
896 5773 1038 5830 Psal.
1070 5792 1218 5844 xm,
1251 5777 1302 5833 8.

460 5877 746 5934 ΡΑτηοι..
794 5870 912 5927 Gn.
961 5870 1183 5930 XCIX.

1382 5778 1426 5809 "
1460 5777 1501 5830 II
1532 5776 1651 5831 Cor.
1688 5794 1759 5841 rt,
1791 5775 1845 5841 Ξ,
1882 5777 1932 5832 3.

1828 4581 2004 4649 pmnis
2035 4579 2301 4649 fugiendis
2342 4579 2713 4648 sempiternis,
2742 4595 2850 4632 non
2885 4586 3078 4632 cuncta
3135 4577 3406 4646 patiamur

1828 4687 1951 4725 cum
1989 4671 2133 4725 omni
2192 4670 2491 4734 alaqitate,
2538 4679 2699 4739 atque
2730 4669 3024 4740 vigilantia,
3074 4669 3120 4723 si
3165 4669 3248 4721 vel
3277 4682 3404 4720 san-

1829 4763 2041 4830 guinem
2079 4774 2296 4813 necesse
2321 4769 2402 4813 cst
2428 4759 2673 4822 fundere,
2708 4760 2876 4828 parati
2902 4773 3025 4811 eum
3055 4773 3150 4826 pro
3175 4756 3402 4810 Domino

1833 4853 2138 4920 impendere
2164 4851 2185 4902 ?
2212 4851 2372 4914 Sane,
2399 4851 2647 4911 obsecro,
2675 4851 2892 4913 fratres,
2920 4860 3128 4902 stemus
3161 4849 3403 4902 animose

1844 4960 1936 5012 spe
1976 4943 2291 5010 gaudentes,
2345 4958 2609 4997 :erumnas
2656 4945 2966 5003 tolerantes,
3028 4941 3276 5008 precibus
3323 4941 3404 4993 in-

1835 5046 2060 5098 stantes,
2114 5035 2419 5089 manuftciis
2472 5035 2702 5098 intenti,
2757 5034 3102 5104 psalmodiis,
3134 5033 3404 5094 versibus,

1836 5129 2152 5182 lectionibus
2182 5147 2195 5192 ;
2228 5144 2332 5197 qua
2372 5130 2725 5198 occupatione
2756 5137 3034 5181 teneamus
3064 5125 3326 5185 animum,
3355 5130 3409 5176 et

1837 5221 1903 5274 ab
1940 5221 2192 5275 inanibus
2232 5219 2425 5273 studiis
2464 5220 2862 5284 abstrahamus,
2898 5218 3163 5286 siquidem
3196 5215 3405 5270 desidia

1838 5323 2009 5365 mater
2040 5314 2236 5381 peccati
2261 5321 2364 5378 est,
2398 5314 2550 5368 labor
2580 5315 2744 5368 animi
2796 5313 3059 5368 custodia.

1911 5407 2027 5460 Non
2053 5417 2229 5460 tamen
2262 5413 2320 5458 ut
2352 5421 2412 5459 ea
2474 5417 2693 5476 propter
2741 5408 2807 5462 de
2869 5413 3010 5457 statu
3065 5403 3404 5472 dejiciamur,

1841 5500 1970 5566 quin
2008 5499 2357 5564 praeferentes
2404 5499 2898 5569 morigerationem,
2933 5495 3276 5556 modestiam,
3315 5494 3408 5546 ad-

1836 5589 2162 5657 jurationem
2197 5587 2446 5657 proximi,
2476 5598 2774 5659 czeteraque
2792 5595 2983 5643 cuncta
3004 5602 3121 5654 quae
3149 5587 3213 5640 ad
3240 5585 3405 5638 animi

2009 5780 2054 5811 ⁵³
2089 5776 2128 5834 11
2156 5777 2279 5833 Cor.
2311 5793 2377 5837 tv,
2412 5776 2494 5832 I7.
2573 5780 2615 5811 ³⁵
2647 5780 2801 5834 Deut.
2835 5792 2906 5840 vt,
2943 5779 2992 5831 5.

3060 5871 3129 5928 ID
