4000 6306
632 351 732 415 587

1823 352 1883 412 S.
1918 350 2016 411 ΤΗ
2028 350 2308 411 EODORI
2350 351 2708 412 STUDITIE

3787 360 3897 425 588

628 463 861 519 salutem
906 462 1241 531 conferunt;
1294 462 1530 534 denique
1580 459 1946 532 comprecari,
2001 468 2057 513 et
2109 471 2210 527 pro
2241 464 2290 521 Α
2318 459 2469 525 cidit,
2500 467 2551 513 et
2580 459 2738 514 decor
2756 459 2932 515 vultus
2965 461 3081 530 ejus
3103 464 3324 530 deperiit
3346 464 3413 518 ⁸⁸.
3446 464 3760 525 Atvirtutis
3781 483 3896 524 ma-

628 555 891 626 dispersis
915 556 1025 611 huc
1056 557 1187 612 illuc
1210 556 1495 623 fratribus,
1522 571 1645 611 nam
1668 556 1737 610 de
1768 554 1835 608 iis
1852 553 2042 608 laboro
2063 552 2213 621 equi-

629 647 755 703 dem
781 662 1024 719 quoque,
1053 649 1187 720 quin
1214 651 1361 706 haud
1381 658 1648 705 contuear
1672 663 1879 713 coram,
1898 642 2211 701 utevaserit

634 730 946 800 quisquam.
983 731 1094 787 Nec
1152 746 1260 787 non
1314 740 1369 786 et
1401 747 1497 803 pro
1550 747 1636 786 me
1689 733 2078 801 supplicantes,
2122 733 2210 787 cui

635 833 751 881 tum
782 838 962 881 sermo
992 825 1286 883 reseranda
1331 826 1597 880 tribuatur
1634 840 1750 890 ore,
1788 834 1901 879 tum
1944 825 2209 881 innocens

632 916 895 988 vita,quo
930 919 1180 973 utrimvis
1212 933 1313 988 ego
1347 916 1524 985 juxta,
1552 933 1757 987 vosque
1810 933 2090 973 servemur
2112 910 2235 988 per

632 1010 908 1066 Christum
939 1009 1121 1066 Jesum
1154 1010 1439 1065 Dominum
1495 1021 1740 1065 nostrum
1778 1030 1789 1064 :
1825 1013 1910 1065 cui
1952 1012 2121 1080 gloria
2155 1020 2209 1065 et

635 1102 919 1173 imperium
946 1117 1067 1156 cum
1108 1102 1287 1167 Patre,
1320 1118 1384 1156 ac
1430 1112 1621 1157 sancto
1658 1106 1883 1172 Spiritu,
1947 1118 2091 1158 nunc
2154 1114 2207 1158 et

632 1210 862 1266 semper,
893 1194 945 1249 in
974 1208 1302 1265 omnemque
1329 1195 1765 1264 perpetuitatem.
1795 1196 1988 1250 Amen.

1214 1329 1445 1385 SERMO
1490 1330 1627 1387 LIX.

633 1440 912 1497 Dominica
946 1439 1201 1514 Secundis
1231 1442 1590 1514 hebdomadis.
1628 1442 1704 1497 De
1722 1446 2038 1500 transeundo
2063 1446 2202 1514 lecte,

831 1522 985 1582 atque
1008 1512 1244 1581 expedite
1258 1511 1484 1581 jejunio,
1519 1525 1727 1568 ceterum
1751 1532 1839 1581 spe
1864 1516 2005 1571 vitaz.

711 1623 953 1686 Fratres,
996 1622 1311 1690 Patresque,
1363 1633 1633 1692 praestans
1668 1624 1940 1693 jejunium
1969 1637 2068 1690 est,
2121 1628 2201 1682 in-

626 1717 872 1788 signibus
913 1717 1027 1771 suis
1057 1716 1344 1787 praeditum
1373 1736 1388 1772 :
1416 1732 1479 1772 ea
1509 1727 1637 1772 sunt
1676 1722 2201 1788 pax,mansuetudo,

2315 561 2404 606 net
2448 552 2504 605 in
2554 567 2728 607 aevum
2781 551 3010 609 functio.
3073 554 3346 610 Tristatur
3376 558 3574 629 aliquis
3614 568 3887 617 vestrum?

2312 643 2432 713 (Dei
2461 659 2752 715 germanus
2779 646 2975 717 inquit)
3012 657 3144 701 oret.
3173 647 3354 717 .Equo
3388 652 3567 705 animo
3598 663 3679 706 est
3701 654 3728 707 ἲ
3750 657 3867 715 psat

2314 734 2389 787 lat
2411 736 2477 791 “.
2506 734 2678 791 Noxio
2707 737 2819 793 ullo
2858 739 3063 794 scelere
3119 749 3377 806 tentatus,
3425 752 3485 796 ut
3514 744 3736 800 assidue
3770 755 3859 800 ten

2314 833 2631 897 tatornrget
2660 871 2674 894 ,
2722 830 2994 884 sustineto
3052 831 3280 885 audiens
3332 833 3645 890 dicentem:
3685 832 3883 889 Beatus

2310 915 2400 982 qui
2426 917 2610 983 su/fert
2643 920 2981 972 tentationem
3009 934 3028 972 :
3061 922 3311 989 quoniam
3335 941 3451 977 cum
3483 928 3739 993 probatus
3774 930 3883 995 fue-

2310 1006 2402 1070 rit,
2454 1008 2674 1077 accipiet
2732 1026 2982 1064 coronam
3034 1014 3175 1076 vitaz,
3236 1032 3394 1083 quant
3442 1019 3749 1082 repromisit
3780 1018 3892 1071 Do-

2311 1098 2485 1150 minus
2527 1097 2869 1167 diligentibus
2900 1119 2973 1157 se.
3008 1102 3068 1157 Si
3104 1105 3214 1159 lucc
3259 1107 3428 1169 scitis,
3492 1108 3629 1159 beati
3672 1110 3821 1162 eritis
3844 1113 3890 1163 si

2309 1187 2539 1254 feceritis
2559 1198 2619 1244 ea
2641 1192 2706 1256 ⁶¹,
2739 1193 2814 1245 ait
2837 1191 3102 1251 Dominus
3133 1214 3145 1249 :
3184 1198 3271 1250 cui
3298 1198 3465 1265 gloria
3506 1207 3555 1251 ct
3598 1199 3887 1268 imperium

2308 1292 2429 1331 cum
2464 1279 2641 1345 Patre,
2667 1297 2730 1336 ac
2752 1293 2941 1339 sancto
2996 1286 3223 1354 Spiritu,
3262 1303 3406 1341 nunc
3456 1298 3511 1343 et
3558 1305 3797 1360 semper,
3835 1295 3886 1346 in

2310 1382 2635 1441 omnemque
2663 1377 3101 1445 perpetuitatem.
3136 1379 3328 1433 Amen.

2904 1484 3135 1541 SERMO
3176 1487 3288 1544 LX.

2312 1570 2501 1653 Tertitc
2568 1573 2951 1653 HebdomadisJ
3000 1591 3212 1653 quarta.
3280 1582 3357 1636 De
3426 1588 3691 1653 repentino
3763 1592 3886 1647 hinc

2379 1646 2645 1725 abscessu;-
2676 1658 2724 1699 et
2755 1665 2786 1699 a
2830 1649 2979 1725 [tedis
3010 1646 3283 1707 desideriis
3312 1646 3559 1709 accurate
3598 1646 3883 1725 prohibch

2378 1717 2460 1768 dis
2488 1717 2723 1769 sensibus
2763 1720 3064 1791 animoque.

624 1809 916 1871 serenitas,
952 1809 1252 1873 humilitas,
1287 1808 1619 1871 obedientia,
1670 1819 1915 1864 mutuum
1948 1813 2207 1879 studium,
2244 1810 2285 1866 Β
2382 1807 2599 1862 Fratres
2676 1808 3011 1882 Patresque,
3064 1815 3208 1871 haud
3261 1819 3632 1888 debebamus,
3691 1839 3884 1881 sancto

622 1910 677 1956 et
732 1915 854 1969 qua:
924 1899 1026 1953 alia
1077 1914 1271 1968 genera
1337 1908 1463 1954 sunt
1520 1902 1768 1967 virtutis;
1844 1913 1901 1957 at
1950 1901 2200 1973 icjunan-

621 1991 767 2046 tibus
787 1990 1037 2045 diabolus
1082 1991 1360 2045 contraria
1388 1992 1586 2061 satagit
1624 1991 1939 2056 obtrudere,
1971 2009 2035 2049 ac
2062 2011 2199 2063 prae-

621 2079 879 2143 ﬁdentes,
924 2079 1243 2143 iracundos,
1298 2079 1700 2147 stomachosos,
1764 2082 2009 2151 turgidos
2061 2101 2197 2153 prae-

619 2180 788 2238 stare,
846 2186 957 2243 quo
1002 2171 1369 2228 emolumento
1448 2172 1705 2227 damnum
1760 2172 1949 2230 afferat
1995 2178 2193 2247 majus.

618 2245 789 2319 Nobis
814 2264 1032 2334 quidem
1079 2265 1385 2319 faciendum
1420 2278 1528 2319 non
1580 2275 1663 2321 est
1693 2276 1752 2319 ιιι
1812 2267 2010 2335 impuri
2060 2245 2195 2325 con-

616 2346 738 2411 silia
766 2355 983 2411 nescire
1011 2354 1315 2417 videamur,
1372 2355 1711 2425 placideque,
1766 2358 1981 2423 leniter,
2037 2375 2194 2413 man-

617 2453 773 2502 suete
829 2461 895 2501 ac
920 2445 1220 2515 composite
1274 2445 1610 2513 obeundum,
1658 2447 1916 2503 benevole
1966 2450 2194 2505 invicem

618 2535 991 2606 ferendis,qui
1016 2536 1069 2591 id
1101 2536 1210 2591 Deo
1232 2545 1518 2607 acceptum
1548 2553 1656 2592 non
1711 2539 2025 2608 ignoremus
2052 2557 2066 2605 ;
2111 2551 2196 2596 et-

605 2630 785 2695 enim,
806 2644 905 2684 nec
929 2629 974 2684 si
1000 2629 1200 2683 collum
1227 2637 1286 2683 ut
1326 2630 1669 2684 manubrium
1698 2632 1983 2699 repandes,
2001 2641 2055 2687 et
2076 2647 2195 2689 sac-

616 2736 742 2776 cum
780 2721 1074 2787 insternas,
1111 2721 1479 2789 cineremque,
1511 2720 1631 2776 sine
1666 2721 1749 2776 his
1774 2725 1820 2777 ei
1852 2724 2188 2794 perplaceas.

619 2812 764 2869 Sane
792 2828 916 2870 cum
961 2812 1169 2884 jejunio
1215 2812 1553 2881 reprimitur,
1610 2813 1919 2882 arescitque
1972 2830 2189 2883 corpus,

618 2918 731 2961 tum
766 2906 979 2959 animus
1005 2905 1282 2965 dilatatur,
1334 2919 1399 2958 ac
1448 2901 1700 2957 retieret:
1756 2919 1881 2957 nam
1934 2915 2190 2974 quantum

616 3001 664 3054 is
691 3000 783 3069 qui
832 3000 965 3068 foris
1005 3006 1084 3052 est
1123 3005 1300 3051 noster
1337 2996 1494 3049 homo
1537 2996 1915 3065 corrumpitur,
1964 2997 2041 3052 ait
2080 2998 2189 3063 ille,

618 3077 825 3144 tantum
860 3091 904 3144 is
934 3091 1025 3160 qui
1056 3091 1197 3143 intus
1223 3097 1311 3143 est
1332 3095 1612 3142 renovatur
1653 3088 1717 3141 de
1737 3087 1823 3141 die
1858 3088 1915 3141 in
1943 3089 2082 3142 diem
2106 3090 2184 3154 ἐς

616 3156 987 3251 rursumque:
1021 3179 1088 3234 Id
1110 3178 1248 3251 quod
1282 3179 1342 3233 in
1366 3179 1611 3248 prtesenti
1639 3187 1713 3231 est
1741 3188 2181 3243 momentaneum,
2217 3156 2258 3213 (ἶ

612 3284 664 3329 et
705 3274 811 3329 leve
845 3273 1211 3327 tribulationis
1244 3282 1462 3335 nostrce,
1495 3287 1661 3341 supra
1689 3271 1902 3324 modum
1938 3273 1991 3324 in
2021 3272 2187 3324 subli-

611 3367 801 3421 mitate
828 3374 1039 3422 (eterna:
1076 3365 1264 3435 gloriw
1308 3364 1515 3432 pondus
1560 3372 1809 3431 operatur
1846 3365 1900 3415 in
1943 3363 2093 3417 nobis
2118 3364 2185 3416 ⁸⁸.

614 3442 803 3531 Itaque
834 3459 1113 3529 praemium
1146 3465 1457 3527 spectantes
1494 3455 1784 3526 aequanimi
1838 3456 2057 3510 virtutis
2106 3457 2187 3510 la-

616 3554 776 3607 bores
798 3552 1100 3619 patiamur:
1139 3548 1270 3613 Deo,
1296 3555 1347 3601 et
1375 3544 1533 3600 Patri
1574 3546 1778 3616 gratias
1830 3556 2065 3615 agentes,
2097 3548 2216 3615 qui-

612 3647 799 3714 dignos
830 3659 923 3697 nos
950 3643 1071 3712 fecit
1095 3642 1145 3695 in
1164 3649 1366 3709 partem
1390 3638 1551 3693 sortis
1579 3638 2183 3703 sanctoruminlumine,

613 3737 700 3806 qui
734 3736 929 3803 eripuit
959 3751 1052 3788 nos
1107 3735 1170 3786 de
1222 3741 1481 3801 potestate
1536 3730 1890 3794 tenebrarum,
1925 3740 1975 3783 et
2014 3742 2183 3784 trans-

614 3828 734 3882 tulit
768 3830 823 3882 in
878 3843 1095 3897 regnum
1126 3826 1229 3893 ﬁlii
1268 3824 1573 3877 dilectionis
1606 3840 1713 3876 sua:
1735 3824 1800 3876 ⁸⁷.
1836 3821 2053 3879 Scilicet
2078 3840 2185 3878 non

611 3919 730 3989 ejus
750 3919 869 3974 sine
913 3917 1128 3971 macula
1159 3929 1387 3985 corpus,
1424 3926 1589 3984 atque
1633 3915 1951 3983 sanguinem
1989 3915 2042 3969 in
2068 3916 2187 3971 dies

612 4008 1127 4079 percipimus;quo
1178 4005 1309 4076 quid
1363 4005 1624 4062 suavius?
1671 4006 1801 4075 quid
1856 4006 2187 4062 delicatius?

612 4098 877 4169 siquidem
910 4097 1252 4153 vescentibus
1278 4111 1403 4151 cum
1436 4112 1570 4164 pura
1604 4098 1939 4152 conscientia
1988 4114 2186 4168 pereu-

612 4193 699 4247 nis
724 4178 835 4246 vita
870 4191 1156 4261 qumritur.
1190 4188 1305 4243 Non
1343 4189 1584 4257 quotidie
1611 4204 1735 4243 cum
1777 4189 2000 4252 Davide,
2035 4192 2185 4246 aliis-

586 4300 719 4355 .qne
758 4285 962 4341 sanctis
983 4283 1237 4339 Patribus
1275 4281 1709 4347 consuescimus,
1742 4282 2039 4338 tractandis
2070 4299 2184 4337 mo-

609 4376 928 4439 numentis;
964 4390 1086 4443 qna:
1122 4374 1221 4428 hac
1243 4374 1425 4428 animo
1455 4373 1625 4442 major
1660 4373 2004 4428 consolatio?
2064 4373 2180 4429 Non

2304 1908 2569 1969 praesente
2630 1899 2790 1957 Patre
2852 1920 2917 1959 ac
2971 1910 3256 1980 magistro,
3312 1913 3473 1967 verba
3528 1913 3725 1980 facere,
3786 1920 3882 1973 sed

2301 2004 2480 2049 tamen
2513 2010 2610 2064 pro
2638 2001 3035 2055 consuetudine
3062 2004 3283 2072 paulum
3316 2006 3571 2074 quiddam
3599 2009 3878 2066 dicamus.

2304 2084 2444 2154 Ergo
2483 2096 2615 2142 tetas
2648 2100 2860 2152 nostra.
2912 2092 2991 2147 uti
3026 2096 3270 2158 cernitis,
3306 2109 3437 2166 quot
3468 2100 3660 2154 diebus
3693 2105 3883 2172 carpi-

2304 2186 2409 2242 tur,
2466 2178 2531 2233 ad
2593 2189 2939 2254 mortemque
2991 2188 3469 2257 propinquamus,
3529 2202 3695 2261 atque
3751 2196 3883 2252 hinc

2299 2270 2589 2325 abscedere
2641 2288 2866 2331 necesse
2918 2286 3031 2342 est,
3093 2287 3149 2333 et
3206 2281 3271 2334 ad
3326 2282 3540 2338 Fratres
3577 2284 3882 2358 Patresqne

2294 2360 2470 2432 jungi,
2508 2372 2566 2417 ut
2597 2365 2722 2433 vigil
2752 2382 2888 2438 opus
2912 2371 2983 2424 sit
3015 2375 3265 2433 attentio.
3290 2389 3353 2430 ac
3383 2391 3538 2431 mens
3574 2377 3875 2435 instructa.

2299 2452 2443 2508 Sane
2491 2455 2777 2513 historiam
2816 2461 2918 2532 legi
2953 2464 3065 2531 (l3)
3111 2466 3422 2522 audivimus
3454 2469 3649 2524 diluvii
3710 2484 3880 2543 atque

2298 2544 2438 2602 hanc
2486 2546 2819 2606 Dominicam
2855 2554 2906 2608 in
2949 2554 3257 2628 Evangeliis
3291 2565 3642 2625 sententiam,
3672 2567 3879 2629 Quem-

2297 2638 2581 2693 admodum
2647 2645 2702 2697 in
2731 2646 2912 2700 diebus
2969 2652 3081 2704 Noe
3155 2653 3531 2722 epulabantur,
3596 2659 3877 2725 potabant,

2295 2729 2636 2785 matrimonia
2700 2738 3101 2807 contrahebant,
3152 2744 3413 2811 emebant,
3463 2748 3795 2813 vendebant,
3826 2763 3877 2806 et

2294 2828 2499 2887 repente
2528 2822 2689 2877 irruit
2721 2826 2981 2883 diluvium
3005 2872 3019 2897 ,
3062 2834 3139 2886 sic
3164 2836 3264 2887 erit
3290 2845 3339 2889 et
3372 2837 3427 2890 in
3469 2836 3700 2892 adventu
3736 2839 3877 2894 Filii

2294 2912 2518 2968 hominis
2537 2919 2652 2953 ’Μ’
2681 2916 2757 2973 Ac
2810 2920 2920 2974 fors
2976 2923 3241 2979 miramur
3272 2936 3331 2981 ut
3359 2937 3476 2982 tum
3510 2930 3743 2998 agebant
3784 2949 3877 2987 se-

2294 3006 2431 3071 curi,
2464 3022 2564 3062 nec
2591 3010 2806 3078 trepidi,
2857 3021 3023 3082 atque
3058 3015 3252 3083 timidi,
3283 3018 3452 3087 igitur
3483 3021 3769 3078 videamus
3802 3041 3873 3078 ne

2294 3097 2436 3162 quod
2497 3099 2844 3167 incessimus.
2910 3107 3101 3160 eodem
3154 3110 3310 3165 inscii
3384 3122 3669 3168 teneamur
3739 3117 3872 3185 ipsi.

2295 3187 2588 3245 Enimvero
2633 3193 2773 3248 haud
2834 3196 2950 3265 jam
3006 3210 3229 3269 paratur
3278 3218 3425 3269 arca,
3493 3222 3615 3276 qua:
3648 3218 3874 3265 centum

2293 3281 2577 3350 erpleatur
2596 3286 2776 3352 annis,
2828 3288 2959 3357 quin
3014 3292 3219 3348 referta
3251 3294 3305 3348 in
3339 3296 3456 3351 dies
3480 3308 3781 3366 spectatur,
3817 3302 3874 3358 in

2292 3387 2459 3441 quam
2489 3377 2835 3433 subeundum
2877 3390 2977 3447 est,
3025 3385 3136 3453 jam
3186 3388 3426 3455 quotidie
3458 3407 3609 3447 mors
3666 3396 3876 3463 obitur,

2293 3478 2626 3537 unoquoque
2655 3471 2887 3527 abeunte
2906 3472 3159 3543 fratrum,
3186 3486 3482 3549 nostraque
3508 3484 3622 3537 haec
3652 3484 3873 3541 illorum

2288 3561 2371 3607 est
2422 3558 2662 3611 atrocior
2719 3559 2961 3629 fortuna,
2996 3572 3057 3621 ut
3091 3582 3303 3624 summa
3342 3573 3652 3630 adhibenda
3692 3580 3876 3634 cautio

2289 3646 2381 3701 sit.
2416 3646 2523 3702 Nec
2556 3651 2644 3719 pol
2674 3662 2793 3707 veto
2820 3656 2951 3724 quin
2984 3658 3232 3727 edamus,
3265 3662 3537 3732 bibamus,
3567 3671 3872 3725 vestimen-

2291 3738 2359 3792 tis
2410 3740 2705 3797 induamur
2760 3746 2892 3815 (non
2949 3749 3002 3804 id
3063 3753 3315 3821 equidem
3378 3758 3598 3827 sentio),
3637 3762 3732 3815 sed
3772 3778 3870 3818 seu

2287 3829 2533 3899 edamus,
2587 3850 2679 3889 seu
2734 3837 3006 3903 bibamus,
3051 3857 3146 3897 seu
3195 3846 3324 3915 quid
3375 3863 3623 3915 agamus,
3664 3865 3870 3911 cuncta

2290 3932 2349 3975 ut
2389 3925 2440 3978 in
2502 3926 2591 3981 Dei
2634 3929 2863 3998 gloriam
2916 3936 3224 4002 agamus“.
3276 3953 3381 3993 neu
3433 3956 3595 4010 quam
3628 3942 3868 4014 Iudaeis,

2289 4014 2577 4083 Grmcisve,
2607 4029 2701 4073 aut
2728 4019 2820 4075 Dei
2846 4021 3101 4080 Ecclesiae
3130 4027 3484 4086 ollensionem
3514 4044 3865 4105 praestemus,

2288 4109 2431 4176 quod
2460 4110 2751 4178 Apostolus
2792 4114 2968 4183 jubet,
3016 4131 3148 4173 sane
3201 4120 3481 4187 cohortor,
3542 4139 3679 4179 sane
3709 4128 3870 4182 obsc-

2285 4211 2399 4263 cro,
2431 4199 2674 4258 fratres:
2730 4204 2949 4273 Implete
2996 4209 3249 4278 gaudium
3292 4228 3482 4277 meum,
3535 4217 3867 4285 utejusdem

2292 4297 2416 4342 utar
2445 4291 2648 4358 verbis,
2696 4312 2798 4365 quo
2829 4296 2966 4350 idem
2999 4300 3247 4367 sapiatis,
3282 4304 3517 4357 eamdem
3546 4305 3864 4363 charitatem

2284 4377 2551 4447 habentes,
2583 4387 2882 4447 unanimes,
2918 4389 3057 4443 idem
3102 4395 3400 4459 sentientes,
3443 4398 3578 4450 nihil
3618 4415 3714 4467 per
3741 4418 3864 4455 con-

610 4466 926 4520 humanitus
981 4463 1247 4530 afﬁnium,
1302 4466 1599 4533 mundique
1652 4465 1912 4530 studium,
1958 4466 2179 4535 abrupi-
2215 4513 2257 4567 Β
2289 4471 2566 4525 tentionem
2588 4491 2679 4528 nec
2710 4492 2801 4543 per
2828 4479 3035 4533 inanem
3060 4481 3305 4550 gloriam,
3329 4485 3419 4537 sed
3448 4487 3502 4538 in
3530 4463 3860 4556 humilitate,

608 4572 771 4625 mus;
813 4556 944 4627 quid
1005 4557 1108 4611 hoc
1159 4556 1373 4610 beatius
1427 4570 1683 4624 quoque,
1736 4571 1801 4610 ac
1851 4557 2180 4612 sublimius?

610 4650 819 4705 Nostra
851 4648 1178 4704 conversatio
1205 4647 1261 4700 in
1283 4647 1425 4702 cretis
1452 4656 1567 4701 est:
1608 4650 1743 4700 unde
1788 4648 1954 4700 etiam
1989 4646 2177 4701 Salva-

610 4754 775 4797 torem
798 4750 1163 4809 exspectamus
1200 4738 1482 4793 Dominum
1529 4749 1774 4793 nostrum
1808 4738 1990 4792 Jesum
2019 4739 2177 4791 Chri-

607 4845 769 4897 stum,
825 4833 918 4905 qui
977 4832 1286 4901 reformabit
1333 4847 1522 4899 corpus
1567 4830 1914 4883 humanitatis
1957 4841 2172 4893 nostris,

607 4928 998 4997 conﬁguratum
1046 4926 1252 4994 corpori
1284 4924 1550 4977 claritatis
1586 4939 1696 4977 sua:
1721 4923 2004 4976 secundum
2052 4939 2176 4990 ope-

604 5021 865 5074 rationem
900 5034 1019 5088 qua:
1053 5019 1216 5071 etiam
1258 5018 1422 5084 possit
1462 5015 1719 5084 subjicere
1756 5016 1857 5069 sibi
1902 5015 2082 5067 omnia
2106 5015 2172 5068 ⁵⁸.

603 5109 970 5177 Quamobrem
1005 5110 1363 5178 gaudeamus,
1398 5106 1617 5172 fratres,
1658 5114 1713 5160 et
1743 5120 1989 5171 ovemns,
2025 5105 2173 5158 omni

604 5201 915 5269 despuenda
960 5198 1257 5265 voluptate.
1339 5196 1525 5251 Omnis
1598 5214 1723 5250 caro
1781 5206 1839 5249 ut
1876 5195 2079 5265 fenum,
2125 5204 2173 5249 et

602 5294 773 5347 omnis
801 5293 971 5364 gloria
999 5292 1226 5345 hominis
1250 5301 1503 5361 tanquam
1534 5291 1631 5358 ﬂos
1658 5291 1785 5360 feni.
1816 5290 2047 5343 Exortus
2091 5300 2169 5342 est

603 5384 828 5440 solcum
862 5386 1078 5449 ardore,
1116 5396 1161 5437 et
1214 5382 1436 5440 arefecit
1474 5381 1676 5451 fenum,
1715 5392 1765 5436 et
1803 5381 1903 5449 ﬂos
1952 5381 2063 5449 ejus
2084 5380 2175 5433 de-

2283 4564 2577 4629 superiores
2618 4566 2721 4620 sibi
2754 4570 2972 4623 invicem
3006 4572 3411 4628 arbitrantes”.
3448 4574 3503 4630 In
3554 4581 3863 4653 primisque

2276 4665 2472 4707 sensus
2499 4667 2837 4723 coercentor,
2874 4660 3302 4729 visus,auditus,
3334 4664 3617 4733 odoratus,
3654 4683 3860 4736 tactus,

2276 4754 2544 4810 gustatus,
2594 4763 2689 4815 per
2737 4765 2858 4818 quae
2892 4765 3043 4805 mors
3085 4753 3394 4825 irrumpat;
3424 4760 3642 4816 animus
3681 4764 3851 4819 refre-

2275 4845 2452 4904 nator,
2497 4856 2565 4894 ne
2624 4844 2691 4895 ad
2738 4842 2949 4897 nefaria
3004 4843 3233 4911 feratur,
3288 4865 3389 4903 neu
3423 4850 3585 4908 fmdis
3627 4858 3859 4925 nequid-

2275 4944 2438 4997 quam
2495 4932 2841 4999 inhaerescat,
2904 4952 3005 4991 neu
3068 4938 3365 4995 simulacra
3418 4943 3857 5013 llngatvitiosa,

2276 5035 2381 5075 neu
2441 5024 2705 5078 scelerata
2766 5025 3035 5081 desideria
3093 5030 3385 5099 concipiat,
3437 5034 3582 5088 unde
3643 5040 3858 5093 emolu-

2275 5120 2542 5177 mentum,
2607 5130 2670 5169 ac
2708 5117 2959 5186 voluptas
3001 5119 3230 5176 minime
3274 5136 3542 5193 captatur,
3576 5129 3711 5197 quin
3742 5131 3859 5199 (l4)

2275 5203 2432 5260 dolor
2468 5218 2679 5275 contra,
2726 5219 2782 5265 et
2816 5212 3144 5281 calamitas,
3200 5225 3260 5271 ut
3315 5234 3477 5274 usum
3535 5234 3859 5291 praestemus

2276 5290 2509 5345 nullum.
2561 5294 2732 5364 Igitur
2761 5313 2868 5352 una
2914 5310 3000 5355 est
3042 5301 3099 5356 in
3125 5318 3233 5373 qua
3278 5290 3698 5376 acquiescamus
3758 5328 3859 5367 vo-

2273 5380 2451 5451 luptas
2544 5388 2760 5442 animus
2849 5406 3057 5457 purus,
3129 5409 3195 5450 ac
3263 5398 3511 5454 vacuitas
3592 5410 3856 5470 spectans

674 5524 721 5556 "
746 5523 786 5577 Il
812 5524 939 5577 Cor.
980 5537 1050 5581 tv,
1077 5519 1173 5603 16.
1499 5518 1583 5572 i7.
1660 5512 2187 5603 "(gulosszlunﬂa

2301 5518 2758 5603 Philippﬁatttﬂo,
2793 5527 2924 5603 21.Δ
2959 5529 3019 5603 "_
3039 5528 3144 5586 lsa.
3189 5544 3279 5595 ιιι,
3337 5528 3392 5596 6,
3455 5513 3508 5586 7.
3588 5535 3633 5568 ιο
3659 5534 3777 5594 Jac.
3807 5554 3859 5603 ν,

603 5596 691 5651 15.
768 5596 809 5626 ⁶¹
834 5593 950 5657 Jac,
986 5608 1020 5656 ι,
1051 5592 1136 5645 12.
1201 5589 1514 5644 "'"Matth.
1547 5604 1698 5652 xxxv,
1726 5586 1816 5641 Ξῖ.
1878 5585 1923 5617 ⁸⁸
1946 5584 1989 5638 ll
2017 5584 2145 5645 Cor.
2178 5602 2231 5654 v,
2263 5589 2353 5647 5t.

675 5706 785 5781 (.l_5)
828 5703 980 5781 Vat.__
1014 5718 1216 5774 sequor
1263 5702 1317 5757 in
1374 5715 1484 5772 quo
1536 5708 1652 5781 est,
1699 5698 2027 5781 ,ἀκούομενᾶ
2064 5713 2176 5781 non

590 5769 909 5899 exsoaggv.
948 5769 1207 5839 Sensum,
1273 5769 1603 5829 non'verba
1665 5771 1796 5824 citat
1856 5785 1918 5823 ex
1981 5769 2171 5825 Matth.

604 5862 746 5899 ιιι-ιν.
862 5886 875 5899 .

644 5862 746 5908 νιν,
790 5862 875 5901 οι.

2428 5594 2472 5625 ⁸⁸
2495 5593 2730 5667 Philipp.
2773 5613 2831 5662 ιι,
2894 5597 2948 5663 2,
2988 5599 3040 5654 5.

2357 5703 2471 5784 (id)
2511 5702 2568 5757 In
2611 5702 2731 5758 Vat.
2784 5701 3120 5776 ὀδυνώμεθα,
3184 5706 3304 5779 lego
3353 5722 3451 5779 pro
3503 5709 3856 5784 ὸφυνόμεθα,

2283 5773 2430 5844 quod
2473 5790 2580 5830 non
2628 5788 2915 5844 assequor.
