4000 6306
162 400 262 465 589

1317 391 1619 452 SERMON
1627 391 1715 450 ES
1739 386 2229 449 CATECHETICI
2242 432 2255 445 .

3298 365 3401 433 590

164 507 443 568 libidines.
466 503 644 572 Quam
677 504 746 557 ad
792 502 1123 573 voluptatem
1171 500 1405 566 evocati,
1458 511 1511 553 et
1535 498 1681 569 quod
1710 512 1740 551 e
1767 502 1812 556 Α
1839 503 2003 565 atque
2033 503 2094 551 ut
2147 490 2314 549 semel
2365 490 2565 556 dicam,
2618 488 2845 544 honeste
2882 484 3088 549 omnia,
3117 485 3401 539 decenter-

165 602 456 657 libidinum
496 598 772 654 vacuitate
821 596 1076 666 gaudium
1122 603 1401 659 nascatur,
1432 607 1499 646 ne
1524 591 1737 661 ignavia

165 706 519 766 torpeamus,
585 692 721 762 quin
774 704 1164 761 properemus,
1219 698 1383 756 atque
1443 699 1736 755 urgeamus

166 790 307 844 serio
355 786 634 841 defectum
686 797 902 837 omnem
944 781 1124 835 studio
1175 781 1516 841 instaurare,
1568 775 1737 830 Deum

166 879 401 935 habituri
438 878 736 948 propitium
766 893 780 929 :
813 889 936 929 nam
971 888 1135 942 prope
1162 881 1253 926 est
1281 887 1341 925 se
1368 867 1738 939 exspectanti-

166 970 273 1025 bus
324 969 491 1024 Dens.
534 968 723 1036 anue
748 966 891 1019 obita
935 966 1066 1025 vita,
1099 963 1319 1017 cmleste
1350 976 1572 1029 regnum
1603 974 1738 1015 con-

166 1076 467 1131 sequemur
495 1074 590 1128 per
617 1054 893 1111 Christum
911 1052 1096 1109 Jesum
1130 1052 1417 1106 Dominum
1447 1060 1694 1104 nostrum
1720 1065 1732 1101 :

167 1151 258 1207 cui
297 1150 472 1221 gloria
498 1158 553 1203 et
584 1148 871 1217 imperium
902 1160 1026 1200 cum
1059 1143 1218 1197 Patre
1244 1185 1259 1208 ,
1306 1158 1369 1197 ac
1401 1150 1585 1196 sancto
1619 1140 1740 1208 Spi-

166 1242 300 1305 ritu,
335 1256 484 1295 nunc
527 1250 580 1295 et
619 1252 873 1308 semper,
929 1237 984 1290 in
1019 1250 1348 1304 omnemque
1404 1232 1736 1302 perpetuitao

166 1346 298 1391 tem.
334 1333 529 1388 Amen.

752 1440 983 1498 SERMO
1021 1441 1154 1495 LXI.

170 1538 365 1592 Tertia:
427 1534 772 1589 hebdomadis
823 1534 1230 1602 prmparatoria.
1293 1529 1738 1602 Committendum

239 1625 343 1661 non
368 1624 481 1661 esse
518 1617 573 1659 ut
623 1598 871 1672 periculis
910 1598 1003 1656 nos
1050 1603 1388 1671 objectemus,
1416 1616 1476 1655 ac
1509 1600 1572 1652 de
1593 1598 1738 1667 jeju-

238 1695 347 1732 κιο.

239 1766 460 1821 Fratres
516 1764 833 1832 Patresque,
870 1761 985 1815 heri
1038 1768 1362 1829 tempestas.
1403 1757 1563 1813 hodie
1593 1765 1743 1813 tran-

169 1859 437 1928 quillitas,
474 1856 589 1910 heri
630 1853 922 1914 tumultus,
961 1851 1121 1906 hodie
1150 1852 1328 1921 quies.
1361 1848 1505 1904 Sane
1534 1848 1737 1903 haben-
1766 1857 1810 1912 Β

170 1950 253 2003 ὼε
299 1946 408 2001 Deo
449 1944 661 2015 gratim,
712 1943 805 2013 qui
835 1950 888 1996 et
917 1942 1116 2011 depulit
1172 1940 1508 2010 periculum,
1560 1948 1614 1994 et
1643 1955 1739 1994 vos

169 2038 560 2102 constabilivit,
611 2036 708 2107 qui
768 2033 983 2090 infracti
1024 2034 1325 2089 maneretis
1380 2034 1431 2087 in
1460 2041 1741 2102 exspecta-

167 2134 322 2188 tione
364 2130 663 2191 minarum,
697 2128 801 2181 hoc
842 2141 1095 2181 verorum
1139 2124 1602 2190 Christianorum,
1637 2124 1753 2179 hoc

172 2236 563 2294 germanorum
590 2218 982 2274 monachorum
1016 2224 1120 2279 est,
1152 2222 1415 2285 perpetuo
1441 2214 1742 2268 instructos

171 2330 296 2373 esse
346 2314 414 2369 ad
459 2311 759 2368 discrimen
798 2323 896 2379 pro
942 2308 1157 2373 virtute,
1208 2305 1343 2360 nihil
1383 2304 1567 2359 divino
1602 2304 1743 2358 anti-

173 2408 340 2480 quius
370 2413 641 2476 prrecepto
679 2401 978 2471 quidquam
1027 2398 1246 2454 ducere.
1280 2396 1451 2467 Igitur
1494 2395 1737 2467 aggressi

174 2515 240 2556 ac
272 2498 443 2555 locuti
496 2511 619 2567 quae
686 2493 855 2548 locuti
889 2500 1018 2548 sunt
1052 2493 1259 2553 hostes,
1295 2504 1598 2555 recessere,
1636 2503 1744 2543 non

176 2594 286 2646 tam
336 2589 497 2645 vobis
542 2584 930 2647 consternatis,
957 2598 1122 2653 quam
1175 2582 1276 2652 ipsi
1304 2581 1544 2635 reveriti.
1574 2580 1745 2634 Vobis

173 2683 401 2754 quidem
453 2677 741 2749 praemium
792 2675 932 2731 Deus
976 2673 1179 2727 tribuat
1227 2672 1587 2736 luculentum,
1652 2671 1746 2741 qui

176 2773 298 2847 ejus
348 2787 515 2830 causa
545 2768 734 2826 vexari
774 2769 1013 2823 animum
1064 2764 1387 2831 induxistis;
1439 2765 1660 2829 etenim,
1691 2772 1750 2819 ut

175 2876 260 2924 est
286 2863 682 2921 misericordiae
716 2861 933 2930 largus,
968 2858 1227 2912 virtutem
1253 2865 1627 2927 capeseentem
1665 2856 1751 2910 vel

175 2958 248 3013 ob
276 2956 620 3028 propositum
663 2959 1006 3005 muneratur.
1055 2947 1379 3018 Quanquam
1425 2963 1525 3002 nec
1552 2946 1748 3017 depul-

178 3064 302 3105 sum
346 3057 431 3104 est
482 3042 816 3116 periculum,
863 3040 993 3111 quin
1040 3041 1208 3094 haeret
1237 3040 1401 3094 etiam
1452 3039 1747 3108 etiamque,

178 3140 417 3197 maxime
454 3136 602 3206 quod
635 3133 811 3188 edicta
853 3132 1054 3202 passim
1086 3146 1114 3186 a
1149 3131 1486 3202 principibus
1516 3132 1751 3185 eduntur

1840 604 1946 659 que
2000 600 2277 658 geramus,
2315 583 2771 655 quemadmodum
2827 579 3101 650 jubemur,
3145 577 3283 631 citra
3314 586 3403 629 tu-

1837 678 2090 738 multum,
2125 692 2189 731 ac
2213 676 2500 730 verborum
2534 670 2880 727 insolentiam
2911 672 3021 725 siti.
3054 667 3172 723 Jam
3203 682 3404 736 congc-

1840 766 2167 823 niculationi
2214 766 2408 819 modus
2450 763 2752 825 adhibetor,
2799 768 2852 815 et
2880 760 3143 815 solemnis
3189 756 3405 813 versifi-

1838 863 1980 917 catio
2010 876 2105 931 pro
2147 860 2417 930 cujusque
2469 858 2681 913 viribus
2718 856 2921 920 obitor,
2962 853 3207 919 corporis
3238 852 3405 907 simul

1838 953 2072 1009 sanitate
2117 953 2335 1007 tuenda.
2376 954 2453 1006 Ac
2501 951 2648 1021 pacis
2682 945 2827 1005 Deus
2852 947 2920 1002 ad
2950 947 3163 1002 dierum
3196 946 3405 1017 princi-

1838 1062 1959 1116 pem
1987 1085 2001 1107 .
2056 1045 2254 1101 Christi
2310 1045 2763 1100 resurrectionem
2791 1082 2804 1108 ,
2836 1080 2858 1102 ο
2886 1042 3180 1112 perductos
3236 1054 3405 1109 regno

1838 1149 2031 1205 augeat
2088 1139 2316 1203 caelesti,
2378 1139 2468 1192 ubi
2522 1154 2628 1191 non
2696 1147 2782 1191 est
2827 1153 2943 1191 esca
3004 1144 3052 1189 et
3089 1145 3261 1203 potus,
3313 1133 3404 1185 sed

1830 1230 2067 1298 justitia,
2106 1241 2154 1283 et
2196 1246 2324 1298 pax,
2354 1240 2402 1282 et
2436 1231 2709 1299 gaudium,
2737 1229 2816 1283 uti
2857 1228 3119 1298 scriptum
3167 1234 3284 1288 est,
3347 1224 3403 1277 in

1839 1318 2041 1389 Spiritu
2072 1322 2330 1385 sancto",
2358 1338 2468 1391 quo
2496 1323 2638 1390 large
2660 1321 2970 1374 imbnamnr
3002 1334 3095 1387 per
3123 1316 3402 1372 Christum

1835 1411 2020 1466 Jcsum
2068 1412 2357 1467 Dominum
2392 1425 2677 1468 nostrum:
2712 1414 2798 1468 cui
2832 1414 3003 1483 gloria
3030 1421 3083 1467 et
3118 1410 3405 1480 imperium

1837 1516 1959 1556 cum
2002 1500 2162 1557 Patre
2188 1519 2250 1556 ac
2304 1514 2495 1559 sancto
2541 1502 2767 1572 Spiritu,
2801 1518 2946 1558 nunc
2997 1513 3047 1556 et
3085 1517 3317 1570 semper,
3352 1499 3407 1553 in

1839 1608 2164 1664 omnemque
2190 1595 2627 1664 perpetuitatem.
2662 1596 2856 1649 Amen.

2411 1682 2641 1739 SERle
2680 1684 2835 1738 LXII.

1843 1779 1910 1835 In
1950 1788 2159 1834 sanctos
2198 1777 2297 1833 XL
2356 1779 2641 1902 Μανίῳ-εἷ,⁵
2680 1779 2752 1861 de
2800 1778 3092 1833 Dominicis
3134 1778 3409 1833 inritandis

2466 1865 2597 1902 sum)
2624 1867 2762 1902 rcus.

2466 1865 2762 1919 suppttcus.

1913 1939 2131 1995 Fratres
2178 1940 2503 2010 Patresque,
2544 1957 2706 2010 quam
2751 1941 2979 1997 honesta
3028 1940 3228 1997 accidit
3251 1942 3411 1996 nobis

1847 2032 1917 2087 ab
1958 2032 2063 2086 hoc
2094 2031 2426 2086 monasterio
2471 2033 2746 2099 secessio;
2778 2048 2901 2086 nam
2927 2049 3026 2087 cur
3060 2034 3284 2088 libertas
3310 2048 3410 2086 no-

1842 2132 1954 2178 stra
1991 2139 2058 2179 ex
2101 2121 2275 2178 aliena
2313 2133 2603 2181 censeatur
2638 2125 3017 2181 conscientia?
3050 2141 3147 2180 cur
3190 2136 3413 2195 praeter-

1842 2229 2005 2283 quam
2059 2214 2203 2285 quod
2265 2212 2472 2284 frugem
2534 2215 2739 2271 nullam
2798 2215 3073 2272 facimus?
3120 2215 3265 2271 serio
3313 2231 3413 2270 nos

1843 2305 2066 2376 insuper
2108 2307 2441 2373 multemus;
2480 2307 2651 2377 Igitur
2684 2318 2948 2376 quantum
2992 2309 3167 2371 licuit,
3200 2324 3263 2363 ac
3292 2323 3409 2379 per-

1844 2398 1994 2453 misit
2032 2407 2264 2469 tempus,
2296 2396 2665 2466 indulsimus;
2697 2415 2843 2455 nunc
2889 2415 3012 2455 cum
3049 2408 3292 2469 tempore
3316 2416 3414 2454 vo-

1844 2503 2002 2548 cante
2058 2490 2514 2562 oppugnationem
2573 2507 2675 2561 pro
2749 2493 2970 2548 Christo
3017 2492 3413 2551 detrectarint.

1846 2583 2305 2654 quemadmodum
2361 2592 2415 2636 et
2472 2582 2570 2637 alii
2636 2585 2905 2647 nonnulli,
2959 2584 3230 2639 audienda
3301 2583 3417 2637 haec

1845 2673 2077 2728 vaticina
2129 2671 2394 2727 sententia
2440 2680 2525 2727 est
2554 2690 2567 2725 :
2638 2671 2793 2728 Exite
2826 2678 2891 2727 de
2921 2672 3089 2727 medio
3124 2689 3331 2738 eorum,
3365 2683 3417 2727 et

1847 2767 2188 2837 separamini,
2224 2767 2356 2821 dicit
2394 2766 2645 2822 Dominus
2668 2767 2738 2821 ⁷³.
2790 2768 2883 2822 Sin
2929 2768 3020 2823 alii
3054 2768 3211 2823 aliter
3252 2769 3306 2823 in
3350 2768 3420 2823 iis

1849 2860 2074 2923 faciunt,
2116 2860 2379 2914 rationem
2429 2858 2542 2915 Deo
2582 2861 2808 2915 reddent
2834 2861 2886 2913 in
2912 2860 2999 2916 die
3032 2860 3249 2931 judicii,
3280 2861 3419 2916 mihi

1848 2952 2065 3023 quidem
2117 2966 2211 3022 per
2266 2952 2527 3021 flagitium
2589 2953 2802 3008 videtur
2870 2954 2955 3009 his
3006 2955 3297 3018 concedas,
3348 2969 3416 3008 an

1850 3044 2133 3100 hteretieos
2185 3045 2402 3100 toleres.
2452 3042 2719 3100 Caeterum
2771 3046 2963 3101 videtis
3015 3055 3075 3100 ut
3120 3047 3409 3102 discidium

1851 3136 1955 3191 hoc
1990 3151 2023 3190 a
2074 3137 2277 3191 mundo
2342 3138 2603 3205 compulit
2660 3140 2964 3193 abstractos
3020 3138 3089 3193 ad
3137 3138 3415 3201 miserias,

178 3247 251 3288 ne
300 3231 429 3302 quis
484 3226 757 3283 haeretica:
815 3224 1226 3280 consuetudinis
1294 3223 1504 3277 sinatur
1536 3236 1747 3276 exsors.
1776 3205 1819 3265 (ἶ
1851 3238 2142 3287 aerumnas,
2176 3224 2393 3291 famem,
2442 3227 2804 3293 vexationem,
2856 3241 3154 3292 carcerem,
3206 3245 3416 3284 necem.

179 3325 322 3394 Ergo
373 3321 665 3377 audiamus
703 3318 1020 3389 Apostolum
1053 3317 1360 3371 dicentem:
1398 3313 1463 3367 In
1489 3315 1751 3382 sapientia

181 3415 455 3470 ambulate
492 3412 562 3465 ad
596 3428 686 3465 eos
709 3411 801 3481 qui
828 3410 961 3479 foris
992 3416 1137 3474 sunt,
1188 3416 1384 3474 tempus
1418 3405 1752 3461 redimentes.

180 3506 366 3563 Sermo
394 3514 562 3559 vester
591 3517 796 3570 semper
845 3501 897 3554 in
924 3502 1101 3570 gratia
1134 3502 1245 3553 sale
1290 3500 1357 3552 sit
1404 3498 1665 3561 conditus,
1697 3505 1754 3549 ut

180 3598 365 3652 sciatis
388 3594 649 3667 quomodo
672 3601 907 3661 oporteat
934 3608 1020 3645 vos
1051 3591 1329 3658 unicuique
1361 3588 1667 3656 respondere
1684 3588 1751 3651 7°,

178 3706 288 3760 qua
345 3688 617 3746 sententia
699 3687 859 3739 docet
910 3698 1011 3738 nec
1071 3692 1277 3737 temere
1327 3697 1427 3736 nos
1498 3679 1753 3750 periculis

179 3783 483 3853 objectare,
536 3794 641 3834 nec
688 3792 904 3831 rursum
955 3774 1048 3829 Dei
1100 3788 1401 3829 sermonem
1452 3772 1749 3835 subticere;

182 3891 309 3930 nam
366 3872 519 3940 Quod
550 3872 599 3926 si
634 3869 956 3924 subtraxerit
1003 3883 1077 3929 se,
1139 3866 1335 3935 inquit,
1377 3881 1479 3917 non
1529 3863 1754 3931 placebit

181 3968 378 4020 animis
408 3963 617 4018 mea".
671 3960 844 4028 Atque
878 3958 993 4011 hzec
1025 3956 1287 4010 hactenus
1314 3995 1329 4017 ,
1371 3970 1515 4009 nunc
1558 3967 1752 4023 prove-

178 4069 332 4114 ctum
363 4055 639 4126 jejunium
684 4059 787 4111 est.
842 4064 905 4103 ac
936 4034 1111 4120 magis
1157 4047 1438 4118 magisque
1472 4061 1573 4101 nos
1599 4046 1755 4100 insti-

179 4158 271 4219 gat
301 4147 399 4202 niti
440 4142 700 4199 alacriter
742 4139 797 4193 in
831 4148 1129 4208 posterum,
1172 4147 1230 4191 ut
1255 4138 1451 4208 cuique
1483 4137 1750 4200 videatur,

177 4256 290 4297 non
318 4239 525 4304 tristes,
561 4240 659 4289 aut
688 4240 927 4287 coactos.
953 4230 1185 4285 Hilarem
1216 4230 1360 4284 enim
1386 4230 1750 4299 jejunatorem

178 4343 328 4390 amat
375 4331 544 4387 Deus.
591 4324 707 4380 Etsi
753 4324 1065 4378 emnobiaca
1111 4321 1294 4390 regula
1351 4330 1443 4374 aut
1488 4319 1752 4389 permittit

176 4444 243 4483 ex
270 4441 371 4481 sua
410 4434 688 4494 quemque
727 4416 948 4470 libidine
995 4414 1128 4485 regi,
1176 4429 1475 4482 normaque
1529 4414 1643 4467 hmo
1671 4418 1752 4465 est

176 4515 533 4574 continentiae
580 4508 817 4566 subditis
854 4508 1184 4569 communis,
1233 4505 1469 4575 propria:
1493 4503 1750 4558 coercitio

174 4605 500 4664 voluntatis.
530 4600 702 4671 igitur
732 4599 991 4652 eximium
1020 4606 1102 4652 est
1126 4597 1415 4665 jejunium,
1442 4596 1586 4664 quod
1624 4594 1751 4648 vitia

176 4700 384 4763 domet,
418 4696 747 4765 subigatque
775 4690 990 4758 spiritui
1022 4706 1277 4755 carnem;
1326 4688 1536 4742 eximia:
1574 4688 1748 4756 laci-y-

174 4807 300 4858 me,
345 4804 471 4860 qua:
519 4786 765 4841 animum
810 4781 1054 4845 abluant,
1118 4790 1172 4836 et
1200 4790 1571 4851 extergeanta
1600 4778 1751 4847 ﬂagi-

173 4885 287 4949 tiis,
336 4895 647 4953 purumque
686 4884 1005 4945 comparent
1049 4874 1179 4939 Deo,
1236 4874 1436 4929 eximia
1490 4886 1743 4940 compre-

175 4977 338 5042 catio,
375 4990 500 5046 qua:
535 4980 773 5028 mentem
804 4970 1058 5040 aligeram
1094 4975 1332 5038 praestet,
1361 4982 1425 5021 ac
1452 4966 1749 5021 contuber-

176 5073 354 5125 nalem
400 5068 513 5121 Deo
564 5064 761 5119 reddat
790 5063 1024 5117 eximius
1062 5076 1238 5126 amor,
1279 5058 1371 5129 qui
1409 5074 1507 5112 sua
1542 5058 1746 5127 passim

175 5159 242 5212 ad
271 5156 507 5229 proximi
538 5154 755 5223 frugem
787 5152 1059 5220 negligat;
1086 5150 1284 5205 eximia
1320 5148 1601 5212 alacritas,
1632 5164 1751 5217 qua:

176 5249 392 5304 labores
445 5247 639 5309 leniat,
694 5242 963 5311 quasique
996 5242 1218 5310 juventa
1251 5241 1491 5295 animum
1523 5238 1748 5303 imbuat,

176 5356 355 5395 senem
417 5338 611 5394 molita
667 5334 944 5403 juvenem.
1004 5331 1369 5397 Quamobrem
1444 5328 1572 5393 lacti,
1631 5328 1748 5381 ala-

174 5449 400 5503 cresque
431 5432 636 5491 simus,
681 5434 898 5494 tempus
925 5431 1007 5479 est
1037 5423 1389 5493 psalmodire;
1423 5422 1748 5492 prodeamus

174 5525 430 5590 studiose,
462 5518 673 5592 opificii
701 5533 715 5582 ;
749 5530 1037 5585 operemur
1060 5514 1267 5578 sedulo,
1304 5513 1539 5578 silentii;
1590 5512 1749 5565 silea-

174 5632 289 5672 mus
324 5617 579 5680 honeste,
613 5606 889 5678 alloquii?
941 5606 1281 5675 alloquamur
1326 5604 1747 5673 circumspecte,

252 5762 295 5793 "
324 5759 544 5816 Coloss.
597 5767 677 5813 IV.
723 5750 777 5816 5,
809 5749 861 5804 6.
970 5748 1010 5778 '”
1061 5745 1219 5803 Hebr.
1248 5763 1299 5812 χ,
1342 5745 1431 5801 38.

1509 5744 1551 5775 ⁷³
1584 5744 1741 5800 Rom.
1775 5764 1884 5813 xw,
1926 5750 2005 5804 l7.

1856 3317 2173 3389 Quanquam
2236 3333 2493 3387 superare
2545 3318 2598 3371 in
2657 3319 2740 3373 his
2796 3319 3052 3374 omnibus
3105 3334 3204 3388 pro
3236 3321 3419 3374 studio

1855 3410 2135 3475 debemus,
2167 3423 2277 3479 quo
2306 3424 2404 3464 nos
2450 3418 2814 3479 prosequatur
2855 3409 3017 3477 Deus,
3054 3412 3144 3479 qui
3172 3413 3418 3466 animum

1856 3517 1915 3558 se
1946 3503 2289 3573 conspicatus
2323 3502 2617 3565 sitientem,
2650 3501 2985 3566 consolidat,
3018 3516 3127 3572 quo
3152 3502 3295 3558 ferre
3323 3519 3420 3573 pro

1856 3606 1918 3645 se
1938 3590 2198 3659 supplicia
2231 3600 2409 3661 queat.
2462 3588 2796 3646 TestimOnio
2827 3604 2958 3649 sunt
2986 3606 3111 3646 cum
3150 3593 3265 3658 alii,
3304 3603 3420 3648 tum

1856 3684 2028 3738 sancti
2062 3680 2153 3735 XL
2194 3682 2481 3754 illartyres,
2502 3698 2737 3753 quorum
2781 3684 3271 3754 imprmsentiarum
3302 3688 3421 3757 egi-

1856 3786 1978 3826 mus
2034 3773 2394 3827 memoriam:
2452 3788 2576 3827 nam
2633 3775 2882 3844 equidem
2942 3774 3093 3830 nefas
3132 3776 3314 3830 dicere
3340 3787 3424 3831 est

1856 3871 2048 3916 natura
2095 3878 2257 3931 quam
2306 3879 2407 3918 nos
2451 3864 2555 3917 alia
2592 3864 2846 3932 praeditos
2881 3865 3073 3932 fuisse,
3107 3865 3200 3921 sed
3235 3881 3422 3922 amore

1857 3955 2022 4008 Deum
2048 3969 2110 4008 ex
2142 3955 2323 4007 animo
2352 3954 2638 4024 complexi,
2680 3969 2709 4009 e
2742 3956 3050 4010 calamitate
3082 3957 3248 4011 robur
3288 3973 3425 4014 con-

1859 4057 2089 4111 traxere,
2121 4046 2213 4116 qui
2258 4046 2491 4100 invisum
2544 4046 2818 4114 corporati
2856 4046 3068 4101 hostem
3119 4048 3419 4112 vincerent,

1855 4153 1919 4192 ac
1983 4141 2088 4194 tale
2166 4147 2487 4207 tantumque
2539 4138 2783 4207 prtelium
2842 4140 3207 4207 conficerent,
3275 4140 3422 4210 quod

1854 4228 2151 4283 Christiani
2195 4244 2385 4284 omnes
2412 4229 2706 4284 celebrant.
2762 4228 3054 4285 Enimvero
3085 4230 3295 4286 felicem
3326 4236 3422 4302 qui

1854 4322 1937 4375 vel
1996 4321 2262 4375 tantillum
2323 4321 2524 4376 Christi
2577 4322 2863 4392 suppliciis
2914 4325 3303 4391 communicet,
3354 4326 3419 4379 ad

1784 4430 2042 4492 D'necem
2077 4424 2314 4486 petatur,
2344 4433 2496 4486 mque
2531 4432 2595 4471 ac
2639 4418 2838 4486 petitus
2870 4419 2959 4473 ille
3010 4430 3126 4485 est;
3173 4436 3421 4491 compre-

1851 4507 2118 4565 hendatur
2172 4517 2233 4561 ut
2292 4507 2402 4570 ille,
2466 4508 2813 4563 contumeliis
2874 4510 3145 4564 laceretur
3207 4522 3266 4564 ut
3312 4511 3426 4572 ille,

1848 4600 2065 4670 vapulet
2117 4599 2315 4663 utille,
2368 4599 2421 4653 in
2468 4614 2744 4653 carcerem
2796 4600 3193 4669 compingatur,
3221 4610 3278 4655 ut
3312 4602 3423 4656 ille.

1847 4690 1965 4746 Jam
1998 4690 2198 4746 videsis
2237 4699 2292 4745 et
2318 4705 2414 4745 cur
2439 4701 2748 4756 exaratum,
2796 4688 2853 4744 Si
2880 4694 3194 4745 commortui
3222 4710 3425 4758 sumus,

1845 4794 1893 4838 et
1925 4784 2247 4837 convivemus
2274 4800 2291 4847 ,'
2317 4784 2360 4836 si
2392 4784 2783 4847 sustinebimus,
2808 4792 2857 4836 et
2888 4786 3317 4853 conregnabimus
3343 4803 3361 4839 .'
3382 4791 3429 4841 si

1850 4877 2227 4944 negaverimus,
2262 4885 2311 4929 et
2350 4876 2438 4929 ille
2484 4877 2689 4943 negabit
2731 4891 2859 4940 nos;
2900 4878 2944 4929 si
2977 4893 3079 4930 non
3128 4880 3425 4933 credimus:

1850 4967 1939 5020 ille
1958 4968 2132 5037 fidelis
2160 4978 2446 5036 permanet,
2506 4984 2694 5038 negare
2732 4970 2961 5037 seipsum
3015 4988 3118 5023 non
3146 4980 3315 5040 potest
3338 4972 3383 5003 ⁷⁸
3410 5013 3427 5037 ,

1854 5060 1983 5113 huic
2016 5061 2326 5129 promissa!
2370 5077 2512 5131 quae,
2542 5072 2596 5116 et
2632 5062 2941 5132 cujusmodi
2976 5066 3164 5120 minae!
3203 5066 3276 5121 De
3323 5082 3429 5121 caa-

1854 5162 1969 5205 tero
2020 5152 2213 5207 demus
2267 5168 2510 5222 operam,
2568 5154 2789 5221 fratres,
2850 5159 3427 5227 eertemus,qu:ejam

1854 5243 2056 5298 ChriSti
2102 5244 2252 5298 obita
2300 5244 2561 5329 bene'llcio
2605 5254 2755 5311 sunt,
2796 5246 3021 5302 minime
3077 5250 3425 5319 pudefacere,

1856 5335 2067 5402 exsilia,
2110 5335 2420 5404 compedes.
2492 5334 2679 5404 flagra.
2742 5338 2809 5391 Et
2856 5338 2900 5393 si
2935 5339 3076 5394 haud
3136 5342 3426 5410 compediti

1856 5439 2046 5481 omnes
2086 5441 2300 5489 sumus,
2364 5425 2507 5479 haud
2550 5427 2770 5480 multari
2822 5442 3013 5483 omnes
3075 5430 3281 5500 ﬂagris,
3333 5434 3427 5488 sed

1859 5516 2114 5570 nimirum
2143 5516 2264 5572 vita:
2293 5517 2395 5571 hoc
2423 5516 2656 5571 societas
2685 5518 3026 5574 miseriarum
3068 5525 3314 5592 quaedam
3347 5537 3429 5579 est

1858 5608 2132 5664 societas:
2170 5623 2292 5663 nam
2335 5624 2428 5663 seu
2489 5625 2654 5664 unum
2692 5611 2832 5666 dolet
2869 5615 3200 5680 membrum,
3229 5626 3428 5672 cuncta

2085 5750 2262 5813 “,lsa.
2295 5767 2389 5817 ιιι,
2421 5751 2475 5805 Η
2508 5768 2522 5817 ς
2556 5749 2596 5803 ΙΙ
2632 5752 2753 5808 Cor.
2789 5769 2861 5819 vr,
2899 5753 2981 5809 17.
3064 5755 3107 5787 ⁷⁸
3137 5753 3177 5808 ll
3208 5755 3325 5812 Tim
3371 5775 3434 5826 ll,
