4000 6306
564 376 657 443 591

565 579 771 632 lantur.
804 575 947 641 Quin
984 574 1157 629 simus
1185 571 1420 642 amplius
1453 585 1620 624 unum
1653 583 1873 638 corpus,
1912 580 2131 636 unaque

566 683 741 729 mens,
771 677 831 722 ut
860 667 913 720 in
948 670 1109 719 nn‘am
1144 679 1292 734 spem
1335 662 1517 720 acciti,
1545 668 1599 715 et
1625 661 1824 724 vocati,
1849 658 2128 713 Christum

563 768 727 830 caput
760 759 1044 821 habentes,
1071 770 1201 824 quo,
1234 752 1438 821 accepti
1478 752 1609 814 Deo,
1645 750 1870 806 caeleste
1904 764 2134 820 regnum

565 850 813 904 ineamus
846 862 942 917 per
988 845 1263 901 Christum
1304 842 1488 897 Jesum
1534 842 1821 896 Dominum
1860 849 2133 906 nostrum,

563 942 650 997 cui
682 940 852 1011 gloria
885 950 938 995 et
972 938 1281 1007 imperium,
1312 952 1434 992 cum
1470 936 1652 997 Patre,
1698 950 1762 988 ac
1789 942 1982 988 sancto
2008 932 2135 1001 Spi-

563 1034 692 1098 ritu,
715 1046 862 1087 nunc
889 1040 943 1086 et
992 1045 1226 1099 semper,
1262 1030 1314 1083 in
1339 1042 1667 1095 omnemque
1693 1025 2135 1095 perpetuitatem.

565 1126 756 1179 Amen.

1109 1210 1341 1267 SERMO
1380 1209 1567 1264 LXIII.

566 1306 871 1361 llistoricus
920 1306 987 1359 de
1047 1304 1369 1359 Christianis
1401 1319 1492 1371 per
1525 1302 1831 1372 Uulgariam
1863 1303 1920 1354 in
1944 1312 2134 1356 sancta

707 1376 1123 1444 Quadragesima
1151 1375 1212 1427 ob
1244 1390 1388 1428 esum
1417 1373 1658 1426 carnium
1696 1373 1998 1440 peremptis.

631 1468 851 1523 Fratres
946 1468 1264 1537 Patresque,
1316 1466 1449 1520 libet
1508 1465 1611 1519 hac
1643 1465 2140 1519 Catechesinarra-

551 1560 709 1616 .tione
763 1561 994 1630 quadam
1048 1575 1145 1613 vos
1189 1559 1255 1613 ad
1324 1558 1571 1613 laetitiam
1631 1558 1926 1624 cohortari,
1966 1572 2028 1612 ea
2059 1566 2142 1612 est

563 1648 896 1721 huiusmodi.
926 1650 984 1705 In
1013 1651 1283 1721 Bulgaria,
1314 1660 1371 1704 ut
1403 1650 1686 1719 explorate
1726 1650 1930 1705 conscii
1981 1658 2130 1705 retu-

562 1739 695 1801 lere,
732 1740 1068 1795 sceleratum
1106 1756 1135 1792 a
1177 1740 1421 1808 principe
1465 1739 1600 1792 exiit
1638 1739 1901 1803 edictum,
1938 1736 2135 1793 fratres

563 1844 729 1883 manu
762 1837 948 1899 captos
973 1829 1314 1885 Christianos
1354 1829 1615 1883 carnibus
1641 1844 1738 1897 per
1770 1827 2137 1898 Quadragesi-
2167 1819 2212 1875 Β

560 1937 706 1976 mam
750 1922 914 1976 vesci.
962 1921 1218 1992 dictoque
1271 1921 1438 1974 vitam
1494 1920 1859 1991 obsequentes
1915 1920 2135 1983 habere,

563 2014 986 2083 inobsequentes
1028 2013 1245 2084 perimi.
1285 2012 1403 2079 Qua
1448 2014 1768 2068 conlirmata
1825 2013 1980 2082 impii
2016 2027 2138 2083 pro-

563 2105 916 2175 mulgatione,
958 2116 1133 2161 ccetus
1165 2106 1391 2176 agitare,
1422 2114 1478 2160 et
1503 2103 1688 2160 ﬂetum
1715 2104 2050 2175 frequentes,
2074 2120 2140 2161 ac

563 2195 799 2252 lamenta
869 2212 993 2252 cum
1050 2196 1334 2264 uxoribus,
1406 2196 1701 2266 liberisque
1744 2197 1969 2263 dueere,
2002 2196 2132 2252 hinc

562 2289 701 2359 legis
750 2286 936 2344 studio
989 2286 1335 2352 Christianae,
1394 2288 1545 2343 illinc
1592 2288 1889 2357 corporalis
1923 2297 2127 2344 terrore

563 2381 777 2445 mortis,
804 2380 1039 2450 denique
1070 2382 1196 2451 (heu
1263 2380 1516 2433 nuntium
1557 2380 1945 2451 miserandum)
1986 2381 2136 2444 victi,

563 2472 753 2528 infami
776 2472 935 2543 jusso
965 2473 1344 2527 succumbere.
1378 2470 1521 2542 Ergo
1547 2472 1633 2527 his
1671 2473 1845 2527 avulsi
1873 2483 2133 2543 quatuor,

562 2574 617 2617 et
641 2564 849 2626 decem,
884 2577 950 2618 ex
986 2562 1214 2618 adverso
1248 2572 1478 2626 stantes,
1513 2562 1718 2616 hortari
1763 2577 1830 2617 ne
1855 2564 2133 2627 cederent,

562 2672 667 2710 neu
738 2656 1191 2719 obsecundarent,
1244 2654 1489 2724 citraque
1534 2656 1706 2723 legem
1766 2655 2134 2710 Christianam

563 2762 759 2802 carnes
789 2756 1116 2802 comessent.
1149 2743 1360 2812 Quibus
1404 2746 1457 2799 in
1492 2746 1667 2799 verbis
1698 2761 1986 2801 occurrere
2018 2746 2136 2799 vul-

564 2857 685 2913 gus,
712 2850 766 2896 et
796 2839 1073 2901 obtestari,
1102 2838 1355 2893 cederent
1400 2836 1734 2903 necessitati,
1772 2853 1877 2892 neu
1934 2848 2137 2892 temere

565 2947 625 2987 se
682 2932 823 2985 irent
870 2929 1162 2998 perditum,
1213 2940 1545 2995 rursumque
1604 2939 1701 2994 per
1760 2924 2134 2995 paenitentiam

565 3023 970 3092 resipiscerent,
1002 3029 1059 3074 at
1095 3036 1201 3074 non
1237 3018 1311 3072 illi
1360 3017 1601 3081 credere,
1633 3032 1694 3071 ac
1735 3016 2136 3081 remollescere,

1749 368 1808 425 S-
1832 362 2225 425 THEODORI
2280 363 2624 423 STUDIT/E

562 484 880 548 coudolent;
929 496 1025 538 seu
1054 481 1443 536 cohonestatur
1495 493 1688 542 unum,
1725 486 1921 531 cuncta
1950 483 2133 544 gratu-
2167 475 2209 531 Α
2243 487 2473 528 numero
2518 491 2531 525 :

3707 361 3825 427 592

2599 472 2868 541 siquidem
2918 471 2952 524 ii
3002 478 3233 540 septem,
3268 469 3325 525 hi
3377 472 3820 541 quatuordeeim.

2237 564 2383 633 iique
2442 579 2508 619 ne
2564 563 2783 619 suillam
2844 570 3127 634 gustarent
3189 568 3378 616 contra
3419 563 3617 633 legem,
3658 562 3823 621 hine

2236 671 2454 712 carnem
2496 656 2660 709 ullam
2714 662 2973 724 caperent
3017 662 3214 723 praeter
3265 667 3513 708 normam
3541 653 3821 710 Christia-

2238 763 2402 811 nam;
2477 748 2621 817 quod
2704 745 3011 801 absolutius
3082 744 3489 813 quodammodo
3560 744 3820 799 videtur:

2238 841 2437 911 quippe
2467 846 2584 893 erat
2609 839 2677 893 iis
2706 838 2931 892 omnino
2959 836 3246 892 interdicta
3270 835 3429 890 suilla
3456 852 3470 890 :
3500 835 3589 891 bis
3622 836 3823 891 licebat

2240 932 2293 986 in
2355 932 2679 987 necessitate
2739 930 2858 994 uti;
2917 929 3193 999 quamvis,
3234 944 3413 998 neque
3445 929 3719 993 damnari,
3760 937 3822 983 ut

2240 1024 2316 1076 ait
2346 1023 2561 1076 divinus
2616 1020 2873 1087 Basilius,
2924 1020 3019 1076 sed
3059 1021 3188 1090 quia
3252 1019 3559 1090 profectum
3595 1028 3712 1074 erat
3749 1019 3820 1073 ab

2243 1112 2458 1183 Scythis
2516 1114 2778 1177 edictum,
2833 1112 2901 1166 ad
2965 1110 3246 1182 religionis
3268 1110 3647 1181 praeiudicium
3690 1124 3822 1179 spe-

2240 1216 2416 1271 ctans,
2451 1207 2693 1260 animum
2724 1221 2830 1259 non
2868 1205 3204 1259 lnduxerunt
3239 1223 3254 1259 :
3313 1204 3445 1272 quin
3478 1218 3577 1273 pro
3603 1201 3819 1258 Christi

2242 1310 2429 1350 amore
2484 1306 2681 1350 cuncta
2719 1296 2772 1348 in
2830 1294 3087 1352 secundis
3123 1294 3452 1350 habuerunt.
3485 1291 3529 1349 Ο
3565 1293 3816 1349 beatissi-

2245 1403 2363 1440 mos
2388 1387 2567 1440 viros!
2613 1401 2646 1437 o
2702 1384 3078 1439 felicissimum
3124 1384 3462 1438 mercatum!
3522 1397 3632 1438 uno
3682 1392 3818 1438 tem-

2244 1477 2392 1546 poris
2429 1485 2705 1530 momento
2751 1477 2988 1544 quietem
3020 1474 3223 1543 pacisci
3251 1472 3665 1543 sempiternam.
3703 1474 3819 1543 Age

2244 1582 2371 1623 vero
2397 1567 2523 1636 quid
2550 1566 2619 1619 ad
2645 1565 2759 1619 ικεο
2790 1562 3197 1632 respondebunt
3226 1562 3320 1631 qui
3354 1562 3661 1617 haereticam
3684 1576 3819 1617 con—

2244 1658 2585 1715 suetudinem
2613 1656 2986 1727 praejudicium
3039 1655 3273 1724 negent?
3316 1669 3439 1708 nam
3474 1655 3522 1709 si
3553 1654 3821 1710 Christia-

2246 1751 2429 1806 nitatis
2458 1750 2832 1821 przejudicium
2860 1749 2980 1817 ejus
3024 1749 3271 1804 carnium
3306 1756 3410 1810 est,
3463 1755 3670 1815 quanto
3699 1761 3820 1801 ma-

2242 1845 2324 1912 gis
2373 1842 2711 1899 consuetudo
2762 1840 2990 1897 nefariis
3036 1852 3261 1911 operata
3307 1840 3525 1896 sacris?
3554 1837 3654 1894 Ubi
3688 1848 3819 1893 sunt

2240 1945 2421 1991 autem
2456 1936 2550 2006 qui
2581 1935 2815 2006 positum
2871 1933 2925 1988 in
2966 1934 3200 2005 imagine
3254 1933 3453 1987 Christi
3493 1931 3817 2003 martyrium

2252 2027 2603 2083 diIIitentur?
2665 2028 2863 2083 etenim
2919 2026 2964 2083 si
3022 2034 3286 2096 martyres
3344 2033 3471 2079 sunt
3520 2025 3613 2094 qui
3656 2037 3816 2078 esum

2240 2118 2485 2189 refugere
2512 2120 2782 2184 carnium,
2828 2128 3033 2189 quanto
3063 2120 3167 2173 hoc
3197 2117 3465 2172 illustrius
3491 2117 3812 2187 martyrium

2237 2219 2342 2275 est,
2387 2213 2477 2281 qui
2532 2226 2656 2265 eum
2711 2211 2933 2267 minime
2975 2208 3350 2278 abnegemus?
3405 2206 3512 2262 Sed
3568 2206 3814 2263 tenebris

2238 2300 2399 2354 obsiti
2450 2301 2729 2364 nimirum,
2798 2300 3086 2355 tenebrosa
3148 2299 3491 2369 loquuntur,
3548 2298 3813 2369 vitiisque

2238 2393 2353 2448 suis
2382 2392 2517 2448 alios
2556 2406 2775 2462 quoque
2808 2392 3074 2462 impedire
3108 2398 3401 2462 satagunt:
3434 2405 3534 2447 nos
3562 2390 3810 2461 quidem,

2238 2489 2458 2554 fratres,
2520 2491 2839 2545 clementem
2902 2488 3328 2544 cohonestemus
3384 2487 3600 2551 herum,
3627 2485 3813 2554 quise

2237 2583 2657 2637 cohonestantes
2704 2580 3045 2643 cohonestet,
3079 2587 3375 2648 nostraque
3407 2577 3571 2632 etiam
3598 2592 3813 2632 memo-

2239 2671 2317 2724 ria
2380 2680 2642 2741 martyres
2688 2670 2959 2733 ostendat,
3006 2677 3170 2738 atque
3202 2669 3253 2723 id
3289 2668 3435 2723 serio
3463 2682 3591 2722 cum
3620 2666 3811 2722 animo

2239 2770 2572 2832 reputemus.

2309 2852 2461 2920 Quod
2490 2854 2536 2909 si
2571 2862 2791 2923 aspectu
2821 2853 2956 2909 viles
2997 2852 3339 2917 homunculi,
3399 2868 3595 2922 parum
3637 2851 3807 2917 docti,

2240 2946 2436 3011 uxorii,
2497 2946 2642 3000 aucti
2697 2946 2901 3010 liberis,
2956 2955 3152 3001 cuncta
3199 2960 3311 3015 prae
3355 2942 3569 3000 Christi
3624 2943 3813 2998 studio

2239 3038 2534 3107 projecere,
2593 3048 2797 3107 quanto
2850 3052 2950 3092 nos
3008 3037 3273 3093 debemus
3328 3038 3522 3108 magis,
3574 3034 3811 3107 injuges,

566 3115 744 3208 ρθυηι
803 3121 1141 3208 δΡθοιθξιθδνρ
1202 3120 1256 3165 θί
1321 3110 1711 3208 δεδίίίυιξίοθξη
1779 3110 2203 3208 Ρξξξῐηξδεξίωό
2239 3131 2441 3185 mundo
2490 3139 2754 3192 extorres,
2817 3130 2911 3184 ubi
2962 3139 3175 3200 tempus
3234 3138 3409 3195 vocet,
3456 3128 3815 3184 aemulatione

569 3202 687 3259 Hoc
750 3218 940 3258 eorum
994 3200 1194 3272 Scytha
1232 3210 1516 3271 perspecto
1547 3198 1876 3270 implacabili
1905 3198 2131 3263 obnixu,

566 3292 859 3349 consilium
890 3306 1084 3362 capere
1120 3306 1215 3360 per
1268 3305 1439 3343 unum
1486 3298 1713 3345 caeteros
1765 3288 2134 3359 expugnandi,

570 3384 959 3455 interfectique
983 3383 1186 3438 liberos
1216 3392 1379 3449 atque
1411 3381 1698 3451 conjugem
1730 3381 1946 3450 Scythis
1977 3396 2134 3434 man-

570 3478 714 3547 cipio
742 3477 1002 3542 tribuere,
1033 3484 1092 3529 ut
1118 3475 1341 3530 emolliti
1370 3474 1496 3528 hinc
1522 3471 1702 3528 caeteri
1736 3471 2081 3526 traherentur
2120 3487 2133 3522 :

572 3569 667 3639 qui
694 3567 873 3623 inﬂexi
904 3581 1125 3621 manere
1150 3566 1345 3636 magis,
1377 3563 1720 3620 Christianos
1748 3577 1806 3617 se
1831 3561 2141 3617 exclaman-

580 3673 686 3728 tes,
736 3661 1051 3729 mortuique
1094 3658 1387 3728 partiarios
1415 3655 1614 3716 fratris,
1650 3655 1813 3724 igitur
1837 3654 1889 3707 in
1924 3669 1986 3709 ea
2017 3668 2141 3722 pro-

573 3756 814 3811 fessione
849 3752 1217 3808 excarniﬁcati
1254 3760 1306 3803 et
1334 3750 1454 3819 ipsi.
1491 3749 1543 3801 in
1571 3747 1799 3801 Domino
1832 3748 2137 3802 decessere.

577 3846 808 3901 Videtin’
838 3857 895 3899 ut
926 3859 1073 3898 nunc
1101 3843 1250 3911 regni
1278 3840 1629 3909 Evangelium
1689 3840 1856 3893 divini
1912 3839 2143 3893 obeatur

576 3938 831 4008 quoque?
882 3937 985 4001 Qui
1041 3942 1187 3987 amat
1243 3944 1442 3999 patrem
1498 3941 1589 3984 aut
1649 3941 1892 3994 matrem,
1944 3930 2140 4000 inquit,

575 4032 695 4099 plus
731 4045 887 4100 quam
916 4043 1017 4091 me,
1053 4042 1154 4080 non
1183 4034 1259 4079 est
1292 4040 1371 4078 me
1398 4023 1619 4095 dignus:
1647 4032 1695 4077 et
1724 4024 1928 4093 quinon
1956 4022 2145 4090 accipit

578 4136 783 4175 crucem
812 4135 985 4184 suam,
1020 4128 1070 4173 et
1103 4119 1340 4188 sequitur
1372 4133 1472 4180 me,
1507 4132 1607 4170 non
1656 4125 1732 4170 est
1763 4131 1842 4167 me
1865 4115 2139 4185 dignus";

578 4230 643 4269 ac
676 4228 911 4269 rursus:
961 4210 1144 4265 Nolite
1196 4210 1378 4262 timere
1426 4224 1512 4262 eos
1541 4208 1631 4277 qui
1665 4207 1907 4261 occidunt
1933 4223 2141 4275 corpus,

577 4308 810 4359 animam
843 4314 1016 4359 autem
1049 4319 1154 4357 non
1206 4311 1419 4371 possunt
1452 4299 1720 4361 occidere;
1751 4300 1839 4352 sed
1868 4300 2040 4367 potius
2072 4301 2143 4357 ti-

578 4406 710 4450 mete
761 4411 875 4449 cum
920 4394 1009 4463 qui
1037 4399 1206 4460 potest
1247 4399 1296 4445 et
1356 4391 1591 4442 animant
1631 4397 1680 4442 et
1708 4404 1894 4457 corpus
1933 4391 2146 4457 perdere

2244 3222 2367 3277 duci
2424 3223 2784 3277 sanctorum?
2826 3221 2931 3276 Sed
2992 3222 3041 3275 id
3095 3222 3313 3291 quidem
3364 3236 3476 3274 uno
3508 3222 3815 3290 praestituto

2244 3315 2351 3380 die,
2391 3312 2637 3368 acsimul
2703 3312 2956 3366 Christus
3014 3312 3265 3365 vocabit:
3331 3326 3477 3365 nunc
3506 3318 3815 3380 perstemus

2246 3404 2299 3456 in
2345 3402 2604 3473 martyrio
2620 3402 2765 3471 quod
2810 3401 2865 3455 in
2922 3400 3107 3454 animo
3131 3401 3319 3465 situm,
3350 3410 3404 3455 et
3438 3414 3674 3469 perenne
3708 3408 3816 3456 est.

2246 3491 2323 3546 Ne
2377 3492 2527 3547 Baali
2558 3492 2892 3555 accidamus,
2928 3491 3144 3551 fratres.
3187 3508 3289 3545 neu
3330 3492 3557 3561 impetiti
3605 3493 3818 3561 cogita-

2249 3585 2339 3648 tis,
2392 3599 2703 3652 pareamus,
2739 3585 2869 3655 quin
2902 3585 3059 3656 ignea
3098 3586 3317 3656 maligni
3366 3585 3472 3640 tela
3500 3588 3821 3659 exstingua—

2250 3691 2372 3729 mus
2420 3676 2699 3745 lacrymis,
2750 3678 3024 3745 precibus,
3054 3676 3220 3731 animi
3262 3675 3590 3746 quibusdam
3621 3678 3822 3733 stimu-

2250 3766 2336 3830 lis,
2372 3764 2582 3820 cmteris
2615 3764 3061 3820 alllictationibus
3100 3767 3367 3835 cerpuris,
3397 3767 3599 3823 dicturi
3633 3778 3689 3823 et
3714 3784 3820 3824 nos

2250 3872 2373 3911 cum
2421 3855 2682 3924 Apostolo
2718 3873 2729 3908 :
2790 3854 3036 3919 Quotidie
3077 3857 3273 3909 morior
3314 3871 3403 3923 per
3440 3867 3667 3910 vestram
3698 3857 3820 3927 glo-

2251 3949 2737 4017 riationem,quam
2774 3947 2935 3999 habeo
2976 3947 3029 3999 in
3068 3947 3278 4002 Christo
3308 3946 3439 4001 Jesu
3466 3946 3689 4002 Domino
3726 3966 3823 4002 no-

2251 4039 2454 4103 stra";
2499 4054 2561 4094 ac
2607 4054 2732 4094 cum
2777 4036 3028 4095 Davide:
3079 4038 3301 4107 Propter
3344 4049 3393 4092 te
3431 4039 3825 4107 mortiﬁcamur

2254 4140 2364 4183 tota
2399 4129 2506 4193 die,
2550 4132 2802 4185 wstimati
2830 4148 3011 4186 sumus
3068 4133 3204 4186 sicut
3259 4148 3375 4185 oves
3435 4130 3712 4185 occisionis
3732 4132 3819 4199 ἠς

2252 4237 2376 4277 cum
2406 4222 2605 4291 quibus
2663 4222 2901 4277 caelestis
2940 4224 3093 4293 regni
3138 4223 3511 4278 haereditatem
3556 4220 3820 4277 adeamus

2252 4333 2347 4388 per
2375 4316 2654 4372 Christum
2702 4312 2889 4370 Jesum
2922 4313 3215 4370 Dominum
3245 4325 3539 4371 nostrum:
3577 4315 3667 4370 cui
3704 4316 3822 4386 glo-

2253 4412 2333 4465 ria
2383 4418 2437 4465 et
2483 4409 2789 4481 imperium,
2851 4424 2977 4465 cum
3034 4408 3213 4475 Patre,
3269 4422 3333 4465 ac
3365 4417 3554 4465 sancto
3586 4406 3817 4477 Spiritu,

576 4490 635 4543 in
682 4488 969 4558 gehennam
990 4485 1053 4546 η,
1118 4481 1260 4552 Ergo
1310 4481 1366 4534 hi
1418 4479 1740 4550 prmstandis
1806 4478 2138 4551 Evangelicis

2247 4518 2390 4556 nunc
2447 4508 2502 4556 et
2559 4478 2803 4570 semper,
2852 4501 2908 4556 in
2971 4515 3297 4573 omnemque
3375 4500 3816 4571 perpetuitatem.

575 4579 865 4650 ptmceplis
894 4590 1102 4630 morem
1138 4572 1248 4626 Deo
1282 4581 1550 4643 gerentes,
1583 4572 1821 4642 martyrii
1851 4588 1909 4627 se
1931 4588 2132 4629 corona

579 4669 913 4738 obligarunt,
983 4675 1203 4720 sanctos
1283 4663 1474 4718 imitati
1534 4662 1913 4729 Machabmos,
1974 4667 2141 4735 duplo

1141 4776 1372 4832 SERMO
1410 4776 1587 4832 LXIV.

582 4868 651 4923 In
702 4868 1169 4921 Attttuntiationem
1224 4868 1388 4935 prior.
1466 4867 1537 4921 De
1597 4878 1875 4936 corporata
1938 4869 2150 4923 Domini

651 4940 817 4991 nostri
849 4939 976 4992 Jesu
1007 4937 1207 4992 Christi
1258 4939 1545 4989 meonomia
1596 4939 1965 5008 agitandisque
1988 4942 2149 5008 spiri-

656 5009 849 5062 talibus
884 5008 1030 5075 feriis
1061 5008 1269 5059 habitus
1299 5007 1733 5061 Annuntiationis
1754 5009 1859 5063 die.

652 5166 873 5221 Fratres
921 5164 1236 5234 Patresque,
1268 5165 1421 5217 adest
1458 5163 1835 5227 Annuntiatio,
1858 5166 2146 5235 agiturque

584 5258 993 5313 Dominicarum
1069 5257 1320 5325 princeps
1392 5253 1710 5311 feriarum:

584 5351 761 5406 solum
810 5350 997 5404 feriari
1051 5350 1121 5403 sit
1152 5363 1371 5403 necesse
1392 5389 1406 5412 ,
1438 5346 1583 5416 quod
1609 5347 1801 5417 vulgus
1861 5349 2143 5402 hominum

656 5506 699 5537 ’⁷⁵
728 5504 917 5560 Matth.
959 5520 1013 5568 Χ,
1054 5504 1141 5559 38.
1223 5504 1266 5535 ⁷⁸
1304 5502 1433 5557 ibid.
1475 5501 1564 5555 28.

1766 5264 1828 5310 ut
1872 5271 1981 5310 non
2047 5258 2149 5311 hoc

1667 5502 1709 5532 ⁷⁷
1747 5500 1765 5554 I
1804 5501 1930 5557 Cor.
1960 5518 2048 5564 xv,
2108 5505 2196 5558 5|.

2246 4594 2435 4648 Amen.

2848 4774 3069 4828 ΛΟΓΟΣ
3104 4775 3219 4828 ΞΔ’.

2250 4865 2353 4928 Εἰς
2378 4864 2484 4935 rer
2505 4865 2956 4933 Εὑαγγελισμὸν
2983 4863 3411 4935 τ-ῆς-ἐνσὰρκου
3432 4867 3774 4935 οἰκονομίας
3795 4880 3820 4909 ι

2324 4933 2429 4986 τοῦ
2463 4937 2682 5000 Κυρίου
2721 4937 2758 5002 ἡ
2804 4935 2889 4988 ὧν
2917 4933 3121 5000 Ἰησοῦ
3148 4933 3433 5003 Χριστοῦ,
3470 4936 3570 4989 καὶ
3617 4933 3708 4992 ὅτι
3733 4933 3821 4993 δεῖ

2324 5003 2722 5059 πνευματικῶς
2749 4955 3041 5059 ἑορτάζειν
3069 5003 3368 5059 ι’ρηθδεῖστι
3413 5006 3482 5059 ἐν
3509 5004 3586 5059 τῆ
3629 5007 3821 5059 ἣιιέοα

2318 5003 2722 5077 πνευματικῶς
2749 5003 3041 5077 ἑορτάζειν
3069 5003 3368 5071 1³,ὀηθεῖσά
3413 5006 3482 5059 ἐν
3509 5004 3586 5074 τῇ
3629 5007 3821 5077 ἡμέρᾳ

2318 5074 2424 5125 τοῦ
2457 5075 2929 5145 Εὑαγγελισμοῦ.

2336 5167 2580 5235 nemo.
2601 5168 2696 5219 καὶ
2725 5170 2965 5240 Πατέρες
2985 5186 2997 5199 ’
3035 5173 3062 5225 ὁ
3091 5170 3504 5241 Εὐαγγελισμὺς
3561 5171 3817 5241 πάρεστι,

2256 5258 2474 5312 καὶτῶν
2496 5261 2838 5317 Δεσποτικῶν
2860 5262 3063 5335 ἑορτῶν
3087 5266 3230 5319 ἐστιν
3251 5265 3283 5334 ὴ
3305 5261 3493 5333 πρώτη
3519 5278 3533 5292 ⁸
3564 5263 3661 5315 καὶ
3680 5264 3820 5331 ὄφει·

2256 5352 2417 5422 λομεν
2439 5353 2849 5426 ἑορτάζειν,οὑχ
2864 5354 3071 5419 ἁπλῶς,
3097 5358 3234 5410 κατὰ
3261 5357 3387 5420 τοὺς
3414 5353 3668 5421 πολλοὺς,
3684 5356 3816 5409 ἀλλὰ

2308 5508 2351 5537 ⁷⁸
2409 5507 2551 5563 Psal.
2593 5526 2750 5577 xun,
2813 5512 2903 5568 22.

1879 5635 2113 5690 VARIJE
2147 5637 2552 5701 LECTIONES.

660 5792 683 5820 ⁸
710 5780 840 5835 Cod.
864 5777 1191 5849 οἰκονομίας.

1305 5777 1331 5814 δ
1365 5774 1494 5829 Cod.
1523 5773 1801 5837 ἐωτάξειν,
1835 5780 1889 5827 et
1930 5773 2008 5827 sic
2056 5772 2219 5828 inira.
