4000 6306
171 382 271 449 593

1333 387 1737 449 SERMONES
1766 388 2280 450 CATECHETICI.

3334 382 3440 449 594

175 495 308 569 μετὰ
323 495 725 564 κατανοήσεως
746 494 838 547 καὶ
861 493 1200 566 σεϐάσματος
1224 496 1320 550 τοῦ
1347 499 1668 568 μυστηρίου.
1699 498 1757 551 Ti

1871 498 2022 562 facit,
2073 499 2205 568 quin
2249 511 2372 552 cum
2408 496 2757 568 intelligentia
2780 539 2794 564 ,
2833 497 3292 567 venerationeque
3325 514 3436 571 my-

171 592 226 645 δὲ
245 591 306 644 τὸ
341 591 651 661 μυστήριον
675 589 820 665 ;”Οτι
845 591 873 640 ὁ
902 587 1028 649 Υἱὸς
1054 589 1146 642 τοῦ
1162 589 1295 643 Θεοῦ
1327 591 1440 654 υἱὸς
1462 589 1752 662 ἀνθρώπου

172 684 408 754 γίνεταιν
445 683 647 752 μεσίτῃ
681 681 814 751 ἁγίᾳ
842 680 1102 752 Παρθένῳ
1124 681 1489 752 χρησάμενος,
1527 683 1585 735 ὲν
1613 682 1752 754 αὐτῇ

173 792 232 829 τε
251 775 508 845 οἰκήσας,
541 773 641 828 καὶ
663 773 724 840 ἐξ
749 772 922 842 αὐτῆς
946 772 1125 844 ἑαυτῷ
1152 783 1173 812 ο
1200 774 1326 828 ναὸν
1354 774 1381 815 ί
1412 775 1751 837 ἀναπλάσας,

173 869 270 922 καὶ
286 867 498 931 τέλειος
541 865 838 936 γενόμενος
871 865 1177 936 ἄνθρωπος.
1209 865 1307 919 Διὰ
1346 865 1428 932 τί;
1461 866 1581 920 Ἰνα
1626 867 1754 929 τοὺς

174 961 281 1014 ὑπὸ
311 962 478 1030 νόμον
512 960 830 1032 ἐξαγοράσῃ
867 970 912 1023 ε,
941 959 1123 1022 καθὼς
1151 959 1486 1030 γέγραπται.
1510 959 1633 1013 Ἵνα
1658 957 1755 1028 τὴν

173 1052 501 1107 υίοθεσίανῖ
555 1051 947 1122 ἀπολάϐωμεν⁸
1000 1051 1089 1103 ἵνα
1134 1050 1331 1121 μηκέτι
1361 1045 1512 1119 ὦμεν
1553 1048 1753 1113 δοῦλοι,

174 1145 294 1200 ἀλλ’
326 1145 630 1215 ἐλεύθερον
669 1143 868 1215 μηκέτι
925 1141 1214 1212 ἐμπαθεῖς,
1278 1141 1414 1195 ἀλλὰ
1477 1140 1750 1202 ἀπαθεῖς·

177 1237 382 1307 μηκέτι
446 1237 800 1306 φιλόκοσμοι,
843 1233 980 1288 ἀλλὰ
1032 1231 1302 1302 φιλόθεοι·
1353 1232 1550 1302 μηκέτι
1615 1231 1755 1285 κατὰ

177 1330 364 1400 σάρκα
396 1326 868 1399 περιπατοῦντες,
903 1325 1041 1379 ἀλλὰ
1079 1325 1223 1378 κατά
1271 1322 1502 1394 πνεῦμα.
1535 1325 1600 1376 Οἱ
1648 1324 1757 1391 γὰρ

174 1421 328 1475 κατὰ
358 1419 558 1488 σάρκα
580 1415 1048 1486 περιπατοῦντες
1074 1416 1098 1455 ε
1127 1415 1198 1468 τὰ
1221 1413 1329 1482 τῆς
1355 1415 1586 1482 σαρκὸς
1612 1431 1758 1482 φρο-

173 1511 430 1567 νοῦσινο
466 1514 522 1566 oi
547 1510 617 1564 δὲ
645 1510 794 1564 κατὰ
834 1507 1089 1576 πνεῦμα,
1123 1506 1196 1560 τὰ
1234 1507 1339 1561 τοῦ
1384 1507 1719 1577 πνεύματος
1742 1524 1756 1538 ι

173 1604 245 1660 τὸ
293 1605 407 1674 γὰρ
454 1603 735 1673 φρόνημα
781 1599 887 1668 τῆς
945 1600 1172 1667 σαρκὸς
1223 1598 1516 1664 θάνατος·
1575 1598 1639 1651 τὸ
1692 1597 1760 1649 δὲ

173 1697 454 1768 φρόνημα
489 1696 598 1750 τοῦ
623 1695 985 1761 πνεύματος,
1014 1689 1125 1758 ζωὴ
1178 1691 1276 1744 καί
1325 1690 1555 1759 εἰρήνη.
1607 1692 1760 1742 Διότι

171 1789 242 1844 τὸ
261 1791 544 1860 φρόνημα
580 1787 695 1854 τῆς
723 1787 972 1854 σαρκὸς,
1025 1783 1243 1852 ἐχθρὸν
1273 1784 1300 1824 h
1331 1786 1418 1849 είς
1447 1784 1596 1837 Θεόν
1618 1800 1630 1814 ·
1669 1781 1756 1847 τῷ

1857 590 2253 660 sterii.Ecquod
2280 599 2556 645 estautem
2581 593 2900 662 mysterium
2926 590 3036 647 Deo
3062 602 3247 648 natum
3269 591 3444 648 homi-

1857 692 2120 738 ncnatum
2141 681 2274 747 ﬁeri,
2299 691 2556 752 tanquam
2576 695 2853 753 sequestra
2877 700 3037 739 usum
3064 693 3251 739 sancta
3273 683 3442 756 Virgio

1857 792 1946 839 ne,
1970 786 2024 830 et
2041 776 2095 830 in
2112 792 2174 830 ea
2191 776 2542 837 stabulatum,
2571 775 2852 846 aedemque
2873 776 2996 830 inde
3019 777 3314 845 quamdam
3337 764 3439 832 Sibi

1857 869 2126 933 molitum,
2155 867 2540 937 hominemque
2562 866 2764 922 factum
2794 866 3120 937 perfectum.
3154 866 3438 932 Quamob--

1855 962 2014 1016 rem?
2051 970 2109 1015 ut
2139 977 2232 1016 eos
2260 960 2351 1029 qui
2392 960 2495 1015 sub
2525 960 2643 1030 lege
2679 969 2836 1014 erant
2881 960 3191 1022 redimeret,
3230 976 3430 1029 quent-

1857 1053 2149 1107 admodum
2208 1052 2468 1120 scriptum
2536 1059 2638 1116 est,
2671 1062 2726 1105 et
2758 1050 3050 1119 adeptione
3076 1051 3433 1116 donaremur,

1858 1157 1964 1196 non
2010 1142 2123 1211 jam
2177 1142 2319 1196 servi
2353 1157 2536 1212 porro,
2575 1141 2668 1196 sed
2696 1141 2915 1211 ingenui
2956 1140 3123 1195 futuri
3157 1156 3266 1194 non
3303 1138 3436 1194 οσο-

1857 1233 2032 1288 ctibus
2059 1233 2337 1300 concitati,
2364 1232 2493 1303 quin
2533 1231 2711 1295 liberi,
2745 1247 2809 1286 ae
2835 1231 3001 1286 soluti
3035 1248 3050 1297 ;
3087 1246 3192 1286 non
3224 1231 3434 1294 mundi,

1858 1326 1950 1380 sed
1988 1325 2074 1378 Dei
2108 1334 2378 1387 amantes,
2409 1339 2515 1379 non
2567 1323 2860 1378 carnaliter
2885 1323 3170 1386 obeuntes,
3197 1324 3288 1377 sed
3325 1324 3437 1392 spi-

1860 1417 2146 1470 ritualiter.
2180 1414 2282 1480 Qui
2309 1417 2446 1469 enim
2485 1415 2772 1470 secundum
2807 1431 3019 1468 carnem
3077 1415 3289 1479 obeunt,
3321 1431 3438 1485 qua:

1859 1509 2035 1561 carnis
2087 1519 2206 1561 sunt
2256 1510 2506 1574 sapiunt;
2536 1509 2628 1575 qui
2668 1524 2788 1561 vero
2832 1506 3118 1560 secundum
3150 1507 3430 1576 spiritum,

1859 1613 1973 1668 qua:
2023 1606 2143 1652 sunt
2181 1597 2402 1666 spiritus
2436 1598 2713 1650 sentiunt:
2747 1612 2871 1649 nam
2905 1595 3194 1664 prudentia
3255 1599 3433 1649 carnis

1861 1706 1999 1742 mors
2055 1698 2151 1752 est,
2215 1690 2496 1757 prudentia
2534 1699 2710 1742 autem
2752 1689 2970 1757 spiritus
3026 1689 3157 1749 vita,
3206 1698 3255 1741 et
3282 1704 3433 1757 pax:

1860 1782 2108 1850 quoniam
2163 1781 2427 1848 sapientia
2477 1781 2651 1833 carnis
2700 1779 2980 1832 inimicitia
3018 1788 3097 1832 est
3133 1780 3185 1831 in
3219 1777 3385 1832 Deum
3420 1795 3437 1830 .'

172 1880 285 1950 γὰρ
313 1883 478 1948 νόμῳ
504 1881 613 1932 τοῦ
645 1876 796 1932 Θεοῦ
819 1879 931 1944 οὐχ
961 1879 977 1915 ί
1017 1875 1427 1931 ὑποτάσσεται
1447 1892 1461 1906 ”
1487 1874 1628 1928 οὐδὲ
1648 1874 1757 1943 γὰρ

1867 1872 1959 1939 {egi
2005 1872 2143 1925 enim
2204 1870 2298 1924 Dei
2348 1888 2450 1924 non
2501 1870 2834 1937 subjicitur;
2898 1884 2990 1922 nec
3043 1869 3179 1922 enim
3242 1877 3433 1938 potest.

170 1971 443 2025 δύναται.
465 1972 529 2024 οι
556 1968 625 2022 δὲ
657 1969 729 2022 ἑν
746 1969 921 2036 σαρκί
945 1967 1135 2034 ὄντες,
1168 1965 1287 2032 θεῷ
1315 1966 1526 2035 ἀρέσαι
1556 1968 1627 2021 οὐ
1659 1966 1761 2020 δύο

170 2080 405 2119 armat.

241 2152 392 2223 Αὕτη
417 2154 557 2218 ἐστὶ,
586 2151 666 2215 ὡς
703 2152 762 2204 ὲν
792 2150 1043 2221 συντόμῳ
1076 2151 1273 2214 εἰπεῖν,
1320 2151 1417 2204 τοῦ
1458 2153 1756 2223 μυστηρίου

173 2244 206 2314 ὴ
241 2243 476 2314 δύναμις
501 2261 517 2275 ο
544 2243 643 2297 καὶ
672 2243 764 2295 διὰ
793 2240 964 2294 ταῦτα
994 2239 1283 2312 ὀφείλομεν
1312 2239 1327 2291 i
1370 2243 1759 2310 πνευματικῶς

172 2336 480 2407 ἑορτάζειν,
511 2336 608 2390 καὶ
633 2333 1026 2404 πνευματικῶς
1041 2333 1502 2405 ἀναστρέφεσθαι,
1531 2336 1586 2387 ὲν
1619 2335 1760 2388 ὁσιό-

170 2447 295 2499 τητι
326 2429 422 2483 καὶ
453 2424 798 2497 δικαιοσύνῃ,
848 2426 905 2479 ὲν
938 2425 1150 2498 ἀγάπῃ,
1180 2428 1237 2479 ὲν
1267 2427 1558 2496 πραότητι,
1595 2430 1651 2479 ἐν
1679 2430 1756 2480 εἰ-

176 2523 338 2592 ρήνῃ,
372 2522 432 2574 ὲν
464 2517 842 2592 μακροθυμίᾳ,
874 2517 931 2570 ἐν
969 2517 1321 2588 χρηστότητι,
1376 2520 1433 2570 ὲν
1480 2519 1758 2588 [Ινεύματι

173 2609 334 2680 ἁγίῳ,
367 2610 445 2673 ὡς
476 2609 544 2662 ἂν
572 2608 649 2678 μὴ
685 2607 850 2676 κενὴν
871 2606 965 2659 καὶ
993 2605 1277 2676 ἄπρακτον
1301 2607 1399 2677 τὴν
1428 2607 1523 2660 τοῦ
1551 2609 1756 2678 Κυρίου

173 2701 334 2770 ἡμῶν
374 2699 556 2767 Ἰησοῦ
598 2697 843 2770 Χριστοῦ
889 2697 1202 2767 οἰκονομίαν
1233 2697 1258 2736 ¹ι
1289 2698 1350 2751 τὸ
1378 2699 1501 2752 καθ’
1533 2701 1758 2764 ἑαυτοὺς

171 2791 537 2861 διικνύωμεν.

243 2884 319 2935 Οὐ
358 2883 466 2952 μὴν
498 2881 638 2934 ἀλλὰ
693 2881 977 2952 ὀφείλομεν
1010 2883 1101 2936 καὶ
1127 2883 1521 2953 προσεύχεσθαι
1551 2885 1644 2938 καὶ
1662 2885 1757 2938 λυ-

173 2973 397 3026 πεῖσθαι
426 2972 569 3043 ὑπὲρ
587 2971 686 3025 τοῦ
713 2972 940 3042 κόσμου.
991 2973 1092 3028 Διὰ
1142 2973 1231 3040 τί;
1275 2975 1397 3028 Ὀτι
1423 2977 1450 3028 ὁ
1493 2975 1619 3040 Υἱὸς
1662 2978 1758 3031 τοῦ

173 3066 312 3121 Θεοῦ
338 3063 531 3137 ἦλθεν,
568 3066 659 3119 ἵνα
689 3065 838 3138 σώσῃ
875 3065 893 3103 1
935 3065 1025 3119 τὸν
1065 3067 1292 3136 κόσμον,
1347 3066 1444 3120 καὶ
1493 3069 1522 3121 ὀ
1552 3069 1759 3139 κόσμος

1862 1963 1967 2026 Qui
2011 1974 2187 2018 autem
2236 1964 2292 2016 in
2365 1979 2521 2016 carne
2567 1972 2707 2026 sunt,
2776 1960 2885 2014 Deo
2941 1959 3147 2028 placere
3189 1976 3292 2013 non
3320 1976 3440 2028 pos-

1860 2065 1981 2107 sunt
1999 2055 2065 2107 7’.

1931 2144 2054 2198 Haec
2083 2154 2164 2200 est
2202 2146 2435 2199 breviter
2497 2143 2580 2198 vis
2648 2140 2932 2214 mysterii:
2963 2156 3140 2210 eaque
3175 2139 3243 2195 de
3274 2154 3439 2194 causa

1861 2234 2164 2288 feriandum
2193 2242 2276 2288 est
2301 2234 2481 2298 nobis,
2511 2245 2567 2288 et
2599 2233 2909 2287 obeundum
2957 2230 3293 2300 spiritaliter,
3323 2231 3440 2300 pie»

1861 2335 1988 2392 tate,
2022 2325 2314 2395 probitate,
2355 2338 2563 2389 amore,
2619 2321 3060 2385 mansuetudine,
3109 2335 3261 2389 pace,
3295 2321 3437 2374 leni-

1861 2428 1987 2484 tate,
2025 2418 2423 2482 benevolentia,
2457 2414 2626 2471 ιιιιίιίιί
2670 2413 3036 2471 sanctimonia
3067 2412 3334 2482 praaditis,
3364 2428 3434 2466 ne

1860 2525 2100 2578 segnem,
2145 2525 2209 2564 ac
2264 2509 2478 2564 inanem
2540 2508 2752 2563 Domini
2811 2505 2986 2561 nostri
3045 2503 3176 2559 Jesu
3235 2503 3439 2559 Christi

1861 2604 2321 2672 procurationem,
2357 2610 2626 2673 quantum
2691 2600 2836 2655 inest
2869 2599 2924 2654 in
2979 2600 3173 2665 nobis,
3215 2609 3439 2669 praeste-

1860 2710 2000 2749 mus.

1931 2893 2041 2951 Nec
2072 2910 2179 2951 non
2210 2905 2264 2950 et
2291 2909 2389 2965 pro
2460 2894 2665 2950 mundo
2711 2894 3048 2963 comprecari
3110 2888 3436 2961 tristarique

1859 2986 2162 3042 debemus:
2196 2986 2334 3051 Quid
2368 2986 2482 3040 ita?
2521 2984 2666 3054 quod
2707 2987 2856 3038 venit
2892 2984 2958 3038 ad
2999 2983 3187 3037 mundi
3224 2984 3438 3037 incolu-

1861 3078 2102 3132 mitatem
2134 3078 2226 3131 Dei
2255 3076 2444 3139 Filius,
2478 3076 2822 3146 mundusque
2845 3091 2968 3130 eum
2999 3074 3142 3130 serio
3166 3074 3437 3144 repudiat,

173 3159 361 3214 ἀθετεῖ
383 3158 572 3212 αὐτόν.
603 3157 916 3212 Ἀθετοῦσιν
961 3157 1123 3212 αὑτὸν
1161 3159 1323 3228 φυλαὶ⁹
1346 3161 1439 3211 καὶ
1473 3159 1716 3227 γλῶσσαι
1743 3178 1756 3191 ·

1867 3169 2058 3232 tribus,
2089 3169 2306 3239 linguae,
2359 3169 2933 3244 barbarenatioues,
2971 3176 3026 3222 et
3073 3166 3165 3236 qui
3209 3176 3442 3234 augusto

172 3250 465 3308 ἀθετοῦσιν
496 3249 664 3303 αὑτὸν
694 3251 760 3304 τὰ
788 3249 1042 3321 βὰρὸαρα
1070 3249 1200 3320 ἔθνη
1221 3267 1235 3280 ο
1279 3250 1561 3305 ἀθετοῦσιν
1595 3253 1758 3306 αὐτὸν

171 3345 222 3397 oi.
251 3343 313 3396 τὸ
331 3342 506 3413 ὄνομα
536 3340 706 3395 αὑτοῦ
731 3341 1153 3412 ἐπικεκλημένοι
1174 3342 1234 3395 τὸ
1265 3343 1419 3411 ἅγιον
1440 3360 1453 3372 ·
1470 3343 1520 3395 οί
1551 3343 1648 3413 μὲν
1669 3344 1760 3398 διὰ

173 3435 419 3498 πίστεως
449 3435 507 3486 ὲν
537 3433 896 3504 διαστρόφου,
931 3436 978 3486 oi
1011 3435 1068 3487 δὲ
1110 3433 1197 3486 διὰ
1253 3434 1492 3503 πονηροῦ
1524 3434 1660 3504 βίου.
1693 3435 1758 3488 Τί

175 3521 224 3575 δ’
257 3522 369 3575 ἔδει
402 3521 656 3592 ποιῆσαι,
685 3521 782 3574 καὶ
803 3522 901 3573 ούκ
934 3523 1226 3591 ὲποίησεν;
1276 3523 1408 3587 Θεὸς
1434 3522 1529 3587 ὢν,
1553 3524 1760 3594 ἄνθρω-

174 3630 273 3678 πος
298 3615 528 3682 γέγονεν
548 3626 587 3652 ω
617 3629 630 3642 ·
663 3613 1031 3666 ἐταπείνωσεν
1060 3615 1272 3676 ἑαυτὸν,
1297 3615 1586 3686 γενόμενος
1613 3618 1758 3687 ὑπή-

174 3723 298 3770 κοος
335 3706 502 3777 μέχρι
540 3715 569 3742 ιι
595 3704 854 3769 θανάτου,
901 3703 1134 3758 θανάτου
1166 3706 1224 3759 δὲ
1261 3707 1494 3777 σταυροῦ
1517 3725 1529 3735 ·
1563 3709 1763 3761 ἔδωκεν

173 3797 306 3866 ἡμῖν
359 3796 564 3849 ἐσθίειν
614 3794 678 3849 τδ
734 3794 893 3863 σῶμα
937 3795 1124 3858 αὐτοῦ,
1161 3798 1253 3849 καὶ
1283 3799 1458 3850 πίνειν
1481 3797 1542 3850 τὸ
1572 3795 1711 3869 αἷμα
1736 3807 1759 3833 °

173 3888 378 3941 αὐτοῦ’
424 3888 662 3958 ἠξίωσεν
722 3885 878 3957 ἡμῶν
927 3886 1211 3940 καλεῖσθαι
1265 3888 1471 3958 πατὴρ,
1507 3889 1757 3960 ἀδελφὸς,

175 3979 410 4050 κεφαλὴ,
459 3977 802 4039 διδάσκαλος,
853 3978 1085 4047 νυμφίος
1113 3990 1157 4042 Ρ,
1203 3979 1665 4052 συγκληρονόμος,
1695 3982 1760 4035 τὰ

172 4075 308 4129 ἄλλα
333 4075 513 4128 πάντα
541 4073 576 4127 ἃ
607 4073 711 4125 ούκ
738 4071 886 4124 ἔστιν
918 4070 1178 4140 εὔκαιρον
1225 4074 1426 4140 λέγειν.
1462 4074 1572 4127 Καὶ
1604 4076 1754 4144 ὅμως

1861 3259 1980 3327 ejus
2027 3260 2248 3313 nomine
2294 3269 2585 3320 vocentur,
2625 3258 2833 3327 opartim
2861 3258 2964 3311 lide
2997 3265 3275 3325 corrupta,
3316 3269 3440 3324 par-

1862 3352 1956 3404 tim
2015 3350 2280 3420 ﬂagitiosa
2333 3350 2463 3404 vita.
2519 3351 2657 3416 Quid
2711 3350 2914 3403 factum
2960 3347 3224 3417 oportuit,
3259 3359 3442 3415 neque

1863 3443 2034 3498 fecit?
2065 3444 2230 3498 homo
2257 3443 2501 3508 eﬂ'ectus,
2533 3443 2625 3512 qui
2659 3442 2799 3496 Deus
2839 3450 3004 3505 esset,
3036 3455 3094 3493 se
3122 3437 3339 3508 dejecit,
3374 3436 3441 3491 ad

1863 3548 2046 3588 necem
2072 3536 2451 3604 morigeratus,
2485 3550 2548 3588 ac
2577 3535 2664 3603 pol
2686 3532 2875 3589 Crueis
2899 3533 2966 3598 8°;
2991 3546 3191 3600 corpus
3215 3543 3443 3584 vescen-

1862 3627 1987 3681 dum
2023 3627 2271 3696 praebuit,
2310 3625 2718 3694 bibendumque
2745 3640 3028 3690 cruorem;
3062 3637 3161 3677 nec
3187 3621 3445 3691 dedigna-

1865 3727 1954 3771 tus
1989 3726 2071 3772 est
2099 3718 2367 3772 nominari
2401 3726 2555 3786 pater
2589 3732 2903 3786 germanus,
2933 3724 3117 3782 caput,
3155 3712 3436 3781 magister.

1868 3821 2104 3874 sponsus
2135 3845 2151 3871 ,
2203 3808 2451 3870 coheres,
2483 3807 2699 3875 aliaque
2736 3813 2954 3866 cuncta,
2991 3819 3112 3872 quae
3142 3799 3343 3854 referre
3375 3799 3447 3851 sit

1870 3900 2140 3965 alienum;
2166 3909 2219 3954 et
2248 3899 2524 3968 repudiari
2550 3898 2751 3968 patitur
2776 3907 2976 3959 tamen,
3001 3910 3127 3948 nam
3159 3891 3281 3947 Non
3306 3893 3443 3957 veni,

1869 3989 2065 4057 inquit,
2107 3999 2161 4041 ut
2195 3990 2423 4060 judicent
2453 3991 2723 4053 mundum,
2760 3990 2848 4042 sed
2888 3996 2942 4040 ut
2982 3985 3271 4053 salviﬁcem
3296 3999 3450 4035 utun-

1867 4081 2070 4137 dum“.

175 4167 452 4220 ἁθετείται
476 4205 490 4231 ,
521 4166 619 4219 καὶ
655 4164 807 4234 ὅμως
837 4163 992 4234 φέρει
1017 4179 1031 4194 °
1066 4167 1147 4219 Οὺ
1178 4163 1288 4233 γὰρ
1326 4161 1535 4234 ἦλθον,
1600 4169 1787 4236 φησὶν,
1832 4171 1931 4221 ἵνα
1998 4172 2176 4237 κρίνω
2200 4173 2306 4225 τὸν
2349 4173 2599 4240 κόσμον,
2647 4169 2808 4225 ἀλλὰ
2834 4169 2935 4221 ἵνα
2968 4166 3145 4220 σώσω
3191 4166 3296 4218 τὸν
3352 4163 3452 4216 κό-

175 4272 357 4324 σμον.

246 4346 314 4401 Τί
341 4347 436 4401 ούν
463 4345 618 4399 ἔστιν
674 4343 734 4396 ὲν
782 4343 989 4407 τούτοις
1022 4346 1216 4409 εἰπεῖν,
1270 4345 1529 4413 ἀδελφοίς
1561 4348 1682 4400 ’Ότι
1713 4350 1757 4400 ol

1937 4347 2144 4417 Ecquid
2173 4364 2303 4419 ergo
2339 4349 2393 4402 iu
2429 4349 2537 4413 his,
2560 4347 2777 4409 fratres,
2803 4346 3092 4400 dicendum
3118 4345 3234 4398 est?
3261 4343 3449 4412 genui-

177 4439 390 4509 γνήσιοι
427 4434 677 4507 μαθηταὶ
716 4437 774 4488 ἐν
800 4438 920 4500 ταῖς
973 4435 1295 4504 ἀθετήσεσιν
1323 4435 1433 4488 τῶν
1468 4438 1760 4508 συμμαθη-

176 4531 285 4584 τῶν
309 4531 633 4597 λυποῦνται,
656 4530 965 4593 δεικνύντες
1000 4532 1059 4584 τό
1085 4547 1148 4584 τε
1183 4530 1318 4600 πρὸς
1359 4531 1448 4584 τὸν
1502 4532 1757 4603 διδάσκα-

177 4625 289 4688 λον,
315 4626 408 4677 καὶ
437 4625 499 4677 τὸ
515 4625 658 4694 πρὸς
681 4623 808 4686 τοὺς
835 4623 1078 4693 μαθητὰς
1106 4625 1475 4693 ἀγαπητικόν·
1502 4625 1763 4688 ὡσαύτως

179 4715 275 4767 καὶ
295 4715 343 4767 oi
371 4715 593 4785 γνήσιοι
640 4711 820 4765 δοῦλοι
857 4713 914 4765 ὲν
943 4714 1064 4774 ταῖς
1112 4715 1471 4776 attenuant;
1499 4714 1606 4767 τῶν
1630 4717 1760 4784 ὀμο-

177 4804 380 4858 δούλων
413 4806 474 4859 τὸ
499 4806 633 4858 αὐτὸ
656 4803 979 4874 πάσχουσιν.

249 4895 350 4947 Διὰ
377 4894 540 4946 τοῦτο
578 4894 965 4961 προστάσσειὸ
997 4893 1170 4964 μέγας
1221 4891 1546 4954 Ἀπόστολος
1597 4893 1765 4944 ποιεῖ-

184 4988 305 5039 σθαι
330 4989 480 5057 ἡμᾶς
511 4985 780 5050 δεήσεις,
827 4987 1192 5054 προσευχὰς,
1239 4985 1560 5049 ἐντεύξεις,
1589 4989 1764 5054 εὐχα-

176 5080 415 5144 ριστίας
446 5088 466 5116 ι’
493 5080 649 5144 ὑπὲρ
707 5076 947 5130 πάντων
993 5079 1336 5145 ἀνθρώπων,
1382 5076 1532 5145 ὑπὲρ
1579 5080 1760 5141 ,Βασι-

183 5168 354 5235 λέων,
407 5169 507 5223 καὶ
568 5170 814 5223 πάντων
864 5169 981 5223 τῶν
1018 5168 1287 5238 ὑπεροχῇ
1329 5170 1540 5223 ὄντων.
1593 5169 1762 5231 Αὐτὸς

276 5332 321 5365 τ’
363 5334 526 5389 item.
568 5346 697 5399 vm,
731 5332 848 5387 5-7.

1859 4455 1959 4496 nos
2003 4439 2300 4509 discipulos
2346 4441 2397 4493 in
2431 4440 2930 4509 condiscipulorum
2968 4437 3152 4492 dolere
3187 4437 3447 4507 repudiis,

1860 4541 1972 4585 tum
2002 4531 2368 4602 praeceptoris.
2414 4539 2527 4582 tum
2559 4528 3064 4596 condiscipulorum
3095 4527 3447 4581 ostendentes

1862 4638 2102 4677 amorem
2153 4640 2166 4677 :
2220 4623 2469 4691 idemque
2509 4622 2727 4691 genuini
2765 4621 2909 4675 servi
2960 4619 3013 4672 in
3053 4633 3447 4674 conservorum

1865 4714 2102 4782 perﬁdiis
2131 4714 2391 4769 sentiunt.

1945 4897 2130 4964 Itaque
2180 4897 2335 4966 jubet
2391 4911 2620 4965 magnus
2681 4894 2977 4965 Apostolus
3039 4892 3445 4956 obsecrationes,

1873 4990 2155 5052 orationes,
2202 4987 2596 5056 postulationes,
2655 4987 2952 5056 gratiarum
3019 4985 3249 5039 actiones
3307 4984 3448 5037 obire

1870 5099 1964 5149 pro
2001 5082 2238 5134 omnibus
2266 5081 2584 5143 hominibus,
2621 5097 2714 5149 pro
2753 5080 2980 5150 regibus,
3015 5090 3062 5132 et
3095 5080 3334 5132 omnibus
3357 5085 3445 5147 qui

1873 5173 1924 5223 in
1961 5171 2279 5224 sublimitate
2317 5171 2521 5232 sunt“,
2556 5169 2622 5224 de
2647 5185 2704 5225 se
2737 5171 2785 5222 id
2818 5169 2946 5223 alibi
2987 5177 3215 5222 testatus
3246 5169 3298 5221 in
3335 5169 3443 5222 haec

947 5335 993 5366 ⁸⁰
1025 5333 1255 5404 Philipp.
1293 5349 1350 5398 ιι,
1379 5336 1438 5390 8.·
1510 5335 1553 5365 ει
1587 5333 1745 5400 Joan,
1774 5350 1868 5399 xu,
1912 5335 1998 5390 47.
2078 5336 2120 5366 "
2165 5335 2182 5385 Ι
2217 5333 2356 5386 Tim.
2389 5350 2446 5396 ll,
2485 5334 2530 5395 l,
2564 5335 2615 5386 2.

1471 5493 1700 5550 νΑιιιΕ
1737 5493 2140 5551 LECTIONES.

831 5609 854 5648 ά
886 5607 1018 5665 (ῖοά.
1049 5611 1194 5664 ναιὺν
1204 5651 1214 5662 .

751 5682 762 5719 ί
801 5678 933 5734 Cod.
969 5681 1082 5739 οὐκ.

794 5759 818 5786 °
849 5749 981 5806 Cod.
1019 5746 1176 5822 αἷμα.

277 5627 298 5655 ε
330 5615 468 5670 Cod.
513 5609 721 5680 ὲαύτῷ.

185 5700 296 5745 vui.
332 5686 385 5750 7,
419 5684 621 5756 ἔχθρα.

186 5765 210 5793 ¹³
264 5757 396 5811 Cod.
463 5757 675 5826 μέχρη.

185 5827 372 5900 legitur
401 5828 417 5882 Ι
445 5821 595 5882 Tini".
622 5838 688 5890 ιι,
721 5821 776 5874 ‘2.

1202 5693 1214 5731 ι
1252 5680 1737 5754 (Ἰαὼ-ὑφείλωμεν.

1335 5623 1356 5649 ο
1380 5610 1511 5665 Cod.
1538 5611 1879 5680 ἐξαγοράσει.

1854 5684 1877 5720 ¹ί
1910 5680 2043 5735 Cod.
2069 5680 2400 5747 οἰκονομίαν.

1289 5763 1314 5800 Ρ
1359 5751 1489 5806 Cod.
1545 5751 1792 5822 νύμφιος.

2469 5618 2490 5653 6
2534 5605 2688 5661 Rom.
2717 5623 2831 5667 \‘Itt,
2872 5604 2920 5668 5,
2949 5605 3120 5666 ὄντες.
3233 5605 3257 5642 ιι
3287 5602 3446 5656 Rom.

2491 5679 2500 5715 ι
2543 5679 2675 5731 Cod.
2703 5675 2883 5739 σώσει.
2966 5687 3000 5712 ιη
3027 5676 3157 5729 Cod.
3179 5675 3439 5741 γέγωνεν.

2649 5757 2669 5785 τ
2703 5748 2836 5801 (10d.
2860 5746 3008 5799 abest
3038 5761 3189 5814 prop.
3212 5748 3288 5810 ἐν,
3325 5760 3449 5812 qua:

1998 5609 2014 5649 ί
2043 5609 2350 5663 υίωΟεσίαν.

1909 5763 1934 5801 tl
1960 5753 2090 5806 God.
2135 5749 2531 5821 εὐχαριστείας.
