4000 6306
590 378 696 440 595

1771 377 1831 437 S.
1870 367 2263 435 THEODORI
2302 367 2646 433 STUDIT/E

3720 366 3832 431 596

587 485 796 544 verba:
841 484 1122 543 Veritatem
1145 487 1263 542 dico
1300 485 1357 542 in
1378 486 1610 550 Christo,
1647 499 1748 539 non
1796 485 2043 545 mentior,
2074 488 2149 533 te-

2261 475 2409 530 τοῦτο
2438 478 2562 548 περὶ
2597 478 2761 532 αὐτοῦ
2784 478 3016 551 ἀλλαχοῦ
3074 478 3267 547 λέγων.
3309 476 3626 546 Ἀλήθειαν
3666 476 3830 548 λέγω

589 580 893 634 stimom’um
915 579 1043 631 mihi
1070 579 1366 648 perhibente
1390 576 1705 633 conscientia
1740 590 1860 628 mea
1874 575 1925 626 in
1956 570 2157 638 Spiritu

2261 570 2323 624 ἐν
2373 570 2625 638 Χριστῷ,
2676 573 2748 625 οὐ
2800 572 3114 641 ψεύδομαι,
3144 571 3688 640 συμμαρτυρούσης
3709 567 3827 636 τῆς

591 680 797 732 sancto,
827 670 1075 739 quoniam
1124 671 1347 724 tristitia
1394 668 1524 722 mihi
1551 682 1740 737 magna
1780 673 1878 729 est,
1903 670 1953 717 et
1988 660 2159 715 conti-

2260 660 2669 728 συνειδήσεώς
2715 680 2835 732 μου
2862 663 2933 716 ἐν
2971 664 3268 731 Πνεύματι
3308 662 3475 729 ἁγίῳ,
3517 661 3606 713 ὅτι
3651 661 3823 727 λύπη

592 777 728 814 nuus
784 763 937 815 dolor
984 760 1133 815 cordi
1192 776 1327 816 meo.
1389 757 1649 829 Optabam
1723 757 1864 811 enim
1911 770 2003 824 ego
2048 752 2158 821 ipse

2261 755 2369 824 μού
2397 755 2527 807 ἐστι
2556 754 2788 824 μεγάλη
2806 754 2903 808 καί
2926 754 3308 819 ἀδιάλειπτος
3333 752 3522 819 ὀδύνη
3558 750 3636 819 τῇ
3674 766 3826 819 καρ-

593 852 871 907 anathema
897 868 1007 907 esse
1032 869 1066 906 a
1095 851 1304 906 Christo
1327 866 1422 919 pro
1448 848 1705 919 fratribus
1738 847 1887 910 meis,
1917 844 2007 915 qui
2032 850 2155 897 sunt

592 948 805 1015 cognati
856 946 959 999 mei
987 945 1271 999 secundum
1352 956 1564 995 carnem
1584 939 1653 994 ⁸³.
1708 935 1899 992 Viden’
1952 933 2157 990 amoris

593 1037 745 1093 vim?
792 1035 968 1090 viden‘
997 1034 1210 1090 culmen
1265 1030 1559 1084 amicitiai?
1587 1027 1771 1098 Neque
1802 1025 1950 1079 aliud
1982 1022 2159 1076 Moses

594 1136 819 1197 apparet
841 1126 950 1181 Deo
977 1126 1227 1195 loquens,
1261 1122 1320 1178 Si
1348 1122 1597 1184 remittis,
1639 1120 1843 1173 remitte
1872 1131 1998 1170 sane
2027 1116 2159 1166 hanc

594 1225 668 1276 eis
722 1236 954 1284 noxam;
1007 1220 1091 1273 sin
1114 1219 1289 1272 minus
1347 1218 1459 1271 dele
1505 1229 1811 1287 mequoque
1839 1221 1977 1266 etuo
2002 1211 2156 1276 libro,

593 1328 745 1385 quem
768 1311 1028 1382 scripsisti
1051 1308 1097 1340 ⁸⁸

668 1479 838 1551 Igitur
889 1493 991 1534 nos
1040 1490 1293 1548 quoque,
1349 1490 1449 1535 ceu
1508 1476 1772 1548 genuinos
1823 1471 2157 1542 discipulos,

2256 846 2356 915 δίᾳ
2378 864 2517 916 μουσ
2544 849 2813 917 εὐχόμην
2839 859 2861 886 ⁸
2885 847 2995 916 γὰρ
3026 847 3207 912 αὐτὸς
3239 844 3353 915 ἐγὼ
3384 845 3647 913 ἀνάθεμα
3666 839 3826 897 εἶναι

2257 938 2375 992 ἀπὸ
2393 939 2501 992 τοῦ
2523 939 2781 1007 Χριστοῦ
2805 939 2957 1007 ὑπὲρ
2976 937 3093 991 τῶν
3114 936 3388 1006 ἀδελφῶν
3402 954 3520 1005 μου
3538 934 3657 987 τῶν
3670 948 3826 1003 συγ-

2258 1027 2447 1098 γενῶν
2476 1030 2494 1065 ⁸
2521 1029 2669 1083 κατὰ
2697 1029 2911 1096 σάρκα.
2949 1026 3101 1091 Εἶδες
3133 1029 3352 1098 ἀγάπης
3378 1026 3638 1098 δύναμινς
3667 1020 3826 1086 Εἶδες

2260 1119 2392 1189 ὕψος
2415 1121 2636 1189 φιλίας;
2669 1120 2841 1174 Τοῦτο
2874 1120 2967 1173 καὶ
2991 1123 3019 1173 ὁ
3038 1118 3242 1188 Μώσης
3266 1119 3515 1187 φαίνεται
3557 1116 3694 1185 πρὸς
3728 1115 3826 1167 τὸν

2258 1211 2391 1263 Θεὸν
2417 1212 2610 1279 λέγων’
2639 1214 2707 1266 El
2748 1213 2866 1282 μὲν
2903 1211 3075 1281 ἀφεῖς
3106 1210 3311 1277 αὐτοῖς
3360 1209 3478 1277 τὴν
3504 1208 3820 1277 ἁμαρτίαν,

2260 1301 2438 1371 ἄφες·
2464 1306 2513 1356 et
2536 1302 2605 1356 δὲ
2625 1304 2735 1372 μὴ,
2759 1304 2911 1373 κάμὲ
2937 1304 3266 1372 έξάλειψον
3294 1314 3323 1343 ιι
3346 1302 3415 1355 ἐκ
3441 1298 3549 1368 τῆς
3575 1299 3823 1364 βίαιον.

2259 1389 2329 1464 ἧς
2361 1396 2649 1465 iniustae-

2331 1484 2520 1547 Οὕτως
2546 1480 2639 1538 οὖν
2682 1483 2777 1537 καὶ
2829 1483 3011 1552 ἡμεῖς.
3056 1482 3132 1543 ὡς
3188 1480 3396 1551 γνήσιοι
3451 1477 3708 1549 μαθηταὶ,
3745 1473 3825 1527 ὀὐ

599 1587 707 1627 non
758 1571 1097 1626 adulterinos
1137 1571 1281 1624 haud
1316 1580 1507 1625 nostra
1554 1569 1732 1623 solum
1784 1575 2031 1637 spectare
2062 1579 2161 1635 par

2261 1576 2424 1636 νόθοι,
2450 1576 2511 1628 ού
2538 1576 2699 1645 μόνον
2725 1575 3014 1644 ὀφείλομεν
3061 1572 3123 1625 τὸ
3174 1571 3295 1625 καθ’
3341 1571 3531 1624 ἑαυτὸν
3578 1568 3823 1632 σκοπεῖν,

595 1672 702 1729 est,
737 1663 869 1734 quin
901 1670 956 1717 et
980 1677 1082 1732 pro
1104 1661 1392 1725 fratribus,
1431 1667 1653 1729 totoque
1679 1658 1884 1713 mundo
1918 1655 2066 1727 angi,
2094 1670 2158 1711 ac

2261 1667 2396 1721 ἀλλὰ
2427 1667 2521 1718 καὶ
2554 1666 2692 1735 ὑπὲρ
2712 1664 2819 1718 τῶν
2844 1663 3108 1734 ἀδελφῶν,
3131 1662 3227 1715 καὶ
3252 1660 3451 1724 παντὸς
3471 1656 3565 1712 τοῦ
3591 1657 3823 1726 κόσμου,

595 1730 936 1825 οοιηριεςπὶ
972 1730 997 1808 ε*
1028 1754 1104 1809 ita
1143 1754 1288 1809 enim
1330 1759 1554 1822 accepta
1582 1749 1693 1807 Deo
1732 1749 1993 1806 facientes
2015 1789 2031 1814 ,
2062 1763 2160 1819 pe-

2262 1757 2355 1810 καὶ
2371 1730 2676 1818 λυπεῖσθαι,
2688 1756 2780 1807 καὶ⁵
2798 1730 3218 1824 προσεύχεσθαι.
3236 1749 3392 1803 Οὕτω
3402 1748 3512 1819 γὰρ
3527 1747 3595 1800 τὰ
3611 1744 3819 1816 ἀρεστὰ

597 1850 787 1903 renuis
830 1847 950 1901 vitae
996 1846 1366 1900 haereditatem
1417 1858 1704 1900 cernemus
1751 1858 1849 1913 per
1882 1841 2161 1897 Christum

2261 1853 2453 1921 Κυρίῳ
2477 1850 2758 1913 ποιοῦντες
2790 1848 3116 1920 κληρονόμοι
3142 1843 3485 1916 γενησόμεθα
3512 1844 3656 1912 ζωῆς
3692 1840 3827 1892 alw-

598 1938 784 1993 Jesnm
832 1937 1122 1992 Dominum
1160 1946 1428 2003 nostrum,
1464 1935 1551 1991 cui
1581 1934 1753 2006 gloria
1783 1942 1838 1989 et
1874 1932 2160 2002 imperium

2261 1941 2398 2005 νίου,
2439 1943 2496 1994 ὲν
2534 1939 2759 2012 Χριστῷ
2784 1939 2961 2010 Ἰησοῦ
2986 1938 3063 2009 τῷ
3092 1938 3283 2007 Κυρίῳ
3325 1934 3505 2007 ἡμῶν
3530 1926 3574 2001 ᾧ
3613 1934 3649 2002 ἡ
3673 1930 3824 1996 δόξα,

596 2031 722 2089 cuin
754 2033 936 2100 Patre,
970 2049 1037 2088 ac
1070 2041 1267 2087 sancto
1304 2030 1537 2099 Spiritu,
1574 2045 1743 2098 nunc,
1776 2037 1831 2085 et
1859 2042 2076 2099 semper
2103 2026 2161 2082 in

2261 2032 2356 2087 καὶ
2383 2032 2444 2084 τὸ
2475 2032 2675 2101 κράτος
2712 2031 2809 2083 σὺν
2835 2030 2912 2099 τῷ
2934 2030 3108 2098 Πατρὶ
3134 2027 3231 2081 καὶ
3258 2025 3336 2096 τῷ
3367 2025 3506 2094 ἁγίῳ
3522 2022 3824 2091 Πνεύματι,

593 2139 926 2196 omnemque
954 2124 1395 2195 perpetuitatem.
1427 2122 1625 2176 Amen.

1160 2235 1390 2293 SERMO
1428 2236 1589 2297 LXV.

706 2329 773 2387 In
801 2331 1273 2387 Annuntiationem
1314 2329 1565 2385 secunda.
1597 2328 1676 2384 De
1712 2330 2050 2401 Virginitate.

665 2422 891 2478 Fratres
945 2422 1262 2492 Patresque,
1293 2430 1645 2491 posteaquam
1672 2422 1823 2476 adest
1852 2423 2156 2477 Annuntia-

596 2515 700 2577 tio,
731 2530 900 2584 pauca
933 2514 1180 2583 quaedam
1216 2529 1281 2567 ex
1310 2528 1372 2567 ea
1405 2514 1561 2567 vobis
1594 2514 1864 2569 disserere
1896 2515 2156 2581 conabor,

591 2605 721 2661 hinc
770 2606 1062 2660 ostendens
1108 2605 1434 2673 virginitatis
1484 2621 1758 2659 summum
1793 2622 1914 2661 esse
1951 2616 2155 2675 votum,

2258 2122 2355 2176 νῦν
2376 2124 2469 2175 καὶ
2498 2123 2713 2185 ἁεὶ,καὶ
2742 2122 2822 2184 είς
2838 2120 2971 2190 τοὺς
2994 2119 3194 2181 αἰῶνας
3214 2117 3324 2171 τῶν
3360 2111 3593 2169 αἰώνων.
3626 2112 3823 2180 ⁹Δμήν.

2853 2234 3071 2287 ΛΟΓΟΣ
3107 2231 3222 2286 EE’.

2259 2328 2362 2393 Εἰς
2394 2327 2499 2380 τὸν
2532 2328 2985 2395 Εῠαττελισμὸν
3010 2326 3192 2393 λόγος
3222 2324 3290 2378 θ.
3322 2321 3459 2391 Περὶ
3481 2318 3822 2388 παρθενίας.

2329 2418 2575 2488 Ἀδελφοί.
2616 2419 2711 2471 καὶ
2766 2417 3042 2485 Πατέρες¹,
3106 2415 3293 2484 ἐπειδὴ
3337 2416 3366 2467 ὁ
3412 2409 3825 2479 Εὗαγγελισμὺς

2257 2508 2512 2579 πάρεστι,
2537 2506 2631 2560 τοῦ
2661 2505 3070 2576 Εύαγγελισμοῦ
3096 2505 3226 2574 ὑμῖν
3247 2501 3452 2573 βραχέα
3478 2498 3601 2552 τινὰ
3626 2497 3823 2566 πειρά-

2260 2620 2424 2676 σομαι
2447 2612 2472 2639 ν
2502 2602 2874 2673 διαλεχθῆναι,
2898 2601 3112 2663 δεικνὺς
3160 2597 3433 2663 ἐντεῦθεν,
3462 2595 3537 2658 ὡς
3567 2591 3825 2664 μέγισετόν

591 2698 739 2769 quod
779 2696 1029 2766 amplecti
1070 2696 1393 2751 meruimus.
1444 2695 1579 2750 Nam
1634 2697 1723 2751 cui
1768 2694 1985 2752 Gabriel
2024 2699 2160 2756 dixit

2261 2696 2374 2749 ἐστι
2390 2694 2450 2745 τὸ
2480 2694 2577 2762 τῆς
2608 2691 2903 2763 παρθενίας
2931 2688 3279 2760 ἐπάγγελμα,
3310 2689 3447 2759 ὅπερ
3469 2684 3824 2739 ἀσπάσασθαι

591 2791 838 2858 angelus.
872 2791 999 2855 Ave,
1027 2790 1200 2859 gratia
1233 2788 1426 2858 plena;
1462 2789 1718 2843 Dominus
1752 2800 1921 2844 tecum
1941 2791 2158 2849 "?non

2258 2782 2568 2852 κατηξιώθη
2580 2800 2698 2852 μεν.
2728 2782 2969 2854 Τίνινγὰρ
3002 2783 3029 2835 ὁ
3065 2782 3297 2850 ἄγγελος
3327 2778 3566 2851 Γαϐριὴλ
3592 2778 3783 2848 εἴρηκε
3807 2793 3823 2809 ο

591 2889 798 2936 sanctae
837 2881 1041 2949 Virgini
1083 2880 1308 2935 Mariae?
1344 2880 1424 2935 Ex
1474 2897 1580 2951 qua
1613 2898 1840 2952 corpore
1870 2894 2158 2942 contracto

2261 2874 2451 2943 Χαῖρε,
2499 2874 2932 2943 κεχαριτωμένη
2964 2886 3012 2938 κ,
3048 2876 3081 2927 ό
3104 2874 3318 2940 Κύριος
3346 2872 3495 2941 μετὰ
3522 2868 3637 2926 σοῦ
3649 2887 3670 2935 ;
3693 2870 3827 2938 Οὑχί

592 2973 758 3041 Deus,
783 2987 837 3031 et
859 2974 1095 3032 Verbum
1120 2976 1338 3031 homine
1364 2992 1424 3034 se
1455 2976 1735 3033 devinxit?
1762 2977 1880 3034 Non
1903 2995 1969 3036 ex
1998 2981 2154 3038 beata

2261 2969 2322 3038 τῇ
2354 2966 2488 3037 ἁγίᾳ
2518 2964 2781 3037 Παρθένῳ
2812 2958 3032 3035 Μαρίας
3076 2965 3186 3017 Καὶ
3215 2966 3281 3017 ὲκ
3326 2964 3471 3026 τίνος
3522 2961 3827 3031 σαρκωθεὶς

590 3064 816 3138 Virgine
835 3068 859 3122 ?

662 3249 885 3307 Scilicet
934 3251 1220 3324 virginitas
1280 3259 1365 3308 est
1422 3267 1545 3322 quae
1608 3262 1930 3311 cunctorum
1996 3253 2165 3313 edidit

591 3342 760 3400 vitam
822 3345 1007 3414 regina
1059 3346 1340 3409 virtutum,
1401 3361 1624 3414 sponsa,
1695 3354 1858 3417 atque
1917 3349 2162 3417 pronuba

593 3434 820 3491 Christi.
852 3439 953 3499 Ac,
987 3439 1031 3493 si
1066 3439 1260 3507 placet,
1295 3437 1524 3492 Paulum
1553 3440 1822 3494 dicentem
1851 3442 2159 3506 audiamus,

595 3526 700 3598 Qui
727 3530 838 3582 sine
866 3544 1031 3582 uxore
1068 3540 1169 3592 est,
1210 3532 1474 3585 sollicitus
1507 3541 1582 3585 est
1620 3549 1736 3602 qure
1776 3532 1988 3586 Domini
2017 3543 2161 3601 sunt,

593 3622 851 3691 quomodo
892 3621 1098 3689 placeat
1147 3622 1289 3687 Deo;
1331 3625 1421 3691 qui
1467 3633 1640 3675 autem
1686 3641 1804 3676 cum
1846 3640 2006 3679 uxore
2061 3635 2160 3690 est,

596 3714 860 3769 sollicitus
923 3726 1000 3767 est
1048 3731 1164 3783 qua:
1224 3725 1343 3769 sunt
1396 3717 1601 3781 mundi,
1651 3732 1837 3787 quanto
1857 3718 1909 3771 lo
1957 3717 2165 3787 placeat

596 3808 772 3861 uxori.
829 3806 1116 3877 Divisa’que
1160 3818 1281 3862 sunt
1331 3810 1541 3871 mulier,
1592 3821 1641 3863 et
1690 3811 1837 3880 virgo
1878 3827 1897 3866 :
1939 3813 2164 3882 innupta

596 3900 791 3969 cogitat
833 3916 946 3973 qua
983 3900 1195 3953 Domini
1236 3909 1377 3965 sunt,
1415 3910 1472 3954 ut
1506 3902 1571 3955 sit
1616 3913 1804 3955 sancta
1838 3914 1888 3959 et
1925 3921 2159 3974 corpore,

596 3999 647 4045 et
687 3991 879 4061 spiritu
904 4007 923 4045 :
957 4006 1073 4060 quin
1102 4002 1277 4043 autem
1318 4001 1480 4059 nupta
1527 4003 1624 4057 est,
1661 3995 1856 4063 cogitat
1891 4011 2007 4065 qua:
2043 4005 2165 4050 sunt

597 4085 802 4151 mundi,
846 4085 1104 4155 quomodo
1153 4085 1359 4155 placeat
1406 4086 1516 4138 viro
1539 4086 1605 4140 ⁸⁵.
1656 4083 1848 4140 Viden‘
1896 4089 2165 4145 orationis

598 4180 733 4242 vim,
793 4178 1250 4247 quemadmodum
1304 4178 1444 4232 haud
1488 4177 1657 4232 otium
1711 4179 1913 4234 ducant
1963 4184 2165 4252 nuptias

602 4270 885 4326 Dominica
916 4287 1134 4337 curare,
1168 4273 1263 4326 sed
1294 4271 1612 4328 mundana?
1656 4280 1717 4327 ut
1741 4272 2038 4344 virginitati
2067 4292 2165 4346 po—

596 4365 705 4420 tior
747 4364 951 4421 tributa
982 4379 1110 4434 pars
1138 4364 1228 4421 sit.

665 4498 807 4566 Quin
862 4500 1091 4569 primas
1119 4497 1172 4551 in
1228 4497 1438 4552 caelesti
1486 4513 1707 4568 quoque
1745 4514 1913 4568 regno
1952 4499 2165 4555 obtinet

595 4594 927 4664 virginitas:
966 4593 1234 4662 siquidem
1282 4591 1337 4644 in
1386 4590 1530 4645 beati
1574 4590 1804 4647 Joannis
1840 4593 2164 4664 Apocalypsi

597 4688 793 4757 legitur
840 4686 893 4740 in
927 4686 1041 4739 Ι)ωο
1087 4684 1245 4738 verba
1275 4701 1287 4737 :
1320 4682 1393 4736 Hi
1428 4695 1549 4738 sunt
1586 4686 1819 4753 quicum
1859 4686 2166 4739 mulieribus

597 4797 702 4832 non
728 4790 849 4833 sunt
878 4779 1205 4847 coinquinati
1226 4792 1243 4830 :
1264 4779 1486 4848 virgines
1510 4782 1647 4833 enim
1668 4779 1911 4848 suttt(l5)
1932 4799 1944 4846 ;
1967 4782 2020 4833 lii
2046 4790 2166 4834 sunt

595 4874 686 4943 qui
706 4883 996 4942 sequuntur
1022 4871 1247 4941 Agnum,
1275 4888 1579 4942 quocunque
1604 4874 1722 4927 ierit
1745 4873 1812 4929 ⁸⁷.
1844 4872 2023 4945 Papae,
2055 4892 2165 4948 qua

2186 3050 2230 3110 C
2263 3054 2685 3125 ὲνηνθρὼπησεν
2721 3053 2883 3117 αὐτὸς
2913 3055 2940 3107 ὁ
2964 3053 3095 3117 Θεὸς
3124 3054 3221 3107 καὶ
3251 3052 3408 3122 λόγος
3433 3070 3449 3119 ;
3502 3052 3615 3106 Οὐκ
3640 3051 3702 3116 ἐξ
3724 3051 3825 3104 αὑ-

2264 3150 2366 3219 τῆς
2386 3149 2483 3216 τῆς
2508 3147 2783 3218 μακαρίας
2804 3146 3079 3218 Παρθένου
3103 3163 3119 3214 ;

2337 3238 2612 3309 Παρθενία
2641 3238 2933 3308 τοιγαροῦν
2961 3240 3109 3291 ἔστιν
3129 3240 3162 3308 ἡ
3186 3238 3535 3309 βλαστήσασα
3564 3237 3663 3307 τὴν
3683 3238 3831 3309 ζωὴν

2266 3329 2377 3383 τῶν
2405 3328 2679 3382 ἁπάντων.
2730 3327 3004 3399 Παρθενία
3048 3327 3197 3379 ἐστὶν
3231 3336 3257 3374 Y
3291 3330 3323 3396 ἡ
3353 3328 3638 3396 βασίλισσα
3667 3336 3690 3364 ⁸
3718 3328 3831 3380 τῶν

2267 3422 2500 3494 ἀρετῶν.
2523 3418 2796 3493 Παρθενία
2832 3420 2979 3474 ἐστὶν
3008 3421 3041 3492 ή
3076 3419 3265 3491 νύμφη
3306 3421 3401 3473 καὶ
3438 3420 3779 3493 νυμφεύτρια
3801 3433 3829 3463 ι

2267 3516 2526 3586 Χριστοῦ·
2560 3516 2675 3578 καὶ,
2699 3514 2747 3567 εί
2769 3513 3024 3584 βούλεσθε
3058 3514 3109 3577 δ,
3137 3512 3500 3583 ἀκουσώμεθα
3526 3512 3620 3566 τοῦ
3649 3530 3831 3585 μακα-

2273 3605 2385 3676 ρίου
2427 3603 2638 3657 Παύλου
2667 3604 2950 3671 λέγοντος·
2996 3603 3059 3658 '0
3090 3603 3315 3673 ἄγαμος
3343 3600 3595 3672 μεριμνᾷ
3624 3603 3698 3657 τὰ
3723 3603 3833 3657 τοῦ

2267 3698 2510 3765 Κυρίου,
2532 3693 2657 3761 πῶς
2715 3695 2920 3763 ἀρέσει
2969 3695 3050 3761 τῷ
3099 3696 3294 3763 Κυρίῳ
3321 3712 3334 3724 ·
3376 3697 3408 3747 ὀ
3458 3693 3528 3747 δὲ
3554 3694 3835 3765 γαμήσας

2264 3785 2517 3859 μεριμνᾷ
2541 3786 2612 3839 τὰ
2627 3786 2731 3840 τοῦ
2755 3788 3007 3856 κόσμου,
3036 3785 3161 3852 πῶς
3191 3786 3411 3854 ἀρέσει’
3443 3783 3520 3853 τῇ
3570 3788 3832 3855 γυναικί.

2268 3881 2624 3950 Μεμέρισται
2678 3880 2776 3932 καὶ
2826 3882 2863 3948 ἡ
2924 3879 3078 3950 γυνὴ
3124 3892 3146 3919 ο
3174 3880 3272 3933 καὶ
3310 3882 3348 3948 ὴ
3417 3880 3710 3946 παρθένος
3737 3895 3755 3911 °
3793 3880 3835 3948 ἠ

2269 3970 2493 4039 ἄγαμος
2510 3969 2763 4040 μεριμνᾷ
2796 3969 2868 4023 τὰ
2911 3968 3017 4024 τοῦ
3065 3971 3308 4038 Κυρίου,
3340 3970 3441 4023 ἵνα
3464 3962 3507 4038 ᾖ
3550 3967 3691 4034 ἁγία
3734 3968 3836 4022 καὶ

2268 4060 2494 4130 σώματι
2522 4063 2619 4116 καὶ
2644 4064 2933 4132 πνεύματι
2955 4079 2972 4095 ο
2996 4065 3035 4131 ἡ
3072 4062 3141 4115 δὲ
3199 4062 3528 4131 γαμήσασα
3579 4056 3837 4128 μεριμνᾷ

2267 4154 2341 4206 τὰ
2372 4153 2475 4207 τοῦ
2510 4156 2761 4222 κόσμου,
2801 4154 2926 4220 πῶς
2950 4154 3153 4222 ἀρέσει
3180 4154 3261 4219 τῷ
3287 4154 3479 4223 ἀνδρί.
3522 4152 3714 4223 Ὁρᾶτε
3738 4152 3832 4206 τοῦ

2268 4243 2426 4310 λόγου
2456 4243 2551 4309 τὴν
2581 4243 2840 4314 δύναμιν·
2893 4244 3012 4308 πῶς
3060 4246 3160 4297 οὑκ
3206 4244 3330 4314 ἄγει
3378 4245 3572 4316 σχολὴν
3595 4247 3625 4298 ὁ
3656 4244 3833 4313 γάμος

2275 4336 2544 4405 μεριμνᾷν
2569 4335 2637 4388 τὰ
2666 4334 2760 4388 τοῦ
2791 4334 3021 4406 Κυρίου,
3053 4336 3191 4390 ἀλλὰ
3223 4336 3290 4389 τὰ
3336 4336 3431 4389 τοῦ
3480 4336 3724 4405 κόσμου;
3754 4334 3833 4405 Τῇ

2196 4400 2241 4455 D
2270 4400 2538 4495 τιαρθενία
2563 4420 2656 4477 οὖν
2688 4428 2720 4493 ἡ
2748 4400 2924 4496 ἀγαθὴ
2956 4427 3115 4497 μερὶς
3137 4419 3425 4496 ’ἀποκεκλή
3437 4400 3624 4495 pomi.

2333 4514 2494 4568 Ἀλλὰ
2523 4516 2633 4584 γὰρ
2668 4517 2761 4567 καὶ
2786 4518 2845 4568 ὲν
2878 4520 2943 4585 τῇ
2978 4515 3222 4586 βασιλείᾳ
3253 4516 3360 4568 τῶν
3392 4515 3637 4585 οὐρανῶν
3689 4529 3832 4583 παρ-

2264 4604 2414 4657 θενία
2446 4604 2473 4644 ἀ
2502 4604 2569 4657 τὰ
2598 4609 2837 4675 πρωτεῖα
2864 4607 3120 4675 φέρεται·
3158 4609 3249 4659 καὶ
3276 4606 3405 4674 γοῦν
3437 4606 3746 4674 γέγραπται
3779 4607 3835 4655 ὲν

2264 4698 2330 4767 τῇ
2364 4696 2733 4765 Ἀποκαλύψει
2768 4696 2862 4749 τοῦ
2886 4698 3041 4765 ἁγίου
3068 4699 3314 4750 Ἰωάννου
3372 4697 3519 4751 τάδε·
3554 4692 3733 4753 Οὗτοι
3760 4697 3835 4749 εὶ-

2266 4800 2370 4838 σιν
2401 4798 2422 4824 ο
2456 4786 2513 4839 οἲ
2530 4788 2682 4853 μετὰ
2707 4783 3007 4855 γυναικῶν
3031 4789 3141 4841 οὐκ
3198 4788 3627 4857 ἐμολύνθησαν
3647 4803 3663 4816 ’
3697 4802 3837 4852 παρ-

2274 4876 2429 4930 θένοι
2464 4876 2572 4946 γάρ
2601 4880 2717 4930 εἱσι
2738 4894 2751 4907 ·
2801 4872 2967 4932 οὗτοι
3013 4880 3173 4931 είσιν
3201 4878 3216 4915 ί
3250 4881 3303 4931 οί
3359 4876 3836 4940 ἀκολουθοῦντες

667 5012 719 5045 ⁸⁸
750 5012 908 5065 Rom.
937 5025 1014 5073 ιιι,
1049 5009 1100 5076 l,
1126 5009 1180 5063 5.
1256 5008 1303 5041 ⁸⁵
1340 5007 1511 5065 Exod.
1541 5027 1716 5077 χχχιι,
1749 5011 1838 5067 51.
1916 5013 1959 5047 ⁸³
1998 5013 2129 5069 Luc.

2261 5015 2325 5072 28.
2400 5018 2445 5048 ⁸⁸
2484 5016 2501 5070 l
2533 5017 2661 5071 Cor.
2693 5030 2790 5084 vn,
2822 5015 2908 5082 52,
2946 5015 3035 5070 34.
3109 5015 3152 5047 ⁸⁷
3191 5016 3358 5085 Apoc.
3392 5031 3504 5082 xxv,
3538 5013 3605 5083 ι.

1838 5125 2071 5182 VARI/ﬁ

2129 5128 2535 5185 LECTIONES.

662 5240 685 5267 ο
709 5226 840 5312 aridi
859 5226 956 5312 Illic
990 5222 1155 5277 codex
1182 5222 1559 5312 pluribusilli‘s
1589 5225 2021 5312 plotest,qt_tinholc
2049 5227 2167 5312 loco
2199 5226 2635 5312 leguntaixélpnv
2665 5241 2763 5295 pro
2780 5227 3055 5312 ﬂbxdpn’v.
3124 5223 3469 5312 ‘Aljiestpoo,
3488 5223 3632 5312 quod
3645 5238 3832 5312 “penes

600 5298 829 5353 Paulum
859 5296 1104 5362 legimus.
1218 5305 1245 5331 υ
1276 5294 1406 5347 Cod.
1434 5295 1724 5362 ὲξὰληψον.

602 5364 1025 5435 κεχαριτομένην
1098 5373 1126 5412 γ
1161 5362 1298 5417 Cod.
1325 5364 1497 5435 AEO’TW
1526 5374 1579 5417 et
1604 5365 1682 5417 sic
1719 5379 1898 5430 porro.
1980 5374 2001 5401 κ
2032 5362 2163 5419 eos.

1842 5305 1863 5330 ν
1892 5295 2025 5349 Cod.
2051 5295 2269 5363 Βράκεα
2291 5309 2340 5350 et
2370 5295 2741 5367 πειράσωμαι.
2776 5296 2903 5353 Post
2942 5298 3173 5366 πάρεστι
3202 5295 3355 5348 deest
3383 5312 3451 5347 πε
3495 5295 3531 5347 ί.

1842 5380 1898 5418 '0.
1980 5374 2001 5401 π
2032 5367 2163 5419 Cod.
2197 5365 2533 5433 βασίλεισσα.
2612 5380 2637 5405 α
2665 5367 2796 5423 Cod.
2826 5365 3211 5433 μεριμνητρία.
3294 5363 3322 5402 δ
3350 5314 3489 5418 ϐοαί
3525 5368 3531 5433 1

2232 5384 2533 5420 ασιΛεισσα.

3644 5301 3677 5329 ι·
3695 5292 3826 5348 Cod.

3525 5362 3828 5433 βούλεσθαι.

2612 5360 2637 5405 ἀ
2665 5367 2796 5423 Cod.
2826 5360 3211 5437 μεριμνὴτρία.
3294 5363 3322 5402 δ
3350 5360 3487 5418 Cod.

603 5447 626 5477 ε
645 5431 1100 5507 Νοιίιιιιιόιιιιᾰιὶιί,
1124 5433 1479 5507 multiplicem
1500 5450 1621 5507 esse
1648 5447 1758 5487 tum
1783 5436 1923 5503 apud
1939 5435 2154 5489 Graecos
2174 5431 2285 5507 tum
2312 5438 2452 5505 apud
2477 5436 2696 5492 Latinos
2722 5446 2777 5492 et
2803 5431 3021 5507 legendi
3040 5431 3710 5507 ét'interpungendihujus
3730 5431 3830 5507 loci

605 5510 891 5579 rationem.
919 5505 1286 5579 _Re_tin_emlam
1316 5520 1498 5579 por_ro_
1518 5506 1603 5579 hic
1634 5520 1753 5579 eam
1783 5506 1993 5579 censui,
2034 5521 2197 5573 quam
2238 5506 2510 5579 indcodice
2562 5508 2760 5579 reperi.

602 5587 657 5631 ct
686 5577 843 5640 infra,
880 5574 1025 5628 οὑτοι
1054 5572 1211 5628 εἶσιν.

2865 5502 2890 5546 δ
2916 5506 3050 5562 Cod.
3075 5502 3394 5578 παρθενείαξ
3507 5518 3530 5544 ε
3554 5503 3690 5561 Cod.
3744 5502 3830 5559 hic

1328 5574 1343 5613 ί
1388 5572 1523 5629 Cod.
1557 5573 1783 5629 Barber.
1818 5576 2021 5630 omittit
2050 5570 2231 5641 Voces,
2255 5570 2401 5631 οὗτοί
2428 5580 2588 5632 εἰσιν.

2104 5689 2333 5749 NOTAE.

674 5805 785 5873 (l5)
825 5804 1054 5861 Deerant
1091 5806 1143 5861 in
1175 5814 1383 5871 nostro,
1421 5822 1540 5876 quae
1571 5821 1635 5860 ex
1668 5804 1765 5859 Vat
1821 5804 2020 5860 addidi.
