4000 6306
175 306 276 368 597

1333 315 1639 378 SERMON
1642 319 1732 379 ES
1755 273 2273 391 CATECHETICI.

3321 332 3428 396 598

176 415 260 483 τῷ
295 417 484 485 ἀρνίῳ
517 418 674 473 ὅπου
710 421 944 489 ὑπάγει.
976 421 1149 475 Βαϐαῖ
1201 422 1300 492 τῆς
1345 426 1661 497 παρεδρίας,
1695 423 1760 499 ἧς

1865 436 2217 504 praerogativa
2266 445 2392 492 sunt
2431 436 2606 491 all‘ecti
2644 437 2736 507 qui
2777 438 3140 510 virginitatem
3187 444 3428 510 comple-

180 507 500 580 ἠξιώθησαν
519 511 571 561 οἱ
614 510 715 580 τὴν
770 512 1062 581 παρθενίαν
1091 510 1336 583 ἑλόμενοι
1371 519 1415 583 5,
1443 519 1491 569 οί
1533 521 1759 575 συνεπό-

182 615 334 668 μενοι
363 599 596 671 Χριστῷ
620 603 714 655 καὶ
754 604 1290 675 συνευφραινόμενοιι.

250 691 419 744 Ἀλλὰ
479 693 870 763 σκοπήσωμεν,
924 694 1162 764 ἀδελφοὶ,
1209 698 1292 751 ὅτι
1335 697 1564 752 καθόσον
1597 701 1759 769 μέγα,

179 781 277 832 καὶ
302 782 583 850 ὑπερφυὲς
611 782 673 834 τὸ
704 784 1057 853 κατόρθωμα,
1107 787 1249 840 κατὰ
1304 788 1555 842 τοσοῦτον
1612 791 1705 842 καὶ
1734 793 1763 843 ὁ

178 871 458 941 λυμεὼνὶι
512 875 613 944 τῆς
670 874 813 946 ζωῆς
865 877 1024 946 ἡμῶν
1088 878 1330 942 διάϐολος
1390 882 1528 951 ὑπὲρ
1588 885 1762 936 πάντα

177 963 250 1014 τὰ
279 964 428 1034 πάθη
467 963 724 1034 ἐντούτῳ
777 969 1029 1036 πειρᾶται
1071 970 1218 1039 ἡμᾶς
1269 971 1616 1026 καταϐαλεῖν.
1655 976 1764 1028 Καὶ

178 1055 345 1115 ὅσους
383 1054 485 1124 μὲν
520 1055 819 1107 κατέϐαλεν
845 1058 901 1123 ἐξ
930 1058 1144 1125 αἰῶνος,
1172 1060 1256 1123 τίς
1291 1061 1356 1114 ἂν
1401 1065 1494 1116 καὶ
1549 1065 1763 1135 ἐξαριθ-

185 1146 455 1214 μήσειεν;
505 1147 592 1209 Ὠς
622 1147 676 1198 δὲ
705 1148 814 1214 ἐγὼ
864 1149 1069 1218 ἥκουσα
1124 1153 1273 1222 παρὰ
1305 1155 1398 1207 τοῦ
1433 1151 1491 1209 εὖ
1539 1157 1758 1226 εἰδότος,

182 1235 267 1287 ὅτι
301 1236 398 1288 καὶ⁵
429 1235 522 1288 νῦν
557 1238 615 1288 ὲν
640 1239 706 1307 τῇ
739 1237 891 1310 Ἀσίᾳ
916 1241 1085 1310 ἄνδρα
1131 1242 1344 1306 πολλοῖς
1396 1245 1574 1300 ἐτεσιν
1606 1247 1762 1318 ἐξησ-

185 1327 402 1394 κηκότα
466 1329 559 1380 καὶ
610 1328 919 1399 θαυμαστὸν
971 1331 1047 1402 τῷ
1079 1332 1179 1402 βίῳ
1233 1335 1484 1392 τοσοῦτον
1545 1339 1761 1410 ἴσχυσεν

187 1416 552 1469 ὑποσκελίσαι
579 1419 606 1468 ὁ
636 1419 868 1488 δράκων,
909 1421 985 1485 ὡς
1045 1421 1118 1492 μὴ
1149 1423 1306 1491 μόνον
1338 1425 1561 1495 ἔξαρνον
1599 1431 1760 1485 αὑτὸν

185 1506 445 1572 γενέσθαι
474 1507 568 1560 τοῦ
600 1509 756 1574 ἁγίου
789 1512 1086 1581 σχήματος,
1127 1514 1263 1566 ἀλλὰ
1290 1517 1383 1568 καὶ
1407 1521 1638 1583 γυναῖκα
1669 1539 1763 1574 πε-

187 1598 404 1665 ριάγειν
426 1601 712 1669 μοιχικῶς.
732 1595 807 1654 Oh
835 1603 887 1656 τί
911 1605 977 1658 ἂν
998 1604 1208 1671 γένοιτο
1235 1605 1592 1678 ἐλεεινότερον
1612 1628 1626 1676 ;
1649 1614 1760 1667 Καὶ

183 1686 412 1740 τοιαῦτα
443 1689 546 1756 μὲν
573 1689 642 1742 τὰ
673 1691 826 1760 παρὰ
866 1692 960 1746 τοῦ
1001 1692 1248 1746 διαϐόλου
1302 1696 1652 1766 τεχνάσματά
1702 1718 1758 1753 τε

185 1781 278 1831 καὶ
305 1780 749 1852 ἀποτελέσματα.

269 1869 465 1939 Ἡμεῖς
489 1870 567 1935 δὲ,
627 1875 951 1942 παρακαλῶ,
1007 1876 1246 1946 ἀδελφοὶ,
1293 1880 1616 1950 φυλάξωμεν
1655 1884 1755 1934 αὺ-

183 1962 333 2026 τοῦς,
370 1961 445 2024 ὡς
476 1964 650 2032 κόρην
681 1965 983 2035 ὀφθαλμοῦ,
1044 1968 1350 2038 αἰδούμενοι
1401 1972 1490 2024 τὸν
1525 1973 1758 2042 νυμφίον

184 2051 346 2118 ἡμῶν
373 2051 610 2121 Χριστόν
643 2069 655 2082 ·
693 2054 768 2124 μὴ
824 2056 1162 2126 προδιδόντες
1195 2059 1285 2111 τὸν
1329 2061 1758 2131 ὲμπιστευθέντα

184 2141 463 2213 θησαυρὸν
487 2141 587 2210 τῆς
605 2145 900 2212 παρθενίας
920 2162 933 2175 ·
967 2147 1099 2217 μηδὲ
1127 2150 1320 2202 ταύτὸν
1351 2151 1618 2222 πάθοιμεν
1647 2155 1759 2217 τοῖς

188 2236 423 2305 ἰχθύσιν,
460 2237 510 2288 οἳ
540 2236 871 2305 δελεάσματι
922 2240 1122 2309 σαρκὸς
1155 2243 1216 2293 τὸ
1260 2243 1554 2316 ἄγκιστρον
1595 2263 1760 2301 κατα-

184 2326 584 2390 πίνοντες,-τὸν
615 2326 844 2378 θάνατον
874 2328 1220 2399 εὑρίσκουσιν
1247 2349 1261 2362 ·
1299 2333 1592 2403 ἄγκιστρον
1651 2339 1758 2408 γάρ

185 2419 334 2468 ἐστιν
363 2417 395 2486 ἡ
430 2416 593 2486 ἡδονὴ
651 2417 968 2488 φθείρουσα,
989 2420 1086 2489 οὐχ
1117 2421 1400 2490 ἡδύνουσα,
1429 2424 1754 2492 θανατοῦσα,

184 2509 243 2560 οὐ
277 2506 647 2575 ζωογονοῦσα·
673 2503 740 2577 ἦς
772 2508 1099 2580 ῥυσθείημεν
1136 2507 1397 2581 ίδυνάμει
1430 2513 1564 2566 Θεοῦ
1600 2515 1757 2568 δυνα-

187 2597 471 2666 μούμενοι,
502 2598 599 2650 καὶ
632 2597 769 2665 πρὸς
813 2598 873 2650 τὸ
926 2599 1052 2668 ἑξῆς
1082 2599 1396 2672 ὠφθείημεν
1448 2604 1755 2674 εἰλικρινεῖς

187 2691 279 2741 καὶ
310 2689 678 2757 ἀπρόσκοποι,
703 2690 807 2753 ἕως
839 2691 901 2743 ἂν
932 2693 1276 2762 ὲμπνέωμεν,
1323 2694 1408 2747 ἵνα
1461 2697 1753 2766 νικητικῶς

185 2781 293 2833 τῶν
320 2781 531 2834 ἐνθένδε
564 2781 1003 2852 μεταχωροῦντες
1023 2783 1269 2854 τύχωμεν
1297 2784 1566 2854 βασιλείας
1593 2787 1753 2858 ούρα-

189 2873 294 2924 νῶν
322 2876 380 2927 ὲν
410 2873 637 2946 Χριστῷ
669 2873 844 2941 Ἰησοῦ
871 2874 948 2944 τῷ
965 2876 1153 2946 Κυρίῳ
1173 2875 1351 2946 ὴμῶν’
1379 2870 1422 2944 ᾧ
1447 2879 1479 2947 ή
1506 2878 1631 2942 δόξα
1659 2896 1749 2932 καί,

188 2964 247 3018 '.'o
267 2969 469 3036 κράτος
494 2966 592 3019 σὺν
620 2951 699 3035 τῷ
716 2965 888 3035 Πατρὶ
911 2968 1002 3019 καὶ
1043 2967 1120 3038 τῷ
1163 2967 1299 3037 ἁγίῳ
1327 2968 1625 3039 Πνεύματι,
1657 2970 1749 3021 νῦν

193 3060 279 3114 καὶ
300 3059 477 3124 ἀεί,κ.
521 3075 570 3113 τ.
603 3059 654 3111 λ.

754 3197 981 3254 SERMO
1022 3199 1203 3254 LXVI.

198 3315 386 3370 Media:
417 3313 760 3368 hebdomadis
787 3325 995 3382 quarta.
1041 3315 1249 3369 Pascha
1289 3318 1384 3369 hoc
1414 3314 1756 3368 simulacrum

261 3402 370 3438 esse
412 3385 584 3454 futuri
629 3394 679 3438 et
742 3385 946 3450 retenti,
993 3385 1155 3454 deque
1183 3387 1438 3455 patientia
1501 3401 1562 3436 ac
1598 3385 1758 3454 forti-

263 3455 469 3510 tudine.

263 3569 486 3624 Fratres
517 3566 840 3634 Patresque,
887 3565 1002 3633 jam
1050 3568 1456 3636 praaterequitat
1517 3566 1761 3633 Quadra-

198 3664 426 3732 gesima,
462 3659 791 3726 animusque
806 3655 1014 3712 Pascha
1043 3657 1388 3726 impendente
1410 3660 1642 3724 laetatur,
1663 3675 1760 3713 ceu

197 3753 596 3822 conquieturus
634 3749 689 3801 in
743 3763 829 3810 eo,
879 3759 930 3802 et
984 3757 1240 3817 tanquam
1293 3749 1426 3803 rude
1475 3750 1761 3804 donandus

199 3845 496 3896 multorum
547 3841 820 3895 laborum.
853 3839 1127 3905 Quorsum
1175 3838 1263 3893 hic
1301 3841 1582 3895 institutus
1627 3840 1759 3894 mihi

198 3949 374 3988 sermo
407 3932 537 3986 est?
564 3933 711 4000 quod
753 3930 859 3983 vita
903 3930 1082 3984 omnis
1113 3938 1297 3984 nostra
1326 3931 1481 3998 quasi
1513 3931 1760 3998 quadam

197 4022 630 4090 Quadragesima
663 4028 766 4086 est,
817 4029 1077 4076 azternum
1125 4021 1339 4074 intuens
1371 4013 1599 4076 Pascha.
1651 4022 1761 4075 Νο-

198 4125 366 4169 strum
425 4114 534 4166 hoc
587 4113 827 4182 quidem,
880 4113 980 4167 etsi
1040 4112 1412 4166 venerandum
1462 4121 1515 4166 et
1571 4112 1760 4181 ingens

198 4205 554 4257 simulacrum
605 4209 785 4255 tamen
841 4209 924 4256 est
971 4201 1152 4266 illius;
1193 4201 1272 4255 uti
1313 4201 1758 4270 praedicant(16),

199 4293 416 4359 Patres,
470 4292 743 4361 siquidem
811 4292 913 4346 hoc
965 4293 1176 4347 diecula
1228 4301 1308 4346 est
1379 4308 1443 4346 ac
1498 4293 1758 4360 praeterit,

197 4386 320 4440 illud
352 4384 751 4440 incomitatum
783 4391 1152 4451 aeternumque
1179 4394 1280 4437 est.

263 4476 418 4530 Unde
450 4475 694 4540 tristitia,
724 4473 897 4537 dolor,
932 4473 1164 4525 lamenta
1191 4472 1495 4540 profugere;
1516 4471 1607 4526 ubi
1638 4487 1763 4541 gau-

196 4569 365 4632 dium,
401 4567 609 4631 latitia,
638 4565 944 4634 triumphus
969 4563 1331 4631 sempiternus
1356 4579 1370 4627 ;
1395 4561 1486 4615 ubi
1514 4577 1760 4615 murmur
1793 4545 1836 4602 υ

197 4653 510 4720 feriantum,
558 4664 839 4721 coetusque
890 4652 1190 4721 agitantum
1248 4666 1447 4705 corona
1473 4691 1486 4714 ,
1527 4659 1580 4704 et
1616 4649 1766 4719 jugis.

196 4745 565 4814 spectaculum
590 4743 746 4808 lucis;
780 4743 868 4797 ubi
898 4741 1024 4797 felix
1057 4743 1417 4797 Christianum
1447 4744 1756 4812 prandium,

197 4834 525 4903 percnnibus
569 4830 725 4886 bonis
762 4831 956 4886 referta
987 4847 1191 4898 mensa,
1223 4842 1380 4901 potus
1415 4833 1672 4898 novitius,
1697 4835 1760 4885 de

199 4942 296 4995 quo
325 4925 402 4978 ait
429 4924 713 4979 Christus:
744 4921 866 4976 Non
898 4923 1069 4976 bibam
1087 4925 1274 4977 amodo
1299 4925 1360 4976 de
1385 4924 1480 4976 hoc
1505 4924 1760 4993 genimiue

201 5019 328 5079 vilis,
380 5017 512 5069 dum
561 5014 699 5068 illud
743 5013 916 5068 bibam
947 5014 1210 5069 vobiscum
1269 5029 1457 5068 novum
1510 5015 1563 5066 in
1605 5029 1759 5081 regno

203 5106 369 5162 Patris
400 5112 502 5161 mei
535 5105 605 5162 ⁸⁸.
636 5104 713 5160 De
762 5120 872 5175 quo
901 5121 1065 5175 regno
1113 5106 1166 5161 in
1195 5107 1362 5162 cmlos
1393 5106 1641 5162 abiturus
1671 5107 1754 5160 di-

264 5266 305 5300 ”
330 5264 518 5321 Matth.
552 5277 705 5328 XXVI,
740 5261 829 5318 29.
904 5262 948 5295 ⁸⁸
977 5261 1133 5316 Joan.
1166 5277 1275 5326 xlv,
1307 5263 1360 5327 5,
1389 5262 1440 5315 4.
1518 5262 1563 5294 9°
1601 5257 1735 5313 Joan
1804 5279 1936 5328 xvu,
1967 5265 2056 5325 25,
2082 5266 2170 5319 24.

1864 526 2208 594 plectantur,
2278 540 2337 582 ut
2404 529 2680 584 Christum
2738 529 3181 600 triumphabundi
3252 532 3425 587 comi—

1864 626 2047 671 tentur
2078 619 2101 671 ?

1924 708 2257 779 Quanquam
2310 721 2644 782 reputemus,
2691 712 2908 776 fratres,
2955 729 3117 783 quam
3155 715 3345 786 ingens
3375 727 3430 770 ct

1866 802 2316 873 incomparabilis
2357 804 2565 858 functio
2591 816 2692 870 est,
2728 817 2834 860 tam
2868 821 2988 868 nos,
3037 807 3155 859 vitae
3199 815 3426 876 pestem,

1863 893 2140 948 diabolum
2182 911 2289 965 prae
2333 897 2543 950 caeteris
2587 898 2883 952 sceleribus
2933 898 3035 951 hoc
3086 907 3429 968 prosternere

1864 985 2064 1038 moliri.
2132 988 2200 1041 At
2250 997 2385 1056 quot
2443 990 2493 1042 in
2552 991 2700 1043 omni
2756 991 3020 1044 memoria
3070 990 3429 1058 prostraverit

1863 1076 1985 1144 quis
2008 1081 2327 1134 enumeret?
2362 1091 2506 1135 certe
2549 1080 2604 1134 in
2650 1081 2778 1135 Asia
2811 1097 2955 1136 nunc
2999 1097 3237 1151 quoque,
3274 1090 3334 1137 ut
3362 1081 3430 1137 de

1864 1170 2100 1236 quodam
2132 1171 2370 1225 intellexi
2400 1174 2566 1240 probe
2590 1173 2829 1237 conscio,
2856 1171 3149 1242 quemdam
3182 1173 3429 1243 complu-

1864 1261 2017 1314 ribus
2068 1263 2195 1316 anni
2246 1265 2577 1329 exercitum,
2627 1266 2845 1334 vitaque
2892 1265 3274 1330 memorabili,
3315 1273 3427 1319 tam

1861 1352 2143 1422 proﬂigate
2189 1355 2415 1424 dejecit,
2472 1365 2529 1409 ut
2580 1371 2686 1409 non
2734 1371 2952 1410 sacrum
3004 1357 3169 1411 modo
3219 1358 3430 1427 negarit

1862 1446 2131 1509 habitum,
2181 1449 2312 1517 quin
2356 1448 2638 1502 mulierem
2686 1448 2954 1503 adulterio
2989 1449 3424 1503 circumductet:

1860 1554 1969 1607 quo
2018 1539 2146 1606 quid
2199 1540 2606 1594 miserabilius“?-
2651 1542 2828 1611 Atque
2893 1543 2976 1596 hae
3037 1541 3240 1596 diaboli
3301 1552 3429 1596 sunt

1859 1640 2003 1686 artes
2030 1643 2083 1685 et
2109 1631 2376 1686 facinora.

1928 1891 2039 1948 Nos
2092 1894 2615 1963 quidem,'fratr‘es,
2673 1894 2950 1957 cohortor,
3008 1909 3104 1947 ceu
3155 1892 3298 1947 oculi
3369 1908 3429 1948 se

1860 1985 2097 2056 quisque
2127 1986 2386 2055 pupillam
2423 1994 2691 2046 tueamur.
2729 2000 2988 2054 sponsum
3020 1985 3236 2040 reveriti
3266 1984 3428 2040 Chri-

1861 2085 2027 2141 stum,
2062 2091 2164 2130 neu
2205 2077 2474 2132 creditum
2507 2078 2838 2148 virginitatis
2871 2078 3190 2134 thesaurum
3230 2078 3427 2148 proda-

1859 2184 2004 2232 mus,
2030 2169 2280 2238 idemque
2305 2170 2580 2238 patiamur
2601 2170 2746 2238 quod
2773 2170 2972 2239 pisces,
2997 2171 3091 2240 qui
3115 2170 3426 2225 caruncula:

1861 2260 2197 2315 inescatione
2225 2261 2446 2314 hamum
2480 2260 2796 2329 glutientcs,
2835 2275 2893 2315 se
2929 2260 3166 2315 induunt
3192 2260 3246 2314 in
3277 2275 3425 2314 mor-

1860 2362 2001 2416 tem;
2045 2367 2280 2420 namque
2337 2353 2528 2407 harnus
2587 2360 2672 2407 est
2723 2353 2972 2423 voluptas
3014 2353 3264 2422 perdita,
3316 2368 3420 2407 non

1856 2442 2096 2512 jucunda
2126 2460 2150 2494 ι
2194 2441 2464 2508 lethifera,
2501 2458 2607 2496 non
2658 2443 2860 2497 vitalis.
2903 2443 3021 2510 Qua
3058 2442 3258 2498 divinis
3293 2443 3424 2496 viri-

1861 2532 1964 2587 bus
1998 2533 2194 2586 lirmati
2241 2534 2554 2598 liberemur,
2604 2544 2657 2588 et
2701 2535 2752 2588 in
2807 2535 3052 2590 futurum
3094 2534 3314 2596 sinceri,
3361 2549 3426 2588 ac

1864 2622 2108 2677 insontes
2159 2622 2479 2686 videamur,
2523 2623 2652 2677 dum
2710 2623 2962 2693 spiritum
3014 2624 3312 2688 ducamus,
3365 2633 3425 2677 ut

1859 2713 2132 2768 ovabundi
2175 2714 2300 2769 hinc
2333 2715 2587 2784 profecti,
2629 2716 2854 2771 caeleste
2895 2731 3119 2786 regnum
3153 2715 3421 2778 ineamus,

1859 2822 1953 2878 per
1989 2807 2262 2861 Christum
2286 2804 2469 2861 Jesum
2496 2807 2783 2862 Dominum
2818 2819 3062 2866 nostrum
3092 2825 3106 2862 :
3136 2807 3222 2862 cui
3254 2805 3425 2875 gloria

1857 2908 1910 2952 et
1956 2897 2241 2965 imperium
2286 2912 2408 2951 cum
2460 2895 2652 2962 Patre,
2703 2914 2764 2953 ac
2799 2908 2988 2954 sancto
3017 2897 3244 2968 Spiritu,
3281 2912 3428 2951 nunc

1856 2998 1908 3043 et
1955 3003 2188 3059 semper,
2233 2988 2289 3043 iu
2347 3004 2673 3062 omnemque
2727 2991 3158 3061 perpetuitatem.
3228 2989 3421 3043 Arnen.

1789 3207 1830 3263 c
1865 3199 2104 3268 scipulos
2133 3199 2430 3268 alloquitur
2461 3200 2511 3253 in
2563 3198 2675 3253 haec
2709 3198 2906 3253 verba:
2949 3196 3092 3250 Vada
3120 3210 3310 3264 parare
3339 3210 3432 3248 vo-

1865 3292 1941 3344 bis
1976 3290 2167 3357 locum,
2197 3302 2246 3344 et
2274 3293 2321 3343 si
2353 3291 2529 3344 abiero
2556 3299 2805 3359 paratum
2842 3291 2982 3343 vobis
3007 3289 3200 3351 locum,
3235 3288 3428 3341 iterum

1861 3385 2027 3445 venio,
2060 3393 2108 3435 et
2133 3383 2388 3450 accipiant
2435 3400 2524 3436 vos
2551 3383 2618 3436 ad
2657 3382 2930 3450 meipsum,
2980 3391 3035 3433 ut
3080 3379 3168 3432 ubi
3195 3393 3310 3431 sum
3333 3393 3427 3446 ego

1859 3483 1907 3526 et
1947 3489 2033 3526 vos
2065 3475 2216 3527 sitis:
2234 3473 2300 3526 Et
2331 3491 2431 3544 quo
2463 3490 2554 3540 ego
2590 3474 2719 3526 vado
2748 3474 2917 3536 scitis,
2946 3483 2990 3525 et
3023 3473 3163 3524 viam
3183 3470 3329 3523 scitis
3357 3468 3424 3521 ⁸⁹.

1860 3562 1936 3616 Ac
1959 3565 2210 3617 rursum':
2254 3564 2319 3616 In
2349 3563 2444 3616 illo
2466 3564 2549 3615 die
2569 3579 2655 3616 vos
2687 3562 3007 3630 cognoscetis
3028 3561 3150 3629 quia
3179 3575 3270 3628 ego
3312 3570 3428 3612 sum

1860 3653 1916 3704 in
1945 3653 2106 3706 Patre
2134 3670 2264 3716 meo,
2307 3663 2354 3705 et
2388 3669 2474 3705 vos
2512 3654 2565 3705 in
2603 3669 2680 3705 me
2706 3663 2753 3704 et
2782 3658 2874 3720 ego
2901 3651 2956 3702 in
2987 3650 3148 3704 vobis.
3181 3647 3248 3701 Et
3276 3645 3424 3702 alibi:

1861 3742 2022 3797 Pater
2057 3761 2184 3812 quos
2235 3744 2427 3797 dedisti
2461 3742 2608 3807 mihi,
2637 3743 2751 3796 volo
2777 3755 2830 3795 ut
2860 3741 2946 3794 ubi
2972 3756 3088 3793 sunt
3115 3755 3207 3810 ego
3243 3747 3294 3793 et
3340 3737 3425 3792 illi

1860 3836 1964 3887 sint
2015 3850 2236 3898 mecum,
2269 3844 2324 3887 ut
2367 3835 2570 3886 videant
2596 3834 2892 3886 claritatem
2929 3847 3118 3894 meam,
3144 3846 3301 3898 quam
3339 3827 3429 3882 de-

1860 3927 1988 3978 disti
2033 3927 2208 3986 mihi;
2267 3929 2387 3996 quia
2433 3928 2665 3980 dilexisti
2719 3943 2798 3979 me
2837 3936 2957 3979 ante
3004 3923 3438 3978 constitutionem.

1862 4018 2044 4070 mundi
2066 4020 2133 4073 9°.
2164 4017 2294 4084 Quae
2317 4035 2423 4072 non
2453 4019 2518 4072 ad
2549 4019 2824 4087 apostolos
2847 4017 3048 4083 solum,
3071 4016 3203 4086 quin
3234 4015 3301 4069 ad
3327 4031 3428 4070 nos

1861 4109 2132 4178 pertinere
2169 4125 2384 4178 quoque
2414 4110 2527 4163 haec
2557 4111 2675 4178 ejus
2714 4119 2796 4163 est
2819 4110 3122 4163 sententia:
3159 4105 3282 4160 Non
3333 4123 3428 4174 pro

1859 4201 1931 4254 eis
1981 4212 2153 4254 autem
2182 4216 2302 4270 rogo
2346 4211 2574 4264 tantum,
2618 4202 2706 4254 sed
2739 4213 2785 4254 et
2815 4217 2909 4269 pro
2938 4202 3017 4255 his
3041 4201 3132 4270 qui
3173 4199 3427 4253 credituri

1860 4299 1979 4343 sunt
2007 4305 2097 4355 per
2145 4290 2352 4342 verbum
2383 4307 2559 4342 eorum
2592 4292 2644 4342 iu
2679 4307 2778 4356 me,
2821 4299 2877 4343 ut
2906 4307 3078 4343 omnes
3105 4307 3268 4343 unum
3297 4292 3425 4352 sint,

1861 4382 1995 4433 sicut
2027 4391 2101 4443 tu,
2142 4381 2319 4444 Pater,
2351 4381 2406 4431 in
2432 4396 2527 4444 me,
2553 4391 2599 4432 et
2625 4397 2716 4449 ego
2751 4383 2801 4434 in
2833 4391 2900 4444 te,
2921 4391 2975 4433 ut
2998 4393 3043 4434 et
3075 4382 3174 4449 ipsi
3202 4387 3255 4433 in
3281 4382 3426 4433 nobis

1864 4487 2025 4525 unum
2067 4473 2168 4525 sint
2193 4471 2258 4524 9'.
2297 4471 2436 4536 Quid
2484 4472 2568 4525 his
2616 4473 3012 4527 consolabilius
3040 4472 3216 4526 verbis
3245 4472 3268 4525 ?
3297 4474 3428 4540 quid

1867 4564 2248 4619 reverentius?
2273 4579 2434 4632 quam
2476 4579 2582 4616 non
2617 4565 2902 4618 emolliant
2945 4574 3181 4620 mentem
3209 4563 3231 4616 ?
3263 4579 3426 4632 quem

1869 4655 2110 4708 animum
2151 4671 2255 4710 non
2299 4664 2533 4724 pungent
2565 4653 2702 4708 ?Vcl
2741 4655 2972 4724 lapidem
3011 4654 3124 4709 fors
3154 4665 3425 4717 naturam,

1867 4746 2009 4799 dicat
2034 4746 2331 4814 quispiam,
2365 4744 2560 4798 nedum
2591 4760 2684 4799 cor
2727 4746 3051 4798 humanum.
3081 4745 3255 4813 Atque
3312 4745 3430 4797 haec

1865 4836 2164 4904 cogitantes
2203 4837 2372 4890 tulere
2407 4851 2524 4904 qum
2578 4836 2749 4890 tulere
2777 4836 2973 4899 sancti,
3022 4850 3293 4889 aerumnas
3327 4848 3427 4903 pro

1865 4928 2062 4998 gaudio
2109 4931 2386 4993 ducentes,
2420 4944 2506 4981 res
2530 4939 2706 4982 arctas
2738 4943 2836 4996 pro
2877 4928 3090 4997 amplis,
3122 4926 3429 4982 certamina

1865 5034 1964 5088 pro
2014 5020 2243 5082 deliciis,
2276 5019 2692 5074 exercitationes
2731 5035 2830 5088 pro
2865 5020 3065 5088 quiete,
3099 5033 3285 5073 necem
3328 5032 3426 5086 pro

1865 5111 2014 5164 vita:
2075 5111 2238 5180 igitur
2283 5124 2382 5164 nos
2435 5125 2673 5180 quoque,
2704 5111 2796 5180 qui
2828 5111 2967 5167 idem
3000 5125 3256 5181 urgemus
3312 5117 3421 5162 stu.

2249 5265 2289 5296 “
2318 5264 2446 5320 ibid.

1488 5393 1721 5451 VARUS
1757 5395 2163 5452 LECTIONES.

268 5523 290 5559 ε
315 5520 448 5576 Cod.
466 5516 756 5588 ἑλώμενοι.

867 5515 894 5555 ιι
926 5514 1060 5570 Cod.
1081 5513 1385 5584 ὀλυμαιῶνε
1412 5512 1688 5568 Barberin.
1715 5513 1913 5568 omittit
1941 5518 2091 5572 artic.
2127 5518 2174 5571 ὁ.

2295 5512 2304 5549 ί
2341 5514 2471 5569 Cod.
2510 5510 2843 5583 ῥυσθήημεν.

1717 5627 1944 5684 NOTAE.

268 5725 376 5793 (16)
407 5723 826 5780 Nazianzenum
852 5720 968 5791 lege
989 5718 1140 5776 Orat.
1166 5721 1242 5784 εἰς
1277 5720 1334 5773 τὸ
1369 5719 1519 5788 ἅγιον
1550 5718 1722 5786 Πὰχα.
