4000 6306
601 316 707 383 599
1785 336 1844 395 S.
1873 335 2151 397 THEOD(

2256 336 2261 394 ξ
2303 337 2645 399 ΞΤΗΒΙἸἋἘ
3739 338 3860 405 600

591 429 765 495 dium.
804 432 1111 503 Parilerque
1143 437 1437 504 quaerimus
1467 439 1691 507 Pascha,
1725 447 2034 513 prmsentia,
2067 461 2159 500 co-
2190 453 2236 508 Α
2265 462 2449 504 serens
2497 451 2663 505 orbis.
2695 451 2868 517 Quam
2905 453 3019 506 haec
3047 466 3170 506 vere
3201 451 3500 522 splendida,
3533 457 3587 507 et
3635 451 3850 507 eximia

592 522 802 584 hortor,
835 522 1102 588 animose,
1131 540 1194 579 ac
1227 525 1434 582 fortiter
1457 529 1715 598 feramus,
1748 549 1854 587 non
1891 535 2152 602 labantes,

591 626 700 670 non
737 612 948 682 ignavia
981 618 1197 687 torpidi,
1231 621 1360 689 quin
1394 621 1653 680 fervidius
1713 628 1910 692 exciti;
1966 628 2156 683 obser.

589 714 781 762 vantes
829 716 884 761 et
936 710 1244 778 improbum
1291 725 1592 784 serpentem
1630 720 1725 787 qui
1751 720 2065 774 varietatem
2100 719 2152 772 in

585 813 684 852 nos
725 810 976 855 exerceat
1026 802 1306 871 vitiorum,
1371 809 1423 859 in
1489 810 1739 878 angelum
1799 827 1856 865 se
1913 810 2150 866 lucidum

585 889 848 960 dilIingat,
880 907 969 948 res
1007 893 1306 952 insolenter
1335 909 1636 969 convertat,
1664 903 1917 957 tenebras
1949 903 2150 968 lucem,

585 997 831 1038 aniarum
866 984 1022 1040 dulce
1069 998 1327 1043 ostentet.
1377 989 1466 1044 Sic
1505 992 1843 1048 decessorem
1889 994 2152 1050 inescavit

584 1075 855 1130 Adamum
888 1079 1062 1134 oculis
1106 1081 1448 1149 praestrictis,
1484 1098 1548 1136 ac
1576 1082 1877 1139 formosum
1931 1086 2150 1141 molitus

584 1167 728 1234 quod
789 1166 1089 1223 formosum
1130 1186 1236 1225 non
1269 1181 1415 1227 esset
1468 1183 1632 1243 atque
1687 1175 1813 1231 hinc
1865 1191 1959 1244 per
1993 1194 2146 1232 esum

584 1256 829 1322 pomario
863 1259 1326 1328 proscripsit.Nos
1343 1263 1560 1332 quidem
1593 1275 1740 1320 certe
1770 1282 1900 1322 usus
1928 1270 2050 1335 quis
2080 1270 2149 1322 sit

583 1342 780 1404 edocti.
814 1349 1022 1402 scilicet
1056 1353 1339 1421 impostor,
1363 1356 1503 1407 haud
1535 1355 1862 1424 prodeamus
1890 1357 1982 1413 Dei
2014 1375 2148 1429 prae-

585 1445 867 1528 ceptorum
902 1441 1147 1505 pomario
1177 1456 1282 1495 neu
1327 1444 1617 1512 praebendo
1647 1444 1823 1500 fructu
1883 1448 2146 1513 formoso.

583 1525 753 1572 aciem
795 1535 862 1576 eo
888 1525 1106 1592 mentis,
1131 1536 1224 1580 aut
1257 1532 1503 1599 corporis
1537 1533 1896 1598 dimittamus,
1937 1548 2148 1605 postea-

582 1625 746 1679 quam
778 1612 1108 1684 inescamur,
1143 1620 1235 1674 sed
1267 1622 1516 1677 obtutum
1543 1627 1690 1679 omni
1719 1643 1820 1695 ope
1850 1627 2143 1698 fugiamus.

581 1699 781 1770 Ecquis
811 1715 891 1759 est
918 1717 1099 1763 autem
1131 1708 1340 1768 fructus
1369 1715 1461 1782 qui
1512 1715 1787 1774 formosus
1843 1724 2145 1790 appareat?

2266 543 2373 595 vita
2403 545 2522 597 est!
2551 560 2714 614 quam
2767 546 2943 612 beata,
2975 561 3038 600 ac
3069 543 3309 616 praefelix
3336 545 3348 598 l
3399 543 3568 615 Igitur
3603 544 3850 599 demon-

2261 643 2433 688 strato
2477 636 2620 704 quod
2652 638 2948 706 quaerimus
2981 637 3208 702 Pascha,
3241 637 3382 692 serio
3422 636 3476 691 id
3513 652 3841 708 urgeamus,

2261 723 2456 781 fratres
2510 729 2823 794 venerandi,
2855 738 2909 784 et
2963 729 3224 784 obeamus
3263 729 3483 783 assidue
3527 744 3629 798 pro
3661 727 3839 794 virili,

2262 815 2407 870 vitiis
2455 817 2727 882 exstinCti,
2767 834 2831 874 ac
2864 818 3157 874 virtutibus
3216 818 3459 882 redivivi,
3513 817 3688 872 instar
3725 815 3832 871 Do-

2261 909 2425 976 mini;
2451 911 2716 980 siquidem
2742 912 2842 966 luit
2870 927 2968 983 pro
2992 912 3150 968 nobis
3174 910 3521 980 supplicium,
3543 909 3836 978 exemplar

2259 1001 2530 1069 quoddam
2570 1002 2904 1072 relinquens,
2932 1018 3042 1073 quo
3067 1002 3291 1074 vestigia
3321 1016 3675 1072 sequeremur
3699 1015 3830 1057 sua.

2259 1091 2442 1163 Neque
2476 1095 2590 1150 haec
2622 1095 2833 1151 dissero
2863 1106 2920 1150 ut
2954 1096 3184 1150 aliorum
3214 1095 3427 1164 iudices
3455 1095 3651 1150 fiamus
3676 1095 3830 1163 (nam

2259 1198 2417 1238 suum
2438 1186 2669 1256 quisque
2695 1204 2829 1243 onus
2861 1187 3051 1257 geret),
3075 1189 3204 1255 quin
3237 1195 3536 1255 perspecto,
3559 1185 3702 1255 quod
3737 1184 3827 1238 di-

2259 1280 2459 1334 vinitus
2489 1280 2806 1344 habeamus,
2842 1279 3124 1343 beneficio,
3159 1288 3334 1350 grates
3369 1292 3595 1347 agamus
3625 1274 3826 1345 praebi-

2258 1370 2384 1436 tori,
2425 1370 2759 1425 honoremus
2788 1368 3116 1431 beneficum,
3147 1368 3319 1421 vicem
3349 1366 3482 1420 hero
3505 1364 3822 1428 reddamus.

2256 1460 2348 1530 qui
2393 1476 2502 1515 non
2563 1459 2736 1514 solum
2771 1459 3060 1528 praesentia
3089 1457 3355 1522 tribuerit,
3386 1455 3480 1511 sed
3525 1456 3737 1512 sincere
3763 1469 3825 1511 se

2257 1553 2320 1606 ad
2347 1561 2651 1607 extremum
2685 1549 2989 1604 colentibus
3021 1549 3164 1603 bona
3195 1549 3415 1617 insuper
3440 1547 3515 1602 sit
3549 1545 3819 1616 promissa

2254 1641 2515 1701 daturus,
2575 1649 2838 1693 aeternum
2886 1639 3040 1703 illud,
3067 1648 3121 1692 et
3145 1639 3362 1692 caeleste
3392 1635 3601 1692 Pascha
3626 1652 3642 1690 :
3672 1636 3821 1708 quod

2255 1731 2481 1800 adipisci
2517 1745 2705 1784 omnes
2734 1731 3017 1800 contingat
3047 1728 3265 1783 Domini
3307 1729 3480 1784 nostri
3512 1726 3638 1784 Jesu
3665 1725 3824 1782 Chri-

581 1793 822 1892 ﬁlufﬁum
861 1800 1071 1892 famis'
1129 1817 1355 1870 pravum
1389 1807 1540 1860 ηοκίί
1571 1809 1836 1879 cujusque
1858 1813 1972 1866 νίῐίί
2005 1813 2148 1867 ἀοεί-
2183 1805 2224 1858 Β
2253 1824 2320 1878 sti
2344 1793 2667 1878 liberalitate
2699 1832 2858 1892 atque
2899 1793 3164 1877 beneficio
3201 1840 3214 1875 :
3246 1820 3334 1876 cui
3367 1820 3616 1891 gloria:et
3649 1819 3822 1891 impe-

579 1883 814 1941 derium.
850 1887 1093 1954 Quorum
1124 1892 1479 1952 detrectando
1533 1900 1798 1968 periculo,
1848 1903 2150 1961 incolumes

578 1978 890 2046 evademus,
917 1990 972 2035 et
1005 1980 1214 2040 Pascha
1269 1987 1323 2040 in
1381 2004 1555 2043 aevum
1589 2007 1711 2045 cum
1757 1995 1961 2049 sanctis
1989 1996 2151 2050 obea-

581 2083 726 2134 mus,
766 2085 864 2139 per
897 2072 1178 2128 Christum
1210 2075 1395 2132 Jesum
1425 2079 1715 2136 Dominum
1751 2094 2022 2148 nostrum,
2062 2088 2147 2139 cui

577 2159 746 2229 gloria
786 2172 840 2218 et
882 2164 1173 2235 imperiunm
1203 2185 1324 2225 cum
1378 2171 1558 2238 Patre,
1609 2190 1671 2228 ac
1700 2186 1887 2229 sancto
1921 2175 2148 2245 Spiritu,

576 2264 727 2395 guno
810 2261 864 2307 et
929 2269 1162 2325 semper,
1216 2260 1272 2314 in
1329 2276 1657 2334 omnemque
1715 2267 2145 2336 perpetuitatem.

629 2356 770 2395 men.

629 2356 770 2397 men.

1124 2441 1355 2498 SERMO
1385 2444 1591 2500 LXVII.

578 2523 769 2605 Medico
801 2528 1151 2605 _hebdomadis
1192 2548 1360 2589 sexta.
1394 2536 1546 2590 Vitiis
1574 2539 1734 2605 obire,
1766 2558 1827 2595 ac
1872 2544 2149 2598 virtutibus

652 2600 1059 2680 revivisceredd
1089 2605 1300 2680 demunt
1326 2623 1436 2661 esse
1478 2609 1664 2677 feriari
1695 2600 1928 2680 quotidie
1971 2614 2150 2667 Denti-

647 2673 804 2735 nique
830 2667 938 2722 Deo
971 2669 1178 2726 Pascha
1214 2677 1440 2745 agitare.

648 2758 867 2817 Fratres
919 2761 1232 2833 Patresque,
1259 2768 1374 2822 dies
1407 2769 1653 2826 imminet
1688 2772 1909 2828 Pascha:
1939 2784 2151 2844 postea-

577 2863 743 2919 quam
764 2847 876 2904 Deo
900 2851 1037 2907 duce
1065 2855 1297 2910 medium
1318 2856 1590 2926 jejunium
1621 2863 2006 2928 prmteriimus.
2044 2864 2148 2918 Sed

577 2941 708 3011 quid
767 2952 948 2998 autem
999 2961 1359 3015 properamus
1417 2949 1631 3006 Pascha
1672 2968 1958 3024 occupare,
2005 2941 2147 3024 quod

577 3032 757 3096 adeat,
782 3034 1075 3106 abeatque?
1103 3052 1209 3091 non
1241 3039 1293 3097 id
1334 3053 1603 3096 annorum
1630 3045 1913 3111 permultis
1939 3049 2149 3115 egimus

2257 1914 2396 1966 rium
2434 1929 2555 1966 cum
2588 1914 2764 1978 Patre,
2793 1928 2856 1966 ac
2887 1923 3074 1968 sancto
3108 1910 3334 1980 Spiritu,
3376 1927 3520 1965 nunc
3585 1918 3640 1966 et
3677 1924 3821 1965 sem.

2253 2022 2367 2075 per,
2399 2007 2451 2059 in
2483 2020 2810 2074 omnemque
2839 2007 3280 2075 perpetuitatem.
3307 2005 3499 2058 Amen.

2775 2095 3007 2153 SERMO
3065 2095 3296 2154 LXVIII.

2255 2189 2318 2242 In
2367 2189 2485 2244 Ver.
2529 2188 2778 2256 Oportere
2829 2206 2921 2242 nos
2957 2190 3197 2243 renovari
3225 2190 3281 2244 in
3309 2191 3582 2257 antiquum
3613 2203 3704 2255 per
3733 2188 3820 2239 iu-

2324 2262 2647 2314 currentium
2669 2261 3088 2328 aspcctabilium,
3111 2271 3160 2314 et
3228 2258 3681 2329 inaspectabilium
3707 2268 3822 2311 ten-

2323 2333 2585 2386 tationum
2615 2331 2968 2385 tolerantiam.

2323 2426 2538 2481 Fratres
2587 2426 2904 2494 Patresque,
2930 2425 3106 2478 hieme
3128 2421 3428 2503 profligata,
3456 2431 3510 2478 et
3536 2432 3820 2492 appetente

2252 2535 2396 2584 vere,
2452 2532 2612 2573 omne
2657 2517 2761 2571 hoc
2795 2516 3106 2570 universum
3136 2514 3388 2569 reﬂorere
3417 2513 3682 2578 videmus,
3716 2513 3818 2567 hoc

2251 2617 2353 2673 est,
2385 2610 2580 2675 stirpes
2609 2603 2852 2669 ﬂoridas,
2883 2613 3080 2657 terram
3111 2602 3488 2664 virescentem,
3514 2613 3640 2654 aves
3673 2613 3818 2652 mur-

2252 2710 2562 2763 murantes;
2596 2706 2789 2751 caetera
2839 2697 3038 2751 novitia
3072 2703 3288 2758 cuncta,
3319 2693 3372 2746 in
3411 2691 3586 2760 iisque
3617 2691 3816 2760 gaude-

2253 2805 2394 2855 mus,
2436 2804 2500 2842 ac
2538 2787 2679 2841 Max.
2715 2785 2839 2857 Opt.
2903 2787 3205 2840 molitorem
3259 2783 3422 2836 Deum
3478 2781 3760 2835 laudamus
3796 2798 3811 2833 :

2251 2882 2344 2951 qui
2376 2882 2514 2934 hanc
2540 2893 2719 2932 rerum
2749 2885 3000 2931 naturam
3031 2875 3085 2928 in
3117 2889 3318 2928 annum
3365 2879 3575 2940 reparet
3602 2881 3655 2925 et
3687 2885 3817 2924 con-

2252 2980 2444 3037 vertat,
2486 2985 2660 3040 neque
2687 2965 3218 3038 injuriaJnvisibilia
3245 2964 3381 3016 enim
3413 2962 3576 3028 ipsius
3611 2979 3640 3012 a
3669 2977 3816 3014 crea-

2253 3079 2372 3118 tura
2402 3063 2582 3116 mundi
2613 3077 2698 3130 per
2725 3076 2784 3113 ea
2813 3074 2928 3127 qua:
2972 3057 3119 3126 facta
3165 3065 3283 3109 sunt
3315 3053 3576 3108 intellecta
3612 3053 3817 3120 conspi—

578 3127 914 3180 cnrriculis?
955 3129 1121 3199 Igitur
1167 3148 1405 3201 praesens
1435 3137 1692 3191 transibit
1721 3153 1937 3208 quoque
1968 3157 1982 3206 ;
2015 3141 2150 3194 nihil

2256 3161 2482 3220 ciuntur,
2514 3154 2825 3222 sempiterna
2850 3153 2962 3219 ejus
2988 3152 3148 3204 virtus
3175 3159 3220 3202 et
3244 3148 3493 3202 divinitas
3519 3147 3585 3197 ".
3632 3144 3816 3209 Quan-

581 3228 665 3272 est
697 3221 844 3275 enim
874 3222 928 3276 in
957 3222 1062 3278 hoc
1099 3226 1296 3280 saeculo
1320 3239 1603 3292 constans,
1631 3229 1762 3297 quin
1799 3232 1912 3285 dies
1947 3232 2150 3287 umbra:

583 3315 838 3373 labuntur
894 3317 1088 3381 instar,
1140 3318 1355 3386 vitaque
1386 3329 1575 3378 nostra
1613 3336 1712 3375 ceu
1751 3323 1940 3390 pernix
1979 3339 2150 3393 eques

580 3397 840 3468 decurrit,
873 3402 1003 3456 dum
1039 3419 1328 3473 urgeamur
1363 3405 1431 3460 ad
1460 3417 1679 3463 metam.
1713 3410 1892 3476 Quid?
1939 3427 2148 3477 annon,

579 3494 679 3561 ait,
707 3495 942 3556 amabile
969 3495 1178 3553 Pascha
1207 3501 1336 3554 est?
1385 3516 1539 3562 sane.
1571 3502 1744 3557 fateor
1796 3507 2030 3562 amabile
2069 3507 2150 3561 vel

579 3589 633 3641 iu
682 3588 895 3656 primis,
951 3589 1046 3644 sed
1081 3591 1226 3660 quod
1267 3591 1320 3645 in
1369 3593 1488 3648 dies
1543 3595 1793 3650 oheatur.
1823 3597 2154 3662 Quodnam?

578 3681 904 3750 expurgatio
930 3681 1219 3747 scelerum,
1248 3685 1503 3741 contritio
1531 3687 1733 3754 cordis,
1783 3690 2035 3759 lacryma:
2085 3692 2154 3748 ab

580 3765 999 3841 compunctione
1044 3775 1319 3842 profectae,
1374 3779 1582 3846 puritas
1636 3781 2007 3846 conscientiae,
2047 3783 2155 3836 te'r-

581 3862 837 3916 reStrium
869 3864 1190 3920 carnificina
1238 3867 1633 3934 membrorum,
1661 3869 1932 3936 adulterii,
1977 3873 2147 3943 impu~

572 3955 801 4044 .dicitla‘,
825 3957 1090 4023 libidinis,
1123 3960 1269 4014 noxii
1305 3961 1578 4029 desiderii,
1617 3978 1680 4017 ac
1719 3980 1838 4034 quae
1870 3966 1988 4020 alia:
2027 3975 2153 4021 sunt

581 4047 832 4104 fanaticae
865 4065 1041 4106 noxa.
1097 4053 1226 4118 Quae
1264 4054 1355 4123 qui
1399 4057 1690 4124 paraverit,
1723 4074 1828 4113 non
1865 4061 1919 4113 in
1953 4077 2152 4114 annum

584 4142 772 4205 semel,
801 4145 915 4208 sed,
943 4154 1001 4198 ut
1030 4145 1107 4199 sic
1135 4146 1336 4214 dicam,
1368 4149 1610 4217 quotidie
1638 4147 1866 4204 Domino
1907 4164 2156 4221 percpta-

586 4232 696 4287 bile
718 4235 956 4292 celebrat
983 4235 1226 4303 Pascha;
1258 4249 1312 4291 at
1342 4241 1435 4309 qui
1472 4256 1579 4295 non
1607 4243 1801 4298 habeat
1848 4259 1968 4314 quae
2020 4245 2155 4306 dixi,

587 4324 840 4396 vitiisque
855 4338 1093 4398 regatur,
1128 4347 1194 4384 ne
1219 4332 1265 4384 is
1295 4331 1525 4388 feriandi
1555 4335 1626 4388 sit
1656 4335 1860 4404 impos:
1900 4353 2023 4390 nam
2061 4339 2154 4407 qui

2249 3265 2414 3319 quam
2447 3248 2588 3301 haud
2630 3245 2719 3300 hic
2747 3241 3152 3298 consistendum
3181 3247 3265 3293 est
3295 3237 3471 3300 nobis,
3498 3235 3628 3304 quin
3684 3235 3819 3289 ulte-

2248 3344 2363 3399 rius
2400 3338 2662 3403 eundum,
2692 3337 2944 3405 intraque
2976 3349 3074 3388 nos
3104 3347 3330 3388 summa:
3353 3344 3535 3386 rerum
3568 3337 3818 3384 eontem-

2250 3434 2445 3504 planda
2477 3431 2633 3484 ratio.
2664 3424 2942 3493 Quinam?
3003 3422 3409 3477 renovationem
3447 3421 3586 3472 hanc
3623 3417 3822 3471 habere

2252 3527 2485 3580 hiemem
2513 3534 2763 3577 causam:
2793 3531 2967 3586 neque
2999 3513 3144 3570 enim
3185 3515 3250 3567 ad
3287 3520 3618 3566 venustatem
3650 3517 3822 3561 teten-

2247 3616 2411 3678 derit,
2466 3616 2518 3666 ni
2576 3619 2701 3666 ante
2752 3609 2921 3669 nives,
2973 3606 3196 3668 imbres,
3227 3614 3415 3660 ventos
3463 3601 3706 3656 subierit.
3739 3599 3817 3652 Ad

2255 3708 2500 3765 eumdem
2557 3705 2774 3757 modum
2823 3699 3038 3755 animus
3090 3711 3303 3766 quoque
3350 3695 3404 3748 ni
3452 3705 3821 3747 aerumnarum

2253 3796 2793 3870 prius,miseriarum,
2824 3790 3203 3846 discriminum
3244 3787 3402 3856 quasi
3429 3783 3661 3854 quadam
3688 3797 3822 3836 con-

2255 3905 2474 3960 spersus
2527 3887 2648 3941 nive
2701 3887 2790 3948 sit,
2823 3895 3164 3954 nequaquam
3222 3894 3280 3932 se
3319 3876 3493 3930 induit
3523 3874 3577 3927 in
3609 3872 3819 3936 florem,

2257 3989 2350 4034 aut
2382 3976 2685 4032 fructificat:
2717 3989 3040 4045 passusque,
3066 3979 3119 4026 et
3155 3969 3458 4032 fructificat,
3494 3980 3545 4021 et
3569 3965 3822 4020 felicitate

2257 4072 2456 4126 fruitur
2481 4068 2682 4131 divina,
2716 4063 3171 4134 quemadmodum
3196 4062 3456 4130 scriptum
3497 4065 3580 4113 est
3608 4075 3624 4109 :
3660 4055 3823 4110 Terra

2258 4163 2396 4221 enim
2422 4177 2556 4230 saepe
2577 4159 2857 4213 venientem
2886 4173 3041 4226 super
3073 4172 3124 4209 se
3162 4155 3335 4207 bibens
3369 4152 3705 4214 imbrem;'et
3738 4164 3824 4218 ge-

2261 4270 2452 4310 nerans
2475 4252 2684 4307 herbam
2714 4262 3056 4320 opportunam
3081 4250 3186 4302 illis
3211 4265 3242 4300 a
3263 4245 3450 4317 quibus
3487 4243 3699 4304 colitur,
3728 4256 3825 4293 ac-

2262 4349 2388 4416 cipit
2418 4346 2821 4401 benedictionem
2855 4361 2885 4398 a
2924 4343 3026 4396 Deo
3057 4343 3121 4395 9'.
3156 4340 3322 4409 Igitur
3361 4346 3414 4391 et
3440 4349 3558 4396 nos,
3607 4332 3822 4395 fratres,

584 4416 832 4485 ferietur,
875 4422 960 4476 cui
1014 4421 1222 4480 Numen
1282 4423 1566 4492 ingluvies,
1603 4426 1694 4493 qui
1732 4432 1912 4482 carnis
1968 4430 2157 4497 ﬂagret
2192 4432 2233 4485 D
2264 4449 2479 4487 omnem
2539 4433 2809 4502 patiamur
2859 4445 3196 4494 aerumnam;
3251 4439 3465 4478 omnem
3522 4423 3822 4484 miseriam,

586 4509 921 4576 libidinibus,
964 4514 1056 4582 qui
1112 4514 1313 4568 invidia
1369 4515 1648 4582 tabescat,
1704 4519 1796 4586 qui
1864 4521 2154 4576 immersus

585 4601 846 4664 avaritiae,
888 4604 981 4671 qui
1015 4604 1310 4659 ambitione
1356 4620 1664 4676 possessus,
1696 4608 1788 4677 qui
1827 4609 1950 4664 aliis
1998 4610 2152 4665 invo-

584 4691 683 4745 luti
735 4693 846 4748 sint
884 4692 1263 4749 facinoribus?
1291 4697 1394 4750 nisi
1427 4698 1550 4766 quis
1581 4698 1723 4754 dicat
1746 4715 1876 4754 sane
1904 4711 1957 4756 et
1988 4701 2156 4757 febri-

585 4783 843 4842 citantem
893 4787 1094 4852 valere,
1142 4798 1195 4842 et
1228 4790 1548 4860 naufragum
1597 4793 1719 4847 vehi
1771 4809 2045 4862 prospere.
2087 4797 2156 4850 At

586 4889 698 4929 non
738 4877 791 4930 id
846 4879 988 4933 ratio
1047 4879 1236 4950 fasque
1293 4883 1516 4951 patitur,
1558 4885 1742 4953 nequit
1795 4887 1939 4940 enim
1976 4887 2067 4956 qui
2104 4889 2157 4942 in

587 4965 830 5020 tenebris
875 4977 1121 5022 versetur
1173 4970 1504 5037 collustrari,
1561 4988 1660 5026 nec
1715 4975 1808 5042 qui
1861 4975 2157 5030 seelerihus

585 5053 884 5111 bacchetur
955 5058 1160 5113 feriari.
1214 5061 1285 5116 De
1341 5063 1491 5118 vobis
1543 5065 1763 5134 quidem
1823 5069 2156 5137 spondemus

587 5149 812 5201 meliora
839 5150 1244 5221 conjunctaque
1267 5153 1448 5208 saluti.
1485 5153 1704 5211 Scilicet
1732 5173 1838 5212 non
1871 5160 2017 5213 aliud
2051 5162 2156 5214 vita

585 5248 774 5296 nostra
804 5251 886 5296 est
916 5257 1078 5310 quam
1114 5243 1234 5297 festi
1270 5257 1590 5314 apparatus:
1626 5265 1749 5304 nam
1790 5251 1987 5307 videsis
2040 5270 2157 5322 quae

588 5334 874 5398 obeantur,
912 5335 1268 5401 psalmodiam
1297 5338 1496 5406 excipit
1523 5341 1842 5408 psalmodia,
1868 5343 2154 5398 leCtionem

588 5423 769 5489 lectio,
825 5424 1228 5480 meditationem
1290 5430 1612 5495 meditatio,
1664 5437 2153 5502 comprecationem

589 5515 977 5581 comprecatio,
1004 5519 1154 5584 quasi
1177 5519 1396 5586 quidam
1422 5535 1592 5590 agens
1631 5539 1748 5590 nos,
1792 5524 2008 5595 Deoque
2031 5542 2156 5583 con-

663 5763 708 5794 ”
742 5761 895 5817 Horn.
935 5781 970 5824 I.
1002 5767 1085 5822 ‘20.
1168 5770 1213 5800 ’³
1247 5771 1404 5825 Hebr.
1453 5792 1499 5827 γι
1553 5776 1600 5829 7.

2260 4539 2474 4578 omnem
2506 4526 2867 4578 incurrentem
2901 4522 3278 4590 aspectabilem
3302 4527 3354 4573 et
3383 4517 3822 4587 inaspectabilem

2259 4617 2634 4680 tentationem,
2684 4616 2860 4684 ipsum
2902 4613 3004 4668 hoc
3052 4613 3194 4682 quod
3234 4611 3486 4665 ducimus
3534 4608 3824 4679 jejunium,

2259 4708 2579 4772 esurientes,
2631 4707 2892 4770 sitientes,
2921 4707 3130 4760 caeteris
3164 4702 3601 4758 afflictationibus
3648 4701 3826 4755 feren-

2262 4799 2367 4861 dis,
2403 4814 2511 4868 quo
2543 4797 2930 4852 fructificemus
2961 4795 3321 4864 felicitateque
3350 4793 3531 4847 divina
3556 4793 3824 4846 fruamur.

2259 4889 2447 4960 Neque
2503 4891 2553 4945 id
2591 4891 2888 4957 duntaxat,
2925 4889 3054 4960 quin
3099 4889 3163 4941 ad
3195 4887 3381 4956 epulas
3408 4885 3592 4940 Jcsum
3631 4885 3825 4938 invite-

2257 4997 2405 5047 mus_;
2442 4989 2499 5034 ut
2551 4981 2696 5035 enim
2748 4978 2936 5033 mundi
2995 4993 3092 5032 nos
3126 4978 3460 5030 oblectamur
3493 4973 3824 5042 spectaculo,

2260 5075 2330 5126 ita
2389 5075 2434 5126 is
2481 5073 2646 5125 animi
2687 5070 3088 5141 pulchritudine
3145 5067 3340 5122 nostri.
3378 5065 3497 5118 Jam
3546 5065 3642 5133 qui
3703 5071 3829 5118 sunt

2260 5165 2513 5219 fructus?
2560 5178 2730 5227 amor,
2749 5162 3025 5232 gaudium,
3061 5175 3185 5229 pax,
3242 5158 3456 5221 lenitas,
3499 5155 3824 5225 benignitas,

2261 5256 2631 5318 beneficentia,
2685 5255 2836 5320 fides,
2892 5253 3271 5316 mansuetudo,
3317 5248 3690 5305 continentia:
3746 5247 3826 5299 ha:

2261 5343 2385 5396 huic
2435 5344 2627 5411 epulae,
2661 5343 2774 5397 haec
2820 5343 3065 5397 invitatio
3094 5351 3192 5396 est.
3225 5342 3302 5395 Ac
3334 5340 3541 5392 felicem
3573 5337 3668 5408 qui
3703 5350 3827 5391 eum

2259 5445 2466 5504 pascat,
2500 5435 2568 5488 ab
2596 5450 2704 5505 quo
2739 5435 2972 5490 vicissim
3006 5434 3331 5503 perennibus
3360 5431 3518 5488 bouis
3548 5438 3826 5499 pascatur,

2258 5528 2465 5584 felicem
2507 5528 2598 5598 qui
2634 5529 2837 5591 invitet,
2872 5530 2969 5584 abs
2998 5543 3105 5597 quo
3140 5528 3191 5581 in
3219 5524 3427 5582 caelesti
3455 5538 3621 5593 regno
3646 5519 3828 5577 redin-
