4000 6306
121 391 207 455 601

128 780 321 835 tentia:
356 778 479 849 Ego
517 789 568 832 et
610 775 778 832 Pater
809 778 1091 843 veniemus,
1131 788 1180 832 et
1226 779 1366 849 apud
1397 795 1516 833 eum
1557 795 1710 831 man-

1264 387 1667 449 SERMONES
1699 386 2200 450 CATECHETICI
2211 432 2224 445 .

121 505 328 559 vitetur.
359 501 512 569 Vah,
544 500 644 572 qui
681 501 771 558 hic
805 511 942 558 tecto
969 501 1146 573 capiat
1171 517 1373 572 regem,
1408 504 1605 571 gaudet
1637 517 1699 558 ac
1730 513 1776 566 Α
1881 500 2127 560 Eximius
2198 499 2512 556 Praecursor
2543 541 2558 566 ,

125 596 454 667 triumphat;
487 609 600 664 quo
627 598 801 663 magis
829 594 922 664 qui
953 610 1139 664 regum
1168 594 1389 664 Regem,
1420 594 1710 650 Dominum

127 685 526 742 dominorum?
559 685 682 754 capi
709 685 925 754 quidem
960 685 1075 740 ilth
1107 686 1226 756 ejus
1257 686 1456 741 iudicio
1491 697 1574 742 est
1592 702 1714 742 sen-

3283 367 3393 434 602

2734 497 2792 551 '0
2825 491 2998 566 μέγας
3053 487 3388 560 Πρόδρομος.

1813 613 1975 669 quem
2042 597 2095 650 in
2145 596 2258 666 (l7)
2328 595 2562 649 adulteri
2633 584 2694 646 οὖ
2745 586 2988 660 μιμητὴς
3042 579 3250 652 ἠξιώθη
3299 591 3394 644 γε·

1817 688 2246 759 reprehensione
2289 687 2434 758 regis
2460 685 2564 741 Pa-
2635 683 2823 740 νέσθαι
2856 684 2914 736 ὲν
2931 677 3012 750 τῷ
3042 673 3260 745 ἐλεγμῷ
3295 669 3392 725 τοῦ

1821 793 1902 838 ter
1947 783 2193 837 imitatus
2245 781 2400 836 Plato
2451 792 2563 845 est,
2644 774 3029 848 μοιχεύσαντος
3126 766 3394 841 βασιλέως

129 874 312 926 sionem
340 871 616 940 faciemus
643 871 711 925 “.
744 871 821 926 Ac
852 887 1104 926 rursum:
1142 872 1246 939 Qui
1270 871 1423 926 habet
1461 873 1716 926 mandata

1839 877 1976 946 :ujus
2026 873 2187 929 hodie
2243 876 2560 930 memoriam
2637 872 2880 934 Πλάτων,
2924 870 2954 922 ὁ
3004 869 3151 930 ὅσιος
3199 862 3396 932 Πατὴρ

131 983 256 1031 mea,
280 975 329 1020 et
361 974 544 1020 servat
575 981 660 1030 ea,
683 965 774 1019 ille
825 975 903 1019 est
951 966 1041 1035 qui
1072 965 1247 1036 diligit
1294 981 1395 1032 me,
1430 967 1520 1036 qui
1547 977 1714 1019 autem
1816 967 2235 1023 celebravimus.

131 1059 290 1127 diligit
326 1074 434 1123 me,
461 1057 770 1127 diligetura
793 1055 956 1110 Patre
987 1073 1116 1122 meo,
1149 1065 1200 1112 et
1221 1072 1312 1128 ego
1334 1057 1553 1126 diligam
1576 1073 1714 1122 eum,

133 1159 175 1203 et
205 1149 563 1218 manifestabo
586 1151 635 1203 ei
659 1149 912 1216 meipsum
943 1151 1007 1202 ’⁸.
1047 1147 1264 1214 Quibus
1291 1150 1454 1205 editis
1481 1149 1719 1219 promis-

135 1240 220 1302 sis,
249 1256 361 1294 non
399 1239 651 1294 feramus
699 1239 882 1305 modo,
918 1240 1048 1308 quin
1085 1239 1189 1294 laeti
1241 1241 1426 1294 omnia
1456 1238 1716 1301 feramus,

136 1341 234 1384 tam
268 1332 596 1400 praesentia,
627 1346 794 1401 quam
821 1345 942 1400 quae
971 1332 1286 1386 rumoribus
1306 1333 1600 1402 jactentur,
1634 1340 1718 1386 at-

137 1438 231 1492 que
282 1433 632 1490 metuantur,
682 1423 963 1478 audientes
1026 1423 1345 1493 Apostolum
1401 1423 1714 1478 dicentem:

2637 963 2817 1035 ήμῶν,
2845 954 2907 1014 οὗ
2939 960 2996 1014 δὲ
3045 958 3145 1030 τὴν
3171 957 3393 1027 μνήμην

1818 1060 2055 1131 σήμερον
2084 1055 2363 1129 ἑορτάζειν
2383 1055 2684 1128 ὴξιώμεοα.
2713 1053 2934 1108 FABRIC.
3005 1050 3107 1104 loc.
3141 1048 3235 1102 cit.
3261 1060 3388 1117 pag.

1819 1151 1944 1205 280.

1888 1242 2139 1312 Cumque
2177 1240 2380 1311 egregii
2427 1240 2674 1312 magistri
2709 1246 2868 1309 cogat
2905 1233 3207 1291 necessitas
3231 1245 3394 1303 egre-

1823 1333 1941 1404 gios
1989 1347 2111 1388 esse
2159 1345 2214 1388 et
2259 1331 2586 1401 discipulos,
2649 1327 3034 1399 cognoscendo
3080 1339 3149 1380 ex
3198 1323 3398 1378 arbore

1823 1429 2022 1488 fructu,
2064 1424 2274 1490 hortor,
2307 1434 2362 1479 et
2391 1425 2657 1489 obtestor,
2700 1422 3016 1493 gradiamur
3042 1432 3145 1473 nos
3170 1428 3395 1486 quoque

143 1513 288 1568 Nunc
321 1516 534 1586 gaudeo
581 1517 642 1568 in
669 1516 1003 1584 passionibus
1044 1532 1138 1584 pro
1189 1517 1351 1580 vobis,
1381 1524 1430 1569 et
1461 1515 1722 1584 adimpleo
1823 1517 2009 1571 eadem
2036 1530 2249 1580 norma,
2281 1514 2587 1584 iisdemque
2612 1512 2878 1585 vestigiis,
2910 1511 3112 1581 quibus
3137 1516 3250 1562 tum
3282 1505 3394 1565 ille.

140 1616 195 1654 ea
222 1617 336 1671 qua?
390 1602 586 1655 desunt
617 1603 922 1670 passionum
967 1600 1170 1657 Christi
1197 1606 1250 1656 in
1296 1619 1455 1656 carne
1485 1619 1599 1655 mea
1628 1618 1723 1672 pro

142 1701 345 1756 corpore
375 1691 522 1759 ejus,
563 1690 705 1760 quod
735 1700 812 1744 est
839 1689 1078 1744 Ecclesia
1113 1692 1158 1724 ⁸⁸
1186 1707 1200 1755 ;
1231 1690 1528 1760 divumque
1566 1688 1723 1745 Jaco-

143 1779 260 1836 bum
301 1803 316 1838 :
351 1782 526 1840 Omne
571 1786 828 1856 gaudium
855 1785 1175 1848 existimate,
1214 1784 1404 1851 fratres
1445 1785 1570 1848 mei,
1603 1799 1722 1836 cum

144 1873 194 1926 in
226 1877 550 1930 tentationes
590 1877 767 1932 varias
819 1877 1135 1938 incideritis,
1159 1877 1379 1928 scientes
1411 1874 1549 1943 quod
1599 1890 1720 1942 pro-

147 1965 279 2019 batio
303 1969 431 2036 ﬁdei
467 1978 658 2022 vestrte
683 1968 992 2037 patientiam
1032 1977 1300 2033 operatur.
1325 1963 1597 2017 Patientia
1626 1980 1721 2015 au—

148 2067 240 2109 tem
258 2074 389 2123 opus
412 2060 712 2128 perfectum
735 2057 942 2120 habeat,
973 2067 1027 2110 ut
1051 2058 1165 2110 sitis
1187 2055 1403 2124 perfecti
1429 2063 1477 2108 et
1509 2055 1716 2122 integri,

149 2145 198 2198 in
222 2146 365 2201 nullo
393 2148 704 2217 deﬁcientes
732 2148 800 2202 ’⁷.
836 2145 1027 2202 Viden‘
1060 2155 1117 2200 ut
1149 2146 1472 2201 tentationes
1499 2145 1721 2215 gaudio,

150 2252 209 2291 ac
238 2237 506 2307 voluptati
539 2239 654 2294 sint
683 2255 940 2293 erumna:
969 2257 981 2303 ;
1023 2239 1096 2292 ita
1124 2239 1268 2293 enim
1310 2247 1437 2292 sunt
1461 2252 1582 2304 qua:
1628 2251 1722 2289 ne-

152 2332 436 2398 gotiatione
468 2332 709 2404 quadam
764 2333 950 2387 divina
1004 2340 1430 2395 commutentur,
1463 2341 1625 2400 atque
1671 2331 1722 2384 id

153 2421 267 2476 vitae
313 2423 636 2479 institutum
690 2428 864 2478 sancti
922 2423 1112 2478 iniere.
1173 2422 1293 2488 Quo
1349 2437 1449 2476 nos
1506 2435 1724 2492 quoque

154 2513 394 2570 obeundo
445 2517 598 2578 nisu,
633 2529 700 2569 ac
749 2515 953 2578 renisu,
982 2525 1035 2569 et
1072 2529 1261 2568 eorum
1295 2513 1539 2583 vestigiis
1571 2528 1725 2583 gras-

154 2603 268 2668 sati,
309 2605 539 2658 caeleste
571 2619 800 2674 regnum
828 2604 1163 2658 erciscemur
1195 2618 1289 2672 per
1312 2601 1585 2657 Christum
1634 2599 1724 2656 Je-

158 2708 267 2748 sum
298 2694 598 2749 Dominum
658 2703 906 2750 nostrum
949 2713 961 2747 :
1001 2697 1088 2749 cui
1114 2695 1287 2764 gloria
1326 2704 1378 2747 et
1429 2692 1721 2762 imperium

156 2800 269 2838 cum
299 2787 484 2853 Patre,
512 2802 578 2842 ac
617 2795 808 2842 sancto
847 2786 1074 2857 Spiritu.
1129 2802 1274 2842 nunc
1304 2795 1358 2842 et
1390 2800 1627 2854 semper;
1670 2785 1724 2838 in

159 2893 472 2949 omnemque
509 2879 950 2950 perpetuitatem.
982 2881 1175 2935 Amen.

715 2991 947 3047 SERMO
985 2991 1171 3046 LXIX.

162 3087 219 3142 In
250 3092 353 3147 divi
399 3091 646 3146 Platonis
711 3089 1032 3140 memoriam.
1104 3084 1207 3149 Qui
1252 3086 1305 3138 in
1351 3085 1598 3138 (erumnis
1662 3101 1725 3137 ac

1828 1617 1939 1669 tum
1969 1606 2147 1660 caeteri
2180 1605 2367 1660 Patres
2427 1605 2734 1674 fratresque
2762 1604 2831 1659 de
2865 1601 3045 1658 studio
3071 1596 3395 1660 monastico,

1826 1714 1889 1753 ac
1923 1695 2270 1754 confessione
2320 1713 2442 1767 quae
2491 1697 2790 1760 incumbat,
2829 1694 3164 1750 remittentes
3209 1687 3344 1742 nihil
3379 1703 3394 1738 :

1893 1789 2013 1844 lam
2076 1790 2222 1843 enim
2286 1788 2569 1843 audieritis

1822 1883 1941 1938 sine
1989 1882 2154 1937 dubio
2202 1880 2332 1951 quid
2383 1880 2572 1935 infelix

1820 1975 2126 2029 Alexander
2166 1973 2468 2038 admiserit,
2513 1983 2574 2028 ut

1823 2066 2186 2122 obedientiam
2250 2066 2453 2136 juxta,
2519 2073 2574 2119 et

1823 2161 2221 2216 confessionem
2285 2159 2569 2230 abjurarit.

1826 2251 1986 2317 Quod
2049 2251 2192 2306 unde
2254 2250 2571 2317 contraxit,

1827 2344 1930 2398 nisi
1954 2343 2046 2412 qui
2072 2342 2352 2396 solitarius
2377 2343 2572 2409 obiret,

1826 2434 1990 2504 (quod
2033 2434 2287 2503 equidem
2323 2433 2578 2503 frequen-

1826 2537 1905 2581 ter
1926 2526 2188 2581 solitariis
2211 2526 2447 2596 objecto)
2469 2536 2577 2582 stu-

1824 2619 2026 2688 dioque
2074 2633 2426 2672 nummorum
2481 2616 2577 2672 Ju-

1825 2712 1983 2766 daico
2047 2710 2342 2781 flagraret?
2416 2710 2578 2780 igitur

2673 1788 2812 1858 Ἥδη
2844 1785 3202 1857 γὰρλπάντως
3224 1778 3394 1846 ἡκού-

2645 1897 2772 1935 σατε
2790 1880 2842 1931 τί
2860 1879 3140 1949 πέπρακεν
3154 1870 3401 1935 ’Δλέξαν⁸

2641 1970 2764 2040 ὅρος
2806 1971 2834 2022 ὁ
2867 1967 3143 2037 δύστηνος.
3198 1962 3394 2031 Ἐξηρ-

2645 2063 2848 2132 νήσατο
2867 2060 2962 2114 καὶ
2979 2057 3076 2128 τὴν
3093 2053 3394 2124 ὑποταγὴν,

2645 2155 2739 2207 καὶ
2783 2151 2883 2224 τὴν
2915 2147 3224 2221 ὁμολογίαν.
3286 2145 3398 2200 Καὶ

2645 2243 2808 2297 πόθεν
2868 2239 3026 2296 τοῦτο
3086 2237 3398 2303 πέπονθεν,

2645 2334 2760 2391 ἀλλ’
2795 2335 2827 2405 ἢ
2857 2335 2921 2387 ἐκ
2944 2330 3037 2386 τοῦ
3062 2326 3203 2385 εἶναι
3232 2328 3399 2382 αὑτὸν

2651 2428 3059 2500 μεμονωμένον,
3093 2424 3122 2477 ὃ
3141 2422 3401 2486 πολλάκις

2648 2521 2869 2592 ἐγκαλῶ
2911 2521 3025 2583 τοῖς
3074 2515 3402 2589 μεμονωμέ-

2649 2633 2780 2682 νοις,
2813 2618 2877 2669 Ex
2915 2612 3009 2668 τοῦ
3061 2610 3400 2680 φιλάργυρος

2648 2707 2902 2776 γενέσθαι
2931 2704 3073 2759 κατὰ
3118 2703 3209 2755 τὸν
3267 2698 3400 2754 Ἰού-

2648 2801 2764 2853 δαν.
2801 2796 3126 2866 Ἀμφότεροι
3147 2787 3240 2846 οὖν
3266 2807 3403 2861 προ-

2649 2891 2857 2944 έδωκαν
2911 2887 3003 2942 τὸν
3061 2885 3266 2955 Κύριον
3301 2882 3404 2952 τῆς

2648 2982 2823 3049 δόξης,
2855 2981 2883 3033 ὁ
2936 2977 3035 3049 μὲν
3088 2979 3202 3040 τοῖς
3265 2975 3408 3028 Ἰου-

2648 3075 2838 3138 δαίοις,
2864 3074 2893 3124 ὁ
2913 3073 2970 3126 δὲ
3000 3074 3110 3135 τοῖς
3134 3069 3404 3141 ὀμόφροσι

1826 2803 2019 2857 herum
2088 2811 2316 2870 uterque
2378 2801 2577 2869 glorio-

1832 2911 1954 2950 sum
1981 2895 2184 2965 prodit,
2231 2895 2321 2948 hic
2352 2891 2574 2951 Iudaeis.

1825 2987 1915 3043 ille
1959 2985 2269 3042 Judasorum
2314 2984 2577 3055 gregariis

1825 3082 2222 3138 lconomachis.

223 3164 446 3234 miseriis
502 3163 670 3234 uitam
732 3158 1020 3234 transiere,
1098 3156 1398 3209 incredibili
1445 3155 1724 3223 alienaque

1839 3169 1932 3221 πῶν
1975 3168 2244 3221 Ἰουδαίων
2309 3163 2717 3234 εἱκονομάχοις.
2761 3161 3006 3234 [Festum
3048 3156 3189 3212 Bibl.
3230 3155 3381 3211 erc

223 3232 390 3287 dolori
421 3233 697 3300 voluptate
725 3228 853 3298 frui.

225 3318 440 3377 Fratres
489 3320 814 3388 Patresque,
869 3332 992 3372 cum
1040 3316 1251 3370 homini
1303 3317 1452 3370 omni
1517 3330 1727 3370 sermo-

169 3426 302 3478 nem,
335 3427 522 3468 remve
557 3412 770 3466 ineunti
803 3424 1062 3465 aerumna
1085 3408 1137 3462 in
1170 3408 1386 3478 primis,
1418 3415 1472 3462 et
1501 3406 1728 3461 difﬁcul-

171 3514 242 3559 tas
263 3506 547 3574 quaritur,
591 3513 707 3557 tum
757 3512 1000 3556 extremo
1026 3501 1320 3556 certamine
1376 3500 1629 3569 gaudium
1665 3514 1729 3553 ac

170 3584 362 3649 laetitia.
421 3594 570 3649 Sane
615 3593 1095 3663 lacrymabundus,
1148 3594 1448 3647 secundum
1484 3607 1725 3654 carnem,

173 3687 394 3744 rusticus
427 3689 587 3751 serit,
637 3684 1068 3740 exsultabundus
1115 3685 1295 3746 metit,
1352 3683 1731 3752 profectusque

177 3775 226 3828 in
261 3778 508 3846 praelium
551 3777 712 3831 miles
742 3775 925 3845 lugere
966 3775 1124 3838 solet,
1175 3774 1496 3829 ovabundus
1545 3774 1725 3826 redit:

175 3868 325 3936 igitur
363 3871 430 3925 ad
476 3879 683 3924 metam
730 3883 832 3923 nos
874 3883 1093 3938 quoque
1137 3867 1310 3922 evecti
1358 3864 1727 3929 continentiae,

175 3959 404 4026 priorum
445 3959 857 4015 afflictationem
909 3960 1155 4013 laborum
1209 3959 1435 4012 minime
1477 3959 1731 4013 recorde-

178 4065 307 4115 mur,
337 4052 442 4107 laati
473 4053 863 4123 praesentibus,
898 4051 1222 4120 Hernmque
1250 4051 1556 4106 laudantes.
1591 4051 1729 4116 Quin

179 4138 490 4206 splendeatis
523 4141 666 4195 etin
707 4148 985 4208 posterum
1017 4140 1216 4195 studiis
1256 4141 1564 4209 praeclaris;
1605 4155 1729 4192 nam

177 4228 408 4294 equidem
452 4239 624 4286 testor
671 4229 865 4299 jejunii
920 4240 1130 4298 tempus
1189 4229 1402 4299 egregie
1465 4230 1727 4292 obivisse,

181 4318 285 4374 sine
308 4336 508 4392 pugna,
540 4321 677 4376 citra
704 4320 1018 4386 tumultum,
1051 4322 1357 4390 morigeros
1390 4321 1555 4390 probe
1580 4335 1732 4374 com-

183 4423 415 4482 punctus,
467 4430 634 4470 suum
679 4428 948 4484 quemque
992 4413 1226 4470 oflieium
1276 4415 1409 4469 satis
1461 4425 1733 4482 superque

186 4504 401 4564 functos.
435 4509 514 4564 Ac
559 4515 740 4578 grates
782 4509 1100 4577 praepotenti
1133 4507 1265 4571 Deo,
1317 4507 1410 4578 qui
1437 4507 1580 4561 vires
1603 4520 1733 4560 con-
1766 4517 1809 4573 ι)

188 4598 298 4654 tulit
320 4603 595 4672 explendi.
629 4600 1128 4669 ldemque,fratres,
1154 4600 1431 4668 exemplar
1454 4600 1738 4668 capiamus

190 4691 282 4747 sub
308 4693 468 4764 hujus
499 4695 713 4751 exitum
735 4694 880 4758 vitae,
911 4708 1034 4748 cum
1062 4708 1092 4746 a
1122 4707 1219 4746 sua
1248 4691 1480 4760 quisque
1505 4691 1740 4745 functio-

189 4797 246 4835 he
278 4788 638 4851 cessabimus,
692 4786 908 4854 vitaque
959 4795 1146 4840 nostra
1196 4784 1446 4839 Christus
1496 4785 1738 4852 patefiet,

191 4870 302 4937 Deo,
330 4885 380 4930 et
406 4876 554 4932 Patri
585 4892 812 4946 regnum
864 4875 1182 4938 traditurus,
1229 4875 1544 4927 auctoribus
1576 4873 1728 4926 Scri~

193 4968 367 5034 pluris,
393 4970 546 5025 omni
568 4969 835 5023 exstincta
863 4977 1156 5038 potestate,
1183 4967 1433 5035 imperio,
1453 4965 1694 5036 potentia
1725 4983 1738 5017 :

195 5057 443 5129 siquidem
477 5063 630 5118 haud
661 5073 774 5116 tum
811 5063 985 5117 sancti
1011 5062 1300 5130 supplicia,
1335 5074 1398 5114 ac
1425 5075 1523 5130 pro
1547 5061 1743 5113 virtute

194 5153 404 5208 sentient
456 5152 799 5215 certamina,
867 5153 998 5224 quin
1056 5151 1398 5217 incredibili,
1456 5151 1744 5219 alienaque

195 5240 351 5297 dolori
381 5247 659 5312 voluptate
689 5242 743 5295 in
777 5257 948 5297 aevum
991 5242 1362 5311 perfruentur.
1400 5241 1631 5308 Quinam
1663 5241 1738 5308 ii;

196 5343 292 5397 pne
337 5336 445 5406 lege
496 5335 762 5398 illustres,
818 5345 872 5387 et
923 5334 976 5387 in
1032 5334 1148 5402 lege
1197 5332 1419 5398 Patres,
1476 5343 1737 5402 vatesque

198 5421 486 5496 Abrahami,
520 5443 590 5483 ac
619 5425 785 5481 Mosis
823 5426 1036 5490 instar;
1071 5426 1125 5478 in
1168 5425 1360 5494 gratia,
1410 5425 1552 5480 beati
1594 5423 1740 5493 Apu-

204 5514 330 5581 stoli,
358 5521 587 5577 laureati
617 5519 926 5589 martyres?
960 5517 1137 5572 omnis
1168 5525 1480 5572 sanctorum
1525 5519 1742 5584 chorus,

205 5618 255 5662 ac
281 5623 380 5676 prre
404 5614 487 5670 his
516 5614 749 5682 insuper
785 5629 798 5665 :

1827 3259 2040 3322 Harles,
2069 3258 2166 3312 ast
2182 3256 2222 3328 .1

1902 3351 1972 3407 Ut
2004 3351 2197 3405 merito
2227 3349 2524 3418 Apostolus
2565 3347 2781 3409 clamet,
2817 3343 2995 3398 Radix
3017 3342 3251 3396 omnium
3290 3355 3406 3391 ma-

1828 3442 2003 3496 lorum
2045 3455 2118 3496 est
2155 3441 2409 3506 avaritia,
2450 3455 2609 3509 quant
2655 3438 2872 3508 quidam
2917 3442 3217 3504 appetentes
3258 3447 3408 3484 erra-

1828 3544 2009 3591 verunt
2041 3552 2073 3588 a
2099 3534 2221 3599 ﬁde”,
2265 3542 2315 3586 et
2359 3532 2691 3600 conﬁxerunt
2725 3545 2778 3583 se
2820 3527 3092 3579 doloribus
3132 3523 3315 3577 multis
3337 3522 3405 3577 ⁸⁸.

1833 3627 2022 3697 Neque
2070 3626 2159 3680 hic
2193 3639 2416 3694 possum
2449 3623 2581 3691 quin
2631 3621 2922 3690 plerosque
2971 3626 3212 3672 vestrum
3263 3612 3408 3668 haud

1831 3721 1930 3774 abs
1962 3733 2020 3772 re
2052 3717 2300 3786 equidem
2336 3726 2575 3784 tangam.
2615 3712 3026 3778 Quamobrem?
3058 3709 3200 3778 quod
3235 3706 3409 3760 ambi-

1833 3811 2002 3873 tione,
2052 3822 2116 3863 ac
2145 3808 2383 3877 primatu
2435 3806 2599 3859 homo
2645 3803 2819 3856 futilis
2849 3809 3156 3870 caperetur,
3195 3797 3409 3852 ludicro

1833 3902 2034 3956 seriam
2064 3899 2114 3953 ei
2148 3913 2351 3952 noxam
2382 3896 2767 3965 comparastis,
2810 3893 2966 3964 quasi
3001 3892 3236 3960 quodam
3269 3888 3411 3943 Pon-

1833 3993 1975 4046 tilice
2009 4005 2074 4044 eo
2119 3989 2372 4044 creando.
2405 3987 2561 4053 Quod
2611 3986 2658 4041 is
2691 3985 2986 4048 ludicrum,
3035 3982 3258 4038 diabolo
3300 3979 3410 4048 ple-

1835 4101 1958 4148 nus,
2009 4080 2203 4136 extulit
2237 4080 2290 4133 in
2343 4094 2527 4148 opus:
2570 4079 2807 4146 indeque
2851 4075 2998 4146 quod
3044 4071 3409 4128 infortunium

1834 4169 2148 4226 contraxit?
2198 4168 2320 4222 fidei
2370 4167 2716 4236 naufragium
2764 4164 2913 4231 fecit,
2967 4177 3178 4226 merces
3226 4161 3412 4215 amisit

1833 4263 2073 4328 virtutis,
2107 4261 2453 4315 contristavit
2489 4261 2650 4312 nauci
2687 4273 2786 4312 nos
2813 4270 3054 4324 quoque,
3093 4252 3187 4307 Dei
3221 4250 3411 4306 Eccle-

1835 4357 1928 4410 siae
1969 4353 2235 4418 fraudem,
2265 4361 2534 4421 quantum
2568 4350 2621 4403 in
2663 4364 2722 4404 se
2758 4357 2861 4411 est,
2892 4346 3091 4401 attulit.
3127 4345 3230 4399 Sed
3261 4343 3414 4398 beni-

1837 4463 1975 4517 gnus
2027 4445 2169 4500 Deus
2204 4444 2297 4513 qui
2324 4443 2574 4497 obrutam
2609 4441 2863 4495 interitus
2881 4437 3152 4509 profundo
3169 4443 3408 4490 mentem

1839 4536 2038 4598 educit,
2093 4538 2307 4588 tandem
2355 4529 2652 4601 aliquando
2704 4545 2828 4584 eum
2882 4528 3008 4582 facti
3057 4526 3412 4596 pcenitentem

1839 4634 2058 4682 revocet
2091 4640 2121 4679 a
2155 4625 2331 4694 lapsu,
2361 4634 2415 4677 et
2443 4622 2743 4687 temeritas,
2778 4635 2842 4676 ac
2874 4617 3152 4675 futilitatis
3182 4615 3412 4686 gratiam

1839 4718 1992 4773 vobis
2043 4716 2228 4781 faciat,
2268 4730 2571 4785 omnesque
2625 4729 2725 4767 nos
2776 4715 2827 4767 in
2877 4726 3034 4766 suum
3071 4708 3295 4762 caeleste
3327 4721 3415 4761 re-

1841 4826 2004 4882 gnum
2051 4819 2357 4874 conservet,
2417 4825 2513 4878 per
2563 4807 2843 4862 Christum
2892 4802 3078 4857 Jesum
3125 4799 3413 4854 Dominum

1843 4911 2088 4954 nostrum
2125 4899 2256 4952 :eui
2309 4897 2482 4967 gloria
2519 4907 2573 4953 et
2609 4896 2897 4966 imperium
2939 4909 3064 4948 cum
3117 4890 3297 4956 Patre,
3347 4903 3414 4942 ao

1842 5003 2028 5049 sancto
2057 4991 2261 5061 Spiritu
2293 5006 2440 5046 nunc
2498 5001 2552 5044 et
2579 5003 2813 5058 semper,
2842 4988 2896 5041 in
2932 4998 3258 5053 omnemque
3291 4995 3416 5051 per-

1843 5085 2182 5154 petuitatem.
2218 5083 2416 5135 Amen.

2434 5171 2665 5227 SERMO
2700 5168 2861 5224 LXX.

1842 5265 1906 5319 In
1961 5263 2388 5333 ([uadragesimas
2430 5263 2607 5330 ﬁnem.
2677 5262 2748 5316 De
2786 5261 2981 5333 cunctis
3013 5256 3274 5333 potiendis
3302 5271 3420 5320 sup-

1985 5331 2193 5402 pliciis,‘
2211 5343 2258 5385 et
2300 5332 2512 5386 Domini
2543 5349 2604 5386 ac
2633 5343 2930 5385 sanctorum
2961 5331 3276 5383 imitatione.

1919 5427 2132 5482 Fratres
2161 5425 2482 5495 Patresque,
2528 5425 2639 5481 fors
2673 5425 3075 5480 contristaverit
3102 5436 3200 5474 vos
3257 5433 3420 5489 supe-

1854 5520 1965 5573 rior
2021 5517 2324 5573 catechesis
2376 5556 2391 5579 ,
2433 5518 2623 5586 agitari
2685 5521 2737 5571 in
2817 5531 2916 5570 nos
2972 5513 3212 5584 pericula
3289 5524 3418 5580 pro—

1855 5612 2017 5668 fessa.
2053 5609 2152 5664 Sed
2205 5609 2330 5678 quia
2387 5609 2494 5662 ha’c
2545 5610 2748 5663 locutus
2773 5625 2888 5662 sum
2922 5607 3089 5670 vobis,
3133 5605 3207 5659 ait
3236 5601 3420 5658 Dotniv

261 5742 739 5812 “Joan.x|v,?.3.
812 5717 1138 5801 "inruet.
1214 5745 1684 5809 “Colossu‘li-

1843 5746 1958 5801 Jac.
1995 5763 2029 5810 l,
2061 5748 2113 5800 '5.
2192 5746 2236 5776 ⁹⁸
2279 5744 2294 5796 Ι
2339 5745 2478 5799 Tim.
2517 5762 2593 5810 νι,
2630 5746 2711 5800 l0.

268 5857 362 5918 Ἢ)
400 5859 830 5920 Coristantiuum
867 5859 1150 5933 intelligit,
1195 5857 1466 5928 jnniorcm
1503 5855 1684 5911 lrcnes
1723 5857 2084 5931 imperatricis
2114 5857 2305 5922 ﬁlium,
2339 5857 2404 5912 dc
2438 5875 2545 5928 quo
2574 5861 2698 5914 iul‘r.
2730 5861 2848 5914 Cat.
2884 5857 2970 5914 74.
