4000 6306
542 329 650 395 603

1744 336 1806 396 S.
1857 333 2246 395 THEODORI
2303 338 2650 399 STUDlT.E

3706 332 3823 399 604

534 460 641 501 nus
672 482 689 507 ,
719 441 939 498 tristitia
976 444 1204 515 implevit
1246 460 1335 498 cor
1365 454 1635 510 vestrum;
1665 444 1756 499 sed
1798 460 1891 513 ego
1926 444 2122 497 verita-
2153 449 2200 501 Α
2228 452 2282 497 et
2314 445 2598 513 imperium
2628 462 2754 500 cum
2785 444 2965 511 Patre,
2992 461 3058 503 ac
3081 455 3271 502 sancto
3331 444 3557 515 Spiritu,
3592 460 3739 499 nunc
3761 455 3824 499 et

540 544 642 590 tem
672 535 791 590 dico
826 537 892 590 ”.
928 535 1220 606 Apostolus
1260 550 1478 591 rursum
1513 552 1530 591 :
1572 535 1707 590 Mitti
1739 536 1948 607 quidem
1981 534 2124 588 haud

536 627 686 681 dictu
718 626 995 681 molestum
1020 666 1035 691 ,
1092 627 1233 681 vobis
1296 625 1546 695 prasidio
1582 638 1658 681 est
1712 629 1727 659 ¹
1752 645 1765 693 ;
1791 628 1991 697 itaque,
2024 640 2121 681 co-

541 720 753 784 hortor,
783 718 1011 789 spiritali
1041 720 1188 773 omni
1223 719 1475 788 praesidio
1509 721 1812 773 tirmemur.
1843 720 1920 774 Ac
1974 720 2018 774 si
2071 719 2125 774 in

541 827 685 881 opus
726 826 911 865 rumor
932 813 1194 880 prodeat,
1225 810 1335 865 Deo
1363 811 1521 877 duce,
1556 826 1912 866 occurramus
1960 826 2125 881 quam

544 900 879 968 fortissime;
911 902 997 956 sin
1028 901 1229 967 minus,
1259 917 1326 956 ue
1349 902 1427 956 sic
1449 900 1665 972 quidem
1697 901 1934 955 alienum
1982 900 2126 970 frugi

547 991 790 1047 futurum
830 1001 933 1056 est,
965 992 1198 1061 benigno
1223 992 1330 1045 Deo
1351 1000 1668 1062 apparatum
1717 1007 1841 1046 eum
1867 993 2129 1061 probante

546 1084 793 1153 citraque
825 1083 1029 1153 plagas,
1059 1093 1112 1138 et
1150 1084 1363 1139 labores
1407 1085 1743 1153 propositum
1783 1092 2125 1137 munerante.

549 1173 815 1229 Caeterum
850 1175 961 1244 jam
993 1175 1048 1229 in
1087 1176 1345 1230 extremis
1386 1174 1808 1245 Quadragesima
1851 1185 1954 1241 est,
1989 1185 2127 1231 tem-

549 1280 762 1336 pusque
823 1265 1093 1335 insignem
1147 1266 1331 1319 attulit
1388 1267 1724 1329 coronidem,
1750 1266 1802 1320 id
1840 1278 1943 1333 est,
1987 1267 2128 1321 vita-

550 1360 683 1414 lium
713 1360 1019 1414 Senatoris
1048 1359 1481 1414 recordationem
1508 1359 1815 1427 vulnerum,
1850 1359 1994 1415 unde
2046 1370 2134 1415 est

551 1449 647 1518 qui
688 1449 769 1503 vel
802 1448 1039 1503 maxime
1073 1448 1445 1503 consolatione
1476 1448 1749 1504 fruamur.
1781 1447 1915 1504 Nam
1947 1450 1994 1504 si
2021 1449 2126 1505 ile-

552 1554 650 1595 rus
687 1539 939 1609 Deusque
974 1554 1071 1608 pro
1119 1536 1356 1609 peccatis
1425 1539 1627 1596 nostris
1657 1548 1741 1595 est
1772 1542 2132 1612 comprehen-

553 1645 670 1697 sus,
714 1630 842 1701 quid
888 1645 1143 1700 magnum
1204 1630 1251 1685 si
1282 1645 1380 1684 nos
1405 1646 1645 1701 quoque,
1689 1631 1912 1688 inutiles
1961 1635 2128 1699 servi,

553 1737 654 1792 pro
688 1738 754 1777 eo
798 1722 1326 1792 comprehendamnr
1362 1722 1383 1775 ?
1430 1723 1476 1778 si
1524 1738 1698 1779 nexus
1732 1725 1854 1790 ille,
1887 1740 1950 1781 ac
2002 1742 2135 1781 con-

554 1813 796 1882 strictus,
840 1814 895 1869 in
956 1815 1256 1870 custodiam
1308 1815 1543 1881 ducitur,
1602 1817 1727 1886 quid
1758 1831 1956 1873 novum
1985 1820 2029 1874 si
2079 1832 2135 1878 et

555 1921 659 1960 nos
692 1906 834 1960 idem
865 1905 1013 1976 quod
1040 1907 1204 1961 herus
1242 1907 1511 1975 patiamur
1538 1908 1561 1961 l
1585 1909 1865 1964 enimvero
1898 1911 1981 1966 vel
2012 1928 2134 1981 per-

557 1996 845 2051 molestum
880 2006 963 2053 est
993 2013 1333 2067 nequaquam
1379 2001 1491 2053 haec
1532 2000 1866 2071 contingere.
1896 2001 2035 2067 Quin
2088 2005 2133 2060 si

556 2086 641 2140 vel
678 2088 932 2157 vapulare
987 2104 1207 2142 necesse
1236 2097 1338 2152 est,
1371 2090 1708 2158 vapulentus,
1744 2090 1789 2146 si
1825 2093 1905 2148 vel
1936 2096 2132 2165 pugnis

555 2177 749 2246 accipi,
791 2193 1021 2248 pugnos,
1051 2179 1095 2233 si
1127 2179 1207 2233 vel
1241 2182 1578 2248 consputari,
1616 2191 1769 2251 Sputa
1808 2184 1894 2250 ;si
1928 2186 2009 2239 vel
2034 2202 2130 2241 ne-

556 2282 675 2321 cem
724 2267 958 2337 denique
986 2269 1158 2330 obire.
1196 2270 1463 2324 illustrem
1503 2272 1771 2341 patiamur
1810 2290 2019 2330 necem.
2059 2276 2136 2330 Ac

557 2353 777 2408 beatum
813 2358 905 2425 qui
932 2357 1015 2410 vel
1045 2359 1243 2426 partim
1272 2360 1475 2416 Christi
1511 2364 1790 2431 suppliciis
1834 2367 2139 2421 communi-

557 2454 644 2498 cet
671 2463 683 2509 ;
716 2445 820 2499 hoc
851 2446 1077 2503 felicitas
1122 2458 1226 2515 est,
1267 2450 1370 2505 hoc
1399 2452 1797 2511 immortalitas.
1830 2455 1949 2511 Non
1975 2458 2138 2512 audi-

557 2550 683 2591 mus
717 2536 847 2605 quid
899 2536 1192 2606 Apostolus
1238 2540 1407 2597 dicit:
1446 2543 1521 2598 De
1563 2557 1748 2601 caetero
1804 2563 1953 2601 nemo
2008 2548 2138 2602 mihi

558 2625 807 2679 molestus
833 2628 903 2680 sit
933 2643 952 2681 :
990 2645 1082 2698 ego
1108 2631 1245 2683 enim
1278 2632 1531 2701 stigmata
1566 2634 1778 2689 Domini
1794 2635 1923 2691 Jesu
1944 2637 1999 2691 in
2021 2654 2138 2691 cor-

556 2716 683 2772 ’νοτε
723 2734 834 2771 meo
858 2731 1010 2787 porto
1049 2721 1105 2774 ’τ
1131 2722 1209 2775 Ac
1235 2721 1283 2777 si
1322 2723 1524 2779 diceret
1550 2743 1562 2779 :
1589 2725 1757 2781 Nemo
1789 2744 1875 2782 me
1899 2738 2141 2785 contem-

561 2819 677 2875 nat,
717 2825 842 2863 nam
870 2811 1123 2879 equidem
1153 2811 1317 2882 Regis
1343 2812 1467 2883 Opt.
1500 2813 1639 2869 Max.
1674 2815 1726 2869 in
1763 2833 1884 2872 meo
1912 2835 2141 2891 corpore

558 2900 793 2970 insignia
820 2900 956 2958 fero.
993 2901 1140 2958 Talis
1190 2914 1458 2960 eratcum
1493 2906 1684 2961 beatus
1716 2905 1957 2977 lgnatins
1991 2952 2007 2977 ,
2047 2915 2141 2983 qui

556 2992 828 3049 deiferum
888 3011 948 3051 se
978 2998 1224 3061 vocavit,
1271 2999 1414 3069 quod
1443 2997 1645 3055 Christi
1677 3001 1730 3055 in
1787 3018 1845 3059 se
1877 3006 2140 3075 supplicia

2226 548 2459 605 semper,
2492 536 2544 590 in
2575 551 2898 608 omnemque
2925 537 3361 608 perpetuitatem.
3398 536 3596 591 Amen.

2789 630 3023 686 SERMO
3051 629 3239 686 LXXI.

2225 720 2427 775 Lazari
2448 719 2871 789 Prteparatoria.
2905 720 3207 776 Cavendum
3228 721 3376 776 nobis
3404 737 3515 777 esse
3544 737 3579 776 a
3600 720 3820 777 diaboli

2510 792 2743 861 vafritie,
2781 809 2879 847 neu
2902 794 3219 848 secessiones
3241 792 3525 863 agitemus.

2298 904 2515 960 Fratres
2555 906 2852 975 Patresque
2883 945 2897 970 ,
2952 903 3169 960 Domini
3228 904 3284 959 in
3328 903 3632 975 Evangeliis
3696 903 3819 960 hanc

2230 1008 2358 1051 sunt
2380 996 2541 1051 verba
2573 1015 2584 1049 :
2616 996 2831 1061 Simon,
2868 994 3052 1051 Simon
3078 1038 3092 1062 ,
3129 1011 3247 1049 ecce
3285 992 3524 1049 Satanas
3560 996 3817 1063 expetivit

2232 1105 2315 1142 vos
2344 1097 2399 1141 ut
2435 1088 2689 1141 cribraret
2716 1089 2853 1139 sicut
2888 1088 3145 1150 triticum,
3176 1103 3269 1157 ego
3300 1096 3476 1140 autem
3502 1087 3689 1157 rogavi
3713 1102 3819 1155 pro

2233 1190 2281 1235 te
2305 1192 2359 1233 ut
2386 1198 2487 1234 non
2517 1181 2728 1249 deﬁciat
2760 1181 2890 1248 [idea
2921 1192 3010 1233 tua
3037 1183 3056 1212 ⁸
3083 1197 3097 1246 ;
3128 1180 3381 1248 idemque
3413 1158 3602 1247 parum
3632 1178 3819 1232 adfuit

2233 1273 2365 1342 quin
2405 1272 2563 1326 nobis
2591 1287 2809 1341 quoque
2850 1271 3003 1325 fieret
3038 1271 3220 1325 nauci.
3258 1269 3459 1325 Verum
3496 1269 3638 1324 haud
3678 1284 3815 1339 per-

2232 1364 2383 1416 misit
2409 1372 2489 1417 ter
2504 1360 2765 1431 .Optimus
2795 1376 2961 1430 supra
2989 1360 3132 1413 vires
3172 1358 3437 1423 afﬂictari,
3488 1359 3621 1429 quin
3679 1374 3813 1414 cum

2234 1454 2477 1521 periculo
2496 1455 2729 1524 praebuit
2754 1464 2810 1508 et
2830 1454 3061 1517 exitum,
3084 1466 3195 1521 quo
3219 1451 3456 1520 perferre
3474 1450 3809 1506 valeremus.

2234 1547 2421 1617 Neque
2458 1562 2591 1602 vero
2620 1546 2751 1616 quid
2782 1546 3014 1601 sentiam
3039 1543 3265 1599 nescitis
3293 1562 3306 1597 :
3339 1543 3590 1613 equidem
3621 1542 3817 1597 frater-

2235 1654 2365 1693 num
2408 1646 2652 1692 vestrum
2684 1637 2739 1691 iu
2768 1636 3028 1691 aerumnis
3056 1634 3382 1700 connixum,
3424 1649 3489 1689 ac
3524 1633 3815 1703 conspira-

2243 1726 2444 1779 tionem
2472 1726 2661 1795 probo,
2697 1733 2753 1778 ut
2776 1733 3055 1794 acceptum
3092 1725 3221 1788 Deo,
3246 1734 3300 1779 et
3332 1723 3499 1795 frugi,
3527 1736 3591 1777 ac
3618 1722 3818 1778 lauda-

2239 1819 2421 1881 bilem,
2461 1817 2760 1871 secundum
2794 1816 2898 1870 hoc
2925 1816 3167 1884 Apostoli
3198 1816 3418 1870 effatum
3454 1833 3469 1870 :
3508 1815 3640 1870 Ecce
3666 1815 3814 1868 enim

2236 1909 2331 1962 hoc
2361 1909 2553 1975 ipsum,
2583 1908 2869 1961 secundum
2899 1906 3065 1961 Deum
3093 1906 3400 1962 contristari
3422 1916 3813 1976 vos,quantam

2236 2003 2292 2055 in
2324 2002 2467 2056 vobis
2496 2012 2765 2070 operatum
2809 2010 2886 2052 est
2927 1999 3383 2053 sollicitudinem?
3414 1997 3505 2052 sed
3542 1998 3815 2067 defensio-

2238 2110 2375 2160 nem,
2395 2095 2483 2148 sed
2503 2094 2941 2163 indignationem,
2957 2093 3046 2145 sed
3066 2093 3327 2155 timorem,
3352 2090 3442 2145 sed
3460 2090 3813 2159 desiderium,

2238 2190 2325 2243 sed
2365 2187 2751 2242 a'mulationem
2776 2226 2790 2250 ,
2828 2185 2917 2237 sed
2956 2184 3241 2237 vindictam
3278 2185 3335 2236 in
3386 2183 3630 2236 omnibus
3667 2182 3818 2236 exhi-

2239 2279 2425 2333 buistis
2455 2294 2541 2331 vos
2575 2276 3020 2330 incontaminatos
3050 2288 3164 2326 esse
3193 2276 3249 2327 in
3290 2276 3492 2343 negotio
3514 2275 3555 2326 ⁸.
3590 2274 3816 2327 Scilicet

2238 2386 2300 2425 ea
2335 2384 2587 2423 verorum
2626 2367 2856 2420 fratrum
2891 2374 2973 2419 est
3002 2364 3236 2430 affectio,
3271 2380 3436 2436 quam
3470 2374 3521 2418 et
3551 2364 3692 2418 ratio
3713 2363 3815 2417 de-

2239 2462 2442 2516 siderat
2476 2478 2489 2513 :
2525 2459 2602 2513 ait
2629 2458 2774 2511 enim
2810 2474 2822 2509 :
2870 2454 2990 2511 Sive
3042 2458 3245 2525 patitur
3289 2471 3451 2508 unum
3493 2455 3815 2516 membrum,

2240 2551 2631 2619 compatiuntur
2663 2549 2842 2601 omnia
2875 2548 3107 2602 membra
3130 2548 3170 2601 ⁷.
3204 2547 3282 2601 Ae
3312 2555 3482 2612 tuere,
3511 2546 3670 2600 sodes
3692 2545 3815 2599 dia-

2241 2642 2348 2697 boli
2378 2641 2619 2697 studium
2652 2650 2706 2694 et
2732 2640 3081 2703 industriam,
3104 2637 3563 2706 quemadmodum
3591 2651 3693 2690 ceu
3727 2635 3817 2690 leo

2240 2731 2463 2802 rugiens
2495 2730 2731 2794 oberret,
2765 2728 3037 2797 vestigans
3069 2741 3231 2797 quem
3262 2725 3505 2787 devoret,
3534 2740 3696 2794 quem
3726 2724 3819 2778 in-

2246 2820 2511 2889 tercipiat,
2543 2833 2636 2874 seu
2672 2816 2888 2886 partim,
2924 2832 3019 2870 seu
3052 2815 3225 2871 solido
3259 2832 3274 2871 :
3305 2814 3573 2885 siquidem
3610 2813 3817 2883 partim

2244 2914 2473 2982 petitus,
2510 2910 2732 2964 minime
2762 2908 3165 2978 conquiescat,,
3187 2907 3321 2977 quin
3354 2907 3408 2960 in
3440 2906 3594 2976 pejus
3621 2919 3820 2974 prope-

2245 3014 2327 3060 ret
2361 3018 2576 3074 semper
2597 3042 2611 3066 ,
2642 3003 2771 3057 dum
2802 3002 3009 3071 peccati
3043 3000 3226 3069 exigat
3255 3007 3505 3053 mortem.
3564 2996 3817 3068 Exempli

561 3083 750 3151 ferret,
781 3096 892 3141 tum
927 3087 1087 3144 divus
1133 3088 1437 3146 Eustratius
1462 3131 1476 3155 ,
1512 3093 1604 3161 qui
1631 3093 1685 3146 in
1734 3096 2020 3152 tormentis
2048 3114 2143 3153 vo-
2173 3115 2217 3173 (ι
2248 3110 2433 3161 causa,
2468 3102 2640 3148 tentat
2663 3093 2715 3147 in
2742 3092 2932 3162 primis
2947 3092 3342 3161 quiaccessum
3373 3090 3665 3160 patiamur,
3696 3098 3818 3144 tum

559 3179 821 3237 ciferatus
844 3178 1052 3234 diceret
1077 3199 1089 3233 :
1118 3179 1272 3235 Nunc
1297 3182 1411 3235 scio
1440 3182 1493 3235 in
1542 3199 1626 3237 me
1643 3184 1819 3240 vivere
1844 3187 2141 3248 Christum.

559 3274 604 3326 Ο
654 3272 1000 3327 beatissimus
1052 3273 1254 3327 voces!
1316 3272 1359 3326 0
1400 3283 1480 3328 ter
1510 3272 1856 3332 felicissimos
1881 3280 2141 3338 animos!

563 3363 940 3429 Quornmuam
974 3379 1102 3418 vero
1124 3364 1336 3432 agimus
1385 3366 1699 3420 memoriam
1740 3368 2023 3439 lquorum
2059 3390 2144 3429 ce-

563 3456 838 3513 lebramus
865 3457 1096 3512 natales?
1142 3456 1341 3526 quibus
1393 3459 1517 3511 fana
1551 3469 1777 3529 augusta
1838 3464 2141 3534 molimur;

560 3567 792 3620 quorum
824 3566 1150 3607 veneramur
1172 3552 1428 3622 reliquias
1460 3554 1613 3609 ?non
1648 3564 1944 3628 martyrum
1972 3560 1995 3613 ?
2034 3578 2143 3618 non

560 3645 943 3700 confessorum
972 3646 993 3699 Τ
1026 3662 1135 3701 non
1159 3657 1474 3702 sanctorum
1505 3649 1528 3701 ?
1555 3648 1659 3716 Qui
1694 3650 1784 3707 hic
1819 3664 1967 3710 tanta
1995 3658 2143 3713 aucti

562 3736 762 3807 gloria,
817 3737 926 3791 diri
967 3752 1033 3791 ac
1081 3738 1309 3807 cogitari
1361 3738 1569 3808 nequit,
1614 3750 1819 3811 quanto
1872 3754 1926 3800 et
1962 3747 2148 3817 cujus-

562 3828 708 3881 modi
744 3825 1033 3895 splendore
1062 3826 1116 3880 in
1158 3827 1343 3881 futuro
1371 3827 1573 3882 saeculo
1597 3826 1870 3884 fruentur.
1902 3831 2024 3888 Haec
2055 3834 2145 3889 illa

560 3927 644 3973 est
666 3918 880 3988 egregia
903 3918 1226 3988 negotiatio;
1249 3918 1337 3971 hic
1380 3918 1469 3973 ille
1500 3918 1627 3973 felix
1668 3930 2003 3989 contractus,
2035 3924 2148 3979 exi-

561 4010 685 4078 guis
704 4008 983 4062 laboribus
1010 4024 1074 4062 ac
1096 4008 1488 4063 certaminibus
1506 4018 1708 4064 aeterna
1737 4020 1790 4065 et
1812 4011 2144 4070 immortalia

563 4112 776 4167 parare.
816 4095 964 4161 Quos
1010 4096 1318 4160 imitemur,
1348 4095 1584 4164 fratres,
1640 4114 1744 4155 nos
1788 4116 2028 4171 quoque,
2084 4119 2148 4158 ac

563 4205 692 4244 cum
737 4196 968 4257 augusto
998 4188 1263 4259 sanguine
1294 4198 1541 4243 nostrum
1563 4189 1890 4246 misceamus
1912 4211 1927 4258 ;
1947 4194 2145 4249 etenim

560 4289 781 4352 potest;
816 4295 940 4333 nam
964 4294 1064 4333 nec
1083 4279 1268 4347 dispar
1285 4288 1476 4334 natura
1500 4290 1602 4347 est,
1641 4297 1742 4337 nec
1766 4294 2006 4340 mutatus
2049 4287 2145 4355 qui

563 4372 748 4424 dicat:
794 4368 992 4431 Videte,
1024 4368 1188 4421 videte
1208 4368 1332 4437 quia
1354 4385 1446 4438 ego
1472 4388 1612 4435 sum,
1659 4381 1708 4426 et
1743 4370 1846 4427 non
1877 4391 1993 4427 sum
2030 4392 2143 4428 mu-

2246 3197 2427 3242 autem
2481 3196 2538 3241 ut
2587 3185 2844 3241 vitiosum
2879 3185 3062 3239 animo
3106 3184 3394 3253 loquamur
3429 3182 3499 3237 ita
3548 3181 3821 3252 pollutam

2245 3293 2409 3349 porro
2440 3286 2674 3331 mentem
2732 3285 2786 3329 et
2808 3274 3085 3337 infectam,
3106 3273 3294 3329 habitu
3318 3274 3564 3329 demovet
3582 3284 3811 3337 naturas,

2246 3379 2540 3433 amentem,
2577 3368 2793 3421 brutam
2830 3382 3025 3421 caream
3052 3366 3297 3430 molitus,
3323 3381 3446 3437 qua:
3482 3365 3688 3420 ambiat
3721 3379 3821 3418 ne-

2246 3460 2403 3524 faria,
2436 3474 2533 3531 pro
2563 3459 2683 3514 luce
2713 3458 2985 3521 tenebras,
3026 3458 3332 3513 amaritiem
3365 3472 3463 3527 pro
3505 3454 3816 3521 dulcedine,

2246 3563 2479 3609 mortem
2516 3567 2614 3622 pro
2640 3552 2771 3606 vita.
2806 3553 2983 3621 Atque
3016 3550 3131 3605 btec
3160 3558 3476 3618 comparata
3509 3555 3595 3603 est
3634 3554 3819 3602 tenta-

2248 3646 2385 3703 toris
2410 3646 2465 3700 in
2499 3660 2599 3701 nos
2628 3646 2816 3715 pestis.
2849 3644 3115 3698 Caeterum
3165 3656 3298 3706 nos,
3332 3640 3525 3695 fratres
3551 3678 3566 3703 ,
3599 3638 3819 3694 animos

2249 3740 2397 3795 omni
2437 3753 2538 3809 Ope
2581 3748 2865 3799 tueamur,
2911 3747 3254 3803 nequaquam
3337 3728 3517 3784 locum
3596 3730 3818 3785 diabolo

2249 3829 2601 3898 dantes,quin
2622 3835 2879 3898 negantes
2902 3826 3046 3881 ilicet
3067 3837 3368 3888 accessum,
3392 3822 3477 3876 sin
3508 3822 3817 3890 vincamur,

2250 3922 2395 3992 quod
2425 3920 2729 3990 proximum
2762 3927 2845 3972 est
2876 3932 2941 3971 ne
2978 3916 3303 3987 polluamur.
3342 3912 3436 3968 Sin
3466 3912 3518 3967 id
3540 3913 3819 3983 patiamur

2248 4027 2484 4084 quoque,
2514 4026 2582 4065 ne
2616 4011 2993 4074 immoremur,
3021 4017 3184 4077 atque.
3214 4006 3267 4060 in
3296 4005 3502 4076 peccati
3534 4015 3815 4075 perpetra-

2252 4107 2450 4161 tionem
2481 4102 2835 4159 devolvamur
2864 4119 2876 4154 :
2902 4100 3045 4171 quod
3075 4098 3291 4154 evenire
3310 4113 3375 4153 ex
3394 4096 3818 4166 prasumptione

2250 4198 2406 4265 solet,
2433 4211 2495 4251 ac
2514 4207 2755 4250 veterum
2787 4192 3161 4248 recordatione
3188 4204 3391 4244 rerum.
3420 4187 3524 4243 Sed
3550 4202 3818 4257 pra:sum‘

2251 4292 2511 4360 ptioncm,
2541 4301 2835 4356 rerumque
2858 4284 3140 4346 novitiam,
3186 4290 3239 4335 et
3263 4291 3519 4349 tanquam
3557 4278 3815 4333 reducem

2252 4382 2656 4450 usurpationem
2699 4376 2971 4445 fugiamus
3002 4392 3014 4428 :
3044 4388 3167 4427 nam
3201 4371 3530 4443 cogitatione
3574 4369 3816 4424 indidem

565 4475 708 4517 tatus
742 4463 783 4515 ³.
820 4462 896 4516 Ex
935 4477 1090 4531 aequo
1124 4477 1315 4515 omnes
1344 4463 1579 4527 deamat,
1613 4479 1714 4533 pro
1745 4467 1999 4522 omnibus
2042 4468 2138 4521 de.
2174 4446 2217 4503 θ
2245 4446 2447 4523 versari
2476 4467 2603 4535 quid
2643 4466 2784 4519 aliud
2811 4472 2895 4518 est
2920 4479 3084 4533 quam
3112 4471 3287 4517 mente
3320 4464 3373 4514 in
3401 4460 3695 4531 zEgyptum
3728 4474 3813 4514 re-

565 4554 808 4617 functus,
860 4554 1303 4622 inconsumptum
1353 4553 1629 4623 quoddam
1676 4557 1931 4613 omnibus
2003 4558 2140 4613 deli-
2235 4560 2609 4630 verti?Atque
2647 4558 2696 4611 id
2728 4555 3030 4610 secundum
3057 4554 3383 4608 exteriorem
3407 4551 3689 4605 hominem
3724 4566 3816 4605 ca-

565 4647 712 4701 cium
743 4646 1054 4714 propositus
1087 4646 1331 4699 omnium
1363 4646 1555 4700 salutis
1602 4662 1814 4711 amans,
1841 4664 1995 4718 atque
2016 4651 2137 4720 ejus

2237 4651 2471 4706 vendum
2513 4648 2633 4702 est?
2661 4647 2959 4701 secundum
2996 4645 3332 4706 interiorem,
3365 4658 3485 4712 qua:
3519 4641 3820 4711 Apostolus

564 4745 695 4793 sunt
748 4736 972 4793 divitiae.
1037 4736 1316 4807 Siquidem
1376 4736 1527 4791 Dives
1562 4778 1579 4803 ,
1621 4738 1818 4809 inquit,
1874 4740 1928 4793 in
1962 4759 2137 4796 omnes
2232 4744 2387 4814 jubet
2423 4758 2435 4793 :
2474 4739 2658 4795 Omnis
2692 4755 2863 4792 sermo
2894 4738 3065 4791 malus
3086 4753 3150 4790 ea:
3188 4752 3275 4790 ore
3306 4746 3475 4789 vestro
3504 4751 3609 4787 non
3637 4751 3819 4804 proce-

565 4831 656 4901 qui
708 4830 953 4884 invocant
1009 4830 1163 4884 illum
1210 4830 1252 4884 δ.
1285 4829 1448 4900 Igitur
1484 4846 1608 4886 eum
1661 4832 1717 4886 in
1782 4836 2139 4903 praesentibus

569 4923 929 4985 invocemus,
976 4931 1031 4976 et
1098 4922 1243 4977 vires
1280 4938 1346 4977 ac
1400 4922 1565 4977 robur
1629 4924 1826 4980 animis
1881 4926 2144 4997 largietur

568 5017 984 5087 amplectamur,
1007 5027 1061 5071 et
1094 5017 1279 5071 hostes
1308 5026 1523 5071 nostros
1548 5020 1903 5087 aspectabiles
1931 5060 1947 5086 ,
1983 5032 2149 5091 atque

568 5108 984 5178 inaspectabiles
1019 5111 1179 5163 nauci
1209 5107 1490 5177 praebebit,
1520 5111 1897 5176 praestolemur
1917 5153 1931 5177 ,
1960 5127 2021 5167 ac
2052 5128 2149 5167 nos

572 5200 991 5256 resurrectionis
1028 5209 1371 5254 mortuorum
1403 5199 1511 5266 die,
1552 5210 1606 5254 et
1655 5201 1941 5266 adventus,
1999 5218 2151 5259 coro-

570 5291 743 5357 nabit,
774 5305 936 5361 quem
968 5299 1022 5344 et
1039 5290 1282 5345 insontes
1308 5300 1719 5361 praevertamus,
1752 5307 1816 5346 ac
1848 5307 1944 5361 pro
1969 5293 2141 5347 tribu-

572 5383 683 5439 nali
725 5382 1291 5453 sistamurinculpati,
1334 5381 1648 5440 defensione
1682 5385 1830 5439 obita
1879 5385 2140 5454 przeclara

578 5491 675 5548 per
699 5474 975 5531 Christum
992 5473 1178 5531 Jesum
1201 5473 1488 5530 Dominum
1517 5483 1767 5531 nostrum
1797 5492 1811 5531 :
1846 5474 1933 5531 cui
1966 5475 2139 5545 gloria

646 5701 688 5730 "
721 5699 898 5751 .lontn.
940 5713 1048 5759 xw,
1090 5697 1142 5753 6.
1220 5696 1494 5766 ‘Philipp.
1561 5712 1636 5752 Ill.
1674 5699 1719 5752 ί.

578 5770 598 5802 ⁶
631 5769 671 5826 ll
710 5768 836 5823 Cor.
874 5784 967 5833 vn,
1009 5768 1092 5825 ll.

1796 5698 1815 5728 '
1850 5696 2025 5751 Galat.
2071 5712 2142 5758 vr,
2185 5697 2267 5749 l7.
2345 5700 2362 5731 ³
2394 5698 2617 5756 Malach.
2653 5715 2733 5765 tu,
2766 5699 2816 5755 6.

1169 5768 1186 5798 ⁷
1224 5766 1243 5823 1
1280 5767 1407 5825 Cor.
1443 5784 1538 5834 xu,
1578 5768 1667 5823 26.
1744 5768 1764 5798 ⁸
1800 5766 1995 5839 Ephes.
2030 5767 2314 5836 miti-52.

2239 4836 2354 4897 dat,
2385 4831 2473 4886 sed
2504 4832 2549 4884 si
2577 4831 2693 4900 quis
2730 4830 2917 4894 bonus,
2960 4827 3028 4881 ad
3053 4828 3460 4895 aediﬁcationem
3482 4824 3627 4896 frugi
3643 4836 3692 4879 et
3717 4826 3819 4879 uti-

2248 4928 2311 4980 lis
2343 4935 2400 4978 ut
2433 4924 2517 4978 det
2548 4923 2774 4993 gratiam
2811 4920 3147 4974 audientibus
3169 4957 3185 4985 ,
3219 4928 3268 4973 et
3313 4918 3472 4973 nolite
3503 4919 3820 4972 contristare

2250 5014 2507 5083 Spiritum
2534 5022 2777 5067 sanctum
2810 5010 2908 5064 Dei
2935 5051 2950 5076 ,
2986 5011 3041 5063 in
3066 5024 3168 5079 quo
3195 5009 3394 5078 signati
3421 5008 3548 5062 estis
3587 5009 3646 5061 in
3679 5008 3819 5062 diem

2250 5104 2645 5173 redemptionis.
2680 5102 2863 5157 Omnis
2881 5099 3207 5164 amaritudo,
3234 5108 3283 5152 et
3300 5100 3470 5163 ira,et
3495 5099 3817 5169 indignatio,

2250 5210 2297 5253 et
2328 5198 2552 5262 clamor,
2596 5206 2644 5249 et
2673 5194 2998 5264 blasphemia
3050 5192 3271 5247 tollatur
3304 5210 3336 5246 a
3358 5193 3502 5248 vobis
3523 5209 3645 5246 cum
3677 5194 3818 5247 omni

2252 5291 2462 5344 malitia
2490 5306 2508 5355 ;
2537 5298 2700 5343 estote
2740 5298 2916 5342 autem
2939 5286 3159 5341 invicem
3179 5286 3405 5355 benigni,
3431 5284 3815 5349 misericordes,

2246 5385 2499 5437 donantes
2535 5382 2783 5448 invicem,
2812 5381 2950 5435 sicut
2981 5388 3032 5435 et
3060 5378 3202 5434 Deus
3248 5380 3305 5433 in
3346 5368 3557 5434 Christo
3601 5378 3818 5434 donavit

2247 5476 2396 5531 nobis
2427 5476 2469 5532 '.
2502 5472 2769 5530 Praeterea
2804 5472 3142 5530 secessiones
3175 5469 3448 5542 fugiamus
3484 5484 3729 5542 quoque,
3759 5478 3818 5526 ut

2895 5699 2914 5730 ⁵
2943 5697 3099 5754 Rom.
3137 5712 3192 5762 x,
3226 5694 3308 5750 η.
3386 5694 3406 5727 ⁸
3439 5691 3573 5749 Luc.
3604 5708 3695 5759 xx,
3726 5692 3811 5749 5f.
