4000 6306
161 367 261 429 605

1333 357 1734 420 SERMONES
1773 356 2292 419 CATECHETICI.

3321 361 3426 423 606

162 481 421 528 auctores
446 476 708 541 lapsuum
743 488 755 523 :
789 468 934 533 hem,
972 467 1118 524 intra
1138 468 1348 523 caulam
1379 473 1507 521 sunt
1539 465 1756 530 fratres,
1789 471 1833 526 Α
1863 466 1974 521 lum
2004 483 2224 538 quoque
2256 468 2578 538 compedum
2611 467 2861 525 fecistis?
2887 482 2994 524 non
3015 483 3109 539 per
3133 467 3424 524 ludibrium

160 574 214 618 tu
241 572 399 618 extra
426 564 533 618 es?
554 564 607 617 in
631 563 848 618 silentio
881 561 1097 627 fratres,
1117 572 1173 617 tu
1202 559 1439 632 gannis?
1471 558 1751 614 dormiunt

162 655 354 710 fratres
382 696 398 720 ,
443 664 508 710 tu
559 656 690 720 huc,
733 655 859 710 illuc
892 655 1162 709 damnatis
1187 666 1385 723 vagare
1419 649 1591 705 locis?
1621 649 1750 704 hinc

165 749 264 802 illa:
296 764 462 802 noxae
495 789 512 813 ,
544 748 675 802 hinc
709 747 898 800 ruinae.
931 745 1069 810 Quid
1104 759 1326 815 segrege
1369 743 1429 798 fit
1469 741 1612 796 ove?
1640 754 1746 794 non

163 842 354 912 prtedae
381 852 474 896 est
509 841 685 895 feris?
723 839 790 894 ad
820 841 1069 895 eumdem
1117 837 1338 891 modum
1373 845 1428 890 et
1457 835 1548 905 qui
1582 849 1611 888 e
1642 832 1752 893 fra-

167 939 304 985 trum
339 930 716 986 contubernio
747 930 983 984 secedat.
1018 928 1118 981 Sed
1147 940 1484 995 nequaquam
1510 925 1610 990 sic,
1641 921 1752 976 Ira-

167 1028 293 1084 tres,
336 1037 703 1090 nequaquam
733 1061 746 1085 ,
804 1019 932 1087 quin
966 1026 1155 1071 ornate
1195 1018 1374 1068 omnia
1400 1055 1414 1077 ,
1474 1015 1748 1076 decenter,

175 1118 454 1170 accurate,
488 1110 632 1163 serio
657 1116 932 1181 gerantur,
960 1105 1223 1173 quasique
1246 1104 1299 1156 in
1327 1101 1500 1156 oculis
1529 1100 1748 1160 divinis,

168 1201 256 1269 qui
287 1200 520 1254 occulta
544 1212 721 1266 teque,
755 1212 818 1248 ac
845 1205 1050 1263 aperta,
1076 1192 1356 1255 etdiurna,
1377 1199 1749 1258 nocturnaque

171 1291 527 1358 speculetur,
589 1301 690 1341 nec
731 1285 975 1355 corporis
1032 1285 1186 1354 juxta
1265 1292 1320 1338 et
1371 1283 1537 1337 animi
1570 1288 1749 1334 motus

170 1396 354 1436 omnes
391 1381 647 1445 nesciat;
682 1394 792 1446 quo
826 1377 904 1432 sic
952 1379 1154 1431 nullam
1181 1375 1383 1431 Iudaeis
1409 1415 1424 1440 ,
1459 1374 1747 1436 Graecisve,

173 1480 263 1524 aut
291 1471 388 1523 Dei
427 1469 691 1523 Ecclesia
720 1466 962 1520 fraudem
998 1481 1399 1535 comparemus.
1428 1467 1606 1532 Atque
1637 1464 1751 1516 haec

175 1560 467 1622 hactenus,
502 1573 652 1612 nunc
688 1571 812 1610 cum
865 1555 1023 1609 finem
1077 1556 1274 1609 habeat
1303 1553 1748 1622 Quadragesima,

176 1650 341 1706 Deum
375 1652 675 1706 laudemus
701 1653 791 1718 qui
826 1649 1067 1702 ﬁrmatos
1089 1649 1142 1702 in
1175 1647 1292 1716 ejus
1312 1645 1592 1700 laboribus
1628 1659 1751 1713 per-

176 1742 323 1813 fungi
346 1758 414 1797 ea
457 1742 658 1796 tribuit
685 1755 751 1795 en
780 1740 913 1793 abiit
945 1740 1218 1803 molestia,
1243 1748 1425 1792 manet
1447 1737 1750 1806 praemium,

1856 572 2106 612 cruorem
2136 559 2442 614 effudistis?
2462 561 2668 630 aliquot
2687 559 2937 615 athletice
2987 561 3181 614 fratres
3209 561 3431 616 obiere?

1859 650 2036 720 lgitur
2076 650 2164 704 hic
2193 650 2354 704 nobis
2383 650 2698 706 Dominicus
2744 650 3085 720 triumphus,
3114 667 3427 722 munusque

1858 739 2184 810 suppeditat.
2220 739 2487 806 Quoniam
2539 756 2667 795 vero
2716 742 2782 795 ad
2833 749 3137 796 extremum
3193 742 3426 798 felicitas

1857 847 2048 886 secura
2104 833 2307 885 nemini
2338 841 2456 897 est,
2485 840 2598 886 tum
2628 834 2768 902 quod
2809 832 2983 888 facilis
3014 835 3299 888 conversio
3318 843 3421 900 est,

1858 932 1972 976 tum
2003 924 2164 977 etiam
2196 925 2342 993 quod
2378 925 2642 978 incertum
2675 925 2806 994 quid
2835 939 2957 980 cras
2984 925 3289 994 pariturum
3327 928 3420 990 sit,

1858 1015 2133 1077 cohortor,
2156 1023 2295 1068 state
2323 1015 2374 1066 in
2403 1015 2634 1069 Domino
2665 1015 2869 1079 inﬂexi,
2891 1024 2946 1070 et
2963 1015 3170 1082 invicti,
3195 1032 3289 1071 ceu
3313 1033 3423 1072 uno

1861 1104 1914 1157 in
1947 1105 2130 1158 animo
2161 1120 2375 1174 unaque
2403 1117 2600 1173 mente,
2633 1108 2836 1176 pariter
2856 1107 3219 1177 evangelicam
3263 1108 3422 1163 fidem

1857 1206 2282 1265 propugnantes,
2323 1196 2466 1251 nulla
2497 1197 2551 1251 in
2589 1212 2648 1252 re
2678 1199 2747 1253 ab
2789 1198 3118 1254 adversariis
3156 1199 3422 1265 exterriti,

1860 1294 1955 1338 aut
2001 1287 2388 1341 offendiculum
2440 1287 2779 1355 praebentes,
2826 1288 2958 1357 quin
3009 1286 3100 1343 Dei
3144 1288 3425 1344 ministros

1858 1376 2207 1445 undiquaque
2238 1377 2563 1446 probantes,
2625 1378 2964 1442 obedientia,
3033 1378 3421 1447 submissione,

1858 1467 2297 1531 mansuetudine,
2329 1468 2569 1533 lenitate,
2599 1469 2856 1538 patientia
2891 1471 3078 1534 multa,
3112 1485 3239 1524 nam
3272 1489 3285 1524 :
3317 1469 3426 1524 Pa-

1861 1557 2063 1618 tientia,
2095 1556 2286 1626 inquit,
2322 1555 2465 1610 vobis
2504 1559 2799 1610 necessaria
2827 1567 2944 1621 est,
2998 1567 3055 1614 ut
3101 1559 3427 1614 voluntatem

1859 1648 1955 1702 Dei
1990 1649 2240 1715 facientes
2277 1649 2545 1714 reportetis
2590 1651 3026 1718 promissionem;
3069 1650 3245 1705 adhuc
3288 1654 3429 1706 enim

1859 1739 2122 1792 modicum
2157 1739 2667 1808 aliquantulumque,
2700 1742 2791 1808 qui
2815 1750 3060 1793 venturus
3082 1751 3157 1794 est
3191 1744 3356 1795 veniet
3376 1750 3427 1796 et

178 1844 459 1888 tenuatum
489 1843 573 1888 est
595 1833 1045 1901 corpus,animus
1069 1829 1466 1901 pinguefactus.
1491 1827 1751 1898 Equidem
1785 1823 1828 1882 Β
1858 1847 1961 1884 ηοη
1991 1831 2222 1883 tardabit
2257 1831 2319 1884 “.
2360 1829 2428 1884 Et
2455 1830 2585 1900 quid
2628 1841 2806 1885 autem
2845 1832 3108 1903 ringimur
3140 1834 3424 1899 mrumnis,

180 1933 287 1977 tum
308 1925 711 1993 pinguescatis,
727 1933 836 1977 tum
856 1921 1248 1977 consecrcmini
1264 1920 1434 1989 magis
1450 1920 1749 1988 magisque,

180 2016 470 2084 solidaque
506 2032 685 2080 mens,
713 2025 766 2070 et
794 2015 1030 2077 animus,
1054 2023 1214 2079 atque
1242 2025 1440 2079 corpus
1459 2013 1512 2064 in
1539 2009 1752 2064 Domini

183 2109 350 2158 nostri
404 2105 540 2159 Jesu
581 2104 787 2158 Christi
845 2105 1137 2157 adventum
1200 2102 1576 2169 irreprehensa
1633 2115 1747 2155 ser-

180 2207 391 2262 ventur,
434 2197 527 2252 cui
567 2194 742 2264 gloria
767 2202 820 2248 et
849 2193 1135 2263 imperium
1165 2208 1289 2247 cum
1323 2192 1499 2258 Patre,
1534 2207 1596 2246 ac
1627 2207 1752 2246 san-

182 2295 266 2342 cto
295 2288 532 2356 Spiritu,
568 2300 716 2339 nunc
769 2292 823 2338 ct
854 2297 1088 2355 semper,
1118 2284 1171 2337 in
1197 2298 1522 2353 omnemque
1563 2298 1751 2352 perpe-

183 2378 450 2433 tuitatem.
491 2377 693 2431 Amen.

733 2486 962 2542 SERMO
1001 2486 1212 2541 LXXII.

187 2579 534 2637 llebdomada
581 2581 784 2649 majore
818 2580 880 2634 de
924 2581 1203 2646 salutifero
1253 2578 1544 2647 supplicio,
1591 2578 1750 2648 deque

437 2653 796 2707 submissione
837 2666 900 2702 ac
926 2651 1204 2718 patientia,
1236 2650 1497 2702 doctrina.

253 2742 474 2798 Fratres
539 2741 857 2811 Patresque,
886 2755 1039 2795 sacer
1079 2749 1159 2794 est
1194 2740 1488 2794 hodiernus
1521 2739 1636 2794 dies
1669 2747 1751 2791 at-

185 2849 287 2904 que
319 2832 672 2888 venerandus
701 2849 714 2885 :
745 2832 943 2885 etenim
969 2832 1094 2884 hinc
1115 2830 1429 2899 auspicatur
1461 2830 1625 2883 herus
1652 2843 1750 2896 pro

188 2924 337 2980 nobis
384 2922 656 2993 supplicia
698 2922 964 2976 sustinere
989 2921 1197 2983 crucis,
1233 2930 1290 2973 ut
1321 2919 1423 2974 fert
1451 2919 1551 2974 hoc
1589 2918 1751 2972 Davi-

187 3013 360 3070 dicum
391 3016 603 3068 dictum
640 3030 652 3065 :
691 3011 863 3076 Quare
905 3017 1226 3080 fremuerunt
1253 3019 1458 3080 gentes,
1493 3019 1542 3063 et
1571 3011 1750 3079 populi

190 3108 420 3159 meditati
454 3116 578 3159 sunt
614 3105 816 3157 inania.
847 3105 1135 3158 Astiterunt
1166 3119 1304 3172 reges
1332 3112 1504 3168 terrw,
1535 3112 1582 3155 et
1603 3104 1749 3171 prin-

190 3198 315 3264 cipes
345 3203 703 3251 convenerunt
755 3196 810 3249 in
852 3209 1037 3259 unum,
1091 3193 1339 3246 adversus
1369 3193 1651 3247 Dominum
1704 3202 1754 3248 et

193 3288 429 3341 adversus
454 3286 730 3342 Christum
749 3285 859 3355 ejus
880 3285 940 3338 ’2
969 3284 1236 3354 siquidem
1269 3299 1569 3339 convenere
1591 3285 1755 3339 simul

193 3381 512 3434 sceleratum
541 3380 599 3433 in
633 3377 920 3432 Dominum
949 3376 1237 3432 consilium
1277 3377 1540 3447 agitantes
1570 3391 1633 3429 ac
1661 3389 1756 3430 ne-

194 3479 367 3538 gatum
421 3478 699 3525 veterator
746 3465 953 3531 ludas,
1014 3466 1352 3534 discipulus,
1409 3465 1756 3520 fraudulento

194 3560 372 3614 suavio
393 3558 599 3629 prodit.
621 3558 762 3626 Ergo
790 3556 1022 3610 trahitur
1045 3555 1256 3610 vinctus
1285 3556 1511 3618 arbiter,
1530 3563 1757 3610 cuncto-

195 3661 306 3700 rum
331 3648 534 3716 iudicio
549 3646 786 3708 sistitur,
803 3645 1190 3714 interrogatur,
1211 3647 1520 3715 respondet,
1539 3660 1757 3714 respon-

194 3738 332 3794 denti
361 3741 416 3810 (ο
448 3739 736 3794 historiam
769 3737 1119 3808 horrendam)
1156 3755 1395 3808 pugnum
1421 3731 1754 3808 ingerentem

197 3845 400 3886 servum
429 3832 630 3885 leniter
660 3828 947 3897 compellat
975 3847 986 3881 :
1020 3827 1079 3883 Si
1113 3829 1249 3882 male
1279 3829 1480 3883 locutus
1518 3845 1656 3896 sum,
1680 3840 1756 3883 te-

196 3922 490 3974 stimonium
523 3921 736 3986 perlribe
757 3926 818 3973 de
857 3921 1029 3984 malo;
1058 3921 1104 3972 si
1138 3929 1312 3973 autem
1350 3921 1492 3983 bene,
1518 3921 1643 3989 quid
1678 3937 1758 3974 me

197 4013 457 4066 credis"?
501 4011 796 4066 verborum
852 4010 1140 4064 insolentia
1201 4011 1440 4079 petitur,
1492 4012 1754 4078 illuditur,

197 4101 583 4167 subsannatur,
614 4101 956 4155 contumeliis
989 4100 1280 4166 laceratur,
1313 4101 1620 4170 inspuitur,
1661 4117 1755 4156 co-

196 4191 362 4260 laphis
389 4194 647 4257 caeditur,
683 4192 924 4259 vapulat,
961 4206 1178 4245 crucem
1227 4192 1580 4257 conscendit,
1625 4206 1758 4246 con-

198 4298 396 4348 scensa,
426 4299 529 4353 pro
563 4279 1000 4336 interfectoribus
1035 4291 1318 4350 precatur:
1342 4280 1520 4345 Pater,
1553 4281 1756 4332 dimitte

196 4373 298 4427 illis
324 4385 618 4440 peccatum,
649 4388 748 4424 non
771 4373 905 4425 enim
919 4375 1088 4425 sciunt
1110 4374 1233 4441 quid
1257 4372 1456 4441 faciunt
1475 4371 1750 4441 “;potum

202 4463 263 4517 fel
284 4476 430 4520 aceto
455 4473 818 4533 temperatum
857 4466 1023 4526 ducit,
1062 4464 1367 4529 perforatur
1398 4465 1617 4529 lancea,
1653 4462 1750 4517 de-
1782 4485 1826 4541 ι)

197 4554 348 4623 nique
377 4556 616 4609 moritur
643 4554 978 4609 immortalis.
1009 4553 1132 4607 llaec
1157 4565 1305 4619 sunt,
1344 4562 1400 4608 ut
1433 4556 1744 4610 summatim

197 4644 379 4711 dicam,
417 4649 548 4702 Ileri
582 4647 844 4716 supplicia
876 4665 888 4699 :
926 4661 1097 4716 eaque
1136 4649 1228 4716 qui
1284 4649 1526 4702 inaudiat
1566 4659 1744 4716 catus,

197 4749 297 4789 non
320 4738 602 4803 irascitur,
634 4752 741 4789 non
774 4737 1035 4800 irritatur,
1063 4750 1170 4788 non
1201 4736 1491 4802 efferatur,
1521 4752 1628 4792 non
1663 4738 1749 4791 in-

198 4830 455 4893 tumescit,
487 4843 600 4882 non
641 4826 862 4882 fratrem
893 4828 1090 4890 calcat,
1113 4842 1220 4880 non
1243 4828 1466 4894 invidet,
1499 4843 1606 4881 non
1630 4843 1748 4881 am-

197 4915 386 4973 bitione
411 4921 658 4982 ducitur,
692 4920 822 4988 quin
846 4921 1170 4984 submissus,
1206 4934 1268 4973 ac
1297 4920 1586 4983 contritus,
1641 4928 1750 4972 ter-

199 5023 302 5062 ram
351 5028 409 5067 se
454 5015 811 5080 cineremque
853 5019 1037 5080 putat,
1105 5011 1419 5064 societatem
1479 5010 1750 5064 desiderat

197 5099 382 5158 Christi
420 5104 840 5176 suppliciorum,
889 5112 1105 5157 mortuo
1154 5104 1348 5172 satagit
1395 5103 1748 5170 conformari,

200 5207 300 5262 quo
323 5199 373 5251 in
395 5196 805 5254 resurrectione
840 5197 1112 5265 particeps
1138 5195 1232 5249 fiat
1257 5195 1458 5264 gloriae.
1490 5194 1597 5250 Vos
1629 5196 1749 5264 qui-

200 5283 308 5339 dem
335 5301 476 5345 certe
499 5299 556 5344 et
589 5289 1077 5344 communicavisse
1106 5290 1332 5358 partim,
1358 5297 1411 5342 et
1441 5289 1744 5344 communi-

201 5389 314 5432 care
360 5379 662 5436 Dominicis
705 5382 983 5451 suppliciis
1019 5396 1114 5449 par
1141 5381 1414 5435 conlidere
1459 5391 1580 5445 est,
1620 5396 1745 5434 nam

200 5468 359 5525 videte
388 5473 474 5527 ubi
504 5473 654 5527 sitis.
687 5470 804 5527 Non
839 5474 910 5528 ob
946 5473 1063 5539 ejus
1085 5486 1389 5526 sermonem
1429 5480 1484 5527 et
1505 5472 1748 5526 testimo-

204 5557 338 5613 nium
368 5563 419 5617 in
443 5563 644 5619 exsilio
701 5578 762 5618 ac
790 5563 1201 5631 persecutione?
1234 5578 1341 5617 non
1374 5564 1502 5619 olim
1530 5564 1745 5634 pericu-

264 5719 282 5748 ’
311 5720 443 5777 Psan.
476 5741 536 5780 ιι.
575 5722 622 5782 ι,
657 5719 710 5774 ‘2.
789 5725 830 5755 ὀ
869 5723 1002 5778 Joan
1047 5722 1310 5789 xvm,‘.’3.
1393 5727 1429 5756 “
1469 5725 1602 5781 Luc.

207 5784 356 5846 Thess
406 5805 442 5856 1,
474 5797 526 5857 9,
571 5795 650 5845 lU.

1677 5741 1829 5790 xxm,
1866 5726 1951 5781 5i.

1855 1934 1919 1974 ac
1953 1934 2062 1973 non
2103 1920 2284 1988 potius
2317 1918 2622 1974 inducimus
2651 1921 2894 1974 animum
2923 1936 3023 1990 pro
3055 1919 3197 1975 Hero
3225 1921 3424 1977 indies

1854 2011 1994 2066 mori
2017 2011 2324 2080 isiquidem
2352 2012 2612 2082 scripturn
2645 2024 2766 2069 est:
2790 2012 2847 2067 Si
2881 2015 3194 2068 commortui
3218 2028 3421 2077 sumus,

1852 2116 1902 2161 et
1925 2106 2344 2173 convivemus;si
2369 2109 2710 2173 sustinemus,
2763 2117 2811 2162 et
2869 2107 3298 2176 conregnabimus
3325 2121 3346 2170 ,'
3379 2105 3426 2159 si

1851 2199 2229 2268 negaverimus,
2276 2206 2326 2250 et
2373 2198 2462 2251 ille
2501 2198 2708 2267 negabit
2740 2213 2875 2261 nos;
2922 2199 2968 2252 si
3005 2214 3105 2250 non
3135 2199 3422 2259 credimus,

1852 2289 1940 2343 ille
1978 2289 2148 2357 ﬁdelis
2187 2296 2494 2356 permanet,
2542 2303 2729 2358 negare
2773 2288 2999 2356 seipsum
3036 2302 3140 2340 non
3161 2295 3330 2355 potest
3357 2285 3423 2340 ¹⁸.

1853 2380 1974 2435 Iam
2001 2383 2146 2450 quod
2175 2379 2392 2436 sensuri
2421 2389 2550 2436 sunt
2577 2380 2834 2450 gaudium
2857 2378 3028 2434 sancti
3053 2393 3176 2432 cum
3204 2376 3424 2431 venien-

1852 2480 1956 2523 tcm
1998 2469 2210 2523 coalitus
2272 2467 2476 2522 Herum
2526 2469 2847 2537 spectabunt
2891 2468 3176 2536 magnifice
3220 2465 3426 2536 angelis

1851 2561 2129 2629 stipatum,
2172 2561 2264 2629 qui
2297 2575 2356 2615 se
2392 2575 2515 2614 cum
2559 2559 2862 2614 incredibili
2930 2559 3206 2629 triumpho
3270 2573 3426 2613 coro-

1850 2666 2034 2707 natum
2075 2664 2252 2716 vocet,
2281 2653 2684 2708 contubernalis
2708 2666 2869 2720 porro
2911 2653 2965 2706 in
2992 2665 3206 2706 omnem
3237 2665 3426 2722 perpe-

1851 2745 2094 2798 tuitatem
2128 2743 2384 2798 futurus?
2408 2758 2570 2813 quem
2602 2743 2839 2798 habituri
2875 2750 3008 2797 sunt
3045 2741 3284 2796 dolorem
3331 2739 3427 2811 qui

1849 2836 2201 2906 Evangelium
2249 2835 2663 2901 detrectarunt,
2726 2833 2992 2902 iussaque
3040 2831 3285 2902 repulere
3331 2829 3426 2900 qui

1849 2928 2065 2996 quidem
2085 2941 2271 2996 ptnnas
2285 2926 2509 2989 dabunt,
2522 2926 2836 2980 auctoribus
2854 2923 3147 2993 Scripturis
3167 2940 3182 2976 :
3208 2920 3426 2975 Exitum

1849 3035 2066 3086 perenne
2093 3034 2126 3070 a
2158 3018 2295 3086 [acie
2319 3017 2550 3081 Domini,
2592 3025 2641 3070 et
2669 3034 2701 3069 a
2729 3016 2898 3086 gloria
2929 3016 3136 3069 virtutis
3155 3015 3286 3083 ejus,
3307 3029 3428 3068 cum

1855 3108 2047 3160 venerit
2067 3095 2357 3176 gloriﬁcari
2377 3106 2431 3159 in
2448 3105 2644 3159 sanctis
2668 3106 2799 3171 suis,
2816 3113 2864 3158 et
2886 3103 3218 3158 admirabilis
3236 3103 3352 3170 ﬁeri
3372 3100 3432 3156 in

1859 3198 2098 3253 onmibus
2126 3200 2214 3267 qui
2237 3198 2566 3251 crediderunt
2594 3196 2658 3250 “.
2692 3196 2822 3261 Quae
2854 3194 3222 3262 contemplati,
3260 3208 3325 3248 ac
3348 3209 3428 3248 re-

1855 3301 2126 3362 putantes,
2150 3289 2365 3350 fratres.
2394 3290 2565 3359 magis
2589 3289 2869 3359 magisque
2895 3303 2926 3342 a
2948 3288 3160 3342 cunctis
3181 3285 3426 3354 corporis

1855 3385 2132 3453 animique
2161 3398 2262 3437 nos
2294 3382 2722 3451 inquinamentis
2763 3394 3056 3450 purgemus
3081 3417 3096 3442 ,
3130 3377 3426 3432 sanctimo-

1855 3478 2001 3533 niam
2055 3476 2317 3531 obeuntes
2356 3477 2411 3530 in
2446 3475 2540 3529 Dei
2567 3474 2762 3529 timore
2783 3512 2798 3537 ,
2831 3471 2973 3527 avidi
3003 3471 3058 3525 in
3089 3471 3302 3536 melius,
3337 3469 3426 3524 ni-

1856 3577 2029 3624 tentes
2057 3567 2108 3620 in
2140 3567 2452 3637 perfectius,
2478 3565 2608 3619 vitia
2641 3565 2841 3636 perosi,
2863 3563 3046 3618 virtuti
3066 3562 3424 3627 coherentes,

1855 3675 1956 3730 pro
1992 3658 2232 3713 fraterno
2262 3673 2448 3713 amore
2485 3659 2718 3712 invicem
2751 3656 3016 3720 benevoli,
3051 3657 3258 3709 honore
3287 3653 3426 3708 alter

1858 3751 2087 3805 alterum
2114 3749 2482 3818 praeferentes,
2514 3748 2655 3803 haud
2695 3748 2855 3803 studii
2883 3762 3074 3817 segnes
3096 3746 3286 3815 spiritu
3317 3743 3426 3799 fer-

1856 3850 2059 3903 ventes,
2081 3838 2306 3893 Domino
2325 3838 2640 3903 servientes,
2678 3851 2773 3906 spe
2802 3836 3118 3906 gaudentes,
3154 3848 3424 3888 marum-

1857 3931 1942 3985 nis
1970 3938 2293 3995 tolerantes,
2344 3928 2596 3997 precibus
2644 3929 2910 3982 instantes
2961 3939 3067 3996 qua
3112 3925 3424 3980 sinceritate

1858 4023 2086 4090 praediti,
2117 4030 2229 4074 tum
2256 4020 2548 4073 imminens
2578 4018 2740 4086 digne
2765 4016 2970 4072 Pascha
2999 4017 3279 4080 obeamus,
3309 4023 3423 4068 tum

1857 4111 2013 4165 bonis
2038 4109 2144 4162 frui
2184 4108 2516 4178 perennibus
2549 4120 2856 4160 mereamur
2899 4119 2993 4174 per
3030 4103 3304 4158 Christum
3331 4101 3424 4157 Je-

1857 4219 1977 4258 sum
2011 4201 2296 4255 Dominum
2330 4209 2622 4255 nostrum:
2665 4199 2754 4253 cui
2798 4196 2970 4268 gloria
3023 4203 3077 4252 et
3137 4196 3422 4264 imperium

1860 4309 1984 4347 cum
2019 4291 2199 4356 Patre,
2244 4305 2307 4346 ac
2334 4300 2524 4346 sancto
2556 4289 2783 4359 Spiritu,
2819 4302 2965 4342 nunc
3016 4295 3071 4342 et
3091 4300 3331 4357 semper,
3366 4287 3422 4342 in

1856 4399 2181 4454 omnemque
2209 4382 2642 4453 perpetuitatem.
2664 4381 2864 4433 Amen.

2377 4486 2609 4543 SERMO
2633 4486 2868 4543 LXXIII.

1843 4586 1909 4641 In
1946 4584 2325 4640 hebdomadam
2367 4583 2640 4650 majorem.
2696 4580 2768 4633 De
2806 4577 3014 4632 Domini
3063 4575 3291 4647 fierique
3332 4591 3427 4632 tto-

2238 4655 2335 4706 stri
2372 4652 2499 4704 Jesu
2527 4651 2724 4706 Christi
2756 4650 3032 4718 supplicio.

1913 4741 2128 4797 Fratres
2165 4739 2480 4810 Patresque,
2509 4755 2632 4794 cum
2656 4741 2792 4794 alias
2822 4753 3034 4807 semper
3077 4735 3289 4791 Domini
3329 4751 3428 4790 no-

1844 4836 1939 4890 Stri
1977 4835 2103 4889 Iesu
2142 4832 2344 4886 Christi
2372 4832 2634 4900 supplicia
2663 4833 2730 4886 ad
2770 4839 3003 4885 mentem
3034 4834 3284 4884 revocata
3309 4827 3428 4881 ani.

1855 4941 2002 4978 mum
2087 4932 2330 4994 pungunt
2384 4932 2439 4976 et
2485 4923 2870 4986 exstimulant,
2920 4930 3032 4975 tum
3065 4919 3150 4974 his
3187 4918 3425 4973 maxime

1853 5018 2068 5083 diebus,
2127 5032 2250 5070 cum
2291 5015 2452 5069 finem
2490 5015 2702 5085 singula
2739 5029 2971 5083 coepere.
3015 5011 3272 5079 Quaenam
3311 5010 3426 5065 hinc

1850 5119 2029 5163 autem
2071 5107 2476 5177 sanguinarium
2533 5107 2587 5160 in
2645 5123 2770 5162 eum
2828 5104 3155 5169 consilium,
3204 5100 3426 5156 Iudaica

1847 5198 2277 5267 comprehensio,
2304 5198 2371 5252 ad
2400 5212 2586 5252 necem
2618 5197 2876 5263 ductatio,
2905 5209 3081 5248 causa:
3131 5208 3228 5262 pro
3260 5191 3429 5246 tribu-

1848 5290 1955 5343 nali
1982 5291 2130 5344 Pilati
2148 5289 2330 5354 dictio,
2351 5289 2720 5358 interrogatio,
2743 5286 3044 5356 castigatio,
3066 5282 3429 5352 colaphi,spu~

1848 5391 1923 5446 ta,
1942 5381 2299 5443 contumeliae,
2318 5379 2568 5444 ludibria,
2591 5381 2770 5434 crucis
2790 5389 3142 5440 conscensus,
3164 5386 3423 5427 manuum

1847 5488 1908 5527 ac
1927 5474 2120 5542 pedum
2162 5471 2373 5527 suffixio
2398 5511 2412 5535 ,
2463 5470 2602 5526 fellis
2628 5467 2967 5542 degustatio,
3021 5466 3162 5520 ictus
3203 5461 3386 5517 lateris
3407 5503 3423 5526 ,

1847 5576 2035 5636 etquzn
2052 5582 2172 5620 cum
2206 5565 2272 5619 iis
2295 5564 2395 5618 alia
2439 5565 2697 5630 micuere,
2741 5577 2838 5616 nec
2857 5573 3049 5628 capere
3093 5565 3256 5627 queat
3274 5570 3429 5609 mun-

2035 5729 2075 5760 ¹²
2123 5723 2283 5780 lIebr.
2319 5740 2370 5788 Χ,
2437 5723 2522 5778 57.
2594 5720 2712 5775 ⁸³11
2748 5717 2884 5772 Tini.
2917 5734 2972 5778 ιι,
3021 5715 3102 5781 12,
3143 5714 3227 5768 13.
3305 5711 3345 5743 ⁸³
3379 5712 3427 5769 II
