4000 6306
556 351 664 416 607

558 554 648 619 lis,
679 558 773 611 sed
801 574 898 613 nec
925 571 1138 619 cuneta:
1186 567 1498 636 angelorum
1546 569 1743 640 linguae
1775 588 1789 636 ;
1820 587 1942 625 nam
1982 572 2132 641 cogi-

559 654 759 714 temus,
792 648 1006 717 fratres,
1050 654 1240 726 ingens
1269 658 1371 714 hoc
1446 669 1610 730 atque
1667 661 1933 716 ineﬂ‘abile
1981 677 2136 716 arca-

559 750 712 790 num.
738 738 836 805 Qui
855 742 1163 801 animorum
1193 750 1425 804 consilia
1460 752 1651 822 relegit
1677 751 1838 818 Deus,
1869 767 2139 822 omneque

561 831 817 898 perspicit
877 835 1173 894 humanum
1227 843 1545 912 cogitatum,
1585 844 1672 899 hic
1757 846 1845 901 ille
1908 856 1992 900 est
2046 847 2141 915 qui

561 919 755 988 capitis
787 925 996 980 sistitur
1040 929 1268 998 judicio,
1294 934 1384 1002 qui
1437 945 1764 1004 praepotente
1823 937 1979 1005 jussu
2017 938 2143 991 uni-

561 1023 718 1066 versa
746 1013 906 1071 librat
934 1037 948 1083 ;
977 1018 1067 1075 hic
1099 1022 1186 1077 ille
1210 1033 1292 1077 est
1325 1026 1416 1094 qui
1451 1026 1502 1079 in
1537 1028 1923 1082 sceleratorum
1949 1044 2144 1083 manus

561 1099 796 1167 deditur,
827 1108 918 1176 qui
948 1111 1240 1182 obligatam
1269 1116 1322 1170 in
1362 1119 1597 1174 nubibus
1629 1121 1830 1174 undam
1873 1136 1940 1176 ex
1990 1135 2146 1190 aequo

563 1196 881 1262 tempestive
937 1200 1130 1258 inserit
1173 1206 1311 1272 solo,
1356 1207 1442 1262 hic
1475 1208 1565 1264 ille
1603 1218 1686 1264 est
1741 1212 1834 1279 qui
1863 1212 2148 1280 colligatus

561 1293 813 1352 raptatur
843 1329 858 1354 ,
903 1293 994 1359 qui
1056 1296 1255 1350 coelum
1315 1299 1496 1368 palmo
1528 1338 1544 1364 ,
1580 1316 1643 1355 ac
1682 1311 1878 1356 terram
1933 1319 2150 1358 mensus

565 1374 768 1440 pugillo
801 1386 905 1445 est,
950 1380 1213 1454 lanceque
1266 1397 1480 1442 montes
1529 1388 1747 1444 libravit
1778 1409 1792 1457 ;
1827 1392 1912 1445 hic
1953 1391 2040 1444 ille
2071 1400 2154 1446 est

565 1462 660 1529 qui
684 1467 821 1519 servi
854 1470 1104 1537 pulsatur
1135 1475 1343 1541 dextra,
1374 1477 1466 1546 qui
1507 1476 1700 1534 florum
1733 1482 1992 1536 varietate
2022 1482 2154 1538 uber

566 1548 760 1610 imbuit
786 1564 984 1627 terrae;
1024 1562 1110 1617 hic
1147 1565 1236 1619 ille
1291 1575 1374 1621 est
1404 1568 1496 1636 qui
1529 1571 1698 1638 spinis
1732 1572 1958 1640 inglorie
1993 1588 2154 1629 coro-

565 1652 746 1732 natur,
779 1649 874 1717 qui
905 1651 956 1704 in
1002 1657 1252 1720 pomario
1301 1659 1520 1713 vitalem
1552 1662 1799 1716 arborem
1865 1668 2110 1722 consevit
2139 1685 2154 1732 ;

567 1731 658 1823 hic
697 1734 785 1791 ille
822 1747 905 1792 est
931 1743 1023 1811 qui
1057 1744 1204 1814 ligno
1229 1747 1443 1805 infelice
1471 1752 1687 1820 pendet.
1721 1753 1765 1808 Ο
1794 1757 2070 1823 immania,
2104 1731 2158 1812 et

1743 366 1808 426 S.
1856 365 2247 427 THEODORI
2279 365 2622 427 ΞΤΙΙΒΙΤᾹΞ

555 466 682 533 dus,
721 482 820 525 nec
855 470 1017 542 digne
1049 488 1333 533 recensere
1355 479 1529 535 valeat
1561 496 1668 536 non
1703 481 1879 536 dicam
1935 492 2137 537 morta~
2169 485 2215 538 Α

3728 363 3839 428 608

2795 481 3027 539 SERMO
3064 481 3297 536 LXXIV.

2242 571 2308 625 In
2345 571 2674 640 Michaelem,
2727 589 2886 644 regno
2929 575 3369 651 impiefunctum,
3408 581 3535 651 tam_
3575 586 3672 637 pro
3725 571 3833 639 ﬁde

2309 652 2577 708 corrupta,
2609 659 2769 712 quam
2807 662 2900 712 pro
2927 645 3125 712 nefarie
3151 645 3368 698 inducta
3415 645 3634 711 conjuge
3654 681 3670 708 ,
3725 657 3827 696 neu

2309 713 2362 765 in
2389 713 2632 779 periculis
2661 727 3074 769 consternemur.

2312 824 2526 880 Fratres
2573 824 2888 897 Patresque,
2922 827 3051 880 mihi
3093 827 3301 898 quidem
3349 826 3492 879 haud
3537 827 3684 880 dictu
3712 841 3826 878 mo-

2244 919 2432 971 lestum
2460 917 2600 970 vobis
2629 920 2875 987 praesidia
2914 927 2990 972 est
3039 919 3102 984 ³⁸,
3135 919 3309 988 inquit
3336 918 3651 987 Apostolus,
3677 919 3829 987 quod

2249 1009 2402 1080 inops
2431 1011 2679 1081 equidem
2732 1026 2829 1080 pro
2863 1011 2999 1064 virili
3031 1027 3246 1080 quoque
3289 1010 3432 1064 haud
3475 1009 3652 1064 facere
3682 1009 3833 1064 desiv

2249 1114 2410 1168 stam,
2436 1119 2581 1158 nunc
2613 1105 2923 1167 eohortans,
2963 1119 3106 1158 nunc
3152 1117 3524 1166 commovens,
3551 1117 3696 1156 nunc
3734 1117 3832 1157 vos

2251 1197 2617 1267 praemuniens
2645 1235 2660 1261 ,
2694 1196 2739 1251 si
2768 1211 2876 1266 qua
2904 1196 3155 1267 effugiam
3212 1196 3493 1251 vobiscum
3546 1203 3833 1250 venturam

2254 1287 2622 1357 immorigeris
2653 1287 2884 1342 cladem.

2324 1379 2591 1434 Caeterum
2625 1394 2751 1435 esse
2781 1388 2834 1434 et
2885 1393 3029 1434 nunc
3077 1378 3451 1449 immorigcros
3482 1392 3604 1434 eum
3657 1375 3833 1431 multa

2255 1482 2382 1528 sunt
2413 1474 2678 1540 exempla,
2713 1482 2826 1527 tum
2878 1487 3047 1526 unum
3099 1472 3329 1540 capitale
3365 1471 3418 1525 in
3467 1472 3828 1541 imperatore,

2258 1583 2364 1620 non
2393 1567 2568 1621 solum
2587 1567 2690 1620 fide
2711 1575 2989 1636 corrupta,
3027 1565 3121 1621 sed
3167 1564 3332 1619 etiam
3364 1563 3575 1618 nefarie
3600 1563 3832 1616 inducta

2261 1658 2513 1727 conjuge,
2542 1658 2765 1727 quibus,
2803 1659 2926 1726 quis
2959 1673 3066 1712 non
3106 1657 3446 1726 ingemiscat,
3485 1666 3538 1711 et
3588 1655 3833 1709 indoleat

2261 1759 2574 1818 comparata
2631 1763 2847 1802 rursum
2898 1747 2952 1802 in
3013 1748 3310 1802 Eeelcsiam
3362 1761 3548 1810 noxa,
3579 1745 3832 1814 pestique

565 1819 805 1879 inaudita
838 1829 1101 1886 miracula
1133 1836 1146 1888 Ξ
1181 1851 1300 1903 quae
1325 1847 1437 1893 tum
1471 1816 1706 1897 intuitus
1755 1845 1837 1899 sol
1871 1843 2068 1901 defecit
2095 1861 2148 1900 at

2262 1816 2410 1907 peste
2451 1853 2513 1892 ac
2561 1839 2924 1906 persecutioni
2977 1837 3161 1892 addita
3206 1837 3614 1906 persecutione?
3665 1834 3832 1904 Fugit

567 1929 673 1970 una
723 1926 1169 1994 contenebravit,
1218 1940 1332 1985 tum
1402 1935 1646 1991 sentiens
1706 1950 1974 1992 concussa
2012 1947 2156 1993 terra

561 2014 665 2071 est,
706 2017 759 2060 et
787 2024 1036 2083 perrupta
1100 2033 1251 2084 saxa,
1281 2034 1585 2092 cunctaque
1616 2022 1744 2079 Heri
1783 2026 2002 2096 injuriis
2026 2041 2154 2082 eon-

561 2109 716 2152 versa
749 2103 1018 2159 machina.
1036 2106 1153 2161 Jam
1187 2111 1465 2178 inanimis,
1494 2129 1559 2169 ac
1587 2116 1704 2171 sine
1725 2132 1888 2173 sensu
1916 2119 2155 2174 elemen-

564 2184 652 2248 tis,
689 2202 785 2244 ecu
836 2195 1120 2261 animalis,
1154 2214 1429 2271 sensuque
1468 2204 1710 2270 imbutis,
1762 2223 1872 2276 prae
1908 2207 2152 2263 Domini-

560 2289 628 2331 co
684 2285 889 2338 terrore
933 2294 1097 2356 atque
1134 2294 1490 2361 usurpatione
1543 2299 1834 2364 spectaculi
1880 2303 2146 2371 attonitis,

559 2375 616 2420 et
646 2368 950 2430 immutatis
983 2415 999 2440 ,
1060 2395 1159 2432 nos
1191 2381 1209 2450 (
1242 2383 1446 2436 malum
1494 2385 1510 2453 )
1542 2388 1720 2441 ornati
1759 2391 1972 2444 ratione
2003 2431 2016 2453 ,
2050 2368 2148 2460 pro

560 2457 761 2552 quibus
803 2463 937 2519 obiit
988 2467 1262 2534 Christus,
1314 2473 1743 2545 inexstimulari,
1781 2493 1846 2534 ac
1893 2457 2150 2552 lacryniis

561 2547 721 2604 alieni
749 2568 844 2621 per
876 2555 976 2611 hos
1004 2575 1322 2620 maneamus
1352 2567 1468 2623 dies
1497 2568 1520 2621 ?
1546 2572 1756 2638 scilicet
1791 2587 1900 2627 non
1965 2574 2147 2629 bardis

560 2638 735 2697 simus
768 2643 1047 2704 bardiores
1068 2689 1083 2715 ,
1145 2668 1254 2707 non
1298 2655 1568 2725 lapidibus
1597 2662 1892 2718 duriores?
1929 2664 2144 2735 Nequa-

560 2746 748 2802 quam,
789 2735 1006 2806 fratres,
1070 2758 1414 2816 nequaquam
1446 2751 1575 2820 quin
1609 2755 1776 2822 positi
1821 2757 1876 2809 in
1924 2765 2147 2826 stupore

561 2826 798 2891 quodam
831 2829 1037 2898 divino,
1082 2839 1403 2910 egregieque
1466 2844 1735 2909 conversi,
1767 2844 1955 2899 fletum
2014 2862 2144 2916 pro-

561 2926 841 2981 vocemus,
875 2919 1002 2974 vitia
1043 2925 1396 2994 trucidemus,
1439 2930 1695 3001 injuriam
1727 2947 2144 3006 compensantcs

561 3003 782 3074 injuria,
835 3011 1033 3068 vulnus
1062 3018 1283 3071 vulnere
1324 3032 1616 3087 mutantes,
1657 3003 2138 3093 partitn'obedien-

562 3095 662 3160 tia,
698 3101 894 3186 partim
946 3105 1290 3162 confessione
1320 3111 1539 3166 obnixa.
1576 3114 1694 3169 Non
1726 3119 1976 3173 videmus
2006 3132 2137 3189 quot

564 3187 730 3241 studii
759 3189 869 3244 sint
906 3197 1238 3253 suscitabula
1278 3201 1481 3270 divini,
1521 3205 1645 3273 quis
1676 3221 1775 3274 pro
1816 3210 1994 3264 amico
2019 3187 2140 3265 ear-

565 3289 742 3332 cerem
799 3283 1156 3355 coluit?quis
1207 3305 1392 3346 necem
1445 3310 1541 3362 pro
1598 3299 1805 3353 amasio
1858 3304 2149 3372 suscepit?

563 3365 854 3428 Enimvero
911 3377 1152 3433 clemens
1174 3380 1347 3438 Herus
1387 3401 1483 3454 pro
1511 3388 1780 3446 damnatis
1826 3407 1930 3446 non
1956 3410 2145 3459 unum,

562 3460 881 3531 alterumve,
914 3469 1007 3522 sed
1051 3471 1197 3526 mille
1235 3476 1501 3544 supplicia
1546 3481 1780 3549 peregit,
1839 3492 1898 3537 ut
1955 3487 2150 3540 merito

564 3549 677 3605 bzec
703 3557 1009 3623 recogitans
1028 3563 1338 3629 Apostolus,
1363 3568 1773 3640 vehementique
1795 3574 1959 3629 divini
1985 3591 2148 3632 sensu

561 3643 849 3713 perfruens
910 3653 1136 3717 amoris,
1173 3657 1376 3709 scribat
1433 3659 1484 3711 in
1544 3661 1656 3715 haec
1713 3665 1914 3719 verba:
1967 3666 2148 3721 Certus

562 3752 679 3790 sum
716 3741 840 3808 quia
872 3758 1031 3811 neque
1067 3761 1227 3811 mors,
1257 3765 1418 3818 neque
1458 3751 1585 3818 vita,
1615 3769 1775 3823 neque
1808 3759 2000 3826 angeli,
2056 3777 2150 3813 ne-

560 3844 659 3897 que
689 3834 1035 3902 principatus,
1072 3854 1232 3907 neque
1268 3843 1503 3908 virtutes,
1553 3861 1714 3914 neque
1746 3848 2033 3917 instantia,
2062 3867 2167 3906 ηε·-

561 3938 662 3993 que
684 3923 886 3990 futura,
923 3945 1084 3998 neque
1123 3932 1375 3999 altitudo,
1413 3951 1573 4004 neque
1603 3939 1949 4006 profundum,
1989 3961 2151 4012 neque

560 4023 803 4069 creatura
834 4018 943 4072 alia
990 4024 1177 4087 poterit
1215 4041 1308 4078 nos
1355 4043 1599 4094 separare
1654 4047 1686 4082 a
1717 4031 1976 4088 claaritate
2033 4036 2151 4108 Dei,

560 4116 675 4168 qua:
717 4114 792 4156 est
821 4107 872 4158 in
909 4106 1120 4162 Clu-isto
1149 4109 1279 4164 Iesu
1315 4111 1536 4168 Domino
1590 4127 1768 4173 nostro
1799 4120 1841 4151 ¹⁵
1875 4138 2042 4179 :nam
2089 4106 2154 4177 eo

560 4191 741 4245 studio
772 4209 871 4248 nos
905 4199 1188 4266 amplexus
1218 4200 1361 4256 Deus
1400 4213 1502 4270 est,
1541 4217 1596 4259 ut
1630 4206 1834 4262 Filium
1859 4229 2013 4266 suum
2043 4217 2156 4278 uni_

558 4281 792 4348 genitum
829 4285 999 4352 daret,
1032 4299 1088 4341 ut
1120 4293 1284 4345 omnis
1338 4296 1427 4364 qui
1471 4298 1632 4351 credit
1659 4300 1712 4352 in
1748 4317 1865 4354 eum
1911 4321 2011 4358 non
2063 4324 2155 4375 pe-

560 4385 696 4441 reat,
727 4377 802 4430 uti
845 4383 1106 4449 scriptum
1141 4392 1244 4447 est,
1273 4388 1362 4439 sed
1388 4388 1574 4442 habeat
1604 4393 1762 4444 vitam
1806 4405 2059 4450 aeternam
2087 4402 2128 4431 ’⁸

2261 1943 2376 1993 vos,
2411 1927 2626 1990 fratres,
2665 1928 2794 1996 quid
2821 1927 2922 1982 sub
2945 1926 3306 1981 Constantino
3351 1925 3571 1988 accidit,
3601 1935 3832 1994 parente

2257 2019 2395 2089 ejus,
2418 2035 2537 2088 qua:
2568 2035 2710 2073 nunc
2762 2019 3125 2074 monasticum
3171 2026 3330 2073 exuta
3362 2027 3489 2071 vota
3535 2017 3832 2087 imperato-

2259 2112 2393 2166 riam
2419 2109 2732 2182 dignitatem
2767 2111 2992 2164 induit?
3026 2115 3134 2164 non
3171 2125 3340 2164 uxore
3377 2109 3548 2164 electa
3583 2108 3827 2177 legitime

2255 2204 2465 2258 dueta:
2506 2213 2559 2257 et
2607 2205 2710 2257 alia
2759 2214 3071 2274 snrrogala,
3122 2201 3448 2257 adulterium
3502 2202 3570 2256 de
3606 2199 3824 2256 Domini

2255 2297 2520 2351 sententia
2551 2305 2820 2364 patratum
2855 2306 2958 2361 est,
3012 2297 3246 2364 indeque
3275 2294 3728 2365 oppugnationes,
3762 2309 3828 2347 ac

2255 2387 2591 2441 calamitates
2634 2385 2727 2440 Dei
2778 2386 3035 2441 Ecclesia:
3089 2387 3356 2451 conﬂatm,
3418 2401 3525 2440 non
3586 2387 3655 2439 ab
3711 2400 3826 2438 uno

2253 2476 2432 2528 scelus
2473 2476 2523 2526 in
2554 2475 2860 2544 cmnplures
2893 2491 3219 2544 permanans
3248 2487 3494 2530 nostrum
3528 2473 3716 2529 infecit
3737 2489 3827 2527 or-

2252 2565 2373 2620 bem
2405 2568 2427 2619 ξ’
2457 2566 2598 2621 idem
2632 2569 2717 2637 agi
2743 2575 2796 2622 et
2827 2583 2973 2622 nunc
3002 2569 3187 2621 videat.
3213 2569 3303 2638 qui
3338 2577 3516 2622 mente
3562 2567 3826 2637 praeditus

2251 2659 2469 2713 inducat
2499 2659 2739 2713 animum
2776 2675 2872 2727 pro
2915 2675 3042 2715 vero
3090 2661 3334 2715 atllictari
3370 2677 3384 2725 ;
3426 2674 3551 2713 nam
3611 2658 3825 2712 exteris

2251 2763 2349 2802 nec
2378 2764 2522 2803 cura:
2562 2758 2645 2805 est
2699 2751 2992 2816 tantillum,
3033 2752 3265 2820 stupidis
3313 2751 3549 2816 fortuna,
3595 2766 3716 2812 seu,
3765 2758 3827 2802 nt

2251 2840 2471 2908 propius
2528 2841 2725 2905 dicam,
2757 2843 2968 2910 imperii
3003 2844 3390 2908 dedicitiis,cui
3420 2842 3646 2898 Proteos
3671 2858 3731 2898 se
3755 2857 3822 2897 ex

2249 2930 2467 2986 libidine
2489 2941 2701 3000 gerant.
2733 2931 2842 2989 Nos
2871 2934 3168 2997 enimvero,
3213 2935 3432 3000 fratres,
3477 2937 3826 2990 inconcussa)

2247 3024 2598 3080 stabilitatem
2638 3027 2761 3080 tldei
2819 3035 3087 3095 tueamur,
3147 3028 3199 3081 in
3249 3043 3485 3098 veroque
3516 3037 3825 3098 praecepto-

2247 3132 2362 3170 rum
2391 3117 2598 3184 judicio
2619 3122 3001 3185 constantiam,
3030 3137 3139 3176 non
3163 3122 3253 3192 qni
3290 3121 3666 3192 plausibilibus
3685 3137 3827 3191 quo-

2255 3210 2502 3262 rumdam
2539 3212 2774 3265 inventis
2806 3213 3148 3268 deludamur.
3182 3215 3258 3268 Ae
3310 3214 3355 3268 si
3397 3214 3627 3278 videtur,
3658 3214 3827 3268 silen-

2256 3298 2387 3351 tium
2421 3299 2472 3351 in
2505 3301 2692 3368 primis
2712 3303 3176 3371 complectamur;
3211 3305 3474 3374 siquidem
3501 3323 3548 3360 ε(
3578 3304 3826 3361 Prudens

2253 3391 2348 3454 ait,
2378 3391 2433 3444 in
2483 3401 2722 3462 tempore
2773 3395 2863 3450 illo
2917 3396 3135 3459 tacebit,
3173 3399 3300 3466 quia
3353 3407 3562 3465 tempus
3616 3397 3825 3452 malum

2252 3493 2334 3537 est
2360 3483 2404 3514 '°
2435 3500 2448 3548 ;
2484 3501 2502 3535 ι
2545 3495 2654 3538 tum
2685 3494 2864 3540 autem
2901 3501 3245 3556 apparemur,
3289 3503 3356 3543 ne
3406 3486 3517 3541 fors
3540 3501 3828 3558 oppugna-

2257 3575 2397 3628 tione
2429 3577 2528 3630 hac
2561 3579 2802 3646 abjectos
2832 3579 2973 3633 haud
2991 3580 3127 3634 citra
3162 3579 3395 3646 pericula
3428 3579 3828 3636 homunciones

2254 3665 2556 3722 dimittant.
2603 3668 2802 3738 Ecquis
2836 3685 2964 3725 vero
3020 3679 3104 3724 est
3180 3672 3519 3739 apparatus?
3567 3671 3824 3726 nimirum

2255 3757 2468 3812 excelse
2489 3761 2669 3813 omnia
2697 3761 2858 3828 ferre,
2879 3776 2977 3818 nec
3001 3761 3310 3816 Christiano
3336 3762 3612 3831 antiquius
3638 3778 3829 3819 amore

2256 3845 2552 3914 quidquam
2586 3847 2800 3914 ducere,
2838 3850 2968 3918 quin
2997 3866 3119 3905 cum
3143 3848 3344 3904 Davide
3389 3849 3526 3904 fari:
3565 3851 3824 3908 Dominus

2257 3936 2386 3989 mihi
2413 3937 2647 4004 adjutor,
2689 3953 2792 3991 non
2822 3940 3008 3993 timebo
3037 3942 3161 4009 quid
3187 3941 3354 4008 faciat
3397 3942 3526 3993 mihi
3555 3941 3708 3997 homo
3736 3945 3824 4011 ";

2257 4026 2546 4093 atquehoc
2576 4026 2981 4095 apostolicum;
3018 4027 3154 4082 Mihi
3204 4031 3372 4084 vivere
3422 4028 3671 4085 Christus
3723 4046 3824 4100 est,

2257 4123 2305 4165 et
2343 4116 2476 4167 mori
2502 4115 2708 4168 lucrum
2737 4118 2803 4171 “.
2851 4117 2939 4172 Vw
2963 4119 3157 4172 mundo
3199 4136 3229 4171 a
3263 4119 3554 4183 scandatis,
3589 4119 3698 4187 ait;
3730 4140 3824 4178 ne-

2257 4221 2395 4259 cesse
2433 4215 2508 4259 est
2550 4208 2690 4261 enim
2719 4211 2892 4263 venire
2924 4210 3199 4277 scandala,
3231 4221 3284 4265 ut
3336 4214 3426 4283 qui
3461 4213 3671 4282 probati
3700 4228 3825 4270 sunt

2259 4296 2532 4364 manifesti
2559 4300 2693 4366 [iant
2723 4300 2788 4354 ’³.
2826 4300 3012 4355 Viden’
3048 4312 3107 4355 ut
3139 4303 3188 4357 in
3226 4307 3497 4362 scandalis
3531 4306 3653 4362 lecti
3684 4318 3826 4364 rete-

2256 4399 2448 4460 gantur
2477 4390 2604 4456 Deo,
2641 4407 2705 4447 ac
2736 4395 3093 4449 tentationum
3139 4395 3248 4464 igni
3299 4399 3555 4466 probatus
3591 4399 3829 4457 aurifor-

561 4460 701 4518 Huic
734 4468 913 4522 studio
946 4472 1090 4538 quod
1130 4472 1484 4529 ohmovercnt
1537 4477 1922 4534 hostimentum
1975 4487 2146 4538 sancti
2186 4509 2227 4561 ο
2259 4481 2360 4534 mis
2389 4482 2604 4536 animus
2636 4484 2951 4538 ostendalm‘
2980 4486 3001 4538 ?
3034 4483 3152 4538 ³³η)
3189 4487 3457 4542 malOl‘um
3505 4490 3824 4556 ίηεοιθιιιεεν

560 4555 818 4612 habentes
849 4559 1079 4626 nullum,
1105 4576 1333 4631 corpora
1363 4580 1482 4630 sua,
1510 4571 1934 4642 sanguinemth
1965 4591 2150 4630 mona-

561 4647 693 4702 stice
747 4649 900 4716 juxta
928 4691 941 4713 ,
978 4660 1031 4704 et
1077 4652 1327 4708 athletice
1379 4657 1642 4723 obtulere,
1683 4663 1993 4721 Davidicnm
2052 4670 2151 4724 hoc

557 4741 796 4793 exsecuti
842 4756 1059 4795 carmen
1127 4762 1138 4796 :
1180 4746 1318 4808 Quid
1377 4748 1724 4805 retribnemus
1770 4755 1993 4810 Domino
2058 4775 2152 4827 pro

558 4831 796 4885 omnibus
839 4849 955 4902 qua:
986 4834 1227 4888 retribuit
1253 4839 1399 4891 nobis
1432 4840 1702 4907 "?Quam
1746 4861 1872 4912 nos,
1924 4849 2142 4917 fratres,

557 4921 776 4976 assidue
844 4940 1030 4979 vocem
1087 4943 1414 4997 usurpcmus
1465 4948 1682 5003 quoque
1731 4936 2045 4995 inexaurata
2096 4946 2143 4996 ei

557 5015 789 5082 quadam
827 5018 992 5072 animi
1028 5021 1301 5077 voluntate
1349 5027 1666 5090 servientes,
1699 5045 1762 5082 ae
1801 5031 1972 5100 magis
2023 5048 2138 5084 ma—

556 5106 746 5175 gisque
791 5109 846 5162 in
877 5109 1071 5165 melius
1100 5114 1331 5170 nitentes
1357 5156 1371 5179 ,
1413 5134 1523 5186 quo
1575 5135 1696 5174 cum
1734 5123 1936 5175 sanctis
1975 5122 2144 5176 lucre-

558 5197 806 5262 ditatem,
838 5202 1168 5258 erciseamur
1192 5216 1516 5263 aeternorum
1549 5212 1834 5276 bonorum,
1865 5228 1956 5281 per
1982 5215 2142 5268 Chri-

559 5298 703 5343 stum
730 5289 916 5346 Jcsum
949 5293 1236 5351 Dominum
1271 5308 1511 5355 nostrum
1540 5304 1659 5356 :cui
1685 5303 1852 5372 gloria
1886 5315 1935 5359 et
1962 5306 2136 5375 impe-

557 5383 722 5448 rium,
761 5400 882 5439 cum
908 5386 1081 5452 Patre,
1106 5405 1168 5445 ac
1192 5402 1383 5448 saneto
1407 5393 1634 5463 Spiritu,
1663 5411 1805 5450 nunc
1831 5407 1882 5451 et
1906 5413 2136 5468 semper,

558 5474 612 5528 in
651 5490 977 5547 omnemque
1032 5484 1457 5551 perpetuitatem.
1494 5486 1686 5540 Amen.

633 5704 672 5773 ’ξ
711 5703 868 5760 Rom.
905 5721 998 5761 vtn
1029 5751 1040 5770 ,
1103 5708 1191 5773 '58,
1224 5711 1311 5771 59,

1392 5712 1432 5742 ¹⁶
1470 5710 1626 5766 Joan.
1685 5713 1884 5775 ttt,16,
1944 5714 2030 5767 17.

572 5773 622 5806 ⁸⁸
650 5772 775 5829 Psal
847 5791 1012 5844 cxvu,
1041 5782 1095 5847 6,

1175 5782 1216 5813 ²¹
1248 5783 1482 5853 Philipp,
1517 5799 1555 5849 t,
1595 5784 1682 5849 51,

2112 5715 2153 5746 ¹⁷
2195 5715 2339 5774 Psal.
2374 5733 2494 5785 cxv,
2534 5720 2617 5775 12.

1763 5786 1805 5816 ’³
1830 5783 2016 5840 Matth.
2059 5801 2210 5852 XVIII,
2254 5789 2309 5851 7.

2256 4574 2580 4629 haberemus
2637 4592 2737 4630 ceu
2789 4577 3013 4646 imperiti
3045 4595 3142 4633 cur
3191 4580 3610 4637 sollicitarentur
3678 4599 3827 4641 nunc

2256 4663 2413 4717 laude
2447 4664 2548 4719 hac
2587 4681 2690 4719 non
2734 4667 2920 4732 semel,
2975 4669 3241 4725 iterumve
3310 4673 3441 4742 quin
3492 4675 3696 4744 sapius
3726 4691 3826 4745 gu-

2254 4765 2411 4818 stata,
2443 4759 2692 4826 nactique
2723 4758 2823 4814 hoc
2847 4760 3109 4815 divinitus
3134 4763 3452 4817 beneficium
3487 4765 3824 4834 proChristo

2253 4850 2482 4917 perpeti,
2554 4866 2897 4920 nequaquam
2981 4861 3415 4918 consternemnr,
3485 4850 3820 4924 dieamusve,

2253 4940 2450 4994 lterum
2483 4946 2704 4996 tentatio
2734 4944 2754 4996 ?
2819 4959 2948 4998 sane
2981 4945 3172 5000 iterum
3200 4947 3446 5001 tentatio.
3478 4947 3626 5003 Cedo
3677 4952 3820 5003 enim

2250 5034 2346 5097 sis,
2379 5050 2507 5087 num
2535 5035 2679 5088 tinita
2711 5047 2790 5090 est
2819 5037 3075 5103 hostium,
3104 5040 3194 5106 qui
3230 5039 3402 5093 aciem
3426 5039 3647 5110 fugiunt
3690 5057 3824 5096 oeu.

2251 5125 2451 5190 lorum,
2487 5142 2611 5178 cum
2640 5143 2825 5194 carne,
2857 5139 3020 5196 atque
3045 5130 3305 5196 sanguine
3337 5132 3480 5185 lucta
3501 5131 3525 5183 ?
3549 5149 3679 5188 num
3710 5143 3821 5188 sta-

2245 5214 2399 5269 dium’
2425 5215 2662 5270 solutum
2713 5216 2802 5273 Dei
2834 5221 3156 5288 petentum?
3200 5222 3438 5276 solvetur
3489 5223 3541 5277 id
3599 5225 3816 5294 quidem

2243 5321 2367 5360 eum
2425 5307 2554 5361 hinc
2617 5307 2911 5365 abierimus
2941 5327 2956 5375 ;
2992 5321 3246 5366 caeterum
3301 5313 3544 5382 quandiu
3588 5329 3820 5386 corpore

2241 5407 2543 5464 teneamur,
2570 5401 2794 5456 omnino
2824 5402 3022 5457 bellum
3043 5413 3167 5458 sunt
3197 5414 3250 5459 et
3267 5405 3579 5460 discrimina
3599 5421 3816 5475 praesto.

2259 5490 2544 5547 Enimvero
2574 5493 2640 5548 de
2673 5495 3027 5549 tentationum
3067 5497 3450 5566 prorogatione
3501 5507 3815 5553 sanctorum

2699 5721 2738 5753 ³⁸
2805 5720 3036 5793 Philipp.
3107 5720 3276 5790 nt,i.
3357 5723 3399 5755 ¹⁹
3426 5721 3596 5779 Amos
3632 5736 3689 5791 v,
3753 5722 3819 5776 15
