4000 6306
142 350 252 415 609

1305 346 1710 412 SERMONES
1741 342 2254 407 CATECHETICI.

3319 349 3422 412 610

147 461 538 518 stomachatus
572 476 737 517 nemo
771 469 874 524 est,
899 457 1231 516 mrumnisve
1290 455 1588 512 tolerandis
1617 467 1739 507 mu-
1771 454 1813 511 Α
1850 449 2075 518 objectis
2095 465 2205 520 qua
2229 449 2567 516 Obedienlia.
2617 467 2722 522 qua
2753 453 3128 521 οοηΐθεεὶοηῖεν
3178 474 3300 529 quae
3337 463 3422 516 in-

150 566 327 623 latus,
360 557 494 626 quin
531 557 611 610 ait
639 554 812 611 David
846 573 859 610 :
898 553 1196 608 Tribulatio
1249 561 1299 606 et
1357 551 1605 619 angustia
1661 550 1748 602 in-

150 657 412 702 venerunt
437 665 542 712 me,
575 649 840 702 mandata
871 657 962 700 tua
991 645 1265 699 meditatio
1317 661 1431 698 mea
1464 655 1538 698 est
1567 642 1649 708 '3;
1697 649 1751 695 et

154 736 436 794 Jeremias
467 757 480 792 :
516 737 644 792 Non
673 755 792 792 sum
846 747 893 792 te
938 738 1198 808 sequendo
1241 738 1496 806 defessus,
1534 748 1580 790 et
1610 737 1750 789 diem

157 831 397 884 hominis
425 847 531 883 non
558 830 863 884 desideravi
892 830 959 884 “.
997 830 1241 898 Apostoli
1293 845 1422 884 vero
1457 830 1570 883 haec
1623 835 1751 881 sunt

157 922 387 976 verba:
446 921 823 976 Libentissime
883 922 1155 990 gloriabor
1211 923 1265 973 in
1346 920 1748 988 inﬁrmitatibus

160 1013 322 1076 meis,
365 1021 422 1064 ut
465 1013 724 1066 inhabitet
749 1015 804 1066 in
830 1029 910 1066 me
938 1015 1103 1066 virtus
1128 1014 1351 1068 Christi:
1373 1025 1582 1081 propter
1610 1015 1750 1083 quod

161 1105 357 1174 placeo
401 1106 528 1158 mihi
561 1107 617 1158 in
647 1106 1074 1174 inﬁrmitatibus.
1111 1107 1163 1158 in
1201 1107 1552 1169 contumeliis,
1582 1108 1633 1158 in
1663 1123 1753 1159 ne-

163 1198 540 1260 cessitatibus,
564 1199 617 1250 in
643 1197 1111 1266 persecutionibus,
1134 1199 1185 1249 in
1210 1199 1471 1267 angustiis
1493 1215 1587 1266 pro
1602 1198 1754 1250 Chri-

164 1297 293 1342 sto:
329 1306 450 1342 cum
482 1291 624 1342 enim
680 1291 948 1358 inﬁrmor,
1004 1299 1126 1343 tunc
1155 1299 1335 1356 potens
1357 1307 1473 1343 sum
1503 1291 1571 1343 ’⁵.
1605 1289 1752 1345 Idem

165 1382 336 1435 nobis
393 1382 634 1436 studium
694 1380 1004 1435 ducendum
1061 1390 1162 1444 est,
1220 1382 1620 1451 dicendumque
1661 1397 1752 1436 so-

165 1472 320 1526 cium
356 1470 687 1524 habentibus
743 1470 1046 1534 Christum,
1097 1486 1161 1524 ac
1220 1472 1646 1525 commilitonem
1700 1472 1751 1524 in

165 1562 566 1627 conflictibus,
621 1562 820 1632 quippe
885 1562 1044 1615 Haud
1103 1574 1152 1616 te
1215 1564 1474 1625 deseram,
1557 1564 1752 1633 inquit,

166 1670 340 1723 neque
381 1653 677 1722 relinquam
705 1654 770 1706 ".
828 1653 1098 1708 Ceterum
1124 1655 1168 1708 si
1202 1669 1299 1722 pro
1319 1655 1471 1708 nobis
1491 1653 1632 1709 Deus
1650 1665 1755 1722 est,

164 1746 298 1816 quis
318 1754 516 1799 contra
563 1746 706 1798 nos?
747 1743 864 1797 iam
900 1745 944 1799 si
1006 1745 1200 1814 vulgus
1248 1746 1530 1800 hominum
1560 1747 1755 1815 gaudet

166 1852 267 1905 pro
291 1837 504 1891 caduco
543 1850 788 1904 pugnare
833 1851 975 1902 rege,
1038 1845 1244 1904 quanto
1278 1852 1377 1891 nos
1427 1837 1599 1904 magis
1656 1853 1752 1903 pro

167 1944 438 1998 supremo
470 1928 770 1992 decertare,
804 1935 858 1980 et
901 1928 954 1980 in
979 1942 1198 1981 arenam
1245 1928 1615 1982 descendere?
1648 1927 1753 1997 lgi—

167 2030 263 2073 tur
288 2019 340 2073 ei
379 2020 662 2090 proposito
710 2019 1052 2084 insistamus,
1115 2018 1334 2082 fratres,
1403 2035 1498 2075 seu
1537 2021 1755 2087 ingruat

167 2114 408 2168 tentatio
465 2127 562 2167 seu
599 2127 707 2166 non
741 2113 986 2181 ingruat.
1030 2111 1351 2180 Quanquam
1410 2112 1656 2166 imminet
1686 2113 1755 2167 ab

171 2207 336 2259 hoste
368 2219 590 2273 perpes,
629 2203 675 2256 si
724 2203 900 2257 minus
936 2205 1232 2271 conspicua
1259 2211 1406 2258 certe
1437 2203 1631 2269 invisa,
1658 2219 1753 2272 po-

168 2297 403 2366 sitaeque
427 2303 556 2349 sunt
585 2293 640 2347 in
671 2293 968 2347 tentatione
992 2307 1222 2356 coronae,
1253 2302 1307 2347 et
1337 2293 1388 2346 in
1419 2294 1559 2347 bello
1584 2293 1758 2348 victo-

168 2390 280 2450 ria,
310 2401 375 2441 ac
403 2386 500 2456 qui
534 2385 722 2456 gravia
754 2386 822 2438 sit
852 2399 1159 2453 perpessus,
1190 2401 1272 2440 me
1301 2386 1347 2440 is
1370 2387 1587 2455 praemia
1621 2400 1757 2454 quo-

169 2494 281 2549 que
314 2478 524 2533 referat
568 2477 830 2546 ingentia,
885 2491 985 2531 nos
1017 2478 1233 2546 quidem
1266 2479 1369 2532 hac
1425 2494 1456 2532 e
1494 2479 1596 2531 vita
1627 2492 1757 2530 ova-

170 2570 340 2624 bundi
361 2567 617 2639 profecti,
635 2567 799 2621 vitam
821 2584 944 2622 cum
968 2568 1172 2623 sanctis
1202 2583 1491 2637 perennem
1511 2568 1756 2622 ineamus

172 2678 270 2731 per
293 2662 583 2718 Christum
615 2659 800 2716 Jesum
830 2661 1122 2715 Dominum
1154 2669 1423 2725 nostrum,
1462 2663 1549 2716 cui
1584 2662 1754 2730 gloria

174 2768 227 2810 et
266 2756 562 2826 imperium
590 2769 715 2810 cum
749 2754 927 2819 Patre,
957 2769 1022 2808 ac
1057 2763 1249 2810 sancto
1281 2753 1506 2824 Spiritu,
1534 2770 1677 2809 nunc
1705 2763 1758 2808 et

178 2862 414 2917 semper,
445 2847 506 2901 in
537 2860 869 2913 omnemque
892 2846 1330 2915 perpetuitatem.
1383 2847 1578 2901 Amen.

723 2956 952 3012 SERMO
994 2957 1200 3024 LXXV.

179 3045 634 3103 Committendum
692 3062 792 3099 non
825 3064 934 3101 esse
988 3057 1043 3100 ut
1075 3049 1288 3102 licentia
1347 3051 1616 3113 abutatur,
1669 3049 1757 3116 qui

248 3119 623 3189 Christianam
653 3117 795 3189 ineat
851 3119 1033 3177 vitam,
1110 3119 1590 3189 gratulandutnque
1630 3120 1754 3171 sub-
1781 3131 1824 3189 ο

249 3189 441 3243 eundis
477 3187 760 3252 molestiis,
786 3191 1061 3256 prcemiunt
1101 3187 1421 3242 intuentibus
1452 3187 1716 3258 futurum.

244 3281 464 3336 Fratres
521 3277 850 3348 Patresque,
889 3281 1136 3349 equidem
1170 3281 1361 3336 vellem
1398 3298 1758 3353 unumquem-

182 3388 286 3442 que
315 3381 568 3427 vestrum
592 3386 780 3426 coram
827 3381 1094 3441 spectare,
1148 3387 1448 3442 omnesque
1490 3374 1753 3444 impertiri

185 3479 278 3533 pro
307 3463 520 3519 viribus
553 3477 807 3518 sermone
833 3463 924 3532 qui
957 3473 1186 3519 vestram
1205 3464 1473 3519 elaborem
1505 3467 1757 3530 salutem.

184 3570 247 3611 ac
275 3553 616 3624 prefecturae
646 3554 864 3607 timeam
894 3555 1194 3623 periculum
1216 3595 1230 3617 .
1274 3557 1367 3612 sed
1403 3565 1754 3628 posteaquam

185 3648 408 3702 minime
427 3647 481 3701 id
520 3648 854 3716 oppugnatio
883 3648 1148 3715 permittit
1191 3648 1454 3704 cohortor
1477 3661 1591 3704 tum
1619 3666 1754 3706 con-

182 3739 424 3808 iunctos,
453 3747 568 3793 tum
601 3737 884 3792 devinctos
915 3739 1227 3809 pariterque
1256 3752 1486 3797 cunctos
1517 3746 1756 3799 circum-

185 3839 365 3901 specte
411 3830 513 3886 sibi
543 3844 762 3896 cavere,
823 3839 930 3884 tam
977 3831 1212 3886 indidem
1269 3835 1321 3888 in
1382 3837 1619 3905 hospitio
1646 3854 1757 3906 quo

186 3935 421 3988 utamur,
453 3939 622 3994 quam
655 3922 964 3991 ubicunque
1011 3922 1252 3978 locorum
1291 3941 1590 3991 versemur,
1619 3930 1756 3983 nihil

186 4016 316 4070 citra
350 4014 714 4068 constitutum
770 4012 1070 4083 facientes;
1103 4031 1208 4069 non
1263 4017 1476 4072 licentia
1528 4021 1667 4074 alter
1701 4021 1754 4074 in

187 4109 412 4163 alterum
443 4105 626 4172 abusi,
663 4119 769 4160 non
820 4107 1087 4176 colloquia
1162 4125 1283 4164 cum
1347 4113 1532 4179 pueris
1568 4114 1754 4167 crebra

187 4204 469 4273 agitantes,
493 4202 731 4273 (tantum
761 4202 914 4258 abest
939 4213 1001 4257 ut
1050 4219 1173 4258 cum
1205 4205 1526 4261 mulieribus
1558 4208 1754 4274 dicam)

187 4296 312 4366 quin
346 4295 434 4350 ubi
469 4294 770 4350 necessitas
801 4304 959 4363 cogat
1011 4297 1216 4360 videre,
1270 4297 1541 4370 alloquive
1588 4303 1753 4366 cauti,

189 4387 278 4458 qui
310 4396 547 4441 mentem
599 4385 961 4454 surrigamus,
1017 4395 1068 4440 et
1123 4389 1309 4443 oculos
1370 4391 1749 4460 dejectentus;

1850 545 2102 609 cumbat,
2152 545 2357 600 scilicet
2381 561 2543 615 quam
2575 545 2804 602 illustris
2834 547 3102 617 professio
3120 560 3298 605 vestra
3315 562 3422 617 est,

1848 645 1957 690 tam
1985 637 2252 692 illustrius
2285 640 2565 707 premium
2604 655 2709 693 non
2742 642 3046 697 mundanos
3067 644 3308 711 cernitis,
3341 656 3428 701 at-

1851 739 2119 796 terantur,
2145 739 2307 800 atque
2331 731 2672 795 amictentur,
2698 733 2750 787 hi
2775 736 3214 805 agricolationem
3232 754 3428 811 urgen-

1849 829 1932 878 tes
1958 863 1974 889 ,
2032 824 2249 892 publica
2283 825 2438 894 stipe,
2467 835 2519 879 et
2541 827 2920 884 exactionibus
2951 830 3180 900 gravati,
3207 839 3266 885 ut
3285 847 3428 900 aegre

1851 925 2038 984 potum
2074 917 2198 978 sibi.
2234 932 2298 972 ac
2333 919 2536 973 cibaria
2571 930 2887 987 procurent,
2925 922 3001 975 illi
3032 923 3223 978 militia
3255 932 3422 989 terra,

1853 1010 2101 1079 marique
2143 1011 2434 1079 pet-functi,
2485 1011 2627 1066 bello
2668 1013 3021 1078 laeessentes,
3056 1024 3221 1084 atque
3249 1016 3427 1071 laces-

1854 1102 1964 1164 siti,
1999 1103 2270 1158 caedentes
2311 1105 2585 1173 czesique?
2615 1121 2849 1173 quorum
2897 1121 2998 1161 nos
3031 1109 3274 1162 omnium
3323 1110 3426 1163 im-

1856 1210 2069 1261 munes,
2102 1196 2225 1250 vivo
2294 1212 2532 1266 veroque
2568 1197 2676 1252 Deo
2707 1199 2996 1254 servimus.
3037 1198 3155 1255 Non
3186 1209 3248 1256 ut
3275 1202 3424 1256 aliud

1856 1288 2065 1341 nullum
2099 1297 2369 1357 suppetat,
2407 1291 2488 1343 vel
2522 1291 2624 1345 hoc
2650 1291 2785 1346 satis
2830 1298 2919 1347 est
2945 1293 3011 1347 ad
3055 1294 3423 1364 voluptatem,

1857 1382 2297 1449 gratulationem,
2335 1383 2718 1452 triumphum?
2758 1400 2890 1440 sane
2922 1386 3172 1452 obsecro,
3209 1387 3425 1444 fratres.

1859 1471 1928 1526 Ut
1973 1474 2367 1543 circumspecte
2402 1476 2623 1545 insuper
2651 1476 2723 1532 sit
2757 1478 3071 1542 vivendum,
3108 1480 3200 1549 qui
3239 1489 3430 1536 ornate

1858 1568 2081 1621 cuncta,
2118 1560 2483 1631 decenterque
2511 1565 2797 1628 obeamus,
2831 1566 3187 1630 abstinentes,
3217 1577 3271 1624 et
3302 1583 3429 1624 cor-

1861 1651 2009 1718 poris
2067 1651 2362 1716 Iibidines,
2421 1669 2542 1723 qua:
2595 1671 2718 1710 cum
2776 1658 2961 1712 animo
3013 1658 3427 1724 conﬂictentur,

1863 1741 2043 1808 primo
2102 1741 2328 1799 incursu
2382 1747 2704 1816 repellentes
2767 1750 3075 1820 mentisque
3137 1751 3427 1820 puritatem

1861 1843 2138 1901 parantes,
2171 1851 2282 1905 quo
2311 1837 2526 1894 sincere
2563 1839 2688 1894 hinc
2718 1840 2965 1910 profecti,
2999 1842 3140 1896 bona
3181 1843 3428 1900 ineamus

1855 1933 2056 1980 eterna
2104 1942 2201 1996 per
2229 1928 2507 1983 Christum
2553 1928 2740 1986 Jesum
2790 1932 3078 1988 Dominum
3127 1947 3375 1990 nostrum
3409 1954 3428 1993 :

1856 2017 1939 2071 cui
1970 2018 2142 2086 gloria
2173 2026 2226 2073 et
2258 2019 2548 2090 imperium
2583 2038 2706 2078 cum
2753 2023 2934 2090 Patre,
2976 2041 3041 2080 ac
3085 2037 3275 2082 sancto
3307 2027 3432 2099 Spi-

1855 2109 1963 2162 ritu
2005 2126 2150 2166 nunc
2179 2119 2232 2166 et
2274 2125 2488 2183 semper
2529 2114 2585 2169 in
2621 2131 2951 2189 omnemque
2983 2121 3424 2190 perpetuitatem.

1855 2206 2049 2258 Amen.

2389 2301 2620 2358 SERMO
2659 2303 2894 2359 LXXVI.

1862 2385 1940 2441 De
1979 2390 2165 2442 mortis
2197 2392 2580 2461 recordatione,
2605 2397 2820 2467 odioque
2853 2399 3057 2464 mundi,
3097 2416 3160 2454 ac
3198 2403 3429 2456 munda-

2539 2483 2749 2522 norum.

1928 2549 2185 2616 Fratres,
2232 2553 2562 2624 Patresque,
2614 2574 2775 2626 quam
2830 2561 3029 2616 eximia
3074 2560 3427 2632 Catechesis,

1859 2655 2022 2708 quam
2067 2641 2206 2714 frugi
2247 2646 2547 2703 admonitio
2582 2651 2708 2704 est?
2740 2667 2861 2721 qua:
2903 2654 3140 2710 intentos
3169 2656 3238 2710 ad
3266 2657 3428 2715 oilicii

1860 2732 2230 2802 iunctionem,
2290 2740 2586 2810 vigilesque
2637 2753 2876 2813 prmstet.
2946 2747 3003 2801 Id
3057 2749 3195 2804 adeo
3250 2750 3432 2808 facere

1859 2828 2198 2898 negligamus
2228 2847 2531 2902 nunquam,
2573 2851 2677 2889 neu
2719 2851 2998 2893 cessemus
3022 2854 3052 2894 a
3076 2842 3427 2912 cogitatione,

1858 2927 1912 2973 et
1960 2936 2144 2976 amore
2197 2925 2382 2979 divino
2424 2942 2488 2981 ac
2535 2930 2780 2998 corporis
2815 2932 3113 3001 dejunctu;
3155 2936 3425 3006 siquidem

1859 3015 2021 3082 paulo
2052 3026 2174 3083 post
2221 3017 2597 3088 dejungemur,
2645 3037 2709 3077 ac
2737 3025 3037 3079 moriemur
3068 3030 3429 3096 quemadmo-

1860 3107 1986 3158 dum
2040 3111 2221 3164 cuucti
2281 3111 2554 3181 majores,
2611 3115 2665 3168 in
2732 3117 2897 3171 alium
2955 3121 3218 3176 mundum
3283 3124 3431 3179 aliud

1857 3214 2033 3253 aevum
2059 3241 2073 3262 ,
2115 3203 2277 3256 aliam
2317 3205 2516 3260 abituri
2554 3207 2717 3260 vitam
2745 3249 2760 3274 ,
2799 3211 3120 3267 immensam
3148 3256 3163 3278 ,
3216 3223 3270 3269 et
3304 3215 3432 3269 inli-

1858 3291 2048 3346 nitam.
2084 3291 2279 3347 Nostra
2311 3295 2426 3349 hazc
2461 3313 2592 3351 sane
2637 3299 2810 3354 instar
2839 3305 3064 3365 somnii,
3109 3304 3433 3376 umbraeque

1857 3392 1963 3450 est,
2002 3401 2124 3458 quae
2169 3388 2379 3457 exiguis
2411 3391 2734 3445 terminetur
2783 3395 2981 3450 annis.
3023 3395 3133 3452 Nec
3181 3399 3422 3465 spatium

1858 3491 2264 3546 consequamur
2313 3480 2486 3534 oculis
2541 3484 2803 3551 temporis
2863 3494 3127 3554 quantum
3181 3477 3432 3560 longissi-

1857 3581 2007 3619 mum
2053 3567 2122 3620 ab
2169 3569 2317 3623 orbis
2367 3569 2570 3624 fabrica
2606 3574 2672 3625 ad
2703 3576 3026 3630 satculorum
3077 3580 3310 3647 pertinet
3337 3581 3432 3636 de-

1858 3671 2106 3724 cursum,
2143 3661 2277 3729 quin
2312 3663 2581 3733 cujusque
2623 3666 2814 3733 vitam,
2849 3671 3314 3737 quemadmodum
3361 3672 3429 3728 ad

1859 3749 2146 3807 Davidicas
2192 3764 2444 3823 pervecta
2480 3766 2676 3822 metas,
2724 3768 2886 3828 atque
2921 3762 2972 3814 id
3021 3762 3076 3815 in
3119 3766 3428 3831 perpaucis,

1859 3843 2082 3898 minime
2140 3846 2370 3902 ulterius
2425 3849 2631 3902 tendat.
2682 3851 2807 3906 Haec
2861 3854 3140 3910 enimvero
3178 3857 3429 3913 arbitrati

1857 3947 2048 3990 omnes
2077 3935 2299 3994 obivere
2325 3942 2522 4002 sancti.
2559 3943 2659 3998 hac
2688 3959 2802 4013 spe,
2839 3955 2898 3999 ut
2932 3948 3224 4017 Apostolus
3261 3959 3429 4007 testa-

1858 4035 1966 4090 tur,
2001 4029 2285 4086 decessere
2320 4050 2332 4086 :
2370 4033 2491 4087 Non
2529 4038 2753 4105 acceptis
2799 4041 3292 4106 repromissionibus
3335 4046 3428 4098 sed

1859 4135 1890 4170 a
1929 4118 2082 4188 longe
2105 4137 2195 4176 eas
2225 4125 2553 4192 aspicientes,
2587 4137 2636 4179 et
2662 4132 2974 4195 salutantes,
3006 4142 3056 4184 et
3082 4135 3386 4201 conﬁtentes
3407 4154 3428 4202 ;

1857 4212 1981 4278 quia
2028 4215 2319 4283 peregrini,
2367 4225 2415 4269 et
2448 4217 2677 4287 hospites
2725 4233 2845 4273 sunt
2889 4239 3045 4291 super
3089 4233 3304 4291 terram,
3337 4230 3429 4297 qui

1857 4303 1993 4354 enim
2025 4304 2132 4356 hwc
2177 4306 2379 4373 dicunt,
2417 4310 2716 4378 signiﬁcant
2761 4328 2815 4364 se
2865 4314 3098 4380 patriam
3141 4315 3425 4386 inquirere.

1866 4393 1928 4448 Et
1960 4397 2215 4466 siquidem
2244 4400 2356 4467 ejus
2396 4402 2753 4455 meminissent
2793 4405 2856 4457 de
2904 4421 3000 4473 711a
3032 4407 3291 4474 exierunt,
3329 4410 3428 4463 ha-

188 4491 306 4532 nam
339 4477 497 4531 aiunt
528 4474 790 4530 Litterae:
835 4475 1107 4546 Virginem
1133 4495 1196 4533 ne
1217 4490 1483 4546 contuere,
1516 4500 1615 4536 neu
1637 4501 1755 4536 cum
1789 4479 1832 4532 Ι)
1862 4486 2034 4538 berent
2075 4489 2254 4555 utique
2290 4499 2491 4556 tempus
2523 4493 2831 4555 revertendi,
2869 4511 3006 4548 nunc
3038 4506 3213 4550 autem
3245 4501 3429 4553 melio-

187 4567 405 4637 psaltria
462 4581 767 4629 consuesce,
795 4583 858 4620 ne
898 4567 1034 4636 forte
1063 4569 1448 4625 scandalizeris
1472 4574 1526 4626 in
1552 4575 1755 4643 suppli-

189 4658 277 4712 ciis
299 4659 417 4726 ejus
449 4658 516 4712 ’⁷.

249 4745 596 4817 Omninoque
649 4761 747 4801 ceu
797 4747 962 4802 Deum
1010 4749 1270 4808 habentes
1312 4765 1628 4822 praesentem
1695 4773 1758 4814 ac

191 4845 362 4894 motus
387 4853 603 4902 omnes,
637 4845 692 4891 et
730 4839 972 4894 actiones
1004 4842 1269 4909 corporis,
1300 4846 1577 4916 animique
1607 4859 1759 4903 tuen-

191 4941 312 4999 tem,
340 4932 420 4987 sic
464 4932 729 5003 degitote,
779 4941 942 5001 atque
981 4934 1217 4999 obitote,
1266 4952 1425 5006 quem
1477 4942 1528 4994 in
1578 4943 1752 4997 locum

188 5033 425 5078 secretus
457 5023 698 5092 quisque
739 5030 824 5076 est
865 5024 1117 5091 gratulati
1150 5034 1204 5079 et
1233 5027 1531 5084 subeundis
1565 5032 1758 5086 discri—

189 5114 388 5168 minum
421 5111 716 5177 molestiis,
759 5113 852 5182 qui
901 5117 1194 5183 repositam
1227 5120 1582 5188 speculemini
1613 5138 1757 5177 mer-

189 5205 385 5270 cedem,
438 5219 623 5273 neque
658 5203 803 5259 enim
850 5205 1086 5274 injustus
1135 5207 1279 5265 Deus
1325 5220 1410 5267 est
1453 5223 1511 5268 ut
1543 5213 1756 5270 facinus

189 5305 418 5350 vestrum
460 5311 528 5350 ac
558 5294 801 5349 laborem
852 5298 922 5352 sit
952 5299 1156 5355 oblitus
1191 5304 1393 5356 amoris
1431 5319 1591 5372 quem
1630 5321 1756 5375 erga

192 5398 303 5438 eum
327 5385 522 5440 testati
555 5384 693 5438 estis
723 5399 788 5439 ex
812 5402 921 5456 quo
949 5391 1183 5458 primum
1215 5395 1582 5457 secessionem
1623 5395 1756 5450 feci—

192 5479 309 5547 stis;
342 5481 440 5551 qui
477 5479 714 5544 mundo,
743 5487 798 5534 et
834 5482 1124 5538 mundanis
1158 5487 1380 5553 relictis,
1419 5491 1757 5556 parentibus,

189 5568 457 5640 fratribus,
481 5573 680 5641 stirpe,
716 5575 907 5642 patria,
929 5591 1127 5647 corpus
1149 5580 1370 5650 insuper
1390 5583 1456 5637 ad
1483 5593 1756 5638 certamen

247 5717 290 5748 ³¹
316 5715 468 5779 Psal,
493 5727 694 5779 cxvtn,
731 5715 853 5783 145,

953 5717 1000 5749 ’⁵
1056 5717 1255 5785 Jerem,
1290 5738 1422 5787 xvu,
1474 5722 1562 5788 16,

187 5784 230 5820 ³³
264 5785 429 5841 llebr.
470 5799 556 5845 ιι,
585 5783 675 5836 15.

1658 5725 1702 5756 ’⁸
1761 5725 1801 5778 ll
1834 5727 1959 5790 Cor,
2008 5746 2104 5793 XII,
2147 5731 2197 5794 7,
2243 5730 2328 5792 l0,

1861 4594 1969 4630 rem
2003 4588 2272 4647 appetunt,
2304 4581 2358 4632 id
2384 4591 2459 4634 est
2483 4583 2759 4637 cazlestem.
2795 4583 2922 4638 Ideo
2952 4603 3054 4640 non
3084 4589 3431 4658 confunditur

1861 4666 2000 4720 Deus
2029 4671 2205 4723 vocari
2241 4670 2378 4723 Deus
2425 4687 2642 4734 eorum;
2694 4677 2904 4741 paravit
2953 4679 3092 4732 enim
3137 4681 3250 4735 illis
3302 4684 3430 4737 civi-

1863 4767 2021 4810 tatem
2045 4760 2110 4812 ³⁸.
2171 4761 2297 4815 Haac
2351 4762 2484 4817 urbs
2530 4776 2734 4831 nostra,
2788 4767 2899 4821 haec
2951 4771 3128 4837 patria
3175 4782 3283 4835 est,
3342 4774 3429 4830 hic

1863 4848 2052 4905 Patres
2108 4852 2413 4924 fratresque
2460 4858 2653 4922 nostri,
2704 4859 2975 4927 spiritales
3052 4878 3116 4918 ac
3159 4867 3427 4923 carnales.

1860 4942 1979 4996 Jam
2043 4946 2172 5014 quid
2241 4947 2672 5015 amplectendam
2738 4966 2901 5020 porro
2963 4953 3104 5009 hanc
3161 4967 3432 5026 tempora-

1863 5037 1998 5088 riam
2056 5039 2219 5092 vitam
2269 5039 2717 5111 ducimus?quid
2769 5044 2822 5097 in
2872 5045 2991 5113 ejus
3044 5047 3224 5102 studio
3270 5051 3429 5118 quasi

1864 5128 2190 5196 quibusdam
2255 5131 2421 5186 clavis
2491 5133 2816 5202 deligimur?
2870 5137 2998 5205 quid
3053 5139 3301 5194 irrevulsi
3361 5144 3429 5198 ad

1861 5221 2067 5275 exitum
2113 5223 2426 5276 luctamur?
2468 5225 2759 5279 Amentum
2813 5237 2896 5281 est
2939 5231 3082 5285 nolle
3121 5233 3188 5284 ab
3238 5235 3432 5290 exsilio

1860 5313 2038 5367 redire
2068 5313 2313 5376 domum,
2351 5325 2444 5368 aut
2476 5331 2504 5369 e
2538 5316 2684 5371 bello
2724 5319 2776 5372 in
2826 5335 3012 5388 pacem
3048 5325 3283 5379 restitui.
3323 5325 3432 5382 Nos

1863 5405 2106 5473 quidem,
2148 5406 2456 5459 charissimi
2493 5406 2690 5464 fratres
2741 5426 2841 5464 ceu
2886 5414 3204 5481 prudentes,
3253 5427 3305 5470 et
3337 5421 3430 5488 qui

1860 5498 2221 5551 secessionem
2257 5505 2412 5564 capte
2462 5513 2628 5553 causa
2681 5499 2996 5570 fecerimus,
3031 5508 3235 5559 mundo
3271 5524 3430 5562 mun-

1863 5588 2128 5660 danisque
2171 5590 2395 5652 relictis,
2432 5590 2514 5644 vel
2564 5593 2729 5645 vitam
2778 5597 3185 5652 meditationem
3239 5617 3431 5670 quam-

2444 5731 2488 5762 "
2524 5731 2630 5787 Jos.
2695 5749 2731 5798 l,
2763 5736 2814 5800 5,
2903 5738 2946 5769 "
2980 5737 3158 5793 Eccle.
3193 5754 3266 5808 ιχ,
3304 5740 3355 5794 5.
