4000 6306
560 315 656 382 611

1748 319 1810 378 S.
1836 316 2227 376 THEODORI
2270 314 2616 376 STUDIT/E

3702 309 3815 375 612

561 426 686 480 dam
726 423 908 480 obitus
938 435 1284 493 prmstemus,
1335 441 1441 496 qua
1489 424 1845 481 meditatione
1884 436 2134 481 cunctam
2162 429 2210 488 Α
2239 439 2336 495 per
2362 423 2640 477 Christum
2672 421 2856 475 Jcsum
2883 420 3171 476 Dominum
3204 429 3485 487 nostrum;
3514 419 3599 473 cui
3632 421 3812 490 gloria

560 517 847 587 exigamus
898 517 1203 581 libidinem,
1259 519 1565 588 segnitiem,
1616 527 1913 589 torporem,
1975 518 2131 587 igna-

563 610 733 671 viam,
764 609 1141 671 vitiositatem,
1177 625 1288 678 quo
1319 610 1397 663 sic
1432 609 1542 664 Deo
1573 621 1794 681 accepta
1844 610 2128 675 facientes,

560 701 706 757 bona
739 700 1074 755 erciscamur
1105 710 1329 767 interna,
1368 717 1462 770 per
1489 701 1768 757 Christum
1804 701 1992 756 Jesum
2025 702 2131 755 Do-

561 790 771 844 minum
830 802 1135 845 nostrum:
1198 791 1287 844 cui
1344 793 1512 860 gloria
1566 801 1620 847 et
1669 793 1956 862 imperium
2007 808 2130 848 cum

560 881 740 946 Patre,
804 897 869 937 ac
925 892 1116 939 sancto
1178 881 1405 953 Spiritu,
1458 899 1624 949 nunc,
1678 894 1732 939 et
1785 899 2019 954 semper,
2074 883 2129 936 in

561 989 888 1044 omnemque
912 974 1350 1045 perpetuitatem.
1385 977 1578 1030 Amen.

1079 1066 1311 1121 SERMO
1351 1066 1611 1124 LXXVII.

560 1157 637 1215 De
687 1176 831 1225 uera,
895 1175 955 1211 ac
1008 1161 1236 1226 genuina
1292 1158 1614 1222 obedientia,
1666 1169 1715 1211 et
1770 1158 2126 1227 confessione,

929 1231 1207 1298 studioque
1240 1228 1330 1281 Dei
1358 1238 1756 1297 praeceptorum.

632 1321 850 1377 Fratres
907 1319 1231 1389 Patresque,
1287 1320 1436 1373 aliud
1487 1330 1733 1373 vestrum
1785 1318 2002 1373 carnale
2046 1327 2129 1373 est

559 1411 922 1475 demensum;
977 1409 1122 1463 aliud
1171 1409 1455 1478 spiritale,
1513 1408 1642 1463 illud
1705 1418 2007 1478 porrectum
2059 1409 2127 1463 ab

560 1514 871 1562 (BCOIIOIDO,
908 1500 962 1553 in
992 1499 1151 1563 cibis,
1186 1507 1335 1567 potu,
1372 1499 1712 1553 vestimentis
1750 1499 1983 1552 locatum
2025 1498 2128 1552 hoc

560 1606 592 1645 a
625 1605 708 1645 me
744 1589 924 1654 nauci,
960 1589 1012 1642 in
1041 1603 1315 1652 sermone,
1346 1589 1704 1659 doctrinaque
1733 1590 1918 1644 situm.
1950 1589 2125 1658 Atque

560 1689 619 1735 ut
652 1679 783 1733 illud
802 1679 1112 1734 necessario
1142 1679 1411 1747 praabetur
1433 1720 1447 1745 ,
1480 1680 1555 1733 ita
1578 1681 1679 1734 hoc
1703 1681 2017 1734 necessario
2033 1683 2127 1734 de-

2233 526 2288 569 et
2322 515 2611 584 imperium
2654 529 2779 568 cum
2809 513 2992 580 Patre,
3038 528 3102 566 ac
3144 520 3335 567 sancto
3384 512 3613 582 Spiritu,
3658 527 3813 566 nunc

2232 615 2287 660 et
2312 621 2547 675 semper,
2580 606 2633 659 in
2668 619 2999 673 omnemque
3028 604 3463 671 perpetuitatem.
3498 602 3699 658 Amen.

2743 694 2971 752 SERMO
3006 693 3293 749 LXXVIII.

2491 789 2567 844 De
2605 790 2881 842 audiendis
2918 788 3053 841 serio
3088 788 3255 841 sacris
3296 785 3536 842 Litteris.

2305 881 2522 935 Fratres
2598 881 2914 949 Patresque,
2961 894 3149 933 omnes
3191 878 3437 932 homines
3478 894 3599 932 cum
3635 894 3807 934 aures

2234 974 2499 1028 habemus
2552 973 2871 1041 oculosque,
2900 982 3010 1025 tum
3045 972 3272 1025 minime
3297 986 3488 1025 omnes
3522 970 3803 1031 audimus,

2230 1082 2293 1120 ac
2324 1067 2592 1129 videmus,
2634 1080 2734 1118 nec
2785 1064 2890 1117 nisi
2935 1064 3098 1117 auriti
3159 1073 3212 1118 et
3248 1064 3601 1132 perspicaces.
3657 1062 3805 1131 Ergo

2229 1157 2306 1210 ait
2334 1155 2594 1211 Dominus
2615 1155 2666 1208 in
2693 1154 3005 1225 Evangelio,
3026 1156 3128 1218 Qui
3158 1156 3310 1208 habet
3340 1170 3491 1206 aures
3522 1153 3801 1217 audiendi,

2229 1249 2414 1300 audiat
2439 1248 2516 1310 ³⁰;
2553 1263 2616 1301 ac
2648 1248 2713 1301 de
2760 1248 3241 1314 inobsequentibus
3272 1256 3421 1299 vates
3451 1263 3463 1297 :
3503 1245 3650 1297 Dedit
3688 1245 3803 1296 illis

2229 1338 2369 1391 Deus
2394 1340 2637 1405 spiritum
2672 1339 3113 1405 compunctiunis,
3148 1338 3323 1391 oculos
3354 1348 3409 1390 ut
3442 1353 3544 1389 non
3566 1337 3798 1398 uideant,

2228 1440 2276 1482 et
2306 1446 2458 1482 aures
2490 1439 2544 1482 ut
2584 1446 2685 1482 non
2718 1430 2939 1481 audiant
2962 1430 3028 1479 ³¹.
3060 1430 3423 1493 Quamobrem
3453 1441 3675 1482 necesse
3714 1437 3804 1481 est

2227 1537 2348 1591 qua:
2383 1523 2630 1588 legantur
2669 1521 2836 1584 serio,
2878 1534 2985 1573 non
3018 1521 3205 1573 leviter
3273 1529 3325 1574 et
3368 1521 3542 1573 obiter
3580 1519 3799 1581 audire,

2226 1628 2295 1667 ne
2333 1614 2385 1667 in
2416 1613 2593 1667 mittas
2633 1613 2959 1676 incidamus,
3006 1613 3099 1666 sed
3143 1613 3245 1665 ltoc
3287 1626 3613 1681 usurpemus
3652 1610 3800 1665 scri-

2226 1716 2415 1775 ptum:
2448 1705 2746 1773 Disciplina
2776 1703 2988 1757 Domini
3021 1704 3186 1771 aperit
3206 1702 3333 1755 mihi
3361 1718 3510 1754 aures
3533 1701 3595 1756 ³².
3628 1698 3803 1770 Equi-

561 1772 721 1825 betur
759 1785 977 1839 quoque
996 1769 2127 1867 utniltilfaciammagnum,quihaecvobis
2162 1777 2204 1831 Β
2228 1769 2357 1853 'dem
2396 1798 2490 1867 qui
2529 1769 2610 1852 sig
2641 1797 2847 1861 audiat,
2890 1769 3116 1858 manu“,
3158 1795 3558 1863 compungam,
3594 1769 3803 1860 purga-

557 1871 834 1933 segmenta
874 1877 938 1917 ac
965 1862 1340 1916 mendicabula
1358 1862 1624 1917 disseram
1650 1880 1712 1916 ve
1728 1865 1970 1930 rborum,
1992 1866 2124 1935 quin

558 1962 787 2009 tremam
810 1963 865 2008 et
893 1954 1205 2020 extitneam,
1239 1968 1335 2009 ceu
1365 1955 1631 2010 rationem
1651 1956 1880 2011 daturus
1910 1960 2125 2012 animo-

557 2064 679 2104 rum
706 2059 1016 2103 vestrorum
1053 2062 1159 2101 non
1207 2046 1342 2116 regi,
1402 2048 1619 2116 praesidi
1662 2048 1999 2116 imperatori,
2030 2048 2125 2104 sed

557 2140 799 2194 omnium
826 2138 1031 2209 judici,
1080 2149 1239 2205 atque
1281 2135 1413 2202 Deo,
1471 2138 1560 2191 cui
1614 2140 2126 2207 congeuuculahunt

557 2230 1105 2293 universi,coelestes,
1130 2229 1432 2299 terrigenae,
1450 2230 1787 2284 subterranei
1808 2243 2126 2300 cunctaeque

542 2322 746 2387 Iaudes
799 2331 1057 2392 peragent
1088 2323 1305 2391 linguae,
1356 2337 1464 2392 qua
1501 2323 1555 2376 in
1583 2325 1915 2391 cogitatione
1960 2340 2123 2395 pave-

555 2420 716 2469 scant
757 2412 996 2467 illustres
1042 2412 1173 2475 vita,
1212 2426 1277 2465 ac
1306 2427 1557 2466 sermone
1588 2415 1763 2467 sancti
1796 2415 1994 2469 nedum
2025 2416 2123 2468 in-

555 2503 685 2559 felix
713 2519 835 2574 ego.
874 2503 1072 2558 Verum
1102 2503 1445 2573 opitulamini
1476 2504 1726 2567 obsecro,
1761 2506 1913 2561 vobis
1940 2506 2115 2575 juxta,

556 2597 823 2667 mihique,
876 2605 936 2651 ut
970 2605 1220 2651 amantes
1274 2595 1527 2663 fratrum,
1578 2598 1796 2653 virtutis
1843 2598 2121 2653 functione

558 2690 733 2756 vobis,
783 2689 1036 2759 precibus
1071 2688 1205 2742 mihi
1239 2690 1340 2743 etsi
1374 2703 1493 2742 mea
1535 2701 1619 2743 est
1661 2699 1841 2744 vestra
1886 2688 2118 2753 functio,

554 2791 722 2852 atque
773 2797 804 2835 e
852 2780 1152 2845 contrario,
1202 2788 1557 2850 posteaquam
1607 2796 1806 2851 corpus
1852 2796 2019 2834 unum
2057 2795 2121 2836 ac

555 2874 795 2927 membra
852 2885 1045 2927 sumus
1096 2870 1374 2935 vicissim,
1444 2880 1495 2926 et
1546 2873 1649 2926 sive
1697 2874 1899 2941 patitur
1958 2889 2118 2926 unum

555 2965 879 3027 membrum,
919 2964 997 3015 ait
1048 2961 1177 3029 ille,
1229 2963 1624 3032 compatiuntur
1672 2965 1849 3016 omnia
1886 2964 2116 3017 membra

552 3057 658 3109 sive
688 3055 948 3124 gloriatur
992 3071 1153 3108 unum
1203 3058 1512 3122 membrum,
1566 3058 1891 3127 congaudent
1937 3059 2113 3111 omnia

553 3146 868 3201 membra”.
918 3148 981 3202 Et
1036 3163 1135 3219 par
1182 3158 1265 3205 est
1312 3165 1482 3215 sane;
1545 3160 1604 3203 ut
1656 3160 1957 3204 vestrarum
2015 3167 2113 3221 ego

552 3254 734 3293 rerum
767 3248 975 3307 satago,
1012 3240 1093 3294 SIC
1134 3255 1232 3295 VOS
1264 3254 1505 3294 mearum
1536 3249 1782 3309 satagere
1812 3258 1827 3309 ζ
1864 3257 1988 3295 nam
2016 3257 2117 3312 ego

552 3331 607 3385 in
640 3331 828 3395 vobis,
864 3345 928 3386 ac
959 3346 1054 3387 vos
1087 3332 1140 3386 in
1180 3348 1268 3387 me
1295 3334 1448 3399 estis,
1476 3348 1573 3403 pro
1616 3335 1800 3390 studio
1830 3344 1883 3389 et
1911 3350 2115 3401 amore,

552 3437 734 3493 eaque
783 3438 975 3480 norma
1038 3440 1176 3480 verte
1246 3424 1499 3481 fraternae
1564 3429 1873 3497 reipublicae
1940 3439 2118 3486 coetus

552 3514 906 3569 describitur.
956 3514 1099 3585 Ergo
1151 3516 1519 3571 obedientiam
1567 3520 1703 3572 mihi
1756 3532 1987 3575 vestram
2035 3524 2117 3576 in-

552 3606 761 3678 signem
808 3607 1095 3676 genuinam
1148 3619 1360 3663 servate
1410 3610 1557 3679 (non
1606 3611 1752 3665 illam
1787 3616 2114 3682 cauponaria

550 3699 695 3770 fide)
734 3699 785 3753 in
823 3716 929 3768 qua
965 3700 1095 3766 nati,
1149 3701 1351 3765 educti,
1398 3703 1566 3756 adulti
1616 3704 1706 3757 Dei
1757 3706 2015 3760 bent-licio
2048 3707 2115 3760 ad

549 3790 915 3847 confessionis
956 3793 1151 3849 divina:
1196 3793 1410 3848 culmen
1445 3795 1718 3859 evasistis,
1751 3797 1941 3866 primis
1983 3798 2116 3852 alte-

549 3884 735 3951 risque
767 3883 1024 3951 periculis
1054 3884 1319 3947 defuncti,
1351 3901 1460 3939 non
1502 3902 1654 3956 reges
1685 3889 1964 3954 timuistis,
2004 3906 2112 3944 non

547 3974 899 4044 magistratus
929 3976 1225 4044 expavistis
1275 3976 1342 4030 ad
1399 3979 1717 4047 certamina,
1766 3981 1968 4050 plagas,
2021 3998 2113 4036 ex—

546 4067 704 4131 silia,
758 4068 1078 4137 compedes,
1124 4069 1393 4139 supplicia
1426 4070 1691 4141 expediti,
1743 4075 2109 4131 celebritatem

548 4160 857 4230 peperistis,
893 4171 952 4213 ut
978 4164 1235 4217 omnibus
1262 4173 1602 4231 perspectum
1630 4175 1733 4228 est,
1759 4168 2108 4235 quamobrem

546 4256 616 4305 ne”
646 4252 991 4314 committite,
1023 4252 1243 4315 fratres,
1290 4261 1350 4307 ttt
1399 4254 1540 4311 hanc
1583 4268 1818 4313 vestram
1854 4261 2107 4315 virtutem

544 4342 811 4412 prodatis,
854 4357 957 4396 neu
992 4342 1271 4397 infamiam
1316 4344 1502 4414 gloriae
1530 4351 1807 4415 quaeratis,
1857 4367 1959 4404 neu
1995 4356 2108 4406 exi-

545 4436 714 4489 mium
748 4450 948 4489 nomen
984 4434 1038 4488 itt
1071 4433 1275 4490 fwdum
1308 4438 1633 4494 vocabulum
1684 4443 1926 4506 vertatis,
1977 4446 2103 4513 quin
2134 4451 2182 4510 ι)
2211 4458 2407 4510 “ama,-
2438 4457 2501 4510 ιο,
2541 4457 2651 4513 Nec
2694 4459 2940 4528 Αροειοιί
2990 4476 3185 4517 secus,

543 4528 920 4596 superioribus
964 4529 1245 4597 sequentia
1289 4533 1499 4599 egregie
1539 4535 1915 4602 superstruite,
1949 4537 2106 4589 undi-

545 4634 765 4689 quaque
788 4618 1019 4684 muniti;
1067 4619 1234 4683 intus,
1270 4631 1531 4691 extraque
1562 4624 1763 4677 divinis
1808 4626 1931 4679 tecti
1973 4642 2107 4696 pra:-

543 4713 739 4781 ceptis,
764 4710 1115 4765 tentationem
1144 4727 1362 4767 omnem
1409 4724 1462 4768 et
1482 4730 1779 4770 aerumnam
1808 4718 2105 4785 vincentes,

544 4812 707 4873 atque
738 4812 1079 4873 superantes,
1128 4804 1260 4858 certi
1293 4805 1393 4861 hoc
1432 4822 1649 4877 quoque
1682 4810 1861 4864 adhuc
1902 4826 2001 4866 nos
2053 4813 2105 4866 in

550 4895 691 4959 acie,
733 4910 799 4948 ac
826 4894 1085 4965 periculis
1128 4898 1355 4963 versari,
1398 4897 1615 4968 ignaros
1644 4902 1772 4970 quid
1808 4918 1930 4958 cras
1964 4904 2106 4974 pari-

503 5010 509 5017 ο
545 4997 728 5040 turum
757 4986 849 5041 sit.
884 4987 1214 5056 Quanquam
1246 4989 1291 5043 si
1329 5004 1428 5059 pro
1457 4992 1615 5047 nobis
1661 4995 1804 5050 Deus
1834 5005 1936 5063 est,
1983 4999 2107 5066 quis

542 5084 737 5131 contra
768 5077 907 5132 nos?
938 5078 1031 5147 qui
1058 5078 1197 5133 Filio
1224 5096 1327 5135 non
1357 5086 1616 5152 pepercit,
1654 5086 1780 5155 quin
1822 5104 1919 5156 pro
1948 5090 2106 5145 nobis

543 5169 799 5224 omnibus
843 5179 1198 5239 praeberetur,
1247 5174 1455 5230 scilicet
1499 5193 1604 5230 non
1648 5195 1771 5233 cum
1818 5196 1883 5235 eo
1910 5193 2107 5237 cuncta

545 5258 853 5327 largiatur?
893 5260 976 5314 sic
1032 5274 1269 5329 sperate,
1315 5264 1393 5319 sic
1437 5267 1717 5334 przelidite.
1766 5269 1950 5340 anue
1988 5288 2104 5342 spe,

544 5360 599 5405 et
633 5351 828 5406 fiducia
883 5355 1139 5422 grassati,
1190 5355 1325 5409 nihil
1374 5357 1564 5413 dubito
1614 5362 1743 5429 quin
1791 5374 2104 5419 sanctorum

545 5445 598 5498 in
630 5445 837 5500 caelesti
867 5460 1036 5516 regno
1065 5448 1376 5505 coltmredes
1405 5452 1545 5518 sitis,
1584 5468 1646 5507 ac
1669 5456 1907 5522 partiarii
1938 5456 2106 5514 futuri

613 5558 655 5587 ²⁹
698 5555 712 5607 Ι
748 5555 872 5611 Cor.
918 5574 1013 5622 xtl,
1056 5559 1145 5613 96.
1223 5561 1266 5593 ³ο
1306 5560 1496 5618 Matth.
1533 5582 1651 5627 xm,
1686 5568 1738 5620 9.
1815 5571 1855 5600 ³¹
1890 5570 2044 5629 Rom.
2082 5593 2109 5630 x

623 5625 777 5708 Joan.
810 5628 1039 5708 ξηιλ-ψ.
1118 5630 1158 5661 ³⁵
1188 5628 1343 5708 Joan.
1380 5636 1550 5708 sv.g5.
1628 5638 1672 5668 ³⁸
1703 5639 1834 5695 Ibid.
1875 5642 1955 5695 15.
2069 5648 2110 5678 ³⁷

2220 5582 2266 5647 l;
2310 5582 2413 5635 Isa.
2447 5598 2518 5647 Vl,
2563 5584 2615 5648 9,
2660 5587 2745 5639 I0.

2220 5666 2281 5706 lC.
2322 5668 2455 5708 λιιι.
2500 5656 2589 5708 Ξδ.
2696 5658 2739 5690 ³⁸

1118 5630 1158 5661 ³⁵
1188 5628 1343 5687 Joan.
1380 5650 1467 5695 xv,
1499 5636 1550 5692 5.

810 5699 853 5729 ⁸ο
880 5697 1113 5769 Philipp.
1146 5716 1183 5767 ι,
1214 5701 1301 5756 29.

542 5627 586 5658 ³⁸
623 5625 777 5682 .Ioan.
810 5644 919 5687 xiv,
959 5628 1039 5681 I8.

540 5698 626 5759 12,
655 5700 734 5753 I5.

1628 5638 1672 5668 ³⁸
1703 5639 1834 5695 Ibid.
1875 5642 1955 5695 15.

1396 5705 1438 5738 ⁸⁸
1466 5706 1584 5770 Act,
1620 5724 1671 5773 v,
1706 5710 1790 5763 41.

2230 1900 2338 1953 tur,
2385 1890 2707 1951 illustratur,
2753 1900 2898 1953 ovat,
2943 1889 3199 1950 exsultat,
3243 1897 3303 1940 ut
3334 1885 3437 1940 fert
3471 1884 3792 1938 Davidicum

2228 1996 2447 2036 carmen
2476 1999 2490 2035 :
2522 1979 2823 2046 Exsultate,
2859 1981 3006 2046 iusti,
3039 1982 3094 2032 in
3126 1979 3347 2033 Domino
3366 1978 3431 2043 ³³,
3461 1986 3653 2031 cuncta
3678 1975 3802 2029 haec

2228 2074 2478 2127 umbram
2524 2073 2760 2127 restituat
2812 2072 3081 2142 fugacem,
3124 2072 3417 2139 omniaque
3450 2083 3547 2138 pro
3585 2078 3801 2122 sterco-

2227 2166 2382 2220 ribus
2408 2165 2579 2229 ducit,
2605 2180 2715 2234 quo
2736 2165 3016 2219 Christum
3043 2164 3305 2227 lueretur,
3338 2160 3567 2229 exempli
3592 2159 3795 2230 gratia,

2225 2259 2379 2312 audit
2409 2258 2707 2327 discipulos
2737 2258 3104 2327 alloquentem
3146 2274 3158 2309 :
3198 2256 3321 2309 Non
3360 2257 3653 2323 relinquam
3704 2267 3795 2304 eos

2224 2352 2506 2419 orpltanos,
2555 2351 2758 2404 veniam
2805 2351 2872 2402 ad
2917 2366 3002 2403 vos
3038 2349 3322 2412 modicum,
3352 2358 3401 2401 et
3445 2345 3669 2398 mundus
3712 2360 3797 2397 me

2215 2442 2333 2510 jam
2373 2444 2679 2505 nonyvidet,~
2723 2458 2808 2495 vos
2839 2451 3013 2495 autem
3054 2440 3240 2494 videtis
3280 2456 3359 2493 me
3392 2439 3518 2508 quia
3546 2454 3638 2507 ego
3681 2436 3794 2489 vivo

2220 2545 2269 2588 et
2315 2551 2401 2587 vos
2436 2535 2717 2605 vivetisf‘;
2751 2543 2801 2587 et
2843 2549 3107 2587 rursum:
3149 2532 3261 2602 Ego
3310 2547 3427 2585 sum
3476 2532 3598 2584 tntis
3642 2544 3795 2593 vera,

2222 2642 2308 2679 vos
2334 2627 2580 2695 palmites
2600 2626 2665 2678 ³⁸.
2700 2625 3011 2693 lterumque
3040 2642 3053 2676 :
3105 2621 3205 2675 Vos
3243 2624 3401 2676 amici
3428 2622 3529 2676 mei
3558 2621 3709 2684 estis,
3744 2621 3795 2673 si

2222 2719 2451 2787 feceritis
2477 2734 2794 2786 quaecunque
2818 2734 2909 2787 ego
2930 2717 3181 2786 praecipio
3212 2716 3373 2770 vobis.

2289 2810 2413 2863 Jam
2443 2826 2544 2863 non
2571 2811 2689 2864 dico
2721 2826 2809 2864 vos
2844 2826 3040 2875 servos,
3072 2810 3197 2878 quia
3242 2822 3420 2862 servus
3454 2808 3615 2860 nescit
3658 2806 3788 2877 quid

2221 2900 2378 2969 faciet
2428 2901 2669 2954 dominus
2702 2902 2853 2968 ejus;
2891 2917 2977 2953 vos
3009 2909 3183 2953 autem
3221 2899 3338 2953 dixi
3392 2899 3611 2963 amicos,
3659 2900 3791 2969 quia

2219 2993 2396 3045 omnia
2422 3009 2739 3061 quwcunque
2768 2991 2945 3044 audivi
2968 3008 3001 3044 a
3047 2990 3209 3044 Patre
3237 3006 3349 3043 meo
3394 2998 3518 3042 nota
3546 2989 3652 3058 feci
3694 3006 3789 3044 uo-

2223 3086 2301 3139 bis
2330 3086 2394 3137 ³⁸.
2441 3083 2505 3137 Ει
2538 3085 2704 3138 alibi:
2753 3082 2852 3137 Vos
2908 3085 3034 3136 estis
3069 3084 3158 3152 qui
3183 3084 3547 3151 permansistis
3581 3100 3788 3138 mecum

2220 3178 2275 3230 in
2310 3178 2683 3229 tentationibus
2714 3176 2863 3238 meis,
2890 3186 2937 3228 et
2969 3192 3059 3245 ego
3089 3176 3308 3244 dispono
3330 3176 3471 3229 vobis
3501 3184 3791 3229 testamen-

2222 3277 2330 3318 tum
2360 3276 2631 3330 teternum,
2662 3279 2720 3318 ut
2755 3267 2949 3330 edulis,
2982 3278 3032 3319 et
3058 3264 3247 3319 bibatis
3280 3268 3331 3318 in
3352 3276 3602 3320 aeternum
3630 3284 3791 3335 super

2220 3374 2453 3410 mensam
2485 3373 2651 3409 meam
2691 3358 2744 3408 in
2787 3373 2943 3424 regno
2984 3372 3093 3409 meo
3115 3358 3180 3421 ³⁷,
3212 3358 3345 3423 haec,
3381 3358 3597 3427 aliaque
3629 3360 3786 3413 simi-

2217 3449 2289 3505 lia
2314 3448 2405 3503 Dei
2435 3449 2659 3503 audiens
2695 3448 2991 3511 studiosus,
3036 3464 3140 3503 non
3186 3450 3399 3503 laetatur
3429 3452 3613 3517 modo,
3647 3454 3784 3521 quin

2218 3542 2354 3595 mori
2390 3541 2609 3595 Christo
2636 3540 2883 3610 quotidie
2914 3540 3155 3593 animum
3181 3539 3409 3593 inducit.
3440 3538 3582 3594 Sane
3611 3542 3665 3596 id
3697 3543 3786 3597 in-

2214 3632 2459 3686 stitutum
2496 3633 2676 3686 cuncti
2734 3632 2900 3686 iniere
2932 3631 3103 3686 sancti
3163 3637 3214 3683 et
3255 3628 3340 3683 bis
3394 3629 3591 3685 studiis
3624 3634 3786 3701 quasi

2214 3724 2447 3790 quodam
2467 3723 2663 3775 celebri
2692 3724 2962 3792 triumpho
2973 3738 3130 3777 suum
3144 3720 3579 3776 Deidesiderium
3594 3734 3787 3778 osten-

2214 3821 2417 3876 tarunt,
2454 3812 2651 3882 quippe
2683 3812 3049 3868 aithremias
3079 3830 3090 3864 :
3124 3811 3244 3865 Non
3274 3829 3389 3867 sum
3425 3821 3472 3866 te
3522 3819 3787 3883 sequendo

2219 3906 2475 3975 defessus,
2511 3915 2558 3958 et
2593 3906 2731 3958 diem
2779 3906 3002 3957 hominis
3051 3922 3153 3958 non
3180 3905 3558 3960 desideravi”.
3610 3907 3784 3965 David

2213 4013 2467 4067 quoque:
2512 3999 2651 4063 Quid
2686 3999 2971 4051 retribuam
2992 3996 3218 4053 Domino
3248 4016 3342 4068 pro
3373 4001 3616 4055 omnibus
3665 4019 3785 4071 quae

2214 4090 2455 4142 retribuit
2484 4091 2611 4141 nti/ti
2637 4090 2660 4141 ?
2692 4089 2908 4143 calicem
2936 4092 3187 4147 salutaris
3215 4095 3490 4162 accipiam,
3519 4103 3567 4147 et
3592 4111 3785 4151 nomen

2213 4179 2431 4233 Domini
2490 4183 2835 4236 invocabo”.
2890 4184 3139 4252 Apostoli
3176 4201 3305 4241 vero
3345 4188 3460 4242 haec
3508 4192 3782 4243 sententia

2211 4282 2293 4327 est
2320 4290 2332 4325 :
2373 4272 2538 4325 Nobis
2560 4274 2814 4327 donatum
2841 4286 2914 4328 est
2944 4294 2976 4329 a
3007 4276 3131 4341 Deo,
3159 4295 3254 4346 pro
3288 4279 3519 4345 Christo,
3551 4295 3658 4334 non
3697 4299 3782 4335 so-

2211 4365 2320 4417 lum
2354 4375 2407 4418 ut
2435 4366 2489 4417 in
2524 4381 2641 4419 eum
2667 4367 2965 4432 credamus,
3008 4370 3097 4422 sed
3127 4379 3183 4422 ut
3221 4373 3380 4424 etiam
3408 4388 3503 4441 pro
3556 4372 3653 4426 illo
3683 4390 3781 4441 pa-

3258 4459 3546 4533 Verberati,
3574 4467 3777 4539 inquit,

2208 4551 2525 4618 gaudebant,
2561 4554 2810 4620 quoniam
2848 4554 2995 4623 digni
3027 4555 3194 4609 habiti
3243 4567 3365 4611 sunt
3423 4576 3520 4627 pro
3568 4563 3778 4616 nomine

2207 4640 2405 4695 Cltrisli
2451 4643 2824 4695 contumeliam
2869 4647 3071 4713 pali“.
3130 4646 3235 4703 Bre
3275 4648 3377 4703 iter
3429 4650 3497 4706 iis
3548 4653 3774 4707 vocibus

2209 4748 2397 4788 omnes
2426 4750 2582 4788 suum
2633 4735 2835 4791 Christi
2889 4738 3128 4793 studium
3168 4741 3563 4798 demonstrant.
3609 4745 3777 4816 Igitur

2205 4826 2507 4890 audiamus,
2540 4826 2755 4892 fratres,
2784 4845 2887 4884 nos
2914 4847 3133 4901 quoque
3170 4851 3291 4903 qua:
3316 4835 3569 4892 dicantur
3591 4849 3773 4907 acuta,

2204 4924 2257 4968 ct
2294 4917 2579 4971 amabilem
2614 4918 2783 4972 Deum
2813 4922 3012 4987 studio,
3043 4938 3104 4977 ac
3141 4939 3325 4979 amore
3350 4940 3772 4998 prosequamur,

2204 5006 2419 5062 assidue
2448 5024 2545 5078 pro
2567 5014 2779 5068 cunctis
2799 5029 2918 5083 qua:
2946 5014 2998 5067 in
3028 5030 3129 5070 nos
3147 5018 3375 5071 contulit
3403 5018 3562 5075 bonis
3586 5032 3773 5092 gratu-

2204 5099 2395 5165 lantes,
2414 5116 2551 5169 quos
2586 5104 2638 5157 in
2662 5105 2853 5173 primis
2885 5106 2951 5160 ad
2989 5108 3213 5164 salutem
3238 5110 3567 5181 delegeritin
3596 5132 3773 5171 mona-

2207 5190 2331 5245 stici
2352 5193 2706 5249 sanctimonia
2724 5197 2859 5263 voti,
2874 5205 2987 5252 tum
3007 5210 3186 5254 autem
3204 5203 3505 5259 orthodoxa
3521 5206 3624 5262 fide
3638 5225 3773 5279 prae-

2208 5284 2371 5349 ditos,
2400 5297 2499 5338 nec
2521 5285 2857 5354 palabundos
2878 5290 3053 5345 colere
3084 5306 3161 5356 se,
3181 5301 3343 5361 atque
3370 5300 3620 5352 venerari
3638 5315 3771 5355 con-

2207 5377 2430 5430 cesserit
2447 5394 2460 5443 ;
2477 5394 2599 5431 nam
2622 5390 2755 5448 quot
2777 5379 2988 5446 fraude,
3011 5385 3318 5455 astutiaque
3334 5390 3649 5446 mortalium
3670 5394 3771 5447 im-

2205 5467 2344 5535 pulsi
2377 5478 2505 5523 sunt
2530 5469 2583 5523 in
2601 5485 2862 5538 errorem,
2888 5489 2951 5529 ac
2980 5474 3089 5531 fuci
3118 5478 3505 5546 plausibilitate
3526 5482 3771 5554 decepti!

2825 5587 2868 5618 ³²
2903 5588 3005 5642 lsa.
3042 5606 3091 5652 ι,
3131 5590 3183 5643 5.
3260 5591 3472 5649 "Psal.
3510 5612 3683 5659 χχχιι,
3717 5598 3739 5650 1

2696 5658 2739 5690 ³⁸
2769 5656 2966 5714 Jerem.
3011 5676 3143 5726 xvn,
3188 5661 3271 5716 16.
3393 5664 3436 5695 ⁸⁹
3462 5664 3605 5722 Psal.
3641 5656 3763 5729 εἰν,
