4000 6306
157 327 250 394 6l3

1349 328 1750 390 SERMONES
1788 327 2306 390 CATECIIETICI.

3329 336 3437 402 Glh

154 464 278 524 quot
303 445 463 507 fame
480 449 836 516 alﬂictantur,
856 461 960 502 non
980 445 1162 518 panis,
1185 451 1279 499 aut
1305 459 1462 515 aquae
1485 447 1594 510 siti,
1614 446 1746 514 quin
1777 454 1824 511 Α
1851 446 2155 500 secundum
2183 447 2315 500 illud
2345 487 2359 510 ,
2396 445 2506 518 Ego
2533 448 2652 501 diri
2677 463 2694 502 :
2727 448 2816 503 Dii
2843 451 2988 515 estis,
3020 461 3067 505 et
3094 453 3196 522 ﬁlii
3227 453 3439 513 Επειδί

157 546 296 600 verbi
317 543 587 600 audiendi
608 539 800 617 divini,
829 535 1284 607 quemadmodum
1305 535 1565 604 scriptum
1585 544 1665 589 est
1679 534 1749 588 ιη

155 636 318 693 Nobis
340 637 602 706 quidem,
633 647 736 686 ceu
767 631 991 699 opipara
1025 627 1270 697 quaedam
1298 628 1746 696 mensa,praebila

158 739 477 785 sanctorum
529 725 779 780 doctrina
826 731 926 788 est,
959 721 1066 774 alio
1098 720 1224 775 hinc
1251 735 1555 774 sermonem
1589 720 1746 789 quasi

156 821 420 889 quasdam
447 817 750 872 condiente
788 812 1066 883 cupedias,
1098 811 1222 865 inde
1241 811 1346 865 alio
1369 811 1742 875 velutaurum,

158 913 331 965 divina
353 909 623 964 moliente
649 907 832 970 verba,
861 922 925 960 ac
949 905 1092 960 serio
1111 903 1250 965 aliis,
1275 904 1503 972 aliisque
1531 903 1746 967 hinc,et

159 1003 273 1056 inde
307 1000 786 1055 acclamationum
838 998 1062 1052 delicias
1135 997 1620 1065 comparantibus:
1685 1002 1745 1048 ut

158 1109 258 1147 non
291 1092 389 1147 abs
425 1107 490 1145 re
519 1105 685 1160 porro
719 1106 838 1144 cum
859 1090 1118 1158 Apostolo
1141 1090 1445 1143 dixerimus
1473 1111 1484 1142 ;
1519 1087 1575 1141 Si
1606 1090 1740 1140 Deus

157 1201 244 1252 pro
273 1183 448 1249 nobis,
489 1183 608 1251 quis
645 1190 828 1233 contra
858 1197 949 1231 nos
979 1183 1003 1233 .9
1031 1181 1154 1248 quia
1205 1180 1416 1248 proprio
1465 1177 1604 1229 Filio
1640 1193 1739 1229 non

157 1277 396 1345 pepercit,
441 1275 538 1328 sed
590 1289 687 1341 pro
715 1274 948 1324 omnibus
983 1271 1207 1323 tradidit
1258 1271 1430 1331 illum,
1482 1271 1740 1336 quomodo

158 1369 432 1421 nonetiam
459 1382 583 1420 cum
615 1365 711 1417 illo
740 1364 914 1415 omnia
939 1363 1084 1414 nobis
1120 1361 1380 1413 donabit?
1417 1361 1547 1422 Quis
1580 1374 1738 1410 accu-

157 1459 284 1512 sabit
317 1459 582 1512 adversus
606 1457 798 1510 electos
835 1455 927 1506 Dei
955 1458 977 1508 ?
1005 1455 1138 1505 Deus
1162 1453 1251 1522 qui
1288 1452 1577 1518 justi/ient,
1619 1450 1735 1518 quis

157 1559 227 1604 est
251 1553 342 1620 qui
390 1550 762 1602 condemnet?
801 1545 1044 1598 Christus
1067 1547 1155 1612 qui
1204 1552 1446 1595 mortuus
1474 1551 1569 1601 est,
1633 1547 1735 1591 into

159 1643 313 1713 quiet
341 1641 642 1695 resurrexit
673 1656 705 1690 a
739 1639 979 1700 mortuis,
1009 1637 1100 1704 qui
1134 1646 1180 1688 et
1233 1645 1310 1687 est
1347 1635 1413 1686 ad
1465 1633 1735 1685 dexteram

159 1733 266 1798 Dei,
294 1735 384 1803 qui
403 1733 571 1786 etiam
590 1729 886 1798 interpellat
908 1745 1002 1797 pro
1024 1724 1522 1791 nobis"‘,videlicet
1565 1723 1733 1778 Deum

1855 553 2031 590 omnes
2061 537 2130 590 ⁸⁸.
2167 538 2361 606 Ecqua:
2387 548 2468 594 est
2495 550 2677 594 autem
2715 542 2799 595 vis
2829 542 3048 598 virtutis
3086 548 3274 601 mundi
3303 564 3434 617 pro-

1855 629 2081 698 pudium
2124 645 2386 699 amorque
2421 632 2660 686 divinus.
2701 633 2865 686 Nemo
2901 637 3042 687 enim
3073 648 3277 704 potest,
3318 640 3432 706 ait,

1852 720 2052 773 duobus
2097 721 2324 775 dominis
2367 724 2597 787 servire,
2643 740 2746 776 non
2796 730 3013 791 potestis
3073 729 3180 782 Deo
3242 734 3434 788 servire

1852 818 1899 863 et
1923 828 2236 866 mammona:
2266 813 2328 866 “.
2378 813 2495 867 Non
2523 817 2709 871 virtuti
2736 858 2751 882 ,
2781 829 2834 871 et
2863 820 3129 876 inhaerere
3158 821 3291 876 vitio
3331 840 3431 893 p0-

1853 906 2043 973 testisf,
2079 921 2202 959 nam
2231 907 2337 960 luci
2362 922 2484 962 cum
2515 910 2754 964 tenebris
2786 914 3106 967 communio
3140 917 3288 969 nulla
3321 927 3428 972 est.

1849 994 1965 1049 Jam
2003 998 2137 1049 levia
2173 1007 2301 1051 sunt
2334 997 2427 1051 Dei
2472 1012 2778 1070 praecepta;
2815 1019 2980 1072 grave.
3006 1044 3020 1068 ,
3049 1021 3112 1059 ac
3143 1006 3296 1060 nefas
3335 1023 3431 1077 po-

1849 1085 1988 1141 tius',
2033 1084 2240 1137 insulse
2279 1086 2608 1140 contendere
2656 1090 2751 1156 qui
2792 1091 3086 1146 contrariis
3117 1094 3427 1162 poliantur;

1849 1174 2214 1242 arbitrariquc
2245 1177 2434 1230 virtuti
2461 1179 2614 1246 juxta
2641 1219 2655 1243 ,
2703 1190 2756 1234 et
2799 1183 2930 1236 vitio
2961 1199 3186 1252 vacare,
3226 1188 3275 1240 id
3307 1198 3428 1256 est,

1847 1265 2160 1319 carnalibus
2193 1267 2520 1334 desideriis,
2575 1285 2638 1323 ac
2686 1272 3022 1340 spiritalibus
3064 1274 3425 1334 facinoribus.

1847 1351 2143 1408 Enimvero
2178 1357 2221 1411 si
2267 1359 2333 1411 ad
2371 1359 2730 1427 perfectionis
2762 1364 3041 1420 evasimus
3077 1381 3427 1434 mensuram,

1845 1444 1936 1512 pol
1968 1444 2076 1498 Deo
2104 1449 2293 1515 gratia:
2317 1490 2330 1512 ,
2367 1465 2395 1502 a
2428 1466 2537 1518 quo
2570 1461 2652 1505 est
2703 1468 2866 1508 omne
2910 1457 3262 1522 beneficium,
3298 1477 3424 1513 mu-

1848 1551 2068 1605 nusque
2103 1539 2442 1607 perfectum,
2481 1545 2571 1611 pol
2603 1545 2823 1598 stabiles
2852 1549 3215 1602 consistamus
3237 1592 3252 1612 ,
3282 1551 3424 1604 divi-

1843 1641 1914 1678 no
1946 1628 2139 1683 timore
2168 1631 2267 1683 tuti
2294 1669 2308 1693 ,
2341 1633 2409 1685 ab
2444 1633 2744 1704 habituque
2786 1637 3044 1704 prteclaro
3079 1639 3384 1696 immobiles
3405 1684 3420 1707 ,

1842 1726 1894 1770 et
1923 1718 2139 1786 inﬂexi;
2169 1721 2252 1774 sin
2287 1723 2418 1790 quid
2448 1725 2586 1778 desit
2622 1742 2933 1795 urgeamus,
2971 1729 3315 1801 nitamurque
3353 1735 3422 1788 ad

159 1840 218 1880 ac
244 1824 497 1885 Patrem,
533 1836 806 1889 suumque
841 1836 1064 1890 regnum
1089 1827 1173 1873 est
1201 1831 1436 1887 perenne
1459 1817 1684 1869 daturus
1717 1832 1728 1866 :
1769 1815 1812 1870 B
1842 1808 2232 1876 perfectionem
2272 1814 2589 1883 contingere
2636 1815 2812 1870 donec
2854 1818 3110 1888 fungendi
3162 1822 3415 1878 imminet

160 1933 307 1987 quem
340 1917 523 1988 gloria
543 1915 702 1970 decet
721 1923 774 1967 et
806 1915 1094 1982 imperium
1126 1927 1247 1965 cum
1267 1912 1428 1964 Patre
1458 1925 1522 1963 ac
1545 1917 1734 1961 sancto

161 2009 379 2078 Spiritu,
423 2025 577 2064 nunc
630 2018 684 2062 et
723 2021 954 2074 semper,
1014 2005 1067 2058 in
1141 2016 1470 2072 omnemque
1537 2016 1733 2071 perpe-

163 2102 428 2166 tuitatem,
467 2103 668 2163 Amen,

694 2187 926 2244 SERMO
968 2186 1204 2252 LXXIX,

171 2283 508 2358 Nequaquam
543 2291 741 2361 maeste,
767 2283 895 2361 quin
920 2282 1124 2361 fortiter
1162 2277 1459 2332 obeundum
1491 2276 1559 2330 ad
1595 2279 1732 2345 quod

525 2354 700 2408 vocati
731 2355 895 2405 simus
926 2354 1177 2404 divinitus
1202 2366 1351 2418 opus.

227 2465 443 2521 Fratres
479 2464 803 2532 Patresque,
857 2462 1141 2532 segnitiem
1188 2470 1426 2515 nostram
1485 2463 1730 2518 excitans

164 2556 466 2625 Apostolus,
483 2555 676 2609 scribit
707 2555 762 2606 in
780 2553 893 2606 haec
912 2552 1074 2606 verba
1104 2568 1116 2605 :
1153 2550 1388 2603 Gaudete
1409 2553 1462 2604 in
1483 2552 1728 2616 Domino,

166 2663 351 2716 semper
377 2648 575 2701 iterum
605 2646 748 2706 dico,
797 2642 1038 2712 gaudete.
1077 2639 1336 2692 Modestia
1381 2652 1557 2694 vestra
1599 2651 1726 2695 nota

166 2739 226 2792 sit
255 2738 360 2808 (18)
381 2739 624 2791 omnibus
648 2733 964 2787 hominibus.
1000 2732 1255 2785 Dominus
1291 2748 1448 2800 prope
1476 2742 1571 2796 est,
1604 2733 1735 2785 nihil

168 2830 349 2885 soliciti
365 2831 512 2894 sitis,
532 2829 622 2882 sed
647 2828 700 2881 in
728 2828 868 2882 omni
888 2827 1144 2889 oratione,
1169 2835 1216 2878 et
1244 2827 1598 2878 obsecratione
1615 2842 1732 2879 cum

169 2925 447 2990 gratiarum
471 2921 688 2975 actione
713 2920 984 2987 petitiones
1014 2927 1196 2971 vestra:
1215 2919 1347 2986 ﬁant
1377 2919 1442 2970 ad
1479 2919 1644 2973 Deum
1665 2905 1730 2970 δέ.

170 3014 521 3081 Quamobrem
556 3028 626 3067 ne
655 3022 993 3082 torpeamus;
1028 3012 1157 3078 quin
1193 3013 1388 3075 vivide,
1420 3021 1586 3081 atque
1618 3011 1732 3065 for-

173 3107 287 3160 titer
315 3107 583 3160 obeamus
605 3105 673 3158 ad
697 3104 840 3172 quod
861 3104 1039 3157 vocati
1059 3103 1233 3157 simus
1265 3103 1526 3157 divinitus
1561 3118 1726 3171 Opus:
1759 3141 1801 3199 Ο

172 3213 282 3251 nam
314 3198 572 3268 equidem
612 3197 748 3249 Deus
781 3203 865 3248 est
887 3195 975 3263 qui
1009 3209 1038 3249 e
1068 3194 1178 3247 vita
1203 3196 1478 3247 communi
1519 3196 1585 3247 ad
1608 3209 1734 3263 pro-

171 3286 443 3343 fessionem
482 3302 586 3341 nos
630 3286 988 3339 monasticam
1041 3284 1272 3346 vocavit,
1332 3284 1428 3352 qui
1474 3283 1732 3338 incolumi

171 3382 388 3449 quadam
429 3391 606 3445 veste,
641 3378 910 3447 hilarique
945 3386 1068 3446 toga
1094 3376 1357 3440 amieivit,
1392 3376 1487 3445 qui
1534 3391 1563 3429 a
1598 3376 1733 3445 legis

174 3475 531 3528 exsecratione
556 3471 804 3534 redemit,
840 3469 1014 3523 factus
1036 3483 1132 3537 pro
1166 3468 1324 3522 nobis
1351 3468 1727 3525 exsecrabilis.

173 3563 340 3634 Itaque
371 3568 746 3621 consistamus
776 3563 827 3615 in
885 3563 1132 3616 libertate
1172 3561 1222 3614 in
1250 3576 1412 3630 quam
1449 3577 1476 3614 a
1509 3561 1728 3616 Christo

175 3672 348 3711 sumus
405 3656 628 3719 asserti,
681 3669 778 3708 neu
836 3655 1112 3708 servitutis
1169 3668 1386 3706 rursum
1448 3661 1729 3707 teneamur

173 3745 324 3816 iugo,
367 3763 468 3801 neu
506 3746 690 3800 foedus
710 3761 831 3798 cum
865 3746 1008 3799 vitiis
1044 3745 1305 3797 ineamus.
1344 3742 1542 3796 Servus
1564 3759 1727 3796 manu

175 3837 356 3893 missus
385 3838 701 3915 paratitius,
732 3851 1070 3905 nequaquam
1099 3835 1320 3889 inducat
1347 3835 1584 3888 animum
1612 3851 1727 3888 ser-

177 3927 376 3982 vitutem
395 3929 578 3982 denuo
595 3927 816 3991 servire,
839 3927 904 3977 ab
917 3939 1086 3992 eaque
1109 3925 1367 3994 profugus
1385 3925 1722 3994 longissime,

177 4019 352 4086 gaudet
390 4020 531 4090 quod
593 4017 775 4072 servili
842 4016 1125 4086 tyrannide
1186 4015 1256 4070 sit
1311 4017 1588 4080 exclusus,
1623 4018 1723 4070 etsi

175 4108 302 4164 haud
331 4111 530 4164 malum
564 4116 654 4162 est
692 4108 910 4161 omnino
967 4105 1235 4170 servitus;
1299 4121 1421 4158 nam
1477 4107 1722 4174 Apostoli

177 4196 277 4252 haec
320 4200 589 4254 sententia
625 4207 730 4260 est,
761 4195 945 4250 Servus
975 4205 1189 4249 vocatus
1239 4198 1335 4250 es?
1384 4214 1485 4249 non
1520 4199 1588 4251 sit
1627 4199 1723 4252 tibi

177 4302 299 4340 curae
323 4289 428 4359 (sed
461 4298 510 4343 et
571 4289 619 4341 si
677 4295 818 4354 potes
846 4286 963 4354 ﬁeri
1028 4287 1180 4349 liber,
1225 4289 1390 4356 magis
1439 4296 1599 4371 utere)
1631 4290 1722 4358 qui

175 4377 296 4430 enim
320 4379 370 4433 in
405 4380 634 4433 Domino
659 4388 867 4430 vocatus
897 4386 996 4442 est,
1020 4375 1253 4442 Domini,
1278 4378 1524 4431 similiter
1556 4389 1603 4431 et
1631 4381 1719 4449 qui

1840 1911 2051 1970 tempus
2077 1942 2091 1965 ,
2127 1903 2227 1957 lide
2262 1908 2513 1973 praelirmi
2535 1947 2549 1971 ,
2594 1922 2689 1977 spe
2715 1910 2870 1964 alites
2907 1926 3093 1968 amore
3125 1913 3366 1968 devincti
3397 1953 3414 1978 ,

1836 1995 2202 2049 sulnmssione
2233 1998 2468 2052 nitentes
2488 2039 2502 2059 .
2529 1999 2840 2055 obedientia
2872 2004 3113 2072 compti,
3152 2007 3415 2075 patientia

1835 2087 2120 2154 explorati,
2152 2088 2494 2145 confessione
2524 2091 2832 2148 relucentes
2858 2135 2872 2160 ,
2926 2097 3243 2166 cmterisque
3276 2115 3415 2154 cun-

1836 2180 1936 2232 ctis
1964 2191 2106 2234 recte
2135 2180 2294 2237 factis
2337 2184 2483 2238 velut
2524 2185 2591 2238 ad
2629 2189 2892 2241 amussim
2927 2189 3117 2258 politi,
3157 2205 3255 2245 ceu
3305 2192 3418 2249 veri

1835 2276 2126 2339 monachi,
2160 2293 2256 2332 ceu
2289 2279 2508 2335 minime
2541 2285 2830 2338 mendaces
2872 2284 3076 2339 subditi
3121 2302 3214 2341 seu
3258 2289 3415 2356 probi

1835 2363 2164 2427 Christiani,
2197 2383 2297 2422 ceu
2335 2369 2610 2424 Dominiei
2645 2373 2787 2427 servi
2817 2413 2831 2437 ,
2870 2390 2976 2443 quo
3005 2390 3133 2429 cum
3165 2378 3416 2446 expedite

1837 2454 1926 2509 hic
1949 2457 2112 2510 vitam
2138 2475 2483 2528 peragamus,
2503 2469 2618 2514 tum
2644 2465 2915 2532 supremis
2937 2467 3093 2520 bonis
3119 2470 3414 2536 potiantur,

1835 2558 1929 2613 per
1961 2544 2236 2600 Christum
2278 2547 2462 2603 Jesum
2501 2552 2787 2606 Dominum
2835 2564 3124 2610 nostrum:
3172 2559 3258 2612 cui
3299 2559 3414 2629 glo-

1835 2636 1914 2688 ria
1955 2644 2008 2690 et
2050 2637 2338 2707 imperium
2387 2657 2509 2695 cum
2562 2645 2759 2708 Patre,
2816 2659 2878 2699 ac
2933 2654 3124 2700 sancto
3166 2647 3410 2716 Spiritu,

1835 2741 1981 2779 nunc
2048 2737 2102 2781 et
2156 2745 2416 2800 semper,
2476 2733 2529 2786 in
2587 2748 2919 2805 omnemque
2965 2738 3408 2806 perpetuitatem.

1833 2818 2029 2874 Amen.

2381 2912 2613 2969 SERMO
2650 2914 2866 2970 LXXX.

2361 3004 2618 3059 Doctrina
2656 3008 2720 3061 de
2757 3010 2880 3076 ﬁde.

1904 3093 2121 3148 Fratres
2183 3097 2524 3168 Patresque,
2579 3100 2817 3155 debitum
2860 3119 3007 3157 nunc
3069 3120 3284 3175 quoque
3313 3107 3410 3159 de-

1836 3201 2081 3240 mensum
2124 3189 2279 3242 vobis
2315 3191 2598 3246 offerimus
2632 3196 2903 3249 sermonis
2929 3237 2942 3262 ,
2982 3207 3142 3251 tenue
3195 3199 3247 3251 id
3284 3200 3410 3268 qui-

1833 3275 1988 3337 dem,
2035 3292 2098 3330 ac
2130 3278 2469 3346 mendicum,
2506 3281 2598 3335 sed
2629 3283 2768 3351 quod
2811 3287 3121 3340 necessario
3150 3286 3410 3342 oﬂ‘eratur

1832 3374 2050 3433 tamen,
2102 3385 2167 3421 ne
2208 3371 2277 3424 ob
2324 3371 2601 3427 silentium
2637 3391 2736 3430 nos
2784 3377 3108 3433 damnemur
3134 3419 3150 3446 ,
3189 3396 3400 3451 vosque

1831 3460 2239 3528 aliquantulum
2284 3464 2537 3518 solatium
2580 3466 2845 3536 capiatis:
2892 3486 3014 3523 nam
3069 3482 3128 3526 ut
3171 3475 3410 3530 maxime

1831 3549 1880 3601 id
1927 3566 1955 3602 e
2001 3560 2322 3606 sanctorum
2367 3559 2597 3612 lectione
2626 3559 2850 3615 Patrum
2882 3565 3134 3617 sentiatis
3159 3605 3173 3628 ,
3208 3566 3408 3620 nihilo-

1831 3641 2009 3695 minus
2049 3654 2291 3698 nostram
2328 3648 2470 3704 hanc
2497 3653 2658 3704 etiam
2691 3655 2849 3706 nauci
2883 3658 3155 3724 requiritis
3187 3659 3394 3713 doctri-

1828 3745 1976 3793 nam,
2005 3747 2067 3786 ac
2095 3749 2204 3801 pne
2235 3736 2347 3801 illa,
2382 3740 2521 3794 hanc
2551 3743 2727 3795 ausitn
2758 3744 2956 3808 dicere,
2982 3761 3077 3799 ceu
3110 3747 3199 3800 illa
3237 3749 3406 3802 histo-

1827 3822 1939 3876 rice
1983 3826 2243 3894 rccitata,
2293 3829 2393 3883 hac
2439 3832 2490 3886 in
2525 3831 2716 3887 faciem
2746 3836 2976 3903 dictata,
3020 3847 3072 3892 et
3118 3845 3402 3910 arguendo

1835 3913 2117 3982 instituta,
2167 3919 2240 3972 ait
2270 3921 2412 3974 enim
2443 3961 2456 3986 ,
2491 3925 2721 3994 Arguam
2761 3936 2839 3992 te,
2880 3938 2928 3980 et
2957 3939 3188 3983 statuam
3220 3944 3404 3987 contra

1825 4002 2009 4069 faciem
2042 4018 2183 4059 tuam
2215 4021 2427 4077 peccata
2455 4023 2545 4066 tua
2573 4016 2642 4068 ⁸⁷.
2668 4016 2727 4069 Si
2757 4033 2854 4070 non
2886 4021 3154 4086 venissem,
3179 4032 3226 4074 et
3257 4023 3404 4075 locu-

1826 4105 1906 4146 tus
1931 4097 2145 4164 fuissem
2176 4102 2269 4162 eis,
2310 4116 2578 4168 peccatum
2603 4122 2704 4158 non
2735 4108 2980 4162 haberent
3007 4128 3195 4174 ,nunc
3225 4124 3398 4167 autem

1821 4191 2212 4243 excusationem
2243 4210 2342 4246 non
2377 4195 2564 4249 habent
2592 4199 2654 4251 de
2684 4211 2893 4267 peccato
2920 4219 3014 4256 suo
3037 4204 3098 4257 ‘“.
3132 4204 3284 4269 Quod
3314 4208 3402 4260 ab-

1821 4278 1891 4328 sit
1921 4278 1985 4329 de
2015 4280 2165 4333 vobis
2197 4281 2380 4336 dicere
2408 4301 2420 4347 ;
2455 4287 2727 4355 siquidem
2771 4290 2914 4343 haud
2943 4295 3396 4358 sermocinamur,

1822 4380 1882 4424 ut
1911 4373 2300 4441 immorigeris,
2338 4391 2401 4431 ac
2433 4378 2636 4448 flagitio
2668 4384 2977 4436 constrictis
3009 4386 3253 4452 (minimc
3275 4404 3400 4454 gen-

179 4467 292 4524 h'ber
321 4483 530 4526 vocatus
561 4479 665 4534 est,
699 4487 871 4523 servus
905 4480 980 4523 est
1025 4466 1222 4522 Christi
1248 4469 1292 4499 “
1319 4485 1332 4530 ;
1366 4479 1526 4538 atque
1580 4471 1717 4526 inte-
1754 4478 1797 4532 D
1826 4464 2153 4534 tium),quin
2184 4480 2242 4522 ut
2273 4470 2557 4540 morigeris
2584 4472 2731 4538 filiis,
2757 4482 2816 4527 ut
2840 4475 3178 4530 charissimis
3217 4478 3358 4531 natis
3379 4518 3393 4540 ,

178 4559 285 4624 l'llll,
315 4565 679 4633 mancipatus,
699 4573 853 4632 negat
875 4563 976 4616 sub
1003 4560 1282 4615 servitutis
1317 4561 1724 4630 vcnirejugum,

181 4666 273 4719 quo
307 4671 401 4710 nos
436 4656 703 4712 debemus
753 4653 945 4723 magis,
986 4661 1206 4722 peccato
1257 4652 1491 4716 liberati,
1537 4657 1722 4722 procul

181 4741 462 4810 abscedere,

240 4830 510 4890 Nescimus
531 4834 665 4905 quid
700 4834 753 4888 in
796 4849 895 4888 nos
932 4832 1287 4902 designarit?
1325 4847 1431 4885 non
1476 4835 1723 4902 pomario

181 4925 515 4996 proscripsit?
561 4941 675 4980 non
721 4926 980 4980 mortales
1027 4939 1094 4977 ex
1148 4924 1552 4978 immortalibus
1596 4924 1722 4978 etle-

185 5014 280 5068 cit?
321 5034 424 5073 non
477 5022 531 5075 in
595 5020 738 5073 hanc
791 5019 1100 5074 luctuosam
1161 5017 1461 5071 introduxit
1510 5018 1725 5070 vitam?

185 5117 280 5159 non
311 5111 432 5165 mali
463 5121 660 5167 auctor
687 5111 867 5165 omnis
897 5119 951 5165 et
985 5109 1089 5163 fuit
1119 5117 1174 5162 et
1204 5122 1350 5162 nunc
1379 5106 1497 5161 est?
1528 5109 1597 5162 Ut
1637 5108 1722 5160 fu-

187 5193 414 5261 giendum
439 5201 509 5256 sit
539 5199 721 5266 nobis,
748 5213 846 5253 ceu
881 5197 1206 5268 pessimum,
1238 5197 1366 5250 odio
1391 5210 1725 5264 prosequen—

184 5277 326 5350 dum,
348 5295 402 5341 ut
431 5289 554 5343 odio
590 5286 816 5356 dignum
837 5323 853 5348 ,
883 5285 1177 5355 potiusque
1211 5283 1484 5353 diligenda
1512 5284 1685 5336 virtus
1707 5322 1722 5348 ,

189 5382 292 5438 qua
332 5380 546 5449 angelos
578 5386 860 5446 comparet
887 5375 1169 5441 mortales,
1199 5382 1364 5444 atque
1396 5373 1535 5427 adeo
1566 5374 1720 5440 deos,

248 5520 288 5551 δ’
323 5525 476 5584 Amos
502 5543 626 5593 vni,
659 5525 747 5579 il.
813 5518 878 5549 “‘
896 5523 1058 5581 Rom.
1107 5539 1228 5591 vni,
1260 5526 1348 5588 51,
1379 5526 1465 5581 51.
1529 5525 1572 5556 ⁸³
1602 5525 1834 5603 Philipp.
1879 5545 1951 5595 IV,
1985 5530 2098 5593 4-6,
2175 5531 2261 5587 “l
2288 5531 2412 5587 Cor.
2479 5552 2569 5604 vn,
2636 5536 2723 5602 2t,

272 5589 443 5651 Matth.
479 5615 528 5651 vi
551 5639 569 5651 .
624 5596 718 5651 24.
793 5594 836 5628 "
879 5595 1025 5651 Psal.
1068 5609 1192 5650 χιιι
1215 5634 1230 5651 .
1257 5594 1346 5648 21.
1422 5595 1466 5626 ⁸⁸
1493 5593 1651 5650 Joan.
1681 5611 1780 5651 xv.
1811 5599 1899 5651 ‘22.

192 5584 232 5616 "
272 5589 443 5652 Matth.
479 5615 569 5667 VI,
611 5584 718 5651 '24.
793 5594 836 5628 ιτ
879 5595 1025 5651 Psal.
1068 5584 1346 5659 xttx,21.

1825 4564 1883 4607 ut
1914 4559 2217 4622 unanimis,
2243 4569 2297 4614 et
2324 4563 2412 4628 qui
2443 4577 2812 4632 concorpores
2843 4567 2961 4619 silis
2988 4608 3001 4632 ,
3037 4582 3100 4621 ac
3131 4569 3401 4621 commili-

1824 4654 1981 4699 tones
2003 4689 2017 4713 ,
2049 4665 2158 4717 quo
2185 4652 2490 4718 gaudeatis,
2521 4671 2631 4722 quo
2660 4655 2988 4723 proficiatis,
3017 4671 3127 4725 quo
3157 4657 3395 4722 sinceri,

1821 4747 1872 4789 et
1909 4738 2204 4806 irreprensi
2243 4741 2296 4794 in
2329 4743 2529 4798 Christi
2561 4744 2704 4798 diem
2738 4747 2981 4800 evadatis
3007 4787 3021 4812 ,
3061 4747 3400 4801 Christiano-

1825 4844 1945 4882 rum
1990 4830 2134 4897 pleni
2168 4830 2439 4885 fructuum
2475 4835 2779 4902 probitatis,
2805 4837 2855 4889 in
2888 4822 3111 4905 gloriam
3159 4838 3398 4892 laudem-

1827 4935 1932 4989 que
1964 4921 2075 4973 Dei.
2116 4920 2183 4976 Ut
2214 4924 2366 4977 vobis
2396 4936 2706 4996 comparata
2758 4928 2828 4982 sit
2871 4931 3081 4996 oratio;
3137 4946 3261 4984 nam
3306 4932 3398 4999 qui

1830 5026 1982 5080 aqua:
2008 5013 2394 5080 scaturiginem
2434 5031 2461 5069 e
2489 5027 2756 5086 praerupta
2789 5019 2915 5072 olim
2949 5029 3102 5075 caute
3139 5019 3397 5078 lsraelitis

1831 5102 2080 5169 prmbuit,
2103 5103 2232 5171 quid
2261 5104 2456 5157 mirum
2486 5109 2530 5160 si
2560 5123 2587 5160 e
2614 5107 2822 5176 lapidea
2858 5110 2957 5163 hac
2987 5120 3161 5164 mente
3182 5112 3397 5166 brevem

1831 5192 2225 5247 oratiunculam
2253 5197 2554 5252 extundat?
2579 5198 2750 5264 Quam
2785 5200 3116 5268 haurientes,
3148 5201 3255 5257 Deo
3273 5217 3399 5271 gra-

1831 5283 2068 5337 tulemur
2091 5325 2104 5348 ,
2154 5287 2246 5354 qui
2277 5285 2535 5343 alimenta
2564 5304 2627 5342 ac
2661 5300 2846 5359 potum
2883 5289 3165 5357 conferat,
3201 5292 3399 5345 vitam-

1831 5387 1937 5441 que
1976 5373 2212 5429 instruat
2241 5385 2486 5431 nostram
2528 5379 2674 5434 velut
2713 5380 2765 5434 in
2798 5373 3127 5446 solitudine,
3172 5381 3260 5435 hic
3305 5382 3402 5436 de-

2810 5539 2852 5569 ”
2897 5538 3044 5594 Psal.
3113 5553 3312 5602 um,
3341 5535 3396 5597 6.

253 5735 352 5798 “3)
387 5740 634 5798 Γενέσθω
663 5751 857 5798 auctor
885 5741 1039 5808 citat,
1067 5737 1417 5808 γνωριζέσθω
1443 5741 1643 5796 habent
1673 5740 1927 5814 evulgati.
