4000 6306
543 354 649 419 615

1778 339 1837 398 S.
1880 333 2267 397 THEODORI
2310 333 2655 393 STUDlT/E

3695 326 3811 387 616

548 470 789 534 gentum.
817 458 927 513 Sed
956 457 1215 526 quoniam
1240 453 1431 521 prisca:
1460 450 1703 504 historia:
1730 447 2103 507 meminimus,
2141 451 2183 504 Α
2211 444 2352 513 que?
2378 442 2716 498 Testimonin
2746 450 2874 496 sunt
2906 440 3119 504 exsilia,
3154 437 3590 509 persecutiones,
3647 452 3811 491 com-

545 551 1001 621 contemplemur,
1041 548 1087 602 si
1120 547 1275 612 libet,
1301 558 1423 613 qua:
1453 552 1567 596 tum
1598 538 1961 609 innnorigeris
1987 550 2115 591 eve-

548 659 711 708 nere,
745 642 811 697 de
832 640 1034 710 quibus
1061 636 1306 706 Apostoli
1341 634 1455 688 haec
1486 639 1614 686 sunt
1648 631 1808 684 verba
1829 670 1844 695 ,
1878 628 1980 682 Sed
2018 642 2120 679 non

552 736 608 787 in
635 732 874 803 pluribus
911 744 1087 783 eorum
1132 726 1512 795 beneplacitum
1549 734 1623 777 est
1656 722 1763 775 Deo
1787 737 1805 774 :
1844 736 1965 773 nant
2002 734 2121 788 pro-

552 825 711 878 strati
755 831 877 875 sunt
904 822 958 872 in
987 818 1213 873 deserto.
1259 815 1387 870 ch
1421 825 1594 868 autem
1626 814 1797 883 ﬁgura
1829 812 1974 879 facta
2004 818 2123 862 sunt

552 915 743 978 nostri,
781 925 966 965 utnon
995 910 1158 962 simus
1197 907 1616 973 concupiscentes
1656 903 1949 961 malorum,
1990 900 2126 951 sicut

552 1017 603 1062 et
650 1007 730 1061 illi
775 1003 1171 1072 concupierunt.
1216 998 1396 1069 Neque
1428 996 1722 1049 idololatra:
1778 991 2124 1061 efﬁciamini,

553 1102 690 1157 sicut
719 1098 934 1168 quidam
959 1110 1023 1149 ea:
1048 1094 1174 1163 ipsis
1197 1133 1209 1155 ,
1240 1088 1681 1161 quemadmodum
1718 1085 1970 1150 scriptum
2009 1091 2125 1135 est:

568 1190 719 1248 Sedit
754 1187 978 1258 populus
1008 1182 1349 1243 manducare,
1381 1187 1429 1232 et
1467 1177 1636 1230 bibere
1661 1216 1675 1240 ,
1709 1186 1755 1228 et
1792 1182 2129 1228 surrexerunt

557 1281 761 1336 ludere.
816 1276 999 1347 Neque
1043 1272 1403 1343 fornicemur,
1448 1268 1583 1321 sicut
1626 1264 1841 1335 quidam
1895 1277 1960 1315 ea:
2001 1262 2130 1329 ipsis

563 1369 814 1443 fornicati
845 1378 988 1432 sunt,
1018 1375 1065 1419 et
1097 1362 1393 1417 ceciderunt
1425 1375 1529 1411 una
1547 1358 1632 1410 die
1659 1355 1845 1423 viqinti
1876 1354 1980 1406 tria
2011 1352 2131 1404 mil-

558 1463 637 1517 lia
676 1473 879 1529 ;neque
908 1465 1162 1510 tentemus
1195 1451 1464 1508 Christum
1491 1488 1503 1509 ,
1538 1449 1671 1502 sicut
1708 1445 1928 1516 quidam
1956 1457 2135 1496 eorum

561 1559 921 1613 tentaverunt,
954 1558 999 1602 et
1037 1563 1071 1600 a
1103 1543 1425 1612 serpentibus
1455 1542 1756 1611 perierunt;
1798 1552 1957 1606 neque
1991 1550 2136 1587 mur-

558 1643 896 1701 muraueritis
916 1683 932 1708 ,
963 1641 1099 1693 sicut
1122 1638 1339 1707 quidam
1368 1650 1546 1689 eorum
1576 1639 2057 1689 murmuraverunt,
2087 1636 2136 1680 et

558 1736 825 1807 perierunt
854 1732 917 1784 ab
939 1730 1347 1784 exterminatore
1366 1725 1432 1779 δ’.
1464 1725 1597 1789 Quae
1621 1720 1998 1790 contemplati,
2037 1717 2137 1770 fra-

2223 538 2408 606 pedes,
2469 536 2724 601 miserim,
2789 550 2853 590 ac
2909 536 2992 588 vel
3050 535 3103 586 in
3165 532 3487 603 sanguinem
3550 531 3805 591 renisus,

2224 629 2460 683 ineundo
2488 643 2611 680 cum
2645 635 2869 696 peccato
2898 624 3218 687 certamine,
3274 636 3591 692 quanquam
3651 619 3807 673 haud

2226 720 2278 775 id
2314 730 2557 775 vestrum
2598 730 2699 774 est.
2753 718 2845 774 Dei
2889 718 3210 771 benelicium
3249 727 3353 777 est,
3385 730 3414 768 a
3442 726 3552 783 quo
3591 721 3647 765 et
3680 712 3809 765 laus

2226 812 2554 882 suppeditat.
2596 812 2763 880 Igitur
2803 810 2893 864 alii
2922 809 3023 863 sibi
3054 808 3312 878 pecunias
3360 806 3619 866 habento,
3658 820 3806 873 pra:-

2229 908 2336 968 dia,
2387 904 2752 969 monasteria,
2807 902 3069 970 collegia;
3127 900 3259 954 mihi
3315 897 3381 952 ad
3433 897 3805 951 celebritatem

2231 997 2365 1052 satis
2393 1006 2476 1050 est
2503 1010 2601 1050 vos
2639 997 2903 1048 duntaxat
2931 994 3153 1055 habere,
3179 991 3233 1043 in
3272 990 3472 1059 quibus
3496 1003 3581 1040 me
3612 996 3807 1042 osten-

2231 1099 2362 1149 tem,
2388 1088 2594 1142 scilicet
2623 1101 2741 1139 mea
2768 1085 2903 1139 estis
2932 1084 3136 1149 laetitia,
3172 1095 3397 1142 corona,
3437 1079 3549 1131 vita
3601 1086 3656 1131 et
3688 1077 3807 1131 ala-

2232 1180 2419 1242 critas,
2460 1194 2523 1232 ac
2549 1178 2594 1233 si
2621 1178 2749 1246 quid
2777 1176 2921 1229 aliud
2950 1174 3158 1244 insigne
3186 1181 3287 1226 est.
3326 1170 3561 1223 Tantum
3595 1168 3805 1222 cohor-

2235 1281 2319 1325 tor
2345 1270 2562 1340 egregio
2592 1278 2649 1324 et
2681 1267 2860 1322 studio
2884 1266 3111 1320 minime
3143 1262 3515 1332 supersedere,
3551 1274 3651 1313 nec
3685 1274 3809 1313 mo-

2235 1364 2361 1417 dum
2395 1371 2576 1415 tenere
2606 1359 2756 1422 boni,
2774 1367 2828 1413 et
2852 1372 3113 1412 ascensus
3137 1353 3407 1424 quasique
3434 1351 3524 1419 qui
3555 1349 3809 1404 carnales

2236 1454 2480 1508 ambiant
2509 1452 2766 1522 pecunias
2800 1450 3225 1505 inexsaturatum
3256 1446 3377 1515 plus
3426 1442 3657 1498 habendi
3706 1441 3808 1497 dc-

2238 1546 2501 1602 siderium
2546 1544 2897 1606 contrahunt,
2928 1542 3008 1597 sic
3040 1556 3136 1596 vos
3162 1541 3215 1594 in
3255 1537 3591 1607 spiritalibus
3617 1534 3685 1589 ad
3708 1549 3809 1588 ex-

2238 1650 2471 1693 tremum
2533 1637 2761 1690 halitum
2823 1636 2985 1688 linem
3032 1634 3240 1687 nullum
3292 1630 3470 1685 facere
3502 1630 3556 1682 in
3607 1626 3809 1680 melius

2241 1730 2594 1799 provehendi,
2621 1728 2888 1797 siquidem
2913 1726 3056 1779 haud
3085 1734 3217 1779 sunt
3267 1739 3425 1794 pares
3475 1721 3637 1790 hujus
3664 1728 3809 1774 tem-

559 1839 693 1892 tres,
729 1826 822 1880 irae
852 1836 1049 1879 causas
1079 1821 1299 1883 divinae,
1334 1832 1561 1887 pravum
1590 1813 1945 1875 desiderium,
1977 1826 2130 1864 mur-

2240 1823 2389 1891 poris
2421 1836 2680 1876 mrumna:
2711 1821 2777 1875 ad
2831 1834 2949 1873 eam
2996 1819 3221 1887 gloriam
3268 1831 3389 1886 quae
3418 1820 3471 1868 in
3514 1828 3613 1869 nos
3653 1814 3812 1867 exhi-

560 1935 705 1981 niur,
732 1916 1009 1971 Christum
1044 1921 1254 1966 tentare
1283 1909 1582 1979 fugiamus.
1629 1905 1863 1971 Quinam
1910 1904 1957 1957 is
2014 1911 2133 1955 ten-

559 2016 707 2062 tetur
732 2002 955 2060 autem?
987 2000 1286 2056 incredulis
1311 1998 1517 2066 illapsis
1547 1996 1799 2064 cogitatis
1823 2037 1837 2061 ,
1865 2002 1923 2047 ut
1952 1992 2133 2062 prolo—

560 2113 812 2171 quamur.
858 2096 1001 2166 Ergo
1053 2090 1365 2146 necessaria
1404 2086 1704 2159 praebebit?
1763 2100 1892 2154 ergo
1940 2083 2137 2138 hostile

560 2191 762 2247 bellum
830 2182 1107 2240 feremus?
1166 2196 1296 2250 ergo
1350 2180 1455 2234 hoc
1517 2178 1760 2246 illudque
1831 2172 2138 2244 patiemur?

562 2298 905 2353 nequaquam
930 2320 946 2346 ,
980 2278 1211 2341 fratres,
1256 2274 1699 2343 (incredulorum
1738 2285 1802 2324 ea
1849 2278 2012 2333 sunt,
2057 2274 2138 2320 at-

563 2390 669 2445 que
702 2374 1046 2430 dubitantum
1072 2368 1130 2438 :)
1165 2366 1301 2437 quin
1339 2365 1473 2435 quid
1520 2362 1730 2420 creduli
1779 2361 1961 2417 omnia
2008 2374 2134 2429 pas-

563 2478 744 2520 SUI‘OS.

637 2553 729 2610 Sic
745 2550 997 2607 Noachus
1017 2548 1272 2606 credulus
1294 2544 1479 2599 diluvii
1500 2543 1919 2598 internecionem
1946 2541 2136 2602 evasit,

563 2660 745 2701 arcam
774 2643 1071 2698 fabricatus
1102 2658 1116 2707 ;
1169 2641 1248 2694 sic
1276 2638 1622 2692 Abrahamus
1658 2635 1909 2690 credulus
1936 2648 2134 2703 parens

564 2737 861 2791 multarum
902 2731 1083 2786 factus
1108 2729 1386 2783 nationum
1419 2737 1541 2792 est;
1574 2728 1649 2779 sic
1684 2724 1861 2778 Moses
1888 2721 2139 2775 credulus

566 2841 715 2881 mare
737 2840 833 2879 ceu
862 2832 1060 2877 terram
1094 2819 1436 2891 peragravit;
1469 2818 1548 2872 sic
1580 2815 1733 2886 pueri
1765 2812 1974 2869 creduli
2025 2821 2137 2865 ter—

566 2914 767 2985 gemini
800 2913 855 2966 in
886 2911 1009 2981 igne
1040 2912 1196 2978 quasi
1244 2907 1530 2978 quemdam
1562 2906 1765 2959 duxere
1796 2919 1997 2966 rorem,
2040 2917 2140 2956 nec

565 2994 1011 3070 conﬂagrarunt;
1044 3000 1123 3053 sic
1155 2998 1341 3053 Daniel
1372 2996 1625 3051 credulus
1656 2995 1873 3048 leonum
1934 2994 2140 3048 illaesus

567 3093 819 3147 faucibus
844 3091 1032 3152 exivit.
1060 3100 1242 3158 atque,
1275 3098 1334 3143 ut
1366 3085 1602 3141 breviter
1627 3086 1828 3147 dicam,
1865 3086 1943 3139 sic
1967 3083 2139 3139 sancti

565 3199 758 3239 omnes
787 3182 1172 3245 sanctimonia,
1216 3180 1295 3235 sic
1324 3179 1477 3249 probi
1506 3178 1794 3248 probitate,
1831 3177 1909 3231 sic
1936 3186 2138 3246 marty-

568 3292 657 3331 res
679 3274 920 3330 defuncti
950 3273 1213 3342 martyrio
1251 3281 1397 3324 sunt.
1445 3269 1523 3324 Ita
1550 3270 1756 3323 creduli
1787 3284 1886 3322 nos
1916 3284 2136 3337 quoque

566 3374 765 3421 cuncta
803 3364 1094 3435 patiamur,
1123 3360 1452 3430 Christoque
1476 3362 1613 3414 duce
1640 3361 1924 3414 vincamus
1974 3374 2133 3413 coro-

571 3471 670 3511 nas
697 3455 943 3524 adepturi
973 3453 1283 3523 probitatis,
1315 3461 1478 3521 atque
1543 3451 1683 3505 hanc
1738 3451 1858 3520 ejus
1898 3450 2135 3505 audituri

572 3549 892 3619 palmariam
939 3562 1157 3602 vocem:
1210 3546 1409 3609 Venite,
1464 3544 1719 3599 benedicti
1784 3543 1964 3598 Patris
2013 3545 2135 3609 mei,

566 3640 827 3710 possidete
886 3646 1132 3707 paratum
1200 3637 1340 3692 vobis
1408 3654 1620 3708 regnum
1677 3655 1710 3690 a
1769 3636 2138 3690 constitutione

569 3732 753 3786 mundi
782 3731 850 3784 '°.
883 3730 983 3785 Cui
1030 3730 1199 3801 gloria
1252 3739 1307 3786 et
1357 3730 1647 3795 imperium
1677 3746 1802 3785 cum
1839 3730 2030 3793 Patre,
2074 3745 2140 3784 ac

568 3832 760 3878 sancto
814 3821 1041 3892 Spiritu,
1079 3838 1226 3877 nunc
1276 3830 1331 3876 et
1406 3837 1640 3892 semper,
1698 3823 1751 3876 in
1813 3836 2141 3889 omnemque

568 3914 1005 3985 perpetuitatem.
1033 3914 1222 3967 Amen.

1097 4023 1329 4080 SERMO
1378 4022 1615 4078 LXXXI.

573 4116 649 4175 De
676 4133 857 4173 amore
894 4134 1019 4188 erga
1042 4117 1369 4188 profectum;
1401 4133 1499 4169 neu
1538 4116 1792 4188 [utilitate
1829 4131 2140 4183 occupentur

879 4186 1022 4249 vitae,
1054 4188 1141 4242 sed
1178 4188 1232 4240 in
1262 4187 1447 4239 melius
1468 4186 1831 4255 prove/tamur.

641 4278 861 4333 Fratres
918 4278 1232 4348 Patresque,
1267 4276 1447 4330 studio
1476 4290 1575 4330 vos
1596 4276 1862 4344 alloquor,
1896 4291 2001 4329 non
2048 4292 2140 4330 ne-

569 4372 849 4435 cessitate,
882 4380 938 4424 et
976 4372 1021 4424 si
1060 4369 1361 4424 necessitas
1401 4369 1657 4439 imposita
1704 4368 1837 4421 mihi
1868 4376 1974 4429 est,
2024 4369 2141 4421 illo-

567 4463 805 4534 quendi:
839 4462 1039 4517 etenim
1080 4460 1197 4515 zelo
1232 4475 1535 4531 prosequor
1554 4460 1760 4524 divino,
1790 4461 2139 4529 quantumvis

570 4554 769 4608 noxius
797 4552 1062 4620 valdeque
1086 4551 1140 4603 in
1169 4558 1354 4604 vestro
1394 4550 1601 4621 gaudeo
1632 4547 1899 4619 profectu.
1930 4548 2024 4603 Sin
2047 4565 2140 4603 ac-

573 4644 706 4700 cidit
741 4643 1058 4712 I'requenter
1090 4653 1147 4694 ut
1172 4655 1271 4696 vos
1324 4641 1663 4703 contristetn,
1687 4640 2140 4709 quemadmodum

572 4737 768 4807 pridie,
818 4744 872 4789 at
918 4750 986 4788 ne
1040 4734 1091 4787 id
1142 4733 1363 4802 quidem
1416 4747 1525 4802 quo
1558 4730 1977 4792 contristemini,
2011 4731 2141 4798 quin

570 4827 836 4883 eximium
876 4823 1223 4895 cognoscatis
1253 4836 1435 4875 meum
1458 4822 1513 4874 in
1547 4836 1640 4875 vos
1670 4834 1911 4873 amorem
1950 4819 2143 4887 (siqui-

570 4921 691 4975 dem
722 4919 953 4986 castigat
998 4916 1141 4971 serio
1190 4928 1351 4983 quem
1382 4914 1616 4981 quisque
1672 4912 1905 4975 deamat,
1934 4919 1987 4964 et
2021 4911 2143 4979 quis

570 5021 656 5065 est
684 5010 826 5063 ﬁlius
862 5023 1007 5073 vero,
1041 5022 1199 5077 quem
1228 5020 1334 5058 non
1366 5006 1595 5073 castigat
1637 5011 1787 5071 pater
1809 5002 1851 5071 Ἰ)
1879 5017 1987 5071 quo
2014 5016 2141 5070 per-

575 5102 699 5158 fecti
734 5101 1037 5169 integrique
1066 5100 1209 5161 sitis,
1255 5096 1401 5149 nulla
1433 5095 1485 5148 in
1524 5112 1579 5149 re
1605 5093 1821 5158 defecti,
1856 5108 1977 5147 nam
2008 5093 2141 5146 alio-

570 5194 704 5264 quin
737 5201 790 5244 ει
818 5190 1137 5260 amplector,
1167 5197 1221 5243 et
1260 5187 1595 5249 obedientes,
1637 5200 1700 5239 ac
1733 5185 2032 5253 morigeros
2059 5193 2139 5237 te-

570 5296 710 5350 stur,
753 5282 1033 5352 patriaque
1090 5293 1353 5350 praecepta
1408 5279 1693 5341 obeuntes,
1740 5287 1943 5345 quanta
1996 5276 2140 5330 haud

572 5377 691 5432 scio
715 5391 783 5429 an
820 5374 913 5428 ulli
946 5383 1129 5427 nostra
1170 5370 1431 5425 memoria
1471 5370 1671 5423 subditi
1704 5369 2002 5438 diligentia.
2037 5366 2143 5422 Nec

572 5468 663 5537 pol
697 5467 909 5527 adulor,
940 5467 1067 5533 quin
1101 5479 1223 5517 vera
1262 5462 1497 5531 praedico
1524 5477 1538 5524 ;
1566 5476 1688 5514 nam
1711 5462 1834 5530 quis
1872 5473 1977 5514 tam
2011 5478 2144 5514 una~

577 5561 759 5612 nimus
797 5559 960 5625 patri,
995 5567 1089 5610 aut
1134 5558 1441 5623 obsequens
1475 5553 1715 5621 proiecto
1765 5563 1845 5605 est
1882 5553 1931 5604 in
1962 5552 2142 5607 Domi-

574 5648 716 5702 nicis
750 5648 1041 5711 mandatis,
1075 5662 1235 5715 quam
1268 5660 1364 5699 vos
1412 5644 1659 5697 illustres
1707 5644 1839 5696 estis
1873 5644 2141 5711 undique-

2239 1915 2414 1970 benda
2466 1924 2568 1970 est.
2605 1912 2720 1969 Non
2766 1914 2907 1968 vitas
2940 1911 3221 1967 intuemini
3277 1918 3606 1971 sanctorum,
3658 1906 3807 1974 quod

2238 2007 2519 2062 laboribus
2571 2021 2633 2061 ac
2664 2006 2958 2060 sudoribus
2986 2007 3097 2059 sint
3141 2002 3382 2058 exactae?
3413 2016 3521 2055 non
3550 1998 3810 2068 martyria

2238 2108 2575 2161 sanctorum,
2608 2106 2739 2167 quot
2767 2098 3056 2152 cruoribus
3090 2096 3199 2150 sint
3260 2091 3647 2163 suppliciisque
3674 2104 3811 2144 cono

2240 2190 2414 2245 lecta?
2441 2189 2844 2255 Quamobrem?
2867 2203 2974 2256 quo
3008 2186 3284 2241 Christum
3309 2186 3667 2242 lucrarentur,
3696 2194 3810 2250 quo

2237 2282 2376 2336 bona
2416 2290 2671 2351 pararent
2704 2296 2826 2349 qua:
2873 2290 3107 2334 mentem
3135 2289 3189 2332 et
3223 2276 3496 2346 ingenium
3525 2280 3806 2342 superant,

2238 2383 2598 2443 posteaquam
2641 2373 2957 2443 temporalia
2991 2379 3120 2427 sunt
3178 2384 3298 2439 qua:
3356 2365 3629 2430 videntur,
3685 2379 3809 2433 qua:

2240 2483 2344 2520 non
2378 2465 2633 2519 videntur
2661 2465 3016 2533 sempiterna.
3054 2461 3169 2515 Non
3221 2461 3301 2516 sol
3330 2458 3564 2515 eximius
3591 2468 3673 2512 est
3699 2456 3724 2510 ?
3752 2466 3809 2511 at

2242 2559 2285 2610 is
2316 2571 2535 2625 quoque
2584 2555 2808 2625 jamjam
2843 2557 2893 2608 in
2927 2555 3183 2609 tenebras
3219 2553 3408 2608 abibit.
3440 2549 3559 2604 Non
3609 2548 3808 2603 eximia

2240 2647 2413 2700 luna?
2445 2656 2501 2700 at
2532 2661 2595 2700 ea
2626 2661 2845 2717 qu0que
2877 2647 3015 2701 haud
3043 2647 3223 2701 lumen
3253 2645 3394 2699 edet.
3429 2640 3545 2696 Non
3594 2639 3811 2695 eximia:

2239 2739 2455 2795 stellae?
2491 2747 2545 2792 at
2600 2753 2678 2793 ea:
2730 2755 2949 2808 quoque
2984 2738 3335 2792 collabentur.
3371 2733 3488 2788 Non
3546 2732 3808 2788 eximium

2240 2831 2483 2885 coelum?
2521 2842 2576 2885 at
2601 2831 2651 2885 id
2684 2847 2902 2901 quoque
2931 2846 3031 2885 ceu
3069 2832 3445 2883 vestimentum
3486 2833 3810 2887 veterascet,

2239 2932 2543 2992 cunctaque
2573 2925 2951 2986 mutabuntur,
2984 2922 3138 2974 novis
3188 2920 3326 2975 caelo
3356 2928 3519 2985 atque
3545 2926 3688 2971 terra
3717 2930 3814 2985 pa-

2242 3014 2446 3076 randis,
2488 3015 2563 3067 uti
2624 3016 2887 3082 scripturn
2938 3021 3041 3078 est,
3082 3027 3145 3066 ac
3185 3013 3294 3067 vita
3346 3011 3592 3066 subitura
3631 3006 3810 3071 feliCe,

2241 3111 2294 3153 et
2333 3101 2610 3163 ineffabili,
2643 3117 2764 3170 quae
2796 3102 2943 3156 socia
2972 3100 3190 3157 Christo
3243 3099 3641 3169 conjunctaque
3692 3112 3809 3151 ma-

2167 3226 2207 3281 ο
2242 3203 2453 3245 neatur.
2502 3193 2681 3261 Atque
2715 3191 2829 3247 haec
2856 3200 2984 3247 sunt
3014 3191 3304 3261 promissa,
3340 3205 3406 3243 ex
3437 3189 3613 3258 iisque
3662 3189 3815 3259 cogi-

2244 3285 2367 3338 tatis
2388 3285 2699 3354 prassidium
2732 3284 3124 3358 contrahamus
3155 3298 3276 3353 quae
3302 3280 3556 3337 sensibus
3588 3278 3812 3351 capian-

2244 3386 2331 3430 tur
2361 3379 2428 3431 iis
2475 3392 2595 3447 quae
2641 3392 2859 3432 sensum
2901 3377 3109 3445 fugiant
3131 3376 3434 3437 vincentes,
3462 3373 3815 3441 studiumque.

2242 3468 2424 3524 carnis
2480 3468 2665 3521 divino
2710 3476 3043 3531 coercentes,
3072 3481 3135 3521 ac
3162 3465 3623 3536 quemadmodum
3671 3464 3815 3533 Apo-

2244 3559 2416 3612 stolus
2464 3557 2654 3613 docet:
2708 3556 2838 3622 Qua:
2894 3573 3104 3611 sursum
3152 3565 3306 3623 sunt,
3360 3563 3669 3625 quaerentes,
3727 3554 3816 3606 ubi

2244 3650 2485 3705 Christus
2517 3660 2591 3704 est
2615 3651 2667 3703 in
2696 3652 2913 3703 dextera
2947 3648 3043 3703 Dei
3075 3650 3279 3711 sedens,
3302 3664 3420 3716 qua:
3452 3662 3663 3700 sursum
3695 3653 3818 3699 sunt

2245 3743 2524 3812 sapientes,
2568 3758 2669 3794 non
2703 3758 2820 3811 quae
2867 3758 3021 3809 super
3057 3750 3251 3793 terram
3284 3740 3351 3803 δι,
3395 3753 3490 3791 ceu
3531 3738 3816 3791 hominum

2246 3834 2509 3904 plerique,
2540 3834 2631 3902 qui
2659 3843 2921 3900 tauquam
2953 3846 3077 3894 sues
3107 3830 3490 3899 cogitationum
3519 3828 3632 3882 luto
3664 3828 3817 3883 volu-

2249 3935 2453 3988 tentur,
2480 3926 2736 3977 vitiorum
2773 3923 2953 3977 obruti
2980 3922 3213 3988 lacunis,
3245 3935 3477 3990 quorum
3509 3919 3694 3974 exitus
3723 3935 3820 3989 pe-

2245 4017 2366 4082 stis,
2397 4022 2559 4085 atque
2586 4016 2640 4069 in
2675 4015 2969 4085 ignominia
3001 4014 3173 4084 gloria
3200 4025 3301 4069 est.
3329 4012 3597 4069 Caeterum
3630 4022 3815 4068 nostra

2246 4108 2301 4161 in
2338 4107 2492 4162 caelis
2530 4109 2638 4160 vita
2679 4117 2782 4172 est,
2819 4110 2963 4162 unde
3012 4117 3068 4163 et
3115 4108 3491 4178 sospitatorem
3528 4120 3817 4161 manemus

2246 4193 2534 4249 Dominum
2563 4192 2746 4249 Jesnm
2774 4192 3076 4261 Christum,
3098 4211 3257 4265 quem
3307 4203 3362 4249 et
3410 4202 3659 4263 spectare
3698 4207 3817 4249 meo

2246 4296 2466 4334 reamur
2490 4281 2721 4351 benigne
2743 4283 2795 4335 in
2826 4298 3048 4352 regnum
3069 4298 3167 4338 nos
3185 4283 3559 4349 asciscentem,
3575 4292 3816 4337 mactum

2247 4372 2416 4441 gloria
2476 4382 2531 4425 et
2586 4373 2814 4439 imperio
2862 4388 2986 4428 cum
3034 4371 3210 4437 Patre,
3242 4388 3307 4428 ac
3346 4382 3536 4428 sancto
3587 4372 3813 4442 Spiritu.

2248 4478 2394 4517 nunc
2468 4477 2522 4516 ct
2604 4478 2835 4532 semper,
2892 4464 2945 4517 in
2998 4478 3323 4533 omnemque
3377 4465 3816 4533 perpetuitatem.

2244 4555 2437 4609 Amen.

2756 4642 2988 4699 SERMO
3031 4643 3286 4699 LXXXII.

2245 4736 2471 4806 Operam
2504 4738 2733 4818 dandam
2768 4748 2823 4790 ut
2856 4738 2918 4790 ab
2951 4740 3093 4818 omn_i
3117 4739 3511 4818 inquinamento
3531 4755 3817 4811 purgamur

2342 4822 2434 4873 per
2460 4808 2839 4875 penitentiam,
2863 4824 3020 4877 quam
3044 4808 3137 4860 Dei
3170 4824 3379 4861 munere
3400 4808 3712 4866 habeamus.

2312 4919 2530 4973 Fratres
2569 4920 2884 4988 Patresque,
2907 4922 3104 4975 vulnus
3145 4937 3240 4976 vos
3271 4925 3373 4975 mei
3424 4924 3578 4992 pedis
3607 4928 3817 4980 contri-

2246 5011 2430 5075 stavit,
2482 5025 2581 5065 nec
2638 5012 2871 5081 injuria;
2926 5028 3051 5066 nam
3089 5016 3231 5079 laeto,
3262 5025 3567 5084 maestoque
3614 5019 3818 5083 pariter

2249 5102 2587 5166 consentitis,
2613 5118 2709 5155 ceu
2740 5103 2922 5158 fratris
2949 5106 3198 5171 studiosi,
3218 5121 3315 5160 ceu
3347 5108 3515 5175 patris
3547 5121 3813 5164 amantes.

2249 5193 2359 5262 Ego
2400 5193 2527 5248 hinc
2559 5209 2686 5247 vero
2718 5197 3047 5250 catechesim
3072 5199 3286 5251 molior.
3324 5200 3442 5264 Quo
3465 5201 3662 5268 pacto?
3689 5217 3819 5256 sane

2246 5286 2316 5339 ob
2347 5302 2462 5339 mea
2503 5288 2722 5342 saucius
2749 5301 2991 5357 peccata,
3024 5272 3169 5345 ilicet
3196 5306 3374 5359 opem,
3401 5307 3464 5345 ac
3486 5294 3815 5349 medicinam

2250 5376 2537 5444 postulavi,
2572 5393 2679 5446 quo
2729 5377 2930 5433 factum
2964 5392 3046 5433 est
3083 5391 3138 5433 ut
3187 5391 3356 5435 totum
3418 5383 3519 5437 hoc
3579 5386 3814 5440 triduum

2250 5467 2455 5520 versari
2503 5470 2801 5533 nequierint
2836 5470 3139 5534 vobiscum,
3174 5482 3283 5525 tum
3316 5484 3495 5526 autem
3539 5472 3635 5528 Dei
3666 5477 3819 5529 mise-

2252 5557 2479 5612 ricordia
2511 5572 2752 5626 curatus,
2792 5561 2970 5615 denuo
3008 5564 3270 5615 intersum
3325 5564 3497 5630 rohis,
3522 5572 3578 5619 et
3610 5566 3815 5623 inerm.

2254 5647 2393 5701 Idem
2455 5650 2507 5702 in
2560 5651 2723 5704 animi
2755 5652 2958 5707 morbis
2993 5668 3095 5705 usu
3140 5654 3280 5706 venit
3312 5671 3324 5707 :
3362 5656 3567 5725 accepit
3599 5658 3724 5727 quis
3753 5672 3816 5711 ex

658 5784 702 5813 ⁸⁹
741 5783 762 5840 ι
795 5784 919 5840 Cor.
961 5800 1025 5847 κ,
1065 5784 1149 5837 IU.
1190 5783 1234 5815 ⁸ο
1269 5781 1455 5836 Matth.
1500 5795 1625 5845 xxv,
1655 5780 1742 5871 3‘4.
1825 5781 1866 5811 δι
1901 5779 2109 5835 Coloss.
2145 5795 2227 5844 III,
2266 5783 2313 5832 l.
