4000 6306
99 351 178 417 617
1235 356 1321 414 SE
1331 356 1636 416 RMONES
1683 357 2199 420 CATECHETICI.

97 477 300 537 aspectu
352 467 631 521 audituve
669 468 724 520 in
757 477 933 521 mente
953 468 1148 521 vulnus
1177 467 1199 520 3
1247 467 1504 522 Fanatica
1537 482 1662 520 coro
1693 475 1738 527 Α

99 568 263 627 reptus
289 558 473 611 animi
502 557 926 622 deformatione,
963 558 1224 613 scelerata
1256 557 1529 627 cupidine,
1560 557 1664 624 ira,

97 648 281 708 furore,
313 646 481 708 odio.
511 646 742 710 invidia,
785 648 920 710 rixa,
973 649 1332 711 contumacia,
1372 647 1546 702 aliove
1592 648 1669 700 le-

97 738 211 793 thali
241 738 354 792 ullo
384 737 642 792 facinore
667 738 888 808 flagrat?
918 753 947 791 e
977 739 1203 807 vestigio
1232 754 1371 808 opus
1400 739 1666 792 medicina

97 837 167 881 est
194 830 273 897 (ea
306 839 394 882 est
453 840 643 884 autem
705 832 1040 898 ptenitentia,
1078 830 1128 883 id
1159 839 1260 894 est,
1297 831 1666 900 compunctio,

97 915 258 980 ﬂetus,
305 917 585 982 lamenta,
617 917 872 970 contritio
928 919 1126 982 cordis,
1162 929 1355 972 czetera
1400 919 1669 988 poeniten-

100 1008 175 1060 tia:
209 1008 539 1076 pharmaca)
569 1025 584 1073 ;
628 1007 860 1078 indeque
890 1012 1192 1077 persanari,
1239 1017 1294 1064 et
1331 1011 1381 1064 in
1432 1011 1666 1081 priorem

100 1097 259 1151 redire
286 1106 529 1161 statum,
564 1097 714 1166 quod
742 1098 795 1152 ui
831 1097 942 1162 flat,
979 1109 1260 1168 peccaturo
1288 1108 1533 1169 peccato,
1551 1100 1694 1155 vul-'

103 1202 189 1241 nus
209 1188 420 1242 vulneri
436 1188 833 1257 deprendimur
857 1189 1138 1254 addentes,
1157 1190 1440 1245 incurabili
1458 1192 1668 1256 morbo,

102 1277 338 1334 lethifera
383 1281 636 1350 quadam
671 1282 875 1349 peccati
897 1282 1217 1351 aegritudine
1242 1282 1549 1350 conﬂanda,
1575 1283 1672 1338 sed

105 1386 438 1441 nequaquam
484 1373 588 1436 sic,
623 1371 840 1435 fratres,
875 1374 1006 1442 quin
1060 1375 1354 1429 cavendum
1389 1376 1440 1430 in
1482 1377 1673 1447 primis

104 1472 153 1517 ut
193 1479 259 1517 ne
285 1477 614 1534 peccemus,
649 1479 773 1517 nam
800 1466 928 1534 quid
957 1466 1140 1520 animo
1163 1465 1460 1536 jucundius
1513 1481 1670 1538 puro,

103 1564 148 1609 et
200 1555 541 1610 inconcussa
605 1555 754 1611 vitiis
787 1557 1010 1612 mente?
1061 1558 1146 1613 sin
1195 1560 1404 1614 accidat
1446 1571 1675 1628 peccare

105 1662 326 1716 quoque,
355 1656 421 1700 ut
471 1655 560 1701 est
584 1646 761 1702 labilis
795 1657 985 1702 natura
1017 1659 1222 1716 nostra,
1256 1651 1524 1721 extemplo
1553 1666 1674 1706 cor-

107 1737 404 1804 rigendum,
437 1753 547 1792 nec
590 1739 672 1790 vel
705 1738 770 1793 ad
811 1739 1001 1793 horam
1045 1740 1349 1796 incuratum
1389 1742 1671 1796 sinendum

106 1829 386 1898 quidquam
412 1839 525 1892 est,
552 1831 752 1898 quippe
784 1829 957 1885 instar
989 1832 1123 1885 furis
1145 1847 1292 1886 mors
1315 1842 1414 1896 est,
1439 1849 1536 1886 nec
1565 1849 1670 1902 qua
1703 1808 1746 1865 Β

110 1920 228 1974 hora
259 1919 346 1974 fur
383 1922 574 1974 veniet
602 1931 870 1984 tenemus,
895 1923 1157 1976 concubia
1187 1932 1360 1986 nocte,
1403 1939 1471 1977 an
1515 1925 1672 1992 galli-

109 2012 256 2066 cinio.
295 2011 419 2067 Jam
459 2014 790 2081 imparatum
827 2029 858 2068 e
890 2029 1120 2083 corpore
1159 2015 1409 2070 recedere
1459 2015 1677 2084 plenum

111 2114 182 2156 est
213 2105 466 2172 periculi,
504 2104 741 2174 sistique
773 2104 976 2160 Christi
1020 2105 1269 2160 tribunali
1298 2106 1673 2175 perhorribile.

120 2191 261 2248 Vivus
284 2205 364 2249 est
394 2197 568 2258 enim,
599 2197 676 2251 ait
715 2197 822 2261 ille,
855 2213 1021 2251 sermo
1055 2196 1168 2262 Dei,
1200 2206 1249 2251 et
1278 2199 1477 2266 efﬁcax,
1503 2207 1553 2252 et
1589 2214 1679 2268 pe-

113 2287 410 2341 netrabilior
440 2289 590 2341 omni
639 2287 818 2358 gladio
850 2289 1088 2357 ancipiti,
1116 2299 1164 2342 et
1197 2291 1492 2359 pertingens
1518 2307 1678 2359 usque

112 2377 172 2428 ad
188 2379 503 2432 divisionem
517 2380 710 2432 anima:
725 2395 786 2432 ac
798 2381 1012 2448 spiritus
1026 2379 1138 2451 (19)
1156 2396 1460 2450 compagum
1480 2398 1679 2452 quoque

113 2482 166 2519 ac
195 2469 558 2522 medullarum
588 2479 639 2523 et
671 2471 928 2524 discretor
975 2472 1373 2540 cogitationum,
1412 2481 1460 2528 et
1507 2475 1679 2526 inteno

115 2559 299 2611 tionum
340 2560 548 2622 cordis,
579 2569 628 2614 et
660 2576 762 2613 non
791 2573 864 2614 est
899 2561 1012 2614 ulla
1048 2545 1291 2616 creatura
1325 2563 1600 2616 invisibilis
1626 2564 1679 2614 in

115 2662 375 2720 conspectu
423 2653 567 2722 ejus,
601 2656 782 2705 omnia
821 2663 996 2707 autem
1044 2656 1207 2719 nuda,
1237 2672 1287 2709 et
1330 2668 1513 2725 aperta
1559 2671 1680 2709 sunt

118 2745 268 2797 oculis
317 2744 458 2813 ejus,
509 2749 580 2796 ad
619 2759 771 2812 quem
819 2745 966 2798 nobis
1023 2762 1194 2799 sermo
1223 2749 1290 2800 δ’.
1334 2745 1412 2800 Ac
1441 2747 1488 2802 si
1539 2763 1680 2816 aegre

119 2836 400 2902 sospitatur
437 2836 670 2906 probus,
708 2835 790 2890 his
822 2838 899 2892 sic
935 2837 1280 2904 habentibus,
1313 2839 1556 2909 inquam,
1579 2840 1682 2892 im-

121 2925 230 2993 pius
271 2936 436 2998 atque
477 2929 784 2982 sceleratus
827 2928 916 2982 ubi
959 2931 1391 3000 comparebunt?
1420 2933 1465 2986 si
1495 2929 1680 2986 Daniel

121 3025 258 3073 vates
281 3018 497 3089 judicio
527 3034 626 3089 per
660 3020 836 3074 visum
873 3031 1161 3089 conspecto
1188 3022 1452 3076 attonitus
1488 3023 1680 3078 inhor-

124 3111 241 3176 ruit,
274 3113 403 3182 quid
435 3128 540 3168 nos
569 3113 788 3183 passuri
832 3128 1044 3178 sumus,
1079 3129 1203 3169 cum
1237 3115 1302 3168 ad
1338 3130 1423 3170 res
1453 3114 1555 3170 erit
1582 3115 1678 3170 de-

124 3204 368 3257 ventum?
401 3202 657 3270 Flavius,
704 3204 897 3274 inquit,
931 3207 1111 3274 igneus
1143 3205 1450 3260 trahebatur
1501 3223 1680 3259 coram

125 3310 196 3359 eo,
233 3295 407 3351 millia
456 3298 693 3350 millium
734 3297 1047 3351 assistebant
1074 3300 1161 3364 ei;
1193 3308 1242 3352 et
1291 3299 1458 3353 decies
1490 3297 1681 3352 millies

126 3395 324 3438 centena
349 3387 530 3440 millia
557 3387 936 3439 ministrabant
962 3387 1032 3454 ei,
1052 3388 1318 3456 judicium
1346 3390 1503 3455 sedit,
1533 3400 1581 3442 et
1614 3390 1683 3442 li-

129 3475 198 3530 bri
225 3481 392 3547 aperti
431 3487 558 3533 sunt
581 3477 652 3542 ",
683 3493 804 3546 qua:
833 3477 921 3531 ubi
973 3479 1305 3548 contingent,
1336 3480 1522 3548 ecquis
1557 3480 1687 3535 sub-

130 3565 291 3632 sistet,
319 3570 518 3637 ecquis
571 3567 838 3636 pra'lidet,
869 3566 973 3621 nisi
1006 3568 1097 3636 qui
1126 3577 1269 3622 recta
1304 3569 1539 3624 imbutus
1581 3570 1685 3624 fide

131 3669 206 3713 est
232 3671 393 3732 atque
423 3660 646 3714 actione
670 3660 948 3727 praeclara,
979 3660 1070 3728 qui
1103 3659 1683 3730 fortitudine,justitia,

132 3753 478 3830 temperantia
515 3759 734 3805 mactus
761 3751 1054 3806 obsecutus
1106 3766 1168 3806 ac
1207 3751 1537 3821 subjectione
1563 3769 1687 3822 per.

134 3837 374 3896 functus?
411 3840 589 3912 Igitur
628 3840 926 3895 cavendum
957 3851 1038 3897 est
1068 3843 1213 3897 omni
1247 3845 1446 3913 studio,
1468 3845 1683 3910 fratres,

135 3928 364 4001 horaque
411 3931 711 3988 metuenda
754 3933 968 3998 mortis,
993 3943 1156 4003 atque
1195 3935 1322 3988 hinc
1352 3936 1404 3989 in
1435 3951 1560 3992 oras
1592 3953 1690 4006 pa-

134 4021 325 4078 randus
351 4024 556 4086 exitus,
609 4036 711 4076 nec
747 4023 1191 4077 committendum
1223 4034 1282 4078 ut
1311 4024 1558 4081 incautos
1590 4028 1690 4081 fal-

135 4111 200 4165 lat
244 4115 515 4169 homicida
565 4115 756 4179 hostis,
789 4116 882 4186 qui
925 4131 1140 4186 semper
1168 4119 1412 4173 socordia
1452 4135 1688 4188 prieseus

134 4205 372 4271 dimittat,
392 4217 448 4261 et
468 4207 524 4261 in
551 4206 796 4260 futurum
820 4210 1224 4264 exsecutionem
1250 4211 1512 4281 subjectet
1543 4229 1692 4266 mau-

137 4293 408 4354 datorum:
449 4315 579 4353 nam
643 4299 688 4352 is
726 4308 809 4352 est
846 4313 1082 4368 serpens,
1118 4301 1354 4367 delusor,
1386 4318 1447 4357 ac
1474 4307 1563 4373 qui
1607 4305 1688 4358 fa-

138 4387 364 4443 cinorum
400 4392 595 4446 modos
633 4390 840 4459 ingerat
876 4391 1140 4447 diversos.
1183 4394 1350 4460 Quem
1390 4413 1456 4450 ne
1487 4399 1690 4467 ignore-

142 4494 267 4565 tuus,
290 4483 416 4550 quin
444 4482 670 4537 assidue
691 4483 869 4536 divina
902 4498 1004 4552 ope
1028 4485 1298 4552 repulsum
1323 4488 1684 4558 protligemus.
1722 4504 1768 4565 υ

142 4563 386 4637 Equidem
421 4589 524 4626 vos
559 4572 705 4625 hanc
745 4573 796 4624 in
829 4571 1017 4626 horam
1060 4573 1314 4644 frequens
1357 4577 1458 4631 huc
1496 4593 1699 4633 convo-

144 4661 281 4725 cavi;
313 4677 422 4733 quo
458 4664 561 4717 tria
601 4663 705 4716 hoc
737 4678 801 4716 ex
835 4677 930 4718 ore
957 4665 1117 4719 verba
1147 4669 1424 4732 audiretis,
1459 4669 1700 4739 interque

149 4764 232 4804 vos
254 4754 501 4808 solatium
532 4754 783 4814 vicissim
803 4764 986 4808 mutua
1016 4758 1379 4812 admonitione
1412 4764 1695 4828 caperetis:

147 4840 396 4911 siquidem
435 4854 711 4914 praestans
743 4845 1042 4902 admonitio
1073 4856 1175 4914 est,
1212 4849 1448 4904 animum
1510 4867 1701 4920 usque.

145 4946 344 5003 quaque
376 4936 646 4990 novitium
692 4951 1026 5006 comparans.
1063 4937 1218 5004 Quod
1250 4939 1466 4996 Patrum
1498 4943 1549 4996 in
1588 4957 1673 4996 mo

148 5037 248 5078 rem
277 5025 616 5091 iactitantes,
636 5027 766 5081 novi
801 5030 1100 5098 explorate,
1124 5045 1187 5085 ac
1212 5032 1441 5097 confido,
1464 5035 1694 5089 salutem

147 5118 481 5185 qua‘situros,
541 5126 599 5171 et
639 5117 805 5172 Deum
857 5121 1145 5189 propitium
1199 5132 1500 5190 paraturos,
1535 5140 1699 5194 regno

149 5202 481 5273 adipiscendo
513 5208 750 5267 calcati,
780 5223 872 5276 per
898 5208 1172 5264 Christum
1197 5209 1379 5265 Jesum
1413 5211 1698 5267 Dominum

150 5304 399 5350 nostrum.
436 5297 537 5351 Cui
601 5294 770 5364 gloria
819 5308 874 5351 et
934 5299 1216 5367 imperium
1252 5315 1372 5354 cum
1418 5300 1596 5366 Patre,
1635 5318 1698 5356 ac

153 5393 324 5438 sancto
383 5384 619 5455 Spiritu,
678 5398 820 5440 nunc
863 5395 917 5440 et
977 5402 1213 5457 semper,
1269 5390 1324 5443 in
1374 5407 1699 5460 onmemque

153 5475 566 5541 perpetuitatem.
601 5474 795 5528 Amen.

219 5611 260 5642 "
291 5611 447 5669 Hebr.
483 5632 524 5682 ι,
563 5615 653 5669 I3.
732 5613 779 5646 "
812 5615 945 5670 Dan.
975 5631 1070 5679 vn,
1104 5615 1191 5669 i0.

3224 355 3331 420 618

2272 465 2502 522 SERMO
2537 465 2812 523 LXXXIII.

1767 560 2261 630 Gratulatoria,qui
2288 562 2477 630 fratres
2511 560 2847 616 adventantes
2873 560 3016 614 haud
3041 561 3331 623 paenitenda

2303 652 2458 704 domo
2494 652 2785 718 capiamus.

1839 743 2060 797 Fratres
2112 742 2431 814 Patresque,
2462 743 2682 814 agendae
2711 754 2839 799 sunt
2869 746 3024 801 nobis
3062 745 3173 803 Deo
3218 764 3337 819 grs-

1771 837 1856 891 tia:
1890 851 1987 906 pro
2012 837 2168 891 bonis
2201 852 2318 905 qua:
2343 838 2588 904 largitur,
2607 836 2842 892 maxime
2859 837 2959 892 hoc
2992 839 3045 892 in
3075 839 3330 910 hospitio,

1768 930 1935 998 quod,
1961 940 2014 984 et
2051 930 2095 985 si
2119 929 2384 1001 profugis,
2423 945 2520 985 ceu
2547 931 2598 984 in
2624 932 2954 986 monasterio
2991 932 3330 1003 degentibus,

1771 1021 1906 1077 satis
1937 1035 2210 1093 superque
2236 1031 2339 1089 est,
2373 1021 2515 1076 unde
2557 1020 2916 1077 adventantes
2947 1021 3109 1079 domo
3146 1025 3333 1095 capia-

1770 1129 1914 1167 mus.
1986 1183 1989 1185 ἓ

1842 1204 2051 1261 Videtis
2084 1214 2216 1275 quot
2248 1205 2405 1276 juges
2442 1206 2567 1263 hinc
2599 1208 2722 1264 inde
2754 1216 3064 1263 commeant
3097 1205 3294 1260 fratres
3316 1244 3332 1267 ,

1772 1297 1897 1368 (nec
1939 1298 2253 1364 immerito;
2295 1313 2421 1353 nam
2474 1314 2594 1369 quo
2629 1300 2740 1355 alio
2781 1309 3089 1371 respectent
3131 1297 3237 1352 nisi
3280 1298 3333 1350 in

1772 1387 1939 1442 Deum
1970 1403 2196 1458 prorsus
2217 1431 2230 1450 ,
2260 1403 2324 1443 ac
2357 1390 2670 1446 tenuitatem
2696 1390 3015 1459 nostram?)
3063 1389 3256 1444 videtis
3283 1399 3338 1442 et

1773 1479 1909 1534 alios
1951 1478 2148 1535 fratres
2185 1479 2512 1550 Patresque,
2587 1481 2814 1551 inopes,
2856 1497 2920 1536 ac
2980 1480 3288 1549 deploratos
3316 1520 3333 1543 .

1774 1569 2102 1625 divertentes
2123 1608 2138 1635 ,
2189 1585 2435 1642 peneque
2469 1573 2585 1626 dies
2609 1573 2726 1628 sine
2753 1573 3072 1627 invitatione
3097 1582 3179 1625 est
3203 1571 3340 1624 nul-

1776 1661 1893 1728 lus,
1926 1676 2103 1732 neque
2133 1663 2187 1716 in
2225 1663 2307 1716 his
2338 1664 2597 1718 omnibus
2624 1673 2800 1719 tamen
2837 1664 3145 1718 necessaria
3187 1662 3340 1716 defe-

1777 1767 1918 1815 cere,
1950 1750 2080 1821 quin
2109 1751 2377 1820 superflua
2408 1767 2629 1821 quoque
2661 1751 2886 1822 praebita
2915 1750 3200 1821 frugalitas
3233 1761 3336 1805 est.

1778 1842 2071 1898 Enimvero
2100 1843 2229 1912 quid
2274 1843 2420 1897 aliud
2468 1844 2714 1898 dicamus
2759 1859 2920 1912 quam
2957 1843 3100 1898 haud
3137 1842 3341 1897 frustra

1776 1949 1901 1989 esse
1937 1936 2028 2004 qui
2061 1935 2391 2003 promiserit,
2429 1934 2661 2000 Quatrite
2693 1938 2920 2002 primum
2960 1952 3170 2006 regnum
3205 1935 3340 1998 Dei,

1781 2031 1831 2076 et
1861 2022 2131 2089 justitiam
2166 2023 2299 2090 ejus,
2334 2033 2383 2076 et
2406 2025 2512 2077 haec
2540 2025 2718 2076 omnia
2741 2024 2879 2077 vobis
2916 2024 3232 2092 adjiciantur
3257 2023 3302 2055 “
3324 2063 3341 2087 ,

1778 2112 1934 2165 nobis
1959 2111 2177 2181 quidem
2210 2121 2336 2164 sunt
2367 2111 2600 2180 adjecta,
2634 2110 2918 2176 frumenti,
2945 2113 3076 2173 vini,
3105 2111 3208 2164 olei
3237 2111 3345 2164 fer-

1777 2201 1981 2264 tilitas,
2010 2211 2209 2269 etquae
2249 2200 2353 2254 alia
2401 2198 2507 2254 fert
2547 2200 2874 2266 necessitas,
2911 2210 3214 2269 cunctaque
3251 2214 3346 2269 spe

1778 2292 1986 2361 majora
2017 2301 2179 2356 sunt,
2206 2306 2308 2345 nec
2332 2290 2635 2346 sufficimus
2655 2330 2670 2356 ,
2703 2300 2795 2344 aut
2824 2291 3049 2360 agendis
3071 2290 3260 2360 gratiis
3287 2299 3346 2346 ut

1778 2380 2081 2450 benignitas
2124 2388 2362 2433 meretur
2392 2394 2576 2434 vocem
2619 2380 2885 2435 habemus
2933 2395 3209 2449 rumpere.
3244 2379 3345 2435 Sin

1779 2471 2035 2526 nimirum
2067 2469 2482 2525 invitationibus
2507 2471 2754 2538 cogimur
2781 2471 2834 2524 in
2859 2481 3072 2525 arctum
3103 2485 3166 2524 ac
3192 2485 3346 2524 com-

1780 2561 2104 2632 primimur,
2146 2570 2202 2616 at
2236 2561 2441 2616 videsis
2485 2576 2734 2630 merces,
2785 2561 3010 2632 lausque
3058 2562 3123 2616 ad
3175 2562 3346 2617 Deum

1779 2664 2012 2725 quanta,
2063 2653 2165 2724 ipsi
2200 2654 2535 2710 monasteria
2570 2664 2814 2709 tenentes
2841 2655 3180 2709 admirantur
3206 2693 3220 2718 ,
3266 2655 3346 2709 si-

1780 2747 1996 2816 quidem
2029 2763 2150 2816 quae
2180 2747 2248 2802 iis
2281 2746 2422 2802 haud
2455 2745 2630 2802 facere
2680 2747 2993 2814 contingat,
3034 2745 3194 2801 nobis
3227 2761 3351 2816 per-

1783 2854 1944 2910 agere
1967 2839 2153 2893 tribuit
2180 2837 2343 2894 Deus.
2370 2837 2768 2904 Quamobrem?
2794 2838 2978 2891 divina
3007 2838 3349 2907 agnoscenda

1785 2932 2018 3001 potentia
2037 2968 2051 2994 ,
2081 2944 2200 2999 quas
2223 2943 2320 2999 spe
2350 2930 2559 2998 fideque
2585 2929 2914 2998 praestanda,
2947 2943 3056 2985 non
3087 2928 3347 2984 humanis

1783 3021 1979 3078 ofticiis
2028 3021 2272 3076 obeatur.
2315 3018 2445 3075 Mihi
2489 3029 2639 3076 certe
2690 3034 2777 3074 res
2824 3028 3094 3076 nostrates
3138 3020 3348 3074 similes

1788 3113 2151 3168 Israelitarum
2203 3114 2255 3166 in
2305 3113 2522 3168 deserto
2567 3112 2846 3166 erroribus
2883 3111 3169 3176 videntur,
3214 3126 3351 3179 qua-

1790 3205 2095 3259 driennium
2138 3203 2297 3258 hodie
2332 3218 2430 3257 nec
2467 3203 2773 3257 serentibus
2797 3244 2812 3267 ,
2844 3216 2944 3255 nec
2973 3201 3311 3256 metentibus
3332 3240 3348 3262 ,

1791 3294 2098 3364 suppeditat
2123 3293 2492 3348 indellcienter
2521 3295 2773 3348 alimenta
2803 3293 3020 3362 corpori
3045 3292 3208 3360 Deus,
3239 3308 3348 3348 non

1793 3399 1988 3438 manna
2049 3384 2262 3439 ccelitus
2309 3385 2516 3453 pluens,
2565 3384 2657 3438 sed
2707 3383 2901 3437 horrea
2951 3397 3198 3439 reserans
3255 3385 3356 3438 ha-

1792 3478 2076 3542 bentium,
2135 3491 2238 3529 non
2296 3492 2326 3531 ε
2382 3485 2538 3530 caute
2602 3491 2796 3545 aquam
2845 3477 3026 3542 ciens,
3083 3475 3176 3528 sed
3235 3476 3355 3542 pio-

1791 3585 1907 3623 rum
1955 3571 2109 3624 nohis
2142 3569 2378 3623 vinarias
2423 3570 2585 3621 cellas
2633 3567 3005 3635 profundens,
3049 3575 3356 3634 caeteraque

1792 3651 2017 3731 largitus
2046 3677 2168 3730 quae
2207 3661 2351 3714 haud
2391 3658 2549 3716 facile
2590 3673 2922 3712 recenseam.
2957 3654 3074 3710 Non
3109 3655 3213 3709 hoc
3252 3655 3356 3707 mi-

1771 3745 1938 3820 'rum,
1973 3755 2234 3814 insolens,
2261 3751 2575 3804 laudabile?
2608 3750 2814 3804 Addam
2855 3759 2908 3802 et
2949 3746 3097 3801 aliud
3137 3754 3357 3815 aposto-

1793 3845 1895 3899 lice
1915 3885 1930 3909 ,
1963 3845 2098 3898 sicut
2130 3855 2332 3914 egentes
2371 3859 2463 3896 nos
2493 3843 2700 3913 quidem
2721 3881 2735 3906 ,
2773 3841 2964 3894 multos
2992 3849 3170 3892 autem
3209 3839 3359 3890 locu—

1791 3938 2067 4002 pletantes,
2093 3943 2341 4002 tanquam
2362 3932 2490 3984 nihil
2518 3931 2783 3992 habentes,
2807 3939 2857 3984 et
2881 3929 3059 3981 omnia
3087 3928 3359 3993 possiden-

1795 4035 1868 4081 tes
1888 4026 1932 4056 "
1957 4064 1973 4090 ,
2001 4032 2210 4078 tantum
2240 4023 2294 4076 in
2325 4037 2426 4078 nos
2455 4021 2737 4077 clementis
2773 4020 2868 4075 Dei
2900 4018 3221 4074 beneficium
3252 4027 3357 4078 est.

1797 4125 2058 4184 tantaque
2092 4114 2390 4170 liberalitas
2418 4131 2431 4168 :
2473 4125 2532 4168 ut
2561 4114 2860 4183 periculum
2892 4113 2963 4166 sit
2989 4126 3056 4165 ne
3085 4112 3356 4164 honorum

1795 4206 2133 4278 ignoratione
2164 4205 2417 4274 injuriam
2444 4205 2685 4260 benefico
2715 4204 3003 4259 faciamus.
3033 4202 3138 4257 Sed
3168 4201 3360 4253 adver—

1797 4307 1978 4353 tamus‘
2001 4294 2240 4360 animos,
2275 4293 2506 4358 fratres,
2541 4311 2648 4349 una
2679 4309 2870 4349 omnes
2898 4293 3046 4348 serio
3071 4332 3086 4353 ,
3118 4298 3228 4343 tam
3262 4288 3357 4356 qui

1798 4389 1885 4442 hic
1915 4388 2133 4458 degitis,
2165 4403 2328 4456 quam
2355 4386 2446 4456 qui
2478 4387 2796 4441 commeatis
2825 4429 2839 4455 ,
2868 4405 2932 4443 ac
2961 4389 3237 4446 Dominica
3270 4406 3357 4445 se-

1798 4479 1909 4533 duli
1939 4488 2202 4547 praecepta
2237 4494 2621 4546 exsequamur,
2667 4488 2967 4549 mutuoque
2998 4499 3318 4542 moneamus
3339 4530 3356 4554 ,

1797 4570 1862 4624 ad
1893 4571 2117 4633 amoris,
2151 4585 2215 4623 ac
2242 4570 2506 4623 bonorum
2536 4585 2759 4635 operum
2795 4572 3218 4643 instigationem,
3243 4593 3354 4631 non

1797 4663 2039 4734 projecte
2064 4663 2304 4716 viventes
2326 4703 2339 4726 ,
2375 4676 2472 4716 nec
2504 4663 2720 4729 carnis,
2754 4665 2989 4717 animive
3034 4665 3358 4722 libidinibus

1797 4752 2106 4824 perfuncti,
2155 4767 2255 4806 nec
2304 4762 2749 4818 murmurantes,
2791 4753 2964 4808 instar
3004 4755 3308 4823 priscorum
3341 4778 3355 4812 ι

1798 4859 1898 4898 ηεε
1924 4845 2201 4899 Christum
2232 4853 2500 4897 tentantes
2525 4884 2538 4907 ,
2574 4854 2631 4898 ut
2663 4854 2776 4898 tum
2809 4845 2879 4910 ii,
2910 4847 3174 4914 poteritne
3203 4849 3316 4902 hinc
3339 4890 3354 4914 ,

1801 4936 2000 5003 illaque
2023 4933 2165 4988 Deus
2197 4948 2359 5002 porro
2384 4935 2632 4989 sufticere
2649 4936 2671 4987 Ἰ
2691 4936 2937 5004 equidem
2965 4939 3227 5006 scriptum
3249 4949 3354 5002 est,

1805 5026 1994 5081 Omnia
2016 5027 2287 5094 possibilia
2317 5039 2437 5081 sunt
2455 5028 2683 5080 credenti
2708 5028 2772 5083 ³⁸.
2800 5027 2967 5083 Nobis
2995 5029 3212 5099 quidem
3237 5047 3360 5101 quae

1804 5120 1870 5172 ad
1918 5119 2144 5172 salutem
2197 5116 2400 5171 faciant
2446 5120 2684 5173 credulis
2732 5129 2845 5173 tum
2896 5122 3166 5190 postulata
3215 5121 3360 5177 Deus

1805 5220 1998 5263 cuncta
2033 5209 2285 5277 praebeat,
2314 5219 2423 5260 tum
2459 5210 2765 5279 adjmnenta
2798 5212 3071 5281 corporis;
3115 5212 3362 5282 vitaequ-«e

1809 5313 2155 5368 peragremus
2189 5298 2557 5365 solitudinem,
2589 5299 2706 5354 luce
2738 5301 2990 5356 illustrati
3021 5302 3283 5368 veritatis,
3309 5315 3361 5358 et

1803 5391 2132 5443 Amaleciteu
2193 5388 2540 5459 proﬂigemus
2562 5391 2651 5459 qui
2674 5395 2844 5446 aciem
2879 5394 3049 5463 fugiat
3071 5395 3356 5449 oculormn

1805 5480 2000 5533 validis
2046 5482 2294 5534 instructi
2332 5484 2500 5536 armis
2545 5483 2801 5552 spiritus,
2836 5495 2996 5556 atque
3038 5485 3180 5540 haud
3227 5502 3357 5557 pro-

1271 5616 1317 5646 “
1346 5613 1534 5672 Matth.
1569 5632 1642 5684 γι,
1678 5619 1766 5672 55.
1843 5620 1886 5651 ⁸⁵
1915 5620 1953 5672 I|
1984 5620 2113 5674 Cor.
2146 5636 2217 5683 τι,
2251 5621 2336 5674 10.
2415 5622 2460 5653 ³⁸
2487 5623 2656 5679 Marc.
2691 5643 2765 5691 ιι,
2806 5625 2895 5679 22.

224 5753 320 5822 (l9)
359 5755 642 5826 Σὼματος.
677 5752 802 5806 Erat
833 5755 884 5807 in
927 5766 1138 5818 nostro,
1186 5756 1278 5810 sed
1311 5755 1588 5811 emendavi
1622 5772 1683 5810 ex

1786 5769 1846 5815 tl.
1883 5760 2208 5828 πνεύματος.
2244 5763 2319 5815 Ac
2353 5763 2428 5817 sic
2460 5775 2542 5821 est
2575 5765 2627 5818 in
2679 5764 2803 5818 divo
2837 5764 3029 5818 Paulo.

448 5853 722 5911 PATBOL.
767 5849 883 5908 Gn.
924 5850 1123 5911 XCIX.

2867 5859 2944 5916 20
