4000 6306
607 327 715 392 619

1775 320 1832 378 S.
1866 314 2256 378 THEODORI
2289 307 2632 372 STUDITAS

3751 306 3858 366 6‘20

604 438 839 494 missum
871 431 1126 504 equidem
1163 431 1339 485 solum
1402 429 1724 482 invadaiiius
1769 427 2058 497 (siquidem
2099 425 2170 476 ni-
2217 430 2258 482 Α
2289 422 2414 474 stinl
2465 421 2622 473 nobis
2667 417 2904 488 Spiritus
2943 418 3179 486 potentia
3216 427 3363 482 sunt,
3410 417 3726 481 viribusque
3774 419 3858 471 lo-

600 530 678 585 liil
716 528 780 582 ad
808 541 911 582 nos
951 532 1332 578 momentanea
1358 536 1421 574 ac
1460 521 1731 588 caduca),
1767 520 1897 586 quin
1956 516 2182 570 cwlestc

603 633 834 691 regnum
870 617 1166 678 ineamus;
1212 619 1398 667 certus
1439 620 1524 666 est
1565 611 1708 664 enim
1755 610 1846 677 qui
1889 607 2180 676 stipulatus

602 713 786 777 dixit,
832 707 987 762 Beati
1036 705 1126 776 qui
1171 704 1580 774 persecutionem
1636 703 1912 770 patiuntur
1966 707 2182 767 propter

593 803 892 872 justitiam,
927 799 1180 869 quoniam
1208 797 1440 865 ipsorum
1469 804 1544 847 est
1572 810 1788 864 regnum
1834 792 2079 844 calorum
2109 789 2176 841 ⁸⁷.

595 893 699 948 Cui
721 892 892 963 gloria
915 901 971 946 et
993 889 1306 959 imperium,
1325 901 1447 940 cum
1468 885 1647 948 Patre,
1665 899 1726 938 ac
1743 893 1930 937 sancto
1950 881 2151 949 Spiritu
2165 917 2180 942 ,

599 1000 747 1040 nunc
788 993 1092 1052 etsemper,
1111 981 1164 1034 in
1189 992 1517 1046 omnemque
1535 974 2176 1046 perpetuitatein.Amen.

1099 1092 1332 1148 SERMO
1396 1089 1682 1146 LXXXIV.

603 1188 955 1259 Nequaquam
1009 1187 1334 1259 occasionem
1388 1177 2174 1259 quterentibusmprtebendam,

883 1256 1285 1326 dequeineundo
1309 1250 1428 1306 cum
1456 1253 1595 1306 vitiis
1624 1250 1894 1318 conﬂictu.

669 1348 891 1403 Fratres
947 1347 1246 1414 Patresque
1270 1382 1286 1408 ,
1323 1341 1679 1412 praesentibus
1712 1339 1869 1392 malis
1903 1335 2046 1391 haud
2081 1335 2178 1390 abs

600 1457 658 1497 re
683 1442 789 1495 hoc
816 1437 1063 1508 Apostoli
1095 1449 1445 1505 usurpemus,
1474 1431 1716 1485 Tentatio
1748 1445 1851 1482 non
1876 1444 1966 1481 nos
1993 1443 2178 1496 appre-

600 1530 778 1586 hendit
814 1530 916 1582 nisi
941 1529 1172 1579 humana
1200 1525 1279 1556 ⁵⁷*
1307 1564 1323 1588 ,
1359 1522 1502 1590 quod
1527 1521 1595 1575 ob
1620 1519 1897 1574 dominum
1925 1514 2179 1570 Theocti-

599 1633 770 1687 stum,
797 1621 1057 1675 eximium
1090 1632 1298 1682 senem,
1334 1615 1605 1678 diximus,
1638 1612 1785 1665 velut
1818 1609 2040 1664 omnino
2071 1622 2172 1661 no-

601 1720 801 1768 strum.
834 1705 1030 1779 Ecqua:
1060 1716 1143 1762 est
1185 1717 1360 1758 autem
1392 1701 1648 1757 tentatio?
1678 1699 1820 1769 quod
1861 1698 1906 1752 is
1940 1698 1994 1750 in
2026 1697 2177 1748 insue

2286 521 2440 574 catae,
2503 508 2728 561 consilia
2787 508 3136 571 destritentes,
3188 509 3264 562 uti
3320 509 3583 577 scriptum
3643 517 3749 574 est,
3805 518 3857 562 et

2286 615 2490 652 onmem
2535 597 2869 652 altitudinem
2915 597 3248 650 extollentem
3295 612 3348 648 se
3392 597 3641 649 adverSus
3687 597 3858 650 scieri-

2286 691 2415 742 tiam
2441 688 2557 752 Dei,
2587 697 2636 741 et
2667 687 2720 740 in
2745 688 3106 756 captivitatem
3141 688 3429 756 redigentes
3455 703 3658 739 onmem
3689 685 3855 739 intel-

2283 779 2474 833 lectum
2500 779 2553 829 in
2582 778 2884 846 obsequium
2914 776 3138 839 Christi,
3168 788 3216 831 et
3241 781 3296 830 in
3324 790 3568 846 promptu
3604 780 3854 831 habentes

2283 871 2620 924 ulciscentem
2676 869 3084 922 inobedientiam
3110 868 3198 934 “,
3260 870 3420 938 idque
3467 871 3686 940 jugiter.
3753 872 3855 922 At-

2283 979 2388 1033 que
2433 963 2535 1016 lioc
2583 959 2999 1030 iniproﬂigabile
3051 960 3250 1014 bellum
3293 972 3395 1022 est,
3436 962 3538 1015 hoc
3567 963 3854 1031 multiplex

2281 1062 2337 1108 et
2361 1053 2678 1106 diuturnum
2712 1051 3052 1120 martyrium,
3089 1066 3215 1103 nam
3249 1052 3342 1119 qui
3371 1053 3604 1106 assiduis
3644 1055 3855 1120 petitus

2283 1144 2538 1214 cogitatis
2585 1143 2809 1196 miiiinie
2864 1141 3241 1204 deletiscatur,
3296 1141 3573 1194 accidatve
3635 1140 3851 1208 Baliali,

2283 1235 2414 1304 quin
2452 1240 2738 1303 repugnet,
2789 1246 2852 1285 ac
2886 1231 3014 1285 vitia
3069 1232 3361 1294 transiliat,
3396 1231 3730 1298 cupidinem,
3765 1232 3851 1285 [ιι-

2281 1339 2483 1389 rorem,
2519 1325 2679 1386 iram,
2713 1323 3082 1387 timiditatem,
3130 1339 3215 1376 na:
3255 1323 3301 1376 is
3353 1325 3610 1391 martyrio
3646 1323 3699 1376 in
3735 1325 3856 1378 dies

2282 1417 2565 1480 multetur,
2596 1416 2898 1483 habeatque
2920 1414 3013 1482 qui
3043 1429 3164 1468 cum
3197 1412 3366 1467 Paulo
3396 1413 3614 1475 dixerit,
3657 1412 3856 1477 Quoti-

2279 1509 2365 1562 die
2413 1511 2632 1572 niorior,
2669 1524 2760 1574 per
2792 1507 3184 1576 gloriationem,
3223 1523 3378 1575 quam
3411 1504 3573 1558 habeo
3606 1506 3658 1557 in
3693 1506 3856 1558 Citri-

2278 1599 2360 1654 sto
2404 1600 2531 1654 Jesu
2575 1599 2800 1652 Domino
2852 1608 3030 1652 nostro
3057 1598 3123 1651 “.
3178 1596 3321 1664 Quin
3384 1598 3484 1652 sub
3535 1598 3857 1654 certaminis

2282 1696 2387 1746 line
2416 1691 2613 1746 audeat
2645 1689 2818 1755 effari,
2855 1689 3056 1743 Bonum
3087 1700 3349 1743 certamen
3377 1689 3592 1753 certavi,
3629 1704 3854 1742 cursum

599 1807 709 1862 lam
748 1805 1030 1860 Chalcimn
1075 1812 1158 1857 es;
1196 1800 1466 1870 relegatus
1491 1838 1506 1864 ν
1550 1796 1779 1866 ejusque
1820 1789 2111 1854 sacerdos,
2146 1805 2177 1844 ει
2208 1780 2250 1835 Β
2282 1783 2659 1847 consummavi,
2707 1783 2860 1850 ﬁdem
2895 1781 3120 1843 servavi,
3163 1781 3219 1832 in
3265 1781 3464 1848 reliquo
3497 1781 3728 1848 reposita
3773 1790 3854 1832 est

601 1896 982 1953 contubernali
1032 1895 1244 1948 delatus
1287 1906 1300 1942 :
1349 1905 1447 1945 ceu
1499 1891 1782 1942 immemor
1823 1883 2129 1954 principum
2156 1918 2171 1943 ,

601 1991 980 2046 crudelissime
1005 1996 1157 2057 tergo
1182 1983 1480 2054 vapulavit.
1514 1978 1588 2032 Ut
1614 1978 1746 2031 inihi
1778 1974 2002 2045 quidem
2043 1988 2176 2026 eon-

601 2082 721 2137 ﬂari
763 2080 814 2134 in
859 2095 958 2134 nos
1000 2075 1239 2147 pericula
1287 2073 1613 2136 videantur,
1655 2078 1706 2122 et
1755 2067 1802 2122 si
1855 2066 2176 2134 plerumque

601 2174 905 2242 reperimur
929 2169 1030 2238 ipsi
1059 2168 1111 2220 in
1141 2181 1204 2220 ea
1230 2179 1327 2219 nos
1358 2162 1635 2226 inducere,
1661 2159 1752 2228 qui
1781 2157 1925 2210 enim
1949 2162 2178 2224 possunt

602 2263 994 2319 monasterium
1030 2267 1276 2314 tenentes
1309 2269 1413 2308 non
1446 2253 1764 2306 memoriam
1798 2249 2002 2317 agitare
2031 2244 2172 2312 prin-

603 2356 786 2425 cipum
813 2352 1044 2422 (scilicet
1073 2365 1180 2402 non
1217 2346 1519 2401 incolumes
1548 2346 1599 2398 in
1647 2343 1780 2397 urbe
1810 2342 2005 2395 fratres
2038 2362 2050 2394 ;
2081 2337 2178 2391 Pa-

593 2455 823 2514 .tresque
876 2443 1135 2511 degentes
1188 2437 1458 2491 haereticis
1512 2433 1763 2489 conciant
1814 2428 2174 2497 tumultum?)

605 2539 764 2591 Exite
786 2538 849 2589 de
873 2534 1038 2587 medio
1068 2548 1248 2585 eorum
1276 2532 1319 2562 ⁵⁸
1344 2573 1358 2596 ,
1381 2539 1430 2582 et
1457 2527 1775 2596 separamini
1793 2566 1807 2588 ,
1838 2525 1964 2576 dicit
1993 2522 2176 2574 Domi-

605 2647 704 2684 nus
733 2669 748 2694 ,
809 2637 857 2682 et
894 2625 1220 2680 immundum
1259 2639 1320 2676 ne
1359 2621 1629 2690 tetigeritis
1661 2619 1704 2650 '°
1728 2659 1742 2683 ,
1785 2616 1836 2670 lii
1872 2624 2056 2670 contra
2092 2613 2174 2666 fa-

605 2724 814 2774 cientes
841 2757 855 2780 ,
909 2720 1180 2772 sustinent
1224 2714 1518 2768 contraria.
1563 2711 1674 2764 Nos
1699 2710 1978 2763 enimvero
2016 2705 2174 2760 nauci

606 2801 949 2873 proiugimiis
982 2799 1223 2852 urbanos
1249 2839 1262 2862 ,
1315 2797 1416 2850 hac
1482 2798 1532 2848 in
1569 2810 1662 2847 ora
1703 2794 2078 2857 considentes,
2118 2802 2176 2845 ut

607 2906 677 2946 ne
706 2890 1047 2945 occasionem
1084 2885 1454 2955 quaerentibus
1485 2884 1847 2952 praebeamus,
1869 2897 1932 2935 ac
1961 2896 2059 2935 nos
2093 2881 2176 2933 iii-

607 2986 831 3038 demnes
854 2981 1114 3032 hactenus
1138 2984 1339 3030 tutatus
1370 2975 1510 3028 Deus
1536 2980 1640 3038 est,
1676 2980 1987 3039 tuteturque
2007 2970 2174 3023 etiam

608 3089 810 3146 porro,
866 3073 911 3126 si
957 3069 1315 3132 carebimus,
1379 3081 1554 3136 neque
1608 3063 1914 3119 ell‘utiemus
1967 3063 2068 3116 hoc
2124 3069 2177 3115 et

611 3167 780 3229 illud,
823 3179 922 3218 nec
951 3161 1162 3216 levibus
1215 3167 1268 3213 et
1295 3158 1558 3228 improbis
1607 3156 1950 3212 sermonibus
1993 3168 2178 3207 aurem

611 3258 933 3310 tribuemus.
970 3254 1100 3318 Quae
1126 3250 1369 3319 Apostoli
1407 3250 1674 3302 sententia
1710 3246 1834 3298 est?
1862 3244 2042 3298 Sermo
2068 3260 2174 3296 ves-

612 3360 690 3403 ter
716 3363 914 3415 semper
941 3346 996 3397 in
1028 3345 1202 3412 gratia
1231 3342 1319 3403 sit,
1352 3339 1462 3392 sale
1485 3338 1726 3392 conditus
1757 3346 1812 3388 ut
1847 3337 2025 3388 sciatis
2049 3351 2180 3403 quo-

612 3439 764 3494 modo
798 3446 1031 3507 oporteat
1090 3451 1179 3489 vos
1218 3433 1492 3500 unicuique
1519 3430 1822 3498 respondere
1839 3429 1904 3493 °°;
1937 3442 2183 3480 rursum-

613 3547 719 3600 que
737 3531 825 3584 Dei
851 3541 1142 3599 gei-iiianus
1173 3525 1380 3593 inquit:
1416 3521 1502 3576 Sic
1524 3521 1818 3589 loquimini,
1850 3531 1894 3571 et
1924 3518 1999 3572 sic
2024 3518 2181 3586 facile

612 3622 746 3675 sicut
779 3636 869 3687 per
901 3618 1061 3686 legem
1095 3616 1351 3668 libertatis
1385 3612 1667 3681 judicandi
1691 3611 1754 3663 ⁶¹.

686 3710 1054 3775 Quamobrem
1083 3707 1272 3761 deuius
1297 3720 1516 3774 operam
1559 3704 1948 3770 circumspecte
1992 3714 2060 3755 ne
2094 3698 2181 3753 in-

617 3803 936 3870 tempestive
980 3801 1033 3851 iii
1072 3796 1374 3866 periculum
1422 3808 1668 3858 ruamus,
1718 3793 1847 3862 quin
1889 3792 2181 3846 imminens

618 3895 820 3948 malum
850 3907 948 3946 ceu
976 3891 1229 3958 laqueum
1267 3887 1580 3942 evadamus.
1608 3886 1784 3955 Atque
1810 3886 1921 3939 haec
1956 3886 2181 3939 teiitatio

616 3995 698 4040 est
747 3986 1002 4047 humana,
1040 3982 1090 4035 id
1123 3991 1206 4034 est
1251 3980 1426 4045 levis;
1467 3989 1718 4033 caeterum
1751 3979 2074 4041 daemonum,
2118 3991 2180 4030 ea

616 4090 748 4130 vero
801 4083 885 4128 est
936 4073 1249 4142 pergravis,
1315 4083 1368 4124 ei
1417 4069 1812 4138 implacabilis,
1874 4070 1968 4137 qui
2024 4068 2179 4122 nobis

616 4166 884 4220 vexandis
925 4164 980 4216 in
1008 4163 1146 4226 dies,
1183 4161 1371 4225 horas,
1408 4169 1680 4213 iumenta
1717 4159 1908 4222 dediti,
1940 4157 2178 4228 perdim-

617 4257 773 4311 cilem
821 4254 1169 4317 conﬂictum,
1217 4252 1554 4318 arduumque
1603 4265 1724 4302 cum
1763 4248 1956 4317 primis
2005 4248 2179 4302 victo-

615 4347 752 4402 riam
799 4352 1080 4415 pi'aestant.
1133 4341 1234 4395 Sed
1276 4342 1534 4409 quoniam
1577 4340 1713 4393 nihil
1745 4354 1851 4392 non
1899 4338 2178 4408 diligentia

2277 1875 2404 1928 mihi
2429 1889 2620 1926 corona
2642 1873 2874 1942 justitia:
2905 1888 3066 1941 quam
3097 1869 3277 1923 reddet
3321 1870 3451 1923 mihi
3483 1870 3744 1924 Dominus
3793 1872 3854 1922 in

2275 1967 2370 2020 illa
2409 1967 2516 2029 die,
2564 1966 2734 2029 iusius
2776 1965 3031 2033 judex“,
3064 1965 3207 2034 quod
3252 1963 3432 2032 eloqui
3483 1977 3580 2016 nos
3629 1977 3857 2031 quoque

2275 2057 2518 2113 universi
2559 2072 2847 2126 queamus,
2898 2057 3206 2125 comptique
3242 2055 3471 2123 iustitia:
3516 2067 3722 2107 corona
3771 2069 3854 2106 rc-

2278 2165 2453 2221 gnum
2502 2148 2712 2219 ingredi
2759 2149 2980 2203 caeleste
3025 2163 3122 2218 per
3166 2147 3445 2202 Christum
3495 2144 3680 2200 Jesuni
3739 2142 3855 2198 Do-

2275 2243 2487 2297 minum
2549 2249 2818 2295 nostrum.
2871 2239 2970 2294 Cui
3037 2239 3211 2310 gloria
3259 2248 3312 2294 et
3365 2237 3652 2309 imperium
3721 2253 3850 2290 cum

2273 2331 2455 2398 Patre,
2491 2346 2554 2387 ac
2603 2343 2798 2387 sancto
2828 2330 3060 2402 Spiritu,
3098 2345 3245 2386 nunc
3295 2340 3350 2386 et
3374 2344 3608 2401 semper,
3650 2329 3704 2385 in
3730 2343 3854 2383 Otii—

2275 2436 2511 2492 nemque
2543 2422 2980 2492 perpetuitatem.
3012 2421 3208 2476 Amen.

2790 2512 3024 2567 SERMO
3062 2512 3149 2568 LX
3160 2511 3324 2568 XXV.

2493 2604 2746 2658 Doctrina
2767 2604 2830 2657 de
2867 2604 3028 2657 noxia
3059 2605 3309 2674 fugienda
3343 2603 3630 2672 voluptate.

2345 2699 2566 2753 Fratres
2620 2697 2946 2766 Patresque,
2993 2709 3255 2767 quantum
3301 2706 3573 2751 certamen
3632 2695 3853 2750 incum-

2274 2791 2369 2846 bat
2406 2790 2615 2845 doctori
2665 2805 2766 2860 pro
2825 2792 3110 2860 discipulis
3153 2791 3444 2857 Apostolus
3502 2787 3746 2842 ostendit
3781 2787 3851 2841 ad

2275 2882 2620 2938 Timotheum
2651 2883 2704 2937 iii
2737 2884 2849 2937 haec
2881 2884 3041 2936 verba
3074 2899 3087 2934 :
3115 2880 3267 2934 Insta
3303 2891 3613 2949 opportune,
3647 2882 3854 2950 impor-

2278 2986 2418 3041 tune,
2457 2992 2643 3045 argue,
2684 2977 2917 3037 obsecra,
2962 2975 3192 3041 increpa,
3228 2974 3283 3026 in
3320 2973 3460 3026 omni
3485 2974 3771 3041 patientia,
3802 2984 3851 3026 et

2284 3068 2568 3129 doctrina;
2600 3069 2699 3120 erit
2738 3067 2873 3119 enim
2925 3075 3124 3134 tempus
3167 3081 3284 3118 cum
3321 3082 3506 3118 sanam
3549 3067 3853 3119 doctrinam

2287 3175 2390 3212 non
2429 3158 2758 3210 sustinebunt
2785 3157 2851 3208 ⁵⁷.
2893 3156 3154 3226 Equidem
3183 3173 3311 3211 vero
3342 3159 3484 3213 absit
3517 3166 3574 3211 ut
3609 3159 3688 3212 sic
3723 3159 3855 3213 alle-

2285 3260 2406 3304 ctus
2456 3250 2735 3303 vobiscum
2796 3250 3148 3316 serniociner,
3205 3251 3298 3304 sed
3351 3252 3476 3318 quia
3537 3259 3852 3315 veternosn,

2281 3357 2563 3412 pronaque
2605 3351 2796 3395 natura
2833 3353 3043 3405 nostra,
3078 3357 3198 3410 qua:
3234 3351 3318 3396 est
3355 3342 3519 3396 oblita
3549 3354 3854 3413 praecepto-

2282 3449 2402 3487 rum
2433 3432 2586 3502 quasi
2630 3433 2830 3496 calcar,
2880 3433 3147 3488 orationis
3179 3435 3459 3489 stimulum
3488 3445 3544 3490 et
3587 3446 3850 3506 tanquam

2283 3525 2506 3578 verbera
2558 3526 2777 3580 assidue
2812 3527 3075 3594 requirat,
3106 3541 3216 3596 quo
3246 3528 3462 3597 evigilet
3492 3544 3557 3583 ac
3598 3531 3854 3599 proposi—

2283 3623 2399 3669 tum
2457 3616 2560 3670 sibi
2609 3616 2863 3685 gaudium
2915 3627 3124 3680 cernat,
3180 3633 3301 3671 nam
3349 3618 3478 3688 quid
3515 3620 3692 3682 enim,
3743 3635 3852 3673 non

2281 3708 2612 3777 promissum
2646 3708 2865 3762 caeleste
2899 3724 3122 3776 regnum
3166 3710 3284 3763 est?
3325 3725 3431 3763 non
3466 3711 3572 3763 vita
3627 3711 3856 3764 immor-

2281 3799 2446 3854 talis?
2485 3813 2592 3853 non
2623 3799 2915 3853 inell‘abilis
2945 3798 3168 3854 ltetitia?
3207 3814 3313 3853 non
3348 3801 3575 3868 pomarii
3609 3801 3858 3856 deliciae?

2282 3906 2390 3944 non
2443 3904 2601 3958 pares
2651 3889 2853 3958 angelis
2903 3888 3178 3945 honores?
3233 3905 3341 3944 non
3392 3893 3608 3960 requies
3654 3894 3858 3962 sempi-

2281 3979 2472 4033 terna?
2511 3977 2631 4031 Jam
2662 3995 2760 4033 cur
2791 3980 3023 4043 vincula,
3058 3995 3263 4045 carcer,
3301 3983 3515 4048 exsilia,
3562 3997 3852 4047 aerumnae,

2281 4078 2588 4134 tormenta,
2643 4084 2802 4124 neces
2861 4073 3226 4140 expetuntur?
3288 4088 3398 4127 non
3461 4085 3520 4127 ut
3579 4078 3855 4144 promissa

2279 4176 2680 4230 consequamur
2735 4161 2897 4224 bona,
2941 4173 3106 4231 atque
3151 4165 3388 4220 intentas
3442 4181 3632 4234 poenas
3678 4166 3855 4239 fugia-

2281 4252 2446 4306 mus?
2475 4251 2686 4306 Videsis
2718 4262 2985 4324 martyres
3023 4270 3271 4310 cruorem
3306 4257 3455 4311 lietos
3487 4258 3851 4325 eﬂ‘uiidentes,

2281 4349 2337 4394 et
2382 4341 2592 4396 alacres
2635 4341 2701 4394 ad
2753 4355 2958 4407 ensem,
3013 4343 3213 4413 ignem,
3266 4346 3487 4412 bet-uias,
3543 4358 3853 4419 caeteraque

615 4437 777 4491 contit
819 4437 1163 4496 resistamus,
1195 4448 1257 4485 ac
1289 4431 1506 4486 Christo
1529 4432 1667 4486 duce
1697 4432 2016 4497 vincemus;
2055 4445 2177 4484 nam

2287 4446 2484 4491 cuncta
2520 4436 2784 4507 supplicia
2815 4438 3113 4504 abeuntes;
3145 4441 3344 4496 videsis
3379 4451 3433 4496 et
3475 4453 3697 4498 sanctos
3728 4461 3849 4500 cum

619 4528 666 4582 δέ
712 4536 797 4581 εει
830 4527 923 4596 (Ιυί
964 4526 1247 4578 ιιθδίεευιη
1300 4521 1543 4591 Pedeml
1589 4525 1913 4587 certamina»
1943 4521 2189 4591 quando‘
2283 4530 2452 4584 animi
2479 4530 2761 4598 voluptate
2791 4545 2991 4598 corpus
3021 4529 3360 4598 aﬂlictantes,
3391 4542 3554 4603 atque
3591 4537 3645 4589 in
3677 4540 3850 4591 servi-

617 4620 840 4688 quiilem
889 4616 1015 4670 Sine
1068 4630 1170 4680 me,
1233 4613 1427 4682 inquit,
1482 4614 1616 4666 nihil
1659 4615 1876 4680 potestis
1926 4614 2182 4681 facere".

613 4709 785 4775 Quam
818 4709 870 4761 in
910 4706 1261 4760 lentationem
1293 4714 1600 4772 satagamus
1635 4717 1740 4756 non
1786 4703 2044 4767 incidere,
2073 4717 2182 4757 neu

612 4801 827 4854 diabolo
859 4799 910 4851 in
949 4813 1168 4851 manum
1196 4797 1507 4858 convenire,
1538 4794 1628 4849 ubi
1657 4796 1803 4848 haud
1835 4795 2014 4848 brevis
2049 4809 2182 4863 aga-

613 4904 701 4946 tur
731 4893 782 4944 iii
824 4891 1057 4943 insulam
1109 4889 1389 4957 relegatio.
1453 4887 1584 4956 quin
1627 4901 1656 4940 a
1704 4887 1813 4940 Deo
1851 4887 2081 4956 projecti
2123 4887 2178 4940 in

610 4984 842 5036 extimas
889 4981 1138 5034 tenebras
1190 4979 1462 5046 portatio,
1522 4995 1622 5032 nec
1665 4986 1848 5044 tanta,
1903 4978 2182 5033 taiitillave

609 5072 802 5141 ﬂagra,
865 5073 956 5124 sed
997 5071 1289 5132 immensa,
1350 5079 1573 5132 aeterna,
1643 5068 1852 5122 inlinita
1911 5068 2179 5134 siquidem

611 5162 861 5232 Surgent,
905 5163 1000 5225 ait,
1048 5163 1136 5230 qui
1194 5161 1329 5214 bona
1361 5160 1593 5227 fecerunt
1649 5161 1703 5212 in
1751 5159 2179 5212 resurrectionem

611 5257 749 5318 citat,
780 5257 869 5324 qui
899 5271 1018 5307 vero
1045 5253 1189 5305 mala
1219 5261 1433 5320 egerunt
1469 5254 1524 5304 in
1555 5253 1986 5305 resurrectionem
2019 5252 2172 5320 judi-

607 5351 678 5399 cii
700 5347 760 5404 “.
809 5345 991 5414 Itaque
1025 5347 1334 5407 timeamus,
1365 5342 1584 5408 fratres,
1629 5357 1813 5411 porro,
1858 5358 1923 5396 ac
1958 5352 2174 5396 contre-

607 5439 929 5505 miscamus,
963 5438 1176 5492 cunctis
1211 5435 1505 5490 contractis
1547 5435 1763 5502 opibus,
1799 5448 1919 5503 quae
1957 5435 2010 5488 iii
2042 5435 2174 5489 inte-

678 5595 721 5625 ⁸⁷
755 5592 942 5645 Manli.
996 5608 1061 5655 γ,
1113 5593 1198 5646 10.

607 5680 648 5726 t,
677 5663 769 5716 35.
846 5662 1067 5716 “Joan.
1100 5678 1186 5721 xv,
1219 5663 1271 5713 5.

605 5733 641 5789 9
737 5731 780 5764 ⁸⁸
807 5731 848 5784 ll
877 5733 1002 5787 Cor.
1041 5748 1111 5797 VI,
1150 5732 1236 5785 l7.

1277 5592 1340 5622 '7‘
1392 5591 1407 5642 l
1445 5589 1570 5643 Cor.
1613 5605 1645 5643 x
1672 5590 1811 5657 ,13.

1356 5660 1400 5692 ⁸³
1421 5660 1577 5716 Joaii.
1615 5676 1668 5725 ν,
1707 5659 1796 5715 29.

1887 5590 1932 5622 ⁸⁸
1973 5589 2077 5645 lsa.
2119 5606 2231 5657 Lit,
2279 5593 2360 5646 ll.

1873 5660 1918 5692 “
1941 5659 1982 5715 ll
2010 5660 2137 5716 Cor.
2173 5679 2227 5730 ι,
2261 5662 2313 5717 6.

2284 4626 2453 4672 tutem
2488 4618 2791 4687 redigentes
2834 4619 3082 4688 nihilque
3126 4620 3458 4677 arbitrantes
3487 4624 3688 4680 virtute
3723 4642 3847 4681 sua-

2282 4710 2420 4763 vius.
2449 4709 2630 4777 Itaque
2654 4708 2784 4778 quid
2811 4725 2912 4764 nos
2943 4711 3224 4766 stertimus
3257 4714 3456 4782 porro?
3491 4717 3620 4784 quid
3653 4718 3848 4772 diﬂ‘un-

2279 4800 2497 4854 diniur?
2521 4800 2650 4868 quid
2687 4800 3011 4868 perniciosis
3051 4817 3113 4855 ac
3138 4802 3417 4864 pestiferis
3444 4805 3587 4860 vitiis
3626 4822 3847 4862 occum-

2280 4890 2483 4952 bimus,
2520 4904 2640 4958 quae
2684 4891 2791 4946 telo
2823 4906 2920 4944 cor
2966 4894 3180 4948 acutius
3226 4894 3549 4950 vulnerent?
3583 4895 3743 4953 Exite
3784 4902 3846 4954 de

2279 4980 2450 5033 medio
2487 4996 2690 5042 eorum,
2736 4989 2783 5033 et
2812 4983 3157 5048 separamini,
3189 4983 3320 5036 dicit
3352 4984 3611 5040 Dominus
3637 4988 3704 5052 ",
3738 5004 3842 5042 non

2279 5073 2376 5125 abs
2418 5086 2476 5124 re
2523 5070 2610 5123 hic
2649 5086 2978 5141 usurpemus
3005 5088 3244 5142 quoque,
3287 5078 3642 5144 quamobrem
3692 5095 3842 5134 sece-

2280 5164 2471 5218 damus
2521 5163 2586 5217 ah
2621 5165 2721 5230 eis,
2770 5180 2866 5218 ceu
2924 5165 3194 5231 Sodomis,
3247 5182 3312 5222 ac
3349 5167 3677 5236 Comorrha,
3729 5172 3834 5241 igni

2279 5263 2442 5324 atque
2473 5254 2735 5322 sulphure
2766 5257 3056 5318 ambustis,
3089 5256 3379 5327 carnisque
3417 5259 3593 5313 sensis
3626 5260 3843 5330 deposi—

2279 5346 2372 5409 tis,
2405 5361 2525 5415 quae
2566 5345 2780 5414 spiritui
2823 5346 3177 5413 reluctcntur,
3211 5357 3266 5401 et
3297 5359 3621 5417 repugnent,
3667 5365 3697 5402 a
3730 5366 3841 5406 ser—

2280 5437 2372 5490 vili
2407 5436 2584 5492 studio
2615 5451 2950 5502 asseramur,
2983 5438 3181 5492 animis
3219 5439 3490 5494 inventuri
3516 5442 3837 5511 requietem,

2441 5595 2487 5626 ³⁵
2519 5593 2556 5646 II
2585 5594 2711 5648 Cor.
2747 5608 2798 5645 ri
2824 5632 2838 5654 ,
2873 5593 2959 5646 17.
3035 5594 3078 5624 ⁸⁸
3101 5592 3310 5650 Coloss.
3340 5610 3414 5660 iv,
3450 5596 3504 5650 6.

2390 5665 2437 5696 "
2464 5665 2479 5714 l
2510 5664 2634 5720 Cor.
2671 5678 2758 5727 xv,
2787 5663 2874 5716 51.
2915 5664 2960 5695 ⁶⁶
2983 5662 3024 5715 ll
3054 5663 3194 5727 Tim.
3225 5679 3298 5730 iv,
3329 5663 3380 5717 7.

3582 5598 3830 5655 "Jacob.

3459 5668 3500 5700 "
3525 5665 3568 5724 ll
3594 5668 3736 5725 Titii.
3764 5686 3831 5734 iv,
