4000 6306
119 345 298 408 621·

1292 357 1700 419 SERMONES
1728 357 2244 424 CATECHETICI.

3286 374 3389 438 622

117 475 238 513 nam
277 459 425 530 quid
467 461 777 532 requietius
814 474 994 521 mente
1028 474 1131 530 est,
1167 482 1289 538 quae
1319 470 1466 527 vitiis
1512 474 1707 542 imper-
1739 476 1780 531 Α
1807 474 1900 528 sed
1935 475 2411 546 inaspectabilibus
2435 483 2683 554 cegitatis
2702 485 2862 543 ferire
2883 488 3026 546 haud
3049 495 3383 562 supersedet.

116 553 216 606 cita
278 567 419 607 cum
490 552 605 608 Deo
661 555 830 625 agitet
889 559 1121 626 pacem?
1173 557 1278 616 hoc
1328 561 1584 632 gaudium
1651 579 1714 620 ac

115 644 471 713 triumphus,
524 645 634 701 boc
683 646 819 701 felix
860 649 1124 715 suavitas,
1177 666 1443 722 sacraque
1493 665 1577 709 est
1619 671 1712 710 vo-

118 735 326 804 luptas.

181 825 561 897 Quapropter
599 830 669 913 lsi
726 829 827 884 frui
881 830 1152 897 volumus,
1216 833 1476 902 perditam
1529 839 1712 892 carnis

117 917 469 986 voluptatem
507 920 806 990 fugiamus,
844 923 987 978 unde
1034 925 1339 995 c0rruptela
1372 937 1544 996 atque.
1566 945 1713 985 mors

118 1011 409 1076 nascitur;
473 1011 742 1081 siquidem
799 1014 902 1080 Qui
947 1017 1188 1081 seminat,
1241 1018 1436 1087 inquit,
1477 1021 1531 1072 in
1557 1038 1713 1098 carne

119 1115 230 1164 sua,
264 1101 332 1153 de
380 1116 550 1154 carne
579 1111 627 1154 et
661 1112 814 1156 metet
850 1108 1280 1174 corruptionem;
1309 1107 1396 1175 qui
1430 1118 1603 1161 autent
1631 1126 1711 1162 se-

120 1192 285 1243 minat
310 1192 370 1245 in
403 1193 628 1260 spiritu,
664 1194 727 1246 de
761 1193 955 1261 spiritu
1002 1204 1157 1248 metet
1180 1197 1345 1249 vitam
1367 1207 1616 1251 (sternam
1641 1200 1706 1254 “.

122 1280 212 1334 Sin
263 1297 546 1351 apparere
607 1284 859 1338 volumus
920 1286 1164 1356 gloriosi,
1225 1303 1440 1354 vanam,
1483 1299 1537 1344 et
1572 1289 1711 1345 hanc

121 1373 412 1439 gloriolam
451 1383 889 1456 contemnamus,
928 1377 1125 1446 compti
1182 1378 1505 1443 humilitate,
1537 1380 1710 1434 omni-

120 1477 220 1531 que
269 1464 549 1532 praeclara
592 1463 867 1520 functione
891 1467 1163 1534 absoluti;
1193 1467 1267 1522 ita
1297 1470 1441 1523 enim
1475 1478 1585 1524 tum
1616 1486 1709 1525 ex-

123 1553 284 1620 petite
340 1565 680 1622 praesentem
750 1557 912 1611 vitam
965 1559 1352 1628 transigamus,
1399 1568 1512 1616 tum
1568 1562 1709 1618 bona

121 1644 498 1713 adipiscamur
545 1646 733 1702 futura
782 1648 993 1704 Domini
1030 1652 1194 1706 nostri
1226 1651 1351 1708 Jesu
1387 1652 1710 1710 liberalitate

124 1745 283 1804 atque
315 1735 614 1790 benelicio.
645 1736 743 1791 Cui
775 1738 944 1808 gloria
972 1746 1025 1792 et
1057 1738 1344 1807 imperium
1369 1756 1491 1794 cum
1526 1740 1705 1805 Patre,

123 1841 179 1880 ac
207 1837 409 1882 sancto
469 1827 708 1898 Spiritu,
767 1845 912 1886 nunc
945 1839 998 1885 et
1022 1845 1258 1901 semper,
1291 1832 1343 1886 in
1383 1846 1708 1904 omnemque
1739 1825 1780 1881 Β
1811 1840 2049 1908 ﬁrmare,
2110 1848 2203 1916 qui
2252 1825 2364 1903 non
2412 1825 2576 1924 flagra

123 1921 573 1989 perpetuitatem.
610 1921 801 1975 Amen.

653 2053 887 2110 SERMO
914 2055 1198 2112 LXXXVI.

123 2143 193 2199 De
234 2146 552 2216 gratiarum
611 2147 852 2268 actione!
885 2163 980 2198 neu
1025 2147 1078 2199 in
1121 2151 1494 2203 tentationibus
1541 2152 1704 2205 vacil-

855 2232 1026 2268 emus.

855 2232 997 2269 emus
1014 2255 1026 2269 .

187 2305 412 2362 Fratres
446 2307 780 2376 Patresque,
831 2307 1121 2362 triennium
1149 2308 1260 2379 jam
1295 2310 1395 2366 hoc
1424 2313 1586 2366 vitam
1620 2315 1704 2368 in-

123 2399 383 2454 solentem
418 2398 703 2461 ducimus,
727 2411 828 2452 nec
861 2413 1082 2466 prorsus
1105 2403 1419 2472 oppugnati,
1442 2419 1539 2459 nec
1570 2405 1702 2460 citra

123 2494 591 2563 Oppugnationem
641 2501 955 2559 manentes,
1004 2507 1068 2548 ex
1104 2509 1213 2564 quo
1237 2505 1290 2548 et
1314 2496 1544 2550 invicem
1569 2497 1702 2552 visi-

124 2598 257 2646 mus,
286 2594 341 2636 et
370 2582 528 2636 ultro
584 2582 834 2652 citroque
860 2598 1253 2649 commeamus,
1282 2587 1426 2656 quod
1455 2588 1704 2642 human-i-

125 2675 242 2728 talis
266 2689 406 2743 opus
432 2683 523 2728 est
555 2673 785 2739 divinaz;
806 2690 926 2728 nam
954 2675 1047 2744 qui
1073 2677 1386 2732 vacillantes
1401 2680 1700 2747 superioris

124 2767 400 2821 intervallo
471 2766 900 2837 oppugnationis
976 2767 1198 2831 videret,
1248 2782 1368 2822 cum
1425 2770 1700 2826 custodias

129 2857 416 2923 contraxit,
485 2865 601 2912 tum
667 2857 859 2912 adhuc
922 2859 1304 2914 orthodoxiam
1363 2860 1543 2917 differt
1599 2879 1698 2932 pro

126 2948 611 3020 impervestigabili
665 2948 890 3019 justitiae
920 2966 1032 3005 suae
1072 2950 1301 3019 judicio.
1327 2953 1505 3023 Atque
1535 2956 1583 3007 id
1618 2955 1699 3009 sic

125 3040 354 3107 quidem.
390 3040 517 3109 Ego
544 3053 695 3104 vero,
729 3041 822 3109 qui
849 3041 1036 3095 leviter
1074 3043 1468 3111 despcctarem,
1492 3060 1694 3115 paucos

124 3132 400 3186 credebam
428 3133 505 3185 ob
536 3130 828 3186 Dominum
852 3143 1093 3194 vexatos,
1122 3149 1268 3189 nunc
1297 3150 1525 3192 cernens
1558 3153 1696 3207 quo-
1726 3165 1766 3223 ρ

128 3222 266 3286 tidie,
299 3232 358 3278 ut
387 3224 472 3278 sic
499 3223 705 3289 dicam,
751 3233 883 3293 quot
931 3226 1222 3281 adventent
1279 3226 1498 3292 fratres,
1566 3245 1703 3299 pene

123 3311 428 3379 juvenesco,
487 3322 849 3384 posteaquam
895 3322 978 3369 tot
1009 3325 1137 3372 sunt
1171 3319 1266 3388 qui
1308 3317 1494 3374 Babali
1526 3320 1701 3376 haud-

126 3420 388 3476 quaquam
445 3421 594 3476 genu
626 3403 848 3472 ﬂexere,
895 3409 1026 3478 quin
1078 3410 1308 3466 Domino
1344 3426 1442 3467 ceu
1493 3414 1699 3471 lucidas

128 3509 179 3548 se
210 3497 397 3552 stellas
447 3507 872 3563 consertarum,
903 3516 1230 3570 quacunque
1255 3503 1373 3570 ejus
1397 3505 1696 3560 dominium

127 3595 278 3653 patet,
308 3598 368 3642 ut
393 3598 532 3643 mtas
557 3589 675 3643 haec
701 3589 896 3643 habeat
926 3605 1144 3658 quoque
1174 3591 1318 3658 quod
1347 3593 1411 3647 ad
1448 3603 1697 3663 posteros

127 3669 395 3744 glorietur,
423 3695 558 3734 vere
588 3679 771 3734 inesse
794 3680 846 3732 in
872 3681 1029 3736 nobis
1056 3681 1373 3739 Deum.Nec
1400 3685 1700 3754 deperdidit

127 3764 350 3824 Ecclesia
371 3770 568 3832 robur,
598 3780 658 3823 ut
678 3783 836 3822 verax
855 3768 1065 3824 Domini
1086 3771 1546 3841 fertpromissum,
1565 3779 1695 3845 quin

126 3857 167 3909 ei
201 3858 320 3913 illisi
365 3860 435 3913 ab
469 3873 589 3913 aevo
606 3859 821 3913 cunctis
855 3873 978 3914 cum
1035 3875 1244 3930 spumae
1278 3863 1447 3916 instar
1477 3866 1696 3921 marina:

125 3959 238 4002 sunt
265 3951 542 4016 dissoluti,
576 3960 693 4006 tum
735 3966 819 4018 ea,
856 3963 913 4007 ut
935 3955 1151 4025 irrupta
1184 3964 1392 4022 cautes,
1417 3957 1470 4010 in
1501 3957 1691 4013 eadem

127 4039 235 4105 ﬁde,
259 4057 322 4098 ae
339 4043 694 4100 confessione
718 4055 1019 4116 permanet,
1047 4047 1231 4118 itaque
1255 4049 1487 4118 gaudere
1517 4051 1570 4105 in
1602 4066 1686 4116 eo,

123 4139 169 4182 et
190 4135 461 4191 exsultare
493 4136 784 4198 debemus,
819 4150 881 4190 ac
914 4136 1007 4190 Pol
1055 4139 1299 4207 vigilare,
1333 4148 1385 4193 et
1414 4141 1692 4196 advertere

124 4227 391 4294 procincti,
427 4244 498 4282 ne
533 4227 652 4282 fors
699 4229 896 4284 iterum
941 4243 1160 4300 repente
1189 4232 1406 4303 ingruat
1439 4234 1687 4289 tentatio.

121 4311 319 4373 Scilicet
350 4337 460 4376 non
498 4323 607 4376 hoc
638 4323 838 4392 agitur,
870 4334 929 4378 ut
956 4326 1143 4391 semel,
1171 4326 1343 4394 bisve,
1368 4335 1461 4381 aut
1487 4328 1688 4398 saepius

122 4407 522 4480 periclitemur;
574 4413 674 4468 sed
725 4414 788 4468 ad
833 4426 1135 4470 extremum
1175 4418 1377 4472 tuenda
1416 4421 1688 4476 confessio

1816 573 1979 634 atque
2004 567 2313 634 incendere,
2387 587 2492 627 non
2523 574 2630 644 igni
2665 592 2787 632 cum
2838 582 3062 636 materie
3088 584 3382 652 permixto.

1815 657 1908 710 sed
1944 659 2125 726 pravis
2165 660 2474 730 desideriis,
2510 668 2833 738 caaterisque
2859 672 3006 726 vitiis
3034 673 3246 730 animos
3274 684 3391 730 ten-

1816 755 1891 799 tat
1940 755 1993 801 et
2045 760 2338 819 oppugnat.
2397 753 2562 822 Igitur
2599 767 2735 812 state
2779 763 3034 815 succincti
3069 763 3270 818 lumbos
3302 783 3389 821 ve-

1813 847 1948 889 stros
1968 839 2022 890 in
2053 840 2289 907 veritate,
2316 851 2374 897 ut
2407 854 2490 899 est
2521 846 2573 898 in
2611 845 2850 914 Litteris,
2883 860 2931 904 et
2963 852 3138 908 induti
3167 854 3390 909 loricam

1803 928 2053 997 justitite,
2076 939 2124 984 et
2153 932 2378 987 calceati
2418 937 2571 1003 pedes
2603 939 2660 991 in
2698 945 3083 1010 praeparatione
3111 944 3389 1016 Evangelii

1812 1023 1980 1089 pacis,
2005 1025 2058 1076 in
2087 1025 2327 1079 omnibus
2356 1041 2614 1086 sumentes
2644 1043 2851 1088 scutum
2878 1036 3021 1102 ﬁdei,
3051 1038 3106 1090 in
3125 1055 3226 1107 quo
3259 1055 3390 1108 pos-

1812 1113 1929 1166 sitis
2006 1117 2182 1169 omnia
2250 1118 2353 1173 tela
2375 1123 2680 1190 nequissimi
2734 1128 2884 1196 ignea
2927 1129 3275 1200 exstinguere,
3336 1143 3389 1185 et

1810 1203 2012 1271 galeam
2045 1206 2234 1261 salutis
2287 1213 2559 1278 assumite,
2588 1227 2638 1268 et
2681 1217 2918 1285 gladium
2951 1221 3190 1290 spiritus,
3249 1224 3384 1292 quod

1808 1305 1885 1349 est
1942 1295 2161 1351 Verbum
2189 1299 2286 1355 Dei
2307 1304 2375 1357 “.
2401 1303 2531 1369 Quae
2565 1323 2664 1362 nos
2685 1312 2844 1365 nauci
2876 1329 3095 1384 quoque
3117 1327 3384 1388 praecepta

1809 1389 2100 1455 apostolica
2156 1391 2342 1457 locuti,
2375 1397 2575 1464 pariter
2626 1400 2980 1458 cohortamur
3028 1407 3082 1460 in
3122 1411 3382 1466 aerumnis

1810 1479 2034 1535 minime
2091 1482 2360 1553 defctisci,
2409 1499 2502 1544 aut
2553 1491 2605 1544 in
2655 1495 3048 1552 tentationibus
3105 1501 3379 1567 vacillare,

1810 1567 2043 1625 scientes
2074 1573 2165 1641 qui
2195 1577 2432 1645 amplius
2471 1587 2727 1648 tentetur,
2760 1583 2810 1639 ei
2847 1587 3126 1656 amplioris
3165 1604 3382 1647 coronae

1807 1661 2150 1716 occasionem
2203 1668 2393 1734 quaeri.
2437 1667 2592 1726 Vires
2639 1674 2857 1742 quidem
2912 1677 3148 1746 prabeat
3196 1681 3378 1747 Deus;

1809 1768 1932 1806 nam
1970 1763 2145 1822 potest
2176 1772 2308 1813 sane
2330 1775 2451 1830 quae
2477 1763 2726 1831 promisit
2757 1769 3000 1838 exsequi,
3033 1784 3098 1825 ac
3125 1786 3224 1827 nos
3253 1788 3382 1827 eon-

2627 1856 2827 1923 solum,
2868 1860 3000 1929 quin
3031 1861 3231 1931 ignem,
3267 1863 3381 1932 gla-

1807 1936 1979 2002 dium,
2015 1940 2452 2016 bestiasaliaque
2484 1959 2678 2004 cuncta
2724 1953 3018 2021 patiamur,
3054 1957 3197 2022 quod
3231 1958 3380 2027 Apo-

1807 2032 1983 2087 stolus
2013 2036 2301 2104 praefidens
2340 2041 2533 2095 scribit
2566 2043 2618 2096 in
2653 2043 2767 2100 haec
2804 2048 2965 2103 verba
2996 2066 3011 2102 :
3056 2049 3160 2104 Sed
3212 2053 3266 2105 in
3299 2053 3378 2108 his

1803 2125 2040 2178 omnibus
2089 2143 2394 2196 superamus
2437 2145 2649 2201 propter
2704 2153 2824 2191 eum
2847 2141 2937 2206 qui
2975 2142 3160 2197 dilexit
3193 2162 3285 2199 nos
3306 2146 3375 2212 7";

1806 2223 1880 2280 et,
1926 2216 2108 2272 Certus
2143 2236 2257 2273 sum
2292 2225 2414 2291 quia
2445 2240 2605 2295 neque
2628 2245 2790 2290 mors,
2839 2247 2996 2301 neque
3042 2236 3167 2300 vita,
3218 2254 3379 2307 neque

1802 2305 2149 2374 principatus,
2189 2325 2349 2378 neque
2370 2320 2650 2380 potestates
2710 2331 2871 2385 neque
2921 2319 3174 2386 altitudo,
3215 2305 3378 2393 neque

1803 2396 2145 2464 profundum,
2184 2416 2343 2470 neque
2367 2412 2611 2458 creatura
2639 2404 2749 2460 alia
2781 2409 2971 2476 poterit
3009 2426 3099 2464 nos
3130 2429 3379 2482 separare

1802 2499 1834 2535 a
1879 2484 2138 2540 eharitate
2174 2487 2287 2554 Dei,
2338 2507 2454 2559 qute
2502 2501 2579 2546 est
2623 2495 2676 2546 in
2730 2495 2941 2551 Christo
2978 2497 3107 2554 Iesu
3151 2501 3376 2557 Domino

1803 2577 2060 2630 nostra”.
2090 2577 2352 2648 Equidem
2389 2583 2470 2637 sic
2505 2583 2681 2639 affecti
2708 2590 3030 2658 martyrium
3067 2592 3120 2646 in
3153 2593 3269 2650 dies
3290 2595 3376 2650 vel

1801 2675 1926 2721 ante
1975 2669 2320 2740 martyrium,
2348 2672 2584 2744 jugeque
2610 2686 2886 2733 certamen
2927 2681 3011 2735 vel
3041 2691 3167 2737 ante
3199 2692 3376 2739 certa-

1802 2771 1922 2810 men
1971 2757 2253 2828 obeamus,
2309 2773 2516 2832 partem
2575 2781 2698 2820 cum
2760 2772 3091 2842 martyribus
3131 2774 3373 2829 habituri

1800 2863 1894 2916 per
1916 2849 2411 2922 ChristumlJesum
2450 2859 2734 2912 Dominum
2756 2873 3026 2918 nostrum.
3070 2864 3168 2920 Cui
3197 2867 3371 2936 gloria

1798 2948 1851 2992 et
1873 2940 2155 3010 imperium
2185 2961 2307 3000 cum
2346 2946 2501 3004 Patre
2535 2965 2599 3004 ac
2648 2962 2838 3008 sancto
2871 2954 3098 3024 Spiritu,
3129 2973 3274 3014 nunc
3314 2968 3371 3015 et

1800 3046 2040 3103 semper,
2083 3035 2135 3090 in
2160 3052 2486 3111 omnemque
2515 3045 2948 3113 perpetuitatem.
2979 3046 3171 3104 Amen.

2279 3149 2511 3207 SERMO
2548 3152 2854 3209 LXXXVII.

1841 3233 2294 3304 Nepossessiones
2330 3259 2594 3310 paremus,
2641 3262 2741 3299 neu
2785 3246 3021 3302 solitarii
3057 3251 3335 3322 degamus.

1875 3326 2090 3386 Fratres
2151 3331 2464 3404 Patresque,
2515 3352 2787 3393 summum
2836 3339 3159 3397 beneﬁcium
3207 3346 3369 3403 nobis

1801 3419 1990 3475 tribuit
2014 3420 2156 3477 Deus
2193 3439 2290 3493 pro
2313 3441 2370 3480 se
2393 3430 2872 3499 oppugnationem,
2903 3435 3365 3502 quemadmodum

1801 3512 1852 3564 in
1887 3511 2192 3581 Evangeliis
2218 3517 2314 3581 ait,
2355 3517 2507 3571 Beati
2536 3521 2624 3587 qui
2644 3524 3052 3589 persecutionem
3087 3528 3367 3593 patiuntur

1796 3605 2310 3673 propterjustitiam,
2342 3612 2583 3677 quoniam
2609 3613 2844 3681 ipsorum
2868 3625 2943 3668 est
2968 3633 3182 3688 regnum
3211 3621 3365 3675 cccle-

1800 3712 1915 3748 rum
1934 3697 1999 3763 τ’δ,
2026 3698 2130 3752 etsi
2160 3699 2447 3756 videndum
2479 3711 2562 3758 est
2592 3706 2772 3769 nobis,
2806 3722 2872 3761 ne
2897 3709 3063 3762 vitam
3096 3710 3363 3769 obeuntes

1797 3787 2128 3843 beatitudine
2207 3791 2481 3861 indignam
2548 3798 3005 3865 oppugnationem
3040 3802 3092 3855 in
3143 3817 3361 3872 poenam

1796 3879 2110 3935 habeamus.
2141 3881 2309 3949 Igitur
2349 3899 2570 3940 necesse
2612 3896 2696 3943 est
2727 3888 2779 3942 in
2829 3890 3020 3960 primis
3050 3892 3141 3960 qui
3185 3908 3362 3964 oppu»

1795 3980 1987 4042 gnetur
2018 3972 2242 4028 minime
2272 3974 2577 4030 solitarium
2626 3978 2841 4048 degere,
2873 3982 3004 4051 quin
3032 3998 3155 4038 cum
3187 3986 3363 4041 altero

1795 4064 1960 4119 fratre
2014 4064 2317 4130 convivere,
2382 4066 2672 4135 siquidem,
2725 4067 2822 4121 Ubi
2853 4080 2972 4123 sunt
3010 4072 3114 4124 duo
3144 4073 3224 4127 vel
3258 4083 3362 4129 tres

1792 4157 2094 4226 congregati
2126 4156 2179 4208 in
2197 4157 2404 4209 nomine
2427 4173 2561 4221 meo,
2582 4158 2654 4210 ibi
2684 4175 2799 4212 sum
2821 4160 2876 4215 in
2902 4162 3067 4218 medio
3088 4180 3270 4218 eorum
3291 4169 3359 4235 ’⁵,

1792 4247 2264 4320 inquitDominus.
2289 4247 2491 4304 Deinde
2513 4265 2619 4305 non
2657 4252 2758 4307 nisi
2789 4257 3098 4312 necessario
3115 4259 3359 4328 prodire,

1790 4342 1884 4397 sed
1908 4357 2015 4412 quo
2040 4342 2092 4394 in
2120 4343 2239 4396 loco
2263 4341 2569 4397 diversetur
2604 4360 2842 4412 manere,
2871 4348 3110 4418 inibique
3137 4365 3358 4419 operam

1789 4433 1917 4486 dare
1939 4432 2213 4501 precibus,
2236 4431 2522 4501 supplicio,
2559 4434 2797 4501 lectioni,
2837 4439 3172 4508 psalmodiac,
3203 4442 3355 4509 ορὶίίσ

123 4505 215 4562 est,
266 4515 364 4556 nec
399 4505 497 4573 qui
551 4503 806 4558 ferantur
853 4507 1239 4562 extimescendi
1287 4524 1560 4571 rumores.
1590 4520 1683 4565 aut
1713 4510 1759 4567 D
1790 4523 1877 4577 cio
1935 4523 2271 4593 reliquisque
2293 4523 2490 4580 studiis
2521 4527 2814 4593 praeclaris,
2855 4539 3132 4599 aspectum
3170 4529 3360 4601 fugere

120 4584 267 4660 flagra
314 4595 636 4661 metuenda,
684 4610 805 4665 quae
835 4596 1073 4652 lacerare
1115 4614 1317 4669 corpus
1375 4602 1681 4667 videantur,

119 4692 200 4734 aut
221 4699 334 4750 quae
365 4701 595 4741 carnem
621 4687 913 4756 compedes
931 4699 1201 4758 premant,
1232 4702 1325 4746 aut
1349 4692 1451 4745 alia
1477 4694 1681 4762 qumvis

119 4769 334 4830 humana
355 4779 546 4845 noxia,
575 4778 710 4848 quin
740 4779 887 4834 solus
915 4780 1175 4835 terribilis
1206 4781 1348 4836 Deus
1374 4783 1674 4859 habendus,

1789 4612 2131 4679 muliebrem,
2177 4613 2247 4667 ab
2292 4614 2441 4668 omni
2487 4615 2654 4671 fratre
2698 4619 3020 4675 immodeste
3056 4635 3116 4676 se
3136 4631 3356 4691 gerente

1783 4702 2080 4768 abstinere,
2117 4705 2357 4760 laetitiam
2400 4709 2815 4778 gratulationem
2853 4712 3081 4782 agitare,
3120 4714 3171 4766 in
3202 4729 3352 4783 spem

1781 4804 2049 4848 arrectum
2075 4794 2390 4869 [animum],
2423 4808 2478 4853 et
2515 4803 2872 4870 praesentibus
2897 4811 3353 4874 contentum,pro

117 4861 256 4929 Cujus
289 4869 472 4922 omnia
520 4881 654 4922 num
689 4867 1105 4934 labefactentur.
1146 4872 1385 4940 solaeque
1419 4875 1675 4942 pavenda?
1778 4861 2698 4961 Christoquesubeundissuppliciis
2716 4897 3190 4964 paratum;ubiest
3207 4898 3348 4952 enim

118 4964 270 5017 pinna:
293 4957 657 5024 immortales,
690 4975 919 5029 quarum
953 4963 1170 5020 infanda
1217 4969 1561 5036 experientia
1586 4979 1688 5047 est;

118 5055 331 5102 ceterum
362 5067 484 5121 qua
510 5053 564 5106 in
592 5053 849 5107 manibus
871 5054 983 5108 sint
1016 5071 1112 5110 seu
1138 5058 1389 5122 adversa,
1423 5075 1515 5114 seu
1555 5077 1688 5130 prte-

118 5130 226 5200 lala.
274 5147 616 5198 somniorum
645 5144 941 5209 simillima,
968 5149 1251 5203 celerrime
1275 5140 1577 5219 exspirant,
1610 5153 1685 5206 si-

118 5230 311 5292 quidem
379 5238 652 5306 scriptum
708 5245 808 5298 est,
862 5235 1085 5305 Sagitta:
1127 5241 1470 5309 parvulorum
1528 5241 1682 5310 factm

119 5333 222 5373 sunt
248 5326 408 5396 plaga;-
439 5345 628 5384 eorum
660 5329 730 5381 ⁷ο.
771 5329 969 5385 Adlnec
1016 5333 1432 5403 depugnandum
1463 5350 1681 5406 quoque

120 5423 189 5466 est
238 5434 354 5472 cum
395 5430 778 5490 persecutore,
815 5421 906 5489 qui
948 5423 1196 5478 obtutum
1247 5424 1462 5494 fugiens
1493 5428 1675 5481 oculo-

121 5516 251 5577 rum,
280 5510 332 5564 iu
353 5512 472 5569 dies
501 5528 607 5568 nos
637 5511 875 5577 lacessit,
905 5529 966 5568 ac
999 5529 1104 5570 non
1149 5516 1496 5572 sensibilibus
1527 5518 1676 5583 loris,

180 5683 218 5716 "
244 5685 407 5745 Galat.
470 5710 546 5753 vt,
581 5693 641 5748 8.

120 5752 241 5809 ντίο.
311 5761 353 5791 ⁷³
407 5752 602 5818 Matth.
701 5776 852 5823 uiti,
892 5763 981 5816 20.
1057 5752 1545 5832 ⁷⁶Ἐ(τς1σ.·.μ,”Ιυ.

1791 4978 2136 5046 oppugnatio,
2181 4992 2592 5049 consequuntur
2631 4993 2684 5038 et
2708 4986 2993 5054 supplicia.
3027 4987 3239 5052 Quibus
3274 4989 3355 5044 sic

1788 5079 1846 5118 se
1878 5067 2221 5133 habentibus,
2260 5070 2349 5124 ubi
2379 5083 2504 5128 sunt
2541 5075 2634 5143 qui
2673 5078 2900 5131 solitarii
2927 5077 3149 5148 degunt,
3181 5096 3244 5136 ac
3275 5096 3353 5135 va:

1783 5155 2173 5210 erciscuntur?
2214 5172 2336 5212 nam
2379 5161 2462 5215 γω
2503 5163 2625 5226 soli,
2649 5165 2744 5227 ait,
2774 5167 2900 5235 quia
2935 5182 3053 5219 cum
3081 5169 3346 5230 ceciderit,

1783 5259 1884 5297 non
1929 5247 2083 5300 habet
2123 5249 2474 5305 sublevantem
2517 5271 2571 5308 se
2597 5256 2660 5307 ⁷⁸.
2702 5256 2804 5311 Ubi
2857 5268 2984 5312 sunt
3033 5259 3125 5327 qui
3161 5274 3348 5315 servos

1781 5345 1981 5403 tenent,
2043 5349 2095 5392 et
2144 5343 2538 5398 monachorum
2575 5347 2877 5402 libertatem
2917 5349 3170 5405 amittunt
3202 5368 3216 5415 ;
3250 5351 3345 5419 qni

1784 5442 1964 5496 agros,
1999 5433 2206 5499 vineas,
2257 5432 2443 5501 boves,
2484 5437 2662 5493 mulos
2692 5448 3019 5503 mercantur,
3051 5456 3114 5495 ac
3140 5441 3343 5510 lepram

1785 5521 2113 5575 contrahunt
2137 5521 2314 5576 Giezis
2338 5523 2506 5580 ?binc
2529 5529 2759 5597 argenti,
2779 5528 2902 5583 hinc
2919 5529 3054 5583 lucri
3078 5529 3341 5597 studium,

724 5692 770 5723 "
799 5691 1114 5779 Psalkunr,
1261 5699 1316 5779 _“
1375 5697 1576 5779 Eplies.
1644 5718 1715 5768 γι,
1762 5702 1842 5772 H,
1881 5709 1964 5764 15.
2043 5711 2085 5742 "
2122 5709 2277 5766 Rom.
2336 5726 2451 5779 vni,
2499 5706 2585 5768 37.
2664 5715 2709 5745 ⁷⁸
2743 5715 2870 5769 ibid.
2901 5714 2985 5770 39.
3065 5714 3108 5746 7‘
3141 5715 3332 5772 Matth.
