4000 6306
578 365 685 429 (ἷ23

1769 358 1835 421 S.
1869 357 2266 419 THEODORI
2304 354 2651 417 STUDI'I‘IE

3746 355 3857 419 624

578 479 709 533 liine
758 470 1050 538 stabilius,
1108 468 1445 539 fraternique
1474 466 1759 523 convictus
1814 465 2159 535 detrectatio,
2190 474 2240 531 Α
2267 464 2852 537 est,quemadmodum
2878 462 3145 533 scriptum
3170 470 3275 527 est,
3307 459 3439 518 Ethi
3465 480 3670 532 omnes,
3695 467 3850 520 testi—

579 578 636 625 et
664 564 983 636 singularis,
1016 570 1179 633 atque
1217 576 1284 615 ex
1318 576 1422 615 sua
1455 560 1738 630 cujusque,
1753 559 1978 613 libidine
2009 560 2118 613 vita
2145 576 2161 625 ;

582 661 711 715 hinc
756 666 935 712 vestra
986 669 1150 710 causa
1185 653 1253 708 ab
1299 652 1501 707 exteris
1552 651 1804 721 gentibus
1840 649 1934 704 Dei
1963 664 2163 704 nomen

583 748 932 805 contumeliis
962 747 1253 809 laceratur,
1287 754 1347 799 ut
1405 742 1623 798 Litterae
1658 742 1958 811 loquuntur
1986 757 2001 806 ;
2042 740 2171 794 binc

584 839 755 893 animi
811 837 997 907 lapsus
1045 836 1335 897 exsistunt,
1372 834 1465 903 qui
1515 834 1663 888 enim
1700 840 1883 901 potest
1913 845 2022 885 non
2053 829 2165 883 labi

583 929 825 1000 projecte
876 928 1113 981 vivens:
1161 924 1417 989 Nescitis,
1470 925 1646 994 inquit
1694 922 2010 993 Apostolus,
2042 921 2173 991 quia

588 1019 841 1088 templum
873 1016 969 1070 Dei
997 1017 1145 1079 estis,
1169 1025 1217 1069 et
1247 1016 1466 1084 spiritus
1492 1016 1585 1068 Dei
1609 1014 1815 1067 habitat
1845 1016 1899 1065 in
1924 1010 2177 1066 vobis?Si

587 1112 705 1181 quis
734 1120 908 1164 autem
949 1108 1198 1178 templum
1241 1107 1338 1161 Dei
1380 1108 1672 1173 violaverit,
1704 1106 1969 1176 disperdet
2020 1106 2175 1159 illum

590 1202 730 1257 Deus
760 1203 828 1265 ";
865 1215 1215 1269 rursutnque:
1250 1197 1431 1253 Nolite
1455 1215 1632 1252 errare
1662 1213 1679 1251 :
1704 1213 1865 1267 neque
1878 1197 2176 1266 fornicarii,

591 1310 756 1363 neque
778 1292 935 1346 idolis
969 1293 1272 1354 servientes,
1296 1307 1460 1360 neque
1480 1290 1738 1353 adulteri,
1780 1305 1941 1359 neque
1966 1288 2172 1352 molles,

593 1375 753 1455 neque
790 1383 1149 1438 masculorum
1181 1382 1563 1445 concubitores,
1599 1398 1759 1451 neque
1796 1382 1967 1446 avari,
2016 1396 2176 1450 neque

595 1482 763 1547 fures,
801 1492 962 1541 neque
1001 1474 1213 1540 ebriosi,
1261 1490 1422 1544 neque
1467 1473 1731 1538 maledici,
1766 1489 1927 1542 neque
1954 1488 2175 1541 rapaces

596 1585 813 1639 regnum
838 1567 932 1620 Dei
961 1566 1297 1636 possidebunt
1324 1566 1387 1621 ⁷⁸.
1414 1567 1588 1636 Atque
1619 1566 1733 1620 hate
1769 1566 1835 1620 iis
1879 1566 2020 1619 dicta
2050 1573 2180 1619 sunt

598 1662 690 1731 qui
732 1659 1013 1714 communi
1064 1658 1170 1712 vita
1206 1666 1511 1722 teneantur,
1564 1666 1619 1711 at
1648 1673 1754 1711 non
1814 1657 1955 1711 idem
1990 1657 2173 1722 nobis,

599 1752 693 1806 sed
743 1752 924 1820 quid?
956 1748 1058 1815 Qui
1113 1758 1287 1803 autent
1335 1759 1455 1803 sunt
1507 1749 1728 1815 Christi,
1771 1765 1983 1802 carnem
2021 1766 2172 1803 suam

2270 558 2448 610 monia
2478 556 2603 624 ﬁdei
2627 553 2859 623 probati,
2888 569 2993 608 non
3022 562 3333 622 acceperunt
3360 555 3851 623 repromissiouem,

2274 647 2383 701 Deo
2427 665 2522 713 pro
2568 648 2720 701 nobis
2767 646 2955 700 melius
3004 644 3211 715 aliquid
3259 645 3584 713 providente,
3634 657 3692 700 ut
3749 664 3856 700 non

2271 737 2387 790 sine
2436 737 2587 790 nobis
2626 744 3122 790 consummarentur
3145 735 3213 789 ⁸³.
3260 734 3468 804 Ecquid
3508 750 3613 790 nos
3647 736 3852 807 igitur,

2274 827 2509 882 fratres?
2557 827 2689 897 quid
2748 827 2918 892 aliud,
2963 826 3066 881 nisi
3110 827 3257 896 quod
3303 826 3446 880 idem
3496 826 3858 881 subibimus?

2275 916 2395 972 Non
2429 935 2583 990 aeque
2628 918 2971 973 moriemur?
3005 932 3114 973 non
3155 931 3311 987 atque
3344 917 3396 971 in
3426 927 3627 972 terram
3662 933 3854 973 rever-

2278 1018 2481 1075 temur,
2528 1011 2671 1066 unde
2719 1009 2987 1079 assumpti
3022 1008 3259 1064 sumus?
3306 1023 3413 1062 non
3462 1022 3619 1079 atque
3673 1010 3859 1085 pulvis

2277 1104 2526 1172 cinisque
2575 1102 2806 1157 ﬂemus?
2848 1102 3218 1171 lnspeetemus
3265 1113 3639 1166 monumenta,
3668 1104 3862 1158 videa-

2282 1208 2408 1248 mus
2437 1193 2492 1246 in
2525 1191 2658 1260 quid
2684 1193 2806 1247 vita:
2833 1192 3051 1247 desinat
3077 1200 3276 1247 status.
3308 1193 3449 1260 Quid
3477 1176 3859 1249 mrunitiosum

2285 1285 2390 1338 hoc
2432 1284 2811 1353 amplectimur
2842 1299 3065 1352 corpus,
3093 1285 3238 1353 quod
3271 1286 3558 1355 postpaulo
3590 1296 3750 1341 terra:
3797 1304 3866 1342 ac

2283 1375 2887 1430 vermibustradetur?
2916 1376 3045 1446 quid
3078 1377 3227 1432 vitiis
3267 1378 3618 1441 involvimur,
3655 1379 3865 1450 quibus

2279 1469 2383 1524 sub
2417 1468 2626 1523 obitum
2667 1468 3057 1523 occurremus?
3088 1468 3231 1523 Sane
3282 1470 3371 1525 hic
3415 1471 3596 1526 adbuc
3639 1474 3867 1541 spirans

2280 1559 2420 1613 duos
2447 1560 2549 1614 sibi
2579 1558 2794 1613 dicebat
2818 1573 3081 1628 apparere
3103 1560 3280 1614 virum
3332 1569 3386 1615 et
3404 1560 3683 1626 feminam,
3718 1563 3869 1618 banc

2280 1660 2487 1706 statura
2523 1650 2836 1716 sublimem,
2875 1651 3026 1705 illum
3060 1651 3279 1707 brevem
3336 1661 3391 1707 et
3418 1653 3733 1722 gibbosum,
3764 1654 3866 1724 qui

2282 1757 2343 1798 se
2373 1752 2698 1814 coargueret
2725 1758 2789 1797 ac
2818 1742 3134 1798 crudelibus
3157 1743 3341 1798 verbis
3375 1744 3685 1814 acciperet;
3725 1762 3870 1816 qua-

602 1845 1115 1911 cruciﬁxeruntcunt
1144 1843 1284 1895 vitiis
1314 1843 1383 1905 "’,
1420 1849 1512 1896 et:
1550 1838 1654 1895 Vos
1701 1857 1802 1894 non
1833 1842 1957 1895 estis
1993 1857 2057 1894 ea:
2085 1841 2178 1894 hoc
2212 1821 2254 1877 Β
2286 1842 2509 1903 propter
2566 1842 2621 1887 el
2673 1834 3019 1905 ingemebat,
3076 1834 3449 1904 plorabundus
3471 1876 3485 1900 ,
3540 1837 3870 1908 obitumque

602 1936 796 1987 mundo
820 1934 887 1994 ⁸ο,
921 1943 975 1988 et
1000 1951 1012 1987 :
1052 1932 1233 1986 Vestra
1269 1933 1592 1986 conversatio
1621 1943 1697 1987 est
1730 1933 1783 1985 in
1810 1933 1948 1986 ccelis
1977 1932 2043 1984 ⁸⁸.
2070 1931 2145 1986 lta

601 2041 709 2094 que
740 2025 869 2093 quid
912 2024 1304 2078 beatitudinem
1337 2024 1616 2093 perdimus
1653 2039 1816 2093 porro
1846 2023 2016 2092 ‘Iquid
2047 2038 2180 2079 con-

603 2114 861 2170 fessionis
908 2119 1325 2183 generositatem
1386 2129 1819 2184 conspurcatnus
1866 2115 1889 2168 ?
1940 2114 2070 2184 quid
2123 2115 2178 2168 ni

604 2204 801 2261 fratres
834 2204 1113 2259 imitamur
1161 2206 1328 2274 probe
1361 2204 1623 2268 viventes,
1678 2220 1910 2274 quorum
1946 2206 2177 2261 illustris

602 2298 714 2351 vita
752 2308 853 2362 est,
906 2298 1133 2367 lausque
1175 2297 1246 2351 ab
1280 2294 1414 2362 Deo,
1466 2311 1530 2352 ac
1567 2297 1935 2353 hominibus?
1982 2298 2098 2353 Non
2126 2306 2181 2352 et

604 2405 707 2444 nos
763 2390 978 2443 tandem
1010 2388 1371 2443 destertemus
1397 2388 1422 2442 ἲ
1467 2403 1574 2442 ιιοιι
1620 2388 2002 2459 resipiscemus
2024 2388 2048 2442 Υ
2073 2404 2180 2443 ηοιι

605 2481 801 2536 salutis
840 2496 1027 2535 curaui
1063 2480 1324 2551 agemus?
1363 2495 1472 2535 non
1502 2480 1685 2535 obitus
1710 2481 1850 2536 diem
1877 2496 1984 2550 pra:
2009 2482 2182 2536 oculis

607 2587 892 2627 sumemus
922 2571 1082 2637 YQuo
1104 2583 1264 2641 pacto
1285 2571 1350 2624 ad
1384 2571 1586 2625 Christi
1621 2571 1856 2625 tribunal
1876 2571 2134 2626 sistemur
2162 2572 2185 2626 ’ἒ

608 2677 839 2732 ecquam
894 2662 1186 2717 reddemus
1257 2662 1551 2723 rationem,
1599 2660 1693 2729 qui
1762 2662 1920 2715 otiosi
1995 2677 2184 2731 poenas

608 2755 821 2811 verbuli
850 2754 1055 2818 daturi,
1114 2754 1165 2808 in
1202 2752 1525 2823 majoribus,
1562 2767 1625 2807 ac
1660 2752 2031 2823 praegravibus
2065 2753 2182 2806 viu-

610 2862 803 2901 camur
854 2846 877 2898 ?
914 2845 1113 2900 Verum
1142 2848 1531 2909 destertamus,
1590 2845 1673 2899 vel
1709 2845 1908 2908 serius,
1964 2844 2184 2911 fratres,

611 2938 1017 3008 resipiscamus,
1053 2935 1180 2991 vitia
1216 2935 1587 3006 profligemus,
1642 2935 1987 2989 tenebrarum
2022 2951 2185 3005 opera

612 3029 974 3100 deponamus,
996 3012 1259 3099 armaque
1306 3029 1440 3083 lueis
1468 3028 1779 3092 iuduamus,
1804 3030 2017 3084 animos
2038 3029 2187 3084 omni

612 3121 863 3176 custodia
911 3127 1149 3183 tuentes,
1199 3119 1551 3189 undiquaque
1599 3120 1708 3172 Deo
1756 3119 2050 3187 placentes,
2079 3135 2187 3190 quo

612 3213 694 3267 sic
718 3211 1019 3266 incolumes
1054 3208 1378 3281 perennium
1416 3208 1775 3263 hereditatem
1799 3208 2065 3262 bonorum
2097 3210 2182 3262 in-

617 3317 811 3359 eamus
859 3317 956 3373 per
1015 3300 1294 3356 Christum
1339 3298 1526 3355 Jesum
1584 3298 1871 3353 Dominum
1917 3311 2183 3356 nostrum.

612 3393 713 3449 Cui
745 3394 915 3464 gloria
933 3394 1289 3463 etitnperium
1312 3408 1435 3447 eum
1458 3391 1715 3458 Patre,ac
1740 3401 1931 3447 sancto
1955 3390 2183 3459 Spiritu,

614 3500 761 3541 nunc
828 3493 886 3539 et
953 3500 1209 3555 semper,
1263 3485 1319 3539 in
1369 3499 1697 3556 omnemque
1747 3485 2183 3556 perpetuitatem.

612 3579 808 3633 Amen.

1100 3668 1334 3725 SEBMO
1376 3667 1701 3723 LXXXVIII.

1044 3762 1121 3817 De
1154 3744 1341 3817 mortis
1388 3762 1764 3816 recordatione.

685 3852 911 3907 Fratres
935 3852 1252 3922 Patresque,
1281 3852 1423 3920 quod
1459 3852 1642 3905 animo
1674 3860 1901 3917 tantum,
1930 3861 2186 3922 tanquam

613 3949 748 4003 utile
788 3948 992 4001 bonum
1037 3954 1141 4009 est,
1175 3960 1237 3998 ac
1286 3944 1477 3997 mortis
1508 3942 1847 3997 recordatio?
1887 3943 1952 3998 de
1980 3958 2088 4013 qua
2137 3953 2191 3999 et

618 4045 887 4099 disserere
920 4042 1119 4096 invitor
1148 4041 1217 4095 ab
1248 4038 1402 4094 Classe
1433 4039 1688 4109 episcopo
1723 4038 2000 4104 defuncto,
2028 4055 2189 4109 quem

617 4152 719 4191 vos
767 4133 1088 4188 morientem
1143 4130 1368 4185 minime
1414 4129 1647 4191 vidistis,
1704 4144 1826 4193 nos,
1865 4130 1957 4199 qui
1989 4130 2192 4184 videri-

622 4242 767 4290 mus,
799 4225 998 4294 oppido
1033 4232 1085 4277 et
1110 4222 1366 4286 fructum,
1409 4230 1463 4275 et
1490 4222 1738 4276 stimulos
1764 4223 2035 4290 quosdam
2066 4238 2193 4278 seno

620 4320 814 4382 simus,
846 4332 968 4388 quae
995 4316 1047 4370 in
1085 4330 1152 4369 eo
1200 4325 1513 4383 gererentur
1541 4314 1593 4366 in
1637 4313 1794 4368 nobis
1820 4316 2217 4384 contemplati.-

620 4408 762 4480 Ergo
794 4409 1028 4462 excessit
1055 4407 1165 4471 ille,
1216 4421 1280 4461 ac
1308 4406 1584 4466 discessit,
1614 4418 1711 4459 ceu
1742 4404 1837 4473 qui
1870 4406 2193 4460 tabernacu-

2284 1925 2619 1992 detrectans,
2655 1941 2718 1981 ac
2749 1927 3128 1996 praetrepidus.
3168 1925 3289 1981 Non
3314 1929 3508 1985 videtis
3548 1930 3868 2000 eujusmodi

2282 2017 2552 2071 sententia
2590 2016 2661 2072 sit
2695 2017 2922 2072 mortis?
2950 2032 3063 2072 non
3103 2018 3350 2088 aspicitis
3384 2030 3440 2073 ut
3467 2030 3595 2074 ante
3625 2032 3868 2075 mortem

2282 2124 2501 2179 quoque
2516 2117 2747 2175 actores,
2773 2118 2829 2165 et
2845 2120 3196 2166 accusatores
3232 2111 3506 2168 daemones
3528 2113 3873 2171 habeamus?

2282 2200 2501 2256 Etenim
2524 2202 2604 2258 sic
2626 2202 2806 2267 habet,
2835 2218 2957 2272 qua:
2990 2203 3078 2259 hic
3104 2204 3253 2258 obita
3288 2205 3689 2275 amplectamur
3715 2210 3871 2277 cogi-

2288 2303 2420 2361 tata,
2447 2308 2513 2350 ea
2536 2303 2591 2347 et
2612 2294 2668 2347 in
2685 2293 2913 2350 decessu
2938 2296 3328 2365 spectabimus.
3355 2295 3527 2366 igitur
3549 2298 3594 2352 si
3618 2300 3872 2366 provide-

2283 2401 2400 2439 mus
2456 2383 2747 2438 Dominuut
2799 2385 2855 2439 in
2898 2396 3179 2455 conspectu
3235 2396 3412 2442 nostra
3464 2405 3671 2459 semper
3691 2390 3761 2457 ⁸³,
3812 2401 3873 2445 ut

2284 2477 2500 2533 Litterae
2523 2478 2846 2547 loquuntur,
2880 2477 2929 2533 si
2960 2478 3240 2533 custodem
3268 2480 3389 2534 vita:
3409 2481 3659 2551 angelum
3690 2472 3871 2537 revol.

2283 2566 2505 2633 vimus,
2556 2569 2602 2622 si
2672 2568 2773 2623 bos
2827 2566 3060 2637 illosque
3105 2575 3338 2623 sanctos
3402 2572 3866 2639 eontemplamur,

2283 2657 2503 2712 eosdem
2531 2657 2836 2712 videbimus
2861 2672 3078 2728 quoque
3099 2672 3415 2727 supremum
3442 2660 3753 2729 spirantes;
3781 2662 3868 2715 sin

2288 2748 2429 2805 haud
2470 2749 2566 2815 ita,
2603 2749 2697 2804 sed
2738 2749 2965 2805 vitiosos
3010 2760 3199 2805 contra
3231 2752 3601 2815 characteres,
3648 2765 3715 2806 ac
3749 2753 3870 2806 dia-

2285 2838 2493 2894 bolieas
2548 2840 2743 2894 mentis
2798 2838 3226 2897 deformationes
3273 2842 3617 2910 cogitamus.
3668 2842 3867 2896 iisdem

2286 2946 2668 2997 occurremus,
2701 2931 2756 2985 id
2794 2932 2947 3001 quod
2977 2942 3061 2988 est
3095 2934 3470 2989 miserandum
3504 2945 3559 2989 et
3590 2930 3866 3004 capitale.

2287 3022 2657 3089 Quamobrem
2712 3024 3109 3079 contendentes
3161 3025 3306 3080 haud
3367 3026 3627 3095 deprendi
3680 3026 3739 3081 in
3799 3028 3869 3083 iis

2291 3114 2623 3181 simulacris,
2668 3114 2800 3188 quin
2848 3116 3017 3170 animi
3067 3117 3170 3171 sub
3201 3119 3409 3173 obitum
3444 3124 3563 3189 puri
3609 3123 3866 3191 reperiri,

2286 3221 2395 3277 quo
2432 3223 2555 3261 cum
2608 3207 2805 3261 fiducia
2834 3207 3082 3263 dicamus
3127 3224 3228 3264 nos
3256 3226 3495 3281 quoque,
3535 3210 3602 3267 In
3644 3230 3775 3283 pace
3813 3215 3869 3268 in

2286 3299 2340 3350 id
2363 3299 2534 3368 ipsum
2570 3282 2853 3364 dormiam,
2894 3310 2943 3353 et
2984 3301 3266 3371 consopiar
3285 3303 3369 3355 ’δε
3403 3319 3567 3373 sopor
3603 3282 3693 3362 est
3721 3308 3868 3361 enim

2288 3407 2435 3446 mors
2486 3394 2689 3463 probo,
2737 3393 3195 3464 quemadmodum
3242 3404 3296 3451 et
3335 3395 3599 3453 Dominus
3652 3401 3867 3470 inquit,

2287 3483 2528 3539 Lazarus
2568 3488 2768 3541 amicus
2806 3497 2983 3541 noster
3004 3490 3304 3559 consopitus
3337 3500 3436 3557 est,
3470 3491 3559 3543 sed
3580 3491 3718 3545 uado
3750 3506 3805 3547 ut
3838 3511 3869 3545 a

2287 3590 2470 3629 somno
2498 3577 2724 3629 excitem
2746 3594 2863 3631 eum
2877 3578 2940 3630 ⁸⁵.
2963 3576 3058 3632 Sin
3091 3594 3256 3649 sopor
3279 3588 3383 3645 est,
3414 3580 3677 3635 nimirum
3702 3598 3867 3637 causa

2287 3674 2372 3722 est
2403 3667 2687 3737 requietis,
2724 3677 2781 3721 et
2814 3670 3160 3739 auspicaudze
3189 3672 3446 3741 perennis
3476 3675 3693 3727 occasio
3722 3678 3867 3734 vitae.

2290 3766 2349 3812 ut
2376 3759 2453 3812 ait
2475 3771 2632 3813 sacer
2663 3757 2991 3827 Apostolus:
3025 3760 3183 3815 Nunc
3210 3772 3383 3817 autem
3413 3762 3657 3819 Christus
3692 3782 3872 3820 resur-

2290 3851 2427 3903 rexit
2486 3867 2518 3904 a
2580 3851 2828 3915 mortuis,
2870 3854 3125 3922 primitia:
3144 3855 3517 3911 dormientium
3559 3857 3778 3925 factus;
3811 3874 3875 3912 ae

2291 3956 2510 3995 rursum
2535 3940 2832 4011 :Absorpta
2855 3950 2931 3994 est
2956 3959 3096 3996 mors
3112 3945 3166 3997 iu
3190 3945 3408 3998 victoria
3431 3961 3448 4011 ;
3472 3946 3561 3999 ubi
3578 3960 3679 4014 est,
3707 3966 3872 4013 mors,

2291 4035 2539 4088 stimulus
2569 4035 2727 4088 tuus?
2758 4034 2848 4088 ubi
2881 4044 2981 4099 est,
3012 4033 3164 4103 Orce,
3196 4038 3419 4091 victoria
3452 4040 3581 4093 tua?
3608 4037 3873 4094 Stimulus

2292 4135 2465 4180 autem
2498 4129 2686 4182 mortis
2713 4136 2988 4196 peccatum
3024 4136 3124 4193 est,
3166 4131 3335 4183 virtus
3371 4146 3489 4184 vero
3529 4132 3739 4199 peccati
3766 4132 3870 4184 lex.

2292 4214 2401 4271 Deo
2463 4230 2640 4271 autem
2672 4218 2863 4287 gratim
2916 4218 3008 4285 qui
3060 4216 3204 4270 dedit
3268 4220 3414 4273 nobis
3462 4221 3746 4275 victoriam
3787 4238 3875 4289 per

2294 4307 2578 4363 Dominum
2622 4316 2862 4362 nostrum
2892 4305 3074 4361 Jesum
3102 4305 3368 4363 Christum
3396 4312 3461 4365 “.
3496 4311 3575 4365 En
3610 4314 3874 4383 absorpta

2293 4417 2440 4456 mors
2487 4411 2590 4468 est,
2634 4416 2701 4455 en
2751 4401 2981 4455 victoria
3035 4401 3184 4465 data,
3220 4402 3485 4473 siquidem
3537 4406 3871 4462 confirmat:

621 4501 732 4554 lum
791 4498 1093 4553 fabricatus
1147 4497 1408 4561 destruit,
1464 4497 1517 4548 in
1564 4497 1703 4547 bane
1750 4494 1918 4548 vitam
1969 4495 2192 4549 minime
2222 4512 2269 4571 υ
2310 4494 2545 4547 Vincenti
2581 4495 2717 4547 dabo
2745 4495 2896 4547 edere
2940 4495 3007 4549 de
3044 4496 3192 4567 ligno
3227 4497 3369 4563 vitae,
3402 4498 3542 4567 quod
3574 4510 3655 4553 est
3690 4501 3749 4555 in
3779 4517 3874 4571 pa-

621 4591 936 4655 rediturus;
974 4605 1079 4644 non
1096 4590 1143 4643 ei
1173 4589 1369 4643 cmlum
1406 4588 1534 4642 utile
1564 4586 1841 4657 deinceps,
1880 4604 1988 4641 non
2022 4596 2188 4651 terra,

620 4700 727 4739 non
764 4699 936 4747 mare,
969 4697 1076 4737 non
1108 4681 1211 4746 sol,
1241 4696 1349 4735 non
1382 4680 1531 4744 luna,
1565 4694 1669 4732 non
1701 4680 1889 4747 stellze,
1916 4696 2024 4734 non
2051 4680 2195 4736 hunc

622 4790 785 4842 porro
847 4788 1030 4828 aerem
1086 4772 1273 4835 ducet,
1324 4783 1430 4825 nan
1489 4778 1708 4840 gutture
1758 4770 2034 4834 clamabit,
2088 4786 2192 4825 non

621 4864 796 4919 oculis
825 4873 1031 4927 cernet,
1084 4878 1190 4917 non
1241 4862 1465 4917 auribus
1517 4860 1777 4925 inaudiet,
1830 4874 1937 4913 non
1974 4862 2197 4916 naribus

621 4955 963 5017 odorabitur,
1008 4968 1117 5007 non
1167 4953 1420 5007 manibus
1452 4950 1787 5013 attrectabit,
1830 4966 1939 5005 non
1970 4952 2197 5021 pedibus

622 5044 946 5109 ambulabit,
986 5059 1093 5099 non
1149 5044 1291 5098 aliud
1325 5084 1340 5109 ,
1397 5058 1626 5114 parvum
1675 5056 2022 5109 magnumve,
2071 5059 2193 5100 eum

623 5136 725 5191 hac
755 5137 861 5190 vita
894 5135 1248 5205 coniunctum
1277 5145 1627 5203 exsequetur,
1648 5148 1768 5202 qua:
1796 5134 2013 5201 quidem
2047 5135 2093 5188 ei
2127 5137 2199 5191 sit

624 5227 917 5295 praeclusa,
983 5240 1047 5279 ac
1108 5226 1571 5279 remunerationis
1631 5231 1850 5275 maneat
1889 5222 2191 5291 judicium:

625 5332 748 5373 nam
778 5315 1031 5385 equidem
1076 5312 1234 5369 nobis
1288 5312 1659 5368 remuneratio
1708 5313 1929 5381 insuper
1963 5316 2196 5383 reposita

693 5519 736 5547 ’⁷
780 5518 947 5572 lCor.
1000 5534 1079 5579 ιιι,
1125 5518 1210 5573 l7.
1288 5518 1384 5572 ⁷⁸1
1431 5519 1560 5573 Cor.
1602 5535 1654 5574 vt
1689 5519 1775 5573 i7.
1850 5522 1896 5552 ⁷⁸
1944 5520 2121 5574 Galat.
2164 5537 2215 5586 v,
2283 5525 2373 5577 Ἃ.

1927 5592 1973 5624 ⁸⁵
1999 5590 2160 5647 Joan.
2196 5609 2279 5658 ιι,
2318 5597 2405 5649 il.

651 5603 731 5652 XI,
765 5588 856 5643 59.
932 5590 977 5621 ⁸³
1002 5589 1149 5643 Psal.
1180 5605 1267 5653 xv,
1301 5590 1354 5644 8.
1433 5589 1478 5621 ⁸⁸
1505 5589 1649 5644 Psal.
1680 5607 1754 5657 tv,
1795 5590 1847 5644 9.

2297 4588 2477 4640 radiso
2508 4586 2602 4639 Dei
2629 4588 2739 4657 (20)
2767 4587 2832 4641 ⁸⁷.
2878 4587 2955 4640 En
2990 4598 3235 4657 apertum
3258 4599 3341 4643 est
3366 4589 3607 4645 caelestis
3634 4593 3870 4648 stadium

2297 4680 2473 4748 regni,
2512 4695 2579 4733 en
2627 4688 2707 4733 ter
2757 4678 2889 4735 felix
2942 4683 3286 4752 propositum
3329 4693 3632 4752 certamen,
3680 4689 3870 4743 victori

2297 4787 2519 4837 corona,
2555 4788 2619 4826 ae
2653 4773 2775 4826 vita:
2804 4773 3061 4827 delicium
3089 4792 3102 4841 ;
3129 4774 3312 4845 itaque
3348 4777 3635 4833 vincamus
3671 4788 3727 4833 et
3753 4796 3869 4841 nos.

2297 4862 2516 4928 fratres,
2567 4864 2872 4933 diabolum,
2923 4867 3054 4921 vitia
3107 4869 3510 4937 proculcemus,
3562 4873 3795 4927 omnino
3842 4889 3871 4928 a

2298 4954 2513 5024 ﬂagitiis
2545 4970 2945 5024 expurgemur;
2986 4960 3214 5014 virtutes
3248 4974 3653 5030 comparemus,
3690 4982 3802 5035 quo
3824 4976 3875 5021 et

2300 5045 2553 5115 inquilini
2586 5049 2782 5107 liamus
2814 5052 3078 5120 paradisi,
3110 5060 3164 5106 et
3188 5053 3339 5106 vitali
3367 5054 3566 5109 arbore
3598 5054 3869 5122 fruamur,

2301 5149 2396 5205 per
2418 5133 2699 5190 Christum
2733 5136 2919 5192 Jesum
2953 5138 3241 5195 Dominum
3264 5150 3531 5196 nostrum.
3563 5142 3667 5198 Cui
3701 5147 3869 5217 gloria

2300 5235 2354 5279 et
2378 5228 2667 5296 imperium
2690 5246 2812 5287 cum
2839 5230 3017 5296 Patre,
3051 5246 3114 5285 ac
3139 5242 3330 5287 saneto
3354 5230 3587 5303 Spiritu.
3648 5252 3797 5295 nunc
3821 5250 3871 5293 et

2302 5332 2541 5389 semper,
2578 5321 2631 5377 in
2666 5336 2993 5393 omnemque
3025 5324 3460 5393 perpetuitatem.
3496 5324 3698 5387 Amen.

2450 5525 2675 5600 “‘ioan.
2712 5543 2833 5591 xm,
2862 5528 2960 5600 ll.
3022 5527 3065 5561 ⁸³
3092 5527 3324 5600 Philipp.
3359 5546 3439 5594 ιιι,
3469 5531 3561 5589 20.

3640 5536 3687 5569 ⁸⁸
3711 5535 3865 5595 Hebr.

2498 5596 2586 5649 "l
2620 5599 2745 5651 Cor.
2778 5616 2866 5663 xv,
2896 5598 2965 5652 55
3000 5615 3154 5669 seqq.

3242 5602 3285 5631 ⁸⁷
3310 5604 3480 5671 Apoc.
3516 5620 3578 5672 ιι,
3615 5607 3669 5661 7.

695 5789 807 5856 (20)
850 5787 956 5841 Τοῦ
988 5787 1123 5841 Θεοῦ
1174 5790 1275 5858 μοῦ
1321 5801 1405 5845 est
1438 5792 1490 5844 in
1526 5788 1648 5842 Vat.
1700 5804 1727 5842 a
1765 5800 1953 5844 nostra
1990 5792 2219 5846 lectione
2271 5806 2355 5851 est
2392 5805 2591 5854 textus,
2628 5796 2696 5847 ab
2733 5796 2849 5859 illa,
2884 5805 2989 5849 vet.
3028 5795 3126 5849 int.
3161 5796 3411 5851 Latinus.
