4000 6306
155 294 266 359 625
1333 335 1645 405 SERMON
1649 343 1740 405 ES
1777 348 2301 422 CATECHETICI.
3317 386 3423 450 626

1775 466 1822 521 Α
1850 460 2063 528 perium
2113 479 2238 526 cum
2291 469 2471 539 Patre,
2501 488 2567 531 ac
2621 488 2815 536 sancto
2868 479 3074 553 Spiritu
3103 528 3120 552 ,
3171 505 3318 547 nunc
3366 505 3422 550 et

1847 563 2085 622 semper,
2113 555 2170 611 in
2204 571 2532 633 omnemque
2543 573 2980 638 perpetuitatem.
3009 577 3204 636 Amen.

678 423 908 488 SBBMO
949 431 1234 496 LXXXIX.

222 539 385 595 Omni
413 545 600 602 studio
645 561 701 606 et
725 557 1010 618 alacritate
1059 567 1288 626 salutem
1323 577 1669 641 moliendum.

921 940 934 945 _
1311 940 1579 952 -_----..-...
1634 940 1738 968 μοι.

155 940 379 1015 Semper
419 953 666 1024 gaudete,
698 959 812 1014 sine
839 963 1228 1030 intermissione
1268 989 1436 1049 orate,
1471 984 1526 1039 in
1570 992 1741 1044 omni-

152 1034 248 1090 bus
291 1044 508 1110 gratias
541 1051 685 1119 agite
703 1053 771 1109 ⁸⁸.
805 1055 1097 1118 Enimvero
1133 1068 1308 1126 tribus
1357 1034 1444 1129 his

153 1128 319 1242 nimis
373 1136 530 1194 salus
586 1154 775 1202 nostra
804 1147 1162 1222 describitur,
1210 1128 1738 1242 siquidem

150 1221 396 1286 gaudere
453 1229 782 1294 probitatem
836 1244 1114 1312 conciliet,
1149 1221 1291 1306 sine.
1325 1221 1736 1322 intermissione

153 1321 312 1366 orare
378 1313 602 1374 diabolo
660 1322 715 1378 in
766 1342 862 1382 nos
915 1329 1095 1388 locum
1147 1337 1290 1396 haud
1340 1313 1732 1413 permittat—,"in

152 1401 418 1459 omnibus
450 1410 657 1477 gratias
682 1430 838 1484 agere
873 1422 1104 1480 evidens
1131 1429 1204 1481 sit
1233 1401 1436 1490 amoris
1468 1436 1731 1498 indicium

149 1489 347 1549 divini.
388 1495 562 1568 Igitur
583 1504 838 1569 utrinque
863 1514 1064 1582 exacti,
1107 1515 1219 1574 Deo
1246 1525 1577 1593 placeamus,
1611 1532 1733 1586 ani-

156 1596 303 1636 mum
343 1586 579 1646 minime
609 1593 1032 1670 despondentes,
1073 1623 1177 1663 neu
1209 1586 1458 1673 socordia
1483 1620 1731 1679 dissoluti

154 1672 206 1725 in
241 1675 600 1747 ministeriis,
636 1696 692 1740 et
714 1690 964 1760 opificiis,
989 1711 1054 1752 ac
1085 1701 1421 1774 psalmodiis,
1451 1712 1581 1779 quin
1603 1727 1728 1769 eum

153 1765 297 1817 omni
323 1764 552 1825 lenitate
578 1786 778 1830 cuncta
811 1764 1174 1851 obeuntes,ut
1204 1791 1387 1849 eximii
1418 1764 1734 1870 m'ultiplicis
1765 1813 1806 1870 Β

151 1849 350 1909 divina:
393 1862 587 1926 gratia:
623 1871 916 1927 teconomi.
952 1849 1091 1930 Non
1123 1880 1324 1937 milites
1373 1849 1640 1957 videmurs,
1671 1901 1730 1948 ut

152 1956 330 2011 regem
373 1949 593 2008 alacres
645 1959 1017 2020 comitentur?
1063 1976 1120 2022 et
1181 1987 1419 2040 quonam
1480 1982 1639 2035 vero?
1673 1983 1728 2039 in

149 2032 376 2105 bellum,
439 2043 760 2118 homicidia,
794 2069 978 2111 neces.
1008 2059 1087 2114 Ac
1115 2032 1470 2123 nihilominus
1492 2071 1561 2126 ob
1581 2032 1729 2143 prae:

155 2137 360 2184 sentem
391 2132 652 2202 gloriam,
689 2150 744 2196 et
780 2156 914 2213 opes
945 2148 1140 2216 ﬂuxas,
1183 2160 1421 2227 prompti
1462 2160 1515 2214 in
1541 2132 1726 2223 omnia

154 2229 480 2283 ruunt,.nos
518 2228 616 2296 qui
675 2231 741 2286 ad
773 2237 998 2293 caeleste
1041 2257 1290 2313 regnum,
1317 2247 1486 2304 vitam
1527 2261 1727 2324 sempi-

157 2315 391 2378 ternam,
437 2314 774 2377 ineffabilem
805 2325 1043 2385 laetitiam
1080 2348 1360 2404 vocemur,
1419 2356 1613 2412 segnes
1661 2361 1727 2402 ac

154 2399 491 2469 praefractus,
521 2423 633 2464 non
666 2414 878 2472 alacres
900 2432 1087 2484 nos,et
1108 2425 1317 2483 excitos
1349 2427 1457 2486 Deo
1485 2433 1725 2502 praebea-

157 2504 288 2556 mus,
320 2509 422 2550 ceu
478 2497 730 2571 egregios
782 2507 988 2566 Christi
1040 2515 1280 2574 milites?
1327 2497 1512 2593 Legite
1558 2542 1721 2596 quem

155 2598 309 2640 manu
341 2595 509 2645 teneo
549 2591 789 2665 librum;
823 2598 1016 2669 videte,
1042 2604 1290 2676 inquam,
1325 2626 1389 2667 ac
1412 2591 1723 2685 cognoscite

155 2673 204 2727 in
233 2689 296 2730 eo
327 2675 556 2736 Patrum
608 2686 859 2756 virtutes,
917 2709 1039 2763 quae
1090 2673 1146 2752 in
1205 2673 1281 2756 iis
1320 2673 1592 2772 alacritas,
1624 2714 1719 2778 qui

155 3055 264 3106 (tua:
286 3047 527 3112 edidere,
565 3055 846 3123 prodigiis.
875 3059 989 3115 Illic
1018 3064 1333 3130 praefulsere
1370 3085 1480 3126 non
1533 3047 1710 3130 solum

156 3133 237 3199 qui
267 3136 334 3190 ah
362 3153 412 3193 o;
432 3139 578 3208 igine
603 3142 827 3202 formosi
863 3150 1052 3208 vitium
1085 3159 1384 3226 nescivere,
1414 3163 1509 3218 sed
1543 3165 1712 3221 etiam

155 3223 239 3290 qui
268 3232 582 3294 proturbati
630 3235 683 3289 in
717 3237 860 3294 fceda
890 3241 1134 3300 facinora
1165 3223 1432 3317 cecidere,
1461 3255 1716 3324 pulcher-

160 3315 282 3371 rima
338 3321 418 3375 usi
468 3325 814 3392 poenitentia,
853 3341 934 3386 °ut
975 3337 1237 3392 socordia:
1274 3315 1588 3412 pretextus,
1621 3357 1717 3404 aut

155 3413 491 3480 contemptus
526 3417 733 3472 nemini
759 3421 831 3475 sit
866 3424 1107 3491 relictus,
1143 3430 1243 3484 nisi
1277 3433 1399 3500 quis
1425 3436 1715 3504 plumbeus

158 3507 275 3552 sane
306 3509 409 3566 est,
427 3517 737 3575 expersque
765 3525 984 3576 sensus,
1006 3532 1166 3584 quem
1197 3521 1489 3590 Apostolus
1517 3526 1715 3584 aﬂatur

159 3586 205 3638 ln
229 3587 335 3643 haec
371 3595 558 3659 verba,
602 3596 771 3669 Surge
801 3606 892 3673 qui
919 3606 1141 3673 dormis,
1171 3619 1222 3664 et
1258 3629 1481 3686 exsurge
1509 3635 1540 3670 a
1573 3635 1715 3674 mor-

160 3677 272 3745 tuis,
311 3692 358 3736 et
389 3684 724 3743 illuminabt't
766 3701 813 3746 te
851 3693 1176 3755 Christus".
1209 3701 1290 3756 An
1316 3677 1528 3762 divitias
1565 3710 1715 3765 boni-

159 3771 270 3825 tatis
291 3775 421 3843 ejus,
453 3789 502 3833 et
534 3782 830 3851 patientiae,
863 3797 912 3840 et
946 3788 1364 3860 longanimitatis
1395 3804 1710 3868 contemnis,

160 3858 388 3929 ignorans
423 3873 677 3937 quoniam
707 3876 999 3946 benignitas
1031 3858 1124 3936 Dei
1168 3886 1237 3937 ad
1261 3889 1620 3955 paenitentiam
1666 3902 1714 3947 te

160 3953 395 4013 adducit?
429 3964 720 4018 secundum
763 3978 937 4022 autem
969 3971 1226 4028 duritiam
1258 3953 1422 4044 tuam,
1455 3992 1504 4034 et
1532 3982 1714 4051 impae-

163 4045 313 4102 nitens
352 4066 461 4118 tor,
507 4054 843 4112 thesaurizas
884 4061 982 4115 tibi
1031 4063 1168 4117 iram
1211 4067 1264 4120 in
1316 4069 1455 4123 diem
1497 4073 1621 4140 ine,
1662 4083 1712 4128 et

161 4138 498 4211 reuelationis,
529 4157 578 4198 et
600 4145 743 4214 justi
753 4150 952 4217 judicii
980 4152 1094 4216 Dei,
1121 4159 1210 4224 qui
1235 4159 1412 4213 reddet
1435 4138 1714 4234 unicuique

162 4233 428 4288 secundum
487 4253 652 4306 opera
696 4239 909 4308 ejus”?
963 4243 1195 4314 Videsis,
1248 4233 1712 4323 contetnptor,rac

163 4318 322 4376 minas
381 4329 722 4394 extimesce,
789 4342 952 4403 atque
1003 4351 1034 4392 e
1082 4347 1430 4410 contemptus
1484 4361 1712 4419 exsurge

2436 654 2667 715 SEBMO
2709 660 2825 718 XC.

1915 730 2246 794 Faciendum
2275 759 2379 800 non
2408 762 2518 802 esse
2545 759 2603 803 ut
2630 750 2844 809 diabolo
2874 756 3012 824 fores
3039 759 3338 828 pandemus

2191 831 2530 892 admittendis
2563 843 2742 909 pravis
2786 847 3060 916 cogitatis.

1908 910 2130 975 Fratres
2202 920 2526 998 Patresque,
2569 933 2822 1001 equidem
2849 910 3034 995 ‘vobis
3084 941 3230 998 haud
3276 944 3413 1002 citra

1842 1000 2080 1063 laborem
2131 1026 2306 1082 pauca
2354 1017 2502 1086 haec,
2532 1021 2800 1096 nihilique
2841 1028 3053 1088 dissero
3083 1034 3270 1099 verba,
3316 1000 3410 1092 sed

1837 1096 2120 1165 quoniam,
2165 1110 2226 1156 ut
2258 1103 2363 1162 fert
2389 1110 2638 1180 Apostoli
2668 1116 2898 1185 dictum,
2928 1137 3129 1178 munus
3172 1096 3408 1194 praefecti

1835 1193 1922 1240 est
1968 1185 2220 1249 laborare
2261 1195 2316 1252 in
2347 1200 2534 1269 verbo,
2566 1213 2621 1260 et
2647 1205 2915 1276 doctrina,
2950 1215 3232 1269 communi
3266 1215 3406 1271 bono

1834 1279 2224 1346 necessarium.
2262 1287 2517 1357 exiguum
2543 1309 2670 1350 eum
2701 1297 2940 1356 laborem
2963 1302 3118 1359 laetus
3139 1307 3405 1378 suscipio,

1833 1368 2104 1439 siquidem
2154 1385 2210 1431 et
2258 1390 2445 1451 pastor
2491 1402 2617 1443 cum
2659 1390 2871 1448 laborat
2907 1411 3067 1466 grege
3107 1368 3402 1467 pascendo;

1832 1465 1947 1514 tum
2009 1467 2274 1524 mercedis
2301 1486 2399 1541 spe
2430 1473 2644 1531 laetatur
2665 1519 2680 1542 ,
2719 1479 2774 1533 id
2806 1493 2889 1537 est
2927 1465 3125 1540 summi
3163 1490 3400 1556 pastoris

1831 1551 2114 1612 demerito.
2145 1558 2256 1616 Nec
2306 1562 2404 1618 Pol
2454 1564 2595 1638 frugi
2636 1569 2846 1628 alienus
2876 1588 3056 1629 sermo
3083 1551 3189 1640 esti,
3221 1593 3401 1648 quan-

1833 1647 2035 1701 tumvis
2066 1647 2297 1708 forsitan
2329 1658 2558 1713 credunt
2599 1664 2847 1719 nonnulli
2887 1669 3400 1726 sermocinationem

1832 1736 2093 1804 prodesse
2112 1741 2284 1809 nihil;
2315 1746 2410 1814 qui
2441 1749 2587 1803 enim
2618 1761 2795 1820 potest
2817 1770 2927 1809 non
2957 1757 3195 1814 fructum
3221 1760 3401 1817 facere

1836 1835 1943 1881 tam
1987 1830 2083 1898 qui
2119 1831 2362 1890 inaudiat
2387 1850 2656 1909 prompte,
2689 1847 2781 1912 qui
2812 1846 3030 1914 quidem
3059 1850 3132 1905 sit
3159 1865 3260 1920 pro
3288 1853 3400 1907 vir-

1831 1921 1966 1976 tutis
1998 1923 2179 1979 studio
2227 1932 2592 1997 coronandus,
2623 1950 2786 2003 quam
2822 1939 3129 2010 negligens,
3169 1943 3258 1998 cui
3299 1960 3399 2015 pu-

1829 2009 2017 2065 dorem
2052 2013 2178 2068 boni
2215 2019 2489 2088 neglectus
2521 2023 2746 2080 afferat?
2775 2009 3000 2095 Verum,
3034 2009 3314 2100 cohortor,
3344 2046 3399 2091 et

1827 2103 2067 2170 prompti
2118 2105 2341 2176 insuper
2371 2113 2800 2180 promptitudine
2829 2128 3117 2188 certemus,
3152 2137 3205 2178 et
3232 2126 3399 2195 negli-

1826 2200 2014 2259 gentes
2067 2209 2507 2267 consurgamus;
2545 2217 2668 2258 nam
2716 2214 2930 2276 tempus
2955 2220 3040 2266 est
3086 2223 3393 2284 acceptum,

1828 2289 2153 2355 tempusque
2201 2289 2416 2358 salutis,
2446 2296 2592 2364 quod
2626 2299 2673 2354 si
2717 2301 3020 2372 perdimus,
3055 2293 3396 2364 inveniemus

1826 2385 2129 2442 nunquam.

1894 2460 2064 2533 Igitur
2110 2483 2211 2524 nec
2249 2470 2364 2528 dies
2399 2477 2633 2544 segniter
2661 2478 2937 2552 deinceps,
2965 2499 3031 2541 ac
3064 2488 3395 2560 negligenter

1823 2555 2071 2620 transito,
2098 2559 2230 2628 quin
2283 2577 2552 2631 perennes
2607 2583 2866 2639 cogamus
2925 2587 3075 2645 opes,
3106 2555 3393 2648 supplicia.

1819 2654 2025 2709 preces,
2057 2646 2312 2717 alloquia,
2338 2655 2777 2722 gratulationem,
2807 2660 3093 2733 lacrymas,
3120 2646 3393 2735 stimulos,

1739 3130 1788 3192 ct
1816 3099 1988 3154 moria
2019 3105 2290 3171 permulti,
2336 3112 2429 3180 qui
2459 3111 2592 3167 nihil
2645 3130 2768 3172 esse
2806 3119 3138 3190 viderentur,
3174 3125 3243 3179 iis
3294 3129 3392 3196 qui

1816 3189 2021 3260 aliquid
2059 3195 2370 3254 viderentur
2423 3202 2694 3262 illustrius
2728 3207 2968 3266 fulsere?
3001 3224 3291 3285 postquam
3313 3189 3392 3273 ἐι

1816 3292 1999 3337 nostra
2047 3295 2227 3352 aetate,
2258 3299 2314 3345 et
2369 3293 2426 3348 in
2481 3294 2582 3350 hac
2643 3300 2920 3369 republica
2977 3313 3186 3374 nostra,
3222 3308 3274 3362 id
3305 3319 3391 3366 est

1813 3371 2076 3442 exemplis
2121 3377 2428 3447 probatum,
2483 3383 2744 3454 multique
2788 3403 2856 3443 ex
2911 3371 3244 3460 ignobilibus
3323 3411 3388 3450 ac

1814 3462 2137 3531 contemptis
2207 3466 2557 3537 splenduere,
2633 3476 2868 3532 maxime
2925 3478 2980 3532 in
3039 3480 3384 3538 confessione

1813 3547 2147 3606 Christiana.
2186 3551 2335 3610 Unde
2367 3557 2439 3622 id,
2470 3561 2669 3615 sodes?
2701 3578 2824 3618 meo
2867 3565 3095 3636 judicio,
3126 3585 3236 3624 non
3274 3581 3386 3628 tam

1813 3650 1878 3690 ex
1903 3652 2066 3706 opera
2121 3653 2174 3696 et
2225 3645 2492 3701 industria
2532 3654 2838 3721 propatula,
2900 3671 3064 3727 quam
3127 3661 3384 3718 intestino

1814 3724 2054 3791 quodam
2117 3736 2286 3786 statu.
2318 3728 2422 3786 Ubi
2479 3744 2565 3790 est
2618 3737 2761 3793 enim
2792 3724 3113 3798 constitutio
3168 3755 3380 3816 pacata,

1813 3815 2130 3886 puritasque
2152 3822 2371 3889 mentis,
2405 3833 2460 3878 et
2489 3829 2872 3896 mansuetudo,
2898 3845 2964 3886 ac
2990 3815 3374 3904 tranquillitas,

1815 3899 1891 3953 ibi
1921 3902 2140 3968 virtutis
2186 3905 2364 3962 finitio
2423 3917 2526 3975 est,
2559 3910 2909 3985 indidemque
2970 3899 3167 3988 aspicit
3215 3899 3380 3994 Deus,

1813 3990 2268 4058 quemadmodum
2299 3995 2560 4065 scriptum
2619 4010 2723 4062 est,
2773 4003 2853 4055 Ad
2901 4019 3051 4073 quem
3106 3990 3382 4075 respectent

1815 4074 1916 4127 nisi
1966 4075 2035 4127 ad
2066 4091 2418 4145 mansuetum,
2467 4099 2530 4136 ac
2588 4088 2955 4156 tranquillum,
2985 4099 3036 4144 et
3081 4101 3381 4150 trementem

1812 4179 2073 4218 sermones
2111 4183 2248 4221 meos
2281 4169 2369 4223 "‘l
2399 4168 2468 4225 Ut
2495 4172 2667 4228 danda
2699 4191 2861 4244 opera
2915 4179 2987 4232 sit
3037 4182 3234 4251 cuique
3281 4200 3382 4252 pu-

1815 4268 1936 4307 rum
1987 4271 2046 4310 se
2085 4270 2115 4312 a
2144 4261 2482 4316 conscientia
2541 4274 2799 4333 praestare
2858 4267 2990 4333 Deo,
3023 4285 3126 4325 neu
3164 4272 3381 4328 diabolo

1814 4343 1960 4400 fores
2008 4348 2266 4416 pandere,
2291 4352 2643 4410 admittendis
2692 4356 2875 4426 pravis
2933 4361 3218 4429 cogitatis;
3253 4379 3376 4418 nam

163 4423 358 4480 smuno,
405 4419 680 4490 siquidem
724 4432 777 4478 et
806 4440 956 4480 mors
986 4427 1234 4485 imminet
1282 4445 1523 4503 repente.
1549 4437 1624 4492 En
1656 4449 1709 4496 et
1739 4454 1787 4513 ο
1815 4436 1978 4489 simul
2008 4438 2367 4508 admittimus,
2414 4443 2545 4512 quid
2583 4447 2855 4516 patiamur
2882 4453 3098 4520 tenetis,
3133 4455 3224 4523 qui
3248 4455 3379 4511 elle-

163 4499 310 4523 p-_i.
334 4508 346 4523 .
441 4510 463 4523 .
669 4515 681 4523 .
758 4516 769 4523 .
931 4517 942 4523 -

2353 4499 2365 4508 .
2434 4499 2448 4512 .
2884 4499 3098 4520 ---η-η,
3135 4499 3224 4523 .,-.
3251 4499 3349 4511 η...

163 4499 415 4564 Candidus
439 4510 608 4568 frater
633 4515 717 4584 pie
738 4516 972 4573 decessit
1001 4529 1054 4574 et
1081 4523 1312 4590 praaivit,
1336 4499 1473 4582 alter
1492 4537 1546 4583 et
1569 4531 1710 4587 alius
1739 4499 1782 4513 ν
1807 4542 2014 4589 ramur,
2046 4537 2207 4598 atque
2242 4531 2615 4600 immutamur,
2649 4547 2703 4594 et
2729 4540 3038 4594 amaritiem
3079 4544 3375 4613 carpimus,

165 4609 528 4669 consequetur,
565 4621 668 4660 nec
721 4620 899 4665 manet
943 4612 1184 4669 iudidetn
1231 4618 1543 4687 quisquam,
1578 4638 1711 4676 cun-

166 4685 327 4755 ctique
373 4694 667 4750 obibitnus.
703 4697 963 4768 Equidem
1013 4702 1222 4759 felicem
1251 4685 1357 4776 qui
1379 4685 1555 4778 probe
1587 4728 1711 4782 per-

1809 4631 1918 4672 non
1951 4618 2283 4688 voluptatem
2317 4638 2332 4687 ;
2370 4632 2670 4696 contraque
2719 4644 2844 4683 cum
2886 4631 3262 4699 resipiscimus
3282 4636 3377 4704 qui

1809 4708 2006 4777 pacati,
2046 4723 2110 4764 ac
2141 4712 2340 4775 sereni,
2373 4715 2529 4771 melle
2561 4718 2783 4773 suavius
2812 4719 3084 4788 degimus,
3118 4725 3263 4778 velut
3317 4727 3377 4782 in

166 4777 372 4848 vixerit,
421 4801 546 4841 nam
605 4786 703 4842 Pol
745 4806 954 4849 merces
1005 4797 1208 4852 coemit
1234 4799 1604 4868 immortales,
1650 4819 1714 4858 ac

1821 4803 1967 4863 portu
1997 4794 2107 4850 siti.
2146 4796 2419 4867 Valdeque
2442 4803 2638 4857 mirum
2670 4814 2773 4869 est,
2803 4777 3002 4862 virtute
3026 4809 3173 4864 dulci
3222 4827 3378 4866 com-

165 4882 406 4933 quaestum
446 4877 576 4934 fecit
615 4883 1026 4951 sempiternum,
1061 4889 1344 4945 alacritate
1403 4905 1565 4962 atque
1592 4894 1714 4947 dili-

167 4962 324 5023 gentia
380 4971 586 5035 paratis
632 4987 755 5041 qua:
798 4974 973 5043 prima
1033 4986 1088 5031 et
1138 4981 1408 5049 praecipua
1463 4985 1590 5037 sint.
1629 4984 1709 5040 Ac

169 5059 327 5112 POSlL‘a
380 5072 544 5125 quam
597 5062 886 5120 celebritas
931 5067 1114 5122 adhuc
1155 5069 1358 5136 obitur,
1390 5084 1708 5143 prestatque

167 5141 381 5200 mlestis
427 5152 578 5221 regni
635 5167 928 5220 mercatus,
965 5158 1126 5226 agite,
1173 5161 1449 5226 cohortor,
1507 5163 1708 5222 fratres

170 5224 466 5304 Patresque,
517 5241 804 5312 vigilemus
858 5259 1068 5309 omnes,
1119 5257 1282 5316 atque
1340 5253 1702 5319 excuhemus,

168 5317 342 5389 ditique
388 5338 439 5381 ct
469 5331 800 5386 immortalia
848 5349 1182 5405 mercemur,
1217 5356 1326 5408 quo
1359 5358 1482 5396 cum
1519 5343 1704 5397 fratri-

173 5402 257 5460 bus
289 5415 492 5470 cunctis
529 5419 752 5474 cmleste
801 5436 1020 5490 regnum
1046 5427 1382 5483 erciscamur
1426 5446 1521 5500 per
1549 5432 1708 5485 Chri-

171 5503 297 5553 stum
325 5502 504 5562 Jesum
542 5507 832 5566 Dominum
865 5522 1135 5569 nostrum.
1173 5516 1272 5573 Cui
1303 5521 1472 5590 gloria
1513 5531 1566 5577 et
1601 5523 1705 5577 im-

1812 4894 2020 4953 parata,
2044 4895 2097 4941 et
2129 4889 2369 4953 amabili,
2417 4904 2580 4962 atque
2615 4897 2943 4963 expetenda,
2985 4899 3118 4955 vitio
3185 4898 3404 4959 amaro

1816 4990 1879 5030 ac
1907 4978 2110 5040 lethali,
2139 4980 2385 5050 diroque,
2417 4986 2546 5052 quid
2575 4987 2675 5040 hoc
2704 4987 2951 5058 (malum)
2981 4993 3282 5061 capiamur,
3313 5012 3380 5052 ac

1815 5083 1919 5120 non
1946 5070 2127 5138 potius
2170 5071 2236 5124 ad
2308 5073 2656 5140 perfectionis
2713 5080 2959 5135 habitum
3009 5084 3374 5156 diﬂingamur.

1813 5159 1927 5214 Etsi
1982 5161 2061 5216 sic
2087 5173 2268 5216 autem
2308 5164 2627 5238 plerumque
2663 5173 2933 5227 vincimur
2980 5190 3080 5244 pro
3119 5178 3374 5234 imbecilli

1814 5262 2025 5314 natura,
2057 5260 2110 5304 et
2133 5253 2226 5320 qui
2251 5269 2280 5307 a
2322 5259 2506 5324 pueris
2537 5260 2807 5330 impendio
2857 5265 2922 5318 ad
2951 5267 3092 5320 mala
3144 5269 3373 5338 ingeniis

1813 5342 2210 5410 incumbamus,
2245 5356 2300 5401 at
2333 5365 2396 5402 ne
2423 5354 2612 5407 taedeat
2641 5369 2784 5412 certe
2816 5359 2882 5411 ad
2917 5357 3127 5430 frugem
3165 5377 3264 5416 nos
3292 5378 3374 5415 re-

1813 5435 1992 5504 cipere
2027 5452 2128 5501 ,ac
2157 5439 2343 5494 videns
2369 5441 2508 5498 Deus
2545 5446 2776 5513 labores,
2809 5463 2908 5518 pro
2965 5452 3122 5504 nobis
3174 5466 3375 5521 pr0pu-

1813 5527 1996 5596 gnabit
2021 5545 2035 5593 ;
2067 5529 2314 5600 belloque
2334 5533 2615 5594 lacessitos
2634 5543 2851 5596 aternis
2866 5541 3103 5612 praemiis
3129 5543 3376 5612 donabit,

229 5669 268 5705 ⁸⁸
298 5675 312 5731 Ι
343 5674 529 5738 Thess.
567 5698 618 5751 ν,
653 5684 738 5740 i6.
813 5686 859 5719 ”
884 5687 1080 5759 Ephes.
1119 5705 1169 5756 ν,
1205 5689 1286 5746 Η.
1364 5692 1411 5738 ὀέ
1443 5691 1597 5747 Rom.
1640 5708 1700 5758 ll,

1821 5739 1827 5750 .
1905 5699 1945 5729 "
1988 5697 2086 5750 lsa.
2119 5715 2259 5764 vat,
2292 5703 2344 5764 '2,
