4000 6306
582 343 686 405 627

1749 348 1808 408 S.
1845 347 2231 408 THEODORI
2296 351 2646 414 STUDI'I‘IE

3727 352 3830 415 528

581 462 635 508 et
670 455 931 510 erumnis
979 453 1270 512 defunctos
1300 455 1584 526 probitatis
1615 470 1820 512 corona
1866 457 2146 528 obligabit,
2177 464 2225 522 Α
2253 471 2526 516 certamen
2576 459 2882 517 obedientia
2935 460 3233 516 maximum
3271 470 3351 516 est
3375 461 3466 530 qui
3519 461 3829 518 castitatem

581 545 786 598 sanctis
831 557 1120 609 accensos,
1149 559 1214 600 ac
1242 555 1437 614 suopte
1485 560 1652 616 regno
1702 543 1944 600 aﬂ‘ectos.
1979 545 2152 610 Quem

581 630 752 700 gloria
784 631 960 696 decet,
998 640 1052 685 et
1085 633 1259 685 honor
1297 641 1458 701 atque
1499 632 1679 686 cultus
1709 645 1834 685 cum
1884 629 2062 694 Patre,
2089 644 2152 683 ac

582 732 770 778 sancto
831 721 1066 791 Spiritu,
1117 738 1261 777 nunc
1310 732 1363 778 et
1416 737 1659 792 semper,
1712 723 1767 775 in
1829 734 2155 790 omnemque

585 815 1020 884 perpetuitatem.
1050 813 1244 868 Amen.

1150 919 1384 976 SERMO
1422 920 1556 976 XCI.

587 1009 662 1064 De
713 1011 968 1066 alacriter
1022 1012 1338 1133 obluctantia
1399 1013 1455 1066 in
1511 1013 1850 1066 scelestarum
1906 1013 2156 1082 conflictu

1251 1099 1530 1133 aerisonum.

1251 1099 1530 1138 wnwnum.

655 1169 875 1227 Fratres
910 1170 1230 1242 Patresque,
1279 1174 1456 1228 adhuc
1501 1175 1934 1230 sermocinamur
1985 1189 2154 1245 quor-

588 1276 709 1315 sum
736 1275 801 1315 ac
857 1276 968 1330 quo
1002 1264 1230 1317 evadent
1259 1279 1382 1334 quas
1418 1263 1703 1328 feruntur,
1775 1280 1876 1320 nec
1934 1265 2156 1332 mirum,

587 1365 714 1405 nam
765 1351 819 1404 in
858 1354 924 1406 iis
977 1353 1294 1409 rumoribus
1333 1355 1691 1409 sermocinari
1743 1371 1895 1411 mens
1933 1357 2154 1412 assolet.

589 1440 812 1509 Verum,
841 1445 888 1499 si
921 1445 1158 1510 videtur,
1192 1447 1384 1501 crebra
1414 1447 1874 1502 sermocinatione
1910 1448 2155 1513 dimissa,

587 1533 872 1589 nobiscum
923 1534 1027 1604 ipsi
1052 1551 1329 1600 vacemus,
1367 1537 1432 1590 ad
1464 1535 1806 1600 conﬂictum,
1835 1537 1930 1606 qui
1966 1538 2020 1590 in
2055 1551 2155 1591 nos

588 1624 948 1694 imperspicue
1004 1625 1271 1681 eonﬂetur
1306 1635 1492 1694 noctu,
1526 1636 1579 1682 et
1610 1629 1870 1696 interdiu,
1931 1631 2152 1695 intenti,

588 1732 676 1780 ne,
734 1720 1066 1786 corporalem
1121 1728 1446 1789 spectantes,
1475 1721 1528 1775 in
1569 1722 1752 1777 animo
1785 1724 2152 1778 vulnerentur.

587 1809 756 1879 Ecqui
803 1820 932 1865 sunt
984 1820 1165 1866 autem
1221 1814 1562 1881 perduelles?
1594 1815 1806 1870 scelesti
1858 1815 2153 1882 daemones,

587 1917 821 1971 nequam
873 1903 1118 1970 spiritus,
1157 1904 1344 1957 mundi
1404 1912 1652 1974 potentes
1687 1907 1955 1962 tenebrosi
1992 1906 2155 1976 hujus

585 1992 789 2056 stcculi,
820 2009 1054 2062 quorum
1087 1995 1364 2049 immensa!
1421 1997 1611 2066 capias,
1647 2006 1808 2068 atque
1835 1999 1886 2053 in
1919 2015 2020 2056 nos
2049 1999 2155 2054 im-

584 2084 866 2152 placabilis
925 2084 1148 2139 ferocia.
1203 2085 1525 2156 Quanquam
1576 2103 1643 2143 ne
1703 2089 2014 2155 timeamus,
2048 2106 2152 2146 neu

585 2184 1019 2240 consternemur,
1077 2176 1338 2232 habemus
1370 2193 1468 2233 nos
1526 2193 1745 2249 quoque
1821 2183 2030 2235 socium
2095 2196 2157 2235 ac

586 2276 1060 2335 propugnatorem,
1106 2279 1355 2321 sanctum
1409 2268 1692 2339 Spiritum,
1750 2270 2154 2341 Dominumque

587 2363 833 2408 nostrum
866 2352 1052 2409 Jesum
1095 2355 1397 2422 Christum,
1444 2358 1538 2427 qui
1577 2359 1816 2414 miseriis
1848 2362 2157 2431 morbisque

588 2448 791 2501 nostris
827 2448 1099 2516 susceptis
1128 2457 1291 2517 atque
1346 2450 1597 2516 sublatis,
1645 2453 1970 2508 tentationes
2027 2469 2157 2523 per-

588 2551 803 2605 pessus,
839 2539 1059 2594 teutatis
1091 2555 1414 2596 succurrere
1445 2552 1642 2611 potest.
1709 2542 1881 2609 Quem
1909 2553 1962 2600 et
1992 2546 2159 2600 incla-

589 2644 802 2684 memus
827 2645 949 2684 cum
983 2631 1200 2697 flducia,
1259 2630 1473 2700 Judica,
1505 2634 1742 2702 Domine,
1788 2648 2023 2690 nocentes
2057 2653 2155 2702 me,

590 2734 834 2790 expugna
859 2721 1223 2789 impugnantes
1258 2739 1359 2789 me,
1400 2725 1725 2792 apprehende
1777 2742 1928 2778 arma
1956 2738 2004 2779 et
2035 2743 2156 2779 scu-

585 2819 724 2876 tum,
745 2823 794 2864 et
815 2827 1037 2882 exsurge
1055 2815 1111 2866 in
1127 2814 1452 2882 adjutorium
1472 2816 1620 2868 mihi.
1638 2814 1864 2884 E/funde
1882 2817 2156 2885 frameam,

591 2911 640 2954 et
687 2903 938 2956 conclude
983 2904 1232 2959 adversus
1270 2923 1356 2960 eos
1389 2908 1479 2976 qui
1510 2919 1887 2976 persequuntur
1919 2925 1998 2961 me
2037 2910 2104 2962 ".
2133 2928 2153 2962 ι

592 2991 728 3044 Nam
781 2992 1030 3063 equidem
1063 3009 1163 3049 nos
1189 3005 1592 3069 persequuntur
1640 2998 1846 3064 hostes,
1878 3014 1943 3054 ac
1973 3014 2159 3055 necem

2255 552 2625 624 incorruptam
2689 562 2893 614 tuetur,
2928 568 2993 608 ne
3044 553 3090 608 is
3133 552 3200 607 ad
3235 552 3404 622 praelii
3459 551 3619 606 finem
3652 553 3835 608 deve—

2255 644 2413 697 niens
2442 659 2564 697 eum
2616 644 2764 698 omni
2806 643 3106 706 alacritate,
3158 650 3213 696 et
3255 641 3514 696 ineﬂabili
3551 645 3833 712 voluptate

2255 730 2383 786 hinc
2405 731 2678 798 abscedet,
2704 732 2837 786 nihil
2869 732 3137 786 sollicitus
3161 731 3226 786 de
3252 732 3531 786 auditione
3559 734 3729 798 mala,
3750 737 3832 788 uti

2256 823 2495 878 concinit
2512 833 2730 878 sanctus
2761 822 2949 877 David.
2985 821 3102 878 Non
3128 823 3558 892 triumphatores
3581 824 3835 879 videmus

2257 912 2477 977 hilares,
2515 929 2578 968 ac
2629 914 2892 981 praelaetos
2924 914 3148 969 domum
3204 915 3403 969 reverti
3443 914 3754 982 conflictus,
3777 924 3836 970 et

2255 1002 2496 1057 victoria:
2534 1003 2685 1073 signa
2712 1003 3095 1059 ostendentes?
3134 1004 3277 1058 idem
3322 1005 3374 1057 in
3406 1019 3471 1059 eo
3501 1005 3832 1075 cogitemus,

2256 1095 2738 1164 quiinaSpectabili
2772 1096 2911 1150 bello
2943 1094 3262 1167 perfunctus
3289 1098 3614 1166 praeclarum
3651 1107 3835 1152 certa-

2257 1183 2733 1251 men'decertavit,
2768 1196 2827 1241 ut
2881 1188 2935 1241 in
2976 1188 3113 1242 urbe
3167 1190 3438 1260 vaegrandi
3495 1191 3834 1259 conspicuus

2257 1279 2552 1348 apparebit,
2587 1279 2745 1348 cujus
2775 1279 2976 1348 epil'ex,
3005 1290 3168 1349 atque
3197 1280 3538 1335 architectus
3573 1281 3722 1336 Deus
3747 1291 3835 1337 est

2258 1371 2453 1439 plausu
2503 1378 2762 1438 exceptus
2813 1370 3149 1439 angelorum,
3214 1379 3516 1439 auctusque
3569 1369 3837 1426 divinitus

2257 1475 2479 1526 corona,
2541 1477 2605 1515 ac
2661 1461 2958 1530 requietem
3022 1461 3246 1516 sortitus
3300 1463 3685 1530 sempiternam
3763 1464 3834 1517 ad

2258 1566 2421 1621 quam
2455 1566 2553 1604 nos
2601 1566 2820 1620 quoque
2843 1552 3028 1606 venire
3063 1567 3370 1606 mereamur
3409 1551 3624 1605 Domini
3657 1555 3837 1607 nostri

2255 1643 2384 1698 Jesu
2414 1641 2614 1697 Christi
2658 1644 2920 1697 beneﬁcio
2949 1661 2962 1696 :
2993 1643 3076 1697 cui
3107 1644 3284 1714 gloria
3310 1654 3362 1698 et
3387 1645 3673 1712 imperium
3706 1659 3835 1698 cum

2257 1729 2438 1794 Patre,
2472 1747 2534 1785 ac
2563 1739 2751 1785 sancto
2808 1729 3032 1800 Spiritu,
3066 1747 3208 1786 nunc
3241 1741 3294 1786 et
3331 1746 3565 1802 semper,
3601 1731 3657 1786 in
3711 1747 3840 1788 om-

2187 1798 2229 1852 B
2259 1836 2488 1892 nemque
2521 1798 2951 1891 perpetuitatem.
2984 1822 3175 1876 Amen.

2849 1932 3078 1988 SEBMO
3113 1932 3271 1987 XCII.

2262 2026 2617 2081 Titubandum
2671 2042 2776 2079 non
2825 2042 2935 2078 esse
2971 2025 3023 2078 in
3057 2024 3413 2077 diuturnitate
3440 2022 3840 2089 discriminum,

2501 2099 2629 2166 quin
2661 2098 2989 2165 referendam
3025 2095 3093 2146 ad
3117 2095 3279 2146 Deum
3308 2095 3586 2146 rationem.

2326 2189 2546 2244 Fratres
2590 2187 2907 2257 Patresque,
2934 2187 3181 2257 equidem
3215 2186 3455 2240 studium
3485 2195 3760 2262 nostrum,
3783 2193 3844 2238 et

2256 2283 2320 2334 ad
2361 2280 2530 2336 Deum
2589 2296 2775 2349 preces
2807 2279 2873 2334 ad
2929 2294 3116 2348 pacem
3173 2275 3496 2333 Christianae
3562 2277 3842 2346 pertinent,

2257 2372 2511 2428 Ecclesiae
2541 2386 2555 2423 :
2589 2387 2714 2424 nam
2755 2370 2884 2439 quid
2934 2369 3120 2422 utilius
3167 2383 3296 2437 pace
3343 2368 3411 2422 ad
3473 2368 3715 2437 quietam
3776 2384 3843 2422 ac

2259 2464 2606 2533 tranquillam
2648 2459 2949 2515 obeundam
2982 2460 3036 2513 in
3105 2461 3309 2516 nostris
3371 2459 3724 2514 monasteriis
3761 2461 3842 2513 vi-

2259 2555 2412 2611 tam?
2452 2554 2775 2621 Quanquam
2801 2551 2942 2605 haud
2997 2566 3091 2620 par
3131 2550 3353 2605 credere
3384 2557 3467 2603 est
3494 2547 3760 2616 expedire
3787 2549 3841 2602 id

2258 2645 2502 2710 omnino,
2539 2643 2947 2712 scicndumque,
2979 2657 3086 2711 quo
3114 2640 3425 2696 diuturnius
3454 2638 3525 2694 sit
3541 2639 3844 2695 discrimen

2259 2740 2362 2794 hoc
2391 2738 2612 2806 majoris
2641 2735 3027 2805 explorationis
3058 2749 3280 2788 causam
3311 2731 3564 2802 praeberi.
3592 2732 3737 2801 Ergo
3769 2731 3846 2785 ait

2259 2832 2552 2902 Apostolus
2590 2847 2601 2880 :
2645 2827 2835 2881 Placeo
2865 2828 2993 2880 mihi
3033 2827 3087 2878 in
3121 2824 3566 2894 (infirmitatibus,
3603 2825 3660 2877 in
3715 2842 3846 2879 con-

2262 2919 2511 2982 tumeliis,
2541 2919 2595 2971 in
2629 2912 3042 2977 necessitatibus,
3074 2914 3128 2964 in
3147 2911 3614 2980 persecutionibus,
3662 2913 3719 2965 in
3752 2930 3850 2965 an-

2262 3012 2447 3081 gustiis
2477 3026 2569 3078 pro
2603 3006 2810 3061 Christo
2840 3021 2860 3070 ;
2899 3020 3018 3056 cum
3048 3003 3182 3056 enim
3223 3002 3481 3070 inﬁrmor,
3515 3009 3639 3053 tunc
3663 3011 3851 3069 potens

595 3083 804 3148 sitiunt,
839 3086 1117 3141 instructis
1150 3088 1451 3142 secundum
1501 3089 1751 3144 semitam
1812 3090 1993 3156 noxis,
2029 3106 2163 3145 eun-

2268 3120 2382 3158 sum
2409 3104 2473 3164 ³³,
2494 3097 2845 3168 quamobrem
2866 3109 3175 3164 quousque,
3212 3102 3266 3147 et
3299 3090 3536 3162 quandiu
3576 3091 3851 3158 dimissis,

593 3173 806 3242 ctisque
840 3173 979 3229 dolis
1007 3185 1279 3234 tentantes
1309 3178 1364 3232 in
1399 3180 1604 3248 peccati
1646 3182 1894 3236 scrobem
1935 3197 2035 3235 nos
2064 3183 2165 3235 im-

596 3262 815 3328 pellere.
875 3262 1168 3319 Enimvero
1217 3282 1316 3321 ceu
1374 3269 1575 3323 milites
1614 3285 1714 3325 nos
1743 3285 1960 3340 quoque
1996 3271 2165 3324 inste-

597 3370 717 3409 mus
746 3355 988 3410 vicissim
1014 3359 1169 3426 quasi
1201 3359 1438 3428 quodam
1467 3360 1592 3415 ﬁdei
1614 3369 1667 3414 et
1687 3362 1890 3416 amoris
1922 3362 2164 3426 thorace,

593 3461 658 3501 ac
686 3447 834 3501 velut
866 3449 1018 3517 galea
1047 3465 1141 3520 spe
1174 3450 1345 3506 induti
1408 3452 1599 3508 salutis
1632 3453 1832 3523 quippe
1888 3453 1954 3508 iis
2000 3455 2166 3509 armis

598 3537 795 3593 bellum
829 3540 1168 3612 proﬂigatur.
1224 3541 1342 3597 .lam
1374 3543 1506 3598 illud
1547 3545 1768 3611 mirum,
1812 3544 2019 3613 positas
2051 3545 2169 3626 ipso

595 3632 649 3685 in
703 3631 845 3685 bello
903 3648 1156 3700 coronas,
1187 3634 1240 3688 in
1287 3635 1555 3705 corporali
1596 3647 1762 3700 certe,
1818 3639 1872 3692 ni
1937 3638 2169 3692 luctatus

597 3721 969 3776 adversarium
1007 3733 1342 3792 prosternas,
1369 3725 1512 3780 haud
1568 3743 1845 3796 quaquam
1881 3743 2167 3796 coronare,

598 3813 684 3868 hic
727 3816 773 3867 si
821 3813 963 3868 haud
1011 3824 1362 3884 prosternare
1408 3817 1476 3870 ab
1524 3817 1858 3884 adversario,
1908 3834 2167 3874 coronam

597 3905 672 3958 sis
708 3905 980 3973 indeptus.
1026 3905 1258 3962 Evidens
1281 3908 1334 3962 id
1369 3918 1451 3963 est
1483 3924 1550 3963 ex
1574 3924 1638 3964 eo
1666 3911 1810 3979 quod
1853 3923 2169 3968 sanctorum

596 3993 817 4047 Patrum
876 3995 1091 4049 cuidam
1144 3995 1446 4049 revelatum
1501 4004 1587 4050 est
1635 3997 1704 4052 de
1750 3997 2041 4067 discipulo,
2078 3999 2168 4067 qui

597 4094 943 4156 oppugnatus
972 4087 1173 4157 septies
1194 4087 1344 4142 abire
1361 4089 1568 4158 absque
1591 4101 1918 4155 commeatu,
1949 4092 2170 4146 totidem

599 4177 860 4249 patientia
917 4193 1152 4234 coronas
1203 4179 1566 4248 quaesivisset,
1615 4181 1971 4250 quamobrem
2021 4181 2065 4236 si
2118 4183 2170 4236 in

598 4269 752 4324 bellis
774 4270 966 4338 positas
995 4277 1125 4324 sunt
1147 4285 1385 4336 coronae,
1411 4272 1604 4326 leniter
1638 4275 1925 4338 cohortor,
1970 4273 2174 4327 bellum

599 4361 891 4429 patiamur,
922 4361 1064 4414 haud
1092 4360 1456 4416 diuturnitate
1495 4378 1687 4432 pugna:
1714 4365 2004 4432 przefracti.
2057 4364 2174 4419 Non

2269 3191 2568 3246 referamus
2608 3188 2673 3241 ad
2709 3187 2876 3241 Deum
2940 3185 3229 3246 rationem,
3271 3183 3364 3252 qui
3430 3181 3637 3235 utiliter
3691 3183 3854 3249 plane

2269 3296 2571 3351 temporum
2603 3280 2776 3348 Spatia
2805 3279 3109 3348 dispensat.
3141 3274 3280 3329 Audi
3307 3274 3541 3329 Litteras
3575 3275 3849 3338 dicentes,

2271 3377 2508 3432 Tentavit
2559 3371 2699 3426 Deu's
2765 3371 3037 3424 Abraham
3057 3369 3122 3420 ⁸⁸.
3141 3368 3348 3438 Ecquid
3399 3368 3610 3434 leviter,
3655 3369 3857 3422 sodes?

2269 3481 2634 3536 nequaquam,
2680 3465 2810 3534 quin
2845 3473 2898 3518 et
2943 3461 3315 3530 compluribus
3350 3459 3528 3522 annis,
3567 3468 3622 3514 et
3675 3469 3855 3513 tenta-

2271 3559 2515 3613 tiouihus
2549 3557 2756 3620 multis,
2811 3556 3138 3622 tandemque
3170 3552 3417 3606 absoluta
3463 3551 3568 3605 ﬁde
3599 3565 3856 3618 comper-

2271 3661 2381 3704 tum
2411 3649 2704 3716 alloquitur
2739 3647 2793 3699 in
2824 3645 2937 3698 haec
2989 3643 3152 3696 verba
3188 3658 3201 3694 :
3236 3642 3390 3695 Nunc
3441 3641 3658 3709 cognovi
3714 3640 3854 3708 quod

2272 3740 2455 3793 timeas
2477 3737 2656 3800 Deum,
2677 3744 2724 3788 et
2753 3751 2853 3787 non
2868 3732 3142 3802 pepercisti
3158 3730 3269 3800 ﬁlio
3288 3741 3374 3783 tuo
3392 3729 3709 3782 charissima
3733 3745 3855 3796 pra-

2271 3844 2385 3902 pter
2412 3847 2492 3884 me
2514 3831 2582 3882 9'.
2615 3825 2873 3881 Tentavit
2899 3835 2950 3878 et
2973 3822 3173 3878 Jobum
3200 3831 3313 3875 tum
3339 3821 3644 3889 majoribus
3671 3831 3854 3874 certa-

2274 3923 2531 3985 minibus,
2565 3929 2680 3973 tum
2720 3916 2878 3970 annis
2902 3913 3190 3984 permultis
3222 3926 3236 3976 ;
3263 3925 3325 3967 ac
3358 3925 3584 3964 cernens
3615 3909 3858 3980 denique

2273 4012 2556 4070 tolerantia
2607 4007 2931 4081 perfectum,
2974 4008 3028 4059 in
3073 4009 3215 4059 hanc
3246 4003 3572 4060 sententiam
3611 4004 3858 4071 compel-

2273 4107 2366 4160 lat.
2429 4102 2511 4156 Ne
2553 4117 2631 4154 me
2661 4100 2820 4153 aliter
2847 4097 3096 4152 existima
3146 4096 3254 4150 hac
3281 4096 3336 4148 in
3369 4105 3416 4148 te
3444 4094 3685 4164 exempla
3745 4105 3858 4148 sta-

2275 4195 2456 4256 tuisse,
2502 4207 2660 4262 quam
2701 4198 2757 4242 ut
2815 4188 3007 4256 probus
3041 4185 3413 4255 apparares".
3454 4181 3536 4236 Ad
3584 4182 3854 4235 eumdem

2275 4284 2488 4338 modem
2528 4290 2758 4335 caeteros
2818 4289 2987 4342 vates,
3036 4284 3364 4342 sanctosque
3415 4271 3722 4340 apostolos,
3792 4287 3856 4325 ac

2280 4377 2466 4432 beatos
2505 4383 2788 4443 martyres.
2826 4378 2879 4424 et
2908 4369 3025 4439 pios
3057 4381 3248 4420 omnes
3278 4372 3442 4432 atque
3479 4362 3701 4431 probos,
3747 4361 3856 4417 frc-

604 4453 764 4507 beata
795 4449 930 4505 Sara
963 4466 1058 4520 per
1086 4467 1263 4509 annos
1293 4453 1655 4525 quadraginta
1687 4458 1886 4513 acriter
1931 4459 1999 4512 ab
2021 4461 2175 4512 adul-
2208 4454 2250 4508 D
2281 4465 2572 4536 quentibus
2602 4463 2859 4524 miseriis,
2911 4474 2973 4512 ac
3002 4454 3417 4527 quamplurimis
3447 4452 3607 4506 almis
3662 4454 3854 4522 explo-

600 4555 716 4598 tero
744 4551 1054 4613 oppugnata
1106 4543 1352 4603 daemone
1391 4555 1492 4611 est,
1519 4562 1620 4601 nec
1650 4548 1928 4617 obtorpuit
1955 4552 2174 4604 tamen?

602 4651 709 4701 non
737 4636 929 4691 eodem
960 4637 1125 4691 modo
1153 4647 1209 4690 et
1229 4639 1447 4706 quidem
1477 4654 1505 4694 e
1541 4641 1773 4695 subditis
1804 4652 2170 4712 oppugnatus,

598 4743 662 4784 ac
696 4736 915 4798 rogatus
942 4742 974 4782 a
999 4726 1281 4796 prafecto,
1302 4729 1463 4783 vellet
1499 4744 1565 4788 ne
1594 4729 1842 4786 deoraret
1867 4729 2034 4784 Deum
2063 4747 2172 4800 quo

596 4820 799 4875 bellum
837 4833 868 4873 a
928 4833 988 4873 se
1022 4828 1352 4882 removeret,
1382 4820 1624 4874 animum
1660 4836 1766 4876 non
1805 4821 2064 4876 induxit?
2090 4823 2173 4875 vi-

598 4911 763 4968 debat
791 4911 938 4966 enim
995 4911 1204 4981 positas
1235 4911 1288 4965 in
1337 4911 1479 4966 bello
1513 4912 1789 4967 victorias.
1831 4913 1933 4967 Cui
1966 4915 2175 4968 exstin-

599 5003 820 5074 guendo
871 5003 1015 5056 bello
1062 5002 1201 5056 nihil
1232 5011 1342 5057 tam
1376 5005 1727 5074 praevalidum
1757 5019 1821 5059 ac
1850 5019 2059 5073 preces,
2093 5007 2174 5058 la-

598 5109 822 5164 crynne,
853 5094 1112 5149 contritio
1141 5095 1326 5151 cordis
1352 5110 1365 5146 :
1407 5095 1572 5165 igitur
1604 5107 1663 5151 ut
1692 5097 1952 5151 invaserit
1977 5096 2175 5162 hostis,

601 5195 696 5241 aut
730 5187 895 5240 etiam
935 5187 1136 5241 vulnus
1170 5203 1280 5256 prae
1313 5188 1636 5257 negligentia
1668 5188 1896 5252 dederit,
1928 5188 2177 5242 immisso

601 5280 656 5332 in
687 5278 930 5332 animum
970 5277 1211 5333 libidinis
1241 5277 1368 5343 telo,
1395 5279 1559 5334 illicet
1577 5279 1832 5349 precibus
1858 5288 2101 5342 utamur,
2123 5288 2177 5333 et

602 5385 631 5426 δ
668 5368 827 5424 nobis
861 5367 1136 5438 aufugieti;
1161 5369 1547 5439 lacrymemur,
1580 5385 1645 5426 ac
1675 5371 1841 5427 carbo
1872 5371 2176 5426 exstinctus

603 5464 674 5516 sit
701 5461 904 5516 erroris
942 5461 1216 5517 submisse
1249 5477 1349 5517 nos
1381 5479 1652 5534 geramus,
1688 5472 1741 5517 et
1768 5478 1867 5519 nos
1908 5462 2052 5518 Deus
2082 5479 2176 5518 ex-

604 5554 771 5606 tollet.
849 5553 927 5608 Ac
972 5553 1178 5608 felicem
1238 5570 1368 5610 sane
1408 5556 1500 5624 qui
1556 5570 1614 5610 se
1669 5564 1826 5624 urget
1851 5557 1916 5610 “in
1965 5555 2078 5610 dies
2119 5555 2173 5610 in

605 5661 765 5713 opere
786 5647 989 5708 divino.
1021 5647 1111 5716 qui
1141 5647 1457 5702 obedientiae
1480 5646 1758 5703 molestias
1791 5646 2011 5717 perfert;
2050 5663 2175 5701 nam

679 5767 722 5800 θ’
758 5765 898 5821 l‘sal.
937 5783 1119 5831 xxnv,
1153 5767 1205 5822 5.
1308 5767 1352 5799 ’³
1383 5765 1425 5820 ll
1460 5766 1583 5821 Cor.
1622 5781 1720 5834 xtl,
1757 5765 1840 5821 10.

1920 5767 1964 5800 ’⁸
1993 5767 2125 5831 Gen.
2162 5785 2293 5837 χχιι,
2333 5771 2378 5824 l.

2277 4565 2427 4610 ratos
2490 4553 2874 4618 multatosque,
2927 4546 3122 4600 ascivit
3176 4543 3431 4611 denique,
3482 4550 3541 4594 ut
3567 4540 3636 4595 de
3692 4541 3856 4595 nobis

2277 4646 2415 4699 idem
2467 4645 2538 4699 sit
2591 4642 2956 4712 cogitandum.
2985 4636 3260 4700 Nondum,
3295 4636 3358 4689 ad
3401 4648 3650 4688 cruorem
3688 4635 3856 4688 resti-

2277 4740 2439 4793 timus
2485 4750 2612 4790 cum
2655 4742 2871 4802 peccato
2903 4730 3276 4799 conﬂigentes,
3321 4726 3563 4780 nondum
3625 4735 3714 4778 sat
3771 4727 3856 4778 in-

2278 4825 2601 4882 canduimus
2651 4822 2933 4884 aerumnis,
2967 4820 3211 4874 nondum
3243 4817 3366 4871 fidei
3415 4815 3856 4883 explorationem

2279 4920 2547 4973 sinceram
2607 4913 2960 4984 praebuimus,
3003 4911 3115 4964 haec
3137 4908 3394 4962 nimirum
3451 4905 3614 4975 spatii
3685 4921 3858 4960 causa

2278 5022 2378 5065 est.
2447 5008 2511 5061 Et
2570 5006 2809 5074 alioquin
2862 5019 2984 5057 cum
3037 5002 3281 5071 plerique
3333 4999 3649 5067 resipuisse,
3719 4998 3855 5067 lapsi

2280 5101 2612 5161 viderentur,
2674 5108 2988 5164 quanquam
3046 5091 3188 5145 haud
3248 5091 3432 5144 animo
3487 5101 3658 5151 recto,
3722 5088 3854 5156 quin

2279 5190 2423 5252 ficte,
2454 5203 2518 5242 ac
2555 5187 2648 5256 qui
2682 5185 2800 5240 foro
2843 5191 3140 5246 uterentur,
3169 5197 3262 5235 eos
3290 5182 3382 5249 qui
3415 5181 3526 5234 sint
3555 5188 3855 5248 tempestas

2281 5281 2497 5352 probat,
2539 5277 2842 5353 cujusmodi
2889 5283 3016 5329 sunt
3056 5274 3399 5328 l-leracleotes
3446 5279 3609 5340 atque
3658 5270 3857 5325 Catha—

2284 5375 2460 5438 rinus,
2506 5371 2600 5442 qui
2629 5367 3081 5426 monasteriorum
3139 5365 3392 5435 cupidine
3430 5377 3684 5427 suorum,
3737 5378 3851 5427 seu,

2285 5475 2344 5522 ut
2375 5465 2556 5521 verius
2598 5463 2795 5527 dicam,
2824 5459 3002 5514 studio
3028 5472 3208 5511 rerum
3234 5471 3354 5525 quin
3380 5455 3654 5516 occidant,
3688 5466 3742 5509 et
3775 5457 3854 5508 iu-

2288 5566 2514 5622 tereant,
2542 5569 2755 5612 rursum
2791 5550 2857 5605 ad
2889 5551 3241 5619 imperatores
3285 5549 3580 5602 defluxere.
3620 5545 3698 5601 De
3730 5548 3851 5616 qui-

2287 5649 2389 5706 bus
2428 5647 2619 5703 merito
2653 5647 2754 5700 hoc
2794 5657 3071 5711 usurpes:
3119 5639 3336 5695 Utinam
3367 5632 3629 5710 frigidus
3689 5656 3845 5706 esses,

2456 5769 2498 5799 ⁸⁸
2530 5766 2656 5822 ibid.
2699 5764 2781 5820 12.
2859 5765 2902 5794 ⁹⁶
2929 5760 3030 5818 Job
3076 5774 3158 5828 XL,
3193 5760 3212 5815 l
3243 5776 3398 5830 seqq.
