4000 6306
122 399 213 460 629

1284 387 1689 452 SERMONES
1723 386 2244 448 CATECHETICI.

3272 379 3377 444 630

124 524 204 564 aut
231 511 475 573 calidus;
512 509 606 565 sed
633 509 762 579 quia
825 506 1030 577 tepidus
1059 521 1134 571 es,
1166 513 1215 559 et
1248 520 1339 559 nec
1367 502 1591 564 calidus,
1617 516 1707 555 nec
1737 507 1782 561 Α
1817 515 1917 555 nec
1967 515 2303 564 recenseam,
2349 500 2402 554 in
2434 499 2633 570 quibus
2665 507 2748 554 est
2791 507 2846 554 et
2870 498 2992 554 dius
3029 497 3217 559 David,
3261 506 3380 566 post

127 604 369 672 (rigidus,
396 617 638 656 evomam
669 610 717 653 te
741 615 804 653 ea:
822 616 911 653 ore
938 613 1049 652 meo
1072 598 1140 650 ’⁷.
1165 595 1426 667 Equidem
1459 610 1559 650 nec
1588 594 1708 647 lau-

126 698 394 759 darerim,
426 694 525 765 qui
581 692 930 749 confessione
983 700 1227 761 peracta,
1259 704 1369 744 non
1421 703 1480 744 se
1537 686 1710 742 absti-

131 802 289 841 nuere
350 788 490 856 quin
547 786 617 858 de
673 782 1022 839 monasteriis
1085 780 1201 838 suis
1225 773 1517 843 'curarent,
1552 777 1711 846 quasi

128 878 343 946 quidam
372 875 670 938 bifrontes,
694 885 1002 944 nostraeque
1041 871 1386 933 factiOnis,et
1409 867 1710 925 haeretica}?

133 976 327 1022 nostrae
365 968 442 1021 ob
500 965 923 1028 confessionem,
968 965 1238 1020 heretica:
1291 964 1362 1017 ob
1435 971 1711 1019 monaste-

133 1064 332 1115 riorum
394 1060 764 1115 retentionem
798 1077 812 1124 ;
841 1073 1025 1128 pacem
1061 1057 1298 1126 amplexi
1347 1065 1472 1111 ante
1501 1071 1709 1125 pacem,

134 1164 191 1203 ac
241 1149 510 1217 periculis
550 1153 814 1214 quantum
887 1145 941 1198 in
988 1159 1048 1199 se
1096 1144 1258 1209 foret,
1298 1143 1542 1200 defuncti
1588 1153 1715 1199 ante

136 1239 544 1303 orthodoxiam,
576 1237 758 1292 adhuc
786 1237 984 1305 petitur
1022 1234 1296 1301 Christus,
1329 1242 1383 1290 et
1425 1251 1484 1290 se
1509 1236 1562 1289 in
1594 1235 1714 1290 n'io-

139 1332 370 1386 nasteria
430 1343 687 1398 recepere
719 1345 734 1393 ;
764 1328 944 1382 adhuc
979 1327 1113 1382 diris
1161 1328 1336 1382 sancti
1378 1327 1710 1397 obligantur,

138 1435 197 1474 ac
218 1435 275 1474 se
296 1419 580 1473 obnoxios
610 1418 878 1473 haereticis
897 1421 1205 1484 praebuere,
1230 1433 1353 1472 cum
1391 1418 1473 1472 vel
1506 1418 1715 1487 lapides

139 1516 414 1578 Oportet-et
469 1508 839 1568 conclamare,
869 1517 923 1563 et
944 1509 1239 1563 contestari
1275 1509 1520 1577 pericula
1561 1510 1712 1578 ipsa-

139 1617 241 1670 que
297 1600 698 1655 contumeliam
752 1599 956 1655 Christi
1016 1600 1218 1668 lugere,
1249 1615 1314 1656 ac
1343 1600 1717 1670 deplorareli-

140 1707 260 1761 gna.
294 1691 526 1746 Scilicet
546 1692 639 1760 qui
663 1692 1052 1746 monasterium
1083 1699 1230 1746 tenet
1259 1691 1460 1746 inibive
1482 1691 1718 1746 residet?

143 1779 228 1848 qui
259 1780 444 1832 dicere
469 1786 636 1846 queat
667 1779 840 1847 capite
875 1793 935 1832 se
977 1793 1042 1833 ac
1066 1777 1300 1833 fortunis
1326 1778 1476 1848 peti?
1506 1780 1598 1849 qui
1623 1795 1718 1847 pa-

1813 592 2140 647 adulterium
2192 592 2528 662 caedemque,
2579 591 2819 648 vaticino
2891 600 3107 660 recepto
3133 603 3380 643 munere.

1814 683 1983 740 Maria
2021 693 2167 740 certe
2193 684 2513 756 Egyptiaea
2560 685 2630 740 ab
2660 684 2950 754 inexpletis
3013 681 3273 753 nequitiis
3315 680 3385 734 ad

1813 776 2117 844 angelicum
2149 791 2323 846 genus
2352 776 2579 846 profuga
2609 776 2755 840 vitze,
2816 775 3051 828 emeruit
3098 782 3152 828 et
3186 787 3388 840 praesa-

1814 864 2097 935 gitionem,
2122 873 2180 920 ut
2228 868 2380 921 nulla
2409 866 2623 922 ratione
2653 867 2846 934 cuique
2879 865 2950 919 sit
2972 871 3266 934 praetextus
3297 875 3388 914 re-

1815 955 2000 1017 lictus.
2027 957 2158 1027 quin
2181 972 2274 1025 per
2298 957 2673 1028 paenitentiam
2703 957 2768 1012 ad
2802 957 3032 1010 salutem
3087 955 3269 1008 denuo
3298 967 3387 1007 re-

1816 1056 2027 1104 currat.
2090 1048 2300 1115 Quibus
2340 1048 2607 1119 exemplis
2656 1047 2951 1104 alacriores
2995 1059 3094 1100 nos
3145 1057 3386 1114 quoque,

1815 1139 2020 1208 optima
2055 1153 2358 1208 speremus,
2399 1139 2795 1204 credamusque
2822 1136 2865 1189 si
2900 1135 3123 1202 illapsos
3157 1132 3210 1186 in
3260 1146 3389 1200 pro-

1819 1228 2052 1283 fitndnm
2085 1228 2346 1284 vitiorum
2389 1228 2696 1284 incredibili
2724 1227 2866 1282 Deus
2895 1223 3272 1280 misericOrdia
3299 1238 3388 1275 re-

1816 1321 2052 1382 vocavit,
2085 1335 2149 1374 ae
2181 1320 2441 1382 restituit,
2483 1335 2582 1374 nos
2632 1317 2849 1388 quidem
2879 1330 3012 1372 sane
3044 1323 3388 1370 servaturum

1816 1408 1910 1477 qui
1938 1424 1997 1463 se
2030 1424 2320 1480 nrgeamns
2352 1409 2470 1463 dies
2525 1417 2843 1480 noctesque.
2872 1408 2948 1462 Ac
2979 1420 3137 1460 nemo
3166 1404 3253 1459 hic
3276 1402 3393 1458 fru-

1817 1514 1935 1570 gem
1958 1501 2186 1556 audiens
2231 1500 2502 1560 nocentis.
2550 1501 2740 1562 dicito.
2776 1497 3002 1555 Hiccine
3034 1505 3092 1553 ut
3138 1496 3226 1551 his
3256 1511 3390 1552 sua-

1816 1593 1957 1648 viter
1984 1607 2113 1646 usus
2134 1590 2446 1660 perfruatur
2467 1601 2521 1647 et
2539 1591 2678 1647 illis?
2699 1591 2831 1650 mihi
2850 1591 3073 1653 credite,
3092 1602 3267 1659 neque
3285 1589 3390 1654 his,

1819 1697 1994 1754 neque
2029 1684 2138 1739 illis
2163 1683 2257 1753 qui
2286 1692 2509 1753 peccato
2534 1684 2607 1738 sit
2655 1683 2955 1738 obstrirtus
3009 1683 3253 1738 suaviter
3275 1689 3394 1733 uta-

1821 1782 1930 1839 tur,
1950 1789 2075 1829 nam
2103 1789 2224 1843 quae
2254 1773 2505 1843 (malum)
2539 1771 2782 1828 suavitas
2818 1781 2902 1826 est
2940 1770 3270 1829 adulterare,
3298 1782 3383 1820 ne-

141 1884 251 1922 cem
283 1868 497 1939 ﬂagitet
528 1883 638 1937 prae
676 1882 804 1937 pace
822 1883 930 1939 qua
959 1867 1303 1939 perfruatur?
1336 1868 1441 1924 Sed
1473 1869 1556 1923 hae
1594 1869 1712 1923 dia-
1748 1861 1789 1914 Β
1815 1865 2014 1938 putari,
2055 1865 2247 1935 opibus
2297 1865 2530 1932 inhiare,
2571 1863 2830 1935 peculari,
2861 1862 3186 1931 caeterisque
3244 1860 3392 1913 vitiis

144 1958 243 2013 boli
265 1969 397 2013 sunt
425 1967 599 2020 artes,
629 1974 739 2028 quo
763 1973 887 2014 cum
918 1960 1134 2015 inanem
1160 1960 1562 2030 confessionem
1594 1961 1717 2016 red-

142 2049 248 2115 dat,
280 2058 396 2104 tum
429 2049 802 2105 Christianam
859 2051 1034 2107 elevet
1087 2052 1544 2122 persecutionem,
1580 2068 1717 2111 cun.-

142 2149 382 2208 ctosque.
411 2148 473 2194 ut
501 2141 738 2204 videtur,
772 2141 1045 2210 inquient.

205 2229 535 2300 Quanquam
569 2231 793 2285 minime
832 2231 883 2285 id
916 2231 1139 2295 evaluit,
1170 2230 1375 2289 Christi
1403 2232 1666 2289 beneficio
1693 2252 1710 2302 ;

143 2339 260 2378 nam
285 2332 545 2377 extorres
574 2323 778 2392 degunt
805 2323 1132 2392 complures,
1180 2325 1275 2395 qui
1310 2323 1712 2381 confessionem

142 2417 336 2468 obeunt
363 2422 651 2478 accurate,
687 2427 786 2467 nec
813 2412 946 2467 clari
982 2414 1050 2468 ab
1082 2414 1239 2470 initio
1273 2415 1476 2483 solum,
1506 2416 1600 2471 sed
1627 2416 1711 2473 usi

143 2507 454 2574 pernitentia
479 2519 722 2576 quoque,
766 2504 859 2574 qui
891 2505 1114 2575 quidem
1149 2506 1291 2575 pulsi
1352 2507 1563 2569 obnixu
1590 2523 1710 2562 mo-

145 2600 412 2664 nasteriis,
463 2612 830 2651 aerumnosam
887 2612 1101 2667 ctepere
1160 2600 1348 2666 vitam,
1377 2615 1610 2669 quorum
1654 2600 1709 2655 in

146 2707 364 2746 numero
391 2699 449 2746 et
483 2705 585 2744 nos
611 2689 763 2742 nihili
797 2689 995 2755 simus,
1037 2690 1130 2760 qui
1171 2691 1430 2762 religione
1461 2693 1615 2762 juxta
1646 2707 1710 2748 ac

142 2784 239 2838 vita
271 2791 613 2846 constantes,
635 2790 691 2835 et
714 2781 1022 2837 inconcussi
1057 2797 1240 2851 pacem
1293 2784 1558 2853 agitemus
1583 2800 1706 2839 cum

142 2876 243 2930 Deo
263 2890 359 2947 per
389 2874 685 2930 Dominum
713 2883 956 2926 nostrum
1007 2872 1194 2928 Jesnm
1237 2873 1538 2930 Christum.
1577 2875 1707 2942 Quae

143 2968 184 3020 si
213 2969 350 3022 inest
381 2969 436 3021 in
485 2965 668 3032 nobis,
721 2980 822 3021 nec
877 2966 922 3021 si
957 2976 1228 3021 terrarum
1281 2967 1430 3022 orbis
1484 2976 1701 3034 aestuet,

144 3057 378 3113 fraudem
420 3044 839 3121 contrahamus,
888 3055 1108 3112 Christo
1166 3038 1264 3125 pro
1297 3057 1457 3112 nobis
1503 3073 1704 3127 propu-

144 3157 348 3216 gnante.
377 3147 485 3202 Cui
523 3148 695 3216 gloria
714 3157 769 3203 et
795 3149 1076 3214 imperium
1104 3163 1227 3203 cum
1247 3148 1404 3204 Patre
1431 3163 1494 3202 ac
1516 3159 1704 3204 sancto

146 3237 361 3308 Spiritu,
395 3253 546 3294 nunc
595 3248 650 3295 et
707 3253 941 3309 semper,
995 3240 1045 3294 in
1071 3256 1400 3312 omnemque
1435 3243 1708 3312 perpetui-

145 3339 318 3385 tatem.
391 3331 595 3387 Amen.

707 3423 937 3480 SERMO
970 3425 1150 3480 XCIII.

145 3513 216 3570 Ds
239 3516 302 3570 iis
322 3519 415 3588 qui
445 3516 686 3586 corporis
707 3515 932 3569 inescati
963 3517 1316 3586 voluptatibus
1346 3535 1437 3589 per
1458 3517 1710 3588 paeniten-

522 3609 656 3661 tiam
675 3622 727 3660 se
750 3606 818 3659 ad
842 3607 1043 3677 frugem
1075 3626 1324 3680 recepere.

207 3699 424 3756 Fratres
476 3698 799 3767 Patresque,
850 3701 1059 3755 nullum
1103 3710 1188 3758 est
1246 3703 1707 3773 impedimentum

145 3790 334 3843 servari
380 3788 677 3859 satagenti,
720 3801 820 3842 nec
846 3789 1094 3847 detinens
1150 3804 1444 3861 przetextus
1469 3811 1578 3864 quo
1608 3796 1711 3850 mi-

148 3898 240 3936 nus
266 3883 345 3937 vel
373 3882 444 3936 ad
477 3882 750 3938 scelerum
803 3892 1002 3937 metam
1054 3896 1346 3955 provectus
1402 3888 1710 3956 resipiscat,

145 3974 214 4028 Ac
241 3990 422 4029 veram
473 3989 600 4030 esse
638 3989 758 4028 eam
807 3979 1130 4032 sententiam
1170 3995 1295 4034 cum
1347 3982 1518 4035 multa
1574 3989 1710 4037 sunt

146 4067 398 4134 exempla,
443 4075 560 4122 tum
591 4081 760 4120 unum
790 4080 820 4120 e
853 4069 1038 4125 multis
1071 4069 1127 4124 in
1185 4071 1388 4126 Davide
1434 4073 1708 4128 latronum

146 4153 285 4218 duce,
306 4159 450 4226 quod
476 4156 861 4227 praeparatoria
888 4158 1139 4229 legimus,
1169 4162 1438 4230 siquidem
1460 4163 1709 4217 ostendit

147 4260 310 4301 sermo
336 4257 390 4302 et
417 4249 515 4319 qui
550 4256 673 4304 erat
700 4257 847 4315 ante,
883 4249 1133 4312 sicarius.
1158 4267 1220 4305 ac
1246 4252 1550 4307 facinorum
1586 4255 1707 4323 ple-

147 4348 255 4399 nus,
281 4347 334 4391 et
370 4337 839 4404 quemadmodum
875 4353 1194 4405 conversus,
1217 4340 1435 4410 Deoque
1467 4342 1704 4411 conjun-

146 4434 253 4480 ctus
271 4441 364 4495 per
386 4429 637 4483 habitum
670 4431 1052 4494 monasticum,
1082 4441 1186 4486 tam
1216 4435 1449 4489 evaserit
1480 4435 1707 4502 probus,

147 4524 196 4565 ut
221 4516 298 4570 vel
330 4527 630 4586 occupatos
661 4519 878 4573 diabolo
932 4533 1291 4589 persanaret;
1335 4537 1460 4576 nam
1509 4523 1586 4576 ait
1640 4524 1708 4578 ad

145 4618 255 4660 eum
281 4608 519 4665 Genius:
556 4608 746 4674 David,
781 4611 967 4673 David,
1003 4613 1267 4667 scelerum
1304 4614 1398 4667 tibi
1437 4613 1576 4668 Deus
1611 4631 1705 4670 ve-

147 4700 275 4755 niam
306 4701 453 4768 fecit,
517 4703 741 4772 erisque
764 4703 876 4772 jam
906 4703 1032 4759 hinc
1071 4707 1164 4775 qui
1207 4708 1452 4777 prodigia
1495 4717 1701 4777 patres.

148 4789 195 4844 In
214 4809 316 4862 quo
341 4796 535 4865 ingens
552 4803 637 4848 est
669 4795 976 4851 humanitas
1001 4797 1203 4865 divina,
1252 4813 1356 4874 non
1394 4798 1638 4854 caedibus
1656 4801 1706 4855 ei

147 4891 336 4938 tantum
365 4886 720 4950 condonetis,
748 4887 841 4942 sed
886 4887 1146 4957 signifero
1174 4903 1393 4958 quoque
1448 4904 1514 4944 eo
1547 4891 1708 4946 insti-
1750 4902 1752 4904 '

148 4981 265 5032 tuto.
311 4975 430 5030 Vin'
478 4987 535 5032 et
592 4978 824 5031 alterum
852 4979 1080 5034 videre?
1129 4995 1317 5034 eccum
1377 4981 1709 5050 Manassem,

149 5067 248 5131 qui,
279 5069 470 5125 lsraele
501 5072 668 5124 annis
688 5069 901 5126 duobus
946 5086 1011 5125 ac
1045 5073 1445 5142 quinquaginta
1493 5075 1547 5128 in
1589 5077 1710 5129 ani-

149 5159 238 5213 mis
261 5163 500 5217 colendis
551 5161 863 5216 simulacris
939 5165 1182 5233 seducto,
1255 5166 1378 5220 facti
1439 5169 1709 5236 paenitens

149 5248 360 5316 sincere,
401 5269 528 5308 cum
558 5251 798 5308 donatus
825 5253 996 5309 salute
1029 5265 1131 5321 est,
1181 5268 1294 5311 tum
1319 5272 1539 5312 carmen
1566 5274 1703 5312 con-

147 5338 301 5396 cinuit
328 5342 458 5409 Deo,
492 5344 643 5415 quod
672 5345 938 5417 hodieque
960 5348 1108 5404 canit
1141 5348 1379 5404 Ecclesia
1405 5348 1521 5404 Dei.
1568 5349 1703 5404 Nam

150 5432 277 5495 quod
297 5436 487 5489 attinet
516 5433 587 5489 ad
610 5449 709 5489 eos
745 5437 839 5504 qui
883 5436 1108 5492 inescati
1151 5439 1397 5508 corporis
1425 5455 1613 5494 amore
1643 5455 1704 5496 se

149 5520 205 5572 ad
229 5521 426 5594 frugem
467 5513 749 5594 recepere,
785 5526 927 5596 quod
947 5528 1074 5596 sint,
1102 5545 1376 5600 quamque
1399 5532 1700 5595 numerosi,

214 5653 255 5686 "
277 5655 441 5727 Apoc.
473 5675 557 5726 ut,
591 5659 680 5715 l6.
784 5660 831 5693 "
870 5659 1062 5718 Matth.
1091 5678 1202 5731 xw,
1235 5664 1326 5720 24.

1817 1957 2036 2011 teneri?
2070 1971 2175 2011 non
2227 1957 2263 2012 ii
2312 1967 2550 2012 mentem
2601 1965 2797 2025 gerunt
2847 1954 3013 2012 ftedis
3077 1951 3394 2008 libidinibus

1817 2050 2121 2114 ardentem,
2176 2049 2332 2118 quasi
2399 2049 2493 2118 qui
2551 2047 2797 2103 febribus
2847 2046 3136 2102 laborent?
3171 2043 3239 2100 Ut
3277 2043 3395 2097 haec

1815 2141 1998 2195 verior
2015 2143 2089 2196 sit
2114 2141 2310 2205 oratio,
2352 2151 2466 2196 tum
2501 2141 2588 2195 hic
2608 2155 2702 2195 eos
2723 2140 2926 2210 puniri,
2955 2149 3072 2195 tum
3106 2138 3161 2193 in
3207 2135 3396 2191 futuro

1816 2231 2016 2286 saeculo
2042 2241 2302 2286 aeternum
2329 2231 2637 2301 puniendos
2667 2248 2680 2294 ;
2716 2240 2767 2286 et
2797 2231 3104 2298 voluptates
3157 2229 3395 2298 perditas

1813 2337 1879 2378 ac
1916 2323 2204 2391 pestiferas
2248 2322 2514 2392 amplexis
2575 2320 2960 2394 ingemendum
3005 2320 3117 2386 sit;
3179 2320 3397 2389 illacry-

1813 2415 2092 2479 mandum,
2118 2428 2226 2468 non
2254 2414 2492 2469 suaviter
2509 2413 2745 2483 gaudere
2776 2421 2982 2474 sontes,
3009 2405 3174 2482 atque
3211 2414 3395 2481 impu-

1811 2507 1918 2562 dici
1947 2507 2242 2570 credendi;
2291 2515 2546 2560 caeterum
2600 2507 2693 2574 qui
2725 2506 2979 2560 virtutem
3027 2505 3306 2575 praeferat,
3341 2511 3391 2560 in

1811 2613 1983 2668 eaque
2010 2600 2177 2659 vivat,
2210 2612 2279 2652 ne
2309 2599 2356 2652 is
2373 2607 2605 2668 utraque
2638 2599 2903 2663 lucretur,
2936 2613 3000 2654 ac
3030 2598 3146 2669 iugi
3190 2614 3393 2654 arcana

1809 2693 2088 2762 voluptate
2118 2705 2216 2761 pro
2260 2691 2573 2745 innocentia
2626 2691 2881 2757 fruatur,
2927 2692 3393 2762 quemadmodum

1808 2785 2004 2846 sancti,
2034 2783 2089 2838 in
2114 2783 2222 2839 Deo
2250 2783 2472 2839 assidue
2501 2783 2798 2854 gaudentes
2817 2824 2832 2850 ,
2870 2794 3175 2852 cunctaque
3205 2771 3393 2839 ~studio

1806 2874 1988 2930 divino
2016 2874 2426 2944 posthabentes.
2458 2872 2607 2940 Quos
2625 2875 2820 2928 imitati
2844 2884 2896 2929 et
2913 2889 3014 2930 nos
3041 2875 3234 2929 fratres
3256 2917 3272 2941 ,
3301 2875 3396 2929 la:-

1807 2973 2003 3030 temur,
2029 2975 2082 3020 et
2107 2966 2339 3020 invicem
2371 2966 2730 3036 gratulemur,
2753 2966 2913 3021 saluti
2939 3007 2954 3030 ,
2979 2967 3392 3039 exercitationi,

1805 3055 2532 3124 tolerantiae,morigcrationi
2551 3057 2860 3128 frangenda:
2873 3058 3236 3130 voluntati,(id
3248 3061 3392 3130 quod

1810 3148 2126 3218 martyrium
2168 3147 2272 3217 est)
2309 3149 2520 3203 caeteris
2541 3149 2756 3216 studiis,
2785 3165 2849 3204 ac
2877 3150 3265 3206 certaminibus
3305 3151 3394 3205 in-

1810 3239 2095 3304 haerentes,
2119 3254 2228 3310 quo
2259 3239 2343 3295 his
2363 3239 2623 3296 absolutis
2652 3256 2940 3311 perennem
2967 3245 3129 3298 vitam
3155 3243 3393 3298 ercisca-

1809 3345 1932 3383 mur
1946 3345 2040 3398 per
2057 3330 2331 3386 Christum
2352 3329 2538 3387 Jesum
2559 3332 2844 3388 Dominum
2869 3347 3136 3390 nostrum.
3159 3337 3259 3392 Cui
3280 3341 3394 3409 glo-

1811 3422 1892 3476 ria
1916 3432 1972 3477 et
1997 3421 2284 3492 imperium
2316 3439 2439 3478 cum
2463 3423 2644 3489 Patre,
2663 3441 2729 3484 ac
2756 3436 2944 3483 sancto
2962 3427 3188 3497 Spiritu,
3246 3447 3394 3487 nunc

1809 3523 1865 3568 et
1892 3528 2126 3585 semper,
2155 3515 2207 3569 in
2246 3531 2570 3588 omnemque
2591 3521 3024 3588 perpetuitatem.
3054 3522 3249 3578 Amen.

2367 3630 2602 3689 SERMO
2643 3632 2827 3690 XCIV.

1814 3719 1891 3775 De
1920 3721 1985 3776 iis
2012 3739 2130 3795 qua:
2161 3725 2384 3780 molesta
2421 3727 2477 3779 in
2510 3729 2619 3781 vita
2650 3722 2946 3781 caenobiaca
2978 3728 3285 3795 credantur,
3327 3747 3392 3785 ac

1975 3794 2081 3846 sint
2110 3796 2360 3862 praelata,
2386 3797 2446 3849 ob
2473 3814 2618 3866 spem
2654 3799 2707 3850 in
2732 3798 2876 3852 catis
2908 3801 3219 3880 repositam.

1885 3880 2100 3938 Fratres
2125 3883 2442 3954 Patresque,
2475 3888 2755 3943 enimvero
2809 3899 3014 3944 arctam
3049 3905 3170 3945 esse
3222 3902 3276 3946 et
3308 3891 3391 3946 af-

1814 3973 2016 4031 ﬂiCtam
2048 3979 2403 4034 monasticam
2437 3979 2601 4034 vitam
2632 3995 2699 4034 ex
2732 3980 2834 4034 hac
2862 3980 3141 4035 Dominica
3171 3990 3392 4035 senten-

1814 4067 1886 4121 tia
1907 4068 2074 4137 liquet
2099 4087 2110 4122 :
2139 4065 2199 4122 Si
2222 4070 2339 4137 quis
2367 4072 2476 4122 vult
2503 4081 2618 4139 post
2642 4087 2722 4124 me
2752 4072 2944 4133 venire,
2964 4072 3180 4140 abneget
3202 4085 3392 4127 semet-

1815 4159 2007 4228 ipsum,
2040 4170 2089 4212 et
2113 4158 2265 4213 tollat
2292 4177 2495 4215 crucem
2515 4178 2688 4225 suam,
2713 4171 2760 4216 et
2798 4174 3053 4233 sequatur
3081 4180 3160 4218 me
3181 4165 3248 4217 ⁶⁸.
3269 4163 3390 4220 Jam

1816 4250 2218 4304 mundanorum
2273 4266 2492 4321 quoque
2533 4253 2730 4321 Oppido
2771 4255 3025 4310 acerbam
3078 4259 3388 4325 spectacula

1815 4340 2072 4396 clamant.
2106 4341 2216 4397 Nec
2239 4344 2304 4398 de
2333 4345 2588 4399 omnibus
2613 4344 2825 4411 loquor,
2857 4346 3002 4416 (nam
3034 4346 3161 4416 quis
3189 4350 3389 4417 ampli-

1820 4434 1942 4488 ticet
1982 4450 2104 4503 quae
2137 4444 2392 4505 gerantur
2421 4436 2633 4504 singula
2666 4437 2966 4508 dicendo,)
2998 4439 3130 4508 quin
3177 4453 3208 4494 e
3251 4441 3390 4496 bello

1814 4525 2073 4593 dilapsos,
2093 4527 2138 4579 si
2163 4527 2396 4593 videtur,
2426 4529 2853 4598 contemplemur
2881 4531 3062 4591 modo.
3095 4546 3202 4586 non
3225 4533 3391 4586 amis-

1814 4617 1890 4671 sis
1927 4631 2047 4685 quae
2099 4619 2355 4676 tenebant
2399 4621 2705 4686 universis,
2760 4622 2889 4677 nudi
2924 4623 3317 4692 propemodum
3357 4640 3390 4679 e

1815 4708 2178 4764 Barbarorum
2210 4711 2393 4780 fugere
2419 4714 2617 4767 manu?
2650 4729 2756 4767 non
2796 4715 2993 4784 partim
3031 4716 3198 4769 habiti
3235 4717 3388 4787 igno-

1817 4802 2046 4856 miniose
2074 4814 2222 4867 sunt,
2241 4813 2295 4857 et
2318 4804 2370 4857 in
2395 4805 2650 4860 exsilium
2679 4806 2852 4873 missi,
2878 4823 2942 4862 ac
2971 4808 3060 4877 pol
3090 4811 3382 4878 primores,

1815 4896 2012 4964 partim
2057 4895 2322 4965 dignitate
2357 4899 2511 4965 moti,
2561 4901 2755 4967 partim
2818 4902 2944 4967 huc,
2983 4902 3112 4956 illuc
3141 4889 3384 4970 dispersi

1814 4995 2074 5051 tremunt,
2107 4997 2160 5042 et
2195 4988 2480 5043 inhorrent
2512 5007 2620 5062 pra:
2658 4992 2725 5054 iis
2757 5008 2878 5062 qua
2907 5009 3031 5047 mox
3065 4994 3385 5063 patientur?

1807 5078 2142 5149 Criminique
2167 5081 2328 5134 datur
2357 5083 2500 5149 quod
2536 5083 2586 5136 in
2614 5084 2730 5138 acie
2753 5100 2860 5138 non
2893 5100 3162 5148 mansere,
3193 5101 3257 5142 ac
3285 5102 3383 5155 pe-

1805 5173 1941 5226 riere
1970 5189 1984 5238 ;
2011 5162 2208 5228 etenim
2235 5183 2440 5227 tantum
2479 5175 2548 5228 ab
2583 5175 2649 5229 iis
2678 5177 2917 5231 studium
2973 5187 3029 5230 et
3057 5176 3382 5246 obsequium

1803 5263 2097 5333 flagitatur,
2127 5273 2186 5318 ut
2223 5264 2304 5320 vel
2348 5279 2548 5334 corpus
2587 5269 2936 5338 animamque
2997 5269 3293 5339 negligant,
3335 5272 3383 5327 si

1813 5357 1885 5406 sit
1916 5367 2158 5408 necesse
2202 5353 2256 5407 in
2297 5355 2524 5423 gratiam
2570 5358 2849 5427 principis.
2891 5357 3158 5412 Caeterum
3197 5369 3379 5416 nostra

1813 5459 1938 5498 cum
1974 5452 2196 5501 sanctus
2242 5443 2476 5514 Spiritus
2507 5447 2694 5503 laetitia
2722 5449 3013 5520 conjuncta
3043 5447 3154 5519 (2|)
3197 5464 3379 5521 pugna

1811 5547 1912 5600 est,
1949 5546 2008 5591 ut
2040 5531 2341 5609 prteliatum
2393 5540 2465 5595 sit
2507 5543 2649 5611 quod
2701 5542 2959 5598 acerbum
2996 5541 3265 5610 videatur,
3306 5546 3376 5600 ob

215 5792 317 5859 (2t)
353 5795 544 5867 Θλῖψις
594 5806 681 5854 est
736 5796 789 5851 in
823 5796 943 5853 Vat.
994 5815 1103 5869 quo
1147 5811 1248 5868 est,
1294 5817 1560 5868 aerumna,
1614 5819 1709 5875 pro

1821 5807 1997 5880 λησις,
2037 5810 2182 5881 quod
2216 5811 2412 5882 placet.
