4000 6306
594 345 693 415 631

1775 346 1838 405 S.
1863 346 2253 407 THEODORI
2289 345 2638 408 STUDITE

3732 335 3839 397 632

593 475 743 528 spem
779 461 833 514 in
881 459 1037 515 caelis
1065 459 1378 528 repositam.
1429 456 1572 528 Ergo
1616 456 1758 511 haud
1787 456 2155 511 sumtndimur
2189 465 2228 515 Α
2261 457 2346 512 his
2380 458 2487 511 alia
2516 453 2856 512 consectaria
2884 459 3013 508 sunt
3040 464 3140 522 pro
3167 448 3466 505 monastica
3497 448 3630 503 vita.
3651 448 3840 514 Quan-

597 552 826 621 pudore,
859 552 974 620 qui,
1009 550 1247 620 gloriolae
1291 550 1396 610 his,
1443 565 1506 603 ac
1567 550 1830 620 pnemioli
1871 563 2035 603 causa
2087 558 2166 602 tot

596 650 854 710 tantaque
902 640 1284 703 subeuntibus,
1341 650 1640 708 contraque
1680 639 1931 708 jubentes
1964 640 2166 693 mutire

598 732 961 792 audientibus.
1014 746 1110 798 pro
1147 739 1256 784 tam
1303 731 1555 785 maximis
1609 737 1662 782 et
1693 729 2024 792 caelestibus,
2066 744 2165 784 nec

601 825 862 879 tantillam
908 840 1206 877 aerumnam
1260 824 1451 877 leniter
1483 822 1759 877 feramus?
1788 821 2042 887 Quanam
2084 832 2167 876 est

600 925 777 970 autem
829 917 1111 969 aerumna?
1157 917 1302 985 quod
1359 923 1551 985 prazter
1607 915 1936 968 voluntatem
1981 913 2164 967 forsan

601 1006 959 1059 ministerium
997 1006 1230 1075 iussum,
1265 1007 1441 1069 cibus,
1466 1016 1645 1075 potus,
1680 1008 1929 1069 vestitus,
1958 1005 2169 1058 calcea-

603 1107 801 1163 menta,
857 1098 1031 1158 locus,
1090 1096 1393 1165 modusque
1443 1097 1782 1157 obedientiae,
1835 1095 1979 1149 aliud
2037 1095 2166 1164 quid

601 1187 868 1256 ejusmodi
926 1199 1156 1242 mentem
1194 1188 1550 1242 conturbans.
1602 1185 1724 1240 llaec
1757 1188 1901 1240 enim
1945 1201 2073 1240 vero
2113 1196 2170 1241 ut

612 1290 740 1335 sunt
764 1281 1011 1344 molesta,
1040 1297 1144 1335 non
1177 1283 1311 1335 adeo
1348 1290 1551 1343 tamen,
1589 1288 1649 1332 ut
1673 1280 1740 1330 ah
1770 1278 1946 1332 ollicio
2000 1278 2168 1332 dimo-

605 1379 788 1436 veant,
836 1372 1103 1440 siquidem
1155 1371 1298 1424 haud
1342 1379 1468 1426 sunt
1499 1385 1656 1440 pares
1702 1369 1864 1438 hujus
1904 1369 2168 1438 temporis

607 1462 840 1517 miseria:
864 1463 932 1517 ad
968 1479 1087 1518 eam
1113 1463 1339 1534 gloriam
1370 1479 1492 1533 quae
1522 1462 1574 1516 in
1601 1477 1703 1516 nos
1733 1459 2035 1515 exhibenda
2063 1467 2166 1513 est.

608 1551 712 1606 Pro
744 1555 941 1624 quibus
975 1555 1020 1608 si
1051 1555 1131 1608 vcl
1155 1556 1506 1607 amburamur
1530 1552 1770 1623 quotidie
1801 1551 1934 1620 pati,
1963 1549 2034 1604 sit
2071 1564 2170 1603 ne-

607 1659 784 1707 cesse,
812 1647 1006 1700 nedum
1037 1657 1095 1700 ut
1125 1656 1232 1700 tam
1266 1645 1474 1700 levibus
1501 1646 1566 1699 de
1595 1645 1776 1699 causis
1824 1658 1888 1698 ac
1911 1641 2168 1697 tolerabi-

609 1737 750 1791 libus
796 1738 1093 1805 riugamur.
1140 1738 1316 1806 Atque
1363 1737 1477 1790 haec
1519 1735 1740 1789 minime
1789 1733 2023 1789 disserui
2063 1746 2172 1801 quo

607 1828 1014 1894 contristamur,
1040 1829 1166 1897 quin
1193 1843 1430 1882 amorem
1468 1825 1766 1889 videamus,
1802 1838 1912 1896 quo
1938 1839 2036 1879 nos
2067 1824 2173 1878 cle-

611 1933 763 1974 mens
798 1927 1118 1988 prosecutus
1161 1920 1303 1975 Deus
1335 1928 1441 1984 est,
1496 1918 1587 1988 qui
1615 1917 1725 1988 (22)
1757 1915 2034 1971 communi
2062 1916 2174 1968 vita

608 2012 864 2063 sacerdos
896 2010 947 2063 iu
980 2009 1122 2064 hanc
1166 2025 1379 2064 sacram
1425 2009 1842 2078 professionem,
1873 2007 2176 2061 caelestem-

608 2117 713 2171 que
759 2103 1104 2172 conscripsit.
1140 2101 1242 2167 Qui
1290 2117 1391 2156 nec
1436 2116 1557 2169 qua:
1597 2101 1777 2168 exigat
1824 2114 1854 2152 a
1907 2097 2062 2152 nobis
2108 2097 2175 2151 ad

609 2206 767 2250 usum
816 2191 982 2260 exigit
1031 2206 1192 2245 suum
1221 2229 1234 2254 ,
1271 2189 1710 2260 quandoquidem
1756 2188 1946 2258 plenus
1979 2196 2062 2241 est
2095 2194 2176 2240 ter

608 2285 867 2352 optimus,
916 2292 971 2337 et
1010 2283 1210 2336 nullius
1257 2282 1493 2351 indigus,
1544 2280 1638 2334 sed
1688 2291 1871 2333 noSIra
1931 2278 2174 2347 ipsorum

611 2375 805 2443 gratia,
842 2384 898 2429 ut
940 2373 1260 2428 beuelicium
1288 2375 1588 2442 capiamus,
1639 2386 1702 2425 ac
1743 2385 2046 2432 servemur,
2078 2369 2176 2422 ita-

610 2481 734 2533 que,
768 2465 985 2527 fratres,
1015 2465 1160 2519 omni
1194 2464 1529 2519 dubitatione
1564 2472 1792 2523 remota,
1819 2477 1914 2530 per
1943 2462 2178 2514 toleran-

612 2557 742 2608 tiam
779 2564 990 2610 mentes
1035 2555 1474 2609 incolumitemus
1498 2593 1513 2617 ,
1552 2561 1801 2606 cunctam
1852 2550 2177 2604 incidentem

614 2646 969 2699 tentationem
990 2653 1328 2713 superantes,
1351 2643 1513 2696 nullis
1534 2641 1662 2695 victi
1694 2641 1963 2710 cogitatis,
2006 2653 2180 2708 quan-

617 2739 819 2791 tumvis
854 2738 1150 2806 probandis
1183 2736 1358 2799 nobis,
1394 2746 1446 2790 et
1472 2733 1819 2802 explorandis
1843 2733 2093 2802 ingruere
2114 2732 2181 2785 si-

615 2836 834 2888 nantur,
872 2826 1144 2893 vitamque
1186 2834 1426 2878 nostram
1478 2823 1614 2876 male
1649 2822 1868 2884 habere,
1896 2833 2007 2888 quo
2042 2834 2179 2888 prae-

616 2919 842 2972 fidentes
862 2917 1258 2986 cumApostolo
1285 2931 1384 2970 nos
1405 2929 1621 2984 quoque
1646 2913 1825 2968 dicere
1849 2912 2179 2966 habeamus:

621 3011 684 3064 In
707 3011 948 3064 omnibus
973 3009 1367 3064 tribulationem
1391 3008 1645 3077 patimur,
1666 3005 1755 3059 sed
1785 3021 1884 3058 non
1908 3003 2182 3072 angustia-

618 3118 757 3164 mur;
775 3103 1101 3169 aporiamur,
1120 3101 1206 3154 sed
1239 3117 1342 3154 non
1369 3099 1710 3152 destituimur
1732 3112 1750 3159 ;
1776 3096 2182 3164 persecutionem

616 3195 872 3262 patimur,
906 3192 996 3245 sed
1026 3207 1126 3243 non
1159 3188 1600 3256 derelinquimur;
1631 3186 1932 3254 dejicimur,
1963 3181 2051 3235 sed
2082 3197 2185 3234 non

618 3287 871 3354 perimus,
892 3300 1093 3353 seraper
1124 3282 1583 3350 mortiﬁcationem
1613 3278 1738 3332 Jesu
1767 3278 1824 3330 in
1853 3290 2067 3344 corpore
2093 3287 2187 3325 no-

621 3388 731 3430 stro
767 3376 1189 3444 circumferentes
1206 3375 1272 3426 ”.
1306 3371 1427 3438 Quo
1460 3370 1767 3425 adhibendo
1815 3367 2017 3432 studio,
2050 3368 2187 3419 vita-

627 3483 732 3536 que
759 3467 1058 3535 procincta,
1087 3467 1196 3518 Deo
1245 3465 1667 3533 complacentes,
1699 3455 2186 3527 cmleste'regnum

625 3564 872 3615 ineamus
918 3575 1010 3627 per
1045 3557 1319 3612 Christum
1362 3553 1545 3609 Jesum
1579 3552 1864 3606 Dominum
1915 3562 2186 3612 nostrum,

624 3647 712 3707 cui
744 3653 914 3721 gloria
945 3663 996 3705 et
1031 3649 1318 3718 imperium
1348 3662 1471 3702 cum
1503 3645 1663 3697 Patre
1686 3683 1701 3707 ,
1752 3658 1814 3695 ac
1844 3649 2032 3695 sancto
2064 3638 2187 3707 Spi-

627 3746 755 3807 ritu,
789 3758 933 3797 nunc
961 3751 1016 3796 et
1039 3757 1272 3809 semper,
1305 3741 1356 3792 in
1389 3749 1716 3804 omnemque
1746 3734 2185 3802 perpetuitatem.

627 3838 820 3888 Amen.

1185 3941 1415 3996 SER-MO
1455 3937 1617 3994 XCV.

633 4038 706 4093 De
731 4045 898 4102 arcto,
932 4045 980 4090 et
1008 4044 1229 4106 angusto
1255 4035 1458 4093 itinere,
1483 4033 1721 4114 ‘lwtoque
1745 4029 1867 4084 vitae
1900 4026 2190 4080 diversorio

1282 4118 1541 4172 perenms.

705 4197 927 4253 Fratres
979 4195 1299 4265 Patresque,
1357 4195 1449 4262 qui
1483 4193 1778 4263 longinquo
1809 4209 1873 4248 ae
1911 4193 2192 4248 salebroso

634 4296 828 4348 itinere
861 4291 1299 4360 proficiscuntur,
1335 4302 1461 4341 cum
1507 4287 1796 4350 laborant,
1841 4298 1892 4338 et
1928 4285 2024 4339 vim
2060 4286 2189 4338 sub-

632 4385 828 4441 condis
872 4383 1133 4438 molestiis
1172 4381 1379 4443 dolent,
1434 4388 1545 4432 tum
1590 4376 1714 4429 boni
1768 4390 1863 4444 spe
1905 4376 2191 4431 diversorii

2265 565 2452 618 quam,
2485 549 2573 604 hic
2606 562 2819 616 quoque
2847 547 2970 601 linis
3007 544 3260 614 praelatus
3286 552 3388 597 est.
3421 541 3714 608 Quisnam,
3743 554 3838 594 so-

2265 641 2393 696 des?
2443 640 2844 701 immortalitas,
2875 652 3036 708 quam
3076 635 3415 690 certissimus
3446 633 3586 687 Dens
3612 645 3672 686 se
3694 646 3837 700 prae-

2265 731 2475 786 stolatis
2504 731 2743 799 praebere
2771 729 3081 799 stipulatur.
3113 725 3478 792 Quamobrem
3516 729 3714 777 cuncta
3750 720 3844 774 hic

2268 823 2459 877 acerba
2495 824 2565 875 ob
2597 821 3089 882 immortalitatem,
3118 817 3317 870 fratres
3351 813 3710 884 gratulanter,
3751 818 3840 864 at-

2265 926 2369 981 que
2413 913 2681 981 patienter
2733 911 2994 975 feramus,
3041 909 3472 963 cohonestantes
3527 912 3717 956 nostro
3780 901 3838 954 in

2267 1017 2513 1072 corpore.
2540 1003 2844 1072 spirituque
2871 1001 3059 1056 Deum.
3083 999 3156 1052 At
3179 998 3270 1068 qui
3296 996 3680 1052 cohonestetur
3696 992 3841 1045 Deus

2267 1095 2443 1149 dicam
2475 1110 2642 1148 unum
2670 1095 2722 1148 in
2751 1094 2991 1148 modum.
3017 1094 3154 1145 Ante
3180 1090 3404 1145 biduum
3430 1102 3531 1142 nos
3578 1085 3703 1140 laici
3728 1085 3842 1142 huc

2267 1198 2464 1239 venere
2496 1185 2831 1254 speculatum
2859 1227 2874 1250 ,
2911 1184 3185 1253 simulque
3229 1181 3482 1236 sedentes
3509 1175 3839 1246 conspicati,

2269 1289 2332 1327 ac
2350 1274 2598 1327 manibus
2616 1274 2718 1326 alia
2750 1281 3066 1342 purgantes,
3092 1280 3146 1326 et
3163 1286 3259 1325 ore
3286 1269 3577 1323 Davidicos
3606 1268 3842 1336 hymnos

2269 1373 2654 1434 exsequentes,
2676 1363 2842 1418 Deum
2871 1363 3186 1426 laudarunt,
3217 1359 3488 1430 gratulati,
3515 1356 3841 1425 frugemque

2270 1465 2559 1513 senserunt
2587 1496 2602 1520 ,
2635 1465 2798 1525 atque
2860 1455 2975 1508 haec
3009 1452 3358 1521 comprobata
3391 1448 3673 1509 Dominica
3712 1461 3847 1501 sen-

2271 1547 2437 1602 tentia
2459 1556 2562 1602 est.
2589 1544 2676 1600 Sic
2704 1544 2875 1598 luceat
2911 1543 3006 1597 lux
3031 1550 3201 1597 vestra
3229 1557 3404 1595 coram
3425 1538 3738 1599 hominibus,
3779 1543 3843 1588 ut

2270 1638 2476 1691 videant
2489 1653 2642 1705 opera
2655 1645 2824 1690 vestra
2839 1637 2992 1700 bona,
3002 1643 3047 1688 et
3062 1629 3571 1703 gloriﬁcentPatrem
3584 1639 3839 1689 vestrum,

2272 1729 2361 1798 qui
2388 1730 2442 1782 in
2463 1729 2605 1782 calis
2637 1729 2766 1782 σοι’.
2797 1726 2876 1780 En
2905 1726 3152 1796 equidem
3180 1722 3549 1779 cohonestatis
3571 1729 3754 1773 vestro
3783 1717 3841 1770 in

2274 1835 2523 1889 corpore,
2563 1819 2867 1889 spirituque
2898 1816 3066 1872 Deum
3102 1815 3207 1869 bac
3236 1813 3293 1869 in
3323 1821 3494 1884 parte.
3525 1811 3596 1864 At
3615 1810 3762 1863 enim
3787 1815 3844 1860 et

2276 1910 2642 1965 cohonestetis
2689 1911 2908 1978 insuper
2957 1907 3172 1963 assidue
3217 1919 3433 1960 omnem
3483 1902 3536 1955 in
3590 1898 3840 1958 modum,

2277 2001 2371 2070 qui
2409 1999 2518 2054 Deo
2544 2000 2705 2069 digne
2734 1999 2966 2054 obeatis.
2991 1997 3067 2050 Ac
3092 1996 3352 2065 quoniam
3387 1990 3646 2047 mortales
3671 2003 3846 2042 amu-

2277 2091 2477 2145 latione
2510 2090 2802 2159 plurimum
2858 2088 2925 2142 ad
2967 2086 3234 2156 agendum
3272 2082 3615 2145 inducimur,
3659 2075 3848 2146 Neque

2278 2184 2530 2238 zelaveris
2582 2182 2830 2250 facientes
2874 2181 3232 2250 iniquitatem.
3283 2175 3549 2243 Quoniam
3592 2182 3848 2238 tanquam

2278 2275 2456 2344 fenum
2503 2276 2748 2328 velociter
2799 2280 3073 2336 arescent,
3116 2279 3167 2324 et
3211 2264 3648 2338 quemadmodum
3699 2261 3848 2314 olera

2281 2366 2562 2420 herbarth
2609 2366 2711 2418 cito
2739 2364 3041 2427 decident',
3087 2360 3219 2430 quin
3253 2359 3459 2428 proba,
3508 2357 3850 2419 honestaque

2279 2454 2572 2524 offringito.
2626 2452 2769 2507 Sane
2819 2452 2906 2506 hic
2941 2450 3157 2520 quidem
3208 2447 3310 2501 arti
3345 2447 3599 2513 cuiquam
3652 2440 3846 2502 dediti,

2284 2562 2387 2598 non
2424 2561 2451 2599 a
2515 2544 2813 2614 peioribus,
2847 2543 2939 2597 sed
2971 2539 3226 2611 egregiis,
3250 2536 3432 2606 operis
3453 2535 3536 2588 sui
3566 2532 3850 2600 exemplar

2281 2649 2464 2711 petere
2512 2640 2780 2703 laborant,
2818 2636 2968 2691 verbi
3021 2635 3216 2705 gratia,
3268 2631 3421 2686 faber
3453 2629 3521 2684 ab
3549 2626 3852 2682 artificiose

2282 2732 2607 2792 fabricante,
2634 2730 2806 2801 pictor
2830 2729 2897 2784 ab
2919 2728 3128 2783 erudite
3155 2726 3430 2795 pingente,
3459 2719 3730 2791 planeque
3755 2732 3851 2770 ru-

2281 2822 2376 2875 des
2440 2836 2504 2874 ac
2552 2821 2734 2874 minus
2779 2818 3019 2872 imbutos
3068 2829 3248 2875 nemo,
3296 2811 3428 2882 quin
3498 2815 3753 2874 expertos
3797 2814 3854 2857 et

2282 2910 2516 2964 imbutos
2541 2909 2736 2979 satagit
2767 2907 3002 2962 imitari:
3036 2906 3150 2959 haec
3171 2903 3216 2958 si
3243 2903 3296 2958 in
3329 2895 3628 2953 materiatis
3654 2909 3719 2948 ac
3753 2907 3851 2960 pe-

2285 3002 2576 3057 reuntibus
2608 3001 2690 3055 lex
2724 3009 2886 3068 atque
2913 2997 3095 3067 regula
3128 3003 3230 3059 est,
3260 3001 3464 3063 quanto
3499 2989 3600 3042 hac
3627 2988 3680 3039 in
3709 2995 3849 3048 arte,

2283 3102 2337 3149 et
2387 3092 2616 3148 scientia
2668 3092 2863 3159 magis,
2919 3103 3041 3158 qum
3092 3087 3291 3140 artium
3370 3090 3426 3137 et
3497 3077 3851 3135 scientiarum

2288 3199 2497 3238 summa
2526 3192 2628 3247 est,
2663 3193 2905 3236 nostram
2962 3181 3028 3234 ad
3070 3181 3364 3247 proborum
3407 3169 3654 3236 exempla
3680 3169 3852 3221 vitam

2287 3286 2612 3341 componere
2657 3271 2946 3330 debemus,
2985 3282 3095 3321 non
3143 3263 3448 3320 contrarios
3491 3259 3666 3328 sequi.
3711 3256 3854 3324 Ergo

2288 3364 2566 3418 imitemur
2611 3360 2705 3431 qui
2760 3375 2788 3413 a
2834 3358 3018 3428 pueris
3065 3370 3125 3411 se
3170 3356 3236 3409 ad
3283 3364 3555 3409 senectam
3601 3347 3853 3404 subditos

2288 3470 2523 3527 gessere,
2551 3469 2660 3509 non
2685 3453 2809 3508 dico
2844 3451 3145 3520 antiquitus
3173 3456 3392 3502 sanctos
3413 3446 3542 3516 quin
3576 3453 3768 3497 nostro
3797 3441 3852 3494 in

2288 3547 2643 3603 contubernio
2705 3546 2943 3599 illustres
2997 3541 3306 3604 imitemur;
3350 3537 3442 3608 qui
3502 3533 3855 3602 simplicitate

2289 3639 2486 3694 diaboli
2515 3637 2784 3690 vafritiem
2827 3635 3058 3696 solvere,
3095 3640 3148 3686 et
3178 3629 3343 3683 alacri
3374 3627 3678 3683 obedientia
3718 3638 3855 3693 pra:-

2292 3731 2503 3794 standa,
2557 3728 2890 3784 curriculum
2944 3724 3214 3794 quoddam
3273 3719 3634 3776 monasticum
3683 3715 3855 3786 probe

2291 3822 2690 3883 decucurrere;
2718 3834 2803 3882 ac,
2837 3817 2880 3872 si
2915 3817 3096 3880 vultis,
3139 3813 3418 3883 iubentem
3456 3826 3513 3866 se
3546 3810 3851 3871 imitemur,

2292 3922 2354 3966 ut
2397 3913 2511 3981 ipse
2555 3911 2864 3972 Christum,
2918 3920 3244 3975 rursumque
3299 3903 3598 3958 edicentem
3640 3899 3854 3952 :Deum

2293 4005 2663 4067 imitarentur,
2698 4001 2834 4053 sicut
2863 3998 2963 4065 ﬁlii
2993 3996 3289 4050 charissimi
3311 4003 3330 4058 ,'
3355 4005 3404 4048 et
3430 3992 3764 4046 ambularent
3801 3990 3857 4041 in

2293 4093 2603 4156 dilectione,
2641 4091 2770 4144 sicut
2805 4097 2853 4142 et
2883 4086 3121 4140 Christus
3159 4084 3342 4137 dilexit
3373 4097 3504 4145 nos,
3550 4091 3596 4134 et
3636 4077 3856 4132 tradidit

2294 4187 2625 4254 semetipsum
2651 4198 2744 4251 pro
2776 4181 2922 4234 nobis
2947 4176 3280 4238 oblationem,
3313 4182 3363 4227 et
3400 4172 3625 4225 hostium
3663 4170 3771 4223 Deo
3803 4169 3857 4221 in

2296 4282 2508 4333 adorent
2535 4275 2812 4329 suavitatis
2837 4274 2878 4324 ⁵.
2918 4269 3036 4326 Jam
3085 4274 3365 4334 nostrapte
3395 4278 3559 4318 causa
3604 4261 3855 4316 Christus

2297 4369 2626 4424 oblationem
2653 4381 2711 4420 se
2743 4364 2872 4426 Deo,
2902 4370 2957 4416 et
2988 4360 3222 4415 hostiam
3254 4354 3496 4419 tradidit,
3527 4369 3590 4406 ac
3617 4369 3716 4408 nos
3759 4366 3858 4406 nec

636 4480 852 4531 dolores
889 4474 1166 4544 perferunt
1190 4513 1203 4533 .
1252 4487 1314 4525 ac
1352 4471 1567 4524 labores
1597 4443 1892 4536 depellunt,
1939 4468 2190 4522 alacriter
2225 4483 2267 4537 υ
2297 4460 2561 4516 tantillam
2599 4468 2897 4510 aerumnam
2950 4451 3174 4520 agendis
3222 4446 3410 4518 gratiis
3449 4443 3730 4498 feramus?
3763 4457 3857 4510 op-

634 4585 847 4637 semper
876 4575 1238 4632 contenteque
1268 4563 1491 4615 ulterius
1526 4559 1825 4614 tendentes.

706 4661 979 4725 Quorsum
1020 4655 1124 4708 hoc
1153 4651 1280 4704 mihi
1310 4648 1654 4717 exemplum?
1683 4647 1892 4702 scilicet
1920 4646 2190 4716 proficisci

633 4767 735 4806 nos
777 4761 996 4819 quoque
1044 4746 1097 4797 in
1148 4746 1246 4796 hac
1288 4743 1390 4793 vita
1440 4741 1634 4793 itinere
1667 4739 1939 4808 quodam,
1996 4754 2061 4792 ac
2108 4736 2196 4807 pol

634 4851 807 4906 arcto,
838 4849 890 4893 et
926 4839 1144 4901 alllicto,
1187 4844 1350 4902 atque
1379 4832 1560 4899 longo,
1617 4831 1877 4898 valdeque
1920 4830 2196 4886 laborioso

634 4935 780 5003 (quis
802 4933 946 4987 enim
982 4927 1230 4997 negat?),
1257 4924 1521 4993 siquidem
1556 4936 1777 4976 necesse
1802 4930 1884 4974 est
1912 4922 2194 4990 virginita-

634 5037 743 5080 tem
788 5040 850 5078 ae
901 5020 1287 5076 continentiam
1340 5017 1466 5068 dum
1504 5014 1739 5066 vivimus
1771 5013 1934 5077 tueri,
1972 5015 2198 5080 morige-

634 5123 903 5173 rationem
936 5122 1096 5182 atque
1121 5108 1484 5164 obedientiam
1521 5119 1738 5158 servare
1771 5104 2025 5168 vividam,
2070 5121 2195 5157 con-

633 5210 754 5263 silia
787 5208 1049 5260 destruere
1082 5212 1129 5255 et
1180 5215 1380 5253 omnem
1409 5197 1747 5250 altitudinem
1786 5196 2120 5248 extollentem
2144 5212 2196 5248 se

636 5305 879 5352 adversus
911 5296 1183 5349 scientiam
1215 5291 1308 5344 Dei
1331 5333 1344 5355 ,
1388 5299 1435 5343 et
1482 5292 1534 5342 in
1572 5289 1927 5356 captivitatem
1965 5289 2197 5356 redigere

635 5406 837 5444 omnem
881 5386 1203 5440 intellectum
1252 5385 1306 5436 in
1340 5381 1642 5450 obsequium
1674 5378 1932 5446 Christi‘,
1976 5395 2038 5434 ac
2078 5396 2198 5449 qua:

706 5554 752 5583 ’θ
796 5548 836 5602 11
862 5550 984 5603 Cor.
1020 5564 1089 5612 tv,
1129 5544 1214 5598 10.
1312 5545 1323 5572 ¹
1366 5540 1405 5595 11
1436 5539 1561 5594 Cor.
1597 5554 1650 5601 χ,
1680 5537 1732 5590 5.

637 5623 729 5683 9.0,
759 5622 844 5673 Ἦ.

1809 5539 1827 5566 ²
1867 5536 2053 5590 Matth.
2092 5553 2144 5598 γ,
2180 5535 2264 5588 16.

2294 4549 2529 4621 probriis
2584 4547 2785 4618 petitus
2819 4542 3069 4597 Christus
3098 4548 3214 4603 est,
3247 4553 3348 4607 pro
3383 4536 3488 4590 hoc
3512 4534 3694 4598 effatu,
3741 4532 3854 4586 Im-

2293 4643 2533 4712 properia
2578 4635 3046 4706 improperantium
3077 4633 3170 4684 tibi
3211 4631 3506 4683 ceciderunt
3535 4642 3694 4694 super
3721 4625 3853 4690 me’,

2295 4751 2358 4789 ac
2391 4749 2490 4788 nos
2524 4732 2605 4786 vel
2637 4730 2922 4785 minimum
2974 4724 3160 4793 impeti
3211 4737 3241 4775 a
3268 4734 3542 4790 quoquam
3565 4758 3580 4782 ,
3628 4727 3683 4773 et
3721 4718 3855 4772 insi-

2295 4827 2489 4881 mulari
2519 4819 2814 4892 negemus?
2841 4817 3050 4872 scilicet
3083 4823 3399 4869 sanctorum
3428 4811 3600 4864 simus
3635 4822 3855 4863 consor-

2300 4925 2398 4978 tes,
2447 4927 2678 4983 quorum
2729 4907 2956 4978 vestigia
3003 4904 3226 4958 minime
3271 4898 3604 4968 sequamur?
3653 4897 3856 4952 scilicet

2299 5021 2420 5061 cum
2453 5003 2671 5057 Christo
2703 5012 3013 5069 regnemus,
3055 4992 3213 5062 cujus
3247 4989 3366 5044 neci
3403 5002 3507 5042 non
3545 4987 3857 5042 conforme-

2299 5116 2442 5160 mur,
2476 5111 2574 5149 nec
2606 5095 2912 5147 societatem
2946 5100 3202 5141 coeamus
3247 5079 3566 5153 pcenarum?
3597 5077 3664 5130 Et
3695 5080 3741 5131 si
3762 5077 3855 5146 ju-

2299 5202 2411 5244 stus
2434 5191 2520 5241 via:
2551 5187 2812 5246 solvatur,
2843 5182 3031 5250 impius
3056 5187 3102 5231 et
3133 5185 3372 5245 peccator
3404 5172 3493 5224 ubi
3523 5171 3780 5240 parebunt
3804 5169 3858 5221 ’ἲ

2303 5282 2492 5335 Videte
2543 5275 2973 5333 accurationem,
3032 5265 3491 5337 quemadmodum
3537 5262 3723 5332 justus
3770 5261 3854 5312 vix

2302 5379 2561 5437 salvator,
2592 5381 2650 5426 ut
2677 5369 2810 5423 nihil
2837 5368 3011 5422 dicam
3041 5363 3272 5433 probum
3301 5374 3420 5414 esse
3452 5371 3558 5410 non
3585 5368 3745 5425 posse
3764 5352 3851 5422 qui

2340 5534 2359 5564 ³
2400 5528 2542 5583 Psal.
2577 5539 2761 5586 xxxvr,
2797 5523 2845 5574 1.
2937 5521 2957 5550 δ
2998 5516 3196 5584 Ephes.
3224 5526 3274 5576 v,
3301 5511 3356 5564 2.
3429 5513 3448 5544 ⁵
3489 5508 3634 5566 Psal.
3669 5522 3848 5574 vam,

714 5757 823 5828 (Ἡ)
862 5749 1143 5808 xor/066w
1178 5753 1294 5800 erat
1325 5742 1378 5795 in
1419 5749 1627 5803 nostro,
1656 5738 1748 5792 sed
1784 5737 2179 5792 emcndavcran

2284 5733 2415 5788 moi
2452 5733 2587 5804 βίον,
2625 5727 2766 5799 quod
2805 5724 2980 5781 inveni
3015 5723 3068 5775 in
3106 5719 3221 5773 Vat.
