4000 6306
195 346 300 410 633

1338 352 1745 414 SERMONES
1773 353 2293 416 CATECHETICI.

3341 361 3446 424 634

195 462 488 534 impatiens
520 459 617 528 sit,
648 459 824 516 labori
855 460 1088 527 alienus,
1106 471 1320 519 veteres
1345 463 1581 521 oﬂ‘ensas
1607 466 1761 521 remi-
1795 471 1837 527 Α
1867 473 2028 533 atque
2061 464 2349 520 tolerantia
2381 464 2553 520 nulla.
2593 464 2650 519 in
2684 463 2772 520 his
2802 463 2990 535 positi,
3052 465 3147 534 qui
3180 466 3445 526 Dominici

196 557 440 619 nisceus,
473 555 718 624 indeque
752 555 1010 609 incensus
1065 568 1130 610 sc
1163 555 1493 623 concitatus,
1516 571 1614 612 nec
1641 572 1767 612 cum

195 646 304 701 Deo
335 647 557 715 agitans
586 660 795 714 pacem.
828 643 996 711 igitur
1028 644 1145 701 haec
1174 647 1520 714 designantes
1544 660 1770 702 necesse

193 748 275 793 est
297 754 328 792 a
355 738 751 806 conjunctione
789 734 1070 790 coenobica
1095 734 1302 798 revelli,
1327 744 1489 805 atque
1524 736 1649 791 hinc
1671 735 1769 790 ab-

193 831 387 886 ductos
440 831 688 885 incidere
721 829 771 882 in
813 828 1078 898 judicium
1129 842 1407 898 perenne,
1452 825 1551 882 Pol
1577 843 1770 885 amens

193 923 374 975 dicam
406 921 557 989 quod
588 935 710 976 sum
737 919 1005 978 dicturus.
1038 932 1147 972 non
1203 918 1481 972 subditum
1512 918 1598 986 egi
1640 930 1771 985 quo-

194 1012 342 1081 que?
369 1025 480 1065 non
506 1009 823 1080 praefectum
849 1008 1056 1062 habui?
1118 1021 1227 1060 non
1256 1007 1637 1062 meonomum?
1660 1021 1769 1061 non

195 1100 544 1170 spiritualem
576 1099 734 1169 juxta
785 1113 850 1154 ac
878 1098 1158 1152 carnalem
1188 1097 1434 1165 patrem?
1465 1109 1573 1151 nou
1602 1097 1766 1165 spiri-

197 1197 334 1249 tales
359 1209 517 1264 aeque
550 1192 771 1254 fratres,
797 1201 852 1244 et
885 1190 1169 1244 carnales?
1200 1191 1343 1243 inter
1372 1203 1514 1259 quos
1541 1188 1688 1243 velut
1714 1187 1767 1242 in

197 1289 305 1356 igni
353 1287 643 1355 degebam,
689 1286 814 1339 hinc
867 1284 992 1337 inde
1020 1282 1253 1352 petitus,
1285 1289 1589 1350 contraque
1632 1281 1770 1334 duas

195 1378 544 1432 adversarios
573 1377 715 1430 vitas
745 1376 1086 1444 depugnans.
1117 1378 1186 1427 At
1222 1372 1464 1437 servari,
1499 1372 1605 1427 nisi
1634 1373 1768 1427 tole-

197 1472 398 1535 rantia,
428 1469 748 1538 uequibam,
783 1483 847 1523 ac
883 1469 938 1522 ni
971 1467 1260 1522 conﬁterer
1289 1466 1489 1530 debite,
1529 1467 1769 1534 mihique

193 1562 425 1615 crimina
479 1561 809 1614 ascriberem
869 1573 1105 1627 semper,
1157 1572 1335 1626 neque
1399 1557 1544 1610 enim
1591 1565 1769 1624 potest

195 1652 356 1704 aliter
417 1651 472 1704 in
512 1650 776 1705 aerumnis
836 1651 1052 1704 animus
1131 1649 1338 1717 pacari.
1381 1645 1488 1702 Vos
1548 1646 1767 1716 quidem

198 1745 336 1798 estis
365 1743 459 1812 qui
490 1743 645 1806 estis,
663 1743 810 1811 (nam
831 1742 914 1795 vel
944 1741 996 1795 id
1027 1739 1222 1794 sufiicit
1253 1740 1480 1806 dictum)
1501 1749 1555 1794 et
1575 1738 1772 1793 docere

1875 555 2124 626 discipuli
2155 557 2446 611 vocemur?
2491 557 2610 626 ipso
2632 556 2926 620 clamante,
2961 572 3026 612 ac
3049 558 3265 615 dicente
3323 577 3336 614 :
3379 559 3448 616 In

1874 649 1971 701 hoc
2020 658 2326 718 cognoscent
2373 664 2550 702 omnes
2597 649 2726 718 quia
2775 649 3026 718 discipuli
3057 652 3158 704 mei
3189 653 3350 720 estis,
3390 655 3446 707 si

1875 737 2184 791 charitatem
2212 737 2500 791 habueritis
2536 737 2604 790 ad
2633 737 2913 803 invicem’;
2955 746 3008 791 et
3034 739 3163 792 alibi
3195 755 3440 803 rursum,

1877 828 1938 883 Si
1965 847 2048 884 ros
2085 832 2386 884 manseritis
2417 831 2475 884 in
2497 845 2731 885 sermone
2765 845 2901 896 meo,
2927 846 3043 884 vere
3068 832 3320 899 discipuli
3342 834 3444 886 mei

1875 922 2045 981 eritis,
2071 933 2118 975 et
2147 922 2466 992 cognoscetis
2515 921 2789 976 veritatem
2815 965 2828 988 ,
2873 932 2924 976 et
2954 923 3145 976 ueritas
3200 924 3444 977 liberabit

1879 1015 2046 1080 vos",
2078 1016 2244 1083 igitur
2289 1015 2636 1079 charitatem,
2685 1031 2749 1069 ac
2779 1015 3061 1068 veritatem
3098 1030 3206 1068 non
3239 1014 3446 1069 haben-

1878 1117 1982 1170 tes,
2015 1107 2148 1175 quin
2183 1106 2521 1171 inimicitias,
2547 1121 2781 1176 pugnas,
2812 1106 3059 1171 dissidia,
3088 1119 3194 1159 non
3224 1105 3446 1161 Christo

1875 1198 2178 1261 erudimur,
2208 1199 2302 1252 sed
2331 1198 2534 1252 Christi
2569 1197 2794 1251 inimico
2816 1238 2833 1263 ,
2868 1197 3223 1267 quantumvis
3250 1197 3446 1252 acerba

1875 1299 1960 1344 est
2004 1291 2206 1344 oratio.
2258 1288 2378 1344 Jam
2431 1305 2540 1359 quo
2573 1291 2810 1345 vivimus
2843 1290 3072 1351 miselli,
3118 1305 3232 1359 quo
3262 1304 3446 1343 aerem

1874 1383 2165 1446 ducimus,
2203 1382 2347 1436 haud
2418 1382 2688 1435 obeuntes
2752 1395 2873 1449 qum
2923 1389 3072 1449 grata
3117 1390 3190 1433 et.
3224 1387 3446 1445 accepta

1878 1472 2021 1526 Deo?
2052 1489 2214 1543 quem
2269 1473 2507 1528 fructum
2563 1472 2847 1527 Carterius
2903 1473 3047 1538 fecit,
3091 1485 3375 1539 segressus
3413 1486 3444 1524 a

1877 1565 2056 1630 nobis,
2087 1572 2251 1635 atque
2286 1565 2339 1618 in
2370 1564 2516 1619 aliud
2551 1565 2890 1618 consortium
2943 1561 3260 1633 profectus?
3300 1559 3445 1615 Sane

1877 1673 2000 1709 cum
2038 1657 2260 1710 noxium
2289 1665 2391 1719 est,
2423 1665 2478 1711 et
2506 1657 2814 1726 improbum
2850 1669 3099 1725 prorsus,
3141 1668 3204 1706 ex
3237 1653 3346 1705 alio
3389 1652 3445 1705 in

1878 1750 2023 1802 aliud
2057 1750 2396 1803 consortium
2429 1749 2702 1818 migrare;
2731 1759 2843 1802 tum
2867 1747 2920 1804 id
2952 1747 3087 1801 citra
3124 1744 3444 1814 praefectum

196 1847 318 1895 me.
367 1846 432 1885 ac
483 1830 760 1898 θοι-τῖεετθ
793 1829 1044 1892 ιθιιιθιίεν
1081 1844 1181 1883 ceu
1219 1829 1407 1882 "Idem
1431 1868 1445 1892 ν
1485 1837 1540 1882 ει
1579 1843 1768 1882 eorum
1803 1826 1844 1880 Β
1871 1841 2230 1906 committere,
2260 1856 2366 1910 qua
2401 1855 2508 1894 non
2546 1841 2857 1909 suspicione
2889 1840 3088 1908 dignus
3112 1837 3234 1891 est?
3271 1834 3444 1889 maxi-

197 1938 319 1993 quae
361 1923 620 1976 dicantur
651 1921 908 1987 inscium,
953 1935 1077 1976 cum
1109 1920 1191 1974 vel
1237 1921 1419 1988 pueris
1449 1920 1518 1974 sit
1545 1920 1767 1974 evidens

199 2014 548 2084 suggestione
581 2028 676 2068 vos
707 2013 968 2068 diabolica
1006 2013 1158 2066 cieri.
1198 2009 1316 2064 Non
1349 2011 1451 2065 sub
1495 2019 1765 2079 potentem

199 2107 290 2161 Dei
328 2122 552 2161 manum
585 2106 968 2166 succumbitis,
1001 2105 1051 2156 in
1077 2120 1181 2173 qua
1216 2105 1357 2157 inest
1399 2102 1661 2164 suavitas,
1702 2116 1768 2154 ac

199 2203 468 2269 voluptas,
501 2209 556 2254 et
588 2198 891 2253 securitas?
919 2195 1172 2250 Couiiteri
1204 2195 1459 2249 videmini
1494 2210 1594 2248 nec
1635 2211 1766 2249 con-

201 2293 364 2347 fessio
391 2301 476 2347 est
504 2306 626 2360 qua:
655 2293 905 2353 obeatur,
935 2288 1065 2358 quin
1113 2289 1392 2341 comitium
1425 2287 1558 2340 rixis
1586 2288 1770 2356 aperi-

199 2389 288 2447 tis,
342 2385 617 2452 quasique
667 2382 977 2451 praetorium
1029 2378 1286 2439 tribunal,
1343 2380 1394 2433 in
1458 2381 1768 2434 animorum

200 2476 491 2543 perniciem
529 2482 867 2537 vestrorum,
895 2486 1137 2540 meaeque
1168 2471 1350 2525 miseri
1385 2471 1683 2540 dignitatis,
1716 2479 1770 2525 et

198 2569 441 2621 omnium
495 2565 591 2634 qui
631 2564 881 2618 audiant.
917 2561 1130 2625 Doieut,
1173 2563 1388 2631 opinor,
1421 2576 1541 2630 quae
1583 2563 1766 2617 retuli.

199 2657 290 2712 Pol
334 2657 559 2720 doletis,
600 2664 686 2711 sat
729 2655 879 2720 scio;
915 2663 968 2708 at
1013 2654 1209 2720 loquor
1247 2655 1512 2710 sollicitus
1545 2663 1596 2709 et
1630 2655 1764 2723 ipse,

199 2760 356 2820 atque
389 2759 448 2803 ut
475 2763 701 2803 causam
736 2761 834 2816 pro
861 2762 1078 2816 quoque
1103 2757 1342 2802 vestrum
1370 2748 1421 2801 in
1457 2748 1545 2802 die
1575 2746 1766 2816 judicii

197 2842 467 2895 dicturus.
497 2839 602 2894 Sed
629 2853 751 2892 cum
785 2838 1046 2907 scriptum
1078 2849 1185 2894 est:
1213 2837 1368 2892 Nunc
1400 2847 1598 2906 tempus
1620 2854 1770 2892 accc-

198 2933 392 2996 ptabile
413 2971 429 2997 ,
460 2947 600 2984 nunc
620 2931 732 2983 dies
756 2940 831 2983 est
854 2930 1101 2994 salutis',
1123 2931 1464 3000 malignitate
1482 2945 1548 2983 ex
1570 2929 1769 2984 animis

200 3025 437 3086 sublata,
471 3021 796 3077 benefacere
847 3023 1142 3086 discamus,
1175 3037 1445 3091 purosque
1477 3035 1577 3076 nos
1603 3022 1769 3075 bene-

202 3116 322 3170 ticio
353 3114 697 3184 praebeamus
721 3151 733 3171 ,
763 3112 1080 3182 priusquam
1116 3111 1331 3164 Domini
1361 3111 1477 3164 dies
1513 3110 1770 3165 terribilis

199 3218 249 3261 et
284 3205 514 3259 illustris
544 3210 796 3271 appetat,
833 3203 885 3255 in
916 3216 1027 3272 quo
1058 3203 1143 3255 vel
1173 3201 1332 3256 oti0si
1365 3203 1625 3255 rationem
1649 3216 1772 3254 ver-

201 3302 308 3356 buii
340 3300 658 3360 reddemus,
680 3310 736 3351 ut
764 3307 967 3368 quanta
993 3298 1196 3366 optima
1228 3303 1412 3365 potest
1432 3295 1768 3349 conscientia

202 3395 328 3446 hinc
374 3389 630 3459 profecti,
664 3391 960 3443 habeamus
991 3389 1084 3457 qui
1117 3401 1406 3456 perennem
1441 3388 1604 3440 vitam
1638 3401 1770 3439 nau-

201 3487 470 3539 ciscamur
510 3496 610 3551 per
642 3481 917 3536 Christum
957 3479 1142 3535 Jesum
1173 3479 1460 3533 Dominum
1496 3488 1767 3533 nostrum.

199 3574 297 3631 Cui
363 3574 536 3643 gloria
601 3582 656 3627 et
711 3573 999 3641 imperium
1056 3587 1181 3625 cum
1237 3568 1419 3632 Patre,
1475 3586 1538 3624 ac
1586 3578 1774 3625 sancto

203 3667 406 3733 Spiritu
430 3706 444 3729 ,
475 3680 624 3719 nunc
647 3673 700 3718 et
726 3663 958 3732 semper,
994 3663 1046 3717 in
1080 3678 1408 3734 omnemque
1440 3663 1775 3733 perpetuita-

205 3768 333 3811 tem.
365 3759 561 3811 Amen.

769 3864 1001 3921 SERMO
1033 3864 1221 3921 XCVI.

209 3961 278 4016 De
294 3962 478 4030 fratris
494 3960 730 4016 Carterii
745 3961 1047 4083 secedssione,
1070 3960 1231 4030 deque
1251 3973 1398 4028 pace,
1431 3975 1492 4012 ac
1531 3959 1776 4012 concordi

877 4039 1104 4082 octrtna.

877 4039 1104 4082 octrina.

273 4124 494 4180 Fratres
541 4122 859 4193 Patresque,
899 4121 1149 4191 equidem
1186 4121 1383 4177 crebro
1416 4121 1482 4175 ad
1522 4136 1619 4176 vos
1657 4121 1772 4175 dis-

203 4232 388 4273 serens
432 4215 576 4267 haud
611 4216 923 4269 necessario
955 4213 1228 4267 disserere
1260 4212 1502 4274 videbar,
1545 4227 1643 4267 ceu
1681 4210 1774 4280 qui

200 4311 307 4380 jam
342 4307 568 4378 perfecti
602 4306 795 4361 essetis
828 4305 881 4358 in
911 4303 1105 4368 officio,
1151 4319 1250 4358 nec
1283 4305 1487 4357 moneri
1515 4319 1650 4372 opus
1681 4304 1776 4356 ha-

205 4401 440 4465 beretis;
493 4412 666 4459 nunc,
691 4405 751 4449 ut
779 4395 958 4457 video,
1004 4393 1085 4447 vel
1117 4394 1171 4447 in
1219 4396 1410 4464 primis
1442 4393 1772 4459 necessario,

1875 1947 1961 1986 me
2007 1942 2266 1986 accusato
2317 1947 2406 1996 eo,
2439 1938 2493 1985 et
2547 1931 2845 1996 damnato,
2888 1941 3051 2000 atque
3091 1930 3443 1999 reprehenso.

1873 2019 2021 2085 Quas
2071 2021 2140 2075 ob
2169 2035 2292 2085 res,
2350 2029 2410 2074 ut
2449 2019 2686 2085 videtur,
2749 2020 2840 2090 qui
2897 2010 3032 2073 id'a
3084 2019 3242 2072 nobis
3292 2017 3448 2086 adju-

1873 2123 2148 2175 mentum,
2198 2129 2418 2181 suaeque
2475 2122 2744 2166 secretum
2810 2112 3162 2166 conscientiae
3219 2110 3446 2165 minime

1874 2212 2263 2273 concoqueret,
2293 2205 2607 2259 missionem
2639 2205 2909 2272 poposcit,
2940 2218 3003 2257 ac
3036 2203 3127 2272 pol
3155 2201 3444 2255 imbecilli-

1875 2307 1983 2352 tate
2010 2298 2249 2352 hominis
2279 2296 2560 2359 inductus,
2593 2311 2661 2348 ne
2692 2293 2888 2363 majori
2918 2293 3136 2348 tristitia
3184 2293 3446 2346 obruere-

1877 2399 1983 2450 tur,
2037 2392 2090 2443 in
2127 2389 2346 2458 gravius
2392 2389 2597 2443 malum
2624 2387 2871 2456 iiiapsus,
2921 2384 3052 2440 fecit
3099 2392 3442 2438 commeatus

1874 2481 2126 2552 gratiam.
2158 2480 2382 2534 Demum
2415 2479 2717 2548 deprensus
2743 2487 2848 2540 est,
2877 2476 3183 2538 frustra,ac
3217 2473 3448 2542 nequid-

1875 2589 2039 2645 quam
2075 2574 2242 2639 lmuc,
2296 2582 2349 2628 et
2381 2572 2534 2626 illurn
2586 2579 2868 2634 causatus,
2923 2569 3103 2622 abitus
3151 2573 3448 2635 prmtextus

1876 2665 2138 2735 coegisse,
2166 2676 2329 2735 atque
2363 2665 2490 2718 hinc
2513 2663 2673 2718 vobis
2700 2661 2914 2716 dedisse
2939 2660 3148 2721 turbas,
3167 2657 3444 2726 equidem,

1877 2757 1980 2822 Qui
2011 2774 2098 2810 vos
2133 2756 2414 2809 conturbat
2449 2756 2714 2824 judicium
2748 2735 2979 2823 portabit
3006 2792 3020 2816 ,
3047 2752 3339 2820 quicunque
3370 2757 3449 2801 est

1874 2849 2047 2913 ille“,
2071 2848 2530 2918 quemadmodum
2565 2847 2829 2916 scriptum
2864 2855 2968 2899 est.
3003 2843 3172 2897 Porro
3203 2839 3294 2894 ubi
3323 2840 3449 2909 quis

1875 2955 2200 3009 responsare
2234 2939 2484 3008 cmperit,
2521 2938 2601 2993 sic
2652 2937 2872 2999 habeto,
2905 2936 2988 3004 agi
3040 2934 3206 2989 illicet
3256 2931 3443 3002 perni-

1875 3031 2040 3093 ciem,
2070 3031 2161 3099 qui
2211 3031 2256 3084 si
2289 3029 2592 3098 zequalihus
2647 3037 2958 3097 responsat,
3009 3025 3176 3079 habet
3213 3022 3449 3077 fortasse

1877 3138 1986 3192 quo
2010 3123 2194 3176 animo
2224 3120 2562 3176 satisfaciat?
2595 3121 2680 3174 sin
2717 3118 3042 3188 majoribus,
3074 3115 3338 3186 judicium
3367 3122 3451 3167 est

1878 3215 2111 3280 dissidii,
2145 3225 2198 3269 et
2238 3214 2495 3268 interitus
2525 3213 2645 3282 ejus
2673 3211 2768 3282 qui
2816 3219 3128 3280 responset.
3171 3206 3449 3273 Quamob-

1876 3323 2015 3370 rem,
2061 3306 2278 3371 fratres,
2329 3305 2374 3359 si
2407 3305 2453 3359 is
2489 3305 2796 3360 inconsulte
2842 3319 2906 3358 ac
2948 3303 3112 3357 noxie
3159 3300 3309 3361 fecit,
3353 3315 3449 3353 vos

1875 3399 2091 3469 quidem
2127 3405 2274 3452 certe
2304 3397 2552 3452 consulte
2597 3406 2760 3465 atque
2791 3396 2961 3465 probe
2991 3395 3217 3463 agitote,
3256 3407 3448 3462 pacem

1876 3491 2108 3561 amplexi
2137 3505 2260 3544 cum
2296 3489 2573 3548 omnibus.
2619 3499 2671 3543 et
2699 3487 3143 3552 sanctimoniam,
3184 3486 3303 3540 sine
3341 3499 3446 3551 qua

1875 3583 2042 3638 Deum
2094 3580 2438 3635 contuebitur
2485 3579 2667 3634 nullus
2728 3579 2948 3634 solliciti
2988 3594 3053 3634 ne
3081 3578 3206 3648 quis
3250 3576 3448 3630 divina:

1877 3677 2063 3747 gratiae
2104 3675 2175 3729 sit
2218 3688 2434 3738 exsors,
2455 3689 2523 3728 ne
2558 3689 2662 3744 qua
2695 3671 3010 3727 acerbitatis
3042 3671 3192 3724 radix
3230 3667 3451 3722 sobole-

1876 3782 2034 3821 scens
2054 3765 2332 3834 negotium
2360 3764 2613 3828 facessat,
2638 3779 2744 3833 qua
2779 3762 3090 3830 frequentes
3111 3759 3448 3830 polluantur.

1876 3858 2016 3926 Quid
2055 3860 2158 3914 hoc
2185 3857 2332 3911 verbi
2384 3859 2506 3916 est?
2541 3857 2614 3912 uti
2649 3857 2877 3927 probum
2929 3853 3217 3924 quemdam
3273 3849 3448 3903 zelum

1877 3951 2177 4007 ostendatis
2219 3953 2558 4016 innocentes,
2590 3948 2985 4015 malignitatem
3017 3943 3192 4005 exosi,
3219 3949 3274 3996 et
3298 3955 3453 3993 aver-

1879 4046 2004 4109 sati,
2035 4060 2136 4097 ncn
2163 4045 2348 4099 hostes
2379 4042 2613 4106 ducatis,
2645 4041 2775 4108 quin
2806 4047 2866 4091 ut
2903 4036 3123 4100 fratres,
3158 4033 3450 4099 moneatis,

1880 4131 2126 4205 Apostoli
2163 4134 2640 4189 commendatione
2670 4127 2841 4197 digni,
2877 4126 3037 4195 cujus
3094 4125 3292 4180 alicubi
3334 4124 3452 4177 haec

1880 4236 2009 4283 sunt
2040 4226 2207 4280 verba
2241 4242 2252 4278 :
2299 4224 2364 4280 In
2391 4225 2630 4278 omnibus
2661 4220 2971 4274 rxhibuistis
2996 4235 3082 4272 vos
3135 4216 3456 4271 incontami-

1881 4333 2035 4376 nntos
2065 4338 2174 4376 esse
2204 4323 2258 4375 in
2304 4322 2510 4391 negotio
2531 4320 2595 4374 η.
2633 4316 2777 4371 Sane
2803 4316 2939 4380 haec,
2978 4313 3195 4374 fratres,
3225 4326 3332 4365 non
3365 4310 3450 4362 in-

1883 4416 2095 4470 sultans
2122 4412 2402 4482 equidem,
2425 4426 2488 4466 ac
2515 4426 2611 4463 vos
2637 4409 2910 4462 lacessens
2940 4403 3299 4464 scrmocinor,
3317 4401 3452 4469 quin

203 4508 491 4565 Ροδίίὶυθω
535 4501 592 4548 θί
626 4506 710 4545 me
740 4490 819 4544 Si"
872 4488 1196 4554 disserente,
1241 4488 1463 4542 minime
1502 4497 1679 4542 cessat
1716 4488 1770 4542 in
1806 4509 1847 4562 Ι)
1877 4508 2049 4560 amice
2091 4517 2362 4573 parceque
2425 4501 2734 4570 exemplum
2803 4514 2968 4568 super
3021 4496 3148 4551 liliis
3194 4493 3310 4549 Heli
3368 4505 3453 4543 re-

205 4586 478 4653 plerisque
523 4589 766 4636 vestrum
818 4579 1055 4650 inquies,
1111 4593 1175 4632 ac
1221 4578 1417 4633 seditio
1466 4579 1673 4634 moveri
1717 4581 1771 4632 iu

203 4691 313 4747 quo
344 4687 398 4730 et
430 4675 675 4729 demiror
705 4672 1168 4743 quemadmodum
1200 4671 1295 4740 qui
1325 4672 1576 4725 doctores
1613 4682 1777 4739 agere

205 4786 298 4838 pro
328 4779 581 4837 tempore
613 4765 913 4831 deberent,
966 4765 1142 4819 adhuc
1184 4772 1534 4832 puerescant,
1570 4761 1774 4824 stolidi,

202 4871 256 4917 et
276 4869 528 4916 amentes
553 4872 920 4927 nequaquam.
944 4855 1238 4910 Enimvero
1268 4869 1434 4908 causa
1453 4865 1536 4909 est
1564 4854 1774 4908 defecta

205 4955 444 5008 charitas
465 4969 477 5002 :
501 4966 626 5004 nam
655 4950 700 5003 si
717 4965 782 5003 ex
801 4949 1045 5018 Apostoii
1075 4947 1379 5002 sententia:
1411 4946 1656 5001 Charitas
1680 4963 1777 5015 pa-

206 5049 331 5101 tiens
356 5057 456 5110 est,
488 5045 712 5113 benigna
745 5053 842 5106 est,
877 5058 977 5096 non
1008 5041 1311 5104 aemulatur,
1343 5056 1442 5092 non
1468 5042 1575 5110 agit
1601 5055 1778 5107 perpe-

207 5156 340 5203 ram,
395 5154 502 5191 non
545 5135 725 5203 inﬂat,
758 5151 860 5187 non
891 5133 1133 5187 indecore
1177 5149 1230 5186 se
1264 5133 1416 5202 gerit,
1454 5149 1554 5186 non
1585 5131 1776 5202 quwrit

205 5247 317 5298 quo:
355 5246 454 5283 sua
483 5236 630 5290 sunt,
666 5243 767 5279 non
794 5227 1058 5289 irritatur,
1080 5243 1182 5278 non
1214 5227 1409 5294 cogitat
1438 5226 1654 5286 malum,
1676 5240 1778 5276 non

207 5324 394 5393 gaudet
434 5337 594 5390 super
637 5320 934 5388 iniquitate,
983 5320 1269 5390 congaudet
1316 5329 1486 5372 autem
1519 5321 1774 5381 veritati;

208 5415 382 5468 omnia
431 5413 642 5481 stt/fert,
690 5412 867 5464 omnia
911 5413 1096 5476 credit,
1148 5413 1325 5464 omnia
1362 5421 1559 5480 sperat,
1596 5414 1776 5466 omnia

228 5506 444 5559 sustinet
462 5504 506 5569 ⁸,
544 5501 806 5557 nimirum
836 5501 940 5557 hac
968 5502 1192 5558 absente
1217 5503 1469 5557 oriuntur
1499 5503 1776 5559 contraria

210 5598 472 5663 vicissim,
525 5593 904 5659 incredulitas,
950 5595 1213 5662 secessio,
1262 5597 1586 5666 pertinacia,
1627 5611 1774 5667 spes,

283 5712 350 5769 ‘l
395 5715 506 5770 Pet.
543 5729 620 5778 tv,
667 5711 752 5766 l8.
829 5710 942 5783 'ﬂll
967 5713 1096 5770 Cor.
1127 5731 1202 5783 Vl,
1234 5715 1288 5769 2.
1364 5717 1384 5748 ⁸
1423 5715 1463 5770 ll
1495 5717 1618 5773 Cor.
1658 5733 1777 5782 xm,
1805 5720 1856 5774 7.

219 5786 296 5841 i0.
374 5788 416 5820 "
458 5785 501 5841 ll
542 5785 673 5841 Cor.
707 5796 804 5847 vu,
838 5782 922 5836 ll.

1877 4596 2197 4659 formidans,
2234 4604 2347 4648 tum
2373 4603 2598 4664 propter
2629 4608 2735 4654 me,
2771 4599 2883 4643 tum
2915 4597 3134 4660 propter
3159 4601 3254 4639 vos
3280 4585 3451 4652 ipsos,

1878 4688 1962 4742 sin
1998 4683 2344 4740 arbitramini
2381 4698 2562 4745 secus,
2596 4679 2822 4750 jamjam
2863 4685 3128 4746 apparent
3155 4675 3288 4734 dies,
3324 4686 3450 4724 cum

1879 4779 1993 4833 hac
2021 4777 2172 4830 vobis
2220 4775 2401 4841 lingua
2448 4772 2823 4832 subtrahetur,
2862 4784 2926 4822 ac
2954 4779 3067 4821 tttm
3117 4765 3302 4820 scietis
3329 4777 3452 4830 qua:

1879 4870 2038 4924 nauci
2089 4869 2176 4922 ltic
2201 4881 2300 4937 ego
2332 4864 2580 4920 dicebam
2612 4862 2783 4916 fuisse
2809 4874 2957 4914 vera.
2989 4859 3257 4912 Caeterum
3298 4853 3452 4922 pacis

1881 4962 2047 5026 Deus,
2098 4959 2191 5029 qui
2246 4967 2472 5012 cunctos
2505 4958 2622 5010 vult
2671 4951 2958 5022 sospitari,
3006 4959 3060 5003 et
3109 4950 3161 5002 iu
3201 4945 3450 5000 notitiam

1874 5055 2057 5107 venire
2085 5050 2349 5114 veritatis,
2380 5058 2500 5102 tum
2534 5046 2813 5100 revulsum
2851 5058 2879 5096 a
2911 5041 3068 5096 nobis
3094 5040 3241 5094 velut
3269 5052 3448 5100 ovem,

1875 5143 2020 5197 haud
2051 5140 2330 5212 permittat
2369 5139 2473 5192 sub
2500 5153 2562 5192 os
2597 5133 2891 5189 animivori
2936 5131 3130 5186 cadere
3163 5128 3448 5192 Draconis,

1877 5246 1988 5288 lllm
2020 5249 2136 5294 vos.
2168 5231 2402 5285 eximios
2430 5245 2560 5285 suos
2584 5241 2756 5297 agnos
2779 5225 2833 5278 in
2863 5231 3257 5292 praeceptorum
3290 5220 3450 5272 caula

1879 5337 2115 5388 tueatur,
2150 5339 2270 5395 quae
2307 5333 2527 5391 accepta
2557 5321 2606 5375 ei
2648 5320 2756 5373 sint
2791 5325 3012 5383 agentes
3047 5331 3138 5385 per
3173 5314 3450 5368 Christum

1881 5421 2068 5475 Jesum
2109 5417 2392 5473 Dominum
2452 5421 2720 5468 nostrum.
2749 5409 2847 5462 Cui
2885 5406 3053 5478 gloria
3083 5415 3138 5460 et
3166 5403 3450 5472 imperium

1884 5529 2007 5569 cum
2052 5513 2232 5566 Patre.
2280 5523 2342 5562 ac
2376 5515 2564 5560 sancto
2599 5503 2827 5572 Spiritu,
2859 5516 3004 5555 nunc
3032 5509 3084 5560 et
3113 5512 3352 5567 semper,
3397 5495 3452 5550 in

1887 5618 2217 5672 omnemque
2257 5600 2695 5668 perpetuitatem.
2735 5593 2924 5646 Amen.

1951 5724 1970 5751 '
2010 5717 2170 5772 Joan.
2209 5729 2328 5778 xm,
2360 5714 2449 5768 55.
2528 5709 2570 5741 ¹⁰
2612 5707 2768 5762 Joan.
2803 5721 2921 5768 \‘lii,
2951 5702 3040 5758 32.
3121 5703 3162 5734 ἰ
3189 5699 3363 5755 Gaiat.
3396 5712 3449 5761 ν,
