4000 6306
539 366 648 427 635

1084 469 1318 527 SERMO
1354 468 1562 526 XCVII.

546 563 900 623 Declinandos
945 578 1060 618 esse
1090 562 1482 644 quicsuppliciis
1521 562 1734 617 multati
1788 577 1999 615 rursum
2035 577 2115 616 se-

1072 641 1259 687 ctariis
1293 649 1579 687 accessere.

617 726 836 783 Fratres
865 724 1190 794 Patresque,
1209 725 1405 782 iterum
1424 724 1758 780 concitatum
1786 733 1870 781 est
1895 723 2116 789 bellum,

545 829 605 872 ut
649 818 825 880 aiunt,
876 832 941 872 ac
989 816 1079 889 poi
1123 817 1465 883 intestinum,
1514 832 1623 888 quo
1653 816 1783 887 quid
1841 816 2118 879 acerbius,

548 910 824 964 trucidare
859 909 1092 964 invicem
1123 908 1500 964 Christianos?
1530 924 1660 979 ergo
1689 910 1926 963 orandus
1964 908 2120 962 nobis

547 1001 768 1056 assidue
815 999 960 1055 Deus
990 1009 1109 1067 est,
1147 1010 1208 1055 ut
1240 1001 1443 1056 subditi
1486 1001 1794 1071 quiescant,
1829 1009 1935 1054 tam
1975 999 2121 1069 quod

548 1095 614 1145 ad
666 1107 894 1162 regnum
930 1092 1124 1146 attinet
1161 1092 1500 1146 mundanum
1528 1132 1544 1157 ,
1573 1107 1736 1162 quam
1772 1091 1917 1159 quod
1952 1091 2016 1144 ad
2056 1089 2121 1143 ﬂ-

549 1184 697 1246 dem,
749 1182 820 1236 ob
876 1198 1042 1252 quam
1091 1182 1180 1238 hic
1227 1183 1602 1238 considetnus.
1652 1184 1721 1235 At
1775 1181 2123 1236 considentes

553 1273 698 1327 haud
748 1289 847 1344 par
895 1273 1185 1336 considere
1217 1284 1302 1329 est
1334 1275 1512 1328 obiter
1569 1272 1950 1342 projecteque,
1991 1271 2122 1340 quin

555 1375 714 1419 rautc
763 1365 817 1418 in
858 1365 1072 1434 primis,
1106 1374 1160 1420 et
1196 1366 1626 1432 circumspecte,
1663 1380 1730 1419 ne
1759 1365 1883 1418 aliis
1929 1363 2124 1432 praedi-

553 1466 739 1539 cantes
785 1457 887 1525 ipsi
933 1457 1169 1527 improbi
1201 1457 1397 1522 simus,
1428 1457 1575 1524 quod
1609 1457 1681 1509 ob
1725 1472 1818 1512 eos
1861 1456 2122 1522 diximus,

554 1546 647 1615 qui
679 1546 963 1615 suppliciis
1007 1548 1258 1612 multati,
1287 1561 1504 1601 rursum
1537 1547 1788 1603 sectariis
1823 1561 2123 1602 accessere.

554 1637 800 1702 Quorum
867 1638 1095 1694 missilia
1148 1654 1321 1708 nuper
1386 1638 1690 1709 refugimus
1741 1641 2010 1708 accipere,
2067 1648 2126 1693 ut

557 1728 722 1783 noxia
768 1729 1169 1798 conjunctaque
1231 1745 1352 1783 cum
1389 1730 1557 1784 animi
1602 1731 1874 1798 periculo,
1910 1746 2018 1799 qua
2069 1746 2126 1785 re

1731 360 1792 420 S.
1827 345 2220 419 THEODORI
2267 351 2619 416 STUDITIE

2140 473 2184 530 Α
2213 465 2612 530 subtractionis,
2637 462 2740 532 ﬁlii
2771 462 2824 515 in
2850 460 3218 529 perditionem,
3247 460 3336 514 sed
3356 459 3500 528 ﬁdei,
3532 460 3586 512 in
3611 463 3798 528 acqui-

3690 348 3798 410 636

2217 559 2460 614 sitionem
2481 559 2672 610 animo:
2689 556 2755 607 “.
2778 552 2968 607 Viden'
2992 561 3049 608 ut
3073 553 3506 608 retractationem
3527 553 3795 618 nominet,

2219 650 2285 704 ad
2322 646 2649 718 perniciem?
2700 644 2885 713 Itaque
2935 643 3050 697 baac
3093 642 3337 711 ejusdem
3387 640 3628 710 Apostoli
3670 656 3798 696 sen-

2220 738 2383 791 tentia
2413 745 2517 800 est,
2547 732 2781 787 Mundus
2803 747 2920 785 sum
2947 747 2980 784 a
3001 729 3259 796 sanguine
3280 727 3513 781 omnium
3540 737 3795 788 oestrum,

2219 844 2324 882 non
2368 828 2507 881 enim
2552 821 2846 891 subterfugi
2895 819 3171 890 quominus
3219 817 3592 870 annuntiarem
3642 832 3799 869 omne

2221 919 2501 974 consilium
2557 915 2654 968 Dei
2708 914 2850 967 nobis
2871 913 2940 964 “.
3001 909 3368 976 Quamobrem
3425 921 3526 963 nos
3575 921 3801 977 quoque

2222 1010 2514 1080 apostolica
2565 1008 2832 1072 doctrina,
2890 1021 2954 1060 ac
3008 1013 3322 1058 sanctorum
3372 1002 3507 1055 adeo
3567 998 3796 1052 Patrum

2224 1101 2467 1164 subnixi,
2492 1101 2582 1169 qui
2620 1098 2806 1152 eadem
2839 1107 2890 1151 et
2917 1096 3018 1164 ipsi
3047 1110 3169 1150 cum
3197 1093 3445 1162 apostolo
3471 1092 3795 1161 loquuntur,

2223 1194 2292 1247 ab
2344 1193 2599 1246 haeretica
2656 1188 3042 1245 consuetudine
3091 1199 3394 1255 eorumque
3443 1183 3535 1253 qui
3589 1191 3800 1235 mutato

2224 1283 2456 1338 consilio
2509 1284 2591 1336 his
2649 1294 2952 1342 accessere,
3003 1279 3354 1341 abstinentes,
3397 1274 3799 1330 confessionem

2227 1381 2535 1429 accuratam
2571 1381 2838 1434 tueamur,
2893 1372 2944 1422 in
2979 1383 3083 1437 qua
3116 1377 3340 1431 stamus,
3373 1382 3436 1422 ac
3464 1366 3664 1420 divina:
3704 1379 3803 1432 spe

2227 1465 2413 1536 gloria:
2461 1464 2880 1533 triumphamus,
2913 1460 3230 1529 caeterisque
3255 1458 3466 1512 cunctis
3496 1456 3802 1510 {unctioni-

2227 1559 2328 1614 bus
2355 1573 2456 1612 ceu
2489 1556 2818 1610 adamussim
2845 1554 3136 1624 poliamur,
3161 1567 3272 1622 quo
3300 1550 3546 1620 perfecti,
3569 1549 3802 1619 integri-

2226 1666 2332 1720 que
2361 1651 2554 1713 simus,
2589 1648 2732 1700 nulla
2773 1646 2826 1698 in
2883 1660 2942 1699 re
2983 1643 3198 1699 defecti.
3246 1645 3324 1697 Ac
3375 1640 3470 1696 Dei
3511 1656 3636 1711 pax,
3679 1654 3804 1710 qua:

2230 1757 2446 1796 omnem
2495 1748 2713 1810 superat
2745 1747 2998 1802 utentem,
3027 1738 3240 1791 animos
3298 1750 3567 1804 sensaque
3608 1742 3803 1788 nostra

555 1821 769 1889 cognita
803 1820 1026 1890 quidam
1061 1821 1200 1874 inter
1231 1835 1331 1875 nos
1352 1819 1542 1875 Patres
1572 1821 1976 1890 indiguati,ceu
2000 1822 2129 1875 hinc

2235 1833 2509 1888 custodiat
2540 1847 2635 1902 per
2677 1829 2960 1884 Christum.
2983 1828 3172 1883 Jesum
3207 1827 3492 1881 Dominum
3523 1833 3801 1888 nostrum,

557 1912 735 1968 turbis
768 1913 1035 1969 accensis.
1067 1909 1179 1967 Nos
1218 1913 1364 1967 enim
1395 1927 1525 1967 vero
1548 1913 1736 1968 turbas
1767 1914 1990 1968 accendi
2027 1913 2122 1968 de-

557 2018 866 2072 precamur.
905 2019 1008 2059 nec
1069 2019 1362 2073 possumus
1395 2011 1608 2069 tamen,
1642 2013 1767 2059 utut
1797 2005 2128 2059 conturben-

559 2104 648 2148 tur
697 2094 970 2159 nonnulli,
1018 2095 1086 2149 de
1119 2098 1349 2151 veritate
1396 2096 1693 2164 quidquam
1739 2096 2031 2161 remittere,
2063 2111 2127 2149 ac

556 2185 957 2240 confessionem
1005 2187 1250 2256 polluere
1277 2186 1669 2251 Christianam,
1702 2187 2126 2254 conspirationis

556 2278 762 2332 crimen
794 2277 975 2344 veriti,
1020 2293 1130 2332 uno
1155 2278 1369 2334 dicente
1405 2277 1636 2333 Vatum:
1673 2276 1842 2332 Sacra
1889 2279 2125 2348 profanis

557 2386 659 2422 non
705 2370 1106 2432 discernebant,
1142 2371 1232 2423 sed
1285 2380 1435 2423 erant
1479 2371 1552 2423 eis
1600 2370 1779 2422 omnia
1829 2369 2128 2439 polluta"?

559 2459 776 2514 Necnon
816 2459 1125 2534 Apostolo:
1171 2460 1303 2526 Quae
1348 2462 1688 2530 participatio
1729 2461 1959 2529 justitia:
2008 2476 2126 2514 cum

558 2550 834 2617 iniquitate
854 2551 878 2604 7
902 2565 1020 2618 qua:
1048 2549 1272 2603 societas
1303 2549 1410 2603 luci
1445 2550 1514 2602 ad
1540 2550 1818 2603 tenebras?
1851 2566 1968 2618 quae
2001 2566 2126 2601 con-

558 2641 729 2694 ventio
751 2640 948 2694 Christi
967 2641 1035 2692 ad
1059 2639 1231 2693 Belial
1249 2642 1273 2693 ?
1291 2656 1406 2708 quae
1430 2658 1554 2708 pars
1572 2640 1717 2708 ﬁdeli
1741 2656 1857 2693 cum
1887 2639 2125 2708 inﬁdeli?

557 2730 647 2798 qui
679 2746 958 2783 consensus
987 2731 1177 2798 templo
1210 2729 1304 2784 Dei
1345 2748 1462 2784 cum
1494 2730 1750 2784 idolis”?
1784 2731 1858 2783 Ac
1886 2745 2123 2798 rursum,

561 2820 878 2876 Snbtrahere
899 2839 984 2876 vos
1009 2823 1072 2875 ab
1101 2824 1246 2877 onmi
1264 2824 1432 2892 fratre
1456 2823 1761 2878 ambulante
1790 2825 2124 2890 inordinate;

560 2923 608 2966 et
643 2931 744 2968 non
769 2915 1053 2969 secundum
1082 2915 1422 2969 traditionem
1452 2933 1611 2976 quam
1639 2927 1946 2985 acceperunt
1969 2934 2002 2972 a
2032 2934 2127 2970 no-

563 3009 640 3062 bis
663 3009 728 3066 ".
762 3018 814 3062 et
842 3008 1070 3064 iterum:
1108 3008 1167 3064 Si
1194 3011 1238 3064 is
1266 3013 1355 3080 qui
1389 3012 1557 3080 frater
1585 3013 1886 3066 nominatur
1910 3022 1986 3068 est
2015 3014 2128 3082 for-

2228 1926 2314 1980 cni
2342 1924 2510 1994 gloria
2537 1933 2590 1977 et
2614 1921 2933 1990 .imperium
2966 1935 3090 1975 cum
3128 1920 3304 1980 Patre,
3338 1932 3402 1972 ac
3437 1925 3629 1972 sancto
3673 1914 3801 1981 Spi-

2230 2019 2357 2083 ritu,
2397 2030 2539 2070 nunc
2596 2023 2650 2070 et
2676 2029 2911 2084 semper,
2931 2013 2982 2067 in
3013 2026 3339 2082 omnemque
3363 2010 3801 2081 perpetuitatem.

2232 2110 2429 2163 Arnen.

2780 2233 3011 2292 SERMO
3044 2232 3274 2290 XCVIII.

2230 2355 2305 2409 De
2340 2353 2664 2424 obsequendo
2693 2352 2937 2424 praefecto
2957 2389 2972 2411 ,
3021 2358 3391 2424 gratanterque
3420 2343 3636 2416 ferendo
3677 2344 3803 2399 obe-

2749 2422 2962 2476 dientia:
2994 2421 3304 2474 certamine.

2297 2554 2515 2608 Fratres
2562 2551 2880 2620 Patresque,
2909 2550 3162 2619 equidem
3185 2550 3237 2602 iu
3271 2546 3423 2601 vobis
3446 2546 3679 2616 gaudeo,
3709 2544 3805 2614 qui

2229 2647 2284 2702 in
2334 2646 2592 2700 omnibus
2627 2658 2833 2698 morem
2867 2642 3066 2714 geratis
3095 2683 3110 2709 ,
3159 2655 3224 2694 ac
3254 2639 3406 2693 nihili
3441 2637 3576 2692 meis
3621 2637 3805 2691 verbis

2229 2723 2612 2808 obsequamini
2630 2753 2723 2792 seu
2743 2735 2946 2800 aﬂlicti,
2971 2751 3065 2791 seu
3091 2733 3332 2798 hilarati,
3351 2748 3445 2787 seu
3465 2730 3803 2800 reprehensi,

2229 2844 2324 2885 seu
2377 2829 2698 2894 collaudati,
2739 2830 2840 2884 etsi
2875 2828 3292 2898 haudquaquam
3345 2825 3395 2879 id
3433 2833 3518 2879 est
3562 2838 3593 2877 a
3625 2822 3801 2885 vobis,

2228 2920 2363 2994 quin
2398 2922 2489 2975 Dei
2544 2937 2746 2976 munus
2777 2930 2882 2984 est,
2922 2930 2974 2975 et
3001 2919 3318 2974 obedientiae
3349 2932 3510 2979 verae,
3542 2914 3802 2969 minime-

2229 3029 2335 3083 que
2355 3012 2548 3068 fucatm
2566 3025 2961 3083 argumentum.
2975 3028 3096 3083 qua
3114 3013 3301 3081 ingens
3319 3009 3477 3063 habet
3494 3007 3803 3077 praemium,

562 3101 785 3164 nicator,
817 3111 906 3153 aut
939 3118 1151 3166 avarus,
1181 3113 1272 3155 aut
1303 3103 1459 3156 idolis
1502 3105 1748 3166 seruiens,
1793 3114 1881 3156 aut
1910 3105 2128 3158 maledi-
2156 3138 2197 3196 Ο
2233 3119 2295 3157 ac
2329 3104 2632 3158 mercedem
2680 3104 2991 3158 certaminis
3017 3142 3033 3166 ,
3099 3099 3554 3172 quemadmodum
3627 3095 3805 3151 sancti

565 3207 674 3258 cus,
717 3204 810 3246 aut
839 3193 1073 3247 ebriosus
1093 3236 1108 3260 ,
1141 3205 1234 3247 aut
1273 3211 1465 3262 rapax,
1511 3211 1629 3247 cum
1654 3195 1914 3263 ejusmodi
1941 3213 2030 3249 nec
2059 3197 2132 3248 ci-

566 3287 687 3336 bum
714 3285 998 3338 sumere”.
1036 3285 1208 3356 igitur
1235 3295 1428 3340 cuncta
1480 3286 1595 3341 hate
1623 3295 1858 3342 mentem
1913 3298 2133 3343 conter-

567 3384 706 3438 rent,
745 3389 810 3429 ac
834 3375 1132 3441 distiuent,
1187 3392 1359 3446 eaque
1386 3378 1616 3447 gratiam
1661 3380 1914 3448 quamvis
1955 3379 2134 3449 potius

567 3465 843 3520 miseriam
890 3476 942 3520 et
986 3482 1282 3522 aerumnam
1345 3468 1586 3537 perferre
1630 3471 1876 3524 animum
1926 3471 2138 3524 induxi-

572 3564 718 3621 mus,
749 3569 912 3622 quam
940 3556 1256 3624 praesidium
1304 3571 1369 3611 ac
1407 3558 1640 3612 salutem
1677 3561 1926 3627 prodere.
1965 3559 2136 3629 Equi-

568 3647 688 3699 dem
725 3661 849 3700 rum
903 3647 1165 3716 scriptum
1207 3648 1315 3702 sit:
1351 3646 1470 3702 Sive
1517 3651 1719 3716 patitur
1769 3666 1929 3702 unum
1979 3667 2139 3703 ntem-

571 3737 741 3801 brunt,
775 3739 1166 3806 compatiuntur
1195 3739 1374 3792 omnia
1419 3739 1652 3793 membra
1680 3755 1697 3803 ;
1728 3740 1834 3793 sive
1876 3739 2139 3809 gloriatur

571 3845 732 3881 unum
761 3829 1067 3893 membrum,
1100 3831 1423 3900 congaudent
1461 3832 1638 3885 omnia
1664 3833 1893 3885 membra
1917 3833 1985 3897 ",
2021 3848 2138 3888 vos-

571 3936 675 3990 que
708 3922 949 3975 membra
989 3921 1107 3975 sitis
1134 3936 1391 3991 germana
1417 3963 1431 3986 ,
1469 3932 1633 3990 atque
1662 3922 1918 3976 intestina
1955 3932 2139 3978 nostra

575 4013 799 4074 viscera,
843 4026 947 4064 non
986 4012 1134 4079 potui
1185 4013 1317 4081 quin
1364 4012 1633 4066 edicerem
1675 4015 1985 4081 praesentia,
2030 4029 2140 4084 quo

572 4105 807 4168 sciretis,
839 4112 890 4159 et
920 4105 1151 4160 scientes
1176 4106 1560 4170 condoleretis,
1594 4121 1655 4161 sc
1679 4122 1801 4174 quae
1829 4106 1956 4161 hinc
1980 4124 2140 4161 even-

574 4206 691 4250 tura
724 4196 834 4250 sint
865 4197 1143 4261 videretis,
1175 4193 1442 4266 siquidem
1491 4197 1567 4252 ait
1604 4215 1618 4250 :
1662 4197 1865 4251 Virtute
1921 4199 2140 4268 fungens

573 4299 815 4354 exspecta
843 4289 904 4341 ob
927 4304 1043 4343 eam
1075 4289 1383 4342 tentationes
1407 4288 1601 4342 ".Jam
1627 4302 1722 4358 per
1745 4304 1841 4344 vos
1871 4289 1968 4358 ipsi
1992 4290 2140 4357 judi-

573 4389 712 4442 cate,
745 4380 991 4444 obsecro,
1035 4380 1180 4450 quod
1214 4378 1326 4433 dixi
1377 4395 1591 4449 aequum
1642 4380 1714 4434 sit
1742 4380 1812 4434 ob
1857 4380 2140 4433 veritatem

2234 3191 2424 3247 Patres
2461 3193 2696 3247 edixere.
2731 3192 2826 3245 Sin
2861 3199 3133 3246 certamen
3165 3196 3280 3251 est,
3330 3185 3493 3241 habet
3538 3183 3804 3238 nimirum

2236 3297 2491 3354 pugnas,
2557 3291 2612 3337 et
2663 3282 2987 3347 conﬂictus,
3071 3288 3359 3350 postquam
3409 3285 3612 3346 martyr
3666 3274 3807 3328 citra

2237 3371 2560 3442 supplicium
2622 3385 2781 3426 nemo
2859 3378 2990 3435 est,
3050 3384 3151 3422 nec
3200 3367 3475 3420 laureatus
3543 3365 3636 3433 qui
3692 3378 3804 3418 non

2239 3464 2536 3534 legitimum
2577 3472 2851 3518 certamen
2910 3459 3248 3523 confecerit,
3296 3455 3656 3526 quamobrem
3707 3470 3810 3511 nos

2237 3569 2454 3625 quoque
2486 3554 2628 3608 haud
2655 3552 3041 3610 defetiscamur
3083 3547 3319 3621 quodam
3359 3545 3514 3617 quasi
3546 3549 3811 3617 martyrio

2240 3646 2486 3716 perfungi
2513 3645 2880 3709 conscientiae,
2909 3644 3029 3699 lacte
3063 3641 3316 3698 universa
3354 3637 3589 3692 ferentes
3623 3637 3814 3707 objur-

2240 3736 2487 3807 gationes
2527 3751 2623 3790 ceu
2657 3736 2845 3803 ﬂagra,
2883 3733 3224 3789 voluntatum
3275 3727 3661 3784 coercitionem
3711 3744 3812 3783 ceu

2240 3828 2734 3889 obtruncationem,
2749 3825 3136 3896 cogitationum
3156 3824 3410 3890 impetus,
3427 3833 3525 3874 ceu
3549 3831 3815 3873 accensas

2240 3933 2270 3972 a
2333 3917 2552 3971 diabolo
2587 3931 2769 3986 pyras.
2809 3915 2926 3968 Non
2957 3913 3315 3982 restinguitur
3357 3909 3498 3979 ignis
3534 3907 3642 3961 nisi
3673 3922 3814 3977 aqua

2243 4008 2470 4073 suﬂ‘usa,
2507 4023 2606 4061 nec
2641 4005 2796 4061 (ωδε
2832 4005 3072 4060 libidinis
3115 4004 3355 4071 ﬂamma,
3403 3998 3508 4054 nisi
3555 4000 3815 4069 lacrymis

2243 4099 2463 4164 affusis;
2499 4099 2641 4153 haud
2670 4105 2892 4153 curatur
2914 4097 3069 4150 labor
3096 4094 3204 4150 nisi
3229 4093 3632 4149 restauratione
3649 4091 3812 4159 quie-

2243 4192 2334 4257 tis,
2360 4205 2460 4244 nec
2489 4206 2638 4244 mens
2703 4198 2924 4260 gravata
2958 4188 3210 4258 cogitatis
3235 4185 3337 4241 nisi
3377 4201 3444 4240 ex
3473 4184 3814 4247 oneratione,

2244 4298 2406 4352 quam
2458 4282 2732 4336 confessio
2765 4287 3003 4350 praestet.
3037 4281 3348 4348 Apertaque
3386 4284 3514 4330 sunt
3569 4274 3817 4329 remedia

2247 4376 2458 4440 salutis,
2491 4382 2547 4429 et
2577 4374 2835 4428 hactenus
2877 4372 3041 4426 etiam
3084 4380 3244 4440 atque
3272 4370 3436 4424 etiam
3483 4368 3538 4422 in
3582 4366 3818 4421 Domino

575 4472 921 4528 monasteriis
951 4473 1158 4542 pulsos,
1187 4473 1482 4541 eademque
1505 4471 1781 4540 prodenda
1803 4471 2138 4527 monasteria
2174 4465 2216 4520 D
2245 4466 2433 4520 valetis
2453 4506 2467 4528 ,
2509 4466 2555 4519 si
2587 4467 2702 4534 quis
2734 4475 2908 4518 autem
2942 4471 3168 4516 vestrum
3210 4460 3405 4529 indiget
3454 4459 3724 4527 sapientia
3749 4456 3816 4519 ”,

578 4564 895 4627 retinentes,
924 4578 1082 4633 pares
1107 4578 1349 4626 cernere,
1381 4573 1435 4616 et
1470 4571 1752 4617 consortes
1782 4572 1993 4631 putare.
2028 4561 2141 4632 Ego

574 4667 629 4708 et
661 4654 1029 4724 nequidquam
1067 4653 1208 4724 pulsi
1238 4663 1368 4708 sunt
1396 4664 1667 4718 extorres,
1696 4662 1750 4708 et
1782 4669 1880 4722 pro
1903 4653 1985 4707 his
2011 4652 2140 4706 olim

578 4748 942 4817 nequidquam
969 4747 1452 4816 prapugnavimus,
1472 4757 1636 4816 atque
1657 4745 1987 4814 impostores
2011 4745 2143 4800 adeo

575 4837 1055 4906 «leprehendimur,
1095 4838 1234 4903 aliis,
1273 4839 1351 4893 sic
1387 4838 1508 4892 aliis
1557 4837 1693 4892 alter
1725 4837 2035 4907 loquentes,
2078 4850 2142 4889 ac

571 4933 693 5000 jure
725 4931 998 5000 ingemeut
1028 4930 1183 4985 nobis
1229 4931 1322 5000 qui
1370 4929 1766 4986 confessionem
1810 4929 2015 4983 obeant
2050 4943 2143 4981 ac-

577 5029 784 5087 curate,
814 5021 856 5074 si
886 5021 1184 5076 accessisse
1220 5022 1285 5075 iis
1328 5020 1584 5075 videbunt
1621 5019 1713 5089 qui
1745 5033 1941 5071 noxam
1970 5017 2022 5071 iu
2054 5016 2148 5070 Dei

583 5113 879 5168 Ecclesiam
907 5121 1308 5181 compararunt.
1344 5112 1482 5177 Quin
1513 5110 1652 5164 absit
1682 5125 1807 5163 vero
1835 5119 1892 5162 ut
1927 5107 2154 5162 acceda-

582 5220 721 5271 mus,
783 5215 836 5259 et
893 5204 946 5258 in
1000 5219 1097 5258 nos
1138 5203 1358 5270 insuper
1415 5203 1638 5256 exitium
1688 5199 2001 5254 conﬂamus.
2057 5197 2152 5251 Pol

577 5297 902 5365 jampridem
960 5304 1228 5364 quatenus
1293 5303 1502 5363 tempus
1571 5292 1874 5361 postulabat
1932 5289 2154 5343 indulsi-

584 5402 728 5452 mus,
765 5402 865 5442 nec
911 5385 1131 5454 injuria,
1165 5399 1310 5438 nunc
1364 5384 1668 5452 urgendum
1722 5381 2008 5436 artificium
2061 5381 2154 5443 sit,

583 5494 685 5532 nec
712 5476 1110 5532 retractandum
1133 5491 1146 5542 ;
1174 5490 1295 5529 nam
1324 5493 1337 5529 :
1371 5474 1523 5539 Quod
1547 5475 1592 5527 si
1619 5473 1940 5528 subtraxerit
1974 5486 2048 5533 se,
2074 5470 2157 5523 iu-

582 5567 724 5638 quit,
761 5583 863 5620 non
892 5564 1114 5637 placebit
1145 5567 1338 5619 animae
1367 5580 1492 5619 mea:
1517 5564 1581 5629 ",
1617 5574 1669 5618 et
1698 5581 1712 5619 :
1749 5561 1848 5616 Vos
1900 5577 2001 5614 non
2031 5559 2154 5614 estis

656 5702 698 5734 ⁸³
740 5700 937 5755 Ezech.
968 5715 1101 5759 xm.
1133 5697 1222 5751 26.
1301 5695 1400 5750 μ⁸11
1431 5697 1557 5750 Cor.
1585 5712 1658 5754 γι,
1695 5694 1777 5747 lG.

586 5787 660 5839 ιι,
692 5771 780 5828 55.
859 5773 900 5804 ¹⁹
942 5769 1104 5827 Hebr.
1141 5786 1190 5837 x,
1219 5767 1306 5824 58.
1384 5769 1427 5798 ²⁰
1469 5767 1597 5822 ibid.
1641 5766 1726 5821 59.

1859 5698 1897 5727 ’⁵
1939 5692 1976 5746 Il
2014 5691 2205 5746 Thess.
2238 5707 2317 5755 tu,
2350 5689 2401 5741 6.

1807 5767 1848 5797 ²¹
1891 5767 2010 5820 Act.
2050 5779 2139 5826 xx,
2173 5763 2261 5816 27.
2307 5753 2381 5797 ’³³
2409 5757 2592 5814 Jacob.
2639 5774 2676 5822 t,
2709 5756 2759 5812 5.
2837 5757 2883 5788 ’³
2917 5754 3045 5810 ibid.
3082 5753 3133 5807 8.

2246 4568 2305 4612 ut
2338 4558 2430 4612 Dei
2459 4573 2750 4628 germanus
2772 4556 3123 4619 vociferatur,
3151 4553 3376 4624 postulet
3398 4568 3431 4606 a
3453 4551 3580 4616 Deo,
3612 4551 3704 4620 qui
3728 4551 3819 4603 dat

2246 4651 2486 4720 omnibus
2512 4649 2799 4718 afﬂuenter,
2836 4659 2884 4703 et
2910 4663 3014 4700 non
3048 4649 3388 4715 improperat,
3411 4653 3458 4696 et
3485 4642 3706 4696 dabitur
3750 4641 3819 4694 ei.

2248 4741 2489 4796 Postulet
2519 4752 2692 4796 autem
2725 4742 2778 4793 in
2813 4741 2935 4808 ﬁde,
2972 4738 3104 4792 nihil
3132 4737 3416 4799 hwsitans;
3444 4735 3692 4804 quienim
3714 4734 3823 4786 late-

2245 4835 2376 4887 sitat
2404 4833 2598 4886 similis
2624 4843 2698 4885 est
2734 4831 2924 4900 ﬂuctui
2957 4829 3117 4882 maris
3139 4865 3154 4892 ,
3197 4829 3287 4898 qui
3319 4844 3351 4880 a
3381 4832 3529 4879 vento
3561 4834 3822 4886 movetur,

2244 4940 2295 4978 et
2322 4924 2714 4992 circumfertur.
2767 4922 2887 4975 Non
2930 4937 3050 4992 ergo
3089 4921 3309 4976 testimet
3337 4919 3491 4987 homo
3541 4916 3634 4970 ille
3683 4915 3822 4986 quod

2248 5014 2476 5080 accipiat
2516 5010 2719 5080 aliquid
2768 5027 2801 5062 a
2846 5007 3070 5062 Domino
3098 5049 3113 5074 ,
3158 5007 3282 5076 quia
3313 5006 3393 5058 vir
3425 5001 3618 5070 duplex
3646 5003 3823 5054 animo

2248 5104 2549 5157 inconstans
2587 5110 2663 5154 est
2709 5100 2766 5153 in
2794 5099 3032 5152 omnibus
3075 5097 3170 5151 viis
3210 5096 3322 5150 suis
3354 5094 3400 5127 ”
3424 5134 3439 5160 ,
3488 5099 3824 5162 quapropter

2251 5210 2318 5249 ne
2348 5193 2708 5262 ambigamus.
2737 5205 2841 5244 neu
2877 5187 3129 5258 precibus
3159 5183 3430 5255 agitandis
3454 5180 3777 5235 dubitemus
3805 5197 3820 5242 ;

2258 5285 2388 5354 quin
2417 5282 2704 5355 gratulati,
2759 5294 2823 5336 ac
2861 5295 2981 5334 cum
3015 5277 3210 5332 ﬁducia
3234 5275 3442 5330 sincera
3474 5269 3646 5326 Deum
3685 5275 3828 5323 votis

2260 5374 2587 5442 ﬂagitamus,
2627 5379 2682 5425 et
2705 5383 3102 5440 consequemur
3129 5367 3247 5422 sine
3274 5363 3614 5420 dubitatione
3637 5362 3826 5432 petita,

2263 5477 2426 5535 atque
2463 5463 2700 5518 insolens
2721 5461 3094 5532 eratinguetur
3128 5458 3290 5529 ignis,
3322 5455 3648 5526 cognitaque
3673 5451 3830 5507 diffu-

2262 5558 2407 5628 gient
2443 5556 2667 5611 inimica
2701 5570 2765 5610 ac
2803 5555 2913 5609 Deo
2955 5553 3093 5608 duce
3130 5547 3465 5621 propositum
3508 5543 3830 5599 obedientia

2481 5688 2523 5718 "
2562 5685 2739 5741 iCor.
2778 5700 2828 5750 ν,
2866 5686 2950 5739 Η.
3026 5682 3243 5737 "lCor.
3280 5677 3492 5742 311,26.
3603 5677 3828 5733 "lCor.
