4000 6306
211 313 318 374 637

1353 314 1753 376 SERMONES
1814 313 2328 377 CATECIIETICI-

3344 313 3453 378 638

216 424 540 498 martyrium
571 429 881 493 peragetur.
909 419 1176 478 Caeterum
1225 438 1346 488 vos,
1378 422 1597 490 fratres,
1643 427 1786 481 scire
1814 431 1860 487 Α
1890 439 2037 498 ptum
2069 431 2134 494 iri
2165 429 2268 484 nisi
2304 425 2458 497 panis
2483 467 2497 491 ,
2547 419 2600 481 et
2645 437 2801 492 aquae
2844 421 3070 494 penuria
3110 422 3446 492 praesidium.

215 518 374 574 velim
409 515 624 572 loculos
657 525 876 572 nostros
906 531 1010 571 non
1044 515 1269 569 nimium
1305 516 1583 572 abundare
1628 519 1790 587 stipe,

217 604 350 676 quin
385 599 623 673 erogari,
653 616 757 656 non
789 617 1102 673 augescere,
1143 619 1287 657 nunc
1335 605 1635 673 praesertim
1665 621 1791 661 cum

219 695 420 750 defecit
445 703 500 748 et
532 695 745 756 vinum,
774 710 876 765 qua
907 710 965 751 re
997 694 1381 750 imbecilliores
1413 697 1793 766 percellimini,

222 785 423 840 sentio.
456 784 659 840 Verum
690 785 964 850 confidite,
1000 801 1226 856 propere
1253 787 1624 857 adjumentum
1651 800 1797 846 attu-

222 877 284 929 lit
320 877 484 940 Deus,
519 891 619 948 pro
649 877 909 932 frumenti
939 877 1095 947 copia
1165 878 1412 947 vinique,
1443 895 1506 936 ac
1538 896 1660 950 qua:
1687 881 1793 936 alia

224 964 329 1020 fert
355 967 655 1022 necessitas
713 982 926 1022 necnon
957 967 1146 1024 afferat
1175 977 1229 1024 et
1256 969 1497 1039 insuper,
1527 972 1572 1026 si
1602 971 1652 1024 ei
1697 972 1795 1026 toti

226 1057 632 1121 incumbamus,
661 1072 782 1125 qua:
814 1056 1062 1125 placeant
1106 1067 1346 1126 agentes,
1379 1073 1476 1113 nec
1504 1060 1570 1114 de
1599 1059 1796 1115 fiducia

222 1145 448 1210 demoti,
479 1162 600 1213 quae
627 1162 697 1200 ex
725 1161 790 1201 eo
811 1147 1134 1216 suppeditet,
1169 1147 1261 1216 qui
1312 1148 1530 1216 quidem
1556 1149 1750 1204 dixerit
1779 1168 1792 1204 :

230 1233 348 1288 Non
379 1244 426 1289 te
472 1235 710 1288 deseram
734 1275 750 1299 ,
786 1251 946 1304 neque
993 1235 1282 1304 relinquam
1309 1237 1394 1300 “;
1431 1250 1495 1291 ac
1529 1253 1748 1292 rursum
1779 1255 1792 1292 :

225 1325 460 1389 Quaerite
477 1328 707 1394 primum
731 1344 942 1396 regnum
973 1327 1090 1392 Dei,
1117 1337 1165 1380 et
1187 1329 1462 1396 justitiam
1486 1328 1601 1398 ejus
1619 1339 1668 1383 et
1686 1331 1797 1384 ha'c

224 1417 405 1471 omnia
450 1417 777 1485 adjicientur
810 1420 950 1471 vobis
979 1420 1044 1472 ".
1091 1418 1222 1483 Quen
1265 1421 1308 1475 si
1362 1420 1659 1478 destituant
1688 1422 1799 1490 ple-

231 1522 480 1578 rumque,
501 1508 637 1561 nihil
657 1509 874 1574 mirum,
902 1510 1032 1578 quin
1060 1512 1380 1580 exploratio,
1409 1527 1472 1567 ac
1497 1514 1794 1582 periculum

229 1607 314 1652 est
345 1599 584 1653 virtutis.
617 1597 738 1658 Non
782 1601 983 1670 probus
1021 1611 1138 1656 erat
1177 1601 1412 1660 Jacobus
1450 1605 1796 1675 patriarcha?

229 1697 285 1742 at
318 1688 460 1743 fame
490 1688 707 1745 interim
743 1707 985 1760 pressus,
1016 1694 1249 1762 majores
1281 1705 1497 1750 nostros
1537 1697 1592 1750 in
1627 1695 1794 1768 Egy-

1893 521 2033 588 Quid
2062 520 2144 576 his
2163 519 2340 574 simile
2372 517 2426 572 in
2456 516 2651 572 nobis?
2674 517 2962 586 lacrymaa,
2987 529 3052 569 ac
3078 513 3299 568 verbum
3333 513 3464 578 Dei,

1892 630 1989 684 per
2015 627 2135 682 quae
2166 611 2382 665 aniuus
2431 608 2689 678 pascitur,
2741 616 2796 661 et
2845 605 3285 669 incolumitatur,
3318 619 3455 674 quo-

1894 717 2130 774 rumque
2165 701 2376 757 defectu
2411 699 2569 770 perit,
2604 714 2667 753 ac
2693 697 2959 767 proditur.
2993 695 3134 766 Ergo
3167 695 3364 750 habitet
3397 696 3456 748 in

1897 794 2042 847 nobis
2071 791 2282 847 uerbum
2311 790 2642 844 abundanter
2671 789 2736 852 “,
2770 795 2831 840 ut
2871 785 3025 840 aiunt
3051 784 3266 840 Littera
3291 826 3307 851 ,
3357 798 3458 844 nec

1897 886 2150 956 lacrymaa
2178 882 2374 938 desint.
2412 879 2556 948 Quin
2592 879 2774 934 obitus
2821 876 3059 932 indidem
3103 888 3157 933 et
3197 875 3453 947 proditio,

1894 974 2357 1046 quemadmodum
2390 972 2590 1028 ferunt.
2628 969 2767 1036 Quid
2794 969 2898 1024 hoc
2940 969 3136 1024 iterum
3167 968 3246 1022 rei
3269 968 3292 1020 τ
3316 967 3458 1021 inte-

1896 1070 2040 1125 slina
2071 1073 2256 1122 nostra
2302 1065 2452 1129 vitia,
2489 1061 2780 1131 studioque
2808 1060 2990 1115 carnis
3029 1057 3260 1113 excitata
3290 1057 3458 1111 animi

1896 1172 2078 1223 sensa,
2100 1171 2244 1226 quae,
2275 1164 2337 1211 ut
2374 1154 2736 1216 insidiatores,
2770 1150 3008 1206 inimicis
3034 1150 3234 1205 ostium
3258 1149 3461 1203 daemo-

1897 1249 2062 1304 nibus
2101 1247 2367 1317 aperiant.
2400 1244 2505 1300 Sed
2541 1245 2576 1299 ii
2605 1241 2928 1314 proﬂigandi
2958 1250 3086 1297 sunt
3109 1240 3386 1301 nimirum.
3406 1247 3462 1292 et

1896 1341 2045 1396 omni
2074 1354 2174 1409 Ope
2203 1338 2504 1393 cavendum
2529 1351 2596 1390 ne
2615 1335 2808 1390 civitas
2836 1342 3039 1395 nostra,
3068 1332 3120 1387 id
3143 1339 3244 1396 est,
3282 1346 3458 1394 mens,

1895 1441 2255 1501 expugnetur,
2292 1444 2397 1485 neu
2431 1443 2462 1483 a
2520 1435 2742 1497 peccato
2765 1424 3117 1494 dejectemur,
3149 1438 3254 1478 neu
3284 1420 3462 1476 fcedus

1901 1535 2025 1577 cum
2059 1519 2235 1575 noxiis
2264 1517 2567 1574 sceleribus
2598 1517 2871 1579 ineamus,
2894 1514 3026 1581 quin
3067 1513 3461 1567 immaneamns

1897 1607 2106 1670 virtuti,
2135 1607 2188 1661 in
2218 1621 2325 1676 qua
2352 1605 2554 1660 conditi
2578 1618 2792 1668 sumus,
2820 1603 2886 1656 ad
2908 1601 3200 1656 conditoris
3224 1600 3460 1661 laudem,

1898 1711 2187 1767 meumque
2216 1695 2389 1751 sontis
2417 1695 2470 1748 in
2494 1693 2696 1748 Christi
2726 1692 2867 1746 diem
2901 1691 3256 1760 triumphum.
3292 1688 3463 1744 Porro

231 1787 382 1844 ptum
419 1779 690 1848 ablegavit
732 1780 1002 1836 frumenta
1049 1792 1378 1852 coemptum.
1425 1783 1541 1839 Non
1589 1766 1791 1856 probus
1828 1766 1870 1820 Β
1899 1797 2079 1841 autem
2099 1766 2224 1840 cum
2253 1783 2368 1838 heri
2391 1782 2543 1836 vobis
2561 1780 2970 1837 succensuerim
2993 1780 3062 1837 oh
3079 1778 3458 1849 psalmodiam,

231 1867 377 1922 Blias
406 1872 604 1924 vates?
653 1870 743 1938 qui
789 1869 1145 1928 nihilominus
1184 1872 1504 1943 Sarephtam
1546 1875 1602 1929 in
1636 1876 1794 1930 Sido-

228 1975 351 2013 nem
384 1961 678 2028 concessit,
694 1978 833 2030 pone
859 1963 1075 2018 viduam
1095 1964 1368 2020 clamans:
1395 1965 1553 2020 Sume
1575 1967 1648 2020 sis
1665 1967 1792 2020 mihi

229 2065 380 2118 aqua
406 2050 704 2119 pauxillum
753 2054 808 2106 in
837 2056 1161 2122 capedinem,
1190 2056 1424 2109 bibituro
1465 2057 1795 2128 frustumque

228 2142 383 2210 panis
413 2159 682 2198 comesaro
713 2146 777 2212 ",
820 2162 926 2200 non
960 2147 1105 2202 aliud
1133 2151 1415 2218 postulans
1443 2166 1604 2220 quam
1635 2166 1796 2220 pars-

233 2236 375 2300 bile,
427 2250 490 2290 ac
537 2238 907 2291 necessarium
949 2238 1287 2293 alimentum.
1342 2239 1406 2294 Et
1449 2241 1572 2310 quis
1618 2243 1796 2296 vero?

229 2325 398 2391 Elias,
428 2326 521 2394 qui
551 2327 749 2381 caelum
773 2330 1044 2383 obseravit
1064 2329 1268 2399 lingua,
1298 2347 1365 2385 ne
1397 2332 1632 2401 pluviam
1659 2349 1796 2403 prte-

231 2421 400 2479 heret,
429 2435 760 2488 rursumque
783 2432 1032 2489 precatus
1064 2424 1388 2492 supplicium
1421 2426 1605 2489 solvit,
1635 2437 1688 2481 et
1709 2443 1795 2482 re-

236 2509 373 2572 lixit,
405 2523 507 2562 nos
545 2510 678 2564 viles
707 2512 872 2575 intus,
907 2524 1188 2582 extraque.
1214 2513 1314 2580 Qui
1351 2517 1453 2569 etsi
1480 2517 1611 2585 quid
1654 2517 1798 2587 ejus-

235 2600 382 2653 modi
418 2599 680 2666 feramus,
735 2603 958 2657 minime
991 2614 1061 2658 stt
1094 2605 1330 2660 alienum
1359 2645 1374 2669 ,
1433 2622 1534 2662 nec
1574 2609 1799 2664 moleste

232 2692 572 2759 patiendum,
620 2693 750 2763 quin
802 2697 1176 2763 gratulandum
1223 2697 1276 2752 in
1312 2698 1494 2768 inopia
1521 2699 1700 2769 juxta,
1735 2715 1798 2755 ac

231 2785 406 2854 copia,
447 2801 572 2839 nam
617 2801 677 2840 ea
705 2786 905 2842 Christi
934 2787 1321 2858 discipulorum
1359 2800 1482 2845 nota
1522 2801 1642 2856 est,
1691 2807 1796 2846 non

233 2875 438 2943 perdite
467 2889 919 2931 murmurantem.
940 2876 1056 2944 Quo
1072 2891 1323 2949 suscepto
1347 2882 1544 2945 studio,
1581 2892 1639 2936 et
1667 2897 1800 2937 con-

232 2969 379 3031 silio,
406 2968 567 3022 facile
598 2984 721 3023 cum
753 2970 866 3024 haec
888 2971 1112 3026 adversa
1139 2981 1496 3037 transeamus,
1516 2983 1628 3027 tum
1661 2975 1798 3028 bona

231 3061 605 3130 adipiscamur
641 3059 843 3126 futura,
878 3077 972 3132 per
993 3061 1268 3118 Christum
1297 3063 1480 3120 Jesum
1507 3063 1794 3118 Dominum

236 3161 510 3207 nostrum.
530 3150 631 3207 Cui
662 3153 833 3220 gloria
853 3161 908 3207 et
930 3152 1215 3223 imperium
1236 3170 1358 3209 cum
1387 3154 1566 3221 Patre,
1594 3170 1657 3209 ac
1673 3170 1799 3210 san-

231 3257 320 3298 cto
349 3241 581 3312 Spiritu,
621 3257 768 3298 nunc
805 3250 859 3298 et
893 3258 1125 3312 semper,
1151 3244 1204 3298 in
1250 3260 1577 3316 omnemque
1611 3260 1799 3315 perpe-

233 3337 508 3392 tuitatem.
542 3338 739 3391 Amen.

787 3425 1016 3481 SERMO
1053 3425 1236 3482 XCIX.

235 3518 329 3573 Dei
365 3517 728 3572 inlicerendam
753 3516 1040 3584 formidini,
1064 3534 1162 3586 quo
1195 3518 1466 3586 pestiferos
1504 3518 1799 3573 daemonum

459 3589 706 3640 incursus
737 3587 1022 3655 fugiamus,
1054 3590 1212 3656 deque
1243 3587 1574 3642 Psalmodia.

304 3679 524 3735 Fratres
551 3678 866 3747 Patresque,
893 3693 1064 3746 nuper
1088 3679 1321 3748 egressis
1344 3680 1605 3748 Agarenis
1633 3679 1800 3734 illicct

231 3771 572 3825 consternati
606 3769 909 3835 timuimus,
944 3768 1165 3824 solliciti
1201 3785 1269 3824 ne
1305 3771 1357 3823 in
1398 3781 1653 3825 cruentas
1694 3771 1799 3824 im-

231 3860 448 3928 piorum
499 3872 695 3912 manus
747 3855 1130 3922 incideremus,
1165 3872 1231 3911 ne
1263 3856 1460 3926 injuria
1487 3899 1501 3922 ,
1544 3867 1799 3913 caeterum

230 3952 314 4022 agi
337 3959 394 4004 et
426 3951 736 4004 daemonum
785 3949 1058 4010 incursus,
1092 3948 1142 4002 id
1176 3963 1302 4002 vero
1335 3949 1556 4003 minime
1595 3949 1801 4017 cogita-

232 4057 378 4103 mus,
409 4055 510 4094 nec
533 4040 826 4093 metuimus
853 4054 918 4093 ne
943 4038 1144 4093 incauti
1179 4054 1210 4092 a
1236 4039 1485 4110 malignis
1522 4041 1800 4109 spiritibus

229 4139 540 4210 capiamur.
571 4133 860 4188 Enimvero
878 4133 931 4186 in
957 4134 1201 4187 hostibus
1224 4133 1313 4202 qui
1340 4143 1651 4202 spectentur
1677 4149 1798 4190 cum

231 4228 602 4300 temporarias
624 4235 708 4280 est
744 4225 1015 4288 incursus,
1063 4232 1175 4276 tum
1204 4225 1419 4278 eminus
1449 4233 1624 4278 tumor
1649 4225 1799 4279 dela-

233 4333 318 4378 tus
357 4319 671 4373 volentibus
705 4325 1021 4386 potestatem
1046 4315 1172 4372 facit
1201 4315 1324 4382 huc,
1366 4316 1495 4370 illuc
1517 4316 1798 4386 dillugere,

231 4413 378 4484 quod
410 4411 540 4475 dici,
580 4408 1062 4479 inaspectabilibus
1089 4408 1294 4477 nequit,
1319 4409 1410 4476 qni
1432 4418 1637 4473 noctes,
1662 4410 1799 4473 dies,

233 4511 282 4563 in
315 4509 489 4563 horas
516 4503 811 4559 insultibus
843 4500 898 4552 in
933 4515 1029 4553 nos
1045 4499 1209 4553 dediti
1243 4516 1340 4554 nec
1372 4501 1640 4569 respirare
1688 4501 1804 4569 (pe-

233 4617 296 4655 ne
331 4598 608 4664 dixerim)
655 4594 994 4665 permittunt.
1028 4591 1098 4647 Ut
1130 4594 1249 4662 plus
1283 4591 1368 4646 hic
1410 4607 1545 4661 opus
1581 4593 1652 4648 sit
1695 4592 1807 4647 for-

233 4695 385 4748 mido
419 4691 704 4758 majorque
726 4686 996 4750 custodia,
1032 4700 1099 4739 ne
1128 4685 1432 4754 capiamur,
1478 4685 1606 4758 quin
1642 4685 1806 4754 pesti-

235 4785 382 4840 feros
404 4793 595 4835 eorum
629 4776 882 4830 incursus
914 4774 1216 4845 fugiamus,
1257 4781 1312 4826 at
1344 4787 1453 4842 quo
1496 4756 1809 4842 fugiamus?

233 4879 293 4929 ad
326 4873 504 4927 Deum
554 4867 802 4929 scilicet;
861 4880 986 4918 nam
1043 4865 1180 4917 Deus
1219 4875 1394 4918 noster
1441 4864 1722 4933 refugium,
1759 4872 1810 4917 et

238 4969 429 5029 virtus,
466 4978 532 5016 ac
574 4961 684 5022 ille,
719 4959 937 5027 adjutor
974 4958 1028 5010 in
1056 4956 1491 5010 tribulationibus
1516 4995 1532 5021 ,
1575 4973 1693 5025 qua:
1724 4958 1809 5010 in-

237 5066 481 5112 venerunt
505 5070 599 5107 nos
623 5053 777 5105 nimis
806 5051 872 5114 '7;
904 5060 957 5102 et
984 5065 995 5100 :
1021 5047 1349 5101 Immittetur
1371 5046 1584 5116 angelus
1604 5047 1813 5102 Domini

238 5151 284 5202 in
318 5148 558 5205 circuitu
589 5143 884 5196 timentium
907 5155 1045 5202 eum,
1073 5147 1121 5191 et
1143 5139 1324 5206 eripiet
1352 5153 1437 5190 eos
1459 5138 1505 5168 ’⁸
1530 5155 1544 5190 :
1572 5151 1814 5191 rursum-

238 5256 369 5307 que:
398 5239 506 5305 Qui
536 5236 810 5304 conﬁdunt
836 5236 891 5288 in
928 5233 1152 5287 Domino
1183 5233 1318 5286 sicut
1357 5248 1504 5284 mons
1530 5229 1680 5294 Sion,
1713 5246 1816 5284 non

239 5331 651 5387 commovebitur
671 5328 723 5380 in
744 5336 998 5381 internum
1027 5325 1114 5393 qui
1137 5321 1713 5379 habitatinlerusalem
1745 5323 1809 5375 ”.

245 5422 399 5493 Igitur
423 5424 520 5479 Dei
564 5419 879 5483 formidine,
919 5432 982 5471 ac
1010 5415 1204 5470 fiducia
1236 5414 1442 5484 praediti
1468 5428 1808 5483 nequaquam

246 5517 419 5573 hostes
452 5511 801 5586 pavebimus.
829 5507 948 5562 Jam
989 5505 1119 5560 illud
1156 5513 1469 5576 reputemur
1490 5545 1506 5569 ,
1539 5503 1680 5558 haud
1712 5519 1806 5559 ca-

309 5651 493 5706 nJos.
536 5662 578 5712 ι,
614 5643 703 5698 l6.
780 5641 824 5673 ³⁸
852 5638 1150 5712 Matthva
1192 5634 1502 5712 5_3._’°_lll
1534 5633 1678 5712 Reg1
1713 5653 1840 5708 xvn,
1877 5640 1962 5696 l0.

250 5705 425 5789 cxxtv,
460 5721 513 5776 1.
565 5705 642 5749 ’³⁸
677 5713 884 5770 Coloss.
931 5725 1009 5775 ut,
1050 5708 1133 5765 16.
1211 5708 1252 5739 ³⁸
1296 5705 1440 5762 Psal.
1474 5721 1618 5770 aut,
1651 5706 1704 5762 8.

1897 1879 2125 1935 obsecro
2158 1889 2223 1930 ac
2269 1873 2545 1939 cohortor,
2589 1871 2786 1928 decore
2814 1871 3027 1941 riteque
3063 1869 3326 1940 psallere,
3351 1882 3461 1924 non

1895 1972 2103 2036 obiter,
2149 1978 2203 2024 et
2257 1968 2450 2038 supine
2501 1966 2854 2037 confuseque.
2913 1967 2970 2021 ld
3015 1966 3264 2036 equidem
3310 1962 3459 2018 haud

1895 2073 2105 2120 sontem
2137 2075 2224 2115 me
2249 2058 2490 2123 oll‘endit,
2515 2057 2608 2113 sed
2652 2057 2740 2123 pol
2763 2066 3012 2111 sanctum
3037 2055 3328 2126 Spiritum,
3365 2056 3458 2124 (ιιιί

1896 2153 2123 2210 edixerit
2151 2192 2166 2217 ,
2233 2148 2453 2204 Psallite
2487 2149 2841 2219 intelligenter
2868 2147 2910 2179 ³¹
2944 2164 2958 2200 :
2994 2156 3050 2202 at
3099 2146 3464 2218 intelligenter

1897 2245 2127 2314 psallere
2156 2256 2510 2311 nequeamus,
2560 2240 2614 2294 ni
2655 2240 2708 2293 id
2758 2239 3115 2302 observetur,
3149 2253 3217 2293 ne
3241 2278 3256 2305 ,
3291 2239 3462 2294 choro

1899 2332 2324 2404 frequentando,
2364 2345 2579 2386 versum
2610 2331 2958 2400 suspicemur
3002 2329 3132 2383 dum
3175 2327 3464 2398 praedictus

1898 2430 1971 2483 sit
2019 2425 2303 2482 absolutus
2352 2437 2446 2477 seu
2486 2431 2737 2477 contenta
2766 2463 2781 2487 ,
2813 2436 2910 2476 seu
2952 2420 3117 2475 exilis
3164 2419 3463 2490 psalmodla

1899 2525 2010 2588 flat,
2056 2538 2150 2579 seu
2183 2519 2410 2583 lentius,
2457 2532 2553 2572 seu
2585 2515 2916 2570 concitatius
2966 2522 3053 2568 eat
3101 2528 3313 2569 versus.
3365 2511 3462 2566 Sin

1898 2612 2107 2668 accidat
2137 2617 2355 2679 torpor,
2387 2618 2440 2662 et
2491 2605 2739 2678 ignavia,
2783 2611 2931 2659 certe
2976 2603 3285 2658 succurrlto
3329 2603 3466 2655 alter

1899 2704 2163 2764 alterum,
2211 2701 2263 2753 in
2297 2694 2595 2768 primisque
2637 2695 2894 2750 decorum
2925 2701 3275 2747 conservator
3319 2690 3462 2760 quod

1900 2795 1945 2849 si
2000 2803 2083 2847 est
2136 2791 2189 2845 in
2246 2791 2368 2844 aliis
2418 2787 2843 2858 pulcherrimum
2873 2825 2888 2849 ,
2936 2791 3149 2856 .quanto
3183 2781 3353 2852 magis
3408 2781 3463 2834 in

1899 2887 2136 2955 alloquio
2199 2880 2430 2937 divino?
2474 2881 2670 2935 Annon
2721 2880 2776 2934 in
2827 2877 3000 2934 turbis
3043 2877 3466 2932 deformationes

1905 2978 2069 3032 animi
2097 2975 2273 3037 fmdae,
2314 2988 2377 3028 ac
2415 2972 2704 3040 captivitas
2735 2970 2982 3039 quaedam
3025 2968 3221 3024 accidit
3246 2966 3463 3029 mentis,

1908 3077 2206 3134 contraque
2234 3065 2374 3118 inest
2397 3063 2448 3116 in
2480 3065 2677 3117 decoro
2709 3071 2821 3116 tum
2856 3059 3098 3116 studium
3121 3066 3176 3112 et
3191 3057 3469 3112 contentio

1908 3158 2079 3228 major
2109 3166 2222 3210 tum
2254 3154 2510 3219 suavitas,
2533 3153 2798 3222 siquidem
2829 3151 3124 3215 aitzouam
3147 3148 3325 3202 dulcia
3343 3149 3468 3217 fau-

1905 3249 2052 3303 cibus
2083 3248 2207 3302 meis
2238 3247 2446 3316 eloquia
2489 3245 2625 3299 tua!
2671 3259 2827 3306 super
2856 3241 2956 3296 mel
2991 3241 3071 3294 ori
3115 3255 3245 3295 meo.
3304 3240 3470 3309 Igitur

1907 3344 2093 3398 hortor
2145 3340 2514 3407 obtestorque,
2539 3350 2749 3392 summa
2785 3349 2886 3404 ope
2915 3333 3154 3388 nitamur
3185 3333 3326 3386 hanc
3359 3331 3470 3384 vir-

1906 3442 2076 3489 tutem
2103 3431 2389 3501 acquirere
2426 3442 2645 3499 quoque
2668 3465 2684 3491 ,
2727 3427 2957 3480 invicem
3002 3423 3356 3490 adiurantes,
3407 3435 3471 3476 ac

1907 3526 2239 3593 corrigentes
2279 3523 2333 3576 in
2366 3520 2640 3583 canendo;
2665 3532 2789 3571 nam
2814 3515 2894 3570 sic
2927 3514 3287 3581 intelligenter
3324 3511 3469 3582 psal-

1907 3617 2116 3679 lentes,
2161 3613 2363 3668 animis
2408 3611 2734 3680 voluptatem
2788 3605 2984 3676 oppido
3018 3617 3365 3674 quaeramus,
3415 3613 3470 3656 et

1909 3707 2218 3778 exemplum
2266 3703 2389 3758 aliis
2440 3701 2614 3756 simus
2667 3698 3038 3759 luculentum;
3086 3703 3247 3763 atque
3278 3693 3333 3746 in
3366 3693 3470 3746 hoc

1908 3799 2067 3852 etiam
2102 3797 2267 3852 Deum
2298 3794 2530 3860 denique
2562 3791 2821 3854 colentes,
2856 3800 3146 3857 perennem
3180 3785 3344 3839 vitam
3377 3796 3467 3836 er-

1907 3887 2176 3943 ciscamur
2202 3901 2296 3955 per
2320 3883 2594 3939 Christum
2639 3878 2825 3934 lesum
2863 3875 3148 3930 Dominum
3197 3880 3466 3926 nostrum.

1907 3978 2009 4034 Cui
2035 3976 2201 4048 gloria
2224 3985 2278 4030 et
2296 3975 2582 4043 imperium
2602 3985 2726 4026 cum
2747 3969 2925 4031 Patre,
2952 3980 3016 4020 ac
3037 3972 3222 4020 sancto
3241 3961 3467 4032 Spiritu,

1908 4082 2054 4122 nunc
2127 4074 2182 4121 ct
2235 4077 2490 4135 semper,
2543 4061 2598 4117 in
2650 4069 2974 4124 omnemque
3034 4054 3468 4124 perpetuitatem.

1907 4162 2100 4212 Amen.

2535 4238 2765 4296 SERMO
2803 4237 2867 4292 C.

1914 4341 2088 4412 Dirigi
2113 4347 2335 4393 mentem
2369 4335 2807 4412 deqtreoportere
2840 4328 3243 4412 ad_imtttensam
3272 4325 3471 4397 opiﬁcii

2362 4401 2803 4472 pulchritudinem
2826 4400 3011 4453 divini.

1984 4500 2199 4555 Fratres
2253 4495 2544 4562 Patresque
2575 4530 2590 4553 .
2628 4491 2734 4544 huc
2769 4487 3046 4558 ingenium
3078 4501 3294 4557 semper
3318 4526 3334 4549 ,
3366 4485 3474 4539 huc

1906 4592 2150 4662 invigilat
2178 4588 2391 4642 animus
2437 4585 2489 4638 in
2517 4581 2872 4637 monasticam
2901 4591 3198 4642 certamen,
3225 4592 3470 4647 opusque

1905 4686 2173 4746 divinum,
2210 4694 2313 4732 non
2354 4677 2462 4730 huc
2512 4676 2641 4730 illuc
2673 4675 2902 4744 paletur,
2943 4688 3044 4727 ceu
3088 4679 3471 4737 manucaptus,

1908 4778 2117 4832 scilicet
2141 4770 2282 4826 haud
2308 4782 2446 4838 aqua
2466 4782 2634 4833 mare,
2656 4776 2747 4820 aut
2773 4764 3101 4834 aspirantem
3131 4776 3222 4816 aer
3245 4759 3471 4824 defecit;

1914 4869 2196 4933 multoque
2227 4876 2325 4914 nos
2355 4860 2533 4913 minus
2562 4858 2778 4927 egregia
2811 4854 3069 4924 cogitatio
3093 4851 3348 4906 destituat
3381 4865 3474 4903 ne-

1911 4975 2066 5016 cesse
2097 4964 2215 5018 est,
2267 4953 2320 5006 in
2358 4950 2450 5004 Dei
2503 4949 2892 5004 miraculorum
2940 4945 3160 5016 pelagus
3203 4941 3471 4996 infinitum

1912 5054 2223 5120 spectantes
2252 5042 2447 5112 quibus
2478 5056 2631 5094 mens
2679 5040 2926 5093 inerrans
2979 5048 3319 5106 nequaquam
3365 5031 3476 5100 agit

1911 5142 2084 5213 otium
2114 5135 2206 5206 qui
2233 5134 2286 5187 in
2316 5133 2416 5187 hac
2445 5132 2553 5185 vita
2594 5146 2815 5199 operam
2843 5129 3024 5193 ludat,
3082 5143 3144 5181 ac
3175 5142 3234 5181 se
3268 5123 3478 5177 vitiosis

1914 5233 2118 5302 obliget
2144 5226 2433 5297 cogitatis,
2483 5223 2748 5294 siquidem
2794 5229 2942 5275 motu
2993 5219 3213 5291 praedita
3255 5214 3478 5284 perenni

1913 5321 2309 5394 conquiescere
2340 5316 2560 5386 nequit,
2612 5315 2745 5386 quin
2781 5313 2910 5367 ferri
2963 5325 3182 5367 necesse
3210 5317 3294 5361 est
3329 5320 3480 5388 quo-

1912 5427 2132 5484 cunque
2162 5409 2462 5479 dirigatur,
2511 5422 2605 5461 seu
2637 5407 2824 5460 dextre
2849 5443 2863 5468 ,
2909 5417 3005 5458 seu
3038 5399 3281 5456 sinistre.
3327 5396 3404 5450 Ac
3433 5395 3480 5449 si

1912 5505 2125 5567 dextre,
2157 5500 2258 5555 fari
2293 5499 2404 5553 lucc
2433 5497 2682 5552 Davidica
2715 5503 2914 5566 queat:
2938 5492 3179 5554 Domine,
3215 5489 3268 5542 in
3299 5485 3483 5540 volun-

3253 5621 3299 5654 "
3331 5618 3476 5675 Psal.

2045 5641 2088 5673 ⁸⁷
2126 5635 2265 5692 Psal.
2295 5649 2415 5697 xu,
2469 5632 2522 5688 2.
2603 5633 2646 5664 ’⁸
2677 5631 2818 5686 Psal.
2857 5644 3048 5694 χχχιιι,
3089 5625 3142 5690 8,
