4000 6306
537 371 643 432 639

1693 374 1733 432 S
1747 407 1760 422 ο
1822 373 2214 434 THEODORI

2277 372 2628 434 STUDITE
3699 369 3807 431 640

542 495 649 536 tate
675 494 766 536 tua
788 486 1088 551 pra‘stitisfi
1111 484 1288 540 decori
1324 501 1436 540 meo
1466 494 1709 539 uirtutem
1742 486 1822 550 ³¹;
1863 486 1948 541 εἰη
1980 485 2119 542 sini-
2146 490 2190 548 Α
2223 500 2344 555 quae
2369 484 2602 555 perierat
2625 485 2942 539 drachmam
2975 483 3323 553 vestigatum,
3359 491 3418 538 ut
3469 495 3500 536 e
3559 481 3807 536 tenebris

541 587 688 638 stre,
722 590 939 631 versum
971 586 1289 649 sequentem
1311 617 1328 644 ,
1377 577 1629 632 Avertisti
1657 577 1844 648 faciem
1882 588 2030 630 tuam
2086 594 2119 631 a

541 683 656 725 me.
707 677 758 722 et
809 668 984 738 factus
1033 686 1150 724 sum
1187 671 1597 725 conturbatus”
1639 689 1652 724 :
1687 687 1812 724 nam
1863 670 2118 740 equidem

543 773 796 814 aversum
868 761 1087 818 Deoest
1149 761 1310 816 inane
1361 763 1627 824 studium,
1685 762 1964 832 animique
1995 777 2119 831 per-

546 853 784 907 turbatio
834 854 1049 910 lethalis
1082 861 1269 910 sontes
1302 853 1468 908 feriae.
1512 851 1876 919 Quamobrem
1926 853 2121 909 demus

545 958 765 1011 operam
789 945 977 1000 dextre
1004 954 1062 1000 ut
1092 956 1357 1016 perpetuo
1381 946 1666 1016 dirigatur,
1691 955 1745 1000 et
1772 947 1972 1000 eximia
1996 962 2120 1016 spe-

545 1037 757 1092 ctacula
796 1048 1003 1094 cernat.
1066 1039 1372 1106 Quanam?
1408 1039 1698 1110 Angelicas
1759 1055 1824 1094 ac
1871 1041 2122 1096 caelestes

546 1128 769 1196 copias,
825 1128 1018 1200 ingens
1047 1131 1183 1186 inihi
1253 1143 1416 1202 atque
1469 1132 1895 1201 incomparabile
1931 1131 2112 1199 decus,

549 1219 864 1287 splendidas
894 1222 1295 1292 apostolorum,
1324 1232 1534 1286 vatum,
1568 1233 1892 1296 martyrum,
1920 1234 1973 1279 et
1998 1240 2122 1279 om-

553 1310 704 1363 nium
738 1311 898 1367 sedes
925 1313 1248 1382 proborum,
1281 1314 1406 1369 coeli
1431 1328 1756 1382 convexum,
1807 1315 1990 1371 radios
2033 1330 2130 1370 so-

555 1401 901 1470 lares,jubar
927 1404 1137 1470 lunare,
1170 1416 1445 1460 astrorum
1489 1405 1752 1475 tripudia,
1779 1421 1842 1462 ac
1866 1421 1988 1477 qua:
2017 1407 2124 1461 alia

553 1501 682 1546 sunt
708 1493 953 1563 subjecta
992 1497 1279 1564 sensibus,
1321 1513 1430 1552 non
1459 1514 1567 1568 quo
1599 1499 1919 1553 immoretur
1945 1499 2001 1553 in
2032 1499 2122 1566 iis,

552 1583 684 1650 quin
715 1585 884 1640 totius
915 1587 1170 1643 universa
1191 1603 1286 1658 per
1305 1604 1368 1644 ea
1402 1591 1705 1646 molitoretu
1729 1590 1898 1646 Deum
1927 1607 2125 1662 specu-

555 1677 680 1736 lata,
705 1674 1168 1741 pulchritudinem
1192 1691 1354 1747 quam
1387 1679 1550 1733 habet
1569 1680 1944 1749 incorruptam
1973 1691 2127 1734 tuea-

558 1773 663 1817 tur.
693 1762 836 1819 Sane
858 1768 1072 1821 ornavit
1102 1782 1202 1823 nos
1234 1767 1377 1822 Deus
1403 1810 1418 1832 ,
1473 1770 1705 1838 primum
1759 1771 1812 1825 in
1847 1771 2124 1840 paradiso,

2220 593 2345 633 eum
2383 579 2594 648 peccati
2650 587 2948 633 revocaret.
3000 577 3168 649 Igitur
3223 589 3448 632 necesse
3496 582 3582 629 est
3640 575 3802 626 nauci

2221 686 2324 725 nos
2360 685 2600 741 quoque,
2638 670 2839 725 bonum
2889 669 3163 734 imitatos,
3215 666 3510 737 unicuique
3551 672 3800 719 vestrum

2223 759 2496 822 laborare,
2529 775 2593 815 ac
2627 759 3003 825 sermocinari,
3035 768 3092 814 et
3123 759 3212 828 pol
3243 759 3558 828 impendere
3606 755 3800 809 vitam.

2221 853 2398 922 Atque
2425 853 2635 908 utinam
2671 852 2784 906 ales
2811 850 3026 916 eﬂiciat,
3076 851 3359 906 volaturus
3381 888 3397 913 ,
3455 863 3519 903 ac
3565 846 3805 917 singulis

2223 944 2602 1000 contuberniis
2645 946 2968 1013 quieturus,
3011 942 3226 998 cunctis
3272 941 3571 996 videndis:
3608 949 3663 994 et
3704 954 3804 1010 pro

2221 1038 2399 1092 officio
2418 1037 2849 1108 compellandis;
2879 1051 2980 1092 nec
3007 1036 3074 1093 iis
3089 1036 3291 1100 solum,
3314 1036 3407 1104 qui
3437 1034 3489 1087 in
3506 1032 3662 1087 Caiui
3690 1033 3803 1095 via,

2224 1128 2529 1199 fraudeque
2558 1127 2764 1184 Balami
2791 1128 3078 1199 grassatis.
3111 1128 3387 1194 Quosnam
3416 1127 3517 1180 hos
3538 1125 3763 1192 inquam
3783 1124 3808 1176 ?

2224 1220 2534 1284 Leontium,
2567 1220 2867 1284 Hermiam,
2890 1218 3230 1284 Nectarium,
3253 1218 3452 1280 nostri,
3481 1231 3548 1270 ac
3578 1214 3805 1284 religio-

2227 1312 2313 1368 nis
2364 1311 2724 1384 transfugas,
2775 1314 2870 1384 qui
2909 1309 3288 1383 praefecturam
3353 1307 3578 1364 sceleris
3628 1306 3807 1359 tulere

2225 1404 2530 1474 prmmium,
2552 1420 2692 1475 quos
2721 1405 2767 1461 si
2801 1411 3063 1476 spectem,
3089 1403 3356 1473 alloquar.
3390 1407 3444 1453 ttt
3471 1398 3616 1452 aliud
3642 1398 3805 1462 nihil,

2224 1492 2417 1547 saltem
2448 1494 2703 1548 consoler
2728 1495 2974 1551 animum
3007 1493 3197 1548 miser.
3247 1491 3325 1545 Ac
3350 1489 3534 1544 videre
3560 1490 3722 1543 velim
3752 1498 3809 1542 et

2225 1586 2344 1654 qui.
2373 1600 2471 1654 pro
2500 1585 2638 1640 meis
2669 1584 3014 1650 criminibus,
3045 1598 3202 1640 sacro
3234 1583 3420 1637 habitu
3467 1579 3714 1650 proiecto
3751 1581 3807 1633 in

2229 1675 2497 1730 nefarium
2534 1693 2593 1733 se
2626 1677 2840 1731 facinus
2873 1677 3121 1740 induere,
3155 1675 3279 1745 plus
3305 1688 3415 1742 quo
3441 1672 3634 1742 ejuler,
3663 1686 3811 1740 quo-

2231 1783 2349 1822 rum
2379 1784 2520 1823 unus
2557 1767 2820 1840 Pegasius
2870 1770 2997 1834 ille,
3040 1783 3201 1837 quem
3259 1765 3442 1822 ferunt
3507 1779 3574 1820 eo
3615 1763 3811 1835 ﬂagitii

553 1854 818 1923 dignitate
858 1857 1172 1923 simulacri,
1221 1870 1276 1914 et
1320 1861 1576 1929 imaginis
1605 1863 1905 1932 quamlibet
1935 1863 2124 1918 inobe-
2158 1856 2200 1913 Β
2233 1869 2552 1930 provectum
2583 1901 2598 1926 ,
2652 1871 2712 1915 ut
2759 1862 2906 1932 regia
2958 1860 3222 1932 dignitate
3267 1859 3470 1929 populo
3509 1857 3810 1927 imperitet,

554 1946 756 2000 dientia
797 1963 898 2002 nos
924 1949 1357 2017 deartuavimus,
1405 1967 1470 2009 ac
1514 1953 1902 2019 confudimus;
1935 1954 2128 2008 deinde

559 2039 610 2090 in
645 2040 820 2108 gratia
854 2056 949 2110 per
987 2046 1416 2113 regenerationis
1467 2047 1744 2102 lavacrum
1766 2088 1783 2114 ,
1844 2048 2130 2116 sanctique

559 2130 794 2198 Spiritus
822 2135 1254 2202 renovationem,
1283 2153 1446 2206 quem
1469 2138 1661 2192 eﬂ‘udit
1691 2138 1745 2192 in
1779 2153 1876 2193 nos
1909 2139 2131 2206 copiose

559 2235 651 2286 per
664 2221 941 2280 Christum
961 2223 1146 2280 Jesum
1169 2227 1511 2284 Servaturem
1532 2239 1798 2294 nostrum,
1817 2246 2128 2300 quanquam

558 2313 648 2368 hic
699 2315 1185 2386 degeneravimus;
1237 2337 1454 2392 quoque
1485 2324 1645 2378 tertio
1701 2323 1755 2378 in
1804 2325 2131 2394 virginitatis

557 2403 921 2471 professione,
950 2410 1164 2465 cunctis
1190 2414 1512 2468 condonatis
1538 2414 1813 2479 admissis,
1836 2423 2134 2486 contraque

561 2508 662 2548 nos
694 2495 1062 2568 chirographo
1113 2502 1394 2572 crucigera
1434 2504 1666 2572 quadam
1714 2505 1826 2559 vita
1868 2520 2023 2575 atque
2069 2521 2134 2560 ac

562 2585 826 2640 tinctione
875 2591 1073 2644 deleto.
1121 2590 1287 2660 Igitur
1321 2594 1373 2647 in
1420 2609 1517 2648 sua
1551 2611 1704 2650 mens
1729 2597 2135 2666 pulchritudine

564 2685 803 2741 maneto,
835 2689 893 2732 ut
919 2683 1112 2737 audire
1142 2695 1432 2750 mereatur,
1460 2685 1591 2740 Tota
1620 2687 1845 2741 candida
1863 2705 1938 2752 es,
1961 2691 2134 2744 amica

562 2783 696 2832 mea,
719 2779 768 2822 et
799 2774 1007 2826 macula
1037 2790 1140 2826 non
1166 2786 1242 2829 est
1267 2777 1321 2828 in
1345 2790 1392 2830 te
1409 2778 1472 2832 “.
1499 2776 1594 2832 Sin
1618 2789 1673 2832 et
1701 2781 1965 2835 maculam
2001 2795 2134 2835 con-

560 2859 654 2912 ﬂet
678 2860 815 2929 (23),
853 2871 1207 2934 posteaquam
1246 2869 1537 2924 mutabiles
1572 2884 1784 2933 sumus,
1824 2886 1922 2924 nec
1964 2886 2135 2939 purus

564 2968 596 3005 a
635 2954 894 3010 sordibus
939 2958 1253 3027 quisquam,
1287 2970 1380 3014 aut
1420 2962 1518 3030 qui
1567 2963 1812 3016 animum
1843 2977 1905 3018 se
1937 2965 2136 3020 habere

561 3054 776 3100 castum
809 3047 1091 3117 glorietur,
1138 3061 1193 3105 at
1226 3053 1508 3107 enimvero
1537 3053 1788 3124 lacrymis
1822 3071 2134 3125 purgemur,

562 3139 642 3191 ait
661 3140 825 3206 enim,
863 3139 1089 3197 Lauabis
1131 3161 1230 3211 me,
1258 3153 1308 3199 et
1351 3163 1509 3216 super
1558 3149 1727 3202 nivem
1751 3149 2038 3203 dealbabor
2062 3150 2131 3213 ⁸⁸;

566 3245 918 3303 rursumque,
961 3235 1260 3304 Lavamini,
1305 3241 1666 3306 mundamini,
1707 3243 1912 3311 auferte
1940 3243 2138 3297 scelera

563 3340 630 3378 ea:
664 3327 856 3380 animis
885 3331 1070 3384 uestris
1103 3331 1169 3385 ³⁸.
1201 3332 1279 3386 Ac
1309 3331 1432 3386 felix
1477 3348 1632 3387 mens
1661 3350 1782 3401 qua:
1808 3335 1888 3389 sic
1917 3334 2137 3389 assidue

566 3433 625 3470 se
655 3429 868 3488 purget,
898 3421 1161 3491 omnique
1190 3423 1374 3477 studio
1405 3423 1597 3491 libera,
1628 3425 1832 3488 soluta,
1873 3425 2137 3490 studium,

565 3525 808 3565 amorem
830 3554 847 3577 ,
889 3515 1198 3582 cupidinem
1224 3517 1402 3571 solum
1438 3526 1640 3579 teneat,
1681 3516 1848 3572 Deum
1884 3527 2143 3573 mortem-

567 3615 675 3669 que
703 3603 756 3655 in
774 3603 892 3659 dies
915 3605 1156 3674 jucunde
1176 3609 1538 3677 pmstolctur,
1560 3623 1684 3662 nam
1700 3610 1877 3664 veniet
1894 3610 2139 3675 omnino,

567 3706 634 3745 ac
663 3693 908 3747 debitum
933 3711 1033 3750 nos
1065 3713 1285 3768 quoque
1307 3699 1703 3768 persolvemus.
1735 3701 1911 3772 Atque
1933 3703 2143 3757 utinam

567 3781 695 3849 pic,
753 3794 1079 3853 sancteque,
1126 3796 1239 3840 tum
1281 3789 1530 3858 reliquiis
1577 3790 1842 3860 cujusque
1894 3803 2144 3848 nostrqu

569 3875 965 3940 spectantibus,
998 3892 1067 3932 ac
1112 3879 1469 3948 psallentibus
1512 3884 1686 3938 sacris
1742 3883 1982 3952 futuris,
2045 3901 2145 3942 ceu

569 3964 710 4018 lecto
744 3967 986 4032 utensili,
1035 3983 1136 4022 ceu
1180 3972 1352 4040 probo
1386 3972 1768 4043 instrumento,
1814 3986 1928 4032 tum
1961 3980 2147 4033 animo

568 4067 600 4106 a
649 4055 854 4110 sanctis
881 4056 1091 4126 angelis
1132 4058 1186 4110 in
1238 4075 1532 4128 perennem
1577 4063 1743 4117 vitam
1793 4063 2144 4133 asportaudo,

569 4161 668 4215 per
689 4144 971 4202 Christum
1009 4147 1193 4203 Jesum
1226 4149 1517 4206 Dominum
1550 4165 1817 4208 nostrum.
1847 4156 1947 4210 Cui
1973 4157 2146 4226 gloria

569 4246 625 4292 et
656 4238 949 4308 imperium
984 4257 1106 4294 cum
1145 4240 1336 4309 Patre,
1376 4259 1440 4298 ac
1473 4257 1663 4301 saneto
1723 4246 1952 4316 Spiritu,
2005 4264 2152 4303 nunc

571 4338 628 4384 et
649 4346 886 4402 semper,
918 4333 970 4386 in
995 4349 1322 4405 omnemque
1352 4340 1786 4406 perpetuitatem.
1819 4341 2016 4396 Amen.

1177 4426 1409 4482 SERMO
1453 4431 1542 4484 Cl.

577 4517 653 4571 De
695 4515 824 4593 fieri
850 4515 1051 4593 Qhristi
1079 4518 1469 4593 incarnatione,
1519 4539 1582 4575 ac
1627 4524 1923 4593 transfugis
1956 4523 2142 4590 deplo-

623 4590 809 4641 randis
839 4588 1116 4656 fratribus,
1153 4591 1217 4641 de
1238 4591 1485 4659 nobisque
1509 4588 1804 4648 muniendis
1835 4588 2098 4647 doctrina.

645 4679 865 4734 Fratres
880 4679 1194 4748 Patresque,
1219 4695 1403 4734 rarum
1447 4693 1526 4737 est
1556 4684 1909 4748 auditorium,
1939 4685 2145 4754 aliquot

572 4773 840 4844 digressis
877 4771 1160 4826 fratribus.
1196 4772 1519 4843 Quanquam
1568 4790 1666 4829 nec
1693 4791 1932 4845 praesens
1977 4777 2149 4845 negli-

574 4867 787 4938 gendus
812 4866 1029 4920 auditor
1054 4881 1220 4928 unus,
1246 4868 1510 4935 siquidem
1533 4867 1606 4920 ait
1634 4866 1892 4922 Dominus
1919 4887 1931 4922 :
1971 4867 2152 4922 Videte

576 4975 642 5013 ne
675 4958 1022 5011 contemptatis
1047 4973 1210 5010 unum
1243 4973 1307 5012 ea:
1338 4959 1420 5011 his
1450 4959 1705 5026 pusillis;
1738 4961 1856 5012 dico
1887 4961 2029 5013 enim
2061 4977 2152 5012 vo-

578 5052 681 5115 bis,
711 5051 835 5119 quia
876 5049 1052 5119 angeli
1079 5066 1260 5102 eorum
1289 5067 1492 5120 semper
1537 5053 1712 5105 vident
1746 5052 1935 5120 faciem
1973 5052 2154 5104 Patris

581 5145 704 5205 mei,
734 5145 826 5212 qui
841 5155 917 5196 est
935 5145 987 5197 in
1005 5144 1147 5198 cazlis
1167 5159 1184 5197 :
1204 5146 1491 5198 uenitenim
1511 5143 1681 5198 Filius
1704 5147 1931 5200 hominis
1950 5145 2155 5198 salvare

579 5237 717 5302 quod
770 5238 997 5305 perierat
1034 5238 1101 5290 ".
1140 5237 1239 5290 Hui
1273 5239 1590 5292 incredibile
1637 5239 1960 5293 beneficium
1992 5276 2007 5301 ,
2063 5255 2154 5291 ve-

583 5331 664 5384 nit
696 5331 762 5384 ad
798 5329 1082 5400 fugitivum
1107 5346 1322 5385 servum
1381 5331 1546 5386 herus
1608 5331 1663 5386 in
1719 5330 1907 5385 habitu
1943 5330 2152 5394 servili,

584 5429 645 5475 ut
680 5435 806 5475 eum
830 5422 1094 5476 servitute
1119 5423 1384 5478 diabolica
1415 5423 1706 5477 liberaret!
1735 5424 1882 5478 venit
1913 5423 2002 5476 lux
2028 5437 2154 5476 vera

660 5578 704 5609 ”
736 5578 881 5634 Psal.
912 5595 1064 5646 xxix,
1100 5581 1151 5636 8.
1231 5582 1277 5615 ⁸⁸
1315 5583 1449 5640 ibid.
1500 5583 1554 5639 9.

586 5716 769 5855 vagit)
808 5718 952 5787 Φανῆ
989 5722 1302 5792 μωμεῖσθαι
1343 5704 1434 5780 αι’
1465 5723 1518 5781 in
1568 5733 1757 5781 nostro
1778 5723 1996 5780 melius.
2036 5719 2156 5776 Vat.

2232 1953 2374 2007 bella
2416 1961 2651 2017 moveat,
2678 1953 2976 2008 homicidia
3020 1960 3216 2023 patret,
3253 1960 3307 2006 et
3344 1949 3512 2005 vitam
3541 1963 3672 2002 vero
3705 1948 3812 2002 ho-

2231 2042 2452 2097 micidio
2491 2042 2796 2113 abrupisse.
2828 2041 2873 2098 Ο
2904 2043 3307 2098 calamitatem!
3356 2042 3411 2097 in
3457 2041 3602 2112 quod
3651 2042 3816 2094 mise-

2231 2133 2437 2189 randus
2476 2135 2834 2204 praecipitium
2861 2135 3000 2189 ruit!
3043 2135 3282 2203 primum
3312 2133 3673 2188 contubernio
3692 2147 3818 2202 pro-

2232 2222 2394 2293 fugus
2452 2225 2561 2279 huc
2605 2225 2734 2280 illuc
2775 2225 2933 2290 itare,
2981 2239 3093 2295 quo
3119 2223 3384 2279 alluberet
3409 2263 3423 2289 ,
3456 2238 3555 2278 ceu
3587 2223 3812 2278 brutum

2233 2331 2400 2384 pecus
2433 2315 2722 2380 iuteriens,
2755 2327 2867 2371 tum
2912 2317 3245 2371 monachum
3278 2326 3508 2379 exutus,
3543 2313 3812 2384 tragmdia

2233 2423 2397 2476 quam
2427 2408 2739 2462 audivimus
2768 2407 3013 2478 defungi.
3043 2407 3406 2479 Quapmpter,
3438 2409 3652 2468 hortor,
3691 2412 3810 2457 tum

2233 2517 2333 2572 pro
2363 2502 2474 2572 (24)
2505 2503 2585 2557 eis
2614 2501 3065 2572 comprecamiui,
3103 2513 3216 2557 tum
3247 2517 3343 2559 vos
3382 2501 3670 2562 munitote,
3742 2512 3814 2552 ne

2234 2593 2363 2661 quid
2395 2593 2461 2647 de
2481 2593 2833 2648 contentione
2858 2596 3161 2649 monastica
3191 2593 3500 2658 remittatis,
3519 2605 3647 2645 nam
3676 2603 3816 2659 pau-

2236 2683 2383 2737 latim
2421 2685 2789 2751 remittendo,
2842 2701 2908 2742 ac
2952 2685 3349 2755 relanguendo,
3412 2684 3466 2736 in
3509 2681 3816 2752 perniciem

2235 2776 2453 2830 animus
2481 2777 2795 2848 impellitur.
2839 2777 2969 2832 Eam
2996 2778 3066 2832 ob
3095 2793 3208 2832 rem
3235 2786 3287 2832 et
3343 2791 3488 2831 nunc
3533 2775 3820 2832 solitarios

2235 2867 2490 2937 degentes
2522 2871 2782 2937 miseror,
2827 2885 2892 2926 ac
2941 2871 3170 2940 deploro
3214 2879 3273 2923 ut
3317 2869 3534 2923 facilem
3595 2866 3819 2923 diabolo

2238 2961 2478 3029 praedam
2506 2962 2786 3030 objectos;
2821 2963 3024 3016 etenim
3063 2961 3108 3016 si
3141 2976 3173 3016 e
3223 2963 3379 3016 caula
3432 2976 3588 3015 ovem
3621 2959 3819 3029 arripit

2239 3050 2421 3120 lupus,
2448 3053 2653 3106 scilicet
2683 3067 2792 3105 non
2824 3061 2980 3106 extra
3012 3051 3156 3108 ovile
3201 3051 3567 3121 palabundam
3621 3058 3819 3103 nactus

2241 3143 2557 3197 interimat?
2604 3141 2842 3199 Nescitis
2874 3160 2982 3214 qua
3025 3145 3077 3198 in
3132 3159 3236 3199 nos
3285 3144 3495 3200 insania
3553 3141 3818 3214 prmditus

2168 3226 2212 3284 C
2243 3235 2494 3290 diabolus
2525 3235 2638 3290 sit?
2669 3238 2870 3306 quippe
2899 3236 3104 3308 ingruit
3128 3237 3366 3300 cunctis,
3395 3253 3505 3291 non
3547 3246 3730 3290 tamen
3759 3244 3820 3288 ut

2242 3325 2471 3382 misellis
2524 3330 2851 3394 monachis;
2901 3343 2966 3382 ac
3008 3344 3133 3384 cum
3185 3328 3565 3384 internecione
3616 3326 3823 3397 gaudet

2243 3419 2562 3482 multorum,
2591 3429 2705 3473 tum
2755 3419 2810 3473 in
2838 3420 3028 3489 primis
3067 3419 3368 3490 triumphat
3399 3418 3446 3473 si
3484 3416 3820 3472 monachum

2245 3525 2414 3564 unum
2431 3512 2746 3581 quempiam
2784 3521 3114 3583 prosternat,
3152 3528 3326 3582 eaque
3352 3512 3524 3582 gratia
3553 3510 3822 3573 luctatur,

2244 3600 2434 3669 instat,
2457 3604 2757 3669 contendit,
2798 3604 3144 3660 obedientem
3194 3604 3262 3658 ab
3306 3600 3612 3656 obedientia
3643 3609 3825 3654 retra-

2248 3695 2398 3760 here,
2433 3695 2676 3765 quietum
2708 3711 2738 3751 e
2768 3697 2966 3764 quiete,
3003 3696 3242 3766 stylitam
3298 3709 3329 3749 e
3371 3694 3544 3764 stylo,
3581 3692 3822 3746 clusium

2246 3801 2278 3841 e
2309 3787 2571 3853 claustro,
2607 3802 2715 3856 qua
2759 3787 3081 3842 avocatione
3109 3795 3330 3855 captum
3379 3783 3566 3838 incitet
3595 3797 3708 3851 quo
3742 3783 3828 3836 lu-

2249 3877 2360 3934 bet.
2401 3877 2469 3932 Ut
2501 3878 2594 3948 qui
2626 3894 2686 3934 se
2728 3878 2782 3931 in
2827 3878 2941 3932 suis
2976 3877 3253 3940 modulis,
3303 3874 3551 3943 locisque
3603 3883 3828 3928 teneant

2249 3973 2487 4034 virtutis,
2526 3971 2922 4041 iusuperabiles
2965 3971 3074 4025 sint
3101 3971 3355 4036 diabolo,
3410 3968 3620 4038 laqueis
3660 3968 3832 4024 altius

2250 4062 2473 4128 sublati,
2501 4063 2667 4130 igitur
2709 4072 2763 4118 et
2793 4079 2927 4130 nos,
2964 4061 3198 4131 fratres,
3233 4062 3476 4132 praebitis
3523 4062 3577 4116 in
3609 4061 3826 4115 hostem

2249 4155 2512 4209 divinitus
2548 4155 2632 4209 usi
2660 4155 2868 4209 viribus
2905 4155 2958 4209 in
2996 4154 3176 4225 fugam
3211 4170 3336 4210 eum
3387 4168 3686 4224 cogamus,
3731 4152 3830 4206 Dei

2249 4244 2541 4300 formidine
2586 4247 2746 4313 tecti,
2803 4248 2896 4318 qui
2948 4247 3267 4303 cmlestibus
3321 4247 3502 4303 sensis
3547 4248 3828 4316 impurum

2253 4338 2537 4402 feriamus,
2574 4355 2681 4395 non
2714 4342 2781 4395 ab
2829 4357 2895 4395 eo
2942 4340 3200 4409 profectis
3229 4343 3681 4402 succumbamus,
3717 4353 3832 4408 quo

2253 4431 2480 4485 victoria
2513 4432 2598 4485 hic
2629 4433 2780 4501 potiti
2806 4432 3031 4501 justitiae
3061 4447 3320 4487 coronam
3352 4430 3682 4498 referamus,
3737 4445 3834 4500 per

2255 4523 2531 4576 Christum
2567 4521 2751 4577 Jesum
2777 4523 3063 4577 Dominum
3100 4532 3373 4577 nostrum.
3407 4520 3506 4576 Cui
3555 4519 3731 4592 gloria
3781 4529 3835 4574 et

2254 4614 2543 4682 imperium
2576 4630 2699 4668 cum
2728 4613 2910 4678 Patre,
2956 4629 3021 4669 ac
3054 4624 3245 4669 sancto
3275 4612 3481 4683 Spiritu
3507 4652 3522 4676 ,
3580 4627 3731 4666 nunc
3782 4621 3837 4666 et

2255 4717 2485 4773 semper,
2518 4704 2572 4756 in
2603 4719 2932 4775 onmemque
2959 4705 3394 4773 perpetuitatem.
3425 4700 3625 4756 Amen.

2858 4814 3092 4869 SERMO
3123 4813 3236 4869 Cll.

2262 4910 2338 4964 De
2372 4908 2679 4964 veteratoris
2706 4907 2916 4976 vafritie
2943 4910 3198 4974 serpentis
3224 4946 3238 4967 ,
3278 4921 3342 4958 ac
3387 4905 3837 4974 quemadmodum

2325 4997 2447 5034 vera
2477 4979 2844 5037 submissione.
2874 4978 3056 5046 viaque
3083 4977 3228 5046 regia
3259 4977 3513 5046 grassati,
3564 4976 3841 5045 multifor-

2325 5067 2431 5103 mes
2469 5050 2617 5102 dolos
2647 5050 2957 5102 evadamus.

2323 5141 2543 5195 Fratres
2595 5139 2910 5207 Patresque,
2947 5153 3068 5191 cum
3103 5135 3404 5190 hodiernus
3436 5150 3523 5189 me
3563 5135 3684 5189 dies
3709 5151 3842 5189 cuu-

2253 5235 2356 5288 ctis
2393 5233 2632 5303 postulat
2663 5232 2955 5295 disserere,
2991 5240 3104 5284 tum
3146 5229 3215 5284 iis
3243 5229 3295 5282 in
3331 5228 3525 5297 primis
3552 5229 3648 5297 qui
3681 5228 3842 5283 modo

2254 5327 2544 5390 advenere,
2589 5333 2648 5378 ut
2695 5324 2808 5393 jam
2860 5321 3070 5393 pridem
3114 5322 3288 5390 jejuni
3335 5320 3506 5373 nostri
3564 5321 3843 5374 sermonis

2253 5420 2590 5489 expertibus.
2632 5418 2701 5470 At
2731 5416 2824 5487 qui
2855 5415 3074 5470 futurus
3102 5429 3283 5488 sermo
3301 5413 3421 5468 est?
3447 5412 3840 5469 utChristiana

1637 5584 1682 5617 ”
1721 5584 1876 5640 Cant.
1912 5600 1985 5650 ιν,
2024 5585 2074 5638 7.
2156 5584 2200 5615 "
2264 5582 2408 5638 Psal.
2455 5599 2507 5646 L,
2543 5583 2595 5636 9.
2673 5583 2718 5614 ³⁸
2749 5581 2849 5637 lsa.
2887 5598 2924 5642 ι.
2961 5581 3045 5636 l6.
3112 5581 3154 5611 ³⁷
3181 5579 3370 5633 Matth.
3415 5594 3574 5643 xvm,
3612 5579 3701 5634 ff.

2273 5794 2283 5804 .
2341 5721 2451 5808 (gi)
2494 5720 2729 5775 Secutus
2768 5735 2886 5774 sum
2928 5719 3050 5773 V'at.
3106 5718 3159 5772 in
3198 5732 3306 5787 quo
3347 5724 3430 5770 est
3467 5715 3697 5769 ἐκείνων
3747 5731 3842 5788 pro

2267 5809 2360 5844 εκε
2370 5808 2479 5844 ινου
2489 5830 2502 5844 .
