4000 6306
152 344 255 407 641

1357 341 1665 404 SERMON
1673 343 1762 403 ES
1783 340 2282 403 CATECHETICI

3344 353 3450 417 (352

153 460 384 531 dignam
419 459 843 530 oppugnatione
873 457 1039 512 vitam
1071 456 1354 518 obeamus,
1411 458 1562 511 omni
1601 473 1758 510 exer-
1791 461 1832 516 Α
1867 470 1965 510 nos
1991 455 2216 525 protulit
2244 456 2297 509 in
2327 454 2522 520 lucem,
2549 456 2697 512 velut
2725 458 2777 512 in
2805 459 2995 515 schola
3016 460 3252 530 quadam
3273 463 3449 526 inltac

152 558 331 608 cenda
369 554 580 623 pietate
607 594 623 618 ,
677 563 844 622 atque
870 550 1164 621 probitate,
1199 566 1300 604 ceu
1333 550 1588 620 morigeri
1625 551 1763 604 ﬁlii?

157 661 268 699 non
314 645 417 715 qui
456 645 595 698 olim
634 643 691 697 in
727 643 1038 711 ignorantia
1089 641 1414 696 libidinibus
1453 640 1763 695 conforme-

158 753 310 801 mur,
343 738 530 806 deque
558 737 728 792 studii
765 735 1113 790 contentione
1143 735 1429 790 monastici
1464 734 1757 804 quidquam

159 828 566 893 remittamus;
603 842 729 880 nam
755 826 970 888 videtis,
1004 823 1202 879 fratres
1255 833 1316 880 ut
1366 825 1614 878 diabolus
1646 833 1764 877 tan-

158 933 331 986 quam
373 918 465 972 Ieo
495 919 723 988 rugiens
748 918 982 983 oberret,
1003 932 1253 986 quaerens
1279 916 1547 987 deglutire
1569 931 1763 986 quem-

160 1012 335 1078 piam.
375 1010 452 1062 At
478 1026 628 1066 nunc
659 1024 892 1065 cernens
925 1010 1305 1080 persecutione
1336 1010 1636 1079 sejunctos,
1667 1025 1765 1064 ve~

164 1099 496 1158 hementius
526 1101 720 1164 instat,
747 1101 842 1170 qui
868 1101 1102 1170 praedari
1132 1100 1377 1154 animum
1414 1101 1623 1171 gliscat.
1659 1100 1764 1155 Sed

162 1191 370 1246 intenti
411 1207 633 1262 semper
663 1233 677 1257 ,
729 1201 783 1246 et
811 1193 1014 1260 ubique
1056 1193 1363 1263 vigilemus,
1401 1193 1600 1247 divinis
1638 1193 1766 1247 tecti

164 1286 484 1354 praeceptis.
524 1295 689 1354 atque
725 1284 772 1341 is
808 1285 986 1339 locum
1023 1299 1129 1338 non
1172 1284 1458 1340 inveniens
1486 1325 1501 1349 ,
1537 1285 1764 1354 pudefa-

166 1378 296 1426 ctus
323 1374 666 1427 abscesserit
693 1391 708 1440 ;
747 1375 1016 1444 siquidem
1052 1385 1269 1439 nactus,
1300 1376 1538 1446 penitius
1563 1377 1764 1430 irrum-

169 1476 289 1533 pat,
321 1479 428 1519 nec
454 1465 710 1528 desistat,
738 1467 867 1520 dum
901 1477 1100 1523 mactet
1158 1483 1221 1522 ac
1247 1469 1542 1523 interimat.
1576 1467 1766 1523 Nesci-

175 1574 304 1611 mus
322 1565 464 1626 quot
491 1558 725 1626 peremit
755 1558 824 1612 ab
845 1559 975 1613 orbe
994 1560 1234 1623 condito,
1257 1575 1362 1614 non
1385 1561 1764 1630 primigenium

174 1647 477 1700 mortalem
536 1645 820 1716 voluptate
866 1647 1068 1701 victum
1111 1647 1355 1716 pomario
1411 1647 1770 1716 proscripsit?

173 1753 287 1791 non
319 1736 559 1790 Cainum
594 1735 648 1789 itt
679 1738 975 1790 fraternam
1006 1738 1206 1791 easdem
1235 1737 1509 1792 armavit?
1536 1753 1640 1791 non
1668 1735 1766 1792 Ju-

1865 542 1972 594 vita
2006 543 2316 608 collocavit,
2367 547 2516 614 regni
2573 546 2657 598 sui
2722 545 3079 617 Evangelium
3130 552 3448 612 discituros.

1862 629 2029 698 Igitur
2057 633 2413 701 praedicatum
2449 633 2748 703 discipulos
2791 637 3017 694 mittens
3044 640 3199 709 jubet
3232 643 3288 698 in
3333 645 3452 700 btec

1861 725 2027 778 verba
2059 740 2073 777 :
2109 723 2310 779 Euntes
2333 725 2514 780 docete
2547 743 2724 782 omnes
2778 740 2978 798 gentes,
3013 733 3342 802 baptizantes
3363 753 3449 792 eos

1863 813 1916 866 in
1951 815 2159 869 nomine
2189 814 2392 880 Patris,
2419 826 2468 869 et
2503 816 2652 882 Filii,
2688 830 2737 872 et
2771 821 3004 889 Spiritus
3029 826 3222 884 sancti.
3257 827 3451 881 docen-

1867 917 1942 962 tes
1963 924 2052 963 eos
2085 925 2298 963 servare
2345 911 2523 966 omnia
2563 927 2884 984 quwcttuque
2931 918 3178 970 mandavi
3218 919 3361 973 vobis
3382 920 3448 974 ⁸⁸.

1864 998 2127 1065 Qttaenam
2176 1009 2306 1055 sunt
2344 1009 2524 1054 autem
2569 1016 2689 1069 quae
2737 1003 3057 1058 mandavit?
3111 1007 3166 1059 in
3217 1008 3448 1077 antiquo

1865 1088 2091 1154 ftedere,
2135 1098 2194 1144 ut
2227 1091 2424 1160 partim
2453 1091 2655 1158 dicam,
2708 1091 2830 1147 Non
2877 1096 3120 1159 occides,
3150 1111 3258 1151 non
3293 1098 3451 1152 adul-

1868 1181 2089 1248 terabis,
2122 1197 2230 1236 non
2263 1182 2535 1249 iurabere,
2567 1199 2672 1238 non
2714 1184 2913 1239 falsum
2942 1188 3313 1243 testimonium
3353 1190 3438 1245 di-

1866 1287 1958 1328 ces
1981 1275 2033 1327 itt
2079 1289 2218 1328 novo
2241 1274 2326 1330 his
2358 1274 2589 1344 majora,
2617 1281 3052 1344 etaccuratiora;
3079 1294 3202 1334 nam
3235 1280 3451 1335 Dictum

1866 1375 1943 1420 est
1972 1366 2068 1429 ait,
2100 1369 2330 1435 antiquis
2361 1383 2379 1422 :
2414 1366 2537 1421 Non
2565 1369 2766 1422 occides
2793 1385 2812 1432 ;
2851 1371 2943 1439 qui
2968 1381 3143 1425 autem
3175 1374 3450 1436 occiderit,

1868 1473 1987 1510 reus
2010 1459 2107 1511 erit
2132 1458 2339 1526 judicio
2369 1475 2382 1524 ;
2409 1476 2502 1529 ego
2528 1470 2704 1513 autent
2723 1461 2840 1514 dico
2861 1461 3165 1530 vobis,quia
3183 1466 3349 1518 omnis
3364 1465 3453 1532 qui

1867 1549 2120 1602 irascitur
2149 1550 2309 1618 fratri
2340 1566 2434 1603 suo
2465 1561 2672 1616 temere,
2698 1568 2815 1605 reus
2844 1554 2945 1606 erit
2988 1554 3198 1616 iudicii.
3247 1554 3451 1610 Rursus

1869 1641 2071 1693 dictum
2109 1651 2185 1695 est
2219 1644 2501 1712 antiquis:
2541 1642 2663 1698 Non
2714 1645 3089 1711 adulterabis;
3135 1665 3227 1718 ego
3276 1660 3454 1703 autem

1871 1733 1987 1786 dico
2017 1733 2159 1787 vobis
2192 1736 2318 1804 quia
2352 1736 2521 1788 omnis
2549 1737 2638 1805 qui
2684 1737 2874 1791 viderit
2906 1738 3178 1794 mulierem
3219 1741 3287 1792 ad
3317 1756 3447 1794 con-

173 1830 304 1883 dam
343 1827 652 1897 apostolico
677 1827 909 1882 exscidit
934 1837 1101 1892 cuitu,
1132 1841 1458 1884 cunctorum
1499 1829 1620 1883 vita:
1643 1843 1770 1898 pro-
1804 1808 1845 1862 Β
1873 1825 2247 1892 cupiscendum
2271 1842 2408 1891 eam,
2435 1827 2549 1894 jam
2576 1821 2894 1882 adulteravit
2934 1847 3051 1884 eam
3087 1832 3140 1884 in
3169 1834 3455 1890 cordesuo.

175 1923 422 1975 diter-em
464 1919 731 1974 molitus?
769 1935 877 1974 non
935 1920 1253 1975 innumeros
1287 1921 1424 1975 alios
1456 1921 1572 1974 neci
1604 1921 1769 1975 tradi-

174 2013 578 2083 dit‘Hdemque
600 2020 684 2065 est
713 2013 805 2082 qui
834 2027 979 2066 nunc
1009 2027 1229 2081 quoque
1259 2022 1431 2082 urget,
1455 2012 1766 2078 insidiatur,

177 2109 410 2178 decipit,
446 2122 696 2178 peneque
743 2107 1007 2161 mundum
1041 2107 1287 2176 deglutit,
1326 2123 1486 2176 quem
1529 2107 1767 2170 diliicile,

177 2208 231 2250 et
257 2198 546 2268 impendio
567 2198 820 2252 sedulum
845 2198 916 2251 sit
942 2199 1189 2252 evadere.
1217 2195 1324 2251 Nec
1347 2207 1575 2253 conatur
1593 2198 1766 2252 solum

179 2290 427 2345 ineunda
455 2291 746 2356 dissoluta,
783 2305 847 2344 ac
881 2291 1076 2344 licente
1105 2291 1214 2343 vita
1245 2329 1259 2353 ,
1291 2289 1383 2344 sed
1417 2290 1580 2344 etiam
1615 2305 1772 2345 exer-

181 2383 448 2438 citatione
477 2383 722 2453 degenda
751 2390 1008 2436 accurata
1033 2393 1406 2452 prosternere,
1437 2391 1491 2436 et
1520 2381 1572 2435 in
1593 2381 1772 2436 diver-

182 2491 308 2528 sum
342 2491 442 2528 nos
475 2474 780 2544 impellere,
841 2473 1051 2536 varius,
1104 2473 1400 2543 multisque
1435 2488 1494 2528 se
1535 2474 1769 2536 tecltnis,

186 2582 250 2624 ac
281 2567 580 2622 fraudibus
615 2565 924 2637 diliingens,
979 2566 1237 2636 atquein
1289 2581 1390 2620 nos
1442 2564 1664 2634 laqueos
1717 2567 1769 2618 in

186 2667 333 2728 terra
361 2659 684 2728 complures
707 2658 1007 2728 explicans,
1041 2646 1341 2712 secundum
1370 2657 1511 2711 beati
1547 2657 1770 2710 Antonii

187 2751 580 2804 revelationem
611 2791 626 2818 ,
674 2764 812 2818 quos
843 2759 897 2803 et
929 2749 1043 2804 sola
1097 2748 1284 2820 eii‘ngit
1332 2749 1612 2805 humilitas
1635 2787 1651 2812 ,
1693 2749 1771 2803 uti

187 2839 380 2894 fertur.

256 2930 374 2998 Qua
416 2946 519 2985 nos
557 2930 643 2984 usi
669 2943 909 2998 quoque,
944 2928 1264 2984 diverticula
1292 2929 1434 2999 ejus,
1471 2938 1523 2982 et
1553 2945 1770 2984 errores

187 3026 374 3080 devios
392 3024 716 3088 evadamus,
740 3023 977 3092 grassmi
1012 3024 1158 3093 regia
1183 3038 1357 3092 neque
1387 3023 1512 3084 huc,
1536 3023 1772 3092 illucque

191 3118 526 3180 declinante,
563 3115 695 3184 quin
727 3115 980 3185 prazcepti
1011 3130 1201 3169 norma
1243 3115 1421 3169 traditi
1478 3114 1765 3178 obeuntes,
1795 3149 1838 3210 ο

189 3223 252 3263 sc
278 3223 676 3279 praecesserunt
701 3207 924 3277 vestigia
947 3205 1166 3262 Patrum
1191 3215 1500 3278 sequentes,
1537 3222 1767 3278 quorum

190 3300 244 3353 iu
274 3300 429 3354 ccelis
471 3299 582 3352 vita
620 3309 724 3354 est.
763 3299 930 3370 Igitur
977 3314 1008 3352 a
1055 3298 1264 3354 vitiosis
1317 3301 1573 3368 cogitatis
1618 3317 1771 3355 mens

193 3391 517 3453 retrahitur,
555 3391 772 3445 animus
799 3390 982 3444 divina
1032 3391 1252 3445 oracula
1285 3393 1594 3455 meditator,
1627 3408 1688 3446 os
1720 3395 1772 3446 in

193 3483 286 3538 Dei
317 3484 534 3538 Iaudem
569 3493 866 3546 reserator,
895 3483 1084 3537 oculus
1119 3484 1217 3536 rite
1235 3483 1462 3548 cernite,
1487 3485 1636 3537 auris
1655 3484 1774 3538 ina-

194 3591 290 3630 nes
319 3576 536 3630 fabulas
557 3591 624 3629 ne
649 3575 940 3638 admittito,
975 3590 1169 3629 manus
1195 3576 1260 3627 ad
1295 3575 1511 3646 Opificia
1555 3593 1775 3632 movcno

194 3677 301 3731 tor,
324 3669 492 3737 pedes
526 3667 772 3722 modeste
798 3667 1134 3736 gradiuutor,
1167 3667 1324 3723 cibus
1372 3677 1637 3739 potusque
1663 3668 1776 3722 obi-

195 3766 280 3813 tor
313 3759 652 3821 moderatus,
704 3770 927 3811 somnus
971 3757 1038 3810 ad
1083 3757 1346 3812 amussim
1412 3759 1772 3828 componitor,

195 3867 300 3905 neu
331 3852 471 3905 citra
508 3849 898 3902 necessitatem
943 3863 1220 3917 egressus,
1264 3865 1366 3902 tteu
1398 3864 1518 3918 quae
1547 3859 1773 3904 mortem

195 3943 390 3997 aﬂ'erat
421 3940 682 4004 licentiae,
713 3955 814 3994 neu
861 3940 1006 3994 aliud
1055 3940 1185 4011 qttid
1234 3939 1474 3996 insolens
1518 3941 1774 4011 agitator.

194 4035 326 4104 quin
359 4040 560 4086 cuncta
603 4040 793 4086 sancte
845 4033 1252 4102 prudenterque
1289 4043 1566 4104 geruutor,
1593 4031 1777 4103 Neque

193 4140 326 4178 vero
368 4125 614 4192 spatium
651 4123 868 4190 longum
903 4131 1007 4188 est,
1057 4131 1111 4176 et
1142 4124 1266 4177 ﬁnis
1322 4124 1568 4177 imminet
1599 4136 1780 4178 certa-

196 4218 434 4271 minum.
486 4214 710 4281 Ecquod
737 4223 820 4268 est
853 4225 1035 4269 autem
1079 4213 1324 4268 laborum
1357 4216 1636 4283 prazmium
1668 4230 1778 4269 cm-

195 4307 330 4362 Ieste
367 4323 622 4376 regnum.
657 4306 759 4360 Pro
790 4321 898 4376 quo
935 4306 1151 4370 fratres,
1177 4306 1349 4376 magis
1369 4309 1652 4377 magisque
1686 4307 1783 4362 de-

193 4409 495 4464 certemus,
529 4397 821 4461 lnctemur,
852 4399 936 4453 sin
978 4399 1311 4464 corruimus,
1357 4409 1412 4453 at
1465 4402 1660 4453 lterum
1695 4415 1780 4454 re-

1869 1914 2069 1970 Rursus
2101 1917 2306 1971 dictum
2334 1929 2409 1971 est
2439 1934 2456 1973 :
2492 1919 2610 1972 Non
2657 1919 2958 1989 pejerabis;
2988 1938 3080 1992 ego
3125 1936 3305 1978 autem
3338 1927 3458 1980 dico

1869 2007 2011 2060 vobis
2038 2023 2140 2060 non
2168 2007 2361 2076 jurare
2395 2011 2630 2062 omnino.
2674 2009 2876 2065 Rursus
2899 2012 3102 2065 dictum
3133 2023 3229 2080 est,
3257 2015 3460 2085 Diliges

1869 2101 2170 2169 proximum
2202 2110 2383 2168 tuum,
2409 2111 2459 2155 et
2495 2102 2617 2155 odio
2658 2103 2869 2156 habebis
2925 2105 3198 2158 inimicum
3255 2117 3404 2160 tuum
3438 2123 3459 2174 ,'

1867 2206 1959 2257 ego
1986 2200 2158 2242 autem
2191 2191 2308 2243 dico
2335 2193 2478 2245 vobis
2503 2209 2520 2244 :
2557 2192 2778 2262 Diligite
2808 2194 3050 2247 inimicos
3069 2207 3294 2262 vestros,
3336 2197 3460 2251 bene

1868 2282 2158 2350 prrcantini
2177 2283 2575 2337 exsecrantibus
2593 2300 2697 2348 vos,
2716 2285 3003 2353 benefacite
3023 2287 3104 2340 Itis
3125 2289 3214 2357 qui
3237 2289 3457 2342 oderunt

1872 2392 1955 2429 eos
1979 2375 2043 2431 ”.
2072 2373 2727 2447 Videu’quodptriusque
2755 2377 2974 2432 foederis
2999 2379 3338 2434 discrimen?
3367 2379 3460 2435 illo

1871 2465 2113 2519 actiones
2143 2475 2376 2532 vetante,
2407 2465 2512 2520 hoc
2559 2467 2642 2521 vel
2668 2468 3006 2534 occasiones,
3036 2470 3179 2525 unde
3208 2472 3454 2528 actiones

1870 2561 2156 2624 exsistant,
2195 2575 2264 2614 ne
2297 2559 2423 2613 hinc
2459 2559 2670 2614 radices
2715 2567 2841 2631 agat
2861 2571 3165 2630 peccatum,
3204 2563 3385 2632 itaque
3408 2563 3455 2617 si

1872 2651 2262 2720 neclegaliter,
2316 2667 2416 2706 nec
2470 2653 2814 2719 Evangelice,
2852 2653 2946 2708 sed
3000 2654 3238 2717 etltnice,
3273 2665 3329 2710 ut
3381 2656 3461 2710 sic

1875 2743 2135 2807 dixerim,
2173 2744 2394 2798 obiums
2418 2745 2548 2812 quid
2574 2756 2684 2797 lttlu
2711 2744 2974 2814 temporis
2995 2746 3313 2815 patiemur?
3347 2747 3462 2801 No-

1871 2835 1964 2887 lite
1997 2852 2200 2899 errare,
2241 2837 2435 2906 inquit,
2457 2853 2618 2907 neque
2643 2836 2944 2904 fornicarii,
2979 2853 3141 2908 neque.
3165 2837 3326 2890 idolis
3350 2854 3462 2892 sero

1870 2928 2089 2995 trientes,
2132 2943 2294 2997 neque
2330 2928 2581 2990 adulteri,
2621 2945 2782 2998 neque
2817 2929 3023 2992 molles,
3051 2945 3216 3000 neque
3251 2945 3462 2983 mascu-

1869 3019 2041 3072 lorum
2094 3021 2469 3084 concubitores,
2505 3037 2666 3090 neque
2710 3021 2882 3084 avari,
2909 3038 3086 3090 neque
3109 3023 3271 3091 fures,
3301 3039 3462 3092 neque

1870 3111 2084 3177 ebriosi,
2122 3129 2282 3182 neque
2321 3113 2590 3178 maledici,
2642 3129 2805 3182 neque
2850 3129 3067 3182 rapaces
3106 3131 3323 3185 regnum
3363 3113 3462 3170 Dei

1880 3202 2216 3272 possidebunt
2245 3203 2311 3267 δο,
2348 3219 2521 3273 eaque
2547 3204 2613 3259 de
2658 3219 2843 3268 causa,
2882 3206 2961 3259 uti
3005 3221 3168 3276 saepe,
3200 3217 3255 3261 et
3305 3224 3455 3263 nunc

1881 3297 2248 3365 prannuniens
2279 3296 2454 3359 edico,
2516 3312 2584 3350 ne
2616 3297 2736 3365 quis
2770 3297 3054 3356 solitarius
3110 3301 3319 3370 degito,
3351 3317 3458 3356 neu

1880 3384 2075 3452 supine
2119 3383 2308 3450 fertor,
2344 3400 2446 3439 neu
2488 3401 2682 3439 aurum
2733 3389 2937 3457 cogito,
2991 3405 3094 3444 neu
3127 3405 3344 3446 servum
3379 3400 3463 3445 te-

1883 3484 2027 3540 neto,
2059 3489 2160 3529 neu
2188 3491 2411 3545 equum,
2451 3493 2556 3533 neu
2583 3475 2775 3533 bovem
2806 3479 2957 3544 alito,
3005 3495 3109 3535 neu
3137 3482 3266 3550 quid
3311 3484 3457 3539 aliud

1882 3575 2116 3622 tractato
2174 3567 2310 3621 citra
2369 3571 2767 3637 persecutionis
2821 3587 3092 3636 normam,
3152 3575 3292 3628 unde
3332 3592 3458 3646 gra-

1884 3660 2037 3714 viora
2068 3700 2081 3724 ,
2119 3669 2174 3715 et
2209 3661 2479 3716 atrociora
2521 3661 2762 3718 facinora
2798 3676 3041 3719 manent.
3073 3664 3311 3720 Tametsi
3334 3681 3458 3723 sunt

1883 3753 2099 3807 evobis
2139 3754 2231 3822 qui
2291 3763 2481 3809 contra
2537 3771 2721 3809 verum
2778 3757 3054 3812 obstinate
3105 3759 3459 3820 contenditis.

1883 3860 2115 3914 quorum
2141 3861 2169 3898 a
2203 3847 2469 3916 sanguine
2493 3862 2612 3901 sum
2644 3848 2852 3912 insons;
2880 3863 3057 3918 neque
3073 3848 3214 3902 enim
3244 3851 3462 3906 subter-

1886 3936 1996 4009 fugi
2025 3939 2156 4008 quin
2192 3939 2435 3992 divinum
2467 3939 2558 4010 jus
2587 3940 2882 4004 edicerem,
2927 3956 3029 3996 nec
3083 3944 3276 3997 reticui
3333 3959 3464 3998 ven-

1887 4039 2067 4084 turum
2101 4031 2466 4102 itnmorigcris
2516 4048 2726 4087 ensem.
2783 4036 2864 4087 An
2909 4034 3192 4089 irritamus
3247 4035 3465 4090 Deum?

1889 4137 2019 4174 num
2050 4124 2300 4176 fortiores
2336 4138 2401 4176 eo
2448 4125 2685 4177 sumus?
2714 4124 2833 4177 .Iam
2884 4140 3015 4178 vero
3072 4134 3122 4179 et
3163 4126 3362 4179 securis
3392 4130 3460 4181 ad

1885 4213 2117 4264 radicem
2146 4212 2394 4266 arborum
2428 4213 2602 4282 posita
2655 4223 2756 4268 est.
2800 4213 2980 4269 Omnis
3008 4233 3131 4286 ergo
3158 4217 3317 4269 arbor
3347 4234 3464 4287 quw

1886 4320 1991 4356 non
2021 4304 2148 4374 facit
2184 4303 2419 4373 fructum
2455 4305 2644 4357 bonum
2694 4307 3046 4371 exscinditur,
3103 4309 3236 4361 etin
3287 4309 3456 4375 ignem

1889 4396 2127 4448 mittitur
2147 4395 2214 4448 ⁸¹.
2247 4394 2364 4449 Non
2394 4395 2703 4464 exemplum
2756 4399 2980 4462 timetis,
3008 4414 3115 4452 non
3161 4399 3339 4454 minas
3370 4414 3465 4456 ex-

195 4504 538 4559 surgamus;
587 4487 673 4540 sin
726 4487 1141 4553 obdormiimus,
1193 4498 1249 4542 at
1289 4504 1506 4543 rursum
1554 4489 1778 4558 evigile-
1813 4505 1858 4562 υ
1888 4486 2252 4542 horrescitis?
2306 4502 2412 4542 non
2463 4497 2696 4543 mortem
2753 4489 2986 4558 pavetis,
3029 4505 3152 4560 quae
3199 4483 3325 4546 mox
3367 4492 3466 4547 ob-

196 4597 344 4642 ntus,
371 4581 481 4634 vim
519 4577 825 4634 inferamus
863 4590 1088 4644 naturae,
1121 4581 1361 4635 membra
1408 4581 1524 4637 haec.
1567 4591 1778 4636 terrena

197 4673 538 4742 perimamus
565 4713 580 4738 ,
643 4670 867 4725 virtutes
909 4671 1292 4739 acquiramus,
1337 4673 1481 4742 (quae
1527 4672 1778 4742 equidem

196 4766 331 4820 mihi
391 4778 619 4835 quoque
656 4763 831 4829 edico,
888 4765 1096 4818 obsitus
1126 4773 1179 4818 et
1231 4767 1345 4836 ipse
1390 4765 1780 4830 imbecillitate,

199 4866 256 4909 ut
288 4857 481 4911 eadem
513 4855 796 4909 vobiscum
854 4865 1046 4910 natura
1090 4858 1372 4927 praeditus)
1412 4874 1520 4926 quo
1570 4858 1783 4912 sincere

197 4964 411 5011 omnes,
447 4959 502 5003 et
528 4949 775 5002 insontes
809 4948 934 5003 hinc
997 4951 1248 5018 profecti,
1296 4966 1591 5020 perennent
1619 4952 1779 5005 vitam

200 5054 613 5109 consequamur
647 5055 740 5108 per
788 5039 1062 5095 Christum
1117 5041 1304 5096 Jesum
1363 5040 1655 5096 Dominum
1689 5055 1788 5095 no-

201 5142 394 5186 strum.
437 5133 537 5188 Cui
565 5132 738 5200 gloria
771 5142 823 5185 et
852 5133 1136 5200 ituperium
1163 5149 1288 5187 cunt
1315 5131 1492 5197 Patre,
1518 5148 1580 5187 ac
1602 5143 1789 5187 sancto

203 5222 434 5292 Spiritu,
481 5238 634 5278 nunc
667 5232 722 5277 et
753 5239 990 5294 semper,
1049 5225 1106 5280 in
1141 5241 1471 5295 omnemque
1516 5224 1789 5295 perpetui-

205 5325 386 5373 tatem.
416 5321 624 5372 Amen.

809 5407 1040 5465 SERMO
1073 5409 1202 5466 CIII.

284 5503 360 5558 De
400 5502 607 5558 divinis
635 5504 974 5574 exsequendis
1001 5505 1297 5573 pt'wceptis,
1345 5520 1406 5557 ac
1436 5504 1601 5574 justis
1637 5508 1690 5559 in

743 5572 1052 5642 negligentes
1089 5572 1265 5630 minis.

264 5666 491 5723 Fratres
552 5664 876 5734 Patresque,
919 5668 1139 5721 molit0r
1192 5669 1333 5722 Deus
1394 5669 1484 5738 qtti
1531 5686 1560 5724 e
1606 5670 1776 5724 nihilo

264 5785 308 5816 ³⁸
343 5784 520 5838 blattb
582 5794 776 5844 xxvrtt,
814 5782 904 5844 20,
979 5784 1020 5816 ³⁸
1058 5783 1243 5838 Matth.
1284 5801 1336 5848 v,
1371 5785 1460 5837 4-1.

1541 5789 1582 5816 '°°
1607 5790 1625 5839 1
1652 5789 1776 5843 Cor.
1824 5808 1898 5858 vn,
1934 5794 2017 5845 10.

1881 4581 2056 4634 eunda
2083 4589 2167 4634 est
2195 4580 2218 4633 ἱ)

1957 4672 2058 4738 Qui
2088 4672 2375 4728 horribiles
2417 4672 2641 4742 angelos
2669 4682 2919 4728 tueamur
2943 4712 2960 4737 ,
2991 4673 3246 4730 eductum
3297 4693 3398 4731 nos
3426 4691 3456 4732 e

1890 4776 2120 4830 corpore
2148 4762 2428 4815 venientes
2464 4776 2479 4826 ;
2511 4761 2602 4829 qui
2629 4759 2846 4830 longum
2875 4761 3004 4815 illud
3030 4762 3466 4832 immensumque

1883 4855 1983 4910 iter
2007 4866 2384 4923 peragretnus,
2406 4853 2607 4906 viatico
2632 4868 2738 4906 non
2768 4853 3059 4907 instructi?
3079 4853 3172 4923 qui
3200 4854 3459 4912 tribunali

1884 4945 2146 5000 sistamur
2194 4943 2440 5006 Christi,
2495 4943 2585 4998 cui
2656 4944 3101 5015 congenulabunt
3180 4947 3457 5012 universi,

1886 5047 2205 5104 cunctaaque
2259 5035 2448 5090 Iaudes
2487 5037 2718 5092 olierent
2765 5039 3001 5109 linguae,
3051 5039 3254 5095 fmdam
3323 5056 3461 5095 con-

1887 5129 2176 5184 scientiam
2205 5137 2449 5184 tenentes
2473 5130 2495 5182 ?
2515 5128 2583 5185 Ut
2617 5131 2854 5199 ablegari
2883 5134 2954 5187 sit
2986 5148 3208 5189 necesse
3241 5134 3330 5188 ubi
3356 5152 3461 5189 non

1888 5217 2255 5287 exstinguitur
2290 5216 2467 5286 ignis,
2501 5233 2609 5272 non
2641 5220 2871 5273 moritur
2892 5223 3120 5284 vermis;
3159 5222 3247 5276 ubi
3283 5223 3462 5285 ﬂetus,

1892 5325 1956 5364 ac
1992 5310 2239 5365 dentium
2278 5311 2483 5364 stridor
2513 5311 2766 5378 agitatur,
2800 5312 2946 5380 quod
2983 5327 3050 5366 ne
3074 5313 3326 5379 accidat,
3354 5314 3463 5366 fra-

1884 5413 2018 5464 tres.
2048 5402 2191 5471 agite
2221 5401 2587 5457 venerabundi
2623 5402 3028 5472 illacrymemur
3050 5406 3299 5459 clementi
3331 5405 3459 5471 Deo,

1880 5505 1934 5548 et
1965 5509 2088 5548 eum
2135 5508 2318 5547 coram
2351 5504 2758 5562 praevertamus,
2792 5493 3156 5558 confessione,
3190 5497 3461 5564 precibus,

1886 5587 2326 5656 compunclioue,
2385 5586 2663 5655 lacrymis,
2695 5587 2996 5656 supplicio,
3027 5588 3258 5655 jejunio,
3293 5592 3454 5643 casti-

1880 5687 2027 5740 tate,
2080 5677 2226 5730 omni
2289 5678 2548 5745 przeclat'a
2602 5677 2894 5735 iunctione.
2941 5677 3229 5735 Enimvero
3293 5682 3337 5736 is
3378 5692 3464 5735 est

2097 5793 2138 5823 “
2171 5792 2362 5854 Matth,
2393 5809 2486 5853 νει,
2527 5793 2613 5858 19,
