4000 6306
513 336 620 400 643

1672 324 1731 383 S.
1774 320 2160 385 THEODORI
2201 318 2549 380 STUDITE

3662 321 3780 385 644

518 449 787 504 scelerum
840 451 1154 498 nostrorum
1202 440 1603 509 placamentum
1627 475 1644 501 ,
1675 449 1775 488 nec
1813 448 1871 488 se
1898 432 1952 485 in
1981 446 2083 486 nos
2111 436 2160 494 Α
2190 432 2368 486 veniet
2401 430 2731 494 horrendus,
2757 444 2820 485 ac
2854 431 2946 499 qui
2974 429 3284 486 defraudari
3315 442 3552 502 nequeat
3571 435 3776 503 judex,

518 537 836 600 oftlrmavit,
868 535 1198 604 minimeque
1228 539 1586 586 revertentem
1622 536 1927 590 aversatur,
1952 525 2084 594 quin

520 629 738 684 asciscit
765 646 777 680 :
807 635 863 680 ut
897 625 1260 688 meretricem,
1291 633 1351 676 ut
1379 621 1686 692 prodigum,
1715 627 1773 671 ut
1799 618 2084 670 latronem.

523 716 700 780 Sane,
755 711 1230 777 obsecro,fratres
1266 721 1690 775 consurgamus,
1751 703 2086 767 excitemus,

522 805 958 865 contendamus,
1004 817 1113 870 quo
1157 801 1306 854 velut
1352 796 1506 868 pueri
1552 794 1785 850 studiosi
1833 810 1862 848 e
1903 794 2088 848 schola

522 895 865 948 discedentes
933 893 1039 946 laati
1102 894 1323 945 domum
1391 896 1793 950 revertuntur;
1863 885 1942 938 sic
1990 898 2091 938 nos

522 1000 740 1054 quoque
782 999 878 1038 ceu
907 982 1128 1053 genuini
1175 980 1448 1050 Evangelii
1492 977 1744 1045 discipuli
1802 973 1857 1028 in
1903 990 2093 1043 peren-

523 1091 646 1129 nem
675 1075 840 1128 vitam
885 1073 1158 1127 ovabundi
1203 1074 1649 1141 commigremur,
1681 1083 1774 1138 per
1808 1065 2089 1121 Christum

522 1166 706 1221 Jesum
739 1165 1024 1218 Dominum
1065 1173 1333 1218 nostrum.
1385 1163 1489 1218 Cui
1523 1161 1691 1232 gloria
1716 1172 1769 1214 et
1807 1160 2092 1229 imperium

525 1270 647 1308 cum
677 1252 855 1318 Patre,
886 1268 951 1306 ac
978 1262 1167 1307 sancto
1199 1251 1425 1320 Spiritu,
1468 1266 1615 1306 nunc
1664 1259 1720 1306 et
1757 1263 1994 1320 semper,
2037 1251 2093 1304 in

525 1357 852 1413 omnemque
880 1343 1314 1412 perpetuitatem.
1358 1344 1547 1398 Arnen.

1118 1431 1352 1488 SERMO
1380 1433 1516 1489 CIV.

523 1521 602 1577 De
642 1523 840 1576 sincero
899 1538 1118 1590 veroque
1183 1539 1392 1585 amore,
1434 1539 1496 1575 ac
1528 1523 1926 1592 morigeratione
1973 1537 2097 1590 erga

597 1593 925 1660 praefectum,
957 1601 1005 1645 et
1031 1593 1288 1645 ltorrendo
1303 1593 1439 1660 justi
1459 1593 1657 1660 judicis
1691 1594 1950 1646 examine.

599 1681 817 1738 Fratres
880 1683 1218 1750 Patresque,
1278 1699 1399 1753 qua:
1490 1682 1756 1752 superiori
1815 1679 2096 1737 Catechesi

2184 521 2275 590 qui
2308 522 2585 575 subditum
2624 521 2844 576 subdito
2868 561 2883 588 ,
2925 520 3242 590 praefectum
3309 522 3567 592 praefecto
3592 565 3607 591 ,
3649 526 3779 596 epi-

2188 623 2411 677 scopum
2443 610 2736 679 episcopo,
2763 617 3050 677 praetorem
3085 609 3332 677 primori,
3375 611 3487 680 regi
3513 623 3777 681 aggreget

2190 715 2367 769 regem
2397 737 2413 763 ,
2461 709 2517 753 et
2573 701 2898 754 alterutrum
2938 715 3004 754 ex
3069 702 3333 754 alterutro
3370 703 3654 772 corrigat,
3706 718 3776 756 ac

2192 789 2411 852 refutet,
2438 801 2485 844 et
2507 791 2787 859 unicuique
2816 791 2998 843 reddat
3026 793 3309 844 secundum
3341 808 3498 859 opera
3520 792 3657 858 ejus,
3692 795 3762 845 iis

2193 882 2402 949 quidem
2423 883 2510 951 qui
2538 881 2827 934 secundum
2854 883 3164 949 patientiam
3190 882 3308 933 boni
3339 883 3506 948 operis
3535 883 3772 951 gloriam

2192 985 2238 1026 et
2271 974 2537 1034 honorem,
2575 982 2624 1026 et
2645 974 3088 1042 incorruptionem
3120 982 3385 1038 quierunt,
3423 973 3584 1025 vitam
3612 984 3772 1026 teter-

2194 1079 2314 1114 nam
2349 1081 2367 1128 ;
2411 1065 2478 1116 iis
2521 1075 2697 1117 autem
2744 1066 2832 1132 qui
2867 1075 2990 1117 sunt
3042 1064 3408 1126 contentione,
3448 1073 3496 1115 et
3527 1064 3616 1132 qui
3665 1079 3770 1114 non

2195 1157 2525 1225 acquiescant
2547 1158 2774 1221 veritati,
2807 1157 3025 1209 credunt
3049 1165 3225 1208 autem
3253 1156 3544 1225 iniquitati,
3583 1157 3686 1217 ira,
3716 1164 3766 1206 et

2194 1244 2524 1312 indignatio,
2575 1245 2845 1296 tribulatio
2885 1252 2933 1295 et
2974 1244 3220 1311 angustia
3254 1242 3332 1305 ⁸⁸,
3399 1241 3475 1294 uti
3529 1241 3768 1297 canitur.

2196 1337 2348 1402 Quod
2383 1335 2779 1403 pertimendum
2806 1342 2909 1396 est,
2940 1335 3198 1402 omnique
3228 1333 3408 1387 studio
3437 1334 3765 1398 cavendum,

2197 1443 2264 1480 ne
2317 1427 2418 1480 sub
2459 1425 2666 1478 obitum
2703 1423 2972 1478 bonorum
3019 1438 3245 1493 Operum
3297 1426 3488 1479 inanes
3534 1426 3770 1494 depren-

2196 1518 2438 1579 damur,
2513 1515 2644 1584 quin
2731 1514 3084 1568 honestarum
3158 1514 3368 1568 feraces
3423 1515 3764 1569 functiouum

2199 1616 2524 1675 spectemus.
2574 1603 2672 1658 Sin
2724 1604 3036 1659 obluctatur
3089 1605 3262 1659 hostis
3304 1619 3413 1675 quo
3452 1606 3635 1662 minus
3659 1607 3768 1660 vir-

2201 1705 2369 1748 tutcm
2418 1696 2722 1759 obeamus;
2788 1693 2936 1763 quod
2985 1695 3290 1763 negandum
3350 1711 3456 1749 non
3507 1704 3624 1762 est,
3673 1697 3765 1766 qui

528 1783 749 1841 propter
793 1779 906 1825 tum
955 1781 1244 1840 praesentes
1283 1772 1554 1837 disserui,
1615 1787 1757 1842 aeger
1808 1786 1872 1825 ac
1908 1771 2098 1824 dolens

2205 1786 2416 1856 quidem
2467 1785 2741 1839 homicida
2785 1785 2857 1839 sit
2912 1784 2980 1838 ab
3027 1784 3225 1849 initio,
3287 1799 3392 1838 neu
3443 1785 3656 1839 steterit
3691 1763 3766 1838 —in

529 1861 785 1925 disserui,
841 1871 894 1914 at
935 1878 1056 1930 quae
1092 1862 1158 1916 de
1201 1863 1356 1916 vobis
1403 1877 1548 1916 nunc
1596 1863 1770 1917 habeo
1808 1862 2005 1925 dicere,
2033 1873 2099 1913 ea

527 1966 654 2006 vero
683 1962 809 2005 sunt
836 1952 1061 2006 meliora
1084 1991 1100 2015 ,
1149 1961 1203 2005 et
1232 1967 1356 2004 cum
1405 1952 1582 2006 salute
1624 1952 1914 2021 conjuncta
1940 1989 1954 2014 ,
1999 1951 2097 2019 qui

533 2044 628 2096 Dei
664 2041 786 2112 Opt.
845 2041 989 2097 Max.
1022 2043 1287 2096 beneticio
1341 2057 1546 2096 morem
1605 2043 1852 2097 tenuitati
1904 2052 2102 2096 nostrae

530 2135 896 2204 obsequentes
918 2137 1139 2204 geratis,
1165 2135 1296 2188 nihil
1317 2136 1451 2189 citra
1485 2135 1836 2189 constitutum
1860 2144 2100 2204 agentes.

531 2225 684 2292 Quod
725 2241 832 2278 non
869 2226 1002 2278 ruihi
1036 2225 1291 2296 gaudium
1319 2224 1480 2278 modo
1509 2235 1612 2290 est,
1643 2242 1706 2280 ac
1747 2227 2059 2295 triumphus
2083 2265 2098 2291 ,

531 2319 625 2372 sed
658 2333 767 2387 prae
798 2333 883 2371 me
908 2318 1043 2373 adeo
1069 2317 1252 2382 vobis,
1281 2318 1374 2387 qui
1400 2318 1650 2373 virtutem
1681 2327 1805 2372 ante
1829 2319 2099 2388 ccepistis;

532 2409 661 2478 quid
708 2417 792 2463 est
837 2411 981 2462 enim
1039 2410 1283 2471 suavius,
1345 2408 1542 2473 laetius,
1590 2410 1884 2478 jucundius
1938 2424 2101 2479 quam

533 2499 599 2552 ad
635 2501 1012 2569 praescriptum
1044 2500 1247 2565 vivere,
1275 2516 1372 2555 nec
1412 2516 1508 2570 pro
1555 2500 1778 2555 libidine
1807 2501 2104 2571 quidquam

534 2590 686 2645 obire
739 2591 1058 2646 subditum?
1106 2591 1209 2647 hoc
1261 2607 1387 2645 vera
1453 2593 1802 2664 ruorigeratio
1842 2602 1946 2656 est,
1989 2593 2105 2647 haec

535 2681 693 2736 beata
732 2683 841 2736 vita
868 2722 883 2746 ,
917 2683 1025 2753 (20
1057 2690 1076 2752 )
1115 2683 1219 2737 hoc
1271 2684 1670 2752 pranuolestum
1708 2684 2021 2752 quoddam,
2051 2694 2106 2740 et

535 2775 902 2829 immolestum
926 2815 938 2838 ,
987 2785 1046 2828 ut
1076 2775 1155 2828 sic
1188 2775 1416 2829 dixerim
1439 2815 1456 2840 ,
1501 2788 1770 2828 certamen
1797 2793 1812 2841 ;
1871 2791 2103 2844 praemo-

536 2866 730 2920 lestum
766 2865 814 2919 ei
860 2866 950 2934 qui
984 2865 1164 2919 adhuc
1194 2864 1313 2918 suis
1361 2864 1552 2918 studiis
1583 2875 1860 2928 teneatur,
1907 2867 2106 2920 immos

537 2958 732 3011 lestum
768 2959 816 3011 ei
849 2939 940 3027 qui
974 2969 1165 3023 suapte
1195 2958 1369 3012 studia
1433 2955 1766 3028 praefregerit
1790 3001 1804 3025 ,
1854 2966 1911 3012 ut
1945 2975 2105 3028 apos-

540 3048 699 3104 tolice
735 3049 882 3104 ausit
917 3049 1097 3104 dicere
1140 3068 1152 3104 :
1190 3049 1312 3103 Vivo
1343 3060 1516 3102 autem
1549 3049 1666 3118 jam
1698 3067 1798 3103 non
1831 3067 1945 3120 ego,
1982 3051 2107 3104 vivit

537 3154 655 3192 uero
684 3139 737 3191 in
776 3155 855 3192 me
895 3136 1134 3192 Christus
1167 3141 1232 3193 δ’.
1282 3138 1501 3193 Scilicet
1543 3141 1635 3208 qui
1675 3157 2015 3210 nequaquam
2039 3157 2103 3195 ex

538 3243 636 3283 sua
664 3228 888 3283 libidine
944 3231 1108 3295 vivat,
1141 3244 1236 3299 per
1268 3229 1582 3299 praefectum
1617 3231 1772 3300 quasi
1814 3234 2104 3301 quemdam

537 3329 879 3388 sequestrum
907 3318 1017 3373 Deo
1050 3322 1200 3385 vivit,
1227 3320 1452 3374 revelata
1478 3321 1612 3389 [acie
1637 3321 1861 3391 gloriam
1899 3315 2108 3375 Domini

536 3410 835 3477 speculatus
854 3449 868 3474 ,
902 3423 947 3464 et
973 3411 1027 3464 in
1065 3412 1298 3465 eamdem
1326 3413 1604 3482 imaginem
1634 3413 2041 3481 lransformatus
2073 3429 2107 3466 a

538 3500 784 3555 claritate
807 3502 862 3554 in
891 3501 1210 3568 claritatem,
1240 3514 1489 3572 tanquam
1513 3521 1545 3556 a
1575 3503 1789 3556 Domini
1817 3503 2105 3572 Spiritu“,

536 3595 988 3662 quemadmodum
1021 3595 1280 3663 scriptum
1317 3604 1416 3650 est.
1481 3594 1778 3650 Enimvero
1803 3595 1890 3650 hic
1920 3596 2104 3650 mundi

537 3690 619 3736 est
645 3697 874 3738 securus
898 3724 914 3749 ,
956 3683 1209 3739 interitus
1240 3696 1417 3740 morte
1439 3725 1455 3750 ,
1502 3686 1677 3740 lectam
1705 3726 1720 3751 ,
1770 3701 1835 3741 ac
1865 3688 2105 3757 quietam

539 3789 805 3844 peragens
860 3777 1025 3830 vitam
1074 3788 1218 3834 totus
1256 3790 1609 3834 consecratus
1654 3779 1798 3845 Deo,
1851 3761 2106 3836 castarum

543 3862 637 3931 qui
668 3873 857 3933 suapte
889 3867 1167 3923 voluntate
1188 3910 1202 3936 ,
1236 3869 1490 3939 proiectis
1519 3871 1839 3926 obedientiae
1878 3872 2106 3943 legibus,

539 3952 762 4016 nitatur,
790 3955 893 4008 sibi
917 3957 1131 4022 volens,
1160 3959 1262 4012 sibi
1293 3960 1518 4029 placens
1538 4001 1551 4026 ,
1572 3978 1654 4014 nar
1681 3962 1728 4015 is
1750 3964 1911 4016 vitam
1931 3966 2110 4020 trahat

539 4039 838 4107 afflictam,
882 4045 975 4114 qui
1025 4060 1055 4100 a
1086 4047 1310 4102 diabolo
1353 4058 1546 4118 captus
1595 4049 1661 4104 ad
1702 4051 1988 4106 arbitrium
2028 4062 2110 4107 te-

540 4141 755 4188 neatur.
805 4134 908 4200 Qui
941 4146 998 4190 ut
1028 4137 1280 4207 jejunare
1330 4140 1601 4208 videatur,
1632 4152 1726 4196 aut
1766 4145 2108 4214 pervigilare,

538 4227 632 4272 aut
660 4220 765 4273 alia
795 4222 992 4277 virtute
1042 4223 1225 4299 fungi,
1270 4227 1524 4282 illaudata
1553 4228 1757 4284 functio
1789 4240 1872 4286 est
1892 4241 2107 4301 postea-

538 4325 702 4379 quam
781 4309 945 4367 Omne
975 4319 1111 4384 quod
1144 4332 1248 4369 non
1287 4327 1368 4372 est
1399 4319 1523 4387 ﬁde,
1554 4330 1822 4388 peccatum
1848 4333 1923 4376 est
1956 4324 2030 4388 “,
2057 4334 2109 4380 et

2199 1878 2447 1940 veritate,
2470 1891 2595 1932 cum
2625 1892 2734 1932 non
2778 1877 2849 1932 sit
2874 1877 3074 1931 veritas
3102 1877 3156 1930 in
3189 1891 3276 1940 eo,
3307 1877 3767 1946 quemadmodum

2200 1969 2274 2020 ait
2329 1968 2632 2034 Dominus;
2685 1976 2740 2021 at
2773 1967 3092 2022 fortitudine
3144 1967 3199 2020 in
3248 1982 3394 2032 eum,
3435 1981 3499 2022 ac
3547 1982 3771 2035 magna—

2201 2061 2447 2114 nimitate
2477 2070 2716 2123 utamur,
2751 2059 3060 2123 laboribus,
3088 2058 3292 2122 studio,
3320 2058 3570 2127 precibus
3596 2099 3610 2122 ,
3641 2072 3773 2126 sup-

2202 2151 2366 2220 plicio
2391 2189 2406 2214 ,
2460 2150 2718 2220 lacrymis
2756 2150 3079 2205 adhibendis
3100 2190 3116 2215 ,
3162 2159 3327 2218 atque
3353 2150 3400 2204 is
3428 2149 3769 2214 succumbet,

2203 2243 2312 2297 Deo
2353 2245 2405 2297 in
2445 2255 2719 2298 certamen
2746 2252 3008 2306 coeunte,
3073 2252 3368 2311 nostraque
3403 2241 3774 2297 imbecillitate

2198 2335 2436 2403 juvanda
2460 2351 2750 2403 perennem
2777 2336 3059 2388 victoriam
3084 2335 3355 2403 praebente
3378 2349 3474 2404 per
3494 2333 3772 2388 Christum

2203 2424 2384 2479 Jesum
2416 2425 2705 2479 Dominum
2744 2435 3015 2479 nostrum.
3066 2424 3166 2479 Cui
3201 2425 3372 2494 gloria
3397 2435 3451 2479 et
3488 2426 3772 2494 imperium

2205 2531 2328 2572 cum
2355 2519 2532 2582 Patre,
2573 2532 2636 2571 ac
2662 2526 2850 2569 sancto
2880 2515 3082 2583 Spiritu
3111 2553 3126 2579 ,
3177 2529 3322 2569 nunc
3351 2525 3406 2569 et
3436 2530 3648 2585 semper
3672 2555 3689 2581 ,
3721 2519 3773 2570 in

2205 2623 2534 2679 omnemque
2565 2608 3003 2678 perpetuitatem.
3038 2606 3229 2660 Amen.

2811 2698 3040 2753 δεξιΜο
3069 2695 3175 2753 CV.

2242 2771 2318 2825 De
2375 2770 2715 2840 expurganda
2752 2787 2782 2822 a
2812 2771 3089 2823 sceleribus
3139 2771 3351 2835 animo,
3404 2770 3744 2840 ineundisque

2728 2860 2935 2912 uirtutis
2969 2859 3254 2913 laboribus.

2276 2952 2495 3007 Fratres
2560 2950 2891 3021 Patresque,
2928 2950 3041 3006 fors
3074 2953 3315 3005 animum
3346 2951 3526 3006 dicere
3555 2950 3777 3005 inducat

2209 3046 2481 3115 quispiam
2551 3043 2759 3113 frugem
2821 3058 2888 3098 ex
2973 3042 3056 3098 bis
3118 3042 3509 3097 Catcchesibus
3571 3043 3772 3096 nullam

2210 3138 2434 3206 percipi,
2468 3137 2558 3192 sed
2585 3136 2852 3206 profecto,
2874 3145 2932 3189 ut
2963 3136 3096 3189 mihi
3122 3135 3362 3200 videtur,
3394 3135 3478 3189 vel
3510 3134 3563 3188 in
3587 3135 3776 3204 primis

2215 3229 2530 3297 percipitur.
2592 3229 2814 3281 Scilicet
2861 3227 3007 3296 quod
3040 3237 3280 3279 aratrum
3321 3235 3483 3281 terra:
3504 3265 3519 3288 ,
3550 3236 3605 3280 et
3635 3240 3774 3296 aqua

2211 3323 2446 3386 sitienti,
2477 3321 2526 3375 id
2560 3336 2730 3390 gnave
2760 3319 2999 3373 audienti
3022 3319 3399 3373 Catecheticus
3447 3334 3631 3372 sermo
3670 3328 3774 3374 est.

2214 3413 2364 3468 Unde
2403 3414 2546 3468 enim
2602 3428 2755 3466 meus
2817 3410 3227 3480 corrumpitur?
3281 3411 3423 3463 unde
3448 3410 3501 3462 in
3550 3409 3774 3464 fratrum

2209 3508 2371 3562 rebus
2416 3505 2649 3576 publicis
2700 3505 2862 3569 bella,
2911 3506 3063 3564 rixae,
3093 3501 3567 3556 dissidia?nonne
3594 3517 3661 3555 ex
3711 3517 3776 3555 eo

2210 3599 2355 3668 quod
2381 3599 2627 3652 doctrina
2657 3639 2671 3662 ,
2716 3612 2778 3651 ac
2810 3595 3093 3666 castigatio
3127 3609 3234 3647 non
3262 3592 3491 3646 obitur?
3521 3593 3654 3657 Quae
3685 3595 3772 3646 tibi

2209 3690 2322 3742 sint
2364 3689 2434 3741 ibi
2462 3689 2727 3741 serenitas
2757 3727 2770 3753 ,
2823 3697 2982 3755 atque
3007 3701 3118 3756 pax
3143 3691 3246 3747 est,
3286 3683 3375 3738 ubi
3403 3696 3510 3753 pax
3538 3722 3556 3748 ,
3607 3690 3663 3736 et
3691 3699 3776 3737 se-

2208 3783 2412 3835 renitas
2457 3780 2529 3834 ibi
2572 3787 2794 3834 sanctus
2861 3777 3093 3846 Spiritus
3141 3775 3499 3844 conquiescit.
3562 3773 3681 3840 Qua
3712 3775 3777 3829 de

2208 3888 2374 3927 causa
2405 3871 2654 3941 equidem
2691 3871 2878 3925 timide
2935 3869 3237 3938 cupideque
3272 3867 3577 3934 disserere,
3609 3867 3774 3922 casti-

2210 3981 2360 4035 gare,
2389 3963 2624 4027 hortari,
2657 3977 2719 4017 ac
2753 3975 3099 4016 commouere
3129 3970 3339 4028 satago,
3366 3960 3409 4013 si
3437 3975 3539 4029 qua
3573 3959 3771 4028 pOSSlttt

2210 4056 2278 4108 ab
2346 4053 2649 4123 omnigenis
2728 4052 2934 4106 diaboli
2994 4051 3343 4105 tentamentis
3407 4065 3504 4105 vos
3581 4065 3776 4120 meque

2209 4160 2458 4209 servare,
2488 4159 2801 4212 quanquam
2833 4141 3009 4197 fateor
3034 4157 3255 4211 operam
3289 4155 3386 4194 vos
3422 4155 3639 4210 quoque
3669 4156 3773 4194 non

2211 4236 2494 4289 minimam
2525 4234 2774 4288 conferre
2802 4274 2815 4298 ,
2853 4235 3087 4286 maxime
3127 4232 3425 4301 primores,
3476 4247 3775 4300 omnesque

2211 4342 2298 4380 me
2341 4327 2407 4380 ad
2449 4327 2648 4379 bonum
2687 4324 3040 4394 opitulatores
3082 4323 3300 4378 habere.
3354 4321 3462 4391 Ego
3496 4323 3733 4390 plantavi
3759 4363 3773 4386 ,

538 4401 742 4470 alioqui
772 4407 916 4470 (ιυοίί
949 4404 1017 4458 ad
1044 4421 1385 4462 communem
1420 4411 1658 4479 "981113"!
1708 4427 1813 4465 ηοη
1868 4423 2059 4482 agalur
2087 4459 2099 4481 .
2139 4422 2180 4475 D
2210 4419 2284 4472 ait
2314 4419 2426 4481 ille,
2482 4418 2668 4487 Apollo
2715 4418 2931 4487 rigavit,
2977 4416 3064 4469 sed
3092 4416 3225 4469 Deus
3271 4417 3645 4470 incrementum
3687 4415 3774 4466 de-

537 4507 660 4546 cum
691 4496 970 4562 proprium
1008 4507 1089 4552 est
1125 4497 1359 4568 agentis,
1393 4509 1508 4554 tum
1554 4503 1789 4557 alienum
1824 4520 1852 4557 a
1891 4506 2108 4575 pietate.

2207 4509 2285 4561 dit
2311 4508 2355 4539 ⁵⁸
2389 4527 2402 4563 :
2437 4517 2496 4562 ut
2527 4522 2634 4561 non
2663 4523 2781 4561 mea
2822 4507 3014 4569 solius,
3048 4508 3179 4576 quin
3220 4514 3400 4560 vestra
3435 4507 3678 4558 omnium
3709 4508 3775 4558 sit

539 4580 609 4636 Ut
644 4585 839 4639 merito
882 4601 978 4641 eos
1024 4590 1488 4657 reprehenderim,
1516 4607 1612 4647 vos
1640 4593 1875 4660 laudem,
1930 4612 1993 4651 ac
2021 4612 2113 4652 co-
2209 4599 2437 4662 functio,
2474 4614 2568 4653 seu
2607 4599 2786 4668 potius
2824 4599 2936 4664 Dei,
2961 4600 3028 4652 ab
3061 4614 3171 4668 quo
3205 4610 3399 4653 cuncta
3434 4599 3486 4652 in
3525 4600 3773 4652 homines

539 4675 730 4728 hortor
765 4676 1028 4732 inhaerere
1061 4679 1440 4748 pulcherrima:
1466 4683 1877 4753 morigerationi
1903 4725 1919 4750 ,
1976 4688 2111 4743 tole-

537 4767 728 4820 rantia:
756 4807 772 4831 ,
814 4767 1123 4838 frangendae
1153 4759 1437 4836 voluntati,
1467 4774 1613 4839 tidei,
1639 4776 1787 4844 spei,
1819 4777 2073 4833 charitati
2095 4822 2110 4846 ,

536 4859 748 4913 exteris
825 4860 1150 4916 obedientia:
1201 4865 1396 4919 studiis
1430 4904 1446 4930 ,
1505 4881 1612 4936 qua
1671 4881 1731 4922 re
1776 4877 1830 4922 et
1881 4869 2107 4925 salutem

536 4949 836 5017 quaeratis,
883 4960 937 5006 et
964 4955 1243 5024 exemplar
1287 4957 1566 5026 egregium
1596 4959 1695 5012 toti
1742 4961 2103 5016 contubernio

536 5037 657 5093 sitis
691 5054 822 5094 sane
847 5079 863 5104 ,
905 5041 1133 5096 obsecro
1157 5081 1172 5106 ,
1228 5042 1460 5111 fratres,
1510 5045 1780 5116 siquidem
1819 5049 1973 5105 abest
2002 5051 2106 5104 mi-

539 5129 748 5185 nimum
798 5132 928 5202 quin
960 5132 1184 5202 jamjam
1237 5137 1450 5190 veniam
1487 5138 1781 5192 adventans
1807 5180 1822 5205 ,
1863 5140 2107 5210 nihilque

536 5232 844 5288 cunctetur,
882 5241 1137 5294 supremo
1168 5228 1484 5282 imminente
1523 5228 1609 5282 die
1631 5243 1740 5296 quo
1784 5230 1835 5283 in
1865 5231 2102 5287 tenebris

543 5325 852 5385 perpetrata
884 5319 1161 5387 pateﬁant,
1195 5319 1473 5390 animique
1505 5321 1734 5375 consilia
1765 5329 2099 5392 retegantur,

609 5512 655 5549 “
691 5511 865 5568 Galat.
905 5529 978 5580 ιι,
1021 5513 1111 5568 20.
1209 5516 1252 5545 ’³
1291 5514 1332 5568 ll
1367 5515 1506 5570 Cor.
1555 5532 1650 5580 ιιι,
1704 5517 1791 5572 18.

1869 5518 1913 5549 ⁸⁵
1947 5517 2109 5574 Rom.
2151 5537 2262 5583 χιιι,
2300 5520 2390 5575 25.

2211 4701 2354 4744 recte
2384 4689 2529 4742 facta
2559 4698 2800 4743 manant.
2837 4688 3020 4759 Itaque
3044 4730 3058 4756 ,
3092 4694 3374 4756 cohortor,
3401 4691 3545 4760 quod
3576 4693 3774 4762 cuique

2213 4780 2404 4849 obtigit
2447 4794 2643 4832 munus
2682 4779 2748 4833 ad
2778 4779 3047 4840 publicam
3089 4778 3298 4850 frugem
3330 4791 3569 4851 urgetote
3594 4822 3610 4846 ,
3655 4786 3773 4835 ani-

2214 4873 2397 4941 mique
2429 4871 2764 4925 domicilium
2799 4871 2909 4926 Deo
2938 4880 3342 4937 construuntur,
3376 4875 3767 4943 nam’Apostoli

2205 4963 2318 5017 hac
2385 4964 2650 5017 sententia
2709 4973 2835 5026 est,
2905 4962 2964 5016 Si
3016 4965 3132 5033 quis
3181 4966 3568 5034 superanti/Scal
3619 4983 3770 5035 super

2203 5053 2601 5120 fundamentum
2647 5054 2742 5106 hoc
2792 5071 3001 5118 aurum,
3054 5067 3358 5125 argentum,
3409 5058 3611 5126 lapides
3651 5076 3767 5125 pre-

2204 5147 2360 5197 tiosos
2381 5183 2395 5206 ,
2431 5144 2596 5211 ligna,
2629 5146 2805 5214 fenum
2828 5184 2842 5207 ,
2874 5146 3123 5213 stipulam
3149 5185 3164 5209 ,
3208 5149 3616 5219 uniuscujusque
3644 5164 3766 5216 opus

2205 5234 2543 5303 manifestum
2574 5237 2673 5289 erit
2700 5253 2713 5301 ;
2740 5238 2849 5290 dies
2873 5239 3005 5290 enim
3029 5238 3338 5302 declarabit,
3375 5239 3392 5304 (
3415 5242 3539 5307 quia
3577 5243 3632 5294 in
3655 5243 3768 5311 igne

2206 5323 2505 5394 revelatur)
2564 5336 2612 5379 et
2667 5327 3075 5396 uniuscujusque
3135 5343 3260 5395 opus
3322 5329 3475 5400 quale
3511 5333 3577 5385 sit
3635 5331 3767 5402 ignis

2466 5523 2508 5553 δ’
2546 5520 2704 5578 Rom.
2743 5538 2799 5588 η,
2832 5524 2882 5579 8.
2963 5527 3006 5558 ⁸⁸
3045 5525 3063 5579 l
3100 5525 3225 5582 Cor.
3252 5542 3334 5594 Ill,
3366 5527 3418 5583 6.

612 5675 726 5744 (25)
767 5675 890 5732 Hac
929 5678 983 5734 in
1037 5690 1223 5736 nostro
1273 5680 1411 5736 lardo
1472 5688 1714 5737 mutilata
1771 5695 1943 5750 erant,
1978 5700 2095 5752 qum
2131 5687 2182 5739 in
2229 5684 2346 5740 Vat.
2380 5687 2585 5758 integra
2632 5685 2843 5743 offendi.
