4000 6306
121 485 350 556 probabit
377 482 448 538 ⁸⁷.
481 481 862 537 Observemus
883 477 1009 547 quid
1036 476 1202 539 dicat,
1235 474 1693 545 quemadmodum

121 595 242 634 auro
272 619 287 642 ,
325 584 600 646 argento,
655 572 922 640 lapidibus
971 570 1222 640 pretiosis
1262 569 1514 622 virtutem
1544 582 1697 620 com-

124 677 265 738 paret
296 668 501 721 vitium
527 703 545 727 ,
577 662 742 731 lignis
763 702 778 726 ,
824 660 948 718 fcno
969 698 986 723 ,
1019 660 1216 728 stipula
1240 696 1257 722 ,
1290 657 1488 726 quibus
1512 657 1698 756 judice

123 761 218 830 igni
239 755 628 827 explorandis,
654 763 838 808 tenera
860 749 1291 820 conliagrabunt,
1312 747 1696 816 superstitibus

119 855 278 905 duris.
310 850 395 901 Ac
414 844 814 900 terribiliorem
844 855 1170 910 comparans
1187 852 1515 900 sermonem,
1548 835 1696 888 addit

119 943 166 996 in
195 945 307 995 haec
343 939 520 990 verba
558 950 572 988 :
611 933 843 988 Nescitis
886 933 1010 1001 quia
1049 930 1301 997 templum
1347 928 1440 981 Dei
1465 927 1612 990 estis,
1645 934 1695 978 et

119 1037 337 1104 Spiritus
388 1030 495 1083 Dei
521 1028 729 1080 habitat
771 1027 823 1078 in
862 1022 1022 1078 vobis.
1057 1021 1252 1092 Siquis
1299 1019 1550 1088 templum
1598 1017 1695 1070 Dei

118 1127 410 1188 violaverit,
433 1118 706 1191 disperdet
739 1119 890 1170 illum
925 1116 1062 1169 Deus
1097 1131 1114 1168 :
1152 1115 1398 1182 templum
1428 1113 1566 1165 enim
1600 1110 1694 1165 Dei

121 1226 350 1270 sanctum
377 1223 461 1268 est
489 1253 504 1277 ,
538 1213 631 1282 qui
670 1211 796 1265 estis
827 1225 914 1262 vos
940 1207 1006 1260 ⁸³.
1059 1205 1164 1259 Hui
1197 1205 1516 1259 benclicium
1539 1244 1554 1268 ,
1602 1202 1694 1256 Dei

123 1325 211 1364 nos
241 1310 512 1378 templum
554 1303 826 1359 nominari
854 1303 866 1353 l
917 1299 1009 1353 hui
1046 1297 1223 1351 minas
1249 1336 1262 1359 ,
1302 1296 1395 1365 qui
1427 1293 1523 1349 Dei
1555 1303 1694 1349 tem-

123 1402 256 1468 plum
325 1409 784 1465 corrumpamus,
847 1399 1164 1459 corruptum
1232 1388 1298 1442 iri
1375 1386 1690 1440 divinitus:

123 1493 474 1560 quamobrem
498 1503 569 1542 ne
597 1485 692 1538 Dei
732 1483 988 1551 templum
1014 1493 1445 1548 corrumpamus,
1472 1476 1691 1540 fratres,

127 1598 216 1635 neu
273 1581 550 1650 Spiritum
602 1576 864 1630 habentes
895 1571 1258 1626 domesticum
1292 1567 1557 1623 scelerum
1597 1567 1694 1619 do-

125 1671 380 1723 micilium
410 1668 639 1729 llanius,
673 1679 774 1716 neu
798 1677 828 1716 a
852 1661 1001 1715 vitiis
1022 1659 1218 1714 asserti
1241 1659 1436 1713 iterum
1472 1655 1690 1710 diabolo

127 1764 430 1816 servitutem
477 1759 795 1813 serviamus
817 1796 832 1821 ,
868 1755 1000 1824 quin
1027 1763 1221 1808 stemus
1247 1752 1439 1806 sinceri
1459 1789 1475 1815 ,
1502 1759 1552 1805 et
1580 1751 1692 1806 sine

125 1852 346 1919 offensa,
402 1849 594 1919 repleti
625 1845 883 1915 fructibus
908 1845 1136 1914 justitiar
1162 1859 1253 1912 per
1292 1842 1473 1895 Iesum
1509 1840 1692 1896 Chris-

129 1952 226 1994 tum
262 1947 316 1996 in
367 1941 608 2012 gloriam
653 1946 703 1991 et
747 1935 957 1989 laudem
998 1934 1093 1987 Dei
1115 1935 1195 1998 “,
1234 1932 1692 2002 quemadmodum

129 2033 375 2100 scriptum
414 2041 523 2087 est.
563 2028 732 2098 igitur
762 2026 831 2081 sit
855 2025 1071 2079 animus
1097 2033 1282 2078 noster
1303 2023 1430 2091 vigil
1460 2037 1694 2090 semper,

129 2138 184 2176 ac
210 2131 505 2177 contentus
531 2160 545 2184 ,
572 2117 667 2188 qui
701 2117 895 2171 timore
927 2116 1133 2179 divino,
1164 2125 1219 2168 et
1245 2114 1464 2168 assidua
1501 2114 1693 2167 mortis

129 2213 520 2268 deformatione
550 2212 848 2270 imbuatur,
875 2207 966 2262 ubi
1005 2207 1051 2260 is
1079 2207 1223 2260 enim
1257 2207 1487 2259 oheatur
1517 2205 1692 2266 labor,

131 2303 382 2357 subeundi
409 2303 598 2355 locum
626 2305 907 2368 peccatum
932 2295 1129 2348 habeat
1157 2294 1387 2348 nullum.
1409 2293 1504 2345 Sin
1547 2307 1696 2346 rescs

132 2395 442 2463 stupidaque
481 2405 642 2445 mens
673 2390 780 2455 sit;
810 2397 922 2443 tum
962 2401 1091 2441 vero
1121 2385 1467 2440 subolescere
1506 2384 1695 2448 libido,

133 2501 241 2553 quae
264 2501 364 2540 nos
391 2485 587 2539 incitet
621 2496 686 2535 ac
725 2481 1049 2541 conturbet,
1080 2477 1414 2547 minimeque
1439 2476 1697 2540 dimittat,

135 2580 249 2633 dum
282 2582 333 2634 in
365 2582 614 2649 priorem
639 2585 838 2630 statum
873 2572 1214 2644 poetlimiuio
1240 2581 1594 2626 revertamur.
1631 2568 1701 2625 Ut

136 2671 463 2726 inducendus
512 2671 587 2723 sit
621 2667 840 2720 animus
878 2666 971 2734 qui
996 2679 1093 2734 pro
1122 2663 1319 2718 virtute
1349 2663 1658 2717 laboremus
1684 2701 1698 2724 ,

138 2777 234 2828 quo
268 2763 432 2814 vitam
460 2761 719 2812 ineamus
751 2755 960 2810 felicem
993 2754 1229 2807 nitamur
1257 2767 1354 2822 pro
1386 2753 1549 2816 bono,
1591 2765 1701 2821 quo

138 2854 344 2922 perenni
378 2850 634 2921 requiete
669 2848 967 2918 potiemur;
1001 2847 1298 2916 ploremus,
1328 2861 1437 2914 quo
1469 2845 1702 2913 gaudere

141 2941 187 2992 in
216 2938 438 2993 Domino
476 2951 770 3007 queamus;
803 2942 977 2996 arcto,
1007 2943 1059 2987 et
1106 2932 1304 2987 afﬂicto
1328 2931 1519 2985 itinere
1545 2946 1702 3001 gras-

1299 367 1710 428 SEBMONES
1745 366 2240 429 CATECHETICI

1802 473 2211 542 deinergeretur
2267 487 2481 541 rogare,
2533 473 2677 543 quod
2728 481 2782 528 et
2829 490 3023 544 passus
3073 478 3368 548 aliquando

1798 575 1898 630 est,
1925 565 2250 627 dormitans,
2282 566 2408 633 quid
2448 581 2545 619 nos
2592 568 2748 621 nauci
2790 568 3055 637 dicamus,
3085 583 3370 642 quantum-

1799 669 1904 722 que
1924 658 2178 709 convenit
2201 658 2410 719 timere,
2444 665 2497 710 et
2522 673 2590 712 ne
2620 659 2760 714 idem
2790 664 3086 720 subeamus
3116 667 3372 734 precari?

1800 743 1940 814 Ergo
1975 747 2191 800 animus
2223 757 2405 802 noster
2449 751 2606 818 quasi
2653 748 2872 820 quidam
2923 756 3252 824 gubernator
3289 770 3372 813 est

1797 837 1888 904 qui
1923 836 2012 889 ubi
2053 837 2233 906 vigilet
2306 839 2575 903 intentus,
2607 842 2863 897 vitiorum
2901 858 3084 900 arceat
3108 849 3370 916 procellas

1800 925 2082 981 minimum
2110 929 2362 995 cogitatis
2394 946 2517 1000 quae
2557 931 2813 1001 ingruant
2845 952 3120 1004 aspersus,
3145 940 3365 994 defetis-

1798 1018 2232 1083 caturhaareses,
2269 1019 2529 1088 ﬂagitium
2561 1022 2915 1090 intromittat,
2944 1042 3041 1081 ceu
3074 1031 3366 1097 mandans,

1796 1105 2065 1175 quoddam
2092 1106 2314 1174 flumen,
2347 1111 2672 1180 sentinaque
2703 1123 2976 1182 gravatus,
3017 1117 3206 1186 ingens
3231 1132 3368 1175 nau-

1797 1195 2028 1266 fragium
2062 1197 2230 1253 faciat
2253 1201 2484 1268 peccati,
2518 1203 2662 1271 quod
2690 1220 2812 1258 cum
2860 1206 3014 1261 triste
3042 1219 3127 1263 est
3148 1211 3365 1278 auditu,

1797 1296 1908 1342 tum
1938 1289 2146 1344 tristius
2199 1293 2468 1361 cogitatu.
2507 1293 2646 1350 Tum
2694 1298 2924 1353 sollicita
2982 1316 3043 1354 ac
3067 1304 3370 1370 periculosa

1795 1381 1918 1434 vitae
1941 1382 2215 1452 navigatio
2244 1393 2446 1439 nostra:
2466 1393 2550 1440 est
2579 1403 2592 1452 ;
2624 1397 2682 1442 ut
2710 1389 2914 1444 intente
2974 1392 3367 1465 vigilanterque

1795 1469 2136 1524 retinendum
2159 1474 2229 1527 sit
2250 1475 2702 1543 gubernaculum,
2723 1489 2775 1533 et
2800 1482 3011 1536 eminus
3033 1486 3365 1556 proﬂiganda

1795 1560 1922 1613 vitia
1953 1575 2018 1614 ac
2050 1562 2342 1618 confestim
2384 1565 2647 1622 irruentes
2697 1570 2850 1624 foedae
2897 1574 3256 1642 cogitationes
3280 1594 3370 1633 ar-

1797 1645 2002 1707 cendae.
2031 1663 2096 1701 ne
2133 1648 2219 1704 his
2275 1652 2547 1708 immorati
2586 1657 2985 1729 demergamur.
3042 1664 3226 1735 Neque
3255 1669 3370 1724 hate

1799 1749 1929 1790 vero
1952 1736 2016 1790 ad
2033 1736 2279 1806 juniores
2303 1749 2512 1798 tantum
2541 1746 2777 1815 pertinet
2799 1752 2977 1805 oratio
3015 1753 3145 1821 quin
3188 1757 3257 1812 ad
3287 1775 3364 1814 sc-

1794 1829 1974 1882 niores
2007 1843 2248 1900 quoque,
2279 1833 2409 1886 etin
2443 1837 2854 1895 exercitatione
2877 1853 3180 1910 provectos,
3225 1859 3376 1914 post-

1795 1933 1959 1986 quam
1994 1935 2064 1976 ne
2099 1920 2201 1975 hos
2223 1923 2444 1992 quidem
2498 1926 2736 1984 intentos
2771 1930 3027 1988 diabolus
3062 1935 3285 2001 omittit,
3312 1939 3376 1990 de

1795 2009 1995 2076 quibus
2027 2019 2207 2066 exstat
2241 2013 2356 2067 haec
2385 2015 2586 2070 alicubi
2631 2019 2810 2088 magni
2895 2035 2960 2075 ac
2997 2021 3165 2078 divini
3185 2022 3373 2080 Basilii

1797 2102 2068 2155 sententia
2131 2102 2245 2175 (26)
2285 2105 2729 2162 :Tristissimum
2788 2115 3182 2180 spectaculum,
3253 2127 3376 2184 post

1798 2193 2097 2261 pervigilia,
2133 2205 2256 2264 post
2292 2197 2637 2265 amictioues,
2673 2211 2799 2268 post
2843 2213 3130 2259 contentas
3162 2222 3373 2275 preces,

1797 2292 1920 2353 post
1950 2285 2144 2340 uberes
2173 2286 2462 2357 lacrymas,
2492 2301 2610 2360 post
2641 2293 2829 2366 viginti
2859 2307 2957 2350 aut
3009 2297 3226 2364 triginta
3260 2298 3374 2354 fors

1799 2390 2066 2431 annorum
2130 2381 2552 2448 continentiam,
2590 2385 2660 2439 ob
2703 2387 2870 2440 animi
2915 2388 3166 2457 supinam
3204 2391 3376 2458 negli-

1799 2467 2032 2535 gentiam
2067 2473 2283 2526 cunctis
2314 2473 2629 2543 exspoliari.
2673 2473 2938 2546 Equidem
2967 2477 3019 2532 id
3043 2479 3230 2534 infelix
3259 2490 3374 2535 tum

1799 2561 1904 2613 vidi
1945 2572 2058 2616 tum
2083 2563 2292 2630 audivi,
2325 2576 2381 2620 et
2415 2567 2793 2640 illacrymatus
2856 2571 3196 2643 illacrymor,
3226 2577 3375 2645 c0gi-

1803 2661 1922 2707 tans
1949 2655 2407 2722 quemadmodum
2443 2666 2523 2714 tot
2543 2676 2673 2732 Opes
2701 2663 2987 2727 virtutum,
3011 2681 3075 2721 ac
3101 2675 3181 2722 tot
3214 2669 3377 2723 annis

1801 2753 2093 2810 congestae,
2128 2761 2234 2803 uno
2277 2751 2536 2819 temporis
2593 2764 2872 2810 momento
2918 2757 3117 2811 diaboli
3167 2759 3378 2829 periere

1804 2834 2016 2901 fraude,
2057 2839 2204 2892 nudo
2254 2849 2308 2894 et
2336 2841 2515 2896 inutili
2545 2845 2739 2900 relicto
2766 2848 2923 2917 quasi
2954 2850 3195 2918 quodam
3224 2866 3377 2906 exer-

1802 2925 1973 2982 citore
2009 2929 2248 2998 pielatis,
2305 2940 2413 2986 tam
2447 2933 2638 3004 ingens
2673 2948 2758 2991 est
2808 2940 2998 2994 salutis
3037 2950 3237 2996 nostra:
3258 2957 3377 3013 my-

142 3045 345 3099 semur,
391 3044 506 3100 quo
554 3029 684 3081 hinc
715 3035 1022 3079 manantem
1055 3025 1289 3079 alienam
1319 3023 1506 3077 dolore
1539 3022 1698 3075 vitam
1729 3019 1771 3077 C
1804 3017 2053 3084 Sterium,
2084 3029 2344 3093 tantaque
2377 3025 2578 3080 diaboli
2608 3029 2888 3096 atrocitas,
2935 3031 2986 3084 in
3024 3034 3248 3099 caelum,
3278 3049 3378 3088 nos

143 3138 549 3194 consequamur.
566 3120 858 3175 Enimvero
875 3119 919 3173 is
937 3118 1419 3188 praestantissimus
1440 3124 1702 3184 quaestus,

143 3226 197 3266 ra
228 3231 436 3268 summa
469 3224 556 3269 est
595 3210 830 3265 felicitas
855 3250 870 3275 ,
917 3209 1129 3279 exiguis
1180 3223 1277 3277 pro
1308 3208 1506 3261 virtute
1530 3215 1702 3261 certe—

147 3305 390 3372 minibus,
422 3320 488 3359 ac
507 3301 790 3356 laboribus
816 3300 1103 3360 immensa,
1125 3308 1178 3350 et
1207 3296 1537 3349 immortalia
1565 3296 1704 3349 bona

148 3409 322 3460 parare
344 3410 467 3465 quae
497 3390 722 3460 assequi
745 3404 934 3443 omnes
968 3389 1251 3457 contingat
1282 3386 1498 3440 Domini
1526 3385 1701 3440 nostri

145 3484 258 3538 Jesu
288 3485 487 3538 Christi
523 3480 853 3536 liberalitate
878 3487 1040 3546 atque
1071 3476 1357 3532 beneficio.
1389 3477 1488 3531 Cui
1533 3477 1704 3546 gloria

146 3585 192 3628 et
219 3575 497 3644 imperium
524 3587 653 3625 cum
674 3569 854 3633 Patre,
887 3584 952 3623 ac
979 3579 1169 3622 sancto
1221 3568 1447 3636 Spiritu,
1476 3584 1620 3623 nunc
1652 3575 1706 3621 et

151 3679 348 3736 semper
386 3665 442 3720 iu
468 3676 806 3731 omnemque
837 3659 1273 3732 perpetuitatem.
1308 3659 1501 3715 Amen.

736 3854 965 3912 SERMO
995 3856 1127 3924 CVI,

259 3947 332 4002 De
362 3949 481 4004 vita
512 3949 844 4018 navigatione
872 3962 1065 4004 nostra:
1091 3951 1332 4015 sollicite,
1357 3953 1572 4023 uigilen-

712 4032 886 4088 terque
912 4023 1155 4090 regenda.

217 4106 428 4166 Fratres
507 4109 834 4180 Patresque,
880 4112 1051 4166 instar
1099 4114 1265 4168 maris
1318 4113 1554 4172 humana
1600 4117 1708 4172 vita

158 4209 246 4265 est,
281 4201 331 4254 in
366 4218 472 4271 qua
527 4201 736 4265 cuncti,
782 4218 881 4258 ceu
936 4205 1234 4274 navigium,
1266 4221 1465 4276 corpus
1501 4211 1603 4264 hoc
1633 4212 1712 4264 in-

160 4293 334 4358 gressi,
372 4291 703 4366 imaginario
724 4293 1027 4363 lrajicimus
1053 4311 1068 4360 ;
1106 4311 1205 4350 nec
1225 4298 1443 4353 deﬁnito
1469 4317 1704 4370 quonam

158 4391 378 4452 tempore
403 4394 462 4440 ut
503 4387 600 4456 qui
647 4383 750 4440 sub
780 4400 1004 4441 sensum
1037 4385 1343 4455 subjectum
1371 4406 1556 4459 aequor
1587 4408 1709 4462 per-

158 4488 337 4542 meent,
372 4493 520 4533 nunc
559 4476 903 4546 navigantes,
939 4493 1088 4533 nunc
1126 4480 1180 4533 in
1215 4487 1428 4550 portum
1467 4485 1702 4553 appulsi,

158 4567 271 4632 quin
305 4571 522 4625 assidue
551 4569 899 4638 navigamus,
924 4570 1059 4634 dies,
1087 4580 1401 4643 noctesque,
1430 4591 1530 4631 nec
1563 4579 1698 4632 citra

159 4657 356 4725 lluctus,
388 4677 450 4716 ac
493 4669 900 4731 tempestatem,
944 4671 1004 4717 ut
1030 4661 1168 4717 nihil
1205 4666 1383 4720 dicam
1417 4677 1574 4722 atrox
1600 4684 1701 4738 pe~

159 4746 292 4816 lagus
324 4752 625 4821 objectum,
658 4766 835 4820 neque
861 4762 1016 4807 atrox
1045 4755 1246 4818 solum,
1279 4755 1371 4809 sed
1427 4757 1702 4826 impendio

158 4851 366 4910 vastum,
387 4848 621 4915 vitaeque
648 4844 920 4899 curriculo
943 4855 1143 4902 nostrae
1171 4849 1521 4918 descriptum.
1547 4851 1703 4916 Quod

158 4930 248 4985 dici
272 4951 371 4989 non
411 4945 590 5006 potest
625 4936 848 5004 quantis
879 4938 1134 5006 procellis
1170 4953 1281 5008 pra:
1303 4941 1556 5008 malignis
1589 4945 1701 5011 spi-

160 5021 331 5079 ritibus
375 5026 740 5088 inhorrescat,
773 5036 973 5095 quotve
1016 5028 1599 5086 incurrantdaunones
1629 5033 1705 5101 pi-

163 5125 290 5181 ratae,
324 5118 552 5186 quinos
606 5118 945 5188 demergant.
1001 5119 1056 5173 Id
1100 5119 1234 5175 adeo
1283 5136 1389 5175 non
1443 5123 1703 5191 ignorans

161 5217 353 5263 sanctus
404 5209 570 5264 David
624 5210 1008 5280 precabundus
1047 5212 1265 5268 dicere:
1301 5210 1491 5267 Libera
1532 5230 1609 5268 me
1636 5213 1701 5267 ab

161 5293 227 5348 Itis
253 5301 333 5366 qui
356 5302 575 5354 oderunt
620 5315 721 5364 me,
748 5307 796 5353 et
829 5301 893 5354 de
936 5301 1214 5368 profundis
1250 5319 1534 5373 aquarum.
1575 5303 1701 5357 Non

161 5403 228 5441 me
254 5392 506 5463 demergat
539 5401 821 5460 tempestas
874 5400 1045 5460 aqu’w,
1103 5409 1263 5461 neque
1307 5393 1584 5452 absorbeat
1624 5413 1702 5450 me

161 5482 471 5548 profundum,
503 5497 670 5554 neque
694 5493 876 5552 urgeat
910 5499 1066 5552 super
1101 5500 1180 5538 me
1207 5496 1391 5552 puteus
1439 5504 1495 5540 os
1524 5505 1700 5544 suum.

163 5569 294 5632 Quod
327 5574 372 5627 si
403 5573 590 5640 David,
630 5573 778 5636 talis,
818 5581 1106 5643 lautusque
1128 5574 1505 5641 extimescere,
1536 5593 1600 5634 ac
1633 5594 1702 5635 ne

233 5669 314 5723 "l
346 5673 466 5727 Cor.
500 5689 580 5737 Ill,
627 5671 716 5725 15.
792 5669 840 5701 ⁸⁸
867 5668 996 5724 ibid.
1030 5666 1117 5721 l7.
1197 5665 1242 5698 "
1283 5665 1511 5737 Philipp.
1548 5683 1586 5734 ι,
1622 5669 1707 5722 ll.

237 5763 339 5833 (26)
375 5765 433 5822 D.
463 5766 631 5823 Basil.
661 5765 810 5820 Orat.
839 5765 930 5826 El;
955 5760 1052 5832 τὴν
1074 5761 1246 5832 ἀρχὴν
1269 5759 1376 5814 τῶν
1402 5761 1740 5834 Παροιμιῶν.

1808 3110 1949 3165 unde
1970 3113 2197 3180 excidit,
2250 3117 2533 3173 tendentes
2563 3123 2883 3190 conspicati.
2942 3123 3121 3194 Atque
3161 3127 3206 3181 is
3231 3127 3378 3196 ejus-

1807 3201 1951 3256 modi
1978 3217 2109 3258 sane
2141 3216 2247 3269 est,
2287 3217 2544 3278 tantaque
2569 3212 2852 3267 nobiscum
2881 3216 3098 3269 vesania
3116 3217 3376 3288 confligit:

1808 3301 2064 3348 caeterum
2097 3310 2218 3361 nos,
2253 3295 2472 3364 fratres,
2503 3315 2608 3369 qua
2634 3303 2809 3370 parvi,
2839 3318 2947 3372 qua
3000 3306 3203 3375 magni,
3268 3322 3378 3376 qua

1800 3381 2050 3452 juvenes,
2088 3402 2194 3456 qua
2223 3402 2402 3454 senes,
2439 3391 2722 3446 unanimes
2763 3394 3026 3459 universi,
3066 3395 3173 3453 Deo
3207 3397 3373 3463 duce,

1805 3475 2002 3529 studiis
2035 3477 2244 3543 multis,
2269 3493 2332 3532 ac
2362 3480 2640 3538 laboribus
2671 3486 2894 3553 quaesita
2937 3499 3249 3558 satagamus
3292 3506 3380 3543 ne-

1805 3582 2080 3636 quaquam
2125 3584 2218 3638 per
2253 3572 2635 3643 negligentiam
2665 3577 2910 3644 perdere,
2977 3581 3166 3634 mundi
3205 3597 3379 3636 secesp

1804 3660 2036 3726 sionem,
2055 3663 2442 3730 obedientiam,
2472 3669 2908 3736 temperantiam,
2941 3672 3227 3742 lacrymas,
3254 3690 3379 3729 con-

1804 3746 2128 3816 fessionem,
2164 3760 2272 3805 tam
2303 3769 2570 3822 nuperam
2643 3772 2808 3826 quam
2841 3772 3162 3829 praesentem
3191 3781 3206 3828 ;
3241 3767 3375 3834 quin

1803 3835 1997 3907 vigiles
2030 3843 2388 3909 excubemus,
2423 3860 2656 3916 pansum
2698 3849 2811 3918 spei
2862 3852 3042 3906 velum
3092 3854 3373 3921 habentes,

1803 3934 1897 4002 qui
1934 3931 2172 4002 Spiritus
2207 3949 2459 4005 regamur
2508 3940 2680 4000 auris.
2711 3941 2840 3995 dum
2888 3943 2991 3998 sub
3017 3945 3222 4000 exitum
3254 3948 3378 4002 vita:

1805 4027 1873 4080 ad
1909 4026 2335 4082 immortalitatis
2358 4039 2575 4096 portum
2603 4033 2960 4101 appellamus,
3005 4036 3223 4092 virtutis
3247 4047 3376 4091 tan-

1803 4132 1968 4186 quam
2003 4115 2383 4174 mercimoniis
2413 4120 2634 4176 caaleste
2665 4139 2892 4193 regnum
2922 4124 3080 4179 laturi
3099 4142 3194 4196 per
3226 4127 3396 4183 (Ἀπί-ι

1803 4207 2167 4266 stumlesum
2201 4210 2485 4268 Dominum
2530 4225 2804 4272 nostrum.
2853 4218 2953 4273 Cui
2987 4220 3160 4290 gloria
3195 4231 3250 4275 et
3275 4222 3376 4275 im-

1803 4303 2010 4372 perium
2033 4317 2158 4357 cum
2188 4300 2366 4367 Patre,
2398 4320 2462 4359 ac
2489 4315 2676 4361 sancto
2699 4308 2906 4378 Spiritu
2949 4327 3098 4366 nunc
3149 4323 3203 4368 et
3232 4329 3376 4368 seni-

1807 4409 1922 4462 per,
1951 4395 2003 4448 in
2029 4407 2358 4466 omnemque
2393 4400 2833 4468 perpetuitatem.
2867 4405 3065 4460 Amen.

2371 4506 2604 4565 SERMO
2654 4511 2810 4568 CVII.

1844 4593 1920 4648 De
1965 4598 2149 4650 mortis
2188 4601 2567 4683 recordatione,
2621 4619 2720 4657 neu
2763 4608 2947 4675 supine
2979 4625 3131 4663 sacra
3177 4611 3346 4680 ρει-εἰσ

2482 4689 2712 4741 ptumus.

1883 4753 2100 4811 Fratres
2161 4755 2462 4828 Patresque
2496 4801 2512 4826 ,
2574 4763 2691 4818 heri
2748 4776 2807 4821 ut
2858 4768 3135 4836 apparitor
3193 4771 3376 4838 regius

1803 4847 2061 4911 advenit,
2110 4847 2256 4903 illico
2314 4855 2673 4922 expavimus,
2725 4858 3094 4927 inexspectato
3144 4863 3375 4916 adventu

1803 4937 2179 5005 consternati,
2230 4939 2614 5015 intellectoque
2648 4946 2791 5003 haud
2831 4957 3052 5019 propter
3085 4966 3185 5005 nos
3211 4955 3376 5005 adve-

1804 5027 1972 5093 nisse,
1999 5031 2270 5099 extemplo
2330 5033 2602 5098 solvimus
2652 5037 2925 5093 timorem.
2974 5039 3167 5106 Quaaro
3212 5042 3377 5111 igitur

1803 5133 1908 5186 qua
1939 5118 2007 5175 de
2049 5135 2215 5176 causa
2269 5121 2644 5189 timuerimus,
2695 5129 2904 5183 scilicet
2939 5125 3032 5199 q'ui
3063 5130 3372 5200 imperatori

1805 5213 1874 5265 ob
1937 5224 2258 5282 praesentem
2313 5220 2719 5277 confessionem
2765 5239 2956 5294 parum
3013 5227 3173 5295 grati,
3239 5230 3373 5295 quin

1811 5302 1983 5366 exosi,
2033 5319 2099 5359 ac
2151 5305 2498 5363 detestabiles
2568 5325 2815 5366 essemus
2843 5329 2858 5374 ;
2886 5327 3007 5366 nam
3053 5313 3099 5367 si
3130 5316 3374 5380 germani

1821 5390 2119 5449 fuissemus
2172 5396 2358 5462 amici,
2415 5399 2675 5456 nimirum
2737 5418 3084 5468 ovassemus,
3143 5405 3377 5462 scientes

1811 5487 1935 5542 boni
1965 5492 2288 5562 cujusquam
2314 5496 2487 5562 gratia
2525 5498 2882 5570 proculdubio
2922 5500 3157 5555 venisse.
3201 5499 3380 5566 Quor-

1813 5597 1934 5637 sum
1966 5585 2070 5640 hoc
2119 5595 2298 5641 autem
2357 5588 2486 5642 mibi
2545 5591 3209 5663 prommium?enimvero
3263 5597 3382 5648 ani-
