4000 6306
559 377 661 442 647

1776 369 1841 428 S.
1868 362 2268 427 THEODORI
2325 361 2673 423 STUDITIE

3733 365 3846 429 648

561 501 686 540 mus
737 497 960 553 quoque
1016 483 1111 550 qui
1178 480 1439 550 praeclara
1501 479 1607 532 vita
1640 475 1935 546 benignum
1970 475 2142 530 Deum
2172 478 2221 534 Α
2247 471 2318 525 do
2357 471 2639 542 ringatur;
2683 486 2830 526 nunc
2862 472 3088 526 obmoto
3136 485 3245 526 non
3291 476 3595 536 communi,
3633 479 3732 531 sed
3761 481 3848 532 vi-

561 575 857 646 paraverit,
889 573 994 630 sub
1018 573 1225 628 exitum
1268 588 1298 628 e
1340 585 1567 642 corpore
1599 570 1829 624 missum
1859 583 1888 622 a
1915 576 2144 622 cuncto-

564 685 686 724 rum
713 685 840 738 rege
870 668 937 723 ad
988 682 1048 724 se
1083 666 1372 722 satellitem
1408 666 1625 728 lubens,
1658 672 1710 717 ct
1746 661 2146 730 imperterritus

563 762 854 832 spectabit,
889 761 1152 829 lzetusque
1189 773 1248 812 se
1280 760 1526 812 conferet
1569 755 1636 810 ad
1668 755 1901 819 herum;
1940 753 2025 807 sin
2061 767 2148 807 se-

563 864 662 903 cus
711 850 1103 920 deprendatur,
1168 849 1369 906 turbet.
1428 861 1493 901 ac
1553 844 1898 914 praetrepidet
1923 858 2148 899 necesse

563 949 670 1006 est,
707 957 808 995 nec
837 942 1034 995 tiducia
1070 941 1353 1010 praeditus,
1389 953 1490 993 nec
1511 937 1813 1007 opitulante
1841 951 2143 1006 quoquam.

563 1025 664 1084 Hic
689 1029 910 1099 quidem
952 1045 1086 1085 sane
1124 1039 1178 1084 et
1217 1031 1454 1093 amicus,
1485 1038 1540 1082 et
1587 1027 1754 1081 frater
1788 1027 2053 1087 solemur,
2083 1039 2147 1080 ac

563 1131 829 1181 terrorem
868 1126 1163 1195 depellant.
1212 1140 1448 1194 quorum
1481 1131 1563 1178 est
1595 1122 1731 1176 inibi
1758 1122 1988 1192 pecunia
2015 1135 2147 1175 cun-

563 1227 802 1281 ctorum,
845 1217 1039 1287 angelo
1072 1218 1355 1279 atrociter.
1390 1226 1444 1271 et
1475 1215 1675 1270 acerbe
1730 1215 1991 1269 miserum
2027 1213 2148 1268 ani-

561 1322 712 1362 mum
751 1318 1020 1377 raptante.
1075 1307 1151 1362 Ac
1184 1307 1299 1362 fors
1347 1307 1700 1361 timuerimus
1739 1305 1793 1359 in
1828 1306 1912 1360 his
1942 1303 2142 1359 verbis.

563 1397 658 1453 Pol
685 1400 729 1453 si
763 1409 1030 1454 terrorem
1075 1399 1260 1453 attulit
1307 1397 1548 1460 auditus,
1599 1396 1796 1465 ecquid
1825 1397 1878 1449 in
1916 1411 1972 1448 re
2004 1410 2146 1465 prae-

562 1488 700 1543 senti
751 1490 1024 1559 patiamur
1056 1507 1070 1555 ;
1104 1489 1197 1559 qui
1249 1489 1315 1543 ad
1355 1488 1561 1543 Christi
1596 1487 1831 1542 tribunal
1863 1486 2077 1540 animus
2101 1485 2147 1540 is

561 1588 878 1648 compareat
907 1596 920 1644 ;
953 1595 1139 1634 coram
1162 1582 1382 1649 igneum
1425 1577 1626 1632 flumen
1661 1577 1914 1642 trahitur,
1950 1591 2146 1630 secun-

561 1669 694 1725 dum
726 1669 1002 1725 Danielem
1040 1679 1243 1735 vatem,
1267 1670 1577 1724 astantibus
1605 1669 1852 1723 centenis
1885 1667 2146 1732 millibus,

561 1778 631 1817 ae
687 1762 1127 1817 ministrantibus
1157 1761 1341 1816 decies
1395 1759 1630 1814 millenis
1679 1758 1920 1813 millibus
1949 1766 2147 1828 praasto

2247 561 2408 617 vifico
2439 577 2598 632 pane,
2618 576 2717 617 nec
2741 564 3042 626 communi,
3068 563 3160 617 sed
3185 562 3477 618 immortali
3505 570 3732 634 poculo,
3765 571 3848 623 in‘

2247 653 2508 708 differens
2525 653 2809 721 quiddam,
2836 669 2935 707 nec
2955 668 3187 723 prorsus
3219 657 3588 709 necessarium
3620 661 3848 712 remur?

2249 747 2469 800 scilicet
2507 761 2618 799 non
2649 761 2712 800 ea
2741 761 2955 800 summa
3005 746 3275 815 imperitia
3296 787 3310 811 ,
3340 758 3394 801 et
3430 749 3671 804 amentia
3707 759 3796 804 est
3824 753 3847 802 ?

2248 837 2360 892 Etsi
2389 838 2437 891 id
2464 837 2665 892 accidit
2695 852 2846 902 vero,
2889 839 3080 892 saltem
3109 839 3470 907 imposterum
3517 858 3842 908 caveamus,

2250 929 2395 983 haud
2455 930 2628 999 ignari
2686 945 2808 999 qua:
2857 930 2939 986 vis
2984 931 3252 993 muneris,
3307 945 3371 984 ac
3403 944 3675 1000 quantum
3717 947 3845 1004 pote

2248 1020 2484 1089 purgati,
2528 1035 2683 1074 sacra
2717 1021 3104 1090 percipiamus,
3135 1020 3267 1090 quin
3307 1023 3603 1078 manulicio
3631 1041 3845 1082 vacan-

2248 1117 2332 1164 tes
2364 1109 2455 1162 ubi
2488 1109 2708 1176 signum
2754 1110 2972 1174 edatur,
3006 1125 3171 1180 Opere
3201 1112 3392 1166 relicto
3440 1113 3648 1168 donum
3695 1117 3845 1172 asci-

2249 1198 2386 1253 scite
2437 1198 2703 1254 studiose.
2761 1198 2815 1252 Id
2867 1199 3006 1254 adeo
3051 1200 3243 1266 nobis,
3301 1209 3359 1256 ut
3414 1202 3680 1268 arbitror,
3738 1223 3842 1262 seu

2247 1292 2431 1359 potius
2483 1299 2542 1345 ut
2587 1305 2674 1345 res
2736 1290 2900 1346 habet
2957 1306 3157 1362 magno
3211 1296 3279 1347 sit
3339 1292 3684 1362 adiumento,
3744 1299 3840 1369 qui

2248 1381 2462 1436 fruendi
2499 1384 2896 1453 praeparatione
2949 1384 3092 1452 puri,
3143 1394 3196 1437 et
3249 1383 3497 1438 insontes
3533 1400 3832 1443 conserve-

2249 1489 2392 1538 mur,
2437 1489 2562 1527 nam
2609 1475 3052 1529 communicandi
3109 1476 3436 1546 negligentia
3497 1477 3592 1546 qui
3637 1493 3839 1547 possu-

2249 1582 2373 1620 mus
2425 1580 2532 1620 non
2583 1566 2729 1620 vitiis
2782 1567 2947 1634 capi?
3003 1566 3145 1633 Quin
3186 1576 3239 1622 et
3290 1567 3414 1620 vita:
3465 1567 3719 1624 futurum
3752 1585 3840 1628 est

2249 1657 2505 1711 viaticum
2537 1660 2812 1726 perennis,
2847 1673 3012 1727 quam
3043 1659 3274 1728 adipisci
3303 1673 3616 1714 mereamur
3645 1659 3838 1718 Domi-

2251 1750 2306 1805 ni
2338 1751 2511 1803 nostri
2563 1748 2695 1804 Iesu
2731 1751 2936 1805 Christi
2967 1752 3291 1806 liberalitate
3320 1759 3485 1820 atque
3541 1751 3836 1810 beneﬁcio.

573 1861 659 1908 est
708 1868 949 1917 severus,
986 1862 1040 1906 et
1079 1852 1204 1906 inde
1240 1850 1568 1905 fraudabilis
1607 1848 1799 1919 judex,
1839 1848 2147 1919 agiturque,
2183 1837 2222 1890 13
2255 1841 2358 1896 Cui
2393 1841 2569 1912 gloria
2597 1851 2653 1896 et
2683 1842 2972 1912 imperium
3016 1857 3141 1897 cum
3175 1841 3355 1910 Patre,
3399 1857 3463 1897 ac
3483 1851 3678 1899 sancto
3715 1845 3843 1915 Spi-

561 1944 628 2000 de
657 1945 973 2016 evangelica
1003 1945 1293 2007 sententia,
1324 1943 1409 1997 vel
1437 1942 1621 2013 segnis
1647 1955 1877 1995 examen
1911 1939 2145 2003 verbuli,

560 2054 682 2107 quae
705 2039 798 2109 qui
828 2048 940 2092 tum
973 2039 1190 2092 animus
1238 2035 1413 2090 feret?
1452 2034 1712 2104 Equidem
1753 2048 1879 2088 cum
1924 2033 2148 2096 horren_

561 2136 689 2190 dum
721 2143 809 2190 est
845 2134 898 2188 in
924 2135 1158 2189 viventis
1187 2134 1277 2188 Dei
1320 2148 1519 2187 manus
1552 2131 1812 2195 incidere,
1859 2139 1974 2185 tum
2020 2130 2150 2184 hor-

563 2228 778 2283 ribilius
819 2227 910 2282 ubi
955 2228 1323 2296 jttstissimam
1359 2225 1546 2279 audiat
1599 2224 1926 2279 sententiam
1995 2231 2153 2277 atter-

563 2319 651 2373 nis
684 2318 975 2388 suppliciis
1015 2319 1273 2372 traditus.
1324 2316 1717 2383 Quamobrem,
1776 2314 1993 2378 fratres,
2023 2315 2152 2368 hor-

563 2417 671 2473 tor,
712 2417 769 2463 et
810 2409 1076 2468 obtestor,
1129 2407 1554 2462 reconciliemur
1597 2414 1722 2459 ante
1766 2405 1974 2459 obitum
2025 2407 2152 2466 Deo,

565 2494 975 2565 benignumque
1032 2507 1313 2562 paremus,
1368 2501 1633 2546 venturos
1683 2490 1752 2545 ad
1803 2507 1904 2546 nos
1928 2492 2154 2562 angelos

566 2585 919 2656 acquiramus
955 2585 1184 2648 amicos,
1232 2582 1450 2654 vigilem
1491 2583 1660 2636 animi
1702 2583 1921 2637 oculum
1953 2583 2154 2637 hahea-

565 2690 692 2731 mus
717 2715 734 2740 ,
792 2683 1025 2728 mentem
1078 2673 1502 2744 inexpugnatam
1548 2682 1853 2736 teneamus,
1886 2674 1977 2746 qui
2012 2673 2155 2728 haud

565 2765 927 2831 declinemus,
990 2765 1056 2819 ab
1109 2765 1332 2818 assiduo
1393 2780 1517 2818 cum
1559 2764 1706 2818 vitiis
1753 2765 2034 2828 conﬂictu,
2068 2766 2153 2819 sin

565 2857 865 2927 pauxillum
928 2857 1224 2924 lapsemus,
1281 2857 1545 2924 evcs‘ligio
1587 2871 1902 2926 surgamus.
1950 2871 2014 2910 ac
2047 2856 2156 2911 fre-

565 2959 765 3020 quente
787 2950 915 3004 ﬂetu
958 2954 1112 3020 ignea
1162 2948 1458 3019 perduellis
1488 2951 1615 3013 tela,
1644 2949 1962 3006 Christiano
1990 2951 2155 3006 indu-

565 3041 738 3096 cendo
767 3041 972 3105 studio,
1011 3042 1446 3112 exstinguamus.
1470 3040 1699 3096 Multum
1735 3043 1870 3098 valet
1900 3043 2154 3112 depreca-

2254 1934 2386 2000 ritu,
2425 1950 2572 1991 nunc
2617 1945 2672 1991 et
2695 1950 2930 2005 semper,
2958 1935 3012 1990 in
3036 1949 3364 2006 omnemque
3387 1937 3811 2007 perpetuitatem

2249 2024 2444 2079 Amen.

2797 2177 3035 2235 SERMO
3077 2178 3262 2235 CVIII.

2363 2271 2609 2328 Pernices
2634 2289 2746 2328 esse
2772 2280 3011 2342 oportere
3039 2270 3107 2324 ad
3131 2273 3424 2326 certamina
3461 2274 3697 2330 virtutis.

2312 2383 2534 2438 Fratres
2575 2381 2900 2452 Patresque,
2937 2381 3245 2452 inquietum
3290 2382 3550 2451 quiddam
3595 2393 3682 2438 est
3729 2401 3828 2439 na-

2245 2484 2364 2530 tura
2393 2478 2588 2539 virtus,
2628 2490 2750 2544 quae
2784 2474 2926 2528 haud
2959 2483 3137 2528 cesset
3167 2474 3268 2528 niti
3299 2475 3352 2529 in
3383 2475 3652 2542 anticum,
3686 2480 3822 2546 quin

2243 2568 2506 2636 prmditos
2540 2583 2599 2622 se
2631 2568 2684 2620 iu
2718 2567 2917 2622 melius
2947 2568 3214 2636 provehat
3245 2581 3482 2637 semper,
3530 2569 3679 2637 quod
3722 2569 3794 2622 de

2245 2669 2564 2713 monstrans
2602 2657 2902 2728 Apostolus
2929 2658 3027 2720 ait,
3061 2657 3186 2712 Non
3213 2659 3351 2727 quod
3381 2658 3499 2726 jam
3527 2661 3825 2726 acceperim

2245 2761 2338 2802 aut
2363 2750 2480 2818 jam
2503 2750 2765 2818 perfectus
2794 2751 2916 2814 sint,
2955 2764 3237 2818 persequor
3281 2757 3461 2802 autem
3492 2748 3540 2802 si
3581 2765 3825 2816 comprs-

2245 2843 2491 2906 hendam,
2543 2843 2598 2896 in
2651 2858 2754 2912 quo
2798 2851 2850 2896 et
2903 2843 3302 2909 comprehensus
3346 2856 3463 2892 sum
3518 2857 3550 2893 η
3606 2842 3828 2896 Christo

2244 2934 2368 2989 Jesu
2391 2937 2435 2968 ⁵⁸
2469 2944 2558 3001 ;et
2593 2936 2788 2990 iterum
2827 2950 2840 2986 :
2868 2933 3000 2997 Qua:
3033 2932 3243 3002 quidem
3289 2941 3429 2985 retro
3471 2943 3592 2986 sunt
3639 2934 3820 2987 obliti-

2245 3044 2394 3082 scena
2433 3030 2500 3083 ad
2545 3045 2607 3082 ea
2661 3043 2780 3080 vero
2820 3040 2938 3095 qua:
2984 3035 3108 3077 sunt
3142 3024 3322 3092 priora
3372 3026 3659 3078 extendens
3715 3040 3825 3079 me-

568 3132 642 3184 tio
665 3131 804 3200 justi
834 3132 1140 3198 assidua",
1190 3141 1249 3187 ut
1298 3148 1507 3202 preces,
1569 3142 1733 3203 atque
1775 3134 2153 3203 instigationcs

2251 3123 2443 3190 ipsum,
2492 3119 2561 3173 ad
2608 3119 2932 3173 destinatum
2983 3129 3287 3185 persequor,
3334 3115 3403 3168 ad
3451 3116 3691 3169 bravium
3733 3132 3828 3168 su-

568 3232 790 3278 mutuas
840 3224 1210 3294 requiramus.
1256 3222 1486 3278 Multum
1541 3224 1824 3294 Iacrymte,
1887 3239 1951 3279 ac
2004 3241 2158 3279 com-

568 3311 792 3378 punctio
822 3312 1024 3376 valent,
1083 3321 1135 3364 et
1159 3323 1286 3366 ante
1320 3312 1503 3366 omnia
1528 3351 1544 3375 ,
1590 3325 1654 3365 ac
1687 3327 1813 3365 cum
1877 3313 2157 3376 omnibus,

2251 3229 2426 3283 pernae
2455 3211 2747 3265 vocationis
2779 3211 2833 3262 in
2864 3207 3076 3263 Christo
3111 3207 3242 3261 Jesu
3266 3208 3336 3260 “.
3367 3205 3437 3261 Ut
3460 3209 3728 3278 quies'sit
3757 3210 3828 3263 ab

2256 3304 2456 3356 virtute
2490 3303 2660 3366 nulla,
2695 3316 2819 3353 nam
2865 3301 2934 3352 ab
2966 3299 3169 3352 virtute
3199 3299 3360 3366 quies
3395 3298 3512 3351 vitii
3535 3307 3621 3352 est
3664 3313 3828 3352 exor-

569 3417 852 3456 saerorum
884 3403 1178 3472 perceptio,
1206 3403 1258 3456 in
1297 3419 1405 3472 qua
1437 3404 1623 3458 nescio
1649 3419 1758 3472 quo
1785 3414 1943 3471 pacto
1968 3416 2160 3471 segnes
2254 3396 2426 3450 dium.
2458 3394 2639 3464 Itaque
2666 3409 2766 3447 nec
2797 3408 2897 3447 nos
2926 3392 3304 3461 quiescamus,
3340 3390 3559 3459 fratres,
3590 3408 3620 3446 a
3653 3392 3830 3447 virtu-

569 3493 1028 3559 animadvertens,
1083 3495 1365 3564 impendio
1428 3496 1618 3559 miror,
1676 3495 1769 3563 qui
1820 3494 2075 3563 quidem,
2108 3487 2156 3547 si

2257 3487 2326 3540 tis
2368 3485 2671 3551 curriculo,
2715 3485 2809 3537 sed
2850 3483 3072 3538 assidue
3121 3485 3391 3554 pernices,
3444 3499 3510 3539 ac
3557 3487 3750 3539 novitii
3799 3501 3830 3538 e

569 3582 715 3637 adsit
749 3582 1053 3650 Domlnica,
1093 3586 1304 3640 adeatis
1341 3586 1619 3654 mysteria,
1662 3586 1745 3640 sin
1787 3585 1896 3638 alio
1923 3585 2012 3638 die
2041 3597 2159 3639 (εω-
2253 3577 2453 3631 I'ObOI'e
2483 3575 2538 3630 in
2569 3576 2740 3630 l'Oblll‘
2774 3576 3165 3645 provehamlll‘.
3201 3576 3332 3631 dum
3368 3577 3420 3630 ill
3453 3579 3632 3631 virum
3669 3579 3828 3631 adul-

571 3683 659 3731 tus
727 3673 1170 3744 frequententur,
1225 3677 1450 3732 minime
1505 3678 1732 3731 coeatis.
1788 3673 1885 3728 Pol
1915 3675 2073 3729 liccat
2103 3675 2156 3729 in

2258 3679 2368 3723 tum
2415 3669 2735 3734 evadamus,
2788 3669 2847 3720 in
2891 3684 3192 3721 mensuram
3250 3669 3426 3722 aztatis
3482 3668 3828 3737 plenitudinis

571 3765 907 3819 monasterio
929 3767 1011 3820 vel
1033 3768 1087 3821 in
1109 3768 1669 3834 dicscommunicare,
1692 3782 1839 3822 nunc
1865 3766 2063 3832 rarius,
2096 3782 2160 3821 ac
2255 3749 2543 3814 Christi".
2584 3762 2655 3814 At
2702 3759 2793 3829 qui
2864 3759 2915 3812 id
2961 3760 3089 3813 ﬁet?
3135 3760 3181 3813 si
3227 3759 3372 3812 diem
3429 3759 3666 3814 solidum
3722 3761 3828 3815 lacti

571 3852 660 3906 vix
707 3855 1067 3911 convenitur.
1097 3854 1283 3928 Neque
1337 3858 1454 3912 hinc
1483 3858 1717 3923 dissero,
1744 3858 1835 3926 qui
1864 3872 1962 3911 vos
1995 3858 2156 3910 velim

571 3945 781 4012 leviter,
838 3956 892 4001 et
947 3945 1127 4001 obiter
1181 3947 1471 4012 accedere,
1530 3947 1790 4017 scriptum
1847 3956 1930 4000 cst
1984 3949 2153 4013 enim,

575 4032 760 4089 Probet
799 4037 1031 4105 seipsum
1054 4038 1229 4104 homo,
1264 4047 1315 4092 et
1343 4041 1422 4093 sic
1453 4040 1518 4093 de
1544 4055 1678 4108 pane
1721 4039 1812 4091 illo
1846 4038 1987 4102 edat,
2024 4049 2073 4092 et
2094 4041 2157 4093 de

572 4126 735 4180 calice
783 4127 949 4192 bibat,
1001 4131 1092 4199 qui
1130 4133 1270 4184 enim
1336 4133 1623 4184 manducat
1667 4139 1715 4183 et
1759 4131 1887 4182 bibit
1920 4131 2153 4199 indigne,

569 4217 834 4284 iudicium
866 4222 968 4274 sibi
1033 4221 1332 4276 manducat
1398 4231 1448 4275 et
1505 4222 1660 4287 bibit,
1711 4236 1814 4274 non
1851 4220 2156 4290 dijudicans

573 4325 765 4378 corpus
792 4310 1006 4366 Domini
1031 4315 1097 4366 ".
1128 4312 1248 4368 Non
1284 4314 1335 4368 id
1368 4313 1532 4384 igitur
1562 4313 1688 4368 dico
1747 4313 1993 4381 (minime
2026 4329 2156 4383 gen-

577 4401 738 4472 tium)
764 4405 896 4472 quin
934 4412 992 4458 ut
1024 4405 1432 4461 communionis
1471 4404 1655 4460 studio
1687 4413 1950 4475 quantum
1985 4407 2156 4476 pluvi-

2254 3853 2558 3921 exigemus.
2607 3850 2851 3919 Exempli
2894 3865 3085 3911 causa.
3132 3850 3287 3904 adest
3326 3852 3530 3906 mane?
3576 3851 3748 3906 illicet
3799 3869 3830 3907 e

2253 3959 2450 3999 somno
2479 3958 2905 4012 Consurgamus,
2933 3943 3191 4012 precibus
3216 3943 3567 4000 inhaerentes.
3591 3945 3830 4000 Absces-

2251 4036 2427 4091 simus
2464 4036 2631 4090 inde?
2668 4036 2881 4090 alacres
2923 4050 3063 4104 opus
3102 4036 3435 4104 arripiamus
3460 4077 3474 4102 ,
3499 4037 3666 4092 simul
3706 4055 3827 4094 car-

2251 4128 2400 4182 mina
2435 4127 2545 4182 Deo
2574 4144 2700 4183 cum
2730 4128 2928 4182 animis
2971 4139 3253 4196 canentes,
3282 4130 3556 4200 simulque
3601 4133 3830 4186 mamili-

2250 4218 2353 4272 ciis
2383 4218 2571 4273 dediti.
2626 4218 2842 4274 Finitus
2895 4220 3013 4275 dies
3052 4221 3178 4275 est?
3222 4223 3504 4292 gratulati,
3553 4238 3824 4293 compono

2250 4311 2455 4380 ctique,
2495 4310 2795 4365 dormitum
2845 4312 3240 4377 concedamus,
3285 4327 3392 4382 qua
3442 4313 3825 4370 vicissitudine

2252 4402 2392 4456 hanc
2442 4402 2664 4457 Davidis
2711 4405 3040 4457 sententiam
3091 4404 3485 4472 comprobetis,
3541 4405 3667 4460 Dies
3721 4408 3826 4460 diei

578 4507 726 4545 mum
768 4502 949 4562 potest
1010 4497 1248 4564 purgati,
1309 4505 1594 4564 compotes
1643 4497 1838 4551 tiatnus
1890 4501 2154 4564 muneris;
2195 4505 2454 4580 Deructat
2497 4495 2727 4562 verbum,
2783 4506 2832 4549 et
2884 4513 2991 4550 nox
3035 4498 3176 4550 nocti
3213 4496 3414 4549 indicat
3452 4498 3730 4551 scientiam
3758 4500 3823 4552 ".

580 4597 707 4637 nam
743 4585 1055 4654 propositus
1085 4587 1208 4641 vita:
1244 4595 1329 4641 est
1356 4586 1633 4657 perceptio
1661 4588 1839 4654 panis,
1875 4589 2154 4657 siquidem

582 4677 657 4728 ait
687 4673 972 4740 Dominus,
999 4677 1111 4748 Ego
1144 4695 1261 4732 sum
1290 4678 1449 4746 panis
1494 4678 1586 4746 qui
1615 4677 1678 4730 de
1702 4678 1831 4731 caelo
1864 4679 2109 4733 descendi
2141 4694 2161 4742 ;

581 4768 629 4821 si
657 4769 775 4836 quis
805 4769 1206 4823 manducaverit
1230 4784 1296 4823 ex
1319 4770 1418 4822 hoc
1448 4784 1604 4834 pane,
1638 4768 1767 4822 vivet
1802 4770 1855 4822 in
1888 4779 2160 4824 aztcrnum.

2249 4588 2328 4642 Ne
2356 4586 2540 4656 segnis
2575 4587 2693 4642 dies
2725 4588 2928 4652 obitor,
2973 4599 3149 4643 mente
3178 4597 3438 4657 tauquam
3470 4599 3822 4660 manucapta,

2251 4692 2354 4730 neu
2405 4677 2459 4730 in
2501 4678 2708 4746 stupris
2752 4693 2816 4730 ac
2866 4677 3186 4732 libidinibus
3234 4693 3342 4731 nox
3380 4679 3667 4745 transitor,
3718 4697 3821 4734 non

2249 4766 2374 4821 dico
2405 4766 2500 4832 qui
2534 4767 2649 4821 haec
2684 4776 3062 4836 perpetremus
3091 4768 3339 4822 (Iniuime
3361 4771 3535 4836 vero),
3567 4771 3702 4838 quin
3730 4785 3824 4823 nec

586 4857 654 4913 Et
677 4860 830 4928 panis
858 4876 1008 4929 quem
1024 4876 1115 4930 ego
1147 4859 1310 4925 dabo,
1341 4876 1468 4913 caro
1492 4877 1603 4912 mea
1634 4871 1729 4922 est,
1763 4877 1918 4929 quam
1946 4877 2037 4930 ego
2066 4863 2165 4915 da-
2250 4857 2557 4927 COgitetnus
2593 4859 2855 4926 quidem;
2889 4873 3014 4914 nam
3066 4859 3139 4912 uti
3173 4873 3397 4925 corpus,
3457 4860 3538 4912 sic
3576 4861 3820 4915 animum

585 4955 647 5007 bo
676 4967 771 5020 pro
805 4955 988 5007 mundi
1029 4954 1139 5007 vita
1159 4953 1243 5020 ”;
1303 4966 1367 5006 ac
1407 4967 1625 5006 rursum
1656 4969 1670 5006 :
1707 4951 1812 5018 Qui
1875 4954 2162 5008 manduca:
2253 4957 2462 5004 castum
2514 4950 2760 5004 veritatis
2797 4949 3003 5021 ﬂagitat
3032 4951 3226 5005 oratio.
3262 4951 3332 5003 At
3359 4951 3505 5008 enim
3535 4953 3821 5009 desideriis

586 5059 754 5098 meam
775 5060 988 5098 carnem
1016 5054 1064 5097 ct
1097 5045 1228 5099 bibit
1264 5060 1432 5098 meum
1478 5046 1812 5114 sanguinem,
1851 5045 1904 5098 in
1936 5062 2015 5100 me
2047 5063 2163 5098 ma-
2253 5040 2544 5095 ducimur?
2565 5041 2696 5109 quid
2714 5041 3129 5096 desiderabilius
3154 5042 3354 5096 virtute
3379 5042 3537 5110 cujus
3591 5044 3822 5099 iucunda

585 5143 689 5199 net,
719 5143 769 5188 et
801 5151 893 5205 ego
926 5137 981 5189 in
1011 5137 1104 5189 illo
1125 5137 1193 5193 “.
1235 5134 1427 5191 Viden‘
1464 5136 1653 5206 ingens
1707 5146 1760 5191 et
1781 5137 2049 5193 ineﬁabile
2071 5140 2155 5192 be-

2255 5142 2307 5186 et
2331 5133 2705 5185 iuexsaturata
2727 5141 2812 5186 est
2840 5133 3138 5202 voluptas?
3167 5132 3642 5188 Pulchritudinem
3679 5151 3827 5188 ama-

585 5226 838 5281 uelicium
868 5243 883 5294 ;
918 5240 1027 5280 non
1058 5235 1286 5280 mortem
1318 5226 1454 5281 obiit
1483 5227 1660 5281 solum
1695 5243 1794 5297 pro
1821 5229 1998 5291 nobis,
2030 5231 2161 5298 quin
2258 5224 2409 5277 mus!
2467 5224 2599 5292 quid
2641 5222 2784 5279 Ilero
2839 5226 3151 5289 amabilius,
3211 5226 3372 5295 cujus
3426 5226 3678 5281 renident
3713 5228 3828 5294 pul-

581 5317 805 5387 epulum
871 5333 930 5373 se
981 5317 1210 5388 praebuit
1257 5333 1496 5387 quoque.
1551 5318 1692 5384 Quid
1731 5318 1834 5372 hoc
1865 5319 2024 5373 validi
2068 5320 2160 5372 de-

585 5410 987 5465 monstrantius
1026 5411 1265 5472 amoris;
1309 5409 1441 5478 quid
1483 5411 1668 5463 animo
1715 5410 1890 5478 magis
1921 5410 2160 5465 salutife-

584 5502 743 5558 rum?
789 5501 910 5558 1am
948 5505 1094 5565 cibo,
1137 5514 1335 5573 potuve
1385 5503 1668 5572 proposito
1698 5503 2000 5566 communi,
2028 5504 2158 5559 deﬁt

581 5615 740 5655 nemo
788 5600 919 5670 quin
948 5601 1212 5670 percipiat
1240 5596 1504 5670 quotidie,
1528 5612 1590 5652 ac
1629 5597 1680 5651 ni
1709 5600 1969 5670 percipiat
1999 5601 2150 5670 oppi-

648 5717 694 5749 ‘°
727 5717 872 5784 Psal,
906 5734 1094 5782 vatn,
1124 5717 1213 5772 ΞΒ.
1269 5717 1310 5748 ⁵¹
1343 5715 1458 5770 Jac.
1491 5731 1542 5778 v,
1580 5715 1663 5769 16.
1742 5715 1784 5746 ⁸¹
1827 5715 1842 5768 l
1884 5717 2105 5782 (ἴοι-,ιι⁹
2141 5719 2232 5774 29.

580 5803 663 5852 tu,
695 5789 778 5844 I2.
854 5790 899 5822 "
923 5790 1055 5845 ibid.
1094 5790 1178 5844 14.
1254 5789 1296 5820 ⁵⁷
1326 5787 1522 5856 Epltes.
1555 5802 1625 5849 tv,
1652 5787 1737 5840 15.
1812 5787 1856 5817 ⁸⁸
1884 5785 2022 5842 Psal.
2057 5806 2227 5851 avni.
2256 5792 2308 5845 5.

2257 5316 2565 5370 chritudine
2601 5317 2837 5372 cuncta?
2863 5327 3122 5371 caeterum
3160 5318 3316 5388 pravi
3350 5317 3638 5386 cupidines
3689 5334 3828 5373 meu-

2258 5418 2367 5462 tem
2399 5416 2738 5464 externatam
2780 5410 2892 5465 fera
2925 5412 3074 5466 omni
3128 5411 3404 5467 crudelius
3434 5411 3824 5481 depascuntur.

2261 5499 2330 5554 Ut
2370 5517 2478 5554 non
2520 5501 2774 5571 voluptas
2812 5517 2874 5556 ea
2914 5504 3008 5568 sit,
3060 5505 3155 5559 sed
3193 5503 3442 5558 luctuosa
3478 5505 3613 5558 vita.
3653 5501 3829 5558 Nolite

2255 5610 2454 5659 errare,
2507 5594 2707 5666 inquit,
2748 5611 2896 5658 caro,
2945 5606 2994 5649 et
3025 5598 3243 5666 sanguis
3279 5612 3496 5666 regnum
3532 5597 3630 5652 Dei
3660 5600 3826 5668 possi-

2331 5721 2375 5754 ⁸³
2407 5721 2565 5779 Joan.
2616 5739 2703 5790 vr,
2761 5724 2849 5791 50,
2884 5725 2972 5780 5i.
3047 5726 3091 5759 "
3131 5725 3288 5794 ibid,
3332 5728 3419 5786 55.
3523 5733 3571 5764 "
3595 5732 3819 5805 Philipp-
