4000 6306
122 366 210 431 649

1267 368 1669 432 SERMONES
1707 367 2229 434 CATECHETICI.

3239 363 3346 423 650

119 482 220 531 dare
269 494 372 531 non
429 487 698 546 possunt,
752 497 910 550 neque
953 483 1218 554 corruptio
1271 479 1682 546 iucorruptelam
1713 484 1756 540 Α
1789 481 2102 535 missionem
2135 482 2478 551 pratstoletur
2517 478 2750 548 indeque
2777 476 2840 531 ad
2873 474 3195 530 incumbens
3231 491 3351 528 ntu-

119 570 386 638 possidebit
405 573 477 625 ".
533 573 764 628 (Zetlosis
801 589 929 628 vero
1003 591 1164 644 quem
1208 576 1518 644 amplexum
1556 587 1681 640 pec-

120 672 281 715 ratum
312 679 424 716 non
469 662 705 716 infamia
743 664 987 733 replevit,
1027 665 1237 728 alliiin,
1275 647 1402 718 neci
1425 662 1685 718 tradidit?

120 770 262 820 quem
292 755 560 824 amplexa
609 757 784 810 virtus
827 772 934 811 non
975 757 1173 818 evexit,
1209 770 1275 810 ac
1320 753 1524 807 mundo
1553 765 1685 806 con-

120 848 355 914 spicuum
381 847 668 902 reddidit?
695 847 839 905 Duos
859 865 890 905 e
917 850 1102 904 multis
1128 848 1316 917 excipe
1341 888 1356 904 .
1376 847 1682 900 Amnonem

121 936 478 1007 etlosephum
506 957 520 991 :
554 955 665 993 non
697 940 847 994 illum
877 941 1086 995 sororis
1117 941 1360 995 incestus
1381 936 1687 1008 jugulavit?

122 1043 217 1080 nou
249 1029 398 1082 hunc
429 1031 668 1084 castitas
697 1029 764 1083 ab
787 1028 1040 1101 Egyptia
1069 1046 1236 1100 regno
1263 1028 1520 1083 donavit?
1554 1027 1686 1082 Tam

123 1120 384 1182 amabilis,
415 1130 474 1175 et
506 1122 830 1190 expetenda,
863 1137 927 1176 ac
955 1120 1236 1174 salutifera
1267 1131 1351 1175 est
1388 1122 1595 1174 virtnsl
1637 1132 1690 1174 et

124 1209 429 1280 frequenter
481 1223 667 1266 tamen
720 1213 989 1282 impendio
1021 1228 1288 1276 erramus,
1326 1213 1418 1282 qui
1457 1222 1683 1268 mortem

126 1319 212 1373 pro
243 1306 352 1359 vita
392 1307 862 1375 compleCtamur,
894 1307 1154 1361 tenebras
1186 1322 1282 1376 pro
1316 1307 1436 1359 luce
1462 1319 1690 1375 prense—

127 1414 259 1461 ntus,
285 1400 666 1470 corruptelam
721 1414 819 1468 pro
860 1399 1268 1453 immortalitate
1330 1398 1695 1458 dcamemus;

127 1502 223 1555 quo
252 1489 383 1557 quid
441 1489 857 1544 miserabilius?
889 1488 1041 1543 Unde
1076 1489 1266 1557 igitur,
1289 1488 1385 1550 ait,
1428 1487 1520 1556 qui
1564 1487 1693 1541 boni

128 1591 389 1635 amatores
447 1580 688 1634 velimus
754 1596 896 1645 esse,
945 1580 1334 1651 nequivimus?
1385 1579 1538 1646 Quod
1590 1595 1694 1633 non

130 1685 241 1724 rere
285 1672 573 1738 volumus,
634 1672 730 1726 sed
773 1672 984 1738 ﬁctltie,
1031 1673 1303 1741 siquidem
1351 1687 1448 1741 pro
1483 1670 1696 1725 arbitrii

132 1763 367 1819 libertate
386 1765 623 1819 omnino
640 1763 786 1833 quod
807 1764 1057 1819 volumus
1079 1765 1479 1833 amplectimur.
1510 1763 1696 1816 Enim-

1788 585 1915 635 nus,
1969 581 2024 625 et
2082 573 2392 642 impositam
2433 569 2766 640 provinciam
2819 569 3116 628 animetur,
3179 581 3352 636 usque

1787 663 1942 729 adeo,
1973 674 2030 718 ut
2052 665 2209 735 juges
2232 666 2445 718 labores
2479 663 2756 717 laboribus
2791 663 2989 724 addat;
3031 675 3156 714 nam
3188 660 3350 724 unde,

1787 755 1968 820 sodes,
2018 757 2199 825 praelia
2251 766 2564 809 sanctorum
2596 753 2863 816 inaudita,
2908 751 3166 806 diuturna
3217 748 3355 802 tole-

1761 847 1988 912 rantia,
2023 849 2269 916 pertinax
2300 847 2672 919 morigeratio,
2719 845 2770 899 in
2803 853 3139 900 senectutem
3175 843 3356 912 subje-

1791 938 1922 1002 ctio,
1970 947 2133 1008 atque
2172 938 2256 993 his
2307 939 2534 1007 insuper
2580 936 2829 1008 majora?
2861 935 3009 990 unde
3053 945 3353 1006 martyrum

1791 1033 2114 1095 certamina,
2153 1033 2523 1086 membrorum
2558 1031 2807 1094 lanienae,
2848 1028 3131 1099 sanguinis
3167 1026 3358 1097 profu-

1793 1122 1916 1176 sio?
1949 1138 2055 1177 non
2094 1123 2188 1192 qui
2219 1124 2420 1178 animis
2470 1130 2818 1191 usurparent,
2862 1120 3194 1192 praecipitem
3237 1121 3361 1173 vita!

1792 1215 2052 1268 curriculi
2100 1215 2439 1278 brevitatem,
2469 1214 2918 1284 comparitiouem
2987 1212 3052 1265 ad
3102 1210 3362 1264 horribile

1795 1307 2054 1372 tribunal,
2088 1314 2291 1360 aeterna
2325 1317 2380 1361 et
2407 1306 2615 1361 inﬁnita
2656 1304 2960 1372 supplicia?
2991 1303 3208 1358 Scilicet
3235 1302 3362 1356 hinc

1794 1397 1874 1450 eis
1903 1396 2180 1450 tolerablia
2207 1405 2423 1457 cuncta.
2475 1396 2599 1450 hinc
2630 1397 2899 1448 atrocium
2941 1409 3222 1460 pinnarum
3263 1404 3364 1448 cett

1797 1491 1851 1544 in
1899 1489 2223 1559 corporibus
2281 1489 2472 1544 alienis
2527 1488 2826 1558 perpessio.
2875 1490 2951 1542 Ac
2997 1489 3206 1542 beatam
3243 1501 3366 1556 qua

1799 1585 1914 1639 haec
1958 1587 2076 1640 dies
2140 1595 2437 1654 noctesque
2483 1584 2686 1654 cogitet
2733 1591 2993 1647 mentem,
3043 1597 3165 1652 quae
3219 1581 3369 1635 velut

1802 1678 2023 1746 hospes,
2058 1687 2112 1731 et
2156 1677 2364 1732 advena
2398 1677 2564 1732 vitam
2615 1676 2913 1736 transiens,
2946 1689 3118 1726 rcvrtm
3149 1679 3371 1727 maneat.

1804 1766 1955 1830 felix,
1982 1781 2046 1820 ac
2072 1781 2348 1827 securum,
2377 1767 2443 1820 de
2466 1781 2576 1834 quo
2616 1764 2862 1835 Apostoli
2893 1765 3002 1817 hinc
3024 1772 3153 1817 sunt
3183 1763 3372 1821 verba.

117 1869 250 1916 vero
281 1856 532 1910 studium
571 1872 601 1909 a
636 1854 819 1923 pueris
853 1855 918 1908 ad
951 1871 1140 1923 prava,
1175 1866 1234 1909 ut
1271 1855 1503 1919 videtur,
1545 1854 1698 1907 habi-
1729 1853 1772 1908 Β
1804 1858 1944 1912 Nam
1975 1861 2294 1930 exspectatio
2323 1871 2580 1914 creatura:
2613 1860 2975 1913 reuelationem
3008 1858 3242 1926 ﬁliorum
3275 1855 3370 1910 Del

137 1957 237 2000 tum
270 1949 322 2000 in
361 1948 533 2000 nobis
559 1947 829 2000 contraxit
872 1947 988 1999 vitii
1018 1956 1282 2000 tenacem.
1329 1947 1434 2000 Sed
1470 1962 1590 2014 qua:
1619 1953 1702 1998 est

135 2039 368 2107 Apostoli
409 2039 736 2093 sententia?
768 2038 1072 2093 Humanum
1119 2039 1260 2098 dico,
1300 2048 1512 2106 propter
1551 2036 1702 2102 inﬁr-

137 2132 357 2184 mitatem
397 2134 581 2185 carnis
616 2139 833 2185 vestra:
869 2132 1005 2184 sicut
1039 2146 1174 2182 enim
1205 2129 1514 2182 exlttbuistis
1546 2143 1706 2180 ntem-

138 2227 224 2278 bra
271 2240 449 2282 vestra
518 2228 714 2281 serrire
771 2225 1146 2290 immunditiw,
1203 2235 1252 2276 et
1310 2223 1579 2293 iniquitati
1636 2221 1704 2274 ad

139 2317 489 2386 iniquitatem,
525 2318 604 2370 ita
637 2333 773 2370 nunc
797 2316 1033 2370 exhibete
1055 2317 1288 2368 membra
1315 2324 1484 2367 vestra
1515 2313 1708 2366 servire

134 2407 350 2472 justitire
403 2410 460 2461 in
537 2403 1124 2476 sauctiﬁcationem“:
1189 2407 1295 2460 boc
1343 2413 1460 2468 est,
1521 2419 1706 2473 parem

142 2507 380 2563 uporlere
420 2497 760 2552 industriam
803 2496 1056 2552 conferre
1092 2496 1144 2551 in
1185 2498 1465 2551 virtutem.
1500 2494 1705 2564 Itaque,

143 2587 349 2646 fratnes.
387 2591 578 2644 adhuc
607 2589 819 2659 pulsare
864 2590 1204 2654 insistamus,
1259 2589 1526 2658 planeque
1565 2588 1711 2642 fores

145 2682 372 2736 clemens
397 2682 618 2750 aperiet
657 2680 815 2746 Deus,
838 2696 960 2751 quae
991 2691 1212 2753 accepta
1244 2682 1346 2735 sibi
1379 2681 1490 2735 sint
1521 2680 1575 2733 in
1598 2688 1710 2733 'nos

145 2773 378 2837 molitus,
413 2790 481 2829 ac
517 2789 808 2843 perennem
843 2776 1008 2828 vitam
1037 2774 1265 2843 largitus
1303 2789 1402 2844 per
1429 2773 1709 2827 Christum

145 2861 316 2917 Jesum
353 2865 658 2918 Dominum
690 2876 960 2929 nostrum,
997 2866 1086 2919 cui
1125 2866 1296 2932 gloria
1328 2877 1381 2918 et
1422 2864 1710 2934 imperium

147 2969 259 3008 cum
283 2958 474 3022 Patre,
504 2973 577 3011 ac
603 2968 797 3010 sancto
826 2957 1055 3028 Spiritu,
1093 2972 1236 3012 nunc
1283 2966 1338 3012 et
1379 2971 1613 3026 semper,
1655 2955 1710 3010 in

150 3061 471 3117 omnemque
508 3051 950 3120 perpetuitatem.
978 3053 1173 3103 Amen.

727 3141 957 3198 SERMO
993 3141 1125 3198 CIX.

149 3232 218 3288 De
255 3237 398 3289 obitu
447 3237 520 3304 fr.
565 3234 857 3300 Tlteososti,
903 3247 1059 3316 atque
1100 3234 1339 3289 obeunda
1387 3237 1472 3304 pie
1511 3240 1715 3289 sancte-

793 3323 891 3375 que
933 3319 1058 3360 vita.

211 3401 430 3456 Fratres
477 3400 805 3467 Patresque,
856 3399 1081 3467 jamjam
1147 3398 1426 3467 explorate
1469 3402 1716 3470 cognovi-

153 3507 265 3546 mus
297 3492 672 3547 Theosostutn
697 3491 916 3544 fratrem
946 3490 1172 3554 obiisse,
1195 3491 1261 3543 de
1293 3505 1402 3558 quo
1429 3491 1715 3544 dicendum

154 3597 230 3639 est
262 3585 540 3647 nonnihil,
590 3591 942 3650 posteaquam
986 3582 1065 3632 vir
1109 3581 1210 3632 fuit
1253 3581 1478 3648 probus,
1515 3596 1543 3633 a
1593 3597 1716 3650 per-

158 3678 331 3730 multis
362 3677 644 3734 laudatus,
695 3687 799 3740 qua
840 3671 1123 3725 monachis
1161 3688 1268 3739 qna
1317 3671 1492 3734 laicis,
1536 3675 1628 3742 qui
1666 3685 1720 3726 et

159 3769 424 3830 subderet,
473 3776 534 3821 et
563 3761 839 3819 subditum
875 3773 1105 3832 gereret,
1152 3776 1245 3828 pro
1283 3762 1347 3813 iis
1375 3778 1492 3831 quae
1531 3778 1719 3830 passus

159 3873 226 3915 cst
265 3872 522 3926 tentatus,
559 3869 618 3913 ut
650 3857 963 3928 Apostolice
993 3858 1211 3926 loquar,
1251 3869 1431 3926 potens
1459 3866 1507 3910 et
1543 3859 1607 3909 iis
1634 3858 1722 3926 qui

161 3963 413 4007 tentantur
443 3950 708 4006 auxiliari
731 3952 812 4016 ";
860 3964 1028 4019 quare
1057 3950 1365 4017 complures
1398 3951 1598 4018 probos
1640 3965 1722 4001 se-

160 4047 385 4100 cundum
417 4044 598 4099 Deum
633 4043 773 4096 lilios
806 4042 1102 4105 contraxit,
1135 4041 1389 4104 idemque
1423 4041 1494 4094 ob
1522 4041 1722 4094 verita-

161 4148 256 4190 tem
292 4137 572 4198 miserias,
616 4149 911 4199 terumnas,
963 4135 1327 4198 calamitates,
1367 4149 1432 4188 ac
1481 4134 1722 4204 pericula

163 4245 260 4284 non
302 4231 546 4284 minima
585 4227 844 4295 suscepit,
889 4227 942 4280 in
974 4225 1172 4295 quibus
1210 4236 1264 4280 et
1307 4226 1626 4290 defunctus,
1659 4226 1725 4277 ad

165 4319 438 4376 Dominum
491 4317 792 4373 concessit.
838 4316 1111 4382 Quorsum
1173 4318 1288 4370 haec
1341 4326 1522 4370 autem
1590 4317 1724 4376 mihi

164 4411 342 4466 dicta?
383 4413 526 4466 utin
558 4409 729 4461 fratre
773 4409 1051 4477 exemplar
1072 4408 1344 4477 quoddam
1397 4422 1578 4462 rerum
1630 4423 1729 4462 no-

1800 1964 2062 2022 exspectat
2094 1969 2112 2016 ;
2152 1956 2372 2007 vanitati
2407 1955 2545 2008 enim
2584 1961 2828 2006 creatura
2861 1951 3092 2020 subjecta
3124 1961 3223 2018 est,
3269 1964 3372 2003 non

1803 2052 1977 2099 volens
2009 2050 2098 2098 sed
2129 2057 2342 2116 propter
2371 2064 2488 2100 eum
2519 2047 2608 2115 qui
2634 2045 2853 2111 subjecit
2893 2059 3004 2097 eam
3035 2044 3086 2096 in
3115 2060 3223 2112 spe,
3246 2045 3374 2112 quia

1803 2150 1849 2191 et
1884 2142 1998 2206 ipsa
2037 2150 2279 2195 creatura
2323 2140 2638 2194 liberabitur
2663 2157 2694 2192 a
2735 2138 2983 2191 servitute
3019 2139 3374 2206 corruptionis

1805 2232 1859 2283 in
1889 2231 2184 2283 libertatem
2223 2231 2408 2301 gloria:
2435 2230 2668 2298 ﬁliorum
2701 2228 2797 2282 Dei
2817 2231 2884 2282 ".
2926 2227 3109 2282 Viden‘
3147 2241 3203 2282 ut
3246 2243 3377 2298 pro-

1807 2324 2042 2376 mittitur
2073 2322 2189 2376 fore
2218 2336 2275 2376 ut
2311 2334 2482 2376 totum
2519 2324 2620 2376 hoc
2655 2323 2973 2376 universum
3005 2337 3034 2374 a
3067 2321 3374 2389 corruptela

1809 2424 2171 2477 restauretur,
2208 2423 2367 2482 atque
2398 2429 2427 2468 e
2455 2414 2720 2468 servitute
2762 2412 2813 2465 in
2841 2412 3146 2465 libertatem
3183 2422 3376 2465 natura

1809 2521 1991 2560 rerum
2023 2505 2202 2559 omnis
2233 2503 2573 2573 dillingatur?
2617 2502 2939 2572 Cujusmodi
2971 2518 3100 2555 vero
3146 2501 3191 2556 is
3219 2502 3379 2556 deind

1811 2613 1937 2669 et-ps
1968 2599 2084 2651 dies
2120 2601 2185 2651 de
2221 2613 2332 2666 quo
2356 2599 2433 2650 ait
2460 2605 2686 2651 sanctus
2715 2596 2902 2658 David,
2939 2595 3134 2650 Melior
3158 2605 3235 2648 est
3261 2595 3375 2648 dies

1811 2707 1915 2743 una
1958 2692 2011 2743 in
2045 2690 2201 2743 atriis
2256 2691 2359 2743 tuis
2391 2704 2546 2756 super
2576 2689 2745 2741 millia
2765 2689 2810 2718 ⁸³
2848 2703 2862 2741 :
2893 2704 3221 2758 rursumque
3249 2704 3378 2758 apoa

1813 2785 2079 2836 stolorum
2146 2782 2466 2852 corypltteus
2517 2801 2529 2834 :
2583 2781 2706 2834 Dies
2763 2781 2977 2834 Domini
3042 2782 3180 2836 sicut
3238 2783 3379 2836 mille

1814 2877 1939 2927 auiti
1963 2875 2008 2906 “
2040 2894 2051 2926 :
2086 2883 2139 2928 et
2191 2875 2473 2941 apostolus
2520 2873 2721 2927 Paulus
2752 2891 2767 2929 :
2799 2873 3170 2943 Cottﬁguratus
3223 2878 3382 2928 morti

1811 2967 1928 3034 ejus
1961 2983 1979 3021 :
2007 2965 2052 3019 si
2087 2980 2186 3034 quo
2213 2963 2368 3016 modo
2393 2979 2666 3016 occurram
2692 2964 2760 3016 ad
2798 2965 3233 3018 resurrectionem
3266 2981 3382 3034 quae

1815 3071 1891 3113 est
1918 3074 1981 3112 ea:
2010 3059 2232 3110 mortuis
2258 3058 2324 3109 ⁸⁸.
2357 3054 2474 3110 Huc
2495 3071 2594 3111 nos
2623 3071 2841 3125 quoque
2867 3056 3135 3119 animum,
3162 3055 3378 3123 fratres,

1818 3162 1982 3221 atque
2031 3161 2264 3204 mentem
2306 3149 2722 3212 contendamus,
2775 3148 2880 3202 huc
2916 3149 3095 3202 studia
3130 3149 3383 3203 confera-

1819 3261 1962 3310 mus,
2009 3245 2116 3298 huc
2162 3244 2398 3311 cogitata
2444 3250 2499 3295 et
2544 3241 2820 3308 ingenium
2873 3241 3243 3304 traducamus,
3295 3241 3384 3294 hic

1817 3349 1937 3392 rota
1976 3353 2039 3391 ac
2070 3337 2342 3391 desideria
2380 3335 2632 3404 ﬁgamus,
2678 3348 2784 3402 qua
2811 3333 3165 3402 occupatione
3199 3335 3383 3388 szcculi

1822 3432 1984 3498 hujus
2027 3429 2323 3498 principem
2378 3427 2667 3490 lateamus,
2710 3427 2800 3494 qui
2847 3441 2970 3478 cum
3028 3434 3235 3478 tentare
3285 3440 3385 3478 nos

1821 3532 2014 3592 potest,
2061 3532 2173 3576 tum
2212 3531 2554 3589 prosternere
2611 3521 2820 3587 nequit,
2865 3516 3231 3571 contentionis
3272 3515 3385 3585 jam

1820 3618 1987 3670 armis
2017 3615 2332 3668 monasticae
2358 3622 2554 3666 tectos.
2589 3612 2760 3676 Quem
2788 3620 2916 3678 opto
2947 3609 3198 3680 equidem
3229 3610 3388 3662 nauci

1823 3723 1929 3762 non
1979 3706 2216 3775 eiTugcre
2257 3721 2353 3758 vos
2390 3705 2575 3765 modo,
2623 3701 2716 3755 sed
2767 3702 2930 3754 etiam
2979 3715 3264 3768 superare,
3297 3715 3390 3753 co-

1823 3816 1954 3854 rona
2001 3809 2208 3854 mactos
2242 3796 2552 3866 probitatis,
2610 3810 2703 3863 per
2754 3793 3031 3846 Christum
3064 3791 3252 3846 lesum
3295 3791 3392 3843 Do-

1827 3893 2033 3946 minum
2065 3902 2313 3946 nostrum
2352 3907 2363 3940 :
2395 3889 2482 3942 cui
2517 3887 2688 3959 gloria
2729 3893 2783 3940 et
2812 3886 3101 3953 imperium
3132 3899 3254 3938 cum
3289 3883 3394 3937 Pa.

1826 3996 1928 4045 tre.
1961 4000 2025 4038 ac
2059 3993 2248 4037 sancto
2281 3980 2512 4049 Spiritu,
2539 3995 2684 4033 nunc
2710 3987 2764 4032 et
2790 3993 3024 4047 semper,
3051 3978 3104 4031 in
3148 3992 3397 4031 omnem-

1825 4092 1931 4146 que
1957 4075 2394 4145 perpetuitatem.
2433 4072 2628 4125 Amen.

2421 4160 2652 4216 SERMO
2689 4158 2798 4214 CX.

1827 4258 1904 4313 De
1932 4255 2146 4325 lwtiﬁca
2185 4256 2294 4309 vita
2343 4262 2680 4373 ttostramnleu
2715 4252 3089 4318 defctiscamur
3121 4254 3174 4304 in
3204 4251 3395 4305 adrer-

2445 4339 2578 4373 surtt
2636 4332 2778 4373 ucta.

2445 4332 2578 4376 εανιι
2613 4332 2778 4374 lucta.

1901 4418 2118 4472 Fratres
2166 4413 2485 4482 Patresque,
2515 4426 2638 4464 cum
2678 4425 2868 4462 omnes
2901 4409 3153 4465 homines
3179 4425 3400 4475 semper

166 4513 386 4558 strarum
418 4514 740 4566 tueremur;
765 4501 856 4569 qui
887 4511 1073 4555 sancte
1098 4508 1152 4554 et
1179 4499 1403 4553 honeste
1429 4501 1721 4560 obeuntes.
1759 4535 1804 4589 υ
1833 4513 1885 4563 in
1928 4509 2159 4562 Domino
2207 4505 2445 4572 gaudere
2495 4501 2789 4570 ApoSIolus
2817 4501 2968 4567 jubet
2993 4500 3058 4564 °‘,
3115 4513 3228 4554 tum
3270 4504 3398 4565 soli,

167 4611 308 4664 aque
337 4600 513 4651 simus
552 4596 624 4648 ab
666 4594 771 4646 alio
809 4603 930 4662 post
962 4602 1190 4646 tnortem
1233 4594 1509 4658 laudandi,
1547 4594 1722 4647 illices

168 4689 373 4756 quidam
408 4688 673 4759 praeclare
709 4685 935 4753 posteris
975 4683 1174 4751 objecti
1207 4685 1575 4738 azntulationis
1603 4686 1724 4748 ;sin

169 4783 396 4852 sequius,
451 4799 563 4835 non
607 4781 780 4834 solum
835 4794 940 4832 non
990 4779 1297 4843 laudemur,
1355 4780 1486 4846 quin
1536 4780 1724 4832 aeterni

171 4879 330 4943 prauis
363 4873 621 4945 supplicii
675 4880 988 4936 multcmur,
1019 4871 1166 4941 quod
1201 4870 1440 4924 terribile
1486 4879 1571 4924 est
1613 4881 1726 4923 tum

172 4972 388 5038 cogitatu
422 4980 544 5022 tum
571 4966 745 5020 dictu.
775 4965 889 5019 iam
919 4966 1120 5020 videsis
1157 4965 1289 5018 tnihi
1319 4975 1376 5018 ut
1407 4965 1533 5019 hinc
1562 4965 1728 5019 vicis-

173 5061 264 5115 sim
297 5062 668 5124 abscedimus,
696 5073 759 5111 ac
783 5074 889 5127 quo
920 5059 1158 5124 abimus,
1185 5070 1297 5111 tum
1321 5073 1440 5126 qua:
1459 5058 1546 5112 hic
1573 5057 1729 5112 nobis

175 5153 238 5204 sit
279 5154 400 5208 vita:
455 5155 510 5206 in
561 5163 770 5220 paucos
819 5151 1135 5218 prorogatio
1192 5148 1330 5211 dies,
1389 5147 1455 5200 ad
1511 5148 1728 5203 virtutis

175 5247 633 5314 explorationem,
693 5252 745 5296 et
792 5252 1050 5311 tanquam
1105 5241 1409 5311 periculum
1465 5241 1728 5306 victuris,

179 5336 291 5393 inde
311 5338 622 5397 morituris,
653 5348 715 5388 ac
741 5336 819 5388 sic
853 5334 1179 5388 discessuris
1211 5334 1301 5387 ubi
1330 5341 1579 5402 perpetes
1611 5347 1726 5386 ma-

180 5442 410 5484 neamus.
454 5427 585 5482 llaec
620 5424 948 5494 prudentum
1008 5430 1243 5477 recolere
1280 5433 1384 5488 est,
1435 5439 1609 5492 eaque
1641 5422 1734 5490 qui

180 5522 387 5586 recolat,
431 5519 643 5581 tremit,
701 5526 754 5571 et
795 5516 1072 5579 formidat,
1138 5514 1230 5584 qni
1283 5515 1467 5568 studio
1519 5529 1737 5584 semper

182 5619 326 5674 obeat
351 5618 618 5690 quotidie,
651 5629 713 5668 ac
739 5613 982 5683 corporis
1005 5614 1162 5683 quasi
1209 5611 1500 5682 quamdam
1540 5628 1736 5666 marm-

244 5735 284 5765 ιο
309 5734 326 5788 ι
355 5735 478 5790 Cm,
516 5746 611 5792 xv,
640 5726 727 5782 50.
801 5730 845 5759 ⁶⁶
872 5728 1026 5782 Rom.
1055 5745 1129 5789 vr,
1165 5730 1248 5783 i9.
1324 5727 1364 5758 ⁶¹
1395 5727 1560 5783 Hebr.
1596 5748 1654 5793 ιι,
1689 5734 1772 5787 18.

186 5819 258 5870 tu,
285 5803 332 5859 8.
403 5805 447 5837 “
469 5801 708 5868 Philipp.
740 5815 819 5862 ut,
855 5801 940 5854 10.
1015 5802 1058 5831 ⁸⁸
1091 5799 1321 5869 Philipp.
1353 5816 1425 5864 tv,
1454 5802 1506 5854 4.

403 5900 684 5960 Ριτιιοι..
713 5901 829 5961 Gn.
871 5895 1083 5956 .\'Cl.\'.

1832 4616 1889 4658 ut
1923 4607 2164 4672 apparet.
2200 4595 2310 4648 veri
2353 4593 2607 4647 monachi
2637 4591 2894 4663 gaudent,
2924 4592 3018 4680 qui
3049 4608 3158 4645 non
3193 4594 3401 4655 uxoris,

1826 4693 2288 4748 non'liberorum,
2345 4700 2451 4738 non
2497 4697 2800 4742 servorum,
2839 4696 2945 4734 non
2982 4682 3246 4750 pecuniae,
3297 4699 3406 4737 non

1825 4788 2174 4857 praediorum,
2197 4795 2301 4834 non
2332 4778 2555 4831 alterius
2574 4775 2893 4845 cujuSqnatn
2919 4791 3104 4828 eortnn
3139 4791 3261 4844 quae
3285 4791 3404 4829 am-

1832 4879 1984 4931 biant
2035 4871 2286 4928 carnales
2344 4866 2712 4922 sollicitudine
2783 4867 3079 4925 ducantur,
3124 4881 3403 4935 unumque

1832 4971 2015 5023 ineant
2073 4963 2314 5019 studium
2376 4961 2576 5025 solum,
2612 4957 2703 5026 qui
2767 4957 3016 5024 placeant
3047 4955 3207 5010 Hero.
3242 4956 3402 5024 Quod

1831 5062 1917 5130 pol
1977 5057 2218 5113 studium
2249 5053 2376 5122 jugc
2439 5058 2522 5104 est
2576 5051 2630 5102 itt
2682 5047 2913 5100 Domino
2953 5047 3236 5118 gaudium,
3271 5066 3399 5104 nam

1832 5153 1921 5205 ubi
1974 5144 2387 5201 matrimonium
2427 5151 2532 5204 est,
2586 5154 2650 5194 ac
2685 5138 2937 5204 servitus,
2978 5149 3031 5192 et
3067 5155 3188 5210 qua
3238 5157 3305 5196 ex
3339 5143 3405 5198 iis

1831 5241 2094 5296 molestia:
2154 5242 2410 5297 manant;
2471 5233 2670 5287 misera
2742 5230 2856 5284 hinc
2899 5231 3178 5285 hominum
3223 5236 3410 5302 generi

1839 5332 2104 5387 divinitus
2157 5327 2317 5381 insita
2367 5322 2690 5384 distractio,
2739 5335 2844 5389 qua
2885 5319 3307 5387 distinerentur,
3355 5333 3412 5377 ut

1845 5425 1949 5479 fert
1988 5419 2296 5478 Salomonis
2325 5417 2595 5472 sententia
2617 5415 2656 5443 ’λ’
2682 5430 2694 5465 :
2727 5411 2938 5466 difﬁcile
2987 5424 3070 5466 est
3101 5413 3154 5467 in
3183 5414 3416 5468 Domino

1847 5518 2117 5589 gaudere,
2158 5518 2337 5570 mente
2377 5508 2446 5562 ab
2496 5508 2565 5564 iis
2617 5520 2738 5575 qua:
2775 5504 3000 5573 praedixi
3032 5520 3060 5558 a
3099 5517 3286 5559 sancta
3323 5503 3412 5560 Dei

1845 5607 2224 5665 recordatione
2275 5604 2512 5663 demota,
2575 5601 2628 5654 in
2685 5611 2792 5666 qua
2852 5598 3016 5650 situm
3077 5599 3128 5648 in
3187 5596 3421 5652 Domino

2431 5717 2475 5750 ⁶³
2500 5714 2648 5771 Psal.
2685 5726 2913 5777 Lxxxnt,
2951 5712 3034 5764 il.
3112 5711 3221 5765 “ll
3251 5711 3425 5781 Petr.,

1852 5731 2206 5786 "Romwm,
2241 5717 2331 5773 2t.

1584 5803 1626 5832 "
1658 5793 1830 5857 Eccle.
1869 5823 1906 5868 ι,
1941 5804 1960 5856 1
1992 5811 2143 5865 seqq.

2957 5877 3026 5935 ‘21
