4000 6306
583 365 679 426 651

586 590 656 627 nu
682 573 1034 643 gaudentum,
1081 575 1346 638 laetemur,
1402 585 1454 627 et
1485 574 1626 627 inter
1663 587 1763 625 nos
1797 570 2154 627 collaetemur,

587 663 815 729 fratres,
874 664 1244 732 exspectando
1311 663 1640 733 virginitatis
1702 677 1765 715 ac
1823 655 2158 729 paupertatis

585 755 806 825 praemia
852 770 881 809 a
938 764 1348 810 remuneratore
1400 755 1528 821 Deo,
1584 755 1676 825 qui
1730 749 2039 807 mercedem
2071 748 2152 803 vel

587 847 795 918 frigidae
833 857 916 902 est
973 847 1252 917 pollicitus
1277 849 1353 915 “,
1421 848 1617 904 nedum
1683 857 1792 902 tam
1849 845 2155 916 grandium,

585 948 638 993 ct
670 940 964 1007 ingentium
995 939 1297 994 facinorum
1329 957 1344 1003 ;
1383 956 1506 993 nam
1539 938 1782 1008 profecto
1815 925 2156 992 summa'est.

585 1046 650 1084 ac
689 1031 1004 1099 praecellens
1062 1030 1388 1099 virginitatis
1456 1029 1700 1094 functio,
1758 1026 2160 1095 conjuncta‘qne

586 1135 710 1173 cum
745 1120 985 1190 angelica
1015 1121 1150 1182 vita,
1186 1136 1307 1191 quae
1335 1120 1608 1174 hominem
1640 1126 1854 1175 revocet
1883 1118 1949 1171 ad
1981 1115 2152 1184 origi-

587 1226 730 1274 nem,
776 1212 826 1264 in
861 1212 1191 1280 paradisum,
1245 1228 1370 1267 cum
1423 1213 1654 1281 nuptiae,
1711 1219 1874 1279 atque
1927 1206 2160 1263 servitus

588 1319 855 1374 nusquam
886 1305 1103 1373 vitaque
1132 1306 1376 1374 quaedam
1413 1320 1627 1368 secura,
1656 1313 1710 1357 et
1748 1300 1970 1355 innoxia
1999 1299 2154 1368 dege-

587 1403 753 1448 retur.
800 1394 894 1448 Sin
927 1404 977 1448 te
1013 1395 1155 1449 haud
1188 1395 1383 1457 laetari,
1417 1396 1549 1464 quin
1581 1394 1766 1449 dolere
1793 1392 1967 1454 dicas,
2004 1405 2154 1457 quae-

588 1499 735 1548 nam,
792 1500 943 1556 rogo,
977 1501 1140 1540 causa
1170 1496 1254 1540 est
1280 1485 1534 1540 doloris?
1581 1483 1736 1552 Quod
1767 1483 1958 1552 culpas
1987 1481 2160 1535 admic

588 1579 848 1633 sisti?At
875 1595 952 1634 ea:
1001 1596 1099 1652 per
1141 1581 1534 1644 secessionem,
1567 1591 1621 1635 et
1667 1577 2055 1639 obedientiam,
2100 1591 2162 1629 ac

586 1669 986 1724 confessionem
1038 1678 1165 1724 sunt
1203 1671 1468 1726 remissae.
1499 1671 1581 1724 Au
1627 1669 1773 1740 quod
1801 1667 2056 1740 cogitatis
2107 1666 2159 1718 in

587 1762 703 1815 dies
759 1759 958 1814 ferire?
1013 1761 1083 1815 At
1107 1761 1320 1830 signum
1378 1760 1428 1813 id
1492 1775 1710 1830 quoque
1771 1768 1855 1815 est
1923 1772 2159 1823 coronae,

587 1866 764 1921 neque
791 1852 937 1906 enim
969 1851 1110 1907 bello
1158 1853 1398 1906 alienum
1432 1853 1725 1922 quisquam
1781 1852 1875 1907 sed
1929 1851 2157 1905 bellato‘

587 1953 701 1995 rem
755 1951 1017 2008 coronat;
1071 1959 1171 1998 nec
1229 1944 1282 1997 in
1342 1959 1561 1998 arenam
1618 1957 1724 1997 non
1786 1957 2160 2013 progressum,

587 2032 716 2102 quin
749 2033 964 2101 egregie
991 2048 1170 2103 pugna
1217 2031 1533 2087 defunctum
1580 2032 1838 2086 donativo
1874 2031 2160 2101 prosequi-

589 2135 698 2176 tur.
753 2122 871 2176 Non
932 2124 1122 2178 videtis
1180 2134 1238 2178 ut
1290 2125 1432 2178 unde
1463 2125 1668 2179 tristari
1743 2123 2163 2186 diciinur,hinc

587 2213 758 2268 laetari
810 2214 1150 2270 habeamus?
1191 2217 1544 2284 quamobrem
1599 2216 1841 2269 laetemur
1877 2254 1891 2277 ,
1944 2216 2159 2275 fratres,

589 2306 815 2374 spiritali
869 2308 1076 2377 agendo
1131 2308 1330 2376 gaudio
1383 2308 1688 2372 instantes,
1755 2316 1809 2360 et
1868 2309 2048 2361 acrius
2094 2308 2159 2361 ad

587 2400 786 2455 diaboli
816 2398 1034 2454 fraudes
1089 2400 1454 2465 obluaantcs,
1505 2402 1595 2470 qui
1619 2401 1740 2470 ejus
1769 2400 2005 2454 insultus
2039 2417 2162 2470 pre-

588 2492 744 2546 cibus
781 2491 1122 2561 acsupplicio
1153 2490 1489 2562 frangamus,
1517 2502 1571 2546 et
1607 2491 1975 2547 submissione
1998 2501 2162 2562 atque

589 2582 898 2638 obedientia
934 2583 1156 2652 laqueos
1199 2582 1567 2652 dissipemus;
1607 2592 1719 2637 tum
1764 2592 1943 2637 autem
1988 2583 2161 2654 lacry-

590 2675 713 2738 mis,
740 2687 803 2727 ac
833 2673 1253 2740 compunctione
1292 2674 1448 2742 quasi
1485 2675 1776 2742 quemdam
1809 2672 2155 2728 Pharaonem

590 2763 1016 2830 demergamus,
1080 2769 1132 2815 et
1198 2762 1517 2831 prolitendis
1586 2761 1919 2831 edendisque
1981 2761 2160 2831 culpis

589 2855 778 2923 procul
811 2857 861 2907 in
889 2852 1069 2922 fugam
1095 2861 1391 2919 vertamus,
1420 2854 1744 2923 ceterisque
1772 2854 1984 2908 cunctis
2013 2865 2158 2908 recte

591 2945 751 2998 factis
784 2945 965 2999 divina
998 2959 1098 3013 ope
1130 2953 1558 3012 prosternamus.
1588 2942 1683 2998 Pol
1721 2943 1977 2998 fraudum
2012 2944 2152 2997 mul-

589 3036 775 3106 tiplex,
816 3046 979 3106 atque
1011 3034 1204 3090 artifex
1235 3036 1499 3089 scelerum
1535 3046 1636 3101 est,
1671 3037 1762 3106 qui
1805 3051 1904 3090 nos
1948 3036 2160 3089 interfi-

589 3143 715 3183 cere
741 3144 1012 3197 quaerens,
1064 3139 1176 3183 tum
1222 3139 1443 3196 captare
1505 3145 1614 3199 quo
1663 3130 1876 3199 ingruat
1923 3141 2156 3199 tempus,
2187 3160 2229 3217 ε

591 3228 707 3272 tum
770 3221 1010 3289 recipere
1062 3235 1121 3274 se
1191 3221 1357 3286 norit,
1417 3236 1515 3277 ceu
1563 3222 1760 3283 victus,
1808 3221 2035 3285 scilicet,
2101 3231 2160 3274 ut

591 3311 806 3365 irruens
838 3318 1076 3380 repente,
1116 3310 1444 3379 imparatum
1480 3313 1724 3364 animum
1748 3320 1964 3370 nactus,
2006 3312 2153 3380 quod

590 3404 707 3458 vult
743 3403 955 3457 efficiat.
1000 3401 1113 3458 Nos
1154 3403 1434 3458 enimvero
1485 3419 1584 3473 pro
1613 3403 1845 3457 statione
1875 3403 1963 3458 siti
1995 3419 2161 3457 excu-

591 3495 818 3561 bemus;
860 3495 1167 3564 vigilemus,
1205 3497 1403 3550 mentis
1453 3497 1673 3552 oculum
1727 3498 2024 3566 insopitum
2079 3508 2158 3551 tc-

590 3596 802 3652 nentes,
838 3587 1123 3656 studioque
1153 3586 1363 3642 fervens
1400 3588 1676 3659 ingenium
1715 3589 1935 3645 divino:
1965 3605 2070 3659 qua
2104 3606 2161 3644 re

593 3679 837 3740 stabiles,
868 3692 934 3732 ac
962 3679 1148 3734 invicti
1197 3694 1536 3744 maneamus,
1576 3697 1729 3746 sane,
1767 3682 2016 3745 obsecro,
2052 3697 2156 3736 neu

591 3768 845 3823 obeundo
877 3769 1018 3823 bello
1052 3779 1392 3837 torpeamus,
1431 3788 1531 3825 neu
1563 3772 1617 3824 in
1644 3773 1941 3825 adversarii
1981 3788 2158 3842 pugna

592 3856 997 3913 defetiscamur.
1045 3859 1196 3915 Finis
1259 3861 1506 3916 imminet
1549 3864 1933 3930 certaminum,
2002 3875 2162 3935 atque

592 3948 747 4001 abest
816 3949 1100 4002 minimum
1156 3950 1287 4019 quin
1345 3951 1571 4022 jamjam
1629 3955 1811 4008 veniat
1860 3956 2161 4011 adventans

593 4036 837 4105 nihilque
866 4047 1176 4101 cunctetur,
1206 4050 1300 4095 aut
1335 4042 1604 4113 cujusque
1643 4056 1889 4101 nostrum
1914 4047 2156 4112 decessu,

593 4137 687 4180 aut
723 4128 889 4183 totius
948 4130 1186 4184 universi
1233 4131 1464 4187 decursu
1508 4136 1834 4206 peragendo,
1864 4152 1970 4205 qua
2022 4147 2161 4190 teni-

595 4228 798 4287 pestate
819 4221 1099 4291 apparebit
1133 4237 1163 4277 e
1203 4223 1364 4288 caelo,
1406 4225 1667 4294 angelicis
1700 4224 1870 4294 e0piis
1895 4225 2152 4294 stipatus,

595 4313 859 4382 igneaque
897 4313 1152 4377 flamma,
1207 4324 1260 4368 et
1320 4315 1540 4368 infanda
1587 4316 1872 4384 majestate
1927 4317 2156 4383 obsitus,

593 4419 719 4458 cum
767 4404 985 4473 quidem
1045 4404 1247 4458 Videbit
1296 4421 1413 4458 eum
1439 4406 1608 4458 omnis
1653 4407 1868 4471 oculus,
1901 4410 2163 4477 quemado

1772 369 1830 427 S.
1861 359 2247 424 THEODORI
2310 360 2652 420 STUDszE

585 482 840 553 gaudium
877 491 982 536 est.
1018 481 1203 549 Itaque
1235 483 1326 552 qni
1357 499 1385 537 e
1415 496 1644 536 numero
1673 484 1845 534 simus
1879 481 1931 532 in
1981 476 2160 530 Domi-
2195 478 2240 534 Δ

3744 354 3854 416 652

2856 471 3085 526 SEBMO
3122 470 3256 525 CXI.

2583 566 2656 620 De
2685 567 2987 628 tolerantia,
3019 582 3080 617 ac
3114 563 3527 632 compunrtione.

2333 660 2550 714 Fratres
2602 660 2915 728 Patresque,
2967 658 3218 728 equidem
3283 657 3500 710 locutus
3551 653 3726 723 loqui,
3785 668 3848 705 ac

2265 751 2543 804 cohortari
2575 750 2823 803 insistam
2851 750 3194 811 rnhortatus,
3225 747 3317 817 qui
3351 745 3567 814 quidem
3601 745 3706 800 sim
3737 747 3848 798 sol-

2264 842 2470 906 licitus,
2524 852 2880 911 posteaquam
2918 849 2971 894 et
3013 850 3178 909 caput
3219 839 3433 893 obsidet
3475 846 3757 901 senectus,
3795 849 3846 889 et

2264 933 2595 988 horrendum
2653 943 2736 988 est
2795 934 3134 1003 prazfecturze
3186 932 3476 1002 judicium,
3533 930 3666 998 quid
3716 946 3848 999 pos-

2262 1043 2380 1080 sum
2446 1042 2552 1081 non
2604 1027 3006 1088 extimescere,
3073 1042 3136 1081 ac
3189 1040 3503 1096 praecupere
3559 1040 3670 1077 non
3730 1024 3848 1076 haec

2262 1135 2435 1189 pauca
2464 1119 2645 1187 eloqui
2674 1120 2875 1183 solum,
2905 1120 3035 1187 quin
3064 1119 3223 1172 nauci
3255 1119 3395 1170 hanc
3426 1117 3593 1169 vitam
3621 1129 3846 1182 quoque

2262 1222 2361 1274 pro
2399 1217 2643 1261 vestrum
2680 1208 2909 1276 singulis
2947 1204 3298 1276 impendere?
3331 1205 3497 1274 Igitur
3526 1203 3843 1264 audiamus,

2262 1296 2483 1359 fratres,
2521 1298 2840 1366 Apostolum
2887 1297 3157 1350 dicentem
3210 1314 3222 1349 :
3280 1294 3501 1362 Tempus
3559 1292 3712 1343 breve
3767 1301 3846 1343 est

2261 1402 2438 1454 porro,
2465 1396 2521 1439 ut
2551 1396 2600 1440 et
2632 1390 2718 1455 qui
2751 1385 2936 1440 habent
2968 1401 3156 1439 uxores
3185 1399 3436 1452 tanquam
3464 1396 3565 1434 non
3594 1380 3844 1432 habentes

2261 1475 2388 1539 sint,
2424 1484 2472 1527 et
2501 1475 2589 1544 qui
2616 1476 2742 1544 ﬂent
2771 1486 3023 1543 tanquam
3052 1491 3154 1527 non
3183 1475 3385 1543 ﬂentes,
3412 1483 3461 1527 et
3491 1471 3581 1542 qui
3612 1472 3844 1541 gaudent

2264 1577 2516 1636 tanquam
2553 1583 2652 1620 non
2690 1569 2995 1637 gaudentes,
3029 1577 3076 1619 et
3111 1567 3201 1636 qui
3231 1579 3407 1618 emunt
3448 1573 3701 1634 tanquam
3740 1580 3843 1616 non

2263 1657 2610 1725 possidentes,
2637 1666 2683 1710 et
2714 1657 2802 1725 qui
2840 1664 3064 1709 utuntur
3093 1656 3186 1708 hoc
3217 1654 3411 1707 mundo
3450 1663 3700 1720 tanquam
3739 1669 3845 1704 non

2266 1757 2504 1802 utentes:
2534 1749 2766 1817 prwterit
2798 1750 2933 1801 enim
2969 1750 3142 1816 ﬁgura
3185 1747 3339 1814 huius
3381 1746 3562 1799 mundi
3595 1745 3641 1776 "
3698 1743 3842 1810 Quid

2265 1851 2369 1896 est.
2404 1843 2635 1907 prwterit
2685 1842 2855 1912 ﬁgura
2904 1842 3060 1911 hujus
3107 1841 3332 1895 mundi?
3372 1841 3420 1894 ld
3458 1850 3560 1904 est,
3615 1840 3839 1903 labitur,

2264 1937 2671 2005 prmterequizat
2699 1951 2800 1990 nec
2826 1936 2906 1990 vel
2942 1937 3261 1991 diuturnam
3298 1935 3648 1991 stabilitatem
3693 1934 3841 1988 obti-

2263 2043 2417 2093 nens,
2471 2028 2563 2082 sed
2601 2028 2692 2096 qui
2744 2028 2857 2081 heri
2908 2027 3135 2089 nitidus,
3193 2028 3357 2083 hodie
3399 2028 3707 2097 squalidus,
3743 2029 3840 2096 qui

2263 2120 2379 2174 heri
2429 2119 2483 2173 in
2516 2137 2573 2174 re
2622 2120 2928 2188 splendida,
2965 2121 3130 2174 hodie
3180 2120 3233 2174 in
3271 2121 3493 2175 miseria
3533 2130 3649 2187 est;
3693 2134 3840 2174 nunc

2261 2210 2544 2264 extollitur
2576 2210 2686 2274 ille,
2724 2226 2868 2265 nunc
2902 2212 3035 2264 alter
3063 2211 3328 2280 dignitate
3353 2211 3498 2275 ruit;
3526 2210 3617 2265 hic
3645 2226 3675 2264 e
3706 2225 3839 2278 pau-

2261 2318 2388 2372 pere
2420 2305 2477 2357 lit
2506 2303 2679 2366 dives,
2716 2305 2856 2358 alius
2892 2319 2922 2358 e
2955 2303 3124 2357 divite
3157 2318 3384 2372 pauper,
3428 2303 3685 2372 milleqne
3716 2318 3840 2355 mu-

2263 2396 2584 2460 tationibus,
2626 2407 2790 2463 atque
2847 2396 3062 2450 vicibus
3109 2411 3417 2452 aerumnosa
3468 2404 3655 2450 nostra
3703 2396 3839 2450 sub-

2262 2489 2397 2558 jecta
2452 2491 2558 2543 vita
2609 2499 2711 2552 est,
2769 2488 2904 2544 nihil
2954 2490 3238 2557 possidens
3272 2497 3550 2545 constans.
3598 2487 3749 2544 Unde
3785 2489 3837 2542 id

2261 2579 2455 2632 accidit
2479 2578 2650 2632 vero?
2676 2579 2932 2633 nimirum
2963 2595 3028 2633 ex
3057 2581 3184 2633 olim
3215 2579 3424 2634 inscitia
3455 2586 3677 2632 nostra:
3712 2594 3835 2631 nam

2261 2679 2596 2741 contempto,
2643 2673 2789 2742 quod
2841 2676 2890 2727 in
2949 2674 3202 2742 paradiso
3260 2673 3596 2743 accepimus,
3646 2684 3840 2728 sancto

2261 2771 2569 2831 prmeepto,
2631 2761 2933 2832 fraudeque
2986 2761 3255 2831 serpentis
3323 2760 3600 2830 voluptate
3649 2761 3836 2826 illecti,

2261 2851 2406 2905 haud
2452 2853 2548 2908 abs
2602 2869 2660 2908 re
2707 2854 3040 2908 calamitosae
3116 2868 3180 2908 ac
3228 2854 3508 2908 mutabilis
3557 2855 3683 2907 vitae
3718 2865 3838 2907 tan-

2263 2960 2426 3014 quam
2463 2946 2516 2999 in
2552 2961 2771 3000 manum
2813 2945 3189 3000 convenimus.
3224 2943 3307 2999 Ob
3333 2960 3495 3015 quam
3536 2954 3591 3000 et
3621 2944 3835 2999 Domini

2262 3038 2435 3091 nostri
2481 3035 2608 3091 Jesu
2644 3036 2850 3092 Christi
2901 3038 3168 3092 adventus
3208 3039 3465 3108 agitetur,
3509 3039 3601 3109 qui
3638 3040 3834 3109 origini

2262 3131 2502 3184 redditos
2542 3128 2594 3183 in
2634 3146 2808 3185 aevum
2856 3133 3109 3186 restituat
3154 3134 3338 3186 insons
3390 3141 3554 3202 atque
3590 3133 3833 3189 alienum

2263 3224 2458 3288 dolori,
2492 3235 2552 3279 ut
2586 3225 2912 3294 prudentum
2948 3226 3040 3287 sit,
3076 3236 3128 3280 et
3159 3227 3478 3295 proborum,
3510 3229 3562 3281 in
3599 3229 3834 3284 instabi-

2264 3314 2409 3369 libus
2435 3315 2672 3380 ﬁrmum,
2696 3317 2747 3368 in
2774 3316 3127 3371 mutabilibus
3151 3316 3483 3372 immobilem
3507 3321 3834 3385 consistere;

2263 3421 2499 3474 quorum
2551 3406 2604 3460 id
2641 3415 2724 3462 est
2764 3418 2966 3472 autem,
3015 3407 3124 3462 nisi
3169 3408 3553 3463 crucifixorum
3606 3411 3834 3468 mundo,

2265 3497 2578 3568 Herumque
2624 3499 2989 3569 sequentum?
3038 3500 3325 3555 Enimvero
3382 3501 3420 3554 ii
3472 3516 3572 3554 nos
3620 3517 3836 3560 sumus.

2261 3590 2467 3644 Christi
2499 3590 2784 3652 beneficio,
2821 3591 3013 3647 fratres
3050 3592 3361 3655 venerandi,
3397 3593 3491 3661 qui
3523 3595 3836 3648 secessione.

2263 3679 2406 3736 facta
2456 3681 2676 3748 illustri,
2710 3683 3021 3738 obedientia
3057 3682 3436 3751 defungatnur,
3487 3699 3668 3737 rerum
3713 3688 3832 3754 pul-

2264 3774 2560 3836 cherrima,
2586 3788 2689 3843 qua
2726 3774 2778 3826 in
2804 3775 3088 3842 antiquum
3116 3774 3260 3826 velut
3291 3773 3627 3842 postliminio
3653 3790 3834 3830 rever-

2267 3873 2476 3931 tamur;
2512 3865 2710 3919 etenim
2740 3864 2994 3932 paradiso
3024 3864 3094 3918 ob
3123 3862 3575 3928 inobedicntiam,
3607 3883 3671 3921 ac
3703 3886 3835 3923 con-

2263 3958 2557 4011 tumaciam
2600 3957 2938 4026 proscriptos
2967 3956 3141 4011 voluit
3177 3966 3258 4010 ter
3290 3959 3531 4026 optimus
3571 3959 3714 4016 Deus
3745 3980 3836 4029 per

2263 4048 2627 4103 obedientiam
2695 4057 2749 4101 et
2780 4048 3104 4117 obsequium
3143 4062 3464 4117 recuperare
3497 4051 3832 4119 paradisum.

2262 4140 2629 4207 Quamobrem
2665 4143 3000 4213 gaudeamus
3043 4143 3096 4196 in
3135 4143 3442 4197 obedientia
3482 4154 3692 4207 nostra,
3730 4162 3832 4216 qna

2264 4235 2316 4289 in
2347 4249 2641 4304 perennem
2677 4235 2840 4289 vitam
2888 4235 3236 4290 reducamur.
3274 4234 3470 4290 Verum
3514 4245 3569 4290 et
3602 4238 3656 4290 in
3701 4253 3833 4293 can-

2264 4323 2414 4379 ﬂictu
2449 4325 2773 4395 pertinacia,
2813 4333 2865 4378 et
2898 4325 2953 4378 in
2982 4323 3243 4379 aerumnis
3279 4325 3567 4379 tolerantia
3600 4330 3834 4397 requiri.

2268 4423 2375 4480 tur;
2418 4431 2544 4470 nam
2573 4417 2617 4470 si
2651 4417 2952 4470 secundum
2984 4431 3204 4470 carnem
3236 4417 3378 4470 haud
3417 4417 3552 4472 citra
3589 4419 3832 4490 ingentes

595 4495 818 4550 modum
879 4498 1138 4566 scriptum
1193 4509 1295 4558 est,
1357 4516 1418 4551 ac
1473 4502 1563 4566 qui
1596 4516 1714 4552 eum
1742 4510 2074 4570 pupugerunt
2110 4510 2158 4554 et
2193 4492 2237 4546 Ῑ)
2267 4509 2480 4562 labores
2532 4523 2594 4561 ac
2624 4508 2852 4562 sudores
2884 4509 3110 4562 victoria
3143 4516 3386 4576 paratur,
3416 4519 3624 4579 quanto
3666 4514 3832 4579 magis

594 4587 840 4657 plangant
876 4605 1030 4656 super
1072 4605 1131 4643 eo
1183 4607 1358 4644 omnes
1410 4595 1575 4644 tribus
1610 4603 1762 4645 terra:
1788 4594 1852 4646 “.
1907 4592 2078 4658 Quam
2113 4594 2163 4647 id

596 4679 839 4734 terribile
879 4681 1248 4750 spectaculum
1283 4693 1384 4745 est,
1417 4694 1469 4736 et
1519 4684 1666 4735 omni
1723 4686 2166 4738 consternatione

595 4775 802 4845 majus!
831 4775 1075 4830 Gestient
1123 4786 1234 4829 tum
1280 4777 1499 4846 quidem
1555 4779 1647 4846 qui
1699 4779 2012 4847 praeclarum
2048 4795 2165 4834 cer-

594 4876 777 4921 tamen
803 4866 1173 4930 decertarunt,
1206 4869 1298 4937 qui
1342 4868 1393 4921 in
1428 4867 1684 4937 periculis
1719 4870 2024 4938 perstitere,
2069 4874 2163 4941 qui

595 4957 917 5026 probitatem
951 4973 1224 5024 amavere,
1257 4960 1352 5029 qui
1399 4959 1875 5029 morigerationem
1921 4962 2159 5025 obivere,

595 5053 688 5120 qui
719 5051 1082 5108 obedientiam
1111 5069 1387 5125 peregere,
1439 5055 1530 5123 qui
1561 5054 1784 5107 omnino
1821 5055 1875 5108 in
1911 5057 2164 5112 omnibus

598 5144 707 5198 Deo
735 5145 1005 5214 placuere.
1031 5145 1240 5211 Quibus
1277 5147 1496 5201 accensi
1545 5160 1644 5200 nos
1674 5160 1913 5216 quoque,
1943 5150 2164 5203 aeternis

597 5235 755 5291 bonis
781 5237 1044 5302 fruamur,
1087 5253 1182 5308 per
1208 5237 1485 5292 Christum
1516 5237 1699 5293 Jesum
1746 5240 2029 5292 Dominum
2071 5257 2165 5293 no-

597 5335 796 5390 strum,
831 5328 918 5382 cui
943 5327 1107 5398 gloria
1132 5336 1186 5382 et
1225 5329 1534 5398 imperium,
1576 5347 1698 5386 cum
1730 5332 1910 5396 Patre,
1952 5348 2014 5386 ac
2039 5347 2165 5385 san-

595 5427 685 5471 cto
709 5417 933 5487 Spiritu,
964 5434 1106 5473 nunc
1137 5428 1191 5474 et
1213 5435 1445 5490 semper,
1477 5421 1530 5476 in
1557 5436 1880 5492 omnemque
1900 5423 2164 5492 perpetui-

596 5517 782 5562 tatem.
812 5508 1002 5564 Amen.

671 5735 716 5766 ⁵⁸
754 5733 941 5790 Matth.
979 5753 1033 5804 ι,
1066 5737 1154 5793 42.
1232 5740 1274 5772 θ’
1307 5739 1473 5810 Apoc.
1501 5758 1540 5805 ι,
1573 5742 1623 5795 7.

2262 4598 2357 4666 qui
2391 4600 2513 4650 vitae
2560 4599 2648 4652 hic
2683 4598 3018 4652 curriculum
3051 4598 3226 4653 victor
3260 4602 3536 4662 decurrat.
3570 4603 3747 4658 virilis
3782 4606 3829 4655 in

2262 4691 2451 4758 primis
2501 4699 2552 4744 et
2584 4694 2967 4759 magnanimus
2997 4694 3068 4746 sit
3101 4695 3352 4761 oportet?
3375 4694 3563 4764 Itaque
3601 4705 3827 4757 stemus.

2265 4782 2472 4847 hortor,
2505 4783 2773 4848 animose,
2829 4785 2919 4852 qni
2958 4785 3199 4853 quotidie
3251 4786 3443 4854 vigiles
3496 4788 3829 4843 excubemns

2266 4875 2513 4928 traducto
2544 4875 2597 4930 in
2646 4877 2821 4930 solum
2861 4875 3028 4930 Deum
3066 4877 3355 4941 desiderio,
3403 4879 3457 4932 in
3495 4895 3672 4949 eoque
3703 4897 3827 4936 con-

2263 4968 2570 5037 templando
2625 4969 2808 5034 deﬁxi,
2853 4970 3164 5039 lacrymosi,
3211 4969 3340 5024 tacti
3382 4974 3826 5040 compunctione,

2261 5060 2513 5129 precibus
2537 5061 2801 5129 supplicio
2821 5060 3167 5123 reluctantes,
3187 5062 3370 5130 itaque
3397 5064 3566 5117 sancti
3597 5066 3828 5132 Spiritus

2263 5153 2489 5220 gratiam
2515 5153 2794 5215 ducentes,
2824 5153 2970 5205 nulla
3012 5154 3159 5207 enim
3197 5169 3255 5208 re
3283 5163 3566 5223 tantopere
3596 5156 3827 5210 delecta-

2265 5254 2350 5295 tnr
2380 5243 2541 5305 Deus,
2579 5260 2643 5296 ac
2674 5253 2853 5298 mente
2899 5261 2929 5299 a
2961 5245 3109 5299 vitiis
3141 5261 3298 5314 pura,
3337 5262 3435 5299 nec
3476 5255 3585 5299 tam
3631 5248 3826 5301 odora-

2271 5341 2379 5383 tum
2433 5331 2636 5384 redolet
2671 5343 2910 5400 pratum,
2947 5348 3111 5402 quam
3141 5336 3357 5388 animus
3393 5335 3689 5391 virtutibus
3722 5337 3824 5390 fra-

2269 5436 2454 5489 grans.
2500 5420 2592 5474 Sin
2650 5423 2848 5477 accidit
2882 5424 3199 5490 dormitare,
3229 5436 3286 5478 at
3333 5425 3704 5494 evigilandum
3753 5437 3827 5480 est

2273 5515 2694 5584 quamprimum,
2721 5528 2784 5571 ac
2832 5517 2874 5571 si
2906 5517 2986 5571 vel
3033 5517 3230 5588 septies
3277 5518 3328 5573 in
3371 5519 3512 5576 diem
3547 5521 3827 5575 admittere

1702 5743 1748 5773 ⁷ο
1784 5741 1801 5794 l
1837 5741 1964 5797 Cor.
2000 5758 2091 5808 vn,
2134 5741 2223 5806 9.6,
2260 5743 2352 5796 5f.
