4000 6306
140 369 235 430 653

1333 365 1631 426 SERMON
1642 363 1730 421 ES
1786 363 2300 424 CATECHETICI.

3269 352 3377 418 6M

139 479 440 544 contingat,
466 478 675 546 septies
701 474 1152 544 resipiscendum,
1185 490 1292 543 quo
1322 475 1484 539 facto,
1520 473 1715 529 admit-
1744 479 1790 534 Α
1826 473 2029 528 bonum
2060 485 2161 542 est,
2193 491 2300 545 qua
2349 489 2540 545 parvo,
2577 489 2683 543 qua
2715 487 2931 542 magno,
2984 486 3092 541 qua
3140 470 3373 531 erudito,

141 583 315 623 tamur
342 587 358 636 ;
392 569 440 622 si
467 569 551 622 vel
582 569 892 637 septuagies
923 569 1121 634 septies
1149 567 1199 620 id
1234 567 1522 636 patiamur,
1553 567 1714 620 toties

140 661 451 715 adhibenda
510 660 854 729 poenitentia,
911 675 1010 713 nec
1061 674 1154 727 spe
1201 658 1611 721 frustrabimur,
1654 664 1715 710 ut

140 756 385 808 divinum
435 753 541 808 fert
590 754 964 823 promissum;
1007 761 1214 825 tantum
1248 753 1590 816 insistamus,
1619 765 1714 803 co-

141 846 348 909 hortor,
389 859 506 898 neu
537 845 952 906 defetiscamur,
985 845 1114 912 quin
1147 859 1176 896 a
1215 842 1458 911 lapsibus
1488 856 1591 895 nos
1628 834 1715 894 re—

140 951 422 991 vocemus.
454 935 580 990 Jam
623 937 748 990 fluis
781 935 1028 990 imminet
1071 934 1453 996 certaminum,
1489 932 1715 1001 propin-

141 1039 304 1099 quant
334 1031 628 1100 gaudium,
661 1041 714 1083 et
757 1029 1087 1098 triumphus,
1133 1042 1196 1080 ac
1224 1041 1442 1081 coronae
1469 1025 1714 1095 probita-

144 1123 229 1187 tis,
262 1138 408 1192 quas
438 1132 495 1176 et
523 1121 788 1191 consequi
816 1135 1121 1174 mereamur
1145 1118 1360 1174 Domini
1389 1119 1561 1173 nostri
1587 1117 1712 1172 Je’su

143 1212 337 1266 Christi
389 1212 723 1266 liberalitate
775 1221 939 1280 atque
987 1211 1250 1265 beneficio
1284 1210 1409 1265 :cui
1462 1210 1632 1280 gloria
1664 1219 1718 1265 et

143 1304 432 1369 imperium
487 1319 614 1358 eum
653 1303 827 1368 Patre,
864 1318 928 1358 ac
966 1314 1158 1357 sancto
1203 1304 1430 1372 Spiritu,
1480 1318 1622 1356 nunc
1662 1311 1718 1356 et

144 1409 372 1464 semper,
406 1395 466 1448 in
499 1409 831 1462 omnemque
855 1395 1292 1464 perpetuitatem.
1323 1382 1511 1448 Amen.

718 1501 952 1557 SERMO
993 1503 1155 1559 CXII.

250 1594 325 1648 De
357 1611 610 1664 supremo
641 1594 754 1656 die,
787 1603 834 1647 et
883 1595 1103 1664 adventu
1131 1595 1354 1646 illustris
1392 1592 1502 1659 Dei,
1551 1609 1612 1646 ac

568 1663 863 1718 Servatoris
900 1663 1027 1717 Jesu
1064 1663 1284 1718 Christi.

209 1755 432 1810 Fratres
492 1756 829 1822 Patresque,
883 1768 1008 1807 cum
1091 1764 1386 1823 angustum
1435 1756 1715 1826 ingenium

148 1865 320 1903 meum
359 1857 416 1902 et
447 1848 609 1902 exilis
643 1846 912 1916 loquendo
944 1844 1127 1915 lingua
1158 1857 1262 1911 est,
1310 1855 1424 1902 tum
1471 1851 1711 1905 necessi-

150 1949 248 1994 tate
276 1940 542 2008 equidem
579 1948 768 2006 satago
794 1952 890 1990 vos
923 1936 1146 2005 alloqui.
1186 1936 1392 2007 Ecquid
1421 1948 1507 1994 est
1531 1950 1711 1994 autem

151 2027 502 2082 necessitas?
566 2024 908 2095 prmlecturze
965 2025 1268 2093 judicium,
1326 2041 1567 2097 ergaque
1617 2043 1714 2082 vos

152 2120 351 2173 amoris
401 2118 693 2179 debitum,
752 2115 945 2182 partim
987 2117 1197 2170 ratione
1252 2132 1350 2186 pro
1403 2118 1555 2172 vobis
1603 2118 1715 2174 Deo

154 2212 419 2266 reddenda
447 2210 558 2264 sub
587 2207 782 2277 judicii
821 2217 1038 2276 tempus
1070 2208 1124 2261 in
1153 2224 1261 2277 quo
1303 2219 1357 2266 et
1395 2213 1714 2281 praetrepido

157 2302 415 2366 misellus,
472 2299 674 2369 partim
710 2299 853 2351 bono
888 2308 1103 2367 pastore
1144 2299 1289 2353 haud
1323 2303 1483 2355 verba
1515 2304 1712 2367 solum,

155 2396 274 2463 quin
303 2395 474 2447 vitam
500 2407 601 2462 pro
639 2391 833 2444 ovibus
867 2391 1227 2460 impendente.
1257 2392 1466 2461 Itaque,
1497 2393 1714 2460 fratres,

157 2487 352 2550 adeste,
389 2485 542 2556 quod
573 2483 705 2537 felix
740 2483 1096 2553 faustumque
1129 2485 1221 2547 sit,
1259 2484 1439 2542 foedus
1470 2500 1634 2555 porro
1661 2487 1714 2539 in

156 2592 468 2645 supremum
525 2576 675 2630 diem
722 2577 1085 2645 paciscamur,
1126 2577 1543 2630 reconciliemur
1595 2577 1707 2631 Deo

159 2669 474 2738 priusquam
510 2667 877 2736 implacabilis
920 2669 1112 2726 mortis
1143 2668 1397 2721 adventet
1427 2669 1558 2722 liora
1580 2707 1596 2734 ,
1640 2669 1718 2722 si-

159 2762 364 2827 quidem
421 2767 611 2813 exstat
668 2759 778 2812 haec
816 2758 1085 2812 sententia
1119 2774 1131 2810 :
1164 2755 1285 2810 Non
1326 2769 1404 2811 est
1451 2758 1503 2810 in
1554 2770 1717 2812 morte

158 2853 238 2918 qui
268 2870 466 2906 memor
497 2855 568 2905 sit
599 2853 778 2916 tui,-in
810 2850 1013 2918 inferno
1044 2859 1217 2902 autem
1240 2853 1355 2918 quis
1389 2852 1719 2917 conﬁtebitur

160 2947 244 2998 tibi
270 2947 352 2999 "2
387 2946 508 3000 Non
569 2945 767 2998 fratres
819 2942 1060 3013 quotidie
1092 2942 1206 3012 rapi
1257 2942 1568 2997 cernimus?
1607 2957 1716 2996 non

160 3037 393 3093 videmus
433 3037 903 3108 quemadmodum
952 3044 1010 3088 ut
1048 3049 1182 3088 oves
1229 3033 1493 3087 habemur
1530 3035 1595 3087 ad
1637 3035 1718 3086 la-

1815 581 1924 634 qua
1973 567 2288 635 proletario,
2329 583 2435 637 qua
2469 567 2607 630 seni,
2659 581 2768 634 qua
2805 565 2994 634 juveni
3032 564 3158 629 ;sin
3193 579 3376 630 secus,

1815 657 1870 711 in
1919 658 2194 712 ctelestem
2230 659 2530 712 thalamum
2587 672 2696 711 non
2733 657 2990 712 admissis
3034 655 3179 710 fores
3215 657 3380 709 herus

1816 748 2113 818 praecludet
2140 767 2153 803 ς
2196 749 2304 812 Vw,
2325 749 2524 818 inquit,
2548 749 2748 800 homini
2775 747 2876 810 illi,
2909 763 3000 815 per
3026 763 3178 816 quem
3202 745 3378 800 Filius

1816 838 2040 890 hominis
2069 839 2306 892 tradetur
2323 855 2342 901 ;
2368 838 2556 890 bonum
2585 848 2696 890 erat
2737 838 2785 891 ei
2807 837 2851 890 si
2885 845 3040 889 natus
3075 851 3174 889 non
3197 836 3382 904 [uisset

1817 927 1971 981 homo
2006 927 2094 981 ille
2117 929 2183 982 7‘.
2221 927 2403 996 Neque
2435 929 2659 982 dubium
2697 939 2782 982 est
2827 927 2960 996 quin
2995 924 3062 980 de
3103 925 3381 995 proditore

1819 1019 2091 1087 loquatur,
2130 1019 2232 1074 etsi
2264 1019 2409 1072 haud
2451 1021 2548 1072 abs
2588 1034 2646 1073 re
2681 1026 2736 1072 et
2774 1018 2826 1072 in
2859 1014 3110 1085 quemvis
3144 1015 3377 1081 dicatur,

1817 1111 1914 1180 qui
1944 1111 2174 1165 salutem
2211 1125 2365 1164 suam
2399 1111 2612 1180 prodat.
2661 1108 2778 1164 Non
2829 1111 3120 1162 adventum
3152 1117 3379 1178 reputa-

1817 1222 1941 1262 mus
1975 1206 2210 1261 illustris
2241 1206 2358 1271 Dei,
2391 1221 2456 1261 ac
2485 1203 2796 1260 Servatoris
2838 1201 2969 1259 Jesu
3003 1203 3244 1259 Christi?
3271 1217 3381 1257 non

1821 1297 1997 1367 ignem
2030 1297 2446 1358 inexstinctum,
2484 1305 2798 1366 aeternaque
2826 1305 3121 1360 tormenta,
3154 1305 3210 1349 et
3239 1293 3383 1348 into-

1815 1388 2038 1442 leranda
2063 1389 2429 1442 revolvimus?
2451 1387 2494 1442 Ο
2520 1388 2613 1457 qui
2648 1389 2762 1441 haec
2795 1388 3081 1458 intelligat,
3111 1383 3384 1456 quasique

1815 1481 1994 1535 solers
2019 1482 2358 1548 gubernator
2389 1485 2573 1552 seipse
2609 1482 2900 1552 gubernet,
2951 1482 3383 1549 immersamque

1817 1573 1986 1628 animi
2038 1587 2274 1631 mentem
2308 1580 2376 1632 ab
2422 1578 2684 1648 improbis
2732 1578 3014 1647 spiritibus
3056 1570 3375 1630 conservet!

1820 1665 1950 1732 Nos,
1988 1682 2072 1722 me
2103 1667 2352 1735 Hercule,
2384 1672 2477 1739 qui
2514 1670 2888 1740 tranquillam,
2932 1678 2984 1722 et
3015 1669 3279 1738 quietam,
3314 1679 3381 1721 ac

1819 1759 2180 1826 compositam
2251 1759 2454 1814 Christi
2510 1760 2774 1816 beneflcio
2828 1760 2995 1814 vitam
3071 1758 3377 1828 coepimus,

1817 1849 1998 1903 adhuc
2039 1864 2298 1919 prospere
2345 1851 2635 1914 vehamur,
2687 1851 2867 1905 adhuc
2903 1849 3011 1903 laeti
3061 1856 3256 1903 cuncta
3286 1862 3382 1917 pa.

1816 1940 2040 2004 tiamur,
2084 1940 2314 2012 singulis
2368 1942 2684 1996 muniendis
2734 1942 2923 1996 divino
2963 1942 3162 1995 timore
3211 1954 3382 1994 mem-

1815 2031 1954 2087 bris.
1985 2032 2154 2103 Igitur
2187 2034 2383 2089 oculus
2413 2033 2818 2096 eurioseJueri
2852 2033 3186 2102 prohibetor,
3228 2030 3382 2086 auris’

1817 2125 2008 2177 lnanes
2041 2123 2250 2179 fabulas
2283 2139 2351 2178 ne
2398 2123 2689 2188 admittite,
2740 2123 2926 2193 lingua
2971 2122 3256 2177 detrahere
3286 2137 3380 2176 ve-

1818 2220 1965 2266 tator
1998 2213 2306 2282 (siquidem
2347 2215 2424 2268 ait
2471 2230 2484 2267 :
2534 2213 2638 2279 Qui
2673 2215 2898 2268 detrahit
2934 2214 3092 2284 fratri
3128 2230 3245 2278 suo,
3287 2222 3382 2266 aut

1810 2304 1905 2380 qui
1926 2304 2136 2372 judicat
2173 2305 2392 2374 fratrem
2435 2323 2614 2370 suum,
2660 2307 2892 2361 detrahit
2939 2308 3059 2378 legi,
3097 2317 3146 2361 et
3170 2307 3382 2377 judicat

1815 2391 1977 2461 legem
2003 2394 2109 2463 ⁷⁵),
2167 2410 2362 2450 manus
2409 2410 2508 2464 pro
2558 2398 2704 2451 virili
2755 2407 3042 2467 operator,
3094 2409 3381 2467 postquam

1815 2484 2052 2537 otiosum
2105 2500 2205 2540 nec
2239 2501 2486 2542 comesse
2529 2488 2826 2558 apostolica
2885 2488 3154 2543 sententia
3198 2500 3287 2544 est
3313 2490 3381 2552 ⁷⁸,

1816 2573 1980 2642 pedes
2018 2574 2075 2628 in
2108 2575 2253 2630 viam
2286 2576 2438 2646 pacis
2462 2578 2792 2646 diriguntor,
2819 2579 3038 2634 animus
3073 2579 3141 2633 ad
3179 2593 3382 2648 pravos

1818 2681 2104 2725 sermones
2135 2685 2205 2725 ne
2246 2672 2551 2737 declinato,
2598 2689 2705 2728 neu
2743 2674 2798 2729 in
2831 2673 3055 2745 flagitiis
3084 2684 3385 2744 praztextus

1817 2768 2088 2827 captator,
2124 2763 2215 2822 sed
2248 2773 2438 2818 ornate
2471 2765 2658 2819 omnia
2704 2767 3067 2836 decenterque
3100 2776 3380 2835 geruntur,

1817 2866 1926 2919 quo
1981 2855 2199 2924 egregie
2247 2865 2443 2910 cuncta
2495 2858 2759 2914 obeuntes
2814 2858 2956 2913 bona
3015 2859 3384 2927 adipiscamur

1832 2952 2034 2998 adorna
2073 2962 2084 2999 :
2123 2961 2216 3016 per
2245 2945 2525 3003 Christum
2553 2949 2736 3006 Jesum
2769 2949 3058 3004 Dominum
3089 2960 3339 3005 nostrum
3367 2963 3380 3000 τ

1821 3034 1906 3087 cui
1938 3033 2109 3102 gloria
2144 3045 2200 3089 et
2236 3036 2528 3106 imperium
2562 3054 2686 3094 cum
2719 3038 2898 3104 Patre,
2931 3054 2995 3094 ac
3028 3046 3219 3094 sancto
3256 3038 3384 3107 Spi-

153 3131 364 3184 'nienam
397 3135 758 3200 comparatae,
806 3125 968 3178 hodie
1003 3123 1328 3189 incolumes,
1376 3139 1497 3178 eras
1543 3123 1716 3177 nulli?
1742 3137 1784 3195 ο
1819 3124 1948 3189 ritu,
1999 3140 2146 3181 nunc
2221 3138 2273 3182 et
2306 3144 2540 3199 semper,
2595 3131 2645 3183 in
2683 3145 3008 3201 omnemque
3049 3129 3384 3201 perpetuita-

163 3225 233 3276 ιιι
265 3233 590 3292 assumptus
622 3229 706 3274 est
737 3225 790 3274 et
830 3216 920 3271 Fr.
964 3215 1232 3280 Liberius,
1280 3217 1459 3285 cujus,
1501 3216 1714 3270 medius

163 3317 332 3382 fidius,
365 3332 520 3372 mors
553 3313 826 3384 percussit
853 3311 1120 3374 animum,
1156 3310 1383 3371 inventi,
1429 3320 1487 3363 ut
1537 3310 1714 3371 aiunt,

163 3420 372 3477 repente
405 3409 458 3461 in
488 3407 632 3461 cella
657 3404 972 3473 exsanguis,
1000 3403 1053 3456 in
1087 3401 1508 3471 latusjaeentis,
1535 3401 1717 3469 specie

164 3501 442 3569 consopiti.
479 3499 659 3568 Atque
693 3498 780 3551 hic
812 3497 861 3551 ei
895 3495 1049 3560 linis;
1090 3503 1274 3549 noster
1313 3494 1407 3562 qui
1456 3506 1716 3547 cessurus

163 3590 228 3642 sit
262 3590 544 3644 nescimus
577 3603 755 3658 quave
787 3595 962 3640 morte
995 3586 1168 3640 simus
1197 3583 1508 3638 defuncturi
1561 3584 1714 3651 igno-

165 3697 336 3736 ramus
367 3701 381 3736 :
409 3698 537 3736 nam
574 3680 768 3749 ecquid
823 3679 1038 3741 subito,
1090 3693 1158 3731 an
1209 3677 1533 3744 aegritudine
1572 3690 1713 3744 prae-

165 3773 329 3841 cepti?
365 3789 498 3826 num
534 3771 588 3824 in
628 3771 796 3835 sicco,
840 3786 907 3823 an
944 3770 996 3822 in
1029 3768 1281 3837 liquido?
1317 3784 1446 3822 num
1482 3769 1608 3831 soli,
1642 3783 1710 3820 an

169 3862 416 3917 fratribus
443 3860 668 3932 juncti?
719 3859 1010 3916 Enimvero
1042 3861 1167 3927 quis
1199 3857 1293 3912 Dei
1327 3867 1558 3912 mentem
1595 3873 1716 3925 per-

169 3961 348 4026 spexit,
370 3971 463 4013 aut
482 3959 533 4013 ei
567 3971 598 4011 a
630 3955 872 4010 consiliis
896 3952 1020 4020 fuit,
1049 3954 1143 4023 qui
1169 3955 1332 4015 diem,
1359 3953 1574 4019 horam,
1599 3967 1717 4006 nio-

169 4051 309 4119 dum,
335 4053 513 4107 locum
541 4050 628 4106 sui
673 4056 848 4104 teneat
871 4047 993 4102 linis
1024 4047 1129 4102 ?ut
1161 4046 1250 4118 pol
1289 4045 1549 4100 terribilis
1593 4060 1718 4100 sen-

171 4141 322 4195 tentia
351 4143 423 4197 sit
456 4142 676 4207 mortis,
712 4149 766 4194 et
808 4138 1146 4193 horrendum
1179 4138 1231 4190 in
1268 4137 1591 4190 immortalis
1625 4135 1716 4189 Dei

172 4248 352 4288 manus
381 4235 651 4298 incidere,
686 4247 784 4286 nec
812 4231 1019 4300 possim
1046 4243 1150 4281 non
1181 4225 1458 4281 cohortari
1486 4235 1542 4278 ut
1569 4224 1714 4278 solli-

172 4320 292 4386 riti,
349 4322 662 4389 intentique
699 4333 931 4387 semper,
978 4317 1159 4371 divina
1200 4326 1519 4371 tractemus.
1551 4314 1721 4381 Qua:-

175 4425 358 4467 storem
398 4414 490 4467 ille
519 4413 654 4481 egit,
698 4411 913 4479 inquit,
949 4409 1053 4464 sub
1096 4408 1187 4461 tali
1221 4409 1571 4477 imperatore,
1629 4409 1718 4463 hic

173 4505 466 4570 dynastam,
500 4504 646 4556 alius
675 4515 828 4570 opes,
861 4499 1004 4553 alius
1049 4513 1272 4566 regnum
1330 4499 1595 4566 quaesivit.
1653 4498 1717 4552 Et

176 4597 420 4661 quantula
449 4598 590 4660 haec,
617 4594 797 4657 sodes,
833 4608 953 4661 quae
981 4591 1183 4645 somnii
1218 4589 1476 4642 labantur
1510 4591 1718 4643 instar?

177 4682 495 4740 Dormierunt
522 4701 764 4740 somnum
805 4699 982 4746 suum,
1016 4692 1064 4735 et
1099 4679 1230 4733 nihil
1259 4681 1564 4733 invenerunt
1604 4698 1717 4733 ont-

176 4789 252 4826 nes
282 4777 375 4828 viri
403 4777 714 4830 divitiarum
744 4775 796 4825 in
826 4771 1067 4824 manibus
1100 4770 1209 4822 suis
1236 4769 1302 4822 ".
1336 4769 1518 4822 Omnis
1548 4770 1719 4839 gloria

179 4866 379 4920 hominis
405 4878 658 4936 tanquam
681 4865 778 4931 ﬂos
803 4864 909 4932 feni
932 4861 997 4913 ".
1027 4861 1305 4925 Quaestum
1330 4862 1544 4926 quidem
1573 4873 1718 4916 certe

179 4959 420 5022 optimum
454 4959 637 5013 fecere
670 4957 758 5010 Dei
793 4956 972 5018 electi,
1001 4955 1175 5025 partis
1209 4954 1566 5022 dignitatibus
1597 4969 1718 5023 per-

180 5048 356 5112 petuis.
389 5047 770 5114 Quibusnam?
799 5047 901 5100 Alii
935 5045 1332 5115 apostolorum,
1372 5045 1462 5097 alii
1511 5054 1714 5108 vatum,

179 5135 258 5189 alii
313 5149 652 5210 martyrum,
709 5137 800 5190 alii
865 5145 1213 5198 sanctorum,
1264 5133 1358 5188 alii
1409 5136 1714 5203 quamlibet

181 5237 453 5295 postrema,
494 5241 552 5285 at
592 5229 869 5285 salvorum
911 5239 1115 5293 tamen,
1152 5243 1384 5298 quorum
1425 5227 1615 5280 insunt
1660 5228 1712 5279 in

181 5319 289 5372 vitis
319 5321 452 5377 libro
487 5323 732 5384 nomina,
763 5321 1089 5375 inexstineta
1121 5321 1292 5390 gloria
1314 5327 1421 5385 est,
1443 5327 1496 5373 et
1525 5317 1714 5372 ineffa-

183 5409 293 5466 bilis
323 5416 651 5484 triumphus.
706 5413 820 5468 Hos
856 5414 1134 5467 imitemur
1167 5411 1390 5477 fratres,
1441 5419 1494 5464 et
1547 5424 1711 5463 unam

183 5504 445 5560 minimum
492 5507 811 5576 dignitatem
861 5507 1130 5568 ineamus,
1161 5514 1452 5573 postquam
1493 5516 1592 5555 nec
1631 5501 1714 5553 in-

186 5593 374 5650 videtur
426 5598 787 5660 benelicium,
841 5606 895 5650 et
949 5596 1144 5650 volenti
1196 5595 1369 5649 cuivis
1404 5593 1710 5663 expositum

249 5704 284 5740 ⁷⁸
321 5709 453 5766 Psal.
484 5729 558 5774 v1,
591 5712 644 5764 6.
723 5710 764 5740 "
806 5708 947 5763 Psal.
984 5724 1141 5772 Lxxv,
1177 5706 1229 5758 6.

190 5787 257 5837 ιιι,
302 5779 374 5833 I0.
449 5785 487 5814 ’⁷
529 5783 693 5835 Hebr.
734 5795 806 5844 ιι,
833 5780 896 5831 ιϐ.

1306 5706 1350 5736 ⁷³
1393 5708 1492 5759 lsa.
1532 5720 1617 5769 χι,
1654 5705 1705 5762 6.

975 5779 1019 5809 ⁷⁸
1063 5777 1203 5832 I’sal.
1250 5792 1434 5842 xtvtu,
1473 5778 1556 5830 15.

1819 3225 1946 3269 tem.
1977 3215 2172 3272 Amen.

2372 3311 2601 3367 SERMO
2637 3312 2818 3368 CXIII.

2095 3400 2167 3452 De
2204 3401 2330 3468 ﬁde,
2366 3412 2414 3456 et
2448 3417 2644 3467 amore,
2686 3419 2748 3457 ac
2781 3403 3097 3474 virginitate.

1888 3492 2104 3549 Fratres
2145 3493 2465 3565 Patresque,
2494 3497 2600 3552 duo
2628 3507 2897 3567 suntquae
2918 3499 3124 3555 homini
3151 3502 3381 3558 salutem

1817 3595 2090 3652 quierunt,
2128 3584 2261 3639 fides
2317 3598 2369 3640 et
2399 3602 2574 3642 amor.
2608 3587 2717 3645 Vos
2747 3591 2965 3660 quidem
3006 3593 3054 3648 si
3096 3607 3282 3649 errare
3325 3595 3379 3648 in

1818 3674 1922 3728 lide
1955 3688 2257 3738 cernerem,
2290 3677 2377 3745 pol
2409 3677 2475 3731 de
2512 3694 2574 3732 ea
2623 3693 2860 3735 sererem
2892 3683 3077 3747 verba,
3126 3699 3382 3753 operam-

1816 3781 1920 3834 que
1936 3766 2119 3821 darem
2152 3769 2243 3837 qui
2270 3783 2364 3822 vos
2394 3767 2447 3821 in
2480 3769 2839 3823 orthodoxam
2859 3772 3182 3826 sententiam
3220 3776 3379 3828 resti-

1819 3865 2022 3909 tuerem
2057 3874 2071 3910 :
2101 3873 2227 3910 nam
2256 3854 2414 3910 :Sine
2433 3859 2536 3924 fide
2565 3861 2887 3929 impossibile
2912 3873 2988 3915 est
3011 3861 3216 3929 placere
3239 3863 3343 3917 Deo
3363 3879 3382 3917 :

1819 3945 2028 3998 credere
2064 3946 2201 3998 enim
2226 3957 2426 4015 oportet
2455 3949 2780 4002 accedentem
2815 3952 2885 4002 ad
2916 3949 3098 4013 Deum,
3129 3953 3252 4020 quia
3278 3956 3378 4013 est',

1816 4047 1864 4090 et
1896 4037 2277 4106 inquirentibus
2313 4051 2365 4092 se
2403 4052 2762 4095 remunerator
2807 4053 2880 4095 est
2908 4039 2968 4094 ⁷⁷.
3020 4042 3125 4096 Sed
3181 4059 3303 4097 cum
3347 4063 3377 4098 a

1821 4130 2162 4194 fide,Christi
2200 4132 2486 4196 benelicio,
2509 4135 2754 4198 valeatis,
2779 4150 2886 4203 qua
2917 4133 3158 4199 subnixi,
3186 4136 3382 4192 divinae

1820 4239 1913 4292 spe
1938 4223 2123 4292 gloriae
2161 4224 2527 4293 triumphalis,
2568 4241 2666 4296 age
2697 4225 2800 4281 hac
2829 4227 3034 4281 omissa
3060 4225 3126 4282 de
3165 4228 3380 4282 actione

1821 4316 2059 4371 breviter
2107 4317 2470 4372 disseramus.
2525 4317 2694 4388 Igitur
2742 4319 2936 4373 hortor
2982 4335 3118 4385 vos,
3160 4318 3381 4385 fratres,

1822 4425 1968 4465 nunc
1997 4425 2240 4480 quoque,
2294 4419 2352 4464 ut
2385 4413 2520 4465 alias
2555 4426 2791 4482 semper,
2839 4421 3090 4466 accurate
3135 4414 3378 4467 studium

1821 4502 1974 4555 obire
2031 4503 2432 4564 monasticum,
2488 4504 2653 4556 animi
2700 4503 2879 4557 sensis
2929 4503 3082 4570 quasi
3137 4503 3376 4570 quodam

1817 4593 2273 4660 modimperatore
2307 4594 2594 4661 praefecto,
2635 4593 2904 4648 sollicitos
2935 4593 3002 4647 de
3037 4593 3374 4662 virginitate,

1816 4699 1874 4737 re
1904 4684 2102 4754 oppido
2131 4697 2294 4753 quam
2339 4683 2600 4753 pretiosa,
2647 4701 2812 4754 quam
2852 4700 2974 4740 cum
3019 4687 3251 4754 amplexi
3283 4686 3373 4739 Dei

1819 4775 2195 4830 misericordia
2236 4790 2462 4838 sumus,
2515 4786 2628 4830 tum
2681 4792 2744 4830 ea
2791 4776 3149 4844 expugnanda
3199 4787 3372 4833 tentat

1818 4867 2078 4923 inimicus
2121 4867 2272 4921 omni
2319 4867 2590 4923 industria
2623 4869 2718 4937 qui
2770 4869 2824 4921 in
2862 4868 3094 4922 salutem
3136 4879 3376 4924 nostram

1815 4969 2095 5027 grassetur
2124 4977 2135 5010 :
2163 4973 2339 5027 neque
2362 4960 2506 5012 enim
2534 4961 2707 5012 nescit
2729 4959 2830 5012 hoc
2857 4958 3095 5012 facinore
3124 4961 3379 5013 obeundo

1815 5049 1911 5105 Dei
1946 5067 2046 5106 nos
2085 5049 2344 5117 quiddam
2382 5049 2556 5104 instar
2585 5051 2802 5114 habere,
2828 5058 2885 5103 ut
2918 5049 3162 5119 ejusdem
3190 5060 3375 5104 contra

1809 5143 2024 5210 jactura
2049 5157 2170 5196 cum
2195 5141 2460 5210 jumentis
2488 5156 2871 5211 eumparemur
2898 5158 2910 5194 :
2943 5141 3206 5210 siquidem
3238 5143 3375 5196 serio

1813 5243 1962 5299 ptum
1991 5241 2074 5285 est
2107 5249 2119 5284 :
2159 5229 2328 5282 Homo
2346 5246 2463 5282 cum
2488 5233 2542 5284 in
2567 5235 2755 5285 honore
2779 5241 2933 5296 esset,
2957 5247 3060 5284 non
3089 5233 3376 5284 intellexit:

1816 5333 2149 5390 comparatus
2199 5333 2276 5374 est
2321 5323 2580 5388 jumentis
2637 5322 3025 5389 insipientibus,
3083 5332 3132 5375 et
3187 5324 3378 5376 similis

1820 5415 1993 5479 factus
2029 5423 2102 5466 est
2153 5413 2257 5466 illis
2282 5413 2346 5465 ⁷⁸.
2396 5411 2439 5467 Ο
2489 5425 2619 5484 quot
2651 5423 2924 5467 veterator
2958 5415 3011 5467 in
3069 5415 3219 5467 omni
3258 5429 3378 5467 me-

1821 5506 1994 5559 moria
2030 5507 2209 5559 carnis
2240 5503 2466 5560 libidine
2505 5507 2676 5576 cepit!
2711 5521 2842 5574 qum
2872 5506 3207 5560 instatnunc
3249 5521 3383 5574 quu-

1823 5613 1961 5665 que,
2015 5605 2067 5650 et
2116 5611 2273 5650 senes
2326 5596 2505 5665 juxta,
2563 5614 2626 5652 ae
2657 5598 2907 5668 juvenes,
2956 5612 3054 5652 nec
3107 5597 3387 5668 projectos

1816 5711 1856 5740 ⁷⁸
1899 5711 2086 5764 Matth.
2123 5727 2266 5773 xxvt,
2303 5709 2389 5761 94.
2504 5715 2544 5744 ⁷³
2586 5710 2700 5768 Jac.
2742 5726 2815 5774 tv,
2849 5711 2930 5764 Il.
3021 5713 3064 5742 ⁷⁸
3109 5713 3146 5763 ll
3184 5708 3380 5764 Thess.
