4000 6306
570 382 676 446 655

1777 370 1838 428 S.
1871 359 2259 425 THEODORI
2299 355 2643 418 STUDIT/E

3707 339 3816 403 656

572 502 773 565 solum,
805 494 900 551 sed
934 493 1100 548 etiam
1131 493 1442 550 accuratos,
1469 481 1704 553 decepit,
1736 479 1791 534 in
1825 493 1986 533 omne
2011 490 2136 546 pro-
2166 484 2212 539 Α
2241 487 2406 543 quam
2437 486 2466 524 a
2501 471 2648 524 vitiis
2676 465 3045 536 tranquillitas
3070 477 3133 518 ac
3161 463 3409 518 libertas.
3440 459 3557 516 Non
3601 461 3814 514 Herum

573 592 868 663 pemodurn
899 581 1177 654 caputhis
1207 595 1343 634 usus
1375 576 1567 631 armis.
1592 572 1748 641 Quod
1778 568 2133 626 architectari

573 662 768 752 incipit
798 690 1070 734 venenum
1127 672 1287 727 fredis
1335 667 1596 723 admissis
1636 662 1912 734 cogitatis,
1945 673 2142 714 accen-

572 783 804 838 samque
837 766 1041 828 carnis,
1078 770 1243 829 atque
1273 756 1562 827 sanguinis
1598 752 1874 808 desiderio
1902 757 2139 803 mentem

573 860 642 916 ad
693 855 1000 924 eloquenda
1053 849 1260 905 nefaria
1314 854 1621 917 provocat:
1664 857 1775 913 qua
1815 855 1945 896 ausa
1977 854 2143 909 porro

574 965 673 1006 seu
717 946 1032 1017 proprium,
1085 956 1180 995 seu
1231 939 1469 993 alienum
1520 942 1757 989 tractare
1804 933 2142 996 membrum,

574 1052 806 1098 mortem
825 1037 1014 1106 exigit,
1035 1031 1337 1088 etabsolvit
1356 1049 1369 1084 :
1391 1044 1512 1082 nam
1533 1025 2007 1094 :Concupiscentia
2026 1038 2143 1075 cum

577 1131 889 1200 conceperit,
912 1127 1110 1197 inquit,
1127 1124 1268 1194 parit
1289 1129 1558 1190 peccatum
1577 1136 1594 1184 ;
1612 1127 1881 1188 peccatum
1899 1131 2014 1169 vero
2028 1129 2146 1168 cum

577 1229 1002 1278 consummatum
1025 1218 1210 1287 fuerit,
1237 1221 1447 1286 generat
1470 1220 1692 1266 mortem
1715 1210 1781 1264 "’.
1815 1208 1990 1273 Quam
2023 1221 2145 1270 nos,

577 1315 812 1377 fratres,
849 1321 1107 1368 aeternam
1163 1315 1431 1370 mortem,
1477 1319 1541 1359 ac
1591 1302 1932 1373 deploratum
1978 1298 2145 1352 animi

577 1402 834 1458 morbum
871 1399 1169 1469 fugiamus.
1224 1395 1522 1448 Enimvero
1555 1391 1754 1447 scabiei
1789 1390 1987 1446 similis
2013 1387 2148 1443 mihi

579 1493 811 1548 videtur.
837 1489 1024 1560 Itaque
1047 1487 1204 1559 quasi
1237 1488 1332 1557 qui
1363 1485 1602 1541 scabiem
1629 1481 1858 1537 defricet
1887 1481 2148 1536 obiectari

578 1586 818 1650 videtur,
850 1597 1028 1652 neque
1063 1581 1393 1641 oblectatur,
1425 1577 1558 1648 quin
1592 1577 1736 1630 serio
1771 1575 2070 1634 cruciatur,
2096 1580 2151 1626 et

579 1694 644 1733 eo
680 1677 873 1746 magis,
925 1688 1035 1744 quo
1081 1673 1203 1742 plus
1249 1669 1512 1735 defricet;
1559 1667 1627 1721 ad
1657 1667 1905 1721 eumdem
1931 1665 2147 1718 modum

580 1768 810 1824 libidine
835 1775 1029 1835 captus
1065 1764 1333 1825 dolorem,
1367 1775 1476 1814 non
1521 1761 1879 1828 voluptatem,
1931 1765 2148 1820 aestum,

581 1876 690 1913 non
718 1859 981 1928 quietem,
1006 1869 1324 1916 moerorem,
1353 1867 1461 1906 non
1493 1851 1953 1905 oblectamentum
1981 1848 2147 1917 capit,

583 1951 955 2013 miserandus,
988 1961 1204 2017 exspes,
1255 1945 1540 2005 attonitus,
1571 1942 1664 2013 qui
1695 1942 1779 1996 vel
1811 1941 2031 1994 umbras
2060 1955 2152 1994 ex-

583 2045 856 2104 timescat,
895 2048 955 2094 ut
989 2038 1126 2093 nihil
1158 2037 1338 2091 dicam
1405 2035 1648 2088 futurum
1697 2031 1986 2101 judicium.
2054 2031 2157 2083 Ec—

583 2149 706 2203 qua:
750 2143 833 2187 est
885 2140 1067 2184 autem
1113 2129 1243 2182 mali
1290 2124 1463 2195 fuga?
1498 2131 1760 2178 constans
1807 2121 2041 2176 obnixus
2089 2118 2157 2173 ad

585 2225 889 2279 incursum.
919 2219 1063 2290 Ergo
1118 2227 1179 2272 ut
1228 2215 1432 2286 ingruit
1463 2214 1626 2284 (nam
1659 2213 1745 2282 pol
1781 2211 1982 2281 ingruit
2011 2252 2025 2277 ,
2063 2225 2158 2264 ne-

585 2329 694 2385 que
730 2313 952 2377 mirum,
989 2326 1086 2365 seu
1113 2310 1286 2363 animi
1323 2308 1674 2380 negligentia,
1713 2309 1999 2361 honestam
2028 2320 2156 2359 con-

585 2404 996 2475 templationem
1028 2417 1136 2455 non
1173 2401 1461 2462 habentis;
1509 2414 1606 2454 seu
1648 2398 1861 2452 inimici
1910 2396 2155 2466 invidia)

587 2495 864 2565 extemplo
913 2492 1138 2548 saueius
1191 2490 1542 2561 consurgito,
1592 2497 1868 2558 precator,
1934 2489 2157 2558 gemito,

587 2591 956 2661 lacrymator;
989 2594 1151 2654 atque
1179 2584 1233 2639 id
1263 2583 1528 2655 evestigio
1557 2581 1925 2642 dilabetur,tu
1961 2579 2016 2632 in
2051 2577 2158 2632 Do-

590 2682 742 2738 mino
767 2678 1127 2749 conquiesces
1156 2694 1169 2730 :
1201 2675 1336 2730 nihil
1359 2685 1443 2731 est
1470 2676 1616 2730 enim
1643 2685 1752 2728 tam
1783 2673 1964 2727 animo
1991 2685 2158 2726 suave

1150 2814 1385 2872 SERMO
1421 2812 1607 2869 CXIV.

629 2910 704 2965 De
731 2909 1028 2963 monastica
1057 2908 1187 2970 vita,
1216 2905 1508 2975 obnixuque
1534 2905 1588 2956 in
1613 2902 1798 2956 ἥσει-εει
1842 2915 2118 2971 praesente.

663 3062 886 3120 Fratres
939 3060 1259 3131 Patresque,
1304 3059 1553 3130 equidem
1592 3058 1733 3112 haud
1765 3073 1862 3114 vos
1901 3057 2157 3112 absistam

2242 565 2498 620 audimus
2521 559 2830 616 dicentem?
2866 558 3051 613 Omnis
3076 558 3168 627 qui
3189 557 3320 628 facit
3336 564 3607 624 peccatum
3631 569 3815 606 servus

2242 667 2318 711 est
2371 657 2573 727 peccati
2603 672 2620 708 :
2649 669 2825 709 servus
2878 661 3052 705 autem
3106 667 3210 704 non
3257 659 3433 702 manet
3473 650 3531 700 in
3561 646 3720 700 domo
3754 647 3816 700 in

2243 760 2523 811 wternum,
2553 745 2697 815 ﬁlius
2731 753 2905 796 manet
2937 743 2994 802 in
3029 751 3281 794 internum
3310 738 3379 793 “.
3410 739 3522 806 Age
3553 750 3687 789 vero
3715 732 3814 803 qui

2243 837 2459 892 liberati
2486 851 2516 890 a
2543 844 2770 905 peccato
2802 833 2868 887 ad
2905 831 3256 901 adoptionem
3289 827 3646 888 evaserimus,
3685 841 3818 879 rur-

2244 944 2366 984 sum
2415 937 2639 998 peccato
2689 923 3104 994 mancipemur?
3139 922 3231 992 qui
3284 919 3386 974 sub
3423 927 3815 988 praepotentem

2246 1019 2342 1074 Dei
2398 1033 2621 1073 manum
2710 1015 3153 1075 convenerimus,
3208 1010 3390 1067 foedus
3418 1024 3553 1088 cum
3597 1008 3822 1063 diabolo

2245 1109 2641 1181 paciscamur?
2685 1108 2906 1162 Minime
2944 1107 3213 1178 gentium.
3279 1102 3340 1159 Si
3381 1103 3522 1156 enim
3569 1116 3687 1172 qua
3724 1101 3822 1153 de-

2247 1202 2456 1256 struxit
2491 1201 2684 1254 iterum
2717 1201 2823 1254 hac
2857 1200 3083 1269 aediﬁco,
3127 1199 3203 1251 ait
3235 1195 3474 1267 quodam
3513 1195 3633 1248 loco
3672 1194 3825 1261 Apo-

2249 1294 2446 1356 stolus,
2474 1293 2932 1360 praevaricatorem
2961 1307 3040 1344 me
3065 1291 3327 1344 constituo
3348 1289 3416 1341 ⁸¹.
3447 1287 3822 1354 Quamobrem

2251 1401 2318 1440 ne
2356 1385 2810 1455 praevaricatores
2841 1397 3124 1437 sacrorum
3167 1382 3432 1436 foederum
3465 1381 3684 1445 ﬁamus,
3714 1394 3822 1432 neu

2249 1476 2472 1532 diabolo
2506 1474 2823 1531 servitutem
2860 1474 3195 1537 serviamus,
3243 1473 3410 1528 semel
3445 1471 3675 1534 asserti,
3717 1485 3825 1524 neu

2251 1570 2586 1640 supplicium
2617 1569 2780 1624 nobis
2811 1580 3124 1638 quaeramus
3153 1583 3167 1620 :
3195 1565 3249 1620 in
3283 1566 3424 1621 diem
3460 1563 3737 1634 supplicii,
3769 1556 3826 1617 et

2249 1661 2612 1732 apparitionis
2663 1660 2912 1730 justique
2967 1659 3060 1714 Dei
3107 1657 3318 1728 judicii,
3368 1657 3423 1711 in
3476 1672 3614 1726 quos
3643 1663 3827 1710 exstet

2251 1755 2368 1808 haec
2397 1757 2671 1808 sententia
2705 1771 2718 1803 ε
2759 1750 2962 1807 Vermis
2991 1767 3173 1806 eorum
3201 1767 3302 1804 non
3337 1752 3580 1814 moritur,
3617 1758 3666 1802 et
3689 1749 3828 1818 ignis

2252 1862 2354 1899 non
2391 1845 2747 1915 exstinguitur
2769 1845 2837 1898 ⁸⁸.
2879 1842 3018 1910 Quin
3056 1843 3425 1898 consistamus
3471 1842 3528 1895 in
3568 1842 3827 1896 libertate

2254 1937 2309 1992 in
2354 1954 2518 2008 quam
2557 1953 2661 1992 nos
2709 1937 2964 1992 Christus
3011 1935 3338 1998 vindicavit,
3382 1934 3500 1989 dira
3550 1932 3828 1987 exsecrati

2252 2039 2466 2085 ostenta
2490 2029 2768 2094 draconis,
2798 2029 2891 2098 qui
2925 2044 3033 2083 non
3065 2028 3194 2083 huic
3223 2027 3416 2084 sceleri
3458 2037 3697 2090 tantum,
3731 2026 3828 2082 sed

2252 2123 2375 2176 aliis
2411 2121 2669 2176 omnibus
2697 2121 2940 2190 quotidie
2968 2120 3155 2175 obnixi
3182 2119 3534 2186 reluctemur,
3561 2119 3826 2173 invidiam

2252 2215 2551 2280 calcantes,
2573 2213 2969 2283 malignitatem
3000 2254 3014 2278 ,
3036 2213 3222 2267 odium
3249 2212 3573 2276 fraternum,
3598 2222 3830 2265 caetera-

2254 2320 2361 2373 que
2392 2313 2591 2358 cuncta
2631 2302 2877 2358 facinora
2939 2303 3142 2372 perosi,
3185 2319 3295 2373 quo
3341 2303 3515 2373 poenis
3551 2301 3832 2372 fugiendis

2254 2399 2475 2453 aeternis
2511 2399 2738 2454 caeleste
2780 2415 3004 2468 regnum
3063 2400 3350 2463 ineamus,
3401 2413 3494 2466 per
3545 2397 3830 2452 Christum

2252 2488 2439 2544 Jesum
2479 2490 2769 2545 Dominum
2804 2499 3052 2545 nostrum
3081 2509 3094 2546 :
3127 2493 3215 2545 cui
3246 2492 3423 2562 gloria
3452 2500 3506 2545 et
3538 2491 3830 2559 imperium

2253 2597 2379 2637 cum
2431 2582 2611 2646 Patre,
2645 2599 2710 2637 ac
2739 2593 2930 2638 sancto
2969 2582 3198 2652 Spiritu,
3251 2599 3418 2646 nunc,
3451 2594 3506 2638 et
3531 2596 3746 2651 semper
3777 2582 3832 2634 in

2254 2690 2585 2746 omnemque
2616 2690 2679 2744 pc
2691 2677 3059 2745 rpetuitatem.
3095 2677 3287 2730 Amen.

2859 2818 3076 2870 ΛΟΓΟΣ
3111 2817 3249 2872 PIA'.

2273 2906 2404 2971 Περὶ
2449 2905 2559 2988 τῆς
2590 2905 2926 3027 ὲμοναδικῆς
2966 2907 3268 2972 πολιτείας
3305 2906 3404 2960 καί
3433 2907 3832 2975 ἁντιπαρατάο

2337 2975 2484 3027 εεωο
2511 2990 2584 3026 επ
2639 2992 2748 3027 τηρ
2784 2975 2899 3027 ἤδη
2926 2975 3321 3027 ἐνισταμένη(-
3346 2975 3626 3027 alaeve-wr-
3659 2979 3758 3027 (2)-

2337 2975 2484 3039 ξεως
2511 2975 2608 3027 ἐπὶ
2639 2975 2748 3043 τῆς
2784 2975 2899 3043 ἤδη
2926 2975 3321 3044 ἐνισταμένης
3346 2975 3626 3044 αἱρέσεως
3659 2979 3759 3046 (2).

2349 3066 2590 3133 Ἀδελφοὶ
2613 3069 2708 3119 καὶ
2733 3067 2993 3137 Πατέρες,
3024 3068 3085 3119 οὐ
3117 3069 3398 3139 παύσομαι
3430 3067 3601 3138 τούτῳ
3625 3068 3704 3138 τῷ
3737 3087 3835 3121 κα·-

593 3162 809 3231 egregia
841 3161 943 3214 hac
987 3159 1395 3213 nomenclatura
1429 3157 1573 3210 ciere
1633 3157 1860 3209 fratrum
1909 3156 2155 3208 Patrum-

2264 3157 2339 3226 λῷ
2383 3157 2603 3226 ὀνόματι
2645 3157 2741 3226 τῆς
2783 3135 3138 3227 ἀδελφότητος
3170 3161 3262 3212 καὶ
3294 3135 3628 3229 κατρὸτητος
3670 3135 3839 3231 atpos-

593 3269 718 3323 que,
743 3266 933 3306 verum
959 3249 1011 3304 id
1034 3249 1209 3311 vobis,
1237 3263 1300 3302 ac
1321 3249 1618 3319 genuinum
1638 3248 1893 3301 conscius
1922 3260 2119 3299 nomen
2145 3259 2158 3308 ;

596 3356 723 3395 nam
757 3340 869 3394 veri
907 3339 943 3393 ii
981 3347 1108 3394 sunt
1139 3337 1335 3391 fratres
1384 3337 1680 3405 Patresque
1710 3336 1802 3404 qui
1833 3350 1940 3404 prae
1965 3350 2162 3404 paren-

598 3431 766 3497 tibus,
809 3429 1092 3494 fratribus,
1151 3427 1344 3496 stirpe,
1381 3427 1578 3496 patria,
1630 3425 1842 3480 cunctis
1875 3439 1995 3493 quae
2046 3440 2166 3492 spe-

598 3530 767 3587 ctent,
801 3521 968 3576 Deum
993 3517 1285 3588 complexi,
1311 3532 1638 3587 congregem
1659 3514 1952 3586 quamdam
1983 3514 2167 3568 ineant

595 3616 788 3677 vitam,
815 3626 1049 3683 quorum
1077 3625 1182 3664 una
1217 3625 1392 3674 mens,
1421 3618 1474 3663 et
1502 3609 1738 3674 animus,
1767 3623 1964 3678 parens
1999 3606 2162 3670 Deus,

599 3708 731 3762 urbs
761 3704 1000 3759 caelestis
1035 3700 1399 3770 Jerosolyma.
1435 3698 1652 3753 Scilicet
1677 3700 1710 3751 ii
1741 3713 1840 3752 vos
1868 3698 2023 3762 estis,
2058 3696 2167 3749 fra-

599 3805 714 3850 tres
751 3793 858 3847 Deo
885 3789 1222 3856 charissimi,
1255 3797 1414 3856 atque
1445 3797 1503 3842 ut
1545 3786 1838 3857 Scripturae
1871 3787 2046 3840 verbis
2083 3786 2167 3838 in-

599 3884 846 3954 digitem,
893 3897 1051 3951 genus
1096 3879 1338 3942 electum,
1397 3878 1566 3947 regale
1608 3878 1983 3937 sacerdotium,
2043 3892 2166 3944 gens

601 3982 807 4035 sancta,
853 3971 1071 4040 populus
1114 3972 1496 4039 acquisitionis,
1525 3979 1582 4022 ut
1623 3970 1837 4022 virtutes
1889 3968 2167 4043 enuntietis

600 4067 713 4135 ejus
745 4066 832 4136 qui
857 4063 919 4118 de
953 4064 1171 4117 tenebris
1199 4078 1283 4116 vos
1326 4062 1525 4116 vocavit
1569 4060 1625 4112 in
1650 4058 1966 4112 admirabile
1997 4058 2170 4110 lumen

602 4175 755 4211 suum
776 4158 841 4208 ⁸⁸.
881 4155 1160 4225 Siquidem
1192 4153 1516 4208 admirabile
1544 4161 1628 4206 est
1653 4152 1735 4204 vel
1764 4152 1816 4204 in
1847 4152 2035 4220 primis
2063 4150 2168 4202 vita

605 4250 906 4304 monastica
930 4250 1136 4312 lumen,
1161 4247 1214 4301 in
1248 4261 1409 4316 quam
1445 4245 1621 4308 acciti,
1649 4244 1833 4298 laudes
1863 4242 2170 4312 promulge-

605 4356 730 4394 mus
770 4339 937 4394 caelos
975 4339 1207 4406 tegentis
1257 4336 1559 4406 majestate.
1619 4333 1717 4386 Hic
1762 4335 1978 4402 quidem
2027 4340 2173 4386 certe

608 4431 916 4501 prudentia,
957 4429 1337 4497 temperantia,
1381 4424 1662 4489 fortitudo,
1700 4423 1910 4494 justitia
1943 4429 2046 4486 est,
2082 4420 2171 4474 hic

609 4523 830 4592 maligni
883 4532 1104 4589 tropaea,
1158 4535 1222 4574 ac
1252 4518 1567 4574 Christiana
1612 4517 1842 4570 victoria
1875 4554 1890 4579 ,
1945 4530 2168 4585 quorum

609 4631 760 4668 arma
796 4630 900 4668 non
939 4611 1178 4665 carnalia
1225 4614 1365 4674 sint,
1405 4609 1494 4663 sed
1523 4611 1756 4676 polentia
1801 4608 1925 4672 Deo,
1972 4607 2041 4659 ad
2078 4606 2168 4660 de-

609 4706 949 4760 structionem
999 4702 1371 4763 munitionum,
1425 4699 1645 4753 consilia
1698 4697 2073 4761 desii-uentum,
2123 4705 2171 4748 et

609 4813 812 4852 onmem
831 4795 1164 4848 altitudinem
1187 4792 1526 4847 extollentum
1547 4807 1599 4843 se
1623 4791 1870 4843 adversus
1901 4788 2174 4841 scientiam

611 4889 730 4951 Dei,
778 4889 908 4941 etin
954 4887 1308 4956 captivitatem
1352 4885 1680 4952 redigentum
1728 4897 1937 4934 omnem
1966 4878 2172 4932 intelle-

610 4993 776 5045 ctum,
827 4981 880 5033 in
935 4978 1242 5047 obsequium
1298 4974 1495 5030 Christi
1540 4975 1608 5027 ⁸⁵.
1665 4973 1760 5028 Sin
1816 4971 2174 5042 aspectabiles

613 5083 831 5140 quoque
861 5066 1208 5125 adversarios
1251 5075 1493 5130 tuemur,
1546 5062 1919 5119 deformemus
1967 5062 2171 5125 animo,

611 5149 744 5230 quot
779 5169 1105 5230 quantaeque
1140 5156 1233 5211 Dei
1296 5155 1592 5210 Ecclesiam
1625 5153 2062 5223 oppugnationes
2092 5153 2177 5205 in-

613 5252 854 5304 vaserint
884 5250 954 5304 ab
982 5263 1116 5303 aevo.
1173 5245 1416 5313 Quorum
1447 5244 1749 5314 oppugnari
1783 5252 1883 5306 est,
1941 5257 2173 5310 quorum

612 5341 824 5412 despui,
862 5352 917 5396 et
948 5339 1200 5404 interﬁci,
1245 5339 1350 5393 nisi
1389 5336 1774 5391 crucifixorum
1807 5333 2046 5388 mundo?
2080 5333 2177 5387 At-

611 5449 721 5504 que
749 5443 808 5488 ut
839 5433 1082 5487 omittam
1126 5440 1329 5495 vetera,
1359 5428 1648 5496 omnisque
1687 5426 1741 5480 in
1785 5425 2044 5479 memoria
2079 5439 2177 5478 no-

610 5667 748 5734 4,5.

685 5779 764 5849 (2)
796 5789 924 5832 cxv‘
961 5785 1044 5832 est
1071 5773 1210 5844 apud
1241 5773 1372 5830 Cod.
1408 5771 1633 5835 Nanios,
1666 5787 1786 5841 pag.
1822 5770 1946 5824 105.

2262 3248 2543 3318 αγορέύειν
2570 3249 2733 3317 ὑμᾶς,
2764 3248 2919 3311 εἰδὼς
2941 3250 3020 3301 ὅτι
3047 3250 3250 3320 ἀληθὴς
3273 3251 3402 3320 ὑμῖν
3428 3252 3460 3321 ὴ
3493 3251 3706 3321 κλῆσις,
3742 3254 3836 3304 καὶ

2263 3339 2500 3410 ἀψευδὴς
2541 3341 2573 3409 ή
2605 3329 2964 3411 προσηγορία·
2999 3339 3166 3402 ὅντως
3202 3340 3309 3411 γὰρ
3343 3341 3562 3409 ἀδελφοὶ
3593 3343 3838 3414 ἀληθινοὶ

2264 3434 2355 3485 καὶ
2389 3433 2629 3501 Πατέρες
2658 3426 2801 3486 οὗτοί
2839 3433 2996 3497 εἰσιν,
3026 3433 3222 3496 οἵτινες
3263 3433 3401 3504 ὑπὲρ
3451 3437 3645 3501 γονεῖς,
3695 3435 3838 3506 ὑπὲρ

2266 3523 2544 3592 ἀδελφοὺς,
2582 3524 2723 3593 ὑπὲρ
2744 3524 2918 3593 γένος,
2946 3523 3084 3596 ὑπὲρ
3113 3525 3368 3596 πατρίδα,
3402 3525 3542 3596 ὑπὲρ
3567 3526 3745 3580 πάντα
3771 3528 3839 3579 τὰ

2265 3612 2535 3683 ὁρώμενα,
2585 3615 2878 3684 ἠγάπησαν
2920 3616 3087 3669 Θεεόν⁹
3117 3617 3215 3685 τὴν
3265 3618 3358 3671 ἐπὶ
3399 3618 3462 3672 τὸ
3513 3618 3645 3671 αὐτὸ
3694 3617 3841 3690 ζωὴν

2267 3702 2725 3770 καταδεξάμενον
2761 3697 2835 3754 ὧν
2887 3705 3083 3773 καρδία
3125 3707 3220 3759 καὶ
3261 3706 3406 3778 ψυχὴ
3457 3707 3585 3778 μία’
3627 3709 3726 3762 καὶ
3766 3704 3840 3762 ὦν

2269 3795 2457 3865 Πατὴρ
2480 3796 2507 3846 ὁ
2533 3795 2683 3858 Θεὸς,
2710 3797 2802 3848 καὶ
2838 3799 3085 3869 πατρὶςή
3112 3799 3223 3852 ἀνω
3252 3801 3623 3873 Ἰερουσαλήμ.
3647 3802 3839 3855 Τοιοῦ-

2267 3901 2347 3937 τοι
2382 3880 2473 3936 οὖν
2506 3885 2599 3936 καὶ
2629 3885 2807 3954 ὑμεῖς,
2826 3885 3042 3954 ἀδελφοὶ
3077 3887 3418 3956 ἠγαπημένοι
3459 3887 3564 3941 ὑπὸ
3596 3889 3801 3960 Κυρίου
3823 3903 3836 3916 ·

2269 3977 2362 4026 καὶ
2395 3976 2480 4026 ἵνα
2521 3976 2626 4026 ἀπὸ
2661 3977 2758 4044 τῆς
2801 3976 3022 4045 Γραφῆς
3068 3977 3212 4046 ὑμᾶς
3243 3977 3456 4030 καλέσω
3477 3993 3491 4007 ⁸
3519 3977 3713 4043 Γένος
3740 3977 3839 4031 ἐκ·

2268 4063 2832 4126 λεκτὸν,βασίλειον
2862 4065 3193 4132 ἱεράτευμα,
3233 4065 3382 4131 λαὸς
3418 4068 3505 4130 εις
3535 4067 3840 4135 περιποίη-

2270 4172 2402 4210 σιν·
2445 4154 2603 4221 ὅπως
2643 4155 2750 4219 τὰς
2792 4155 3004 4222 ἀρετὰς
3036 4155 3419 4224 ἐξαγγείλητε
3449 4155 3556 4210 τοῦ
3595 4157 3663 4210 ἐκ
3693 4158 3842 4211 σκό-

2270 4263 2412 4312 τους
2458 4244 2614 4314 ὐμᾶς
2657 4244 3033 4313 καλέσαντος
3064 4249 3150 4312 είς
3184 4249 3249 4299 τὸ
3277 4247 3623 4315 θαυμαστὸν
3652 4246 3840 4302 αὐτοῦ

2271 4337 2416 4407 φῶς.
2453 4337 2773 4407 Θαυμαστὸν
2801 4338 2907 4409 γὰρ
2937 4339 3016 4392 ὅτι
3052 4339 3188 4408 φῶς,
3223 4339 3256 4410 ἡ
3287 4338 3543 4410 μοναδικὴ
3572 4338 3839 4404 πολιτεία,

2201 4474 2244 4529 D
2273 4431 2350 4490 εἰς
2391 4431 2455 4498 ἣν
2487 4429 2794 4529 ἐκλήρημεν
2860 4431 2953 4488 καὶ
2983 4432 3039 4482 ἐν
3139 4431 3534 4501 ἐξαγγέλλομεν
3562 4430 3662 4494 τὰς
3693 4432 3838 4485 αἰνέ-

2276 4536 2388 4581 ast;
2417 4521 2509 4572 τοῦ
2542 4519 2880 4587 καλύψαντος
2911 4521 3075 4592 ἀρετῇ
3106 4523 3231 4585 τοὺς
3258 4523 3538 4594 οὐρανούς.
3572 4523 3837 4577 Ἐνταῦθα

2274 4600 2366 4658 οὖν
2395 4607 2509 4657 ἐστι
2541 4607 2820 4677 φρόνησις,
2855 4611 3195 4680 σωφροσύνη,
3230 4611 3469 4678 ἀνδρεία,
3509 4612 3601 4667 καὶ
3637 4613 3838 4667 δικαιο-

2277 4696 2429 4765 σύνη,
2465 4696 2695 4753 ἐνταῦθα
2719 4698 2789 4750 τὰ
2813 4701 2951 4752 κατὰ
2979 4700 3071 4754 τοῦ
3106 4694 3363 4773 Πονηροῦ
3381 4704 3641 4774 τρόπαια,
3687 4705 3780 4760 καὶ
3808 4708 3839 4776 ἡ

2278 4786 2336 4838 ἐν
2373 4788 2596 4858 Χριστῷ
2622 4789 2745 4858 νίκη
2766 4804 2780 4820 ·
2815 4791 2954 4858 Είγε
2977 4790 3049 4844 τὰ
3083 4792 3241 4847 ὅπλα
3271 4793 3438 4862 ἡμῶν
3469 4796 3540 4848 οὐ
3562 4798 3838 4864 σαρκικὰ,

2277 4877 2435 4930 ἀλλὰ
2463 4878 2690 4940 δυνατὰ
2719 4879 2796 4945 τῷ
2828 4881 2949 4946 Θεῷ
2995 4887 3142 4951 πρὸς
3171 4886 3516 4952 καθαίρεσιν
3542 4886 3842 4956 ὀχυρωμά-

2277 4985 2413 5034 των,
2453 4971 2780 5037 λογισμοὺς
2827 4974 3265 5041 καθαιροῦντες,
3313 4976 3410 5029 καὶ
3460 4975 3584 5030 πᾶν
3631 4978 3841 5047 ὕψωμα

2277 5059 2666 5127 ἐπαιρόμενον
2707 5063 2855 5115 κατὰ
2893 5063 3002 5131 τῆς
3040 5065 3315 5134 γνώσεως
3365 5066 3470 5120 τοῦ
3524 5068 3674 5122 Θεοῦ
3698 5086 3712 5100 ’
3745 5069 3840 5123 καί

2278 5150 2801 5218 αἰχμαλωτίζοντες
2829 5153 2950 5207 πᾶν
2976 5156 3167 5224 νόημα
3188 5159 3275 5222 είς
3300 5157 3413 5224 τὴν
3438 5158 3720 5227 ὑπακοὴν
3741 5159 3840 5214 τοῦ

2281 5241 2539 5306 Χριστοῦ
2563 5259 2576 5272 ο
2621 5243 2666 5294 εί
2699 5243 2755 5296 δὲ
2800 5247 2893 5297 καὶ
2928 5247 3062 5316 πρὸς
3101 5247 3227 5311 τοὺς
3273 5249 3577 5319 ὁρωμένους
3619 5251 3842 5322 ἐχθροὺς

2282 5332 2428 5385 ἐστιν
2449 5335 2678 5399 ἀπιδεῖν,
2713 5338 3050 5407 ἐννοήσωμεν
3073 5343 3195 5403 τοὺς
3217 5342 3312 5393 ἀπ’
3333 5342 3527 5405 αἰῶνος
3551 5341 3840 5413 διωγμοὺς,

2281 5425 2395 5478 ὅσοι
2428 5427 2521 5479 καὶ
2555 5427 2731 5497 ἡλίκοι
2755 5429 3048 5483 κατέλαϐον
3076 5431 3175 5502 τὴν
3205 5432 3534 5505 Ἐκκλησίαν
3561 5435 3657 5489 τοῦ
3689 5435 3840 5499 Θεοῦ,

683 5599 724 5631 τ’
762 5598 877 5653 Jac.
927 5599 1065 5664 i,l5.
1141 5597 1185 5629 ⁸⁸
1224 5595 1510 5657 Joan.vut,
1543 5593 1630 5654 54,
1671 5590 1760 5645 55.
1835 5591 1878 5622 ⁸¹
1921 5589 2152 5646 Galat.u

2259 5590 2296 5646 Β.
2372 5591 2418 5624 ⁸⁸
2456 5591 2619 5649 Marc.
2657 5611 2733 5660 ix,
2765 5594 2853 5649 45.
2931 5596 3027 5650 ⁸³1
3069 5597 3207 5654 Pctr.
3245 5612 3304 5664 ιι,
3349 5600 3402 5655 9.
3478 5601 3526 5634 “
3551 5599 3593 5656 11
3623 5600 3750 5657 Cor.
3790 5617 3839 5667 ι,
