4000 6306
145 373 240 437 657

1321 387 1624 450 SERMON
1631 388 1721 448 ES
1757 389 2273 453 CATECHETICI.

3297 384 3402 448 658

145 492 230 540 καὶ
252 491 426 544 τίνων
445 492 508 546 es
524 493 843 562 διώκεσθαι,
867 497 1029 552 τίνων
1057 499 1120 554 τὸ
1146 501 1444 558 τύπτεσθαι
1470 522 1564 558 και
1588 506 1716 559 ἀπο-

1824 515 1937 562 stra
1979 522 2044 562 ac
2084 513 2350 576 praesente
2381 501 2571 560 haeresi
2599 501 2852 575 exigatur
2880 503 3076 570 oratio,
3110 502 3204 574 qui
3238 506 3320 560 vel
3347 507 3404 561 in

144 581 492 636 κτείνεσθαιο
523 583 644 638 ἀλλ’
673 585 734 638 οὐ
780 586 890 639 τῶν
922 590 1356 661 ὲσταυρωμένων
1387 591 1466 662 τῷ
1494 594 1718 664 κόσμῳς

145 676 232 725 καὶ
261 674 354 726 ἵνα
427 675 501 728 τά
548 676 722 731 πάλαι
751 677 1003 749 παρήσω,
1047 682 1142 735 ἐπὶ
1176 682 1278 752 τῆς
1311 685 1594 754 παρούσης
1623 702 1720 754 γε-

146 765 266 827 νεᾶς
288 766 389 819 καὶ
421 766 522 820 ἐπὶ
545 767 646 837 τῆς
681 768 781 840 ήδη
807 771 1157 844 ἐνισταμένης
1183 775 1444 845 αίρέσεως
1470 777 1499 829 6
1527 776 1680 845 λόγος
1703 794 1717 810 ⁸

143 855 281 918 τίνες
348 855 557 927 μέχρις
616 858 844 928 αἵματος
904 862 1372 934 ἀντεκατέστησαν
1435 867 1572 934 πρὸς
1622 866 1722 935 τὴν

145 944 423 1014 ἁμαρτίαν
462 946 957 1018 ἀνταγωνιζόμενοι
981 965 998 982 ο
1029 949 1150 1021 οὐχὶ
1177 954 1226 1006 ot
1253 954 1515 1025 μακάριοι
1544 956 1722 1010 Πατέ-

147 1053 232 1102 ρες
280 1037 381 1089 καὶ
413 1036 642 1105 ἀδελφοὶ
677 1037 852 1107 ἡμῶν,
888 1039 941 1092 οἶ
965 1057 1023 1093 τε
1060 1041 1162 1110 τῆς
1191 1043 1310 1097 καθ’
1341 1046 1488 1116 ἡμᾶς
1528 1047 1718 1118 μονῆς,

143 1126 231 1179 καὶ
270 1127 322 1179 oi
355 1125 477 1179 τῶν
502 1127 710 1192 mm;
733 1128 996 1200 Μοναχῶν
1046 1127 1139 1186 οῦν
1169 1133 1386 1205 ἀληθῶς
1409 1136 1478 1190 τὰ
1498 1137 1723 1193 τοιαῦτα

142 1216 552 1288 κατορθώματα
585 1220 682 1272 καὶ
720 1219 1025 1290 ἀθλήματα,
1057 1224 1152 1278 καὶ
1194 1229 1418 1298 μοναχοὶ
1453 1228 1523 1281 τὰ
1553 1228 1720 1302 νεῦρα

142 1311 230 1363 καὶ
272 1309 643 1382 ἑδραιώματα
686 1313 788 1383 τῆς
843 1317 1168 1388 Ἑκκλησίας
1189 1334 1206 1351 ο
1235 1319 1327 1372 καὶ
1355 1319 1593 1374 τοιοῦτον
1626 1322 1720 1375 καὶ

142 1401 466 1469 τηλικοῦτον
519 1402 581 1457 τὸ
628 1403 867 1477 ἀξίωμα,
895 1409 1031 1478 ὅπερ
1075 1410 1395 1482 κεχάρισται
1433 1414 1566 1485 ἡμῖν
1612 1414 1718 1468 ὑπὸ

141 1493 233 1562 τῆς
258 1494 613 1565 ἁγαθότητος
654 1496 748 1551 τοῦ
784 1498 920 1552 Θεοῦ
945 1517 959 1532 ο
991 1500 1107 1554 ἀλλ’
1138 1503 1326 1573 ἐπειδὴ
1350 1505 1484 1558 ὅπου
1531 1504 1580 1558 οί
1621 1504 1719 1575 θη-

145 1585 352 1653 σαυροὶ,
386 1587 515 1637 ἐκεῖ
543 1586 639 1639 καὶ
672 1589 720 1640 οἱ
755 1591 987 1644 κλέπται
1031 1594 1454 1662 παρεδρεύουσιν
1475 1613 1488 1626 ·
1517 1597 1722 1667 θησαυ-

146 1673 224 1742 ροὶ
248 1674 304 1727 δὲ
331 1675 526 1745 ψυχῆς
545 1677 602 1728 αἱ
620 1677 832 1747 ἀρεταὶ,
859 1681 1158 1752 παρακαλῶ
1182 1683 1276 1735 καὶ
1297 1685 1717 1756 ὑπομιμνῄσκω,

143 1767 552 1838 γρηγορῶμεν,
609 1771 886 1841 νήφωμεν,
945 1773 1357 1846 ἀσυλαγώγητοι
1417 1778 1717 1849 διαμένειν,

1829 610 2017 651 necem
2059 596 2332 659 restitere,
2369 592 2621 650 ineundo
2674 608 2803 650 cum
2855 601 3082 664 peccato
3110 594 3404 651 conﬂictu?

1827 701 1937 741 non
1987 686 2134 742 beati
2200 686 2413 752 Patres,
2466 685 2774 754 fratresque
2824 695 2934 740 tam
2982 686 3159 742 nostri
3203 695 3401 754 cretus,

1827 791 1994 839 quam
2019 774 2264 829 externi?
2301 773 2372 829 Ut
2420 774 2818 830 monachorum
2866 773 3059 843 procul
3089 771 3258 828 dubio
3287 773 3405 828 haec

1828 867 2070 925 facinora
2103 869 2233 935 sint,
2265 877 2318 924 et
2344 867 2666 934 certamina,
2712 867 3078 939 monachique
3116 867 3296 934 nervi,
3328 883 3396 923 ac

1827 960 2078 1017 tibicines
2100 962 2210 1017 sint
2243 959 2524 1017 Ecclesiae.
2555 960 2738 1031 Atque
2770 961 2886 1015 haec
2911 969 3063 1016 tanta
3094 967 3180 1015 est
3211 967 3400 1015 nostra

1826 1050 2086 1123 dignitas,
2119 1068 2285 1123 quam
2321 1051 2418 1109 Dei
2454 1051 2580 1122 Opt.
2622 1050 2761 1106 Max.
2814 1050 3078 1106 beneﬁcio
3127 1062 3400 1107 tenemus.

1830 1141 1935 1199 Sed
1961 1143 2222 1213 quoniam
2248 1143 2341 1199 ubi
2373 1151 2500 1201 sunt
2528 1142 2796 1207 thesauri,
2824 1141 3064 1197 indidem
3092 1140 3241 1198 fures
3268 1141 3399 1197 sub-

1826 1234 2028 1299 sident,
2062 1236 2345 1307 animique
2378 1235 2622 1291 thesauri
2653 1243 2785 1290 sunt
2813 1234 3066 1301 virtutes,
3097 1234 3310 1301 hortor,
3343 1240 3400 1288 et

1827 1325 2114 1391 admoneo,
2164 1327 2474 1398 vigilemus,
2517 1337 2680 1396 atque
2720 1325 3071 1392 excubamus,
3129 1323 3223 1395 qui
3253 1322 3400 1378 indi-

1826 1418 1963 1488 repti
1989 1433 2332 1483 maneamus,
2362 1434 2469 1472 non
2496 1418 2777 1486 voluptate
2801 1429 3016 1485 pessum
3044 1421 3258 1477 euntes,
3286 1426 3396 1466 non

1827 1505 2014 1561 furore
2040 1505 2213 1572 eﬂ‘eri,
2262 1521 2374 1562 non
2419 1506 2647 1578 perﬁdia
2704 1506 3026 1575 caligantes,
3063 1520 3175 1560 non
3220 1506 3395 1559 confi-

1828 1600 1974 1656 tendi
2007 1600 2299 1655 insolentia
2342 1609 2660 1666 aestuantes,
2685 1612 2798 1654 non
2830 1598 2942 1652 alio
2977 1607 3250 1668 quoquam
3279 1611 3397 1652 sce-

1828 1692 1937 1746 lere
1974 1691 2209 1761 possessi
2235 1709 2252 1759 ;
2281 1693 2413 1762 quin
2447 1691 2739 1746 lethalibus
2768 1690 2919 1746 vitiis
2945 1689 3157 1755 intacti,
3186 1688 3397 1744 alacres

1828 1784 2058 1838 ulterius
2109 1785 2370 1849 nitamur,
2420 1784 2547 1839 dum
2584 1783 2708 1838 vitae
2743 1790 2940 1838 metam
3000 1781 3395 1852 pertingamus.

145 1859 278 1928 μήτε
323 1860 438 1914 ὑπὸ
487 1861 682 1932 ἡδονῆς
722 1865 1178 1936 κατασυρόμενοι,
1223 1868 1360 1938 μήτε
1399 1869 1504 1923 ὑπὸ
1541 1871 1716 1942 θυμοῦ

1829 1874 1950 1930 lam
1977 1875 2123 1931 dolet
2146 1874 2377 1931 fortasse
2406 1891 2594 1930 rumor
2622 1873 2961 1930 monasteria
2994 1879 3180 1928 nostra
3207 1871 3275 1926 ab
3297 1871 3406 1925 do—

142 1951 635 2023 ιξαγριαινόμενοι,
685 1956 820 2025 μήτε
872 1956 976 2008 ὑπὸ
1019 1958 1278 2023 ἀπιστίας
1324 1964 1717 2034 σκοτιζόμενοι,

145 2043 273 2111 μήτε
301 2044 413 2097 ὑπὸ
435 2045 900 2116 ἀνεξαγορευσίας
915 2052 1422 2123 περιστατούμενοι,
1451 2058 1588 2126 μήτε
1613 2058 1718 2110 ὑπό

141 2148 277 2195 τινος
314 2134 486 2188 ἄλλου
524 2135 732 2199 πάθους
766 2145 1316 2214 κατακυριευὸμενοι·
1350 2147 1484 2201 ἀλλά
1516 2148 1720 2203 ἀνώτε-

145 2237 218 2287 ροι
243 2223 352 2277 τῶν
374 2224 648 2295 ὀλεθριῶν
670 2226 858 2281 παθῶν
886 2228 1059 2295 ὄντες,
1092 2232 1264 2304 ἴωμεν
1285 2236 1566 2309 προθυμίᾳ
1583 2239 1719 2308 πρὸς

142 2312 196 2362 τὺ
224 2313 374 2382 ἑξῆς,
430 2316 633 2386 μέχρις
664 2316 730 2370 ἂν
760 2323 1189 2394 καταντήσωμεν
1217 2327 1298 2390 είς
1326 2327 1386 2380 τὸ
1418 2328 1594 2398 πέρας
1625 2330 1716 2384 τοῦ

144 2402 269 2470 βίου.
297 2407 453 2476 Τάχα
497 2407 664 2462 λυπεῖ
693 2411 837 2482 ἡμᾶς
870 2415 1062 2487 ήάκοὴ
1119 2419 1213 2472 τοῦ
1254 2419 1324 2473 τὰ
1378 2424 1718 2496 μοναστήρια

142 2495 291 2564 ἡμῶν
321 2499 430 2552 ὑπὸ
477 2499 592 2552 τῶν
637 2501 731 2555 τοῦ
774 2505 979 2576 Κυρίου
1009 2509 1221 2580 ὲχθρῶν
1259 2495 1714 2586 διαφθείρεσθαυ

140 2589 246 2641 ἀλλ’
277 2590 509 2660 οὐδεμία
553 2591 696 2663 λύπη
725 2593 903 2649 τοῦτο*
942 2603 1305 2672 μοναστήριον
1330 2605 1440 2677 γὰρ
1470 2609 1562 2662 καὶ
1593 2610 1715 2672 ναὸς

141 2677 265 2760 θεοῦ
317 2681 488 2750 ἡμεῖς
545 2683 734 2751 ἐσμεν,
788 2683 923 2754 πρὸς
969 2687 1064 2752 οὓς
1099 2692 1190 2742 καὶ
1233 2691 1480 2750 λέλεκται
1506 2715 1519 2729 ο
1550 2696 1716 2764 Είτις

143 2767 240 2817 τὸν
265 2769 419 2822 ναὸν
442 2769 553 2823 τοῦ
598 2770 746 2824 Θεοῦ
783 2775 1024 2844 φθείρει,
1041 2779 1243 2846 φθερεῖ
1261 2783 1475 2837 τοῦτον
1493 2788 1526 2840 ό
1550 2788 1710 2853 Θεός.

143 2857 242 2910 Καὶ
280 2859 481 2924 ἄλλως,
517 2861 603 2914 ὅτι
636 2862 895 2929 πολλάκις
930 2866 1174 2935 ἔφθασαν
1207 2871 1568 2945 διαφθαρῆναι
1613 2878 1717 2931 ὑπὸ

145 2948 240 3039 τῶν
264 2949 578 3015 διωξάντων
608 2954 779 3024 ἡμᾶς,
806 2957 902 3010 καὶ
935 2958 1102 3014 πάλιν
1128 2963 1194 3032 τῇ
1220 2964 1313 3016 τοῦ
1341 2965 1474 3020 Θεοῦ
1503 2985 1686 3039 προμη

145 3037 276 3112 θείᾳ.
315 3045 397 3106 είς
439 3041 506 3096 τδ
562 3045 790 3116 ἀρχαῖον
823 3050 1216 3122 ἑπανέδραμον.
1256 3056 1408 3126 Τάχα
1439 3037 1716 3114 καὶτοῦτο

149 3133 352 3186 σαλεύει
395 3136 573 3207 ἡμᾶς,
604 3138 685 3191 ὅτι
729 3139 804 3212 μὴ
835 3141 974 3196 κατά
1018 3144 1245 3208 πολλοὺς
1280 3148 1390 3201 τῶν
1422 3150 1714 3222 δεδιωγμέ-

145 3241 242 3275 νων
287 3227 605 3298 κατέχομεν
632 3227 701 3282 τὰ
730 3234 1089 3304 μοναστήρια,
1119 3235 1592 3309 ἀνοικοδομοῦντες
1621 3247 1714 3297 καὶ

147 3320 456 3382 φυτεύοντες
479 3359 496 3384 ,
530 3319 629 3372 καὶ
673 3320 774 3374 ὅσα
800 3321 936 3378 ἄλλα
987 3325 1435 3397 καλλιεργοῦντες
1460 3345 1472 3358 ·
1509 3329 1621 3398 ἐγὼ
1660 3333 1718 3386 δὲ

145 3407 385 3460 τοσοῦτον
415 3409 747 3479 αἰσχύνομαι
781 3427 795 3442 ο
840 3413 888 3464 εί
909 3413 1016 3484 γὰρ
1046 3414 1185 3484 ὑπὲρ
1211 3417 1308 3484 τῆς
1335 3421 1718 3492 καταστροφῆς

147 3493 235 3564 τῆς
264 3498 503 3563 πίστεως
533 3502 562 3553 ὁ
595 3500 836 3572 διωγμὸς
866 3507 961 3556 καὶ
997 3504 1026 3555 ὁ
1055 3504 1275 3575 σύμπας
1306 3508 1478 3576 ἀγὼν,
1511 3511 1718 3585 ταύτης

151 3586 222 3656 μὴ
258 3589 756 3663 ἑπανορθωθείσης,
806 3591 923 3647 ἀλλ’
954 3594 1034 3648 ἔτι
1076 3595 1567 3671 βλασφημουμένου
1619 3606 1715 3660 τοῦ

147 3675 399 3748 ὀνόματος
445 3680 545 3735 τοῦ
575 3681 710 3734 Θεοῦ
739 3723 754 3748 ,
786 3683 895 3737 τῶν
926 3701 985 3738 τε
1034 3687 1203 3755 ἁγίων
1251 3690 1511 3763 Πατέρων
1557 3695 1716 3765 ήμῶν

147 3767 708 3842 ἁναθεματιξομινων,
736 3773 894 3828 ἔστιν
923 3776 1031 3847 ἄρα
1069 3795 1153 3841 τις
1185 3779 1422 3847 ὠφέλεια
1461 3784 1561 3852 τῆς
1599 3787 1719 3839 ἐπι-

150 3860 480 3928 κρατήσεως,
503 3861 601 3913 κιιὶ⁵
622 3861 740 3930 οὐχὶ
768 3863 967 3932 μᾶλλον
992 3864 1162 3937 βλάϐη
1183 3869 1608 3944 ὁμολογουμένη.
1624 3877 1716 3931 καὶ

156 3949 403 4035 προδοσία
445 3951 548 4020 τῆς
593 3950 888 4020 ἀληθείας;
923 3954 964 4005 Τ
971 3953 1018 4017 ίς
1047 3955 1107 4020 ἐξ
1159 3958 1415 4028 ἡμισείας
1468 3964 1714 4035 δραμὼν,

148 4032 269 4108 ἦρεν
293 4041 544 4106 ἔπαθλον,
579 4042 742 4096 ὁπότε
774 4044 834 4097 οὐ
858 4043 1076 4111 τελείως
1109 4047 1334 4120 δραμεῖν
1363 4032 1546 4122 μόνον,
1577 4032 1716 4113 ἀλλά

151 4133 235 4185 καὶ⁷
280 4136 550 4205 νομίμως,
587 4135 956 4208 διηγόρευται.
1009 4129 1146 4210 Φησὶ
1178 4143 1319 4215 γάρ·
1373 4146 1483 4201 Καὶ
1518 4148 1716 4217 οὐδεὶς

149 4222 561 4288 στεφανοῦται,
625 4227 678 4276 εί
730 4224 814 4293 μὴ
874 4229 1135 4297 νομίμως
1191 4233 1457 4303 ἀθλήσῃ.
1506 4239 1716 4297 Οὐκοῦν

149 4311 392 4380 ἀφέμενοι
441 4317 572 4378 τοὺς
632 4316 902 4381 τοιούτους
960 4320 1376 4394 διαλογισμοὺς,
1414 4328 1567 4400 ειπερ
1621 4333 1713 4386 καὶ

151 4416 379 4487 πάρεισι,
427 4421 526 4475 καὶ
571 4421 762 4493 πόρῤω
809 4423 878 4478 τά
916 4424 1047 4491 λοξά
1100 4430 1515 4502 παραδείγματα
1572 4435 1710 4489 ἀπο-

1822 1967 2041 2024 minicis
2064 1967 2316 2023 hostibus
2350 1968 2662 2036 corrumpi?
2693 1965 2985 2021 Enimvero
3029 1964 3173 2019 haud
3212 1962 3260 2018 is
3289 1961 3399 2020 do-

1823 2060 1904 2114 lor
1933 2067 2038 2124 est,
2079 2067 2366 2129 postquam
2409 2058 2826 2122 monasterium,
2859 2071 2923 2110 ac
2951 2054 3045 2111 Dei
3072 2053 3258 2109 fanum
3292 2067 3397 2108 nos

1821 2165 2014 2206 sumus
2048 2168 2060 2203 :
2099 2151 2151 2203 in
2183 2165 2322 2219 quos
2347 2160 2400 2203 et
2429 2150 2575 2203 edita
2605 2150 2720 2203 haec
2749 2148 3022 2203 sententia
3047 2153 3132 2201 est
3158 2163 3171 2200 :
3194 2143 3256 2200 Si
3276 2145 3395 2215 quis

1821 2242 2070 2311 templum
2105 2241 2198 2294 Dei
2234 2241 2526 2304 violaverit,
2568 2238 2835 2309 disperdet
2865 2237 3020 2292 illum
3051 2237 3188 2290 Deus
3220 2237 3292 2290 ⁸⁸.
3328 2233 3398 2292 Ει

1820 2335 2023 2404 alioqui
2047 2347 2188 2402 saepe
2213 2332 2281 2387 ab
2300 2331 2534 2386 inimicis
2558 2338 2839 2399 corrupta,
2863 2327 2958 2383 Dei
2984 2327 3393 2398 procuratione,

1819 2427 1874 2481 in
1907 2425 2194 2494 antiquum
2243 2423 2549 2478 redierunt.
2599 2421 2705 2476 Sed
2757 2420 2873 2474 fors
2915 2420 3190 2489 inquietos
3233 2416 3398 2472 habet

1818 2518 1964 2590 quod
1999 2514 2330 2571 monasteria
2379 2528 2488 2568 non
2543 2525 2792 2567 tenemus
2821 2526 2976 2581 atque
3018 2524 3102 2574 ac,
3153 2509 3398 2586 plerique

1818 2611 2023 2680 capite,
2052 2607 2398 2677 fortunisque
2429 2605 2602 2674 petiti,
2637 2604 2906 2668 aedificiis,
2944 2601 3299 2657 rusticatione
3339 2609 3398 2655 et

1820 2699 1870 2753 id
1907 2714 2082 2770 genus
2114 2696 2386 2766 elegantia
2413 2693 2700 2750 carentes?
2755 2692 3023 2763 Equidem
3055 2700 3267 2746 tantum
3298 2690 3394 2746 ab-

1817 2799 1901 2845 est
1931 2796 1990 2844 ut
2018 2802 2368 2845 commovear
2397 2824 2412 2851 ,
2459 2785 2618 2841 valde
2663 2793 2723 2840 ut
2767 2799 2854 2840 me
2883 2783 3085 2855 pudeat
3122 2783 3341 2838 illorqu
3375 2800 3391 2839 :

1818 2897 1943 2936 nam
1977 2880 2024 2937 si
2049 2895 2212 2937 omne
2239 2881 2294 2935 in
2318 2894 2511 2935 eversa
2544 2879 2647 2933 fide
2672 2877 2990 2941 discrimen,
3017 2892 3080 2932 ac
3103 2875 3392 2932 conﬂictus

1818 2973 2068 3036 vertitur,
2097 2986 2163 3028 ea
2193 2987 2300 3026 non
2337 2971 2662 3038 instaurata,
2703 2968 2798 3025 sed
2836 2969 3018 3024 adhuc
3047 2967 3395 3025 contumeliis

1817 3066 2006 3120 divino
2039 3065 2276 3119 lacerato
2300 3063 2545 3129 nomine,
2579 3062 2895 3131 sanctisque
2926 3060 3184 3116 Patribus
3223 3060 3395 3114 devo-

1817 3161 1906 3222 tis,
1943 3158 2088 3226 quod
2130 3153 2451 3212 retentionis
2499 3152 2930 3226 compendium?
2979 3153 3092 3208 imo
3144 3161 3391 3223 apertum

1815 3260 1898 3302 est
1923 3248 2296 3318 dispendium,
2336 3256 2392 3301 et
2440 3247 2678 3317 proditio
2722 3245 2992 3301 veritatis.
3028 3243 3163 3310 Quis
3212 3243 3392 3297 medio

1815 3356 1980 3397 cursu
2033 3340 2388 3396 honorarium
2436 3340 2599 3394 tulit?
2647 3346 2937 3408 postquam
2998 3336 3145 3390 haud
3185 3335 3393 3405 integer

1817 3432 2000 3498 modo,
2036 3433 2167 3502 quin
2220 3432 2501 3500 legitimus
2547 3431 2730 3486 editur
2777 3445 2973 3485 cursus
3010 3446 3024 3484 :
3059 3428 3137 3483 ait
3190 3428 3337 3483 enim
3372 3446 3387 3481 :

1817 3522 1986 3576 Nemo
2025 3531 2330 3586 coronatur,
2369 3522 2471 3575 nisi
2517 3521 2747 3592 legitime
2789 3520 3067 3576 certaverit
3107 3519 3176 3572 ⁸⁸.
3207 3518 3392 3585 Quare

1817 3614 1906 3672 his
1935 3614 2201 3680 dimissis,
2237 3613 2282 3669 si
2308 3630 2414 3683 qua
2444 3624 2682 3680 exstant,
2700 3613 2972 3683 cogitatis,
2993 3611 3387 3682 productisquo

1817 3703 2124 3773 depravatis
2147 3704 2430 3772 exemplis,
2458 3719 2620 3758 unam
2651 3718 2941 3770 urgeamus
2979 3703 3252 3773 geminam
3285 3716 3388 3756 no-

1812 3802 1985 3848 stram
2016 3793 2444 3857 confessionem,
2475 3809 2582 3863 qua
2619 3793 2764 3859 fidei,
2799 3809 2906 3865 qua
2933 3792 3230 3857 sermonis,
3265 3790 3389 3846 freti

1817 3888 1920 3944 hoc
1947 3889 2068 3960 ejus
2112 3890 2404 3960 promisso,
2452 3891 2542 3960 qui
2577 3899 2727 3946 certo
2762 3890 3053 3960 stipuletur
3097 3907 3112 3946 ;
3156 3887 3390 3953 Quwrite

1811 3982 2041 4050 primum
2073 3999 2284 4052 regnum
2317 3982 2435 4046 Dei,
2464 3993 2514 4036 et
2533 3983 2808 4050 justitiam
2838 3984 2972 4053 ejus,
2999 3992 3048 4036 et
3073 3982 3184 4036 luee
3213 3982 3389 4034 omnia

1816 4070 2136 4139 adﬁcientur
2160 4073 2301 4125 vobis
2321 4072 2363 4104 ³⁷
2396 4088 2410 4125 ;
2453 4072 2600 4141 quod
2656 4079 2712 4125 et
2771 4070 3034 4137 consequi
3074 4085 3386 4126 mercamur

1816 4161 2034 4218 Domini
2068 4165 2238 4219 nostri
2263 4164 2391 4221 lesu
2418 4164 2624 4220 Christi
2658 4165 2982 4219 liberalitate
3018 4170 3183 4233 atque
3221 4163 3387 4217 bene-

1815 4255 1960 4320 ﬁcio,
1990 4257 2076 4311 cui
2103 4256 2274 4326 gloria
2317 4265 2371 4310 et
2404 4258 2692 4326 imperium
2724 4272 2847 4310 cum
2881 4255 3060 4320 Patrc,
3103 4269 3167 4309 ac
3196 4263 3386 4309 sancto

1820 4347 2047 4418 Spiritu,
2091 4365 2235 4404 nunc
2282 4358 2336 4402 et
2364 4364 2600 4420 semper,
2650 4351 2704 4406 in
2737 4362 3068 4418 omnemque
3112 4348 3385 4417 perpetui-

1820 4449 2006 4494 tatem.
2031 4439 2224 4495 Amen.

152 4511 497 4581 πεμπόμενοι,
521 4513 654 4575 ’ἑνὸς
676 4511 925 4583 ἐχώμεθα
960 4515 1153 4585 μόνον,
1195 4519 1294 4587 τῆς
1353 4521 1546 4592 διπλῆς
1603 4525 1761 4594 ἡμῶν
1826 4527 2112 4598 ὁμολογίας
2152 4528 2249 4598 τῆς
2289 4545 2346 4580 τε
2392 4529 2530 4580 κατὰ
2571 4528 2752 4580 πίστιν
2790 4525 3046 4581 καὶκατὰ
3068 4525 3254 4595 λόγον·
3289 4543 3385 4578 πε-

151 4602 379 4668 ποιθότες
423 4608 492 4676 τῇ
533 4606 828 4677 ὑποσχέσει
854 4607 1238 4678 τοῦ-ἀψευδοῦς
1272 4613 1521 4683 λέγοντος
1545 4659 1559 4684 ,
1589 4621 1826 4687 Ζητεῐτε
1879 4622 2113 4691 πρῶτον
2137 4623 2250 4691 τὴν
2269 4623 2596 4686 ,βασιλείαν
2652 4624 2760 4678 τοῦ
2826 4623 2974 4678 Θεοῦ
3006 4622 3105 4676 καὶ
3162 4621 3276 4689 τὴν
3299 4621 3385 4675 δι-

153 4701 470 4768 καιοσύνην
500 4700 713 4761 αὐτοῦ,
744 4701 1056 4758 καὶταῦτα
1117 4707 1314 4761 πάντα
1369 4714 1843 4781 προστεθήσεται
1885 4718 2051 4787 ὑμῖν.
2087 4711 2196 4780 Ἧς
2243 4717 2452 4783 γένοιτο
2495 4719 2641 4789 ἡμᾶς
2699 4720 2999 4788 ἐπιτυχεῖν,
3062 4717 3244 4787 χάριτι
3291 4719 3384 4769 καὶ

153 4789 517 4865 φιλανθρωπίᾳ
548 4792 646 4846 τοῦ
671 4795 868 4864 Κυρίου
901 4796 1055 4866 ἡμῶν
1096 4798 1269 4868 Ἰησοῦ
1301 4802 1561 4872 Χριστοῦ,
1590 4800 1634 4874 ᾧ
1666 4808 1698 4877 ἡ
1734 4808 1860 4875 δόξα
1892 4811 1988 4863 καὶ
2013 4811 2075 4863 τὸ
2100 4811 2300 4882 κράτος
2358 4810 2454 4862 σὺν
2517 4809 2599 4879 τῷ
2624 4810 2797 4881 Harp}.
2819 4813 2911 4864 καὶ
2939 4811 3015 4881 τῷ
3043 4811 3182 4881 ἁγίῳ
3211 4811 3379 4864 Πνεύ-

157 4902 295 4953 ματι,
329 4888 425 4944 νῦν
457 4889 557 4945 καὶ
590 4890 699 4953 ἀεὶ,
727 4893 821 4943 κα)⁸
847 4893 926 4954 είς
953 4894 1078 4954 τοὺς
1109 4893 1310 4958 αἰῶνας
1341 4897 1447 4949 τῶν
1475 4898 1707 4956 αἰώνων.
1762 4904 1936 4974 Ἀμήν
1967 4905 2064 4974 (5).

215 5026 430 5086 "lCor.
458 5047 540 5091 In,
567 5029 653 5084 17.
727 5029 829 5083 I"ll
853 5029 1087 5086 Timoth.
1126 5048 1185 5097 ll,
1214 5034 1267 5087 5.
1341 5036 1385 5067 "’
1418 5035 1606 5092 Matth.
1637 5042 1811 5105 ",33,

192 5161 288 5246 “(3)
315 5162 668 5246 Mtiuas‘t‘i‘cam
703 5163 865 5246 vitam
897 5168 1219 5246 magnisLut
1248 5171 1416 5235 vides,
1455 5172 1543 5228 hic
1596 5175 1706 5228 lau-
1740 5182 1783 5235 D
1811 5178 2060 5233 instituto
2089 5175 2420 5236 desciscunt,
2451 5191 2574 5230 cum
2606 5190 2634 5229 a
2666 5173 3021 5246 sapientibus,
3057 5174 3269 5246 tum_ab
3296 5177 3400 5231 iu-.

157 5228 299 5316 dibus
343 5235 558 5316 extollit
607 5244 827 5316 sanctus
878 5228 1067 5316 abhis.
1100 5228 1535 5316 _Conqueru_'ntur
1577 5260 1706 5316 vero
1740 5228 1774 5235 —
1809 5228 2706 5316 s'iﬁiéiiiibu’s'hbhitu’pééenmri
2727 5228 2814 5299 111.
2848 5241 2921 5316 Ut
2951 5228 3020 5297 in,
3050 5228 3376 5312 regulariu'ut

158 5311 324 5354 nostra
371 5313 530 5382 atate
567 5302 746 5382 tn_ulti._
772 5305 914 5382 quod
966 5302 1552 5382 regularia'instituta,
1580 5313 1708 5382 ipsi-

158 5383 258 5450 que
291 5375 566 5442 regulares
597 5374 987 5450 despiciantur.
1031 5374 1176 5450 Sed,
1199 5393 1326 5450 pace
1362 5381 1575 5435 illorum
1605 5374 1704 5437 ’(11-

159 5447 336 5504 xerim,
381 5457 818 5519 nemo_unquam
862 5447 965 5519 erit
990 5455 1119 5519 tam
1151 5447 1448 5519 insigniter
1489 5459 1706 5519 potens,

161 5524 302 5588 nemo
345 5514 604 5588 captiosis
635 5516 958 5582 eloquentiae
988 5514 1438 5588 illecebris'adeo
1474 5514 1704 5588 pollens,

160 5587 213 5663 ut
256 5593 482 5663 quatuor
537 5587 677 5663 haec.
702 5593 961 5663 prastat-te
995 5587 1194 5663 possit.
1239 5586 1277 5663 1Ϊ
1313 5587 1385 5644 Ut
1414 5586 1703 5660 regularia,

163 5661 447 5732 sanctaque
478 5653 629 5708 sedis
659 5653 863 5720 judicio
888 5653 1114 5732 probata
1141 5658 1395 5732 instituta
1419 5653 1702 5732 asapien;

161 5716 291 5800 tibus
318 5716 447 5777 viris
471 5740 578 5776 non
612 5716 1080 5800 commend-enini;
1106 5726 1174 5800 :_l_|)
1197 5727 1471 5800 Evangelii
1496 5716 1708 5786 de'riso-

163 5785 296 5840 ribus
348 5806 451 5845 non
497 5799 936 5848 contemnantur.
998 5785 1077 5848 11.⁷
1111 5795 1177 5851 Ut
1211 5785 1482 5869 regulares
1512 5803 1604 5872 qui
1630 5785 1709 5859 ab

1811 5315 2044 5372 cdetihus
2071 5316 2251 5370 nullus
2280 5317 2351 5370 sit
2381 5317 2736 5437 non‘probus,
2768 5315 2947 5368 nullus
2979 5327 3084 5366 non
3118 5320 3375 5384 propositi

1813 5397 1972 5437 tenax
2002 5403 2064 5437 ac
2098 5386 2420 5437 discinlinaa.
2469 5386 2484 5437 1
2541 5424 2556 5437 .
2590 5385 2659 5437 Ut
2685 5385 2776 5437 oui
2809 5384 2892 5437 sui
2929 5384 3138 5437 ordinis
3162 5387 3375 5437 regulas

1813 5397 1972 5442 tenax
2002 5403 2064 5441 ac
2098 5386 2420 5454 disciplinae.
2469 5384 2556 5438 IV.
2590 5385 2659 5439 Ut
2685 5385 2776 5453 qui
2809 5384 2892 5439 sui
2929 5384 3138 5438 ordinis
3162 5387 3379 5453 regulas

1811 5459 2124 5519 observant,
2157 5471 2253 5510 eos
2283 5455 2519 5509 maxima
2564 5455 3000 5508 Christianorum
3052 5468 3178 5522 pars
3212 5455 3376 5511 benc-

1812 5529 2046 5581 volentia
2082 5542 2188 5580 non
2223 5535 2604 5595 prosequatur,
2634 5526 2858 5579 minime
2898 5539 3047 5586 vero,
3081 5538 3252 5592 eaque
3282 5527 3372 5580 ab—

1807 5597 2104 5665 jectissima
2131 5605 2186 5650 et
2213 5595 2558 5651 exsecrabilis
2593 5596 2871 5649 hominum
2899 5607 3045 5665 pars,
3072 5607 3262 5662 nempe
3293 5596 3378 5648 in-

1814 5663 2221 5793 tfrtfdtélibalque
2243 5665 2407 5731 athei,
2428 5666 2548 5722 illos
2570 5665 2716 5731 odio,
2733 5677 2824 5722 aut
2844 5663 3030 5720 saltem
3048 5665 3379 5734 contemptui

1818 5753 1922 5793 non
1985 5754 2014 5791 a
2055 5747 2200 5792 cant.

1818 5753 1922 5793 IlOll
1949 5747 2200 5793 habeant.
