4000 6306
587 274 692 339 659

1146 379 1378 434 SERMO
1429 381 1588 436 CXV.

589 471 664 525 De
687 472 866 524 mortis
891 470 1268 532 recordatione,
1293 473 1539 554 obituque
1558 475 1750 542 fratris
1784 473 1969 526 Jacobi
2000 491 2057 525 ac
2083 477 2145 527 de

1205 553 1529 609 paenttentta.

659 629 876 685 Fratres
944 632 1258 699 Patresque,
1304 633 1545 700 quandiu
1605 633 1668 688 ad
1730 649 1823 688 vos
1885 635 2143 686 disseram

588 725 771 790 nauci,
807 739 1009 794 vosque
1049 724 1288 793 jejunam
1329 727 1467 781 hanc
1507 727 1740 780 audietis
1771 741 1980 788 vocem,
2029 741 2148 794 quae

589 815 878 870 admoneat
921 814 1080 870 ollicii
1116 817 1138 870 ’ἔ
1175 833 1281 870 non
1314 826 1368 870 et
1397 833 1541 870 nunc
1574 815 1801 870 fratrum
1827 816 1954 879 duo,
1988 816 2146 870 Jaco-

589 904 710 970 bus,
739 921 803 960 ac
823 905 1110 970 Basianus,
1140 908 1276 961 alter
1311 907 1376 961 ad
1414 907 1578 962 Deum
1608 906 1900 966 concessit,
1936 909 2068 962 alter
2094 907 2144 959 in

588 995 799 1050 foribus
861 1007 1104 1052 versatur
1157 997 1412 1052 mortis?
1461 996 1600 1051 Num
1658 999 1987 1052 immortales
2048 1011 2146 1052 nos

586 1087 832 1152 erimus;
872 1104 977 1142 non
1012 1089 1151 1143 idem
1178 1089 1441 1144 ducemus
1464 1088 1610 1158 quod
1639 1089 1948 1158 praegressi,
1977 1104 2144 1158 pocu-

586 1174 696 1229 lum
729 1176 750 1230 ?
781 1175 850 1231 Ut
881 1177 1017 1234 bene
1045 1193 1167 1234 cum
1199 1193 1264 1232 eo
1292 1188 1504 1247 agatur,
1544 1192 1708 1246 porro
1731 1177 1822 1245 qui
1853 1177 1902 1231 id
1933 1179 2147 1233 assidue

586 1267 830 1322 revolvat
873 1269 1154 1338 vitamque
1204 1284 1358 1324 suam
1419 1269 1824 1323 meditationem
1868 1277 2149 1337 comparet

585 1358 777 1414 mortis
802 1375 817 1426 ;
856 1357 943 1412 ubi
975 1368 1056 1413 est
1086 1359 1229 1412 enim
1260 1359 1448 1414 mortis
1470 1359 1768 1424 meditatio,
1793 1359 2148 1428 proculdubio

584 1445 760 1513 vigor,
827 1447 1052 1511 stimuli,
1084 1447 1357 1519 lacrymze,
1417 1449 1680 1512 suavitas,
1709 1449 1874 1511 nitor,
1906 1448 2144 1502 studium

584 1536 879 1604 potiorum,
930 1545 982 1594 et
1017 1552 1138 1607 qua
1177 1538 1366 1591 orbem
1400 1548 1678 1606 superent,
1715 1550 2140 1609 consequuntur.

583 1624 712 1690 Qua:
731 1627 892 1680 simul
911 1626 1129 1692 absunt,
1155 1628 1226 1682 ibi
1254 1638 1366 1682 tum
1411 1645 1589 1699 pravae
1617 1630 1972 1700 cogitationes
1993 1633 2145 1697 oriri,

1769 279 1827 338 S.
1859 274 2243 336 TllEODORI
2303 276 2644 334 STUDITzE

2179 385 2220 440 Α
2250 378 2436 434 Jesum
2463 381 2762 434 Dominum
2801 389 3046 434 nostrum
3083 400 3094 432 :
3129 381 3214 447 cui
3248 380 3418 445 gloria
3441 389 3494 434 et
3528 378 3822 449 imperium

3720 272 3828 334 660

2251 485 2373 524 cum
2415 471 2593 534 Patre,
2621 486 2685 524 ac
2715 482 2904 526 sancto
2951 470 3175 541 Spiritu,
3211 486 3355 526 nunc
3391 481 3444 526 et
3500 485 3735 540 semper,
3771 473 3824 524 in

2250 577 2582 622 Omnemque
2612 561 3049 631 perpetuitatem.
3081 563 3271 618 Amen.

2812 711 3038 766 SEBMO
3074 709 3256 764 CXVI.

2251 825 2325 879 De
2356 824 2786 891 aspectabilibus,
2827 833 2874 877 et
2903 822 3381 890 inaspectabilibus.
3415 839 3529 891 qute
3562 824 3615 874 in
3649 825 3822 875 mani-

2319 897 2408 948 bus
2451 897 2552 947 sint
2586 895 2830 961 periculis
2863 909 2926 946 ac
2959 895 3203 955 miseriis,
3243 893 3447 959 vitaque
3481 894 3821 958 adipiscenda

2319 966 2486 1032 felice.

2319 1077 2534 1132 Fratres
2564 1078 2861 1147 Patresque
2884 1075 3021 1146 ,jam
3043 1075 3154 1142 jam
3189 1073 3296 1127 huc
3329 1073 3558 1143 spiritali
3588 1074 3819 1143 appulsu

2249 1172 2431 1234 fratre,
2449 1172 2668 1226 domino
2687 1169 2980 1232 Eustratio,
3003 1169 3141 1220 haud
3162 1182 3257 1221 vos
3275 1167 3511 1222 arbitror
3527 1167 3664 1221 citra
3682 1183 3820 1235 qua:-

2249 1265 2451 1318 stiones
2469 1262 2786 1322 consistere,
2803 1259 3064 1313 adventus
3093 1272 3312 1310 causam
3332 1256 3699 1321 sciscitantes,
3723 1271 3817 1308 ne-

2247 1369 2353 1423 que
2375 1353 2571 1407 mirum
2611 1368 2733 1406 cum
2769 1349 2984 1404 occasio
3015 1348 3343 1416 subsit,quze
3363 1347 3692 1415 quaestiones
3723 1362 3815 1400 eas

2248 1453 2520 1513 provocet.
2567 1442 2671 1497 Sed
2704 1441 2987 1512 ignoscite,
3030 1453 3135 1493 non
3183 1437 3436 1492 omnibus
3475 1453 3692 1506 semper
3735 1437 3814 1491 fas

2248 1533 2421 1600 detegi
2474 1531 2686 1602 negotia
2735 1540 2837 1594 est,
2871 1545 2971 1584 nec
3018 1528 3123 1581 nisi
3172 1528 3399 1581 fratrum
3451 1526 3810 1596 primoribus,

2247 1626 2391 1695 quod
2414 1625 2481 1678 ab
2509 1625 2629 1693 ipso
2642 1621 2874 1676 Domino
2906 1628 3094 1674 nostro
3126 1617 3254 1672 Jesu
3279 1618 3496 1672 Christo
3523 1618 3808 1682 docemur,

581 1731 717 1785 quas
753 1718 805 1770 in
843 1717 1132 1789 Evangelio
1181 1719 1353 1775 Herus
1394 1722 1583 1787 vetuit,
1611 1738 1731 1790 qua:
1765 1732 1950 1791 captos
1980 1723 2148 1776 lanci-
2177 1721 2220 1776 Β
2247 1717 2341 1787 qui
2383 1731 2528 1770 nunc
2549 1713 2751 1770 sanctis
2777 1711 3032 1767 omnibus
3079 1709 3363 1779 discipulis
3392 1708 3630 1763 caelestis
3665 1709 3814 1778 regni

581 1817 730 1870 nent,
764 1823 826 1863 ac
858 1810 981 1862 vitae
999 1820 1241 1866 amantes
1265 1815 1582 1882 pertrahant
1603 1814 1652 1867 in
1682 1829 1944 1869 errorem.
1976 1813 2146 1869 Nobis

579 1896 794 1963 quidem
840 1899 1174 1953 recordanda
1217 1916 1429 1971 semper
1473 1914 1527 1956 et
1554 1904 1773 1958 assidue
1824 1919 1971 1958 mors
2038 1915 2140 1969 est,

579 2002 853 2057 operaque
873 1990 1048 2043 danda
1077 2004 1144 2044 ne
1162 1991 1320 2045 foedis
1349 1993 1972 2058 obeundislibidinibus,
2011 1998 2141 2064 quin

577 2093 643 2133 ex
671 2079 853 2134 divina
881 2080 1160 2135 voluntate
1188 2081 1452 2150 reliquum
1489 2083 1611 2136 vitae
1650 2083 1703 2136 in
1736 2097 1898 2138 carne
1925 2092 2141 2152 tempus

576 2185 918 2241 peragamus,
952 2187 1076 2226 nam
1112 2172 1201 2241 pol
1240 2183 1546 2228 anteactam
1575 2173 1773 2228 sulllcit
1806 2175 2141 2230 curriculum

577 2275 685 2330 quo
701 2262 963 2332 corporis,
984 2263 1262 2332 animique
1286 2263 1570 2318 desideriis
1596 2263 1980 2328 satisfecimus,
2009 2267 2144 2320 satis

579 2365 853 2422 superque
879 2360 961 2405 est
1021 2360 1354 2405 structarum
1401 2352 1621 2406 diabolo
1648 2351 1919 2418 fraudum,
1953 2353 2044 2422 qui
2075 2354 2144 2406 ab

578 2441 824 2496 honestis
897 2441 1090 2495 studiis
1148 2440 1398 2494 diversos
1439 2440 1490 2492 in
1520 2440 1743 2495 nefariis
1798 2441 2144 2510 cupidinibus

579 2543 784 2599 susque
813 2529 983 2598 deque
1005 2528 1246 2597 jactarit,
1281 2527 1420 2581 unde
1444 2528 1868 2582 emolumentum
1896 2530 2142 2597 cepimus

579 2633 879 2688 nunquam,
912 2629 1210 2683 contraque
1239 2617 1525 2682 damnum,
1558 2632 1619 2670 ac
1654 2615 1972 2684 infamiam;
1999 2634 2143 2672 nunc

579 2719 790 2779 tempus
832 2717 916 2763 est
983 2716 1286 2776 acceptum,
1334 2707 1560 2777 diesque
1610 2707 1823 2762 salutis.
1877 2706 2047 2761 Hodie
2090 2709 2139 2760 si

578 2818 746 2855 vocem
770 2801 880 2869 ejus
917 2800 1214 2861 audieritis,
1240 2799 1396 2852 nolite
1422 2800 1679 2852 obdurare
1702 2799 1864 2852 corda
1888 2811 2055 2853 vestra
2072 2800 2137 2862 ⁸⁸,

577 2905 800 2953 sanctus
855 2894 1090 2964 Spiritus
1138 2895 1358 2958 clamat,
1404 2895 1606 2949 etenim
1655 2912 1820 2964 prona
1869 2897 1920 2949 in
1950 2897 2138 2950 vitium

576 2989 758 3042 anima
810 2986 1039 3042 adversa
1093 2995 1289 3040 natura
1341 2992 1546 3050 nostra,
1599 3002 1720 3054 quas
1752 3001 1850 3039 nec
1882 2987 2134 3038 diurnam

2252 1806 2426 1876 aperit
2457 1819 2660 1859 arcana
2699 1821 2712 1857 :
2745 1817 2891 1856 nunc
2927 1802 3225 1870 assumptis
3276 1799 3455 1866 Petro,
3489 1798 3716 1862 Jacobo,
3755 1815 3818 1854 ac

2250 1899 2518 1957 Johanne,
2561 1896 2628 1950 iis
2661 1894 2794 1949 solis
2846 1893 3067 1947 exhibet
3118 1889 3450 1961 spectacula.
3488 1888 3811 1958 Quanquam

2251 2001 2312 2045 ut
2353 1988 2549 2058 partim
2603 1985 2789 2040 sciatis
2838 1999 2934 2038 vos
2983 1997 3224 2052 quoque,
3273 1981 3344 2036 ob
3387 1979 3690 2035 Ecclesiam
3734 1989 3816 2033 est

2249 2082 2515 2136 adventus
2558 2077 2886 2150 :prolltetur
2937 2090 3211 2144 namque,
3253 2084 3312 2127 ut
3347 2089 3376 2128 a
3427 2072 3666 2128 consciis
3694 2111 3708 2135 ,
3763 2080 3816 2125 et

2250 2171 2466 2227 concilii
2499 2156 2734 2238 tempus,
2764 2177 2818 2221 et
2843 2167 2963 2220 fidei
2991 2167 3462 2231 instaurationem,
3489 2176 3542 2220 et
3563 2165 3815 2220 exsulum

2251 2261 2676 2317 revocationem.
2712 2259 2791 2312 Ad
2821 2273 2944 2327 qua:
2973 2266 3223 2311 accurate
3271 2257 3655 2326 respondimus
3693 2272 3816 2325 qua:

2249 2357 2485 2414 deceret,
2531 2349 2667 2404 nihil
2715 2347 3147 2410 dissimulantes,
3203 2345 3294 2400 Dei
3344 2346 3628 2410 beneficio,
3671 2347 3814 2414 quod

2255 2442 2396 2497 edici
2436 2449 2731 2510 oporteret,
2781 2437 2928 2492 unde
2954 2445 3007 2492 et
3033 2437 3406 2506 conjecturam
3446 2436 3680 2492 facimus
3717 2439 3816 2491 ite—

2257 2547 2375 2584 rum
2404 2545 2506 2584 nos
2541 2531 2778 2598 pericula
2827 2544 2891 2585 ac
2916 2529 3169 2584 miserias
3202 2544 3438 2582 manere.
3473 2527 3577 2582 Sed
3619 2529 3814 2580 nihil"

2248 2625 2437 2677 horum
2478 2638 2674 2686 vereor,
2706 2623 2782 2674 ait
2814 2622 3007 2676 beatus
3067 2620 3360 2691 Apostolus
3404 2619 3686 2689 (lepidum
3733 2632 3816 2674 est

2248 2715 2394 2769 enim
2434 2715 2546 2768 haec
2574 2714 2692 2781 ejus
2721 2712 2884 2767 verba
2928 2725 3237 2782 usurpare),
3276 2728 3366 2765 nec
3408 2711 3548 2780 facio
3581 2712 3814 2764 animam

2248 2806 2797 2875 meampreliosiorem
2828 2820 2987 2874 quam
3019 2820 3118 2868 me,
3153 2804 3436 2855 dummodo
3464 2819 3816 2856 consummem

2247 2914 2457 2951 cursum
2491 2914 2659 2950 meum
2690 2914 2809 2950 cum
2839 2895 3054 2966 gaudio,
3095 2904 3145 2947 et
3173 2894 3522 2947 ministerium
3555 2893 3694 2962 quod
3728 2911 3817 2946 ac-

2247 2990 2356 3056 cepi
2395 3005 2426 3040 a
2466 2987 2685 3040 Domino
2727 2985 2887 3050 Jesu,
2939 2985 3215 3053 testiﬁcari
3245 2983 3586 3054 Evangelium
3627 2987 3817 3054 gratia

575 3077 923 3133 stabilitatem
962 3077 1208 3140 haberet,
1241 3076 1498 3129 benevole
1527 3090 1692 3138 nunc,
1728 3083 1780 3128 et
1817 3075 1975 3128 hodie
2007 3090 2141 3144 prre-
2173 3071 2214 3128 C
2249 3079 2346 3131 Dei
2369 3080 2438 3141 9°,
2474 3078 2616 3131 idem
2651 3087 2704 3130 et
2730 3092 2829 3132 nos
2863 3077 3079 3140 fratres,
3116 3091 3215 3146 pro
3248 3077 3371 3130 data
3409 3076 3530 3129 fidei
3561 3091 3815 3131 mensura

575 3169 772 3233 stituit,
805 3183 871 3222 ne
929 3167 1019 3222 cui
1045 3167 1237 3221 liceret
1285 3166 1661 3236 pmnitentiam
1706 3163 1981 3236 defugere,
2013 3167 2144 3236 quin

574 3275 674 3314 seu
711 3259 972 3330 graviter,
1025 3275 1123 3314 seu
1152 3258 1345 3314 leviter
1391 3259 1819 3323 consceleratus,
1864 3274 1957 3313 seu
1991 3259 2143 3320 olim,

579 3363 675 3402 seu
709 3363 902 3417 nuper,
935 3348 1164 3402 salutari
1196 3349 1384 3404 audito
1413 3350 1687 3418 praeconio
1711 3349 1762 3403 in
1792 3350 1908 3404 dies
1934 3366 2011 3414 se,
2041 3350 2145 3403 mi-

576 3439 723 3493 nime
764 3445 1074 3502 cunctatus,
1128 3439 1478 3503 instauraret,
1513 3449 1673 3508 atque
1732 3451 2040 3493 renovaret.
2070 3440 2146 3492 En

575 3546 695 3599 qua:
739 3530 829 3585 Dei
862 3529 985 3600 Opt.
1030 3531 1169 3586 Max.
1204 3532 1526 3602 benignitas,
1569 3533 1798 3586 celerem
1844 3547 1996 3588 noxa:
2040 3548 2142 3586 me-

576 3623 811 3677 dicinam
854 3622 1176 3693 facilemque
1209 3624 1409 3677 moliri.
1432 3623 1706 3678 Curantur
1745 3625 1965 3693 quidem
1997 3636 2147 3679 certe

573 3724 627 3768 et
657 3714 953 3768 secundum
989 3729 1206 3768 carnem
1239 3715 1430 3778 saucii,
1465 3716 1557 3769 sed
1589 3718 1675 3782 pol
1700 3715 1862 3780 lente,
1892 3731 1999 3786 quo
2025 3730 2146 3784 per-

574 3806 750 3859 sanati
801 3820 924 3859 cum
961 3806 1119 3860 hoste
1179 3806 1373 3859 iterum
1433 3805 1744 3876 confligant,
1807 3807 1972 3861 nobis
2020 3822 2142 3860 cum

574 3894 800 3949 \ulnere
835 3895 1125 3965 conjuncta
1151 3895 1422 3953 medicina
1455 3905 1536 3950 est
1569 3897 1728 3951 modo
1755 3897 1798 3951 si
1831 3897 2150 3967 propulsare

575 3987 828 4041 inimicos
877 3988 1140 4056 eveSIigio
1177 3988 1427 4049 velimus,
1477 3983 1844 4053 Quamobrem
1893 4005 1960 4044 ne
1991 4004 2146 4044 com—

573 4078 853 4132 mittamus
898 4079 1026 4147 quin
1070 4080 1265 4132 diurna
1319 4080 1578 4134 obeunda
1630 4080 1951 4149 paenitentia
1983 4097 2146 4136 reno-

577 4185 765 4223 vemur
805 4170 1008 4236 animo,
1033 4187 1135 4226 neu
1161 4175 1497 4226 occasionem
1524 4172 1762 4241 praebeat
1792 4172 2034 4241 segnitiae
2061 4188 2149 4226 ac—

573 4269 792 4329 ceptum
826 4277 925 4316 seu
958 4272 1156 4325 mente,
1195 4279 1290 4318 seu
1321 4263 1525 4325 verbis,
1555 4271 1647 4317 aut
1680 4264 1896 4318 actione
1925 4266 2146 4328 vulnus,

574 4352 669 4405 sed
702 4352 915 4419 quoties
956 4353 1368 4418 occumbamus,
1404 4354 1562 4409 toties
1593 4354 2002 4423 resipiscamus,
2041 4354 2136 4411 Dei

574 4442 787 4496 t-everiti
835 4442 1063 4509 judicia,
1111 4451 1164 4498 et
1219 4446 1366 4499 onmi
1417 4461 1518 4515 ope
1562 4444 1763 4512 flagitia
1820 4443 2137 4513 depraedati.

572 4534 864 4588 Enimvero
908 4533 1103 4598 Moses,
1156 4535 1250 4590 Dei
1303 4551 1515 4599 servus,
1554 4539 1605 4592 in
1655 4547 1837 4592 monte
1860 4537 2140 4605 explicans

571 4639 806 4688 manus,
851 4625 1185 4680 Amaleciten
1253 4627 1557 4696 profligare,
1604 4628 1696 4696 qui
1748 4626 1911 4680 simul
1959 4628 2138 4680 relan-

571 4725 779 4783 gueret,
812 4716 886 4770 ibi
913 4732 1028 4771 cum
1048 4717 1135 4772 hic
1166 4720 1516 4788 praepollere;
1545 4720 1611 4774 ad
1635 4719 1887 4774 eumdem
1917 4719 2137 4773 modum

571 4817 622 4860 ct
659 4822 813 4862 mens
857 4809 1156 4864 sceleribus
1197 4810 1454 4878 appetita,
1507 4821 1760 4879 superato
1802 4826 1900 4865 ceu
1958 4819 2139 4864 monte

571 4913 820 4965 precum,
847 4899 1133 4968 sensisque
1149 4901 1214 4953 ad
1243 4899 1434 4964 Deum,
1467 4902 1622 4970 quasi
1653 4901 1982 4971 quibusdam
2019 4915 2136 4953 ma-

572 4989 735 5043 nibus
787 4991 1056 5059 protentis
1079 5033 1091 5056 ,
1126 4991 1461 5046 Amaleciten
1499 4993 1550 5046 in
1585 4992 1767 5062 fugam
1822 5001 2021 5055 vertat,
2048 4993 2139 5062 qui

570 5080 817 5133 obtutum
865 5081 1035 5148 fugiat
1065 5083 1344 5136 oculorum
1375 5105 1390 5148 -,
1433 5083 1515 5138 sin
1559 5084 1822 5147 remittat,
1855 5083 2139 5151 imperium

572 5173 830 5240 patiatur.
868 5171 1072 5243 Ecquid
1121 5173 1261 5228 facto
1291 5190 1425 5243 opus
1472 5187 1555 5229 est
1587 5191 1713 5246 ergo
1749 5178 1762 5230 !
1817 5178 1946 5245 quid
1974 5177 2142 5237 aliud,

572 5280 734 5332 quant
794 5279 954 5317 manu
1021 5265 1306 5334 ingruente
1390 5267 1612 5329 ltostili,
1681 5277 1914 5323 mentem
1985 5269 2138 5337 juxta

573 5370 641 5410 ac
673 5370 867 5409 manus
904 5356 970 5408 ad
1017 5355 1185 5410 Deum
1227 5359 1470 5418 tendere,
1519 5359 1609 5427 qui
1652 5362 1862 5428 eripere
1904 5372 2066 5429 queat
2108 5377 2137 5414 a

572 5447 782 5501 morte?
804 5445 917 5510 Qua
937 5462 992 5500 re
1017 5447 1253 5518 profugis
1283 5450 1537 5515 inimicis,
1565 5466 1662 5504 nos
1691 5454 1887 5506 adorea
1919 5454 2139 5521 obligati

575 5540 814 5596 victOria:
862 5541 1083 5594 (mleste
1128 5555 1352 5609 regnum
1385 5543 1716 5596 ercisccmnr
1742 5559 1835 5612 per
1861 5545 2133 5600 Christum

2249 3169 2582 3230 sentiamus,
2643 3167 3075 3235 loquamurque,
3137 3166 3231 3233 qui
3286 3165 3340 3218 in
3393 3166 3669 3235 martyriis
3715 3182 3817 3237 pro

2247 3259 2473 3313 Christo
2507 3256 2864 3326 gaudeamus,
2901 3257 2970 3312 ad
2997 3255 3262 3324 supplicia
3301 3257 3496 3323 parati,
3538 3272 3660 3319 nec,
3692 3273 3813 3313 cre-

2253 3351 2349 3403 bro
2396 3350 2653 3418 periculis
2701 3348 2964 3414 defuncti,
3018 3362 3233 3402 rursum
3289 3347 3584 3416 periclitari
3637 3349 3817 3403 detre-

2250 3449 2500 3505 ctemus;
2543 3441 2673 3511 quin
2718 3441 3024 3504 audientes,
3059 3438 3159 3493 Per
3208 3437 3402 3491 multas
3449 3437 3815 3494 tribulatione:

2252 3542 2449 3600 oportet
2481 3550 2574 3587 nos
2620 3535 2822 3586 intrare
2852 3535 2907 3586 in
2951 3550 3166 3604 regnum
3198 3533 3531 3598 caelorum“,
3568 3533 3813 3588 animum

2252 3624 2574 3678 inducamus
2621 3625 2791 3677 multa
2828 3626 3065 3693 perpeti,
3115 3633 3168 3678 et
3206 3622 3485 3693 perferre,
3513 3639 3624 3694 quo
3673 3623 3816 3678 felici

2253 3717 2354 3770 hoc
2382 3717 2631 3785 ingressu
2677 3716 2974 3784 potiantur.
3021 3717 3098 3769 Ac
3151 3716 3261 3769 fors
3307 3714 3442 3767 nihil
3474 3716 3684 3770 accidet
3724 3716 3814 3770 Dei

2253 3808 2631 3863 misericordia
2662 3809 2801 3872 diri;
2833 3808 3049 3878 expedit
3080 3817 3258 3861 tamen
3290 3809 3582 3862 constituta
3613 3809 3815 3864 habere

2253 3914 2377 3967 qua:
2428 3898 2691 3953 formides
2745 3908 2870 3953 ante
2920 3908 3207 3962 terrorem,
3257 3909 3317 3950 ut
3364 3899 3613 3967 egregie,
3674 3899 3814 3951 bello

2251 3988 2643 4050 commisso,in
2690 3989 2859 4041 aciem
2895 3987 3226 4056 prodeamus
3261 4003 3276 4051 ;
3324 3984 3497 4040 facilis
3547 3995 3632 4041 est
3669 3989 3813 4041 enim

2253 4078 2471 4133 animus
2527 4078 2672 4132 vinci
2763 4079 3096 4146 imparatus,
3151 4077 3245 4146 qui
3302 4077 3448 4132 haud
3505 4082 3816 4147 procinctus

2252 4170 2546 4239 derepente
2574 4169 2723 4223 ineat
2752 4178 3046 4222 certamen.
3076 4165 3197 4222 Jam
3223 4169 3354 4239 quid
3397 4179 3632 4226 terrores
3663 4186 3814 4225 coru-

2251 4261 2537 4317 memoro?
2576 4261 2629 4315 in
2653 4263 3082 4326 diescertamen,
3119 4261 3171 4315 in
3197 4262 3314 4316 dies
3357 4262 3604 4331 praelium
3640 4264 3813 4332 θείως

2251 4366 2360 4420 tur,
2392 4370 2499 4410 non
2534 4354 2900 4425 perspicuum,
2938 4355 3029 4407 sed
3066 4354 3519 4423 imperspicuum,
3560 4371 3664 4410 nec
3697 4372 3816 4410 coro

2252 4462 2379 4515 pus,
2446 4447 2538 4500 sed
2572 4453 2806 4499 mentem
2852 4445 3146 4500 vulnerans
3189 4453 3241 4499 et
3277 4445 3620 4510 interimens,
3670 4447 3812 4515 quod

2243 4538 2411 4591 animi
2476 4549 2736 4606 tanquam
2797 4537 2996 4591 lumbis
3055 4538 3391 4602 succinctis,
3464 4552 3529 4591 ac
3589 4538 3816 4606 iustitiae

2241 4630 2413 4683 armis
2461 4629 2657 4693 induti,
2693 4643 2790 4682 ceu
2836 4627 3018 4682 eximii
3067 4629 3267 4683 Christi
3320 4629 3560 4695 milites,
3606 4630 3814 4685 alacres

2245 4737 2348 4777 nec
2393 4722 2694 4777 oscitantes
2736 4721 3129 4791 depugnemus.
3169 4719 3340 4774 Nemo
3378 4721 3662 4776 dormiens
3707 4732 3814 4776 tro-

2237 4828 2408 4881 pa‘um
2461 4813 2677 4877 statuit,
2728 4827 2828 4868 nec
2875 4812 3228 4882 resupinatus
3287 4827 3521 4867 messem
3569 4812 3809 4882 colligit;

2236 4905 2366 4971 quin
2398 4903 2588 4973 ingens
2616 4903 2874 4972 utrinque
2905 4917 3043 4972 opus
3067 4911 3151 4957 est
3189 4903 3376 4967 sudor,
3412 4911 3467 4957 et
3500 4903 3808 4968 industria;

2240 4997 2322 5049 sin
2353 4995 2464 5049 illic
2498 5011 2554 5049 se
2587 4996 2659 5049 ita
2696 5008 2786 5049 res
2812 4995 2997 5061 habet,
3025 5007 3232 5064 quanto
3268 4996 3442 5062 magis
3473 4988 3527 5049 in
3568 5005 3810 5051 nostrate

2253 5087 2395 5140 bello
2418 5128 2431 5152 ,
2468 5087 2556 5141 ubi
2591 5086 2822 5140 missilia
2853 5087 3009 5153 quasi
3040 5086 3261 5154 quidam
3303 5086 3436 5141 radii
3467 5085 3703 5158 fulguris
3733 5087 3813 5140 in-

2244 5180 2527 5245 cumbant,
2575 5178 2704 5233 hinc
2737 5178 2978 5231 arietans
3028 5175 3236 5231 nefaria
3284 5176 3473 5240 libido,
3529 5177 3656 5230 inde
3695 5192 3810 5231 am-

2247 5270 2379 5324 bitio
2406 5308 2419 5331 ,
2462 5269 2587 5322 hinc
2656 5268 2853 5322 invidia
2882 5308 2896 5331 ,
2951 5268 3075 5321 inde
3121 5268 3509 5337 blasphemia?
3547 5271 3811 5338 Artesque

2248 5361 2470 5414 diabolo
2525 5359 2745 5425 multae,
2796 5360 3038 5413 animum
3094 5361 3324 5414 tentanti
3374 5354 3807 5430 quaquaversum

2247 5452 2598 5517 labefactare,
2652 5467 2714 5506 ac
2749 5452 2895 5505 velut
2924 5451 3293 5506 devorandum
3343 5466 3594 5521 poscere,
3631 5463 3687 5506 ut
3720 5452 3809 5504 de—

2247 5551 2458 5610 sperata
2493 5541 2718 5610 quilibet
2749 5540 2856 5596 vita
2900 5551 3146 5612 erumpat
3193 5540 3246 5596 in
3281 5540 3394 5597 haec
3448 5542 3610 5598 verba
3650 5560 3661 5594 :
3694 5539 3808 5594 Nisi

313 5687 688 5839 1”
716 5697 854 5755 Psal.
891 5715 1027 5768 χειν,
1067 5698 1117 5755 8.
1187 5702 1227 5734 ⁸³
1263 5703 1382 5756 Act.
1419 5719 1506 5769 xx,
1538 5702 1624 5758 Ἡ.
1702 5705 1744 5738 ⁹⁰
1780 5703 1907 5759 ibid.
1989 5707 2028 5738 θ’
2069 5708 2141 5762 Α(

2250 5722 2333 5771 μιν,
2371 5706 2459 5759 ΞΗ.
