4000 6306
184 361 278 426 661

1315 367 1400 426 SE
1413 366 1616 427 ΒΜοΝ
1628 369 1715 426 ES
1759 368 2274 430 CATECHETICI.

3309 380 3419 444 662

184 476 304 543 quia
339 454 594 528 Dominus
656 476 858 543 adjuvit
914 493 1013 539 me,
1061 477 1217 546 paulo
1253 481 1426 530 minus
1461 477 1745 530 habitasset
1775 477 1827 537 Α
1855 476 1961 545 igni
1999 482 2194 550 potius,
2233 482 2378 538 ferro
2400 521 2416 549 ,
2451 483 2660 554 bestiis,
2697 501 2859 556 quam
2889 487 3240 547 lcthabilihus
3267 492 3414 548 vitiis

188 570 240 619 in
266 566 474 635 inferno
506 566 695 617 anima
734 581 846 619 mea
866 568 931 631 θ’,
964 568 1063 621 etsi
1092 568 1144 620 iu
1177 567 1261 622 his
1294 568 1553 622 omnibus
1592 583 1748 636 supe-

191 674 374 712 ramus
425 673 520 720 per
579 673 709 710 eum
747 660 839 727 qui
877 674 976 714 nos
1025 658 1320 724 adamavit,
1364 676 1495 715 sane
1540 660 1597 712 in
1649 659 1751 712 Deo

193 752 449 817 faciamus
489 751 765 813 virtutem,
811 762 869 804 ut
902 750 1153 806 Davidice
1194 753 1404 821 loquar,
1456 761 1507 805 et
1547 752 1653 819 ipse
1682 752 1749 803 ad

190 841 412 893 nihilum
446 841 668 894 deducet
715 841 948 894 inimicos
980 853 1185 896 nostros
1208 842 1254 874 ⁰³
1281 859 1299 896 ;
1338 845 1444 909 ipse
1487 852 1565 896 est
1615 843 1751 896 enim

187 949 289 998 pax
317 943 498 986 nostra
539 934 630 1002 qui
673 934 1047 1003 fecit'utraque
1075 950 1257 999 unum,
1301 944 1348 988 et
1392 936 1619 987 medium
1655 952 1751 1003 pa-

191 1027 366 1078 rietem
409 1026 655 1078 maceria:
691 1026 864 1090 solvit,
897 1027 1226 1090 inimicitias,
1275 1027 1327 1080 in
1378 1043 1473 1080 sua
1504 1043 1659 1080 carne
1683 1027 1748 1090 “,

192 1122 236 1168 id
295 1126 400 1181 est,
459 1117 554 1185 qui
615 1117 818 1172 victum
871 1118 1144 1170 diabolum
1198 1119 1549 1187 proculcavit,
1601 1128 1749 1186 parta

191 1204 315 1259 hinc
372 1205 533 1257 nobis
575 1204 802 1257 victoria
863 1220 1079 1274 quoque
1131 1207 1460 1276 praemiaque
1510 1207 1751 1261 victoriae

187 1295 396 1349 caelesti
439 1289 608 1364 regn‘o
651 1297 921 1360 condicto,
962 1297 1107 1365 quod
1144 1298 1360 1366 assequi
1401 1313 1589 1352 omnes
1621 1313 1750 1352 con-

187 1387 353 1455 tingat
381 1401 475 1454 per
508 1385 694 1439 .Iesum
726 1384 997 1439 Christum
1029 1387 1314 1440 Dominum
1344 1396 1588 1442 nostrum
1623 1391 1744 1442 :cui

187 1478 355 1546 gloria
388 1487 440 1530 et
474 1477 766 1546 imperium
800 1494 920 1532 cum
960 1478 1136 1544 Patre,
1175 1495 1239 1534 ac
1296 1493 1487 1535 sancto
1522 1481 1748 1550 Spiritu,

187 1583 331 1621 nunc
384 1575 440 1620 et
488 1581 728 1636 semper,
818 1567 872 1621 iu
930 1584 1258 1638 omnemque
1312 1571 1746 1639 perpetuitatem.

184 1658 377 1715 Amen.

735 1724 962 1784 SERMO
1001 1728 1209 1785 CXVII.

181 1819 257 1873 De
302 1820 493 1897 fratris
533 1819 1174 1897 Memnonis-lapsu.Neu
1221 1826 1452 1881 solitarii
1496 1828 1744 1897 degamus
1778 1806 1822 1865 Β

249 1890 520 2011 pestiferis
548 1893 702 1944 noxis
725 1891 1023 1958 euadendis,
1056 1911 1173 1962 qua’
1200 1911 1291 1963 per
1320 1913 1500 1951 sensus
1527 1890 1745 1952 contra-

287 1972 467 2011 antur.

287 1972 467 2015 antur.

254 2049 481 2107 Fratres
541 2051 862 2124 Patresque,
908 2057 1159 2126 equidem
1191 2073 1314 2112 cum
1349 2074 1447 2114 vos
1479 2060 1748 2129 untliqua-

181 2159 288 2211 que
317 2153 509 2215 satago
545 2145 842 2214 cohortari,
877 2149 1005 2203 hinc
1036 2150 1161 2204 inde
1203 2152 1521 2207 occasiones
1562 2167 1749 2207 corro-

181 2251 356 2303 gans;
413 2246 526 2290 tum
579 2237 764 2292 audito
817 2239 870 2293 in
926 2239 1174 2311 Bithynia
1202 2243 1456 2312 quiddam
1508 2243 1750 2300 insolens

180 2326 475 2392 accidisse,
499 2343 808 2384 sermonem
835 2331 962 2385 hinc
985 2333 1260 2387 exordiar.
1286 2333 1493 2404 Ecquid
1523 2337 1750 2405 contigit

179 2418 352 2472 vero?
389 2421 559 2474 Aiunt
609 2422 876 2490 pardalim
932 2439 1039 2478 non
1078 2440 1262 2488 unam,
1304 2429 1436 2496 quin
1489 2428 1645 2492 duas,
1686 2444 1767 2484 ac.

182 2519 330 2574 tres,
389 2521 610 2580 repente
652 2512 823 2576 visas,
876 2527 984 2566 non
1038 2514 1205 2570 boves
1255 2517 1455 2571 habere
1501 2518 1748 2584 infestos,

181 2617 291 2656 non
342 2618 496 2668 oves,
549 2618 662 2657 non
715 2604 859 2660 aliud
911 2606 1111 2660 animal
1145 2607 1335 2672 ullum,
1373 2609 1464 2663 sed
1502 2611 1751 2664 homines

183 2696 392 2756 solum,
424 2703 483 2748 ut
508 2696 764 2765 oppidani
810 2698 1158 2754 vehementer
1202 2701 1469 2766 exterriti,
1523 2701 1748 2756 solidam

179 2802 240 2840 se
285 2795 504 2841 noctem
556 2788 703 2843 intra
758 2791 899 2846 aedes
946 2792 1299 2854 concludant,
1346 2793 1472 2847 dum
1510 2794 1750 2847 lu‘cescat

181 2881 324 2936 dies.
359 2880 506 2936 Sane
547 2882 808 2937 indicium
844 2884 894 2938 id
943 2895 1024 2940 est
1059 2885 1153 2939 iraa
1179 2885 1396 2942 divinae.
1431 2889 1535 2944 Sed
1571 2888 1748 2943 dicam

180 2975 235 3028 in
293 2974 490 3044 primis
546 2990 661 3044 quo
694 2977 834 3032 haec
885 2979 1018 3032 mihi
1078 2979 1243 3047 petita
1299 2981 1501 3035 serviat
1549 2981 1747 3036 oratio.

177 3063 477 3118 Enimvero
521 3063 713 3120 insunt
760 3067 810 3119 in
844 3068 1001 3122 nobis
1041 3067 1172 3123 fera:
1219 3070 1518 3138 permultae,
1564 3081 1616 3125 et
1663 3073 1748 3140 pol

175 3167 430 3220 atroces,
491 3155 707 3211 scelesti
759 3159 1022 3227 spiritus;
1055 3171 1207 3215 atrox
1262 3161 1374 3216 fera
1428 3163 1593 3217 libido
1646 3175 1748 3228 est,

177 3246 356 3312 furor,
389 3247 623 3314 invidia,
655 3265 808 3303 vana:
851 3252 1037 3320 gloriae
1067 3252 1359 3321 cupiditas,
1402 3269 1465 3308 ac
1489 3271 1610 3323 qua:
1644 3256 1748 3309 alia

175 3349 306 3393 sunt
337 3341 609 3396 scelerata
655 3341 920 3407 facinora,
956 3359 1078 3413 qua:
1119 3345 1262 3398 haud
1296 3356 1582 3411 nocturna,
1617 3347 1747 3416 quin

173 3431 375 3484 diurna
423 3432 656 3487 audacia
700 3433 1071 3489 devorandum
1121 3436 1359 3490 animum
1409 3447 1646 3506 captent,
1695 3450 1750 3494 et

179 3524 457 3591 impetant
507 3522 842 3592 frequentes.
883 3526 951 3580 Ut
993 3527 1184 3582 beatus
1227 3529 1509 3598 apostolus
1557 3528 1750 3583 Petrus

172 3614 355 3666 edicat
406 3613 461 3665 in
504 3614 620 3667 hac
653 3615 839 3681 verba,
891 3614 1068 3670 Sobrii
1110 3627 1295 3680 estote,
1337 3619 1570 3688 vigilate,
1623 3620 1750 3688 quia

171 3704 514 3757 adversarius
549 3714 714 3758 vester
740 3704 984 3761 diabolus
1014 3718 1265 3777 tanquam
1299 3708 1380 3762 leo
1404 3711 1612 3780 rugiens
1642 3712 1750 3763 cir-

171 3797 303 3859 cuit,
349 3812 587 3864 quazrens
639 3797 887 3852 devorare
946 3815 1254 3868 quemquam
1289 3801 1376 3866 ⁰⁸;
1423 3818 1750 3873 rursumque

173 3897 400 3941 sanctus
453 3887 617 3942 David
661 3889 1110 3959 deprecabundus
1153 3892 1358 3946 scribat
1399 3909 1411 3944 :
1455 3892 1747 3964 Nequando

174 3981 352 4048 rapiat
374 3988 428 4032 ut
450 3979 530 4033 leo
550 3982 784 4034 animum
803 3999 997 4046 meam,
1023 3985 1147 4036 dum
1167 3993 1366 4038 nonest
1390 3987 1480 4053 qui
1500 3987 1746 4052 redimat,

171 4088 338 4139 neque
382 4073 470 4140 qui
517 4072 723 4126 saluum
758 4074 1007 4142 faciat“.
1051 4076 1169 4132 Jam
1218 4079 1350 4147 quid
1392 4081 1656 4149 agendum
1693 4081 1746 4134 in

173 4165 282 4217 iis?
323 4164 456 4231 quid
505 4165 695 4229 aliud,
748 4183 912 4234 quam
949 4168 1001 4221 in
1053 4170 1294 4224 ccelestis
1346 4171 1600 4239 praesidio
1657 4172 1745 4225 Dei

173 4254 592 4318 stabulandum,
640 4251 891 4324 intraque
929 4272 1190 4311 sensuum
1232 4271 1445 4314 errores
1489 4261 1747 4315 resisten-

171 4348 299 4400 dum
323 4347 579 4402 YEtenim
613 4363 733 4402 cum
770 4350 908 4403 oculi
943 4353 1181 4422 pendent
1211 4354 1333 4422 vagi
1367 4368 1430 4408 ac
1464 4353 1743 4418 sublimes,

173 4439 468 4505 pestiferas
499 4455 661 4494 aures
697 4440 908 4498 fabulas
949 4444 1262 4507 admittunt,
1311 4461 1371 4499 os
1413 4444 1632 4500 infanda
1664 4447 1744 4500 lo-
1782 4481 1823 4537 υ

169 4533 382 4597 quitur,
419 4547 573 4586 mens
614 4531 778 4587 foedis
811 4534 1053 4594 inerrat;
1091 4545 1202 4589 tum
1241 4537 1458 4592 animus
1489 4553 1617 4591 vero
1645 4553 1740 4593 ceu

173 4637 268 4688 per
300 4629 494 4690 tesqua
529 4623 767 4692 palatus,
814 4641 936 4693 qua:
967 4627 1152 4680 divina
1184 4627 1329 4681 nulla
1360 4630 1747 4697 procuratione

173 4720 446 4776 tenentur,
491 4711 623 4767 feris
649 4715 946 4770 occumbit.
985 4714 1041 4769 Id
1080 4718 1215 4771 adeo
1239 4727 1294 4772 et
1323 4735 1468 4774 nunc
1493 4718 1744 4775 Memnon

173 4815 372 4868 passus
407 4803 776 4866 miserandus,
827 4805 1048 4862 diabolo
1090 4811 1281 4876 praadaa
1311 4819 1416 4876 est,
1451 4812 1611 4881 cujus
1637 4829 1743 4868 non

172 4902 463 4947 cruentam
522 4905 733 4950 vestem
791 4899 1026 4961 intueor,
1085 4911 1141 4954 ut
1189 4899 1427 4957 Iacobus
1482 4904 1611 4958 olim
1660 4920 1746 4974 pa-

174 4986 417 5040 triarcha
457 4987 683 5057 Joseplti
731 4990 815 5044 sui
865 4990 981 5056 ﬁlii,
1026 4994 1160 5061 quin
1199 4994 1582 5065 interemptam
1617 5012 1743 5066 pec-

170 5081 275 5132 cati
323 5096 589 5137 mucrone
619 5092 876 5138 mentem.
921 5085 1138 5140 Scilicet
1167 5103 1364 5157 parens
1399 5091 1591 5145 mortis
1624 5106 1746 5160 pec-

171 5183 354 5226 catum
385 5182 467 5227 est
493 5191 506 5227 :
535 5176 643 5229 hoc
672 5176 1013 5232 decessorem
1059 5180 1350 5244 Adamum,
1383 5183 1741 5238 immortalem

172 5267 362 5335 gratia,
415 5268 702 5321 mortalem
747 5270 981 5324 reddidit
1015 5272 1154 5337 ;hoc
1201 5273 1628 5330 internecionem
1662 5277 1746 5329 di-

173 5356 318 5411 luvio
344 5358 528 5412 attulit
576 5359 780 5413 mundo
814 5376 827 5424 ;
859 5362 957 5415 hoc
982 5362 1235 5432 Sodoma,
1260 5381 1323 5420 ac
1358 5366 1739 5433 Gomorrha”,

169 5457 222 5500 et
265 5448 477 5505 vicinas
529 5450 774 5506 incendit
824 5456 1026 5519 urbes;
1077 5456 1180 5511 hoc
1236 5461 1528 5526 quemlibet
1587 5479 1731 5517 nunc

169 5554 384 5609 quoque
436 5551 660 5595 aeterna:
729 5543 890 5596 morti
963 5546 1354 5613 concipientem
1427 5565 1483 5603 se
1557 5554 1737 5606 tradit.

173 5628 321 5697 Quod
361 5633 669 5704 fugiamus,
725 5631 944 5700 fratres,
988 5646 1040 5690 ut
1085 5638 1284 5708 ignem,
1327 5651 1490 5710 atque
1531 5646 1735 5698 utinam

236 5823 276 5854 ³¹
312 5822 458 5879 Psul.
500 5836 655 5884 smn,
702 5819 780 5871 l7.
862 5823 906 5852 ’³
938 5821 1074 5875 Psal.
1117 5839 1242 5888 t‘\‘l|,
1281 5827 1332 5879 ,5,

167 5906 313 5965 seqq.
396 5894 442 5953 ’,⁸
477 5893 666 5948 Eccle.
705 5906 776 5955 tv,
818 5890 898 5944 I0.
977 5895 1018 5924 ’9
1053 5893 1173 5948 Act.
1213 5911 1262 5961 ν,
1304 5895 1353 5948 7.

1411 5828 1453 5855 ’⁸⁵
1487 5827 1620 5895 Eph,
1667 5848 1724 5896 tt,
1762 5834 1847 5889 Ii.

1437 5899 1449 5926 ¹
1489 5899 1681 5969 Philip.
1722 5920 1791 5965 tv,
1839 5907 1889 5961 8.

1854 577 2264 631 occutnhamus.
2311 587 2424 648 Age
2469 593 2598 634 vero
2647 583 2788 635 unde
2833 581 2924 636 hic
2964 582 3171 639 corruit
3204 586 3415 641 miser?

1855 682 1963 720 non
1995 667 2238 734 aliunde,
2290 685 2452 738 quam
2499 672 2594 742 qui
2627 673 2906 731 solitarius
2948 677 3167 747 degeret
3198 696 3212 745 ;
3239 694 3415 749 neque

1851 761 1994 814 enim
2024 762 2219 817 veritas
2239 761 2399 826 fallat,
2438 764 2548 829 Vae,
2576 767 2852 833 accinens,
2881 769 3004 831 soli,
3035 771 3128 839 qui
3158 773 3203 827 si
3233 771 3412 838 cadat,

1852 849 1967 905 Non
2013 853 2208 908 habeat
2241 869 2301 909 se
2338 856 2706 911 sublevantem
2730 858 2795 911 ³⁸.
2839 860 3015 930 Atque
3062 862 3115 915 id
3159 865 3410 933 equidem

1853 947 2092 1009 veritus,
2152 946 2296 1001 haud
2352 950 2511 1003 omisi
2565 952 2695 1020 quin
2740 953 2790 1006 ei
2841 952 3028 1022 juxta,
3089 971 3152 1010 ae
3202 959 3413 1012 caeteris

1856 1037 2150 1099 edicerem,
2180 1039 2325 1106 quod
2352 1041 2508 1095 edico
2535 1041 2588 1094 in
2615 1046 2902 1110 prasentia
2930 1061 3169 1115 quoque,
3196 1063 3262 1102 ne
3287 1048 3411 1116 quis

1851 1127 2069 1193 degeret
2115 1129 2287 1192 solus,
2338 1145 2439 1185 neu
2484 1132 2701 1201 prodire
2745 1134 3018 1203 deaveret,
3081 1153 3185 1192 neu
3237 1141 3412 1195 otiose

1853 1215 1958 1268 huc
2003 1215 2129 1271 illuc
2178 1219 2367 1285 itaret,
2431 1235 2535 1275 neu
2584 1237 2707 1276 cum
2761 1222 2978 1279 feminis
3009 1238 3409 1294 consuesceret,

1851 1321 2056 1375 amore,
2107 1310 2256 1365 velut
2293 1312 2436 1382 igne,
2488 1314 2615 1369 hinc
2667 1318 3028 1373 accendendo.
3075 1319 3285 1387 Quibus
3316 1324 3410 1392 qui

1850 1400 2078 1457 audiens
2124 1402 2270 1458 dicto
2325 1406 2527 1472 obedit,
2580 1416 2635 1460 et
2678 1409 3030 1479 obsequitur,
3078 1413 3134 1466 in
3181 1414 3411 1470 Domino

1848 1492 2168 1562 sospitatur,
2199 1496 2290 1564 qui
2335 1497 2620 1564 detrectat,
2657 1514 2684 1552 a
2711 1500 2928 1556 diabolo
2959 1513 3170 1571 captus,
3205 1504 3410 1559 interit.

1851 1583 2143 1639 Enimvero
2201 1588 2304 1642 etsi
2354 1590 2422 1642 ab
2465 1590 2585 1658 ejus
2656 1593 2922 1662 sanguine
3006 1595 3273 1650 insontem
3326 1613 3412 1651 me

1851 1678 2093 1742 conscio,
2130 1695 2290 1748 quem
2320 1682 2540 1751 quidem
2568 1683 2711 1736 haud
2750 1685 3040 1740 celaverim
3068 1689 3199 1757 quin
3231 1691 3415 1744 immi-

1852 1779 2068 1824 nentem
2099 1772 2443 1841 praadicerem
2477 1791 2816 1844 mucronem,
2847 1785 3027 1833 tamen
3051 1793 3159 1833 non
3186 1795 3410 1850 possum

1849 1875 1954 1914 non
1980 1861 2196 1931 eiulari,
2229 1879 2294 1919 ac
2317 1872 2576 1935 tanquam
2603 1869 2826 1936 proprio
2857 1870 3213 1940 ingemiscere
3242 1888 3413 1927 mem—

1850 1953 1965 2006 bro.
2019 1953 2158 2020 Quin
2191 1955 2387 2022 habeo,
2429 1957 2761 2024 charissimi,
2813 1962 2959 2031 quod
3010 1977 3266 2018 accusem
3316 1979 3413 2019 vos

1850 2059 2069 2114 quoque
2093 2063 2108 2111 ;
2137 2049 2268 2117 quid
2297 2048 2409 2104 ita?
2453 2049 2727 2121 Scriptum
2755 2063 2838 2108 est
2881 2055 2934 2108 in
2961 2056 3110 2110 Actis
3138 2057 3415 2126 apostolo-

1851 2153 1971 2192 rttm
2005 2157 2017 2193 :
2051 2137 2278 2194 Factum
2310 2151 2384 2195 est
2415 2145 2568 2214 quasi
2596 2145 2847 2200 horarum
2878 2147 3040 2201 trium
3063 2148 3320 2216 spatium,
3360 2159 3411 2204 et

1851 2229 2079 2301 Saphira
2111 2250 2244 2288 uxor
2271 2237 2436 2304 ipsius
2467 2237 2728 2293 nesciebat
2762 2243 2901 2310 quod
2927 2240 3129 2310 factum
3149 2243 3321 2310 fuerat
3341 2244 3412 2300 ”.

1850 2320 2006 2376 Certe
2036 2323 2088 2376 in
2123 2327 2341 2392 publico
2369 2337 2485 2380 acta
2517 2327 2697 2383 fabula
2727 2340 2828 2394 est,
2867 2341 2922 2386 et
2954 2331 3234 2402 frequente
3264 2335 3410 2406 vulgi

1852 2427 2074 2469 corona.
2111 2415 2215 2468 Sed
2247 2426 2361 2471 erat
2398 2417 2636 2474 indidem
2666 2421 2926 2476 nimirum
2969 2423 3409 2494 circumspectio,

1853 2508 2123 2570 molestia,
2166 2507 2259 2562 Dei
2290 2513 2592 2565 reverentia
2623 2514 2752 2578 ;hic
2781 2515 2988 2584 aliquot
3033 2531 3118 2571 me
3161 2519 3410 2587 superio-

1853 2599 2003 2652 ribus
2026 2599 2218 2662 dicbus
2252 2610 2463 2657 secreto
2494 2603 2559 2658 ad
2589 2618 2686 2658 vos
2712 2605 2968 2672 quiddam
3000 2607 3200 2672 locuto,
3228 2609 3408 2663 statim

1852 2690 2149 2760 dissipatus
2188 2707 2366 2746 sermo
2394 2703 2496 2759 est,
2533 2695 2656 2750 inde
2695 2695 3249 2768 Constantinopolim,
3285 2701 3410 2755 hinc

1853 2781 2079 2836 Prusam
2126 2801 2321 2854 usque.
2367 2785 2436 2841 Ut
2477 2788 2612 2841 mihi
2643 2790 2860 2858 quidem
2897 2791 3126 2846 consilia
3158 2793 3210 2846 in
3241 2809 3414 2862 angn-

1852 2885 1993 2929 stum
2037 2888 2322 2946 cogantur,
2374 2894 2469 2933 seu
2522 2880 2784 2949 loquenti,
2833 2898 2926 2937 seu
2983 2898 3088 2937 non
3144 2885 3408 2952 loquenti,

1851 2968 1993 3036 quod
2016 2968 2316 3023 efferuntur
2341 2986 2461 3038 quzc
2485 2973 2689 3038 vulgari
2727 2975 2947 3028 minime
2970 2986 3273 3044 oporteret;
3303 2992 3410 3031 non

1855 3062 2093 3130 loquenti
2119 3070 2262 3130 quod
2286 3063 2463 3117 haereo
2482 3065 2573 3132 qui
2597 3079 2748 3135 agam
2780 3076 2945 3131 recte,
2974 3082 3080 3120 non
3115 3083 3247 3121 usus
3275 3081 3409 3121 cou-

1851 3154 2164 3209 sultoribus.
2193 3154 2340 3211 Itane
2360 3158 2677 3226 desipimus,
2702 3157 2920 3225 fratres;
2946 3160 3076 3213 itan’
3095 3161 3410 3229 impotentia

1851 3250 2045 3318 linguae
2076 3251 2455 3321 intempestive
2495 3254 2547 3306 in
2579 3252 2881 3322 periculum
2919 3254 3168 3308 ruimus?
3208 3266 3412 3324 nequa-

1851 3359 2013 3412 quam
2065 3343 2118 3397 id
2155 3354 2236 3397 est
2265 3359 2520 3398 verorum
2568 3344 2984 3414 discipulorum,
3021 3344 3115 3402 sed
3145 3345 3408 3400 hostium.

1849 3432 1926 3488 Ne
1963 3435 2288 3504 ineptiamus
2323 3443 2627 3505 tantOpere,
2664 3451 2871 3506 quasso,
2905 3437 3035 3508 quin
3071 3437 3412 3506 circumspe-

1851 3527 1960 3580 ctio
1991 3527 2266 3596 deinceps,
2301 3527 2583 3593 modestia,
2632 3528 2724 3582 Dei
2768 3529 3096 3591 reverentia,
3129 3542 3192 3584 ac
3226 3529 3413 3598 regula

1850 3617 2068 3670 demum
2117 3618 2428 3685 adhibetur,
2477 3635 2608 3688 quo,
2655 3627 2872 3688 peracta
2919 3633 2986 3673 ex
3039 3620 3129 3674 Dei
3191 3619 3413 3672 libidine

1850 3709 1980 3774 vita,
2007 3710 2056 3765 ei
2080 3709 2378 3780 placentes,
2408 3711 2778 3765 haereditatem
2815 3711 3062 3765 ineamus
3087 3720 3412 3764 aeternorum

1849 3803 2116 3857 honorum
2156 3818 2251 3872 per
2278 3803 2554 3859 Christum
2588 3801 2772 3858 Jesum
2800 3803 3083 3856 Dominum
3125 3808 3410 3855 nostrum:

1851 3897 1936 3949 cui
1978 3895 2146 3965 gloria
2180 3903 2235 3948 et
2279 3895 2566 3964 imperium
2607 3909 2734 3949 cum
2765 3893 2924 3948 Patre
2953 3909 3017 3948 ac
3056 3901 3248 3948 sancto
3288 3890 3413 3962 Spi-

1852 3990 1980 4053 ritu,
2035 4003 2180 4041 nunc
2221 3996 2277 4041 et
2315 4002 2550 4056 semper,
2601 3989 2656 4041 in
2706 4000 3036 4056 onmemque
3081 3985 3412 4054 perpetuita-

1852 4092 1979 4135 tctn.
2009 4080 2202 4135 Amen.

2379 4193 2612 4251 SERMO
2658 4192 2884 4250 CXVIII.

1854 4290 1929 4344 De
1958 4289 2193 4343 irreclini
2247 4289 2590 4348 confessionis
2632 4297 2680 4340 et
2715 4284 3021 4339 obedientite
3063 4283 3257 4337 tuenda
3287 4296 3415 4334 con-

1918 4362 2138 4425 stantia,
2189 4376 2250 4411 ac
2288 4360 2397 4411 suis
2437 4361 2621 4426 cuique
2665 4357 2858 4411 muniis
2900 4365 3156 4408 accurata
3201 4361 3413 4406 conten-

1925 4433 2062 4485 tione
2089 4428 2332 4499 vigilique
2361 4430 2619 4498 gerendis.

1919 4547 2135 4601 Fratres
2196 4542 2522 4611 Patresque,
2582 4541 2673 4596 alii
2726 4540 2848 4594 aliis
2906 4539 3070 4594 rebus
3124 4534 3414 4591 narrandis

1845 4640 2212 4697 oblectantur,
2240 4644 2294 4690 et
2329 4650 2387 4689 se
2423 4641 2717 4696 ostentant,
2751 4632 2907 4685 miles
2972 4629 3201 4690 bellicis,
3231 4633 3414 4679 nauta:

1847 4729 2099 4793 marinis,
2151 4726 2328 4781 coloni
2385 4725 2628 4786 rusticis,
2678 4719 2991 4791 singulique
3037 4718 3281 4788 singulas
3325 4732 3413 4770 se-

1843 4823 1953 4877 cuti
2014 4830 2158 4873 artes
2223 4833 2287 4872 ac
2348 4817 2635 4878 scientias,
2685 4812 2750 4866 iis
2803 4827 2922 4881 qua:
3004 4809 3287 4865 conferant
3349 4806 3414 4860 ad

1849 4913 2128 4981 singulas;
2169 4925 2343 4978 neque
2368 4917 2471 4972 est,
2503 4907 2759 4971 breviter,
2808 4905 3126 4975 quisquam,
3162 4899 3254 4970 qui
3304 4915 3412 4952 non

1846 5006 2041 5060 studiis
2095 5002 2337 5072 capiatur
2385 5001 2520 5056 suis.
2573 5001 2785 5056 Nostrae
2830 4996 2974 5051 haud
3027 5009 3156 5049 sane
3215 4993 3268 5046 iu
3329 4992 3413 5046 his

1847 5099 2038 5167 posita:
2082 5108 2273 5164 gerrae,
2323 5101 2375 5145 et
2426 5091 2730 5154 urbanitas,
2787 5096 3072 5157 postquam
3132 5099 3232 5138 nec
3284 5089 3413 5136 sunt

1847 5186 2087 5243 carnalia
2115 5195 2324 5246 nostra,
2361 5183 2492 5252 quin
2523 5183 2590 5239 de
2620 5181 2788 5235 animi
2820 5179 3015 5238 salute,
3048 5177 3113 5230 de
3145 5175 3411 5245 placendo

1855 5274 2076 5338 Deo,de
2125 5272 2251 5324 hinc
2300 5271 2594 5332 abscessu,
2642 5268 2708 5322 de
2753 5267 3150 5321 instauratione
3203 5262 3408 5324 futura,

1848 5378 2008 5439 atque
2039 5374 2098 5419 ut
2132 5364 2422 5433 Apostolus
2450 5362 2710 5432 loquitur,
2752 5374 3068 5429 quwcunque
3108 5364 3231 5411 sunt
3270 5371 3408 5416 vera,

1846 5471 2164 5528 quaecunque
2202 5462 2460 5523 augusta,
2507 5465 2822 5522 quacunque
2852 5448 3060 5514 justa,,
3089 5459 3412 5515 qua'cunque

1845 5561 2014 5614 casta,
2048 5561 2366 5617 qurrruitque
2390 5545 2665 5606 amabilia,
2700 5555 3017 5611 quaecunque
3051 5543 3197 5591 bona:
3229 5536 3409 5604 fontis,

1844 5645 1888 5697 si
1935 5660 2037 5714 qua
2083 5643 2268 5705 virtus,
2312 5640 2485 5707 siqua
2528 5639 2696 5699 laus',
2752 5637 2831 5689 hac
2872 5633 3026 5687 nobis
3062 5631 3273 5692 fabulae,
3300 5628 3414 5680 haec

2983 5822 3025 5852 97
3062 5820 3200 5875 Gen.
3243 5833 3411 5882 xuii,

1927 5837 1968 5868 9”
2011 5832 2194 5886 Il’ctr.
2236 5846 2286 5893 ν,
2324 5828 2373 5881 8.
2454 5828 2498 5859 ¹³⁶
2545 5825 2688 5885 Psal.
2729 5838 2820 5889 \‘tt,
2856 5824 2906 5876 5.
