4000 6306
533 338 639 399 639

1689 342 1730 400 S
1744 375 1757 390 -
1819 341 2210 402 THEODORI

2274 341 2624 402 STUDlT/E
3697 339 3804 401 640

539 461 645 504 tate
672 461 762 504 tua
785 453 1084 518 prtrstitisti
1107 451 1285 508 decori
1321 468 1433 508 meo
1463 461 1706 507 virtutem
1739 455 1819 519 ";
1859 454 1944 509 sin
1976 453 2116 509 sini-
2143 459 2187 516 Α
2219 468 2341 524 quae
2365 453 2598 524 perierat
2621 453 2939 508 drachmam
2971 452 3320 522 vestigatum,
3355 460 3414 507 ut
3465 465 3497 506 e
3554 451 3804 505 tenebris

538 554 650 596 stre
670 582 685 605 ,
718 557 935 598 versum
967 553 1285 616 sequentem
1308 584 1324 611 ,
1373 545 1626 599 Avertisti
1653 545 1840 616 faciem
1878 556 2026 598 tuam
2082 561 2115 599 α

539 650 652 693 me.
704 644 754 690 et
805 635 980 705 factus
1029 653 1146 691 sum
1183 638 1594 693 conturbatus”
1635 656 1648 692 :
1683 655 1808 692 nam
1859 638 2114 707 equidem

539 741 792 782 aversum
864 727 975 784 Deo
999 738 1084 785 est
1145 729 1305 783 inane
1358 730 1624 792 studium,
1681 731 1960 801 animique
1991 745 2115 799 per-

541 820 780 874 turbatio
829 821 1045 877 lethalis
1077 829 1264 877 sontes
1298 819 1465 876 ferias.
1509 819 1872 886 Quamobrem
1921 821 2116 877 demus

541 925 760 978 operam
784 912 973 966 dextre
999 921 1058 967 ut.
1089 923 1353 984 perpetuo
1377 913 1661 983 dirigatur,
1688 923 1741 968 et
1768 914 1968 968 eximia
1991 930 2116 984 spe-

539 1004 752 1059 ctacula
791 1014 998 1060 cernat.
1062 1006 1368 1072 Quanam?
1405 1006 1694 1078 Angelicas
1755 1023 1820 1062 ac
1866 1009 2118 1064 caelestes

542 1095 764 1163 copias,
820 1095 1014 1167 ingens
1042 1097 1179 1152 inibi
1248 1110 1412 1168 atque
1465 1099 1890 1168 incomparabile
1926 1099 2107 1167 decus,

543 1186 859 1254 splendidas
889 1189 1290 1259 apostolorum,
1320 1200 1530 1254 vatum,
1563 1201 1888 1264 martyrum,
1915 1202 1968 1247 et
1993 1207 2117 1247 om-

548 1277 699 1330 nium
733 1278 892 1334 sedes
920 1280 1244 1349 proborum,
1276 1281 1401 1336 coeli
1427 1295 1752 1349 convexum,
1801 1282 1985 1338 radios
2028 1297 2126 1338 so-

550 1369 712 1434 lares,
730 1368 896 1437 jubar
922 1371 1132 1438 lunare,
1165 1384 1440 1428 astrorum
1485 1373 1747 1443 tripudia,
1773 1389 1838 1429 ac
1861 1389 1984 1444 qua:
2012 1374 2118 1429 alia

547 1468 676 1513 sunt
702 1460 947 1530 subjecta
986 1464 1274 1532 sensibus,
1315 1480 1425 1519 non
1455 1481 1562 1535 quo
1594 1467 1914 1520 immoretur
1940 1466 1996 1521 in
2027 1467 2118 1534 iis,

546 1550 678 1617 quin
710 1553 879 1608 totius
909 1555 1165 1611 universa
1186 1571 1281 1625 per
1300 1572 1363 1611 ea
1396 1559 1699 1613 molitorein
1723 1557 1892 1613 Deum
1921 1575 2120 1629 specu-

549 1644 674 1703 lata,
699 1641 1163 1709 pulchritudinem
1187 1658 1350 1714 quam
1381 1647 1544 1700 habet
1564 1647 1938 1716 incorruptam
1968 1659 2122 1702 tuea-

552 1740 657 1784 tur.
687 1729 830 1787 Sane
852 1736 1066 1788 ornavit
1095 1750 1196 1791 nos
1228 1734 1372 1790 Deus
1397 1778 1412 1800 ,
1467 1737 1700 1806 primum
1753 1739 1806 1792 in
1841 1739 2118 1807 paradiso,

2217 562 2342 601 eum
2379 548 2589 617 peccati
2646 556 2943 602 revocaret.
2996 546 3164 617 Igitur
3219 559 3444 602 necesse
3492 552 3578 598 est
3637 545 3800 596 nauci

2217 654 2320 694 nos
2355 653 2596 710 quoque,
2635 639 2835 694 bonum
2885 638 3159 703 imitatos,
3211 635 3506 706 unicuique
3547 641 3798 689 vestrum

2219 727 2492 791 laborare,
2525 743 2589 783 ac
2622 728 2999 794 sermocinari,
3031 737 3088 784 et
3119 728 3208 798 pol
3239 728 3553 798 impendere
3601 725 3798 778 vitam.

2216 821 2394 890 Atque
2421 821 2631 876 utinam
2667 820 2780 875 ales
2806 819 3022 886 elliciat,
3071 820 3355 875 volaturus
3378 858 3393 883 ,
3451 833 3515 872 ac
3561 816 3802 887 singulis

2218 912 2597 968 contuberniis
2640 915 2964 982 quieturus,
3007 911 3222 967 cunctis
3269 910 3566 965 videndis:
3603 919 3657 964 et
3699 923 3802 979 pro

2216 1006 2395 1060 officio
2414 1006 2844 1076 compellandis;
2875 1020 2976 1061 nec
3003 1005 3069 1062 iis
3084 1005 3286 1069 solum,
3310 1005 3404 1074 qui
3432 1003 3485 1057 in
3501 1001 3656 1057 Caiui
3684 1003 3801 1064 via,

2219 1096 2524 1168 fraudeque
2553 1096 2760 1151 Balami
2786 1097 3073 1167 grassatis.
3107 1097 3384 1163 Quasnam
3412 1096 3512 1149 hos
3533 1094 3805 1162 inquam?

2219 1188 2530 1252 Leontium,
2561 1188 2863 1252 Hermiam,
2885 1187 3225 1253 Nectarium,
3249 1187 3447 1249 nostri,
3477 1201 3543 1240 ac
3573 1183 3802 1254 religio-

2221 1281 2309 1336 nis
2360 1279 2720 1352 transfugas,
2771 1283 2865 1352 qui
2905 1279 3284 1351 pmfecturam
3348 1276 3572 1334 sceleris
3623 1277 3804 1330 tulere

2221 1372 2526 1442 praemium,
2547 1388 2688 1444 quos
2716 1373 2762 1429 si
2797 1380 3058 1444 spectem,
3085 1372 3351 1442 alloquar,
3386 1377 3440 1423 ut
3467 1367 3611 1422 aliud
3637 1368 3801 1432 nihil,

2219 1460 2412 1515 saltem
2443 1462 2699 1517 consoler
2723 1463 2970 1520 animum
3003 1462 3192 1516 miser.
3242 1460 3320 1514 Ac
3345 1459 3529 1513 videre
3555 1460 3717 1513 velim
3746 1468 3806 1512 et

2221 1554 2339 1622 qui,
2367 1568 2466 1623 pro
2495 1554 2633 1608 meis
2665 1553 3009 1618 criminibus,
3039 1567 3197 1608 sacro
3229 1552 3416 1606 habitu
3462 1549 3709 1620 proiecto
3746 1550 3802 1603 in

2223 1644 2492 1698 nefarium
2528 1661 2587 1701 se
2621 1645 2835 1700 facinus
2867 1645 3116 1709 induere,
3149 1643 3274 1714 plus
3299 1657 3411 1712 quo
3437 1642 3629 1712 ejuler,
3659 1657 3807 1710 quo-

2226 1751 2344 1790 rum
2374 1752 2515 1791 unus
2552 1736 2815 1808 Pegasius
2865 1738 2992 1803 ille,
3034 1752 3195 1806 quem
3254 1735 3437 1791 ferunt
3503 1749 3568 1790 eo
3610 1733 3807 1806 ﬂagitii

547 1822 812 1891 dignitate
852 1825 1166 1891 simulacri,
1215 1837 1269 1882 et
1314 1828 1570 1896 imaginis
1600 1831 1899 1900 quamlibet
1929 1832 2119 1886 iuobe-
2152 1824 2194 1882 Β
2228 1837 2547 1898 provectam
2578 1869 2593 1894 ,
2647 1839 2706 1884 ut
2754 1831 2900 1900 regia
2953 1829 3216 1901 dignitate
3263 1828 3465 1899 populo
3503 1827 3806 1897 imperitet,

548 1913 751 1968 dientia
791 1930 892 1970 nos
918 1917 1351 1984 deartuavimus,
1399 1935 1464 1977 ac
1507 1921 1897 1987 confudimus;
1929 1922 2123 1977 deinde

552 2007 604 2057 in
639 2007 814 2075 gratia
847 2023 944 2078 per
981 2013 1410 2080 regenerationis
1461 2014 1738 2069 lavacrum
1761 2056 1776 2082 ,
1838 2016 2124 2085 sanctique

552 2097 788 2166 Spiritus
816 2103 1247 2170 renovationem,
1276 2121 1439 2174 quem
1463 2105 1655 2160 ell‘udit
1685 2106 1740 2160 in
1773 2122 1870 2162 uos
1903 2108 2125 2174 copiose

553 2202 645 2254 per
658 2189 935 2248 Christum
955 2191 1140 2248 Jesum
1163 2195 1504 2252 Servat0rem
1526 2207 1792 2264 nostrum,
1811 2214 2122 2270 quanquam

552 2281 642 2335 hic
693 2282 1178 2354 degeneravimus;
1230 2305 1448 2360 quoque
1479 2293 1639 2346 tertio
1694 2292 1748 2347 in
1798 2293 2125 2363 virginitatis

552 2371 915 2439 professione,
944 2378 1158 2433 cunctis
1183 2381 1506 2436 condonetis
1531 2383 1806 2447 admissis,
1829 2392 2128 2454 contraque

555 2475 656 2516 nos
688 2463 1055 2536 chirographo
1107 2470 1388 2540 crucigera
1427 2473 1660 2541 quadam
1708 2473 1819 2527 vita
1861 2489 2017 2543 asque
2063 2490 2128 2529 ac

556 2553 819 2608 tinctione
869 2559 1067 2612 deleto.
1114 2558 1280 2628 Igitur
1314 2563 1366 2615 in
1413 2578 1510 2616 sua
1544 2579 1697 2618 mens
1722 2565 2129 2634 pulchritudine

557 2653 796 2709 maneto,
828 2655 887 2700 ut
913 2650 1106 2705 audire
1135 2663 1426 2718 mereatur,
1453 2654 1584 2708 Tota
1613 2656 1838 2710 candida
1856 2674 1932 2721 es,
1955 2660 2127 2713 amica

555 2750 689 2800 mea,
713 2747 762 2790 et
791 2741 1001 2793 macula
1031 2757 1133 2794 non
1159 2753 1236 2797 est
1261 2746 1315 2797 in
1338 2759 1386 2798 te
1403 2747 1466 2800 “.
1493 2745 1588 2801 Sin
1611 2759 1666 2802 et
1695 2750 1958 2804 maculam
1995 2764 2128 2804 con-

553 2826 647 2878 ﬂet
671 2828 808 2896 (23),
847 2839 1200 2901 posteaquam
1240 2837 1530 2891 mutabiles
1565 2853 1777 2902 sumus,
1817 2855 1916 2893 nec
1957 2855 2128 2908 purus

557 2935 589 2972 a
629 2921 886 2977 sordibus
932 2925 1247 2994 quisquam,
1281 2938 1374 2982 aut
1413 2929 1512 2997 qui
1561 2931 1806 2985 animum
1837 2946 1898 2986 se
1930 2933 2129 2988 habere

555 3021 768 3067 castum
803 3014 1085 3084 glorietur,
1131 3029 1187 3072 st
1220 3020 1502 3075 enimvero
1530 3021 1781 3092 lacrymis
1816 3039 2127 3092 purgemur,

506 3130 508 3132 τ
555 3106 635 3158 ait
655 3107 819 3172 enim,
855 3106 1082 3164 Lavabis
1125 3127 1224 3178 me,
1252 3121 1301 3166 et
1345 3129 1502 3182 super
1551 3116 1720 3169 nivem
1744 3116 2031 3171 dealbabor
2056 3118 2124 3181 ³⁸;

558 3212 911 3270 rursumque,
954 3201 1254 3270 Lavamini,
1299 3207 1659 3273 mundamini,
1700 3210 1906 3278 auferte
1933 3212 2131 3265 scelera

555 3307 623 3344 ex
657 3294 849 3347 animis
877 3297 1063 3350 vestris
1097 3298 1163 3352 ³⁸.
1196 3299 1273 3353 Ac
1302 3298 1426 3354 felix
1470 3315 1625 3355 mens
1655 3317 1776 3369 quae
1802 3302 1880 3357 sic
1910 3301 2131 3356 assidue

559 3399 618 3436 se
648 3396 862 3455 purget,
891 3388 1155 3458 omnique
1184 3390 1367 3444 studio
1398 3391 1590 3458 libera,
1621 3392 1824 3456 soluta,
1866 3393 2130 3458 studium,

557 3491 801 3532 amorem
823 3521 840 3545 ,
881 3481 1191 3549 cupidinem
1218 3484 1396 3538 solum
1431 3493 1633 3547 teneat,
1674 3484 1841 3539 Deum
1877 3495 2136 3540 mortem-

559 3583 668 3636 que
696 3569 749 3622 in
767 3570 885 3626 dies
907 3572 1150 3641 jucunde
1170 3575 1531 3644 praestoletur,
1553 3591 1677 3629 nam
1693 3577 1870 3631 veniet
1887 3579 2132 3643 omnino,

560 3673 626 3712 ac
656 3659 902 3714 debitum
927 3678 1026 3716 nos
1057 3679 1278 3734 quoque
1299 3667 1696 3734 persolvemus.
1729 3669 1904 3739 Atque
1925 3671 2136 3725 utinam

560 3747 688 3816 pie,
747 3761 1072 3820 sancteque,
1119 3762 1232 3807 tum
1273 3756 1522 3825 reliquiis
1570 3757 1835 3827 cujusque
1887 3770 2136 3815 nostrum

561 3842 958 3906 spectantibus,
991 3859 1060 3898 ac
1105 3847 1461 3915 psallentibus
1505 3851 1679 3905 sacris
1734 3850 1975 3918 futuris,
2037 3869 2138 3909 ceu

562 3930 703 3985 lecto
735 3933 978 4000 utensili,
1027 3950 1128 3990 ceu
1173 3939 1344 4006 probo
1378 3940 1761 4010 instrumento,
1807 3954 1921 3999 tum
1955 3947 2139 4000 animo

561 4034 593 4072 a
642 4021 847 4076 sanctis
874 4023 1084 4092 angelis
1124 4024 1178 4078 in
1231 4041 1525 4094 perennem
1569 4031 1736 4084 vitam
1785 4031 2136 4100 asportando,

563 4125 660 4180 per
683 4110 964 4168 Christum
1001 4114 1186 4170 lesum
1219 4117 1510 4173 Dominum
1543 4132 1810 4175 nostrum.
1841 4123 1939 4176 Cui
1966 4124 2139 4193 gloria

562 4212 619 4257 et
649 4203 942 4274 imperium
976 4223 1099 4261 cum
1137 4207 1329 4276 Patre,
1368 4226 1432 4265 ac
1465 4224 1656 4268 sancto
1717 4213 1945 4283 Spiritu,
1998 4231 2143 4270 nunc

565 4303 622 4349 et
643 4311 879 4368 semper,
910 4299 962 4353 in
988 4316 1314 4372 omnemque
1344 4307 1779 4374 perpetuitatem.
1811 4308 2008 4363 Amen.

1169 4393 1401 4449 SERMO
1446 4398 1534 4451 Cl.

570 4481 647 4536 De
688 4480 816 4560 Heri
842 4481 1043 4560 Christi
1071 4485 1461 4560 incarnatione,
1512 4505 1575 4542 ac
1620 4491 1915 4560 transfugis
1948 4491 2134 4558 deplo-

617 4555 802 4606 randis
831 4555 1108 4622 fratribus,
1145 4558 1209 4609 de
1230 4558 1477 4627 nobisque
1501 4555 1797 4614 ntuniendis
1827 4555 2090 4614 doctrina.

638 4643 857 4700 Fratres
872 4645 1186 4716 Patresque,
1210 4663 1394 4702 rarum
1439 4659 1519 4704 est
1549 4650 1901 4714 auditorium,
1931 4652 2137 4722 aliquot

565 4738 832 4809 digressis
869 4737 1151 4794 fratribus.
1187 4740 1511 4810 Quanquam
1560 4756 1658 4796 nec
1685 4758 1924 4811 praesens
1970 4744 2141 4812 negli-

567 4832 779 4902 gendus
804 4833 1021 4887 auditor
1046 4849 1212 4896 unus,
1237 4835 1502 4902 siquidem
1525 4834 1599 4887 ait
1626 4833 1884 4889 Dominus
1911 4854 1923 4889 :
1963 4834 2143 4890 Videte

569 4940 634 4977 ne
667 4925 1013 4978 contemptatis
1039 4941 1201 4978 unum
1235 4941 1298 4979 ex
1330 4927 1413 4978 his
1443 4926 1697 4994 pusillis;
1729 4928 1848 4980 dico
1879 4929 2021 4981 enint
2053 4944 2143 4980 vo-

570 5016 673 5082 bis,
703 5017 827 5085 quia
869 5016 1043 5086 angeli
1070 5033 1252 5070 eorum
1281 5035 1484 5087 semper
1530 5019 1705 5072 vident
1737 5019 1927 5087 faciem
1964 5019 2145 5072 Patris

573 5110 696 5171 mei,
726 5112 817 5179 qui
832 5122 909 5164 est
926 5112 977 5164 in
997 5112 1139 5165 cazlis
1159 5127 1176 5164 :
1195 5113 1483 5165 venitenim
1503 5110 1673 5166 Filius
1696 5114 1922 5167 hominis
1942 5113 2147 5167 salvare

570 5203 709 5268 quod
761 5205 988 5272 perierat
1025 5206 1092 5258 ".
1132 5205 1231 5258 Hui
1265 5206 1582 5260 incredibile
1629 5205 1952 5260 beneficium
1983 5244 1998 5269 ,
2054 5222 2146 5260 ve-

573 5297 654 5351 nit
687 5298 754 5351 ad
789 5297 1074 5367 fugitivum
1098 5314 1314 5353 servum
1373 5299 1538 5352 herus
1600 5297 1655 5352 in
1710 5298 1898 5352 habitu
1935 5297 2143 5362 servili,

575 5397 635 5442 ut
671 5403 797 5442 eum
821 5390 1086 5444 servitute.
1110 5390 1376 5446 diabolica
1407 5390 1697 5444 liberaret!
1726 5391 1873 5446 venit
1904 5390 1994 5444 lux
2018 5405 2145 5443 vera

649 5546 694 5576 ”
727 5546 872 5602 Psal.
903 5564 1056 5614 xxix,
1091 5549 1142 5604 8.
1223 5549 1269 5582 ⁸³
1307 5549 1442 5607 ibid.
1492 5551 1545 5606 9.

576 5684 760 5824 volgi)
799 5687 942 5756 Φανῆ
981 5689 1294 5760 μωμεῖσθαι
1335 5671 1426 5747 (εει⁸
1456 5691 1508 5748 in
1559 5701 1748 5747 nostro
1769 5691 1986 5748 melius.
2026 5687 2146 5744 Vat.

2227 1921 2368 1975 bella
2410 1931 2646 1985 moveat,
2673 1921 2971 1977 homicidia
3015 1929 3212 1992 patret,
3248 1929 3302 1975 et
3339 1919 3507 1974 vitam
3535 1933 3665 1973 vero
3699 1917 3807 1973 ho-

2226 2010 2447 2065 micidio
2486 2011 2791 2081 abrupisse.
2823 2010 2868 2067 Ο
2898 2013 3301 2067 calamitatem!
3351 2012 3406 2067 in
3451 2011 3596 2082 quod
3645 2012 3812 2065 mise-

2227 2102 2431 2158 randus
2471 2103 2828 2172 praecipitium
2855 2104 2994 2158 ruit!
3037 2103 3276 2173 primum
3307 2103 3667 2158 contubernio
3685 2117 3813 2172 pro-

2227 2190 2389 2261 fugus
2447 2193 2555 2247 huc
2599 2193 2729 2248 illuc
2769 2194 2928 2259 itare,
2976 2208 3088 2264 quo
3113 2193 3379 2249 alluberet
3403 2233 3418 2259 ,
3451 2208 3549 2248 ceu
3581 2193 3807 2247 brutum

2227 2299 2394 2353 pecus
2427 2283 2717 2349 interiens,
2749 2295 2861 2340 tum
2906 2285 3239 2341 monachum
3273 2295 3502 2348 exutus,
3537 2283 3806 2353 tragmdia

2227 2391 2391 2444 quam
2421 2376 2734 2431 audivimus
2762 2376 3008 2446 defungi.
3038 2375 3400 2448 QuaprOpter,
3432 2379 3644 2438 hortor,
3685 2382 3803 2427 tum

2227 2486 2327 2541 pro
2357 2471 2468 2540 (Si)
2499 2472 2579 2525 eis
2607 2471 3059 2540 comprecamiui,
3096 2482 3211 2526 tum
3241 2487 3338 2528 vos
3377 2470 3662 2532 munitote,
3734 2482 3807 2522 ne

2227 2561 2356 2630 quid
2389 2561 2455 2615 de
2474 2561 2826 2618 contentione
2852 2565 3155 2618 monastica
3185 2562 3494 2628 remittatis,
3513 2575 3639 2615 nam
3669 2573 3811 2629 pau-

2230 2652 2376 2706 latim
2415 2653 2741 2709 remittendo
2767 2693 2783 2720 ,
2836 2669 2901 2710 ac
2945 2654 3343 2724 relanguendo,
3407 2654 3460 2706 in
3503 2651 3809 2722 perniciem

2228 2745 2447 2799 animus
2474 2746 2788 2817 impellitur.
2833 2746 2963 2801 Eam
2990 2748 3060 2801 ob
3089 2762 3202 2801 rem
3228 2755 3282 2802 et
3337 2761 3482 2800 nunc
3527 2744 3814 2801 solitarius

2229 2837 2483 2907 degentes
2515 2841 2775 2906 miseror,
2821 2854 2886 2894 ac
2935 2840 3163 2910 deploro
3208 2847 3267 2893 ut
3311 2838 3527 2893 facilem
3589 2836 3813 2893 diabolo

2231 2930 2472 2998 praedam
2500 2932 2779 2999 objectos;
2814 2932 3017 2985 etenim
3056 2931 3102 2986 si
3135 2946 3166 2985 e
3217 2931 3373 2986 caula
3426 2946 3582 2985 ovem
3614 2929 3812 2999 arripit

2232 3019 2414 3088 lupus,
2441 3021 2646 3074 scilicet
2676 3035 2785 3074 nou
2817 3030 2974 3075 extra
3005 3020 3149 3076 ovile
3194 3021 3560 3091 palabuudam
3613 3027 3811 3073 nactus

2234 3112 2550 3165 interimat?
2598 3110 2834 3168 Nescitis
2867 3129 2976 3183 qua
3018 3114 3070 3167 in
3125 3129 3229 3168 nos
3278 3113 3489 3169 insania
3546 3111 3810 3184 praeditus

2161 3193 2204 3252 C
2236 3203 2486 3259 diabolus
2517 3204 2630 3258 sit?
2661 3206 2862 3275 quippe
2892 3205 3097 3277 ingruit
3121 3206 3359 3269 cunctis,
3387 3222 3498 3261 non
3541 3216 3722 3261 tamen
3751 3214 3812 3258 ut

2235 3294 2464 3350 tuisellis
2517 3299 2843 3364 monachis;
2893 3312 2959 3352 ac
3001 3313 3125 3353 cum
3178 3298 3558 3353 internecione
3610 3296 3816 3367 gaudet

2236 3386 2555 3450 multorum,
2583 3398 2697 3441 tum
2748 3387 2802 3442 in
2831 3389 3021 3458 primis
3060 3389 3361 3460 triumphat
3392 3388 3438 3442 si
3477 3387 3812 3442 monachum

2238 3493 2406 3532 unum
2424 3480 2738 3550 quempiam
2776 3490 3106 3552 prosternat,
3145 3497 3319 3552 eaque
3345 3481 3518 3552 gratia
3545 3480 3814 3543 luctatur,

2237 3569 2426 3637 instat,
2449 3572 2749 3637 contendit,
2791 3573 3137 3628 obedientem
3186 3573 3255 3628 ab
3299 3570 3605 3626 obedientia
3636 3578 3818 3623 retra-

2240 3663 2391 3728 here,
2425 3663 2668 3734 quietqu
2700 3679 2730 3719 e
2760 3665 2959 3732 quiete,
2995 3665 3234 3735 stylitam
3291 3679 3321 3718 e
3364 3664 3537 3734 stylo,
3575 3661 3814 3716 clusium

2239 3770 2270 3809 e
2301 3755 2564 3821 claustro,
2599 3771 2707 3825 qua
2751 3755 3073 3810 avocatione
3101 3765 3322 3824 captum
3373 3753 3559 3808 incitet
3589 3767 3700 3821 quo
3733 3753 3820 3806 lu-

2241 3845 2352 3902 bet.
2394 3845 2461 3900 Ut
2494 3846 2585 3916 qui
2618 3862 2678 3902 se
2720 3847 2774 3900 in
2819 3847 2934 3902 suis
2969 3845 3246 3910 modulis,
3295 3844 3544 3913 locisque
3595 3853 3820 3898 teneant

2241 3940 2479 4002 virtutis,
2518 3939 2914 4009 insuperabiles
2957 3939 3066 3994 sint
3094 3939 3347 4006 diabolo,
3404 3938 3612 4008 laqueis
3653 3938 3824 3994 altius

2242 4030 2466 4095 sublati,
2494 4031 2658 4097 igitur
2701 4040 2755 4086 et
2784 4047 2919 4098 nos,
2956 4031 3154 4087 fratres
3175 4073 3190 4100 ,
3225 4031 3469 4101 praebitis
3515 4031 3570 4085 in
3601 4031 3818 4085 hostem

2242 4122 2503 4176 divinitus
2540 4123 2624 4176 usi
2653 4123 2860 4178 viribus
2897 4123 2950 4178 in
2989 4122 3168 4194 fugam
3203 4139 3328 4179 eum
3378 4137 3679 4193 cogamus,
3723 4121 3822 4175 Dei

2241 4211 2533 4267 formidine
2578 4215 2738 4280 tecti,
2795 4217 2888 4286 qui
2940 4216 3260 4272 coelestibus
3314 4217 3495 4273 sensis
3539 4217 3820 4286 impurum

2245 4306 2529 4371 feriamus,
2566 4323 2673 4363 non
2707 4310 2774 4363 ab
2822 4326 2887 4363 eo
2934 4309 3192 4378 profectis
3221 4312 3672 4372 succumbamus,
3708 4323 3824 4377 quo

2244 4398 2472 4453 victoria
2504 4401 2590 4454 hic
2622 4401 2772 4469 potiti
2799 4401 3023 4469 justitize
3053 4417 3312 4456 coronam
3345 4399 3672 4467 referamus,
3727 4415 3826 4470 per

2246 4490 2523 4544 Christum
2559 4490 2743 4545 Jesum
2769 4492 3054 4546 Dominum
3091 4501 3365 4546 nostrum.
3399 4489 3499 4545 Cui
3547 4489 3721 4561 gloria
3771 4498 3827 4544 et

2245 4582 2534 4651 imperium
2568 4599 2690 4637 cum
2720 4583 2902 4646 Patre,
2949 4598 3013 4638 ac
3046 4593 3237 4638 sancto
3267 4581 3474 4652 Spiritu
3499 4622 3515 4646 ,
3571 4597 3721 4635 nunc
3772 4590 3828 4636 et

2246 4686 2476 4741 semper,
2509 4673 2563 4726 in
2595 4688 2924 4743 omnemque
2952 4674 3387 4742 perpetuitatem.
3418 4669 3616 4726 Amen.

2850 4782 3083 4838 SERMO
3114 4782 3227 4838 Cll.

2253 4878 2330 4932 De
2363 4877 2670 4932 veteratoris
2698 4876 2907 4945 vafritie
2935 4879 3189 4942 serpentis
3216 4915 3230 4936 ,
3270 4891 3334 4928 ac
3378 4874 3827 4945 quemadmodum

2317 4965 2438 5002 vera
2468 4944 2836 5006 submissione.
2865 4947 3048 5016 viaque
3074 4947 3220 5015 regia
3251 4947 3505 5015 grassati,
3555 4944 3831 5013 multifor—

2315 5035 2423 5071 mes
2459 5019 2609 5071 dolos
2639 5019 2948 5071 evadamus.

2314 5109 2534 5163 Fratres
2586 5108 2902 5176 Patresque,
2939 5123 3059 5160 cum
3094 5105 3395 5160 hodiernus
3428 5120 3514 5159 me
3553 5105 3672 5158 dies
3695 5119 3833 5158 cun-

2244 5203 2347 5256 ctis
2384 5202 2623 5272 postulat
2655 5202 2947 5266 disserere,
2983 5210 3096 5253 tum
3137 5199 3206 5253 iis
3235 5199 3286 5252 in
3323 5198 3516 5267 primis
3543 5197 3636 5266 qui
3668 5197 3832 5252 modo

2245 5295 2535 5360 advenere,
2581 5303 2640 5348 ut
2686 5294 2799 5363 jam
2852 5291 3061 5362 pridem
3105 5291 3280 5360 jejuni
3326 5290 3497 5343 nostri
3554 5290 3833 5344 sermonis

2244 5389 2581 5457 expertibus.
2623 5389 2692 5441 At
2722 5387 2815 5457 qui
2846 5385 3065 5439 futurus
3093 5398 3274 5459 sermo
3293 5383 3413 5437 est?
3437 5392 3496 5436 ut
3515 5382 3829 5438 Christiana

1629 5551 1674 5584 “
1711 5551 1866 5607 Cant.
1903 5567 1976 5617 ιν,
2015 5553 2066 5605 7.

2254 5551 2399 5607 Psal.
2446 5569 2498 5616 L,
2534 5553 2586 5606 9.
2664 5554 2708 5584 "
2739 5551 2840 5607 fsa.
2879 5567 2915 5612 ι.
2952 5550 3036 5605 f6.
3103 5551 3146 5580 ³⁷
3172 5549 3361 5602 Matth.
3407 5565 3564 5613 xvm,
3601 5549 3690 5604 Η.

2264 5763 2274 5773 ς
2331 5689 2442 5798 (ξῷ)
2485 5690 2719 5745 Secutus
2758 5705 2876 5745 sum
2919 5689 3041 5744 V'at.
3097 5687 3151 5742 in
3190 5702 3297 5757 quo
3340 5694 3422 5740 est
3459 5685 3685 5739 ἐκείνων
3735 5701 3832 5758 pro

2258 5777 2492 5814 εκεινου.
