4000 6306
165 316 260 380 641

1361 315 1670 378 SERMON
1677 318 1766 378 ES
1788 317 2287 379 CATECHETICI

3348 332 3454 396 (ἱάῖ

166 433 390 503 dignam
426 432 846 504 oppugnatione
876 431 1042 486 vitam
1074 430 1358 492 obeamus.
1415 433 1566 486 omni
1605 449 1762 486 exer-
1795 437 1837 492 Α
1871 446 1970 486 nos
1995 432 2220 501 protulit
2249 433 2301 486 in
2332 431 2528 498 lucem,
2555 433 2702 489 velut
2730 435 2781 490 in
2809 437 2998 493 schola
3020 439 3255 509 quadam
3276 442 3453 505 inhac

166 530 335 581 ceuda
373 527 586 596 pietate
614 568 630 592 ,
683 536 846 596 atque
873 524 1167 595 probitate,
1202 540 1303 579 ceu
1337 525 1592 595 morigeri
1629 525 1768 579 lilii?

169 633 273 671 non
319 618 420 688 qui
459 619 600 671 olim
639 617 696 671 in
731 617 1041 685 ignorantia
1091 615 1417 671 libidinibus
1455 615 1767 670 conforme-

171 725 313 773 mur,
344 711 534 779 deque
561 710 731 765 studii
769 709 1116 764 contentione
1145 710 1432 766 monastici
1467 709 1761 779 quidquam

171 800 570 866 remittamus;
606 815 731 853 nam
757 799 972 862 videtis,
1007 798 1204 854 fratres
1257 807 1318 854 ut
1369 799 1618 853 diabolus
1649 809 1768 852 tan-

171 905 330 958 quam
373 890 466 944 leo
498 891 725 962 rugiens
751 891 985 956 oberret,
1005 907 1255 960 quaerens
1282 891 1550 962 deglutire
1572 907 1766 961 quem-

172 983 334 1050 piam.
373 983 451 1035 At
479 999 632 1038 nunc
663 997 894 1038 cernens
927 984 1307 1053 persecutione
1339 985 1639 1054 sejunctos,
1670 1000 1768 1040 ve-

175 1071 497 1131 hemcntius
527 1074 722 1137 instat,
750 1075 844 1144 qui
870 1075 1104 1144 praedari
1135 1075 1379 1128 animum
1416 1075 1626 1146 gliscat.
1662 1076 1767 1130 Sed

173 1162 367 1218 intenti
408 1180 636 1234 semper
666 1207 681 1231 ,
731 1175 786 1220 et
814 1167 1016 1234 ubique
1057 1167 1365 1237 vigilemus,
1404 1168 1602 1222 divinis
1641 1168 1768 1223 tecti

175 1258 485 1326 praeceptis.
525 1268 692 1327 atque
727 1257 775 1315 is
809 1258 988 1312 locum
1025 1273 1131 1312 non
1174 1259 1461 1315 inveniens
1489 1300 1503 1324 ,
1539 1260 1766 1330 pudefa-

176 1349 296 1398 ctus
320 1347 710 1413 abscesserit;
749 1348 1018 1417 siquidem
1054 1359 1271 1414 nactus,
1301 1351 1540 1420 penitius
1565 1352 1766 1405 irruat-

178 1447 290 1504 pat,
318 1452 425 1492 nec
452 1438 712 1502 desistat,
741 1441 869 1494 dum
902 1451 1102 1497 mactet
1159 1458 1223 1497 ac
1248 1444 1544 1499 interimat.
1579 1443 1769 1499 Nesci-

183 1546 302 1583 mus
319 1539 462 1598 quot
490 1532 727 1600 peremit
757 1531 825 1586 ab
847 1533 976 1586 orbe
995 1534 1235 1598 condito,
1257 1551 1364 1588 non
1386 1536 1766 1606 primigeuium

183 1619 477 1672 mortalem
537 1619 822 1689 voluptate
868 1622 1070 1675 victum
1113 1622 1356 1690 pomario
1413 1622 1772 1692 proscripsit?

183 1725 287 1762 non
317 1709 561 1763 Cainum
596 1709 650 1762 iu
683 1712 976 1764 fraternam
1008 1713 1207 1766 caedem
1236 1712 1511 1767 armavit?
1537 1729 1642 1767 non
1669 1711 1768 1768 Ju-

182 1801 303 1853 dam
341 1801 656 1870 apostolico
679 1802 910 1856 exscidit
935 1812 1102 1866 coztu,
1133 1816 1460 1859 cunctorum
1501 1805 1622 1859 vita:
1645 1820 1771 1875 pro-

184 1894 417 1948 ditorum
463 1892 732 1947 molitus?
771 1909 878 1948 non
935 1895 1254 1950 innumeros
1288 1896 1424 1951 alios
1457 1897 1572 1951 neci
1605 1898 1770 1952 tradi—

183 1985 580 2056 ditildemquc
601 1994 685 2039 est
714 1987 806 2056 qui
835 2002 980 2041 nunc
1010 2002 1229 2055 quoque
1259 1997 1432 2057 urget,
1456 1987 1767 2054 insidiatur,

187 2080 407 2150 decipit,
443 2096 696 2151 peneque
744 2082 1007 2135 mundum
1041 2082 1288 2152 deglutit,
1327 2099 1487 2151 quem
1530 2083 1768 2146 diliicile,

186 2179 236 2221 et
259 2169 548 2241 impendio
569 2171 821 2226 sedulum
845 2172 918 2225 sit
942 2174 1190 2226 evadere.
1217 2170 1325 2226 Nec
1348 2183 1576 2228 conatur
1593 2173 1767 2228 solum

189 2261 424 2319 ineunda
455 2264 747 2330 dissoluta,
783 2278 847 2318 ac
881 2265 1076 2319 licente
1106 2266 1215 2318 vita
1245 2305 1260 2328 ,
1291 2265 1383 2320 sed
1418 2265 1581 2320 etiam
1615 2281 1772 2320 exer-

189 2353 447 2409 citatione
479 2356 723 2426 degenda
751 2365 1009 2410 accurala
1033 2369 1405 2427 prosternere,
1437 2366 1490 2412 ct
1519 2357 1572 2411 in
1593 2357 1773 2412 diver-

192 2461 308 2500 sum
341 2464 442 2501 nos
477 2447 780 2517 impellere,
841 2447 1050 2511 varius,
1103 2448 1400 2518 multisque
1435 2464 1494 2503 se
1535 2449 1770 2513 teclmis,

194 2539 581 2596 aclraudibus
615 2539 924 2611 difﬁngens,
979 2550 1144 2611 atque
1184 2541 1237 2594 in
1289 2555 1390 2595 nos
1442 2540 1664 2610 laqueos
1717 2542 1770 2594 in

194 2638 332 2702 terra
361 2632 684 2701 complures
706 2632 1006 2702 explicans,
1040 2621 1340 2686 secundum
1369 2632 1510 2686 beati
1546 2633 1770 2686 Antonii

195 2723 581 2778 revelationem
612 2765 626 2791 ,
674 2739 812 2792 quos
842 2733 896 2777 et
927 2724 1042 2778 sola
1096 2723 1283 2795 eﬂ‘ugit
1332 2725 1611 2780 humilitas
1635 2762 1650 2788 ,
1693 2725 1770 2778 uti

195 2809 380 2866 fertur.

259 2901 375 2970 Qua
417 2919 521 2958 nos
557 2903 643 2958 usi
669 2917 908 2972 quoque,
943 2903 1262 2959 diverticula
1291 2905 1432 2974 ejus,
1470 2914 1522 2958 et
1553 2921 1770 2960 errores

196 2996 375 3052 devios
392 2997 714 3062 evadamus,
739 2997 975 3065 grassari
1010 2999 1156 3068 regia
1182 3013 1356 3068 neque
1386 2999 1511 3059 huc,
1535 2998 1770 3068 illucque

199 3088 525 3154 declinante,
563 3089 694 3158 quin
726 3090 979 3160 prazccpti
1009 3105 1200 3144 norma
1241 3090 1420 3144 traditi
1477 3089 1764 3154 obeuntes,
1795 3126 1838 3186 ε

198 3193 256 3234 ac
280 3196 674 3250 prazcessorum
700 3182 921 3250 vestigia
945 3179 1164 3236 Patrum
1189 3190 1498 3253 sequentes,
1535 3198 1766 3254 quorum

200 3270 248 3322 iu
277 3272 429 3327 caelis
470 3273 581 3326 vita
619 3282 722 3328 est.
760 3273 928 3344 Igitur
975 3288 1006 3326 a
1052 3274 1262 3328 vitiosis
1315 3276 1571 3344 cogitatis
1617 3292 1769 3330 mens

202 3364 515 3428 retrahitor,
553 3364 770 3419 animus
797 3364 980 3418 divina
1029 3365 1250 3420 oracula
1283 3368 1592 3431 meditator,
1625 3384 1687 3422 os
1719 3370 1771 3422 in

204 3453 289 3508 Dei
318 3457 532 3511 laudem
567 3467 862 3521 reserator,
892 3457 1082 3511 oculus
1116 3459 1215 3511 rite
1233 3459 1460 3524 cernito,
1485 3461 1634 3513 auris
1654 3460 1773 3514 ina-

203 3561 292 3600 nes
319 3549 534 3603 fabulas
554 3565 622 3602 ne
646 3549 937 3612 admittite,
972 3565 1166 3604 manus
1193 3551 1258 3603 ad
1292 3551 1509 3621 opiﬁcia
1553 3568 1773 3607 moveu-

204 3647 302 3702 tor,
325 3642 489 3709 pedes
523 3641 769 3695 modeste
794 3641 1132 3710 gradiuutor,
1165 3642 1322 3698 cibus
1370 3654 1635 3715 potusque
1661 3644 1774 3698 obi-

205 3735 282 3782 tor
313 3733 648 3795 moderatus,
700 3745 924 3786 somnus
968 3732 1034 3785 ad
1081 3733 1343 3787 amussim
1409 3734 1770 3804 componitor,

206 3836 302 3874 neu
330 3824 466 3876 citra
505 3823 895 3876 necessitatem
939 3838 1216 3892 egressus,
1261 3840 1363 3878 neu
1396 3840 1515 3894 qua:
1544 3835 1771 3879 mortem

206 3912 386 3967 aﬂ'erat
417 3914 677 3978 licentiae,
710 3929 811 3968 neu
857 3915 1003 3969 aliud
1052 3916 1182 3986 quid
1231 3915 1472 3972 insoletts
1515 3917 1772 3988 agitator.

207 4005 326 4072 quin
356 4014 556 4060 cuncta
599 4015 789 4060 sancte
842 4007 1249 4077 prudenterque
1285 4019 1563 4079 geruntor,
1591 4007 1775 4078 Neque

206 4107 325 4147 vero
364 4098 609 4165 spatium
647 4097 865 4165 longum
900 4105 1004 4163 est,
1053 4106 1107 4150 et
1140 4099 1263 4153 finis
1320 4099 1565 4154 imminet
1596 4112 1778 4154 certa-

209 4186 429 4242 tninum.
479 4188 706 4254 Ecquod
733 4197 816 4242 est
849 4199 1032 4244 autent
1075 4188 1320 4243 laborum
1354 4191 1632 4259 praamiutn
1665 4206 1775 4245 cm-

209 4273 330 4331 leste
363 4296 616 4350 regnum.
652 4281 755 4334 Pro
786 4295 895 4350 quo
931 4281 1147 4345 fratres,
1174 4282 1346 4351 magis
1367 4285 1648 4354 magisque
1683 4283 1779 4338 de-

207 4379 488 4439 certemus,
523 4371 817 4436 luctemur,
848 4374 932 4428 sin
974 4375 1307 4440 corruimus,
1353 4384 1408 4430 at
1462 4378 1657 4430 iterum
1692 4391 1776 4430 re-

1869 518 1976 571 vita
2011 519 2320 585 collocavit,
2371 525 2521 591 regni
2578 523 2662 576 sui
2726 523 3082 595 Evangelium
3133 531 3451 591 discituros.

1865 605 2033 674 Igitur
2062 610 2418 678 praedicatum
2453 611 2752 681 discipulos
2794 616 3020 673 mittens
3047 618 3202 688 jubet
3235 622 3291 676 in
3336 625 3455 679 hate

1865 701 2031 753 verba
2064 717 2077 753 :
2113 700 2314 756 Euntes
2337 703 2518 758 docete
2551 720 2728 760 omnes
2781 718 2981 776 gentes,
3015 712 3344 780 baptisantes
3366 733 3452 770 eos

1866 789 1920 842 in
1955 791 2163 845 nomine
2193 791 2396 857 Patris,
2424 804 2472 846 et
2507 793 2656 860 Filii,
2693 807 2741 850 et
2774 798 3006 867 Spiritus
3031 805 3224 862 sancti.
3260 805 3454 860 docen-

1870 892 1946 937 tes
1967 900 2055 938 eos
2089 902 2302 940 servare
2349 888 2527 943 omnia
2567 905 2887 962 qutecunque
2933 896 3180 948 mandavi
3221 897 3364 951 vobis
3384 899 3451 953 ⁸³.

1867 973 2131 1041 Quianam
2179 985 2309 1031 sunt
2347 986 2528 1030 autem
2573 993 2693 1046 quae
2741 981 3060 1036 mandavit?
3114 987 3168 1037 in
3219 986 3450 1056 antiquo

1869 1064 2094 1130 foedere,
2138 1074 2198 1120 ut
2231 1068 2428 1136 partim
2456 1069 2658 1136 dicam,
2712 1069 2833 1124 Non
2879 1073 3122 1136 occides.
3152 1089 3260 1129 non
3295 1077 3454 1131 adul-

1871 1158 2093 1224 terabis,
2126 1173 2233 1212 non
2267 1159 2538 1226 iurabere,
2571 1177 2675 1215 non
2717 1161 2914 1217 falsum
2945 1165 3315 1221 testimonium
3355 1169 3441 1224 di-

1869 1263 1961 1304 ces
1984 1251 2036 1304 in
2082 1265 2221 1304 novo
2244 1250 2329 1306 his
2361 1251 2592 1321 majora,
2621 1258 3055 1322 etaeeuratiora;
3081 1272 3204 1311 nam
3237 1258 3452 1313 Dictum

1869 1351 1946 1396 est
1975 1342 2070 1406 ait,
2102 1345 2333 1412 antiquis
2364 1360 2382 1398 :
2417 1343 2540 1398 Non
2568 1347 2769 1400 occides
2796 1363 2814 1409 ;
2854 1349 2945 1417 qui
2970 1359 3145 1402 autem
3177 1353 3452 1416 occiderit,

1870 1449 1989 1487 reus
2013 1435 2110 1487 erit
2135 1434 2342 1502 judicio
2372 1452 2385 1501 ;
2411 1453 2505 1505 ego
2531 1448 2706 1490 autent
2725 1439 2842 1491 dico
2862 1438 3167 1509 vobis,quia
3185 1445 3352 1496 omnis
3366 1444 3455 1511 qui

1869 1526 2123 1578 irascitur
2152 1527 2312 1594 fratri
2343 1543 2437 1580 suo
2468 1538 2674 1592 temere,
2700 1545 2817 1582 reus
2846 1532 2948 1583 erit
2990 1532 3200 1594 iudicii.
3249 1533 3453 1589 Rursus

1871 1617 2073 1670 dictum
2111 1627 2187 1671 est
2222 1621 2455 1689 antiquis
2485 1636 2504 1674 :
2543 1619 2665 1674 Non
2716 1622 3092 1689 adulterabis;
3137 1643 3229 1696 ego
3278 1639 3455 1682 autent

1873 1709 1989 1762 dico
2019 1710 2160 1764 vobis
2194 1712 2320 1780 quia
2353 1713 2523 1766 omnis
2551 1713 2640 1782 qui
2687 1715 2875 1768 viderit
2907 1716 3180 1772 mulierem
3221 1719 3289 1771 ad
3319 1735 3448 1773 con-

1805 1784 1846 1839 Β
1874 1801 2248 1868 cupiscendum
2273 1819 2410 1867 eam,
2436 1804 2550 1872 jam
2577 1798 2896 1860 adulteravit
2935 1824 3052 1861 eam
3088 1811 3141 1862 in
3171 1813 3456 1868 cordesuo.

1869 1891 2070 1946 Rursus
2102 1894 2307 1947 dictant
2335 1905 2410 1948 est
2440 1911 2458 1950 :
2493 1895 2612 1949 Non
2659 1897 2959 1966 pejerabis;
2990 1916 3082 1970 ego
3126 1914 3306 1956 autem
3340 1905 3459 1958 dico

1870 1983 2012 2036 vobis
2039 2000 2141 2038 non
2169 1985 2362 2053 jurare
2396 1988 2631 2040 omnino.
2675 1986 2877 2042 Rursus
2900 1989 3103 2043 dictum
3134 2001 3230 2058 est,
3259 1993 3460 2064 Diliges

1869 2077 2170 2145 proximum
2203 2087 2384 2144 tuum,
2410 2089 2460 2132 et
2496 2079 2618 2132 odio
2659 2080 2870 2134 habebis
2926 2083 3199 2137 inimicunt
3255 2095 3404 2139 tuum
3438 2101 3459 2152 ,'

1868 2183 1960 2234 ego
1987 2177 2158 2220 autem
2191 2167 2308 2220 dico
2336 2169 2478 2222 vobis
2505 2185 2521 2221 :
2558 2169 2778 2240 Diligite
2809 2172 3051 2225 inimicos
3070 2185 3294 2241 vestros,
3336 2176 3461 2230 bene

1869 2259 2158 2326 precantini
2177 2260 2576 2313 exsecrantibus
2593 2277 2697 2326 vos,
2716 2263 3004 2331 benefacite
3023 2265 3104 2318 his
3125 2267 3215 2335 qui
3237 2268 3457 2321 oderunt

1873 2368 1956 2405 vos
1979 2351 2044 2407 ”.
2072 2350 2728 2424 Viden’quodutriusqne
2755 2355 2974 2411 foederis
3000 2357 3292 2412 discrimen
3315 2359 3338 2412 i
3367 2358 3460 2414 illo

1871 2442 2114 2496 actiones
2143 2451 2376 2509 vetante,
2407 2443 2512 2497 hoc
2559 2444 2644 2499 vel
2668 2446 3006 2512 occasiones,
3036 2448 3179 2504 unde
3208 2451 3453 2506 actiones

1869 2537 2157 2601 exsistant,
2195 2552 2263 2592 ne
2297 2537 2423 2590 hinc
2459 2537 2670 2591 radices
2715 2545 2840 2609 agat
2861 2549 3165 2608 peccatum,
3204 2541 3384 2611 itaque
3407 2542 3454 2596 si

1872 2627 2262 2697 neclegaliter,
2315 2644 2416 2683 nec
2470 2630 2814 2697 Evangelice,
2851 2631 2944 2686 sed
3000 2632 3237 2696 etlmice,
3272 2643 3328 2688 ut
3380 2635 3460 2689 sic

1875 2719 2135 2783 dixerim,
2173 2721 2394 2774 obimus
2418 2722 2547 2788 quid
2574 2733 2684 2774 tutu
2711 2723 2974 2791 temporis
2995 2724 3312 2793 patiemur?
3346 2726 3460 2780 No-

1871 2811 1963 2864 lite
1997 2828 2200 2875 errare,
2241 2813 2435 2883 inquit,
2456 2830 2618 2884 neque
2643 2814 2944 2882 [ornicarii,
2978 2831 3140 2886 neque
3164 2815 3324 2868 idolis
3349 2833 3461 2870 ser-

1870 2904 2088 2972 vientes,
2132 2921 2294 2974 neque
2330 2905 2580 2967 adulteri,
2620 2923 2781 2976 neque
2817 2907 3022 2971 molles,
3050 2923 3215 2977 neque
3251 2925 3461 2962 mascu-

1869 2996 2041 3049 lorum
2093 2998 2469 3062 concubitores,
2504 3015 2665 3067 neque
2709 2999 2880 3061 avari,
2908 3017 3084 3069 neque
3107 3001 3269 3070 fures,
3300 3017 3461 3070 neque

1870 3088 2084 3154 ebriosi,
2121 3105 2282 3159 neque
2320 3089 2589 3155 maledici,
2641 3107 2804 3159 neque
2849 3106 3066 3159 rapaces
3104 3109 3321 3163 regnum
3362 3093 3460 3149 Dei

1878 3178 2215 3248 possidebunt
2243 3180 2310 3243 ⁸ο,
2347 3196 2519 3249 eaque
2546 3181 2612 3236 de
2657 3196 2842 3245 causa,
2881 3183 2959 3237 uti
3004 3199 3165 3254 sazpe,
3199 3195 3253 3239 et
3303 3203 3453 3241 nunc

1880 3273 2246 3341 pratmuniens
2277 3273 2453 3336 edico,
2515 3289 2583 3328 ne
2614 3274 2735 3342 quis
2768 3275 3052 3334 solitarius
3108 3279 3317 3349 degito,
3349 3296 3455 3335 neu

1879 3361 2074 3428 supine
2118 3359 2306 3427 fet-tor,
2342 3377 2444 3415 neu
2487 3377 2681 3417 aurum
2731 3365 2934 3434 cogito,
2989 3383 3092 3422 neu
3124 3383 3342 3424 servum
3377 3379 3460 3424 te-

1881 3461 2025 3516 neto,
2057 3466 2158 3505 neu
2187 3469 2410 3522 equum,
2450 3470 2555 3510 neu
2581 3452 2773 3511 bovem
2803 3456 2955 3522 alito,
3003 3473 3106 3513 neu
3135 3461 3264 3529 quid
3309 3463 3454 3518 aliud

1881 3551 2115 3598 tractato
2172 3544 2308 3598 citra
2367 3548 2765 3614 persecutionis
2819 3565 3089 3614 normam,
3149 3553 3290 3607 unde
3329 3571 3454 3624 gra-

1882 3636 2034 3690 viora
2067 3677 2080 3701 ,
2117 3646 2172 3692 et
2207 3638 2478 3693 atrociora
2519 3638 2759 3695 facinora
2796 3654 3038 3697 manent.
3070 3641 3308 3699 Tametsi
3331 3660 3454 3701 sunt

1881 3743 1912 3780 e
1943 3729 2097 3783 vobis
2137 3730 2229 3798 qui
2288 3740 2480 3786 contra
2534 3747 2718 3786 verum
2774 3735 3052 3790 obstinate
3102 3737 3455 3799 contenditis.

1882 3837 2112 3890 quorum
2139 3838 2167 3875 a
2201 3823 2466 3892 sanguine
2490 3839 2609 3878 sum
2641 3825 2849 3890 insons;
2876 3841 3053 3896 neque
3069 3827 3210 3881 enim
3241 3829 3459 3885 subter-

1883 3913 1994 3985 fugi
2023 3915 2153 3984 qztin
2190 3915 2432 3969 divinum
2463 3915 2555 3986 jus
2584 3917 2878 3982 edicerem,
2923 3933 3026 3974 nec
3079 3922 3272 3975 reticui
3329 3938 3460 3976 ven-

1885 4015 2064 4060 turum
2097 4008 2463 4078 immorigeris
2513 4025 2722 4064 ensem.
2780 4013 2860 4064 An
2904 4011 3188 4067 irritamus
3244 4013 3461 4068 Deum?

1887 4113 2016 4151 num
2047 4100 2296 4152 fortiores
2333 4115 2398 4152 eo
2445 4101 2681 4154 sumus?
2711 4101 2829 4155 Jam
2881 4117 3011 4155 vero
3068 4112 3118 4157 et
3158 4105 3357 4158 securis
3388 4108 3456 4159 ad

1882 4189 2114 4241 radicem
2142 4188 2390 4243 arborum
2424 4191 2598 4260 posita
2651 4200 2753 4246 est.
2796 4190 2976 4246 Omnis
3004 4210 3127 4264 ergo
3154 4195 3313 4247 arbor
3343 4213 3459 4265 quw

1883 4297 1986 4333 non
2017 4281 2144 4350 facit
2180 4280 2415 4350 fructum
2451 4283 2640 4335 bonum
2689 4284 3042 4348 exscinditur,
3098 4294 3148 4338 et
3178 4287 3232 4338 in
3283 4287 3452 4353 ignem

1886 4372 2123 4425 mittitur
2143 4372 2210 4425 δι.
2243 4371 2360 4426 Νοη
2390 4373 2699 4441 exemplum
2751 4376 2976 4439 timetis,
3004 4391 3110 4429 non
3157 4377 3335 4432 minas
3365 4393 3461 4434 ex-

209 4473 532 4529 surgamus;
581 4461 668 4514 sin
721 4461 1138 4528 obdormiimus,
1189 4474 1245 4518 at
1285 4480 1502 4520 rursum
1550 4465 1775 4534 evigile-
1809 4482 1853 4538 ι)
1884 4463 2248 4519 horrescitis?
2301 4480 2408 4519 non
2459 4475 2691 4520 mortem
2749 4466 2981 4536 pavetis,
3024 4483 3148 4537 qua:
3195 4460 3321 4524 mox
3363 4470 3462 4525 ob.

210 4565 342 4613 tuus,
367 4555 474 4608 vim
513 4552 821 4609 inferamus
859 4564 1084 4619 naturae,
1117 4557 1356 4611 membra
1403 4558 1520 4614 haec.
1562 4567 1774 4612 terrena

210 4643 532 4707 perimamus
559 4687 574 4712 ,
637 4644 863 4700 virtutes
905 4646 1288 4714 acquiramus,
1333 4648 1477 4718 (qua:
1523 4649 1774 4719 equidem

211 4735 331 4789 mihi
385 4752 612 4808 quoque
651 4737 827 4803 edico,
885 4739 1092 4793 obsitus
1122 4749 1175 4792 et
1227 4742 1341 4811 ipse
1386 4741 1776 4806 imbecillitate,

213 4833 264 4875 ut
292 4829 474 4884 eadem
507 4829 792 4883 vobiscum
850 4840 1042 4884 natura
1086 4833 1367 4902 praeditus)
1408 4849 1516 4902 quo
1565 4835 1778 4888 sincere

210 4929 406 4984 omnes,
439 4933 495 4976 et
521 4923 770 4976 insontes
804 4922 930 4977 hinc
993 4925 1244 4993 profecti,
1292 4940 1586 4995 perennem
1615 4928 1774 4981 vitam

213 5019 605 5081 consequamur
641 5029 734 5082 per
783 5013 1057 5069 Christum
1112 5015 1300 5071 Jesum
1360 5015 1650 5072 Dominum
1685 5031 1784 5072 no-

213 5109 390 5157 strum.
431 5107 530 5162 Cui
559 5107 732 5175 gloria
765 5117 818 5160 et
847 5107 1132 5175 imperium
1159 5124 1284 5162 cum
1311 5107 1488 5173 Patre,
1514 5124 1576 5164 ac
1597 5119 1785 5162 sancto

217 5187 429 5261 Spiritu,
475 5214 626 5253 nunc
660 5207 716 5253 et
747 5213 986 5270 semper,
1045 5200 1103 5255 in
1138 5216 1467 5271 omnemque
1512 5199 1785 5271 perpetui-

219 5291 385 5344 tatem.
413 5295 615 5346 Amen.

804 5383 1036 5440 SERMO
1070 5385 1198 5441 Clll.

295 5471 364 5528 De
401 5476 597 5532 divinis
625 5480 969 5550 exsequendis
996 5481 1293 5548 prceceptis,
1340 5496 1402 5533 ac
1431 5479 1596 5550 justis
1631 5483 1686 5534 in

736 5549 1048 5619 negligentes
1085 5551 1261 5604 minis.

282 5632 486 5698 Fratres
543 5641 869 5711 Patresque,
913 5644 1134 5696 molitor
1188 5644 1328 5698 Deus
1388 5646 1478 5714 qui
1526 5662 1554 5699 e
1600 5645 1773 5698 nihilo

284 5750 322 5782 ³³
353 5754 512 5814 Matth
571 5771 768 5821 xxvrtt,
807 5759 897 5820 9.0,
973 5759 1014 5791 ³³
1052 5759 1238 5813 Matth.
1280 5776 1331 5825 v,
1365 5761 1453 5814 44.

1534 5765 1576 5792 "°
1602 5765 1620 5814 ι
1648 5763 1772 5819 (ἶοτ.
1820 5783 1891 5833 vt,
1927 5769 2011 5822 10.

1876 4558 2051 4611 euuda
2079 4566 2162 4612 est
2191 4557 2214 4610 ?

1952 4648 2053 4714 Qui
2084 4649 2371 4706 horribiles
2412 4650 2636 4720 angelos
2664 4659 2914 4705 tueamur
2938 4689 2954 4713 ,
2985 4651 3240 4708 eductum
3292 4670 3393 4710 nos
3422 4670 3452 4711 e

1885 4751 2115 4806 corpore
2143 4740 2424 4792 venientes
2460 4754 2474 4803 ;
2507 4739 2598 4806 qui
2624 4737 2841 4808 longum
2869 4738 2999 4792 illud
3025 4739 3461 4812 immensumque

1878 4831 1978 4886 iter
2002 4844 2379 4900 peragremus,
2402 4830 2603 4884 viatico
2627 4845 2733 4884 non
2762 4830 3054 4884 instructi?
3075 4833 3168 4902 qui
3196 4832 3455 4891 tribunali

1879 4921 2141 4975 sistamur
2189 4920 2436 4984 Christi,
2491 4919 2580 4974 cui
2651 4921 3097 4992 eongenulabunt
3176 4927 3453 4991 universi,

1881 5023 2199 5082 cunctteque
2254 5013 2443 5067 laudes
2482 5013 2713 5070 ollereut
2759 5017 2996 5086 linguae,
3045 5017 3249 5074 fmdam
3319 5035 3456 5074 con-

1882 5107 2170 5160 scientiam
2199 5115 2444 5161 tenentes
2468 5108 2490 5159 ?
2510 5105 2578 5162 Ut
2613 5108 2848 5176 ablegari
2877 5111 2949 5165 sit
2981 5127 3203 5168 necesse
3236 5113 3325 5167 ubi
3352 5131 3456 5168 non

1883 5194 2249 5264 exstinguitur
2284 5193 2426 5263 ignis
2447 5235 2462 5257 ,
2495 5211 2604 5249 non
2635 5197 2866 5251 moritur
2887 5201 3116 5263 vermis;
3154 5201 3242 5254 ubi
3279 5202 3456 5265 fletus,

1887 5301 1952 5340 ac
1987 5286 2233 5341 dentium
2272 5288 2478 5341 stridor
2507 5289 2760 5355 agitatur,
2795 5289 2940 5358 quod
2977 5305 3044 5344 ne
3070 5292 3322 5358 accidat,
3350 5293 3458 5346 fra-

1879 5388 2012 5440 tres,
2042 5379 2185 5448 agite
2215 5378 2582 5434 venerabundi
2617 5380 3023 5449 illacrymcmur
3045 5385 3294 5438 clementi
3327 5385 3454 5450 Deo,

1875 5480 1928 5523 et
1959 5485 2082 5523 eum
2129 5484 2312 5523 coram
2345 5482 2752 5540 praevertamus,
2787 5471 3151 5538 confessione,
3186 5477 3456 5544 precibus,

1881 5563 2320 5632 compunctioue,
2380 5563 2657 5633 lacrymis,
2689 5565 2990 5634 supplicio,
3021 5566 3254 5634 jejunio,
3288 5573 3449 5623 casti-

1875 5663 2021 5716 tate,
2073 5654 2220 5706 onmi
2281 5655 2542 5722 praeclara
2597 5656 2887 5713 functione.
2935 5656 3224 5716 Enimvero
3288 5662 3332 5717 is
3374 5671 3458 5715 est

2090 5769 2132 5800 ¹⁵¹
2165 5768 2356 5831 Matth,
2387 5786 2480 5830 vn,
2520 5770 2607 5836 19,
